|html|<div class="broadcast-blue"><strong>[Gen 9] OU is currently suspecting Tera Blast! For information on how to participate check out the <a href="https://www.smogon.com/tools/suspects/view/200">suspect thread</a>.</strong></div>
|j|☆JangarRifin
|j|☆KimanY105
|t:|1776114863
|gametype|singles
|player|p1|JangarRifin|265|1468
|player|p2|KimanY105|cress|1469
|gen|9
|tier|[Gen 9] OU
|rated|
|rule|HP Percentage Mod: HP is shown in percentages
|rule|Endless Battle Clause: Forcing endless battles is banned
|rule|Species Clause: Limit one of each Pokémon
|rule|OHKO Clause: OHKO moves are banned
|rule|Evasion Items Clause: Evasion items are banned
|rule|Evasion Moves Clause: Evasion moves are banned
|rule|Evasion Abilities Clause: Evasion abilities are banned
|rule|Sleep Moves Clause: Sleep-inducing moves are banned
|clearpoke
|poke|p1|Zamazenta-*|
|poke|p1|Dragapult, F|
|poke|p1|Slowking-Galar, F|
|poke|p1|Kyurem|
|poke|p1|Iron Moth|
|poke|p1|Great Tusk|
|poke|p2|Zamazenta-*|
|poke|p2|Salamence, M|
|poke|p2|Tyranitar, M|
|poke|p2|Excadrill, M|
|poke|p2|Iron Crown|
|poke|p2|Azumarill, F|
|teampreview
|inactive|Battle timer is ON: inactive players will automatically lose when time's up. (requested by JangarRifin)
|
|t:|1776114878
|teamsize|p1|6
|teamsize|p2|6
|start
|switch|p1a: Slowking|Slowking-Galar, F|100/100
|switch|p2a: Iron Crown|Iron Crown|100/100
|turn|1
|
|t:|1776114886
|move|p2a: Iron Crown|Volt Switch|p1a: Slowking
|-damage|p1a: Slowking|87/100
|
|t:|1776114889
|-end|p2a: Iron Crown|Quark Drive|[silent]
|switch|p2a: Salamence|Salamence, M|100/100|[from] Volt Switch
|-ability|p2a: Salamence|Intimidate|boost
|-unboost|p1a: Slowking|atk|1
|move|p1a: Slowking|Toxic Spikes|p2a: Salamence
|-sidestart|p2: KimanY105|move: Toxic Spikes
|
|upkeep
|turn|2
|
|t:|1776114896
|switch|p1a: Great Tusk|Great Tusk|100/100
|move|p2a: Salamence|Air Slash|p1a: Great Tusk
|-supereffective|p1a: Great Tusk
|-damage|p1a: Great Tusk|0 fnt
|faint|p1a: Great Tusk
|-end|p1a: Great Tusk|Protosynthesis|[silent]
|
|upkeep
|
|t:|1776114904
|switch|p1a: Zamazenta|Zamazenta|100/100
|-ability|p1a: Zamazenta|Dauntless Shield|boost
|-boost|p1a: Zamazenta|def|1
|turn|3
|
|t:|1776114907
|move|p1a: Zamazenta|Ice Fang|p2a: Salamence
|-supereffective|p2a: Salamence
|-damage|p2a: Salamence|0 fnt
|faint|p2a: Salamence
|-damage|p1a: Zamazenta|91/100|[from] item: Life Orb
|
|upkeep
|
|t:|1776114912
|switch|p2a: Iron Crown|Iron Crown|100/100
|turn|4
|
|t:|1776114919
|move|p2a: Iron Crown|Psychic Noise|p1a: Zamazenta
|-supereffective|p1a: Zamazenta
|-damage|p1a: Zamazenta|20/100
|-start|p1a: Zamazenta|move: Heal Block
|move|p1a: Zamazenta|Crunch|p2a: Iron Crown
|-supereffective|p2a: Iron Crown
|-damage|p2a: Iron Crown|20/100
|-damage|p1a: Zamazenta|11/100|[from] item: Life Orb
|
|upkeep
|turn|5
|
|t:|1776114935
|switch|p1a: Kyurem|Kyurem|100/100
|-ability|p1a: Kyurem|Pressure
|move|p2a: Iron Crown|Psychic Noise|p1a: Kyurem
|-damage|p1a: Kyurem|78/100
|-start|p1a: Kyurem|move: Heal Block
|
|upkeep
|turn|6
|
|t:|1776114949
|-end|p2a: Iron Crown|Quark Drive|[silent]
|switch|p2a: Tyranitar|Tyranitar, M|100/100
|-status|p2a: Tyranitar|psn
|-weather|Sandstorm|[from] ability: Sand Stream|[of] p2a: Tyranitar
|switch|p1a: Slowking|Slowking-Galar, F|100/100
|
|-weather|Sandstorm|[upkeep]
|-damage|p1a: Slowking|94/100|[from] Sandstorm
|-damage|p2a: Tyranitar|88/100 psn|[from] psn
|upkeep
|turn|7
|
|t:|1776114962
|move|p2a: Tyranitar|Knock Off|p1a: Slowking
|-supereffective|p1a: Slowking
|-damage|p1a: Slowking|0 fnt
|-enditem|p1a: Slowking|Heavy-Duty Boots|[from] move: Knock Off|[of] p2a: Tyranitar
|faint|p1a: Slowking
|
|-weather|Sandstorm|[upkeep]
|-damage|p2a: Tyranitar|76/100 psn|[from] psn
|upkeep
|
|t:|1776114966
|switch|p1a: Zamazenta|Zamazenta|11/100
|turn|8
|
|t:|1776114974
|move|p1a: Zamazenta|Close Combat|p2a: Tyranitar
|-supereffective|p2a: Tyranitar
|-damage|p2a: Tyranitar|0 fnt
|-unboost|p1a: Zamazenta|def|1
|-unboost|p1a: Zamazenta|spd|1
|faint|p2a: Tyranitar
|-damage|p1a: Zamazenta|1/100|[from] item: Life Orb
|
|-weather|Sandstorm|[upkeep]
|-damage|p1a: Zamazenta|0 fnt|[from] Sandstorm
|faint|p1a: Zamazenta
|upkeep
|
|t:|1776114983
|switch|p1a: Dragapult|Dragapult, F|100/100
|switch|p2a: Excadrill|Excadrill, M|100/100
|-item|p2a: Excadrill|Air Balloon
|turn|9
|inactive|JangarRifin has 120 seconds left.
|
|t:|1776115030
|move|p2a: Excadrill|Earthquake|p1a: Dragapult
|-damage|p1a: Dragapult|22/100
|move|p1a: Dragapult|U-turn|p2a: Excadrill
|-resisted|p2a: Excadrill
|-damage|p2a: Excadrill|84/100
|-enditem|p2a: Excadrill|Air Balloon
|
|t:|1776115035
|switch|p1a: Kyurem|Kyurem|78/100|[from] U-turn
|-ability|p1a: Kyurem|Pressure
|
|-weather|Sandstorm|[upkeep]
|-damage|p1a: Kyurem|72/100|[from] Sandstorm
|upkeep
|turn|10
|
|t:|1776115042
|-terastallize|p1a: Kyurem|Fairy
|move|p2a: Excadrill|Rapid Spin|p1a: Kyurem
|-damage|p1a: Kyurem|56/100
|-boost|p2a: Excadrill|spe|1
|-sideend|p2: KimanY105|Toxic Spikes|[from] move: Rapid Spin|[of] p2a: Excadrill
|move|p1a: Kyurem|Earth Power|p2a: Excadrill
|-supereffective|p2a: Excadrill
|-damage|p2a: Excadrill|0 fnt
|faint|p2a: Excadrill
|
|-weather|none
|upkeep
|
|t:|1776115051
|switch|p2a: Iron Crown|Iron Crown|20/100
|turn|11
|
|t:|1776115057
|switch|p1a: Iron Moth|Iron Moth|100/100
|move|p2a: Iron Crown|Volt Switch|p1a: Iron Moth
|-damage|p1a: Iron Moth|74/100
|
|t:|1776115063
|-end|p2a: Iron Crown|Quark Drive|[silent]
|switch|p2a: Azumarill|Azumarill, F|100/100|[from] Volt Switch
|
|upkeep
|turn|12
|
|t:|1776115069
|-terastallize|p2a: Azumarill|Ground
|move|p1a: Iron Moth|Energy Ball|p2a: Azumarill
|-supereffective|p2a: Azumarill
|-damage|p2a: Azumarill|0 fnt
|faint|p2a: Azumarill
|
|upkeep
|
|t:|1776115075
|switch|p2a: Iron Crown|Iron Crown|20/100
|turn|13
|
|t:|1776115084
|-end|p1a: Iron Moth|Quark Drive|[silent]
|switch|p1a: Dragapult|Dragapult, F|22/100
|move|p2a: Iron Crown|Psychic Noise|p1a: Dragapult
|-damage|p1a: Dragapult|0 fnt
|faint|p1a: Dragapult
|
|upkeep
|
|t:|1776115094
|switch|p1a: Kyurem|Kyurem, tera:Fairy|56/100
|-ability|p1a: Kyurem|Pressure
|turn|14
|
|t:|1776115105
|move|p2a: Iron Crown|Psychic Noise|p1a: Kyurem
|-damage|p1a: Kyurem|31/100
|-start|p1a: Kyurem|move: Heal Block
|move|p1a: Kyurem|Earth Power|p2a: Iron Crown
|-supereffective|p2a: Iron Crown
|-damage|p2a: Iron Crown|0 fnt
|faint|p2a: Iron Crown
|-end|p2a: Iron Crown|Quark Drive|[silent]
|
|upkeep
|
|t:|1776115109
|switch|p2a: Zamazenta|Zamazenta|100/100
|-ability|p2a: Zamazenta|Dauntless Shield|boost
|-boost|p2a: Zamazenta|def|1
|turn|15
|
|t:|1776115114
|move|p2a: Zamazenta|Heavy Slam|p1a: Kyurem
|-supereffective|p1a: Kyurem
|-damage|p1a: Kyurem|1/100
|-damage|p2a: Zamazenta|91/100|[from] item: Life Orb
|move|p1a: Kyurem|Tera Blast|p2a: Zamazenta|[anim] Tera Blast Fairy
|-supereffective|p2a: Zamazenta
|-damage|p2a: Zamazenta|13/100
|
|-end|p1a: Kyurem|move: Heal Block
|upkeep
|turn|16
|
|t:|1776115119
|move|p2a: Zamazenta|Heavy Slam|p1a: Kyurem
|-supereffective|p1a: Kyurem
|-damage|p1a: Kyurem|0 fnt
|faint|p1a: Kyurem
|-damage|p2a: Zamazenta|3/100|[from] item: Life Orb
|
|upkeep
|
|t:|1776115122
|switch|p1a: Iron Moth|Iron Moth|74/100
|turn|17
|
|t:|1776115128
|move|p2a: Zamazenta|Stone Edge|p1a: Iron Moth
|-supereffective|p1a: Iron Moth
|-damage|p1a: Iron Moth|0 fnt
|faint|p1a: Iron Moth
|-end|p1a: Iron Moth|Quark Drive|[silent]
|-damage|p2a: Zamazenta|0 fnt|[from] item: Life Orb
|faint|p2a: Zamazenta
|
|win|KimanY105
|raw|JangarRifin's rating: 1468 &rarr; <strong>1448</strong><br />(-20 for losing)
|raw|KimanY105's rating: 1469 &rarr; <strong>1489</strong><br />(+20 for winning)
|l|☆JangarRifin
|player|p1|
|l|☆KimanY105
|player|p2|
