|html|<div class="broadcast-blue"><strong>[Gen 9] OU is currently suspecting Tera Blast! For information on how to participate check out the <a href="https://www.smogon.com/tools/suspects/view/200">suspect thread</a>.</strong></div>
|j|☆ulovo
|j|☆mona1234
|t:|1776100810
|gametype|singles
|player|p1|ulovo|roxie|1266
|player|p2|mona1234|169|1281
|gen|9
|tier|[Gen 9] OU
|rated|
|rule|HP Percentage Mod: HP is shown in percentages
|rule|Endless Battle Clause: Forcing endless battles is banned
|rule|Species Clause: Limit one of each Pokémon
|rule|OHKO Clause: OHKO moves are banned
|rule|Evasion Items Clause: Evasion items are banned
|rule|Evasion Moves Clause: Evasion moves are banned
|rule|Evasion Abilities Clause: Evasion abilities are banned
|rule|Sleep Moves Clause: Sleep-inducing moves are banned
|clearpoke
|poke|p1|Dragapult, M|
|poke|p1|Great Tusk|
|poke|p1|Landorus-Therian, M|
|poke|p1|Garganacl, F|
|poke|p1|Heatran, M|
|poke|p1|Primarina, F|
|poke|p2|Alomomola, F|
|poke|p2|Gholdengo|
|poke|p2|Cinderace, M|
|poke|p2|Iron Crown|
|poke|p2|Zapdos|
|poke|p2|Ogerpon-Wellspring, F|
|teampreview
|inactive|Battle timer is ON: inactive players will automatically lose when time's up. (requested by ulovo)
|
|t:|1776100835
|teamsize|p1|6
|teamsize|p2|6
|start
|switch|p1a: Landorus|Landorus-Therian, M|100/100
|switch|p2a: Gholdengo|Gholdengo|100/100
|-ability|p1a: Landorus|Intimidate|boost
|-unboost|p2a: Gholdengo|atk|1
|turn|1
|
|t:|1776100849
|switch|p2a: Alomomola|Alomomola, F|100/100
|move|p1a: Landorus|Earthquake|p2a: Alomomola
|-damage|p2a: Alomomola|68/100
|
|upkeep
|turn|2
|
|t:|1776100872
|switch|p1a: Primarina|Primarina, F|100/100
|move|p2a: Alomomola|Flip Turn|p1a: Primarina
|-resisted|p1a: Primarina
|-damage|p1a: Primarina|91/100
|
|t:|1776100880
|switch|p2a: Ogerpon|Ogerpon-Wellspring, F|100/100|[from] Flip Turn
|
|upkeep
|turn|3
|
|t:|1776100890
|switch|p1a: Heatran|Heatran, M|100/100
|-item|p1a: Heatran|Air Balloon
|move|p2a: Ogerpon|Swords Dance|p2a: Ogerpon
|-boost|p2a: Ogerpon|atk|2
|
|upkeep
|turn|4
|
|t:|1776100905
|move|p2a: Ogerpon|Ivy Cudgel|p1a: Heatran|[anim] Ivy Cudgel Water
|-supereffective|p1a: Heatran
|-damage|p1a: Heatran|0 fnt
|-enditem|p1a: Heatran|Air Balloon
|faint|p1a: Heatran
|
|upkeep
|
|t:|1776100915
|switch|p1a: Dragapult|Dragapult, M|100/100
|turn|5
|
|t:|1776100919
|switch|p2a: Alomomola|Alomomola, F|100/100
|move|p1a: Dragapult|U-turn|p2a: Alomomola
|-damage|p2a: Alomomola|82/100
|-damage|p1a: Dragapult|84/100|[from] item: Rocky Helmet|[of] p2a: Alomomola
|
|t:|1776100922
|switch|p1a: Garganacl|Garganacl, F|100/100|[from] U-turn
|
|upkeep
|turn|6
|
|t:|1776100928
|move|p2a: Alomomola|Flip Turn|p1a: Garganacl
|-supereffective|p1a: Garganacl
|-damage|p1a: Garganacl|84/100
|
|t:|1776100932
|switch|p2a: Iron Crown|Iron Crown|100/100|[from] Flip Turn
|move|p1a: Garganacl|Salt Cure|p2a: Iron Crown
|-resisted|p2a: Iron Crown
|-damage|p2a: Iron Crown|94/100
|-start|p2a: Iron Crown|Salt Cure
|
|-heal|p1a: Garganacl|90/100|[from] item: Leftovers
|-damage|p2a: Iron Crown|69/100|[from] Salt Cure
|upkeep
|turn|7
|
|t:|1776100943
|-terastallize|p1a: Garganacl|Water
|move|p2a: Iron Crown|Psychic|p1a: Garganacl
|-damage|p1a: Garganacl|48/100
|move|p1a: Garganacl|Iron Defense|p1a: Garganacl
|-boost|p1a: Garganacl|def|2
|
|-heal|p1a: Garganacl|54/100|[from] item: Leftovers
|-damage|p2a: Iron Crown|44/100|[from] Salt Cure
|upkeep
|turn|8
|
|t:|1776100950
|move|p2a: Iron Crown|Volt Switch|p1a: Garganacl
|-supereffective|p1a: Garganacl
|-damage|p1a: Garganacl|12/100
|
|t:|1776100958
|-end|p2a: Iron Crown|Quark Drive|[silent]
|switch|p2a: Gholdengo|Gholdengo|100/100|[from] Volt Switch
|move|p1a: Garganacl|Recover|p1a: Garganacl
|-heal|p1a: Garganacl|62/100
|
|-heal|p1a: Garganacl|68/100|[from] item: Leftovers
|upkeep
|turn|9
|
|t:|1776100971
|switch|p1a: Landorus|Landorus-Therian, M|100/100
|-ability|p1a: Landorus|Intimidate|boost
|-unboost|p2a: Gholdengo|atk|1
|move|p2a: Gholdengo|Trick|p1a: Landorus
|-activate|p2a: Gholdengo|move: Trick|[of] p1a: Landorus
|-item|p1a: Landorus|Choice Scarf|[from] move: Trick
|-item|p2a: Gholdengo|Choice Scarf|[from] move: Trick
|
|upkeep
|turn|10
|
|t:|1776100995
|move|p2a: Gholdengo|Shadow Ball|p1a: Landorus
|-damage|p1a: Landorus|47/100
|-unboost|p1a: Landorus|spd|1
|move|p1a: Landorus|Earthquake|p2a: Gholdengo
|-supereffective|p2a: Gholdengo
|-damage|p2a: Gholdengo|0 fnt
|faint|p2a: Gholdengo
|
|upkeep
|
|t:|1776101001
|switch|p2a: Ogerpon|Ogerpon-Wellspring, F|100/100
|turn|11
|
|t:|1776101014
|switch|p1a: Dragapult|Dragapult, M|84/100
|move|p2a: Ogerpon|Swords Dance|p2a: Ogerpon
|-boost|p2a: Ogerpon|atk|2
|
|upkeep
|turn|12
|
|t:|1776101017
|move|p1a: Dragapult|U-turn|p2a: Ogerpon
|-supereffective|p2a: Ogerpon
|-damage|p2a: Ogerpon|15/100
|
|t:|1776101021
|switch|p1a: Garganacl|Garganacl, F, tera:Water|68/100|[from] U-turn
|move|p2a: Ogerpon|Ivy Cudgel|p1a: Garganacl|[anim] Ivy Cudgel Water
|-resisted|p1a: Garganacl
|-damage|p1a: Garganacl|37/100
|
|-heal|p1a: Garganacl|43/100|[from] item: Leftovers
|upkeep
|turn|13
|
|t:|1776101030
|switch|p1a: Landorus|Landorus-Therian, M|47/100
|-ability|p1a: Landorus|Intimidate|boost
|-unboost|p2a: Ogerpon|atk|1
|move|p2a: Ogerpon|Wood Hammer|p1a: Landorus
|-damage|p1a: Landorus|0 fnt
|faint|p1a: Landorus
|-damage|p2a: Ogerpon|0 fnt|[from] Recoil
|faint|p2a: Ogerpon
|
|upkeep
|
|t:|1776101047
|switch|p2a: Alomomola|Alomomola, F|100/100
|switch|p1a: Primarina|Primarina, F|91/100
|turn|14
|
|t:|1776101054
|move|p2a: Alomomola|Wish|p2a: Alomomola
|move|p1a: Primarina|Moonblast|p2a: Alomomola
|-damage|p2a: Alomomola|51/100
|-unboost|p2a: Alomomola|spa|1
|
|upkeep
|turn|15
|
|t:|1776101060
|move|p2a: Alomomola|Flip Turn|p1a: Primarina
|-resisted|p1a: Primarina
|-crit|p1a: Primarina
|-damage|p1a: Primarina|77/100
|
|t:|1776101062
|switch|p2a: Iron Crown|Iron Crown|44/100|[from] Flip Turn
|move|p1a: Primarina|Psychic Noise|p2a: Iron Crown
|-damage|p2a: Iron Crown|29/100
|-start|p2a: Iron Crown|move: Heal Block
|
|upkeep
|turn|16
|c|☆mona1234|Damn
|c|☆mona1234|That blocks wish?
|
|t:|1776101085
|move|p2a: Iron Crown|Tachyon Cutter|p1a: Primarina
|-damage|p1a: Primarina|66/100
|-damage|p1a: Primarina|55/100
|-hitcount|p1a: Primarina|2
|move|p1a: Primarina|Whirlpool|p2a: Iron Crown
|-damage|p2a: Iron Crown|22/100
|-activate|p2a: Iron Crown|move: Whirlpool|[of] p1a: Primarina
|
|-damage|p2a: Iron Crown|9/100|[from] move: Whirlpool|[partiallytrapped]
|-end|p2a: Iron Crown|move: Heal Block
|upkeep
|turn|17
|
|t:|1776101091
|move|p2a: Iron Crown|Volt Switch|p1a: Primarina
|-supereffective|p1a: Primarina
|-damage|p1a: Primarina|34/100
|
|t:|1776101094
|-end|p2a: Iron Crown|Quark Drive|[silent]
|switch|p2a: Zapdos|Zapdos|100/100|[from] Volt Switch
|move|p1a: Primarina|Flip Turn|p2a: Zapdos
|-damage|p2a: Zapdos|83/100
|-status|p1a: Primarina|par|[from] ability: Static|[of] p2a: Zapdos
|
|t:|1776101111
|switch|p1a: Dragapult|Dragapult, M|84/100|[from] Flip Turn
|
|upkeep
|turn|18
|
|t:|1776101118
|switch|p2a: Alomomola|Alomomola, F|84/100
|move|p1a: Dragapult|Dragon Darts|p2a: Alomomola
|-damage|p2a: Alomomola|64/100
|-anim|p1a: Dragapult|Dragon Darts|p2a: Alomomola
|-damage|p2a: Alomomola|44/100
|
|upkeep
|turn|19
|c|☆ulovo|yup
|
|t:|1776101146
|move|p1a: Dragapult|Dragon Darts|p2a: Alomomola
|-damage|p2a: Alomomola|26/100
|-anim|p1a: Dragapult|Dragon Darts|p2a: Alomomola
|-damage|p2a: Alomomola|6/100
|move|p2a: Alomomola|Wish|p2a: Alomomola
|
|upkeep
|turn|20
|inactive|ulovo has 120 seconds left.
|
|t:|1776101170
|switch|p1a: Primarina|Primarina, F|34/100 par
|move|p2a: Alomomola|Protect||[still]
|-fail|p2a: Alomomola
|
|-heal|p2a: Alomomola|56/100|[from] move: Wish|[wisher] Alomomola
|upkeep
|turn|21
|inactive|ulovo has 120 seconds left.
|
|t:|1776101180
|move|p2a: Alomomola|Wish|p2a: Alomomola
|move|p1a: Primarina|Psychic Noise|p2a: Alomomola
|-resisted|p2a: Alomomola
|-damage|p2a: Alomomola|36/100
|-start|p2a: Alomomola|move: Heal Block
|
|upkeep
|turn|22
|
|t:|1776101186
|move|p2a: Alomomola|Flip Turn|p1a: Primarina
|-resisted|p1a: Primarina
|-damage|p1a: Primarina|24/100 par
|
|t:|1776101189
|switch|p2a: Zapdos|Zapdos|83/100|[from] Flip Turn
|move|p1a: Primarina|Psychic Noise|p2a: Zapdos
|-damage|p2a: Zapdos|55/100
|-start|p2a: Zapdos|move: Heal Block
|
|upkeep
|turn|23
|
|t:|1776101207
|switch|p1a: Great Tusk|Great Tusk|100/100
|move|p2a: Zapdos|Hurricane|p1a: Great Tusk|[miss]
|-miss|p2a: Zapdos|p1a: Great Tusk
|
|-end|p2a: Zapdos|move: Heal Block
|upkeep
|turn|24
|inactive|ulovo has 120 seconds left.
|
|t:|1776101231
|move|p2a: Zapdos|Roost|p2a: Zapdos
|-heal|p2a: Zapdos|100/100
|-singleturn|p2a: Zapdos|move: Roost
|move|p1a: Great Tusk|Ice Spinner|p2a: Zapdos
|-damage|p2a: Zapdos|69/100
|
|upkeep
|turn|25
|
|t:|1776101239
|-end|p1a: Great Tusk|Protosynthesis|[silent]
|switch|p1a: Garganacl|Garganacl, F, tera:Water|43/100
|move|p2a: Zapdos|Hurricane|p1a: Garganacl|[miss]
|-miss|p2a: Zapdos|p1a: Garganacl
|
|-heal|p1a: Garganacl|49/100|[from] item: Leftovers
|upkeep
|turn|26
|
|t:|1776101242
|move|p2a: Zapdos|Discharge|p1a: Garganacl
|-supereffective|p1a: Garganacl
|-damage|p1a: Garganacl|0 fnt
|faint|p1a: Garganacl
|
|upkeep
|
|t:|1776101245
|switch|p1a: Dragapult|Dragapult, M|84/100
|turn|27
|
|t:|1776101257
|switch|p2a: Iron Crown|Iron Crown|9/100
|move|p1a: Dragapult|Dragon Darts|p2a: Iron Crown
|-resisted|p2a: Iron Crown
|-damage|p2a: Iron Crown|0 fnt
|faint|p2a: Iron Crown
|-end|p2a: Iron Crown|Quark Drive|[silent]
|
|upkeep
|
|t:|1776101262
|switch|p2a: Cinderace|Cinderace, M|100/100
|turn|28
|
|t:|1776101267
|move|p1a: Dragapult|Dragon Darts|p2a: Cinderace
|-damage|p2a: Cinderace|45/100
|-anim|p1a: Dragapult|Dragon Darts|p2a: Cinderace
|-damage|p2a: Cinderace|0 fnt
|faint|p2a: Cinderace
|
|upkeep
|
|t:|1776101272
|switch|p2a: Alomomola|Alomomola, F|69/100
|turn|29
|
|t:|1776101278
|move|p1a: Dragapult|Dragon Darts|p2a: Alomomola
|-damage|p2a: Alomomola|48/100
|-anim|p1a: Dragapult|Dragon Darts|p2a: Alomomola
|-damage|p2a: Alomomola|27/100
|move|p2a: Alomomola|Wish|p2a: Alomomola
|
|upkeep
|turn|30
|c|☆mona1234|Band pult?
|
|t:|1776101294
|move|p2a: Alomomola|Protect|p2a: Alomomola
|-singleturn|p2a: Alomomola|Protect
|move|p1a: Dragapult|Dragon Darts|p2a: Alomomola
|-activate|p2a: Alomomola|move: Protect
|
|-heal|p2a: Alomomola|77/100|[from] move: Wish|[wisher] Alomomola
|upkeep
|turn|31
|
|t:|1776101303
|move|p1a: Dragapult|Dragon Darts|p2a: Alomomola
|-damage|p2a: Alomomola|59/100
|-anim|p1a: Dragapult|Dragon Darts|p2a: Alomomola
|-damage|p2a: Alomomola|39/100
|move|p2a: Alomomola|Scald|p1a: Dragapult
|-resisted|p1a: Dragapult
|-damage|p1a: Dragapult|76/100
|
|upkeep
|turn|32
|c|☆ulovo|yup
|
|t:|1776101319
|move|p1a: Dragapult|Dragon Darts|p2a: Alomomola
|-damage|p2a: Alomomola|21/100
|-anim|p1a: Dragapult|Dragon Darts|p2a: Alomomola
|-damage|p2a: Alomomola|1/100
|move|p2a: Alomomola|Wish|p2a: Alomomola
|
|upkeep
|turn|33
|c|☆ulovo|these are atrocious rolls
|inactive|ulovo has 120 seconds left.
|c|☆mona1234|Real
|
|t:|1776101349
|move|p2a: Alomomola|Protect|p2a: Alomomola
|-singleturn|p2a: Alomomola|Protect
|move|p1a: Dragapult|Dragon Darts|p2a: Alomomola
|-activate|p2a: Alomomola|move: Protect
|
|-heal|p2a: Alomomola|51/100|[from] move: Wish|[wisher] Alomomola
|upkeep
|turn|34
|
|t:|1776101354
|move|p1a: Dragapult|Dragon Darts|p2a: Alomomola
|-damage|p2a: Alomomola|32/100
|-anim|p1a: Dragapult|Dragon Darts|p2a: Alomomola
|-crit|p2a: Alomomola
|-damage|p2a: Alomomola|3/100
|move|p2a: Alomomola|Wish|p2a: Alomomola
|
|upkeep
|turn|35
|
|t:|1776101362
|switch|p1a: Primarina|Primarina, F|24/100 par
|move|p2a: Alomomola|Protect||[still]
|-fail|p2a: Alomomola
|
|-heal|p2a: Alomomola|53/100|[from] move: Wish|[wisher] Alomomola
|upkeep
|turn|36
|c|☆mona1234|I need some luck
|
|t:|1776101370
|move|p2a: Alomomola|Flip Turn|p1a: Primarina
|-resisted|p1a: Primarina
|-crit|p1a: Primarina
|-damage|p1a: Primarina|9/100 par
|
|t:|1776101373
|switch|p2a: Zapdos|Zapdos|69/100|[from] Flip Turn
|move|p1a: Primarina|Moonblast|p2a: Zapdos
|-damage|p2a: Zapdos|29/100
|
|upkeep
|turn|37
|
|t:|1776101378
|move|p2a: Zapdos|Roost|p2a: Zapdos
|-heal|p2a: Zapdos|79/100
|-singleturn|p2a: Zapdos|move: Roost
|move|p1a: Primarina|Moonblast|p2a: Zapdos
|-damage|p2a: Zapdos|41/100
|
|upkeep
|turn|38
|
|t:|1776101392
|move|p2a: Zapdos|Roost|p2a: Zapdos
|-heal|p2a: Zapdos|91/100
|-singleturn|p2a: Zapdos|move: Roost
|move|p1a: Primarina|Moonblast|p2a: Zapdos
|-damage|p2a: Zapdos|53/100
|
|upkeep
|turn|39
|
|t:|1776101396
|move|p2a: Zapdos|Roost|p2a: Zapdos
|-heal|p2a: Zapdos|100/100
|-singleturn|p2a: Zapdos|move: Roost
|move|p1a: Primarina|Moonblast|p2a: Zapdos
|-damage|p2a: Zapdos|58/100
|
|upkeep
|turn|40
|
|t:|1776101402
|move|p2a: Zapdos|Roost|p2a: Zapdos
|-heal|p2a: Zapdos|100/100
|-singleturn|p2a: Zapdos|move: Roost
|cant|p1a: Primarina|par
|
|upkeep
|turn|41
|
|t:|1776101405
|move|p2a: Zapdos|Discharge|p1a: Primarina
|-supereffective|p1a: Primarina
|-damage|p1a: Primarina|0 fnt
|faint|p1a: Primarina
|
|upkeep
|
|t:|1776101410
|switch|p1a: Dragapult|Dragapult, M|76/100
|turn|42
|
|t:|1776101416
|move|p1a: Dragapult|Dragon Darts|p2a: Zapdos
|-damage|p2a: Zapdos|60/100
|-anim|p1a: Dragapult|Dragon Darts|p2a: Zapdos
|-damage|p2a: Zapdos|23/100
|move|p2a: Zapdos|Discharge|p1a: Dragapult
|-resisted|p1a: Dragapult
|-damage|p1a: Dragapult|43/100
|-status|p1a: Dragapult|par
|
|upkeep
|turn|43
|c|☆ulovo|yikes
|c|☆mona1234|Nice
|
|t:|1776101429
|switch|p2a: Alomomola|Alomomola, F|86/100
|move|p1a: Dragapult|Dragon Darts|p2a: Alomomola
|-damage|p2a: Alomomola|66/100
|-anim|p1a: Dragapult|Dragon Darts|p2a: Alomomola
|-damage|p2a: Alomomola|46/100
|
|upkeep
|turn|44
|
|t:|1776101434
|move|p1a: Dragapult|Dragon Darts|p2a: Alomomola
|-damage|p2a: Alomomola|25/100
|-anim|p1a: Dragapult|Dragon Darts|p2a: Alomomola
|-damage|p2a: Alomomola|5/100
|move|p2a: Alomomola|Wish|p2a: Alomomola
|
|upkeep
|turn|45
|
|t:|1776101442
|switch|p1a: Great Tusk|Great Tusk|100/100
|move|p2a: Alomomola|Protect||[still]
|-fail|p2a: Alomomola
|
|-heal|p2a: Alomomola|55/100|[from] move: Wish|[wisher] Alomomola
|upkeep
|turn|46
|c|☆mona1234|Just no crit and i win
|
|t:|1776101452
|move|p1a: Great Tusk|Rapid Spin|p2a: Alomomola
|-damage|p2a: Alomomola|43/100
|-boost|p1a: Great Tusk|spe|1
|-damage|p1a: Great Tusk|84/100|[from] item: Rocky Helmet|[of] p2a: Alomomola
|move|p2a: Alomomola|Wish|p2a: Alomomola
|
|upkeep
|turn|47
|
|t:|1776101468
|move|p1a: Great Tusk|Rapid Spin|p2a: Alomomola
|-damage|p2a: Alomomola|33/100
|-boost|p1a: Great Tusk|spe|1
|-damage|p1a: Great Tusk|67/100|[from] item: Rocky Helmet|[of] p2a: Alomomola
|move|p2a: Alomomola|Scald|p1a: Great Tusk
|-supereffective|p1a: Great Tusk
|-damage|p1a: Great Tusk|24/100
|-status|p1a: Great Tusk|brn
|
|-heal|p2a: Alomomola|83/100|[from] move: Wish|[wisher] Alomomola
|-damage|p1a: Great Tusk|18/100 brn|[from] brn
|upkeep
|turn|48
|
|t:|1776101478
|move|p1a: Great Tusk|Close Combat|p2a: Alomomola
|-damage|p2a: Alomomola|65/100
|-unboost|p1a: Great Tusk|def|1
|-unboost|p1a: Great Tusk|spd|1
|-damage|p1a: Great Tusk|1/100 brn|[from] item: Rocky Helmet|[of] p2a: Alomomola
|move|p2a: Alomomola|Scald|p1a: Great Tusk
|-supereffective|p1a: Great Tusk
|-damage|p1a: Great Tusk|0 fnt
|faint|p1a: Great Tusk
|-end|p1a: Great Tusk|Protosynthesis|[silent]
|
|upkeep
|
|t:|1776101481
|switch|p1a: Dragapult|Dragapult, M|43/100 par
|turn|49
|c|☆mona1234|Gg
|
|t:|1776101494
|move|p1a: Dragapult|Dragon Darts|p2a: Alomomola
|-damage|p2a: Alomomola|45/100
|-anim|p1a: Dragapult|Dragon Darts|p2a: Alomomola
|-damage|p2a: Alomomola|24/100
|move|p2a: Alomomola|Wish|p2a: Alomomola
|
|upkeep
|turn|50
|
|t:|1776101501
|move|p2a: Alomomola|Protect|p2a: Alomomola
|-singleturn|p2a: Alomomola|Protect
|move|p1a: Dragapult|Dragon Darts|p2a: Alomomola
|-activate|p2a: Alomomola|move: Protect
|
|-heal|p2a: Alomomola|74/100|[from] move: Wish|[wisher] Alomomola
|upkeep
|turn|51
|
|t:|1776101506
|move|p1a: Dragapult|Dragon Darts|p2a: Alomomola
|-damage|p2a: Alomomola|53/100
|-anim|p1a: Dragapult|Dragon Darts|p2a: Alomomola
|-damage|p2a: Alomomola|32/100
|move|p2a: Alomomola|Wish|p2a: Alomomola
|
|upkeep
|turn|52
|c|☆ulovo|tg
|c|☆ulovo|gg
|c|☆ulovo|i hate this FUCKASS mola
|c|☆ulovo|is this max hp max def
|c|☆mona1234|WHAHAHAHHA
|c|☆mona1234|Hp def
|inactive|ulovo has 120 seconds left.
|c|☆ulovo|fml
|c|☆ulovo|gg
|
|t:|1776101543
|move|p2a: Alomomola|Protect|p2a: Alomomola
|-singleturn|p2a: Alomomola|Protect
|-activate|p1a: Dragapult|move: Struggle
|move|p1a: Dragapult|Struggle|p2a: Alomomola
|-activate|p2a: Alomomola|move: Protect
|
|-heal|p2a: Alomomola|82/100|[from] move: Wish|[wisher] Alomomola
|upkeep
|turn|53
|c|☆mona1234|Its my go to tusk and any phis mon
|
|t:|1776101552
|-activate|p1a: Dragapult|move: Struggle
|move|p1a: Dragapult|Struggle|p2a: Alomomola
|-damage|p2a: Alomomola|69/100
|-damage|p1a: Dragapult|27/100 par|[from] item: Rocky Helmet|[of] p2a: Alomomola
|-damage|p1a: Dragapult|2/100 par|[from] recoil
|move|p2a: Alomomola|Scald|p1a: Dragapult
|-resisted|p1a: Dragapult
|-damage|p1a: Dragapult|0 fnt
|faint|p1a: Dragapult
|
|win|mona1234
