|html|<div class="broadcast-blue"><strong>[Gen 9] OU is currently suspecting Tera Blast! For information on how to participate check out the <a href="https://www.smogon.com/tools/suspects/view/200">suspect thread</a>.</strong></div>
|j|☆mmadss
|j|☆lord rifle
|t:|1776285479
|gametype|singles
|player|p1|mmadss|101|1044
|player|p2|lord rifle|266|1000
|gen|9
|tier|[Gen 9] OU
|rated|
|rule|HP Percentage Mod: HP is shown in percentages
|rule|Endless Battle Clause: Forcing endless battles is banned
|rule|Species Clause: Limit one of each Pokémon
|rule|OHKO Clause: OHKO moves are banned
|rule|Evasion Items Clause: Evasion items are banned
|rule|Evasion Moves Clause: Evasion moves are banned
|rule|Evasion Abilities Clause: Evasion abilities are banned
|rule|Sleep Moves Clause: Sleep-inducing moves are banned
|clearpoke
|poke|p1|Smeargle, F|
|poke|p1|Talonflame, F|
|poke|p1|Azumarill, F|
|poke|p1|Clodsire, F|
|poke|p1|Mimikyu, M|
|poke|p1|Jirachi|
|poke|p2|Sandslash, M|
|poke|p2|Noctowl, F|
|poke|p2|Luxray, M|
|poke|p2|Shroomish, M|
|teampreview
|inactive|Battle timer is ON: inactive players will automatically lose when time's up. (requested by mmadss)
|
|t:|1776285493
|teamsize|p1|6
|teamsize|p2|4
|start
|switch|p1a: Smeargle|Smeargle, F|100/100
|switch|p2a: Shroomish|Shroomish, M|100/100
|turn|1
|
|t:|1776285508
|move|p1a: Smeargle|Substitute|p1a: Smeargle
|-start|p1a: Smeargle|Substitute
|-damage|p1a: Smeargle|76/100
|move|p2a: Shroomish|Drain Punch|p1a: Smeargle
|-supereffective|p1a: Smeargle
|-end|p1a: Smeargle|Substitute
|
|-heal|p1a: Smeargle|82/100|[from] item: Leftovers
|-status|p2a: Shroomish|tox|[from] item: Toxic Orb
|upkeep
|turn|2
|
|t:|1776285518
|switch|p1a: Clodsire|Clodsire, F|100/100
|-item|p1a: Clodsire|Air Balloon
|move|p2a: Shroomish|Drain Punch|p1a: Clodsire
|-resisted|p1a: Clodsire
|-damage|p1a: Clodsire|94/100
|-enditem|p1a: Clodsire|Air Balloon
|
|upkeep
|turn|3
|
|t:|1776285533
|-terastallize|p1a: Clodsire|Flying
|move|p2a: Shroomish|Leech Seed|p1a: Clodsire
|-start|p1a: Clodsire|move: Leech Seed
|move|p1a: Clodsire|Toxic Spikes|p2a: Shroomish
|-sidestart|p2: lord rifle|move: Toxic Spikes
|
|-damage|p1a: Clodsire|81/100|[from] Leech Seed|[of] p2a: Shroomish
|upkeep
|turn|4
|
|t:|1776285543
|move|p2a: Shroomish|Solar Beam||[still]
|-prepare|p2a: Shroomish|Solar Beam
|move|p1a: Clodsire|Gunk Shot|p2a: Shroomish|[miss]
|-miss|p1a: Clodsire|p2a: Shroomish
|
|-damage|p1a: Clodsire|69/100|[from] Leech Seed|[of] p2a: Shroomish
|upkeep
|turn|5
|
|t:|1776285550
|move|p2a: Shroomish|Solar Beam|p1a: Clodsire|[from] lockedmove
|-resisted|p1a: Clodsire
|-damage|p1a: Clodsire|61/100
|move|p1a: Clodsire|Gunk Shot|p2a: Shroomish
|-supereffective|p2a: Shroomish
|-damage|p2a: Shroomish|0 fnt
|faint|p2a: Shroomish
|
|upkeep
|
|t:|1776285563
|switch|p2a: Luxray|Luxray, M|100/100
|-status|p2a: Luxray|psn
|turn|6
|
|t:|1776285588
|switch|p1a: Jirachi|Jirachi|100/100
|-item|p1a: Jirachi|Air Balloon
|move|p2a: Luxray|Fake Tears|p1a: Jirachi
|-unboost|p1a: Jirachi|spd|2
|
|-damage|p2a: Luxray|88/100 psn|[from] psn
|upkeep
|turn|7
|inactive|lord rifle has 120 seconds left.
|
|t:|1776285632
|switch|p1a: Clodsire|Clodsire, F, tera:Flying|61/100
|move|p2a: Luxray|Thunder|p1a: Clodsire
|-supereffective|p1a: Clodsire
|-damage|p1a: Clodsire|18/100
|-status|p1a: Clodsire|par
|
|-damage|p2a: Luxray|76/100 psn|[from] psn
|upkeep
|turn|8
|-message|mmadss forfeited.
|
|win|lord rifle
|raw|mmadss's rating: 1044 &rarr; <strong>1025</strong><br />(-19 for losing)
|raw|lord rifle's rating: 1000 &rarr; <strong>1045</strong><br />(+45 for winning)
|l|☆mmadss
|player|p1|
