|html|<div class="broadcast-blue"><strong>[Gen 9] OU is currently suspecting Tera Blast! For information on how to participate check out the <a href="https://www.smogon.com/tools/suspects/view/200">suspect thread</a>.</strong></div>
|j|☆Zuifeng
|j|☆bahnmiking
|t:|1776069330
|gametype|singles
|player|p1|Zuifeng|li|1756
|player|p2|bahnmiking|bianca|1678
|gen|9
|tier|[Gen 9] OU
|rated|
|rule|HP Percentage Mod: HP is shown in percentages
|rule|Endless Battle Clause: Forcing endless battles is banned
|rule|Species Clause: Limit one of each Pokémon
|rule|OHKO Clause: OHKO moves are banned
|rule|Evasion Items Clause: Evasion items are banned
|rule|Evasion Moves Clause: Evasion moves are banned
|rule|Evasion Abilities Clause: Evasion abilities are banned
|rule|Sleep Moves Clause: Sleep-inducing moves are banned
|clearpoke
|poke|p1|Gholdengo|
|poke|p1|Hatterene, F|
|poke|p1|Samurott-Hisui, M|
|poke|p1|Great Tusk|
|poke|p1|Tornadus-Therian, M|
|poke|p1|Dragonite, F|
|poke|p2|Enamorus, F|
|poke|p2|Ogerpon-Wellspring, F|
|poke|p2|Zamazenta-*|
|poke|p2|Dragonite, M|
|poke|p2|Glimmora, M|
|poke|p2|Iron Moth|
|teampreview
|inactive|Battle timer is ON: inactive players will automatically lose when time's up. (requested by Zuifeng)
|j| Sprakenheit
|inactive|bahnmiking has 120 seconds left.
|inactive|Zuifeng has 120 seconds left.
|
|t:|1776069391
|teamsize|p1|6
|teamsize|p2|6
|start
|switch|p1a: Hatterene|Hatterene, F|100/100
|switch|p2a: Billions Must Cry|Ogerpon-Wellspring, F|100/100
|turn|1
|
|t:|1776069419
|switch|p1a: Tornadus|Tornadus-Therian, M|100/100
|move|p2a: Billions Must Cry|U-turn|p1a: Tornadus
|-resisted|p1a: Tornadus
|-damage|p1a: Tornadus|86/100
|inactive|bahnmiking has 120 seconds left.
|
|t:|1776069464
|switch|p2a: Billions Must Shy|Glimmora, M|100/100|[from] U-turn
|
|upkeep
|turn|2
|inactive|Zuifeng has 120 seconds left.
|
|t:|1776069486
|switch|p1a: Gholdengo|Gholdengo|100/100
|move|p2a: Billions Must Shy|Mortal Spin|p1a: Gholdengo
|-immune|p1a: Gholdengo
|
|upkeep
|turn|3
|
|t:|1776069492
|switch|p1a: Hatterene|Hatterene, F|100/100
|move|p2a: Billions Must Shy|Earth Power|p1a: Hatterene
|-damage|p1a: Hatterene|69/100
|
|upkeep
|turn|4
|
|t:|1776069500
|move|p2a: Billions Must Shy|Power Gem|p1a: Hatterene
|-damage|p1a: Hatterene|22/100
|move|p1a: Hatterene|Pain Split|p2a: Billions Must Shy
|-sethp|p2a: Billions Must Shy|61/100|[from] move: Pain Split|[silent]
|-sethp|p1a: Hatterene|59/100|[from] move: Pain Split
|
|upkeep
|turn|5
|inactive|bahnmiking has 120 seconds left.
|
|t:|1776069528
|switch|p2a: Billions Must Cry|Ogerpon-Wellspring, F|100/100
|switch|p1a: Gholdengo|Gholdengo|100/100
|
|upkeep
|turn|6
|
|t:|1776069542
|move|p1a: Gholdengo|Shadow Ball|p2a: Billions Must Cry
|-damage|p2a: Billions Must Cry|50/100
|move|p2a: Billions Must Cry|Knock Off|p1a: Gholdengo
|-supereffective|p1a: Gholdengo
|-damage|p1a: Gholdengo|20/100
|-enditem|p1a: Gholdengo|Choice Scarf|[from] move: Knock Off|[of] p2a: Billions Must Cry
|
|upkeep
|turn|7
|
|t:|1776069553
|move|p2a: Billions Must Cry|Ivy Cudgel|p1a: Gholdengo|[anim] Ivy Cudgel Water
|-crit|p1a: Gholdengo
|-damage|p1a: Gholdengo|0 fnt
|faint|p1a: Gholdengo
|
|upkeep
|inactive|Zuifeng has 120 seconds left.
|
|t:|1776069564
|switch|p1a: Tornadus|Tornadus-Therian, M|100/100
|turn|8
|inactive|Zuifeng has 120 seconds left.
|
|t:|1776069579
|switch|p1a: Hatterene|Hatterene, F|59/100
|switch|p2a: Billions Must Shy|Glimmora, M|61/100
|
|upkeep
|turn|9
|
|t:|1776069597
|switch|p2a: Billions Must Dye|Enamorus, F|100/100
|move|p1a: Hatterene|Psychic Noise|p2a: Billions Must Dye
|-damage|p2a: Billions Must Dye|55/100
|-start|p2a: Billions Must Dye|move: Heal Block
|
|upkeep
|turn|10
|
|t:|1776069616
|switch|p1a: Tornadus|Tornadus-Therian, M|100/100
|move|p2a: Billions Must Dye|Moonblast|p1a: Tornadus
|-damage|p1a: Tornadus|61/100
|-unboost|p1a: Tornadus|spa|1
|
|-end|p2a: Billions Must Dye|move: Heal Block
|upkeep
|turn|11
|inactive|Zuifeng has 120 seconds left.
|
|t:|1776069635
|switch|p2a: Billions Must Shy|Glimmora, M|61/100
|move|p1a: Tornadus|U-turn|p2a: Billions Must Shy
|-resisted|p2a: Billions Must Shy
|-damage|p2a: Billions Must Shy|53/100
|-activate|p2a: Billions Must Shy|ability: Toxic Debris
|-sidestart|p1: Zuifeng|move: Toxic Spikes
|inactive|Zuifeng has 120 seconds left.
|
|t:|1776069643
|switch|p1a: Great Tusk|Great Tusk|100/100|[from] U-turn
|
|upkeep
|turn|12
|inactive|Zuifeng has 120 seconds left.
|
|t:|1776069655
|move|p1a: Great Tusk|Rapid Spin|p2a: Billions Must Shy
|-resisted|p2a: Billions Must Shy
|-damage|p2a: Billions Must Shy|41/100
|-boost|p1a: Great Tusk|spe|1
|-activate|p2a: Billions Must Shy|ability: Toxic Debris
|-sidestart|p1: Zuifeng|move: Toxic Spikes
|-sideend|p1: Zuifeng|Toxic Spikes|[from] move: Rapid Spin|[of] p1a: Great Tusk
|move|p2a: Billions Must Shy|Stealth Rock|p1a: Great Tusk
|-sidestart|p1: Zuifeng|move: Stealth Rock
|
|upkeep
|turn|13
|
|t:|1776069673
|move|p1a: Great Tusk|Ice Spinner|p2a: Billions Must Shy
|-damage|p2a: Billions Must Shy|5/100
|-activate|p2a: Billions Must Shy|ability: Toxic Debris
|-sidestart|p1: Zuifeng|move: Toxic Spikes
|move|p2a: Billions Must Shy|Stealth Rock||[still]
|-fail|p2a: Billions Must Shy
|
|upkeep
|turn|14
|
|t:|1776069687
|-terastallize|p2a: Billions Must Shy|Ghost
|move|p1a: Great Tusk|Rapid Spin|p2a: Billions Must Shy
|-immune|p2a: Billions Must Shy
|move|p2a: Billions Must Shy|Mortal Spin|p1a: Great Tusk
|-resisted|p1a: Great Tusk
|-damage|p1a: Great Tusk|98/100
|-status|p1a: Great Tusk|psn
|
|-damage|p1a: Great Tusk|86/100 psn|[from] psn
|upkeep
|turn|15
|
|t:|1776069692
|move|p1a: Great Tusk|Ice Spinner|p2a: Billions Must Shy
|-damage|p2a: Billions Must Shy|0 fnt
|-activate|p2a: Billions Must Shy|ability: Toxic Debris
|-sidestart|p1: Zuifeng|move: Toxic Spikes
|faint|p2a: Billions Must Shy
|
|-damage|p1a: Great Tusk|73/100 psn|[from] psn
|upkeep
|
|t:|1776069697
|switch|p2a: Billions Must Fry|Iron Moth|100/100
|-enditem|p2a: Billions Must Fry|Booster Energy
|-activate|p2a: Billions Must Fry|ability: Quark Drive|[fromitem]
|-start|p2a: Billions Must Fry|quarkdrivespe
|turn|16
|
|t:|1776069702
|move|p2a: Billions Must Fry|Dazzling Gleam|p1a: Great Tusk
|-supereffective|p1a: Great Tusk
|-damage|p1a: Great Tusk|0 fnt
|faint|p1a: Great Tusk
|-end|p1a: Great Tusk|Protosynthesis|[silent]
|
|upkeep
|
|t:|1776069716
|switch|p1a: Dragonite|Dragonite, F|100/100
|-damage|p1a: Dragonite|76/100|[from] Stealth Rock
|turn|17
|
|t:|1776069721
|-terastallize|p1a: Dragonite|Flying
|move|p2a: Billions Must Fry|Sludge Wave|p1a: Dragonite
|-damage|p1a: Dragonite|22/100
|move|p1a: Dragonite|Roost|p1a: Dragonite
|-heal|p1a: Dragonite|72/100
|-hint|If a Terastallized Pokemon uses Roost, it remains Flying-type.
|
|-heal|p1a: Dragonite|78/100|[from] item: Leftovers
|upkeep
|turn|18
|
|t:|1776069731
|move|p2a: Billions Must Fry|Fiery Dance|p1a: Dragonite
|-damage|p1a: Dragonite|35/100
|move|p1a: Dragonite|Earthquake|p2a: Billions Must Fry
|-supereffective|p2a: Billions Must Fry
|-damage|p2a: Billions Must Fry|0 fnt
|faint|p2a: Billions Must Fry
|-end|p2a: Billions Must Fry|Quark Drive|[silent]
|
|-heal|p1a: Dragonite|41/100|[from] item: Leftovers
|upkeep
|
|t:|1776069742
|switch|p2a: Billions Must Dye|Enamorus, F|55/100
|turn|19
|-message|Zuifeng forfeited.
|
|win|bahnmiking
|raw|Zuifeng's rating: 1756 &rarr; <strong>1732</strong><br />(-24 for losing)
|raw|bahnmiking's rating: 1678 &rarr; <strong>1702</strong><br />(+24 for winning)
|l|☆Zuifeng
|player|p1|
