|html|<div class="broadcast-blue"><strong>[Gen 9] OU is currently suspecting Tera Blast! For information on how to participate check out the <a href="https://www.smogon.com/tools/suspects/view/200">suspect thread</a>.</strong></div>
|j|☆Praise mee
|j|☆InfinityPokeRang3r
|t:|1776086364
|gametype|singles
|player|p1|Praise mee|dawn|1375
|player|p2|InfinityPokeRang3r|ingo|1327
|gen|9
|tier|[Gen 9] OU
|rated|
|rule|HP Percentage Mod: HP is shown in percentages
|rule|Endless Battle Clause: Forcing endless battles is banned
|rule|Species Clause: Limit one of each Pokémon
|rule|OHKO Clause: OHKO moves are banned
|rule|Evasion Items Clause: Evasion items are banned
|rule|Evasion Moves Clause: Evasion moves are banned
|rule|Evasion Abilities Clause: Evasion abilities are banned
|rule|Sleep Moves Clause: Sleep-inducing moves are banned
|clearpoke
|poke|p1|Ribombee, F|
|poke|p1|Cobalion|
|poke|p1|Dragonite, M|
|poke|p1|Gholdengo|
|poke|p1|Deoxys-Speed|
|poke|p1|Excadrill, M|
|poke|p2|Kingambit, F|
|poke|p2|Skeledirge, F|
|poke|p2|Great Tusk|
|poke|p2|Gyarados, M|
|poke|p2|Diancie|
|poke|p2|Latios, M|
|teampreview
|j| ohko_smeargle
|inactive|Battle timer is ON: inactive players will automatically lose when time's up. (requested by Praise mee)
|
|t:|1776086390
|teamsize|p1|6
|teamsize|p2|6
|start
|switch|p1a: Ribombee|Ribombee, F|100/100
|switch|p2a: Skeledirge|Skeledirge, F|100/100
|turn|1
|
|t:|1776086395
|move|p1a: Ribombee|Sticky Web|p2a: Skeledirge
|-sidestart|p2: InfinityPokeRang3r|move: Sticky Web
|move|p2a: Skeledirge|Torch Song|p1a: Ribombee
|-supereffective|p1a: Ribombee
|-enditem|p1a: Ribombee|Focus Sash
|-damage|p1a: Ribombee|1/100
|-boost|p2a: Skeledirge|spa|1
|
|upkeep
|turn|2
|
|t:|1776086400
|move|p1a: Ribombee|Skill Swap|p2a: Skeledirge
|-activate|p1a: Ribombee|Skill Swap|Unaware|Shield Dust|[of] p2a: Skeledirge
|move|p2a: Skeledirge|Torch Song|p1a: Ribombee
|-supereffective|p1a: Ribombee
|-damage|p1a: Ribombee|0 fnt
|-boost|p2a: Skeledirge|spa|1
|faint|p1a: Ribombee
|
|upkeep
|
|t:|1776086411
|switch|p1a: Excadrill|Excadrill, M|100/100
|-ability|p1a: Excadrill|Mold Breaker
|turn|3
|
|t:|1776086418
|move|p1a: Excadrill|Earthquake|p2a: Skeledirge
|-supereffective|p2a: Skeledirge
|-damage|p2a: Skeledirge|10/100
|move|p2a: Skeledirge|Will-O-Wisp|p1a: Excadrill
|-status|p1a: Excadrill|brn
|
|-damage|p1a: Excadrill|94/100 brn|[from] brn
|upkeep
|turn|4
|
|t:|1776086426
|switch|p2a: Great Tusk|Great Tusk|100/100
|-activate|p2a: Great Tusk|move: Sticky Web
|-unboost|p2a: Great Tusk|spe|1
|move|p1a: Excadrill|Earthquake|p2a: Great Tusk
|-damage|p2a: Great Tusk|79/100
|
|-damage|p1a: Excadrill|88/100 brn|[from] brn
|upkeep
|turn|5
|
|t:|1776086437
|switch|p1a: Gholdengo|Gholdengo|100/100
|-item|p1a: Gholdengo|Air Balloon
|move|p2a: Great Tusk|Ice Spinner|p1a: Gholdengo
|-resisted|p1a: Gholdengo
|-damage|p1a: Gholdengo|84/100
|-enditem|p1a: Gholdengo|Air Balloon
|
|upkeep
|turn|6
|
|t:|1776086447
|-end|p2a: Great Tusk|Protosynthesis|[silent]
|switch|p2a: Gyarados|Gyarados, M|100/100
|move|p1a: Gholdengo|Make It Rain|p2a: Gyarados
|-resisted|p2a: Gyarados
|-damage|p2a: Gyarados|75/100
|-unboost|p1a: Gholdengo|spa|1
|
|upkeep
|turn|7
|inactive|Praise mee has 120 seconds left.
|
|t:|1776086505
|switch|p1a: Dragonite|Dragonite, M|100/100
|move|p2a: Gyarados|Dragon Dance|p2a: Gyarados
|-boost|p2a: Gyarados|atk|1
|-boost|p2a: Gyarados|spe|1
|
|upkeep
|turn|8
|
|t:|1776086512
|move|p2a: Gyarados|Dragon Dance|p2a: Gyarados
|-boost|p2a: Gyarados|atk|1
|-boost|p2a: Gyarados|spe|1
|move|p1a: Dragonite|Dragon Dance|p1a: Dragonite
|-boost|p1a: Dragonite|atk|1
|-boost|p1a: Dragonite|spe|1
|
|upkeep
|turn|9
|
|t:|1776086520
|move|p2a: Gyarados|Waterfall|p1a: Dragonite
|-resisted|p1a: Dragonite
|-damage|p1a: Dragonite|82/100
|cant|p1a: Dragonite|flinch
|
|upkeep
|turn|10
|
|t:|1776086547
|-terastallize|p2a: Gyarados|Flying
|-terastallize|p1a: Dragonite|Normal
|move|p1a: Dragonite|Extreme Speed|p2a: Gyarados
|-damage|p2a: Gyarados|0 fnt
|faint|p2a: Gyarados
|
|upkeep
|inactive|InfinityPokeRang3r has 120 seconds left.
|
|t:|1776086557
|switch|p2a: Diancie|Diancie|100/100
|-activate|p2a: Diancie|move: Sticky Web
|-fail|p2a: Diancie|unboost|[from] ability: Clear Body|[of] p2a: Diancie
|turn|11
|inactive|Praise mee has 120 seconds left.
|
|t:|1776086580
|move|p1a: Dragonite|Earthquake|p2a: Diancie
|-supereffective|p2a: Diancie
|-damage|p2a: Diancie|2/100
|move|p2a: Diancie|Diamond Storm|p1a: Dragonite
|-damage|p1a: Dragonite|49/100
|-boost|p2a: Diancie|def|2
|
|-heal|p2a: Diancie|9/100|[from] item: Leftovers
|upkeep
|turn|12
|
|t:|1776086589
|move|p1a: Dragonite|Earthquake|p2a: Diancie
|-supereffective|p2a: Diancie
|-damage|p2a: Diancie|0 fnt
|faint|p2a: Diancie
|
|upkeep
|
|t:|1776086593
|switch|p2a: Great Tusk|Great Tusk|79/100
|-activate|p2a: Great Tusk|move: Sticky Web
|-unboost|p2a: Great Tusk|spe|1
|turn|13
|
|t:|1776086604
|switch|p1a: Gholdengo|Gholdengo|84/100
|move|p2a: Great Tusk|Rapid Spin|p1a: Gholdengo
|-immune|p1a: Gholdengo
|
|upkeep
|turn|14
|
|t:|1776086608
|move|p1a: Gholdengo|Psyshock|p2a: Great Tusk
|-supereffective|p2a: Great Tusk
|-damage|p2a: Great Tusk|40/100
|move|p2a: Great Tusk|Headlong Rush|p1a: Gholdengo
|-supereffective|p1a: Gholdengo
|-damage|p1a: Gholdengo|0 fnt
|-unboost|p2a: Great Tusk|def|1
|-unboost|p2a: Great Tusk|spd|1
|faint|p1a: Gholdengo
|
|upkeep
|
|t:|1776086614
|switch|p1a: Deoxys|Deoxys-Speed|100/100
|-ability|p1a: Deoxys|Pressure
|turn|15
|
|t:|1776086619
|move|p1a: Deoxys|Psycho Boost|p2a: Great Tusk
|-supereffective|p2a: Great Tusk
|-damage|p2a: Great Tusk|0 fnt
|-unboost|p1a: Deoxys|spa|2
|faint|p2a: Great Tusk
|-end|p2a: Great Tusk|Protosynthesis|[silent]
|
|upkeep
|
|t:|1776086626
|switch|p2a: Kingambit|Kingambit, F|100/100
|-activate|p2a: Kingambit|move: Sticky Web
|-unboost|p2a: Kingambit|spe|1
|-activate|p2a: Kingambit|ability: Supreme Overlord
|-start|p2a: Kingambit|fallen3|[silent]
|turn|16
|
|t:|1776086631
|move|p1a: Deoxys|Spikes|p2a: Kingambit
|-sidestart|p2: InfinityPokeRang3r|Spikes
|move|p2a: Kingambit|Swords Dance|p2a: Kingambit
|-boost|p2a: Kingambit|atk|2
|
|upkeep
|turn|17
|
|t:|1776086635
|move|p1a: Deoxys|Focus Blast|p2a: Kingambit
|-supereffective|p2a: Kingambit
|-damage|p2a: Kingambit|36/100
|move|p2a: Kingambit|Kowtow Cleave|p1a: Deoxys
|-supereffective|p1a: Deoxys
|-damage|p1a: Deoxys|0 fnt
|-damage|p2a: Kingambit|20/100|[from] item: Rocky Helmet|[of] p1a: Deoxys
|faint|p1a: Deoxys
|
|upkeep
|
|t:|1776086641
|switch|p1a: Cobalion|Cobalion|100/100
|turn|18
|
|t:|1776086646
|move|p2a: Kingambit|Sucker Punch|p1a: Cobalion
|-resisted|p1a: Cobalion
|-damage|p1a: Cobalion|47/100
|-ability|p1a: Cobalion|Justified|boost
|-boost|p1a: Cobalion|atk|1
|move|p1a: Cobalion|Aura Sphere|p2a: Kingambit
|-supereffective|p2a: Kingambit
|-damage|p2a: Kingambit|0 fnt
|faint|p2a: Kingambit
|-end|p2a: Kingambit|fallen3|[silent]
|
|-heal|p1a: Cobalion|53/100|[from] item: Leftovers
|upkeep
|
|t:|1776086650
|switch|p2a: Latios|Latios, M|100/100
|turn|19
|
|t:|1776086661
|move|p2a: Latios|Psyshock|p1a: Cobalion
|-damage|p1a: Cobalion|0 fnt
|faint|p1a: Cobalion
|
|upkeep
|
|t:|1776086665
|switch|p1a: Excadrill|Excadrill, M|88/100 brn
|-ability|p1a: Excadrill|Mold Breaker
|turn|20
|
|t:|1776086672
|switch|p2a: Skeledirge|Skeledirge, F|10/100
|move|p1a: Excadrill|Poison Jab|p2a: Skeledirge
|-resisted|p2a: Skeledirge
|-damage|p2a: Skeledirge|4/100
|
|-damage|p1a: Excadrill|82/100 brn|[from] brn
|upkeep
|turn|21
|
|t:|1776086680
|move|p1a: Excadrill|Poison Jab|p2a: Skeledirge
|-resisted|p2a: Skeledirge
|-damage|p2a: Skeledirge|0 fnt
|faint|p2a: Skeledirge
|
|-damage|p1a: Excadrill|76/100 brn|[from] brn
|upkeep
|
|t:|1776086687
|switch|p2a: Latios|Latios, M|100/100
|turn|22
|
|t:|1776086711
|move|p1a: Excadrill|Poison Jab|p2a: Latios
|-damage|p2a: Latios|81/100
|move|p2a: Latios|Energy Ball|p1a: Excadrill
|-damage|p1a: Excadrill|15/100 brn
|
|-damage|p1a: Excadrill|9/100 brn|[from] brn
|upkeep
|turn|23
|
|t:|1776086716
|move|p1a: Excadrill|Poison Jab|p2a: Latios
|-damage|p2a: Latios|62/100
|move|p2a: Latios|Energy Ball|p1a: Excadrill
|-damage|p1a: Excadrill|0 fnt
|faint|p1a: Excadrill
|
|upkeep
|
|t:|1776086719
|switch|p1a: Dragonite|Dragonite, M, tera:Normal|49/100
|turn|24
|
|t:|1776086722
|move|p1a: Dragonite|Extreme Speed|p2a: Latios
|-damage|p2a: Latios|0 fnt
|faint|p2a: Latios
|
|win|Praise mee
|raw|Praise mee's rating: 1375 &rarr; <strong>1392</strong><br />(+17 for winning)
|raw|InfinityPokeRang3r's rating: 1327 &rarr; <strong>1310</strong><br />(-17 for losing)
|l| ohko_smeargle
|l|☆Praise mee
|player|p1|
|l|☆InfinityPokeRang3r
|player|p2|
