|html|<div class="broadcast-blue"><strong>[Gen 9] OU is currently suspecting Tera Blast! For information on how to participate check out the <a href="https://www.smogon.com/tools/suspects/view/200">suspect thread</a>.</strong></div>
|j|☆somenessmain
|j|☆OP Earthquakes
|t:|1776206595
|gametype|singles
|player|p1|somenessmain|camper|1519
|player|p2|OP Earthquakes|giovanni-masters|1633
|gen|9
|tier|[Gen 9] OU
|rated|
|rule|HP Percentage Mod: HP is shown in percentages
|rule|Endless Battle Clause: Forcing endless battles is banned
|rule|Species Clause: Limit one of each Pokémon
|rule|OHKO Clause: OHKO moves are banned
|rule|Evasion Items Clause: Evasion items are banned
|rule|Evasion Moves Clause: Evasion moves are banned
|rule|Evasion Abilities Clause: Evasion abilities are banned
|rule|Sleep Moves Clause: Sleep-inducing moves are banned
|clearpoke
|poke|p1|Regidrago|
|poke|p1|Slowking-Galar, M|
|poke|p1|Ting-Lu|
|poke|p1|Corviknight, M|
|poke|p1|Lokix, M|
|poke|p1|Cinderace, F|
|poke|p2|Excadrill, F|
|poke|p2|Tyranitar, F|
|poke|p2|Kyurem|
|poke|p2|Hawlucha, F|
|poke|p2|Pawmot, M|
|poke|p2|Grimmsnarl, M|
|teampreview
|inactive|Battle timer is ON: inactive players will automatically lose when time's up. (requested by OP Earthquakes)
|
|t:|1776206600
|teamsize|p1|6
|teamsize|p2|6
|start
|switch|p1a: Cinderace|Cinderace, F|100/100
|switch|p2a: Grimmsnarl|Grimmsnarl, M|100/100
|turn|1
|
|t:|1776206605
|move|p2a: Grimmsnarl|Thunder Wave|p1a: Cinderace
|-status|p1a: Cinderace|par
|move|p1a: Cinderace|Will-O-Wisp|p2a: Grimmsnarl
|-status|p2a: Grimmsnarl|brn
|
|-damage|p2a: Grimmsnarl|94/100 brn|[from] brn
|upkeep
|turn|2
|
|t:|1776206611
|move|p2a: Grimmsnarl|Reflect|p2a: Grimmsnarl
|-sidestart|p2: OP Earthquakes|Reflect
|move|p1a: Cinderace|Pyro Ball|p2a: Grimmsnarl
|-damage|p2a: Grimmsnarl|59/100 brn
|
|-damage|p2a: Grimmsnarl|53/100 brn|[from] brn
|upkeep
|turn|3
|
|t:|1776206617
|switch|p2a: Frieza|Kyurem, shiny|100/100
|-ability|p2a: Frieza|Pressure
|move|p1a: Cinderace|Court Change|p1a: Cinderace
|-swapsideconditions
|-activate|p1a: Cinderace|move: Court Change
|
|upkeep
|turn|4
|
|t:|1776206620
|switch|p1a: Slowking|Slowking-Galar, M|100/100
|move|p2a: Frieza|Earth Power|p1a: Slowking
|-supereffective|p1a: Slowking
|-damage|p1a: Slowking|55/100
|
|upkeep
|turn|5
|
|t:|1776206623
|-terastallize|p2a: Frieza|Ghost
|move|p2a: Frieza|Shadow Ball|p1a: Slowking
|-supereffective|p1a: Slowking
|-damage|p1a: Slowking|0 fnt
|faint|p1a: Slowking
|
|upkeep
|
|t:|1776206626
|switch|p1a: Lokix|Lokix, M|100/100
|turn|6
|
|t:|1776206630
|switch|p2a: Itachi|Hawlucha, F, shiny|100/100
|-ability|p2a: Itachi|Mold Breaker
|move|p1a: Lokix|Knock Off|p2a: Itachi
|-resisted|p2a: Itachi
|-damage|p2a: Itachi|10/100
|-enditem|p2a: Itachi|Red Card|[from] move: Knock Off|[of] p1a: Lokix
|
|upkeep
|turn|7
|
|t:|1776206634
|switch|p1a: Corviknight|Corviknight, M|100/100
|-ability|p1a: Corviknight|Pressure
|move|p2a: Itachi|Defog|p1a: Corviknight
|-unboost|p1a: Corviknight|evasion|1
|-sideend|p1: somenessmain|Reflect
|
|upkeep
|turn|8
|
|t:|1776206640
|move|p2a: Itachi|Brave Bird|p1a: Corviknight
|-resisted|p1a: Corviknight
|-damage|p1a: Corviknight|86/100
|-damage|p2a: Itachi|0 fnt|[from] item: Rocky Helmet|[of] p1a: Corviknight
|faint|p2a: Itachi
|move|p1a: Corviknight|Body Press|p2: Itachi|[notarget]
|-fail|p1a: Corviknight
|
|upkeep
|
|t:|1776206651
|switch|p2a: The sandstorm|Tyranitar, F, shiny|100/100
|-weather|Sandstorm|[from] ability: Sand Stream|[of] p2a: The sandstorm
|turn|9
|
|t:|1776206653
|move|p1a: Corviknight|Body Press|p2a: The sandstorm
|-supereffective|p2a: The sandstorm
|-damage|p2a: The sandstorm|32/100
|move|p2a: The sandstorm|Stealth Rock|p1a: Corviknight
|-sidestart|p1: somenessmain|move: Stealth Rock
|
|-weather|Sandstorm|[upkeep]
|upkeep
|turn|10
|
|t:|1776206657
|switch|p2a: Frieza|Kyurem, shiny, tera:Ghost|100/100
|-ability|p2a: Frieza|Pressure
|move|p1a: Corviknight|Defog|p2a: Frieza
|-unboost|p2a: Frieza|evasion|1
|-sideend|p1: somenessmain|Stealth Rock|[from] move: Defog|[of] p1a: Corviknight
|
|-weather|Sandstorm|[upkeep]
|-damage|p2a: Frieza|94/100|[from] Sandstorm
|upkeep
|turn|11
|
|t:|1776206665
|switch|p1a: Cinderace|Cinderace, F|100/100 par
|move|p2a: Frieza|Freeze-Dry|p1a: Cinderace
|-resisted|p1a: Cinderace
|-damage|p1a: Cinderace|74/100 par
|
|-weather|Sandstorm|[upkeep]
|-damage|p2a: Frieza|88/100|[from] Sandstorm
|-damage|p1a: Cinderace|68/100 par|[from] Sandstorm
|upkeep
|turn|12
|
|t:|1776206669
|switch|p1a: Corviknight|Corviknight, M|86/100
|-ability|p1a: Corviknight|Pressure
|move|p2a: Frieza|Earth Power|p1a: Corviknight
|-immune|p1a: Corviknight
|
|-weather|Sandstorm|[upkeep]
|-damage|p2a: Frieza|82/100|[from] Sandstorm
|upkeep
|turn|13
|
|t:|1776206672
|switch|p1a: Cinderace|Cinderace, F|68/100 par
|move|p2a: Frieza|Freeze-Dry|p1a: Cinderace
|-resisted|p1a: Cinderace
|-damage|p1a: Cinderace|37/100 par
|
|-weather|Sandstorm|[upkeep]
|-damage|p2a: Frieza|76/100|[from] Sandstorm
|-damage|p1a: Cinderace|31/100 par|[from] Sandstorm
|upkeep
|turn|14
|
|t:|1776206676
|move|p2a: Frieza|Earth Power|p1a: Cinderace
|-supereffective|p1a: Cinderace
|-damage|p1a: Cinderace|0 fnt
|faint|p1a: Cinderace
|
|-weather|Sandstorm|[upkeep]
|-damage|p2a: Frieza|69/100|[from] Sandstorm
|upkeep
|
|t:|1776206678
|switch|p1a: Lokix|Lokix, M|100/100
|turn|15
|
|t:|1776206686
|-terastallize|p1a: Lokix|Bug
|move|p1a: Lokix|First Impression|p2a: Frieza
|-resisted|p2a: Frieza
|-damage|p2a: Frieza|2/100
|move|p2a: Frieza|Endeavor|p1a: Lokix
|-damage|p1a: Lokix|2/100
|
|-weather|Sandstorm|[upkeep]
|-damage|p1a: Lokix|0 fnt|[from] Sandstorm
|-damage|p2a: Frieza|0 fnt|[from] Sandstorm
|faint|p1a: Lokix
|faint|p2a: Frieza
|upkeep
|c|☆somenessmain|oh
|c|☆OP Earthquakes|:)
|
|t:|1776206703
|switch|p1a: Regidrago|Regidrago|100/100
|switch|p2a: Porunga|Pawmot, M|100/100
|turn|16
|j| tickle me girble
|
|t:|1776206731
|switch|p2a: Grimmsnarl|Grimmsnarl, M|53/100 brn
|move|p1a: Regidrago|Draco Meteor|p2a: Grimmsnarl
|-immune|p2a: Grimmsnarl
|
|-weather|none
|-damage|p2a: Grimmsnarl|47/100 brn|[from] brn
|upkeep
|turn|17
|
|t:|1776206739
|switch|p1a: Corviknight|Corviknight, M|86/100
|-ability|p1a: Corviknight|Pressure
|move|p2a: Grimmsnarl|Thunder Wave|p1a: Corviknight
|-status|p1a: Corviknight|par
|
|-damage|p2a: Grimmsnarl|41/100 brn|[from] brn
|upkeep
|turn|18
|
|t:|1776206742
|move|p2a: Grimmsnarl|Light Screen|p2a: Grimmsnarl
|-sidestart|p2: OP Earthquakes|move: Light Screen
|move|p1a: Corviknight|U-turn|p2a: Grimmsnarl
|-damage|p2a: Grimmsnarl|22/100 brn
|
|t:|1776206745
|switch|p1a: Ting-Lu|Ting-Lu|100/100|[from] U-turn
|-ability|p1a: Ting-Lu|Vessel of Ruin
|
|-damage|p2a: Grimmsnarl|16/100 brn|[from] brn
|upkeep
|turn|19
|
|t:|1776206749
|move|p2a: Grimmsnarl|Reflect|p2a: Grimmsnarl
|-sidestart|p2: OP Earthquakes|Reflect
|move|p1a: Ting-Lu|Earthquake|p2a: Grimmsnarl
|-damage|p2a: Grimmsnarl|0 fnt
|faint|p2a: Grimmsnarl
|
|upkeep
|
|t:|1776206751
|switch|p2a: Porunga|Pawmot, M|100/100
|turn|20
|
|t:|1776206755
|move|p2a: Porunga|Revival Blessing|p2a: Porunga
|-enditem|p2a: Porunga|Leppa Berry|[eat]
|-activate|p2a: Porunga|item: Leppa Berry|Revival Blessing|[consumed]
|
|t:|1776206758
|-heal|p2: Frieza|50/100|[from] move: Revival Blessing
|move|p1a: Ting-Lu|Stealth Rock|p2a: Porunga
|-sidestart|p2: OP Earthquakes|move: Stealth Rock
|
|upkeep
|turn|21
|c|☆somenessmain|right
|c|☆somenessmain|that move
|
|t:|1776206764
|move|p2a: Porunga|Revival Blessing|p2a: Porunga
|
|t:|1776206766
|-heal|p2: Itachi|50/100|[from] move: Revival Blessing
|move|p1a: Ting-Lu|Ruination|p2a: Porunga
|-damage|p2a: Porunga|51/100
|
|upkeep
|turn|22
|
|t:|1776206769
|move|p2a: Porunga|Rest|p2a: Porunga
|-status|p2a: Porunga|slp|[from] move: Rest
|-heal|p2a: Porunga|100/100 slp|[silent]
|move|p1a: Ting-Lu|Earthquake|p2a: Porunga
|-supereffective|p2a: Porunga
|-damage|p2a: Porunga|48/100 slp
|
|upkeep
|turn|23
|
|t:|1776206771
|cant|p2a: Porunga|slp
|move|p2a: Porunga|Sleep Talk|p2a: Porunga
|move|p2a: Porunga|Rest||[from] move: Sleep Talk|[still]
|-fail|p2a: Porunga
|move|p1a: Ting-Lu|Earthquake|p2a: Porunga
|-supereffective|p2a: Porunga
|-damage|p2a: Porunga|0 fnt
|faint|p2a: Porunga
|
|upkeep
|
|t:|1776206776
|switch|p2a: Itachi|Hawlucha, F, shiny|50/100
|-damage|p2a: Itachi|38/100|[from] Stealth Rock
|-ability|p2a: Itachi|Mold Breaker
|turn|24
|
|t:|1776206779
|move|p2a: Itachi|Defog|p1a: Ting-Lu
|-unboost|p1a: Ting-Lu|evasion|1
|-sideend|p2: OP Earthquakes|Stealth Rock|[from] move: Defog|[of] p2a: Itachi
|move|p1a: Ting-Lu|Whirlwind|p2a: Itachi
|drag|p2a: OP|Excadrill, F|100/100
|
|upkeep
|turn|25
|
|t:|1776206783
|switch|p2a: Frieza|Kyurem, shiny|50/100
|-ability|p2a: Frieza|Pressure
|move|p1a: Ting-Lu|Earthquake|p2a: Frieza
|-damage|p2a: Frieza|33/100
|
|-sideend|p2: OP Earthquakes|move: Light Screen
|upkeep
|turn|26
|
|t:|1776206787
|switch|p1a: Corviknight|Corviknight, M|86/100 par
|-ability|p1a: Corviknight|Pressure
|move|p2a: Frieza|Endeavor|p1a: Corviknight
|-damage|p1a: Corviknight|33/100 par
|-damage|p2a: Frieza|16/100|[from] item: Rocky Helmet|[of] p1a: Corviknight
|
|-sideend|p2: OP Earthquakes|Reflect
|upkeep
|turn|27
|
|t:|1776206789
|move|p2a: Frieza|Freeze-Dry|p1a: Corviknight
|-damage|p1a: Corviknight|0 fnt
|faint|p1a: Corviknight
|
|upkeep
|
|t:|1776206792
|switch|p1a: Ting-Lu|Ting-Lu|100/100
|-ability|p1a: Ting-Lu|Vessel of Ruin
|turn|28
|
|t:|1776206794
|move|p2a: Frieza|Endeavor|p1a: Ting-Lu
|-damage|p1a: Ting-Lu|13/100
|move|p1a: Ting-Lu|Earthquake|p2a: Frieza
|-damage|p2a: Frieza|0 fnt
|faint|p2a: Frieza
|
|-heal|p1a: Ting-Lu|19/100|[from] item: Leftovers
|upkeep
|
|t:|1776206798
|switch|p2a: OP|Excadrill, F|100/100
|turn|29
|
|t:|1776206801
|move|p2a: OP|Earthquake|p1a: Ting-Lu
|-damage|p1a: Ting-Lu|0 fnt
|faint|p1a: Ting-Lu
|
|upkeep
|
|t:|1776206802
|switch|p1a: Regidrago|Regidrago|100/100
|turn|30
|
|t:|1776206804
|switch|p2a: The sandstorm|Tyranitar, F, shiny|32/100
|-weather|Sandstorm|[from] ability: Sand Stream|[of] p2a: The sandstorm
|move|p1a: Regidrago|Earth Power|p2a: The sandstorm
|-supereffective|p2a: The sandstorm
|-damage|p2a: The sandstorm|0 fnt
|faint|p2a: The sandstorm
|
|-weather|Sandstorm|[upkeep]
|-damage|p1a: Regidrago|94/100|[from] Sandstorm
|upkeep
|c|☆somenessmain|ggwp
|
|t:|1776206806
|switch|p2a: OP|Excadrill, F|100/100
|turn|31
|
|t:|1776206808
|move|p2a: OP|Earthquake|p1a: Regidrago
|-damage|p1a: Regidrago|0 fnt
|faint|p1a: Regidrago
|
|win|OP Earthquakes
|raw|somenessmain's rating: 1519 &rarr; <strong>1505</strong><br />(-14 for losing)
|raw|OP Earthquakes's rating: 1633 &rarr; <strong>1647</strong><br />(+14 for winning)
|l|☆somenessmain
|player|p1|
