|html|<div class="broadcast-blue"><strong>[Gen 9] OU is currently suspecting Tera Blast! For information on how to participate check out the <a href="https://www.smogon.com/tools/suspects/view/200">suspect thread</a>.</strong></div>
|j|☆tora41414
|j|☆aaokd
|t:|1776276550
|gametype|singles
|player|p1|tora41414|psychic|1125
|player|p2|aaokd|169|1115
|gen|9
|tier|[Gen 9] OU
|rated|
|rule|HP Percentage Mod: HP is shown in percentages
|rule|Endless Battle Clause: Forcing endless battles is banned
|rule|Species Clause: Limit one of each Pokémon
|rule|OHKO Clause: OHKO moves are banned
|rule|Evasion Items Clause: Evasion items are banned
|rule|Evasion Moves Clause: Evasion moves are banned
|rule|Evasion Abilities Clause: Evasion abilities are banned
|rule|Sleep Moves Clause: Sleep-inducing moves are banned
|clearpoke
|poke|p1|Bronzong|
|poke|p1|Hatterene, F|
|poke|p1|Gallade, M|
|poke|p1|Ceruledge, F|
|poke|p1|Meowstic, M|
|poke|p1|Indeedee, M|
|poke|p2|Ceruledge, F|
|poke|p2|Pecharunt|
|poke|p2|Garganacl, F|
|poke|p2|Primarina, F|
|poke|p2|Raging Bolt|
|poke|p2|Darkrai|
|teampreview
|
|t:|1776276592
|teamsize|p1|6
|teamsize|p2|6
|start
|switch|p1a: Meowstic|Meowstic, M|100/100
|switch|p2a: Pecharunt|Pecharunt|100/100
|-item|p2a: Pecharunt|Air Balloon
|turn|1
|
|t:|1776276600
|move|p1a: Meowstic|Thunder Wave|p2a: Pecharunt
|-status|p2a: Pecharunt|par
|move|p2a: Pecharunt|Parting Shot|p1a: Meowstic
|-unboost|p1a: Meowstic|atk|1
|-unboost|p1a: Meowstic|spa|1
|
|t:|1776276608
|switch|p2a: Ceruledge|Ceruledge, F|100/100|[from] Parting Shot
|
|upkeep
|turn|2
|
|t:|1776276619
|move|p1a: Meowstic|Reflect|p1a: Meowstic
|-sidestart|p1: tora41414|Reflect
|move|p2a: Ceruledge|Poltergeist|p1a: Meowstic
|-activate|p1a: Meowstic|move: Poltergeist|Light Clay
|-supereffective|p1a: Meowstic
|-damage|p1a: Meowstic|32/100
|
|upkeep
|turn|3
|
|t:|1776276632
|switch|p1a: Indeedee|Indeedee, M|100/100
|-fieldstart|move: Psychic Terrain|[from] ability: Psychic Surge|[of] p1a: Indeedee
|move|p2a: Ceruledge|Shadow Sneak|p1a: Indeedee
|-activate|p1a: Indeedee|move: Psychic Terrain
|
|upkeep
|turn|4
|
|t:|1776276644
|switch|p2a: Garganacl|Garganacl, F|100/100
|move|p1a: Indeedee|Encore||[still]
|-fail|p1a: Indeedee
|
|upkeep
|turn|5
|
|t:|1776276653
|move|p1a: Indeedee|Expanding Force|p2a: Garganacl
|-damage|p2a: Garganacl|50/100
|move|p2a: Garganacl|Salt Cure|p1a: Indeedee
|-damage|p1a: Indeedee|87/100
|-start|p1a: Indeedee|Salt Cure
|
|-heal|p2a: Garganacl|57/100|[from] item: Leftovers
|-damage|p1a: Indeedee|74/100|[from] Salt Cure
|upkeep
|turn|6
|
|t:|1776276673
|move|p2a: Garganacl|Protect|p2a: Garganacl
|-singleturn|p2a: Garganacl|Protect
|move|p1a: Indeedee|Hyper Voice|p2a: Garganacl
|-activate|p2a: Garganacl|move: Protect
|
|-heal|p2a: Garganacl|63/100|[from] item: Leftovers
|-damage|p1a: Indeedee|62/100|[from] Salt Cure
|upkeep
|turn|7
|
|t:|1776276686
|switch|p1a: Hatterene|Hatterene, F|100/100
|move|p2a: Garganacl|Recover|p2a: Garganacl
|-heal|p2a: Garganacl|100/100
|
|upkeep
|turn|8
|
|t:|1776276693
|move|p2a: Garganacl|Salt Cure|p1a: Hatterene
|-damage|p1a: Hatterene|93/100
|-start|p1a: Hatterene|Salt Cure
|move|p1a: Hatterene|Calm Mind|p1a: Hatterene
|-boost|p1a: Hatterene|spa|1
|-boost|p1a: Hatterene|spd|1
|
|-heal|p1a: Hatterene|99/100|[from] item: Leftovers
|-damage|p1a: Hatterene|86/100|[from] Salt Cure
|upkeep
|turn|9
|
|t:|1776276702
|move|p2a: Garganacl|Stealth Rock|p1a: Hatterene
|move|p1a: Hatterene|Stealth Rock|p2a: Garganacl|[from] ability: Magic Bounce
|-sidestart|p2: aaokd|move: Stealth Rock
|move|p1a: Hatterene|Psychic|p2a: Garganacl
|-crit|p2a: Garganacl
|-damage|p2a: Garganacl|2/100
|
|-heal|p2a: Garganacl|8/100|[from] item: Leftovers
|-heal|p1a: Hatterene|92/100|[from] item: Leftovers
|-damage|p1a: Hatterene|80/100|[from] Salt Cure
|-sideend|p1: tora41414|Reflect
|upkeep
|turn|10
|
|t:|1776276712
|move|p2a: Garganacl|Protect|p2a: Garganacl
|-singleturn|p2a: Garganacl|Protect
|move|p1a: Hatterene|Draining Kiss|p2a: Garganacl
|-activate|p2a: Garganacl|move: Protect
|
|-heal|p2a: Garganacl|14/100|[from] item: Leftovers
|-heal|p1a: Hatterene|86/100|[from] item: Leftovers
|-damage|p1a: Hatterene|74/100|[from] Salt Cure
|-fieldend|move: Psychic Terrain
|upkeep
|turn|11
|
|t:|1776276720
|move|p2a: Garganacl|Protect|p2a: Garganacl
|-singleturn|p2a: Garganacl|Protect
|move|p1a: Hatterene|Draining Kiss|p2a: Garganacl
|-activate|p2a: Garganacl|move: Protect
|
|-heal|p2a: Garganacl|20/100|[from] item: Leftovers
|-heal|p1a: Hatterene|80/100|[from] item: Leftovers
|-damage|p1a: Hatterene|67/100|[from] Salt Cure
|upkeep
|turn|12
|
|t:|1776276728
|move|p2a: Garganacl|Salt Cure|p1a: Hatterene
|-damage|p1a: Hatterene|53/100
|move|p1a: Hatterene|Psychic|p2a: Garganacl
|-damage|p2a: Garganacl|0 fnt
|faint|p2a: Garganacl
|
|-heal|p1a: Hatterene|59/100|[from] item: Leftovers
|-damage|p1a: Hatterene|47/100|[from] Salt Cure
|upkeep
|
|t:|1776276741
|switch|p2a: Darkrai|Darkrai|100/100
|-damage|p2a: Darkrai|88/100|[from] Stealth Rock
|turn|13
|
|t:|1776276746
|move|p2a: Darkrai|Dark Pulse|p1a: Hatterene
|-damage|p1a: Hatterene|15/100
|cant|p1a: Hatterene|flinch
|
|-heal|p1a: Hatterene|21/100|[from] item: Leftovers
|-damage|p1a: Hatterene|9/100|[from] Salt Cure
|upkeep
|turn|14
|c|☆tora41414|flinch...
|c|☆tora41414|really...
|
|t:|1776276765
|switch|p1a: Bronzong|Bronzong|100/100
|move|p2a: Darkrai|Dark Pulse|p1a: Bronzong
|-supereffective|p1a: Bronzong
|-damage|p1a: Bronzong|47/100
|
|-heal|p1a: Bronzong|53/100|[from] item: Leftovers
|upkeep
|turn|15
|
|t:|1776276775
|-terastallize|p2a: Darkrai|Dark
|move|p2a: Darkrai|Dark Pulse|p1a: Bronzong
|-supereffective|p1a: Bronzong
|-damage|p1a: Bronzong|0 fnt
|faint|p1a: Bronzong
|
|upkeep
|
|t:|1776276780
|switch|p1a: Meowstic|Meowstic, M|32/100
|turn|16
|
|t:|1776276783
|move|p1a: Meowstic|Light Screen|p1a: Meowstic
|-sidestart|p1: tora41414|move: Light Screen
|move|p2a: Darkrai|Dark Pulse|p1a: Meowstic
|-supereffective|p1a: Meowstic
|-damage|p1a: Meowstic|0 fnt
|faint|p1a: Meowstic
|
|upkeep
|
|t:|1776276786
|switch|p1a: Gallade|Gallade, M|100/100
|turn|17
|
|t:|1776276792
|move|p2a: Darkrai|Dark Pulse|p1a: Gallade
|-damage|p1a: Gallade|68/100
|move|p1a: Gallade|Agility|p1a: Gallade
|-boost|p1a: Gallade|spe|2
|
|upkeep
|turn|18
|
|t:|1776276798
|move|p2a: Darkrai|Dark Pulse|p1a: Gallade
|-damage|p1a: Gallade|37/100
|move|p1a: Gallade|Sacred Sword|p2a: Darkrai
|-supereffective|p2a: Darkrai
|-damage|p2a: Darkrai|0 fnt
|faint|p2a: Darkrai
|
|upkeep
|
|t:|1776276816
|switch|p2a: Raging Bolt|Raging Bolt|100/100
|-damage|p2a: Raging Bolt|88/100|[from] Stealth Rock
|-enditem|p2a: Raging Bolt|Booster Energy
|-activate|p2a: Raging Bolt|ability: Protosynthesis|[fromitem]
|-start|p2a: Raging Bolt|protosynthesisspa
|turn|19
|
|t:|1776276826
|move|p2a: Raging Bolt|Thunderclap||[still]
|-fail|p2a: Raging Bolt
|move|p1a: Gallade|Agility|p1a: Gallade
|-boost|p1a: Gallade|spe|2
|
|upkeep
|turn|20
|
|t:|1776276831
|switch|p1a: Indeedee|Indeedee, M|62/100
|-fieldstart|move: Psychic Terrain|[from] ability: Psychic Surge|[of] p1a: Indeedee
|move|p2a: Raging Bolt|Thunderclap||[still]
|-fail|p2a: Raging Bolt
|
|upkeep
|turn|21
|
|t:|1776276842
|move|p2a: Raging Bolt|Thunderclap||[still]
|-fail|p2a: Raging Bolt
|move|p1a: Indeedee|Encore|p2a: Raging Bolt
|-start|p2a: Raging Bolt|Encore
|
|upkeep
|turn|22
|
|t:|1776276868
|-end|p2a: Raging Bolt|Protosynthesis|[silent]
|switch|p2a: Primarina|Primarina, F|100/100
|-damage|p2a: Primarina|88/100|[from] Stealth Rock
|move|p1a: Indeedee|Encore||[still]
|-fail|p1a: Indeedee
|
|upkeep
|turn|23
|
|t:|1776276884
|move|p1a: Indeedee|Expanding Force|p2a: Primarina
|-damage|p2a: Primarina|45/100
|move|p2a: Primarina|Moonblast|p1a: Indeedee
|-damage|p1a: Indeedee|25/100
|-unboost|p1a: Indeedee|spa|1
|
|-sideend|p1: tora41414|move: Light Screen
|upkeep
|turn|24
|
|t:|1776276894
|switch|p1a: Ceruledge|Ceruledge, F|100/100
|move|p2a: Primarina|Moonblast|p1a: Ceruledge
|-resisted|p1a: Ceruledge
|-damage|p1a: Ceruledge|70/100
|-unboost|p1a: Ceruledge|spa|1
|
|upkeep
|turn|25
|
|t:|1776276908
|-terastallize|p1a: Ceruledge|Psychic
|move|p1a: Ceruledge|Psycho Cut|p2a: Primarina
|-damage|p2a: Primarina|0 fnt
|faint|p2a: Primarina
|
|upkeep
|
|t:|1776276923
|switch|p2a: Raging Bolt|Raging Bolt|88/100
|-damage|p2a: Raging Bolt|76/100|[from] Stealth Rock
|turn|26
|
|t:|1776276936
|move|p1a: Ceruledge|Bulk Up|p1a: Ceruledge
|-boost|p1a: Ceruledge|atk|1
|-boost|p1a: Ceruledge|def|1
|move|p2a: Raging Bolt|Draco Meteor|p1a: Ceruledge
|-damage|p1a: Ceruledge|0 fnt
|-unboost|p2a: Raging Bolt|spa|2
|faint|p1a: Ceruledge
|
|upkeep
|
|t:|1776276947
|switch|p1a: Hatterene|Hatterene, F|9/100
|turn|27
|
|t:|1776276952
|-end|p2a: Raging Bolt|Protosynthesis|[silent]
|switch|p2a: Pecharunt|Pecharunt|100/100 par
|-damage|p2a: Pecharunt|88/100 par|[from] Stealth Rock
|-item|p2a: Pecharunt|Air Balloon
|move|p1a: Hatterene|Draining Kiss|p2a: Pecharunt
|-resisted|p2a: Pecharunt
|-damage|p2a: Pecharunt|74/100 par
|-heal|p1a: Hatterene|22/100|[from] drain|[of] p2a: Pecharunt
|-enditem|p2a: Pecharunt|Air Balloon
|
|-heal|p1a: Hatterene|28/100|[from] item: Leftovers
|-fieldend|move: Psychic Terrain
|upkeep
|turn|28
|
|t:|1776276966
|move|p2a: Pecharunt|Malignant Chain|p1a: Hatterene
|-supereffective|p1a: Hatterene
|-damage|p1a: Hatterene|0 fnt
|faint|p1a: Hatterene
|
|upkeep
|
|t:|1776276969
|switch|p1a: Indeedee|Indeedee, M|25/100
|-fieldstart|move: Psychic Terrain|[from] ability: Psychic Surge|[of] p1a: Indeedee
|turn|29
|
|t:|1776276975
|move|p1a: Indeedee|Expanding Force|p2a: Pecharunt
|-supereffective|p2a: Pecharunt
|-damage|p2a: Pecharunt|0 fnt
|faint|p2a: Pecharunt
|
|upkeep
|
|t:|1776276981
|switch|p2a: Ceruledge|Ceruledge, F|100/100
|-damage|p2a: Ceruledge|76/100|[from] Stealth Rock
|turn|30
|
|t:|1776276987
|move|p2a: Ceruledge|Shadow Sneak|p1a: Indeedee
|-activate|p1a: Indeedee|move: Psychic Terrain
|move|p1a: Indeedee|Expanding Force|p2a: Ceruledge
|-damage|p2a: Ceruledge|0 fnt
|faint|p2a: Ceruledge
|
|upkeep
|
|t:|1776276992
|switch|p2a: Raging Bolt|Raging Bolt|76/100
|-damage|p2a: Raging Bolt|64/100|[from] Stealth Rock
|turn|31
|
|t:|1776277007
|move|p1a: Indeedee|Expanding Force|p2a: Raging Bolt
|-damage|p2a: Raging Bolt|1/100
|move|p2a: Raging Bolt|Thunderbolt|p1a: Indeedee
|-damage|p1a: Indeedee|0 fnt
|faint|p1a: Indeedee
|
|upkeep
|
|t:|1776277011
|switch|p1a: Gallade|Gallade, M|37/100
|turn|32
|
|t:|1776277018
|move|p1a: Gallade|Psycho Cut|p2a: Raging Bolt
|-damage|p2a: Raging Bolt|0 fnt
|faint|p2a: Raging Bolt
|-end|p2a: Raging Bolt|Protosynthesis|[silent]
|
|win|tora41414
|raw|tora41414's rating: 1125 &rarr; <strong>1149</strong><br />(+24 for winning)
|raw|aaokd's rating: 1115 &rarr; <strong>1091</strong><br />(-24 for losing)
|c|☆tora41414|gg
