|html|<div class="broadcast-blue"><strong>[Gen 9] OU is currently suspecting Tera Blast! For information on how to participate check out the <a href="https://www.smogon.com/tools/suspects/view/200">suspect thread</a>.</strong></div>
|badge|p2|silver|gen9ou|30-9
|uhtml|medal-msg|<div class="broadcast-blue">Curious what those medals under the avatar are? PS now has Ladder Seasons! For more information, check out the <a href="https://www.smogon.com/forums/threads/3740067/">thread on Smogon.</a></div>
|j|☆GreninjaMyFav
|j|☆sv gurt
|t:|1776033280
|gametype|singles
|player|p1|GreninjaMyFav|169|1698
|player|p2|sv gurt|bugsy-masters|1806
|gen|9
|tier|[Gen 9] OU
|rated|
|rule|HP Percentage Mod: HP is shown in percentages
|rule|Endless Battle Clause: Forcing endless battles is banned
|rule|Species Clause: Limit one of each Pokémon
|rule|OHKO Clause: OHKO moves are banned
|rule|Evasion Items Clause: Evasion items are banned
|rule|Evasion Moves Clause: Evasion moves are banned
|rule|Evasion Abilities Clause: Evasion abilities are banned
|rule|Sleep Moves Clause: Sleep-inducing moves are banned
|clearpoke
|poke|p1|Greninja-*, M|
|poke|p1|Hoopa-Unbound|
|poke|p1|Great Tusk|
|poke|p1|Corviknight, F|
|poke|p1|Pecharunt|
|poke|p1|Alomomola, M|
|poke|p2|Samurott-Hisui, M|
|poke|p2|Hoopa-Unbound|
|poke|p2|Dragonite, F|
|poke|p2|Dragapult, M|
|poke|p2|Scizor, F|
|poke|p2|Kingambit, F|
|teampreview
|j| ohko_smeargle
|
|t:|1776033305
|teamsize|p1|6
|teamsize|p2|6
|start
|switch|p1a: Corviknight|Corviknight, F|100/100
|switch|p2a: SWAGGED OFF A PILL|Dragapult, M|100/100
|-ability|p1a: Corviknight|Pressure
|turn|1
|
|t:|1776033310
|switch|p1a: Alomomola|Alomomola, M|100/100
|move|p2a: SWAGGED OFF A PILL|Will-O-Wisp|p1a: Alomomola
|-status|p1a: Alomomola|brn
|
|-damage|p1a: Alomomola|94/100 brn|[from] brn
|upkeep
|turn|2
|
|t:|1776033334
|move|p2a: SWAGGED OFF A PILL|Hex|p1a: Alomomola
|-damage|p1a: Alomomola|66/100 brn
|move|p1a: Alomomola|Flip Turn|p2a: SWAGGED OFF A PILL
|-resisted|p2a: SWAGGED OFF A PILL
|-damage|p2a: SWAGGED OFF A PILL|95/100
|
|t:|1776033342
|switch|p1a: Greninja|Greninja, M|100/100|[from] Flip Turn
|
|upkeep
|turn|3
|
|t:|1776033367
|switch|p1a: Alomomola|Alomomola, M|99/100 brn
|move|p2a: SWAGGED OFF A PILL|Draco Meteor|p1a: Alomomola
|-damage|p1a: Alomomola|72/100 brn
|-unboost|p2a: SWAGGED OFF A PILL|spa|2
|
|-damage|p1a: Alomomola|66/100 brn|[from] brn
|upkeep
|turn|4
|
|t:|1776033375
|switch|p2a: ROTTEN $AM|Samurott-Hisui, M|100/100
|move|p1a: Alomomola|Flip Turn|p2a: ROTTEN $AM
|-resisted|p2a: ROTTEN $AM
|-damage|p2a: ROTTEN $AM|96/100
|
|t:|1776033377
|switch|p1a: Corviknight|Corviknight, F|100/100|[from] Flip Turn
|-ability|p1a: Corviknight|Pressure
|
|upkeep
|turn|5
|
|t:|1776033385
|move|p2a: ROTTEN $AM|Ceaseless Edge|p1a: Corviknight
|-damage|p1a: Corviknight|66/100
|-damage|p2a: ROTTEN $AM|79/100|[from] item: Rocky Helmet|[of] p1a: Corviknight
|-sidestart|p1: GreninjaMyFav|Spikes
|move|p1a: Corviknight|U-turn|p2a: ROTTEN $AM
|-supereffective|p2a: ROTTEN $AM
|-damage|p2a: ROTTEN $AM|39/100
|
|t:|1776033391
|switch|p1a: Greninja|Greninja, M|100/100|[from] U-turn
|-damage|p1a: Greninja|88/100|[from] Spikes
|
|upkeep
|turn|6
|
|t:|1776033409
|switch|p2a: 6RACKSONMYWRISTS|Hoopa-Unbound|100/100
|move|p1a: Greninja|Ice Beam|p2a: 6RACKSONMYWRISTS
|-start|p1a: Greninja|typechange|Ice|[from] ability: Protean
|-damage|p2a: 6RACKSONMYWRISTS|56/100
|
|-heal|p2a: 6RACKSONMYWRISTS|62/100|[from] item: Leftovers
|upkeep
|turn|7
|
|t:|1776033415
|switch|p1a: Corviknight|Corviknight, F|66/100
|-ability|p1a: Corviknight|Pressure
|move|p2a: 6RACKSONMYWRISTS|Knock Off|p1a: Corviknight
|-damage|p1a: Corviknight|30/100
|-damage|p2a: 6RACKSONMYWRISTS|46/100|[from] item: Rocky Helmet|[of] p1a: Corviknight
|-enditem|p1a: Corviknight|Rocky Helmet|[from] move: Knock Off|[of] p2a: 6RACKSONMYWRISTS
|
|-heal|p2a: 6RACKSONMYWRISTS|52/100|[from] item: Leftovers
|upkeep
|turn|8
|
|t:|1776033440
|switch|p1a: Great Tusk|Great Tusk|100/100
|move|p2a: 6RACKSONMYWRISTS|Psychic Noise|p1a: Great Tusk
|-supereffective|p1a: Great Tusk
|-damage|p1a: Great Tusk|0 fnt
|faint|p1a: Great Tusk
|-end|p1a: Great Tusk|Protosynthesis|[silent]
|
|-heal|p2a: 6RACKSONMYWRISTS|58/100|[from] item: Leftovers
|upkeep
|-message|GreninjaMyFav forfeited.
|
|win|sv gurt
|raw|GreninjaMyFav's rating: 1698 &rarr; <strong>1685</strong><br />(-13 for losing)
|raw|sv gurt's rating: 1821 &rarr; <strong>1834</strong><br />(+13 for winning)
|l|☆GreninjaMyFav
|player|p1|
|l| ohko_smeargle
