|html|<div class="broadcast-blue"><strong>[Gen 9] OU is currently suspecting Tera Blast! For information on how to participate check out the <a href="https://www.smogon.com/tools/suspects/view/200">suspect thread</a>.</strong></div>
|j|☆leguilleretsmogogo
|j|☆bonycrow
|t:|1776082237
|gametype|singles
|player|p1|leguilleretsmogogo|brendan-gen3|1221
|player|p2|bonycrow|265|1202
|gen|9
|tier|[Gen 9] OU
|rated|
|rule|HP Percentage Mod: HP is shown in percentages
|rule|Endless Battle Clause: Forcing endless battles is banned
|rule|Species Clause: Limit one of each Pokémon
|rule|OHKO Clause: OHKO moves are banned
|rule|Evasion Items Clause: Evasion items are banned
|rule|Evasion Moves Clause: Evasion moves are banned
|rule|Evasion Abilities Clause: Evasion abilities are banned
|rule|Sleep Moves Clause: Sleep-inducing moves are banned
|clearpoke
|poke|p1|Sableye, M|
|poke|p1|Clodsire, F|
|poke|p1|Metagross|
|poke|p1|Weezing-Galar, M|
|poke|p1|Garganacl, M|
|poke|p1|Iron Moth|
|poke|p2|Dragonite, M|
|poke|p2|Corviknight, M|
|poke|p2|Gastrodon-East, M|
|poke|p2|Clefable, M|
|poke|p2|Meowscarada, F|
|poke|p2|Iron Moth|
|teampreview
|inactive|Battle timer is ON: inactive players will automatically lose when time's up. (requested by leguilleretsmogogo)
|
|t:|1776082251
|teamsize|p1|6
|teamsize|p2|6
|start
|switch|p1a: Iron Moth|Iron Moth|100/100
|switch|p2a: Circe|Meowscarada, F|100/100
|turn|1
|
|t:|1776082261
|-terastallize|p1a: Iron Moth|Grass
|move|p2a: Circe|Knock Off|p1a: Iron Moth
|-start|p2a: Circe|typechange|Dark|[from] ability: Protean
|-damage|p1a: Iron Moth|0 fnt
|-enditem|p1a: Iron Moth|Choice Specs|[from] move: Knock Off|[of] p2a: Circe
|faint|p1a: Iron Moth
|-end|p1a: Iron Moth|Quark Drive|[silent]
|-damage|p2a: Circe|91/100|[from] item: Life Orb
|
|upkeep
|
|t:|1776082274
|switch|p1a: Mr.Monopoly|Weezing-Galar, M|100/100
|turn|2
|
|t:|1776082281
|move|p2a: Circe|Knock Off|p1a: Mr.Monopoly
|-resisted|p1a: Mr.Monopoly
|-damage|p1a: Mr.Monopoly|81/100
|-damage|p2a: Circe|74/100|[from] item: Rocky Helmet|[of] p1a: Mr.Monopoly
|-enditem|p1a: Mr.Monopoly|Rocky Helmet|[from] move: Knock Off|[of] p2a: Circe
|-damage|p2a: Circe|64/100|[from] item: Life Orb
|move|p1a: Mr.Monopoly|Flamethrower|p2a: Circe
|-damage|p2a: Circe|36/100
|
|upkeep
|turn|3
|
|t:|1776082296
|move|p2a: Circe|U-turn|p1a: Mr.Monopoly
|-resisted|p1a: Mr.Monopoly
|-damage|p1a: Mr.Monopoly|77/100
|-damage|p2a: Circe|26/100|[from] item: Life Orb
|
|t:|1776082301
|switch|p2a: Mothra|Iron Moth|100/100|[from] U-turn
|move|p1a: Mr.Monopoly|Will-O-Wisp|p2a: Mothra
|-immune|p2a: Mothra
|
|upkeep
|turn|4
|
|t:|1776082313
|switch|p1a: Thérèse|Clodsire, F|100/100
|move|p2a: Mothra|Sludge Wave|p1a: Thérèse
|-resisted|p1a: Thérèse
|-damage|p1a: Thérèse|93/100
|
|-heal|p1a: Thérèse|99/100|[from] item: Black Sludge
|upkeep
|turn|5
|
|t:|1776082329
|-end|p2a: Mothra|Quark Drive|[silent]
|switch|p2a: Circe|Meowscarada, F|26/100
|move|p1a: Thérèse|Stealth Rock|p2a: Circe
|-sidestart|p2: bonycrow|move: Stealth Rock
|
|-heal|p1a: Thérèse|100/100|[from] item: Black Sludge
|upkeep
|turn|6
|
|t:|1776082339
|switch|p1a: Le Petit Gobelin|Sableye, M|100/100
|move|p2a: Circe|Triple Axel|p1a: Le Petit Gobelin
|-start|p2a: Circe|typechange|Ice|[from] ability: Protean
|-damage|p1a: Le Petit Gobelin|89/100
|-damage|p2a: Circe|10/100|[from] item: Rocky Helmet|[of] p1a: Le Petit Gobelin
|-damage|p1a: Le Petit Gobelin|65/100
|-damage|p2a: Circe|0 fnt|[from] item: Rocky Helmet|[of] p1a: Le Petit Gobelin
|faint|p2a: Circe
|-hitcount|p1a: Le Petit Gobelin|2
|
|upkeep
|
|t:|1776082356
|switch|p2a: Mothra|Iron Moth|100/100
|turn|7
|
|t:|1776082363
|move|p1a: Le Petit Gobelin|Light Screen|p1a: Le Petit Gobelin
|-sidestart|p1: leguilleretsmogogo|move: Light Screen
|move|p2a: Mothra|Fiery Dance|p1a: Le Petit Gobelin
|-damage|p1a: Le Petit Gobelin|28/100
|-boost|p2a: Mothra|spa|1
|
|upkeep
|turn|8
|
|t:|1776082370
|switch|p1a: Thérèse|Clodsire, F|100/100
|move|p2a: Mothra|Fiery Dance|p1a: Thérèse
|-damage|p1a: Thérèse|84/100
|-boost|p2a: Mothra|spa|1
|
|-heal|p1a: Thérèse|91/100|[from] item: Black Sludge
|upkeep
|turn|9
|
|t:|1776082380
|-end|p2a: Mothra|Quark Drive|[silent]
|switch|p2a: Omen|Corviknight, M, shiny|100/100
|-damage|p2a: Omen|88/100|[from] Stealth Rock
|move|p1a: Thérèse|Earthquake|p2a: Omen
|-immune|p2a: Omen
|
|-heal|p1a: Thérèse|97/100|[from] item: Black Sludge
|upkeep
|turn|10
|
|t:|1776082391
|switch|p1a: Pierre|Garganacl, M|100/100
|move|p2a: Omen|Defog|p1a: Pierre
|-unboost|p1a: Pierre|evasion|1
|-sideend|p1: leguilleretsmogogo|move: Light Screen
|-sideend|p2: bonycrow|Stealth Rock|[from] move: Defog|[of] p2a: Omen
|
|upkeep
|turn|11
|
|t:|1776082401
|move|p2a: Omen|U-turn|p1a: Pierre
|-damage|p1a: Pierre|93/100
|
|t:|1776082414
|switch|p2a: Tink|Clefable, M|100/100|[from] U-turn
|move|p1a: Pierre|Salt Cure|p2a: Tink
|-damage|p2a: Tink|89/100
|-start|p2a: Tink|Salt Cure
|
|-heal|p1a: Pierre|99/100|[from] item: Leftovers
|-damage|p2a: Tink|77/100|[from] Salt Cure
|upkeep
|turn|12
|
|t:|1776082429
|switch|p1a: Thérèse|Clodsire, F|97/100
|move|p2a: Tink|Calm Mind|p2a: Tink
|-boost|p2a: Tink|spa|1
|-boost|p2a: Tink|spd|1
|
|-heal|p1a: Thérèse|100/100|[from] item: Black Sludge
|-damage|p2a: Tink|64/100|[from] Salt Cure
|upkeep
|turn|13
|
|t:|1776082441
|switch|p2a: Puff|Dragonite, M, shiny|100/100
|move|p1a: Thérèse|Toxic|p2a: Puff
|-status|p2a: Puff|tox
|
|-damage|p2a: Puff|94/100 tox|[from] psn
|upkeep
|turn|14
|
|t:|1776082451
|switch|p1a: Mr.Monopoly|Weezing-Galar, M|77/100
|move|p2a: Puff|Earthquake|p1a: Mr.Monopoly
|-immune|p1a: Mr.Monopoly|[from] ability: Levitate
|
|-damage|p2a: Puff|82/100 tox|[from] psn
|upkeep
|turn|15
|
|t:|1776082469
|-terastallize|p2a: Puff|Normal
|move|p2a: Puff|Dragon Dance|p2a: Puff
|-boost|p2a: Puff|atk|1
|-boost|p2a: Puff|spe|1
|move|p1a: Mr.Monopoly|Flamethrower|p2a: Puff
|-damage|p2a: Puff|63/100 tox
|
|-damage|p2a: Puff|45/100 tox|[from] psn
|upkeep
|turn|16
|
|t:|1776082481
|switch|p1a: Le Petit Gobelin|Sableye, M|28/100
|move|p2a: Puff|Extreme Speed|p1a: Le Petit Gobelin
|-immune|p1a: Le Petit Gobelin
|
|-damage|p2a: Puff|20/100 tox|[from] psn
|upkeep
|turn|17
|
|t:|1776082490
|move|p2a: Puff|Extreme Speed|p1a: Le Petit Gobelin
|-immune|p1a: Le Petit Gobelin
|move|p1a: Le Petit Gobelin|Encore|p2a: Puff
|-start|p2a: Puff|Encore
|
|-damage|p2a: Puff|0 fnt|[from] psn
|faint|p2a: Puff
|upkeep
|l|☆bonycrow
|inactive|bonycrow disconnected and has a minute to reconnect!
|player|p2|
|inactive|bonycrow has 30 seconds to reconnect!
|inactive|bonycrow has 20 seconds to reconnect!
|inactive|bonycrow has 15 seconds to reconnect!
|inactive|bonycrow has 10 seconds to reconnect!
|inactive|bonycrow has 5 seconds to reconnect!
|-message|bonycrow lost due to inactivity.
|
|win|leguilleretsmogogo
|raw|leguilleretsmogogo's rating: 1221 &rarr; <strong>1245</strong><br />(+24 for winning)
|raw|bonycrow's rating: 1202 &rarr; <strong>1178</strong><br />(-24 for losing)
|l|☆leguilleretsmogogo
|player|p1|
