|html|<div class="broadcast-blue"><strong>[Gen 9] OU is currently suspecting Tera Blast! For information on how to participate check out the <a href="https://www.smogon.com/tools/suspects/view/200">suspect thread</a>.</strong></div>
|j|☆deltarunetheanime
|j|☆msean3
|t:|1776054521
|gametype|singles
|player|p1|deltarunetheanime|roxie|1474
|player|p2|msean3|265|1562
|gen|9
|tier|[Gen 9] OU
|rated|
|rule|HP Percentage Mod: HP is shown in percentages
|rule|Endless Battle Clause: Forcing endless battles is banned
|rule|Species Clause: Limit one of each Pokémon
|rule|OHKO Clause: OHKO moves are banned
|rule|Evasion Items Clause: Evasion items are banned
|rule|Evasion Moves Clause: Evasion moves are banned
|rule|Evasion Abilities Clause: Evasion abilities are banned
|rule|Sleep Moves Clause: Sleep-inducing moves are banned
|clearpoke
|poke|p1|Clodsire, M|
|poke|p1|Ogerpon-Wellspring, F|
|poke|p1|Zoroark-Hisui, F|
|poke|p1|Zamazenta-*|
|poke|p1|Cinderace, M|
|poke|p1|Deoxys-Speed|
|poke|p2|Darkrai|
|poke|p2|Alomomola, M|
|poke|p2|Garchomp, F|
|poke|p2|Corviknight, M|
|poke|p2|Weezing-Galar, F|
|poke|p2|Ogerpon, F|
|teampreview
|inactive|Battle timer is ON: inactive players will automatically lose when time's up. (requested by deltarunetheanime)
|
|t:|1776054534
|teamsize|p1|6
|teamsize|p2|6
|start
|switch|p1a: Ogerpon|Ogerpon-Wellspring, F|100/100
|switch|p2a: Garchomp|Garchomp, F|100/100
|turn|1
|
|t:|1776054538
|move|p1a: Ogerpon|U-turn|p2a: Garchomp
|-crit|p2a: Garchomp
|-damage|p2a: Garchomp|73/100
|-damage|p1a: Ogerpon|88/100|[from] ability: Rough Skin|[of] p2a: Garchomp
|-damage|p1a: Ogerpon|72/100|[from] item: Rocky Helmet|[of] p2a: Garchomp
|
|t:|1776054542
|switch|p1a: Clodsire|Clodsire, M|100/100|[from] U-turn
|-item|p1a: Clodsire|Air Balloon
|move|p2a: Garchomp|Stealth Rock|p1a: Clodsire
|-sidestart|p1: deltarunetheanime|move: Stealth Rock
|
|upkeep
|turn|2
|
|t:|1776054545
|move|p1a: Clodsire|Will-O-Wisp|p2a: Garchomp
|-status|p2a: Garchomp|brn
|move|p2a: Garchomp|Dragon Tail|p1a: Clodsire|[miss]
|-miss|p2a: Garchomp|p1a: Clodsire
|
|-damage|p2a: Garchomp|66/100 brn|[from] brn
|upkeep
|turn|3
|
|t:|1776054550
|move|p1a: Clodsire|Detect|p1a: Clodsire
|-singleturn|p1a: Clodsire|Protect
|move|p2a: Garchomp|Dragon Tail|p1a: Clodsire
|-activate|p1a: Clodsire|move: Protect
|
|-damage|p2a: Garchomp|60/100 brn|[from] brn
|upkeep
|turn|4
|
|t:|1776054552
|move|p1a: Clodsire|Hex|p2a: Garchomp
|-crit|p2a: Garchomp
|-damage|p2a: Garchomp|0 fnt
|faint|p2a: Garchomp
|
|upkeep
|
|t:|1776054561
|switch|p2a: Darkrai|Darkrai|100/100
|turn|5
|
|t:|1776054566
|switch|p1a: Clodsire|Clodsire, M|100/100
|-damage|p1a: Clodsire|94/100|[from] Stealth Rock
|move|p2a: Darkrai|Ice Beam|p1a: Clodsire
|-supereffective|p1a: Clodsire
|-damage|p1a: Clodsire|45/100
|
|-heal|p1a: Clodsire|51/100|[from] item: Leftovers
|upkeep
|turn|6
|
|t:|1776054568
|move|p2a: Darkrai|Ice Beam|p1a: Clodsire
|-supereffective|p1a: Clodsire
|-damage|p1a: Clodsire|0 fnt
|faint|p1a: Clodsire
|
|upkeep
|
|t:|1776054573
|switch|p1a: Ogerpon|Ogerpon-Wellspring, F|72/100
|-damage|p1a: Ogerpon|59/100|[from] Stealth Rock
|turn|7
|
|t:|1776054577
|switch|p2a: Corviknight|Corviknight, M|100/100
|-ability|p2a: Corviknight|Pressure
|-terastallize|p1a: Ogerpon|Water
|detailschange|p1a: Ogerpon|Ogerpon-Wellspring-Tera, F, tera:Water
|-ability|p1a: Ogerpon|Embody Aspect (Wellspring)|boost
|-boost|p1a: Ogerpon|spd|1
|move|p1a: Ogerpon|Ivy Cudgel|p2a: Corviknight|[anim] Ivy Cudgel Water
|-damage|p2a: Corviknight|37/100
|
|-heal|p2a: Corviknight|44/100|[from] item: Leftovers
|upkeep
|turn|8
|
|t:|1776054586
|move|p1a: Ogerpon|U-turn|p2a: Corviknight
|-resisted|p2a: Corviknight
|-damage|p2a: Corviknight|38/100
|
|t:|1776054588
|switch|p1a: Cinderace|Cinderace, M|100/100|[from] U-turn
|move|p2a: Corviknight|U-turn|p1a: Cinderace
|-resisted|p1a: Cinderace
|-damage|p1a: Cinderace|91/100
|
|t:|1776054596
|switch|p2a: Darkrai|Darkrai|100/100|[from] U-turn
|
|upkeep
|turn|9
|
|t:|1776054599
|move|p2a: Darkrai|Dark Pulse|p1a: Cinderace
|-damage|p1a: Cinderace|0 fnt
|faint|p1a: Cinderace
|
|upkeep
|
|t:|1776054605
|switch|p1a: Ogerpon|Ogerpon-Wellspring-Tera, F, tera:Water|59/100
|-damage|p1a: Ogerpon|47/100|[from] Stealth Rock
|-ability|p1a: Ogerpon|Embody Aspect (Wellspring)|boost
|-boost|p1a: Ogerpon|spd|1
|turn|10
|
|t:|1776054609
|switch|p2a: Corviknight|Corviknight, M|38/100
|-ability|p2a: Corviknight|Pressure
|move|p1a: Ogerpon|Horn Leech|p2a: Corviknight
|-resisted|p2a: Corviknight
|-damage|p2a: Corviknight|29/100
|-heal|p1a: Ogerpon|53/100|[from] drain|[of] p2a: Corviknight
|
|-heal|p2a: Corviknight|35/100|[from] item: Leftovers
|upkeep
|turn|11
|
|t:|1776054613
|move|p1a: Ogerpon|Ivy Cudgel|p2a: Corviknight|[anim] Ivy Cudgel Water
|-damage|p2a: Corviknight|0 fnt
|faint|p2a: Corviknight
|
|upkeep
|
|t:|1776054617
|switch|p2a: Ogerpon|Ogerpon, F|100/100
|turn|12
|
|t:|1776054622
|switch|p1a: Ogerpon|Ogerpon-Wellspring-Tera, F|100/100
|-damage|p1a: Ogerpon|88/100|[from] Stealth Rock
|-item|p1a: Ogerpon|Air Balloon
|-terastallize|p2a: Ogerpon|Grass
|detailschange|p2a: Ogerpon|Ogerpon-Teal-Tera, F, tera:Grass
|-ability|p2a: Ogerpon|Embody Aspect (Teal)|boost
|-boost|p2a: Ogerpon|spe|1
|move|p2a: Ogerpon|Ivy Cudgel|p1a: Ogerpon
|-damage|p1a: Ogerpon|0 fnt
|replace|p1a: Zoroark|Zoroark-Hisui, F, shiny
|-end|p1a: Zoroark|Illusion
|-enditem|p1a: Zoroark|Air Balloon
|faint|p1a: Zoroark
|
|upkeep
|
|t:|1776054625
|switch|p1a: Zamazenta|Zamazenta|100/100
|-damage|p1a: Zamazenta|95/100|[from] Stealth Rock
|-ability|p1a: Zamazenta|Dauntless Shield|boost
|-boost|p1a: Zamazenta|def|1
|turn|13
|
|t:|1776054629
|switch|p2a: Weezing|Weezing-Galar, F|100/100
|-ability|p2a: Weezing|Neutralizing Gas
|switch|p1a: Ogerpon|Ogerpon-Wellspring-Tera, F, tera:Water|53/100
|-damage|p1a: Ogerpon|41/100|[from] Stealth Rock
|
|upkeep
|turn|14
|
|t:|1776054633
|move|p1a: Ogerpon|Ivy Cudgel|p2a: Weezing|[anim] Ivy Cudgel Water
|-damage|p2a: Weezing|48/100
|move|p2a: Weezing|Will-O-Wisp|p1a: Ogerpon
|-status|p1a: Ogerpon|brn
|
|-heal|p2a: Weezing|54/100|[from] item: Leftovers
|-damage|p1a: Ogerpon|35/100 brn|[from] brn
|upkeep
|turn|15
|
|t:|1776054640
|-end|p2a: Weezing|ability: Neutralizing Gas
|-ability|p1a: Ogerpon|Embody Aspect (Wellspring)|boost
|-boost|p1a: Ogerpon|spd|1
|switch|p2a: Alomomola|Alomomola, M|100/100
|move|p1a: Ogerpon|U-turn|p2a: Alomomola
|-damage|p2a: Alomomola|90/100
|
|t:|1776054643
|switch|p1a: Deoxys|Deoxys-Speed|100/100|[from] U-turn
|-damage|p1a: Deoxys|88/100|[from] Stealth Rock
|-ability|p1a: Deoxys|Pressure
|
|upkeep
|turn|16
|
|t:|1776054648
|move|p1a: Deoxys|Spikes|p2a: Alomomola
|-sidestart|p2: msean3|Spikes
|move|p2a: Alomomola|Flip Turn|p1a: Deoxys
|-damage|p1a: Deoxys|65/100
|
|t:|1776054651
|switch|p2a: Ogerpon|Ogerpon-Teal-Tera, F, tera:Grass|100/100|[from] Flip Turn
|-ability|p2a: Ogerpon|Embody Aspect (Teal)|boost
|-boost|p2a: Ogerpon|spe|1
|
|upkeep
|turn|17
|
|t:|1776054653
|move|p2a: Ogerpon|Ivy Cudgel|p1a: Deoxys
|-damage|p1a: Deoxys|0 fnt
|faint|p1a: Deoxys
|
|upkeep
|
|t:|1776054656
|switch|p1a: Zamazenta|Zamazenta|95/100
|-damage|p1a: Zamazenta|89/100|[from] Stealth Rock
|turn|18
|
|t:|1776054662
|switch|p2a: Weezing|Weezing-Galar, F|54/100
|-ability|p2a: Weezing|Neutralizing Gas
|-damage|p2a: Weezing|42/100|[from] Spikes
|move|p1a: Zamazenta|Wild Charge|p2a: Weezing
|-damage|p2a: Weezing|23/100
|-damage|p1a: Zamazenta|84/100|[from] Recoil
|
|-heal|p2a: Weezing|29/100|[from] item: Leftovers
|upkeep
|turn|19
|
|t:|1776054665
|move|p1a: Zamazenta|Iron Head|p2a: Weezing
|-supereffective|p2a: Weezing
|-damage|p2a: Weezing|0 fnt
|faint|p2a: Weezing
|-end|p2a: Weezing|ability: Neutralizing Gas
|
|upkeep
|
|t:|1776054672
|switch|p2a: Alomomola|Alomomola, M|100/100
|-damage|p2a: Alomomola|88/100|[from] Spikes
|turn|20
|
|t:|1776054674
|move|p1a: Zamazenta|Wild Charge|p2a: Alomomola
|-supereffective|p2a: Alomomola
|-damage|p2a: Alomomola|47/100
|-damage|p1a: Zamazenta|68/100|[from] Recoil
|move|p2a: Alomomola|Body Slam|p1a: Zamazenta
|-crit|p1a: Zamazenta
|-damage|p1a: Zamazenta|48/100
|
|upkeep
|turn|21
|
|t:|1776054681
|move|p1a: Zamazenta|Close Combat|p2a: Alomomola
|-damage|p2a: Alomomola|0 fnt
|-unboost|p1a: Zamazenta|def|1
|-unboost|p1a: Zamazenta|spd|1
|faint|p2a: Alomomola
|
|upkeep
|
|t:|1776054684
|switch|p2a: Ogerpon|Ogerpon-Teal-Tera, F, tera:Grass|100/100
|-ability|p2a: Ogerpon|Embody Aspect (Teal)|boost
|-boost|p2a: Ogerpon|spe|1
|turn|22
|
|t:|1776054687
|switch|p1a: Ogerpon|Ogerpon-Wellspring-Tera, F, tera:Water|35/100 brn
|-damage|p1a: Ogerpon|23/100 brn|[from] Stealth Rock
|-ability|p1a: Ogerpon|Embody Aspect (Wellspring)|boost
|-boost|p1a: Ogerpon|spd|1
|move|p2a: Ogerpon|Ivy Cudgel|p1a: Ogerpon
|-supereffective|p1a: Ogerpon
|-damage|p1a: Ogerpon|0 fnt
|faint|p1a: Ogerpon
|detailschange|p1: Ogerpon|Ogerpon-Wellspring, F|[silent]
|
|upkeep
|
|t:|1776054688
|switch|p1a: Zamazenta|Zamazenta|48/100
|-damage|p1a: Zamazenta|42/100|[from] Stealth Rock
|turn|23
|
|t:|1776054692
|switch|p2a: Darkrai|Darkrai|100/100
|-damage|p2a: Darkrai|88/100|[from] Spikes
|move|p1a: Zamazenta|Close Combat|p2a: Darkrai
|-supereffective|p2a: Darkrai
|-damage|p2a: Darkrai|0 fnt
|-unboost|p1a: Zamazenta|def|1
|-unboost|p1a: Zamazenta|spd|1
|faint|p2a: Darkrai
|
|upkeep
|
|t:|1776054694
|switch|p2a: Ogerpon|Ogerpon-Teal-Tera, F, tera:Grass|100/100
|-ability|p2a: Ogerpon|Embody Aspect (Teal)|boost
|-boost|p2a: Ogerpon|spe|1
|turn|24
|
|t:|1776054696
|move|p2a: Ogerpon|Ivy Cudgel|p1a: Zamazenta
|-damage|p1a: Zamazenta|0 fnt
|faint|p1a: Zamazenta
|
|win|msean3
|raw|deltarunetheanime's rating: 1474 &rarr; <strong>1459</strong><br />(-15 for losing)
|raw|msean3's rating: 1562 &rarr; <strong>1577</strong><br />(+15 for winning)
|l|☆deltarunetheanime
|player|p1|
|l|☆msean3
|player|p2|
