|html|<div class="broadcast-blue"><strong>[Gen 9] OU is currently suspecting Tera Blast! For information on how to participate check out the <a href="https://www.smogon.com/tools/suspects/view/200">suspect thread</a>.</strong></div>
|j|☆Kira167
|j|☆Joehenderson21
|t:|1776074687
|gametype|singles
|player|p1|Kira167|2|1153
|player|p2|Joehenderson21|170|1208
|gen|9
|tier|[Gen 9] OU
|rated|
|rule|HP Percentage Mod: HP is shown in percentages
|rule|Endless Battle Clause: Forcing endless battles is banned
|rule|Species Clause: Limit one of each Pokémon
|rule|OHKO Clause: OHKO moves are banned
|rule|Evasion Items Clause: Evasion items are banned
|rule|Evasion Moves Clause: Evasion moves are banned
|rule|Evasion Abilities Clause: Evasion abilities are banned
|rule|Sleep Moves Clause: Sleep-inducing moves are banned
|clearpoke
|poke|p1|Gliscor, M|
|poke|p1|Gholdengo|
|poke|p1|Toxapex, M|
|poke|p1|Kyurem|
|poke|p1|Kingambit, M|
|poke|p1|Great Tusk|
|poke|p2|Exeggutor, M|
|poke|p2|Torkoal, M|
|poke|p2|Walking Wake|
|poke|p2|Lycanroc, M|
|poke|p2|Incineroar, M|
|poke|p2|Sandy Shocks|
|teampreview
|
|t:|1776074699
|teamsize|p1|6
|teamsize|p2|6
|start
|switch|p1a: Andhakasur|Gliscor, M|100/100
|switch|p2a: Torkoal|Torkoal, M|100/100
|-weather|SunnyDay|[from] ability: Drought|[of] p2a: Torkoal
|turn|1
|
|t:|1776074720
|-terastallize|p1a: Andhakasur|Water
|move|p1a: Andhakasur|Substitute|p1a: Andhakasur
|-start|p1a: Andhakasur|Substitute
|-damage|p1a: Andhakasur|75/100
|move|p2a: Torkoal|Will-O-Wisp||[still]
|-fail|p2a: Torkoal
|
|-weather|SunnyDay|[upkeep]
|-status|p1a: Andhakasur|tox|[from] item: Toxic Orb
|upkeep
|turn|2
|
|t:|1776074735
|switch|p2a: Exeggutor|Exeggutor, M|100/100
|move|p1a: Andhakasur|Earthquake|p2a: Exeggutor
|-resisted|p2a: Exeggutor
|-damage|p2a: Exeggutor|79/100
|
|-weather|SunnyDay|[upkeep]
|-heal|p1a: Andhakasur|88/100 tox|[from] ability: Poison Heal
|upkeep
|turn|3
|
|t:|1776074770
|switch|p1a: Kyurem|Kyurem, shiny|100/100
|-ability|p1a: Kyurem|Pressure
|move|p2a: Exeggutor|Solar Beam||[still]
|-prepare|p2a: Exeggutor|Solar Beam
|-anim|p2a: Exeggutor|Solar Beam|p1a: Kyurem
|-resisted|p1a: Kyurem
|-damage|p1a: Kyurem|62/100
|-damage|p2a: Exeggutor|69/100|[from] item: Life Orb
|
|-weather|SunnyDay|[upkeep]
|-heal|p1a: Kyurem|68/100|[from] item: Leftovers
|upkeep
|turn|4
|
|t:|1776074786
|switch|p2a: Torkoal|Torkoal, M|100/100
|move|p1a: Kyurem|Freeze-Dry|p2a: Torkoal
|-resisted|p2a: Torkoal
|-damage|p2a: Torkoal|86/100
|
|-weather|SunnyDay|[upkeep]
|-heal|p1a: Kyurem|75/100|[from] item: Leftovers
|upkeep
|turn|5
|
|t:|1776074809
|switch|p1a: Andhakasur|Gliscor, M, tera:Water|88/100 tox
|move|p2a: Torkoal|Stealth Rock|p1a: Andhakasur
|-sidestart|p1: Kira167|move: Stealth Rock
|
|-weather|SunnyDay|[upkeep]
|-heal|p1a: Andhakasur|100/100 tox|[from] ability: Poison Heal
|upkeep
|turn|6
|
|t:|1776074824
|switch|p2a: Walking Wake|Walking Wake|100/100
|-activate|p2a: Walking Wake|ability: Protosynthesis
|-start|p2a: Walking Wake|protosynthesisspa
|move|p1a: Andhakasur|Earthquake|p2a: Walking Wake
|-damage|p2a: Walking Wake|63/100
|
|-weather|SunnyDay|[upkeep]
|upkeep
|turn|7
|
|t:|1776074840
|move|p2a: Walking Wake|Hydro Steam|p1a: Andhakasur
|-resisted|p1a: Andhakasur
|-damage|p1a: Andhakasur|54/100 tox
|move|p1a: Andhakasur|Substitute|p1a: Andhakasur
|-start|p1a: Andhakasur|Substitute
|-damage|p1a: Andhakasur|29/100 tox
|
|-weather|SunnyDay|[upkeep]
|-heal|p1a: Andhakasur|42/100 tox|[from] ability: Poison Heal
|upkeep
|turn|8
|
|t:|1776074852
|move|p2a: Walking Wake|Hydro Steam|p1a: Andhakasur
|-resisted|p1a: Andhakasur
|-end|p1a: Andhakasur|Substitute
|move|p1a: Andhakasur|Toxic|p2a: Walking Wake
|-status|p2a: Walking Wake|tox
|
|-weather|none
|-end|p2a: Walking Wake|Protosynthesis
|-damage|p2a: Walking Wake|57/100 tox|[from] psn
|-heal|p1a: Andhakasur|54/100 tox|[from] ability: Poison Heal
|upkeep
|-enditem|p2a: Walking Wake|Booster Energy
|-activate|p2a: Walking Wake|ability: Protosynthesis|[fromitem]
|-start|p2a: Walking Wake|protosynthesisspa
|turn|9
|
|t:|1776074867
|move|p1a: Andhakasur|Protect|p1a: Andhakasur
|-singleturn|p1a: Andhakasur|Protect
|move|p2a: Walking Wake|Draco Meteor|p1a: Andhakasur
|-activate|p1a: Andhakasur|move: Protect
|
|-damage|p2a: Walking Wake|45/100 tox|[from] psn
|-heal|p1a: Andhakasur|67/100 tox|[from] ability: Poison Heal
|upkeep
|turn|10
|
|t:|1776074878
|move|p2a: Walking Wake|Draco Meteor|p1a: Andhakasur
|-damage|p1a: Andhakasur|0 fnt
|-unboost|p2a: Walking Wake|spa|2
|faint|p1a: Andhakasur
|
|-damage|p2a: Walking Wake|26/100 tox|[from] psn
|upkeep
|
|t:|1776074886
|switch|p1a: Kyurem|Kyurem, shiny|75/100
|-damage|p1a: Kyurem|50/100|[from] Stealth Rock
|-ability|p1a: Kyurem|Pressure
|turn|11
|
|t:|1776074894
|move|p2a: Walking Wake|Draco Meteor|p1a: Kyurem
|-supereffective|p1a: Kyurem
|-damage|p1a: Kyurem|0 fnt
|-unboost|p2a: Walking Wake|spa|2
|faint|p1a: Kyurem
|
|-damage|p2a: Walking Wake|2/100 tox|[from] psn
|upkeep
|
|t:|1776074904
|switch|p1a: Toxapex|Toxapex, M|100/100
|-damage|p1a: Toxapex|88/100|[from] Stealth Rock
|turn|12
|
|t:|1776074914
|-end|p2a: Walking Wake|Protosynthesis|[silent]
|switch|p2a: Torkoal|Torkoal, M|86/100
|-weather|SunnyDay|[from] ability: Drought|[of] p2a: Torkoal
|move|p1a: Toxapex|Toxic Spikes|p2a: Torkoal
|-sidestart|p2: Joehenderson21|move: Toxic Spikes
|
|-weather|SunnyDay|[upkeep]
|-heal|p1a: Toxapex|94/100|[from] item: Black Sludge
|upkeep
|turn|13
|
|t:|1776074929
|move|p1a: Toxapex|Surf|p2a: Torkoal
|-supereffective|p2a: Torkoal
|-damage|p2a: Torkoal|69/100
|move|p2a: Torkoal|Will-O-Wisp|p1a: Toxapex
|-status|p1a: Toxapex|brn
|
|-weather|SunnyDay|[upkeep]
|-heal|p1a: Toxapex|100/100 brn|[from] item: Black Sludge
|-damage|p1a: Toxapex|94/100 brn|[from] brn
|upkeep
|turn|14
|
|t:|1776074942
|move|p1a: Toxapex|Surf|p2a: Torkoal
|-supereffective|p2a: Torkoal
|-damage|p2a: Torkoal|53/100
|move|p2a: Torkoal|Rapid Spin|p1a: Toxapex
|-damage|p1a: Toxapex|89/100 brn
|-boost|p2a: Torkoal|spe|1
|-sideend|p2: Joehenderson21|Toxic Spikes|[from] move: Rapid Spin|[of] p2a: Torkoal
|
|-weather|SunnyDay|[upkeep]
|-heal|p1a: Toxapex|95/100 brn|[from] item: Black Sludge
|-damage|p1a: Toxapex|89/100 brn|[from] brn
|upkeep
|turn|15
|
|t:|1776074957
|switch|p2a: Walking Wake|Walking Wake|2/100 tox
|-activate|p2a: Walking Wake|ability: Protosynthesis
|-start|p2a: Walking Wake|protosynthesisspa
|move|p1a: Toxapex|Haze|p1a: Toxapex
|-clearallboost
|
|-weather|SunnyDay|[upkeep]
|-heal|p1a: Toxapex|95/100 brn|[from] item: Black Sludge
|-damage|p2a: Walking Wake|0 fnt|[from] psn
|faint|p2a: Walking Wake
|-end|p2a: Walking Wake|Protosynthesis|[silent]
|-damage|p1a: Toxapex|89/100 brn|[from] brn
|upkeep
|
|t:|1776074976
|switch|p2a: Sandy Shocks|Sandy Shocks|100/100
|-activate|p2a: Sandy Shocks|ability: Protosynthesis
|-start|p2a: Sandy Shocks|protosynthesisspa
|turn|16
|
|t:|1776074992
|move|p2a: Sandy Shocks|Earth Power|p1a: Toxapex
|-supereffective|p1a: Toxapex
|-damage|p1a: Toxapex|0 fnt
|faint|p1a: Toxapex
|
|-weather|SunnyDay|[upkeep]
|upkeep
|
|t:|1776075004
|switch|p1a: Airavat|Great Tusk|100/100
|-activate|p1a: Airavat|ability: Protosynthesis
|-start|p1a: Airavat|protosynthesisdef
|turn|17
|
|t:|1776075016
|-terastallize|p2a: Sandy Shocks|Ice
|move|p2a: Sandy Shocks|Tera Blast|p1a: Airavat|[anim] Tera Blast Ice
|-supereffective|p1a: Airavat
|-damage|p1a: Airavat|0 fnt
|faint|p1a: Airavat
|-end|p1a: Airavat|Protosynthesis|[silent]
|
|-weather|SunnyDay|[upkeep]
|upkeep
|
|t:|1776075026
|switch|p1a: kans mama|Kingambit, M, shiny|100/100
|-damage|p1a: kans mama|94/100|[from] Stealth Rock
|-activate|p1a: kans mama|ability: Supreme Overlord
|-start|p1a: kans mama|fallen4|[silent]
|turn|18
|
|t:|1776075040
|move|p2a: Sandy Shocks|Earth Power|p1a: kans mama
|-supereffective|p1a: kans mama
|-damage|p1a: kans mama|0 fnt
|faint|p1a: kans mama
|-end|p1a: kans mama|fallen4|[silent]
|
|-weather|SunnyDay|[upkeep]
|upkeep
|
|t:|1776075047
|switch|p1a: Rahu|Gholdengo, shiny|100/100
|-damage|p1a: Rahu|94/100|[from] Stealth Rock
|turn|19
|
|t:|1776075053
|move|p2a: Sandy Shocks|Earth Power|p1a: Rahu
|-supereffective|p1a: Rahu
|-damage|p1a: Rahu|0 fnt
|faint|p1a: Rahu
|
|win|Joehenderson21
|raw|Kira167's rating: 1153 &rarr; <strong>1132</strong><br />(-21 for losing)
|raw|Joehenderson21's rating: 1208 &rarr; <strong>1229</strong><br />(+21 for winning)
|l|☆Kira167
|player|p1|
|l|☆Joehenderson21
|player|p2|
