|html|<div class="broadcast-blue"><strong>[Gen 9] OU is currently suspecting Volcarona! For information on how to participate check out the <a href="https://www.smogon.com/tools/suspects/view/208">suspect thread</a>.</strong></div>
|j|☆shun5412
|j|☆DopeyDawg
|t:|1778497367
|gametype|singles
|player|p1|shun5412|az|1140
|player|p2|DopeyDawg|266|1091
|gen|9
|tier|[Gen 9] OU
|rated|
|rule|HP Percentage Mod: HP is shown in percentages
|rule|Endless Battle Clause: Forcing endless battles is banned
|rule|Species Clause: Limit one of each Pokémon
|rule|OHKO Clause: OHKO moves are banned
|rule|Evasion Items Clause: Evasion items are banned
|rule|Evasion Moves Clause: Evasion moves are banned
|rule|Evasion Abilities Clause: Evasion abilities are banned
|rule|Sleep Moves Clause: Sleep-inducing moves are banned
|clearpoke
|poke|p1|Kyurem|
|poke|p1|Glimmora, M|
|poke|p1|Ninetales-Alola, M|
|poke|p1|Ting-Lu|
|poke|p1|Araquanid, M|
|poke|p1|Gholdengo|
|poke|p2|Whimsicott, F|
|poke|p2|Quaquaval, M|
|poke|p2|Zoroark, F|
|poke|p2|Blaziken, M|
|poke|p2|Toxapex, F|
|poke|p2|Garchomp, M|
|teampreview
|
|t:|1778497377
|teamsize|p1|6
|teamsize|p2|6
|start
|switch|p1a: Araquanid|Araquanid, M|100/100
|switch|p2a: Garchomp|Garchomp, M|100/100
|turn|1
|
|t:|1778497393
|move|p2a: Garchomp|Stone Edge|p1a: Araquanid
|-supereffective|p1a: Araquanid
|-damage|p1a: Araquanid|45/100
|move|p1a: Araquanid|Sticky Web|p2a: Garchomp
|-sidestart|p2: DopeyDawg|move: Sticky Web
|
|upkeep
|turn|2
|
|t:|1778497407
|switch|p1a: Ting-Lu|Ting-Lu|100/100
|-ability|p1a: Ting-Lu|Vessel of Ruin
|move|p2a: Garchomp|Scale Shot|p1a: Ting-Lu
|-damage|p1a: Ting-Lu|94/100
|-damage|p1a: Ting-Lu|88/100
|-damage|p1a: Ting-Lu|81/100
|-crit|p1a: Ting-Lu
|-damage|p1a: Ting-Lu|72/100
|-hitcount|p1a: Ting-Lu|4
|-unboost|p2a: Garchomp|def|1
|-boost|p2a: Garchomp|spe|1
|
|-heal|p1a: Ting-Lu|79/100|[from] item: Leftovers
|upkeep
|turn|3
|
|t:|1778497423
|move|p2a: Garchomp|Earthquake|p1a: Ting-Lu
|-damage|p1a: Ting-Lu|55/100
|move|p1a: Ting-Lu|Earthquake|p2a: Garchomp
|-damage|p2a: Garchomp|42/100
|
|-heal|p1a: Ting-Lu|61/100|[from] item: Leftovers
|upkeep
|turn|4
|
|t:|1778497431
|move|p2a: Garchomp|Earthquake|p1a: Ting-Lu
|-damage|p1a: Ting-Lu|36/100
|move|p1a: Ting-Lu|Earthquake|p2a: Garchomp
|-damage|p2a: Garchomp|0 fnt
|faint|p2a: Garchomp
|
|-heal|p1a: Ting-Lu|43/100|[from] item: Leftovers
|upkeep
|
|t:|1778497452
|switch|p2a: Whimsicott|Whimsicott, F|100/100
|-activate|p2a: Whimsicott|move: Sticky Web
|-unboost|p2a: Whimsicott|spe|1
|turn|5
|
|t:|1778497457
|move|p2a: Whimsicott|Focus Blast|p1a: Ting-Lu|[miss]
|-miss|p2a: Whimsicott|p1a: Ting-Lu
|-enditem|p2a: Whimsicott|Blunder Policy
|-boost|p2a: Whimsicott|spe|2
|move|p1a: Ting-Lu|Stealth Rock|p2a: Whimsicott
|-sidestart|p2: DopeyDawg|move: Stealth Rock
|
|-heal|p1a: Ting-Lu|49/100|[from] item: Leftovers
|upkeep
|turn|6
|
|t:|1778497471
|switch|p1a: Araquanid|Araquanid, M|45/100
|move|p2a: Whimsicott|Flamethrower|p1a: Araquanid
|-damage|p1a: Araquanid|32/100
|
|upkeep
|turn|7
|
|t:|1778497481
|move|p2a: Whimsicott|Dark Pulse|p1a: Araquanid
|-damage|p1a: Araquanid|1/100
|cant|p1a: Araquanid|flinch
|
|upkeep
|turn|8
|
|t:|1778497488
|move|p2a: Whimsicott|Dark Pulse|p1a: Araquanid
|-damage|p1a: Araquanid|0 fnt
|faint|p1a: Araquanid
|
|upkeep
|
|t:|1778497494
|switch|p1a: Ninetales|Ninetales-Alola, M|100/100
|-weather|Snowscape|[from] ability: Snow Warning|[of] p1a: Ninetales
|turn|9
|
|t:|1778497506
|-terastallize|p2a: Whimsicott|Fairy
|move|p2a: Whimsicott|Sludge Bomb|p1a: Ninetales
|-supereffective|p1a: Ninetales
|-damage|p1a: Ninetales|41/100
|move|p1a: Ninetales|Aurora Veil|p1a: Ninetales
|-sidestart|p1: shun5412|move: Aurora Veil
|
|-weather|Snowscape|[upkeep]
|upkeep
|turn|10
|
|t:|1778497519
|switch|p1a: Kyurem|Kyurem|100/100
|-ability|p1a: Kyurem|Pressure
|move|p2a: Whimsicott|Sludge Bomb|p1a: Kyurem
|-damage|p1a: Kyurem|90/100
|-status|p1a: Kyurem|psn
|
|-weather|Snowscape|[upkeep]
|-heal|p1a: Kyurem|96/100 psn|[from] item: Leftovers
|-damage|p1a: Kyurem|84/100 psn|[from] psn
|upkeep
|turn|11
|
|t:|1778497532
|move|p2a: Whimsicott|Focus Blast|p1a: Kyurem
|-supereffective|p1a: Kyurem
|-damage|p1a: Kyurem|55/100 psn
|move|p1a: Kyurem|Freeze-Dry|p2a: Whimsicott
|-damage|p2a: Whimsicott|44/100
|replace|p2a: Zoroark|Zoroark, F
|-end|p2a: Zoroark|Illusion
|
|-weather|Snowscape|[upkeep]
|-heal|p1a: Kyurem|61/100 psn|[from] item: Leftovers
|-damage|p1a: Kyurem|49/100 psn|[from] psn
|upkeep
|turn|12
|
|t:|1778497549
|move|p2a: Zoroark|Dark Pulse|p1a: Kyurem
|-damage|p1a: Kyurem|35/100 psn
|move|p1a: Kyurem|Freeze-Dry|p2a: Zoroark
|-damage|p2a: Zoroark|0 fnt
|faint|p2a: Zoroark
|
|-weather|Snowscape|[upkeep]
|-heal|p1a: Kyurem|41/100 psn|[from] item: Leftovers
|-damage|p1a: Kyurem|29/100 psn|[from] psn
|upkeep
|
|t:|1778497568
|switch|p2a: Quaquaval|Quaquaval, M|100/100
|-activate|p2a: Quaquaval|move: Sticky Web
|-unboost|p2a: Quaquaval|spe|1
|-damage|p2a: Quaquaval|94/100|[from] Stealth Rock
|turn|13
|
|t:|1778497574
|switch|p1a: Gholdengo|Gholdengo|100/100
|-item|p1a: Gholdengo|Air Balloon
|move|p2a: Quaquaval|Aqua Step|p1a: Gholdengo
|-damage|p1a: Gholdengo|81/100
|-boost|p2a: Quaquaval|spe|1
|-enditem|p1a: Gholdengo|Air Balloon
|-damage|p2a: Quaquaval|84/100|[from] item: Life Orb
|
|-weather|none
|upkeep
|turn|14
|
|t:|1778497586
|move|p2a: Quaquaval|Knock Off|p1a: Gholdengo
|-supereffective|p1a: Gholdengo
|-damage|p1a: Gholdengo|59/100
|-damage|p2a: Quaquaval|75/100|[from] item: Life Orb
|move|p1a: Gholdengo|Shadow Ball|p2a: Quaquaval
|-damage|p2a: Quaquaval|25/100
|
|upkeep
|turn|15
|
|t:|1778497595
|move|p2a: Quaquaval|Knock Off|p1a: Gholdengo
|-supereffective|p1a: Gholdengo
|-damage|p1a: Gholdengo|38/100
|-damage|p2a: Quaquaval|15/100|[from] item: Life Orb
|move|p1a: Gholdengo|Shadow Ball|p2a: Quaquaval
|-damage|p2a: Quaquaval|0 fnt
|faint|p2a: Quaquaval
|
|upkeep
|
|t:|1778497608
|switch|p2a: Blaziken|Blaziken, M|100/100
|-damage|p2a: Blaziken|88/100|[from] Stealth Rock
|-item|p2a: Blaziken|Air Balloon
|turn|16
|
|t:|1778497614
|switch|p1a: Kyurem|Kyurem|29/100 psn
|-ability|p1a: Kyurem|Pressure
|move|p2a: Blaziken|Protect||[still]
|-fail|p2a: Blaziken
|
|-heal|p1a: Kyurem|35/100 psn|[from] item: Leftovers
|-damage|p1a: Kyurem|23/100 psn|[from] psn
|-sideend|p1: shun5412|move: Aurora Veil
|-ability|p2a: Blaziken|Speed Boost|boost
|-boost|p2a: Blaziken|spe|1
|upkeep
|turn|17
|
|t:|1778497630
|move|p2a: Blaziken|Close Combat|p1a: Kyurem
|-supereffective|p1a: Kyurem
|-damage|p1a: Kyurem|0 fnt
|-unboost|p2a: Blaziken|def|1
|-unboost|p2a: Blaziken|spd|1
|faint|p1a: Kyurem
|
|-ability|p2a: Blaziken|Speed Boost|boost
|-boost|p2a: Blaziken|spe|1
|upkeep
|
|t:|1778497639
|switch|p1a: Glimmora|Glimmora, M|100/100
|turn|18
|
|t:|1778497646
|move|p2a: Blaziken|Close Combat|p1a: Glimmora
|-damage|p1a: Glimmora|19/100
|-unboost|p2a: Blaziken|def|1
|-unboost|p2a: Blaziken|spd|1
|-activate|p1a: Glimmora|ability: Toxic Debris
|-sidestart|p2: DopeyDawg|move: Toxic Spikes
|move|p1a: Glimmora|Power Gem|p2a: Blaziken
|-damage|p2a: Blaziken|0 fnt
|-enditem|p2a: Blaziken|Air Balloon
|faint|p2a: Blaziken
|
|upkeep
|-message|DopeyDawg forfeited.
|
|win|shun5412
|raw|shun5412's rating: 1140 &rarr; <strong>1161</strong><br />(+21 for winning)
|raw|DopeyDawg's rating: 1091 &rarr; <strong>1071</strong><br />(-20 for losing)
|l|☆DopeyDawg
|player|p2|
|l|☆shun5412
|player|p1|
