|html|<div class="broadcast-blue"><strong>[Gen 9] OU is currently suspecting Tera Blast! For information on how to participate check out the <a href="https://www.smogon.com/tools/suspects/view/200">suspect thread</a>.</strong></div>
|j|☆capitolg
|j|☆Stimbaland
|t:|1776036451
|gametype|singles
|player|p1|capitolg|bellelba|1119
|player|p2|Stimbaland|riley|1119
|gen|9
|tier|[Gen 9] OU
|rated|
|rule|HP Percentage Mod: HP is shown in percentages
|rule|Endless Battle Clause: Forcing endless battles is banned
|rule|Species Clause: Limit one of each Pokémon
|rule|OHKO Clause: OHKO moves are banned
|rule|Evasion Items Clause: Evasion items are banned
|rule|Evasion Moves Clause: Evasion moves are banned
|rule|Evasion Abilities Clause: Evasion abilities are banned
|rule|Sleep Moves Clause: Sleep-inducing moves are banned
|clearpoke
|poke|p1|Ribombee, M|
|poke|p1|Cinderace, M|
|poke|p1|Thundurus, M|
|poke|p1|Chandelure, M|
|poke|p1|Malamar, F|
|poke|p1|Empoleon, M|
|poke|p2|Mimikyu, M|
|poke|p2|Froslass, F|
|poke|p2|Weavile, M|
|poke|p2|Maushold|
|poke|p2|Crawdaunt, M|
|poke|p2|Snorlax, F|
|teampreview
|
|t:|1776036484
|teamsize|p1|6
|teamsize|p2|6
|start
|switch|p1a: Ribombee|Ribombee, M|100/100
|switch|p2a: Konan|Froslass, F, shiny|100/100
|turn|1
|inactive|Battle timer is ON: inactive players will automatically lose when time's up. (requested by capitolg)
|
|t:|1776036490
|move|p1a: Ribombee|Sticky Web|p2a: Konan
|-sidestart|p2: Stimbaland|move: Sticky Web
|move|p2a: Konan|Spikes|p1a: Ribombee
|-sidestart|p1: capitolg|Spikes
|
|upkeep
|turn|2
|
|t:|1776036495
|move|p1a: Ribombee|Stun Spore|p2a: Konan|[miss]
|-miss|p1a: Ribombee|p2a: Konan
|move|p2a: Konan|Ice Beam|p1a: Ribombee
|-damage|p1a: Ribombee|58/100
|
|upkeep
|turn|3
|
|t:|1776036501
|move|p1a: Ribombee|Stun Spore|p2a: Konan|[miss]
|-miss|p1a: Ribombee|p2a: Konan
|move|p2a: Konan|Spikes|p1a: Ribombee
|-sidestart|p1: capitolg|Spikes
|
|upkeep
|turn|4
|
|t:|1776036506
|move|p1a: Ribombee|Stun Spore|p2a: Konan
|-status|p2a: Konan|par
|move|p2a: Konan|Spikes|p1a: Ribombee
|-sidestart|p1: capitolg|Spikes
|
|upkeep
|turn|5
|
|t:|1776036511
|move|p1a: Ribombee|Moonblast|p2a: Konan
|-damage|p2a: Konan|42/100 par
|-unboost|p2a: Konan|spa|1
|-start|p1a: Ribombee|Disable|Moonblast|[from] ability: Cursed Body|[of] p2a: Konan
|cant|p2a: Konan|par
|
|upkeep
|turn|6
|
|t:|1776036518
|switch|p1a: Cinderace|Cinderace, M, shiny|100/100
|move|p2a: Konan|Destiny Bond|p2a: Konan
|-singlemove|p2a: Konan|Destiny Bond
|
|upkeep
|turn|7
|
|t:|1776036525
|move|p1a: Cinderace|Taunt|p2a: Konan
|-start|p1a: Cinderace|typechange|Dark|[from] ability: Libero
|-start|p2a: Konan|move: Taunt
|move|p2a: Konan|Ice Beam|p1a: Cinderace
|-damage|p1a: Cinderace|75/100
|
|upkeep
|turn|8
|
|t:|1776036532
|move|p1a: Cinderace|Pyro Ball|p2a: Konan|[miss]
|-miss|p1a: Cinderace|p2a: Konan
|move|p2a: Konan|Ice Beam|p1a: Cinderace
|-damage|p1a: Cinderace|48/100
|
|upkeep
|turn|9
|
|t:|1776036538
|move|p1a: Cinderace|Court Change|p1a: Cinderace
|-swapsideconditions
|-activate|p1a: Cinderace|move: Court Change
|cant|p2a: Konan|par
|
|-end|p2a: Konan|move: Taunt
|upkeep
|turn|10
|
|t:|1776036543
|move|p1a: Cinderace|Pyro Ball|p2a: Konan
|-supereffective|p2a: Konan
|-damage|p2a: Konan|0 fnt
|-start|p1a: Cinderace|Disable|Pyro Ball|[from] ability: Cursed Body|[of] p2a: Konan
|faint|p2a: Konan
|
|upkeep
|
|t:|1776036557
|switch|p2a: Crawdaunt|Crawdaunt, M|100/100
|-damage|p2a: Crawdaunt|76/100|[from] Spikes
|turn|11
|
|t:|1776036563
|move|p1a: Cinderace|Will-O-Wisp|p2a: Crawdaunt
|-status|p2a: Crawdaunt|brn
|move|p2a: Crawdaunt|Swords Dance|p2a: Crawdaunt
|-boost|p2a: Crawdaunt|atk|2
|
|-damage|p2a: Crawdaunt|70/100 brn|[from] brn
|upkeep
|turn|12
|
|t:|1776036571
|move|p1a: Cinderace|Taunt|p2a: Crawdaunt
|-start|p2a: Crawdaunt|move: Taunt
|cant|p2a: Crawdaunt|move: Taunt|Swords Dance
|
|-damage|p2a: Crawdaunt|64/100 brn|[from] brn
|upkeep
|turn|13
|
|t:|1776036576
|move|p2a: Crawdaunt|Aqua Jet|p1a: Cinderace
|-damage|p1a: Cinderace|0 fnt
|faint|p1a: Cinderace
|-damage|p2a: Crawdaunt|54/100 brn|[from] item: Life Orb
|
|-damage|p2a: Crawdaunt|47/100 brn|[from] brn
|upkeep
|
|t:|1776036584
|switch|p1a: Malamar|Malamar, F|100/100
|-activate|p1a: Malamar|move: Sticky Web
|-boost|p1a: Malamar|spe|1
|turn|14
|
|t:|1776036592
|move|p1a: Malamar|Superpower|p2a: Crawdaunt
|-supereffective|p2a: Crawdaunt
|-damage|p2a: Crawdaunt|0 fnt
|-boost|p1a: Malamar|atk|1
|-boost|p1a: Malamar|def|1
|faint|p2a: Crawdaunt
|
|upkeep
|
|t:|1776036605
|switch|p2a: Tobi|Mimikyu, M|100/100
|-damage|p2a: Tobi|75/100|[from] Spikes
|turn|15
|
|t:|1776036616
|move|p1a: Malamar|Throat Chop|p2a: Tobi
|-activate|p2a: Tobi|ability: Disguise
|-damage|p2a: Tobi|75/100
|-start|p2a: Tobi|Throat Chop|[silent]
|detailschange|p2a: Tobi|Mimikyu-Busted, M
|-damage|p2a: Tobi|63/100|[from] pokemon: Mimikyu-Busted
|move|p2a: Tobi|Swords Dance|p2a: Tobi
|-boost|p2a: Tobi|atk|2
|
|upkeep
|turn|16
|
|t:|1776036625
|move|p2a: Tobi|Shadow Sneak|p1a: Malamar
|-damage|p1a: Malamar|75/100
|move|p1a: Malamar|Throat Chop|p2a: Tobi
|-damage|p2a: Tobi|0 fnt
|faint|p2a: Tobi
|
|upkeep
|
|t:|1776036639
|switch|p2a: Choji|Snorlax, F|100/100
|-damage|p2a: Choji|75/100|[from] Spikes
|turn|17
|
|t:|1776036645
|-terastallize|p2a: Choji|Ghost
|move|p1a: Malamar|Superpower|p2a: Choji
|-immune|p2a: Choji
|move|p2a: Choji|Curse|p1a: Malamar
|-start|p1a: Malamar|Curse|[of] p2a: Choji
|-damage|p2a: Choji|25/100
|
|-damage|p1a: Malamar|50/100|[from] Curse
|upkeep
|turn|18
|
|t:|1776036660
|switch|p2a: D'RATZ|Maushold|100/100
|-damage|p2a: D'RATZ|76/100|[from] Spikes
|move|p1a: Malamar|Throat Chop|p2a: D'RATZ
|-damage|p2a: D'RATZ|0 fnt
|faint|p2a: D'RATZ
|
|-damage|p1a: Malamar|25/100|[from] Curse
|upkeep
|
|t:|1776036668
|switch|p2a: Muichiro|Weavile, M|100/100
|-ability|p2a: Muichiro|Pressure
|turn|19
|
|t:|1776036674
|move|p2a: Muichiro|Ice Shard|p1a: Malamar
|-damage|p1a: Malamar|8/100
|move|p1a: Malamar|Superpower|p2a: Muichiro
|-supereffective|p2a: Muichiro
|-damage|p2a: Muichiro|0 fnt
|-boost|p1a: Malamar|atk|1
|-boost|p1a: Malamar|def|1
|faint|p2a: Muichiro
|
|-damage|p1a: Malamar|0 fnt|[from] Curse
|faint|p1a: Malamar
|upkeep
|
|t:|1776036684
|switch|p2a: Choji|Snorlax, F, tera:Ghost|25/100
|switch|p1a: Chandelure|Chandelure, M|100/100
|-item|p1a: Chandelure|Air Balloon
|-damage|p2a: Choji|0 fnt|[from] Spikes
|faint|p2a: Choji
|
|win|capitolg
|raw|capitolg's rating: 1119 &rarr; <strong>1144</strong><br />(+25 for winning)
|raw|Stimbaland's rating: 1119 &rarr; <strong>1094</strong><br />(-25 for losing)
|l|☆capitolg
|player|p1|
|c|☆Stimbaland|gg
|l|☆Stimbaland
|player|p2|
