|html|<div class="broadcast-blue"><strong>[Gen 9] OU is currently suspecting Tera Blast! For information on how to participate check out the <a href="https://www.smogon.com/tools/suspects/view/200">suspect thread</a>.</strong></div>
|j|☆GreenRPG69420
|j|☆R8FF9gqcIXGRRDZk
|t:|1776197533
|gametype|singles
|player|p1|GreenRPG69420|170|1033
|player|p2|R8FF9gqcIXGRRDZk|1|1000
|gen|9
|tier|[Gen 9] OU
|rated|
|rule|HP Percentage Mod: HP is shown in percentages
|rule|Endless Battle Clause: Forcing endless battles is banned
|rule|Species Clause: Limit one of each Pokémon
|rule|OHKO Clause: OHKO moves are banned
|rule|Evasion Items Clause: Evasion items are banned
|rule|Evasion Moves Clause: Evasion moves are banned
|rule|Evasion Abilities Clause: Evasion abilities are banned
|rule|Sleep Moves Clause: Sleep-inducing moves are banned
|clearpoke
|poke|p1|Iron Moth|
|poke|p1|Lokix, M|
|poke|p1|Lilligant-Hisui, F|
|poke|p1|Cloyster, M|
|poke|p1|Hatterene, F|
|poke|p1|Iron Treads|
|poke|p2|Iron Moth|
|poke|p2|Gliscor, F|
|poke|p2|Hatterene, F|
|poke|p2|Ogerpon-Wellspring, F|
|poke|p2|Raging Bolt|
|poke|p2|Zamazenta-*|
|teampreview
|inactive|Battle timer is ON: inactive players will automatically lose when time's up. (requested by R8FF9gqcIXGRRDZk)
|
|t:|1776197539
|teamsize|p1|6
|teamsize|p2|6
|start
|switch|p1a: Hatterene|Hatterene, F|100/100
|switch|p2a: Zamazenta|Zamazenta|100/100
|-ability|p2a: Zamazenta|Dauntless Shield|boost
|-boost|p2a: Zamazenta|def|1
|turn|1
|
|t:|1776197545
|move|p2a: Zamazenta|Light Screen|p2a: Zamazenta
|-sidestart|p2: R8FF9gqcIXGRRDZk|move: Light Screen
|move|p1a: Hatterene|Calm Mind|p1a: Hatterene
|-boost|p1a: Hatterene|spa|1
|-boost|p1a: Hatterene|spd|1
|
|upkeep
|turn|2
|
|t:|1776197557
|switch|p2a: Ogerpon|Ogerpon-Wellspring, F|100/100
|move|p1a: Hatterene|Trick Room|p1a: Hatterene
|-fieldstart|move: Trick Room|[of] p1a: Hatterene
|
|upkeep
|turn|3
|
|t:|1776197563
|move|p1a: Hatterene|Mystical Fire|p2a: Ogerpon
|-damage|p2a: Ogerpon|75/100
|-unboost|p2a: Ogerpon|spa|1
|move|p2a: Ogerpon|Ivy Cudgel|p1a: Hatterene|[anim] Ivy Cudgel Water
|-damage|p1a: Hatterene|25/100
|
|upkeep
|turn|4
|
|t:|1776197570
|move|p1a: Hatterene|Psychic|p2a: Ogerpon
|-damage|p2a: Ogerpon|33/100
|move|p2a: Ogerpon|Ivy Cudgel|p1a: Hatterene|[anim] Ivy Cudgel Water
|-damage|p1a: Hatterene|0 fnt
|faint|p1a: Hatterene
|
|upkeep
|
|t:|1776197580
|switch|p1a: Lilligant|Lilligant-Hisui, F|100/100
|turn|5
|
|t:|1776197587
|switch|p2a: Zamazenta|Zamazenta|100/100
|move|p1a: Lilligant|Swords Dance|p1a: Lilligant
|-boost|p1a: Lilligant|atk|2
|
|upkeep
|turn|6
|
|t:|1776197594
|move|p1a: Lilligant|Leaf Blade|p2a: Zamazenta|[miss]
|-miss|p1a: Lilligant|p2a: Zamazenta
|move|p2a: Zamazenta|Reflect|p2a: Zamazenta
|-sidestart|p2: R8FF9gqcIXGRRDZk|Reflect
|
|-fieldend|move: Trick Room
|upkeep
|turn|7
|
|t:|1776197599
|move|p2a: Zamazenta|Ice Fang|p1a: Lilligant
|-supereffective|p1a: Lilligant
|-damage|p1a: Lilligant|42/100
|move|p1a: Lilligant|Leaf Blade|p2a: Zamazenta
|-damage|p2a: Zamazenta|53/100
|
|upkeep
|turn|8
|
|t:|1776197607
|move|p2a: Zamazenta|Ice Fang|p1a: Lilligant
|-supereffective|p1a: Lilligant
|-damage|p1a: Lilligant|0 fnt
|faint|p1a: Lilligant
|
|-sideend|p2: R8FF9gqcIXGRRDZk|move: Light Screen
|upkeep
|
|t:|1776197616
|switch|p1a: Iron Moth|Iron Moth|100/100
|-enditem|p1a: Iron Moth|Booster Energy
|-activate|p1a: Iron Moth|ability: Quark Drive|[fromitem]
|-start|p1a: Iron Moth|quarkdrivespa
|turn|9
|
|t:|1776197623
|move|p2a: Zamazenta|Light Screen|p2a: Zamazenta
|-sidestart|p2: R8FF9gqcIXGRRDZk|move: Light Screen
|move|p1a: Iron Moth|Fiery Dance|p2a: Zamazenta
|-damage|p2a: Zamazenta|31/100
|
|upkeep
|turn|10
|
|t:|1776197630
|switch|p2a: Ogerpon|Ogerpon-Wellspring, F|33/100
|move|p1a: Iron Moth|Flamethrower|p2a: Ogerpon
|-damage|p2a: Ogerpon|0 fnt
|faint|p2a: Ogerpon
|
|upkeep
|
|t:|1776197637
|switch|p2a: Raging Bolt|Raging Bolt|100/100
|-enditem|p2a: Raging Bolt|Booster Energy
|-activate|p2a: Raging Bolt|ability: Protosynthesis|[fromitem]
|-start|p2a: Raging Bolt|protosynthesisspa
|turn|11
|
|t:|1776197642
|move|p1a: Iron Moth|Fiery Dance|p2a: Raging Bolt
|-resisted|p2a: Raging Bolt
|-damage|p2a: Raging Bolt|86/100
|-boost|p1a: Iron Moth|spa|1
|move|p2a: Raging Bolt|Calm Mind|p2a: Raging Bolt
|-boost|p2a: Raging Bolt|spa|1
|-boost|p2a: Raging Bolt|spd|1
|
|upkeep
|turn|12
|
|t:|1776197651
|move|p1a: Iron Moth|Meteor Beam||[still]
|-prepare|p1a: Iron Moth|Meteor Beam
|-boost|p1a: Iron Moth|spa|1
|move|p2a: Raging Bolt|Thunderbolt|p1a: Iron Moth
|-damage|p1a: Iron Moth|0 fnt
|faint|p1a: Iron Moth
|-end|p1a: Iron Moth|Quark Drive|[silent]
|
|upkeep
|
|t:|1776197656
|switch|p1a: Iron Treads|Iron Treads|100/100
|-enditem|p1a: Iron Treads|Booster Energy
|-activate|p1a: Iron Treads|ability: Quark Drive|[fromitem]
|-start|p1a: Iron Treads|quarkdriveatk
|turn|13
|
|t:|1776197668
|-terastallize|p2a: Raging Bolt|Ghost
|move|p1a: Iron Treads|Earthquake|p2a: Raging Bolt
|-damage|p2a: Raging Bolt|59/100
|move|p2a: Raging Bolt|Dragon Pulse|p1a: Iron Treads
|-resisted|p1a: Iron Treads
|-damage|p1a: Iron Treads|25/100
|
|-sideend|p2: R8FF9gqcIXGRRDZk|Reflect
|upkeep
|turn|14
|
|t:|1776197677
|move|p1a: Iron Treads|Ice Spinner|p2a: Raging Bolt
|-damage|p2a: Raging Bolt|27/100
|move|p2a: Raging Bolt|Dragon Pulse|p1a: Iron Treads
|-resisted|p1a: Iron Treads
|-damage|p1a: Iron Treads|0 fnt
|faint|p1a: Iron Treads
|-end|p1a: Iron Treads|Quark Drive|[silent]
|
|upkeep
|
|t:|1776197683
|switch|p1a: Lokix|Lokix, M|100/100
|turn|15
|
|t:|1776197691
|move|p1a: Lokix|First Impression|p2a: Raging Bolt
|-resisted|p2a: Raging Bolt
|-damage|p2a: Raging Bolt|10/100
|move|p2a: Raging Bolt|Thunderclap||[still]
|-fail|p2a: Raging Bolt
|
|upkeep
|turn|16
|
|t:|1776197697
|move|p2a: Raging Bolt|Thunderclap|p1a: Lokix
|-damage|p1a: Lokix|0 fnt
|faint|p1a: Lokix
|
|-sideend|p2: R8FF9gqcIXGRRDZk|move: Light Screen
|upkeep
|
|t:|1776197700
|switch|p1a: Cloyster|Cloyster, M|100/100
|turn|17
|
|t:|1776197704
|move|p2a: Raging Bolt|Thunderbolt|p1a: Cloyster
|-supereffective|p1a: Cloyster
|-damage|p1a: Cloyster|0 fnt
|faint|p1a: Cloyster
|
|win|R8FF9gqcIXGRRDZk
|raw|GreenRPG69420's rating: 1033 &rarr; <strong>1017</strong><br />(-16 for losing)
|raw|R8FF9gqcIXGRRDZk's rating: 1000 &rarr; <strong>1044</strong><br />(+44 for winning)
