|html|<div class="broadcast-blue"><strong>[Gen 9] OU is currently suspecting Tera Blast! For information on how to participate check out the <a href="https://www.smogon.com/tools/suspects/view/200">suspect thread</a>.</strong></div>
|j|☆fautser
|j|☆ChampyDampy
|t:|1776192369
|gametype|singles
|player|p1|fautser|kimonogirl|1040
|player|p2|ChampyDampy|101|1080
|gen|9
|tier|[Gen 9] OU
|rated|
|rule|HP Percentage Mod: HP is shown in percentages
|rule|Endless Battle Clause: Forcing endless battles is banned
|rule|Species Clause: Limit one of each Pokémon
|rule|OHKO Clause: OHKO moves are banned
|rule|Evasion Items Clause: Evasion items are banned
|rule|Evasion Moves Clause: Evasion moves are banned
|rule|Evasion Abilities Clause: Evasion abilities are banned
|rule|Sleep Moves Clause: Sleep-inducing moves are banned
|clearpoke
|poke|p1|Zamazenta-*|
|poke|p1|Pecharunt|
|poke|p1|Great Tusk|
|poke|p1|Tornadus-Therian, M|
|poke|p1|Kyurem|
|poke|p1|Darkrai|
|poke|p2|Kingambit, M|
|poke|p2|Cinderace, M|
|poke|p2|Tyranitar, M|
|poke|p2|Serperior, M|
|poke|p2|Conkeldurr, M|
|poke|p2|Excadrill, M|
|teampreview
|inactive|Battle timer is ON: inactive players will automatically lose when time's up. (requested by ChampyDampy)
|
|t:|1776192389
|teamsize|p1|6
|teamsize|p2|6
|start
|switch|p1a: Great Tusk|Great Tusk|100/100
|switch|p2a: Conkeldurr|Conkeldurr, M|100/100
|-enditem|p1a: Great Tusk|Booster Energy
|-activate|p1a: Great Tusk|ability: Protosynthesis|[fromitem]
|-start|p1a: Great Tusk|protosynthesisatk
|turn|1
|
|t:|1776192412
|move|p1a: Great Tusk|Stealth Rock|p2a: Conkeldurr
|-sidestart|p2: ChampyDampy|move: Stealth Rock
|move|p2a: Conkeldurr|Knock Off|p1a: Great Tusk
|-resisted|p1a: Great Tusk
|-damage|p1a: Great Tusk|92/100
|
|-status|p2a: Conkeldurr|brn|[from] item: Flame Orb
|upkeep
|turn|2
|
|t:|1776192433
|-end|p1a: Great Tusk|Protosynthesis|[silent]
|switch|p1a: Pecharunt|Pecharunt|100/100
|move|p2a: Conkeldurr|Facade|p1a: Pecharunt
|-immune|p1a: Pecharunt
|
|-damage|p2a: Conkeldurr|94/100 brn|[from] brn
|upkeep
|turn|3
|
|t:|1776192450
|move|p1a: Pecharunt|Parting Shot|p2a: Conkeldurr
|-unboost|p2a: Conkeldurr|atk|1
|-unboost|p2a: Conkeldurr|spa|1
|
|t:|1776192460
|switch|p1a: Great Tusk|Great Tusk|92/100|[from] Parting Shot
|move|p2a: Conkeldurr|Knock Off|p1a: Great Tusk
|-resisted|p1a: Great Tusk
|-damage|p1a: Great Tusk|83/100
|
|-damage|p2a: Conkeldurr|88/100 brn|[from] brn
|upkeep
|turn|4
|
|t:|1776192471
|switch|p2a: Serperior|Serperior, M|100/100
|-damage|p2a: Serperior|88/100|[from] Stealth Rock
|move|p1a: Great Tusk|Headlong Rush|p2a: Serperior
|-resisted|p2a: Serperior
|-damage|p2a: Serperior|51/100
|-unboost|p1a: Great Tusk|def|1
|-unboost|p1a: Great Tusk|spd|1
|
|upkeep
|turn|5
|
|t:|1776192487
|-end|p1a: Great Tusk|Protosynthesis|[silent]
|switch|p1a: Kyurem|Kyurem|100/100
|-ability|p1a: Kyurem|Pressure
|move|p2a: Serperior|Glare|p1a: Kyurem
|-status|p1a: Kyurem|par
|
|upkeep
|turn|6
|
|t:|1776192500
|switch|p2a: Tyranitar|Tyranitar, M|100/100
|-damage|p2a: Tyranitar|88/100|[from] Stealth Rock
|-weather|Sandstorm|[from] ability: Sand Stream|[of] p2a: Tyranitar
|move|p1a: Kyurem|Dragon Dance|p1a: Kyurem
|-boost|p1a: Kyurem|atk|1
|-boost|p1a: Kyurem|spe|1
|
|-weather|Sandstorm|[upkeep]
|-damage|p1a: Kyurem|94/100 par|[from] Sandstorm
|upkeep
|turn|7
|inactive|fautser has 120 seconds left.
|
|t:|1776192534
|switch|p1a: Zamazenta|Zamazenta, shiny|100/100
|-ability|p1a: Zamazenta|Dauntless Shield|boost
|-boost|p1a: Zamazenta|def|1
|move|p2a: Tyranitar|Rock Slide|p1a: Zamazenta
|-resisted|p1a: Zamazenta
|-damage|p1a: Zamazenta|93/100
|
|-weather|Sandstorm|[upkeep]
|-damage|p1a: Zamazenta|87/100|[from] Sandstorm
|-heal|p1a: Zamazenta|93/100|[from] item: Leftovers
|upkeep
|turn|8
|
|t:|1776192549
|move|p1a: Zamazenta|Body Press|p2a: Tyranitar
|-supereffective|p2a: Tyranitar
|-damage|p2a: Tyranitar|0 fnt
|faint|p2a: Tyranitar
|
|-weather|Sandstorm|[upkeep]
|-damage|p1a: Zamazenta|87/100|[from] Sandstorm
|-heal|p1a: Zamazenta|93/100|[from] item: Leftovers
|upkeep
|
|t:|1776192558
|switch|p2a: Excadrill|Excadrill, M|100/100
|-damage|p2a: Excadrill|97/100|[from] Stealth Rock
|-item|p2a: Excadrill|Air Balloon
|turn|9
|
|t:|1776192571
|move|p2a: Excadrill|Iron Head|p1a: Zamazenta
|-damage|p1a: Zamazenta|76/100
|move|p1a: Zamazenta|Body Press|p2a: Excadrill
|-supereffective|p2a: Excadrill
|-damage|p2a: Excadrill|0 fnt
|-enditem|p2a: Excadrill|Air Balloon
|faint|p2a: Excadrill
|
|-weather|Sandstorm|[upkeep]
|-damage|p1a: Zamazenta|70/100|[from] Sandstorm
|-heal|p1a: Zamazenta|76/100|[from] item: Leftovers
|upkeep
|inactiveoff|Battle timer is now OFF.
|
|t:|1776192588
|switch|p2a: Cinderace|Cinderace, M|100/100
|turn|10
|-message|ChampyDampy forfeited.
|
|win|fautser
|raw|fautser's rating: 1040 &rarr; <strong>1078</strong><br />(+38 for winning)
|raw|ChampyDampy's rating: 1080 &rarr; <strong>1055</strong><br />(-25 for losing)
|l|☆ChampyDampy
|player|p2|
