|html|<div class="broadcast-blue"><strong>[Gen 9] OU is currently suspecting Tera Blast! For information on how to participate check out the <a href="https://www.smogon.com/tools/suspects/view/200">suspect thread</a>.</strong></div>
|j|☆clouddaearth
|j|☆Streshyix
|t:|1776098848
|gametype|singles
|player|p1|clouddaearth|170|1411
|player|p2|Streshyix|hugh|1467
|gen|9
|tier|[Gen 9] OU
|rated|
|rule|HP Percentage Mod: HP is shown in percentages
|rule|Endless Battle Clause: Forcing endless battles is banned
|rule|Species Clause: Limit one of each Pokémon
|rule|OHKO Clause: OHKO moves are banned
|rule|Evasion Items Clause: Evasion items are banned
|rule|Evasion Moves Clause: Evasion moves are banned
|rule|Evasion Abilities Clause: Evasion abilities are banned
|rule|Sleep Moves Clause: Sleep-inducing moves are banned
|clearpoke
|poke|p1|Gengar, M|
|poke|p1|Weavile, F|
|poke|p1|Iron Treads|
|poke|p1|Blaziken, M|
|poke|p1|Azumarill, F|
|poke|p1|Dragonite, F|
|poke|p2|Dragonite, F|
|poke|p2|Iron Crown|
|poke|p2|Samurott-Hisui, M|
|poke|p2|Zamazenta-*|
|poke|p2|Enamorus, F|
|poke|p2|Mamoswine, M|
|teampreview
|inactive|Battle timer is ON: inactive players will automatically lose when time's up. (requested by Streshyix)
|inactive|Streshyix has 120 seconds left.
|
|t:|1776098883
|teamsize|p1|6
|teamsize|p2|6
|start
|switch|p1a: Weavile|Weavile, F|100/100
|switch|p2a: Iron Crown|Iron Crown|100/100
|turn|1
|
|t:|1776098909
|-end|p2a: Iron Crown|Quark Drive|[silent]
|switch|p2a: Zamazenta|Zamazenta|100/100
|-ability|p2a: Zamazenta|Dauntless Shield|boost
|-boost|p2a: Zamazenta|def|1
|move|p1a: Weavile|Knock Off|p2a: Zamazenta
|-resisted|p2a: Zamazenta
|-damage|p2a: Zamazenta|88/100
|-enditem|p2a: Zamazenta|Leftovers|[from] move: Knock Off|[of] p1a: Weavile
|
|upkeep
|turn|2
|
|t:|1776098920
|switch|p1a: Iron Treads|Iron Treads|100/100
|-enditem|p1a: Iron Treads|Booster Energy
|-activate|p1a: Iron Treads|ability: Quark Drive|[fromitem]
|-start|p1a: Iron Treads|quarkdrivespe
|move|p2a: Zamazenta|Crunch|p1a: Iron Treads
|-damage|p1a: Iron Treads|80/100
|
|upkeep
|turn|3
|
|t:|1776098929
|move|p1a: Iron Treads|Volt Switch|p2a: Zamazenta
|-damage|p2a: Zamazenta|79/100
|
|t:|1776098932
|-end|p1a: Iron Treads|Quark Drive|[silent]
|switch|p1a: Gengar|Gengar, M|100/100|[from] Volt Switch
|move|p2a: Zamazenta|Body Press|p1a: Gengar
|-immune|p1a: Gengar
|
|upkeep
|turn|4
|
|t:|1776098952
|move|p1a: Gengar|Encore|p2a: Zamazenta
|-start|p2a: Zamazenta|Encore
|move|p2a: Zamazenta|Body Press|p1a: Gengar
|-immune|p1a: Gengar
|
|upkeep
|turn|5
|
|t:|1776098965
|switch|p1a: Azumarill|Azumarill, F|100/100
|switch|p2a: Samurott|Samurott-Hisui, M, shiny|100/100
|
|upkeep
|turn|6
|
|t:|1776098974
|move|p2a: Samurott|Ceaseless Edge|p1a: Azumarill
|-resisted|p1a: Azumarill
|-damage|p1a: Azumarill|77/100
|-sidestart|p1: clouddaearth|Spikes
|move|p1a: Azumarill|Belly Drum|p1a: Azumarill
|-damage|p1a: Azumarill|27/100
|-setboost|p1a: Azumarill|atk|6|[from] move: Belly Drum
|-enditem|p1a: Azumarill|Sitrus Berry|[eat]
|-heal|p1a: Azumarill|52/100|[from] item: Sitrus Berry
|
|upkeep
|turn|7
|
|t:|1776098984
|move|p2a: Samurott|Encore|p1a: Azumarill
|-start|p1a: Azumarill|Encore
|move|p1a: Azumarill|Belly Drum||[still]
|-fail|p1a: Azumarill
|
|upkeep
|turn|8
|
|t:|1776098990
|switch|p1a: Iron Treads|Iron Treads|80/100
|-damage|p1a: Iron Treads|68/100|[from] Spikes
|move|p2a: Samurott|Ceaseless Edge|p1a: Iron Treads
|-damage|p1a: Iron Treads|30/100
|-sidestart|p1: clouddaearth|Spikes
|
|upkeep
|turn|9
|
|t:|1776098995
|move|p1a: Iron Treads|Rapid Spin|p2a: Samurott
|-damage|p2a: Samurott|80/100
|-boost|p1a: Iron Treads|spe|1
|-sideend|p1: clouddaearth|Spikes|[from] move: Rapid Spin|[of] p1a: Iron Treads
|move|p2a: Samurott|Ceaseless Edge|p1a: Iron Treads
|-damage|p1a: Iron Treads|0 fnt
|-sidestart|p1: clouddaearth|Spikes
|faint|p1a: Iron Treads
|-end|p1a: Iron Treads|Quark Drive|[silent]
|
|upkeep
|
|t:|1776099006
|switch|p1a: Azumarill|Azumarill, F|52/100
|-damage|p1a: Azumarill|40/100|[from] Spikes
|turn|10
|
|t:|1776099014
|move|p2a: Samurott|Ceaseless Edge|p1a: Azumarill
|-resisted|p1a: Azumarill
|-damage|p1a: Azumarill|17/100
|-sidestart|p1: clouddaearth|Spikes
|move|p1a: Azumarill|Play Rough|p2a: Samurott
|-supereffective|p2a: Samurott
|-crit|p2a: Samurott
|-damage|p2a: Samurott|0 fnt
|faint|p2a: Samurott
|
|upkeep
|inactive|Streshyix has 120 seconds left.
|
|t:|1776099066
|switch|p2a: Iron Crown|Iron Crown|100/100
|turn|11
|l|☆clouddaearth
|inactive|clouddaearth disconnected and has a minute to reconnect!
|player|p1|
|inactive|clouddaearth has 30 seconds to reconnect!
|inactive|clouddaearth has 20 seconds to reconnect!
|inactive|clouddaearth has 15 seconds to reconnect!
|inactive|clouddaearth has 10 seconds to reconnect!
|inactive|clouddaearth has 5 seconds to reconnect!
|-message|clouddaearth lost due to inactivity.
|
|win|Streshyix
|raw|clouddaearth's rating: 1411 &rarr; <strong>1394</strong><br />(-17 for losing)
|raw|Streshyix's rating: 1467 &rarr; <strong>1484</strong><br />(+17 for winning)
|l|☆Streshyix
|player|p2|
|j|☆clouddaearth
|player|p1|clouddaearth|170|
|l|☆clouddaearth
|player|p1|
