|html|<div class="broadcast-blue"><strong>[Gen 9] OU is currently suspecting Tera Blast! For information on how to participate check out the <a href="https://www.smogon.com/tools/suspects/view/200">suspect thread</a>.</strong></div>
|j|☆Kaltaris83
|j|☆phonfrog
|t:|1776091959
|gametype|singles
|player|p1|Kaltaris83|psychic|1561
|player|p2|phonfrog|101|1494
|gen|9
|tier|[Gen 9] OU
|rated|
|rule|HP Percentage Mod: HP is shown in percentages
|rule|Endless Battle Clause: Forcing endless battles is banned
|rule|Species Clause: Limit one of each Pokémon
|rule|OHKO Clause: OHKO moves are banned
|rule|Evasion Items Clause: Evasion items are banned
|rule|Evasion Moves Clause: Evasion moves are banned
|rule|Evasion Abilities Clause: Evasion abilities are banned
|rule|Sleep Moves Clause: Sleep-inducing moves are banned
|clearpoke
|poke|p1|Heatran, M|
|poke|p1|Deoxys-Speed|
|poke|p1|Weezing-Galar, M|
|poke|p1|Lokix, M|
|poke|p1|Skarmory, M|
|poke|p1|Greninja-*, M|
|poke|p2|Weezing-Galar, F|
|poke|p2|Chansey, F|
|poke|p2|Gliscor, F|
|poke|p2|Dondozo, M|
|poke|p2|Toxapex, M|
|poke|p2|Corviknight, F|
|teampreview
|j| ohko_smeargle
|inactive|Battle timer is ON: inactive players will automatically lose when time's up. (requested by Kaltaris83)
|
|t:|1776091966
|teamsize|p1|6
|teamsize|p2|6
|start
|switch|p1a: Deoxys|Deoxys-Speed, shiny|100/100
|switch|p2a: Gliscor|Gliscor, F|100/100
|-ability|p1a: Deoxys|Pressure
|turn|1
|
|t:|1776091969
|move|p2a: Gliscor|Protect|p2a: Gliscor
|-singleturn|p2a: Gliscor|Protect
|move|p1a: Deoxys|Ice Beam|p2a: Gliscor
|-activate|p2a: Gliscor|move: Protect
|
|-status|p2a: Gliscor|tox|[from] item: Toxic Orb
|upkeep
|turn|2
|
|t:|1776091974
|switch|p1a: Weezing|Weezing-Galar, M|100/100
|-ability|p1a: Weezing|Neutralizing Gas
|switch|p2a: Chansey|Chansey, F|100/100
|
|upkeep
|turn|3
|
|t:|1776091981
|move|p1a: Weezing|Will-O-Wisp|p2a: Chansey|[miss]
|-miss|p1a: Weezing|p2a: Chansey
|move|p2a: Chansey|Seismic Toss|p1a: Weezing
|-damage|p1a: Weezing|64/100
|
|-heal|p1a: Weezing|70/100|[from] item: Leftovers
|upkeep
|turn|4
|
|t:|1776091983
|move|p1a: Weezing|Will-O-Wisp|p2a: Chansey
|-status|p2a: Chansey|brn
|move|p2a: Chansey|Seismic Toss|p1a: Weezing
|-damage|p1a: Weezing|33/100
|
|-heal|p1a: Weezing|39/100|[from] item: Leftovers
|-damage|p2a: Chansey|94/100 brn|[from] brn
|upkeep
|turn|5
|
|t:|1776091989
|move|p1a: Weezing|Pain Split|p2a: Chansey
|-sethp|p2a: Chansey|56/100 brn|[from] move: Pain Split|[silent]
|-sethp|p1a: Weezing|100/100|[from] move: Pain Split
|move|p2a: Chansey|Seismic Toss|p1a: Weezing
|-damage|p1a: Weezing|64/100
|
|-heal|p1a: Weezing|70/100|[from] item: Leftovers
|-damage|p2a: Chansey|49/100 brn|[from] brn
|upkeep
|turn|6
|
|t:|1776091992
|move|p1a: Weezing|Pain Split|p2a: Chansey
|-sethp|p2a: Chansey|40/100 brn|[from] move: Pain Split|[silent]
|-sethp|p1a: Weezing|93/100|[from] move: Pain Split
|move|p2a: Chansey|Seismic Toss|p1a: Weezing
|-damage|p1a: Weezing|56/100
|
|-heal|p1a: Weezing|62/100|[from] item: Leftovers
|-damage|p2a: Chansey|33/100 brn|[from] brn
|upkeep
|turn|7
|
|t:|1776091995
|move|p1a: Weezing|Strange Steam|p2a: Chansey
|-damage|p2a: Chansey|26/100 brn
|-start|p2a: Chansey|confusion
|-activate|p2a: Chansey|confusion
|-damage|p2a: Chansey|25/100 brn|[from] confusion
|
|-heal|p1a: Weezing|69/100|[from] item: Leftovers
|-damage|p2a: Chansey|19/100 brn|[from] brn
|upkeep
|turn|8
|
|t:|1776091999
|move|p1a: Weezing|Strange Steam|p2a: Chansey
|-crit|p2a: Chansey
|-damage|p2a: Chansey|8/100 brn
|-activate|p2a: Chansey|confusion
|-damage|p2a: Chansey|7/100 brn|[from] confusion
|
|-heal|p1a: Weezing|75/100|[from] item: Leftovers
|-damage|p2a: Chansey|1/100 brn|[from] brn
|upkeep
|turn|9
|c|☆phonfrog|Bro what is my luck today
|
|t:|1776092016
|switch|p2a: Toxapex|Toxapex, M|100/100
|move|p1a: Weezing|Strange Steam|p2a: Toxapex
|-resisted|p2a: Toxapex
|-damage|p2a: Toxapex|94/100
|
|-heal|p1a: Weezing|81/100|[from] item: Leftovers
|upkeep
|turn|10
|
|t:|1776092026
|move|p1a: Weezing|Will-O-Wisp|p2a: Toxapex
|-status|p2a: Toxapex|brn
|move|p2a: Toxapex|Sludge Bomb|p1a: Weezing
|-damage|p1a: Weezing|49/100
|
|-heal|p1a: Weezing|55/100|[from] item: Leftovers
|-damage|p2a: Toxapex|88/100 brn|[from] brn
|upkeep
|turn|11
|
|t:|1776092029
|move|p1a: Weezing|Pain Split|p2a: Toxapex
|-sethp|p2a: Toxapex|68/100 brn|[from] move: Pain Split|[silent]
|-sethp|p1a: Weezing|76/100|[from] move: Pain Split
|move|p2a: Toxapex|Infestation|p1a: Weezing
|-resisted|p1a: Weezing
|-damage|p1a: Weezing|75/100
|-activate|p1a: Weezing|move: Infestation|[of] p2a: Toxapex
|
|-heal|p1a: Weezing|81/100|[from] item: Leftovers
|-damage|p2a: Toxapex|63/100 brn|[from] brn
|-damage|p1a: Weezing|69/100|[from] move: Infestation|[partiallytrapped]
|upkeep
|turn|12
|
|t:|1776092034
|move|p1a: Weezing|Pain Split|p2a: Toxapex
|-sethp|p2a: Toxapex|62/100 brn|[from] move: Pain Split|[silent]
|-sethp|p1a: Weezing|69/100|[from] move: Pain Split
|move|p2a: Toxapex|Surf|p1a: Weezing
|-damage|p1a: Weezing|34/100
|
|-heal|p1a: Weezing|40/100|[from] item: Leftovers
|-damage|p2a: Toxapex|56/100 brn|[from] brn
|-damage|p1a: Weezing|27/100|[from] move: Infestation|[partiallytrapped]
|upkeep
|turn|13
|
|t:|1776092041
|move|p1a: Weezing|Pain Split|p2a: Toxapex
|-sethp|p2a: Toxapex|40/100 brn|[from] move: Pain Split|[silent]
|-sethp|p1a: Weezing|45/100|[from] move: Pain Split
|move|p2a: Toxapex|Surf|p1a: Weezing
|-damage|p1a: Weezing|10/100
|
|-heal|p1a: Weezing|17/100|[from] item: Leftovers
|-damage|p2a: Toxapex|34/100 brn|[from] brn
|-damage|p1a: Weezing|4/100|[from] move: Infestation|[partiallytrapped]
|upkeep
|turn|14
|
|t:|1776092043
|move|p1a: Weezing|Pain Split|p2a: Toxapex
|-sethp|p2a: Toxapex|19/100 brn|[from] move: Pain Split|[silent]
|-sethp|p1a: Weezing|21/100|[from] move: Pain Split
|move|p2a: Toxapex|Surf|p1a: Weezing
|-damage|p1a: Weezing|0 fnt
|faint|p1a: Weezing
|-end|p1a: Weezing|ability: Neutralizing Gas
|
|-damage|p2a: Toxapex|13/100 brn|[from] brn
|upkeep
|
|t:|1776092054
|switch|p1a: Heatran|Heatran, M, shiny|100/100
|turn|15
|
|t:|1776092059
|switch|p2a: Dondozo|Dondozo, M|100/100
|move|p1a: Heatran|Magma Storm|p2a: Dondozo
|-resisted|p2a: Dondozo
|-damage|p2a: Dondozo|72/100
|-activate|p2a: Dondozo|move: Magma Storm|[of] p1a: Heatran
|
|-heal|p2a: Dondozo|78/100|[from] item: Leftovers
|-damage|p2a: Dondozo|66/100|[from] move: Magma Storm|[partiallytrapped]
|upkeep
|turn|16
|
|t:|1776092068
|move|p1a: Heatran|Earth Power|p2a: Dondozo
|-damage|p2a: Dondozo|35/100
|move|p2a: Dondozo|Body Press|p1a: Heatran
|-supereffective|p1a: Heatran
|-damage|p1a: Heatran|47/100
|
|-heal|p2a: Dondozo|41/100|[from] item: Leftovers
|-damage|p2a: Dondozo|29/100|[from] move: Magma Storm|[partiallytrapped]
|upkeep
|turn|17
|
|t:|1776092072
|move|p1a: Heatran|Earth Power|p2a: Dondozo
|-damage|p2a: Dondozo|0 fnt
|faint|p2a: Dondozo
|
|upkeep
|
|t:|1776092076
|switch|p2a: Chansey|Chansey, F|1/100 brn
|turn|18
|
|t:|1776092080
|move|p1a: Heatran|Earth Power|p2a: Chansey
|-damage|p2a: Chansey|0 fnt
|faint|p2a: Chansey
|
|upkeep
|
|t:|1776092084
|switch|p2a: Gliscor|Gliscor, F|100/100 tox
|turn|19
|
|t:|1776092089
|switch|p1a: Skarmory|Skarmory, M, shiny|100/100
|move|p2a: Gliscor|Toxic|p1a: Skarmory
|-immune|p1a: Skarmory
|
|upkeep
|turn|20
|
|t:|1776092094
|move|p2a: Gliscor|Knock Off|p1a: Skarmory
|-damage|p1a: Skarmory|87/100
|-enditem|p1a: Skarmory|Leftovers|[from] move: Knock Off|[of] p2a: Gliscor
|move|p1a: Skarmory|Iron Defense|p1a: Skarmory
|-boost|p1a: Skarmory|def|2
|
|upkeep
|turn|21
|
|t:|1776092101
|switch|p2a: Corviknight|Corviknight, F, shiny|100/100
|-ability|p2a: Corviknight|Pressure
|switch|p1a: Deoxys|Deoxys-Speed, shiny|100/100
|-ability|p1a: Deoxys|Pressure
|
|upkeep
|turn|22
|
|t:|1776092111
|move|p1a: Deoxys|Trick|p2a: Corviknight
|-activate|p1a: Deoxys|move: Trick|[of] p2a: Corviknight
|-item|p2a: Corviknight|Choice Specs|[from] move: Trick
|-item|p1a: Deoxys|Leftovers|[from] move: Trick
|move|p2a: Corviknight|Body Press|p1a: Deoxys
|-resisted|p1a: Deoxys
|-damage|p1a: Deoxys|81/100
|
|-heal|p1a: Deoxys|88/100|[from] item: Leftovers
|upkeep
|turn|23
|
|t:|1776092118
|switch|p2a: Toxapex|Toxapex, M|46/100 brn
|move|p1a: Deoxys|Nasty Plot|p1a: Deoxys
|-boost|p1a: Deoxys|spa|2
|
|-heal|p1a: Deoxys|94/100|[from] item: Leftovers
|-damage|p2a: Toxapex|40/100 brn|[from] brn
|upkeep
|turn|24
|
|t:|1776092123
|switch|p2a: Weezing|Weezing-Galar, F|100/100
|-ability|p2a: Weezing|Neutralizing Gas
|move|p1a: Deoxys|Psycho Boost|p2a: Weezing
|-supereffective|p2a: Weezing
|-damage|p2a: Weezing|0 fnt
|-unboost|p1a: Deoxys|spa|2
|faint|p2a: Weezing
|-end|p2a: Weezing|ability: Neutralizing Gas
|-ability|p1a: Deoxys|Pressure
|
|-heal|p1a: Deoxys|99/100|[from] item: Leftovers
|upkeep
|-message|phonfrog forfeited.
|
|win|Kaltaris83
|raw|Kaltaris83's rating: 1561 &rarr; <strong>1577</strong><br />(+16 for winning)
|raw|phonfrog's rating: 1494 &rarr; <strong>1478</strong><br />(-16 for losing)
|l|☆phonfrog
|player|p2|
|l| ohko_smeargle
|l|☆Kaltaris83
|player|p1|
