|html|<div class="broadcast-blue"><strong>[Gen 9] OU is currently suspecting Tera Blast! For information on how to participate check out the <a href="https://www.smogon.com/tools/suspects/view/200">suspect thread</a>.</strong></div>
|j|☆Dr.Aero
|j|☆147258Q
|t:|1776171154
|gametype|singles
|player|p1|Dr.Aero|camper|1117
|player|p2|147258Q|102|1115
|gen|9
|tier|[Gen 9] OU
|rated|
|rule|HP Percentage Mod: HP is shown in percentages
|rule|Endless Battle Clause: Forcing endless battles is banned
|rule|Species Clause: Limit one of each Pokémon
|rule|OHKO Clause: OHKO moves are banned
|rule|Evasion Items Clause: Evasion items are banned
|rule|Evasion Moves Clause: Evasion moves are banned
|rule|Evasion Abilities Clause: Evasion abilities are banned
|rule|Sleep Moves Clause: Sleep-inducing moves are banned
|clearpoke
|poke|p1|Heatran, M|
|poke|p1|Corviknight, M|
|poke|p1|Kingambit, M|
|poke|p1|Gliscor, M|
|poke|p1|Iron Crown|
|poke|p1|Raging Bolt|
|poke|p2|Hatterene, F|
|poke|p2|Magnezone|
|poke|p2|Rillaboom, F|
|poke|p2|Ninetales-Alola, M|
|poke|p2|Weezing-Galar, F|
|poke|p2|Drifblim, M|
|teampreview
|inactive|Battle timer is ON: inactive players will automatically lose when time's up. (requested by Dr.Aero)
|
|t:|1776171170
|teamsize|p1|6
|teamsize|p2|6
|start
|switch|p1a: Iron Crown|Iron Crown|100/100
|switch|p2a: Ninetales|Ninetales-Alola, M|100/100
|-weather|Snowscape|[from] ability: Snow Warning|[of] p2a: Ninetales
|turn|1
|
|t:|1776171180
|move|p2a: Ninetales|Aurora Veil|p2a: Ninetales
|-sidestart|p2: 147258Q|move: Aurora Veil
|move|p1a: Iron Crown|Tachyon Cutter|p2a: Ninetales
|-supereffective|p2a: Ninetales
|-damage|p2a: Ninetales|49/100
|-supereffective|p2a: Ninetales
|-damage|p2a: Ninetales|4/100
|-hitcount|p2a: Ninetales|2
|
|-weather|Snowscape|[upkeep]
|upkeep
|turn|2
|
|t:|1776171193
|move|p2a: Ninetales|Blizzard|p1a: Iron Crown
|-resisted|p1a: Iron Crown
|-damage|p1a: Iron Crown|92/100
|move|p1a: Iron Crown|Volt Switch|p2a: Ninetales
|-damage|p2a: Ninetales|0 fnt
|faint|p2a: Ninetales
|
|t:|1776171199
|-end|p1a: Iron Crown|Quark Drive|[silent]
|switch|p1a: Corviknight|Corviknight, M|100/100|[from] Volt Switch
|-ability|p1a: Corviknight|Pressure
|
|-weather|Snowscape|[upkeep]
|upkeep
|
|t:|1776171214
|switch|p2a: Weezing|Weezing-Galar, F|100/100
|turn|3
|
|t:|1776171219
|move|p2a: Weezing|Will-O-Wisp|p1a: Corviknight
|-status|p1a: Corviknight|brn
|move|p1a: Corviknight|Defog|p2a: Weezing
|-unboost|p2a: Weezing|evasion|1
|-sideend|p2: 147258Q|move: Aurora Veil
|
|-weather|Snowscape|[upkeep]
|-damage|p1a: Corviknight|94/100 brn|[from] brn
|upkeep
|turn|4
|
|t:|1776171231
|move|p2a: Weezing|Toxic Spikes|p1a: Corviknight
|-sidestart|p1: Dr.Aero|move: Toxic Spikes
|move|p1a: Corviknight|U-turn|p2a: Weezing
|-resisted|p2a: Weezing
|-damage|p2a: Weezing|99/100
|
|t:|1776171239
|switch|p1a: Gliscor|Gliscor, M|100/100|[from] U-turn
|
|-weather|Snowscape|[upkeep]
|-status|p1a: Gliscor|tox|[from] item: Toxic Orb
|upkeep
|turn|5
|
|t:|1776171258
|move|p1a: Gliscor|U-turn|p2a: Weezing
|-resisted|p2a: Weezing
|-damage|p2a: Weezing|97/100
|
|t:|1776171261
|switch|p1a: Corviknight|Corviknight, M|94/100 brn|[from] U-turn
|-ability|p1a: Corviknight|Pressure
|move|p2a: Weezing|Toxic Spikes|p1a: Corviknight
|-sidestart|p1: Dr.Aero|move: Toxic Spikes
|
|-weather|none
|-heal|p1a: Corviknight|100/100 brn|[from] item: Leftovers
|-damage|p1a: Corviknight|94/100 brn|[from] brn
|upkeep
|turn|6
|
|t:|1776171288
|switch|p2a: Hatterene|Hatterene, F|100/100
|move|p1a: Corviknight|U-turn|p2a: Hatterene
|-damage|p2a: Hatterene|92/100
|
|t:|1776171291
|switch|p1a: Iron Crown|Iron Crown|92/100|[from] U-turn
|
|-heal|p2a: Hatterene|98/100|[from] item: Leftovers
|upkeep
|turn|7
|
|t:|1776171303
|switch|p2a: Weezing|Weezing-Galar, F|97/100
|move|p1a: Iron Crown|Tachyon Cutter|p2a: Weezing
|-supereffective|p2a: Weezing
|-damage|p2a: Weezing|19/100
|-supereffective|p2a: Weezing
|-damage|p2a: Weezing|0 fnt
|faint|p2a: Weezing
|-hitcount|p2: Weezing|2
|
|upkeep
|inactive|147258Q has 120 seconds left.
|
|t:|1776171324
|switch|p2a: Drifblim|Drifblim, M|100/100
|turn|8
|inactive|147258Q has 120 seconds left.
|
|t:|1776171330
|move|p1a: Iron Crown|Volt Switch|p2a: Drifblim
|-supereffective|p2a: Drifblim
|-damage|p2a: Drifblim|43/100
|-enditem|p2a: Drifblim|Weakness Policy
|-boost|p2a: Drifblim|atk|2|[from] item: Weakness Policy
|-boost|p2a: Drifblim|spa|2|[from] item: Weakness Policy
|
|t:|1776171334
|-end|p1a: Iron Crown|Quark Drive|[silent]
|switch|p1a: Gliscor|Gliscor, M|100/100 tox|[from] Volt Switch
|move|p2a: Drifblim|Strength Sap|p1a: Gliscor
|-unboost|p1a: Gliscor|atk|1
|-heal|p2a: Drifblim|88/100
|
|upkeep
|turn|9
|
|t:|1776171347
|move|p2a: Drifblim|Acrobatics|p1a: Gliscor
|-damage|p1a: Gliscor|44/100 tox
|move|p1a: Gliscor|Toxic|p2a: Drifblim
|-status|p2a: Drifblim|tox
|
|-damage|p2a: Drifblim|82/100 tox|[from] psn
|-heal|p1a: Gliscor|56/100 tox|[from] ability: Poison Heal
|upkeep
|turn|10
|
|t:|1776171358
|move|p1a: Gliscor|Protect|p1a: Gliscor
|-singleturn|p1a: Gliscor|Protect
|move|p2a: Drifblim|Strength Sap|p1a: Gliscor
|-activate|p1a: Gliscor|move: Protect
|
|-damage|p2a: Drifblim|70/100 tox|[from] psn
|-heal|p1a: Gliscor|69/100 tox|[from] ability: Poison Heal
|upkeep
|turn|11
|
|t:|1776171370
|move|p2a: Drifblim|Acrobatics|p1a: Gliscor
|-damage|p1a: Gliscor|15/100 tox
|move|p1a: Gliscor|U-turn|p2a: Drifblim
|-resisted|p2a: Drifblim
|-damage|p2a: Drifblim|66/100 tox
|
|t:|1776171380
|switch|p1a: Heatran|Heatran, M|100/100|[from] U-turn
|
|-damage|p2a: Drifblim|48/100 tox|[from] psn
|upkeep
|turn|12
|
|t:|1776171389
|move|p2a: Drifblim|Phantom Force||[still]
|-prepare|p2a: Drifblim|Phantom Force
|move|p1a: Heatran|Stealth Rock|p2a: Drifblim
|-sidestart|p2: 147258Q|move: Stealth Rock
|
|-damage|p2a: Drifblim|23/100 tox|[from] psn
|upkeep
|turn|13
|
|t:|1776171397
|move|p2a: Drifblim|Phantom Force|p1a: Heatran|[from] lockedmove
|-damage|p1a: Heatran|41/100
|move|p1a: Heatran|Lava Plume|p2a: Drifblim
|-damage|p2a: Drifblim|0 fnt
|faint|p2a: Drifblim
|
|-heal|p1a: Heatran|47/100|[from] item: Leftovers
|upkeep
|
|t:|1776171413
|switch|p2a: Magnezone|Magnezone|100/100
|-damage|p2a: Magnezone|94/100|[from] Stealth Rock
|turn|14
|
|t:|1776171422
|-terastallize|p1a: Heatran|Grass
|move|p1a: Heatran|Lava Plume|p2a: Magnezone
|-supereffective|p2a: Magnezone
|-damage|p2a: Magnezone|15/100
|-status|p2a: Magnezone|brn
|move|p2a: Magnezone|Mirror Coat|p1a: Heatran
|-damage|p1a: Heatran|0 fnt
|faint|p1a: Heatran
|
|-damage|p2a: Magnezone|9/100 brn|[from] brn
|upkeep
|
|t:|1776171430
|switch|p1a: Gliscor|Gliscor, M|15/100 tox
|turn|15
|
|t:|1776171443
|switch|p2a: Rillaboom|Rillaboom, F|100/100
|-damage|p2a: Rillaboom|88/100|[from] Stealth Rock
|-fieldstart|move: Grassy Terrain|[from] ability: Grassy Surge|[of] p2a: Rillaboom
|move|p1a: Gliscor|Protect||[still]
|-fail|p1a: Gliscor
|
|-heal|p2a: Rillaboom|94/100|[from] Grassy Terrain
|-heal|p1a: Gliscor|27/100 tox|[from] ability: Poison Heal
|upkeep
|turn|16
|
|t:|1776171456
|-terastallize|p2a: Rillaboom|Grass
|move|p2a: Rillaboom|Grassy Glide|p1a: Gliscor
|-damage|p1a: Gliscor|0 fnt
|faint|p1a: Gliscor
|
|-heal|p2a: Rillaboom|100/100|[from] Grassy Terrain
|upkeep
|
|t:|1776171464
|switch|p1a: Corviknight|Corviknight, M|94/100 brn
|-ability|p1a: Corviknight|Pressure
|turn|17
|
|t:|1776171474
|switch|p2a: Hatterene|Hatterene, F|98/100
|-damage|p2a: Hatterene|86/100|[from] Stealth Rock
|move|p1a: Corviknight|Defog|p2a: Hatterene
|move|p2a: Hatterene|Defog|p1a: Corviknight|[from] ability: Magic Bounce
|-unboost|p1a: Corviknight|evasion|1
|-sideend|p1: Dr.Aero|Toxic Spikes|[from] move: Defog|[of] p2a: Hatterene
|-sideend|p2: 147258Q|Stealth Rock|[from] move: Defog|[of] p2a: Hatterene
|-fieldend|move: Grassy Terrain
|
|-heal|p1a: Corviknight|100/100 brn|[from] item: Leftovers
|-heal|p2a: Hatterene|92/100|[from] item: Leftovers
|-damage|p1a: Corviknight|94/100 brn|[from] brn
|upkeep
|turn|18
|
|t:|1776171494
|move|p1a: Corviknight|U-turn|p2a: Hatterene
|-damage|p2a: Hatterene|84/100
|
|t:|1776171497
|switch|p1a: Iron Crown|Iron Crown|92/100|[from] U-turn
|move|p2a: Hatterene|Mystical Fire|p1a: Iron Crown
|-supereffective|p1a: Iron Crown
|-damage|p1a: Iron Crown|65/100
|-unboost|p1a: Iron Crown|spa|1
|
|-heal|p2a: Hatterene|90/100|[from] item: Leftovers
|upkeep
|turn|19
|
|t:|1776171509
|move|p1a: Iron Crown|Tachyon Cutter|p2a: Hatterene
|-supereffective|p2a: Hatterene
|-damage|p2a: Hatterene|64/100
|-supereffective|p2a: Hatterene
|-damage|p2a: Hatterene|38/100
|-hitcount|p2a: Hatterene|2
|move|p2a: Hatterene|Healing Wish|p2a: Hatterene
|faint|p2a: Hatterene
|
|upkeep
|
|t:|1776171519
|switch|p2a: Magnezone|Magnezone|9/100 brn
|-heal|p2a: Magnezone|100/100|[from] move: Healing Wish
|turn|20
|
|t:|1776171531
|move|p1a: Iron Crown|Volt Switch|p2a: Magnezone
|-resisted|p2a: Magnezone
|-damage|p2a: Magnezone|91/100
|
|t:|1776171534
|-end|p1a: Iron Crown|Quark Drive|[silent]
|switch|p1a: Raging Bolt|Raging Bolt|100/100|[from] Volt Switch
|move|p2a: Magnezone|Mirror Coat|p1a: Raging Bolt
|-damage|p1a: Raging Bolt|86/100
|
|upkeep
|turn|21
|
|t:|1776171550
|move|p1a: Raging Bolt|Thunderbolt|p2a: Magnezone
|-resisted|p2a: Magnezone
|-crit|p2a: Magnezone
|-damage|p2a: Magnezone|48/100
|move|p2a: Magnezone|Mirror Coat|p1a: Raging Bolt
|-damage|p1a: Raging Bolt|19/100
|
|upkeep
|turn|22
|
|t:|1776171558
|move|p1a: Raging Bolt|Thunderbolt|p2a: Magnezone
|-resisted|p2a: Magnezone
|-damage|p2a: Magnezone|20/100
|move|p2a: Magnezone|Mirror Coat|p1a: Raging Bolt
|-damage|p1a: Raging Bolt|0 fnt
|faint|p1a: Raging Bolt
|-end|p1a: Raging Bolt|Protosynthesis|[silent]
|
|upkeep
|
|t:|1776171563
|switch|p1a: Iron Crown|Iron Crown|65/100
|turn|23
|-enditem|p2a: Magnezone|Custap Berry|[eat]
|-activate|p2a: Magnezone|item: Custap Berry|[consumed]
|
|t:|1776171572
|move|p2a: Magnezone|Steel Beam|p1a: Iron Crown
|-resisted|p1a: Iron Crown
|-damage|p1a: Iron Crown|41/100
|-damage|p2a: Magnezone|0 fnt|[from] steelbeam
|faint|p2a: Magnezone
|move|p1a: Iron Crown|Volt Switch|p2: Magnezone|[notarget]
|-fail|p1a: Iron Crown
|
|upkeep
|
|t:|1776171583
|switch|p2a: Rillaboom|Rillaboom, F, tera:Grass|100/100
|-fieldstart|move: Grassy Terrain|[from] ability: Grassy Surge|[of] p2a: Rillaboom
|turn|24
|
|t:|1776171589
|move|p1a: Iron Crown|Psyshock|p2a: Rillaboom
|-damage|p2a: Rillaboom|65/100
|move|p2a: Rillaboom|Drain Punch|p1a: Iron Crown
|-damage|p1a: Iron Crown|5/100
|-heal|p2a: Rillaboom|81/100|[from] drain|[of] p1a: Iron Crown
|
|-heal|p1a: Iron Crown|11/100|[from] Grassy Terrain
|-heal|p2a: Rillaboom|87/100|[from] Grassy Terrain
|upkeep
|turn|25
|
|t:|1776171599
|move|p1a: Iron Crown|Psyshock|p2a: Rillaboom
|-damage|p2a: Rillaboom|52/100
|move|p2a: Rillaboom|Drain Punch|p1a: Iron Crown
|-damage|p1a: Iron Crown|0 fnt
|-heal|p2a: Rillaboom|57/100|[from] drain|[of] p1a: Iron Crown
|faint|p1a: Iron Crown
|-end|p1a: Iron Crown|Quark Drive|[silent]
|
|-heal|p2a: Rillaboom|63/100|[from] Grassy Terrain
|upkeep
|
|t:|1776171603
|switch|p1a: Corviknight|Corviknight, M|94/100 brn
|-ability|p1a: Corviknight|Pressure
|turn|26
|
|t:|1776171614
|move|p2a: Rillaboom|Drain Punch|p1a: Corviknight
|-damage|p1a: Corviknight|67/100 brn
|-heal|p2a: Rillaboom|77/100|[from] drain|[of] p1a: Corviknight
|move|p1a: Corviknight|Brave Bird|p2a: Rillaboom
|-supereffective|p2a: Rillaboom
|-damage|p2a: Rillaboom|45/100
|-damage|p1a: Corviknight|56/100 brn|[from] Recoil
|
|-heal|p2a: Rillaboom|51/100|[from] Grassy Terrain
|-heal|p1a: Corviknight|62/100 brn|[from] item: Leftovers
|-damage|p1a: Corviknight|56/100 brn|[from] brn
|upkeep
|turn|27
|
|t:|1776171628
|move|p2a: Rillaboom|Drain Punch|p1a: Corviknight
|-damage|p1a: Corviknight|29/100 brn
|-heal|p2a: Rillaboom|64/100|[from] drain|[of] p1a: Corviknight
|move|p1a: Corviknight|Roost|p1a: Corviknight
|-heal|p1a: Corviknight|79/100 brn
|-singleturn|p1a: Corviknight|move: Roost
|
|-heal|p2a: Rillaboom|70/100|[from] Grassy Terrain
|-heal|p1a: Corviknight|86/100 brn|[from] Grassy Terrain
|-heal|p1a: Corviknight|92/100 brn|[from] item: Leftovers
|-damage|p1a: Corviknight|86/100 brn|[from] brn
|upkeep
|turn|28
|
|t:|1776171642
|move|p2a: Rillaboom|Drain Punch|p1a: Corviknight
|-damage|p1a: Corviknight|62/100 brn
|-heal|p2a: Rillaboom|82/100|[from] drain|[of] p1a: Corviknight
|move|p1a: Corviknight|Brave Bird|p2a: Rillaboom
|-supereffective|p2a: Rillaboom
|-damage|p2a: Rillaboom|49/100
|-damage|p1a: Corviknight|51/100 brn|[from] Recoil
|
|-heal|p2a: Rillaboom|55/100|[from] Grassy Terrain
|-heal|p1a: Corviknight|57/100 brn|[from] item: Leftovers
|-damage|p1a: Corviknight|51/100 brn|[from] brn
|-fieldend|move: Grassy Terrain
|upkeep
|turn|29
|
|t:|1776171657
|move|p2a: Rillaboom|Drain Punch|p1a: Corviknight
|-damage|p1a: Corviknight|28/100 brn
|-heal|p2a: Rillaboom|67/100|[from] drain|[of] p1a: Corviknight
|move|p1a: Corviknight|Roost|p1a: Corviknight
|-heal|p1a: Corviknight|78/100 brn
|-singleturn|p1a: Corviknight|move: Roost
|
|-heal|p1a: Corviknight|84/100 brn|[from] item: Leftovers
|-damage|p1a: Corviknight|78/100 brn|[from] brn
|upkeep
|turn|30
|-message|147258Q forfeited.
|
|win|Dr.Aero
|raw|Dr.Aero's rating: 1117 &rarr; <strong>1142</strong><br />(+25 for winning)
|raw|147258Q's rating: 1115 &rarr; <strong>1090</strong><br />(-25 for losing)
|l|☆147258Q
|player|p2|
