|html|<div class="broadcast-blue"><strong>[Gen 9] OU is currently suspecting Tera Blast! For information on how to participate check out the <a href="https://www.smogon.com/tools/suspects/view/200">suspect thread</a>.</strong></div>
|j|‽Paper_Falconv2
|j|☆lobsterino
|t:|1776086815
|gametype|singles
|player|p1|Paper_Falconv2|ghetsis-gen5bw|1058
|player|p2|lobsterino|265|1077
|gen|9
|tier|[Gen 9] OU
|rated|
|rule|HP Percentage Mod: HP is shown in percentages
|rule|Endless Battle Clause: Forcing endless battles is banned
|rule|Species Clause: Limit one of each Pokémon
|rule|OHKO Clause: OHKO moves are banned
|rule|Evasion Items Clause: Evasion items are banned
|rule|Evasion Moves Clause: Evasion moves are banned
|rule|Evasion Abilities Clause: Evasion abilities are banned
|rule|Sleep Moves Clause: Sleep-inducing moves are banned
|clearpoke
|poke|p1|Pelipper, F|
|poke|p1|Krookodile, F|
|poke|p1|Tinkaton, F|
|poke|p1|Overqwil, M|
|poke|p1|Sliggoo, F|
|poke|p1|Galvantula, M|
|poke|p2|Dragapult, M|
|poke|p2|Kingambit, F|
|poke|p2|Clefable, M|
|poke|p2|Slowking-Galar, M|
|poke|p2|Rotom-Mow|
|poke|p2|Hitmonlee, M|
|teampreview
|inactive|Battle timer is ON: inactive players will automatically lose when time's up. (requested by lobsterino)
|
|t:|1776086831
|teamsize|p1|6
|teamsize|p2|6
|start
|switch|p1a: Tinkaton|Tinkaton, F, shiny|100/100
|switch|p2a: Rotom|Rotom-Mow|100/100
|-ability|p1a: Tinkaton|Mold Breaker
|turn|1
|
|t:|1776086849
|switch|p1a: Galvantula|Galvantula, M|100/100
|move|p2a: Rotom|Volt Switch|p1a: Galvantula
|-resisted|p1a: Galvantula
|-damage|p1a: Galvantula|61/100
|
|t:|1776086855
|switch|p2a: Hitmonlee|Hitmonlee, M|100/100|[from] Volt Switch
|
|upkeep
|turn|2
|
|t:|1776086861
|move|p2a: Hitmonlee|Fake Out|p1a: Galvantula
|-enditem|p2a: Hitmonlee|Normal Gem|[from] gem
|-damage|p1a: Galvantula|25/100
|cant|p1a: Galvantula|flinch
|
|upkeep
|turn|3
|
|t:|1776086872
|switch|p1a: Pelipper|Pelipper, F|100/100
|-weather|RainDance|[from] ability: Drizzle|[of] p1a: Pelipper
|move|p2a: Hitmonlee|Rapid Spin|p1a: Pelipper
|-damage|p1a: Pelipper|84/100
|-boost|p2a: Hitmonlee|spe|1
|
|-weather|RainDance|[upkeep]
|upkeep
|turn|4
|
|t:|1776086896
|switch|p2a: Slowking|Slowking-Galar, M|100/100
|move|p1a: Pelipper|Hurricane|p2a: Slowking
|-damage|p2a: Slowking|62/100
|
|-weather|RainDance|[upkeep]
|-heal|p2a: Slowking|68/100|[from] item: Black Sludge
|upkeep
|turn|5
|inactive|lobsterino has 120 seconds left.
|
|t:|1776086919
|switch|p1a: Tinkaton|Tinkaton, F, shiny|100/100
|-ability|p1a: Tinkaton|Mold Breaker
|move|p2a: Slowking|Eerie Spell|p1a: Tinkaton
|-resisted|p1a: Tinkaton
|-damage|p1a: Tinkaton|82/100
|
|-weather|RainDance|[upkeep]
|-heal|p1a: Tinkaton|88/100|[from] item: Leftovers
|-heal|p2a: Slowking|74/100|[from] item: Black Sludge
|upkeep
|turn|6
|inactive|lobsterino has 120 seconds left.
|
|t:|1776086933
|switch|p2a: Clefable|Clefable, M|100/100
|move|p1a: Tinkaton|Stealth Rock|p2a: Clefable
|-sidestart|p2: lobsterino|move: Stealth Rock
|
|-weather|RainDance|[upkeep]
|-heal|p1a: Tinkaton|94/100|[from] item: Leftovers
|upkeep
|turn|7
|
|t:|1776086941
|move|p1a: Tinkaton|Gigaton Hammer|p2a: Clefable
|-supereffective|p2a: Clefable
|-damage|p2a: Clefable|37/100
|move|p2a: Clefable|Thunder Wave|p1a: Tinkaton
|-status|p1a: Tinkaton|par
|
|-weather|RainDance|[upkeep]
|-heal|p1a: Tinkaton|99/100 par|[from] item: Leftovers
|upkeep
|turn|8
|inactive|lobsterino has 120 seconds left.
|
|t:|1776086962
|move|p1a: Tinkaton|Thunder Wave|p2a: Clefable
|-status|p2a: Clefable|par
|cant|p2a: Clefable|par
|
|-weather|RainDance|[upkeep]
|-heal|p1a: Tinkaton|100/100 par|[from] item: Leftovers
|upkeep
|turn|9
|
|t:|1776086968
|switch|p1a: Overqwil|Overqwil, M|100/100
|move|p2a: Clefable|Wish|p2a: Clefable
|
|-weather|RainDance|[upkeep]
|upkeep
|turn|10
|
|t:|1776086981
|switch|p2a: Slowking|Slowking-Galar, M|100/100
|-damage|p2a: Slowking|88/100|[from] Stealth Rock
|move|p1a: Overqwil|Liquidation|p2a: Slowking
|-damage|p2a: Slowking|28/100
|-damage|p1a: Overqwil|91/100|[from] item: Life Orb
|
|-weather|none
|-heal|p2a: Slowking|78/100|[from] move: Wish|[wisher] Clefable
|-heal|p2a: Slowking|84/100|[from] item: Black Sludge
|upkeep
|turn|11
|inactive|Paper_Falconv2 has 120 seconds left.
|inactive|Paper_Falconv2 has 90 seconds left.
|
|t:|1776087048
|switch|p1a: Krookodile|Krookodile, F|100/100
|-ability|p1a: Krookodile|Intimidate|boost
|-unboost|p2a: Slowking|atk|1
|switch|p2a: Clefable|Clefable, M|37/100 par
|-damage|p2a: Clefable|25/100 par|[from] Stealth Rock
|
|upkeep
|turn|12
|inactive|Paper_Falconv2 has 90 seconds left.
|
|t:|1776087063
|move|p1a: Krookodile|Earthquake|p2a: Clefable
|-damage|p2a: Clefable|0 fnt
|faint|p2a: Clefable
|
|upkeep
|
|t:|1776087065
|switch|p2a: Hitmonlee|Hitmonlee, M|100/100
|-damage|p2a: Hitmonlee|94/100|[from] Stealth Rock
|turn|13
|inactive|Paper_Falconv2 has 90 seconds left.
|
|t:|1776087080
|switch|p1a: Pelipper|Pelipper, F|84/100
|-weather|RainDance|[from] ability: Drizzle|[of] p1a: Pelipper
|move|p2a: Hitmonlee|Rapid Spin|p1a: Pelipper
|-damage|p1a: Pelipper|66/100
|-boost|p2a: Hitmonlee|spe|1
|-sideend|p2: lobsterino|Stealth Rock|[from] move: Rapid Spin|[of] p2a: Hitmonlee
|
|-weather|RainDance|[upkeep]
|upkeep
|turn|14
|inactive|Paper_Falconv2 has 90 seconds left.
|
|t:|1776087089
|switch|p2a: Slowking|Slowking-Galar, M|100/100
|move|p1a: Pelipper|U-turn|p2a: Slowking
|-crit|p2a: Slowking
|-damage|p2a: Slowking|87/100
|inactive|Paper_Falconv2 has 90 seconds left.
|
|t:|1776087104
|switch|p1a: Krookodile|Krookodile, F|100/100|[from] U-turn
|-ability|p1a: Krookodile|Intimidate|boost
|-unboost|p2a: Slowking|atk|1
|
|-weather|RainDance|[upkeep]
|-heal|p2a: Slowking|93/100|[from] item: Black Sludge
|upkeep
|turn|15
|
|t:|1776087120
|switch|p2a: Rotom|Rotom-Mow|100/100
|move|p1a: Krookodile|Hone Claws|p1a: Krookodile
|-boost|p1a: Krookodile|atk|1
|-boost|p1a: Krookodile|accuracy|1
|
|-weather|RainDance|[upkeep]
|upkeep
|turn|16
|
|t:|1776087130
|move|p1a: Krookodile|Scale Shot|p2a: Rotom
|-damage|p2a: Rotom|85/100
|-damage|p2a: Rotom|69/100
|-damage|p2a: Rotom|52/100
|-damage|p2a: Rotom|36/100
|-damage|p2a: Rotom|19/100
|-hitcount|p2a: Rotom|5
|-unboost|p1a: Krookodile|def|1
|-boost|p1a: Krookodile|spe|1
|move|p2a: Rotom|Leaf Storm|p1a: Krookodile
|-supereffective|p1a: Krookodile
|-damage|p1a: Krookodile|0 fnt
|-unboost|p2a: Rotom|spa|2
|faint|p1a: Krookodile
|
|-weather|RainDance|[upkeep]
|upkeep
|inactive|Paper_Falconv2 has 90 seconds left.
|
|t:|1776087144
|switch|p1a: Sliggoo|Sliggoo, F|100/100
|turn|17
|
|t:|1776087153
|switch|p2a: Slowking|Slowking-Galar, M|100/100
|move|p1a: Sliggoo|Acid Armor|p1a: Sliggoo
|-boost|p1a: Sliggoo|def|2
|
|-weather|RainDance|[upkeep]
|upkeep
|turn|18
|
|t:|1776087162
|move|p1a: Sliggoo|Dragon Pulse|p2a: Slowking
|-damage|p2a: Slowking|81/100
|move|p2a: Slowking|Trick|p1a: Sliggoo
|-activate|p2a: Slowking|move: Trick|[of] p1a: Sliggoo
|-item|p1a: Sliggoo|Black Sludge|[from] move: Trick
|-item|p2a: Slowking|Eviolite|[from] move: Trick
|
|-weather|RainDance|[upkeep]
|-damage|p1a: Sliggoo|88/100|[from] item: Black Sludge
|upkeep
|turn|19
|
|t:|1776087178
|move|p1a: Sliggoo|Toxic|p2a: Slowking
|-immune|p2a: Slowking
|move|p2a: Slowking|Eerie Spell|p1a: Sliggoo
|-crit|p1a: Sliggoo
|-damage|p1a: Sliggoo|43/100
|-activate|p1a: Sliggoo|move: Eerie Spell|Toxic|3
|
|-weather|RainDance|[upkeep]
|-damage|p1a: Sliggoo|30/100|[from] item: Black Sludge
|upkeep
|turn|20
|
|t:|1776087190
|move|p1a: Sliggoo|Rest|p1a: Sliggoo
|-status|p1a: Sliggoo|slp|[from] move: Rest
|-heal|p1a: Sliggoo|100/100 slp|[silent]
|move|p2a: Slowking|Flamethrower|p1a: Sliggoo
|-resisted|p1a: Sliggoo
|-damage|p1a: Sliggoo|95/100 slp
|
|-weather|none
|-damage|p1a: Sliggoo|82/100 slp|[from] item: Black Sludge
|upkeep
|turn|21
|inactive|Paper_Falconv2 has 120 seconds left.
|
|t:|1776087206
|switch|p1a: Tinkaton|Tinkaton, F, shiny|100/100 par
|-ability|p1a: Tinkaton|Mold Breaker
|switch|p2a: Dragapult|Dragapult, M|100/100
|
|upkeep
|turn|22
|
|t:|1776087215
|move|p2a: Dragapult|U-turn|p1a: Tinkaton
|-resisted|p1a: Tinkaton
|-damage|p1a: Tinkaton|89/100 par
|-damage|p2a: Dragapult|91/100|[from] item: Life Orb
|
|t:|1776087219
|switch|p2a: Slowking|Slowking-Galar, M|100/100|[from] U-turn
|move|p1a: Tinkaton|Thunder Wave|p2a: Slowking
|-status|p2a: Slowking|par
|
|-heal|p1a: Tinkaton|95/100 par|[from] item: Leftovers
|upkeep
|turn|23
|
|t:|1776087224
|cant|p1a: Tinkaton|par
|cant|p2a: Slowking|par
|
|-heal|p1a: Tinkaton|100/100 par|[from] item: Leftovers
|upkeep
|turn|24
|
|t:|1776087227
|cant|p1a: Tinkaton|par
|move|p2a: Slowking|Trick|p1a: Tinkaton
|-activate|p2a: Slowking|move: Trick|[of] p1a: Tinkaton
|-item|p1a: Tinkaton|Eviolite|[from] move: Trick
|-item|p2a: Slowking|Leftovers|[from] move: Trick
|
|upkeep
|turn|25
|
|t:|1776087232
|move|p1a: Tinkaton|Stealth Rock|p2a: Slowking
|-sidestart|p2: lobsterino|move: Stealth Rock
|move|p2a: Slowking|Flamethrower|p1a: Tinkaton
|-supereffective|p1a: Tinkaton
|-damage|p1a: Tinkaton|50/100 par
|
|upkeep
|turn|26
|
|t:|1776087242
|switch|p1a: Pelipper|Pelipper, F|66/100
|-weather|RainDance|[from] ability: Drizzle|[of] p1a: Pelipper
|move|p2a: Slowking|Flamethrower|p1a: Pelipper
|-resisted|p1a: Pelipper
|-damage|p1a: Pelipper|54/100
|
|-weather|RainDance|[upkeep]
|upkeep
|turn|27
|
|t:|1776087264
|move|p1a: Pelipper|U-turn|p2a: Slowking
|-damage|p2a: Slowking|91/100 par
|
|t:|1776087266
|switch|p1a: Overqwil|Overqwil, M|91/100|[from] U-turn
|move|p2a: Slowking|Eerie Spell|p1a: Overqwil
|-immune|p1a: Overqwil
|
|-weather|RainDance|[upkeep]
|-heal|p2a: Slowking|97/100 par|[from] item: Leftovers
|upkeep
|turn|28
|
|t:|1776087289
|move|p1a: Overqwil|Swords Dance|p1a: Overqwil
|-boost|p1a: Overqwil|atk|2
|move|p2a: Slowking|Flamethrower|p1a: Overqwil
|-damage|p1a: Overqwil|70/100
|
|-weather|RainDance|[upkeep]
|-heal|p2a: Slowking|100/100 par|[from] item: Leftovers
|upkeep
|turn|29
|inactive|lobsterino has 120 seconds left.
|
|t:|1776087311
|move|p1a: Overqwil|Liquidation|p2a: Slowking
|-damage|p2a: Slowking|0 fnt
|faint|p2a: Slowking
|-damage|p1a: Overqwil|60/100|[from] item: Life Orb
|
|-weather|RainDance|[upkeep]
|upkeep
|
|t:|1776087313
|switch|p2a: Hitmonlee|Hitmonlee, M|94/100
|-damage|p2a: Hitmonlee|88/100|[from] Stealth Rock
|turn|30
|
|t:|1776087322
|move|p2a: Hitmonlee|Fake Out|p1a: Overqwil
|-damage|p1a: Overqwil|48/100
|cant|p1a: Overqwil|flinch
|
|-weather|RainDance|[upkeep]
|upkeep
|turn|31
|
|t:|1776087341
|switch|p2a: Rotom|Rotom-Mow|19/100
|-damage|p2a: Rotom|6/100|[from] Stealth Rock
|move|p1a: Overqwil|Liquidation|p2a: Rotom
|-resisted|p2a: Rotom
|-damage|p2a: Rotom|0 fnt
|faint|p2a: Rotom
|-damage|p1a: Overqwil|38/100|[from] item: Life Orb
|
|-weather|RainDance|[upkeep]
|upkeep
|
|t:|1776087346
|switch|p2a: Hitmonlee|Hitmonlee, M|88/100
|-damage|p2a: Hitmonlee|82/100|[from] Stealth Rock
|turn|32
|
|t:|1776087368
|switch|p1a: Galvantula|Galvantula, M|25/100
|move|p2a: Hitmonlee|Fake Out|p1a: Galvantula
|-damage|p1a: Galvantula|0 fnt
|faint|p1a: Galvantula
|
|-weather|RainDance|[upkeep]
|upkeep
|
|t:|1776087374
|switch|p1a: Sliggoo|Sliggoo, F|82/100 slp
|turn|33
|
|t:|1776087387
|move|p2a: Hitmonlee|Rapid Spin|p1a: Sliggoo
|-damage|p1a: Sliggoo|59/100 slp
|-boost|p2a: Hitmonlee|spe|1
|-sideend|p2: lobsterino|Stealth Rock|[from] move: Rapid Spin|[of] p2a: Hitmonlee
|cant|p1a: Sliggoo|slp
|
|-weather|none
|-damage|p1a: Sliggoo|46/100 slp|[from] item: Black Sludge
|upkeep
|turn|34
|
|t:|1776087400
|switch|p1a: Pelipper|Pelipper, F|54/100
|-weather|RainDance|[from] ability: Drizzle|[of] p1a: Pelipper
|move|p2a: Hitmonlee|High Jump Kick|p1a: Pelipper
|-resisted|p1a: Pelipper
|-damage|p1a: Pelipper|19/100
|
|-weather|RainDance|[upkeep]
|upkeep
|turn|35
|j| ohko_smeargle
|
|t:|1776087422
|move|p2a: Hitmonlee|Rapid Spin|p1a: Pelipper
|-damage|p1a: Pelipper|1/100
|-boost|p2a: Hitmonlee|spe|1
|move|p1a: Pelipper|Hurricane|p2a: Hitmonlee
|-supereffective|p2a: Hitmonlee
|-damage|p2a: Hitmonlee|0 fnt
|faint|p2a: Hitmonlee
|
|-weather|RainDance|[upkeep]
|upkeep
|
|t:|1776087427
|switch|p2a: Dragapult|Dragapult, M|91/100
|turn|36
|
|t:|1776087439
|move|p2a: Dragapult|Dragon Dance|p2a: Dragapult
|-boost|p2a: Dragapult|atk|1
|-boost|p2a: Dragapult|spe|1
|move|p1a: Pelipper|U-turn|p2a: Dragapult
|-resisted|p2a: Dragapult
|-damage|p2a: Dragapult|85/100
|
|t:|1776087455
|switch|p1a: Tinkaton|Tinkaton, F, shiny|50/100 par|[from] U-turn
|-ability|p1a: Tinkaton|Mold Breaker
|
|-weather|RainDance|[upkeep]
|upkeep
|turn|37
|
|t:|1776087462
|move|p2a: Dragapult|Sucker Punch||[still]
|-fail|p2a: Dragapult
|cant|p1a: Tinkaton|par
|
|-weather|RainDance|[upkeep]
|upkeep
|turn|38
|
|t:|1776087467
|move|p2a: Dragapult|U-turn|p1a: Tinkaton
|-resisted|p1a: Tinkaton
|-damage|p1a: Tinkaton|34/100 par
|-damage|p2a: Dragapult|75/100|[from] item: Life Orb
|
|t:|1776087469
|switch|p2a: Kingambit|Kingambit, F|100/100|[from] U-turn
|-activate|p2a: Kingambit|ability: Supreme Overlord
|-start|p2a: Kingambit|fallen4|[silent]
|move|p1a: Tinkaton|Encore||[still]
|-fail|p1a: Tinkaton
|
|-weather|RainDance|[upkeep]
|upkeep
|turn|39
|
|t:|1776087484
|move|p1a: Tinkaton|Thunder Wave|p2a: Kingambit
|-status|p2a: Kingambit|par
|cant|p2a: Kingambit|par
|
|-weather|RainDance|[upkeep]
|upkeep
|turn|40
|
|t:|1776087492
|cant|p1a: Tinkaton|par
|cant|p2a: Kingambit|par
|
|-weather|RainDance|[upkeep]
|upkeep
|turn|41
|
|t:|1776087498
|cant|p1a: Tinkaton|par
|cant|p2a: Kingambit|par
|
|-weather|none
|upkeep
|turn|42
|
|t:|1776087502
|move|p1a: Tinkaton|Stealth Rock|p2a: Kingambit
|-sidestart|p2: lobsterino|move: Stealth Rock
|move|p2a: Kingambit|Iron Head|p1a: Tinkaton
|-damage|p1a: Tinkaton|0 fnt
|faint|p1a: Tinkaton
|
|upkeep
|
|t:|1776087510
|switch|p1a: Pelipper|Pelipper, F|1/100
|-weather|RainDance|[from] ability: Drizzle|[of] p1a: Pelipper
|turn|43
|
|t:|1776087522
|cant|p2a: Kingambit|par
|move|p1a: Pelipper|Hurricane|p2a: Kingambit
|-resisted|p2a: Kingambit
|-damage|p2a: Kingambit|86/100 par
|
|-weather|RainDance|[upkeep]
|upkeep
|turn|44
|
|t:|1776087529
|move|p2a: Kingambit|Sucker Punch|p1a: Pelipper
|-damage|p1a: Pelipper|0 fnt
|faint|p1a: Pelipper
|
|-weather|RainDance|[upkeep]
|upkeep
|
|t:|1776087532
|switch|p1a: Sliggoo|Sliggoo, F|46/100 slp
|turn|45
|
|t:|1776087546
|cant|p1a: Sliggoo|slp
|move|p2a: Kingambit|Kowtow Cleave|p1a: Sliggoo
|-damage|p1a: Sliggoo|0 fnt
|faint|p1a: Sliggoo
|
|-weather|RainDance|[upkeep]
|upkeep
|
|t:|1776087550
|switch|p1a: Overqwil|Overqwil, M|38/100
|turn|46
|
|t:|1776087555
|move|p1a: Overqwil|Swords Dance|p1a: Overqwil
|-boost|p1a: Overqwil|atk|2
|move|p2a: Kingambit|Iron Head|p1a: Overqwil
|-damage|p1a: Overqwil|0 fnt
|faint|p1a: Overqwil
|
|win|lobsterino
|raw|Paper_Falconv2's rating: 1058 &rarr; <strong>1040</strong><br />(-18 for losing)
|raw|lobsterino's rating: 1077 &rarr; <strong>1104</strong><br />(+27 for winning)
|l|☆lobsterino
|player|p2|
|l| ohko_smeargle
|l|‽Paper_Falconv2
|player|p1|
