|html|<div class="broadcast-blue"><strong>[Gen 9] OU is currently suspecting Tera Blast! For information on how to participate check out the <a href="https://www.smogon.com/tools/suspects/view/200">suspect thread</a>.</strong></div>
|j|☆phreshoatmeal
|j|☆GreninjaMyFav
|t:|1776050757
|gametype|singles
|player|p1|phreshoatmeal|170|1572
|player|p2|GreninjaMyFav|skyla|1633
|gen|9
|tier|[Gen 9] OU
|rated|
|rule|HP Percentage Mod: HP is shown in percentages
|rule|Endless Battle Clause: Forcing endless battles is banned
|rule|Species Clause: Limit one of each Pokémon
|rule|OHKO Clause: OHKO moves are banned
|rule|Evasion Items Clause: Evasion items are banned
|rule|Evasion Moves Clause: Evasion moves are banned
|rule|Evasion Abilities Clause: Evasion abilities are banned
|rule|Sleep Moves Clause: Sleep-inducing moves are banned
|clearpoke
|poke|p1|Rotom-Heat|
|poke|p1|Kingambit, M|
|poke|p1|Gholdengo|
|poke|p1|Chesnaught, F|
|poke|p1|Dragonite, M|
|poke|p1|Clefable, F|
|poke|p2|Greninja-*, M|
|poke|p2|Hoopa-Unbound|
|poke|p2|Great Tusk|
|poke|p2|Pecharunt|
|poke|p2|Alomomola, F|
|poke|p2|Ogerpon, F|
|teampreview
|
|t:|1776050787
|teamsize|p1|6
|teamsize|p2|6
|start
|switch|p1a: Chesnaught|Chesnaught, F|100/100
|switch|p2a: Greninja|Greninja, M|100/100
|turn|1
|
|t:|1776050797
|switch|p1a: Clefable|Clefable, F|100/100
|move|p2a: Greninja|Sludge Wave|p1a: Clefable
|-start|p2a: Greninja|typechange|Poison|[from] ability: Protean
|-supereffective|p1a: Clefable
|-damage|p1a: Clefable|12/100
|
|-heal|p1a: Clefable|18/100|[from] item: Leftovers
|upkeep
|turn|2
|c|☆phreshoatmeal|I was like there's no way he sludge waves lol
|
|t:|1776050839
|switch|p2a: Hoopa|Hoopa-Unbound|100/100
|switch|p1a: Gholdengo|Gholdengo|100/100
|
|upkeep
|turn|3
|c|☆GreninjaMyFav|greninja si also underrated btw
|c|☆GreninjaMyFav|"is"
|
|t:|1776050858
|switch|p1a: Kingambit|Kingambit, M|100/100
|move|p2a: Hoopa|Knock Off|p1a: Kingambit
|-resisted|p1a: Kingambit
|-damage|p1a: Kingambit|61/100
|-enditem|p1a: Kingambit|Leftovers|[from] move: Knock Off|[of] p2a: Hoopa
|
|upkeep
|turn|4
|
|t:|1776050890
|switch|p2a: Alomomola|Alomomola, F|100/100
|-end|p1a: Kingambit|fallenundefined|[silent]
|switch|p1a: Chesnaught|Chesnaught, F|100/100
|
|upkeep
|turn|5
|
|t:|1776050894
|move|p1a: Chesnaught|Spikes|p2a: Alomomola
|-sidestart|p2: GreninjaMyFav|Spikes
|move|p2a: Alomomola|Flip Turn|p1a: Chesnaught
|-resisted|p1a: Chesnaught
|-damage|p1a: Chesnaught|96/100
|-damage|p2a: Alomomola|84/100|[from] item: Rocky Helmet|[of] p1a: Chesnaught
|
|t:|1776050896
|switch|p2a: Greninja|Greninja, M|100/100|[from] Flip Turn
|-damage|p2a: Greninja|88/100|[from] Spikes
|
|upkeep
|turn|6
|
|t:|1776050906
|switch|p1a: Kingambit|Kingambit, M|61/100
|move|p2a: Greninja|Surf|p1a: Kingambit
|-start|p2a: Greninja|typechange|Water|[from] ability: Protean
|-damage|p1a: Kingambit|0 fnt
|faint|p1a: Kingambit
|-end|p1a: Kingambit|fallenundefined|[silent]
|
|upkeep
|
|t:|1776050913
|switch|p1a: Dragonite|Dragonite, M|100/100
|turn|7
|
|t:|1776050925
|switch|p2a: Pecharunt|Pecharunt|100/100
|switch|p1a: Rotom|Rotom-Heat|100/100
|
|upkeep
|turn|8
|
|t:|1776050932
|move|p1a: Rotom|Thunderbolt|p2a: Pecharunt
|-damage|p2a: Pecharunt|60/100
|move|p2a: Pecharunt|Recover|p2a: Pecharunt
|-heal|p2a: Pecharunt|100/100
|
|upkeep
|turn|9
|
|t:|1776050940
|switch|p1a: Gholdengo|Gholdengo|100/100
|switch|p2a: Great Tusk|Great Tusk|100/100
|
|upkeep
|turn|10
|
|t:|1776050944
|-end|p2a: Great Tusk|Protosynthesis|[silent]
|switch|p2a: Alomomola|Alomomola, F|100/100
|-damage|p2a: Alomomola|88/100|[from] Spikes
|move|p1a: Gholdengo|Make It Rain|p2a: Alomomola
|-resisted|p2a: Alomomola
|-damage|p2a: Alomomola|71/100
|-unboost|p1a: Gholdengo|spa|1
|
|upkeep
|turn|11
|
|t:|1776050948
|switch|p1a: Chesnaught|Chesnaught, F|96/100
|move|p2a: Alomomola|Flip Turn|p1a: Chesnaught
|-resisted|p1a: Chesnaught
|-damage|p1a: Chesnaught|91/100
|-damage|p2a: Alomomola|55/100|[from] item: Rocky Helmet|[of] p1a: Chesnaught
|
|t:|1776050950
|switch|p2a: Greninja|Greninja, M|88/100|[from] Flip Turn
|-damage|p2a: Greninja|76/100|[from] Spikes
|
|upkeep
|turn|12
|
|t:|1776050955
|switch|p2a: Pecharunt|Pecharunt|100/100
|move|p1a: Chesnaught|Body Press|p2a: Pecharunt
|-immune|p2a: Pecharunt
|
|upkeep
|turn|13
|
|t:|1776050959
|move|p2a: Pecharunt|Parting Shot|p1a: Chesnaught
|-unboost|p1a: Chesnaught|atk|1
|-unboost|p1a: Chesnaught|spa|1
|
|t:|1776050962
|switch|p2a: Alomomola|Alomomola, F|88/100|[from] Parting Shot
|-damage|p2a: Alomomola|76/100|[from] Spikes
|move|p1a: Chesnaught|Spikes|p2a: Alomomola
|-sidestart|p2: GreninjaMyFav|Spikes
|
|upkeep
|turn|14
|
|t:|1776050968
|switch|p2a: Pecharunt|Pecharunt|100/100
|move|p1a: Chesnaught|Knock Off|p2a: Pecharunt
|-supereffective|p2a: Pecharunt
|-damage|p2a: Pecharunt|86/100
|-enditem|p2a: Pecharunt|Heavy-Duty Boots|[from] move: Knock Off|[of] p1a: Chesnaught
|
|upkeep
|turn|15
|
|t:|1776050973
|switch|p1a: Gholdengo|Gholdengo|100/100
|move|p2a: Pecharunt|Toxic|p1a: Gholdengo
|-immune|p1a: Gholdengo|[from] ability: Good as Gold
|
|upkeep
|turn|16
|
|t:|1776050982
|switch|p2a: Hoopa|Hoopa-Unbound|100/100
|-damage|p2a: Hoopa|84/100|[from] Spikes
|move|p1a: Gholdengo|Shadow Ball|p2a: Hoopa
|-damage|p2a: Hoopa|48/100
|
|upkeep
|turn|17
|
|t:|1776050990
|switch|p1a: Clefable|Clefable, F|18/100
|move|p2a: Hoopa|Zen Headbutt|p1a: Clefable
|-damage|p1a: Clefable|0 fnt
|faint|p1a: Clefable
|
|upkeep
|
|t:|1776050995
|switch|p1a: Gholdengo|Gholdengo|100/100
|turn|18
|
|t:|1776050999
|switch|p2a: Alomomola|Alomomola, F|100/100
|-damage|p2a: Alomomola|84/100|[from] Spikes
|move|p1a: Gholdengo|Shadow Ball|p2a: Alomomola
|-damage|p2a: Alomomola|63/100
|
|upkeep
|turn|19
|
|t:|1776051007
|move|p1a: Gholdengo|Shadow Ball|p2a: Alomomola
|-damage|p2a: Alomomola|41/100
|move|p2a: Alomomola|Flip Turn|p1a: Gholdengo
|-damage|p1a: Gholdengo|81/100
|
|t:|1776051011
|switch|p2a: Hoopa|Hoopa-Unbound|48/100|[from] Flip Turn
|-damage|p2a: Hoopa|31/100|[from] Spikes
|
|upkeep
|turn|20
|
|t:|1776051014
|move|p1a: Gholdengo|Shadow Ball|p2a: Hoopa
|-damage|p2a: Hoopa|0 fnt
|faint|p2a: Hoopa
|
|upkeep
|
|t:|1776051017
|switch|p2a: Ogerpon|Ogerpon, F|100/100
|-damage|p2a: Ogerpon|84/100|[from] Spikes
|turn|21
|
|t:|1776051021
|switch|p1a: Chesnaught|Chesnaught, F|91/100
|-terastallize|p2a: Ogerpon|Grass
|detailschange|p2a: Ogerpon|Ogerpon-Teal-Tera, F, tera:Grass
|-ability|p2a: Ogerpon|Embody Aspect (Teal)|boost
|-boost|p2a: Ogerpon|spe|1
|move|p2a: Ogerpon|Knock Off|p1a: Chesnaught
|-resisted|p1a: Chesnaught
|-damage|p1a: Chesnaught|79/100
|-damage|p2a: Ogerpon|67/100|[from] item: Rocky Helmet|[of] p1a: Chesnaught
|-enditem|p1a: Chesnaught|Rocky Helmet|[from] move: Knock Off|[of] p2a: Ogerpon
|
|upkeep
|turn|22
|
|t:|1776051034
|switch|p2a: Great Tusk|Great Tusk|100/100
|move|p1a: Chesnaught|Spikes|p2a: Great Tusk
|-sidestart|p2: GreninjaMyFav|Spikes
|
|upkeep
|turn|23
|
|t:|1776051042
|switch|p1a: Rotom|Rotom-Heat|100/100
|move|p2a: Great Tusk|Headlong Rush|p1a: Rotom
|-immune|p1a: Rotom|[from] ability: Levitate
|
|upkeep
|turn|24
|
|t:|1776051047
|-end|p2a: Great Tusk|Protosynthesis|[silent]
|switch|p2a: Alomomola|Alomomola, F|74/100
|-damage|p2a: Alomomola|49/100|[from] Spikes
|move|p1a: Rotom|Overheat|p2a: Alomomola
|-resisted|p2a: Alomomola
|-damage|p2a: Alomomola|34/100
|-unboost|p1a: Rotom|spa|2
|
|upkeep
|turn|25
|
|t:|1776051059
|switch|p1a: Gholdengo|Gholdengo|81/100
|move|p2a: Alomomola|Scald|p1a: Gholdengo
|-damage|p1a: Gholdengo|65/100
|-status|p1a: Gholdengo|brn
|
|-damage|p1a: Gholdengo|59/100 brn|[from] brn
|upkeep
|turn|26
|j| wsmnd
|l| wsmnd
|
|t:|1776051076
|move|p1a: Gholdengo|Recover|p1a: Gholdengo
|-heal|p1a: Gholdengo|100/100 brn
|move|p2a: Alomomola|Flip Turn|p1a: Gholdengo
|-damage|p1a: Gholdengo|82/100 brn
|
|t:|1776051079
|switch|p2a: Great Tusk|Great Tusk|100/100|[from] Flip Turn
|
|-damage|p1a: Gholdengo|76/100 brn|[from] brn
|upkeep
|turn|27
|
|t:|1776051089
|switch|p1a: Rotom|Rotom-Heat|100/100
|move|p2a: Great Tusk|Rapid Spin|p1a: Rotom
|-damage|p1a: Rotom|81/100
|-boost|p2a: Great Tusk|spe|1
|-sideend|p2: GreninjaMyFav|Spikes|[from] move: Rapid Spin|[of] p2a: Great Tusk
|
|upkeep
|turn|28
|
|t:|1776051097
|move|p2a: Great Tusk|Stealth Rock|p1a: Rotom
|-sidestart|p1: phreshoatmeal|move: Stealth Rock
|move|p1a: Rotom|Nasty Plot|p1a: Rotom
|-boost|p1a: Rotom|spa|2
|
|upkeep
|turn|29
|
|t:|1776051103
|move|p2a: Great Tusk|Ice Spinner|p1a: Rotom
|-resisted|p1a: Rotom
|-damage|p1a: Rotom|66/100
|move|p1a: Rotom|Overheat|p2a: Great Tusk
|-damage|p2a: Great Tusk|0 fnt
|-unboost|p1a: Rotom|spa|2
|faint|p2a: Great Tusk
|-end|p2a: Great Tusk|Protosynthesis|[silent]
|
|upkeep
|
|t:|1776051108
|switch|p2a: Greninja|Greninja, M|76/100
|turn|30
|
|t:|1776051114
|switch|p1a: Dragonite|Dragonite, M|100/100
|move|p2a: Greninja|Sludge Wave|p1a: Dragonite
|-start|p2a: Greninja|typechange|Poison|[from] ability: Protean
|-damage|p1a: Dragonite|66/100
|
|upkeep
|turn|31
|
|t:|1776051123
|switch|p2a: Pecharunt|Pecharunt|86/100
|move|p1a: Dragonite|Extreme Speed|p2a: Pecharunt
|-immune|p2a: Pecharunt
|
|upkeep
|turn|32
|
|t:|1776051125
|switch|p2a: Greninja|Greninja, M|76/100
|move|p1a: Dragonite|Roost|p1a: Dragonite
|-heal|p1a: Dragonite|100/100
|-singleturn|p1a: Dragonite|move: Roost
|
|upkeep
|turn|33
|
|t:|1776051134
|switch|p2a: Pecharunt|Pecharunt|86/100
|move|p1a: Dragonite|Extreme Speed|p2a: Pecharunt
|-immune|p2a: Pecharunt
|
|upkeep
|turn|34
|
|t:|1776051138
|switch|p1a: Gholdengo|Gholdengo|76/100 brn
|-damage|p1a: Gholdengo|70/100 brn|[from] Stealth Rock
|move|p2a: Pecharunt|Toxic|p1a: Gholdengo
|-immune|p1a: Gholdengo|[from] ability: Good as Gold
|
|-damage|p1a: Gholdengo|64/100 brn|[from] brn
|upkeep
|turn|35
|
|t:|1776051144
|switch|p2a: Alomomola|Alomomola, F|67/100
|move|p1a: Gholdengo|Shadow Ball|p2a: Alomomola
|-damage|p2a: Alomomola|45/100
|-unboost|p2a: Alomomola|spd|1
|
|-damage|p1a: Gholdengo|58/100 brn|[from] brn
|upkeep
|turn|36
|
|t:|1776051151
|move|p1a: Gholdengo|Shadow Ball|p2a: Alomomola
|-damage|p2a: Alomomola|13/100
|move|p2a: Alomomola|Flip Turn|p1a: Gholdengo
|-damage|p1a: Gholdengo|40/100 brn
|
|t:|1776051154
|switch|p2a: Greninja|Greninja, M|76/100|[from] Flip Turn
|
|-damage|p1a: Gholdengo|34/100 brn|[from] brn
|upkeep
|turn|37
|
|t:|1776051163
|move|p1a: Gholdengo|Shadow Ball|p2a: Greninja
|-resisted|p2a: Greninja
|-damage|p2a: Greninja|43/100
|-unboost|p2a: Greninja|spd|1
|move|p2a: Greninja|Ice Beam|p1a: Gholdengo
|-start|p2a: Greninja|typechange|Ice|[from] ability: Protean
|-resisted|p1a: Gholdengo
|-damage|p1a: Gholdengo|0 fnt
|faint|p1a: Gholdengo
|
|upkeep
|
|t:|1776051186
|switch|p1a: Rotom|Rotom-Heat|66/100
|turn|38
|
|t:|1776051197
|switch|p2a: Ogerpon|Ogerpon-Teal-Tera, F, tera:Grass|67/100
|-ability|p2a: Ogerpon|Embody Aspect (Teal)|boost
|-boost|p2a: Ogerpon|spe|1
|move|p1a: Rotom|Thunderbolt|p2a: Ogerpon
|-resisted|p2a: Ogerpon
|-damage|p2a: Ogerpon|39/100
|
|upkeep
|turn|39
|
|t:|1776051202
|switch|p1a: Chesnaught|Chesnaught, F|79/100
|-damage|p1a: Chesnaught|73/100|[from] Stealth Rock
|move|p2a: Ogerpon|U-turn|p1a: Chesnaught
|-damage|p1a: Chesnaught|54/100
|
|t:|1776051204
|switch|p2a: Greninja|Greninja, M|43/100|[from] U-turn
|
|upkeep
|turn|40
|
|t:|1776051244
|switch|p2a: Pecharunt|Pecharunt|86/100
|move|p1a: Chesnaught|Synthesis|p1a: Chesnaught
|-heal|p1a: Chesnaught|100/100
|
|upkeep
|turn|41
|
|t:|1776051278
|move|p2a: Pecharunt|Toxic|p1a: Chesnaught
|-status|p1a: Chesnaught|tox
|-start|p1a: Chesnaught|confusion|[from] ability: Poison Puppeteer|[of] p2a: Pecharunt
|-activate|p1a: Chesnaught|confusion
|move|p1a: Chesnaught|Spikes|p2a: Pecharunt
|-sidestart|p2: GreninjaMyFav|Spikes
|
|-damage|p1a: Chesnaught|94/100 tox|[from] psn
|upkeep
|turn|42
|
|t:|1776051292
|move|p2a: Pecharunt|Parting Shot|p1a: Chesnaught
|-unboost|p1a: Chesnaught|atk|1
|-unboost|p1a: Chesnaught|spa|1
|
|t:|1776051295
|switch|p2a: Ogerpon|Ogerpon-Teal-Tera, F, tera:Grass|39/100|[from] Parting Shot
|-damage|p2a: Ogerpon|27/100|[from] Spikes
|-ability|p2a: Ogerpon|Embody Aspect (Teal)|boost
|-boost|p2a: Ogerpon|spe|1
|-activate|p1a: Chesnaught|confusion
|-damage|p1a: Chesnaught|91/100 tox|[from] confusion
|
|-damage|p1a: Chesnaught|79/100 tox|[from] psn
|upkeep
|turn|43
|
|t:|1776051310
|move|p2a: Ogerpon|Ivy Cudgel|p1a: Chesnaught
|-resisted|p1a: Chesnaught
|-damage|p1a: Chesnaught|50/100 tox
|-activate|p1a: Chesnaught|confusion
|move|p1a: Chesnaught|Synthesis|p1a: Chesnaught
|-heal|p1a: Chesnaught|99/100 tox
|
|-damage|p1a: Chesnaught|82/100 tox|[from] psn
|upkeep
|turn|44
|
|t:|1776051322
|move|p2a: Ogerpon|Ivy Cudgel|p1a: Chesnaught
|-resisted|p1a: Chesnaught
|-crit|p1a: Chesnaught
|-damage|p1a: Chesnaught|42/100 tox
|-activate|p1a: Chesnaught|confusion
|move|p1a: Chesnaught|Body Press|p2a: Ogerpon
|-damage|p2a: Ogerpon|0 fnt
|faint|p2a: Ogerpon
|detailschange|p2: Ogerpon|Ogerpon, F|[silent]
|
|-damage|p1a: Chesnaught|18/100 tox|[from] psn
|upkeep
|
|t:|1776051328
|switch|p2a: Greninja|Greninja, M|43/100
|-damage|p2a: Greninja|30/100|[from] Spikes
|turn|45
|
|t:|1776051343
|move|p2a: Greninja|Surf|p1a: Chesnaught
|-start|p2a: Greninja|typechange|Water|[from] ability: Protean
|-resisted|p1a: Chesnaught
|-damage|p1a: Chesnaught|0 fnt
|faint|p1a: Chesnaught
|
|upkeep
|
|t:|1776051346
|switch|p1a: Dragonite|Dragonite, M|100/100
|turn|46
|
|t:|1776051354
|switch|p2a: Alomomola|Alomomola, F|46/100
|-damage|p2a: Alomomola|34/100|[from] Spikes
|move|p1a: Dragonite|Dragon Dance|p1a: Dragonite
|-boost|p1a: Dragonite|atk|1
|-boost|p1a: Dragonite|spe|1
|
|upkeep
|turn|47
|
|t:|1776051366
|-terastallize|p1a: Dragonite|Normal
|move|p1a: Dragonite|Extreme Speed|p2a: Alomomola
|-damage|p2a: Alomomola|0 fnt
|faint|p2a: Alomomola
|
|upkeep
|
|t:|1776051368
|switch|p2a: Pecharunt|Pecharunt|86/100
|-damage|p2a: Pecharunt|73/100|[from] Spikes
|turn|48
|
|t:|1776051371
|move|p1a: Dragonite|Earthquake|p2a: Pecharunt
|-supereffective|p2a: Pecharunt
|-damage|p2a: Pecharunt|18/100
|move|p2a: Pecharunt|Toxic|p1a: Dragonite
|-status|p1a: Dragonite|tox
|-start|p1a: Dragonite|confusion|[from] ability: Poison Puppeteer|[of] p2a: Pecharunt
|
|-damage|p1a: Dragonite|94/100 tox|[from] psn
|upkeep
|turn|49
|
|t:|1776051379
|-activate|p1a: Dragonite|confusion
|move|p1a: Dragonite|Earthquake|p2a: Pecharunt
|-supereffective|p2a: Pecharunt
|-damage|p2a: Pecharunt|0 fnt
|faint|p2a: Pecharunt
|
|-damage|p1a: Dragonite|82/100 tox|[from] psn
|upkeep
|
|t:|1776051383
|switch|p2a: Greninja|Greninja, M|30/100
|-damage|p2a: Greninja|18/100|[from] Spikes
|turn|50
|
|t:|1776051387
|switch|p1a: Rotom|Rotom-Heat|66/100
|move|p2a: Greninja|Surf|p1a: Rotom
|-start|p2a: Greninja|typechange|Water|[from] ability: Protean
|-supereffective|p1a: Rotom
|-damage|p1a: Rotom|0 fnt
|faint|p1a: Rotom
|
|upkeep
|-message|GreninjaMyFav forfeited.
|
|win|phreshoatmeal
|raw|phreshoatmeal's rating: 1572 &rarr; <strong>1595</strong><br />(+23 for winning)
|raw|GreninjaMyFav's rating: 1633 &rarr; <strong>1610</strong><br />(-23 for losing)
|l|☆GreninjaMyFav
|player|p2|
|l|☆phreshoatmeal
|player|p1|
