|html|<div class="broadcast-blue"><strong>[Gen 9] OU is currently suspecting Volcarona! For information on how to participate check out the <a href="https://www.smogon.com/tools/suspects/view/208">suspect thread</a>.</strong></div>
|j|‽ilovewings
|j|☆Mang0.cuh
|t:|1778511956
|gametype|singles
|player|p1|ilovewings|pokemonbreederf-gen4|1359
|player|p2|Mang0.cuh|1|1348
|gen|9
|tier|[Gen 9] OU
|rated|
|rule|HP Percentage Mod: HP is shown in percentages
|rule|Endless Battle Clause: Forcing endless battles is banned
|rule|Species Clause: Limit one of each Pokémon
|rule|OHKO Clause: OHKO moves are banned
|rule|Evasion Items Clause: Evasion items are banned
|rule|Evasion Moves Clause: Evasion moves are banned
|rule|Evasion Abilities Clause: Evasion abilities are banned
|rule|Sleep Moves Clause: Sleep-inducing moves are banned
|clearpoke
|poke|p1|Primarina, M|
|poke|p1|Corviknight, M|
|poke|p1|Great Tusk|
|poke|p1|Rillaboom, F|
|poke|p1|Darkrai|
|poke|p1|Slowking-Galar, F|
|poke|p2|Alomomola, M|
|poke|p2|Corviknight, F|
|poke|p2|Ting-Lu|
|poke|p2|Cinderace, M|
|poke|p2|Iron Valiant|
|poke|p2|Gholdengo|
|teampreview
|inactive|Battle timer is ON: inactive players will automatically lose when time's up. (requested by ilovewings)
|
|t:|1778511980
|teamsize|p1|6
|teamsize|p2|6
|start
|switch|p1a: Darkrai|Darkrai|100/100
|switch|p2a: Cinderace|Cinderace, M|100/100
|turn|1
|
|t:|1778512002
|switch|p1a: Primarina|Primarina, M, shiny|100/100
|move|p2a: Cinderace|U-turn|p1a: Primarina
|-start|p2a: Cinderace|typechange|Bug|[from] ability: Libero
|-resisted|p1a: Primarina
|-damage|p1a: Primarina|88/100
|
|t:|1778512008
|switch|p2a: Gholdengo|Gholdengo, shiny|100/100|[from] U-turn
|
|-heal|p1a: Primarina|94/100|[from] item: Leftovers
|upkeep
|turn|2
|
|t:|1778512021
|switch|p1a: Slowking|Slowking-Galar, F|100/100
|move|p2a: Gholdengo|Nasty Plot|p2a: Gholdengo
|-boost|p2a: Gholdengo|spa|2
|
|upkeep
|turn|3
|
|t:|1778512036
|move|p2a: Gholdengo|Make It Rain|p1a: Slowking
|-damage|p1a: Slowking|0 fnt
|-unboost|p2a: Gholdengo|spa|1
|faint|p1a: Slowking
|
|upkeep
|
|t:|1778512043
|switch|p1a: Darkrai|Darkrai|100/100
|turn|4
|
|t:|1778512048
|switch|p2a: Alomomola|Alomomola, M|100/100
|move|p1a: Darkrai|Dark Pulse|p2a: Alomomola
|-damage|p2a: Alomomola|65/100
|
|upkeep
|turn|5
|
|t:|1778512054
|move|p1a: Darkrai|Dark Pulse|p2a: Alomomola
|-damage|p2a: Alomomola|24/100
|cant|p2a: Alomomola|flinch
|
|upkeep
|turn|6
|
|t:|1778512062
|move|p2a: Alomomola|Protect|p2a: Alomomola
|-singleturn|p2a: Alomomola|Protect
|move|p1a: Darkrai|Dark Pulse|p2a: Alomomola
|-activate|p2a: Alomomola|move: Protect
|
|upkeep
|turn|7
|
|t:|1778512071
|switch|p2a: Ting-Lu|Ting-Lu|100/100
|-ability|p2a: Ting-Lu|Vessel of Ruin
|move|p1a: Darkrai|Dark Pulse|p2a: Ting-Lu
|-resisted|p2a: Ting-Lu
|-damage|p2a: Ting-Lu|91/100
|-enditem|p2a: Ting-Lu|Red Card|[of] p1a: Darkrai
|drag|p1a: Primarina|Primarina, M, shiny|94/100
|
|-heal|p1a: Primarina|100/100|[from] item: Leftovers
|upkeep
|turn|8
|
|t:|1778512088
|switch|p2a: Alomomola|Alomomola, M|57/100
|move|p1a: Primarina|Substitute|p1a: Primarina
|-start|p1a: Primarina|Substitute
|-damage|p1a: Primarina|75/100
|
|-heal|p1a: Primarina|82/100|[from] item: Leftovers
|upkeep
|turn|9
|
|t:|1778512098
|move|p1a: Primarina|Calm Mind|p1a: Primarina
|-boost|p1a: Primarina|spa|1
|-boost|p1a: Primarina|spd|1
|move|p2a: Alomomola|Flip Turn|p1a: Primarina
|-resisted|p1a: Primarina
|-activate|p1a: Primarina|move: Substitute|[damage]
|
|t:|1778512104
|switch|p2a: Iron Valiant|Iron Valiant, shiny|100/100|[from] Flip Turn
|
|-heal|p1a: Primarina|88/100|[from] item: Leftovers
|upkeep
|turn|10
|
|t:|1778512110
|move|p2a: Iron Valiant|Encore|p1a: Primarina
|-start|p1a: Primarina|Encore
|move|p1a: Primarina|Calm Mind|p1a: Primarina
|-boost|p1a: Primarina|spa|1
|-boost|p1a: Primarina|spd|1
|
|-heal|p1a: Primarina|94/100|[from] item: Leftovers
|upkeep
|turn|11
|
|t:|1778512121
|-end|p2a: Iron Valiant|Quark Drive|[silent]
|switch|p2a: Ting-Lu|Ting-Lu|91/100
|-ability|p2a: Ting-Lu|Vessel of Ruin
|move|p1a: Primarina|Calm Mind|p1a: Primarina
|-boost|p1a: Primarina|spa|1
|-boost|p1a: Primarina|spd|1
|
|-heal|p1a: Primarina|99/100|[from] item: Leftovers
|upkeep
|turn|12
|
|t:|1778512131
|move|p1a: Primarina|Calm Mind|p1a: Primarina
|-boost|p1a: Primarina|spa|1
|-boost|p1a: Primarina|spd|1
|move|p2a: Ting-Lu|Whirlwind|p1a: Primarina
|drag|p1a: Rillaboom|Rillaboom, F|100/100
|-fieldstart|move: Grassy Terrain|[from] ability: Grassy Surge|[of] p1a: Rillaboom
|
|-heal|p2a: Ting-Lu|97/100|[from] Grassy Terrain
|upkeep
|turn|13
|
|t:|1778512145
|switch|p2a: Corviknight|Corviknight, F, shiny|100/100
|-ability|p2a: Corviknight|Pressure
|move|p1a: Rillaboom|Knock Off|p2a: Corviknight
|-damage|p2a: Corviknight|70/100
|-enditem|p2a: Corviknight|Leftovers|[from] move: Knock Off|[of] p1a: Rillaboom
|
|upkeep
|turn|14
|
|t:|1778512157
|switch|p1a: Corviknight|Corviknight, M|100/100
|-ability|p1a: Corviknight|Pressure
|move|p2a: Corviknight|U-turn|p1a: Corviknight
|-resisted|p1a: Corviknight
|-damage|p1a: Corviknight|98/100
|-damage|p2a: Corviknight|54/100|[from] item: Rocky Helmet|[of] p1a: Corviknight
|
|t:|1778512165
|switch|p2a: Gholdengo|Gholdengo, shiny|100/100|[from] U-turn
|
|upkeep
|turn|15
|
|t:|1778512170
|move|p2a: Gholdengo|Nasty Plot|p2a: Gholdengo
|-boost|p2a: Gholdengo|spa|2
|move|p1a: Corviknight|U-turn|p2a: Gholdengo
|-resisted|p2a: Gholdengo
|-damage|p2a: Gholdengo|97/100
|
|t:|1778512177
|switch|p1a: Darkrai|Darkrai|100/100|[from] U-turn
|
|-heal|p2a: Gholdengo|100/100|[from] Grassy Terrain
|upkeep
|turn|16
|
|t:|1778512184
|switch|p2a: Alomomola|Alomomola, M|91/100
|move|p1a: Darkrai|Dark Pulse|p2a: Alomomola
|-damage|p2a: Alomomola|53/100
|
|-heal|p2a: Alomomola|59/100|[from] Grassy Terrain
|-fieldend|move: Grassy Terrain
|upkeep
|turn|17
|
|t:|1778512198
|switch|p1a: Corviknight|Corviknight, M|98/100
|-ability|p1a: Corviknight|Pressure
|move|p2a: Alomomola|Flip Turn|p1a: Corviknight
|-damage|p1a: Corviknight|88/100
|-damage|p2a: Alomomola|43/100|[from] item: Rocky Helmet|[of] p1a: Corviknight
|
|t:|1778512206
|switch|p2a: Gholdengo|Gholdengo, shiny|100/100|[from] Flip Turn
|
|upkeep
|turn|18
|
|t:|1778512211
|move|p2a: Gholdengo|Thunderbolt|p1a: Corviknight
|-supereffective|p1a: Corviknight
|-damage|p1a: Corviknight|21/100
|move|p1a: Corviknight|U-turn|p2a: Gholdengo
|-resisted|p2a: Gholdengo
|-damage|p2a: Gholdengo|97/100
|
|t:|1778512224
|switch|p1a: Great Tusk|Great Tusk|100/100|[from] U-turn
|
|upkeep
|turn|19
|
|t:|1778512233
|switch|p2a: Corviknight|Corviknight, F, shiny|54/100
|-ability|p2a: Corviknight|Pressure
|move|p1a: Great Tusk|Headlong Rush|p2a: Corviknight
|-immune|p2a: Corviknight
|
|upkeep
|turn|20
|
|t:|1778512255
|move|p1a: Great Tusk|Stealth Rock|p2a: Corviknight
|-sidestart|p2: Mang0.cuh|move: Stealth Rock
|move|p2a: Corviknight|Roost|p2a: Corviknight
|-heal|p2a: Corviknight|100/100
|-singleturn|p2a: Corviknight|move: Roost
|
|upkeep
|turn|21
|
|t:|1778512261
|-end|p1a: Great Tusk|Protosynthesis|[silent]
|switch|p1a: Corviknight|Corviknight, M|21/100
|-ability|p1a: Corviknight|Pressure
|move|p2a: Corviknight|Brave Bird|p1a: Corviknight
|-resisted|p1a: Corviknight
|-crit|p1a: Corviknight
|-damage|p1a: Corviknight|4/100
|-damage|p2a: Corviknight|84/100|[from] item: Rocky Helmet|[of] p1a: Corviknight
|-damage|p2a: Corviknight|78/100|[from] Recoil
|
|upkeep
|turn|22
|
|t:|1778512271
|move|p1a: Corviknight|Roost|p1a: Corviknight
|-heal|p1a: Corviknight|54/100
|-singleturn|p1a: Corviknight|move: Roost
|move|p2a: Corviknight|Body Press|p1a: Corviknight
|-supereffective|p1a: Corviknight
|-damage|p1a: Corviknight|23/100
|-damage|p2a: Corviknight|62/100|[from] item: Rocky Helmet|[of] p1a: Corviknight
|
|upkeep
|turn|23
|
|t:|1778512291
|switch|p2a: Gholdengo|Gholdengo, shiny|97/100
|-damage|p2a: Gholdengo|91/100|[from] Stealth Rock
|move|p1a: Corviknight|Roost|p1a: Corviknight
|-heal|p1a: Corviknight|73/100
|-singleturn|p1a: Corviknight|move: Roost
|
|upkeep
|turn|24
|
|t:|1778512312
|switch|p2a: Alomomola|Alomomola, M|76/100
|move|p1a: Corviknight|U-turn|p2a: Alomomola
|-damage|p2a: Alomomola|67/100
|
|t:|1778512317
|switch|p1a: Primarina|Primarina, M, shiny|99/100|[from] U-turn
|
|-heal|p1a: Primarina|100/100|[from] item: Leftovers
|upkeep
|turn|25
|
|t:|1778512336
|move|p1a: Primarina|Calm Mind|p1a: Primarina
|-boost|p1a: Primarina|spa|1
|-boost|p1a: Primarina|spd|1
|move|p2a: Alomomola|Flip Turn|p1a: Primarina
|-resisted|p1a: Primarina
|-damage|p1a: Primarina|93/100
|
|t:|1778512343
|switch|p2a: Iron Valiant|Iron Valiant, shiny|100/100|[from] Flip Turn
|
|-heal|p1a: Primarina|99/100|[from] item: Leftovers
|upkeep
|turn|26
|
|t:|1778512354
|switch|p1a: Rillaboom|Rillaboom, F|100/100
|-fieldstart|move: Grassy Terrain|[from] ability: Grassy Surge|[of] p1a: Rillaboom
|move|p2a: Iron Valiant|Encore||[still]
|-fail|p2a: Iron Valiant
|
|upkeep
|turn|27
|
|t:|1778512368
|-end|p2a: Iron Valiant|Quark Drive|[silent]
|switch|p2a: Corviknight|Corviknight, F, shiny|62/100
|-damage|p2a: Corviknight|50/100|[from] Stealth Rock
|-ability|p2a: Corviknight|Pressure
|move|p1a: Rillaboom|U-turn|p2a: Corviknight
|-resisted|p2a: Corviknight
|-damage|p2a: Corviknight|44/100
|
|t:|1778512380
|switch|p1a: Primarina|Primarina, M, shiny|99/100|[from] U-turn
|
|-heal|p1a: Primarina|100/100|[from] Grassy Terrain
|upkeep
|turn|28
|
|t:|1778512387
|move|p2a: Corviknight|Roost|p2a: Corviknight
|-heal|p2a: Corviknight|94/100
|-singleturn|p2a: Corviknight|move: Roost
|move|p1a: Primarina|Calm Mind|p1a: Primarina
|-boost|p1a: Primarina|spa|1
|-boost|p1a: Primarina|spd|1
|
|-heal|p2a: Corviknight|100/100|[from] Grassy Terrain
|upkeep
|turn|29
|
|t:|1778512396
|move|p2a: Corviknight|U-turn|p1a: Primarina
|-resisted|p1a: Primarina
|-damage|p1a: Primarina|94/100
|
|t:|1778512400
|switch|p2a: Alomomola|Alomomola, M|100/100|[from] U-turn
|move|p1a: Primarina|Psychic Noise|p2a: Alomomola
|-resisted|p2a: Alomomola
|-damage|p2a: Alomomola|80/100
|-start|p2a: Alomomola|move: Heal Block
|
|-heal|p1a: Primarina|100/100|[from] Grassy Terrain
|upkeep
|turn|30
|inactive|ilovewings has 120 seconds left.
|
|t:|1778512430
|move|p1a: Primarina|Calm Mind|p1a: Primarina
|-boost|p1a: Primarina|spa|1
|-boost|p1a: Primarina|spd|1
|move|p2a: Alomomola|Flip Turn|p1a: Primarina
|-resisted|p1a: Primarina
|-crit|p1a: Primarina
|-damage|p1a: Primarina|91/100
|
|t:|1778512442
|switch|p2a: Iron Valiant|Iron Valiant, shiny|100/100|[from] Flip Turn
|
|-heal|p1a: Primarina|97/100|[from] Grassy Terrain
|-heal|p1a: Primarina|100/100|[from] item: Leftovers
|-fieldend|move: Grassy Terrain
|upkeep
|turn|31
|
|t:|1778512451
|move|p2a: Iron Valiant|Encore|p1a: Primarina
|-start|p1a: Primarina|Encore
|move|p1a: Primarina|Calm Mind|p1a: Primarina
|-boost|p1a: Primarina|spa|1
|-boost|p1a: Primarina|spd|1
|
|upkeep
|turn|32
|
|t:|1778512459
|-end|p2a: Iron Valiant|Quark Drive|[silent]
|switch|p2a: Ting-Lu|Ting-Lu|97/100
|-damage|p2a: Ting-Lu|91/100|[from] Stealth Rock
|-ability|p2a: Ting-Lu|Vessel of Ruin
|move|p1a: Primarina|Calm Mind|p1a: Primarina
|-boost|p1a: Primarina|spa|1
|-boost|p1a: Primarina|spd|1
|
|upkeep
|turn|33
|
|t:|1778512468
|move|p1a: Primarina|Calm Mind|p1a: Primarina
|-boost|p1a: Primarina|spa|1
|-boost|p1a: Primarina|spd|1
|move|p2a: Ting-Lu|Whirlwind|p1a: Primarina
|drag|p1a: Corviknight|Corviknight, M|73/100
|-ability|p1a: Corviknight|Pressure
|
|upkeep
|turn|34
|
|t:|1778512477
|move|p1a: Corviknight|U-turn|p2a: Ting-Lu
|-supereffective|p2a: Ting-Lu
|-damage|p2a: Ting-Lu|74/100
|
|t:|1778512483
|switch|p1a: Rillaboom|Rillaboom, F|100/100|[from] U-turn
|-fieldstart|move: Grassy Terrain|[from] ability: Grassy Surge|[of] p1a: Rillaboom
|move|p2a: Ting-Lu|Spikes|p1a: Rillaboom
|-sidestart|p1: ilovewings|Spikes
|
|-heal|p2a: Ting-Lu|80/100|[from] Grassy Terrain
|upkeep
|turn|35
|
|t:|1778512503
|switch|p2a: Corviknight|Corviknight, F, shiny|100/100
|-damage|p2a: Corviknight|88/100|[from] Stealth Rock
|-ability|p2a: Corviknight|Pressure
|move|p1a: Rillaboom|U-turn|p2a: Corviknight
|-resisted|p2a: Corviknight
|-damage|p2a: Corviknight|82/100
|
|t:|1778512511
|switch|p1a: Darkrai|Darkrai|100/100|[from] U-turn
|-damage|p1a: Darkrai|88/100|[from] Spikes
|
|-heal|p1a: Darkrai|94/100|[from] Grassy Terrain
|upkeep
|turn|36
|
|t:|1778512518
|move|p1a: Darkrai|Trick|p2a: Corviknight
|-activate|p1a: Darkrai|move: Trick|[of] p2a: Corviknight
|-item|p2a: Corviknight|Choice Scarf|[from] move: Trick
|-enditem|p1a: Darkrai|Choice Scarf|[silent]|[from] move: Trick
|move|p2a: Corviknight|U-turn|p1a: Darkrai
|-supereffective|p1a: Darkrai
|-crit|p1a: Darkrai
|-damage|p1a: Darkrai|37/100
|
|t:|1778512528
|switch|p2a: Iron Valiant|Iron Valiant, shiny|100/100|[from] U-turn
|
|-heal|p1a: Darkrai|43/100|[from] Grassy Terrain
|upkeep
|turn|37
|
|t:|1778512537
|switch|p1a: Corviknight|Corviknight, M|73/100
|-ability|p1a: Corviknight|Pressure
|-terastallize|p2a: Iron Valiant|Ghost
|move|p2a: Iron Valiant|Vacuum Wave|p1a: Corviknight
|-damage|p1a: Corviknight|55/100
|
|upkeep
|turn|38
|inactive|ilovewings has 120 seconds left.
|
|t:|1778512574
|move|p2a: Iron Valiant|Shadow Ball|p1a: Corviknight
|-damage|p1a: Corviknight|19/100
|move|p1a: Corviknight|Roost|p1a: Corviknight
|-heal|p1a: Corviknight|69/100
|-singleturn|p1a: Corviknight|move: Roost
|
|-heal|p1a: Corviknight|75/100|[from] Grassy Terrain
|-fieldend|move: Grassy Terrain
|upkeep
|turn|39
|inactive|ilovewings has 120 seconds left.
|
|t:|1778512585
|move|p2a: Iron Valiant|Shadow Ball|p1a: Corviknight
|-damage|p1a: Corviknight|36/100
|move|p1a: Corviknight|Brave Bird|p2a: Iron Valiant
|-damage|p2a: Iron Valiant|49/100
|-damage|p1a: Corviknight|23/100|[from] Recoil
|
|upkeep
|turn|40
|
|t:|1778512595
|switch|p1a: Rillaboom|Rillaboom, F|100/100
|-damage|p1a: Rillaboom|88/100|[from] Spikes
|-fieldstart|move: Grassy Terrain|[from] ability: Grassy Surge|[of] p1a: Rillaboom
|move|p2a: Iron Valiant|Shadow Ball|p1a: Rillaboom
|-damage|p1a: Rillaboom|40/100
|
|-heal|p2a: Iron Valiant|55/100|[from] Grassy Terrain
|-heal|p1a: Rillaboom|46/100|[from] Grassy Terrain
|upkeep
|turn|41
|
|t:|1778512606
|move|p1a: Rillaboom|Grassy Glide|p2a: Iron Valiant
|-damage|p2a: Iron Valiant|0 fnt
|faint|p2a: Iron Valiant
|-end|p2a: Iron Valiant|Quark Drive|[silent]
|
|-heal|p1a: Rillaboom|52/100|[from] Grassy Terrain
|upkeep
|
|t:|1778512612
|switch|p2a: Corviknight|Corviknight, F, shiny|82/100
|-damage|p2a: Corviknight|70/100|[from] Stealth Rock
|-ability|p2a: Corviknight|Pressure
|turn|42
|
|t:|1778512621
|switch|p1a: Primarina|Primarina, M, shiny|100/100
|-damage|p1a: Primarina|88/100|[from] Spikes
|move|p2a: Corviknight|U-turn|p1a: Primarina
|-resisted|p1a: Primarina
|-damage|p1a: Primarina|82/100
|
|t:|1778512630
|switch|p2a: Gholdengo|Gholdengo, shiny|91/100|[from] U-turn
|-damage|p2a: Gholdengo|85/100|[from] Stealth Rock
|
|-heal|p2a: Gholdengo|91/100|[from] Grassy Terrain
|-heal|p1a: Primarina|88/100|[from] Grassy Terrain
|-heal|p1a: Primarina|94/100|[from] item: Leftovers
|upkeep
|turn|43
|
|t:|1778512656
|switch|p1a: Corviknight|Corviknight, M|23/100
|-ability|p1a: Corviknight|Pressure
|move|p2a: Gholdengo|Nasty Plot|p2a: Gholdengo
|-boost|p2a: Gholdengo|spa|2
|
|-heal|p2a: Gholdengo|97/100|[from] Grassy Terrain
|upkeep
|turn|44
|
|t:|1778512666
|move|p2a: Gholdengo|Thunderbolt|p1a: Corviknight
|-supereffective|p1a: Corviknight
|-damage|p1a: Corviknight|0 fnt
|faint|p1a: Corviknight
|
|-heal|p2a: Gholdengo|100/100|[from] Grassy Terrain
|-fieldend|move: Grassy Terrain
|upkeep
|inactive|ilovewings has 120 seconds left.
|
|t:|1778512682
|switch|p1a: Darkrai|Darkrai|43/100
|-damage|p1a: Darkrai|31/100|[from] Spikes
|turn|45
|
|t:|1778512709
|move|p1a: Darkrai|Dark Pulse|p2a: Gholdengo
|-supereffective|p2a: Gholdengo
|-damage|p2a: Gholdengo|6/100
|move|p2a: Gholdengo|Thunderbolt|p1a: Darkrai
|-damage|p1a: Darkrai|0 fnt
|faint|p1a: Darkrai
|
|upkeep
|
|t:|1778512717
|switch|p1a: Rillaboom|Rillaboom, F|52/100
|-damage|p1a: Rillaboom|40/100|[from] Spikes
|-fieldstart|move: Grassy Terrain|[from] ability: Grassy Surge|[of] p1a: Rillaboom
|turn|46
|
|t:|1778512733
|switch|p2a: Corviknight|Corviknight, F, shiny|70/100
|-damage|p2a: Corviknight|58/100|[from] Stealth Rock
|-ability|p2a: Corviknight|Pressure
|move|p1a: Rillaboom|Grassy Glide|p2a: Corviknight
|-resisted|p2a: Corviknight
|-damage|p2a: Corviknight|50/100
|
|-heal|p1a: Rillaboom|46/100|[from] Grassy Terrain
|upkeep
|turn|47
|inactive|Mang0.cuh has 120 seconds left.
|
|t:|1778512750
|switch|p1a: Primarina|Primarina, M, shiny|94/100
|-damage|p1a: Primarina|82/100|[from] Spikes
|move|p2a: Corviknight|U-turn|p1a: Primarina
|-resisted|p1a: Primarina
|-damage|p1a: Primarina|76/100
|inactive|Mang0.cuh has 120 seconds left.
|
|t:|1778512762
|switch|p2a: Gholdengo|Gholdengo, shiny|6/100|[from] U-turn
|-damage|p2a: Gholdengo|0 fnt|[from] Stealth Rock
|faint|p2a: Gholdengo
|
|-heal|p1a: Primarina|82/100|[from] Grassy Terrain
|-heal|p1a: Primarina|88/100|[from] item: Leftovers
|upkeep
|
|t:|1778512774
|switch|p2a: Alomomola|Alomomola, M|100/100
|turn|48
|
|t:|1778512790
|move|p1a: Primarina|Calm Mind|p1a: Primarina
|-boost|p1a: Primarina|spa|1
|-boost|p1a: Primarina|spd|1
|move|p2a: Alomomola|Wish|p2a: Alomomola
|
|-heal|p1a: Primarina|94/100|[from] Grassy Terrain
|-heal|p1a: Primarina|99/100|[from] item: Leftovers
|upkeep
|turn|49
|inactive|Mang0.cuh has 120 seconds left.
|
|t:|1778512798
|move|p1a: Primarina|Calm Mind|p1a: Primarina
|-boost|p1a: Primarina|spa|1
|-boost|p1a: Primarina|spd|1
|move|p2a: Alomomola|Flip Turn|p1a: Primarina
|-resisted|p1a: Primarina
|-damage|p1a: Primarina|93/100
|inactive|Mang0.cuh has 120 seconds left.
|
|t:|1778512805
|switch|p2a: Cinderace|Cinderace, M|100/100|[from] Flip Turn
|
|-heal|p1a: Primarina|99/100|[from] Grassy Terrain
|-heal|p1a: Primarina|100/100|[from] item: Leftovers
|upkeep
|turn|50
|
|t:|1778512815
|move|p2a: Cinderace|U-turn|p1a: Primarina
|-start|p2a: Cinderace|typechange|Bug|[from] ability: Libero
|-resisted|p1a: Primarina
|-damage|p1a: Primarina|90/100
|
|t:|1778512820
|switch|p2a: Corviknight|Corviknight, F, shiny|50/100|[from] U-turn
|-damage|p2a: Corviknight|37/100|[from] Stealth Rock
|-ability|p2a: Corviknight|Pressure
|move|p1a: Primarina|Substitute|p1a: Primarina
|-start|p1a: Primarina|Substitute
|-damage|p1a: Primarina|65/100
|
|-heal|p1a: Primarina|71/100|[from] Grassy Terrain
|-heal|p1a: Primarina|77/100|[from] item: Leftovers
|-fieldend|move: Grassy Terrain
|upkeep
|turn|51
|
|t:|1778512835
|move|p2a: Corviknight|Brave Bird|p1a: Primarina
|-end|p1a: Primarina|Substitute
|-damage|p2a: Corviknight|30/100|[from] Recoil|[of] p1a: Primarina
|move|p1a: Primarina|Calm Mind|p1a: Primarina
|-boost|p1a: Primarina|spa|1
|-boost|p1a: Primarina|spd|1
|
|-heal|p1a: Primarina|83/100|[from] item: Leftovers
|upkeep
|turn|52
|
|t:|1778512844
|move|p2a: Corviknight|Brave Bird|p1a: Primarina
|-damage|p1a: Primarina|53/100
|-damage|p2a: Corviknight|21/100|[from] Recoil
|move|p1a: Primarina|Psychic Noise|p2a: Corviknight
|-damage|p2a: Corviknight|0 fnt
|faint|p2a: Corviknight
|
|-heal|p1a: Primarina|59/100|[from] item: Leftovers
|upkeep
|
|t:|1778512855
|switch|p2a: Ting-Lu|Ting-Lu|80/100
|-damage|p2a: Ting-Lu|74/100|[from] Stealth Rock
|-ability|p2a: Ting-Lu|Vessel of Ruin
|turn|53
|
|t:|1778512870
|move|p1a: Primarina|Psychic Noise|p2a: Ting-Lu
|-supereffective|p2a: Ting-Lu
|-damage|p2a: Ting-Lu|9/100
|-start|p2a: Ting-Lu|move: Heal Block
|move|p2a: Ting-Lu|Whirlwind|p1a: Primarina
|drag|p1a: Rillaboom|Rillaboom, F|46/100
|-damage|p1a: Rillaboom|33/100|[from] Spikes
|-fieldstart|move: Grassy Terrain|[from] ability: Grassy Surge|[of] p1a: Rillaboom
|
|-heal|p1a: Rillaboom|40/100|[from] Grassy Terrain
|upkeep
|turn|54
|inactive|Mang0.cuh has 120 seconds left.
|
|t:|1778512896
|-terastallize|p1a: Rillaboom|Grass
|move|p1a: Rillaboom|Grassy Glide|p2a: Ting-Lu
|-supereffective|p2a: Ting-Lu
|-damage|p2a: Ting-Lu|0 fnt
|faint|p2a: Ting-Lu
|
|-heal|p1a: Rillaboom|46/100|[from] Grassy Terrain
|upkeep
|
|t:|1778512905
|switch|p2a: Cinderace|Cinderace, M|100/100
|turn|55
|
|t:|1778512910
|move|p1a: Rillaboom|Grassy Glide|p2a: Cinderace
|-resisted|p2a: Cinderace
|-damage|p2a: Cinderace|53/100
|move|p2a: Cinderace|Pyro Ball|p1a: Rillaboom
|-supereffective|p1a: Rillaboom
|-damage|p1a: Rillaboom|0 fnt
|faint|p1a: Rillaboom
|
|-heal|p2a: Cinderace|59/100|[from] Grassy Terrain
|upkeep
|
|t:|1778512924
|switch|p1a: Primarina|Primarina, M, shiny|59/100
|-damage|p1a: Primarina|47/100|[from] Spikes
|turn|56
|inactive|Mang0.cuh has 120 seconds left.
|
|t:|1778512946
|move|p2a: Cinderace|Pyro Ball|p1a: Primarina
|-resisted|p1a: Primarina
|-damage|p1a: Primarina|27/100
|move|p1a: Primarina|Psychic Noise|p2a: Cinderace
|-supereffective|p2a: Cinderace
|-damage|p2a: Cinderace|0 fnt
|faint|p2a: Cinderace
|
|-heal|p1a: Primarina|33/100|[from] Grassy Terrain
|-heal|p1a: Primarina|39/100|[from] item: Leftovers
|upkeep
|inactive|Mang0.cuh has 120 seconds left.
|
|t:|1778512957
|switch|p2a: Alomomola|Alomomola, M|100/100
|turn|57
|
|t:|1778512970
|move|p1a: Primarina|Substitute|p1a: Primarina
|-start|p1a: Primarina|Substitute
|-damage|p1a: Primarina|14/100
|move|p2a: Alomomola|Body Slam|p1a: Primarina
|-activate|p1a: Primarina|move: Substitute|[damage]
|
|-heal|p1a: Primarina|20/100|[from] Grassy Terrain
|-heal|p1a: Primarina|26/100|[from] item: Leftovers
|-fieldend|move: Grassy Terrain
|upkeep
|turn|58
|
|t:|1778512986
|move|p1a: Primarina|Calm Mind|p1a: Primarina
|-boost|p1a: Primarina|spa|1
|-boost|p1a: Primarina|spd|1
|move|p2a: Alomomola|Body Slam|p1a: Primarina
|-activate|p1a: Primarina|move: Substitute|[damage]
|
|-heal|p1a: Primarina|32/100|[from] item: Leftovers
|upkeep
|turn|59
|inactive|Mang0.cuh has 120 seconds left.
|inactive|Mang0.cuh has 90 seconds left.
|
|t:|1778513045
|move|p1a: Primarina|Draining Kiss|p2a: Alomomola
|-damage|p2a: Alomomola|70/100
|-heal|p1a: Primarina|62/100|[from] drain|[of] p2a: Alomomola
|move|p2a: Alomomola|Body Slam|p1a: Primarina
|-end|p1a: Primarina|Substitute
|
|-heal|p1a: Primarina|68/100|[from] item: Leftovers
|upkeep
|turn|60
|-message|Mang0.cuh forfeited.
|
|win|ilovewings
|raw|ilovewings's rating: 1359 &rarr; <strong>1378</strong><br />(+19 for winning)
|raw|Mang0.cuh's rating: 1348 &rarr; <strong>1329</strong><br />(-19 for losing)
|l|☆Mang0.cuh
|player|p2|
