|html|<div class="broadcast-blue"><strong>[Gen 9] OU is currently suspecting Tera Blast! For information on how to participate check out the <a href="https://www.smogon.com/tools/suspects/view/200">suspect thread</a>.</strong></div>
|j|‽squid3011
|j|☆mothfox
|t:|1776130586
|gametype|singles
|player|p1|squid3011|benga|1259
|player|p2|mothfox|colress|1270
|gen|9
|tier|[Gen 9] OU
|rated|
|rule|HP Percentage Mod: HP is shown in percentages
|rule|Endless Battle Clause: Forcing endless battles is banned
|rule|Species Clause: Limit one of each Pokémon
|rule|OHKO Clause: OHKO moves are banned
|rule|Evasion Items Clause: Evasion items are banned
|rule|Evasion Moves Clause: Evasion moves are banned
|rule|Evasion Abilities Clause: Evasion abilities are banned
|rule|Sleep Moves Clause: Sleep-inducing moves are banned
|clearpoke
|poke|p1|Charizard, M|
|poke|p1|Walking Wake|
|poke|p1|Landorus-Therian, M|
|poke|p1|Corviknight, M|
|poke|p1|Torkoal, M|
|poke|p1|Scizor, F|
|poke|p2|Dragonite, M|
|poke|p2|Samurott-Hisui, M|
|poke|p2|Clefable, F|
|poke|p2|Gliscor, F|
|poke|p2|Gholdengo|
|poke|p2|Zamazenta-*|
|teampreview
|inactive|Battle timer is ON: inactive players will automatically lose when time's up. (requested by mothfox)
|
|t:|1776130599
|teamsize|p1|6
|teamsize|p2|6
|start
|switch|p1a: Scizor|Scizor, F|100/100
|switch|p2a: Samurott|Samurott-Hisui, M|100/100
|turn|1
|inactive|mothfox has 120 seconds left.
|
|t:|1776130647
|switch|p2a: Clefable|Clefable, F|100/100
|move|p1a: Scizor|U-turn|p2a: Clefable
|-resisted|p2a: Clefable
|-damage|p2a: Clefable|79/100
|-damage|p1a: Scizor|84/100|[from] item: Rocky Helmet|[of] p2a: Clefable
|inactive|squid3011 has 120 seconds left.
|
|t:|1776130678
|switch|p1a: Torkoal|Torkoal, M, shiny|100/100|[from] U-turn
|-weather|SunnyDay|[from] ability: Drought|[of] p1a: Torkoal
|
|-weather|SunnyDay|[upkeep]
|upkeep
|turn|2
|
|t:|1776130685
|move|p2a: Clefable|Knock Off|p1a: Torkoal
|-damage|p1a: Torkoal|90/100
|-enditem|p1a: Torkoal|Eject Pack|[from] move: Knock Off|[of] p2a: Clefable
|move|p1a: Torkoal|Stealth Rock|p2a: Clefable
|-sidestart|p2: mothfox|move: Stealth Rock
|
|-weather|SunnyDay|[upkeep]
|upkeep
|turn|3
|inactive|mothfox has 120 seconds left.
|
|t:|1776130691
|switch|p1a: Charizard|Charizard, M, shiny|100/100
|move|p2a: Clefable|Stealth Rock|p1a: Charizard
|-sidestart|p1: squid3011|move: Stealth Rock
|
|-weather|SunnyDay|[upkeep]
|-damage|p1a: Charizard|88/100|[from] ability: Solar Power|[of] p1a: Charizard
|upkeep
|turn|4
|inactive|mothfox has 120 seconds left.
|
|t:|1776130718
|move|p1a: Charizard|Weather Ball|p2a: Clefable
|-damage|p2a: Clefable|0 fnt
|faint|p2a: Clefable
|
|-weather|SunnyDay|[upkeep]
|-damage|p1a: Charizard|76/100|[from] ability: Solar Power|[of] p1a: Charizard
|upkeep
|inactive|mothfox has 90 seconds left.
|
|t:|1776130753
|switch|p2a: Gliscor|Gliscor, F|100/100
|-damage|p2a: Gliscor|88/100|[from] Stealth Rock
|turn|5
|
|t:|1776130759
|move|p2a: Gliscor|Protect|p2a: Gliscor
|-singleturn|p2a: Gliscor|Protect
|move|p1a: Charizard|Weather Ball|p2a: Gliscor
|-activate|p2a: Gliscor|move: Protect
|
|-weather|none
|-status|p2a: Gliscor|tox|[from] item: Toxic Orb
|upkeep
|turn|6
|inactive|mothfox has 90 seconds left.
|
|t:|1776130774
|switch|p1a: Walking Wake|Walking Wake|100/100
|-damage|p1a: Walking Wake|88/100|[from] Stealth Rock
|move|p2a: Gliscor|Knock Off|p1a: Walking Wake
|-damage|p1a: Walking Wake|65/100
|-enditem|p1a: Walking Wake|Choice Specs|[from] move: Knock Off|[of] p2a: Gliscor
|
|-heal|p2a: Gliscor|100/100 tox|[from] ability: Poison Heal
|upkeep
|turn|7
|inactive|mothfox has 90 seconds left.
|
|t:|1776130800
|switch|p2a: Samurott|Samurott-Hisui, M|100/100
|-damage|p2a: Samurott|88/100|[from] Stealth Rock
|move|p1a: Walking Wake|Hydro Steam|p2a: Samurott
|-resisted|p2a: Samurott
|-damage|p2a: Samurott|73/100
|
|upkeep
|turn|8
|inactive|mothfox has 90 seconds left.
|
|t:|1776130808
|-end|p1a: Walking Wake|Protosynthesis|[silent]
|switch|p1a: Scizor|Scizor, F|84/100
|-damage|p1a: Scizor|72/100|[from] Stealth Rock
|move|p2a: Samurott|Ceaseless Edge|p1a: Scizor|[miss]
|-miss|p2a: Samurott|p1a: Scizor
|
|upkeep
|turn|9
|inactive|mothfox has 90 seconds left.
|
|t:|1776130833
|switch|p2a: Gliscor|Gliscor, F|100/100 tox
|-damage|p2a: Gliscor|88/100 tox|[from] Stealth Rock
|move|p1a: Scizor|U-turn|p2a: Gliscor
|-resisted|p2a: Gliscor
|-damage|p2a: Gliscor|65/100 tox
|inactive|squid3011 has 120 seconds left.
|
|t:|1776130861
|switch|p1a: Torkoal|Torkoal, M, shiny|90/100|[from] U-turn
|-damage|p1a: Torkoal|65/100|[from] Stealth Rock
|-weather|SunnyDay|[from] ability: Drought|[of] p1a: Torkoal
|
|-weather|SunnyDay|[upkeep]
|-heal|p2a: Gliscor|78/100 tox|[from] ability: Poison Heal
|upkeep
|turn|10
|inactive|squid3011 has 120 seconds left.
|
|t:|1776130871
|move|p2a: Gliscor|Knock Off|p1a: Torkoal
|-damage|p1a: Torkoal|56/100
|move|p1a: Torkoal|Overheat|p2a: Gliscor
|-damage|p2a: Gliscor|13/100 tox
|-unboost|p1a: Torkoal|spa|2
|
|-weather|SunnyDay|[upkeep]
|-heal|p2a: Gliscor|25/100 tox|[from] ability: Poison Heal
|upkeep
|turn|11
|inactive|mothfox has 90 seconds left.
|
|t:|1776130899
|switch|p2a: Samurott|Samurott-Hisui, M|73/100
|-damage|p2a: Samurott|60/100|[from] Stealth Rock
|move|p1a: Torkoal|Rapid Spin|p2a: Samurott
|-damage|p2a: Samurott|49/100
|-boost|p1a: Torkoal|spe|1
|-sideend|p1: squid3011|Stealth Rock|[from] move: Rapid Spin|[of] p1a: Torkoal
|
|-weather|SunnyDay|[upkeep]
|upkeep
|turn|12
|
|t:|1776130907
|switch|p1a: Scizor|Scizor, F|72/100
|move|p2a: Samurott|Ceaseless Edge|p1a: Scizor|[miss]
|-miss|p2a: Samurott|p1a: Scizor
|
|-weather|SunnyDay|[upkeep]
|upkeep
|turn|13
|c|☆mothfox|BRO
|inactive|mothfox has 60 seconds left.
|
|t:|1776130946
|switch|p2a: Zamazenta|Zamazenta|100/100
|-damage|p2a: Zamazenta|94/100|[from] Stealth Rock
|-ability|p2a: Zamazenta|Dauntless Shield|boost
|-boost|p2a: Zamazenta|def|1
|move|p1a: Scizor|U-turn|p2a: Zamazenta
|-resisted|p2a: Zamazenta
|-crit|p2a: Zamazenta
|-damage|p2a: Zamazenta|55/100
|
|t:|1776130959
|switch|p1a: Charizard|Charizard, M, shiny|76/100|[from] U-turn
|
|-weather|none
|-heal|p2a: Zamazenta|61/100|[from] item: Leftovers
|upkeep
|turn|14
|inactive|mothfox has 60 seconds left.
|
|t:|1776130981
|-terastallize|p2a: Zamazenta|Fire
|move|p2a: Zamazenta|Body Press|p1a: Charizard
|-resisted|p1a: Charizard
|-damage|p1a: Charizard|38/100
|move|p1a: Charizard|Air Slash|p2a: Zamazenta
|-damage|p2a: Zamazenta|10/100
|
|-heal|p2a: Zamazenta|16/100|[from] item: Leftovers
|upkeep
|turn|15
|inactive|squid3011 has 120 seconds left.
|
|t:|1776131017
|switch|p1a: Landorus|Landorus-Therian, M|100/100
|-ability|p1a: Landorus|Intimidate|boost
|-unboost|p2a: Zamazenta|atk|1
|move|p2a: Zamazenta|Body Press|p1a: Landorus
|-resisted|p1a: Landorus
|-damage|p1a: Landorus|76/100
|
|-heal|p2a: Zamazenta|23/100|[from] item: Leftovers
|upkeep
|turn|16
|inactive|squid3011 has 120 seconds left.
|inactive|mothfox has 30 seconds left.
|
|t:|1776131047
|move|p2a: Zamazenta|Body Press|p1a: Landorus
|-resisted|p1a: Landorus
|-damage|p1a: Landorus|53/100
|move|p1a: Landorus|Rock Slide|p2a: Zamazenta
|-supereffective|p2a: Zamazenta
|-damage|p2a: Zamazenta|0 fnt
|faint|p2a: Zamazenta
|
|upkeep
|inactive|mothfox has 30 seconds left.
|
|t:|1776131054
|switch|p2a: Gholdengo|Gholdengo|100/100
|-damage|p2a: Gholdengo|94/100|[from] Stealth Rock
|turn|17
|inactive|squid3011 has 120 seconds left.
|inactive|mothfox has 30 seconds left.
|
|t:|1776131080
|move|p2a: Gholdengo|Shadow Ball|p1a: Landorus
|-damage|p1a: Landorus|23/100
|move|p1a: Landorus|Earthquake|p2a: Gholdengo
|-supereffective|p2a: Gholdengo
|-damage|p2a: Gholdengo|0 fnt
|faint|p2a: Gholdengo
|
|upkeep
|inactive|mothfox has 30 seconds left.
|c|☆mothfox|crazy outread
|inactive|mothfox has 20 seconds left.
|
|t:|1776131099
|switch|p2a: Samurott|Samurott-Hisui, M|49/100
|-damage|p2a: Samurott|37/100|[from] Stealth Rock
|turn|18
|inactive|mothfox has 30 seconds left this turn.
|
|t:|1776131106
|switch|p1a: Corviknight|Corviknight, M|100/100
|-ability|p1a: Corviknight|Pressure
|move|p2a: Samurott|Sucker Punch||[still]
|-fail|p2a: Samurott
|
|upkeep
|turn|19
|inactive|squid3011 has 120 seconds left.
|inactive|mothfox has 30 seconds left.
|
|t:|1776131114
|move|p2a: Samurott|Ceaseless Edge|p1a: Corviknight
|-damage|p1a: Corviknight|65/100
|-sidestart|p1: squid3011|Spikes
|move|p1a: Corviknight|U-turn|p2a: Samurott
|-supereffective|p2a: Samurott
|-damage|p2a: Samurott|4/100
|inactive|squid3011 has 120 seconds left.
|
|t:|1776131121
|switch|p1a: Scizor|Scizor, F|72/100|[from] U-turn
|-damage|p1a: Scizor|59/100|[from] Spikes
|
|upkeep
|turn|20
|
|t:|1776131128
|move|p2a: Samurott|Sucker Punch|p1a: Scizor
|-damage|p1a: Scizor|28/100
|move|p1a: Scizor|Bullet Punch|p2a: Samurott
|-resisted|p2a: Samurott
|-damage|p2a: Samurott|0 fnt
|faint|p2a: Samurott
|
|upkeep
|
|t:|1776131136
|switch|p2a: Gliscor|Gliscor, F|25/100 tox
|-damage|p2a: Gliscor|13/100 tox|[from] Stealth Rock
|turn|21
|
|t:|1776131142
|move|p2a: Gliscor|Protect|p2a: Gliscor
|-singleturn|p2a: Gliscor|Protect
|move|p1a: Scizor|Bullet Punch|p2a: Gliscor
|-activate|p2a: Gliscor|move: Protect
|
|-heal|p2a: Gliscor|25/100 tox|[from] ability: Poison Heal
|upkeep
|turn|22
|
|t:|1776131151
|-terastallize|p1a: Scizor|Steel
|move|p1a: Scizor|Bullet Punch|p2a: Gliscor
|-damage|p2a: Gliscor|0 fnt
|faint|p2a: Gliscor
|
|upkeep
|
|t:|1776131156
|switch|p2a: Dragonite|Dragonite, M|100/100
|turn|23
|
|t:|1776131162
|move|p1a: Scizor|Bullet Punch|p2a: Dragonite
|-damage|p2a: Dragonite|67/100
|move|p2a: Dragonite|Dragon Dance|p2a: Dragonite
|-boost|p2a: Dragonite|atk|1
|-boost|p2a: Dragonite|spe|1
|
|upkeep
|turn|24
|inactive|mothfox has 60 seconds left.
|
|t:|1776131174
|move|p2a: Dragonite|Extreme Speed|p1a: Scizor
|-resisted|p1a: Scizor
|-damage|p1a: Scizor|3/100
|move|p1a: Scizor|Bullet Punch|p2a: Dragonite
|-damage|p2a: Dragonite|0 fnt
|faint|p2a: Dragonite
|
|win|squid3011
|raw|squid3011's rating: 1259 &rarr; <strong>1285</strong><br />(+26 for winning)
|raw|mothfox's rating: 1270 &rarr; <strong>1244</strong><br />(-26 for losing)
