|html|<div class="broadcast-blue"><strong>[Gen 9] OU is currently suspecting Tera Blast! For information on how to participate check out the <a href="https://www.smogon.com/tools/suspects/view/200">suspect thread</a>.</strong></div>
|j|☆kingboglin123
|j|☆ZayWOnder
|t:|1776105054
|gametype|singles
|player|p1|kingboglin123|benga|1140
|player|p2|ZayWOnder|170|1204
|gen|9
|tier|[Gen 9] OU
|rated|
|rule|HP Percentage Mod: HP is shown in percentages
|rule|Endless Battle Clause: Forcing endless battles is banned
|rule|Species Clause: Limit one of each Pokémon
|rule|OHKO Clause: OHKO moves are banned
|rule|Evasion Items Clause: Evasion items are banned
|rule|Evasion Moves Clause: Evasion moves are banned
|rule|Evasion Abilities Clause: Evasion abilities are banned
|rule|Sleep Moves Clause: Sleep-inducing moves are banned
|clearpoke
|poke|p1|Vileplume, M|
|poke|p1|Hitmontop, M|
|poke|p1|Sawsbuck, M|
|poke|p1|Dodrio, M|
|poke|p1|Dusknoir, M|
|poke|p1|Hypno, M|
|poke|p2|Gengar, F|
|poke|p2|Ursaluna, M|
|poke|p2|Ceruledge, F|
|poke|p2|Staraptor, F|
|poke|p2|Kingambit, F|
|poke|p2|Samurott-Hisui, F|
|teampreview
|
|t:|1776105079
|teamsize|p1|6
|teamsize|p2|6
|start
|switch|p1a: Vileplume|Vileplume, M, shiny|100/100
|switch|p2a: Gengar|Gengar, F|100/100
|turn|1
|
|t:|1776105088
|move|p2a: Gengar|Nasty Plot|p2a: Gengar
|-boost|p2a: Gengar|spa|2
|move|p1a: Vileplume|Leech Seed|p2a: Gengar
|-start|p2a: Gengar|move: Leech Seed
|
|-damage|p2a: Gengar|88/100|[from] Leech Seed|[of] p1a: Vileplume
|upkeep
|turn|2
|
|t:|1776105097
|move|p2a: Gengar|Nasty Plot|p2a: Gengar
|-boost|p2a: Gengar|spa|2
|move|p1a: Vileplume|Giga Drain|p2a: Gengar
|-resisted|p2a: Gengar
|-damage|p2a: Gengar|63/100
|
|-damage|p2a: Gengar|51/100|[from] Leech Seed|[of] p1a: Vileplume
|upkeep
|turn|3
|
|t:|1776105105
|move|p1a: Vileplume|Protect|p1a: Vileplume
|-singleturn|p1a: Vileplume|Protect
|move|p2a: Gengar|Shadow Ball|p1a: Vileplume
|-activate|p1a: Vileplume|move: Protect
|
|-damage|p2a: Gengar|38/100|[from] Leech Seed|[of] p1a: Vileplume
|upkeep
|turn|4
|
|t:|1776105112
|move|p2a: Gengar|Shadow Ball|p1a: Vileplume
|-damage|p1a: Vileplume|0 fnt
|faint|p1a: Vileplume
|
|upkeep
|
|t:|1776105117
|switch|p1a: Dodrio|Dodrio, M, shiny|100/100
|turn|5
|
|t:|1776105120
|move|p1a: Dodrio|Brave Bird|p2a: Gengar
|-damage|p2a: Gengar|0 fnt
|faint|p2a: Gengar
|-damage|p1a: Dodrio|88/100|[from] Recoil
|
|upkeep
|
|t:|1776105128
|switch|p2a: Ceruledge|Ceruledge, F|100/100
|turn|6
|
|t:|1776105142
|move|p1a: Dodrio|Substitute|p1a: Dodrio
|-start|p1a: Dodrio|Substitute
|-damage|p1a: Dodrio|63/100
|move|p2a: Ceruledge|Swords Dance|p2a: Ceruledge
|-boost|p2a: Ceruledge|atk|2
|
|upkeep
|turn|7
|
|t:|1776105150
|move|p1a: Dodrio|Swords Dance|p1a: Dodrio
|-boost|p1a: Dodrio|atk|2
|move|p2a: Ceruledge|Bitter Blade|p1a: Dodrio
|-end|p1a: Dodrio|Substitute
|
|upkeep
|turn|8
|
|t:|1776105183
|move|p1a: Dodrio|Brave Bird|p2a: Ceruledge
|-damage|p2a: Ceruledge|0 fnt
|faint|p2a: Ceruledge
|-damage|p1a: Dodrio|18/100|[from] Recoil
|-enditem|p1a: Dodrio|Wiki Berry|[eat]
|-heal|p1a: Dodrio|51/100|[from] item: Wiki Berry
|-start|p1a: Dodrio|confusion
|
|upkeep
|
|t:|1776105193
|switch|p2a: Staraptor|Staraptor, F|100/100
|turn|9
|
|t:|1776105200
|move|p2a: Staraptor|Brave Bird|p1a: Dodrio|[miss]
|-miss|p2a: Staraptor|p1a: Dodrio
|-activate|p1a: Dodrio|confusion
|-damage|p1a: Dodrio|12/100|[from] confusion
|
|upkeep
|turn|10
|
|t:|1776105206
|move|p2a: Staraptor|Brave Bird|p1a: Dodrio
|-damage|p1a: Dodrio|0 fnt
|faint|p1a: Dodrio
|-damage|p2a: Staraptor|97/100|[from] Recoil
|
|upkeep
|
|t:|1776105218
|switch|p1a: Hypno|Hypno, M, shiny|100/100
|-activate|p1a: Hypno|ability: Forewarn|Double-Edge|[of] p2a: Staraptor
|turn|11
|
|t:|1776105225
|move|p2a: Staraptor|Brave Bird|p1a: Hypno
|-damage|p1a: Hypno|46/100
|-damage|p2a: Staraptor|75/100|[from] Recoil
|-enditem|p1a: Hypno|Eject Button
|
|t:|1776105232
|switch|p1a: Dusknoir|Dusknoir, M|100/100
|-item|p2a: Staraptor|Choice Scarf|[from] ability: Frisk|[of] p1a: Dusknoir
|
|upkeep
|turn|12
|
|t:|1776105244
|move|p2a: Staraptor|Brave Bird|p1a: Dusknoir
|-damage|p1a: Dusknoir|40/100
|-damage|p2a: Staraptor|56/100|[from] Recoil
|move|p1a: Dusknoir|Curse|p2a: Staraptor
|-start|p2a: Staraptor|Curse|[of] p1a: Dusknoir
|-damage|p1a: Dusknoir|0 fnt
|faint|p1a: Dusknoir
|
|-damage|p2a: Staraptor|32/100|[from] Curse
|upkeep
|
|t:|1776105253
|switch|p1a: Hitmontop|Hitmontop, M, shiny|100/100
|turn|13
|
|t:|1776105255
|move|p1a: Hitmontop|Fake Out|p2a: Staraptor
|-damage|p2a: Staraptor|5/100
|cant|p2a: Staraptor|flinch
|
|-damage|p2a: Staraptor|0 fnt|[from] Curse
|faint|p2a: Staraptor
|upkeep
|
|t:|1776105262
|switch|p2a: Ursaluna|Ursaluna, M, shiny|100/100
|turn|14
|
|t:|1776105265
|move|p2a: Ursaluna|Protect|p2a: Ursaluna
|-singleturn|p2a: Ursaluna|Protect
|move|p1a: Hitmontop|High Jump Kick|p2a: Ursaluna
|-activate|p2a: Ursaluna|move: Protect
|-damage|p1a: Hitmontop|51/100|[from] highjumpkick
|
|-status|p2a: Ursaluna|brn|[from] item: Flame Orb
|upkeep
|turn|15
|
|t:|1776105271
|move|p1a: Hitmontop|High Jump Kick|p2a: Ursaluna
|-supereffective|p2a: Ursaluna
|-damage|p2a: Ursaluna|10/100 brn
|move|p2a: Ursaluna|Facade|p1a: Hitmontop
|-damage|p1a: Hitmontop|0 fnt
|faint|p1a: Hitmontop
|
|-damage|p2a: Ursaluna|4/100 brn|[from] brn
|upkeep
|
|t:|1776105280
|switch|p1a: Sawsbuck|Sawsbuck, M|100/100
|turn|16
|
|t:|1776105286
|move|p1a: Sawsbuck|Horn Leech|p2a: Ursaluna
|-supereffective|p2a: Ursaluna
|-damage|p2a: Ursaluna|0 fnt
|faint|p2a: Ursaluna
|
|upkeep
|
|t:|1776105292
|switch|p2a: Samurott|Samurott-Hisui, F|100/100
|turn|17
|
|t:|1776105298
|move|p1a: Sawsbuck|Horn Leech|p2a: Samurott
|-supereffective|p2a: Samurott
|-crit|p2a: Samurott
|-damage|p2a: Samurott|0 fnt
|faint|p2a: Samurott
|
|upkeep
|
|t:|1776105301
|switch|p2a: Kingambit|Kingambit, F, shiny|100/100
|-activate|p2a: Kingambit|ability: Supreme Overlord
|-start|p2a: Kingambit|fallen5|[silent]
|turn|18
|
|t:|1776105311
|move|p2a: Kingambit|Sucker Punch|p1a: Sawsbuck
|-damage|p1a: Sawsbuck|0 fnt
|faint|p1a: Sawsbuck
|
|upkeep
|
|t:|1776105314
|switch|p1a: Hypno|Hypno, M, shiny|46/100
|-activate|p1a: Hypno|ability: Forewarn|Kowtow Cleave|[of] p2a: Kingambit
|turn|19
|
|t:|1776105319
|move|p2a: Kingambit|Sucker Punch||[still]
|-fail|p2a: Kingambit
|move|p1a: Hypno|Encore|p2a: Kingambit
|-start|p2a: Kingambit|Encore
|
|upkeep
|turn|20
|
|t:|1776105324
|move|p2a: Kingambit|Sucker Punch||[still]
|-fail|p2a: Kingambit
|move|p1a: Hypno|Calm Mind|p1a: Hypno
|-boost|p1a: Hypno|spa|1
|-boost|p1a: Hypno|spd|1
|
|upkeep
|turn|21
|
|t:|1776105330
|move|p2a: Kingambit|Sucker Punch||[still]
|-fail|p2a: Kingambit
|move|p1a: Hypno|Calm Mind|p1a: Hypno
|-boost|p1a: Hypno|spa|1
|-boost|p1a: Hypno|spd|1
|
|upkeep
|turn|22
|
|t:|1776105336
|move|p2a: Kingambit|Sucker Punch||[still]
|-fail|p2a: Kingambit
|move|p1a: Hypno|Calm Mind|p1a: Hypno
|-boost|p1a: Hypno|spa|1
|-boost|p1a: Hypno|spd|1
|
|-end|p2a: Kingambit|Encore
|upkeep
|turn|23
|
|t:|1776105346
|move|p2a: Kingambit|Sucker Punch||[still]
|-fail|p2a: Kingambit
|move|p1a: Hypno|Encore|p2a: Kingambit
|-start|p2a: Kingambit|Encore
|
|upkeep
|turn|24
|
|t:|1776105354
|move|p2a: Kingambit|Sucker Punch||[still]
|-fail|p2a: Kingambit
|move|p1a: Hypno|Encore||[still]
|-fail|p1a: Hypno
|
|upkeep
|turn|25
|
|t:|1776105358
|move|p2a: Kingambit|Sucker Punch||[still]
|-fail|p2a: Kingambit
|move|p1a: Hypno|Encore||[still]
|-fail|p1a: Hypno
|
|-end|p2a: Kingambit|Encore
|upkeep
|turn|26
|
|t:|1776105366
|-terastallize|p1a: Hypno|Fighting
|move|p1a: Hypno|Focus Blast|p2a: Kingambit
|-supereffective|p2a: Kingambit
|-damage|p2a: Kingambit|0 fnt
|faint|p2a: Kingambit
|-end|p2a: Kingambit|fallen5|[silent]
|
|win|kingboglin123
|raw|kingboglin123's rating: 1140 &rarr; <strong>1170</strong><br />(+30 for winning)
|raw|ZayWOnder's rating: 1204 &rarr; <strong>1174</strong><br />(-30 for losing)
|l|☆ZayWOnder
|player|p2|
|l|☆kingboglin123
|player|p1|
