|html|<div class="broadcast-blue"><strong>[Gen 9] OU is currently suspecting Tera Blast! For information on how to participate check out the <a href="https://www.smogon.com/tools/suspects/view/200">suspect thread</a>.</strong></div>
|j|☆plshelpme37
|j|☆magistermilitum420
|t:|1776131538
|gametype|singles
|player|p1|plshelpme37|harlequin|1343
|player|p2|magistermilitum420|blue|1310
|gen|9
|tier|[Gen 9] OU
|rated|
|rule|HP Percentage Mod: HP is shown in percentages
|rule|Endless Battle Clause: Forcing endless battles is banned
|rule|Species Clause: Limit one of each Pokémon
|rule|OHKO Clause: OHKO moves are banned
|rule|Evasion Items Clause: Evasion items are banned
|rule|Evasion Moves Clause: Evasion moves are banned
|rule|Evasion Abilities Clause: Evasion abilities are banned
|rule|Sleep Moves Clause: Sleep-inducing moves are banned
|clearpoke
|poke|p1|Dragapult, M|
|poke|p1|Talonflame, F|
|poke|p1|Samurott-Hisui, M|
|poke|p1|Clodsire, F|
|poke|p1|Ursaluna, M|
|poke|p1|Ogerpon, F|
|poke|p2|Meowscarada, M|
|poke|p2|Great Tusk|
|poke|p2|Alomomola, F|
|poke|p2|Slowking-Galar, M|
|poke|p2|Iron Valiant|
|poke|p2|Heatran, M|
|teampreview
|inactive|Battle timer is ON: inactive players will automatically lose when time's up. (requested by plshelpme37)
|
|t:|1776131560
|teamsize|p1|6
|teamsize|p2|6
|start
|switch|p1a: Talonflame|Talonflame, F|100/100
|switch|p2a: Mahad|Meowscarada, M, shiny|100/100
|turn|1
|
|t:|1776131576
|switch|p2a: Vulcanus|Heatran, M, shiny|100/100
|move|p1a: Talonflame|U-turn|p2a: Vulcanus
|-resisted|p2a: Vulcanus
|-damage|p2a: Vulcanus|97/100
|
|t:|1776131582
|switch|p1a: Ursaluna|Ursaluna, M|100/100|[from] U-turn
|
|-status|p1a: Ursaluna|brn|[from] item: Flame Orb
|upkeep
|turn|2
|
|t:|1776131592
|-terastallize|p2a: Vulcanus|Grass
|move|p2a: Vulcanus|Tera Blast|p1a: Ursaluna|[anim] Tera Blast Grass
|-supereffective|p1a: Ursaluna
|-damage|p1a: Ursaluna|0 fnt
|faint|p1a: Ursaluna
|
|upkeep
|
|t:|1776131598
|switch|p1a: Clodsire|Clodsire, F|100/100
|turn|3
|
|t:|1776131612
|switch|p2a: Mithridates|Slowking-Galar, M|100/100
|move|p1a: Clodsire|Toxic|p2a: Mithridates
|-immune|p2a: Mithridates
|
|upkeep
|turn|4
|
|t:|1776131622
|move|p2a: Mithridates|Future Sight|p1a: Clodsire
|-start|p2a: Mithridates|move: Future Sight
|move|p1a: Clodsire|Stealth Rock|p2a: Mithridates
|-sidestart|p2: magistermilitum420|move: Stealth Rock
|
|upkeep
|turn|5
|
|t:|1776131638
|switch|p2a: Barca|Great Tusk|100/100
|move|p1a: Clodsire|Earthquake|p2a: Barca
|-damage|p2a: Barca|81/100
|
|upkeep
|turn|6
|
|t:|1776131647
|move|p2a: Barca|Rapid Spin|p1a: Clodsire
|-damage|p1a: Clodsire|80/100
|-boost|p2a: Barca|spe|1
|-sideend|p2: magistermilitum420|Stealth Rock|[from] move: Rapid Spin|[of] p2a: Barca
|move|p1a: Clodsire|Toxic|p2a: Barca
|-status|p2a: Barca|tox
|
|-end|p1a: Clodsire|move: Future Sight
|-supereffective|p1a: Clodsire
|-damage|p1a: Clodsire|21/100
|-heal|p1a: Clodsire|27/100|[from] item: Leftovers
|-damage|p2a: Barca|75/100 tox|[from] psn
|upkeep
|turn|7
|
|t:|1776131658
|switch|p1a: Talonflame|Talonflame, F|100/100
|move|p2a: Barca|Knock Off|p1a: Talonflame
|-damage|p1a: Talonflame|61/100
|-enditem|p1a: Talonflame|Heavy-Duty Boots|[from] move: Knock Off|[of] p2a: Barca
|
|-damage|p2a: Barca|62/100 tox|[from] psn
|upkeep
|turn|8
|
|t:|1776131671
|-end|p2a: Barca|Protosynthesis|[silent]
|switch|p2a: Charybdis|Alomomola, F, shiny|100/100
|move|p1a: Talonflame|Overheat|p2a: Charybdis
|-resisted|p2a: Charybdis
|-damage|p2a: Charybdis|83/100
|-unboost|p1a: Talonflame|spa|2
|
|upkeep
|turn|9
|
|t:|1776131685
|move|p1a: Talonflame|U-turn|p2a: Charybdis
|-damage|p2a: Charybdis|75/100
|-damage|p1a: Talonflame|45/100|[from] item: Rocky Helmet|[of] p2a: Charybdis
|
|t:|1776131689
|switch|p1a: Dragapult|Dragapult, M|100/100|[from] U-turn
|move|p2a: Charybdis|Flip Turn|p1a: Dragapult
|-resisted|p1a: Dragapult
|-damage|p1a: Dragapult|89/100
|
|t:|1776131697
|switch|p2a: Mahad|Meowscarada, M, shiny|100/100|[from] Flip Turn
|
|-heal|p1a: Dragapult|95/100|[from] item: Leftovers
|upkeep
|turn|10
|
|t:|1776131704
|switch|p1a: Talonflame|Talonflame, F|45/100
|move|p2a: Mahad|Knock Off|p1a: Talonflame
|-start|p2a: Mahad|typechange|Dark|[from] ability: Protean
|-damage|p1a: Talonflame|7/100
|
|upkeep
|turn|11
|
|t:|1776131713
|move|p2a: Mahad|Knock Off|p1a: Talonflame
|-damage|p1a: Talonflame|0 fnt
|faint|p1a: Talonflame
|
|upkeep
|
|t:|1776131718
|switch|p1a: Samurott|Samurott-Hisui, M|100/100
|turn|12
|
|t:|1776131723
|switch|p2a: Charybdis|Alomomola, F, shiny|100/100
|move|p1a: Samurott|Razor Shell|p2a: Charybdis
|-resisted|p2a: Charybdis
|-damage|p2a: Charybdis|86/100
|-unboost|p2a: Charybdis|def|1
|-damage|p1a: Samurott|84/100|[from] item: Rocky Helmet|[of] p2a: Charybdis
|
|upkeep
|turn|13
|
|t:|1776131739
|switch|p1a: Dragapult|Dragapult, M|95/100
|move|p2a: Charybdis|Flip Turn|p1a: Dragapult
|-resisted|p1a: Dragapult
|-damage|p1a: Dragapult|84/100
|
|t:|1776131744
|switch|p2a: Mahad|Meowscarada, M, shiny|100/100|[from] Flip Turn
|
|-heal|p1a: Dragapult|90/100|[from] item: Leftovers
|upkeep
|turn|14
|
|t:|1776131754
|switch|p1a: Clodsire|Clodsire, F|27/100
|move|p2a: Mahad|U-turn|p1a: Clodsire
|-start|p2a: Mahad|typechange|Bug|[from] ability: Protean
|-resisted|p1a: Clodsire
|-damage|p1a: Clodsire|7/100
|
|t:|1776131761
|switch|p2a: Mithridates|Slowking-Galar, M|100/100|[from] U-turn
|
|-heal|p1a: Clodsire|13/100|[from] item: Leftovers
|upkeep
|turn|15
|
|t:|1776131767
|move|p2a: Mithridates|Psychic Noise|p1a: Clodsire
|-supereffective|p1a: Clodsire
|-damage|p1a: Clodsire|0 fnt
|faint|p1a: Clodsire
|
|upkeep
|
|t:|1776131778
|switch|p1a: Samurott|Samurott-Hisui, M|84/100
|turn|16
|
|t:|1776131782
|switch|p2a: Charybdis|Alomomola, F, shiny|100/100
|move|p1a: Samurott|Ceaseless Edge|p2a: Charybdis
|-damage|p2a: Charybdis|77/100
|-damage|p1a: Samurott|67/100|[from] item: Rocky Helmet|[of] p2a: Charybdis
|-sidestart|p2: magistermilitum420|Spikes
|
|upkeep
|turn|17
|
|t:|1776131795
|switch|p1a: Dragapult|Dragapult, M|90/100
|move|p2a: Charybdis|Flip Turn|p1a: Dragapult
|-resisted|p1a: Dragapult
|-damage|p1a: Dragapult|78/100
|
|t:|1776131811
|switch|p2a: Mahad|Meowscarada, M, shiny|100/100|[from] Flip Turn
|-damage|p2a: Mahad|88/100|[from] Spikes
|
|-heal|p1a: Dragapult|84/100|[from] item: Leftovers
|upkeep
|turn|18
|inactive|magistermilitum420 has 120 seconds left.
|
|t:|1776131836
|-terastallize|p1a: Dragapult|Fairy
|move|p2a: Mahad|U-turn|p1a: Dragapult
|-start|p2a: Mahad|typechange|Bug|[from] ability: Protean
|-resisted|p1a: Dragapult
|-damage|p1a: Dragapult|64/100
|inactive|magistermilitum420 has 120 seconds left.
|
|t:|1776131846
|switch|p2a: Mithridates|Slowking-Galar, M|100/100|[from] U-turn
|-damage|p2a: Mithridates|88/100|[from] Spikes
|move|p1a: Dragapult|U-turn|p2a: Mithridates
|-damage|p2a: Mithridates|72/100
|
|t:|1776131849
|switch|p1a: Samurott|Samurott-Hisui, M|67/100|[from] U-turn
|
|upkeep
|turn|19
|inactive|magistermilitum420 has 120 seconds left.
|
|t:|1776131860
|switch|p2a: Barca|Great Tusk|62/100 tox
|move|p1a: Samurott|Razor Shell|p2a: Barca
|-supereffective|p2a: Barca
|-damage|p2a: Barca|0 fnt
|faint|p2a: Barca
|-end|p2a: Barca|Protosynthesis|[silent]
|
|upkeep
|inactive|magistermilitum420 has 120 seconds left.
|
|t:|1776131893
|switch|p2a: Mahad|Meowscarada, M, shiny|88/100
|-damage|p2a: Mahad|76/100|[from] Spikes
|turn|20
|
|t:|1776131909
|switch|p1a: Ogerpon|Ogerpon, F|100/100
|move|p2a: Mahad|U-turn|p1a: Ogerpon
|-start|p2a: Mahad|typechange|Bug|[from] ability: Protean
|-supereffective|p1a: Ogerpon
|-damage|p1a: Ogerpon|18/100
|inactive|magistermilitum420 has 90 seconds left.
|
|t:|1776131923
|switch|p2a: Pallas|Iron Valiant, shiny|100/100|[from] U-turn
|-damage|p2a: Pallas|88/100|[from] Spikes
|-enditem|p2a: Pallas|Booster Energy
|-activate|p2a: Pallas|ability: Quark Drive|[fromitem]
|-start|p2a: Pallas|quarkdrivespe
|
|upkeep
|turn|21
|inactive|magistermilitum420 has 90 seconds left.
|
|t:|1776131950
|move|p2a: Pallas|Moonblast|p1a: Ogerpon
|-damage|p1a: Ogerpon|0 fnt
|faint|p1a: Ogerpon
|
|upkeep
|-message|plshelpme37 forfeited.
|
|win|magistermilitum420
|raw|plshelpme37's rating: 1343 &rarr; <strong>1321</strong><br />(-22 for losing)
|raw|magistermilitum420's rating: 1310 &rarr; <strong>1332</strong><br />(+22 for winning)
|l|☆plshelpme37
|player|p1|
