|html|<div class="broadcast-blue"><strong>[Gen 9] OU is currently suspecting Tera Blast! For information on how to participate check out the <a href="https://www.smogon.com/tools/suspects/view/200">suspect thread</a>.</strong></div>
|j|☆govonno
|j|☆Scoobert995
|t:|1776042818
|gametype|singles
|player|p1|govonno|cynthia-gen4|1339
|player|p2|Scoobert995|pokemaniac|1267
|gen|9
|tier|[Gen 9] OU
|rated|
|rule|HP Percentage Mod: HP is shown in percentages
|rule|Endless Battle Clause: Forcing endless battles is banned
|rule|Species Clause: Limit one of each Pokémon
|rule|OHKO Clause: OHKO moves are banned
|rule|Evasion Items Clause: Evasion items are banned
|rule|Evasion Moves Clause: Evasion moves are banned
|rule|Evasion Abilities Clause: Evasion abilities are banned
|rule|Sleep Moves Clause: Sleep-inducing moves are banned
|clearpoke
|poke|p1|Cinderace, M|
|poke|p1|Primarina, F|
|poke|p1|Landorus-Therian, M|
|poke|p1|Zamazenta-*|
|poke|p1|Raging Bolt|
|poke|p1|Scizor, M|
|poke|p2|Blastoise, F|
|poke|p2|Heatran, M|
|poke|p2|Polteageist-Antique|
|poke|p2|Pecharunt|
|poke|p2|Maushold-Four|
|poke|p2|Hawlucha, F|
|teampreview
|
|t:|1776042821
|teamsize|p1|6
|teamsize|p2|6
|start
|switch|p1a: Cinderace|Cinderace, M|100/100
|switch|p2a: Ryu Ishigori|Heatran, M|100/100
|turn|1
|inactive|Battle timer is ON: inactive players will automatically lose when time's up. (requested by Scoobert995)
|
|t:|1776042826
|move|p1a: Cinderace|U-turn|p2a: Ryu Ishigori
|-start|p1a: Cinderace|typechange|Bug|[from] ability: Libero
|-resisted|p2a: Ryu Ishigori
|-damage|p2a: Ryu Ishigori|90/100
|
|t:|1776042831
|switch|p1a: Landorus|Landorus-Therian, M|100/100|[from] U-turn
|-ability|p1a: Landorus|Intimidate|boost
|-unboost|p2a: Ryu Ishigori|atk|1
|move|p2a: Ryu Ishigori|Magma Storm|p1a: Landorus
|-crit|p1a: Landorus
|-damage|p1a: Landorus|5/100
|-activate|p1a: Landorus|move: Magma Storm|[of] p2a: Ryu Ishigori
|
|-damage|p1a: Landorus|0 fnt|[from] move: Magma Storm|[partiallytrapped]
|faint|p1a: Landorus
|upkeep
|
|t:|1776042842
|switch|p1a: Primarina|Primarina, F|100/100
|turn|2
|
|t:|1776042848
|-terastallize|p2a: Ryu Ishigori|Grass
|move|p2a: Ryu Ishigori|Solar Beam||[still]
|-prepare|p2a: Ryu Ishigori|Solar Beam
|-enditem|p2a: Ryu Ishigori|Power Herb
|-anim|p2a: Ryu Ishigori|Solar Beam|p1a: Primarina
|-supereffective|p1a: Primarina
|-damage|p1a: Primarina|26/100
|move|p1a: Primarina|Flip Turn|p2a: Ryu Ishigori
|-resisted|p2a: Ryu Ishigori
|-damage|p2a: Ryu Ishigori|85/100
|
|t:|1776042855
|switch|p1a: Scizor|Scizor, M|100/100|[from] Flip Turn
|
|upkeep
|turn|3
|
|t:|1776042860
|-terastallize|p1a: Scizor|Flying
|move|p2a: Ryu Ishigori|Magma Storm|p1a: Scizor|[miss]
|-miss|p2a: Ryu Ishigori|p1a: Scizor
|move|p1a: Scizor|Dual Wingbeat|p2a: Ryu Ishigori
|-supereffective|p2a: Ryu Ishigori
|-damage|p2a: Ryu Ishigori|29/100
|-supereffective|p2a: Ryu Ishigori
|-damage|p2a: Ryu Ishigori|0 fnt
|faint|p2a: Ryu Ishigori
|-hitcount|p2: Ryu Ishigori|2
|
|upkeep
|
|t:|1776042870
|switch|p2a: Choso|Pecharunt|100/100
|turn|4
|
|t:|1776042875
|switch|p1a: Cinderace|Cinderace, M|100/100
|move|p2a: Choso|Malignant Chain|p1a: Cinderace
|-damage|p1a: Cinderace|45/100
|
|upkeep
|turn|5
|
|t:|1776042882
|switch|p1a: Raging Bolt|Raging Bolt|100/100
|move|p2a: Choso|Malignant Chain|p1a: Raging Bolt
|-damage|p1a: Raging Bolt|66/100
|-status|p1a: Raging Bolt|tox
|-start|p1a: Raging Bolt|confusion|[from] ability: Poison Puppeteer|[of] p2a: Choso
|
|-damage|p1a: Raging Bolt|60/100 tox|[from] psn
|upkeep
|turn|6
|
|t:|1776042893
|move|p2a: Choso|Destiny Bond|p2a: Choso
|-singlemove|p2a: Choso|Destiny Bond
|-activate|p1a: Raging Bolt|confusion
|move|p1a: Raging Bolt|Volt Switch|p2a: Choso
|-damage|p2a: Choso|41/100
|-enditem|p2a: Choso|Red Card|[of] p1a: Raging Bolt
|-end|p1a: Raging Bolt|Protosynthesis|[silent]
|drag|p1a: Scizor|Scizor, M, tera:Flying|100/100
|
|upkeep
|turn|7
|
|t:|1776042902
|move|p2a: Choso|Malignant Chain|p1a: Scizor
|-damage|p1a: Scizor|54/100
|-status|p1a: Scizor|tox
|-start|p1a: Scizor|confusion|[from] ability: Poison Puppeteer|[of] p2a: Choso
|-activate|p1a: Scizor|confusion
|move|p1a: Scizor|Swords Dance|p1a: Scizor
|-boost|p1a: Scizor|atk|2
|
|-damage|p1a: Scizor|48/100 tox|[from] psn
|upkeep
|turn|8
|
|t:|1776042915
|-end|p1a: Scizor|confusion
|move|p1a: Scizor|Bullet Punch|p2a: Choso
|-damage|p2a: Choso|0 fnt
|faint|p2a: Choso
|
|-damage|p1a: Scizor|35/100 tox|[from] psn
|upkeep
|
|t:|1776042925
|switch|p2a: Leonardo|Blastoise, F|100/100
|turn|9
|
|t:|1776042928
|move|p2a: Leonardo|Shell Smash|p2a: Leonardo
|-unboost|p2a: Leonardo|def|1
|-unboost|p2a: Leonardo|spd|1
|-boost|p2a: Leonardo|atk|2
|-boost|p2a: Leonardo|spa|2
|-boost|p2a: Leonardo|spe|2
|-enditem|p2a: Leonardo|White Herb
|-clearnegativeboost|p2a: Leonardo|[silent]
|move|p1a: Scizor|Dual Wingbeat|p2a: Leonardo
|-damage|p2a: Leonardo|22/100
|-damage|p2a: Leonardo|0 fnt
|faint|p2a: Leonardo
|-hitcount|p2: Leonardo|2
|
|-damage|p1a: Scizor|17/100 tox|[from] psn
|upkeep
|
|t:|1776042943
|switch|p2a: The Pain|Maushold-Four|100/100
|turn|10
|
|t:|1776042948
|move|p1a: Scizor|Bullet Punch|p2a: The Pain
|-damage|p2a: The Pain|0 fnt
|faint|p2a: The Pain
|
|-damage|p1a: Scizor|0 fnt|[from] psn
|faint|p1a: Scizor
|upkeep
|
|t:|1776042958
|switch|p2a: Mahoraga|Polteageist-Antique|100/100
|switch|p1a: Raging Bolt|Raging Bolt|60/100 tox
|turn|11
|
|t:|1776042963
|move|p2a: Mahoraga|Shell Smash|p2a: Mahoraga
|-unboost|p2a: Mahoraga|def|1
|-unboost|p2a: Mahoraga|spd|1
|-boost|p2a: Mahoraga|atk|2
|-boost|p2a: Mahoraga|spa|2
|-boost|p2a: Mahoraga|spe|2
|move|p1a: Raging Bolt|Thunderbolt|p2a: Mahoraga
|-enditem|p2a: Mahoraga|Focus Sash
|-damage|p2a: Mahoraga|1/100
|-damage|p1a: Raging Bolt|50/100 tox|[from] item: Life Orb
|
|-damage|p1a: Raging Bolt|44/100 tox|[from] psn
|upkeep
|turn|12
|
|t:|1776042967
|move|p1a: Raging Bolt|Thunderclap|p2a: Mahoraga
|-damage|p2a: Mahoraga|0 fnt
|faint|p2a: Mahoraga
|-damage|p1a: Raging Bolt|34/100 tox|[from] item: Life Orb
|
|-damage|p1a: Raging Bolt|22/100 tox|[from] psn
|upkeep
|
|t:|1776042974
|switch|p2a: Invincible|Hawlucha, F|100/100
|turn|13
|
|t:|1776042977
|move|p2a: Invincible|Acrobatics|p1a: Raging Bolt
|-resisted|p1a: Raging Bolt
|-damage|p1a: Raging Bolt|11/100 tox
|move|p1a: Raging Bolt|Thunderbolt|p2a: Invincible
|-supereffective|p2a: Invincible
|-damage|p2a: Invincible|0 fnt
|faint|p2a: Invincible
|-damage|p1a: Raging Bolt|1/100 tox|[from] item: Life Orb
|
|win|govonno
|raw|govonno's rating: 1339 &rarr; <strong>1355</strong><br />(+16 for winning)
|raw|Scoobert995's rating: 1267 &rarr; <strong>1247</strong><br />(-20 for losing)
|l|☆Scoobert995
|player|p2|
|c|☆govonno|gg
|l|☆govonno
|player|p1|
