|html|<div class="broadcast-blue"><strong>[Gen 9] OU is currently suspecting Tera Blast! For information on how to participate check out the <a href="https://www.smogon.com/tools/suspects/view/200">suspect thread</a>.</strong></div>
|badge|p1|bronze|gen9ou|100-9
|uhtml|medal-msg|<div class="broadcast-blue">Curious what those medals under the avatar are? PS now has Ladder Seasons! For more information, check out the <a href="https://www.smogon.com/forums/threads/3740067/">thread on Smogon.</a></div>
|badge|p2|bronze|gen9ou|100-9
|uhtml|medal-msg|<div class="broadcast-blue">Curious what those medals under the avatar are? PS now has Ladder Seasons! For more information, check out the <a href="https://www.smogon.com/forums/threads/3740067/">thread on Smogon.</a></div>
|j|☆mathismathin
|j|☆hypervortex7
|t:|1776119989
|gametype|singles
|player|p1|mathismathin|bugsy-masters|1868
|player|p2|hypervortex7|gentleman-gen4dp|1904
|gen|9
|tier|[Gen 9] OU
|rated|
|rule|HP Percentage Mod: HP is shown in percentages
|rule|Endless Battle Clause: Forcing endless battles is banned
|rule|Species Clause: Limit one of each Pokémon
|rule|OHKO Clause: OHKO moves are banned
|rule|Evasion Items Clause: Evasion items are banned
|rule|Evasion Moves Clause: Evasion moves are banned
|rule|Evasion Abilities Clause: Evasion abilities are banned
|rule|Sleep Moves Clause: Sleep-inducing moves are banned
|clearpoke
|poke|p1|Krookodile, M|
|poke|p1|Moltres|
|poke|p1|Greninja-*, M|
|poke|p1|Blaziken, F|
|poke|p1|Forretress, F|
|poke|p1|Umbreon, F|
|poke|p2|Corviknight, F|
|poke|p2|Dragonite, F|
|poke|p2|Scizor, M|
|poke|p2|Iron Moth|
|poke|p2|Greninja-*, M|
|poke|p2|Zamazenta-*|
|teampreview
|j| roarcat
|j| boobaschniefi
|inactive|Battle timer is ON: inactive players will automatically lose when time's up. (requested by mathismathin)
|inactive|hypervortex7 has 120 seconds left.
|
|t:|1776120096
|teamsize|p1|6
|teamsize|p2|6
|start
|switch|p1a: Moltres|Moltres|100/100
|switch|p2a: Dragonite|Dragonite, F|100/100
|turn|1
|
|t:|1776120105
|move|p1a: Moltres|Hurricane|p2a: Dragonite
|-damage|p2a: Dragonite|74/100
|move|p2a: Dragonite|Dragon Dance|p2a: Dragonite
|-boost|p2a: Dragonite|atk|1
|-boost|p2a: Dragonite|spe|1
|
|upkeep
|turn|2
|
|t:|1776120110
|switch|p1a: Forretress|Forretress, F, shiny|100/100
|move|p2a: Dragonite|Outrage|p1a: Forretress
|-resisted|p1a: Forretress
|-damage|p1a: Forretress|70/100
|-damage|p2a: Dragonite|57/100|[from] item: Rocky Helmet|[of] p1a: Forretress
|
|upkeep
|turn|3
|
|t:|1776120114
|move|p2a: Dragonite|Outrage|p1a: Forretress|[from] lockedmove
|-resisted|p1a: Forretress
|-damage|p1a: Forretress|43/100
|-damage|p2a: Dragonite|40/100|[from] item: Rocky Helmet|[of] p1a: Forretress
|move|p1a: Forretress|Gyro Ball|p2a: Dragonite
|-damage|p2a: Dragonite|0 fnt
|faint|p2a: Dragonite
|
|upkeep
|
|t:|1776120117
|switch|p2a: Iron Moth|Iron Moth|100/100
|-enditem|p2a: Iron Moth|Booster Energy
|-activate|p2a: Iron Moth|ability: Quark Drive|[fromitem]
|-start|p2a: Iron Moth|quarkdrivespa
|turn|4
|
|t:|1776120123
|switch|p1a: Greninja|Greninja, M, shiny|100/100
|move|p2a: Iron Moth|Fiery Dance|p1a: Greninja
|-resisted|p1a: Greninja
|-damage|p1a: Greninja|51/100
|-boost|p2a: Iron Moth|spa|1
|
|upkeep
|turn|5
|
|t:|1776120131
|move|p1a: Greninja|Surf|p2a: Iron Moth
|-start|p1a: Greninja|typechange|Water|[from] ability: Protean
|-supereffective|p2a: Iron Moth
|-damage|p2a: Iron Moth|0 fnt
|faint|p2a: Iron Moth
|-end|p2a: Iron Moth|Quark Drive|[silent]
|
|upkeep
|
|t:|1776120138
|switch|p2a: Scizor|Scizor, M|100/100
|turn|6
|
|t:|1776120142
|switch|p1a: Moltres|Moltres|100/100
|move|p2a: Scizor|Swords Dance|p2a: Scizor
|-boost|p2a: Scizor|atk|2
|
|upkeep
|turn|7
|
|t:|1776120144
|move|p2a: Scizor|Quick Attack|p1a: Moltres
|-damage|p1a: Moltres|26/100
|-damage|p2a: Scizor|91/100|[from] item: Life Orb
|move|p1a: Moltres|Fire Blast|p2a: Scizor
|-supereffective|p2a: Scizor
|-damage|p2a: Scizor|0 fnt
|faint|p2a: Scizor
|
|upkeep
|
|t:|1776120146
|switch|p2a: Greninja|Greninja, M|100/100
|turn|8
|
|t:|1776120148
|switch|p1a: Umbreon|Umbreon, F, shiny|100/100
|move|p2a: Greninja|Water Shuriken|p1a: Umbreon
|-damage|p1a: Umbreon|97/100
|-damage|p1a: Umbreon|93/100
|-damage|p1a: Umbreon|89/100
|-damage|p1a: Umbreon|85/100
|-damage|p1a: Umbreon|81/100
|-hitcount|p1a: Umbreon|5
|
|-heal|p1a: Umbreon|87/100|[from] item: Leftovers
|upkeep
|turn|9
|
|t:|1776120155
|move|p2a: Greninja|Water Shuriken|p1a: Umbreon
|-damage|p1a: Umbreon|83/100
|-damage|p1a: Umbreon|79/100
|-damage|p1a: Umbreon|76/100
|-damage|p1a: Umbreon|72/100
|-hitcount|p1a: Umbreon|4
|move|p1a: Umbreon|Toxic|p2a: Greninja
|-status|p2a: Greninja|tox
|
|-heal|p1a: Umbreon|78/100|[from] item: Leftovers
|-damage|p2a: Greninja|95/100 tox|[from] psn
|upkeep
|turn|10
|
|t:|1776120157
|switch|p2a: Zamazenta|Zamazenta|100/100
|-ability|p2a: Zamazenta|Dauntless Shield|boost
|-boost|p2a: Zamazenta|def|1
|move|p1a: Umbreon|Wish|p1a: Umbreon
|
|-heal|p1a: Umbreon|84/100|[from] item: Leftovers
|upkeep
|turn|11
|
|t:|1776120161
|switch|p1a: Moltres|Moltres|26/100
|move|p2a: Zamazenta|Substitute|p2a: Zamazenta
|-start|p2a: Zamazenta|Substitute
|-damage|p2a: Zamazenta|75/100
|
|-heal|p1a: Moltres|88/100|[from] move: Wish|[wisher] Umbreon
|-heal|p2a: Zamazenta|82/100|[from] item: Leftovers
|upkeep
|turn|12
|
|t:|1776120163
|move|p2a: Zamazenta|Iron Defense|p2a: Zamazenta
|-boost|p2a: Zamazenta|def|2
|move|p1a: Moltres|Fire Blast|p2a: Zamazenta
|-end|p2a: Zamazenta|Substitute
|
|-heal|p2a: Zamazenta|88/100|[from] item: Leftovers
|upkeep
|turn|13
|
|t:|1776120166
|move|p2a: Zamazenta|Body Press|p1a: Moltres
|-resisted|p1a: Moltres
|-damage|p1a: Moltres|31/100
|move|p1a: Moltres|Hurricane|p2a: Zamazenta
|-supereffective|p2a: Zamazenta
|-crit|p2a: Zamazenta
|-damage|p2a: Zamazenta|0 fnt
|faint|p2a: Zamazenta
|
|upkeep
|
|t:|1776120169
|switch|p2a: Greninja|Greninja, M|95/100 tox
|turn|14
|
|t:|1776120173
|switch|p1a: Umbreon|Umbreon, F, shiny|84/100
|move|p2a: Greninja|Water Shuriken|p1a: Umbreon
|-damage|p1a: Umbreon|80/100
|-damage|p1a: Umbreon|76/100
|-damage|p1a: Umbreon|72/100
|-damage|p1a: Umbreon|69/100
|-damage|p1a: Umbreon|64/100
|-hitcount|p1a: Umbreon|5
|
|-heal|p1a: Umbreon|71/100|[from] item: Leftovers
|-damage|p2a: Greninja|89/100 tox|[from] psn
|upkeep
|turn|15
|
|t:|1776120175
|move|p2a: Greninja|Ice Beam|p1a: Umbreon
|-damage|p1a: Umbreon|56/100
|-status|p1a: Umbreon|frz
|-curestatus|p1a: Umbreon|frz|[msg]
|move|p1a: Umbreon|Wish|p1a: Umbreon
|
|-heal|p1a: Umbreon|62/100|[from] item: Leftovers
|-damage|p2a: Greninja|77/100 tox|[from] psn
|upkeep
|turn|16
|
|t:|1776120181
|move|p2a: Greninja|Water Shuriken|p1a: Umbreon
|-damage|p1a: Umbreon|58/100
|-damage|p1a: Umbreon|54/100
|-damage|p1a: Umbreon|50/100
|-damage|p1a: Umbreon|46/100
|-hitcount|p1a: Umbreon|4
|move|p1a: Umbreon|Foul Play|p2a: Greninja
|-resisted|p2a: Greninja
|-damage|p2a: Greninja|53/100 tox
|
|-heal|p1a: Umbreon|96/100|[from] move: Wish|[wisher] Umbreon
|-heal|p1a: Umbreon|100/100|[from] item: Leftovers
|-damage|p2a: Greninja|35/100 tox|[from] psn
|upkeep
|turn|17
|
|t:|1776120189
|move|p2a: Greninja|Water Shuriken|p1a: Umbreon
|-damage|p1a: Umbreon|96/100
|-damage|p1a: Umbreon|92/100
|-damage|p1a: Umbreon|88/100
|-damage|p1a: Umbreon|84/100
|-damage|p1a: Umbreon|80/100
|-hitcount|p1a: Umbreon|5
|move|p1a: Umbreon|Wish|p1a: Umbreon
|
|-heal|p1a: Umbreon|86/100|[from] item: Leftovers
|-damage|p2a: Greninja|11/100 tox|[from] psn
|upkeep
|turn|18
|
|t:|1776120192
|switch|p1a: Krookodile|Krookodile, M, shiny|100/100
|move|p2a: Greninja|Water Shuriken|p1a: Krookodile
|-supereffective|p1a: Krookodile
|-damage|p1a: Krookodile|82/100
|-supereffective|p1a: Krookodile
|-damage|p1a: Krookodile|59/100
|-supereffective|p1a: Krookodile
|-damage|p1a: Krookodile|39/100
|-supereffective|p1a: Krookodile
|-damage|p1a: Krookodile|19/100
|-hitcount|p1a: Krookodile|4
|
|-heal|p1a: Krookodile|78/100|[from] move: Wish|[wisher] Umbreon
|-damage|p2a: Greninja|0 fnt|[from] psn
|faint|p2a: Greninja
|upkeep
|
|t:|1776120194
|switch|p2a: Corviknight|Corviknight, F|100/100
|turn|19
|
|t:|1776120196
|move|p1a: Krookodile|Taunt|p2a: Corviknight
|-start|p2a: Corviknight|move: Taunt
|cant|p2a: Corviknight|move: Taunt|Agility
|
|upkeep
|turn|20
|
|t:|1776120199
|move|p1a: Krookodile|Knock Off|p2a: Corviknight
|-damage|p2a: Corviknight|59/100
|-enditem|p2a: Corviknight|Leftovers|[from] move: Knock Off|[of] p1a: Krookodile
|move|p2a: Corviknight|Power Trip|p1a: Krookodile
|-resisted|p1a: Krookodile
|-damage|p1a: Krookodile|76/100
|
|upkeep
|turn|21
|
|t:|1776120201
|move|p1a: Krookodile|Knock Off|p2a: Corviknight
|-damage|p2a: Corviknight|30/100
|move|p2a: Corviknight|Power Trip|p1a: Krookodile
|-resisted|p1a: Krookodile
|-damage|p1a: Krookodile|73/100
|
|-end|p2a: Corviknight|move: Taunt
|upkeep
|turn|22
|-message|hypervortex7 forfeited.
|
|win|mathismathin
|raw|mathismathin's rating: 1868 &rarr; <strong>1890</strong><br />(+22 for winning)
|raw|hypervortex7's rating: 1904 &rarr; <strong>1882</strong><br />(-22 for losing)
|l|☆hypervortex7
|player|p2|
