|html|<div class="broadcast-blue"><strong>[Gen 9] OU is currently suspecting Tera Blast! For information on how to participate check out the <a href="https://www.smogon.com/tools/suspects/view/200">suspect thread</a>.</strong></div>
|j|☆Hockey10mon
|j|☆blabala
|inactive|Battle timer is ON: inactive players will automatically lose when time's up.
|t:|1776046687
|gametype|singles
|player|p1|Hockey10mon|266|
|player|p2|blabala|miku-psychic|
|gen|9
|tier|[Gen 9] OU
|rated|Tournament battle
|rule|HP Percentage Mod: HP is shown in percentages
|rule|Endless Battle Clause: Forcing endless battles is banned
|rule|Species Clause: Limit one of each Pokémon
|rule|OHKO Clause: OHKO moves are banned
|rule|Evasion Items Clause: Evasion items are banned
|rule|Evasion Moves Clause: Evasion moves are banned
|rule|Evasion Abilities Clause: Evasion abilities are banned
|rule|Sleep Moves Clause: Sleep-inducing moves are banned
|clearpoke
|poke|p1|Great Tusk|
|poke|p1|Walking Wake|
|poke|p1|Kingambit, M|
|poke|p1|Venusaur, M|
|poke|p1|Ninetales, F|
|poke|p1|Raging Bolt|
|poke|p2|Tyranitar, M|
|poke|p2|Excadrill, M|
|poke|p2|Keldeo-Resolute|
|poke|p2|Tornadus-Therian, M|
|poke|p2|Heatran, M|
|poke|p2|Hydrapple, F|
|teampreview
|j|*Lady Monita 
|c|☆blabala|Hf
|
|t:|1776046702
|teamsize|p1|6
|teamsize|p2|6
|start
|switch|p1a: Ninetales|Ninetales, F|100/100
|switch|p2a: Gojura|Tyranitar, M|100/100
|-weather|SunnyDay|[from] ability: Drought|[of] p1a: Ninetales
|-weather|Sandstorm|[from] ability: Sand Stream|[of] p2a: Gojura
|turn|1
|
|t:|1776046713
|switch|p1a: Walking Wake|Walking Wake|100/100
|move|p2a: Gojura|Ice Punch|p1a: Walking Wake
|-damage|p1a: Walking Wake|53/100
|
|-weather|Sandstorm|[upkeep]
|-damage|p1a: Walking Wake|47/100|[from] Sandstorm
|upkeep
|turn|2
|
|t:|1776046720
|switch|p2a: Fickled fate|Hydrapple, F|100/100
|move|p1a: Walking Wake|Hydro Steam|p2a: Fickled fate
|-resisted|p2a: Fickled fate
|-damage|p2a: Fickled fate|90/100
|
|-weather|Sandstorm|[upkeep]
|-damage|p1a: Walking Wake|41/100|[from] Sandstorm
|-damage|p2a: Fickled fate|84/100|[from] Sandstorm
|upkeep
|turn|3
|
|t:|1776046724
|-terastallize|p2a: Fickled fate|Fairy
|move|p1a: Walking Wake|Flip Turn|p2a: Fickled fate
|-damage|p2a: Fickled fate|75/100
|-damage|p1a: Walking Wake|24/100|[from] item: Rocky Helmet|[of] p2a: Fickled fate
|
|t:|1776046728
|-end|p1a: Walking Wake|Protosynthesis|[silent]
|switch|p1a: Ninetales|Ninetales, F|100/100|[from] Flip Turn
|-weather|SunnyDay|[from] ability: Drought|[of] p1a: Ninetales
|move|p2a: Fickled fate|Fickle Beam|p1a: Ninetales
|-damage|p1a: Ninetales|70/100
|
|-weather|SunnyDay|[upkeep]
|upkeep
|turn|4
|
|t:|1776046734
|switch|p2a: Gojura|Tyranitar, M|100/100
|-weather|Sandstorm|[from] ability: Sand Stream|[of] p2a: Gojura
|move|p1a: Ninetales|Will-O-Wisp|p2a: Gojura
|-status|p2a: Gojura|brn
|
|-weather|Sandstorm|[upkeep]
|-damage|p1a: Ninetales|64/100|[from] Sandstorm
|-damage|p2a: Gojura|94/100 brn|[from] brn
|upkeep
|turn|5
|
|t:|1776046740
|switch|p1a: Walking Wake|Walking Wake|24/100
|move|p2a: Gojura|Knock Off|p1a: Walking Wake
|-damage|p1a: Walking Wake|0 fnt
|-enditem|p1a: Walking Wake|Wise Glasses|[from] move: Knock Off|[of] p2a: Gojura
|faint|p1a: Walking Wake
|-end|p1a: Walking Wake|Protosynthesis|[silent]
|
|-weather|Sandstorm|[upkeep]
|-damage|p2a: Gojura|88/100 brn|[from] brn
|upkeep
|
|t:|1776046745
|switch|p1a: Great Tusk|Great Tusk|100/100
|turn|6
|
|t:|1776046751
|switch|p2a: Fickled fate|Hydrapple, F, tera:Fairy|100/100
|move|p1a: Great Tusk|Rapid Spin|p2a: Fickled fate
|-damage|p2a: Fickled fate|91/100
|-boost|p1a: Great Tusk|spe|1
|-damage|p1a: Great Tusk|84/100|[from] item: Rocky Helmet|[of] p2a: Fickled fate
|
|-weather|Sandstorm|[upkeep]
|-damage|p2a: Fickled fate|85/100|[from] Sandstorm
|upkeep
|turn|7
|
|t:|1776046758
|move|p1a: Great Tusk|Headlong Rush|p2a: Fickled fate
|-damage|p2a: Fickled fate|51/100
|-unboost|p1a: Great Tusk|def|1
|-unboost|p1a: Great Tusk|spd|1
|-damage|p1a: Great Tusk|67/100|[from] item: Rocky Helmet|[of] p2a: Fickled fate
|move|p2a: Fickled fate|Nasty Plot|p2a: Fickled fate
|-boost|p2a: Fickled fate|spa|2
|
|-weather|Sandstorm|[upkeep]
|-damage|p2a: Fickled fate|45/100|[from] Sandstorm
|upkeep
|turn|8
|
|t:|1776046763
|move|p1a: Great Tusk|Headlong Rush|p2a: Fickled fate
|-damage|p2a: Fickled fate|9/100
|-unboost|p1a: Great Tusk|def|1
|-unboost|p1a: Great Tusk|spd|1
|-damage|p1a: Great Tusk|51/100|[from] item: Rocky Helmet|[of] p2a: Fickled fate
|move|p2a: Fickled fate|Giga Drain|p1a: Great Tusk
|-supereffective|p1a: Great Tusk
|-damage|p1a: Great Tusk|0 fnt
|-heal|p2a: Fickled fate|34/100|[from] drain|[of] p1a: Great Tusk
|faint|p1a: Great Tusk
|-end|p1a: Great Tusk|Protosynthesis|[silent]
|
|-weather|none
|upkeep
|
|t:|1776046768
|switch|p1a: Ninetales|Ninetales, F|64/100
|-weather|SunnyDay|[from] ability: Drought|[of] p1a: Ninetales
|turn|9
|
|t:|1776046772
|switch|p2a: Gojura|Tyranitar, M|88/100 brn
|-weather|Sandstorm|[from] ability: Sand Stream|[of] p2a: Gojura
|move|p1a: Ninetales|Weather Ball|p2a: Gojura
|-damage|p2a: Gojura|75/100 brn
|
|-weather|Sandstorm|[upkeep]
|-damage|p1a: Ninetales|58/100|[from] Sandstorm
|-damage|p2a: Gojura|69/100 brn|[from] brn
|upkeep
|turn|10
|
|t:|1776046777
|switch|p1a: Kingambit|Kingambit, M|100/100
|-activate|p1a: Kingambit|ability: Supreme Overlord
|-start|p1a: Kingambit|fallen2|[silent]
|-item|p1a: Kingambit|Air Balloon
|switch|p2a: Icarus plummet v4|Tornadus-Therian, M|100/100
|
|-weather|Sandstorm|[upkeep]
|-damage|p2a: Icarus plummet v4|94/100|[from] Sandstorm
|upkeep
|turn|11
|
|t:|1776046782
|move|p2a: Icarus plummet v4|Taunt|p1a: Kingambit
|-start|p1a: Kingambit|move: Taunt
|move|p1a: Kingambit|Kowtow Cleave|p2a: Icarus plummet v4
|-damage|p2a: Icarus plummet v4|30/100
|
|-weather|Sandstorm|[upkeep]
|-damage|p2a: Icarus plummet v4|24/100|[from] Sandstorm
|upkeep
|turn|12
|
|t:|1776046787
|switch|p2a: Cast of clowns|Heatran, M|100/100
|move|p1a: Kingambit|Kowtow Cleave|p2a: Cast of clowns
|-crit|p2a: Cast of clowns
|-damage|p2a: Cast of clowns|21/100
|
|-weather|Sandstorm|[upkeep]
|-heal|p2a: Cast of clowns|27/100|[from] item: Leftovers
|upkeep
|turn|13
|
|t:|1776046791
|-terastallize|p1a: Kingambit|Ghost
|move|p2a: Cast of clowns|Magma Storm|p1a: Kingambit
|-damage|p1a: Kingambit|53/100
|-activate|p1a: Kingambit|move: Magma Storm|[of] p2a: Cast of clowns
|-enditem|p1a: Kingambit|Air Balloon
|move|p1a: Kingambit|Kowtow Cleave|p2a: Cast of clowns
|-damage|p2a: Cast of clowns|0 fnt
|-status|p1a: Kingambit|brn|[from] ability: Flame Body|[of] p2a: Cast of clowns
|faint|p2a: Cast of clowns
|
|-weather|none
|-damage|p1a: Kingambit|47/100 brn|[from] brn
|-end|p1a: Kingambit|Magma Storm|[partiallytrapped]|[silent]
|-end|p1a: Kingambit|move: Taunt
|upkeep
|
|t:|1776046800
|switch|p2a: Kagayake|Keldeo-Resolute|100/100
|turn|14
|
|t:|1776046805
|move|p1a: Kingambit|Sucker Punch|p2a: Kagayake
|-resisted|p2a: Kagayake
|-damage|p2a: Kagayake|87/100
|-ability|p2a: Kagayake|Justified|boost
|-boost|p2a: Kagayake|atk|1
|move|p2a: Kagayake|Surf|p1a: Kingambit
|-damage|p1a: Kingambit|0 fnt
|faint|p1a: Kingambit
|-end|p1a: Kingambit|fallen2|[silent]
|
|upkeep
|
|t:|1776046809
|switch|p1a: Raging Bolt|Raging Bolt|100/100
|-item|p1a: Raging Bolt|Air Balloon
|turn|15
|
|t:|1776046814
|switch|p2a: Gojura|Tyranitar, M|69/100 brn
|-weather|Sandstorm|[from] ability: Sand Stream|[of] p2a: Gojura
|move|p1a: Raging Bolt|Calm Mind|p1a: Raging Bolt
|-boost|p1a: Raging Bolt|spa|1
|-boost|p1a: Raging Bolt|spd|1
|
|-weather|Sandstorm|[upkeep]
|-damage|p1a: Raging Bolt|94/100|[from] Sandstorm
|-damage|p2a: Gojura|63/100 brn|[from] brn
|upkeep
|turn|16
|
|t:|1776046820
|move|p1a: Raging Bolt|Thunderbolt|p2a: Gojura
|-damage|p2a: Gojura|8/100 brn
|move|p2a: Gojura|Ice Punch|p1a: Raging Bolt
|-supereffective|p1a: Raging Bolt
|-damage|p1a: Raging Bolt|50/100
|-enditem|p1a: Raging Bolt|Air Balloon
|
|-weather|Sandstorm|[upkeep]
|-damage|p1a: Raging Bolt|44/100|[from] Sandstorm
|-damage|p2a: Gojura|2/100 brn|[from] brn
|upkeep
|turn|17
|
|t:|1776046824
|switch|p2a: Torpe|Excadrill, M|100/100
|-item|p2a: Torpe|Air Balloon
|move|p1a: Raging Bolt|Thunderbolt|p2a: Torpe
|-immune|p2a: Torpe
|
|-weather|Sandstorm|[upkeep]
|-damage|p1a: Raging Bolt|38/100|[from] Sandstorm
|upkeep
|turn|18
|
|t:|1776046828
|move|p2a: Torpe|Earthquake|p1a: Raging Bolt
|-supereffective|p1a: Raging Bolt
|-damage|p1a: Raging Bolt|0 fnt
|faint|p1a: Raging Bolt
|-end|p1a: Raging Bolt|Protosynthesis|[silent]
|
|-weather|Sandstorm|[upkeep]
|upkeep
|
|t:|1776046833
|switch|p1a: Venusaur|Venusaur, M|100/100
|turn|19
|
|t:|1776046841
|move|p2a: Torpe|Earthquake|p1a: Venusaur
|-damage|p1a: Venusaur|29/100
|move|p1a: Venusaur|Giga Drain|p2a: Torpe
|-damage|p2a: Torpe|46/100
|-heal|p1a: Venusaur|61/100|[from] drain|[of] p2a: Torpe
|-enditem|p2a: Torpe|Air Balloon
|-damage|p1a: Venusaur|51/100|[from] item: Life Orb
|
|-weather|none
|upkeep
|turn|20
|
|t:|1776046852
|switch|p1a: Ninetales|Ninetales, F|58/100
|-weather|SunnyDay|[from] ability: Drought|[of] p1a: Ninetales
|switch|p2a: Gojura|Tyranitar, M|2/100 brn
|-weather|Sandstorm|[from] ability: Sand Stream|[of] p2a: Gojura
|
|-weather|Sandstorm|[upkeep]
|-damage|p1a: Ninetales|52/100|[from] Sandstorm
|-damage|p2a: Gojura|0 fnt|[from] brn
|faint|p2a: Gojura
|upkeep
|
|t:|1776046855
|switch|p2a: Torpe|Excadrill, M|46/100
|turn|21
|
|t:|1776046864
|move|p2a: Torpe|Rapid Spin|p1a: Ninetales
|-damage|p1a: Ninetales|30/100
|-boost|p2a: Torpe|spe|1
|move|p1a: Ninetales|Will-O-Wisp|p2a: Torpe
|-status|p2a: Torpe|brn
|
|-weather|Sandstorm|[upkeep]
|-damage|p1a: Ninetales|24/100|[from] Sandstorm
|-damage|p2a: Torpe|40/100 brn|[from] brn
|upkeep
|turn|22
|
|t:|1776046870
|move|p2a: Torpe|Swords Dance|p2a: Torpe
|-boost|p2a: Torpe|atk|2
|move|p1a: Ninetales|Encore|p2a: Torpe
|-start|p2a: Torpe|Encore
|
|-weather|Sandstorm|[upkeep]
|-damage|p1a: Ninetales|18/100|[from] Sandstorm
|-damage|p2a: Torpe|34/100 brn|[from] brn
|upkeep
|turn|23
|
|t:|1776046875
|switch|p1a: Venusaur|Venusaur, M|51/100
|move|p2a: Torpe|Swords Dance|p2a: Torpe
|-boost|p2a: Torpe|atk|2
|
|-weather|Sandstorm|[upkeep]
|-damage|p1a: Venusaur|45/100|[from] Sandstorm
|-damage|p2a: Torpe|28/100 brn|[from] brn
|upkeep
|turn|24
|
|t:|1776046879
|switch|p2a: Icarus plummet v4|Tornadus-Therian, M|57/100
|switch|p1a: Ninetales|Ninetales, F|18/100
|-weather|SunnyDay|[from] ability: Drought|[of] p1a: Ninetales
|
|-weather|SunnyDay|[upkeep]
|upkeep
|turn|25
|
|t:|1776046886
|move|p2a: Icarus plummet v4|Bleakwind Storm|p1a: Ninetales
|-damage|p1a: Ninetales|0 fnt
|faint|p1a: Ninetales
|
|-weather|SunnyDay|[upkeep]
|upkeep
|
|t:|1776046889
|switch|p1a: Venusaur|Venusaur, M|45/100
|turn|26
|
|t:|1776046896
|switch|p2a: Torpe|Excadrill, M|28/100 brn
|move|p1a: Venusaur|Weather Ball|p2a: Torpe
|-supereffective|p2a: Torpe
|-damage|p2a: Torpe|0 fnt
|faint|p2a: Torpe
|-damage|p1a: Venusaur|35/100|[from] item: Life Orb
|
|-weather|SunnyDay|[upkeep]
|upkeep
|
|t:|1776046899
|switch|p2a: Kagayake|Keldeo-Resolute|87/100
|turn|27
|
|t:|1776046902
|move|p2a: Kagayake|Vacuum Wave|p1a: Venusaur
|-resisted|p1a: Venusaur
|-damage|p1a: Venusaur|18/100
|move|p1a: Venusaur|Giga Drain|p2a: Kagayake
|-supereffective|p2a: Kagayake
|-damage|p2a: Kagayake|0 fnt
|-heal|p1a: Venusaur|65/100|[from] drain|[of] p2a: Kagayake
|faint|p2a: Kagayake
|-damage|p1a: Venusaur|55/100|[from] item: Life Orb
|
|-weather|SunnyDay|[upkeep]
|upkeep
|j| pacdan111
|
|t:|1776046905
|switch|p2a: Fickled fate|Hydrapple, F, tera:Fairy|68/100
|turn|28
|
|t:|1776046909
|move|p1a: Venusaur|Sludge Bomb|p2a: Fickled fate
|-supereffective|p2a: Fickled fate
|-damage|p2a: Fickled fate|0 fnt
|faint|p2a: Fickled fate
|-damage|p1a: Venusaur|45/100|[from] item: Life Orb
|
|-weather|SunnyDay|[upkeep]
|upkeep
|
|t:|1776046911
|switch|p2a: Icarus plummet v4|Tornadus-Therian, M|91/100
|turn|29
|c|☆blabala|Gg
|
|t:|1776046924
|move|p1a: Venusaur|Weather Ball|p2a: Icarus plummet v4
|-damage|p2a: Icarus plummet v4|32/100
|-damage|p1a: Venusaur|35/100|[from] item: Life Orb
|move|p2a: Icarus plummet v4|Bleakwind Storm|p1a: Venusaur
|-supereffective|p1a: Venusaur
|-damage|p1a: Venusaur|0 fnt
|faint|p1a: Venusaur
|
|win|blabala
|n|☆Hockey10mon|hockey10mon
|n|☆blabala|blabala
|n|*Lady Monita |ladymonita
|n| pacdan111|pacdan111
|l|*Lady Monita 
|l|☆Hockey10mon
|player|p1|
