|html|<div class="broadcast-blue"><strong>[Gen 9] OU is currently suspecting Tera Blast! For information on how to participate check out the <a href="https://www.smogon.com/tools/suspects/view/200">suspect thread</a>.</strong></div>
|j|☆suminkwak249
|j|☆Bomi0
|t:|1776272939
|gametype|singles
|player|p1|suminkwak249|101|1387
|player|p2|Bomi0|101|1365
|gen|9
|tier|[Gen 9] OU
|rated|
|rule|HP Percentage Mod: HP is shown in percentages
|rule|Endless Battle Clause: Forcing endless battles is banned
|rule|Species Clause: Limit one of each Pokémon
|rule|OHKO Clause: OHKO moves are banned
|rule|Evasion Items Clause: Evasion items are banned
|rule|Evasion Moves Clause: Evasion moves are banned
|rule|Evasion Abilities Clause: Evasion abilities are banned
|rule|Sleep Moves Clause: Sleep-inducing moves are banned
|clearpoke
|poke|p1|Indeedee-F, F|
|poke|p1|Hoopa-Unbound|
|poke|p1|Ursaluna, M|
|poke|p1|Hawlucha, F|
|poke|p1|Iron Crown|
|poke|p1|Deoxys-Speed|
|poke|p2|Mimikyu, F|
|poke|p2|Cresselia, F|
|poke|p2|Ursaluna, F|
|poke|p2|Hatterene, F|
|poke|p2|Iron Hands|
|poke|p2|Azumarill, F|
|teampreview
|c|☆Bomi0|BRUH
|c|☆suminkwak249|NO
|c|☆suminkwak249|NO
|c|☆suminkwak249|NO
|c|☆suminkwak249|NO
|c|☆Bomi0|BRUHH LOOOOOLLLLL
|c|☆suminkwak249|NO WAY
|c|☆Bomi0|BRUHHHHH
|c|☆suminkwak249|NOOOOOOOOOO WAYYYYYYYYYYY
|c|☆Bomi0|BRUHHHHHHHHHHH
|c|☆Bomi0|LOLOLOL
|c|☆suminkwak249|QWHAT THE
|c|☆Bomi0|LOLOLOLOL
|c|☆Bomi0|BRUHh
|inactive|Battle timer is ON: inactive players will automatically lose when time's up. (requested by Bomi0)
|c|☆Bomi0|hurry up bruh
|c|☆suminkwak249|its over for u buddy
|
|t:|1776273001
|teamsize|p1|6
|teamsize|p2|6
|start
|switch|p1a: Indeedee|Indeedee-F, F|100/100
|switch|p2a: Psytterene|Hatterene, F, shiny|100/100
|-fieldstart|move: Psychic Terrain|[from] ability: Psychic Surge|[of] p1a: Indeedee
|turn|1
|c|☆Bomi0|sure buddy
|
|t:|1776273009
|switch|p1a: Ursaluna|Ursaluna, M|100/100
|move|p2a: Psytterene|Trick Room|p2a: Psytterene
|-fieldstart|move: Trick Room|[of] p2a: Psytterene
|
|-status|p1a: Ursaluna|brn|[from] item: Flame Orb
|upkeep
|turn|2
|c|☆suminkwak249|uh oh
|
|t:|1776273022
|move|p2a: Psytterene|Misty Explosion|p1a: Ursaluna
|-damage|p1a: Ursaluna|54/100 brn
|faint|p2a: Psytterene
|move|p1a: Ursaluna|Swords Dance|p1a: Ursaluna
|-boost|p1a: Ursaluna|atk|2
|
|-damage|p1a: Ursaluna|48/100 brn|[from] brn
|upkeep
|
|t:|1776273026
|switch|p2a: Psyluna|Ursaluna, F, shiny|100/100
|turn|3
|c|☆suminkwak249|uh oh...
|
|t:|1776273029
|move|p2a: Psyluna|Protect|p2a: Psyluna
|-singleturn|p2a: Psyluna|Protect
|move|p1a: Ursaluna|Facade|p2a: Psyluna
|-activate|p2a: Psyluna|move: Protect
|
|-damage|p1a: Ursaluna|42/100 brn|[from] brn
|-status|p2a: Psyluna|brn|[from] item: Flame Orb
|upkeep
|turn|4
|c|☆Bomi0|what spe r u
|c|☆suminkwak249|...
|
|t:|1776273041
|switch|p2a: Psymikyu|Mimikyu, F, shiny|100/100
|move|p1a: Ursaluna|Facade|p2a: Psymikyu
|-immune|p2a: Psymikyu
|
|-damage|p1a: Ursaluna|36/100 brn|[from] brn
|upkeep
|turn|5
|c|☆suminkwak249|94
|c|☆suminkwak249|can u not
|
|t:|1776273052
|move|p1a: Ursaluna|Fire Punch|p2a: Psymikyu
|-activate|p2a: Psymikyu|ability: Disguise
|-damage|p2a: Psymikyu|100/100
|-status|p2a: Psymikyu|brn
|detailschange|p2a: Psymikyu|Mimikyu-Busted, F, shiny
|-damage|p2a: Psymikyu|88/100 brn|[from] pokemon: Mimikyu-Busted
|move|p2a: Psymikyu|Play Rough|p1a: Ursaluna
|-damage|p1a: Ursaluna|18/100 brn
|-damage|p2a: Psymikyu|78/100 brn|[from] item: Life Orb
|
|-damage|p1a: Ursaluna|12/100 brn|[from] brn
|-damage|p2a: Psymikyu|72/100 brn|[from] brn
|-fieldend|move: Trick Room
|upkeep
|turn|6
|c|☆Bomi0|xP
|
|t:|1776273074
|switch|p1a: Iron Crown|Iron Crown|100/100
|-enditem|p1a: Iron Crown|Booster Energy
|-activate|p1a: Iron Crown|ability: Quark Drive|[fromitem]
|-start|p1a: Iron Crown|quarkdrivespe
|move|p2a: Psymikyu|Destiny Bond|p2a: Psymikyu
|-singlemove|p2a: Psymikyu|Destiny Bond
|
|-damage|p2a: Psymikyu|66/100 brn|[from] brn
|upkeep
|turn|7
|c|☆suminkwak249|UH OH
|c|☆Bomi0|:|
|
|t:|1776273085
|move|p1a: Iron Crown|Calm Mind|p1a: Iron Crown
|-boost|p1a: Iron Crown|spa|1
|-boost|p1a: Iron Crown|spd|1
|move|p2a: Psymikyu|Trick Room|p2a: Psymikyu
|-fieldstart|move: Trick Room|[of] p2a: Psymikyu
|
|-damage|p2a: Psymikyu|60/100 brn|[from] brn
|upkeep
|turn|8
|
|t:|1776273094
|move|p2a: Psymikyu|Destiny Bond|p2a: Psymikyu
|-singlemove|p2a: Psymikyu|Destiny Bond
|move|p1a: Iron Crown|Tachyon Cutter|p2a: Psymikyu
|-supereffective|p2a: Psymikyu
|-damage|p2a: Psymikyu|0 fnt
|faint|p2a: Psymikyu
|-activate|p2a: Psymikyu|move: Destiny Bond
|faint|p1a: Iron Crown
|-end|p1a: Iron Crown|Quark Drive|[silent]
|-hitcount|p2: Psymikyu|1
|
|-fieldend|move: Psychic Terrain
|upkeep
|c|☆suminkwak249|bruh
|
|t:|1776273099
|switch|p2a: Psyluna|Ursaluna, F, shiny|100/100 brn
|switch|p1a: Indeedee|Indeedee-F, F|100/100
|-fieldstart|move: Psychic Terrain|[from] ability: Psychic Surge|[of] p1a: Indeedee
|turn|9
|
|t:|1776273109
|move|p2a: Psyluna|Facade|p1a: Indeedee
|-damage|p1a: Indeedee|0 fnt
|faint|p1a: Indeedee
|
|-damage|p2a: Psyluna|94/100 brn|[from] brn
|upkeep
|
|t:|1776273114
|switch|p1a: Hoopa|Hoopa-Unbound|100/100
|-enditem|p1a: Hoopa|Room Service
|-unboost|p1a: Hoopa|spe|1|[from] item: Room Service
|turn|10
|
|t:|1776273119
|move|p1a: Hoopa|Expanding Force|p2a: Psyluna
|-damage|p2a: Psyluna|0 fnt
|faint|p2a: Psyluna
|-item|p1a: Hoopa|Flame Orb|[from] ability: Magician|[of] p2: Psyluna
|
|-status|p1a: Hoopa|brn|[from] item: Flame Orb
|upkeep
|c|☆suminkwak249|UH OH
|c|☆Bomi0|???????????????????????????????????????????????????
|
|t:|1776273133
|switch|p2a: Psy Hands|Iron Hands, shiny|100/100
|-enditem|p2a: Psy Hands|Booster Energy
|-activate|p2a: Psy Hands|ability: Quark Drive|[fromitem]
|-start|p2a: Psy Hands|quarkdriveatk
|turn|11
|
|t:|1776273141
|move|p1a: Hoopa|Expanding Force|p2a: Psy Hands
|-supereffective|p2a: Psy Hands
|-crit|p2a: Psy Hands
|-damage|p2a: Psy Hands|0 fnt
|faint|p2a: Psy Hands
|-end|p2a: Psy Hands|Quark Drive|[silent]
|
|-damage|p1a: Hoopa|95/100 brn|[from] brn
|-fieldend|move: Trick Room
|upkeep
|c|☆Bomi0|my elo :(
|c|☆Bomi0|:[
|
|t:|1776273149
|switch|p2a: Psyrelia|Cresselia, F, shiny|100/100
|turn|12
|c|☆suminkwak249|oh...
|
|t:|1776273153
|move|p1a: Hoopa|Hyperspace Fury|p2a: Psyrelia
|-supereffective|p2a: Psyrelia
|-damage|p2a: Psyrelia|69/100
|-unboost|p1a: Hoopa|def|1
|move|p2a: Psyrelia|Trick Room|p2a: Psyrelia
|-fieldstart|move: Trick Room|[of] p2a: Psyrelia
|
|-damage|p1a: Hoopa|89/100 brn|[from] brn
|upkeep
|turn|13
|c|☆Bomi0|no no its okay
|c|☆Bomi0|I dont deserve it anyway :[
|
|t:|1776273165
|move|p1a: Hoopa|Hyperspace Fury|p2a: Psyrelia
|-supereffective|p2a: Psyrelia
|-damage|p2a: Psyrelia|38/100
|-unboost|p1a: Hoopa|def|1
|move|p2a: Psyrelia|Ice Beam|p1a: Hoopa
|-damage|p1a: Hoopa|74/100 brn
|
|-damage|p1a: Hoopa|68/100 brn|[from] brn
|upkeep
|turn|14
|
|t:|1776273171
|switch|p2a: Psymarill|Azumarill, F, shiny|100/100
|move|p1a: Hoopa|Hyperspace Fury|p2a: Psymarill
|-resisted|p2a: Psymarill
|-crit|p2a: Psymarill
|-damage|p2a: Psymarill|77/100
|-unboost|p1a: Hoopa|def|1
|
|-damage|p1a: Hoopa|62/100 brn|[from] brn
|upkeep
|turn|15
|
|t:|1776273174
|move|p1a: Hoopa|Destiny Bond|p1a: Hoopa
|-singlemove|p1a: Hoopa|Destiny Bond
|move|p2a: Psymarill|Belly Drum|p2a: Psymarill
|-damage|p2a: Psymarill|27/100
|-setboost|p2a: Psymarill|atk|6|[from] move: Belly Drum
|-enditem|p2a: Psymarill|Sitrus Berry|[eat]
|-heal|p2a: Psymarill|52/100|[from] item: Sitrus Berry
|
|-damage|p1a: Hoopa|56/100 brn|[from] brn
|upkeep
|turn|16
|c|☆Bomi0|BRUh
|c|☆Bomi0|wat is ur issue
|
|t:|1776273186
|switch|p2a: Psyrelia|Cresselia, F, shiny|38/100
|move|p1a: Hoopa|Expanding Force|p2a: Psyrelia
|-resisted|p2a: Psyrelia
|-damage|p2a: Psyrelia|5/100
|
|-damage|p1a: Hoopa|50/100 brn|[from] brn
|-fieldend|move: Trick Room
|-fieldend|move: Psychic Terrain
|upkeep
|turn|17
|c|☆suminkwak249|LOLLLLL
|
|t:|1776273189
|move|p2a: Psyrelia|Lunar Dance|p2a: Psyrelia
|faint|p2a: Psyrelia
|move|p1a: Hoopa|Hyperspace Fury|p2: Psyrelia|[notarget]
|-fail|p1a: Hoopa
|
|-damage|p1a: Hoopa|44/100 brn|[from] brn
|upkeep
|
|t:|1776273192
|switch|p2a: Psymarill|Azumarill, F, shiny|52/100
|-heal|p2a: Psymarill|100/100|[from] move: Lunar Dance
|turn|18
|c|☆suminkwak249|wats ur speed
|c|☆suminkwak249|im 98
|c|☆Bomi0|I dunno
|c|☆suminkwak249|...
|c|☆suminkwak249|one destiny bond
|
|t:|1776273220
|switch|p1a: Ursaluna|Ursaluna, M|12/100 brn
|move|p2a: Psymarill|Play Rough|p1a: Ursaluna
|-damage|p1a: Ursaluna|0 fnt
|faint|p1a: Ursaluna
|
|upkeep
|
|t:|1776273223
|switch|p1a: Hawlucha|Hawlucha, F|100/100
|turn|19
|
|t:|1776273228
|move|p1a: Hawlucha|Swords Dance|p1a: Hawlucha
|-boost|p1a: Hawlucha|atk|2
|move|p2a: Psymarill|Belly Drum|p2a: Psymarill
|-damage|p2a: Psymarill|50/100
|-setboost|p2a: Psymarill|atk|6|[from] move: Belly Drum
|
|upkeep
|turn|20
|
|t:|1776273232
|move|p1a: Hawlucha|Encore|p2a: Psymarill
|-start|p2a: Psymarill|Encore
|move|p2a: Psymarill|Belly Drum||[still]
|-fail|p2a: Psymarill
|
|upkeep
|turn|21
|c|☆suminkwak249|LOLLLLLLLLLLLLLLL
|
|t:|1776273237
|move|p1a: Hawlucha|Swords Dance|p1a: Hawlucha
|-boost|p1a: Hawlucha|atk|2
|move|p2a: Psymarill|Belly Drum||[still]
|-fail|p2a: Psymarill
|
|upkeep
|turn|22
|
|t:|1776273240
|move|p1a: Hawlucha|Swords Dance|p1a: Hawlucha
|-boost|p1a: Hawlucha|atk|2
|move|p2a: Psymarill|Belly Drum||[still]
|-fail|p2a: Psymarill
|
|-end|p2a: Psymarill|Encore
|upkeep
|turn|23
|c|☆Bomi0|:|
|c|☆suminkwak249|i couold encore u agaibn
|
|t:|1776273247
|move|p1a: Hawlucha|Swords Dance|p1a: Hawlucha
|-boost|p1a: Hawlucha|atk|0
|move|p2a: Psymarill|Play Rough|p1a: Hawlucha
|-supereffective|p1a: Hawlucha
|-crit|p1a: Hawlucha
|-damage|p1a: Hawlucha|0 fnt
|faint|p1a: Hawlucha
|
|upkeep
|
|t:|1776273249
|switch|p1a: Hoopa|Hoopa-Unbound|44/100 brn
|turn|24
|
|t:|1776273253
|move|p2a: Psymarill|Play Rough|p1a: Hoopa
|-supereffective|p1a: Hoopa
|-damage|p1a: Hoopa|0 fnt
|faint|p1a: Hoopa
|
|upkeep
|c|☆Bomi0|just kill me
|c|☆suminkwak249|????????? ur adamant
|c|☆Bomi0|I dont deserve the Leo
|
|t:|1776273263
|switch|p1a: Deoxys|Deoxys-Speed|100/100
|-ability|p1a: Deoxys|Pressure
|turn|25
|c|☆suminkwak249|oh shoot i have 4 attks
|
|t:|1776273273
|-terastallize|p2a: Psymarill|Water
|move|p2a: Psymarill|Aqua Jet|p1a: Deoxys
|-enditem|p1a: Deoxys|Focus Sash
|-damage|p1a: Deoxys|1/100
|move|p1a: Deoxys|Knock Off|p2a: Psymarill
|-damage|p2a: Psymarill|33/100
|
|upkeep
|turn|26
|c|☆suminkwak249|lets be for real
|
|t:|1776273283
|move|p2a: Psymarill|Aqua Jet|p1a: Deoxys
|-damage|p1a: Deoxys|0 fnt
|faint|p1a: Deoxys
|
|win|Bomi0
|raw|suminkwak249's rating: 1387 &rarr; <strong>1366</strong><br />(-21 for losing)
|raw|Bomi0's rating: 1365 &rarr; <strong>1386</strong><br />(+21 for winning)
|c|☆Bomi0|oof LOL
|l|☆Bomi0
|player|p2|
|c|☆suminkwak249|...
|c|☆suminkwak249|waht happened
