|html|<div class="broadcast-blue"><strong>[Gen 9] OU is currently suspecting Tera Blast! For information on how to participate check out the <a href="https://www.smogon.com/tools/suspects/view/200">suspect thread</a>.</strong></div>
|j|‽awesomesamuel
|j|☆msean3
|t:|1776032713
|gametype|singles
|player|p1|awesomesamuel|pokemonrangerf|1539
|player|p2|msean3|266|1587
|gen|9
|tier|[Gen 9] OU
|rated|
|rule|HP Percentage Mod: HP is shown in percentages
|rule|Endless Battle Clause: Forcing endless battles is banned
|rule|Species Clause: Limit one of each Pokémon
|rule|OHKO Clause: OHKO moves are banned
|rule|Evasion Items Clause: Evasion items are banned
|rule|Evasion Moves Clause: Evasion moves are banned
|rule|Evasion Abilities Clause: Evasion abilities are banned
|rule|Sleep Moves Clause: Sleep-inducing moves are banned
|clearpoke
|poke|p1|Dragapult, F|
|poke|p1|Gholdengo|
|poke|p1|Masquerain, M|
|poke|p1|Zoroark-Hisui, F|
|poke|p1|Great Tusk|
|poke|p1|Kingambit, F|
|poke|p2|Iron Valiant|
|poke|p2|Excadrill, F|
|poke|p2|Tyranitar, F|
|poke|p2|Tornadus-Therian, M|
|poke|p2|Ogerpon-Cornerstone, F|
|poke|p2|Toxapex, M|
|teampreview
|inactive|Battle timer is ON: inactive players will automatically lose when time's up. (requested by awesomesamuel)
|
|t:|1776032734
|teamsize|p1|6
|teamsize|p2|6
|start
|switch|p1a: Masquerain|Masquerain, M|100/100
|switch|p2a: Tornadus|Tornadus-Therian, M|100/100
|-ability|p1a: Masquerain|Intimidate|boost
|-unboost|p2a: Tornadus|atk|1
|turn|1
|
|t:|1776032739
|move|p2a: Tornadus|Bleakwind Storm|p1a: Masquerain
|-supereffective|p1a: Masquerain
|-enditem|p1a: Masquerain|Focus Sash
|-damage|p1a: Masquerain|1/100
|move|p1a: Masquerain|Sticky Web|p2a: Tornadus
|-sidestart|p2: msean3|move: Sticky Web
|
|upkeep
|turn|2
|
|t:|1776032748
|move|p2a: Tornadus|Bleakwind Storm|p1a: Masquerain
|-supereffective|p1a: Masquerain
|-damage|p1a: Masquerain|0 fnt
|faint|p1a: Masquerain
|
|upkeep
|
|t:|1776032755
|switch|p1a: Gholdengo|Gholdengo|100/100
|turn|3
|
|t:|1776032758
|switch|p2a: Toxapex|Toxapex, M|100/100
|-activate|p2a: Toxapex|move: Sticky Web
|-unboost|p2a: Toxapex|spe|1
|move|p1a: Gholdengo|Nasty Plot|p1a: Gholdengo
|-boost|p1a: Gholdengo|spa|2
|
|upkeep
|turn|4
|
|t:|1776032760
|move|p1a: Gholdengo|Shadow Ball|p2a: Toxapex
|-damage|p2a: Toxapex|31/100
|-unboost|p2a: Toxapex|spd|1
|-enditem|p2a: Toxapex|Eject Button
|
|t:|1776032767
|switch|p2a: Tornadus|Tornadus-Therian, M|100/100
|
|upkeep
|turn|5
|
|t:|1776032769
|move|p2a: Tornadus|Heat Wave|p1a: Gholdengo
|-supereffective|p1a: Gholdengo
|-damage|p1a: Gholdengo|15/100
|move|p1a: Gholdengo|Make It Rain|p2a: Tornadus
|-damage|p2a: Tornadus|0 fnt
|-unboost|p1a: Gholdengo|spa|1
|faint|p2a: Tornadus
|
|upkeep
|
|t:|1776032787
|switch|p2a: Ogerpon|Ogerpon-Cornerstone, F|100/100
|-activate|p2a: Ogerpon|move: Sticky Web
|-unboost|p2a: Ogerpon|spe|1
|turn|6
|
|t:|1776032791
|move|p2a: Ogerpon|Knock Off|p1a: Gholdengo
|-supereffective|p1a: Gholdengo
|-damage|p1a: Gholdengo|0 fnt
|-enditem|p1a: Gholdengo|Covert Cloak|[from] move: Knock Off|[of] p2a: Ogerpon
|faint|p1a: Gholdengo
|
|upkeep
|
|t:|1776032802
|switch|p1a: Dragapult|Dragapult, F|100/100
|turn|7
|
|t:|1776032811
|switch|p2a: Toxapex|Toxapex, M|65/100
|-activate|p2a: Toxapex|move: Sticky Web
|-unboost|p2a: Toxapex|spe|1
|move|p1a: Dragapult|Will-O-Wisp|p2a: Toxapex
|-status|p2a: Toxapex|brn
|
|-damage|p2a: Toxapex|58/100 brn|[from] brn
|upkeep
|turn|8
|
|t:|1776032815
|move|p1a: Dragapult|Substitute|p1a: Dragapult
|-start|p1a: Dragapult|Substitute
|-damage|p1a: Dragapult|76/100
|move|p2a: Toxapex|Toxic Spikes|p1a: Dragapult
|-sidestart|p1: awesomesamuel|move: Toxic Spikes
|
|-heal|p1a: Dragapult|82/100|[from] item: Leftovers
|-damage|p2a: Toxapex|52/100 brn|[from] brn
|upkeep
|turn|9
|
|t:|1776032818
|switch|p2a: Tyranitar|Tyranitar, F|100/100
|-activate|p2a: Tyranitar|move: Sticky Web
|-unboost|p2a: Tyranitar|spe|1
|-weather|Sandstorm|[from] ability: Sand Stream|[of] p2a: Tyranitar
|move|p1a: Dragapult|Hex|p2a: Tyranitar
|-resisted|p2a: Tyranitar
|-damage|p2a: Tyranitar|93/100
|
|-weather|Sandstorm|[upkeep]
|-damage|p1a: Dragapult|76/100|[from] Sandstorm
|-heal|p1a: Dragapult|82/100|[from] item: Leftovers
|upkeep
|turn|10
|
|t:|1776032821
|move|p1a: Dragapult|Will-O-Wisp|p2a: Tyranitar
|-status|p2a: Tyranitar|brn
|move|p2a: Tyranitar|Knock Off|p1a: Dragapult
|-supereffective|p1a: Dragapult
|-end|p1a: Dragapult|Substitute
|
|-weather|Sandstorm|[upkeep]
|-damage|p1a: Dragapult|76/100|[from] Sandstorm
|-heal|p1a: Dragapult|82/100|[from] item: Leftovers
|-damage|p2a: Tyranitar|86/100 brn|[from] brn
|upkeep
|turn|11
|
|t:|1776032828
|switch|p1a: Kingambit|Kingambit, F|100/100
|-activate|p1a: Kingambit|ability: Supreme Overlord
|-start|p1a: Kingambit|fallen2|[silent]
|move|p2a: Tyranitar|Knock Off|p1a: Kingambit
|-resisted|p1a: Kingambit
|-damage|p1a: Kingambit|89/100
|-enditem|p1a: Kingambit|Black Glasses|[from] move: Knock Off|[of] p2a: Tyranitar
|
|-weather|Sandstorm|[upkeep]
|-damage|p2a: Tyranitar|80/100 brn|[from] brn
|upkeep
|turn|12
|
|t:|1776032831
|move|p1a: Kingambit|Low Kick|p2a: Tyranitar
|-supereffective|p2a: Tyranitar
|-damage|p2a: Tyranitar|0 fnt
|faint|p2a: Tyranitar
|
|-weather|Sandstorm|[upkeep]
|upkeep
|
|t:|1776032841
|switch|p2a: Excadrill|Excadrill, F|100/100
|-activate|p2a: Excadrill|move: Sticky Web
|-unboost|p2a: Excadrill|spe|1
|turn|13
|
|t:|1776032846
|-terastallize|p1a: Kingambit|Flying
|move|p2a: Excadrill|Earthquake|p1a: Kingambit
|-immune|p1a: Kingambit
|move|p1a: Kingambit|Low Kick|p2a: Excadrill
|-supereffective|p2a: Excadrill
|-damage|p2a: Excadrill|21/100
|
|-weather|Sandstorm|[upkeep]
|-damage|p1a: Kingambit|83/100|[from] Sandstorm
|-heal|p2a: Excadrill|27/100|[from] item: Leftovers
|upkeep
|turn|14
|
|t:|1776032856
|move|p1a: Kingambit|Sucker Punch||[still]
|-fail|p1a: Kingambit
|move|p2a: Excadrill|Substitute|p2a: Excadrill
|-start|p2a: Excadrill|Substitute
|-damage|p2a: Excadrill|2/100
|
|-weather|Sandstorm|[upkeep]
|-damage|p1a: Kingambit|77/100|[from] Sandstorm
|-heal|p2a: Excadrill|8/100|[from] item: Leftovers
|upkeep
|turn|15
|
|t:|1776032859
|move|p1a: Kingambit|Sucker Punch|p2a: Excadrill
|-end|p2a: Excadrill|Substitute
|move|p2a: Excadrill|Rapid Spin|p1a: Kingambit
|-damage|p1a: Kingambit|60/100
|-boost|p2a: Excadrill|spe|1
|-sideend|p2: msean3|Sticky Web|[from] move: Rapid Spin|[of] p2a: Excadrill
|
|-weather|Sandstorm|[upkeep]
|-damage|p1a: Kingambit|54/100|[from] Sandstorm
|-heal|p2a: Excadrill|14/100|[from] item: Leftovers
|upkeep
|turn|16
|
|t:|1776032872
|move|p2a: Excadrill|Rock Slide|p1a: Kingambit|[miss]
|-miss|p2a: Excadrill|p1a: Kingambit
|move|p1a: Kingambit|Iron Head|p2a: Excadrill
|-resisted|p2a: Excadrill
|-damage|p2a: Excadrill|0 fnt
|faint|p2a: Excadrill
|
|-weather|none
|upkeep
|
|t:|1776032876
|switch|p2a: Iron Valiant|Iron Valiant|100/100
|turn|17
|
|t:|1776032879
|move|p2a: Iron Valiant|Moonblast|p1a: Kingambit
|-damage|p1a: Kingambit|0 fnt
|faint|p1a: Kingambit
|-end|p1a: Kingambit|fallen2|[silent]
|
|upkeep
|
|t:|1776032882
|switch|p1a: Great Tusk|Great Tusk|100/100
|-status|p1a: Great Tusk|psn
|turn|18
|
|t:|1776032886
|-end|p2a: Iron Valiant|Quark Drive|[silent]
|switch|p2a: Toxapex|Toxapex, M|85/100 brn
|move|p1a: Great Tusk|Shadow Ball|p2a: Toxapex
|-damage|p2a: Toxapex|43/100 brn
|
|-damage|p1a: Great Tusk|88/100 psn|[from] psn
|-damage|p2a: Toxapex|36/100 brn|[from] brn
|upkeep
|turn|19
|
|t:|1776032890
|move|p1a: Great Tusk|Shadow Ball|p2a: Toxapex
|-damage|p2a: Toxapex|0 fnt
|faint|p2a: Toxapex
|
|-damage|p1a: Great Tusk|76/100 psn|[from] psn
|upkeep
|
|t:|1776032893
|switch|p2a: Ogerpon|Ogerpon-Cornerstone, F|100/100
|turn|20
|
|t:|1776032897
|switch|p1a: Great Tusk|Great Tusk|100/100
|-status|p1a: Great Tusk|psn
|move|p2a: Ogerpon|Knock Off|p1a: Great Tusk
|-resisted|p1a: Great Tusk
|-damage|p1a: Great Tusk|90/100 psn
|-enditem|p1a: Great Tusk|Assault Vest|[from] move: Knock Off|[of] p2a: Ogerpon
|
|-damage|p1a: Great Tusk|78/100 psn|[from] psn
|upkeep
|turn|21
|
|t:|1776032903
|move|p2a: Ogerpon|Power Whip|p1a: Great Tusk
|-supereffective|p1a: Great Tusk
|-damage|p1a: Great Tusk|0 fnt
|faint|p1a: Great Tusk
|-end|p1a: Great Tusk|Protosynthesis|[silent]
|
|upkeep
|
|t:|1776032906
|switch|p1a: Dragapult|Dragapult, F|82/100
|-status|p1a: Dragapult|psn
|turn|22
|
|t:|1776032918
|move|p1a: Dragapult|Substitute|p1a: Dragapult
|-start|p1a: Dragapult|Substitute
|-damage|p1a: Dragapult|57/100 psn
|move|p2a: Ogerpon|Knock Off|p1a: Dragapult
|-supereffective|p1a: Dragapult
|-end|p1a: Dragapult|Substitute
|
|-heal|p1a: Dragapult|63/100 psn|[from] item: Leftovers
|-damage|p1a: Dragapult|51/100 psn|[from] psn
|upkeep
|turn|23
|
|t:|1776032921
|move|p1a: Dragapult|Dragon Darts|p2a: Ogerpon
|-damage|p2a: Ogerpon|76/100
|-anim|p1a: Dragapult|Dragon Darts|p2a: Ogerpon
|-damage|p2a: Ogerpon|48/100
|move|p2a: Ogerpon|Knock Off|p1a: Dragapult
|-supereffective|p1a: Dragapult
|-damage|p1a: Dragapult|0 fnt
|-enditem|p1a: Dragapult|Leftovers|[from] move: Knock Off|[of] p2a: Ogerpon
|faint|p1a: Dragapult
|
|upkeep
|
|t:|1776032922
|switch|p1a: Zoroark|Zoroark-Hisui, F|76/100 psn
|turn|24
|
|t:|1776032927
|move|p1a: Zoroark|Shadow Ball|p2a: Ogerpon
|-damage|p2a: Ogerpon|0 fnt
|faint|p2a: Ogerpon
|
|-damage|p1a: Zoroark|63/100 psn|[from] psn
|upkeep
|
|t:|1776032930
|switch|p2a: Iron Valiant|Iron Valiant|100/100
|turn|25
|
|t:|1776032933
|move|p2a: Iron Valiant|Moonblast|p1a: Zoroark
|-crit|p1a: Zoroark
|-damage|p1a: Zoroark|0 fnt
|faint|p1a: Zoroark
|
|win|msean3
|raw|awesomesamuel's rating: 1539 &rarr; <strong>1522</strong><br />(-17 for losing)
|raw|msean3's rating: 1587 &rarr; <strong>1604</strong><br />(+17 for winning)
|l|‽awesomesamuel
|player|p1|
|c|☆msean3|gg
|l|☆msean3
|player|p2|
