|html|<div class="broadcast-blue"><strong>[Gen 9] OU is currently suspecting Tera Blast! For information on how to participate check out the <a href="https://www.smogon.com/tools/suspects/view/200">suspect thread</a>.</strong></div>
|j|☆patcheele~
|j|☆CaptainOrb
|t:|1776087074
|gametype|singles
|player|p1|patcheele~|preschooler-gen7|1384
|player|p2|CaptainOrb|101|1468
|gen|9
|tier|[Gen 9] OU
|rated|
|rule|HP Percentage Mod: HP is shown in percentages
|rule|Endless Battle Clause: Forcing endless battles is banned
|rule|Species Clause: Limit one of each Pokémon
|rule|OHKO Clause: OHKO moves are banned
|rule|Evasion Items Clause: Evasion items are banned
|rule|Evasion Moves Clause: Evasion moves are banned
|rule|Evasion Abilities Clause: Evasion abilities are banned
|rule|Sleep Moves Clause: Sleep-inducing moves are banned
|clearpoke
|poke|p1|Corviknight, F|
|poke|p1|Ting-Lu|
|poke|p1|Quagsire, F|
|poke|p1|Gliscor, F|
|poke|p1|Toxapex, F|
|poke|p1|Dragonite, F|
|poke|p2|Dondozo, M|
|poke|p2|Blissey, F|
|poke|p2|Corviknight, F|
|poke|p2|Weezing-Galar, M|
|poke|p2|Gliscor, F|
|poke|p2|Toxapex, F|
|teampreview
|
|t:|1776087087
|teamsize|p1|6
|teamsize|p2|6
|start
|switch|p1a: Quagsire|Quagsire, F, shiny|100/100
|switch|p2a: Weezing|Weezing-Galar, M|100/100
|-ability|p2a: Weezing|Neutralizing Gas
|turn|1
|
|t:|1776087107
|-end|p2a: Weezing|ability: Neutralizing Gas
|switch|p2a: Blissey|Blissey, F|100/100
|move|p1a: Quagsire|Earthquake|p2a: Blissey
|-damage|p2a: Blissey|72/100
|
|-heal|p2a: Blissey|78/100|[from] item: Leftovers
|upkeep
|turn|2
|
|t:|1776087115
|switch|p2a: Gliscor|Gliscor, F|100/100
|move|p1a: Quagsire|Spikes|p2a: Gliscor
|-sidestart|p2: CaptainOrb|Spikes
|
|-status|p2a: Gliscor|tox|[from] item: Toxic Orb
|upkeep
|turn|3
|
|t:|1776087134
|switch|p1a: Ting-Lu|Ting-Lu|100/100
|-ability|p1a: Ting-Lu|Vessel of Ruin
|move|p2a: Gliscor|Spikes|p1a: Ting-Lu
|-sidestart|p1: patcheele~|Spikes
|
|upkeep
|turn|4
|
|t:|1776087138
|move|p2a: Gliscor|Knock Off|p1a: Ting-Lu
|-resisted|p1a: Ting-Lu
|-damage|p1a: Ting-Lu|95/100
|-enditem|p1a: Ting-Lu|Heavy-Duty Boots|[from] move: Knock Off|[of] p2a: Gliscor
|move|p1a: Ting-Lu|Stealth Rock|p2a: Gliscor
|-sidestart|p2: CaptainOrb|move: Stealth Rock
|
|upkeep
|turn|5
|inactive|Battle timer is ON: inactive players will automatically lose when time's up. (requested by CaptainOrb)
|
|t:|1776087200
|switch|p1a: Gliscor|Gliscor, F|100/100
|move|p2a: Gliscor|Spikes|p1a: Gliscor
|-sidestart|p1: patcheele~|Spikes
|
|-status|p1a: Gliscor|tox|[from] item: Toxic Orb
|upkeep
|turn|6
|
|t:|1776087213
|move|p1a: Gliscor|Swords Dance|p1a: Gliscor
|-boost|p1a: Gliscor|atk|2
|move|p2a: Gliscor|Spikes|p1a: Gliscor
|-sidestart|p1: patcheele~|Spikes
|
|upkeep
|turn|7
|
|t:|1776087226
|switch|p2a: Dondozo|Dondozo, M|100/100
|-damage|p2a: Dondozo|88/100|[from] Spikes
|-damage|p2a: Dondozo|76/100|[from] Stealth Rock
|move|p1a: Gliscor|Swords Dance|p1a: Gliscor
|-boost|p1a: Gliscor|atk|2
|
|-heal|p2a: Dondozo|82/100|[from] item: Leftovers
|upkeep
|turn|8
|
|t:|1776087235
|switch|p1a: Toxapex|Toxapex, F, shiny|100/100
|move|p2a: Dondozo|Body Press|p1a: Toxapex
|-resisted|p1a: Toxapex
|-damage|p1a: Toxapex|91/100
|
|-heal|p2a: Dondozo|88/100|[from] item: Leftovers
|upkeep
|turn|9
|
|t:|1776087244
|switch|p2a: Gliscor|Gliscor, F|100/100 tox
|-damage|p2a: Gliscor|88/100 tox|[from] Stealth Rock
|move|p1a: Toxapex|Toxic Spikes|p2a: Gliscor
|-sidestart|p2: CaptainOrb|move: Toxic Spikes
|
|-heal|p2a: Gliscor|100/100 tox|[from] ability: Poison Heal
|upkeep
|turn|10
|
|t:|1776087260
|switch|p1a: Gliscor|Gliscor, F|100/100 tox
|move|p2a: Gliscor|Knock Off|p1a: Gliscor
|-damage|p1a: Gliscor|82/100 tox
|-enditem|p1a: Gliscor|Toxic Orb|[from] move: Knock Off|[of] p2a: Gliscor
|
|-heal|p1a: Gliscor|95/100 tox|[from] ability: Poison Heal
|upkeep
|turn|11
|
|t:|1776087268
|switch|p2a: Dondozo|Dondozo, M|88/100
|-damage|p2a: Dondozo|76/100|[from] Spikes
|-damage|p2a: Dondozo|64/100|[from] Stealth Rock
|-status|p2a: Dondozo|psn
|move|p1a: Gliscor|Knock Off|p2a: Dondozo
|-damage|p2a: Dondozo|53/100 psn
|-enditem|p2a: Dondozo|Leftovers|[from] move: Knock Off|[of] p1a: Gliscor
|
|-heal|p1a: Gliscor|100/100 tox|[from] ability: Poison Heal
|-damage|p2a: Dondozo|41/100 psn|[from] psn
|upkeep
|turn|12
|
|t:|1776087281
|switch|p1a: Toxapex|Toxapex, F, shiny|100/100
|move|p2a: Dondozo|Rest|p2a: Dondozo
|-status|p2a: Dondozo|slp|[from] move: Rest
|-heal|p2a: Dondozo|100/100 slp|[silent]
|
|upkeep
|turn|13
|
|t:|1776087287
|cant|p2a: Dondozo|slp
|move|p2a: Dondozo|Sleep Talk|p2a: Dondozo
|move|p2a: Dondozo|Avalanche|p1a: Toxapex|[from] move: Sleep Talk
|-resisted|p1a: Toxapex
|-damage|p1a: Toxapex|97/100
|move|p1a: Toxapex|Toxic Spikes|p2a: Dondozo
|-sidestart|p2: CaptainOrb|move: Toxic Spikes
|
|upkeep
|turn|14
|
|t:|1776087316
|switch|p2a: Corviknight|Corviknight, F|100/100
|-damage|p2a: Corviknight|88/100|[from] Stealth Rock
|-ability|p2a: Corviknight|Pressure
|switch|p1a: Quagsire|Quagsire, F, shiny|100/100
|
|-heal|p2a: Corviknight|94/100|[from] item: Leftovers
|upkeep
|turn|15
|
|t:|1776087328
|move|p2a: Corviknight|Defog|p1a: Quagsire
|-unboost|p1a: Quagsire|evasion|1
|-sideend|p1: patcheele~|Spikes|[from] move: Defog|[of] p2a: Corviknight
|-sideend|p2: CaptainOrb|Spikes|[from] move: Defog|[of] p2a: Corviknight
|-sideend|p2: CaptainOrb|Toxic Spikes|[from] move: Defog|[of] p2a: Corviknight
|-sideend|p2: CaptainOrb|Stealth Rock|[from] move: Defog|[of] p2a: Corviknight
|move|p1a: Quagsire|Spikes|p2a: Corviknight
|-sidestart|p2: CaptainOrb|Spikes
|
|-heal|p2a: Corviknight|100/100|[from] item: Leftovers
|upkeep
|turn|16
|
|t:|1776087336
|switch|p2a: Gliscor|Gliscor, F|100/100 tox
|move|p1a: Quagsire|Spikes|p2a: Gliscor
|-sidestart|p2: CaptainOrb|Spikes
|
|upkeep
|turn|17
|
|t:|1776087347
|switch|p2a: Dondozo|Dondozo, M|100/100 slp
|-damage|p2a: Dondozo|84/100 slp|[from] Spikes
|switch|p1a: Corviknight|Corviknight, F|100/100
|-ability|p1a: Corviknight|Pressure
|
|upkeep
|turn|18
|
|t:|1776087355
|move|p1a: Corviknight|Body Press|p2a: Dondozo
|-damage|p2a: Dondozo|75/100 slp
|cant|p2a: Dondozo|slp
|
|upkeep
|turn|19
|
|t:|1776087366
|switch|p2a: Weezing|Weezing-Galar, M|100/100
|-ability|p2a: Weezing|Neutralizing Gas
|move|p1a: Corviknight|Brave Bird|p2a: Weezing
|-damage|p2a: Weezing|77/100
|-damage|p1a: Corviknight|94/100|[from] Recoil
|
|-heal|p1a: Corviknight|99/100|[from] item: Leftovers
|upkeep
|turn|20
|
|t:|1776087378
|switch|p1a: Gliscor|Gliscor, F|100/100 tox
|move|p2a: Weezing|Defog|p1a: Gliscor
|-unboost|p1a: Gliscor|evasion|1
|-sideend|p2: CaptainOrb|Spikes|[from] move: Defog|[of] p2a: Weezing
|
|-damage|p1a: Gliscor|94/100 tox|[from] psn
|upkeep
|turn|21
|
|t:|1776087393
|-end|p2a: Weezing|ability: Neutralizing Gas
|switch|p2a: Gliscor|Gliscor, F|100/100 tox
|move|p1a: Gliscor|Knock Off|p2a: Gliscor
|-crit|p2a: Gliscor
|-damage|p2a: Gliscor|76/100 tox
|-enditem|p2a: Gliscor|Toxic Orb|[from] move: Knock Off|[of] p1a: Gliscor
|
|-heal|p1a: Gliscor|100/100 tox|[from] ability: Poison Heal
|-heal|p2a: Gliscor|89/100 tox|[from] ability: Poison Heal
|upkeep
|turn|22
|
|t:|1776087416
|move|p1a: Gliscor|Swords Dance|p1a: Gliscor
|-boost|p1a: Gliscor|atk|2
|move|p2a: Gliscor|Spikes|p1a: Gliscor
|-sidestart|p1: patcheele~|Spikes
|
|-heal|p2a: Gliscor|100/100 tox|[from] ability: Poison Heal
|upkeep
|turn|23
|
|t:|1776087421
|move|p1a: Gliscor|Swords Dance|p1a: Gliscor
|-boost|p1a: Gliscor|atk|2
|move|p2a: Gliscor|Spikes|p1a: Gliscor
|-sidestart|p1: patcheele~|Spikes
|
|upkeep
|turn|24
|
|t:|1776087424
|move|p1a: Gliscor|Knock Off|p2a: Gliscor
|-damage|p2a: Gliscor|63/100 tox
|move|p2a: Gliscor|Spikes|p1a: Gliscor
|-sidestart|p1: patcheele~|Spikes
|
|-heal|p2a: Gliscor|75/100 tox|[from] ability: Poison Heal
|upkeep
|turn|25
|
|t:|1776087430
|move|p2a: Gliscor|Protect|p2a: Gliscor
|-singleturn|p2a: Gliscor|Protect
|move|p1a: Gliscor|Swords Dance|p1a: Gliscor
|-boost|p1a: Gliscor|atk|2
|
|-heal|p2a: Gliscor|88/100 tox|[from] ability: Poison Heal
|upkeep
|turn|26
|
|t:|1776087435
|switch|p2a: Dondozo|Dondozo, M|75/100 slp
|move|p1a: Gliscor|Knock Off|p2a: Dondozo
|-damage|p2a: Dondozo|68/100 slp
|
|upkeep
|turn|27
|
|t:|1776087445
|switch|p1a: Quagsire|Quagsire, F, shiny|100/100
|switch|p2a: Gliscor|Gliscor, F|88/100 tox
|
|-heal|p2a: Gliscor|100/100 tox|[from] ability: Poison Heal
|upkeep
|turn|28
|
|t:|1776087448
|move|p2a: Gliscor|Knock Off|p1a: Quagsire
|-damage|p1a: Quagsire|87/100
|-enditem|p1a: Quagsire|Heavy-Duty Boots|[from] move: Knock Off|[of] p2a: Gliscor
|move|p1a: Quagsire|Spikes|p2a: Gliscor
|-sidestart|p2: CaptainOrb|Spikes
|
|upkeep
|turn|29
|
|t:|1776087460
|move|p2a: Gliscor|Earthquake|p1a: Quagsire
|-damage|p1a: Quagsire|64/100
|move|p1a: Quagsire|Spikes|p2a: Gliscor
|-sidestart|p2: CaptainOrb|Spikes
|
|upkeep
|turn|30
|
|t:|1776087466
|move|p2a: Gliscor|Earthquake|p1a: Quagsire
|-damage|p1a: Quagsire|39/100
|move|p1a: Quagsire|Spikes|p2a: Gliscor
|-sidestart|p2: CaptainOrb|Spikes
|
|upkeep
|turn|31
|
|t:|1776087470
|move|p2a: Gliscor|Earthquake|p1a: Quagsire
|-damage|p1a: Quagsire|18/100
|move|p1a: Quagsire|Recover|p1a: Quagsire
|-heal|p1a: Quagsire|68/100
|
|upkeep
|turn|32
|
|t:|1776087475
|move|p2a: Gliscor|Earthquake|p1a: Quagsire
|-damage|p1a: Quagsire|46/100
|move|p1a: Quagsire|Recover|p1a: Quagsire
|-heal|p1a: Quagsire|96/100
|
|upkeep
|turn|33
|
|t:|1776087491
|switch|p1a: Gliscor|Gliscor, F|100/100 tox
|move|p2a: Gliscor|Earthquake|p1a: Gliscor
|-immune|p1a: Gliscor
|
|upkeep
|turn|34
|
|t:|1776087497
|switch|p2a: Corviknight|Corviknight, F|100/100
|-ability|p2a: Corviknight|Pressure
|move|p1a: Gliscor|Knock Off|p2a: Corviknight
|-damage|p2a: Corviknight|88/100
|-enditem|p2a: Corviknight|Leftovers|[from] move: Knock Off|[of] p1a: Gliscor
|
|upkeep
|turn|35
|
|t:|1776087513
|switch|p1a: Toxapex|Toxapex, F, shiny|100/100
|move|p2a: Corviknight|Iron Defense|p2a: Corviknight
|-boost|p2a: Corviknight|def|2
|
|upkeep
|turn|36
|
|t:|1776087518
|move|p2a: Corviknight|Defog|p1a: Toxapex
|-unboost|p1a: Toxapex|evasion|1
|-sideend|p1: patcheele~|Spikes|[from] move: Defog|[of] p2a: Corviknight
|-sideend|p2: CaptainOrb|Spikes|[from] move: Defog|[of] p2a: Corviknight
|move|p1a: Toxapex|Toxic Spikes|p2a: Corviknight
|-sidestart|p2: CaptainOrb|move: Toxic Spikes
|
|upkeep
|turn|37
|
|t:|1776087523
|switch|p2a: Weezing|Weezing-Galar, M|77/100
|-ability|p2a: Weezing|Neutralizing Gas
|-sideend|p2: CaptainOrb|move: Toxic Spikes|[of] p2a: Weezing
|move|p1a: Toxapex|Toxic Spikes|p2a: Weezing
|-sidestart|p2: CaptainOrb|move: Toxic Spikes
|
|upkeep
|turn|38
|
|t:|1776087530
|move|p2a: Weezing|Will-O-Wisp|p1a: Toxapex
|-status|p1a: Toxapex|brn
|move|p1a: Toxapex|Toxic Spikes|p2a: Weezing
|-sidestart|p2: CaptainOrb|move: Toxic Spikes
|
|-damage|p1a: Toxapex|94/100 brn|[from] brn
|upkeep
|turn|39
|
|t:|1776087540
|-end|p2a: Weezing|ability: Neutralizing Gas
|switch|p2a: Toxapex|Toxapex, F|100/100
|-sideend|p2: CaptainOrb|move: Toxic Spikes|[of] p2a: Toxapex
|switch|p1a: Ting-Lu|Ting-Lu|95/100
|-ability|p1a: Ting-Lu|Vessel of Ruin
|
|upkeep
|turn|40
|
|t:|1776087547
|move|p1a: Ting-Lu|Stealth Rock|p2a: Toxapex
|-sidestart|p2: CaptainOrb|move: Stealth Rock
|move|p2a: Toxapex|Toxic|p1a: Ting-Lu
|-status|p1a: Ting-Lu|tox
|
|-damage|p1a: Ting-Lu|89/100 tox|[from] psn
|upkeep
|turn|41
|
|t:|1776087555
|switch|p2a: Corviknight|Corviknight, F|88/100
|-damage|p2a: Corviknight|76/100|[from] Stealth Rock
|-ability|p2a: Corviknight|Pressure
|move|p1a: Ting-Lu|Earthquake|p2a: Corviknight
|-immune|p2a: Corviknight
|
|-damage|p1a: Ting-Lu|76/100 tox|[from] psn
|upkeep
|turn|42
|
|t:|1776087568
|switch|p1a: Toxapex|Toxapex, F, shiny|100/100 brn
|move|p2a: Corviknight|Defog|p1a: Toxapex
|-unboost|p1a: Toxapex|evasion|1
|-sideend|p2: CaptainOrb|Stealth Rock|[from] move: Defog|[of] p2a: Corviknight
|
|-damage|p1a: Toxapex|94/100 brn|[from] brn
|upkeep
|turn|43
|
|t:|1776087575
|switch|p2a: Weezing|Weezing-Galar, M|77/100
|-ability|p2a: Weezing|Neutralizing Gas
|move|p1a: Toxapex|Toxic Spikes|p2a: Weezing
|-sidestart|p2: CaptainOrb|move: Toxic Spikes
|
|-damage|p1a: Toxapex|88/100 brn|[from] brn
|upkeep
|turn|44
|
|t:|1776087585
|switch|p1a: Gliscor|Gliscor, F|100/100 tox
|move|p2a: Weezing|Pain Split|p1a: Gliscor
|-sethp|p1a: Gliscor|87/100 tox|[from] move: Pain Split|[silent]
|-sethp|p2a: Weezing|91/100|[from] move: Pain Split
|
|-damage|p1a: Gliscor|80/100 tox|[from] psn
|upkeep
|turn|45
|
|t:|1776087596
|-end|p2a: Weezing|ability: Neutralizing Gas
|switch|p2a: Dondozo|Dondozo, M|68/100 slp
|move|p1a: Gliscor|Knock Off|p2a: Dondozo
|-damage|p2a: Dondozo|62/100 slp
|
|-heal|p1a: Gliscor|93/100 tox|[from] ability: Poison Heal
|upkeep
|turn|46
|
|t:|1776087605
|switch|p1a: Quagsire|Quagsire, F, shiny|96/100
|-curestatus|p2a: Dondozo|slp|[msg]
|move|p2a: Dondozo|Avalanche|p1a: Quagsire
|-damage|p1a: Quagsire|88/100
|
|upkeep
|turn|47
|
|t:|1776087610
|switch|p2a: Corviknight|Corviknight, F|76/100
|-ability|p2a: Corviknight|Pressure
|move|p1a: Quagsire|Spikes|p2a: Corviknight
|-sidestart|p2: CaptainOrb|Spikes
|
|upkeep
|turn|48
|
|t:|1776087617
|switch|p1a: Ting-Lu|Ting-Lu|76/100 tox
|-ability|p1a: Ting-Lu|Vessel of Ruin
|move|p2a: Corviknight|Iron Defense|p2a: Corviknight
|-boost|p2a: Corviknight|def|2
|
|-damage|p1a: Ting-Lu|70/100 tox|[from] psn
|upkeep
|turn|49
|
|t:|1776087622
|move|p2a: Corviknight|Body Press|p1a: Ting-Lu
|-supereffective|p1a: Ting-Lu
|-damage|p1a: Ting-Lu|16/100 tox
|move|p1a: Ting-Lu|Stealth Rock|p2a: Corviknight
|-sidestart|p2: CaptainOrb|move: Stealth Rock
|
|-damage|p1a: Ting-Lu|3/100 tox|[from] psn
|upkeep
|turn|50
|
|t:|1776087629
|move|p2a: Corviknight|Defog|p1a: Ting-Lu
|-unboost|p1a: Ting-Lu|evasion|1
|-sideend|p2: CaptainOrb|Spikes|[from] move: Defog|[of] p2a: Corviknight
|-sideend|p2: CaptainOrb|Toxic Spikes|[from] move: Defog|[of] p2a: Corviknight
|-sideend|p2: CaptainOrb|Stealth Rock|[from] move: Defog|[of] p2a: Corviknight
|move|p1a: Ting-Lu|Rest|p1a: Ting-Lu
|-status|p1a: Ting-Lu|slp|[from] move: Rest
|-heal|p1a: Ting-Lu|100/100 slp|[silent]
|
|upkeep
|turn|51
|
|t:|1776087638
|switch|p1a: Toxapex|Toxapex, F, shiny|88/100 brn
|move|p2a: Corviknight|Body Press|p1a: Toxapex
|-resisted|p1a: Toxapex
|-damage|p1a: Toxapex|71/100 brn
|
|-damage|p1a: Toxapex|64/100 brn|[from] brn
|upkeep
|turn|52
|
|t:|1776087642
|switch|p2a: Weezing|Weezing-Galar, M|91/100
|-ability|p2a: Weezing|Neutralizing Gas
|move|p1a: Toxapex|Toxic|p2a: Weezing
|-immune|p2a: Weezing
|
|-damage|p1a: Toxapex|58/100 brn|[from] brn
|upkeep
|turn|53
|
|t:|1776087649
|move|p2a: Weezing|Toxic Spikes|p1a: Toxapex
|-sidestart|p1: patcheele~|move: Toxic Spikes
|move|p1a: Toxapex|Pain Split|p2a: Weezing
|-sethp|p2a: Weezing|72/100|[from] move: Pain Split|[silent]
|-sethp|p1a: Toxapex|79/100 brn|[from] move: Pain Split
|
|-damage|p1a: Toxapex|73/100 brn|[from] brn
|upkeep
|turn|54
|
|t:|1776087668
|move|p2a: Weezing|Toxic Spikes|p1a: Toxapex
|-sidestart|p1: patcheele~|move: Toxic Spikes
|move|p1a: Toxapex|Toxic Spikes|p2a: Weezing
|-sidestart|p2: CaptainOrb|move: Toxic Spikes
|
|-damage|p1a: Toxapex|67/100 brn|[from] brn
|upkeep
|turn|55
|
|t:|1776087679
|-end|p2a: Weezing|ability: Neutralizing Gas
|switch|p2a: Corviknight|Corviknight, F|76/100
|-ability|p2a: Corviknight|Pressure
|move|p1a: Toxapex|Toxic Spikes|p2a: Corviknight
|-sidestart|p2: CaptainOrb|move: Toxic Spikes
|
|-damage|p1a: Toxapex|60/100 brn|[from] brn
|upkeep
|turn|56
|
|t:|1776087707
|switch|p2a: Weezing|Weezing-Galar, M|72/100
|-ability|p2a: Weezing|Neutralizing Gas
|-sideend|p2: CaptainOrb|move: Toxic Spikes|[of] p2a: Weezing
|switch|p1a: Gliscor|Gliscor, F|93/100 tox
|
|-damage|p1a: Gliscor|87/100 tox|[from] psn
|upkeep
|turn|57
|
|t:|1776087717
|-end|p2a: Weezing|ability: Neutralizing Gas
|switch|p2a: Corviknight|Corviknight, F|76/100
|-ability|p2a: Corviknight|Pressure
|move|p1a: Gliscor|Earthquake|p2a: Corviknight
|-immune|p2a: Corviknight
|
|-heal|p1a: Gliscor|99/100 tox|[from] ability: Poison Heal
|upkeep
|turn|58
|
|t:|1776087726
|switch|p1a: Toxapex|Toxapex, F, shiny|60/100 brn
|-sideend|p1: patcheele~|move: Toxic Spikes|[of] p1a: Toxapex
|move|p2a: Corviknight|Iron Defense|p2a: Corviknight
|-boost|p2a: Corviknight|def|2
|
|-damage|p1a: Toxapex|54/100 brn|[from] brn
|upkeep
|turn|59
|
|t:|1776087731
|switch|p2a: Weezing|Weezing-Galar, M|72/100
|-ability|p2a: Weezing|Neutralizing Gas
|move|p1a: Toxapex|Pain Split|p2a: Weezing
|-sethp|p2a: Weezing|61/100|[from] move: Pain Split|[silent]
|-sethp|p1a: Toxapex|67/100 brn|[from] move: Pain Split
|
|-damage|p1a: Toxapex|60/100 brn|[from] brn
|upkeep
|turn|60
|
|t:|1776087742
|switch|p1a: Ting-Lu|Ting-Lu|100/100 slp
|move|p2a: Weezing|Pain Split|p1a: Ting-Lu
|-sethp|p1a: Ting-Lu|70/100 slp|[from] move: Pain Split|[silent]
|-sethp|p2a: Weezing|100/100|[from] move: Pain Split
|
|upkeep
|turn|61
|
|t:|1776087752
|-end|p2a: Weezing|ability: Neutralizing Gas
|-ability|p1a: Ting-Lu|Vessel of Ruin
|switch|p2a: Blissey|Blissey, F|78/100
|cant|p1a: Ting-Lu|slp
|
|-heal|p2a: Blissey|84/100|[from] item: Leftovers
|upkeep
|turn|62
|
|t:|1776087759
|move|p2a: Blissey|Stealth Rock|p1a: Ting-Lu
|-sidestart|p1: patcheele~|move: Stealth Rock
|cant|p1a: Ting-Lu|slp
|
|-heal|p2a: Blissey|90/100|[from] item: Leftovers
|upkeep
|turn|63
|
|t:|1776087766
|switch|p2a: Gliscor|Gliscor, F|100/100 tox
|-curestatus|p1a: Ting-Lu|slp|[msg]
|move|p1a: Ting-Lu|Stealth Rock|p2a: Gliscor
|-sidestart|p2: CaptainOrb|move: Stealth Rock
|
|upkeep
|turn|64
|
|t:|1776087781
|switch|p1a: Quagsire|Quagsire, F, shiny|88/100
|-damage|p1a: Quagsire|81/100|[from] Stealth Rock
|move|p2a: Gliscor|Spikes|p1a: Quagsire
|-sidestart|p1: patcheele~|Spikes
|
|upkeep
|turn|65
|
|t:|1776087786
|move|p2a: Gliscor|Earthquake|p1a: Quagsire
|-damage|p1a: Quagsire|59/100
|move|p1a: Quagsire|Spikes|p2a: Gliscor
|-sidestart|p2: CaptainOrb|Spikes
|
|upkeep
|turn|66
|
|t:|1776087793
|switch|p2a: Toxapex|Toxapex, F|100/100
|-damage|p2a: Toxapex|88/100|[from] Stealth Rock
|-damage|p2a: Toxapex|75/100|[from] Spikes
|move|p1a: Quagsire|Spikes|p2a: Toxapex
|-sidestart|p2: CaptainOrb|Spikes
|
|-heal|p2a: Toxapex|82/100|[from] item: Leftovers
|upkeep
|turn|67
|
|t:|1776087800
|move|p2a: Toxapex|Toxic|p1a: Quagsire
|-status|p1a: Quagsire|tox
|move|p1a: Quagsire|Earthquake|p2a: Toxapex
|-supereffective|p2a: Toxapex
|-damage|p2a: Toxapex|36/100
|
|-heal|p2a: Toxapex|42/100|[from] item: Leftovers
|-damage|p1a: Quagsire|53/100 tox|[from] psn
|upkeep
|turn|68
|
|t:|1776087807
|switch|p2a: Corviknight|Corviknight, F|76/100
|-damage|p2a: Corviknight|63/100|[from] Stealth Rock
|-ability|p2a: Corviknight|Pressure
|move|p1a: Quagsire|Recover|p1a: Quagsire
|-heal|p1a: Quagsire|100/100 tox
|
|-damage|p1a: Quagsire|88/100 tox|[from] psn
|upkeep
|turn|69
|
|t:|1776087814
|switch|p1a: Ting-Lu|Ting-Lu|70/100
|-damage|p1a: Ting-Lu|64/100|[from] Stealth Rock
|-damage|p1a: Ting-Lu|51/100|[from] Spikes
|-ability|p1a: Ting-Lu|Vessel of Ruin
|move|p2a: Corviknight|Defog|p1a: Ting-Lu
|-unboost|p1a: Ting-Lu|evasion|1
|-sideend|p1: patcheele~|Spikes|[from] move: Defog|[of] p2a: Corviknight
|-sideend|p1: patcheele~|Stealth Rock|[from] move: Defog|[of] p2a: Corviknight
|-sideend|p2: CaptainOrb|Spikes|[from] move: Defog|[of] p2a: Corviknight
|-sideend|p2: CaptainOrb|Stealth Rock|[from] move: Defog|[of] p2a: Corviknight
|
|upkeep
|turn|70
|
|t:|1776087827
|move|p2a: Corviknight|Iron Defense|p2a: Corviknight
|-boost|p2a: Corviknight|def|2
|move|p1a: Ting-Lu|Stealth Rock|p2a: Corviknight
|-sidestart|p2: CaptainOrb|move: Stealth Rock
|
|upkeep
|turn|71
|
|t:|1776087834
|switch|p1a: Gliscor|Gliscor, F|99/100 tox
|move|p2a: Corviknight|Body Press|p1a: Gliscor
|-resisted|p1a: Gliscor
|-damage|p1a: Gliscor|79/100 tox
|
|-heal|p1a: Gliscor|92/100 tox|[from] ability: Poison Heal
|upkeep
|turn|72
|
|t:|1776087841
|move|p1a: Gliscor|Knock Off|p2a: Corviknight
|-damage|p2a: Corviknight|59/100
|move|p2a: Corviknight|Roost|p2a: Corviknight
|-heal|p2a: Corviknight|100/100
|-singleturn|p2a: Corviknight|move: Roost
|
|-heal|p1a: Gliscor|100/100 tox|[from] ability: Poison Heal
|upkeep
|turn|73
|
|t:|1776087845
|move|p1a: Gliscor|Knock Off|p2a: Corviknight
|-damage|p2a: Corviknight|96/100
|move|p2a: Corviknight|Defog|p1a: Gliscor
|-unboost|p1a: Gliscor|evasion|1
|-sideend|p2: CaptainOrb|Stealth Rock|[from] move: Defog|[of] p2a: Corviknight
|
|upkeep
|turn|74
|
|t:|1776087852
|move|p1a: Gliscor|Knock Off|p2a: Corviknight
|-damage|p2a: Corviknight|91/100
|move|p2a: Corviknight|Iron Defense|p2a: Corviknight
|-boost|p2a: Corviknight|def|2
|
|upkeep
|turn|75
|
|t:|1776087859
|move|p1a: Gliscor|Knock Off|p2a: Corviknight
|-damage|p2a: Corviknight|88/100
|move|p2a: Corviknight|Iron Defense|p2a: Corviknight
|-boost|p2a: Corviknight|def|2
|
|upkeep
|turn|76
|
|t:|1776087864
|move|p1a: Gliscor|Knock Off|p2a: Corviknight
|-damage|p2a: Corviknight|86/100
|move|p2a: Corviknight|Body Press|p1a: Gliscor
|-resisted|p1a: Gliscor
|-damage|p1a: Gliscor|55/100 tox
|
|-heal|p1a: Gliscor|68/100 tox|[from] ability: Poison Heal
|upkeep
|turn|77
|
|t:|1776087869
|switch|p1a: Quagsire|Quagsire, F, shiny|88/100 tox
|move|p2a: Corviknight|Body Press|p1a: Quagsire
|-damage|p1a: Quagsire|68/100 tox
|
|-damage|p1a: Quagsire|62/100 tox|[from] psn
|upkeep
|turn|78
|
|t:|1776087876
|move|p2a: Corviknight|Body Press|p1a: Quagsire
|-damage|p1a: Quagsire|43/100 tox
|move|p1a: Quagsire|Spikes|p2a: Corviknight
|-sidestart|p2: CaptainOrb|Spikes
|
|-damage|p1a: Quagsire|31/100 tox|[from] psn
|upkeep
|turn|79
|
|t:|1776087883
|move|p2a: Corviknight|Body Press|p1a: Quagsire
|-damage|p1a: Quagsire|14/100 tox
|move|p1a: Quagsire|Recover|p1a: Quagsire
|-heal|p1a: Quagsire|64/100 tox
|
|-damage|p1a: Quagsire|45/100 tox|[from] psn
|upkeep
|turn|80
|-message|patcheele~ forfeited.
|
|win|CaptainOrb
|raw|patcheele~'s rating: 1384 &rarr; <strong>1369</strong><br />(-15 for losing)
|raw|CaptainOrb's rating: 1468 &rarr; <strong>1483</strong><br />(+15 for winning)
|c|☆patcheele~|ggs
|l|☆patcheele~
|player|p1|
|l|☆CaptainOrb
|player|p2|
