|html|<div class="broadcast-blue"><strong>[Gen 9] OU is currently suspecting Tera Blast! For information on how to participate check out the <a href="https://www.smogon.com/tools/suspects/view/200">suspect thread</a>.</strong></div>
|j|☆Afiyah
|j|☆kjojon
|t:|1776132887
|gametype|singles
|player|p1|Afiyah|clerkf|1113
|player|p2|kjojon|brock|1140
|gen|9
|tier|[Gen 9] OU
|rated|
|rule|HP Percentage Mod: HP is shown in percentages
|rule|Endless Battle Clause: Forcing endless battles is banned
|rule|Species Clause: Limit one of each Pokémon
|rule|OHKO Clause: OHKO moves are banned
|rule|Evasion Items Clause: Evasion items are banned
|rule|Evasion Moves Clause: Evasion moves are banned
|rule|Evasion Abilities Clause: Evasion abilities are banned
|rule|Sleep Moves Clause: Sleep-inducing moves are banned
|clearpoke
|poke|p1|Iron Treads|
|poke|p1|Tsareena, F|
|poke|p1|Lapras, F|
|poke|p1|Salazzle, F|
|poke|p1|Garganacl, F|
|poke|p1|Rotom-Mow|
|poke|p2|Gardevoir, F|
|poke|p2|Cinderace, F|
|poke|p2|Duraludon, M|
|poke|p2|Hitmontop, M|
|poke|p2|Necrozma|
|poke|p2|Porygon-Z|
|teampreview
|inactive|Battle timer is ON: inactive players will automatically lose when time's up. (requested by Afiyah)
|
|t:|1776132906
|teamsize|p1|6
|teamsize|p2|6
|start
|switch|p1a: Garganacl|Garganacl, F|100/100
|switch|p2a: PoyPee|Porygon-Z, shiny|100/100
|turn|1
|
|t:|1776132911
|move|p2a: PoyPee|Tri Attack|p1a: Garganacl
|-resisted|p1a: Garganacl
|-damage|p1a: Garganacl|79/100
|move|p1a: Garganacl|Block|p2a: PoyPee
|-activate|p2a: PoyPee|trapped
|
|upkeep
|turn|2
|
|t:|1776132919
|move|p2a: PoyPee|Tri Attack|p1a: Garganacl
|-resisted|p1a: Garganacl
|-damage|p1a: Garganacl|60/100
|move|p1a: Garganacl|Salt Cure|p2a: PoyPee
|-damage|p2a: PoyPee|84/100
|-start|p2a: PoyPee|Salt Cure
|
|-damage|p2a: PoyPee|72/100|[from] Salt Cure
|upkeep
|turn|3
|
|t:|1776132926
|move|p2a: PoyPee|Nasty Plot|p2a: PoyPee
|-boost|p2a: PoyPee|spa|2
|move|p1a: Garganacl|Recover|p1a: Garganacl
|-heal|p1a: Garganacl|100/100
|
|-damage|p2a: PoyPee|59/100|[from] Salt Cure
|upkeep
|turn|4
|
|t:|1776132933
|move|p2a: PoyPee|Tri Attack|p1a: Garganacl
|-resisted|p1a: Garganacl
|-damage|p1a: Garganacl|57/100
|move|p1a: Garganacl|Curse|p1a: Garganacl
|-unboost|p1a: Garganacl|spe|1
|-boost|p1a: Garganacl|atk|1
|-boost|p1a: Garganacl|def|1
|
|-damage|p2a: PoyPee|47/100|[from] Salt Cure
|upkeep
|turn|5
|
|t:|1776132945
|move|p2a: PoyPee|Tri Attack|p1a: Garganacl
|-resisted|p1a: Garganacl
|-damage|p1a: Garganacl|19/100
|move|p1a: Garganacl|Recover|p1a: Garganacl
|-heal|p1a: Garganacl|69/100
|
|-damage|p2a: PoyPee|35/100|[from] Salt Cure
|upkeep
|turn|6
|
|t:|1776132955
|move|p2a: PoyPee|Tri Attack|p1a: Garganacl
|-resisted|p1a: Garganacl
|-damage|p1a: Garganacl|28/100
|move|p1a: Garganacl|Recover|p1a: Garganacl
|-heal|p1a: Garganacl|78/100
|
|-damage|p2a: PoyPee|23/100|[from] Salt Cure
|upkeep
|-enditem|p2a: PoyPee|Salac Berry|[eat]
|-boost|p2a: PoyPee|spe|1|[from] item: Salac Berry
|turn|7
|
|t:|1776132970
|move|p2a: PoyPee|Tri Attack|p1a: Garganacl
|-resisted|p1a: Garganacl
|-damage|p1a: Garganacl|34/100
|move|p1a: Garganacl|Recover|p1a: Garganacl
|-heal|p1a: Garganacl|84/100
|
|-damage|p2a: PoyPee|10/100|[from] Salt Cure
|upkeep
|turn|8
|
|t:|1776132980
|move|p2a: PoyPee|Tri Attack|p1a: Garganacl
|-resisted|p1a: Garganacl
|-damage|p1a: Garganacl|41/100
|move|p1a: Garganacl|Recover|p1a: Garganacl
|-heal|p1a: Garganacl|91/100
|
|-damage|p2a: PoyPee|0 fnt|[from] Salt Cure
|faint|p2a: PoyPee
|upkeep
|
|t:|1776132998
|switch|p2a: Babylon|Duraludon, M, shiny|100/100
|turn|9
|
|t:|1776133007
|move|p2a: Babylon|Focus Energy|p2a: Babylon
|-start|p2a: Babylon|move: Focus Energy
|move|p1a: Garganacl|Salt Cure|p2a: Babylon
|-resisted|p2a: Babylon
|-damage|p2a: Babylon|94/100
|-start|p2a: Babylon|Salt Cure
|
|-damage|p2a: Babylon|69/100|[from] Salt Cure
|upkeep
|turn|10
|
|t:|1776133015
|move|p2a: Babylon|Flash Cannon|p1a: Garganacl
|-supereffective|p1a: Garganacl
|-crit|p1a: Garganacl
|-damage|p1a: Garganacl|1/100
|move|p1a: Garganacl|Block|p2a: Babylon
|-activate|p2a: Babylon|trapped
|
|-damage|p2a: Babylon|44/100|[from] Salt Cure
|upkeep
|turn|11
|
|t:|1776133025
|move|p2a: Babylon|Flash Cannon|p1a: Garganacl
|-supereffective|p1a: Garganacl
|-damage|p1a: Garganacl|0 fnt
|faint|p1a: Garganacl
|
|-damage|p2a: Babylon|19/100|[from] Salt Cure
|upkeep
|
|t:|1776133034
|switch|p1a: Iron Treads|Iron Treads|100/100
|turn|12
|
|t:|1776133039
|move|p1a: Iron Treads|Rapid Spin|p2a: Babylon
|-resisted|p2a: Babylon
|-damage|p2a: Babylon|13/100
|-boost|p1a: Iron Treads|spe|1
|-damage|p1a: Iron Treads|91/100|[from] item: Life Orb
|move|p2a: Babylon|Dragon Pulse|p1a: Iron Treads
|-resisted|p1a: Iron Treads
|-damage|p1a: Iron Treads|60/100
|
|-damage|p2a: Babylon|0 fnt|[from] Salt Cure
|faint|p2a: Babylon
|upkeep
|
|t:|1776133048
|switch|p2a: Garfiel|Hitmontop, M|100/100
|turn|13
|
|t:|1776133060
|-terastallize|p1a: Iron Treads|Water
|move|p2a: Garfiel|Fake Out|p1a: Iron Treads
|-damage|p1a: Iron Treads|41/100
|cant|p1a: Iron Treads|flinch
|
|upkeep
|turn|14
|
|t:|1776133067
|move|p2a: Garfiel|Mach Punch|p1a: Iron Treads
|-damage|p1a: Iron Treads|11/100
|move|p1a: Iron Treads|Earthquake|p2a: Garfiel
|-damage|p2a: Garfiel|38/100
|-damage|p1a: Iron Treads|1/100|[from] item: Life Orb
|
|upkeep
|turn|15
|
|t:|1776133082
|move|p2a: Garfiel|Mach Punch|p1a: Iron Treads
|-damage|p1a: Iron Treads|0 fnt
|faint|p1a: Iron Treads
|-end|p1a: Iron Treads|Quark Drive|[silent]
|
|upkeep
|
|t:|1776133101
|switch|p1a: Rotom|Rotom-Mow|100/100
|turn|16
|
|t:|1776133106
|move|p1a: Rotom|Reflect|p1a: Rotom
|-sidestart|p1: Afiyah|Reflect
|move|p2a: Garfiel|Triple Axel|p1a: Rotom
|-supereffective|p1a: Rotom
|-damage|p1a: Rotom|89/100
|-supereffective|p1a: Rotom
|-damage|p1a: Rotom|65/100
|-supereffective|p1a: Rotom
|-damage|p1a: Rotom|35/100
|-hitcount|p1a: Rotom|3
|
|upkeep
|turn|17
|
|t:|1776133120
|switch|p1a: Salazzle|Salazzle, F|100/100
|switch|p2a: Joao|Cinderace, F, shiny|100/100
|
|upkeep
|turn|18
|
|t:|1776133131
|move|p2a: Joao|Court Change|p2a: Joao
|-start|p2a: Joao|typechange|Normal|[from] ability: Libero
|-swapsideconditions
|-activate|p2a: Joao|move: Court Change
|move|p1a: Salazzle|Toxic|p2a: Joao
|-status|p2a: Joao|tox
|
|-damage|p2a: Joao|95/100 tox|[from] psn
|upkeep
|turn|19
|
|t:|1776133158
|switch|p1a: Lapras|Lapras, F|100/100
|move|p2a: Joao|Bulk Up|p2a: Joao
|-boost|p2a: Joao|atk|1
|-boost|p2a: Joao|def|1
|
|-damage|p2a: Joao|83/100 tox|[from] psn
|upkeep
|turn|20
|
|t:|1776133164
|move|p2a: Joao|Bulk Up|p2a: Joao
|-boost|p2a: Joao|atk|1
|-boost|p2a: Joao|def|1
|move|p1a: Lapras|Surf|p2a: Joao
|-damage|p2a: Joao|30/100 tox
|
|-damage|p2a: Joao|12/100 tox|[from] psn
|upkeep
|turn|21
|
|t:|1776133171
|move|p2a: Joao|Gunk Shot|p1a: Lapras|[miss]
|-miss|p2a: Joao|p1a: Lapras
|move|p1a: Lapras|Ancient Power|p2a: Joao
|-damage|p2a: Joao|0 fnt
|faint|p2a: Joao
|
|upkeep
|
|t:|1776133179
|switch|p2a: Garfiel|Hitmontop, M|38/100
|turn|22
|
|t:|1776133190
|move|p2a: Garfiel|Fake Out|p1a: Lapras
|-crit|p1a: Lapras
|-damage|p1a: Lapras|73/100
|cant|p1a: Lapras|flinch
|
|upkeep
|turn|23
|
|t:|1776133193
|move|p2a: Garfiel|Mach Punch|p1a: Lapras
|-supereffective|p1a: Lapras
|-damage|p1a: Lapras|21/100
|move|p1a: Lapras|Surf|p2a: Garfiel
|-damage|p2a: Garfiel|0 fnt
|faint|p2a: Garfiel
|
|-sideend|p2: kjojon|Reflect
|upkeep
|
|t:|1776133199
|switch|p2a: R-Pyrite|Necrozma, shiny|100/100
|turn|24
|
|t:|1776133212
|move|p2a: R-Pyrite|Brick Break|p1a: Lapras
|-supereffective|p1a: Lapras
|-damage|p1a: Lapras|0 fnt
|faint|p1a: Lapras
|
|upkeep
|
|t:|1776133231
|switch|p1a: Tsareena|Tsareena, F|100/100
|turn|25
|
|t:|1776133235
|move|p1a: Tsareena|Triple Axel|p2a: R-Pyrite
|-damage|p2a: R-Pyrite|93/100
|-hitcount|p2a: R-Pyrite|1
|move|p2a: R-Pyrite|Dragon Dance|p2a: R-Pyrite
|-boost|p2a: R-Pyrite|atk|1
|-boost|p2a: R-Pyrite|spe|1
|
|upkeep
|turn|26
|
|t:|1776133246
|move|p2a: R-Pyrite|Dragon Dance|p2a: R-Pyrite
|-boost|p2a: R-Pyrite|atk|1
|-boost|p2a: R-Pyrite|spe|1
|move|p1a: Tsareena|Triple Axel|p2a: R-Pyrite
|-damage|p2a: R-Pyrite|87/100
|-damage|p2a: R-Pyrite|74/100
|-damage|p2a: R-Pyrite|54/100
|-hitcount|p2a: R-Pyrite|3
|
|upkeep
|turn|27
|
|t:|1776133254
|move|p2a: R-Pyrite|Photon Geyser|p1a: Tsareena
|-damage|p1a: Tsareena|0 fnt
|faint|p1a: Tsareena
|
|upkeep
|
|t:|1776133262
|switch|p1a: Salazzle|Salazzle, F|100/100
|turn|28
|
|t:|1776133265
|move|p2a: R-Pyrite|Photon Geyser|p1a: Salazzle
|-supereffective|p1a: Salazzle
|-damage|p1a: Salazzle|0 fnt
|faint|p1a: Salazzle
|
|upkeep
|c|☆kjojon|gg's
|-message|Afiyah forfeited.
|
|win|kjojon
|raw|Afiyah's rating: 1113 &rarr; <strong>1090</strong><br />(-23 for losing)
|raw|kjojon's rating: 1140 &rarr; <strong>1163</strong><br />(+23 for winning)
|l|☆Afiyah
|player|p1|
