|html|<div class="broadcast-blue"><strong>[Gen 9] OU is currently suspecting Tera Blast! For information on how to participate check out the <a href="https://www.smogon.com/tools/suspects/view/200">suspect thread</a>.</strong></div>
|j|☆jjahsh
|j|☆asurai
|t:|1776053677
|gametype|singles
|player|p1|jjahsh|169|1079
|player|p2|asurai|volkner|1086
|gen|9
|tier|[Gen 9] OU
|rated|
|rule|HP Percentage Mod: HP is shown in percentages
|rule|Endless Battle Clause: Forcing endless battles is banned
|rule|Species Clause: Limit one of each Pokémon
|rule|OHKO Clause: OHKO moves are banned
|rule|Evasion Items Clause: Evasion items are banned
|rule|Evasion Moves Clause: Evasion moves are banned
|rule|Evasion Abilities Clause: Evasion abilities are banned
|rule|Sleep Moves Clause: Sleep-inducing moves are banned
|clearpoke
|poke|p1|Heatran, M|
|poke|p1|Dondozo, F|
|poke|p1|Garganacl, M|
|poke|p1|Landorus-Therian, M|
|poke|p1|Corviknight, F|
|poke|p1|Ogerpon-Wellspring, F|
|poke|p2|Zamazenta-*|
|poke|p2|Orthworm, F|
|poke|p2|Toxapex, M|
|poke|p2|Iron Valiant|
|poke|p2|Alomomola, M|
|poke|p2|Whimsicott, F|
|teampreview
|
|t:|1776053687
|teamsize|p1|6
|teamsize|p2|6
|start
|switch|p1a: Landorus|Landorus-Therian, M|100/100
|switch|p2a: Orthworm|Orthworm, F|100/100
|-ability|p1a: Landorus|Intimidate|boost
|-unboost|p2a: Orthworm|atk|1
|turn|1
|
|t:|1776053702
|move|p1a: Landorus|Brick Break|p2a: Orthworm
|-supereffective|p2a: Orthworm
|-damage|p2a: Orthworm|51/100
|-damage|p1a: Landorus|90/100|[from] item: Life Orb
|move|p2a: Orthworm|Stealth Rock|p1a: Landorus
|-sidestart|p1: jjahsh|move: Stealth Rock
|
|upkeep
|turn|2
|
|t:|1776053718
|move|p1a: Landorus|Brick Break|p2a: Orthworm
|-supereffective|p2a: Orthworm
|-damage|p2a: Orthworm|2/100
|-damage|p1a: Landorus|80/100|[from] item: Life Orb
|move|p2a: Orthworm|Body Press|p1a: Landorus
|-resisted|p1a: Landorus
|-damage|p1a: Landorus|60/100
|-damage|p2a: Orthworm|0 fnt|[from] item: Life Orb
|faint|p2a: Orthworm
|
|upkeep
|
|t:|1776053736
|switch|p2a: Iron Valiant|Iron Valiant|100/100
|-enditem|p2a: Iron Valiant|Booster Energy
|-activate|p2a: Iron Valiant|ability: Quark Drive|[fromitem]
|-start|p2a: Iron Valiant|quarkdrivespe
|turn|3
|
|t:|1776053750
|move|p2a: Iron Valiant|Moonblast|p1a: Landorus
|-damage|p1a: Landorus|0 fnt
|faint|p1a: Landorus
|
|upkeep
|
|t:|1776053762
|switch|p1a: Ogerpon|Ogerpon-Wellspring, F|100/100
|-damage|p1a: Ogerpon|88/100|[from] Stealth Rock
|turn|4
|
|t:|1776053786
|move|p1a: Ogerpon|Spiky Shield|p1a: Ogerpon
|-singleturn|p1a: Ogerpon|move: Protect
|move|p2a: Iron Valiant|Moonblast|p1a: Ogerpon
|-activate|p1a: Ogerpon|move: Protect
|
|upkeep
|turn|5
|
|t:|1776053795
|move|p2a: Iron Valiant|Encore|p1a: Ogerpon
|-start|p1a: Ogerpon|Encore
|move|p1a: Ogerpon|Spiky Shield||[still]
|-fail|p1a: Ogerpon
|
|upkeep
|turn|6
|
|t:|1776053804
|switch|p1a: Garganacl|Garganacl, M|100/100
|-damage|p1a: Garganacl|88/100|[from] Stealth Rock
|move|p2a: Iron Valiant|Moonblast|p1a: Garganacl
|-damage|p1a: Garganacl|43/100
|-unboost|p1a: Garganacl|spa|1
|
|-heal|p1a: Garganacl|49/100|[from] item: Leftovers
|upkeep
|turn|7
|
|t:|1776053817
|move|p2a: Iron Valiant|Close Combat|p1a: Garganacl
|-supereffective|p1a: Garganacl
|-damage|p1a: Garganacl|0 fnt
|-unboost|p2a: Iron Valiant|def|1
|-unboost|p2a: Iron Valiant|spd|1
|faint|p1a: Garganacl
|
|upkeep
|
|t:|1776053824
|switch|p1a: Ogerpon|Ogerpon-Wellspring, F|88/100
|-damage|p1a: Ogerpon|76/100|[from] Stealth Rock
|turn|8
|
|t:|1776053833
|move|p2a: Iron Valiant|Moonblast|p1a: Ogerpon
|-damage|p1a: Ogerpon|24/100
|move|p1a: Ogerpon|Leech Seed|p2a: Iron Valiant|[miss]
|-miss|p1a: Ogerpon|p2a: Iron Valiant
|
|upkeep
|turn|9
|
|t:|1776053844
|move|p1a: Ogerpon|Spiky Shield|p1a: Ogerpon
|-singleturn|p1a: Ogerpon|move: Protect
|move|p2a: Iron Valiant|Moonblast|p1a: Ogerpon
|-activate|p1a: Ogerpon|move: Protect
|
|upkeep
|turn|10
|
|t:|1776053853
|switch|p1a: Corviknight|Corviknight, F|100/100
|-damage|p1a: Corviknight|88/100|[from] Stealth Rock
|move|p2a: Iron Valiant|Moonblast|p1a: Corviknight
|-resisted|p1a: Corviknight
|-damage|p1a: Corviknight|67/100
|
|-heal|p1a: Corviknight|74/100|[from] item: Leftovers
|upkeep
|turn|11
|
|t:|1776053868
|move|p2a: Iron Valiant|Thunderbolt|p1a: Corviknight
|-supereffective|p1a: Corviknight
|-damage|p1a: Corviknight|22/100
|move|p1a: Corviknight|Iron Defense|p1a: Corviknight
|-boost|p1a: Corviknight|def|2
|
|-heal|p1a: Corviknight|28/100|[from] item: Leftovers
|upkeep
|turn|12
|-message|jjahsh forfeited.
|
|win|asurai
|raw|jjahsh's rating: 1079 &rarr; <strong>1058</strong><br />(-21 for losing)
|raw|asurai's rating: 1086 &rarr; <strong>1113</strong><br />(+27 for winning)
|l|☆jjahsh
|player|p1|
|l|☆asurai
|player|p2|
