|html|<div class="broadcast-blue"><strong>[Gen 9] OU is currently suspecting Tera Blast! For information on how to participate check out the <a href="https://www.smogon.com/tools/suspects/view/200">suspect thread</a>.</strong></div>
|j|☆toucan1997
|j|☆hat_fm
|t:|1776301696
|gametype|singles
|player|p1|toucan1997|1|
|player|p2|hat_fm|169|
|gen|9
|tier|[Gen 9] OU
|rule|HP Percentage Mod: HP is shown in percentages
|rule|Endless Battle Clause: Forcing endless battles is banned
|rule|Species Clause: Limit one of each Pokémon
|rule|OHKO Clause: OHKO moves are banned
|rule|Evasion Items Clause: Evasion items are banned
|rule|Evasion Moves Clause: Evasion moves are banned
|rule|Evasion Abilities Clause: Evasion abilities are banned
|rule|Sleep Moves Clause: Sleep-inducing moves are banned
|clearpoke
|poke|p1|Walking Wake|
|poke|p1|Pecharunt|
|poke|p1|Excadrill, F|
|poke|p1|Mandibuzz, F|
|poke|p1|Ninetales, F|
|poke|p1|Venusaur, F|
|poke|p2|Zamazenta-*|
|poke|p2|Ceruledge, M|
|poke|p2|Scizor, F|
|poke|p2|Donphan, F|
|poke|p2|Lycanroc-Dusk, F|
|poke|p2|Florges, F|
|teampreview
|
|t:|1776301714
|teamsize|p1|6
|teamsize|p2|6
|start
|switch|p1a: Mandibuzz|Mandibuzz, F|100/100
|switch|p2a: Donphan|Donphan, F|100/100
|turn|1
|
|t:|1776301745
|move|p1a: Mandibuzz|U-turn|p2a: Donphan
|-damage|p2a: Donphan|93/100
|-damage|p1a: Mandibuzz|84/100|[from] item: Rocky Helmet|[of] p2a: Donphan
|
|t:|1776301749
|switch|p1a: Venusaur|Venusaur, F|100/100|[from] U-turn
|move|p2a: Donphan|Knock Off|p1a: Venusaur
|-damage|p1a: Venusaur|66/100
|-enditem|p1a: Venusaur|Assault Vest|[from] move: Knock Off|[of] p2a: Donphan
|
|upkeep
|turn|2
|
|t:|1776301788
|switch|p2a: Ceruledge|Ceruledge, M|100/100
|move|p1a: Venusaur|Giga Drain|p2a: Ceruledge
|-resisted|p2a: Ceruledge
|-damage|p2a: Ceruledge|80/100
|-heal|p1a: Venusaur|76/100|[from] drain|[of] p2a: Ceruledge
|
|upkeep
|turn|3
|
|t:|1776301806
|switch|p1a: Walking Wake|Walking Wake|100/100
|move|p2a: Ceruledge|Bitter Blade|p1a: Walking Wake
|-resisted|p1a: Walking Wake
|-damage|p1a: Walking Wake|89/100
|-heal|p2a: Ceruledge|87/100|[from] drain|[of] p1a: Walking Wake
|
|upkeep
|turn|4
|
|t:|1776301825
|switch|p2a: Florges|Florges, F|100/100
|move|p1a: Walking Wake|Hydro Steam|p2a: Florges
|-damage|p2a: Florges|61/100
|
|-heal|p2a: Florges|67/100|[from] item: Leftovers
|upkeep
|turn|5
|
|t:|1776301841
|-end|p1a: Walking Wake|Protosynthesis|[silent]
|switch|p1a: Venusaur|Venusaur, F|76/100
|move|p2a: Florges|Psychic Noise|p1a: Venusaur
|-supereffective|p1a: Venusaur
|-damage|p1a: Venusaur|20/100
|-start|p1a: Venusaur|move: Heal Block
|
|-heal|p2a: Florges|73/100|[from] item: Leftovers
|upkeep
|turn|6
|
|t:|1776301896
|switch|p2a: Scizor|Scizor, F|100/100
|move|p1a: Venusaur|Sludge Bomb|p2a: Scizor
|-immune|p2a: Scizor
|
|-end|p1a: Venusaur|move: Heal Block
|upkeep
|turn|7
|
|t:|1776301912
|switch|p1a: Excadrill|Excadrill, F|100/100
|-ability|p1a: Excadrill|Mold Breaker
|move|p2a: Scizor|Knock Off|p1a: Excadrill
|-damage|p1a: Excadrill|32/100
|-enditem|p1a: Excadrill|Choice Scarf|[from] move: Knock Off|[of] p2a: Scizor
|-damage|p2a: Scizor|91/100|[from] item: Life Orb
|
|upkeep
|turn|8
|
|t:|1776301940
|move|p1a: Excadrill|Stealth Rock|p2a: Scizor
|-sidestart|p2: hat_fm|move: Stealth Rock
|move|p2a: Scizor|Knock Off|p1a: Excadrill
|-damage|p1a: Excadrill|0 fnt
|faint|p1a: Excadrill
|-damage|p2a: Scizor|81/100|[from] item: Life Orb
|
|upkeep
|
|t:|1776301948
|switch|p1a: Ninetales|Ninetales, F|100/100
|-weather|SunnyDay|[from] ability: Drought|[of] p1a: Ninetales
|turn|9
|
|t:|1776301973
|switch|p1a: Walking Wake|Walking Wake|89/100
|-activate|p1a: Walking Wake|ability: Protosynthesis
|-start|p1a: Walking Wake|protosynthesisspe
|switch|p2a: Lycanroc|Lycanroc-Dusk, F|100/100
|-damage|p2a: Lycanroc|88/100|[from] Stealth Rock
|
|-weather|SunnyDay|[upkeep]
|upkeep
|turn|10
|
|t:|1776301988
|move|p2a: Lycanroc|Accelerock|p1a: Walking Wake
|-damage|p1a: Walking Wake|46/100
|-damage|p2a: Lycanroc|78/100|[from] item: Life Orb
|move|p1a: Walking Wake|Hydro Steam|p2a: Lycanroc
|-supereffective|p2a: Lycanroc
|-damage|p2a: Lycanroc|0 fnt
|faint|p2a: Lycanroc
|
|-weather|SunnyDay|[upkeep]
|upkeep
|
|t:|1776301997
|switch|p2a: Florges|Florges, F|73/100
|-damage|p2a: Florges|61/100|[from] Stealth Rock
|turn|11
|
|t:|1776302009
|-terastallize|p1a: Walking Wake|Stellar
|-terastallize|p2a: Florges|Grass
|move|p1a: Walking Wake|Hydro Steam|p2a: Florges
|-resisted|p2a: Florges
|-damage|p2a: Florges|20/100
|move|p2a: Florges|Giga Drain|p1a: Walking Wake
|-damage|p1a: Walking Wake|0 fnt
|-heal|p2a: Florges|44/100|[from] drain|[of] p1a: Walking Wake
|faint|p1a: Walking Wake
|-end|p1a: Walking Wake|Protosynthesis|[silent]
|
|-weather|SunnyDay|[upkeep]
|-heal|p2a: Florges|50/100|[from] item: Leftovers
|upkeep
|
|t:|1776302021
|switch|p1a: Venusaur|Venusaur, F|20/100
|turn|12
|
|t:|1776302054
|switch|p1a: Ninetales|Ninetales, F|100/100
|move|p2a: Florges|Psychic Noise|p1a: Ninetales
|-damage|p1a: Ninetales|78/100
|-start|p1a: Ninetales|move: Heal Block
|
|-weather|SunnyDay|[upkeep]
|-heal|p2a: Florges|56/100|[from] item: Leftovers
|upkeep
|turn|13
|
|t:|1776302070
|switch|p2a: Donphan|Donphan, F|93/100
|-damage|p2a: Donphan|87/100|[from] Stealth Rock
|move|p1a: Ninetales|Weather Ball|p2a: Donphan
|-damage|p2a: Donphan|26/100
|
|-weather|SunnyDay|[upkeep]
|-end|p1a: Ninetales|move: Heal Block
|upkeep
|turn|14
|
|t:|1776302092
|move|p1a: Ninetales|Weather Ball|p2a: Donphan
|-damage|p2a: Donphan|0 fnt
|faint|p2a: Donphan
|
|-weather|SunnyDay|[upkeep]
|upkeep
|
|t:|1776302112
|switch|p2a: Ceruledge|Ceruledge, M|87/100
|-damage|p2a: Ceruledge|62/100|[from] Stealth Rock
|turn|15
|
|t:|1776302130
|move|p1a: Ninetales|Healing Wish|p1a: Ninetales
|faint|p1a: Ninetales
|move|p2a: Ceruledge|Swords Dance|p2a: Ceruledge
|-boost|p2a: Ceruledge|atk|2
|
|-weather|SunnyDay|[upkeep]
|upkeep
|
|t:|1776302136
|switch|p1a: Venusaur|Venusaur, F|20/100
|-heal|p1a: Venusaur|100/100|[from] move: Healing Wish
|turn|16
|
|t:|1776302163
|move|p2a: Ceruledge|Shadow Sneak|p1a: Venusaur
|-damage|p1a: Venusaur|49/100
|move|p1a: Venusaur|Earth Power|p2a: Ceruledge
|-supereffective|p2a: Ceruledge
|-damage|p2a: Ceruledge|0 fnt
|faint|p2a: Ceruledge
|
|-weather|none
|upkeep
|
|t:|1776302179
|switch|p2a: Scizor|Scizor, F|81/100
|-damage|p2a: Scizor|68/100|[from] Stealth Rock
|turn|17
|
|t:|1776302189
|move|p1a: Venusaur|Earth Power|p2a: Scizor
|-damage|p2a: Scizor|34/100
|move|p2a: Scizor|Swords Dance|p2a: Scizor
|-boost|p2a: Scizor|atk|2
|
|upkeep
|turn|18
|
|t:|1776302200
|move|p2a: Scizor|Bullet Punch|p1a: Venusaur
|-damage|p1a: Venusaur|0 fnt
|faint|p1a: Venusaur
|-damage|p2a: Scizor|24/100|[from] item: Life Orb
|
|upkeep
|
|t:|1776302205
|switch|p1a: Pecharunt|Pecharunt|100/100
|turn|19
|
|t:|1776302217
|move|p2a: Scizor|Bullet Punch|p1a: Pecharunt
|-damage|p1a: Pecharunt|59/100
|-damage|p2a: Scizor|7/100|[from] item: Rocky Helmet|[of] p1a: Pecharunt
|-damage|p2a: Scizor|0 fnt|[from] item: Life Orb
|faint|p2a: Scizor
|move|p1a: Pecharunt|Hex|p2: Scizor|[notarget]
|-fail|p1a: Pecharunt
|
|upkeep
|
|t:|1776302237
|switch|p2a: Florges|Florges, F, tera:Grass|56/100
|-damage|p2a: Florges|43/100|[from] Stealth Rock
|turn|20
|
|t:|1776302247
|move|p1a: Pecharunt|Recover|p1a: Pecharunt
|-heal|p1a: Pecharunt|100/100
|move|p2a: Florges|Psychic Noise|p1a: Pecharunt
|-supereffective|p1a: Pecharunt
|-damage|p1a: Pecharunt|53/100
|-start|p1a: Pecharunt|move: Heal Block
|
|-heal|p2a: Florges|49/100|[from] item: Leftovers
|upkeep
|turn|21
|
|t:|1776302263
|move|p1a: Pecharunt|Parting Shot|p2a: Florges
|-block|p2a: Florges|ability: Flower Veil|[of] p2a: Florges
|move|p2a: Florges|Psychic Noise|p1a: Pecharunt
|-supereffective|p1a: Pecharunt
|-damage|p1a: Pecharunt|9/100
|
|-heal|p2a: Florges|56/100|[from] item: Leftovers
|-end|p1a: Pecharunt|move: Heal Block
|upkeep
|turn|22
|
|t:|1776302288
|move|p1a: Pecharunt|Recover|p1a: Pecharunt
|-heal|p1a: Pecharunt|59/100
|move|p2a: Florges|Psychic Noise|p1a: Pecharunt
|-supereffective|p1a: Pecharunt
|-damage|p1a: Pecharunt|13/100
|-start|p1a: Pecharunt|move: Heal Block
|
|-heal|p2a: Florges|62/100|[from] item: Leftovers
|upkeep
|turn|23
|
|t:|1776302300
|switch|p1a: Mandibuzz|Mandibuzz, F|84/100
|move|p2a: Florges|Moonblast|p1a: Mandibuzz
|-supereffective|p1a: Mandibuzz
|-damage|p1a: Mandibuzz|23/100
|
|-heal|p2a: Florges|68/100|[from] item: Leftovers
|upkeep
|turn|24
|
|t:|1776302310
|move|p1a: Mandibuzz|U-turn|p2a: Florges
|-supereffective|p2a: Florges
|-damage|p2a: Florges|40/100
|
|t:|1776302313
|switch|p1a: Pecharunt|Pecharunt|13/100|[from] U-turn
|move|p2a: Florges|Moonblast|p1a: Pecharunt
|-resisted|p1a: Pecharunt
|-damage|p1a: Pecharunt|0 fnt
|faint|p1a: Pecharunt
|
|-heal|p2a: Florges|46/100|[from] item: Leftovers
|upkeep
|
|t:|1776302321
|switch|p1a: Mandibuzz|Mandibuzz, F|23/100
|turn|25
|
|t:|1776302326
|move|p1a: Mandibuzz|Roost|p1a: Mandibuzz
|-heal|p1a: Mandibuzz|73/100
|-singleturn|p1a: Mandibuzz|move: Roost
|move|p2a: Florges|Moonblast|p1a: Mandibuzz
|-supereffective|p1a: Mandibuzz
|-damage|p1a: Mandibuzz|12/100
|-unboost|p1a: Mandibuzz|spa|1
|
|-heal|p2a: Florges|52/100|[from] item: Leftovers
|upkeep
|turn|26
|
|t:|1776302339
|move|p1a: Mandibuzz|Knock Off|p2a: Florges
|-damage|p2a: Florges|21/100
|-enditem|p2a: Florges|Leftovers|[from] move: Knock Off|[of] p1a: Mandibuzz
|move|p2a: Florges|Moonblast|p1a: Mandibuzz
|-supereffective|p1a: Mandibuzz
|-damage|p1a: Mandibuzz|0 fnt
|faint|p1a: Mandibuzz
|
|win|hat_fm
|l|☆toucan1997
|player|p1|
