|html|<div class="broadcast-blue"><strong>[Gen 9] OU is currently suspecting Tera Blast! For information on how to participate check out the <a href="https://www.smogon.com/tools/suspects/view/200">suspect thread</a>.</strong></div>
|j|☆Tibz64
|j|☆unknownartist720
|t:|1776073292
|gametype|singles
|player|p1|Tibz64|1|1079
|player|p2|unknownartist720|1|1069
|gen|9
|tier|[Gen 9] OU
|rated|
|rule|HP Percentage Mod: HP is shown in percentages
|rule|Endless Battle Clause: Forcing endless battles is banned
|rule|Species Clause: Limit one of each Pokémon
|rule|OHKO Clause: OHKO moves are banned
|rule|Evasion Items Clause: Evasion items are banned
|rule|Evasion Moves Clause: Evasion moves are banned
|rule|Evasion Abilities Clause: Evasion abilities are banned
|rule|Sleep Moves Clause: Sleep-inducing moves are banned
|clearpoke
|poke|p1|Iron Treads|
|poke|p1|Gyarados, M|
|poke|p1|Cinderace, M|
|poke|p1|Kyurem|
|poke|p1|Iron Valiant|
|poke|p1|Dragapult, M|
|poke|p2|Hoopa-Unbound|
|poke|p2|Masquerain, M|
|poke|p2|Primeape, F|
|poke|p2|Whiscash, F|
|poke|p2|Electrode|
|poke|p2|Hypno, F|
|teampreview
|
|t:|1776073297
|teamsize|p1|6
|teamsize|p2|6
|start
|switch|p1a: Iron Treads|Iron Treads, shiny|100/100
|switch|p2a: FuriousG|Primeape, F|100/100
|-enditem|p1a: Iron Treads|Booster Energy
|-activate|p1a: Iron Treads|ability: Quark Drive|[fromitem]
|-start|p1a: Iron Treads|quarkdrivespe
|turn|1
|
|t:|1776073303
|move|p1a: Iron Treads|Stealth Rock|p2a: FuriousG
|-sidestart|p2: unknownartist720|move: Stealth Rock
|move|p2a: FuriousG|Taunt|p1a: Iron Treads
|-start|p1a: Iron Treads|move: Taunt
|
|upkeep
|turn|2
|
|t:|1776073310
|-end|p1a: Iron Treads|Quark Drive|[silent]
|switch|p1a: Iron Valiant|Iron Valiant, shiny|100/100
|-enditem|p1a: Iron Valiant|Booster Energy
|-activate|p1a: Iron Valiant|ability: Quark Drive|[fromitem]
|-start|p1a: Iron Valiant|quarkdrivespe
|move|p2a: FuriousG|Bulk Up|p2a: FuriousG
|-boost|p2a: FuriousG|atk|1
|-boost|p2a: FuriousG|def|1
|
|upkeep
|turn|3
|
|t:|1776073321
|move|p1a: Iron Valiant|Moonblast|p2a: FuriousG
|-supereffective|p2a: FuriousG
|-damage|p2a: FuriousG|41/100
|move|p2a: FuriousG|Bulk Up|p2a: FuriousG
|-boost|p2a: FuriousG|atk|1
|-boost|p2a: FuriousG|def|1
|
|upkeep
|turn|4
|
|t:|1776073332
|-terastallize|p2a: FuriousG|Ghost
|move|p1a: Iron Valiant|Moonblast|p2a: FuriousG
|-damage|p2a: FuriousG|14/100
|move|p2a: FuriousG|Rage Fist|p1a: Iron Valiant
|-damage|p1a: Iron Valiant|0 fnt
|faint|p1a: Iron Valiant
|-end|p1a: Iron Valiant|Quark Drive|[silent]
|
|upkeep
|
|t:|1776073342
|switch|p1a: Gyarados|Gyarados, M, shiny|100/100
|-ability|p1a: Gyarados|Intimidate|boost
|-unboost|p2a: FuriousG|atk|1
|-ability|p2a: FuriousG|Defiant|boost
|-boost|p2a: FuriousG|atk|2
|turn|5
|
|t:|1776073347
|move|p1a: Gyarados|Crunch|p2a: FuriousG
|-supereffective|p2a: FuriousG
|-damage|p2a: FuriousG|0 fnt
|faint|p2a: FuriousG
|
|upkeep
|
|t:|1776073352
|switch|p2a: Triangle|Electrode|100/100
|-damage|p2a: Triangle|88/100|[from] Stealth Rock
|turn|6
|
|t:|1776073358
|switch|p2a: Pinhead|Masquerain, M|100/100
|-damage|p2a: Pinhead|51/100|[from] Stealth Rock
|-ability|p2a: Pinhead|Intimidate|boost
|-unboost|p1a: Gyarados|atk|1
|move|p1a: Gyarados|Earthquake|p2a: Pinhead
|-immune|p2a: Pinhead
|
|upkeep
|turn|7
|
|t:|1776073369
|move|p1a: Gyarados|Dragon Dance|p1a: Gyarados
|-boost|p1a: Gyarados|atk|1
|-boost|p1a: Gyarados|spe|1
|move|p2a: Pinhead|Sticky Web|p1a: Gyarados
|-sidestart|p1: Tibz64|move: Sticky Web
|
|upkeep
|turn|8
|
|t:|1776073374
|move|p1a: Gyarados|Dragon Dance|p1a: Gyarados
|-boost|p1a: Gyarados|atk|1
|-boost|p1a: Gyarados|spe|1
|move|p2a: Pinhead|Air Slash|p1a: Gyarados|[miss]
|-miss|p2a: Pinhead|p1a: Gyarados
|
|upkeep
|turn|9
|
|t:|1776073382
|move|p1a: Gyarados|Crunch|p2a: Pinhead
|-damage|p2a: Pinhead|0 fnt
|faint|p2a: Pinhead
|
|upkeep
|
|t:|1776073385
|switch|p2a: Triangle|Electrode|88/100
|-damage|p2a: Triangle|76/100|[from] Stealth Rock
|turn|10
|
|t:|1776073392
|move|p1a: Gyarados|Earthquake|p2a: Triangle
|-supereffective|p2a: Triangle
|-damage|p2a: Triangle|0 fnt
|faint|p2a: Triangle
|
|upkeep
|
|t:|1776073399
|switch|p2a: Wario|Whiscash, F|100/100
|-damage|p2a: Wario|94/100|[from] Stealth Rock
|turn|11
|
|t:|1776073409
|move|p1a: Gyarados|Earthquake|p2a: Wario
|-damage|p2a: Wario|35/100
|move|p2a: Wario|Liquidation|p1a: Gyarados
|-resisted|p1a: Gyarados
|-damage|p1a: Gyarados|84/100
|
|-heal|p1a: Gyarados|90/100|[from] item: Leftovers
|-heal|p2a: Wario|41/100|[from] item: Leftovers
|upkeep
|turn|12
|-message|unknownartist720 forfeited.
|
|win|Tibz64
|raw|Tibz64's rating: 1079 &rarr; <strong>1106</strong><br />(+27 for winning)
|raw|unknownartist720's rating: 1069 &rarr; <strong>1049</strong><br />(-20 for losing)
|l|☆unknownartist720
|player|p2|
|l|☆Tibz64
|player|p1|
