|html|<div class="broadcast-blue"><strong>[Gen 9] OU is currently suspecting Tera Blast! For information on how to participate check out the <a href="https://www.smogon.com/tools/suspects/view/200">suspect thread</a>.</strong></div>
|j|☆skolem
|j|☆BlueEmperor
|t:|1776075568
|gametype|singles
|player|p1|skolem|maylene|1393
|player|p2|BlueEmperor|1|1363
|gen|9
|tier|[Gen 9] OU
|rated|
|rule|HP Percentage Mod: HP is shown in percentages
|rule|Endless Battle Clause: Forcing endless battles is banned
|rule|Species Clause: Limit one of each Pokémon
|rule|OHKO Clause: OHKO moves are banned
|rule|Evasion Items Clause: Evasion items are banned
|rule|Evasion Moves Clause: Evasion moves are banned
|rule|Evasion Abilities Clause: Evasion abilities are banned
|rule|Sleep Moves Clause: Sleep-inducing moves are banned
|clearpoke
|poke|p1|Salazzle, F|
|poke|p1|Torkoal, M|
|poke|p1|Hatterene, F|
|poke|p1|Walking Wake|
|poke|p1|Kingambit, M|
|poke|p1|Lilligant-Hisui, F|
|poke|p2|Dragapult, F|
|poke|p2|Alomomola, F|
|poke|p2|Ting-Lu|
|poke|p2|Kyurem|
|poke|p2|Weezing-Galar, F|
|poke|p2|Corviknight, F|
|teampreview
|inactive|Battle timer is ON: inactive players will automatically lose when time's up. (requested by BlueEmperor)
|
|t:|1776075593
|teamsize|p1|6
|teamsize|p2|6
|start
|switch|p1a: Lilligant|Lilligant-Hisui, F, shiny|100/100
|switch|p2a: Ting-Lu|Ting-Lu|100/100
|-ability|p2a: Ting-Lu|Vessel of Ruin
|turn|1
|
|t:|1776075600
|switch|p2a: Weezing|Weezing-Galar, F|100/100
|-ability|p2a: Weezing|Neutralizing Gas
|move|p1a: Lilligant|Close Combat|p2a: Weezing
|-resisted|p2a: Weezing
|-damage|p2a: Weezing|90/100
|-unboost|p1a: Lilligant|def|1
|-unboost|p1a: Lilligant|spd|1
|
|-heal|p2a: Weezing|96/100|[from] item: Leftovers
|upkeep
|turn|2
|
|t:|1776075613
|switch|p1a: Torkoal|Torkoal, M, shiny|100/100
|move|p2a: Weezing|Toxic|p1a: Torkoal
|-status|p1a: Torkoal|tox
|
|-heal|p2a: Weezing|100/100|[from] item: Leftovers
|-damage|p1a: Torkoal|94/100 tox|[from] psn
|upkeep
|turn|3
|
|t:|1776075622
|move|p2a: Weezing|Protect|p2a: Weezing
|-singleturn|p2a: Weezing|Protect
|move|p1a: Torkoal|Stealth Rock|p2a: Weezing
|-sidestart|p2: BlueEmperor|move: Stealth Rock
|
|-damage|p1a: Torkoal|82/100 tox|[from] psn
|upkeep
|turn|4
|
|t:|1776075626
|move|p2a: Weezing|Defog|p1a: Torkoal
|-unboost|p1a: Torkoal|evasion|1
|-sideend|p2: BlueEmperor|Stealth Rock|[from] move: Defog|[of] p2a: Weezing
|move|p1a: Torkoal|Earth Power|p2a: Weezing
|-supereffective|p2a: Weezing
|-damage|p2a: Weezing|51/100
|
|-heal|p2a: Weezing|57/100|[from] item: Leftovers
|-damage|p1a: Torkoal|64/100 tox|[from] psn
|upkeep
|turn|5
|
|t:|1776075634
|switch|p1a: Walking Wake|Walking Wake|100/100
|move|p2a: Weezing|Protect||[still]
|-fail|p2a: Weezing
|
|-heal|p2a: Weezing|63/100|[from] item: Leftovers
|upkeep
|turn|6
|
|t:|1776075650
|-end|p2a: Weezing|ability: Neutralizing Gas
|switch|p2a: Corviknight|Corviknight, F|100/100
|-ability|p2a: Corviknight|Pressure
|move|p1a: Walking Wake|Hydro Steam|p2a: Corviknight
|-damage|p2a: Corviknight|57/100
|
|-heal|p2a: Corviknight|63/100|[from] item: Leftovers
|upkeep
|turn|7
|
|t:|1776075662
|-end|p1a: Walking Wake|Protosynthesis|[silent]
|switch|p1a: Torkoal|Torkoal, M, shiny|64/100 tox
|-weather|SunnyDay|[from] ability: Drought|[of] p1a: Torkoal
|move|p2a: Corviknight|Brave Bird|p1a: Torkoal
|-damage|p1a: Torkoal|40/100 tox
|-damage|p2a: Corviknight|56/100|[from] Recoil
|
|-weather|SunnyDay|[upkeep]
|-heal|p2a: Corviknight|63/100|[from] item: Leftovers
|-damage|p1a: Torkoal|34/100 tox|[from] psn
|upkeep
|turn|8
|
|t:|1776075671
|switch|p2a: Fogbound Lake|Alomomola, F|100/100
|switch|p1a: Walking Wake|Walking Wake|100/100
|-activate|p1a: Walking Wake|ability: Protosynthesis
|-start|p1a: Walking Wake|protosynthesisspe
|
|-weather|SunnyDay|[upkeep]
|upkeep
|turn|9
|
|t:|1776075685
|move|p2a: Fogbound Lake|Protect|p2a: Fogbound Lake
|-singleturn|p2a: Fogbound Lake|Protect
|move|p1a: Walking Wake|Draco Meteor|p2a: Fogbound Lake
|-activate|p2a: Fogbound Lake|move: Protect
|
|-weather|SunnyDay|[upkeep]
|upkeep
|turn|10
|
|t:|1776075697
|-end|p1a: Walking Wake|Protosynthesis|[silent]
|switch|p1a: Kingambit|Kingambit, M, shiny|100/100
|-item|p1a: Kingambit|Air Balloon
|move|p2a: Fogbound Lake|Wish|p2a: Fogbound Lake
|
|-weather|SunnyDay|[upkeep]
|upkeep
|turn|11
|
|t:|1776075705
|move|p1a: Kingambit|Swords Dance|p1a: Kingambit
|-boost|p1a: Kingambit|atk|2
|move|p2a: Fogbound Lake|Flip Turn|p1a: Kingambit
|-damage|p1a: Kingambit|94/100
|-enditem|p1a: Kingambit|Air Balloon
|
|t:|1776075734
|switch|p2a: Tiffany BlueStones|Kyurem, shiny|100/100|[from] Flip Turn
|-ability|p2a: Tiffany BlueStones|Pressure
|
|-weather|SunnyDay|[upkeep]
|upkeep
|turn|12
|
|t:|1776075743
|-terastallize|p1a: Kingambit|Fighting
|move|p2a: Tiffany BlueStones|Earth Power|p1a: Kingambit
|-damage|p1a: Kingambit|56/100
|move|p1a: Kingambit|Low Kick|p2a: Tiffany BlueStones
|-supereffective|p2a: Tiffany BlueStones
|-damage|p2a: Tiffany BlueStones|0 fnt
|faint|p2a: Tiffany BlueStones
|
|-weather|SunnyDay|[upkeep]
|upkeep
|
|t:|1776075757
|switch|p2a: Weezing|Weezing-Galar, F|63/100
|-ability|p2a: Weezing|Neutralizing Gas
|turn|13
|
|t:|1776075765
|move|p2a: Weezing|Protect|p2a: Weezing
|-singleturn|p2a: Weezing|Protect
|move|p1a: Kingambit|Iron Head|p2a: Weezing
|-activate|p2a: Weezing|move: Protect
|
|-weather|SunnyDay|[upkeep]
|-heal|p2a: Weezing|69/100|[from] item: Leftovers
|upkeep
|turn|14
|
|t:|1776075770
|-end|p2a: Weezing|ability: Neutralizing Gas
|switch|p2a: Fogbound Lake|Alomomola, F|100/100
|move|p1a: Kingambit|Iron Head|p2a: Fogbound Lake
|-resisted|p2a: Fogbound Lake
|-crit|p2a: Fogbound Lake
|-damage|p2a: Fogbound Lake|68/100
|-damage|p1a: Kingambit|39/100|[from] item: Rocky Helmet|[of] p2a: Fogbound Lake
|
|-weather|none
|upkeep
|turn|15
|
|t:|1776075779
|move|p1a: Kingambit|Swords Dance|p1a: Kingambit
|-boost|p1a: Kingambit|atk|2
|move|p2a: Fogbound Lake|Wish|p2a: Fogbound Lake
|
|upkeep
|turn|16
|
|t:|1776075785
|-end|p1a: Kingambit|fallenundefined|[silent]
|switch|p1a: Hatterene|Hatterene, F, shiny|100/100
|move|p2a: Fogbound Lake|Tickle|p1a: Hatterene
|move|p1a: Hatterene|Tickle|p2a: Fogbound Lake|[from] ability: Magic Bounce
|-unboost|p2a: Fogbound Lake|atk|1
|-unboost|p2a: Fogbound Lake|def|1
|
|-heal|p2a: Fogbound Lake|100/100|[from] move: Wish|[wisher] Fogbound Lake
|upkeep
|turn|17
|
|t:|1776075794
|switch|p1a: Torkoal|Torkoal, M, shiny|34/100 tox
|-weather|SunnyDay|[from] ability: Drought|[of] p1a: Torkoal
|move|p2a: Fogbound Lake|Flip Turn|p1a: Torkoal
|-supereffective|p1a: Torkoal
|-damage|p1a: Torkoal|26/100 tox
|
|t:|1776075801
|switch|p2a: Weezing|Weezing-Galar, F|69/100|[from] Flip Turn
|-ability|p2a: Weezing|Neutralizing Gas
|
|-weather|SunnyDay|[upkeep]
|-heal|p2a: Weezing|75/100|[from] item: Leftovers
|-damage|p1a: Torkoal|20/100 tox|[from] psn
|upkeep
|turn|18
|
|t:|1776075812
|switch|p1a: Hatterene|Hatterene, F, shiny|100/100
|move|p2a: Weezing|Will-O-Wisp|p1a: Hatterene|[miss]
|-miss|p2a: Weezing|p1a: Hatterene
|
|-weather|SunnyDay|[upkeep]
|-heal|p2a: Weezing|81/100|[from] item: Leftovers
|upkeep
|turn|19
|
|t:|1776075822
|switch|p1a: Salazzle|Salazzle, F, shiny|100/100
|move|p2a: Weezing|Toxic|p1a: Salazzle
|-immune|p1a: Salazzle
|
|-weather|SunnyDay|[upkeep]
|-heal|p2a: Weezing|87/100|[from] item: Leftovers
|upkeep
|turn|20
|
|t:|1776075826
|move|p2a: Weezing|Protect|p2a: Weezing
|-singleturn|p2a: Weezing|Protect
|move|p1a: Salazzle|Overheat|p2a: Weezing
|-activate|p2a: Weezing|move: Protect
|
|-weather|SunnyDay|[upkeep]
|-heal|p2a: Weezing|93/100|[from] item: Leftovers
|upkeep
|turn|21
|
|t:|1776075836
|-end|p2a: Weezing|ability: Neutralizing Gas
|switch|p2a: Ting-Lu|Ting-Lu|100/100
|-ability|p2a: Ting-Lu|Vessel of Ruin
|move|p1a: Salazzle|Sludge Wave|p2a: Ting-Lu
|-resisted|p2a: Ting-Lu
|-damage|p2a: Ting-Lu|88/100
|-damage|p1a: Salazzle|91/100|[from] item: Life Orb
|
|-weather|SunnyDay|[upkeep]
|-heal|p2a: Ting-Lu|95/100|[from] item: Leftovers
|upkeep
|turn|22
|
|t:|1776075847
|move|p1a: Salazzle|Toxic|p2a: Ting-Lu
|-status|p2a: Ting-Lu|tox
|move|p2a: Ting-Lu|Ruination|p1a: Salazzle
|-damage|p1a: Salazzle|46/100
|
|-weather|SunnyDay|[upkeep]
|-heal|p2a: Ting-Lu|100/100 tox|[from] item: Leftovers
|-damage|p2a: Ting-Lu|94/100 tox|[from] psn
|upkeep
|turn|23
|
|t:|1776075857
|switch|p1a: Hatterene|Hatterene, F, shiny|100/100
|move|p2a: Ting-Lu|Stealth Rock|p1a: Hatterene
|move|p1a: Hatterene|Stealth Rock|p2a: Ting-Lu|[from] ability: Magic Bounce
|-sidestart|p2: BlueEmperor|move: Stealth Rock
|
|-weather|SunnyDay|[upkeep]
|-heal|p2a: Ting-Lu|100/100 tox|[from] item: Leftovers
|-damage|p2a: Ting-Lu|88/100 tox|[from] psn
|upkeep
|turn|24
|
|t:|1776075870
|move|p2a: Ting-Lu|Ruination|p1a: Hatterene
|-damage|p1a: Hatterene|51/100
|move|p1a: Hatterene|Dazzling Gleam|p2a: Ting-Lu
|-supereffective|p2a: Ting-Lu
|-damage|p2a: Ting-Lu|48/100 tox
|
|-weather|none
|-heal|p2a: Ting-Lu|54/100 tox|[from] item: Leftovers
|-damage|p2a: Ting-Lu|36/100 tox|[from] psn
|upkeep
|turn|25
|
|t:|1776075876
|switch|p2a: Weezing|Weezing-Galar, F|93/100
|-ability|p2a: Weezing|Neutralizing Gas
|-damage|p2a: Weezing|80/100|[from] Stealth Rock
|move|p1a: Hatterene|Dazzling Gleam|p2a: Weezing
|-resisted|p2a: Weezing
|-damage|p2a: Weezing|50/100
|
|-heal|p2a: Weezing|56/100|[from] item: Leftovers
|upkeep
|turn|26
|
|t:|1776075884
|move|p2a: Weezing|Defog|p1a: Hatterene
|-unboost|p1a: Hatterene|evasion|1
|-sideend|p2: BlueEmperor|Stealth Rock|[from] move: Defog|[of] p2a: Weezing
|move|p1a: Hatterene|Psychic Noise|p2a: Weezing
|-supereffective|p2a: Weezing
|-damage|p2a: Weezing|0 fnt
|faint|p2a: Weezing
|-end|p2a: Weezing|ability: Neutralizing Gas
|
|upkeep
|
|t:|1776075893
|switch|p2a: Moody Blues|Dragapult, F|100/100
|turn|27
|
|t:|1776075901
|-terastallize|p2a: Moody Blues|Ghost
|move|p2a: Moody Blues|Tera Blast|p1a: Hatterene|[anim] Tera Blast Ghost
|-supereffective|p1a: Hatterene
|-damage|p1a: Hatterene|0 fnt
|faint|p1a: Hatterene
|
|upkeep
|
|t:|1776075905
|switch|p1a: Torkoal|Torkoal, M, shiny|20/100 tox
|-weather|SunnyDay|[from] ability: Drought|[of] p1a: Torkoal
|turn|28
|
|t:|1776075910
|switch|p1a: Kingambit|Kingambit, M, shiny, tera:Fighting|39/100
|-activate|p1a: Kingambit|ability: Supreme Overlord
|-start|p1a: Kingambit|fallen1|[silent]
|move|p2a: Moody Blues|Tera Blast|p1a: Kingambit|[anim] Tera Blast Ghost
|-damage|p1a: Kingambit|0 fnt
|faint|p1a: Kingambit
|-end|p1a: Kingambit|fallen1|[silent]
|
|-weather|SunnyDay|[upkeep]
|upkeep
|
|t:|1776075912
|switch|p1a: Walking Wake|Walking Wake|100/100
|-activate|p1a: Walking Wake|ability: Protosynthesis
|-start|p1a: Walking Wake|protosynthesisspe
|turn|29
|
|t:|1776075923
|switch|p2a: Fogbound Lake|Alomomola, F|100/100
|move|p1a: Walking Wake|Flip Turn|p2a: Fogbound Lake
|-resisted|p2a: Fogbound Lake
|-damage|p2a: Fogbound Lake|98/100
|-damage|p1a: Walking Wake|84/100|[from] item: Rocky Helmet|[of] p2a: Fogbound Lake
|
|t:|1776075928
|-end|p1a: Walking Wake|Protosynthesis|[silent]
|switch|p1a: Salazzle|Salazzle, F, shiny|46/100|[from] Flip Turn
|
|-weather|SunnyDay|[upkeep]
|upkeep
|turn|30
|
|t:|1776075936
|move|p1a: Salazzle|Toxic|p2a: Fogbound Lake
|-status|p2a: Fogbound Lake|tox
|move|p2a: Fogbound Lake|Wish|p2a: Fogbound Lake
|
|-weather|SunnyDay|[upkeep]
|-damage|p2a: Fogbound Lake|92/100 tox|[from] psn
|upkeep
|turn|31
|
|t:|1776075941
|move|p1a: Salazzle|Sludge Wave|p2a: Fogbound Lake
|-damage|p2a: Fogbound Lake|31/100 tox
|-damage|p1a: Salazzle|36/100|[from] item: Life Orb
|move|p2a: Fogbound Lake|Flip Turn|p1a: Salazzle
|-supereffective|p1a: Salazzle
|-damage|p1a: Salazzle|8/100
|
|t:|1776075953
|switch|p2a: Moody Blues|Dragapult, F, tera:Ghost|100/100|[from] Flip Turn
|
|-weather|SunnyDay|[upkeep]
|upkeep
|turn|32
|
|t:|1776075961
|move|p2a: Moody Blues|Tera Blast|p1a: Salazzle|[anim] Tera Blast Ghost
|-damage|p1a: Salazzle|0 fnt
|faint|p1a: Salazzle
|
|-weather|SunnyDay|[upkeep]
|upkeep
|
|t:|1776075963
|switch|p1a: Walking Wake|Walking Wake|84/100
|-activate|p1a: Walking Wake|ability: Protosynthesis
|-start|p1a: Walking Wake|protosynthesisspe
|turn|33
|
|t:|1776075968
|switch|p2a: Fogbound Lake|Alomomola, F|65/100 tox
|move|p1a: Walking Wake|Hydro Steam|p2a: Fogbound Lake
|-resisted|p2a: Fogbound Lake
|-damage|p2a: Fogbound Lake|16/100 tox
|
|-weather|SunnyDay|[upkeep]
|-damage|p2a: Fogbound Lake|10/100 tox|[from] psn
|upkeep
|turn|34
|
|t:|1776075973
|switch|p2a: Corviknight|Corviknight, F|63/100
|-ability|p2a: Corviknight|Pressure
|move|p1a: Walking Wake|Hydro Steam|p2a: Corviknight
|-damage|p2a: Corviknight|0 fnt
|faint|p2a: Corviknight
|
|-weather|SunnyDay|[upkeep]
|upkeep
|
|t:|1776075980
|switch|p2a: Fogbound Lake|Alomomola, F|43/100 tox
|turn|35
|
|t:|1776075986
|switch|p2a: Ting-Lu|Ting-Lu|36/100 tox
|-ability|p2a: Ting-Lu|Vessel of Ruin
|move|p1a: Walking Wake|Hydro Steam|p2a: Ting-Lu
|-supereffective|p2a: Ting-Lu
|-damage|p2a: Ting-Lu|0 fnt
|faint|p2a: Ting-Lu
|
|-weather|none
|-end|p1a: Walking Wake|Protosynthesis
|upkeep
|
|t:|1776075993
|switch|p2a: Moody Blues|Dragapult, F, tera:Ghost|100/100
|turn|36
|
|t:|1776076004
|-end|p1a: Walking Wake|Protosynthesis|[silent]
|switch|p1a: Lilligant|Lilligant-Hisui, F, shiny|100/100
|move|p2a: Moody Blues|Dragon Darts|p1a: Lilligant
|-damage|p1a: Lilligant|45/100
|-anim|p2a: Moody Blues|Dragon Darts|p1a: Lilligant
|-damage|p1a: Lilligant|0 fnt
|faint|p1a: Lilligant
|
|upkeep
|
|t:|1776076005
|switch|p1a: Torkoal|Torkoal, M, shiny|20/100 tox
|-weather|SunnyDay|[from] ability: Drought|[of] p1a: Torkoal
|turn|37
|
|t:|1776076013
|move|p2a: Moody Blues|Dragon Darts|p1a: Torkoal
|-damage|p1a: Torkoal|0 fnt
|faint|p1a: Torkoal
|
|-weather|SunnyDay|[upkeep]
|upkeep
|
|t:|1776076015
|switch|p1a: Walking Wake|Walking Wake|84/100
|-activate|p1a: Walking Wake|ability: Protosynthesis
|-start|p1a: Walking Wake|protosynthesisspe
|turn|38
|
|t:|1776076023
|switch|p2a: Fogbound Lake|Alomomola, F|77/100 tox
|move|p1a: Walking Wake|Hydro Steam|p2a: Fogbound Lake
|-resisted|p2a: Fogbound Lake
|-damage|p2a: Fogbound Lake|25/100 tox
|
|-weather|SunnyDay|[upkeep]
|-damage|p2a: Fogbound Lake|19/100 tox|[from] psn
|upkeep
|turn|39
|c|☆skolem|gg
|
|t:|1776076034
|move|p1a: Walking Wake|Hydro Steam|p2a: Fogbound Lake
|-resisted|p2a: Fogbound Lake
|-damage|p2a: Fogbound Lake|0 fnt
|faint|p2a: Fogbound Lake
|
|-weather|SunnyDay|[upkeep]
|upkeep
|c|☆BlueEmperor|gg
|
|t:|1776076038
|switch|p2a: Moody Blues|Dragapult, F, tera:Ghost|100/100
|turn|40
|
|t:|1776076041
|move|p1a: Walking Wake|Hydro Steam|p2a: Moody Blues
|-damage|p2a: Moody Blues|0 fnt
|faint|p2a: Moody Blues
|
|win|skolem
|raw|skolem's rating: 1393 &rarr; <strong>1411</strong><br />(+18 for winning)
|raw|BlueEmperor's rating: 1363 &rarr; <strong>1345</strong><br />(-18 for losing)
|l|☆skolem
|player|p1|
|l|☆BlueEmperor
|player|p2|
