|html|<div class="broadcast-blue"><strong>[Gen 9] OU is currently suspecting Tera Blast! For information on how to participate check out the <a href="https://www.smogon.com/tools/suspects/view/200">suspect thread</a>.</strong></div>
|j|☆touxan
|j|☆ethanwayneooo
|t:|1776053196
|gametype|singles
|player|p1|touxan|266|1145
|player|p2|ethanwayneooo|cynthia|1183
|gen|9
|tier|[Gen 9] OU
|rated|
|rule|HP Percentage Mod: HP is shown in percentages
|rule|Endless Battle Clause: Forcing endless battles is banned
|rule|Species Clause: Limit one of each Pokémon
|rule|OHKO Clause: OHKO moves are banned
|rule|Evasion Items Clause: Evasion items are banned
|rule|Evasion Moves Clause: Evasion moves are banned
|rule|Evasion Abilities Clause: Evasion abilities are banned
|rule|Sleep Moves Clause: Sleep-inducing moves are banned
|clearpoke
|poke|p1|Zapdos-Galar|
|poke|p1|Blissey, F|
|poke|p1|Darkrai|
|poke|p1|Gliscor, M|
|poke|p1|Skarmory, M|
|poke|p1|Pecharunt|
|poke|p2|Pelipper, F|
|poke|p2|Beartic, F|
|poke|p2|Samurott-Hisui, F|
|poke|p2|Hatterene, F|
|poke|p2|Goodra-Hisui, F|
|poke|p2|Sinistcha|
|teampreview
|j| ohko_smeargle
|
|t:|1776053212
|teamsize|p1|6
|teamsize|p2|6
|start
|switch|p1a: Pecharunt|Pecharunt|100/100
|switch|p2a: Samurott|Samurott-Hisui, F|100/100
|-item|p1a: Pecharunt|Air Balloon
|turn|1
|
|t:|1776053224
|move|p1a: Pecharunt|Parting Shot|p2a: Samurott
|-unboost|p2a: Samurott|atk|1
|-unboost|p2a: Samurott|spa|1
|
|t:|1776053235
|switch|p1a: Skarmory|Skarmory, M|100/100|[from] Parting Shot
|move|p2a: Samurott|Ceaseless Edge|p1a: Skarmory|[miss]
|-miss|p2a: Samurott|p1a: Skarmory
|
|upkeep
|turn|2
|
|t:|1776053243
|switch|p2a: Hatterene|Hatterene, F|100/100
|move|p1a: Skarmory|Body Press|p2a: Hatterene
|-resisted|p2a: Hatterene
|-crit|p2a: Hatterene
|-damage|p2a: Hatterene|88/100
|
|-heal|p2a: Hatterene|94/100|[from] item: Leftovers
|upkeep
|turn|3
|
|t:|1776053255
|move|p2a: Hatterene|Nuzzle|p1a: Skarmory
|-supereffective|p1a: Skarmory
|-damage|p1a: Skarmory|95/100
|-status|p1a: Skarmory|par
|-damage|p2a: Hatterene|78/100|[from] item: Rocky Helmet|[of] p1a: Skarmory
|move|p1a: Skarmory|Whirlwind|p2a: Hatterene
|move|p2a: Hatterene|Whirlwind|p1a: Skarmory|[from] ability: Magic Bounce
|drag|p1a: Gliscor|Gliscor, M|100/100
|
|-heal|p2a: Hatterene|84/100|[from] item: Leftovers
|-status|p1a: Gliscor|tox|[from] item: Toxic Orb
|upkeep
|turn|4
|
|t:|1776053272
|switch|p2a: Pelipper|Pelipper, F|100/100
|-weather|RainDance|[from] ability: Drizzle|[of] p2a: Pelipper
|move|p1a: Gliscor|Swords Dance|p1a: Gliscor
|-boost|p1a: Gliscor|atk|2
|
|-weather|RainDance|[upkeep]
|upkeep
|turn|5
|
|t:|1776053282
|switch|p2a: Beartic|Beartic, F|100/100
|-terastallize|p1a: Gliscor|Normal
|move|p1a: Gliscor|Facade|p2a: Beartic
|-damage|p2a: Beartic|4/100
|
|-weather|RainDance|[upkeep]
|-heal|p2a: Beartic|10/100|[from] item: Leftovers
|upkeep
|turn|6
|
|t:|1776053297
|move|p2a: Beartic|Close Combat|p1a: Gliscor
|-supereffective|p1a: Gliscor
|-damage|p1a: Gliscor|40/100 tox
|-unboost|p2a: Beartic|def|1
|-unboost|p2a: Beartic|spd|1
|move|p1a: Gliscor|Knock Off|p2a: Beartic
|-damage|p2a: Beartic|0 fnt
|-enditem|p2a: Beartic|Leftovers|[from] move: Knock Off|[of] p1a: Gliscor
|faint|p2a: Beartic
|
|-weather|RainDance|[upkeep]
|-heal|p1a: Gliscor|52/100 tox|[from] ability: Poison Heal
|upkeep
|
|t:|1776053313
|switch|p2a: Goodra|Goodra-Hisui, F|100/100
|turn|7
|
|t:|1776053324
|move|p1a: Gliscor|Knock Off|p2a: Goodra
|-damage|p2a: Goodra|66/100
|-enditem|p2a: Goodra|Sitrus Berry|[from] move: Knock Off|[of] p1a: Gliscor
|move|p2a: Goodra|Dragon Tail|p1a: Gliscor|[miss]
|-miss|p2a: Goodra|p1a: Gliscor
|
|-weather|RainDance|[upkeep]
|-heal|p1a: Gliscor|65/100 tox|[from] ability: Poison Heal
|upkeep
|turn|8
|
|t:|1776053336
|move|p1a: Gliscor|Facade|p2a: Goodra
|-resisted|p2a: Goodra
|-damage|p2a: Goodra|27/100
|move|p2a: Goodra|Dragon Tail|p1a: Gliscor
|-damage|p1a: Gliscor|47/100 tox
|drag|p1a: Blissey|Blissey, F|100/100
|
|-weather|none
|upkeep
|turn|9
|
|t:|1776053349
|switch|p2a: Sinistcha|Sinistcha|100/100
|switch|p1a: Skarmory|Skarmory, M|95/100 par
|
|upkeep
|turn|10
|
|t:|1776053360
|move|p2a: Sinistcha|Nasty Plot|p2a: Sinistcha
|-boost|p2a: Sinistcha|spa|2
|move|p1a: Skarmory|Spikes|p2a: Sinistcha
|-sidestart|p2: ethanwayneooo|Spikes
|
|upkeep
|turn|11
|
|t:|1776053370
|move|p2a: Sinistcha|Nasty Plot|p2a: Sinistcha
|-boost|p2a: Sinistcha|spa|2
|move|p1a: Skarmory|Whirlwind|p2a: Sinistcha
|drag|p2a: Goodra|Goodra-Hisui, F|27/100
|-damage|p2a: Goodra|14/100|[from] Spikes
|
|upkeep
|turn|12
|
|t:|1776053381
|move|p2a: Goodra|Knock Off|p1a: Skarmory
|-damage|p1a: Skarmory|81/100 par
|-damage|p2a: Goodra|0 fnt|[from] item: Rocky Helmet|[of] p1a: Skarmory
|faint|p2a: Goodra
|cant|p1a: Skarmory|par
|
|upkeep
|
|t:|1776053388
|switch|p2a: Sinistcha|Sinistcha|100/100
|-damage|p2a: Sinistcha|88/100|[from] Spikes
|turn|13
|
|t:|1776053403
|move|p2a: Sinistcha|Nasty Plot|p2a: Sinistcha
|-boost|p2a: Sinistcha|spa|2
|move|p1a: Skarmory|Whirlwind|p2a: Sinistcha
|drag|p2a: Samurott|Samurott-Hisui, F|100/100
|-damage|p2a: Samurott|88/100|[from] Spikes
|
|-heal|p2a: Samurott|94/100|[from] item: Leftovers
|upkeep
|turn|14
|-message|ethanwayneooo forfeited.
|
|win|touxan
|raw|touxan's rating: 1145 &rarr; <strong>1173</strong><br />(+28 for winning)
|raw|ethanwayneooo's rating: 1183 &rarr; <strong>1155</strong><br />(-28 for losing)
|l|☆ethanwayneooo
|player|p2|
|l| ohko_smeargle
