|html|<div class="broadcast-blue"><strong>[Gen 9] OU is currently suspecting Tera Blast! For information on how to participate check out the <a href="https://www.smogon.com/tools/suspects/view/200">suspect thread</a>.</strong></div>
|j|☆iblamecigar
|j|☆Ares_1997
|t:|1776103883
|gametype|singles
|player|p1|iblamecigar|gambler|1563
|player|p2|Ares_1997|265|1525
|gen|9
|tier|[Gen 9] OU
|rated|
|rule|HP Percentage Mod: HP is shown in percentages
|rule|Endless Battle Clause: Forcing endless battles is banned
|rule|Species Clause: Limit one of each Pokémon
|rule|OHKO Clause: OHKO moves are banned
|rule|Evasion Items Clause: Evasion items are banned
|rule|Evasion Moves Clause: Evasion moves are banned
|rule|Evasion Abilities Clause: Evasion abilities are banned
|rule|Sleep Moves Clause: Sleep-inducing moves are banned
|clearpoke
|poke|p1|Deoxys-Speed|
|poke|p1|Kingambit, F|
|poke|p1|Ogerpon-Wellspring, F|
|poke|p1|Zamazenta-*|
|poke|p1|Gholdengo|
|poke|p1|Dragonite, M|
|poke|p2|Iron Crown|
|poke|p2|Enamorus, F|
|poke|p2|Great Tusk|
|poke|p2|Probopass, F|
|poke|p2|Deoxys-Speed|
|poke|p2|Dragapult, F|
|teampreview
|inactive|Battle timer is ON: inactive players will automatically lose when time's up. (requested by iblamecigar)
|
|t:|1776103897
|teamsize|p1|6
|teamsize|p2|6
|start
|switch|p1a: zoomies|Deoxys-Speed|100/100
|switch|p2a: Dragapult|Dragapult, F|100/100
|-ability|p1a: zoomies|Pressure
|turn|1
|
|t:|1776103907
|move|p1a: zoomies|Stealth Rock|p2a: Dragapult
|-sidestart|p2: Ares_1997|move: Stealth Rock
|move|p2a: Dragapult|Dragon Dance|p2a: Dragapult
|-boost|p2a: Dragapult|atk|1
|-boost|p2a: Dragapult|spe|1
|
|upkeep
|turn|2
|
|t:|1776103917
|move|p2a: Dragapult|Dragon Dance|p2a: Dragapult
|-boost|p2a: Dragapult|atk|1
|-boost|p2a: Dragapult|spe|1
|move|p1a: zoomies|Psycho Boost|p2a: Dragapult
|-damage|p2a: Dragapult|27/100
|-unboost|p1a: zoomies|spa|2
|
|-heal|p2a: Dragapult|33/100|[from] item: Leftovers
|upkeep
|turn|3
|
|t:|1776103927
|move|p2a: Dragapult|Dragon Darts|p1a: zoomies
|-damage|p1a: zoomies|17/100
|-anim|p2a: Dragapult|Dragon Darts|p1a: zoomies
|-damage|p1a: zoomies|0 fnt
|faint|p1a: zoomies
|
|-heal|p2a: Dragapult|39/100|[from] item: Leftovers
|upkeep
|
|t:|1776103934
|switch|p1a: how is THIS ou|Zamazenta|100/100
|-ability|p1a: how is THIS ou|Dauntless Shield|boost
|-boost|p1a: how is THIS ou|def|1
|turn|4
|
|t:|1776103940
|move|p2a: Dragapult|Dragon Darts|p1a: how is THIS ou
|-damage|p1a: how is THIS ou|64/100
|-anim|p2a: Dragapult|Dragon Darts|p1a: how is THIS ou
|-damage|p1a: how is THIS ou|31/100
|move|p1a: how is THIS ou|Iron Head|p2a: Dragapult
|-damage|p2a: Dragapult|0 fnt
|faint|p2a: Dragapult
|
|upkeep
|
|t:|1776103951
|switch|p2a: Enamorus|Enamorus, F|100/100
|-damage|p2a: Enamorus|76/100|[from] Stealth Rock
|turn|5
|
|t:|1776103954
|move|p1a: how is THIS ou|Iron Head|p2a: Enamorus
|-supereffective|p2a: Enamorus
|-damage|p2a: Enamorus|0 fnt
|faint|p2a: Enamorus
|
|upkeep
|
|t:|1776103960
|switch|p2a: Deoxys|Deoxys-Speed|100/100
|-damage|p2a: Deoxys|88/100|[from] Stealth Rock
|-ability|p2a: Deoxys|Pressure
|turn|6
|
|t:|1776103965
|move|p2a: Deoxys|Psycho Boost|p1a: how is THIS ou
|-supereffective|p1a: how is THIS ou
|-damage|p1a: how is THIS ou|0 fnt
|-unboost|p2a: Deoxys|spa|2
|faint|p1a: how is THIS ou
|-enditem|p2a: Deoxys|Eject Pack
|
|t:|1776103974
|switch|p2a: Probopass|Probopass, F|100/100
|-damage|p2a: Probopass|94/100|[from] Stealth Rock
|
|upkeep
|
|t:|1776103980
|switch|p1a: how is this ou|Ogerpon-Wellspring, F|100/100
|turn|7
|
|t:|1776103988
|move|p1a: how is this ou|Swords Dance|p1a: how is this ou
|-boost|p1a: how is this ou|atk|2
|move|p2a: Probopass|Thunder Wave|p1a: how is this ou
|-status|p1a: how is this ou|par
|
|upkeep
|turn|8
|
|t:|1776103993
|move|p1a: how is this ou|Trailblaze|p2a: Probopass
|-damage|p2a: Probopass|57/100
|-boost|p1a: how is this ou|spe|1
|-damage|p1a: how is this ou|84/100 par|[from] item: Rocky Helmet|[of] p2a: Probopass
|move|p2a: Probopass|Volt Switch|p1a: how is this ou
|-damage|p1a: how is this ou|68/100 par
|
|t:|1776103998
|switch|p2a: Deoxys|Deoxys-Speed|88/100|[from] Volt Switch
|-damage|p2a: Deoxys|76/100|[from] Stealth Rock
|-ability|p2a: Deoxys|Pressure
|
|upkeep
|turn|9
|
|t:|1776104001
|move|p2a: Deoxys|Psycho Boost|p1a: how is this ou
|-damage|p1a: how is this ou|4/100 par
|-unboost|p2a: Deoxys|spa|2
|move|p1a: how is this ou|Ivy Cudgel|p2a: Deoxys|[anim] Ivy Cudgel Water
|-damage|p2a: Deoxys|0 fnt
|faint|p2a: Deoxys
|
|upkeep
|
|t:|1776104011
|switch|p2a: Iron Crown|Iron Crown|100/100
|-damage|p2a: Iron Crown|94/100|[from] Stealth Rock
|-enditem|p2a: Iron Crown|Booster Energy
|-activate|p2a: Iron Crown|ability: Quark Drive|[fromitem]
|-start|p2a: Iron Crown|quarkdrivespa
|turn|10
|
|t:|1776104028
|move|p2a: Iron Crown|Stored Power|p1a: how is this ou
|-damage|p1a: how is this ou|0 fnt
|faint|p1a: how is this ou
|
|upkeep
|
|t:|1776104040
|switch|p1a: older brother|Kingambit, F|100/100
|-activate|p1a: older brother|ability: Supreme Overlord
|-start|p1a: older brother|fallen3|[silent]
|turn|11
|
|t:|1776104046
|-terastallize|p1a: older brother|Ghost
|move|p2a: Iron Crown|Focus Blast|p1a: older brother
|-immune|p1a: older brother
|move|p1a: older brother|Kowtow Cleave|p2a: Iron Crown
|-supereffective|p2a: Iron Crown
|-damage|p2a: Iron Crown|0 fnt
|faint|p2a: Iron Crown
|-end|p2a: Iron Crown|Quark Drive|[silent]
|
|upkeep
|
|t:|1776104050
|switch|p2a: Probopass|Probopass, F|57/100
|-damage|p2a: Probopass|51/100|[from] Stealth Rock
|turn|12
|
|t:|1776104054
|move|p1a: older brother|Iron Head|p2a: Probopass
|-damage|p2a: Probopass|20/100
|-damage|p1a: older brother|84/100|[from] item: Rocky Helmet|[of] p2a: Probopass
|cant|p2a: Probopass|flinch
|
|-heal|p1a: older brother|90/100|[from] item: Leftovers
|upkeep
|turn|13
|
|t:|1776104060
|move|p1a: older brother|Iron Head|p2a: Probopass
|-damage|p2a: Probopass|0 fnt
|-damage|p1a: older brother|74/100|[from] item: Rocky Helmet|[of] p2a: Probopass
|faint|p2a: Probopass
|
|-heal|p1a: older brother|80/100|[from] item: Leftovers
|upkeep
|
|t:|1776104062
|switch|p2a: Great Tusk|Great Tusk|100/100
|-damage|p2a: Great Tusk|98/100|[from] Stealth Rock
|-enditem|p2a: Great Tusk|Booster Energy
|-activate|p2a: Great Tusk|ability: Protosynthesis|[fromitem]
|-start|p2a: Great Tusk|protosynthesisspe
|turn|14
|
|t:|1776104064
|move|p2a: Great Tusk|Bulk Up|p2a: Great Tusk
|-boost|p2a: Great Tusk|atk|1
|-boost|p2a: Great Tusk|def|1
|move|p1a: older brother|Kowtow Cleave|p2a: Great Tusk
|-resisted|p2a: Great Tusk
|-damage|p2a: Great Tusk|84/100
|
|-heal|p1a: older brother|86/100|[from] item: Leftovers
|upkeep
|turn|15
|
|t:|1776104068
|-end|p1a: older brother|fallen3|[silent]
|switch|p1a: how|Gholdengo|100/100
|move|p2a: Great Tusk|Bulk Up|p2a: Great Tusk
|-boost|p2a: Great Tusk|atk|1
|-boost|p2a: Great Tusk|def|1
|
|upkeep
|turn|16
|
|t:|1776104072
|move|p2a: Great Tusk|Headlong Rush|p1a: how
|-supereffective|p1a: how
|-damage|p1a: how|0 fnt
|-unboost|p2a: Great Tusk|def|1
|-unboost|p2a: Great Tusk|spd|1
|faint|p1a: how
|
|upkeep
|
|t:|1776104077
|switch|p1a: BIDEN BLASST|Dragonite, M|100/100
|turn|17
|
|t:|1776104088
|move|p2a: Great Tusk|Rapid Spin|p1a: BIDEN BLASST
|-crit|p1a: BIDEN BLASST
|-damage|p1a: BIDEN BLASST|75/100
|-boost|p2a: Great Tusk|spe|1
|-sideend|p2: Ares_1997|Stealth Rock|[from] move: Rapid Spin|[of] p2a: Great Tusk
|move|p1a: BIDEN BLASST|Earthquake|p2a: Great Tusk
|-damage|p2a: Great Tusk|69/100
|
|upkeep
|turn|18
|
|t:|1776104092
|move|p2a: Great Tusk|Rock Slide|p1a: BIDEN BLASST
|-supereffective|p1a: BIDEN BLASST
|-damage|p1a: BIDEN BLASST|0 fnt
|faint|p1a: BIDEN BLASST
|
|upkeep
|c|☆iblamecigar|damn gg
|
|t:|1776104095
|switch|p1a: older brother|Kingambit, F, tera:Ghost|86/100
|-activate|p1a: older brother|ability: Supreme Overlord
|-start|p1a: older brother|fallen5|[silent]
|turn|19
|c|☆Ares_1997|gg
|
|t:|1776104102
|move|p2a: Great Tusk|Bulk Up|p2a: Great Tusk
|-boost|p2a: Great Tusk|atk|1
|-boost|p2a: Great Tusk|def|1
|move|p1a: older brother|Kowtow Cleave|p2a: Great Tusk
|-resisted|p2a: Great Tusk
|-damage|p2a: Great Tusk|58/100
|
|-heal|p1a: older brother|92/100|[from] item: Leftovers
|upkeep
|turn|20
|
|t:|1776104105
|move|p2a: Great Tusk|Headlong Rush|p1a: older brother
|-damage|p1a: older brother|0 fnt
|-unboost|p2a: Great Tusk|def|1
|-unboost|p2a: Great Tusk|spd|1
|faint|p1a: older brother
|-end|p1a: older brother|fallen5|[silent]
|
|win|Ares_1997
|raw|iblamecigar's rating: 1563 &rarr; <strong>1541</strong><br />(-22 for losing)
|raw|Ares_1997's rating: 1525 &rarr; <strong>1547</strong><br />(+22 for winning)
|l|☆iblamecigar
|player|p1|
