|html|<div class="broadcast-blue"><strong>[Gen 9] OU is currently suspecting Tera Blast! For information on how to participate check out the <a href="https://www.smogon.com/tools/suspects/view/200">suspect thread</a>.</strong></div>
|j|☆kkkuroi
|j|☆EMINEM LOPES 12
|t:|1776270992
|gametype|singles
|player|p1|kkkuroi|clerk|1028
|player|p2|EMINEM LOPES 12|lance|1021
|gen|9
|tier|[Gen 9] OU
|rated|
|rule|HP Percentage Mod: HP is shown in percentages
|rule|Endless Battle Clause: Forcing endless battles is banned
|rule|Species Clause: Limit one of each Pokémon
|rule|OHKO Clause: OHKO moves are banned
|rule|Evasion Items Clause: Evasion items are banned
|rule|Evasion Moves Clause: Evasion moves are banned
|rule|Evasion Abilities Clause: Evasion abilities are banned
|rule|Sleep Moves Clause: Sleep-inducing moves are banned
|clearpoke
|poke|p1|Iron Moth|
|poke|p1|Gliscor, M|
|poke|p1|Hatterene, F|
|poke|p1|Ogerpon-Wellspring, F|
|poke|p1|Raging Bolt|
|poke|p1|Zamazenta-*|
|poke|p2|Dragapult, M|
|poke|p2|Great Tusk|
|poke|p2|Kingambit, F|
|poke|p2|Iron Valiant|
|poke|p2|Gholdengo|
|poke|p2|Garchomp, F|
|teampreview
|
|t:|1776271030
|teamsize|p1|6
|teamsize|p2|6
|start
|switch|p1a: Zamazenta|Zamazenta|100/100
|switch|p2a: Gholdengo|Gholdengo|100/100
|-ability|p1a: Zamazenta|Dauntless Shield|boost
|-boost|p1a: Zamazenta|def|1
|turn|1
|
|t:|1776271046
|move|p2a: Gholdengo|Make It Rain|p1a: Zamazenta
|-damage|p1a: Zamazenta|45/100
|-unboost|p2a: Gholdengo|spa|1
|move|p1a: Zamazenta|Light Screen|p1a: Zamazenta
|-sidestart|p1: kkkuroi|move: Light Screen
|
|upkeep
|turn|2
|
|t:|1776271056
|move|p2a: Gholdengo|Make It Rain|p1a: Zamazenta
|-damage|p1a: Zamazenta|28/100
|-unboost|p2a: Gholdengo|spa|1
|move|p1a: Zamazenta|Reflect|p1a: Zamazenta
|-sidestart|p1: kkkuroi|Reflect
|
|upkeep
|turn|3
|
|t:|1776271076
|switch|p2a: Garchomp|Garchomp, F|100/100
|switch|p1a: Hatterene|Hatterene, F|100/100
|
|upkeep
|turn|4
|
|t:|1776271086
|move|p2a: Garchomp|Earthquake|p1a: Hatterene
|-damage|p1a: Hatterene|71/100
|-damage|p2a: Garchomp|91/100|[from] item: Life Orb
|move|p1a: Hatterene|Calm Mind|p1a: Hatterene
|-boost|p1a: Hatterene|spa|1
|-boost|p1a: Hatterene|spd|1
|
|-heal|p1a: Hatterene|77/100|[from] item: Leftovers
|upkeep
|turn|5
|
|t:|1776271099
|move|p2a: Garchomp|Stone Edge|p1a: Hatterene|[miss]
|-miss|p2a: Garchomp|p1a: Hatterene
|move|p1a: Hatterene|Draining Kiss|p2a: Garchomp
|-supereffective|p2a: Garchomp
|-damage|p2a: Garchomp|23/100
|-heal|p1a: Hatterene|100/100|[from] drain|[of] p2a: Garchomp
|-damage|p1a: Hatterene|88/100|[from] ability: Rough Skin|[of] p2a: Garchomp
|
|-heal|p1a: Hatterene|94/100|[from] item: Leftovers
|upkeep
|turn|6
|
|t:|1776271119
|switch|p2a: Iron Valiant|Iron Valiant, shiny|100/100
|move|p1a: Hatterene|Calm Mind|p1a: Hatterene
|-boost|p1a: Hatterene|spa|1
|-boost|p1a: Hatterene|spd|1
|
|-heal|p1a: Hatterene|99/100|[from] item: Leftovers
|upkeep
|turn|7
|
|t:|1776271136
|move|p2a: Iron Valiant|Swords Dance|p2a: Iron Valiant
|-boost|p2a: Iron Valiant|atk|2
|move|p1a: Hatterene|Stored Power|p2a: Iron Valiant
|-supereffective|p2a: Iron Valiant
|-damage|p2a: Iron Valiant|0 fnt
|faint|p2a: Iron Valiant
|-end|p2a: Iron Valiant|Quark Drive|[silent]
|
|-heal|p1a: Hatterene|100/100|[from] item: Leftovers
|upkeep
|
|t:|1776271146
|switch|p2a: Dragapult|Dragapult, M, shiny|100/100
|turn|8
|
|t:|1776271154
|move|p2a: Dragapult|Shadow Ball|p1a: Hatterene
|-supereffective|p1a: Hatterene
|-damage|p1a: Hatterene|44/100
|-unboost|p1a: Hatterene|spd|1
|move|p1a: Hatterene|Draining Kiss|p2a: Dragapult
|-supereffective|p2a: Dragapult
|-damage|p2a: Dragapult|0 fnt
|-heal|p1a: Hatterene|100/100|[from] drain|[of] p2a: Dragapult
|faint|p2a: Dragapult
|
|-sideend|p1: kkkuroi|move: Light Screen
|upkeep
|
|t:|1776271159
|switch|p2a: Great Tusk|Great Tusk|100/100
|turn|9
|
|t:|1776271170
|move|p2a: Great Tusk|Headlong Rush|p1a: Hatterene
|-damage|p1a: Hatterene|73/100
|-unboost|p2a: Great Tusk|def|1
|-unboost|p2a: Great Tusk|spd|1
|move|p1a: Hatterene|Stored Power|p2a: Great Tusk
|-supereffective|p2a: Great Tusk
|-enditem|p2a: Great Tusk|Focus Sash
|-damage|p2a: Great Tusk|1/100
|
|-heal|p1a: Hatterene|79/100|[from] item: Leftovers
|-sideend|p1: kkkuroi|Reflect
|upkeep
|turn|10
|
|t:|1776271187
|move|p2a: Great Tusk|Stealth Rock|p1a: Hatterene
|move|p1a: Hatterene|Stealth Rock|p2a: Great Tusk|[from] ability: Magic Bounce
|-sidestart|p2: EMINEM LOPES 12|move: Stealth Rock
|move|p1a: Hatterene|Draining Kiss|p2a: Great Tusk
|-supereffective|p2a: Great Tusk
|-damage|p2a: Great Tusk|0 fnt
|-heal|p1a: Hatterene|79/100|[from] drain|[of] p2a: Great Tusk
|faint|p2a: Great Tusk
|-end|p2a: Great Tusk|Protosynthesis|[silent]
|
|-heal|p1a: Hatterene|85/100|[from] item: Leftovers
|upkeep
|
|t:|1776271194
|switch|p2a: Gholdengo|Gholdengo|100/100
|-damage|p2a: Gholdengo|94/100|[from] Stealth Rock
|turn|11
|c|☆kkkuroi|ok??
|
|t:|1776271217
|-terastallize|p1a: Hatterene|Water
|move|p2a: Gholdengo|Shadow Ball|p1a: Hatterene
|-damage|p1a: Hatterene|57/100
|move|p1a: Hatterene|Mystical Fire|p2a: Gholdengo
|-supereffective|p2a: Gholdengo
|-damage|p2a: Gholdengo|0 fnt
|faint|p2a: Gholdengo
|
|-heal|p1a: Hatterene|63/100|[from] item: Leftovers
|upkeep
|
|t:|1776271226
|switch|p2a: Garchomp|Garchomp, F|23/100
|-damage|p2a: Garchomp|17/100|[from] Stealth Rock
|turn|12
|
|t:|1776271233
|move|p2a: Garchomp|Dragon Claw|p1a: Hatterene
|-damage|p1a: Hatterene|17/100
|-damage|p2a: Garchomp|7/100|[from] item: Life Orb
|move|p1a: Hatterene|Draining Kiss|p2a: Garchomp
|-supereffective|p2a: Garchomp
|-damage|p2a: Garchomp|0 fnt
|-heal|p1a: Hatterene|22/100|[from] drain|[of] p2a: Garchomp
|-damage|p1a: Hatterene|10/100|[from] ability: Rough Skin|[of] p2a: Garchomp
|faint|p2a: Garchomp
|
|-heal|p1a: Hatterene|16/100|[from] item: Leftovers
|upkeep
|
|t:|1776271239
|switch|p2a: Kingambit|Kingambit, F|100/100
|-damage|p2a: Kingambit|94/100|[from] Stealth Rock
|-activate|p2a: Kingambit|ability: Supreme Overlord
|-start|p2a: Kingambit|fallen5|[silent]
|turn|13
|
|t:|1776271254
|move|p2a: Kingambit|Kowtow Cleave|p1a: Hatterene
|-damage|p1a: Hatterene|0 fnt
|faint|p1a: Hatterene
|
|upkeep
|
|t:|1776271266
|switch|p1a: Gliscor|Gliscor, M|100/100
|turn|14
|
|t:|1776271275
|move|p1a: Gliscor|Earthquake|p2a: Kingambit
|-supereffective|p2a: Kingambit
|-damage|p2a: Kingambit|29/100
|move|p2a: Kingambit|Kowtow Cleave|p1a: Gliscor
|-damage|p1a: Gliscor|18/100
|
|-status|p1a: Gliscor|tox|[from] item: Toxic Orb
|upkeep
|turn|15
|
|t:|1776271290
|-terastallize|p2a: Kingambit|Dark
|move|p2a: Kingambit|Sucker Punch|p1a: Gliscor
|-damage|p1a: Gliscor|0 fnt
|faint|p1a: Gliscor
|
|upkeep
|c|☆kkkuroi|a sucker punch??
|
|t:|1776271309
|switch|p1a: Zamazenta|Zamazenta|28/100
|turn|16
|
|t:|1776271323
|move|p2a: Kingambit|Sucker Punch||[still]
|-fail|p2a: Kingambit
|move|p1a: Zamazenta|Reflect|p1a: Zamazenta
|-sidestart|p1: kkkuroi|Reflect
|
|upkeep
|turn|17
|
|t:|1776271329
|move|p1a: Zamazenta|Close Combat|p2a: Kingambit
|-supereffective|p2a: Kingambit
|-damage|p2a: Kingambit|0 fnt
|-unboost|p1a: Zamazenta|def|1
|-unboost|p1a: Zamazenta|spd|1
|faint|p2a: Kingambit
|-end|p2a: Kingambit|fallen5|[silent]
|
|win|kkkuroi
|raw|kkkuroi's rating: 1028 &rarr; <strong>1063</strong><br />(+35 for winning)
|raw|EMINEM LOPES 12's rating: 1021 &rarr; <strong>1008</strong><br />(-13 for losing)
|c|☆kkkuroi|jej
|c|☆kkkuroi|good game
