|html|<div class="broadcast-blue"><strong>[Gen 9] OU is currently suspecting Tera Blast! For information on how to participate check out the <a href="https://www.smogon.com/tools/suspects/view/200">suspect thread</a>.</strong></div>
|j|☆bbruvakylee
|j|☆Excomvnicationis
|t:|1776034010
|gametype|singles
|player|p1|bbruvakylee|flint|1106
|player|p2|Excomvnicationis|swimmer-gen4|1170
|gen|9
|tier|[Gen 9] OU
|rated|
|rule|HP Percentage Mod: HP is shown in percentages
|rule|Endless Battle Clause: Forcing endless battles is banned
|rule|Species Clause: Limit one of each Pokémon
|rule|OHKO Clause: OHKO moves are banned
|rule|Evasion Items Clause: Evasion items are banned
|rule|Evasion Moves Clause: Evasion moves are banned
|rule|Evasion Abilities Clause: Evasion abilities are banned
|rule|Sleep Moves Clause: Sleep-inducing moves are banned
|clearpoke
|poke|p1|Sceptile, M|
|poke|p1|Blaziken, F|
|poke|p1|Swampert, F|
|poke|p1|Darkrai|
|poke|p1|Weezing-Galar, M|
|poke|p1|Iron Valiant|
|poke|p2|Great Tusk|
|poke|p2|Zapdos|
|poke|p2|Meowscarada, F|
|poke|p2|Kingambit, F|
|poke|p2|Dragapult, F|
|poke|p2|Clefable, F|
|teampreview
|inactive|Battle timer is ON: inactive players will automatically lose when time's up. (requested by Excomvnicationis)
|
|t:|1776034018
|teamsize|p1|6
|teamsize|p2|6
|start
|switch|p1a: Darkrai|Darkrai|100/100
|switch|p2a: Meowscarada|Meowscarada, F|100/100
|turn|1
|
|t:|1776034029
|switch|p2a: Kingambit|Kingambit, F|100/100
|-item|p2a: Kingambit|Air Balloon
|move|p1a: Darkrai|Trick|p2a: Kingambit
|-activate|p1a: Darkrai|move: Trick|[of] p2a: Kingambit
|-item|p2a: Kingambit|Choice Specs|[from] move: Trick
|-item|p1a: Darkrai|Air Balloon
|-item|p1a: Darkrai|Air Balloon|[from] move: Trick
|
|upkeep
|turn|2
|
|t:|1776034049
|switch|p1a: Weezing|Weezing-Galar, M|100/100
|-ability|p1a: Weezing|Neutralizing Gas
|-end|p2a: Kingambit|fallenundefined|[silent]
|switch|p2a: Clefable|Clefable, F|100/100
|
|upkeep
|turn|3
|
|t:|1776034059
|move|p2a: Clefable|Stealth Rock|p1a: Weezing
|-sidestart|p1: bbruvakylee|move: Stealth Rock
|move|p1a: Weezing|Will-O-Wisp|p2a: Clefable
|-status|p2a: Clefable|brn
|
|-damage|p2a: Clefable|94/100 brn|[from] brn
|upkeep
|turn|4
|
|t:|1776034070
|switch|p2a: Zapdos|Zapdos|100/100
|move|p1a: Weezing|Defog|p2a: Zapdos
|-unboost|p2a: Zapdos|evasion|1
|-sideend|p1: bbruvakylee|Stealth Rock|[from] move: Defog|[of] p1a: Weezing
|
|upkeep
|turn|5
|
|t:|1776034078
|-end|p1a: Weezing|ability: Neutralizing Gas
|switch|p1a: Anchor Arms|Swampert, F|100/100
|move|p2a: Zapdos|Volt Switch|p1a: Anchor Arms
|-immune|p1a: Anchor Arms
|
|upkeep
|turn|6
|
|t:|1776034090
|move|p2a: Zapdos|Hurricane|p1a: Anchor Arms
|-damage|p1a: Anchor Arms|80/100
|move|p1a: Anchor Arms|Ice Punch|p2a: Zapdos
|-supereffective|p2a: Zapdos
|-crit|p2a: Zapdos
|-damage|p2a: Zapdos|50/100
|-status|p1a: Anchor Arms|par|[from] ability: Static|[of] p2a: Zapdos
|
|upkeep
|turn|7
|
|t:|1776034107
|switch|p2a: Dragapult|Dragapult, F|100/100
|cant|p1a: Anchor Arms|par
|
|upkeep
|turn|8
|
|t:|1776034112
|move|p2a: Dragapult|Substitute|p2a: Dragapult
|-start|p2a: Dragapult|Substitute
|-damage|p2a: Dragapult|76/100
|cant|p1a: Anchor Arms|par
|
|-heal|p2a: Dragapult|82/100|[from] item: Leftovers
|upkeep
|turn|9
|
|t:|1776034118
|move|p2a: Dragapult|Hex|p1a: Anchor Arms
|-damage|p1a: Anchor Arms|56/100 par
|cant|p1a: Anchor Arms|par
|
|-heal|p2a: Dragapult|88/100|[from] item: Leftovers
|upkeep
|turn|10
|
|t:|1776034125
|move|p2a: Dragapult|Hex|p1a: Anchor Arms
|-damage|p1a: Anchor Arms|30/100 par
|cant|p1a: Anchor Arms|par
|
|-heal|p2a: Dragapult|94/100|[from] item: Leftovers
|upkeep
|turn|11
|
|t:|1776034131
|move|p2a: Dragapult|Hex|p1a: Anchor Arms
|-damage|p1a: Anchor Arms|7/100 par
|move|p1a: Anchor Arms|Ice Punch|p2a: Dragapult
|-supereffective|p2a: Dragapult
|-end|p2a: Dragapult|Substitute
|
|-heal|p2a: Dragapult|99/100|[from] item: Leftovers
|upkeep
|turn|12
|
|t:|1776034140
|move|p2a: Dragapult|Substitute|p2a: Dragapult
|-start|p2a: Dragapult|Substitute
|-damage|p2a: Dragapult|75/100
|move|p1a: Anchor Arms|Ice Punch|p2a: Dragapult
|-supereffective|p2a: Dragapult
|-end|p2a: Dragapult|Substitute
|
|-heal|p2a: Dragapult|81/100|[from] item: Leftovers
|upkeep
|turn|13
|
|t:|1776034147
|move|p2a: Dragapult|Substitute|p2a: Dragapult
|-start|p2a: Dragapult|Substitute
|-damage|p2a: Dragapult|56/100
|move|p1a: Anchor Arms|Ice Punch|p2a: Dragapult
|-supereffective|p2a: Dragapult
|-end|p2a: Dragapult|Substitute
|
|-heal|p2a: Dragapult|62/100|[from] item: Leftovers
|upkeep
|turn|14
|
|t:|1776034155
|move|p2a: Dragapult|Substitute|p2a: Dragapult
|-start|p2a: Dragapult|Substitute
|-damage|p2a: Dragapult|37/100
|move|p1a: Anchor Arms|Ice Punch|p2a: Dragapult
|-supereffective|p2a: Dragapult
|-crit|p2a: Dragapult
|-end|p2a: Dragapult|Substitute
|
|-heal|p2a: Dragapult|43/100|[from] item: Leftovers
|upkeep
|turn|15
|
|t:|1776034162
|move|p2a: Dragapult|Substitute|p2a: Dragapult
|-start|p2a: Dragapult|Substitute
|-damage|p2a: Dragapult|18/100
|move|p1a: Anchor Arms|Ice Punch|p2a: Dragapult
|-supereffective|p2a: Dragapult
|-end|p2a: Dragapult|Substitute
|
|-heal|p2a: Dragapult|24/100|[from] item: Leftovers
|upkeep
|turn|16
|
|t:|1776034170
|move|p2a: Dragapult|Hex|p1a: Anchor Arms
|-crit|p1a: Anchor Arms
|-damage|p1a: Anchor Arms|0 fnt
|faint|p1a: Anchor Arms
|
|-heal|p2a: Dragapult|30/100|[from] item: Leftovers
|upkeep
|
|t:|1776034184
|switch|p1a: Darkrai|Darkrai|100/100
|-item|p1a: Darkrai|Air Balloon
|turn|17
|
|t:|1776034191
|switch|p2a: Clefable|Clefable, F|94/100 brn
|move|p1a: Darkrai|Dark Pulse|p2a: Clefable
|-resisted|p2a: Clefable
|-damage|p2a: Clefable|79/100 brn
|
|-heal|p2a: Clefable|85/100 brn|[from] item: Leftovers
|upkeep
|turn|18
|
|t:|1776034206
|switch|p1a: The Gecko|Sceptile, M|100/100
|move|p2a: Clefable|Thunder Wave|p1a: The Gecko
|-status|p1a: The Gecko|par
|
|-heal|p2a: Clefable|91/100 brn|[from] item: Leftovers
|upkeep
|turn|19
|
|t:|1776034215
|move|p1a: The Gecko|Swords Dance|p1a: The Gecko
|-boost|p1a: The Gecko|atk|2
|move|p2a: Clefable|Stealth Rock|p1a: The Gecko
|-sidestart|p1: bbruvakylee|move: Stealth Rock
|
|-heal|p2a: Clefable|97/100 brn|[from] item: Leftovers
|upkeep
|turn|20
|
|t:|1776034227
|switch|p2a: Kingambit|Kingambit, F|100/100
|move|p1a: The Gecko|Leaf Blade|p2a: Kingambit
|-resisted|p2a: Kingambit
|-damage|p2a: Kingambit|68/100
|
|upkeep
|turn|21
|
|t:|1776034239
|-end|p2a: Kingambit|fallenundefined|[silent]
|switch|p2a: Dragapult|Dragapult, F|30/100
|move|p1a: The Gecko|Leaf Blade|p2a: Dragapult
|-resisted|p2a: Dragapult
|-crit|p2a: Dragapult
|-damage|p2a: Dragapult|0 fnt
|faint|p2a: Dragapult
|
|upkeep
|
|t:|1776034246
|switch|p2a: Meowscarada|Meowscarada, F|100/100
|turn|22
|
|t:|1776034258
|move|p2a: Meowscarada|U-turn|p1a: The Gecko
|-start|p2a: Meowscarada|typechange|Bug|[from] ability: Protean
|-supereffective|p1a: The Gecko
|-enditem|p1a: The Gecko|Focus Sash
|-damage|p1a: The Gecko|1/100 par
|
|t:|1776034262
|switch|p2a: Clefable|Clefable, F|97/100 brn|[from] U-turn
|move|p1a: The Gecko|Acrobatics|p2a: Clefable
|-damage|p2a: Clefable|32/100 brn
|
|-heal|p2a: Clefable|38/100 brn|[from] item: Leftovers
|upkeep
|turn|23
|
|t:|1776034270
|cant|p1a: The Gecko|par
|move|p2a: Clefable|Moonlight|p2a: Clefable
|-heal|p2a: Clefable|88/100 brn
|
|-heal|p2a: Clefable|94/100 brn|[from] item: Leftovers
|upkeep
|turn|24
|
|t:|1776034276
|move|p1a: The Gecko|Acrobatics|p2a: Clefable
|-damage|p2a: Clefable|24/100 brn
|move|p2a: Clefable|Moonblast|p1a: The Gecko
|-damage|p1a: The Gecko|0 fnt
|faint|p1a: The Gecko
|
|-heal|p2a: Clefable|30/100 brn|[from] item: Leftovers
|upkeep
|
|t:|1776034285
|switch|p1a: Iron Valiant|Iron Valiant|100/100
|-damage|p1a: Iron Valiant|94/100|[from] Stealth Rock
|turn|25
|
|t:|1776034294
|move|p1a: Iron Valiant|Moonblast|p2a: Clefable
|-damage|p2a: Clefable|0 fnt
|faint|p2a: Clefable
|-damage|p1a: Iron Valiant|85/100|[from] item: Life Orb
|
|upkeep
|
|t:|1776034300
|switch|p2a: Meowscarada|Meowscarada, F|100/100
|turn|26
|
|t:|1776034316
|move|p2a: Meowscarada|U-turn|p1a: Iron Valiant
|-start|p2a: Meowscarada|typechange|Bug|[from] ability: Protean
|-resisted|p1a: Iron Valiant
|-damage|p1a: Iron Valiant|70/100
|
|t:|1776034320
|switch|p2a: Zapdos|Zapdos|50/100|[from] U-turn
|move|p1a: Iron Valiant|Moonblast|p2a: Zapdos
|-damage|p2a: Zapdos|0 fnt
|faint|p2a: Zapdos
|-damage|p1a: Iron Valiant|60/100|[from] item: Life Orb
|
|upkeep
|
|t:|1776034322
|switch|p2a: Meowscarada|Meowscarada, F|100/100
|turn|27
|
|t:|1776034329
|move|p1a: Iron Valiant|Vacuum Wave|p2a: Meowscarada
|-supereffective|p2a: Meowscarada
|-damage|p2a: Meowscarada|26/100
|-damage|p1a: Iron Valiant|50/100|[from] item: Life Orb
|move|p2a: Meowscarada|Triple Axel|p1a: Iron Valiant
|-start|p2a: Meowscarada|typechange|Ice|[from] ability: Protean
|-damage|p1a: Iron Valiant|32/100
|-damage|p1a: Iron Valiant|0 fnt
|faint|p1a: Iron Valiant
|-end|p1a: Iron Valiant|Quark Drive|[silent]
|-hitcount|p1: Iron Valiant|2
|
|upkeep
|
|t:|1776034343
|switch|p1a: Weezing|Weezing-Galar, M|100/100
|-ability|p1a: Weezing|Neutralizing Gas
|-damage|p1a: Weezing|88/100|[from] Stealth Rock
|turn|28
|
|t:|1776034360
|move|p2a: Meowscarada|Triple Axel|p1a: Weezing|[miss]
|-miss|p2a: Meowscarada|p1a: Weezing
|move|p1a: Weezing|Defog|p2a: Meowscarada
|-unboost|p2a: Meowscarada|evasion|1
|-sideend|p1: bbruvakylee|Stealth Rock|[from] move: Defog|[of] p1a: Weezing
|
|-heal|p1a: Weezing|94/100|[from] item: Black Sludge
|upkeep
|turn|29
|
|t:|1776034372
|move|p2a: Meowscarada|Triple Axel|p1a: Weezing
|-damage|p1a: Weezing|84/100
|-hitcount|p1a: Weezing|1
|move|p1a: Weezing|Will-O-Wisp|p2a: Meowscarada
|-status|p2a: Meowscarada|brn
|
|-heal|p1a: Weezing|90/100|[from] item: Black Sludge
|-damage|p2a: Meowscarada|20/100 brn|[from] brn
|upkeep
|turn|30
|inactive|Excomvnicationis has 120 seconds left.
|l|☆Excomvnicationis
|inactive|Excomvnicationis disconnected and has a minute to reconnect!
|player|p2|
|j| pigeon de wich
|l| pigeon de wich
|inactive|Excomvnicationis has 30 seconds to reconnect!
|inactive|Excomvnicationis has 20 seconds to reconnect!
|inactive|Excomvnicationis has 15 seconds to reconnect!
|inactive|Excomvnicationis has 10 seconds to reconnect!
|inactive|Excomvnicationis has 5 seconds to reconnect!
|-message|Excomvnicationis lost due to inactivity.
|
|win|bbruvakylee
|raw|bbruvakylee's rating: 1106 &rarr; <strong>1136</strong><br />(+30 for winning)
|raw|Excomvnicationis's rating: 1170 &rarr; <strong>1140</strong><br />(-30 for losing)
|l|☆bbruvakylee
|player|p1|
