|html|<div class="broadcast-blue"><strong>[Gen 9] OU is currently suspecting Volcarona! For information on how to participate check out the <a href="https://www.smogon.com/tools/suspects/view/208">suspect thread</a>.</strong></div>
|j|☆ASRAyeetASRA
|j|☆fresh0
|t:|1778504809
|gametype|singles
|player|p1|ASRAyeetASRA|265|1404
|player|p2|fresh0|1|1408
|gen|9
|tier|[Gen 9] OU
|rated|
|rule|HP Percentage Mod: HP is shown in percentages
|rule|Endless Battle Clause: Forcing endless battles is banned
|rule|Species Clause: Limit one of each Pokémon
|rule|OHKO Clause: OHKO moves are banned
|rule|Evasion Items Clause: Evasion items are banned
|rule|Evasion Moves Clause: Evasion moves are banned
|rule|Evasion Abilities Clause: Evasion abilities are banned
|rule|Sleep Moves Clause: Sleep-inducing moves are banned
|clearpoke
|poke|p1|Zamazenta-*|
|poke|p1|Dragonite, M|
|poke|p1|Gholdengo|
|poke|p1|Ting-Lu|
|poke|p1|Clefable, F|
|poke|p1|Glimmora, F|
|poke|p2|Kingambit, F|
|poke|p2|Hattrem, F|
|poke|p2|Iron Hands|
|poke|p2|Hatterene, F|
|poke|p2|Glastrier|
|poke|p2|Hydrapple, F|
|teampreview
|inactive|Battle timer is ON: inactive players will automatically lose when time's up. (requested by ASRAyeetASRA)
|
|t:|1778504833
|teamsize|p1|6
|teamsize|p2|6
|start
|switch|p1a: Glimmora|Glimmora, F, shiny|100/100
|switch|p2a: Hattrem|Hattrem, F|100/100
|turn|1
|
|t:|1778504837
|move|p1a: Glimmora|Mortal Spin|p2a: Hattrem
|-damage|p2a: Hattrem|92/100
|-status|p2a: Hattrem|psn
|move|p2a: Hattrem|Trick Room|p2a: Hattrem
|-fieldstart|move: Trick Room|[of] p2a: Hattrem
|
|-damage|p2a: Hattrem|79/100 psn|[from] psn
|upkeep
|turn|2
|
|t:|1778504848
|switch|p1a: Ting-Lu|Ting-Lu, shiny|100/100
|-ability|p1a: Ting-Lu|Vessel of Ruin
|move|p2a: Hattrem|Future Sight|p1a: Ting-Lu
|-start|p2a: Hattrem|move: Future Sight
|
|-damage|p2a: Hattrem|67/100 psn|[from] psn
|upkeep
|turn|3
|
|t:|1778504852
|move|p2a: Hattrem|Healing Wish|p2a: Hattrem
|faint|p2a: Hattrem
|move|p1a: Ting-Lu|Ruination|p2: Hattrem|[notarget]
|-fail|p1a: Ting-Lu
|
|upkeep
|
|t:|1778504857
|switch|p2a: Iron Hands|Iron Hands|100/100
|turn|4
|
|t:|1778504862
|move|p2a: Iron Hands|Drain Punch|p1a: Ting-Lu
|-supereffective|p1a: Ting-Lu
|-damage|p1a: Ting-Lu|31/100
|-damage|p2a: Iron Hands|91/100|[from] item: Life Orb
|move|p1a: Ting-Lu|Earthquake|p2a: Iron Hands
|-supereffective|p2a: Iron Hands
|-damage|p2a: Iron Hands|43/100
|
|-end|p1a: Ting-Lu|move: Future Sight
|-immune|p1a: Ting-Lu
|-heal|p1a: Ting-Lu|37/100|[from] item: Leftovers
|upkeep
|turn|5
|
|t:|1778504878
|switch|p1a: Gholdengo|Gholdengo, shiny|100/100
|-item|p1a: Gholdengo|Air Balloon
|move|p2a: Iron Hands|Ice Punch|p1a: Gholdengo
|-resisted|p1a: Gholdengo
|-damage|p1a: Gholdengo|82/100
|-enditem|p1a: Gholdengo|Air Balloon
|-damage|p2a: Iron Hands|33/100|[from] item: Life Orb
|
|-fieldend|move: Trick Room
|upkeep
|turn|6
|
|t:|1778504888
|-end|p2a: Iron Hands|Quark Drive|[silent]
|switch|p2a: Kingambit|Kingambit, F|100/100
|-activate|p2a: Kingambit|ability: Supreme Overlord
|-start|p2a: Kingambit|fallen1|[silent]
|move|p1a: Gholdengo|Make It Rain|p2a: Kingambit
|-resisted|p2a: Kingambit
|-damage|p2a: Kingambit|79/100
|-unboost|p1a: Gholdengo|spa|1
|
|upkeep
|turn|7
|
|t:|1778504898
|switch|p1a: Zamazenta|Zamazenta, shiny|100/100
|-ability|p1a: Zamazenta|Dauntless Shield|boost
|-boost|p1a: Zamazenta|def|1
|-end|p2a: Kingambit|fallen1|[silent]
|switch|p2a: Hydrapple|Hydrapple, F|100/100
|
|upkeep
|turn|8
|
|t:|1778504907
|move|p2a: Hydrapple|Leaf Storm|p1a: Zamazenta
|-damage|p1a: Zamazenta|42/100
|-unboost|p2a: Hydrapple|spa|2
|-enditem|p2a: Hydrapple|Eject Pack
|
|t:|1778504912
|switch|p2a: Hatterene|Hatterene, F|100/100
|move|p1a: Zamazenta|Roar|p2a: Hatterene
|move|p2a: Hatterene|Roar|p1a: Zamazenta|[from] ability: Magic Bounce
|drag|p1a: Clefable|Clefable, F, shiny|100/100
|
|upkeep
|turn|9
|
|t:|1778504926
|move|p1a: Clefable|Knock Off|p2a: Hatterene
|-damage|p2a: Hatterene|83/100
|-enditem|p2a: Hatterene|Focus Sash|[from] move: Knock Off|[of] p1a: Clefable
|move|p2a: Hatterene|Trick Room|p2a: Hatterene
|-fieldstart|move: Trick Room|[of] p2a: Hatterene
|
|upkeep
|turn|10
|
|t:|1778504935
|switch|p2a: Glastrier|Glastrier|100/100
|move|p1a: Clefable|Wish|p1a: Clefable
|
|upkeep
|turn|11
|
|t:|1778504951
|switch|p1a: Glimmora|Glimmora, F, shiny|100/100
|move|p2a: Glastrier|Swords Dance|p2a: Glastrier
|-boost|p2a: Glastrier|atk|2
|
|upkeep
|turn|12
|
|t:|1778504968
|move|p2a: Glastrier|Icicle Crash|p1a: Glimmora
|-damage|p1a: Glimmora|0 fnt
|-activate|p1a: Glimmora|ability: Toxic Debris
|-sidestart|p2: fresh0|move: Toxic Spikes
|faint|p1a: Glimmora
|-ability|p2a: Glastrier|Chilling Neigh|boost
|-boost|p2a: Glastrier|atk|1
|-damage|p2a: Glastrier|91/100|[from] item: Life Orb
|
|upkeep
|
|t:|1778504981
|switch|p1a: Clefable|Clefable, F, shiny|100/100
|turn|13
|
|t:|1778504985
|move|p2a: Glastrier|Icicle Crash|p1a: Clefable
|-damage|p1a: Clefable|45/100
|-damage|p2a: Glastrier|81/100|[from] item: Life Orb
|cant|p1a: Clefable|flinch
|
|-heal|p1a: Clefable|51/100|[from] item: Leftovers
|-fieldend|move: Trick Room
|upkeep
|turn|14
|
|t:|1778504995
|move|p1a: Clefable|Protect|p1a: Clefable
|-singleturn|p1a: Clefable|Protect
|move|p2a: Glastrier|Icicle Crash|p1a: Clefable
|-activate|p1a: Clefable|move: Protect
|
|-heal|p1a: Clefable|57/100|[from] item: Leftovers
|upkeep
|turn|15
|
|t:|1778505001
|move|p1a: Clefable|Wish|p1a: Clefable
|move|p2a: Glastrier|Icicle Crash|p1a: Clefable
|-damage|p1a: Clefable|4/100
|-damage|p2a: Glastrier|71/100|[from] item: Life Orb
|
|-heal|p1a: Clefable|10/100|[from] item: Leftovers
|upkeep
|turn|16
|
|t:|1778505012
|move|p1a: Clefable|Protect|p1a: Clefable
|-singleturn|p1a: Clefable|Protect
|move|p2a: Glastrier|Icicle Crash|p1a: Clefable
|-activate|p1a: Clefable|move: Protect
|
|-heal|p1a: Clefable|60/100|[from] move: Wish|[wisher] Clefable
|-heal|p1a: Clefable|66/100|[from] item: Leftovers
|upkeep
|turn|17
|
|t:|1778505021
|move|p1a: Clefable|Wish|p1a: Clefable
|move|p2a: Glastrier|Icicle Crash|p1a: Clefable|[miss]
|-miss|p2a: Glastrier|p1a: Clefable
|
|-heal|p1a: Clefable|73/100|[from] item: Leftovers
|upkeep
|turn|18
|
|t:|1778505032
|move|p1a: Clefable|Moonblast|p2a: Glastrier
|-damage|p2a: Glastrier|47/100
|move|p2a: Glastrier|Icicle Crash|p1a: Clefable
|-damage|p1a: Clefable|23/100
|-damage|p2a: Glastrier|37/100|[from] item: Life Orb
|
|-heal|p1a: Clefable|73/100|[from] move: Wish|[wisher] Clefable
|-heal|p1a: Clefable|79/100|[from] item: Leftovers
|upkeep
|turn|19
|
|t:|1778505049
|move|p1a: Clefable|Wish|p1a: Clefable
|move|p2a: Glastrier|Icicle Crash|p1a: Clefable
|-damage|p1a: Clefable|23/100
|-damage|p2a: Glastrier|27/100|[from] item: Life Orb
|
|-heal|p1a: Clefable|29/100|[from] item: Leftovers
|upkeep
|turn|20
|
|t:|1778505056
|switch|p2a: Kingambit|Kingambit, F|79/100
|-heal|p2a: Kingambit|100/100|[from] move: Healing Wish
|-activate|p2a: Kingambit|ability: Supreme Overlord
|-start|p2a: Kingambit|fallen1|[silent]
|move|p1a: Clefable|Protect||[still]
|-fail|p1a: Clefable
|
|-heal|p1a: Clefable|79/100|[from] move: Wish|[wisher] Clefable
|-heal|p1a: Clefable|86/100|[from] item: Leftovers
|upkeep
|turn|21
|
|t:|1778505073
|switch|p1a: Dragonite|Dragonite, M, shiny|100/100
|move|p2a: Kingambit|Iron Head|p1a: Dragonite
|-crit|p1a: Dragonite
|-damage|p1a: Dragonite|65/100
|
|upkeep
|turn|22
|
|t:|1778505089
|move|p1a: Dragonite|Roost|p1a: Dragonite
|-heal|p1a: Dragonite|100/100
|-singleturn|p1a: Dragonite|move: Roost
|move|p2a: Kingambit|Kowtow Cleave|p1a: Dragonite
|-damage|p1a: Dragonite|75/100
|
|upkeep
|turn|23
|
|t:|1778505103
|move|p1a: Dragonite|Earthquake|p2a: Kingambit
|-supereffective|p2a: Kingambit
|-damage|p2a: Kingambit|41/100
|move|p2a: Kingambit|Kowtow Cleave|p1a: Dragonite
|-damage|p1a: Dragonite|27/100
|
|upkeep
|turn|24
|
|t:|1778505113
|move|p2a: Kingambit|Sucker Punch||[still]
|-fail|p2a: Kingambit
|move|p1a: Dragonite|Roost|p1a: Dragonite
|-heal|p1a: Dragonite|77/100
|-singleturn|p1a: Dragonite|move: Roost
|
|upkeep
|turn|25
|
|t:|1778505129
|-end|p2a: Kingambit|fallen1|[silent]
|switch|p2a: Hydrapple|Hydrapple, F|100/100
|-status|p2a: Hydrapple|psn
|move|p1a: Dragonite|Roost|p1a: Dragonite
|-heal|p1a: Dragonite|100/100
|-singleturn|p1a: Dragonite|move: Roost
|
|-damage|p2a: Hydrapple|88/100 psn|[from] psn
|upkeep
|turn|26
|
|t:|1778505140
|move|p2a: Hydrapple|Draco Meteor|p1a: Dragonite
|-supereffective|p1a: Dragonite
|-damage|p1a: Dragonite|43/100
|-unboost|p2a: Hydrapple|spa|2
|move|p1a: Dragonite|Dragon Tail|p2a: Hydrapple|[miss]
|-miss|p1a: Dragonite|p2a: Hydrapple
|
|-damage|p2a: Hydrapple|76/100 psn|[from] psn
|upkeep
|turn|27
|
|t:|1778505153
|switch|p1a: Clefable|Clefable, F, shiny|86/100
|switch|p2a: Hatterene|Hatterene, F|83/100
|-status|p2a: Hatterene|psn
|
|-heal|p1a: Clefable|92/100|[from] item: Leftovers
|-damage|p2a: Hatterene|71/100 psn|[from] psn
|upkeep
|turn|28
|
|t:|1778505168
|move|p1a: Clefable|Wish|p1a: Clefable
|move|p2a: Hatterene|Psyshock|p1a: Clefable
|-damage|p1a: Clefable|53/100
|
|-heal|p1a: Clefable|59/100|[from] item: Leftovers
|-damage|p2a: Hatterene|58/100 psn|[from] psn
|upkeep
|turn|29
|
|t:|1778505178
|move|p1a: Clefable|Protect|p1a: Clefable
|-singleturn|p1a: Clefable|Protect
|move|p2a: Hatterene|Dazzling Gleam|p1a: Clefable
|-activate|p1a: Clefable|move: Protect
|
|-heal|p1a: Clefable|100/100|[from] move: Wish|[wisher] Clefable
|-damage|p2a: Hatterene|46/100 psn|[from] psn
|upkeep
|turn|30
|
|t:|1778505184
|move|p1a: Clefable|Wish|p1a: Clefable
|move|p2a: Hatterene|Trick Room|p2a: Hatterene
|-fieldstart|move: Trick Room|[of] p2a: Hatterene
|
|-damage|p2a: Hatterene|34/100 psn|[from] psn
|upkeep
|turn|31
|
|t:|1778505192
|switch|p1a: Ting-Lu|Ting-Lu, shiny|37/100
|-ability|p1a: Ting-Lu|Vessel of Ruin
|move|p2a: Hatterene|Healing Wish|p2a: Hatterene
|faint|p2a: Hatterene
|
|-heal|p1a: Ting-Lu|75/100|[from] move: Wish|[wisher] Clefable
|-heal|p1a: Ting-Lu|81/100|[from] item: Leftovers
|upkeep
|
|t:|1778505202
|switch|p2a: Iron Hands|Iron Hands|33/100
|-heal|p2a: Iron Hands|100/100|[from] move: Healing Wish
|-status|p2a: Iron Hands|psn
|turn|32
|
|t:|1778505208
|move|p2a: Iron Hands|Swords Dance|p2a: Iron Hands
|-boost|p2a: Iron Hands|atk|2
|move|p1a: Ting-Lu|Stealth Rock|p2a: Iron Hands
|-sidestart|p2: fresh0|move: Stealth Rock
|
|-heal|p1a: Ting-Lu|88/100|[from] item: Leftovers
|-damage|p2a: Iron Hands|88/100 psn|[from] psn
|upkeep
|turn|33
|
|t:|1778505217
|move|p2a: Iron Hands|Drain Punch|p1a: Ting-Lu
|-supereffective|p1a: Ting-Lu
|-damage|p1a: Ting-Lu|0 fnt
|-heal|p2a: Iron Hands|100/100 psn|[from] drain|[of] p1a: Ting-Lu
|faint|p1a: Ting-Lu
|-damage|p2a: Iron Hands|91/100 psn|[from] item: Life Orb
|
|-damage|p2a: Iron Hands|78/100 psn|[from] psn
|upkeep
|
|t:|1778505222
|switch|p1a: Clefable|Clefable, F, shiny|100/100
|turn|34
|
|t:|1778505229
|move|p2a: Iron Hands|Wild Charge|p1a: Clefable
|-damage|p1a: Clefable|44/100
|-damage|p2a: Iron Hands|67/100 psn|[from] Recoil
|-damage|p2a: Iron Hands|57/100 psn|[from] item: Life Orb
|move|p1a: Clefable|Wish|p1a: Clefable
|
|-heal|p1a: Clefable|50/100|[from] item: Leftovers
|-damage|p2a: Iron Hands|45/100 psn|[from] psn
|-fieldend|move: Trick Room
|upkeep
|turn|35
|
|t:|1778505246
|-end|p2a: Iron Hands|Quark Drive|[silent]
|switch|p2a: Kingambit|Kingambit, F|41/100
|-damage|p2a: Kingambit|34/100|[from] Stealth Rock
|-activate|p2a: Kingambit|ability: Supreme Overlord
|-start|p2a: Kingambit|fallen2|[silent]
|move|p1a: Clefable|Moonblast|p2a: Kingambit
|-damage|p2a: Kingambit|13/100
|
|-heal|p1a: Clefable|99/100|[from] move: Wish|[wisher] Clefable
|-heal|p1a: Clefable|100/100|[from] item: Leftovers
|upkeep
|turn|36
|inactive|ASRAyeetASRA has 120 seconds left.
|
|t:|1778505281
|move|p1a: Clefable|Protect|p1a: Clefable
|-singleturn|p1a: Clefable|Protect
|move|p2a: Kingambit|Iron Head|p1a: Clefable
|-activate|p1a: Clefable|move: Protect
|
|upkeep
|turn|37
|
|t:|1778505295
|switch|p1a: Gholdengo|Gholdengo, shiny|82/100
|move|p2a: Kingambit|Iron Head|p1a: Gholdengo
|-resisted|p1a: Gholdengo
|-damage|p1a: Gholdengo|57/100
|
|upkeep
|turn|38
|
|t:|1778505312
|-terastallize|p1a: Gholdengo|Fairy
|move|p1a: Gholdengo|Shadow Ball|p2a: Kingambit
|-resisted|p2a: Kingambit
|-damage|p2a: Kingambit|0 fnt
|faint|p2a: Kingambit
|-end|p2a: Kingambit|fallen2|[silent]
|
|upkeep
|
|t:|1778505323
|switch|p2a: Iron Hands|Iron Hands|45/100 psn
|-damage|p2a: Iron Hands|39/100 psn|[from] Stealth Rock
|turn|39
|
|t:|1778505337
|switch|p1a: Zamazenta|Zamazenta, shiny|42/100
|move|p2a: Iron Hands|Wild Charge|p1a: Zamazenta
|-damage|p1a: Zamazenta|0 fnt
|faint|p1a: Zamazenta
|-damage|p2a: Iron Hands|31/100 psn|[from] Recoil
|-damage|p2a: Iron Hands|21/100 psn|[from] item: Life Orb
|
|-damage|p2a: Iron Hands|9/100 psn|[from] psn
|upkeep
|
|t:|1778505346
|switch|p1a: Dragonite|Dragonite, M, shiny|43/100
|turn|40
|
|t:|1778505353
|move|p1a: Dragonite|Extreme Speed|p2a: Iron Hands
|-damage|p2a: Iron Hands|0 fnt
|faint|p2a: Iron Hands
|-end|p2a: Iron Hands|Quark Drive|[silent]
|
|upkeep
|
|t:|1778505359
|switch|p2a: Hydrapple|Hydrapple, F|100/100 psn
|-damage|p2a: Hydrapple|88/100 psn|[from] Stealth Rock
|turn|41
|
|t:|1778505378
|move|p1a: Dragonite|Extreme Speed|p2a: Hydrapple
|-damage|p2a: Hydrapple|66/100 psn
|move|p2a: Hydrapple|Fickle Beam|p1a: Dragonite
|-supereffective|p1a: Dragonite
|-damage|p1a: Dragonite|0 fnt
|faint|p1a: Dragonite
|
|-damage|p2a: Hydrapple|53/100 psn|[from] psn
|upkeep
|
|t:|1778505384
|switch|p1a: Clefable|Clefable, F, shiny|100/100
|turn|42
|
|t:|1778505389
|move|p1a: Clefable|Protect|p1a: Clefable
|-singleturn|p1a: Clefable|Protect
|move|p2a: Hydrapple|Leaf Storm|p1a: Clefable
|-activate|p1a: Clefable|move: Protect
|
|-damage|p2a: Hydrapple|41/100 psn|[from] psn
|upkeep
|turn|43
|
|t:|1778505393
|switch|p2a: Glastrier|Glastrier|27/100
|-status|p2a: Glastrier|psn
|-damage|p2a: Glastrier|2/100 psn|[from] Stealth Rock
|move|p1a: Clefable|Wish|p1a: Clefable
|
|-damage|p2a: Glastrier|0 fnt|[from] psn
|faint|p2a: Glastrier
|upkeep
|
|t:|1778505401
|switch|p2a: Hydrapple|Hydrapple, F|74/100 psn
|-damage|p2a: Hydrapple|62/100 psn|[from] Stealth Rock
|turn|44
|
|t:|1778505407
|move|p1a: Clefable|Protect|p1a: Clefable
|-singleturn|p1a: Clefable|Protect
|move|p2a: Hydrapple|Nasty Plot|p2a: Hydrapple
|-boost|p2a: Hydrapple|spa|2
|
|-damage|p2a: Hydrapple|50/100 psn|[from] psn
|upkeep
|turn|45
|
|t:|1778505412
|-terastallize|p2a: Hydrapple|Fairy
|move|p1a: Clefable|Moonblast|p2a: Hydrapple
|-damage|p2a: Hydrapple|16/100 psn
|move|p2a: Hydrapple|Leaf Storm|p1a: Clefable
|-damage|p1a: Clefable|40/100
|-unboost|p2a: Hydrapple|spa|2
|
|-heal|p1a: Clefable|46/100|[from] item: Leftovers
|-damage|p2a: Hydrapple|4/100 psn|[from] psn
|upkeep
|turn|46
|c|☆ASRAyeetASRA|gg
|
|t:|1778505425
|move|p1a: Clefable|Protect|p1a: Clefable
|-singleturn|p1a: Clefable|Protect
|move|p2a: Hydrapple|Nasty Plot|p2a: Hydrapple
|-boost|p2a: Hydrapple|spa|2
|
|-heal|p1a: Clefable|52/100|[from] item: Leftovers
|-damage|p2a: Hydrapple|0 fnt|[from] psn
|faint|p2a: Hydrapple
|
|win|ASRAyeetASRA
|raw|ASRAyeetASRA's rating: 1404 &rarr; <strong>1424</strong><br />(+20 for winning)
|raw|fresh0's rating: 1408 &rarr; <strong>1388</strong><br />(-20 for losing)
|c|☆fresh0|GG
|l|☆ASRAyeetASRA
|player|p1|
|l|☆fresh0
|player|p2|
