|html|<div class="broadcast-blue"><strong>[Gen 9] OU is currently suspecting Tera Blast! For information on how to participate check out the <a href="https://www.smogon.com/tools/suspects/view/200">suspect thread</a>.</strong></div>
|j|☆marrafiku
|j|☆sgt777
|t:|1776228714
|gametype|singles
|player|p1|marrafiku|blue|1065
|player|p2|sgt777|cynthia|1032
|gen|9
|tier|[Gen 9] OU
|rated|
|rule|HP Percentage Mod: HP is shown in percentages
|rule|Endless Battle Clause: Forcing endless battles is banned
|rule|Species Clause: Limit one of each Pokémon
|rule|OHKO Clause: OHKO moves are banned
|rule|Evasion Items Clause: Evasion items are banned
|rule|Evasion Moves Clause: Evasion moves are banned
|rule|Evasion Abilities Clause: Evasion abilities are banned
|rule|Sleep Moves Clause: Sleep-inducing moves are banned
|clearpoke
|poke|p1|Cloyster, M|
|poke|p1|Ceruledge, M|
|poke|p1|Great Tusk|
|poke|p1|Walking Wake|
|poke|p1|Corviknight, M|
|poke|p1|Toxapex, M|
|poke|p2|Salazzle, F|
|poke|p2|Ditto|
|poke|p2|Primarina, F|
|poke|p2|Hydrapple, M|
|poke|p2|Sandslash-Alola, F|
|poke|p2|Zamazenta-*|
|teampreview
|
|t:|1776228733
|teamsize|p1|6
|teamsize|p2|6
|start
|switch|p1a: Idu|Walking Wake|100/100
|switch|p2a: Salazzle|Salazzle, F|100/100
|-item|p2a: Salazzle|Air Balloon
|turn|1
|
|t:|1776228742
|switch|p2a: Hydrapple|Hydrapple, M|100/100
|-ability|p2a: Hydrapple|Supersweet Syrup
|-unboost|p1a: Idu|evasion|1
|move|p1a: Idu|Draco Meteor|p2a: Hydrapple
|-supereffective|p2a: Hydrapple
|-damage|p2a: Hydrapple|0 fnt
|-unboost|p1a: Idu|spa|2
|faint|p2a: Hydrapple
|
|upkeep
|
|t:|1776228770
|switch|p2a: Primarina|Primarina, F|100/100
|turn|2
|
|t:|1776228775
|-end|p1a: Idu|Protosynthesis|[silent]
|switch|p1a: Sinti|Ceruledge, M|100/100
|move|p2a: Primarina|Psychic Noise|p1a: Sinti
|-supereffective|p1a: Sinti
|-damage|p1a: Sinti|2/100
|-start|p1a: Sinti|move: Heal Block
|-enditem|p2a: Primarina|Throat Spray
|-boost|p2a: Primarina|spa|1|[from] item: Throat Spray
|
|upkeep
|turn|3
|
|t:|1776228791
|move|p2a: Primarina|Protect|p2a: Primarina
|-singleturn|p2a: Primarina|Protect
|move|p1a: Sinti|Shadow Sneak|p2a: Primarina
|-activate|p2a: Primarina|move: Protect
|
|-end|p1a: Sinti|move: Heal Block
|upkeep
|turn|4
|
|t:|1776228802
|move|p1a: Sinti|Shadow Sneak|p2a: Primarina
|-damage|p2a: Primarina|78/100
|move|p2a: Primarina|Draining Kiss|p1a: Sinti
|-resisted|p1a: Sinti
|-damage|p1a: Sinti|0 fnt
|-heal|p2a: Primarina|79/100|[from] drain|[of] p1a: Sinti
|faint|p1a: Sinti
|
|upkeep
|
|t:|1776228812
|switch|p1a: Tripas|Corviknight, M|100/100
|-ability|p1a: Tripas|Pressure
|turn|5
|
|t:|1776228818
|-terastallize|p2a: Primarina|Ghost
|move|p1a: Tripas|Bulk Up|p1a: Tripas
|-boost|p1a: Tripas|atk|1
|-boost|p1a: Tripas|def|1
|move|p2a: Primarina|Shadow Ball|p1a: Tripas
|-damage|p1a: Tripas|41/100
|-unboost|p1a: Tripas|spd|1
|
|-heal|p1a: Tripas|47/100|[from] item: Leftovers
|upkeep
|turn|6
|
|t:|1776228830
|move|p1a: Tripas|Brave Bird|p2a: Primarina
|-damage|p2a: Primarina|7/100
|-damage|p1a: Tripas|26/100|[from] Recoil
|move|p2a: Primarina|Shadow Ball|p1a: Tripas
|-damage|p1a: Tripas|0 fnt
|faint|p1a: Tripas
|
|upkeep
|
|t:|1776228850
|switch|p1a: Idu|Walking Wake|100/100
|turn|7
|
|t:|1776228856
|move|p2a: Primarina|Protect|p2a: Primarina
|-singleturn|p2a: Primarina|Protect
|move|p1a: Idu|Flamethrower|p2a: Primarina
|-activate|p2a: Primarina|move: Protect
|
|upkeep
|turn|8
|
|t:|1776228868
|switch|p2a: Ditto|Ditto|100/100
|-transform|p2a: Ditto|p1a: Idu|[from] ability: Imposter
|move|p1a: Idu|Flamethrower|p2a: Ditto
|-resisted|p2a: Ditto
|-damage|p2a: Ditto|85/100
|
|upkeep
|turn|9
|
|t:|1776228881
|-end|p1a: Idu|Protosynthesis|[silent]
|switch|p1a: Lif|Toxapex, M|100/100
|move|p2a: Ditto|Draco Meteor|p1a: Lif
|-damage|p1a: Lif|25/100
|-unboost|p2a: Ditto|spa|2
|-damage|p2a: Ditto|75/100|[from] item: Life Orb
|
|-heal|p1a: Lif|31/100|[from] item: Black Sludge
|upkeep
|turn|10
|inactive|Battle timer is ON: inactive players will automatically lose when time's up. (requested by marrafiku)
|
|t:|1776228909
|move|p2a: Ditto|Dragon Pulse|p1a: Lif
|-damage|p1a: Lif|7/100
|-damage|p2a: Ditto|65/100|[from] item: Life Orb
|move|p1a: Lif|Toxic Spikes|p2a: Ditto
|-sidestart|p2: sgt777|move: Toxic Spikes
|
|-heal|p1a: Lif|13/100|[from] item: Black Sludge
|upkeep
|turn|11
|
|t:|1776228920
|move|p2a: Ditto|Dragon Pulse|p1a: Lif
|-damage|p1a: Lif|0 fnt
|faint|p1a: Lif
|-damage|p2a: Ditto|55/100|[from] item: Life Orb
|
|upkeep
|
|t:|1776228926
|switch|p1a: Idu|Walking Wake|100/100
|turn|12
|
|t:|1776228933
|move|p1a: Idu|Dragon Pulse|p2a: Ditto
|-supereffective|p2a: Ditto
|-damage|p2a: Ditto|0 fnt
|faint|p2a: Ditto
|-end|p2a: Ditto|Protosynthesis|[silent]
|
|upkeep
|
|t:|1776228945
|switch|p2a: Zamazenta|Zamazenta|100/100
|-status|p2a: Zamazenta|psn
|-ability|p2a: Zamazenta|Dauntless Shield|boost
|-boost|p2a: Zamazenta|def|1
|turn|13
|
|t:|1776228953
|move|p2a: Zamazenta|Facade|p1a: Idu
|-damage|p1a: Idu|53/100
|move|p1a: Idu|Dragon Pulse|p2a: Zamazenta
|-damage|p2a: Zamazenta|38/100 psn
|
|-damage|p2a: Zamazenta|26/100 psn|[from] psn
|upkeep
|turn|14
|
|t:|1776228962
|move|p2a: Zamazenta|Body Press|p1a: Idu
|-damage|p1a: Idu|5/100
|move|p1a: Idu|Dragon Pulse|p2a: Zamazenta
|-damage|p2a: Zamazenta|0 fnt
|faint|p2a: Zamazenta
|
|upkeep
|
|t:|1776228978
|switch|p2a: Salazzle|Salazzle, F|100/100
|-item|p2a: Salazzle|Air Balloon
|turn|15
|
|t:|1776228985
|-end|p1a: Idu|Protosynthesis|[silent]
|switch|p1a: Robert|Great Tusk|100/100
|move|p2a: Salazzle|Flamethrower|p1a: Robert
|-damage|p1a: Robert|53/100
|
|-heal|p1a: Robert|59/100|[from] item: Leftovers
|upkeep
|turn|16
|
|t:|1776228997
|move|p2a: Salazzle|Flamethrower|p1a: Robert
|-damage|p1a: Robert|11/100
|move|p1a: Robert|Rapid Spin|p2a: Salazzle
|-damage|p2a: Salazzle|80/100
|-boost|p1a: Robert|spe|1
|-enditem|p2a: Salazzle|Air Balloon
|
|-heal|p1a: Robert|17/100|[from] item: Leftovers
|upkeep
|turn|17
|
|t:|1776229015
|switch|p2a: Primarina|Primarina, F, tera:Ghost|7/100
|-status|p2a: Primarina|psn
|move|p1a: Robert|Stealth Rock|p2a: Primarina
|-sidestart|p2: sgt777|move: Stealth Rock
|
|-heal|p1a: Robert|23/100|[from] item: Leftovers
|-damage|p2a: Primarina|0 fnt|[from] psn
|faint|p2a: Primarina
|upkeep
|
|t:|1776229024
|switch|p2a: Sandslash|Sandslash-Alola, F|100/100
|-damage|p2a: Sandslash|88/100|[from] Stealth Rock
|turn|18
|
|t:|1776229033
|move|p1a: Robert|Close Combat|p2a: Sandslash
|-supereffective|p2a: Sandslash
|-damage|p2a: Sandslash|0 fnt
|-unboost|p1a: Robert|def|1
|-unboost|p1a: Robert|spd|1
|faint|p2a: Sandslash
|
|-heal|p1a: Robert|29/100|[from] item: Leftovers
|upkeep
|
|t:|1776229041
|switch|p2a: Salazzle|Salazzle, F|80/100
|-sideend|p2: sgt777|move: Toxic Spikes|[of] p2a: Salazzle
|-damage|p2a: Salazzle|55/100|[from] Stealth Rock
|turn|19
|
|t:|1776229048
|move|p2a: Salazzle|Flamethrower|p1a: Robert
|-damage|p1a: Robert|0 fnt
|faint|p1a: Robert
|-end|p1a: Robert|Protosynthesis|[silent]
|
|upkeep
|
|t:|1776229054
|switch|p1a: Idu|Walking Wake|5/100
|turn|20
|
|t:|1776229058
|move|p2a: Salazzle|Flamethrower|p1a: Idu
|-resisted|p1a: Idu
|-damage|p1a: Idu|0 fnt
|faint|p1a: Idu
|-end|p1a: Idu|Protosynthesis|[silent]
|
|upkeep
|
|t:|1776229063
|switch|p1a: Rami|Cloyster, M|100/100
|turn|21
|
|t:|1776229069
|move|p2a: Salazzle|Toxic|p1a: Rami
|-status|p1a: Rami|tox
|move|p1a: Rami|Icicle Spear|p2a: Salazzle
|-resisted|p2a: Salazzle
|-damage|p2a: Salazzle|47/100
|-resisted|p2a: Salazzle
|-damage|p2a: Salazzle|38/100
|-resisted|p2a: Salazzle
|-damage|p2a: Salazzle|30/100
|-resisted|p2a: Salazzle
|-damage|p2a: Salazzle|22/100
|-resisted|p2a: Salazzle
|-damage|p2a: Salazzle|14/100
|-hitcount|p2a: Salazzle|5
|
|-damage|p1a: Rami|94/100 tox|[from] psn
|upkeep
|turn|22
|
|t:|1776229084
|move|p2a: Salazzle|Protect|p2a: Salazzle
|-singleturn|p2a: Salazzle|Protect
|move|p1a: Rami|Razor Shell|p2a: Salazzle
|-activate|p2a: Salazzle|move: Protect
|
|-damage|p1a: Rami|82/100 tox|[from] psn
|upkeep
|turn|23
|
|t:|1776229096
|move|p2a: Salazzle|Flamethrower|p1a: Rami
|-damage|p1a: Rami|0 fnt
|faint|p1a: Rami
|
|win|sgt777
|raw|marrafiku's rating: 1065 &rarr; <strong>1043</strong><br />(-22 for losing)
|raw|sgt777's rating: 1032 &rarr; <strong>1071</strong><br />(+39 for winning)
|l|☆marrafiku
|player|p1|
