|html|<div class="broadcast-blue"><strong>[Gen 9] OU is currently suspecting Tera Blast! For information on how to participate check out the <a href="https://www.smogon.com/tools/suspects/view/200">suspect thread</a>.</strong></div>
|j|☆greaseball3
|j|‽SkebobCracker23
|t:|1776078075
|gametype|singles
|player|p1|greaseball3|blue|1179
|player|p2|SkebobCracker23|unknown|1187
|gen|9
|tier|[Gen 9] OU
|rated|
|rule|HP Percentage Mod: HP is shown in percentages
|rule|Endless Battle Clause: Forcing endless battles is banned
|rule|Species Clause: Limit one of each Pokémon
|rule|OHKO Clause: OHKO moves are banned
|rule|Evasion Items Clause: Evasion items are banned
|rule|Evasion Moves Clause: Evasion moves are banned
|rule|Evasion Abilities Clause: Evasion abilities are banned
|rule|Sleep Moves Clause: Sleep-inducing moves are banned
|clearpoke
|poke|p1|Gliscor, M|
|poke|p1|Tinkaton, F|
|poke|p1|Gallade, M|
|poke|p1|Incineroar, M|
|poke|p1|Toxtricity, F|
|poke|p1|Lapras, F|
|poke|p2|Rillaboom, M|
|poke|p2|Serperior, F|
|poke|p2|Heatran, M|
|poke|p2|Gholdengo|
|poke|p2|Great Tusk|
|poke|p2|Ogerpon-Wellspring, F|
|teampreview
|inactive|Battle timer is ON: inactive players will automatically lose when time's up. (requested by greaseball3)
|
|t:|1776078081
|teamsize|p1|6
|teamsize|p2|6
|start
|switch|p1a: Gallade|Gallade, M, shiny|100/100
|switch|p2a: Rillaboom|Rillaboom, M|100/100
|-fieldstart|move: Grassy Terrain|[from] ability: Grassy Surge|[of] p2a: Rillaboom
|turn|1
|
|t:|1776078093
|-terastallize|p2a: Rillaboom|Fairy
|move|p1a: Gallade|Sacred Sword|p2a: Rillaboom
|-resisted|p2a: Rillaboom
|-crit|p2a: Rillaboom
|-damage|p2a: Rillaboom|25/100
|-damage|p1a: Gallade|91/100|[from] item: Life Orb
|move|p2a: Rillaboom|Tera Blast|p1a: Gallade|[anim] Tera Blast Fairy
|-supereffective|p1a: Gallade
|-damage|p1a: Gallade|0 fnt
|faint|p1a: Gallade
|-damage|p2a: Rillaboom|15/100|[from] item: Life Orb
|
|-heal|p2a: Rillaboom|21/100|[from] Grassy Terrain
|upkeep
|
|t:|1776078113
|switch|p1a: Lapras|Lapras, F, shiny|100/100
|turn|2
|
|t:|1776078120
|move|p2a: Rillaboom|Grassy Glide|p1a: Lapras
|-supereffective|p1a: Lapras
|-damage|p1a: Lapras|3/100
|-damage|p2a: Rillaboom|11/100|[from] item: Life Orb
|move|p1a: Lapras|Hydro Pump|p2a: Rillaboom
|-damage|p2a: Rillaboom|0 fnt
|faint|p2a: Rillaboom
|
|-heal|p1a: Lapras|9/100|[from] Grassy Terrain
|-heal|p1a: Lapras|15/100|[from] item: Leftovers
|upkeep
|
|t:|1776078130
|switch|p2a: Serperior|Serperior, F, shiny|100/100
|turn|3
|
|t:|1776078142
|switch|p1a: Incineroar|Incineroar, M|100/100
|-ability|p1a: Incineroar|Intimidate|boost
|-boost|p2a: Serperior|atk|1
|move|p2a: Serperior|Leaf Storm|p1a: Incineroar
|-resisted|p1a: Incineroar
|-damage|p1a: Incineroar|67/100
|-boost|p2a: Serperior|spa|2
|
|-heal|p1a: Incineroar|73/100|[from] Grassy Terrain
|upkeep
|turn|4
|
|t:|1776078160
|move|p1a: Incineroar|Fake Out|p2a: Serperior
|-damage|p2a: Serperior|87/100
|cant|p2a: Serperior|flinch
|
|-heal|p2a: Serperior|93/100|[from] Grassy Terrain
|-heal|p1a: Incineroar|80/100|[from] Grassy Terrain
|upkeep
|turn|5
|
|t:|1776078169
|move|p2a: Serperior|Dragon Pulse|p1a: Incineroar
|-damage|p1a: Incineroar|39/100
|-enditem|p1a: Incineroar|Sitrus Berry|[eat]
|-heal|p1a: Incineroar|63/100|[from] item: Sitrus Berry
|move|p1a: Incineroar|Flare Blitz|p2a: Serperior
|-supereffective|p2a: Serperior
|-damage|p2a: Serperior|0 fnt
|faint|p2a: Serperior
|-damage|p1a: Incineroar|37/100|[from] Recoil
|
|-heal|p1a: Incineroar|43/100|[from] Grassy Terrain
|-fieldend|move: Grassy Terrain
|upkeep
|
|t:|1776078176
|switch|p2a: Ogerpon|Ogerpon-Wellspring, F|100/100
|turn|6
|
|t:|1776078186
|move|p2a: Ogerpon|Ivy Cudgel|p1a: Incineroar|[anim] Ivy Cudgel Water
|-supereffective|p1a: Incineroar
|-damage|p1a: Incineroar|0 fnt
|faint|p1a: Incineroar
|
|upkeep
|
|t:|1776078191
|switch|p1a: Gliscor|Gliscor, M, shiny|100/100
|turn|7
|
|t:|1776078203
|-terastallize|p1a: Gliscor|Water
|move|p2a: Ogerpon|Ivy Cudgel|p1a: Gliscor|[anim] Ivy Cudgel Water
|-resisted|p1a: Gliscor
|-damage|p1a: Gliscor|77/100
|move|p1a: Gliscor|Toxic|p2a: Ogerpon
|-status|p2a: Ogerpon|tox
|
|-damage|p2a: Ogerpon|95/100 tox|[from] psn
|-status|p1a: Gliscor|tox|[from] item: Toxic Orb
|upkeep
|turn|8
|
|t:|1776078220
|move|p2a: Ogerpon|Horn Leech|p1a: Gliscor
|-supereffective|p1a: Gliscor
|-damage|p1a: Gliscor|8/100 tox
|-heal|p2a: Ogerpon|100/100 tox|[from] drain|[of] p1a: Gliscor
|move|p1a: Gliscor|Substitute|p1a: Gliscor
|-fail|p1a: Gliscor|move: Substitute|[weak]
|
|-damage|p2a: Ogerpon|89/100 tox|[from] psn
|-heal|p1a: Gliscor|20/100 tox|[from] ability: Poison Heal
|upkeep
|turn|9
|
|t:|1776078232
|move|p1a: Gliscor|Protect|p1a: Gliscor
|-singleturn|p1a: Gliscor|Protect
|move|p2a: Ogerpon|Horn Leech|p1a: Gliscor
|-activate|p1a: Gliscor|move: Protect
|
|-damage|p2a: Ogerpon|71/100 tox|[from] psn
|-heal|p1a: Gliscor|33/100 tox|[from] ability: Poison Heal
|upkeep
|turn|10
|
|t:|1776078247
|switch|p1a: Toxtricity|Toxtricity, F|100/100
|move|p2a: Ogerpon|Horn Leech|p1a: Toxtricity
|-resisted|p1a: Toxtricity
|-damage|p1a: Toxtricity|70/100
|-heal|p2a: Ogerpon|88/100 tox|[from] drain|[of] p1a: Toxtricity
|
|-damage|p2a: Ogerpon|64/100 tox|[from] psn
|upkeep
|turn|11
|
|t:|1776078265
|move|p2a: Ogerpon|Spiky Shield|p2a: Ogerpon
|-singleturn|p2a: Ogerpon|move: Protect
|move|p1a: Toxtricity|Boomburst|p2a: Ogerpon
|-activate|p2a: Ogerpon|move: Protect
|
|-damage|p2a: Ogerpon|35/100 tox|[from] psn
|upkeep
|turn|12
|
|t:|1776078274
|move|p2a: Ogerpon|Ivy Cudgel|p1a: Toxtricity|[anim] Ivy Cudgel Water
|-damage|p1a: Toxtricity|0 fnt
|faint|p1a: Toxtricity
|
|-damage|p2a: Ogerpon|0 fnt|[from] psn
|faint|p2a: Ogerpon
|upkeep
|
|t:|1776078286
|switch|p2a: Gholdengo|Gholdengo|100/100
|switch|p1a: Gliscor|Gliscor, M, shiny, tera:Water|33/100 tox
|turn|13
|
|t:|1776078292
|switch|p1a: Tinkaton|Tinkaton, F|100/100
|-ability|p1a: Tinkaton|Mold Breaker
|move|p2a: Gholdengo|Shadow Ball|p1a: Tinkaton
|-damage|p1a: Tinkaton|41/100
|-damage|p2a: Gholdengo|91/100|[from] item: Life Orb
|
|upkeep
|turn|14
|
|t:|1776078303
|move|p1a: Tinkaton|Play Rough|p2a: Gholdengo
|-resisted|p2a: Gholdengo
|-damage|p2a: Gholdengo|73/100
|move|p2a: Gholdengo|Nasty Plot|p2a: Gholdengo
|-boost|p2a: Gholdengo|spa|2
|
|upkeep
|turn|15
|-message|greaseball3 forfeited.
|
|win|SkebobCracker23
|raw|greaseball3's rating: 1179 &rarr; <strong>1155</strong><br />(-24 for losing)
|raw|SkebobCracker23's rating: 1187 &rarr; <strong>1211</strong><br />(+24 for winning)
|l|☆greaseball3
|player|p1|
|l|‽SkebobCracker23
|player|p2|
