|html|<div class="broadcast-blue"><strong>[Gen 9] OU is currently suspecting Tera Blast! For information on how to participate check out the <a href="https://www.smogon.com/tools/suspects/view/200">suspect thread</a>.</strong></div>
|j|☆chrovalis
|j|☆Shellfarter
|t:|1776351386
|gametype|singles
|player|p1|chrovalis|ethan|1084
|player|p2|Shellfarter|hilda-masters|1075
|gen|9
|tier|[Gen 9] OU
|rated|
|rule|HP Percentage Mod: HP is shown in percentages
|rule|Endless Battle Clause: Forcing endless battles is banned
|rule|Species Clause: Limit one of each Pokémon
|rule|OHKO Clause: OHKO moves are banned
|rule|Evasion Items Clause: Evasion items are banned
|rule|Evasion Moves Clause: Evasion moves are banned
|rule|Evasion Abilities Clause: Evasion abilities are banned
|rule|Sleep Moves Clause: Sleep-inducing moves are banned
|clearpoke
|poke|p1|Arcanine, M|
|poke|p1|Corviknight, M|
|poke|p1|Swampert, M|
|poke|p1|Hariyama, M|
|poke|p1|Glimmora, M|
|poke|p2|Iron Valiant|
|poke|p2|Glimmora, M|
|poke|p2|Kingambit, F|
|poke|p2|Heatran, M|
|poke|p2|Raging Bolt|
|poke|p2|Deoxys-Speed|
|teampreview
|inactive|Battle timer is ON: inactive players will automatically lose when time's up. (requested by chrovalis)
|
|t:|1776351390
|teamsize|p1|5
|teamsize|p2|6
|start
|switch|p1a: Glimmora|Glimmora, M|100/100
|switch|p2a: Deoxys|Deoxys-Speed, shiny|100/100
|-ability|p2a: Deoxys|Pressure
|turn|1
|
|t:|1776351403
|move|p2a: Deoxys|Taunt|p1a: Glimmora
|-start|p1a: Glimmora|move: Taunt
|move|p1a: Glimmora|Sludge Bomb|p2a: Deoxys
|-damage|p2a: Deoxys|43/100
|-status|p2a: Deoxys|psn
|
|-damage|p2a: Deoxys|31/100 psn|[from] psn
|upkeep
|turn|2
|
|t:|1776351414
|move|p2a: Deoxys|Psycho Boost|p1a: Glimmora
|-supereffective|p1a: Glimmora
|-enditem|p1a: Glimmora|Focus Sash
|-damage|p1a: Glimmora|1/100
|-unboost|p2a: Deoxys|spa|2
|move|p1a: Glimmora|Power Gem|p2a: Deoxys
|-damage|p2a: Deoxys|0 fnt
|faint|p2a: Deoxys
|
|upkeep
|
|t:|1776351419
|switch|p2a: Glimmora|Glimmora, M, shiny|100/100
|turn|3
|
|t:|1776351430
|move|p1a: Glimmora|Power Gem|p2a: Glimmora
|-damage|p2a: Glimmora|47/100
|move|p2a: Glimmora|Mortal Spin|p1a: Glimmora
|-resisted|p1a: Glimmora
|-damage|p1a: Glimmora|0 fnt
|-activate|p1a: Glimmora|ability: Toxic Debris
|-sidestart|p2: Shellfarter|move: Toxic Spikes
|-sideend|p2: Shellfarter|Toxic Spikes|[from] move: Mortal Spin|[of] p2a: Glimmora
|faint|p1a: Glimmora
|
|upkeep
|
|t:|1776351441
|switch|p1a: Swampert|Swampert, M|100/100
|turn|4
|
|t:|1776351445
|move|p2a: Glimmora|Meteor Beam||[still]
|-prepare|p2a: Glimmora|Meteor Beam
|-boost|p2a: Glimmora|spa|1
|-enditem|p2a: Glimmora|Power Herb
|-anim|p2a: Glimmora|Meteor Beam|p1a: Swampert
|-resisted|p1a: Swampert
|-damage|p1a: Swampert|65/100
|move|p1a: Swampert|Stealth Rock|p2a: Glimmora
|-sidestart|p2: Shellfarter|move: Stealth Rock
|
|-heal|p1a: Swampert|71/100|[from] item: Leftovers
|upkeep
|turn|5
|
|t:|1776351464
|switch|p1a: Hariyama|Hariyama, M, shiny|100/100
|move|p2a: Glimmora|Mortal Spin|p1a: Hariyama
|-damage|p1a: Hariyama|94/100
|-status|p1a: Hariyama|psn
|-sideend|p2: Shellfarter|Stealth Rock|[from] move: Mortal Spin|[of] p2a: Glimmora
|
|-damage|p1a: Hariyama|81/100 psn|[from] psn
|upkeep
|turn|6
|
|t:|1776351472
|move|p2a: Glimmora|Earth Power|p1a: Hariyama
|-damage|p1a: Hariyama|36/100 psn
|move|p1a: Hariyama|Bulk Up|p1a: Hariyama
|-boost|p1a: Hariyama|atk|1
|-boost|p1a: Hariyama|def|1
|
|-damage|p1a: Hariyama|24/100 psn|[from] psn
|upkeep
|turn|7
|
|t:|1776351477
|move|p1a: Hariyama|Bullet Punch|p2a: Glimmora
|-supereffective|p2a: Glimmora
|-damage|p2a: Glimmora|0 fnt
|-activate|p2a: Glimmora|ability: Toxic Debris
|-sidestart|p1: chrovalis|move: Toxic Spikes
|faint|p2a: Glimmora
|
|-damage|p1a: Hariyama|11/100 psn|[from] psn
|upkeep
|
|t:|1776351486
|switch|p2a: Raging Bolt|Raging Bolt|100/100
|turn|8
|
|t:|1776351489
|move|p2a: Raging Bolt|Thunderclap|p1a: Hariyama
|-damage|p1a: Hariyama|0 fnt
|faint|p1a: Hariyama
|
|upkeep
|
|t:|1776351493
|switch|p1a: Swampert|Swampert, M|71/100
|-status|p1a: Swampert|psn
|turn|9
|
|t:|1776351506
|-end|p2a: Raging Bolt|Protosynthesis|[silent]
|switch|p2a: Iron Valiant|Iron Valiant, shiny|100/100
|-enditem|p2a: Iron Valiant|Booster Energy
|-activate|p2a: Iron Valiant|ability: Quark Drive|[fromitem]
|-start|p2a: Iron Valiant|quarkdrivespe
|move|p1a: Swampert|Earthquake|p2a: Iron Valiant
|-damage|p2a: Iron Valiant|53/100
|
|-heal|p1a: Swampert|77/100 psn|[from] item: Leftovers
|-damage|p1a: Swampert|65/100 psn|[from] psn
|upkeep
|turn|10
|
|t:|1776351519
|switch|p1a: Corviknight|Corviknight, M|100/100
|-ability|p1a: Corviknight|Pressure
|move|p2a: Iron Valiant|Knock Off|p1a: Corviknight
|-damage|p1a: Corviknight|78/100
|-damage|p2a: Iron Valiant|36/100|[from] item: Rocky Helmet|[of] p1a: Corviknight
|-enditem|p1a: Corviknight|Rocky Helmet|[from] move: Knock Off|[of] p2a: Iron Valiant
|
|upkeep
|turn|11
|
|t:|1776351530
|move|p2a: Iron Valiant|Knock Off|p1a: Corviknight
|-damage|p1a: Corviknight|64/100
|move|p1a: Corviknight|Brave Bird|p2a: Iron Valiant
|-supereffective|p2a: Iron Valiant
|-damage|p2a: Iron Valiant|0 fnt
|faint|p2a: Iron Valiant
|-end|p2a: Iron Valiant|Quark Drive|[silent]
|-damage|p1a: Corviknight|56/100|[from] Recoil
|
|upkeep
|
|t:|1776351537
|switch|p2a: Heatran|Heatran, M|100/100
|turn|12
|
|t:|1776351545
|-terastallize|p1a: Corviknight|Flying
|move|p2a: Heatran|Magma Storm|p1a: Corviknight
|-damage|p1a: Corviknight|13/100
|-activate|p1a: Corviknight|move: Magma Storm|[of] p2a: Heatran
|move|p1a: Corviknight|Roost|p1a: Corviknight
|-heal|p1a: Corviknight|63/100
|-hint|If a Terastallized Pokemon uses Roost, it remains Flying-type.
|
|-damage|p1a: Corviknight|51/100|[from] move: Magma Storm|[partiallytrapped]
|upkeep
|turn|13
|
|t:|1776351553
|move|p2a: Heatran|Stealth Rock|p1a: Corviknight
|-sidestart|p1: chrovalis|move: Stealth Rock
|move|p1a: Corviknight|Roost|p1a: Corviknight
|-heal|p1a: Corviknight|100/100
|-hint|If a Terastallized Pokemon uses Roost, it remains Flying-type.
|
|-damage|p1a: Corviknight|88/100|[from] move: Magma Storm|[partiallytrapped]
|upkeep
|turn|14
|
|t:|1776351558
|move|p2a: Heatran|Magma Storm|p1a: Corviknight
|-damage|p1a: Corviknight|48/100
|move|p1a: Corviknight|Iron Defense|p1a: Corviknight
|-boost|p1a: Corviknight|def|2
|
|-damage|p1a: Corviknight|36/100|[from] move: Magma Storm|[partiallytrapped]
|upkeep
|turn|15
|
|t:|1776351563
|move|p2a: Heatran|Magma Storm|p1a: Corviknight|[miss]
|-miss|p2a: Heatran|p1a: Corviknight
|move|p1a: Corviknight|Roost|p1a: Corviknight
|-heal|p1a: Corviknight|86/100
|-hint|If a Terastallized Pokemon uses Roost, it remains Flying-type.
|
|-damage|p1a: Corviknight|74/100|[from] move: Magma Storm|[partiallytrapped]
|upkeep
|turn|16
|
|t:|1776351569
|switch|p2a: Raging Bolt|Raging Bolt|100/100
|move|p1a: Corviknight|Body Press|p2a: Raging Bolt
|-damage|p2a: Raging Bolt|55/100
|
|-end|p1a: Corviknight|Magma Storm|[partiallytrapped]|[silent]
|upkeep
|turn|17
|
|t:|1776351583
|move|p2a: Raging Bolt|Thunderclap|p1a: Corviknight
|-supereffective|p1a: Corviknight
|-damage|p1a: Corviknight|0 fnt
|faint|p1a: Corviknight
|
|upkeep
|
|t:|1776351587
|switch|p1a: Swampert|Swampert, M|65/100 psn
|-damage|p1a: Swampert|58/100 psn|[from] Stealth Rock
|turn|18
|
|t:|1776351592
|-terastallize|p2a: Raging Bolt|Fairy
|move|p2a: Raging Bolt|Dragon Pulse|p1a: Swampert
|-damage|p1a: Swampert|23/100 psn
|move|p1a: Swampert|Earthquake|p2a: Raging Bolt
|-damage|p2a: Raging Bolt|21/100
|
|-heal|p1a: Swampert|29/100 psn|[from] item: Leftovers
|-damage|p1a: Swampert|16/100 psn|[from] psn
|upkeep
|turn|19
|
|t:|1776351601
|move|p2a: Raging Bolt|Dragon Pulse|p1a: Swampert
|-damage|p1a: Swampert|0 fnt
|faint|p1a: Swampert
|
|upkeep
|
|t:|1776351604
|switch|p1a: Arcanine|Arcanine, M|100/100
|-status|p1a: Arcanine|psn
|-damage|p1a: Arcanine|76/100 psn|[from] Stealth Rock
|-ability|p1a: Arcanine|Intimidate|boost
|-unboost|p2a: Raging Bolt|atk|1
|turn|20
|
|t:|1776351609
|move|p1a: Arcanine|Extreme Speed|p2a: Raging Bolt
|-damage|p2a: Raging Bolt|0 fnt
|faint|p2a: Raging Bolt
|-end|p2a: Raging Bolt|Protosynthesis|[silent]
|
|-heal|p1a: Arcanine|82/100 psn|[from] item: Leftovers
|-damage|p1a: Arcanine|69/100 psn|[from] psn
|upkeep
|
|t:|1776351613
|switch|p2a: Heatran|Heatran, M|100/100
|turn|21
|
|t:|1776351617
|move|p1a: Arcanine|Crunch|p2a: Heatran
|-damage|p2a: Heatran|76/100
|-unboost|p2a: Heatran|def|1
|move|p2a: Heatran|Earth Power|p1a: Arcanine
|-supereffective|p1a: Arcanine
|-damage|p1a: Arcanine|9/100 psn
|
|-heal|p1a: Arcanine|15/100 psn|[from] item: Leftovers
|-heal|p2a: Heatran|82/100|[from] item: Leftovers
|-damage|p1a: Arcanine|3/100 psn|[from] psn
|upkeep
|turn|22
|-message|chrovalis forfeited.
|
|win|Shellfarter
|raw|chrovalis's rating: 1084 &rarr; <strong>1061</strong><br />(-23 for losing)
|raw|Shellfarter's rating: 1075 &rarr; <strong>1104</strong><br />(+29 for winning)
|l|☆chrovalis
|player|p1|
