|html|<div class="broadcast-blue"><strong>[Gen 9] OU is currently suspecting Tera Blast! For information on how to participate check out the <a href="https://www.smogon.com/tools/suspects/view/200">suspect thread</a>.</strong></div>
|j|☆b0nboii
|j|☆gabriel0000pop
|t:|1776110776
|gametype|singles
|player|p1|b0nboii|iris-gen5bw2|1269
|player|p2|gabriel0000pop|1|1318
|gen|9
|tier|[Gen 9] OU
|rated|
|rule|HP Percentage Mod: HP is shown in percentages
|rule|Endless Battle Clause: Forcing endless battles is banned
|rule|Species Clause: Limit one of each Pokémon
|rule|OHKO Clause: OHKO moves are banned
|rule|Evasion Items Clause: Evasion items are banned
|rule|Evasion Moves Clause: Evasion moves are banned
|rule|Evasion Abilities Clause: Evasion abilities are banned
|rule|Sleep Moves Clause: Sleep-inducing moves are banned
|clearpoke
|poke|p1|Scrafty, M|
|poke|p1|Great Tusk|
|poke|p1|Greninja-*, M|
|poke|p1|Gholdengo|
|poke|p1|Toxtricity-Low-Key, M|
|poke|p1|Iron Moth|
|poke|p2|Ceruledge, M|
|poke|p2|Dragapult, F|
|poke|p2|Kingambit, F|
|poke|p2|Walking Wake|
|poke|p2|Heatran, F|
|poke|p2|Corviknight, M|
|teampreview
|
|t:|1776110789
|teamsize|p1|6
|teamsize|p2|6
|start
|switch|p1a: hoodlum|Scrafty, M|100/100
|switch|p2a: Heatran|Heatran, F|100/100
|turn|1
|
|t:|1776110799
|move|p2a: Heatran|Taunt|p1a: hoodlum
|-start|p1a: hoodlum|move: Taunt
|cant|p1a: hoodlum|move: Taunt|Bulk Up
|
|upkeep
|turn|2
|
|t:|1776110806
|move|p2a: Heatran|Magma Storm|p1a: hoodlum
|-damage|p1a: hoodlum|64/100
|-activate|p1a: hoodlum|move: Magma Storm|[of] p2a: Heatran
|move|p1a: hoodlum|Drain Punch|p2a: Heatran
|-supereffective|p2a: Heatran
|-damage|p2a: Heatran|47/100
|-heal|p1a: hoodlum|95/100|[from] drain|[of] p2a: Heatran
|
|-heal|p2a: Heatran|53/100|[from] item: Leftovers
|-heal|p1a: hoodlum|100/100|[from] item: Leftovers
|-damage|p1a: hoodlum|88/100|[from] move: Magma Storm|[partiallytrapped]
|upkeep
|turn|3
|
|t:|1776110822
|-terastallize|p2a: Heatran|Grass
|move|p2a: Heatran|Stealth Rock|p1a: hoodlum
|-sidestart|p1: b0nboii|move: Stealth Rock
|move|p1a: hoodlum|Drain Punch|p2a: Heatran
|-damage|p2a: Heatran|25/100
|-heal|p1a: hoodlum|100/100|[from] drain|[of] p2a: Heatran
|
|-heal|p2a: Heatran|31/100|[from] item: Leftovers
|-damage|p1a: hoodlum|88/100|[from] move: Magma Storm|[partiallytrapped]
|-end|p1a: hoodlum|move: Taunt
|upkeep
|turn|4
|
|t:|1776110840
|switch|p2a: Kingambit|Kingambit, F|100/100
|move|p1a: hoodlum|Bulk Up|p1a: hoodlum
|-boost|p1a: hoodlum|atk|1
|-boost|p1a: hoodlum|def|1
|
|-heal|p1a: hoodlum|94/100|[from] item: Leftovers
|-end|p1a: hoodlum|Magma Storm|[partiallytrapped]|[silent]
|upkeep
|turn|5
|
|t:|1776110852
|-end|p2a: Kingambit|fallenundefined|[silent]
|switch|p2a: Ceruledge|Ceruledge, M|100/100
|move|p1a: hoodlum|Drain Punch|p2a: Ceruledge
|-immune|p2a: Ceruledge
|
|-heal|p1a: hoodlum|99/100|[from] item: Leftovers
|upkeep
|turn|6
|
|t:|1776110868
|move|p2a: Ceruledge|Bitter Blade|p1a: hoodlum
|-damage|p1a: hoodlum|79/100
|move|p1a: hoodlum|Knock Off|p2a: Ceruledge
|-supereffective|p2a: Ceruledge
|-damage|p2a: Ceruledge|0 fnt
|-enditem|p2a: Ceruledge|Covert Cloak|[from] move: Knock Off|[of] p1a: hoodlum
|faint|p2a: Ceruledge
|
|-heal|p1a: hoodlum|85/100|[from] item: Leftovers
|upkeep
|-message|gabriel0000pop forfeited.
|
|win|b0nboii
|raw|b0nboii's rating: 1269 &rarr; <strong>1298</strong><br />(+29 for winning)
|raw|gabriel0000pop's rating: 1318 &rarr; <strong>1295</strong><br />(-23 for losing)
|l|☆gabriel0000pop
|player|p2|
|l|☆b0nboii
|player|p1|
