|html|<div class="broadcast-blue"><strong>[Gen 9] OU is currently suspecting Tera Blast! For information on how to participate check out the <a href="https://www.smogon.com/tools/suspects/view/200">suspect thread</a>.</strong></div>
|j|☆Teslatica
|j|☆clouddaearth
|t:|1776046497
|gametype|singles
|player|p1|Teslatica|scientist|1319
|player|p2|clouddaearth|170|1394
|gen|9
|tier|[Gen 9] OU
|rated|
|rule|HP Percentage Mod: HP is shown in percentages
|rule|Endless Battle Clause: Forcing endless battles is banned
|rule|Species Clause: Limit one of each Pokémon
|rule|OHKO Clause: OHKO moves are banned
|rule|Evasion Items Clause: Evasion items are banned
|rule|Evasion Moves Clause: Evasion moves are banned
|rule|Evasion Abilities Clause: Evasion abilities are banned
|rule|Sleep Moves Clause: Sleep-inducing moves are banned
|clearpoke
|poke|p1|Samurott-Hisui, F|
|poke|p1|Dragonite, F|
|poke|p1|Vaporeon, F|
|poke|p1|Moltres|
|poke|p1|Gliscor, F|
|poke|p1|Corviknight, F|
|poke|p2|Hippowdon, F|
|poke|p2|Houndstone, M|
|poke|p2|Tentacruel, F|
|poke|p2|Vikavolt, M|
|poke|p2|Clefable, M|
|poke|p2|Tauros-Paldea-Blaze, M|
|teampreview
|inactive|Battle timer is ON: inactive players will automatically lose when time's up. (requested by Teslatica)
|
|t:|1776046506
|teamsize|p1|6
|teamsize|p2|6
|start
|switch|p1a: Samurott|Samurott-Hisui, F|100/100
|switch|p2a: Vikavolt|Vikavolt, M|100/100
|turn|1
|
|t:|1776046516
|move|p1a: Samurott|Flip Turn|p2a: Vikavolt
|-damage|p2a: Vikavolt|69/100
|
|t:|1776046519
|switch|p1a: Gliscor|Gliscor, F|100/100|[from] Flip Turn
|move|p2a: Vikavolt|Volt Switch|p1a: Gliscor
|-immune|p1a: Gliscor
|
|-status|p1a: Gliscor|tox|[from] item: Toxic Orb
|upkeep
|turn|2
|
|t:|1776046524
|move|p1a: Gliscor|Toxic|p2a: Vikavolt
|-status|p2a: Vikavolt|tox
|move|p2a: Vikavolt|Energy Ball|p1a: Gliscor
|-damage|p1a: Gliscor|58/100 tox
|
|-heal|p1a: Gliscor|70/100 tox|[from] ability: Poison Heal
|-damage|p2a: Vikavolt|63/100 tox|[from] psn
|upkeep
|turn|3
|
|t:|1776046551
|switch|p1a: Moltres|Moltres|100/100
|move|p2a: Vikavolt|Sticky Web|p1a: Moltres
|-sidestart|p1: Teslatica|move: Sticky Web
|
|-damage|p2a: Vikavolt|51/100 tox|[from] psn
|upkeep
|turn|4
|
|t:|1776046559
|-terastallize|p2a: Vikavolt|Electric
|move|p1a: Moltres|Flamethrower|p2a: Vikavolt
|-damage|p2a: Vikavolt|7/100 tox
|-enditem|p2a: Vikavolt|Sitrus Berry|[eat]
|-heal|p2a: Vikavolt|32/100 tox|[from] item: Sitrus Berry
|move|p2a: Vikavolt|Volt Switch|p1a: Moltres
|-supereffective|p1a: Moltres
|-damage|p1a: Moltres|0 fnt
|faint|p1a: Moltres
|
|t:|1776046572
|switch|p2a: Hippowdon|Hippowdon, F|100/100|[from] Volt Switch
|-weather|Sandstorm|[from] ability: Sand Stream|[of] p2a: Hippowdon
|
|-weather|Sandstorm|[upkeep]
|upkeep
|
|t:|1776046585
|switch|p1a: Vaporeon|Vaporeon, F|100/100
|turn|5
|
|t:|1776046591
|switch|p2a: Tentacruel|Tentacruel, F|100/100
|move|p1a: Vaporeon|Scald|p2a: Tentacruel
|-resisted|p2a: Tentacruel
|-damage|p2a: Tentacruel|85/100
|-status|p2a: Tentacruel|brn
|
|-weather|Sandstorm|[upkeep]
|-damage|p2a: Tentacruel|79/100 brn|[from] Sandstorm
|-damage|p1a: Vaporeon|94/100|[from] Sandstorm
|-damage|p2a: Tentacruel|73/100 brn|[from] brn
|upkeep
|turn|6
|
|t:|1776046603
|move|p2a: Tentacruel|Toxic Spikes|p1a: Vaporeon
|-sidestart|p1: Teslatica|move: Toxic Spikes
|move|p1a: Vaporeon|Flip Turn|p2a: Tentacruel
|-resisted|p2a: Tentacruel
|-damage|p2a: Tentacruel|62/100 brn
|
|t:|1776046626
|switch|p1a: Corviknight|Corviknight, F|100/100|[from] Flip Turn
|-ability|p1a: Corviknight|Pressure
|
|-weather|Sandstorm|[upkeep]
|-damage|p2a: Tentacruel|56/100 brn|[from] Sandstorm
|-damage|p2a: Tentacruel|50/100 brn|[from] brn
|upkeep
|turn|7
|
|t:|1776046641
|switch|p2a: Clefable|Clefable, M|100/100
|move|p1a: Corviknight|Iron Defense|p1a: Corviknight
|-boost|p1a: Corviknight|def|2
|
|-weather|Sandstorm|[upkeep]
|-damage|p2a: Clefable|94/100|[from] Sandstorm
|-heal|p2a: Clefable|100/100|[from] item: Leftovers
|upkeep
|turn|8
|
|t:|1776046657
|move|p1a: Corviknight|U-turn|p2a: Clefable
|-resisted|p2a: Clefable
|-damage|p2a: Clefable|93/100
|
|t:|1776046662
|switch|p1a: Vaporeon|Vaporeon, F|94/100|[from] U-turn
|move|p2a: Clefable|Fire Blast|p1a: Vaporeon
|-resisted|p1a: Vaporeon
|-damage|p1a: Vaporeon|82/100
|
|-weather|none
|-heal|p2a: Clefable|99/100|[from] item: Leftovers
|upkeep
|turn|9
|
|t:|1776046673
|move|p1a: Vaporeon|Flip Turn|p2a: Clefable
|-crit|p2a: Clefable
|-damage|p2a: Clefable|77/100
|
|t:|1776046677
|switch|p1a: Gliscor|Gliscor, F|70/100 tox|[from] Flip Turn
|move|p2a: Clefable|Moonblast|p1a: Gliscor
|-damage|p1a: Gliscor|17/100 tox
|
|-heal|p2a: Clefable|83/100|[from] item: Leftovers
|-heal|p1a: Gliscor|30/100 tox|[from] ability: Poison Heal
|upkeep
|turn|10
|
|t:|1776046689
|move|p1a: Gliscor|Protect|p1a: Gliscor
|-singleturn|p1a: Gliscor|Protect
|move|p2a: Clefable|Moonblast|p1a: Gliscor
|-activate|p1a: Gliscor|move: Protect
|
|-heal|p2a: Clefable|89/100|[from] item: Leftovers
|-heal|p1a: Gliscor|42/100 tox|[from] ability: Poison Heal
|upkeep
|turn|11
|
|t:|1776046699
|switch|p1a: Vaporeon|Vaporeon, F|82/100
|move|p2a: Clefable|Moonblast|p1a: Vaporeon
|-damage|p1a: Vaporeon|50/100
|
|-heal|p2a: Clefable|95/100|[from] item: Leftovers
|upkeep
|turn|12
|
|t:|1776046709
|switch|p2a: Vikavolt|Vikavolt, M, tera:Electric|32/100 tox
|move|p1a: Vaporeon|Wish|p1a: Vaporeon
|
|-damage|p2a: Vikavolt|26/100 tox|[from] psn
|upkeep
|turn|13
|
|t:|1776046718
|move|p1a: Vaporeon|Protect|p1a: Vaporeon
|-singleturn|p1a: Vaporeon|Protect
|move|p2a: Vikavolt|Energy Ball|p1a: Vaporeon
|-activate|p1a: Vaporeon|move: Protect
|
|-heal|p1a: Vaporeon|99/100|[from] move: Wish|[wisher] Vaporeon
|-damage|p2a: Vikavolt|14/100 tox|[from] psn
|upkeep
|turn|14
|
|t:|1776046743
|move|p1a: Vaporeon|Wish|p1a: Vaporeon
|move|p2a: Vikavolt|Volt Switch|p1a: Vaporeon
|-supereffective|p1a: Vaporeon
|-damage|p1a: Vaporeon|8/100
|
|t:|1776046751
|switch|p2a: Hippowdon|Hippowdon, F|100/100|[from] Volt Switch
|-weather|Sandstorm|[from] ability: Sand Stream|[of] p2a: Hippowdon
|
|-weather|Sandstorm|[upkeep]
|-damage|p1a: Vaporeon|2/100|[from] Sandstorm
|upkeep
|turn|15
|
|t:|1776046761
|move|p1a: Vaporeon|Protect|p1a: Vaporeon
|-singleturn|p1a: Vaporeon|Protect
|move|p2a: Hippowdon|Stealth Rock|p1a: Vaporeon
|-sidestart|p1: Teslatica|move: Stealth Rock
|
|-weather|Sandstorm|[upkeep]
|-damage|p1a: Vaporeon|0 fnt|[from] Sandstorm
|faint|p1a: Vaporeon
|upkeep
|
|t:|1776046768
|switch|p1a: Gliscor|Gliscor, F|42/100 tox
|-damage|p1a: Gliscor|30/100 tox|[from] Stealth Rock
|turn|16
|
|t:|1776046773
|move|p1a: Gliscor|Toxic|p2a: Hippowdon
|-status|p2a: Hippowdon|tox
|-enditem|p2a: Hippowdon|Lum Berry|[eat]
|-curestatus|p2a: Hippowdon|tox|[msg]
|move|p2a: Hippowdon|Ice Fang|p1a: Gliscor
|-supereffective|p1a: Gliscor
|-damage|p1a: Gliscor|0 fnt
|faint|p1a: Gliscor
|
|-weather|Sandstorm|[upkeep]
|upkeep
|
|t:|1776046792
|switch|p1a: Samurott|Samurott-Hisui, F|100/100
|-activate|p1a: Samurott|move: Sticky Web
|-unboost|p1a: Samurott|spe|1
|-status|p1a: Samurott|psn
|-damage|p1a: Samurott|88/100 psn|[from] Stealth Rock
|turn|17
|
|t:|1776046800
|switch|p2a: Clefable|Clefable, M|95/100
|move|p1a: Samurott|Ceaseless Edge|p2a: Clefable
|-resisted|p2a: Clefable
|-damage|p2a: Clefable|70/100
|-sidestart|p2: clouddaearth|Spikes
|
|-weather|Sandstorm|[upkeep]
|-damage|p1a: Samurott|82/100 psn|[from] Sandstorm
|-damage|p2a: Clefable|64/100|[from] Sandstorm
|-heal|p2a: Clefable|70/100|[from] item: Leftovers
|-damage|p1a: Samurott|69/100 psn|[from] psn
|upkeep
|turn|18
|
|t:|1776046812
|move|p1a: Samurott|Ceaseless Edge|p2a: Clefable
|-resisted|p2a: Clefable
|-damage|p2a: Clefable|46/100
|-sidestart|p2: clouddaearth|Spikes
|move|p2a: Clefable|Moonlight|p2a: Clefable
|-heal|p2a: Clefable|71/100
|
|-weather|none
|-heal|p2a: Clefable|77/100|[from] item: Leftovers
|-damage|p1a: Samurott|57/100 psn|[from] psn
|upkeep
|turn|19
|
|t:|1776046823
|move|p1a: Samurott|Ceaseless Edge|p2a: Clefable
|-resisted|p2a: Clefable
|-damage|p2a: Clefable|49/100
|-sidestart|p2: clouddaearth|Spikes
|move|p2a: Clefable|Moonlight|p2a: Clefable
|-heal|p2a: Clefable|99/100
|
|-heal|p2a: Clefable|100/100|[from] item: Leftovers
|-damage|p1a: Samurott|44/100 psn|[from] psn
|upkeep
|turn|20
|
|t:|1776046835
|switch|p1a: Corviknight|Corviknight, F|100/100
|-ability|p1a: Corviknight|Pressure
|move|p2a: Clefable|Moonblast|p1a: Corviknight
|-resisted|p1a: Corviknight
|-damage|p1a: Corviknight|86/100
|
|upkeep
|turn|21
|
|t:|1776046844
|move|p1a: Corviknight|U-turn|p2a: Clefable
|-resisted|p2a: Clefable
|-crit|p2a: Clefable
|-damage|p2a: Clefable|89/100
|
|t:|1776046847
|switch|p1a: Samurott|Samurott-Hisui, F|44/100 psn|[from] U-turn
|-activate|p1a: Samurott|move: Sticky Web
|-unboost|p1a: Samurott|spe|1
|-damage|p1a: Samurott|32/100 psn|[from] Stealth Rock
|move|p2a: Clefable|Fire Blast|p1a: Samurott
|-resisted|p1a: Samurott
|-damage|p1a: Samurott|8/100 psn
|
|-heal|p2a: Clefable|95/100|[from] item: Leftovers
|-damage|p1a: Samurott|0 fnt|[from] psn
|faint|p1a: Samurott
|upkeep
|
|t:|1776046855
|switch|p1a: Dragonite|Dragonite, F|100/100
|turn|22
|
|t:|1776046863
|move|p1a: Dragonite|Encore|p2a: Clefable
|-start|p2a: Clefable|Encore
|move|p2a: Clefable|Fire Blast|p1a: Dragonite
|-resisted|p1a: Dragonite
|-damage|p1a: Dragonite|92/100
|-status|p1a: Dragonite|brn
|
|-heal|p2a: Clefable|100/100|[from] item: Leftovers
|-damage|p1a: Dragonite|85/100 brn|[from] brn
|upkeep
|turn|23
|-message|Teslatica forfeited.
|
|win|clouddaearth
|raw|Teslatica's rating: 1319 &rarr; <strong>1303</strong><br />(-16 for losing)
|raw|clouddaearth's rating: 1394 &rarr; <strong>1410</strong><br />(+16 for winning)
|l|☆Teslatica
|player|p1|
