|html|<div class="broadcast-blue"><strong>[Gen 9] OU is currently suspecting Tera Blast! For information on how to participate check out the <a href="https://www.smogon.com/tools/suspects/view/200">suspect thread</a>.</strong></div>
|j|☆horseatrainer
|j|☆melf001
|t:|1776061616
|gametype|singles
|player|p1|horseatrainer|giovanni|1244
|player|p2|melf001|cynthia-gen4|1248
|gen|9
|tier|[Gen 9] OU
|rated|
|rule|HP Percentage Mod: HP is shown in percentages
|rule|Endless Battle Clause: Forcing endless battles is banned
|rule|Species Clause: Limit one of each Pokémon
|rule|OHKO Clause: OHKO moves are banned
|rule|Evasion Items Clause: Evasion items are banned
|rule|Evasion Moves Clause: Evasion moves are banned
|rule|Evasion Abilities Clause: Evasion abilities are banned
|rule|Sleep Moves Clause: Sleep-inducing moves are banned
|clearpoke
|poke|p1|Darkrai|
|poke|p1|Clefable, F|
|poke|p1|Corviknight, F|
|poke|p1|Metagross|
|poke|p1|Gholdengo|
|poke|p1|Thundurus-Therian, M|
|poke|p2|Glimmora, F|
|poke|p2|Sinistcha-Masterpiece|
|poke|p2|Great Tusk|
|poke|p2|Iron Moth|
|poke|p2|Walking Wake|
|poke|p2|Dragonite, M|
|teampreview
|inactive|Battle timer is ON: inactive players will automatically lose when time's up. (requested by melf001)
|
|t:|1776061619
|teamsize|p1|6
|teamsize|p2|6
|start
|switch|p1a: Metagross|Metagross|100/100
|switch|p2a: Glimmora|Glimmora, F, shiny|100/100
|turn|1
|inactive|melf001 has 120 seconds left.
|
|t:|1776061652
|move|p2a: Glimmora|Stealth Rock|p1a: Metagross
|-sidestart|p1: horseatrainer|move: Stealth Rock
|move|p1a: Metagross|Psychic Fangs|p2a: Glimmora
|-supereffective|p2a: Glimmora
|-enditem|p2a: Glimmora|Focus Sash
|-damage|p2a: Glimmora|1/100
|-activate|p2a: Glimmora|ability: Toxic Debris
|-sidestart|p1: horseatrainer|move: Toxic Spikes
|
|upkeep
|turn|2
|
|t:|1776061665
|move|p2a: Glimmora|Earth Power|p1a: Metagross
|-supereffective|p1a: Metagross
|-damage|p1a: Metagross|37/100
|move|p1a: Metagross|Earthquake|p2a: Glimmora
|-supereffective|p2a: Glimmora
|-crit|p2a: Glimmora
|-damage|p2a: Glimmora|0 fnt
|-activate|p2a: Glimmora|ability: Toxic Debris
|-sidestart|p1: horseatrainer|move: Toxic Spikes
|faint|p2a: Glimmora
|
|upkeep
|
|t:|1776061669
|switch|p2a: Iron Moth|Iron Moth, shiny|100/100
|-enditem|p2a: Iron Moth|Booster Energy
|-activate|p2a: Iron Moth|ability: Quark Drive|[fromitem]
|-start|p2a: Iron Moth|quarkdrivespe
|turn|3
|
|t:|1776061680
|move|p2a: Iron Moth|Fiery Dance|p1a: Metagross
|-supereffective|p1a: Metagross
|-damage|p1a: Metagross|0 fnt
|faint|p1a: Metagross
|
|upkeep
|inactive|horseatrainer has 120 seconds left.
|
|t:|1776061708
|switch|p1a: Thundurus|Thundurus-Therian, M|100/100
|-damage|p1a: Thundurus|76/100|[from] Stealth Rock
|turn|4
|
|t:|1776061715
|move|p2a: Iron Moth|Fiery Dance|p1a: Thundurus
|-damage|p1a: Thundurus|20/100
|move|p1a: Thundurus|Thunderbolt|p2a: Iron Moth
|-damage|p2a: Iron Moth|40/100
|
|upkeep
|turn|5
|
|t:|1776061722
|move|p2a: Iron Moth|Fiery Dance|p1a: Thundurus
|-crit|p1a: Thundurus
|-damage|p1a: Thundurus|0 fnt
|-boost|p2a: Iron Moth|spa|1
|faint|p1a: Thundurus
|
|upkeep
|
|t:|1776061731
|switch|p1a: Clefable|Clefable, F|100/100
|-damage|p1a: Clefable|88/100|[from] Stealth Rock
|-status|p1a: Clefable|tox
|turn|6
|
|t:|1776061739
|move|p2a: Iron Moth|Sludge Wave|p1a: Clefable
|-supereffective|p1a: Clefable
|-damage|p1a: Clefable|27/100 tox
|move|p1a: Clefable|Cosmic Power|p1a: Clefable
|-boost|p1a: Clefable|def|1
|-boost|p1a: Clefable|spd|1
|
|-heal|p1a: Clefable|33/100 tox|[from] item: Leftovers
|-damage|p1a: Clefable|27/100 tox|[from] psn
|upkeep
|turn|7
|
|t:|1776061749
|move|p2a: Iron Moth|Sludge Wave|p1a: Clefable
|-supereffective|p1a: Clefable
|-damage|p1a: Clefable|0 fnt
|faint|p1a: Clefable
|
|upkeep
|
|t:|1776061754
|switch|p1a: Gholdengo|Gholdengo|100/100
|-damage|p1a: Gholdengo|94/100|[from] Stealth Rock
|turn|8
|
|t:|1776061760
|move|p2a: Iron Moth|Fiery Dance|p1a: Gholdengo
|-supereffective|p1a: Gholdengo
|-damage|p1a: Gholdengo|0 fnt
|-boost|p2a: Iron Moth|spa|1
|faint|p1a: Gholdengo
|
|upkeep
|
|t:|1776061768
|switch|p1a: Darkrai|Darkrai|100/100
|-damage|p1a: Darkrai|88/100|[from] Stealth Rock
|-status|p1a: Darkrai|tox
|turn|9
|
|t:|1776061774
|move|p2a: Iron Moth|Dazzling Gleam|p1a: Darkrai
|-supereffective|p1a: Darkrai
|-damage|p1a: Darkrai|0 fnt
|faint|p1a: Darkrai
|
|upkeep
|-message|horseatrainer forfeited.
|
|win|melf001
|raw|horseatrainer's rating: 1244 &rarr; <strong>1219</strong><br />(-25 for losing)
|raw|melf001's rating: 1248 &rarr; <strong>1273</strong><br />(+25 for winning)
|l|☆melf001
|player|p2|
|l|☆horseatrainer
|player|p1|
