|html|<div class="broadcast-blue"><strong>[Gen 9] OU is currently suspecting Tera Blast! For information on how to participate check out the <a href="https://www.smogon.com/tools/suspects/view/200">suspect thread</a>.</strong></div>
|j|☆Zecknomes
|j|☆matrixleader09
|t:|1776352291
|gametype|singles
|player|p1|Zecknomes|gardenia|1415
|player|p2|matrixleader09|2|1411
|gen|9
|tier|[Gen 9] OU
|rated|
|rule|HP Percentage Mod: HP is shown in percentages
|rule|Endless Battle Clause: Forcing endless battles is banned
|rule|Species Clause: Limit one of each Pokémon
|rule|OHKO Clause: OHKO moves are banned
|rule|Evasion Items Clause: Evasion items are banned
|rule|Evasion Moves Clause: Evasion moves are banned
|rule|Evasion Abilities Clause: Evasion abilities are banned
|rule|Sleep Moves Clause: Sleep-inducing moves are banned
|clearpoke
|poke|p1|Ninetales, F|
|poke|p1|Walking Wake|
|poke|p1|Ceruledge, M|
|poke|p1|Great Tusk|
|poke|p1|Raging Bolt|
|poke|p1|Heatran, F|
|poke|p2|Ogerpon-Wellspring, F|
|poke|p2|Kingambit, M|
|poke|p2|Landorus-Therian, M|
|poke|p2|Glimmora, M|
|poke|p2|Dragapult, F|
|poke|p2|Iron Valiant|
|teampreview
|inactive|Battle timer is ON: inactive players will automatically lose when time's up. (requested by Zecknomes)
|inactive|matrixleader09 has 120 seconds left.
|inactive|matrixleader09 has 90 seconds left.
|
|t:|1776352358
|teamsize|p1|6
|teamsize|p2|6
|start
|switch|p1a: Great Tusk|Great Tusk|100/100
|switch|p2a: Landorus|Landorus-Therian, M|100/100
|-ability|p2a: Landorus|Intimidate|boost
|-unboost|p1a: Great Tusk|atk|1
|turn|1
|
|t:|1776352366
|move|p2a: Landorus|Taunt|p1a: Great Tusk
|-start|p1a: Great Tusk|move: Taunt
|cant|p1a: Great Tusk|move: Taunt|Stealth Rock
|
|upkeep
|turn|2
|
|t:|1776352370
|move|p2a: Landorus|Stealth Rock|p1a: Great Tusk
|-sidestart|p1: Zecknomes|move: Stealth Rock
|move|p1a: Great Tusk|Ice Spinner|p2a: Landorus
|-supereffective|p2a: Landorus
|-damage|p2a: Landorus|31/100
|-damage|p1a: Great Tusk|84/100|[from] item: Rocky Helmet|[of] p2a: Landorus
|
|upkeep
|turn|3
|
|t:|1776352378
|switch|p2a: Ogerpon|Ogerpon-Wellspring, F|100/100
|move|p1a: Great Tusk|Rapid Spin|p2a: Ogerpon
|-damage|p2a: Ogerpon|85/100
|-boost|p1a: Great Tusk|spe|1
|-sideend|p1: Zecknomes|Stealth Rock|[from] move: Rapid Spin|[of] p1a: Great Tusk
|
|-end|p1a: Great Tusk|move: Taunt
|upkeep
|turn|4
|
|t:|1776352387
|-end|p1a: Great Tusk|Protosynthesis|[silent]
|switch|p1a: Gros bœuf|Walking Wake|100/100
|move|p2a: Ogerpon|Play Rough|p1a: Gros bœuf
|-supereffective|p1a: Gros bœuf
|-damage|p1a: Gros bœuf|26/100
|
|upkeep
|turn|5
|
|t:|1776352407
|-end|p1a: Gros bœuf|Protosynthesis|[silent]
|switch|p1a: The SUN|Ninetales, F|100/100
|-weather|SunnyDay|[from] ability: Drought|[of] p1a: The SUN
|move|p2a: Ogerpon|Play Rough|p1a: The SUN
|-resisted|p1a: The SUN
|-damage|p1a: The SUN|78/100
|
|-weather|SunnyDay|[upkeep]
|upkeep
|turn|6
|inactive|matrixleader09 has 120 seconds left.
|inactive|matrixleader09 has 90 seconds left.
|
|t:|1776352480
|-terastallize|p2a: Ogerpon|Water
|detailschange|p2a: Ogerpon|Ogerpon-Wellspring-Tera, F, tera:Water
|-ability|p2a: Ogerpon|Embody Aspect (Wellspring)|boost
|-boost|p2a: Ogerpon|spd|1
|move|p2a: Ogerpon|Ivy Cudgel|p1a: The SUN|[anim] Ivy Cudgel Water
|-supereffective|p1a: The SUN
|-damage|p1a: The SUN|0 fnt
|faint|p1a: The SUN
|
|-weather|SunnyDay|[upkeep]
|upkeep
|
|t:|1776352487
|switch|p1a: Raging Bolt|Raging Bolt|100/100
|-activate|p1a: Raging Bolt|ability: Protosynthesis
|-start|p1a: Raging Bolt|protosynthesisspa
|turn|7
|
|t:|1776352498
|switch|p2a: Landorus|Landorus-Therian, M|31/100
|-ability|p2a: Landorus|Intimidate|boost
|-unboost|p1a: Raging Bolt|atk|1
|move|p1a: Raging Bolt|Dragon Pulse|p2a: Landorus
|-damage|p2a: Landorus|0 fnt
|faint|p2a: Landorus
|
|-weather|SunnyDay|[upkeep]
|upkeep
|
|t:|1776352509
|switch|p2a: Dragapult|Dragapult, F|100/100
|turn|8
|
|t:|1776352513
|-end|p1a: Raging Bolt|Protosynthesis|[silent]
|switch|p1a: Heatran|Heatran, F|100/100
|move|p2a: Dragapult|U-turn|p1a: Heatran
|-resisted|p1a: Heatran
|-damage|p1a: Heatran|97/100
|
|t:|1776352519
|switch|p2a: Ogerpon|Ogerpon-Wellspring-Tera, F, tera:Water|85/100|[from] U-turn
|-ability|p2a: Ogerpon|Embody Aspect (Wellspring)|boost
|-boost|p2a: Ogerpon|spd|1
|
|-weather|SunnyDay|[upkeep]
|-heal|p1a: Heatran|100/100|[from] item: Leftovers
|upkeep
|turn|9
|
|t:|1776352527
|switch|p1a: Gros bœuf|Walking Wake|26/100
|-activate|p1a: Gros bœuf|ability: Protosynthesis
|-start|p1a: Gros bœuf|protosynthesisspe
|move|p2a: Ogerpon|Ivy Cudgel|p1a: Gros bœuf|[anim] Ivy Cudgel Water
|-resisted|p1a: Gros bœuf
|-damage|p1a: Gros bœuf|17/100
|
|-weather|SunnyDay|[upkeep]
|upkeep
|turn|10
|inactive|matrixleader09 has 90 seconds left.
|inactive|matrixleader09 has 60 seconds left.
|
|t:|1776352583
|move|p1a: Gros bœuf|Draco Meteor|p2a: Ogerpon
|-damage|p2a: Ogerpon|4/100
|-unboost|p1a: Gros bœuf|spa|2
|move|p2a: Ogerpon|Play Rough|p1a: Gros bœuf
|-supereffective|p1a: Gros bœuf
|-damage|p1a: Gros bœuf|0 fnt
|faint|p1a: Gros bœuf
|-end|p1a: Gros bœuf|Protosynthesis|[silent]
|
|-weather|SunnyDay|[upkeep]
|upkeep
|
|t:|1776352586
|switch|p1a: Migatte|Ceruledge, M|100/100
|turn|11
|
|t:|1776352590
|move|p1a: Migatte|Shadow Sneak|p2a: Ogerpon
|-damage|p2a: Ogerpon|0 fnt
|faint|p2a: Ogerpon
|detailschange|p2: Ogerpon|Ogerpon-Wellspring, F|[silent]
|
|-weather|SunnyDay|[upkeep]
|upkeep
|
|t:|1776352593
|switch|p2a: Glimmora|Glimmora, M|100/100
|turn|12
|
|t:|1776352597
|switch|p1a: Great Tusk|Great Tusk|84/100
|-activate|p1a: Great Tusk|ability: Protosynthesis
|-start|p1a: Great Tusk|protosynthesisatk
|move|p2a: Glimmora|Meteor Beam||[still]
|-prepare|p2a: Glimmora|Meteor Beam
|-boost|p2a: Glimmora|spa|1
|-enditem|p2a: Glimmora|Power Herb
|-anim|p2a: Glimmora|Meteor Beam|p1a: Great Tusk|[miss]
|-miss|p2a: Glimmora|p1a: Great Tusk
|
|-weather|none
|-end|p1a: Great Tusk|Protosynthesis
|upkeep
|turn|13
|
|t:|1776352606
|move|p1a: Great Tusk|Headlong Rush|p2a: Glimmora
|-supereffective|p2a: Glimmora
|-damage|p2a: Glimmora|0 fnt
|-unboost|p1a: Great Tusk|def|1
|-unboost|p1a: Great Tusk|spd|1
|-activate|p2a: Glimmora|ability: Toxic Debris
|-sidestart|p1: Zecknomes|move: Toxic Spikes
|faint|p2a: Glimmora
|
|upkeep
|
|t:|1776352609
|switch|p2a: Iron Valiant|Iron Valiant|100/100
|-enditem|p2a: Iron Valiant|Booster Energy
|-activate|p2a: Iron Valiant|ability: Quark Drive|[fromitem]
|-start|p2a: Iron Valiant|quarkdrivespe
|turn|14
|
|t:|1776352616
|-end|p1a: Great Tusk|Protosynthesis|[silent]
|switch|p1a: Heatran|Heatran, F|100/100
|move|p2a: Iron Valiant|Spirit Break|p1a: Heatran
|-resisted|p1a: Heatran
|-damage|p1a: Heatran|92/100
|-unboost|p1a: Heatran|spa|1
|
|-heal|p1a: Heatran|98/100|[from] item: Leftovers
|upkeep
|turn|15
|inactive|matrixleader09 has 90 seconds left.
|
|t:|1776352634
|move|p2a: Iron Valiant|Swords Dance|p2a: Iron Valiant
|-boost|p2a: Iron Valiant|atk|2
|move|p1a: Heatran|Will-O-Wisp|p2a: Iron Valiant|[miss]
|-miss|p1a: Heatran|p2a: Iron Valiant
|
|-heal|p1a: Heatran|100/100|[from] item: Leftovers
|upkeep
|turn|16
|inactive|matrixleader09 has 90 seconds left.
|inactive|matrixleader09 has 60 seconds left.
|
|t:|1776352681
|move|p2a: Iron Valiant|Spirit Break|p1a: Heatran
|-resisted|p1a: Heatran
|-damage|p1a: Heatran|84/100
|-unboost|p1a: Heatran|spa|1
|move|p1a: Heatran|Will-O-Wisp|p2a: Iron Valiant
|-status|p2a: Iron Valiant|brn
|
|-heal|p1a: Heatran|90/100|[from] item: Leftovers
|-damage|p2a: Iron Valiant|94/100 brn|[from] brn
|upkeep
|turn|17
|inactive|matrixleader09 has 60 seconds left.
|
|t:|1776352692
|move|p2a: Iron Valiant|Swords Dance|p2a: Iron Valiant
|-boost|p2a: Iron Valiant|atk|2
|move|p1a: Heatran|Magma Storm|p2a: Iron Valiant
|-damage|p2a: Iron Valiant|54/100 brn
|-activate|p2a: Iron Valiant|move: Magma Storm|[of] p1a: Heatran
|
|-heal|p1a: Heatran|97/100|[from] item: Leftovers
|-damage|p2a: Iron Valiant|48/100 brn|[from] brn
|-damage|p2a: Iron Valiant|36/100 brn|[from] move: Magma Storm|[partiallytrapped]
|upkeep
|turn|18
|
|t:|1776352700
|move|p2a: Iron Valiant|Knock Off|p1a: Heatran
|-damage|p1a: Heatran|55/100
|-enditem|p1a: Heatran|Leftovers|[from] move: Knock Off|[of] p2a: Iron Valiant
|move|p1a: Heatran|Earth Power|p2a: Iron Valiant
|-damage|p2a: Iron Valiant|11/100 brn
|
|-damage|p2a: Iron Valiant|5/100 brn|[from] brn
|-damage|p2a: Iron Valiant|0 fnt|[from] move: Magma Storm|[partiallytrapped]
|faint|p2a: Iron Valiant
|-end|p2a: Iron Valiant|Quark Drive|[silent]
|upkeep
|inactive|matrixleader09 has 60 seconds left.
|
|t:|1776352713
|switch|p2a: Dragapult|Dragapult, F|100/100
|turn|19
|inactive|matrixleader09 has 60 seconds left.
|
|t:|1776352726
|move|p2a: Dragapult|U-turn|p1a: Heatran
|-resisted|p1a: Heatran
|-damage|p1a: Heatran|51/100
|
|t:|1776352728
|switch|p2a: Kingambit|Kingambit, M|100/100|[from] U-turn
|-activate|p2a: Kingambit|ability: Supreme Overlord
|-start|p2a: Kingambit|fallen4|[silent]
|move|p1a: Heatran|Magma Storm|p2a: Kingambit|[miss]
|-miss|p1a: Heatran|p2a: Kingambit
|
|upkeep
|turn|20
|
|t:|1776352736
|-end|p2a: Kingambit|fallen4|[silent]
|switch|p2a: Dragapult|Dragapult, F|100/100
|move|p1a: Heatran|Taunt|p2a: Dragapult
|-start|p2a: Dragapult|move: Taunt
|
|upkeep
|turn|21
|
|t:|1776352743
|move|p2a: Dragapult|Shadow Ball|p1a: Heatran
|-damage|p1a: Heatran|20/100
|move|p1a: Heatran|Magma Storm|p2a: Dragapult
|-resisted|p2a: Dragapult
|-damage|p2a: Dragapult|86/100
|-activate|p2a: Dragapult|move: Magma Storm|[of] p1a: Heatran
|
|-damage|p2a: Dragapult|74/100|[from] move: Magma Storm|[partiallytrapped]
|upkeep
|turn|22
|
|t:|1776352749
|move|p2a: Dragapult|Shadow Ball|p1a: Heatran
|-damage|p1a: Heatran|0 fnt
|faint|p1a: Heatran
|
|-end|p2a: Dragapult|Magma Storm|[partiallytrapped]|[silent]
|-end|p2a: Dragapult|move: Taunt
|upkeep
|
|t:|1776352758
|switch|p1a: Raging Bolt|Raging Bolt|100/100
|turn|23
|
|t:|1776352766
|switch|p2a: Kingambit|Kingambit, M|100/100
|-activate|p2a: Kingambit|ability: Supreme Overlord
|-start|p2a: Kingambit|fallen4|[silent]
|-terastallize|p1a: Raging Bolt|Fairy
|move|p1a: Raging Bolt|Dragon Pulse|p2a: Kingambit
|-resisted|p2a: Kingambit
|-crit|p2a: Kingambit
|-damage|p2a: Kingambit|64/100
|
|-heal|p2a: Kingambit|70/100|[from] item: Leftovers
|upkeep
|turn|24
|
|t:|1776352774
|move|p1a: Raging Bolt|Thunderbolt|p2a: Kingambit
|-damage|p2a: Kingambit|20/100
|move|p2a: Kingambit|Iron Head|p1a: Raging Bolt
|-supereffective|p1a: Raging Bolt
|-damage|p1a: Raging Bolt|0 fnt
|faint|p1a: Raging Bolt
|-end|p1a: Raging Bolt|Protosynthesis|[silent]
|
|-heal|p2a: Kingambit|27/100|[from] item: Leftovers
|upkeep
|
|t:|1776352778
|switch|p1a: Great Tusk|Great Tusk|84/100
|turn|25
|inactive|matrixleader09 has 90 seconds left.
|
|t:|1776352830
|move|p1a: Great Tusk|Headlong Rush|p2a: Kingambit
|-supereffective|p2a: Kingambit
|-damage|p2a: Kingambit|0 fnt
|-unboost|p1a: Great Tusk|def|1
|-unboost|p1a: Great Tusk|spd|1
|faint|p2a: Kingambit
|-end|p2a: Kingambit|fallen4|[silent]
|
|upkeep
|
|t:|1776352832
|switch|p2a: Dragapult|Dragapult, F|74/100
|turn|26
|
|t:|1776352836
|move|p2a: Dragapult|Shadow Ball|p1a: Great Tusk
|-damage|p1a: Great Tusk|0 fnt
|faint|p1a: Great Tusk
|-end|p1a: Great Tusk|Protosynthesis|[silent]
|
|upkeep
|
|t:|1776352839
|switch|p1a: Migatte|Ceruledge, M|100/100
|-status|p1a: Migatte|psn
|turn|27
|
|t:|1776352847
|move|p2a: Dragapult|Shadow Ball|p1a: Migatte
|-supereffective|p1a: Migatte
|-enditem|p1a: Migatte|Focus Sash
|-damage|p1a: Migatte|1/100 psn
|move|p1a: Migatte|Bitter Blade|p2a: Dragapult
|-resisted|p2a: Dragapult
|-damage|p2a: Dragapult|43/100
|-heal|p1a: Migatte|17/100 psn|[from] drain|[of] p2a: Dragapult
|
|-damage|p1a: Migatte|5/100 psn|[from] psn
|upkeep
|turn|28
|
|t:|1776352855
|move|p1a: Migatte|Shadow Sneak|p2a: Dragapult
|-supereffective|p2a: Dragapult
|-damage|p2a: Dragapult|0 fnt
|faint|p2a: Dragapult
|
|win|Zecknomes
|raw|Zecknomes's rating: 1415 &rarr; <strong>1435</strong><br />(+20 for winning)
|raw|matrixleader09's rating: 1411 &rarr; <strong>1391</strong><br />(-20 for losing)
|c|☆Zecknomes|Gg
|l|☆matrixleader09
|player|p2|
|c|☆Zecknomes|Close
