|html|<div class="broadcast-blue"><strong>[Gen 9] OU is currently suspecting Tera Blast! For information on how to participate check out the <a href="https://www.smogon.com/tools/suspects/view/200">suspect thread</a>.</strong></div>
|j|☆Koolil
|j|☆kjojon
|t:|1776203130
|gametype|singles
|player|p1|Koolil|lance|1053
|player|p2|kjojon|brock|1103
|gen|9
|tier|[Gen 9] OU
|rated|
|rule|HP Percentage Mod: HP is shown in percentages
|rule|Endless Battle Clause: Forcing endless battles is banned
|rule|Species Clause: Limit one of each Pokémon
|rule|OHKO Clause: OHKO moves are banned
|rule|Evasion Items Clause: Evasion items are banned
|rule|Evasion Moves Clause: Evasion moves are banned
|rule|Evasion Abilities Clause: Evasion abilities are banned
|rule|Sleep Moves Clause: Sleep-inducing moves are banned
|clearpoke
|poke|p1|Hawlucha, F|
|poke|p1|Dragapult, M|
|poke|p1|Scizor, M|
|poke|p1|Milotic, M|
|poke|p1|Reuniclus, M|
|poke|p1|Meowscarada, M|
|poke|p2|Weezing-Galar, F|
|poke|p2|Cinderace, F|
|poke|p2|Duraludon, M|
|poke|p2|Hitmontop, M|
|poke|p2|Necrozma|
|poke|p2|Porygon-Z|
|teampreview
|
|t:|1776203134
|teamsize|p1|6
|teamsize|p2|6
|start
|switch|p1a: Scizor|Scizor, M|100/100
|switch|p2a: PoyPee|Porygon-Z, shiny|100/100
|turn|1
|
|t:|1776203163
|move|p2a: PoyPee|Tri Attack|p1a: Scizor
|-resisted|p1a: Scizor
|-damage|p1a: Scizor|61/100
|move|p1a: Scizor|Dual Wingbeat|p2a: PoyPee
|-damage|p2a: PoyPee|69/100
|-damage|p2a: PoyPee|40/100
|-hitcount|p2a: PoyPee|2
|
|upkeep
|turn|2
|
|t:|1776203172
|move|p2a: PoyPee|Tri Attack|p1a: Scizor
|-resisted|p1a: Scizor
|-damage|p1a: Scizor|21/100
|move|p1a: Scizor|Dual Wingbeat|p2a: PoyPee
|-damage|p2a: PoyPee|4/100
|-enditem|p2a: PoyPee|Salac Berry|[eat]
|-boost|p2a: PoyPee|spe|1|[from] item: Salac Berry
|-damage|p2a: PoyPee|0 fnt
|faint|p2a: PoyPee
|-hitcount|p2: PoyPee|2
|
|upkeep
|
|t:|1776203180
|switch|p2a: Garfiel|Hitmontop, M|100/100
|turn|3
|
|t:|1776203185
|move|p2a: Garfiel|Fake Out|p1a: Scizor
|-resisted|p1a: Scizor
|-damage|p1a: Scizor|11/100
|cant|p1a: Scizor|flinch
|
|upkeep
|turn|4
|
|t:|1776203190
|move|p2a: Garfiel|Mach Punch|p1a: Scizor
|-damage|p1a: Scizor|0 fnt
|faint|p1a: Scizor
|
|upkeep
|
|t:|1776203197
|switch|p1a: Hawlucha|Hawlucha, F|100/100
|turn|5
|
|t:|1776203202
|move|p1a: Hawlucha|Zen Headbutt|p2a: Garfiel
|-supereffective|p2a: Garfiel
|-damage|p2a: Garfiel|40/100
|move|p2a: Garfiel|Triple Axel|p1a: Hawlucha
|-supereffective|p1a: Hawlucha
|-damage|p1a: Hawlucha|70/100
|-supereffective|p1a: Hawlucha
|-damage|p1a: Hawlucha|12/100
|-supereffective|p1a: Hawlucha
|-damage|p1a: Hawlucha|0 fnt
|faint|p1a: Hawlucha
|-hitcount|p1: Hawlucha|3
|
|upkeep
|
|t:|1776203226
|switch|p1a: Dragapult|Dragapult, M|100/100
|turn|6
|
|t:|1776203230
|move|p1a: Dragapult|Dragon Rush|p2a: Garfiel
|-damage|p2a: Garfiel|0 fnt
|faint|p2a: Garfiel
|
|upkeep
|
|t:|1776203233
|switch|p2a: Babylon|Duraludon, M, shiny|100/100
|turn|7
|
|t:|1776203240
|move|p1a: Dragapult|Phantom Force||[still]
|-prepare|p1a: Dragapult|Phantom Force
|move|p2a: Babylon|Dragon Pulse|p1a: Dragapult|[miss]
|-miss|p2a: Babylon|p1a: Dragapult
|
|upkeep
|turn|8
|
|t:|1776203248
|move|p1a: Dragapult|Phantom Force|p2a: Babylon|[from] lockedmove
|-damage|p2a: Babylon|70/100
|move|p2a: Babylon|Dragon Pulse|p1a: Dragapult
|-supereffective|p1a: Dragapult
|-damage|p1a: Dragapult|0 fnt
|-start|p2a: Babylon|Disable|Dragon Pulse|[from] ability: Cursed Body|[of] p1a: Dragapult
|faint|p1a: Dragapult
|
|upkeep
|
|t:|1776203262
|switch|p1a: Milotic|Milotic, M|100/100
|turn|9
|
|t:|1776203265
|move|p2a: Babylon|Thunderbolt|p1a: Milotic
|-supereffective|p1a: Milotic
|-damage|p1a: Milotic|51/100
|move|p1a: Milotic|Whirlpool|p2a: Babylon
|-resisted|p2a: Babylon
|-damage|p2a: Babylon|61/100
|-activate|p2a: Babylon|move: Whirlpool|[of] p1a: Milotic
|
|-damage|p2a: Babylon|49/100|[from] move: Whirlpool|[partiallytrapped]
|upkeep
|turn|10
|
|t:|1776203274
|move|p2a: Babylon|Thunderbolt|p1a: Milotic
|-supereffective|p1a: Milotic
|-damage|p1a: Milotic|6/100
|move|p1a: Milotic|Draining Kiss|p2a: Babylon
|-damage|p2a: Babylon|30/100
|-heal|p1a: Milotic|17/100|[from] drain|[of] p2a: Babylon
|
|-damage|p2a: Babylon|17/100|[from] move: Whirlpool|[partiallytrapped]
|upkeep
|turn|11
|
|t:|1776203282
|move|p2a: Babylon|Thunderbolt|p1a: Milotic
|-supereffective|p1a: Milotic
|-damage|p1a: Milotic|0 fnt
|faint|p1a: Milotic
|
|-end|p2a: Babylon|Whirlpool|[partiallytrapped]|[silent]
|-end|p2a: Babylon|Disable
|upkeep
|
|t:|1776203288
|switch|p1a: Reuniclus|Reuniclus, M|100/100
|turn|12
|
|t:|1776203292
|move|p2a: Babylon|Dragon Pulse|p1a: Reuniclus
|-damage|p1a: Reuniclus|72/100
|move|p1a: Reuniclus|Psychic|p2a: Babylon
|-resisted|p2a: Babylon
|-damage|p2a: Babylon|0 fnt
|faint|p2a: Babylon
|
|upkeep
|
|t:|1776203309
|switch|p2a: R-Pyrite|Necrozma, shiny|100/100
|turn|13
|
|t:|1776203316
|move|p2a: R-Pyrite|Dragon Dance|p2a: R-Pyrite
|-boost|p2a: R-Pyrite|atk|1
|-boost|p2a: R-Pyrite|spe|1
|move|p1a: Reuniclus|Trick Room|p1a: Reuniclus
|-fieldstart|move: Trick Room|[of] p1a: Reuniclus
|
|upkeep
|turn|14
|
|t:|1776203344
|move|p1a: Reuniclus|Encore|p2a: R-Pyrite
|-start|p2a: R-Pyrite|Encore
|move|p2a: R-Pyrite|Dragon Dance|p2a: R-Pyrite
|-boost|p2a: R-Pyrite|atk|1
|-boost|p2a: R-Pyrite|spe|1
|
|upkeep
|turn|15
|
|t:|1776203356
|move|p1a: Reuniclus|Psychic|p2a: R-Pyrite
|-resisted|p2a: R-Pyrite
|-damage|p2a: R-Pyrite|72/100
|move|p2a: R-Pyrite|Dragon Dance|p2a: R-Pyrite
|-boost|p2a: R-Pyrite|atk|1
|-boost|p2a: R-Pyrite|spe|1
|
|upkeep
|turn|16
|
|t:|1776203365
|move|p1a: Reuniclus|Psychic|p2a: R-Pyrite
|-resisted|p2a: R-Pyrite
|-damage|p2a: R-Pyrite|42/100
|-unboost|p2a: R-Pyrite|spd|1
|move|p2a: R-Pyrite|Dragon Dance|p2a: R-Pyrite
|-boost|p2a: R-Pyrite|atk|1
|-boost|p2a: R-Pyrite|spe|1
|
|-end|p2a: R-Pyrite|Encore
|upkeep
|turn|17
|
|t:|1776203377
|switch|p2a: Joao|Cinderace, F, shiny|100/100
|move|p1a: Reuniclus|Encore||[still]
|-fail|p1a: Reuniclus
|
|-fieldend|move: Trick Room
|upkeep
|turn|18
|
|t:|1776203384
|move|p2a: Joao|Sucker Punch||[still]
|-fail|p2a: Joao
|move|p1a: Reuniclus|Confuse Ray|p2a: Joao
|-start|p2a: Joao|confusion
|
|upkeep
|turn|19
|
|t:|1776203391
|-activate|p2a: Joao|confusion
|move|p2a: Joao|Pyro Ball|p1a: Reuniclus
|-damage|p1a: Reuniclus|10/100
|move|p1a: Reuniclus|Trick Room|p1a: Reuniclus
|-fieldstart|move: Trick Room|[of] p1a: Reuniclus
|
|upkeep
|turn|20
|
|t:|1776203396
|move|p1a: Reuniclus|Psychic|p2a: Joao
|-damage|p2a: Joao|28/100
|-activate|p2a: Joao|confusion
|-damage|p2a: Joao|10/100|[from] confusion
|
|upkeep
|turn|21
|
|t:|1776203401
|-activate|p2a: Joao|confusion
|move|p2a: Joao|Sucker Punch|p1a: Reuniclus
|-start|p2a: Joao|typechange|Dark|[from] ability: Libero
|-supereffective|p1a: Reuniclus
|-damage|p1a: Reuniclus|0 fnt
|faint|p1a: Reuniclus
|
|upkeep
|
|t:|1776203408
|switch|p1a: Meowscarada|Meowscarada, M|100/100
|turn|22
|
|t:|1776203424
|-activate|p2a: Joao|confusion
|move|p2a: Joao|Pyro Ball|p1a: Meowscarada
|-supereffective|p1a: Meowscarada
|-damage|p1a: Meowscarada|0 fnt
|faint|p1a: Meowscarada
|
|win|kjojon
|raw|Koolil's rating: 1053 &rarr; <strong>1038</strong><br />(-15 for losing)
|raw|kjojon's rating: 1103 &rarr; <strong>1124</strong><br />(+21 for winning)
|c|☆kjojon|gg's
|c|☆Koolil|gg
