|html|<div class="broadcast-blue"><strong>[Gen 9] OU is currently suspecting Tera Blast! For information on how to participate check out the <a href="https://www.smogon.com/tools/suspects/view/200">suspect thread</a>.</strong></div>
|j|☆kralove
|j|☆Arabesque No.1
|t:|1776236806
|gametype|singles
|player|p1|kralove|colress|1385
|player|p2|Arabesque No.1|bea|1463
|gen|9
|tier|[Gen 9] OU
|rated|
|rule|HP Percentage Mod: HP is shown in percentages
|rule|Endless Battle Clause: Forcing endless battles is banned
|rule|Species Clause: Limit one of each Pokémon
|rule|OHKO Clause: OHKO moves are banned
|rule|Evasion Items Clause: Evasion items are banned
|rule|Evasion Moves Clause: Evasion moves are banned
|rule|Evasion Abilities Clause: Evasion abilities are banned
|rule|Sleep Moves Clause: Sleep-inducing moves are banned
|clearpoke
|poke|p1|Dragapult, M|
|poke|p1|Dragonite, M|
|poke|p1|Tyranitar, M|
|poke|p1|Arboliva, M|
|poke|p1|Great Tusk|
|poke|p1|Weezing-Galar, M|
|poke|p2|Ogerpon-Cornerstone, F|
|poke|p2|Iron Moth|
|poke|p2|Ceruledge, M|
|poke|p2|Rillaboom, M|
|poke|p2|Iron Hands|
|poke|p2|Kingambit, M|
|teampreview
|inactive|Battle timer is ON: inactive players will automatically lose when time's up. (requested by Arabesque No.1)
|
|t:|1776236816
|teamsize|p1|6
|teamsize|p2|6
|start
|switch|p1a: Dragapult|Dragapult, M|100/100
|switch|p2a: Iron Hands|Iron Hands|100/100
|turn|1
|
|t:|1776236826
|move|p1a: Dragapult|U-turn|p2a: Iron Hands
|-resisted|p2a: Iron Hands
|-damage|p2a: Iron Hands|94/100
|
|t:|1776236828
|switch|p1a: Weezing|Weezing-Galar, M|100/100|[from] U-turn
|move|p2a: Iron Hands|Swords Dance|p2a: Iron Hands
|-boost|p2a: Iron Hands|atk|2
|
|-heal|p2a: Iron Hands|100/100|[from] item: Leftovers
|upkeep
|turn|2
|
|t:|1776236832
|move|p2a: Iron Hands|Wild Charge|p1a: Weezing
|-damage|p1a: Weezing|24/100
|-damage|p2a: Iron Hands|86/100|[from] Recoil
|move|p1a: Weezing|Will-O-Wisp|p2a: Iron Hands
|-status|p2a: Iron Hands|brn
|
|-heal|p2a: Iron Hands|92/100 brn|[from] item: Leftovers
|-damage|p2a: Iron Hands|86/100 brn|[from] brn
|upkeep
|turn|3
|
|t:|1776236840
|switch|p1a: Great Tusk|Great Tusk|100/100
|move|p2a: Iron Hands|Wild Charge|p1a: Great Tusk
|-immune|p1a: Great Tusk
|
|-heal|p2a: Iron Hands|92/100 brn|[from] item: Leftovers
|-damage|p2a: Iron Hands|86/100 brn|[from] brn
|upkeep
|turn|4
|
|t:|1776236845
|move|p1a: Great Tusk|Headlong Rush|p2a: Iron Hands
|-supereffective|p2a: Iron Hands
|-damage|p2a: Iron Hands|0 fnt
|-unboost|p1a: Great Tusk|def|1
|-unboost|p1a: Great Tusk|spd|1
|faint|p2a: Iron Hands
|-end|p2a: Iron Hands|Quark Drive|[silent]
|
|upkeep
|
|t:|1776236859
|switch|p2a: Ogerpon|Ogerpon-Cornerstone, F|100/100
|turn|5
|
|t:|1776236864
|-end|p1a: Great Tusk|Protosynthesis|[silent]
|switch|p1a: Arboliva|Arboliva, M, shiny|100/100
|move|p2a: Ogerpon|Power Whip|p1a: Arboliva
|-resisted|p1a: Arboliva
|-damage|p1a: Arboliva|72/100
|-fieldstart|move: Grassy Terrain|[from] ability: Seed Sower|[of] p1a: Arboliva
|
|-heal|p1a: Arboliva|78/100|[from] Grassy Terrain
|-heal|p1a: Arboliva|84/100|[from] item: Leftovers
|upkeep
|turn|6
|
|t:|1776236870
|move|p2a: Ogerpon|Taunt|p1a: Arboliva
|-start|p1a: Arboliva|move: Taunt
|move|p1a: Arboliva|Giga Drain|p2a: Ogerpon
|-damage|p2a: Ogerpon|55/100
|-heal|p1a: Arboliva|100/100|[from] drain|[of] p2a: Ogerpon
|
|-heal|p2a: Ogerpon|61/100|[from] Grassy Terrain
|upkeep
|turn|7
|
|t:|1776236876
|move|p2a: Ogerpon|Ivy Cudgel|p1a: Arboliva|[anim] Ivy Cudgel Rock
|-damage|p1a: Arboliva|59/100
|move|p1a: Arboliva|Giga Drain|p2a: Ogerpon
|-damage|p2a: Ogerpon|15/100
|-heal|p1a: Arboliva|78/100|[from] drain|[of] p2a: Ogerpon
|
|-heal|p2a: Ogerpon|21/100|[from] Grassy Terrain
|-heal|p1a: Arboliva|85/100|[from] Grassy Terrain
|-heal|p1a: Arboliva|91/100|[from] item: Leftovers
|upkeep
|turn|8
|
|t:|1776236880
|move|p2a: Ogerpon|Ivy Cudgel|p1a: Arboliva|[anim] Ivy Cudgel Rock
|-damage|p1a: Arboliva|43/100
|move|p1a: Arboliva|Earth Power|p2a: Ogerpon
|-damage|p2a: Ogerpon|0 fnt
|faint|p2a: Ogerpon
|
|-heal|p1a: Arboliva|49/100|[from] Grassy Terrain
|-heal|p1a: Arboliva|55/100|[from] item: Leftovers
|-end|p1a: Arboliva|move: Taunt
|upkeep
|
|t:|1776236884
|switch|p2a: Ceruledge|Ceruledge, M, shiny|100/100
|turn|9
|
|t:|1776236886
|switch|p1a: Tyranitar|Tyranitar, M|100/100
|-weather|Sandstorm|[from] ability: Sand Stream|[of] p1a: Tyranitar
|move|p2a: Ceruledge|Swords Dance|p2a: Ceruledge
|-boost|p2a: Ceruledge|atk|2
|
|-weather|Sandstorm|[upkeep]
|-damage|p2a: Ceruledge|94/100|[from] Sandstorm
|-heal|p2a: Ceruledge|100/100|[from] Grassy Terrain
|-fieldend|move: Grassy Terrain
|upkeep
|turn|10
|
|t:|1776236894
|switch|p2a: Rillaboom|Rillaboom, M|100/100
|-fieldstart|move: Grassy Terrain|[from] ability: Grassy Surge|[of] p2a: Rillaboom
|move|p1a: Tyranitar|Knock Off|p2a: Rillaboom
|-damage|p2a: Rillaboom|41/100
|-enditem|p2a: Rillaboom|Life Orb|[from] move: Knock Off|[of] p1a: Tyranitar
|
|-weather|Sandstorm|[upkeep]
|-damage|p2a: Rillaboom|35/100|[from] Sandstorm
|-heal|p2a: Rillaboom|41/100|[from] Grassy Terrain
|upkeep
|turn|11
|
|t:|1776236902
|switch|p1a: Weezing|Weezing-Galar, M|24/100
|move|p2a: Rillaboom|Drain Punch|p1a: Weezing
|-resisted|p1a: Weezing
|-damage|p1a: Weezing|20/100
|-heal|p2a: Rillaboom|42/100|[from] drain|[of] p1a: Weezing
|
|-weather|Sandstorm|[upkeep]
|-damage|p2a: Rillaboom|36/100|[from] Sandstorm
|-damage|p1a: Weezing|14/100|[from] Sandstorm
|-heal|p2a: Rillaboom|42/100|[from] Grassy Terrain
|upkeep
|turn|12
|
|t:|1776236912
|move|p2a: Rillaboom|Grassy Glide|p1a: Weezing
|-resisted|p1a: Weezing
|-damage|p1a: Weezing|3/100
|move|p1a: Weezing|Pain Split|p2a: Rillaboom
|-sethp|p2a: Rillaboom|23/100|[from] move: Pain Split|[silent]
|-sethp|p1a: Weezing|23/100|[from] move: Pain Split
|
|-weather|Sandstorm|[upkeep]
|-damage|p2a: Rillaboom|17/100|[from] Sandstorm
|-damage|p1a: Weezing|17/100|[from] Sandstorm
|-heal|p2a: Rillaboom|23/100|[from] Grassy Terrain
|upkeep
|turn|13
|
|t:|1776236919
|move|p2a: Rillaboom|Knock Off|p1a: Weezing
|-resisted|p1a: Weezing
|-crit|p1a: Weezing
|-damage|p1a: Weezing|1/100
|-enditem|p1a: Weezing|Heavy-Duty Boots|[from] move: Knock Off|[of] p2a: Rillaboom
|move|p1a: Weezing|Sludge Bomb|p2a: Rillaboom
|-supereffective|p2a: Rillaboom
|-damage|p2a: Rillaboom|0 fnt
|faint|p2a: Rillaboom
|
|-weather|none
|upkeep
|inactive|Arabesque No.1 has 120 seconds left.
|
|t:|1776236950
|switch|p2a: Guts|Kingambit, M|100/100
|-activate|p2a: Guts|ability: Supreme Overlord
|-start|p2a: Guts|fallen3|[silent]
|turn|14
|
|t:|1776236954
|move|p2a: Guts|Swords Dance|p2a: Guts
|-boost|p2a: Guts|atk|2
|move|p1a: Weezing|Will-O-Wisp|p2a: Guts
|-status|p2a: Guts|brn
|-enditem|p2a: Guts|Lum Berry|[eat]
|-curestatus|p2a: Guts|brn|[msg]
|
|-fieldend|move: Grassy Terrain
|upkeep
|turn|15
|
|t:|1776236960
|move|p2a: Guts|Kowtow Cleave|p1a: Weezing
|-resisted|p1a: Weezing
|-damage|p1a: Weezing|0 fnt
|faint|p1a: Weezing
|
|upkeep
|
|t:|1776236963
|switch|p1a: Great Tusk|Great Tusk|100/100
|turn|16
|
|t:|1776236967
|-terastallize|p2a: Guts|Fairy
|move|p1a: Great Tusk|Close Combat|p2a: Guts
|-resisted|p2a: Guts
|-damage|p2a: Guts|76/100
|-unboost|p1a: Great Tusk|def|1
|-unboost|p1a: Great Tusk|spd|1
|move|p2a: Guts|Tera Blast|p1a: Great Tusk|[anim] Tera Blast Fairy
|-supereffective|p1a: Great Tusk
|-damage|p1a: Great Tusk|0 fnt
|faint|p1a: Great Tusk
|-end|p1a: Great Tusk|Protosynthesis|[silent]
|
|upkeep
|
|t:|1776236973
|switch|p1a: Dragonite|Dragonite, M|100/100
|turn|17
|
|t:|1776236983
|-terastallize|p1a: Dragonite|Normal
|move|p1a: Dragonite|Dragon Dance|p1a: Dragonite
|-boost|p1a: Dragonite|atk|1
|-boost|p1a: Dragonite|spe|1
|move|p2a: Guts|Kowtow Cleave|p1a: Dragonite
|-damage|p1a: Dragonite|27/100
|
|upkeep
|turn|18
|
|t:|1776236990
|-end|p2a: Guts|fallen3|[silent]
|switch|p2a: Ceruledge|Ceruledge, M, shiny|100/100
|move|p1a: Dragonite|Extreme Speed|p2a: Ceruledge
|-immune|p2a: Ceruledge
|
|upkeep
|turn|19
|
|t:|1776237005
|move|p1a: Dragonite|Earthquake|p2a: Ceruledge
|-supereffective|p2a: Ceruledge
|-enditem|p2a: Ceruledge|Focus Sash
|-damage|p2a: Ceruledge|1/100
|-ability|p2a: Ceruledge|Weak Armor|boost
|-unboost|p2a: Ceruledge|def|1
|-boost|p2a: Ceruledge|spe|2
|move|p2a: Ceruledge|Swords Dance|p2a: Ceruledge
|-boost|p2a: Ceruledge|atk|2
|
|upkeep
|turn|20
|
|t:|1776237015
|switch|p1a: Tyranitar|Tyranitar, M|100/100
|-weather|Sandstorm|[from] ability: Sand Stream|[of] p1a: Tyranitar
|move|p2a: Ceruledge|Bitter Blade|p1a: Tyranitar
|-resisted|p1a: Tyranitar
|-damage|p1a: Tyranitar|70/100
|-heal|p2a: Ceruledge|22/100|[from] drain|[of] p1a: Tyranitar
|
|-weather|Sandstorm|[upkeep]
|-damage|p2a: Ceruledge|16/100|[from] Sandstorm
|upkeep
|turn|21
|
|t:|1776237025
|move|p2a: Ceruledge|Bitter Blade|p1a: Tyranitar
|-resisted|p1a: Tyranitar
|-damage|p1a: Tyranitar|37/100
|-heal|p2a: Ceruledge|39/100|[from] drain|[of] p1a: Tyranitar
|move|p1a: Tyranitar|Earthquake|p2a: Ceruledge
|-supereffective|p2a: Ceruledge
|-damage|p2a: Ceruledge|0 fnt
|faint|p2a: Ceruledge
|
|-weather|Sandstorm|[upkeep]
|upkeep
|
|t:|1776237039
|switch|p2a: Iron Moth|Iron Moth|100/100
|-enditem|p2a: Iron Moth|Booster Energy
|-activate|p2a: Iron Moth|ability: Quark Drive|[fromitem]
|-start|p2a: Iron Moth|quarkdrivespe
|turn|22
|
|t:|1776237043
|move|p2a: Iron Moth|Dazzling Gleam|p1a: Tyranitar
|-supereffective|p1a: Tyranitar
|-damage|p1a: Tyranitar|16/100
|move|p1a: Tyranitar|Earthquake|p2a: Iron Moth
|-supereffective|p2a: Iron Moth
|-crit|p2a: Iron Moth
|-damage|p2a: Iron Moth|0 fnt
|faint|p2a: Iron Moth
|-end|p2a: Iron Moth|Quark Drive|[silent]
|
|-weather|Sandstorm|[upkeep]
|upkeep
|
|t:|1776237048
|switch|p2a: Guts|Kingambit, M, tera:Fairy|76/100
|-activate|p2a: Guts|ability: Supreme Overlord
|-start|p2a: Guts|fallen5|[silent]
|turn|23
|
|t:|1776237057
|move|p2a: Guts|Sucker Punch|p1a: Tyranitar
|-resisted|p1a: Tyranitar
|-damage|p1a: Tyranitar|0 fnt
|faint|p1a: Tyranitar
|
|-weather|Sandstorm|[upkeep]
|-damage|p2a: Guts|69/100|[from] Sandstorm
|upkeep
|
|t:|1776237062
|switch|p1a: Arboliva|Arboliva, M, shiny|55/100
|turn|24
|
|t:|1776237068
|move|p2a: Guts|Kowtow Cleave|p1a: Arboliva
|-crit|p1a: Arboliva
|-damage|p1a: Arboliva|0 fnt
|-fieldstart|move: Grassy Terrain|[from] ability: Seed Sower|[of] p1a: Arboliva
|faint|p1a: Arboliva
|
|-weather|none
|-heal|p2a: Guts|76/100|[from] Grassy Terrain
|upkeep
|
|t:|1776237071
|switch|p1a: Dragonite|Dragonite, M, tera:Normal|27/100
|turn|25
|
|t:|1776237074
|move|p1a: Dragonite|Extreme Speed|p2a: Guts
|-damage|p2a: Guts|36/100
|move|p2a: Guts|Kowtow Cleave|p1a: Dragonite
|-damage|p1a: Dragonite|0 fnt
|faint|p1a: Dragonite
|
|-heal|p2a: Guts|42/100|[from] Grassy Terrain
|upkeep
|
|t:|1776237077
|switch|p1a: Dragapult|Dragapult, M|100/100
|turn|26
|
|t:|1776237080
|move|p2a: Guts|Sucker Punch|p1a: Dragapult
|-supereffective|p1a: Dragapult
|-damage|p1a: Dragapult|0 fnt
|faint|p1a: Dragapult
|
|win|Arabesque No.1
|raw|kralove's rating: 1385 &rarr; <strong>1369</strong><br />(-16 for losing)
|raw|Arabesque No.1's rating: 1463 &rarr; <strong>1479</strong><br />(+16 for winning)
