|html|<div class="broadcast-blue"><strong>[Gen 9] OU is currently suspecting Tera Blast! For information on how to participate check out the <a href="https://www.smogon.com/tools/suspects/view/200">suspect thread</a>.</strong></div>
|j|☆rubicouss
|j|☆unknownx20
|t:|1776047969
|gametype|singles
|player|p1|rubicouss|gambler|1161
|player|p2|unknownx20|acetrainersnowf|1198
|gen|9
|tier|[Gen 9] OU
|rated|
|rule|HP Percentage Mod: HP is shown in percentages
|rule|Endless Battle Clause: Forcing endless battles is banned
|rule|Species Clause: Limit one of each Pokémon
|rule|OHKO Clause: OHKO moves are banned
|rule|Evasion Items Clause: Evasion items are banned
|rule|Evasion Moves Clause: Evasion moves are banned
|rule|Evasion Abilities Clause: Evasion abilities are banned
|rule|Sleep Moves Clause: Sleep-inducing moves are banned
|clearpoke
|poke|p1|Venusaur, M|
|poke|p1|Ninetales, M|
|poke|p1|Torkoal, M|
|poke|p1|Great Tusk|
|poke|p1|Alomomola, M|
|poke|p1|Victreebel, M|
|poke|p2|Tyranitar, F|
|poke|p2|Gliscor, M|
|poke|p2|Dragapult, F|
|poke|p2|Excadrill, F|
|poke|p2|Klefki, M|
|poke|p2|Kingambit, F|
|teampreview
|inactive|Battle timer is ON: inactive players will automatically lose when time's up. (requested by unknownx20)
|
|t:|1776047975
|teamsize|p1|6
|teamsize|p2|6
|start
|switch|p1a: Torkoal|Torkoal, M|100/100
|switch|p2a: Tyranitar|Tyranitar, F|100/100
|-weather|Sandstorm|[from] ability: Sand Stream|[of] p2a: Tyranitar
|-weather|SunnyDay|[from] ability: Drought|[of] p1a: Torkoal
|turn|1
|
|t:|1776047985
|move|p2a: Tyranitar|Stealth Rock|p1a: Torkoal
|-sidestart|p1: rubicouss|move: Stealth Rock
|move|p1a: Torkoal|Will-O-Wisp|p2a: Tyranitar
|-status|p2a: Tyranitar|brn
|
|-weather|SunnyDay|[upkeep]
|-damage|p2a: Tyranitar|94/100 brn|[from] brn
|upkeep
|turn|2
|
|t:|1776047996
|move|p2a: Tyranitar|Knock Off|p1a: Torkoal
|-damage|p1a: Torkoal|84/100
|-enditem|p1a: Torkoal|Heat Rock|[from] move: Knock Off|[of] p2a: Tyranitar
|move|p1a: Torkoal|Stealth Rock|p2a: Tyranitar
|-sidestart|p2: unknownx20|move: Stealth Rock
|
|-weather|SunnyDay|[upkeep]
|-damage|p2a: Tyranitar|88/100 brn|[from] brn
|upkeep
|turn|3
|
|t:|1776048014
|switch|p2a: Klefki|Klefki, M|100/100
|-damage|p2a: Klefki|95/100|[from] Stealth Rock
|switch|p1a: Great Tusk|Great Tusk|100/100
|-activate|p1a: Great Tusk|ability: Protosynthesis
|-start|p1a: Great Tusk|protosynthesisatk
|
|-weather|SunnyDay|[upkeep]
|upkeep
|turn|4
|
|t:|1776048026
|move|p2a: Klefki|Reflect|p2a: Klefki
|-sidestart|p2: unknownx20|Reflect
|move|p1a: Great Tusk|Rapid Spin|p2a: Klefki
|-resisted|p2a: Klefki
|-damage|p2a: Klefki|89/100
|-boost|p1a: Great Tusk|spe|1
|-sideend|p1: rubicouss|Stealth Rock|[from] move: Rapid Spin|[of] p1a: Great Tusk
|
|-weather|SunnyDay|[upkeep]
|upkeep
|turn|5
|
|t:|1776048032
|move|p2a: Klefki|Light Screen|p2a: Klefki
|-sidestart|p2: unknownx20|move: Light Screen
|move|p1a: Great Tusk|Headlong Rush|p2a: Klefki
|-supereffective|p2a: Klefki
|-damage|p2a: Klefki|15/100
|-unboost|p1a: Great Tusk|def|1
|-unboost|p1a: Great Tusk|spd|1
|
|-weather|SunnyDay|[upkeep]
|upkeep
|turn|6
|
|t:|1776048042
|-end|p1a: Great Tusk|Protosynthesis|[silent]
|switch|p1a: Venusaur|Venusaur, M|100/100
|switch|p2a: Tyranitar|Tyranitar, F|88/100 brn
|-damage|p2a: Tyranitar|75/100 brn|[from] Stealth Rock
|-weather|Sandstorm|[from] ability: Sand Stream|[of] p2a: Tyranitar
|
|-weather|Sandstorm|[upkeep]
|-damage|p1a: Venusaur|94/100|[from] Sandstorm
|-damage|p2a: Tyranitar|69/100 brn|[from] brn
|upkeep
|turn|7
|
|t:|1776048063
|switch|p1a: Ninetales|Ninetales, M|100/100
|-weather|SunnyDay|[from] ability: Drought|[of] p1a: Ninetales
|move|p2a: Tyranitar|Knock Off|p1a: Ninetales
|-damage|p1a: Ninetales|73/100
|-enditem|p1a: Ninetales|Heat Rock|[from] move: Knock Off|[of] p2a: Tyranitar
|
|-weather|SunnyDay|[upkeep]
|-damage|p2a: Tyranitar|63/100 brn|[from] brn
|upkeep
|turn|8
|
|t:|1776048073
|switch|p2a: Gliscor|Gliscor, M|100/100
|-damage|p2a: Gliscor|88/100|[from] Stealth Rock
|move|p1a: Ninetales|Memento|p2a: Gliscor
|-unboost|p2a: Gliscor|atk|2
|-unboost|p2a: Gliscor|spa|2
|faint|p1a: Ninetales
|
|-weather|SunnyDay|[upkeep]
|-status|p2a: Gliscor|tox|[from] item: Toxic Orb
|upkeep
|
|t:|1776048091
|switch|p1a: Venusaur|Venusaur, M|94/100
|turn|9
|
|t:|1776048094
|move|p1a: Venusaur|Growth|p1a: Venusaur
|-boost|p1a: Venusaur|atk|2
|-boost|p1a: Venusaur|spa|2
|move|p2a: Gliscor|U-turn|p1a: Venusaur
|-damage|p1a: Venusaur|85/100
|
|t:|1776048105
|switch|p2a: Dragapult|Dragapult, F|100/100|[from] U-turn
|-damage|p2a: Dragapult|88/100|[from] Stealth Rock
|
|-weather|SunnyDay|[upkeep]
|upkeep
|turn|10
|inactive|rubicouss has 120 seconds left.
|
|t:|1776048135
|move|p1a: Venusaur|Sludge Bomb|p2a: Dragapult
|-resisted|p2a: Dragapult
|-damage|p2a: Dragapult|51/100
|-damage|p1a: Venusaur|75/100|[from] item: Life Orb
|move|p2a: Dragapult|Flamethrower|p1a: Venusaur
|-supereffective|p1a: Venusaur
|-damage|p1a: Venusaur|0 fnt
|faint|p1a: Venusaur
|
|-weather|SunnyDay|[upkeep]
|upkeep
|inactive|rubicouss has 120 seconds left.
|
|t:|1776048142
|switch|p1a: Victreebel|Victreebel, M|100/100
|turn|11
|
|t:|1776048148
|-terastallize|p1a: Victreebel|Dark
|move|p1a: Victreebel|Knock Off|p2a: Dragapult
|-supereffective|p2a: Dragapult
|-damage|p2a: Dragapult|0 fnt
|-enditem|p2a: Dragapult|Choice Specs|[from] move: Knock Off|[of] p1a: Victreebel
|faint|p2a: Dragapult
|-damage|p1a: Victreebel|90/100|[from] item: Life Orb
|
|-weather|SunnyDay|[upkeep]
|-sideend|p2: unknownx20|Reflect
|upkeep
|
|t:|1776048164
|switch|p2a: Gliscor|Gliscor, M|88/100 tox
|-damage|p2a: Gliscor|76/100 tox|[from] Stealth Rock
|turn|12
|
|t:|1776048167
|move|p1a: Victreebel|Growth|p1a: Victreebel
|-boost|p1a: Victreebel|atk|2
|-boost|p1a: Victreebel|spa|2
|move|p2a: Gliscor|Toxic|p1a: Victreebel
|-status|p1a: Victreebel|tox
|
|-weather|SunnyDay|[upkeep]
|-damage|p1a: Victreebel|84/100 tox|[from] psn
|-heal|p2a: Gliscor|88/100 tox|[from] ability: Poison Heal
|-sideend|p2: unknownx20|move: Light Screen
|upkeep
|turn|13
|
|t:|1776048177
|move|p1a: Victreebel|Power Whip|p2a: Gliscor
|-damage|p2a: Gliscor|0 fnt
|faint|p2a: Gliscor
|-damage|p1a: Victreebel|74/100 tox|[from] item: Life Orb
|
|-weather|SunnyDay|[upkeep]
|-damage|p1a: Victreebel|62/100 tox|[from] psn
|upkeep
|
|t:|1776048186
|switch|p2a: Klefki|Klefki, M|15/100
|-damage|p2a: Klefki|9/100|[from] Stealth Rock
|turn|14
|
|t:|1776048192
|move|p2a: Klefki|Reflect|p2a: Klefki
|-sidestart|p2: unknownx20|Reflect
|move|p1a: Victreebel|Knock Off|p2a: Klefki
|-resisted|p2a: Klefki
|-crit|p2a: Klefki
|-damage|p2a: Klefki|0 fnt
|-enditem|p2a: Klefki|Light Clay|[from] move: Knock Off|[of] p1a: Victreebel
|faint|p2a: Klefki
|-damage|p1a: Victreebel|52/100 tox|[from] item: Life Orb
|
|-weather|none
|-damage|p1a: Victreebel|34/100 tox|[from] psn
|upkeep
|
|t:|1776048215
|switch|p2a: Excadrill|Excadrill, F|100/100
|-damage|p2a: Excadrill|97/100|[from] Stealth Rock
|-item|p2a: Excadrill|Air Balloon
|turn|15
|
|t:|1776048221
|switch|p1a: Alomomola|Alomomola, M|100/100
|move|p2a: Excadrill|Rapid Spin|p1a: Alomomola
|-damage|p1a: Alomomola|84/100
|-boost|p2a: Excadrill|spe|1
|-sideend|p2: unknownx20|Stealth Rock|[from] move: Rapid Spin|[of] p2a: Excadrill
|
|-heal|p1a: Alomomola|91/100|[from] item: Leftovers
|upkeep
|turn|16
|
|t:|1776048240
|move|p2a: Excadrill|Swords Dance|p2a: Excadrill
|-boost|p2a: Excadrill|atk|2
|move|p1a: Alomomola|Flip Turn|p2a: Excadrill
|-supereffective|p2a: Excadrill
|-damage|p2a: Excadrill|76/100
|-enditem|p2a: Excadrill|Air Balloon
|
|t:|1776048243
|switch|p1a: Great Tusk|Great Tusk|100/100|[from] Flip Turn
|
|upkeep
|turn|17
|
|t:|1776048255
|-terastallize|p2a: Excadrill|Ground
|move|p2a: Excadrill|Earthquake|p1a: Great Tusk
|-damage|p1a: Great Tusk|0 fnt
|faint|p1a: Great Tusk
|-end|p1a: Great Tusk|Protosynthesis|[silent]
|
|upkeep
|
|t:|1776048274
|switch|p1a: Alomomola|Alomomola, M|100/100
|turn|18
|
|t:|1776048279
|move|p2a: Excadrill|Earthquake|p1a: Alomomola
|-damage|p1a: Alomomola|0 fnt
|faint|p1a: Alomomola
|
|upkeep
|-message|rubicouss forfeited.
|
|win|unknownx20
|raw|rubicouss's rating: 1161 &rarr; <strong>1139</strong><br />(-22 for losing)
|raw|unknownx20's rating: 1198 &rarr; <strong>1220</strong><br />(+22 for winning)
|l|☆rubicouss
|player|p1|
|l|☆unknownx20
|player|p2|
