|html|<div class="broadcast-blue"><strong>[Gen 9] OU is currently suspecting Tera Blast! For information on how to participate check out the <a href="https://www.smogon.com/tools/suspects/view/200">suspect thread</a>.</strong></div>
|j|☆midnightz0ne
|j|‽CroftHeda
|t:|1776124611
|gametype|singles
|player|p1|midnightz0ne|swimmerf-gen4dp|
|player|p2|CroftHeda|ethan|
|gen|9
|tier|[Gen 9] OU
|rule|HP Percentage Mod: HP is shown in percentages
|rule|Endless Battle Clause: Forcing endless battles is banned
|rule|Species Clause: Limit one of each Pokémon
|rule|OHKO Clause: OHKO moves are banned
|rule|Evasion Items Clause: Evasion items are banned
|rule|Evasion Moves Clause: Evasion moves are banned
|rule|Evasion Abilities Clause: Evasion abilities are banned
|rule|Sleep Moves Clause: Sleep-inducing moves are banned
|clearpoke
|poke|p1|Skarmory, F|
|poke|p1|Goodra-Hisui, F|
|poke|p1|Hatterene, F|
|poke|p1|Glimmora, F|
|poke|p1|Mimikyu, F|
|poke|p1|Cinccino, F|
|poke|p2|Clodsire, M|
|poke|p2|Azumarill, M|
|poke|p2|Ursaluna, M|
|poke|p2|Raging Bolt|
|poke|p2|Avalugg, M|
|poke|p2|Magnezone|
|teampreview
|j| ADouglas18
|j| UrMumIsAPikachu
|
|t:|1776124642
|teamsize|p1|6
|teamsize|p2|6
|start
|switch|p1a: Pukeko|Skarmory, F|100/100
|switch|p2a: Clodsire|Clodsire, M|100/100
|turn|1
|
|t:|1776124648
|move|p1a: Pukeko|Stealth Rock|p2a: Clodsire
|-sidestart|p2: CroftHeda|move: Stealth Rock
|move|p2a: Clodsire|Stealth Rock|p1a: Pukeko
|-sidestart|p1: midnightz0ne|move: Stealth Rock
|
|upkeep
|turn|2
|
|t:|1776124683
|switch|p2a: Raging Bolt|Raging Bolt|100/100
|-damage|p2a: Raging Bolt|88/100|[from] Stealth Rock
|-enditem|p2a: Raging Bolt|Booster Energy
|-activate|p2a: Raging Bolt|ability: Protosynthesis|[fromitem]
|-start|p2a: Raging Bolt|protosynthesisspa
|move|p1a: Pukeko|Whirlwind|p2a: Raging Bolt
|-end|p2a: Raging Bolt|Protosynthesis|[silent]
|drag|p2a: Ursaluna|Ursaluna, M|100/100
|-damage|p2a: Ursaluna|94/100|[from] Stealth Rock
|
|-status|p2a: Ursaluna|brn|[from] item: Flame Orb
|upkeep
|turn|3
|
|t:|1776124714
|move|p1a: Pukeko|Body Press|p2a: Ursaluna
|-supereffective|p2a: Ursaluna
|-damage|p2a: Ursaluna|48/100 brn
|move|p2a: Ursaluna|Facade|p1a: Pukeko
|-resisted|p1a: Pukeko
|-damage|p1a: Pukeko|62/100
|-damage|p2a: Ursaluna|31/100 brn|[from] item: Rocky Helmet|[of] p1a: Pukeko
|
|-damage|p2a: Ursaluna|25/100 brn|[from] brn
|upkeep
|turn|4
|
|t:|1776124724
|move|p1a: Pukeko|Body Press|p2a: Ursaluna
|-supereffective|p2a: Ursaluna
|-damage|p2a: Ursaluna|0 fnt
|faint|p2a: Ursaluna
|
|upkeep
|
|t:|1776124729
|switch|p2a: Raging Bolt|Raging Bolt|88/100
|-damage|p2a: Raging Bolt|76/100|[from] Stealth Rock
|turn|5
|
|t:|1776124747
|move|p2a: Raging Bolt|Thunderbolt|p1a: Pukeko
|-supereffective|p1a: Pukeko
|-damage|p1a: Pukeko|0 fnt
|faint|p1a: Pukeko
|
|upkeep
|
|t:|1776124800
|switch|p1a: Socky|Mimikyu, F, shiny|100/100
|-damage|p1a: Socky|88/100|[from] Stealth Rock
|turn|6
|
|t:|1776124820
|move|p2a: Raging Bolt|Calm Mind|p2a: Raging Bolt
|-boost|p2a: Raging Bolt|spa|1
|-boost|p2a: Raging Bolt|spd|1
|move|p1a: Socky|Trick Room|p1a: Socky
|-fieldstart|move: Trick Room|[of] p1a: Socky
|
|upkeep
|turn|7
|
|t:|1776124836
|move|p1a: Socky|Play Rough|p2a: Raging Bolt
|-supereffective|p2a: Raging Bolt
|-damage|p2a: Raging Bolt|25/100
|move|p2a: Raging Bolt|Thunderbolt|p1a: Socky
|-activate|p1a: Socky|ability: Disguise
|-damage|p1a: Socky|88/100
|detailschange|p1a: Socky|Mimikyu-Busted, F, shiny
|-damage|p1a: Socky|76/100|[from] pokemon: Mimikyu-Busted
|-enditem|p1a: Socky|Red Card|[of] p2a: Raging Bolt
|-end|p2a: Raging Bolt|Protosynthesis|[silent]
|drag|p2a: Azumarill|Azumarill, M|100/100
|-damage|p2a: Azumarill|88/100|[from] Stealth Rock
|
|upkeep
|turn|8
|
|t:|1776124865
|move|p2a: Azumarill|Belly Drum|p2a: Azumarill
|-damage|p2a: Azumarill|38/100
|-setboost|p2a: Azumarill|atk|6|[from] move: Belly Drum
|-enditem|p2a: Azumarill|Sitrus Berry|[eat]
|-heal|p2a: Azumarill|63/100|[from] item: Sitrus Berry
|move|p1a: Socky|Curse|p2a: Azumarill
|-start|p2a: Azumarill|Curse|[of] p1a: Socky
|-damage|p1a: Socky|26/100
|
|-damage|p2a: Azumarill|38/100|[from] Curse
|upkeep
|turn|9
|
|t:|1776124876
|move|p2a: Azumarill|Play Rough|p1a: Socky
|-damage|p1a: Socky|0 fnt
|faint|p1a: Socky
|
|-damage|p2a: Azumarill|13/100|[from] Curse
|upkeep
|
|t:|1776124907
|switch|p1a: Ninki Minjaj|Hatterene, F, shiny|100/100
|-damage|p1a: Ninki Minjaj|88/100|[from] Stealth Rock
|turn|10
|
|t:|1776124914
|move|p1a: Ninki Minjaj|Nuzzle|p2a: Azumarill
|-supereffective|p2a: Azumarill
|-damage|p2a: Azumarill|5/100
|-status|p2a: Azumarill|par
|cant|p2a: Azumarill|par
|
|-heal|p1a: Ninki Minjaj|94/100|[from] item: Leftovers
|-damage|p2a: Azumarill|0 fnt|[from] Curse
|faint|p2a: Azumarill
|-fieldend|move: Trick Room
|upkeep
|
|t:|1776124933
|switch|p2a: Magnezone|Magnezone|100/100
|-damage|p2a: Magnezone|94/100|[from] Stealth Rock
|turn|11
|
|t:|1776124952
|switch|p1a: ComicTungstenCube|Goodra-Hisui, F|100/100
|-damage|p1a: ComicTungstenCube|94/100|[from] Stealth Rock
|move|p2a: Magnezone|Flash Cannon|p1a: ComicTungstenCube
|-resisted|p1a: ComicTungstenCube
|-damage|p1a: ComicTungstenCube|80/100
|
|upkeep
|turn|12
|
|t:|1776124965
|-terastallize|p2a: Magnezone|Fairy
|move|p2a: Magnezone|Tera Blast|p1a: ComicTungstenCube|[anim] Tera Blast Fairy
|-damage|p1a: ComicTungstenCube|60/100
|move|p1a: ComicTungstenCube|Flamethrower|p2a: Magnezone
|-damage|p2a: Magnezone|70/100
|
|upkeep
|turn|13
|
|t:|1776124975
|move|p2a: Magnezone|Tera Blast|p1a: ComicTungstenCube|[anim] Tera Blast Fairy
|-damage|p1a: ComicTungstenCube|39/100
|move|p1a: ComicTungstenCube|Flash Cannon|p2a: Magnezone
|-supereffective|p2a: Magnezone
|-damage|p2a: Magnezone|6/100
|
|upkeep
|turn|14
|
|t:|1776125001
|switch|p1a: Almond Joy|Glimmora, F|100/100
|-damage|p1a: Almond Joy|88/100|[from] Stealth Rock
|move|p2a: Magnezone|Tera Blast|p1a: Almond Joy|[anim] Tera Blast Fairy
|-resisted|p1a: Almond Joy
|-damage|p1a: Almond Joy|51/100
|
|upkeep
|turn|15
|
|t:|1776125021
|move|p1a: Almond Joy|Mortal Spin|p2a: Magnezone
|-supereffective|p2a: Magnezone
|-damage|p2a: Magnezone|0 fnt
|-sideend|p1: midnightz0ne|Stealth Rock|[from] move: Mortal Spin|[of] p1a: Almond Joy
|faint|p2a: Magnezone
|
|upkeep
|
|t:|1776125036
|switch|p2a: Clodsire|Clodsire, M|100/100
|turn|16
|
|t:|1776125049
|move|p1a: Almond Joy|Earth Power|p2a: Clodsire
|-supereffective|p2a: Clodsire
|-damage|p2a: Clodsire|66/100
|move|p2a: Clodsire|Stealth Rock|p1a: Almond Joy
|-sidestart|p1: midnightz0ne|move: Stealth Rock
|
|upkeep
|turn|17
|
|t:|1776125073
|move|p1a: Almond Joy|Earth Power|p2a: Clodsire
|-supereffective|p2a: Clodsire
|-damage|p2a: Clodsire|32/100
|move|p2a: Clodsire|Earthquake|p1a: Almond Joy
|-supereffective|p1a: Almond Joy
|-damage|p1a: Almond Joy|0 fnt
|-activate|p1a: Almond Joy|ability: Toxic Debris
|-sidestart|p2: CroftHeda|move: Toxic Spikes
|faint|p1a: Almond Joy
|
|upkeep
|
|t:|1776125097
|switch|p1a: Cleanup Crew|Cinccino, F|100/100
|-damage|p1a: Cleanup Crew|88/100|[from] Stealth Rock
|turn|18
|
|t:|1776125110
|move|p1a: Cleanup Crew|Tidy Up|p1a: Cleanup Crew
|-sideend|p1: midnightz0ne|Stealth Rock
|-sideend|p2: CroftHeda|Toxic Spikes
|-sideend|p2: CroftHeda|Stealth Rock
|-activate|p1a: Cleanup Crew|move: Tidy Up
|-boost|p1a: Cleanup Crew|atk|1
|-boost|p1a: Cleanup Crew|spe|1
|move|p2a: Clodsire|Recover|p2a: Clodsire
|-heal|p2a: Clodsire|82/100
|
|upkeep
|turn|19
|
|t:|1776125120
|move|p1a: Cleanup Crew|Triple Axel|p2a: Clodsire
|-supereffective|p2a: Clodsire
|-damage|p2a: Clodsire|70/100
|-supereffective|p2a: Clodsire
|-damage|p2a: Clodsire|44/100
|-supereffective|p2a: Clodsire
|-damage|p2a: Clodsire|9/100
|-hitcount|p2a: Clodsire|3
|move|p2a: Clodsire|Toxic|p1a: Cleanup Crew
|-status|p1a: Cleanup Crew|tox
|
|-damage|p1a: Cleanup Crew|82/100 tox|[from] psn
|upkeep
|turn|20
|
|t:|1776125133
|move|p1a: Cleanup Crew|Triple Axel|p2a: Clodsire
|-supereffective|p2a: Clodsire
|-damage|p2a: Clodsire|0 fnt
|faint|p2a: Clodsire
|-hitcount|p2: Clodsire|1
|
|-damage|p1a: Cleanup Crew|70/100 tox|[from] psn
|upkeep
|
|t:|1776125146
|switch|p2a: Avalugg|Avalugg, M|100/100
|turn|21
|
|t:|1776125169
|move|p1a: Cleanup Crew|Tail Slap|p2a: Avalugg
|-damage|p2a: Avalugg|94/100
|-damage|p2a: Avalugg|87/100
|-damage|p2a: Avalugg|81/100
|-damage|p2a: Avalugg|75/100
|-damage|p2a: Avalugg|69/100
|-hitcount|p2a: Avalugg|5
|move|p2a: Avalugg|Body Press|p1a: Cleanup Crew
|-supereffective|p1a: Cleanup Crew
|-crit|p1a: Cleanup Crew
|-damage|p1a: Cleanup Crew|0 fnt
|faint|p1a: Cleanup Crew
|
|upkeep
|
|t:|1776125193
|switch|p1a: ComicTungstenCube|Goodra-Hisui, F|39/100
|turn|22
|
|t:|1776125200
|-terastallize|p1a: ComicTungstenCube|Fairy
|move|p1a: ComicTungstenCube|Flamethrower|p2a: Avalugg
|-supereffective|p2a: Avalugg
|-damage|p2a: Avalugg|0 fnt
|faint|p2a: Avalugg
|
|upkeep
|
|t:|1776125208
|switch|p2a: Raging Bolt|Raging Bolt|25/100
|turn|23
|
|t:|1776125260
|move|p2a: Raging Bolt|Thunderbolt|p1a: ComicTungstenCube
|-damage|p1a: ComicTungstenCube|16/100
|move|p1a: ComicTungstenCube|Dragon Tail|p2a: Raging Bolt
|-supereffective|p2a: Raging Bolt
|-damage|p2a: Raging Bolt|0 fnt
|faint|p2a: Raging Bolt
|-end|p2a: Raging Bolt|Protosynthesis|[silent]
|
|win|midnightz0ne
|l|☆midnightz0ne
|player|p1|
