|html|<div class="broadcast-blue"><strong>[Gen 9] OU is currently suspecting Tera Blast! For information on how to participate check out the <a href="https://www.smogon.com/tools/suspects/view/200">suspect thread</a>.</strong></div>
|j|☆brrbrr1
|j|☆ShadowTree87
|t:|1776092783
|gametype|singles
|player|p1|brrbrr1|101|1247
|player|p2|ShadowTree87|falkner|1304
|gen|9
|tier|[Gen 9] OU
|rated|
|rule|HP Percentage Mod: HP is shown in percentages
|rule|Endless Battle Clause: Forcing endless battles is banned
|rule|Species Clause: Limit one of each Pokémon
|rule|OHKO Clause: OHKO moves are banned
|rule|Evasion Items Clause: Evasion items are banned
|rule|Evasion Moves Clause: Evasion moves are banned
|rule|Evasion Abilities Clause: Evasion abilities are banned
|rule|Sleep Moves Clause: Sleep-inducing moves are banned
|clearpoke
|poke|p1|Sandslash-Alola, M|
|poke|p1|Ninetales-Alola, M|
|poke|p1|Rotom-Wash|
|poke|p1|Gliscor, M|
|poke|p1|Hitmontop, M|
|poke|p1|Slowking-Galar, M|
|poke|p2|Great Tusk|
|poke|p2|Walking Wake|
|poke|p2|Kingambit, M|
|poke|p2|Venusaur, F|
|poke|p2|Ninetales, F|
|poke|p2|Raging Bolt|
|teampreview
|
|t:|1776092798
|teamsize|p1|6
|teamsize|p2|6
|start
|switch|p1a: Gliscor|Gliscor, M, shiny|100/100
|switch|p2a: Ninetales|Ninetales, F|100/100
|-weather|SunnyDay|[from] ability: Drought|[of] p2a: Ninetales
|turn|1
|
|t:|1776092804
|switch|p2a: Venusaur|Venusaur, F|100/100
|move|p1a: Gliscor|Stealth Rock|p2a: Venusaur
|-sidestart|p2: ShadowTree87|move: Stealth Rock
|
|-weather|SunnyDay|[upkeep]
|-status|p1a: Gliscor|tox|[from] item: Toxic Orb
|upkeep
|turn|2
|
|t:|1776092808
|move|p2a: Venusaur|Growth|p2a: Venusaur
|-boost|p2a: Venusaur|atk|2
|-boost|p2a: Venusaur|spa|2
|move|p1a: Gliscor|U-turn|p2a: Venusaur
|-damage|p2a: Venusaur|79/100
|
|t:|1776092810
|switch|p1a: Ninetales|Ninetales-Alola, M|100/100|[from] U-turn
|-weather|Snowscape|[from] ability: Snow Warning|[of] p1a: Ninetales
|
|-weather|Snowscape|[upkeep]
|upkeep
|turn|3
|
|t:|1776092818
|-terastallize|p2a: Venusaur|Fire
|move|p1a: Ninetales|Freeze-Dry|p2a: Venusaur
|-resisted|p2a: Venusaur
|-damage|p2a: Venusaur|65/100
|move|p2a: Venusaur|Sludge Bomb|p1a: Ninetales
|-supereffective|p1a: Ninetales
|-damage|p1a: Ninetales|0 fnt
|faint|p1a: Ninetales
|-damage|p2a: Venusaur|55/100|[from] item: Life Orb
|
|-weather|Snowscape|[upkeep]
|upkeep
|
|t:|1776092820
|switch|p1a: Sandslash|Sandslash-Alola, M|100/100
|turn|4
|
|t:|1776092823
|switch|p2a: Ninetales|Ninetales, F|100/100
|-damage|p2a: Ninetales|76/100|[from] Stealth Rock
|-weather|SunnyDay|[from] ability: Drought|[of] p2a: Ninetales
|move|p1a: Sandslash|Earthquake|p2a: Ninetales
|-supereffective|p2a: Ninetales
|-damage|p2a: Ninetales|6/100
|
|-weather|SunnyDay|[upkeep]
|upkeep
|turn|5
|
|t:|1776092827
|switch|p1a: Gliscor|Gliscor, M, shiny|100/100 tox
|move|p2a: Ninetales|Weather Ball|p1a: Gliscor
|-damage|p1a: Gliscor|65/100 tox
|
|-weather|SunnyDay|[upkeep]
|-heal|p1a: Gliscor|77/100 tox|[from] ability: Poison Heal
|upkeep
|turn|6
|
|t:|1776092832
|move|p2a: Ninetales|Healing Wish|p2a: Ninetales
|faint|p2a: Ninetales
|move|p1a: Gliscor|Toxic|p2: Ninetales|[notarget]
|-fail|p1a: Gliscor
|
|-weather|SunnyDay|[upkeep]
|-heal|p1a: Gliscor|90/100 tox|[from] ability: Poison Heal
|upkeep
|inactive|Battle timer is ON: inactive players will automatically lose when time's up. (requested by brrbrr1)
|
|t:|1776092837
|switch|p2a: Venusaur|Venusaur, F, tera:Fire|55/100
|-heal|p2a: Venusaur|100/100|[from] move: Healing Wish
|-damage|p2a: Venusaur|76/100|[from] Stealth Rock
|turn|7
|
|t:|1776092839
|move|p2a: Venusaur|Giga Drain|p1a: Gliscor
|-damage|p1a: Gliscor|56/100 tox
|-heal|p2a: Venusaur|95/100|[from] drain|[of] p1a: Gliscor
|-damage|p2a: Venusaur|85/100|[from] item: Life Orb
|move|p1a: Gliscor|Toxic|p2a: Venusaur
|-status|p2a: Venusaur|tox
|
|-weather|SunnyDay|[upkeep]
|-damage|p2a: Venusaur|79/100 tox|[from] psn
|-heal|p1a: Gliscor|69/100 tox|[from] ability: Poison Heal
|upkeep
|turn|8
|
|t:|1776092842
|move|p2a: Venusaur|Growth|p2a: Venusaur
|-boost|p2a: Venusaur|atk|2
|-boost|p2a: Venusaur|spa|2
|move|p1a: Gliscor|U-turn|p2a: Venusaur
|-resisted|p2a: Venusaur
|-damage|p2a: Venusaur|68/100 tox
|
|t:|1776092849
|switch|p1a: Slowking|Slowking-Galar, M, shiny|100/100|[from] U-turn
|
|-weather|SunnyDay|[upkeep]
|-damage|p2a: Venusaur|56/100 tox|[from] psn
|upkeep
|turn|9
|
|t:|1776092853
|move|p2a: Venusaur|Weather Ball|p1a: Slowking
|-damage|p1a: Slowking|0 fnt
|faint|p1a: Slowking
|-damage|p2a: Venusaur|46/100 tox|[from] item: Life Orb
|
|-weather|SunnyDay|[upkeep]
|-damage|p2a: Venusaur|28/100 tox|[from] psn
|upkeep
|
|t:|1776092858
|switch|p1a: Hitmontop|Hitmontop, M, shiny|100/100
|turn|10
|
|t:|1776092861
|move|p1a: Hitmontop|Mach Punch|p2a: Venusaur
|-damage|p2a: Venusaur|0 fnt
|faint|p2a: Venusaur
|-damage|p1a: Hitmontop|91/100|[from] item: Life Orb
|
|-weather|SunnyDay|[upkeep]
|upkeep
|inactive|ShadowTree87 has 120 seconds left.
|inactive|ShadowTree87 has 90 seconds left.
|inactive|ShadowTree87 has 60 seconds left.
|inactive|ShadowTree87 has 30 seconds left.
|inactive|ShadowTree87 has 20 seconds left.
|inactive|ShadowTree87 has 15 seconds left.
|
|t:|1776092999
|switch|p2a: Kingambit|Kingambit, M|100/100
|-damage|p2a: Kingambit|94/100|[from] Stealth Rock
|-activate|p2a: Kingambit|ability: Supreme Overlord
|-start|p2a: Kingambit|fallen2|[silent]
|-item|p2a: Kingambit|Air Balloon
|turn|11
|inactive|ShadowTree87 has 30 seconds left this turn.
|inactive|ShadowTree87 has 20 seconds left.
|inactive|ShadowTree87 has 15 seconds left.
|inactive|ShadowTree87 has 10 seconds left.
|inactive|ShadowTree87 has 5 seconds left.
|-message|ShadowTree87 lost due to inactivity.
|
|win|brrbrr1
|raw|brrbrr1's rating: 1247 &rarr; <strong>1276</strong><br />(+29 for winning)
|raw|ShadowTree87's rating: 1304 &rarr; <strong>1281</strong><br />(-23 for losing)
|l|☆brrbrr1
|player|p1|
