|html|<div class="broadcast-blue"><strong>[Gen 9] OU is currently suspecting Tera Blast! For information on how to participate check out the <a href="https://www.smogon.com/tools/suspects/view/200">suspect thread</a>.</strong></div>
|j|☆Alter45
|j|☆jonas esticado
|t:|1776126882
|gametype|singles
|player|p1|Alter45|101|1000
|player|p2|jonas esticado|265|1000
|gen|9
|tier|[Gen 9] OU
|rated|
|rule|HP Percentage Mod: HP is shown in percentages
|rule|Endless Battle Clause: Forcing endless battles is banned
|rule|Species Clause: Limit one of each Pokémon
|rule|OHKO Clause: OHKO moves are banned
|rule|Evasion Items Clause: Evasion items are banned
|rule|Evasion Moves Clause: Evasion moves are banned
|rule|Evasion Abilities Clause: Evasion abilities are banned
|rule|Sleep Moves Clause: Sleep-inducing moves are banned
|clearpoke
|poke|p1|Pelipper, F|
|poke|p1|Basculegion, M|
|poke|p1|Thundurus-Therian, M|
|poke|p1|Samurott-Hisui, M|
|poke|p1|Great Tusk|
|poke|p1|Ludicolo, M|
|poke|p2|Ogerpon-Wellspring, F|
|poke|p2|Zamazenta-*|
|poke|p2|Zoroark-Hisui, M|
|poke|p2|Cinderace, M|
|poke|p2|Deoxys-Speed|
|poke|p2|Clodsire, F|
|teampreview
|inactive|Battle timer is ON: inactive players will automatically lose when time's up. (requested by Alter45)
|inactive|jonas esticado has 120 seconds left.
|inactive|jonas esticado has 90 seconds left.
|
|t:|1776126944
|teamsize|p1|6
|teamsize|p2|6
|start
|switch|p1a: Pelipper|Pelipper, F|100/100
|switch|p2a: Deoxys|Deoxys-Speed|100/100
|-weather|RainDance|[from] ability: Drizzle|[of] p1a: Pelipper
|turn|1
|inactive|Alter45 has 120 seconds left.
|
|t:|1776126995
|switch|p1a: Samurott|Samurott-Hisui, M|100/100
|move|p2a: Deoxys|Protect||[still]
|-fail|p2a: Deoxys
|
|-weather|RainDance|[upkeep]
|upkeep
|turn|2
|
|t:|1776127012
|move|p2a: Deoxys|U-turn|p1a: Samurott
|-supereffective|p1a: Samurott
|-damage|p1a: Samurott|66/100
|-damage|p2a: Deoxys|84/100|[from] item: Rocky Helmet|[of] p1a: Samurott
|
|t:|1776127022
|switch|p2a: Ogerpon|Ogerpon-Wellspring, F|100/100|[from] U-turn
|move|p1a: Samurott|Ceaseless Edge|p2a: Ogerpon
|-damage|p2a: Ogerpon|60/100
|-sidestart|p2: jonas esticado|Spikes
|
|-weather|RainDance|[upkeep]
|upkeep
|turn|3
|
|t:|1776127032
|move|p2a: Ogerpon|Horn Leech|p1a: Samurott
|-supereffective|p1a: Samurott
|-damage|p1a: Samurott|0 fnt
|-heal|p2a: Ogerpon|96/100|[from] drain|[of] p1a: Samurott
|-damage|p2a: Ogerpon|79/100|[from] item: Rocky Helmet|[of] p1a: Samurott
|faint|p1a: Samurott
|
|-weather|RainDance|[upkeep]
|upkeep
|
|t:|1776127047
|switch|p1a: Thundurus|Thundurus-Therian, M|100/100
|turn|4
|inactive|jonas esticado has 120 seconds left.
|
|t:|1776127075
|move|p2a: Ogerpon|U-turn|p1a: Thundurus
|-resisted|p1a: Thundurus
|-damage|p1a: Thundurus|81/100
|
|t:|1776127078
|switch|p2a: Zamazenta|Zamazenta|100/100|[from] U-turn
|-damage|p2a: Zamazenta|88/100|[from] Spikes
|-ability|p2a: Zamazenta|Dauntless Shield|boost
|-boost|p2a: Zamazenta|def|1
|move|p1a: Thundurus|Grass Knot|p2a: Zamazenta
|-damage|p2a: Zamazenta|65/100
|
|-weather|RainDance|[upkeep]
|upkeep
|turn|5
|inactive|Alter45 has 120 seconds left.
|
|t:|1776127099
|switch|p1a: Pelipper|Pelipper, F|100/100
|move|p2a: Zamazenta|Crunch|p1a: Pelipper
|-damage|p1a: Pelipper|79/100
|-unboost|p1a: Pelipper|def|1
|
|-weather|RainDance|[upkeep]
|upkeep
|turn|6
|
|t:|1776127109
|move|p2a: Zamazenta|Wild Charge|p1a: Pelipper
|-supereffective|p1a: Pelipper
|-damage|p1a: Pelipper|0 fnt
|faint|p1a: Pelipper
|-damage|p2a: Zamazenta|49/100|[from] Recoil
|
|-weather|RainDance|[upkeep]
|upkeep
|
|t:|1776127114
|switch|p1a: Basculegion|Basculegion, M|100/100
|turn|7
|
|t:|1776127120
|switch|p2a: Ogerpon|Ogerpon-Wellspring, F|79/100
|-damage|p2a: Ogerpon|67/100|[from] Spikes
|move|p1a: Basculegion|Double-Edge|p2a: Ogerpon
|-damage|p2a: Ogerpon|0 fnt
|faint|p2a: Ogerpon
|-damage|p1a: Basculegion|83/100|[from] Recoil
|
|-weather|RainDance|[upkeep]
|upkeep
|
|t:|1776127130
|switch|p2a: Deoxys|Deoxys-Speed|84/100
|turn|8
|
|t:|1776127138
|move|p1a: Basculegion|Double-Edge|p2a: Deoxys
|-immune|p2a: Deoxys
|move|p2a: Deoxys|Hex|p1a: Basculegion
|-supereffective|p1a: Basculegion
|-damage|p1a: Basculegion|2/100
|
|-weather|none
|upkeep
|turn|9
|inactive|Alter45 has 120 seconds left.
|
|t:|1776127178
|switch|p1a: Ludicolo|Ludicolo, M|100/100
|move|p2a: Deoxys|U-turn|p1a: Ludicolo
|-supereffective|p1a: Ludicolo
|-damage|p1a: Ludicolo|58/100
|
|t:|1776127192
|switch|p2a: Deoxys|Deoxys-Speed|100/100|[from] U-turn
|-damage|p2a: Deoxys|88/100|[from] Spikes
|-ability|p2a: Deoxys|Pressure
|
|upkeep
|turn|10
|
|t:|1776127207
|-terastallize|p1a: Ludicolo|Ice
|move|p2a: Deoxys|Spikes|p1a: Ludicolo
|-sidestart|p1: Alter45|Spikes
|move|p1a: Ludicolo|Ice Beam|p2a: Deoxys
|-damage|p2a: Deoxys|3/100
|-damage|p1a: Ludicolo|48/100|[from] item: Life Orb
|
|upkeep
|turn|11
|
|t:|1776127219
|move|p2a: Deoxys|Psychic|p1a: Ludicolo
|-damage|p1a: Ludicolo|0 fnt
|faint|p1a: Ludicolo
|-damage|p2a: Deoxys|0 fnt|[from] item: Life Orb
|faint|p2a: Deoxys
|
|upkeep
|
|t:|1776127227
|switch|p2a: Clodsire|Clodsire, F|84/100
|switch|p1a: Great Tusk|Great Tusk|100/100
|-damage|p1a: Great Tusk|88/100|[from] Spikes
|turn|12
|
|t:|1776127234
|move|p2a: Clodsire|Protect|p2a: Clodsire
|-singleturn|p2a: Clodsire|Protect
|move|p1a: Great Tusk|Rapid Spin|p2a: Clodsire
|-activate|p2a: Clodsire|move: Protect
|
|-heal|p1a: Great Tusk|94/100|[from] item: Leftovers
|upkeep
|turn|13
|inactive|Alter45 has 120 seconds left.
|
|t:|1776127245
|move|p2a: Clodsire|Hyper Voice|p1a: Great Tusk
|-damage|p1a: Great Tusk|20/100
|move|p1a: Great Tusk|Rapid Spin|p2a: Clodsire
|-immune|p2a: Clodsire
|
|-heal|p1a: Great Tusk|27/100|[from] item: Leftovers
|upkeep
|turn|14
|inactive|Alter45 has 120 seconds left.
|-message|Alter45 forfeited.
|
|win|jonas esticado
|raw|Alter45's rating: 1000 &rarr; <strong>1000</strong><br />(+0 for losing)
|raw|jonas esticado's rating: 1000 &rarr; <strong>1040</strong><br />(+40 for winning)
|l|☆Alter45
|player|p1|
