|html|<div class="broadcast-blue"><strong>[Gen 9] OU is currently suspecting Tera Blast! For information on how to participate check out the <a href="https://www.smogon.com/tools/suspects/view/200">suspect thread</a>.</strong></div>
|j|☆hem07
|j|☆WanderingWulf
|t:|1776091977
|gametype|singles
|player|p1|hem07|blanche|1362
|player|p2|WanderingWulf|plasmagrunt|1371
|gen|9
|tier|[Gen 9] OU
|rated|
|rule|HP Percentage Mod: HP is shown in percentages
|rule|Endless Battle Clause: Forcing endless battles is banned
|rule|Species Clause: Limit one of each Pokémon
|rule|OHKO Clause: OHKO moves are banned
|rule|Evasion Items Clause: Evasion items are banned
|rule|Evasion Moves Clause: Evasion moves are banned
|rule|Evasion Abilities Clause: Evasion abilities are banned
|rule|Sleep Moves Clause: Sleep-inducing moves are banned
|clearpoke
|poke|p1|Deoxys-Speed|
|poke|p1|Ceruledge, F|
|poke|p1|Zamazenta-*|
|poke|p1|Ogerpon-Wellspring, F|
|poke|p1|Glimmora, F|
|poke|p1|Moltres-Galar|
|poke|p2|Arcanine-Hisui, F|
|poke|p2|Armarouge, F|
|poke|p2|Maushold-Four|
|poke|p2|Noivern, M|
|poke|p2|Corviknight, M|
|poke|p2|Garganacl, F|
|teampreview
|inactive|Battle timer is ON: inactive players will automatically lose when time's up. (requested by hem07)
|
|t:|1776091981
|teamsize|p1|6
|teamsize|p2|6
|start
|switch|p1a: Moltres|Moltres-Galar|100/100
|switch|p2a: Bill|Arcanine-Hisui, F|100/100
|turn|1
|
|t:|1776091990
|switch|p1a: Glimmora|Glimmora, F|100/100
|move|p2a: Bill|Head Smash|p1a: Glimmora|[miss]
|-miss|p2a: Bill|p1a: Glimmora
|
|upkeep
|turn|2
|
|t:|1776091998
|move|p2a: Bill|Head Smash|p1a: Glimmora
|-damage|p1a: Glimmora|3/100
|-activate|p1a: Glimmora|ability: Toxic Debris
|-sidestart|p2: WanderingWulf|move: Toxic Spikes
|move|p1a: Glimmora|Stealth Rock|p2a: Bill
|-sidestart|p2: WanderingWulf|move: Stealth Rock
|
|upkeep
|turn|3
|
|t:|1776092007
|move|p2a: Bill|Head Smash|p1a: Glimmora
|-damage|p1a: Glimmora|0 fnt
|-activate|p1a: Glimmora|ability: Toxic Debris
|-sidestart|p2: WanderingWulf|move: Toxic Spikes
|faint|p1a: Glimmora
|
|upkeep
|
|t:|1776092026
|switch|p1a: Ogerpon|Ogerpon-Wellspring, F|100/100
|turn|4
|
|t:|1776092029
|move|p2a: Bill|Head Smash|p1a: Ogerpon
|-damage|p1a: Ogerpon|0 fnt
|faint|p1a: Ogerpon
|
|upkeep
|
|t:|1776092035
|switch|p1a: Zamazenta|Zamazenta|100/100
|-ability|p1a: Zamazenta|Dauntless Shield|boost
|-boost|p1a: Zamazenta|def|1
|turn|5
|
|t:|1776092039
|switch|p2a: Bill 4|Corviknight, M|100/100
|-damage|p2a: Bill 4|88/100|[from] Stealth Rock
|move|p1a: Zamazenta|Roar|p2a: Bill 4
|drag|p2a: Bill/2|Armarouge, F|100/100
|-status|p2a: Bill/2|tox
|-damage|p2a: Bill/2|76/100 tox|[from] Stealth Rock
|
|-damage|p2a: Bill/2|70/100 tox|[from] psn
|upkeep
|turn|6
|
|t:|1776092055
|switch|p1a: Deoxys|Deoxys-Speed|100/100
|-ability|p1a: Deoxys|Pressure
|move|p2a: Bill/2|Destiny Bond|p2a: Bill/2
|-singlemove|p2a: Bill/2|Destiny Bond
|
|-damage|p2a: Bill/2|57/100 tox|[from] psn
|upkeep
|turn|7
|
|t:|1776092066
|move|p1a: Deoxys|Reflect|p1a: Deoxys
|-sidestart|p1: hem07|Reflect
|move|p2a: Bill/2|Armor Cannon|p1a: Deoxys
|-damage|p1a: Deoxys|24/100
|-unboost|p2a: Bill/2|def|1
|-unboost|p2a: Bill/2|spd|1
|
|-damage|p2a: Bill/2|39/100 tox|[from] psn
|upkeep
|turn|8
|
|t:|1776092075
|move|p1a: Deoxys|Light Screen|p1a: Deoxys
|-sidestart|p1: hem07|move: Light Screen
|move|p2a: Bill/2|Armor Cannon|p1a: Deoxys
|-damage|p1a: Deoxys|0 fnt
|-unboost|p2a: Bill/2|def|1
|-unboost|p2a: Bill/2|spd|1
|faint|p1a: Deoxys
|
|-damage|p2a: Bill/2|15/100 tox|[from] psn
|upkeep
|
|t:|1776092079
|switch|p1a: Moltres|Moltres-Galar|100/100
|turn|9
|
|t:|1776092090
|switch|p2a: Bill 3|Noivern, M|100/100
|-damage|p2a: Bill 3|76/100|[from] Stealth Rock
|move|p1a: Moltres|Agility|p1a: Moltres
|-boost|p1a: Moltres|spe|2
|
|upkeep
|turn|10
|
|t:|1776092109
|-terastallize|p2a: Bill 3|Normal
|move|p1a: Moltres|Agility|p1a: Moltres
|-boost|p1a: Moltres|spe|2
|move|p2a: Bill 3|Boomburst|p1a: Moltres
|-damage|p1a: Moltres|21/100
|-ability|p1a: Moltres|Berserk|boost
|-boost|p1a: Moltres|spa|1
|-enditem|p1a: Moltres|Sitrus Berry|[eat]
|-heal|p1a: Moltres|46/100|[from] item: Sitrus Berry
|
|upkeep
|turn|11
|
|t:|1776092121
|move|p1a: Moltres|Fiery Wrath|p2a: Bill 3
|-damage|p2a: Bill 3|0 fnt
|faint|p2a: Bill 3
|
|upkeep
|
|t:|1776092129
|switch|p2a: Bill 4|Corviknight, M|88/100
|-damage|p2a: Bill 4|75/100|[from] Stealth Rock
|turn|12
|
|t:|1776092133
|move|p1a: Moltres|Fiery Wrath|p2a: Bill 4
|-damage|p2a: Bill 4|14/100
|move|p2a: Bill 4|Defog|p1a: Moltres
|-unboost|p1a: Moltres|evasion|1
|-sideend|p1: hem07|Reflect
|-sideend|p1: hem07|move: Light Screen
|-sideend|p2: WanderingWulf|Toxic Spikes|[from] move: Defog|[of] p2a: Bill 4
|-sideend|p2: WanderingWulf|Stealth Rock|[from] move: Defog|[of] p2a: Bill 4
|
|upkeep
|turn|13
|inactive|WanderingWulf has 120 seconds left.
|
|t:|1776092168
|move|p1a: Moltres|Nasty Plot|p1a: Moltres
|-boost|p1a: Moltres|spa|2
|move|p2a: Bill 4|Roost|p2a: Bill 4
|-heal|p2a: Bill 4|64/100
|-singleturn|p2a: Bill 4|move: Roost
|
|upkeep
|turn|14
|inactive|WanderingWulf has 120 seconds left.
|
|t:|1776092177
|move|p1a: Moltres|Fiery Wrath|p2a: Bill 4
|-damage|p2a: Bill 4|0 fnt
|faint|p2a: Bill 4
|
|upkeep
|inactive|WanderingWulf has 120 seconds left.
|
|t:|1776092182
|switch|p2a: Bill 5|Garganacl, F|100/100
|turn|15
|
|t:|1776092185
|move|p1a: Moltres|Fiery Wrath|p2a: Bill 5
|-crit|p2a: Bill 5
|-damage|p2a: Bill 5|4/100
|move|p2a: Bill 5|Salt Cure|p1a: Moltres
|-supereffective|p1a: Moltres
|-damage|p1a: Moltres|16/100
|-start|p1a: Moltres|Salt Cure
|
|-heal|p2a: Bill 5|10/100|[from] item: Leftovers
|-damage|p1a: Moltres|3/100|[from] Salt Cure
|upkeep
|turn|16
|
|t:|1776092197
|move|p1a: Moltres|Fiery Wrath|p2a: Bill 5
|-damage|p2a: Bill 5|0 fnt
|faint|p2a: Bill 5
|
|-damage|p1a: Moltres|0 fnt|[from] Salt Cure
|faint|p1a: Moltres
|upkeep
|
|t:|1776092207
|switch|p1a: Zamazenta|Zamazenta|100/100
|switch|p2a: Bill/2|Armarouge, F|15/100 tox
|turn|17
|
|t:|1776092213
|move|p1a: Zamazenta|Crunch|p2a: Bill/2
|-supereffective|p2a: Bill/2
|-damage|p2a: Bill/2|0 fnt
|faint|p2a: Bill/2
|
|upkeep
|
|t:|1776092219
|switch|p2a: Bartholomew|Maushold-Four|100/100
|turn|18
|
|t:|1776092223
|move|p1a: Zamazenta|Iron Defense|p1a: Zamazenta
|-boost|p1a: Zamazenta|def|2
|move|p2a: Bartholomew|Tidy Up|p2a: Bartholomew
|-boost|p2a: Bartholomew|atk|1
|-boost|p2a: Bartholomew|spe|1
|
|upkeep
|turn|19
|
|t:|1776092230
|move|p2a: Bartholomew|Encore|p1a: Zamazenta
|-start|p1a: Zamazenta|Encore
|move|p1a: Zamazenta|Iron Defense|p1a: Zamazenta
|-boost|p1a: Zamazenta|def|2
|
|upkeep
|turn|20
|
|t:|1776092236
|move|p2a: Bartholomew|Tidy Up|p2a: Bartholomew
|-boost|p2a: Bartholomew|atk|1
|-boost|p2a: Bartholomew|spe|1
|move|p1a: Zamazenta|Iron Defense|p1a: Zamazenta
|-boost|p1a: Zamazenta|def|2
|
|upkeep
|turn|21
|
|t:|1776092242
|move|p2a: Bartholomew|Population Bomb|p1a: Zamazenta
|-damage|p1a: Zamazenta|96/100
|-damage|p1a: Zamazenta|92/100
|-damage|p1a: Zamazenta|87/100
|-damage|p1a: Zamazenta|83/100
|-damage|p1a: Zamazenta|79/100
|-damage|p1a: Zamazenta|75/100
|-damage|p1a: Zamazenta|70/100
|-damage|p1a: Zamazenta|66/100
|-crit|p1a: Zamazenta
|-damage|p1a: Zamazenta|40/100
|-damage|p1a: Zamazenta|36/100
|-hitcount|p1a: Zamazenta|10
|move|p1a: Zamazenta|Iron Defense|p1a: Zamazenta
|-boost|p1a: Zamazenta|def|0
|
|-heal|p1a: Zamazenta|42/100|[from] item: Leftovers
|-end|p1a: Zamazenta|Encore
|upkeep
|turn|22
|
|t:|1776092247
|move|p2a: Bartholomew|Encore|p1a: Zamazenta
|-start|p1a: Zamazenta|Encore
|move|p1a: Zamazenta|Iron Defense|p1a: Zamazenta
|-boost|p1a: Zamazenta|def|0
|
|-heal|p1a: Zamazenta|48/100|[from] item: Leftovers
|upkeep
|turn|23
|
|t:|1776092255
|switch|p1a: Ceruledge|Ceruledge, F|100/100
|move|p2a: Bartholomew|Population Bomb|p1a: Ceruledge
|-immune|p1a: Ceruledge
|
|upkeep
|turn|24
|
|t:|1776092258
|move|p2a: Bartholomew|Bite|p1a: Ceruledge
|-supereffective|p1a: Ceruledge
|-damage|p1a: Ceruledge|0 fnt
|faint|p1a: Ceruledge
|
|upkeep
|
|t:|1776092262
|switch|p1a: Zamazenta|Zamazenta|48/100
|turn|25
|
|t:|1776092265
|move|p2a: Bartholomew|Population Bomb|p1a: Zamazenta
|-damage|p1a: Zamazenta|32/100
|-damage|p1a: Zamazenta|15/100
|-damage|p1a: Zamazenta|0 fnt
|faint|p1a: Zamazenta
|-hitcount|p1: Zamazenta|3
|
|win|WanderingWulf
|raw|hem07's rating: 1362 &rarr; <strong>1343</strong><br />(-19 for losing)
|raw|WanderingWulf's rating: 1371 &rarr; <strong>1390</strong><br />(+19 for winning)
|l|☆WanderingWulf
|player|p2|
|l|☆hem07
|player|p1|
