|html|<div class="broadcast-blue"><strong>[Gen 9] OU is currently suspecting Tera Blast! For information on how to participate check out the <a href="https://www.smogon.com/tools/suspects/view/200">suspect thread</a>.</strong></div>
|j|☆Dripakuma
|j|☆chy72
|t:|1776055445
|gametype|singles
|player|p1|Dripakuma|cynthia|1078
|player|p2|chy72|1|1070
|gen|9
|tier|[Gen 9] OU
|rated|
|rule|HP Percentage Mod: HP is shown in percentages
|rule|Endless Battle Clause: Forcing endless battles is banned
|rule|Species Clause: Limit one of each Pokémon
|rule|OHKO Clause: OHKO moves are banned
|rule|Evasion Items Clause: Evasion items are banned
|rule|Evasion Moves Clause: Evasion moves are banned
|rule|Evasion Abilities Clause: Evasion abilities are banned
|rule|Sleep Moves Clause: Sleep-inducing moves are banned
|clearpoke
|poke|p1|Glimmora, M|
|poke|p1|Noivern, M|
|poke|p1|Corviknight, M|
|poke|p1|Iron Moth|
|poke|p1|Great Tusk|
|poke|p1|Kingambit, M|
|poke|p2|Dragapult, F|
|poke|p2|Glimmora, M|
|poke|p2|Tyranitar, F|
|poke|p2|Gliscor, F|
|poke|p2|Weezing-Galar, F|
|poke|p2|Alomomola, M|
|teampreview
|
|t:|1776055454
|teamsize|p1|6
|teamsize|p2|6
|start
|switch|p1a: Glimmora|Glimmora, M, shiny|100/100
|switch|p2a: Glimmora|Glimmora, M|100/100
|turn|1
|
|t:|1776055459
|move|p1a: Glimmora|Stealth Rock|p2a: Glimmora
|-sidestart|p2: chy72|move: Stealth Rock
|move|p2a: Glimmora|Stealth Rock|p1a: Glimmora
|-sidestart|p1: Dripakuma|move: Stealth Rock
|
|upkeep
|turn|2
|inactive|Battle timer is ON: inactive players will automatically lose when time's up. (requested by Dripakuma)
|
|t:|1776055477
|move|p1a: Glimmora|Spikes|p2a: Glimmora
|-sidestart|p2: chy72|Spikes
|move|p2a: Glimmora|Acid Armor|p2a: Glimmora
|-boost|p2a: Glimmora|def|2
|
|upkeep
|turn|3
|
|t:|1776055482
|move|p1a: Glimmora|Earth Power|p2a: Glimmora
|-supereffective|p2a: Glimmora
|-damage|p2a: Glimmora|0 fnt
|faint|p2a: Glimmora
|
|upkeep
|
|t:|1776055490
|switch|p2a: Weezing|Weezing-Galar, F|100/100
|turn|4
|
|t:|1776055499
|move|p1a: Glimmora|Mortal Spin|p2a: Weezing
|-damage|p2a: Weezing|96/100
|-sideend|p1: Dripakuma|Stealth Rock|[from] move: Mortal Spin|[of] p1a: Glimmora
|move|p2a: Weezing|Defog|p1a: Glimmora
|-unboost|p1a: Glimmora|evasion|1
|-sideend|p2: chy72|Spikes|[from] move: Defog|[of] p2a: Weezing
|-sideend|p2: chy72|Stealth Rock|[from] move: Defog|[of] p2a: Weezing
|
|upkeep
|turn|5
|
|t:|1776055511
|switch|p2a: Gliscor|Gliscor, F|100/100
|move|p1a: Glimmora|Stealth Rock|p2a: Gliscor
|-sidestart|p2: chy72|move: Stealth Rock
|
|upkeep
|turn|6
|
|t:|1776055534
|switch|p1a: Corviknight|Corviknight, M, shiny|100/100
|-ability|p1a: Corviknight|Pressure
|move|p2a: Gliscor|Psychic Fangs|p1a: Corviknight
|-resisted|p1a: Corviknight
|-damage|p1a: Corviknight|91/100
|-damage|p2a: Gliscor|84/100|[from] item: Rocky Helmet|[of] p1a: Corviknight
|
|upkeep
|turn|7
|
|t:|1776055542
|move|p2a: Gliscor|Knock Off|p1a: Corviknight
|-damage|p1a: Corviknight|68/100
|-damage|p2a: Gliscor|68/100|[from] item: Rocky Helmet|[of] p1a: Corviknight
|-enditem|p1a: Corviknight|Rocky Helmet|[from] move: Knock Off|[of] p2a: Gliscor
|move|p1a: Corviknight|Agility|p1a: Corviknight
|-boost|p1a: Corviknight|spe|2
|
|upkeep
|turn|8
|
|t:|1776055552
|switch|p2a: Tyranitar|Tyranitar, F|100/100
|-damage|p2a: Tyranitar|88/100|[from] Stealth Rock
|-weather|Sandstorm|[from] ability: Sand Stream|[of] p2a: Tyranitar
|move|p1a: Corviknight|Iron Defense|p1a: Corviknight
|-boost|p1a: Corviknight|def|2
|
|-weather|Sandstorm|[upkeep]
|upkeep
|turn|9
|
|t:|1776055558
|move|p1a: Corviknight|Iron Defense|p1a: Corviknight
|-boost|p1a: Corviknight|def|2
|move|p2a: Tyranitar|Avalanche|p1a: Corviknight
|-damage|p1a: Corviknight|62/100
|
|-weather|Sandstorm|[upkeep]
|upkeep
|turn|10
|
|t:|1776055564
|move|p1a: Corviknight|Roost|p1a: Corviknight
|-heal|p1a: Corviknight|100/100
|-singleturn|p1a: Corviknight|move: Roost
|move|p2a: Tyranitar|Avalanche|p1a: Corviknight
|-resisted|p1a: Corviknight
|-damage|p1a: Corviknight|97/100
|
|-weather|Sandstorm|[upkeep]
|upkeep
|turn|11
|
|t:|1776055571
|move|p1a: Corviknight|Iron Defense|p1a: Corviknight
|-boost|p1a: Corviknight|def|2
|move|p2a: Tyranitar|Dragon Claw|p1a: Corviknight
|-resisted|p1a: Corviknight
|-damage|p1a: Corviknight|94/100
|
|-weather|Sandstorm|[upkeep]
|upkeep
|turn|12
|
|t:|1776055578
|move|p1a: Corviknight|Agility|p1a: Corviknight
|-boost|p1a: Corviknight|spe|2
|move|p2a: Tyranitar|Avalanche|p1a: Corviknight
|-damage|p1a: Corviknight|90/100
|
|-weather|none
|upkeep
|turn|13
|
|t:|1776055585
|switch|p2a: Weezing|Weezing-Galar, F|96/100
|move|p1a: Corviknight|Agility|p1a: Corviknight
|-boost|p1a: Corviknight|spe|2
|
|upkeep
|turn|14
|
|t:|1776055590
|move|p1a: Corviknight|Power Trip|p2a: Weezing
|-resisted|p2a: Weezing
|-damage|p2a: Weezing|73/100
|move|p2a: Weezing|Haze|p2a: Weezing
|-clearallboost
|
|upkeep
|turn|15
|
|t:|1776055612
|switch|p1a: Noivern|Noivern, M, shiny|100/100
|switch|p2a: Dragapult|Dragapult, F, shiny|100/100
|-damage|p2a: Dragapult|88/100|[from] Stealth Rock
|
|upkeep
|turn|16
|
|t:|1776055630
|switch|p1a: Corviknight|Corviknight, M, shiny|90/100
|-ability|p1a: Corviknight|Pressure
|move|p2a: Dragapult|Outrage|p1a: Corviknight
|-resisted|p1a: Corviknight
|-damage|p1a: Corviknight|64/100
|-heal|p2a: Dragapult|92/100|[from] item: Shell Bell|[of] p1a: Corviknight
|
|upkeep
|turn|17
|
|t:|1776055637
|move|p2a: Dragapult|Outrage|p1a: Corviknight|[from] lockedmove
|-resisted|p1a: Corviknight
|-damage|p1a: Corviknight|38/100
|-heal|p2a: Dragapult|96/100|[from] item: Shell Bell|[of] p1a: Corviknight
|-start|p2a: Dragapult|confusion|[fatigue]
|move|p1a: Corviknight|Agility|p1a: Corviknight
|-boost|p1a: Corviknight|spe|2
|
|upkeep
|turn|18
|
|t:|1776055663
|switch|p2a: Alomomola|Alomomola, M|100/100
|move|p1a: Corviknight|Roost|p1a: Corviknight
|-heal|p1a: Corviknight|88/100
|-singleturn|p1a: Corviknight|move: Roost
|
|upkeep
|turn|19
|
|t:|1776055674
|switch|p1a: Noivern|Noivern, M, shiny|100/100
|move|p2a: Alomomola|Liquidation|p1a: Noivern
|-resisted|p1a: Noivern
|-damage|p1a: Noivern|80/100
|
|upkeep
|turn|20
|
|t:|1776055681
|move|p1a: Noivern|Hurricane|p2a: Alomomola|[miss]
|-miss|p1a: Noivern|p2a: Alomomola
|move|p2a: Alomomola|Ice Beam|p1a: Noivern
|-supereffective|p1a: Noivern
|-damage|p1a: Noivern|30/100
|
|upkeep
|turn|21
|
|t:|1776055695
|move|p1a: Noivern|Hurricane|p2a: Alomomola
|-damage|p2a: Alomomola|15/100
|move|p2a: Alomomola|Ice Beam|p1a: Noivern
|-supereffective|p1a: Noivern
|-damage|p1a: Noivern|0 fnt
|faint|p1a: Noivern
|
|upkeep
|
|t:|1776055702
|switch|p1a: Glimmora|Glimmora, M, shiny|100/100
|turn|22
|
|t:|1776055718
|move|p1a: Glimmora|Spikes|p2a: Alomomola
|-sidestart|p2: chy72|Spikes
|move|p2a: Alomomola|Flip Turn|p1a: Glimmora
|-supereffective|p1a: Glimmora
|-damage|p1a: Glimmora|53/100
|-activate|p1a: Glimmora|ability: Toxic Debris
|-sidestart|p2: chy72|move: Toxic Spikes
|
|t:|1776055722
|switch|p2a: Weezing|Weezing-Galar, F|73/100|[from] Flip Turn
|
|upkeep
|turn|23
|
|t:|1776055734
|switch|p1a: Iron Moth|Iron Moth, shiny|100/100
|move|p2a: Weezing|Body Slam|p1a: Iron Moth
|-crit|p1a: Iron Moth
|-damage|p1a: Iron Moth|38/100
|
|upkeep
|turn|24
|
|t:|1776055745
|move|p1a: Iron Moth|Overheat|p2a: Weezing
|-damage|p2a: Weezing|0 fnt
|-unboost|p1a: Iron Moth|spa|2
|faint|p2a: Weezing
|-damage|p1a: Iron Moth|28/100|[from] item: Life Orb
|
|upkeep
|
|t:|1776055754
|switch|p2a: Gliscor|Gliscor, F|68/100
|-damage|p2a: Gliscor|55/100|[from] Stealth Rock
|turn|25
|
|t:|1776055761
|-end|p1a: Iron Moth|Quark Drive|[silent]
|switch|p1a: Corviknight|Corviknight, M, shiny|88/100
|-ability|p1a: Corviknight|Pressure
|move|p2a: Gliscor|Psychic Fangs|p1a: Corviknight
|-resisted|p1a: Corviknight
|-damage|p1a: Corviknight|78/100
|
|upkeep
|turn|26
|
|t:|1776055775
|switch|p2a: Dragapult|Dragapult, F, shiny|96/100
|-damage|p2a: Dragapult|84/100|[from] Stealth Rock
|-damage|p2a: Dragapult|72/100|[from] Spikes
|-status|p2a: Dragapult|psn
|switch|p1a: Glimmora|Glimmora, M, shiny|53/100
|
|-damage|p2a: Dragapult|59/100 psn|[from] psn
|upkeep
|turn|27
|
|t:|1776055782
|move|p2a: Dragapult|Dragon Dance|p2a: Dragapult
|-boost|p2a: Dragapult|atk|1
|-boost|p2a: Dragapult|spe|1
|move|p1a: Glimmora|Spikes|p2a: Dragapult
|-sidestart|p2: chy72|Spikes
|
|-damage|p2a: Dragapult|47/100 psn|[from] psn
|upkeep
|turn|28
|
|t:|1776055786
|move|p2a: Dragapult|Dragon Dance|p2a: Dragapult
|-boost|p2a: Dragapult|atk|1
|-boost|p2a: Dragapult|spe|1
|move|p1a: Glimmora|Spikes|p2a: Dragapult
|-sidestart|p2: chy72|Spikes
|
|-damage|p2a: Dragapult|35/100 psn|[from] psn
|upkeep
|turn|29
|
|t:|1776055790
|move|p2a: Dragapult|Outrage|p1a: Glimmora
|-damage|p1a: Glimmora|0 fnt
|-activate|p1a: Glimmora|ability: Toxic Debris
|-sidestart|p2: chy72|move: Toxic Spikes
|faint|p1a: Glimmora
|-heal|p2a: Dragapult|42/100 psn|[from] item: Shell Bell|[of] p1: Glimmora
|
|-damage|p2a: Dragapult|30/100 psn|[from] psn
|upkeep
|
|t:|1776055794
|switch|p1a: Corviknight|Corviknight, M, shiny|78/100
|-ability|p1a: Corviknight|Pressure
|turn|30
|
|t:|1776055796
|move|p2a: Dragapult|Outrage|p1a: Corviknight|[from] lockedmove
|-resisted|p1a: Corviknight
|-damage|p1a: Corviknight|22/100
|-heal|p2a: Dragapult|39/100 psn|[from] item: Shell Bell|[of] p1a: Corviknight
|-start|p2a: Dragapult|confusion|[fatigue]
|move|p1a: Corviknight|Roost|p1a: Corviknight
|-heal|p1a: Corviknight|72/100
|-singleturn|p1a: Corviknight|move: Roost
|
|-damage|p2a: Dragapult|27/100 psn|[from] psn
|upkeep
|turn|31
|
|t:|1776055803
|switch|p2a: Alomomola|Alomomola, M|49/100
|move|p1a: Corviknight|Roost|p1a: Corviknight
|-heal|p1a: Corviknight|100/100
|-singleturn|p1a: Corviknight|move: Roost
|
|upkeep
|turn|32
|
|t:|1776055814
|move|p2a: Alomomola|Flip Turn|p1a: Corviknight
|-damage|p1a: Corviknight|83/100
|
|t:|1776055822
|switch|p2a: Gliscor|Gliscor, F|55/100|[from] Flip Turn
|-damage|p2a: Gliscor|43/100|[from] Stealth Rock
|move|p1a: Corviknight|Iron Defense|p1a: Corviknight
|-boost|p1a: Corviknight|def|2
|
|upkeep
|turn|33
|
|t:|1776055830
|-terastallize|p2a: Gliscor|Water
|move|p2a: Gliscor|Knock Off|p1a: Corviknight
|-damage|p1a: Corviknight|75/100
|move|p1a: Corviknight|Iron Defense|p1a: Corviknight
|-boost|p1a: Corviknight|def|2
|
|upkeep
|turn|34
|
|t:|1776055838
|switch|p2a: Alomomola|Alomomola, M|82/100
|move|p1a: Corviknight|Iron Defense|p1a: Corviknight
|-boost|p1a: Corviknight|def|2
|
|upkeep
|turn|35
|
|t:|1776055842
|move|p2a: Alomomola|Ice Beam|p1a: Corviknight
|-damage|p1a: Corviknight|68/100
|move|p1a: Corviknight|Agility|p1a: Corviknight
|-boost|p1a: Corviknight|spe|2
|
|upkeep
|turn|36
|
|t:|1776055846
|move|p1a: Corviknight|Agility|p1a: Corviknight
|-boost|p1a: Corviknight|spe|2
|move|p2a: Alomomola|Liquidation|p1a: Corviknight
|-damage|p1a: Corviknight|62/100
|
|upkeep
|turn|37
|
|t:|1776055852
|move|p1a: Corviknight|Agility|p1a: Corviknight
|-boost|p1a: Corviknight|spe|2
|move|p2a: Alomomola|Flip Turn|p1a: Corviknight
|-damage|p1a: Corviknight|58/100
|
|t:|1776055859
|switch|p2a: Gliscor|Gliscor, F, tera:Water|43/100|[from] Flip Turn
|-damage|p2a: Gliscor|31/100|[from] Stealth Rock
|-damage|p2a: Gliscor|6/100|[from] Spikes
|-status|p2a: Gliscor|tox
|
|-damage|p2a: Gliscor|0 fnt|[from] psn
|faint|p2a: Gliscor
|upkeep
|
|t:|1776055863
|switch|p2a: Dragapult|Dragapult, F, shiny|27/100 psn
|-damage|p2a: Dragapult|14/100 psn|[from] Stealth Rock
|-damage|p2a: Dragapult|0 fnt|[from] Spikes
|faint|p2a: Dragapult
|
|t:|1776055865
|switch|p2a: Tyranitar|Tyranitar, F|88/100
|-damage|p2a: Tyranitar|76/100|[from] Stealth Rock
|-damage|p2a: Tyranitar|51/100|[from] Spikes
|-status|p2a: Tyranitar|tox
|-weather|Sandstorm|[from] ability: Sand Stream|[of] p2a: Tyranitar
|turn|38
|
|t:|1776055874
|move|p1a: Corviknight|Roost|p1a: Corviknight
|-heal|p1a: Corviknight|100/100
|-singleturn|p1a: Corviknight|move: Roost
|move|p2a: Tyranitar|Avalanche|p1a: Corviknight
|-resisted|p1a: Corviknight
|-damage|p1a: Corviknight|98/100
|
|-weather|Sandstorm|[upkeep]
|-damage|p2a: Tyranitar|45/100 tox|[from] psn
|upkeep
|turn|39
|
|t:|1776055881
|switch|p2a: Alomomola|Alomomola, M|100/100
|move|p1a: Corviknight|Power Trip|p2a: Alomomola
|-damage|p2a: Alomomola|59/100
|
|-weather|Sandstorm|[upkeep]
|-damage|p2a: Alomomola|53/100|[from] Sandstorm
|upkeep
|turn|40
|
|t:|1776055890
|move|p1a: Corviknight|Power Trip|p2a: Alomomola
|-damage|p2a: Alomomola|14/100
|move|p2a: Alomomola|Flip Turn|p1a: Corviknight
|-damage|p1a: Corviknight|94/100
|
|t:|1776055895
|switch|p2a: Tyranitar|Tyranitar, F|45/100 tox|[from] Flip Turn
|-damage|p2a: Tyranitar|32/100 tox|[from] Stealth Rock
|-damage|p2a: Tyranitar|7/100 tox|[from] Spikes
|
|-weather|Sandstorm|[upkeep]
|-damage|p2a: Tyranitar|1/100 tox|[from] psn
|upkeep
|turn|41
|-message|chy72 forfeited.
|
|win|Dripakuma
|raw|Dripakuma's rating: 1078 &rarr; <strong>1106</strong><br />(+28 for winning)
|raw|chy72's rating: 1070 &rarr; <strong>1050</strong><br />(-20 for losing)
|l|☆chy72
|player|p2|
