|html|<div class="broadcast-blue"><strong>[Gen 9] OU is currently suspecting Tera Blast! For information on how to participate check out the <a href="https://www.smogon.com/tools/suspects/view/200">suspect thread</a>.</strong></div>
|j|☆Luceo
|j|☆belobito
|t:|1776040271
|gametype|singles
|player|p1|Luceo|cynthia-masters4|1332
|player|p2|belobito|skier|1373
|gen|9
|tier|[Gen 9] OU
|rated|
|rule|HP Percentage Mod: HP is shown in percentages
|rule|Endless Battle Clause: Forcing endless battles is banned
|rule|Species Clause: Limit one of each Pokémon
|rule|OHKO Clause: OHKO moves are banned
|rule|Evasion Items Clause: Evasion items are banned
|rule|Evasion Moves Clause: Evasion moves are banned
|rule|Evasion Abilities Clause: Evasion abilities are banned
|rule|Sleep Moves Clause: Sleep-inducing moves are banned
|clearpoke
|poke|p1|Moltres-Galar|
|poke|p1|Gholdengo|
|poke|p1|Samurott-Hisui, F|
|poke|p1|Smeargle, F|
|poke|p1|Zamazenta-*|
|poke|p1|Deoxys-Speed|
|poke|p2|Iron Moth|
|poke|p2|Kingambit, F|
|poke|p2|Dragonite, M|
|poke|p2|Ogerpon-Cornerstone, F|
|poke|p2|Iron Valiant|
|poke|p2|Raging Bolt|
|teampreview
|inactive|Battle timer is ON: inactive players will automatically lose when time's up. (requested by Luceo)
|
|t:|1776040277
|teamsize|p1|6
|teamsize|p2|6
|start
|switch|p1a: Samurott|Samurott-Hisui, F|100/100
|switch|p2a: Ogerpon|Ogerpon-Cornerstone, F|100/100
|turn|1
|
|t:|1776040282
|move|p2a: Ogerpon|Swords Dance|p2a: Ogerpon
|-boost|p2a: Ogerpon|atk|2
|move|p1a: Samurott|Ceaseless Edge|p2a: Ogerpon
|-damage|p2a: Ogerpon|43/100
|-sidestart|p2: belobito|Spikes
|
|upkeep
|turn|2
|
|t:|1776040291
|move|p2a: Ogerpon|Power Whip|p1a: Samurott
|-supereffective|p1a: Samurott
|-enditem|p1a: Samurott|Focus Sash
|-damage|p1a: Samurott|1/100
|move|p1a: Samurott|Ceaseless Edge|p2a: Ogerpon
|-damage|p2a: Ogerpon|0 fnt
|-sidestart|p2: belobito|Spikes
|faint|p2a: Ogerpon
|
|upkeep
|
|t:|1776040300
|switch|p2a: Dragonite|Dragonite, M|100/100
|turn|3
|
|t:|1776040311
|move|p1a: Samurott|Ceaseless Edge|p2a: Dragonite
|-damage|p2a: Dragonite|76/100
|-sidestart|p2: belobito|Spikes
|move|p2a: Dragonite|Dragon Dance|p2a: Dragonite
|-boost|p2a: Dragonite|atk|1
|-boost|p2a: Dragonite|spe|1
|
|upkeep
|turn|4
|
|t:|1776040321
|move|p2a: Dragonite|Extreme Speed|p1a: Samurott
|-damage|p1a: Samurott|0 fnt
|faint|p1a: Samurott
|
|upkeep
|
|t:|1776040334
|switch|p1a: Gholdengo|Gholdengo|100/100
|turn|5
|
|t:|1776040341
|move|p1a: Gholdengo|Trick|p2a: Dragonite
|-activate|p1a: Gholdengo|move: Trick|[of] p2a: Dragonite
|-item|p2a: Dragonite|Choice Scarf|[from] move: Trick
|-item|p1a: Gholdengo|Heavy-Duty Boots|[from] move: Trick
|move|p2a: Dragonite|Earthquake|p1a: Gholdengo
|-supereffective|p1a: Gholdengo
|-damage|p1a: Gholdengo|0 fnt
|faint|p1a: Gholdengo
|
|upkeep
|
|t:|1776040348
|switch|p1a: Smeargle|Smeargle, F|100/100
|turn|6
|
|t:|1776040352
|-terastallize|p1a: Smeargle|Flying
|move|p2a: Dragonite|Earthquake|p1a: Smeargle
|-immune|p1a: Smeargle
|move|p1a: Smeargle|Jaw Lock|p2a: Dragonite
|-damage|p2a: Dragonite|63/100
|-activate|p1a: Smeargle|trapped
|-activate|p2a: Dragonite|trapped
|
|upkeep
|turn|7
|
|t:|1776040363
|move|p2a: Dragonite|Earthquake|p1a: Smeargle
|-immune|p1a: Smeargle
|move|p1a: Smeargle|No Retreat|p1a: Smeargle
|-boost|p1a: Smeargle|atk|1
|-boost|p1a: Smeargle|def|1
|-boost|p1a: Smeargle|spa|1
|-boost|p1a: Smeargle|spd|1
|-boost|p1a: Smeargle|spe|1
|
|upkeep
|turn|8
|
|t:|1776040370
|move|p2a: Dragonite|Earthquake|p1a: Smeargle
|-immune|p1a: Smeargle
|move|p1a: Smeargle|No Retreat|p1a: Smeargle
|-boost|p1a: Smeargle|atk|1
|-boost|p1a: Smeargle|def|1
|-boost|p1a: Smeargle|spa|1
|-boost|p1a: Smeargle|spd|1
|-boost|p1a: Smeargle|spe|1
|
|upkeep
|turn|9
|
|t:|1776040379
|move|p2a: Dragonite|Earthquake|p1a: Smeargle
|-immune|p1a: Smeargle
|move|p1a: Smeargle|No Retreat|p1a: Smeargle
|-boost|p1a: Smeargle|atk|1
|-boost|p1a: Smeargle|def|1
|-boost|p1a: Smeargle|spa|1
|-boost|p1a: Smeargle|spd|1
|-boost|p1a: Smeargle|spe|1
|
|upkeep
|turn|10
|
|t:|1776040385
|move|p2a: Dragonite|Earthquake|p1a: Smeargle
|-immune|p1a: Smeargle
|move|p1a: Smeargle|No Retreat|p1a: Smeargle
|-boost|p1a: Smeargle|atk|1
|-boost|p1a: Smeargle|def|1
|-boost|p1a: Smeargle|spa|1
|-boost|p1a: Smeargle|spd|1
|-boost|p1a: Smeargle|spe|1
|
|upkeep
|turn|11
|
|t:|1776040401
|move|p2a: Dragonite|Earthquake|p1a: Smeargle
|-immune|p1a: Smeargle
|move|p1a: Smeargle|No Retreat|p1a: Smeargle
|-boost|p1a: Smeargle|atk|1
|-boost|p1a: Smeargle|def|1
|-boost|p1a: Smeargle|spa|1
|-boost|p1a: Smeargle|spd|1
|-boost|p1a: Smeargle|spe|1
|
|upkeep
|turn|12
|
|t:|1776040408
|move|p1a: Smeargle|Population Bomb|p2a: Dragonite
|-damage|p2a: Dragonite|39/100
|-damage|p2a: Dragonite|12/100
|-damage|p2a: Dragonite|0 fnt
|faint|p2a: Dragonite
|-hitcount|p2: Dragonite|3
|
|upkeep
|
|t:|1776040418
|switch|p2a: Iron Valiant|Iron Valiant|100/100
|-damage|p2a: Iron Valiant|76/100|[from] Spikes
|-enditem|p2a: Iron Valiant|Booster Energy
|-activate|p2a: Iron Valiant|ability: Quark Drive|[fromitem]
|-start|p2a: Iron Valiant|quarkdrivespe
|turn|13
|
|t:|1776040424
|move|p1a: Smeargle|Population Bomb|p2a: Iron Valiant
|-damage|p2a: Iron Valiant|42/100
|-damage|p2a: Iron Valiant|14/100
|-damage|p2a: Iron Valiant|0 fnt
|faint|p2a: Iron Valiant
|-end|p2a: Iron Valiant|Quark Drive|[silent]
|-hitcount|p2: Iron Valiant|3
|
|upkeep
|
|t:|1776040432
|switch|p2a: Raging Bolt|Raging Bolt|100/100
|-damage|p2a: Raging Bolt|76/100|[from] Spikes
|-enditem|p2a: Raging Bolt|Booster Energy
|-activate|p2a: Raging Bolt|ability: Protosynthesis|[fromitem]
|-start|p2a: Raging Bolt|protosynthesisspa
|turn|14
|
|t:|1776040438
|move|p1a: Smeargle|Population Bomb|p2a: Raging Bolt
|-damage|p2a: Raging Bolt|54/100
|-damage|p2a: Raging Bolt|32/100
|-damage|p2a: Raging Bolt|8/100
|-damage|p2a: Raging Bolt|0 fnt
|faint|p2a: Raging Bolt
|-end|p2a: Raging Bolt|Protosynthesis|[silent]
|-hitcount|p2: Raging Bolt|4
|
|upkeep
|
|t:|1776040446
|switch|p2a: Kingambit|Kingambit, F|100/100
|-damage|p2a: Kingambit|76/100|[from] Spikes
|-activate|p2a: Kingambit|ability: Supreme Overlord
|-start|p2a: Kingambit|fallen4|[silent]
|turn|15
|
|t:|1776040453
|-terastallize|p2a: Kingambit|Ghost
|move|p1a: Smeargle|Population Bomb|p2a: Kingambit
|-immune|p2a: Kingambit
|move|p2a: Kingambit|Swords Dance|p2a: Kingambit
|-boost|p2a: Kingambit|atk|2
|
|upkeep
|turn|16
|
|t:|1776040464
|move|p1a: Smeargle|Power Trip|p2a: Kingambit
|-supereffective|p2a: Kingambit
|-damage|p2a: Kingambit|0 fnt
|faint|p2a: Kingambit
|-end|p2a: Kingambit|fallen4|[silent]
|
|upkeep
|
|t:|1776040469
|switch|p2a: Iron Moth|Iron Moth|100/100
|-damage|p2a: Iron Moth|76/100|[from] Spikes
|-enditem|p2a: Iron Moth|Booster Energy
|-activate|p2a: Iron Moth|ability: Quark Drive|[fromitem]
|-start|p2a: Iron Moth|quarkdrivespe
|turn|17
|
|t:|1776040477
|move|p1a: Smeargle|Population Bomb|p2a: Iron Moth
|-damage|p2a: Iron Moth|40/100
|-damage|p2a: Iron Moth|7/100
|-damage|p2a: Iron Moth|0 fnt
|faint|p2a: Iron Moth
|-end|p2a: Iron Moth|Quark Drive|[silent]
|-hitcount|p2: Iron Moth|3
|
|win|Luceo
|raw|Luceo's rating: 1332 &rarr; <strong>1354</strong><br />(+22 for winning)
|raw|belobito's rating: 1373 &rarr; <strong>1351</strong><br />(-22 for losing)
|l|☆Luceo
|player|p1|
|l|☆belobito
|player|p2|
