|html|<div class="broadcast-blue"><strong>[Gen 9] OU is currently suspecting Tera Blast! For information on how to participate check out the <a href="https://www.smogon.com/tools/suspects/view/200">suspect thread</a>.</strong></div>
|j|☆zachbindfer
|j|☆kebilan
|t:|1776042292
|gametype|singles
|player|p1|zachbindfer|li|1171
|player|p2|kebilan|li|1162
|gen|9
|tier|[Gen 9] OU
|rated|
|rule|HP Percentage Mod: HP is shown in percentages
|rule|Endless Battle Clause: Forcing endless battles is banned
|rule|Species Clause: Limit one of each Pokémon
|rule|OHKO Clause: OHKO moves are banned
|rule|Evasion Items Clause: Evasion items are banned
|rule|Evasion Moves Clause: Evasion moves are banned
|rule|Evasion Abilities Clause: Evasion abilities are banned
|rule|Sleep Moves Clause: Sleep-inducing moves are banned
|clearpoke
|poke|p1|Smeargle, F|
|poke|p1|Ceruledge, F|
|poke|p1|Dragonite, M|
|poke|p1|Donphan, F|
|poke|p1|Gliscor, F|
|poke|p1|Rotom-Wash|
|poke|p2|Weezing-Galar, M|
|poke|p2|Landorus-Therian, M|
|poke|p2|Deoxys-Defense|
|poke|p2|Salazzle, F|
|poke|p2|Snorlax, M|
|poke|p2|Noivern, F|
|teampreview
|inactive|Battle timer is ON: inactive players will automatically lose when time's up. (requested by kebilan)
|
|t:|1776042298
|teamsize|p1|6
|teamsize|p2|6
|start
|switch|p1a: Smeargle|Smeargle, F, shiny|100/100
|switch|p2a: Salazzle|Salazzle, F|100/100
|turn|1
|
|t:|1776042301
|move|p2a: Salazzle|Toxic|p1a: Smeargle
|-status|p1a: Smeargle|tox
|move|p1a: Smeargle|Thunder Wave|p2a: Salazzle
|-status|p2a: Salazzle|par
|
|-damage|p1a: Smeargle|94/100 tox|[from] psn
|upkeep
|turn|2
|
|t:|1776042308
|move|p1a: Smeargle|Sticky Web|p2a: Salazzle
|-sidestart|p2: kebilan|move: Sticky Web
|move|p2a: Salazzle|Encore|p1a: Smeargle
|-start|p1a: Smeargle|Encore
|
|-damage|p1a: Smeargle|82/100 tox|[from] psn
|upkeep
|turn|3
|
|t:|1776042316
|switch|p1a: Rotom|Rotom-Wash, shiny|100/100
|move|p2a: Salazzle|Toxic|p1a: Rotom
|-status|p1a: Rotom|tox
|
|-damage|p1a: Rotom|94/100 tox|[from] psn
|upkeep
|turn|4
|
|t:|1776042325
|move|p1a: Rotom|Hydro Pump|p2a: Salazzle
|-supereffective|p2a: Salazzle
|-enditem|p2a: Salazzle|Focus Sash
|-damage|p2a: Salazzle|1/100 par
|cant|p2a: Salazzle|par
|
|-heal|p1a: Rotom|100/100 tox|[from] item: Leftovers
|-damage|p1a: Rotom|88/100 tox|[from] psn
|upkeep
|turn|5
|
|t:|1776042331
|move|p1a: Rotom|Hydro Pump|p2a: Salazzle
|-supereffective|p2a: Salazzle
|-damage|p2a: Salazzle|0 fnt
|faint|p2a: Salazzle
|
|-heal|p1a: Rotom|94/100 tox|[from] item: Leftovers
|-damage|p1a: Rotom|75/100 tox|[from] psn
|upkeep
|
|t:|1776042334
|switch|p2a: Noivern|Noivern, F, shiny|100/100
|turn|6
|
|t:|1776042337
|move|p2a: Noivern|Defog|p1a: Rotom
|-unboost|p1a: Rotom|evasion|1
|-sideend|p2: kebilan|Sticky Web|[from] move: Defog|[of] p2a: Noivern
|move|p1a: Rotom|Thunder Wave|p2a: Noivern
|-status|p2a: Noivern|par
|
|-heal|p1a: Rotom|82/100 tox|[from] item: Leftovers
|-damage|p1a: Rotom|57/100 tox|[from] psn
|upkeep
|turn|7
|
|t:|1776042344
|move|p1a: Rotom|Hydro Pump|p2a: Noivern|[miss]
|-miss|p1a: Rotom|p2a: Noivern
|cant|p2a: Noivern|par
|
|-heal|p1a: Rotom|63/100 tox|[from] item: Leftovers
|-damage|p1a: Rotom|32/100 tox|[from] psn
|upkeep
|turn|8
|
|t:|1776042350
|move|p1a: Rotom|Thunderbolt|p2a: Noivern
|-crit|p2a: Noivern
|-damage|p2a: Noivern|16/100 par
|cant|p2a: Noivern|par
|
|-heal|p1a: Rotom|38/100 tox|[from] item: Leftovers
|-damage|p1a: Rotom|0 fnt|[from] psn
|faint|p1a: Rotom
|upkeep
|
|t:|1776042359
|switch|p1a: Dragonite|Dragonite, M|100/100
|turn|9
|
|t:|1776042362
|move|p1a: Dragonite|Dragon Dance|p1a: Dragonite
|-boost|p1a: Dragonite|atk|1
|-boost|p1a: Dragonite|spe|1
|move|p2a: Noivern|Draco Meteor|p1a: Dragonite
|-supereffective|p1a: Dragonite
|-damage|p1a: Dragonite|50/100
|-unboost|p2a: Noivern|spa|2
|-enditem|p1a: Dragonite|Weakness Policy
|-boost|p1a: Dragonite|atk|2|[from] item: Weakness Policy
|-boost|p1a: Dragonite|spa|2|[from] item: Weakness Policy
|
|upkeep
|turn|10
|
|t:|1776042369
|move|p1a: Dragonite|Dragon Dance|p1a: Dragonite
|-boost|p1a: Dragonite|atk|1
|-boost|p1a: Dragonite|spe|1
|move|p2a: Noivern|Draco Meteor|p1a: Dragonite
|-supereffective|p1a: Dragonite
|-damage|p1a: Dragonite|1/100
|-unboost|p2a: Noivern|spa|2
|
|upkeep
|turn|11
|
|t:|1776042379
|move|p1a: Dragonite|Dragon Claw|p2a: Noivern
|-supereffective|p2a: Noivern
|-damage|p2a: Noivern|0 fnt
|faint|p2a: Noivern
|
|upkeep
|
|t:|1776042385
|switch|p2a: Weezing|Weezing-Galar, M, shiny|100/100
|turn|12
|
|t:|1776042390
|move|p1a: Dragonite|Iron Head|p2a: Weezing
|-supereffective|p2a: Weezing
|-damage|p2a: Weezing|0 fnt
|faint|p2a: Weezing
|
|upkeep
|
|t:|1776042392
|switch|p2a: Snorlax|Snorlax, M, shiny|100/100
|turn|13
|
|t:|1776042395
|move|p1a: Dragonite|Dragon Claw|p2a: Snorlax
|-crit|p2a: Snorlax
|-damage|p2a: Snorlax|0 fnt
|faint|p2a: Snorlax
|
|upkeep
|
|t:|1776042398
|switch|p2a: Landorus|Landorus-Therian, M|100/100
|-ability|p2a: Landorus|Intimidate|boost
|-unboost|p1a: Dragonite|atk|1
|turn|14
|
|t:|1776042404
|move|p1a: Dragonite|Dragon Claw|p2a: Landorus
|-damage|p2a: Landorus|0 fnt
|faint|p2a: Landorus
|
|upkeep
|
|t:|1776042406
|switch|p2a: Deoxys|Deoxys-Defense|100/100
|-ability|p2a: Deoxys|Pressure
|turn|15
|
|t:|1776042408
|-terastallize|p2a: Deoxys|Steel
|move|p1a: Dragonite|Dragon Claw|p2a: Deoxys
|-resisted|p2a: Deoxys
|-damage|p2a: Deoxys|61/100
|move|p2a: Deoxys|Cosmic Power|p2a: Deoxys
|-boost|p2a: Deoxys|def|1
|-boost|p2a: Deoxys|spd|1
|
|upkeep
|turn|16
|
|t:|1776042420
|move|p1a: Dragonite|Earthquake|p2a: Deoxys
|-supereffective|p2a: Deoxys
|-damage|p2a: Deoxys|0 fnt
|faint|p2a: Deoxys
|
|win|zachbindfer
|raw|zachbindfer's rating: 1171 &rarr; <strong>1195</strong><br />(+24 for winning)
|raw|kebilan's rating: 1162 &rarr; <strong>1138</strong><br />(-24 for losing)
|l|☆kebilan
|player|p2|
|l|☆zachbindfer
|player|p1|
