|html|<div class="broadcast-blue"><strong>[Gen 9] OU is currently suspecting Tera Blast! For information on how to participate check out the <a href="https://www.smogon.com/tools/suspects/view/200">suspect thread</a>.</strong></div>
|j|☆TOMBDADDY
|j|☆ChiefTriceracop
|t:|1776212467
|gametype|singles
|player|p1|TOMBDADDY|unknown|1517
|player|p2|ChiefTriceracop|fisherman-gen4|1483
|gen|9
|tier|[Gen 9] OU
|rated|
|rule|HP Percentage Mod: HP is shown in percentages
|rule|Endless Battle Clause: Forcing endless battles is banned
|rule|Species Clause: Limit one of each Pokémon
|rule|OHKO Clause: OHKO moves are banned
|rule|Evasion Items Clause: Evasion items are banned
|rule|Evasion Moves Clause: Evasion moves are banned
|rule|Evasion Abilities Clause: Evasion abilities are banned
|rule|Sleep Moves Clause: Sleep-inducing moves are banned
|clearpoke
|poke|p1|Dragapult, F|
|poke|p1|Alomomola, F|
|poke|p1|Ting-Lu|
|poke|p1|Kyurem|
|poke|p1|Weezing-Galar, M|
|poke|p1|Corviknight, M|
|poke|p2|Pelipper, F|
|poke|p2|Hatterene, F|
|poke|p2|Iron Treads|
|poke|p2|Toxicroak, F|
|poke|p2|Barraskewda, F|
|poke|p2|Zapdos|
|teampreview
|inactive|Battle timer is ON: inactive players will automatically lose when time's up. (requested by ChiefTriceracop)
|
|t:|1776212479
|teamsize|p1|6
|teamsize|p2|6
|start
|switch|p1a: Weezing|Weezing-Galar, M|100/100
|switch|p2a: Pelipper|Pelipper, F|100/100
|-ability|p1a: Weezing|Neutralizing Gas
|turn|1
|
|t:|1776212491
|switch|p2a: Zapdos|Zapdos|100/100
|move|p1a: Weezing|Toxic|p2a: Zapdos
|-status|p2a: Zapdos|tox
|
|-damage|p2a: Zapdos|94/100 tox|[from] psn
|upkeep
|turn|2
|
|t:|1776212499
|move|p1a: Weezing|Protect|p1a: Weezing
|-singleturn|p1a: Weezing|Protect
|move|p2a: Zapdos|Volt Switch|p1a: Weezing
|-activate|p1a: Weezing|move: Protect
|
|-damage|p2a: Zapdos|82/100 tox|[from] psn
|upkeep
|turn|3
|
|t:|1776212508
|-end|p1a: Weezing|ability: Neutralizing Gas
|switch|p1a: Ting-Lu|Ting-Lu|100/100
|-ability|p1a: Ting-Lu|Vessel of Ruin
|move|p2a: Zapdos|Volt Switch|p1a: Ting-Lu
|-immune|p1a: Ting-Lu
|
|-damage|p2a: Zapdos|63/100 tox|[from] psn
|upkeep
|turn|4
|
|t:|1776212513
|switch|p2a: Hatterene|Hatterene, F|100/100
|move|p1a: Ting-Lu|Ruination|p2a: Hatterene
|-damage|p2a: Hatterene|51/100
|-enditem|p2a: Hatterene|Eject Button
|
|t:|1776212517
|switch|p2a: Pelipper|Pelipper, F|100/100
|-weather|RainDance|[from] ability: Drizzle|[of] p2a: Pelipper
|
|-weather|RainDance|[upkeep]
|upkeep
|turn|5
|
|t:|1776212524
|switch|p1a: Alomomola|Alomomola, F|100/100
|move|p2a: Pelipper|U-turn|p1a: Alomomola
|-damage|p1a: Alomomola|96/100
|-damage|p2a: Pelipper|84/100|[from] item: Rocky Helmet|[of] p1a: Alomomola
|
|t:|1776212529
|switch|p2a: Toxicroak|Toxicroak, F|100/100|[from] U-turn
|
|-weather|RainDance|[upkeep]
|upkeep
|turn|6
|
|t:|1776212534
|move|p2a: Toxicroak|Knock Off|p1a: Alomomola
|-crit|p1a: Alomomola
|-damage|p1a: Alomomola|76/100
|-damage|p2a: Toxicroak|84/100|[from] item: Rocky Helmet|[of] p1a: Alomomola
|-enditem|p1a: Alomomola|Rocky Helmet|[from] move: Knock Off|[of] p2a: Toxicroak
|move|p1a: Alomomola|Tickle|p2a: Toxicroak
|-unboost|p2a: Toxicroak|atk|1
|-unboost|p2a: Toxicroak|def|1
|
|-weather|RainDance|[upkeep]
|-heal|p2a: Toxicroak|96/100|[from] ability: Dry Skin
|upkeep
|turn|7
|
|t:|1776212543
|move|p2a: Toxicroak|Toxic|p1a: Alomomola
|-status|p1a: Alomomola|tox
|move|p1a: Alomomola|Wish|p1a: Alomomola
|
|-weather|RainDance|[upkeep]
|-heal|p2a: Toxicroak|100/100|[from] ability: Dry Skin
|-damage|p1a: Alomomola|69/100 tox|[from] psn
|upkeep
|turn|8
|
|t:|1776212549
|switch|p1a: Weezing|Weezing-Galar, M|100/100
|-ability|p1a: Weezing|Neutralizing Gas
|move|p2a: Toxicroak|Knock Off|p1a: Weezing
|-resisted|p1a: Weezing
|-damage|p1a: Weezing|94/100
|-enditem|p1a: Weezing|Leftovers|[from] move: Knock Off|[of] p2a: Toxicroak
|
|-weather|RainDance|[upkeep]
|-heal|p1a: Weezing|100/100|[from] move: Wish|[wisher] Alomomola
|upkeep
|turn|9
|
|t:|1776212568
|switch|p2a: Iron Treads|Iron Treads|100/100
|move|p1a: Weezing|Will-O-Wisp|p2a: Iron Treads
|-status|p2a: Iron Treads|brn
|
|-weather|RainDance|[upkeep]
|-damage|p2a: Iron Treads|94/100 brn|[from] brn
|upkeep
|turn|10
|
|t:|1776212583
|-end|p1a: Weezing|ability: Neutralizing Gas
|switch|p1a: Kyurem|Kyurem|100/100
|-ability|p1a: Kyurem|Pressure
|move|p2a: Iron Treads|Stealth Rock|p1a: Kyurem
|-sidestart|p1: TOMBDADDY|move: Stealth Rock
|
|-weather|RainDance|[upkeep]
|-heal|p2a: Iron Treads|100/100 brn|[from] item: Leftovers
|-damage|p2a: Iron Treads|94/100 brn|[from] brn
|upkeep
|turn|11
|
|t:|1776212589
|-end|p2a: Iron Treads|Quark Drive|[silent]
|switch|p2a: Hatterene|Hatterene, F|51/100
|move|p1a: Kyurem|Substitute|p1a: Kyurem
|-start|p1a: Kyurem|Substitute
|-damage|p1a: Kyurem|76/100
|
|-weather|none
|-heal|p1a: Kyurem|82/100|[from] item: Leftovers
|upkeep
|turn|12
|
|t:|1776212592
|move|p1a: Kyurem|Flash Cannon|p2a: Hatterene
|-supereffective|p2a: Hatterene
|-damage|p2a: Hatterene|0 fnt
|faint|p2a: Hatterene
|
|-heal|p1a: Kyurem|88/100|[from] item: Leftovers
|upkeep
|
|t:|1776212596
|switch|p2a: Barraskewda|Barraskewda, F|100/100
|turn|13
|
|t:|1776212602
|-terastallize|p2a: Barraskewda|Water
|move|p2a: Barraskewda|Flip Turn|p1a: Kyurem
|-resisted|p1a: Kyurem
|-end|p1a: Kyurem|Substitute
|
|t:|1776212610
|switch|p2a: Iron Treads|Iron Treads|94/100 brn|[from] Flip Turn
|move|p1a: Kyurem|Freeze-Dry|p2a: Iron Treads
|-damage|p2a: Iron Treads|66/100 brn
|
|-heal|p1a: Kyurem|94/100|[from] item: Leftovers
|-heal|p2a: Iron Treads|72/100 brn|[from] item: Leftovers
|-damage|p2a: Iron Treads|66/100 brn|[from] brn
|upkeep
|turn|14
|
|t:|1776212614
|move|p1a: Kyurem|Substitute|p1a: Kyurem
|-start|p1a: Kyurem|Substitute
|-damage|p1a: Kyurem|69/100
|move|p2a: Iron Treads|Volt Switch|p1a: Kyurem
|-resisted|p1a: Kyurem
|-activate|p1a: Kyurem|move: Substitute|[damage]
|
|t:|1776212620
|-end|p2a: Iron Treads|Quark Drive|[silent]
|switch|p2a: Pelipper|Pelipper, F|84/100|[from] Volt Switch
|-weather|RainDance|[from] ability: Drizzle|[of] p2a: Pelipper
|
|-weather|RainDance|[upkeep]
|-heal|p1a: Kyurem|75/100|[from] item: Leftovers
|upkeep
|turn|15
|
|t:|1776212623
|switch|p2a: Iron Treads|Iron Treads|66/100 brn
|move|p1a: Kyurem|Freeze-Dry|p2a: Iron Treads
|-damage|p2a: Iron Treads|37/100 brn
|
|-weather|RainDance|[upkeep]
|-heal|p1a: Kyurem|82/100|[from] item: Leftovers
|-heal|p2a: Iron Treads|43/100 brn|[from] item: Leftovers
|-damage|p2a: Iron Treads|37/100 brn|[from] brn
|upkeep
|turn|16
|
|t:|1776212629
|move|p1a: Kyurem|Freeze-Dry|p2a: Iron Treads
|-damage|p2a: Iron Treads|6/100 brn
|move|p2a: Iron Treads|Volt Switch|p1a: Kyurem
|-resisted|p1a: Kyurem
|-crit|p1a: Kyurem
|-activate|p1a: Kyurem|move: Substitute|[damage]
|
|t:|1776212634
|-end|p2a: Iron Treads|Quark Drive|[silent]
|switch|p2a: Barraskewda|Barraskewda, F, tera:Water|100/100|[from] Volt Switch
|
|-weather|RainDance|[upkeep]
|-heal|p1a: Kyurem|88/100|[from] item: Leftovers
|upkeep
|turn|17
|
|t:|1776212637
|move|p2a: Barraskewda|Flip Turn|p1a: Kyurem
|-resisted|p1a: Kyurem
|-end|p1a: Kyurem|Substitute
|
|t:|1776212639
|switch|p2a: Iron Treads|Iron Treads|6/100 brn|[from] Flip Turn
|move|p1a: Kyurem|Freeze-Dry|p2a: Iron Treads
|-damage|p2a: Iron Treads|0 fnt
|faint|p2a: Iron Treads
|-end|p2a: Iron Treads|Quark Drive|[silent]
|
|-weather|RainDance|[upkeep]
|-heal|p1a: Kyurem|94/100|[from] item: Leftovers
|upkeep
|
|t:|1776212641
|switch|p2a: Barraskewda|Barraskewda, F, tera:Water|100/100
|turn|18
|
|t:|1776212647
|switch|p1a: Weezing|Weezing-Galar, M|100/100
|-ability|p1a: Weezing|Neutralizing Gas
|-damage|p1a: Weezing|88/100|[from] Stealth Rock
|move|p2a: Barraskewda|Close Combat|p1a: Weezing
|-resisted|p1a: Weezing
|-damage|p1a: Weezing|76/100
|-unboost|p2a: Barraskewda|def|1
|-unboost|p2a: Barraskewda|spd|1
|
|-weather|RainDance|[upkeep]
|upkeep
|turn|19
|
|t:|1776212655
|switch|p2a: Zapdos|Zapdos|63/100 tox
|move|p1a: Weezing|Defog|p2a: Zapdos
|-unboost|p2a: Zapdos|evasion|1
|-sideend|p1: TOMBDADDY|Stealth Rock|[from] move: Defog|[of] p1a: Weezing
|
|-weather|RainDance|[upkeep]
|-damage|p2a: Zapdos|57/100 tox|[from] psn
|upkeep
|turn|20
|
|t:|1776212660
|move|p1a: Weezing|Protect|p1a: Weezing
|-singleturn|p1a: Weezing|Protect
|move|p2a: Zapdos|Hurricane|p1a: Weezing
|-activate|p1a: Weezing|move: Protect
|
|-weather|RainDance|[upkeep]
|-damage|p2a: Zapdos|44/100 tox|[from] psn
|upkeep
|turn|21
|
|t:|1776212664
|-end|p1a: Weezing|ability: Neutralizing Gas
|switch|p1a: Ting-Lu|Ting-Lu|100/100
|-ability|p1a: Ting-Lu|Vessel of Ruin
|move|p2a: Zapdos|Hurricane|p1a: Ting-Lu
|-damage|p1a: Ting-Lu|66/100
|-start|p1a: Ting-Lu|confusion
|
|-weather|none
|-heal|p1a: Ting-Lu|72/100|[from] item: Leftovers
|-damage|p2a: Zapdos|26/100 tox|[from] psn
|upkeep
|turn|22
|
|t:|1776212671
|switch|p2a: Pelipper|Pelipper, F|84/100
|-weather|RainDance|[from] ability: Drizzle|[of] p2a: Pelipper
|-activate|p1a: Ting-Lu|confusion
|-damage|p1a: Ting-Lu|67/100|[from] confusion
|
|-weather|RainDance|[upkeep]
|-heal|p1a: Ting-Lu|73/100|[from] item: Leftovers
|upkeep
|turn|23
|
|t:|1776212676
|-end|p1a: Ting-Lu|confusion
|move|p1a: Ting-Lu|Stealth Rock|p2a: Pelipper
|-sidestart|p2: ChiefTriceracop|move: Stealth Rock
|move|p2a: Pelipper|U-turn|p1a: Ting-Lu
|-supereffective|p1a: Ting-Lu
|-crit|p1a: Ting-Lu
|-damage|p1a: Ting-Lu|58/100
|
|t:|1776212682
|switch|p2a: Barraskewda|Barraskewda, F, tera:Water|100/100|[from] U-turn
|-damage|p2a: Barraskewda|88/100|[from] Stealth Rock
|
|-weather|RainDance|[upkeep]
|-heal|p1a: Ting-Lu|64/100|[from] item: Leftovers
|upkeep
|turn|24
|
|t:|1776212686
|switch|p1a: Alomomola|Alomomola, F|100/100 tox
|move|p2a: Barraskewda|Liquidation|p1a: Alomomola
|-resisted|p1a: Alomomola
|-damage|p1a: Alomomola|61/100 tox
|-unboost|p1a: Alomomola|def|1
|
|-weather|RainDance|[upkeep]
|-damage|p1a: Alomomola|55/100 tox|[from] psn
|upkeep
|turn|25
|
|t:|1776212701
|move|p2a: Barraskewda|Liquidation|p1a: Alomomola
|-resisted|p1a: Alomomola
|-damage|p1a: Alomomola|0 fnt
|faint|p1a: Alomomola
|
|-weather|RainDance|[upkeep]
|upkeep
|
|t:|1776212704
|switch|p1a: Kyurem|Kyurem|94/100
|-ability|p1a: Kyurem|Pressure
|turn|26
|
|t:|1776212711
|switch|p2a: Zapdos|Zapdos|26/100 tox
|-damage|p2a: Zapdos|1/100 tox|[from] Stealth Rock
|move|p1a: Kyurem|Freeze-Dry|p2a: Zapdos
|-supereffective|p2a: Zapdos
|-damage|p2a: Zapdos|0 fnt
|faint|p2a: Zapdos
|
|-weather|RainDance|[upkeep]
|-heal|p1a: Kyurem|99/100|[from] item: Leftovers
|upkeep
|
|t:|1776212715
|switch|p2a: Barraskewda|Barraskewda, F, tera:Water|88/100
|-damage|p2a: Barraskewda|76/100|[from] Stealth Rock
|turn|27
|
|t:|1776212721
|switch|p1a: Weezing|Weezing-Galar, M|76/100
|-ability|p1a: Weezing|Neutralizing Gas
|move|p2a: Barraskewda|Flip Turn|p1a: Weezing
|-damage|p1a: Weezing|6/100
|
|t:|1776212728
|switch|p2a: Toxicroak|Toxicroak, F|100/100|[from] Flip Turn
|-damage|p2a: Toxicroak|94/100|[from] Stealth Rock
|
|-weather|RainDance|[upkeep]
|upkeep
|turn|28
|
|t:|1776212735
|move|p2a: Toxicroak|Drain Punch|p1a: Weezing
|-resisted|p1a: Weezing
|-damage|p1a: Weezing|1/100
|-heal|p2a: Toxicroak|97/100|[from] drain|[of] p1a: Weezing
|move|p1a: Weezing|Will-O-Wisp|p2a: Toxicroak
|-status|p2a: Toxicroak|brn
|
|-weather|RainDance|[upkeep]
|-damage|p2a: Toxicroak|90/100 brn|[from] brn
|upkeep
|turn|29
|
|t:|1776212740
|move|p1a: Weezing|Protect|p1a: Weezing
|-singleturn|p1a: Weezing|Protect
|move|p2a: Toxicroak|Knock Off|p1a: Weezing
|-activate|p1a: Weezing|move: Protect
|
|-weather|none
|-damage|p2a: Toxicroak|84/100 brn|[from] brn
|upkeep
|turn|30
|
|t:|1776212745
|move|p2a: Toxicroak|Knock Off|p1a: Weezing
|-resisted|p1a: Weezing
|-damage|p1a: Weezing|0 fnt
|faint|p1a: Weezing
|-end|p1a: Weezing|ability: Neutralizing Gas
|
|-damage|p2a: Toxicroak|78/100 brn|[from] brn
|upkeep
|
|t:|1776212748
|switch|p1a: Kyurem|Kyurem|99/100
|-ability|p1a: Kyurem|Pressure
|turn|31
|
|t:|1776212752
|move|p1a: Kyurem|Substitute|p1a: Kyurem
|-start|p1a: Kyurem|Substitute
|-damage|p1a: Kyurem|75/100
|move|p2a: Toxicroak|Encore|p1a: Kyurem
|-start|p1a: Kyurem|Encore
|
|-heal|p1a: Kyurem|81/100|[from] item: Leftovers
|-damage|p2a: Toxicroak|72/100 brn|[from] brn
|upkeep
|turn|32
|
|t:|1776212763
|switch|p2a: Pelipper|Pelipper, F|84/100
|-damage|p2a: Pelipper|59/100|[from] Stealth Rock
|-weather|RainDance|[from] ability: Drizzle|[of] p2a: Pelipper
|move|p1a: Kyurem|Substitute|p1a: Kyurem
|-fail|p1a: Kyurem|move: Substitute
|
|-weather|RainDance|[upkeep]
|-heal|p1a: Kyurem|87/100|[from] item: Leftovers
|upkeep
|turn|33
|
|t:|1776212764
|move|p1a: Kyurem|Substitute|p1a: Kyurem
|-fail|p1a: Kyurem|move: Substitute
|move|p2a: Pelipper|U-turn|p1a: Kyurem
|-activate|p1a: Kyurem|move: Substitute|[damage]
|
|t:|1776212768
|switch|p2a: Barraskewda|Barraskewda, F, tera:Water|76/100|[from] U-turn
|-damage|p2a: Barraskewda|64/100|[from] Stealth Rock
|
|-weather|RainDance|[upkeep]
|-heal|p1a: Kyurem|94/100|[from] item: Leftovers
|upkeep
|turn|34
|
|t:|1776212771
|move|p2a: Barraskewda|Close Combat|p1a: Kyurem
|-supereffective|p1a: Kyurem
|-end|p1a: Kyurem|Substitute
|-unboost|p2a: Barraskewda|def|1
|-unboost|p2a: Barraskewda|spd|1
|move|p1a: Kyurem|Substitute|p1a: Kyurem
|-start|p1a: Kyurem|Substitute
|-damage|p1a: Kyurem|69/100
|
|-weather|RainDance|[upkeep]
|-heal|p1a: Kyurem|75/100|[from] item: Leftovers
|-end|p1a: Kyurem|Encore
|upkeep
|turn|35
|
|t:|1776212778
|switch|p2a: Toxicroak|Toxicroak, F|72/100 brn
|-damage|p2a: Toxicroak|66/100 brn|[from] Stealth Rock
|move|p1a: Kyurem|Freeze-Dry|p2a: Toxicroak
|-damage|p2a: Toxicroak|21/100 brn
|
|-weather|RainDance|[upkeep]
|-heal|p2a: Toxicroak|34/100 brn|[from] ability: Dry Skin
|-heal|p1a: Kyurem|81/100|[from] item: Leftovers
|-damage|p2a: Toxicroak|28/100 brn|[from] brn
|upkeep
|turn|36
|
|t:|1776212782
|move|p1a: Kyurem|Freeze-Dry|p2a: Toxicroak
|-damage|p2a: Toxicroak|0 fnt
|faint|p2a: Toxicroak
|
|-weather|RainDance|[upkeep]
|-heal|p1a: Kyurem|87/100|[from] item: Leftovers
|upkeep
|
|t:|1776212785
|switch|p2a: Barraskewda|Barraskewda, F, tera:Water|64/100
|-damage|p2a: Barraskewda|52/100|[from] Stealth Rock
|turn|37
|
|t:|1776212788
|move|p2a: Barraskewda|Flip Turn|p1a: Kyurem
|-resisted|p1a: Kyurem
|-end|p1a: Kyurem|Substitute
|
|t:|1776212791
|switch|p2a: Pelipper|Pelipper, F|59/100|[from] Flip Turn
|-damage|p2a: Pelipper|35/100|[from] Stealth Rock
|move|p1a: Kyurem|Freeze-Dry|p2a: Pelipper
|-supereffective|p2a: Pelipper
|-damage|p2a: Pelipper|0 fnt
|faint|p2a: Pelipper
|
|-weather|RainDance|[upkeep]
|-heal|p1a: Kyurem|93/100|[from] item: Leftovers
|upkeep
|
|t:|1776212793
|switch|p2a: Barraskewda|Barraskewda, F, tera:Water|52/100
|-damage|p2a: Barraskewda|40/100|[from] Stealth Rock
|turn|38
|
|t:|1776212800
|switch|p1a: Dragapult|Dragapult, F|100/100
|move|p2a: Barraskewda|Liquidation|p1a: Dragapult
|-resisted|p1a: Dragapult
|-damage|p1a: Dragapult|10/100
|
|-weather|RainDance|[upkeep]
|upkeep
|turn|39
|
|t:|1776212805
|move|p2a: Barraskewda|Liquidation|p1a: Dragapult
|-resisted|p1a: Dragapult
|-damage|p1a: Dragapult|0 fnt
|faint|p1a: Dragapult
|
|-weather|none
|upkeep
|
|t:|1776212808
|switch|p1a: Ting-Lu|Ting-Lu|64/100
|-ability|p1a: Ting-Lu|Vessel of Ruin
|turn|40
|
|t:|1776212810
|-terastallize|p1a: Ting-Lu|Water
|move|p2a: Barraskewda|Liquidation|p1a: Ting-Lu
|-resisted|p1a: Ting-Lu
|-damage|p1a: Ting-Lu|36/100
|move|p1a: Ting-Lu|Earthquake|p2a: Barraskewda
|-damage|p2a: Barraskewda|0 fnt
|faint|p2a: Barraskewda
|
|win|TOMBDADDY
|raw|TOMBDADDY's rating: 1517 &rarr; <strong>1535</strong><br />(+18 for winning)
|raw|ChiefTriceracop's rating: 1483 &rarr; <strong>1465</strong><br />(-18 for losing)
|l|☆ChiefTriceracop
|player|p2|
|c|☆TOMBDADDY|Ggwp
