|j|☆elitemasterjames
|j|☆Larygnitis2
|inactive|Battle timer is ON: inactive players will automatically lose when time's up.
|t:|1776089140
|gametype|singles
|player|p1|elitemasterjames|teamrocket|
|player|p2|Larygnitis2|266|
|gen|9
|tier|[Gen 9] OU
|rated|Tournament battle
|rule|HP Percentage Mod: HP is shown in percentages
|rule|Endless Battle Clause: Forcing endless battles is banned
|rule|Species Clause: Limit one of each Pokémon
|rule|OHKO Clause: OHKO moves are banned
|rule|Evasion Items Clause: Evasion items are banned
|rule|Evasion Moves Clause: Evasion moves are banned
|rule|Evasion Abilities Clause: Evasion abilities are banned
|rule|Sleep Moves Clause: Sleep-inducing moves are banned
|raw|<div class="infobox"><details class="readmore" open><summary><strong>1 custom rule:</strong></summary> -wobbuffet</details></div>
|clearpoke
|poke|p1|Skeledirge, M|
|poke|p1|Meowscarada, F|
|poke|p1|Sinistea|
|poke|p2|Toxapex, M|
|poke|p2|Ludicolo, M|
|poke|p2|Girafarig, M|
|teampreview
|inactive|Larygnitis2 also wants the timer to be on.
|j|*Lady Monita 
|inactive|elitemasterjames has 120 seconds left.
|
|t:|1776089170
|teamsize|p1|3
|teamsize|p2|3
|start
|switch|p1a: Meowscarada|Meowscarada, F|100/100
|switch|p2a: Toxapex|Toxapex, M|100/100
|turn|1
|
|t:|1776089198
|-terastallize|p2a: Toxapex|Poison
|move|p1a: Meowscarada|Knock Off|p2a: Toxapex
|-start|p1a: Meowscarada|typechange|Dark|[from] ability: Protean
|-damage|p2a: Toxapex|55/100
|-enditem|p2a: Toxapex|Black Sludge|[from] move: Knock Off|[of] p1a: Meowscarada
|-damage|p1a: Meowscarada|91/100|[from] item: Life Orb
|move|p2a: Toxapex|Toxic|p1a: Meowscarada
|-status|p1a: Meowscarada|tox
|
|-damage|p1a: Meowscarada|84/100 tox|[from] psn
|upkeep
|turn|2
|inactive|Larygnitis2 has 120 seconds left.
|
|t:|1776089213
|move|p1a: Meowscarada|U-turn|p2a: Toxapex
|-resisted|p2a: Toxapex
|-damage|p2a: Toxapex|44/100
|-damage|p1a: Meowscarada|75/100 tox|[from] item: Life Orb
|
|t:|1776089223
|switch|p1a: Skeledirge|Skeledirge, M|100/100|[from] U-turn
|move|p2a: Toxapex|Rain Dance|p2a: Toxapex
|-weather|RainDance
|
|-weather|RainDance|[upkeep]
|upkeep
|turn|3
|inactive|elitemasterjames has 120 seconds left.
|
|t:|1776089266
|switch|p2a: Ludicolo|Ludicolo, M|100/100
|-terastallize|p1a: Skeledirge|Fairy
|move|p1a: Skeledirge|Shadow Ball|p2a: Ludicolo
|-damage|p2a: Ludicolo|72/100
|
|-weather|RainDance|[upkeep]
|upkeep
|turn|4
|inactive|elitemasterjames has 90 seconds left.
|
|t:|1776089319
|move|p2a: Ludicolo|Weather Ball|p1a: Skeledirge
|-damage|p1a: Skeledirge|32/100
|move|p1a: Skeledirge|Slack Off|p1a: Skeledirge
|-heal|p1a: Skeledirge|82/100
|
|-weather|RainDance|[upkeep]
|-heal|p1a: Skeledirge|88/100|[from] item: Leftovers
|upkeep
|turn|5
|inactive|Larygnitis2 has 120 seconds left.
|
|t:|1776089335
|move|p2a: Ludicolo|Weather Ball|p1a: Skeledirge
|-damage|p1a: Skeledirge|20/100
|move|p1a: Skeledirge|Slack Off|p1a: Skeledirge
|-heal|p1a: Skeledirge|70/100
|
|-weather|RainDance|[upkeep]
|-heal|p1a: Skeledirge|76/100|[from] item: Leftovers
|upkeep
|turn|6
|
|t:|1776089344
|switch|p2a: Toxapex|Toxapex, M, tera:Poison|77/100
|move|p1a: Skeledirge|Slack Off|p1a: Skeledirge
|-heal|p1a: Skeledirge|100/100
|
|-weather|none
|upkeep
|turn|7
|
|t:|1776089358
|move|p1a: Skeledirge|Will-O-Wisp|p2a: Toxapex
|-status|p2a: Toxapex|brn
|move|p2a: Toxapex|Toxic|p1a: Skeledirge
|-status|p1a: Skeledirge|tox
|
|-damage|p1a: Skeledirge|94/100 tox|[from] psn
|-damage|p2a: Toxapex|71/100 brn|[from] brn
|upkeep
|turn|8
|
|t:|1776089369
|switch|p1a: Meowscarada|Meowscarada, F|75/100 tox
|move|p2a: Toxapex|Rain Dance|p2a: Toxapex
|-weather|RainDance
|
|-weather|RainDance|[upkeep]
|-damage|p1a: Meowscarada|68/100 tox|[from] psn
|-damage|p2a: Toxapex|65/100 brn|[from] brn
|upkeep
|turn|9
|
|t:|1776089378
|move|p2a: Toxapex|Baneful Bunker|p2a: Toxapex
|-singleturn|p2a: Toxapex|move: Protect
|move|p1a: Meowscarada|Triple Axel|p2a: Toxapex
|-start|p1a: Meowscarada|typechange|Ice|[from] ability: Protean
|-activate|p2a: Toxapex|move: Protect
|
|-weather|RainDance|[upkeep]
|-damage|p1a: Meowscarada|56/100 tox|[from] psn
|-damage|p2a: Toxapex|59/100 brn|[from] brn
|upkeep
|turn|10
|
|t:|1776089388
|move|p1a: Meowscarada|Triple Axel|p2a: Toxapex
|-damage|p2a: Toxapex|48/100 brn
|-damage|p2a: Toxapex|28/100 brn
|-damage|p2a: Toxapex|0 fnt
|faint|p2a: Toxapex
|-hitcount|p2: Toxapex|3
|-damage|p1a: Meowscarada|46/100 tox|[from] item: Life Orb
|
|-weather|RainDance|[upkeep]
|-damage|p1a: Meowscarada|28/100 tox|[from] psn
|upkeep
|
|t:|1776089401
|switch|p2a: Ludicolo|Ludicolo, M|72/100
|turn|11
|
|t:|1776089410
|switch|p1a: Sinistea|Sinistea|100/100
|move|p2a: Ludicolo|Weather Ball|p1a: Sinistea
|-enditem|p1a: Sinistea|Focus Sash
|-damage|p1a: Sinistea|1/100
|
|-weather|RainDance|[upkeep]
|upkeep
|turn|12
|
|t:|1776089420
|move|p2a: Ludicolo|Weather Ball|p1a: Sinistea
|-damage|p1a: Sinistea|0 fnt
|faint|p1a: Sinistea
|
|-weather|none
|upkeep
|j| ShadowTree87
|inactive|elitemasterjames has 90 seconds left.
|
|t:|1776089443
|switch|p1a: Skeledirge|Skeledirge, M, tera:Fairy|94/100 tox
|turn|13
|inactive|elitemasterjames has 90 seconds left.
|
|t:|1776089455
|switch|p2a: Girafarig|Girafarig, M|100/100
|move|p1a: Skeledirge|Torch Song|p2a: Girafarig
|-damage|p2a: Girafarig|58/100
|-boost|p1a: Skeledirge|spa|1
|
|-heal|p1a: Skeledirge|100/100 tox|[from] item: Leftovers
|-damage|p1a: Skeledirge|94/100 tox|[from] psn
|upkeep
|turn|14
|inactive|elitemasterjames has 90 seconds left.
|
|t:|1776089482
|move|p2a: Girafarig|Psychic|p1a: Skeledirge
|-damage|p1a: Skeledirge|64/100 tox
|move|p1a: Skeledirge|Torch Song|p2a: Girafarig
|-damage|p2a: Girafarig|0 fnt
|-boost|p1a: Skeledirge|spa|1
|faint|p2a: Girafarig
|
|-heal|p1a: Skeledirge|70/100 tox|[from] item: Leftovers
|-damage|p1a: Skeledirge|58/100 tox|[from] psn
|upkeep
|
|t:|1776089491
|switch|p2a: Ludicolo|Ludicolo, M|72/100
|turn|15
|inactive|Larygnitis2 has 120 seconds left.
|
|t:|1776089507
|move|p2a: Ludicolo|Leaf Storm|p1a: Skeledirge
|-damage|p1a: Skeledirge|0 fnt
|-unboost|p2a: Ludicolo|spa|2
|faint|p1a: Skeledirge
|
|upkeep
|
|t:|1776089512
|switch|p1a: Meowscarada|Meowscarada, F|28/100 tox
|turn|16
|
|t:|1776089519
|move|p1a: Meowscarada|Flower Trick|p2a: Ludicolo
|-start|p1a: Meowscarada|typechange|Grass|[from] ability: Protean
|-crit|p2a: Ludicolo
|-damage|p2a: Ludicolo|0 fnt
|faint|p2a: Ludicolo
|-damage|p1a: Meowscarada|18/100 tox|[from] item: Life Orb
|
|win|elitemasterjames
|n|☆elitemasterjames|elitemasterjames
|n|☆Larygnitis2|larygnitis2
|n|*Lady Monita |ladymonita
|n| ShadowTree87|shadowtree87
