|html|<div class="broadcast-blue"><strong>[Gen 9] OU is currently suspecting Volcarona! For information on how to participate check out the <a href="https://www.smogon.com/tools/suspects/view/208">suspect thread</a>.</strong></div>
|j|☆cesana
|j|☆chuddyholly
|t:|1778500915
|gametype|singles
|player|p1|cesana|cynthia-gen4|1514
|player|p2|chuddyholly|265|1583
|gen|9
|tier|[Gen 9] OU
|rated|
|rule|HP Percentage Mod: HP is shown in percentages
|rule|Endless Battle Clause: Forcing endless battles is banned
|rule|Species Clause: Limit one of each Pokémon
|rule|OHKO Clause: OHKO moves are banned
|rule|Evasion Items Clause: Evasion items are banned
|rule|Evasion Moves Clause: Evasion moves are banned
|rule|Evasion Abilities Clause: Evasion abilities are banned
|rule|Sleep Moves Clause: Sleep-inducing moves are banned
|clearpoke
|poke|p1|Toxapex, M|
|poke|p1|Dondozo, F|
|poke|p1|Blissey, F|
|poke|p1|Gliscor, F|
|poke|p1|Corviknight, F|
|poke|p1|Kyurem|
|poke|p2|Darkrai|
|poke|p2|Garchomp, F|
|poke|p2|Alomomola, F|
|poke|p2|Corviknight, F|
|poke|p2|Weezing-Galar, F|
|poke|p2|Ogerpon, F|
|teampreview
|inactive|Battle timer is ON: inactive players will automatically lose when time's up. (requested by cesana)
|
|t:|1778500923
|teamsize|p1|6
|teamsize|p2|6
|start
|switch|p1a: Gliscor|Gliscor, F|100/100
|switch|p2a: Darkrai|Darkrai|100/100
|turn|1
|
|t:|1778500941
|move|p1a: Gliscor|Protect|p1a: Gliscor
|-singleturn|p1a: Gliscor|Protect
|move|p2a: Darkrai|Trick|p1a: Gliscor
|-activate|p1a: Gliscor|move: Protect
|
|-status|p1a: Gliscor|tox|[from] item: Toxic Orb
|upkeep
|turn|2
|l|☆cesana
|inactive|cesana disconnected and has a minute to reconnect!
|player|p1|
|j|☆cesana
|inactive|cesana reconnected and has 140 seconds left.
|player|p1|cesana|cynthia-gen4|
|
|t:|1778500958
|switch|p2a: Garchomp|Garchomp, F|100/100
|move|p1a: Gliscor|Stealth Rock|p2a: Garchomp
|-sidestart|p2: chuddyholly|move: Stealth Rock
|
|upkeep
|turn|3
|
|t:|1778500974
|switch|p1a: Dondozo|Dondozo, F|100/100
|move|p2a: Garchomp|Stealth Rock|p1a: Dondozo
|-sidestart|p1: cesana|move: Stealth Rock
|
|upkeep
|turn|4
|
|t:|1778500978
|move|p1a: Dondozo|Curse|p1a: Dondozo
|-unboost|p1a: Dondozo|spe|1
|-boost|p1a: Dondozo|atk|1
|-boost|p1a: Dondozo|def|1
|move|p2a: Garchomp|Dragon Tail|p1a: Dondozo
|-damage|p1a: Dondozo|93/100
|drag|p1a: Kyurem|Kyurem|100/100
|-damage|p1a: Kyurem|76/100|[from] Stealth Rock
|-ability|p1a: Kyurem|Pressure
|
|upkeep
|turn|5
|
|t:|1778500992
|switch|p2a: Alomomola|Alomomola, F|100/100
|-damage|p2a: Alomomola|88/100|[from] Stealth Rock
|move|p1a: Kyurem|Freeze-Dry|p2a: Alomomola
|-supereffective|p2a: Alomomola
|-damage|p2a: Alomomola|31/100
|
|upkeep
|turn|6
|inactive|chuddyholly has 120 seconds left.
|inactive|chuddyholly has 90 seconds left.
|
|t:|1778501060
|switch|p2a: Garchomp|Garchomp, F|100/100
|-damage|p2a: Garchomp|94/100|[from] Stealth Rock
|move|p1a: Kyurem|Freeze-Dry|p2a: Garchomp
|-supereffective|p2a: Garchomp
|-damage|p2a: Garchomp|0 fnt
|faint|p2a: Garchomp
|
|upkeep
|
|t:|1778501071
|switch|p2a: Darkrai|Darkrai|100/100
|-damage|p2a: Darkrai|88/100|[from] Stealth Rock
|turn|7
|
|t:|1778501082
|switch|p1a: Blissey|Blissey, F|100/100
|-damage|p1a: Blissey|88/100|[from] Stealth Rock
|move|p2a: Darkrai|Dark Pulse|p1a: Blissey
|-damage|p1a: Blissey|70/100
|
|-heal|p1a: Blissey|76/100|[from] item: Leftovers
|upkeep
|turn|8
|
|t:|1778501091
|switch|p2a: Alomomola|Alomomola, F|64/100
|-damage|p2a: Alomomola|51/100|[from] Stealth Rock
|move|p1a: Blissey|Seismic Toss|p2a: Alomomola
|-damage|p2a: Alomomola|33/100
|
|-heal|p1a: Blissey|82/100|[from] item: Leftovers
|upkeep
|turn|9
|
|t:|1778501106
|switch|p1a: Toxapex|Toxapex, M|100/100
|move|p2a: Alomomola|Flip Turn|p1a: Toxapex
|-resisted|p1a: Toxapex
|-damage|p1a: Toxapex|94/100
|
|t:|1778501111
|switch|p2a: Ogerpon|Ogerpon, F|100/100|[from] Flip Turn
|-damage|p2a: Ogerpon|88/100|[from] Stealth Rock
|
|upkeep
|turn|10
|
|t:|1778501116
|move|p2a: Ogerpon|Swords Dance|p2a: Ogerpon
|-boost|p2a: Ogerpon|atk|2
|move|p1a: Toxapex|Toxic|p2a: Ogerpon
|-status|p2a: Ogerpon|tox
|
|-damage|p2a: Ogerpon|82/100 tox|[from] psn
|upkeep
|turn|11
|
|t:|1778501119
|move|p2a: Ogerpon|Knock Off|p1a: Toxapex
|-damage|p1a: Toxapex|47/100
|-enditem|p1a: Toxapex|Heavy-Duty Boots|[from] move: Knock Off|[of] p2a: Ogerpon
|move|p1a: Toxapex|Haze|p1a: Toxapex
|-clearallboost
|
|-damage|p2a: Ogerpon|70/100 tox|[from] psn
|upkeep
|turn|12
|
|t:|1778501124
|move|p2a: Ogerpon|Ivy Cudgel|p1a: Toxapex
|-damage|p1a: Toxapex|10/100
|move|p1a: Toxapex|Recover|p1a: Toxapex
|-heal|p1a: Toxapex|61/100
|
|-damage|p2a: Ogerpon|52/100 tox|[from] psn
|upkeep
|turn|13
|inactive|chuddyholly has 120 seconds left.
|c|☆chuddyholly|I wish I had words to describe how comfortable hitting pavement at terminal velocity would feel
|-message|chuddyholly forfeited.
|
|win|cesana
|raw|cesana's rating: 1514 &rarr; <strong>1538</strong><br />(+24 for winning)
|raw|chuddyholly's rating: 1583 &rarr; <strong>1559</strong><br />(-24 for losing)
|l|☆cesana
|player|p1|
|l|☆chuddyholly
|player|p2|
