|html|<div class="broadcast-blue"><strong>[Gen 9] OU is currently suspecting Tera Blast! For information on how to participate check out the <a href="https://www.smogon.com/tools/suspects/view/200">suspect thread</a>.</strong></div>
|j|☆Pulkatz
|j|☆energydrink1
|t:|1776041791
|gametype|singles
|player|p1|Pulkatz|169|1247
|player|p2|energydrink1|lyra|1289
|gen|9
|tier|[Gen 9] OU
|rated|
|rule|HP Percentage Mod: HP is shown in percentages
|rule|Endless Battle Clause: Forcing endless battles is banned
|rule|Species Clause: Limit one of each Pokémon
|rule|OHKO Clause: OHKO moves are banned
|rule|Evasion Items Clause: Evasion items are banned
|rule|Evasion Moves Clause: Evasion moves are banned
|rule|Evasion Abilities Clause: Evasion abilities are banned
|rule|Sleep Moves Clause: Sleep-inducing moves are banned
|clearpoke
|poke|p1|Volbeat, M|
|poke|p1|Dragapult, M|
|poke|p1|Great Tusk|
|poke|p1|Lokix, M|
|poke|p1|Corviknight, M|
|poke|p1|Iron Valiant|
|poke|p2|Manaphy|
|poke|p2|Gholdengo|
|poke|p2|Ogerpon-Wellspring, F|
|poke|p2|Pecharunt|
|poke|p2|Cinderace, F|
|poke|p2|Iron Treads|
|teampreview
|inactive|Battle timer is ON: inactive players will automatically lose when time's up. (requested by energydrink1)
|
|t:|1776041821
|teamsize|p1|6
|teamsize|p2|6
|start
|switch|p1a: Volbeat|Volbeat, M|100/100
|switch|p2a: Iron Treads|Iron Treads|100/100
|-enditem|p2a: Iron Treads|Booster Energy
|-activate|p2a: Iron Treads|ability: Quark Drive|[fromitem]
|-start|p2a: Iron Treads|quarkdrivespe
|turn|1
|
|t:|1776041828
|move|p1a: Volbeat|Encore||[still]
|-fail|p1a: Volbeat
|move|p2a: Iron Treads|Stealth Rock|p1a: Volbeat
|-sidestart|p1: Pulkatz|move: Stealth Rock
|
|-status|p1a: Volbeat|tox|[from] item: Toxic Orb
|upkeep
|turn|2
|
|t:|1776041839
|-end|p2a: Iron Treads|Quark Drive|[silent]
|switch|p2a: Cinderace|Cinderace, F|100/100
|move|p1a: Volbeat|U-turn|p2a: Cinderace
|-resisted|p2a: Cinderace
|-damage|p2a: Cinderace|88/100
|
|t:|1776041846
|switch|p1a: Dragapult|Dragapult, M|100/100|[from] U-turn
|-damage|p1a: Dragapult|88/100|[from] Stealth Rock
|
|upkeep
|turn|3
|
|t:|1776041852
|move|p2a: Cinderace|Sucker Punch|p1a: Dragapult
|-start|p2a: Cinderace|typechange|Dark|[from] ability: Libero
|-supereffective|p1a: Dragapult
|-damage|p1a: Dragapult|0 fnt
|faint|p1a: Dragapult
|
|upkeep
|
|t:|1776041857
|switch|p1a: Volbeat|Volbeat, M|100/100 tox
|-damage|p1a: Volbeat|76/100 tox|[from] Stealth Rock
|turn|4
|
|t:|1776041861
|move|p1a: Volbeat|Trick|p2a: Cinderace
|-hint|Since gen 7, Dark is immune to Prankster moves.
|-immune|p2a: Cinderace
|move|p2a: Cinderace|Pyro Ball|p1a: Volbeat
|-supereffective|p1a: Volbeat
|-damage|p1a: Volbeat|3/100 tox
|
|-damage|p1a: Volbeat|0 fnt|[from] psn
|faint|p1a: Volbeat
|upkeep
|
|t:|1776041866
|switch|p1a: Great Tusk|Great Tusk|100/100
|turn|5
|
|t:|1776041879
|move|p2a: Cinderace|U-turn|p1a: Great Tusk
|-resisted|p1a: Great Tusk
|-damage|p1a: Great Tusk|93/100
|
|t:|1776041881
|switch|p2a: Gholdengo|Gholdengo|100/100|[from] U-turn
|-item|p2a: Gholdengo|Air Balloon
|move|p1a: Great Tusk|Rapid Spin|p2a: Gholdengo
|-immune|p2a: Gholdengo
|
|upkeep
|turn|6
|
|t:|1776041891
|-end|p1a: Great Tusk|Protosynthesis|[silent]
|switch|p1a: Corviknight|Corviknight, M|100/100
|-damage|p1a: Corviknight|88/100|[from] Stealth Rock
|-ability|p1a: Corviknight|Pressure
|move|p2a: Gholdengo|Make It Rain|p1a: Corviknight
|-resisted|p1a: Corviknight
|-damage|p1a: Corviknight|63/100
|-unboost|p2a: Gholdengo|spa|1
|
|-heal|p1a: Corviknight|69/100|[from] item: Leftovers
|upkeep
|turn|7
|
|t:|1776041905
|switch|p2a: jane early|Manaphy|100/100
|move|p1a: Corviknight|U-turn|p2a: jane early
|-damage|p2a: jane early|87/100
|
|t:|1776041914
|switch|p1a: Iron Valiant|Iron Valiant|100/100|[from] U-turn
|-damage|p1a: Iron Valiant|94/100|[from] Stealth Rock
|-enditem|p1a: Iron Valiant|Booster Energy
|-activate|p1a: Iron Valiant|ability: Quark Drive|[fromitem]
|-start|p1a: Iron Valiant|quarkdrivespe
|
|-heal|p2a: jane early|93/100|[from] item: Leftovers
|upkeep
|turn|8
|
|t:|1776041921
|move|p1a: Iron Valiant|Calm Mind|p1a: Iron Valiant
|-boost|p1a: Iron Valiant|spa|1
|-boost|p1a: Iron Valiant|spd|1
|move|p2a: jane early|Tail Glow|p2a: jane early
|-boost|p2a: jane early|spa|3
|
|-heal|p2a: jane early|99/100|[from] item: Leftovers
|upkeep
|turn|9
|
|t:|1776041928
|switch|p2a: Ogerpon|Ogerpon-Wellspring, F|100/100
|move|p1a: Iron Valiant|Thunderbolt|p2a: Ogerpon
|-damage|p2a: Ogerpon|44/100
|
|upkeep
|turn|10
|c|☆energydrink1|FUCK
|c|☆energydrink1|misclicked
|
|t:|1776041936
|move|p1a: Iron Valiant|Moonblast|p2a: Ogerpon
|-damage|p2a: Ogerpon|0 fnt
|faint|p2a: Ogerpon
|
|upkeep
|
|t:|1776041942
|switch|p2a: Gholdengo|Gholdengo|100/100
|-item|p2a: Gholdengo|Air Balloon
|turn|11
|
|t:|1776041950
|-terastallize|p1a: Iron Valiant|Ghost
|move|p1a: Iron Valiant|Shadow Ball|p2a: Gholdengo
|-supereffective|p2a: Gholdengo
|-damage|p2a: Gholdengo|0 fnt
|-enditem|p2a: Gholdengo|Air Balloon
|faint|p2a: Gholdengo
|
|upkeep
|
|t:|1776041960
|switch|p2a: Cinderace|Cinderace, F|88/100
|turn|12
|
|t:|1776041963
|move|p2a: Cinderace|Sucker Punch||[still]
|-fail|p2a: Cinderace
|move|p1a: Iron Valiant|Calm Mind|p1a: Iron Valiant
|-boost|p1a: Iron Valiant|spa|1
|-boost|p1a: Iron Valiant|spd|1
|
|upkeep
|turn|13
|
|t:|1776041968
|move|p1a: Iron Valiant|Calm Mind|p1a: Iron Valiant
|-boost|p1a: Iron Valiant|spa|1
|-boost|p1a: Iron Valiant|spd|1
|move|p2a: Cinderace|Pyro Ball|p1a: Iron Valiant
|-damage|p1a: Iron Valiant|13/100
|
|upkeep
|turn|14
|
|t:|1776041974
|move|p2a: Cinderace|Sucker Punch||[still]
|-fail|p2a: Cinderace
|move|p1a: Iron Valiant|Calm Mind|p1a: Iron Valiant
|-boost|p1a: Iron Valiant|spa|1
|-boost|p1a: Iron Valiant|spd|1
|
|upkeep
|turn|15
|
|t:|1776041977
|move|p1a: Iron Valiant|Shadow Ball|p2a: Cinderace
|-damage|p2a: Cinderace|0 fnt
|faint|p2a: Cinderace
|
|upkeep
|
|t:|1776041992
|switch|p2a: Iron Treads|Iron Treads|100/100
|turn|16
|
|t:|1776041996
|move|p1a: Iron Valiant|Shadow Ball|p2a: Iron Treads
|-crit|p2a: Iron Treads
|-damage|p2a: Iron Treads|0 fnt
|faint|p2a: Iron Treads
|-end|p2a: Iron Treads|Quark Drive|[silent]
|
|upkeep
|
|t:|1776042001
|switch|p2a: Pecharunt|Pecharunt|100/100
|turn|17
|
|t:|1776042005
|-terastallize|p2a: Pecharunt|Dark
|move|p1a: Iron Valiant|Shadow Ball|p2a: Pecharunt
|-resisted|p2a: Pecharunt
|-damage|p2a: Pecharunt|39/100
|move|p2a: Pecharunt|Hex|p1a: Iron Valiant
|-supereffective|p1a: Iron Valiant
|-damage|p1a: Iron Valiant|0 fnt
|faint|p1a: Iron Valiant
|-end|p1a: Iron Valiant|Quark Drive|[silent]
|
|upkeep
|
|t:|1776042012
|switch|p1a: Lokix|Lokix, M|100/100
|-damage|p1a: Lokix|76/100|[from] Stealth Rock
|turn|18
|c|☆energydrink1|cant believe i misclicked bro
|
|t:|1776042024
|switch|p2a: jane early|Manaphy|99/100
|move|p1a: Lokix|First Impression|p2a: jane early
|-damage|p2a: jane early|37/100
|
|-heal|p2a: jane early|43/100|[from] item: Leftovers
|upkeep
|turn|19
|c|☆Pulkatz|son 😭
|c|☆energydrink1|GENUINELY
|c|☆energydrink1|I WASNT GONNA SWITCH TO OGERPON
|c|☆Pulkatz|that one misclick cost almost the whole match
|
|t:|1776042052
|switch|p1a: Great Tusk|Great Tusk|93/100
|move|p2a: jane early|Substitute|p2a: jane early
|-start|p2a: jane early|Substitute
|-damage|p2a: jane early|18/100
|
|-heal|p2a: jane early|24/100|[from] item: Leftovers
|upkeep
|turn|20
|
|t:|1776042059
|move|p2a: jane early|Tail Glow|p2a: jane early
|-boost|p2a: jane early|spa|3
|move|p1a: Great Tusk|Headlong Rush|p2a: jane early
|-crit|p2a: jane early
|-end|p2a: jane early|Substitute
|-unboost|p1a: Great Tusk|def|1
|-unboost|p1a: Great Tusk|spd|1
|
|-heal|p2a: jane early|30/100|[from] item: Leftovers
|upkeep
|turn|21
|
|t:|1776042069
|move|p2a: jane early|Surf|p1a: Great Tusk
|-supereffective|p1a: Great Tusk
|-damage|p1a: Great Tusk|0 fnt
|faint|p1a: Great Tusk
|-end|p1a: Great Tusk|Protosynthesis|[silent]
|
|-heal|p2a: jane early|37/100|[from] item: Leftovers
|upkeep
|
|t:|1776042073
|switch|p1a: Lokix|Lokix, M|76/100
|-damage|p1a: Lokix|51/100|[from] Stealth Rock
|turn|22
|c|☆Pulkatz|I might throw this
|
|t:|1776042098
|move|p1a: Lokix|First Impression|p2a: jane early
|-damage|p2a: jane early|0 fnt
|faint|p2a: jane early
|
|upkeep
|c|☆energydrink1|nah
|c|☆energydrink1|first impression
|
|t:|1776042104
|switch|p2a: Pecharunt|Pecharunt, tera:Dark|39/100
|turn|23
|c|☆energydrink1|its so ove
|c|☆energydrink1|r
|c|☆Pulkatz|you could’ve swapped to pecharunt
|
|t:|1776042131
|switch|p1a: Corviknight|Corviknight, M|69/100
|-damage|p1a: Corviknight|56/100|[from] Stealth Rock
|-ability|p1a: Corviknight|Pressure
|move|p2a: Pecharunt|Recover|p2a: Pecharunt
|-heal|p2a: Pecharunt|89/100
|
|-heal|p1a: Corviknight|62/100|[from] item: Leftovers
|upkeep
|turn|24
|c|☆energydrink1|wouldve lost tail glow + pecharunt dies
|c|☆Pulkatz|I’m banded
|c|☆energydrink1|my manaphy wouldve been dead either way eventually
|
|t:|1776042157
|move|p2a: Pecharunt|Hex|p1a: Corviknight
|-damage|p1a: Corviknight|43/100
|move|p1a: Corviknight|Defog|p2a: Pecharunt
|-unboost|p2a: Pecharunt|evasion|1
|-sideend|p1: Pulkatz|Stealth Rock|[from] move: Defog|[of] p1a: Corviknight
|
|-heal|p1a: Corviknight|49/100|[from] item: Leftovers
|upkeep
|turn|25
|c|☆Pulkatz|your manaphy outspeeds
|inactive|energydrink1 has 120 seconds left.
|c|☆energydrink1|wait ur banded
|c|☆energydrink1|OH MY FUCKING GOD BRO
|
|t:|1776042179
|move|p2a: Pecharunt|Hex|p1a: Corviknight
|-damage|p1a: Corviknight|30/100
|move|p1a: Corviknight|Brave Bird|p2a: Pecharunt
|-damage|p2a: Pecharunt|73/100
|-damage|p1a: Corviknight|25/100|[from] Recoil
|
|-heal|p1a: Corviknight|31/100|[from] item: Leftovers
|upkeep
|turn|26
|inactive|energydrink1 has 120 seconds left.
|
|t:|1776042187
|move|p2a: Pecharunt|Hex|p1a: Corviknight
|-damage|p1a: Corviknight|12/100
|move|p1a: Corviknight|Roost|p1a: Corviknight
|-heal|p1a: Corviknight|62/100
|-singleturn|p1a: Corviknight|move: Roost
|
|-heal|p1a: Corviknight|68/100|[from] item: Leftovers
|upkeep
|turn|27
|
|t:|1776042197
|move|p2a: Pecharunt|Hex|p1a: Corviknight
|-crit|p1a: Corviknight
|-damage|p1a: Corviknight|36/100
|move|p1a: Corviknight|U-turn|p2a: Pecharunt
|-supereffective|p2a: Pecharunt
|-damage|p2a: Pecharunt|58/100
|
|t:|1776042200
|switch|p1a: Lokix|Lokix, M|51/100|[from] U-turn
|
|upkeep
|turn|28
|
|t:|1776042204
|move|p1a: Lokix|First Impression|p2a: Pecharunt
|-supereffective|p2a: Pecharunt
|-damage|p2a: Pecharunt|1/100
|move|p2a: Pecharunt|Malignant Chain|p1a: Lokix
|-damage|p1a: Lokix|0 fnt
|faint|p1a: Lokix
|
|upkeep
|c|☆Pulkatz|WHAT
|c|☆energydrink1|hold on now
|
|t:|1776042219
|switch|p1a: Corviknight|Corviknight, M|36/100
|-ability|p1a: Corviknight|Pressure
|turn|29
|
|t:|1776042225
|move|p2a: Pecharunt|Recover|p2a: Pecharunt
|-heal|p2a: Pecharunt|51/100
|move|p1a: Corviknight|Roost|p1a: Corviknight
|-heal|p1a: Corviknight|86/100
|-singleturn|p1a: Corviknight|move: Roost
|
|-heal|p1a: Corviknight|92/100|[from] item: Leftovers
|upkeep
|turn|30
|
|t:|1776042234
|move|p2a: Pecharunt|Hex|p1a: Corviknight
|-damage|p1a: Corviknight|73/100
|move|p1a: Corviknight|Brave Bird|p2a: Pecharunt
|-damage|p2a: Pecharunt|35/100
|-damage|p1a: Corviknight|68/100|[from] Recoil
|
|-heal|p1a: Corviknight|74/100|[from] item: Leftovers
|upkeep
|turn|31
|c|☆energydrink1|where has all the dmg gone hex
|
|t:|1776042242
|move|p2a: Pecharunt|Recover|p2a: Pecharunt
|-heal|p2a: Pecharunt|85/100
|move|p1a: Corviknight|U-turn|p2a: Pecharunt
|-supereffective|p2a: Pecharunt
|-damage|p2a: Pecharunt|71/100
|
|-heal|p1a: Corviknight|80/100|[from] item: Leftovers
|upkeep
|turn|32
|
|t:|1776042250
|move|p2a: Pecharunt|Hex|p1a: Corviknight
|-damage|p1a: Corviknight|60/100
|move|p1a: Corviknight|U-turn|p2a: Pecharunt
|-supereffective|p2a: Pecharunt
|-damage|p2a: Pecharunt|58/100
|
|-heal|p1a: Corviknight|66/100|[from] item: Leftovers
|upkeep
|turn|33
|
|t:|1776042255
|move|p2a: Pecharunt|Hex|p1a: Corviknight
|-damage|p1a: Corviknight|48/100
|move|p1a: Corviknight|U-turn|p2a: Pecharunt
|-supereffective|p2a: Pecharunt
|-damage|p2a: Pecharunt|43/100
|
|-heal|p1a: Corviknight|54/100|[from] item: Leftovers
|upkeep
|turn|34
|
|t:|1776042264
|move|p2a: Pecharunt|Hex|p1a: Corviknight
|-damage|p1a: Corviknight|35/100
|move|p1a: Corviknight|Roost|p1a: Corviknight
|-heal|p1a: Corviknight|85/100
|-singleturn|p1a: Corviknight|move: Roost
|
|-heal|p1a: Corviknight|91/100|[from] item: Leftovers
|upkeep
|turn|35
|
|t:|1776042268
|move|p2a: Pecharunt|Parting Shot|p1a: Corviknight
|-unboost|p1a: Corviknight|atk|1
|-unboost|p1a: Corviknight|spa|1
|move|p1a: Corviknight|U-turn|p2a: Pecharunt
|-supereffective|p2a: Pecharunt
|-damage|p2a: Pecharunt|33/100
|
|-heal|p1a: Corviknight|97/100|[from] item: Leftovers
|upkeep
|turn|36
|
|t:|1776042276
|move|p2a: Pecharunt|Recover|p2a: Pecharunt
|-heal|p2a: Pecharunt|83/100
|move|p1a: Corviknight|U-turn|p2a: Pecharunt
|-supereffective|p2a: Pecharunt
|-damage|p2a: Pecharunt|74/100
|
|-heal|p1a: Corviknight|100/100|[from] item: Leftovers
|upkeep
|turn|37
|c|☆energydrink1|welp
|c|☆Pulkatz|Battle of attrition 😭
|c|☆energydrink1|im out of PP
|c|☆energydrink1|so
|c|☆energydrink1|u win
|c|☆energydrink1|ggs twin
|
|t:|1776042304
|move|p2a: Pecharunt|Malignant Chain|p1a: Corviknight
|-immune|p1a: Corviknight
|move|p1a: Corviknight|U-turn|p2a: Pecharunt
|-supereffective|p2a: Pecharunt
|-damage|p2a: Pecharunt|64/100
|
|upkeep
|turn|38
|c|☆Pulkatz|gg dude
|-message|energydrink1 forfeited.
|
|win|Pulkatz
|raw|Pulkatz's rating: 1247 &rarr; <strong>1275</strong><br />(+28 for winning)
|raw|energydrink1's rating: 1289 &rarr; <strong>1261</strong><br />(-28 for losing)
|l|☆energydrink1
|player|p2|
|l|☆Pulkatz
|player|p1|
|j|☆Pulkatz
|player|p1|Pulkatz|169|
