|html|<div class="broadcast-blue"><strong>[Gen 9] OU is currently suspecting Volcarona! For information on how to participate check out the <a href="https://www.smogon.com/tools/suspects/view/208">suspect thread</a>.</strong></div>
|j|☆Clefable1001
|j|☆romuloneme
|t:|1778513087
|gametype|singles
|player|p1|Clefable1001|psychic-gen4|1282
|player|p2|romuloneme|crasherwake|1295
|gen|9
|tier|[Gen 9] OU
|rated|
|rule|HP Percentage Mod: HP is shown in percentages
|rule|Endless Battle Clause: Forcing endless battles is banned
|rule|Species Clause: Limit one of each Pokémon
|rule|OHKO Clause: OHKO moves are banned
|rule|Evasion Items Clause: Evasion items are banned
|rule|Evasion Moves Clause: Evasion moves are banned
|rule|Evasion Abilities Clause: Evasion abilities are banned
|rule|Sleep Moves Clause: Sleep-inducing moves are banned
|clearpoke
|poke|p1|Moltres|
|poke|p1|Ogerpon-Wellspring, F|
|poke|p1|Great Tusk|
|poke|p1|Slowking-Galar, F|
|poke|p1|Kingambit, M|
|poke|p1|Iron Valiant|
|poke|p2|Garganacl, M|
|poke|p2|Dragapult, F|
|poke|p2|Ogerpon-Wellspring, F|
|poke|p2|Moltres|
|poke|p2|Great Tusk|
|poke|p2|Gliscor, F|
|teampreview
|
|t:|1778513107
|teamsize|p1|6
|teamsize|p2|6
|start
|switch|p1a: Onion|Ogerpon-Wellspring, F|100/100
|switch|p2a: Great Tusk|Great Tusk|100/100
|turn|1
|
|t:|1778513133
|-end|p2a: Great Tusk|Protosynthesis|[silent]
|switch|p2a: Garganacl|Garganacl, M|100/100
|move|p1a: Onion|Taunt|p2a: Garganacl
|-start|p2a: Garganacl|move: Taunt
|
|upkeep
|turn|2
|
|t:|1778513141
|move|p1a: Onion|Knock Off|p2a: Garganacl
|-damage|p2a: Garganacl|74/100
|-enditem|p2a: Garganacl|Leftovers|[from] move: Knock Off|[of] p1a: Onion
|move|p2a: Garganacl|Salt Cure|p1a: Onion
|-damage|p1a: Onion|83/100
|-start|p1a: Onion|Salt Cure
|
|-damage|p1a: Onion|58/100|[from] Salt Cure
|upkeep
|turn|3
|
|t:|1778513158
|move|p1a: Onion|Horn Leech|p2a: Garganacl
|-supereffective|p2a: Garganacl
|-damage|p2a: Garganacl|10/100
|-heal|p1a: Onion|100/100|[from] drain|[of] p2a: Garganacl
|move|p2a: Garganacl|Body Press|p1a: Onion
|-damage|p1a: Onion|70/100
|
|-damage|p1a: Onion|46/100|[from] Salt Cure
|-end|p2a: Garganacl|move: Taunt
|upkeep
|turn|4
|
|t:|1778513167
|switch|p1a: Ray Romano|Great Tusk|100/100
|switch|p2a: Gliscor|Gliscor, F|100/100
|
|-status|p2a: Gliscor|tox|[from] item: Toxic Orb
|upkeep
|turn|5
|
|t:|1778513174
|move|p2a: Gliscor|Toxic|p1a: Ray Romano
|-status|p1a: Ray Romano|tox
|move|p1a: Ray Romano|Stealth Rock|p2a: Gliscor
|-sidestart|p2: romuloneme|move: Stealth Rock
|
|-damage|p1a: Ray Romano|94/100 tox|[from] psn
|upkeep
|turn|6
|
|t:|1778513179
|-end|p1a: Ray Romano|Protosynthesis|[silent]
|switch|p1a: Rubber Chicken|Moltres|100/100
|move|p2a: Gliscor|Earthquake|p1a: Rubber Chicken
|-immune|p1a: Rubber Chicken
|
|upkeep
|turn|7
|
|t:|1778513182
|switch|p1a: C.R.O.W.N.E.D|Slowking-Galar, F|100/100
|move|p2a: Gliscor|Toxic|p1a: C.R.O.W.N.E.D
|-immune|p1a: C.R.O.W.N.E.D
|
|upkeep
|turn|8
|
|t:|1778513187
|move|p2a: Gliscor|Stealth Rock|p1a: C.R.O.W.N.E.D
|-sidestart|p1: Clefable1001|move: Stealth Rock
|move|p1a: C.R.O.W.N.E.D|Ice Beam|p2a: Gliscor
|-supereffective|p2a: Gliscor
|-damage|p2a: Gliscor|0 fnt
|faint|p2a: Gliscor
|
|upkeep
|
|t:|1778513201
|switch|p2a: Eleana|Dragapult, F|100/100
|turn|9
|
|t:|1778513208
|move|p2a: Eleana|U-turn|p1a: C.R.O.W.N.E.D
|-damage|p1a: C.R.O.W.N.E.D|84/100
|
|t:|1778513211
|switch|p2a: Pedro|Moltres|100/100|[from] U-turn
|move|p1a: C.R.O.W.N.E.D|Ice Beam|p2a: Pedro
|-damage|p2a: Pedro|75/100
|
|upkeep
|turn|10
|
|t:|1778513219
|move|p2a: Pedro|Will-O-Wisp|p1a: C.R.O.W.N.E.D
|-status|p1a: C.R.O.W.N.E.D|brn
|move|p1a: C.R.O.W.N.E.D|Sludge Bomb|p2a: Pedro
|-damage|p2a: Pedro|34/100
|
|-damage|p1a: C.R.O.W.N.E.D|78/100 brn|[from] brn
|upkeep
|turn|11
|
|t:|1778513225
|move|p2a: Pedro|Roost|p2a: Pedro
|-heal|p2a: Pedro|84/100
|-singleturn|p2a: Pedro|move: Roost
|move|p1a: C.R.O.W.N.E.D|Sludge Bomb|p2a: Pedro
|-damage|p2a: Pedro|46/100
|
|-damage|p1a: C.R.O.W.N.E.D|72/100 brn|[from] brn
|upkeep
|turn|12
|
|t:|1778513263
|move|p2a: Pedro|Roost|p2a: Pedro
|-heal|p2a: Pedro|97/100
|-singleturn|p2a: Pedro|move: Roost
|move|p1a: C.R.O.W.N.E.D|Eerie Spell|p2a: Pedro
|-damage|p2a: Pedro|59/100
|-activate|p2a: Pedro|move: Eerie Spell|Roost|3
|
|-damage|p1a: C.R.O.W.N.E.D|65/100 brn|[from] brn
|upkeep
|turn|13
|
|t:|1778513276
|switch|p2a: Great Tusk|Great Tusk|100/100
|-damage|p2a: Great Tusk|98/100|[from] Stealth Rock
|switch|p1a: Rubber Chicken|Moltres|100/100
|
|-heal|p2a: Great Tusk|100/100|[from] item: Leftovers
|upkeep
|turn|14
|
|t:|1778513293
|move|p1a: Rubber Chicken|Flamethrower|p2a: Great Tusk
|-damage|p2a: Great Tusk|38/100
|move|p2a: Great Tusk|Knock Off|p1a: Rubber Chicken
|-damage|p1a: Rubber Chicken|72/100
|-status|p2a: Great Tusk|brn|[from] ability: Flame Body|[of] p1a: Rubber Chicken
|-enditem|p1a: Rubber Chicken|Heavy-Duty Boots|[from] move: Knock Off|[of] p2a: Great Tusk
|
|-heal|p2a: Great Tusk|44/100 brn|[from] item: Leftovers
|-damage|p2a: Great Tusk|38/100 brn|[from] brn
|upkeep
|turn|15
|
|t:|1778513300
|move|p1a: Rubber Chicken|Scorching Sands|p2a: Great Tusk
|-damage|p2a: Great Tusk|6/100 brn
|move|p2a: Great Tusk|Rapid Spin|p1a: Rubber Chicken
|-damage|p1a: Rubber Chicken|65/100
|-boost|p2a: Great Tusk|spe|1
|-sideend|p2: romuloneme|Stealth Rock|[from] move: Rapid Spin|[of] p2a: Great Tusk
|
|-heal|p2a: Great Tusk|12/100 brn|[from] item: Leftovers
|-damage|p2a: Great Tusk|6/100 brn|[from] brn
|upkeep
|turn|16
|
|t:|1778513313
|move|p2a: Great Tusk|Knock Off|p1a: Rubber Chicken
|-damage|p1a: Rubber Chicken|56/100
|move|p1a: Rubber Chicken|Flamethrower|p2a: Great Tusk
|-damage|p2a: Great Tusk|0 fnt
|faint|p2a: Great Tusk
|-end|p2a: Great Tusk|Protosynthesis|[silent]
|
|upkeep
|
|t:|1778513317
|switch|p2a: Garganacl|Garganacl, M|10/100
|turn|17
|
|t:|1778513320
|move|p1a: Rubber Chicken|Scorching Sands|p2a: Garganacl
|-supereffective|p2a: Garganacl
|-damage|p2a: Garganacl|0 fnt
|faint|p2a: Garganacl
|
|upkeep
|
|t:|1778513327
|switch|p2a: Ogerload|Ogerpon-Wellspring, F|100/100
|turn|18
|
|t:|1778513331
|-terastallize|p2a: Ogerload|Water
|detailschange|p2a: Ogerload|Ogerpon-Wellspring-Tera, F, tera:Water
|-ability|p2a: Ogerload|Embody Aspect (Wellspring)|boost
|-boost|p2a: Ogerload|spd|1
|move|p2a: Ogerload|Swords Dance|p2a: Ogerload
|-boost|p2a: Ogerload|atk|2
|move|p1a: Rubber Chicken|Scorching Sands|p2a: Ogerload
|-damage|p2a: Ogerload|82/100
|
|upkeep
|turn|19
|
|t:|1778513341
|move|p2a: Ogerload|Ivy Cudgel|p1a: Rubber Chicken|[anim] Ivy Cudgel Water
|-supereffective|p1a: Rubber Chicken
|-damage|p1a: Rubber Chicken|0 fnt
|faint|p1a: Rubber Chicken
|
|upkeep
|
|t:|1778513344
|switch|p1a: Super Soldier|Iron Valiant|100/100
|-damage|p1a: Super Soldier|94/100|[from] Stealth Rock
|-enditem|p1a: Super Soldier|Booster Energy
|-activate|p1a: Super Soldier|ability: Quark Drive|[fromitem]
|-start|p1a: Super Soldier|quarkdrivespe
|turn|20
|
|t:|1778513348
|move|p1a: Super Soldier|Encore|p2a: Ogerload
|-start|p2a: Ogerload|Encore
|move|p2a: Ogerload|Ivy Cudgel|p1a: Super Soldier|[anim] Ivy Cudgel Water
|-damage|p1a: Super Soldier|0 fnt
|faint|p1a: Super Soldier
|-end|p1a: Super Soldier|Quark Drive|[silent]
|
|upkeep
|
|t:|1778513350
|switch|p1a: Onion|Ogerpon-Wellspring, F|46/100
|-damage|p1a: Onion|33/100|[from] Stealth Rock
|turn|21
|
|t:|1778513368
|switch|p2a: Pedro|Moltres|59/100
|move|p1a: Onion|Knock Off|p2a: Pedro
|-damage|p2a: Pedro|28/100
|-status|p1a: Onion|brn|[from] ability: Flame Body|[of] p2a: Pedro
|-enditem|p2a: Pedro|Heavy-Duty Boots|[from] move: Knock Off|[of] p1a: Onion
|
|-damage|p1a: Onion|27/100 brn|[from] brn
|upkeep
|turn|22
|
|t:|1778513379
|switch|p2a: Ogerload|Ogerpon-Wellspring-Tera, F, tera:Water|82/100
|-ability|p2a: Ogerload|Embody Aspect (Wellspring)|boost
|-boost|p2a: Ogerload|spd|1
|move|p1a: Onion|Ivy Cudgel|p2a: Ogerload|[anim] Ivy Cudgel Water
|-resisted|p2a: Ogerload
|-damage|p2a: Ogerload|65/100
|
|-damage|p1a: Onion|21/100 brn|[from] brn
|upkeep
|turn|23
|
|t:|1778513397
|switch|p2a: Pedro|Moltres|28/100
|move|p1a: Onion|Taunt|p2a: Pedro
|-start|p2a: Pedro|move: Taunt
|
|-damage|p1a: Onion|15/100 brn|[from] brn
|upkeep
|turn|24
|
|t:|1778513414
|switch|p2a: Ogerload|Ogerpon-Wellspring-Tera, F, tera:Water|65/100
|-ability|p2a: Ogerload|Embody Aspect (Wellspring)|boost
|-boost|p2a: Ogerload|spd|1
|move|p1a: Onion|Horn Leech|p2a: Ogerload
|-supereffective|p2a: Ogerload
|-damage|p2a: Ogerload|15/100
|-heal|p1a: Onion|45/100 brn|[from] drain|[of] p2a: Ogerload
|
|-damage|p1a: Onion|39/100 brn|[from] brn
|upkeep
|turn|25
|
|t:|1778513434
|switch|p2a: Eleana|Dragapult, F|100/100
|move|p1a: Onion|Ivy Cudgel|p2a: Eleana|[anim] Ivy Cudgel Water
|-resisted|p2a: Eleana
|-damage|p2a: Eleana|80/100
|
|-damage|p1a: Onion|33/100 brn|[from] brn
|upkeep
|turn|26
|
|t:|1778513446
|move|p2a: Eleana|Hex|p1a: Onion
|-damage|p1a: Onion|0 fnt
|faint|p1a: Onion
|
|upkeep
|
|t:|1778513451
|switch|p1a: Ray Romano|Great Tusk|94/100 tox
|-damage|p1a: Ray Romano|91/100 tox|[from] Stealth Rock
|turn|27
|
|t:|1778513461
|move|p2a: Eleana|Draco Meteor|p1a: Ray Romano
|-damage|p1a: Ray Romano|14/100 tox
|-unboost|p2a: Eleana|spa|2
|move|p1a: Ray Romano|Knock Off|p2a: Eleana
|-supereffective|p2a: Eleana
|-damage|p2a: Eleana|0 fnt
|-enditem|p2a: Eleana|Heavy-Duty Boots|[from] move: Knock Off|[of] p1a: Ray Romano
|faint|p2a: Eleana
|
|-heal|p1a: Ray Romano|20/100 tox|[from] item: Leftovers
|-damage|p1a: Ray Romano|14/100 tox|[from] psn
|upkeep
|
|t:|1778513467
|switch|p2a: Pedro|Moltres|28/100
|turn|28
|
|t:|1778513472
|move|p2a: Pedro|Roost|p2a: Pedro
|-heal|p2a: Pedro|78/100
|-singleturn|p2a: Pedro|move: Roost
|move|p1a: Ray Romano|Stealth Rock|p2a: Pedro
|-sidestart|p2: romuloneme|move: Stealth Rock
|
|-heal|p1a: Ray Romano|20/100 tox|[from] item: Leftovers
|-damage|p1a: Ray Romano|7/100 tox|[from] psn
|upkeep
|turn|29
|
|t:|1778513483
|move|p2a: Pedro|Flamethrower|p1a: Ray Romano
|-damage|p1a: Ray Romano|0 fnt
|faint|p1a: Ray Romano
|-end|p1a: Ray Romano|Protosynthesis|[silent]
|
|upkeep
|
|t:|1778513485
|switch|p1a: C.R.O.W.N.E.D|Slowking-Galar, F|99/100 brn
|-damage|p1a: C.R.O.W.N.E.D|86/100 brn|[from] Stealth Rock
|turn|30
|
|t:|1778513495
|move|p1a: C.R.O.W.N.E.D|Sludge Bomb|p2a: Pedro
|-damage|p2a: Pedro|37/100
|-status|p2a: Pedro|psn
|move|p2a: Pedro|Roar|p1a: C.R.O.W.N.E.D
|drag|p1a: CLOBBAH DAT KIRBY|Kingambit, M|100/100
|-damage|p1a: CLOBBAH DAT KIRBY|94/100|[from] Stealth Rock
|-activate|p1a: CLOBBAH DAT KIRBY|ability: Supreme Overlord
|-start|p1a: CLOBBAH DAT KIRBY|fallen4|[silent]
|
|-heal|p1a: CLOBBAH DAT KIRBY|100/100|[from] item: Leftovers
|-damage|p2a: Pedro|25/100 psn|[from] psn
|upkeep
|turn|31
|
|t:|1778513501
|-end|p1a: CLOBBAH DAT KIRBY|fallen4|[silent]
|switch|p1a: C.R.O.W.N.E.D|Slowking-Galar, F|100/100 brn
|-damage|p1a: C.R.O.W.N.E.D|88/100 brn|[from] Stealth Rock
|move|p2a: Pedro|Will-O-Wisp|p1a: C.R.O.W.N.E.D|[miss]
|-miss|p2a: Pedro|p1a: C.R.O.W.N.E.D
|
|-damage|p2a: Pedro|12/100 psn|[from] psn
|-damage|p1a: C.R.O.W.N.E.D|82/100 brn|[from] brn
|upkeep
|turn|32
|
|t:|1778513508
|move|p2a: Pedro|Roost|p2a: Pedro
|-heal|p2a: Pedro|62/100 psn
|-singleturn|p2a: Pedro|move: Roost
|move|p1a: C.R.O.W.N.E.D|Eerie Spell|p2a: Pedro
|-damage|p2a: Pedro|29/100 psn
|-activate|p2a: Pedro|move: Eerie Spell|Roost|1
|
|-damage|p2a: Pedro|17/100 psn|[from] psn
|-damage|p1a: C.R.O.W.N.E.D|76/100 brn|[from] brn
|upkeep
|turn|33
|
|t:|1778513515
|move|p2a: Pedro|Flamethrower|p1a: C.R.O.W.N.E.D
|-damage|p1a: C.R.O.W.N.E.D|55/100 brn
|move|p1a: C.R.O.W.N.E.D|Sludge Bomb|p2a: Pedro
|-damage|p2a: Pedro|0 fnt
|faint|p2a: Pedro
|
|-damage|p1a: C.R.O.W.N.E.D|49/100 brn|[from] brn
|upkeep
|
|t:|1778513517
|switch|p2a: Ogerload|Ogerpon-Wellspring-Tera, F, tera:Water|15/100
|-damage|p2a: Ogerload|3/100|[from] Stealth Rock
|-ability|p2a: Ogerload|Embody Aspect (Wellspring)|boost
|-boost|p2a: Ogerload|spd|1
|turn|34
|
|t:|1778513521
|move|p2a: Ogerload|Synthesis|p2a: Ogerload
|-heal|p2a: Ogerload|53/100
|move|p1a: C.R.O.W.N.E.D|Sludge Bomb|p2a: Ogerload
|-damage|p2a: Ogerload|20/100
|
|-damage|p1a: C.R.O.W.N.E.D|43/100 brn|[from] brn
|upkeep
|turn|35
|
|t:|1778513524
|move|p2a: Ogerload|Synthesis|p2a: Ogerload
|-heal|p2a: Ogerload|70/100
|move|p1a: C.R.O.W.N.E.D|Sludge Bomb|p2a: Ogerload
|-damage|p2a: Ogerload|39/100
|-status|p2a: Ogerload|psn
|
|-damage|p2a: Ogerload|27/100 psn|[from] psn
|-damage|p1a: C.R.O.W.N.E.D|37/100 brn|[from] brn
|upkeep
|turn|36
|
|t:|1778513527
|move|p2a: Ogerload|Synthesis|p2a: Ogerload
|-heal|p2a: Ogerload|76/100 psn
|move|p1a: C.R.O.W.N.E.D|Eerie Spell|p2a: Ogerload
|-damage|p2a: Ogerload|50/100 psn
|-activate|p2a: Ogerload|move: Eerie Spell|Synthesis|3
|
|-damage|p2a: Ogerload|37/100 psn|[from] psn
|-damage|p1a: C.R.O.W.N.E.D|31/100 brn|[from] brn
|upkeep
|turn|37
|
|t:|1778513534
|move|p2a: Ogerload|Synthesis|p2a: Ogerload
|-heal|p2a: Ogerload|87/100 psn
|move|p1a: C.R.O.W.N.E.D|Eerie Spell|p2a: Ogerload
|-damage|p2a: Ogerload|59/100 psn
|-activate|p2a: Ogerload|move: Eerie Spell|Synthesis|1
|
|-damage|p2a: Ogerload|47/100 psn|[from] psn
|-damage|p1a: C.R.O.W.N.E.D|25/100 brn|[from] brn
|upkeep
|turn|38
|
|t:|1778513546
|move|p2a: Ogerload|Trailblaze|p1a: C.R.O.W.N.E.D
|-resisted|p1a: C.R.O.W.N.E.D
|-damage|p1a: C.R.O.W.N.E.D|9/100 brn
|-boost|p2a: Ogerload|spe|1
|move|p1a: C.R.O.W.N.E.D|Sludge Bomb|p2a: Ogerload
|-damage|p2a: Ogerload|14/100 psn
|
|-damage|p2a: Ogerload|1/100 psn|[from] psn
|-damage|p1a: C.R.O.W.N.E.D|3/100 brn|[from] brn
|upkeep
|turn|39
|
|t:|1778513555
|move|p2a: Ogerload|Trailblaze|p1a: C.R.O.W.N.E.D
|-resisted|p1a: C.R.O.W.N.E.D
|-damage|p1a: C.R.O.W.N.E.D|0 fnt
|-boost|p2a: Ogerload|spe|1
|faint|p1a: C.R.O.W.N.E.D
|
|-damage|p2a: Ogerload|0 fnt|[from] psn
|faint|p2a: Ogerload
|detailschange|p2: Ogerload|Ogerpon-Wellspring, F|[silent]
|
|win|Clefable1001
|raw|Clefable1001's rating: 1282 &rarr; <strong>1308</strong><br />(+26 for winning)
|raw|romuloneme's rating: 1295 &rarr; <strong>1269</strong><br />(-26 for losing)
|l|☆romuloneme
|player|p2|
