|html|<div class="broadcast-blue"><strong>[Gen 9] OU is currently suspecting Tera Blast! For information on how to participate check out the <a href="https://www.smogon.com/tools/suspects/view/200">suspect thread</a>.</strong></div>
|j|☆Lano Del Rey2
|j|☆Schlafparalyse
|t:|1776070107
|gametype|singles
|player|p1|Lano Del Rey2|bugcatcher-gen4dp|1240
|player|p2|Schlafparalyse|petrel|1267
|gen|9
|tier|[Gen 9] OU
|rated|
|rule|HP Percentage Mod: HP is shown in percentages
|rule|Endless Battle Clause: Forcing endless battles is banned
|rule|Species Clause: Limit one of each Pokémon
|rule|OHKO Clause: OHKO moves are banned
|rule|Evasion Items Clause: Evasion items are banned
|rule|Evasion Moves Clause: Evasion moves are banned
|rule|Evasion Abilities Clause: Evasion abilities are banned
|rule|Sleep Moves Clause: Sleep-inducing moves are banned
|clearpoke
|poke|p1|Rotom-Wash|
|poke|p1|Dragonite, F|
|poke|p1|Heatran, F|
|poke|p1|Sinistcha-Masterpiece|
|poke|p1|Clefable, M|
|poke|p1|Excadrill, M|
|poke|p2|Garchomp, M|
|poke|p2|Sinistcha|
|poke|p2|Kingambit, M|
|poke|p2|Zamazenta-*|
|poke|p2|Gardevoir, M|
|poke|p2|Weavile, M|
|teampreview
|inactive|Battle timer is ON: inactive players will automatically lose when time's up. (requested by Lano Del Rey2)
|
|t:|1776070123
|teamsize|p1|6
|teamsize|p2|6
|start
|switch|p1a: Clefable|Clefable, M, shiny|100/100
|switch|p2a: Garchomp|Garchomp, M|100/100
|turn|1
|
|t:|1776070129
|move|p2a: Garchomp|Stealth Rock|p1a: Clefable
|-sidestart|p1: Lano Del Rey2|move: Stealth Rock
|move|p1a: Clefable|Moonblast|p2a: Garchomp
|-supereffective|p2a: Garchomp
|-damage|p2a: Garchomp|41/100
|
|upkeep
|turn|2
|
|t:|1776070137
|switch|p2a: Sinistcha|Sinistcha|100/100
|move|p1a: Clefable|Calm Mind|p1a: Clefable
|-boost|p1a: Clefable|spa|1
|-boost|p1a: Clefable|spd|1
|
|upkeep
|turn|3
|
|t:|1776070148
|move|p2a: Sinistcha|Calm Mind|p2a: Sinistcha
|-boost|p2a: Sinistcha|spa|1
|-boost|p2a: Sinistcha|spd|1
|move|p1a: Clefable|Flamethrower|p2a: Sinistcha
|-supereffective|p2a: Sinistcha
|-damage|p2a: Sinistcha|76/100
|
|upkeep
|turn|4
|
|t:|1776070170
|switch|p1a: Sinistcha|Sinistcha-Masterpiece, shiny|100/100
|-damage|p1a: Sinistcha|88/100|[from] Stealth Rock
|move|p2a: Sinistcha|Calm Mind|p2a: Sinistcha
|-boost|p2a: Sinistcha|spa|1
|-boost|p2a: Sinistcha|spd|1
|
|-heal|p1a: Sinistcha|94/100|[from] item: Leftovers
|upkeep
|turn|5
|
|t:|1776070186
|-terastallize|p1a: Sinistcha|Fairy
|move|p1a: Sinistcha|Calm Mind|p1a: Sinistcha
|-boost|p1a: Sinistcha|spa|1
|-boost|p1a: Sinistcha|spd|1
|move|p2a: Sinistcha|Shadow Ball|p1a: Sinistcha
|-damage|p1a: Sinistcha|38/100
|
|-heal|p1a: Sinistcha|44/100|[from] item: Leftovers
|upkeep
|turn|6
|
|t:|1776070200
|move|p1a: Sinistcha|Calm Mind|p1a: Sinistcha
|-boost|p1a: Sinistcha|spa|1
|-boost|p1a: Sinistcha|spd|1
|move|p2a: Sinistcha|Shadow Ball|p1a: Sinistcha
|-damage|p1a: Sinistcha|6/100
|-unboost|p1a: Sinistcha|spd|1
|
|-heal|p1a: Sinistcha|12/100|[from] item: Leftovers
|upkeep
|turn|7
|
|t:|1776070208
|move|p1a: Sinistcha|Strength Sap|p2a: Sinistcha
|-unboost|p2a: Sinistcha|atk|1
|-heal|p1a: Sinistcha|44/100
|move|p2a: Sinistcha|Shadow Ball|p1a: Sinistcha
|-damage|p1a: Sinistcha|0 fnt
|faint|p1a: Sinistcha
|
|upkeep
|
|t:|1776070217
|switch|p1a: Dragonite|Dragonite, F|100/100
|-damage|p1a: Dragonite|76/100|[from] Stealth Rock
|turn|8
|
|t:|1776070222
|move|p1a: Dragonite|Ice Spinner|p2a: Sinistcha
|-supereffective|p2a: Sinistcha
|-damage|p2a: Sinistcha|37/100
|move|p2a: Sinistcha|Shadow Ball|p1a: Dragonite
|-damage|p1a: Dragonite|11/100
|
|-heal|p1a: Dragonite|18/100|[from] item: Leftovers
|upkeep
|turn|9
|
|t:|1776070231
|switch|p2a: Gardevoir|Gardevoir, M, shiny|100/100
|-ability|p2a: Gardevoir|Multiscale|Trace|[from] ability: Trace|[of] p1a: Dragonite
|move|p1a: Dragonite|Ice Spinner|p2a: Gardevoir
|-damage|p2a: Gardevoir|77/100
|
|-heal|p1a: Dragonite|24/100|[from] item: Leftovers
|upkeep
|turn|10
|
|t:|1776070243
|move|p1a: Dragonite|Earthquake|p2a: Gardevoir
|-damage|p2a: Gardevoir|17/100
|move|p2a: Gardevoir|Moonblast|p1a: Dragonite
|-supereffective|p1a: Dragonite
|-damage|p1a: Dragonite|0 fnt
|faint|p1a: Dragonite
|
|upkeep
|
|t:|1776070249
|switch|p1a: Excadrill|Excadrill, M, shiny|100/100
|-damage|p1a: Excadrill|97/100|[from] Stealth Rock
|-ability|p1a: Excadrill|Mold Breaker
|-item|p1a: Excadrill|Air Balloon
|turn|11
|
|t:|1776070256
|switch|p2a: Garchomp|Garchomp, M|41/100
|move|p1a: Excadrill|Rapid Spin|p2a: Garchomp
|-damage|p2a: Garchomp|31/100
|-boost|p1a: Excadrill|spe|1
|-damage|p1a: Excadrill|85/100|[from] ability: Rough Skin|[of] p2a: Garchomp
|-damage|p1a: Excadrill|68/100|[from] item: Rocky Helmet|[of] p2a: Garchomp
|-sideend|p1: Lano Del Rey2|Stealth Rock|[from] move: Rapid Spin|[of] p1a: Excadrill
|
|upkeep
|turn|12
|
|t:|1776070265
|move|p1a: Excadrill|Earthquake|p2a: Garchomp
|-damage|p2a: Garchomp|0 fnt
|faint|p2a: Garchomp
|
|upkeep
|
|t:|1776070273
|switch|p2a: Zamazenta|Zamazenta|100/100
|-ability|p2a: Zamazenta|Dauntless Shield|boost
|-boost|p2a: Zamazenta|def|1
|turn|13
|
|t:|1776070277
|switch|p1a: Clefable|Clefable, M, shiny|100/100
|move|p2a: Zamazenta|Iron Defense|p2a: Zamazenta
|-boost|p2a: Zamazenta|def|2
|
|upkeep
|turn|14
|
|t:|1776070283
|move|p2a: Zamazenta|Iron Defense|p2a: Zamazenta
|-boost|p2a: Zamazenta|def|2
|move|p1a: Clefable|Moonblast|p2a: Zamazenta
|-supereffective|p2a: Zamazenta
|-damage|p2a: Zamazenta|38/100
|
|-heal|p2a: Zamazenta|44/100|[from] item: Leftovers
|upkeep
|turn|15
|
|t:|1776070291
|move|p2a: Zamazenta|Body Press|p1a: Clefable
|-resisted|p1a: Clefable
|-damage|p1a: Clefable|53/100
|move|p1a: Clefable|Moonblast|p2a: Zamazenta
|-supereffective|p2a: Zamazenta
|-damage|p2a: Zamazenta|0 fnt
|faint|p2a: Zamazenta
|
|-heal|p1a: Clefable|59/100|[from] item: Leftovers
|upkeep
|
|t:|1776070298
|switch|p2a: Kingambit|Kingambit, M|100/100
|-activate|p2a: Kingambit|ability: Supreme Overlord
|-start|p2a: Kingambit|fallen2|[silent]
|-item|p2a: Kingambit|Air Balloon
|turn|16
|
|t:|1776070310
|move|p2a: Kingambit|Swords Dance|p2a: Kingambit
|-boost|p2a: Kingambit|atk|2
|move|p1a: Clefable|Flamethrower|p2a: Kingambit
|-supereffective|p2a: Kingambit
|-damage|p2a: Kingambit|59/100
|-enditem|p2a: Kingambit|Air Balloon
|
|-heal|p1a: Clefable|65/100|[from] item: Leftovers
|upkeep
|turn|17
|
|t:|1776070320
|move|p2a: Kingambit|Iron Head|p1a: Clefable
|-supereffective|p1a: Clefable
|-damage|p1a: Clefable|0 fnt
|faint|p1a: Clefable
|
|upkeep
|
|t:|1776070325
|switch|p1a: Heatran|Heatran, F, shiny|100/100
|turn|18
|
|t:|1776070330
|move|p2a: Kingambit|Low Kick|p1a: Heatran
|-supereffective|p1a: Heatran
|-damage|p1a: Heatran|0 fnt
|faint|p1a: Heatran
|
|upkeep
|
|t:|1776070334
|switch|p1a: Excadrill|Excadrill, M, shiny|68/100
|-ability|p1a: Excadrill|Mold Breaker
|-item|p1a: Excadrill|Air Balloon
|turn|19
|
|t:|1776070340
|move|p2a: Kingambit|Sucker Punch|p1a: Excadrill
|-damage|p1a: Excadrill|0 fnt
|-enditem|p1a: Excadrill|Air Balloon
|faint|p1a: Excadrill
|
|upkeep
|-message|Lano Del Rey2 forfeited.
|
|win|Schlafparalyse
|raw|Lano Del Rey2's rating: 1240 &rarr; <strong>1217</strong><br />(-23 for losing)
|raw|Schlafparalyse's rating: 1267 &rarr; <strong>1290</strong><br />(+23 for winning)
|l|☆Lano Del Rey2
|player|p1|
|l|☆Schlafparalyse
|player|p2|
