|html|<div class="broadcast-blue"><strong>[Gen 9] OU is currently suspecting Tera Blast! For information on how to participate check out the <a href="https://www.smogon.com/tools/suspects/view/200">suspect thread</a>.</strong></div>
|j|☆kjojon
|j|☆pcmajorminer
|t:|1776270646
|gametype|singles
|player|p1|kjojon|brock|1164
|player|p2|pcmajorminer|alder|1185
|gen|9
|tier|[Gen 9] OU
|rated|
|rule|HP Percentage Mod: HP is shown in percentages
|rule|Endless Battle Clause: Forcing endless battles is banned
|rule|Species Clause: Limit one of each Pokémon
|rule|OHKO Clause: OHKO moves are banned
|rule|Evasion Items Clause: Evasion items are banned
|rule|Evasion Moves Clause: Evasion moves are banned
|rule|Evasion Abilities Clause: Evasion abilities are banned
|rule|Sleep Moves Clause: Sleep-inducing moves are banned
|clearpoke
|poke|p1|Gardevoir, F|
|poke|p1|Cinderace, F|
|poke|p1|Duraludon, M|
|poke|p1|Hitmontop, M|
|poke|p1|Necrozma|
|poke|p1|Porygon-Z|
|poke|p2|Haxorus, M|
|poke|p2|Ting-Lu|
|poke|p2|Gholdengo|
|poke|p2|Great Tusk|
|poke|p2|Iron Valiant|
|poke|p2|Rotom-Wash|
|teampreview
|
|t:|1776270659
|teamsize|p1|6
|teamsize|p2|6
|start
|switch|p1a: PoyPee|Porygon-Z, shiny|100/100
|switch|p2a: Haxorus|Haxorus, M, shiny|100/100
|-ability|p2a: Haxorus|Mold Breaker
|turn|1
|
|t:|1776270673
|move|p2a: Haxorus|Dragon Dance|p2a: Haxorus
|-boost|p2a: Haxorus|atk|1
|-boost|p2a: Haxorus|spe|1
|move|p1a: PoyPee|Tri Attack|p2a: Haxorus
|-damage|p2a: Haxorus|0 fnt
|faint|p2a: Haxorus
|
|upkeep
|inactive|Battle timer is ON: inactive players will automatically lose when time's up. (requested by kjojon)
|
|t:|1776270690
|switch|p2a: Iron Valiant|Iron Valiant, shiny|100/100
|turn|2
|
|t:|1776270695
|move|p2a: Iron Valiant|Close Combat|p1a: PoyPee
|-supereffective|p1a: PoyPee
|-damage|p1a: PoyPee|0 fnt
|-unboost|p2a: Iron Valiant|def|1
|-unboost|p2a: Iron Valiant|spd|1
|faint|p1a: PoyPee
|
|upkeep
|
|t:|1776270701
|switch|p1a: Joao|Cinderace, F, shiny|100/100
|turn|3
|
|t:|1776270707
|move|p2a: Iron Valiant|Close Combat|p1a: Joao
|-crit|p1a: Joao
|-damage|p1a: Joao|7/100
|-unboost|p2a: Iron Valiant|def|1
|-unboost|p2a: Iron Valiant|spd|1
|move|p1a: Joao|Pyro Ball|p2a: Iron Valiant
|-damage|p2a: Iron Valiant|0 fnt
|faint|p2a: Iron Valiant
|-end|p2a: Iron Valiant|Quark Drive|[silent]
|
|upkeep
|
|t:|1776270716
|switch|p2a: Great Tusk|Great Tusk|100/100
|turn|4
|
|t:|1776270726
|switch|p1a: R-Pyrite|Necrozma, shiny|100/100
|move|p2a: Great Tusk|Rapid Spin|p1a: R-Pyrite
|-damage|p1a: R-Pyrite|87/100
|-boost|p2a: Great Tusk|spe|1
|
|upkeep
|turn|5
|
|t:|1776270740
|move|p2a: Great Tusk|Knock Off|p1a: R-Pyrite
|-supereffective|p1a: R-Pyrite
|-damage|p1a: R-Pyrite|44/100
|-enditem|p1a: R-Pyrite|Weakness Policy
|-boost|p1a: R-Pyrite|atk|2|[from] item: Weakness Policy
|-boost|p1a: R-Pyrite|spa|2|[from] item: Weakness Policy
|move|p1a: R-Pyrite|Dragon Dance|p1a: R-Pyrite
|-boost|p1a: R-Pyrite|atk|1
|-boost|p1a: R-Pyrite|spe|1
|
|upkeep
|turn|6
|
|t:|1776270768
|-end|p2a: Great Tusk|Protosynthesis|[silent]
|switch|p2a: Ting-Lu|Ting-Lu|100/100
|-ability|p2a: Ting-Lu|Vessel of Ruin
|move|p1a: R-Pyrite|Photon Geyser|p2a: Ting-Lu
|-immune|p2a: Ting-Lu
|
|upkeep
|turn|7
|
|t:|1776270780
|move|p1a: R-Pyrite|Brick Break|p2a: Ting-Lu
|-supereffective|p2a: Ting-Lu
|-damage|p2a: Ting-Lu|32/100
|move|p2a: Ting-Lu|Whirlwind|p1a: R-Pyrite
|drag|p1a: Xodium|Gardevoir, F, shiny|100/100
|-ability|p1a: Xodium|Vessel of Ruin|Trace|[from] ability: Trace|[of] p2a: Ting-Lu
|-ability|p1a: Xodium|Vessel of Ruin
|
|-heal|p2a: Ting-Lu|39/100|[from] item: Leftovers
|upkeep
|turn|8
|
|t:|1776270789
|move|p1a: Xodium|Moonblast|p2a: Ting-Lu
|-supereffective|p2a: Ting-Lu
|-damage|p2a: Ting-Lu|0 fnt
|faint|p2a: Ting-Lu
|
|upkeep
|
|t:|1776270793
|switch|p2a: Gholdengo|Gholdengo|100/100
|turn|9
|
|t:|1776270798
|switch|p1a: Joao|Cinderace, F, shiny|7/100
|move|p2a: Gholdengo|Nasty Plot|p2a: Gholdengo
|-boost|p2a: Gholdengo|spa|2
|
|upkeep
|turn|10
|
|t:|1776270806
|-terastallize|p2a: Gholdengo|Flying
|move|p1a: Joao|Pyro Ball|p2a: Gholdengo
|-damage|p2a: Gholdengo|45/100
|move|p2a: Gholdengo|Shadow Ball|p1a: Joao
|-damage|p1a: Joao|0 fnt
|faint|p1a: Joao
|
|-heal|p2a: Gholdengo|52/100|[from] item: Leftovers
|upkeep
|
|t:|1776270820
|switch|p1a: Babylon|Duraludon, M, shiny|100/100
|turn|11
|
|t:|1776270828
|move|p1a: Babylon|Thunderbolt|p2a: Gholdengo
|-supereffective|p2a: Gholdengo
|-damage|p2a: Gholdengo|0 fnt
|faint|p2a: Gholdengo
|
|upkeep
|
|t:|1776270832
|switch|p2a: Great Tusk|Great Tusk|100/100
|turn|12
|
|t:|1776270842
|move|p1a: Babylon|Dragon Pulse|p2a: Great Tusk
|-damage|p2a: Great Tusk|40/100
|move|p2a: Great Tusk|Rapid Spin|p1a: Babylon
|-resisted|p1a: Babylon
|-damage|p1a: Babylon|96/100
|-boost|p2a: Great Tusk|spe|1
|
|upkeep
|turn|13
|
|t:|1776270849
|-terastallize|p1a: Babylon|Flying
|move|p2a: Great Tusk|Close Combat|p1a: Babylon
|-resisted|p1a: Babylon
|-damage|p1a: Babylon|79/100
|-unboost|p2a: Great Tusk|def|1
|-unboost|p2a: Great Tusk|spd|1
|move|p1a: Babylon|Dragon Pulse|p2a: Great Tusk
|-damage|p2a: Great Tusk|0 fnt
|faint|p2a: Great Tusk
|-end|p2a: Great Tusk|Protosynthesis|[silent]
|
|upkeep
|
|t:|1776270853
|switch|p2a: Rotom|Rotom-Wash, shiny|100/100
|turn|14
|
|t:|1776270864
|move|p1a: Babylon|Dragon Pulse|p2a: Rotom
|-damage|p2a: Rotom|53/100
|move|p2a: Rotom|Volt Switch|p1a: Babylon
|-supereffective|p1a: Babylon
|-damage|p1a: Babylon|19/100
|
|upkeep
|turn|15
|inactive|pcmajorminer has 120 seconds left.
|
|t:|1776270894
|switch|p1a: Garfiel|Hitmontop, M|100/100
|move|p2a: Rotom|Volt Switch|p1a: Garfiel
|-damage|p1a: Garfiel|71/100
|
|upkeep
|turn|16
|
|t:|1776270899
|move|p1a: Garfiel|Fake Out|p2a: Rotom
|-damage|p2a: Rotom|37/100
|cant|p2a: Rotom|flinch
|
|upkeep
|turn|17
|
|t:|1776270904
|move|p1a: Garfiel|Mach Punch|p2a: Rotom
|-damage|p2a: Rotom|11/100
|move|p2a: Rotom|Pain Split|p1a: Garfiel
|-sethp|p1a: Garfiel|41/100|[from] move: Pain Split|[silent]
|-sethp|p2a: Rotom|38/100|[from] move: Pain Split
|
|upkeep
|turn|18
|
|t:|1776270913
|move|p2a: Rotom|Volt Switch|p1a: Garfiel
|-damage|p1a: Garfiel|13/100
|move|p1a: Garfiel|Triple Axel|p2a: Rotom|[miss]
|-miss|p1a: Garfiel|p2a: Rotom
|
|upkeep
|turn|19
|
|t:|1776270924
|move|p1a: Garfiel|Mach Punch|p2a: Rotom
|-damage|p2a: Rotom|12/100
|move|p2a: Rotom|Volt Switch|p1a: Garfiel
|-damage|p1a: Garfiel|0 fnt
|faint|p1a: Garfiel
|
|upkeep
|
|t:|1776270929
|switch|p1a: Xodium|Gardevoir, F, shiny|100/100
|-ability|p1a: Xodium|Levitate|Trace|[from] ability: Trace|[of] p2a: Rotom
|turn|20
|
|t:|1776270932
|move|p1a: Xodium|Moonblast|p2a: Rotom
|-damage|p2a: Rotom|0 fnt
|faint|p2a: Rotom
|
|win|kjojon
|raw|kjojon's rating: 1164 &rarr; <strong>1191</strong><br />(+27 for winning)
|raw|pcmajorminer's rating: 1185 &rarr; <strong>1158</strong><br />(-27 for losing)
|l|☆pcmajorminer
|player|p2|
|c|☆kjojon|gg's
