|html|<div class="broadcast-blue"><strong>[Gen 9] OU is currently suspecting Tera Blast! For information on how to participate check out the <a href="https://www.smogon.com/tools/suspects/view/200">suspect thread</a>.</strong></div>
|badge|p2|silver|gen9ou|30-9
|uhtml|medal-msg|<div class="broadcast-blue">Curious what those medals under the avatar are? PS now has Ladder Seasons! For more information, check out the <a href="https://www.smogon.com/forums/threads/3740067/">thread on Smogon.</a></div>
|j|☆vafafaf
|j|‽zeep vs zoop
|t:|1776125115
|gametype|singles
|player|p1|vafafaf|101|1726
|player|p2|zeep vs zoop|iris-gen5bw2|1951
|gen|9
|tier|[Gen 9] OU
|rated|
|rule|HP Percentage Mod: HP is shown in percentages
|rule|Endless Battle Clause: Forcing endless battles is banned
|rule|Species Clause: Limit one of each Pokémon
|rule|OHKO Clause: OHKO moves are banned
|rule|Evasion Items Clause: Evasion items are banned
|rule|Evasion Moves Clause: Evasion moves are banned
|rule|Evasion Abilities Clause: Evasion abilities are banned
|rule|Sleep Moves Clause: Sleep-inducing moves are banned
|clearpoke
|poke|p1|Tyranitar, F|
|poke|p1|Excadrill, F|
|poke|p1|Deoxys-Speed|
|poke|p1|Indeedee, M|
|poke|p1|Ogerpon-Cornerstone, F|
|poke|p1|Moltres|
|poke|p2|Zamazenta-*|
|poke|p2|Kingambit, M|
|poke|p2|Dragapult, F|
|poke|p2|Zapdos|
|poke|p2|Volcanion|
|poke|p2|Iron Treads|
|teampreview
|j| ohko_smeargle
|inactive|Battle timer is ON: inactive players will automatically lose when time's up. (requested by zeep vs zoop)
|
|t:|1776125155
|teamsize|p1|6
|teamsize|p2|6
|start
|switch|p1a: Moltres|Moltres|100/100
|switch|p2a: Iron Treads|Iron Treads|100/100
|turn|1
|
|t:|1776125174
|move|p2a: Iron Treads|Knock Off|p1a: Moltres
|-crit|p1a: Moltres
|-damage|p1a: Moltres|68/100
|-enditem|p1a: Moltres|Heavy-Duty Boots|[from] move: Knock Off|[of] p2a: Iron Treads
|move|p1a: Moltres|Flamethrower|p2a: Iron Treads
|-supereffective|p2a: Iron Treads
|-damage|p2a: Iron Treads|0 fnt
|faint|p2a: Iron Treads
|-end|p2a: Iron Treads|Quark Drive|[silent]
|
|upkeep
|
|t:|1776125177
|switch|p2a: Volcanion|Volcanion|100/100
|turn|2
|inactive|vafafaf has 120 seconds left.
|
|t:|1776125232
|switch|p1a: Tyranitar|Tyranitar, F|100/100
|-weather|Sandstorm|[from] ability: Sand Stream|[of] p1a: Tyranitar
|move|p2a: Volcanion|Steam Eruption|p1a: Tyranitar
|-supereffective|p1a: Tyranitar
|-damage|p1a: Tyranitar|36/100
|
|-weather|Sandstorm|[upkeep]
|-damage|p2a: Volcanion|95/100|[from] Sandstorm
|upkeep
|turn|3
|
|t:|1776125243
|switch|p1a: Ogerpon|Ogerpon-Cornerstone, F|100/100
|move|p2a: Volcanion|Steam Eruption|p1a: Ogerpon
|-damage|p1a: Ogerpon|54/100
|
|-weather|Sandstorm|[upkeep]
|-damage|p2a: Volcanion|89/100|[from] Sandstorm
|upkeep
|turn|4
|
|t:|1776125259
|switch|p2a: Zamazenta|Zamazenta|100/100
|-ability|p2a: Zamazenta|Dauntless Shield|boost
|-boost|p2a: Zamazenta|def|1
|move|p1a: Ogerpon|Ivy Cudgel|p2a: Zamazenta|[anim] Ivy Cudgel Rock
|-resisted|p2a: Zamazenta
|-damage|p2a: Zamazenta|86/100
|
|-weather|Sandstorm|[upkeep]
|-damage|p2a: Zamazenta|80/100|[from] Sandstorm
|-heal|p2a: Zamazenta|86/100|[from] item: Leftovers
|upkeep
|turn|5
|
|t:|1776125271
|switch|p1a: Moltres|Moltres|68/100
|move|p2a: Zamazenta|Substitute|p2a: Zamazenta
|-start|p2a: Zamazenta|Substitute
|-damage|p2a: Zamazenta|61/100
|
|-weather|Sandstorm|[upkeep]
|-damage|p2a: Zamazenta|55/100|[from] Sandstorm
|-damage|p1a: Moltres|62/100|[from] Sandstorm
|-heal|p2a: Zamazenta|61/100|[from] item: Leftovers
|upkeep
|turn|6
|
|t:|1776125289
|-terastallize|p2a: Zamazenta|Fire
|move|p2a: Zamazenta|Iron Defense|p2a: Zamazenta
|-boost|p2a: Zamazenta|def|2
|move|p1a: Moltres|Roar|p2a: Zamazenta
|drag|p2a: Dragapult|Dragapult, F|100/100
|
|-weather|Sandstorm|[upkeep]
|-damage|p2a: Dragapult|95/100|[from] Sandstorm
|-damage|p1a: Moltres|55/100|[from] Sandstorm
|upkeep
|turn|7
|inactive|vafafaf has 90 seconds left.
|j| Nyrkry
|inactive|vafafaf has 60 seconds left.
|
|t:|1776125344
|switch|p1a: Ogerpon|Ogerpon-Cornerstone, F|54/100
|move|p2a: Dragapult|Draco Meteor|p1a: Ogerpon
|-damage|p1a: Ogerpon|0 fnt
|-unboost|p2a: Dragapult|spa|2
|faint|p1a: Ogerpon
|
|-weather|Sandstorm|[upkeep]
|-damage|p2a: Dragapult|89/100|[from] Sandstorm
|upkeep
|inactive|vafafaf has 60 seconds left.
|
|t:|1776125351
|switch|p1a: Excadrill|Excadrill, F|100/100
|turn|8
|inactive|vafafaf has 60 seconds left.
|
|t:|1776125371
|switch|p2a: Zapdos|Zapdos|100/100
|-terastallize|p1a: Excadrill|Ice
|move|p1a: Excadrill|Tera Blast|p2a: Zapdos|[anim] Tera Blast Ice
|-supereffective|p2a: Zapdos
|-damage|p2a: Zapdos|15/100
|-damage|p1a: Excadrill|91/100|[from] item: Life Orb
|
|-weather|Sandstorm|[upkeep]
|-damage|p2a: Zapdos|9/100|[from] Sandstorm
|upkeep
|turn|9
|
|t:|1776125394
|move|p1a: Excadrill|Tera Blast|p2a: Zapdos|[anim] Tera Blast Ice
|-supereffective|p2a: Zapdos
|-damage|p2a: Zapdos|0 fnt
|faint|p2a: Zapdos
|-damage|p1a: Excadrill|81/100|[from] item: Life Orb
|
|-weather|none
|upkeep
|
|t:|1776125399
|switch|p2a: Zamazenta|Zamazenta, tera:Fire|61/100
|turn|10
|
|t:|1776125402
|switch|p1a: Moltres|Moltres|55/100
|move|p2a: Zamazenta|Iron Defense|p2a: Zamazenta
|-boost|p2a: Zamazenta|def|2
|
|-heal|p2a: Zamazenta|67/100|[from] item: Leftovers
|upkeep
|turn|11
|
|t:|1776125407
|move|p2a: Zamazenta|Body Press|p1a: Moltres
|-resisted|p1a: Moltres
|-damage|p1a: Moltres|33/100
|move|p1a: Moltres|Roar|p2a: Zamazenta
|drag|p2a: Volcanion|Volcanion|89/100
|
|upkeep
|turn|12
|
|t:|1776125411
|switch|p1a: Tyranitar|Tyranitar, F|36/100
|-weather|Sandstorm|[from] ability: Sand Stream|[of] p1a: Tyranitar
|move|p2a: Volcanion|Steam Eruption|p1a: Tyranitar
|-supereffective|p1a: Tyranitar
|-damage|p1a: Tyranitar|0 fnt
|faint|p1a: Tyranitar
|
|-weather|Sandstorm|[upkeep]
|-damage|p2a: Volcanion|83/100|[from] Sandstorm
|upkeep
|
|t:|1776125418
|switch|p1a: Excadrill|Excadrill, F, tera:Ice|81/100
|turn|13
|
|t:|1776125447
|move|p1a: Excadrill|High Horsepower|p2a: Volcanion|[miss]
|-miss|p1a: Excadrill|p2a: Volcanion
|move|p2a: Volcanion|Steam Eruption|p1a: Excadrill
|-damage|p1a: Excadrill|0 fnt
|faint|p1a: Excadrill
|
|-weather|Sandstorm|[upkeep]
|-damage|p2a: Volcanion|77/100|[from] Sandstorm
|upkeep
|inactive|vafafaf has 90 seconds left.
|-message|vafafaf forfeited.
|
|win|zeep vs zoop
|raw|vafafaf's rating: 1726 &rarr; <strong>1718</strong><br />(-8 for losing)
|raw|zeep vs zoop's rating: 1956 &rarr; <strong>1964</strong><br />(+8 for winning)
|l| ohko_smeargle
|c|☆vafafaf|Gg
