|html|<div class="broadcast-blue"><strong>[Gen 9] OU is currently suspecting Tera Blast! For information on how to participate check out the <a href="https://www.smogon.com/tools/suspects/view/200">suspect thread</a>.</strong></div>
|j|☆lleburick
|j|☆HercuLeon
|t:|1776039912
|gametype|singles
|player|p1|lleburick|winona|1171
|player|p2|HercuLeon|blue|1121
|gen|9
|tier|[Gen 9] OU
|rated|
|rule|HP Percentage Mod: HP is shown in percentages
|rule|Endless Battle Clause: Forcing endless battles is banned
|rule|Species Clause: Limit one of each Pokémon
|rule|OHKO Clause: OHKO moves are banned
|rule|Evasion Items Clause: Evasion items are banned
|rule|Evasion Moves Clause: Evasion moves are banned
|rule|Evasion Abilities Clause: Evasion abilities are banned
|rule|Sleep Moves Clause: Sleep-inducing moves are banned
|clearpoke
|poke|p1|Meowscarada, M|
|poke|p1|Gliscor, M|
|poke|p1|Slowking-Galar, M|
|poke|p1|Clodsire, M|
|poke|p1|Clefable, M|
|poke|p1|Dondozo, M|
|poke|p2|Ceruledge, M|
|poke|p2|Ambipom, M|
|poke|p2|Comfey, F|
|poke|p2|Dunsparce, M|
|poke|p2|Pawmot, F|
|poke|p2|Tentacruel, M|
|teampreview
|inactive|Battle timer is ON: inactive players will automatically lose when time's up. (requested by HercuLeon)
|
|t:|1776039922
|teamsize|p1|6
|teamsize|p2|6
|start
|switch|p1a: Gligor|Gliscor, M|100/100
|switch|p2a: Ambipom|Ambipom, M|100/100
|turn|1
|
|t:|1776039936
|move|p2a: Ambipom|Fake Out|p1a: Gligor
|-damage|p1a: Gligor|84/100
|cant|p1a: Gligor|flinch
|
|-status|p1a: Gligor|tox|[from] item: Toxic Orb
|upkeep
|turn|2
|
|t:|1776039941
|move|p2a: Ambipom|Triple Axel|p1a: Gligor
|-supereffective|p1a: Gligor
|-damage|p1a: Gligor|63/100 tox
|-supereffective|p1a: Gligor
|-damage|p1a: Gligor|23/100 tox
|-supereffective|p1a: Gligor
|-damage|p1a: Gligor|0 fnt
|faint|p1a: Gligor
|-hitcount|p1: Gligor|3
|
|upkeep
|
|t:|1776039944
|switch|p1a: Meowscarada|Meowscarada, M, shiny|100/100
|turn|3
|
|t:|1776039958
|switch|p2a: Dunsparce|Dunsparce, M|100/100
|move|p1a: Meowscarada|Knock Off|p2a: Dunsparce
|-start|p1a: Meowscarada|typechange|Dark|[from] ability: Protean
|-damage|p2a: Dunsparce|66/100
|-enditem|p2a: Dunsparce|Eviolite|[from] move: Knock Off|[of] p1a: Meowscarada
|
|upkeep
|turn|4
|
|t:|1776039966
|move|p1a: Meowscarada|Flower Trick|p2a: Dunsparce
|-crit|p2a: Dunsparce
|-damage|p2a: Dunsparce|25/100
|move|p2a: Dunsparce|Body Slam|p1a: Meowscarada
|-damage|p1a: Meowscarada|62/100
|-status|p1a: Meowscarada|par
|
|upkeep
|turn|5
|
|t:|1776039974
|move|p1a: Meowscarada|Flower Trick|p2a: Dunsparce
|-crit|p2a: Dunsparce
|-damage|p2a: Dunsparce|0 fnt
|faint|p2a: Dunsparce
|
|upkeep
|
|t:|1776039979
|switch|p2a: Pawmot|Pawmot, F|100/100
|turn|6
|
|t:|1776039992
|move|p2a: Pawmot|Mach Punch|p1a: Meowscarada
|-supereffective|p1a: Meowscarada
|-damage|p1a: Meowscarada|0 fnt
|faint|p1a: Meowscarada
|
|upkeep
|
|t:|1776039995
|switch|p1a: Clodsire|Clodsire, M, shiny|100/100
|turn|7
|
|t:|1776039999
|switch|p2a: Tentacruel|Tentacruel, M|100/100
|move|p1a: Clodsire|Toxic|p2a: Tentacruel
|-immune|p2a: Tentacruel
|
|upkeep
|turn|8
|
|t:|1776040005
|move|p2a: Tentacruel|Surf|p1a: Clodsire
|-supereffective|p1a: Clodsire
|-damage|p1a: Clodsire|62/100
|move|p1a: Clodsire|Earthquake|p2a: Tentacruel
|-supereffective|p2a: Tentacruel
|-damage|p2a: Tentacruel|8/100
|
|upkeep
|turn|9
|
|t:|1776040015
|move|p2a: Tentacruel|Surf|p1a: Clodsire
|-supereffective|p1a: Clodsire
|-damage|p1a: Clodsire|26/100
|move|p1a: Clodsire|Earthquake|p2a: Tentacruel
|-supereffective|p2a: Tentacruel
|-damage|p2a: Tentacruel|0 fnt
|faint|p2a: Tentacruel
|
|upkeep
|
|t:|1776040021
|switch|p2a: Ambipom|Ambipom, M|100/100
|turn|10
|
|t:|1776040027
|-terastallize|p1a: Clodsire|Steel
|move|p2a: Ambipom|Triple Axel|p1a: Clodsire
|-resisted|p1a: Clodsire
|-damage|p1a: Clodsire|21/100
|-resisted|p1a: Clodsire
|-damage|p1a: Clodsire|12/100
|-resisted|p1a: Clodsire
|-damage|p1a: Clodsire|0 fnt
|faint|p1a: Clodsire
|-hitcount|p1: Clodsire|3
|
|upkeep
|
|t:|1776040033
|switch|p1a: Dondozo|Dondozo, M|100/100
|turn|11
|
|t:|1776040048
|move|p2a: Ambipom|Astonish|p1a: Dondozo
|-damage|p1a: Dondozo|94/100
|cant|p1a: Dondozo|flinch
|
|-heal|p1a: Dondozo|99/100|[from] item: Leftovers
|upkeep
|turn|12
|
|t:|1776040056
|move|p2a: Ambipom|Astonish|p1a: Dondozo
|-damage|p1a: Dondozo|94/100
|move|p1a: Dondozo|Body Press|p2a: Ambipom
|-supereffective|p2a: Ambipom
|-crit|p2a: Ambipom
|-damage|p2a: Ambipom|0 fnt
|faint|p2a: Ambipom
|
|-heal|p1a: Dondozo|100/100|[from] item: Leftovers
|upkeep
|
|t:|1776040063
|switch|p2a: Pawmot|Pawmot, F|100/100
|turn|13
|
|t:|1776040070
|switch|p1a: Slowking|Slowking-Galar, M, shiny|100/100
|move|p2a: Pawmot|Revival Blessing|p2a: Pawmot
|
|t:|1776040075
|-heal|p2: Tentacruel|50/100|[from] move: Revival Blessing
|
|upkeep
|turn|14
|
|t:|1776040087
|switch|p2a: Ceruledge|Ceruledge, M|100/100
|move|p1a: Slowking|Psychic|p2a: Ceruledge
|-damage|p2a: Ceruledge|60/100
|
|upkeep
|turn|15
|
|t:|1776040095
|move|p2a: Ceruledge|Bulk Up|p2a: Ceruledge
|-boost|p2a: Ceruledge|atk|1
|-boost|p2a: Ceruledge|def|1
|move|p1a: Slowking|Psychic|p2a: Ceruledge
|-damage|p2a: Ceruledge|21/100
|
|upkeep
|turn|16
|
|t:|1776040101
|move|p2a: Ceruledge|Phantom Force||[still]
|-prepare|p2a: Ceruledge|Phantom Force
|move|p1a: Slowking|Psychic|p2a: Ceruledge|[miss]
|-miss|p1a: Slowking|p2a: Ceruledge
|
|upkeep
|turn|17
|
|t:|1776040108
|switch|p1a: Dondozo|Dondozo, M|100/100
|move|p2a: Ceruledge|Phantom Force|p1a: Dondozo|[from] lockedmove
|-damage|p1a: Dondozo|79/100
|
|-heal|p1a: Dondozo|85/100|[from] item: Leftovers
|upkeep
|turn|18
|
|t:|1776040116
|switch|p2a: Tentacruel|Tentacruel, M|50/100
|move|p1a: Dondozo|Liquidation|p2a: Tentacruel
|-resisted|p2a: Tentacruel
|-damage|p2a: Tentacruel|25/100
|
|-heal|p1a: Dondozo|91/100|[from] item: Leftovers
|upkeep
|turn|19
|
|t:|1776040125
|move|p2a: Tentacruel|Sludge Bomb|p1a: Dondozo
|-damage|p1a: Dondozo|59/100
|move|p1a: Dondozo|Body Press|p2a: Tentacruel
|-resisted|p2a: Tentacruel
|-damage|p2a: Tentacruel|2/100
|
|-heal|p1a: Dondozo|65/100|[from] item: Leftovers
|upkeep
|turn|20
|
|t:|1776040132
|move|p2a: Tentacruel|Sludge Bomb|p1a: Dondozo
|-damage|p1a: Dondozo|34/100
|move|p1a: Dondozo|Body Press|p2a: Tentacruel
|-resisted|p2a: Tentacruel
|-damage|p2a: Tentacruel|0 fnt
|faint|p2a: Tentacruel
|
|-heal|p1a: Dondozo|40/100|[from] item: Leftovers
|upkeep
|
|t:|1776040140
|switch|p2a: Pawmot|Pawmot, F|100/100
|turn|21
|
|t:|1776040144
|switch|p1a: Slowking|Slowking-Galar, M, shiny|100/100
|move|p2a: Pawmot|Thunder Punch|p1a: Slowking
|-damage|p1a: Slowking|53/100
|
|upkeep
|turn|22
|
|t:|1776040150
|move|p2a: Pawmot|Thunder Punch|p1a: Slowking
|-damage|p1a: Slowking|5/100
|move|p1a: Slowking|Slack Off|p1a: Slowking
|-heal|p1a: Slowking|55/100
|
|upkeep
|turn|23
|
|t:|1776040155
|move|p2a: Pawmot|Thunder Punch|p1a: Slowking
|-damage|p1a: Slowking|3/100
|move|p1a: Slowking|Psychic|p2a: Pawmot
|-supereffective|p2a: Pawmot
|-damage|p2a: Pawmot|0 fnt
|faint|p2a: Pawmot
|
|upkeep
|
|t:|1776040162
|switch|p2a: Comfey|Comfey, F|100/100
|turn|24
|
|t:|1776040167
|switch|p1a: Clefable|Clefable, M|100/100
|move|p2a: Comfey|Giga Drain|p1a: Clefable
|-damage|p1a: Clefable|87/100
|
|-heal|p1a: Clefable|93/100|[from] item: Leftovers
|upkeep
|turn|25
|
|t:|1776040181
|switch|p2a: Ceruledge|Ceruledge, M|21/100
|move|p1a: Clefable|Moonblast|p2a: Ceruledge
|-resisted|p2a: Ceruledge
|-crit|p2a: Ceruledge
|-damage|p2a: Ceruledge|0 fnt
|faint|p2a: Ceruledge
|
|-heal|p1a: Clefable|99/100|[from] item: Leftovers
|upkeep
|
|t:|1776040190
|switch|p2a: Comfey|Comfey, F|100/100
|turn|26
|
|t:|1776040192
|move|p2a: Comfey|Calm Mind|p2a: Comfey
|-boost|p2a: Comfey|spa|1
|-boost|p2a: Comfey|spd|1
|move|p1a: Clefable|Moonblast|p2a: Comfey
|-damage|p2a: Comfey|74/100
|
|-heal|p1a: Clefable|100/100|[from] item: Leftovers
|upkeep
|turn|27
|
|t:|1776040199
|move|p2a: Comfey|Calm Mind|p2a: Comfey
|-boost|p2a: Comfey|spa|1
|-boost|p2a: Comfey|spd|1
|move|p1a: Clefable|Fire Blast|p2a: Comfey
|-damage|p2a: Comfey|58/100
|
|upkeep
|turn|28
|
|t:|1776040206
|move|p2a: Comfey|Draining Kiss|p1a: Clefable
|-damage|p1a: Clefable|75/100
|-heal|p2a: Comfey|99/100|[from] drain|[of] p1a: Clefable
|move|p1a: Clefable|Moonblast|p2a: Comfey
|-crit|p2a: Comfey
|-damage|p2a: Comfey|40/100
|
|-heal|p1a: Clefable|81/100|[from] item: Leftovers
|upkeep
|turn|29
|
|t:|1776040215
|switch|p1a: Slowking|Slowking-Galar, M, shiny|37/100
|move|p2a: Comfey|Draining Kiss|p1a: Slowking
|-resisted|p1a: Slowking
|-damage|p1a: Slowking|25/100
|-heal|p2a: Comfey|58/100|[from] drain|[of] p1a: Slowking
|
|upkeep
|turn|30
|
|t:|1776040225
|switch|p1a: Clefable|Clefable, M|81/100
|move|p2a: Comfey|Giga Drain|p1a: Clefable
|-damage|p1a: Clefable|57/100
|-heal|p2a: Comfey|83/100|[from] drain|[of] p1a: Clefable
|
|-heal|p1a: Clefable|63/100|[from] item: Leftovers
|upkeep
|turn|31
|
|t:|1776040233
|switch|p1a: Slowking|Slowking-Galar, M, shiny|58/100
|move|p2a: Comfey|Draining Kiss|p1a: Slowking
|-resisted|p1a: Slowking
|-damage|p1a: Slowking|47/100
|-heal|p2a: Comfey|100/100|[from] drain|[of] p1a: Slowking
|
|upkeep
|turn|32
|
|t:|1776040240
|move|p2a: Comfey|Leech Seed|p1a: Slowking
|-start|p1a: Slowking|move: Leech Seed
|move|p1a: Slowking|Sludge Bomb|p2a: Comfey
|-supereffective|p2a: Comfey
|-damage|p2a: Comfey|55/100
|
|-damage|p1a: Slowking|35/100|[from] Leech Seed|[of] p2a: Comfey
|-heal|p2a: Comfey|82/100|[silent]
|upkeep
|turn|33
|
|t:|1776040246
|move|p2a: Comfey|Calm Mind|p2a: Comfey
|-boost|p2a: Comfey|spa|1
|-boost|p2a: Comfey|spd|1
|move|p1a: Slowking|Slack Off|p1a: Slowking
|-heal|p1a: Slowking|85/100
|
|-damage|p1a: Slowking|72/100|[from] Leech Seed|[of] p2a: Comfey
|-heal|p2a: Comfey|100/100|[silent]
|upkeep
|turn|34
|
|t:|1776040254
|move|p2a: Comfey|Draining Kiss|p1a: Slowking
|-resisted|p1a: Slowking
|-damage|p1a: Slowking|58/100
|move|p1a: Slowking|Sludge Bomb|p2a: Comfey
|-supereffective|p2a: Comfey
|-damage|p2a: Comfey|66/100
|
|-damage|p1a: Slowking|45/100|[from] Leech Seed|[of] p2a: Comfey
|-heal|p2a: Comfey|92/100|[silent]
|upkeep
|turn|35
|
|t:|1776040265
|move|p2a: Comfey|Giga Drain|p1a: Slowking
|-resisted|p1a: Slowking
|-damage|p1a: Slowking|31/100
|-heal|p2a: Comfey|100/100|[from] drain|[of] p1a: Slowking
|move|p1a: Slowking|Slack Off|p1a: Slowking
|-heal|p1a: Slowking|81/100
|
|-damage|p1a: Slowking|69/100|[from] Leech Seed|[of] p2a: Comfey
|upkeep
|turn|36
|
|t:|1776040276
|switch|p1a: Clefable|Clefable, M|63/100
|move|p2a: Comfey|Calm Mind|p2a: Comfey
|-boost|p2a: Comfey|spa|1
|-boost|p2a: Comfey|spd|1
|
|-heal|p1a: Clefable|69/100|[from] item: Leftovers
|upkeep
|turn|37
|
|t:|1776040283
|move|p2a: Comfey|Draining Kiss|p1a: Clefable
|-damage|p1a: Clefable|27/100
|move|p1a: Clefable|Fire Blast|p2a: Comfey
|-crit|p2a: Comfey
|-damage|p2a: Comfey|53/100
|
|-heal|p1a: Clefable|33/100|[from] item: Leftovers
|upkeep
|turn|38
|
|t:|1776040291
|move|p1a: Clefable|Protect|p1a: Clefable
|-singleturn|p1a: Clefable|Protect
|move|p2a: Comfey|Draining Kiss|p1a: Clefable
|-activate|p1a: Clefable|move: Protect
|
|-heal|p1a: Clefable|39/100|[from] item: Leftovers
|upkeep
|turn|39
|
|t:|1776040298
|switch|p1a: Dondozo|Dondozo, M|40/100
|move|p2a: Comfey|Draining Kiss|p1a: Dondozo
|-damage|p1a: Dondozo|20/100
|-heal|p2a: Comfey|94/100|[from] drain|[of] p1a: Dondozo
|
|-heal|p1a: Dondozo|26/100|[from] item: Leftovers
|upkeep
|turn|40
|
|t:|1776040305
|move|p2a: Comfey|Giga Drain|p1a: Dondozo
|-supereffective|p1a: Dondozo
|-damage|p1a: Dondozo|0 fnt
|-heal|p2a: Comfey|100/100|[from] drain|[of] p1a: Dondozo
|faint|p1a: Dondozo
|
|upkeep
|
|t:|1776040308
|switch|p1a: Slowking|Slowking-Galar, M, shiny|100/100
|turn|41
|
|t:|1776040322
|move|p2a: Comfey|Leech Seed|p1a: Slowking
|-start|p1a: Slowking|move: Leech Seed
|move|p1a: Slowking|Sludge Bomb|p2a: Comfey
|-supereffective|p2a: Comfey
|-damage|p2a: Comfey|70/100
|-status|p2a: Comfey|psn
|
|-damage|p1a: Slowking|88/100|[from] Leech Seed|[of] p2a: Comfey
|-heal|p2a: Comfey|96/100 psn|[silent]
|-damage|p2a: Comfey|84/100 psn|[from] psn
|upkeep
|turn|42
|
|t:|1776040342
|move|p2a: Comfey|Giga Drain|p1a: Slowking
|-resisted|p1a: Slowking
|-damage|p1a: Slowking|72/100
|-heal|p2a: Comfey|100/100 psn|[from] drain|[of] p1a: Slowking
|-prepare|p1a: Slowking|Chilly Reception|[premajor]
|move|p1a: Slowking|Chilly Reception|p1a: Slowking
|-weather|Snowscape
|
|t:|1776040346
|switch|p1a: Clefable|Clefable, M|39/100|[from] Chilly Reception
|
|-weather|Snowscape|[upkeep]
|-heal|p1a: Clefable|45/100|[from] item: Leftovers
|-damage|p2a: Comfey|88/100 psn|[from] psn
|upkeep
|turn|43
|
|t:|1776040364
|move|p1a: Clefable|Protect|p1a: Clefable
|-singleturn|p1a: Clefable|Protect
|move|p2a: Comfey|Draining Kiss|p1a: Clefable
|-activate|p1a: Clefable|move: Protect
|
|-weather|Snowscape|[upkeep]
|-heal|p1a: Clefable|52/100|[from] item: Leftovers
|-damage|p2a: Comfey|76/100 psn|[from] psn
|upkeep
|turn|44
|
|t:|1776040373
|move|p2a: Comfey|Calm Mind|p2a: Comfey
|-boost|p2a: Comfey|spa|1
|-boost|p2a: Comfey|spd|1
|move|p1a: Clefable|Wish|p1a: Clefable
|
|-weather|Snowscape|[upkeep]
|-heal|p1a: Clefable|58/100|[from] item: Leftovers
|-damage|p2a: Comfey|63/100 psn|[from] psn
|upkeep
|turn|45
|
|t:|1776040380
|move|p2a: Comfey|Calm Mind|p2a: Comfey
|-boost|p2a: Comfey|spa|1
|-boost|p2a: Comfey|spd|1
|move|p1a: Clefable|Moonblast|p2a: Comfey
|-damage|p2a: Comfey|52/100 psn
|
|-weather|Snowscape|[upkeep]
|-heal|p1a: Clefable|100/100|[from] move: Wish|[wisher] Clefable
|-damage|p2a: Comfey|40/100 psn|[from] psn
|upkeep
|turn|46
|
|t:|1776040390
|move|p2a: Comfey|Leech Seed|p1a: Clefable
|-start|p1a: Clefable|move: Leech Seed
|move|p1a: Clefable|Moonblast|p2a: Comfey
|-damage|p2a: Comfey|30/100 psn
|
|-weather|none
|-damage|p2a: Comfey|17/100 psn|[from] psn
|upkeep
|turn|47
|
|t:|1776040396
|switch|p1a: Slowking|Slowking-Galar, M, shiny|100/100
|move|p2a: Comfey|Draining Kiss|p1a: Slowking
|-resisted|p1a: Slowking
|-damage|p1a: Slowking|79/100
|-heal|p2a: Comfey|52/100 psn|[from] drain|[of] p1a: Slowking
|
|-damage|p2a: Comfey|40/100 psn|[from] psn
|upkeep
|turn|48
|
|t:|1776040404
|move|p2a: Comfey|Leech Seed|p1a: Slowking
|-start|p1a: Slowking|move: Leech Seed
|move|p1a: Slowking|Sludge Bomb|p2a: Comfey
|-supereffective|p2a: Comfey
|-damage|p2a: Comfey|17/100 psn
|
|-damage|p1a: Slowking|66/100|[from] Leech Seed|[of] p2a: Comfey
|-heal|p2a: Comfey|43/100 psn|[silent]
|-damage|p2a: Comfey|31/100 psn|[from] psn
|upkeep
|turn|49
|
|t:|1776040412
|move|p2a: Comfey|Draining Kiss|p1a: Slowking
|-resisted|p1a: Slowking
|-damage|p1a: Slowking|42/100
|-heal|p2a: Comfey|69/100 psn|[from] drain|[of] p1a: Slowking
|move|p1a: Slowking|Sludge Bomb|p2a: Comfey
|-supereffective|p2a: Comfey
|-damage|p2a: Comfey|46/100 psn
|
|-damage|p1a: Slowking|29/100|[from] Leech Seed|[of] p2a: Comfey
|-heal|p2a: Comfey|73/100 psn|[silent]
|-damage|p2a: Comfey|60/100 psn|[from] psn
|upkeep
|turn|50
|
|t:|1776040424
|switch|p1a: Clefable|Clefable, M|100/100
|move|p2a: Comfey|Draining Kiss|p1a: Clefable
|-damage|p1a: Clefable|46/100
|-heal|p2a: Comfey|100/100 psn|[from] drain|[of] p1a: Clefable
|
|-heal|p1a: Clefable|52/100|[from] item: Leftovers
|-damage|p2a: Comfey|88/100 psn|[from] psn
|upkeep
|turn|51
|
|t:|1776040433
|move|p1a: Clefable|Protect|p1a: Clefable
|-singleturn|p1a: Clefable|Protect
|move|p2a: Comfey|Giga Drain|p1a: Clefable
|-activate|p1a: Clefable|move: Protect
|
|-heal|p1a: Clefable|58/100|[from] item: Leftovers
|-damage|p2a: Comfey|76/100 psn|[from] psn
|upkeep
|turn|52
|
|t:|1776040445
|move|p2a: Comfey|Giga Drain|p1a: Clefable
|-damage|p1a: Clefable|7/100
|-heal|p2a: Comfey|100/100 psn|[from] drain|[of] p1a: Clefable
|move|p1a: Clefable|Wish|p1a: Clefable
|
|-heal|p1a: Clefable|13/100|[from] item: Leftovers
|-damage|p2a: Comfey|88/100 psn|[from] psn
|upkeep
|turn|53
|
|t:|1776040453
|move|p1a: Clefable|Protect|p1a: Clefable
|-singleturn|p1a: Clefable|Protect
|move|p2a: Comfey|Leech Seed|p1a: Clefable
|-activate|p1a: Clefable|move: Protect
|
|-heal|p1a: Clefable|63/100|[from] move: Wish|[wisher] Clefable
|-heal|p1a: Clefable|69/100|[from] item: Leftovers
|-damage|p2a: Comfey|76/100 psn|[from] psn
|upkeep
|turn|54
|
|t:|1776040465
|move|p2a: Comfey|Giga Drain|p1a: Clefable
|-damage|p1a: Clefable|21/100
|-heal|p2a: Comfey|100/100 psn|[from] drain|[of] p1a: Clefable
|move|p1a: Clefable|Wish|p1a: Clefable
|
|-heal|p1a: Clefable|27/100|[from] item: Leftovers
|-damage|p2a: Comfey|88/100 psn|[from] psn
|upkeep
|turn|55
|
|t:|1776040474
|move|p1a: Clefable|Protect|p1a: Clefable
|-singleturn|p1a: Clefable|Protect
|move|p2a: Comfey|Leech Seed|p1a: Clefable
|-activate|p1a: Clefable|move: Protect
|
|-heal|p1a: Clefable|77/100|[from] move: Wish|[wisher] Clefable
|-heal|p1a: Clefable|83/100|[from] item: Leftovers
|-damage|p2a: Comfey|76/100 psn|[from] psn
|upkeep
|turn|56
|
|t:|1776040484
|move|p2a: Comfey|Leech Seed|p1a: Clefable
|-start|p1a: Clefable|move: Leech Seed
|move|p1a: Clefable|Wish|p1a: Clefable
|
|-heal|p1a: Clefable|90/100|[from] item: Leftovers
|-damage|p2a: Comfey|63/100 psn|[from] psn
|upkeep
|turn|57
|
|t:|1776040490
|move|p2a: Comfey|Giga Drain|p1a: Clefable
|-damage|p1a: Clefable|37/100
|-heal|p2a: Comfey|100/100 psn|[from] drain|[of] p1a: Clefable
|move|p1a: Clefable|Moonblast|p2a: Comfey
|-damage|p2a: Comfey|89/100 psn
|-unboost|p2a: Comfey|spa|1
|
|-heal|p1a: Clefable|87/100|[from] move: Wish|[wisher] Clefable
|-heal|p1a: Clefable|93/100|[from] item: Leftovers
|-damage|p2a: Comfey|77/100 psn|[from] psn
|upkeep
|turn|58
|
|t:|1776040502
|switch|p1a: Slowking|Slowking-Galar, M, shiny|63/100
|move|p2a: Comfey|Giga Drain|p1a: Slowking
|-resisted|p1a: Slowking
|-damage|p1a: Slowking|45/100
|-heal|p2a: Comfey|95/100 psn|[from] drain|[of] p1a: Slowking
|
|-damage|p2a: Comfey|83/100 psn|[from] psn
|upkeep
|turn|59
|
|t:|1776040509
|move|p2a: Comfey|Leech Seed|p1a: Slowking
|-start|p1a: Slowking|move: Leech Seed
|move|p1a: Slowking|Slack Off|p1a: Slowking
|-heal|p1a: Slowking|95/100
|
|-damage|p1a: Slowking|82/100|[from] Leech Seed|[of] p2a: Comfey
|-heal|p2a: Comfey|100/100 psn|[silent]
|-damage|p2a: Comfey|88/100 psn|[from] psn
|upkeep
|turn|60
|
|t:|1776040516
|switch|p1a: Clefable|Clefable, M|93/100
|move|p2a: Comfey|Calm Mind|p2a: Comfey
|-boost|p2a: Comfey|spa|1
|-boost|p2a: Comfey|spd|0
|
|-heal|p1a: Clefable|99/100|[from] item: Leftovers
|-damage|p2a: Comfey|76/100 psn|[from] psn
|upkeep
|turn|61
|
|t:|1776040526
|move|p2a: Comfey|Leech Seed|p1a: Clefable
|-start|p1a: Clefable|move: Leech Seed
|move|p1a: Clefable|Moonblast|p2a: Comfey
|-damage|p2a: Comfey|66/100 psn
|-unboost|p2a: Comfey|spa|1
|
|-heal|p1a: Clefable|100/100|[from] item: Leftovers
|-damage|p2a: Comfey|53/100 psn|[from] psn
|upkeep
|turn|62
|
|t:|1776040535
|switch|p1a: Slowking|Slowking-Galar, M, shiny|100/100
|move|p2a: Comfey|Draining Kiss|p1a: Slowking
|-resisted|p1a: Slowking
|-damage|p1a: Slowking|80/100
|-heal|p2a: Comfey|86/100 psn|[from] drain|[of] p1a: Slowking
|
|-damage|p2a: Comfey|73/100 psn|[from] psn
|upkeep
|turn|63
|
|t:|1776040549
|move|p2a: Comfey|Leech Seed|p1a: Slowking
|-start|p1a: Slowking|move: Leech Seed
|move|p1a: Slowking|Sludge Bomb|p2a: Comfey
|-supereffective|p2a: Comfey
|-crit|p2a: Comfey
|-damage|p2a: Comfey|0 fnt
|faint|p2a: Comfey
|
|win|lleburick
|raw|lleburick's rating: 1171 &rarr; <strong>1192</strong><br />(+21 for winning)
|raw|HercuLeon's rating: 1121 &rarr; <strong>1100</strong><br />(-21 for losing)
|l|☆lleburick
|player|p1|
|l|☆HercuLeon
|player|p2|
