|html|<div class="broadcast-blue"><strong>[Gen 9] OU is currently suspecting Tera Blast! For information on how to participate check out the <a href="https://www.smogon.com/tools/suspects/view/200">suspect thread</a>.</strong></div>
|j|☆ImInkkk
|j|☆AbSolitaire
|t:|1776079781
|gametype|singles
|player|p1|ImInkkk|hugh|1157
|player|p2|AbSolitaire|policeman-gen4|1161
|gen|9
|tier|[Gen 9] OU
|rated|
|rule|HP Percentage Mod: HP is shown in percentages
|rule|Endless Battle Clause: Forcing endless battles is banned
|rule|Species Clause: Limit one of each Pokémon
|rule|OHKO Clause: OHKO moves are banned
|rule|Evasion Items Clause: Evasion items are banned
|rule|Evasion Moves Clause: Evasion moves are banned
|rule|Evasion Abilities Clause: Evasion abilities are banned
|rule|Sleep Moves Clause: Sleep-inducing moves are banned
|clearpoke
|poke|p1|Iron Valiant|
|poke|p1|Corviknight, M|
|poke|p1|Great Tusk|
|poke|p1|Gholdengo|
|poke|p1|Zamazenta-*|
|poke|p1|Greninja-*, M|
|poke|p2|Kyurem|
|poke|p2|Cobalion|
|poke|p2|Leavanny, F|
|poke|p2|Primarina, F|
|poke|p2|Chandelure, M|
|poke|p2|Komala, F|
|teampreview
|inactive|Battle timer is ON: inactive players will automatically lose when time's up. (requested by AbSolitaire)
|
|t:|1776079785
|teamsize|p1|6
|teamsize|p2|6
|start
|switch|p1a: Greninja|Greninja, M|100/100
|switch|p2a: Leavanny|Leavanny, F|100/100
|turn|1
|
|t:|1776079789
|move|p1a: Greninja|Ice Beam|p2a: Leavanny
|-start|p1a: Greninja|typechange|Ice|[from] ability: Protean
|-supereffective|p2a: Leavanny
|-enditem|p2a: Leavanny|Focus Sash
|-damage|p2a: Leavanny|1/100
|move|p2a: Leavanny|Sticky Web|p1a: Greninja
|-sidestart|p1: ImInkkk|move: Sticky Web
|
|upkeep
|turn|2
|
|t:|1776079798
|move|p1a: Greninja|Ice Beam|p2a: Leavanny
|-supereffective|p2a: Leavanny
|-damage|p2a: Leavanny|0 fnt
|faint|p2a: Leavanny
|
|upkeep
|
|t:|1776079802
|switch|p2a: Primarina|Primarina, F|100/100
|turn|3
|
|t:|1776079806
|switch|p1a: Corviknight|Corviknight, M|100/100
|move|p2a: Primarina|Moonblast|p1a: Corviknight
|-resisted|p1a: Corviknight
|-damage|p1a: Corviknight|76/100
|
|-heal|p1a: Corviknight|82/100|[from] item: Leftovers
|upkeep
|turn|4
|
|t:|1776079818
|switch|p2a: Chandelure|Chandelure, M|100/100
|move|p1a: Corviknight|Defog|p2a: Chandelure
|-unboost|p2a: Chandelure|evasion|1
|-sideend|p1: ImInkkk|Sticky Web|[from] move: Defog|[of] p1a: Corviknight
|
|-heal|p1a: Corviknight|88/100|[from] item: Leftovers
|upkeep
|turn|5
|inactive|ImInkkk has 120 seconds left.
|
|t:|1776079862
|switch|p1a: Greninja|Greninja, M|100/100
|move|p2a: Chandelure|Fire Blast|p1a: Greninja|[miss]
|-miss|p2a: Chandelure|p1a: Greninja
|
|upkeep
|turn|6
|
|t:|1776079889
|switch|p2a: Primarina|Primarina, F|100/100
|move|p1a: Greninja|Dark Pulse|p2a: Primarina
|-start|p1a: Greninja|typechange|Dark|[from] ability: Protean
|-resisted|p2a: Primarina
|-damage|p2a: Primarina|91/100
|
|upkeep
|turn|7
|
|t:|1776079896
|switch|p1a: Gholdengo|Gholdengo|100/100
|move|p2a: Primarina|Surf|p1a: Gholdengo
|-crit|p1a: Gholdengo
|-damage|p1a: Gholdengo|11/100
|
|upkeep
|turn|8
|inactive|ImInkkk has 120 seconds left.
|
|t:|1776079904
|move|p1a: Gholdengo|Make It Rain|p2a: Primarina
|-damage|p2a: Primarina|37/100
|-unboost|p1a: Gholdengo|spa|1
|move|p2a: Primarina|Surf|p1a: Gholdengo
|-damage|p1a: Gholdengo|0 fnt
|faint|p1a: Gholdengo
|
|upkeep
|inactive|ImInkkk has 120 seconds left.
|
|t:|1776079910
|switch|p1a: Iron Valiant|Iron Valiant|100/100
|-enditem|p1a: Iron Valiant|Booster Energy
|-activate|p1a: Iron Valiant|ability: Quark Drive|[fromitem]
|-start|p1a: Iron Valiant|quarkdrivespe
|turn|9
|
|t:|1776079912
|move|p1a: Iron Valiant|Thunderbolt|p2a: Primarina
|-supereffective|p2a: Primarina
|-damage|p2a: Primarina|5/100
|move|p2a: Primarina|Moonblast|p1a: Iron Valiant
|-supereffective|p1a: Iron Valiant
|-damage|p1a: Iron Valiant|0 fnt
|faint|p1a: Iron Valiant
|-end|p1a: Iron Valiant|Quark Drive|[silent]
|
|upkeep
|
|t:|1776079921
|switch|p1a: Greninja|Greninja, M|100/100
|turn|10
|
|t:|1776079923
|move|p1a: Greninja|U-turn|p2a: Primarina
|-start|p1a: Greninja|typechange|Bug|[from] ability: Protean
|-resisted|p2a: Primarina
|-damage|p2a: Primarina|0 fnt
|faint|p2a: Primarina
|
|t:|1776079930
|switch|p1a: Zamazenta|Zamazenta|100/100|[from] U-turn
|-ability|p1a: Zamazenta|Dauntless Shield|boost
|-boost|p1a: Zamazenta|def|1
|
|upkeep
|
|t:|1776079933
|switch|p2a: Chandelure|Chandelure, M|100/100
|turn|11
|
|t:|1776079939
|move|p2a: Chandelure|Psychic|p1a: Zamazenta
|-supereffective|p1a: Zamazenta
|-damage|p1a: Zamazenta|49/100
|move|p1a: Zamazenta|Substitute|p1a: Zamazenta
|-start|p1a: Zamazenta|Substitute
|-damage|p1a: Zamazenta|25/100
|
|-heal|p1a: Zamazenta|31/100|[from] item: Leftovers
|upkeep
|turn|12
|
|t:|1776079943
|move|p2a: Chandelure|Psychic|p1a: Zamazenta
|-supereffective|p1a: Zamazenta
|-damage|p1a: Zamazenta|0 fnt
|faint|p1a: Zamazenta
|
|upkeep
|
|t:|1776079950
|switch|p1a: Greninja|Greninja, M|100/100
|turn|13
|
|t:|1776079956
|switch|p2a: Komala|Komala, F|100/100
|-ability|p2a: Komala|Comatose
|move|p1a: Greninja|Surf|p2a: Komala
|-start|p1a: Greninja|typechange|Water|[from] ability: Protean
|-damage|p2a: Komala|50/100
|
|upkeep
|turn|14
|
|t:|1776079960
|move|p1a: Greninja|Surf|p2a: Komala
|-damage|p2a: Komala|3/100
|move|p2a: Komala|Rapid Spin|p1a: Greninja
|-damage|p1a: Greninja|55/100
|-boost|p2a: Komala|spe|1
|
|upkeep
|turn|15
|
|t:|1776079965
|move|p1a: Greninja|Surf|p2a: Komala
|-crit|p2a: Komala
|-damage|p2a: Komala|0 fnt
|faint|p2a: Komala
|
|upkeep
|
|t:|1776079967
|switch|p2a: Cobalion|Cobalion, shiny|100/100
|turn|16
|
|t:|1776079971
|-terastallize|p1a: Greninja|Water
|move|p1a: Greninja|Surf|p2a: Cobalion
|-damage|p2a: Cobalion|39/100
|move|p2a: Cobalion|Thunder Wave|p1a: Greninja
|-status|p1a: Greninja|par
|
|-heal|p2a: Cobalion|45/100|[from] item: Leftovers
|upkeep
|turn|17
|
|t:|1776079976
|move|p1a: Greninja|Surf|p2a: Cobalion
|-damage|p2a: Cobalion|0 fnt
|faint|p2a: Cobalion
|
|upkeep
|
|t:|1776079983
|switch|p2a: Kyurem|Kyurem|100/100
|-ability|p2a: Kyurem|Pressure
|turn|18
|
|t:|1776079992
|move|p2a: Kyurem|Freeze-Dry|p1a: Greninja
|-supereffective|p1a: Greninja
|-damage|p1a: Greninja|0 fnt
|faint|p1a: Greninja
|
|upkeep
|
|t:|1776079996
|switch|p1a: Great Tusk|Great Tusk|100/100
|turn|19
|
|t:|1776079999
|move|p2a: Kyurem|Freeze-Dry|p1a: Great Tusk
|-supereffective|p1a: Great Tusk
|-damage|p1a: Great Tusk|0 fnt
|faint|p1a: Great Tusk
|-end|p1a: Great Tusk|Protosynthesis|[silent]
|
|upkeep
|
|t:|1776080002
|switch|p1a: Corviknight|Corviknight, M|88/100
|turn|20
|
|t:|1776080004
|move|p2a: Kyurem|Freeze-Dry|p1a: Corviknight
|-damage|p1a: Corviknight|33/100
|move|p1a: Corviknight|Body Press|p2a: Kyurem
|-supereffective|p2a: Kyurem
|-crit|p2a: Kyurem
|-damage|p2a: Kyurem|23/100
|
|-heal|p1a: Corviknight|39/100|[from] item: Leftovers
|upkeep
|turn|21
|
|t:|1776080009
|move|p2a: Kyurem|Freeze-Dry|p1a: Corviknight
|-crit|p1a: Corviknight
|-damage|p1a: Corviknight|0 fnt
|faint|p1a: Corviknight
|
|win|AbSolitaire
|raw|ImInkkk's rating: 1157 &rarr; <strong>1132</strong><br />(-25 for losing)
|raw|AbSolitaire's rating: 1161 &rarr; <strong>1186</strong><br />(+25 for winning)
|c|☆AbSolitaire|Gh
|c|☆AbSolitaire|Gg
|l|☆ImInkkk
|player|p1|
|l|☆AbSolitaire
|player|p2|
|j|☆ImInkkk
|player|p1|ImInkkk|hugh|
