|html|<div class="broadcast-blue"><strong>[Gen 9] OU is currently suspecting Tera Blast! For information on how to participate check out the <a href="https://www.smogon.com/tools/suspects/view/200">suspect thread</a>.</strong></div>
|j|☆blunts89
|j|‽flyatnight1234
|t:|1776075509
|gametype|singles
|player|p1|blunts89|ghetsis|1353
|player|p2|flyatnight1234|170|1368
|gen|9
|tier|[Gen 9] OU
|rated|
|rule|HP Percentage Mod: HP is shown in percentages
|rule|Endless Battle Clause: Forcing endless battles is banned
|rule|Species Clause: Limit one of each Pokémon
|rule|OHKO Clause: OHKO moves are banned
|rule|Evasion Items Clause: Evasion items are banned
|rule|Evasion Moves Clause: Evasion moves are banned
|rule|Evasion Abilities Clause: Evasion abilities are banned
|rule|Sleep Moves Clause: Sleep-inducing moves are banned
|clearpoke
|poke|p1|Iron Valiant|
|poke|p1|Kingambit, M|
|poke|p1|Corviknight, F|
|poke|p1|Greninja-*, M|
|poke|p1|Heatran, M|
|poke|p1|Raging Bolt|
|poke|p2|Garchomp, F|
|poke|p2|Cloyster, F|
|poke|p2|Ninetales-Alola, F|
|poke|p2|Magnezone|
|poke|p2|Kyurem|
|poke|p2|Mew|
|teampreview
|inactive|Battle timer is ON: inactive players will automatically lose when time's up. (requested by blunts89)
|
|t:|1776075528
|teamsize|p1|6
|teamsize|p2|6
|start
|switch|p1a: Heatran|Heatran, M|100/100
|switch|p2a: Magnezone|Magnezone|100/100
|-item|p1a: Heatran|Air Balloon
|turn|1
|
|t:|1776075544
|move|p1a: Heatran|Stealth Rock|p2a: Magnezone
|-sidestart|p2: flyatnight1234|move: Stealth Rock
|move|p2a: Magnezone|Volt Switch|p1a: Heatran
|-damage|p1a: Heatran|55/100
|-enditem|p1a: Heatran|Air Balloon
|inactive|flyatnight1234 has 120 seconds left.
|
|t:|1776075567
|switch|p2a: Garchomp|Garchomp, F|100/100|[from] Volt Switch
|-damage|p2a: Garchomp|94/100|[from] Stealth Rock
|
|upkeep
|turn|2
|inactive|flyatnight1234 has 120 seconds left.
|
|t:|1776075579
|move|p2a: Garchomp|Swords Dance|p2a: Garchomp
|-boost|p2a: Garchomp|atk|2
|move|p1a: Heatran|Magma Storm|p2a: Garchomp
|-resisted|p2a: Garchomp
|-damage|p2a: Garchomp|65/100
|-activate|p2a: Garchomp|move: Magma Storm|[of] p1a: Heatran
|
|-damage|p2a: Garchomp|53/100|[from] move: Magma Storm|[partiallytrapped]
|upkeep
|turn|3
|
|t:|1776075588
|move|p1a: Heatran|Protect|p1a: Heatran
|-singleturn|p1a: Heatran|Protect
|move|p2a: Garchomp|Scale Shot|p1a: Heatran
|-activate|p1a: Heatran|move: Protect
|
|-damage|p2a: Garchomp|41/100|[from] move: Magma Storm|[partiallytrapped]
|upkeep
|turn|4
|inactive|flyatnight1234 has 120 seconds left.
|
|t:|1776075604
|move|p2a: Garchomp|Fire Fang|p1a: Heatran
|-damage|p1a: Heatran|5/100
|move|p1a: Heatran|Earth Power|p2a: Garchomp
|-damage|p2a: Garchomp|6/100
|
|-damage|p2a: Garchomp|0 fnt|[from] move: Magma Storm|[partiallytrapped]
|faint|p2a: Garchomp
|upkeep
|inactive|flyatnight1234 has 120 seconds left.
|
|t:|1776075631
|switch|p2a: Ninetales|Ninetales-Alola, F|100/100
|-weather|Snowscape|[from] ability: Snow Warning|[of] p2a: Ninetales
|turn|5
|
|t:|1776075643
|move|p2a: Ninetales|Moonblast|p1a: Heatran
|-resisted|p1a: Heatran
|-damage|p1a: Heatran|0 fnt
|faint|p1a: Heatran
|
|-weather|Snowscape|[upkeep]
|upkeep
|
|t:|1776075650
|switch|p1a: Kingambit|Kingambit, M, shiny|100/100
|-activate|p1a: Kingambit|ability: Supreme Overlord
|-start|p1a: Kingambit|fallen1|[silent]
|turn|6
|
|t:|1776075656
|move|p2a: Ninetales|Aurora Veil|p2a: Ninetales
|-sidestart|p2: flyatnight1234|move: Aurora Veil
|move|p1a: Kingambit|Iron Head|p2a: Ninetales
|-supereffective|p2a: Ninetales
|-damage|p2a: Ninetales|18/100
|
|-weather|Snowscape|[upkeep]
|upkeep
|turn|7
|
|t:|1776075683
|move|p2a: Ninetales|Encore|p1a: Kingambit
|-start|p1a: Kingambit|Encore
|move|p1a: Kingambit|Iron Head|p2a: Ninetales
|-supereffective|p2a: Ninetales
|-damage|p2a: Ninetales|0 fnt
|faint|p2a: Ninetales
|
|-weather|Snowscape|[upkeep]
|upkeep
|
|t:|1776075690
|switch|p2a: Cloyster|Cloyster, F|100/100
|turn|8
|
|t:|1776075701
|move|p2a: Cloyster|Shell Smash|p2a: Cloyster
|-unboost|p2a: Cloyster|def|1
|-unboost|p2a: Cloyster|spd|1
|-boost|p2a: Cloyster|atk|2
|-boost|p2a: Cloyster|spa|2
|-boost|p2a: Cloyster|spe|2
|move|p1a: Kingambit|Iron Head|p2a: Cloyster
|-damage|p2a: Cloyster|82/100
|
|-weather|Snowscape|[upkeep]
|upkeep
|turn|9
|
|t:|1776075712
|-end|p1a: Kingambit|fallen1|[silent]
|switch|p1a: Corviknight|Corviknight, F|100/100
|-ability|p1a: Corviknight|Pressure
|move|p2a: Cloyster|Shell Smash|p2a: Cloyster
|-unboost|p2a: Cloyster|def|1
|-unboost|p2a: Cloyster|spd|1
|-boost|p2a: Cloyster|atk|2
|-boost|p2a: Cloyster|spa|2
|-boost|p2a: Cloyster|spe|2
|
|-weather|none
|upkeep
|turn|10
|
|t:|1776075725
|-terastallize|p2a: Cloyster|Ice
|move|p2a: Cloyster|Icicle Spear|p1a: Corviknight
|-damage|p1a: Corviknight|73/100
|-damage|p1a: Corviknight|46/100
|-damage|p1a: Corviknight|18/100
|-damage|p1a: Corviknight|0 fnt
|faint|p1a: Corviknight
|-hitcount|p1: Corviknight|4
|
|-sideend|p2: flyatnight1234|move: Aurora Veil
|upkeep
|
|t:|1776075736
|switch|p1a: Raging Bolt|Raging Bolt|100/100
|turn|11
|
|t:|1776075739
|-terastallize|p1a: Raging Bolt|Fairy
|move|p2a: Cloyster|Ice Shard|p1a: Raging Bolt
|-damage|p1a: Raging Bolt|51/100
|move|p1a: Raging Bolt|Thunderclap||[still]
|-fail|p1a: Raging Bolt
|
|upkeep
|turn|12
|
|t:|1776075748
|move|p2a: Cloyster|Ice Shard|p1a: Raging Bolt
|-damage|p1a: Raging Bolt|0 fnt
|faint|p1a: Raging Bolt
|-end|p1a: Raging Bolt|Protosynthesis|[silent]
|
|upkeep
|
|t:|1776075752
|switch|p1a: Iron Valiant|Iron Valiant|100/100
|turn|13
|
|t:|1776075755
|move|p2a: Cloyster|Icicle Spear|p1a: Iron Valiant
|-damage|p1a: Iron Valiant|38/100
|-damage|p1a: Iron Valiant|0 fnt
|faint|p1a: Iron Valiant
|-end|p1a: Iron Valiant|Quark Drive|[silent]
|-hitcount|p1: Iron Valiant|2
|
|upkeep
|
|t:|1776075774
|switch|p1a: Greninja|Greninja, M|100/100
|turn|14
|
|t:|1776075778
|move|p1a: Greninja|Water Shuriken|p2a: Cloyster
|-damage|p2a: Cloyster|51/100
|-damage|p2a: Cloyster|20/100
|-damage|p2a: Cloyster|0 fnt
|faint|p2a: Cloyster
|-ability|p1a: Greninja|Battle Bond|boost
|-boost|p1a: Greninja|atk|1
|-boost|p1a: Greninja|spa|1
|-boost|p1a: Greninja|spe|1
|-activate|p1a: Greninja|ability: Battle Bond
|-hitcount|p2: Cloyster|3
|
|upkeep
|inactive|flyatnight1234 has 120 seconds left.
|inactive|flyatnight1234 has 90 seconds left.
|inactive|flyatnight1234 has 60 seconds left.
|inactive|flyatnight1234 has 30 seconds left.
|inactive|flyatnight1234 has 20 seconds left.
|inactive|flyatnight1234 has 15 seconds left.
|
|t:|1776075918
|switch|p2a: Magnezone|Magnezone|100/100
|-damage|p2a: Magnezone|94/100|[from] Stealth Rock
|turn|15
|inactive|flyatnight1234 has 30 seconds left this turn.
|inactive|flyatnight1234 has 20 seconds left.
|inactive|flyatnight1234 has 15 seconds left.
|
|t:|1776075937
|move|p1a: Greninja|Water Shuriken|p2a: Magnezone
|-damage|p2a: Magnezone|85/100
|-damage|p2a: Magnezone|74/100
|-damage|p2a: Magnezone|64/100
|-damage|p2a: Magnezone|53/100
|-damage|p2a: Magnezone|43/100
|-hitcount|p2a: Magnezone|5
|move|p2a: Magnezone|Volt Switch|p1a: Greninja
|-supereffective|p1a: Greninja
|-damage|p1a: Greninja|0 fnt
|faint|p1a: Greninja
|inactive|flyatnight1234 has 20 seconds left this turn.
|inactive|flyatnight1234 has 15 seconds left.
|inactive|flyatnight1234 has 10 seconds left.
|
|t:|1776075952
|switch|p2a: Kyurem|Kyurem|100/100|[from] Volt Switch
|-ability|p2a: Kyurem|Pressure
|
|upkeep
|
|t:|1776075963
|switch|p1a: Kingambit|Kingambit, M, shiny|100/100
|-activate|p1a: Kingambit|ability: Supreme Overlord
|-start|p1a: Kingambit|fallen5|[silent]
|turn|16
|inactive|flyatnight1234 has 25 seconds left this turn.
|inactive|flyatnight1234 has 20 seconds left.
|
|t:|1776075969
|move|p2a: Kyurem|Earth Power|p1a: Kingambit
|-supereffective|p1a: Kingambit
|-damage|p1a: Kingambit|38/100
|move|p1a: Kingambit|Swords Dance|p1a: Kingambit
|-boost|p1a: Kingambit|atk|2
|
|-heal|p1a: Kingambit|44/100|[from] item: Leftovers
|upkeep
|turn|17
|inactive|flyatnight1234 has 30 seconds left this turn.
|inactive|flyatnight1234 has 20 seconds left.
|
|t:|1776075981
|switch|p2a: Magnezone|Magnezone|43/100
|-damage|p2a: Magnezone|37/100|[from] Stealth Rock
|move|p1a: Kingambit|Sucker Punch||[still]
|-fail|p1a: Kingambit
|
|-heal|p1a: Kingambit|50/100|[from] item: Leftovers
|upkeep
|turn|18
|inactive|flyatnight1234 has 30 seconds left this turn.
|
|t:|1776075991
|move|p1a: Kingambit|Sucker Punch||[still]
|-fail|p1a: Kingambit
|move|p2a: Magnezone|Thunder Wave|p1a: Kingambit
|-status|p1a: Kingambit|par
|
|-heal|p1a: Kingambit|56/100 par|[from] item: Leftovers
|upkeep
|turn|19
|inactive|flyatnight1234 has 30 seconds left.
|
|t:|1776076006
|switch|p2a: Mew|Mew|100/100
|-damage|p2a: Mew|88/100|[from] Stealth Rock
|move|p1a: Kingambit|Kowtow Cleave|p2a: Mew
|-supereffective|p2a: Mew
|-damage|p2a: Mew|0 fnt
|faint|p2a: Mew
|
|-heal|p1a: Kingambit|62/100 par|[from] item: Leftovers
|upkeep
|inactive|flyatnight1234 has 30 seconds left this turn.
|inactive|flyatnight1234 has 20 seconds left.
|inactive|flyatnight1234 has 15 seconds left.
|
|t:|1776076024
|switch|p2a: Kyurem|Kyurem|100/100
|-ability|p2a: Kyurem|Pressure
|turn|20
|inactive|flyatnight1234 has 25 seconds left this turn.
|
|t:|1776076029
|move|p1a: Kingambit|Sucker Punch|p2a: Kyurem
|-damage|p2a: Kyurem|4/100
|move|p2a: Kyurem|Earth Power|p1a: Kingambit
|-supereffective|p1a: Kingambit
|-damage|p1a: Kingambit|0 fnt
|faint|p1a: Kingambit
|-end|p1a: Kingambit|fallen5|[silent]
|
|win|flyatnight1234
|raw|blunts89's rating: 1353 &rarr; <strong>1334</strong><br />(-19 for losing)
|raw|flyatnight1234's rating: 1368 &rarr; <strong>1387</strong><br />(+19 for winning)
|l|☆blunts89
|player|p1|
|l|‽flyatnight1234
|player|p2|
