|html|<div class="broadcast-blue"><strong>[Gen 9] OU is currently suspecting Tera Blast! For information on how to participate check out the <a href="https://www.smogon.com/tools/suspects/view/200">suspect thread</a>.</strong></div>
|j|☆Blastoise_Choice
|j|☆nytorget
|t:|1776071700
|gametype|singles
|player|p1|Blastoise_Choice|benga|1573
|player|p2|nytorget|gentleman-gen1rb|1610
|gen|9
|tier|[Gen 9] OU
|rated|
|rule|HP Percentage Mod: HP is shown in percentages
|rule|Endless Battle Clause: Forcing endless battles is banned
|rule|Species Clause: Limit one of each Pokémon
|rule|OHKO Clause: OHKO moves are banned
|rule|Evasion Items Clause: Evasion items are banned
|rule|Evasion Moves Clause: Evasion moves are banned
|rule|Evasion Abilities Clause: Evasion abilities are banned
|rule|Sleep Moves Clause: Sleep-inducing moves are banned
|clearpoke
|poke|p1|Hydrapple, M|
|poke|p1|Tyranitar, F|
|poke|p1|Moltres|
|poke|p1|Zamazenta-*|
|poke|p1|Slowking-Galar, F|
|poke|p1|Excadrill, F|
|poke|p2|Slither Wing|
|poke|p2|Ninetales, F|
|poke|p2|Walking Wake|
|poke|p2|Iron Moth|
|poke|p2|Hatterene, F|
|poke|p2|Blaziken, F|
|teampreview
|
|t:|1776071709
|teamsize|p1|6
|teamsize|p2|6
|start
|switch|p1a: Slowking|Slowking-Galar, F|100/100
|switch|p2a: Aruarian|Ninetales, F, shiny|100/100
|-weather|SunnyDay|[from] ability: Drought|[of] p2a: Aruarian
|turn|1
|c|☆Blastoise_Choice|hf
|inactive|Battle timer is ON: inactive players will automatically lose when time's up. (requested by Blastoise_Choice)
|
|t:|1776071715
|move|p2a: Aruarian|Will-O-Wisp|p1a: Slowking
|-status|p1a: Slowking|brn
|move|p1a: Slowking|Psyshock|p2a: Aruarian
|-damage|p2a: Aruarian|62/100
|
|-weather|SunnyDay|[upkeep]
|-damage|p1a: Slowking|94/100 brn|[from] brn
|upkeep
|turn|2
|
|t:|1776071722
|switch|p2a: Beru|Slither Wing, shiny|100/100
|-activate|p2a: Beru|ability: Protosynthesis
|-start|p2a: Beru|protosynthesisatk
|move|p1a: Slowking|Sludge Bomb|p2a: Beru
|-damage|p2a: Beru|67/100
|
|-weather|SunnyDay|[upkeep]
|-damage|p1a: Slowking|88/100 brn|[from] brn
|upkeep
|turn|3
|
|t:|1776071729
|switch|p1a: Moltres|Moltres|100/100
|move|p2a: Beru|Earthquake|p1a: Moltres
|-immune|p1a: Moltres
|
|-weather|SunnyDay|[upkeep]
|upkeep
|turn|4
|
|t:|1776071736
|-end|p2a: Beru|Protosynthesis|[silent]
|switch|p2a: Covet&Lust|Hatterene, F, shiny|100/100
|move|p1a: Moltres|U-turn|p2a: Covet&Lust
|-damage|p2a: Covet&Lust|88/100
|-enditem|p2a: Covet&Lust|Eject Button
|
|t:|1776071740
|switch|p2a: Renewal|Walking Wake|100/100
|-activate|p2a: Renewal|ability: Protosynthesis
|-start|p2a: Renewal|protosynthesisspe
|
|-weather|SunnyDay|[upkeep]
|upkeep
|turn|5
|
|t:|1776071747
|switch|p1a: Slowking|Slowking-Galar, F|100/100 brn
|move|p2a: Renewal|Hydro Steam|p1a: Slowking
|-damage|p1a: Slowking|55/100 brn
|
|-weather|SunnyDay|[upkeep]
|-damage|p1a: Slowking|49/100 brn|[from] brn
|upkeep
|turn|6
|
|t:|1776071753
|switch|p1a: Hydrapple|Hydrapple, M|100/100
|-terastallize|p2a: Renewal|Water
|move|p2a: Renewal|Hydro Steam|p1a: Hydrapple
|-resisted|p1a: Hydrapple
|-damage|p1a: Hydrapple|69/100
|
|-weather|SunnyDay|[upkeep]
|upkeep
|turn|7
|
|t:|1776071760
|-end|p2a: Renewal|Protosynthesis|[silent]
|switch|p2a: Covet&Lust|Hatterene, F, shiny|88/100
|move|p1a: Hydrapple|Fickle Beam|p2a: Covet&Lust
|-immune|p2a: Covet&Lust
|
|-weather|SunnyDay|[upkeep]
|upkeep
|turn|8
|
|t:|1776071766
|switch|p1a: Slowking|Slowking-Galar, F|83/100 brn
|move|p2a: Covet&Lust|Nuzzle|p1a: Slowking
|-damage|p1a: Slowking|80/100 brn
|
|-weather|none
|-damage|p1a: Slowking|74/100 brn|[from] brn
|upkeep
|turn|9
|
|t:|1776071774
|move|p1a: Slowking|Sludge Bomb|p2a: Covet&Lust
|-supereffective|p2a: Covet&Lust
|-damage|p2a: Covet&Lust|15/100
|move|p2a: Covet&Lust|Psychic Noise|p1a: Slowking
|-crit|p1a: Slowking
|-damage|p1a: Slowking|48/100 brn
|-start|p1a: Slowking|move: Heal Block
|
|-damage|p1a: Slowking|42/100 brn|[from] brn
|upkeep
|turn|10
|
|t:|1776071785
|move|p1a: Slowking|Sludge Bomb|p2a: Covet&Lust
|-supereffective|p2a: Covet&Lust
|-damage|p2a: Covet&Lust|0 fnt
|faint|p2a: Covet&Lust
|
|-damage|p1a: Slowking|36/100 brn|[from] brn
|-end|p1a: Slowking|move: Heal Block
|upkeep
|
|t:|1776071792
|switch|p2a: Beru|Slither Wing, shiny|67/100
|turn|11
|
|t:|1776071798
|switch|p1a: Zamazenta|Zamazenta|100/100
|-ability|p1a: Zamazenta|Dauntless Shield|boost
|-boost|p1a: Zamazenta|def|1
|move|p2a: Beru|U-turn|p1a: Zamazenta
|-resisted|p1a: Zamazenta
|-damage|p1a: Zamazenta|84/100
|
|t:|1776071802
|-end|p2a: Beru|Protosynthesis|[silent]
|switch|p2a: Aruarian|Ninetales, F, shiny|62/100|[from] U-turn
|-weather|SunnyDay|[from] ability: Drought|[of] p2a: Aruarian
|
|-weather|SunnyDay|[upkeep]
|-heal|p1a: Zamazenta|90/100|[from] item: Leftovers
|upkeep
|turn|12
|
|t:|1776071808
|switch|p2a: The better one?|Iron Moth|100/100
|-enditem|p2a: The better one?|Booster Energy
|-activate|p2a: The better one?|ability: Quark Drive|[fromitem]
|-start|p2a: The better one?|quarkdrivespe
|move|p1a: Zamazenta|Body Press|p2a: The better one?
|-resisted|p2a: The better one?
|-damage|p2a: The better one?|62/100
|
|-weather|SunnyDay|[upkeep]
|-heal|p1a: Zamazenta|96/100|[from] item: Leftovers
|upkeep
|turn|13
|
|t:|1776071815
|switch|p1a: Tyranitar|Tyranitar, F|100/100
|-weather|Sandstorm|[from] ability: Sand Stream|[of] p1a: Tyranitar
|move|p2a: The better one?|Fiery Dance|p1a: Tyranitar
|-resisted|p1a: Tyranitar
|-damage|p1a: Tyranitar|92/100
|-boost|p2a: The better one?|spa|1
|
|-weather|Sandstorm|[upkeep]
|-damage|p2a: The better one?|56/100|[from] Sandstorm
|upkeep
|turn|14
|
|t:|1776071821
|move|p2a: The better one?|Dazzling Gleam|p1a: Tyranitar
|-supereffective|p1a: Tyranitar
|-damage|p1a: Tyranitar|59/100
|move|p1a: Tyranitar|Stealth Rock|p2a: The better one?
|-sidestart|p2: nytorget|move: Stealth Rock
|
|-weather|Sandstorm|[upkeep]
|-damage|p2a: The better one?|50/100|[from] Sandstorm
|upkeep
|turn|15
|
|t:|1776071828
|move|p2a: The better one?|Dazzling Gleam|p1a: Tyranitar
|-supereffective|p1a: Tyranitar
|-damage|p1a: Tyranitar|23/100
|move|p1a: Tyranitar|Knock Off|p2a: The better one?
|-damage|p2a: The better one?|7/100
|
|-weather|Sandstorm|[upkeep]
|-damage|p2a: The better one?|1/100|[from] Sandstorm
|upkeep
|turn|16
|
|t:|1776071836
|move|p2a: The better one?|Sludge Wave|p1a: Tyranitar
|-resisted|p1a: Tyranitar
|-damage|p1a: Tyranitar|7/100
|move|p1a: Tyranitar|Knock Off|p2a: The better one?
|-damage|p2a: The better one?|0 fnt
|faint|p2a: The better one?
|-end|p2a: The better one?|Quark Drive|[silent]
|
|-weather|Sandstorm|[upkeep]
|upkeep
|
|t:|1776071844
|switch|p2a: Renewal|Walking Wake, tera:Water|100/100
|-damage|p2a: Renewal|88/100|[from] Stealth Rock
|turn|17
|
|t:|1776071850
|move|p2a: Renewal|Flip Turn|p1a: Tyranitar
|-supereffective|p1a: Tyranitar
|-damage|p1a: Tyranitar|0 fnt
|faint|p1a: Tyranitar
|
|t:|1776071852
|-end|p2a: Renewal|Protosynthesis|[silent]
|switch|p2a: Aruarian|Ninetales, F, shiny|62/100|[from] Flip Turn
|-damage|p2a: Aruarian|37/100|[from] Stealth Rock
|-weather|SunnyDay|[from] ability: Drought|[of] p2a: Aruarian
|
|-weather|SunnyDay|[upkeep]
|upkeep
|
|t:|1776071859
|switch|p1a: Hydrapple|Hydrapple, M|100/100
|turn|18
|
|t:|1776071865
|switch|p2a: Beru|Slither Wing, shiny|67/100
|-damage|p2a: Beru|54/100|[from] Stealth Rock
|-activate|p2a: Beru|ability: Protosynthesis
|-start|p2a: Beru|protosynthesisatk
|move|p1a: Hydrapple|Fickle Beam|p2a: Beru|[anim] Fickle Beam All Out
|-activate|p1a: Hydrapple|move: Fickle Beam
|-damage|p2a: Beru|0 fnt
|faint|p2a: Beru
|-end|p2a: Beru|Protosynthesis|[silent]
|
|-weather|SunnyDay|[upkeep]
|upkeep
|
|t:|1776071870
|switch|p2a: Renewal|Walking Wake, tera:Water|88/100
|-damage|p2a: Renewal|76/100|[from] Stealth Rock
|-activate|p2a: Renewal|ability: Protosynthesis
|-start|p2a: Renewal|protosynthesisspe
|turn|19
|
|t:|1776071876
|switch|p1a: Slowking|Slowking-Galar, F|69/100 brn
|move|p2a: Renewal|Draco Meteor|p1a: Slowking
|-damage|p1a: Slowking|19/100 brn
|-unboost|p2a: Renewal|spa|2
|
|-weather|SunnyDay|[upkeep]
|-damage|p1a: Slowking|13/100 brn|[from] brn
|upkeep
|turn|20
|
|t:|1776071879
|-end|p2a: Renewal|Protosynthesis|[silent]
|switch|p2a: Sizzlin' Hot Wings|Blaziken, F, shiny|100/100
|-damage|p2a: Sizzlin' Hot Wings|88/100|[from] Stealth Rock
|switch|p1a: Zamazenta|Zamazenta|96/100
|
|-weather|SunnyDay|[upkeep]
|-heal|p1a: Zamazenta|100/100|[from] item: Leftovers
|upkeep
|turn|21
|
|t:|1776071886
|move|p2a: Sizzlin' Hot Wings|Protect|p2a: Sizzlin' Hot Wings
|-singleturn|p2a: Sizzlin' Hot Wings|Protect
|move|p1a: Zamazenta|Body Press|p2a: Sizzlin' Hot Wings
|-activate|p2a: Sizzlin' Hot Wings|move: Protect
|
|-weather|SunnyDay|[upkeep]
|-ability|p2a: Sizzlin' Hot Wings|Speed Boost|boost
|-boost|p2a: Sizzlin' Hot Wings|spe|1
|upkeep
|turn|22
|
|t:|1776071892
|move|p1a: Zamazenta|Iron Defense|p1a: Zamazenta
|-boost|p1a: Zamazenta|def|2
|move|p2a: Sizzlin' Hot Wings|Flare Blitz|p1a: Zamazenta
|-damage|p1a: Zamazenta|56/100
|-damage|p2a: Sizzlin' Hot Wings|72/100|[from] Recoil
|-damage|p2a: Sizzlin' Hot Wings|62/100|[from] item: Life Orb
|
|-weather|SunnyDay|[upkeep]
|-heal|p1a: Zamazenta|62/100|[from] item: Leftovers
|-ability|p2a: Sizzlin' Hot Wings|Speed Boost|boost
|-boost|p2a: Sizzlin' Hot Wings|spe|1
|upkeep
|turn|23
|
|t:|1776071900
|move|p2a: Sizzlin' Hot Wings|Flare Blitz|p1a: Zamazenta
|-damage|p1a: Zamazenta|11/100
|-damage|p2a: Sizzlin' Hot Wings|44/100|[from] Recoil
|-damage|p2a: Sizzlin' Hot Wings|34/100|[from] item: Life Orb
|move|p1a: Zamazenta|Body Press|p2a: Sizzlin' Hot Wings
|-damage|p2a: Sizzlin' Hot Wings|0 fnt
|faint|p2a: Sizzlin' Hot Wings
|
|-weather|SunnyDay|[upkeep]
|-heal|p1a: Zamazenta|17/100|[from] item: Leftovers
|upkeep
|
|t:|1776071902
|switch|p2a: Renewal|Walking Wake, tera:Water|76/100
|-damage|p2a: Renewal|64/100|[from] Stealth Rock
|-activate|p2a: Renewal|ability: Protosynthesis
|-start|p2a: Renewal|protosynthesisspe
|turn|24
|
|t:|1776071906
|move|p2a: Renewal|Hydro Steam|p1a: Zamazenta
|-damage|p1a: Zamazenta|0 fnt
|faint|p1a: Zamazenta
|
|-weather|none
|-end|p2a: Renewal|Protosynthesis
|upkeep
|
|t:|1776071909
|switch|p1a: Hydrapple|Hydrapple, M|100/100
|turn|25
|
|t:|1776071913
|-end|p2a: Renewal|Protosynthesis|[silent]
|switch|p2a: Aruarian|Ninetales, F, shiny|37/100
|-damage|p2a: Aruarian|12/100|[from] Stealth Rock
|-weather|SunnyDay|[from] ability: Drought|[of] p2a: Aruarian
|move|p1a: Hydrapple|Giga Drain|p2a: Aruarian
|-resisted|p2a: Aruarian
|-damage|p2a: Aruarian|0 fnt
|faint|p2a: Aruarian
|
|-weather|SunnyDay|[upkeep]
|upkeep
|
|t:|1776071914
|switch|p2a: Renewal|Walking Wake, tera:Water|64/100
|-damage|p2a: Renewal|51/100|[from] Stealth Rock
|-activate|p2a: Renewal|ability: Protosynthesis
|-start|p2a: Renewal|protosynthesisspe
|turn|26
|
|t:|1776071917
|move|p2a: Renewal|Hydro Steam|p1a: Hydrapple
|-resisted|p1a: Hydrapple
|-damage|p1a: Hydrapple|72/100
|move|p1a: Hydrapple|Giga Drain|p2a: Renewal
|-supereffective|p2a: Renewal
|-damage|p2a: Renewal|0 fnt
|-heal|p1a: Hydrapple|93/100|[from] drain|[of] p2a: Renewal
|faint|p2a: Renewal
|-end|p2a: Renewal|Protosynthesis|[silent]
|
|win|Blastoise_Choice
|raw|Blastoise_Choice's rating: 1573 &rarr; <strong>1595</strong><br />(+22 for winning)
|raw|nytorget's rating: 1610 &rarr; <strong>1588</strong><br />(-22 for losing)
|c|☆Blastoise_Choice|gg
|l|☆nytorget
|player|p2|
