|html|<div class="broadcast-blue"><strong>[Gen 9] OU is currently suspecting Tera Blast! For information on how to participate check out the <a href="https://www.smogon.com/tools/suspects/view/200">suspect thread</a>.</strong></div>
|j|☆YorgscastMeister
|j|☆jamussy1
|t:|1776206359
|gametype|singles
|player|p1|YorgscastMeister|medium|1000
|player|p2|jamussy1|cameraman|1033
|gen|9
|tier|[Gen 9] OU
|rated|
|rule|HP Percentage Mod: HP is shown in percentages
|rule|Endless Battle Clause: Forcing endless battles is banned
|rule|Species Clause: Limit one of each Pokémon
|rule|OHKO Clause: OHKO moves are banned
|rule|Evasion Items Clause: Evasion items are banned
|rule|Evasion Moves Clause: Evasion moves are banned
|rule|Evasion Abilities Clause: Evasion abilities are banned
|rule|Sleep Moves Clause: Sleep-inducing moves are banned
|clearpoke
|poke|p1|Torkoal, F|
|poke|p1|Clodsire, M|
|poke|p1|Slither Wing|
|poke|p1|Bellibolt, M|
|poke|p1|Noivern, M|
|poke|p1|Okidogi, M|
|poke|p2|Dragapult, M|
|poke|p2|Iron Valiant|
|poke|p2|Jolteon, F|
|poke|p2|Weavile, M|
|poke|p2|Cinderace, M|
|poke|p2|Gliscor, F|
|teampreview
|c|☆YorgscastMeister|glhf
|j| akesssler7
|
|t:|1776206372
|teamsize|p1|6
|teamsize|p2|6
|start
|switch|p1a: Torkoal|Torkoal, F|100/100
|switch|p2a: Gliscor|Gliscor, F|100/100
|-weather|SunnyDay|[from] ability: Drought|[of] p1a: Torkoal
|turn|1
|
|t:|1776206394
|move|p2a: Gliscor|Stealth Rock|p1a: Torkoal
|-sidestart|p1: YorgscastMeister|move: Stealth Rock
|move|p1a: Torkoal|Will-O-Wisp|p2a: Gliscor
|-status|p2a: Gliscor|brn
|
|-weather|SunnyDay|[upkeep]
|-damage|p2a: Gliscor|94/100 brn|[from] brn
|upkeep
|turn|2
|
|t:|1776206404
|move|p2a: Gliscor|Earthquake|p1a: Torkoal
|-supereffective|p1a: Torkoal
|-damage|p1a: Torkoal|68/100
|move|p1a: Torkoal|Rapid Spin|p2a: Gliscor
|-damage|p2a: Gliscor|87/100 brn
|-boost|p1a: Torkoal|spe|1
|-sideend|p1: YorgscastMeister|Stealth Rock|[from] move: Rapid Spin|[of] p1a: Torkoal
|
|-weather|SunnyDay|[upkeep]
|-damage|p2a: Gliscor|81/100 brn|[from] brn
|upkeep
|turn|3
|
|t:|1776206424
|switch|p1a: Bellibolt|Bellibolt, M|100/100
|move|p2a: Gliscor|Poison Jab|p1a: Bellibolt
|-damage|p1a: Bellibolt|90/100
|-start|p1a: Bellibolt|Charge|Poison Jab|[from] ability: Electromorphosis
|
|-weather|SunnyDay|[upkeep]
|-damage|p2a: Gliscor|75/100 brn|[from] brn
|upkeep
|turn|4
|
|t:|1776206436
|move|p2a: Gliscor|Stealth Rock|p1a: Bellibolt
|-sidestart|p1: YorgscastMeister|move: Stealth Rock
|move|p1a: Bellibolt|Muddy Water|p2a: Gliscor
|-supereffective|p2a: Gliscor
|-crit|p2a: Gliscor
|-damage|p2a: Gliscor|14/100 brn
|-unboost|p2a: Gliscor|accuracy|1
|
|-weather|SunnyDay|[upkeep]
|-damage|p2a: Gliscor|7/100 brn|[from] brn
|upkeep
|turn|5
|
|t:|1776206445
|move|p2a: Gliscor|Earthquake|p1a: Bellibolt|[miss]
|-miss|p2a: Gliscor|p1a: Bellibolt
|move|p1a: Bellibolt|Muddy Water|p2a: Gliscor
|-supereffective|p2a: Gliscor
|-damage|p2a: Gliscor|0 fnt
|faint|p2a: Gliscor
|
|-weather|SunnyDay|[upkeep]
|upkeep
|
|t:|1776206460
|switch|p2a: Iron Valiant|Iron Valiant, shiny|100/100
|-enditem|p2a: Iron Valiant|Booster Energy
|-activate|p2a: Iron Valiant|ability: Quark Drive|[fromitem]
|-start|p2a: Iron Valiant|quarkdrivespe
|turn|6
|
|t:|1776206477
|move|p2a: Iron Valiant|Moonblast|p1a: Bellibolt
|-damage|p1a: Bellibolt|58/100
|-start|p1a: Bellibolt|Charge|Moonblast|[from] ability: Electromorphosis
|move|p1a: Bellibolt|Parabolic Charge|p2a: Iron Valiant
|-damage|p2a: Iron Valiant|0 fnt
|-heal|p1a: Bellibolt|93/100|[from] drain|[of] p2a: Iron Valiant
|faint|p2a: Iron Valiant
|-end|p2a: Iron Valiant|Quark Drive|[silent]
|-end|p1a: Bellibolt|Charge|[silent]
|
|-weather|SunnyDay|[upkeep]
|upkeep
|
|t:|1776206489
|switch|p2a: Weavile|Weavile, M|100/100
|-ability|p2a: Weavile|Pressure
|turn|7
|
|t:|1776206498
|move|p2a: Weavile|Knock Off|p1a: Bellibolt
|-damage|p1a: Bellibolt|51/100
|-start|p1a: Bellibolt|Charge|Knock Off|[from] ability: Electromorphosis
|-enditem|p1a: Bellibolt|Assault Vest|[from] move: Knock Off|[of] p2a: Weavile
|move|p1a: Bellibolt|Parabolic Charge|p2a: Weavile
|-damage|p2a: Weavile|15/100
|-heal|p1a: Bellibolt|80/100|[from] drain|[of] p2a: Weavile
|-end|p1a: Bellibolt|Charge|[silent]
|
|-weather|SunnyDay|[upkeep]
|upkeep
|turn|8
|
|t:|1776206514
|switch|p1a: Clodsire|Clodsire, M|100/100
|-damage|p1a: Clodsire|94/100|[from] Stealth Rock
|move|p2a: Weavile|Ice Shard|p1a: Clodsire
|-supereffective|p1a: Clodsire
|-damage|p1a: Clodsire|63/100
|
|-weather|none
|upkeep
|turn|9
|
|t:|1776206526
|move|p2a: Weavile|Ice Spinner|p1a: Clodsire
|-supereffective|p1a: Clodsire
|-damage|p1a: Clodsire|5/100
|-damage|p2a: Weavile|0 fnt|[from] item: Rocky Helmet|[of] p1a: Clodsire
|faint|p2a: Weavile
|move|p1a: Clodsire|Recover|p1a: Clodsire
|-heal|p1a: Clodsire|55/100
|
|upkeep
|
|t:|1776206535
|switch|p2a: Dragapult|Dragapult, M|100/100
|turn|10
|
|t:|1776206548
|move|p1a: Clodsire|Protect|p1a: Clodsire
|-singleturn|p1a: Clodsire|Protect
|move|p2a: Dragapult|Shadow Ball|p1a: Clodsire
|-activate|p1a: Clodsire|move: Protect
|
|upkeep
|turn|11
|
|t:|1776206561
|move|p2a: Dragapult|Shadow Ball|p1a: Clodsire
|-damage|p1a: Clodsire|20/100
|move|p1a: Clodsire|Toxic|p2a: Dragapult
|-status|p2a: Dragapult|tox
|
|-damage|p2a: Dragapult|95/100 tox|[from] psn
|upkeep
|turn|12
|l| akesssler7
|
|t:|1776206575
|move|p2a: Dragapult|Shadow Ball|p1a: Clodsire
|-damage|p1a: Clodsire|0 fnt
|faint|p1a: Clodsire
|
|-damage|p2a: Dragapult|83/100 tox|[from] psn
|upkeep
|
|t:|1776206590
|switch|p1a: Noivern|Noivern, M|100/100
|-item|p2a: Dragapult|Choice Specs|[from] ability: Frisk|[of] p1a: Noivern
|turn|13
|
|t:|1776206595
|move|p2a: Dragapult|Shadow Ball|p1a: Noivern
|-damage|p1a: Noivern|42/100
|move|p1a: Noivern|Draco Meteor|p2a: Dragapult
|-supereffective|p2a: Dragapult
|-damage|p2a: Dragapult|0 fnt
|-unboost|p1a: Noivern|spa|2
|faint|p2a: Dragapult
|
|upkeep
|
|t:|1776206603
|switch|p2a: Jolteon|Jolteon, F|100/100
|turn|14
|
|t:|1776206609
|switch|p1a: Torkoal|Torkoal, F|68/100
|-damage|p1a: Torkoal|43/100|[from] Stealth Rock
|-weather|SunnyDay|[from] ability: Drought|[of] p1a: Torkoal
|move|p2a: Jolteon|Thunderbolt|p1a: Torkoal
|-damage|p1a: Torkoal|7/100
|
|-weather|SunnyDay|[upkeep]
|upkeep
|turn|15
|
|t:|1776206620
|move|p2a: Jolteon|Thunderbolt|p1a: Torkoal
|-damage|p1a: Torkoal|0 fnt
|faint|p1a: Torkoal
|
|-weather|SunnyDay|[upkeep]
|upkeep
|
|t:|1776206625
|switch|p1a: Slither Wing|Slither Wing|100/100
|-damage|p1a: Slither Wing|88/100|[from] Stealth Rock
|-activate|p1a: Slither Wing|ability: Protosynthesis
|-start|p1a: Slither Wing|protosynthesisatk
|turn|16
|
|t:|1776206636
|move|p1a: Slither Wing|Earthquake|p2a: Jolteon
|-supereffective|p2a: Jolteon
|-damage|p2a: Jolteon|0 fnt
|faint|p2a: Jolteon
|
|-weather|SunnyDay|[upkeep]
|upkeep
|
|t:|1776206642
|switch|p2a: Cinderace|Cinderace, M|100/100
|turn|17
|
|t:|1776206646
|move|p1a: Slither Wing|Earthquake|p2a: Cinderace
|-supereffective|p2a: Cinderace
|-damage|p2a: Cinderace|0 fnt
|faint|p2a: Cinderace
|
|win|YorgscastMeister
|raw|YorgscastMeister's rating: 1000 &rarr; <strong>1044</strong><br />(+44 for winning)
|raw|jamussy1's rating: 1033 &rarr; <strong>1017</strong><br />(-16 for losing)
|c|☆YorgscastMeister|gg
|l|☆jamussy1
|player|p2|
