|html|<div class="broadcast-blue"><strong>[Gen 9] OU is currently suspecting Tera Blast! For information on how to participate check out the <a href="https://www.smogon.com/tools/suspects/view/200">suspect thread</a>.</strong></div>
|j|☆wcaleniemati
|j|‽RissyL
|t:|1776060280
|gametype|singles
|player|p1|wcaleniemati|266|1092
|player|p2|RissyL|skyla|1095
|gen|9
|tier|[Gen 9] OU
|rated|
|rule|HP Percentage Mod: HP is shown in percentages
|rule|Endless Battle Clause: Forcing endless battles is banned
|rule|Species Clause: Limit one of each Pokémon
|rule|OHKO Clause: OHKO moves are banned
|rule|Evasion Items Clause: Evasion items are banned
|rule|Evasion Moves Clause: Evasion moves are banned
|rule|Evasion Abilities Clause: Evasion abilities are banned
|rule|Sleep Moves Clause: Sleep-inducing moves are banned
|clearpoke
|poke|p1|Ceruledge, M|
|poke|p1|Hydrapple, M|
|poke|p1|Slowking-Galar, F|
|poke|p1|Primarina, M|
|poke|p1|Gliscor, M|
|poke|p1|Darkrai|
|poke|p2|Lokix, F|
|poke|p2|Lucario, F|
|poke|p2|Regidrago|
|poke|p2|Volcanion|
|poke|p2|Zapdos-Galar|
|poke|p2|Oricorio-Sensu, M|
|teampreview
|j| ohko_smeargle
|inactive|Battle timer is ON: inactive players will automatically lose when time's up. (requested by RissyL)
|
|t:|1776060286
|teamsize|p1|6
|teamsize|p2|6
|start
|switch|p1a: Gliscor|Gliscor, M|100/100
|switch|p2a: Lucario|Lucario, F|100/100
|turn|1
|
|t:|1776060299
|switch|p2a: Regidrago|Regidrago|100/100
|move|p1a: Gliscor|Swords Dance|p1a: Gliscor
|-boost|p1a: Gliscor|atk|2
|
|-status|p1a: Gliscor|tox|[from] item: Toxic Orb
|upkeep
|turn|2
|
|t:|1776060309
|move|p2a: Regidrago|Dragon Energy|p1a: Gliscor
|-damage|p1a: Gliscor|18/100 tox
|move|p1a: Gliscor|Knock Off|p2a: Regidrago
|-damage|p2a: Regidrago|53/100
|-enditem|p2a: Regidrago|Choice Scarf|[from] move: Knock Off|[of] p1a: Gliscor
|
|-heal|p1a: Gliscor|31/100 tox|[from] ability: Poison Heal
|upkeep
|turn|3
|
|t:|1776060320
|move|p1a: Gliscor|Protect|p1a: Gliscor
|-singleturn|p1a: Gliscor|Protect
|move|p2a: Regidrago|Dragon Energy|p1a: Gliscor
|-activate|p1a: Gliscor|move: Protect
|
|-heal|p1a: Gliscor|43/100 tox|[from] ability: Poison Heal
|upkeep
|turn|4
|
|t:|1776060329
|switch|p1a: Primarina|Primarina, M|100/100
|move|p2a: Regidrago|Dragon Energy|p1a: Primarina
|-immune|p1a: Primarina
|
|upkeep
|turn|5
|
|t:|1776060338
|switch|p2a: Oricorio|Oricorio-Sensu, M|100/100
|move|p1a: Primarina|Whirlpool|p2a: Oricorio
|-damage|p2a: Oricorio|69/100
|-activate|p2a: Oricorio|move: Whirlpool|[of] p1a: Primarina
|
|-damage|p2a: Oricorio|56/100|[from] move: Whirlpool|[partiallytrapped]
|upkeep
|turn|6
|
|t:|1776060353
|move|p2a: Oricorio|Air Slash|p1a: Primarina
|-damage|p1a: Primarina|79/100
|cant|p1a: Primarina|flinch
|
|-damage|p2a: Oricorio|44/100|[from] move: Whirlpool|[partiallytrapped]
|upkeep
|turn|7
|
|t:|1776060360
|move|p2a: Oricorio|Air Slash|p1a: Primarina
|-damage|p1a: Primarina|56/100
|cant|p1a: Primarina|flinch
|
|-damage|p2a: Oricorio|31/100|[from] move: Whirlpool|[partiallytrapped]
|upkeep
|turn|8
|
|t:|1776060368
|move|p2a: Oricorio|Air Slash|p1a: Primarina
|-damage|p1a: Primarina|35/100
|move|p1a: Primarina|Whirlpool|p2a: Oricorio
|-damage|p2a: Oricorio|2/100
|
|-damage|p2a: Oricorio|0 fnt|[from] move: Whirlpool|[partiallytrapped]
|faint|p2a: Oricorio
|upkeep
|
|t:|1776060377
|switch|p2a: Lokix|Lokix, F|100/100
|turn|9
|
|t:|1776060383
|move|p2a: Lokix|First Impression|p1a: Primarina
|-resisted|p1a: Primarina
|-damage|p1a: Primarina|0 fnt
|faint|p1a: Primarina
|-damage|p2a: Lokix|91/100|[from] item: Life Orb
|
|upkeep
|
|t:|1776060396
|switch|p1a: Ceruledge|Ceruledge, M|100/100
|turn|10
|
|t:|1776060411
|move|p1a: Ceruledge|Shadow Sneak|p2a: Lokix
|-resisted|p2a: Lokix
|-damage|p2a: Lokix|69/100
|-damage|p1a: Ceruledge|91/100|[from] item: Life Orb
|move|p2a: Lokix|Sucker Punch||[still]
|-fail|p2a: Lokix
|
|upkeep
|turn|11
|
|t:|1776060420
|switch|p2a: Volcanion|Volcanion|100/100
|move|p1a: Ceruledge|Shadow Sneak|p2a: Volcanion
|-damage|p2a: Volcanion|79/100
|-damage|p1a: Ceruledge|81/100|[from] item: Life Orb
|
|upkeep
|turn|12
|
|t:|1776060434
|switch|p1a: Hydrapple|Hydrapple, M|100/100
|move|p2a: Volcanion|Heat Wave|p1a: Hydrapple
|-damage|p1a: Hydrapple|52/100
|-status|p1a: Hydrapple|brn
|
|-damage|p1a: Hydrapple|46/100 brn|[from] brn
|upkeep
|turn|13
|
|t:|1776060445
|switch|p1a: Gliscor|Gliscor, M|43/100 tox
|move|p2a: Volcanion|Heat Wave|p1a: Gliscor
|-damage|p1a: Gliscor|0 fnt
|faint|p1a: Gliscor
|
|upkeep
|
|t:|1776060462
|switch|p1a: Darkrai|Darkrai|100/100
|turn|14
|
|t:|1776060471
|move|p1a: Darkrai|Dark Pulse|p2a: Volcanion
|-damage|p2a: Volcanion|38/100
|move|p2a: Volcanion|Steam Eruption|p1a: Darkrai
|-damage|p1a: Darkrai|30/100
|-status|p1a: Darkrai|brn
|
|-heal|p1a: Darkrai|36/100 brn|[from] item: Leftovers
|-damage|p1a: Darkrai|30/100 brn|[from] brn
|upkeep
|turn|15
|
|t:|1776060483
|switch|p2a: Zapdos|Zapdos-Galar|100/100
|move|p1a: Darkrai|Dark Pulse|p2a: Zapdos
|-resisted|p2a: Zapdos
|-damage|p2a: Zapdos|78/100
|
|-heal|p1a: Darkrai|36/100 brn|[from] item: Leftovers
|-damage|p1a: Darkrai|30/100 brn|[from] brn
|upkeep
|turn|16
|
|t:|1776060500
|switch|p1a: Slowking|Slowking-Galar, F|100/100
|move|p2a: Zapdos|U-turn|p1a: Slowking
|-damage|p1a: Slowking|61/100
|
|t:|1776060506
|switch|p2a: Regidrago|Regidrago|53/100|[from] U-turn
|
|upkeep
|turn|17
|
|t:|1776060519
|move|p2a: Regidrago|Earth Power|p1a: Slowking
|-supereffective|p1a: Slowking
|-damage|p1a: Slowking|29/100
|move|p1a: Slowking|Eerie Spell|p2a: Regidrago
|-damage|p2a: Regidrago|23/100
|-activate|p2a: Regidrago|move: Eerie Spell|Earth Power|3
|
|upkeep
|turn|18
|
|t:|1776060528
|move|p2a: Regidrago|Earth Power|p1a: Slowking
|-supereffective|p1a: Slowking
|-damage|p1a: Slowking|0 fnt
|faint|p1a: Slowking
|
|upkeep
|
|t:|1776060535
|switch|p1a: Ceruledge|Ceruledge, M|81/100
|turn|19
|
|t:|1776060540
|move|p1a: Ceruledge|Shadow Sneak|p2a: Regidrago
|-damage|p2a: Regidrago|0 fnt
|faint|p2a: Regidrago
|-damage|p1a: Ceruledge|71/100|[from] item: Life Orb
|
|upkeep
|
|t:|1776060546
|switch|p2a: Volcanion|Volcanion|38/100
|turn|20
|
|t:|1776060560
|-terastallize|p1a: Ceruledge|Ghost
|move|p1a: Ceruledge|Bitter Blade|p2a: Volcanion
|-resisted|p2a: Volcanion
|-damage|p2a: Volcanion|26/100
|-heal|p1a: Ceruledge|78/100|[from] drain|[of] p2a: Volcanion
|-damage|p1a: Ceruledge|68/100|[from] item: Life Orb
|move|p2a: Volcanion|Sludge Wave|p1a: Ceruledge
|-resisted|p1a: Ceruledge
|-damage|p1a: Ceruledge|49/100
|
|upkeep
|turn|21
|
|t:|1776060574
|move|p1a: Ceruledge|Psycho Cut|p2a: Volcanion
|-damage|p2a: Volcanion|3/100
|-damage|p1a: Ceruledge|39/100|[from] item: Life Orb
|move|p2a: Volcanion|Steam Eruption|p1a: Ceruledge
|-damage|p1a: Ceruledge|0 fnt
|faint|p1a: Ceruledge
|
|upkeep
|
|t:|1776060583
|switch|p1a: Darkrai|Darkrai|30/100 brn
|turn|22
|
|t:|1776060588
|move|p1a: Darkrai|Ice Beam|p2a: Volcanion
|-resisted|p2a: Volcanion
|-crit|p2a: Volcanion
|-damage|p2a: Volcanion|0 fnt
|faint|p2a: Volcanion
|
|-heal|p1a: Darkrai|36/100 brn|[from] item: Leftovers
|-damage|p1a: Darkrai|30/100 brn|[from] brn
|upkeep
|
|t:|1776060597
|switch|p2a: Zapdos|Zapdos-Galar|78/100
|turn|23
|
|t:|1776060604
|move|p1a: Darkrai|Sludge Bomb|p2a: Zapdos
|-damage|p2a: Zapdos|39/100
|-status|p2a: Zapdos|psn
|move|p2a: Zapdos|Brave Bird|p1a: Darkrai
|-damage|p1a: Darkrai|0 fnt
|faint|p1a: Darkrai
|-damage|p2a: Zapdos|31/100 psn|[from] Recoil
|
|-damage|p2a: Zapdos|18/100 psn|[from] psn
|upkeep
|
|t:|1776060616
|switch|p1a: Hydrapple|Hydrapple, M|79/100 brn
|turn|24
|
|t:|1776060622
|move|p2a: Zapdos|Brave Bird|p1a: Hydrapple
|-supereffective|p1a: Hydrapple
|-damage|p1a: Hydrapple|0 fnt
|faint|p1a: Hydrapple
|-damage|p2a: Zapdos|0 fnt|[from] Recoil
|faint|p2a: Zapdos
|
|win|RissyL
|raw|wcaleniemati's rating: 1092 &rarr; <strong>1068</strong><br />(-24 for losing)
|raw|RissyL's rating: 1095 &rarr; <strong>1121</strong><br />(+26 for winning)
|l| ohko_smeargle
|l|‽RissyL
|player|p2|
|l|☆wcaleniemati
|player|p1|
