|html|<div class="broadcast-blue"><strong>[Gen 9] OU is currently suspecting Tera Blast! For information on how to participate check out the <a href="https://www.smogon.com/tools/suspects/view/200">suspect thread</a>.</strong></div>
|j|☆daska
|j|☆cwilky55
|t:|1776057896
|gametype|singles
|player|p1|daska|steven|1137
|player|p2|cwilky55|1|1113
|gen|9
|tier|[Gen 9] OU
|rated|
|rule|HP Percentage Mod: HP is shown in percentages
|rule|Endless Battle Clause: Forcing endless battles is banned
|rule|Species Clause: Limit one of each Pokémon
|rule|OHKO Clause: OHKO moves are banned
|rule|Evasion Items Clause: Evasion items are banned
|rule|Evasion Moves Clause: Evasion moves are banned
|rule|Evasion Abilities Clause: Evasion abilities are banned
|rule|Sleep Moves Clause: Sleep-inducing moves are banned
|clearpoke
|poke|p1|Tyranitar, M|
|poke|p1|Greninja-*, M|
|poke|p1|Bisharp, F|
|poke|p1|Hydreigon, F|
|poke|p1|Incineroar, F|
|poke|p1|Krookodile, M|
|poke|p2|Chandelure, F|
|poke|p2|Grimmsnarl, M|
|poke|p2|Sandy Shocks|
|poke|p2|Reuniclus, M|
|poke|p2|Goodra, M|
|poke|p2|Glimmora, F|
|teampreview
|j| ReallyBigGoodra
|
|t:|1776057904
|teamsize|p1|6
|teamsize|p2|6
|start
|switch|p1a: Hydreigon|Hydreigon, F|100/100
|switch|p2a: Glimmora|Glimmora, F|100/100
|turn|1
|
|t:|1776057919
|move|p1a: Hydreigon|Flash Cannon|p2a: Glimmora
|-supereffective|p2a: Glimmora
|-damage|p2a: Glimmora|35/100
|move|p2a: Glimmora|Stealth Rock|p1a: Hydreigon
|-sidestart|p1: daska|move: Stealth Rock
|
|upkeep
|turn|2
|
|t:|1776057937
|move|p2a: Glimmora|Spiky Shield|p2a: Glimmora
|-singleturn|p2a: Glimmora|move: Protect
|move|p1a: Hydreigon|Flash Cannon|p2a: Glimmora
|-activate|p2a: Glimmora|move: Protect
|
|upkeep
|turn|3
|
|t:|1776057964
|switch|p2a: Sandy Shocks|Sandy Shocks|100/100
|-enditem|p2a: Sandy Shocks|Booster Energy
|-activate|p2a: Sandy Shocks|ability: Protosynthesis|[fromitem]
|-start|p2a: Sandy Shocks|protosynthesisspa
|move|p1a: Hydreigon|Flash Cannon|p2a: Sandy Shocks
|-resisted|p2a: Sandy Shocks
|-damage|p2a: Sandy Shocks|82/100
|
|upkeep
|turn|4
|inactive|Battle timer is ON: inactive players will automatically lose when time's up. (requested by daska)
|
|t:|1776057988
|switch|p1a: Incineroar|Incineroar, F|100/100
|-damage|p1a: Incineroar|76/100|[from] Stealth Rock
|-ability|p1a: Incineroar|Intimidate|boost
|-unboost|p2a: Sandy Shocks|atk|1
|move|p2a: Sandy Shocks|Power Gem|p1a: Incineroar
|-supereffective|p1a: Incineroar
|-damage|p1a: Incineroar|20/100
|-enditem|p1a: Incineroar|Sitrus Berry|[eat]
|-heal|p1a: Incineroar|45/100|[from] item: Sitrus Berry
|
|upkeep
|turn|5
|
|t:|1776058008
|move|p2a: Sandy Shocks|Earth Power|p1a: Incineroar
|-supereffective|p1a: Incineroar
|-damage|p1a: Incineroar|0 fnt
|faint|p1a: Incineroar
|
|upkeep
|
|t:|1776058016
|switch|p1a: Bisharp|Bisharp, F|100/100
|-damage|p1a: Bisharp|95/100|[from] Stealth Rock
|turn|6
|
|t:|1776058022
|move|p2a: Sandy Shocks|Earth Power|p1a: Bisharp
|-supereffective|p1a: Bisharp
|-damage|p1a: Bisharp|0 fnt
|faint|p1a: Bisharp
|
|upkeep
|
|t:|1776058029
|switch|p1a: Krookodile|Krookodile, M|100/100
|-damage|p1a: Krookodile|94/100|[from] Stealth Rock
|-ability|p1a: Krookodile|Intimidate|boost
|-unboost|p2a: Sandy Shocks|atk|1
|turn|7
|
|t:|1776058051
|-end|p2a: Sandy Shocks|Protosynthesis|[silent]
|switch|p2a: Glimmora|Glimmora, F|35/100
|move|p1a: Krookodile|Hone Claws|p1a: Krookodile
|-boost|p1a: Krookodile|atk|1
|-boost|p1a: Krookodile|accuracy|1
|
|upkeep
|turn|8
|
|t:|1776058064
|move|p2a: Glimmora|Spiky Shield|p2a: Glimmora
|-singleturn|p2a: Glimmora|move: Protect
|move|p1a: Krookodile|Earthquake|p2a: Glimmora
|-activate|p2a: Glimmora|move: Protect
|
|upkeep
|turn|9
|
|t:|1776058073
|move|p2a: Glimmora|Gunk Shot|p1a: Krookodile
|-resisted|p1a: Krookodile
|-damage|p1a: Krookodile|78/100
|move|p1a: Krookodile|Earthquake|p2a: Glimmora
|-supereffective|p2a: Glimmora
|-damage|p2a: Glimmora|0 fnt
|-activate|p2a: Glimmora|ability: Toxic Debris
|-sidestart|p1: daska|move: Toxic Spikes
|faint|p2a: Glimmora
|
|upkeep
|inactive|cwilky55 has 120 seconds left.
|
|t:|1776058094
|switch|p2a: Grimmsnarl|Grimmsnarl, M|100/100
|turn|10
|
|t:|1776058100
|move|p1a: Krookodile|Earthquake|p2a: Grimmsnarl
|-damage|p2a: Grimmsnarl|20/100
|move|p2a: Grimmsnarl|Play Rough|p1a: Krookodile
|-supereffective|p1a: Krookodile
|-crit|p1a: Krookodile
|-damage|p1a: Krookodile|0 fnt
|faint|p1a: Krookodile
|
|-heal|p2a: Grimmsnarl|26/100|[from] item: Leftovers
|upkeep
|
|t:|1776058113
|switch|p1a: Greninja|Greninja, M|100/100
|-damage|p1a: Greninja|88/100|[from] Stealth Rock
|-status|p1a: Greninja|psn
|turn|11
|
|t:|1776058123
|move|p1a: Greninja|Sludge Wave|p2a: Grimmsnarl
|-start|p1a: Greninja|typechange|Poison|[from] ability: Protean
|-supereffective|p2a: Grimmsnarl
|-damage|p2a: Grimmsnarl|0 fnt
|faint|p2a: Grimmsnarl
|
|-damage|p1a: Greninja|76/100 psn|[from] psn
|upkeep
|inactive|cwilky55 has 120 seconds left.
|
|t:|1776058143
|switch|p2a: Goodra|Goodra, M|100/100
|turn|12
|
|t:|1776058152
|move|p1a: Greninja|Ice Beam|p2a: Goodra
|-supereffective|p2a: Goodra
|-damage|p2a: Goodra|79/100
|move|p2a: Goodra|Dragon Claw|p1a: Greninja
|-damage|p1a: Greninja|8/100 psn
|
|-damage|p1a: Greninja|0 fnt|[from] psn
|faint|p1a: Greninja
|upkeep
|
|t:|1776058164
|switch|p1a: Hydreigon|Hydreigon, F|100/100
|-damage|p1a: Hydreigon|88/100|[from] Stealth Rock
|turn|13
|inactive|cwilky55 has 120 seconds left.
|
|t:|1776058185
|move|p1a: Hydreigon|Draco Meteor|p2a: Goodra
|-supereffective|p2a: Goodra
|-damage|p2a: Goodra|23/100
|-unboost|p1a: Hydreigon|spa|2
|move|p2a: Goodra|Dragon Claw|p1a: Hydreigon
|-supereffective|p1a: Hydreigon
|-damage|p1a: Hydreigon|4/100
|
|upkeep
|turn|14
|inactive|cwilky55 has 120 seconds left.
|
|t:|1776058196
|move|p1a: Hydreigon|Draco Meteor|p2a: Goodra
|-supereffective|p2a: Goodra
|-damage|p2a: Goodra|0 fnt
|-unboost|p1a: Hydreigon|spa|2
|faint|p2a: Goodra
|
|upkeep
|inactive|cwilky55 has 120 seconds left.
|
|t:|1776058204
|switch|p2a: Chandelure|Chandelure, F|100/100
|turn|15
|
|t:|1776058211
|move|p1a: Hydreigon|Draco Meteor|p2a: Chandelure|[miss]
|-miss|p1a: Hydreigon|p2a: Chandelure
|move|p2a: Chandelure|Energy Ball|p1a: Hydreigon
|-resisted|p1a: Hydreigon
|-damage|p1a: Hydreigon|0 fnt
|faint|p1a: Hydreigon
|
|upkeep
|
|t:|1776058220
|switch|p1a: Tyranitar|Tyranitar, M|100/100
|-damage|p1a: Tyranitar|88/100|[from] Stealth Rock
|-status|p1a: Tyranitar|psn
|-weather|Sandstorm|[from] ability: Sand Stream|[of] p1a: Tyranitar
|turn|16
|
|t:|1776058232
|move|p2a: Chandelure|Energy Ball|p1a: Tyranitar
|-supereffective|p1a: Tyranitar
|-damage|p1a: Tyranitar|41/100 psn
|move|p1a: Tyranitar|Earthquake|p2a: Chandelure
|-supereffective|p2a: Chandelure
|-damage|p2a: Chandelure|0 fnt
|faint|p2a: Chandelure
|
|-weather|Sandstorm|[upkeep]
|-damage|p1a: Tyranitar|29/100 psn|[from] psn
|upkeep
|
|t:|1776058243
|switch|p2a: Sandy Shocks|Sandy Shocks|82/100
|turn|17
|
|t:|1776058250
|move|p2a: Sandy Shocks|Earth Power|p1a: Tyranitar
|-supereffective|p1a: Tyranitar
|-damage|p1a: Tyranitar|0 fnt
|faint|p1a: Tyranitar
|
|win|cwilky55
|raw|daska's rating: 1137 &rarr; <strong>1110</strong><br />(-27 for losing)
|raw|cwilky55's rating: 1113 &rarr; <strong>1140</strong><br />(+27 for winning)
|l|☆cwilky55
|player|p2|
|l|☆daska
|player|p1|
|l| ReallyBigGoodra
