|html|<div class="broadcast-blue"><strong>[Gen 9] OU is currently suspecting Tera Blast! For information on how to participate check out the <a href="https://www.smogon.com/tools/suspects/view/200">suspect thread</a>.</strong></div>
|j|☆Sz_dS
|j|☆Zuifeng
|t:|1776049630
|gametype|singles
|player|p1|Sz_dS|2|1762
|player|p2|Zuifeng|li|1822
|gen|9
|tier|[Gen 9] OU
|rated|
|rule|HP Percentage Mod: HP is shown in percentages
|rule|Endless Battle Clause: Forcing endless battles is banned
|rule|Species Clause: Limit one of each Pokémon
|rule|OHKO Clause: OHKO moves are banned
|rule|Evasion Items Clause: Evasion items are banned
|rule|Evasion Moves Clause: Evasion moves are banned
|rule|Evasion Abilities Clause: Evasion abilities are banned
|rule|Sleep Moves Clause: Sleep-inducing moves are banned
|clearpoke
|poke|p1|Great Tusk|
|poke|p1|Pecharunt|
|poke|p1|Iron Valiant|
|poke|p1|Iron Crown|
|poke|p1|Samurott-Hisui, M|
|poke|p1|Dragonite, M|
|poke|p2|Rillaboom, M|
|poke|p2|Ogerpon-Wellspring, F|
|poke|p2|Heatran, M|
|poke|p2|Ting-Lu|
|poke|p2|Great Tusk|
|poke|p2|Iron Valiant|
|teampreview
|inactive|Battle timer is ON: inactive players will automatically lose when time's up. (requested by Zuifeng)
|inactive|Zuifeng has 120 seconds left.
|
|t:|1776049673
|teamsize|p1|6
|teamsize|p2|6
|start
|switch|p1a: Pecharunt|Pecharunt|100/100
|switch|p2a: Rillaboom|Rillaboom, M|100/100
|-fieldstart|move: Grassy Terrain|[from] ability: Grassy Surge|[of] p2a: Rillaboom
|turn|1
|inactive|Zuifeng has 120 seconds left.
|
|t:|1776049707
|move|p2a: Rillaboom|Knock Off|p1a: Pecharunt
|-supereffective|p1a: Pecharunt
|-damage|p1a: Pecharunt|66/100
|-damage|p2a: Rillaboom|84/100|[from] item: Rocky Helmet|[of] p1a: Pecharunt
|-enditem|p1a: Pecharunt|Rocky Helmet|[from] move: Knock Off|[of] p2a: Rillaboom
|move|p1a: Pecharunt|Parting Shot|p2a: Rillaboom
|-unboost|p2a: Rillaboom|atk|1
|-unboost|p2a: Rillaboom|spa|1
|
|t:|1776049712
|switch|p1a: Iron Valiant|Iron Valiant, shiny|100/100|[from] Parting Shot
|
|-heal|p2a: Rillaboom|90/100|[from] Grassy Terrain
|upkeep
|turn|2
|j| Shucklepilled
|inactive|Zuifeng has 120 seconds left.
|inactive|Zuifeng has 90 seconds left.
|
|t:|1776049766
|-end|p1a: Iron Valiant|Quark Drive|[silent]
|switch|p1a: Samurott|Samurott-Hisui, M, shiny|100/100
|switch|p2a: Heatran|Heatran, M|100/100
|
|upkeep
|turn|3
|inactive|Zuifeng has 90 seconds left.
|
|t:|1776049783
|move|p2a: Heatran|Stealth Rock|p1a: Samurott
|-sidestart|p1: Sz_dS|move: Stealth Rock
|move|p1a: Samurott|Knock Off|p2a: Heatran
|-damage|p2a: Heatran|39/100
|-enditem|p2a: Heatran|Leftovers|[from] move: Knock Off|[of] p1a: Samurott
|
|-heal|p2a: Heatran|45/100|[from] Grassy Terrain
|upkeep
|turn|4
|
|t:|1776049805
|move|p2a: Heatran|Earth Power|p1a: Samurott
|-damage|p1a: Samurott|53/100
|move|p1a: Samurott|Ceaseless Edge|p2a: Heatran
|-damage|p2a: Heatran|0 fnt
|-sidestart|p2: Zuifeng|Spikes
|faint|p2a: Heatran
|
|-heal|p1a: Samurott|60/100|[from] Grassy Terrain
|upkeep
|inactive|Zuifeng has 60 seconds left.
|inactive|Zuifeng has 30 seconds left.
|
|t:|1776049853
|switch|p2a: Ogerpon|Ogerpon-Wellspring, F|100/100
|-damage|p2a: Ogerpon|88/100|[from] Spikes
|turn|5
|
|t:|1776049861
|move|p2a: Ogerpon|Swords Dance|p2a: Ogerpon
|-boost|p2a: Ogerpon|atk|2
|move|p1a: Samurott|Ceaseless Edge|p2a: Ogerpon
|-damage|p2a: Ogerpon|14/100
|-sidestart|p2: Zuifeng|Spikes
|
|-heal|p2a: Ogerpon|20/100|[from] Grassy Terrain
|-heal|p1a: Samurott|66/100|[from] Grassy Terrain
|-fieldend|move: Grassy Terrain
|upkeep
|turn|6
|
|t:|1776049869
|move|p1a: Samurott|Sucker Punch|p2a: Ogerpon
|-damage|p2a: Ogerpon|0 fnt
|faint|p2a: Ogerpon
|
|upkeep
|
|t:|1776049871
|switch|p2a: Great Tusk|Great Tusk|100/100
|-damage|p2a: Great Tusk|84/100|[from] Spikes
|-enditem|p2a: Great Tusk|Booster Energy
|-activate|p2a: Great Tusk|ability: Protosynthesis|[fromitem]
|-start|p2a: Great Tusk|protosynthesisspe
|turn|7
|
|t:|1776049876
|move|p2a: Great Tusk|Bulk Up|p2a: Great Tusk
|-boost|p2a: Great Tusk|atk|1
|-boost|p2a: Great Tusk|def|1
|move|p1a: Samurott|Flip Turn|p2a: Great Tusk
|-supereffective|p2a: Great Tusk
|-damage|p2a: Great Tusk|56/100
|
|t:|1776049882
|switch|p1a: Iron Crown|Iron Crown|100/100|[from] Flip Turn
|-damage|p1a: Iron Crown|94/100|[from] Stealth Rock
|
|upkeep
|turn|8
|inactive|Zuifeng has 60 seconds left.
|
|t:|1776049893
|-terastallize|p2a: Great Tusk|Steel
|move|p2a: Great Tusk|Rapid Spin|p1a: Iron Crown
|-resisted|p1a: Iron Crown
|-damage|p1a: Iron Crown|83/100
|-boost|p2a: Great Tusk|spe|1
|-sideend|p2: Zuifeng|Spikes|[from] move: Rapid Spin|[of] p2a: Great Tusk
|move|p1a: Iron Crown|Tachyon Cutter|p2a: Great Tusk
|-resisted|p2a: Great Tusk
|-damage|p2a: Great Tusk|41/100
|-resisted|p2a: Great Tusk
|-damage|p2a: Great Tusk|24/100
|-hitcount|p2a: Great Tusk|2
|
|upkeep
|turn|9
|inactive|Zuifeng has 60 seconds left.
|
|t:|1776049906
|-end|p1a: Iron Crown|Quark Drive|[silent]
|switch|p1a: Dragonite|Dragonite, M|100/100
|move|p2a: Great Tusk|Headlong Rush|p1a: Dragonite
|-immune|p1a: Dragonite
|
|upkeep
|turn|10
|
|t:|1776049911
|-end|p2a: Great Tusk|Protosynthesis|[silent]
|switch|p2a: Iron Valiant|Iron Valiant|100/100
|-enditem|p2a: Iron Valiant|Booster Energy
|-activate|p2a: Iron Valiant|ability: Quark Drive|[fromitem]
|-start|p2a: Iron Valiant|quarkdrivespe
|move|p1a: Dragonite|Earthquake|p2a: Iron Valiant
|-damage|p2a: Iron Valiant|52/100
|
|upkeep
|turn|11
|
|t:|1776049915
|move|p2a: Iron Valiant|Moonblast|p1a: Dragonite
|-supereffective|p1a: Dragonite
|-damage|p1a: Dragonite|51/100
|move|p1a: Dragonite|Earthquake|p2a: Iron Valiant
|-crit|p2a: Iron Valiant
|-damage|p2a: Iron Valiant|0 fnt
|faint|p2a: Iron Valiant
|-end|p2a: Iron Valiant|Quark Drive|[silent]
|
|upkeep
|-message|Zuifeng forfeited.
|
|win|Sz_dS
|raw|Sz_dS's rating: 1762 &rarr; <strong>1785</strong><br />(+23 for winning)
|raw|Zuifeng's rating: 1822 &rarr; <strong>1799</strong><br />(-23 for losing)
|l|☆Zuifeng
|player|p2|
|l|☆Sz_dS
|player|p1|
