|html|<div class="broadcast-blue"><strong>[Gen 9] OU is currently suspecting Tera Blast! For information on how to participate check out the <a href="https://www.smogon.com/tools/suspects/view/200">suspect thread</a>.</strong></div>
|j|☆Nocturnalcat
|j|☆Doff612
|t:|1776184390
|gametype|singles
|player|p1|Nocturnalcat|scientist-gen4dp|1071
|player|p2|Doff612|giovanni|1056
|gen|9
|tier|[Gen 9] OU
|rated|
|rule|HP Percentage Mod: HP is shown in percentages
|rule|Endless Battle Clause: Forcing endless battles is banned
|rule|Species Clause: Limit one of each Pokémon
|rule|OHKO Clause: OHKO moves are banned
|rule|Evasion Items Clause: Evasion items are banned
|rule|Evasion Moves Clause: Evasion moves are banned
|rule|Evasion Abilities Clause: Evasion abilities are banned
|rule|Sleep Moves Clause: Sleep-inducing moves are banned
|clearpoke
|poke|p1|Incineroar, F|
|poke|p1|Cinccino, M|
|poke|p1|Zoroark-Hisui, M|
|poke|p1|Garchomp, F|
|poke|p1|Kingambit, M|
|poke|p1|Cinderace, M|
|poke|p2|Zamazenta-*|
|poke|p2|Slowking-Galar, F|
|poke|p2|Great Tusk|
|poke|p2|Dragapult, M|
|poke|p2|Zapdos|
|poke|p2|Kingambit, M|
|teampreview
|
|t:|1776184397
|teamsize|p1|6
|teamsize|p2|6
|start
|switch|p1a: Cinccino|Cinccino, M|100/100
|switch|p2a: Great Tusk|Great Tusk|100/100
|turn|1
|
|t:|1776184407
|move|p1a: Cinccino|Bullet Seed|p2a: Great Tusk
|-supereffective|p2a: Great Tusk
|-damage|p2a: Great Tusk|93/100
|-supereffective|p2a: Great Tusk
|-damage|p2a: Great Tusk|84/100
|-supereffective|p2a: Great Tusk
|-damage|p2a: Great Tusk|76/100
|-supereffective|p2a: Great Tusk
|-damage|p2a: Great Tusk|69/100
|-supereffective|p2a: Great Tusk
|-damage|p2a: Great Tusk|61/100
|-hitcount|p2a: Great Tusk|5
|move|p2a: Great Tusk|Stealth Rock|p1a: Cinccino
|-sidestart|p1: Nocturnalcat|move: Stealth Rock
|
|upkeep
|turn|2
|
|t:|1776184434
|-end|p2a: Great Tusk|Protosynthesis|[silent]
|switch|p2a: Zamazenta|Zamazenta|100/100
|-ability|p2a: Zamazenta|Dauntless Shield|boost
|-boost|p2a: Zamazenta|def|1
|move|p1a: Cinccino|Bullet Seed|p2a: Zamazenta
|-damage|p2a: Zamazenta|96/100
|-damage|p2a: Zamazenta|91/100
|-crit|p2a: Zamazenta
|-damage|p2a: Zamazenta|81/100
|-damage|p2a: Zamazenta|76/100
|-damage|p2a: Zamazenta|72/100
|-hitcount|p2a: Zamazenta|5
|
|upkeep
|turn|3
|
|t:|1776184449
|move|p2a: Zamazenta|Close Combat|p1a: Cinccino
|-supereffective|p1a: Cinccino
|-enditem|p1a: Cinccino|Focus Sash
|-damage|p1a: Cinccino|1/100
|-unboost|p2a: Zamazenta|def|1
|-unboost|p2a: Zamazenta|spd|1
|move|p1a: Cinccino|Tail Slap|p2a: Zamazenta
|-damage|p2a: Zamazenta|62/100
|-damage|p2a: Zamazenta|53/100
|-damage|p2a: Zamazenta|43/100
|-damage|p2a: Zamazenta|34/100
|-damage|p2a: Zamazenta|24/100
|-hitcount|p2a: Zamazenta|5
|
|upkeep
|turn|4
|
|t:|1776184469
|move|p2a: Zamazenta|Close Combat|p1a: Cinccino
|-supereffective|p1a: Cinccino
|-damage|p1a: Cinccino|0 fnt
|-unboost|p2a: Zamazenta|def|1
|-unboost|p2a: Zamazenta|spd|1
|faint|p1a: Cinccino
|
|upkeep
|
|t:|1776184477
|switch|p1a: Cinderace|Cinderace, M|100/100
|-damage|p1a: Cinderace|88/100|[from] Stealth Rock
|turn|5
|
|t:|1776184494
|switch|p2a: Dragapult|Dragapult, M|100/100
|move|p1a: Cinderace|Bitter Malice|p2a: Dragapult
|-supereffective|p2a: Dragapult
|-damage|p2a: Dragapult|0 fnt
|faint|p2a: Dragapult
|
|upkeep
|
|t:|1776184503
|switch|p2a: Slowking|Slowking-Galar, F|100/100
|turn|6
|
|t:|1776184522
|move|p1a: Cinderace|Foul Play|p2a: Slowking
|-supereffective|p2a: Slowking
|-damage|p2a: Slowking|76/100
|move|p2a: Slowking|Future Sight|p1a: Cinderace
|-start|p2a: Slowking|move: Future Sight
|
|upkeep
|turn|7
|
|t:|1776184534
|move|p1a: Cinderace|Bitter Malice|p2a: Slowking
|-supereffective|p2a: Slowking
|-damage|p2a: Slowking|35/100
|-unboost|p2a: Slowking|atk|1
|move|p2a: Slowking|Sludge Bomb|p1a: Cinderace
|-resisted|p1a: Cinderace
|-damage|p1a: Cinderace|49/100
|replace|p1a: Zoroark|Zoroark-Hisui, M
|-end|p1a: Zoroark|Illusion
|
|upkeep
|turn|8
|
|t:|1776184560
|move|p1a: Zoroark|Bitter Malice|p2a: Slowking
|-supereffective|p2a: Slowking
|-damage|p2a: Slowking|0 fnt
|faint|p2a: Slowking
|
|-end|p1a: Zoroark|move: Future Sight
|-damage|p1a: Zoroark|0 fnt
|faint|p1a: Zoroark
|upkeep
|
|t:|1776184574
|switch|p1a: Incineroar|Incineroar, F|100/100
|switch|p2a: Great Tusk|Great Tusk|61/100
|-damage|p1a: Incineroar|76/100|[from] Stealth Rock
|-ability|p1a: Incineroar|Intimidate|boost
|-unboost|p2a: Great Tusk|atk|1
|turn|9
|
|t:|1776184584
|move|p2a: Great Tusk|Headlong Rush|p1a: Incineroar
|-supereffective|p1a: Incineroar
|-damage|p1a: Incineroar|0 fnt
|-unboost|p2a: Great Tusk|def|1
|-unboost|p2a: Great Tusk|spd|1
|faint|p1a: Incineroar
|
|upkeep
|
|t:|1776184590
|switch|p1a: Garchomp|Garchomp, F|100/100
|-damage|p1a: Garchomp|94/100|[from] Stealth Rock
|turn|10
|
|t:|1776184599
|move|p1a: Garchomp|Earthquake|p2a: Great Tusk
|-damage|p2a: Great Tusk|17/100
|move|p2a: Great Tusk|Ice Spinner|p1a: Garchomp
|-supereffective|p1a: Garchomp
|-damage|p1a: Garchomp|37/100
|-damage|p2a: Great Tusk|5/100|[from] ability: Rough Skin|[of] p1a: Garchomp
|
|upkeep
|turn|11
|
|t:|1776184617
|-end|p2a: Great Tusk|Protosynthesis|[silent]
|switch|p2a: Zapdos|Zapdos|100/100
|move|p1a: Garchomp|Earthquake|p2a: Zapdos
|-immune|p2a: Zapdos
|
|upkeep
|turn|12
|
|t:|1776184629
|move|p2a: Zapdos|Hurricane|p1a: Garchomp
|-damage|p1a: Garchomp|0 fnt
|faint|p1a: Garchomp
|
|upkeep
|
|t:|1776184634
|switch|p1a: Cinderace|Cinderace, M|100/100
|-damage|p1a: Cinderace|76/100|[from] Stealth Rock
|turn|13
|
|t:|1776184665
|move|p1a: Cinderace|Flame Charge|p2a: Zapdos
|-damage|p2a: Zapdos|80/100
|-boost|p1a: Cinderace|spe|1
|move|p2a: Zapdos|U-turn|p1a: Cinderace
|-resisted|p1a: Cinderace
|-damage|p1a: Cinderace|66/100
|
|t:|1776184674
|switch|p2a: Kingambit|Kingambit, M|100/100|[from] U-turn
|-activate|p2a: Kingambit|ability: Supreme Overlord
|-start|p2a: Kingambit|fallen2|[silent]
|
|upkeep
|turn|14
|
|t:|1776184693
|-terastallize|p2a: Kingambit|Ghost
|move|p1a: Cinderace|Flame Charge|p2a: Kingambit
|-damage|p2a: Kingambit|76/100
|-boost|p1a: Cinderace|spe|1
|move|p2a: Kingambit|Swords Dance|p2a: Kingambit
|-boost|p2a: Kingambit|atk|2
|
|-heal|p2a: Kingambit|82/100|[from] item: Leftovers
|upkeep
|turn|15
|
|t:|1776184727
|move|p2a: Kingambit|Sucker Punch|p1a: Cinderace
|-damage|p1a: Cinderace|0 fnt
|faint|p1a: Cinderace
|
|-heal|p2a: Kingambit|89/100|[from] item: Leftovers
|upkeep
|
|t:|1776184732
|switch|p1a: Kingambit|Kingambit, M|100/100
|-activate|p1a: Kingambit|ability: Supreme Overlord
|-start|p1a: Kingambit|fallen5|[silent]
|turn|16
|
|t:|1776184742
|move|p1a: Kingambit|Sucker Punch||[still]
|-fail|p1a: Kingambit
|move|p2a: Kingambit|Swords Dance|p2a: Kingambit
|-boost|p2a: Kingambit|atk|2
|
|-heal|p2a: Kingambit|95/100|[from] item: Leftovers
|upkeep
|turn|17
|
|t:|1776184755
|move|p1a: Kingambit|Sucker Punch|p2a: Kingambit
|-supereffective|p2a: Kingambit
|-damage|p2a: Kingambit|2/100
|move|p2a: Kingambit|Iron Head|p1a: Kingambit
|-resisted|p1a: Kingambit
|-damage|p1a: Kingambit|26/100
|
|-heal|p2a: Kingambit|8/100|[from] item: Leftovers
|upkeep
|turn|18
|
|t:|1776184765
|-terastallize|p1a: Kingambit|Dark
|move|p1a: Kingambit|Sucker Punch|p2a: Kingambit
|-supereffective|p2a: Kingambit
|-damage|p2a: Kingambit|0 fnt
|faint|p2a: Kingambit
|-end|p2a: Kingambit|fallen2|[silent]
|
|upkeep
|
|t:|1776184772
|switch|p2a: Zapdos|Zapdos|80/100
|turn|19
|
|t:|1776184778
|move|p1a: Kingambit|Sucker Punch|p2a: Zapdos
|-damage|p2a: Zapdos|31/100
|-status|p1a: Kingambit|par|[from] ability: Static|[of] p2a: Zapdos
|move|p2a: Zapdos|U-turn|p1a: Kingambit
|-supereffective|p1a: Kingambit
|-damage|p1a: Kingambit|0 fnt
|faint|p1a: Kingambit
|-end|p1a: Kingambit|fallen5|[silent]
|
|win|Doff612
|raw|Nocturnalcat's rating: 1071 &rarr; <strong>1049</strong><br />(-22 for losing)
|raw|Doff612's rating: 1056 &rarr; <strong>1089</strong><br />(+33 for winning)
|c|☆Nocturnalcat|gg
|l|☆Nocturnalcat
|player|p1|
