|html|<div class="broadcast-blue"><strong>[Gen 9] OU is currently suspecting Tera Blast! For information on how to participate check out the <a href="https://www.smogon.com/tools/suspects/view/200">suspect thread</a>.</strong></div>
|j|☆Dionysys
|j|☆antonyplays7
|t:|1776170410
|gametype|singles
|player|p1|Dionysys|miku-ice|
|player|p2|antonyplays7|alder|
|gen|9
|tier|[Gen 9] OU
|rule|HP Percentage Mod: HP is shown in percentages
|rule|Endless Battle Clause: Forcing endless battles is banned
|rule|Species Clause: Limit one of each Pokémon
|rule|OHKO Clause: OHKO moves are banned
|rule|Evasion Items Clause: Evasion items are banned
|rule|Evasion Moves Clause: Evasion moves are banned
|rule|Evasion Abilities Clause: Evasion abilities are banned
|rule|Sleep Moves Clause: Sleep-inducing moves are banned
|clearpoke
|poke|p1|Kyurem|
|poke|p1|Cinderace, F|
|poke|p1|Tornadus-Therian, M|
|poke|p1|Gholdengo|
|poke|p1|Zamazenta-*|
|poke|p1|Alomomola, M|
|poke|p2|Great Tusk|
|poke|p2|Gholdengo|
|poke|p2|Dragapult, M|
|poke|p2|Iron Valiant|
|poke|p2|Greninja-*, M|
|poke|p2|Kingambit, M|
|teampreview
|inactive|Battle timer is ON: inactive players will automatically lose when time's up. (requested by Dionysys)
|
|t:|1776170426
|teamsize|p1|6
|teamsize|p2|6
|start
|switch|p1a: Tornadus|Tornadus-Therian, M|100/100
|switch|p2a: Great Tusk|Great Tusk|100/100
|turn|1
|
|t:|1776170446
|move|p1a: Tornadus|Bleakwind Storm|p2a: Great Tusk
|-supereffective|p2a: Great Tusk
|-damage|p2a: Great Tusk|0 fnt
|faint|p2a: Great Tusk
|-end|p2a: Great Tusk|Protosynthesis|[silent]
|
|upkeep
|
|t:|1776170457
|switch|p2a: Greninja|Greninja, M|100/100
|turn|2
|
|t:|1776170466
|switch|p1a: Alomomola|Alomomola, M|100/100
|move|p2a: Greninja|Ice Beam|p1a: Alomomola
|-start|p2a: Greninja|typechange|Ice|[from] ability: Protean
|-resisted|p1a: Alomomola
|-damage|p1a: Alomomola|89/100
|-damage|p2a: Greninja|91/100|[from] item: Life Orb
|
|upkeep
|turn|3
|
|t:|1776170480
|move|p2a: Greninja|Spikes|p1a: Alomomola
|-sidestart|p1: Dionysys|Spikes
|move|p1a: Alomomola|Flip Turn|p2a: Greninja
|-damage|p2a: Greninja|61/100
|inactive|Dionysys has 270 seconds left.
|
|t:|1776170511
|switch|p1a: Tornadus|Tornadus-Therian, M|100/100|[from] Flip Turn
|
|upkeep
|turn|4
|
|t:|1776170519
|switch|p1a: Alomomola|Alomomola, M|100/100
|-damage|p1a: Alomomola|88/100|[from] Spikes
|move|p2a: Greninja|Ice Beam|p1a: Alomomola
|-resisted|p1a: Alomomola
|-damage|p1a: Alomomola|77/100
|-status|p1a: Alomomola|frz
|-damage|p2a: Greninja|52/100|[from] item: Life Orb
|
|upkeep
|turn|5
|
|t:|1776170532
|switch|p2a: Iron Valiant|Iron Valiant|100/100
|-enditem|p2a: Iron Valiant|Booster Energy
|-activate|p2a: Iron Valiant|ability: Quark Drive|[fromitem]
|-start|p2a: Iron Valiant|quarkdrivespe
|-curestatus|p1a: Alomomola|frz|[msg]
|move|p1a: Alomomola|Body Slam|p2a: Iron Valiant
|-damage|p2a: Iron Valiant|82/100
|-status|p2a: Iron Valiant|par
|
|upkeep
|turn|6
|
|t:|1776170547
|move|p2a: Iron Valiant|Thunderbolt|p1a: Alomomola
|-supereffective|p1a: Alomomola
|-damage|p1a: Alomomola|50/100
|move|p1a: Alomomola|Mirror Coat|p2a: Iron Valiant
|-damage|p2a: Iron Valiant|0 fnt
|faint|p2a: Iron Valiant
|-end|p2a: Iron Valiant|Quark Drive|[silent]
|
|upkeep
|inactive|antonyplays7 has 270 seconds left.
|
|t:|1776170576
|switch|p2a: Greninja|Greninja, M|52/100
|turn|7
|
|t:|1776170586
|move|p2a: Greninja|U-turn|p1a: Alomomola
|-start|p2a: Greninja|typechange|Bug|[from] ability: Protean
|-damage|p1a: Alomomola|28/100
|-damage|p2a: Greninja|42/100|[from] item: Life Orb
|
|t:|1776170597
|switch|p2a: Gholdengo|Gholdengo|100/100|[from] U-turn
|move|p1a: Alomomola|Mirror Coat||[still]
|-fail|p1a: Alomomola
|
|upkeep
|turn|8
|
|t:|1776170606
|switch|p1a: Cinderace|Cinderace, F|100/100
|move|p2a: Gholdengo|Shadow Ball|p1a: Cinderace
|-crit|p1a: Cinderace
|-damage|p1a: Cinderace|1/100
|
|upkeep
|turn|9
|
|t:|1776170616
|move|p2a: Gholdengo|Shadow Ball|p1a: Cinderace
|-damage|p1a: Cinderace|0 fnt
|faint|p1a: Cinderace
|
|upkeep
|
|t:|1776170629
|switch|p1a: Alomomola|Alomomola, M|62/100
|-damage|p1a: Alomomola|49/100|[from] Spikes
|turn|10
|
|t:|1776170634
|move|p2a: Gholdengo|Shadow Ball|p1a: Alomomola
|-damage|p1a: Alomomola|28/100
|move|p1a: Alomomola|Mirror Coat|p2a: Gholdengo
|-damage|p2a: Gholdengo|28/100
|
|upkeep
|turn|11
|
|t:|1776170644
|move|p2a: Gholdengo|Shadow Ball|p1a: Alomomola
|-damage|p1a: Alomomola|6/100
|move|p1a: Alomomola|Mirror Coat|p2a: Gholdengo
|-damage|p2a: Gholdengo|0 fnt
|faint|p2a: Gholdengo
|
|upkeep
|
|t:|1776170652
|switch|p2a: Greninja|Greninja, M|42/100
|turn|12
|
|t:|1776170666
|switch|p1a: Zamazenta|Zamazenta|100/100
|-damage|p1a: Zamazenta|88/100|[from] Spikes
|-ability|p1a: Zamazenta|Dauntless Shield|boost
|-boost|p1a: Zamazenta|def|1
|move|p2a: Greninja|Ice Beam|p1a: Zamazenta
|-start|p2a: Greninja|typechange|Ice|[from] ability: Protean
|-damage|p1a: Zamazenta|45/100
|-damage|p2a: Greninja|32/100|[from] item: Life Orb
|
|-heal|p1a: Zamazenta|51/100|[from] item: Leftovers
|upkeep
|turn|13
|
|t:|1776170684
|move|p2a: Greninja|Hydro Pump|p1a: Zamazenta
|-damage|p1a: Zamazenta|16/100
|-damage|p2a: Greninja|22/100|[from] item: Life Orb
|move|p1a: Zamazenta|Heavy Slam|p2a: Greninja
|-supereffective|p2a: Greninja
|-damage|p2a: Greninja|0 fnt
|faint|p2a: Greninja
|
|-heal|p1a: Zamazenta|22/100|[from] item: Leftovers
|upkeep
|
|t:|1776170700
|switch|p2a: Dragapult|Dragapult, M|100/100
|turn|14
|
|t:|1776170706
|move|p2a: Dragapult|Shadow Ball|p1a: Zamazenta
|-damage|p1a: Zamazenta|0 fnt
|faint|p1a: Zamazenta
|
|upkeep
|
|t:|1776170728
|switch|p1a: Gholdengo|Gholdengo|100/100
|-item|p1a: Gholdengo|Air Balloon
|turn|15
|
|t:|1776170740
|switch|p2a: Kingambit|Kingambit, M|100/100
|-activate|p2a: Kingambit|ability: Supreme Overlord
|-start|p2a: Kingambit|fallen4|[silent]
|-terastallize|p1a: Gholdengo|Steel
|move|p1a: Gholdengo|Shadow Ball|p2a: Kingambit
|-resisted|p2a: Kingambit
|-damage|p2a: Kingambit|80/100
|
|upkeep
|turn|16
|
|t:|1776170751
|switch|p1a: Alomomola|Alomomola, M|40/100
|-damage|p1a: Alomomola|27/100|[from] Spikes
|move|p2a: Kingambit|Swords Dance|p2a: Kingambit
|-boost|p2a: Kingambit|atk|2
|
|upkeep
|turn|17
|
|t:|1776170761
|move|p1a: Alomomola|Body Slam|p2a: Kingambit
|-resisted|p2a: Kingambit
|-damage|p2a: Kingambit|75/100
|move|p2a: Kingambit|Swords Dance|p2a: Kingambit
|-boost|p2a: Kingambit|atk|2
|
|upkeep
|turn|18
|
|t:|1776170775
|move|p1a: Alomomola|Body Slam|p2a: Kingambit
|-resisted|p2a: Kingambit
|-damage|p2a: Kingambit|70/100
|move|p2a: Kingambit|Kowtow Cleave|p1a: Alomomola
|-damage|p1a: Alomomola|0 fnt
|faint|p1a: Alomomola
|
|upkeep
|
|t:|1776170786
|switch|p1a: Kyurem|Kyurem|100/100
|-damage|p1a: Kyurem|88/100|[from] Spikes
|-ability|p1a: Kyurem|Pressure
|turn|19
|
|t:|1776170797
|move|p1a: Kyurem|Earth Power|p2a: Kingambit
|-supereffective|p2a: Kingambit
|-damage|p2a: Kingambit|0 fnt
|faint|p2a: Kingambit
|-end|p2a: Kingambit|fallen4|[silent]
|
|upkeep
|
|t:|1776170802
|switch|p2a: Dragapult|Dragapult, M|100/100
|turn|20
|
|t:|1776170815
|move|p2a: Dragapult|Draco Meteor|p1a: Kyurem
|-supereffective|p1a: Kyurem
|-damage|p1a: Kyurem|0 fnt
|-unboost|p2a: Dragapult|spa|2
|faint|p1a: Kyurem
|
|upkeep
|
|t:|1776170819
|switch|p1a: Gholdengo|Gholdengo, tera:Steel|100/100
|-item|p1a: Gholdengo|Air Balloon
|turn|21
|
|t:|1776170831
|move|p2a: Dragapult|Draco Meteor|p1a: Gholdengo
|-resisted|p1a: Gholdengo
|-damage|p1a: Gholdengo|79/100
|-unboost|p2a: Dragapult|spa|2
|-enditem|p1a: Gholdengo|Air Balloon
|move|p1a: Gholdengo|Shadow Ball|p2a: Dragapult
|-supereffective|p2a: Dragapult
|-damage|p2a: Dragapult|0 fnt
|faint|p2a: Dragapult
|
|win|Dionysys
