|html|<div class="broadcast-blue"><strong>[Gen 9] OU is currently suspecting Tera Blast! For information on how to participate check out the <a href="https://www.smogon.com/tools/suspects/view/200">suspect thread</a>.</strong></div>
|j|☆sharkerthantheteal
|j|☆sirmathorino456
|t:|1776039330
|gametype|singles
|player|p1|sharkerthantheteal|cynthia-gen4|1283
|player|p2|sirmathorino456|102|1240
|gen|9
|tier|[Gen 9] OU
|rated|
|rule|HP Percentage Mod: HP is shown in percentages
|rule|Endless Battle Clause: Forcing endless battles is banned
|rule|Species Clause: Limit one of each Pokémon
|rule|OHKO Clause: OHKO moves are banned
|rule|Evasion Items Clause: Evasion items are banned
|rule|Evasion Moves Clause: Evasion moves are banned
|rule|Evasion Abilities Clause: Evasion abilities are banned
|rule|Sleep Moves Clause: Sleep-inducing moves are banned
|clearpoke
|poke|p1|Heatran, F|
|poke|p1|Toxapex, M|
|poke|p1|Garganacl, M|
|poke|p1|Dragonite, M|
|poke|p1|Azumarill, F|
|poke|p1|Gholdengo|
|poke|p2|Pelipper, M|
|poke|p2|Torkoal, F|
|poke|p2|Overqwil, F|
|poke|p2|Lilligant, F|
|poke|p2|Raging Bolt|
|poke|p2|Great Tusk|
|teampreview
|
|t:|1776039358
|teamsize|p1|6
|teamsize|p2|6
|start
|switch|p1a: Pex|Toxapex, M|100/100
|switch|p2a: Pelipper|Pelipper, M|100/100
|-weather|RainDance|[from] ability: Drizzle|[of] p2a: Pelipper
|turn|1
|
|t:|1776039364
|move|p2a: Pelipper|U-turn|p1a: Pex
|-resisted|p1a: Pex
|-crit|p1a: Pex
|-damage|p1a: Pex|96/100
|
|t:|1776039371
|switch|p2a: Raging Bolt|Raging Bolt|100/100|[from] U-turn
|move|p1a: Pex|Infestation|p2a: Raging Bolt
|-damage|p2a: Raging Bolt|98/100
|-activate|p2a: Raging Bolt|move: Infestation|[of] p1a: Pex
|
|-weather|RainDance|[upkeep]
|-heal|p2a: Raging Bolt|100/100|[from] item: Leftovers
|-heal|p1a: Pex|100/100|[from] item: Black Sludge
|-damage|p2a: Raging Bolt|88/100|[from] move: Infestation|[partiallytrapped]
|upkeep
|turn|2
|
|t:|1776039388
|move|p2a: Raging Bolt|Thunder|p1a: Pex
|-supereffective|p1a: Pex
|-damage|p1a: Pex|2/100
|move|p1a: Pex|Toxic|p2a: Raging Bolt
|-status|p2a: Raging Bolt|tox
|
|-weather|RainDance|[upkeep]
|-heal|p2a: Raging Bolt|94/100 tox|[from] item: Leftovers
|-heal|p1a: Pex|8/100|[from] item: Black Sludge
|-damage|p2a: Raging Bolt|88/100 tox|[from] psn
|-damage|p2a: Raging Bolt|76/100 tox|[from] move: Infestation|[partiallytrapped]
|upkeep
|turn|3
|
|t:|1776039400
|switch|p1a: Golden Gate Bridge|Gholdengo|100/100
|move|p2a: Raging Bolt|Weather Ball|p1a: Golden Gate Bridge
|-damage|p1a: Golden Gate Bridge|40/100
|
|-weather|RainDance|[upkeep]
|-heal|p2a: Raging Bolt|82/100 tox|[from] item: Leftovers
|-damage|p2a: Raging Bolt|69/100 tox|[from] psn
|-end|p2a: Raging Bolt|Infestation|[partiallytrapped]|[silent]
|upkeep
|turn|4
|inactive|Battle timer is ON: inactive players will automatically lose when time's up. (requested by sirmathorino456)
|
|t:|1776039410
|move|p1a: Golden Gate Bridge|Trick|p2a: Raging Bolt
|-activate|p1a: Golden Gate Bridge|move: Trick|[of] p2a: Raging Bolt
|-item|p2a: Raging Bolt|Choice Scarf|[from] move: Trick
|-item|p1a: Golden Gate Bridge|Leftovers|[from] move: Trick
|move|p2a: Raging Bolt|Thunder|p1a: Golden Gate Bridge
|-damage|p1a: Golden Gate Bridge|0 fnt
|faint|p1a: Golden Gate Bridge
|
|-weather|RainDance|[upkeep]
|-damage|p2a: Raging Bolt|51/100 tox|[from] psn
|upkeep
|
|t:|1776039419
|switch|p1a: Nac|Garganacl, M|100/100
|turn|5
|
|t:|1776039424
|-terastallize|p1a: Nac|Ground
|move|p2a: Raging Bolt|Thunder|p1a: Nac
|-immune|p1a: Nac
|move|p1a: Nac|Curse|p1a: Nac
|-unboost|p1a: Nac|spe|1
|-boost|p1a: Nac|atk|1
|-boost|p1a: Nac|def|1
|
|-weather|none
|-damage|p2a: Raging Bolt|26/100 tox|[from] psn
|upkeep
|turn|6
|
|t:|1776039439
|-end|p2a: Raging Bolt|Protosynthesis|[silent]
|switch|p2a: Pelipper|Pelipper, M|100/100
|-weather|RainDance|[from] ability: Drizzle|[of] p2a: Pelipper
|move|p1a: Nac|Salt Cure|p2a: Pelipper
|-supereffective|p2a: Pelipper
|-damage|p2a: Pelipper|55/100
|-start|p2a: Pelipper|Salt Cure
|
|-weather|RainDance|[upkeep]
|-damage|p2a: Pelipper|31/100|[from] Salt Cure
|upkeep
|turn|7
|
|t:|1776039448
|move|p1a: Nac|Protect|p1a: Nac
|-singleturn|p1a: Nac|Protect
|move|p2a: Pelipper|Hurricane|p1a: Nac
|-activate|p1a: Nac|move: Protect
|
|-weather|RainDance|[upkeep]
|-damage|p2a: Pelipper|6/100|[from] Salt Cure
|upkeep
|turn|8
|
|t:|1776039458
|move|p2a: Pelipper|Hurricane|p1a: Nac
|-crit|p1a: Nac
|-damage|p1a: Nac|54/100
|move|p1a: Nac|Recover|p1a: Nac
|-heal|p1a: Nac|100/100
|
|-weather|RainDance|[upkeep]
|-damage|p2a: Pelipper|0 fnt|[from] Salt Cure
|faint|p2a: Pelipper
|upkeep
|
|t:|1776039466
|switch|p2a: Lilligant|Lilligant, F|100/100
|turn|9
|
|t:|1776039469
|move|p2a: Lilligant|Quiver Dance|p2a: Lilligant
|-boost|p2a: Lilligant|spa|1
|-boost|p2a: Lilligant|spd|1
|-boost|p2a: Lilligant|spe|1
|move|p1a: Nac|Salt Cure|p2a: Lilligant
|-damage|p2a: Lilligant|71/100
|-start|p2a: Lilligant|Salt Cure
|
|-weather|RainDance|[upkeep]
|-damage|p2a: Lilligant|58/100|[from] Salt Cure
|upkeep
|turn|10
|
|t:|1776039482
|move|p1a: Nac|Protect|p1a: Nac
|-singleturn|p1a: Nac|Protect
|move|p2a: Lilligant|Weather Ball|p1a: Nac
|-activate|p1a: Nac|move: Protect
|
|-weather|none
|-damage|p2a: Lilligant|46/100|[from] Salt Cure
|upkeep
|turn|11
|
|t:|1776039489
|move|p2a: Lilligant|Energy Ball|p1a: Nac
|-supereffective|p1a: Nac
|-damage|p1a: Nac|8/100
|move|p1a: Nac|Salt Cure|p2a: Lilligant
|-damage|p2a: Lilligant|17/100
|
|-heal|p1a: Nac|14/100|[from] item: Leftovers
|-damage|p2a: Lilligant|4/100|[from] Salt Cure
|upkeep
|turn|12
|
|t:|1776039498
|move|p1a: Nac|Protect|p1a: Nac
|-singleturn|p1a: Nac|Protect
|move|p2a: Lilligant|Alluring Voice|p1a: Nac
|-activate|p1a: Nac|move: Protect
|
|-heal|p1a: Nac|20/100|[from] item: Leftovers
|-damage|p2a: Lilligant|0 fnt|[from] Salt Cure
|faint|p2a: Lilligant
|upkeep
|
|t:|1776039510
|switch|p2a: Overqwil|Overqwil, F|100/100
|turn|13
|
|t:|1776039519
|move|p2a: Overqwil|Liquidation|p1a: Nac
|-supereffective|p1a: Nac
|-damage|p1a: Nac|0 fnt
|faint|p1a: Nac
|-damage|p2a: Overqwil|91/100|[from] item: Life Orb
|
|upkeep
|
|t:|1776039526
|switch|p1a: Heatran|Heatran, F|100/100
|turn|14
|
|t:|1776039530
|move|p2a: Overqwil|Liquidation|p1a: Heatran
|-supereffective|p1a: Heatran
|-damage|p1a: Heatran|41/100
|-damage|p2a: Overqwil|81/100|[from] item: Life Orb
|move|p1a: Heatran|Magma Storm|p2a: Overqwil
|-damage|p2a: Overqwil|10/100
|-activate|p2a: Overqwil|move: Magma Storm|[of] p1a: Heatran
|
|-heal|p1a: Heatran|47/100|[from] item: Leftovers
|-damage|p2a: Overqwil|0 fnt|[from] move: Magma Storm|[partiallytrapped]
|faint|p2a: Overqwil
|upkeep
|
|t:|1776039542
|switch|p2a: Torkoal|Torkoal, F|100/100
|-weather|SunnyDay|[from] ability: Drought|[of] p2a: Torkoal
|turn|15
|
|t:|1776039547
|move|p1a: Heatran|Magma Storm|p2a: Torkoal
|-resisted|p2a: Torkoal
|-damage|p2a: Torkoal|60/100
|-activate|p2a: Torkoal|move: Magma Storm|[of] p1a: Heatran
|move|p2a: Torkoal|Body Press|p1a: Heatran
|-supereffective|p1a: Heatran
|-damage|p1a: Heatran|1/100
|
|-weather|SunnyDay|[upkeep]
|-heal|p1a: Heatran|7/100|[from] item: Leftovers
|-damage|p2a: Torkoal|48/100|[from] move: Magma Storm|[partiallytrapped]
|upkeep
|turn|16
|
|t:|1776039556
|move|p1a: Heatran|Protect|p1a: Heatran
|-singleturn|p1a: Heatran|Protect
|move|p2a: Torkoal|Stealth Rock|p1a: Heatran
|-sidestart|p1: sharkerthantheteal|move: Stealth Rock
|
|-weather|SunnyDay|[upkeep]
|-heal|p1a: Heatran|14/100|[from] item: Leftovers
|-damage|p2a: Torkoal|35/100|[from] move: Magma Storm|[partiallytrapped]
|upkeep
|turn|17
|
|t:|1776039564
|move|p1a: Heatran|Earth Power|p2a: Torkoal
|-supereffective|p2a: Torkoal
|-damage|p2a: Torkoal|0 fnt
|faint|p2a: Torkoal
|
|-weather|SunnyDay|[upkeep]
|-heal|p1a: Heatran|20/100|[from] item: Leftovers
|upkeep
|
|t:|1776039570
|switch|p2a: Great Tusk|Great Tusk|100/100
|-activate|p2a: Great Tusk|ability: Protosynthesis
|-start|p2a: Great Tusk|protosynthesisatk
|turn|18
|
|t:|1776039577
|move|p2a: Great Tusk|Stone Edge|p1a: Heatran|[miss]
|-miss|p2a: Great Tusk|p1a: Heatran
|move|p1a: Heatran|Magma Storm|p2a: Great Tusk
|-damage|p2a: Great Tusk|56/100
|-activate|p2a: Great Tusk|move: Magma Storm|[of] p1a: Heatran
|
|-weather|SunnyDay|[upkeep]
|-heal|p1a: Heatran|26/100|[from] item: Leftovers
|-damage|p2a: Great Tusk|43/100|[from] move: Magma Storm|[partiallytrapped]
|upkeep
|turn|19
|
|t:|1776039587
|move|p1a: Heatran|Protect|p1a: Heatran
|-singleturn|p1a: Heatran|Protect
|move|p2a: Great Tusk|Close Combat|p1a: Heatran
|-activate|p1a: Heatran|move: Protect
|
|-weather|SunnyDay|[upkeep]
|-heal|p1a: Heatran|32/100|[from] item: Leftovers
|-damage|p2a: Great Tusk|31/100|[from] move: Magma Storm|[partiallytrapped]
|upkeep
|turn|20
|inactive|sharkerthantheteal has 120 seconds left.
|
|t:|1776039633
|move|p2a: Great Tusk|Close Combat|p1a: Heatran
|-supereffective|p1a: Heatran
|-damage|p1a: Heatran|0 fnt
|-unboost|p2a: Great Tusk|def|1
|-unboost|p2a: Great Tusk|spd|1
|faint|p1a: Heatran
|
|-weather|SunnyDay|[upkeep]
|-end|p2a: Great Tusk|Magma Storm|[partiallytrapped]|[silent]
|upkeep
|
|t:|1776039640
|switch|p1a: Draco|Dragonite, M|100/100
|turn|21
|
|t:|1776039650
|move|p1a: Draco|Dragon Dance|p1a: Draco
|-boost|p1a: Draco|atk|1
|-boost|p1a: Draco|spe|1
|move|p2a: Great Tusk|Stone Edge|p1a: Draco|[miss]
|-miss|p2a: Great Tusk|p1a: Draco
|
|-weather|SunnyDay|[upkeep]
|upkeep
|turn|22
|
|t:|1776039659
|move|p1a: Draco|Extreme Speed|p2a: Great Tusk
|-damage|p2a: Great Tusk|0 fnt
|faint|p2a: Great Tusk
|-end|p2a: Great Tusk|Protosynthesis|[silent]
|
|-weather|none
|upkeep
|
|t:|1776039662
|switch|p2a: Raging Bolt|Raging Bolt|26/100 tox
|turn|23
|
|t:|1776039665
|move|p1a: Draco|Extreme Speed|p2a: Raging Bolt
|-damage|p2a: Raging Bolt|0 fnt
|faint|p2a: Raging Bolt
|-end|p2a: Raging Bolt|Protosynthesis|[silent]
|
|win|sharkerthantheteal
|raw|sharkerthantheteal's rating: 1283 &rarr; <strong>1305</strong><br />(+22 for winning)
|raw|sirmathorino456's rating: 1240 &rarr; <strong>1218</strong><br />(-22 for losing)
|c|☆sharkerthantheteal|gg
|l|☆sirmathorino456
|player|p2|
