|html|<div class="broadcast-blue"><strong>[Gen 9] OU is currently suspecting Tera Blast! For information on how to participate check out the <a href="https://www.smogon.com/tools/suspects/view/200">suspect thread</a>.</strong></div>
|j|☆Blastoise_Choice
|j|☆scribeofrevocis
|t:|1776103395
|gametype|singles
|player|p1|Blastoise_Choice|benga|1738
|player|p2|scribeofrevocis|skyla|1723
|gen|9
|tier|[Gen 9] OU
|rated|
|rule|HP Percentage Mod: HP is shown in percentages
|rule|Endless Battle Clause: Forcing endless battles is banned
|rule|Species Clause: Limit one of each Pokémon
|rule|OHKO Clause: OHKO moves are banned
|rule|Evasion Items Clause: Evasion items are banned
|rule|Evasion Moves Clause: Evasion moves are banned
|rule|Evasion Abilities Clause: Evasion abilities are banned
|rule|Sleep Moves Clause: Sleep-inducing moves are banned
|clearpoke
|poke|p1|Garganacl, M|
|poke|p1|Darkrai|
|poke|p1|Great Tusk|
|poke|p1|Hatterene, F|
|poke|p1|Tornadus-Therian, M|
|poke|p1|Dragonite, M|
|poke|p2|Ogerpon, F|
|poke|p2|Great Tusk|
|poke|p2|Pecharunt|
|poke|p2|Latios, M|
|poke|p2|Kingambit, M|
|poke|p2|Garganacl, M|
|teampreview
|j| ddgfdhad
|c|☆Blastoise_Choice|hf
|inactive|Battle timer is ON: inactive players will automatically lose when time's up. (requested by Blastoise_Choice)
|j| Bot livre
|
|t:|1776103408
|teamsize|p1|6
|teamsize|p2|6
|start
|switch|p1a: Darkrai|Darkrai|100/100
|switch|p2a: Sinful Senses|Garganacl, M|100/100
|turn|1
|
|t:|1776103414
|move|p1a: Darkrai|Dark Pulse|p2a: Sinful Senses
|-damage|p2a: Sinful Senses|57/100
|move|p2a: Sinful Senses|Salt Cure|p1a: Darkrai
|-damage|p1a: Darkrai|81/100
|-start|p1a: Darkrai|Salt Cure
|
|-heal|p2a: Sinful Senses|63/100|[from] item: Leftovers
|-damage|p1a: Darkrai|69/100|[from] Salt Cure
|upkeep
|turn|2
|
|t:|1776103424
|switch|p1a: Great Tusk|Great Tusk|100/100
|-enditem|p1a: Great Tusk|Booster Energy
|-activate|p1a: Great Tusk|ability: Protosynthesis|[fromitem]
|-start|p1a: Great Tusk|protosynthesisatk
|move|p2a: Sinful Senses|Stealth Rock|p1a: Great Tusk
|-sidestart|p1: Blastoise_Choice|move: Stealth Rock
|
|-heal|p2a: Sinful Senses|69/100|[from] item: Leftovers
|upkeep
|turn|3
|
|t:|1776103431
|switch|p2a: Chain Gang|Pecharunt|100/100
|move|p1a: Great Tusk|Ice Spinner|p2a: Chain Gang
|-damage|p2a: Chain Gang|84/100
|
|upkeep
|turn|4
|
|t:|1776103439
|switch|p2a: SICK!|Latios, M|100/100
|move|p1a: Great Tusk|Headlong Rush|p2a: SICK!
|-immune|p2a: SICK!|[from] ability: Levitate
|
|upkeep
|turn|5
|
|t:|1776103445
|-end|p1a: Great Tusk|Protosynthesis|[silent]
|switch|p1a: Hatterene|Hatterene, F|100/100
|-damage|p1a: Hatterene|88/100|[from] Stealth Rock
|move|p2a: SICK!|Psychic Noise|p1a: Hatterene
|-resisted|p1a: Hatterene
|-damage|p1a: Hatterene|65/100
|-start|p1a: Hatterene|move: Heal Block
|
|upkeep
|turn|6
|
|t:|1776103457
|move|p2a: SICK!|Psychic Noise|p1a: Hatterene
|-resisted|p1a: Hatterene
|-damage|p1a: Hatterene|39/100
|move|p1a: Hatterene|Future Sight|p2a: SICK!
|-start|p1a: Hatterene|move: Future Sight
|
|-end|p1a: Hatterene|move: Heal Block
|upkeep
|turn|7
|
|t:|1776103463
|move|p2a: SICK!|Psychic Noise|p1a: Hatterene
|-resisted|p1a: Hatterene
|-damage|p1a: Hatterene|16/100
|-start|p1a: Hatterene|move: Heal Block
|move|p1a: Hatterene|Pain Split|p2a: SICK!
|-sethp|p2a: SICK!|59/100|[from] move: Pain Split|[silent]
|-sethp|p1a: Hatterene|56/100|[from] move: Pain Split
|
|upkeep
|turn|8
|
|t:|1776103470
|move|p2a: SICK!|Recover|p2a: SICK!
|-heal|p2a: SICK!|100/100
|move|p1a: Hatterene|Nuzzle|p2a: SICK!
|-resisted|p2a: SICK!
|-damage|p2a: SICK!|98/100
|-status|p2a: SICK!|par
|
|-end|p2a: SICK!|move: Future Sight
|-resisted|p2a: SICK!
|-damage|p2a: SICK!|69/100 par
|-end|p1a: Hatterene|move: Heal Block
|upkeep
|turn|9
|
|t:|1776103476
|move|p2a: SICK!|Psychic Noise|p1a: Hatterene
|-resisted|p1a: Hatterene
|-damage|p1a: Hatterene|30/100
|-start|p1a: Hatterene|move: Heal Block
|move|p1a: Hatterene|Future Sight|p2a: SICK!
|-start|p1a: Hatterene|move: Future Sight
|
|upkeep
|turn|10
|
|t:|1776103483
|cant|p2a: SICK!|par
|move|p1a: Hatterene|Pain Split|p2a: SICK!
|-sethp|p2a: SICK!|50/100 par|[from] move: Pain Split|[silent]
|-sethp|p1a: Hatterene|48/100|[from] move: Pain Split
|
|-end|p1a: Hatterene|move: Heal Block
|upkeep
|turn|11
|
|t:|1776103489
|move|p2a: SICK!|Psychic Noise|p1a: Hatterene
|-resisted|p1a: Hatterene
|-damage|p1a: Hatterene|24/100
|-start|p1a: Hatterene|move: Heal Block
|move|p1a: Hatterene|Pain Split|p2a: SICK!
|-sethp|p2a: SICK!|37/100 par|[from] move: Pain Split|[silent]
|-sethp|p1a: Hatterene|36/100|[from] move: Pain Split
|
|-end|p2a: SICK!|move: Future Sight
|-resisted|p2a: SICK!
|-damage|p2a: SICK!|11/100 par
|upkeep
|turn|12
|
|t:|1776103496
|move|p2a: SICK!|Draco Meteor|p1a: Hatterene
|-immune|p1a: Hatterene
|move|p1a: Hatterene|Future Sight|p2a: SICK!
|-start|p1a: Hatterene|move: Future Sight
|
|-end|p1a: Hatterene|move: Heal Block
|upkeep
|turn|13
|
|t:|1776103500
|move|p2a: SICK!|Psychic Noise|p1a: Hatterene
|-resisted|p1a: Hatterene
|-damage|p1a: Hatterene|13/100
|-start|p1a: Hatterene|move: Heal Block
|move|p1a: Hatterene|Dazzling Gleam|p2a: SICK!
|-supereffective|p2a: SICK!
|-damage|p2a: SICK!|0 fnt
|faint|p2a: SICK!
|
|upkeep
|
|t:|1776103502
|switch|p2a: El Gambito|Kingambit, M|100/100
|-activate|p2a: El Gambito|ability: Supreme Overlord
|-start|p2a: El Gambito|fallen1|[silent]
|-item|p2a: El Gambito|Air Balloon
|turn|14
|
|t:|1776103508
|move|p2a: El Gambito|Iron Head|p1a: Hatterene
|-supereffective|p1a: Hatterene
|-damage|p1a: Hatterene|0 fnt
|-damage|p2a: El Gambito|84/100|[from] item: Rocky Helmet|[of] p1a: Hatterene
|faint|p1a: Hatterene
|
|-end|p2a: El Gambito|move: Future Sight
|-immune|p2a: El Gambito
|upkeep
|
|t:|1776103516
|switch|p1a: Great Tusk|Great Tusk|100/100
|-damage|p1a: Great Tusk|98/100|[from] Stealth Rock
|turn|15
|
|t:|1776103524
|-end|p2a: El Gambito|fallen1|[silent]
|switch|p2a: Leaf :3|Ogerpon, F|100/100
|move|p1a: Great Tusk|Close Combat|p2a: Leaf :3
|-damage|p2a: Leaf :3|11/100
|-unboost|p1a: Great Tusk|def|1
|-unboost|p1a: Great Tusk|spd|1
|
|upkeep
|turn|16
|
|t:|1776103532
|-end|p1a: Great Tusk|Protosynthesis|[silent]
|switch|p1a: Tornadus|Tornadus-Therian, M, shiny|100/100
|-damage|p1a: Tornadus|76/100|[from] Stealth Rock
|move|p2a: Leaf :3|Knock Off|p1a: Tornadus
|-damage|p1a: Tornadus|18/100
|-enditem|p1a: Tornadus|Assault Vest|[from] move: Knock Off|[of] p2a: Leaf :3
|
|upkeep
|turn|17
|
|t:|1776103541
|switch|p2a: Sinful Senses|Garganacl, M|69/100
|move|p1a: Tornadus|U-turn|p2a: Sinful Senses
|-damage|p2a: Sinful Senses|60/100
|
|t:|1776103547
|switch|p1a: Great Tusk|Great Tusk|98/100|[from] U-turn
|-damage|p1a: Great Tusk|95/100|[from] Stealth Rock
|
|-heal|p2a: Sinful Senses|66/100|[from] item: Leftovers
|upkeep
|turn|18
|
|t:|1776103554
|move|p1a: Great Tusk|Headlong Rush|p2a: Sinful Senses
|-supereffective|p2a: Sinful Senses
|-damage|p2a: Sinful Senses|0 fnt
|-unboost|p1a: Great Tusk|def|1
|-unboost|p1a: Great Tusk|spd|1
|faint|p2a: Sinful Senses
|
|upkeep
|
|t:|1776103556
|switch|p2a: Leaf :3|Ogerpon, F|11/100
|turn|19
|
|t:|1776103562
|-end|p1a: Great Tusk|Protosynthesis|[silent]
|switch|p1a: Dragonite|Dragonite, M|100/100
|-damage|p1a: Dragonite|76/100|[from] Stealth Rock
|move|p2a: Leaf :3|Ivy Cudgel|p1a: Dragonite
|-resisted|p1a: Dragonite
|-crit|p1a: Dragonite
|-damage|p1a: Dragonite|46/100
|
|upkeep
|turn|20
|
|t:|1776103569
|switch|p2a: Hedeon|Great Tusk|100/100
|move|p1a: Dragonite|Extreme Speed|p2a: Hedeon
|-crit|p2a: Hedeon
|-damage|p2a: Hedeon|60/100
|
|upkeep
|turn|21
|
|t:|1776103576
|move|p1a: Dragonite|Extreme Speed|p2a: Hedeon
|-damage|p2a: Hedeon|33/100
|move|p2a: Hedeon|Rapid Spin|p1a: Dragonite
|-damage|p1a: Dragonite|30/100
|-boost|p2a: Hedeon|spe|1
|
|upkeep
|turn|22
|
|t:|1776103583
|move|p1a: Dragonite|Extreme Speed|p2a: Hedeon
|-damage|p2a: Hedeon|5/100
|move|p2a: Hedeon|Ice Spinner|p1a: Dragonite
|-supereffective|p1a: Dragonite
|-damage|p1a: Dragonite|0 fnt
|faint|p1a: Dragonite
|
|upkeep
|
|t:|1776103590
|switch|p1a: Great Tusk|Great Tusk|95/100
|-damage|p1a: Great Tusk|92/100|[from] Stealth Rock
|turn|23
|
|t:|1776103596
|move|p2a: Hedeon|Headlong Rush|p1a: Great Tusk
|-damage|p1a: Great Tusk|45/100
|-unboost|p2a: Hedeon|def|1
|-unboost|p2a: Hedeon|spd|1
|move|p1a: Great Tusk|Rapid Spin|p2a: Hedeon
|-damage|p2a: Hedeon|0 fnt
|-boost|p1a: Great Tusk|spe|1
|-sideend|p1: Blastoise_Choice|Stealth Rock|[from] move: Rapid Spin|[of] p1a: Great Tusk
|faint|p2a: Hedeon
|-end|p2a: Hedeon|Protosynthesis|[silent]
|
|upkeep
|
|t:|1776103599
|switch|p2a: Leaf :3|Ogerpon, F|11/100
|turn|24
|
|t:|1776103606
|-terastallize|p2a: Leaf :3|Grass
|detailschange|p2a: Leaf :3|Ogerpon-Teal-Tera, F, tera:Grass
|-ability|p2a: Leaf :3|Embody Aspect (Teal)|boost
|-boost|p2a: Leaf :3|spe|1
|move|p2a: Leaf :3|Ivy Cudgel|p1a: Great Tusk
|-supereffective|p1a: Great Tusk
|-crit|p1a: Great Tusk
|-damage|p1a: Great Tusk|0 fnt
|faint|p1a: Great Tusk
|-end|p1a: Great Tusk|Protosynthesis|[silent]
|
|upkeep
|
|t:|1776103612
|switch|p1a: Tornadus|Tornadus-Therian, M, shiny|52/100
|turn|25
|
|t:|1776103618
|switch|p1a: Darkrai|Darkrai|69/100
|move|p2a: Leaf :3|Ivy Cudgel|p1a: Darkrai
|-damage|p1a: Darkrai|0 fnt
|faint|p1a: Darkrai
|
|upkeep
|
|t:|1776103624
|switch|p1a: Tornadus|Tornadus-Therian, M, shiny|85/100
|turn|26
|
|t:|1776103631
|switch|p2a: Chain Gang|Pecharunt|84/100
|move|p1a: Tornadus|U-turn|p2a: Chain Gang
|-resisted|p2a: Chain Gang
|-damage|p2a: Chain Gang|83/100
|
|t:|1776103637
|switch|p1a: Garganacl|Garganacl, M|100/100|[from] U-turn
|
|upkeep
|turn|27
|
|t:|1776103644
|move|p2a: Chain Gang|Shadow Ball|p1a: Garganacl
|-damage|p1a: Garganacl|91/100
|-unboost|p1a: Garganacl|spd|1
|move|p1a: Garganacl|Salt Cure|p2a: Chain Gang
|-damage|p2a: Chain Gang|76/100
|-start|p2a: Chain Gang|Salt Cure
|
|-heal|p1a: Garganacl|98/100|[from] item: Leftovers
|-damage|p2a: Chain Gang|63/100|[from] Salt Cure
|upkeep
|turn|28
|
|t:|1776103651
|move|p2a: Chain Gang|Malignant Chain|p1a: Garganacl
|-resisted|p1a: Garganacl
|-damage|p1a: Garganacl|83/100
|move|p1a: Garganacl|Salt Cure|p2a: Chain Gang
|-damage|p2a: Chain Gang|57/100
|
|-heal|p1a: Garganacl|90/100|[from] item: Leftovers
|-damage|p2a: Chain Gang|45/100|[from] Salt Cure
|upkeep
|turn|29
|
|t:|1776103658
|move|p2a: Chain Gang|Recover|p2a: Chain Gang
|-heal|p2a: Chain Gang|95/100
|move|p1a: Garganacl|Salt Cure|p2a: Chain Gang
|-crit|p2a: Chain Gang
|-damage|p2a: Chain Gang|84/100
|
|-heal|p1a: Garganacl|96/100|[from] item: Leftovers
|-damage|p2a: Chain Gang|72/100|[from] Salt Cure
|upkeep
|turn|30
|
|t:|1776103662
|move|p2a: Chain Gang|Shadow Ball|p1a: Garganacl
|-damage|p1a: Garganacl|84/100
|-unboost|p1a: Garganacl|spd|1
|move|p1a: Garganacl|Salt Cure|p2a: Chain Gang
|-damage|p2a: Chain Gang|65/100
|
|-heal|p1a: Garganacl|91/100|[from] item: Leftovers
|-damage|p2a: Chain Gang|53/100|[from] Salt Cure
|upkeep
|turn|31
|
|t:|1776103666
|move|p2a: Chain Gang|Malignant Chain|p1a: Garganacl
|-resisted|p1a: Garganacl
|-damage|p1a: Garganacl|70/100
|move|p1a: Garganacl|Salt Cure|p2a: Chain Gang
|-damage|p2a: Chain Gang|47/100
|
|-heal|p1a: Garganacl|76/100|[from] item: Leftovers
|-damage|p2a: Chain Gang|34/100|[from] Salt Cure
|upkeep
|turn|32
|
|t:|1776103670
|move|p2a: Chain Gang|Malignant Chain|p1a: Garganacl
|-resisted|p1a: Garganacl
|-damage|p1a: Garganacl|54/100
|move|p1a: Garganacl|Stealth Rock|p2a: Chain Gang
|-sidestart|p2: scribeofrevocis|move: Stealth Rock
|
|-heal|p1a: Garganacl|60/100|[from] item: Leftovers
|-damage|p2a: Chain Gang|22/100|[from] Salt Cure
|upkeep
|turn|33
|
|t:|1776103674
|-terastallize|p1a: Garganacl|Water
|move|p2a: Chain Gang|Recover|p2a: Chain Gang
|-heal|p2a: Chain Gang|72/100
|move|p1a: Garganacl|Recover|p1a: Garganacl
|-heal|p1a: Garganacl|100/100
|
|-damage|p2a: Chain Gang|59/100|[from] Salt Cure
|upkeep
|turn|34
|
|t:|1776103678
|switch|p1a: Tornadus|Tornadus-Therian, M, shiny|100/100
|move|p2a: Chain Gang|Recover|p2a: Chain Gang
|-heal|p2a: Chain Gang|100/100
|
|-damage|p2a: Chain Gang|88/100|[from] Salt Cure
|upkeep
|turn|35
|
|t:|1776103681
|move|p1a: Tornadus|Knock Off|p2a: Chain Gang
|-supereffective|p2a: Chain Gang
|-damage|p2a: Chain Gang|70/100
|-enditem|p2a: Chain Gang|Heavy-Duty Boots|[from] move: Knock Off|[of] p1a: Tornadus
|move|p2a: Chain Gang|Parting Shot|p1a: Tornadus
|-unboost|p1a: Tornadus|atk|1
|-unboost|p1a: Tornadus|spa|1
|
|t:|1776103684
|switch|p2a: El Gambito|Kingambit, M|84/100|[from] Parting Shot
|-damage|p2a: El Gambito|78/100|[from] Stealth Rock
|-activate|p2a: El Gambito|ability: Supreme Overlord
|-start|p2a: El Gambito|fallen3|[silent]
|-item|p2a: El Gambito|Air Balloon
|
|upkeep
|turn|36
|
|t:|1776103690
|switch|p1a: Garganacl|Garganacl, M, tera:Water|100/100
|move|p2a: El Gambito|Swords Dance|p2a: El Gambito
|-boost|p2a: El Gambito|atk|2
|
|upkeep
|turn|37
|
|t:|1776103696
|move|p1a: Garganacl|Protect|p1a: Garganacl
|-singleturn|p1a: Garganacl|Protect
|move|p2a: El Gambito|Kowtow Cleave|p1a: Garganacl
|-activate|p1a: Garganacl|move: Protect
|
|upkeep
|turn|38
|
|t:|1776103700
|move|p2a: El Gambito|Kowtow Cleave|p1a: Garganacl
|-damage|p1a: Garganacl|11/100
|move|p1a: Garganacl|Salt Cure|p2a: El Gambito
|-resisted|p2a: El Gambito
|-damage|p2a: El Gambito|72/100
|-start|p2a: El Gambito|Salt Cure
|-enditem|p2a: El Gambito|Air Balloon
|
|-heal|p1a: Garganacl|17/100|[from] item: Leftovers
|-damage|p2a: El Gambito|47/100|[from] Salt Cure
|upkeep
|turn|39
|
|t:|1776103707
|-end|p2a: El Gambito|fallen3|[silent]
|switch|p2a: Leaf :3|Ogerpon-Teal-Tera, F, tera:Grass|11/100
|-damage|p2a: Leaf :3|0 fnt|[from] Stealth Rock
|faint|p2a: Leaf :3
|detailschange|p2: Leaf :3|Ogerpon, F|[silent]
|move|p1a: Garganacl|Protect||[still]
|-fail|p1a: Garganacl
|
|-heal|p1a: Garganacl|23/100|[from] item: Leftovers
|upkeep
|
|t:|1776103708
|switch|p2a: El Gambito|Kingambit, M|47/100
|-damage|p2a: El Gambito|41/100|[from] Stealth Rock
|-activate|p2a: El Gambito|ability: Supreme Overlord
|-start|p2a: El Gambito|fallen4|[silent]
|turn|40
|
|t:|1776103712
|move|p1a: Garganacl|Protect|p1a: Garganacl
|-singleturn|p1a: Garganacl|Protect
|move|p2a: El Gambito|Kowtow Cleave|p1a: Garganacl
|-activate|p1a: Garganacl|move: Protect
|
|-heal|p1a: Garganacl|29/100|[from] item: Leftovers
|upkeep
|turn|41
|
|t:|1776103715
|switch|p1a: Tornadus|Tornadus-Therian, M, shiny|100/100
|move|p2a: El Gambito|Kowtow Cleave|p1a: Tornadus
|-damage|p1a: Tornadus|21/100
|
|upkeep
|turn|42
|
|t:|1776103721
|switch|p1a: Garganacl|Garganacl, M, tera:Water|29/100
|move|p2a: El Gambito|Kowtow Cleave|p1a: Garganacl
|-damage|p1a: Garganacl|0 fnt
|faint|p1a: Garganacl
|
|upkeep
|
|t:|1776103726
|switch|p1a: Tornadus|Tornadus-Therian, M, shiny|54/100
|turn|43
|
|t:|1776103728
|move|p2a: El Gambito|Sucker Punch|p1a: Tornadus
|-damage|p1a: Tornadus|0 fnt
|faint|p1a: Tornadus
|
|win|scribeofrevocis
|raw|Blastoise_Choice's rating: 1738 &rarr; <strong>1717</strong><br />(-21 for losing)
|raw|scribeofrevocis's rating: 1723 &rarr; <strong>1744</strong><br />(+21 for winning)
|c|☆Blastoise_Choice|gg
