|html|<div class="broadcast-blue"><strong>[Gen 9] OU is currently suspecting Tera Blast! For information on how to participate check out the <a href="https://www.smogon.com/tools/suspects/view/200">suspect thread</a>.</strong></div>
|j|☆V.Graves
|j|☆kicchen
|t:|1776314836
|gametype|singles
|player|p1|V.Graves|2|1137
|player|p2|kicchen|102|1074
|gen|9
|tier|[Gen 9] OU
|rated|
|rule|HP Percentage Mod: HP is shown in percentages
|rule|Endless Battle Clause: Forcing endless battles is banned
|rule|Species Clause: Limit one of each Pokémon
|rule|OHKO Clause: OHKO moves are banned
|rule|Evasion Items Clause: Evasion items are banned
|rule|Evasion Moves Clause: Evasion moves are banned
|rule|Evasion Abilities Clause: Evasion abilities are banned
|rule|Sleep Moves Clause: Sleep-inducing moves are banned
|clearpoke
|poke|p1|Froslass, F|
|poke|p1|Gengar, F|
|poke|p1|Skeledirge, F|
|poke|p1|Corviknight, M|
|poke|p1|Vikavolt, F|
|poke|p1|Gardevoir, F|
|poke|p2|Pelipper, M|
|poke|p2|Raging Bolt|
|poke|p2|Overqwil, F|
|poke|p2|Barraskewda, F|
|poke|p2|Kingambit, M|
|poke|p2|Great Tusk|
|teampreview
|
|t:|1776314844
|teamsize|p1|6
|teamsize|p2|6
|start
|switch|p1a: Corviknight|Corviknight, M|100/100
|switch|p2a: Pelipper|Pelipper, M|100/100
|-ability|p1a: Corviknight|Pressure
|-weather|RainDance|[from] ability: Drizzle|[of] p2a: Pelipper
|turn|1
|
|t:|1776314859
|move|p1a: Corviknight|Brave Bird|p2a: Pelipper
|-damage|p2a: Pelipper|72/100
|-damage|p1a: Corviknight|93/100|[from] Recoil
|move|p2a: Pelipper|Weather Ball|p1a: Corviknight
|-damage|p1a: Corviknight|49/100
|
|-weather|RainDance|[upkeep]
|upkeep
|turn|2
|
|t:|1776314870
|move|p1a: Corviknight|U-turn|p2a: Pelipper
|-resisted|p2a: Pelipper
|-damage|p2a: Pelipper|67/100
|
|t:|1776314884
|switch|p1a: Froslass|Froslass, F|100/100|[from] U-turn
|move|p2a: Pelipper|Weather Ball|p1a: Froslass
|-damage|p1a: Froslass|26/100
|-start|p2a: Pelipper|Disable|Weather Ball|[from] ability: Cursed Body|[of] p1a: Froslass
|
|-weather|RainDance|[upkeep]
|upkeep
|turn|3
|
|t:|1776314897
|move|p1a: Froslass|Ice Beam|p2a: Pelipper
|-damage|p2a: Pelipper|22/100
|move|p2a: Pelipper|Hurricane|p1a: Froslass
|-damage|p1a: Froslass|0 fnt
|faint|p1a: Froslass
|
|-weather|RainDance|[upkeep]
|upkeep
|
|t:|1776314913
|switch|p1a: Gengar|Gengar, F|100/100
|turn|4
|
|t:|1776314919
|move|p1a: Gengar|Shadow Ball|p2a: Pelipper
|-damage|p2a: Pelipper|0 fnt
|faint|p2a: Pelipper
|-damage|p1a: Gengar|91/100|[from] item: Life Orb
|
|-weather|RainDance|[upkeep]
|upkeep
|
|t:|1776314927
|switch|p2a: Overqwil|Overqwil, F|100/100
|turn|5
|
|t:|1776314940
|move|p2a: Overqwil|Swords Dance|p2a: Overqwil
|-boost|p2a: Overqwil|atk|2
|move|p1a: Gengar|Focus Blast|p2a: Overqwil
|-damage|p2a: Overqwil|26/100
|-unboost|p2a: Overqwil|spd|1
|-damage|p1a: Gengar|81/100|[from] item: Life Orb
|
|-weather|RainDance|[upkeep]
|upkeep
|turn|6
|
|t:|1776314981
|move|p2a: Overqwil|Crunch|p1a: Gengar
|-supereffective|p1a: Gengar
|-damage|p1a: Gengar|0 fnt
|-start|p2a: Overqwil|Disable|Crunch|[from] ability: Cursed Body|[of] p1a: Gengar
|faint|p1a: Gengar
|-damage|p2a: Overqwil|16/100|[from] item: Life Orb
|
|-weather|RainDance|[upkeep]
|upkeep
|
|t:|1776314994
|switch|p1a: Gardevoir|Gardevoir, F|100/100
|-ability|p1a: Gardevoir|Swift Swim|Trace|[from] ability: Trace|[of] p2a: Overqwil
|turn|7
|
|t:|1776315005
|move|p1a: Gardevoir|Focus Blast|p2a: Overqwil
|-crit|p2a: Overqwil
|-damage|p2a: Overqwil|0 fnt
|faint|p2a: Overqwil
|
|-weather|RainDance|[upkeep]
|upkeep
|
|t:|1776315012
|switch|p2a: Kingambit|Kingambit, M|100/100
|-activate|p2a: Kingambit|ability: Supreme Overlord
|-start|p2a: Kingambit|fallen2|[silent]
|turn|8
|
|t:|1776315027
|-terastallize|p1a: Gardevoir|Fairy
|move|p1a: Gardevoir|Focus Blast|p2a: Kingambit
|-supereffective|p2a: Kingambit
|-damage|p2a: Kingambit|0 fnt
|faint|p2a: Kingambit
|-end|p2a: Kingambit|fallen2|[silent]
|
|-weather|none
|upkeep
|
|t:|1776315038
|switch|p2a: Barraskewda|Barraskewda, F|100/100
|turn|9
|
|t:|1776315045
|move|p1a: Gardevoir|Focus Blast|p2a: Barraskewda
|-damage|p2a: Barraskewda|4/100
|move|p2a: Barraskewda|Flip Turn|p1a: Gardevoir
|-damage|p1a: Gardevoir|6/100
|
|t:|1776315051
|switch|p2a: Great Tusk|Great Tusk|100/100|[from] Flip Turn
|
|upkeep
|turn|10
|
|t:|1776315061
|move|p1a: Gardevoir|Focus Blast|p2a: Great Tusk
|-damage|p2a: Great Tusk|68/100
|move|p2a: Great Tusk|Rapid Spin|p1a: Gardevoir
|-damage|p1a: Gardevoir|0 fnt
|-boost|p2a: Great Tusk|spe|1
|faint|p1a: Gardevoir
|
|upkeep
|
|t:|1776315083
|switch|p1a: Corviknight|Corviknight, M|49/100
|-ability|p1a: Corviknight|Pressure
|turn|11
|
|t:|1776315090
|move|p2a: Great Tusk|Close Combat|p1a: Corviknight
|-damage|p1a: Corviknight|9/100
|-unboost|p2a: Great Tusk|def|1
|-unboost|p2a: Great Tusk|spd|1
|-damage|p2a: Great Tusk|52/100|[from] item: Rocky Helmet|[of] p1a: Corviknight
|move|p1a: Corviknight|Roost|p1a: Corviknight
|-heal|p1a: Corviknight|59/100
|-singleturn|p1a: Corviknight|move: Roost
|
|upkeep
|turn|12
|
|t:|1776315108
|switch|p1a: Skeledirge|Skeledirge, F|100/100
|move|p2a: Great Tusk|Ice Spinner|p1a: Skeledirge
|-resisted|p1a: Skeledirge
|-damage|p1a: Skeledirge|92/100
|
|upkeep
|turn|13
|
|t:|1776315117
|move|p2a: Great Tusk|Headlong Rush|p1a: Skeledirge
|-supereffective|p1a: Skeledirge
|-damage|p1a: Skeledirge|24/100
|-unboost|p2a: Great Tusk|def|1
|-unboost|p2a: Great Tusk|spd|1
|move|p1a: Skeledirge|Shadow Ball|p2a: Great Tusk
|-damage|p2a: Great Tusk|27/100
|
|upkeep
|turn|14
|
|t:|1776315149
|move|p2a: Great Tusk|Headlong Rush|p1a: Skeledirge
|-supereffective|p1a: Skeledirge
|-damage|p1a: Skeledirge|0 fnt
|-unboost|p2a: Great Tusk|def|1
|-unboost|p2a: Great Tusk|spd|1
|faint|p1a: Skeledirge
|
|upkeep
|
|t:|1776315157
|switch|p1a: Vikavolt|Vikavolt, F|100/100
|turn|15
|
|t:|1776315164
|move|p2a: Great Tusk|Headlong Rush|p1a: Vikavolt
|-immune|p1a: Vikavolt|[from] ability: Levitate
|move|p1a: Vikavolt|Energy Ball|p2a: Great Tusk
|-supereffective|p2a: Great Tusk
|-damage|p2a: Great Tusk|0 fnt
|faint|p2a: Great Tusk
|-end|p2a: Great Tusk|Protosynthesis|[silent]
|
|upkeep
|
|t:|1776315176
|switch|p2a: Raging Bolt|Raging Bolt|100/100
|-enditem|p2a: Raging Bolt|Booster Energy
|-activate|p2a: Raging Bolt|ability: Protosynthesis|[fromitem]
|-start|p2a: Raging Bolt|protosynthesisspa
|turn|16
|
|t:|1776315187
|switch|p1a: Corviknight|Corviknight, M|59/100
|-ability|p1a: Corviknight|Pressure
|move|p2a: Raging Bolt|Draco Meteor|p1a: Corviknight
|-resisted|p1a: Corviknight
|-damage|p1a: Corviknight|18/100
|-unboost|p2a: Raging Bolt|spa|2
|
|upkeep
|turn|17
|
|t:|1776315200
|move|p2a: Raging Bolt|Weather Ball|p1a: Corviknight
|-resisted|p1a: Corviknight
|-damage|p1a: Corviknight|12/100
|move|p1a: Corviknight|Roost|p1a: Corviknight
|-heal|p1a: Corviknight|62/100
|-singleturn|p1a: Corviknight|move: Roost
|
|upkeep
|turn|18
|
|t:|1776315213
|-end|p2a: Raging Bolt|Protosynthesis|[silent]
|switch|p2a: Barraskewda|Barraskewda, F|4/100
|move|p1a: Corviknight|U-turn|p2a: Barraskewda
|-damage|p2a: Barraskewda|0 fnt
|faint|p2a: Barraskewda
|
|t:|1776315219
|switch|p1a: Vikavolt|Vikavolt, F|100/100|[from] U-turn
|
|upkeep
|
|t:|1776315225
|switch|p2a: Raging Bolt|Raging Bolt|100/100
|turn|19
|
|t:|1776315232
|move|p2a: Raging Bolt|Draco Meteor|p1a: Vikavolt
|-damage|p1a: Vikavolt|4/100
|-unboost|p2a: Raging Bolt|spa|2
|move|p1a: Vikavolt|Bug Buzz|p2a: Raging Bolt
|-damage|p2a: Raging Bolt|24/100
|
|upkeep
|turn|20
|
|t:|1776315241
|move|p2a: Raging Bolt|Draco Meteor|p1a: Vikavolt
|-damage|p1a: Vikavolt|0 fnt
|-unboost|p2a: Raging Bolt|spa|2
|faint|p1a: Vikavolt
|
|upkeep
|
|t:|1776315246
|switch|p1a: Corviknight|Corviknight, M|62/100
|-ability|p1a: Corviknight|Pressure
|turn|21
|
|t:|1776315251
|move|p2a: Raging Bolt|Thunderclap|p1a: Corviknight
|-supereffective|p1a: Corviknight
|-damage|p1a: Corviknight|37/100
|move|p1a: Corviknight|Brave Bird|p2a: Raging Bolt
|-resisted|p2a: Raging Bolt
|-damage|p2a: Raging Bolt|9/100
|-damage|p1a: Corviknight|32/100|[from] Recoil
|
|upkeep
|turn|22
|
|t:|1776315260
|move|p2a: Raging Bolt|Thunderclap|p1a: Corviknight
|-supereffective|p1a: Corviknight
|-damage|p1a: Corviknight|6/100
|move|p1a: Corviknight|Brave Bird|p2a: Raging Bolt
|-resisted|p2a: Raging Bolt
|-damage|p2a: Raging Bolt|0 fnt
|faint|p2a: Raging Bolt
|-end|p2a: Raging Bolt|Protosynthesis|[silent]
|-damage|p1a: Corviknight|3/100|[from] Recoil
|
|win|V.Graves
|raw|V.Graves's rating: 1137 &rarr; <strong>1158</strong><br />(+21 for winning)
|raw|kicchen's rating: 1074 &rarr; <strong>1057</strong><br />(-17 for losing)
|c|☆V.Graves|gg
