|html|<div class="broadcast-blue"><strong>[Gen 9] OU is currently suspecting Tera Blast! For information on how to participate check out the <a href="https://www.smogon.com/tools/suspects/view/200">suspect thread</a>.</strong></div>
|j|☆peepooguy
|j|☆big_chud837396
|t:|1776219295
|gametype|singles
|player|p1|peepooguy|102|1063
|player|p2|big_chud837396|hiker|1012
|gen|9
|tier|[Gen 9] OU
|rated|
|rule|HP Percentage Mod: HP is shown in percentages
|rule|Endless Battle Clause: Forcing endless battles is banned
|rule|Species Clause: Limit one of each Pokémon
|rule|OHKO Clause: OHKO moves are banned
|rule|Evasion Items Clause: Evasion items are banned
|rule|Evasion Moves Clause: Evasion moves are banned
|rule|Evasion Abilities Clause: Evasion abilities are banned
|rule|Sleep Moves Clause: Sleep-inducing moves are banned
|clearpoke
|poke|p1|Slowking-Galar, F|
|poke|p1|Garchomp, F|
|poke|p1|Primarina, F|
|poke|p1|Heatran, F|
|poke|p1|Kingambit, M|
|poke|p1|Sinistcha-Masterpiece|
|poke|p2|Infernape, F|
|poke|p2|Great Tusk|
|poke|p2|Abomasnow, F|
|poke|p2|Krookodile, F|
|poke|p2|Toxtricity-Low-Key, M|
|poke|p2|Coalossal, M|
|teampreview
|
|t:|1776219307
|teamsize|p1|6
|teamsize|p2|6
|start
|switch|p1a: Slowking|Slowking-Galar, F|100/100
|switch|p2a: Coalossal|Coalossal, M|100/100
|turn|1
|inactive|Battle timer is ON: inactive players will automatically lose when time's up. (requested by peepooguy)
|
|t:|1776219317
|move|p2a: Coalossal|Iron Defense|p2a: Coalossal
|-boost|p2a: Coalossal|def|2
|move|p1a: Slowking|Toxic|p2a: Coalossal
|-status|p2a: Coalossal|tox
|
|-damage|p2a: Coalossal|94/100 tox|[from] psn
|upkeep
|turn|2
|
|t:|1776219327
|switch|p1a: Primarina|Primarina, F, shiny|100/100
|move|p2a: Coalossal|Iron Defense|p2a: Coalossal
|-boost|p2a: Coalossal|def|2
|
|-damage|p2a: Coalossal|82/100 tox|[from] psn
|upkeep
|turn|3
|
|t:|1776219342
|-terastallize|p2a: Coalossal|Psychic
|move|p1a: Primarina|Reflect|p1a: Primarina
|-sidestart|p1: peepooguy|Reflect
|move|p2a: Coalossal|Meteor Beam||[still]
|-prepare|p2a: Coalossal|Meteor Beam
|-boost|p2a: Coalossal|spa|1
|
|-damage|p2a: Coalossal|64/100 tox|[from] psn
|upkeep
|turn|4
|
|t:|1776219362
|switch|p1a: Kingambit|Kingambit, M, shiny|100/100
|move|p2a: Coalossal|Meteor Beam|p1a: Kingambit|[from] lockedmove
|-resisted|p1a: Kingambit
|-damage|p1a: Kingambit|69/100
|
|-damage|p2a: Coalossal|40/100 tox|[from] psn
|upkeep
|turn|5
|
|t:|1776219373
|-end|p1a: Kingambit|fallenundefined|[silent]
|switch|p1a: Heatran|Heatran, F|100/100
|move|p2a: Coalossal|Fire Blast|p1a: Heatran
|-start|p1a: Heatran|ability: Flash Fire
|
|-damage|p2a: Coalossal|9/100 tox|[from] psn
|upkeep
|turn|6
|
|t:|1776219385
|move|p1a: Heatran|Iron Defense|p1a: Heatran
|-boost|p1a: Heatran|def|2
|move|p2a: Coalossal|Earthquake|p1a: Heatran
|-supereffective|p1a: Heatran
|-damage|p1a: Heatran|82/100
|
|-damage|p2a: Coalossal|0 fnt|[from] psn
|faint|p2a: Coalossal
|upkeep
|
|t:|1776219399
|switch|p2a: Krookodile|Krookodile, F, shiny|100/100
|-ability|p2a: Krookodile|Intimidate|boost
|-unboost|p1a: Heatran|atk|1
|turn|7
|
|t:|1776219408
|move|p2a: Krookodile|Earthquake|p1a: Heatran
|-supereffective|p1a: Heatran
|-damage|p1a: Heatran|38/100
|move|p1a: Heatran|Iron Defense|p1a: Heatran
|-boost|p1a: Heatran|def|2
|
|-sideend|p1: peepooguy|Reflect
|upkeep
|turn|8
|
|t:|1776219416
|move|p2a: Krookodile|Earthquake|p1a: Heatran
|-supereffective|p1a: Heatran
|-damage|p1a: Heatran|0 fnt
|faint|p1a: Heatran
|
|upkeep
|
|t:|1776219422
|switch|p1a: Primarina|Primarina, F, shiny|100/100
|turn|9
|
|t:|1776219440
|switch|p2a: Abomasnow|Abomasnow, F|100/100
|-weather|Snowscape|[from] ability: Snow Warning|[of] p2a: Abomasnow
|move|p1a: Primarina|Hyper Voice|p2a: Abomasnow
|-resisted|p2a: Abomasnow
|-damage|p2a: Abomasnow|77/100
|
|-weather|Snowscape|[upkeep]
|upkeep
|turn|10
|
|t:|1776219453
|move|p1a: Primarina|Reflect|p1a: Primarina
|-sidestart|p1: peepooguy|Reflect
|move|p2a: Abomasnow|Energy Ball|p1a: Primarina
|-supereffective|p1a: Primarina
|-crit|p1a: Primarina
|-damage|p1a: Primarina|24/100
|
|-weather|Snowscape|[upkeep]
|-heal|p1a: Primarina|30/100|[from] item: Leftovers
|upkeep
|turn|11
|
|t:|1776219465
|move|p1a: Primarina|Moonblast|p2a: Abomasnow
|-damage|p2a: Abomasnow|26/100
|-unboost|p2a: Abomasnow|spa|1
|move|p2a: Abomasnow|Energy Ball|p1a: Primarina
|-supereffective|p1a: Primarina
|-damage|p1a: Primarina|0 fnt
|faint|p1a: Primarina
|
|-weather|Snowscape|[upkeep]
|upkeep
|
|t:|1776219476
|switch|p1a: Garchomp|Garchomp, F|100/100
|turn|12
|
|t:|1776219484
|move|p1a: Garchomp|Double-Edge|p2a: Abomasnow
|-damage|p2a: Abomasnow|0 fnt
|faint|p2a: Abomasnow
|-damage|p1a: Garchomp|94/100|[from] Recoil
|
|-weather|Snowscape|[upkeep]
|upkeep
|
|t:|1776219492
|switch|p2a: Great Tusk|Great Tusk, shiny|100/100
|turn|13
|
|t:|1776219496
|switch|p1a: Sinistcha|Sinistcha-Masterpiece|100/100
|move|p2a: Great Tusk|Ice Spinner|p1a: Sinistcha
|-supereffective|p1a: Sinistcha
|-damage|p1a: Sinistcha|76/100
|
|-weather|none
|upkeep
|turn|14
|
|t:|1776219510
|move|p2a: Great Tusk|Knock Off|p1a: Sinistcha
|-supereffective|p1a: Sinistcha
|-damage|p1a: Sinistcha|41/100
|-enditem|p1a: Sinistcha|Mental Herb|[from] move: Knock Off|[of] p2a: Great Tusk
|move|p1a: Sinistcha|Strength Sap|p2a: Great Tusk
|-unboost|p2a: Great Tusk|atk|1
|-heal|p1a: Sinistcha|100/100
|
|-sideend|p1: peepooguy|Reflect
|upkeep
|turn|15
|
|t:|1776219520
|move|p2a: Great Tusk|Knock Off|p1a: Sinistcha
|-supereffective|p1a: Sinistcha
|-damage|p1a: Sinistcha|72/100
|move|p1a: Sinistcha|Matcha Gotcha|p2a: Great Tusk
|-supereffective|p2a: Great Tusk
|-damage|p2a: Great Tusk|7/100
|-heal|p1a: Sinistcha|100/100|[from] drain|[of] p2a: Great Tusk
|
|-heal|p2a: Great Tusk|14/100|[from] item: Leftovers
|upkeep
|turn|16
|
|t:|1776219534
|move|p2a: Great Tusk|Knock Off|p1a: Sinistcha
|-supereffective|p1a: Sinistcha
|-damage|p1a: Sinistcha|71/100
|move|p1a: Sinistcha|Calm Mind|p1a: Sinistcha
|-boost|p1a: Sinistcha|spa|1
|-boost|p1a: Sinistcha|spd|1
|
|-heal|p2a: Great Tusk|20/100|[from] item: Leftovers
|upkeep
|turn|17
|
|t:|1776219543
|move|p2a: Great Tusk|Knock Off|p1a: Sinistcha
|-supereffective|p1a: Sinistcha
|-damage|p1a: Sinistcha|40/100
|move|p1a: Sinistcha|Shadow Ball|p2a: Great Tusk
|-damage|p2a: Great Tusk|0 fnt
|faint|p2a: Great Tusk
|-end|p2a: Great Tusk|Protosynthesis|[silent]
|
|upkeep
|
|t:|1776219551
|switch|p2a: Toxtricity|Toxtricity-Low-Key, M, shiny|100/100
|turn|18
|
|t:|1776219555
|move|p2a: Toxtricity|Psychic Noise|p1a: Sinistcha
|-damage|p1a: Sinistcha|16/100
|-start|p1a: Sinistcha|move: Heal Block
|cant|p1a: Sinistcha|move: Heal Block|Strength Sap
|
|upkeep
|turn|19
|
|t:|1776219569
|switch|p1a: Slowking|Slowking-Galar, F|100/100
|move|p2a: Toxtricity|Overdrive|p1a: Slowking
|-damage|p1a: Slowking|65/100
|
|upkeep
|turn|20
|
|t:|1776219582
|move|p2a: Toxtricity|Nuzzle|p1a: Slowking
|-damage|p1a: Slowking|58/100
|-status|p1a: Slowking|par
|move|p1a: Slowking|Psychic|p2a: Toxtricity
|-supereffective|p2a: Toxtricity
|-enditem|p2a: Toxtricity|Focus Sash
|-damage|p2a: Toxtricity|1/100
|-unboost|p2a: Toxtricity|spd|1
|
|upkeep
|turn|21
|
|t:|1776219594
|move|p2a: Toxtricity|Boomburst|p1a: Slowking
|-damage|p1a: Slowking|17/100 par
|cant|p1a: Slowking|par
|
|upkeep
|turn|22
|
|t:|1776219600
|move|p2a: Toxtricity|Boomburst|p1a: Slowking
|-damage|p1a: Slowking|0 fnt
|faint|p1a: Slowking
|
|upkeep
|
|t:|1776219605
|switch|p1a: Garchomp|Garchomp, F|94/100
|turn|23
|
|t:|1776219617
|move|p2a: Toxtricity|Boomburst|p1a: Garchomp
|-damage|p1a: Garchomp|36/100
|move|p1a: Garchomp|Outrage|p2a: Toxtricity
|-damage|p2a: Toxtricity|0 fnt
|faint|p2a: Toxtricity
|
|upkeep
|
|t:|1776219627
|switch|p2a: Infernape|Infernape, F|100/100
|turn|24
|
|t:|1776219635
|move|p2a: Infernape|Close Combat|p1a: Garchomp
|-damage|p1a: Garchomp|0 fnt
|-unboost|p2a: Infernape|def|1
|-unboost|p2a: Infernape|spd|1
|-damage|p2a: Infernape|88/100|[from] ability: Rough Skin|[of] p1a: Garchomp
|faint|p1a: Garchomp
|
|upkeep
|
|t:|1776219644
|switch|p1a: Kingambit|Kingambit, M, shiny|69/100
|-activate|p1a: Kingambit|ability: Supreme Overlord
|-start|p1a: Kingambit|fallen4|[silent]
|turn|25
|
|t:|1776219651
|-end|p1a: Kingambit|fallen4|[silent]
|switch|p1a: Sinistcha|Sinistcha-Masterpiece|16/100
|move|p2a: Infernape|Close Combat|p1a: Sinistcha
|-immune|p1a: Sinistcha
|
|upkeep
|turn|26
|
|t:|1776219663
|move|p2a: Infernape|Close Combat|p1a: Sinistcha
|-immune|p1a: Sinistcha
|move|p1a: Sinistcha|Strength Sap|p2a: Infernape
|-unboost|p2a: Infernape|atk|1
|-heal|p1a: Sinistcha|100/100
|
|upkeep
|turn|27
|
|t:|1776219675
|move|p2a: Infernape|Throat Chop|p1a: Sinistcha
|-supereffective|p1a: Sinistcha
|-damage|p1a: Sinistcha|67/100
|-start|p1a: Sinistcha|Throat Chop|[silent]
|move|p1a: Sinistcha|Matcha Gotcha|p2a: Infernape
|-resisted|p2a: Infernape
|-damage|p2a: Infernape|49/100
|-heal|p1a: Sinistcha|85/100|[from] drain|[of] p2a: Infernape
|
|upkeep
|turn|28
|
|t:|1776219687
|move|p2a: Infernape|Raging Fury|p1a: Sinistcha
|-supereffective|p1a: Sinistcha
|-damage|p1a: Sinistcha|14/100
|move|p1a: Sinistcha|Matcha Gotcha|p2a: Infernape
|-resisted|p2a: Infernape
|-damage|p2a: Infernape|11/100
|-heal|p1a: Sinistcha|30/100|[from] drain|[of] p2a: Infernape
|
|-end|p1a: Sinistcha|Throat Chop|[silent]
|upkeep
|turn|29
|
|t:|1776219700
|move|p2a: Infernape|Raging Fury|p1a: Sinistcha|[from] lockedmove
|-supereffective|p1a: Sinistcha
|-damage|p1a: Sinistcha|0 fnt
|faint|p1a: Sinistcha
|-start|p2a: Infernape|confusion|[fatigue]
|
|upkeep
|
|t:|1776219705
|switch|p1a: Kingambit|Kingambit, M, shiny|69/100
|-activate|p1a: Kingambit|ability: Supreme Overlord
|-start|p1a: Kingambit|fallen5|[silent]
|turn|30
|
|t:|1776219711
|-activate|p2a: Infernape|confusion
|move|p2a: Infernape|Close Combat|p1a: Kingambit
|-supereffective|p1a: Kingambit
|-damage|p1a: Kingambit|0 fnt
|-unboost|p2a: Infernape|def|1
|-unboost|p2a: Infernape|spd|1
|faint|p1a: Kingambit
|-end|p1a: Kingambit|fallen5|[silent]
|
|win|big_chud837396
|raw|peepooguy's rating: 1063 &rarr; <strong>1041</strong><br />(-22 for losing)
|raw|big_chud837396's rating: 1012 &rarr; <strong>1056</strong><br />(+44 for winning)
|l|☆peepooguy
|player|p1|
