|html|<div class="broadcast-blue"><strong>[Gen 9] OU is currently suspecting Tera Blast! For information on how to participate check out the <a href="https://www.smogon.com/tools/suspects/view/200">suspect thread</a>.</strong></div>
|j|☆dalucu23
|j|☆leafyuwu
|t:|1776096810
|gametype|singles
|player|p1|dalucu23|biker|1130
|player|p2|leafyuwu|2|1152
|gen|9
|tier|[Gen 9] OU
|rated|
|rule|HP Percentage Mod: HP is shown in percentages
|rule|Endless Battle Clause: Forcing endless battles is banned
|rule|Species Clause: Limit one of each Pokémon
|rule|OHKO Clause: OHKO moves are banned
|rule|Evasion Items Clause: Evasion items are banned
|rule|Evasion Moves Clause: Evasion moves are banned
|rule|Evasion Abilities Clause: Evasion abilities are banned
|rule|Sleep Moves Clause: Sleep-inducing moves are banned
|clearpoke
|poke|p1|Pelipper, M|
|poke|p1|Barraskewda, M|
|poke|p1|Hydreigon, F|
|poke|p1|Dragapult, M|
|poke|p1|Volbeat, M|
|poke|p1|Tentacruel, M|
|poke|p2|Gliscor, M|
|poke|p2|Indeedee-F, F|
|poke|p2|Excadrill, F|
|poke|p2|Tyranitar, F|
|poke|p2|Iron Valiant|
|poke|p2|Primarina, M|
|teampreview
|inactive|Battle timer is ON: inactive players will automatically lose when time's up. (requested by dalucu23)
|
|t:|1776096825
|teamsize|p1|6
|teamsize|p2|6
|start
|switch|p1a: Pelipper|Pelipper, M|100/100
|switch|p2a: Dinosaur|Tyranitar, F|100/100
|-weather|RainDance|[from] ability: Drizzle|[of] p1a: Pelipper
|-weather|Sandstorm|[from] ability: Sand Stream|[of] p2a: Dinosaur
|turn|1
|
|t:|1776096832
|move|p1a: Pelipper|U-turn|p2a: Dinosaur
|-supereffective|p2a: Dinosaur
|-damage|p2a: Dinosaur|88/100
|
|t:|1776096845
|switch|p1a: Tentacruel|Tentacruel, M|100/100|[from] U-turn
|move|p2a: Dinosaur|Rock Slide|p1a: Tentacruel
|-damage|p1a: Tentacruel|35/100
|
|-weather|Sandstorm|[upkeep]
|-damage|p1a: Tentacruel|29/100|[from] Sandstorm
|-heal|p1a: Tentacruel|35/100|[from] item: Leftovers
|upkeep
|turn|2
|inactive|dalucu23 has 120 seconds left.
|
|t:|1776096883
|move|p1a: Tentacruel|Flip Turn|p2a: Dinosaur
|-supereffective|p2a: Dinosaur
|-damage|p2a: Dinosaur|58/100
|
|t:|1776096892
|switch|p1a: Barraskewda|Barraskewda, M|100/100|[from] Flip Turn
|move|p2a: Dinosaur|Rock Slide|p1a: Barraskewda
|-damage|p1a: Barraskewda|23/100
|
|-weather|Sandstorm|[upkeep]
|-damage|p1a: Barraskewda|16/100|[from] Sandstorm
|upkeep
|turn|3
|inactive|dalucu23 has 120 seconds left.
|
|t:|1776096903
|move|p1a: Barraskewda|Flip Turn|p2a: Dinosaur
|-supereffective|p2a: Dinosaur
|-damage|p2a: Dinosaur|0 fnt
|faint|p2a: Dinosaur
|
|t:|1776096908
|switch|p1a: Pelipper|Pelipper, M|100/100|[from] Flip Turn
|-weather|RainDance|[from] ability: Drizzle|[of] p1a: Pelipper
|
|-weather|RainDance|[upkeep]
|upkeep
|
|t:|1776096916
|switch|p2a: Lighting MC queen|Excadrill, F|100/100
|turn|4
|
|t:|1776096924
|switch|p2a: Primarina|Primarina, M|100/100
|move|p1a: Pelipper|Tailwind|p1a: Pelipper
|-sidestart|p1: dalucu23|move: Tailwind
|
|-weather|RainDance|[upkeep]
|upkeep
|turn|5
|
|t:|1776096934
|move|p1a: Pelipper|U-turn|p2a: Primarina
|-resisted|p2a: Primarina
|-damage|p2a: Primarina|96/100
|
|t:|1776096937
|switch|p1a: Tentacruel|Tentacruel, M|35/100|[from] U-turn
|move|p2a: Primarina|Moonblast|p1a: Tentacruel
|-resisted|p1a: Tentacruel
|-damage|p1a: Tentacruel|10/100
|
|-weather|RainDance|[upkeep]
|-heal|p1a: Tentacruel|16/100|[from] item: Leftovers
|upkeep
|turn|6
|
|t:|1776096950
|switch|p2a: Lighting MC queen|Excadrill, F|100/100
|move|p1a: Tentacruel|Poison Jab|p2a: Lighting MC queen
|-immune|p2a: Lighting MC queen
|
|-weather|RainDance|[upkeep]
|-heal|p1a: Tentacruel|22/100|[from] item: Leftovers
|upkeep
|turn|7
|
|t:|1776096956
|move|p1a: Tentacruel|Liquidation|p2a: Lighting MC queen
|-supereffective|p2a: Lighting MC queen
|-damage|p2a: Lighting MC queen|0 fnt
|faint|p2a: Lighting MC queen
|
|-weather|RainDance|[upkeep]
|-heal|p1a: Tentacruel|28/100|[from] item: Leftovers
|-sideend|p1: dalucu23|move: Tailwind
|upkeep
|
|t:|1776096963
|switch|p2a: Primarina|Primarina, M|96/100
|turn|8
|
|t:|1776096971
|move|p1a: Tentacruel|Poison Jab|p2a: Primarina
|-supereffective|p2a: Primarina
|-damage|p2a: Primarina|31/100
|move|p2a: Primarina|Shadow Ball|p1a: Tentacruel
|-damage|p1a: Tentacruel|1/100
|
|-weather|RainDance|[upkeep]
|-heal|p1a: Tentacruel|7/100|[from] item: Leftovers
|upkeep
|turn|9
|
|t:|1776096980
|move|p1a: Tentacruel|Poison Jab|p2a: Primarina
|-supereffective|p2a: Primarina
|-damage|p2a: Primarina|0 fnt
|faint|p2a: Primarina
|
|-weather|RainDance|[upkeep]
|-heal|p1a: Tentacruel|13/100|[from] item: Leftovers
|upkeep
|
|t:|1776096985
|switch|p2a: toxic|Gliscor, M|100/100
|turn|10
|
|t:|1776096990
|move|p2a: toxic|Knock Off|p1a: Tentacruel
|-damage|p1a: Tentacruel|0 fnt
|-enditem|p1a: Tentacruel|Leftovers|[from] move: Knock Off|[of] p2a: toxic
|faint|p1a: Tentacruel
|
|-weather|none
|-status|p2a: toxic|tox|[from] item: Toxic Orb
|upkeep
|
|t:|1776097000
|switch|p1a: Pelipper|Pelipper, M|100/100
|-weather|RainDance|[from] ability: Drizzle|[of] p1a: Pelipper
|turn|11
|
|t:|1776097014
|move|p2a: toxic|Knock Off|p1a: Pelipper
|-damage|p1a: Pelipper|73/100
|-enditem|p1a: Pelipper|Damp Rock|[from] move: Knock Off|[of] p2a: toxic
|move|p1a: Pelipper|Tailwind|p1a: Pelipper
|-sidestart|p1: dalucu23|move: Tailwind
|
|-weather|RainDance|[upkeep]
|upkeep
|turn|12
|
|t:|1776097018
|move|p1a: Pelipper|Surf|p2a: toxic
|-supereffective|p2a: toxic
|-damage|p2a: toxic|0 fnt
|faint|p2a: toxic
|
|-weather|RainDance|[upkeep]
|upkeep
|l|☆leafyuwu
|inactive|leafyuwu disconnected and has a minute to reconnect!
|player|p2|
|j|☆leafyuwu
|inactive|leafyuwu reconnected and has 120 seconds left.
|player|p2|leafyuwu|2|
|inactive|leafyuwu has 90 seconds left.
|
|t:|1776097100
|switch|p2a: Iron Valiant|Iron Valiant|100/100
|-enditem|p2a: Iron Valiant|Booster Energy
|-activate|p2a: Iron Valiant|ability: Quark Drive|[fromitem]
|-start|p2a: Iron Valiant|quarkdrivespe
|turn|13
|
|t:|1776097109
|-end|p2a: Iron Valiant|Quark Drive|[silent]
|switch|p2a: Thinker|Indeedee-F, F|100/100
|-fieldstart|move: Psychic Terrain|[from] ability: Psychic Surge|[of] p2a: Thinker
|move|p1a: Pelipper|Surf|p2a: Thinker
|-damage|p2a: Thinker|42/100
|
|-weather|RainDance|[upkeep]
|upkeep
|turn|14
|
|t:|1776097123
|move|p1a: Pelipper|U-turn|p2a: Thinker
|-supereffective|p2a: Thinker
|-damage|p2a: Thinker|10/100
|
|t:|1776097126
|switch|p1a: Hydreigon|Hydreigon, F|100/100|[from] U-turn
|move|p2a: Thinker|Hyper Voice|p1a: Hydreigon
|-crit|p1a: Hydreigon
|-damage|p1a: Hydreigon|17/100
|
|-weather|RainDance|[upkeep]
|-sideend|p1: dalucu23|move: Tailwind
|upkeep
|turn|15
|inactive|leafyuwu has 90 seconds left.
|
|t:|1776097136
|move|p2a: Thinker|Hyper Voice|p1a: Hydreigon
|-damage|p1a: Hydreigon|0 fnt
|faint|p1a: Hydreigon
|
|-weather|RainDance|[upkeep]
|upkeep
|
|t:|1776097144
|switch|p1a: Dragapult|Dragapult, M|100/100
|turn|16
|
|t:|1776097148
|move|p1a: Dragapult|Thunderbolt|p2a: Thinker
|-crit|p2a: Thinker
|-damage|p2a: Thinker|0 fnt
|faint|p2a: Thinker
|
|-weather|RainDance|[upkeep]
|upkeep
|
|t:|1776097152
|switch|p2a: Iron Valiant|Iron Valiant|100/100
|turn|17
|
|t:|1776097158
|switch|p1a: Volbeat|Volbeat, M|100/100
|move|p2a: Iron Valiant|Shadow Ball|p1a: Volbeat
|-damage|p1a: Volbeat|65/100
|-unboost|p1a: Volbeat|spd|1
|
|-weather|RainDance|[upkeep]
|-fieldend|move: Psychic Terrain
|upkeep
|turn|18
|
|t:|1776097170
|move|p1a: Volbeat|Thunder Wave|p2a: Iron Valiant|[miss]
|-miss|p1a: Volbeat|p2a: Iron Valiant
|move|p2a: Iron Valiant|Moonblast|p1a: Volbeat
|-damage|p1a: Volbeat|0 fnt
|faint|p1a: Volbeat
|
|-weather|none
|upkeep
|
|t:|1776097178
|switch|p1a: Pelipper|Pelipper, M|73/100
|-weather|RainDance|[from] ability: Drizzle|[of] p1a: Pelipper
|turn|19
|
|t:|1776097182
|move|p2a: Iron Valiant|Moonblast|p1a: Pelipper
|-damage|p1a: Pelipper|5/100
|move|p1a: Pelipper|Tailwind|p1a: Pelipper
|-sidestart|p1: dalucu23|move: Tailwind
|
|-weather|RainDance|[upkeep]
|upkeep
|turn|20
|
|t:|1776097186
|move|p1a: Pelipper|Surf|p2a: Iron Valiant
|-damage|p2a: Iron Valiant|19/100
|move|p2a: Iron Valiant|Moonblast|p1a: Pelipper
|-damage|p1a: Pelipper|0 fnt
|faint|p1a: Pelipper
|
|-weather|RainDance|[upkeep]
|upkeep
|
|t:|1776097190
|switch|p1a: Barraskewda|Barraskewda, M|16/100
|turn|21
|
|t:|1776097193
|move|p1a: Barraskewda|Waterfall|p2a: Iron Valiant
|-damage|p2a: Iron Valiant|0 fnt
|faint|p2a: Iron Valiant
|-end|p2a: Iron Valiant|Quark Drive|[silent]
|
|win|dalucu23
|raw|dalucu23's rating: 1130 &rarr; <strong>1157</strong><br />(+27 for winning)
|raw|leafyuwu's rating: 1152 &rarr; <strong>1125</strong><br />(-27 for losing)
|l|☆leafyuwu
|player|p2|
|c|☆dalucu23|Gg
|l|☆dalucu23
|player|p1|
