|html|<div class="broadcast-blue"><strong>[Gen 9] OU is currently suspecting Tera Blast! For information on how to participate check out the <a href="https://www.smogon.com/tools/suspects/view/200">suspect thread</a>.</strong></div>
|j|☆jglassx
|j|☆FireWaterPlant
|t:|1776094870
|gametype|singles
|player|p1|jglassx|shelly-gen3|1537
|player|p2|FireWaterPlant|lucas-gen4pt|1481
|gen|9
|tier|[Gen 9] OU
|rated|
|rule|HP Percentage Mod: HP is shown in percentages
|rule|Endless Battle Clause: Forcing endless battles is banned
|rule|Species Clause: Limit one of each Pokémon
|rule|OHKO Clause: OHKO moves are banned
|rule|Evasion Items Clause: Evasion items are banned
|rule|Evasion Moves Clause: Evasion moves are banned
|rule|Evasion Abilities Clause: Evasion abilities are banned
|rule|Sleep Moves Clause: Sleep-inducing moves are banned
|clearpoke
|poke|p1|Excadrill, F|
|poke|p1|Tyranitar, F|
|poke|p1|Gholdengo|
|poke|p1|Chesnaught, F|
|poke|p1|Tornadus-Therian, M|
|poke|p1|Iron Valiant|
|poke|p2|Kyurem|
|poke|p2|Cinderace, M|
|poke|p2|Iron Valiant|
|poke|p2|Kingambit, M|
|poke|p2|Zapdos|
|poke|p2|Landorus-Therian, M|
|teampreview
|inactive|Battle timer is ON: inactive players will automatically lose when time's up. (requested by jglassx)
|
|t:|1776094879
|teamsize|p1|6
|teamsize|p2|6
|start
|switch|p1a: Tyranitar|Tyranitar, F|100/100
|switch|p2a: Landorus|Landorus-Therian, M|100/100
|-ability|p2a: Landorus|Intimidate|boost
|-unboost|p1a: Tyranitar|atk|1
|-weather|Sandstorm|[from] ability: Sand Stream|[of] p1a: Tyranitar
|turn|1
|
|t:|1776094901
|move|p2a: Landorus|Earthquake|p1a: Tyranitar
|-supereffective|p1a: Tyranitar
|-damage|p1a: Tyranitar|0 fnt
|faint|p1a: Tyranitar
|
|-weather|Sandstorm|[upkeep]
|upkeep
|
|t:|1776094913
|switch|p1a: Tornadus|Tornadus-Therian, M, shiny|100/100
|turn|2
|
|t:|1776094919
|switch|p2a: Zapdos|Zapdos|100/100
|move|p1a: Tornadus|Knock Off|p2a: Zapdos
|-damage|p2a: Zapdos|87/100
|-enditem|p2a: Zapdos|Heavy-Duty Boots|[from] move: Knock Off|[of] p1a: Tornadus
|
|-weather|Sandstorm|[upkeep]
|-damage|p1a: Tornadus|94/100|[from] Sandstorm
|-damage|p2a: Zapdos|81/100|[from] Sandstorm
|upkeep
|turn|3
|
|t:|1776094960
|switch|p1a: Excadrill|Excadrill, F|100/100
|-item|p1a: Excadrill|Air Balloon
|move|p2a: Zapdos|Volt Switch|p1a: Excadrill
|-immune|p1a: Excadrill
|
|-weather|Sandstorm|[upkeep]
|-damage|p2a: Zapdos|75/100|[from] Sandstorm
|upkeep
|turn|4
|
|t:|1776094966
|move|p1a: Excadrill|Swords Dance|p1a: Excadrill
|-boost|p1a: Excadrill|atk|2
|move|p2a: Zapdos|Hurricane|p1a: Excadrill
|-resisted|p1a: Excadrill
|-damage|p1a: Excadrill|71/100
|-start|p1a: Excadrill|confusion
|-enditem|p1a: Excadrill|Air Balloon
|
|-weather|Sandstorm|[upkeep]
|-damage|p2a: Zapdos|69/100|[from] Sandstorm
|upkeep
|turn|5
|
|t:|1776094972
|switch|p2a: Landorus|Landorus-Therian, M|100/100
|-ability|p2a: Landorus|Intimidate|boost
|-unboost|p1a: Excadrill|atk|1
|-activate|p1a: Excadrill|confusion
|-damage|p1a: Excadrill|40/100|[from] confusion
|
|-weather|none
|upkeep
|turn|6
|
|t:|1776094979
|switch|p1a: Tornadus|Tornadus-Therian, M, shiny|100/100
|move|p2a: Landorus|Earthquake|p1a: Tornadus
|-immune|p1a: Tornadus
|
|upkeep
|turn|7
|
|t:|1776094985
|move|p1a: Tornadus|Bleakwind Storm|p2a: Landorus
|-damage|p2a: Landorus|50/100
|-unboost|p2a: Landorus|spe|1
|move|p2a: Landorus|Stone Edge|p1a: Tornadus|[miss]
|-miss|p2a: Landorus|p1a: Tornadus
|
|upkeep
|turn|8
|c|☆FireWaterPlant|Call it even
|
|t:|1776095014
|switch|p2a: Zapdos|Zapdos|69/100
|move|p1a: Tornadus|Bleakwind Storm|p2a: Zapdos
|-resisted|p2a: Zapdos
|-damage|p2a: Zapdos|49/100
|
|upkeep
|turn|9
|
|t:|1776095027
|switch|p1a: Excadrill|Excadrill, F|40/100
|move|p2a: Zapdos|Roost|p2a: Zapdos
|-heal|p2a: Zapdos|99/100
|-singleturn|p2a: Zapdos|move: Roost
|
|upkeep
|turn|10
|
|t:|1776095041
|switch|p2a: Landorus|Landorus-Therian, M|50/100
|-ability|p2a: Landorus|Intimidate|boost
|-unboost|p1a: Excadrill|atk|1
|move|p1a: Excadrill|Rock Slide|p2a: Landorus
|-damage|p2a: Landorus|27/100
|
|upkeep
|turn|11
|
|t:|1776095050
|switch|p1a: Chesnaught|Chesnaught, F, shiny|100/100
|move|p2a: Landorus|Earthquake|p1a: Chesnaught
|-resisted|p1a: Chesnaught
|-crit|p1a: Chesnaught
|-damage|p1a: Chesnaught|70/100
|
|upkeep
|turn|12
|
|t:|1776095067
|switch|p2a: Zapdos|Zapdos|99/100
|switch|p1a: Excadrill|Excadrill, F|40/100
|
|upkeep
|turn|13
|c|☆FireWaterPlant|Y does bro have a chesnaught
|
|t:|1776095075
|move|p1a: Excadrill|Rock Slide|p2a: Zapdos
|-supereffective|p2a: Zapdos
|-damage|p2a: Zapdos|54/100
|move|p2a: Zapdos|Hurricane|p1a: Excadrill|[miss]
|-miss|p2a: Zapdos|p1a: Excadrill
|
|upkeep
|turn|14
|c|☆jglassx|he's pretty good for me actually
|c|☆FireWaterPlant|Ok
|c|☆jglassx|fucks up Hisui Samo
|c|☆jglassx|and Great Tusk
|inactive|jglassx has 120 seconds left.
|c|☆jglassx|and Lando T
|
|t:|1776095110
|switch|p2a: Landorus|Landorus-Therian, M|27/100
|-ability|p2a: Landorus|Intimidate|boost
|-unboost|p1a: Excadrill|atk|1
|move|p1a: Excadrill|Rock Slide|p2a: Landorus|[miss]
|-miss|p1a: Excadrill|p2a: Landorus
|
|upkeep
|turn|15
|c|☆FireWaterPlant|Its job is just to spike u tho
|inactive|jglassx has 120 seconds left.
|c|☆jglassx|it has lots of jobs
|
|t:|1776095132
|switch|p1a: Chesnaught|Chesnaught, F, shiny|70/100
|move|p2a: Landorus|Stone Edge|p1a: Chesnaught|[miss]
|-miss|p2a: Landorus|p1a: Chesnaught
|
|upkeep
|turn|16
|inactive|jglassx has 120 seconds left.
|
|t:|1776095144
|switch|p2a: Zapdos|Zapdos|54/100
|move|p1a: Chesnaught|Knock Off|p2a: Zapdos
|-damage|p2a: Zapdos|41/100
|
|upkeep
|turn|17
|inactive|jglassx has 120 seconds left.
|
|t:|1776095154
|switch|p1a: Gholdengo|Gholdengo|100/100
|move|p2a: Zapdos|Roost|p2a: Zapdos
|-heal|p2a: Zapdos|92/100
|-singleturn|p2a: Zapdos|move: Roost
|
|upkeep
|turn|18
|inactive|jglassx has 120 seconds left.
|
|t:|1776095167
|move|p1a: Gholdengo|Nasty Plot|p1a: Gholdengo
|-boost|p1a: Gholdengo|spa|2
|move|p2a: Zapdos|Volt Switch|p1a: Gholdengo
|-damage|p1a: Gholdengo|69/100
|
|t:|1776095176
|switch|p2a: Landorus|Landorus-Therian, M|27/100|[from] Volt Switch
|-ability|p2a: Landorus|Intimidate|boost
|-unboost|p1a: Gholdengo|atk|1
|
|upkeep
|turn|19
|
|t:|1776095180
|switch|p1a: Chesnaught|Chesnaught, F, shiny|70/100
|move|p2a: Landorus|Earthquake|p1a: Chesnaught
|-resisted|p1a: Chesnaught
|-damage|p1a: Chesnaught|51/100
|
|upkeep
|turn|20
|
|t:|1776095184
|switch|p2a: Zapdos|Zapdos|92/100
|move|p1a: Chesnaught|Synthesis|p1a: Chesnaught
|-heal|p1a: Chesnaught|100/100
|
|upkeep
|turn|21
|
|t:|1776095193
|switch|p1a: Excadrill|Excadrill, F|40/100
|move|p2a: Zapdos|Hurricane|p1a: Excadrill
|-resisted|p1a: Excadrill
|-damage|p1a: Excadrill|8/100
|-start|p1a: Excadrill|confusion
|
|upkeep
|turn|22
|
|t:|1776095202
|-activate|p1a: Excadrill|confusion
|move|p1a: Excadrill|Rock Slide|p2a: Zapdos
|-supereffective|p2a: Zapdos
|-damage|p2a: Zapdos|46/100
|move|p2a: Zapdos|Hurricane|p1a: Excadrill
|-resisted|p1a: Excadrill
|-damage|p1a: Excadrill|0 fnt
|faint|p1a: Excadrill
|
|upkeep
|
|t:|1776095214
|switch|p1a: Gholdengo|Gholdengo|69/100
|turn|23
|
|t:|1776095225
|switch|p2a: Kingambit|Kingambit, M|100/100
|-terastallize|p1a: Gholdengo|Steel
|move|p1a: Gholdengo|Make It Rain|p2a: Kingambit
|-resisted|p2a: Kingambit
|-damage|p2a: Kingambit|44/100
|-unboost|p1a: Gholdengo|spa|1
|
|-heal|p2a: Kingambit|50/100|[from] item: Leftovers
|upkeep
|turn|24
|inactive|FireWaterPlant has 120 seconds left.
|
|t:|1776095263
|switch|p1a: Chesnaught|Chesnaught, F, shiny|100/100
|-end|p2a: Kingambit|fallenundefined|[silent]
|switch|p2a: Zapdos|Zapdos|46/100
|
|upkeep
|turn|25
|inactive|FireWaterPlant has 120 seconds left.
|
|t:|1776095286
|move|p2a: Zapdos|Roost|p2a: Zapdos
|-heal|p2a: Zapdos|96/100
|-singleturn|p2a: Zapdos|move: Roost
|move|p1a: Chesnaught|Body Press|p2a: Zapdos
|-damage|p2a: Zapdos|63/100
|-status|p1a: Chesnaught|par|[from] ability: Static|[of] p2a: Zapdos
|
|upkeep
|turn|26
|c|☆jglassx|gg
|-message|jglassx forfeited.
|
|win|FireWaterPlant
