|html|<div class="broadcast-blue"><strong>[Gen 9] OU is currently suspecting Tera Blast! For information on how to participate check out the <a href="https://www.smogon.com/tools/suspects/view/200">suspect thread</a>.</strong></div>
|j|☆huyhoaga2401
|j|☆Beetterfly
|t:|1776062737
|gametype|singles
|player|p1|huyhoaga2401|101|1119
|player|p2|Beetterfly|medium|1127
|gen|9
|tier|[Gen 9] OU
|rated|
|rule|HP Percentage Mod: HP is shown in percentages
|rule|Endless Battle Clause: Forcing endless battles is banned
|rule|Species Clause: Limit one of each Pokémon
|rule|OHKO Clause: OHKO moves are banned
|rule|Evasion Items Clause: Evasion items are banned
|rule|Evasion Moves Clause: Evasion moves are banned
|rule|Evasion Abilities Clause: Evasion abilities are banned
|rule|Sleep Moves Clause: Sleep-inducing moves are banned
|clearpoke
|poke|p1|Lurantis, M|
|poke|p1|Samurott-Hisui, F|
|poke|p1|Cinderace, M|
|poke|p1|Gliscor, F|
|poke|p1|Raging Bolt|
|poke|p1|Kingambit, M|
|poke|p2|Dragapult, F|
|poke|p2|Whimsicott, M|
|poke|p2|Heatran, F|
|poke|p2|Jirachi|
|poke|p2|Iron Treads|
|poke|p2|Ogerpon-Wellspring, F|
|teampreview
|inactive|Battle timer is ON: inactive players will automatically lose when time's up. (requested by huyhoaga2401)
|j| ohko_smeargle
|
|t:|1776062740
|teamsize|p1|6
|teamsize|p2|6
|start
|switch|p1a: Samurott|Samurott-Hisui, F|100/100
|switch|p2a: Whimsicott|Whimsicott, M|100/100
|turn|1
|
|t:|1776062749
|move|p2a: Whimsicott|Moonblast|p1a: Samurott
|-supereffective|p1a: Samurott
|-crit|p1a: Samurott
|-damage|p1a: Samurott|0 fnt
|faint|p1a: Samurott
|
|upkeep
|
|t:|1776062755
|switch|p1a: Cinderace|Cinderace, M|100/100
|turn|2
|
|t:|1776062763
|switch|p2a: Ogerpon|Ogerpon-Wellspring, F|100/100
|move|p1a: Cinderace|Pyro Ball|p2a: Ogerpon
|-damage|p2a: Ogerpon|3/100
|-damage|p1a: Cinderace|91/100|[from] item: Life Orb
|
|upkeep
|turn|3
|
|t:|1776062792
|move|p1a: Cinderace|Pyro Ball|p2a: Ogerpon
|-damage|p2a: Ogerpon|0 fnt
|faint|p2a: Ogerpon
|-damage|p1a: Cinderace|81/100|[from] item: Life Orb
|
|upkeep
|
|t:|1776062801
|switch|p2a: Iron Treads|Iron Treads|100/100
|-enditem|p2a: Iron Treads|Booster Energy
|-activate|p2a: Iron Treads|ability: Quark Drive|[fromitem]
|-start|p2a: Iron Treads|quarkdrivespe
|turn|4
|inactive|Beetterfly has 120 seconds left.
|
|t:|1776062825
|switch|p1a: Lurantis|Lurantis, M|100/100
|move|p2a: Iron Treads|Earthquake|p1a: Lurantis
|-resisted|p1a: Lurantis
|-crit|p1a: Lurantis
|-damage|p1a: Lurantis|60/100
|
|upkeep
|turn|5
|inactive|Beetterfly has 120 seconds left.
|
|t:|1776062834
|move|p2a: Iron Treads|Ice Spinner|p1a: Lurantis
|-supereffective|p1a: Lurantis
|-damage|p1a: Lurantis|9/100
|-enditem|p1a: Lurantis|Sitrus Berry|[eat]
|-heal|p1a: Lurantis|34/100|[from] item: Sitrus Berry
|move|p1a: Lurantis|Leaf Storm|p2a: Iron Treads
|-damage|p2a: Iron Treads|43/100
|-boost|p1a: Lurantis|spa|2
|
|upkeep
|turn|6
|
|t:|1776062846
|-terastallize|p1a: Lurantis|Fighting
|move|p2a: Iron Treads|Ice Spinner|p1a: Lurantis
|-damage|p1a: Lurantis|9/100
|move|p1a: Lurantis|Superpower|p2a: Iron Treads
|-supereffective|p2a: Iron Treads
|-damage|p2a: Iron Treads|0 fnt
|-boost|p1a: Lurantis|atk|1
|-boost|p1a: Lurantis|def|1
|faint|p2a: Iron Treads
|-end|p2a: Iron Treads|Quark Drive|[silent]
|
|upkeep
|
|t:|1776062860
|switch|p2a: Jirachi|Jirachi|100/100
|turn|7
|
|t:|1776062867
|move|p2a: Jirachi|U-turn|p1a: Lurantis
|-resisted|p1a: Lurantis
|-damage|p1a: Lurantis|1/100
|
|t:|1776062872
|switch|p2a: Whimsicott|Whimsicott, M|100/100|[from] U-turn
|move|p1a: Lurantis|Knock Off|p2a: Whimsicott
|-resisted|p2a: Whimsicott
|-damage|p2a: Whimsicott|66/100
|-enditem|p2a: Whimsicott|Choice Scarf|[from] move: Knock Off|[of] p1a: Lurantis
|
|upkeep
|turn|8
|
|t:|1776062897
|switch|p1a: Cinderace|Cinderace, M|81/100
|move|p2a: Whimsicott|U-turn|p1a: Cinderace
|-resisted|p1a: Cinderace
|-damage|p1a: Cinderace|73/100
|
|t:|1776062905
|switch|p2a: Dragapult|Dragapult, F|100/100|[from] U-turn
|
|upkeep
|turn|9
|
|t:|1776062914
|move|p1a: Cinderace|Sucker Punch|p2a: Dragapult
|-start|p1a: Cinderace|typechange|Dark|[from] ability: Libero
|-supereffective|p2a: Dragapult
|-damage|p2a: Dragapult|0 fnt
|faint|p2a: Dragapult
|-damage|p1a: Cinderace|63/100|[from] item: Life Orb
|
|upkeep
|-message|Beetterfly forfeited.
|
|win|huyhoaga2401
|raw|huyhoaga2401's rating: 1119 &rarr; <strong>1145</strong><br />(+26 for winning)
|raw|Beetterfly's rating: 1127 &rarr; <strong>1101</strong><br />(-26 for losing)
|l|☆Beetterfly
|player|p2|
|l| ohko_smeargle
|l|☆huyhoaga2401
|player|p1|
