|html|<div class="broadcast-blue"><strong>[Gen 9] OU is currently suspecting Volcarona! For information on how to participate check out the <a href="https://www.smogon.com/tools/suspects/view/208">suspect thread</a>.</strong></div>
|j|☆labananebleu
|j|☆xamorke2111
|t:|1778510456
|gametype|singles
|player|p1|labananebleu|emmet|1254
|player|p2|xamorke2111|gambler|1299
|gen|9
|tier|[Gen 9] OU
|rated|
|rule|HP Percentage Mod: HP is shown in percentages
|rule|Endless Battle Clause: Forcing endless battles is banned
|rule|Species Clause: Limit one of each Pokémon
|rule|OHKO Clause: OHKO moves are banned
|rule|Evasion Items Clause: Evasion items are banned
|rule|Evasion Moves Clause: Evasion moves are banned
|rule|Evasion Abilities Clause: Evasion abilities are banned
|rule|Sleep Moves Clause: Sleep-inducing moves are banned
|clearpoke
|poke|p1|Great Tusk|
|poke|p1|Iron Crown|
|poke|p1|Ogerpon-Wellspring, F|
|poke|p1|Zapdos|
|poke|p1|Iron Boulder|
|poke|p1|Zoroark-Hisui, M|
|poke|p2|Iron Valiant|
|poke|p2|Kyurem|
|poke|p2|Kommo-o, M|
|poke|p2|Corviknight, M|
|poke|p2|Cinderace, M|
|poke|p2|Grafaiai, M|
|teampreview
|inactive|Battle timer is ON: inactive players will automatically lose when time's up. (requested by xamorke2111)
|
|t:|1778510491
|teamsize|p1|6
|teamsize|p2|6
|start
|switch|p1a: Ogerpon|Ogerpon-Wellspring, F|100/100
|switch|p2a: Grafaiai|Grafaiai, M|100/100
|turn|1
|
|t:|1778510512
|switch|p1a: Iron Crown|Iron Crown|100/100
|move|p2a: Grafaiai|Foul Play|p1a: Iron Crown
|-supereffective|p1a: Iron Crown
|-damage|p1a: Iron Crown|69/100
|
|upkeep
|turn|2
|
|t:|1778510523
|move|p1a: Iron Crown|Psychic Noise|p2a: Grafaiai
|-supereffective|p2a: Grafaiai
|-damage|p2a: Grafaiai|0 fnt
|faint|p2a: Grafaiai
|
|upkeep
|
|t:|1778510532
|switch|p2a: Kommo-o|Kommo-o, M|100/100
|turn|3
|
|t:|1778510536
|move|p1a: Iron Crown|Psychic Noise|p2a: Kommo-o
|-immune|p2a: Kommo-o|[from] ability: Soundproof
|move|p2a: Kommo-o|Belly Drum|p2a: Kommo-o
|-damage|p2a: Kommo-o|50/100
|-setboost|p2a: Kommo-o|atk|6|[from] move: Belly Drum
|
|upkeep
|turn|4
|
|t:|1778510549
|-end|p1a: Iron Crown|Quark Drive|[silent]
|switch|p1a: Zapdos|Zapdos|100/100
|move|p2a: Kommo-o|Substitute|p2a: Kommo-o
|-start|p2a: Kommo-o|Substitute
|-damage|p2a: Kommo-o|25/100
|-enditem|p2a: Kommo-o|Salac Berry|[eat]
|-boost|p2a: Kommo-o|spe|1|[from] item: Salac Berry
|
|upkeep
|turn|5
|
|t:|1778510561
|move|p2a: Kommo-o|Drain Punch|p1a: Zapdos
|-resisted|p1a: Zapdos
|-damage|p1a: Zapdos|49/100
|-heal|p2a: Kommo-o|59/100|[from] drain|[of] p1a: Zapdos
|move|p1a: Zapdos|Discharge|p2a: Kommo-o
|-resisted|p2a: Kommo-o
|-activate|p2a: Kommo-o|move: Substitute|[damage]
|
|upkeep
|turn|6
|
|t:|1778510572
|move|p2a: Kommo-o|Drain Punch|p1a: Zapdos
|-resisted|p1a: Zapdos
|-damage|p1a: Zapdos|4/100
|-heal|p2a: Kommo-o|89/100|[from] drain|[of] p1a: Zapdos
|move|p1a: Zapdos|Hurricane|p2a: Kommo-o
|-supereffective|p2a: Kommo-o
|-end|p2a: Kommo-o|Substitute
|
|upkeep
|turn|7
|
|t:|1778510582
|move|p2a: Kommo-o|Substitute|p2a: Kommo-o
|-start|p2a: Kommo-o|Substitute
|-damage|p2a: Kommo-o|64/100
|move|p1a: Zapdos|U-turn|p2a: Kommo-o
|-resisted|p2a: Kommo-o
|-activate|p2a: Kommo-o|move: Substitute|[damage]
|
|t:|1778510595
|switch|p1a: Ogerpon|Ogerpon-Wellspring, F|100/100|[from] U-turn
|
|upkeep
|turn|8
|
|t:|1778510602
|move|p2a: Kommo-o|Iron Head|p1a: Ogerpon
|-resisted|p1a: Ogerpon
|-damage|p1a: Ogerpon|40/100
|cant|p1a: Ogerpon|flinch
|
|upkeep
|turn|9
|
|t:|1778510608
|move|p2a: Kommo-o|Drain Punch|p1a: Ogerpon
|-damage|p1a: Ogerpon|0 fnt
|-heal|p2a: Kommo-o|84/100|[from] drain|[of] p1a: Ogerpon
|faint|p1a: Ogerpon
|
|upkeep
|
|t:|1778510614
|switch|p1a: Iron Crown|Iron Crown|100/100
|turn|10
|
|t:|1778510622
|move|p1a: Iron Crown|Shadow Ball|p2a: Kommo-o
|-end|p2a: Kommo-o|Substitute
|move|p2a: Kommo-o|Drain Punch|p1a: Iron Crown
|-immune|p1a: Iron Crown
|
|upkeep
|turn|11
|
|t:|1778510631
|move|p1a: Iron Crown|Shadow Ball|p2a: Kommo-o
|-damage|p2a: Kommo-o|39/100
|move|p2a: Kommo-o|Iron Head|p1a: Iron Crown
|-damage|p1a: Iron Crown|0 fnt
|replace|p1a: Zoroark|Zoroark-Hisui, M
|-end|p1a: Zoroark|Illusion
|faint|p1a: Zoroark
|
|upkeep
|
|t:|1778510639
|switch|p1a: Iron Boulder|Iron Boulder|100/100
|-enditem|p1a: Iron Boulder|Booster Energy
|-activate|p1a: Iron Boulder|ability: Quark Drive|[fromitem]
|-start|p1a: Iron Boulder|quarkdrivespe
|turn|12
|
|t:|1778510656
|move|p1a: Iron Boulder|Zen Headbutt|p2a: Kommo-o
|-supereffective|p2a: Kommo-o
|-damage|p2a: Kommo-o|0 fnt
|faint|p2a: Kommo-o
|
|upkeep
|
|t:|1778510669
|switch|p2a: Kyurem|Kyurem|100/100
|-ability|p2a: Kyurem|Pressure
|turn|13
|
|t:|1778510691
|switch|p2a: Corviknight|Corviknight, M|100/100
|-terastallize|p1a: Iron Boulder|Fairy
|move|p1a: Iron Boulder|Swords Dance|p1a: Iron Boulder
|-boost|p1a: Iron Boulder|atk|2
|
|upkeep
|turn|14
|
|t:|1778510706
|move|p1a: Iron Boulder|Mighty Cleave|p2a: Corviknight
|-damage|p2a: Corviknight|49/100
|-damage|p1a: Iron Boulder|84/100|[from] item: Rocky Helmet|[of] p2a: Corviknight
|move|p2a: Corviknight|Brave Bird|p1a: Iron Boulder
|-damage|p1a: Iron Boulder|39/100
|-damage|p2a: Corviknight|37/100|[from] Recoil
|
|upkeep
|turn|15
|
|t:|1778510715
|move|p1a: Iron Boulder|Mighty Cleave|p2a: Corviknight
|-damage|p2a: Corviknight|0 fnt
|-damage|p1a: Iron Boulder|23/100|[from] item: Rocky Helmet|[of] p2a: Corviknight
|faint|p2a: Corviknight
|
|upkeep
|
|t:|1778510726
|switch|p2a: Iron Valiant|Iron Valiant|100/100
|-enditem|p2a: Iron Valiant|Booster Energy
|-activate|p2a: Iron Valiant|ability: Quark Drive|[fromitem]
|-start|p2a: Iron Valiant|quarkdrivespe
|turn|16
|
|t:|1778510735
|move|p1a: Iron Boulder|Zen Headbutt|p2a: Iron Valiant|[miss]
|-miss|p1a: Iron Boulder|p2a: Iron Valiant
|move|p2a: Iron Valiant|Spirit Break|p1a: Iron Boulder
|-damage|p1a: Iron Boulder|0 fnt
|faint|p1a: Iron Boulder
|-end|p1a: Iron Boulder|Quark Drive|[silent]
|
|upkeep
|
|t:|1778510745
|switch|p1a: Iron Crown|Iron Crown|69/100
|turn|17
|
|t:|1778510763
|-terastallize|p2a: Iron Valiant|Dragon
|move|p2a: Iron Valiant|Spirit Break|p1a: Iron Crown
|-resisted|p1a: Iron Crown
|-damage|p1a: Iron Crown|48/100
|-unboost|p1a: Iron Crown|spa|1
|move|p1a: Iron Crown|Tachyon Cutter|p2a: Iron Valiant
|-damage|p2a: Iron Valiant|58/100
|-damage|p2a: Iron Valiant|13/100
|-hitcount|p2a: Iron Valiant|2
|
|upkeep
|turn|18
|
|t:|1778510778
|move|p2a: Iron Valiant|Close Combat|p1a: Iron Crown
|-damage|p1a: Iron Crown|0 fnt
|-unboost|p2a: Iron Valiant|def|1
|-unboost|p2a: Iron Valiant|spd|1
|faint|p1a: Iron Crown
|-end|p1a: Iron Crown|Quark Drive|[silent]
|
|upkeep
|
|t:|1778510785
|switch|p1a: Zapdos|Zapdos|4/100
|turn|19
|-message|labananebleu forfeited.
|
|win|xamorke2111
|raw|labananebleu's rating: 1254 &rarr; <strong>1232</strong><br />(-22 for losing)
|raw|xamorke2111's rating: 1299 &rarr; <strong>1321</strong><br />(+22 for winning)
|l|☆labananebleu
|player|p1|
|l|☆xamorke2111
|player|p2|
