|html|<div class="broadcast-blue"><strong>[Gen 9] OU is currently suspecting Tera Blast! For information on how to participate check out the <a href="https://www.smogon.com/tools/suspects/view/200">suspect thread</a>.</strong></div>
|j|☆Moejoee9824
|j|☆HildaBeast23
|t:|1776048393
|gametype|singles
|player|p1|Moejoee9824|265|1068
|player|p2|HildaBeast23|101|1030
|gen|9
|tier|[Gen 9] OU
|rated|
|rule|HP Percentage Mod: HP is shown in percentages
|rule|Endless Battle Clause: Forcing endless battles is banned
|rule|Species Clause: Limit one of each Pokémon
|rule|OHKO Clause: OHKO moves are banned
|rule|Evasion Items Clause: Evasion items are banned
|rule|Evasion Moves Clause: Evasion moves are banned
|rule|Evasion Abilities Clause: Evasion abilities are banned
|rule|Sleep Moves Clause: Sleep-inducing moves are banned
|clearpoke
|poke|p1|Slowking-Galar, M|
|poke|p1|Great Tusk|
|poke|p1|Corviknight, M|
|poke|p1|Dragapult, F|
|poke|p1|Walking Wake|
|poke|p1|Kingambit, M|
|poke|p2|Pikachu, M|
|poke|p2|Falinks|
|poke|p2|Scrafty, M|
|poke|p2|Talonflame, M|
|poke|p2|Kommo-o, M|
|poke|p2|Zapdos-Galar|
|teampreview
|
|t:|1776048409
|teamsize|p1|6
|teamsize|p2|6
|start
|switch|p1a: Great Tusk|Great Tusk|100/100
|switch|p2a: Zapdos|Zapdos-Galar|100/100
|turn|1
|inactive|Battle timer is ON: inactive players will automatically lose when time's up. (requested by HildaBeast23)
|
|t:|1776048417
|move|p2a: Zapdos|Trailblaze|p1a: Great Tusk
|-supereffective|p1a: Great Tusk
|-damage|p1a: Great Tusk|81/100
|-boost|p2a: Zapdos|spe|1
|move|p1a: Great Tusk|Stealth Rock|p2a: Zapdos
|-sidestart|p2: HildaBeast23|move: Stealth Rock
|
|-heal|p1a: Great Tusk|87/100|[from] item: Leftovers
|upkeep
|turn|2
|
|t:|1776048429
|move|p2a: Zapdos|Drill Peck|p1a: Great Tusk
|-supereffective|p1a: Great Tusk
|-damage|p1a: Great Tusk|44/100
|move|p1a: Great Tusk|Stealth Rock||[still]
|-fail|p1a: Great Tusk
|
|-heal|p1a: Great Tusk|50/100|[from] item: Leftovers
|upkeep
|turn|3
|
|t:|1776048448
|-end|p1a: Great Tusk|Protosynthesis|[silent]
|switch|p1a: Walking Wake|Walking Wake|100/100
|move|p2a: Zapdos|Trailblaze|p1a: Walking Wake
|-damage|p1a: Walking Wake|80/100
|-boost|p2a: Zapdos|spe|1
|
|upkeep
|turn|4
|
|t:|1776048459
|-terastallize|p2a: Zapdos|Fighting
|move|p2a: Zapdos|Thunderous Kick|p1a: Walking Wake
|-crit|p1a: Walking Wake
|-damage|p1a: Walking Wake|0 fnt
|faint|p1a: Walking Wake
|-end|p1a: Walking Wake|Protosynthesis|[silent]
|
|upkeep
|
|t:|1776048465
|switch|p1a: Dragapult|Dragapult, F|100/100
|turn|5
|
|t:|1776048476
|move|p2a: Zapdos|Drill Peck|p1a: Dragapult
|-damage|p1a: Dragapult|37/100
|move|p1a: Dragapult|Draco Meteor|p2a: Zapdos
|-damage|p2a: Zapdos|7/100
|-unboost|p1a: Dragapult|spa|2
|-enditem|p2a: Zapdos|Liechi Berry|[eat]
|-boost|p2a: Zapdos|atk|1|[from] item: Liechi Berry
|
|upkeep
|turn|6
|
|t:|1776048485
|move|p2a: Zapdos|Drill Peck|p1a: Dragapult
|-damage|p1a: Dragapult|0 fnt
|faint|p1a: Dragapult
|
|upkeep
|
|t:|1776048490
|switch|p1a: Kingambit|Kingambit, M|100/100
|-activate|p1a: Kingambit|ability: Supreme Overlord
|-start|p1a: Kingambit|fallen2|[silent]
|turn|7
|
|t:|1776048500
|move|p2a: Zapdos|Thunderous Kick|p1a: Kingambit
|-supereffective|p1a: Kingambit
|-damage|p1a: Kingambit|0 fnt
|faint|p1a: Kingambit
|-end|p1a: Kingambit|fallen2|[silent]
|
|upkeep
|
|t:|1776048508
|switch|p1a: Slowking|Slowking-Galar, M|100/100
|turn|8
|
|t:|1776048513
|move|p2a: Zapdos|Stomping Tantrum|p1a: Slowking
|-supereffective|p1a: Slowking
|-damage|p1a: Slowking|14/100
|move|p1a: Slowking|Flamethrower|p2a: Zapdos
|-damage|p2a: Zapdos|0 fnt
|faint|p2a: Zapdos
|
|upkeep
|
|t:|1776048520
|switch|p2a: Talonflame|Talonflame, M|100/100
|-damage|p2a: Talonflame|50/100|[from] Stealth Rock
|-enditem|p2a: Talonflame|Sitrus Berry|[eat]
|-heal|p2a: Talonflame|75/100|[from] item: Sitrus Berry
|turn|9
|
|t:|1776048532
|-terastallize|p1a: Slowking|Poison
|move|p2a: Talonflame|Defog|p1a: Slowking
|-unboost|p1a: Slowking|evasion|1
|-sideend|p2: HildaBeast23|Stealth Rock|[from] move: Defog|[of] p2a: Talonflame
|move|p1a: Slowking|Future Sight|p2a: Talonflame
|-start|p1a: Slowking|move: Future Sight
|
|upkeep
|turn|10
|
|t:|1776048541
|move|p2a: Talonflame|Flame Charge|p1a: Slowking
|-damage|p1a: Slowking|0 fnt
|-boost|p2a: Talonflame|spe|1
|faint|p1a: Slowking
|
|upkeep
|
|t:|1776048549
|switch|p1a: Corviknight|Corviknight, M|100/100
|-ability|p1a: Corviknight|Pressure
|turn|11
|
|t:|1776048555
|move|p2a: Talonflame|Flame Charge|p1a: Corviknight
|-supereffective|p1a: Corviknight
|-damage|p1a: Corviknight|76/100
|-boost|p2a: Talonflame|spe|1
|move|p1a: Corviknight|Brave Bird|p2a: Talonflame
|-damage|p2a: Talonflame|26/100
|-damage|p1a: Corviknight|63/100|[from] Recoil
|
|-end|p2a: Talonflame|move: Future Sight
|-damage|p2a: Talonflame|0 fnt
|faint|p2a: Talonflame
|-heal|p1a: Corviknight|69/100|[from] item: Leftovers
|upkeep
|
|t:|1776048572
|switch|p2a: Pikachu|Pikachu, M|100/100
|turn|12
|
|t:|1776048587
|switch|p1a: Great Tusk|Great Tusk|50/100
|move|p2a: Pikachu|Volt Switch|p1a: Great Tusk
|-immune|p1a: Great Tusk
|
|-heal|p1a: Great Tusk|56/100|[from] item: Leftovers
|upkeep
|turn|13
|
|t:|1776048594
|switch|p2a: Falinks|Falinks|100/100
|move|p1a: Great Tusk|Earthquake|p2a: Falinks
|-damage|p2a: Falinks|60/100
|
|-heal|p1a: Great Tusk|63/100|[from] item: Leftovers
|-heal|p2a: Falinks|66/100|[from] item: Leftovers
|upkeep
|turn|14
|
|t:|1776048605
|move|p1a: Great Tusk|Earthquake|p2a: Falinks
|-damage|p2a: Falinks|26/100
|move|p2a: Falinks|No Retreat|p2a: Falinks
|-boost|p2a: Falinks|atk|1
|-boost|p2a: Falinks|def|1
|-boost|p2a: Falinks|spa|1
|-boost|p2a: Falinks|spd|1
|-boost|p2a: Falinks|spe|1
|-start|p2a: Falinks|move: No Retreat
|
|-heal|p2a: Falinks|32/100|[from] item: Leftovers
|-heal|p1a: Great Tusk|69/100|[from] item: Leftovers
|upkeep
|turn|15
|
|t:|1776048623
|move|p2a: Falinks|Body Press|p1a: Great Tusk
|-damage|p1a: Great Tusk|45/100
|move|p1a: Great Tusk|Earthquake|p2a: Falinks
|-damage|p2a: Falinks|4/100
|
|-heal|p2a: Falinks|10/100|[from] item: Leftovers
|-heal|p1a: Great Tusk|51/100|[from] item: Leftovers
|upkeep
|turn|16
|
|t:|1776048634
|move|p2a: Falinks|Body Press|p1a: Great Tusk
|-damage|p1a: Great Tusk|30/100
|move|p1a: Great Tusk|Stealth Rock|p2a: Falinks
|-sidestart|p2: HildaBeast23|move: Stealth Rock
|
|-heal|p2a: Falinks|16/100|[from] item: Leftovers
|-heal|p1a: Great Tusk|36/100|[from] item: Leftovers
|upkeep
|turn|17
|
|t:|1776048650
|move|p1a: Great Tusk|Earthquake|p2a: Falinks
|-damage|p2a: Falinks|0 fnt
|faint|p2a: Falinks
|
|-heal|p1a: Great Tusk|42/100|[from] item: Leftovers
|upkeep
|
|t:|1776048656
|switch|p2a: Kommo-o|Kommo-o, M|100/100
|-damage|p2a: Kommo-o|94/100|[from] Stealth Rock
|turn|18
|
|t:|1776048663
|move|p2a: Kommo-o|Clangorous Soul|p2a: Kommo-o
|-boost|p2a: Kommo-o|atk|1
|-boost|p2a: Kommo-o|def|1
|-boost|p2a: Kommo-o|spa|1
|-boost|p2a: Kommo-o|spd|1
|-boost|p2a: Kommo-o|spe|1
|-damage|p2a: Kommo-o|62/100
|move|p1a: Great Tusk|Earthquake|p2a: Kommo-o
|-damage|p2a: Kommo-o|39/100
|
|-heal|p1a: Great Tusk|48/100|[from] item: Leftovers
|upkeep
|turn|19
|
|t:|1776048676
|move|p2a: Kommo-o|Drain Punch|p1a: Great Tusk
|-damage|p1a: Great Tusk|25/100
|-heal|p2a: Kommo-o|53/100|[from] drain|[of] p1a: Great Tusk
|move|p1a: Great Tusk|Earthquake|p2a: Kommo-o
|-damage|p2a: Kommo-o|28/100
|
|-heal|p1a: Great Tusk|31/100|[from] item: Leftovers
|upkeep
|turn|20
|
|t:|1776048692
|move|p2a: Kommo-o|Dragon Pulse|p1a: Great Tusk
|-damage|p1a: Great Tusk|0 fnt
|faint|p1a: Great Tusk
|-end|p1a: Great Tusk|Protosynthesis|[silent]
|
|upkeep
|
|t:|1776048696
|switch|p1a: Corviknight|Corviknight, M|69/100
|-ability|p1a: Corviknight|Pressure
|turn|21
|
|t:|1776048704
|move|p2a: Kommo-o|Clangorous Soul||[still]
|-fail|p2a: Kommo-o
|move|p1a: Corviknight|Brave Bird|p2a: Kommo-o
|-supereffective|p2a: Kommo-o
|-damage|p2a: Kommo-o|0 fnt
|faint|p2a: Kommo-o
|-damage|p1a: Corviknight|61/100|[from] Recoil
|
|-heal|p1a: Corviknight|67/100|[from] item: Leftovers
|upkeep
|
|t:|1776048713
|switch|p2a: Pikachu|Pikachu, M|100/100
|-damage|p2a: Pikachu|88/100|[from] Stealth Rock
|turn|22
|
|t:|1776048719
|move|p2a: Pikachu|Volt Tackle|p1a: Corviknight
|-supereffective|p1a: Corviknight
|-damage|p1a: Corviknight|0 fnt
|faint|p1a: Corviknight
|-damage|p2a: Pikachu|52/100|[from] Recoil
|
|win|HildaBeast23
|raw|Moejoee9824's rating: 1068 &rarr; <strong>1046</strong><br />(-22 for losing)
|raw|HildaBeast23's rating: 1030 &rarr; <strong>1069</strong><br />(+39 for winning)
|l|☆HildaBeast23
|player|p2|
