|html|<div class="broadcast-blue"><strong>[Gen 9] OU is currently suspecting Tera Blast! For information on how to participate check out the <a href="https://www.smogon.com/tools/suspects/view/200">suspect thread</a>.</strong></div>
|j|☆Ohmlatl
|j|☆hat40
|t:|1776034370
|gametype|singles
|player|p1|Ohmlatl|acetrainer-gen4dp|1161
|player|p2|hat40|2|1218
|gen|9
|tier|[Gen 9] OU
|rated|
|rule|HP Percentage Mod: HP is shown in percentages
|rule|Endless Battle Clause: Forcing endless battles is banned
|rule|Species Clause: Limit one of each Pokémon
|rule|OHKO Clause: OHKO moves are banned
|rule|Evasion Items Clause: Evasion items are banned
|rule|Evasion Moves Clause: Evasion moves are banned
|rule|Evasion Abilities Clause: Evasion abilities are banned
|rule|Sleep Moves Clause: Sleep-inducing moves are banned
|clearpoke
|poke|p1|Ogerpon-Cornerstone, F|
|poke|p1|Venomoth, F|
|poke|p1|Mandibuzz, F|
|poke|p1|Toxtricity-Low-Key, M|
|poke|p1|Comfey, F|
|poke|p1|Crawdaunt, M|
|poke|p2|Great Tusk|
|poke|p2|Walking Wake|
|poke|p2|Kingambit, M|
|poke|p2|Venusaur, F|
|poke|p2|Ninetales, F|
|poke|p2|Thundurus-Therian, M|
|teampreview
|
|t:|1776034388
|teamsize|p1|6
|teamsize|p2|6
|start
|switch|p1a: Toxtricity|Toxtricity-Low-Key, M|100/100
|switch|p2a: Thundurus|Thundurus-Therian, M|100/100
|turn|1
|
|t:|1776034396
|-terastallize|p1a: Toxtricity|Normal
|move|p2a: Thundurus|Volt Switch|p1a: Toxtricity
|-damage|p1a: Toxtricity|45/100
|
|t:|1776034401
|switch|p2a: Great Tusk|Great Tusk|100/100|[from] Volt Switch
|move|p1a: Toxtricity|Boomburst|p2a: Great Tusk
|-damage|p2a: Great Tusk|0 fnt
|faint|p2a: Great Tusk
|-end|p2a: Great Tusk|Protosynthesis|[silent]
|-enditem|p1a: Toxtricity|Throat Spray
|-boost|p1a: Toxtricity|spa|1|[from] item: Throat Spray
|
|upkeep
|
|t:|1776034406
|switch|p2a: Thundurus|Thundurus-Therian, M|100/100
|turn|2
|
|t:|1776034412
|move|p2a: Thundurus|Thunderbolt|p1a: Toxtricity
|-damage|p1a: Toxtricity|0 fnt
|faint|p1a: Toxtricity
|
|upkeep
|
|t:|1776034421
|switch|p1a: Venomoth|Venomoth, F|100/100
|turn|3
|
|t:|1776034425
|move|p2a: Thundurus|Thunderbolt|p1a: Venomoth
|-damage|p1a: Venomoth|29/100
|move|p1a: Venomoth|Quiver Dance|p1a: Venomoth
|-boost|p1a: Venomoth|spa|1
|-boost|p1a: Venomoth|spd|1
|-boost|p1a: Venomoth|spe|1
|
|upkeep
|turn|4
|
|t:|1776034435
|move|p2a: Thundurus|Thunderbolt|p1a: Venomoth
|-damage|p1a: Venomoth|0 fnt
|faint|p1a: Venomoth
|
|upkeep
|
|t:|1776034450
|switch|p1a: Ogerpon|Ogerpon-Cornerstone, F|100/100
|turn|5
|
|t:|1776034455
|switch|p2a: Kingambit|Kingambit, M|100/100
|-activate|p2a: Kingambit|ability: Supreme Overlord
|-start|p2a: Kingambit|fallen1|[silent]
|-item|p2a: Kingambit|Air Balloon
|move|p1a: Ogerpon|Ivy Cudgel|p2a: Kingambit|[anim] Ivy Cudgel Rock
|-resisted|p2a: Kingambit
|-damage|p2a: Kingambit|77/100
|-enditem|p2a: Kingambit|Air Balloon
|
|upkeep
|turn|6
|
|t:|1776034462
|move|p1a: Ogerpon|Swords Dance|p1a: Ogerpon
|-boost|p1a: Ogerpon|atk|2
|move|p2a: Kingambit|Iron Head|p1a: Ogerpon
|-supereffective|p1a: Ogerpon
|-ability|p1a: Ogerpon|Sturdy
|-damage|p1a: Ogerpon|1/100
|
|upkeep
|turn|7
|
|t:|1776034469
|move|p2a: Kingambit|Sucker Punch|p1a: Ogerpon
|-damage|p1a: Ogerpon|0 fnt
|faint|p1a: Ogerpon
|
|upkeep
|
|t:|1776034472
|switch|p1a: Mandibuzz|Mandibuzz, F|100/100
|turn|8
|
|t:|1776034478
|move|p1a: Mandibuzz|Foul Play|p2a: Kingambit
|-resisted|p2a: Kingambit
|-damage|p2a: Kingambit|55/100
|move|p2a: Kingambit|Swords Dance|p2a: Kingambit
|-boost|p2a: Kingambit|atk|2
|
|upkeep
|turn|9
|
|t:|1776034485
|move|p1a: Mandibuzz|Foul Play|p2a: Kingambit
|-resisted|p2a: Kingambit
|-crit|p2a: Kingambit
|-damage|p2a: Kingambit|0 fnt
|faint|p2a: Kingambit
|-end|p2a: Kingambit|fallen1|[silent]
|
|upkeep
|
|t:|1776034489
|switch|p2a: Thundurus|Thundurus-Therian, M|100/100
|turn|10
|
|t:|1776034496
|move|p2a: Thundurus|Thunderbolt|p1a: Mandibuzz
|-supereffective|p1a: Mandibuzz
|-damage|p1a: Mandibuzz|22/100
|move|p1a: Mandibuzz|Toxic|p2a: Thundurus
|-status|p2a: Thundurus|tox
|
|-heal|p1a: Mandibuzz|28/100|[from] item: Leftovers
|-damage|p2a: Thundurus|94/100 tox|[from] psn
|upkeep
|turn|11
|
|t:|1776034502
|move|p2a: Thundurus|Thunderbolt|p1a: Mandibuzz
|-supereffective|p1a: Mandibuzz
|-damage|p1a: Mandibuzz|0 fnt
|faint|p1a: Mandibuzz
|
|-damage|p2a: Thundurus|82/100 tox|[from] psn
|upkeep
|
|t:|1776034505
|switch|p1a: Comfey|Comfey, F|100/100
|turn|12
|
|t:|1776034510
|switch|p2a: Ninetales|Ninetales, F|100/100
|-weather|SunnyDay|[from] ability: Drought|[of] p2a: Ninetales
|move|p1a: Comfey|Calm Mind|p1a: Comfey
|-boost|p1a: Comfey|spa|1
|-boost|p1a: Comfey|spd|1
|
|-weather|SunnyDay|[upkeep]
|upkeep
|turn|13
|
|t:|1776034516
|move|p1a: Comfey|Calm Mind|p1a: Comfey
|-boost|p1a: Comfey|spa|1
|-boost|p1a: Comfey|spd|1
|move|p2a: Ninetales|Encore|p1a: Comfey
|-start|p1a: Comfey|Encore
|
|-weather|SunnyDay|[upkeep]
|upkeep
|turn|14
|
|t:|1776034526
|switch|p2a: Venusaur|Venusaur, F|100/100
|move|p1a: Comfey|Calm Mind|p1a: Comfey
|-boost|p1a: Comfey|spa|1
|-boost|p1a: Comfey|spd|1
|
|-weather|SunnyDay|[upkeep]
|upkeep
|turn|15
|
|t:|1776034529
|move|p2a: Venusaur|Growth|p2a: Venusaur
|-boost|p2a: Venusaur|atk|2
|-boost|p2a: Venusaur|spa|2
|move|p1a: Comfey|Calm Mind|p1a: Comfey
|-boost|p1a: Comfey|spa|1
|-boost|p1a: Comfey|spd|1
|
|-weather|SunnyDay|[upkeep]
|upkeep
|turn|16
|
|t:|1776034532
|move|p2a: Venusaur|Growth|p2a: Venusaur
|-boost|p2a: Venusaur|atk|2
|-boost|p2a: Venusaur|spa|2
|move|p1a: Comfey|Calm Mind|p1a: Comfey
|-boost|p1a: Comfey|spa|1
|-boost|p1a: Comfey|spd|1
|
|-weather|SunnyDay|[upkeep]
|-end|p1a: Comfey|Encore
|upkeep
|turn|17
|
|t:|1776034538
|move|p2a: Venusaur|Sludge Bomb|p1a: Comfey
|-supereffective|p1a: Comfey
|-enditem|p1a: Comfey|Focus Sash
|-damage|p1a: Comfey|1/100
|-damage|p2a: Venusaur|91/100|[from] item: Life Orb
|move|p1a: Comfey|Calm Mind|p1a: Comfey
|-boost|p1a: Comfey|spa|1
|-boost|p1a: Comfey|spd|1
|
|-weather|SunnyDay|[upkeep]
|upkeep
|turn|18
|
|t:|1776034543
|move|p1a: Comfey|Draining Kiss|p2a: Venusaur
|-resisted|p2a: Venusaur
|-damage|p2a: Venusaur|49/100
|-heal|p1a: Comfey|40/100|[from] drain|[of] p2a: Venusaur
|move|p2a: Venusaur|Giga Drain|p1a: Comfey
|-damage|p1a: Comfey|0 fnt
|-heal|p2a: Venusaur|65/100|[from] drain|[of] p1a: Comfey
|faint|p1a: Comfey
|-damage|p2a: Venusaur|55/100|[from] item: Life Orb
|
|-weather|SunnyDay|[upkeep]
|upkeep
|
|t:|1776034547
|switch|p1a: Crawdaunt|Crawdaunt, M|100/100
|turn|19
|
|t:|1776034553
|move|p1a: Crawdaunt|Aqua Jet|p2a: Venusaur
|-resisted|p2a: Venusaur
|-damage|p2a: Venusaur|40/100
|move|p2a: Venusaur|Giga Drain|p1a: Crawdaunt
|-supereffective|p1a: Crawdaunt
|-damage|p1a: Crawdaunt|0 fnt
|-heal|p2a: Venusaur|95/100|[from] drain|[of] p1a: Crawdaunt
|faint|p1a: Crawdaunt
|-damage|p2a: Venusaur|85/100|[from] item: Life Orb
|
|win|hat40
|raw|Ohmlatl's rating: 1161 &rarr; <strong>1140</strong><br />(-21 for losing)
|raw|hat40's rating: 1218 &rarr; <strong>1239</strong><br />(+21 for winning)
|l|☆Ohmlatl
|player|p1|
|l|☆hat40
|player|p2|
