|html|<div class="broadcast-blue"><strong>[Gen 9] OU is currently suspecting Tera Blast! For information on how to participate check out the <a href="https://www.smogon.com/tools/suspects/view/200">suspect thread</a>.</strong></div>
|j|☆flapjacque
|j|☆RawDogJJ
|t:|1776110684
|gametype|singles
|player|p1|flapjacque|wallace|1313
|player|p2|RawDogJJ|170|1299
|gen|9
|tier|[Gen 9] OU
|rated|
|rule|HP Percentage Mod: HP is shown in percentages
|rule|Endless Battle Clause: Forcing endless battles is banned
|rule|Species Clause: Limit one of each Pokémon
|rule|OHKO Clause: OHKO moves are banned
|rule|Evasion Items Clause: Evasion items are banned
|rule|Evasion Moves Clause: Evasion moves are banned
|rule|Evasion Abilities Clause: Evasion abilities are banned
|rule|Sleep Moves Clause: Sleep-inducing moves are banned
|clearpoke
|poke|p1|Milotic, F|
|poke|p1|Iron Valiant|
|poke|p1|Latias, F|
|poke|p1|Enamorus, F|
|poke|p1|Skarmory, F|
|poke|p1|Brambleghast, F|
|poke|p2|Shiftry, M|
|poke|p2|Alomomola, M|
|poke|p2|Tornadus-Therian, M|
|poke|p2|Raging Bolt|
|poke|p2|Cinderace, F|
|poke|p2|Gliscor, M|
|teampreview
|inactive|Battle timer is ON: inactive players will automatically lose when time's up. (requested by RawDogJJ)
|
|t:|1776110692
|teamsize|p1|6
|teamsize|p2|6
|start
|switch|p1a: Milotic|Milotic, F|100/100
|switch|p2a: Gliscor|Gliscor, M|100/100
|turn|1
|c|☆flapjacque|gl hf
|
|t:|1776110702
|switch|p2a: Tornadus|Tornadus-Therian, M|100/100
|move|p1a: Milotic|Ice Beam|p2a: Tornadus
|-supereffective|p2a: Tornadus
|-damage|p2a: Tornadus|61/100
|
|upkeep
|turn|2
|
|t:|1776110710
|move|p2a: Tornadus|U-turn|p1a: Milotic
|-damage|p1a: Milotic|86/100
|
|t:|1776110722
|switch|p2a: Alomomola|Alomomola, M|100/100|[from] U-turn
|move|p1a: Milotic|Ice Beam|p2a: Alomomola
|-resisted|p2a: Alomomola
|-damage|p2a: Alomomola|88/100
|
|-heal|p1a: Milotic|92/100|[from] item: Leftovers
|upkeep
|turn|3
|
|t:|1776110732
|move|p1a: Milotic|Flip Turn|p2a: Alomomola
|-resisted|p2a: Alomomola
|-damage|p2a: Alomomola|84/100
|-damage|p1a: Milotic|75/100|[from] item: Rocky Helmet|[of] p2a: Alomomola
|
|t:|1776110737
|switch|p1a: Brambleghast|Brambleghast, F|100/100|[from] Flip Turn
|move|p2a: Alomomola|Scald|p1a: Brambleghast
|-resisted|p1a: Brambleghast
|-damage|p1a: Brambleghast|91/100
|
|upkeep
|turn|4
|
|t:|1776110754
|move|p1a: Brambleghast|Leech Seed|p2a: Alomomola|[miss]
|-miss|p1a: Brambleghast|p2a: Alomomola
|move|p2a: Alomomola|Flip Turn|p1a: Brambleghast
|-resisted|p1a: Brambleghast
|-damage|p1a: Brambleghast|79/100
|
|t:|1776110761
|switch|p2a: Shiftry|Shiftry, M|100/100|[from] Flip Turn
|
|upkeep
|turn|5
|
|t:|1776110770
|switch|p1a: Skarmory|Skarmory, F|100/100
|move|p2a: Shiftry|Tailwind|p2a: Shiftry
|-sidestart|p2: RawDogJJ|move: Tailwind
|-ability|p2a: Shiftry|Wind Rider|boost
|-boost|p2a: Shiftry|atk|1
|
|upkeep
|turn|6
|
|t:|1776110780
|move|p2a: Shiftry|Knock Off|p1a: Skarmory
|-damage|p1a: Skarmory|49/100
|-damage|p2a: Shiftry|84/100|[from] item: Rocky Helmet|[of] p1a: Skarmory
|-enditem|p1a: Skarmory|Rocky Helmet|[from] move: Knock Off|[of] p2a: Shiftry
|-damage|p2a: Shiftry|74/100|[from] item: Life Orb
|move|p1a: Skarmory|Whirlwind|p2a: Shiftry
|-ability|p2a: Shiftry|Wind Rider|boost
|-boost|p2a: Shiftry|atk|1
|
|upkeep
|turn|7
|
|t:|1776110806
|move|p2a: Shiftry|Low Kick|p1a: Skarmory
|-damage|p1a: Skarmory|13/100
|-damage|p2a: Shiftry|64/100|[from] item: Life Orb
|move|p1a: Skarmory|Brave Bird|p2a: Shiftry
|-supereffective|p2a: Shiftry
|-crit|p2a: Shiftry
|-damage|p2a: Shiftry|0 fnt
|faint|p2a: Shiftry
|-damage|p1a: Skarmory|0 fnt|[from] Recoil
|faint|p1a: Skarmory
|
|upkeep
|
|t:|1776110818
|switch|p2a: Gliscor|Gliscor, M|100/100
|switch|p1a: Brambleghast|Brambleghast, F|79/100
|turn|8
|
|t:|1776110830
|move|p2a: Gliscor|Knock Off|p1a: Brambleghast
|-supereffective|p1a: Brambleghast
|-damage|p1a: Brambleghast|0 fnt
|-enditem|p1a: Brambleghast|Heavy-Duty Boots|[from] move: Knock Off|[of] p2a: Gliscor
|faint|p1a: Brambleghast
|
|-sideend|p2: RawDogJJ|move: Tailwind
|-status|p2a: Gliscor|tox|[from] item: Toxic Orb
|upkeep
|
|t:|1776110845
|switch|p1a: Milotic|Milotic, F|75/100
|turn|9
|
|t:|1776110851
|switch|p2a: Alomomola|Alomomola, M|100/100
|move|p1a: Milotic|Flip Turn|p2a: Alomomola
|-resisted|p2a: Alomomola
|-damage|p2a: Alomomola|97/100
|-damage|p1a: Milotic|59/100|[from] item: Rocky Helmet|[of] p2a: Alomomola
|
|t:|1776110866
|switch|p1a: Latias|Latias, F|100/100|[from] Flip Turn
|
|upkeep
|turn|10
|
|t:|1776110873
|move|p1a: Latias|Calm Mind|p1a: Latias
|-boost|p1a: Latias|spa|1
|-boost|p1a: Latias|spd|1
|move|p2a: Alomomola|Flip Turn|p1a: Latias
|-resisted|p1a: Latias
|-damage|p1a: Latias|94/100
|
|t:|1776110880
|switch|p2a: Raging Bolt|Raging Bolt|100/100|[from] Flip Turn
|
|upkeep
|turn|11
|
|t:|1776110889
|-terastallize|p2a: Raging Bolt|Fairy
|move|p1a: Latias|Calm Mind|p1a: Latias
|-boost|p1a: Latias|spa|1
|-boost|p1a: Latias|spd|1
|move|p2a: Raging Bolt|Draco Meteor|p1a: Latias|[miss]
|-miss|p2a: Raging Bolt|p1a: Latias
|
|upkeep
|turn|12
|
|t:|1776110899
|move|p1a: Latias|Calm Mind|p1a: Latias
|-boost|p1a: Latias|spa|1
|-boost|p1a: Latias|spd|1
|move|p2a: Raging Bolt|Draco Meteor|p1a: Latias
|-supereffective|p1a: Latias
|-damage|p1a: Latias|50/100
|-unboost|p2a: Raging Bolt|spa|2
|-enditem|p1a: Latias|Weakness Policy
|-boost|p1a: Latias|atk|2|[from] item: Weakness Policy
|-boost|p1a: Latias|spa|2|[from] item: Weakness Policy
|-enditem|p2a: Raging Bolt|White Herb
|-clearnegativeboost|p2a: Raging Bolt|[silent]
|
|upkeep
|turn|13
|
|t:|1776110915
|move|p1a: Latias|Recover|p1a: Latias
|-heal|p1a: Latias|100/100
|move|p2a: Raging Bolt|Draco Meteor|p1a: Latias
|-supereffective|p1a: Latias
|-damage|p1a: Latias|55/100
|-unboost|p2a: Raging Bolt|spa|2
|
|upkeep
|turn|14
|
|t:|1776110924
|move|p1a: Latias|Recover|p1a: Latias
|-heal|p1a: Latias|100/100
|move|p2a: Raging Bolt|Volt Switch|p1a: Latias
|-resisted|p1a: Latias
|-damage|p1a: Latias|97/100
|
|t:|1776110936
|-end|p2a: Raging Bolt|Protosynthesis|[silent]
|switch|p2a: Tornadus|Tornadus-Therian, M|94/100|[from] Volt Switch
|
|upkeep
|turn|15
|
|t:|1776110941
|move|p2a: Tornadus|Foul Play|p1a: Latias
|-supereffective|p1a: Latias
|-damage|p1a: Latias|58/100
|move|p1a: Latias|Stored Power|p2a: Tornadus
|-damage|p2a: Tornadus|0 fnt
|faint|p2a: Tornadus
|
|upkeep
|
|t:|1776110948
|switch|p2a: Gliscor|Gliscor, M|100/100 tox
|turn|16
|
|t:|1776110953
|-terastallize|p1a: Latias|Fairy
|move|p1a: Latias|Stored Power|p2a: Gliscor
|-damage|p2a: Gliscor|0 fnt
|faint|p2a: Gliscor
|
|upkeep
|
|t:|1776110958
|switch|p2a: Cinderace|Cinderace, F|100/100
|turn|17
|
|t:|1776110961
|move|p2a: Cinderace|Pyro Ball|p1a: Latias
|-damage|p1a: Latias|18/100
|move|p1a: Latias|Stored Power|p2a: Cinderace
|-damage|p2a: Cinderace|0 fnt
|faint|p2a: Cinderace
|
|upkeep
|
|t:|1776110966
|switch|p2a: Raging Bolt|Raging Bolt, tera:Fairy|100/100
|turn|18
|
|t:|1776110973
|move|p2a: Raging Bolt|Thunderclap||[still]
|-fail|p2a: Raging Bolt
|move|p1a: Latias|Recover|p1a: Latias
|-heal|p1a: Latias|68/100
|
|upkeep
|turn|19
|-message|RawDogJJ forfeited.
|
|win|flapjacque
|raw|flapjacque's rating: 1313 &rarr; <strong>1332</strong><br />(+19 for winning)
|raw|RawDogJJ's rating: 1299 &rarr; <strong>1275</strong><br />(-24 for losing)
|l|☆RawDogJJ
|player|p2|
|l|☆flapjacque
|player|p1|
