|html|<div class="broadcast-blue"><strong>[Gen 9] OU is currently suspecting Tera Blast! For information on how to participate check out the <a href="https://www.smogon.com/tools/suspects/view/200">suspect thread</a>.</strong></div>
|j|☆sminey
|j|☆Elite Sabrina
|t:|1776055634
|gametype|singles
|player|p1|sminey|palmer|1714
|player|p2|Elite Sabrina|sabrina-gen3|1636
|gen|9
|tier|[Gen 9] OU
|rated|
|rule|HP Percentage Mod: HP is shown in percentages
|rule|Endless Battle Clause: Forcing endless battles is banned
|rule|Species Clause: Limit one of each Pokémon
|rule|OHKO Clause: OHKO moves are banned
|rule|Evasion Items Clause: Evasion items are banned
|rule|Evasion Moves Clause: Evasion moves are banned
|rule|Evasion Abilities Clause: Evasion abilities are banned
|rule|Sleep Moves Clause: Sleep-inducing moves are banned
|clearpoke
|poke|p1|Cinderace, F|
|poke|p1|Zapdos|
|poke|p1|Latios, M|
|poke|p1|Weavile, F|
|poke|p1|Clefable, F|
|poke|p1|Slowking-Galar, F|
|poke|p2|Slowking-Galar, F|
|poke|p2|Cetitan, M|
|poke|p2|Dragapult, M|
|poke|p2|Great Tusk|
|poke|p2|Moltres|
|poke|p2|Samurott-Hisui, F|
|teampreview
|inactive|Battle timer is ON: inactive players will automatically lose when time's up. (requested by Elite Sabrina)
|
|t:|1776055645
|teamsize|p1|6
|teamsize|p2|6
|start
|switch|p1a: Zapdos|Zapdos|100/100
|switch|p2a: Moltres|Moltres|100/100
|turn|1
|
|t:|1776055650
|switch|p2a: Slowking|Slowking-Galar, F|100/100
|move|p1a: Zapdos|Hurricane|p2a: Slowking
|-damage|p2a: Slowking|72/100
|
|upkeep
|turn|2
|
|t:|1776055654
|move|p1a: Zapdos|Thunder Wave|p2a: Slowking
|-status|p2a: Slowking|par
|-prepare|p2a: Slowking|Chilly Reception|[premajor]
|move|p2a: Slowking|Chilly Reception|p2a: Slowking
|-weather|Snowscape
|
|t:|1776055658
|switch|p2a: Cetitan|Cetitan, M|100/100|[from] Chilly Reception
|
|-weather|Snowscape|[upkeep]
|upkeep
|turn|3
|
|t:|1776055666
|switch|p1a: Clefable|Clefable, F|100/100
|move|p2a: Cetitan|Belly Drum|p2a: Cetitan
|-damage|p2a: Cetitan|50/100
|-setboost|p2a: Cetitan|atk|6|[from] move: Belly Drum
|-enditem|p2a: Cetitan|Sitrus Berry|[eat]
|-heal|p2a: Cetitan|75/100|[from] item: Sitrus Berry
|
|-weather|Snowscape|[upkeep]
|upkeep
|turn|4
|
|t:|1776055669
|move|p2a: Cetitan|Ice Spinner|p1a: Clefable
|-damage|p1a: Clefable|70/100
|move|p1a: Clefable|Moonblast|p2a: Cetitan
|-damage|p2a: Cetitan|38/100
|
|-weather|Snowscape|[upkeep]
|upkeep
|turn|5
|
|t:|1776055675
|move|p2a: Cetitan|Ice Spinner|p1a: Clefable
|-damage|p1a: Clefable|39/100
|move|p1a: Clefable|Moonblast|p2a: Cetitan
|-damage|p2a: Cetitan|3/100
|
|-weather|Snowscape|[upkeep]
|upkeep
|turn|6
|
|t:|1776055686
|-terastallize|p2a: Cetitan|Ice
|move|p2a: Cetitan|Ice Spinner|p1a: Clefable
|-damage|p1a: Clefable|0 fnt
|faint|p1a: Clefable
|
|-weather|Snowscape|[upkeep]
|upkeep
|
|t:|1776055690
|switch|p1a: Cinderace|Cinderace, F|100/100
|turn|7
|
|t:|1776055693
|move|p2a: Cetitan|Ice Shard|p1a: Cinderace
|-resisted|p1a: Cinderace
|-damage|p1a: Cinderace|16/100
|move|p1a: Cinderace|Sucker Punch||[still]
|-fail|p1a: Cinderace
|
|-weather|Snowscape|[upkeep]
|upkeep
|turn|8
|inactive|sminey has 120 seconds left.
|j| 9l5z
|
|t:|1776055730
|switch|p1a: Weavile|Weavile, F|100/100
|-ability|p1a: Weavile|Pressure
|move|p2a: Cetitan|Ice Shard|p1a: Weavile
|-resisted|p1a: Weavile
|-damage|p1a: Weavile|34/100
|
|-weather|Snowscape|[upkeep]
|upkeep
|turn|9
|
|t:|1776055733
|move|p2a: Cetitan|Ice Shard|p1a: Weavile
|-resisted|p1a: Weavile
|-damage|p1a: Weavile|0 fnt
|faint|p1a: Weavile
|
|-weather|none
|upkeep
|
|t:|1776055737
|switch|p1a: Cinderace|Cinderace, F|16/100
|turn|10
|j| Shucklepilled
|
|t:|1776055743
|switch|p2a: Moltres|Moltres|100/100
|move|p1a: Cinderace|Sucker Punch||[still]
|-fail|p1a: Cinderace
|
|upkeep
|turn|11
|
|t:|1776055745
|switch|p1a: Zapdos|Zapdos|100/100
|move|p2a: Moltres|U-turn|p1a: Zapdos
|-resisted|p1a: Zapdos
|-damage|p1a: Zapdos|96/100
|
|t:|1776055749
|switch|p2a: Dragapult|Dragapult, M|100/100|[from] U-turn
|
|upkeep
|turn|12
|
|t:|1776055751
|move|p2a: Dragapult|Substitute|p2a: Dragapult
|-start|p2a: Dragapult|Substitute
|-damage|p2a: Dragapult|76/100
|move|p1a: Zapdos|Thunder Wave||[still]
|-fail|p1a: Zapdos
|
|upkeep
|turn|13
|l|☆Elite Sabrina
|inactive|Elite Sabrina disconnected and has a minute to reconnect!
|player|p2|
|j|☆Elite Sabrina
|inactive|Elite Sabrina reconnected and has 135 seconds left.
|player|p2|Elite Sabrina|sabrina-gen3|
|
|t:|1776055772
|move|p2a: Dragapult|Dragon Dance|p2a: Dragapult
|-boost|p2a: Dragapult|atk|1
|-boost|p2a: Dragapult|spe|1
|move|p1a: Zapdos|Hurricane|p2a: Dragapult
|-end|p2a: Dragapult|Substitute
|
|upkeep
|turn|14
|
|t:|1776055776
|move|p2a: Dragapult|Substitute|p2a: Dragapult
|-start|p2a: Dragapult|Substitute
|-damage|p2a: Dragapult|51/100
|move|p1a: Zapdos|Hurricane|p2a: Dragapult
|-end|p2a: Dragapult|Substitute
|
|upkeep
|turn|15
|
|t:|1776055780
|move|p2a: Dragapult|Substitute|p2a: Dragapult
|-start|p2a: Dragapult|Substitute
|-damage|p2a: Dragapult|26/100
|move|p1a: Zapdos|Hurricane|p2a: Dragapult
|-end|p2a: Dragapult|Substitute
|
|upkeep
|turn|16
|
|t:|1776055783
|move|p2a: Dragapult|Substitute|p2a: Dragapult
|-start|p2a: Dragapult|Substitute
|-damage|p2a: Dragapult|1/100
|move|p1a: Zapdos|Hurricane|p2a: Dragapult|[miss]
|-miss|p1a: Zapdos|p2a: Dragapult
|
|upkeep
|turn|17
|
|t:|1776055789
|move|p2a: Dragapult|Dragon Darts|p1a: Zapdos
|-damage|p1a: Zapdos|67/100
|-anim|p2a: Dragapult|Dragon Darts|p1a: Zapdos
|-damage|p1a: Zapdos|40/100
|move|p1a: Zapdos|Hurricane|p2a: Dragapult
|-end|p2a: Dragapult|Substitute
|
|upkeep
|turn|18
|
|t:|1776055793
|move|p2a: Dragapult|Dragon Darts|p1a: Zapdos
|-damage|p1a: Zapdos|0 fnt
|faint|p1a: Zapdos
|
|upkeep
|
|t:|1776055795
|switch|p1a: Latios|Latios, M|100/100
|turn|19
|
|t:|1776055802
|-terastallize|p1a: Latios|Steel
|move|p2a: Dragapult|Phantom Force||[still]
|-prepare|p2a: Dragapult|Phantom Force
|move|p1a: Latios|Flip Turn|p2a: Dragapult|[miss]
|-miss|p1a: Latios|p2a: Dragapult
|
|upkeep
|turn|20
|
|t:|1776055807
|switch|p1a: Slowking|Slowking-Galar, F|100/100
|move|p2a: Dragapult|Phantom Force|p1a: Slowking|[from] lockedmove
|-supereffective|p1a: Slowking
|-damage|p1a: Slowking|0 fnt
|faint|p1a: Slowking
|
|upkeep
|
|t:|1776055809
|switch|p1a: Cinderace|Cinderace, F|16/100
|turn|21
|
|t:|1776055814
|move|p1a: Cinderace|Sucker Punch|p2a: Dragapult
|-start|p1a: Cinderace|typechange|Dark|[from] ability: Libero
|-supereffective|p2a: Dragapult
|-damage|p2a: Dragapult|0 fnt
|faint|p2a: Dragapult
|
|upkeep
|-message|sminey forfeited.
|
|win|Elite Sabrina
|raw|sminey's rating: 1714 &rarr; <strong>1690</strong><br />(-24 for losing)
|raw|Elite Sabrina's rating: 1636 &rarr; <strong>1660</strong><br />(+24 for winning)
|l|☆sminey
|player|p1|
|c|☆Elite Sabrina|gg
|l|☆Elite Sabrina
|player|p2|
|l| Shucklepilled
