|html|<div class="broadcast-blue"><strong>[Gen 9] OU is currently suspecting Volcarona! For information on how to participate check out the <a href="https://www.smogon.com/tools/suspects/view/208">suspect thread</a>.</strong></div>
|j|☆lolcano46
|j|☆Weehorn Man
|t:|1778512805
|gametype|singles
|player|p1|lolcano46|fisherman-gen4|1448
|player|p2|Weehorn Man|102|1392
|gen|9
|tier|[Gen 9] OU
|rated|
|rule|HP Percentage Mod: HP is shown in percentages
|rule|Endless Battle Clause: Forcing endless battles is banned
|rule|Species Clause: Limit one of each Pokémon
|rule|OHKO Clause: OHKO moves are banned
|rule|Evasion Items Clause: Evasion items are banned
|rule|Evasion Moves Clause: Evasion moves are banned
|rule|Evasion Abilities Clause: Evasion abilities are banned
|rule|Sleep Moves Clause: Sleep-inducing moves are banned
|clearpoke
|poke|p1|Azelf|
|poke|p1|Ogerpon-Wellspring, F|
|poke|p1|Scizor, F|
|poke|p1|Gengar, M|
|poke|p1|Raging Bolt|
|poke|p1|Cinderace, M|
|poke|p2|Great Tusk|
|poke|p2|Pecharunt|
|poke|p2|Iron Valiant|
|poke|p2|Iron Crown|
|poke|p2|Samurott-Hisui, M|
|poke|p2|Dragonite, M|
|teampreview
|inactive|Battle timer is ON: inactive players will automatically lose when time's up. (requested by lolcano46)
|
|t:|1778512812
|teamsize|p1|6
|teamsize|p2|6
|start
|switch|p1a: Azelf|Azelf|100/100
|switch|p2a: Samurott|Samurott-Hisui, M, shiny|100/100
|turn|1
|
|t:|1778512817
|-terastallize|p1a: Azelf|Fairy
|move|p1a: Azelf|Dazzling Gleam|p2a: Samurott
|-supereffective|p2a: Samurott
|-damage|p2a: Samurott|0 fnt
|faint|p2a: Samurott
|
|upkeep
|
|t:|1778512823
|switch|p2a: Iron Crown|Iron Crown|100/100
|turn|2
|
|t:|1778512832
|switch|p1a: Raging Bolt|Raging Bolt|100/100
|-enditem|p1a: Raging Bolt|Booster Energy
|-activate|p1a: Raging Bolt|ability: Protosynthesis|[fromitem]
|-start|p1a: Raging Bolt|protosynthesisspa
|move|p2a: Iron Crown|Tachyon Cutter|p1a: Raging Bolt
|-resisted|p1a: Raging Bolt
|-damage|p1a: Raging Bolt|88/100
|-resisted|p1a: Raging Bolt
|-damage|p1a: Raging Bolt|77/100
|-hitcount|p1a: Raging Bolt|2
|
|upkeep
|turn|3
|
|t:|1778512836
|-end|p1a: Raging Bolt|Protosynthesis|[silent]
|switch|p1a: Azelf|Azelf, tera:Fairy|100/100
|move|p2a: Iron Crown|Psychic Noise|p1a: Azelf
|-damage|p1a: Azelf|42/100
|-start|p1a: Azelf|move: Heal Block
|
|upkeep
|turn|4
|
|t:|1778512839
|move|p1a: Azelf|Flamethrower|p2a: Iron Crown
|-supereffective|p2a: Iron Crown
|-damage|p2a: Iron Crown|53/100
|move|p2a: Iron Crown|Psychic Noise|p1a: Azelf
|-damage|p1a: Azelf|0 fnt
|faint|p1a: Azelf
|
|upkeep
|
|t:|1778512842
|switch|p1a: Gengar|Gengar, M|100/100
|turn|5
|
|t:|1778512856
|-terastallize|p2a: Iron Crown|Steel
|move|p1a: Gengar|Shadow Ball|p2a: Iron Crown
|-damage|p2a: Iron Crown|24/100
|move|p2a: Iron Crown|Psychic Noise|p1a: Gengar
|-supereffective|p1a: Gengar
|-damage|p1a: Gengar|0 fnt
|faint|p1a: Gengar
|
|upkeep
|
|t:|1778512864
|switch|p1a: Ogerpon|Ogerpon-Wellspring, F|100/100
|turn|6
|
|t:|1778512868
|-end|p2a: Iron Crown|Quark Drive|[silent]
|switch|p2a: Pecharunt|Pecharunt|100/100
|move|p1a: Ogerpon|Ivy Cudgel|p2a: Pecharunt|[anim] Ivy Cudgel Water
|-damage|p2a: Pecharunt|73/100
|
|upkeep
|turn|7
|
|t:|1778512883
|switch|p1a: Cinderace|Cinderace, M|100/100
|move|p2a: Pecharunt|Shadow Ball|p1a: Cinderace
|-damage|p1a: Cinderace|67/100
|-unboost|p1a: Cinderace|spd|1
|
|upkeep
|turn|8
|
|t:|1778512888
|move|p1a: Cinderace|Will-O-Wisp|p2a: Pecharunt
|-status|p2a: Pecharunt|brn
|move|p2a: Pecharunt|Recover|p2a: Pecharunt
|-heal|p2a: Pecharunt|100/100 brn
|
|-damage|p2a: Pecharunt|94/100 brn|[from] brn
|upkeep
|turn|9
|
|t:|1778512895
|move|p1a: Cinderace|Pyro Ball|p2a: Pecharunt
|-damage|p2a: Pecharunt|69/100 brn
|move|p2a: Pecharunt|Parting Shot|p1a: Cinderace
|-unboost|p1a: Cinderace|atk|1
|-unboost|p1a: Cinderace|spa|1
|
|t:|1778512909
|switch|p2a: Iron Valiant|Iron Valiant, shiny|100/100|[from] Parting Shot
|
|upkeep
|turn|10
|
|t:|1778512929
|move|p1a: Cinderace|Will-O-Wisp|p2a: Iron Valiant
|-status|p2a: Iron Valiant|brn
|move|p2a: Iron Valiant|Thunderbolt|p1a: Cinderace
|-damage|p1a: Cinderace|0 fnt
|faint|p1a: Cinderace
|
|-damage|p2a: Iron Valiant|94/100 brn|[from] brn
|upkeep
|
|t:|1778512938
|switch|p1a: Scizor|Scizor, F|100/100
|turn|11
|
|t:|1778512949
|-end|p2a: Iron Valiant|Quark Drive|[silent]
|switch|p2a: Great Tusk|Great Tusk, shiny|100/100
|move|p1a: Scizor|Swords Dance|p1a: Scizor
|-boost|p1a: Scizor|atk|2
|
|upkeep
|turn|12
|
|t:|1778512957
|move|p1a: Scizor|Bullet Punch|p2a: Great Tusk
|-damage|p2a: Great Tusk|50/100
|move|p2a: Great Tusk|Headlong Rush|p1a: Scizor
|-damage|p1a: Scizor|26/100
|-unboost|p2a: Great Tusk|def|1
|-unboost|p2a: Great Tusk|spd|1
|
|upkeep
|turn|13
|
|t:|1778512962
|move|p1a: Scizor|Bullet Punch|p2a: Great Tusk
|-damage|p2a: Great Tusk|0 fnt
|faint|p2a: Great Tusk
|-end|p2a: Great Tusk|Protosynthesis|[silent]
|
|upkeep
|
|t:|1778512965
|switch|p2a: Pecharunt|Pecharunt|69/100 brn
|turn|14
|
|t:|1778512972
|move|p2a: Pecharunt|Shadow Ball|p1a: Scizor
|-damage|p1a: Scizor|0 fnt
|faint|p1a: Scizor
|
|-damage|p2a: Pecharunt|63/100 brn|[from] brn
|upkeep
|
|t:|1778512975
|switch|p1a: Raging Bolt|Raging Bolt|77/100
|turn|15
|
|t:|1778512978
|switch|p2a: Iron Crown|Iron Crown, tera:Steel|24/100
|move|p1a: Raging Bolt|Thunderbolt|p2a: Iron Crown
|-damage|p2a: Iron Crown|0 fnt
|faint|p2a: Iron Crown
|-end|p2a: Iron Crown|Quark Drive|[silent]
|
|upkeep
|
|t:|1778512984
|switch|p2a: Iron Valiant|Iron Valiant, shiny|94/100 brn
|turn|16
|
|t:|1778512986
|move|p1a: Raging Bolt|Thunderclap|p2a: Iron Valiant
|-damage|p2a: Iron Valiant|21/100 brn
|move|p2a: Iron Valiant|Moonblast|p1a: Raging Bolt
|-supereffective|p1a: Raging Bolt
|-damage|p1a: Raging Bolt|0 fnt
|faint|p1a: Raging Bolt
|-end|p1a: Raging Bolt|Protosynthesis|[silent]
|
|-damage|p2a: Iron Valiant|15/100 brn|[from] brn
|upkeep
|
|t:|1778512990
|switch|p1a: Ogerpon|Ogerpon-Wellspring, F|100/100
|turn|17
|
|t:|1778512992
|move|p2a: Iron Valiant|Moonblast|p1a: Ogerpon
|-damage|p1a: Ogerpon|22/100
|move|p1a: Ogerpon|Horn Leech|p2a: Iron Valiant
|-damage|p2a: Iron Valiant|0 fnt
|-heal|p1a: Ogerpon|29/100|[from] drain|[of] p2a: Iron Valiant
|faint|p2a: Iron Valiant
|-end|p2a: Iron Valiant|Quark Drive|[silent]
|
|upkeep
|-message|lolcano46 forfeited.
|
|win|Weehorn Man
|raw|lolcano46's rating: 1448 &rarr; <strong>1425</strong><br />(-23 for losing)
|raw|Weehorn Man's rating: 1392 &rarr; <strong>1415</strong><br />(+23 for winning)
|l|☆lolcano46
|player|p1|
