|html|<div class="broadcast-blue"><strong>[Gen 9] OU is currently suspecting Tera Blast! For information on how to participate check out the <a href="https://www.smogon.com/tools/suspects/view/200">suspect thread</a>.</strong></div>
|j|☆jimborri
|j|☆catchip
|t:|1776068087
|gametype|singles
|player|p1|jimborri|blackbelt|1198
|player|p2|catchip|dawn-gen4pt|1181
|gen|9
|tier|[Gen 9] OU
|rated|
|rule|HP Percentage Mod: HP is shown in percentages
|rule|Endless Battle Clause: Forcing endless battles is banned
|rule|Species Clause: Limit one of each Pokémon
|rule|OHKO Clause: OHKO moves are banned
|rule|Evasion Items Clause: Evasion items are banned
|rule|Evasion Moves Clause: Evasion moves are banned
|rule|Evasion Abilities Clause: Evasion abilities are banned
|rule|Sleep Moves Clause: Sleep-inducing moves are banned
|clearpoke
|poke|p1|Jolteon, F|
|poke|p1|Skeledirge, M|
|poke|p1|Forretress, M|
|poke|p1|Hitmonlee, M|
|poke|p1|Hydrapple, F|
|poke|p1|Cloyster, F|
|poke|p2|Zamazenta-*|
|poke|p2|Darkrai|
|poke|p2|Ting-Lu|
|poke|p2|Goodra-Hisui, F|
|poke|p2|Skeledirge, M|
|poke|p2|Corviknight, M|
|teampreview
|inactive|Battle timer is ON: inactive players will automatically lose when time's up. (requested by catchip)
|inactive|jimborri has 120 seconds left.
|
|t:|1776068128
|teamsize|p1|6
|teamsize|p2|6
|start
|switch|p1a: Forretress|Forretress, M|100/100
|switch|p2a: Ting-Lu|Ting-Lu|100/100
|-ability|p2a: Ting-Lu|Vessel of Ruin
|turn|1
|inactive|catchip has 120 seconds left.
|
|t:|1776068172
|-terastallize|p2a: Ting-Lu|Water
|move|p2a: Ting-Lu|Stone Edge|p1a: Forretress
|-damage|p1a: Forretress|80/100
|move|p1a: Forretress|Stealth Rock|p2a: Ting-Lu
|-sidestart|p2: catchip|move: Stealth Rock
|
|upkeep
|turn|2
|inactive|jimborri has 120 seconds left.
|inactive|jimborri has 90 seconds left.
|
|t:|1776068245
|switch|p2a: Skeledirge|Skeledirge, M|100/100
|move|p1a: Forretress|Thunder Wave|p2a: Skeledirge
|-status|p2a: Skeledirge|par
|
|upkeep
|turn|3
|
|t:|1776068255
|move|p1a: Forretress|Volt Switch|p2a: Skeledirge
|-damage|p2a: Skeledirge|90/100 par
|
|t:|1776068267
|switch|p1a: Skeledirge|Skeledirge, M|100/100|[from] Volt Switch
|move|p2a: Skeledirge|Torch Song|p1a: Skeledirge
|-resisted|p1a: Skeledirge
|-damage|p1a: Skeledirge|82/100
|-boost|p2a: Skeledirge|spa|1
|
|upkeep
|turn|4
|inactive|catchip has 90 seconds left.
|
|t:|1776068302
|switch|p2a: Darkrai|Darkrai|100/100
|-damage|p2a: Darkrai|88/100|[from] Stealth Rock
|move|p1a: Skeledirge|Shadow Ball|p2a: Darkrai
|-resisted|p2a: Darkrai
|-damage|p2a: Darkrai|63/100
|
|upkeep
|turn|5
|inactive|catchip has 90 seconds left.
|inactive|jimborri has 90 seconds left.
|
|t:|1776068322
|switch|p1a: Hitmonlee|Hitmonlee, M|100/100
|move|p2a: Darkrai|Knock Off|p1a: Hitmonlee
|-resisted|p1a: Hitmonlee
|-damage|p1a: Hitmonlee|41/100
|-enditem|p1a: Hitmonlee|Liechi Berry|[from] move: Knock Off|[of] p2a: Darkrai
|
|upkeep
|turn|6
|
|t:|1776068333
|move|p1a: Hitmonlee|Endure|p1a: Hitmonlee
|-singleturn|p1a: Hitmonlee|move: Endure
|move|p2a: Darkrai|Drain Punch|p1a: Hitmonlee
|-activate|p1a: Hitmonlee|move: Endure
|-damage|p1a: Hitmonlee|1/100
|-heal|p2a: Darkrai|80/100|[from] drain|[of] p1a: Hitmonlee
|
|upkeep
|turn|7
|
|t:|1776068342
|move|p2a: Darkrai|Sucker Punch|p1a: Hitmonlee
|-resisted|p1a: Hitmonlee
|-damage|p1a: Hitmonlee|0 fnt
|faint|p1a: Hitmonlee
|
|upkeep
|
|t:|1776068351
|switch|p1a: Forretress|Forretress, M|80/100
|turn|8
|inactive|catchip has 90 seconds left.
|
|t:|1776068361
|switch|p2a: Corviknight|Corviknight, M|100/100
|-damage|p2a: Corviknight|88/100|[from] Stealth Rock
|move|p1a: Forretress|Thunder Wave|p2a: Corviknight
|-status|p2a: Corviknight|par
|
|upkeep
|turn|9
|
|t:|1776068370
|move|p1a: Forretress|Volt Switch|p2a: Corviknight
|-supereffective|p2a: Corviknight
|-damage|p2a: Corviknight|66/100 par
|
|t:|1776068377
|switch|p1a: Skeledirge|Skeledirge, M|82/100|[from] Volt Switch
|cant|p2a: Corviknight|par
|
|upkeep
|turn|10
|
|t:|1776068387
|switch|p2a: Ting-Lu|Ting-Lu, tera:Water|100/100
|-damage|p2a: Ting-Lu|88/100|[from] Stealth Rock
|-ability|p2a: Ting-Lu|Vessel of Ruin
|move|p1a: Skeledirge|Torch Song|p2a: Ting-Lu
|-resisted|p2a: Ting-Lu
|-damage|p2a: Ting-Lu|82/100
|-boost|p1a: Skeledirge|spa|1
|-enditem|p1a: Skeledirge|Throat Spray
|-boost|p1a: Skeledirge|spa|1|[from] item: Throat Spray
|
|upkeep
|turn|11
|
|t:|1776068400
|move|p1a: Skeledirge|Shadow Ball|p2a: Ting-Lu
|-crit|p2a: Ting-Lu
|-damage|p2a: Ting-Lu|44/100
|move|p2a: Ting-Lu|Earthquake|p1a: Skeledirge
|-supereffective|p1a: Skeledirge
|-crit|p1a: Skeledirge
|-damage|p1a: Skeledirge|0 fnt
|faint|p1a: Skeledirge
|
|upkeep
|inactive|jimborri has 120 seconds left.
|
|t:|1776068426
|switch|p1a: Hydrapple|Hydrapple, F|100/100
|turn|12
|inactive|catchip has 90 seconds left.
|
|t:|1776068471
|switch|p2a: Skeledirge|Skeledirge, M|90/100 par
|move|p1a: Hydrapple|Giga Drain|p2a: Skeledirge
|-resisted|p2a: Skeledirge
|-damage|p2a: Skeledirge|68/100 par
|
|upkeep
|turn|13
|inactive|jimborri has 120 seconds left.
|inactive|jimborri has 90 seconds left.
|inactive|jimborri has 60 seconds left.
|inactive|jimborri has 30 seconds left.
|inactive|jimborri has 20 seconds left.
|inactive|jimborri has 15 seconds left.
|inactive|jimborri has 10 seconds left.
|inactive|jimborri has 5 seconds left.
|-message|jimborri lost due to inactivity.
|
|win|catchip
|raw|jimborri's rating: 1198 &rarr; <strong>1172</strong><br />(-26 for losing)
|raw|catchip's rating: 1181 &rarr; <strong>1207</strong><br />(+26 for winning)
|l|☆catchip
|player|p2|
|l|☆jimborri
|player|p1|
