|html|<div class="broadcast-blue"><strong>[Gen 9] OU is currently suspecting Tera Blast! For information on how to participate check out the <a href="https://www.smogon.com/tools/suspects/view/200">suspect thread</a>.</strong></div>
|j|☆erennotyaeger
|j|☆mathismathin
|t:|1776099263
|gametype|singles
|player|p1|erennotyaeger|102|1676
|player|p2|mathismathin|bugsy-masters|1798
|gen|9
|tier|[Gen 9] OU
|rated|
|rule|HP Percentage Mod: HP is shown in percentages
|rule|Endless Battle Clause: Forcing endless battles is banned
|rule|Species Clause: Limit one of each Pokémon
|rule|OHKO Clause: OHKO moves are banned
|rule|Evasion Items Clause: Evasion items are banned
|rule|Evasion Moves Clause: Evasion moves are banned
|rule|Evasion Abilities Clause: Evasion abilities are banned
|rule|Sleep Moves Clause: Sleep-inducing moves are banned
|clearpoke
|poke|p1|Dragapult, F|
|poke|p1|Alomomola, F|
|poke|p1|Ting-Lu|
|poke|p1|Kyurem|
|poke|p1|Weezing-Galar, F|
|poke|p1|Corviknight, F|
|poke|p2|Samurott-Hisui, F|
|poke|p2|Hoopa-Unbound|
|poke|p2|Dragonite, F|
|poke|p2|Dragapult, M|
|poke|p2|Moltres|
|poke|p2|Kingambit, F|
|teampreview
|
|t:|1776099294
|teamsize|p1|6
|teamsize|p2|6
|start
|switch|p1a: Weezing|Weezing-Galar, F|100/100
|switch|p2a: fiend encounters|Hoopa-Unbound|100/100
|-ability|p1a: Weezing|Neutralizing Gas
|turn|1
|inactive|Battle timer is ON: inactive players will automatically lose when time's up. (requested by erennotyaeger)
|
|t:|1776099328
|move|p1a: Weezing|Protect|p1a: Weezing
|-singleturn|p1a: Weezing|Protect
|move|p2a: fiend encounters|Knock Off|p1a: Weezing
|-activate|p1a: Weezing|move: Protect
|
|upkeep
|turn|2
|
|t:|1776099346
|-end|p1a: Weezing|ability: Neutralizing Gas
|switch|p1a: Corviknight|Corviknight, F|100/100
|-ability|p1a: Corviknight|Pressure
|move|p2a: fiend encounters|Psychic Noise|p1a: Corviknight
|-resisted|p1a: Corviknight
|-damage|p1a: Corviknight|85/100
|-start|p1a: Corviknight|move: Heal Block
|
|upkeep
|turn|3
|j| Kyurem
|
|t:|1776099360
|switch|p2a: WORLDBOSSFLO|Moltres|100/100
|move|p1a: Corviknight|U-turn|p2a: WORLDBOSSFLO
|-resisted|p2a: WORLDBOSSFLO
|-damage|p2a: WORLDBOSSFLO|96/100
|
|t:|1776099375
|switch|p1a: Alysa-Lu|Ting-Lu|100/100|[from] U-turn
|-ability|p1a: Alysa-Lu|Vessel of Ruin
|
|upkeep
|turn|4
|
|t:|1776099381
|switch|p2a: ROTTEN $AM|Samurott-Hisui, F|100/100
|move|p1a: Alysa-Lu|Stealth Rock|p2a: ROTTEN $AM
|-sidestart|p2: mathismathin|move: Stealth Rock
|
|upkeep
|turn|5
|
|t:|1776099385
|switch|p1a: Weezing|Weezing-Galar, F|100/100
|-ability|p1a: Weezing|Neutralizing Gas
|move|p2a: ROTTEN $AM|Ceaseless Edge|p1a: Weezing
|-resisted|p1a: Weezing
|-damage|p1a: Weezing|88/100
|-sidestart|p1: erennotyaeger|Spikes
|
|-heal|p1a: Weezing|94/100|[from] item: Leftovers
|upkeep
|turn|6
|
|t:|1776099404
|switch|p2a: fiend encounters|Hoopa-Unbound|100/100
|-damage|p2a: fiend encounters|88/100|[from] Stealth Rock
|move|p1a: Weezing|Toxic|p2a: fiend encounters
|-status|p2a: fiend encounters|tox
|
|-heal|p2a: fiend encounters|94/100 tox|[from] item: Leftovers
|-heal|p1a: Weezing|99/100|[from] item: Leftovers
|-damage|p2a: fiend encounters|88/100 tox|[from] psn
|upkeep
|turn|7
|
|t:|1776099410
|move|p1a: Weezing|Protect|p1a: Weezing
|-singleturn|p1a: Weezing|Protect
|move|p2a: fiend encounters|Knock Off|p1a: Weezing
|-activate|p1a: Weezing|move: Protect
|
|-heal|p2a: fiend encounters|94/100 tox|[from] item: Leftovers
|-heal|p1a: Weezing|100/100|[from] item: Leftovers
|-damage|p2a: fiend encounters|82/100 tox|[from] psn
|upkeep
|turn|8
|
|t:|1776099413
|-end|p1a: Weezing|ability: Neutralizing Gas
|switch|p1a: Corviknight|Corviknight, F|85/100
|-ability|p1a: Corviknight|Pressure
|move|p2a: fiend encounters|Knock Off|p1a: Corviknight
|-damage|p1a: Corviknight|38/100
|-enditem|p1a: Corviknight|Leftovers|[from] move: Knock Off|[of] p2a: fiend encounters
|
|-heal|p2a: fiend encounters|88/100 tox|[from] item: Leftovers
|-damage|p2a: fiend encounters|70/100 tox|[from] psn
|upkeep
|turn|9
|
|t:|1776099421
|switch|p1a: Alysa-Lu|Ting-Lu|100/100
|-damage|p1a: Alysa-Lu|88/100|[from] Spikes
|-ability|p1a: Alysa-Lu|Vessel of Ruin
|move|p2a: fiend encounters|Psychic Noise|p1a: Alysa-Lu
|-immune|p1a: Alysa-Lu
|
|-heal|p2a: fiend encounters|76/100 tox|[from] item: Leftovers
|-heal|p1a: Alysa-Lu|94/100|[from] item: Leftovers
|-damage|p2a: fiend encounters|51/100 tox|[from] psn
|upkeep
|turn|10
|
|t:|1776099450
|move|p2a: fiend encounters|Knock Off|p1a: Alysa-Lu
|-resisted|p1a: Alysa-Lu
|-damage|p1a: Alysa-Lu|77/100
|-enditem|p1a: Alysa-Lu|Leftovers|[from] move: Knock Off|[of] p2a: fiend encounters
|move|p1a: Alysa-Lu|Earthquake|p2a: fiend encounters
|-damage|p2a: fiend encounters|1/100 tox
|
|-heal|p2a: fiend encounters|8/100 tox|[from] item: Leftovers
|-damage|p2a: fiend encounters|0 fnt|[from] psn
|faint|p2a: fiend encounters
|upkeep
|
|t:|1776099460
|switch|p2a: WORLDBOSSFLO|Moltres|96/100
|-damage|p2a: WORLDBOSSFLO|47/100|[from] Stealth Rock
|turn|11
|
|t:|1776099471
|move|p2a: WORLDBOSSFLO|Hurricane|p1a: Alysa-Lu
|-damage|p1a: Alysa-Lu|44/100
|-start|p1a: Alysa-Lu|confusion
|-damage|p2a: WORLDBOSSFLO|37/100|[from] item: Life Orb
|-activate|p1a: Alysa-Lu|confusion
|move|p1a: Alysa-Lu|Ruination|p2a: WORLDBOSSFLO
|-damage|p2a: WORLDBOSSFLO|19/100
|
|upkeep
|turn|12
|
|t:|1776099490
|move|p2a: WORLDBOSSFLO|Hurricane|p1a: Alysa-Lu
|-damage|p1a: Alysa-Lu|14/100
|-damage|p2a: WORLDBOSSFLO|9/100|[from] item: Life Orb
|-end|p1a: Alysa-Lu|confusion
|move|p1a: Alysa-Lu|Rest|p1a: Alysa-Lu
|-status|p1a: Alysa-Lu|slp|[from] move: Rest
|-heal|p1a: Alysa-Lu|100/100 slp|[silent]
|
|upkeep
|turn|13
|
|t:|1776099498
|move|p2a: WORLDBOSSFLO|Hurricane|p1a: Alysa-Lu
|-damage|p1a: Alysa-Lu|66/100 slp
|-start|p1a: Alysa-Lu|confusion
|-damage|p2a: WORLDBOSSFLO|0 fnt|[from] item: Life Orb
|faint|p2a: WORLDBOSSFLO
|cant|p1a: Alysa-Lu|slp
|
|upkeep
|
|t:|1776099508
|switch|p2a: ME OFF THA BLINKIE|Dragapult, M, shiny|100/100
|-damage|p2a: ME OFF THA BLINKIE|88/100|[from] Stealth Rock
|turn|14
|
|t:|1776099516
|switch|p1a: Fogbound Lake|Alomomola, F|100/100
|-damage|p1a: Fogbound Lake|88/100|[from] Spikes
|move|p2a: ME OFF THA BLINKIE|Dragon Darts|p1a: Fogbound Lake
|-damage|p1a: Fogbound Lake|74/100
|-anim|p2a: ME OFF THA BLINKIE|Dragon Darts|p1a: Fogbound Lake
|-damage|p1a: Fogbound Lake|59/100
|-damage|p2a: ME OFF THA BLINKIE|78/100|[from] item: Life Orb
|
|upkeep
|turn|15
|
|t:|1776099533
|switch|p1a: Alysa-Lu|Ting-Lu|66/100 slp
|-damage|p1a: Alysa-Lu|53/100 slp|[from] Spikes
|-ability|p1a: Alysa-Lu|Vessel of Ruin
|move|p2a: ME OFF THA BLINKIE|Draco Meteor|p1a: Alysa-Lu
|-damage|p1a: Alysa-Lu|22/100 slp
|-unboost|p2a: ME OFF THA BLINKIE|spa|2
|-damage|p2a: ME OFF THA BLINKIE|69/100|[from] item: Life Orb
|
|upkeep
|turn|16
|
|t:|1776099545
|switch|p2a: ROTTEN $AM|Samurott-Hisui, F|100/100
|-damage|p2a: ROTTEN $AM|88/100|[from] Stealth Rock
|switch|p1a: Fogbound Lake|Alomomola, F|92/100
|-damage|p1a: Fogbound Lake|80/100|[from] Spikes
|
|upkeep
|turn|17
|
|t:|1776099548
|move|p2a: ROTTEN $AM|Swords Dance|p2a: ROTTEN $AM
|-boost|p2a: ROTTEN $AM|atk|2
|move|p1a: Fogbound Lake|Wish|p1a: Fogbound Lake
|
|upkeep
|turn|18
|
|t:|1776099558
|move|p2a: ROTTEN $AM|Ceaseless Edge|p1a: Fogbound Lake
|-damage|p1a: Fogbound Lake|23/100
|-damage|p2a: ROTTEN $AM|72/100|[from] item: Rocky Helmet|[of] p1a: Fogbound Lake
|-sidestart|p1: erennotyaeger|Spikes
|move|p1a: Fogbound Lake|Flip Turn|p2a: ROTTEN $AM
|-resisted|p2a: ROTTEN $AM
|-damage|p2a: ROTTEN $AM|62/100
|
|t:|1776099562
|switch|p1a: Weezing|Weezing-Galar, F|100/100|[from] Flip Turn
|-ability|p1a: Weezing|Neutralizing Gas
|-damage|p1a: Weezing|84/100|[from] Spikes
|
|-heal|p1a: Weezing|100/100|[from] move: Wish|[wisher] Fogbound Lake
|upkeep
|turn|19
|
|t:|1776099568
|move|p2a: ROTTEN $AM|Taunt|p1a: Weezing
|-start|p1a: Weezing|move: Taunt
|cant|p1a: Weezing|move: Taunt|Will-O-Wisp
|
|upkeep
|turn|20
|
|t:|1776099579
|-end|p1a: Weezing|ability: Neutralizing Gas
|switch|p1a: Fogbound Lake|Alomomola, F|57/100
|-damage|p1a: Fogbound Lake|40/100|[from] Spikes
|move|p2a: ROTTEN $AM|Ceaseless Edge|p1a: Fogbound Lake
|-damage|p1a: Fogbound Lake|0 fnt
|-damage|p2a: ROTTEN $AM|45/100|[from] item: Rocky Helmet|[of] p1a: Fogbound Lake
|-sidestart|p1: erennotyaeger|Spikes
|faint|p1a: Fogbound Lake
|
|upkeep
|
|t:|1776099593
|switch|p1a: Moody Blues|Dragapult, F|100/100
|-damage|p1a: Moody Blues|76/100|[from] Spikes
|turn|21
|
|t:|1776099616
|switch|p1a: Alysa-Lu|Ting-Lu|22/100 slp
|-damage|p1a: Alysa-Lu|0 fnt|[from] Spikes
|faint|p1a: Alysa-Lu
|move|p2a: ROTTEN $AM|Sucker Punch|p1: Alysa-Lu|[notarget]
|-fail|p2a: ROTTEN $AM
|
|upkeep
|inactive|erennotyaeger has 120 seconds left.
|
|t:|1776099631
|switch|p1a: Corviknight|Corviknight, F|38/100
|-ability|p1a: Corviknight|Pressure
|turn|22
|inactive|erennotyaeger has 120 seconds left.
|
|t:|1776099643
|move|p2a: ROTTEN $AM|Ceaseless Edge|p1a: Corviknight
|-damage|p1a: Corviknight|0 fnt
|faint|p1a: Corviknight
|
|upkeep
|
|t:|1776099645
|switch|p1a: Tiffany BlueStones|Kyurem, shiny|100/100
|-damage|p1a: Tiffany BlueStones|76/100|[from] Spikes
|-ability|p1a: Tiffany BlueStones|Pressure
|turn|23
|l| Kyurem
|inactive|erennotyaeger has 120 seconds left.
|
|t:|1776099676
|move|p1a: Tiffany BlueStones|Freeze-Dry|p2a: ROTTEN $AM
|-supereffective|p2a: ROTTEN $AM
|-damage|p2a: ROTTEN $AM|0 fnt
|faint|p2a: ROTTEN $AM
|
|-heal|p1a: Tiffany BlueStones|82/100|[from] item: Leftovers
|upkeep
|
|t:|1776099679
|switch|p2a: ME OFF THA BLINKIE|Dragapult, M, shiny|69/100
|-damage|p2a: ME OFF THA BLINKIE|56/100|[from] Stealth Rock
|turn|24
|inactive|erennotyaeger has 120 seconds left.
|
|t:|1776099689
|-terastallize|p1a: Tiffany BlueStones|Steel
|move|p2a: ME OFF THA BLINKIE|Dragon Darts|p1a: Tiffany BlueStones
|-resisted|p1a: Tiffany BlueStones
|-damage|p1a: Tiffany BlueStones|70/100
|-anim|p2a: ME OFF THA BLINKIE|Dragon Darts|p1a: Tiffany BlueStones
|-resisted|p1a: Tiffany BlueStones
|-damage|p1a: Tiffany BlueStones|55/100
|-damage|p2a: ME OFF THA BLINKIE|47/100|[from] item: Life Orb
|move|p1a: Tiffany BlueStones|Freeze-Dry|p2a: ME OFF THA BLINKIE
|-supereffective|p2a: ME OFF THA BLINKIE
|-damage|p2a: ME OFF THA BLINKIE|0 fnt
|faint|p2a: ME OFF THA BLINKIE
|
|-heal|p1a: Tiffany BlueStones|62/100|[from] item: Leftovers
|upkeep
|
|t:|1776099697
|switch|p2a: John J Johnson|Kingambit, F|100/100
|-damage|p2a: John J Johnson|94/100|[from] Stealth Rock
|-activate|p2a: John J Johnson|ability: Supreme Overlord
|-start|p2a: John J Johnson|fallen4|[silent]
|turn|25
|
|t:|1776099703
|switch|p1a: Weezing|Weezing-Galar, F|100/100
|-ability|p1a: Weezing|Neutralizing Gas
|-damage|p1a: Weezing|76/100|[from] Spikes
|move|p2a: John J Johnson|Low Kick|p1a: Weezing
|-resisted|p1a: Weezing
|-damage|p1a: Weezing|73/100
|
|-heal|p1a: Weezing|79/100|[from] item: Leftovers
|-heal|p2a: John J Johnson|100/100|[from] item: Leftovers
|upkeep
|turn|26
|
|t:|1776099710
|move|p1a: Weezing|Will-O-Wisp|p2a: John J Johnson|[miss]
|-miss|p1a: Weezing|p2a: John J Johnson
|move|p2a: John J Johnson|Swords Dance|p2a: John J Johnson
|-boost|p2a: John J Johnson|atk|2
|
|-heal|p1a: Weezing|85/100|[from] item: Leftovers
|upkeep
|turn|27
|
|t:|1776099712
|move|p1a: Weezing|Will-O-Wisp|p2a: John J Johnson
|-status|p2a: John J Johnson|brn
|move|p2a: John J Johnson|Swords Dance|p2a: John J Johnson
|-boost|p2a: John J Johnson|atk|2
|
|-heal|p1a: Weezing|91/100|[from] item: Leftovers
|-damage|p2a: John J Johnson|94/100 brn|[from] brn
|upkeep
|turn|28
|
|t:|1776099723
|move|p1a: Weezing|Defog|p2a: John J Johnson
|-unboost|p2a: John J Johnson|evasion|1
|-sideend|p2: mathismathin|Stealth Rock|[from] move: Defog|[of] p1a: Weezing
|-sideend|p1: erennotyaeger|Spikes|[from] move: Defog|[of] p1a: Weezing
|move|p2a: John J Johnson|Swords Dance|p2a: John J Johnson
|-boost|p2a: John J Johnson|atk|2
|
|-heal|p1a: Weezing|97/100|[from] item: Leftovers
|-heal|p2a: John J Johnson|100/100 brn|[from] item: Leftovers
|-damage|p2a: John J Johnson|94/100 brn|[from] brn
|upkeep
|turn|29
|
|t:|1776099736
|move|p1a: Weezing|Toxic||[still]
|-fail|p1a: Weezing
|move|p2a: John J Johnson|Kowtow Cleave|p1a: Weezing
|-resisted|p1a: Weezing
|-damage|p1a: Weezing|60/100
|
|-heal|p1a: Weezing|66/100|[from] item: Leftovers
|-heal|p2a: John J Johnson|100/100 brn|[from] item: Leftovers
|-damage|p2a: John J Johnson|94/100 brn|[from] brn
|upkeep
|turn|30
|
|t:|1776099742
|move|p1a: Weezing|Toxic||[still]
|-fail|p1a: Weezing
|move|p2a: John J Johnson|Kowtow Cleave|p1a: Weezing
|-resisted|p1a: Weezing
|-damage|p1a: Weezing|32/100
|
|-heal|p1a: Weezing|38/100|[from] item: Leftovers
|-heal|p2a: John J Johnson|100/100 brn|[from] item: Leftovers
|-damage|p2a: John J Johnson|94/100 brn|[from] brn
|upkeep
|turn|31
|
|t:|1776099744
|move|p1a: Weezing|Toxic||[still]
|-fail|p1a: Weezing
|move|p2a: John J Johnson|Kowtow Cleave|p1a: Weezing
|-resisted|p1a: Weezing
|-damage|p1a: Weezing|0 fnt
|faint|p1a: Weezing
|-end|p1a: Weezing|ability: Neutralizing Gas
|-activate|p2a: John J Johnson|ability: Supreme Overlord
|-start|p2a: John J Johnson|fallen4|[silent]
|
|-heal|p2a: John J Johnson|100/100 brn|[from] item: Leftovers
|-damage|p2a: John J Johnson|94/100 brn|[from] brn
|upkeep
|
|t:|1776099747
|switch|p1a: Tiffany BlueStones|Kyurem, shiny, tera:Steel|62/100
|-ability|p1a: Tiffany BlueStones|Pressure
|turn|32
|
|t:|1776099750
|move|p1a: Tiffany BlueStones|Substitute|p1a: Tiffany BlueStones
|-start|p1a: Tiffany BlueStones|Substitute
|-damage|p1a: Tiffany BlueStones|37/100
|move|p2a: John J Johnson|Low Kick|p1a: Tiffany BlueStones
|-supereffective|p1a: Tiffany BlueStones
|-crit|p1a: Tiffany BlueStones
|-end|p1a: Tiffany BlueStones|Substitute
|
|-heal|p1a: Tiffany BlueStones|43/100|[from] item: Leftovers
|-heal|p2a: John J Johnson|100/100 brn|[from] item: Leftovers
|-damage|p2a: John J Johnson|94/100 brn|[from] brn
|upkeep
|turn|33
|
|t:|1776099755
|move|p1a: Tiffany BlueStones|Earth Power|p2a: John J Johnson
|-supereffective|p2a: John J Johnson
|-damage|p2a: John J Johnson|38/100 brn
|move|p2a: John J Johnson|Low Kick|p1a: Tiffany BlueStones
|-supereffective|p1a: Tiffany BlueStones
|-damage|p1a: Tiffany BlueStones|0 fnt
|faint|p1a: Tiffany BlueStones
|
|-heal|p2a: John J Johnson|44/100 brn|[from] item: Leftovers
|-damage|p2a: John J Johnson|38/100 brn|[from] brn
|upkeep
|
|t:|1776099758
|switch|p1a: Moody Blues|Dragapult, F|76/100
|turn|34
|
|t:|1776099759
|move|p2a: John J Johnson|Sucker Punch|p1a: Moody Blues
|-supereffective|p1a: Moody Blues
|-damage|p1a: Moody Blues|0 fnt
|faint|p1a: Moody Blues
|
|win|mathismathin
|raw|erennotyaeger's rating: 1676 &rarr; <strong>1663</strong><br />(-13 for losing)
|raw|mathismathin's rating: 1798 &rarr; <strong>1811</strong><br />(+13 for winning)
|c|☆erennotyaeger|gg
|c|☆mathismathin|gg
|l|☆erennotyaeger
|player|p1|
