|html|<div class="broadcast-blue"><strong>[Gen 9] OU is currently suspecting Tera Blast! For information on how to participate check out the <a href="https://www.smogon.com/tools/suspects/view/200">suspect thread</a>.</strong></div>
|j|☆HAZ696
|j|☆EloPushing
|t:|1776034108
|gametype|singles
|player|p1|HAZ696|swimmerf-gen4|1089
|player|p2|EloPushing|lady|1138
|gen|9
|tier|[Gen 9] OU
|rated|
|rule|HP Percentage Mod: HP is shown in percentages
|rule|Endless Battle Clause: Forcing endless battles is banned
|rule|Species Clause: Limit one of each Pokémon
|rule|OHKO Clause: OHKO moves are banned
|rule|Evasion Items Clause: Evasion items are banned
|rule|Evasion Moves Clause: Evasion moves are banned
|rule|Evasion Abilities Clause: Evasion abilities are banned
|rule|Sleep Moves Clause: Sleep-inducing moves are banned
|clearpoke
|poke|p1|Delphox, F|
|poke|p1|Salazzle, F|
|poke|p1|Vaporeon, F|
|poke|p1|Virizion|
|poke|p1|Meowscarada, F|
|poke|p1|Gardevoir, F|
|poke|p2|Iron Valiant|
|poke|p2|Great Tusk|
|poke|p2|Dragonite, F|
|poke|p2|Deoxys-Speed|
|poke|p2|Glimmora, F|
|poke|p2|Kingambit, F|
|teampreview
|inactive|Battle timer is ON: inactive players will automatically lose when time's up. (requested by EloPushing)
|
|t:|1776034115
|teamsize|p1|6
|teamsize|p2|6
|start
|switch|p1a: Wife Material|Gardevoir, F|100/100
|switch|p2a: Limitless|Deoxys-Speed|100/100
|-ability|p2a: Limitless|Pressure
|-ability|p1a: Wife Material|Pressure|Trace|[from] ability: Trace|[of] p2a: Limitless
|-ability|p1a: Wife Material|Pressure
|turn|1
|
|t:|1776034128
|move|p2a: Limitless|Light Screen|p2a: Limitless
|-sidestart|p2: EloPushing|move: Light Screen
|move|p1a: Wife Material|Shadow Ball|p2a: Limitless
|-supereffective|p2a: Limitless
|-damage|p2a: Limitless|67/100
|
|upkeep
|turn|2
|
|t:|1776034135
|move|p2a: Limitless|Reflect|p2a: Limitless
|-sidestart|p2: EloPushing|Reflect
|move|p1a: Wife Material|Shadow Ball|p2a: Limitless
|-supereffective|p2a: Limitless
|-damage|p2a: Limitless|30/100
|
|upkeep
|turn|3
|
|t:|1776034140
|switch|p2a: Ascended|Dragonite, F|100/100
|move|p1a: Wife Material|Shadow Ball|p2a: Ascended
|-damage|p2a: Ascended|92/100
|
|-heal|p2a: Ascended|98/100|[from] item: Leftovers
|upkeep
|turn|4
|
|t:|1776034149
|switch|p1a: Pocket Poreon|Vaporeon, F, shiny|100/100
|-terastallize|p2a: Ascended|Flying
|move|p2a: Ascended|Dragon Dance|p2a: Ascended
|-boost|p2a: Ascended|atk|1
|-boost|p2a: Ascended|spe|1
|
|-heal|p2a: Ascended|100/100|[from] item: Leftovers
|upkeep
|turn|5
|
|t:|1776034158
|move|p2a: Ascended|Substitute|p2a: Ascended
|-start|p2a: Ascended|Substitute
|-damage|p2a: Ascended|76/100
|move|p1a: Pocket Poreon|Ice Beam|p2a: Ascended
|-supereffective|p2a: Ascended
|-end|p2a: Ascended|Substitute
|
|-heal|p2a: Ascended|82/100|[from] item: Leftovers
|upkeep
|turn|6
|
|t:|1776034166
|move|p2a: Ascended|Tera Blast|p1a: Pocket Poreon|[anim] Tera Blast Flying
|-damage|p1a: Pocket Poreon|13/100
|move|p1a: Pocket Poreon|Ice Beam|p2a: Ascended
|-supereffective|p2a: Ascended
|-damage|p2a: Ascended|38/100
|
|-heal|p2a: Ascended|44/100|[from] item: Leftovers
|upkeep
|turn|7
|
|t:|1776034176
|move|p2a: Ascended|Tera Blast|p1a: Pocket Poreon|[anim] Tera Blast Flying
|-damage|p1a: Pocket Poreon|0 fnt
|faint|p1a: Pocket Poreon
|
|-heal|p2a: Ascended|50/100|[from] item: Leftovers
|upkeep
|
|t:|1776034182
|switch|p1a: Hot Furry|Meowscarada, F, shiny|100/100
|turn|8
|
|t:|1776034185
|move|p1a: Hot Furry|Thunder Punch|p2a: Ascended
|-start|p1a: Hot Furry|typechange|Electric|[from] ability: Protean
|-supereffective|p2a: Ascended
|-damage|p2a: Ascended|11/100
|move|p2a: Ascended|Tera Blast|p1a: Hot Furry|[anim] Tera Blast Flying
|-resisted|p1a: Hot Furry
|-damage|p1a: Hot Furry|38/100
|
|-heal|p2a: Ascended|18/100|[from] item: Leftovers
|-sideend|p2: EloPushing|move: Light Screen
|upkeep
|turn|9
|
|t:|1776034196
|switch|p2a: Behemoth|Great Tusk, shiny|100/100
|-enditem|p2a: Behemoth|Booster Energy
|-activate|p2a: Behemoth|ability: Protosynthesis|[fromitem]
|-start|p2a: Behemoth|protosynthesisspe
|move|p1a: Hot Furry|Thunder Punch|p2a: Behemoth
|-immune|p2a: Behemoth
|
|-sideend|p2: EloPushing|Reflect
|upkeep
|turn|10
|
|t:|1776034207
|switch|p1a: Uma musume|Virizion|100/100
|move|p2a: Behemoth|Bulk Up|p2a: Behemoth
|-boost|p2a: Behemoth|atk|1
|-boost|p2a: Behemoth|def|1
|
|upkeep
|turn|11
|
|t:|1776034214
|-end|p2a: Behemoth|Protosynthesis|[silent]
|switch|p2a: Granite|Glimmora, F, shiny|100/100
|move|p1a: Uma musume|Leaf Blade|p2a: Granite
|-damage|p2a: Granite|53/100
|-activate|p2a: Granite|ability: Toxic Debris
|-sidestart|p1: HAZ696|move: Toxic Spikes
|
|upkeep
|turn|12
|
|t:|1776034225
|switch|p1a: Wife Material|Gardevoir, F|100/100
|-status|p1a: Wife Material|psn
|-ability|p1a: Wife Material|Toxic Debris|Trace|[from] ability: Trace|[of] p2a: Granite
|move|p2a: Granite|Mortal Spin|p1a: Wife Material
|-supereffective|p1a: Wife Material
|-damage|p1a: Wife Material|80/100 psn
|-activate|p1a: Wife Material|ability: Toxic Debris
|-sidestart|p2: EloPushing|move: Toxic Spikes
|-sideend|p2: EloPushing|Toxic Spikes|[from] move: Mortal Spin|[of] p2a: Granite
|
|-damage|p1a: Wife Material|68/100 psn|[from] psn
|upkeep
|turn|13
|
|t:|1776034239
|switch|p2a: Dismantle|Kingambit, F, shiny|100/100
|move|p1a: Wife Material|Psychic|p2a: Dismantle
|-immune|p2a: Dismantle
|
|-damage|p1a: Wife Material|56/100 psn|[from] psn
|upkeep
|turn|14
|
|t:|1776034253
|switch|p1a: Goth Baddie|Salazzle, F, shiny|100/100
|-sideend|p1: HAZ696|move: Toxic Spikes|[of] p1a: Goth Baddie
|move|p2a: Dismantle|Sucker Punch||[still]
|-fail|p2a: Dismantle
|
|upkeep
|turn|15
|
|t:|1776034261
|-end|p2a: Dismantle|fallenundefined|[silent]
|switch|p2a: Granite|Glimmora, F, shiny|53/100
|move|p1a: Goth Baddie|Nasty Plot|p1a: Goth Baddie
|-boost|p1a: Goth Baddie|spa|2
|
|upkeep
|turn|16
|
|t:|1776034268
|move|p1a: Goth Baddie|Dragon Pulse|p2a: Granite
|-damage|p2a: Granite|0 fnt
|faint|p2a: Granite
|
|upkeep
|
|t:|1776034272
|switch|p2a: Limitless|Deoxys-Speed|30/100
|-ability|p2a: Limitless|Pressure
|turn|17
|
|t:|1776034281
|-terastallize|p1a: Goth Baddie|Ghost
|move|p2a: Limitless|Reflect|p2a: Limitless
|-sidestart|p2: EloPushing|Reflect
|move|p1a: Goth Baddie|Flamethrower|p2a: Limitless
|-damage|p2a: Limitless|0 fnt
|faint|p2a: Limitless
|
|upkeep
|
|t:|1776034291
|switch|p2a: Dismantle|Kingambit, F, shiny|100/100
|-activate|p2a: Dismantle|ability: Supreme Overlord
|-start|p2a: Dismantle|fallen2|[silent]
|turn|18
|
|t:|1776034297
|move|p2a: Dismantle|Sucker Punch|p1a: Goth Baddie
|-supereffective|p1a: Goth Baddie
|-enditem|p1a: Goth Baddie|Focus Sash
|-damage|p1a: Goth Baddie|1/100
|move|p1a: Goth Baddie|Flamethrower|p2a: Dismantle
|-supereffective|p2a: Dismantle
|-damage|p2a: Dismantle|0 fnt
|faint|p2a: Dismantle
|-end|p2a: Dismantle|fallen2|[silent]
|
|upkeep
|
|t:|1776034305
|switch|p2a: Terminator|Iron Valiant, shiny|100/100
|-enditem|p2a: Terminator|Booster Energy
|-activate|p2a: Terminator|ability: Quark Drive|[fromitem]
|-start|p2a: Terminator|quarkdrivespe
|turn|19
|
|t:|1776034312
|move|p2a: Terminator|Moonblast|p1a: Goth Baddie
|-damage|p1a: Goth Baddie|0 fnt
|faint|p1a: Goth Baddie
|
|upkeep
|
|t:|1776034320
|switch|p1a: 10/10 Redhead|Delphox, F|100/100
|turn|20
|
|t:|1776034325
|move|p2a: Terminator|Knock Off|p1a: 10/10 Redhead
|-supereffective|p1a: 10/10 Redhead
|-damage|p1a: 10/10 Redhead|21/100
|-enditem|p1a: 10/10 Redhead|Red Card|[from] move: Knock Off|[of] p2a: Terminator
|move|p1a: 10/10 Redhead|Psychic|p2a: Terminator
|-supereffective|p2a: Terminator
|-damage|p2a: Terminator|0 fnt
|faint|p2a: Terminator
|-end|p2a: Terminator|Quark Drive|[silent]
|
|upkeep
|-message|EloPushing forfeited.
|
|win|HAZ696
|raw|HAZ696's rating: 1089 &rarr; <strong>1119</strong><br />(+30 for winning)
|raw|EloPushing's rating: 1138 &rarr; <strong>1109</strong><br />(-29 for losing)
|l|☆HAZ696
|player|p1|
|l|☆EloPushing
|player|p2|
