|html|<div class="broadcast-blue"><strong>[Gen 9] OU is currently suspecting Tera Blast! For information on how to participate check out the <a href="https://www.smogon.com/tools/suspects/view/200">suspect thread</a>.</strong></div>
|j|☆aavii
|j|☆1a2w3d
|t:|1776184636
|gametype|singles
|player|p1|aavii|n|1159
|player|p2|1a2w3d|giovanni|1166
|gen|9
|tier|[Gen 9] OU
|rated|
|rule|HP Percentage Mod: HP is shown in percentages
|rule|Endless Battle Clause: Forcing endless battles is banned
|rule|Species Clause: Limit one of each Pokémon
|rule|OHKO Clause: OHKO moves are banned
|rule|Evasion Items Clause: Evasion items are banned
|rule|Evasion Moves Clause: Evasion moves are banned
|rule|Evasion Abilities Clause: Evasion abilities are banned
|rule|Sleep Moves Clause: Sleep-inducing moves are banned
|clearpoke
|poke|p1|Moltres|
|poke|p1|Pecharunt|
|poke|p1|Iron Moth|
|poke|p1|Landorus-Therian, M|
|poke|p1|Kingambit, F|
|poke|p1|Rotom-Wash|
|poke|p2|Kingambit, F|
|poke|p2|Cinderace, F|
|poke|p2|Landorus-Therian, M|
|poke|p2|Iron Valiant|
|poke|p2|Kyurem|
|poke|p2|Slowking-Galar, M|
|teampreview
|inactive|Battle timer is ON: inactive players will automatically lose when time's up. (requested by 1a2w3d)
|
|t:|1776184653
|teamsize|p1|6
|teamsize|p2|6
|start
|switch|p1a: Rotom|Rotom-Wash, shiny|100/100
|switch|p2a: Kyurem|Kyurem, shiny|100/100
|-ability|p2a: Kyurem|Pressure
|turn|1
|
|t:|1776184662
|move|p2a: Kyurem|Substitute|p2a: Kyurem
|-start|p2a: Kyurem|Substitute
|-damage|p2a: Kyurem|76/100
|move|p1a: Rotom|Volt Switch|p2a: Kyurem
|-resisted|p2a: Kyurem
|-activate|p2a: Kyurem|move: Substitute|[damage]
|
|t:|1776184670
|switch|p1a: damoth|Iron Moth, shiny|100/100|[from] Volt Switch
|-enditem|p1a: damoth|Booster Energy
|-activate|p1a: damoth|ability: Quark Drive|[fromitem]
|-start|p1a: damoth|quarkdrivespa
|
|-heal|p2a: Kyurem|82/100|[from] item: Leftovers
|upkeep
|turn|2
|
|t:|1776184683
|move|p1a: damoth|Fiery Dance|p2a: Kyurem
|-end|p2a: Kyurem|Substitute
|move|p2a: Kyurem|Substitute|p2a: Kyurem
|-start|p2a: Kyurem|Substitute
|-damage|p2a: Kyurem|57/100
|
|-heal|p2a: Kyurem|63/100|[from] item: Leftovers
|upkeep
|turn|3
|
|t:|1776184690
|move|p1a: damoth|Fiery Dance|p2a: Kyurem
|-end|p2a: Kyurem|Substitute
|-boost|p1a: damoth|spa|1
|move|p2a: Kyurem|Earth Power|p1a: damoth
|-supereffective|p1a: damoth
|-damage|p1a: damoth|0 fnt
|faint|p1a: damoth
|-end|p1a: damoth|Quark Drive|[silent]
|
|-heal|p2a: Kyurem|69/100|[from] item: Leftovers
|upkeep
|
|t:|1776184715
|switch|p1a: Rotom|Rotom-Wash, shiny|100/100
|turn|4
|
|t:|1776184720
|-terastallize|p1a: Rotom|Fighting
|move|p2a: Kyurem|Substitute|p2a: Kyurem
|-start|p2a: Kyurem|Substitute
|-damage|p2a: Kyurem|44/100
|move|p1a: Rotom|Tera Blast|p2a: Kyurem|[anim] Tera Blast Fighting
|-supereffective|p2a: Kyurem
|-end|p2a: Kyurem|Substitute
|
|-heal|p2a: Kyurem|50/100|[from] item: Leftovers
|upkeep
|turn|5
|
|t:|1776184732
|switch|p2a: Landorus|Landorus-Therian, M, shiny|100/100
|-ability|p2a: Landorus|Intimidate|boost
|-unboost|p1a: Rotom|atk|1
|move|p1a: Rotom|Tera Blast|p2a: Landorus|[anim] Tera Blast Fighting
|-resisted|p2a: Landorus
|-damage|p2a: Landorus|81/100
|
|upkeep
|turn|6
|
|t:|1776184746
|switch|p2a: Slowking|Slowking-Galar, M, shiny|100/100
|move|p1a: Rotom|Hydro Pump|p2a: Slowking
|-crit|p2a: Slowking
|-damage|p2a: Slowking|63/100
|
|upkeep
|turn|7
|
|t:|1776184754
|move|p1a: Rotom|Volt Switch|p2a: Slowking
|-damage|p2a: Slowking|47/100
|
|t:|1776184757
|switch|p1a: gambo|Kingambit, F|100/100|[from] Volt Switch
|-activate|p1a: gambo|ability: Supreme Overlord
|-start|p1a: gambo|fallen1|[silent]
|move|p2a: Slowking|Psychic Noise|p1a: gambo
|-immune|p1a: gambo
|
|upkeep
|turn|8
|
|t:|1776184768
|switch|p2a: Landorus|Landorus-Therian, M, shiny|81/100
|-ability|p2a: Landorus|Intimidate|boost
|-unboost|p1a: gambo|atk|1
|move|p1a: gambo|Kowtow Cleave|p2a: Landorus
|-damage|p2a: Landorus|44/100
|-damage|p1a: gambo|84/100|[from] item: Rocky Helmet|[of] p2a: Landorus
|
|upkeep
|turn|9
|
|t:|1776184780
|-end|p1a: gambo|fallen1|[silent]
|switch|p1a: firebirb|Moltres|100/100
|move|p2a: Landorus|Earthquake|p1a: firebirb
|-immune|p1a: firebirb
|
|upkeep
|turn|10
|
|t:|1776184790
|switch|p1a: circle|Pecharunt|100/100
|move|p2a: Landorus|Taunt|p1a: circle
|-start|p1a: circle|move: Taunt
|
|upkeep
|turn|11
|
|t:|1776184798
|switch|p1a: firebirb|Moltres|100/100
|move|p2a: Landorus|Earthquake|p1a: firebirb
|-immune|p1a: firebirb
|
|upkeep
|turn|12
|
|t:|1776184803
|move|p2a: Landorus|Stealth Rock|p1a: firebirb
|-sidestart|p1: aavii|move: Stealth Rock
|move|p1a: firebirb|Air Slash|p2a: Landorus
|-damage|p2a: Landorus|6/100
|
|upkeep
|turn|13
|
|t:|1776184812
|switch|p2a: Slowking|Slowking-Galar, M, shiny|80/100
|move|p1a: firebirb|Air Slash|p2a: Slowking
|-damage|p2a: Slowking|61/100
|
|upkeep
|turn|14
|
|t:|1776184823
|move|p1a: firebirb|Scorching Sands|p2a: Slowking
|-supereffective|p2a: Slowking
|-damage|p2a: Slowking|34/100
|-status|p2a: Slowking|brn
|-prepare|p2a: Slowking|Chilly Reception|[premajor]
|move|p2a: Slowking|Chilly Reception|p2a: Slowking
|-weather|Snowscape
|inactive|1a2w3d has 120 seconds left.
|
|t:|1776184858
|switch|p2a: Kyurem|Kyurem, shiny|50/100|[from] Chilly Reception
|-ability|p2a: Kyurem|Pressure
|
|-weather|Snowscape|[upkeep]
|-heal|p2a: Kyurem|57/100|[from] item: Leftovers
|upkeep
|turn|15
|
|t:|1776184867
|switch|p1a: Rotom|Rotom-Wash, shiny, tera:Fighting|100/100
|-damage|p1a: Rotom|94/100|[from] Stealth Rock
|move|p2a: Kyurem|Freeze-Dry|p1a: Rotom
|-damage|p1a: Rotom|75/100
|
|-weather|Snowscape|[upkeep]
|-heal|p2a: Kyurem|63/100|[from] item: Leftovers
|upkeep
|turn|16
|inactive|1a2w3d has 120 seconds left.
|
|t:|1776184877
|switch|p2a: Landorus|Landorus-Therian, M, shiny|6/100
|-ability|p2a: Landorus|Intimidate|boost
|-unboost|p1a: Rotom|atk|1
|move|p1a: Rotom|Tera Blast|p2a: Landorus|[anim] Tera Blast Fighting
|-resisted|p2a: Landorus
|-damage|p2a: Landorus|0 fnt
|faint|p2a: Landorus
|
|-weather|Snowscape|[upkeep]
|upkeep
|
|t:|1776184887
|switch|p2a: Iron Valiant|Iron Valiant|100/100
|-enditem|p2a: Iron Valiant|Booster Energy
|-activate|p2a: Iron Valiant|ability: Quark Drive|[fromitem]
|-start|p2a: Iron Valiant|quarkdrivespe
|turn|17
|
|t:|1776184892
|switch|p1a: circle|Pecharunt|100/100
|-damage|p1a: circle|88/100|[from] Stealth Rock
|move|p2a: Iron Valiant|Calm Mind|p2a: Iron Valiant
|-boost|p2a: Iron Valiant|spa|1
|-boost|p2a: Iron Valiant|spd|1
|
|-weather|Snowscape|[upkeep]
|-heal|p1a: circle|94/100|[from] item: Leftovers
|upkeep
|turn|18
|
|t:|1776184906
|-terastallize|p2a: Iron Valiant|Ghost
|move|p2a: Iron Valiant|Shadow Ball|p1a: circle
|-supereffective|p1a: circle
|-damage|p1a: circle|0 fnt
|faint|p1a: circle
|
|-weather|none
|upkeep
|
|t:|1776184914
|switch|p1a: gambo|Kingambit, F|84/100
|-damage|p1a: gambo|78/100|[from] Stealth Rock
|-activate|p1a: gambo|ability: Supreme Overlord
|-start|p1a: gambo|fallen2|[silent]
|turn|19
|
|t:|1776184919
|move|p1a: gambo|Sucker Punch|p2a: Iron Valiant
|-supereffective|p2a: Iron Valiant
|-damage|p2a: Iron Valiant|0 fnt
|faint|p2a: Iron Valiant
|-end|p2a: Iron Valiant|Quark Drive|[silent]
|
|upkeep
|
|t:|1776184930
|switch|p2a: Cinderace|Cinderace, F, shiny|100/100
|turn|20
|
|t:|1776184936
|-end|p1a: gambo|fallen2|[silent]
|switch|p1a: lando|Landorus-Therian, M|100/100
|-damage|p1a: lando|88/100|[from] Stealth Rock
|-ability|p1a: lando|Intimidate|boost
|-unboost|p2a: Cinderace|atk|1
|move|p2a: Cinderace|U-turn|p1a: lando
|-resisted|p1a: lando
|-damage|p1a: lando|82/100
|
|t:|1776184941
|switch|p2a: Kyurem|Kyurem, shiny|63/100|[from] U-turn
|-ability|p2a: Kyurem|Pressure
|
|-heal|p2a: Kyurem|69/100|[from] item: Leftovers
|-heal|p1a: lando|88/100|[from] item: Leftovers
|upkeep
|turn|21
|
|t:|1776184951
|switch|p1a: Rotom|Rotom-Wash, shiny, tera:Fighting|75/100
|-damage|p1a: Rotom|69/100|[from] Stealth Rock
|move|p2a: Kyurem|Freeze-Dry|p1a: Rotom
|-damage|p1a: Rotom|50/100
|
|-heal|p2a: Kyurem|75/100|[from] item: Leftovers
|upkeep
|turn|22
|
|t:|1776184960
|switch|p2a: Slowking|Slowking-Galar, M, shiny|67/100 brn
|move|p1a: Rotom|Tera Blast|p2a: Slowking|[anim] Tera Blast Fighting
|-resisted|p2a: Slowking
|-damage|p2a: Slowking|63/100 brn
|
|-damage|p2a: Slowking|57/100 brn|[from] brn
|upkeep
|turn|23
|
|t:|1776184967
|move|p1a: Rotom|Volt Switch|p2a: Slowking
|-damage|p2a: Slowking|42/100 brn
|
|t:|1776184972
|switch|p1a: gambo|Kingambit, F|78/100|[from] Volt Switch
|-damage|p1a: gambo|72/100|[from] Stealth Rock
|-activate|p1a: gambo|ability: Supreme Overlord
|-start|p1a: gambo|fallen2|[silent]
|-prepare|p2a: Slowking|Chilly Reception|[premajor]
|move|p2a: Slowking|Chilly Reception|p2a: Slowking
|-weather|Snowscape
|
|t:|1776184989
|switch|p2a: Cinderace|Cinderace, F, shiny|100/100|[from] Chilly Reception
|
|-weather|Snowscape|[upkeep]
|upkeep
|turn|24
|
|t:|1776184996
|-end|p1a: gambo|fallen2|[silent]
|switch|p1a: lando|Landorus-Therian, M|88/100
|-damage|p1a: lando|76/100|[from] Stealth Rock
|-ability|p1a: lando|Intimidate|boost
|-unboost|p2a: Cinderace|atk|1
|move|p2a: Cinderace|Will-O-Wisp|p1a: lando
|-status|p1a: lando|brn
|
|-weather|Snowscape|[upkeep]
|-heal|p1a: lando|82/100 brn|[from] item: Leftovers
|-damage|p1a: lando|76/100 brn|[from] brn
|upkeep
|turn|25
|
|t:|1776185008
|move|p2a: Cinderace|U-turn|p1a: lando
|-resisted|p1a: lando
|-damage|p1a: lando|69/100 brn
|
|t:|1776185011
|switch|p2a: Kyurem|Kyurem, shiny|75/100|[from] U-turn
|-ability|p2a: Kyurem|Pressure
|move|p1a: lando|Stealth Rock|p2a: Kyurem
|-sidestart|p2: 1a2w3d|move: Stealth Rock
|
|-weather|Snowscape|[upkeep]
|-heal|p2a: Kyurem|81/100|[from] item: Leftovers
|-heal|p1a: lando|75/100 brn|[from] item: Leftovers
|-damage|p1a: lando|69/100 brn|[from] brn
|upkeep
|turn|26
|
|t:|1776185024
|move|p2a: Kyurem|Substitute|p2a: Kyurem
|-start|p2a: Kyurem|Substitute
|-damage|p2a: Kyurem|56/100
|move|p1a: lando|Stone Edge|p2a: Kyurem
|-supereffective|p2a: Kyurem
|-activate|p2a: Kyurem|move: Substitute|[damage]
|
|-weather|Snowscape|[upkeep]
|-heal|p2a: Kyurem|62/100|[from] item: Leftovers
|-heal|p1a: lando|75/100 brn|[from] item: Leftovers
|-damage|p1a: lando|69/100 brn|[from] brn
|upkeep
|turn|27
|
|t:|1776185033
|switch|p1a: Rotom|Rotom-Wash, shiny, tera:Fighting|50/100
|-damage|p1a: Rotom|44/100|[from] Stealth Rock
|move|p2a: Kyurem|Freeze-Dry|p1a: Rotom
|-damage|p1a: Rotom|23/100
|
|-weather|none
|-heal|p2a: Kyurem|69/100|[from] item: Leftovers
|upkeep
|turn|28
|
|t:|1776185041
|move|p2a: Kyurem|Freeze-Dry|p1a: Rotom
|-damage|p1a: Rotom|2/100
|move|p1a: Rotom|Tera Blast|p2a: Kyurem|[anim] Tera Blast Fighting
|-supereffective|p2a: Kyurem
|-end|p2a: Kyurem|Substitute
|
|-heal|p2a: Kyurem|75/100|[from] item: Leftovers
|upkeep
|turn|29
|
|t:|1776185052
|move|p2a: Kyurem|Freeze-Dry|p1a: Rotom
|-crit|p1a: Rotom
|-damage|p1a: Rotom|0 fnt
|faint|p1a: Rotom
|
|-heal|p2a: Kyurem|81/100|[from] item: Leftovers
|upkeep
|
|t:|1776185063
|switch|p1a: gambo|Kingambit, F|72/100
|-damage|p1a: gambo|66/100|[from] Stealth Rock
|-activate|p1a: gambo|ability: Supreme Overlord
|-start|p1a: gambo|fallen3|[silent]
|turn|30
|
|t:|1776185079
|move|p1a: gambo|Sucker Punch|p2a: Kyurem
|-damage|p2a: Kyurem|22/100
|move|p2a: Kyurem|Earth Power|p1a: gambo
|-supereffective|p1a: gambo
|-damage|p1a: gambo|2/100
|
|-heal|p2a: Kyurem|28/100|[from] item: Leftovers
|upkeep
|turn|31
|
|t:|1776185099
|move|p1a: gambo|Sucker Punch|p2a: Kyurem
|-damage|p2a: Kyurem|0 fnt
|faint|p2a: Kyurem
|
|upkeep
|
|t:|1776185108
|switch|p2a: Cinderace|Cinderace, F, shiny|100/100
|turn|32
|
|t:|1776185111
|move|p1a: gambo|Sucker Punch|p2a: Cinderace
|-damage|p2a: Cinderace|20/100
|move|p2a: Cinderace|U-turn|p1a: gambo
|-damage|p1a: gambo|0 fnt
|faint|p1a: gambo
|-end|p1a: gambo|fallen3|[silent]
|
|t:|1776185118
|switch|p2a: Slowking|Slowking-Galar, M, shiny|75/100 brn|[from] U-turn
|
|-damage|p2a: Slowking|69/100 brn|[from] brn
|upkeep
|
|t:|1776185127
|switch|p1a: lando|Landorus-Therian, M|69/100 brn
|-damage|p1a: lando|57/100 brn|[from] Stealth Rock
|-ability|p1a: lando|Intimidate|boost
|-unboost|p2a: Slowking|atk|1
|turn|33
|
|t:|1776185132
|switch|p2a: Cinderace|Cinderace, F, shiny|20/100
|move|p1a: lando|Earthquake|p2a: Cinderace
|-supereffective|p2a: Cinderace
|-damage|p2a: Cinderace|0 fnt
|faint|p2a: Cinderace
|
|-heal|p1a: lando|63/100 brn|[from] item: Leftovers
|-damage|p1a: lando|57/100 brn|[from] brn
|upkeep
|
|t:|1776185135
|switch|p2a: Kingambit|Kingambit, F|100/100
|-damage|p2a: Kingambit|94/100|[from] Stealth Rock
|-activate|p2a: Kingambit|ability: Supreme Overlord
|-start|p2a: Kingambit|fallen4|[silent]
|turn|34
|
|t:|1776185145
|switch|p1a: firebirb|Moltres|100/100
|move|p2a: Kingambit|Swords Dance|p2a: Kingambit
|-boost|p2a: Kingambit|atk|2
|
|-heal|p2a: Kingambit|100/100|[from] item: Leftovers
|upkeep
|turn|35
|
|t:|1776185157
|move|p1a: firebirb|Flamethrower|p2a: Kingambit
|-supereffective|p2a: Kingambit
|-damage|p2a: Kingambit|19/100
|move|p2a: Kingambit|Kowtow Cleave|p1a: firebirb
|-damage|p1a: firebirb|0 fnt
|-status|p2a: Kingambit|brn|[from] ability: Flame Body|[of] p1a: firebirb
|faint|p1a: firebirb
|
|-heal|p2a: Kingambit|25/100 brn|[from] item: Leftovers
|-damage|p2a: Kingambit|19/100 brn|[from] brn
|upkeep
|
|t:|1776185168
|switch|p1a: lando|Landorus-Therian, M|57/100 brn
|-damage|p1a: lando|44/100 brn|[from] Stealth Rock
|-ability|p1a: lando|Intimidate|boost
|-unboost|p2a: Kingambit|atk|1
|turn|36
|
|t:|1776185173
|move|p2a: Kingambit|Sucker Punch|p1a: lando
|-damage|p1a: lando|0 fnt
|faint|p1a: lando
|
|win|1a2w3d
|raw|aavii's rating: 1159 &rarr; <strong>1135</strong><br />(-24 for losing)
|raw|1a2w3d's rating: 1166 &rarr; <strong>1190</strong><br />(+24 for winning)
|c|☆aavii|gg
|l|☆aavii
|player|p1|
