|html|<div class="broadcast-blue"><strong>[Gen 9] OU is currently suspecting Volcarona! For information on how to participate check out the <a href="https://www.smogon.com/tools/suspects/view/208">suspect thread</a>.</strong></div>
|j|‽asdasfewg asdasd
|j|☆granwhippler89
|t:|1778515347
|gametype|singles
|player|p1|asdasfewg asdasd|102|1342
|player|p2|granwhippler89|1|1272
|gen|9
|tier|[Gen 9] OU
|rated|
|rule|HP Percentage Mod: HP is shown in percentages
|rule|Endless Battle Clause: Forcing endless battles is banned
|rule|Species Clause: Limit one of each Pokémon
|rule|OHKO Clause: OHKO moves are banned
|rule|Evasion Items Clause: Evasion items are banned
|rule|Evasion Moves Clause: Evasion moves are banned
|rule|Evasion Abilities Clause: Evasion abilities are banned
|rule|Sleep Moves Clause: Sleep-inducing moves are banned
|clearpoke
|poke|p1|Corviknight, F|
|poke|p1|Zapdos|
|poke|p1|Clefable, M|
|poke|p1|Blaziken, M|
|poke|p1|Conkeldurr, F|
|poke|p1|Landorus-Therian, M|
|poke|p2|Bruxish, F|
|poke|p2|Pecharunt|
|poke|p2|Araquanid, F|
|poke|p2|Gholdengo|
|poke|p2|Great Tusk|
|poke|p2|Kommo-o, M|
|teampreview
|
|t:|1778515371
|teamsize|p1|6
|teamsize|p2|6
|start
|switch|p1a: Conkeldurr|Conkeldurr, F|100/100
|switch|p2a: Marquand|Araquanid, F|100/100
|turn|1
|
|t:|1778515390
|move|p1a: Conkeldurr|Knock Off|p2a: Marquand
|-damage|p2a: Marquand|63/100
|-enditem|p2a: Marquand|Custap Berry|[from] move: Knock Off|[of] p1a: Conkeldurr
|move|p2a: Marquand|Sticky Web|p1a: Conkeldurr
|-sidestart|p1: asdasfewg asdasd|move: Sticky Web
|
|upkeep
|turn|2
|inactive|Battle timer is ON: inactive players will automatically lose when time's up. (requested by asdasfewg asdasd)
|
|t:|1778515424
|switch|p1a: Corviknight|Corviknight, F|100/100
|-ability|p1a: Corviknight|Pressure
|switch|p2a: Babban Buhu|Great Tusk|100/100
|-enditem|p2a: Babban Buhu|Booster Energy
|-activate|p2a: Babban Buhu|ability: Protosynthesis|[fromitem]
|-start|p2a: Babban Buhu|protosynthesisspe
|
|upkeep
|turn|3
|
|t:|1778515443
|move|p2a: Babban Buhu|Bulk Up|p2a: Babban Buhu
|-boost|p2a: Babban Buhu|atk|1
|-boost|p2a: Babban Buhu|def|1
|move|p1a: Corviknight|Defog|p2a: Babban Buhu
|-unboost|p2a: Babban Buhu|evasion|1
|-sideend|p1: asdasfewg asdasd|Sticky Web|[from] move: Defog|[of] p1a: Corviknight
|
|upkeep
|turn|4
|
|t:|1778515447
|move|p2a: Babban Buhu|Bulk Up|p2a: Babban Buhu
|-boost|p2a: Babban Buhu|atk|1
|-boost|p2a: Babban Buhu|def|1
|move|p1a: Corviknight|Taunt|p2a: Babban Buhu
|-start|p2a: Babban Buhu|move: Taunt
|
|upkeep
|turn|5
|
|t:|1778515455
|move|p2a: Babban Buhu|Ice Spinner|p1a: Corviknight
|-damage|p1a: Corviknight|71/100
|-damage|p2a: Babban Buhu|84/100|[from] item: Rocky Helmet|[of] p1a: Corviknight
|move|p1a: Corviknight|Iron Head|p2a: Babban Buhu
|-damage|p2a: Babban Buhu|77/100
|
|upkeep
|turn|6
|
|t:|1778515467
|move|p2a: Babban Buhu|Ice Spinner|p1a: Corviknight
|-damage|p1a: Corviknight|41/100
|-damage|p2a: Babban Buhu|60/100|[from] item: Rocky Helmet|[of] p1a: Corviknight
|move|p1a: Corviknight|Iron Head|p2a: Babban Buhu
|-damage|p2a: Babban Buhu|52/100
|
|upkeep
|turn|7
|
|t:|1778515470
|move|p2a: Babban Buhu|Ice Spinner|p1a: Corviknight
|-crit|p1a: Corviknight
|-damage|p1a: Corviknight|0 fnt
|-damage|p2a: Babban Buhu|35/100|[from] item: Rocky Helmet|[of] p1a: Corviknight
|faint|p1a: Corviknight
|
|-end|p2a: Babban Buhu|move: Taunt
|upkeep
|
|t:|1778515477
|switch|p1a: Clefable|Clefable, M|100/100
|turn|8
|
|t:|1778515480
|move|p2a: Babban Buhu|Headlong Rush|p1a: Clefable
|-damage|p1a: Clefable|37/100
|-unboost|p2a: Babban Buhu|def|1
|-unboost|p2a: Babban Buhu|spd|1
|move|p1a: Clefable|Moonblast|p2a: Babban Buhu
|-supereffective|p2a: Babban Buhu
|-damage|p2a: Babban Buhu|0 fnt
|faint|p2a: Babban Buhu
|-end|p2a: Babban Buhu|Protosynthesis|[silent]
|
|-heal|p1a: Clefable|43/100|[from] item: Leftovers
|upkeep
|
|t:|1778515485
|switch|p2a: Kombo-o|Kommo-o, M|100/100
|turn|9
|inactive|asdasfewg asdasd has 120 seconds left.
|
|t:|1778515517
|move|p1a: Clefable|Protect|p1a: Clefable
|-singleturn|p1a: Clefable|Protect
|move|p2a: Kombo-o|Flash Cannon|p1a: Clefable
|-activate|p1a: Clefable|move: Protect
|
|-heal|p1a: Clefable|49/100|[from] item: Leftovers
|upkeep
|turn|10
|
|t:|1778515527
|move|p2a: Kombo-o|Flash Cannon|p1a: Clefable
|-supereffective|p1a: Clefable
|-damage|p1a: Clefable|20/100
|move|p1a: Clefable|Wish|p1a: Clefable
|
|-heal|p1a: Clefable|26/100|[from] item: Leftovers
|upkeep
|turn|11
|
|t:|1778515532
|move|p1a: Clefable|Protect|p1a: Clefable
|-singleturn|p1a: Clefable|Protect
|move|p2a: Kombo-o|Flash Cannon|p1a: Clefable
|-activate|p1a: Clefable|move: Protect
|
|-heal|p1a: Clefable|76/100|[from] move: Wish|[wisher] Clefable
|-heal|p1a: Clefable|82/100|[from] item: Leftovers
|upkeep
|turn|12
|
|t:|1778515541
|switch|p2a: Marquand|Araquanid, F|63/100
|move|p1a: Clefable|Moonblast|p2a: Marquand
|-damage|p2a: Marquand|37/100
|-unboost|p2a: Marquand|spa|1
|
|-heal|p1a: Clefable|88/100|[from] item: Leftovers
|upkeep
|turn|13
|
|t:|1778515556
|move|p1a: Clefable|Protect|p1a: Clefable
|-singleturn|p1a: Clefable|Protect
|move|p2a: Marquand|Sticky Web|p1a: Clefable
|-sidestart|p1: asdasfewg asdasd|move: Sticky Web
|
|-heal|p1a: Clefable|94/100|[from] item: Leftovers
|upkeep
|turn|14
|
|t:|1778515568
|move|p1a: Clefable|Moonblast|p2a: Marquand
|-damage|p2a: Marquand|13/100
|move|p2a: Marquand|Endeavor|p1a: Clefable
|-damage|p1a: Clefable|11/100
|
|-heal|p1a: Clefable|18/100|[from] item: Leftovers
|upkeep
|turn|15
|
|t:|1778515578
|move|p1a: Clefable|Moonblast|p2a: Marquand
|-damage|p2a: Marquand|0 fnt
|faint|p2a: Marquand
|
|-heal|p1a: Clefable|24/100|[from] item: Leftovers
|upkeep
|
|t:|1778515587
|switch|p2a: Pecha Runthi|Pecharunt|100/100
|turn|16
|
|t:|1778515590
|-terastallize|p1a: Clefable|Steel
|move|p2a: Pecha Runthi|Malignant Chain|p1a: Clefable
|-immune|p1a: Clefable
|move|p1a: Clefable|Wish|p1a: Clefable
|
|-heal|p1a: Clefable|30/100|[from] item: Leftovers
|upkeep
|turn|17
|
|t:|1778515601
|move|p1a: Clefable|Protect|p1a: Clefable
|-singleturn|p1a: Clefable|Protect
|move|p2a: Pecha Runthi|Parting Shot|p1a: Clefable
|-activate|p1a: Clefable|move: Protect
|
|-heal|p1a: Clefable|80/100|[from] move: Wish|[wisher] Clefable
|-heal|p1a: Clefable|86/100|[from] item: Leftovers
|upkeep
|turn|18
|
|t:|1778515617
|move|p2a: Pecha Runthi|Parting Shot|p1a: Clefable
|-unboost|p1a: Clefable|atk|1
|-unboost|p1a: Clefable|spa|1
|
|t:|1778515629
|switch|p2a: Holding|Gholdengo|100/100|[from] Parting Shot
|-item|p2a: Holding|Air Balloon
|move|p1a: Clefable|Cosmic Power|p1a: Clefable
|-boost|p1a: Clefable|def|1
|-boost|p1a: Clefable|spd|1
|
|-heal|p1a: Clefable|92/100|[from] item: Leftovers
|upkeep
|turn|19
|
|t:|1778515634
|move|p2a: Holding|Nasty Plot|p2a: Holding
|-boost|p2a: Holding|spa|2
|move|p1a: Clefable|Cosmic Power|p1a: Clefable
|-boost|p1a: Clefable|def|1
|-boost|p1a: Clefable|spd|1
|
|-heal|p1a: Clefable|98/100|[from] item: Leftovers
|upkeep
|turn|20
|
|t:|1778515640
|move|p2a: Holding|Thunderbolt|p1a: Clefable
|-damage|p1a: Clefable|87/100
|-status|p1a: Clefable|par
|move|p1a: Clefable|Cosmic Power|p1a: Clefable
|-boost|p1a: Clefable|def|1
|-boost|p1a: Clefable|spd|1
|
|-heal|p1a: Clefable|93/100 par|[from] item: Leftovers
|upkeep
|turn|21
|
|t:|1778515646
|move|p2a: Holding|Nasty Plot|p2a: Holding
|-boost|p2a: Holding|spa|2
|move|p1a: Clefable|Moonblast|p2a: Holding
|-resisted|p2a: Holding
|-crit|p2a: Holding
|-damage|p2a: Holding|72/100
|-enditem|p2a: Holding|Air Balloon
|
|-heal|p1a: Clefable|99/100 par|[from] item: Leftovers
|upkeep
|turn|22
|
|t:|1778515649
|move|p2a: Holding|Nasty Plot|p2a: Holding
|-boost|p2a: Holding|spa|2
|move|p1a: Clefable|Moonblast|p2a: Holding
|-resisted|p2a: Holding
|-damage|p2a: Holding|60/100
|
|-heal|p1a: Clefable|100/100 par|[from] item: Leftovers
|upkeep
|turn|23
|
|t:|1778515655
|move|p2a: Holding|Thunderbolt|p1a: Clefable
|-damage|p1a: Clefable|92/100 par
|move|p1a: Clefable|Moonblast|p2a: Holding
|-resisted|p2a: Holding
|-damage|p2a: Holding|47/100
|-unboost|p2a: Holding|spa|1
|
|-heal|p1a: Clefable|98/100 par|[from] item: Leftovers
|upkeep
|turn|24
|
|t:|1778515664
|switch|p2a: Pecha Runthi|Pecharunt|100/100
|cant|p1a: Clefable|par
|
|-heal|p1a: Clefable|100/100 par|[from] item: Leftovers
|upkeep
|turn|25
|
|t:|1778515670
|move|p2a: Pecha Runthi|Parting Shot|p1a: Clefable
|-unboost|p1a: Clefable|atk|1
|-unboost|p1a: Clefable|spa|1
|inactive|granwhippler89 has 120 seconds left.
|inactive|granwhippler89 has 90 seconds left.
|
|t:|1778515741
|switch|p2a: Holding|Gholdengo|47/100|[from] Parting Shot
|move|p1a: Clefable|Moonblast|p2a: Holding
|-resisted|p2a: Holding
|-damage|p2a: Holding|38/100
|
|upkeep
|turn|26
|
|t:|1778515758
|switch|p1a: Landorus|Landorus-Therian, M|100/100
|-ability|p1a: Landorus|Intimidate|boost
|-unboost|p2a: Holding|atk|1
|move|p2a: Holding|Nasty Plot|p2a: Holding
|-boost|p2a: Holding|spa|2
|
|upkeep
|turn|27
|inactive|granwhippler89 has 90 seconds left.
|
|t:|1778515776
|switch|p2a: Pecha Runthi|Pecharunt|100/100
|move|p1a: Landorus|Earthquake|p2a: Pecha Runthi
|-supereffective|p2a: Pecha Runthi
|-damage|p2a: Pecha Runthi|45/100
|
|-heal|p2a: Pecha Runthi|51/100|[from] item: Leftovers
|upkeep
|turn|28
|
|t:|1778515785
|-terastallize|p2a: Pecha Runthi|Dark
|move|p1a: Landorus|Earthquake|p2a: Pecha Runthi
|-damage|p2a: Pecha Runthi|26/100
|move|p2a: Pecha Runthi|Recover|p2a: Pecha Runthi
|-heal|p2a: Pecha Runthi|76/100
|
|-heal|p2a: Pecha Runthi|82/100|[from] item: Leftovers
|upkeep
|turn|29
|
|t:|1778515791
|move|p1a: Landorus|U-turn|p2a: Pecha Runthi
|-supereffective|p2a: Pecha Runthi
|-damage|p2a: Pecha Runthi|58/100
|
|t:|1778515797
|switch|p1a: Conkeldurr|Conkeldurr, F|100/100|[from] U-turn
|-activate|p1a: Conkeldurr|move: Sticky Web
|-unboost|p1a: Conkeldurr|spe|1
|move|p2a: Pecha Runthi|Malignant Chain|p1a: Conkeldurr
|-crit|p1a: Conkeldurr
|-damage|p1a: Conkeldurr|61/100
|
|-heal|p2a: Pecha Runthi|64/100|[from] item: Leftovers
|upkeep
|turn|30
|
|t:|1778515806
|move|p2a: Pecha Runthi|Malignant Chain|p1a: Conkeldurr
|-damage|p1a: Conkeldurr|38/100
|-status|p1a: Conkeldurr|tox
|-start|p1a: Conkeldurr|confusion|[from] ability: Poison Puppeteer|[of] p2a: Pecha Runthi
|-activate|p1a: Conkeldurr|confusion
|-damage|p1a: Conkeldurr|23/100 tox|[from] confusion
|
|-heal|p2a: Pecha Runthi|70/100|[from] item: Leftovers
|-damage|p1a: Conkeldurr|17/100 tox|[from] psn
|upkeep
|turn|31
|
|t:|1778515815
|move|p2a: Pecha Runthi|Foul Play|p1a: Conkeldurr
|-resisted|p1a: Conkeldurr
|-damage|p1a: Conkeldurr|0 fnt
|faint|p1a: Conkeldurr
|
|-heal|p2a: Pecha Runthi|76/100|[from] item: Leftovers
|upkeep
|
|t:|1778515823
|switch|p1a: Clefable|Clefable, M, tera:Steel|100/100 par
|-activate|p1a: Clefable|move: Sticky Web
|-unboost|p1a: Clefable|spe|1
|turn|32
|inactive|granwhippler89 has 120 seconds left.
|
|t:|1778515831
|switch|p2a: Bruxism|Bruxish, F|100/100
|cant|p1a: Clefable|par
|
|upkeep
|turn|33
|
|t:|1778515844
|switch|p1a: Blaziken|Blaziken, M|100/100
|-activate|p1a: Blaziken|move: Sticky Web
|-unboost|p1a: Blaziken|spe|1
|move|p2a: Bruxism|Psychic Fangs|p1a: Blaziken
|-supereffective|p1a: Blaziken
|-damage|p1a: Blaziken|0 fnt
|faint|p1a: Blaziken
|
|upkeep
|
|t:|1778515846
|switch|p1a: Zapdos|Zapdos|100/100
|-ability|p1a: Zapdos|Pressure
|turn|34
|
|t:|1778515857
|switch|p2a: Holding|Gholdengo|38/100
|move|p1a: Zapdos|Thunderbolt|p2a: Holding
|-crit|p2a: Holding
|-damage|p2a: Holding|0 fnt
|faint|p2a: Holding
|-damage|p1a: Zapdos|91/100|[from] item: Life Orb
|
|upkeep
|
|t:|1778515865
|switch|p2a: Pecha Runthi|Pecharunt, tera:Dark|76/100
|turn|35
|inactive|asdasfewg asdasd has 120 seconds left.
|inactive|asdasfewg asdasd has 90 seconds left.
|
|t:|1778515926
|switch|p1a: Clefable|Clefable, M, tera:Steel|100/100 par
|-activate|p1a: Clefable|move: Sticky Web
|-unboost|p1a: Clefable|spe|1
|move|p2a: Pecha Runthi|Malignant Chain|p1a: Clefable
|-immune|p1a: Clefable
|
|-heal|p2a: Pecha Runthi|82/100|[from] item: Leftovers
|upkeep
|turn|36
|
|t:|1778515930
|move|p2a: Pecha Runthi|Parting Shot|p1a: Clefable
|-unboost|p1a: Clefable|atk|1
|-unboost|p1a: Clefable|spa|1
|
|t:|1778515936
|switch|p2a: Kombo-o|Kommo-o, M|100/100|[from] Parting Shot
|move|p1a: Clefable|Moonblast|p2a: Kombo-o
|-supereffective|p2a: Kombo-o
|-damage|p2a: Kombo-o|30/100
|-unboost|p2a: Kombo-o|spa|1
|
|upkeep
|turn|37
|
|t:|1778515943
|switch|p1a: Landorus|Landorus-Therian, M|100/100
|-ability|p1a: Landorus|Intimidate|boost
|-unboost|p2a: Kombo-o|atk|1
|move|p2a: Kombo-o|Aura Sphere|p1a: Landorus
|-resisted|p1a: Landorus
|-damage|p1a: Landorus|85/100
|
|-heal|p1a: Landorus|91/100|[from] item: Leftovers
|upkeep
|turn|38
|
|t:|1778515953
|switch|p2a: Pecha Runthi|Pecharunt, tera:Dark|82/100
|move|p1a: Landorus|Earthquake|p2a: Pecha Runthi
|-damage|p2a: Pecha Runthi|54/100
|
|-heal|p1a: Landorus|97/100|[from] item: Leftovers
|-heal|p2a: Pecha Runthi|60/100|[from] item: Leftovers
|upkeep
|turn|39
|
|t:|1778515959
|move|p1a: Landorus|U-turn|p2a: Pecha Runthi
|-supereffective|p2a: Pecha Runthi
|-damage|p2a: Pecha Runthi|36/100
|
|t:|1778515962
|switch|p1a: Clefable|Clefable, M, tera:Steel|100/100 par|[from] U-turn
|-activate|p1a: Clefable|move: Sticky Web
|-unboost|p1a: Clefable|spe|1
|move|p2a: Pecha Runthi|Recover|p2a: Pecha Runthi
|-heal|p2a: Pecha Runthi|86/100
|
|-heal|p2a: Pecha Runthi|92/100|[from] item: Leftovers
|upkeep
|turn|40
|
|t:|1778515968
|move|p2a: Pecha Runthi|Foul Play|p1a: Clefable
|-damage|p1a: Clefable|81/100 par
|move|p1a: Clefable|Cosmic Power|p1a: Clefable
|-boost|p1a: Clefable|def|1
|-boost|p1a: Clefable|spd|1
|
|-heal|p2a: Pecha Runthi|98/100|[from] item: Leftovers
|-heal|p1a: Clefable|88/100 par|[from] item: Leftovers
|upkeep
|turn|41
|
|t:|1778515975
|move|p2a: Pecha Runthi|Foul Play|p1a: Clefable
|-damage|p1a: Clefable|73/100 par
|move|p1a: Clefable|Cosmic Power|p1a: Clefable
|-boost|p1a: Clefable|def|1
|-boost|p1a: Clefable|spd|1
|
|-heal|p2a: Pecha Runthi|100/100|[from] item: Leftovers
|-heal|p1a: Clefable|79/100 par|[from] item: Leftovers
|upkeep
|turn|42
|
|t:|1778515992
|move|p2a: Pecha Runthi|Foul Play|p1a: Clefable
|-damage|p1a: Clefable|69/100 par
|move|p1a: Clefable|Moonblast|p2a: Pecha Runthi
|-supereffective|p2a: Pecha Runthi
|-damage|p2a: Pecha Runthi|40/100
|
|-heal|p2a: Pecha Runthi|46/100|[from] item: Leftovers
|-heal|p1a: Clefable|75/100 par|[from] item: Leftovers
|upkeep
|turn|43
|inactive|asdasfewg asdasd has 120 seconds left.
|inactive|granwhippler89 has 120 seconds left.
|
|t:|1778516033
|move|p2a: Pecha Runthi|Recover|p2a: Pecha Runthi
|-heal|p2a: Pecha Runthi|96/100
|move|p1a: Clefable|Moonblast|p2a: Pecha Runthi
|-supereffective|p2a: Pecha Runthi
|-damage|p2a: Pecha Runthi|39/100
|
|-heal|p2a: Pecha Runthi|45/100|[from] item: Leftovers
|-heal|p1a: Clefable|81/100 par|[from] item: Leftovers
|upkeep
|turn|44
|
|t:|1778516038
|move|p2a: Pecha Runthi|Recover|p2a: Pecha Runthi
|-heal|p2a: Pecha Runthi|95/100
|cant|p1a: Clefable|par
|
|-heal|p2a: Pecha Runthi|100/100|[from] item: Leftovers
|-heal|p1a: Clefable|87/100 par|[from] item: Leftovers
|upkeep
|turn|45
|
|t:|1778516050
|move|p2a: Pecha Runthi|Parting Shot|p1a: Clefable
|-unboost|p1a: Clefable|atk|1
|-unboost|p1a: Clefable|spa|1
|
|t:|1778516059
|switch|p2a: Bruxism|Bruxish, F|100/100|[from] Parting Shot
|move|p1a: Clefable|Moonblast|p2a: Bruxism
|-damage|p2a: Bruxism|64/100
|
|-heal|p1a: Clefable|93/100 par|[from] item: Leftovers
|upkeep
|turn|46
|
|t:|1778516065
|move|p2a: Bruxism|Psychic Fangs|p1a: Clefable
|-resisted|p1a: Clefable
|-damage|p1a: Clefable|71/100 par
|move|p1a: Clefable|Moonblast|p2a: Bruxism
|-damage|p2a: Bruxism|27/100
|-unboost|p2a: Bruxism|spa|1
|
|-heal|p1a: Clefable|77/100 par|[from] item: Leftovers
|upkeep
|turn|47
|
|t:|1778516070
|move|p2a: Bruxism|Psychic Fangs|p1a: Clefable
|-resisted|p1a: Clefable
|-crit|p1a: Clefable
|-damage|p1a: Clefable|4/100 par
|move|p1a: Clefable|Moonblast|p2a: Bruxism
|-damage|p2a: Bruxism|0 fnt
|faint|p2a: Bruxism
|
|-heal|p1a: Clefable|10/100 par|[from] item: Leftovers
|upkeep
|
|t:|1778516075
|switch|p2a: Kombo-o|Kommo-o, M|30/100
|turn|48
|
|t:|1778516084
|switch|p1a: Landorus|Landorus-Therian, M|97/100
|-ability|p1a: Landorus|Intimidate|boost
|-unboost|p2a: Kombo-o|atk|1
|move|p2a: Kombo-o|Aura Sphere|p1a: Landorus
|-resisted|p1a: Landorus
|-damage|p1a: Landorus|76/100
|
|-heal|p1a: Landorus|82/100|[from] item: Leftovers
|upkeep
|turn|49
|
|t:|1778516090
|switch|p2a: Pecha Runthi|Pecharunt, tera:Dark|100/100
|move|p1a: Landorus|Earthquake|p2a: Pecha Runthi
|-damage|p2a: Pecha Runthi|72/100
|
|-heal|p1a: Landorus|88/100|[from] item: Leftovers
|-heal|p2a: Pecha Runthi|78/100|[from] item: Leftovers
|upkeep
|turn|50
|
|t:|1778516094
|move|p1a: Landorus|U-turn|p2a: Pecha Runthi
|-supereffective|p2a: Pecha Runthi
|-damage|p2a: Pecha Runthi|54/100
|
|t:|1778516097
|switch|p1a: Clefable|Clefable, M, tera:Steel|10/100 par|[from] U-turn
|-activate|p1a: Clefable|move: Sticky Web
|-unboost|p1a: Clefable|spe|1
|move|p2a: Pecha Runthi|Malignant Chain|p1a: Clefable
|-immune|p1a: Clefable
|
|-heal|p2a: Pecha Runthi|60/100|[from] item: Leftovers
|-heal|p1a: Clefable|16/100 par|[from] item: Leftovers
|upkeep
|turn|51
|
|t:|1778516101
|move|p2a: Pecha Runthi|Foul Play|p1a: Clefable
|-damage|p1a: Clefable|0 fnt
|faint|p1a: Clefable
|
|-heal|p2a: Pecha Runthi|66/100|[from] item: Leftovers
|upkeep
|
|t:|1778516107
|switch|p1a: Landorus|Landorus-Therian, M|88/100
|-ability|p1a: Landorus|Intimidate|boost
|-unboost|p2a: Pecha Runthi|atk|1
|turn|52
|
|t:|1778516117
|move|p1a: Landorus|Taunt|p2a: Pecha Runthi
|-start|p2a: Pecha Runthi|move: Taunt
|move|p2a: Pecha Runthi|Malignant Chain|p1a: Landorus
|-resisted|p1a: Landorus
|-damage|p1a: Landorus|67/100
|
|-heal|p1a: Landorus|73/100|[from] item: Leftovers
|-heal|p2a: Pecha Runthi|72/100|[from] item: Leftovers
|upkeep
|turn|53
|
|t:|1778516125
|move|p1a: Landorus|Earthquake|p2a: Pecha Runthi
|-damage|p2a: Pecha Runthi|47/100
|move|p2a: Pecha Runthi|Malignant Chain|p1a: Landorus
|-resisted|p1a: Landorus
|-crit|p1a: Landorus
|-damage|p1a: Landorus|41/100
|-status|p1a: Landorus|tox
|-start|p1a: Landorus|confusion|[from] ability: Poison Puppeteer|[of] p2a: Pecha Runthi
|
|-heal|p1a: Landorus|47/100 tox|[from] item: Leftovers
|-heal|p2a: Pecha Runthi|53/100|[from] item: Leftovers
|-damage|p1a: Landorus|41/100 tox|[from] psn
|upkeep
|turn|54
|
|t:|1778516129
|-activate|p1a: Landorus|confusion
|move|p1a: Landorus|Earthquake|p2a: Pecha Runthi
|-damage|p2a: Pecha Runthi|29/100
|move|p2a: Pecha Runthi|Foul Play|p1a: Landorus
|-crit|p1a: Landorus
|-damage|p1a: Landorus|0 fnt
|faint|p1a: Landorus
|
|-heal|p2a: Pecha Runthi|35/100|[from] item: Leftovers
|-end|p2a: Pecha Runthi|move: Taunt
|upkeep
|
|t:|1778516132
|switch|p1a: Zapdos|Zapdos|91/100
|-ability|p1a: Zapdos|Pressure
|turn|55
|
|t:|1778516134
|move|p1a: Zapdos|Hurricane|p2a: Pecha Runthi
|-damage|p2a: Pecha Runthi|0 fnt
|faint|p2a: Pecha Runthi
|-damage|p1a: Zapdos|81/100|[from] item: Life Orb
|
|upkeep
|
|t:|1778516136
|switch|p2a: Kombo-o|Kommo-o, M|30/100
|turn|56
|
|t:|1778516141
|move|p1a: Zapdos|Hurricane|p2a: Kombo-o
|-supereffective|p2a: Kombo-o
|-damage|p2a: Kombo-o|0 fnt
|faint|p2a: Kombo-o
|-damage|p1a: Zapdos|71/100|[from] item: Life Orb
|
|win|asdasfewg asdasd
|raw|asdasfewg asdasd's rating: 1342 &rarr; <strong>1358</strong><br />(+16 for winning)
|raw|granwhippler89's rating: 1272 &rarr; <strong>1252</strong><br />(-20 for losing)
|l|☆granwhippler89
|player|p2|
|l|‽asdasfewg asdasd
|player|p1|
