|html|<div class="broadcast-blue"><strong>[Gen 9] OU is currently suspecting Tera Blast! For information on how to participate check out the <a href="https://www.smogon.com/tools/suspects/view/200">suspect thread</a>.</strong></div>
|j|☆kjojon
|j|☆lanakis the chosen
|t:|1776100189
|gametype|singles
|player|p1|kjojon|brock|1188
|player|p2|lanakis the chosen|miku-fire|1224
|gen|9
|tier|[Gen 9] OU
|rated|
|rule|HP Percentage Mod: HP is shown in percentages
|rule|Endless Battle Clause: Forcing endless battles is banned
|rule|Species Clause: Limit one of each Pokémon
|rule|OHKO Clause: OHKO moves are banned
|rule|Evasion Items Clause: Evasion items are banned
|rule|Evasion Moves Clause: Evasion moves are banned
|rule|Evasion Abilities Clause: Evasion abilities are banned
|rule|Sleep Moves Clause: Sleep-inducing moves are banned
|clearpoke
|poke|p1|Gardevoir, F|
|poke|p1|Cinderace, F|
|poke|p1|Duraludon, M|
|poke|p1|Hitmontop, M|
|poke|p1|Necrozma|
|poke|p1|Porygon-Z|
|poke|p2|Raging Bolt|
|poke|p2|Ogerpon-Wellspring, F|
|poke|p2|Dragapult, M|
|poke|p2|Gholdengo|
|poke|p2|Cinderace, M|
|poke|p2|Azumarill, M|
|teampreview
|inactive|Battle timer is ON: inactive players will automatically lose when time's up. (requested by lanakis the chosen)
|
|t:|1776100193
|teamsize|p1|6
|teamsize|p2|6
|start
|switch|p1a: PoyPee|Porygon-Z, shiny|100/100
|switch|p2a: Cinderace|Cinderace, M, shiny|100/100
|turn|1
|j| ohko_smeargle
|
|t:|1776100196
|move|p2a: Cinderace|Flare Blitz|p1a: PoyPee
|-damage|p1a: PoyPee|30/100
|-status|p1a: PoyPee|brn
|-damage|p2a: Cinderace|76/100|[from] Recoil
|move|p1a: PoyPee|Tri Attack|p2a: Cinderace
|-damage|p2a: Cinderace|0 fnt
|faint|p2a: Cinderace
|
|-damage|p1a: PoyPee|24/100 brn|[from] brn
|upkeep
|-enditem|p1a: PoyPee|Salac Berry|[eat]
|-boost|p1a: PoyPee|spe|1|[from] item: Salac Berry
|
|t:|1776100203
|switch|p2a: Ogerpon|Ogerpon-Wellspring, F|100/100
|turn|2
|
|t:|1776100206
|move|p1a: PoyPee|Tri Attack|p2a: Ogerpon
|-damage|p2a: Ogerpon|22/100
|-status|p2a: Ogerpon|par
|move|p2a: Ogerpon|Ivy Cudgel|p1a: PoyPee|[anim] Ivy Cudgel Water
|-damage|p1a: PoyPee|0 fnt
|faint|p1a: PoyPee
|
|upkeep
|
|t:|1776100222
|switch|p1a: Garfiel|Hitmontop, M|100/100
|turn|3
|
|t:|1776100224
|move|p1a: Garfiel|Fake Out|p2a: Ogerpon
|-damage|p2a: Ogerpon|0 fnt
|faint|p2a: Ogerpon
|
|upkeep
|
|t:|1776100230
|switch|p2a: Azumarill|Azumarill, M, shiny|100/100
|turn|4
|
|t:|1776100239
|switch|p1a: Babylon|Duraludon, M, shiny|100/100
|move|p2a: Azumarill|Whirlpool|p1a: Babylon
|-resisted|p1a: Babylon
|-damage|p1a: Babylon|96/100
|-activate|p1a: Babylon|move: Whirlpool|[of] p2a: Azumarill
|
|-damage|p1a: Babylon|83/100|[from] move: Whirlpool|[partiallytrapped]
|upkeep
|turn|5
|
|t:|1776100246
|move|p1a: Babylon|Flash Cannon|p2a: Azumarill
|-damage|p2a: Azumarill|71/100
|move|p2a: Azumarill|Perish Song|p2a: Azumarill
|-start|p1a: Babylon|perish3|[silent]
|-start|p2a: Azumarill|perish3|[silent]
|-fieldactivate|move: Perish Song
|
|-heal|p2a: Azumarill|77/100|[from] item: Leftovers
|-damage|p1a: Babylon|71/100|[from] move: Whirlpool|[partiallytrapped]
|-start|p1a: Babylon|perish3
|-start|p2a: Azumarill|perish3
|upkeep
|turn|6
|
|t:|1776100254
|move|p2a: Azumarill|Protect|p2a: Azumarill
|-singleturn|p2a: Azumarill|Protect
|move|p1a: Babylon|Focus Energy|p1a: Babylon
|-start|p1a: Babylon|move: Focus Energy
|
|-heal|p2a: Azumarill|83/100|[from] item: Leftovers
|-damage|p1a: Babylon|59/100|[from] move: Whirlpool|[partiallytrapped]
|-start|p1a: Babylon|perish2
|-start|p2a: Azumarill|perish2
|upkeep
|turn|7
|
|t:|1776100263
|move|p2a: Azumarill|Protect||[still]
|-fail|p2a: Azumarill
|move|p1a: Babylon|Flash Cannon|p2a: Azumarill
|-damage|p2a: Azumarill|50/100
|
|-heal|p2a: Azumarill|57/100|[from] item: Leftovers
|-damage|p1a: Babylon|46/100|[from] move: Whirlpool|[partiallytrapped]
|-start|p1a: Babylon|perish1
|-start|p2a: Azumarill|perish1
|upkeep
|turn|8
|
|t:|1776100269
|switch|p2a: Gholdengo|Gholdengo, shiny|100/100
|move|p1a: Babylon|Thunderbolt|p2a: Gholdengo
|-crit|p2a: Gholdengo
|-damage|p2a: Gholdengo|40/100
|
|-end|p1a: Babylon|Whirlpool|[partiallytrapped]|[silent]
|-start|p1a: Babylon|perish0
|upkeep
|faint|p1a: Babylon
|
|t:|1776100282
|switch|p1a: R-Pyrite|Necrozma, shiny|100/100
|turn|9
|
|t:|1776100287
|move|p2a: Gholdengo|Shadow Ball|p1a: R-Pyrite
|-supereffective|p1a: R-Pyrite
|-damage|p1a: R-Pyrite|25/100
|-enditem|p1a: R-Pyrite|Weakness Policy
|-boost|p1a: R-Pyrite|atk|2|[from] item: Weakness Policy
|-boost|p1a: R-Pyrite|spa|2|[from] item: Weakness Policy
|move|p1a: R-Pyrite|Dragon Dance|p1a: R-Pyrite
|-boost|p1a: R-Pyrite|atk|1
|-boost|p1a: R-Pyrite|spe|1
|
|upkeep
|turn|10
|
|t:|1776100297
|move|p2a: Gholdengo|Shadow Ball|p1a: R-Pyrite
|-supereffective|p1a: R-Pyrite
|-damage|p1a: R-Pyrite|0 fnt
|faint|p1a: R-Pyrite
|
|upkeep
|
|t:|1776100304
|switch|p1a: Xodium|Gardevoir, F, shiny|100/100
|-ability|p1a: Xodium|Good as Gold|Trace|[from] ability: Trace|[of] p2a: Gholdengo
|turn|11
|
|t:|1776100309
|move|p2a: Gholdengo|Shadow Ball|p1a: Xodium
|-supereffective|p1a: Xodium
|-damage|p1a: Xodium|14/100
|move|p1a: Xodium|Mystical Fire|p2a: Gholdengo
|-supereffective|p2a: Gholdengo
|-damage|p2a: Gholdengo|0 fnt
|faint|p2a: Gholdengo
|
|upkeep
|
|t:|1776100314
|switch|p2a: Dragapult|Dragapult, M, shiny|100/100
|turn|12
|
|t:|1776100318
|switch|p1a: Joao|Cinderace, F, shiny|100/100
|move|p2a: Dragapult|Phantom Force||[still]
|-prepare|p2a: Dragapult|Phantom Force
|
|upkeep
|turn|13
|
|t:|1776100331
|move|p2a: Dragapult|Phantom Force|p1a: Joao|[from] lockedmove
|-damage|p1a: Joao|35/100
|move|p1a: Joao|Bulk Up|p1a: Joao
|-start|p1a: Joao|typechange|Fighting|[from] ability: Libero
|-boost|p1a: Joao|atk|1
|-boost|p1a: Joao|def|1
|
|upkeep
|turn|14
|
|t:|1776100337
|move|p1a: Joao|Sucker Punch|p2a: Dragapult
|-supereffective|p2a: Dragapult
|-damage|p2a: Dragapult|0 fnt
|faint|p2a: Dragapult
|
|upkeep
|
|t:|1776100340
|switch|p2a: Azumarill|Azumarill, M, shiny|57/100
|turn|15
|
|t:|1776100342
|move|p1a: Joao|Gunk Shot|p2a: Azumarill|[miss]
|-miss|p1a: Joao|p2a: Azumarill
|move|p2a: Azumarill|Whirlpool|p1a: Joao
|-damage|p1a: Joao|24/100
|-activate|p1a: Joao|move: Whirlpool|[of] p2a: Azumarill
|
|-heal|p2a: Azumarill|63/100|[from] item: Leftovers
|-damage|p1a: Joao|11/100|[from] move: Whirlpool|[partiallytrapped]
|upkeep
|turn|16
|
|t:|1776100348
|move|p2a: Azumarill|Protect|p2a: Azumarill
|-singleturn|p2a: Azumarill|Protect
|move|p1a: Joao|Gunk Shot|p2a: Azumarill
|-activate|p2a: Azumarill|move: Protect
|
|-heal|p2a: Azumarill|69/100|[from] item: Leftovers
|-damage|p1a: Joao|0 fnt|[from] move: Whirlpool|[partiallytrapped]
|faint|p1a: Joao
|upkeep
|
|t:|1776100355
|switch|p1a: Garfiel|Hitmontop, M|100/100
|turn|17
|
|t:|1776100359
|move|p1a: Garfiel|Fake Out|p2a: Azumarill
|-damage|p2a: Azumarill|48/100
|cant|p2a: Azumarill|flinch
|
|-heal|p2a: Azumarill|54/100|[from] item: Leftovers
|upkeep
|turn|18
|
|t:|1776100366
|move|p1a: Garfiel|Triple Axel|p2a: Azumarill
|-resisted|p2a: Azumarill
|-damage|p2a: Azumarill|49/100
|-resisted|p2a: Azumarill
|-damage|p2a: Azumarill|38/100
|-hitcount|p2a: Azumarill|2
|move|p2a: Azumarill|Whirlpool|p1a: Garfiel
|-damage|p1a: Garfiel|91/100
|-activate|p1a: Garfiel|move: Whirlpool|[of] p2a: Azumarill
|
|-heal|p2a: Azumarill|45/100|[from] item: Leftovers
|-damage|p1a: Garfiel|78/100|[from] move: Whirlpool|[partiallytrapped]
|upkeep
|turn|19
|
|t:|1776100383
|move|p1a: Garfiel|Triple Axel|p2a: Azumarill
|-resisted|p2a: Azumarill
|-damage|p2a: Azumarill|40/100
|-resisted|p2a: Azumarill
|-damage|p2a: Azumarill|29/100
|-resisted|p2a: Azumarill
|-damage|p2a: Azumarill|14/100
|-hitcount|p2a: Azumarill|3
|move|p2a: Azumarill|Rest|p2a: Azumarill
|-status|p2a: Azumarill|slp|[from] move: Rest
|-heal|p2a: Azumarill|100/100 slp|[silent]
|
|-damage|p1a: Garfiel|66/100|[from] move: Whirlpool|[partiallytrapped]
|upkeep
|turn|20
|
|t:|1776100397
|move|p1a: Garfiel|Rapid Spin|p2a: Azumarill
|-damage|p2a: Azumarill|74/100 slp
|-boost|p1a: Garfiel|spe|1
|-end|p1a: Garfiel|Whirlpool|[partiallytrapped]
|cant|p2a: Azumarill|slp
|
|-heal|p2a: Azumarill|80/100 slp|[from] item: Leftovers
|upkeep
|turn|21
|
|t:|1776100404
|move|p1a: Garfiel|Rapid Spin|p2a: Azumarill
|-damage|p2a: Azumarill|56/100 slp
|-boost|p1a: Garfiel|spe|1
|cant|p2a: Azumarill|slp
|
|-heal|p2a: Azumarill|62/100 slp|[from] item: Leftovers
|upkeep
|turn|22
|
|t:|1776100407
|move|p1a: Garfiel|Rapid Spin|p2a: Azumarill
|-damage|p2a: Azumarill|36/100 slp
|-boost|p1a: Garfiel|spe|1
|-curestatus|p2a: Azumarill|slp|[msg]
|move|p2a: Azumarill|Whirlpool|p1a: Garfiel
|-damage|p1a: Garfiel|56/100
|-activate|p1a: Garfiel|move: Whirlpool|[of] p2a: Azumarill
|
|-heal|p2a: Azumarill|42/100|[from] item: Leftovers
|-damage|p1a: Garfiel|44/100|[from] move: Whirlpool|[partiallytrapped]
|upkeep
|turn|23
|
|t:|1776100410
|move|p1a: Garfiel|Rapid Spin|p2a: Azumarill
|-damage|p2a: Azumarill|15/100
|-boost|p1a: Garfiel|spe|1
|-end|p1a: Garfiel|Whirlpool|[partiallytrapped]
|move|p2a: Azumarill|Perish Song|p2a: Azumarill
|-start|p1a: Garfiel|perish3|[silent]
|-start|p2a: Azumarill|perish3|[silent]
|-fieldactivate|move: Perish Song
|
|-heal|p2a: Azumarill|21/100|[from] item: Leftovers
|-start|p1a: Garfiel|perish3
|-start|p2a: Azumarill|perish3
|upkeep
|turn|24
|
|t:|1776100413
|move|p2a: Azumarill|Protect|p2a: Azumarill
|-singleturn|p2a: Azumarill|Protect
|move|p1a: Garfiel|Rapid Spin|p2a: Azumarill
|-activate|p2a: Azumarill|move: Protect
|
|-heal|p2a: Azumarill|27/100|[from] item: Leftovers
|-start|p1a: Garfiel|perish2
|-start|p2a: Azumarill|perish2
|upkeep
|turn|25
|
|t:|1776100416
|move|p2a: Azumarill|Protect||[still]
|-fail|p2a: Azumarill
|move|p1a: Garfiel|Rapid Spin|p2a: Azumarill
|-damage|p2a: Azumarill|0 fnt
|-boost|p1a: Garfiel|spe|1
|faint|p2a: Azumarill
|
|-start|p1a: Garfiel|perish1
|upkeep
|
|t:|1776100419
|switch|p2a: Raging Bolt|Raging Bolt|100/100
|-enditem|p2a: Raging Bolt|Booster Energy
|-activate|p2a: Raging Bolt|ability: Protosynthesis|[fromitem]
|-start|p2a: Raging Bolt|protosynthesisspa
|turn|26
|
|t:|1776100426
|move|p2a: Raging Bolt|Thunderclap|p1a: Garfiel
|-damage|p1a: Garfiel|0 fnt
|faint|p1a: Garfiel
|
|upkeep
|
|t:|1776100428
|switch|p1a: Xodium|Gardevoir, F, shiny|14/100
|turn|27
|c|☆kjojon|gg's
|
|t:|1776100446
|-terastallize|p2a: Raging Bolt|Flying
|move|p1a: Xodium|Moonblast|p2a: Raging Bolt
|-damage|p2a: Raging Bolt|60/100
|-unboost|p2a: Raging Bolt|spa|1
|move|p2a: Raging Bolt|Tera Blast|p1a: Xodium|[anim] Tera Blast Flying
|-damage|p1a: Xodium|0 fnt
|faint|p1a: Xodium
|
|win|lanakis the chosen
|raw|kjojon's rating: 1188 &rarr; <strong>1166</strong><br />(-22 for losing)
|raw|lanakis the chosen's rating: 1224 &rarr; <strong>1246</strong><br />(+22 for winning)
|l|☆lanakis the chosen
|player|p2|
|l| ohko_smeargle
