|html|<div class="broadcast-blue"><strong>[Gen 9] OU is currently suspecting Tera Blast! For information on how to participate check out the <a href="https://www.smogon.com/tools/suspects/view/200">suspect thread</a>.</strong></div>
|j|☆eucalipto69!
|j|☆KnightKnaveSpy
|t:|1776112921
|gametype|singles
|player|p1|eucalipto69!|steven|1540
|player|p2|KnightKnaveSpy|170|1525
|gen|9
|tier|[Gen 9] OU
|rated|
|rule|HP Percentage Mod: HP is shown in percentages
|rule|Endless Battle Clause: Forcing endless battles is banned
|rule|Species Clause: Limit one of each Pokémon
|rule|OHKO Clause: OHKO moves are banned
|rule|Evasion Items Clause: Evasion items are banned
|rule|Evasion Moves Clause: Evasion moves are banned
|rule|Evasion Abilities Clause: Evasion abilities are banned
|rule|Sleep Moves Clause: Sleep-inducing moves are banned
|clearpoke
|poke|p1|Haxorus, M|
|poke|p1|Grimmsnarl, M|
|poke|p1|Great Tusk|
|poke|p1|Zapdos|
|poke|p1|Kingambit, M|
|poke|p1|Typhlosion, F|
|poke|p2|Samurott-Hisui, M|
|poke|p2|Blaziken, M|
|poke|p2|Kingambit, M|
|poke|p2|Raging Bolt|
|poke|p2|Ogerpon-Wellspring, F|
|poke|p2|Greninja-*, M|
|teampreview
|
|t:|1776112928
|teamsize|p1|6
|teamsize|p2|6
|start
|switch|p1a: Great Tusk|Great Tusk|100/100
|switch|p2a: Samurott|Samurott-Hisui, M|100/100
|turn|1
|inactive|Battle timer is ON: inactive players will automatically lose when time's up. (requested by eucalipto69!)
|
|t:|1776112933
|move|p1a: Great Tusk|Close Combat|p2a: Samurott
|-supereffective|p2a: Samurott
|-enditem|p2a: Samurott|Focus Sash
|-damage|p2a: Samurott|1/100
|-unboost|p1a: Great Tusk|def|1
|-unboost|p1a: Great Tusk|spd|1
|move|p2a: Samurott|Aqua Cutter|p1a: Great Tusk
|-supereffective|p1a: Great Tusk
|-enditem|p1a: Great Tusk|Focus Sash
|-damage|p1a: Great Tusk|1/100
|
|upkeep
|turn|2
|
|t:|1776112943
|move|p2a: Samurott|Aqua Jet|p1a: Great Tusk
|-supereffective|p1a: Great Tusk
|-damage|p1a: Great Tusk|0 fnt
|faint|p1a: Great Tusk
|-end|p1a: Great Tusk|Protosynthesis|[silent]
|
|upkeep
|
|t:|1776112947
|switch|p1a: Haxorus|Haxorus, M, shiny|100/100
|-ability|p1a: Haxorus|Mold Breaker
|turn|3
|
|t:|1776112955
|move|p2a: Samurott|Sucker Punch|p1a: Haxorus
|-damage|p1a: Haxorus|56/100
|move|p1a: Haxorus|Scale Shot|p2a: Samurott
|-damage|p2a: Samurott|0 fnt
|faint|p2a: Samurott
|-hitcount|p2: Samurott|1
|-unboost|p1a: Haxorus|def|1
|-boost|p1a: Haxorus|spe|1
|
|upkeep
|
|t:|1776112964
|switch|p2a: Kingambit|Kingambit, M|100/100
|-activate|p2a: Kingambit|ability: Supreme Overlord
|-start|p2a: Kingambit|fallen1|[silent]
|turn|4
|
|t:|1776112969
|move|p2a: Kingambit|Sucker Punch|p1a: Haxorus
|-damage|p1a: Haxorus|0 fnt
|faint|p1a: Haxorus
|
|upkeep
|
|t:|1776112971
|switch|p1a: Kingambit|Kingambit, M, shiny|100/100
|turn|5
|
|t:|1776112977
|-end|p2a: Kingambit|fallen1|[silent]
|switch|p2a: Blaziken|Blaziken, M|100/100
|move|p1a: Kingambit|Low Kick|p2a: Blaziken
|-damage|p2a: Blaziken|52/100
|
|-heal|p2a: Blaziken|58/100|[from] item: Leftovers
|upkeep
|turn|6
|
|t:|1776112982
|switch|p1a: Zapdos|Zapdos|100/100
|move|p2a: Blaziken|Flare Blitz|p1a: Zapdos
|-damage|p1a: Zapdos|39/100
|-status|p2a: Blaziken|par|[from] ability: Static|[of] p1a: Zapdos
|-damage|p2a: Blaziken|32/100 par|[from] Recoil
|
|-heal|p2a: Blaziken|38/100 par|[from] item: Leftovers
|-ability|p2a: Blaziken|Speed Boost|boost
|-boost|p2a: Blaziken|spe|1
|upkeep
|turn|7
|
|t:|1776112991
|move|p1a: Zapdos|Discharge|p2a: Blaziken
|-damage|p2a: Blaziken|0 fnt
|faint|p2a: Blaziken
|
|upkeep
|
|t:|1776112997
|switch|p2a: Ogerpon|Ogerpon-Wellspring, F|100/100
|turn|8
|
|t:|1776113002
|move|p2a: Ogerpon|Ivy Cudgel|p1a: Zapdos|[anim] Ivy Cudgel Water
|-damage|p1a: Zapdos|0 fnt
|faint|p1a: Zapdos
|
|upkeep
|
|t:|1776113007
|switch|p1a: Grimmsnarl|Grimmsnarl, M|100/100
|turn|9
|
|t:|1776113013
|switch|p2a: Kingambit|Kingambit, M|100/100
|-activate|p2a: Kingambit|ability: Supreme Overlord
|-start|p2a: Kingambit|fallen2|[silent]
|move|p1a: Grimmsnarl|Thunder Wave|p2a: Kingambit
|-hint|Since gen 7, Dark is immune to Prankster moves.
|-immune|p2a: Kingambit
|
|upkeep
|turn|10
|
|t:|1776113017
|move|p1a: Grimmsnarl|Reflect|p1a: Grimmsnarl
|-sidestart|p1: eucalipto69!|Reflect
|move|p2a: Kingambit|Iron Head|p1a: Grimmsnarl
|-supereffective|p1a: Grimmsnarl
|-damage|p1a: Grimmsnarl|48/100
|
|upkeep
|turn|11
|
|t:|1776113025
|switch|p1a: Kingambit|Kingambit, M, shiny|100/100
|move|p2a: Kingambit|Iron Head|p1a: Kingambit
|-resisted|p1a: Kingambit
|-damage|p1a: Kingambit|91/100
|
|upkeep
|turn|12
|
|t:|1776113030
|-terastallize|p2a: Kingambit|Ghost
|move|p1a: Kingambit|Kowtow Cleave|p2a: Kingambit
|-supereffective|p2a: Kingambit
|-damage|p2a: Kingambit|25/100
|move|p2a: Kingambit|Low Kick|p1a: Kingambit
|-supereffective|p1a: Kingambit
|-damage|p1a: Kingambit|25/100
|
|upkeep
|turn|13
|
|t:|1776113055
|move|p1a: Kingambit|Kowtow Cleave|p2a: Kingambit
|-supereffective|p2a: Kingambit
|-damage|p2a: Kingambit|0 fnt
|faint|p2a: Kingambit
|-end|p2a: Kingambit|fallen2|[silent]
|
|upkeep
|
|t:|1776113060
|switch|p2a: Raging Bolt|Raging Bolt|100/100
|-item|p2a: Raging Bolt|Air Balloon
|turn|14
|
|t:|1776113069
|move|p1a: Kingambit|Sucker Punch|p2a: Raging Bolt
|-damage|p2a: Raging Bolt|65/100
|-enditem|p2a: Raging Bolt|Air Balloon
|move|p2a: Raging Bolt|Thunderbolt|p1a: Kingambit
|-damage|p1a: Kingambit|0 fnt
|faint|p1a: Kingambit
|
|upkeep
|
|t:|1776113072
|switch|p1a: Grimmsnarl|Grimmsnarl, M|48/100
|turn|15
|
|t:|1776113088
|move|p2a: Raging Bolt|Thunderbolt|p1a: Grimmsnarl
|-damage|p1a: Grimmsnarl|3/100
|move|p1a: Grimmsnarl|Spirit Break|p2a: Raging Bolt
|-supereffective|p2a: Raging Bolt
|-damage|p2a: Raging Bolt|19/100
|-unboost|p2a: Raging Bolt|spa|1
|
|upkeep
|turn|16
|
|t:|1776113097
|move|p1a: Grimmsnarl|Light Screen|p1a: Grimmsnarl
|-sidestart|p1: eucalipto69!|move: Light Screen
|move|p2a: Raging Bolt|Volt Switch|p1a: Grimmsnarl
|-damage|p1a: Grimmsnarl|0 fnt
|faint|p1a: Grimmsnarl
|
|t:|1776113103
|-end|p2a: Raging Bolt|Protosynthesis|[silent]
|switch|p2a: Greninja|Greninja, M|100/100|[from] Volt Switch
|
|upkeep
|
|t:|1776113106
|switch|p1a: Typhlosion|Typhlosion, F|100/100
|turn|17
|
|t:|1776113114
|-terastallize|p1a: Typhlosion|Fire
|move|p2a: Greninja|Water Shuriken|p1a: Typhlosion
|-start|p2a: Greninja|typechange|Water|[from] ability: Protean
|-supereffective|p1a: Typhlosion
|-damage|p1a: Typhlosion|92/100
|-supereffective|p1a: Typhlosion
|-damage|p1a: Typhlosion|83/100
|-hitcount|p1a: Typhlosion|2
|move|p1a: Typhlosion|Flamethrower|p2a: Greninja
|-resisted|p2a: Greninja
|-damage|p2a: Greninja|57/100
|
|-sideend|p1: eucalipto69!|Reflect
|upkeep
|turn|18
|
|t:|1776113125
|move|p2a: Greninja|Water Shuriken|p1a: Typhlosion
|-supereffective|p1a: Typhlosion
|-damage|p1a: Typhlosion|75/100
|-supereffective|p1a: Typhlosion
|-damage|p1a: Typhlosion|66/100
|-hitcount|p1a: Typhlosion|2
|move|p1a: Typhlosion|Flamethrower|p2a: Greninja
|-resisted|p2a: Greninja
|-damage|p2a: Greninja|12/100
|
|upkeep
|turn|19
|
|t:|1776113136
|move|p1a: Typhlosion|Flamethrower|p2a: Greninja
|-resisted|p2a: Greninja
|-damage|p2a: Greninja|0 fnt
|faint|p2a: Greninja
|
|upkeep
|
|t:|1776113139
|switch|p2a: Raging Bolt|Raging Bolt|19/100
|turn|20
|
|t:|1776113150
|move|p1a: Typhlosion|Flamethrower|p2a: Raging Bolt
|-resisted|p2a: Raging Bolt
|-damage|p2a: Raging Bolt|0 fnt
|faint|p2a: Raging Bolt
|-end|p2a: Raging Bolt|Protosynthesis|[silent]
|
|upkeep
|
|t:|1776113151
|switch|p2a: Ogerpon|Ogerpon-Wellspring, F|100/100
|turn|21
|
|t:|1776113154
|move|p1a: Typhlosion|Flamethrower|p2a: Ogerpon
|-damage|p2a: Ogerpon|35/100
|move|p2a: Ogerpon|Ivy Cudgel|p1a: Typhlosion|[anim] Ivy Cudgel Water
|-supereffective|p1a: Typhlosion
|-damage|p1a: Typhlosion|0 fnt
|faint|p1a: Typhlosion
|
|win|KnightKnaveSpy
|raw|eucalipto69!'s rating: 1540 &rarr; <strong>1519</strong><br />(-21 for losing)
|raw|KnightKnaveSpy's rating: 1525 &rarr; <strong>1546</strong><br />(+21 for winning)
|c|☆KnightKnaveSpy|Gg
|l|☆KnightKnaveSpy
|player|p2|
|l|☆eucalipto69!
|player|p1|
