|html|<div class="broadcast-blue"><strong>[Gen 9] OU is currently suspecting Volcarona! For information on how to participate check out the <a href="https://www.smogon.com/tools/suspects/view/208">suspect thread</a>.</strong></div>
|j|☆idonteatpets
|j|☆politoed addict
|t:|1778505891
|gametype|singles
|player|p1|idonteatpets|170|1300
|player|p2|politoed addict|volkner|1341
|gen|9
|tier|[Gen 9] OU
|rated|
|rule|HP Percentage Mod: HP is shown in percentages
|rule|Endless Battle Clause: Forcing endless battles is banned
|rule|Species Clause: Limit one of each Pokémon
|rule|OHKO Clause: OHKO moves are banned
|rule|Evasion Items Clause: Evasion items are banned
|rule|Evasion Moves Clause: Evasion moves are banned
|rule|Evasion Abilities Clause: Evasion abilities are banned
|rule|Sleep Moves Clause: Sleep-inducing moves are banned
|clearpoke
|poke|p1|Chansey, F|
|poke|p1|Darkrai|
|poke|p1|Hoopa-Unbound|
|poke|p1|Zamazenta-*|
|poke|p1|Glimmora, F|
|poke|p1|Alomomola, F|
|poke|p2|Politoed, F|
|poke|p2|Raging Bolt|
|poke|p2|Barraskewda, F|
|poke|p2|Kingdra, F|
|poke|p2|Iron Treads|
|poke|p2|Kingambit, F|
|teampreview
|
|t:|1778505900
|teamsize|p1|6
|teamsize|p2|6
|start
|switch|p1a: Alomomola|Alomomola, F|100/100
|switch|p2a: My Goat|Politoed, F, shiny|100/100
|-weather|RainDance|[from] ability: Drizzle|[of] p2a: My Goat
|turn|1
|
|t:|1778505911
|move|p2a: My Goat|Weather Ball|p1a: Alomomola
|-resisted|p1a: Alomomola
|-damage|p1a: Alomomola|58/100
|move|p1a: Alomomola|Mirror Coat|p2a: My Goat
|-damage|p2a: My Goat|0 fnt
|faint|p2a: My Goat
|
|-weather|RainDance|[upkeep]
|-heal|p1a: Alomomola|64/100|[from] item: Leftovers
|upkeep
|
|t:|1778505920
|switch|p2a: Barraskewda|Barraskewda, F|100/100
|turn|2
|
|t:|1778505943
|-terastallize|p2a: Barraskewda|Water
|move|p2a: Barraskewda|Liquidation|p1a: Alomomola
|-resisted|p1a: Alomomola
|-damage|p1a: Alomomola|28/100
|move|p1a: Alomomola|Flip Turn|p2a: Barraskewda
|-resisted|p2a: Barraskewda
|-damage|p2a: Barraskewda|80/100
|
|t:|1778505955
|switch|p1a: Hoopa|Hoopa-Unbound|100/100|[from] Flip Turn
|
|-weather|RainDance|[upkeep]
|upkeep
|turn|3
|
|t:|1778505962
|move|p2a: Barraskewda|Liquidation|p1a: Hoopa
|-damage|p1a: Hoopa|0 fnt
|faint|p1a: Hoopa
|
|-weather|RainDance|[upkeep]
|upkeep
|
|t:|1778505978
|switch|p1a: Zamazenta|Zamazenta|100/100
|-ability|p1a: Zamazenta|Dauntless Shield|boost
|-boost|p1a: Zamazenta|def|1
|turn|4
|
|t:|1778505985
|move|p2a: Barraskewda|Liquidation|p1a: Zamazenta
|-damage|p1a: Zamazenta|24/100
|move|p1a: Zamazenta|Iron Defense|p1a: Zamazenta
|-boost|p1a: Zamazenta|def|2
|
|-weather|RainDance|[upkeep]
|upkeep
|turn|5
|
|t:|1778506009
|switch|p1a: Glimmora|Glimmora, F|100/100
|move|p2a: Barraskewda|Liquidation|p1a: Glimmora
|-supereffective|p1a: Glimmora
|-damage|p1a: Glimmora|0 fnt
|-activate|p1a: Glimmora|ability: Toxic Debris
|-sidestart|p2: politoed addict|move: Toxic Spikes
|faint|p1a: Glimmora
|
|-weather|RainDance|[upkeep]
|upkeep
|
|t:|1778506026
|switch|p1a: Chansey|Chansey, F|100/100
|turn|6
|
|t:|1778506030
|move|p2a: Barraskewda|Liquidation|p1a: Chansey
|-damage|p1a: Chansey|16/100
|move|p1a: Chansey|Thunder Wave|p2a: Barraskewda
|-status|p2a: Barraskewda|par
|
|-weather|RainDance|[upkeep]
|upkeep
|turn|7
|
|t:|1778506038
|cant|p2a: Barraskewda|par
|move|p1a: Chansey|Soft-Boiled|p1a: Chansey
|-heal|p1a: Chansey|66/100
|
|-weather|RainDance|[upkeep]
|upkeep
|turn|8
|
|t:|1778506041
|switch|p1a: Alomomola|Alomomola, F|61/100
|move|p2a: Barraskewda|Liquidation|p1a: Alomomola
|-resisted|p1a: Alomomola
|-damage|p1a: Alomomola|23/100
|
|-weather|none
|-heal|p1a: Alomomola|29/100|[from] item: Leftovers
|upkeep
|turn|9
|
|t:|1778506051
|switch|p2a: Raging Bolt|Raging Bolt|100/100
|-status|p2a: Raging Bolt|psn
|switch|p1a: Chansey|Chansey, F|66/100
|
|-damage|p2a: Raging Bolt|88/100 psn|[from] psn
|upkeep
|turn|10
|
|t:|1778506059
|move|p2a: Raging Bolt|Draco Meteor|p1a: Chansey
|-damage|p1a: Chansey|43/100
|-unboost|p2a: Raging Bolt|spa|2
|move|p1a: Chansey|Soft-Boiled|p1a: Chansey
|-heal|p1a: Chansey|93/100
|
|-damage|p2a: Raging Bolt|76/100 psn|[from] psn
|upkeep
|turn|11
|
|t:|1778506064
|-end|p2a: Raging Bolt|Protosynthesis|[silent]
|switch|p2a: Iron Treads|Iron Treads|100/100
|-enditem|p2a: Iron Treads|Booster Energy
|-activate|p2a: Iron Treads|ability: Quark Drive|[fromitem]
|-start|p2a: Iron Treads|quarkdrivespe
|move|p1a: Chansey|Stealth Rock|p2a: Iron Treads
|-sidestart|p2: politoed addict|move: Stealth Rock
|
|upkeep
|turn|12
|
|t:|1778506070
|-terastallize|p1a: Chansey|Ghost
|move|p2a: Iron Treads|Rapid Spin|p1a: Chansey
|-immune|p1a: Chansey
|move|p1a: Chansey|Seismic Toss|p2a: Iron Treads
|-damage|p2a: Iron Treads|69/100
|
|upkeep
|turn|13
|
|t:|1778506078
|move|p2a: Iron Treads|Earthquake|p1a: Chansey
|-damage|p1a: Chansey|65/100
|move|p1a: Chansey|Seismic Toss|p2a: Iron Treads
|-damage|p2a: Iron Treads|38/100
|
|upkeep
|turn|14
|
|t:|1778506084
|move|p2a: Iron Treads|Earthquake|p1a: Chansey
|-damage|p1a: Chansey|36/100
|move|p1a: Chansey|Soft-Boiled|p1a: Chansey
|-heal|p1a: Chansey|86/100
|
|upkeep
|turn|15
|
|t:|1778506087
|move|p2a: Iron Treads|Stealth Rock|p1a: Chansey
|-sidestart|p1: idonteatpets|move: Stealth Rock
|move|p1a: Chansey|Seismic Toss|p2a: Iron Treads
|-damage|p2a: Iron Treads|7/100
|
|upkeep
|turn|16
|
|t:|1778506090
|move|p2a: Iron Treads|Iron Head|p1a: Chansey
|-damage|p1a: Chansey|63/100
|move|p1a: Chansey|Seismic Toss|p2a: Iron Treads
|-damage|p2a: Iron Treads|0 fnt
|faint|p2a: Iron Treads
|-end|p2a: Iron Treads|Quark Drive|[silent]
|
|upkeep
|
|t:|1778506096
|switch|p2a: Kingambit|Kingambit, F, shiny|100/100
|-damage|p2a: Kingambit|94/100|[from] Stealth Rock
|-activate|p2a: Kingambit|ability: Supreme Overlord
|-start|p2a: Kingambit|fallen2|[silent]
|turn|17
|
|t:|1778506105
|switch|p1a: Zamazenta|Zamazenta|24/100
|-damage|p1a: Zamazenta|18/100|[from] Stealth Rock
|move|p2a: Kingambit|Swords Dance|p2a: Kingambit
|-boost|p2a: Kingambit|atk|2
|
|-heal|p2a: Kingambit|100/100|[from] item: Leftovers
|upkeep
|turn|18
|
|t:|1778506114
|move|p1a: Zamazenta|Rest|p1a: Zamazenta
|-status|p1a: Zamazenta|slp|[from] move: Rest
|-heal|p1a: Zamazenta|100/100 slp|[silent]
|-enditem|p1a: Zamazenta|Chesto Berry|[eat]
|-curestatus|p1a: Zamazenta|slp|[msg]
|move|p2a: Kingambit|Kowtow Cleave|p1a: Zamazenta
|-resisted|p1a: Zamazenta
|-damage|p1a: Zamazenta|52/100
|
|upkeep
|turn|19
|
|t:|1778506124
|move|p1a: Zamazenta|Iron Defense|p1a: Zamazenta
|-boost|p1a: Zamazenta|def|2
|move|p2a: Kingambit|Kowtow Cleave|p1a: Zamazenta
|-resisted|p1a: Zamazenta
|-damage|p1a: Zamazenta|30/100
|
|upkeep
|turn|20
|
|t:|1778506130
|move|p1a: Zamazenta|Body Press|p2a: Kingambit
|-supereffective|p2a: Kingambit
|-crit|p2a: Kingambit
|-damage|p2a: Kingambit|0 fnt
|faint|p2a: Kingambit
|-end|p2a: Kingambit|fallen2|[silent]
|
|upkeep
|
|t:|1778506134
|switch|p2a: Barraskewda|Barraskewda, F, tera:Water|80/100 par
|-damage|p2a: Barraskewda|68/100 par|[from] Stealth Rock
|turn|21
|
|t:|1778506157
|move|p2a: Barraskewda|Aqua Jet|p1a: Zamazenta
|-damage|p1a: Zamazenta|14/100
|move|p1a: Zamazenta|Body Press|p2a: Barraskewda
|-damage|p2a: Barraskewda|0 fnt
|faint|p2a: Barraskewda
|
|upkeep
|l|☆politoed addict
|player|p2|
|inactive|Battle timer is ON: inactive players will automatically lose when time's up. (requested by idonteatpets)
|inactive|politoed addict has 30 seconds to reconnect!
|inactive|politoed addict has 20 seconds to reconnect!
|inactive|politoed addict has 15 seconds to reconnect!
|inactive|politoed addict has 10 seconds to reconnect!
|inactive|politoed addict has 5 seconds to reconnect!
|-message|politoed addict lost due to inactivity.
|
|win|idonteatpets
|raw|idonteatpets's rating: 1300 &rarr; <strong>1328</strong><br />(+28 for winning)
|raw|politoed addict's rating: 1341 &rarr; <strong>1319</strong><br />(-22 for losing)
