|html|<div class="broadcast-blue"><strong>[Gen 9] OU is currently suspecting Tera Blast! For information on how to participate check out the <a href="https://www.smogon.com/tools/suspects/view/200">suspect thread</a>.</strong></div>
|j|☆uncle brown
|j|☆Entiny602
|t:|1776078203
|gametype|singles
|player|p1|uncle brown|101|1348
|player|p2|Entiny602|265|1386
|gen|9
|tier|[Gen 9] OU
|rated|
|rule|HP Percentage Mod: HP is shown in percentages
|rule|Endless Battle Clause: Forcing endless battles is banned
|rule|Species Clause: Limit one of each Pokémon
|rule|OHKO Clause: OHKO moves are banned
|rule|Evasion Items Clause: Evasion items are banned
|rule|Evasion Moves Clause: Evasion moves are banned
|rule|Evasion Abilities Clause: Evasion abilities are banned
|rule|Sleep Moves Clause: Sleep-inducing moves are banned
|clearpoke
|poke|p1|Dragonite, F|
|poke|p1|Keldeo-Resolute|
|poke|p1|Tinkaton, F|
|poke|p1|Gliscor, M|
|poke|p1|Weavile, M|
|poke|p1|Pecharunt|
|poke|p2|Rillaboom, F|
|poke|p2|Hawlucha, F|
|poke|p2|Enamorus, F|
|poke|p2|Zamazenta-*|
|poke|p2|Darkrai|
|poke|p2|Great Tusk|
|teampreview
|inactive|Battle timer is ON: inactive players will automatically lose when time's up. (requested by Entiny602)
|
|t:|1776078224
|teamsize|p1|6
|teamsize|p2|6
|start
|switch|p1a: Gliscor|Gliscor, M|100/100
|switch|p2a: Zamazenta|Zamazenta|100/100
|-ability|p2a: Zamazenta|Dauntless Shield|boost
|-boost|p2a: Zamazenta|def|1
|turn|1
|
|t:|1776078228
|move|p1a: Gliscor|Protect|p1a: Gliscor
|-singleturn|p1a: Gliscor|Protect
|move|p2a: Zamazenta|Reflect|p2a: Zamazenta
|-sidestart|p2: Entiny602|Reflect
|
|-status|p1a: Gliscor|tox|[from] item: Toxic Orb
|upkeep
|turn|2
|
|t:|1776078235
|move|p2a: Zamazenta|Light Screen|p2a: Zamazenta
|-sidestart|p2: Entiny602|move: Light Screen
|move|p1a: Gliscor|Spikes|p2a: Zamazenta
|-sidestart|p2: Entiny602|Spikes
|
|upkeep
|turn|3
|
|t:|1776078241
|switch|p2a: Darkrai|Darkrai|100/100
|-damage|p2a: Darkrai|88/100|[from] Spikes
|switch|p1a: Pecharunt|Pecharunt|100/100
|
|-heal|p2a: Darkrai|94/100|[from] item: Leftovers
|upkeep
|turn|4
|
|t:|1776078244
|switch|p1a: Tinkaton|Tinkaton, F|100/100
|-ability|p1a: Tinkaton|Mold Breaker
|-item|p1a: Tinkaton|Air Balloon
|move|p2a: Darkrai|Nasty Plot|p2a: Darkrai
|-boost|p2a: Darkrai|spa|2
|
|-heal|p2a: Darkrai|99/100|[from] item: Leftovers
|upkeep
|turn|5
|
|t:|1776078247
|move|p2a: Darkrai|Dark Pulse|p1a: Tinkaton
|-resisted|p1a: Tinkaton
|-damage|p1a: Tinkaton|67/100
|-enditem|p1a: Tinkaton|Air Balloon
|move|p1a: Tinkaton|Thunder Wave|p2a: Darkrai
|-status|p2a: Darkrai|par
|
|-heal|p2a: Darkrai|100/100 par|[from] item: Leftovers
|upkeep
|turn|6
|
|t:|1776078254
|move|p1a: Tinkaton|Stealth Rock|p2a: Darkrai
|-sidestart|p2: Entiny602|move: Stealth Rock
|move|p2a: Darkrai|Dark Pulse|p1a: Tinkaton
|-resisted|p1a: Tinkaton
|-damage|p1a: Tinkaton|32/100
|
|upkeep
|turn|7
|
|t:|1776078259
|move|p1a: Tinkaton|Gigaton Hammer|p2a: Darkrai
|-damage|p2a: Darkrai|70/100 par
|move|p2a: Darkrai|Dark Pulse|p1a: Tinkaton
|-resisted|p1a: Tinkaton
|-damage|p1a: Tinkaton|0 fnt
|faint|p1a: Tinkaton
|
|-heal|p2a: Darkrai|76/100 par|[from] item: Leftovers
|upkeep
|
|t:|1776078263
|switch|p1a: Keldeo|Keldeo-Resolute|100/100
|turn|8
|
|t:|1776078265
|move|p1a: Keldeo|Secret Sword|p2a: Darkrai
|-supereffective|p2a: Darkrai
|-damage|p2a: Darkrai|19/100 par
|move|p2a: Darkrai|Sludge Bomb|p1a: Keldeo
|-damage|p1a: Keldeo|27/100
|-status|p1a: Keldeo|psn
|
|-heal|p2a: Darkrai|25/100 par|[from] item: Leftovers
|-damage|p1a: Keldeo|14/100 psn|[from] psn
|-sideend|p2: Entiny602|Reflect
|upkeep
|turn|9
|
|t:|1776078274
|move|p1a: Keldeo|Surf|p2a: Darkrai
|-damage|p2a: Darkrai|0 fnt
|faint|p2a: Darkrai
|
|-damage|p1a: Keldeo|2/100 psn|[from] psn
|-sideend|p2: Entiny602|move: Light Screen
|upkeep
|
|t:|1776078278
|switch|p2a: Great Tusk|Great Tusk|100/100
|-damage|p2a: Great Tusk|88/100|[from] Spikes
|-damage|p2a: Great Tusk|85/100|[from] Stealth Rock
|-enditem|p2a: Great Tusk|Booster Energy
|-activate|p2a: Great Tusk|ability: Protosynthesis|[fromitem]
|-start|p2a: Great Tusk|protosynthesisspe
|turn|10
|
|t:|1776078282
|switch|p1a: Pecharunt|Pecharunt|100/100
|move|p2a: Great Tusk|Rapid Spin|p1a: Pecharunt
|-immune|p1a: Pecharunt
|
|upkeep
|turn|11
|
|t:|1776078287
|move|p2a: Great Tusk|Bulk Up|p2a: Great Tusk
|-boost|p2a: Great Tusk|atk|1
|-boost|p2a: Great Tusk|def|1
|move|p1a: Pecharunt|Shadow Ball|p2a: Great Tusk
|-damage|p2a: Great Tusk|54/100
|
|upkeep
|turn|12
|
|t:|1776078290
|move|p2a: Great Tusk|Headlong Rush|p1a: Pecharunt
|-supereffective|p1a: Pecharunt
|-damage|p1a: Pecharunt|28/100
|-unboost|p2a: Great Tusk|def|1
|-unboost|p2a: Great Tusk|spd|1
|move|p1a: Pecharunt|Shadow Ball|p2a: Great Tusk
|-damage|p2a: Great Tusk|7/100
|-unboost|p2a: Great Tusk|spd|1
|
|upkeep
|turn|13
|
|t:|1776078294
|switch|p1a: Keldeo|Keldeo-Resolute|2/100 psn
|move|p2a: Great Tusk|Headlong Rush|p1a: Keldeo
|-damage|p1a: Keldeo|0 fnt
|-unboost|p2a: Great Tusk|def|1
|-unboost|p2a: Great Tusk|spd|1
|faint|p1a: Keldeo
|
|upkeep
|
|t:|1776078299
|switch|p1a: Weavile|Weavile, M|100/100
|-ability|p1a: Weavile|Pressure
|turn|14
|
|t:|1776078302
|move|p1a: Weavile|Ice Shard|p2a: Great Tusk
|-supereffective|p2a: Great Tusk
|-damage|p2a: Great Tusk|0 fnt
|faint|p2a: Great Tusk
|-end|p2a: Great Tusk|Protosynthesis|[silent]
|
|upkeep
|
|t:|1776078304
|switch|p2a: Zamazenta|Zamazenta|100/100
|-damage|p2a: Zamazenta|88/100|[from] Spikes
|-damage|p2a: Zamazenta|82/100|[from] Stealth Rock
|turn|15
|
|t:|1776078307
|switch|p1a: Pecharunt|Pecharunt|28/100
|move|p2a: Zamazenta|Reflect|p2a: Zamazenta
|-sidestart|p2: Entiny602|Reflect
|
|upkeep
|turn|16
|
|t:|1776078309
|move|p2a: Zamazenta|Light Screen|p2a: Zamazenta
|-sidestart|p2: Entiny602|move: Light Screen
|move|p1a: Pecharunt|Recover|p1a: Pecharunt
|-heal|p1a: Pecharunt|78/100
|
|upkeep
|turn|17
|
|t:|1776078312
|move|p1a: Pecharunt|Malignant Chain|p2a: Zamazenta
|-damage|p2a: Zamazenta|70/100
|-status|p2a: Zamazenta|tox
|-start|p2a: Zamazenta|confusion|[from] ability: Poison Puppeteer|[of] p1a: Pecharunt
|-activate|p2a: Zamazenta|confusion
|-damage|p2a: Zamazenta|64/100 tox|[from] confusion
|
|-damage|p2a: Zamazenta|57/100 tox|[from] psn
|upkeep
|turn|18
|
|t:|1776078318
|move|p1a: Pecharunt|Shadow Ball|p2a: Zamazenta
|-damage|p2a: Zamazenta|47/100 tox
|-activate|p2a: Zamazenta|confusion
|-damage|p2a: Zamazenta|41/100 tox|[from] confusion
|
|-damage|p2a: Zamazenta|29/100 tox|[from] psn
|upkeep
|turn|19
|
|t:|1776078324
|switch|p2a: Enamorus|Enamorus, F|100/100
|-damage|p2a: Enamorus|76/100|[from] Stealth Rock
|move|p1a: Pecharunt|Parting Shot|p2a: Enamorus
|-unboost|p2a: Enamorus|atk|1
|-unboost|p2a: Enamorus|spa|1
|
|t:|1776078330
|switch|p1a: Gliscor|Gliscor, M|100/100 tox|[from] Parting Shot
|
|upkeep
|turn|20
|
|t:|1776078333
|move|p2a: Enamorus|Calm Mind|p2a: Enamorus
|-boost|p2a: Enamorus|spa|1
|-boost|p2a: Enamorus|spd|1
|move|p1a: Gliscor|Toxic|p2a: Enamorus
|-status|p2a: Enamorus|tox
|
|-damage|p2a: Enamorus|69/100 tox|[from] psn
|upkeep
|turn|21
|
|t:|1776078338
|move|p2a: Enamorus|Calm Mind|p2a: Enamorus
|-boost|p2a: Enamorus|spa|1
|-boost|p2a: Enamorus|spd|1
|move|p1a: Gliscor|Knock Off|p2a: Enamorus
|-resisted|p2a: Enamorus
|-damage|p2a: Enamorus|61/100 tox
|-start|p1a: Gliscor|Attract|[from] ability: Cute Charm|[of] p2a: Enamorus
|-enditem|p2a: Enamorus|Life Orb|[from] move: Knock Off|[of] p1a: Gliscor
|
|-damage|p2a: Enamorus|49/100 tox|[from] psn
|upkeep
|turn|22
|
|t:|1776078343
|move|p2a: Enamorus|Draining Kiss|p1a: Gliscor
|-damage|p1a: Gliscor|64/100 tox
|-heal|p2a: Enamorus|83/100 tox|[from] drain|[of] p1a: Gliscor
|-activate|p1a: Gliscor|move: Attract|[of] p2a: Enamorus
|move|p1a: Gliscor|Spikes|p2a: Enamorus
|-sidestart|p2: Entiny602|Spikes
|
|-damage|p2a: Enamorus|64/100 tox|[from] psn
|-heal|p1a: Gliscor|76/100 tox|[from] ability: Poison Heal
|-sideend|p2: Entiny602|Reflect
|upkeep
|turn|23
|
|t:|1776078348
|-activate|p1a: Gliscor|move: Attract|[of] p2a: Enamorus
|move|p1a: Gliscor|Protect|p1a: Gliscor
|-singleturn|p1a: Gliscor|Protect
|move|p2a: Enamorus|Calm Mind|p2a: Enamorus
|-boost|p2a: Enamorus|spa|1
|-boost|p2a: Enamorus|spd|1
|
|-damage|p2a: Enamorus|39/100 tox|[from] psn
|-heal|p1a: Gliscor|89/100 tox|[from] ability: Poison Heal
|-sideend|p2: Entiny602|move: Light Screen
|upkeep
|turn|24
|
|t:|1776078352
|move|p2a: Enamorus|Draining Kiss|p1a: Gliscor
|-damage|p1a: Gliscor|46/100 tox
|-heal|p2a: Enamorus|78/100 tox|[from] drain|[of] p1a: Gliscor
|-activate|p1a: Gliscor|move: Attract|[of] p2a: Enamorus
|cant|p1a: Gliscor|Attract
|
|-damage|p2a: Enamorus|47/100 tox|[from] psn
|-heal|p1a: Gliscor|58/100 tox|[from] ability: Poison Heal
|upkeep
|turn|25
|
|t:|1776078358
|move|p2a: Enamorus|Calm Mind|p2a: Enamorus
|-boost|p2a: Enamorus|spa|1
|-boost|p2a: Enamorus|spd|1
|-activate|p1a: Gliscor|move: Attract|[of] p2a: Enamorus
|move|p1a: Gliscor|Knock Off|p2a: Enamorus
|-resisted|p2a: Enamorus
|-damage|p2a: Enamorus|36/100 tox
|
|-damage|p2a: Enamorus|0 fnt|[from] psn
|faint|p2a: Enamorus
|-heal|p1a: Gliscor|71/100 tox|[from] ability: Poison Heal
|upkeep
|-end|p1a: Gliscor|Attract|[silent]
|
|t:|1776078361
|switch|p2a: Zamazenta|Zamazenta|29/100 tox
|-damage|p2a: Zamazenta|12/100 tox|[from] Spikes
|-damage|p2a: Zamazenta|6/100 tox|[from] Stealth Rock
|turn|26
|
|t:|1776078369
|move|p2a: Zamazenta|Reflect|p2a: Zamazenta
|-sidestart|p2: Entiny602|Reflect
|move|p1a: Gliscor|Spikes|p2a: Zamazenta
|-sidestart|p2: Entiny602|Spikes
|
|-damage|p2a: Zamazenta|0 fnt|[from] psn
|faint|p2a: Zamazenta
|-heal|p1a: Gliscor|83/100 tox|[from] ability: Poison Heal
|upkeep
|
|t:|1776078372
|switch|p2a: Rillaboom|Rillaboom, F|100/100
|-damage|p2a: Rillaboom|76/100|[from] Spikes
|-damage|p2a: Rillaboom|63/100|[from] Stealth Rock
|-fieldstart|move: Grassy Terrain|[from] ability: Grassy Surge|[of] p2a: Rillaboom
|turn|27
|
|t:|1776078376
|move|p2a: Rillaboom|Swords Dance|p2a: Rillaboom
|-boost|p2a: Rillaboom|atk|2
|move|p1a: Gliscor|Toxic|p2a: Rillaboom
|-status|p2a: Rillaboom|tox
|
|-heal|p2a: Rillaboom|69/100 tox|[from] Grassy Terrain
|-damage|p2a: Rillaboom|63/100 tox|[from] psn
|-heal|p1a: Gliscor|96/100 tox|[from] ability: Poison Heal
|upkeep
|turn|28
|
|t:|1776078381
|move|p2a: Rillaboom|Wood Hammer|p1a: Gliscor
|-crit|p1a: Gliscor
|-damage|p1a: Gliscor|0 fnt
|faint|p1a: Gliscor
|-damage|p2a: Rillaboom|31/100 tox|[from] Recoil
|-damage|p2a: Rillaboom|22/100 tox|[from] item: Life Orb
|
|-heal|p2a: Rillaboom|28/100 tox|[from] Grassy Terrain
|-damage|p2a: Rillaboom|16/100 tox|[from] psn
|upkeep
|
|t:|1776078385
|switch|p1a: Weavile|Weavile, M|100/100
|-ability|p1a: Weavile|Pressure
|turn|29
|
|t:|1776078387
|move|p1a: Weavile|Ice Shard|p2a: Rillaboom
|-supereffective|p2a: Rillaboom
|-damage|p2a: Rillaboom|0 fnt
|faint|p2a: Rillaboom
|
|upkeep
|
|t:|1776078389
|switch|p2a: Hawlucha|Hawlucha, F|100/100
|-damage|p2a: Hawlucha|88/100|[from] Stealth Rock
|-enditem|p2a: Hawlucha|Grassy Seed
|-boost|p2a: Hawlucha|def|1|[from] item: Grassy Seed
|turn|30
|
|t:|1776078393
|move|p2a: Hawlucha|Swords Dance|p2a: Hawlucha
|-boost|p2a: Hawlucha|atk|2
|move|p1a: Weavile|Triple Axel|p2a: Hawlucha
|-supereffective|p2a: Hawlucha
|-damage|p2a: Hawlucha|80/100
|-supereffective|p2a: Hawlucha
|-damage|p2a: Hawlucha|65/100
|-supereffective|p2a: Hawlucha
|-damage|p2a: Hawlucha|41/100
|-hitcount|p2a: Hawlucha|3
|
|upkeep
|turn|31
|
|t:|1776078397
|move|p1a: Weavile|Ice Shard|p2a: Hawlucha
|-supereffective|p2a: Hawlucha
|-crit|p2a: Hawlucha
|-damage|p2a: Hawlucha|0 fnt
|faint|p2a: Hawlucha
|
|win|uncle brown
|raw|uncle brown's rating: 1348 &rarr; <strong>1370</strong><br />(+22 for winning)
|raw|Entiny602's rating: 1386 &rarr; <strong>1364</strong><br />(-22 for losing)
|c|☆uncle brown|gg
|l|☆Entiny602
|player|p2|
