|html|<div class="broadcast-blue"><strong>[Gen 9] OU is currently suspecting Tera Blast! For information on how to participate check out the <a href="https://www.smogon.com/tools/suspects/view/200">suspect thread</a>.</strong></div>
|j|☆A Welcome Guest
|j|☆Erenicko.
|t:|1776093213
|gametype|singles
|player|p1|A Welcome Guest|pokemaniac|1831
|player|p2|Erenicko.|#psdlterrakions|1753
|gen|9
|tier|[Gen 9] OU
|rated|
|rule|HP Percentage Mod: HP is shown in percentages
|rule|Endless Battle Clause: Forcing endless battles is banned
|rule|Species Clause: Limit one of each Pokémon
|rule|OHKO Clause: OHKO moves are banned
|rule|Evasion Items Clause: Evasion items are banned
|rule|Evasion Moves Clause: Evasion moves are banned
|rule|Evasion Abilities Clause: Evasion abilities are banned
|rule|Sleep Moves Clause: Sleep-inducing moves are banned
|clearpoke
|poke|p1|Kingambit, M|
|poke|p1|Ursaluna, M|
|poke|p1|Dragapult, M|
|poke|p1|Manaphy|
|poke|p1|Glimmora, F|
|poke|p1|Zamazenta-*|
|poke|p2|Enamorus, F|
|poke|p2|Ogerpon-Wellspring, F|
|poke|p2|Slowking-Galar, M|
|poke|p2|Kingambit, M|
|poke|p2|Great Tusk|
|poke|p2|Raging Bolt|
|teampreview
|c|☆A Welcome Guest|hf
|inactive|Battle timer is ON: inactive players will automatically lose when time's up. (requested by Erenicko.)
|
|t:|1776093241
|teamsize|p1|6
|teamsize|p2|6
|start
|switch|p1a: Dragapult|Dragapult, M|100/100
|switch|p2a: Slowking|Slowking-Galar, M|100/100
|turn|1
|
|t:|1776093248
|move|p1a: Dragapult|Dragon Darts|p2a: Slowking
|-damage|p2a: Slowking|81/100
|-anim|p1a: Dragapult|Dragon Darts|p2a: Slowking
|-damage|p2a: Slowking|62/100
|-damage|p1a: Dragapult|91/100|[from] item: Life Orb
|move|p2a: Slowking|Sludge Bomb|p1a: Dragapult
|-resisted|p1a: Dragapult
|-damage|p1a: Dragapult|66/100
|
|upkeep
|turn|2
|j| Metallic Symphony
|l| Metallic Symphony
|
|t:|1776093268
|switch|p1a: Kingambit|Kingambit, M|100/100
|switch|p2a: Kingambit|Kingambit, M|100/100
|
|upkeep
|turn|3
|j| antologyy
|
|t:|1776093272
|-end|p1a: Kingambit|fallenundefined|[silent]
|switch|p1a: Glimmora|Glimmora, F|100/100
|move|p2a: Kingambit|Low Kick|p1a: Glimmora
|-damage|p1a: Glimmora|80/100
|-activate|p1a: Glimmora|ability: Toxic Debris
|-sidestart|p2: Erenicko.|move: Toxic Spikes
|-enditem|p1a: Glimmora|Red Card|[of] p2a: Kingambit
|-end|p2a: Kingambit|fallenundefined|[silent]
|drag|p2a: Enamorus|Enamorus, F|100/100
|
|upkeep
|turn|4
|
|t:|1776093284
|switch|p2a: Slowking|Slowking-Galar, M|95/100
|-sideend|p2: Erenicko.|move: Toxic Spikes|[of] p2a: Slowking
|switch|p1a: Zamazenta|Zamazenta|100/100
|-ability|p1a: Zamazenta|Dauntless Shield|boost
|-boost|p1a: Zamazenta|def|1
|
|upkeep
|turn|5
|
|t:|1776093290
|move|p1a: Zamazenta|Light Screen|p1a: Zamazenta
|-sidestart|p1: A Welcome Guest|move: Light Screen
|move|p2a: Slowking|Psychic Noise|p1a: Zamazenta
|-supereffective|p1a: Zamazenta
|-damage|p1a: Zamazenta|75/100
|-start|p1a: Zamazenta|move: Heal Block
|
|upkeep
|turn|6
|
|t:|1776093294
|switch|p1a: Ursaluna|Ursaluna, M|100/100
|move|p2a: Slowking|Sludge Bomb|p1a: Ursaluna
|-resisted|p1a: Ursaluna
|-damage|p1a: Ursaluna|92/100
|
|-status|p1a: Ursaluna|brn|[from] item: Flame Orb
|upkeep
|turn|7
|
|t:|1776093298
|switch|p2a: Great Tusk|Great Tusk|100/100
|move|p1a: Ursaluna|Facade|p2a: Great Tusk
|-damage|p2a: Great Tusk|24/100
|-damage|p1a: Ursaluna|76/100 brn|[from] item: Rocky Helmet|[of] p2a: Great Tusk
|
|-damage|p1a: Ursaluna|69/100 brn|[from] brn
|upkeep
|turn|8
|
|t:|1776093305
|move|p2a: Great Tusk|Headlong Rush|p1a: Ursaluna
|-damage|p1a: Ursaluna|26/100 brn
|-unboost|p2a: Great Tusk|def|1
|-unboost|p2a: Great Tusk|spd|1
|move|p1a: Ursaluna|Facade|p2a: Great Tusk
|-damage|p2a: Great Tusk|0 fnt
|-damage|p1a: Ursaluna|10/100 brn|[from] item: Rocky Helmet|[of] p2a: Great Tusk
|faint|p2a: Great Tusk
|-end|p2a: Great Tusk|Protosynthesis|[silent]
|
|-damage|p1a: Ursaluna|4/100 brn|[from] brn
|upkeep
|
|t:|1776093313
|switch|p2a: Ogerpon|Ogerpon-Wellspring, F|100/100
|turn|9
|
|t:|1776093319
|move|p2a: Ogerpon|Ivy Cudgel|p1a: Ursaluna|[anim] Ivy Cudgel Water
|-supereffective|p1a: Ursaluna
|-damage|p1a: Ursaluna|0 fnt
|faint|p1a: Ursaluna
|
|upkeep
|j| el alcachofas xdxd
|
|t:|1776093323
|switch|p1a: Dragapult|Dragapult, M|66/100
|turn|10
|
|t:|1776093325
|switch|p2a: Slowking|Slowking-Galar, M|100/100
|move|p1a: Dragapult|Dragon Darts|p2a: Slowking
|-damage|p2a: Slowking|79/100
|-anim|p1a: Dragapult|Dragon Darts|p2a: Slowking
|-damage|p2a: Slowking|59/100
|-damage|p1a: Dragapult|56/100|[from] item: Life Orb
|
|upkeep
|turn|11
|
|t:|1776093328
|switch|p2a: Kingambit|Kingambit, M|100/100
|-activate|p2a: Kingambit|ability: Supreme Overlord
|-start|p2a: Kingambit|fallen1|[silent]
|move|p1a: Dragapult|Shadow Ball|p2a: Kingambit
|-resisted|p2a: Kingambit
|-damage|p2a: Kingambit|80/100
|-damage|p1a: Dragapult|47/100|[from] item: Life Orb
|
|-heal|p2a: Kingambit|86/100|[from] item: Leftovers
|upkeep
|turn|12
|
|t:|1776093338
|switch|p1a: Zamazenta|Zamazenta|75/100
|-end|p2a: Kingambit|fallen1|[silent]
|switch|p2a: Enamorus|Enamorus, F|100/100
|
|-sideend|p1: A Welcome Guest|move: Light Screen
|upkeep
|turn|13
|
|t:|1776093347
|switch|p1a: Glimmora|Glimmora, F|80/100
|move|p2a: Enamorus|Moonblast|p1a: Glimmora
|-resisted|p1a: Glimmora
|-damage|p1a: Glimmora|50/100
|
|upkeep
|turn|14
|
|t:|1776093351
|move|p2a: Enamorus|Moonblast|p1a: Glimmora
|-resisted|p1a: Glimmora
|-crit|p1a: Glimmora
|-damage|p1a: Glimmora|0 fnt
|faint|p1a: Glimmora
|
|upkeep
|inactive|A Welcome Guest has 120 seconds left.
|
|t:|1776093382
|switch|p1a: Kingambit|Kingambit, M|100/100
|-activate|p1a: Kingambit|ability: Supreme Overlord
|-start|p1a: Kingambit|fallen2|[silent]
|turn|15
|
|t:|1776093387
|switch|p2a: Kingambit|Kingambit, M|86/100
|-activate|p2a: Kingambit|ability: Supreme Overlord
|-start|p2a: Kingambit|fallen1|[silent]
|move|p1a: Kingambit|Swords Dance|p1a: Kingambit
|-boost|p1a: Kingambit|atk|2
|
|-heal|p2a: Kingambit|92/100|[from] item: Leftovers
|upkeep
|turn|16
|
|t:|1776093398
|-end|p1a: Kingambit|fallen2|[silent]
|switch|p1a: Zamazenta|Zamazenta|75/100
|move|p2a: Kingambit|Low Kick|p1a: Zamazenta
|-damage|p1a: Zamazenta|24/100
|
|-heal|p2a: Kingambit|98/100|[from] item: Leftovers
|upkeep
|turn|17
|
|t:|1776093401
|-end|p2a: Kingambit|fallen1|[silent]
|switch|p2a: Enamorus|Enamorus, F|100/100
|move|p1a: Zamazenta|Reflect|p1a: Zamazenta
|-sidestart|p1: A Welcome Guest|Reflect
|
|upkeep
|turn|18
|
|t:|1776093403
|move|p2a: Enamorus|Moonblast|p1a: Zamazenta
|-supereffective|p1a: Zamazenta
|-damage|p1a: Zamazenta|0 fnt
|faint|p1a: Zamazenta
|
|upkeep
|
|t:|1776093405
|switch|p1a: Kingambit|Kingambit, M|100/100
|-activate|p1a: Kingambit|ability: Supreme Overlord
|-start|p1a: Kingambit|fallen3|[silent]
|turn|19
|
|t:|1776093408
|switch|p2a: Ogerpon|Ogerpon-Wellspring, F|100/100
|move|p1a: Kingambit|Swords Dance|p1a: Kingambit
|-boost|p1a: Kingambit|atk|2
|
|upkeep
|turn|20
|
|t:|1776093410
|-end|p1a: Kingambit|fallen3|[silent]
|switch|p1a: Dragapult|Dragapult, M|47/100
|move|p2a: Ogerpon|Encore||[still]
|-fail|p2a: Ogerpon
|
|upkeep
|turn|21
|
|t:|1776093414
|switch|p2a: Enamorus|Enamorus, F|100/100
|move|p1a: Dragapult|Fire Blast|p2a: Enamorus
|-damage|p2a: Enamorus|42/100
|-damage|p1a: Dragapult|37/100|[from] item: Life Orb
|
|upkeep
|turn|22
|
|t:|1776093420
|move|p2a: Enamorus|Moonblast|p1a: Dragapult
|-supereffective|p1a: Dragapult
|-damage|p1a: Dragapult|0 fnt
|faint|p1a: Dragapult
|
|upkeep
|
|t:|1776093426
|switch|p1a: Manaphy|Manaphy|100/100
|turn|23
|
|t:|1776093430
|switch|p2a: Ogerpon|Ogerpon-Wellspring, F|100/100
|move|p1a: Manaphy|Hydro Pump|p2a: Ogerpon
|-immune|p2a: Ogerpon|[from] ability: Water Absorb
|
|upkeep
|turn|24
|
|t:|1776093434
|move|p2a: Ogerpon|Knock Off|p1a: Manaphy
|-damage|p1a: Manaphy|81/100
|-enditem|p1a: Manaphy|Leftovers|[from] move: Knock Off|[of] p2a: Ogerpon
|move|p1a: Manaphy|Alluring Voice|p2a: Ogerpon
|-damage|p2a: Ogerpon|74/100
|
|-sideend|p1: A Welcome Guest|Reflect
|upkeep
|turn|25
|
|t:|1776093436
|move|p2a: Ogerpon|Power Whip|p1a: Manaphy
|-supereffective|p1a: Manaphy
|-damage|p1a: Manaphy|0 fnt
|faint|p1a: Manaphy
|
|upkeep
|
|t:|1776093438
|switch|p1a: Kingambit|Kingambit, M|100/100
|-activate|p1a: Kingambit|ability: Supreme Overlord
|-start|p1a: Kingambit|fallen5|[silent]
|turn|26
|
|t:|1776093441
|move|p2a: Ogerpon|Ivy Cudgel|p1a: Kingambit|[anim] Ivy Cudgel Water
|-damage|p1a: Kingambit|55/100
|move|p1a: Kingambit|Kowtow Cleave|p2a: Ogerpon
|-damage|p2a: Ogerpon|0 fnt
|faint|p2a: Ogerpon
|
|-heal|p1a: Kingambit|61/100|[from] item: Leftovers
|upkeep
|
|t:|1776093447
|switch|p2a: Raging Bolt|Raging Bolt|100/100
|-enditem|p2a: Raging Bolt|Booster Energy
|-activate|p2a: Raging Bolt|ability: Protosynthesis|[fromitem]
|-start|p2a: Raging Bolt|protosynthesisspa
|turn|27
|
|t:|1776093449
|-terastallize|p2a: Raging Bolt|Fairy
|-terastallize|p1a: Kingambit|Fairy
|move|p2a: Raging Bolt|Thunderbolt|p1a: Kingambit
|-damage|p1a: Kingambit|0 fnt
|faint|p1a: Kingambit
|-end|p1a: Kingambit|fallen5|[silent]
|
|win|Erenicko.
|raw|A Welcome Guest's rating: 1831 &rarr; <strong>1807</strong><br />(-24 for losing)
|raw|Erenicko.'s rating: 1753 &rarr; <strong>1777</strong><br />(+24 for winning)
|l|☆A Welcome Guest
|player|p1|
|l|☆Erenicko.
|player|p2|
|l| antologyy
