|html|<div class="broadcast-blue"><strong>[Gen 9] OU is currently suspecting Tera Blast! For information on how to participate check out the <a href="https://www.smogon.com/tools/suspects/view/200">suspect thread</a>.</strong></div>
|j|☆magistermilitum420
|j|☆trashcan_343
|t:|1776269901
|gametype|singles
|player|p1|magistermilitum420|blue|1339
|player|p2|trashcan_343|102|1376
|gen|9
|tier|[Gen 9] OU
|rated|
|rule|HP Percentage Mod: HP is shown in percentages
|rule|Endless Battle Clause: Forcing endless battles is banned
|rule|Species Clause: Limit one of each Pokémon
|rule|OHKO Clause: OHKO moves are banned
|rule|Evasion Items Clause: Evasion items are banned
|rule|Evasion Moves Clause: Evasion moves are banned
|rule|Evasion Abilities Clause: Evasion abilities are banned
|rule|Sleep Moves Clause: Sleep-inducing moves are banned
|clearpoke
|poke|p1|Meowscarada, M|
|poke|p1|Great Tusk|
|poke|p1|Alomomola, F|
|poke|p1|Slowking-Galar, M|
|poke|p1|Iron Valiant|
|poke|p1|Heatran, F|
|poke|p2|Metagross|
|poke|p2|Hippowdon, F|
|poke|p2|Ursaluna, F|
|poke|p2|Goodra-Hisui, M|
|poke|p2|Mandibuzz, F|
|poke|p2|Garganacl, M|
|teampreview
|
|t:|1776269909
|teamsize|p1|6
|teamsize|p2|6
|start
|switch|p1a: Mahad|Meowscarada, M, shiny|100/100
|switch|p2a: Ursaluna|Ursaluna, F|100/100
|turn|1
|
|t:|1776269920
|-terastallize|p2a: Ursaluna|Dragon
|move|p1a: Mahad|Knock Off|p2a: Ursaluna
|-start|p1a: Mahad|typechange|Dark|[from] ability: Protean
|-damage|p2a: Ursaluna|67/100
|-enditem|p2a: Ursaluna|Flame Orb|[from] move: Knock Off|[of] p1a: Mahad
|move|p2a: Ursaluna|Fire Punch|p1a: Mahad
|-damage|p1a: Mahad|52/100
|
|upkeep
|turn|2
|
|t:|1776269930
|switch|p1a: Charybdis|Alomomola, F, shiny|100/100
|move|p2a: Ursaluna|Bulk Up|p2a: Ursaluna
|-boost|p2a: Ursaluna|atk|1
|-boost|p2a: Ursaluna|def|1
|
|upkeep
|turn|3
|
|t:|1776269943
|move|p2a: Ursaluna|Earthquake|p1a: Charybdis
|-damage|p1a: Charybdis|50/100
|move|p1a: Charybdis|Flip Turn|p2a: Ursaluna
|-resisted|p2a: Ursaluna
|-damage|p2a: Ursaluna|63/100
|
|t:|1776269948
|switch|p1a: Pallas|Iron Valiant, shiny|100/100|[from] Flip Turn
|-enditem|p1a: Pallas|Booster Energy
|-activate|p1a: Pallas|ability: Quark Drive|[fromitem]
|-start|p1a: Pallas|quarkdrivespe
|
|upkeep
|turn|4
|
|t:|1776269957
|move|p1a: Pallas|Moonblast|p2a: Ursaluna
|-supereffective|p2a: Ursaluna
|-damage|p2a: Ursaluna|0 fnt
|faint|p2a: Ursaluna
|
|upkeep
|
|t:|1776269960
|switch|p2a: Metagross|Metagross|100/100
|turn|5
|
|t:|1776269968
|-end|p1a: Pallas|Quark Drive|[silent]
|switch|p1a: Charybdis|Alomomola, F, shiny|83/100
|move|p2a: Metagross|Heavy Slam|p1a: Charybdis
|-resisted|p1a: Charybdis
|-damage|p1a: Charybdis|60/100
|-damage|p2a: Metagross|84/100|[from] item: Rocky Helmet|[of] p1a: Charybdis
|
|upkeep
|turn|6
|
|t:|1776269975
|move|p2a: Metagross|Knock Off|p1a: Charybdis
|-damage|p1a: Charybdis|42/100
|-damage|p2a: Metagross|68/100|[from] item: Rocky Helmet|[of] p1a: Charybdis
|-enditem|p1a: Charybdis|Rocky Helmet|[from] move: Knock Off|[of] p2a: Metagross
|move|p1a: Charybdis|Scald|p2a: Metagross
|-damage|p2a: Metagross|54/100
|-status|p2a: Metagross|brn
|
|-damage|p2a: Metagross|48/100 brn|[from] brn
|upkeep
|turn|7
|-message|trashcan_343 forfeited.
|
|win|magistermilitum420
|raw|magistermilitum420's rating: 1339 &rarr; <strong>1361</strong><br />(+22 for winning)
|raw|trashcan_343's rating: 1376 &rarr; <strong>1354</strong><br />(-22 for losing)
|l|☆trashcan_343
|player|p2|
