|html|<div class="broadcast-blue"><strong>[Gen 9] OU is currently suspecting Tera Blast! For information on how to participate check out the <a href="https://www.smogon.com/tools/suspects/view/200">suspect thread</a>.</strong></div>
|j|☆SlNGULARlTY
|j|☆ElBurras
|t:|1776215450
|gametype|singles
|player|p1|SlNGULARlTY|koga|1428
|player|p2|ElBurras|2|1421
|gen|9
|tier|[Gen 9] OU
|rated|
|rule|HP Percentage Mod: HP is shown in percentages
|rule|Endless Battle Clause: Forcing endless battles is banned
|rule|Species Clause: Limit one of each Pokémon
|rule|OHKO Clause: OHKO moves are banned
|rule|Evasion Items Clause: Evasion items are banned
|rule|Evasion Moves Clause: Evasion moves are banned
|rule|Evasion Abilities Clause: Evasion abilities are banned
|rule|Sleep Moves Clause: Sleep-inducing moves are banned
|clearpoke
|poke|p1|Raging Bolt|
|poke|p1|Darkrai|
|poke|p1|Zamazenta-*|
|poke|p1|Gholdengo|
|poke|p1|Alomomola, F|
|poke|p1|Ogerpon-Wellspring, F|
|poke|p2|Goodra-Hisui, M|
|poke|p2|Great Tusk|
|poke|p2|Garganacl, F|
|poke|p2|Vikavolt, F|
|poke|p2|Iron Moth|
|poke|p2|Iron Valiant|
|teampreview
|inactive|Battle timer is ON: inactive players will automatically lose when time's up. (requested by ElBurras)
|inactive|SlNGULARlTY also wants the timer to be on.
|
|t:|1776215462
|teamsize|p1|6
|teamsize|p2|6
|start
|switch|p1a: Darkrai|Darkrai|100/100
|switch|p2a: Dr Octopus|Goodra-Hisui, M|100/100
|turn|1
|
|t:|1776215464
|move|p1a: Darkrai|Knock Off|p2a: Dr Octopus
|-damage|p2a: Dr Octopus|61/100
|-ability|p2a: Dr Octopus|Gooey
|-unboost|p1a: Darkrai|spe|1
|-enditem|p2a: Dr Octopus|Leftovers|[from] move: Knock Off|[of] p1a: Darkrai
|move|p2a: Dr Octopus|Dragon Pulse|p1a: Darkrai
|-damage|p1a: Darkrai|43/100
|
|upkeep
|turn|2
|
|t:|1776215468
|move|p1a: Darkrai|Dark Pulse|p2a: Dr Octopus
|-damage|p2a: Dr Octopus|27/100
|move|p2a: Dr Octopus|Dragon Pulse|p1a: Darkrai
|-damage|p1a: Darkrai|0 fnt
|faint|p1a: Darkrai
|
|upkeep
|
|t:|1776215472
|switch|p1a: Ogerpon|Ogerpon-Wellspring, F|100/100
|turn|3
|
|t:|1776215474
|move|p1a: Ogerpon|Swords Dance|p1a: Ogerpon
|-boost|p1a: Ogerpon|atk|2
|move|p2a: Dr Octopus|Dragon Pulse|p1a: Ogerpon
|-damage|p1a: Ogerpon|55/100
|
|upkeep
|turn|4
|
|t:|1776215477
|move|p1a: Ogerpon|Ivy Cudgel|p2a: Dr Octopus|[anim] Ivy Cudgel Water
|-resisted|p2a: Dr Octopus
|-damage|p2a: Dr Octopus|0 fnt
|faint|p2a: Dr Octopus
|
|upkeep
|
|t:|1776215483
|switch|p2a: Mysterio|Iron Valiant|100/100
|-enditem|p2a: Mysterio|Booster Energy
|-activate|p2a: Mysterio|ability: Quark Drive|[fromitem]
|-start|p2a: Mysterio|quarkdrivespe
|turn|5
|
|t:|1776215488
|switch|p1a: Alomomola|Alomomola, F|100/100
|move|p2a: Mysterio|Close Combat|p1a: Alomomola
|-damage|p1a: Alomomola|56/100
|-unboost|p2a: Mysterio|def|1
|-unboost|p2a: Mysterio|spd|1
|
|upkeep
|turn|6
|
|t:|1776215492
|move|p2a: Mysterio|Swords Dance|p2a: Mysterio
|-boost|p2a: Mysterio|atk|2
|move|p1a: Alomomola|Flip Turn|p2a: Mysterio
|-damage|p2a: Mysterio|66/100
|
|t:|1776215494
|switch|p1a: Raging Bolt|Raging Bolt|100/100|[from] Flip Turn
|-enditem|p1a: Raging Bolt|Booster Energy
|-activate|p1a: Raging Bolt|ability: Protosynthesis|[fromitem]
|-start|p1a: Raging Bolt|protosynthesisspa
|
|upkeep
|turn|7
|
|t:|1776215501
|move|p1a: Raging Bolt|Thunderclap|p2a: Mysterio
|-damage|p2a: Mysterio|0 fnt
|faint|p2a: Mysterio
|-end|p2a: Mysterio|Quark Drive|[silent]
|
|upkeep
|
|t:|1776215502
|switch|p2a: Kraven|Great Tusk|100/100
|-enditem|p2a: Kraven|Booster Energy
|-activate|p2a: Kraven|ability: Protosynthesis|[fromitem]
|-start|p2a: Kraven|protosynthesisatk
|turn|8
|
|t:|1776215507
|-terastallize|p1a: Raging Bolt|Fairy
|move|p2a: Kraven|Ice Spinner|p1a: Raging Bolt
|-damage|p1a: Raging Bolt|67/100
|move|p1a: Raging Bolt|Draco Meteor|p2a: Kraven
|-damage|p2a: Kraven|0 fnt
|-unboost|p1a: Raging Bolt|spa|2
|faint|p2a: Kraven
|-end|p2a: Kraven|Protosynthesis|[silent]
|
|upkeep
|
|t:|1776215510
|switch|p2a: Vulture|Iron Moth|100/100
|turn|9
|
|t:|1776215513
|-end|p1a: Raging Bolt|Protosynthesis|[silent]
|switch|p1a: Alomomola|Alomomola, F|89/100
|move|p2a: Vulture|Fiery Dance|p1a: Alomomola
|-resisted|p1a: Alomomola
|-damage|p1a: Alomomola|78/100
|-boost|p2a: Vulture|spa|1
|
|upkeep
|turn|10
|-message|ElBurras forfeited.
|
|win|SlNGULARlTY
|raw|SlNGULARlTY's rating: 1428 &rarr; <strong>1448</strong><br />(+20 for winning)
|raw|ElBurras's rating: 1421 &rarr; <strong>1401</strong><br />(-20 for losing)
|l|☆ElBurras
|player|p2|
