|html|<div class="broadcast-blue"><strong>[Gen 9] OU is currently suspecting Tera Blast! For information on how to participate check out the <a href="https://www.smogon.com/tools/suspects/view/200">suspect thread</a>.</strong></div>
|j|☆mathismathin
|j|☆alex12381723898
|t:|1776121243
|gametype|singles
|player|p1|mathismathin|bugsy-masters|1717
|player|p2|alex12381723898|101|1720
|gen|9
|tier|[Gen 9] OU
|rated|
|rule|HP Percentage Mod: HP is shown in percentages
|rule|Endless Battle Clause: Forcing endless battles is banned
|rule|Species Clause: Limit one of each Pokémon
|rule|OHKO Clause: OHKO moves are banned
|rule|Evasion Items Clause: Evasion items are banned
|rule|Evasion Moves Clause: Evasion moves are banned
|rule|Evasion Abilities Clause: Evasion abilities are banned
|rule|Sleep Moves Clause: Sleep-inducing moves are banned
|clearpoke
|poke|p1|Krookodile, M|
|poke|p1|Moltres|
|poke|p1|Greninja-*, M|
|poke|p1|Blaziken, F|
|poke|p1|Forretress, F|
|poke|p1|Umbreon, M|
|poke|p2|Landorus-Therian, M|
|poke|p2|Sinistcha|
|poke|p2|Tinkaton, F|
|poke|p2|Moltres|
|poke|p2|Samurott-Hisui, M|
|poke|p2|Hydreigon, M|
|teampreview
|j| ohko_smeargle
|inactive|Battle timer is ON: inactive players will automatically lose when time's up. (requested by alex12381723898)
|
|t:|1776121255
|teamsize|p1|6
|teamsize|p2|6
|start
|switch|p1a: Forretress|Forretress, F, shiny|100/100
|switch|p2a: Enten|Landorus-Therian, M, shiny|100/100
|-ability|p2a: Enten|Intimidate|boost
|-unboost|p1a: Forretress|atk|1
|turn|1
|
|t:|1776121261
|move|p2a: Enten|Earthquake|p1a: Forretress
|-damage|p1a: Forretress|68/100
|move|p1a: Forretress|Stealth Rock|p2a: Enten
|-sidestart|p2: alex12381723898|move: Stealth Rock
|
|upkeep
|turn|2
|
|t:|1776121272
|switch|p2a: Smile.exe|Tinkaton, F, shiny|100/100
|-damage|p2a: Smile.exe|94/100|[from] Stealth Rock
|-item|p2a: Smile.exe|Air Balloon
|switch|p1a: Moltres|Moltres|100/100
|
|upkeep
|turn|3
|
|t:|1776121280
|switch|p2a: Hybrid|Hydreigon, M, shiny|100/100
|-damage|p2a: Hybrid|88/100|[from] Stealth Rock
|move|p1a: Moltres|Fire Blast|p2a: Hybrid
|-resisted|p2a: Hybrid
|-damage|p2a: Hybrid|57/100
|
|upkeep
|turn|4
|
|t:|1776121288
|switch|p2a: Smile.exe|Tinkaton, F, shiny|94/100
|-damage|p2a: Smile.exe|88/100|[from] Stealth Rock
|-item|p2a: Smile.exe|Air Balloon
|switch|p1a: Umbreon|Umbreon, M, shiny|100/100
|
|upkeep
|turn|5
|
|t:|1776121309
|switch|p1a: Moltres|Moltres|100/100
|move|p2a: Smile.exe|Stealth Rock|p1a: Moltres
|-sidestart|p1: mathismathin|move: Stealth Rock
|
|upkeep
|turn|6
|
|t:|1776121320
|switch|p2a: Hybrid|Hydreigon, M, shiny|57/100
|-damage|p2a: Hybrid|45/100|[from] Stealth Rock
|move|p1a: Moltres|Hurricane|p2a: Hybrid
|-damage|p2a: Hybrid|0 fnt
|faint|p2a: Hybrid
|
|upkeep
|
|t:|1776121327
|switch|p2a: Enten|Landorus-Therian, M, shiny|100/100
|-damage|p2a: Enten|88/100|[from] Stealth Rock
|-ability|p2a: Enten|Intimidate|boost
|-unboost|p1a: Moltres|atk|1
|turn|7
|
|t:|1776121334
|switch|p1a: Forretress|Forretress, F, shiny|68/100
|-damage|p1a: Forretress|56/100|[from] Stealth Rock
|move|p2a: Enten|Stone Edge|p1a: Forretress
|-damage|p1a: Forretress|34/100
|
|upkeep
|turn|8
|
|t:|1776121337
|switch|p2a: Sagittarius|Sinistcha, shiny|100/100
|switch|p1a: Krookodile|Krookodile, M, shiny|100/100
|-damage|p1a: Krookodile|94/100|[from] Stealth Rock
|
|upkeep
|turn|9
|
|t:|1776121343
|switch|p2a: Smile.exe|Tinkaton, F, shiny|88/100
|-damage|p2a: Smile.exe|82/100|[from] Stealth Rock
|-item|p2a: Smile.exe|Air Balloon
|move|p1a: Krookodile|Knock Off|p2a: Smile.exe
|-resisted|p2a: Smile.exe
|-damage|p2a: Smile.exe|46/100
|-enditem|p2a: Smile.exe|Air Balloon
|-enditem|p1a: Krookodile|Loaded Dice|[silent]|[from] ability: Pickpocket|[of] p1a: Krookodile
|-item|p2a: Smile.exe|Loaded Dice|[from] ability: Pickpocket|[of] p1a: Krookodile
|
|upkeep
|turn|10
|
|t:|1776121361
|move|p2a: Smile.exe|Gigaton Hammer|p1a: Krookodile
|-damage|p1a: Krookodile|18/100
|move|p1a: Krookodile|Earthquake|p2a: Smile.exe
|-supereffective|p2a: Smile.exe
|-damage|p2a: Smile.exe|0 fnt
|faint|p2a: Smile.exe
|-ability|p1a: Krookodile|Moxie|boost
|-boost|p1a: Krookodile|atk|1
|
|upkeep
|
|t:|1776121372
|switch|p2a: Enten|Landorus-Therian, M, shiny|88/100
|-damage|p2a: Enten|76/100|[from] Stealth Rock
|-ability|p2a: Enten|Intimidate|boost
|-unboost|p1a: Krookodile|atk|1
|turn|11
|
|t:|1776121384
|move|p2a: Enten|Stone Edge|p1a: Krookodile
|-resisted|p1a: Krookodile
|-damage|p1a: Krookodile|0 fnt
|faint|p1a: Krookodile
|
|upkeep
|
|t:|1776121386
|switch|p1a: Greninja|Greninja, M, shiny|100/100
|-damage|p1a: Greninja|88/100|[from] Stealth Rock
|turn|12
|
|t:|1776121391
|switch|p2a: Jack Sparrow|Samurott-Hisui, M, shiny|100/100
|move|p1a: Greninja|Ice Beam|p2a: Jack Sparrow
|-start|p1a: Greninja|typechange|Ice|[from] ability: Protean
|-resisted|p2a: Jack Sparrow
|-damage|p2a: Jack Sparrow|53/100
|
|upkeep
|turn|13
|
|t:|1776121396
|switch|p1a: Umbreon|Umbreon, M, shiny|100/100
|-damage|p1a: Umbreon|88/100|[from] Stealth Rock
|move|p2a: Jack Sparrow|Ceaseless Edge|p1a: Umbreon
|-resisted|p1a: Umbreon
|-damage|p1a: Umbreon|70/100
|-sidestart|p1: mathismathin|Spikes
|
|-heal|p1a: Umbreon|76/100|[from] item: Leftovers
|upkeep
|turn|14
|inactive|mathismathin has 120 seconds left.
|
|t:|1776121430
|move|p2a: Jack Sparrow|Knock Off|p1a: Umbreon
|-resisted|p1a: Umbreon
|-damage|p1a: Umbreon|59/100
|-enditem|p1a: Umbreon|Leftovers|[from] move: Knock Off|[of] p2a: Jack Sparrow
|move|p1a: Umbreon|Wish|p1a: Umbreon
|
|upkeep
|turn|15
|
|t:|1776121434
|move|p2a: Jack Sparrow|Ceaseless Edge|p1a: Umbreon
|-resisted|p1a: Umbreon
|-damage|p1a: Umbreon|39/100
|-sidestart|p1: mathismathin|Spikes
|move|p1a: Umbreon|Toxic|p2a: Jack Sparrow
|-status|p2a: Jack Sparrow|tox
|
|-heal|p1a: Umbreon|89/100|[from] move: Wish|[wisher] Umbreon
|-damage|p2a: Jack Sparrow|47/100 tox|[from] psn
|upkeep
|turn|16
|
|t:|1776121440
|switch|p2a: Sagittarius|Sinistcha, shiny|100/100
|move|p1a: Umbreon|Wish|p1a: Umbreon
|
|upkeep
|turn|17
|
|t:|1776121444
|-terastallize|p2a: Sagittarius|Poison
|move|p2a: Sagittarius|Calm Mind|p2a: Sagittarius
|-boost|p2a: Sagittarius|spa|1
|-boost|p2a: Sagittarius|spd|1
|move|p1a: Umbreon|Toxic|p2a: Sagittarius
|-immune|p2a: Sagittarius
|
|-heal|p1a: Umbreon|100/100|[from] move: Wish|[wisher] Umbreon
|upkeep
|turn|18
|
|t:|1776121449
|switch|p1a: Greninja|Greninja, M, shiny|88/100
|-damage|p1a: Greninja|76/100|[from] Stealth Rock
|-damage|p1a: Greninja|59/100|[from] Spikes
|move|p2a: Sagittarius|Calm Mind|p2a: Sagittarius
|-boost|p2a: Sagittarius|spa|1
|-boost|p2a: Sagittarius|spd|1
|
|upkeep
|turn|19
|
|t:|1776121456
|move|p1a: Greninja|Switcheroo|p2a: Sagittarius
|-start|p1a: Greninja|typechange|Dark|[from] ability: Protean
|-activate|p1a: Greninja|move: Trick|[of] p2a: Sagittarius
|-item|p2a: Sagittarius|Choice Specs|[from] move: Switcheroo
|-item|p1a: Greninja|Heavy-Duty Boots|[from] move: Switcheroo
|move|p2a: Sagittarius|Matcha Gotcha|p1a: Greninja
|-damage|p1a: Greninja|0 fnt
|faint|p1a: Greninja
|
|upkeep
|inactive|mathismathin has 120 seconds left.
|
|t:|1776121500
|switch|p1a: Moltres|Moltres|100/100
|turn|20
|
|t:|1776121503
|switch|p2a: Enten|Landorus-Therian, M, shiny|76/100
|-damage|p2a: Enten|64/100|[from] Stealth Rock
|-ability|p2a: Enten|Intimidate|boost
|-unboost|p1a: Moltres|atk|1
|move|p1a: Moltres|Hurricane|p2a: Enten|[miss]
|-miss|p1a: Moltres|p2a: Enten
|
|upkeep
|turn|21
|inactive|mathismathin has 120 seconds left.
|
|t:|1776121520
|switch|p2a: Phoenix|Moltres, shiny|100/100
|switch|p1a: Forretress|Forretress, F, shiny|34/100
|-damage|p1a: Forretress|22/100|[from] Stealth Rock
|-damage|p1a: Forretress|5/100|[from] Spikes
|
|upkeep
|turn|22
|
|t:|1776121522
|move|p2a: Phoenix|Flamethrower|p1a: Forretress
|-supereffective|p1a: Forretress
|-damage|p1a: Forretress|0 fnt
|faint|p1a: Forretress
|
|upkeep
|
|t:|1776121525
|switch|p1a: Blaziken|Blaziken, F|100/100
|-damage|p1a: Blaziken|88/100|[from] Stealth Rock
|-damage|p1a: Blaziken|72/100|[from] Spikes
|turn|23
|
|t:|1776121530
|move|p1a: Blaziken|Focus Energy|p1a: Blaziken
|-start|p1a: Blaziken|move: Focus Energy
|move|p2a: Phoenix|Scorching Sands|p1a: Blaziken
|-supereffective|p1a: Blaziken
|-damage|p1a: Blaziken|8/100
|
|-ability|p1a: Blaziken|Speed Boost|boost
|-boost|p1a: Blaziken|spe|1
|upkeep
|turn|24
|
|t:|1776121550
|move|p1a: Blaziken|Overheat|p2a: Phoenix
|-resisted|p2a: Phoenix
|-crit|p2a: Phoenix
|-damage|p2a: Phoenix|58/100
|-unboost|p1a: Blaziken|spa|2
|move|p2a: Phoenix|Flamethrower|p1a: Blaziken
|-resisted|p1a: Blaziken
|-damage|p1a: Blaziken|0 fnt
|faint|p1a: Blaziken
|
|upkeep
|
|t:|1776121552
|switch|p1a: Moltres|Moltres|100/100
|turn|25
|
|t:|1776121556
|move|p1a: Moltres|Hurricane|p2a: Phoenix|[miss]
|-miss|p1a: Moltres|p2a: Phoenix
|move|p2a: Phoenix|Roost|p2a: Phoenix
|-heal|p2a: Phoenix|100/100
|-singleturn|p2a: Phoenix|move: Roost
|
|upkeep
|turn|26
|
|t:|1776121563
|move|p1a: Moltres|Hurricane|p2a: Phoenix
|-damage|p2a: Phoenix|53/100
|move|p2a: Phoenix|U-turn|p1a: Moltres
|-resisted|p1a: Moltres
|-damage|p1a: Moltres|97/100
|
|t:|1776121566
|switch|p2a: Jack Sparrow|Samurott-Hisui, M, shiny|47/100 tox|[from] U-turn
|
|-damage|p2a: Jack Sparrow|40/100 tox|[from] psn
|upkeep
|turn|27
|
|t:|1776121571
|switch|p1a: Umbreon|Umbreon, M, shiny|100/100
|-damage|p1a: Umbreon|88/100|[from] Stealth Rock
|-damage|p1a: Umbreon|72/100|[from] Spikes
|move|p2a: Jack Sparrow|Knock Off|p1a: Umbreon
|-resisted|p1a: Umbreon
|-damage|p1a: Umbreon|59/100
|
|-damage|p2a: Jack Sparrow|28/100 tox|[from] psn
|upkeep
|turn|28
|
|t:|1776121576
|move|p2a: Jack Sparrow|Flip Turn|p1a: Umbreon
|-damage|p1a: Umbreon|36/100
|
|t:|1776121577
|switch|p2a: Sagittarius|Sinistcha, shiny, tera:Poison|100/100|[from] Flip Turn
|-damage|p2a: Sagittarius|88/100|[from] Stealth Rock
|move|p1a: Umbreon|Wish|p1a: Umbreon
|
|upkeep
|turn|29
|
|t:|1776121594
|move|p1a: Umbreon|Protect|p1a: Umbreon
|-singleturn|p1a: Umbreon|Protect
|move|p2a: Sagittarius|Shadow Ball|p1a: Umbreon
|-activate|p1a: Umbreon|move: Protect
|
|-heal|p1a: Umbreon|86/100|[from] move: Wish|[wisher] Umbreon
|upkeep
|turn|30
|
|t:|1776121596
|move|p2a: Sagittarius|Shadow Ball|p1a: Umbreon
|-resisted|p1a: Umbreon
|-damage|p1a: Umbreon|74/100
|move|p1a: Umbreon|Wish|p1a: Umbreon
|
|upkeep
|turn|31
|
|t:|1776121598
|move|p2a: Sagittarius|Shadow Ball|p1a: Umbreon
|-resisted|p1a: Umbreon
|-damage|p1a: Umbreon|61/100
|move|p1a: Umbreon|Foul Play|p2a: Sagittarius
|-damage|p2a: Sagittarius|77/100
|
|-heal|p1a: Umbreon|100/100|[from] move: Wish|[wisher] Umbreon
|upkeep
|turn|32
|
|t:|1776121600
|move|p2a: Sagittarius|Shadow Ball|p1a: Umbreon
|-resisted|p1a: Umbreon
|-damage|p1a: Umbreon|88/100
|move|p1a: Umbreon|Foul Play|p2a: Sagittarius
|-damage|p2a: Sagittarius|65/100
|
|upkeep
|turn|33
|
|t:|1776121601
|move|p2a: Sagittarius|Shadow Ball|p1a: Umbreon
|-resisted|p1a: Umbreon
|-damage|p1a: Umbreon|75/100
|move|p1a: Umbreon|Foul Play|p2a: Sagittarius
|-damage|p2a: Sagittarius|54/100
|
|upkeep
|turn|34
|
|t:|1776121602
|move|p2a: Sagittarius|Shadow Ball|p1a: Umbreon
|-resisted|p1a: Umbreon
|-damage|p1a: Umbreon|61/100
|move|p1a: Umbreon|Foul Play|p2a: Sagittarius
|-damage|p2a: Sagittarius|43/100
|
|upkeep
|turn|35
|
|t:|1776121603
|move|p2a: Sagittarius|Shadow Ball|p1a: Umbreon
|-resisted|p1a: Umbreon
|-damage|p1a: Umbreon|48/100
|move|p1a: Umbreon|Wish|p1a: Umbreon
|
|upkeep
|turn|36
|
|t:|1776121605
|move|p2a: Sagittarius|Shadow Ball|p1a: Umbreon
|-resisted|p1a: Umbreon
|-damage|p1a: Umbreon|36/100
|move|p1a: Umbreon|Foul Play|p2a: Sagittarius
|-damage|p2a: Sagittarius|31/100
|
|-heal|p1a: Umbreon|86/100|[from] move: Wish|[wisher] Umbreon
|upkeep
|turn|37
|
|t:|1776121611
|switch|p2a: Jack Sparrow|Samurott-Hisui, M, shiny|28/100 tox
|move|p1a: Umbreon|Toxic|p2a: Jack Sparrow
|-fail|p2a: Jack Sparrow|tox
|
|-damage|p2a: Jack Sparrow|22/100 tox|[from] psn
|upkeep
|turn|38
|
|t:|1776121616
|move|p1a: Umbreon|Protect|p1a: Umbreon
|-singleturn|p1a: Umbreon|Protect
|move|p2a: Jack Sparrow|Ceaseless Edge|p1a: Umbreon
|-activate|p1a: Umbreon|move: Protect
|
|-damage|p2a: Jack Sparrow|9/100 tox|[from] psn
|upkeep
|turn|39
|
|t:|1776121618
|move|p2a: Jack Sparrow|Ceaseless Edge|p1a: Umbreon|[miss]
|-miss|p2a: Jack Sparrow|p1a: Umbreon
|move|p1a: Umbreon|Wish|p1a: Umbreon
|
|-damage|p2a: Jack Sparrow|0 fnt|[from] psn
|faint|p2a: Jack Sparrow
|upkeep
|
|t:|1776121620
|switch|p2a: Sagittarius|Sinistcha, shiny, tera:Poison|31/100
|-damage|p2a: Sagittarius|19/100|[from] Stealth Rock
|turn|40
|
|t:|1776121630
|move|p2a: Sagittarius|Strength Sap|p1a: Umbreon
|-unboost|p1a: Umbreon|atk|1
|-heal|p2a: Sagittarius|54/100
|move|p1a: Umbreon|Foul Play|p2a: Sagittarius
|-damage|p2a: Sagittarius|43/100
|
|-heal|p1a: Umbreon|100/100|[from] move: Wish|[wisher] Umbreon
|upkeep
|turn|41
|
|t:|1776121636
|switch|p2a: Phoenix|Moltres, shiny|53/100
|move|p1a: Umbreon|Toxic|p2a: Phoenix
|-status|p2a: Phoenix|tox
|
|-damage|p2a: Phoenix|47/100 tox|[from] psn
|upkeep
|turn|42
|
|t:|1776121639
|move|p2a: Phoenix|Scorching Sands|p1a: Umbreon
|-damage|p1a: Umbreon|89/100
|move|p1a: Umbreon|Wish|p1a: Umbreon
|
|-damage|p2a: Phoenix|35/100 tox|[from] psn
|upkeep
|turn|43
|
|t:|1776121644
|switch|p1a: Moltres|Moltres|97/100
|move|p2a: Phoenix|Roost|p2a: Phoenix
|-heal|p2a: Phoenix|85/100 tox
|-singleturn|p2a: Phoenix|move: Roost
|
|-heal|p1a: Moltres|100/100|[from] move: Wish|[wisher] Umbreon
|-damage|p2a: Phoenix|67/100 tox|[from] psn
|upkeep
|turn|44
|
|t:|1776121648
|move|p1a: Moltres|Hurricane|p2a: Phoenix|[miss]
|-miss|p1a: Moltres|p2a: Phoenix
|move|p2a: Phoenix|Flamethrower|p1a: Moltres
|-resisted|p1a: Moltres
|-damage|p1a: Moltres|80/100
|
|-damage|p2a: Phoenix|43/100 tox|[from] psn
|upkeep
|turn|45
|
|t:|1776121653
|move|p1a: Moltres|Roost|p1a: Moltres
|-heal|p1a: Moltres|100/100
|-singleturn|p1a: Moltres|move: Roost
|move|p2a: Phoenix|Roost|p2a: Phoenix
|-heal|p2a: Phoenix|93/100 tox
|-singleturn|p2a: Phoenix|move: Roost
|
|-damage|p2a: Phoenix|63/100 tox|[from] psn
|upkeep
|turn|46
|
|t:|1776121657
|move|p1a: Moltres|Hurricane|p2a: Phoenix|[miss]
|-miss|p1a: Moltres|p2a: Phoenix
|move|p2a: Phoenix|U-turn|p1a: Moltres
|-resisted|p1a: Moltres
|-damage|p1a: Moltres|97/100
|
|t:|1776121659
|switch|p2a: Enten|Landorus-Therian, M, shiny|64/100|[from] U-turn
|-damage|p2a: Enten|52/100|[from] Stealth Rock
|-ability|p2a: Enten|Intimidate|boost
|-unboost|p1a: Moltres|atk|1
|
|upkeep
|turn|47
|
|t:|1776121667
|-terastallize|p1a: Moltres|Dragon
|move|p2a: Enten|Stone Edge|p1a: Moltres
|-crit|p1a: Moltres
|-damage|p1a: Moltres|41/100
|move|p1a: Moltres|Fire Blast|p2a: Enten
|-damage|p2a: Enten|0 fnt
|faint|p2a: Enten
|
|upkeep
|
|t:|1776121675
|switch|p2a: Sagittarius|Sinistcha, shiny, tera:Poison|43/100
|-damage|p2a: Sagittarius|30/100|[from] Stealth Rock
|turn|48
|j| yh4611
|
|t:|1776121678
|switch|p1a: Umbreon|Umbreon, M, shiny|89/100
|-damage|p1a: Umbreon|77/100|[from] Stealth Rock
|-damage|p1a: Umbreon|60/100|[from] Spikes
|move|p2a: Sagittarius|Shadow Ball|p1a: Umbreon
|-resisted|p1a: Umbreon
|-damage|p1a: Umbreon|48/100
|
|upkeep
|turn|49
|
|t:|1776121682
|switch|p2a: Phoenix|Moltres, shiny|63/100 tox
|move|p1a: Umbreon|Wish|p1a: Umbreon
|
|-damage|p2a: Phoenix|57/100 tox|[from] psn
|upkeep
|turn|50
|
|t:|1776121684
|move|p1a: Umbreon|Protect|p1a: Umbreon
|-singleturn|p1a: Umbreon|Protect
|move|p2a: Phoenix|Roost|p2a: Phoenix
|-heal|p2a: Phoenix|100/100 tox
|-singleturn|p2a: Phoenix|move: Roost
|
|-heal|p1a: Umbreon|98/100|[from] move: Wish|[wisher] Umbreon
|-damage|p2a: Phoenix|88/100 tox|[from] psn
|upkeep
|turn|51
|
|t:|1776121686
|move|p2a: Phoenix|Scorching Sands|p1a: Umbreon
|-damage|p1a: Umbreon|88/100
|move|p1a: Umbreon|Wish|p1a: Umbreon
|
|-damage|p2a: Phoenix|70/100 tox|[from] psn
|upkeep
|turn|52
|
|t:|1776121688
|switch|p1a: Moltres|Moltres, tera:Dragon|41/100
|move|p2a: Phoenix|Scorching Sands|p1a: Moltres
|-damage|p1a: Moltres|22/100
|
|-heal|p1a: Moltres|73/100|[from] move: Wish|[wisher] Umbreon
|-damage|p2a: Phoenix|46/100 tox|[from] psn
|upkeep
|turn|53
|
|t:|1776121690
|move|p1a: Moltres|Hurricane|p2a: Phoenix|[miss]
|-miss|p1a: Moltres|p2a: Phoenix
|move|p2a: Phoenix|Roost|p2a: Phoenix
|-heal|p2a: Phoenix|97/100 tox
|-singleturn|p2a: Phoenix|move: Roost
|
|-damage|p2a: Phoenix|67/100 tox|[from] psn
|upkeep
|turn|54
|
|t:|1776121692
|switch|p2a: Sagittarius|Sinistcha, shiny, tera:Poison|30/100
|-damage|p2a: Sagittarius|18/100|[from] Stealth Rock
|move|p1a: Moltres|Hurricane|p2a: Sagittarius|[miss]
|-miss|p1a: Moltres|p2a: Sagittarius
|
|upkeep
|turn|55
|
|t:|1776121694
|move|p1a: Moltres|Scorching Sands|p2a: Sagittarius
|-supereffective|p2a: Sagittarius
|-damage|p2a: Sagittarius|0 fnt
|faint|p2a: Sagittarius
|
|upkeep
|
|t:|1776121696
|switch|p2a: Phoenix|Moltres, shiny|67/100 tox
|turn|56
|-message|alex12381723898 forfeited.
|
|win|mathismathin
|raw|mathismathin's rating: 1698 &rarr; <strong>1719</strong><br />(+21 for winning)
|raw|alex12381723898's rating: 1720 &rarr; <strong>1699</strong><br />(-21 for losing)
|l|☆alex12381723898
|player|p2|
