|html|<div class="broadcast-blue"><strong>[Gen 9] OU is currently suspecting Tera Blast! For information on how to participate check out the <a href="https://www.smogon.com/tools/suspects/view/200">suspect thread</a>.</strong></div>
|j|☆jehlk
|j|☆MeAndTheBorthers
|t:|1776119224
|gametype|singles
|player|p1|jehlk|cynthia-gen4|1384
|player|p2|MeAndTheBorthers|iris-gen5bw2|1434
|gen|9
|tier|[Gen 9] OU
|rated|
|rule|HP Percentage Mod: HP is shown in percentages
|rule|Endless Battle Clause: Forcing endless battles is banned
|rule|Species Clause: Limit one of each Pokémon
|rule|OHKO Clause: OHKO moves are banned
|rule|Evasion Items Clause: Evasion items are banned
|rule|Evasion Moves Clause: Evasion moves are banned
|rule|Evasion Abilities Clause: Evasion abilities are banned
|rule|Sleep Moves Clause: Sleep-inducing moves are banned
|clearpoke
|poke|p1|Ting-Lu|
|poke|p1|Great Tusk|
|poke|p1|Moltres|
|poke|p1|Iron Valiant|
|poke|p1|Kyurem|
|poke|p1|Ogerpon-Wellspring, F|
|poke|p2|Dondozo, M|
|poke|p2|Slowking-Galar, F|
|poke|p2|Zapdos|
|poke|p2|Gholdengo|
|poke|p2|Iron Treads|
|poke|p2|Meowscarada, M|
|teampreview
|inactive|Battle timer is ON: inactive players will automatically lose when time's up. (requested by MeAndTheBorthers)
|inactive|jehlk has 120 seconds left.
|inactive|jehlk has 90 seconds left.
|
|t:|1776119316
|teamsize|p1|6
|teamsize|p2|6
|start
|switch|p1a: Moltres|Moltres, shiny|100/100
|switch|p2a: Brain blast|Slowking-Galar, F|100/100
|turn|1
|
|t:|1776119330
|move|p1a: Moltres|Flamethrower|p2a: Brain blast
|-damage|p2a: Brain blast|76/100
|move|p2a: Brain blast|Trick|p1a: Moltres
|-activate|p2a: Brain blast|move: Trick|[of] p1a: Moltres
|-item|p1a: Moltres|Black Sludge|[from] move: Trick
|-item|p2a: Brain blast|Heavy-Duty Boots|[from] move: Trick
|
|-damage|p1a: Moltres|88/100|[from] item: Black Sludge
|upkeep
|turn|2
|inactive|jehlk has 120 seconds left.
|inactive|jehlk has 90 seconds left.
|
|t:|1776119406
|move|p1a: Moltres|Will-O-Wisp|p2a: Brain blast
|-status|p2a: Brain blast|brn
|move|p2a: Brain blast|Sludge Bomb|p1a: Moltres
|-damage|p1a: Moltres|55/100
|-status|p1a: Moltres|psn
|
|-damage|p1a: Moltres|42/100 psn|[from] item: Black Sludge
|-damage|p1a: Moltres|30/100 psn|[from] psn
|-damage|p2a: Brain blast|70/100 brn|[from] brn
|upkeep
|turn|3
|
|t:|1776119421
|move|p1a: Moltres|Roost|p1a: Moltres
|-heal|p1a: Moltres|80/100 psn
|-singleturn|p1a: Moltres|move: Roost
|move|p2a: Brain blast|Psychic Noise|p1a: Moltres
|-damage|p1a: Moltres|47/100 psn
|-start|p1a: Moltres|move: Heal Block
|
|-damage|p1a: Moltres|35/100 psn|[from] item: Black Sludge
|-damage|p1a: Moltres|23/100 psn|[from] psn
|-damage|p2a: Brain blast|64/100 brn|[from] brn
|upkeep
|turn|4
|
|t:|1776119439
|move|p1a: Moltres|Flamethrower|p2a: Brain blast
|-damage|p2a: Brain blast|38/100 brn
|move|p2a: Brain blast|Sludge Bomb|p1a: Moltres
|-damage|p1a: Moltres|0 fnt
|faint|p1a: Moltres
|
|-damage|p2a: Brain blast|31/100 brn|[from] brn
|upkeep
|inactive|jehlk has 60 seconds left.
|inactive|jehlk has 30 seconds left.
|inactive|jehlk has 20 seconds left.
|inactive|jehlk has 15 seconds left.
|inactive|jehlk has 10 seconds left.
|inactive|jehlk has 5 seconds left.
|
|t:|1776119506
|switch|p1a: Great Tusk|Great Tusk|100/100
|-enditem|p1a: Great Tusk|Booster Energy
|-activate|p1a: Great Tusk|ability: Protosynthesis|[fromitem]
|-start|p1a: Great Tusk|protosynthesisatk
|turn|5
|inactive|jehlk has 15 seconds left this turn.
|
|t:|1776119511
|switch|p2a: The Fish|Dondozo, M|100/100
|move|p1a: Great Tusk|Headlong Rush|p2a: The Fish
|-damage|p2a: The Fish|68/100
|-unboost|p1a: Great Tusk|def|1
|-unboost|p1a: Great Tusk|spd|1
|
|-heal|p2a: The Fish|75/100|[from] item: Leftovers
|upkeep
|turn|6
|inactive|jehlk has 25 seconds left this turn.
|inactive|jehlk has 20 seconds left.
|
|t:|1776119521
|-end|p1a: Great Tusk|Protosynthesis|[silent]
|switch|p1a: Ogerpon|Ogerpon-Wellspring, F|100/100
|switch|p2a: Bin Chicken|Zapdos|100/100
|
|upkeep
|turn|7
|inactive|jehlk has 30 seconds left this turn.
|inactive|jehlk has 20 seconds left.
|inactive|jehlk has 15 seconds left.
|
|t:|1776119541
|switch|p1a: Kyurem|Kyurem, shiny|100/100
|-ability|p1a: Kyurem|Pressure
|move|p2a: Bin Chicken|U-turn|p1a: Kyurem
|-crit|p1a: Kyurem
|-damage|p1a: Kyurem|82/100
|inactive|MeAndTheBorthers has 120 seconds left.
|
|t:|1776119577
|switch|p2a: Dick Dale|Gholdengo|100/100|[from] U-turn
|
|upkeep
|turn|8
|inactive|jehlk has 30 seconds left this turn.
|inactive|jehlk has 20 seconds left.
|inactive|MeAndTheBorthers has 120 seconds left.
|
|t:|1776119588
|switch|p1a: Ting-Lu|Ting-Lu|100/100
|-ability|p1a: Ting-Lu|Vessel of Ruin
|move|p2a: Dick Dale|Dazzling Gleam|p1a: Ting-Lu
|-supereffective|p1a: Ting-Lu
|-damage|p1a: Ting-Lu|75/100
|
|-heal|p1a: Ting-Lu|81/100|[from] item: Leftovers
|upkeep
|turn|9
|inactive|jehlk has 30 seconds left this turn.
|
|t:|1776119597
|switch|p2a: Critty Cat|Meowscarada, M|100/100
|switch|p1a: Ogerpon|Ogerpon-Wellspring, F|100/100
|
|upkeep
|turn|10
|inactive|jehlk has 30 seconds left.
|inactive|jehlk has 20 seconds left.
|
|t:|1776119616
|move|p2a: Critty Cat|U-turn|p1a: Ogerpon
|-start|p2a: Critty Cat|typechange|Bug|[from] ability: Protean
|-supereffective|p1a: Ogerpon
|-damage|p1a: Ogerpon|14/100
|
|t:|1776119621
|switch|p2a: Bin Chicken|Zapdos|100/100|[from] U-turn
|move|p1a: Ogerpon|Knock Off|p2a: Bin Chicken
|-damage|p2a: Bin Chicken|73/100
|-enditem|p2a: Bin Chicken|Heavy-Duty Boots|[from] move: Knock Off|[of] p1a: Ogerpon
|
|upkeep
|turn|11
|inactive|jehlk has 30 seconds left.
|
|t:|1776119627
|switch|p1a: Ting-Lu|Ting-Lu|81/100
|-ability|p1a: Ting-Lu|Vessel of Ruin
|move|p2a: Bin Chicken|Roost|p2a: Bin Chicken
|-heal|p2a: Bin Chicken|100/100
|-singleturn|p2a: Bin Chicken|move: Roost
|
|-heal|p1a: Ting-Lu|87/100|[from] item: Leftovers
|upkeep
|turn|12
|
|t:|1776119632
|move|p2a: Bin Chicken|U-turn|p1a: Ting-Lu
|-supereffective|p1a: Ting-Lu
|-damage|p1a: Ting-Lu|73/100
|
|t:|1776119636
|switch|p2a: Critty Cat|Meowscarada, M|100/100|[from] U-turn
|move|p1a: Ting-Lu|Stealth Rock|p2a: Critty Cat
|-sidestart|p2: MeAndTheBorthers|move: Stealth Rock
|
|-heal|p1a: Ting-Lu|79/100|[from] item: Leftovers
|upkeep
|turn|13
|
|t:|1776119652
|switch|p1a: Ogerpon|Ogerpon-Wellspring, F|14/100
|move|p2a: Critty Cat|Triple Axel|p1a: Ogerpon
|-start|p2a: Critty Cat|typechange|Ice|[from] ability: Protean
|-damage|p1a: Ogerpon|0 fnt
|faint|p1a: Ogerpon
|-hitcount|p1: Ogerpon|1
|
|upkeep
|inactive|jehlk has 30 seconds left.
|inactive|jehlk has 20 seconds left.
|
|t:|1776119677
|switch|p1a: Iron Valiant|Iron Valiant|100/100
|-enditem|p1a: Iron Valiant|Booster Energy
|-activate|p1a: Iron Valiant|ability: Quark Drive|[fromitem]
|-start|p1a: Iron Valiant|quarkdrivespe
|turn|14
|inactive|jehlk has 30 seconds left this turn.
|
|t:|1776119683
|switch|p2a: Brain blast|Slowking-Galar, F|65/100 brn
|move|p1a: Iron Valiant|Swords Dance|p1a: Iron Valiant
|-boost|p1a: Iron Valiant|atk|2
|
|-damage|p2a: Brain blast|59/100 brn|[from] brn
|upkeep
|turn|15
|inactive|jehlk has 30 seconds left.
|inactive|jehlk has 20 seconds left.
|inactive|jehlk has 15 seconds left.
|inactive|jehlk has 10 seconds left.
|inactive|jehlk has 5 seconds left.
|
|t:|1776119720
|switch|p2a: The Fish|Dondozo, M|75/100
|-damage|p2a: The Fish|62/100|[from] Stealth Rock
|move|p1a: Iron Valiant|Knock Off|p2a: The Fish
|-damage|p2a: The Fish|49/100
|-enditem|p2a: The Fish|Leftovers|[from] move: Knock Off|[of] p1a: Iron Valiant
|
|upkeep
|turn|16
|inactive|jehlk has 15 seconds left this turn.
|inactive|jehlk has 10 seconds left.
|inactive|jehlk has 5 seconds left.
|
|t:|1776119737
|move|p1a: Iron Valiant|Close Combat|p2a: The Fish
|-damage|p2a: The Fish|22/100
|-unboost|p1a: Iron Valiant|def|1
|-unboost|p1a: Iron Valiant|spd|1
|move|p2a: The Fish|Rest|p2a: The Fish
|-status|p2a: The Fish|slp|[from] move: Rest
|-heal|p2a: The Fish|100/100 slp|[silent]
|
|upkeep
|turn|17
|inactive|jehlk has 15 seconds left this turn.
|inactive|jehlk has 10 seconds left.
|inactive|jehlk has 5 seconds left.
|
|t:|1776119750
|move|p1a: Iron Valiant|Close Combat|p2a: The Fish
|-damage|p2a: The Fish|74/100 slp
|-unboost|p1a: Iron Valiant|def|1
|-unboost|p1a: Iron Valiant|spd|1
|cant|p2a: The Fish|slp
|move|p2a: The Fish|Sleep Talk|p2a: The Fish
|move|p2a: The Fish|Waterfall|p1a: Iron Valiant|[from] move: Sleep Talk
|-crit|p1a: Iron Valiant
|-damage|p1a: Iron Valiant|52/100
|
|upkeep
|turn|18
|inactive|jehlk has 15 seconds left this turn.
|
|t:|1776119756
|move|p1a: Iron Valiant|Close Combat|p2a: The Fish
|-damage|p2a: The Fish|50/100 slp
|-unboost|p1a: Iron Valiant|def|1
|-unboost|p1a: Iron Valiant|spd|1
|cant|p2a: The Fish|slp
|move|p2a: The Fish|Sleep Talk|p2a: The Fish
|move|p2a: The Fish|Waterfall|p1a: Iron Valiant|[from] move: Sleep Talk
|-damage|p1a: Iron Valiant|20/100
|
|upkeep
|turn|19
|inactive|jehlk has 25 seconds left this turn.
|
|t:|1776119763
|move|p1a: Iron Valiant|Close Combat|p2a: The Fish
|-damage|p2a: The Fish|26/100 slp
|-unboost|p1a: Iron Valiant|def|1
|-unboost|p1a: Iron Valiant|spd|1
|-curestatus|p2a: The Fish|slp|[msg]
|move|p2a: The Fish|Waterfall|p1a: Iron Valiant
|-damage|p1a: Iron Valiant|0 fnt
|faint|p1a: Iron Valiant
|-end|p1a: Iron Valiant|Quark Drive|[silent]
|
|upkeep
|inactive|jehlk has 30 seconds left this turn.
|
|t:|1776119768
|switch|p1a: Great Tusk|Great Tusk|100/100
|turn|20
|
|t:|1776119777
|-terastallize|p2a: The Fish|Grass
|move|p1a: Great Tusk|Headlong Rush|p2a: The Fish
|-resisted|p2a: The Fish
|-damage|p2a: The Fish|14/100
|-unboost|p1a: Great Tusk|def|1
|-unboost|p1a: Great Tusk|spd|1
|move|p2a: The Fish|Rest|p2a: The Fish
|-status|p2a: The Fish|slp|[from] move: Rest
|-heal|p2a: The Fish|100/100 slp|[silent]
|
|upkeep
|turn|21
|inactive|jehlk has 30 seconds left.
|
|t:|1776119797
|-end|p1a: Great Tusk|Protosynthesis|[silent]
|switch|p1a: Kyurem|Kyurem, shiny|82/100
|-ability|p1a: Kyurem|Pressure
|switch|p2a: Brain blast|Slowking-Galar, F|92/100 brn
|
|-damage|p2a: Brain blast|86/100 brn|[from] brn
|upkeep
|turn|22
|
|t:|1776119802
|move|p1a: Kyurem|Dragon Dance|p1a: Kyurem
|-boost|p1a: Kyurem|atk|1
|-boost|p1a: Kyurem|spe|1
|move|p2a: Brain blast|Sludge Bomb|p1a: Kyurem
|-damage|p1a: Kyurem|50/100
|
|-damage|p2a: Brain blast|80/100 brn|[from] brn
|upkeep
|turn|23
|
|t:|1776119817
|move|p1a: Kyurem|Icicle Spear|p2a: Brain blast
|-damage|p2a: Brain blast|56/100 brn
|-damage|p2a: Brain blast|32/100 brn
|-damage|p2a: Brain blast|11/100 brn
|-damage|p2a: Brain blast|0 fnt
|faint|p2a: Brain blast
|-hitcount|p2: Brain blast|4
|
|upkeep
|
|t:|1776119827
|switch|p2a: Bin Chicken|Zapdos|100/100
|-damage|p2a: Bin Chicken|76/100|[from] Stealth Rock
|turn|24
|
|t:|1776119840
|move|p1a: Kyurem|Icicle Spear|p2a: Bin Chicken
|-supereffective|p2a: Bin Chicken
|-damage|p2a: Bin Chicken|46/100
|-supereffective|p2a: Bin Chicken
|-damage|p2a: Bin Chicken|16/100
|-supereffective|p2a: Bin Chicken
|-damage|p2a: Bin Chicken|0 fnt
|faint|p2a: Bin Chicken
|-hitcount|p2: Bin Chicken|3
|
|upkeep
|
|t:|1776119842
|switch|p2a: Dick Dale|Gholdengo|100/100
|-damage|p2a: Dick Dale|94/100|[from] Stealth Rock
|turn|25
|
|t:|1776119863
|-terastallize|p1a: Kyurem|Ground
|move|p2a: Dick Dale|Hex|p1a: Kyurem
|-damage|p1a: Kyurem|15/100
|move|p1a: Kyurem|Tera Blast|p2a: Dick Dale|[anim] Tera Blast Ground
|-supereffective|p2a: Dick Dale
|-damage|p2a: Dick Dale|0 fnt
|faint|p2a: Dick Dale
|
|upkeep
|
|t:|1776119869
|switch|p2a: The Beer Cooler|Iron Treads|100/100
|-damage|p2a: The Beer Cooler|97/100|[from] Stealth Rock
|-enditem|p2a: The Beer Cooler|Booster Energy
|-activate|p2a: The Beer Cooler|ability: Quark Drive|[fromitem]
|-start|p2a: The Beer Cooler|quarkdrivespe
|turn|26
|inactive|jehlk has 60 seconds left.
|
|t:|1776119902
|switch|p1a: Great Tusk|Great Tusk|100/100
|move|p2a: The Beer Cooler|Ice Spinner|p1a: Great Tusk
|-supereffective|p1a: Great Tusk
|-damage|p1a: Great Tusk|69/100
|
|upkeep
|turn|27
|
|t:|1776119920
|move|p2a: The Beer Cooler|Rapid Spin|p1a: Great Tusk
|-damage|p1a: Great Tusk|59/100
|-boost|p2a: The Beer Cooler|spe|1
|-sideend|p2: MeAndTheBorthers|Stealth Rock|[from] move: Rapid Spin|[of] p2a: The Beer Cooler
|move|p1a: Great Tusk|Close Combat|p2a: The Beer Cooler
|-supereffective|p2a: The Beer Cooler
|-damage|p2a: The Beer Cooler|0 fnt
|-unboost|p1a: Great Tusk|def|1
|-unboost|p1a: Great Tusk|spd|1
|faint|p2a: The Beer Cooler
|-end|p2a: The Beer Cooler|Quark Drive|[silent]
|
|upkeep
|
|t:|1776119928
|switch|p2a: Critty Cat|Meowscarada, M|100/100
|turn|28
|inactive|jehlk has 60 seconds left.
|
|t:|1776119941
|move|p2a: Critty Cat|Triple Axel|p1a: Great Tusk
|-start|p2a: Critty Cat|typechange|Ice|[from] ability: Protean
|-supereffective|p1a: Great Tusk
|-damage|p1a: Great Tusk|40/100
|-supereffective|p1a: Great Tusk
|-damage|p1a: Great Tusk|6/100
|-supereffective|p1a: Great Tusk
|-damage|p1a: Great Tusk|0 fnt
|faint|p1a: Great Tusk
|-end|p1a: Great Tusk|Protosynthesis|[silent]
|-hitcount|p1: Great Tusk|3
|
|upkeep
|
|t:|1776119945
|switch|p1a: Ting-Lu|Ting-Lu|79/100
|-ability|p1a: Ting-Lu|Vessel of Ruin
|turn|29
|
|t:|1776119954
|move|p2a: Critty Cat|Knock Off|p1a: Ting-Lu
|-resisted|p1a: Ting-Lu
|-damage|p1a: Ting-Lu|71/100
|-enditem|p1a: Ting-Lu|Leftovers|[from] move: Knock Off|[of] p2a: Critty Cat
|move|p1a: Ting-Lu|Whirlwind|p2a: Critty Cat
|drag|p2a: The Fish|Dondozo, M, tera:Grass|100/100 slp
|
|upkeep
|turn|30
|inactive|jehlk has 60 seconds left.
|
|t:|1776119990
|switch|p1a: Kyurem|Kyurem, shiny, tera:Ground|15/100
|-ability|p1a: Kyurem|Pressure
|cant|p2a: The Fish|slp
|move|p2a: The Fish|Sleep Talk|p2a: The Fish
|move|p2a: The Fish|Curse|p2a: The Fish|[from] move: Sleep Talk
|-unboost|p2a: The Fish|spe|1
|-boost|p2a: The Fish|atk|1
|-boost|p2a: The Fish|def|1
|
|upkeep
|turn|31
|
|t:|1776119998
|move|p1a: Kyurem|Dragon Dance|p1a: Kyurem
|-boost|p1a: Kyurem|atk|1
|-boost|p1a: Kyurem|spe|1
|cant|p2a: The Fish|slp
|move|p2a: The Fish|Sleep Talk|p2a: The Fish
|move|p2a: The Fish|Rest||[from] move: Sleep Talk|[still]
|-fail|p2a: The Fish
|
|upkeep
|turn|32
|
|t:|1776120013
|move|p1a: Kyurem|Icicle Spear|p2a: The Fish
|-supereffective|p2a: The Fish
|-damage|p2a: The Fish|92/100 slp
|-supereffective|p2a: The Fish
|-damage|p2a: The Fish|83/100 slp
|-supereffective|p2a: The Fish
|-damage|p2a: The Fish|74/100 slp
|-supereffective|p2a: The Fish
|-damage|p2a: The Fish|64/100 slp
|-hitcount|p2a: The Fish|4
|-curestatus|p2a: The Fish|slp|[msg]
|move|p2a: The Fish|Waterfall|p1a: Kyurem
|-supereffective|p1a: Kyurem
|-damage|p1a: Kyurem|0 fnt
|faint|p1a: Kyurem
|
|upkeep
|-message|jehlk forfeited.
|
|win|MeAndTheBorthers
|raw|jehlk's rating: 1400 &rarr; <strong>1382</strong><br />(-18 for losing)
|raw|MeAndTheBorthers's rating: 1434 &rarr; <strong>1452</strong><br />(+18 for winning)
