|html|<div class="broadcast-blue"><strong>[Gen 9] OU is currently suspecting Tera Blast! For information on how to participate check out the <a href="https://www.smogon.com/tools/suspects/view/200">suspect thread</a>.</strong></div>
|j|☆Dr.Aero
|j|☆Somerandomkid6
|t:|1776177433
|gametype|singles
|player|p1|Dr.Aero|camper|1121
|player|p2|Somerandomkid6|fisherman-gen4|1078
|gen|9
|tier|[Gen 9] OU
|rated|
|rule|HP Percentage Mod: HP is shown in percentages
|rule|Endless Battle Clause: Forcing endless battles is banned
|rule|Species Clause: Limit one of each Pokémon
|rule|OHKO Clause: OHKO moves are banned
|rule|Evasion Items Clause: Evasion items are banned
|rule|Evasion Moves Clause: Evasion moves are banned
|rule|Evasion Abilities Clause: Evasion abilities are banned
|rule|Sleep Moves Clause: Sleep-inducing moves are banned
|clearpoke
|poke|p1|Heatran, M|
|poke|p1|Corviknight, M|
|poke|p1|Kingambit, M|
|poke|p1|Gliscor, M|
|poke|p1|Iron Crown|
|poke|p1|Raging Bolt|
|poke|p2|Glimmora, M|
|poke|p2|Blissey, F|
|poke|p2|Rillaboom, M|
|poke|p2|Sableye, M|
|poke|p2|Grimmsnarl, M|
|poke|p2|Ambipom, F|
|teampreview
|inactive|Battle timer is ON: inactive players will automatically lose when time's up. (requested by Dr.Aero)
|
|t:|1776177438
|teamsize|p1|6
|teamsize|p2|6
|start
|switch|p1a: Gliscor|Gliscor, M|100/100
|switch|p2a: Glimmora|Glimmora, M|100/100
|turn|1
|
|t:|1776177443
|move|p1a: Gliscor|Protect|p1a: Gliscor
|-singleturn|p1a: Gliscor|Protect
|move|p2a: Glimmora|Stealth Rock|p1a: Gliscor
|-sidestart|p1: Dr.Aero|move: Stealth Rock
|
|-status|p1a: Gliscor|tox|[from] item: Toxic Orb
|upkeep
|turn|2
|
|t:|1776177454
|move|p2a: Glimmora|Power Gem|p1a: Gliscor
|-damage|p1a: Gliscor|56/100 tox
|move|p1a: Gliscor|U-turn|p2a: Glimmora
|-resisted|p2a: Glimmora
|-damage|p2a: Glimmora|90/100
|-activate|p2a: Glimmora|ability: Toxic Debris
|-sidestart|p1: Dr.Aero|move: Toxic Spikes
|
|t:|1776177461
|switch|p1a: Corviknight|Corviknight, M|100/100|[from] U-turn
|-damage|p1a: Corviknight|88/100|[from] Stealth Rock
|-ability|p1a: Corviknight|Pressure
|
|-heal|p1a: Corviknight|94/100|[from] item: Leftovers
|upkeep
|turn|3
|
|t:|1776177465
|move|p2a: Glimmora|Power Gem|p1a: Corviknight
|-damage|p1a: Corviknight|56/100
|move|p1a: Corviknight|Defog|p2a: Glimmora
|-unboost|p2a: Glimmora|evasion|1
|-sideend|p1: Dr.Aero|Toxic Spikes|[from] move: Defog|[of] p1a: Corviknight
|-sideend|p1: Dr.Aero|Stealth Rock|[from] move: Defog|[of] p1a: Corviknight
|
|-heal|p1a: Corviknight|62/100|[from] item: Leftovers
|upkeep
|turn|4
|
|t:|1776177472
|switch|p1a: Iron Crown|Iron Crown|100/100
|move|p2a: Glimmora|Power Gem|p1a: Iron Crown
|-resisted|p1a: Iron Crown
|-damage|p1a: Iron Crown|89/100
|
|upkeep
|turn|5
|
|t:|1776177476
|move|p2a: Glimmora|Earth Power|p1a: Iron Crown
|-supereffective|p1a: Iron Crown
|-damage|p1a: Iron Crown|50/100
|move|p1a: Iron Crown|Tachyon Cutter|p2a: Glimmora
|-supereffective|p2a: Glimmora
|-damage|p2a: Glimmora|8/100
|-supereffective|p2a: Glimmora
|-damage|p2a: Glimmora|0 fnt
|faint|p2a: Glimmora
|-hitcount|p2: Glimmora|2
|
|upkeep
|
|t:|1776177486
|switch|p2a: Sableye|Sableye, M|100/100
|turn|6
|
|t:|1776177493
|-end|p1a: Iron Crown|Quark Drive|[silent]
|switch|p1a: Kingambit|Kingambit, M|100/100
|move|p2a: Sableye|Encore|p1a: Kingambit
|-hint|Since gen 7, Dark is immune to Prankster moves.
|-immune|p1a: Kingambit
|
|upkeep
|turn|7
|
|t:|1776177499
|move|p2a: Sableye|Will-O-Wisp|p1a: Kingambit
|-hint|Since gen 7, Dark is immune to Prankster moves.
|-immune|p1a: Kingambit
|move|p1a: Kingambit|Kowtow Cleave|p2a: Sableye
|-damage|p2a: Sableye|33/100
|
|-heal|p2a: Sableye|40/100|[from] item: Leftovers
|upkeep
|turn|8
|
|t:|1776177506
|move|p2a: Sableye|Protect|p2a: Sableye
|-singleturn|p2a: Sableye|Protect
|move|p1a: Kingambit|Kowtow Cleave|p2a: Sableye
|-activate|p2a: Sableye|move: Protect
|
|-heal|p2a: Sableye|46/100|[from] item: Leftovers
|upkeep
|turn|9
|
|t:|1776177509
|move|p2a: Sableye|Recover|p2a: Sableye
|-heal|p2a: Sableye|96/100
|move|p1a: Kingambit|Kowtow Cleave|p2a: Sableye
|-damage|p2a: Sableye|28/100
|
|-heal|p2a: Sableye|34/100|[from] item: Leftovers
|upkeep
|turn|10
|
|t:|1776177517
|move|p2a: Sableye|Protect|p2a: Sableye
|-singleturn|p2a: Sableye|Protect
|move|p1a: Kingambit|Kowtow Cleave|p2a: Sableye
|-activate|p2a: Sableye|move: Protect
|
|-heal|p2a: Sableye|40/100|[from] item: Leftovers
|upkeep
|turn|11
|
|t:|1776177521
|move|p2a: Sableye|Recover|p2a: Sableye
|-heal|p2a: Sableye|90/100
|move|p1a: Kingambit|Iron Head|p2a: Sableye
|-damage|p2a: Sableye|31/100
|
|-heal|p2a: Sableye|37/100|[from] item: Leftovers
|upkeep
|turn|12
|
|t:|1776177525
|move|p2a: Sableye|Protect|p2a: Sableye
|-singleturn|p2a: Sableye|Protect
|move|p1a: Kingambit|Iron Head|p2a: Sableye
|-activate|p2a: Sableye|move: Protect
|
|-heal|p2a: Sableye|43/100|[from] item: Leftovers
|upkeep
|turn|13
|
|t:|1776177528
|move|p2a: Sableye|Recover|p2a: Sableye
|-heal|p2a: Sableye|93/100
|move|p1a: Kingambit|Iron Head|p2a: Sableye
|-damage|p2a: Sableye|32/100
|
|-heal|p2a: Sableye|38/100|[from] item: Leftovers
|upkeep
|turn|14
|
|t:|1776177530
|move|p2a: Sableye|Protect|p2a: Sableye
|-singleturn|p2a: Sableye|Protect
|move|p1a: Kingambit|Swords Dance|p1a: Kingambit
|-boost|p1a: Kingambit|atk|2
|
|-heal|p2a: Sableye|45/100|[from] item: Leftovers
|upkeep
|turn|15
|
|t:|1776177534
|move|p2a: Sableye|Recover|p2a: Sableye
|-heal|p2a: Sableye|95/100
|move|p1a: Kingambit|Swords Dance|p1a: Kingambit
|-boost|p1a: Kingambit|atk|2
|
|-heal|p2a: Sableye|100/100|[from] item: Leftovers
|upkeep
|turn|16
|
|t:|1776177537
|move|p2a: Sableye|Encore|p1a: Kingambit
|-hint|Since gen 7, Dark is immune to Prankster moves.
|-immune|p1a: Kingambit
|move|p1a: Kingambit|Swords Dance|p1a: Kingambit
|-boost|p1a: Kingambit|atk|2
|
|upkeep
|turn|17
|
|t:|1776177542
|move|p2a: Sableye|Protect|p2a: Sableye
|-singleturn|p2a: Sableye|Protect
|move|p1a: Kingambit|Iron Head|p2a: Sableye
|-activate|p2a: Sableye|move: Protect
|
|upkeep
|turn|18
|
|t:|1776177555
|move|p2a: Sableye|Protect||[still]
|-fail|p2a: Sableye
|move|p1a: Kingambit|Iron Head|p2a: Sableye
|-crit|p2a: Sableye
|-damage|p2a: Sableye|0 fnt
|faint|p2a: Sableye
|
|upkeep
|
|t:|1776177557
|switch|p2a: Rillaboom|Rillaboom, M|100/100
|-fieldstart|move: Grassy Terrain|[from] ability: Grassy Surge|[of] p2a: Rillaboom
|turn|19
|
|t:|1776177562
|move|p2a: Rillaboom|Fake Out|p1a: Kingambit
|-resisted|p1a: Kingambit
|-damage|p1a: Kingambit|96/100
|cant|p1a: Kingambit|flinch
|
|-heal|p1a: Kingambit|100/100|[from] Grassy Terrain
|upkeep
|turn|20
|
|t:|1776177565
|move|p2a: Rillaboom|Grassy Glide|p1a: Kingambit
|-resisted|p1a: Kingambit
|-crit|p1a: Kingambit
|-damage|p1a: Kingambit|80/100
|move|p1a: Kingambit|Sucker Punch||[still]
|-fail|p1a: Kingambit
|
|-heal|p1a: Kingambit|86/100|[from] Grassy Terrain
|-heal|p1a: Kingambit|92/100|[from] item: Leftovers
|upkeep
|turn|21
|
|t:|1776177570
|move|p2a: Rillaboom|Grassy Glide|p1a: Kingambit
|-resisted|p1a: Kingambit
|-damage|p1a: Kingambit|79/100
|move|p1a: Kingambit|Kowtow Cleave|p2a: Rillaboom
|-crit|p2a: Rillaboom
|-damage|p2a: Rillaboom|0 fnt
|faint|p2a: Rillaboom
|
|-heal|p1a: Kingambit|85/100|[from] Grassy Terrain
|-heal|p1a: Kingambit|91/100|[from] item: Leftovers
|upkeep
|
|t:|1776177576
|switch|p2a: Grimmsnarl|Grimmsnarl, M|100/100
|turn|22
|
|t:|1776177579
|move|p2a: Grimmsnarl|Reflect|p2a: Grimmsnarl
|-sidestart|p2: Somerandomkid6|Reflect
|move|p1a: Kingambit|Iron Head|p2a: Grimmsnarl
|-supereffective|p2a: Grimmsnarl
|-damage|p2a: Grimmsnarl|0 fnt
|faint|p2a: Grimmsnarl
|
|-heal|p1a: Kingambit|97/100|[from] Grassy Terrain
|-heal|p1a: Kingambit|100/100|[from] item: Leftovers
|upkeep
|
|t:|1776177583
|switch|p2a: Blissey|Blissey, F|100/100
|turn|23
|
|t:|1776177587
|move|p2a: Blissey|Protect|p2a: Blissey
|-singleturn|p2a: Blissey|Protect
|move|p1a: Kingambit|Kowtow Cleave|p2a: Blissey
|-activate|p2a: Blissey|move: Protect
|
|-fieldend|move: Grassy Terrain
|upkeep
|turn|24
|
|t:|1776177590
|move|p2a: Blissey|Thunder Wave|p1a: Kingambit
|-status|p1a: Kingambit|par
|cant|p1a: Kingambit|par
|
|upkeep
|turn|25
|
|t:|1776177594
|move|p2a: Blissey|Seismic Toss|p1a: Kingambit
|-damage|p1a: Kingambit|76/100 par
|cant|p1a: Kingambit|par
|
|-heal|p1a: Kingambit|82/100 par|[from] item: Leftovers
|upkeep
|turn|26
|
|t:|1776177597
|move|p2a: Blissey|Seismic Toss|p1a: Kingambit
|-damage|p1a: Kingambit|57/100 par
|move|p1a: Kingambit|Kowtow Cleave|p2a: Blissey
|-damage|p2a: Blissey|15/100
|-damage|p1a: Kingambit|41/100 par|[from] item: Rocky Helmet|[of] p2a: Blissey
|
|-heal|p1a: Kingambit|47/100 par|[from] item: Leftovers
|-sideend|p2: Somerandomkid6|Reflect
|upkeep
|turn|27
|
|t:|1776177601
|move|p1a: Kingambit|Sucker Punch||[still]
|-fail|p1a: Kingambit
|move|p2a: Blissey|Soft-Boiled|p2a: Blissey
|-heal|p2a: Blissey|65/100
|
|-heal|p1a: Kingambit|53/100 par|[from] item: Leftovers
|upkeep
|turn|28
|
|t:|1776177606
|move|p2a: Blissey|Protect|p2a: Blissey
|-singleturn|p2a: Blissey|Protect
|move|p1a: Kingambit|Kowtow Cleave|p2a: Blissey
|-activate|p2a: Blissey|move: Protect
|
|-heal|p1a: Kingambit|59/100 par|[from] item: Leftovers
|upkeep
|turn|29
|
|t:|1776177613
|move|p2a: Blissey|Soft-Boiled|p2a: Blissey
|-heal|p2a: Blissey|100/100
|cant|p1a: Kingambit|par
|
|-heal|p1a: Kingambit|65/100 par|[from] item: Leftovers
|upkeep
|turn|30
|
|t:|1776177616
|move|p2a: Blissey|Seismic Toss|p1a: Kingambit
|-damage|p1a: Kingambit|41/100 par
|move|p1a: Kingambit|Kowtow Cleave|p2a: Blissey
|-damage|p2a: Blissey|0 fnt
|-damage|p1a: Kingambit|24/100 par|[from] item: Rocky Helmet|[of] p2a: Blissey
|faint|p2a: Blissey
|
|-heal|p1a: Kingambit|30/100 par|[from] item: Leftovers
|upkeep
|
|t:|1776177618
|switch|p2a: Ambipom|Ambipom, F|100/100
|turn|31
|
|t:|1776177623
|move|p2a: Ambipom|Fake Out|p1a: Kingambit
|-resisted|p1a: Kingambit
|-damage|p1a: Kingambit|21/100 par
|cant|p1a: Kingambit|flinch
|
|-heal|p1a: Kingambit|27/100 par|[from] item: Leftovers
|upkeep
|turn|32
|
|t:|1776177628
|move|p1a: Kingambit|Sucker Punch|p2a: Ambipom
|-damage|p2a: Ambipom|0 fnt
|faint|p2a: Ambipom
|
|win|Dr.Aero
|raw|Dr.Aero's rating: 1121 &rarr; <strong>1143</strong><br />(+22 for winning)
|raw|Somerandomkid6's rating: 1078 &rarr; <strong>1059</strong><br />(-19 for losing)
