|html|<div class="broadcast-blue"><strong>[Gen 9] OU is currently suspecting Tera Blast! For information on how to participate check out the <a href="https://www.smogon.com/tools/suspects/view/200">suspect thread</a>.</strong></div>
|j|☆belacquaaa
|j|☆baller salsa
|t:|1776066806
|gametype|singles
|player|p1|belacquaaa|bruno|1289
|player|p2|baller salsa|veteran|1315
|gen|9
|tier|[Gen 9] OU
|rated|
|rule|HP Percentage Mod: HP is shown in percentages
|rule|Endless Battle Clause: Forcing endless battles is banned
|rule|Species Clause: Limit one of each Pokémon
|rule|OHKO Clause: OHKO moves are banned
|rule|Evasion Items Clause: Evasion items are banned
|rule|Evasion Moves Clause: Evasion moves are banned
|rule|Evasion Abilities Clause: Evasion abilities are banned
|rule|Sleep Moves Clause: Sleep-inducing moves are banned
|clearpoke
|poke|p1|Deoxys-Speed|
|poke|p1|Dragonite, M|
|poke|p1|Darkrai|
|poke|p1|Cresselia, F|
|poke|p1|Ceruledge, M|
|poke|p1|Hatterene, F|
|poke|p2|Glimmora, F|
|poke|p2|Ogerpon-Wellspring, F|
|poke|p2|Kingambit, F|
|poke|p2|Raging Bolt|
|poke|p2|Ceruledge, M|
|poke|p2|Iron Valiant|
|teampreview
|inactive|Battle timer is ON: inactive players will automatically lose when time's up. (requested by belacquaaa)
|
|t:|1776066815
|teamsize|p1|6
|teamsize|p2|6
|start
|switch|p1a: Deoxys|Deoxys-Speed|100/100
|switch|p2a: ayman|Ceruledge, M|100/100
|-ability|p1a: Deoxys|Pressure
|turn|1
|
|t:|1776066839
|switch|p1a: Cresselia|Cresselia, F|100/100
|move|p2a: ayman|Poltergeist|p1a: Cresselia
|-activate|p1a: Cresselia|move: Poltergeist|Rocky Helmet
|-supereffective|p1a: Cresselia
|-damage|p1a: Cresselia|35/100
|
|upkeep
|turn|2
|
|t:|1776066849
|switch|p1a: Darkrai|Darkrai|100/100
|move|p2a: ayman|Poltergeist|p1a: Darkrai
|-activate|p1a: Darkrai|move: Poltergeist|Life Orb
|-resisted|p1a: Darkrai
|-damage|p1a: Darkrai|63/100
|
|upkeep
|turn|3
|
|t:|1776066859
|move|p1a: Darkrai|Nasty Plot|p1a: Darkrai
|-boost|p1a: Darkrai|spa|2
|move|p2a: ayman|Bitter Blade|p1a: Darkrai
|-damage|p1a: Darkrai|0 fnt
|faint|p1a: Darkrai
|
|upkeep
|
|t:|1776066868
|switch|p1a: Ceruledge|Ceruledge, M|100/100
|turn|4
|c|☆baller salsa|glhf (forgot to do it at the start)
|
|t:|1776066882
|move|p1a: Ceruledge|Shadow Sneak|p2a: ayman
|-supereffective|p2a: ayman
|-damage|p2a: ayman|46/100
|-ability|p2a: ayman|Weak Armor|boost
|-unboost|p2a: ayman|def|1
|-boost|p2a: ayman|spe|2
|move|p2a: ayman|Poltergeist|p1a: Ceruledge
|-activate|p1a: Ceruledge|move: Poltergeist|Focus Sash
|-supereffective|p1a: Ceruledge
|-enditem|p1a: Ceruledge|Focus Sash
|-damage|p1a: Ceruledge|1/100
|-ability|p1a: Ceruledge|Weak Armor|boost
|-unboost|p1a: Ceruledge|def|1
|-boost|p1a: Ceruledge|spe|2
|
|upkeep
|turn|5
|inactive|baller salsa has 120 seconds left.
|
|t:|1776066923
|move|p1a: Ceruledge|Shadow Sneak|p2a: ayman
|-supereffective|p2a: ayman
|-damage|p2a: ayman|0 fnt
|faint|p2a: ayman
|
|upkeep
|
|t:|1776066928
|switch|p2a: starting|Glimmora, F|100/100
|turn|6
|
|t:|1776066934
|switch|p1a: Deoxys|Deoxys-Speed|100/100
|-ability|p1a: Deoxys|Pressure
|move|p2a: starting|Mortal Spin|p1a: Deoxys
|-damage|p1a: Deoxys|93/100
|-status|p1a: Deoxys|psn
|-enditem|p1a: Deoxys|Red Card|[of] p2a: starting
|drag|p2a: Schrödinger|Iron Valiant|100/100
|
|-damage|p1a: Deoxys|80/100 psn|[from] psn
|upkeep
|turn|7
|
|t:|1776066948
|move|p1a: Deoxys|Psycho Boost|p2a: Schrödinger
|-supereffective|p2a: Schrödinger
|-damage|p2a: Schrödinger|0 fnt
|-unboost|p1a: Deoxys|spa|2
|faint|p2a: Schrödinger
|-end|p2a: Schrödinger|Quark Drive|[silent]
|
|-damage|p1a: Deoxys|68/100 psn|[from] psn
|upkeep
|inactive|baller salsa has 120 seconds left.
|
|t:|1776066966
|switch|p2a: starting|Glimmora, F|100/100
|turn|8
|
|t:|1776066971
|move|p1a: Deoxys|Skill Swap|p2a: starting
|-activate|p1a: Deoxys|Skill Swap|Toxic Debris|Pressure|[of] p2a: starting
|-ability|p2a: starting|Pressure
|move|p2a: starting|Stealth Rock|p1a: Deoxys
|-sidestart|p1: belacquaaa|move: Stealth Rock
|
|-damage|p1a: Deoxys|56/100 psn|[from] psn
|upkeep
|turn|9
|
|t:|1776066982
|move|p1a: Deoxys|Spikes|p2a: starting
|-sidestart|p2: baller salsa|Spikes
|move|p2a: starting|Earth Power|p1a: Deoxys
|-damage|p1a: Deoxys|26/100 psn
|
|-damage|p1a: Deoxys|14/100 psn|[from] psn
|upkeep
|turn|10
|
|t:|1776066990
|move|p1a: Deoxys|Psycho Boost|p2a: starting
|-supereffective|p2a: starting
|-damage|p2a: starting|53/100
|-unboost|p1a: Deoxys|spa|2
|move|p2a: starting|Mortal Spin|p1a: Deoxys
|-damage|p1a: Deoxys|7/100 psn
|-activate|p1a: Deoxys|ability: Toxic Debris
|-sidestart|p2: baller salsa|move: Toxic Spikes
|-sideend|p2: baller salsa|Spikes|[from] move: Mortal Spin|[of] p2a: starting
|-sideend|p2: baller salsa|Toxic Spikes|[from] move: Mortal Spin|[of] p2a: starting
|
|-damage|p1a: Deoxys|0 fnt|[from] psn
|faint|p1a: Deoxys
|upkeep
|
|t:|1776067006
|switch|p1a: Cresselia|Cresselia, F|35/100
|-damage|p1a: Cresselia|23/100|[from] Stealth Rock
|turn|11
|
|t:|1776067016
|move|p2a: starting|Mortal Spin|p1a: Cresselia
|-damage|p1a: Cresselia|20/100
|-status|p1a: Cresselia|psn
|-damage|p2a: starting|36/100|[from] item: Rocky Helmet|[of] p1a: Cresselia
|move|p1a: Cresselia|Lunar Dance|p1a: Cresselia
|faint|p1a: Cresselia
|
|upkeep
|
|t:|1776067023
|switch|p1a: Ceruledge|Ceruledge, M|1/100
|-heal|p1a: Ceruledge|100/100|[from] move: Lunar Dance
|-damage|p1a: Ceruledge|76/100|[from] Stealth Rock
|turn|12
|
|t:|1776067036
|move|p2a: starting|Mortal Spin|p1a: Ceruledge
|-resisted|p1a: Ceruledge
|-damage|p1a: Ceruledge|72/100
|-status|p1a: Ceruledge|psn
|-ability|p1a: Ceruledge|Weak Armor|boost
|-unboost|p1a: Ceruledge|def|1
|-boost|p1a: Ceruledge|spe|2
|move|p1a: Ceruledge|Poltergeist|p2a: starting
|-activate|p2a: starting|move: Poltergeist|Focus Sash
|-damage|p2a: starting|0 fnt
|faint|p2a: starting
|
|-damage|p1a: Ceruledge|59/100 psn|[from] psn
|upkeep
|
|t:|1776067048
|switch|p2a: gambit|Kingambit, F|100/100
|-activate|p2a: gambit|ability: Supreme Overlord
|-start|p2a: gambit|fallen3|[silent]
|turn|13
|
|t:|1776067052
|move|p1a: Ceruledge|Swords Dance|p1a: Ceruledge
|-boost|p1a: Ceruledge|atk|2
|move|p2a: gambit|Kowtow Cleave|p1a: Ceruledge
|-supereffective|p1a: Ceruledge
|-crit|p1a: Ceruledge
|-damage|p1a: Ceruledge|0 fnt
|faint|p1a: Ceruledge
|
|upkeep
|
|t:|1776067065
|switch|p1a: Hatterene|Hatterene, F|100/100
|-damage|p1a: Hatterene|88/100|[from] Stealth Rock
|turn|14
|
|t:|1776067072
|-terastallize|p2a: gambit|Ground
|-terastallize|p1a: Hatterene|Water
|move|p2a: gambit|Iron Head|p1a: Hatterene
|-resisted|p1a: Hatterene
|-damage|p1a: Hatterene|62/100
|move|p1a: Hatterene|Calm Mind|p1a: Hatterene
|-boost|p1a: Hatterene|spa|1
|-boost|p1a: Hatterene|spd|1
|
|-heal|p1a: Hatterene|68/100|[from] item: Leftovers
|upkeep
|turn|15
|
|t:|1776067085
|move|p2a: gambit|Swords Dance|p2a: gambit
|-boost|p2a: gambit|atk|2
|move|p1a: Hatterene|Draining Kiss|p2a: gambit
|-damage|p2a: gambit|66/100
|-heal|p1a: Hatterene|99/100|[from] drain|[of] p2a: gambit
|
|-heal|p2a: gambit|72/100|[from] item: Leftovers
|-heal|p1a: Hatterene|100/100|[from] item: Leftovers
|upkeep
|turn|16
|
|t:|1776067093
|move|p2a: gambit|Kowtow Cleave|p1a: Hatterene
|-damage|p1a: Hatterene|0 fnt
|faint|p1a: Hatterene
|
|-heal|p2a: gambit|78/100|[from] item: Leftovers
|upkeep
|
|t:|1776067099
|switch|p1a: Dragonite|Dragonite, M|100/100
|-damage|p1a: Dragonite|76/100|[from] Stealth Rock
|turn|17
|
|t:|1776067102
|move|p1a: Dragonite|Roost|p1a: Dragonite
|-heal|p1a: Dragonite|100/100
|-singleturn|p1a: Dragonite|move: Roost
|move|p2a: gambit|Kowtow Cleave|p1a: Dragonite
|-damage|p1a: Dragonite|35/100
|
|-heal|p2a: gambit|84/100|[from] item: Leftovers
|upkeep
|turn|18
|
|t:|1776067111
|move|p1a: Dragonite|Extreme Speed|p2a: gambit
|-damage|p2a: gambit|55/100
|move|p2a: gambit|Kowtow Cleave|p1a: Dragonite
|-crit|p1a: Dragonite
|-damage|p1a: Dragonite|0 fnt
|faint|p1a: Dragonite
|
|win|baller salsa
|raw|belacquaaa's rating: 1289 &rarr; <strong>1266</strong><br />(-23 for losing)
|raw|baller salsa's rating: 1315 &rarr; <strong>1334</strong><br />(+19 for winning)
|c|☆baller salsa|ggs
|c|☆belacquaaa|gg
|l|☆belacquaaa
|player|p1|
|l|☆baller salsa
|player|p2|
|j|☆baller salsa
|player|p2|baller salsa|veteran|
