|html|<div class="broadcast-blue"><strong>[Gen 9] OU is currently suspecting Volcarona! For information on how to participate check out the <a href="https://www.smogon.com/tools/suspects/view/208">suspect thread</a>.</strong></div>
|j|☆sus req
|j|☆Asbad
|t:|1778501239
|gametype|singles
|player|p1|sus req|hilbert|1437
|player|p2|Asbad|hiker-gen4|1488
|gen|9
|tier|[Gen 9] OU
|rated|
|rule|HP Percentage Mod: HP is shown in percentages
|rule|Endless Battle Clause: Forcing endless battles is banned
|rule|Species Clause: Limit one of each Pokémon
|rule|OHKO Clause: OHKO moves are banned
|rule|Evasion Items Clause: Evasion items are banned
|rule|Evasion Moves Clause: Evasion moves are banned
|rule|Evasion Abilities Clause: Evasion abilities are banned
|rule|Sleep Moves Clause: Sleep-inducing moves are banned
|clearpoke
|poke|p1|Ogerpon, F|
|poke|p1|Hydreigon, F|
|poke|p1|Clodsire, F|
|poke|p1|Weezing-Galar, M|
|poke|p1|Skarmory, F|
|poke|p1|Alomomola, F|
|poke|p2|Ninetales, F|
|poke|p2|Walking Wake|
|poke|p2|Raging Bolt|
|poke|p2|Dragapult, M|
|poke|p2|Tornadus-Therian, M|
|poke|p2|Landorus-Therian, M|
|teampreview
|inactive|Battle timer is ON: inactive players will automatically lose when time's up. (requested by Asbad)
|
|t:|1778501265
|teamsize|p1|6
|teamsize|p2|6
|start
|switch|p1a: Hydreigon|Hydreigon, F|100/100
|switch|p2a: Landorus|Landorus-Therian, M|100/100
|-ability|p2a: Landorus|Intimidate|boost
|-unboost|p1a: Hydreigon|atk|1
|turn|1
|
|t:|1778501278
|move|p1a: Hydreigon|Draco Meteor|p2a: Landorus
|-damage|p2a: Landorus|0 fnt
|-unboost|p1a: Hydreigon|spa|2
|faint|p2a: Landorus
|
|upkeep
|
|t:|1778501298
|switch|p2a: Dragapult|Dragapult, M|100/100
|turn|2
|
|t:|1778501303
|switch|p2a: Ninetales|Ninetales, F|100/100
|-weather|SunnyDay|[from] ability: Drought|[of] p2a: Ninetales
|switch|p1a: Alomomola|Alomomola, F|100/100
|
|-weather|SunnyDay|[upkeep]
|upkeep
|turn|3
|
|t:|1778501312
|switch|p2a: Walking Wake|Walking Wake|100/100
|-activate|p2a: Walking Wake|ability: Protosynthesis
|-start|p2a: Walking Wake|protosynthesisspe
|move|p1a: Alomomola|Flip Turn|p2a: Walking Wake
|-resisted|p2a: Walking Wake
|-damage|p2a: Walking Wake|99/100
|
|t:|1778501329
|switch|p1a: Weezing|Weezing-Galar, M|100/100|[from] Flip Turn
|-ability|p1a: Weezing|Neutralizing Gas
|
|-weather|SunnyDay|[upkeep]
|upkeep
|turn|4
|
|t:|1778501337
|-end|p1a: Weezing|ability: Neutralizing Gas
|switch|p1a: Alomomola|Alomomola, F|100/100
|move|p2a: Walking Wake|Hydro Steam|p1a: Alomomola
|-resisted|p1a: Alomomola
|-damage|p1a: Alomomola|78/100
|
|-weather|SunnyDay|[upkeep]
|upkeep
|turn|5
|
|t:|1778501349
|move|p2a: Walking Wake|Hydro Steam|p1a: Alomomola
|-resisted|p1a: Alomomola
|-damage|p1a: Alomomola|57/100
|move|p1a: Alomomola|Play Rough|p2a: Walking Wake
|-supereffective|p2a: Walking Wake
|-damage|p2a: Walking Wake|65/100
|
|-weather|SunnyDay|[upkeep]
|upkeep
|turn|6
|
|t:|1778501358
|-end|p2a: Walking Wake|Protosynthesis|[silent]
|switch|p2a: Tornadus|Tornadus-Therian, M|100/100
|move|p1a: Alomomola|Flip Turn|p2a: Tornadus
|-damage|p2a: Tornadus|92/100
|
|t:|1778501363
|switch|p1a: Clodsire|Clodsire, F|100/100|[from] Flip Turn
|
|-weather|none
|upkeep
|turn|7
|
|t:|1778501368
|move|p2a: Tornadus|Knock Off|p1a: Clodsire
|-damage|p1a: Clodsire|78/100
|-enditem|p1a: Clodsire|Covert Cloak|[from] move: Knock Off|[of] p2a: Tornadus
|move|p1a: Clodsire|Stealth Rock|p2a: Tornadus
|-sidestart|p2: Asbad|move: Stealth Rock
|
|upkeep
|turn|8
|
|t:|1778501377
|move|p2a: Tornadus|Knock Off|p1a: Clodsire
|-damage|p1a: Clodsire|64/100
|move|p1a: Clodsire|Toxic|p2a: Tornadus
|-status|p2a: Tornadus|tox
|
|-damage|p2a: Tornadus|85/100 tox|[from] psn
|upkeep
|turn|9
|
|t:|1778501381
|switch|p2a: Ninetales|Ninetales, F|100/100
|-damage|p2a: Ninetales|76/100|[from] Stealth Rock
|-weather|SunnyDay|[from] ability: Drought|[of] p2a: Ninetales
|move|p1a: Clodsire|Recover|p1a: Clodsire
|-heal|p1a: Clodsire|100/100
|
|-weather|SunnyDay|[upkeep]
|upkeep
|turn|10
|
|t:|1778501392
|switch|p2a: Tornadus|Tornadus-Therian, M|100/100 tox
|-damage|p2a: Tornadus|75/100 tox|[from] Stealth Rock
|move|p1a: Clodsire|Earthquake|p2a: Tornadus
|-immune|p2a: Tornadus
|
|-weather|SunnyDay|[upkeep]
|-damage|p2a: Tornadus|69/100 tox|[from] psn
|upkeep
|turn|11
|
|t:|1778501398
|move|p2a: Tornadus|U-turn|p1a: Clodsire
|-resisted|p1a: Clodsire
|-damage|p1a: Clodsire|92/100
|
|t:|1778501403
|switch|p2a: Walking Wake|Walking Wake|65/100|[from] U-turn
|-damage|p2a: Walking Wake|53/100|[from] Stealth Rock
|-activate|p2a: Walking Wake|ability: Protosynthesis
|-start|p2a: Walking Wake|protosynthesisspe
|move|p1a: Clodsire|Toxic|p2a: Walking Wake
|-status|p2a: Walking Wake|tox
|
|-weather|SunnyDay|[upkeep]
|-damage|p2a: Walking Wake|47/100 tox|[from] psn
|upkeep
|turn|12
|
|t:|1778501409
|switch|p1a: Alomomola|Alomomola, F|90/100
|move|p2a: Walking Wake|Draco Meteor|p1a: Alomomola
|-damage|p1a: Alomomola|45/100
|-unboost|p2a: Walking Wake|spa|2
|
|-weather|SunnyDay|[upkeep]
|-damage|p2a: Walking Wake|35/100 tox|[from] psn
|upkeep
|turn|13
|
|t:|1778501416
|move|p2a: Walking Wake|Draco Meteor|p1a: Alomomola|[miss]
|-miss|p2a: Walking Wake|p1a: Alomomola
|move|p1a: Alomomola|Flip Turn|p2a: Walking Wake
|-resisted|p2a: Walking Wake
|-damage|p2a: Walking Wake|33/100 tox
|
|t:|1778501419
|switch|p1a: Weezing|Weezing-Galar, M|100/100|[from] Flip Turn
|-ability|p1a: Weezing|Neutralizing Gas
|
|-weather|none
|-damage|p2a: Walking Wake|14/100 tox|[from] psn
|upkeep
|turn|14
|
|t:|1778501429
|-end|p2a: Walking Wake|Protosynthesis|[silent]
|switch|p2a: Ninetales|Ninetales, F|76/100
|-damage|p2a: Ninetales|51/100|[from] Stealth Rock
|move|p1a: Weezing|Sludge Bomb|p2a: Ninetales
|-damage|p2a: Ninetales|24/100
|-status|p2a: Ninetales|psn
|
|-damage|p2a: Ninetales|12/100 psn|[from] psn
|upkeep
|turn|15
|
|t:|1778501438
|move|p2a: Ninetales|Healing Wish|p2a: Ninetales
|faint|p2a: Ninetales
|move|p1a: Weezing|Sludge Bomb|p2: Ninetales|[notarget]
|-fail|p1a: Weezing
|
|upkeep
|
|t:|1778501452
|switch|p2a: Dragapult|Dragapult, M|100/100
|-damage|p2a: Dragapult|88/100|[from] Stealth Rock
|turn|16
|
|t:|1778501459
|-end|p1a: Weezing|ability: Neutralizing Gas
|switch|p1a: Alomomola|Alomomola, F|78/100
|move|p2a: Dragapult|Shadow Ball|p1a: Alomomola
|-damage|p1a: Alomomola|53/100
|
|upkeep
|turn|17
|
|t:|1778501467
|move|p2a: Dragapult|Shadow Ball|p1a: Alomomola
|-damage|p1a: Alomomola|29/100
|move|p1a: Alomomola|Flip Turn|p2a: Dragapult
|-resisted|p2a: Dragapult
|-damage|p2a: Dragapult|78/100
|
|t:|1778501469
|switch|p1a: Hydreigon|Hydreigon, F|100/100|[from] Flip Turn
|
|upkeep
|turn|18
|
|t:|1778501474
|switch|p2a: Walking Wake|Walking Wake|14/100 tox
|-heal|p2a: Walking Wake|100/100|[from] move: Healing Wish
|-damage|p2a: Walking Wake|88/100|[from] Stealth Rock
|move|p1a: Hydreigon|Dark Pulse|p2a: Walking Wake
|-damage|p2a: Walking Wake|20/100
|
|upkeep
|turn|19
|
|t:|1778501482
|switch|p1a: Alomomola|Alomomola, F|63/100
|move|p2a: Walking Wake|Flip Turn|p1a: Alomomola
|-resisted|p1a: Alomomola
|-damage|p1a: Alomomola|56/100
|
|t:|1778501488
|-end|p2a: Walking Wake|Protosynthesis|[silent]
|switch|p2a: Raging Bolt|Raging Bolt|100/100|[from] Flip Turn
|-damage|p2a: Raging Bolt|88/100|[from] Stealth Rock
|
|upkeep
|turn|20
|
|t:|1778501491
|switch|p1a: Clodsire|Clodsire, F|92/100
|move|p2a: Raging Bolt|Dragon Pulse|p1a: Clodsire
|-damage|p1a: Clodsire|54/100
|
|upkeep
|turn|21
|
|t:|1778501498
|move|p2a: Raging Bolt|Dragon Pulse|p1a: Clodsire
|-damage|p1a: Clodsire|12/100
|move|p1a: Clodsire|Recover|p1a: Clodsire
|-heal|p1a: Clodsire|62/100
|
|upkeep
|turn|22
|
|t:|1778501502
|switch|p1a: Weezing|Weezing-Galar, M|100/100
|-ability|p1a: Weezing|Neutralizing Gas
|move|p2a: Raging Bolt|Dragon Pulse|p1a: Weezing
|-immune|p1a: Weezing
|
|upkeep
|turn|23
|-message|Asbad forfeited.
|
|win|sus req
|raw|sus req's rating: 1437 &rarr; <strong>1460</strong><br />(+23 for winning)
|raw|Asbad's rating: 1488 &rarr; <strong>1465</strong><br />(-23 for losing)
|l|☆Asbad
|player|p2|
|l|☆sus req
|player|p1|
