|html|<div class="broadcast-blue"><strong>[Gen 9] OU is currently suspecting Tera Blast! For information on how to participate check out the <a href="https://www.smogon.com/tools/suspects/view/200">suspect thread</a>.</strong></div>
|j|☆Supera182
|j|☆AKGD
|t:|1776116237
|gametype|singles
|player|p1|Supera182|palmer|1393
|player|p2|AKGD|hilbert|1499
|gen|9
|tier|[Gen 9] OU
|rated|
|rule|HP Percentage Mod: HP is shown in percentages
|rule|Endless Battle Clause: Forcing endless battles is banned
|rule|Species Clause: Limit one of each Pokémon
|rule|OHKO Clause: OHKO moves are banned
|rule|Evasion Items Clause: Evasion items are banned
|rule|Evasion Moves Clause: Evasion moves are banned
|rule|Evasion Abilities Clause: Evasion abilities are banned
|rule|Sleep Moves Clause: Sleep-inducing moves are banned
|clearpoke
|poke|p1|Ninetales, F|
|poke|p1|Great Tusk|
|poke|p1|Ceruledge, F|
|poke|p1|Walking Wake|
|poke|p1|Raging Bolt|
|poke|p1|Slither Wing|
|poke|p2|Dragapult, M|
|poke|p2|Raging Bolt|
|poke|p2|Iron Moth|
|poke|p2|Great Tusk|
|poke|p2|Ogerpon-Wellspring, F|
|poke|p2|Iron Crown|
|teampreview
|inactive|Battle timer is ON: inactive players will automatically lose when time's up. (requested by AKGD)
|j| ohko_smeargle
|
|t:|1776116251
|teamsize|p1|6
|teamsize|p2|6
|start
|switch|p1a: Ceruledge|Ceruledge, F, shiny|100/100
|switch|p2a: Ogerpon|Ogerpon-Wellspring, F|100/100
|turn|1
|
|t:|1776116259
|move|p2a: Ogerpon|Ivy Cudgel|p1a: Ceruledge|[anim] Ivy Cudgel Water
|-supereffective|p1a: Ceruledge
|-enditem|p1a: Ceruledge|Focus Sash
|-damage|p1a: Ceruledge|1/100
|-ability|p1a: Ceruledge|Weak Armor|boost
|-unboost|p1a: Ceruledge|def|1
|-boost|p1a: Ceruledge|spe|2
|move|p1a: Ceruledge|Swords Dance|p1a: Ceruledge
|-boost|p1a: Ceruledge|atk|2
|
|upkeep
|turn|2
|
|t:|1776116272
|move|p1a: Ceruledge|Bitter Blade|p2a: Ogerpon
|-damage|p2a: Ogerpon|0 fnt
|-heal|p1a: Ceruledge|53/100|[from] drain|[of] p2a: Ogerpon
|faint|p2a: Ogerpon
|
|upkeep
|
|t:|1776116284
|switch|p2a: Great Tusk|Great Tusk|100/100
|-enditem|p2a: Great Tusk|Booster Energy
|-activate|p2a: Great Tusk|ability: Protosynthesis|[fromitem]
|-start|p2a: Great Tusk|protosynthesisatk
|turn|3
|
|t:|1776116306
|move|p1a: Ceruledge|Poltergeist||[still]
|-fail|p1a: Ceruledge
|move|p2a: Great Tusk|Headlong Rush|p1a: Ceruledge
|-supereffective|p1a: Ceruledge
|-damage|p1a: Ceruledge|0 fnt
|-unboost|p2a: Great Tusk|def|1
|-unboost|p2a: Great Tusk|spd|1
|faint|p1a: Ceruledge
|
|upkeep
|
|t:|1776116313
|switch|p1a: Ninetales|Ninetales, F, shiny|100/100
|-weather|SunnyDay|[from] ability: Drought|[of] p1a: Ninetales
|turn|4
|
|t:|1776116321
|switch|p1a: Slither Wing|Slither Wing|100/100
|-activate|p1a: Slither Wing|ability: Protosynthesis
|-start|p1a: Slither Wing|protosynthesisatk
|move|p2a: Great Tusk|Rapid Spin|p1a: Slither Wing
|-damage|p1a: Slither Wing|67/100
|-boost|p2a: Great Tusk|spe|1
|
|-weather|SunnyDay|[upkeep]
|upkeep
|turn|5
|
|t:|1776116333
|move|p2a: Great Tusk|Temper Flare|p1a: Slither Wing
|-supereffective|p1a: Slither Wing
|-damage|p1a: Slither Wing|0 fnt
|faint|p1a: Slither Wing
|-end|p1a: Slither Wing|Protosynthesis|[silent]
|
|-weather|SunnyDay|[upkeep]
|upkeep
|
|t:|1776116339
|switch|p1a: Walking Wake|Walking Wake|100/100
|-activate|p1a: Walking Wake|ability: Protosynthesis
|-start|p1a: Walking Wake|protosynthesisspa
|turn|6
|
|t:|1776116350
|move|p2a: Great Tusk|Headlong Rush|p1a: Walking Wake
|-damage|p1a: Walking Wake|14/100
|-unboost|p2a: Great Tusk|def|1
|-unboost|p2a: Great Tusk|spd|1
|move|p1a: Walking Wake|Hydro Steam|p2a: Great Tusk
|-supereffective|p2a: Great Tusk
|-damage|p2a: Great Tusk|0 fnt
|faint|p2a: Great Tusk
|-end|p2a: Great Tusk|Protosynthesis|[silent]
|
|-weather|SunnyDay|[upkeep]
|upkeep
|
|t:|1776116366
|switch|p2a: Dragjet|Dragapult, M|100/100
|turn|7
|
|t:|1776116381
|-terastallize|p1a: Walking Wake|Fairy
|move|p2a: Dragjet|Sucker Punch|p1a: Walking Wake
|-resisted|p1a: Walking Wake
|-crit|p1a: Walking Wake
|-damage|p1a: Walking Wake|0 fnt
|faint|p1a: Walking Wake
|-end|p1a: Walking Wake|Protosynthesis|[silent]
|
|-weather|SunnyDay|[upkeep]
|upkeep
|
|t:|1776116391
|switch|p1a: Great Tusk|Great Tusk, shiny|100/100
|-activate|p1a: Great Tusk|ability: Protosynthesis
|-start|p1a: Great Tusk|protosynthesisatk
|turn|8
|
|t:|1776116398
|move|p2a: Dragjet|Dragon Darts|p1a: Great Tusk
|-damage|p1a: Great Tusk|84/100
|-anim|p2a: Dragjet|Dragon Darts|p1a: Great Tusk
|-crit|p1a: Great Tusk
|-damage|p1a: Great Tusk|58/100
|move|p1a: Great Tusk|Knock Off|p2a: Dragjet
|-supereffective|p2a: Dragjet
|-damage|p2a: Dragjet|8/100
|-enditem|p2a: Dragjet|Scope Lens|[from] move: Knock Off|[of] p1a: Great Tusk
|
|-weather|SunnyDay|[upkeep]
|upkeep
|turn|9
|
|t:|1776116412
|move|p2a: Dragjet|Dragon Darts|p1a: Great Tusk
|-damage|p1a: Great Tusk|41/100
|-anim|p2a: Dragjet|Dragon Darts|p1a: Great Tusk
|-damage|p1a: Great Tusk|23/100
|move|p1a: Great Tusk|Knock Off|p2a: Dragjet
|-supereffective|p2a: Dragjet
|-damage|p2a: Dragjet|0 fnt
|faint|p2a: Dragjet
|
|-weather|SunnyDay|[upkeep]
|upkeep
|
|t:|1776116425
|switch|p2a: Iron Crown|Iron Crown|100/100
|-enditem|p2a: Iron Crown|Booster Energy
|-activate|p2a: Iron Crown|ability: Quark Drive|[fromitem]
|-start|p2a: Iron Crown|quarkdrivespa
|turn|10
|
|t:|1776116437
|move|p2a: Iron Crown|Psychic|p1a: Great Tusk
|-supereffective|p1a: Great Tusk
|-damage|p1a: Great Tusk|0 fnt
|faint|p1a: Great Tusk
|-end|p1a: Great Tusk|Protosynthesis|[silent]
|
|-weather|SunnyDay|[upkeep]
|upkeep
|
|t:|1776116443
|switch|p1a: Raging Bolt|Raging Bolt|100/100
|-activate|p1a: Raging Bolt|ability: Protosynthesis
|-start|p1a: Raging Bolt|protosynthesisspa
|turn|11
|
|t:|1776116454
|move|p2a: Iron Crown|Psychic|p1a: Raging Bolt
|-damage|p1a: Raging Bolt|51/100
|move|p1a: Raging Bolt|Thunderbolt|p2a: Iron Crown
|-crit|p2a: Iron Crown
|-damage|p2a: Iron Crown|0 fnt
|faint|p2a: Iron Crown
|-end|p2a: Iron Crown|Quark Drive|[silent]
|
|-weather|none
|-end|p1a: Raging Bolt|Protosynthesis
|upkeep
|
|t:|1776116467
|switch|p2a: Iron Moth|Iron Moth|100/100
|-enditem|p2a: Iron Moth|Booster Energy
|-activate|p2a: Iron Moth|ability: Quark Drive|[fromitem]
|-start|p2a: Iron Moth|quarkdrivespa
|turn|12
|
|t:|1776116475
|-end|p1a: Raging Bolt|Protosynthesis|[silent]
|switch|p1a: Ninetales|Ninetales, F, shiny|100/100
|-weather|SunnyDay|[from] ability: Drought|[of] p1a: Ninetales
|move|p2a: Iron Moth|Dazzling Gleam|p1a: Ninetales
|-resisted|p1a: Ninetales
|-damage|p1a: Ninetales|83/100
|
|-weather|SunnyDay|[upkeep]
|upkeep
|turn|13
|
|t:|1776116502
|move|p2a: Iron Moth|Sludge Wave|p1a: Ninetales
|-damage|p1a: Ninetales|12/100
|move|p1a: Ninetales|Encore|p2a: Iron Moth
|-start|p2a: Iron Moth|Encore
|
|-weather|SunnyDay|[upkeep]
|upkeep
|turn|14
|
|t:|1776116509
|move|p2a: Iron Moth|Sludge Wave|p1a: Ninetales
|-damage|p1a: Ninetales|0 fnt
|faint|p1a: Ninetales
|
|-weather|SunnyDay|[upkeep]
|upkeep
|
|t:|1776116512
|switch|p1a: Raging Bolt|Raging Bolt|51/100
|-activate|p1a: Raging Bolt|ability: Protosynthesis
|-start|p1a: Raging Bolt|protosynthesisspa
|turn|15
|
|t:|1776116519
|move|p2a: Iron Moth|Sludge Wave|p1a: Raging Bolt
|-damage|p1a: Raging Bolt|0 fnt
|faint|p1a: Raging Bolt
|-end|p1a: Raging Bolt|Protosynthesis|[silent]
|
|win|AKGD
|raw|Supera182's rating: 1393 &rarr; <strong>1379</strong><br />(-14 for losing)
|raw|AKGD's rating: 1499 &rarr; <strong>1513</strong><br />(+14 for winning)
|l| ohko_smeargle
|c|☆AKGD|Gg
|l|☆Supera182
|player|p1|
