|html|<div class="broadcast-blue"><strong>[Gen 9] OU is currently suspecting Tera Blast! For information on how to participate check out the <a href="https://www.smogon.com/tools/suspects/view/200">suspect thread</a>.</strong></div>
|j|☆la5495
|j|☆rasb
|t:|1776189872
|gametype|singles
|player|p1|la5495|ghetsis|1386
|player|p2|rasb|101|1414
|gen|9
|tier|[Gen 9] OU
|rated|
|rule|HP Percentage Mod: HP is shown in percentages
|rule|Endless Battle Clause: Forcing endless battles is banned
|rule|Species Clause: Limit one of each Pokémon
|rule|OHKO Clause: OHKO moves are banned
|rule|Evasion Items Clause: Evasion items are banned
|rule|Evasion Moves Clause: Evasion moves are banned
|rule|Evasion Abilities Clause: Evasion abilities are banned
|rule|Sleep Moves Clause: Sleep-inducing moves are banned
|clearpoke
|poke|p1|Quaquaval, F|
|poke|p1|Kyurem|
|poke|p1|Heatran, M|
|poke|p1|Weezing-Galar, F|
|poke|p1|Kingambit, M|
|poke|p1|Iron Moth|
|poke|p2|Great Tusk|
|poke|p2|Gholdengo|
|poke|p2|Scizor, M|
|poke|p2|Pecharunt|
|poke|p2|Raging Bolt|
|poke|p2|Moltres|
|teampreview
|inactive|Battle timer is ON: inactive players will automatically lose when time's up. (requested by rasb)
|inactive|la5495 also wants the timer to be on.
|
|t:|1776189889
|teamsize|p1|6
|teamsize|p2|6
|start
|switch|p1a: Heatran|Heatran, M|100/100
|switch|p2a: Great Tusk|Great Tusk|100/100
|-enditem|p2a: Great Tusk|Booster Energy
|-activate|p2a: Great Tusk|ability: Protosynthesis|[fromitem]
|-start|p2a: Great Tusk|protosynthesisatk
|turn|1
|
|t:|1776189896
|switch|p1a: Weezing|Weezing-Galar, F|100/100
|move|p2a: Great Tusk|Headlong Rush|p1a: Weezing
|-immune|p1a: Weezing|[from] ability: Levitate
|
|upkeep
|turn|2
|j| gimmicks strategy
|
|t:|1776189902
|-end|p2a: Great Tusk|Protosynthesis|[silent]
|switch|p2a: Gholdengo|Gholdengo|100/100
|-item|p2a: Gholdengo|Air Balloon
|move|p1a: Weezing|Will-O-Wisp|p2a: Gholdengo
|-immune|p2a: Gholdengo|[from] ability: Good as Gold
|
|upkeep
|turn|3
|
|t:|1776189911
|switch|p1a: Heatran|Heatran, M|100/100
|move|p2a: Gholdengo|Thunder Wave|p1a: Heatran
|-status|p1a: Heatran|par
|
|upkeep
|turn|4
|
|t:|1776189922
|switch|p2a: Moltres|Moltres|100/100
|move|p1a: Heatran|Stealth Rock|p2a: Moltres
|-sidestart|p2: rasb|move: Stealth Rock
|
|upkeep
|turn|5
|l| gimmicks strategy
|
|t:|1776189937
|move|p2a: Moltres|U-turn|p1a: Heatran
|-resisted|p1a: Heatran
|-damage|p1a: Heatran|97/100 par
|
|t:|1776189940
|switch|p2a: Great Tusk|Great Tusk|100/100|[from] U-turn
|-damage|p2a: Great Tusk|98/100|[from] Stealth Rock
|move|p1a: Heatran|Magma Storm|p2a: Great Tusk
|-damage|p2a: Great Tusk|33/100
|-activate|p2a: Great Tusk|move: Magma Storm|[of] p1a: Heatran
|
|-heal|p1a: Heatran|100/100 par|[from] item: Leftovers
|-damage|p2a: Great Tusk|20/100|[from] move: Magma Storm|[partiallytrapped]
|upkeep
|turn|6
|
|t:|1776189952
|cant|p1a: Heatran|par
|move|p2a: Great Tusk|Headlong Rush|p1a: Heatran
|-supereffective|p1a: Heatran
|-crit|p1a: Heatran
|-damage|p1a: Heatran|0 fnt
|-unboost|p2a: Great Tusk|def|1
|-unboost|p2a: Great Tusk|spd|1
|faint|p1a: Heatran
|
|-end|p2a: Great Tusk|Magma Storm|[partiallytrapped]|[silent]
|upkeep
|inactive|la5495 has 120 seconds left.
|
|t:|1776189978
|switch|p1a: Quaquaval|Quaquaval, F|100/100
|turn|7
|inactive|rasb has 120 seconds left.
|inactive|rasb has 90 seconds left.
|
|t:|1776190054
|-end|p2a: Great Tusk|Protosynthesis|[silent]
|switch|p2a: Raging Bolt|Raging Bolt|100/100
|-damage|p2a: Raging Bolt|88/100|[from] Stealth Rock
|move|p1a: Quaquaval|Aqua Step|p2a: Raging Bolt
|-resisted|p2a: Raging Bolt
|-damage|p2a: Raging Bolt|70/100
|-boost|p1a: Quaquaval|spe|1
|
|-heal|p2a: Raging Bolt|76/100|[from] item: Leftovers
|upkeep
|turn|8
|inactive|la5495 has 120 seconds left.
|
|t:|1776190074
|switch|p1a: Weezing|Weezing-Galar, F|100/100
|move|p2a: Raging Bolt|Thunderbolt|p1a: Weezing
|-damage|p1a: Weezing|31/100
|
|-heal|p2a: Raging Bolt|83/100|[from] item: Leftovers
|-heal|p1a: Weezing|37/100|[from] item: Black Sludge
|upkeep
|turn|9
|inactive|rasb has 90 seconds left.
|inactive|la5495 has 120 seconds left.
|
|t:|1776190098
|move|p2a: Raging Bolt|Thunderbolt|p1a: Weezing
|-damage|p1a: Weezing|0 fnt
|faint|p1a: Weezing
|
|-heal|p2a: Raging Bolt|89/100|[from] item: Leftovers
|upkeep
|inactive|la5495 has 120 seconds left.
|
|t:|1776190114
|switch|p1a: Kyurem|Kyurem|100/100
|-ability|p1a: Kyurem|Pressure
|turn|10
|inactive|rasb has 60 seconds left.
|
|t:|1776190160
|-terastallize|p1a: Kyurem|Ground
|-terastallize|p2a: Raging Bolt|Fairy
|move|p1a: Kyurem|Dragon Dance|p1a: Kyurem
|-boost|p1a: Kyurem|atk|1
|-boost|p1a: Kyurem|spe|1
|move|p2a: Raging Bolt|Thunderbolt|p1a: Kyurem
|-immune|p1a: Kyurem
|
|-heal|p2a: Raging Bolt|95/100|[from] item: Leftovers
|upkeep
|turn|11
|
|t:|1776190173
|move|p1a: Kyurem|Dragon Dance|p1a: Kyurem
|-boost|p1a: Kyurem|atk|1
|-boost|p1a: Kyurem|spe|1
|move|p2a: Raging Bolt|Draco Meteor|p1a: Kyurem
|-damage|p1a: Kyurem|29/100
|-unboost|p2a: Raging Bolt|spa|2
|
|-heal|p2a: Raging Bolt|100/100|[from] item: Leftovers
|upkeep
|turn|12
|inactive|rasb has 60 seconds left.
|
|t:|1776190207
|-end|p2a: Raging Bolt|Protosynthesis|[silent]
|switch|p2a: Scizor|Scizor, M|100/100
|-damage|p2a: Scizor|88/100|[from] Stealth Rock
|move|p1a: Kyurem|Icicle Spear|p2a: Scizor
|-resisted|p2a: Scizor
|-damage|p2a: Scizor|72/100
|-resisted|p2a: Scizor
|-damage|p2a: Scizor|57/100
|-hitcount|p2a: Scizor|2
|
|upkeep
|turn|13
|
|t:|1776190231
|switch|p1a: Iron Moth|Iron Moth|100/100
|-enditem|p1a: Iron Moth|Booster Energy
|-activate|p1a: Iron Moth|ability: Quark Drive|[fromitem]
|-start|p1a: Iron Moth|quarkdrivespe
|move|p2a: Scizor|Bullet Punch|p1a: Iron Moth
|-resisted|p1a: Iron Moth
|-damage|p1a: Iron Moth|64/100
|
|upkeep
|turn|14
|inactive|rasb has 30 seconds left.
|
|t:|1776190256
|switch|p2a: Moltres|Moltres|100/100
|move|p1a: Iron Moth|Fiery Dance|p2a: Moltres
|-resisted|p2a: Moltres
|-damage|p2a: Moltres|80/100
|-boost|p1a: Iron Moth|spa|1
|
|upkeep
|turn|15
|
|t:|1776190264
|move|p1a: Iron Moth|Sludge Wave|p2a: Moltres
|-damage|p2a: Moltres|1/100
|move|p2a: Moltres|Roar|p1a: Iron Moth
|-end|p1a: Iron Moth|Quark Drive|[silent]
|drag|p1a: Quaquaval|Quaquaval, F|100/100
|
|upkeep
|turn|16
|inactive|la5495 has 120 seconds left.
|
|t:|1776190281
|move|p1a: Quaquaval|Bulk Up|p1a: Quaquaval
|-boost|p1a: Quaquaval|atk|1
|-boost|p1a: Quaquaval|def|1
|move|p2a: Moltres|Flamethrower|p1a: Quaquaval
|-resisted|p1a: Quaquaval
|-damage|p1a: Quaquaval|69/100
|
|upkeep
|turn|17
|inactive|la5495 has 120 seconds left.
|
|t:|1776190287
|move|p1a: Quaquaval|Aqua Step|p2a: Moltres
|-supereffective|p2a: Moltres
|-crit|p2a: Moltres
|-damage|p2a: Moltres|0 fnt
|-boost|p1a: Quaquaval|spe|1
|faint|p2a: Moltres
|-ability|p1a: Quaquaval|Moxie|boost
|-boost|p1a: Quaquaval|atk|1
|
|upkeep
|
|t:|1776190303
|switch|p2a: Raging Bolt|Raging Bolt, tera:Fairy|100/100
|-damage|p2a: Raging Bolt|88/100|[from] Stealth Rock
|turn|18
|
|t:|1776190312
|switch|p1a: Iron Moth|Iron Moth|64/100
|move|p2a: Raging Bolt|Thunderclap||[still]
|-fail|p2a: Raging Bolt
|
|-heal|p2a: Raging Bolt|94/100|[from] item: Leftovers
|upkeep
|turn|19
|
|t:|1776190325
|-end|p2a: Raging Bolt|Protosynthesis|[silent]
|switch|p2a: Great Tusk|Great Tusk|20/100
|-damage|p2a: Great Tusk|17/100|[from] Stealth Rock
|move|p1a: Iron Moth|Sludge Wave|p2a: Great Tusk
|-resisted|p2a: Great Tusk
|-damage|p2a: Great Tusk|0 fnt
|faint|p2a: Great Tusk
|-end|p2a: Great Tusk|Protosynthesis|[silent]
|
|upkeep
|
|t:|1776190335
|switch|p2a: Scizor|Scizor, M|57/100
|-damage|p2a: Scizor|45/100|[from] Stealth Rock
|turn|20
|
|t:|1776190339
|move|p2a: Scizor|Bullet Punch|p1a: Iron Moth
|-resisted|p1a: Iron Moth
|-damage|p1a: Iron Moth|28/100
|move|p1a: Iron Moth|Fiery Dance|p2a: Scizor
|-supereffective|p2a: Scizor
|-damage|p2a: Scizor|0 fnt
|faint|p2a: Scizor
|
|upkeep
|
|t:|1776190343
|switch|p2a: Raging Bolt|Raging Bolt, tera:Fairy|94/100
|-damage|p2a: Raging Bolt|82/100|[from] Stealth Rock
|turn|21
|
|t:|1776190357
|-end|p1a: Iron Moth|Quark Drive|[silent]
|switch|p1a: Kyurem|Kyurem, tera:Ground|29/100
|-ability|p1a: Kyurem|Pressure
|move|p2a: Raging Bolt|Thunderclap||[still]
|-fail|p2a: Raging Bolt
|
|-heal|p2a: Raging Bolt|88/100|[from] item: Leftovers
|upkeep
|turn|22
|
|t:|1776190382
|move|p1a: Kyurem|Earth Power|p2a: Raging Bolt
|-damage|p2a: Raging Bolt|49/100
|move|p2a: Raging Bolt|Draco Meteor|p1a: Kyurem
|-damage|p1a: Kyurem|0 fnt
|-unboost|p2a: Raging Bolt|spa|2
|faint|p1a: Kyurem
|
|-heal|p2a: Raging Bolt|56/100|[from] item: Leftovers
|upkeep
|
|t:|1776190387
|switch|p1a: Iron Moth|Iron Moth|28/100
|turn|23
|inactive|rasb has 90 seconds left.
|
|t:|1776190396
|-end|p2a: Raging Bolt|Protosynthesis|[silent]
|switch|p2a: Pecharunt|Pecharunt|100/100
|move|p1a: Iron Moth|Sludge Wave|p2a: Pecharunt
|-resisted|p2a: Pecharunt
|-damage|p2a: Pecharunt|88/100
|
|upkeep
|turn|24
|
|t:|1776190405
|move|p1a: Iron Moth|Psychic|p2a: Pecharunt
|-supereffective|p2a: Pecharunt
|-damage|p2a: Pecharunt|23/100
|-unboost|p2a: Pecharunt|spd|1
|move|p2a: Pecharunt|Parting Shot|p1a: Iron Moth
|-unboost|p1a: Iron Moth|atk|1
|-unboost|p1a: Iron Moth|spa|1
|inactive|rasb has 90 seconds left.
|
|t:|1776190421
|switch|p2a: Gholdengo|Gholdengo|100/100|[from] Parting Shot
|-damage|p2a: Gholdengo|94/100|[from] Stealth Rock
|-item|p2a: Gholdengo|Air Balloon
|
|upkeep
|turn|25
|
|t:|1776190448
|-end|p1a: Iron Moth|Quark Drive|[silent]
|switch|p1a: Quaquaval|Quaquaval, F|69/100
|move|p2a: Gholdengo|Thunder Wave|p1a: Quaquaval
|-status|p1a: Quaquaval|par
|
|upkeep
|turn|26
|
|t:|1776190461
|move|p2a: Gholdengo|Hex|p1a: Quaquaval
|-damage|p1a: Quaquaval|0 fnt
|faint|p1a: Quaquaval
|
|upkeep
|
|t:|1776190466
|switch|p1a: Iron Moth|Iron Moth|28/100
|turn|27
|
|t:|1776190471
|move|p1a: Iron Moth|Fiery Dance|p2a: Gholdengo
|-supereffective|p2a: Gholdengo
|-damage|p2a: Gholdengo|21/100
|-enditem|p2a: Gholdengo|Air Balloon
|move|p2a: Gholdengo|Hex|p1a: Iron Moth
|-damage|p1a: Iron Moth|0 fnt
|faint|p1a: Iron Moth
|-end|p1a: Iron Moth|Quark Drive|[silent]
|
|upkeep
|
|t:|1776190479
|switch|p1a: Kingambit|Kingambit, M|100/100
|-activate|p1a: Kingambit|ability: Supreme Overlord
|-start|p1a: Kingambit|fallen5|[silent]
|turn|28
|
|t:|1776190484
|move|p2a: Gholdengo|Thunder Wave|p1a: Kingambit
|-status|p1a: Kingambit|par
|move|p1a: Kingambit|Swords Dance|p1a: Kingambit
|-boost|p1a: Kingambit|atk|2
|
|upkeep
|turn|29
|
|t:|1776190490
|cant|p1a: Kingambit|par
|move|p2a: Gholdengo|Recover|p2a: Gholdengo
|-heal|p2a: Gholdengo|71/100
|
|upkeep
|turn|30
|
|t:|1776190497
|move|p2a: Gholdengo|Make It Rain|p1a: Kingambit
|-resisted|p1a: Kingambit
|-damage|p1a: Kingambit|69/100 par
|-unboost|p2a: Gholdengo|spa|1
|move|p1a: Kingambit|Swords Dance|p1a: Kingambit
|-boost|p1a: Kingambit|atk|2
|
|upkeep
|turn|31
|
|t:|1776190501
|move|p1a: Kingambit|Sucker Punch|p2a: Gholdengo
|-supereffective|p2a: Gholdengo
|-damage|p2a: Gholdengo|0 fnt
|faint|p2a: Gholdengo
|
|upkeep
|
|t:|1776190505
|switch|p2a: Raging Bolt|Raging Bolt, tera:Fairy|56/100
|-damage|p2a: Raging Bolt|43/100|[from] Stealth Rock
|turn|32
|
|t:|1776190516
|move|p2a: Raging Bolt|Calm Mind|p2a: Raging Bolt
|-boost|p2a: Raging Bolt|spa|1
|-boost|p2a: Raging Bolt|spd|1
|move|p1a: Kingambit|Iron Head|p2a: Raging Bolt
|-supereffective|p2a: Raging Bolt
|-damage|p2a: Raging Bolt|0 fnt
|faint|p2a: Raging Bolt
|-end|p2a: Raging Bolt|Protosynthesis|[silent]
|
|upkeep
|
|t:|1776190519
|switch|p2a: Pecharunt|Pecharunt|23/100
|turn|33
|
|t:|1776190525
|move|p2a: Pecharunt|Hex|p1a: Kingambit
|-resisted|p1a: Kingambit
|-damage|p1a: Kingambit|50/100 par
|cant|p1a: Kingambit|par
|
|upkeep
|turn|34
|
|t:|1776190529
|move|p2a: Pecharunt|Recover|p2a: Pecharunt
|-heal|p2a: Pecharunt|73/100
|move|p1a: Kingambit|Iron Head|p2a: Pecharunt
|-damage|p2a: Pecharunt|0 fnt
|faint|p2a: Pecharunt
|
|win|la5495
|raw|la5495's rating: 1386 &rarr; <strong>1408</strong><br />(+22 for winning)
|raw|rasb's rating: 1414 &rarr; <strong>1392</strong><br />(-22 for losing)
