|html|<div class="broadcast-blue"><strong>[Gen 9] OU is currently suspecting Tera Blast! For information on how to participate check out the <a href="https://www.smogon.com/tools/suspects/view/200">suspect thread</a>.</strong></div>
|j|☆Sxde
|j|☆vartholomeus
|t:|1776079219
|gametype|singles
|player|p1|Sxde|265|1517
|player|p2|vartholomeus|ruinmaniac|1522
|gen|9
|tier|[Gen 9] OU
|rated|
|rule|HP Percentage Mod: HP is shown in percentages
|rule|Endless Battle Clause: Forcing endless battles is banned
|rule|Species Clause: Limit one of each Pokémon
|rule|OHKO Clause: OHKO moves are banned
|rule|Evasion Items Clause: Evasion items are banned
|rule|Evasion Moves Clause: Evasion moves are banned
|rule|Evasion Abilities Clause: Evasion abilities are banned
|rule|Sleep Moves Clause: Sleep-inducing moves are banned
|clearpoke
|poke|p1|Walking Wake|
|poke|p1|Samurott-Hisui, F|
|poke|p1|Gholdengo|
|poke|p1|Pecharunt|
|poke|p1|Ting-Lu|
|poke|p1|Dragonite, F|
|poke|p2|Rillaboom, M|
|poke|p2|Iron Hands|
|poke|p2|Gholdengo|
|poke|p2|Greninja-*, M|
|poke|p2|Landorus-Therian, M|
|poke|p2|Arcanine-Hisui, M|
|teampreview
|inactive|Battle timer is ON: inactive players will automatically lose when time's up. (requested by vartholomeus)
|
|t:|1776079227
|teamsize|p1|6
|teamsize|p2|6
|start
|switch|p1a: Pecharunt|Pecharunt|100/100
|switch|p2a: Fyr|Arcanine-Hisui, M|100/100
|turn|1
|
|t:|1776079233
|move|p2a: Fyr|Flare Blitz|p1a: Pecharunt
|-damage|p1a: Pecharunt|60/100
|move|p1a: Pecharunt|Toxic|p2a: Fyr
|-status|p2a: Fyr|tox
|-start|p2a: Fyr|confusion|[from] ability: Poison Puppeteer|[of] p1a: Pecharunt
|
|-damage|p2a: Fyr|94/100 tox|[from] psn
|upkeep
|turn|2
|j| Monkey D MinMin
|
|t:|1776079241
|switch|p2a: Lilo|Landorus-Therian, M|100/100
|-ability|p2a: Lilo|Intimidate|boost
|-unboost|p1a: Pecharunt|atk|1
|move|p1a: Pecharunt|Recover|p1a: Pecharunt
|-heal|p1a: Pecharunt|100/100
|
|upkeep
|turn|3
|
|t:|1776079248
|move|p2a: Lilo|Earth Power|p1a: Pecharunt
|-supereffective|p1a: Pecharunt
|-damage|p1a: Pecharunt|18/100
|move|p1a: Pecharunt|Toxic|p2a: Lilo
|-status|p2a: Lilo|tox
|-start|p2a: Lilo|confusion|[from] ability: Poison Puppeteer|[of] p1a: Pecharunt
|
|-damage|p2a: Lilo|94/100 tox|[from] psn
|upkeep
|turn|4
|j| Dripakuma
|
|t:|1776079260
|switch|p2a: Tarso|Rillaboom, M|100/100
|-fieldstart|move: Grassy Terrain|[from] ability: Grassy Surge|[of] p2a: Tarso
|switch|p1a: Dragonite|Dragonite, F|100/100
|
|upkeep
|turn|5
|c|☆Sxde|5 users
|c|☆Sxde|how
|
|t:|1776079273
|move|p2a: Tarso|Knock Off|p1a: Dragonite
|-damage|p1a: Dragonite|83/100
|-enditem|p1a: Dragonite|Heavy-Duty Boots|[from] move: Knock Off|[of] p2a: Tarso
|move|p1a: Dragonite|Dragon Tail|p2a: Tarso
|-damage|p2a: Tarso|72/100
|drag|p2a: Gregg|Greninja, M|100/100
|
|upkeep
|turn|6
|
|t:|1776079285
|switch|p1a: Samurott|Samurott-Hisui, F|100/100
|move|p2a: Gregg|Ice Beam|p1a: Samurott
|-resisted|p1a: Samurott
|-damage|p1a: Samurott|73/100
|-damage|p2a: Gregg|91/100|[from] item: Life Orb
|
|-heal|p2a: Gregg|97/100|[from] Grassy Terrain
|-heal|p1a: Samurott|79/100|[from] Grassy Terrain
|upkeep
|turn|7
|
|t:|1776079295
|switch|p2a: Ehonda|Iron Hands|100/100
|-enditem|p2a: Ehonda|Booster Energy
|-activate|p2a: Ehonda|ability: Quark Drive|[fromitem]
|-start|p2a: Ehonda|quarkdriveatk
|move|p1a: Samurott|Ceaseless Edge|p2a: Ehonda
|-resisted|p2a: Ehonda
|-damage|p2a: Ehonda|86/100
|-sidestart|p2: vartholomeus|Spikes
|
|-heal|p1a: Samurott|86/100|[from] Grassy Terrain
|-heal|p2a: Ehonda|92/100|[from] Grassy Terrain
|upkeep
|turn|8
|
|t:|1776079313
|move|p1a: Samurott|Ceaseless Edge|p2a: Ehonda
|-resisted|p2a: Ehonda
|-damage|p2a: Ehonda|76/100
|-sidestart|p2: vartholomeus|Spikes
|move|p2a: Ehonda|Swords Dance|p2a: Ehonda
|-boost|p2a: Ehonda|atk|2
|
|-heal|p1a: Samurott|92/100|[from] Grassy Terrain
|-heal|p2a: Ehonda|82/100|[from] Grassy Terrain
|upkeep
|turn|9
|
|t:|1776079321
|move|p1a: Samurott|Encore|p2a: Ehonda
|-start|p2a: Ehonda|Encore
|move|p2a: Ehonda|Swords Dance|p2a: Ehonda
|-boost|p2a: Ehonda|atk|2
|
|-heal|p1a: Samurott|98/100|[from] Grassy Terrain
|-heal|p2a: Ehonda|88/100|[from] Grassy Terrain
|upkeep
|turn|10
|
|t:|1776079332
|switch|p1a: Dragonite|Dragonite, F|83/100
|-end|p2a: Ehonda|Quark Drive|[silent]
|switch|p2a: Lilo|Landorus-Therian, M|94/100 tox
|-ability|p2a: Lilo|Intimidate|boost
|-unboost|p1a: Dragonite|atk|1
|
|-damage|p2a: Lilo|88/100 tox|[from] psn
|upkeep
|turn|11
|
|t:|1776079340
|move|p2a: Lilo|Sludge Bomb|p1a: Dragonite
|-damage|p1a: Dragonite|61/100
|move|p1a: Dragonite|Dragon Tail|p2a: Lilo
|-damage|p2a: Lilo|63/100 tox
|drag|p2a: Ehonda|Iron Hands|88/100
|-damage|p2a: Ehonda|72/100|[from] Spikes
|
|-heal|p2a: Ehonda|78/100|[from] Grassy Terrain
|-fieldend|move: Grassy Terrain
|upkeep
|turn|12
|
|t:|1776079363
|switch|p1a: Pecharunt|Pecharunt|18/100
|move|p2a: Ehonda|Ice Punch|p1a: Pecharunt
|-damage|p1a: Pecharunt|5/100
|
|upkeep
|turn|13
|
|t:|1776079371
|-end|p2a: Ehonda|Quark Drive|[silent]
|switch|p2a: Kesso|Gholdengo|100/100
|-damage|p2a: Kesso|84/100|[from] Spikes
|move|p1a: Pecharunt|Recover|p1a: Pecharunt
|-heal|p1a: Pecharunt|55/100
|
|upkeep
|turn|14
|
|t:|1776079378
|switch|p1a: Ting-Lu|Ting-Lu|100/100
|-ability|p1a: Ting-Lu|Vessel of Ruin
|move|p2a: Kesso|Shadow Ball|p1a: Ting-Lu
|-resisted|p1a: Ting-Lu
|-damage|p1a: Ting-Lu|92/100
|
|-heal|p1a: Ting-Lu|98/100|[from] item: Leftovers
|upkeep
|turn|15
|
|t:|1776079387
|switch|p2a: Tarso|Rillaboom, M|72/100
|-damage|p2a: Tarso|55/100|[from] Spikes
|-fieldstart|move: Grassy Terrain|[from] ability: Grassy Surge|[of] p2a: Tarso
|move|p1a: Ting-Lu|Stealth Rock|p2a: Tarso
|-sidestart|p2: vartholomeus|move: Stealth Rock
|
|-heal|p2a: Tarso|61/100|[from] Grassy Terrain
|-heal|p1a: Ting-Lu|100/100|[from] Grassy Terrain
|upkeep
|turn|16
|
|t:|1776079396
|switch|p1a: Dragonite|Dragonite, F|61/100
|move|p2a: Tarso|U-turn|p1a: Dragonite
|-resisted|p1a: Dragonite
|-damage|p1a: Dragonite|49/100
|
|t:|1776079401
|switch|p2a: Ehonda|Iron Hands|78/100|[from] U-turn
|-damage|p2a: Ehonda|61/100|[from] Spikes
|-damage|p2a: Ehonda|55/100|[from] Stealth Rock
|
|-heal|p2a: Ehonda|61/100|[from] Grassy Terrain
|upkeep
|turn|17
|
|t:|1776079410
|switch|p1a: Pecharunt|Pecharunt|55/100
|move|p2a: Ehonda|Ice Punch|p1a: Pecharunt
|-damage|p1a: Pecharunt|40/100
|
|-heal|p1a: Pecharunt|46/100|[from] Grassy Terrain
|-heal|p2a: Ehonda|68/100|[from] Grassy Terrain
|upkeep
|turn|18
|
|t:|1776079417
|move|p1a: Pecharunt|Recover|p1a: Pecharunt
|-heal|p1a: Pecharunt|96/100
|move|p2a: Ehonda|Swords Dance|p2a: Ehonda
|-boost|p2a: Ehonda|atk|2
|
|-heal|p1a: Pecharunt|100/100|[from] Grassy Terrain
|-heal|p2a: Ehonda|74/100|[from] Grassy Terrain
|upkeep
|turn|19
|
|t:|1776079425
|move|p1a: Pecharunt|Toxic|p2a: Ehonda
|-status|p2a: Ehonda|tox
|-start|p2a: Ehonda|confusion|[from] ability: Poison Puppeteer|[of] p1a: Pecharunt
|-activate|p2a: Ehonda|confusion
|move|p2a: Ehonda|Thunder Punch|p1a: Pecharunt
|-damage|p1a: Pecharunt|56/100
|
|-heal|p1a: Pecharunt|62/100|[from] Grassy Terrain
|-heal|p2a: Ehonda|80/100 tox|[from] Grassy Terrain
|-damage|p2a: Ehonda|74/100 tox|[from] psn
|upkeep
|turn|20
|
|t:|1776079436
|move|p1a: Pecharunt|Parting Shot|p2a: Ehonda
|-unboost|p2a: Ehonda|atk|1
|-unboost|p2a: Ehonda|spa|1
|
|t:|1776079439
|switch|p1a: Samurott|Samurott-Hisui, F|98/100|[from] Parting Shot
|-activate|p2a: Ehonda|confusion
|-damage|p2a: Ehonda|56/100 tox|[from] confusion
|
|-heal|p1a: Samurott|100/100|[from] Grassy Terrain
|-heal|p2a: Ehonda|62/100 tox|[from] Grassy Terrain
|-damage|p2a: Ehonda|50/100 tox|[from] psn
|upkeep
|turn|21
|
|t:|1776079449
|switch|p1a: Pecharunt|Pecharunt|62/100
|-end|p2a: Ehonda|confusion
|move|p2a: Ehonda|Drain Punch|p1a: Pecharunt
|-immune|p1a: Pecharunt
|
|-heal|p1a: Pecharunt|68/100|[from] Grassy Terrain
|-heal|p2a: Ehonda|56/100 tox|[from] Grassy Terrain
|-damage|p2a: Ehonda|37/100 tox|[from] psn
|upkeep
|turn|22
|
|t:|1776079459
|move|p1a: Pecharunt|Recover|p1a: Pecharunt
|-heal|p1a: Pecharunt|100/100
|move|p2a: Ehonda|Swords Dance|p2a: Ehonda
|-boost|p2a: Ehonda|atk|2
|
|-heal|p2a: Ehonda|44/100 tox|[from] Grassy Terrain
|-damage|p2a: Ehonda|19/100 tox|[from] psn
|-fieldend|move: Grassy Terrain
|upkeep
|turn|23
|
|t:|1776079467
|move|p1a: Pecharunt|Shadow Ball|p2a: Ehonda
|-damage|p2a: Ehonda|0 fnt
|faint|p2a: Ehonda
|-end|p2a: Ehonda|Quark Drive|[silent]
|
|upkeep
|-message|vartholomeus forfeited.
|
|win|Sxde
|raw|Sxde's rating: 1517 &rarr; <strong>1537</strong><br />(+20 for winning)
|raw|vartholomeus's rating: 1522 &rarr; <strong>1502</strong><br />(-20 for losing)
|l|☆vartholomeus
|player|p2|
|l|☆Sxde
|player|p1|
|l| Dripakuma
|l| Monkey D MinMin
