|html|<div class="broadcast-blue"><strong>[Gen 9] OU is currently suspecting Volcarona! For information on how to participate check out the <a href="https://www.smogon.com/tools/suspects/view/208">suspect thread</a>.</strong></div>
|j|☆MikhaelSunworth
|j|☆Ab2408
|t:|1778502757
|gametype|singles
|player|p1|MikhaelSunworth|chuck|1178
|player|p2|Ab2408|1|1160
|gen|9
|tier|[Gen 9] OU
|rated|
|rule|HP Percentage Mod: HP is shown in percentages
|rule|Endless Battle Clause: Forcing endless battles is banned
|rule|Species Clause: Limit one of each Pokémon
|rule|OHKO Clause: OHKO moves are banned
|rule|Evasion Items Clause: Evasion items are banned
|rule|Evasion Moves Clause: Evasion moves are banned
|rule|Evasion Abilities Clause: Evasion abilities are banned
|rule|Sleep Moves Clause: Sleep-inducing moves are banned
|clearpoke
|poke|p1|Samurott-Hisui, M|
|poke|p1|Landorus-Therian, M|
|poke|p1|Kingambit, M|
|poke|p1|Iron Valiant|
|poke|p1|Great Tusk|
|poke|p1|Iron Crown|
|poke|p2|Carbink|
|poke|p2|Pelipper, F|
|poke|p2|Talonflame, M|
|poke|p2|Barraskewda, F|
|poke|p2|Iron Treads|
|poke|p2|Regieleki|
|teampreview
|
|t:|1778502766
|teamsize|p1|6
|teamsize|p2|6
|start
|switch|p1a: Iron Crown|Iron Crown|100/100
|switch|p2a: Regieleki|Regieleki, shiny|100/100
|turn|1
|
|t:|1778502786
|move|p2a: Regieleki|Volt Switch|p1a: Iron Crown
|-damage|p1a: Iron Crown|59/100
|
|t:|1778502794
|switch|p2a: Talonflame|Talonflame, M|100/100|[from] Volt Switch
|move|p1a: Iron Crown|Psyshock|p2a: Talonflame
|-damage|p2a: Talonflame|31/100
|
|upkeep
|turn|2
|
|t:|1778502821
|move|p2a: Talonflame|Overheat|p1a: Iron Crown
|-supereffective|p1a: Iron Crown
|-damage|p1a: Iron Crown|0 fnt
|-unboost|p2a: Talonflame|spa|2
|faint|p1a: Iron Crown
|-end|p1a: Iron Crown|Quark Drive|[silent]
|
|upkeep
|
|t:|1778502829
|switch|p1a: Samurott|Samurott-Hisui, M|100/100
|turn|3
|
|t:|1778502844
|switch|p2a: Barraskewda|Barraskewda, F|100/100
|move|p1a: Samurott|Ceaseless Edge|p2a: Barraskewda
|-damage|p2a: Barraskewda|19/100
|-sidestart|p2: Ab2408|Spikes
|
|upkeep
|turn|4
|
|t:|1778502853
|switch|p1a: Landorus|Landorus-Therian, M|100/100
|-ability|p1a: Landorus|Intimidate|boost
|-unboost|p2a: Barraskewda|atk|1
|move|p2a: Barraskewda|Close Combat|p1a: Landorus
|-resisted|p1a: Landorus
|-damage|p1a: Landorus|78/100
|-unboost|p2a: Barraskewda|def|1
|-unboost|p2a: Barraskewda|spd|1
|-damage|p2a: Barraskewda|3/100|[from] item: Rocky Helmet|[of] p1a: Landorus
|
|upkeep
|turn|5
|
|t:|1778502873
|switch|p2a: Carbink|Carbink|100/100
|-damage|p2a: Carbink|88/100|[from] Spikes
|move|p1a: Landorus|Stealth Rock|p2a: Carbink
|-sidestart|p2: Ab2408|move: Stealth Rock
|
|upkeep
|turn|6
|
|t:|1778502882
|move|p1a: Landorus|Earthquake|p2a: Carbink
|-supereffective|p2a: Carbink
|-damage|p2a: Carbink|0 fnt
|faint|p2a: Carbink
|
|upkeep
|
|t:|1778502886
|switch|p2a: Iron Treads|Iron Treads|100/100
|-damage|p2a: Iron Treads|88/100|[from] Spikes
|-damage|p2a: Iron Treads|85/100|[from] Stealth Rock
|-enditem|p2a: Iron Treads|Booster Energy
|-activate|p2a: Iron Treads|ability: Quark Drive|[fromitem]
|-start|p2a: Iron Treads|quarkdrivespe
|turn|7
|
|t:|1778502897
|move|p2a: Iron Treads|Rapid Spin|p1a: Landorus
|-damage|p1a: Landorus|66/100
|-boost|p2a: Iron Treads|spe|1
|-damage|p2a: Iron Treads|68/100|[from] item: Rocky Helmet|[of] p1a: Landorus
|-sideend|p2: Ab2408|Spikes|[from] move: Rapid Spin|[of] p2a: Iron Treads
|-sideend|p2: Ab2408|Stealth Rock|[from] move: Rapid Spin|[of] p2a: Iron Treads
|move|p1a: Landorus|Stealth Rock|p2a: Iron Treads
|-sidestart|p2: Ab2408|move: Stealth Rock
|
|upkeep
|turn|8
|
|t:|1778502907
|switch|p1a: Samurott|Samurott-Hisui, M|100/100
|move|p2a: Iron Treads|Steel Beam|p1a: Samurott
|-resisted|p1a: Samurott
|-crit|p1a: Samurott
|-damage|p1a: Samurott|82/100
|-damage|p2a: Iron Treads|18/100|[from] steelbeam
|
|upkeep
|turn|9
|
|t:|1778502921
|move|p2a: Iron Treads|Earthquake|p1a: Samurott
|-damage|p1a: Samurott|44/100
|move|p1a: Samurott|Ceaseless Edge|p2a: Iron Treads
|-damage|p2a: Iron Treads|0 fnt
|-sidestart|p2: Ab2408|Spikes
|faint|p2a: Iron Treads
|-end|p2a: Iron Treads|Quark Drive|[silent]
|
|upkeep
|
|t:|1778502930
|switch|p2a: Regieleki|Regieleki, shiny|100/100
|-damage|p2a: Regieleki|88/100|[from] Stealth Rock
|-damage|p2a: Regieleki|76/100|[from] Spikes
|turn|10
|
|t:|1778502941
|switch|p1a: Landorus|Landorus-Therian, M|66/100
|-ability|p1a: Landorus|Intimidate|boost
|-unboost|p2a: Regieleki|atk|1
|move|p2a: Regieleki|Volt Switch|p1a: Landorus
|-immune|p1a: Landorus
|
|upkeep
|turn|11
|-message|Ab2408 forfeited.
|
|win|MikhaelSunworth
|raw|MikhaelSunworth's rating: 1178 &rarr; <strong>1202</strong><br />(+24 for winning)
|raw|Ab2408's rating: 1160 &rarr; <strong>1136</strong><br />(-24 for losing)
|l|☆Ab2408
|player|p2|
|l|☆MikhaelSunworth
|player|p1|
