|html|<div class="broadcast-blue"><strong>[Gen 9] OU is currently suspecting Tera Blast! For information on how to participate check out the <a href="https://www.smogon.com/tools/suspects/view/200">suspect thread</a>.</strong></div>
|j|☆Unhappybeams
|j|☆Blackbelt59
|t:|1776100662
|gametype|singles
|player|p1|Unhappybeams|blackbelt-gen4dp|1240
|player|p2|Blackbelt59|palmer|1281
|gen|9
|tier|[Gen 9] OU
|rated|
|rule|HP Percentage Mod: HP is shown in percentages
|rule|Endless Battle Clause: Forcing endless battles is banned
|rule|Species Clause: Limit one of each Pokémon
|rule|OHKO Clause: OHKO moves are banned
|rule|Evasion Items Clause: Evasion items are banned
|rule|Evasion Moves Clause: Evasion moves are banned
|rule|Evasion Abilities Clause: Evasion abilities are banned
|rule|Sleep Moves Clause: Sleep-inducing moves are banned
|clearpoke
|poke|p1|Dragalge, F|
|poke|p1|Porygon2|
|poke|p1|Salazzle, F|
|poke|p1|Great Tusk|
|poke|p1|Salamence, F|
|poke|p1|Arcanine, M|
|poke|p2|Gholdengo|
|poke|p2|Raging Bolt|
|poke|p2|Pelipper, M|
|poke|p2|Dragonite, F|
|poke|p2|Slowking-Galar, F|
|poke|p2|Excadrill, M|
|teampreview
|inactive|Battle timer is ON: inactive players will automatically lose when time's up. (requested by Blackbelt59)
|
|t:|1776100688
|teamsize|p1|6
|teamsize|p2|6
|start
|switch|p1a: Porygon2|Porygon2|100/100
|switch|p2a: Avon|Pelipper, M|100/100
|-weather|RainDance|[from] ability: Drizzle|[of] p2a: Avon
|turn|1
|
|t:|1776100698
|move|p2a: Avon|Weather Ball|p1a: Porygon2
|-damage|p1a: Porygon2|66/100
|move|p1a: Porygon2|Tri Attack|p2a: Avon
|-damage|p2a: Avon|32/100
|
|-weather|RainDance|[upkeep]
|-heal|p2a: Avon|39/100|[from] item: Leftovers
|upkeep
|turn|2
|
|t:|1776100710
|switch|p1a: Dragalge|Dragalge, F|100/100
|move|p2a: Avon|Protect||[still]
|-fail|p2a: Avon
|
|-weather|RainDance|[upkeep]
|-heal|p2a: Avon|45/100|[from] item: Leftovers
|upkeep
|turn|3
|
|t:|1776100719
|move|p2a: Avon|U-turn|p1a: Dragalge
|-resisted|p1a: Dragalge
|-damage|p1a: Dragalge|96/100
|
|t:|1776100722
|switch|p2a: Onion Rings|Slowking-Galar, F|100/100|[from] U-turn
|move|p1a: Dragalge|Thunderbolt|p2a: Onion Rings
|-damage|p2a: Onion Rings|85/100
|
|-weather|RainDance|[upkeep]
|-heal|p2a: Onion Rings|91/100|[from] item: Black Sludge
|upkeep
|turn|4
|
|t:|1776100733
|move|p1a: Dragalge|Scald|p2a: Onion Rings
|-damage|p2a: Onion Rings|71/100
|-status|p2a: Onion Rings|brn
|move|p2a: Onion Rings|Psychic|p1a: Dragalge
|-supereffective|p1a: Dragalge
|-damage|p1a: Dragalge|57/100
|
|-weather|RainDance|[upkeep]
|-heal|p2a: Onion Rings|77/100 brn|[from] item: Black Sludge
|-damage|p2a: Onion Rings|71/100 brn|[from] brn
|upkeep
|turn|5
|
|t:|1776100746
|switch|p1a: Porygon2|Porygon2|66/100
|move|p2a: Onion Rings|Protect||[still]
|-fail|p2a: Onion Rings
|
|-weather|none
|-heal|p2a: Onion Rings|77/100 brn|[from] item: Black Sludge
|-damage|p2a: Onion Rings|71/100 brn|[from] brn
|upkeep
|turn|6
|
|t:|1776100755
|switch|p2a: Dig Dug|Excadrill, M|100/100
|-ability|p2a: Dig Dug|Mold Breaker
|-item|p2a: Dig Dug|Air Balloon
|move|p1a: Porygon2|Recover|p1a: Porygon2
|-heal|p1a: Porygon2|100/100
|
|upkeep
|turn|7
|
|t:|1776100764
|move|p2a: Dig Dug|Swords Dance|p2a: Dig Dug
|-boost|p2a: Dig Dug|atk|2
|move|p1a: Porygon2|Tri Attack|p2a: Dig Dug
|-resisted|p2a: Dig Dug
|-damage|p2a: Dig Dug|68/100
|-enditem|p2a: Dig Dug|Air Balloon
|
|upkeep
|turn|8
|
|t:|1776100774
|move|p2a: Dig Dug|Brick Break|p1a: Porygon2
|-supereffective|p1a: Porygon2
|-damage|p1a: Porygon2|18/100
|move|p1a: Porygon2|Ice Beam|p2a: Dig Dug
|-damage|p2a: Dig Dug|18/100
|-status|p2a: Dig Dug|frz
|
|upkeep
|turn|9
|
|t:|1776100781
|cant|p2a: Dig Dug|frz
|move|p1a: Porygon2|Recover|p1a: Porygon2
|-heal|p1a: Porygon2|68/100
|
|upkeep
|turn|10
|
|t:|1776100787
|cant|p2a: Dig Dug|frz
|move|p1a: Porygon2|Ice Beam|p2a: Dig Dug
|-crit|p2a: Dig Dug
|-damage|p2a: Dig Dug|0 fnt
|faint|p2a: Dig Dug
|
|upkeep
|c|☆Blackbelt59|crazy
|inactive|Blackbelt59 has 120 seconds left.
|
|t:|1776100826
|switch|p2a: Onion Rings|Slowking-Galar, F|100/100 brn
|turn|11
|
|t:|1776100834
|move|p1a: Porygon2|Tri Attack|p2a: Onion Rings
|-damage|p2a: Onion Rings|76/100 brn
|move|p2a: Onion Rings|Psychic|p1a: Porygon2
|-damage|p1a: Porygon2|46/100
|
|-heal|p2a: Onion Rings|82/100 brn|[from] item: Black Sludge
|-damage|p2a: Onion Rings|76/100 brn|[from] brn
|upkeep
|turn|12
|
|t:|1776100843
|move|p1a: Porygon2|Recover|p1a: Porygon2
|-heal|p1a: Porygon2|96/100
|move|p2a: Onion Rings|Psychic|p1a: Porygon2
|-damage|p1a: Porygon2|75/100
|
|-heal|p2a: Onion Rings|82/100 brn|[from] item: Black Sludge
|-damage|p2a: Onion Rings|76/100 brn|[from] brn
|upkeep
|turn|13
|
|t:|1776100857
|move|p1a: Porygon2|Psyshock|p2a: Onion Rings
|-damage|p2a: Onion Rings|48/100 brn
|move|p2a: Onion Rings|Psychic|p1a: Porygon2
|-damage|p1a: Porygon2|52/100
|-unboost|p1a: Porygon2|spd|1
|
|-heal|p2a: Onion Rings|55/100 brn|[from] item: Black Sludge
|-damage|p2a: Onion Rings|48/100 brn|[from] brn
|upkeep
|turn|14
|
|t:|1776100870
|switch|p1a: Dragalge|Dragalge, F|57/100
|move|p2a: Onion Rings|Psychic|p1a: Dragalge
|-supereffective|p1a: Dragalge
|-damage|p1a: Dragalge|21/100
|
|-heal|p2a: Onion Rings|55/100 brn|[from] item: Black Sludge
|-damage|p2a: Onion Rings|48/100 brn|[from] brn
|upkeep
|turn|15
|
|t:|1776100884
|move|p1a: Dragalge|Dragon Pulse|p2a: Onion Rings
|-damage|p2a: Onion Rings|19/100 brn
|move|p2a: Onion Rings|Psychic|p1a: Dragalge
|-supereffective|p1a: Dragalge
|-damage|p1a: Dragalge|0 fnt
|faint|p1a: Dragalge
|
|-heal|p2a: Onion Rings|25/100 brn|[from] item: Black Sludge
|-damage|p2a: Onion Rings|19/100 brn|[from] brn
|upkeep
|
|t:|1776100895
|switch|p1a: Salamence|Salamence, F|100/100
|turn|16
|
|t:|1776100901
|switch|p2a: Avon|Pelipper, M|45/100
|-weather|RainDance|[from] ability: Drizzle|[of] p2a: Avon
|move|p1a: Salamence|Dragon Dance|p1a: Salamence
|-boost|p1a: Salamence|atk|1
|-boost|p1a: Salamence|spe|1
|
|-weather|RainDance|[upkeep]
|-heal|p2a: Avon|51/100|[from] item: Leftovers
|upkeep
|turn|17
|inactive|Blackbelt59 has 120 seconds left.
|
|t:|1776100945
|move|p2a: Avon|Protect|p2a: Avon
|-singleturn|p2a: Avon|Protect
|move|p1a: Salamence|Dragon Claw|p2a: Avon
|-activate|p2a: Avon|move: Protect
|
|-weather|RainDance|[upkeep]
|-heal|p2a: Avon|57/100|[from] item: Leftovers
|upkeep
|turn|18
|l|☆Unhappybeams
|inactive|Unhappybeams disconnected and has a minute to reconnect!
|player|p1|
|j|☆Unhappybeams
|inactive|Unhappybeams reconnected and has 140 seconds left.
|player|p1|Unhappybeams|blackbelt-gen4dp|
|
|t:|1776100960
|move|p1a: Salamence|Dragon Claw|p2a: Avon
|-damage|p2a: Avon|9/100
|move|p2a: Avon|U-turn|p1a: Salamence
|-resisted|p1a: Salamence
|-damage|p1a: Salamence|95/100
|
|t:|1776100979
|switch|p2a: All In|Gholdengo|100/100|[from] U-turn
|
|-weather|RainDance|[upkeep]
|upkeep
|turn|19
|
|t:|1776100989
|move|p1a: Salamence|Dragon Claw|p2a: All In
|-resisted|p2a: All In
|-damage|p2a: All In|61/100
|move|p2a: All In|Dazzling Gleam|p1a: Salamence
|-supereffective|p1a: Salamence
|-damage|p1a: Salamence|26/100
|
|-weather|RainDance|[upkeep]
|upkeep
|turn|20
|inactive|Blackbelt59 has 120 seconds left.
|
|t:|1776100999
|move|p1a: Salamence|Dual Wingbeat|p2a: All In
|-resisted|p2a: All In
|-damage|p2a: All In|43/100
|-resisted|p2a: All In
|-damage|p2a: All In|24/100
|-hitcount|p2a: All In|2
|move|p2a: All In|Dazzling Gleam|p1a: Salamence
|-supereffective|p1a: Salamence
|-damage|p1a: Salamence|0 fnt
|faint|p1a: Salamence
|
|-weather|none
|upkeep
|
|t:|1776101015
|switch|p1a: Arcanine|Arcanine, M|100/100
|-ability|p1a: Arcanine|Intimidate|boost
|-unboost|p2a: All In|atk|1
|turn|21
|inactive|Blackbelt59 has 120 seconds left.
|
|t:|1776101040
|switch|p2a: Avon|Pelipper, M|9/100
|-weather|RainDance|[from] ability: Drizzle|[of] p2a: Avon
|move|p1a: Arcanine|Flame Charge|p2a: Avon
|-resisted|p2a: Avon
|-damage|p2a: Avon|4/100
|-boost|p1a: Arcanine|spe|1
|
|-weather|RainDance|[upkeep]
|-heal|p2a: Avon|10/100|[from] item: Leftovers
|upkeep
|turn|22
|
|t:|1776101056
|move|p1a: Arcanine|Crunch|p2a: Avon
|-damage|p2a: Avon|0 fnt
|faint|p2a: Avon
|
|-weather|RainDance|[upkeep]
|upkeep
|
|t:|1776101062
|switch|p2a: Ed|Raging Bolt|100/100
|-enditem|p2a: Ed|Booster Energy
|-activate|p2a: Ed|ability: Protosynthesis|[fromitem]
|-start|p2a: Ed|protosynthesisspa
|turn|23
|
|t:|1776101073
|switch|p1a: Porygon2|Porygon2|52/100
|move|p2a: Ed|Weather Ball|p1a: Porygon2
|-damage|p1a: Porygon2|6/100
|
|-weather|RainDance|[upkeep]
|upkeep
|turn|24
|inactive|Blackbelt59 has 120 seconds left.
|
|t:|1776101091
|move|p2a: Ed|Thunder|p1a: Porygon2
|-damage|p1a: Porygon2|0 fnt
|faint|p1a: Porygon2
|
|-weather|RainDance|[upkeep]
|upkeep
|
|t:|1776101099
|switch|p1a: Salazzle|Salazzle, F|100/100
|turn|25
|inactive|Blackbelt59 has 120 seconds left.
|
|t:|1776101105
|move|p1a: Salazzle|Sludge Bomb|p2a: Ed
|-crit|p2a: Ed
|-damage|p2a: Ed|48/100
|move|p2a: Ed|Weather Ball|p1a: Salazzle
|-supereffective|p1a: Salazzle
|-enditem|p1a: Salazzle|Focus Sash
|-damage|p1a: Salazzle|1/100
|
|-weather|none
|upkeep
|turn|26
|
|t:|1776101117
|move|p2a: Ed|Thunderclap|p1a: Salazzle
|-damage|p1a: Salazzle|0 fnt
|faint|p1a: Salazzle
|
|upkeep
|
|t:|1776101122
|switch|p1a: Great Tusk|Great Tusk|100/100
|-enditem|p1a: Great Tusk|Booster Energy
|-activate|p1a: Great Tusk|ability: Protosynthesis|[fromitem]
|-start|p1a: Great Tusk|protosynthesisatk
|turn|27
|
|t:|1776101134
|move|p1a: Great Tusk|Rapid Spin|p2a: Ed
|-damage|p2a: Ed|27/100
|-boost|p1a: Great Tusk|spe|1
|move|p2a: Ed|Dragon Pulse|p1a: Great Tusk
|-damage|p1a: Great Tusk|0 fnt
|faint|p1a: Great Tusk
|-end|p1a: Great Tusk|Protosynthesis|[silent]
|
|upkeep
|c|☆Blackbelt59|gg
|
|t:|1776101142
|switch|p1a: Arcanine|Arcanine, M|100/100
|-ability|p1a: Arcanine|Intimidate|boost
|-unboost|p2a: Ed|atk|1
|turn|28
|
|t:|1776101150
|move|p1a: Arcanine|Extreme Speed|p2a: Ed
|-damage|p2a: Ed|6/100
|move|p2a: Ed|Thunderclap||[still]
|-fail|p2a: Ed
|
|upkeep
|turn|29
|
|t:|1776101157
|move|p1a: Arcanine|Extreme Speed|p2a: Ed
|-crit|p2a: Ed
|-damage|p2a: Ed|0 fnt
|faint|p2a: Ed
|-end|p2a: Ed|Protosynthesis|[silent]
|
|upkeep
|
|t:|1776101176
|switch|p2a: Draft Kings|Dragonite, F|100/100
|turn|30
|
|t:|1776101190
|-terastallize|p2a: Draft Kings|Dragon
|move|p2a: Draft Kings|Dragon Dance|p2a: Draft Kings
|-boost|p2a: Draft Kings|atk|1
|-boost|p2a: Draft Kings|spe|1
|move|p1a: Arcanine|Will-O-Wisp|p2a: Draft Kings
|-status|p2a: Draft Kings|brn
|
|-damage|p2a: Draft Kings|94/100 brn|[from] brn
|upkeep
|turn|31
|
|t:|1776101202
|move|p2a: Draft Kings|Earthquake|p1a: Arcanine
|-supereffective|p1a: Arcanine
|-damage|p1a: Arcanine|41/100
|move|p1a: Arcanine|Crunch|p2a: Draft Kings
|-damage|p2a: Draft Kings|62/100 brn
|
|-damage|p2a: Draft Kings|56/100 brn|[from] brn
|upkeep
|turn|32
|
|t:|1776101212
|move|p1a: Arcanine|Extreme Speed|p2a: Draft Kings
|-damage|p2a: Draft Kings|27/100 brn
|move|p2a: Draft Kings|Earthquake|p1a: Arcanine
|-supereffective|p1a: Arcanine
|-damage|p1a: Arcanine|0 fnt
|faint|p1a: Arcanine
|
|win|Blackbelt59
|raw|Unhappybeams's rating: 1240 &rarr; <strong>1218</strong><br />(-22 for losing)
|raw|Blackbelt59's rating: 1281 &rarr; <strong>1303</strong><br />(+22 for winning)
|l|☆Unhappybeams
|player|p1|
|l|☆Blackbelt59
|player|p2|
