|html|<div class="broadcast-blue"><strong>[Gen 9] OU is currently suspecting Tera Blast! For information on how to participate check out the <a href="https://www.smogon.com/tools/suspects/view/200">suspect thread</a>.</strong></div>
|j|☆newmira45
|j|☆kwjk
|t:|1776090471
|gametype|singles
|player|p1|newmira45|byron|1132
|player|p2|kwjk|2|1187
|gen|9
|tier|[Gen 9] OU
|rated|
|rule|HP Percentage Mod: HP is shown in percentages
|rule|Endless Battle Clause: Forcing endless battles is banned
|rule|Species Clause: Limit one of each Pokémon
|rule|OHKO Clause: OHKO moves are banned
|rule|Evasion Items Clause: Evasion items are banned
|rule|Evasion Moves Clause: Evasion moves are banned
|rule|Evasion Abilities Clause: Evasion abilities are banned
|rule|Sleep Moves Clause: Sleep-inducing moves are banned
|clearpoke
|poke|p1|Golem, F|
|poke|p1|Jolteon, M|
|poke|p1|Iron Valiant|
|poke|p1|Kingambit, M|
|poke|p1|Great Tusk|
|poke|p1|Dragapult, M|
|poke|p2|Hawlucha, F|
|poke|p2|Dragonite, M|
|poke|p2|Landorus-Therian, M|
|poke|p2|Pelipper, F|
|poke|p2|Zapdos|
|poke|p2|Zamazenta-*|
|teampreview
|inactive|Battle timer is ON: inactive players will automatically lose when time's up. (requested by newmira45)
|
|t:|1776090475
|teamsize|p1|6
|teamsize|p2|6
|start
|switch|p1a: Golem|Golem, F|100/100
|switch|p2a: Pelipper|Pelipper, F|100/100
|-weather|RainDance|[from] ability: Drizzle|[of] p2a: Pelipper
|turn|1
|
|t:|1776090487
|move|p2a: Pelipper|Weather Ball|p1a: Golem
|-supereffective|p1a: Golem
|-ability|p1a: Golem|Sturdy
|-damage|p1a: Golem|1/100
|move|p1a: Golem|Stealth Rock|p2a: Pelipper
|-sidestart|p2: kwjk|move: Stealth Rock
|
|-weather|RainDance|[upkeep]
|upkeep
|turn|2
|-enditem|p1a: Golem|Custap Berry|[eat]
|-activate|p1a: Golem|item: Custap Berry|[consumed]
|
|t:|1776090499
|move|p1a: Golem|Explosion|p2a: Pelipper
|-damage|p2a: Pelipper|37/100
|faint|p1a: Golem
|move|p2a: Pelipper|U-turn|p1: Golem|[notarget]
|-fail|p2a: Pelipper
|
|-weather|RainDance|[upkeep]
|upkeep
|
|t:|1776090509
|switch|p1a: Iron Valiant|Iron Valiant|100/100
|-enditem|p1a: Iron Valiant|Booster Energy
|-activate|p1a: Iron Valiant|ability: Quark Drive|[fromitem]
|-start|p1a: Iron Valiant|quarkdrivespe
|turn|3
|
|t:|1776090523
|move|p1a: Iron Valiant|Moonblast|p2a: Pelipper
|-damage|p2a: Pelipper|0 fnt
|faint|p2a: Pelipper
|
|-weather|RainDance|[upkeep]
|upkeep
|
|t:|1776090536
|switch|p2a: Zapdos|Zapdos|100/100
|-damage|p2a: Zapdos|76/100|[from] Stealth Rock
|turn|4
|
|t:|1776090562
|move|p1a: Iron Valiant|Moonblast|p2a: Zapdos
|-damage|p2a: Zapdos|33/100
|move|p2a: Zapdos|Thunder|p1a: Iron Valiant
|-damage|p1a: Iron Valiant|0 fnt
|faint|p1a: Iron Valiant
|-end|p1a: Iron Valiant|Quark Drive|[silent]
|
|-weather|RainDance|[upkeep]
|upkeep
|
|t:|1776090572
|switch|p1a: Dragapult|Dragapult, M|100/100
|turn|5
|
|t:|1776090578
|move|p1a: Dragapult|Dragon Darts|p2a: Zapdos
|-damage|p2a: Zapdos|0 fnt
|faint|p2a: Zapdos
|
|-weather|RainDance|[upkeep]
|upkeep
|
|t:|1776090596
|switch|p2a: Zamazenta|Zamazenta|100/100
|-damage|p2a: Zamazenta|94/100|[from] Stealth Rock
|-ability|p2a: Zamazenta|Dauntless Shield|boost
|-boost|p2a: Zamazenta|def|1
|turn|6
|
|t:|1776090604
|move|p1a: Dragapult|Dragon Darts|p2a: Zamazenta
|-damage|p2a: Zamazenta|75/100
|-anim|p1a: Dragapult|Dragon Darts|p2a: Zamazenta
|-damage|p2a: Zamazenta|56/100
|move|p2a: Zamazenta|Crunch|p1a: Dragapult
|-supereffective|p1a: Dragapult
|-damage|p1a: Dragapult|20/100
|
|-weather|RainDance|[upkeep]
|-heal|p2a: Zamazenta|62/100|[from] item: Leftovers
|upkeep
|turn|7
|inactive|kwjk has 120 seconds left.
|
|t:|1776090637
|switch|p1a: Great Tusk|Great Tusk|100/100
|-enditem|p1a: Great Tusk|Booster Energy
|-activate|p1a: Great Tusk|ability: Protosynthesis|[fromitem]
|-start|p1a: Great Tusk|protosynthesisatk
|move|p2a: Zamazenta|Crunch|p1a: Great Tusk
|-resisted|p1a: Great Tusk
|-damage|p1a: Great Tusk|91/100
|
|-weather|RainDance|[upkeep]
|-heal|p2a: Zamazenta|68/100|[from] item: Leftovers
|upkeep
|turn|8
|inactive|kwjk has 120 seconds left.
|
|t:|1776090656
|move|p2a: Zamazenta|Iron Defense|p2a: Zamazenta
|-boost|p2a: Zamazenta|def|2
|move|p1a: Great Tusk|Headlong Rush|p2a: Zamazenta
|-damage|p2a: Zamazenta|44/100
|-unboost|p1a: Great Tusk|def|1
|-unboost|p1a: Great Tusk|spd|1
|
|-weather|none
|-heal|p2a: Zamazenta|50/100|[from] item: Leftovers
|upkeep
|turn|9
|inactive|kwjk has 120 seconds left.
|
|t:|1776090668
|move|p2a: Zamazenta|Crunch|p1a: Great Tusk
|-resisted|p1a: Great Tusk
|-damage|p1a: Great Tusk|73/100
|move|p1a: Great Tusk|Headlong Rush|p2a: Zamazenta
|-damage|p2a: Zamazenta|27/100
|-unboost|p1a: Great Tusk|def|1
|-unboost|p1a: Great Tusk|spd|1
|
|-heal|p2a: Zamazenta|33/100|[from] item: Leftovers
|upkeep
|turn|10
|inactive|kwjk has 120 seconds left.
|
|t:|1776090679
|move|p2a: Zamazenta|Brick Break|p1a: Great Tusk
|-damage|p1a: Great Tusk|14/100
|move|p1a: Great Tusk|Headlong Rush|p2a: Zamazenta
|-damage|p2a: Zamazenta|7/100
|-unboost|p1a: Great Tusk|def|1
|-unboost|p1a: Great Tusk|spd|1
|
|-heal|p2a: Zamazenta|13/100|[from] item: Leftovers
|upkeep
|turn|11
|inactive|kwjk has 120 seconds left.
|
|t:|1776090692
|move|p2a: Zamazenta|Crunch|p1a: Great Tusk
|-resisted|p1a: Great Tusk
|-damage|p1a: Great Tusk|0 fnt
|faint|p1a: Great Tusk
|-end|p1a: Great Tusk|Protosynthesis|[silent]
|
|-heal|p2a: Zamazenta|19/100|[from] item: Leftovers
|upkeep
|
|t:|1776090696
|switch|p1a: Dragapult|Dragapult, M|20/100
|turn|12
|inactive|kwjk has 120 seconds left.
|
|t:|1776090706
|move|p1a: Dragapult|Dragon Darts|p2a: Zamazenta
|-damage|p2a: Zamazenta|7/100
|-anim|p1a: Dragapult|Dragon Darts|p2a: Zamazenta
|-damage|p2a: Zamazenta|0 fnt
|faint|p2a: Zamazenta
|
|upkeep
|inactive|kwjk has 120 seconds left.
|
|t:|1776090719
|switch|p2a: Dragonite|Dragonite, M|100/100
|-damage|p2a: Dragonite|76/100|[from] Stealth Rock
|turn|13
|inactive|kwjk has 120 seconds left.
|
|t:|1776090727
|-terastallize|p2a: Dragonite|Normal
|move|p1a: Dragapult|Dragon Darts|p2a: Dragonite
|-damage|p2a: Dragonite|42/100
|-anim|p1a: Dragapult|Dragon Darts|p2a: Dragonite
|-crit|p2a: Dragonite
|-damage|p2a: Dragonite|0 fnt
|faint|p2a: Dragonite
|
|upkeep
|inactive|kwjk has 120 seconds left.
|
|t:|1776090746
|switch|p2a: Landorus|Landorus-Therian, M|100/100
|-damage|p2a: Landorus|88/100|[from] Stealth Rock
|-ability|p2a: Landorus|Intimidate|boost
|-fail|p1a: Dragapult|unboost|[from] ability: Clear Body|[of] p1a: Dragapult
|turn|14
|
|t:|1776090756
|move|p1a: Dragapult|Dragon Darts|p2a: Landorus
|-damage|p2a: Landorus|41/100
|-anim|p1a: Dragapult|Dragon Darts|p2a: Landorus
|-damage|p2a: Landorus|0 fnt
|faint|p2a: Landorus
|
|upkeep
|
|t:|1776090763
|switch|p2a: Hawlucha|Hawlucha, F, shiny|100/100
|-damage|p2a: Hawlucha|88/100|[from] Stealth Rock
|turn|15
|inactive|kwjk has 120 seconds left.
|
|t:|1776090768
|move|p1a: Dragapult|Dragon Darts|p2a: Hawlucha
|-damage|p2a: Hawlucha|38/100
|-enditem|p2a: Hawlucha|Sitrus Berry|[eat]
|-heal|p2a: Hawlucha|62/100|[from] item: Sitrus Berry
|-anim|p1a: Dragapult|Dragon Darts|p2a: Hawlucha
|-damage|p2a: Hawlucha|4/100
|move|p2a: Hawlucha|Brave Bird|p1a: Dragapult
|-damage|p1a: Dragapult|0 fnt
|faint|p1a: Dragapult
|-damage|p2a: Hawlucha|0 fnt|[from] Recoil
|faint|p2a: Hawlucha
|
|win|newmira45
|raw|newmira45's rating: 1132 &rarr; <strong>1161</strong><br />(+29 for winning)
|raw|kwjk's rating: 1187 &rarr; <strong>1158</strong><br />(-29 for losing)
|l|☆newmira45
|player|p1|
|l|☆kwjk
|player|p2|
