|html|<div class="broadcast-blue"><strong>[Gen 9] OU is currently suspecting Volcarona! For information on how to participate check out the <a href="https://www.smogon.com/tools/suspects/view/208">suspect thread</a>.</strong></div>
|j|☆MoncefTheW
|j|☆Harriiii22
|t:|1778498956
|gametype|singles
|player|p1|MoncefTheW|psychic-gen4|1284
|player|p2|Harriiii22|medium|1246
|gen|9
|tier|[Gen 9] OU
|rated|
|rule|HP Percentage Mod: HP is shown in percentages
|rule|Endless Battle Clause: Forcing endless battles is banned
|rule|Species Clause: Limit one of each Pokémon
|rule|OHKO Clause: OHKO moves are banned
|rule|Evasion Items Clause: Evasion items are banned
|rule|Evasion Moves Clause: Evasion moves are banned
|rule|Evasion Abilities Clause: Evasion abilities are banned
|rule|Sleep Moves Clause: Sleep-inducing moves are banned
|clearpoke
|poke|p1|Meowscarada, F|
|poke|p1|Volcanion|
|poke|p1|Scizor, M|
|poke|p1|Mimikyu, M|
|poke|p1|Metagross|
|poke|p1|Iron Hands|
|poke|p2|Raging Bolt|
|poke|p2|Torkoal, F|
|poke|p2|Hatterene, F|
|poke|p2|Venusaur, M|
|poke|p2|Kingambit, M|
|poke|p2|Great Tusk|
|teampreview
|inactive|Battle timer is ON: inactive players will automatically lose when time's up. (requested by MoncefTheW)
|
|t:|1778498962
|teamsize|p1|6
|teamsize|p2|6
|start
|switch|p1a: Jolyne|Meowscarada, F, shiny|100/100
|switch|p2a: Torkoal|Torkoal, F|100/100
|-weather|SunnyDay|[from] ability: Drought|[of] p2a: Torkoal
|turn|1
|j| iron clad618
|
|t:|1778498968
|move|p1a: Jolyne|Thunder Punch|p2a: Torkoal
|-start|p1a: Jolyne|typechange|Electric|[from] ability: Protean
|-damage|p2a: Torkoal|56/100
|move|p2a: Torkoal|Overheat|p1a: Jolyne|[miss]
|-miss|p2a: Torkoal|p1a: Jolyne
|
|-weather|SunnyDay|[upkeep]
|upkeep
|turn|2
|
|t:|1778498980
|switch|p1a: Josuke|Volcanion|100/100
|move|p2a: Torkoal|Overheat|p1a: Josuke
|-resisted|p1a: Josuke
|-damage|p1a: Josuke|74/100
|-unboost|p2a: Torkoal|spa|2
|
|-weather|SunnyDay|[upkeep]
|-heal|p1a: Josuke|80/100|[from] item: Leftovers
|upkeep
|turn|3
|
|t:|1778498988
|switch|p2a: Venusaur|Venusaur, M|100/100
|move|p1a: Josuke|Steam Eruption|p2a: Venusaur
|-resisted|p2a: Venusaur
|-damage|p2a: Venusaur|81/100
|
|-weather|SunnyDay|[upkeep]
|-heal|p1a: Josuke|86/100|[from] item: Leftovers
|upkeep
|turn|4
|
|t:|1778498999
|-terastallize|p2a: Venusaur|Fire
|move|p2a: Venusaur|Growth|p2a: Venusaur
|-boost|p2a: Venusaur|atk|2
|-boost|p2a: Venusaur|spa|2
|move|p1a: Josuke|Flamethrower|p2a: Venusaur
|-resisted|p2a: Venusaur
|-damage|p2a: Venusaur|30/100
|
|-weather|SunnyDay|[upkeep]
|-heal|p1a: Josuke|92/100|[from] item: Leftovers
|upkeep
|turn|5
|
|t:|1778499006
|move|p2a: Venusaur|Giga Drain|p1a: Josuke
|-damage|p1a: Josuke|0 fnt
|-heal|p2a: Venusaur|75/100|[from] drain|[of] p1a: Josuke
|faint|p1a: Josuke
|-damage|p2a: Venusaur|65/100|[from] item: Life Orb
|
|-weather|SunnyDay|[upkeep]
|upkeep
|
|t:|1778499012
|switch|p1a: Giorno|Mimikyu, M, shiny|100/100
|turn|6
|
|t:|1778499015
|move|p2a: Venusaur|Giga Drain|p1a: Giorno
|-activate|p1a: Giorno|ability: Disguise
|-damage|p1a: Giorno|100/100
|detailschange|p1a: Giorno|Mimikyu-Busted, M, shiny
|-damage|p1a: Giorno|88/100|[from] pokemon: Mimikyu-Busted
|-enditem|p1a: Giorno|Red Card|[of] p2a: Venusaur
|drag|p2a: Raging Bolt|Raging Bolt|100/100
|-activate|p2a: Raging Bolt|ability: Protosynthesis
|-start|p2a: Raging Bolt|protosynthesisspa
|move|p1a: Giorno|Swords Dance|p1a: Giorno
|-boost|p1a: Giorno|atk|2
|
|-weather|SunnyDay|[upkeep]
|upkeep
|turn|7
|l| iron clad618
|
|t:|1778499027
|move|p1a: Giorno|Play Rough|p2a: Raging Bolt
|-supereffective|p2a: Raging Bolt
|-crit|p2a: Raging Bolt
|-damage|p2a: Raging Bolt|0 fnt
|faint|p2a: Raging Bolt
|-end|p2a: Raging Bolt|Protosynthesis|[silent]
|
|-weather|SunnyDay|[upkeep]
|upkeep
|
|t:|1778499037
|switch|p2a: Hatterene|Hatterene, F|100/100
|-item|p2a: Hatterene|Air Balloon
|turn|8
|
|t:|1778499059
|move|p1a: Giorno|Shadow Claw|p2a: Hatterene
|-supereffective|p2a: Hatterene
|-damage|p2a: Hatterene|0 fnt
|-enditem|p2a: Hatterene|Air Balloon
|faint|p2a: Hatterene
|
|-weather|none
|upkeep
|
|t:|1778499066
|switch|p2a: Kingambit|Kingambit, M|100/100
|-activate|p2a: Kingambit|ability: Supreme Overlord
|-start|p2a: Kingambit|fallen2|[silent]
|turn|9
|
|t:|1778499072
|move|p1a: Giorno|Play Rough|p2a: Kingambit
|-damage|p2a: Kingambit|42/100
|move|p2a: Kingambit|Swords Dance|p2a: Kingambit
|-boost|p2a: Kingambit|atk|2
|
|-heal|p2a: Kingambit|48/100|[from] item: Leftovers
|upkeep
|turn|10
|
|t:|1778499080
|move|p2a: Kingambit|Sucker Punch|p1a: Giorno
|-damage|p1a: Giorno|0 fnt
|faint|p1a: Giorno
|
|-heal|p2a: Kingambit|54/100|[from] item: Leftovers
|upkeep
|
|t:|1778499084
|switch|p1a: Johnny|Iron Hands, shiny|100/100
|-enditem|p1a: Johnny|Booster Energy
|-activate|p1a: Johnny|ability: Quark Drive|[fromitem]
|-start|p1a: Johnny|quarkdriveatk
|turn|11
|
|t:|1778499092
|move|p2a: Kingambit|Sucker Punch||[still]
|-fail|p2a: Kingambit
|move|p1a: Johnny|Swords Dance|p1a: Johnny
|-boost|p1a: Johnny|atk|2
|
|-heal|p2a: Kingambit|60/100|[from] item: Leftovers
|upkeep
|turn|12
|
|t:|1778499102
|move|p2a: Kingambit|Iron Head|p1a: Johnny
|-resisted|p1a: Johnny
|-damage|p1a: Johnny|59/100
|move|p1a: Johnny|Drain Punch|p2a: Kingambit
|-supereffective|p2a: Kingambit
|-damage|p2a: Kingambit|0 fnt
|-heal|p1a: Johnny|83/100|[from] drain|[of] p2a: Kingambit
|faint|p2a: Kingambit
|-end|p2a: Kingambit|fallen2|[silent]
|
|upkeep
|
|t:|1778499108
|switch|p2a: Torkoal|Torkoal, F|56/100
|-weather|SunnyDay|[from] ability: Drought|[of] p2a: Torkoal
|turn|13
|
|t:|1778499112
|move|p1a: Johnny|Drain Punch|p2a: Torkoal
|-damage|p2a: Torkoal|0 fnt
|-heal|p1a: Johnny|100/100|[from] drain|[of] p2a: Torkoal
|faint|p2a: Torkoal
|
|-weather|SunnyDay|[upkeep]
|upkeep
|
|t:|1778499121
|switch|p2a: Great Tusk|Great Tusk|100/100
|-activate|p2a: Great Tusk|ability: Protosynthesis
|-start|p2a: Great Tusk|protosynthesisatk
|turn|14
|
|t:|1778499128
|-terastallize|p1a: Johnny|Flying
|move|p2a: Great Tusk|Headlong Rush|p1a: Johnny
|-immune|p1a: Johnny
|move|p1a: Johnny|Play Rough|p2a: Great Tusk
|-supereffective|p2a: Great Tusk
|-crit|p2a: Great Tusk
|-damage|p2a: Great Tusk|0 fnt
|-damage|p1a: Johnny|84/100|[from] item: Rocky Helmet|[of] p2a: Great Tusk
|faint|p2a: Great Tusk
|-end|p2a: Great Tusk|Protosynthesis|[silent]
|
|-weather|SunnyDay|[upkeep]
|upkeep
|
|t:|1778499131
|switch|p2a: Venusaur|Venusaur, M, tera:Fire|65/100
|turn|15
|
|t:|1778499140
|move|p2a: Venusaur|Weather Ball|p1a: Johnny
|-damage|p1a: Johnny|21/100
|-damage|p2a: Venusaur|55/100|[from] item: Life Orb
|move|p1a: Johnny|Drain Punch|p2a: Venusaur
|-damage|p2a: Venusaur|0 fnt
|-heal|p1a: Johnny|40/100|[from] drain|[of] p2a: Venusaur
|faint|p2a: Venusaur
|
|win|MoncefTheW
|raw|MoncefTheW's rating: 1284 &rarr; <strong>1306</strong><br />(+22 for winning)
|raw|Harriiii22's rating: 1246 &rarr; <strong>1224</strong><br />(-22 for losing)
|l|☆Harriiii22
|player|p2|
