|html|<div class="broadcast-blue"><strong>[Gen 9] OU is currently suspecting Tera Blast! For information on how to participate check out the <a href="https://www.smogon.com/tools/suspects/view/200">suspect thread</a>.</strong></div>
|j|☆elpachirisudelvgc
|j|☆Rolosparkler
|t:|1776133797
|gametype|singles
|player|p1|elpachirisudelvgc|gambler|1449
|player|p2|Rolosparkler|ghetsis|1497
|gen|9
|tier|[Gen 9] OU
|rated|
|rule|HP Percentage Mod: HP is shown in percentages
|rule|Endless Battle Clause: Forcing endless battles is banned
|rule|Species Clause: Limit one of each Pokémon
|rule|OHKO Clause: OHKO moves are banned
|rule|Evasion Items Clause: Evasion items are banned
|rule|Evasion Moves Clause: Evasion moves are banned
|rule|Evasion Abilities Clause: Evasion abilities are banned
|rule|Sleep Moves Clause: Sleep-inducing moves are banned
|clearpoke
|poke|p1|Tyranitar, F|
|poke|p1|Excadrill, M|
|poke|p1|Pecharunt|
|poke|p1|Ogerpon-Wellspring, F|
|poke|p1|Raging Bolt|
|poke|p1|Scizor, F|
|poke|p2|Great Tusk|
|poke|p2|Gliscor, F|
|poke|p2|Kingambit, F|
|poke|p2|Zamazenta-*|
|poke|p2|Gholdengo|
|poke|p2|Toxapex, M|
|teampreview
|inactive|Battle timer is ON: inactive players will automatically lose when time's up. (requested by elpachirisudelvgc)
|c|☆elpachirisudelvgc|glhf
|inactive|Rolosparkler has 120 seconds left.
|c|☆Rolosparkler|gl
|
|t:|1776133854
|teamsize|p1|6
|teamsize|p2|6
|start
|switch|p1a: Ogerpon|Ogerpon-Wellspring, F|100/100
|switch|p2a: Great Tusk|Great Tusk, shiny|100/100
|turn|1
|
|t:|1776133870
|-end|p2a: Great Tusk|Protosynthesis|[silent]
|switch|p2a: Toxapex|Toxapex, M, shiny|100/100
|move|p1a: Ogerpon|Ivy Cudgel|p2a: Toxapex|[anim] Ivy Cudgel Water
|-resisted|p2a: Toxapex
|-damage|p2a: Toxapex|83/100
|
|upkeep
|turn|2
|
|t:|1776133877
|move|p1a: Ogerpon|U-turn|p2a: Toxapex
|-resisted|p2a: Toxapex
|-damage|p2a: Toxapex|75/100
|-damage|p1a: Ogerpon|84/100|[from] item: Rocky Helmet|[of] p2a: Toxapex
|
|t:|1776133882
|switch|p1a: Excadrill|Excadrill, M|100/100|[from] U-turn
|move|p2a: Toxapex|Toxic|p1a: Excadrill
|-immune|p1a: Excadrill
|
|upkeep
|turn|3
|
|t:|1776133895
|switch|p1a: Ogerpon|Ogerpon-Wellspring, F|84/100
|switch|p2a: Gliscor|Gliscor, F, shiny|100/100
|
|-status|p2a: Gliscor|tox|[from] item: Toxic Orb
|upkeep
|turn|4
|
|t:|1776133903
|switch|p2a: Toxapex|Toxapex, M, shiny|100/100
|move|p1a: Ogerpon|Spikes|p2a: Toxapex
|-sidestart|p2: Rolosparkler|Spikes
|
|upkeep
|turn|5
|
|t:|1776133914
|switch|p1a: Scizor|Scizor, F|100/100
|move|p2a: Toxapex|Toxic|p1a: Scizor
|-immune|p1a: Scizor
|
|upkeep
|turn|6
|
|t:|1776133919
|move|p1a: Scizor|Knock Off|p2a: Toxapex
|-damage|p2a: Toxapex|84/100
|-damage|p1a: Scizor|84/100|[from] item: Rocky Helmet|[of] p2a: Toxapex
|-enditem|p2a: Toxapex|Rocky Helmet|[from] move: Knock Off|[of] p1a: Scizor
|move|p2a: Toxapex|Chilling Water|p1a: Scizor
|-damage|p1a: Scizor|76/100
|-unboost|p1a: Scizor|atk|1
|
|-heal|p1a: Scizor|82/100|[from] item: Leftovers
|upkeep
|turn|7
|
|t:|1776133932
|move|p1a: Scizor|Swords Dance|p1a: Scizor
|-boost|p1a: Scizor|atk|2
|move|p2a: Toxapex|Toxic|p1a: Scizor
|-immune|p1a: Scizor
|
|-heal|p1a: Scizor|88/100|[from] item: Leftovers
|upkeep
|turn|8
|
|t:|1776133937
|move|p1a: Scizor|Swords Dance|p1a: Scizor
|-boost|p1a: Scizor|atk|2
|move|p2a: Toxapex|Haze|p2a: Toxapex
|-clearallboost
|
|-heal|p1a: Scizor|94/100|[from] item: Leftovers
|upkeep
|turn|9
|
|t:|1776133947
|switch|p1a: Pecharunt|Pecharunt|100/100
|-item|p1a: Pecharunt|Air Balloon
|move|p2a: Toxapex|Chilling Water|p1a: Pecharunt
|-damage|p1a: Pecharunt|89/100
|-unboost|p1a: Pecharunt|atk|1
|-enditem|p1a: Pecharunt|Air Balloon
|
|upkeep
|turn|10
|
|t:|1776133959
|switch|p2a: Great Tusk|Great Tusk, shiny|100/100
|-damage|p2a: Great Tusk|88/100|[from] Spikes
|move|p1a: Pecharunt|Parting Shot|p2a: Great Tusk
|-unboost|p2a: Great Tusk|atk|1
|-unboost|p2a: Great Tusk|spa|1
|
|t:|1776133966
|switch|p1a: Ogerpon|Ogerpon-Wellspring, F|84/100|[from] Parting Shot
|
|upkeep
|turn|11
|
|t:|1776133972
|-end|p2a: Great Tusk|Protosynthesis|[silent]
|switch|p2a: Toxapex|Toxapex, M, shiny|100/100
|-damage|p2a: Toxapex|88/100|[from] Spikes
|move|p1a: Ogerpon|U-turn|p2a: Toxapex
|-resisted|p2a: Toxapex
|-damage|p2a: Toxapex|80/100
|
|t:|1776133975
|switch|p1a: Raging Bolt|Raging Bolt|100/100|[from] U-turn
|
|upkeep
|turn|12
|
|t:|1776133984
|switch|p2a: Gliscor|Gliscor, F, shiny|100/100 tox
|move|p1a: Raging Bolt|Volt Switch|p2a: Gliscor
|-immune|p2a: Gliscor
|
|upkeep
|turn|13
|
|t:|1776133992
|-end|p1a: Raging Bolt|Protosynthesis|[silent]
|switch|p1a: Ogerpon|Ogerpon-Wellspring, F|84/100
|move|p2a: Gliscor|Earthquake|p1a: Ogerpon
|-resisted|p1a: Ogerpon
|-damage|p1a: Ogerpon|61/100
|
|upkeep
|turn|14
|
|t:|1776134000
|move|p1a: Ogerpon|Ivy Cudgel|p2a: Gliscor|[anim] Ivy Cudgel Water
|-supereffective|p2a: Gliscor
|-damage|p2a: Gliscor|2/100 tox
|move|p2a: Gliscor|Dual Wingbeat|p1a: Ogerpon|[miss]
|-miss|p2a: Gliscor|p1a: Ogerpon
|
|-heal|p2a: Gliscor|14/100 tox|[from] ability: Poison Heal
|upkeep
|turn|15
|c|☆elpachirisudelvgc|srry
|
|t:|1776134011
|move|p2a: Gliscor|Protect|p2a: Gliscor
|-singleturn|p2a: Gliscor|Protect
|move|p1a: Ogerpon|Knock Off|p2a: Gliscor
|-activate|p2a: Gliscor|move: Protect
|
|-heal|p2a: Gliscor|27/100 tox|[from] ability: Poison Heal
|upkeep
|turn|16
|c|☆Rolosparkler|no it was my mistake
|
|t:|1776134026
|switch|p2a: Toxapex|Toxapex, M, shiny|100/100
|-damage|p2a: Toxapex|88/100|[from] Spikes
|move|p1a: Ogerpon|U-turn|p2a: Toxapex
|-resisted|p2a: Toxapex
|-damage|p2a: Toxapex|80/100
|
|t:|1776134032
|switch|p1a: Raging Bolt|Raging Bolt|100/100|[from] U-turn
|
|upkeep
|turn|17
|
|t:|1776134037
|move|p1a: Raging Bolt|Draco Meteor|p2a: Toxapex
|-damage|p2a: Toxapex|0 fnt
|-unboost|p1a: Raging Bolt|spa|2
|faint|p2a: Toxapex
|
|upkeep
|
|t:|1776134051
|switch|p2a: Gholdengo|Gholdengo|100/100
|-item|p2a: Gholdengo|Air Balloon
|turn|18
|
|t:|1776134061
|-end|p1a: Raging Bolt|Protosynthesis|[silent]
|switch|p1a: Tyranitar|Tyranitar, F|100/100
|-weather|Sandstorm|[from] ability: Sand Stream|[of] p1a: Tyranitar
|move|p2a: Gholdengo|Nasty Plot|p2a: Gholdengo
|-boost|p2a: Gholdengo|spa|2
|
|-weather|Sandstorm|[upkeep]
|upkeep
|turn|19
|
|t:|1776134077
|-terastallize|p1a: Tyranitar|Flying
|move|p2a: Gholdengo|Make It Rain|p1a: Tyranitar
|-damage|p1a: Tyranitar|25/100
|-unboost|p2a: Gholdengo|spa|1
|move|p1a: Tyranitar|Knock Off|p2a: Gholdengo
|-supereffective|p2a: Gholdengo
|-damage|p2a: Gholdengo|11/100
|-enditem|p2a: Gholdengo|Air Balloon
|
|-weather|Sandstorm|[upkeep]
|-damage|p1a: Tyranitar|18/100|[from] Sandstorm
|upkeep
|turn|20
|
|t:|1776134092
|switch|p1a: Excadrill|Excadrill, M|100/100
|move|p2a: Gholdengo|Shadow Ball|p1a: Excadrill
|-damage|p1a: Excadrill|15/100
|
|-weather|Sandstorm|[upkeep]
|-heal|p1a: Excadrill|22/100|[from] item: Leftovers
|upkeep
|turn|21
|
|t:|1776134107
|move|p1a: Excadrill|Rock Slide|p2a: Gholdengo
|-resisted|p2a: Gholdengo
|-damage|p2a: Gholdengo|0 fnt
|faint|p2a: Gholdengo
|
|-weather|Sandstorm|[upkeep]
|-heal|p1a: Excadrill|28/100|[from] item: Leftovers
|upkeep
|inactive|Rolosparkler has 120 seconds left.
|inactive|Rolosparkler has 90 seconds left.
|
|t:|1776134176
|switch|p2a: Zamazenta|Zamazenta, shiny|100/100
|-damage|p2a: Zamazenta|88/100|[from] Spikes
|-ability|p2a: Zamazenta|Dauntless Shield|boost
|-boost|p2a: Zamazenta|def|1
|turn|22
|
|t:|1776134183
|switch|p1a: Pecharunt|Pecharunt|89/100
|move|p2a: Zamazenta|Iron Defense|p2a: Zamazenta
|-boost|p2a: Zamazenta|def|2
|
|-weather|Sandstorm|[upkeep]
|-damage|p2a: Zamazenta|82/100|[from] Sandstorm
|-damage|p1a: Pecharunt|83/100|[from] Sandstorm
|-heal|p2a: Zamazenta|88/100|[from] item: Leftovers
|upkeep
|turn|23
|
|t:|1776134191
|move|p2a: Zamazenta|Substitute|p2a: Zamazenta
|-start|p2a: Zamazenta|Substitute
|-damage|p2a: Zamazenta|63/100
|move|p1a: Pecharunt|Malignant Chain|p2a: Zamazenta
|-end|p2a: Zamazenta|Substitute
|
|-weather|Sandstorm|[upkeep]
|-damage|p2a: Zamazenta|57/100|[from] Sandstorm
|-damage|p1a: Pecharunt|77/100|[from] Sandstorm
|-heal|p2a: Zamazenta|63/100|[from] item: Leftovers
|upkeep
|turn|24
|inactive|Rolosparkler has 90 seconds left.
|
|t:|1776134203
|switch|p2a: Kingambit|Kingambit, F, shiny|100/100
|-damage|p2a: Kingambit|88/100|[from] Spikes
|-activate|p2a: Kingambit|ability: Supreme Overlord
|-start|p2a: Kingambit|fallen2|[silent]
|move|p1a: Pecharunt|Malignant Chain|p2a: Kingambit
|-immune|p2a: Kingambit
|
|-weather|Sandstorm|[upkeep]
|-damage|p1a: Pecharunt|71/100|[from] Sandstorm
|upkeep
|turn|25
|inactive|Rolosparkler has 90 seconds left.
|
|t:|1776134220
|move|p1a: Pecharunt|Parting Shot|p2a: Kingambit
|-unboost|p2a: Kingambit|atk|1
|-unboost|p2a: Kingambit|spa|1
|
|t:|1776134223
|switch|p1a: Ogerpon|Ogerpon-Wellspring, F|61/100|[from] Parting Shot
|move|p2a: Kingambit|Swords Dance|p2a: Kingambit
|-boost|p2a: Kingambit|atk|2
|
|-weather|none
|upkeep
|turn|26
|inactive|Rolosparkler has 90 seconds left.
|
|t:|1776134233
|move|p1a: Ogerpon|Ivy Cudgel|p2a: Kingambit|[anim] Ivy Cudgel Water
|-damage|p2a: Kingambit|43/100
|move|p2a: Kingambit|Kowtow Cleave|p1a: Ogerpon
|-damage|p1a: Ogerpon|0 fnt
|faint|p1a: Ogerpon
|
|upkeep
|
|t:|1776134238
|switch|p1a: Raging Bolt|Raging Bolt|100/100
|turn|27
|
|t:|1776134247
|-end|p2a: Kingambit|fallen2|[silent]
|switch|p2a: Gliscor|Gliscor, F, shiny|27/100 tox
|move|p1a: Raging Bolt|Draco Meteor|p2a: Gliscor
|-damage|p2a: Gliscor|0 fnt
|-unboost|p1a: Raging Bolt|spa|2
|faint|p2a: Gliscor
|
|upkeep
|
|t:|1776134255
|switch|p2a: Great Tusk|Great Tusk, shiny|88/100
|-damage|p2a: Great Tusk|76/100|[from] Spikes
|turn|28
|
|t:|1776134262
|-end|p1a: Raging Bolt|Protosynthesis|[silent]
|switch|p1a: Pecharunt|Pecharunt|71/100
|move|p2a: Great Tusk|Headlong Rush|p1a: Pecharunt
|-supereffective|p1a: Pecharunt
|-damage|p1a: Pecharunt|0 fnt
|-unboost|p2a: Great Tusk|def|1
|-unboost|p2a: Great Tusk|spd|1
|faint|p1a: Pecharunt
|
|upkeep
|
|t:|1776134269
|switch|p1a: Scizor|Scizor, F|94/100
|turn|29
|inactive|Rolosparkler has 120 seconds left.
|
|t:|1776134276
|move|p2a: Great Tusk|Headlong Rush|p1a: Scizor
|-damage|p1a: Scizor|35/100
|-unboost|p2a: Great Tusk|def|1
|-unboost|p2a: Great Tusk|spd|1
|move|p1a: Scizor|Swords Dance|p1a: Scizor
|-boost|p1a: Scizor|atk|2
|
|-heal|p1a: Scizor|41/100|[from] item: Leftovers
|upkeep
|turn|30
|
|t:|1776134286
|-terastallize|p2a: Great Tusk|Fire
|move|p1a: Scizor|Bullet Punch|p2a: Great Tusk
|-resisted|p2a: Great Tusk
|-damage|p2a: Great Tusk|35/100
|-damage|p1a: Scizor|24/100|[from] item: Rocky Helmet|[of] p2a: Great Tusk
|move|p2a: Great Tusk|Headlong Rush|p1a: Scizor
|-damage|p1a: Scizor|0 fnt
|-unboost|p2a: Great Tusk|def|1
|-unboost|p2a: Great Tusk|spd|1
|faint|p1a: Scizor
|
|upkeep
|
|t:|1776134291
|switch|p1a: Raging Bolt|Raging Bolt|100/100
|turn|31
|
|t:|1776134302
|move|p2a: Great Tusk|Headlong Rush|p1a: Raging Bolt
|-supereffective|p1a: Raging Bolt
|-damage|p1a: Raging Bolt|0 fnt
|-unboost|p2a: Great Tusk|def|1
|-unboost|p2a: Great Tusk|spd|1
|faint|p1a: Raging Bolt
|-end|p1a: Raging Bolt|Protosynthesis|[silent]
|
|upkeep
|-message|elpachirisudelvgc forfeited.
|
|win|Rolosparkler
|raw|elpachirisudelvgc's rating: 1449 &rarr; <strong>1432</strong><br />(-17 for losing)
|raw|Rolosparkler's rating: 1497 &rarr; <strong>1514</strong><br />(+17 for winning)
|l|☆elpachirisudelvgc
|player|p1|
|c|☆Rolosparkler|gg
