|html|<div class="broadcast-blue"><strong>[Gen 9] OU is currently suspecting Tera Blast! For information on how to participate check out the <a href="https://www.smogon.com/tools/suspects/view/200">suspect thread</a>.</strong></div>
|j|☆Articunothegoat
|j|☆heju05
|t:|1776032441
|gametype|singles
|player|p1|Articunothegoat|juggler|1117
|player|p2|heju05|richboy|1079
|gen|9
|tier|[Gen 9] OU
|rated|
|rule|HP Percentage Mod: HP is shown in percentages
|rule|Endless Battle Clause: Forcing endless battles is banned
|rule|Species Clause: Limit one of each Pokémon
|rule|OHKO Clause: OHKO moves are banned
|rule|Evasion Items Clause: Evasion items are banned
|rule|Evasion Moves Clause: Evasion moves are banned
|rule|Evasion Abilities Clause: Evasion abilities are banned
|rule|Sleep Moves Clause: Sleep-inducing moves are banned
|clearpoke
|poke|p1|Lokix, M|
|poke|p1|Alomomola, M|
|poke|p1|Slowking-Galar, F|
|poke|p1|Tornadus-Therian, M|
|poke|p1|Mienshao, F|
|poke|p1|Iron Treads|
|poke|p2|Pelipper, M|
|poke|p2|Golduck, F|
|poke|p2|Deoxys-Speed|
|poke|p2|Rillaboom, F|
|poke|p2|Walking Wake|
|poke|p2|Glimmora, F|
|teampreview
|inactive|Battle timer is ON: inactive players will automatically lose when time's up. (requested by Articunothegoat)
|
|t:|1776032452
|teamsize|p1|6
|teamsize|p2|6
|start
|switch|p1a: Lokix|Lokix, M|100/100
|switch|p2a: BombaBloodClot|Glimmora, F|100/100
|turn|1
|
|t:|1776032457
|move|p1a: Lokix|U-turn|p2a: BombaBloodClot
|-resisted|p2a: BombaBloodClot
|-damage|p2a: BombaBloodClot|42/100
|-activate|p2a: BombaBloodClot|ability: Toxic Debris
|-sidestart|p1: Articunothegoat|move: Toxic Spikes
|-damage|p1a: Lokix|91/100|[from] item: Life Orb
|
|t:|1776032463
|switch|p1a: Alomomola|Alomomola, M|100/100|[from] U-turn
|-status|p1a: Alomomola|psn
|move|p2a: BombaBloodClot|Meteor Beam||[still]
|-prepare|p2a: BombaBloodClot|Meteor Beam
|-boost|p2a: BombaBloodClot|spa|1
|-enditem|p2a: BombaBloodClot|Power Herb
|-anim|p2a: BombaBloodClot|Meteor Beam|p1a: Alomomola
|-damage|p1a: Alomomola|0 fnt
|faint|p1a: Alomomola
|
|upkeep
|
|t:|1776032466
|switch|p1a: Iron Treads|Iron Treads|100/100
|turn|2
|c|☆Articunothegoat|Missclick of the century
|
|t:|1776032483
|switch|p2a: I'mVeryHungry|Pelipper, M|100/100
|-weather|RainDance|[from] ability: Drizzle|[of] p2a: I'mVeryHungry
|move|p1a: Iron Treads|Rapid Spin|p2a: I'mVeryHungry
|-damage|p2a: I'mVeryHungry|86/100
|-boost|p1a: Iron Treads|spe|1
|-sideend|p1: Articunothegoat|Toxic Spikes|[from] move: Rapid Spin|[of] p1a: Iron Treads
|
|-weather|RainDance|[upkeep]
|upkeep
|turn|3
|
|t:|1776032495
|-end|p1a: Iron Treads|Quark Drive|[silent]
|switch|p1a: Tornadus|Tornadus-Therian, M|100/100
|move|p2a: I'mVeryHungry|Weather Ball|p1a: Tornadus
|-crit|p1a: Tornadus
|-damage|p1a: Tornadus|0 fnt
|faint|p1a: Tornadus
|
|-weather|RainDance|[upkeep]
|upkeep
|
|t:|1776032500
|switch|p1a: Slowking|Slowking-Galar, F|100/100
|turn|4
|c|☆heju05|it happens
|
|t:|1776032507
|move|p2a: I'mVeryHungry|Weather Ball|p1a: Slowking
|-damage|p1a: Slowking|61/100
|move|p1a: Slowking|Sludge Wave|p2a: I'mVeryHungry
|-damage|p2a: I'mVeryHungry|23/100
|-status|p2a: I'mVeryHungry|psn
|
|-weather|RainDance|[upkeep]
|-damage|p2a: I'mVeryHungry|10/100 psn|[from] psn
|upkeep
|turn|5
|
|t:|1776032512
|move|p2a: I'mVeryHungry|U-turn|p1a: Slowking
|-damage|p1a: Slowking|53/100
|
|t:|1776032516
|switch|p2a: Golditale|Golduck, F|100/100|[from] U-turn
|-prepare|p1a: Slowking|Chilly Reception|[premajor]
|move|p1a: Slowking|Chilly Reception|p1a: Slowking
|-weather|Snowscape
|
|t:|1776032525
|switch|p1a: Mienshao|Mienshao, F|100/100|[from] Chilly Reception
|
|-weather|Snowscape|[upkeep]
|upkeep
|turn|6
|
|t:|1776032531
|move|p1a: Mienshao|Knock Off|p2a: Golditale
|-damage|p2a: Golditale|31/100
|-enditem|p2a: Golditale|Assault Vest|[from] move: Knock Off|[of] p1a: Mienshao
|move|p2a: Golditale|Psychic|p1a: Mienshao
|-supereffective|p1a: Mienshao
|-damage|p1a: Mienshao|5/100
|
|-weather|Snowscape|[upkeep]
|upkeep
|turn|7
|
|t:|1776032536
|move|p1a: Mienshao|Knock Off|p2a: Golditale
|-damage|p2a: Golditale|0 fnt
|faint|p2a: Golditale
|
|-weather|Snowscape|[upkeep]
|upkeep
|
|t:|1776032538
|switch|p2a: Rillaboom|Rillaboom, F|100/100
|-fieldstart|move: Grassy Terrain|[from] ability: Grassy Surge|[of] p2a: Rillaboom
|turn|8
|
|t:|1776032543
|switch|p1a: Slowking|Slowking-Galar, F|86/100
|move|p2a: Rillaboom|Grassy Glide|p1a: Slowking
|-resisted|p1a: Slowking
|-damage|p1a: Slowking|68/100
|
|-weather|Snowscape|[upkeep]
|-heal|p1a: Slowking|75/100|[from] Grassy Terrain
|upkeep
|turn|9
|
|t:|1776032550
|move|p2a: Rillaboom|U-turn|p1a: Slowking
|-damage|p1a: Slowking|52/100
|
|t:|1776032559
|switch|p2a: Grill Master|Walking Wake|100/100|[from] U-turn
|-enditem|p2a: Grill Master|Booster Energy
|-activate|p2a: Grill Master|ability: Protosynthesis|[fromitem]
|-start|p2a: Grill Master|protosynthesisspa
|move|p1a: Slowking|Sludge Wave|p2a: Grill Master
|-damage|p2a: Grill Master|50/100
|
|-weather|none
|-heal|p2a: Grill Master|56/100|[from] Grassy Terrain
|-heal|p1a: Slowking|58/100|[from] Grassy Terrain
|upkeep
|turn|10
|
|t:|1776032564
|move|p2a: Grill Master|Draco Meteor|p1a: Slowking
|-damage|p1a: Slowking|0 fnt
|-unboost|p2a: Grill Master|spa|2
|faint|p1a: Slowking
|
|-heal|p2a: Grill Master|62/100|[from] Grassy Terrain
|upkeep
|
|t:|1776032568
|switch|p1a: Lokix|Lokix, M|91/100
|turn|11
|
|t:|1776032571
|-terastallize|p1a: Lokix|Bug
|move|p1a: Lokix|First Impression|p2a: Grill Master
|-damage|p2a: Grill Master|0 fnt
|faint|p2a: Grill Master
|-end|p2a: Grill Master|Protosynthesis|[silent]
|-damage|p1a: Lokix|81/100|[from] item: Life Orb
|
|-heal|p1a: Lokix|87/100|[from] Grassy Terrain
|upkeep
|
|t:|1776032581
|switch|p2a: I'mVeryHungry|Pelipper, M|10/100 psn
|-weather|RainDance|[from] ability: Drizzle|[of] p2a: I'mVeryHungry
|turn|12
|
|t:|1776032586
|move|p1a: Lokix|U-turn|p2a: I'mVeryHungry
|-resisted|p2a: I'mVeryHungry
|-damage|p2a: I'mVeryHungry|0 fnt
|faint|p2a: I'mVeryHungry
|-damage|p1a: Lokix|77/100|[from] item: Life Orb
|
|t:|1776032589
|switch|p1a: Mienshao|Mienshao, F|38/100|[from] U-turn
|
|-weather|RainDance|[upkeep]
|-heal|p1a: Mienshao|44/100|[from] Grassy Terrain
|-fieldend|move: Grassy Terrain
|upkeep
|
|t:|1776032596
|switch|p2a: BombaBloodClot|Glimmora, F|42/100
|turn|13
|
|t:|1776032598
|move|p1a: Mienshao|Close Combat|p2a: BombaBloodClot
|-damage|p2a: BombaBloodClot|0 fnt
|-unboost|p1a: Mienshao|def|1
|-unboost|p1a: Mienshao|spd|1
|-activate|p2a: BombaBloodClot|ability: Toxic Debris
|-sidestart|p1: Articunothegoat|move: Toxic Spikes
|faint|p2a: BombaBloodClot
|
|-weather|RainDance|[upkeep]
|upkeep
|
|t:|1776032602
|switch|p2a: FAAAHHHHH|Deoxys-Speed|100/100
|-ability|p2a: FAAAHHHHH|Pressure
|turn|14
|
|t:|1776032611
|move|p2a: FAAAHHHHH|Psycho Boost|p1a: Mienshao
|-supereffective|p1a: Mienshao
|-damage|p1a: Mienshao|0 fnt
|-unboost|p2a: FAAAHHHHH|spa|2
|faint|p1a: Mienshao
|-damage|p2a: FAAAHHHHH|91/100|[from] item: Life Orb
|
|-weather|RainDance|[upkeep]
|upkeep
|
|t:|1776032616
|switch|p1a: Lokix|Lokix, M, tera:Bug|77/100
|-status|p1a: Lokix|psn
|turn|15
|
|t:|1776032621
|switch|p2a: Rillaboom|Rillaboom, F|100/100
|-fieldstart|move: Grassy Terrain|[from] ability: Grassy Surge|[of] p2a: Rillaboom
|move|p1a: Lokix|First Impression|p2a: Rillaboom
|-supereffective|p2a: Rillaboom
|-damage|p2a: Rillaboom|0 fnt
|faint|p2a: Rillaboom
|-damage|p1a: Lokix|67/100 psn|[from] item: Life Orb
|
|-weather|RainDance|[upkeep]
|-heal|p1a: Lokix|73/100 psn|[from] Grassy Terrain
|-damage|p1a: Lokix|61/100 psn|[from] psn
|upkeep
|
|t:|1776032623
|switch|p2a: FAAAHHHHH|Deoxys-Speed|91/100
|-ability|p2a: FAAAHHHHH|Pressure
|turn|16
|
|t:|1776032630
|switch|p1a: Iron Treads|Iron Treads|100/100
|move|p2a: FAAAHHHHH|Thunder|p1a: Iron Treads
|-immune|p1a: Iron Treads
|
|-weather|RainDance|[upkeep]
|-heal|p2a: FAAAHHHHH|97/100|[from] Grassy Terrain
|upkeep
|turn|17
|
|t:|1776032633
|move|p2a: FAAAHHHHH|Focus Blast|p1a: Iron Treads|[miss]
|-miss|p2a: FAAAHHHHH|p1a: Iron Treads
|move|p1a: Iron Treads|Rapid Spin|p2a: FAAAHHHHH
|-damage|p2a: FAAAHHHHH|71/100
|-boost|p1a: Iron Treads|spe|1
|-sideend|p1: Articunothegoat|Toxic Spikes|[from] move: Rapid Spin|[of] p1a: Iron Treads
|
|-weather|RainDance|[upkeep]
|-heal|p2a: FAAAHHHHH|77/100|[from] Grassy Terrain
|upkeep
|turn|18
|c|☆heju05|ggs
|
|t:|1776032639
|move|p1a: Iron Treads|Knock Off|p2a: FAAAHHHHH
|-supereffective|p2a: FAAAHHHHH
|-damage|p2a: FAAAHHHHH|0 fnt
|-enditem|p2a: FAAAHHHHH|Life Orb|[from] move: Knock Off|[of] p1a: Iron Treads
|faint|p2a: FAAAHHHHH
|
|win|Articunothegoat
|raw|Articunothegoat's rating: 1117 &rarr; <strong>1139</strong><br />(+22 for winning)
|raw|heju05's rating: 1079 &rarr; <strong>1060</strong><br />(-19 for losing)
|c|☆Articunothegoat|gg
|l|☆heju05
|player|p2|
|l|☆Articunothegoat
|player|p1|
