|j|☆clubsofbray
|j|☆Imtryingtolosehaha
|inactive|Battle timer is ON: inactive players will automatically lose when time's up.
|t:|1776258863
|gametype|singles
|player|p1|clubsofbray|hilbert-wonderlauncher|
|player|p2|Imtryingtolosehaha|cynthia-gen4|
|gen|9
|tier|[Gen 9] OU
|rated|Tournament battle
|rule|HP Percentage Mod: HP is shown in percentages
|rule|Endless Battle Clause: Forcing endless battles is banned
|rule|Species Clause: Limit one of each Pokémon
|rule|OHKO Clause: OHKO moves are banned
|rule|Evasion Items Clause: Evasion items are banned
|rule|Evasion Moves Clause: Evasion moves are banned
|rule|Evasion Abilities Clause: Evasion abilities are banned
|rule|Sleep Moves Clause: Sleep-inducing moves are banned
|raw|<div class="infobox"><details class="readmore" open><summary><strong>1 custom rule:</strong></summary> -wobbuffet</details></div>
|clearpoke
|poke|p1|Primarina, M|
|poke|p1|Ambipom, F|
|poke|p1|Cetoddle, M|
|poke|p2|Flygon, F|
|poke|p2|Misdreavus, F|
|poke|p2|Electabuzz, M|
|teampreview
|j|*Lady Monita 
|inactive|Imtryingtolosehaha also wants the timer to be on.
|c|☆clubsofbray|glhf
|inactive|Imtryingtolosehaha has 120 seconds left.
|
|t:|1776258920
|teamsize|p1|3
|teamsize|p2|3
|start
|switch|p1a: Ambipom|Ambipom, F|100/100
|switch|p2a: Misdreavus|Misdreavus, F|100/100
|turn|1
|
|t:|1776258928
|-terastallize|p2a: Misdreavus|Fairy
|move|p1a: Ambipom|U-turn|p2a: Misdreavus
|-resisted|p2a: Misdreavus
|-damage|p2a: Misdreavus|87/100
|-damage|p1a: Ambipom|91/100|[from] item: Life Orb
|
|t:|1776258933
|switch|p1a: Cetoddle|Cetoddle, M|100/100|[from] U-turn
|move|p2a: Misdreavus|Will-O-Wisp|p1a: Cetoddle|[miss]
|-miss|p2a: Misdreavus|p1a: Cetoddle
|
|upkeep
|turn|2
|
|t:|1776258938
|move|p2a: Misdreavus|Will-O-Wisp|p1a: Cetoddle
|-status|p1a: Cetoddle|brn
|move|p1a: Cetoddle|Knock Off|p2a: Misdreavus
|-resisted|p2a: Misdreavus
|-damage|p2a: Misdreavus|79/100
|-enditem|p2a: Misdreavus|Eviolite|[from] move: Knock Off|[of] p1a: Cetoddle
|-damage|p1a: Cetoddle|91/100 brn|[from] item: Life Orb
|
|-damage|p1a: Cetoddle|85/100 brn|[from] brn
|upkeep
|turn|3
|
|t:|1776258949
|move|p1a: Cetoddle|Ice Shard|p2a: Misdreavus
|-damage|p2a: Misdreavus|63/100
|-damage|p1a: Cetoddle|75/100 brn|[from] item: Life Orb
|move|p2a: Misdreavus|Calm Mind|p2a: Misdreavus
|-boost|p2a: Misdreavus|spa|1
|-boost|p2a: Misdreavus|spd|1
|
|-damage|p1a: Cetoddle|69/100 brn|[from] brn
|upkeep
|turn|4
|
|t:|1776258954
|move|p1a: Cetoddle|Ice Shard|p2a: Misdreavus
|-damage|p2a: Misdreavus|48/100
|-damage|p1a: Cetoddle|59/100 brn|[from] item: Life Orb
|move|p2a: Misdreavus|Draining Kiss|p1a: Cetoddle
|-damage|p1a: Cetoddle|0 fnt
|-heal|p2a: Misdreavus|100/100|[from] drain|[of] p1a: Cetoddle
|faint|p1a: Cetoddle
|
|upkeep
|
|t:|1776258960
|switch|p1a: Ambipom|Ambipom, F|91/100
|turn|5
|
|t:|1776258962
|move|p1a: Ambipom|Fake Out|p2a: Misdreavus
|-damage|p2a: Misdreavus|48/100
|-damage|p1a: Ambipom|81/100|[from] item: Life Orb
|cant|p2a: Misdreavus|flinch
|
|upkeep
|turn|6
|
|t:|1776258974
|-terastallize|p1a: Ambipom|Flying
|move|p1a: Ambipom|Aerial Ace|p2a: Misdreavus
|-damage|p2a: Misdreavus|0 fnt
|faint|p2a: Misdreavus
|-damage|p1a: Ambipom|71/100|[from] item: Life Orb
|
|upkeep
|
|t:|1776258978
|switch|p2a: Electabuzz|Electabuzz, M|100/100
|turn|7
|
|t:|1776258982
|move|p1a: Ambipom|U-turn|p2a: Electabuzz
|-damage|p2a: Electabuzz|71/100
|-damage|p1a: Ambipom|61/100|[from] item: Life Orb
|
|t:|1776258985
|switch|p1a: Primarina|Primarina, M|100/100|[from] U-turn
|move|p2a: Electabuzz|Thunder Punch|p1a: Primarina
|-supereffective|p1a: Primarina
|-damage|p1a: Primarina|18/100
|
|upkeep
|turn|8
|
|t:|1776258992
|move|p2a: Electabuzz|Thunder Punch|p1a: Primarina
|-supereffective|p1a: Primarina
|-damage|p1a: Primarina|0 fnt
|faint|p1a: Primarina
|
|upkeep
|
|t:|1776258994
|switch|p1a: Ambipom|Ambipom, F, tera:Flying|61/100
|turn|9
|
|t:|1776258996
|switch|p2a: Flygon|Flygon, F|100/100
|move|p1a: Ambipom|Fake Out|p2a: Flygon
|-damage|p2a: Flygon|54/100
|-damage|p1a: Ambipom|51/100|[from] item: Life Orb
|
|upkeep
|turn|10
|
|t:|1776259001
|move|p2a: Flygon|First Impression|p1a: Ambipom
|-resisted|p1a: Ambipom
|-damage|p1a: Ambipom|17/100
|move|p1a: Ambipom|Triple Axel|p2a: Flygon
|-supereffective|p2a: Flygon
|-damage|p2a: Flygon|0 fnt
|faint|p2a: Flygon
|-hitcount|p2: Flygon|1
|-damage|p1a: Ambipom|7/100|[from] item: Life Orb
|
|upkeep
|
|t:|1776259003
|switch|p2a: Electabuzz|Electabuzz, M|71/100
|turn|11
|j| SalazzleToRank1
|
|t:|1776259015
|move|p1a: Ambipom|Triple Axel|p2a: Electabuzz
|-damage|p2a: Electabuzz|58/100
|-damage|p2a: Electabuzz|34/100
|-damage|p2a: Electabuzz|0 fnt
|faint|p2a: Electabuzz
|-hitcount|p2: Electabuzz|3
|-damage|p1a: Ambipom|0 fnt|[from] item: Life Orb
|faint|p1a: Ambipom
|
|win|clubsofbray
|n|☆clubsofbray|clubsofbray
|n|☆Imtryingtolosehaha|imtryingtolosehaha
|n|*Lady Monita |ladymonita
|n| SalazzleToRank1|salazzletorank1
