|html|<div class="broadcast-blue"><strong>[Gen 9] OU is currently suspecting Volcarona! For information on how to participate check out the <a href="https://www.smogon.com/tools/suspects/view/208">suspect thread</a>.</strong></div>
|j|☆kooopooolooo
|j|☆The ZU Wanderer
|t:|1778516256
|gametype|singles
|player|p1|kooopooolooo|1|1388
|player|p2|The ZU Wanderer|roughneck|1389
|gen|9
|tier|[Gen 9] OU
|rated|
|rule|HP Percentage Mod: HP is shown in percentages
|rule|Endless Battle Clause: Forcing endless battles is banned
|rule|Species Clause: Limit one of each Pokémon
|rule|OHKO Clause: OHKO moves are banned
|rule|Evasion Items Clause: Evasion items are banned
|rule|Evasion Moves Clause: Evasion moves are banned
|rule|Evasion Abilities Clause: Evasion abilities are banned
|rule|Sleep Moves Clause: Sleep-inducing moves are banned
|clearpoke
|poke|p1|Raging Bolt|
|poke|p1|Samurott-Hisui, M|
|poke|p1|Rillaboom, F|
|poke|p1|Scizor, F|
|poke|p1|Ogerpon-Cornerstone, F|
|poke|p1|Ceruledge, F|
|poke|p2|Morpeko, F|
|poke|p2|Cryogonal|
|poke|p2|Piloswine, M|
|poke|p2|Toxicroak, M|
|poke|p2|Crocalor, M|
|poke|p2|Gogoat, M|
|teampreview
|inactive|Battle timer is ON: inactive players will automatically lose when time's up. (requested by The ZU Wanderer)
|
|t:|1778516272
|teamsize|p1|6
|teamsize|p2|6
|start
|switch|p1a: Samurott|Samurott-Hisui, M|100/100
|switch|p2a: Toxicroak|Toxicroak, M, shiny|100/100
|turn|1
|
|t:|1778516282
|move|p2a: Toxicroak|Gunk Shot|p1a: Samurott
|-damage|p1a: Samurott|5/100
|-damage|p2a: Toxicroak|91/100|[from] item: Life Orb
|move|p1a: Samurott|Ceaseless Edge|p2a: Toxicroak
|-resisted|p2a: Toxicroak
|-damage|p2a: Toxicroak|55/100
|-sidestart|p2: The ZU Wanderer|Spikes
|
|upkeep
|turn|2
|
|t:|1778516293
|move|p2a: Toxicroak|Sucker Punch|p1a: Samurott
|-resisted|p1a: Samurott
|-damage|p1a: Samurott|0 fnt
|faint|p1a: Samurott
|-damage|p2a: Toxicroak|45/100|[from] item: Life Orb
|
|upkeep
|
|t:|1778516297
|switch|p1a: Scizor|Scizor, F|100/100
|turn|3
|
|t:|1778516300
|switch|p2a: Crocalor|Crocalor, M|100/100
|-damage|p2a: Crocalor|88/100|[from] Spikes
|move|p1a: Scizor|Swords Dance|p1a: Scizor
|-boost|p1a: Scizor|atk|2
|
|upkeep
|turn|4
|
|t:|1778516306
|move|p1a: Scizor|Close Combat|p2a: Crocalor
|-damage|p2a: Crocalor|59/100
|-unboost|p1a: Scizor|def|1
|-unboost|p1a: Scizor|spd|1
|-damage|p1a: Scizor|90/100|[from] item: Life Orb
|move|p2a: Crocalor|Flamethrower|p1a: Scizor
|-supereffective|p1a: Scizor
|-damage|p1a: Scizor|0 fnt
|faint|p1a: Scizor
|
|upkeep
|
|t:|1778516311
|switch|p1a: Ogerpon|Ogerpon-Cornerstone, F|100/100
|turn|5
|
|t:|1778516324
|move|p1a: Ogerpon|Swords Dance|p1a: Ogerpon
|-boost|p1a: Ogerpon|atk|2
|move|p2a: Crocalor|Will-O-Wisp|p1a: Ogerpon
|-status|p1a: Ogerpon|brn
|
|-damage|p1a: Ogerpon|95/100 brn|[from] brn
|upkeep
|turn|6
|
|t:|1778516333
|move|p1a: Ogerpon|Swords Dance|p1a: Ogerpon
|-boost|p1a: Ogerpon|atk|2
|move|p2a: Crocalor|Slack Off|p2a: Crocalor
|-heal|p2a: Crocalor|100/100
|
|-damage|p1a: Ogerpon|89/100 brn|[from] brn
|upkeep
|turn|7
|
|t:|1778516340
|move|p1a: Ogerpon|Ivy Cudgel|p2a: Crocalor|[anim] Ivy Cudgel Rock
|-supereffective|p2a: Crocalor
|-damage|p2a: Crocalor|67/100
|move|p2a: Crocalor|Encore|p1a: Ogerpon
|-start|p1a: Ogerpon|Encore
|
|-damage|p1a: Ogerpon|83/100 brn|[from] brn
|upkeep
|turn|8
|
|t:|1778516348
|move|p1a: Ogerpon|Ivy Cudgel|p2a: Crocalor|[anim] Ivy Cudgel Rock
|-supereffective|p2a: Crocalor
|-damage|p2a: Crocalor|33/100
|move|p2a: Crocalor|Slack Off|p2a: Crocalor
|-heal|p2a: Crocalor|83/100
|
|-damage|p1a: Ogerpon|77/100 brn|[from] brn
|upkeep
|turn|9
|
|t:|1778516356
|move|p1a: Ogerpon|Ivy Cudgel|p2a: Crocalor|[anim] Ivy Cudgel Rock
|-supereffective|p2a: Crocalor
|-crit|p2a: Crocalor
|-damage|p2a: Crocalor|36/100
|move|p2a: Crocalor|Slack Off|p2a: Crocalor
|-heal|p2a: Crocalor|86/100
|
|-damage|p1a: Ogerpon|71/100 brn|[from] brn
|upkeep
|turn|10
|
|t:|1778516364
|move|p1a: Ogerpon|Ivy Cudgel|p2a: Crocalor|[anim] Ivy Cudgel Rock
|-supereffective|p2a: Crocalor
|-damage|p2a: Crocalor|51/100
|move|p2a: Crocalor|Slack Off|p2a: Crocalor
|-heal|p2a: Crocalor|100/100
|
|-damage|p1a: Ogerpon|65/100 brn|[from] brn
|-end|p1a: Ogerpon|Encore
|upkeep
|turn|11
|
|t:|1778516372
|move|p1a: Ogerpon|Ivy Cudgel|p2a: Crocalor|[anim] Ivy Cudgel Rock
|-supereffective|p2a: Crocalor
|-damage|p2a: Crocalor|69/100
|move|p2a: Crocalor|Flamethrower|p1a: Ogerpon
|-damage|p1a: Ogerpon|31/100 brn
|
|-damage|p1a: Ogerpon|25/100 brn|[from] brn
|upkeep
|turn|12
|
|t:|1778516380
|move|p1a: Ogerpon|Ivy Cudgel|p2a: Crocalor|[anim] Ivy Cudgel Rock
|-supereffective|p2a: Crocalor
|-damage|p2a: Crocalor|33/100
|move|p2a: Crocalor|Slack Off|p2a: Crocalor
|-heal|p2a: Crocalor|83/100
|
|-damage|p1a: Ogerpon|19/100 brn|[from] brn
|upkeep
|turn|13
|
|t:|1778516388
|move|p1a: Ogerpon|Ivy Cudgel|p2a: Crocalor|[anim] Ivy Cudgel Rock
|-supereffective|p2a: Crocalor
|-damage|p2a: Crocalor|47/100
|move|p2a: Crocalor|Slack Off|p2a: Crocalor
|-heal|p2a: Crocalor|97/100
|
|-damage|p1a: Ogerpon|13/100 brn|[from] brn
|upkeep
|turn|14
|
|t:|1778516397
|move|p1a: Ogerpon|Ivy Cudgel|p2a: Crocalor|[anim] Ivy Cudgel Rock
|-supereffective|p2a: Crocalor
|-crit|p2a: Crocalor
|-damage|p2a: Crocalor|45/100
|move|p2a: Crocalor|Flamethrower|p1a: Ogerpon
|-damage|p1a: Ogerpon|0 fnt
|faint|p1a: Ogerpon
|
|upkeep
|
|t:|1778516420
|switch|p1a: Raging Bolt|Raging Bolt|100/100
|-enditem|p1a: Raging Bolt|Booster Energy
|-activate|p1a: Raging Bolt|ability: Protosynthesis|[fromitem]
|-start|p1a: Raging Bolt|protosynthesisspa
|turn|15
|
|t:|1778516430
|switch|p2a: Piloswine|Piloswine, M, shiny|100/100
|-damage|p2a: Piloswine|88/100|[from] Spikes
|move|p1a: Raging Bolt|Calm Mind|p1a: Raging Bolt
|-boost|p1a: Raging Bolt|spa|1
|-boost|p1a: Raging Bolt|spd|1
|
|upkeep
|turn|16
|
|t:|1778516437
|move|p1a: Raging Bolt|Dragon Pulse|p2a: Piloswine
|-damage|p2a: Piloswine|29/100
|move|p2a: Piloswine|Earthquake|p1a: Raging Bolt
|-supereffective|p1a: Raging Bolt
|-damage|p1a: Raging Bolt|38/100
|
|upkeep
|turn|17
|
|t:|1778516444
|move|p2a: Piloswine|Ice Shard|p1a: Raging Bolt
|-supereffective|p1a: Raging Bolt
|-damage|p1a: Raging Bolt|11/100
|move|p1a: Raging Bolt|Dragon Pulse|p2a: Piloswine
|-damage|p2a: Piloswine|0 fnt
|faint|p2a: Piloswine
|
|upkeep
|
|t:|1778516456
|switch|p2a: Cryogonal|Cryogonal|100/100
|turn|18
|
|t:|1778516460
|move|p1a: Raging Bolt|Thunderclap|p2a: Cryogonal
|-damage|p2a: Cryogonal|34/100
|move|p2a: Cryogonal|Rapid Spin|p1a: Raging Bolt
|-damage|p1a: Raging Bolt|4/100
|-boost|p2a: Cryogonal|spe|1
|-sideend|p2: The ZU Wanderer|Spikes|[from] move: Rapid Spin|[of] p2a: Cryogonal
|-damage|p2a: Cryogonal|24/100|[from] item: Life Orb
|
|upkeep
|turn|19
|
|t:|1778516468
|move|p2a: Cryogonal|Recover|p2a: Cryogonal
|-heal|p2a: Cryogonal|75/100
|move|p1a: Raging Bolt|Dragon Pulse|p2a: Cryogonal
|-damage|p2a: Cryogonal|0 fnt
|faint|p2a: Cryogonal
|
|upkeep
|
|t:|1778516486
|switch|p2a: Toxicroak|Toxicroak, M, shiny|45/100
|turn|20
|
|t:|1778516494
|move|p2a: Toxicroak|Sucker Punch||[still]
|-fail|p2a: Toxicroak
|move|p1a: Raging Bolt|Calm Mind|p1a: Raging Bolt
|-boost|p1a: Raging Bolt|spa|1
|-boost|p1a: Raging Bolt|spd|1
|
|upkeep
|turn|21
|
|t:|1778516500
|move|p2a: Toxicroak|Sucker Punch|p1a: Raging Bolt
|-damage|p1a: Raging Bolt|0 fnt
|faint|p1a: Raging Bolt
|-end|p1a: Raging Bolt|Protosynthesis|[silent]
|-damage|p2a: Toxicroak|35/100|[from] item: Life Orb
|
|upkeep
|
|t:|1778516504
|switch|p1a: Ceruledge|Ceruledge, F|100/100
|turn|22
|
|t:|1778516511
|move|p2a: Toxicroak|Knock Off|p1a: Ceruledge
|-supereffective|p1a: Ceruledge
|-enditem|p1a: Ceruledge|Focus Sash
|-damage|p1a: Ceruledge|1/100
|-ability|p1a: Ceruledge|Weak Armor|boost
|-unboost|p1a: Ceruledge|def|1
|-boost|p1a: Ceruledge|spe|2
|-damage|p2a: Toxicroak|25/100|[from] item: Life Orb
|move|p1a: Ceruledge|Swords Dance|p1a: Ceruledge
|-boost|p1a: Ceruledge|atk|2
|
|upkeep
|turn|23
|
|t:|1778516526
|move|p1a: Ceruledge|Shadow Sneak|p2a: Toxicroak
|-damage|p2a: Toxicroak|0 fnt
|faint|p2a: Toxicroak
|
|upkeep
|
|t:|1778516530
|switch|p2a: Crocalor|Crocalor, M|45/100
|turn|24
|
|t:|1778516538
|-terastallize|p1a: Ceruledge|Ghost
|move|p1a: Ceruledge|Poltergeist|p2a: Crocalor|[miss]
|-miss|p1a: Ceruledge|p2a: Crocalor
|move|p2a: Crocalor|Flamethrower|p1a: Ceruledge
|-damage|p1a: Ceruledge|0 fnt
|faint|p1a: Ceruledge
|
|upkeep
|
|t:|1778516542
|switch|p1a: Rillaboom|Rillaboom, F|100/100
|-fieldstart|move: Grassy Terrain|[from] ability: Grassy Surge|[of] p1a: Rillaboom
|turn|25
|
|t:|1778516555
|-terastallize|p2a: Crocalor|Flying
|move|p1a: Rillaboom|High Horsepower|p2a: Crocalor
|-immune|p2a: Crocalor
|move|p2a: Crocalor|Slack Off|p2a: Crocalor
|-heal|p2a: Crocalor|95/100
|
|upkeep
|turn|26
|-message|kooopooolooo forfeited.
|
|win|The ZU Wanderer
|raw|kooopooolooo's rating: 1388 &rarr; <strong>1368</strong><br />(-20 for losing)
|raw|The ZU Wanderer's rating: 1389 &rarr; <strong>1409</strong><br />(+20 for winning)
|l|☆kooopooolooo
|player|p1|
