|html|<div class="broadcast-blue"><strong>[Gen 9] OU is currently suspecting Tera Blast! For information on how to participate check out the <a href="https://www.smogon.com/tools/suspects/view/200">suspect thread</a>.</strong></div>
|j|☆gulp1
|j|☆TheRegisAreCool
|t:|1776174750
|gametype|singles
|player|p1|gulp1|102|1100
|player|p2|TheRegisAreCool|fisherman-gen4|1119
|gen|9
|tier|[Gen 9] OU
|rated|
|rule|HP Percentage Mod: HP is shown in percentages
|rule|Endless Battle Clause: Forcing endless battles is banned
|rule|Species Clause: Limit one of each Pokémon
|rule|OHKO Clause: OHKO moves are banned
|rule|Evasion Items Clause: Evasion items are banned
|rule|Evasion Moves Clause: Evasion moves are banned
|rule|Evasion Abilities Clause: Evasion abilities are banned
|rule|Sleep Moves Clause: Sleep-inducing moves are banned
|clearpoke
|poke|p1|Snorlax, F|
|poke|p1|Serperior, F|
|poke|p1|Golurk|
|poke|p1|Lanturn, F|
|poke|p1|Ceruledge, M|
|poke|p1|Clefable, M|
|poke|p2|Conkeldurr, M|
|poke|p2|Iron Moth|
|poke|p2|Glimmora, F|
|poke|p2|Kommo-o, M|
|poke|p2|Samurott-Hisui, M|
|poke|p2|Donphan, F|
|teampreview
|inactive|Battle timer is ON: inactive players will automatically lose when time's up. (requested by gulp1)
|
|t:|1776174777
|teamsize|p1|6
|teamsize|p2|6
|start
|switch|p1a: Golurk|Golurk, shiny|100/100
|switch|p2a: Kommo-o|Kommo-o, M|100/100
|turn|1
|
|t:|1776174784
|move|p2a: Kommo-o|Clangorous Soul|p2a: Kommo-o
|-boost|p2a: Kommo-o|atk|1
|-boost|p2a: Kommo-o|def|1
|-boost|p2a: Kommo-o|spa|1
|-boost|p2a: Kommo-o|spd|1
|-boost|p2a: Kommo-o|spe|1
|-damage|p2a: Kommo-o|68/100
|move|p1a: Golurk|Trick|p2a: Kommo-o
|-activate|p1a: Golurk|move: Trick|[of] p2a: Kommo-o
|-item|p2a: Kommo-o|Sticky Barb|[from] move: Trick
|-item|p1a: Golurk|Leftovers|[from] move: Trick
|
|-damage|p2a: Kommo-o|55/100|[from] item: Sticky Barb
|upkeep
|turn|2
|
|t:|1776174807
|move|p2a: Kommo-o|Clanging Scales|p1a: Golurk
|-damage|p1a: Golurk|21/100
|-unboost|p2a: Kommo-o|def|1
|move|p1a: Golurk|Stealth Rock|p2a: Kommo-o
|-sidestart|p2: TheRegisAreCool|move: Stealth Rock
|
|-heal|p1a: Golurk|27/100|[from] item: Leftovers
|-damage|p2a: Kommo-o|43/100|[from] item: Sticky Barb
|upkeep
|turn|3
|
|t:|1776174826
|switch|p1a: Clefable|Clefable, M, shiny|100/100
|move|p2a: Kommo-o|Clanging Scales|p1a: Clefable
|-immune|p1a: Clefable
|
|-damage|p2a: Kommo-o|31/100|[from] item: Sticky Barb
|upkeep
|turn|4
|
|t:|1776174835
|move|p2a: Kommo-o|Boomburst|p1a: Clefable
|-damage|p1a: Clefable|41/100
|move|p1a: Clefable|Draining Kiss|p2a: Kommo-o
|-supereffective|p2a: Kommo-o
|-damage|p2a: Kommo-o|0 fnt
|-heal|p1a: Clefable|60/100|[from] drain|[of] p2a: Kommo-o
|faint|p2a: Kommo-o
|
|upkeep
|
|t:|1776174845
|switch|p2a: Glimmora|Glimmora, F|100/100
|-damage|p2a: Glimmora|88/100|[from] Stealth Rock
|turn|5
|
|t:|1776174849
|move|p2a: Glimmora|Sludge Bomb|p1a: Clefable
|-supereffective|p1a: Clefable
|-damage|p1a: Clefable|0 fnt
|faint|p1a: Clefable
|
|upkeep
|
|t:|1776174858
|switch|p1a: Golurk|Golurk, shiny|27/100
|turn|6
|
|t:|1776174865
|move|p2a: Glimmora|Mortal Spin|p1a: Golurk
|-resisted|p1a: Golurk
|-damage|p1a: Golurk|25/100
|-status|p1a: Golurk|psn
|-sideend|p2: TheRegisAreCool|Stealth Rock|[from] move: Mortal Spin|[of] p2a: Glimmora
|move|p1a: Golurk|Earthquake|p2a: Glimmora
|-supereffective|p2a: Glimmora
|-damage|p2a: Glimmora|0 fnt
|-activate|p2a: Glimmora|ability: Toxic Debris
|-sidestart|p1: gulp1|move: Toxic Spikes
|faint|p2a: Glimmora
|
|-heal|p1a: Golurk|31/100 psn|[from] item: Leftovers
|-damage|p1a: Golurk|19/100 psn|[from] psn
|upkeep
|
|t:|1776174882
|switch|p2a: Conkeldurr|Conkeldurr, M|100/100
|turn|7
|
|t:|1776174886
|move|p1a: Golurk|Stealth Rock|p2a: Conkeldurr
|-sidestart|p2: TheRegisAreCool|move: Stealth Rock
|move|p2a: Conkeldurr|Knock Off|p1a: Golurk
|-supereffective|p1a: Golurk
|-damage|p1a: Golurk|0 fnt
|-enditem|p1a: Golurk|Leftovers|[from] move: Knock Off|[of] p2a: Conkeldurr
|faint|p1a: Golurk
|
|-status|p2a: Conkeldurr|brn|[from] item: Flame Orb
|upkeep
|
|t:|1776174897
|switch|p1a: Serperior|Serperior, F, shiny|100/100
|-status|p1a: Serperior|psn
|turn|8
|
|t:|1776174903
|-terastallize|p2a: Conkeldurr|Fighting
|move|p1a: Serperior|Leech Seed|p2a: Conkeldurr
|-start|p2a: Conkeldurr|move: Leech Seed
|move|p2a: Conkeldurr|Close Combat|p1a: Serperior
|-damage|p1a: Serperior|0 fnt
|-unboost|p2a: Conkeldurr|def|1
|-unboost|p2a: Conkeldurr|spd|1
|faint|p1a: Serperior
|
|-damage|p2a: Conkeldurr|94/100 brn|[from] brn
|upkeep
|
|t:|1776174916
|switch|p1a: Snorlax|Snorlax, F|100/100
|turn|9
|
|t:|1776174927
|switch|p1a: Ceruledge|Ceruledge, M|100/100
|-status|p1a: Ceruledge|psn
|move|p2a: Conkeldurr|Close Combat|p1a: Ceruledge
|-immune|p1a: Ceruledge
|
|-damage|p2a: Conkeldurr|82/100 brn|[from] Leech Seed|[of] p1a: Ceruledge
|-damage|p1a: Ceruledge|88/100 psn|[from] psn
|-damage|p2a: Conkeldurr|76/100 brn|[from] brn
|upkeep
|turn|10
|
|t:|1776174953
|switch|p2a: Samurott|Samurott-Hisui, M|100/100
|-damage|p2a: Samurott|88/100|[from] Stealth Rock
|move|p1a: Ceruledge|Destiny Bond|p1a: Ceruledge
|-singlemove|p1a: Ceruledge|Destiny Bond
|
|-damage|p1a: Ceruledge|76/100 psn|[from] psn
|upkeep
|turn|11
|
|t:|1776174963
|switch|p1a: Lanturn|Lanturn, F|100/100
|move|p2a: Samurott|Ceaseless Edge|p1a: Lanturn
|-damage|p1a: Lanturn|22/100
|-sidestart|p1: gulp1|Spikes
|
|upkeep
|turn|12
|
|t:|1776174971
|move|p1a: Lanturn|Discharge|p2a: Samurott
|-supereffective|p2a: Samurott
|-damage|p2a: Samurott|41/100
|-status|p2a: Samurott|par
|move|p2a: Samurott|Ceaseless Edge|p1a: Lanturn
|-damage|p1a: Lanturn|0 fnt
|-sidestart|p1: gulp1|Spikes
|faint|p1a: Lanturn
|
|upkeep
|
|t:|1776174980
|switch|p1a: Snorlax|Snorlax, F|100/100
|-damage|p1a: Snorlax|84/100|[from] Spikes
|turn|13
|
|t:|1776174985
|move|p2a: Samurott|Sacred Sword|p1a: Snorlax
|-supereffective|p1a: Snorlax
|-damage|p1a: Snorlax|11/100
|move|p1a: Snorlax|Curse|p1a: Snorlax
|-unboost|p1a: Snorlax|spe|1
|-boost|p1a: Snorlax|atk|1
|-boost|p1a: Snorlax|def|1
|
|upkeep
|turn|14
|
|t:|1776174993
|-terastallize|p1a: Snorlax|Ghost
|move|p2a: Samurott|Ceaseless Edge|p1a: Snorlax
|-supereffective|p1a: Snorlax
|-damage|p1a: Snorlax|0 fnt
|-sidestart|p1: gulp1|Spikes
|faint|p1a: Snorlax
|
|upkeep
|
|t:|1776174999
|switch|p1a: Ceruledge|Ceruledge, M|76/100 psn
|-damage|p1a: Ceruledge|51/100 psn|[from] Spikes
|turn|15
|
|t:|1776175005
|cant|p2a: Samurott|par
|move|p1a: Ceruledge|Bitter Blade|p2a: Samurott
|-resisted|p2a: Samurott
|-damage|p2a: Samurott|13/100 par
|-heal|p1a: Ceruledge|66/100 psn|[from] drain|[of] p2a: Samurott
|
|-damage|p1a: Ceruledge|54/100 psn|[from] psn
|upkeep
|turn|16
|
|t:|1776175014
|move|p1a: Ceruledge|Shadow Sneak|p2a: Samurott
|-resisted|p2a: Samurott
|-damage|p2a: Samurott|1/100 par
|cant|p2a: Samurott|par
|
|-damage|p1a: Ceruledge|42/100 psn|[from] psn
|upkeep
|turn|17
|
|t:|1776175020
|move|p1a: Ceruledge|Shadow Sneak|p2a: Samurott
|-resisted|p2a: Samurott
|-damage|p2a: Samurott|0 fnt
|faint|p2a: Samurott
|
|-damage|p1a: Ceruledge|29/100 psn|[from] psn
|upkeep
|
|t:|1776175023
|switch|p2a: Donphan|Donphan, F|100/100
|turn|18
|
|t:|1776175030
|move|p1a: Ceruledge|Destiny Bond|p1a: Ceruledge
|-singlemove|p1a: Ceruledge|Destiny Bond
|move|p2a: Donphan|Earthquake|p1a: Ceruledge
|-supereffective|p1a: Ceruledge
|-damage|p1a: Ceruledge|0 fnt
|faint|p1a: Ceruledge
|-activate|p1a: Ceruledge|move: Destiny Bond
|faint|p2a: Donphan
|
|win|TheRegisAreCool
|raw|gulp1's rating: 1100 &rarr; <strong>1076</strong><br />(-24 for losing)
|raw|TheRegisAreCool's rating: 1119 &rarr; <strong>1143</strong><br />(+24 for winning)
