|html|<div class="broadcast-blue"><strong>[Gen 9] OU is currently suspecting Tera Blast! For information on how to participate check out the <a href="https://www.smogon.com/tools/suspects/view/200">suspect thread</a>.</strong></div>
|j|☆kaihavertzfan29
|j|☆BigLikeSphinx
|t:|1776112803
|gametype|singles
|player|p1|kaihavertzfan29|102|1098
|player|p2|BigLikeSphinx|galacticgruntf|1129
|gen|9
|tier|[Gen 9] OU
|rated|
|rule|HP Percentage Mod: HP is shown in percentages
|rule|Endless Battle Clause: Forcing endless battles is banned
|rule|Species Clause: Limit one of each Pokémon
|rule|OHKO Clause: OHKO moves are banned
|rule|Evasion Items Clause: Evasion items are banned
|rule|Evasion Moves Clause: Evasion moves are banned
|rule|Evasion Abilities Clause: Evasion abilities are banned
|rule|Sleep Moves Clause: Sleep-inducing moves are banned
|clearpoke
|poke|p1|Quaquaval, F|
|poke|p1|Toxtricity, F|
|poke|p1|Gholdengo|
|poke|p1|Glimmora, M|
|poke|p1|Eiscue, M|
|poke|p1|Meowscarada, F|
|poke|p2|Hatterene, F|
|poke|p2|Hoopa-Unbound|
|poke|p2|Kyurem|
|poke|p2|Slowking-Galar, M|
|poke|p2|Iron Hands|
|poke|p2|Cinderace, M|
|teampreview
|inactive|Battle timer is ON: inactive players will automatically lose when time's up. (requested by kaihavertzfan29)
|
|t:|1776112816
|teamsize|p1|6
|teamsize|p2|6
|start
|switch|p1a: Toxtricity|Toxtricity, F|100/100
|switch|p2a: aceRomani|Cinderace, M|100/100
|turn|1
|
|t:|1776112829
|move|p2a: aceRomani|Pyro Ball|p1a: Toxtricity
|-damage|p1a: Toxtricity|13/100
|move|p1a: Toxtricity|Boomburst|p2a: aceRomani
|-damage|p2a: aceRomani|11/100
|
|upkeep
|turn|2
|
|t:|1776112841
|move|p2a: aceRomani|High Jump Kick|p1a: Toxtricity
|-start|p2a: aceRomani|typechange|Fighting|[from] ability: Libero
|-resisted|p1a: Toxtricity
|-damage|p1a: Toxtricity|0 fnt
|faint|p1a: Toxtricity
|
|upkeep
|
|t:|1776112859
|switch|p1a: Gholdengo|Gholdengo|100/100
|turn|3
|
|t:|1776112869
|move|p2a: aceRomani|Sucker Punch|p1a: Gholdengo
|-supereffective|p1a: Gholdengo
|-damage|p1a: Gholdengo|51/100
|move|p1a: Gholdengo|Psychic|p2a: aceRomani
|-supereffective|p2a: aceRomani
|-damage|p2a: aceRomani|0 fnt
|faint|p2a: aceRomani
|
|upkeep
|
|t:|1776112874
|switch|p2a: 30RoundClipGlwking|Slowking-Galar, M|100/100
|turn|4
|
|t:|1776112881
|move|p1a: Gholdengo|Make It Rain|p2a: 30RoundClipGlwking
|-damage|p2a: 30RoundClipGlwking|42/100
|-unboost|p1a: Gholdengo|spa|1
|move|p2a: 30RoundClipGlwking|Trick Room|p2a: 30RoundClipGlwking
|-fieldstart|move: Trick Room|[of] p2a: 30RoundClipGlwking
|
|upkeep
|turn|5
|
|t:|1776112888
|-prepare|p2a: 30RoundClipGlwking|Chilly Reception|[premajor]
|move|p2a: 30RoundClipGlwking|Chilly Reception|p2a: 30RoundClipGlwking
|-weather|Snowscape
|
|t:|1776112895
|switch|p2a: RXKHands|Iron Hands|100/100|[from] Chilly Reception
|-enditem|p2a: RXKHands|Booster Energy
|-activate|p2a: RXKHands|ability: Quark Drive|[fromitem]
|-start|p2a: RXKHands|quarkdriveatk
|move|p1a: Gholdengo|Make It Rain|p2a: RXKHands
|-resisted|p2a: RXKHands
|-damage|p2a: RXKHands|81/100
|-unboost|p1a: Gholdengo|spa|1
|
|-weather|Snowscape|[upkeep]
|upkeep
|turn|6
|
|t:|1776112907
|switch|p1a: Glimmora|Glimmora, M|100/100
|-item|p1a: Glimmora|Air Balloon
|move|p2a: RXKHands|Supercell Slam|p1a: Glimmora
|-damage|p1a: Glimmora|26/100
|-activate|p1a: Glimmora|ability: Toxic Debris
|-sidestart|p2: BigLikeSphinx|move: Toxic Spikes
|-enditem|p1a: Glimmora|Air Balloon
|
|-weather|Snowscape|[upkeep]
|upkeep
|turn|7
|
|t:|1776112916
|move|p2a: RXKHands|Ice Punch|p1a: Glimmora
|-damage|p1a: Glimmora|0 fnt
|-activate|p1a: Glimmora|ability: Toxic Debris
|-sidestart|p2: BigLikeSphinx|move: Toxic Spikes
|faint|p1a: Glimmora
|
|-weather|Snowscape|[upkeep]
|upkeep
|
|t:|1776112925
|switch|p1a: Meowscarada|Meowscarada, F|100/100
|turn|8
|
|t:|1776112933
|move|p2a: RXKHands|Close Combat|p1a: Meowscarada
|-supereffective|p1a: Meowscarada
|-damage|p1a: Meowscarada|0 fnt
|-unboost|p2a: RXKHands|def|1
|-unboost|p2a: RXKHands|spd|1
|faint|p1a: Meowscarada
|
|-weather|Snowscape|[upkeep]
|-fieldend|move: Trick Room
|upkeep
|
|t:|1776112940
|switch|p1a: Gholdengo|Gholdengo|51/100
|turn|9
|
|t:|1776112945
|-end|p2a: RXKHands|Quark Drive|[silent]
|switch|p2a: 30RoundClipGlwking|Slowking-Galar, M|75/100
|-sideend|p2: BigLikeSphinx|move: Toxic Spikes|[of] p2a: 30RoundClipGlwking
|move|p1a: Gholdengo|Psychic|p2a: 30RoundClipGlwking
|-damage|p2a: 30RoundClipGlwking|46/100
|
|-weather|none
|upkeep
|turn|10
|
|t:|1776112956
|move|p1a: Gholdengo|Thunderbolt|p2a: 30RoundClipGlwking
|-damage|p2a: 30RoundClipGlwking|18/100
|move|p2a: 30RoundClipGlwking|Trick Room|p2a: 30RoundClipGlwking
|-fieldstart|move: Trick Room|[of] p2a: 30RoundClipGlwking
|
|upkeep
|turn|11
|
|t:|1776112962
|-prepare|p2a: 30RoundClipGlwking|Chilly Reception|[premajor]
|move|p2a: 30RoundClipGlwking|Chilly Reception|p2a: 30RoundClipGlwking
|-weather|Snowscape
|
|t:|1776112965
|switch|p2a: RXKHands|Iron Hands|81/100|[from] Chilly Reception
|move|p1a: Gholdengo|Psychic|p2a: RXKHands
|-supereffective|p2a: RXKHands
|-damage|p2a: RXKHands|23/100
|-unboost|p2a: RXKHands|spd|1
|
|-weather|Snowscape|[upkeep]
|upkeep
|turn|12
|
|t:|1776112971
|move|p2a: RXKHands|Supercell Slam|p1a: Gholdengo
|-crit|p1a: Gholdengo
|-damage|p1a: Gholdengo|0 fnt
|faint|p1a: Gholdengo
|
|-weather|Snowscape|[upkeep]
|upkeep
|
|t:|1776112976
|switch|p1a: Quaquaval|Quaquaval, F|100/100
|turn|13
|
|t:|1776112983
|move|p2a: RXKHands|Close Combat|p1a: Quaquaval
|-damage|p1a: Quaquaval|11/100
|-unboost|p2a: RXKHands|def|1
|-unboost|p2a: RXKHands|spd|1
|move|p1a: Quaquaval|Aqua Step|p2a: RXKHands
|-damage|p2a: RXKHands|0 fnt
|-boost|p1a: Quaquaval|spe|1
|faint|p2a: RXKHands
|-end|p2a: RXKHands|Quark Drive|[silent]
|-ability|p1a: Quaquaval|Moxie|boost
|-boost|p1a: Quaquaval|atk|1
|
|-weather|Snowscape|[upkeep]
|upkeep
|
|t:|1776112987
|switch|p2a: FreezeDry Moments|Kyurem, shiny|100/100
|-ability|p2a: FreezeDry Moments|Pressure
|turn|14
|
|t:|1776112995
|move|p2a: FreezeDry Moments|Freeze-Dry|p1a: Quaquaval
|-supereffective|p1a: Quaquaval
|-damage|p1a: Quaquaval|0 fnt
|faint|p1a: Quaquaval
|
|-weather|Snowscape|[upkeep]
|-fieldend|move: Trick Room
|upkeep
|
|t:|1776112997
|switch|p1a: Eiscue|Eiscue, M|100/100
|turn|15
|
|t:|1776112999
|move|p2a: FreezeDry Moments|Earth Power|p1a: Eiscue
|-damage|p1a: Eiscue|63/100
|move|p1a: Eiscue|Belly Drum|p1a: Eiscue
|-damage|p1a: Eiscue|13/100
|-setboost|p1a: Eiscue|atk|6|[from] move: Belly Drum
|
|-weather|none
|upkeep
|turn|16
|
|t:|1776113009
|move|p2a: FreezeDry Moments|Earth Power|p1a: Eiscue
|-damage|p1a: Eiscue|0 fnt
|faint|p1a: Eiscue
|
|win|BigLikeSphinx
|raw|kaihavertzfan29's rating: 1098 &rarr; <strong>1075</strong><br />(-23 for losing)
|raw|BigLikeSphinx's rating: 1129 &rarr; <strong>1152</strong><br />(+23 for winning)
|l|☆kaihavertzfan29
|player|p1|
