|html|<div class="broadcast-blue"><strong>[Gen 9] OU is currently suspecting Tera Blast! For information on how to participate check out the <a href="https://www.smogon.com/tools/suspects/view/200">suspect thread</a>.</strong></div>
|j|☆Blastoise_Choice
|j|☆terrastaliize
|t:|1776082490
|gametype|singles
|player|p1|Blastoise_Choice|benga|1699
|player|p2|terrastaliize|parasollady-gen4|1759
|gen|9
|tier|[Gen 9] OU
|rated|
|rule|HP Percentage Mod: HP is shown in percentages
|rule|Endless Battle Clause: Forcing endless battles is banned
|rule|Species Clause: Limit one of each Pokémon
|rule|OHKO Clause: OHKO moves are banned
|rule|Evasion Items Clause: Evasion items are banned
|rule|Evasion Moves Clause: Evasion moves are banned
|rule|Evasion Abilities Clause: Evasion abilities are banned
|rule|Sleep Moves Clause: Sleep-inducing moves are banned
|clearpoke
|poke|p1|Hydrapple, M|
|poke|p1|Tyranitar, F|
|poke|p1|Moltres|
|poke|p1|Zamazenta-*|
|poke|p1|Slowking-Galar, M|
|poke|p1|Excadrill, F|
|poke|p2|Dragapult, F|
|poke|p2|Alomomola, F|
|poke|p2|Ting-Lu|
|poke|p2|Kyurem|
|poke|p2|Weezing-Galar, F|
|poke|p2|Corviknight, F|
|teampreview
|c|☆Blastoise_Choice|hf
|inactive|Battle timer is ON: inactive players will automatically lose when time's up. (requested by Blastoise_Choice)
|c|☆terrastaliize|u2
|
|t:|1776082519
|teamsize|p1|6
|teamsize|p2|6
|start
|switch|p1a: Zamazenta|Zamazenta|100/100
|switch|p2a: Fogbound Lake|Alomomola, F|100/100
|-ability|p1a: Zamazenta|Dauntless Shield|boost
|-boost|p1a: Zamazenta|def|1
|turn|1
|
|t:|1776082526
|move|p1a: Zamazenta|Iron Defense|p1a: Zamazenta
|-boost|p1a: Zamazenta|def|2
|move|p2a: Fogbound Lake|Tickle|p1a: Zamazenta
|-unboost|p1a: Zamazenta|atk|1
|-unboost|p1a: Zamazenta|def|1
|
|upkeep
|turn|2
|
|t:|1776082533
|move|p1a: Zamazenta|Iron Defense|p1a: Zamazenta
|-boost|p1a: Zamazenta|def|2
|move|p2a: Fogbound Lake|Tickle|p1a: Zamazenta
|-unboost|p1a: Zamazenta|atk|1
|-unboost|p1a: Zamazenta|def|1
|
|upkeep
|turn|3
|
|t:|1776082545
|switch|p1a: Hydrapple|Hydrapple, M|100/100
|move|p2a: Fogbound Lake|Tickle|p1a: Hydrapple
|-unboost|p1a: Hydrapple|atk|1
|-unboost|p1a: Hydrapple|def|1
|
|upkeep
|turn|4
|
|t:|1776082552
|switch|p2a: Corviknight|Corviknight, F|100/100
|-ability|p2a: Corviknight|Pressure
|move|p1a: Hydrapple|Nasty Plot|p1a: Hydrapple
|-boost|p1a: Hydrapple|spa|2
|
|upkeep
|turn|5
|
|t:|1776082559
|move|p1a: Hydrapple|Fickle Beam|p2a: Corviknight|[anim] Fickle Beam All Out
|-activate|p1a: Hydrapple|move: Fickle Beam
|-resisted|p2a: Corviknight
|-damage|p2a: Corviknight|52/100
|move|p2a: Corviknight|U-turn|p1a: Hydrapple
|-supereffective|p1a: Hydrapple
|-damage|p1a: Hydrapple|75/100
|
|t:|1776082563
|switch|p2a: Moody Blues|Dragapult, F|100/100|[from] U-turn
|
|upkeep
|turn|6
|
|t:|1776082570
|-terastallize|p1a: Hydrapple|Poison
|move|p2a: Moody Blues|Dragon Darts|p1a: Hydrapple
|-damage|p1a: Hydrapple|43/100
|-anim|p2a: Moody Blues|Dragon Darts|p1a: Hydrapple
|-damage|p1a: Hydrapple|7/100
|move|p1a: Hydrapple|Fickle Beam|p2a: Moody Blues
|-supereffective|p2a: Moody Blues
|-damage|p2a: Moody Blues|0 fnt
|faint|p2a: Moody Blues
|
|upkeep
|
|t:|1776082573
|switch|p2a: Tiffany BlueStones|Kyurem, shiny|100/100
|-ability|p2a: Tiffany BlueStones|Pressure
|turn|7
|
|t:|1776082580
|switch|p1a: Tyranitar|Tyranitar, F|100/100
|-weather|Sandstorm|[from] ability: Sand Stream|[of] p1a: Tyranitar
|move|p2a: Tiffany BlueStones|Earth Power|p1a: Tyranitar
|-supereffective|p1a: Tyranitar
|-damage|p1a: Tyranitar|74/100
|
|-weather|Sandstorm|[upkeep]
|-damage|p2a: Tiffany BlueStones|94/100|[from] Sandstorm
|-heal|p2a: Tiffany BlueStones|100/100|[from] item: Leftovers
|upkeep
|turn|8
|
|t:|1776082587
|switch|p2a: Fogbound Lake|Alomomola, F|100/100
|move|p1a: Tyranitar|Stealth Rock|p2a: Fogbound Lake
|-sidestart|p2: terrastaliize|move: Stealth Rock
|
|-weather|Sandstorm|[upkeep]
|-damage|p2a: Fogbound Lake|94/100|[from] Sandstorm
|upkeep
|turn|9
|
|t:|1776082594
|switch|p1a: Hydrapple|Hydrapple, M, tera:Poison|40/100
|move|p2a: Fogbound Lake|Flip Turn|p1a: Hydrapple
|-damage|p1a: Hydrapple|30/100
|
|t:|1776082599
|switch|p2a: Weezing|Weezing-Galar, F|100/100|[from] Flip Turn
|-ability|p2a: Weezing|Neutralizing Gas
|-damage|p2a: Weezing|88/100|[from] Stealth Rock
|
|-weather|Sandstorm|[upkeep]
|-damage|p2a: Weezing|82/100|[from] Sandstorm
|-damage|p1a: Hydrapple|23/100|[from] Sandstorm
|-heal|p2a: Weezing|88/100|[from] item: Leftovers
|upkeep
|turn|10
|
|t:|1776082605
|move|p2a: Weezing|Protect|p2a: Weezing
|-singleturn|p2a: Weezing|Protect
|move|p1a: Hydrapple|Earth Power|p2a: Weezing
|-activate|p2a: Weezing|move: Protect
|
|-weather|Sandstorm|[upkeep]
|-damage|p2a: Weezing|82/100|[from] Sandstorm
|-damage|p1a: Hydrapple|17/100|[from] Sandstorm
|-heal|p2a: Weezing|88/100|[from] item: Leftovers
|upkeep
|turn|11
|
|t:|1776082612
|move|p2a: Weezing|Defog|p1a: Hydrapple
|-unboost|p1a: Hydrapple|evasion|1
|-sideend|p2: terrastaliize|Stealth Rock|[from] move: Defog|[of] p2a: Weezing
|move|p1a: Hydrapple|Earth Power|p2a: Weezing
|-supereffective|p2a: Weezing
|-crit|p2a: Weezing
|-damage|p2a: Weezing|0 fnt
|faint|p2a: Weezing
|-end|p2a: Weezing|ability: Neutralizing Gas
|
|-weather|Sandstorm|[upkeep]
|-damage|p1a: Hydrapple|11/100|[from] Sandstorm
|upkeep
|
|t:|1776082618
|switch|p2a: Tiffany BlueStones|Kyurem, shiny|100/100
|-ability|p2a: Tiffany BlueStones|Pressure
|turn|12
|
|t:|1776082625
|switch|p1a: Tyranitar|Tyranitar, F|74/100
|move|p2a: Tiffany BlueStones|Earth Power|p1a: Tyranitar
|-supereffective|p1a: Tyranitar
|-damage|p1a: Tyranitar|47/100
|
|-weather|Sandstorm|[upkeep]
|-damage|p2a: Tiffany BlueStones|94/100|[from] Sandstorm
|-heal|p2a: Tiffany BlueStones|100/100|[from] item: Leftovers
|upkeep
|turn|13
|
|t:|1776082632
|move|p2a: Tiffany BlueStones|Earth Power|p1a: Tyranitar
|-supereffective|p1a: Tyranitar
|-damage|p1a: Tyranitar|18/100
|-unboost|p1a: Tyranitar|spd|1
|move|p1a: Tyranitar|Stealth Rock|p2a: Tiffany BlueStones
|-sidestart|p2: terrastaliize|move: Stealth Rock
|
|-weather|Sandstorm|[upkeep]
|-damage|p2a: Tiffany BlueStones|94/100|[from] Sandstorm
|-heal|p2a: Tiffany BlueStones|100/100|[from] item: Leftovers
|upkeep
|turn|14
|
|t:|1776082638
|switch|p1a: Zamazenta|Zamazenta|100/100
|move|p2a: Tiffany BlueStones|Substitute|p2a: Tiffany BlueStones
|-start|p2a: Tiffany BlueStones|Substitute
|-damage|p2a: Tiffany BlueStones|76/100
|
|-weather|none
|-heal|p2a: Tiffany BlueStones|82/100|[from] item: Leftovers
|upkeep
|turn|15
|
|t:|1776082645
|move|p2a: Tiffany BlueStones|Freeze-Dry|p1a: Zamazenta
|-damage|p1a: Zamazenta|66/100
|move|p1a: Zamazenta|Roar|p2a: Tiffany BlueStones
|drag|p2a: Ting-Lu|Ting-Lu|100/100
|-damage|p2a: Ting-Lu|94/100|[from] Stealth Rock
|-ability|p2a: Ting-Lu|Vessel of Ruin
|
|-heal|p1a: Zamazenta|72/100|[from] item: Leftovers
|-heal|p2a: Ting-Lu|100/100|[from] item: Leftovers
|upkeep
|turn|16
|
|t:|1776082651
|move|p1a: Zamazenta|Iron Defense|p1a: Zamazenta
|-boost|p1a: Zamazenta|def|2
|move|p2a: Ting-Lu|Stealth Rock|p1a: Zamazenta
|-sidestart|p1: Blastoise_Choice|move: Stealth Rock
|
|-heal|p1a: Zamazenta|79/100|[from] item: Leftovers
|upkeep
|turn|17
|inactive|terrastaliize has 120 seconds left.
|inactive|terrastaliize has 90 seconds left.
|inactive|terrastaliize has 60 seconds left.
|
|t:|1776082745
|switch|p2a: Fogbound Lake|Alomomola, F|100/100
|-damage|p2a: Fogbound Lake|88/100|[from] Stealth Rock
|move|p1a: Zamazenta|Body Press|p2a: Fogbound Lake
|-damage|p2a: Fogbound Lake|50/100
|-damage|p1a: Zamazenta|62/100|[from] item: Rocky Helmet|[of] p2a: Fogbound Lake
|
|-heal|p1a: Zamazenta|68/100|[from] item: Leftovers
|upkeep
|turn|18
|
|t:|1776082753
|move|p1a: Zamazenta|Body Press|p2a: Fogbound Lake
|-damage|p2a: Fogbound Lake|8/100
|-damage|p1a: Zamazenta|52/100|[from] item: Rocky Helmet|[of] p2a: Fogbound Lake
|move|p2a: Fogbound Lake|Wish|p2a: Fogbound Lake
|
|-heal|p1a: Zamazenta|58/100|[from] item: Leftovers
|upkeep
|turn|19
|
|t:|1776082757
|move|p1a: Zamazenta|Body Press|p2a: Fogbound Lake
|-damage|p2a: Fogbound Lake|0 fnt
|-damage|p1a: Zamazenta|41/100|[from] item: Rocky Helmet|[of] p2a: Fogbound Lake
|faint|p2a: Fogbound Lake
|
|-heal|p1a: Zamazenta|47/100|[from] item: Leftovers
|upkeep
|-message|terrastaliize forfeited.
|
|win|Blastoise_Choice
|raw|Blastoise_Choice's rating: 1699 &rarr; <strong>1722</strong><br />(+23 for winning)
|raw|terrastaliize's rating: 1759 &rarr; <strong>1736</strong><br />(-23 for losing)
|c|☆Blastoise_Choice|gg
|j| Dogedgr8
|l|☆terrastaliize
|player|p2|
|l| Dogedgr8
