|html|<div class="broadcast-blue"><strong>[Gen 9] OU is currently suspecting Tera Blast! For information on how to participate check out the <a href="https://www.smogon.com/tools/suspects/view/200">suspect thread</a>.</strong></div>
|j|☆carciox
|j|☆Jeaph
|t:|1776342901
|gametype|singles
|player|p1|carciox|102|1229
|player|p2|Jeaph|beauty-gen4dp|1232
|gen|9
|tier|[Gen 9] OU
|rated|
|rule|HP Percentage Mod: HP is shown in percentages
|rule|Endless Battle Clause: Forcing endless battles is banned
|rule|Species Clause: Limit one of each Pokémon
|rule|OHKO Clause: OHKO moves are banned
|rule|Evasion Items Clause: Evasion items are banned
|rule|Evasion Moves Clause: Evasion moves are banned
|rule|Evasion Abilities Clause: Evasion abilities are banned
|rule|Sleep Moves Clause: Sleep-inducing moves are banned
|clearpoke
|poke|p1|Hydrapple, M|
|poke|p1|Skarmory, M|
|poke|p1|Tyranitar, M|
|poke|p1|Alomomola, M|
|poke|p1|Clodsire, F|
|poke|p1|Clefable, M|
|poke|p2|Inteleon, M|
|poke|p2|Pelipper, M|
|poke|p2|Alomomola, F|
|poke|p2|Barraskewda, M|
|poke|p2|Iron Treads|
|poke|p2|Blissey, F|
|teampreview
|inactive|Battle timer is ON: inactive players will automatically lose when time's up. (requested by carciox)
|inactive|Jeaph has 120 seconds left.
|
|t:|1776342952
|teamsize|p1|6
|teamsize|p2|6
|start
|switch|p1a: Tyranitar|Tyranitar, M|100/100
|switch|p2a: Rowland|Iron Treads|100/100
|-weather|Sandstorm|[from] ability: Sand Stream|[of] p1a: Tyranitar
|-enditem|p2a: Rowland|Booster Energy
|-activate|p2a: Rowland|ability: Quark Drive|[fromitem]
|-start|p2a: Rowland|quarkdrivespe
|turn|1
|inactive|carciox has 120 seconds left.
|
|t:|1776342991
|switch|p1a: Skarmory|Skarmory, M|100/100
|move|p2a: Rowland|Stealth Rock|p1a: Skarmory
|-sidestart|p1: carciox|move: Stealth Rock
|
|-weather|Sandstorm|[upkeep]
|upkeep
|turn|2
|inactive|carciox has 120 seconds left.
|
|t:|1776343003
|move|p2a: Rowland|Knock Off|p1a: Skarmory
|-damage|p1a: Skarmory|82/100
|-enditem|p1a: Skarmory|Heavy-Duty Boots|[from] move: Knock Off|[of] p2a: Rowland
|move|p1a: Skarmory|Spikes|p2a: Rowland
|-sidestart|p2: Jeaph|Spikes
|
|-weather|Sandstorm|[upkeep]
|upkeep
|turn|3
|inactive|carciox has 120 seconds left.
|
|t:|1776343015
|move|p2a: Rowland|Rapid Spin|p1a: Skarmory
|-resisted|p1a: Skarmory
|-damage|p1a: Skarmory|77/100
|-boost|p2a: Rowland|spe|1
|-sideend|p2: Jeaph|Spikes|[from] move: Rapid Spin|[of] p2a: Rowland
|move|p1a: Skarmory|Body Press|p2a: Rowland
|-supereffective|p2a: Rowland
|-damage|p2a: Rowland|41/100
|
|-weather|Sandstorm|[upkeep]
|upkeep
|turn|4
|inactive|carciox has 120 seconds left.
|
|t:|1776343029
|-end|p2a: Rowland|Quark Drive|[silent]
|switch|p2a: Gideon|Inteleon, M|100/100
|move|p1a: Skarmory|Spikes|p2a: Gideon
|-sidestart|p2: Jeaph|Spikes
|
|-weather|Sandstorm|[upkeep]
|-damage|p2a: Gideon|94/100|[from] Sandstorm
|upkeep
|turn|5
|inactive|carciox has 120 seconds left.
|
|t:|1776343040
|switch|p1a: Alomomola|Alomomola, M, shiny|100/100
|move|p2a: Gideon|Snipe Shot|p1a: Alomomola
|-resisted|p1a: Alomomola
|-damage|p1a: Alomomola|75/100
|
|-weather|none
|upkeep
|turn|6
|inactive|carciox has 120 seconds left.
|
|t:|1776343057
|move|p2a: Gideon|Snipe Shot|p1a: Alomomola
|-resisted|p1a: Alomomola
|-crit|p1a: Alomomola
|-damage|p1a: Alomomola|14/100
|move|p1a: Alomomola|Body Slam|p2a: Gideon
|-damage|p2a: Gideon|67/100
|
|upkeep
|turn|7
|inactive|carciox has 120 seconds left.
|
|t:|1776343066
|switch|p1a: Hydrapple|Hydrapple, M|100/100
|move|p2a: Gideon|Snipe Shot|p1a: Hydrapple
|-resisted|p1a: Hydrapple
|-damage|p1a: Hydrapple|86/100
|
|upkeep
|turn|8
|
|t:|1776343074
|switch|p2a: Ashanti|Blissey, F|100/100
|-damage|p2a: Ashanti|88/100|[from] Spikes
|move|p1a: Hydrapple|Giga Drain|p2a: Ashanti
|-damage|p2a: Ashanti|75/100
|-heal|p1a: Hydrapple|97/100|[from] drain|[of] p2a: Ashanti
|
|upkeep
|turn|9
|
|t:|1776343084
|move|p2a: Ashanti|Thunder Wave|p1a: Hydrapple|[miss]
|-miss|p2a: Ashanti|p1a: Hydrapple
|move|p1a: Hydrapple|Nasty Plot|p1a: Hydrapple
|-boost|p1a: Hydrapple|spa|2
|
|upkeep
|turn|10
|
|t:|1776343101
|switch|p2a: Deeper|Pelipper, M|100/100
|-weather|RainDance|[from] ability: Drizzle|[of] p2a: Deeper
|move|p1a: Hydrapple|Nasty Plot|p1a: Hydrapple
|-boost|p1a: Hydrapple|spa|2
|
|-weather|RainDance|[upkeep]
|upkeep
|turn|11
|
|t:|1776343111
|move|p2a: Deeper|Ice Beam|p1a: Hydrapple
|-supereffective|p1a: Hydrapple
|-damage|p1a: Hydrapple|0 fnt
|faint|p1a: Hydrapple
|
|-weather|RainDance|[upkeep]
|upkeep
|
|t:|1776343122
|switch|p1a: Tyranitar|Tyranitar, M|100/100
|-weather|Sandstorm|[from] ability: Sand Stream|[of] p1a: Tyranitar
|turn|12
|
|t:|1776343127
|move|p2a: Deeper|U-turn|p1a: Tyranitar
|-supereffective|p1a: Tyranitar
|-damage|p1a: Tyranitar|87/100
|
|t:|1776343131
|switch|p2a: Phylis|Alomomola, F|100/100|[from] U-turn
|-damage|p2a: Phylis|88/100|[from] Spikes
|move|p1a: Tyranitar|Knock Off|p2a: Phylis
|-damage|p2a: Phylis|66/100
|-enditem|p2a: Phylis|Leftovers|[from] move: Knock Off|[of] p1a: Tyranitar
|
|-weather|Sandstorm|[upkeep]
|-damage|p2a: Phylis|59/100|[from] Sandstorm
|upkeep
|turn|13
|
|t:|1776343143
|move|p2a: Phylis|Flip Turn|p1a: Tyranitar
|-supereffective|p1a: Tyranitar
|-damage|p1a: Tyranitar|62/100
|
|t:|1776343148
|switch|p2a: Deeper|Pelipper, M|100/100|[from] Flip Turn
|-weather|RainDance|[from] ability: Drizzle|[of] p2a: Deeper
|move|p1a: Tyranitar|Stealth Rock|p2a: Deeper
|-sidestart|p2: Jeaph|move: Stealth Rock
|
|-weather|RainDance|[upkeep]
|upkeep
|turn|14
|
|t:|1776343159
|move|p2a: Deeper|Weather Ball|p1a: Tyranitar
|-supereffective|p1a: Tyranitar
|-damage|p1a: Tyranitar|0 fnt
|faint|p1a: Tyranitar
|
|-weather|RainDance|[upkeep]
|upkeep
|
|t:|1776343173
|switch|p1a: Clefable|Clefable, M|100/100
|turn|15
|
|t:|1776343178
|move|p2a: Deeper|Weather Ball|p1a: Clefable
|-damage|p1a: Clefable|31/100
|move|p1a: Clefable|Knock Off|p2a: Deeper
|-damage|p2a: Deeper|84/100
|-enditem|p2a: Deeper|Damp Rock|[from] move: Knock Off|[of] p1a: Clefable
|
|-weather|RainDance|[upkeep]
|upkeep
|turn|16
|
|t:|1776343190
|move|p2a: Deeper|Weather Ball|p1a: Clefable
|-damage|p1a: Clefable|0 fnt
|faint|p1a: Clefable
|
|-weather|RainDance|[upkeep]
|upkeep
|
|t:|1776343199
|switch|p1a: Alomomola|Alomomola, M, shiny|47/100
|turn|17
|inactive|Jeaph has 120 seconds left.
|c|☆carciox|So slow
|
|t:|1776343258
|move|p2a: Deeper|Hurricane|p1a: Alomomola
|-damage|p1a: Alomomola|3/100
|move|p1a: Alomomola|Wish|p1a: Alomomola
|
|-weather|RainDance|[upkeep]
|upkeep
|turn|18
|c|☆Jeaph|:)
|c|☆Jeaph|ok bb
|
|t:|1776343268
|move|p1a: Alomomola|Protect|p1a: Alomomola
|-singleturn|p1a: Alomomola|Protect
|move|p2a: Deeper|Hurricane|p1a: Alomomola
|-activate|p1a: Alomomola|move: Protect
|
|-weather|RainDance|[upkeep]
|-heal|p1a: Alomomola|53/100|[from] move: Wish|[wisher] Alomomola
|upkeep
|turn|19
|
|t:|1776343281
|move|p2a: Deeper|Hurricane|p1a: Alomomola
|-damage|p1a: Alomomola|5/100
|-start|p1a: Alomomola|confusion
|-activate|p1a: Alomomola|confusion
|-damage|p1a: Alomomola|0 fnt|[from] confusion
|faint|p1a: Alomomola
|
|-weather|RainDance|[upkeep]
|upkeep
|c|☆Jeaph|oups
|
|t:|1776343291
|switch|p1a: Clodsire|Clodsire, F|100/100
|turn|20
|
|t:|1776343296
|move|p2a: Deeper|Weather Ball|p1a: Clodsire
|-supereffective|p1a: Clodsire
|-damage|p1a: Clodsire|25/100
|move|p1a: Clodsire|Toxic|p2a: Deeper
|-status|p2a: Deeper|tox
|
|-weather|none
|-damage|p2a: Deeper|78/100 tox|[from] psn
|upkeep
|turn|21
|
|t:|1776343306
|move|p2a: Deeper|U-turn|p1a: Clodsire
|-resisted|p1a: Clodsire
|-damage|p1a: Clodsire|21/100
|
|t:|1776343312
|switch|p2a: Rowland|Iron Treads|41/100|[from] U-turn
|-damage|p2a: Rowland|29/100|[from] Spikes
|-damage|p2a: Rowland|26/100|[from] Stealth Rock
|move|p1a: Clodsire|Recover|p1a: Clodsire
|-heal|p1a: Clodsire|71/100
|
|upkeep
|turn|22
|inactive|Jeaph has 120 seconds left.
|c|☆carciox|This is so annoying
|
|t:|1776343328
|switch|p1a: Skarmory|Skarmory, M|77/100
|-damage|p1a: Skarmory|65/100|[from] Stealth Rock
|move|p2a: Rowland|Rapid Spin|p1a: Skarmory
|-resisted|p1a: Skarmory
|-damage|p1a: Skarmory|59/100
|-boost|p2a: Rowland|spe|1
|-sideend|p2: Jeaph|Spikes|[from] move: Rapid Spin|[of] p2a: Rowland
|-sideend|p2: Jeaph|Stealth Rock|[from] move: Rapid Spin|[of] p2a: Rowland
|
|upkeep
|turn|23
|c|☆Jeaph|for u X)
|inactive|Jeaph has 120 seconds left.
|
|t:|1776343343
|-end|p2a: Rowland|Quark Drive|[silent]
|switch|p2a: Deeper|Pelipper, M|78/100 tox
|-weather|RainDance|[from] ability: Drizzle|[of] p2a: Deeper
|move|p1a: Skarmory|Roost|p1a: Skarmory
|-heal|p1a: Skarmory|100/100
|-singleturn|p1a: Skarmory|move: Roost
|
|-weather|RainDance|[upkeep]
|-damage|p2a: Deeper|72/100 tox|[from] psn
|upkeep
|turn|24
|
|t:|1776343365
|-terastallize|p1a: Skarmory|Dragon
|move|p1a: Skarmory|Body Press|p2a: Deeper
|-resisted|p2a: Deeper
|-damage|p2a: Deeper|56/100 tox
|move|p2a: Deeper|U-turn|p1a: Skarmory
|-damage|p1a: Skarmory|95/100
|
|t:|1776343374
|switch|p2a: Gideon|Inteleon, M|67/100|[from] U-turn
|
|-weather|RainDance|[upkeep]
|upkeep
|turn|25
|
|t:|1776343384
|move|p2a: Gideon|Ice Beam|p1a: Skarmory
|-supereffective|p1a: Skarmory
|-damage|p1a: Skarmory|0 fnt
|faint|p1a: Skarmory
|
|-weather|RainDance|[upkeep]
|upkeep
|
|t:|1776343391
|switch|p1a: Clodsire|Clodsire, F|71/100
|turn|26
|c|☆Jeaph|forfeit ?
|inactive|carciox has 120 seconds left.
|inactive|carciox has 90 seconds left.
|inactive|carciox has 60 seconds left.
|c|☆Jeaph|are u there. ? :)
|inactive|carciox has 30 seconds left.
|
|t:|1776343505
|move|p2a: Gideon|Ice Beam|p1a: Clodsire
|-supereffective|p1a: Clodsire
|-damage|p1a: Clodsire|20/100
|move|p1a: Clodsire|Amnesia|p1a: Clodsire
|-boost|p1a: Clodsire|spd|2
|
|-weather|RainDance|[upkeep]
|upkeep
|turn|27
|
|t:|1776343514
|move|p2a: Gideon|Ice Beam|p1a: Clodsire
|-supereffective|p1a: Clodsire
|-damage|p1a: Clodsire|0 fnt
|faint|p1a: Clodsire
|
|win|Jeaph
|raw|carciox's rating: 1229 &rarr; <strong>1204</strong><br />(-25 for losing)
|raw|Jeaph's rating: 1232 &rarr; <strong>1257</strong><br />(+25 for winning)
|c|☆Jeaph|gg
|c|☆carciox|GG
|c|☆carciox|Wp
|c|☆carciox|Makes me wish desire abomination
|c|☆carciox|So
|c|☆Jeaph|:o
|c|☆Jeaph|deep
|c|☆carciox|??
|c|☆carciox|Such losing makes me wish desire destroys all the furniture
|c|☆carciox|All the furniture...
|c|☆carciox|So large abomimion
|c|☆Jeaph|calma
|c|☆carciox|Jalphrol Al zinzalouk uallock barzhani
|c|☆Jeaph|its just a game
|c|☆carciox|Al phardu bamba rasta uallock
|c|☆carciox|Al joulani farrouk smarmellauz
|c|☆carciox|All the furniture
|c|☆carciox|Al ghataccio marchi
|c|☆carciox|*marchi
|c|☆Jeaph|italian ^^'
|c|☆Jeaph|?
|c|☆carciox|*marchi
|c|☆carciox|*marchu
|c|☆carciox|El mutarjemmani marwa piptani al sistani
|c|☆carciox|GGS wo GL next
|l|☆Jeaph
|player|p2|
|l|☆carciox
|player|p1|
|j|☆Jeaph
|player|p2|Jeaph|beauty-gen4dp|
