|html|<div class="broadcast-blue"><strong>[Gen 9] OU is currently suspecting Tera Blast! For information on how to participate check out the <a href="https://www.smogon.com/tools/suspects/view/200">suspect thread</a>.</strong></div>
|j|☆ceo o wo chien
|j|‽songgea
|t:|1776053736
|gametype|singles
|player|p1|ceo o wo chien|fisherman-gen4|1686
|player|p2|songgea|aromalady|1804
|gen|9
|tier|[Gen 9] OU
|rated|
|rule|HP Percentage Mod: HP is shown in percentages
|rule|Endless Battle Clause: Forcing endless battles is banned
|rule|Species Clause: Limit one of each Pokémon
|rule|OHKO Clause: OHKO moves are banned
|rule|Evasion Items Clause: Evasion items are banned
|rule|Evasion Moves Clause: Evasion moves are banned
|rule|Evasion Abilities Clause: Evasion abilities are banned
|rule|Sleep Moves Clause: Sleep-inducing moves are banned
|clearpoke
|poke|p1|Wo-Chien|
|poke|p1|Clefable, M|
|poke|p1|Gholdengo|
|poke|p1|Great Tusk|
|poke|p1|Dragonite, F|
|poke|p1|Garganacl, M|
|poke|p2|Glimmora, F|
|poke|p2|Ting-Lu|
|poke|p2|Enamorus, F|
|poke|p2|Zamazenta-*|
|poke|p2|Goodra-Hisui, F|
|poke|p2|Ogerpon-Wellspring, F|
|teampreview
|inactive|Battle timer is ON: inactive players will automatically lose when time's up. (requested by ceo o wo chien)
|
|t:|1776053756
|teamsize|p1|6
|teamsize|p2|6
|start
|switch|p1a: Escargoat|Wo-Chien|100/100
|switch|p2a: Glimmora|Glimmora, F|100/100
|-ability|p1a: Escargoat|Tablets of Ruin
|turn|1
|
|t:|1776053764
|switch|p1a: Garganacl|Garganacl, M|100/100
|move|p2a: Glimmora|Mortal Spin|p1a: Garganacl
|-resisted|p1a: Garganacl
|-crit|p1a: Garganacl
|-damage|p1a: Garganacl|98/100
|
|-heal|p1a: Garganacl|100/100|[from] item: Leftovers
|upkeep
|turn|2
|
|t:|1776053774
|move|p2a: Glimmora|Spikes|p1a: Garganacl
|-sidestart|p1: ceo o wo chien|Spikes
|move|p1a: Garganacl|Salt Cure|p2a: Glimmora
|-damage|p2a: Glimmora|84/100
|-start|p2a: Glimmora|Salt Cure
|-activate|p2a: Glimmora|ability: Toxic Debris
|-sidestart|p1: ceo o wo chien|move: Toxic Spikes
|
|-damage|p2a: Glimmora|72/100|[from] Salt Cure
|upkeep
|turn|3
|
|t:|1776053783
|move|p2a: Glimmora|Spikes|p1a: Garganacl
|-sidestart|p1: ceo o wo chien|Spikes
|move|p1a: Garganacl|Stealth Rock|p2a: Glimmora
|-sidestart|p2: songgea|move: Stealth Rock
|
|-damage|p2a: Glimmora|59/100|[from] Salt Cure
|upkeep
|turn|4
|
|t:|1776053793
|switch|p1a: Great Tusk|Great Tusk|100/100
|move|p2a: Glimmora|Meteor Beam||[still]
|-prepare|p2a: Glimmora|Meteor Beam
|-boost|p2a: Glimmora|spa|1
|-enditem|p2a: Glimmora|Power Herb
|-anim|p2a: Glimmora|Meteor Beam|p1a: Great Tusk
|-resisted|p1a: Great Tusk
|-damage|p1a: Great Tusk|65/100
|
|-damage|p2a: Glimmora|47/100|[from] Salt Cure
|upkeep
|turn|5
|
|t:|1776053809
|move|p1a: Great Tusk|Headlong Rush|p2a: Glimmora
|-supereffective|p2a: Glimmora
|-damage|p2a: Glimmora|0 fnt
|-unboost|p1a: Great Tusk|def|1
|-unboost|p1a: Great Tusk|spd|1
|-activate|p2a: Glimmora|ability: Toxic Debris
|-sidestart|p1: ceo o wo chien|move: Toxic Spikes
|faint|p2a: Glimmora
|
|upkeep
|
|t:|1776053818
|switch|p2a: Ting-Lu|Ting-Lu|100/100
|-damage|p2a: Ting-Lu|94/100|[from] Stealth Rock
|-ability|p2a: Ting-Lu|Vessel of Ruin
|turn|6
|
|t:|1776053824
|-terastallize|p2a: Ting-Lu|Ghost
|move|p1a: Great Tusk|Rapid Spin|p2a: Ting-Lu
|-immune|p2a: Ting-Lu
|move|p2a: Ting-Lu|Stealth Rock|p1a: Great Tusk
|-sidestart|p1: ceo o wo chien|move: Stealth Rock
|
|upkeep
|turn|7
|
|t:|1776053839
|move|p1a: Great Tusk|Knock Off|p2a: Ting-Lu
|-supereffective|p2a: Ting-Lu
|-damage|p2a: Ting-Lu|58/100
|-damage|p1a: Great Tusk|48/100|[from] item: Rocky Helmet|[of] p2a: Ting-Lu
|-enditem|p2a: Ting-Lu|Rocky Helmet|[from] move: Knock Off|[of] p1a: Great Tusk
|move|p2a: Ting-Lu|Ruination|p1a: Great Tusk|[miss]
|-miss|p2a: Ting-Lu|p1a: Great Tusk
|
|upkeep
|turn|8
|
|t:|1776053848
|-end|p1a: Great Tusk|Protosynthesis|[silent]
|switch|p1a: Clefable|Clefable, M|100/100
|-status|p1a: Clefable|tox
|move|p2a: Ting-Lu|Earthquake|p1a: Clefable
|-damage|p1a: Clefable|64/100 tox
|
|upkeep
|turn|9
|
|t:|1776053860
|move|p1a: Clefable|Calm Mind|p1a: Clefable
|-boost|p1a: Clefable|spa|1
|-boost|p1a: Clefable|spd|1
|move|p2a: Ting-Lu|Heavy Slam|p1a: Clefable
|-supereffective|p1a: Clefable
|-damage|p1a: Clefable|3/100 tox
|
|upkeep
|turn|10
|
|t:|1776053870
|-terastallize|p1a: Clefable|Water
|move|p1a: Clefable|Moonlight|p1a: Clefable
|-heal|p1a: Clefable|53/100 tox
|move|p2a: Ting-Lu|Heavy Slam|p1a: Clefable
|-resisted|p1a: Clefable
|-damage|p1a: Clefable|36/100 tox
|
|upkeep
|turn|11
|
|t:|1776053880
|switch|p2a: Ogerpon|Ogerpon-Wellspring, F|100/100
|-damage|p2a: Ogerpon|88/100|[from] Stealth Rock
|move|p1a: Clefable|Moonlight|p1a: Clefable
|-heal|p1a: Clefable|86/100 tox
|
|upkeep
|turn|12
|
|t:|1776053890
|switch|p1a: Young Money|Gholdengo|100/100
|-damage|p1a: Young Money|84/100|[from] Spikes
|-damage|p1a: Young Money|78/100|[from] Stealth Rock
|move|p2a: Ogerpon|Horn Leech|p1a: Young Money
|-resisted|p1a: Young Money
|-damage|p1a: Young Money|52/100
|-heal|p2a: Ogerpon|100/100|[from] drain|[of] p1a: Young Money
|
|upkeep
|turn|13
|
|t:|1776053909
|switch|p2a: Goodra|Goodra-Hisui, F|100/100
|-damage|p2a: Goodra|94/100|[from] Stealth Rock
|move|p1a: Young Money|Thunder Wave|p2a: Goodra
|-status|p2a: Goodra|par
|
|upkeep
|turn|14
|
|t:|1776053918
|switch|p1a: Garganacl|Garganacl, M|100/100
|-damage|p1a: Garganacl|84/100|[from] Spikes
|-damage|p1a: Garganacl|72/100|[from] Stealth Rock
|move|p2a: Goodra|Knock Off|p1a: Garganacl
|-damage|p1a: Garganacl|50/100
|-enditem|p1a: Garganacl|Leftovers|[from] move: Knock Off|[of] p2a: Goodra
|
|upkeep
|turn|15
|
|t:|1776053929
|switch|p2a: Ogerpon|Ogerpon-Wellspring, F|100/100
|-damage|p2a: Ogerpon|88/100|[from] Stealth Rock
|move|p1a: Garganacl|Salt Cure|p2a: Ogerpon
|-damage|p2a: Ogerpon|69/100
|-start|p2a: Ogerpon|Salt Cure
|
|-damage|p2a: Ogerpon|44/100|[from] Salt Cure
|upkeep
|turn|16
|j| Dhoom Again
|
|t:|1776053939
|move|p1a: Garganacl|Protect|p1a: Garganacl
|-singleturn|p1a: Garganacl|Protect
|move|p2a: Ogerpon|Ivy Cudgel|p1a: Garganacl|[anim] Ivy Cudgel Water
|-activate|p1a: Garganacl|move: Protect
|
|-damage|p2a: Ogerpon|19/100|[from] Salt Cure
|upkeep
|turn|17
|
|t:|1776053950
|move|p1a: Garganacl|Protect||[still]
|-fail|p1a: Garganacl
|move|p2a: Ogerpon|Ivy Cudgel|p1a: Garganacl|[anim] Ivy Cudgel Water
|-supereffective|p1a: Garganacl
|-damage|p1a: Garganacl|0 fnt
|faint|p1a: Garganacl
|
|-damage|p2a: Ogerpon|0 fnt|[from] Salt Cure
|faint|p2a: Ogerpon
|upkeep
|
|t:|1776053962
|switch|p2a: Enamorus|Enamorus, F|100/100
|switch|p1a: Clefable|Clefable, M, tera:Water|86/100 tox
|-damage|p2a: Enamorus|76/100|[from] Stealth Rock
|turn|18
|j| ArtistsRendition
|
|t:|1776053972
|move|p2a: Enamorus|Moonblast|p1a: Clefable
|-damage|p1a: Clefable|33/100 tox
|-unboost|p1a: Clefable|spa|1
|move|p1a: Clefable|Moonblast|p2a: Enamorus
|-damage|p2a: Enamorus|31/100
|
|upkeep
|turn|19
|inactive|ceo o wo chien has 120 seconds left.
|
|t:|1776054025
|move|p2a: Enamorus|Moonblast|p1a: Clefable
|-damage|p1a: Clefable|0 fnt
|faint|p1a: Clefable
|
|upkeep
|
|t:|1776054027
|switch|p1a: Dragonite|Dragonite, F|100/100
|turn|20
|
|t:|1776054032
|move|p1a: Dragonite|Extreme Speed|p2a: Enamorus
|-damage|p2a: Enamorus|0 fnt
|faint|p2a: Enamorus
|
|upkeep
|
|t:|1776054037
|switch|p2a: Zamazenta|Zamazenta|100/100
|-damage|p2a: Zamazenta|94/100|[from] Stealth Rock
|-ability|p2a: Zamazenta|Dauntless Shield|boost
|-boost|p2a: Zamazenta|def|1
|turn|21
|
|t:|1776054045
|switch|p1a: Young Money|Gholdengo|52/100
|-damage|p1a: Young Money|36/100|[from] Spikes
|-damage|p1a: Young Money|30/100|[from] Stealth Rock
|move|p2a: Zamazenta|Roar|p1a: Young Money
|-immune|p1a: Young Money|[from] ability: Good as Gold
|
|-heal|p2a: Zamazenta|100/100|[from] item: Leftovers
|upkeep
|turn|22
|
|t:|1776054061
|move|p1a: Young Money|Trick|p2a: Zamazenta
|-activate|p1a: Young Money|move: Trick|[of] p2a: Zamazenta
|-item|p2a: Zamazenta|Choice Scarf|[from] move: Trick
|-item|p1a: Young Money|Leftovers|[from] move: Trick
|move|p2a: Zamazenta|Crunch|p1a: Young Money
|-supereffective|p1a: Young Money
|-damage|p1a: Young Money|0 fnt
|faint|p1a: Young Money
|
|upkeep
|j| peneplain
|inactive|ceo o wo chien has 120 seconds left.
|
|t:|1776054096
|switch|p1a: Dragonite|Dragonite, F|100/100
|turn|23
|
|t:|1776054101
|move|p2a: Zamazenta|Crunch|p1a: Dragonite
|-damage|p1a: Dragonite|89/100
|-unboost|p1a: Dragonite|def|1
|move|p1a: Dragonite|Dragon Dance|p1a: Dragonite
|-boost|p1a: Dragonite|atk|1
|-boost|p1a: Dragonite|spe|1
|
|upkeep
|turn|24
|inactive|ceo o wo chien has 120 seconds left.
|
|t:|1776054110
|move|p2a: Zamazenta|Crunch|p1a: Dragonite
|-damage|p1a: Dragonite|55/100
|move|p1a: Dragonite|Roost|p1a: Dragonite
|-heal|p1a: Dragonite|100/100
|-singleturn|p1a: Dragonite|move: Roost
|
|upkeep
|turn|25
|
|t:|1776054118
|move|p2a: Zamazenta|Crunch|p1a: Dragonite
|-damage|p1a: Dragonite|84/100
|move|p1a: Dragonite|Earthquake|p2a: Zamazenta
|-damage|p2a: Zamazenta|73/100
|
|upkeep
|turn|26
|
|t:|1776054124
|move|p2a: Zamazenta|Crunch|p1a: Dragonite
|-damage|p1a: Dragonite|51/100
|move|p1a: Dragonite|Roost|p1a: Dragonite
|-heal|p1a: Dragonite|100/100
|-singleturn|p1a: Dragonite|move: Roost
|
|upkeep
|turn|27
|
|t:|1776054142
|switch|p1a: Escargoat|Wo-Chien|100/100
|-damage|p1a: Escargoat|84/100|[from] Spikes
|-status|p1a: Escargoat|tox
|-damage|p1a: Escargoat|72/100 tox|[from] Stealth Rock
|-ability|p1a: Escargoat|Tablets of Ruin
|move|p2a: Zamazenta|Crunch|p1a: Escargoat
|-resisted|p1a: Escargoat
|-crit|p1a: Escargoat
|-damage|p1a: Escargoat|62/100 tox
|
|-heal|p1a: Escargoat|68/100 tox|[from] item: Leftovers
|-damage|p1a: Escargoat|62/100 tox|[from] psn
|upkeep
|turn|28
|
|t:|1776054157
|switch|p2a: Goodra|Goodra-Hisui, F|94/100 par
|-damage|p2a: Goodra|88/100 par|[from] Stealth Rock
|move|p1a: Escargoat|Foul Play|p2a: Goodra
|-damage|p2a: Goodra|49/100 par
|
|-heal|p1a: Escargoat|68/100 tox|[from] item: Leftovers
|-damage|p1a: Escargoat|56/100 tox|[from] psn
|upkeep
|turn|29
|-message|songgea forfeited.
|
|win|ceo o wo chien
|raw|ceo o wo chien's rating: 1686 &rarr; <strong>1713</strong><br />(+27 for winning)
|raw|songgea's rating: 1804 &rarr; <strong>1777</strong><br />(-27 for losing)
|l|‽songgea
|player|p2|
|l| ArtistsRendition
|l| peneplain
|l| Dhoom Again
|j|‽songgea
|player|p2|songgea|aromalady|
|l|‽songgea
|player|p2|
