|html|<div class="broadcast-blue"><strong>[Gen 9] OU is currently suspecting Volcarona! For information on how to participate check out the <a href="https://www.smogon.com/tools/suspects/view/208">suspect thread</a>.</strong></div>
|j|☆TOMBDADDY
|j|☆Dragonzord6
|t:|1778507168
|gametype|singles
|player|p1|TOMBDADDY|unknown|1435
|player|p2|Dragonzord6|byron|1520
|gen|9
|tier|[Gen 9] OU
|rated|
|rule|HP Percentage Mod: HP is shown in percentages
|rule|Endless Battle Clause: Forcing endless battles is banned
|rule|Species Clause: Limit one of each Pokémon
|rule|OHKO Clause: OHKO moves are banned
|rule|Evasion Items Clause: Evasion items are banned
|rule|Evasion Moves Clause: Evasion moves are banned
|rule|Evasion Abilities Clause: Evasion abilities are banned
|rule|Sleep Moves Clause: Sleep-inducing moves are banned
|clearpoke
|poke|p1|Volcarona, F|
|poke|p1|Zapdos|
|poke|p1|Slowking-Galar, M|
|poke|p1|Great Tusk|
|poke|p1|Ogerpon-Wellspring, F|
|poke|p1|Weavile, M|
|poke|p2|Pelipper, M|
|poke|p2|Kingdra, M|
|poke|p2|Iron Treads|
|poke|p2|Raging Bolt|
|poke|p2|Barraskewda, M|
|poke|p2|Kyurem|
|teampreview
|
|t:|1778507185
|teamsize|p1|6
|teamsize|p2|6
|start
|switch|p1a: Slowking|Slowking-Galar, M|100/100
|switch|p2a: Pelipper|Pelipper, M, shiny|100/100
|-weather|RainDance|[from] ability: Drizzle|[of] p2a: Pelipper
|turn|1
|inactive|Battle timer is ON: inactive players will automatically lose when time's up. (requested by Dragonzord6)
|
|t:|1778507195
|move|p2a: Pelipper|Surf|p1a: Slowking
|-damage|p1a: Slowking|72/100
|-prepare|p1a: Slowking|Chilly Reception|[premajor]
|move|p1a: Slowking|Chilly Reception|p1a: Slowking
|-weather|Snowscape
|
|t:|1778507202
|switch|p1a: Weavile|Weavile, M|100/100|[from] Chilly Reception
|-ability|p1a: Weavile|Pressure
|
|-weather|Snowscape|[upkeep]
|upkeep
|turn|2
|
|t:|1778507209
|switch|p2a: Iron Treads|Iron Treads|100/100
|-enditem|p2a: Iron Treads|Booster Energy
|-activate|p2a: Iron Treads|ability: Quark Drive|[fromitem]
|-start|p2a: Iron Treads|quarkdrivespe
|move|p1a: Weavile|Knock Off|p2a: Iron Treads
|-damage|p2a: Iron Treads|69/100
|
|-weather|Snowscape|[upkeep]
|upkeep
|turn|3
|
|t:|1778507223
|switch|p1a: Ogerpon|Ogerpon-Wellspring, F|100/100
|move|p2a: Iron Treads|Steel Beam|p1a: Ogerpon
|-resisted|p1a: Ogerpon
|-damage|p1a: Ogerpon|73/100
|-damage|p2a: Iron Treads|19/100|[from] steelbeam
|
|-weather|Snowscape|[upkeep]
|upkeep
|turn|4
|
|t:|1778507232
|move|p2a: Iron Treads|Stealth Rock|p1a: Ogerpon
|-sidestart|p1: TOMBDADDY|move: Stealth Rock
|move|p1a: Ogerpon|Horn Leech|p2a: Iron Treads
|-damage|p2a: Iron Treads|0 fnt
|-heal|p1a: Ogerpon|84/100|[from] drain|[of] p2a: Iron Treads
|faint|p2a: Iron Treads
|-end|p2a: Iron Treads|Quark Drive|[silent]
|
|-weather|Snowscape|[upkeep]
|upkeep
|
|t:|1778507242
|switch|p2a: Pelipper|Pelipper, M, shiny|100/100
|-weather|RainDance|[from] ability: Drizzle|[of] p2a: Pelipper
|turn|5
|
|t:|1778507271
|switch|p1a: Weavile|Weavile, M|100/100
|-ability|p1a: Weavile|Pressure
|move|p2a: Pelipper|Hurricane|p1a: Weavile
|-damage|p1a: Weavile|51/100
|
|-weather|RainDance|[upkeep]
|upkeep
|turn|6
|
|t:|1778507281
|move|p1a: Weavile|Knock Off|p2a: Pelipper
|-damage|p2a: Pelipper|66/100
|-enditem|p2a: Pelipper|Damp Rock|[from] move: Knock Off|[of] p1a: Weavile
|move|p2a: Pelipper|Surf|p1a: Weavile
|-damage|p1a: Weavile|0 fnt
|faint|p1a: Weavile
|
|-weather|RainDance|[upkeep]
|upkeep
|
|t:|1778507285
|switch|p1a: Slowking|Slowking-Galar, M|100/100
|turn|7
|
|t:|1778507293
|move|p2a: Pelipper|U-turn|p1a: Slowking
|-damage|p1a: Slowking|91/100
|
|t:|1778507298
|switch|p2a: Raging Bolt|Raging Bolt|100/100|[from] U-turn
|-prepare|p1a: Slowking|Chilly Reception|[premajor]
|move|p1a: Slowking|Chilly Reception|p1a: Slowking
|-weather|Snowscape
|
|t:|1778507315
|switch|p1a: Volcarona|Volcarona, F|100/100|[from] Chilly Reception
|
|-weather|Snowscape|[upkeep]
|upkeep
|turn|8
|
|t:|1778507322
|move|p1a: Volcarona|Quiver Dance|p1a: Volcarona
|-boost|p1a: Volcarona|spa|1
|-boost|p1a: Volcarona|spd|1
|-boost|p1a: Volcarona|spe|1
|move|p2a: Raging Bolt|Thunder|p1a: Volcarona
|-damage|p1a: Volcarona|61/100
|-status|p1a: Volcarona|par
|
|-weather|Snowscape|[upkeep]
|upkeep
|turn|9
|
|t:|1778507332
|-end|p2a: Raging Bolt|Protosynthesis|[silent]
|switch|p2a: Pelipper|Pelipper, M, shiny|66/100
|-weather|RainDance|[from] ability: Drizzle|[of] p2a: Pelipper
|move|p1a: Volcarona|Morning Sun|p1a: Volcarona
|-heal|p1a: Volcarona|86/100 par
|
|-weather|RainDance|[upkeep]
|upkeep
|turn|10
|
|t:|1778507343
|switch|p1a: Ogerpon|Ogerpon-Wellspring, F|84/100
|-damage|p1a: Ogerpon|71/100|[from] Stealth Rock
|move|p2a: Pelipper|U-turn|p1a: Ogerpon
|-supereffective|p1a: Ogerpon
|-damage|p1a: Ogerpon|48/100
|
|t:|1778507355
|switch|p2a: Raging Bolt|Raging Bolt|100/100|[from] U-turn
|
|-weather|RainDance|[upkeep]
|upkeep
|turn|11
|
|t:|1778507368
|switch|p1a: Great Tusk|Great Tusk|100/100
|move|p2a: Raging Bolt|Thunder|p1a: Great Tusk
|-immune|p1a: Great Tusk
|
|-weather|RainDance|[upkeep]
|upkeep
|turn|12
|
|t:|1778507376
|move|p1a: Great Tusk|Stealth Rock|p2a: Raging Bolt
|-sidestart|p2: Dragonzord6|move: Stealth Rock
|move|p2a: Raging Bolt|Weather Ball|p1a: Great Tusk
|-supereffective|p1a: Great Tusk
|-damage|p1a: Great Tusk|0 fnt
|faint|p1a: Great Tusk
|-end|p1a: Great Tusk|Protosynthesis|[silent]
|
|-weather|RainDance|[upkeep]
|upkeep
|
|t:|1778507381
|switch|p1a: Slowking|Slowking-Galar, M|100/100
|turn|13
|
|t:|1778507387
|move|p2a: Raging Bolt|Thunder|p1a: Slowking
|-damage|p1a: Slowking|61/100
|move|p1a: Slowking|Toxic|p2a: Raging Bolt
|-status|p2a: Raging Bolt|tox
|
|-weather|none
|-damage|p2a: Raging Bolt|94/100 tox|[from] psn
|upkeep
|turn|14
|
|t:|1778507396
|move|p2a: Raging Bolt|Thunder|p1a: Slowking
|-damage|p1a: Slowking|24/100
|-prepare|p1a: Slowking|Chilly Reception|[premajor]
|move|p1a: Slowking|Chilly Reception|p1a: Slowking
|-weather|Snowscape
|
|t:|1778507404
|switch|p1a: Zapdos|Zapdos|100/100|[from] Chilly Reception
|
|-weather|Snowscape|[upkeep]
|-damage|p2a: Raging Bolt|82/100 tox|[from] psn
|upkeep
|turn|15
|
|t:|1778507413
|switch|p1a: Volcarona|Volcarona, F|86/100 par
|move|p2a: Raging Bolt|Weather Ball|p1a: Volcarona
|-resisted|p1a: Volcarona
|-damage|p1a: Volcarona|70/100 par
|
|-weather|Snowscape|[upkeep]
|-damage|p2a: Raging Bolt|64/100 tox|[from] psn
|upkeep
|turn|16
|
|t:|1778507422
|move|p2a: Raging Bolt|Thunder|p1a: Volcarona
|-damage|p1a: Volcarona|8/100 par
|move|p1a: Volcarona|Quiver Dance|p1a: Volcarona
|-boost|p1a: Volcarona|spa|1
|-boost|p1a: Volcarona|spd|1
|-boost|p1a: Volcarona|spe|1
|
|-weather|Snowscape|[upkeep]
|-damage|p2a: Raging Bolt|39/100 tox|[from] psn
|upkeep
|turn|17
|
|t:|1778507432
|move|p1a: Volcarona|Morning Sun|p1a: Volcarona
|-heal|p1a: Volcarona|33/100 par
|move|p2a: Raging Bolt|Dragon Pulse|p1a: Volcarona
|-damage|p1a: Volcarona|3/100 par
|
|-weather|Snowscape|[upkeep]
|-damage|p2a: Raging Bolt|8/100 tox|[from] psn
|upkeep
|turn|18
|
|t:|1778507442
|cant|p1a: Volcarona|par
|move|p2a: Raging Bolt|Thunder|p1a: Volcarona
|-damage|p1a: Volcarona|0 fnt
|faint|p1a: Volcarona
|
|-weather|none
|-damage|p2a: Raging Bolt|0 fnt|[from] psn
|faint|p2a: Raging Bolt
|-end|p2a: Raging Bolt|Protosynthesis|[silent]
|upkeep
|
|t:|1778507455
|switch|p1a: Slowking|Slowking-Galar, M|58/100
|switch|p2a: Kyurem|Kyurem, shiny|100/100
|-damage|p2a: Kyurem|76/100|[from] Stealth Rock
|-ability|p2a: Kyurem|Pressure
|turn|19
|
|t:|1778507463
|-terastallize|p2a: Kyurem|Ice
|move|p2a: Kyurem|Freeze-Dry|p1a: Slowking
|-damage|p1a: Slowking|27/100
|move|p1a: Slowking|Toxic|p2a: Kyurem
|-status|p2a: Kyurem|tox
|
|-damage|p2a: Kyurem|70/100 tox|[from] psn
|upkeep
|turn|20
|
|t:|1778507481
|switch|p1a: Ogerpon|Ogerpon-Wellspring, F|48/100
|-damage|p1a: Ogerpon|36/100|[from] Stealth Rock
|move|p2a: Kyurem|Freeze-Dry|p1a: Ogerpon
|-supereffective|p1a: Ogerpon
|-damage|p1a: Ogerpon|0 fnt
|faint|p1a: Ogerpon
|
|-damage|p2a: Kyurem|57/100 tox|[from] psn
|upkeep
|
|t:|1778507486
|switch|p1a: Slowking|Slowking-Galar, M|60/100
|turn|21
|
|t:|1778507494
|move|p2a: Kyurem|Freeze-Dry|p1a: Slowking
|-damage|p1a: Slowking|29/100
|move|p1a: Slowking|Sludge Bomb|p2a: Kyurem
|-damage|p2a: Kyurem|27/100 tox
|
|-damage|p2a: Kyurem|8/100 tox|[from] psn
|upkeep
|turn|22
|
|t:|1778507503
|switch|p1a: Zapdos|Zapdos|100/100
|move|p2a: Kyurem|Freeze-Dry|p1a: Zapdos
|-supereffective|p1a: Zapdos
|-damage|p1a: Zapdos|0 fnt
|faint|p1a: Zapdos
|
|-damage|p2a: Kyurem|0 fnt|[from] psn
|faint|p2a: Kyurem
|upkeep
|-message|TOMBDADDY forfeited.
|
|win|Dragonzord6
|raw|TOMBDADDY's rating: 1435 &rarr; <strong>1420</strong><br />(-15 for losing)
|raw|Dragonzord6's rating: 1520 &rarr; <strong>1535</strong><br />(+15 for winning)
|l|☆TOMBDADDY
|player|p1|
|c|☆Dragonzord6|Gg
