|html|<div class="broadcast-blue"><strong>[Gen 9] OU is currently suspecting Tera Blast! For information on how to participate check out the <a href="https://www.smogon.com/tools/suspects/view/200">suspect thread</a>.</strong></div>
|j|☆Streshyix
|j|☆Blastoise_Choice
|t:|1776116251
|gametype|singles
|player|p1|Streshyix|hugh|1502
|player|p2|Blastoise_Choice|101|1594
|gen|9
|tier|[Gen 9] OU
|rated|
|rule|HP Percentage Mod: HP is shown in percentages
|rule|Endless Battle Clause: Forcing endless battles is banned
|rule|Species Clause: Limit one of each Pokémon
|rule|OHKO Clause: OHKO moves are banned
|rule|Evasion Items Clause: Evasion items are banned
|rule|Evasion Moves Clause: Evasion moves are banned
|rule|Evasion Abilities Clause: Evasion abilities are banned
|rule|Sleep Moves Clause: Sleep-inducing moves are banned
|clearpoke
|poke|p1|Dragonite, M|
|poke|p1|Iron Crown|
|poke|p1|Samurott-Hisui, M|
|poke|p1|Zamazenta-*|
|poke|p1|Enamorus, F|
|poke|p1|Mamoswine, F|
|poke|p2|Garganacl, F|
|poke|p2|Darkrai|
|poke|p2|Great Tusk|
|poke|p2|Hatterene, F|
|poke|p2|Tornadus-Therian, M|
|poke|p2|Dragonite, M|
|teampreview
|inactive|Battle timer is ON: inactive players will automatically lose when time's up. (requested by Streshyix)
|c|☆Blastoise_Choice|hf
|inactive|Blastoise_Choice also wants the timer to be on.
|
|t:|1776116266
|teamsize|p1|6
|teamsize|p2|6
|start
|switch|p1a: Mamoswine|Mamoswine, F|100/100
|switch|p2a: Darkrai|Darkrai|100/100
|turn|1
|
|t:|1776116273
|switch|p1a: Iron Crown|Iron Crown|100/100
|move|p2a: Darkrai|Dark Pulse|p1a: Iron Crown
|-supereffective|p1a: Iron Crown
|-damage|p1a: Iron Crown|7/100
|
|upkeep
|turn|2
|
|t:|1776116282
|move|p2a: Darkrai|Dark Pulse|p1a: Iron Crown
|-supereffective|p1a: Iron Crown
|-damage|p1a: Iron Crown|0 fnt
|faint|p1a: Iron Crown
|-end|p1a: Iron Crown|Quark Drive|[silent]
|
|upkeep
|
|t:|1776116288
|switch|p1a: Samurott|Samurott-Hisui, M, shiny|100/100
|turn|3
|
|t:|1776116295
|switch|p2a: Hatterene|Hatterene, F|100/100
|move|p1a: Samurott|Ceaseless Edge|p2a: Hatterene
|-damage|p2a: Hatterene|66/100
|-damage|p1a: Samurott|84/100|[from] item: Rocky Helmet|[of] p2a: Hatterene
|-sidestart|p2: Blastoise_Choice|Spikes
|
|upkeep
|turn|4
|
|t:|1776116303
|move|p1a: Samurott|Ceaseless Edge|p2a: Hatterene
|-damage|p2a: Hatterene|30/100
|-damage|p1a: Samurott|67/100|[from] item: Rocky Helmet|[of] p2a: Hatterene
|-sidestart|p2: Blastoise_Choice|Spikes
|move|p2a: Hatterene|Dazzling Gleam|p1a: Samurott
|-supereffective|p1a: Samurott
|-damage|p1a: Samurott|0 fnt
|faint|p1a: Samurott
|
|upkeep
|
|t:|1776116312
|switch|p1a: Mamoswine|Mamoswine, F|100/100
|turn|5
|
|t:|1776116319
|move|p1a: Mamoswine|Icicle Crash|p2a: Hatterene
|-damage|p2a: Hatterene|0 fnt
|faint|p2a: Hatterene
|
|upkeep
|
|t:|1776116326
|switch|p2a: Darkrai|Darkrai|100/100
|-damage|p2a: Darkrai|84/100|[from] Spikes
|turn|6
|
|t:|1776116332
|move|p2a: Darkrai|Dark Pulse|p1a: Mamoswine
|-damage|p1a: Mamoswine|8/100
|move|p1a: Mamoswine|Icicle Crash|p2a: Darkrai
|-damage|p2a: Darkrai|0 fnt
|faint|p2a: Darkrai
|
|upkeep
|
|t:|1776116340
|switch|p2a: Great Tusk|Great Tusk|100/100
|-damage|p2a: Great Tusk|84/100|[from] Spikes
|-enditem|p2a: Great Tusk|Booster Energy
|-activate|p2a: Great Tusk|ability: Protosynthesis|[fromitem]
|-start|p2a: Great Tusk|protosynthesisatk
|turn|7
|
|t:|1776116349
|move|p2a: Great Tusk|Rapid Spin|p1a: Mamoswine
|-damage|p1a: Mamoswine|0 fnt
|-boost|p2a: Great Tusk|spe|1
|-sideend|p2: Blastoise_Choice|Spikes|[from] move: Rapid Spin|[of] p2a: Great Tusk
|faint|p1a: Mamoswine
|
|upkeep
|
|t:|1776116353
|switch|p1a: Zamazenta|Zamazenta|100/100
|-ability|p1a: Zamazenta|Dauntless Shield|boost
|-boost|p1a: Zamazenta|def|1
|turn|8
|
|t:|1776116360
|move|p2a: Great Tusk|Ice Spinner|p1a: Zamazenta
|-damage|p1a: Zamazenta|83/100
|move|p1a: Zamazenta|Iron Defense|p1a: Zamazenta
|-boost|p1a: Zamazenta|def|2
|
|-heal|p1a: Zamazenta|90/100|[from] item: Leftovers
|upkeep
|turn|9
|
|t:|1776116367
|-end|p2a: Great Tusk|Protosynthesis|[silent]
|switch|p2a: Dragonite|Dragonite, M|100/100
|move|p1a: Zamazenta|Body Press|p2a: Dragonite
|-resisted|p2a: Dragonite
|-damage|p2a: Dragonite|78/100
|
|-heal|p1a: Zamazenta|96/100|[from] item: Leftovers
|upkeep
|turn|10
|
|t:|1776116373
|move|p1a: Zamazenta|Body Press|p2a: Dragonite
|-resisted|p2a: Dragonite
|-damage|p2a: Dragonite|36/100
|move|p2a: Dragonite|Roost|p2a: Dragonite
|-heal|p2a: Dragonite|86/100
|-singleturn|p2a: Dragonite|move: Roost
|
|-heal|p1a: Zamazenta|100/100|[from] item: Leftovers
|upkeep
|turn|11
|
|t:|1776116380
|move|p1a: Zamazenta|Body Press|p2a: Dragonite
|-resisted|p2a: Dragonite
|-damage|p2a: Dragonite|46/100
|move|p2a: Dragonite|Roost|p2a: Dragonite
|-heal|p2a: Dragonite|96/100
|-singleturn|p2a: Dragonite|move: Roost
|
|upkeep
|turn|12
|
|t:|1776116388
|move|p1a: Zamazenta|Iron Defense|p1a: Zamazenta
|-boost|p1a: Zamazenta|def|2
|move|p2a: Dragonite|Roost|p2a: Dragonite
|-heal|p2a: Dragonite|100/100
|-singleturn|p2a: Dragonite|move: Roost
|
|upkeep
|turn|13
|
|t:|1776116394
|move|p1a: Zamazenta|Body Press|p2a: Dragonite
|-resisted|p2a: Dragonite
|-damage|p2a: Dragonite|71/100
|move|p2a: Dragonite|Roost|p2a: Dragonite
|-heal|p2a: Dragonite|100/100
|-singleturn|p2a: Dragonite|move: Roost
|
|upkeep
|turn|14
|
|t:|1776116401
|move|p1a: Zamazenta|Crunch|p2a: Dragonite
|-damage|p2a: Dragonite|90/100
|move|p2a: Dragonite|Roost|p2a: Dragonite
|-heal|p2a: Dragonite|100/100
|-singleturn|p2a: Dragonite|move: Roost
|
|upkeep
|turn|15
|
|t:|1776116405
|move|p1a: Zamazenta|Body Press|p2a: Dragonite
|-resisted|p2a: Dragonite
|-damage|p2a: Dragonite|73/100
|move|p2a: Dragonite|Roost|p2a: Dragonite
|-heal|p2a: Dragonite|100/100
|-singleturn|p2a: Dragonite|move: Roost
|
|upkeep
|turn|16
|
|t:|1776116408
|move|p1a: Zamazenta|Crunch|p2a: Dragonite
|-damage|p2a: Dragonite|90/100
|move|p2a: Dragonite|Roost|p2a: Dragonite
|-heal|p2a: Dragonite|100/100
|-singleturn|p2a: Dragonite|move: Roost
|
|upkeep
|turn|17
|
|t:|1776116412
|move|p1a: Zamazenta|Crunch|p2a: Dragonite
|-damage|p2a: Dragonite|90/100
|-unboost|p2a: Dragonite|def|1
|move|p2a: Dragonite|Roost|p2a: Dragonite
|-heal|p2a: Dragonite|100/100
|-singleturn|p2a: Dragonite|move: Roost
|
|upkeep
|turn|18
|
|t:|1776116416
|switch|p2a: Tornadus|Tornadus-Therian, M, shiny|100/100
|move|p1a: Zamazenta|Crunch|p2a: Tornadus
|-damage|p2a: Tornadus|75/100
|
|upkeep
|turn|19
|
|t:|1776116421
|move|p1a: Zamazenta|Body Press|p2a: Tornadus
|-resisted|p2a: Tornadus
|-damage|p2a: Tornadus|5/100
|move|p2a: Tornadus|Bleakwind Storm|p1a: Zamazenta
|-supereffective|p1a: Zamazenta
|-damage|p1a: Zamazenta|45/100
|
|-heal|p1a: Zamazenta|51/100|[from] item: Leftovers
|upkeep
|turn|20
|
|t:|1776116425
|move|p1a: Zamazenta|Body Press|p2a: Tornadus
|-resisted|p2a: Tornadus
|-damage|p2a: Tornadus|0 fnt
|faint|p2a: Tornadus
|
|-heal|p1a: Zamazenta|57/100|[from] item: Leftovers
|upkeep
|
|t:|1776116429
|switch|p2a: Garganacl|Garganacl, F|100/100
|turn|21
|
|t:|1776116437
|-terastallize|p2a: Garganacl|Water
|move|p1a: Zamazenta|Body Press|p2a: Garganacl
|-damage|p2a: Garganacl|27/100
|move|p2a: Garganacl|Salt Cure|p1a: Zamazenta
|-resisted|p1a: Zamazenta
|-damage|p1a: Zamazenta|56/100
|-start|p1a: Zamazenta|Salt Cure
|
|-heal|p1a: Zamazenta|62/100|[from] item: Leftovers
|-heal|p2a: Garganacl|34/100|[from] item: Leftovers
|-damage|p1a: Zamazenta|49/100|[from] Salt Cure
|upkeep
|turn|22
|
|t:|1776116441
|move|p2a: Garganacl|Protect|p2a: Garganacl
|-singleturn|p2a: Garganacl|Protect
|move|p1a: Zamazenta|Body Press|p2a: Garganacl
|-activate|p2a: Garganacl|move: Protect
|
|-heal|p1a: Zamazenta|56/100|[from] item: Leftovers
|-heal|p2a: Garganacl|40/100|[from] item: Leftovers
|-damage|p1a: Zamazenta|43/100|[from] Salt Cure
|upkeep
|turn|23
|
|t:|1776116444
|switch|p2a: Great Tusk|Great Tusk|84/100
|move|p1a: Zamazenta|Body Press|p2a: Great Tusk
|-damage|p2a: Great Tusk|0 fnt
|faint|p2a: Great Tusk
|-end|p2a: Great Tusk|Protosynthesis|[silent]
|
|-heal|p1a: Zamazenta|49/100|[from] item: Leftovers
|-damage|p1a: Zamazenta|37/100|[from] Salt Cure
|upkeep
|
|t:|1776116448
|switch|p2a: Garganacl|Garganacl, F, tera:Water|40/100
|turn|24
|
|t:|1776116451
|move|p2a: Garganacl|Protect|p2a: Garganacl
|-singleturn|p2a: Garganacl|Protect
|move|p1a: Zamazenta|Crunch|p2a: Garganacl
|-activate|p2a: Garganacl|move: Protect
|
|-heal|p1a: Zamazenta|43/100|[from] item: Leftovers
|-heal|p2a: Garganacl|46/100|[from] item: Leftovers
|-damage|p1a: Zamazenta|31/100|[from] Salt Cure
|upkeep
|turn|25
|
|t:|1776116455
|switch|p2a: Dragonite|Dragonite, M|100/100
|move|p1a: Zamazenta|Body Press|p2a: Dragonite
|-resisted|p2a: Dragonite
|-damage|p2a: Dragonite|69/100
|
|-heal|p1a: Zamazenta|37/100|[from] item: Leftovers
|-damage|p1a: Zamazenta|25/100|[from] Salt Cure
|upkeep
|turn|26
|
|t:|1776116458
|move|p2a: Dragonite|Extreme Speed|p1a: Zamazenta
|-damage|p1a: Zamazenta|17/100
|move|p1a: Zamazenta|Body Press|p2a: Dragonite
|-resisted|p2a: Dragonite
|-damage|p2a: Dragonite|12/100
|
|-heal|p1a: Zamazenta|23/100|[from] item: Leftovers
|-damage|p1a: Zamazenta|11/100|[from] Salt Cure
|upkeep
|turn|27
|
|t:|1776116462
|move|p1a: Zamazenta|Body Press|p2a: Dragonite
|-resisted|p2a: Dragonite
|-damage|p2a: Dragonite|0 fnt
|faint|p2a: Dragonite
|
|-heal|p1a: Zamazenta|17/100|[from] item: Leftovers
|-damage|p1a: Zamazenta|4/100|[from] Salt Cure
|upkeep
|
|t:|1776116466
|switch|p2a: Garganacl|Garganacl, F, tera:Water|46/100
|turn|28
|
|t:|1776116469
|switch|p1a: Enamorus|Enamorus, F|100/100
|move|p2a: Garganacl|Protect||[still]
|-fail|p2a: Garganacl
|
|-heal|p2a: Garganacl|52/100|[from] item: Leftovers
|upkeep
|turn|29
|
|t:|1776116480
|move|p2a: Garganacl|Protect|p2a: Garganacl
|-singleturn|p2a: Garganacl|Protect
|move|p1a: Enamorus|Healing Wish|p1a: Enamorus
|faint|p1a: Enamorus
|
|-heal|p2a: Garganacl|58/100|[from] item: Leftovers
|upkeep
|
|t:|1776116482
|switch|p1a: Zamazenta|Zamazenta|4/100
|-heal|p1a: Zamazenta|100/100|[from] move: Healing Wish
|turn|30
|
|t:|1776116485
|move|p1a: Zamazenta|Iron Defense|p1a: Zamazenta
|-boost|p1a: Zamazenta|def|2
|move|p2a: Garganacl|Recover|p2a: Garganacl
|-heal|p2a: Garganacl|100/100
|
|upkeep
|turn|31
|
|t:|1776116489
|move|p1a: Zamazenta|Iron Defense|p1a: Zamazenta
|-boost|p1a: Zamazenta|def|2
|move|p2a: Garganacl|Salt Cure|p1a: Zamazenta
|-resisted|p1a: Zamazenta
|-damage|p1a: Zamazenta|99/100
|-start|p1a: Zamazenta|Salt Cure
|
|-heal|p1a: Zamazenta|100/100|[from] item: Leftovers
|-damage|p1a: Zamazenta|88/100|[from] Salt Cure
|upkeep
|turn|32
|
|t:|1776116493
|move|p1a: Zamazenta|Iron Defense|p1a: Zamazenta
|-boost|p1a: Zamazenta|def|2
|move|p2a: Garganacl|Recover||[still]
|-fail|p2a: Garganacl|heal
|
|-heal|p1a: Zamazenta|94/100|[from] item: Leftovers
|-damage|p1a: Zamazenta|82/100|[from] Salt Cure
|upkeep
|turn|33
|
|t:|1776116496
|move|p1a: Zamazenta|Crunch|p2a: Garganacl
|-damage|p2a: Garganacl|86/100
|move|p2a: Garganacl|Recover|p2a: Garganacl
|-heal|p2a: Garganacl|100/100
|
|-heal|p1a: Zamazenta|88/100|[from] item: Leftovers
|-damage|p1a: Zamazenta|76/100|[from] Salt Cure
|upkeep
|turn|34
|
|t:|1776116500
|move|p1a: Zamazenta|Crunch|p2a: Garganacl
|-damage|p2a: Garganacl|86/100
|move|p2a: Garganacl|Recover|p2a: Garganacl
|-heal|p2a: Garganacl|100/100
|
|-heal|p1a: Zamazenta|82/100|[from] item: Leftovers
|-damage|p1a: Zamazenta|70/100|[from] Salt Cure
|upkeep
|turn|35
|
|t:|1776116503
|move|p1a: Zamazenta|Crunch|p2a: Garganacl
|-damage|p2a: Garganacl|87/100
|move|p2a: Garganacl|Recover|p2a: Garganacl
|-heal|p2a: Garganacl|100/100
|
|-heal|p1a: Zamazenta|76/100|[from] item: Leftovers
|-damage|p1a: Zamazenta|63/100|[from] Salt Cure
|upkeep
|turn|36
|
|t:|1776116507
|move|p2a: Garganacl|Protect|p2a: Garganacl
|-singleturn|p2a: Garganacl|Protect
|move|p1a: Zamazenta|Crunch|p2a: Garganacl
|-activate|p2a: Garganacl|move: Protect
|
|-heal|p1a: Zamazenta|70/100|[from] item: Leftovers
|-damage|p1a: Zamazenta|57/100|[from] Salt Cure
|upkeep
|turn|37
|
|t:|1776116511
|move|p2a: Garganacl|Protect|p2a: Garganacl
|-singleturn|p2a: Garganacl|Protect
|move|p1a: Zamazenta|Crunch|p2a: Garganacl
|-activate|p2a: Garganacl|move: Protect
|
|-heal|p1a: Zamazenta|63/100|[from] item: Leftovers
|-damage|p1a: Zamazenta|51/100|[from] Salt Cure
|upkeep
|turn|38
|
|t:|1776116514
|move|p1a: Zamazenta|Crunch|p2a: Garganacl
|-damage|p2a: Garganacl|86/100
|-unboost|p2a: Garganacl|def|1
|move|p2a: Garganacl|Recover|p2a: Garganacl
|-heal|p2a: Garganacl|100/100
|
|-heal|p1a: Zamazenta|57/100|[from] item: Leftovers
|-damage|p1a: Zamazenta|45/100|[from] Salt Cure
|upkeep
|turn|39
|
|t:|1776116517
|move|p2a: Garganacl|Protect|p2a: Garganacl
|-singleturn|p2a: Garganacl|Protect
|move|p1a: Zamazenta|Crunch|p2a: Garganacl
|-activate|p2a: Garganacl|move: Protect
|
|-heal|p1a: Zamazenta|51/100|[from] item: Leftovers
|-damage|p1a: Zamazenta|39/100|[from] Salt Cure
|upkeep
|turn|40
|
|t:|1776116521
|move|p1a: Zamazenta|Body Press|p2a: Garganacl
|-damage|p2a: Garganacl|0 fnt
|faint|p2a: Garganacl
|
|win|Streshyix
|raw|Streshyix's rating: 1502 &rarr; <strong>1527</strong><br />(+25 for winning)
|raw|Blastoise_Choice's rating: 1594 &rarr; <strong>1569</strong><br />(-25 for losing)
|c|☆Blastoise_Choice|gg
