|html|<div class="broadcast-blue"><strong>[Gen 9] OU is currently suspecting Tera Blast! For information on how to participate check out the <a href="https://www.smogon.com/tools/suspects/view/200">suspect thread</a>.</strong></div>
|j|☆kejaun
|j|☆pichulasio
|t:|1776190492
|gametype|singles
|player|p1|kejaun|roxie|1579
|player|p2|pichulasio|battlegirl-gen4|1594
|gen|9
|tier|[Gen 9] OU
|rated|
|rule|HP Percentage Mod: HP is shown in percentages
|rule|Endless Battle Clause: Forcing endless battles is banned
|rule|Species Clause: Limit one of each Pokémon
|rule|OHKO Clause: OHKO moves are banned
|rule|Evasion Items Clause: Evasion items are banned
|rule|Evasion Moves Clause: Evasion moves are banned
|rule|Evasion Abilities Clause: Evasion abilities are banned
|rule|Sleep Moves Clause: Sleep-inducing moves are banned
|clearpoke
|poke|p1|Ogerpon-Wellspring, F|
|poke|p1|Gholdengo|
|poke|p1|Hatterene, F|
|poke|p1|Enamorus, F|
|poke|p1|Garchomp, M|
|poke|p1|Raging Bolt|
|poke|p2|Ninetales-Alola, M|
|poke|p2|Zamazenta-*|
|poke|p2|Latios, M|
|poke|p2|Ceruledge, F|
|poke|p2|Cloyster, F|
|poke|p2|Weezing-Galar, M|
|teampreview
|inactive|Battle timer is ON: inactive players will automatically lose when time's up. (requested by kejaun)
|inactive|pichulasio also wants the timer to be on.
|inactive|kejaun has 120 seconds left.
|
|t:|1776190540
|teamsize|p1|6
|teamsize|p2|6
|start
|switch|p1a: Gholdengo|Gholdengo|100/100
|switch|p2a: Weezing|Weezing-Galar, M|100/100
|-ability|p2a: Weezing|Neutralizing Gas
|turn|1
|
|t:|1776190551
|-end|p2a: Weezing|ability: Neutralizing Gas
|switch|p2a: Ceruledge|Ceruledge, F|100/100
|move|p1a: Gholdengo|Make It Rain|p2a: Ceruledge
|-resisted|p2a: Ceruledge
|-damage|p2a: Ceruledge|62/100
|-unboost|p1a: Gholdengo|spa|1
|
|upkeep
|turn|2
|
|t:|1776190560
|switch|p1a: Garchomp|Garchomp, M, shiny|100/100
|move|p2a: Ceruledge|Poltergeist|p1a: Garchomp
|-activate|p1a: Garchomp|move: Poltergeist|Rocky Helmet
|-damage|p1a: Garchomp|62/100
|
|upkeep
|turn|3
|
|t:|1776190569
|switch|p2a: Cloyster|Cloyster, F, shiny|100/100
|move|p1a: Garchomp|Stealth Rock|p2a: Cloyster
|-sidestart|p2: pichulasio|move: Stealth Rock
|
|upkeep
|turn|4
|
|t:|1776190593
|move|p2a: Cloyster|Icicle Spear|p1a: Garchomp
|-supereffective|p1a: Garchomp
|-damage|p1a: Garchomp|31/100
|-supereffective|p1a: Garchomp
|-damage|p1a: Garchomp|2/100
|-supereffective|p1a: Garchomp
|-damage|p1a: Garchomp|0 fnt
|faint|p1a: Garchomp
|-hitcount|p1: Garchomp|3
|
|upkeep
|
|t:|1776190596
|switch|p1a: Ogerpon|Ogerpon-Wellspring, F|100/100
|turn|5
|
|t:|1776190610
|move|p1a: Ogerpon|U-turn|p2a: Cloyster
|-damage|p2a: Cloyster|76/100
|
|t:|1776190615
|switch|p1a: Gholdengo|Gholdengo|100/100|[from] U-turn
|move|p2a: Cloyster|Shell Smash|p2a: Cloyster
|-unboost|p2a: Cloyster|def|1
|-unboost|p2a: Cloyster|spd|1
|-boost|p2a: Cloyster|atk|2
|-boost|p2a: Cloyster|spa|2
|-boost|p2a: Cloyster|spe|2
|-enditem|p2a: Cloyster|White Herb
|-clearnegativeboost|p2a: Cloyster|[silent]
|
|upkeep
|turn|6
|
|t:|1776190635
|move|p2a: Cloyster|Drill Run|p1a: Gholdengo
|-supereffective|p1a: Gholdengo
|-damage|p1a: Gholdengo|0 fnt
|faint|p1a: Gholdengo
|
|upkeep
|
|t:|1776190651
|switch|p1a: Ogerpon|Ogerpon-Wellspring, F|100/100
|turn|7
|
|t:|1776190658
|-terastallize|p1a: Ogerpon|Water
|detailschange|p1a: Ogerpon|Ogerpon-Wellspring-Tera, F, tera:Water
|-ability|p1a: Ogerpon|Embody Aspect (Wellspring)|boost
|-boost|p1a: Ogerpon|spd|1
|move|p2a: Cloyster|Rock Blast|p1a: Ogerpon
|-crit|p1a: Ogerpon
|-damage|p1a: Ogerpon|68/100
|-damage|p1a: Ogerpon|49/100
|-crit|p1a: Ogerpon
|-damage|p1a: Ogerpon|19/100
|-damage|p1a: Ogerpon|0 fnt
|faint|p1a: Ogerpon
|detailschange|p1: Ogerpon|Ogerpon-Wellspring, F|[silent]
|-hitcount|p1: Ogerpon|4
|
|upkeep
|
|t:|1776190664
|switch|p1a: Raging Bolt|Raging Bolt|100/100
|turn|8
|
|t:|1776190675
|-terastallize|p2a: Cloyster|Ground
|move|p1a: Raging Bolt|Thunderclap|p2a: Cloyster
|-immune|p2a: Cloyster
|move|p2a: Cloyster|Icicle Spear|p1a: Raging Bolt
|-supereffective|p1a: Raging Bolt
|-damage|p1a: Raging Bolt|54/100
|-supereffective|p1a: Raging Bolt
|-damage|p1a: Raging Bolt|9/100
|-supereffective|p1a: Raging Bolt
|-damage|p1a: Raging Bolt|0 fnt
|faint|p1a: Raging Bolt
|-end|p1a: Raging Bolt|Protosynthesis|[silent]
|-hitcount|p1: Raging Bolt|3
|
|upkeep
|
|t:|1776190682
|switch|p1a: Hatterene|Hatterene, F|100/100
|turn|9
|
|t:|1776190689
|move|p2a: Cloyster|Icicle Spear|p1a: Hatterene
|-damage|p1a: Hatterene|75/100
|-damage|p1a: Hatterene|51/100
|-damage|p1a: Hatterene|23/100
|-damage|p1a: Hatterene|0 fnt
|faint|p1a: Hatterene
|-hitcount|p1: Hatterene|4
|
|upkeep
|
|t:|1776190692
|switch|p1a: Enamorus|Enamorus, F|100/100
|turn|10
|
|t:|1776190700
|move|p2a: Cloyster|Icicle Spear|p1a: Enamorus
|-supereffective|p1a: Enamorus
|-damage|p1a: Enamorus|31/100
|-supereffective|p1a: Enamorus
|-damage|p1a: Enamorus|0 fnt
|faint|p1a: Enamorus
|-hitcount|p1: Enamorus|2
|
|win|pichulasio
|raw|kejaun's rating: 1579 &rarr; <strong>1560</strong><br />(-19 for losing)
|raw|pichulasio's rating: 1594 &rarr; <strong>1613</strong><br />(+19 for winning)
