|html|<div class="broadcast-blue"><strong>[Gen 9] OU is currently suspecting Tera Blast! For information on how to participate check out the <a href="https://www.smogon.com/tools/suspects/view/200">suspect thread</a>.</strong></div>
|j|☆eddiebroski
|j|☆naco03
|t:|1776045899
|gametype|singles
|player|p1|eddiebroski|265|1103
|player|p2|naco03|ethan|1122
|gen|9
|tier|[Gen 9] OU
|rated|
|rule|HP Percentage Mod: HP is shown in percentages
|rule|Endless Battle Clause: Forcing endless battles is banned
|rule|Species Clause: Limit one of each Pokémon
|rule|OHKO Clause: OHKO moves are banned
|rule|Evasion Items Clause: Evasion items are banned
|rule|Evasion Moves Clause: Evasion moves are banned
|rule|Evasion Abilities Clause: Evasion abilities are banned
|rule|Sleep Moves Clause: Sleep-inducing moves are banned
|clearpoke
|poke|p1|Mamoswine, F|
|poke|p1|Weavile, F|
|poke|p1|Cetitan, F|
|poke|p1|Frosmoth, M|
|poke|p1|Abomasnow, F|
|poke|p1|Beartic, F|
|poke|p2|Clodsire, M|
|poke|p2|Ceruledge, M|
|poke|p2|Dragonite, F|
|poke|p2|Garganacl, F|
|poke|p2|Tinkaton, F|
|poke|p2|Quaquaval, M|
|teampreview
|inactive|Battle timer is ON: inactive players will automatically lose when time's up. (requested by naco03)
|
|t:|1776045912
|teamsize|p1|6
|teamsize|p2|6
|start
|switch|p1a: Abomasnow|Abomasnow, F|100/100
|switch|p2a: Ceruledge|Ceruledge, M|100/100
|-weather|Snowscape|[from] ability: Snow Warning|[of] p1a: Abomasnow
|turn|1
|
|t:|1776045920
|move|p2a: Ceruledge|Swords Dance|p2a: Ceruledge
|-boost|p2a: Ceruledge|atk|2
|move|p1a: Abomasnow|Aurora Veil|p1a: Abomasnow
|-sidestart|p1: eddiebroski|move: Aurora Veil
|
|-weather|Snowscape|[upkeep]
|upkeep
|turn|2
|
|t:|1776045935
|move|p2a: Ceruledge|Bitter Blade|p1a: Abomasnow
|-supereffective|p1a: Abomasnow
|-enditem|p1a: Abomasnow|Occa Berry|[eat]
|-enditem|p1a: Abomasnow|Occa Berry|[weaken]
|-damage|p1a: Abomasnow|35/100
|move|p1a: Abomasnow|Blizzard|p2a: Ceruledge
|-resisted|p2a: Ceruledge
|-damage|p2a: Ceruledge|71/100
|
|-weather|Snowscape|[upkeep]
|upkeep
|turn|3
|
|t:|1776045944
|move|p2a: Ceruledge|Bitter Blade|p1a: Abomasnow
|-supereffective|p1a: Abomasnow
|-damage|p1a: Abomasnow|0 fnt
|-heal|p2a: Ceruledge|93/100|[from] drain|[of] p1a: Abomasnow
|faint|p1a: Abomasnow
|
|-weather|Snowscape|[upkeep]
|upkeep
|
|t:|1776045945
|switch|p1a: Weavile|Weavile, F|100/100
|-ability|p1a: Weavile|Pressure
|turn|4
|
|t:|1776045957
|move|p1a: Weavile|Knock Off|p2a: Ceruledge
|-supereffective|p2a: Ceruledge
|-damage|p2a: Ceruledge|0 fnt
|-enditem|p2a: Ceruledge|Focus Sash|[from] move: Knock Off|[of] p1a: Weavile
|faint|p2a: Ceruledge
|-damage|p1a: Weavile|91/100|[from] item: Life Orb
|
|-weather|Snowscape|[upkeep]
|upkeep
|
|t:|1776045965
|switch|p2a: Clodsire|Clodsire, M|100/100
|turn|5
|
|t:|1776045968
|move|p1a: Weavile|Triple Axel|p2a: Clodsire
|-supereffective|p2a: Clodsire
|-damage|p2a: Clodsire|71/100
|-supereffective|p2a: Clodsire
|-crit|p2a: Clodsire
|-damage|p2a: Clodsire|0 fnt
|faint|p2a: Clodsire
|-hitcount|p2: Clodsire|2
|-damage|p1a: Weavile|81/100|[from] item: Life Orb
|
|-weather|none
|-sideend|p1: eddiebroski|move: Aurora Veil
|upkeep
|
|t:|1776045981
|switch|p2a: Tinkaton|Tinkaton, F|100/100
|-ability|p2a: Tinkaton|Mold Breaker
|turn|6
|
|t:|1776045986
|switch|p1a: Mamoswine|Mamoswine, F|100/100
|move|p2a: Tinkaton|Stealth Rock|p1a: Mamoswine
|-sidestart|p1: eddiebroski|move: Stealth Rock
|
|upkeep
|turn|7
|
|t:|1776045993
|switch|p2a: Dragonite|Dragonite, F|100/100
|move|p1a: Mamoswine|Earthquake|p2a: Dragonite
|-immune|p2a: Dragonite
|
|upkeep
|turn|8
|
|t:|1776046014
|-terastallize|p2a: Dragonite|Normal
|move|p1a: Mamoswine|Icicle Spear|p2a: Dragonite
|-damage|p2a: Dragonite|93/100
|-damage|p2a: Dragonite|77/100
|-damage|p2a: Dragonite|64/100
|-damage|p2a: Dragonite|49/100
|-hitcount|p2a: Dragonite|4
|move|p2a: Dragonite|Dragon Dance|p2a: Dragonite
|-boost|p2a: Dragonite|atk|1
|-boost|p2a: Dragonite|spe|1
|
|upkeep
|turn|9
|
|t:|1776046032
|move|p2a: Dragonite|Extreme Speed|p1a: Mamoswine
|-damage|p1a: Mamoswine|22/100
|move|p1a: Mamoswine|Icicle Spear|p2a: Dragonite
|-damage|p2a: Dragonite|34/100
|-damage|p2a: Dragonite|19/100
|-damage|p2a: Dragonite|4/100
|-damage|p2a: Dragonite|0 fnt
|faint|p2a: Dragonite
|-hitcount|p2: Dragonite|4
|
|upkeep
|inactive|naco03 has 120 seconds left.
|
|t:|1776046045
|switch|p2a: Tinkaton|Tinkaton, F|100/100
|-ability|p2a: Tinkaton|Mold Breaker
|turn|10
|
|t:|1776046049
|move|p2a: Tinkaton|Gigaton Hammer|p1a: Mamoswine
|-supereffective|p1a: Mamoswine
|-damage|p1a: Mamoswine|0 fnt
|faint|p1a: Mamoswine
|
|upkeep
|
|t:|1776046058
|switch|p1a: Beartic|Beartic, F|100/100
|-damage|p1a: Beartic|76/100|[from] Stealth Rock
|turn|11
|
|t:|1776046062
|move|p2a: Tinkaton|Knock Off|p1a: Beartic
|-damage|p1a: Beartic|55/100
|-enditem|p1a: Beartic|Life Orb|[from] move: Knock Off|[of] p2a: Tinkaton
|move|p1a: Beartic|Earthquake|p2a: Tinkaton
|-supereffective|p2a: Tinkaton
|-damage|p2a: Tinkaton|26/100
|
|-heal|p2a: Tinkaton|32/100|[from] item: Leftovers
|upkeep
|turn|12
|
|t:|1776046070
|move|p2a: Tinkaton|Gigaton Hammer|p1a: Beartic
|-supereffective|p1a: Beartic
|-damage|p1a: Beartic|0 fnt
|faint|p1a: Beartic
|
|-heal|p2a: Tinkaton|38/100|[from] item: Leftovers
|upkeep
|
|t:|1776046076
|switch|p1a: Cetitan|Cetitan, F|100/100
|-damage|p1a: Cetitan|76/100|[from] Stealth Rock
|turn|13
|
|t:|1776046080
|move|p2a: Tinkaton|Knock Off|p1a: Cetitan
|-damage|p1a: Cetitan|57/100
|-enditem|p1a: Cetitan|Sitrus Berry|[from] move: Knock Off|[of] p2a: Tinkaton
|move|p1a: Cetitan|Earthquake|p2a: Tinkaton
|-supereffective|p2a: Tinkaton
|-damage|p2a: Tinkaton|0 fnt
|faint|p2a: Tinkaton
|
|upkeep
|
|t:|1776046094
|switch|p2a: Quaquaval|Quaquaval, M|100/100
|turn|14
|
|t:|1776046096
|move|p2a: Quaquaval|Close Combat|p1a: Cetitan
|-supereffective|p1a: Cetitan
|-damage|p1a: Cetitan|0 fnt
|-unboost|p2a: Quaquaval|def|1
|-unboost|p2a: Quaquaval|spd|1
|faint|p1a: Cetitan
|-ability|p2a: Quaquaval|Moxie|boost
|-boost|p2a: Quaquaval|atk|1
|
|upkeep
|
|t:|1776046104
|switch|p1a: Weavile|Weavile, F|81/100
|-damage|p1a: Weavile|56/100|[from] Stealth Rock
|-ability|p1a: Weavile|Pressure
|turn|15
|
|t:|1776046109
|switch|p2a: Garganacl|Garganacl, F|100/100
|-terastallize|p1a: Weavile|Psychic
|move|p1a: Weavile|Tera Blast|p2a: Garganacl|[anim] Tera Blast Psychic
|-damage|p2a: Garganacl|68/100
|-damage|p1a: Weavile|46/100|[from] item: Life Orb
|
|-heal|p2a: Garganacl|74/100|[from] item: Leftovers
|upkeep
|turn|16
|
|t:|1776046118
|move|p1a: Weavile|Knock Off|p2a: Garganacl
|-damage|p2a: Garganacl|34/100
|-enditem|p2a: Garganacl|Leftovers|[from] move: Knock Off|[of] p1a: Weavile
|-damage|p1a: Weavile|36/100|[from] item: Life Orb
|move|p2a: Garganacl|Salt Cure|p1a: Weavile
|-damage|p1a: Weavile|9/100
|-start|p1a: Weavile|Salt Cure
|
|-damage|p1a: Weavile|0 fnt|[from] Salt Cure
|faint|p1a: Weavile
|upkeep
|
|t:|1776046125
|switch|p1a: Frosmoth|Frosmoth, M|100/100
|-damage|p1a: Frosmoth|51/100|[from] Stealth Rock
|turn|17
|
|t:|1776046132
|move|p1a: Frosmoth|Bug Buzz|p2a: Garganacl
|-damage|p2a: Garganacl|0 fnt
|faint|p2a: Garganacl
|
|upkeep
|
|t:|1776046137
|switch|p2a: Quaquaval|Quaquaval, M|100/100
|turn|18
|
|t:|1776046142
|move|p2a: Quaquaval|Close Combat|p1a: Frosmoth
|-damage|p1a: Frosmoth|0 fnt
|-unboost|p2a: Quaquaval|def|1
|-unboost|p2a: Quaquaval|spd|1
|faint|p1a: Frosmoth
|
|win|naco03
|raw|eddiebroski's rating: 1103 &rarr; <strong>1079</strong><br />(-24 for losing)
|raw|naco03's rating: 1122 &rarr; <strong>1146</strong><br />(+24 for winning)
|l|☆eddiebroski
|player|p1|
|l|☆naco03
|player|p2|
