|html|<div class="broadcast-blue"><strong>[Gen 9] OU is currently suspecting Tera Blast! For information on how to participate check out the <a href="https://www.smogon.com/tools/suspects/view/200">suspect thread</a>.</strong></div>
|j|☆Zonoah SSJ
|j|☆lewpick36
|t:|1776284454
|gametype|singles
|player|p1|Zonoah SSJ|akari|1188
|player|p2|lewpick36|265|1192
|gen|9
|tier|[Gen 9] OU
|rated|
|rule|HP Percentage Mod: HP is shown in percentages
|rule|Endless Battle Clause: Forcing endless battles is banned
|rule|Species Clause: Limit one of each Pokémon
|rule|OHKO Clause: OHKO moves are banned
|rule|Evasion Items Clause: Evasion items are banned
|rule|Evasion Moves Clause: Evasion moves are banned
|rule|Evasion Abilities Clause: Evasion abilities are banned
|rule|Sleep Moves Clause: Sleep-inducing moves are banned
|clearpoke
|poke|p1|Ribombee, M|
|poke|p1|Cinderace, M|
|poke|p1|Serperior, M|
|poke|p1|Mimikyu, F|
|poke|p1|Dragapult, F|
|poke|p1|Bisharp, M|
|poke|p2|Deoxys-Speed|
|poke|p2|Clefable, F|
|poke|p2|Dragapult, M|
|poke|p2|Great Tusk|
|poke|p2|Tornadus-Therian, M|
|poke|p2|Ogerpon, F|
|teampreview
|inactive|Battle timer is ON: inactive players will automatically lose when time's up. (requested by lewpick36)
|
|t:|1776284460
|teamsize|p1|6
|teamsize|p2|6
|start
|switch|p1a: Mouskito|Ribombee, M, shiny|100/100
|switch|p2a: Deoxys|Deoxys-Speed|100/100
|-ability|p2a: Deoxys|Pressure
|turn|1
|
|t:|1776284479
|move|p2a: Deoxys|Psycho Boost|p1a: Mouskito
|-damage|p1a: Mouskito|5/100
|-unboost|p2a: Deoxys|spa|2
|move|p1a: Mouskito|Stun Spore|p2a: Deoxys|[miss]
|-miss|p1a: Mouskito|p2a: Deoxys
|
|upkeep
|turn|2
|
|t:|1776284490
|switch|p1a: why no kingambit?|Bisharp, M|100/100
|move|p2a: Deoxys|Extreme Speed|p1a: why no kingambit?
|-resisted|p1a: why no kingambit?
|-damage|p1a: why no kingambit?|92/100
|
|upkeep
|turn|3
|c|☆lewpick36|eviolite im guessing
|
|t:|1776284505
|switch|p2a: Ogerpon|Ogerpon, F|100/100
|move|p1a: why no kingambit?|Swords Dance|p1a: why no kingambit?
|-boost|p1a: why no kingambit?|atk|2
|
|upkeep
|turn|4
|c|☆Zonoah SSJ|u good lol
|
|t:|1776284515
|move|p2a: Ogerpon|Low Kick|p1a: why no kingambit?
|-supereffective|p1a: why no kingambit?
|-damage|p1a: why no kingambit?|0 fnt
|faint|p1a: why no kingambit?
|
|upkeep
|c|☆lewpick36|nah js common sense
|c|☆lewpick36|most NFEs run eviolite
|c|☆Zonoah SSJ|yes
|
|t:|1776284530
|switch|p1a: Mouskito|Ribombee, M, shiny|5/100
|turn|5
|
|t:|1776284539
|move|p1a: Mouskito|Sticky Web|p2a: Ogerpon
|-sidestart|p2: lewpick36|move: Sticky Web
|move|p2a: Ogerpon|Low Kick|p1a: Mouskito
|-resisted|p1a: Mouskito
|-crit|p1a: Mouskito
|-damage|p1a: Mouskito|0 fnt
|faint|p1a: Mouskito
|
|upkeep
|c|☆Zonoah SSJ|u right
|
|t:|1776284550
|switch|p1a: Ronaldo|Cinderace, M|100/100
|turn|6
|
|t:|1776284553
|switch|p2a: Great Tusk|Great Tusk|100/100
|-activate|p2a: Great Tusk|move: Sticky Web
|-unboost|p2a: Great Tusk|spe|1
|move|p1a: Ronaldo|Pyro Ball|p2a: Great Tusk
|-damage|p2a: Great Tusk|67/100
|-status|p2a: Great Tusk|brn
|
|-damage|p2a: Great Tusk|60/100 brn|[from] brn
|upkeep
|turn|7
|
|t:|1776284563
|move|p1a: Ronaldo|U-turn|p2a: Great Tusk
|-resisted|p2a: Great Tusk
|-damage|p2a: Great Tusk|54/100 brn
|-damage|p1a: Ronaldo|84/100|[from] item: Rocky Helmet|[of] p2a: Great Tusk
|
|t:|1776284568
|switch|p1a: B-2 Spirit|Dragapult, F|100/100|[from] U-turn
|move|p2a: Great Tusk|Rapid Spin|p1a: B-2 Spirit
|-immune|p1a: B-2 Spirit
|
|-damage|p2a: Great Tusk|48/100 brn|[from] brn
|upkeep
|turn|8
|
|t:|1776284576
|move|p1a: B-2 Spirit|Hydro Pump|p2a: Great Tusk
|-supereffective|p2a: Great Tusk
|-crit|p2a: Great Tusk
|-damage|p2a: Great Tusk|0 fnt
|faint|p2a: Great Tusk
|-end|p2a: Great Tusk|Protosynthesis|[silent]
|-damage|p1a: B-2 Spirit|91/100|[from] item: Life Orb
|
|upkeep
|
|t:|1776284586
|switch|p2a: Clefable|Clefable, F|100/100
|-activate|p2a: Clefable|move: Sticky Web
|-unboost|p2a: Clefable|spe|1
|turn|9
|
|t:|1776284592
|switch|p1a: Ronaldo|Cinderace, M|84/100
|move|p2a: Clefable|Moonblast|p1a: Ronaldo
|-resisted|p1a: Ronaldo
|-damage|p1a: Ronaldo|60/100
|
|upkeep
|turn|10
|
|t:|1776284616
|move|p1a: Ronaldo|Pyro Ball|p2a: Clefable|[miss]
|-miss|p1a: Ronaldo|p2a: Clefable
|move|p2a: Clefable|Thunder Wave|p1a: Ronaldo
|-status|p1a: Ronaldo|par
|
|upkeep
|turn|11
|
|t:|1776284623
|move|p1a: Ronaldo|Pyro Ball|p2a: Clefable|[miss]
|-miss|p1a: Ronaldo|p2a: Clefable
|move|p2a: Clefable|Stealth Rock|p1a: Ronaldo
|-sidestart|p1: Zonoah SSJ|move: Stealth Rock
|
|upkeep
|turn|12
|c|☆lewpick36|oh damn
|c|☆Zonoah SSJ|not lucky at all
|c|☆lewpick36|atleast it aint me for once but i feel bad
|c|☆lewpick36|holy shit
|
|t:|1776284638
|move|p1a: Ronaldo|Pyro Ball|p2a: Clefable|[miss]
|-miss|p1a: Ronaldo|p2a: Clefable
|move|p2a: Clefable|Moonblast|p1a: Ronaldo
|-resisted|p1a: Ronaldo
|-damage|p1a: Ronaldo|37/100 par
|
|upkeep
|turn|13
|c|☆lewpick36|OMFG
|c|☆Zonoah SSJ|BRO
|
|t:|1776284645
|move|p1a: Ronaldo|Pyro Ball|p2a: Clefable
|-damage|p2a: Clefable|59/100
|move|p2a: Clefable|Moonblast|p1a: Ronaldo
|-resisted|p1a: Ronaldo
|-damage|p1a: Ronaldo|15/100 par
|-unboost|p1a: Ronaldo|spa|1
|
|-heal|p2a: Clefable|65/100|[from] item: Leftovers
|upkeep
|turn|14
|
|t:|1776284664
|cant|p1a: Ronaldo|par
|move|p2a: Clefable|Moonblast|p1a: Ronaldo
|-resisted|p1a: Ronaldo
|-damage|p1a: Ronaldo|0 fnt
|faint|p1a: Ronaldo
|
|-heal|p2a: Clefable|71/100|[from] item: Leftovers
|upkeep
|
|t:|1776284673
|switch|p1a: Hmmm so cozy|Serperior, M|100/100
|-damage|p1a: Hmmm so cozy|88/100|[from] Stealth Rock
|turn|15
|
|t:|1776284679
|move|p1a: Hmmm so cozy|Tera Blast|p2a: Clefable
|-damage|p2a: Clefable|51/100
|move|p2a: Clefable|Thunder Wave|p1a: Hmmm so cozy|[miss]
|-miss|p2a: Clefable|p1a: Hmmm so cozy
|
|-heal|p1a: Hmmm so cozy|94/100|[from] item: Leftovers
|-heal|p2a: Clefable|57/100|[from] item: Leftovers
|upkeep
|turn|16
|c|☆Zonoah SSJ|missclicked bruh
|
|t:|1776284693
|move|p1a: Hmmm so cozy|Leaf Storm|p2a: Clefable
|-damage|p2a: Clefable|11/100
|-boost|p1a: Hmmm so cozy|spa|2
|move|p2a: Clefable|Thunder Wave|p1a: Hmmm so cozy
|-status|p1a: Hmmm so cozy|par
|
|-heal|p1a: Hmmm so cozy|100/100 par|[from] item: Leftovers
|-heal|p2a: Clefable|17/100|[from] item: Leftovers
|upkeep
|turn|17
|
|t:|1776284702
|move|p1a: Hmmm so cozy|Leaf Storm|p2a: Clefable
|-damage|p2a: Clefable|0 fnt
|-boost|p1a: Hmmm so cozy|spa|2
|faint|p2a: Clefable
|
|upkeep
|
|t:|1776284724
|switch|p2a: Tornadus|Tornadus-Therian, M|100/100
|turn|18
|
|t:|1776284731
|-terastallize|p1a: Hmmm so cozy|Fire
|move|p2a: Tornadus|Bleakwind Storm|p1a: Hmmm so cozy
|-damage|p1a: Hmmm so cozy|54/100 par
|cant|p1a: Hmmm so cozy|par
|
|-heal|p1a: Hmmm so cozy|60/100 par|[from] item: Leftovers
|upkeep
|turn|19
|c|☆Zonoah SSJ|SERIOUSLY ????
|
|t:|1776284758
|move|p2a: Tornadus|Knock Off|p1a: Hmmm so cozy
|-damage|p1a: Hmmm so cozy|35/100 par
|-enditem|p1a: Hmmm so cozy|Leftovers|[from] move: Knock Off|[of] p2a: Tornadus
|cant|p1a: Hmmm so cozy|par
|
|upkeep
|turn|20
|c|☆Zonoah SSJ|are u kidding me ? My luck isn't here in this game
|
|t:|1776284766
|move|p2a: Tornadus|Bleakwind Storm|p1a: Hmmm so cozy|[miss]
|-miss|p2a: Tornadus|p1a: Hmmm so cozy
|move|p1a: Hmmm so cozy|Tera Blast|p2a: Tornadus|[anim] Tera Blast Fire
|-damage|p2a: Tornadus|45/100
|
|upkeep
|turn|21
|c|☆lewpick36|25% chance is brutal
|
|t:|1776284772
|move|p2a: Tornadus|Bleakwind Storm|p1a: Hmmm so cozy
|-damage|p1a: Hmmm so cozy|0 fnt
|faint|p1a: Hmmm so cozy
|
|upkeep
|
|t:|1776284777
|switch|p1a: B-2 Spirit|Dragapult, F|91/100
|-damage|p1a: B-2 Spirit|78/100|[from] Stealth Rock
|turn|22
|c|☆lewpick36|u had ur luck!!!!!! for 1 turn LOL
|
|t:|1776284781
|move|p1a: B-2 Spirit|Thunderbolt|p2a: Tornadus
|-supereffective|p2a: Tornadus
|-damage|p2a: Tornadus|0 fnt
|faint|p2a: Tornadus
|-damage|p1a: B-2 Spirit|69/100|[from] item: Life Orb
|
|upkeep
|
|t:|1776284789
|switch|p2a: Deoxys|Deoxys-Speed|100/100
|-activate|p2a: Deoxys|move: Sticky Web
|-unboost|p2a: Deoxys|spe|1
|-ability|p2a: Deoxys|Pressure
|turn|23
|c|☆Zonoah SSJ|yes... this is fine
|c|☆lewpick36|lol
|
|t:|1776284799
|move|p1a: B-2 Spirit|Thunderbolt|p2a: Deoxys
|-damage|p2a: Deoxys|52/100
|-damage|p1a: B-2 Spirit|59/100|[from] item: Life Orb
|move|p2a: Deoxys|Knock Off|p1a: B-2 Spirit
|-supereffective|p1a: B-2 Spirit
|-damage|p1a: B-2 Spirit|0 fnt
|-enditem|p1a: B-2 Spirit|Life Orb|[from] move: Knock Off|[of] p2a: Deoxys
|faint|p1a: B-2 Spirit
|
|upkeep
|
|t:|1776284808
|switch|p1a: Introvert boy|Mimikyu, F|100/100
|-damage|p1a: Introvert boy|88/100|[from] Stealth Rock
|turn|24
|
|t:|1776284813
|move|p1a: Introvert boy|Swords Dance|p1a: Introvert boy
|-boost|p1a: Introvert boy|atk|2
|move|p2a: Deoxys|Thunder Wave|p1a: Introvert boy
|-status|p1a: Introvert boy|par
|
|upkeep
|turn|25
|
|t:|1776284819
|move|p1a: Introvert boy|Shadow Sneak|p2a: Deoxys
|-supereffective|p2a: Deoxys
|-damage|p2a: Deoxys|0 fnt
|faint|p2a: Deoxys
|
|upkeep
|
|t:|1776284822
|switch|p2a: Ogerpon|Ogerpon, F|100/100
|-activate|p2a: Ogerpon|move: Sticky Web
|-unboost|p2a: Ogerpon|spe|1
|-ability|p2a: Ogerpon|Defiant|boost
|-boost|p2a: Ogerpon|atk|2
|turn|26
|
|t:|1776284833
|move|p2a: Ogerpon|Ivy Cudgel|p1a: Introvert boy
|-activate|p1a: Introvert boy|ability: Disguise
|-damage|p1a: Introvert boy|88/100 par
|detailschange|p1a: Introvert boy|Mimikyu-Busted, F
|-damage|p1a: Introvert boy|76/100 par|[from] pokemon: Mimikyu-Busted
|-enditem|p1a: Introvert boy|Red Card|[of] p2a: Ogerpon
|drag|p2a: Dragapult|Dragapult, M|100/100
|-activate|p2a: Dragapult|move: Sticky Web
|-fail|p2a: Dragapult|unboost|[from] ability: Clear Body|[of] p2a: Dragapult
|cant|p1a: Introvert boy|par
|
|upkeep
|turn|27
|c|☆Zonoah SSJ|AAAAAAAAAAAAAAAAHHHHHHHHHHH
|
|t:|1776284848
|move|p1a: Introvert boy|Shadow Sneak|p2a: Dragapult
|-supereffective|p2a: Dragapult
|-damage|p2a: Dragapult|17/100
|move|p2a: Dragapult|Shadow Ball|p1a: Introvert boy
|-supereffective|p1a: Introvert boy
|-damage|p1a: Introvert boy|0 fnt
|faint|p1a: Introvert boy
|-damage|p2a: Dragapult|7/100|[from] item: Life Orb
|
|win|lewpick36
|raw|Zonoah SSJ's rating: 1188 &rarr; <strong>1163</strong><br />(-25 for losing)
|raw|lewpick36's rating: 1192 &rarr; <strong>1217</strong><br />(+25 for winning)
|c|☆lewpick36|we all have them games
|c|☆Zonoah SSJ|I want to die
|c|☆lewpick36|head up man
|c|☆lewpick36|dont tilt
|c|☆lewpick36|take time off if needs
|c|☆lewpick36|<3
|c|☆Zonoah SSJ|ty
|c|☆lewpick36|and wtv u do
|c|☆lewpick36|dont write an essay abt a final on smogon forums
|n|!lewpick36|lewpick36
|c|☆Zonoah SSJ|fine, ty man, u're kind
