|html|<div class="broadcast-blue"><strong>[Gen 9] OU is currently suspecting Tera Blast! For information on how to participate check out the <a href="https://www.smogon.com/tools/suspects/view/200">suspect thread</a>.</strong></div>
|j|☆Billwack123
|j|☆calio5
|t:|1776101206
|gametype|singles
|player|p1|Billwack123|shadowtriad|1439
|player|p2|calio5|170|1491
|gen|9
|tier|[Gen 9] OU
|rated|
|rule|HP Percentage Mod: HP is shown in percentages
|rule|Endless Battle Clause: Forcing endless battles is banned
|rule|Species Clause: Limit one of each Pokémon
|rule|OHKO Clause: OHKO moves are banned
|rule|Evasion Items Clause: Evasion items are banned
|rule|Evasion Moves Clause: Evasion moves are banned
|rule|Evasion Abilities Clause: Evasion abilities are banned
|rule|Sleep Moves Clause: Sleep-inducing moves are banned
|clearpoke
|poke|p1|Dragonite, M|
|poke|p1|Ogerpon-Cornerstone, F|
|poke|p1|Hatterene, F|
|poke|p1|Iron Treads|
|poke|p1|Kingambit, F|
|poke|p1|Zapdos|
|poke|p2|Zapdos|
|poke|p2|Volcanion|
|poke|p2|Corviknight, F|
|poke|p2|Clodsire, M|
|poke|p2|Dondozo, M|
|poke|p2|Politoed, M|
|teampreview
|inactive|Battle timer is ON: inactive players will automatically lose when time's up. (requested by Billwack123)
|
|t:|1776101221
|teamsize|p1|6
|teamsize|p2|6
|start
|switch|p1a: Ogerpon|Ogerpon-Cornerstone, F|100/100
|switch|p2a: Politoed|Politoed, M|100/100
|-weather|RainDance|[from] ability: Drizzle|[of] p2a: Politoed
|turn|1
|
|t:|1776101230
|-terastallize|p2a: Politoed|Grass
|move|p1a: Ogerpon|Swords Dance|p1a: Ogerpon
|-boost|p1a: Ogerpon|atk|2
|move|p2a: Politoed|Surf|p1a: Ogerpon
|-damage|p1a: Ogerpon|52/100
|
|-weather|RainDance|[upkeep]
|upkeep
|turn|2
|
|t:|1776101240
|move|p1a: Ogerpon|Ivy Cudgel|p2a: Politoed|[anim] Ivy Cudgel Rock
|-crit|p2a: Politoed
|-damage|p2a: Politoed|0 fnt
|faint|p2a: Politoed
|
|-weather|RainDance|[upkeep]
|upkeep
|
|t:|1776101248
|switch|p2a: Dondozo|Dondozo, M|100/100
|turn|3
|
|t:|1776101252
|move|p1a: Ogerpon|Power Whip|p2a: Dondozo
|-supereffective|p2a: Dondozo
|-damage|p2a: Dondozo|24/100
|move|p2a: Dondozo|Liquidation|p1a: Ogerpon
|-damage|p1a: Ogerpon|0 fnt
|faint|p1a: Ogerpon
|
|-weather|RainDance|[upkeep]
|-heal|p2a: Dondozo|30/100|[from] item: Leftovers
|upkeep
|
|t:|1776101256
|switch|p1a: Zapdos|Zapdos|100/100
|turn|4
|
|t:|1776101263
|switch|p2a: Clodsire|Clodsire, M|100/100
|move|p1a: Zapdos|Hurricane|p2a: Clodsire
|-damage|p2a: Clodsire|69/100
|
|-weather|RainDance|[upkeep]
|-heal|p2a: Clodsire|75/100|[from] item: Black Sludge
|upkeep
|turn|5
|
|t:|1776101271
|switch|p1a: Iron Treads|Iron Treads|100/100
|-item|p1a: Iron Treads|Air Balloon
|move|p2a: Clodsire|Poison Jab|p1a: Iron Treads
|-immune|p1a: Iron Treads
|
|-weather|RainDance|[upkeep]
|-heal|p2a: Clodsire|81/100|[from] item: Black Sludge
|upkeep
|turn|6
|
|t:|1776101280
|switch|p2a: Zapdos|Zapdos|100/100
|move|p1a: Iron Treads|Knock Off|p2a: Zapdos
|-damage|p2a: Zapdos|67/100
|-enditem|p2a: Zapdos|Heavy-Duty Boots|[from] move: Knock Off|[of] p1a: Iron Treads
|
|-weather|RainDance|[upkeep]
|upkeep
|turn|7
|
|t:|1776101287
|-end|p1a: Iron Treads|Quark Drive|[silent]
|switch|p1a: Hatterene|Hatterene, F|100/100
|move|p2a: Zapdos|Weather Ball|p1a: Hatterene
|-damage|p1a: Hatterene|55/100
|
|-weather|RainDance|[upkeep]
|upkeep
|turn|8
|
|t:|1776101294
|move|p2a: Zapdos|Thunder|p1a: Hatterene
|-damage|p1a: Hatterene|2/100
|move|p1a: Hatterene|Pain Split|p2a: Zapdos
|-sethp|p2a: Zapdos|34/100|[from] move: Pain Split|[silent]
|-sethp|p1a: Hatterene|35/100|[from] move: Pain Split
|
|-weather|none
|upkeep
|turn|9
|
|t:|1776101301
|move|p2a: Zapdos|Hurricane|p1a: Hatterene|[miss]
|-miss|p2a: Zapdos|p1a: Hatterene
|move|p1a: Hatterene|Draining Kiss|p2a: Zapdos
|-damage|p2a: Zapdos|10/100
|-heal|p1a: Hatterene|53/100|[from] drain|[of] p2a: Zapdos
|
|upkeep
|turn|10
|
|t:|1776101307
|move|p2a: Zapdos|Hurricane|p1a: Hatterene
|-damage|p1a: Hatterene|0 fnt
|faint|p1a: Hatterene
|
|upkeep
|
|t:|1776101312
|switch|p1a: Zapdos|Zapdos|100/100
|turn|11
|
|t:|1776101315
|switch|p2a: Clodsire|Clodsire, M|81/100
|move|p1a: Zapdos|Volt Switch|p2a: Clodsire
|-immune|p2a: Clodsire
|
|-heal|p2a: Clodsire|87/100|[from] item: Black Sludge
|upkeep
|turn|12
|
|t:|1776101324
|switch|p1a: Iron Treads|Iron Treads|100/100
|-item|p1a: Iron Treads|Air Balloon
|switch|p2a: Dondozo|Dondozo, M|30/100
|
|-heal|p2a: Dondozo|36/100|[from] item: Leftovers
|upkeep
|turn|13
|
|t:|1776101338
|-end|p1a: Iron Treads|Quark Drive|[silent]
|switch|p1a: Zapdos|Zapdos|100/100
|move|p2a: Dondozo|Liquidation|p1a: Zapdos
|-damage|p1a: Zapdos|55/100
|
|-heal|p2a: Dondozo|42/100|[from] item: Leftovers
|upkeep
|turn|14
|
|t:|1776101345
|switch|p2a: Clodsire|Clodsire, M|87/100
|move|p1a: Zapdos|Volt Switch|p2a: Clodsire
|-immune|p2a: Clodsire
|
|-heal|p2a: Clodsire|93/100|[from] item: Black Sludge
|upkeep
|turn|15
|
|t:|1776101352
|switch|p1a: Iron Treads|Iron Treads|100/100
|-item|p1a: Iron Treads|Air Balloon
|move|p2a: Clodsire|Stealth Rock|p1a: Iron Treads
|-sidestart|p1: Billwack123|move: Stealth Rock
|
|-heal|p2a: Clodsire|99/100|[from] item: Black Sludge
|upkeep
|turn|16
|
|t:|1776101361
|switch|p2a: Zapdos|Zapdos|10/100
|move|p1a: Iron Treads|Rapid Spin|p2a: Zapdos
|-damage|p2a: Zapdos|0 fnt
|-boost|p1a: Iron Treads|spe|1
|-sideend|p1: Billwack123|Stealth Rock|[from] move: Rapid Spin|[of] p1a: Iron Treads
|faint|p2a: Zapdos
|
|upkeep
|
|t:|1776101376
|switch|p2a: Volcanion|Volcanion|100/100
|turn|17
|
|t:|1776101380
|move|p1a: Iron Treads|Earthquake|p2a: Volcanion
|-supereffective|p2a: Volcanion
|-damage|p2a: Volcanion|22/100
|move|p2a: Volcanion|Steam Eruption|p1a: Iron Treads
|-supereffective|p1a: Iron Treads
|-damage|p1a: Iron Treads|0 fnt
|-enditem|p1a: Iron Treads|Air Balloon
|faint|p1a: Iron Treads
|-end|p1a: Iron Treads|Quark Drive|[silent]
|
|upkeep
|
|t:|1776101381
|switch|p1a: Zapdos|Zapdos|55/100
|turn|18
|
|t:|1776101391
|switch|p2a: Clodsire|Clodsire, M|99/100
|move|p1a: Zapdos|Hurricane|p2a: Clodsire
|-damage|p2a: Clodsire|66/100
|
|-heal|p2a: Clodsire|72/100|[from] item: Black Sludge
|upkeep
|turn|19
|
|t:|1776101399
|switch|p1a: Kingambit|Kingambit, F|100/100
|-activate|p1a: Kingambit|ability: Supreme Overlord
|-start|p1a: Kingambit|fallen3|[silent]
|move|p2a: Clodsire|Earthquake|p1a: Kingambit
|-supereffective|p1a: Kingambit
|-damage|p1a: Kingambit|44/100
|
|-heal|p1a: Kingambit|50/100|[from] item: Leftovers
|-heal|p2a: Clodsire|79/100|[from] item: Black Sludge
|upkeep
|turn|20
|
|t:|1776101409
|switch|p2a: Corviknight|Corviknight, F|100/100
|-ability|p2a: Corviknight|Pressure
|move|p1a: Kingambit|Iron Head|p2a: Corviknight
|-resisted|p2a: Corviknight
|-damage|p2a: Corviknight|81/100
|-damage|p1a: Kingambit|33/100|[from] item: Rocky Helmet|[of] p2a: Corviknight
|
|-heal|p1a: Kingambit|40/100|[from] item: Leftovers
|upkeep
|turn|21
|
|t:|1776101421
|-end|p1a: Kingambit|fallen3|[silent]
|switch|p1a: Zapdos|Zapdos|55/100
|move|p2a: Corviknight|Body Press|p1a: Zapdos
|-resisted|p1a: Zapdos
|-damage|p1a: Zapdos|43/100
|
|upkeep
|turn|22
|
|t:|1776101429
|switch|p2a: Clodsire|Clodsire, M|79/100
|move|p1a: Zapdos|Heat Wave|p2a: Clodsire
|-damage|p2a: Clodsire|60/100
|
|-heal|p2a: Clodsire|66/100|[from] item: Black Sludge
|upkeep
|turn|23
|
|t:|1776101436
|switch|p1a: Kingambit|Kingambit, F|40/100
|-activate|p1a: Kingambit|ability: Supreme Overlord
|-start|p1a: Kingambit|fallen3|[silent]
|move|p2a: Clodsire|Earthquake|p1a: Kingambit
|-supereffective|p1a: Kingambit
|-crit|p1a: Kingambit
|-damage|p1a: Kingambit|0 fnt
|faint|p1a: Kingambit
|-end|p1a: Kingambit|fallen3|[silent]
|
|-heal|p2a: Clodsire|72/100|[from] item: Black Sludge
|upkeep
|
|t:|1776101438
|switch|p1a: Dragonite|Dragonite, M|100/100
|turn|24
|
|t:|1776101450
|switch|p2a: Dondozo|Dondozo, M|42/100
|move|p1a: Dragonite|Earthquake|p2a: Dondozo
|-damage|p2a: Dondozo|22/100
|
|-heal|p2a: Dondozo|28/100|[from] item: Leftovers
|upkeep
|turn|25
|
|t:|1776101463
|switch|p1a: Zapdos|Zapdos|43/100
|move|p2a: Dondozo|Avalanche|p1a: Zapdos
|-supereffective|p1a: Zapdos
|-damage|p1a: Zapdos|3/100
|-status|p2a: Dondozo|par|[from] ability: Static|[of] p1a: Zapdos
|
|-heal|p2a: Dondozo|34/100 par|[from] item: Leftovers
|upkeep
|turn|26
|
|t:|1776101473
|switch|p2a: Clodsire|Clodsire, M|72/100
|move|p1a: Zapdos|Thunderbolt|p2a: Clodsire
|-immune|p2a: Clodsire
|
|-heal|p2a: Clodsire|78/100|[from] item: Black Sludge
|upkeep
|turn|27
|
|t:|1776101480
|switch|p1a: Dragonite|Dragonite, M|100/100
|move|p2a: Clodsire|Poison Jab|p1a: Dragonite
|-damage|p1a: Dragonite|87/100
|-status|p1a: Dragonite|psn
|
|-heal|p1a: Dragonite|93/100 psn|[from] item: Leftovers
|-heal|p2a: Clodsire|85/100|[from] item: Black Sludge
|-damage|p1a: Dragonite|80/100 psn|[from] psn
|upkeep
|turn|28
|
|t:|1776101491
|switch|p1a: Zapdos|Zapdos|3/100
|switch|p2a: Corviknight|Corviknight, F|81/100
|-ability|p2a: Corviknight|Pressure
|
|upkeep
|turn|29
|
|t:|1776101500
|switch|p2a: Clodsire|Clodsire, M|85/100
|move|p1a: Zapdos|Heat Wave|p2a: Clodsire
|-damage|p2a: Clodsire|66/100
|
|-heal|p2a: Clodsire|72/100|[from] item: Black Sludge
|upkeep
|turn|30
|-message|Billwack123 forfeited.
|
|win|calio5
|raw|Billwack123's rating: 1439 &rarr; <strong>1422</strong><br />(-17 for losing)
|raw|calio5's rating: 1491 &rarr; <strong>1508</strong><br />(+17 for winning)
|l|☆Billwack123
|player|p1|
|l|☆calio5
|player|p2|
