|html|<div class="broadcast-blue"><strong>[Gen 9] OU is currently suspecting Tera Blast! For information on how to participate check out the <a href="https://www.smogon.com/tools/suspects/view/200">suspect thread</a>.</strong></div>
|j|☆Schmoobis
|j|☆leegonzalez91
|t:|1776064492
|gametype|singles
|player|p1|Schmoobis|clown|1144
|player|p2|leegonzalez91|ghetsis|1097
|gen|9
|tier|[Gen 9] OU
|rated|
|rule|HP Percentage Mod: HP is shown in percentages
|rule|Endless Battle Clause: Forcing endless battles is banned
|rule|Species Clause: Limit one of each Pokémon
|rule|OHKO Clause: OHKO moves are banned
|rule|Evasion Items Clause: Evasion items are banned
|rule|Evasion Moves Clause: Evasion moves are banned
|rule|Evasion Abilities Clause: Evasion abilities are banned
|rule|Sleep Moves Clause: Sleep-inducing moves are banned
|clearpoke
|poke|p1|Latias, F|
|poke|p1|Glimmora, M|
|poke|p1|Samurott-Hisui, M|
|poke|p1|Gholdengo|
|poke|p1|Moltres|
|poke|p1|Rillaboom, F|
|poke|p2|Oricorio-Pom-Pom, F|
|poke|p2|Magnezone|
|poke|p2|Azumarill, F|
|poke|p2|Arbok, M|
|poke|p2|Serperior, F|
|poke|p2|Toxicroak, F|
|teampreview
|inactive|Battle timer is ON: inactive players will automatically lose when time's up. (requested by leegonzalez91)
|
|t:|1776064501
|teamsize|p1|6
|teamsize|p2|6
|start
|switch|p1a: Glimmora|Glimmora, M|100/100
|switch|p2a: Arbok|Arbok, M|100/100
|-ability|p2a: Arbok|Unnerve
|turn|1
|
|t:|1776064509
|move|p2a: Arbok|Switcheroo|p1a: Glimmora
|-activate|p2a: Arbok|move: Trick|[of] p1a: Glimmora
|-item|p1a: Glimmora|Choice Scarf|[from] move: Switcheroo
|-item|p2a: Arbok|Power Herb|[from] move: Switcheroo
|move|p1a: Glimmora|Stealth Rock|p2a: Arbok
|-sidestart|p2: leegonzalez91|move: Stealth Rock
|
|upkeep
|turn|2
|
|t:|1776064522
|switch|p1a: Latias|Latias, F|100/100
|move|p2a: Arbok|Glare|p1a: Latias
|-status|p1a: Latias|par
|
|upkeep
|turn|3
|
|t:|1776064529
|move|p2a: Arbok|Ice Fang|p1a: Latias
|-supereffective|p1a: Latias
|-damage|p1a: Latias|63/100 par
|-enditem|p1a: Latias|Weakness Policy
|-boost|p1a: Latias|atk|2|[from] item: Weakness Policy
|-boost|p1a: Latias|spa|2|[from] item: Weakness Policy
|move|p1a: Latias|Calm Mind|p1a: Latias
|-boost|p1a: Latias|spa|1
|-boost|p1a: Latias|spd|1
|
|upkeep
|turn|4
|
|t:|1776064539
|move|p2a: Arbok|Ice Fang|p1a: Latias
|-supereffective|p1a: Latias
|-damage|p1a: Latias|28/100 par
|move|p1a: Latias|Stored Power|p2a: Arbok
|-supereffective|p2a: Arbok
|-damage|p2a: Arbok|0 fnt
|faint|p2a: Arbok
|
|upkeep
|
|t:|1776064552
|switch|p2a: Oricorio|Oricorio-Pom-Pom, F|100/100
|-damage|p2a: Oricorio|76/100|[from] Stealth Rock
|turn|5
|
|t:|1776064558
|move|p2a: Oricorio|Alluring Voice|p1a: Latias
|-supereffective|p1a: Latias
|-damage|p1a: Latias|7/100 par
|move|p1a: Latias|Stored Power|p2a: Oricorio
|-damage|p2a: Oricorio|0 fnt
|faint|p2a: Oricorio
|
|upkeep
|
|t:|1776064565
|switch|p2a: Magnezone|Magnezone|100/100
|-damage|p2a: Magnezone|94/100|[from] Stealth Rock
|turn|6
|
|t:|1776064569
|move|p2a: Magnezone|Flash Cannon|p1a: Latias
|-damage|p1a: Latias|0 fnt
|faint|p1a: Latias
|
|-heal|p2a: Magnezone|100/100|[from] item: Leftovers
|upkeep
|
|t:|1776064580
|switch|p1a: Moltres|Moltres|100/100
|turn|7
|
|t:|1776064586
|-terastallize|p2a: Magnezone|Flying
|move|p2a: Magnezone|Charge Beam|p1a: Moltres
|-supereffective|p1a: Moltres
|-damage|p1a: Moltres|64/100
|move|p1a: Moltres|Flamethrower|p2a: Magnezone
|-damage|p2a: Magnezone|51/100
|
|-heal|p2a: Magnezone|57/100|[from] item: Leftovers
|upkeep
|turn|8
|
|t:|1776064599
|-terastallize|p1a: Moltres|Fire
|move|p2a: Magnezone|Charge Beam|p1a: Moltres
|-damage|p1a: Moltres|46/100
|-boost|p2a: Magnezone|spa|1
|move|p1a: Moltres|Flamethrower|p2a: Magnezone
|-damage|p2a: Magnezone|0 fnt
|faint|p2a: Magnezone
|
|upkeep
|
|t:|1776064609
|switch|p2a: Azumarill|Azumarill, F|100/100
|-damage|p2a: Azumarill|88/100|[from] Stealth Rock
|turn|9
|
|t:|1776064614
|move|p1a: Moltres|Will-O-Wisp|p2a: Azumarill|[miss]
|-miss|p1a: Moltres|p2a: Azumarill
|move|p2a: Azumarill|Belly Drum|p2a: Azumarill
|-damage|p2a: Azumarill|38/100
|-setboost|p2a: Azumarill|atk|6|[from] move: Belly Drum
|-enditem|p2a: Azumarill|Sitrus Berry|[eat]
|-heal|p2a: Azumarill|63/100|[from] item: Sitrus Berry
|
|upkeep
|turn|10
|
|t:|1776064624
|move|p2a: Azumarill|Aqua Jet|p1a: Moltres
|-supereffective|p1a: Moltres
|-damage|p1a: Moltres|0 fnt
|-status|p2a: Azumarill|brn|[from] ability: Flame Body|[of] p1a: Moltres
|faint|p1a: Moltres
|
|-damage|p2a: Azumarill|57/100 brn|[from] brn
|upkeep
|
|t:|1776064633
|switch|p1a: Rillaboom|Rillaboom, F|100/100
|-fieldstart|move: Grassy Terrain|[from] ability: Grassy Surge|[of] p1a: Rillaboom
|turn|11
|
|t:|1776064637
|move|p1a: Rillaboom|Grassy Glide|p2a: Azumarill
|-supereffective|p2a: Azumarill
|-damage|p2a: Azumarill|0 fnt
|faint|p2a: Azumarill
|
|upkeep
|
|t:|1776064641
|switch|p2a: Serperior|Serperior, F|100/100
|-damage|p2a: Serperior|88/100|[from] Stealth Rock
|turn|12
|
|t:|1776064648
|switch|p1a: Glimmora|Glimmora, M|100/100
|move|p2a: Serperior|Dragon Pulse|p1a: Glimmora
|-damage|p1a: Glimmora|70/100
|
|-heal|p1a: Glimmora|76/100|[from] Grassy Terrain
|-heal|p2a: Serperior|94/100|[from] Grassy Terrain
|-heal|p2a: Serperior|100/100|[from] item: Leftovers
|upkeep
|turn|13
|
|t:|1776064659
|move|p1a: Glimmora|Mortal Spin|p2a: Serperior
|-supereffective|p2a: Serperior
|-damage|p2a: Serperior|84/100
|-status|p2a: Serperior|psn
|move|p2a: Serperior|Substitute|p2a: Serperior
|-start|p2a: Serperior|Substitute
|-damage|p2a: Serperior|59/100 psn
|
|-heal|p1a: Glimmora|82/100|[from] Grassy Terrain
|-heal|p2a: Serperior|65/100 psn|[from] Grassy Terrain
|-heal|p2a: Serperior|71/100 psn|[from] item: Leftovers
|-damage|p2a: Serperior|59/100 psn|[from] psn
|upkeep
|turn|14
|
|t:|1776064671
|move|p1a: Glimmora|Mortal Spin|p2a: Serperior
|-supereffective|p2a: Serperior
|-activate|p2a: Serperior|move: Substitute|[damage]
|move|p2a: Serperior|Leech Seed|p1a: Glimmora|[miss]
|-miss|p2a: Serperior|p1a: Glimmora
|
|-heal|p1a: Glimmora|88/100|[from] Grassy Terrain
|-heal|p2a: Serperior|65/100 psn|[from] Grassy Terrain
|-heal|p2a: Serperior|71/100 psn|[from] item: Leftovers
|-damage|p2a: Serperior|59/100 psn|[from] psn
|upkeep
|turn|15
|
|t:|1776064682
|move|p1a: Glimmora|Mortal Spin|p2a: Serperior
|-supereffective|p2a: Serperior
|-end|p2a: Serperior|Substitute
|move|p2a: Serperior|Leaf Storm|p1a: Glimmora
|-damage|p1a: Glimmora|4/100
|-boost|p2a: Serperior|spa|2
|
|-heal|p1a: Glimmora|10/100|[from] Grassy Terrain
|-heal|p2a: Serperior|65/100 psn|[from] Grassy Terrain
|-heal|p2a: Serperior|71/100 psn|[from] item: Leftovers
|-damage|p2a: Serperior|59/100 psn|[from] psn
|-fieldend|move: Grassy Terrain
|upkeep
|turn|16
|
|t:|1776064695
|switch|p1a: Gholdengo|Gholdengo|100/100
|move|p2a: Serperior|Leaf Storm|p1a: Gholdengo|[miss]
|-miss|p2a: Serperior|p1a: Gholdengo
|
|-heal|p2a: Serperior|65/100 psn|[from] item: Leftovers
|-damage|p2a: Serperior|53/100 psn|[from] psn
|upkeep
|turn|17
|
|t:|1776064705
|move|p2a: Serperior|Dragon Pulse|p1a: Gholdengo
|-resisted|p1a: Gholdengo
|-damage|p1a: Gholdengo|81/100
|move|p1a: Gholdengo|Hex|p2a: Serperior
|-crit|p2a: Serperior
|-damage|p2a: Serperior|0 fnt
|faint|p2a: Serperior
|
|upkeep
|
|t:|1776064710
|switch|p2a: Toxicroak|Toxicroak, F|100/100
|-damage|p2a: Toxicroak|94/100|[from] Stealth Rock
|turn|18
|
|t:|1776064717
|move|p1a: Gholdengo|Thunder Wave|p2a: Toxicroak|[miss]
|-miss|p1a: Gholdengo|p2a: Toxicroak
|move|p2a: Toxicroak|Earthquake|p1a: Gholdengo
|-supereffective|p1a: Gholdengo
|-damage|p1a: Gholdengo|34/100
|
|upkeep
|turn|19
|
|t:|1776064724
|move|p1a: Gholdengo|Thunder Wave|p2a: Toxicroak
|-status|p2a: Toxicroak|par
|move|p2a: Toxicroak|Thunder Punch|p1a: Gholdengo
|-damage|p1a: Gholdengo|15/100
|-damage|p2a: Toxicroak|78/100 par|[from] item: Rocky Helmet|[of] p1a: Gholdengo
|
|upkeep
|turn|20
|
|t:|1776064732
|move|p1a: Gholdengo|Make It Rain|p2a: Toxicroak
|-damage|p2a: Toxicroak|21/100 par
|-unboost|p1a: Gholdengo|spa|1
|cant|p2a: Toxicroak|par
|
|upkeep
|turn|21
|-message|leegonzalez91 forfeited.
|
|win|Schmoobis
|raw|Schmoobis's rating: 1144 &rarr; <strong>1166</strong><br />(+22 for winning)
|raw|leegonzalez91's rating: 1097 &rarr; <strong>1076</strong><br />(-21 for losing)
|l|☆leegonzalez91
|player|p2|
|l|☆Schmoobis
|player|p1|
