|html|<div class="broadcast-blue"><strong>[Gen 9] OU is currently suspecting Tera Blast! For information on how to participate check out the <a href="https://www.smogon.com/tools/suspects/view/200">suspect thread</a>.</strong></div>
|j|☆woshidashoubi
|j|☆FDO Shiesty
|t:|1776092255
|gametype|singles
|player|p1|woshidashoubi|102|1173
|player|p2|FDO Shiesty|burglar|1207
|gen|9
|tier|[Gen 9] OU
|rated|
|rule|HP Percentage Mod: HP is shown in percentages
|rule|Endless Battle Clause: Forcing endless battles is banned
|rule|Species Clause: Limit one of each Pokémon
|rule|OHKO Clause: OHKO moves are banned
|rule|Evasion Items Clause: Evasion items are banned
|rule|Evasion Moves Clause: Evasion moves are banned
|rule|Evasion Abilities Clause: Evasion abilities are banned
|rule|Sleep Moves Clause: Sleep-inducing moves are banned
|clearpoke
|poke|p1|Great Tusk|
|poke|p1|Raging Bolt|
|poke|p1|Walking Wake|
|poke|p1|Dragonite, F|
|poke|p1|Skeledirge, M|
|poke|p1|Torkoal, M|
|poke|p2|Hariyama, F|
|poke|p2|Hatterene, F|
|poke|p2|Ursaluna, M|
|poke|p2|Porygon2|
|poke|p2|Exeggutor-Alola, M|
|poke|p2|Torkoal, F|
|teampreview
|inactive|Battle timer is ON: inactive players will automatically lose when time's up. (requested by FDO Shiesty)
|
|t:|1776092276
|teamsize|p1|6
|teamsize|p2|6
|start
|switch|p1a: Walking Wake|Walking Wake|100/100
|switch|p2a: Hatterene|Hatterene, F, shiny|100/100
|turn|1
|
|t:|1776092286
|-end|p1a: Walking Wake|Protosynthesis|[silent]
|switch|p1a: Torkoal|Torkoal, M|100/100
|-weather|SunnyDay|[from] ability: Drought|[of] p1a: Torkoal
|move|p2a: Hatterene|Trick Room|p2a: Hatterene
|-fieldstart|move: Trick Room|[of] p2a: Hatterene
|
|-weather|SunnyDay|[upkeep]
|upkeep
|turn|2
|
|t:|1776092301
|move|p1a: Torkoal|Will-O-Wisp|p2a: Hatterene
|move|p2a: Hatterene|Will-O-Wisp|p1a: Torkoal|[from] ability: Magic Bounce|[miss]
|-miss|p2a: Hatterene|p1a: Torkoal
|move|p2a: Hatterene|Psychic Noise|p1a: Torkoal
|-damage|p1a: Torkoal|46/100
|-start|p1a: Torkoal|move: Heal Block
|
|-weather|SunnyDay|[upkeep]
|upkeep
|turn|3
|
|t:|1776092317
|switch|p1a: Skeledirge|Skeledirge, M|100/100
|switch|p2a: Torkoal|Torkoal, F, shiny|100/100
|
|-weather|SunnyDay|[upkeep]
|upkeep
|turn|4
|
|t:|1776092324
|move|p2a: Torkoal|Earth Power|p1a: Skeledirge
|-supereffective|p1a: Skeledirge
|-damage|p1a: Skeledirge|48/100
|-unboost|p1a: Skeledirge|spd|1
|move|p1a: Skeledirge|Earth Power|p2a: Torkoal
|-supereffective|p2a: Torkoal
|-damage|p2a: Torkoal|23/100
|
|-weather|SunnyDay|[upkeep]
|-heal|p1a: Skeledirge|54/100|[from] item: Leftovers
|upkeep
|turn|5
|
|t:|1776092336
|switch|p1a: Dragonite|Dragonite, F|100/100
|move|p2a: Torkoal|Earth Power|p1a: Dragonite
|-immune|p1a: Dragonite
|
|-weather|SunnyDay|[upkeep]
|-fieldend|move: Trick Room
|upkeep
|turn|6
|
|t:|1776092344
|switch|p2a: Hatterene|Hatterene, F, shiny|100/100
|move|p1a: Dragonite|Extreme Speed|p2a: Hatterene
|-damage|p2a: Hatterene|49/100
|
|-weather|SunnyDay|[upkeep]
|upkeep
|turn|7
|
|t:|1776092356
|switch|p2a: Porygon2|Porygon2, shiny|100/100
|-terastallize|p1a: Dragonite|Normal
|move|p1a: Dragonite|Extreme Speed|p2a: Porygon2
|-damage|p2a: Porygon2|69/100
|
|-weather|SunnyDay|[upkeep]
|upkeep
|turn|8
|
|t:|1776092375
|switch|p1a: Great Tusk|Great Tusk|100/100
|-activate|p1a: Great Tusk|ability: Protosynthesis
|-start|p1a: Great Tusk|protosynthesisatk
|move|p2a: Porygon2|Trick Room|p2a: Porygon2
|-fieldstart|move: Trick Room|[of] p2a: Porygon2
|
|-weather|none
|-end|p1a: Great Tusk|Protosynthesis
|upkeep
|turn|9
|
|t:|1776092386
|switch|p2a: Exeggutor|Exeggutor-Alola, M, shiny|100/100
|move|p1a: Great Tusk|Close Combat|p2a: Exeggutor
|-damage|p2a: Exeggutor|39/100
|-unboost|p1a: Great Tusk|def|1
|-unboost|p1a: Great Tusk|spd|1
|-enditem|p2a: Exeggutor|Sitrus Berry|[eat]
|-heal|p2a: Exeggutor|64/100|[from] item: Sitrus Berry
|
|upkeep
|turn|10
|
|t:|1776092406
|-end|p1a: Great Tusk|Protosynthesis|[silent]
|switch|p1a: Torkoal|Torkoal, M|46/100
|-weather|SunnyDay|[from] ability: Drought|[of] p1a: Torkoal
|move|p2a: Exeggutor|Giga Drain|p1a: Torkoal
|-resisted|p1a: Torkoal
|-damage|p1a: Torkoal|16/100
|-heal|p2a: Exeggutor|77/100|[from] drain|[of] p1a: Torkoal
|
|-weather|SunnyDay|[upkeep]
|-item|p2a: Exeggutor|Sitrus Berry|[from] ability: Harvest
|upkeep
|turn|11
|inactive|woshidashoubi has 120 seconds left.
|
|t:|1776092425
|move|p1a: Torkoal|Will-O-Wisp|p2a: Exeggutor
|-status|p2a: Exeggutor|brn
|move|p2a: Exeggutor|Dragon Pulse|p1a: Torkoal
|-damage|p1a: Torkoal|0 fnt
|faint|p1a: Torkoal
|
|-weather|SunnyDay|[upkeep]
|-damage|p2a: Exeggutor|71/100 brn|[from] brn
|upkeep
|inactive|woshidashoubi has 120 seconds left.
|
|t:|1776092447
|switch|p1a: Skeledirge|Skeledirge, M|54/100
|turn|12
|
|t:|1776092453
|move|p2a: Exeggutor|Dragon Pulse|p1a: Skeledirge
|-damage|p1a: Skeledirge|11/100
|move|p1a: Skeledirge|Torch Song|p2a: Exeggutor
|-damage|p2a: Exeggutor|9/100 brn
|-boost|p1a: Skeledirge|spa|1
|-enditem|p2a: Exeggutor|Sitrus Berry|[eat]
|-heal|p2a: Exeggutor|34/100 brn|[from] item: Sitrus Berry
|
|-weather|SunnyDay|[upkeep]
|-heal|p1a: Skeledirge|17/100|[from] item: Leftovers
|-damage|p2a: Exeggutor|28/100 brn|[from] brn
|-fieldend|move: Trick Room
|-item|p2a: Exeggutor|Sitrus Berry|[from] ability: Harvest
|upkeep
|-enditem|p2a: Exeggutor|Sitrus Berry|[eat]
|-heal|p2a: Exeggutor|53/100 brn|[from] item: Sitrus Berry
|turn|13
|
|t:|1776092471
|move|p1a: Skeledirge|Torch Song|p2a: Exeggutor
|-damage|p2a: Exeggutor|0 fnt
|-boost|p1a: Skeledirge|spa|1
|faint|p2a: Exeggutor
|
|-weather|SunnyDay|[upkeep]
|-heal|p1a: Skeledirge|23/100|[from] item: Leftovers
|upkeep
|
|t:|1776092479
|switch|p2a: Porygon2|Porygon2, shiny|69/100
|turn|14
|
|t:|1776092490
|move|p1a: Skeledirge|Torch Song|p2a: Porygon2
|-damage|p2a: Porygon2|0 fnt
|-boost|p1a: Skeledirge|spa|1
|faint|p2a: Porygon2
|
|-weather|SunnyDay|[upkeep]
|-heal|p1a: Skeledirge|29/100|[from] item: Leftovers
|upkeep
|inactive|FDO Shiesty has 120 seconds left.
|inactive|FDO Shiesty has 90 seconds left.
|inactive|FDO Shiesty has 60 seconds left.
|inactive|FDO Shiesty has 30 seconds left.
|inactive|FDO Shiesty has 20 seconds left.
|inactive|FDO Shiesty has 15 seconds left.
|inactive|FDO Shiesty has 10 seconds left.
|inactive|FDO Shiesty has 5 seconds left.
|-message|FDO Shiesty lost due to inactivity.
|
|win|woshidashoubi
|raw|woshidashoubi's rating: 1173 &rarr; <strong>1200</strong><br />(+27 for winning)
|raw|FDO Shiesty's rating: 1207 &rarr; <strong>1180</strong><br />(-27 for losing)
|l|☆woshidashoubi
|player|p1|
