|html|<div class="broadcast-blue"><strong>[Gen 9] OU is currently suspecting Tera Blast! For information on how to participate check out the <a href="https://www.smogon.com/tools/suspects/view/200">suspect thread</a>.</strong></div>
|j|☆Jives99
|j|☆Chrisnwobu
|t:|1776033934
|gametype|singles
|player|p1|Jives99|1|1401
|player|p2|Chrisnwobu|skier|1387
|gen|9
|tier|[Gen 9] OU
|rated|
|rule|HP Percentage Mod: HP is shown in percentages
|rule|Endless Battle Clause: Forcing endless battles is banned
|rule|Species Clause: Limit one of each Pokémon
|rule|OHKO Clause: OHKO moves are banned
|rule|Evasion Items Clause: Evasion items are banned
|rule|Evasion Moves Clause: Evasion moves are banned
|rule|Evasion Abilities Clause: Evasion abilities are banned
|rule|Sleep Moves Clause: Sleep-inducing moves are banned
|clearpoke
|poke|p1|Iron Crown|
|poke|p1|Zapdos|
|poke|p1|Slowking-Galar, F|
|poke|p1|Landorus-Therian, M|
|poke|p1|Zamazenta-*|
|poke|p1|Great Tusk|
|poke|p2|Tinkaton, F|
|poke|p2|Suicune|
|poke|p2|Rillaboom, M|
|poke|p2|Iron Moth|
|poke|p2|Mandibuzz, F|
|poke|p2|Great Tusk|
|teampreview
|
|t:|1776033949
|teamsize|p1|6
|teamsize|p2|6
|start
|switch|p1a: Iron Crown|Iron Crown|100/100
|switch|p2a: Tinkaton|Tinkaton, F|100/100
|-ability|p2a: Tinkaton|Mold Breaker
|turn|1
|inactive|Battle timer is ON: inactive players will automatically lose when time's up. (requested by Chrisnwobu)
|
|t:|1776033969
|move|p1a: Iron Crown|Tachyon Cutter|p2a: Tinkaton
|-damage|p2a: Tinkaton|68/100
|-crit|p2a: Tinkaton
|-damage|p2a: Tinkaton|21/100
|-hitcount|p2a: Tinkaton|2
|move|p2a: Tinkaton|Thunder Wave|p1a: Iron Crown
|-status|p1a: Iron Crown|par
|
|-heal|p2a: Tinkaton|27/100|[from] item: Leftovers
|upkeep
|turn|2
|inactive|Chrisnwobu has 120 seconds left.
|
|t:|1776034017
|switch|p2a: Iron Moth|Iron Moth|100/100
|-enditem|p2a: Iron Moth|Booster Energy
|-activate|p2a: Iron Moth|ability: Quark Drive|[fromitem]
|-start|p2a: Iron Moth|quarkdrivespe
|move|p1a: Iron Crown|Tachyon Cutter|p2a: Iron Moth
|-resisted|p2a: Iron Moth
|-damage|p2a: Iron Moth|82/100
|-resisted|p2a: Iron Moth
|-damage|p2a: Iron Moth|64/100
|-hitcount|p2a: Iron Moth|2
|
|upkeep
|turn|3
|
|t:|1776034031
|-end|p1a: Iron Crown|Quark Drive|[silent]
|switch|p1a: Slowking|Slowking-Galar, F|100/100
|move|p2a: Iron Moth|Fiery Dance|p1a: Slowking
|-damage|p1a: Slowking|77/100
|-boost|p2a: Iron Moth|spa|1
|
|-heal|p1a: Slowking|83/100|[from] item: Leftovers
|upkeep
|turn|4
|
|t:|1776034036
|move|p2a: Iron Moth|Substitute|p2a: Iron Moth
|-start|p2a: Iron Moth|Substitute
|-damage|p2a: Iron Moth|39/100
|move|p1a: Slowking|Future Sight|p2a: Iron Moth
|-start|p1a: Slowking|move: Future Sight
|
|-heal|p1a: Slowking|89/100|[from] item: Leftovers
|upkeep
|turn|5
|inactive|Chrisnwobu has 120 seconds left.
|
|t:|1776034043
|move|p2a: Iron Moth|Fiery Dance|p1a: Slowking
|-damage|p1a: Slowking|54/100
|-boost|p2a: Iron Moth|spa|1
|-prepare|p1a: Slowking|Chilly Reception|[premajor]
|move|p1a: Slowking|Chilly Reception|p1a: Slowking
|-weather|Snowscape
|
|t:|1776034057
|switch|p1a: Zapdos|Zapdos|100/100|[from] Chilly Reception
|
|-weather|Snowscape|[upkeep]
|upkeep
|turn|6
|
|t:|1776034071
|move|p2a: Iron Moth|Sludge Wave|p1a: Zapdos
|-damage|p1a: Zapdos|7/100
|move|p1a: Zapdos|Discharge|p2a: Iron Moth
|-end|p2a: Iron Moth|Substitute
|
|-weather|Snowscape|[upkeep]
|-end|p2a: Iron Moth|move: Future Sight
|-supereffective|p2a: Iron Moth
|-damage|p2a: Iron Moth|0 fnt
|faint|p2a: Iron Moth
|-end|p2a: Iron Moth|Quark Drive|[silent]
|upkeep
|inactive|Chrisnwobu has 120 seconds left.
|inactive|Chrisnwobu has 90 seconds left.
|
|t:|1776034126
|switch|p2a: Rillaboom|Rillaboom, M|100/100
|-fieldstart|move: Grassy Terrain|[from] ability: Grassy Surge|[of] p2a: Rillaboom
|turn|7
|
|t:|1776034131
|move|p2a: Rillaboom|Grassy Glide|p1a: Zapdos
|-resisted|p1a: Zapdos
|-damage|p1a: Zapdos|0 fnt
|faint|p1a: Zapdos
|
|-weather|Snowscape|[upkeep]
|upkeep
|
|t:|1776034134
|switch|p1a: Landorus|Landorus-Therian, M|100/100
|-ability|p1a: Landorus|Intimidate|boost
|-unboost|p2a: Rillaboom|atk|1
|turn|8
|l|☆Chrisnwobu
|inactive|Chrisnwobu disconnected and has a minute to reconnect!
|player|p2|
|j|☆Chrisnwobu
|inactive|Chrisnwobu reconnected and has 80 seconds left.
|player|p2|Chrisnwobu|skier|
|
|t:|1776034170
|switch|p2a: Mandibuzz|Mandibuzz, F|100/100
|move|p1a: Landorus|U-turn|p2a: Mandibuzz
|-damage|p2a: Mandibuzz|82/100
|
|t:|1776034185
|switch|p1a: Iron Crown|Iron Crown|100/100 par|[from] U-turn
|
|-weather|Snowscape|[upkeep]
|upkeep
|turn|9
|
|t:|1776034198
|move|p2a: Mandibuzz|Foul Play|p1a: Iron Crown
|-supereffective|p1a: Iron Crown
|-damage|p1a: Iron Crown|54/100 par
|cant|p1a: Iron Crown|par
|
|-weather|none
|-heal|p1a: Iron Crown|60/100 par|[from] Grassy Terrain
|upkeep
|turn|10
|
|t:|1776034203
|move|p2a: Mandibuzz|Foul Play|p1a: Iron Crown
|-supereffective|p1a: Iron Crown
|-damage|p1a: Iron Crown|10/100 par
|cant|p1a: Iron Crown|par
|
|-heal|p1a: Iron Crown|16/100 par|[from] Grassy Terrain
|upkeep
|turn|11
|inactive|Chrisnwobu has 90 seconds left.
|
|t:|1776034214
|move|p2a: Mandibuzz|Foul Play|p1a: Iron Crown
|-supereffective|p1a: Iron Crown
|-damage|p1a: Iron Crown|0 fnt
|faint|p1a: Iron Crown
|-end|p1a: Iron Crown|Quark Drive|[silent]
|
|upkeep
|
|t:|1776034222
|switch|p1a: Landorus|Landorus-Therian, M|100/100
|-ability|p1a: Landorus|Intimidate|boost
|-unboost|p2a: Mandibuzz|atk|1
|turn|12
|j| Nlemartyr
|
|t:|1776034232
|switch|p2a: Great Tusk|Great Tusk|100/100
|move|p1a: Landorus|Stone Edge|p2a: Great Tusk|[miss]
|-miss|p1a: Landorus|p2a: Great Tusk
|
|upkeep
|turn|13
|c| Nlemartyr|bRO
|
|t:|1776034240
|switch|p1a: Great Tusk|Great Tusk|100/100
|-enditem|p1a: Great Tusk|Booster Energy
|-activate|p1a: Great Tusk|ability: Protosynthesis|[fromitem]
|-start|p1a: Great Tusk|protosynthesisatk
|move|p2a: Great Tusk|Knock Off|p1a: Great Tusk
|-resisted|p1a: Great Tusk
|-damage|p1a: Great Tusk|93/100
|
|-heal|p1a: Great Tusk|99/100|[from] Grassy Terrain
|upkeep
|turn|14
|
|t:|1776034253
|-end|p2a: Great Tusk|Protosynthesis|[silent]
|switch|p2a: Mandibuzz|Mandibuzz, F|82/100
|move|p1a: Great Tusk|Ice Spinner|p2a: Mandibuzz
|-supereffective|p2a: Mandibuzz
|-damage|p2a: Mandibuzz|28/100
|-fieldend|move: Grassy Terrain
|
|upkeep
|turn|15
|inactive|Jives99 has 120 seconds left.
|
|t:|1776034291
|switch|p2a: Suicune|Suicune|100/100
|-ability|p2a: Suicune|Pressure
|move|p1a: Great Tusk|Ice Spinner|p2a: Suicune
|-resisted|p2a: Suicune
|-damage|p2a: Suicune|90/100
|
|upkeep
|turn|16
|inactive|Jives99 has 120 seconds left.
|
|t:|1776034301
|move|p1a: Great Tusk|Headlong Rush|p2a: Suicune
|-damage|p2a: Suicune|41/100
|-unboost|p1a: Great Tusk|def|1
|-unboost|p1a: Great Tusk|spd|1
|move|p2a: Suicune|Calm Mind|p2a: Suicune
|-boost|p2a: Suicune|spa|1
|-boost|p2a: Suicune|spd|1
|
|upkeep
|turn|17
|inactive|Jives99 has 120 seconds left.
|
|t:|1776034315
|switch|p2a: Rillaboom|Rillaboom, M|100/100
|-fieldstart|move: Grassy Terrain|[from] ability: Grassy Surge|[of] p2a: Rillaboom
|move|p1a: Great Tusk|Headlong Rush|p2a: Rillaboom
|-resisted|p2a: Rillaboom
|-crit|p2a: Rillaboom
|-damage|p2a: Rillaboom|43/100
|-unboost|p1a: Great Tusk|def|1
|-unboost|p1a: Great Tusk|spd|1
|
|-heal|p1a: Great Tusk|100/100|[from] Grassy Terrain
|-heal|p2a: Rillaboom|49/100|[from] Grassy Terrain
|upkeep
|turn|18
|inactive|Jives99 has 120 seconds left.
|
|t:|1776034331
|-end|p1a: Great Tusk|Protosynthesis|[silent]
|switch|p1a: Slowking|Slowking-Galar, F|87/100
|move|p2a: Rillaboom|Grassy Glide|p1a: Slowking
|-resisted|p1a: Slowking
|-damage|p1a: Slowking|65/100
|
|-heal|p2a: Rillaboom|55/100|[from] Grassy Terrain
|-heal|p1a: Slowking|71/100|[from] Grassy Terrain
|-heal|p1a: Slowking|77/100|[from] item: Leftovers
|upkeep
|turn|19
|inactive|Jives99 has 120 seconds left.
|inactive|Chrisnwobu has 120 seconds left.
|
|t:|1776034338
|move|p2a: Rillaboom|Knock Off|p1a: Slowking
|-supereffective|p1a: Slowking
|-damage|p1a: Slowking|0 fnt
|-enditem|p1a: Slowking|Leftovers|[from] move: Knock Off|[of] p2a: Rillaboom
|faint|p1a: Slowking
|
|-heal|p2a: Rillaboom|61/100|[from] Grassy Terrain
|upkeep
|inactive|Jives99 has 120 seconds left.
|
|t:|1776034344
|switch|p1a: Landorus|Landorus-Therian, M|100/100
|-ability|p1a: Landorus|Intimidate|boost
|-unboost|p2a: Rillaboom|atk|1
|turn|20
|
|t:|1776034358
|switch|p2a: Mandibuzz|Mandibuzz, F|28/100
|move|p1a: Landorus|U-turn|p2a: Mandibuzz
|-damage|p2a: Mandibuzz|8/100
|
|t:|1776034363
|switch|p1a: Zamazenta|Zamazenta|100/100|[from] U-turn
|-ability|p1a: Zamazenta|Dauntless Shield|boost
|-boost|p1a: Zamazenta|def|1
|
|upkeep
|turn|21
|
|t:|1776034383
|move|p1a: Zamazenta|Heavy Slam|p2a: Mandibuzz
|-damage|p2a: Mandibuzz|0 fnt
|faint|p2a: Mandibuzz
|
|upkeep
|inactive|Chrisnwobu has 120 seconds left.
|
|t:|1776034397
|switch|p2a: Suicune|Suicune|41/100
|-ability|p2a: Suicune|Pressure
|turn|22
|inactive|Chrisnwobu has 120 seconds left.
|
|t:|1776034408
|-terastallize|p2a: Suicune|Poison
|move|p1a: Zamazenta|Close Combat|p2a: Suicune
|-resisted|p2a: Suicune
|-damage|p2a: Suicune|24/100
|-unboost|p1a: Zamazenta|def|1
|-unboost|p1a: Zamazenta|spd|1
|move|p2a: Suicune|Rest|p2a: Suicune
|-status|p2a: Suicune|slp|[from] move: Rest
|-heal|p2a: Suicune|100/100 slp|[silent]
|-enditem|p2a: Suicune|Chesto Berry|[eat]
|-curestatus|p2a: Suicune|slp|[msg]
|
|upkeep
|turn|23
|
|t:|1776034417
|switch|p1a: Great Tusk|Great Tusk|100/100
|move|p2a: Suicune|Calm Mind|p2a: Suicune
|-boost|p2a: Suicune|spa|1
|-boost|p2a: Suicune|spd|1
|
|upkeep
|turn|24
|
|t:|1776034429
|move|p1a: Great Tusk|Headlong Rush|p2a: Suicune
|-supereffective|p2a: Suicune
|-damage|p2a: Suicune|27/100
|-unboost|p1a: Great Tusk|def|1
|-unboost|p1a: Great Tusk|spd|1
|move|p2a: Suicune|Scald|p1a: Great Tusk
|-supereffective|p1a: Great Tusk
|-damage|p1a: Great Tusk|0 fnt
|faint|p1a: Great Tusk
|-end|p1a: Great Tusk|Protosynthesis|[silent]
|
|-heal|p2a: Suicune|33/100|[from] Grassy Terrain
|-fieldend|move: Grassy Terrain
|upkeep
|
|t:|1776034439
|switch|p1a: Zamazenta|Zamazenta|100/100
|turn|25
|inactive|Chrisnwobu has 120 seconds left.
|
|t:|1776034464
|-terastallize|p1a: Zamazenta|Dark
|move|p1a: Zamazenta|Crunch|p2a: Suicune
|-damage|p2a: Suicune|12/100
|move|p2a: Suicune|Scald|p1a: Zamazenta
|-damage|p1a: Zamazenta|78/100
|-status|p1a: Zamazenta|brn
|
|-damage|p1a: Zamazenta|72/100 brn|[from] brn
|upkeep
|turn|26
|l| Nlemartyr
|
|t:|1776034472
|move|p1a: Zamazenta|Crunch|p2a: Suicune
|-damage|p2a: Suicune|0 fnt
|faint|p2a: Suicune
|
|-damage|p1a: Zamazenta|66/100 brn|[from] brn
|upkeep
|inactive|Chrisnwobu has 120 seconds left.
|
|t:|1776034506
|switch|p2a: Rillaboom|Rillaboom, M|61/100
|-fieldstart|move: Grassy Terrain|[from] ability: Grassy Surge|[of] p2a: Rillaboom
|turn|27
|
|t:|1776034520
|move|p1a: Zamazenta|Close Combat|p2a: Rillaboom
|-damage|p2a: Rillaboom|32/100
|-unboost|p1a: Zamazenta|def|1
|-unboost|p1a: Zamazenta|spd|1
|move|p2a: Rillaboom|Swords Dance|p2a: Rillaboom
|-boost|p2a: Rillaboom|atk|2
|
|-heal|p1a: Zamazenta|72/100 brn|[from] Grassy Terrain
|-heal|p2a: Rillaboom|38/100|[from] Grassy Terrain
|-damage|p1a: Zamazenta|66/100 brn|[from] brn
|upkeep
|turn|28
|
|t:|1776034531
|move|p1a: Zamazenta|Close Combat|p2a: Rillaboom
|-damage|p2a: Rillaboom|12/100
|-unboost|p1a: Zamazenta|def|1
|-unboost|p1a: Zamazenta|spd|1
|move|p2a: Rillaboom|Swords Dance|p2a: Rillaboom
|-boost|p2a: Rillaboom|atk|2
|
|-heal|p1a: Zamazenta|72/100 brn|[from] Grassy Terrain
|-heal|p2a: Rillaboom|18/100|[from] Grassy Terrain
|-damage|p1a: Zamazenta|66/100 brn|[from] brn
|upkeep
|turn|29
|
|t:|1776034539
|move|p2a: Rillaboom|Grassy Glide|p1a: Zamazenta
|-damage|p1a: Zamazenta|0 fnt
|faint|p1a: Zamazenta
|
|-heal|p2a: Rillaboom|24/100|[from] Grassy Terrain
|upkeep
|
|t:|1776034541
|switch|p1a: Landorus|Landorus-Therian, M|100/100
|-ability|p1a: Landorus|Intimidate|boost
|-unboost|p2a: Rillaboom|atk|1
|turn|30
|
|t:|1776034549
|move|p2a: Rillaboom|Grassy Glide|p1a: Landorus
|-crit|p1a: Landorus
|-damage|p1a: Landorus|0 fnt
|faint|p1a: Landorus
|
|win|Chrisnwobu
|raw|Jives99's rating: 1401 &rarr; <strong>1380</strong><br />(-21 for losing)
|raw|Chrisnwobu's rating: 1387 &rarr; <strong>1408</strong><br />(+21 for winning)
|l|☆Jives99
|player|p1|
|l|☆Chrisnwobu
|player|p2|
