|html|<div class="broadcast-blue"><strong>[Gen 9] OU is currently suspecting Tera Blast! For information on how to participate check out the <a href="https://www.smogon.com/tools/suspects/view/200">suspect thread</a>.</strong></div>
|j|☆parking lot demon
|j|☆whiteiron ou
|t:|1776045437
|gametype|singles
|player|p1|parking lot demon|lady-gen4|1471
|player|p2|whiteiron ou|169|1545
|gen|9
|tier|[Gen 9] OU
|rated|
|rule|HP Percentage Mod: HP is shown in percentages
|rule|Endless Battle Clause: Forcing endless battles is banned
|rule|Species Clause: Limit one of each Pokémon
|rule|OHKO Clause: OHKO moves are banned
|rule|Evasion Items Clause: Evasion items are banned
|rule|Evasion Moves Clause: Evasion moves are banned
|rule|Evasion Abilities Clause: Evasion abilities are banned
|rule|Sleep Moves Clause: Sleep-inducing moves are banned
|clearpoke
|poke|p1|Hatterene, F|
|poke|p1|Farigiraf, M|
|poke|p1|Mimikyu, M|
|poke|p1|Slither Wing|
|poke|p1|Ursaluna, M|
|poke|p1|Torkoal, F|
|poke|p2|Kommo-o, F|
|poke|p2|Ninetales-Alola, M|
|poke|p2|Kingambit, F|
|poke|p2|Ceruledge, M|
|poke|p2|Glimmora, M|
|poke|p2|Hatterene, F|
|teampreview
|inactive|Battle timer is ON: inactive players will automatically lose when time's up. (requested by whiteiron ou)
|inactive|parking lot demon also wants the timer to be on.
|
|t:|1776045445
|teamsize|p1|6
|teamsize|p2|6
|start
|switch|p1a: Slither Wing|Slither Wing|100/100
|switch|p2a: Glimmora|Glimmora, M|100/100
|turn|1
|
|t:|1776045447
|-end|p1a: Slither Wing|Protosynthesis|[silent]
|switch|p1a: Hatterene|Hatterene, F|100/100
|move|p2a: Glimmora|Stealth Rock|p1a: Hatterene
|move|p1a: Hatterene|Stealth Rock|p2a: Glimmora|[from] ability: Magic Bounce
|-sidestart|p2: whiteiron ou|move: Stealth Rock
|
|upkeep
|turn|2
|
|t:|1776045450
|move|p2a: Glimmora|Mortal Spin|p1a: Hatterene
|-supereffective|p1a: Hatterene
|-damage|p1a: Hatterene|87/100
|-status|p1a: Hatterene|psn
|-sideend|p2: whiteiron ou|Stealth Rock|[from] move: Mortal Spin|[of] p2a: Glimmora
|move|p1a: Hatterene|Trick Room|p1a: Hatterene
|-fieldstart|move: Trick Room|[of] p1a: Hatterene
|
|-damage|p1a: Hatterene|74/100 psn|[from] psn
|upkeep
|turn|3
|
|t:|1776045452
|move|p1a: Hatterene|Psychic|p2a: Glimmora
|-supereffective|p2a: Glimmora
|-damage|p2a: Glimmora|0 fnt
|faint|p2a: Glimmora
|
|-damage|p1a: Hatterene|62/100 psn|[from] psn
|upkeep
|
|t:|1776045463
|switch|p2a: Hatterene|Hatterene, F|100/100
|turn|4
|
|t:|1776045466
|move|p1a: Hatterene|Misty Explosion|p2a: Hatterene
|-damage|p2a: Hatterene|37/100
|faint|p1a: Hatterene
|move|p2a: Hatterene|Calm Mind|p2a: Hatterene
|-boost|p2a: Hatterene|spa|1
|-boost|p2a: Hatterene|spd|1
|
|-heal|p2a: Hatterene|43/100|[from] item: Leftovers
|upkeep
|
|t:|1776045472
|switch|p1a: Ursaluna|Ursaluna, M|100/100
|turn|5
|
|t:|1776045477
|move|p1a: Ursaluna|Facade|p2a: Hatterene
|-damage|p2a: Hatterene|7/100
|move|p2a: Hatterene|Draining Kiss|p1a: Ursaluna
|-damage|p1a: Ursaluna|73/100
|-heal|p2a: Hatterene|37/100|[from] drain|[of] p1a: Ursaluna
|
|-heal|p2a: Hatterene|43/100|[from] item: Leftovers
|-status|p1a: Ursaluna|brn|[from] item: Flame Orb
|upkeep
|turn|6
|
|t:|1776045485
|switch|p2a: Ceruledge|Ceruledge, M|100/100
|move|p1a: Ursaluna|Facade|p2a: Ceruledge
|-immune|p2a: Ceruledge
|
|-damage|p1a: Ursaluna|66/100 brn|[from] brn
|-fieldend|move: Trick Room
|upkeep
|turn|7
|
|t:|1776045492
|switch|p2a: Ninetales|Ninetales-Alola, M|100/100
|-weather|Snowscape|[from] ability: Snow Warning|[of] p2a: Ninetales
|move|p1a: Ursaluna|Earthquake|p2a: Ninetales
|-damage|p2a: Ninetales|23/100
|
|-weather|Snowscape|[upkeep]
|-damage|p1a: Ursaluna|60/100 brn|[from] brn
|upkeep
|turn|8
|
|t:|1776045498
|move|p2a: Ninetales|Aurora Veil|p2a: Ninetales
|-sidestart|p2: whiteiron ou|move: Aurora Veil
|move|p1a: Ursaluna|Earthquake|p2a: Ninetales
|-damage|p2a: Ninetales|0 fnt
|faint|p2a: Ninetales
|
|-weather|Snowscape|[upkeep]
|-damage|p1a: Ursaluna|54/100 brn|[from] brn
|upkeep
|
|t:|1776045509
|switch|p2a: Kingambit|Kingambit, F|100/100
|-activate|p2a: Kingambit|ability: Supreme Overlord
|-start|p2a: Kingambit|fallen2|[silent]
|turn|9
|
|t:|1776045516
|move|p2a: Kingambit|Kowtow Cleave|p1a: Ursaluna
|-damage|p1a: Ursaluna|5/100 brn
|move|p1a: Ursaluna|Earthquake|p2a: Kingambit
|-supereffective|p2a: Kingambit
|-damage|p2a: Kingambit|38/100
|
|-weather|Snowscape|[upkeep]
|-damage|p1a: Ursaluna|0 fnt|[from] brn
|faint|p1a: Ursaluna
|upkeep
|
|t:|1776045519
|switch|p1a: Slither Wing|Slither Wing|100/100
|turn|10
|
|t:|1776045525
|move|p1a: Slither Wing|Close Combat|p2a: Kingambit
|-supereffective|p2a: Kingambit
|-damage|p2a: Kingambit|0 fnt
|-unboost|p1a: Slither Wing|def|1
|-unboost|p1a: Slither Wing|spd|1
|faint|p2a: Kingambit
|-end|p2a: Kingambit|fallen2|[silent]
|
|-weather|Snowscape|[upkeep]
|upkeep
|
|t:|1776045529
|switch|p2a: Ceruledge|Ceruledge, M|100/100
|turn|11
|
|t:|1776045533
|-end|p1a: Slither Wing|Protosynthesis|[silent]
|switch|p1a: Farigiraf|Farigiraf, M|100/100
|move|p2a: Ceruledge|Swords Dance|p2a: Ceruledge
|-boost|p2a: Ceruledge|atk|2
|
|-weather|none
|upkeep
|turn|12
|
|t:|1776045536
|move|p2a: Ceruledge|Bitter Blade|p1a: Farigiraf
|-damage|p1a: Farigiraf|0 fnt
|faint|p1a: Farigiraf
|-damage|p2a: Ceruledge|91/100|[from] item: Life Orb
|
|upkeep
|
|t:|1776045539
|switch|p1a: Mimikyu|Mimikyu, M|100/100
|turn|13
|
|t:|1776045543
|move|p2a: Ceruledge|Bitter Blade|p1a: Mimikyu
|-activate|p1a: Mimikyu|ability: Disguise
|-damage|p1a: Mimikyu|100/100
|detailschange|p1a: Mimikyu|Mimikyu-Busted, M
|-damage|p1a: Mimikyu|88/100|[from] pokemon: Mimikyu-Busted
|-damage|p2a: Ceruledge|81/100|[from] item: Life Orb
|move|p1a: Mimikyu|Trick Room|p1a: Mimikyu
|-fieldstart|move: Trick Room|[of] p1a: Mimikyu
|
|upkeep
|turn|14
|
|t:|1776045552
|move|p1a: Mimikyu|Curse|p2a: Ceruledge
|-start|p2a: Ceruledge|Curse|[of] p1a: Mimikyu
|-damage|p1a: Mimikyu|38/100
|move|p2a: Ceruledge|Bitter Blade|p1a: Mimikyu
|-damage|p1a: Mimikyu|0 fnt
|-heal|p2a: Ceruledge|100/100|[from] drain|[of] p1a: Mimikyu
|faint|p1a: Mimikyu
|-damage|p2a: Ceruledge|91/100|[from] item: Life Orb
|
|-damage|p2a: Ceruledge|66/100|[from] Curse
|upkeep
|
|t:|1776045568
|switch|p1a: Torkoal|Torkoal, F|100/100
|-weather|SunnyDay|[from] ability: Drought|[of] p1a: Torkoal
|turn|15
|
|t:|1776045571
|-terastallize|p1a: Torkoal|Fire
|move|p1a: Torkoal|Eruption|p2a: Ceruledge
|-resisted|p2a: Ceruledge
|-damage|p2a: Ceruledge|12/100
|move|p2a: Ceruledge|Poltergeist|p1a: Torkoal
|-activate|p1a: Torkoal|move: Poltergeist|Choice Specs
|-damage|p1a: Torkoal|0 fnt
|faint|p1a: Torkoal
|-damage|p2a: Ceruledge|2/100|[from] item: Life Orb
|
|-weather|SunnyDay|[upkeep]
|-damage|p2a: Ceruledge|0 fnt|[from] Curse
|faint|p2a: Ceruledge
|-sideend|p2: whiteiron ou|move: Aurora Veil
|upkeep
|
|t:|1776045581
|switch|p1a: Slither Wing|Slither Wing|100/100
|switch|p2a: Hatterene|Hatterene, F|43/100
|-activate|p1a: Slither Wing|ability: Protosynthesis
|-start|p1a: Slither Wing|protosynthesisatk
|turn|16
|
|t:|1776045587
|switch|p2a: Kommo-o|Kommo-o, F|100/100
|move|p1a: Slither Wing|Close Combat|p2a: Kommo-o
|-damage|p2a: Kommo-o|0 fnt
|-unboost|p1a: Slither Wing|def|1
|-unboost|p1a: Slither Wing|spd|1
|faint|p2a: Kommo-o
|
|-weather|SunnyDay|[upkeep]
|upkeep
|
|t:|1776045592
|switch|p2a: Hatterene|Hatterene, F|43/100
|turn|17
|
|t:|1776045599
|move|p2a: Hatterene|Psychic Noise|p1a: Slither Wing
|-supereffective|p1a: Slither Wing
|-damage|p1a: Slither Wing|2/100
|-start|p1a: Slither Wing|move: Heal Block
|move|p1a: Slither Wing|Close Combat|p2a: Hatterene
|-resisted|p2a: Hatterene
|-damage|p2a: Hatterene|12/100
|-unboost|p1a: Slither Wing|def|1
|-unboost|p1a: Slither Wing|spd|1
|
|-weather|SunnyDay|[upkeep]
|-heal|p2a: Hatterene|18/100|[from] item: Leftovers
|-fieldend|move: Trick Room
|upkeep
|turn|18
|
|t:|1776045604
|move|p1a: Slither Wing|Close Combat|p2a: Hatterene
|-resisted|p2a: Hatterene
|-damage|p2a: Hatterene|0 fnt
|-unboost|p1a: Slither Wing|def|1
|-unboost|p1a: Slither Wing|spd|1
|faint|p2a: Hatterene
|
|win|parking lot demon
|raw|parking lot demon's rating: 1471 &rarr; <strong>1495</strong><br />(+24 for winning)
|raw|whiteiron ou's rating: 1545 &rarr; <strong>1521</strong><br />(-24 for losing)
|l|☆whiteiron ou
|player|p2|
|l|☆parking lot demon
|player|p1|
