|html|<div class="broadcast-blue"><strong>[Gen 9] OU is currently suspecting Tera Blast! For information on how to participate check out the <a href="https://www.smogon.com/tools/suspects/view/200">suspect thread</a>.</strong></div>
|j|☆OUTB Sketch
|j|☆Jiotave
|t:|1776261811
|gametype|singles
|player|p1|OUTB Sketch|red-gen2|1728
|player|p2|Jiotave|n|1726
|gen|9
|tier|[Gen 9] OU
|rated|
|rule|HP Percentage Mod: HP is shown in percentages
|rule|Endless Battle Clause: Forcing endless battles is banned
|rule|Species Clause: Limit one of each Pokémon
|rule|OHKO Clause: OHKO moves are banned
|rule|Evasion Items Clause: Evasion items are banned
|rule|Evasion Moves Clause: Evasion moves are banned
|rule|Evasion Abilities Clause: Evasion abilities are banned
|rule|Sleep Moves Clause: Sleep-inducing moves are banned
|clearpoke
|poke|p1|Dragonite, M|
|poke|p1|Pecharunt|
|poke|p1|Ting-Lu|
|poke|p1|Gholdengo|
|poke|p1|Samurott-Hisui, M|
|poke|p1|Walking Wake|
|poke|p2|Indeedee, M|
|poke|p2|Hatterene, F|
|poke|p2|Iron Crown|
|poke|p2|Polteageist|
|poke|p2|Iron Treads|
|poke|p2|Hawlucha, M|
|teampreview
|inactive|Battle timer is ON: inactive players will automatically lose when time's up. (requested by OUTB Sketch)
|
|t:|1776261830
|teamsize|p1|6
|teamsize|p2|6
|start
|switch|p1a: Ting-Lu|Ting-Lu|100/100
|switch|p2a: Iron Treads|Iron Treads|100/100
|-ability|p1a: Ting-Lu|Vessel of Ruin
|-enditem|p2a: Iron Treads|Booster Energy
|-activate|p2a: Iron Treads|ability: Quark Drive|[fromitem]
|-start|p2a: Iron Treads|quarkdrivespe
|turn|1
|j| 0RickMountStrong
|
|t:|1776261836
|move|p2a: Iron Treads|Stealth Rock|p1a: Ting-Lu
|-sidestart|p1: OUTB Sketch|move: Stealth Rock
|move|p1a: Ting-Lu|Earthquake|p2a: Iron Treads
|-supereffective|p2a: Iron Treads
|-damage|p2a: Iron Treads|31/100
|
|upkeep
|turn|2
|
|t:|1776261840
|move|p2a: Iron Treads|Knock Off|p1a: Ting-Lu
|-resisted|p1a: Ting-Lu
|-damage|p1a: Ting-Lu|93/100
|-enditem|p1a: Ting-Lu|Leftovers|[from] move: Knock Off|[of] p2a: Iron Treads
|move|p1a: Ting-Lu|Earthquake|p2a: Iron Treads
|-supereffective|p2a: Iron Treads
|-damage|p2a: Iron Treads|0 fnt
|faint|p2a: Iron Treads
|-end|p2a: Iron Treads|Quark Drive|[silent]
|
|upkeep
|
|t:|1776261847
|switch|p2a: Indeedee|Indeedee, M|100/100
|-fieldstart|move: Psychic Terrain|[from] ability: Psychic Surge|[of] p2a: Indeedee
|turn|3
|
|t:|1776261850
|switch|p2a: Hatterene|Hatterene, F|100/100
|move|p1a: Ting-Lu|Earthquake|p2a: Hatterene
|-damage|p2a: Hatterene|71/100
|-enditem|p2a: Hatterene|Eject Button
|
|t:|1776261861
|switch|p2a: Hawlucha|Hawlucha, M|100/100
|-enditem|p2a: Hawlucha|Psychic Seed
|-boost|p2a: Hawlucha|spd|1|[from] item: Psychic Seed
|
|upkeep
|turn|4
|
|t:|1776261867
|switch|p1a: Dragonite|Dragonite, M|100/100
|move|p2a: Hawlucha|Swords Dance|p2a: Hawlucha
|-boost|p2a: Hawlucha|atk|2
|
|upkeep
|turn|5
|
|t:|1776261872
|move|p2a: Hawlucha|Acrobatics|p1a: Dragonite
|-damage|p1a: Dragonite|58/100
|move|p1a: Dragonite|Dragon Tail|p2a: Hawlucha
|-damage|p2a: Hawlucha|54/100
|drag|p2a: Iron Crown|Iron Crown|100/100
|-enditem|p2a: Iron Crown|Booster Energy
|-activate|p2a: Iron Crown|ability: Quark Drive|[fromitem]
|-start|p2a: Iron Crown|quarkdrivespe
|
|upkeep
|turn|6
|
|t:|1776261879
|switch|p1a: Ting-Lu|Ting-Lu|93/100
|-damage|p1a: Ting-Lu|86/100|[from] Stealth Rock
|-ability|p1a: Ting-Lu|Vessel of Ruin
|move|p2a: Iron Crown|Expanding Force|p1a: Ting-Lu
|-immune|p1a: Ting-Lu
|
|upkeep
|turn|7
|
|t:|1776261885
|move|p2a: Iron Crown|Focus Blast|p1a: Ting-Lu
|-supereffective|p1a: Ting-Lu
|-damage|p1a: Ting-Lu|55/100
|move|p1a: Ting-Lu|Earthquake|p2a: Iron Crown
|-supereffective|p2a: Iron Crown
|-damage|p2a: Iron Crown|28/100
|
|upkeep
|turn|8
|
|t:|1776261893
|switch|p1a: Gholdengo|Gholdengo|100/100
|-damage|p1a: Gholdengo|94/100|[from] Stealth Rock
|move|p2a: Iron Crown|Focus Blast|p1a: Gholdengo
|-immune|p1a: Gholdengo
|
|upkeep
|turn|9
|
|t:|1776261897
|move|p2a: Iron Crown|Expanding Force|p1a: Gholdengo
|-resisted|p1a: Gholdengo
|-damage|p1a: Gholdengo|54/100
|move|p1a: Gholdengo|Make It Rain|p2a: Iron Crown
|-resisted|p2a: Iron Crown
|-damage|p2a: Iron Crown|0 fnt
|-unboost|p1a: Gholdengo|spa|1
|faint|p2a: Iron Crown
|-end|p2a: Iron Crown|Quark Drive|[silent]
|
|upkeep
|
|t:|1776261903
|switch|p2a: Polteageist|Polteageist|100/100
|turn|10
|
|t:|1776261912
|move|p1a: Gholdengo|Make It Rain|p2a: Polteageist
|-damage|p2a: Polteageist|53/100
|-unboost|p1a: Gholdengo|spa|1
|move|p2a: Polteageist|Shell Smash|p2a: Polteageist
|-unboost|p2a: Polteageist|def|1
|-unboost|p2a: Polteageist|spd|1
|-boost|p2a: Polteageist|atk|2
|-boost|p2a: Polteageist|spa|2
|-boost|p2a: Polteageist|spe|2
|
|-fieldend|move: Psychic Terrain
|upkeep
|turn|11
|
|t:|1776261916
|switch|p1a: Ting-Lu|Ting-Lu|55/100
|-damage|p1a: Ting-Lu|49/100|[from] Stealth Rock
|-ability|p1a: Ting-Lu|Vessel of Ruin
|move|p2a: Polteageist|Shadow Ball|p1a: Ting-Lu
|-resisted|p1a: Ting-Lu
|-damage|p1a: Ting-Lu|29/100
|-unboost|p1a: Ting-Lu|spd|1
|
|upkeep
|turn|12
|j| amimec
|
|t:|1776261925
|move|p2a: Polteageist|Shadow Ball|p1a: Ting-Lu
|-resisted|p1a: Ting-Lu
|-damage|p1a: Ting-Lu|0 fnt
|faint|p1a: Ting-Lu
|
|upkeep
|c|☆OUTB Sketch|omg
|
|t:|1776261932
|switch|p1a: Dragonite|Dragonite, M|58/100
|turn|13
|
|t:|1776261942
|switch|p1a: Samurott|Samurott-Hisui, M|100/100
|-damage|p1a: Samurott|88/100|[from] Stealth Rock
|move|p2a: Polteageist|Stored Power|p1a: Samurott
|-immune|p1a: Samurott
|
|upkeep
|turn|14
|c| 0RickMountStrong|how you killed ting lu
|c|☆OUTB Sketch|fucking spdef drop
|c|☆OUTB Sketch|at the worst moment
|
|t:|1776261975
|-terastallize|p1a: Samurott|Poison
|move|p2a: Polteageist|Stored Power|p1a: Samurott
|-supereffective|p1a: Samurott
|-damage|p1a: Samurott|0 fnt
|faint|p1a: Samurott
|
|upkeep
|c|☆Jiotave|HAHAHAHAHAHA
|c|☆Jiotave|EASY
|inactive|OUTB Sketch has 120 seconds left.
|j| imSilverLike
|c|☆OUTB Sketch|shut the fuck up
|
|t:|1776261989
|switch|p1a: Gholdengo|Gholdengo|54/100
|-damage|p1a: Gholdengo|47/100|[from] Stealth Rock
|turn|15
|
|t:|1776262006
|move|p2a: Polteageist|Shadow Ball|p1a: Gholdengo
|-supereffective|p1a: Gholdengo
|-damage|p1a: Gholdengo|0 fnt
|faint|p1a: Gholdengo
|
|upkeep
|c|☆Jiotave|easy
|c|☆Jiotave|next
|inactive|OUTB Sketch has 120 seconds left.
|c|☆OUTB Sketch|u know aswell
|c|☆OUTB Sketch|if not for spdef drop
|c|☆OUTB Sketch|i owned your ass
|c|☆OUTB Sketch|noob
|c|☆Jiotave|use dragon tail HAHAHAHAHAHAHAHAHAHAHAH
|
|t:|1776262039
|switch|p1a: Walking Wake|Walking Wake|100/100
|turn|16
|
|t:|1776262042
|move|p2a: Polteageist|Stored Power|p1a: Walking Wake
|-damage|p1a: Walking Wake|0 fnt
|faint|p1a: Walking Wake
|-end|p1a: Walking Wake|Protosynthesis|[silent]
|
|upkeep
|-message|OUTB Sketch forfeited.
|
|win|Jiotave
