|html|<div class="broadcast-blue"><strong>[Gen 9] OU is currently suspecting Tera Blast! For information on how to participate check out the <a href="https://www.smogon.com/tools/suspects/view/200">suspect thread</a>.</strong></div>
|j|☆tonightbaby
|j|☆clelioushka
|t:|1776108331
|gametype|singles
|player|p1|tonightbaby|rood|1456
|player|p2|clelioushka|medium|1398
|gen|9
|tier|[Gen 9] OU
|rated|
|rule|HP Percentage Mod: HP is shown in percentages
|rule|Endless Battle Clause: Forcing endless battles is banned
|rule|Species Clause: Limit one of each Pokémon
|rule|OHKO Clause: OHKO moves are banned
|rule|Evasion Items Clause: Evasion items are banned
|rule|Evasion Moves Clause: Evasion moves are banned
|rule|Evasion Abilities Clause: Evasion abilities are banned
|rule|Sleep Moves Clause: Sleep-inducing moves are banned
|clearpoke
|poke|p1|Inteleon, M|
|poke|p1|Gholdengo|
|poke|p1|Ting-Lu|
|poke|p1|Dragonite, F|
|poke|p1|Ceruledge, F|
|poke|p1|Ogerpon-Wellspring, F|
|poke|p2|Dragonite, M|
|poke|p2|Hatterene, F|
|poke|p2|Weavile, M|
|poke|p2|Ogerpon-Wellspring, F|
|poke|p2|Kingambit, M|
|poke|p2|Great Tusk|
|teampreview
|inactive|Battle timer is ON: inactive players will automatically lose when time's up. (requested by clelioushka)
|
|t:|1776108338
|teamsize|p1|6
|teamsize|p2|6
|start
|switch|p1a: Inteleon|Inteleon, M|100/100
|switch|p2a: Weavile|Weavile, M|100/100
|turn|1
|
|t:|1776108347
|move|p2a: Weavile|Beat Up|p1a: Inteleon
|-damage|p1a: Inteleon|84/100
|-damage|p1a: Inteleon|71/100
|-damage|p1a: Inteleon|57/100
|-damage|p1a: Inteleon|41/100
|-damage|p1a: Inteleon|26/100
|-damage|p1a: Inteleon|11/100
|-hitcount|p1a: Inteleon|6
|move|p1a: Inteleon|Snipe Shot|p2a: Weavile
|-crit|p2a: Weavile
|-enditem|p2a: Weavile|Focus Sash
|-damage|p2a: Weavile|1/100
|
|upkeep
|turn|2
|
|t:|1776108363
|switch|p1a: Ting-Lu|Ting-Lu|100/100
|-ability|p1a: Ting-Lu|Vessel of Ruin
|move|p2a: Weavile|Icicle Crash|p1a: Ting-Lu
|-supereffective|p1a: Ting-Lu
|-crit|p1a: Ting-Lu
|-damage|p1a: Ting-Lu|50/100
|
|-heal|p1a: Ting-Lu|56/100|[from] item: Leftovers
|upkeep
|turn|3
|
|t:|1776108372
|switch|p2a: Hatterene|Hatterene, F|100/100
|move|p1a: Ting-Lu|Earthquake|p2a: Hatterene
|-damage|p2a: Hatterene|68/100
|
|-heal|p1a: Ting-Lu|62/100|[from] item: Leftovers
|upkeep
|turn|4
|
|t:|1776108383
|switch|p1a: Ceruledge|Ceruledge, F|100/100
|move|p2a: Hatterene|Draining Kiss|p1a: Ceruledge
|-resisted|p1a: Ceruledge
|-damage|p1a: Ceruledge|93/100
|-heal|p2a: Hatterene|75/100|[from] drain|[of] p1a: Ceruledge
|
|upkeep
|turn|5
|
|t:|1776108399
|switch|p2a: Great Tusk|Great Tusk|100/100
|move|p1a: Ceruledge|Bulk Up|p1a: Ceruledge
|-boost|p1a: Ceruledge|atk|1
|-boost|p1a: Ceruledge|def|1
|
|upkeep
|turn|6
|
|t:|1776108409
|-end|p2a: Great Tusk|Protosynthesis|[silent]
|switch|p2a: Dragonite|Dragonite, M|100/100
|-terastallize|p1a: Ceruledge|Bug
|move|p1a: Ceruledge|Bulk Up|p1a: Ceruledge
|-boost|p1a: Ceruledge|atk|1
|-boost|p1a: Ceruledge|def|1
|
|upkeep
|turn|7
|
|t:|1776108425
|move|p1a: Ceruledge|Shadow Sneak|p2a: Dragonite
|-damage|p2a: Dragonite|83/100
|move|p2a: Dragonite|Encore|p1a: Ceruledge
|-start|p1a: Ceruledge|Encore
|
|-heal|p2a: Dragonite|89/100|[from] item: Leftovers
|upkeep
|turn|8
|
|t:|1776108438
|switch|p2a: Kingambit|Kingambit, M|100/100
|move|p1a: Ceruledge|Shadow Sneak|p2a: Kingambit
|-resisted|p2a: Kingambit
|-damage|p2a: Kingambit|86/100
|
|upkeep
|turn|9
|
|t:|1776108442
|move|p1a: Ceruledge|Shadow Sneak|p2a: Kingambit
|-resisted|p2a: Kingambit
|-damage|p2a: Kingambit|71/100
|move|p2a: Kingambit|Iron Head|p1a: Ceruledge
|-damage|p1a: Ceruledge|63/100
|
|upkeep
|turn|10
|
|t:|1776108447
|move|p1a: Ceruledge|Shadow Sneak|p2a: Kingambit
|-resisted|p2a: Kingambit
|-crit|p2a: Kingambit
|-damage|p2a: Kingambit|48/100
|move|p2a: Kingambit|Iron Head|p1a: Ceruledge
|-damage|p1a: Ceruledge|33/100
|
|-end|p1a: Ceruledge|Encore
|upkeep
|turn|11
|
|t:|1776108453
|move|p2a: Kingambit|Sucker Punch|p1a: Ceruledge
|-damage|p1a: Ceruledge|11/100
|move|p1a: Ceruledge|Bitter Blade|p2a: Kingambit
|-supereffective|p2a: Kingambit
|-damage|p2a: Kingambit|0 fnt
|-heal|p1a: Ceruledge|34/100|[from] drain|[of] p2a: Kingambit
|faint|p2a: Kingambit
|-end|p2a: Kingambit|fallenundefined|[silent]
|
|upkeep
|
|t:|1776108460
|switch|p2a: Ogerpon|Ogerpon-Wellspring, F|100/100
|turn|12
|
|t:|1776108465
|move|p2a: Ogerpon|Ivy Cudgel|p1a: Ceruledge|[anim] Ivy Cudgel Water
|-damage|p1a: Ceruledge|2/100
|move|p1a: Ceruledge|Bitter Blade|p2a: Ogerpon
|-damage|p2a: Ogerpon|0 fnt
|-heal|p1a: Ceruledge|45/100|[from] drain|[of] p2a: Ogerpon
|faint|p2a: Ogerpon
|
|upkeep
|-message|clelioushka forfeited.
|
|win|tonightbaby
|raw|tonightbaby's rating: 1456 &rarr; <strong>1473</strong><br />(+17 for winning)
|raw|clelioushka's rating: 1398 &rarr; <strong>1381</strong><br />(-17 for losing)
|l|☆clelioushka
|player|p2|
|l|☆tonightbaby
|player|p1|
