|html|<div class="broadcast-blue"><strong>[Gen 9] OU is currently suspecting Tera Blast! For information on how to participate check out the <a href="https://www.smogon.com/tools/suspects/view/200">suspect thread</a>.</strong></div>
|j|☆flapjacque
|j|☆CranberryHabits
|t:|1776169356
|gametype|singles
|player|p1|flapjacque|wallace|1349
|player|p2|CranberryHabits|benga|1325
|gen|9
|tier|[Gen 9] OU
|rated|
|rule|HP Percentage Mod: HP is shown in percentages
|rule|Endless Battle Clause: Forcing endless battles is banned
|rule|Species Clause: Limit one of each Pokémon
|rule|OHKO Clause: OHKO moves are banned
|rule|Evasion Items Clause: Evasion items are banned
|rule|Evasion Moves Clause: Evasion moves are banned
|rule|Evasion Abilities Clause: Evasion abilities are banned
|rule|Sleep Moves Clause: Sleep-inducing moves are banned
|clearpoke
|poke|p1|Gengar, F|
|poke|p1|Milotic, F|
|poke|p1|Mandibuzz, F|
|poke|p1|Quagsire, F|
|poke|p1|Iron Valiant|
|poke|p1|Latias, F|
|poke|p2|Cresselia, F|
|poke|p2|Slowking-Galar, M|
|poke|p2|Iron Hands|
|poke|p2|Ursaluna, F|
|poke|p2|Ogerpon-Wellspring, F|
|poke|p2|Klefki, M|
|teampreview
|
|t:|1776169371
|teamsize|p1|6
|teamsize|p2|6
|start
|switch|p1a: Quagsire|Quagsire, F|100/100
|switch|p2a: Ursaluna|Ursaluna, F|100/100
|turn|1
|
|t:|1776169380
|move|p2a: Ursaluna|Protect|p2a: Ursaluna
|-singleturn|p2a: Ursaluna|Protect
|move|p1a: Quagsire|Stealth Rock|p2a: Ursaluna
|-sidestart|p2: CranberryHabits|move: Stealth Rock
|
|-status|p2a: Ursaluna|brn|[from] item: Flame Orb
|upkeep
|turn|2
|inactive|Battle timer is ON: inactive players will automatically lose when time's up. (requested by flapjacque)
|
|t:|1776169394
|switch|p1a: Mandibuzz|Mandibuzz, F|100/100
|move|p2a: Ursaluna|Facade|p1a: Mandibuzz
|-damage|p1a: Mandibuzz|28/100
|
|-damage|p2a: Ursaluna|94/100 brn|[from] brn
|upkeep
|turn|3
|
|t:|1776169402
|move|p2a: Ursaluna|Protect|p2a: Ursaluna
|-singleturn|p2a: Ursaluna|Protect
|move|p1a: Mandibuzz|Foul Play|p2a: Ursaluna
|-activate|p2a: Ursaluna|move: Protect
|
|-damage|p2a: Ursaluna|88/100 brn|[from] brn
|upkeep
|turn|4
|
|t:|1776169408
|switch|p2a: Klefki|Klefki, M|100/100
|-damage|p2a: Klefki|95/100|[from] Stealth Rock
|move|p1a: Mandibuzz|Foul Play|p2a: Klefki
|-resisted|p2a: Klefki
|-damage|p2a: Klefki|86/100
|
|upkeep
|turn|5
|
|t:|1776169418
|switch|p1a: Quagsire|Quagsire, F|100/100
|move|p2a: Klefki|Reflect|p2a: Klefki
|-sidestart|p2: CranberryHabits|Reflect
|
|upkeep
|turn|6
|
|t:|1776169425
|move|p2a: Klefki|Light Screen|p2a: Klefki
|-sidestart|p2: CranberryHabits|move: Light Screen
|move|p1a: Quagsire|Earthquake|p2a: Klefki
|-supereffective|p2a: Klefki
|-damage|p2a: Klefki|59/100
|
|upkeep
|turn|7
|
|t:|1776169430
|move|p2a: Klefki|Spikes|p1a: Quagsire
|-sidestart|p1: flapjacque|Spikes
|move|p1a: Quagsire|Earthquake|p2a: Klefki
|-supereffective|p2a: Klefki
|-damage|p2a: Klefki|36/100
|
|upkeep
|turn|8
|
|t:|1776169437
|move|p2a: Klefki|Spikes|p1a: Quagsire
|-sidestart|p1: flapjacque|Spikes
|move|p1a: Quagsire|Earthquake|p2a: Klefki
|-supereffective|p2a: Klefki
|-crit|p2a: Klefki
|-damage|p2a: Klefki|0 fnt
|faint|p2a: Klefki
|
|upkeep
|
|t:|1776169446
|switch|p2a: Ursaluna|Ursaluna, F|88/100 brn
|-damage|p2a: Ursaluna|82/100 brn|[from] Stealth Rock
|turn|9
|
|t:|1776169462
|switch|p1a: Gengar|Gengar, F|100/100
|-damage|p1a: Gengar|84/100|[from] Spikes
|move|p2a: Ursaluna|Earthquake|p1a: Gengar
|-supereffective|p1a: Gengar
|-damage|p1a: Gengar|0 fnt
|faint|p1a: Gengar
|
|-damage|p2a: Ursaluna|75/100 brn|[from] brn
|upkeep
|
|t:|1776169476
|switch|p1a: Mandibuzz|Mandibuzz, F|28/100
|turn|10
|inactive|CranberryHabits has 120 seconds left.
|
|t:|1776169510
|move|p2a: Ursaluna|Protect|p2a: Ursaluna
|-singleturn|p2a: Ursaluna|Protect
|move|p1a: Mandibuzz|Defog|p2a: Ursaluna
|-activate|p2a: Ursaluna|move: Protect
|
|-damage|p2a: Ursaluna|69/100 brn|[from] brn
|upkeep
|turn|11
|
|t:|1776169527
|move|p1a: Mandibuzz|Defog|p2a: Ursaluna
|-unboost|p2a: Ursaluna|evasion|1
|-sideend|p2: CranberryHabits|Reflect
|-sideend|p2: CranberryHabits|move: Light Screen
|-sideend|p2: CranberryHabits|Stealth Rock|[from] move: Defog|[of] p1a: Mandibuzz
|-sideend|p1: flapjacque|Spikes|[from] move: Defog|[of] p1a: Mandibuzz
|move|p2a: Ursaluna|Facade|p1a: Mandibuzz
|-damage|p1a: Mandibuzz|0 fnt
|faint|p1a: Mandibuzz
|
|-damage|p2a: Ursaluna|63/100 brn|[from] brn
|upkeep
|
|t:|1776169537
|switch|p1a: Iron Valiant|Iron Valiant|100/100
|-enditem|p1a: Iron Valiant|Booster Energy
|-activate|p1a: Iron Valiant|ability: Quark Drive|[fromitem]
|-start|p1a: Iron Valiant|quarkdrivespe
|turn|12
|
|t:|1776169545
|-terastallize|p2a: Ursaluna|Ghost
|move|p1a: Iron Valiant|Close Combat|p2a: Ursaluna
|-immune|p2a: Ursaluna
|move|p2a: Ursaluna|Facade|p1a: Iron Valiant
|-damage|p1a: Iron Valiant|0 fnt
|faint|p1a: Iron Valiant
|-end|p1a: Iron Valiant|Quark Drive|[silent]
|
|-damage|p2a: Ursaluna|57/100 brn|[from] brn
|upkeep
|
|t:|1776169560
|switch|p1a: Milotic|Milotic, F|100/100
|turn|13
|
|t:|1776169563
|switch|p2a: Ogerpon|Ogerpon-Wellspring, F|100/100
|move|p1a: Milotic|Hydro Pump|p2a: Ogerpon
|-immune|p2a: Ogerpon|[from] ability: Water Absorb
|
|upkeep
|turn|14
|
|t:|1776169569
|switch|p1a: Latias|Latias, F|100/100
|move|p2a: Ogerpon|Encore||[still]
|-fail|p2a: Ogerpon
|
|upkeep
|turn|15
|
|t:|1776169575
|switch|p2a: Cresselia|Cresselia, F|100/100
|move|p1a: Latias|Calm Mind|p1a: Latias
|-boost|p1a: Latias|spa|1
|-boost|p1a: Latias|spd|1
|
|upkeep
|turn|16
|
|t:|1776169581
|move|p1a: Latias|Calm Mind|p1a: Latias
|-boost|p1a: Latias|spa|1
|-boost|p1a: Latias|spd|1
|move|p2a: Cresselia|Trick Room|p2a: Cresselia
|-fieldstart|move: Trick Room|[of] p2a: Cresselia
|
|upkeep
|turn|17
|
|t:|1776169594
|switch|p2a: Iron Hands|Iron Hands|100/100
|move|p1a: Latias|Calm Mind|p1a: Latias
|-boost|p1a: Latias|spa|1
|-boost|p1a: Latias|spd|1
|
|upkeep
|turn|18
|
|t:|1776169612
|move|p2a: Iron Hands|Fake Out|p1a: Latias
|-damage|p1a: Latias|88/100
|cant|p1a: Latias|flinch
|
|upkeep
|turn|19
|
|t:|1776169617
|move|p2a: Iron Hands|Ice Punch|p1a: Latias
|-supereffective|p1a: Latias
|-damage|p1a: Latias|43/100
|-enditem|p1a: Latias|Weakness Policy
|-boost|p1a: Latias|atk|2|[from] item: Weakness Policy
|-boost|p1a: Latias|spa|2|[from] item: Weakness Policy
|move|p1a: Latias|Stored Power|p2a: Iron Hands
|-supereffective|p2a: Iron Hands
|-crit|p2a: Iron Hands
|-damage|p2a: Iron Hands|0 fnt
|faint|p2a: Iron Hands
|-end|p2a: Iron Hands|Quark Drive|[silent]
|
|upkeep
|
|t:|1776169626
|switch|p2a: Ursaluna|Ursaluna, F, tera:Ghost|57/100 brn
|turn|20
|
|t:|1776169632
|move|p2a: Ursaluna|Facade|p1a: Latias
|-damage|p1a: Latias|0 fnt
|faint|p1a: Latias
|
|-damage|p2a: Ursaluna|50/100 brn|[from] brn
|-fieldend|move: Trick Room
|upkeep
|
|t:|1776169643
|switch|p1a: Quagsire|Quagsire, F|100/100
|turn|21
|
|t:|1776169649
|move|p1a: Quagsire|Earthquake|p2a: Ursaluna
|-damage|p2a: Ursaluna|28/100 brn
|move|p2a: Ursaluna|Facade|p1a: Quagsire
|-damage|p1a: Quagsire|10/100
|
|-heal|p1a: Quagsire|16/100|[from] item: Leftovers
|-damage|p2a: Ursaluna|22/100 brn|[from] brn
|upkeep
|turn|22
|
|t:|1776169657
|switch|p2a: Cresselia|Cresselia, F|100/100
|move|p1a: Quagsire|Earthquake|p2a: Cresselia
|-immune|p2a: Cresselia|[from] ability: Levitate
|
|-heal|p1a: Quagsire|23/100|[from] item: Leftovers
|upkeep
|turn|23
|
|t:|1776169665
|move|p1a: Quagsire|Recover|p1a: Quagsire
|-heal|p1a: Quagsire|73/100
|move|p2a: Cresselia|Trick Room|p2a: Cresselia
|-fieldstart|move: Trick Room|[of] p2a: Cresselia
|
|-heal|p1a: Quagsire|79/100|[from] item: Leftovers
|upkeep
|turn|24
|
|t:|1776169687
|move|p1a: Quagsire|Toxic|p2a: Cresselia
|-status|p2a: Cresselia|tox
|move|p2a: Cresselia|Psychic|p1a: Quagsire
|-damage|p1a: Quagsire|48/100
|
|-heal|p1a: Quagsire|54/100|[from] item: Leftovers
|-damage|p2a: Cresselia|94/100 tox|[from] psn
|upkeep
|turn|25
|
|t:|1776169699
|move|p1a: Quagsire|Recover|p1a: Quagsire
|-heal|p1a: Quagsire|100/100
|move|p2a: Cresselia|Psychic|p1a: Quagsire
|-damage|p1a: Quagsire|69/100
|
|-heal|p1a: Quagsire|75/100|[from] item: Leftovers
|-damage|p2a: Cresselia|82/100 tox|[from] psn
|upkeep
|turn|26
|
|t:|1776169706
|move|p1a: Quagsire|Stealth Rock|p2a: Cresselia
|-sidestart|p2: CranberryHabits|move: Stealth Rock
|move|p2a: Cresselia|Psychic|p1a: Quagsire
|-damage|p1a: Quagsire|45/100
|
|-heal|p1a: Quagsire|51/100|[from] item: Leftovers
|-damage|p2a: Cresselia|64/100 tox|[from] psn
|upkeep
|turn|27
|
|t:|1776169715
|move|p1a: Quagsire|Recover|p1a: Quagsire
|-heal|p1a: Quagsire|100/100
|move|p2a: Cresselia|Lunar Blessing|p2a: Cresselia
|-heal|p2a: Cresselia|89/100 tox
|-curestatus|p2a: Cresselia|tox|[msg]
|
|-fieldend|move: Trick Room
|upkeep
|turn|28
|
|t:|1776169724
|move|p2a: Cresselia|Psychic|p1a: Quagsire
|-damage|p1a: Quagsire|68/100
|-unboost|p1a: Quagsire|spd|1
|move|p1a: Quagsire|Toxic|p2a: Cresselia
|-status|p2a: Cresselia|tox
|
|-heal|p1a: Quagsire|74/100|[from] item: Leftovers
|-damage|p2a: Cresselia|83/100 tox|[from] psn
|upkeep
|turn|29
|
|t:|1776169733
|switch|p1a: Milotic|Milotic, F|100/100
|move|p2a: Cresselia|Psychic|p1a: Milotic
|-damage|p1a: Milotic|82/100
|-unboost|p1a: Milotic|spd|1
|-ability|p1a: Milotic|Competitive|boost
|-boost|p1a: Milotic|spa|2
|
|-heal|p1a: Milotic|88/100|[from] item: Leftovers
|-damage|p2a: Cresselia|71/100 tox|[from] psn
|upkeep
|turn|30
|
|t:|1776169743
|move|p1a: Milotic|Ice Beam|p2a: Cresselia
|-damage|p2a: Cresselia|39/100 tox
|move|p2a: Cresselia|Trick Room|p2a: Cresselia
|-fieldstart|move: Trick Room|[of] p2a: Cresselia
|
|-heal|p1a: Milotic|94/100|[from] item: Leftovers
|-damage|p2a: Cresselia|20/100 tox|[from] psn
|upkeep
|turn|31
|
|t:|1776169753
|move|p2a: Cresselia|Lunar Dance|p2a: Cresselia
|faint|p2a: Cresselia
|move|p1a: Milotic|Ice Beam|p2: Cresselia|[notarget]
|-fail|p1a: Milotic
|
|-heal|p1a: Milotic|100/100|[from] item: Leftovers
|upkeep
|
|t:|1776169758
|switch|p2a: Ogerpon|Ogerpon-Wellspring, F|100/100
|-heal|p2a: Ogerpon|100/100|[from] move: Lunar Dance
|-damage|p2a: Ogerpon|88/100|[from] Stealth Rock
|turn|32
|
|t:|1776169770
|-terastallize|p1a: Milotic|Fire
|move|p1a: Milotic|Ice Beam|p2a: Ogerpon
|-damage|p2a: Ogerpon|23/100
|move|p2a: Ogerpon|Horn Leech|p1a: Milotic
|-resisted|p1a: Milotic
|-damage|p1a: Milotic|79/100
|-heal|p2a: Ogerpon|37/100|[from] drain|[of] p1a: Milotic
|
|-heal|p1a: Milotic|85/100|[from] item: Leftovers
|upkeep
|turn|33
|
|t:|1776169786
|switch|p2a: Ursaluna|Ursaluna, F, tera:Ghost|22/100 brn
|-damage|p2a: Ursaluna|9/100 brn|[from] Stealth Rock
|move|p1a: Milotic|Ice Beam|p2a: Ursaluna
|-damage|p2a: Ursaluna|0 fnt
|faint|p2a: Ursaluna
|
|-heal|p1a: Milotic|91/100|[from] item: Leftovers
|upkeep
|
|t:|1776169794
|switch|p2a: Slowking|Slowking-Galar, M|100/100
|-damage|p2a: Slowking|88/100|[from] Stealth Rock
|turn|34
|
|t:|1776169799
|move|p2a: Slowking|Sludge Bomb|p1a: Milotic
|-damage|p1a: Milotic|43/100
|move|p1a: Milotic|Hydro Pump|p2a: Slowking
|-damage|p2a: Slowking|4/100
|
|-heal|p2a: Slowking|10/100|[from] item: Black Sludge
|-heal|p1a: Milotic|49/100|[from] item: Leftovers
|-fieldend|move: Trick Room
|upkeep
|turn|35
|
|t:|1776169811
|move|p1a: Milotic|Ice Beam|p2a: Slowking
|-damage|p2a: Slowking|0 fnt
|faint|p2a: Slowking
|
|-heal|p1a: Milotic|55/100|[from] item: Leftovers
|upkeep
|
|t:|1776169816
|switch|p2a: Ogerpon|Ogerpon-Wellspring, F|37/100
|-damage|p2a: Ogerpon|25/100|[from] Stealth Rock
|turn|36
|
|t:|1776169820
|move|p2a: Ogerpon|Ivy Cudgel|p1a: Milotic|[anim] Ivy Cudgel Water
|-supereffective|p1a: Milotic
|-damage|p1a: Milotic|0 fnt
|faint|p1a: Milotic
|
|upkeep
|
|t:|1776169825
|switch|p1a: Quagsire|Quagsire, F|74/100
|turn|37
|
|t:|1776169833
|move|p2a: Ogerpon|Horn Leech|p1a: Quagsire
|-supereffective|p1a: Quagsire
|-crit|p1a: Quagsire
|-damage|p1a: Quagsire|0 fnt
|-heal|p2a: Ogerpon|74/100|[from] drain|[of] p1a: Quagsire
|faint|p1a: Quagsire
|
|win|CranberryHabits
|raw|flapjacque's rating: 1349 &rarr; <strong>1328</strong><br />(-21 for losing)
|raw|CranberryHabits's rating: 1325 &rarr; <strong>1346</strong><br />(+21 for winning)
|c|☆CranberryHabits|gg
|c|☆flapjacque|gg
|l|☆flapjacque
|player|p1|
