|j|☆AeroBBlast
|j|☆cursedtorch3
|inactive|Battle timer is ON: inactive players will automatically lose when time's up.
|t:|1776233901
|gametype|singles
|player|p1|AeroBBlast|miku-flying|
|player|p2|cursedtorch3|aaron|
|gen|9
|tier|[Gen 9] OU
|rated|Tournament battle
|rule|HP Percentage Mod: HP is shown in percentages
|rule|Endless Battle Clause: Forcing endless battles is banned
|rule|Species Clause: Limit one of each Pokémon
|rule|OHKO Clause: OHKO moves are banned
|rule|Evasion Items Clause: Evasion items are banned
|rule|Evasion Moves Clause: Evasion moves are banned
|rule|Evasion Abilities Clause: Evasion abilities are banned
|rule|Sleep Moves Clause: Sleep-inducing moves are banned
|raw|<div class="infobox"><details class="readmore"><summary><strong>362 custom rules:</strong></summary> -All Pokemon, +Skiddo, +Gogoat, +Timburr, +Gurdurr, +Conkeldurr, +Magby, +Magmar, +Magmortar, +Pineco, +Forretress, +Popplio, +Brionne, +Primarina, +Hoppip, +Skiploom, +Jumpluff, +Spinarak, +Ariados, +Fuecoco, +Crocalor, +Skeledirge, +Flabébé, +Floette-Base, +Florges, +Skwovet, +Greedent, +Sandile, +Krokorok, +Krookodile, +Axew, +Fraxure, +Haxorus, +Swinub, +Piloswine, +Mamoswine, +Toedscool, +Toedscruel, +Ekans, +Arbok, +Elekid, +Electabuzz, +Electivire, +Tadbulb, +Bellibolt, +Seedot, +Nuzleaf, +Shiftry, +Gulpin, +Swalot, +Barboach, +Whiscash, +Mudbray, +Mudsdale, +Munchlax, +Snorlax, +Pikipek, +Trumbeak, +Toucannon, +Vullaby, +Mandibuzz, +Smoliv, +Dolliv, +Arboliva, +Cufant, +Copperajah, +Grookey, +Thwackey, +Rillaboom, +Tinkatink, +Tinkatuff, +Tinkaton, +Igglybuff, +Jigglypuff, +Wigglytuff, +Sprigatito, +Floragato, +Meowscarada, +Fletchling, +Fletchinder, +Talonflame, +Pawmi, +Pawmo, +Pawmot, +Mareanie, +Toxapex, +Hatenna, +Hattrem, +Hatterene, +Horsea, +Seadra, +Kingdra, +Finneon, +Lumineon, +Joltik, +Galvantula, +Shinx, +Luxio, +Luxray, +Sunkern, +Sunflora, +Chinchou, +Lanturn, +Chewtle, +Drednaw, +Sandshrew, +Sandshrew-Alola, +Sandslash, +Sandslash-Alola, +Azurill, +Marill, +Azumarill, +Buizel, +Floatzel, +Tarountula, +Spidops, +Noibat, +Noivern, +Seel, +Dewgong, +Grimer, +Grimer-Alola, +Muk, +Muk-Alola, +Greavard, +Houndstone, +Phantump, +Trevenant, +Wiglett, +Wugtrio, +Arrokuda, +Barraskewda, +Drowzee, +Hypno, +Spoink, +Grumpig, +Vulpix, +Vulpix-Alola, +Ninetales, +Ninetales-Alola, +Milcery, +Alcremie, +Chimchar, +Monferno, +Infernape, +Misdreavus, +Mismagius, +Sentret, +Furret, +Bramblin, +Brambleghast, +Voltorb, +Voltorb-Hisui, +Electrode, +Electrode-Hisui, +Diglett, +Diglett-Alola, +Dugtrio, +Dugtrio-Alola, +Shellder, +Cloyster, +Sobble, +Drizzile, +Inteleon, +Magnemite, +Magneton, +Magnezone, +Poochyena, +Mightyena, +Cacnea, +Cacturne, +Psyduck, +Golduck, +Qwilfish, +Qwilfish-Hisui, +Overqwil, +Deerling, +Sawsbuck, +Bonsly, +Sudowoodo, +Rookidee, +Corvisquire, +Corviknight, +Sinistea, +Sinistea-Antique, +Polteageist, +Polteageist-Antique, +Murkrow, +Honchkrow, +Varoom, +Revavroom, +Growlithe, +Growlithe-Hisui, +Arcanine, +Arcanine-Hisui, +Hippopotas, +Hippowdon, +Solosis, +Duosion, +Reuniclus, +Meowth, +Meowth-Alola, +Meowth-Galar, +Perrserker, +Wattrel, +Kilowattrel, +Sandygast, +Palossand, +Wingull, +Pelipper, +Dreepy, +Drakloak, +Dragapult, +Rockruff, +Rockruff-Dusk, +Lycanroc, +Lycanroc-Midnight, +Lycanroc-Dusk, +Stantler, +Wyrdeer, +Ducklett, +Swanna, +Blitzle, +Zebstrika, +Drifloon, +Drifblim, +Slugma, +Magcargo, +Slakoth, +Vigoroth, +Slaking, +Scorbunny, +Raboot, +Cinderace, +Surskit, +Masquerain, +Sewaddle, +Swadloon, +Leavanny, +Deino, +Zweilous, +Hydreigon, +Clauncher, +Clawitzer, +Litten, +Torracat, +Incineroar, +Croagunk, +Toxicroak, +Mienfoo, +Mienshao, +Phanpy, +Donphan, +Zorua, +Zorua-Hisui, +Zoroark, +Zoroark-Hisui, +Venonat, +Venomoth, +Snubbull, +Granbull, +Wooper, +Wooper-Paldea, +Quagsire, +Shroodle, +Grafaiai, +Maschiff, +Mabosstiff, +Cetoddle, +Cetitan, +Snom, +Frosmoth, +Stunky, +Skuntank, +Fidough, +Dachsbun, +Shieldon, +Bastiodon, +Gligar, +Gliscor, +Kricketot, +Kricketune, +Sneasel, +Sneasel-Hisui, +Weavile, +Girafarig, +Farigiraf, +Duskull, +Dusclops, +Dusknoir, +Turtwig, +Grotle, +Torterra, +Makuhita, +Hariyama, +Impidimp, +Morgrem, +Grimmsnarl, +Tentacool, +Tentacruel, +Minccino, +Cinccino, +Rellor, +Rabsca, +Nacli, +Naclstack, +Garganacl, +Cranidos, +Rampardos, +Feebas, +Milotic, +Quaxly, +Quaxwell, +Quaquaval, +Nymble, +Lokix, +Bronzor, +Bronzong, +Corphish, +Crawdaunt, +Poltchageist, +Poltchageist-Artisan, +Sinistcha, +Sinistcha-Masterpiece, +Yanma, +Yanmega, +Clodsire, +Silicobra, +Sandaconda, +Aipom, +Ambipom, +Piplup, +Prinplup, +Empoleon, +Gimmighoul, +Gimmighoul-Roaming, +Gholdengo, +Foongus, +Amoonguss, +Shellos, +Gastrodon, +Geodude, +Geodude-Alola, +Graveler, +Graveler-Alola, +Golem, +Golem-Alola, +Lotad, +Lombre, +Ludicolo, +Cottonee, +Whimsicott, +Gothita, +Gothorita, +Gothitelle, +Shroomish, +Breloom, +Pawniard, +Bisharp, +Kingambit, +Hoothoot, +Noctowl</details></div>
|clearpoke
|poke|p1|Kingambit, M|
|poke|p1|Arcanine, F|
|poke|p1|Toedscruel, F|
|poke|p1|Diglett, M|
|poke|p2|Hydreigon, M|
|poke|p2|Tinkaton, F|
|poke|p2|Cinccino, M|
|poke|p2|Gurdurr, M|
|teampreview
|j|*Lady Monita 
|c|☆AeroBBlast|glhf
|
|t:|1776233916
|teamsize|p1|4
|teamsize|p2|4
|start
|switch|p1a: Toedscruel|Toedscruel, F, shiny|100/100
|switch|p2a: Tinkaton|Tinkaton, F|100/100
|-ability|p2a: Tinkaton|Mold Breaker
|turn|1
|j| 6026_Dark
|
|t:|1776233930
|move|p2a: Tinkaton|Fake Out|p1a: Toedscruel
|-damage|p1a: Toedscruel|85/100
|-damage|p2a: Tinkaton|91/100|[from] item: Life Orb
|cant|p1a: Toedscruel|flinch
|
|-heal|p1a: Toedscruel|91/100|[from] item: Leftovers
|upkeep
|turn|2
|
|t:|1776233941
|move|p2a: Tinkaton|Play Rough|p1a: Toedscruel
|-damage|p1a: Toedscruel|30/100
|-damage|p2a: Tinkaton|81/100|[from] item: Life Orb
|move|p1a: Toedscruel|Leech Seed|p2a: Tinkaton
|-start|p2a: Tinkaton|move: Leech Seed
|
|-heal|p1a: Toedscruel|36/100|[from] item: Leftovers
|-damage|p2a: Tinkaton|68/100|[from] Leech Seed|[of] p1a: Toedscruel
|-heal|p1a: Toedscruel|47/100|[silent]
|upkeep
|turn|3
|
|t:|1776233950
|move|p1a: Toedscruel|Protect|p1a: Toedscruel
|-singleturn|p1a: Toedscruel|Protect
|move|p2a: Tinkaton|Knock Off|p1a: Toedscruel
|-activate|p1a: Toedscruel|move: Protect
|
|-heal|p1a: Toedscruel|53/100|[from] item: Leftovers
|-damage|p2a: Tinkaton|56/100|[from] Leech Seed|[of] p1a: Toedscruel
|-heal|p1a: Toedscruel|63/100|[silent]
|upkeep
|turn|4
|
|t:|1776233967
|move|p1a: Toedscruel|Protect|p1a: Toedscruel
|-singleturn|p1a: Toedscruel|Protect
|move|p2a: Tinkaton|Knock Off|p1a: Toedscruel
|-activate|p1a: Toedscruel|move: Protect
|
|-heal|p1a: Toedscruel|69/100|[from] item: Leftovers
|-damage|p2a: Tinkaton|44/100|[from] Leech Seed|[of] p1a: Toedscruel
|-heal|p1a: Toedscruel|80/100|[silent]
|upkeep
|turn|5
|
|t:|1776233976
|switch|p2a: Hydreigon|Hydreigon, M, shiny|100/100
|move|p1a: Toedscruel|Giga Drain|p2a: Hydreigon
|-resisted|p2a: Hydreigon
|-damage|p2a: Hydreigon|88/100
|-heal|p1a: Toedscruel|86/100|[from] drain|[of] p2a: Hydreigon
|
|-heal|p2a: Hydreigon|94/100|[from] item: Leftovers
|-heal|p1a: Toedscruel|92/100|[from] item: Leftovers
|upkeep
|turn|6
|
|t:|1776233988
|move|p2a: Hydreigon|Nasty Plot|p2a: Hydreigon
|-boost|p2a: Hydreigon|spa|2
|move|p1a: Toedscruel|Taunt|p2a: Hydreigon
|-start|p2a: Hydreigon|move: Taunt
|
|-heal|p2a: Hydreigon|99/100|[from] item: Leftovers
|-heal|p1a: Toedscruel|98/100|[from] item: Leftovers
|upkeep
|turn|7
|
|t:|1776233995
|move|p2a: Hydreigon|Flamethrower|p1a: Toedscruel
|-supereffective|p1a: Toedscruel
|-damage|p1a: Toedscruel|28/100
|move|p1a: Toedscruel|Leech Seed|p2a: Hydreigon
|-start|p2a: Hydreigon|move: Leech Seed
|
|-heal|p2a: Hydreigon|100/100|[from] item: Leftovers
|-heal|p1a: Toedscruel|34/100|[from] item: Leftovers
|-damage|p2a: Hydreigon|88/100|[from] Leech Seed|[of] p1a: Toedscruel
|-heal|p1a: Toedscruel|45/100|[silent]
|upkeep
|turn|8
|
|t:|1776234004
|move|p1a: Toedscruel|Protect|p1a: Toedscruel
|-singleturn|p1a: Toedscruel|Protect
|move|p2a: Hydreigon|Flamethrower|p1a: Toedscruel
|-activate|p1a: Toedscruel|move: Protect
|
|-heal|p2a: Hydreigon|94/100|[from] item: Leftovers
|-heal|p1a: Toedscruel|51/100|[from] item: Leftovers
|-damage|p2a: Hydreigon|82/100|[from] Leech Seed|[of] p1a: Toedscruel
|-heal|p1a: Toedscruel|62/100|[silent]
|upkeep
|turn|9
|
|t:|1776234013
|move|p2a: Hydreigon|Flamethrower|p1a: Toedscruel
|-supereffective|p1a: Toedscruel
|-damage|p1a: Toedscruel|0 fnt
|faint|p1a: Toedscruel
|
|-heal|p2a: Hydreigon|88/100|[from] item: Leftovers
|-end|p2a: Hydreigon|move: Taunt
|upkeep
|
|t:|1776234024
|switch|p1a: Diglett|Diglett, M, shiny|100/100
|turn|10
|
|t:|1776234036
|switch|p2a: Gurdurr|Gurdurr, M|100/100
|move|p1a: Diglett|Stone Edge|p2a: Gurdurr
|-resisted|p2a: Gurdurr
|-damage|p2a: Gurdurr|88/100
|-damage|p1a: Diglett|91/100|[from] item: Life Orb
|
|upkeep
|turn|11
|
|t:|1776234048
|move|p1a: Diglett|Earthquake|p2a: Gurdurr
|-damage|p2a: Gurdurr|44/100
|-damage|p1a: Diglett|81/100|[from] item: Life Orb
|move|p2a: Gurdurr|Drain Punch|p1a: Diglett
|-damage|p1a: Diglett|0 fnt
|-heal|p2a: Gurdurr|61/100|[from] drain|[of] p1a: Diglett
|faint|p1a: Diglett
|
|upkeep
|
|t:|1776234057
|switch|p1a: Arcanine|Arcanine, F, shiny|100/100
|-ability|p1a: Arcanine|Intimidate|boost
|-unboost|p2a: Gurdurr|atk|1
|turn|12
|j| michael ly
|
|t:|1776234071
|move|p1a: Arcanine|Flare Blitz|p2a: Gurdurr
|-damage|p2a: Gurdurr|6/100
|-damage|p1a: Arcanine|79/100|[from] Recoil
|move|p2a: Gurdurr|Brick Break|p1a: Arcanine
|-damage|p1a: Arcanine|47/100
|
|upkeep
|turn|13
|
|t:|1776234078
|move|p1a: Arcanine|Morning Sun|p1a: Arcanine
|-heal|p1a: Arcanine|96/100
|move|p2a: Gurdurr|Brick Break|p1a: Arcanine
|-damage|p1a: Arcanine|66/100
|
|upkeep
|turn|14
|
|t:|1776234084
|move|p1a: Arcanine|Flare Blitz|p2a: Gurdurr
|-damage|p2a: Gurdurr|0 fnt
|faint|p2a: Gurdurr
|-damage|p1a: Arcanine|63/100|[from] Recoil
|
|upkeep
|
|t:|1776234089
|switch|p2a: Cinccino|Cinccino, M|100/100
|turn|15
|
|t:|1776234098
|move|p1a: Arcanine|Extreme Speed|p2a: Cinccino
|-crit|p2a: Cinccino
|-damage|p2a: Cinccino|38/100
|move|p2a: Cinccino|Rock Blast|p1a: Arcanine|[miss]
|-miss|p2a: Cinccino|p1a: Arcanine
|
|upkeep
|turn|16
|
|t:|1776234107
|move|p1a: Arcanine|Extreme Speed|p2a: Cinccino
|-damage|p2a: Cinccino|0 fnt
|faint|p2a: Cinccino
|
|upkeep
|
|t:|1776234110
|switch|p2a: Hydreigon|Hydreigon, M, shiny|88/100
|turn|17
|
|t:|1776234121
|-terastallize|p2a: Hydreigon|Dragon
|move|p1a: Arcanine|Extreme Speed|p2a: Hydreigon
|-damage|p2a: Hydreigon|58/100
|move|p2a: Hydreigon|Nasty Plot|p2a: Hydreigon
|-boost|p2a: Hydreigon|spa|2
|
|-heal|p2a: Hydreigon|64/100|[from] item: Leftovers
|upkeep
|turn|18
|
|t:|1776234132
|move|p1a: Arcanine|Extreme Speed|p2a: Hydreigon
|-damage|p2a: Hydreigon|34/100
|move|p2a: Hydreigon|Draco Meteor|p1a: Arcanine
|-damage|p1a: Arcanine|0 fnt
|-unboost|p2a: Hydreigon|spa|2
|faint|p1a: Arcanine
|
|-heal|p2a: Hydreigon|40/100|[from] item: Leftovers
|upkeep
|
|t:|1776234141
|switch|p1a: Kingambit|Kingambit, M, shiny|100/100
|-activate|p1a: Kingambit|ability: Supreme Overlord
|-start|p1a: Kingambit|fallen3|[silent]
|turn|19
|
|t:|1776234153
|move|p2a: Hydreigon|Flamethrower|p1a: Kingambit
|-supereffective|p1a: Kingambit
|-damage|p1a: Kingambit|60/100
|move|p1a: Kingambit|Brick Break|p2a: Hydreigon
|-damage|p2a: Hydreigon|0 fnt
|faint|p2a: Hydreigon
|
|upkeep
|
|t:|1776234155
|switch|p2a: Tinkaton|Tinkaton, F|44/100
|-ability|p2a: Tinkaton|Mold Breaker
|turn|20
|
|t:|1776234166
|move|p2a: Tinkaton|Fake Out|p1a: Kingambit
|-resisted|p1a: Kingambit
|-damage|p1a: Kingambit|55/100
|-damage|p2a: Tinkaton|34/100|[from] item: Life Orb
|cant|p1a: Kingambit|flinch
|
|upkeep
|turn|21
|
|t:|1776234175
|move|p2a: Tinkaton|Play Rough|p1a: Kingambit|[miss]
|-miss|p2a: Tinkaton|p1a: Kingambit
|move|p1a: Kingambit|Iron Head|p2a: Tinkaton
|-damage|p2a: Tinkaton|0 fnt
|faint|p2a: Tinkaton
|
|win|AeroBBlast
|n|☆AeroBBlast|aerobblast
|n|☆cursedtorch3|cursedtorch3
|n|*Lady Monita |ladymonita
|n| 6026_Dark|6026dark
|n| michael ly|michaelly
