|html|<div class="broadcast-blue"><strong>[Gen 9] OU is currently suspecting Volcarona! For information on how to participate check out the <a href="https://www.smogon.com/tools/suspects/view/208">suspect thread</a>.</strong></div>
|j|☆lljonasll
|j|☆blahUnblahUnblahUn
|t:|1778505807
|gametype|singles
|player|p1|lljonasll|silver|1177
|player|p2|blahUnblahUnblahUn|169|1186
|gen|9
|tier|[Gen 9] OU
|rated|
|rule|HP Percentage Mod: HP is shown in percentages
|rule|Endless Battle Clause: Forcing endless battles is banned
|rule|Species Clause: Limit one of each Pokémon
|rule|OHKO Clause: OHKO moves are banned
|rule|Evasion Items Clause: Evasion items are banned
|rule|Evasion Moves Clause: Evasion moves are banned
|rule|Evasion Abilities Clause: Evasion abilities are banned
|rule|Sleep Moves Clause: Sleep-inducing moves are banned
|clearpoke
|poke|p1|Umbreon, M|
|poke|p1|Weavile, M|
|poke|p1|Corviknight, M|
|poke|p1|Grimmsnarl, M|
|poke|p1|Chandelure, M|
|poke|p1|Great Tusk|
|poke|p2|Regigigas|
|poke|p2|Regieleki|
|poke|p2|Regidrago|
|poke|p2|Regice|
|poke|p2|Registeel|
|poke|p2|Regirock|
|teampreview
|
|t:|1778505814
|teamsize|p1|6
|teamsize|p2|6
|start
|switch|p1a: Grimmsnarl|Grimmsnarl, M|100/100
|switch|p2a: Regirock|Regirock|100/100
|turn|1
|
|t:|1778505821
|move|p1a: Grimmsnarl|Reflect|p1a: Grimmsnarl
|-sidestart|p1: lljonasll|Reflect
|move|p2a: Regirock|Stone Edge|p1a: Grimmsnarl
|-damage|p1a: Grimmsnarl|75/100
|
|upkeep
|turn|2
|
|t:|1778505826
|move|p1a: Grimmsnarl|Light Screen|p1a: Grimmsnarl
|-sidestart|p1: lljonasll|move: Light Screen
|move|p2a: Regirock|Stealth Rock|p1a: Grimmsnarl
|-sidestart|p1: lljonasll|move: Stealth Rock
|
|upkeep
|turn|3
|
|t:|1778505837
|switch|p2a: Registeel|Registeel|100/100
|move|p1a: Grimmsnarl|Parting Shot|p2a: Registeel
|-fail|p2a: Registeel|unboost|[from] ability: Clear Body|[of] p2a: Registeel
|
|upkeep
|turn|4
|
|t:|1778505846
|switch|p1a: Great Tusk|Great Tusk|100/100
|-damage|p1a: Great Tusk|98/100|[from] Stealth Rock
|-enditem|p1a: Great Tusk|Booster Energy
|-activate|p1a: Great Tusk|ability: Protosynthesis|[fromitem]
|-start|p1a: Great Tusk|protosynthesisatk
|move|p2a: Registeel|Iron Defense|p2a: Registeel
|-boost|p2a: Registeel|def|2
|
|upkeep
|turn|5
|
|t:|1778505866
|move|p1a: Great Tusk|Rapid Spin|p2a: Registeel
|-resisted|p2a: Registeel
|-damage|p2a: Registeel|97/100
|-boost|p1a: Great Tusk|spe|1
|-sideend|p1: lljonasll|Stealth Rock|[from] move: Rapid Spin|[of] p1a: Great Tusk
|move|p2a: Registeel|Iron Defense|p2a: Registeel
|-boost|p2a: Registeel|def|2
|
|-heal|p2a: Registeel|100/100|[from] item: Leftovers
|upkeep
|turn|6
|
|t:|1778505875
|-end|p1a: Great Tusk|Protosynthesis|[silent]
|switch|p1a: Chandelure|Chandelure, M|100/100
|move|p2a: Registeel|Iron Defense|p2a: Registeel
|-boost|p2a: Registeel|def|2
|
|upkeep
|turn|7
|
|t:|1778505882
|switch|p2a: Regirock|Regirock|100/100
|move|p1a: Chandelure|Flamethrower|p2a: Regirock
|-resisted|p2a: Regirock
|-damage|p2a: Regirock|66/100
|
|upkeep
|turn|8
|
|t:|1778505889
|switch|p1a: Great Tusk|Great Tusk|98/100
|move|p2a: Regirock|Stealth Rock|p1a: Great Tusk
|-sidestart|p1: lljonasll|move: Stealth Rock
|
|-sideend|p1: lljonasll|Reflect
|upkeep
|turn|9
|
|t:|1778505899
|move|p1a: Great Tusk|Earthquake|p2a: Regirock
|-supereffective|p2a: Regirock
|-damage|p2a: Regirock|9/100
|move|p2a: Regirock|Body Press|p1a: Great Tusk
|-damage|p1a: Great Tusk|74/100
|
|-sideend|p1: lljonasll|move: Light Screen
|upkeep
|turn|10
|
|t:|1778505907
|move|p1a: Great Tusk|Iron Head|p2a: Regirock
|-supereffective|p2a: Regirock
|-damage|p2a: Regirock|0 fnt
|-damage|p1a: Great Tusk|57/100|[from] item: Rocky Helmet|[of] p2a: Regirock
|faint|p2a: Regirock
|
|upkeep
|
|t:|1778505924
|switch|p2a: Regigigas|Regigigas|100/100
|-start|p2a: Regigigas|ability: Slow Start
|turn|11
|
|t:|1778505934
|-terastallize|p2a: Regigigas|Ghost
|move|p1a: Great Tusk|Close Combat|p2a: Regigigas
|-immune|p2a: Regigigas
|move|p2a: Regigigas|Double-Edge|p1a: Great Tusk
|-damage|p1a: Great Tusk|36/100
|-damage|p2a: Regigigas|94/100|[from] Recoil
|
|upkeep
|turn|12
|
|t:|1778505945
|-end|p1a: Great Tusk|Protosynthesis|[silent]
|switch|p1a: Umbreon|Umbreon, M|100/100
|-damage|p1a: Umbreon|88/100|[from] Stealth Rock
|move|p2a: Regigigas|Double-Edge|p1a: Umbreon
|-damage|p1a: Umbreon|68/100
|-damage|p2a: Regigigas|88/100|[from] Recoil
|
|-heal|p1a: Umbreon|74/100|[from] item: Leftovers
|upkeep
|turn|13
|
|t:|1778505956
|move|p1a: Umbreon|Wish|p1a: Umbreon
|move|p2a: Regigigas|Knock Off|p1a: Umbreon
|-resisted|p1a: Umbreon
|-damage|p1a: Umbreon|68/100
|-enditem|p1a: Umbreon|Leftovers|[from] move: Knock Off|[of] p2a: Regigigas
|
|upkeep
|turn|14
|
|t:|1778505966
|move|p1a: Umbreon|Foul Play|p2a: Regigigas
|-supereffective|p2a: Regigigas
|-damage|p2a: Regigigas|29/100
|-enditem|p2a: Regigigas|Red Card|[of] p1a: Umbreon
|drag|p1a: Grimmsnarl|Grimmsnarl, M|75/100
|-damage|p1a: Grimmsnarl|62/100|[from] Stealth Rock
|move|p2a: Regigigas|Body Press|p1a: Grimmsnarl
|-damage|p1a: Grimmsnarl|48/100
|
|-heal|p1a: Grimmsnarl|98/100|[from] move: Wish|[wisher] Umbreon
|upkeep
|turn|15
|
|t:|1778505977
|move|p1a: Grimmsnarl|Spirit Break|p2a: Regigigas
|-crit|p2a: Regigigas
|-damage|p2a: Regigigas|5/100
|-unboost|p2a: Regigigas|spa|1
|move|p2a: Regigigas|Knock Off|p1a: Grimmsnarl
|-resisted|p1a: Grimmsnarl
|-damage|p1a: Grimmsnarl|94/100
|-enditem|p1a: Grimmsnarl|Light Clay|[from] move: Knock Off|[of] p2a: Regigigas
|
|-end|p2a: Regigigas|Slow Start
|upkeep
|turn|16
|
|t:|1778505987
|move|p2a: Regigigas|Double-Edge|p1a: Grimmsnarl
|-damage|p1a: Grimmsnarl|36/100
|-damage|p2a: Regigigas|0 fnt|[from] Recoil
|faint|p2a: Regigigas
|-end|p2a: Regigigas|Slow Start|[silent]
|move|p1a: Grimmsnarl|Spirit Break|p2: Regigigas|[notarget]
|-fail|p1a: Grimmsnarl
|
|upkeep
|
|t:|1778505994
|switch|p2a: Regieleki|Regieleki|100/100
|turn|17
|
|t:|1778506006
|move|p1a: Grimmsnarl|Parting Shot|p2a: Regieleki
|-unboost|p2a: Regieleki|atk|1
|-unboost|p2a: Regieleki|spa|1
|
|t:|1778506010
|switch|p1a: Great Tusk|Great Tusk|36/100|[from] Parting Shot
|-damage|p1a: Great Tusk|33/100|[from] Stealth Rock
|move|p2a: Regieleki|Thunderbolt|p1a: Great Tusk
|-immune|p1a: Great Tusk
|
|upkeep
|turn|18
|
|t:|1778506019
|switch|p2a: Regice|Regice|100/100
|move|p1a: Great Tusk|Earthquake|p2a: Regice
|-damage|p2a: Regice|55/100
|
|upkeep
|turn|19
|
|t:|1778506027
|move|p1a: Great Tusk|Close Combat|p2a: Regice
|-supereffective|p2a: Regice
|-damage|p2a: Regice|0 fnt
|-unboost|p1a: Great Tusk|def|1
|-unboost|p1a: Great Tusk|spd|1
|faint|p2a: Regice
|
|upkeep
|
|t:|1778506044
|switch|p2a: Registeel|Registeel|100/100
|turn|20
|
|t:|1778506050
|move|p1a: Great Tusk|Close Combat|p2a: Registeel
|-supereffective|p2a: Registeel
|-damage|p2a: Registeel|38/100
|-unboost|p1a: Great Tusk|def|1
|-unboost|p1a: Great Tusk|spd|1
|move|p2a: Registeel|Shadow Claw|p1a: Great Tusk
|-damage|p1a: Great Tusk|16/100
|
|-heal|p2a: Registeel|44/100|[from] item: Leftovers
|upkeep
|turn|21
|
|t:|1778506059
|move|p1a: Great Tusk|Close Combat|p2a: Registeel
|-supereffective|p2a: Registeel
|-damage|p2a: Registeel|0 fnt
|-unboost|p1a: Great Tusk|def|1
|-unboost|p1a: Great Tusk|spd|1
|faint|p2a: Registeel
|
|upkeep
|
|t:|1778506068
|switch|p2a: Regidrago|Regidrago|100/100
|turn|22
|
|t:|1778506076
|move|p1a: Great Tusk|Close Combat|p2a: Regidrago
|-damage|p2a: Regidrago|31/100
|-unboost|p1a: Great Tusk|def|1
|-unboost|p1a: Great Tusk|spd|1
|move|p2a: Regidrago|Dragon Pulse|p1a: Great Tusk
|-damage|p1a: Great Tusk|0 fnt
|faint|p1a: Great Tusk
|-end|p1a: Great Tusk|Protosynthesis|[silent]
|
|upkeep
|
|t:|1778506085
|switch|p1a: Weavile|Weavile, M|100/100
|-ability|p1a: Weavile|Pressure
|turn|23
|
|t:|1778506090
|move|p1a: Weavile|Triple Axel|p2a: Regidrago
|-supereffective|p2a: Regidrago
|-damage|p2a: Regidrago|11/100
|-supereffective|p2a: Regidrago
|-damage|p2a: Regidrago|0 fnt
|faint|p2a: Regidrago
|-hitcount|p2: Regidrago|2
|
|upkeep
|-message|blahUnblahUnblahUn forfeited.
|
|win|lljonasll
|raw|lljonasll's rating: 1177 &rarr; <strong>1203</strong><br />(+26 for winning)
|raw|blahUnblahUnblahUn's rating: 1186 &rarr; <strong>1160</strong><br />(-26 for losing)
|l|☆blahUnblahUnblahUn
|player|p2|
|l|☆lljonasll
|player|p1|
