|html|<div class="broadcast-blue"><strong>[Gen 9] OU is currently suspecting Tera Blast! For information on how to participate check out the <a href="https://www.smogon.com/tools/suspects/view/200">suspect thread</a>.</strong></div>
|j|☆cheatoh
|j|☆tokiwakano
|t:|1776141519
|gametype|singles
|player|p1|cheatoh|1|1552
|player|p2|tokiwakano|acetrainerf|1607
|gen|9
|tier|[Gen 9] OU
|rated|
|rule|HP Percentage Mod: HP is shown in percentages
|rule|Endless Battle Clause: Forcing endless battles is banned
|rule|Species Clause: Limit one of each Pokémon
|rule|OHKO Clause: OHKO moves are banned
|rule|Evasion Items Clause: Evasion items are banned
|rule|Evasion Moves Clause: Evasion moves are banned
|rule|Evasion Abilities Clause: Evasion abilities are banned
|rule|Sleep Moves Clause: Sleep-inducing moves are banned
|clearpoke
|poke|p1|Tyranitar, M|
|poke|p1|Excadrill, M|
|poke|p1|Iron Valiant|
|poke|p1|Zapdos|
|poke|p1|Ogerpon, F|
|poke|p1|Toxapex, M|
|poke|p2|Great Tusk|
|poke|p2|Slowking-Galar, M|
|poke|p2|Corviknight, F|
|poke|p2|Clefable, F|
|poke|p2|Samurott-Hisui, M|
|poke|p2|Dragapult, F|
|teampreview
|j| ohko_smeargle
|inactive|Battle timer is ON: inactive players will automatically lose when time's up. (requested by tokiwakano)
|
|t:|1776141536
|teamsize|p1|6
|teamsize|p2|6
|start
|switch|p1a: Ogerpon|Ogerpon, F|100/100
|switch|p2a: Clefable|Clefable, F|100/100
|turn|1
|
|t:|1776141542
|move|p1a: Ogerpon|Ivy Cudgel|p2a: Clefable
|-damage|p2a: Clefable|41/100
|move|p2a: Clefable|Knock Off|p1a: Ogerpon
|-damage|p1a: Ogerpon|81/100
|-enditem|p1a: Ogerpon|Choice Band|[from] move: Knock Off|[of] p2a: Clefable
|
|-heal|p2a: Clefable|47/100|[from] item: Leftovers
|upkeep
|turn|2
|
|t:|1776141549
|move|p1a: Ogerpon|U-turn|p2a: Clefable
|-resisted|p2a: Clefable
|-damage|p2a: Clefable|38/100
|
|t:|1776141553
|switch|p1a: Toxapex|Toxapex, M, shiny|100/100|[from] U-turn
|move|p2a: Clefable|Moonlight|p2a: Clefable
|-heal|p2a: Clefable|88/100
|
|-heal|p2a: Clefable|94/100|[from] item: Leftovers
|upkeep
|turn|3
|
|t:|1776141556
|move|p2a: Clefable|Knock Off|p1a: Toxapex
|-damage|p1a: Toxapex|89/100
|-enditem|p1a: Toxapex|Eject Button|[from] move: Knock Off|[of] p2a: Clefable
|move|p1a: Toxapex|Toxic Spikes|p2a: Clefable
|-sidestart|p2: tokiwakano|move: Toxic Spikes
|
|-heal|p2a: Clefable|99/100|[from] item: Leftovers
|upkeep
|turn|4
|
|t:|1776141561
|switch|p1a: Tyranitar|Tyranitar, M, shiny|100/100
|-weather|Sandstorm|[from] ability: Sand Stream|[of] p1a: Tyranitar
|move|p2a: Clefable|Stealth Rock|p1a: Tyranitar
|-sidestart|p1: cheatoh|move: Stealth Rock
|
|-weather|Sandstorm|[upkeep]
|-heal|p2a: Clefable|100/100|[from] item: Leftovers
|upkeep
|turn|5
|
|t:|1776141564
|switch|p2a: Corviknight|Corviknight, F|100/100
|-ability|p2a: Corviknight|Pressure
|move|p1a: Tyranitar|Stealth Rock|p2a: Corviknight
|-sidestart|p2: tokiwakano|move: Stealth Rock
|
|-weather|Sandstorm|[upkeep]
|upkeep
|turn|6
|
|t:|1776141567
|switch|p1a: Zapdos|Zapdos, shiny|100/100
|move|p2a: Corviknight|U-turn|p1a: Zapdos
|-resisted|p1a: Zapdos
|-damage|p1a: Zapdos|92/100
|-status|p2a: Corviknight|par|[from] ability: Static|[of] p1a: Zapdos
|
|t:|1776141570
|switch|p2a: Slowking|Slowking-Galar, M|100/100|[from] U-turn
|-sideend|p2: tokiwakano|move: Toxic Spikes|[of] p2a: Slowking
|-damage|p2a: Slowking|88/100|[from] Stealth Rock
|
|-weather|Sandstorm|[upkeep]
|-damage|p1a: Zapdos|86/100|[from] Sandstorm
|-damage|p2a: Slowking|82/100|[from] Sandstorm
|upkeep
|turn|7
|
|t:|1776141577
|move|p1a: Zapdos|Volt Switch|p2a: Slowking
|-damage|p2a: Slowking|66/100
|
|t:|1776141579
|switch|p1a: Tyranitar|Tyranitar, M, shiny|100/100|[from] Volt Switch
|-damage|p1a: Tyranitar|88/100|[from] Stealth Rock
|move|p2a: Slowking|Ice Beam|p1a: Tyranitar
|-damage|p1a: Tyranitar|70/100
|
|-weather|Sandstorm|[upkeep]
|-damage|p2a: Slowking|60/100|[from] Sandstorm
|upkeep
|turn|8
|
|t:|1776141584
|switch|p2a: Great Tusk|Great Tusk|100/100
|-damage|p2a: Great Tusk|98/100|[from] Stealth Rock
|move|p1a: Tyranitar|Knock Off|p2a: Great Tusk
|-resisted|p2a: Great Tusk
|-damage|p2a: Great Tusk|78/100
|-enditem|p2a: Great Tusk|Leftovers|[from] move: Knock Off|[of] p1a: Tyranitar
|
|-weather|Sandstorm|[upkeep]
|upkeep
|turn|9
|
|t:|1776141589
|switch|p1a: Zapdos|Zapdos, shiny|86/100
|move|p2a: Great Tusk|Close Combat|p1a: Zapdos
|-resisted|p1a: Zapdos
|-damage|p1a: Zapdos|48/100
|-unboost|p2a: Great Tusk|def|1
|-unboost|p2a: Great Tusk|spd|1
|-status|p2a: Great Tusk|par|[from] ability: Static|[of] p1a: Zapdos
|
|-weather|Sandstorm|[upkeep]
|-damage|p1a: Zapdos|42/100|[from] Sandstorm
|upkeep
|turn|10
|
|t:|1776141593
|move|p1a: Zapdos|Hurricane|p2a: Great Tusk|[miss]
|-miss|p1a: Zapdos|p2a: Great Tusk
|move|p2a: Great Tusk|Headlong Rush|p1a: Zapdos
|-immune|p1a: Zapdos
|
|-weather|Sandstorm|[upkeep]
|-damage|p1a: Zapdos|36/100|[from] Sandstorm
|upkeep
|turn|11
|
|t:|1776141598
|move|p1a: Zapdos|Hurricane|p2a: Great Tusk
|-supereffective|p2a: Great Tusk
|-damage|p2a: Great Tusk|0 fnt
|faint|p2a: Great Tusk
|-end|p2a: Great Tusk|Protosynthesis|[silent]
|
|-weather|none
|upkeep
|
|t:|1776141603
|switch|p2a: Dragapult|Dragapult, F|100/100
|-damage|p2a: Dragapult|88/100|[from] Stealth Rock
|turn|12
|
|t:|1776141619
|switch|p1a: Toxapex|Toxapex, M, shiny|100/100
|-damage|p1a: Toxapex|88/100|[from] Stealth Rock
|move|p2a: Dragapult|Draco Meteor|p1a: Toxapex
|-damage|p1a: Toxapex|31/100
|-unboost|p2a: Dragapult|spa|2
|
|upkeep
|turn|13
|
|t:|1776141622
|switch|p2a: Samurott|Samurott-Hisui, M|100/100
|switch|p1a: Iron Valiant|Iron Valiant, shiny|100/100
|-damage|p1a: Iron Valiant|94/100|[from] Stealth Rock
|
|upkeep
|turn|14
|
|t:|1776141626
|switch|p2a: Slowking|Slowking-Galar, M|93/100
|-damage|p2a: Slowking|80/100|[from] Stealth Rock
|move|p1a: Iron Valiant|Moonblast|p2a: Slowking
|-resisted|p2a: Slowking
|-damage|p2a: Slowking|64/100
|
|upkeep
|turn|15
|
|t:|1776141630
|-end|p1a: Iron Valiant|Quark Drive|[silent]
|switch|p1a: Tyranitar|Tyranitar, M, shiny|70/100
|-damage|p1a: Tyranitar|57/100|[from] Stealth Rock
|-weather|Sandstorm|[from] ability: Sand Stream|[of] p1a: Tyranitar
|move|p2a: Slowking|Sludge Bomb|p1a: Tyranitar
|-resisted|p1a: Tyranitar
|-damage|p1a: Tyranitar|44/100
|-status|p1a: Tyranitar|psn
|
|-weather|Sandstorm|[upkeep]
|-damage|p2a: Slowking|58/100|[from] Sandstorm
|-damage|p1a: Tyranitar|32/100 psn|[from] psn
|upkeep
|turn|16
|
|t:|1776141640
|switch|p1a: Excadrill|Excadrill, M, shiny|100/100
|-damage|p1a: Excadrill|97/100|[from] Stealth Rock
|switch|p2a: Clefable|Clefable, F|100/100
|
|-weather|Sandstorm|[upkeep]
|-heal|p1a: Excadrill|100/100|[from] item: Leftovers
|upkeep
|turn|17
|
|t:|1776141644
|switch|p2a: Corviknight|Corviknight, F|100/100 par
|-damage|p2a: Corviknight|88/100 par|[from] Stealth Rock
|-ability|p2a: Corviknight|Pressure
|move|p1a: Excadrill|Earthquake|p2a: Corviknight
|-immune|p2a: Corviknight
|
|-weather|Sandstorm|[upkeep]
|upkeep
|turn|18
|
|t:|1776141647
|move|p1a: Excadrill|Substitute|p1a: Excadrill
|-start|p1a: Excadrill|Substitute
|-damage|p1a: Excadrill|76/100
|move|p2a: Corviknight|Brave Bird|p1a: Excadrill
|-resisted|p1a: Excadrill
|-end|p1a: Excadrill|Substitute
|-damage|p2a: Corviknight|81/100 par|[from] Recoil|[of] p1a: Excadrill
|
|-weather|Sandstorm|[upkeep]
|-heal|p1a: Excadrill|82/100|[from] item: Leftovers
|upkeep
|turn|19
|
|t:|1776141655
|move|p1a: Excadrill|Substitute|p1a: Excadrill
|-start|p1a: Excadrill|Substitute
|-damage|p1a: Excadrill|57/100
|move|p2a: Corviknight|Iron Defense|p2a: Corviknight
|-boost|p2a: Corviknight|def|2
|
|-weather|Sandstorm|[upkeep]
|-heal|p1a: Excadrill|63/100|[from] item: Leftovers
|upkeep
|turn|20
|
|t:|1776141659
|move|p1a: Excadrill|Rock Slide|p2a: Corviknight
|-damage|p2a: Corviknight|71/100 par
|cant|p2a: Corviknight|flinch
|
|-weather|Sandstorm|[upkeep]
|-heal|p1a: Excadrill|69/100|[from] item: Leftovers
|upkeep
|turn|21
|
|t:|1776141667
|switch|p1a: Zapdos|Zapdos, shiny|36/100
|move|p2a: Corviknight|Iron Defense|p2a: Corviknight
|-boost|p2a: Corviknight|def|2
|
|-weather|Sandstorm|[upkeep]
|-damage|p1a: Zapdos|30/100|[from] Sandstorm
|upkeep
|turn|22
|
|t:|1776141669
|switch|p2a: Slowking|Slowking-Galar, M|92/100
|-damage|p2a: Slowking|79/100|[from] Stealth Rock
|move|p1a: Zapdos|Volt Switch|p2a: Slowking
|-damage|p2a: Slowking|61/100
|
|t:|1776141672
|switch|p1a: Excadrill|Excadrill, M, shiny|69/100|[from] Volt Switch
|-damage|p1a: Excadrill|66/100|[from] Stealth Rock
|
|-weather|none
|-heal|p1a: Excadrill|72/100|[from] item: Leftovers
|upkeep
|turn|23
|
|t:|1776141680
|switch|p2a: Corviknight|Corviknight, F|71/100 par
|-damage|p2a: Corviknight|59/100 par|[from] Stealth Rock
|-ability|p2a: Corviknight|Pressure
|move|p1a: Excadrill|Rock Slide|p2a: Corviknight
|-damage|p2a: Corviknight|41/100 par
|
|-heal|p1a: Excadrill|78/100|[from] item: Leftovers
|upkeep
|turn|24
|
|t:|1776141682
|switch|p1a: Zapdos|Zapdos, shiny|30/100
|cant|p2a: Corviknight|par
|
|upkeep
|turn|25
|
|t:|1776141686
|switch|p2a: Slowking|Slowking-Galar, M|94/100
|-damage|p2a: Slowking|81/100|[from] Stealth Rock
|move|p1a: Zapdos|Volt Switch|p2a: Slowking
|-crit|p2a: Slowking
|-damage|p2a: Slowking|53/100
|
|t:|1776141690
|switch|p1a: Excadrill|Excadrill, M, shiny|78/100|[from] Volt Switch
|-damage|p1a: Excadrill|75/100|[from] Stealth Rock
|
|-heal|p1a: Excadrill|81/100|[from] item: Leftovers
|upkeep
|turn|26
|
|t:|1776141692
|move|p1a: Excadrill|Rapid Spin|p2a: Slowking
|-damage|p2a: Slowking|33/100
|-boost|p1a: Excadrill|spe|1
|-sideend|p1: cheatoh|Stealth Rock|[from] move: Rapid Spin|[of] p1a: Excadrill
|move|p2a: Slowking|Flamethrower|p1a: Excadrill
|-supereffective|p1a: Excadrill
|-damage|p1a: Excadrill|12/100
|
|-heal|p1a: Excadrill|19/100|[from] item: Leftovers
|upkeep
|turn|27
|
|t:|1776141697
|switch|p1a: Zapdos|Zapdos, shiny|30/100
|switch|p2a: Corviknight|Corviknight, F|41/100 par
|-damage|p2a: Corviknight|29/100 par|[from] Stealth Rock
|-ability|p2a: Corviknight|Pressure
|
|upkeep
|turn|28
|
|t:|1776141700
|switch|p2a: Slowking|Slowking-Galar, M|66/100
|-damage|p2a: Slowking|54/100|[from] Stealth Rock
|move|p1a: Zapdos|Volt Switch|p2a: Slowking
|-damage|p2a: Slowking|37/100
|
|t:|1776141704
|switch|p1a: Tyranitar|Tyranitar, M, shiny|32/100 psn|[from] Volt Switch
|-weather|Sandstorm|[from] ability: Sand Stream|[of] p1a: Tyranitar
|
|-weather|Sandstorm|[upkeep]
|-damage|p2a: Slowking|31/100|[from] Sandstorm
|-damage|p1a: Tyranitar|20/100 psn|[from] psn
|upkeep
|turn|29
|
|t:|1776141708
|switch|p2a: Corviknight|Corviknight, F|29/100 par
|-damage|p2a: Corviknight|16/100 par|[from] Stealth Rock
|-ability|p2a: Corviknight|Pressure
|move|p1a: Tyranitar|Knock Off|p2a: Corviknight
|-damage|p2a: Corviknight|0 fnt
|-damage|p1a: Tyranitar|3/100 psn|[from] item: Rocky Helmet|[of] p2a: Corviknight
|-enditem|p2a: Corviknight|Rocky Helmet|[from] move: Knock Off|[of] p1a: Tyranitar
|faint|p2a: Corviknight
|
|-weather|Sandstorm|[upkeep]
|-damage|p1a: Tyranitar|0 fnt|[from] psn
|faint|p1a: Tyranitar
|upkeep
|
|t:|1776141715
|switch|p1a: Excadrill|Excadrill, M, shiny|19/100
|switch|p2a: Samurott|Samurott-Hisui, M|100/100
|turn|30
|
|t:|1776141720
|switch|p1a: Ogerpon|Ogerpon, F|81/100
|move|p2a: Samurott|Aqua Jet|p1a: Ogerpon
|-resisted|p1a: Ogerpon
|-damage|p1a: Ogerpon|69/100
|
|-weather|Sandstorm|[upkeep]
|-damage|p1a: Ogerpon|63/100|[from] Sandstorm
|-damage|p2a: Samurott|94/100|[from] Sandstorm
|upkeep
|turn|31
|
|t:|1776141724
|-terastallize|p2a: Samurott|Fire
|move|p1a: Ogerpon|Ivy Cudgel|p2a: Samurott
|-resisted|p2a: Samurott
|-damage|p2a: Samurott|68/100
|move|p2a: Samurott|Ceaseless Edge|p1a: Ogerpon
|-damage|p1a: Ogerpon|10/100
|-sidestart|p1: cheatoh|Spikes
|
|-weather|Sandstorm|[upkeep]
|-damage|p1a: Ogerpon|4/100|[from] Sandstorm
|-damage|p2a: Samurott|61/100|[from] Sandstorm
|upkeep
|turn|32
|
|t:|1776141732
|move|p2a: Samurott|Aqua Jet|p1a: Ogerpon
|-resisted|p1a: Ogerpon
|-damage|p1a: Ogerpon|0 fnt
|faint|p1a: Ogerpon
|
|-weather|Sandstorm|[upkeep]
|-damage|p2a: Samurott|55/100|[from] Sandstorm
|upkeep
|
|t:|1776141744
|switch|p1a: Iron Valiant|Iron Valiant, shiny|94/100
|-damage|p1a: Iron Valiant|82/100|[from] Spikes
|turn|33
|
|t:|1776141748
|switch|p2a: Clefable|Clefable, F|100/100
|-terastallize|p1a: Iron Valiant|Ghost
|move|p1a: Iron Valiant|Shadow Ball|p2a: Clefable
|-damage|p2a: Clefable|45/100
|-unboost|p2a: Clefable|spd|1
|
|-weather|Sandstorm|[upkeep]
|-damage|p1a: Iron Valiant|76/100|[from] Sandstorm
|-heal|p2a: Clefable|51/100|[from] item: Leftovers
|upkeep
|turn|34
|
|t:|1776141756
|move|p1a: Iron Valiant|Shadow Ball|p2a: Clefable
|-damage|p2a: Clefable|0 fnt
|faint|p2a: Clefable
|
|-weather|Sandstorm|[upkeep]
|-damage|p1a: Iron Valiant|69/100|[from] Sandstorm
|upkeep
|
|t:|1776141760
|switch|p2a: Dragapult|Dragapult, F|88/100
|-damage|p2a: Dragapult|76/100|[from] Stealth Rock
|turn|35
|
|t:|1776141764
|-end|p1a: Iron Valiant|Quark Drive|[silent]
|switch|p1a: Zapdos|Zapdos, shiny|30/100
|move|p2a: Dragapult|Shadow Ball|p1a: Zapdos
|-damage|p1a: Zapdos|0 fnt
|faint|p1a: Zapdos
|
|-weather|none
|upkeep
|
|t:|1776141769
|switch|p1a: Toxapex|Toxapex, M, shiny|64/100
|-damage|p1a: Toxapex|52/100|[from] Spikes
|turn|36
|
|t:|1776141771
|move|p2a: Dragapult|Shadow Ball|p1a: Toxapex
|-damage|p1a: Toxapex|16/100
|-unboost|p1a: Toxapex|spd|1
|move|p1a: Toxapex|Recover|p1a: Toxapex
|-heal|p1a: Toxapex|66/100
|
|upkeep
|turn|37
|
|t:|1776141775
|move|p2a: Dragapult|Shadow Ball|p1a: Toxapex
|-damage|p1a: Toxapex|14/100
|move|p1a: Toxapex|Recover|p1a: Toxapex
|-heal|p1a: Toxapex|65/100
|
|upkeep
|turn|38
|
|t:|1776141778
|move|p2a: Dragapult|Shadow Ball|p1a: Toxapex
|-crit|p1a: Toxapex
|-damage|p1a: Toxapex|0 fnt
|faint|p1a: Toxapex
|
|upkeep
|-message|cheatoh forfeited.
|
|win|tokiwakano
|raw|cheatoh's rating: 1552 &rarr; <strong>1535</strong><br />(-17 for losing)
|raw|tokiwakano's rating: 1607 &rarr; <strong>1624</strong><br />(+17 for winning)
