|html|<div class="broadcast-blue"><strong>[Gen 9] OU is currently suspecting Tera Blast! For information on how to participate check out the <a href="https://www.smogon.com/tools/suspects/view/200">suspect thread</a>.</strong></div>
|j|☆sarcrisp
|j|☆Jubuz
|t:|1776092574
|gametype|singles
|player|p1|sarcrisp|1|1107
|player|p2|Jubuz|101|1116
|gen|9
|tier|[Gen 9] OU
|rated|
|rule|HP Percentage Mod: HP is shown in percentages
|rule|Endless Battle Clause: Forcing endless battles is banned
|rule|Species Clause: Limit one of each Pokémon
|rule|OHKO Clause: OHKO moves are banned
|rule|Evasion Items Clause: Evasion items are banned
|rule|Evasion Moves Clause: Evasion moves are banned
|rule|Evasion Abilities Clause: Evasion abilities are banned
|rule|Sleep Moves Clause: Sleep-inducing moves are banned
|clearpoke
|poke|p1|Dragapult, F|
|poke|p1|Excadrill, M|
|poke|p1|Sceptile, M|
|poke|p1|Gholdengo|
|poke|p1|Corviknight, F|
|poke|p1|Heatran, M|
|poke|p2|Alomomola, F|
|poke|p2|Slowking-Galar, F|
|poke|p2|Great Tusk|
|poke|p2|Kingambit, M|
|poke|p2|Gholdengo|
|poke|p2|Raging Bolt|
|teampreview
|
|t:|1776092610
|teamsize|p1|6
|teamsize|p2|6
|start
|switch|p1a: Excadrill|Excadrill, M|100/100
|switch|p2a: Great Tusk|Great Tusk|100/100
|turn|1
|
|t:|1776092629
|switch|p1a: Corviknight|Corviknight, F|100/100
|-ability|p1a: Corviknight|Pressure
|move|p2a: Great Tusk|Stealth Rock|p1a: Corviknight
|-sidestart|p1: sarcrisp|move: Stealth Rock
|
|upkeep
|turn|2
|
|t:|1776092653
|-end|p2a: Great Tusk|Protosynthesis|[silent]
|switch|p2a: Raging Bolt|Raging Bolt|100/100
|move|p1a: Corviknight|Defog|p2a: Raging Bolt
|-unboost|p2a: Raging Bolt|evasion|1
|-sideend|p1: sarcrisp|Stealth Rock|[from] move: Defog|[of] p1a: Corviknight
|
|upkeep
|turn|3
|
|t:|1776092666
|switch|p1a: Excadrill|Excadrill, M|100/100
|move|p2a: Raging Bolt|Draco Meteor|p1a: Excadrill
|-resisted|p1a: Excadrill
|-damage|p1a: Excadrill|27/100
|-unboost|p2a: Raging Bolt|spa|2
|
|upkeep
|turn|4
|
|t:|1776092691
|-end|p2a: Raging Bolt|Protosynthesis|[silent]
|switch|p2a: Great Tusk|Great Tusk|100/100
|move|p1a: Excadrill|Earthquake|p2a: Great Tusk
|-damage|p2a: Great Tusk|55/100
|-damage|p1a: Excadrill|17/100|[from] item: Life Orb
|
|-heal|p2a: Great Tusk|61/100|[from] item: Leftovers
|upkeep
|turn|5
|
|t:|1776092701
|-end|p2a: Great Tusk|Protosynthesis|[silent]
|switch|p2a: Alomomola|Alomomola, F|100/100
|switch|p1a: Corviknight|Corviknight, F|100/100
|-ability|p1a: Corviknight|Pressure
|
|upkeep
|turn|6
|
|t:|1776092716
|move|p1a: Corviknight|Body Press|p2a: Alomomola
|-damage|p2a: Alomomola|87/100
|move|p2a: Alomomola|Flip Turn|p1a: Corviknight
|-damage|p1a: Corviknight|90/100
|-damage|p2a: Alomomola|70/100|[from] item: Rocky Helmet|[of] p1a: Corviknight
|
|t:|1776092730
|switch|p2a: Great Tusk|Great Tusk|61/100|[from] Flip Turn
|
|-heal|p2a: Great Tusk|67/100|[from] item: Leftovers
|upkeep
|turn|7
|
|t:|1776092736
|move|p2a: Great Tusk|Knock Off|p1a: Corviknight
|-damage|p1a: Corviknight|72/100
|-damage|p2a: Great Tusk|51/100|[from] item: Rocky Helmet|[of] p1a: Corviknight
|-enditem|p1a: Corviknight|Rocky Helmet|[from] move: Knock Off|[of] p2a: Great Tusk
|move|p1a: Corviknight|Brave Bird|p2a: Great Tusk
|-supereffective|p2a: Great Tusk
|-damage|p2a: Great Tusk|8/100
|-damage|p1a: Corviknight|57/100|[from] Recoil
|
|-heal|p2a: Great Tusk|14/100|[from] item: Leftovers
|upkeep
|turn|8
|
|t:|1776092749
|-end|p2a: Great Tusk|Protosynthesis|[silent]
|switch|p2a: Alomomola|Alomomola, F|100/100
|move|p1a: Corviknight|Brave Bird|p2a: Alomomola
|-damage|p2a: Alomomola|82/100
|-damage|p1a: Corviknight|49/100|[from] Recoil
|
|-heal|p2a: Alomomola|88/100|[from] item: Leftovers
|upkeep
|turn|9
|
|t:|1776092759
|switch|p1a: Sceptile|Sceptile, M|100/100
|move|p2a: Alomomola|Wish|p2a: Alomomola
|
|-heal|p2a: Alomomola|94/100|[from] item: Leftovers
|upkeep
|turn|10
|
|t:|1776092767
|move|p1a: Sceptile|Leaf Storm|p2a: Alomomola
|-supereffective|p2a: Alomomola
|-damage|p2a: Alomomola|0 fnt
|-unboost|p1a: Sceptile|spa|2
|faint|p2a: Alomomola
|
|upkeep
|
|t:|1776092772
|switch|p2a: Great Tusk|Great Tusk|14/100
|turn|11
|
|t:|1776092783
|-end|p2a: Great Tusk|Protosynthesis|[silent]
|switch|p2a: Gholdengo|Gholdengo|100/100
|-item|p2a: Gholdengo|Air Balloon
|move|p1a: Sceptile|Dragon Pulse|p2a: Gholdengo
|-resisted|p2a: Gholdengo
|-damage|p2a: Gholdengo|95/100
|-enditem|p2a: Gholdengo|Air Balloon
|
|upkeep
|turn|12
|
|t:|1776092800
|switch|p1a: Heatran|Heatran, M|100/100
|move|p2a: Gholdengo|Nasty Plot|p2a: Gholdengo
|-boost|p2a: Gholdengo|spa|2
|
|upkeep
|turn|13
|
|t:|1776092815
|switch|p2a: Slowking|Slowking-Galar, F|100/100
|move|p1a: Heatran|Heat Wave|p2a: Slowking
|-damage|p2a: Slowking|67/100
|
|upkeep
|turn|14
|
|t:|1776092822
|move|p1a: Heatran|Earth Power|p2a: Slowking
|-supereffective|p2a: Slowking
|-damage|p2a: Slowking|30/100
|move|p2a: Slowking|Future Sight|p1a: Heatran
|-start|p2a: Slowking|move: Future Sight
|
|upkeep
|turn|15
|
|t:|1776092841
|switch|p2a: Raging Bolt|Raging Bolt|100/100
|move|p1a: Heatran|Earth Power|p2a: Raging Bolt
|-supereffective|p2a: Raging Bolt
|-damage|p2a: Raging Bolt|51/100
|
|upkeep
|turn|16
|
|t:|1776092851
|move|p1a: Heatran|Earth Power|p2a: Raging Bolt
|-supereffective|p2a: Raging Bolt
|-damage|p2a: Raging Bolt|3/100
|move|p2a: Raging Bolt|Volt Switch|p1a: Heatran
|-damage|p1a: Heatran|41/100
|-enditem|p1a: Heatran|Sitrus Berry|[eat]
|-heal|p1a: Heatran|66/100|[from] item: Sitrus Berry
|
|t:|1776092872
|-end|p2a: Raging Bolt|Protosynthesis|[silent]
|switch|p2a: Great Tusk|Great Tusk|14/100|[from] Volt Switch
|
|-end|p1a: Heatran|move: Future Sight
|-resisted|p1a: Heatran
|-damage|p1a: Heatran|45/100
|-heal|p2a: Great Tusk|20/100|[from] item: Leftovers
|upkeep
|turn|17
|
|t:|1776092886
|move|p2a: Great Tusk|Stealth Rock|p1a: Heatran
|-sidestart|p1: sarcrisp|move: Stealth Rock
|move|p1a: Heatran|Earth Power|p2a: Great Tusk
|-damage|p2a: Great Tusk|0 fnt
|faint|p2a: Great Tusk
|-end|p2a: Great Tusk|Protosynthesis|[silent]
|
|upkeep
|
|t:|1776092896
|switch|p2a: Raging Bolt|Raging Bolt|3/100
|turn|18
|
|t:|1776092915
|move|p1a: Heatran|Earth Power|p2a: Raging Bolt
|-supereffective|p2a: Raging Bolt
|-crit|p2a: Raging Bolt
|-damage|p2a: Raging Bolt|0 fnt
|faint|p2a: Raging Bolt
|-end|p2a: Raging Bolt|Protosynthesis|[silent]
|
|upkeep
|
|t:|1776092936
|switch|p2a: Gholdengo|Gholdengo|95/100
|turn|19
|
|t:|1776092951
|move|p1a: Heatran|Heat Wave|p2a: Gholdengo
|-supereffective|p2a: Gholdengo
|-damage|p2a: Gholdengo|13/100
|-status|p2a: Gholdengo|brn
|move|p2a: Gholdengo|Shadow Ball|p1a: Heatran
|-damage|p1a: Heatran|0 fnt
|faint|p1a: Heatran
|
|-damage|p2a: Gholdengo|7/100 brn|[from] brn
|upkeep
|
|t:|1776092966
|switch|p1a: Corviknight|Corviknight, F|49/100
|-damage|p1a: Corviknight|36/100|[from] Stealth Rock
|-ability|p1a: Corviknight|Pressure
|turn|20
|
|t:|1776092977
|move|p2a: Gholdengo|Shadow Ball|p1a: Corviknight
|-damage|p1a: Corviknight|0 fnt
|faint|p1a: Corviknight
|
|-damage|p2a: Gholdengo|1/100 brn|[from] brn
|upkeep
|
|t:|1776092984
|switch|p1a: Gholdengo|Gholdengo|100/100
|-damage|p1a: Gholdengo|94/100|[from] Stealth Rock
|turn|21
|
|t:|1776092996
|move|p1a: Gholdengo|Shadow Ball|p2a: Gholdengo
|-supereffective|p2a: Gholdengo
|-damage|p2a: Gholdengo|0 fnt
|faint|p2a: Gholdengo
|
|-heal|p1a: Gholdengo|100/100|[from] item: Leftovers
|upkeep
|
|t:|1776093004
|switch|p2a: Kingambit|Kingambit, M|100/100
|-activate|p2a: Kingambit|ability: Supreme Overlord
|-start|p2a: Kingambit|fallen4|[silent]
|turn|22
|
|t:|1776093017
|switch|p1a: Sceptile|Sceptile, M|100/100
|-damage|p1a: Sceptile|88/100|[from] Stealth Rock
|move|p2a: Kingambit|Swords Dance|p2a: Kingambit
|-boost|p2a: Kingambit|atk|2
|
|upkeep
|turn|23
|
|t:|1776093031
|-terastallize|p2a: Kingambit|Dark
|move|p2a: Kingambit|Sucker Punch|p1a: Sceptile
|-damage|p1a: Sceptile|0 fnt
|faint|p1a: Sceptile
|
|upkeep
|
|t:|1776093046
|switch|p1a: Excadrill|Excadrill, M|17/100
|-damage|p1a: Excadrill|14/100|[from] Stealth Rock
|turn|24
|
|t:|1776093055
|-terastallize|p1a: Excadrill|Ground
|move|p2a: Kingambit|Sucker Punch|p1a: Excadrill
|-damage|p1a: Excadrill|0 fnt
|faint|p1a: Excadrill
|
|upkeep
|
|t:|1776093061
|switch|p1a: Dragapult|Dragapult, F|100/100
|-damage|p1a: Dragapult|88/100|[from] Stealth Rock
|turn|25
|
|t:|1776093069
|move|p2a: Kingambit|Sucker Punch|p1a: Dragapult
|-supereffective|p1a: Dragapult
|-damage|p1a: Dragapult|0 fnt
|faint|p1a: Dragapult
|
|upkeep
|
|t:|1776093075
|switch|p1a: Gholdengo|Gholdengo|100/100
|-damage|p1a: Gholdengo|94/100|[from] Stealth Rock
|turn|26
|
|t:|1776093081
|move|p2a: Kingambit|Sucker Punch|p1a: Gholdengo
|-supereffective|p1a: Gholdengo
|-damage|p1a: Gholdengo|0 fnt
|faint|p1a: Gholdengo
|
|win|Jubuz
|raw|sarcrisp's rating: 1107 &rarr; <strong>1083</strong><br />(-24 for losing)
|raw|Jubuz's rating: 1116 &rarr; <strong>1140</strong><br />(+24 for winning)
|c|☆Jubuz|gg
