|html|<div class="broadcast-blue"><strong>[Gen 9] OU is currently suspecting Tera Blast! For information on how to participate check out the <a href="https://www.smogon.com/tools/suspects/view/200">suspect thread</a>.</strong></div>
|j|☆Dr. Drake6782
|j|☆sminey
|t:|1776054410
|gametype|singles
|player|p1|Dr. Drake6782|hilbert-masters|1696
|player|p2|sminey|palmer|1722
|gen|9
|tier|[Gen 9] OU
|rated|
|rule|HP Percentage Mod: HP is shown in percentages
|rule|Endless Battle Clause: Forcing endless battles is banned
|rule|Species Clause: Limit one of each Pokémon
|rule|OHKO Clause: OHKO moves are banned
|rule|Evasion Items Clause: Evasion items are banned
|rule|Evasion Moves Clause: Evasion moves are banned
|rule|Evasion Abilities Clause: Evasion abilities are banned
|rule|Sleep Moves Clause: Sleep-inducing moves are banned
|clearpoke
|poke|p1|Slowking-Galar, F|
|poke|p1|Ting-Lu|
|poke|p1|Hydrapple, M|
|poke|p1|Corviknight, F|
|poke|p1|Cinderace, F|
|poke|p1|Dondozo, F|
|poke|p2|Cinderace, M|
|poke|p2|Zapdos|
|poke|p2|Latios, M|
|poke|p2|Weavile, F|
|poke|p2|Clefable, M|
|poke|p2|Slowking-Galar, M|
|teampreview
|j| ohko_smeargle
|inactive|Battle timer is ON: inactive players will automatically lose when time's up. (requested by Dr. Drake6782)
|
|t:|1776054428
|teamsize|p1|6
|teamsize|p2|6
|start
|switch|p1a: Hydrapple|Hydrapple, M, shiny|100/100
|switch|p2a: Zapdos|Zapdos|100/100
|turn|1
|
|t:|1776054434
|switch|p1a: Slowking|Slowking-Galar, F, shiny|100/100
|move|p2a: Zapdos|Hurricane|p1a: Slowking
|-damage|p1a: Slowking|66/100
|
|-heal|p1a: Slowking|72/100|[from] item: Black Sludge
|upkeep
|turn|2
|
|t:|1776054441
|move|p2a: Zapdos|Hurricane|p1a: Slowking
|-damage|p1a: Slowking|40/100
|move|p1a: Slowking|Ice Beam|p2a: Zapdos
|-supereffective|p2a: Zapdos
|-damage|p2a: Zapdos|58/100
|
|-heal|p1a: Slowking|46/100|[from] item: Black Sludge
|upkeep
|turn|3
|
|t:|1776054447
|move|p2a: Zapdos|Hurricane|p1a: Slowking|[miss]
|-miss|p2a: Zapdos|p1a: Slowking
|move|p1a: Slowking|Toxic|p2a: Zapdos
|-status|p2a: Zapdos|tox
|
|-heal|p1a: Slowking|52/100|[from] item: Black Sludge
|-damage|p2a: Zapdos|52/100 tox|[from] psn
|upkeep
|turn|4
|
|t:|1776054450
|switch|p1a: Ting-Lu|Ting-Lu|100/100
|-ability|p1a: Ting-Lu|Vessel of Ruin
|move|p2a: Zapdos|Roost|p2a: Zapdos
|-heal|p2a: Zapdos|100/100 tox
|-singleturn|p2a: Zapdos|move: Roost
|
|-damage|p2a: Zapdos|88/100 tox|[from] psn
|upkeep
|turn|5
|
|t:|1776054455
|switch|p2a: Cinderace|Cinderace, M|100/100
|move|p1a: Ting-Lu|Payback|p2a: Cinderace
|-damage|p2a: Cinderace|74/100
|
|upkeep
|turn|6
|
|t:|1776054457
|move|p2a: Cinderace|U-turn|p1a: Ting-Lu
|-start|p2a: Cinderace|typechange|Bug|[from] ability: Libero
|-supereffective|p1a: Ting-Lu
|-damage|p1a: Ting-Lu|62/100
|
|t:|1776054461
|switch|p2a: Latios|Latios, M|100/100|[from] U-turn
|move|p1a: Ting-Lu|Earthquake|p2a: Latios
|-immune|p2a: Latios|[from] ability: Levitate
|
|-heal|p1a: Ting-Lu|68/100|[from] item: Leftovers
|upkeep
|turn|7
|
|t:|1776054467
|move|p2a: Latios|Flip Turn|p1a: Ting-Lu
|-supereffective|p1a: Ting-Lu
|-damage|p1a: Ting-Lu|55/100
|
|t:|1776054468
|switch|p2a: Clefable|Clefable, M|100/100|[from] Flip Turn
|move|p1a: Ting-Lu|Payback|p2a: Clefable
|-resisted|p2a: Clefable
|-damage|p2a: Clefable|94/100
|
|-heal|p1a: Ting-Lu|61/100|[from] item: Leftovers
|upkeep
|turn|8
|
|t:|1776054472
|switch|p1a: Slowking|Slowking-Galar, F, shiny|86/100
|move|p2a: Clefable|Knock Off|p1a: Slowking
|-supereffective|p1a: Slowking
|-damage|p1a: Slowking|63/100
|-enditem|p1a: Slowking|Black Sludge|[from] move: Knock Off|[of] p2a: Clefable
|
|upkeep
|turn|9
|
|t:|1776054480
|switch|p2a: Latios|Latios, M|100/100
|move|p1a: Slowking|Sludge Bomb|p2a: Latios
|-damage|p2a: Latios|65/100
|
|upkeep
|turn|10
|
|t:|1776054489
|switch|p1a: Ting-Lu|Ting-Lu|61/100
|-ability|p1a: Ting-Lu|Vessel of Ruin
|move|p2a: Latios|Flip Turn|p1a: Ting-Lu
|-supereffective|p1a: Ting-Lu
|-damage|p1a: Ting-Lu|48/100
|
|t:|1776054491
|switch|p2a: Cinderace|Cinderace, M|74/100|[from] Flip Turn
|
|-heal|p1a: Ting-Lu|54/100|[from] item: Leftovers
|upkeep
|turn|11
|
|t:|1776054496
|switch|p1a: Corviknight|Corviknight, F|100/100
|-ability|p1a: Corviknight|Pressure
|move|p2a: Cinderace|U-turn|p1a: Corviknight
|-start|p2a: Cinderace|typechange|Bug|[from] ability: Libero
|-resisted|p1a: Corviknight
|-damage|p1a: Corviknight|95/100
|-damage|p2a: Cinderace|58/100|[from] item: Rocky Helmet|[of] p1a: Corviknight
|
|t:|1776054504
|switch|p2a: Slowking|Slowking-Galar, M|100/100|[from] U-turn
|
|upkeep
|turn|12
|inactive|Dr. Drake6782 has 120 seconds left.
|
|t:|1776054539
|switch|p1a: Ting-Lu|Ting-Lu|54/100
|-ability|p1a: Ting-Lu|Vessel of Ruin
|move|p2a: Slowking|Flamethrower|p1a: Ting-Lu
|-damage|p1a: Ting-Lu|45/100
|
|-heal|p1a: Ting-Lu|51/100|[from] item: Leftovers
|upkeep
|turn|13
|
|t:|1776054542
|move|p1a: Ting-Lu|Payback|p2a: Slowking
|-supereffective|p2a: Slowking
|-damage|p2a: Slowking|62/100
|move|p2a: Slowking|Ice Beam|p1a: Ting-Lu
|-supereffective|p1a: Ting-Lu
|-damage|p1a: Ting-Lu|31/100
|
|-heal|p1a: Ting-Lu|37/100|[from] item: Leftovers
|upkeep
|turn|14
|
|t:|1776054561
|switch|p2a: Latios|Latios, M|65/100
|move|p1a: Ting-Lu|Rest|p1a: Ting-Lu
|-status|p1a: Ting-Lu|slp|[from] move: Rest
|-heal|p1a: Ting-Lu|100/100 slp|[silent]
|
|upkeep
|turn|15
|
|t:|1776054565
|move|p2a: Latios|Trick|p1a: Ting-Lu
|-activate|p2a: Latios|move: Trick|[of] p1a: Ting-Lu
|-item|p1a: Ting-Lu|Choice Scarf|[from] move: Trick
|-item|p2a: Latios|Leftovers|[from] move: Trick
|cant|p1a: Ting-Lu|slp
|move|p1a: Ting-Lu|Sleep Talk|p1a: Ting-Lu
|move|p1a: Ting-Lu|Rest||[from] move: Sleep Talk|[still]
|-fail|p1a: Ting-Lu
|
|-heal|p2a: Latios|71/100|[from] item: Leftovers
|upkeep
|turn|16
|
|t:|1776054574
|move|p2a: Latios|Flip Turn|p1a: Ting-Lu
|-supereffective|p1a: Ting-Lu
|-damage|p1a: Ting-Lu|87/100 slp
|j| samurajen
|
|t:|1776054577
|switch|p2a: Clefable|Clefable, M|94/100|[from] Flip Turn
|cant|p1a: Ting-Lu|slp
|move|p1a: Ting-Lu|Sleep Talk|p1a: Ting-Lu
|move|p1a: Ting-Lu|Rest||[from] move: Sleep Talk|[still]
|-fail|p1a: Ting-Lu
|
|upkeep
|turn|17
|
|t:|1776054583
|switch|p1a: Slowking|Slowking-Galar, F, shiny|96/100
|switch|p2a: Weavile|Weavile, F|100/100
|-ability|p2a: Weavile|Pressure
|
|upkeep
|turn|18
|
|t:|1776054590
|move|p2a: Weavile|Swords Dance|p2a: Weavile
|-boost|p2a: Weavile|atk|2
|move|p1a: Slowking|Toxic|p2a: Weavile
|-status|p2a: Weavile|tox
|
|-damage|p2a: Weavile|94/100 tox|[from] psn
|upkeep
|turn|19
|
|t:|1776054596
|switch|p1a: Dondozo|Dondozo, F|100/100
|move|p2a: Weavile|Knock Off|p1a: Dondozo
|-damage|p1a: Dondozo|72/100
|-enditem|p1a: Dondozo|Leftovers|[from] move: Knock Off|[of] p2a: Weavile
|
|-damage|p2a: Weavile|82/100 tox|[from] psn
|upkeep
|turn|20
|
|t:|1776054603
|switch|p2a: Latios|Latios, M|71/100
|move|p1a: Dondozo|Liquidation|p2a: Latios
|-resisted|p2a: Latios
|-damage|p2a: Latios|52/100
|-unboost|p2a: Latios|def|1
|
|-heal|p2a: Latios|58/100|[from] item: Leftovers
|upkeep
|turn|21
|
|t:|1776054611
|switch|p1a: Ting-Lu|Ting-Lu|87/100 slp
|-ability|p1a: Ting-Lu|Vessel of Ruin
|move|p2a: Latios|Flip Turn|p1a: Ting-Lu
|-supereffective|p1a: Ting-Lu
|-damage|p1a: Ting-Lu|76/100 slp
|
|t:|1776054613
|switch|p2a: Cinderace|Cinderace, M|58/100|[from] Flip Turn
|
|upkeep
|turn|22
|
|t:|1776054618
|switch|p2a: Zapdos|Zapdos|88/100 tox
|-curestatus|p1a: Ting-Lu|slp|[msg]
|move|p1a: Ting-Lu|Payback|p2a: Zapdos
|-damage|p2a: Zapdos|75/100 tox
|
|-damage|p2a: Zapdos|69/100 tox|[from] psn
|upkeep
|turn|23
|
|t:|1776054628
|switch|p2a: Clefable|Clefable, M|94/100
|move|p1a: Ting-Lu|Payback|p2a: Clefable
|-resisted|p2a: Clefable
|-damage|p2a: Clefable|87/100
|
|upkeep
|turn|24
|
|t:|1776054646
|switch|p1a: Slowking|Slowking-Galar, F, shiny|100/100
|switch|p2a: Cinderace|Cinderace, M|58/100
|
|upkeep
|turn|25
|
|t:|1776054650
|move|p2a: Cinderace|Pyro Ball|p1a: Slowking|[miss]
|-miss|p2a: Cinderace|p1a: Slowking
|move|p1a: Slowking|Toxic|p2a: Cinderace
|-status|p2a: Cinderace|tox
|
|-damage|p2a: Cinderace|52/100 tox|[from] psn
|upkeep
|turn|26
|
|t:|1776054667
|move|p2a: Cinderace|U-turn|p1a: Slowking
|-start|p2a: Cinderace|typechange|Bug|[from] ability: Libero
|-damage|p1a: Slowking|77/100
|
|t:|1776054671
|switch|p2a: Slowking|Slowking-Galar, M|96/100|[from] U-turn
|move|p1a: Slowking|Sludge Bomb|p2a: Slowking
|-resisted|p2a: Slowking
|-damage|p2a: Slowking|88/100
|
|upkeep
|turn|27
|
|t:|1776054676
|switch|p2a: Latios|Latios, M|58/100
|switch|p1a: Ting-Lu|Ting-Lu|76/100
|-ability|p1a: Ting-Lu|Vessel of Ruin
|
|-heal|p2a: Latios|64/100|[from] item: Leftovers
|upkeep
|turn|28
|
|t:|1776054684
|move|p2a: Latios|Flip Turn|p1a: Ting-Lu
|-supereffective|p1a: Ting-Lu
|-damage|p1a: Ting-Lu|64/100
|
|t:|1776054688
|switch|p2a: Clefable|Clefable, M|87/100|[from] Flip Turn
|move|p1a: Ting-Lu|Payback|p2a: Clefable
|-resisted|p2a: Clefable
|-damage|p2a: Clefable|80/100
|
|upkeep
|turn|29
|
|t:|1776054693
|switch|p1a: Cinderace|Cinderace, F|100/100
|switch|p2a: Slowking|Slowking-Galar, M|100/100
|
|upkeep
|turn|30
|
|t:|1776054698
|move|p1a: Cinderace|Pyro Ball|p2a: Slowking
|-damage|p2a: Slowking|49/100
|move|p2a: Slowking|Sludge Bomb|p1a: Cinderace
|-damage|p1a: Cinderace|60/100
|
|upkeep
|turn|31
|
|t:|1776054706
|switch|p2a: Latios|Latios, M|64/100
|move|p1a: Cinderace|Pyro Ball|p2a: Latios
|-resisted|p2a: Latios
|-damage|p2a: Latios|34/100
|
|-heal|p2a: Latios|40/100|[from] item: Leftovers
|upkeep
|turn|32
|
|t:|1776054713
|switch|p1a: Ting-Lu|Ting-Lu|64/100
|-ability|p1a: Ting-Lu|Vessel of Ruin
|switch|p2a: Zapdos|Zapdos|69/100 tox
|
|-damage|p2a: Zapdos|63/100 tox|[from] psn
|upkeep
|turn|33
|j| Dripakuma
|l| Dripakuma
|inactive|Dr. Drake6782 has 120 seconds left.
|
|t:|1776054746
|move|p2a: Zapdos|Hurricane|p1a: Ting-Lu
|-damage|p1a: Ting-Lu|46/100
|move|p1a: Ting-Lu|Payback|p2a: Zapdos
|-damage|p2a: Zapdos|35/100 tox
|
|-damage|p2a: Zapdos|22/100 tox|[from] psn
|upkeep
|turn|34
|
|t:|1776054751
|move|p2a: Zapdos|Roost|p2a: Zapdos
|-heal|p2a: Zapdos|72/100 tox
|-singleturn|p2a: Zapdos|move: Roost
|move|p1a: Ting-Lu|Payback|p2a: Zapdos
|-damage|p2a: Zapdos|42/100 tox
|
|-damage|p2a: Zapdos|24/100 tox|[from] psn
|upkeep
|turn|35
|
|t:|1776054759
|switch|p2a: Clefable|Clefable, M|80/100
|move|p1a: Ting-Lu|Payback|p2a: Clefable
|-resisted|p2a: Clefable
|-damage|p2a: Clefable|73/100
|
|upkeep
|turn|36
|
|t:|1776054766
|switch|p1a: Cinderace|Cinderace, F|60/100
|switch|p2a: Cinderace|Cinderace, M|52/100 tox
|
|-damage|p2a: Cinderace|46/100 tox|[from] psn
|upkeep
|turn|37
|j| Goldman100000
|
|t:|1776054771
|move|p1a: Cinderace|Pyro Ball|p2a: Cinderace
|-resisted|p2a: Cinderace
|-damage|p2a: Cinderace|11/100 tox
|move|p2a: Cinderace|Pyro Ball|p1a: Cinderace|[miss]
|-miss|p2a: Cinderace|p1a: Cinderace
|
|-damage|p2a: Cinderace|0 fnt|[from] psn
|faint|p2a: Cinderace
|upkeep
|
|t:|1776054787
|switch|p2a: Weavile|Weavile, F|82/100 tox
|-ability|p2a: Weavile|Pressure
|turn|38
|
|t:|1776054793
|switch|p2a: Latios|Latios, M|40/100
|switch|p1a: Ting-Lu|Ting-Lu|46/100
|-ability|p1a: Ting-Lu|Vessel of Ruin
|
|-heal|p2a: Latios|46/100|[from] item: Leftovers
|upkeep
|turn|39
|
|t:|1776054800
|move|p2a: Latios|Flip Turn|p1a: Ting-Lu
|-supereffective|p1a: Ting-Lu
|-crit|p1a: Ting-Lu
|-damage|p1a: Ting-Lu|28/100
|
|t:|1776054802
|switch|p2a: Clefable|Clefable, M|73/100|[from] Flip Turn
|move|p1a: Ting-Lu|Rest|p1a: Ting-Lu
|-status|p1a: Ting-Lu|slp|[from] move: Rest
|-heal|p1a: Ting-Lu|100/100 slp|[silent]
|
|upkeep
|turn|40
|
|t:|1776054810
|switch|p1a: Cinderace|Cinderace, F|60/100
|move|p2a: Clefable|Calm Mind|p2a: Clefable
|-boost|p2a: Clefable|spa|1
|-boost|p2a: Clefable|spd|1
|
|upkeep
|turn|41
|
|t:|1776054815
|-terastallize|p1a: Cinderace|Fire
|move|p1a: Cinderace|Pyro Ball|p2a: Clefable
|-damage|p2a: Clefable|26/100
|-status|p2a: Clefable|brn
|move|p2a: Clefable|Moonlight|p2a: Clefable
|-heal|p2a: Clefable|76/100 brn
|
|-damage|p2a: Clefable|70/100 brn|[from] brn
|upkeep
|turn|42
|
|t:|1776054822
|move|p1a: Cinderace|U-turn|p2a: Clefable
|-resisted|p2a: Clefable
|-damage|p2a: Clefable|63/100 brn
|
|t:|1776054826
|switch|p1a: Slowking|Slowking-Galar, F, shiny|100/100|[from] U-turn
|move|p2a: Clefable|Moonlight|p2a: Clefable
|-heal|p2a: Clefable|100/100 brn
|
|-damage|p2a: Clefable|94/100 brn|[from] brn
|upkeep
|turn|43
|
|t:|1776054831
|switch|p2a: Slowking|Slowking-Galar, M|82/100
|move|p1a: Slowking|Psychic Noise|p2a: Slowking
|-damage|p2a: Slowking|72/100
|-start|p2a: Slowking|move: Heal Block
|
|upkeep
|turn|44
|
|t:|1776054835
|move|p2a: Slowking|Psyshock|p1a: Slowking
|-damage|p1a: Slowking|75/100
|move|p1a: Slowking|Psychic Noise|p2a: Slowking
|-damage|p2a: Slowking|61/100
|
|-end|p2a: Slowking|move: Heal Block
|upkeep
|turn|45
|
|t:|1776054841
|move|p2a: Slowking|Psyshock|p1a: Slowking
|-damage|p1a: Slowking|51/100
|move|p1a: Slowking|Psychic Noise|p2a: Slowking
|-damage|p2a: Slowking|49/100
|-start|p2a: Slowking|move: Heal Block
|
|upkeep
|turn|46
|
|t:|1776054850
|switch|p1a: Cinderace|Cinderace, F, tera:Fire|60/100
|move|p2a: Slowking|Ice Beam|p1a: Cinderace
|-resisted|p1a: Cinderace
|-damage|p1a: Cinderace|44/100
|
|-end|p2a: Slowking|move: Heal Block
|upkeep
|turn|47
|j| Monkey D MinMin
|
|t:|1776054856
|move|p1a: Cinderace|Pyro Ball|p2a: Slowking
|-damage|p2a: Slowking|0 fnt
|faint|p2a: Slowking
|
|upkeep
|-message|sminey forfeited.
|
|win|Dr. Drake6782
|raw|Dr. Drake6782's rating: 1696 &rarr; <strong>1717</strong><br />(+21 for winning)
|raw|sminey's rating: 1722 &rarr; <strong>1701</strong><br />(-21 for losing)
|l|☆sminey
|player|p2|
|l| ohko_smeargle
|l|☆Dr. Drake6782
|player|p1|
