|html|<div class="broadcast-blue"><strong>[Gen 9] OU is currently suspecting Tera Blast! For information on how to participate check out the <a href="https://www.smogon.com/tools/suspects/view/200">suspect thread</a>.</strong></div>
|j|☆The ZU Wanderer
|j|☆MoQingYanYu
|t:|1776047685
|gametype|singles
|player|p1|The ZU Wanderer|roughneck|1273
|player|p2|MoQingYanYu|265|1284
|gen|9
|tier|[Gen 9] OU
|rated|
|rule|HP Percentage Mod: HP is shown in percentages
|rule|Endless Battle Clause: Forcing endless battles is banned
|rule|Species Clause: Limit one of each Pokémon
|rule|OHKO Clause: OHKO moves are banned
|rule|Evasion Items Clause: Evasion items are banned
|rule|Evasion Moves Clause: Evasion moves are banned
|rule|Evasion Abilities Clause: Evasion abilities are banned
|rule|Sleep Moves Clause: Sleep-inducing moves are banned
|clearpoke
|poke|p1|Glaceon, F|
|poke|p1|Honchkrow, M|
|poke|p1|Virizion|
|poke|p1|Komala, F|
|poke|p1|Masquerain, M|
|poke|p1|Pachirisu, F|
|poke|p2|Clodsire, F|
|poke|p2|Corviknight, M|
|poke|p2|Ceruledge, M|
|poke|p2|Kyurem|
|poke|p2|Dondozo, M|
|poke|p2|Landorus-Therian, M|
|teampreview
|
|t:|1776047695
|teamsize|p1|6
|teamsize|p2|6
|start
|switch|p1a: Masquerain|Masquerain, M, shiny|100/100
|switch|p2a: Kyurem|Kyurem|100/100
|-ability|p2a: Kyurem|Pressure
|-ability|p1a: Masquerain|Intimidate|boost
|-unboost|p2a: Kyurem|atk|1
|turn|1
|inactive|Battle timer is ON: inactive players will automatically lose when time's up. (requested by The ZU Wanderer)
|
|t:|1776047707
|-terastallize|p2a: Kyurem|Ice
|move|p2a: Kyurem|Freeze-Dry|p1a: Masquerain
|-supereffective|p1a: Masquerain
|-damage|p1a: Masquerain|0 fnt
|faint|p1a: Masquerain
|
|upkeep
|
|t:|1776047714
|switch|p1a: Glaceon|Glaceon, F|100/100
|turn|2
|
|t:|1776047720
|switch|p2a: Ceruledge|Ceruledge, M|100/100
|move|p1a: Glaceon|Calm Mind|p1a: Glaceon
|-boost|p1a: Glaceon|spa|1
|-boost|p1a: Glaceon|spd|1
|
|upkeep
|turn|3
|
|t:|1776047728
|-terastallize|p1a: Glaceon|Water
|move|p2a: Ceruledge|Bitter Blade|p1a: Glaceon
|-resisted|p1a: Glaceon
|-damage|p1a: Glaceon|77/100
|move|p1a: Glaceon|Calm Mind|p1a: Glaceon
|-boost|p1a: Glaceon|spa|1
|-boost|p1a: Glaceon|spd|1
|
|upkeep
|turn|4
|
|t:|1776047742
|switch|p2a: Clodsire|Clodsire, F|100/100
|move|p1a: Glaceon|Water Pulse|p2a: Clodsire
|-supereffective|p2a: Clodsire
|-damage|p2a: Clodsire|71/100
|
|-heal|p2a: Clodsire|77/100|[from] item: Leftovers
|upkeep
|turn|5
|
|t:|1776047750
|switch|p1a: Komala|Komala, F, shiny|100/100
|-ability|p1a: Komala|Comatose
|move|p2a: Clodsire|Toxic|p1a: Komala
|-immune|p1a: Komala|[from] ability: Comatose
|
|-heal|p2a: Clodsire|83/100|[from] item: Leftovers
|upkeep
|turn|6
|
|t:|1776047759
|switch|p2a: Landorus|Landorus-Therian, M|100/100
|-ability|p2a: Landorus|Intimidate|boost
|-unboost|p1a: Komala|atk|1
|move|p1a: Komala|Knock Off|p2a: Landorus
|-damage|p2a: Landorus|75/100
|-enditem|p2a: Landorus|Choice Scarf|[from] move: Knock Off|[of] p1a: Komala
|
|upkeep
|turn|7
|
|t:|1776047768
|move|p2a: Landorus|Earthquake|p1a: Komala
|-damage|p1a: Komala|10/100
|move|p1a: Komala|Ice Spinner|p2a: Landorus
|-supereffective|p2a: Landorus
|-damage|p2a: Landorus|0 fnt
|faint|p2a: Landorus
|
|upkeep
|
|t:|1776047775
|switch|p2a: Ceruledge|Ceruledge, M|100/100
|turn|8
|
|t:|1776047779
|move|p2a: Ceruledge|Close Combat|p1a: Komala
|-supereffective|p1a: Komala
|-damage|p1a: Komala|0 fnt
|-unboost|p2a: Ceruledge|def|1
|-unboost|p2a: Ceruledge|spd|1
|faint|p1a: Komala
|
|upkeep
|
|t:|1776047789
|switch|p1a: Honchkrow|Honchkrow, M|100/100
|turn|9
|
|t:|1776047797
|switch|p2a: Kyurem|Kyurem, tera:Ice|100/100
|-ability|p2a: Kyurem|Pressure
|move|p1a: Honchkrow|Dark Pulse|p2a: Kyurem
|-damage|p2a: Kyurem|53/100
|-damage|p1a: Honchkrow|91/100|[from] item: Life Orb
|
|upkeep
|turn|10
|
|t:|1776047817
|switch|p1a: Pachirisu|Pachirisu, F, shiny|100/100
|move|p2a: Kyurem|Freeze-Dry|p1a: Pachirisu
|-damage|p1a: Pachirisu|62/100
|
|-heal|p1a: Pachirisu|68/100|[from] item: Leftovers
|upkeep
|turn|11
|
|t:|1776047828
|switch|p2a: Clodsire|Clodsire, F|83/100
|move|p1a: Pachirisu|Super Fang|p2a: Clodsire
|-damage|p2a: Clodsire|42/100
|
|-heal|p1a: Pachirisu|74/100|[from] item: Leftovers
|-heal|p2a: Clodsire|48/100|[from] item: Leftovers
|upkeep
|turn|12
|
|t:|1776047835
|move|p1a: Pachirisu|U-turn|p2a: Clodsire
|-resisted|p2a: Clodsire
|-damage|p2a: Clodsire|43/100
|
|t:|1776047837
|switch|p1a: Honchkrow|Honchkrow, M|91/100|[from] U-turn
|move|p2a: Clodsire|Recover|p2a: Clodsire
|-heal|p2a: Clodsire|93/100
|
|-heal|p2a: Clodsire|99/100|[from] item: Leftovers
|upkeep
|turn|13
|
|t:|1776047844
|move|p1a: Honchkrow|Brave Bird|p2a: Clodsire
|-damage|p2a: Clodsire|32/100
|-damage|p1a: Honchkrow|60/100|[from] Recoil
|-damage|p1a: Honchkrow|50/100|[from] item: Life Orb
|move|p2a: Clodsire|Toxic|p1a: Honchkrow
|-status|p1a: Honchkrow|tox
|
|-heal|p2a: Clodsire|38/100|[from] item: Leftovers
|-damage|p1a: Honchkrow|44/100 tox|[from] psn
|upkeep
|turn|14
|
|t:|1776047855
|switch|p2a: Corviknight|Corviknight, M|100/100
|-ability|p2a: Corviknight|Pressure
|move|p1a: Honchkrow|Dark Pulse|p2a: Corviknight
|-damage|p2a: Corviknight|59/100
|-damage|p1a: Honchkrow|34/100 tox|[from] item: Life Orb
|
|-damage|p1a: Honchkrow|22/100 tox|[from] psn
|upkeep
|turn|15
|
|t:|1776047864
|move|p1a: Honchkrow|Heat Wave|p2a: Corviknight
|-supereffective|p2a: Corviknight
|-damage|p2a: Corviknight|0 fnt
|faint|p2a: Corviknight
|-ability|p1a: Honchkrow|Moxie|boost
|-boost|p1a: Honchkrow|atk|1
|-damage|p1a: Honchkrow|12/100 tox|[from] item: Life Orb
|
|-damage|p1a: Honchkrow|0 fnt|[from] psn
|faint|p1a: Honchkrow
|upkeep
|
|t:|1776047888
|switch|p1a: Pachirisu|Pachirisu, F, shiny|74/100
|switch|p2a: Kyurem|Kyurem, tera:Ice|53/100
|-ability|p2a: Kyurem|Pressure
|turn|16
|
|t:|1776047900
|switch|p2a: Clodsire|Clodsire, F|38/100
|move|p1a: Pachirisu|Nuzzle|p2a: Clodsire
|-immune|p2a: Clodsire
|
|-heal|p1a: Pachirisu|80/100|[from] item: Leftovers
|-heal|p2a: Clodsire|45/100|[from] item: Leftovers
|upkeep
|turn|17
|
|t:|1776047907
|move|p1a: Pachirisu|Super Fang|p2a: Clodsire
|-damage|p2a: Clodsire|23/100
|move|p2a: Clodsire|Toxic|p1a: Pachirisu
|-status|p1a: Pachirisu|tox
|
|-heal|p1a: Pachirisu|86/100 tox|[from] item: Leftovers
|-heal|p2a: Clodsire|29/100|[from] item: Leftovers
|-damage|p1a: Pachirisu|80/100 tox|[from] psn
|upkeep
|turn|18
|
|t:|1776047916
|move|p1a: Pachirisu|Encore|p2a: Clodsire
|-start|p2a: Clodsire|Encore
|move|p2a: Clodsire|Toxic|p1a: Pachirisu
|-fail|p1a: Pachirisu|tox
|
|-heal|p1a: Pachirisu|86/100 tox|[from] item: Leftovers
|-heal|p2a: Clodsire|35/100|[from] item: Leftovers
|-damage|p1a: Pachirisu|74/100 tox|[from] psn
|upkeep
|turn|19
|
|t:|1776047923
|move|p1a: Pachirisu|U-turn|p2a: Clodsire
|-resisted|p2a: Clodsire
|-damage|p2a: Clodsire|31/100
|
|t:|1776047925
|switch|p1a: Glaceon|Glaceon, F, tera:Water|77/100|[from] U-turn
|move|p2a: Clodsire|Toxic|p1a: Glaceon
|-status|p1a: Glaceon|tox
|
|-heal|p2a: Clodsire|37/100|[from] item: Leftovers
|-damage|p1a: Glaceon|71/100 tox|[from] psn
|upkeep
|turn|20
|
|t:|1776047933
|switch|p2a: Kyurem|Kyurem, tera:Ice|53/100
|-ability|p2a: Kyurem|Pressure
|move|p1a: Glaceon|Freeze-Dry|p2a: Kyurem
|-resisted|p2a: Kyurem
|-damage|p2a: Kyurem|38/100
|
|-damage|p1a: Glaceon|59/100 tox|[from] psn
|upkeep
|turn|21
|
|t:|1776047942
|switch|p1a: Pachirisu|Pachirisu, F, shiny|74/100 tox
|move|p2a: Kyurem|Freeze-Dry|p1a: Pachirisu
|-damage|p1a: Pachirisu|36/100 tox
|
|-heal|p1a: Pachirisu|42/100 tox|[from] item: Leftovers
|-damage|p1a: Pachirisu|36/100 tox|[from] psn
|upkeep
|turn|22
|
|t:|1776047950
|move|p2a: Kyurem|Freeze-Dry|p1a: Pachirisu
|-damage|p1a: Pachirisu|0 fnt
|faint|p1a: Pachirisu
|
|upkeep
|-message|The ZU Wanderer forfeited.
|
|win|MoQingYanYu
|raw|The ZU Wanderer's rating: 1273 &rarr; <strong>1249</strong><br />(-24 for losing)
|raw|MoQingYanYu's rating: 1284 &rarr; <strong>1308</strong><br />(+24 for winning)
|l|☆The ZU Wanderer
|player|p1|
|l|☆MoQingYanYu
|player|p2|
