|html|<div class="broadcast-blue"><strong>[Gen 9] OU is currently suspecting Volcarona! For information on how to participate check out the <a href="https://www.smogon.com/tools/suspects/view/208">suspect thread</a>.</strong></div>
|j|☆6026_Dark
|j|☆massaca
|t:|1778510747
|gametype|singles
|player|p1|6026_Dark|wulfric|1162
|player|p2|massaca|265|1182
|gen|9
|tier|[Gen 9] OU
|rated|
|rule|HP Percentage Mod: HP is shown in percentages
|rule|Endless Battle Clause: Forcing endless battles is banned
|rule|Species Clause: Limit one of each Pokémon
|rule|OHKO Clause: OHKO moves are banned
|rule|Evasion Items Clause: Evasion items are banned
|rule|Evasion Moves Clause: Evasion moves are banned
|rule|Evasion Abilities Clause: Evasion abilities are banned
|rule|Sleep Moves Clause: Sleep-inducing moves are banned
|clearpoke
|poke|p1|Tornadus, M|
|poke|p1|Politoed, F|
|poke|p1|Walking Wake|
|poke|p1|Electrode-Hisui|
|poke|p1|Iron Hands|
|poke|p1|Porygon2|
|poke|p2|Primarina, F|
|poke|p2|Dragapult, F|
|poke|p2|Iron Treads|
|poke|p2|Zamazenta-*|
|poke|p2|Ting-Lu|
|poke|p2|Moltres|
|teampreview
|inactive|Battle timer is ON: inactive players will automatically lose when time's up. (requested by 6026_Dark)
|
|t:|1778510775
|teamsize|p1|6
|teamsize|p2|6
|start
|switch|p1a: Politoed|Politoed, F|100/100
|switch|p2a: Primarina|Primarina, F|100/100
|-weather|RainDance|[from] ability: Drizzle|[of] p1a: Politoed
|turn|1
|
|t:|1778510802
|switch|p1a: Porygon2|Porygon2|100/100
|move|p2a: Primarina|Moonblast|p1a: Porygon2
|-damage|p1a: Porygon2|68/100
|
|-weather|RainDance|[upkeep]
|upkeep
|turn|2
|inactive|massaca has 120 seconds left.
|
|t:|1778510823
|switch|p2a: Ting-Lu|Ting-Lu|100/100
|-ability|p2a: Ting-Lu|Vessel of Ruin
|move|p1a: Porygon2|Recover|p1a: Porygon2
|-heal|p1a: Porygon2|100/100
|
|-weather|RainDance|[upkeep]
|upkeep
|turn|3
|inactive|massaca has 120 seconds left.
|
|t:|1778510838
|switch|p1a: Politoed|Politoed, F|100/100
|move|p2a: Ting-Lu|Ruination|p1a: Politoed|[miss]
|-miss|p2a: Ting-Lu|p1a: Politoed
|
|-weather|RainDance|[upkeep]
|upkeep
|turn|4
|inactive|massaca has 120 seconds left.
|
|t:|1778510858
|switch|p2a: Primarina|Primarina, F|100/100
|move|p1a: Politoed|Earth Power|p2a: Primarina
|-damage|p2a: Primarina|74/100
|
|-weather|RainDance|[upkeep]
|-heal|p2a: Primarina|80/100|[from] item: Leftovers
|upkeep
|turn|5
|
|t:|1778510869
|switch|p1a: Porygon2|Porygon2|100/100
|move|p2a: Primarina|Substitute|p2a: Primarina
|-start|p2a: Primarina|Substitute
|-damage|p2a: Primarina|55/100
|
|-weather|none
|-heal|p2a: Primarina|61/100|[from] item: Leftovers
|upkeep
|turn|6
|
|t:|1778510877
|move|p2a: Primarina|Calm Mind|p2a: Primarina
|-boost|p2a: Primarina|spa|1
|-boost|p2a: Primarina|spd|1
|move|p1a: Porygon2|Tri Attack|p2a: Primarina
|-crit|p2a: Primarina
|-end|p2a: Primarina|Substitute
|
|-heal|p2a: Primarina|67/100|[from] item: Leftovers
|upkeep
|turn|7
|inactive|massaca has 120 seconds left.
|
|t:|1778510890
|switch|p1a: Politoed|Politoed, F|100/100
|-weather|RainDance|[from] ability: Drizzle|[of] p1a: Politoed
|move|p2a: Primarina|Moonblast|p1a: Politoed
|-damage|p1a: Politoed|28/100
|-enditem|p1a: Politoed|Red Card|[of] p2a: Primarina
|drag|p2a: Zamazenta|Zamazenta|100/100
|-ability|p2a: Zamazenta|Dauntless Shield|boost
|-boost|p2a: Zamazenta|def|1
|
|-weather|RainDance|[upkeep]
|upkeep
|turn|8
|inactive|massaca has 120 seconds left.
|
|t:|1778510921
|switch|p1a: Tornadus|Tornadus, M|100/100
|move|p2a: Zamazenta|Iron Defense|p2a: Zamazenta
|-boost|p2a: Zamazenta|def|2
|
|-weather|RainDance|[upkeep]
|upkeep
|turn|9
|
|t:|1778510930
|switch|p2a: Ting-Lu|Ting-Lu|100/100
|-ability|p2a: Ting-Lu|Vessel of Ruin
|move|p1a: Tornadus|Bleakwind Storm|p2a: Ting-Lu
|-damage|p2a: Ting-Lu|74/100
|-unboost|p2a: Ting-Lu|spe|1
|-damage|p1a: Tornadus|91/100|[from] item: Life Orb
|
|-weather|RainDance|[upkeep]
|-heal|p2a: Ting-Lu|80/100|[from] item: Leftovers
|upkeep
|turn|10
|
|t:|1778510939
|move|p1a: Tornadus|Weather Ball|p2a: Ting-Lu
|-supereffective|p2a: Ting-Lu
|-damage|p2a: Ting-Lu|29/100
|-damage|p1a: Tornadus|81/100|[from] item: Life Orb
|move|p2a: Ting-Lu|Earthquake|p1a: Tornadus
|-immune|p1a: Tornadus
|
|-weather|RainDance|[upkeep]
|-heal|p2a: Ting-Lu|36/100|[from] item: Leftovers
|upkeep
|turn|11
|
|t:|1778510946
|switch|p2a: Primarina|Primarina, F|67/100
|move|p1a: Tornadus|Weather Ball|p2a: Primarina
|-resisted|p2a: Primarina
|-damage|p2a: Primarina|38/100
|-damage|p1a: Tornadus|71/100|[from] item: Life Orb
|
|-weather|none
|-heal|p2a: Primarina|44/100|[from] item: Leftovers
|upkeep
|turn|12
|
|t:|1778510953
|move|p1a: Tornadus|Taunt|p2a: Primarina
|-start|p2a: Primarina|move: Taunt
|cant|p2a: Primarina|move: Taunt|Calm Mind
|
|-heal|p2a: Primarina|50/100|[from] item: Leftovers
|upkeep
|turn|13
|inactive|massaca has 120 seconds left.
|
|t:|1778510961
|switch|p1a: Porygon2|Porygon2|100/100
|move|p2a: Primarina|Moonblast|p1a: Porygon2
|-damage|p1a: Porygon2|64/100
|
|-heal|p2a: Primarina|56/100|[from] item: Leftovers
|upkeep
|turn|14
|inactive|massaca has 120 seconds left.
|
|t:|1778510971
|move|p2a: Primarina|Moonblast|p1a: Porygon2
|-damage|p1a: Porygon2|32/100
|move|p1a: Porygon2|Tri Attack|p2a: Primarina
|-damage|p2a: Primarina|8/100
|
|-heal|p2a: Primarina|14/100|[from] item: Leftovers
|-end|p2a: Primarina|move: Taunt
|upkeep
|turn|15
|
|t:|1778510977
|move|p2a: Primarina|Moonblast|p1a: Porygon2
|-damage|p1a: Porygon2|0 fnt
|faint|p1a: Porygon2
|
|-heal|p2a: Primarina|20/100|[from] item: Leftovers
|upkeep
|
|t:|1778510986
|switch|p1a: Electrode|Electrode-Hisui|100/100
|turn|16
|inactive|massaca has 120 seconds left.
|l|☆massaca
|inactive|massaca disconnected and has a minute to reconnect!
|player|p2|
|j|☆massaca
|inactive|massaca reconnected and has 110 seconds left.
|player|p2|massaca|265|
|inactive|massaca has 90 seconds left.
|
|t:|1778511040
|switch|p2a: Ting-Lu|Ting-Lu|36/100
|-ability|p2a: Ting-Lu|Vessel of Ruin
|move|p1a: Electrode|Energy Ball|p2a: Ting-Lu
|-supereffective|p2a: Ting-Lu
|-damage|p2a: Ting-Lu|5/100
|
|-heal|p2a: Ting-Lu|11/100|[from] item: Leftovers
|upkeep
|turn|17
|inactive|massaca has 90 seconds left.
|
|t:|1778511053
|move|p1a: Electrode|Energy Ball|p2a: Ting-Lu
|-supereffective|p2a: Ting-Lu
|-damage|p2a: Ting-Lu|0 fnt
|faint|p2a: Ting-Lu
|
|upkeep
|inactive|massaca has 90 seconds left.
|
|t:|1778511060
|switch|p2a: Dragapult|Dragapult, F|100/100
|turn|18
|
|t:|1778511067
|move|p1a: Electrode|Volt Switch|p2a: Dragapult
|-resisted|p2a: Dragapult
|-damage|p2a: Dragapult|79/100
|
|t:|1778511071
|switch|p1a: Politoed|Politoed, F|28/100|[from] Volt Switch
|-weather|RainDance|[from] ability: Drizzle|[of] p1a: Politoed
|move|p2a: Dragapult|Draco Meteor|p1a: Politoed
|-damage|p1a: Politoed|0 fnt
|-unboost|p2a: Dragapult|spa|2
|faint|p1a: Politoed
|-damage|p2a: Dragapult|69/100|[from] item: Life Orb
|
|-weather|RainDance|[upkeep]
|upkeep
|
|t:|1778511082
|switch|p1a: Tornadus|Tornadus, M|71/100
|turn|19
|
|t:|1778511099
|move|p1a: Tornadus|Tailwind|p1a: Tornadus
|-sidestart|p1: 6026_Dark|move: Tailwind
|move|p2a: Dragapult|Dragon Darts|p1a: Tornadus
|-damage|p1a: Tornadus|34/100
|-anim|p2a: Dragapult|Dragon Darts|p1a: Tornadus
|-damage|p1a: Tornadus|0 fnt
|faint|p1a: Tornadus
|-damage|p2a: Dragapult|59/100|[from] item: Life Orb
|
|-weather|RainDance|[upkeep]
|upkeep
|
|t:|1778511108
|switch|p1a: Walking Wake|Walking Wake|100/100
|turn|20
|
|t:|1778511116
|switch|p2a: Primarina|Primarina, F|20/100
|move|p1a: Walking Wake|Hurricane|p2a: Primarina
|-damage|p2a: Primarina|0 fnt
|faint|p2a: Primarina
|
|-weather|RainDance|[upkeep]
|upkeep
|
|t:|1778511140
|switch|p2a: Zamazenta|Zamazenta|100/100
|turn|21
|
|t:|1778511158
|move|p1a: Walking Wake|Weather Ball|p2a: Zamazenta
|-damage|p2a: Zamazenta|44/100
|move|p2a: Zamazenta|Body Press|p1a: Walking Wake
|-damage|p1a: Walking Wake|62/100
|
|-weather|RainDance|[upkeep]
|-heal|p2a: Zamazenta|50/100|[from] item: Leftovers
|upkeep
|turn|22
|inactive|massaca has 90 seconds left.
|
|t:|1778511188
|move|p1a: Walking Wake|Hurricane|p2a: Zamazenta
|-supereffective|p2a: Zamazenta
|-damage|p2a: Zamazenta|0 fnt
|faint|p2a: Zamazenta
|
|-weather|none
|-sideend|p1: 6026_Dark|move: Tailwind
|upkeep
|
|t:|1778511198
|switch|p2a: Dragapult|Dragapult, F|59/100
|turn|23
|
|t:|1778511211
|-terastallize|p1a: Walking Wake|Fairy
|move|p2a: Dragapult|Dragon Darts|p1a: Walking Wake
|-immune|p1a: Walking Wake
|move|p1a: Walking Wake|Draco Meteor|p2a: Dragapult
|-supereffective|p2a: Dragapult
|-damage|p2a: Dragapult|0 fnt
|-unboost|p1a: Walking Wake|spa|2
|faint|p2a: Dragapult
|
|upkeep
|
|t:|1778511231
|switch|p2a: Iron Treads|Iron Treads|100/100
|-enditem|p2a: Iron Treads|Booster Energy
|-activate|p2a: Iron Treads|ability: Quark Drive|[fromitem]
|-start|p2a: Iron Treads|quarkdrivespe
|turn|24
|
|t:|1778511244
|move|p2a: Iron Treads|Earthquake|p1a: Walking Wake
|-damage|p1a: Walking Wake|11/100
|move|p1a: Walking Wake|Hydro Steam|p2a: Iron Treads
|-supereffective|p2a: Iron Treads
|-damage|p2a: Iron Treads|46/100
|
|upkeep
|turn|25
|
|t:|1778511249
|move|p2a: Iron Treads|Earthquake|p1a: Walking Wake
|-damage|p1a: Walking Wake|0 fnt
|faint|p1a: Walking Wake
|-end|p1a: Walking Wake|Protosynthesis|[silent]
|
|upkeep
|
|t:|1778511261
|switch|p1a: Electrode|Electrode-Hisui|100/100
|turn|26
|inactive|massaca has 90 seconds left.
|
|t:|1778511294
|move|p2a: Iron Treads|Earthquake|p1a: Electrode
|-damage|p1a: Electrode|20/100
|move|p1a: Electrode|Energy Ball|p2a: Iron Treads
|-damage|p2a: Iron Treads|0 fnt
|faint|p2a: Iron Treads
|-end|p2a: Iron Treads|Quark Drive|[silent]
|
|upkeep
|
|t:|1778511300
|switch|p2a: Moltres|Moltres|100/100
|turn|27
|
|t:|1778511309
|-terastallize|p2a: Moltres|Fairy
|move|p1a: Electrode|Thunder Wave|p2a: Moltres
|-status|p2a: Moltres|par
|cant|p2a: Moltres|par
|
|upkeep
|turn|28
|
|t:|1778511316
|move|p1a: Electrode|Energy Ball|p2a: Moltres
|-damage|p2a: Moltres|63/100 par
|-unboost|p2a: Moltres|spd|1
|move|p2a: Moltres|Flamethrower|p1a: Electrode
|-supereffective|p1a: Electrode
|-damage|p1a: Electrode|0 fnt
|faint|p1a: Electrode
|
|upkeep
|
|t:|1778511321
|switch|p1a: Iron Hands|Iron Hands|100/100
|turn|29
|
|t:|1778511328
|move|p1a: Iron Hands|Supercell Slam|p2a: Moltres
|-damage|p2a: Moltres|18/100 par
|move|p2a: Moltres|Roost|p2a: Moltres
|-heal|p2a: Moltres|68/100 par
|
|upkeep
|turn|30
|inactive|massaca has 90 seconds left.
|
|t:|1778511334
|move|p1a: Iron Hands|Supercell Slam|p2a: Moltres
|-damage|p2a: Moltres|28/100 par
|cant|p2a: Moltres|par
|
|upkeep
|turn|31
|
|t:|1778511340
|move|p1a: Iron Hands|Supercell Slam|p2a: Moltres
|-damage|p2a: Moltres|0 fnt
|faint|p2a: Moltres
|
|win|6026_Dark
|raw|6026_Dark's rating: 1162 &rarr; <strong>1188</strong><br />(+26 for winning)
|raw|massaca's rating: 1182 &rarr; <strong>1156</strong><br />(-26 for losing)
|l|☆massaca
|player|p2|
|l|☆6026_Dark
|player|p1|
