|html|<div class="broadcast-blue"><strong>[Gen 9] OU is currently suspecting Tera Blast! For information on how to participate check out the <a href="https://www.smogon.com/tools/suspects/view/200">suspect thread</a>.</strong></div>
|j|☆Sm00th23
|j|☆kjojon
|t:|1776054734
|gametype|singles
|player|p1|Sm00th23|alder|1080
|player|p2|kjojon|brock|1027
|gen|9
|tier|[Gen 9] OU
|rated|
|rule|HP Percentage Mod: HP is shown in percentages
|rule|Endless Battle Clause: Forcing endless battles is banned
|rule|Species Clause: Limit one of each Pokémon
|rule|OHKO Clause: OHKO moves are banned
|rule|Evasion Items Clause: Evasion items are banned
|rule|Evasion Moves Clause: Evasion moves are banned
|rule|Evasion Abilities Clause: Evasion abilities are banned
|rule|Sleep Moves Clause: Sleep-inducing moves are banned
|clearpoke
|poke|p1|Delphox, M|
|poke|p1|Torkoal, F|
|poke|p1|Gliscor, F|
|poke|p1|Raging Bolt|
|poke|p1|Samurott-Hisui, F|
|poke|p1|Great Tusk|
|poke|p2|Gardevoir, F|
|poke|p2|Necrozma|
|poke|p2|Duraludon, M|
|poke|p2|Hitmontop, M|
|poke|p2|Porygon-Z|
|poke|p2|Lurantis, F|
|teampreview
|inactive|Battle timer is ON: inactive players will automatically lose when time's up. (requested by Sm00th23)
|
|t:|1776054744
|teamsize|p1|6
|teamsize|p2|6
|start
|switch|p1a: Samurott|Samurott-Hisui, F|100/100
|switch|p2a: Libra|Lurantis, F, shiny|100/100
|turn|1
|
|t:|1776054757
|move|p1a: Samurott|X-Scissor|p2a: Libra
|-supereffective|p2a: Libra
|-damage|p2a: Libra|0 fnt
|faint|p2a: Libra
|
|upkeep
|
|t:|1776054761
|switch|p2a: Garfiel|Hitmontop, M|100/100
|turn|2
|
|t:|1776054773
|switch|p1a: Torkoal|Torkoal, F|100/100
|-weather|SunnyDay|[from] ability: Drought|[of] p1a: Torkoal
|move|p2a: Garfiel|Fake Out|p1a: Torkoal
|-damage|p1a: Torkoal|84/100
|
|-weather|SunnyDay|[upkeep]
|upkeep
|turn|3
|
|t:|1776054777
|switch|p2a: PoyPee|Porygon-Z, shiny|100/100
|move|p1a: Torkoal|Will-O-Wisp|p2a: PoyPee
|-status|p2a: PoyPee|brn
|
|-weather|SunnyDay|[upkeep]
|-damage|p2a: PoyPee|94/100 brn|[from] brn
|upkeep
|turn|4
|
|t:|1776054790
|move|p2a: PoyPee|Tri Attack|p1a: Torkoal
|-damage|p1a: Torkoal|26/100
|move|p1a: Torkoal|Body Press|p2a: PoyPee
|-supereffective|p2a: PoyPee
|-damage|p2a: PoyPee|32/100 brn
|
|-weather|SunnyDay|[upkeep]
|-damage|p2a: PoyPee|26/100 brn|[from] brn
|upkeep
|turn|5
|
|t:|1776054809
|switch|p1a: Delphox|Delphox, M|100/100
|move|p2a: PoyPee|Tri Attack|p1a: Delphox
|-damage|p1a: Delphox|22/100
|
|-weather|SunnyDay|[upkeep]
|-damage|p2a: PoyPee|20/100 brn|[from] brn
|upkeep
|-enditem|p2a: PoyPee|Salac Berry|[eat]
|-boost|p2a: PoyPee|spe|1|[from] item: Salac Berry
|turn|6
|
|t:|1776054827
|switch|p1a: Torkoal|Torkoal, F|26/100
|move|p2a: PoyPee|Tri Attack|p1a: Torkoal
|-damage|p1a: Torkoal|0 fnt
|faint|p1a: Torkoal
|
|-weather|none
|-damage|p2a: PoyPee|14/100 brn|[from] brn
|upkeep
|
|t:|1776054830
|switch|p1a: Raging Bolt|Raging Bolt|100/100
|turn|7
|
|t:|1776054833
|move|p1a: Raging Bolt|Thunderclap|p2a: PoyPee
|-damage|p2a: PoyPee|0 fnt
|faint|p2a: PoyPee
|-damage|p1a: Raging Bolt|91/100|[from] item: Life Orb
|
|upkeep
|
|t:|1776054846
|switch|p2a: Babylon|Duraludon, M, shiny|100/100
|turn|8
|
|t:|1776054851
|-end|p1a: Raging Bolt|Protosynthesis|[silent]
|switch|p1a: Gliscor|Gliscor, F|100/100
|move|p2a: Babylon|Dragon Pulse|p1a: Gliscor
|-damage|p1a: Gliscor|47/100
|
|-status|p1a: Gliscor|tox|[from] item: Toxic Orb
|upkeep
|turn|9
|
|t:|1776054857
|move|p2a: Babylon|Focus Energy|p2a: Babylon
|-start|p2a: Babylon|move: Focus Energy
|move|p1a: Gliscor|Earthquake|p2a: Babylon
|-supereffective|p2a: Babylon
|-crit|p2a: Babylon
|-damage|p2a: Babylon|35/100
|
|-heal|p1a: Gliscor|60/100 tox|[from] ability: Poison Heal
|upkeep
|turn|10
|
|t:|1776054863
|move|p2a: Babylon|Dragon Pulse|p1a: Gliscor
|-damage|p1a: Gliscor|0 fnt
|faint|p1a: Gliscor
|
|upkeep
|
|t:|1776054870
|switch|p1a: Delphox|Delphox, M|22/100
|turn|11
|
|t:|1776054874
|move|p1a: Delphox|Flamethrower|p2a: Babylon
|-damage|p2a: Babylon|0 fnt
|faint|p2a: Babylon
|
|upkeep
|
|t:|1776054881
|switch|p2a: R-Pyrite|Necrozma, shiny|100/100
|turn|12
|
|t:|1776054885
|move|p1a: Delphox|Flamethrower|p2a: R-Pyrite
|-damage|p2a: R-Pyrite|53/100
|move|p2a: R-Pyrite|Dragon Dance|p2a: R-Pyrite
|-boost|p2a: R-Pyrite|atk|1
|-boost|p2a: R-Pyrite|spe|1
|
|upkeep
|turn|13
|
|t:|1776054891
|move|p2a: R-Pyrite|Photon Geyser|p1a: Delphox
|-resisted|p1a: Delphox
|-damage|p1a: Delphox|0 fnt
|faint|p1a: Delphox
|
|upkeep
|
|t:|1776054897
|switch|p1a: Samurott|Samurott-Hisui, F|100/100
|turn|14
|
|t:|1776054901
|move|p2a: R-Pyrite|Brick Break|p1a: Samurott
|-supereffective|p1a: Samurott
|-damage|p1a: Samurott|10/100
|move|p1a: Samurott|Ceaseless Edge|p2a: R-Pyrite
|-supereffective|p2a: R-Pyrite
|-damage|p2a: R-Pyrite|0 fnt
|-sidestart|p2: kjojon|Spikes
|faint|p2a: R-Pyrite
|
|upkeep
|
|t:|1776054912
|switch|p2a: Garfiel|Hitmontop, M|100/100
|-damage|p2a: Garfiel|88/100|[from] Spikes
|turn|15
|
|t:|1776054920
|switch|p1a: Great Tusk|Great Tusk|100/100
|move|p2a: Garfiel|Fake Out|p1a: Great Tusk
|-damage|p1a: Great Tusk|89/100
|
|upkeep
|turn|16
|
|t:|1776054926
|move|p1a: Great Tusk|Rapid Spin|p2a: Garfiel
|-damage|p2a: Garfiel|67/100
|-boost|p1a: Great Tusk|spe|1
|move|p2a: Garfiel|Triple Axel|p1a: Great Tusk
|-supereffective|p1a: Great Tusk
|-damage|p1a: Great Tusk|75/100
|-supereffective|p1a: Great Tusk
|-damage|p1a: Great Tusk|51/100
|-supereffective|p1a: Great Tusk
|-damage|p1a: Great Tusk|11/100
|-hitcount|p1a: Great Tusk|3
|
|upkeep
|turn|17
|
|t:|1776054935
|move|p2a: Garfiel|Mach Punch|p1a: Great Tusk
|-damage|p1a: Great Tusk|0 fnt
|faint|p1a: Great Tusk
|-end|p1a: Great Tusk|Protosynthesis|[silent]
|
|upkeep
|
|t:|1776054939
|switch|p1a: Raging Bolt|Raging Bolt|91/100
|turn|18
|
|t:|1776054947
|move|p1a: Raging Bolt|Thunderclap|p2a: Garfiel
|-damage|p2a: Garfiel|7/100
|-damage|p1a: Raging Bolt|81/100|[from] item: Life Orb
|move|p2a: Garfiel|Mach Punch|p1a: Raging Bolt
|-damage|p1a: Raging Bolt|57/100
|
|upkeep
|turn|19
|
|t:|1776054951
|move|p1a: Raging Bolt|Thunderclap|p2a: Garfiel
|-damage|p2a: Garfiel|0 fnt
|faint|p2a: Garfiel
|-damage|p1a: Raging Bolt|47/100|[from] item: Life Orb
|
|upkeep
|
|t:|1776054953
|switch|p2a: Xodium|Gardevoir, F, shiny|100/100
|-damage|p2a: Xodium|88/100|[from] Spikes
|turn|20
|
|t:|1776054956
|move|p1a: Raging Bolt|Thunderclap|p2a: Xodium
|-damage|p2a: Xodium|32/100
|-damage|p1a: Raging Bolt|38/100|[from] item: Life Orb
|move|p2a: Xodium|Moonblast|p1a: Raging Bolt
|-supereffective|p1a: Raging Bolt
|-damage|p1a: Raging Bolt|0 fnt
|faint|p1a: Raging Bolt
|-end|p1a: Raging Bolt|Protosynthesis|[silent]
|
|upkeep
|
|t:|1776054959
|switch|p1a: Samurott|Samurott-Hisui, F|10/100
|-ability|p2a: Xodium|Sharpness|Trace|[from] ability: Trace|[of] p1a: Samurott
|turn|21
|
|t:|1776054965
|-terastallize|p2a: Xodium|Steel
|move|p2a: Xodium|Moonblast|p1a: Samurott
|-supereffective|p1a: Samurott
|-damage|p1a: Samurott|0 fnt
|faint|p1a: Samurott
|
|win|kjojon
|raw|Sm00th23's rating: 1080 &rarr; <strong>1055</strong><br />(-25 for losing)
|raw|kjojon's rating: 1027 &rarr; <strong>1068</strong><br />(+41 for winning)
|c|☆kjojon|gg's
|l|☆Sm00th23
|player|p1|
