|html|<div class="broadcast-blue"><strong>[Gen 9] OU is currently suspecting Tera Blast! For information on how to participate check out the <a href="https://www.smogon.com/tools/suspects/view/200">suspect thread</a>.</strong></div>
|j|☆Skotus
|j|☆smokey19
|t:|1776113005
|gametype|singles
|player|p1|Skotus|266|1417
|player|p2|smokey19|2|1432
|gen|9
|tier|[Gen 9] OU
|rated|
|rule|HP Percentage Mod: HP is shown in percentages
|rule|Endless Battle Clause: Forcing endless battles is banned
|rule|Species Clause: Limit one of each Pokémon
|rule|OHKO Clause: OHKO moves are banned
|rule|Evasion Items Clause: Evasion items are banned
|rule|Evasion Moves Clause: Evasion moves are banned
|rule|Evasion Abilities Clause: Evasion abilities are banned
|rule|Sleep Moves Clause: Sleep-inducing moves are banned
|clearpoke
|poke|p1|Mandibuzz, F|
|poke|p1|Cloyster, M|
|poke|p1|Polteageist-Antique|
|poke|p1|Blastoise, M|
|poke|p1|Torterra, M|
|poke|p1|Minior|
|poke|p2|Iron Moth|
|poke|p2|Landorus-Therian, M|
|poke|p2|Garganacl, M|
|poke|p2|Slowking-Galar, M|
|poke|p2|Ogerpon, F|
|poke|p2|Enamorus, F|
|teampreview
|
|t:|1776113014
|teamsize|p1|6
|teamsize|p2|6
|start
|switch|p1a: Torterra|Torterra, M|100/100
|switch|p2a: Ogerpon|Ogerpon, F|100/100
|turn|1
|
|t:|1776113023
|switch|p1a: Mandibuzz|Mandibuzz, F|100/100
|move|p2a: Ogerpon|Ivy Cudgel|p1a: Mandibuzz
|-resisted|p1a: Mandibuzz
|-damage|p1a: Mandibuzz|79/100
|
|upkeep
|turn|2
|
|t:|1776113031
|switch|p2a: Garganacl|Garganacl, M|100/100
|switch|p1a: Torterra|Torterra, M|100/100
|
|upkeep
|turn|3
|
|t:|1776113039
|move|p1a: Torterra|Shell Smash|p1a: Torterra
|-unboost|p1a: Torterra|def|1
|-unboost|p1a: Torterra|spd|1
|-boost|p1a: Torterra|atk|2
|-boost|p1a: Torterra|spa|2
|-boost|p1a: Torterra|spe|2
|move|p2a: Garganacl|Salt Cure|p1a: Torterra
|-resisted|p1a: Torterra
|-damage|p1a: Torterra|90/100
|-start|p1a: Torterra|Salt Cure
|
|-damage|p1a: Torterra|78/100|[from] Salt Cure
|upkeep
|turn|4
|
|t:|1776113054
|switch|p2a: Landorus|Landorus-Therian, M|100/100
|-ability|p2a: Landorus|Intimidate|boost
|-unboost|p1a: Torterra|atk|1
|move|p1a: Torterra|Bullet Seed|p2a: Landorus
|-damage|p2a: Landorus|82/100
|-damage|p2a: Landorus|63/100
|-damage|p2a: Landorus|44/100
|-crit|p2a: Landorus
|-damage|p2a: Landorus|16/100
|-hitcount|p2a: Landorus|4
|
|-damage|p1a: Torterra|65/100|[from] Salt Cure
|upkeep
|turn|5
|
|t:|1776113061
|switch|p2a: Slowking|Slowking-Galar, M, shiny|100/100
|move|p1a: Torterra|Bullet Seed|p2a: Slowking
|-resisted|p2a: Slowking
|-damage|p2a: Slowking|93/100
|-resisted|p2a: Slowking
|-damage|p2a: Slowking|85/100
|-resisted|p2a: Slowking
|-damage|p2a: Slowking|78/100
|-resisted|p2a: Slowking
|-damage|p2a: Slowking|71/100
|-hitcount|p2a: Slowking|4
|
|-damage|p1a: Torterra|53/100|[from] Salt Cure
|upkeep
|turn|6
|
|t:|1776113073
|switch|p2a: Landorus|Landorus-Therian, M|16/100
|-ability|p2a: Landorus|Intimidate|boost
|-unboost|p1a: Torterra|atk|1
|move|p1a: Torterra|Rock Blast|p2a: Landorus
|-damage|p2a: Landorus|7/100
|-damage|p2a: Landorus|0 fnt
|faint|p2a: Landorus
|-hitcount|p2: Landorus|2
|
|-damage|p1a: Torterra|41/100|[from] Salt Cure
|upkeep
|
|t:|1776113094
|switch|p2a: Enamorus|Enamorus, F, shiny|100/100
|turn|7
|
|t:|1776113097
|move|p2a: Enamorus|Moonblast|p1a: Torterra
|-damage|p1a: Torterra|0 fnt
|faint|p1a: Torterra
|
|upkeep
|
|t:|1776113104
|switch|p1a: Minior|Minior|100/100
|-formechange|p1a: Minior|Minior-Meteor||[from] ability: Shields Down
|turn|8
|inactive|Battle timer is ON: inactive players will automatically lose when time's up. (requested by smokey19)
|
|t:|1776113108
|move|p2a: Enamorus|Moonblast|p1a: Minior
|-damage|p1a: Minior|24/100
|-unboost|p1a: Minior|spa|1
|move|p1a: Minior|Shell Smash|p1a: Minior
|-unboost|p1a: Minior|def|1
|-unboost|p1a: Minior|spd|1
|-boost|p1a: Minior|atk|2
|-boost|p1a: Minior|spa|2
|-boost|p1a: Minior|spe|2
|
|-formechange|p1a: Minior|Minior||[from] ability: Shields Down
|upkeep
|turn|9
|
|t:|1776113117
|move|p1a: Minior|Rock Slide|p2a: Enamorus
|-supereffective|p2a: Enamorus
|-damage|p2a: Enamorus|0 fnt
|faint|p2a: Enamorus
|
|upkeep
|
|t:|1776113121
|switch|p2a: Garganacl|Garganacl, M|100/100
|turn|10
|
|t:|1776113124
|move|p1a: Minior|Earthquake|p2a: Garganacl
|-supereffective|p2a: Garganacl
|-damage|p2a: Garganacl|12/100
|move|p2a: Garganacl|Salt Cure|p1a: Minior
|-supereffective|p1a: Minior
|-damage|p1a: Minior|0 fnt
|faint|p1a: Minior
|
|upkeep
|
|t:|1776113131
|switch|p1a: Blastoise|Blastoise, M|100/100
|turn|11
|
|t:|1776113134
|move|p1a: Blastoise|Water Spout|p2a: Garganacl
|-supereffective|p2a: Garganacl
|-damage|p2a: Garganacl|0 fnt
|faint|p2a: Garganacl
|
|upkeep
|
|t:|1776113136
|switch|p2a: Ogerpon|Ogerpon, F|100/100
|turn|12
|
|t:|1776113141
|switch|p1a: Mandibuzz|Mandibuzz, F|79/100
|move|p2a: Ogerpon|U-turn|p1a: Mandibuzz
|-damage|p1a: Mandibuzz|59/100
|
|t:|1776113144
|switch|p2a: Iron Moth|Iron Moth|100/100|[from] U-turn
|-enditem|p2a: Iron Moth|Booster Energy
|-activate|p2a: Iron Moth|ability: Quark Drive|[fromitem]
|-start|p2a: Iron Moth|quarkdrivespe
|
|upkeep
|turn|13
|
|t:|1776113151
|move|p2a: Iron Moth|Fiery Dance|p1a: Mandibuzz
|-damage|p1a: Mandibuzz|26/100
|-boost|p2a: Iron Moth|spa|1
|move|p1a: Mandibuzz|Foul Play|p2a: Iron Moth
|-crit|p2a: Iron Moth
|-damage|p2a: Iron Moth|57/100
|
|upkeep
|turn|14
|
|t:|1776113154
|move|p2a: Iron Moth|Fiery Dance|p1a: Mandibuzz
|-damage|p1a: Mandibuzz|0 fnt
|faint|p1a: Mandibuzz
|
|upkeep
|
|t:|1776113156
|switch|p1a: Blastoise|Blastoise, M|100/100
|turn|15
|
|t:|1776113160
|move|p2a: Iron Moth|Sludge Wave|p1a: Blastoise
|-damage|p1a: Blastoise|18/100
|move|p1a: Blastoise|Surf|p2a: Iron Moth
|-supereffective|p2a: Iron Moth
|-damage|p2a: Iron Moth|0 fnt
|faint|p2a: Iron Moth
|-end|p2a: Iron Moth|Quark Drive|[silent]
|
|upkeep
|
|t:|1776113165
|switch|p2a: Ogerpon|Ogerpon, F|100/100
|turn|16
|
|t:|1776113168
|move|p2a: Ogerpon|Ivy Cudgel|p1a: Blastoise
|-supereffective|p1a: Blastoise
|-damage|p1a: Blastoise|0 fnt
|faint|p1a: Blastoise
|
|upkeep
|
|t:|1776113171
|switch|p1a: Cloyster|Cloyster, M|100/100
|turn|17
|
|t:|1776113175
|move|p2a: Ogerpon|Ivy Cudgel|p1a: Cloyster
|-supereffective|p1a: Cloyster
|-enditem|p1a: Cloyster|Focus Sash
|-damage|p1a: Cloyster|1/100
|move|p1a: Cloyster|Shell Smash|p1a: Cloyster
|-unboost|p1a: Cloyster|def|1
|-unboost|p1a: Cloyster|spd|1
|-boost|p1a: Cloyster|atk|2
|-boost|p1a: Cloyster|spa|2
|-boost|p1a: Cloyster|spe|2
|
|upkeep
|turn|18
|
|t:|1776113188
|-terastallize|p2a: Ogerpon|Grass
|detailschange|p2a: Ogerpon|Ogerpon-Teal-Tera, F, tera:Grass
|-ability|p2a: Ogerpon|Embody Aspect (Teal)|boost
|-boost|p2a: Ogerpon|spe|1
|move|p2a: Ogerpon|Ivy Cudgel|p1a: Cloyster
|-supereffective|p1a: Cloyster
|-damage|p1a: Cloyster|0 fnt
|faint|p1a: Cloyster
|
|upkeep
|
|t:|1776113194
|switch|p1a: Polteageist|Polteageist-Antique|100/100
|turn|19
|
|t:|1776113198
|move|p2a: Ogerpon|Ivy Cudgel|p1a: Polteageist
|-enditem|p1a: Polteageist|Focus Sash
|-damage|p1a: Polteageist|1/100
|-ability|p1a: Polteageist|Weak Armor|boost
|-unboost|p1a: Polteageist|def|1
|-boost|p1a: Polteageist|spe|2
|move|p1a: Polteageist|Shadow Ball|p2a: Ogerpon
|-damage|p2a: Ogerpon|49/100
|
|upkeep
|turn|20
|
|t:|1776113205
|move|p2a: Ogerpon|Ivy Cudgel|p1a: Polteageist
|-damage|p1a: Polteageist|0 fnt
|faint|p1a: Polteageist
|
|win|smokey19
|raw|Skotus's rating: 1394 &rarr; <strong>1376</strong><br />(-18 for losing)
|raw|smokey19's rating: 1432 &rarr; <strong>1450</strong><br />(+18 for winning)
|l|☆Skotus
|player|p1|
|l|☆smokey19
|player|p2|
