|html|<div class="broadcast-blue"><strong>[Gen 9] OU is currently suspecting Tera Blast! For information on how to participate check out the <a href="https://www.smogon.com/tools/suspects/view/200">suspect thread</a>.</strong></div>
|j|☆just barely
|j|☆mamcackms
|t:|1776034963
|gametype|singles
|player|p1|just barely|acetrainer|1344
|player|p2|mamcackms|170|1381
|gen|9
|tier|[Gen 9] OU
|rated|
|rule|HP Percentage Mod: HP is shown in percentages
|rule|Endless Battle Clause: Forcing endless battles is banned
|rule|Species Clause: Limit one of each Pokémon
|rule|OHKO Clause: OHKO moves are banned
|rule|Evasion Items Clause: Evasion items are banned
|rule|Evasion Moves Clause: Evasion moves are banned
|rule|Evasion Abilities Clause: Evasion abilities are banned
|rule|Sleep Moves Clause: Sleep-inducing moves are banned
|clearpoke
|poke|p1|Garchomp, F|
|poke|p1|Iron Crown|
|poke|p1|Ogerpon, F|
|poke|p1|Glimmora, M|
|poke|p1|Enamorus, F|
|poke|p1|Samurott-Hisui, F|
|poke|p2|Alomomola, L99, M|
|poke|p2|Great Tusk|
|poke|p2|Drifblim, M|
|poke|p2|Lokix, M|
|poke|p2|Dudunsparce-*, F|
|poke|p2|Latias, F|
|teampreview
|inactive|Battle timer is ON: inactive players will automatically lose when time's up. (requested by mamcackms)
|
|t:|1776034984
|teamsize|p1|6
|teamsize|p2|6
|start
|switch|p1a: Ogerpon|Ogerpon, F|100/100
|switch|p2a: Dudunsparce|Dudunsparce-Three-Segment, F|100/100
|turn|1
|
|t:|1776034995
|move|p1a: Ogerpon|U-turn|p2a: Dudunsparce
|-damage|p2a: Dudunsparce|81/100
|-ability|p2a: Dudunsparce|Rattled|boost
|-boost|p2a: Dudunsparce|spe|1
|
|t:|1776035004
|switch|p1a: Glimmora|Glimmora, M|100/100|[from] U-turn
|move|p2a: Dudunsparce|Glare|p1a: Glimmora
|-status|p1a: Glimmora|par
|
|-heal|p2a: Dudunsparce|87/100|[from] item: Leftovers
|upkeep
|turn|2
|
|t:|1776035014
|move|p2a: Dudunsparce|Boomburst|p1a: Glimmora
|-resisted|p1a: Glimmora
|-damage|p1a: Glimmora|72/100 par
|cant|p1a: Glimmora|par
|
|-heal|p2a: Dudunsparce|93/100|[from] item: Leftovers
|upkeep
|turn|3
|
|t:|1776035020
|move|p2a: Dudunsparce|Boomburst|p1a: Glimmora
|-resisted|p1a: Glimmora
|-damage|p1a: Glimmora|40/100 par
|move|p1a: Glimmora|Stealth Rock|p2a: Dudunsparce
|-sidestart|p2: mamcackms|move: Stealth Rock
|
|-heal|p2a: Dudunsparce|99/100|[from] item: Leftovers
|upkeep
|turn|4
|
|t:|1776035035
|move|p2a: Dudunsparce|Boomburst|p1a: Glimmora
|-resisted|p1a: Glimmora
|-damage|p1a: Glimmora|9/100 par
|move|p1a: Glimmora|Sludge Wave|p2a: Dudunsparce
|-damage|p2a: Dudunsparce|39/100
|
|-heal|p2a: Dudunsparce|46/100|[from] item: Leftovers
|upkeep
|turn|5
|
|t:|1776035042
|switch|p1a: Iron Crown|Iron Crown|100/100
|move|p2a: Dudunsparce|Stealth Rock|p1a: Iron Crown
|-sidestart|p1: just barely|move: Stealth Rock
|
|-heal|p2a: Dudunsparce|52/100|[from] item: Leftovers
|upkeep
|turn|6
|
|t:|1776035055
|switch|p2a: Alomolomola|Alomomola, L99, M|100/100
|-damage|p2a: Alomolomola|88/100|[from] Stealth Rock
|move|p1a: Iron Crown|Focus Blast|p2a: Alomolomola|[miss]
|-miss|p1a: Iron Crown|p2a: Alomolomola
|
|upkeep
|turn|7
|
|t:|1776035063
|move|p1a: Iron Crown|Psychic Noise|p2a: Alomolomola
|-damage|p2a: Alomolomola|62/100
|-start|p2a: Alomolomola|move: Heal Block
|-enditem|p2a: Alomolomola|Eject Button
|
|t:|1776035068
|switch|p2a: Lokix|Lokix, M|100/100
|-damage|p2a: Lokix|76/100|[from] Stealth Rock
|
|upkeep
|turn|8
|
|t:|1776035080
|-end|p1a: Iron Crown|Quark Drive|[silent]
|switch|p1a: Glimmora|Glimmora, M|9/100 par
|-damage|p1a: Glimmora|0 fnt|[from] Stealth Rock
|faint|p1a: Glimmora
|move|p2a: Lokix|First Impression|p1: Glimmora|[notarget]
|-fail|p2a: Lokix
|
|upkeep
|
|t:|1776035097
|switch|p1a: Enamorus|Enamorus, F|100/100
|-damage|p1a: Enamorus|76/100|[from] Stealth Rock
|turn|9
|
|t:|1776035112
|move|p1a: Enamorus|Moonblast|p2a: Lokix
|-supereffective|p2a: Lokix
|-damage|p2a: Lokix|0 fnt
|faint|p2a: Lokix
|
|upkeep
|
|t:|1776035114
|switch|p2a: Alomolomola|Alomomola, L99, M|96/100
|-damage|p2a: Alomolomola|83/100|[from] Stealth Rock
|turn|10
|
|t:|1776035119
|switch|p1a: Samurott|Samurott-Hisui, F|100/100
|-damage|p1a: Samurott|88/100|[from] Stealth Rock
|move|p2a: Alomolomola|Flip Turn|p1a: Samurott
|-resisted|p1a: Samurott
|-damage|p1a: Samurott|80/100
|
|t:|1776035132
|switch|p2a: Latias|Latias, F, shiny|100/100|[from] Flip Turn
|-damage|p2a: Latias|88/100|[from] Stealth Rock
|
|-heal|p2a: Latias|94/100|[from] item: Leftovers
|upkeep
|turn|11
|
|t:|1776035138
|-terastallize|p2a: Latias|Electric
|move|p2a: Latias|Calm Mind|p2a: Latias
|-boost|p2a: Latias|spa|1
|-boost|p2a: Latias|spd|1
|move|p1a: Samurott|Ceaseless Edge|p2a: Latias
|-damage|p2a: Latias|62/100
|-sidestart|p2: mamcackms|Spikes
|
|-heal|p2a: Latias|68/100|[from] item: Leftovers
|upkeep
|turn|12
|
|t:|1776035156
|switch|p1a: Ogerpon|Ogerpon, F|100/100
|move|p2a: Latias|Thunderbolt|p1a: Ogerpon
|-resisted|p1a: Ogerpon
|-damage|p1a: Ogerpon|70/100
|
|-heal|p2a: Latias|74/100|[from] item: Leftovers
|upkeep
|turn|13
|
|t:|1776035177
|-terastallize|p1a: Ogerpon|Grass
|detailschange|p1a: Ogerpon|Ogerpon-Teal-Tera, F, tera:Grass
|-ability|p1a: Ogerpon|Embody Aspect (Teal)|boost
|-boost|p1a: Ogerpon|spe|1
|move|p1a: Ogerpon|U-turn|p2a: Latias
|-damage|p2a: Latias|58/100
|
|t:|1776035184
|switch|p1a: Iron Crown|Iron Crown|100/100|[from] U-turn
|-damage|p1a: Iron Crown|94/100|[from] Stealth Rock
|move|p2a: Latias|Ice Beam|p1a: Iron Crown
|-resisted|p1a: Iron Crown
|-damage|p1a: Iron Crown|82/100
|
|-heal|p2a: Latias|64/100|[from] item: Leftovers
|upkeep
|turn|14
|
|t:|1776035192
|move|p1a: Iron Crown|Psychic Noise|p2a: Latias
|-damage|p2a: Latias|46/100
|-start|p2a: Latias|move: Heal Block
|cant|p2a: Latias|move: Heal Block|Recover
|
|upkeep
|turn|15
|inactive|just barely has 120 seconds left.
|
|t:|1776035220
|move|p1a: Iron Crown|Focus Blast|p2a: Latias
|-damage|p2a: Latias|27/100
|move|p2a: Latias|Thunderbolt|p1a: Iron Crown
|-damage|p1a: Iron Crown|52/100
|
|-end|p2a: Latias|move: Heal Block
|upkeep
|turn|16
|inactive|just barely has 120 seconds left.
|
|t:|1776035226
|move|p1a: Iron Crown|Psychic Noise|p2a: Latias
|-damage|p2a: Latias|8/100
|-start|p2a: Latias|move: Heal Block
|move|p2a: Latias|Thunderbolt|p1a: Iron Crown
|-damage|p1a: Iron Crown|16/100
|
|upkeep
|turn|17
|inactive|just barely has 120 seconds left.
|
|t:|1776035236
|switch|p2a: Alomolomola|Alomomola, L99, M|100/100
|-damage|p2a: Alomolomola|88/100|[from] Stealth Rock
|-damage|p2a: Alomolomola|75/100|[from] Spikes
|move|p1a: Iron Crown|Psychic Noise|p2a: Alomolomola
|-damage|p2a: Alomolomola|46/100
|-start|p2a: Alomolomola|move: Heal Block
|
|upkeep
|turn|18
|
|t:|1776035242
|move|p1a: Iron Crown|Volt Switch|p2a: Alomolomola
|-supereffective|p2a: Alomolomola
|-damage|p2a: Alomolomola|11/100
|
|t:|1776035246
|-end|p1a: Iron Crown|Quark Drive|[silent]
|switch|p1a: Samurott|Samurott-Hisui, F|80/100|[from] Volt Switch
|-damage|p1a: Samurott|68/100|[from] Stealth Rock
|move|p2a: Alomolomola|Flip Turn|p1a: Samurott
|-resisted|p1a: Samurott
|-damage|p1a: Samurott|59/100
|
|t:|1776035250
|switch|p2a: Great Tusk|Great Tusk|100/100|[from] Flip Turn
|-damage|p2a: Great Tusk|98/100|[from] Stealth Rock
|-damage|p2a: Great Tusk|85/100|[from] Spikes
|-enditem|p2a: Great Tusk|Booster Energy
|-activate|p2a: Great Tusk|ability: Protosynthesis|[fromitem]
|-start|p2a: Great Tusk|protosynthesisatk
|
|upkeep
|turn|19
|
|t:|1776035256
|move|p2a: Great Tusk|Rapid Spin|p1a: Samurott
|-damage|p1a: Samurott|34/100
|-boost|p2a: Great Tusk|spe|1
|-sideend|p2: mamcackms|Spikes|[from] move: Rapid Spin|[of] p2a: Great Tusk
|-sideend|p2: mamcackms|Stealth Rock|[from] move: Rapid Spin|[of] p2a: Great Tusk
|move|p1a: Samurott|Razor Shell|p2a: Great Tusk
|-supereffective|p2a: Great Tusk
|-damage|p2a: Great Tusk|9/100
|
|upkeep
|turn|20
|
|t:|1776035271
|move|p1a: Samurott|Sucker Punch|p2a: Great Tusk
|-resisted|p2a: Great Tusk
|-damage|p2a: Great Tusk|0 fnt
|faint|p2a: Great Tusk
|-end|p2a: Great Tusk|Protosynthesis|[silent]
|
|upkeep
|
|t:|1776035276
|switch|p2a: Dudunsparce|Dudunsparce-Three-Segment, F|52/100
|turn|21
|
|t:|1776035292
|move|p1a: Samurott|Ceaseless Edge|p2a: Dudunsparce
|-damage|p2a: Dudunsparce|18/100
|-ability|p2a: Dudunsparce|Rattled|boost
|-boost|p2a: Dudunsparce|spe|1
|-sidestart|p2: mamcackms|Spikes
|move|p2a: Dudunsparce|Glare|p1a: Samurott
|-status|p1a: Samurott|par
|
|-heal|p2a: Dudunsparce|24/100|[from] item: Leftovers
|upkeep
|turn|22
|
|t:|1776035315
|move|p1a: Samurott|Sucker Punch|p2a: Dudunsparce
|-damage|p2a: Dudunsparce|0 fnt
|faint|p2a: Dudunsparce
|
|upkeep
|
|t:|1776035319
|switch|p2a: Latias|Latias, F, shiny, tera:Electric|8/100
|turn|23
|
|t:|1776035323
|switch|p1a: Iron Crown|Iron Crown|16/100
|-damage|p1a: Iron Crown|10/100|[from] Stealth Rock
|move|p2a: Latias|Recover|p2a: Latias
|-heal|p2a: Latias|58/100
|
|-heal|p2a: Latias|64/100|[from] item: Leftovers
|upkeep
|turn|24
|
|t:|1776035333
|move|p1a: Iron Crown|Psychic Noise|p2a: Latias
|-damage|p2a: Latias|38/100
|-start|p2a: Latias|move: Heal Block
|move|p2a: Latias|Thunderbolt|p1a: Iron Crown
|-damage|p1a: Iron Crown|0 fnt
|faint|p1a: Iron Crown
|-end|p1a: Iron Crown|Quark Drive|[silent]
|
|upkeep
|
|t:|1776035358
|switch|p1a: Ogerpon|Ogerpon-Teal-Tera, F, tera:Grass|70/100
|-ability|p1a: Ogerpon|Embody Aspect (Teal)|boost
|-boost|p1a: Ogerpon|spe|1
|turn|25
|
|t:|1776035366
|switch|p2a: Driftblimp|Drifblim, M|100/100
|move|p1a: Ogerpon|Ivy Cudgel|p2a: Driftblimp
|-resisted|p2a: Driftblimp
|-damage|p2a: Driftblimp|69/100
|
|upkeep
|turn|26
|
|t:|1776035375
|move|p1a: Ogerpon|U-turn|p2a: Driftblimp
|-resisted|p2a: Driftblimp
|-damage|p2a: Driftblimp|64/100
|
|t:|1776035378
|switch|p1a: Samurott|Samurott-Hisui, F|34/100 par|[from] U-turn
|-damage|p1a: Samurott|22/100 par|[from] Stealth Rock
|move|p2a: Driftblimp|Strength Sap|p1a: Samurott
|-unboost|p1a: Samurott|atk|1
|-heal|p2a: Driftblimp|100/100
|
|upkeep
|turn|27
|
|t:|1776035383
|move|p2a: Driftblimp|Calm Mind|p2a: Driftblimp
|-boost|p2a: Driftblimp|spa|1
|-boost|p2a: Driftblimp|spd|1
|move|p1a: Samurott|Flip Turn|p2a: Driftblimp
|-damage|p2a: Driftblimp|85/100
|
|t:|1776035400
|switch|p1a: Garchomp|Garchomp, F, shiny|100/100|[from] Flip Turn
|-damage|p1a: Garchomp|94/100|[from] Stealth Rock
|
|upkeep
|turn|28
|
|t:|1776035408
|move|p1a: Garchomp|Swords Dance|p1a: Garchomp
|-boost|p1a: Garchomp|atk|2
|move|p2a: Driftblimp|Strength Sap|p1a: Garchomp
|-unboost|p1a: Garchomp|atk|1
|-heal|p2a: Driftblimp|100/100
|
|upkeep
|turn|29
|
|t:|1776035412
|move|p1a: Garchomp|Scale Shot|p2a: Driftblimp
|-damage|p2a: Driftblimp|82/100
|-damage|p2a: Driftblimp|64/100
|-damage|p2a: Driftblimp|46/100
|-enditem|p2a: Driftblimp|Sitrus Berry|[eat]
|-heal|p2a: Driftblimp|71/100|[from] item: Sitrus Berry
|-damage|p2a: Driftblimp|53/100
|-damage|p2a: Driftblimp|36/100
|-hitcount|p2a: Driftblimp|5
|-unboost|p1a: Garchomp|def|1
|-boost|p1a: Garchomp|spe|1
|move|p2a: Driftblimp|Shadow Ball|p1a: Garchomp
|-damage|p1a: Garchomp|51/100
|
|upkeep
|turn|30
|
|t:|1776035418
|move|p1a: Garchomp|Scale Shot|p2a: Driftblimp
|-damage|p2a: Driftblimp|20/100
|-damage|p2a: Driftblimp|1/100
|-damage|p2a: Driftblimp|0 fnt
|faint|p2a: Driftblimp
|-hitcount|p2: Driftblimp|3
|-unboost|p1a: Garchomp|def|1
|-boost|p1a: Garchomp|spe|1
|
|upkeep
|
|t:|1776035421
|switch|p2a: Alomolomola|Alomomola, L99, M|45/100
|-damage|p2a: Alomolomola|32/100|[from] Spikes
|turn|31
|-message|mamcackms forfeited.
|
|win|just barely
|raw|just barely's rating: 1344 &rarr; <strong>1366</strong><br />(+22 for winning)
|raw|mamcackms's rating: 1381 &rarr; <strong>1359</strong><br />(-22 for losing)
|l|☆mamcackms
|player|p2|
|l|☆just barely
|player|p1|
