|html|<div class="broadcast-blue"><strong>[Gen 9] OU is currently suspecting Tera Blast! For information on how to participate check out the <a href="https://www.smogon.com/tools/suspects/view/200">suspect thread</a>.</strong></div>
|j|☆kcogneur_
|j|☆Fishmanoot
|t:|1776031628
|gametype|singles
|player|p1|kcogneur_|102|1207
|player|p2|Fishmanoot|1|1253
|gen|9
|tier|[Gen 9] OU
|rated|
|rule|HP Percentage Mod: HP is shown in percentages
|rule|Endless Battle Clause: Forcing endless battles is banned
|rule|Species Clause: Limit one of each Pokémon
|rule|OHKO Clause: OHKO moves are banned
|rule|Evasion Items Clause: Evasion items are banned
|rule|Evasion Moves Clause: Evasion moves are banned
|rule|Evasion Abilities Clause: Evasion abilities are banned
|rule|Sleep Moves Clause: Sleep-inducing moves are banned
|clearpoke
|poke|p1|Iron Crown|
|poke|p1|Samurott-Hisui, F|
|poke|p1|Zapdos|
|poke|p1|Dragapult, F|
|poke|p1|Great Tusk|
|poke|p1|Iron Boulder|
|poke|p2|Sceptile, M|
|poke|p2|Toxtricity-Low-Key, M|
|poke|p2|Ribombee, F|
|poke|p2|Corviknight, M|
|poke|p2|Primarina, F|
|poke|p2|Great Tusk|
|teampreview
|inactive|Battle timer is ON: inactive players will automatically lose when time's up. (requested by Fishmanoot)
|
|t:|1776031651
|teamsize|p1|6
|teamsize|p2|6
|start
|switch|p1a: Samurott|Samurott-Hisui, F|100/100
|switch|p2a: Ribombee|Ribombee, F|100/100
|turn|1
|
|t:|1776031667
|move|p1a: Samurott|Flip Turn|p2a: Ribombee
|-damage|p2a: Ribombee|50/100
|
|t:|1776031671
|switch|p1a: Iron Crown|Iron Crown|100/100|[from] Flip Turn
|move|p2a: Ribombee|Sticky Web|p1a: Iron Crown
|-sidestart|p1: kcogneur_|move: Sticky Web
|
|upkeep
|turn|2
|
|t:|1776031681
|move|p2a: Ribombee|Stun Spore|p1a: Iron Crown
|-status|p1a: Iron Crown|par
|move|p1a: Iron Crown|Tachyon Cutter|p2a: Ribombee
|-supereffective|p2a: Ribombee
|-damage|p2a: Ribombee|0 fnt
|faint|p2a: Ribombee
|-hitcount|p2: Ribombee|1
|
|upkeep
|
|t:|1776031706
|switch|p2a: Sceptile|Sceptile, M|100/100
|turn|3
|
|t:|1776031709
|move|p2a: Sceptile|Leaf Blade|p1a: Iron Crown
|-resisted|p1a: Iron Crown
|-damage|p1a: Iron Crown|79/100 par
|move|p1a: Iron Crown|Tachyon Cutter|p2a: Sceptile
|-damage|p2a: Sceptile|50/100
|-damage|p2a: Sceptile|0 fnt
|faint|p2a: Sceptile
|-hitcount|p2: Sceptile|2
|
|upkeep
|
|t:|1776031721
|switch|p2a: Great Tusk|Great Tusk|100/100
|turn|4
|
|t:|1776031724
|-end|p1a: Iron Crown|Quark Drive|[silent]
|switch|p1a: Zapdos|Zapdos|100/100
|move|p2a: Great Tusk|Headlong Rush|p1a: Zapdos
|-immune|p1a: Zapdos
|
|upkeep
|turn|5
|
|t:|1776031728
|move|p2a: Great Tusk|Stealth Rock|p1a: Zapdos
|-sidestart|p1: kcogneur_|move: Stealth Rock
|move|p1a: Zapdos|Hurricane|p2a: Great Tusk
|-supereffective|p2a: Great Tusk
|-damage|p2a: Great Tusk|0 fnt
|faint|p2a: Great Tusk
|-end|p2a: Great Tusk|Protosynthesis|[silent]
|
|upkeep
|
|t:|1776031732
|switch|p2a: Toxtricity|Toxtricity-Low-Key, M|100/100
|turn|6
|
|t:|1776031740
|move|p2a: Toxtricity|Boomburst|p1a: Zapdos
|-damage|p1a: Zapdos|42/100
|move|p1a: Zapdos|U-turn|p2a: Toxtricity
|-resisted|p2a: Toxtricity
|-damage|p2a: Toxtricity|92/100
|
|t:|1776031748
|switch|p1a: Iron Crown|Iron Crown|79/100 par|[from] U-turn
|-activate|p1a: Iron Crown|move: Sticky Web
|-unboost|p1a: Iron Crown|spe|1
|-damage|p1a: Iron Crown|72/100 par|[from] Stealth Rock
|
|upkeep
|turn|7
|
|t:|1776031753
|switch|p2a: Corviknight|Corviknight, M|100/100
|-ability|p2a: Corviknight|Pressure
|move|p1a: Iron Crown|Psyshock|p2a: Corviknight
|-resisted|p2a: Corviknight
|-damage|p2a: Corviknight|83/100
|
|upkeep
|turn|8
|
|t:|1776031758
|-end|p1a: Iron Crown|Quark Drive|[silent]
|switch|p1a: Iron Boulder|Iron Boulder|100/100
|-activate|p1a: Iron Boulder|move: Sticky Web
|-unboost|p1a: Iron Boulder|spe|1
|-damage|p1a: Iron Boulder|88/100|[from] Stealth Rock
|-enditem|p1a: Iron Boulder|Booster Energy
|-activate|p1a: Iron Boulder|ability: Quark Drive|[fromitem]
|-start|p1a: Iron Boulder|quarkdriveatk
|move|p2a: Corviknight|U-turn|p1a: Iron Boulder
|-supereffective|p1a: Iron Boulder
|-damage|p1a: Iron Boulder|53/100
|
|t:|1776031768
|switch|p2a: Toxtricity|Toxtricity-Low-Key, M|92/100|[from] U-turn
|
|upkeep
|turn|9
|
|t:|1776031779
|move|p2a: Toxtricity|Overdrive|p1a: Iron Boulder
|-damage|p1a: Iron Boulder|0 fnt
|faint|p1a: Iron Boulder
|-end|p1a: Iron Boulder|Quark Drive|[silent]
|
|upkeep
|
|t:|1776031788
|switch|p1a: Iron Crown|Iron Crown|72/100 par
|-activate|p1a: Iron Crown|move: Sticky Web
|-unboost|p1a: Iron Crown|spe|1
|-damage|p1a: Iron Crown|66/100 par|[from] Stealth Rock
|turn|10
|
|t:|1776031794
|move|p2a: Toxtricity|Overdrive|p1a: Iron Crown
|-damage|p1a: Iron Crown|10/100 par
|move|p1a: Iron Crown|Volt Switch|p2a: Toxtricity
|-resisted|p2a: Toxtricity
|-damage|p2a: Toxtricity|66/100
|
|t:|1776031805
|-end|p1a: Iron Crown|Quark Drive|[silent]
|switch|p1a: Samurott|Samurott-Hisui, F|100/100|[from] Volt Switch
|-activate|p1a: Samurott|move: Sticky Web
|-unboost|p1a: Samurott|spe|1
|-damage|p1a: Samurott|88/100|[from] Stealth Rock
|
|upkeep
|turn|11
|
|t:|1776031816
|move|p2a: Toxtricity|Overdrive|p1a: Samurott
|-supereffective|p1a: Samurott
|-crit|p1a: Samurott
|-damage|p1a: Samurott|0 fnt
|faint|p1a: Samurott
|
|upkeep
|
|t:|1776031821
|switch|p1a: Zapdos|Zapdos|42/100
|turn|12
|
|t:|1776031825
|-terastallize|p1a: Zapdos|Grass
|move|p2a: Toxtricity|Overdrive|p1a: Zapdos
|-resisted|p1a: Zapdos
|-damage|p1a: Zapdos|15/100
|move|p1a: Zapdos|Roost|p1a: Zapdos
|-heal|p1a: Zapdos|65/100
|
|upkeep
|turn|13
|
|t:|1776031830
|move|p2a: Toxtricity|Overdrive|p1a: Zapdos
|-resisted|p1a: Zapdos
|-damage|p1a: Zapdos|39/100
|move|p1a: Zapdos|Roost|p1a: Zapdos
|-heal|p1a: Zapdos|89/100
|
|upkeep
|turn|14
|
|t:|1776031838
|switch|p2a: Corviknight|Corviknight, M|83/100
|-ability|p2a: Corviknight|Pressure
|move|p1a: Zapdos|Hurricane|p2a: Corviknight
|-resisted|p2a: Corviknight
|-damage|p2a: Corviknight|61/100
|-start|p2a: Corviknight|confusion
|
|upkeep
|turn|15
|
|t:|1776031841
|move|p1a: Zapdos|U-turn|p2a: Corviknight
|-resisted|p2a: Corviknight
|-damage|p2a: Corviknight|59/100
|-damage|p1a: Zapdos|73/100|[from] item: Rocky Helmet|[of] p2a: Corviknight
|
|t:|1776031845
|switch|p1a: Great Tusk|Great Tusk|100/100|[from] U-turn
|-activate|p2a: Corviknight|confusion
|-damage|p2a: Corviknight|55/100|[from] confusion
|
|upkeep
|turn|16
|
|t:|1776031856
|move|p1a: Great Tusk|Rapid Spin|p2a: Corviknight
|-resisted|p2a: Corviknight
|-damage|p2a: Corviknight|50/100
|-boost|p1a: Great Tusk|spe|1
|-damage|p1a: Great Tusk|84/100|[from] item: Rocky Helmet|[of] p2a: Corviknight
|-sideend|p1: kcogneur_|Stealth Rock|[from] move: Rapid Spin|[of] p1a: Great Tusk
|-sideend|p1: kcogneur_|Sticky Web|[from] move: Rapid Spin|[of] p1a: Great Tusk
|-end|p2a: Corviknight|confusion
|move|p2a: Corviknight|Brave Bird|p1a: Great Tusk
|-supereffective|p1a: Great Tusk
|-damage|p1a: Great Tusk|35/100
|-damage|p2a: Corviknight|35/100|[from] Recoil
|
|upkeep
|turn|17
|
|t:|1776031865
|move|p1a: Great Tusk|Ice Spinner|p2a: Corviknight
|-damage|p2a: Corviknight|17/100
|-damage|p1a: Great Tusk|19/100|[from] item: Rocky Helmet|[of] p2a: Corviknight
|move|p2a: Corviknight|U-turn|p1a: Great Tusk
|-resisted|p1a: Great Tusk
|-damage|p1a: Great Tusk|13/100
|
|t:|1776031876
|switch|p2a: Primarina|Primarina, F|100/100|[from] U-turn
|
|upkeep
|turn|18
|
|t:|1776031881
|move|p1a: Great Tusk|Headlong Rush|p2a: Primarina
|-damage|p2a: Primarina|16/100
|-unboost|p1a: Great Tusk|def|1
|-unboost|p1a: Great Tusk|spd|1
|move|p2a: Primarina|Flip Turn|p1a: Great Tusk
|-supereffective|p1a: Great Tusk
|-damage|p1a: Great Tusk|0 fnt
|faint|p1a: Great Tusk
|-end|p1a: Great Tusk|Protosynthesis|[silent]
|
|t:|1776031889
|switch|p2a: Corviknight|Corviknight, M|17/100|[from] Flip Turn
|-ability|p2a: Corviknight|Pressure
|
|upkeep
|
|t:|1776031893
|switch|p1a: Zapdos|Zapdos, tera:Grass|73/100
|turn|19
|
|t:|1776031897
|move|p1a: Zapdos|Discharge|p2a: Corviknight
|-supereffective|p2a: Corviknight
|-damage|p2a: Corviknight|0 fnt
|faint|p2a: Corviknight
|
|upkeep
|
|t:|1776031899
|switch|p2a: Toxtricity|Toxtricity-Low-Key, M|66/100
|turn|20
|
|t:|1776031907
|-terastallize|p2a: Toxtricity|Normal
|move|p2a: Toxtricity|Boomburst|p1a: Zapdos
|-damage|p1a: Zapdos|0 fnt
|faint|p1a: Zapdos
|
|upkeep
|
|t:|1776031911
|switch|p1a: Dragapult|Dragapult, F|100/100
|turn|21
|
|t:|1776031917
|switch|p2a: Primarina|Primarina, F|16/100
|move|p1a: Dragapult|Tera Blast|p2a: Primarina
|-damage|p2a: Primarina|5/100
|
|upkeep
|turn|22
|
|t:|1776031925
|move|p1a: Dragapult|Tera Blast|p2a: Primarina
|-damage|p2a: Primarina|0 fnt
|faint|p2a: Primarina
|
|upkeep
|
|t:|1776031929
|switch|p2a: Toxtricity|Toxtricity-Low-Key, M, tera:Normal|66/100
|turn|23
|
|t:|1776031934
|switch|p1a: Iron Crown|Iron Crown|10/100 par
|move|p2a: Toxtricity|Overdrive|p1a: Iron Crown
|-damage|p1a: Iron Crown|0 fnt
|faint|p1a: Iron Crown
|-end|p1a: Iron Crown|Quark Drive|[silent]
|
|upkeep
|
|t:|1776031939
|switch|p1a: Dragapult|Dragapult, F|100/100
|turn|24
|
|t:|1776031941
|move|p1a: Dragapult|Dragon Darts|p2a: Toxtricity
|-damage|p2a: Toxtricity|10/100
|-anim|p1a: Dragapult|Dragon Darts|p2a: Toxtricity
|-damage|p2a: Toxtricity|0 fnt
|faint|p2a: Toxtricity
|
|win|kcogneur_
|raw|kcogneur_'s rating: 1207 &rarr; <strong>1235</strong><br />(+28 for winning)
|raw|Fishmanoot's rating: 1253 &rarr; <strong>1225</strong><br />(-28 for losing)
|l|☆Fishmanoot
|player|p2|
|l|☆kcogneur_
|player|p1|
