|html|<div class="broadcast-blue"><strong>[Gen 9] OU is currently suspecting Tera Blast! For information on how to participate check out the <a href="https://www.smogon.com/tools/suspects/view/200">suspect thread</a>.</strong></div>
|j|☆NoIdeas4Names
|j|☆mrjoolian
|t:|1776117335
|gametype|singles
|player|p1|NoIdeas4Names|266|1242
|player|p2|mrjoolian|cyclist-gen4|1254
|gen|9
|tier|[Gen 9] OU
|rated|
|rule|HP Percentage Mod: HP is shown in percentages
|rule|Endless Battle Clause: Forcing endless battles is banned
|rule|Species Clause: Limit one of each Pokémon
|rule|OHKO Clause: OHKO moves are banned
|rule|Evasion Items Clause: Evasion items are banned
|rule|Evasion Moves Clause: Evasion moves are banned
|rule|Evasion Abilities Clause: Evasion abilities are banned
|rule|Sleep Moves Clause: Sleep-inducing moves are banned
|clearpoke
|poke|p1|Ursaluna, M|
|poke|p1|Rillaboom, F|
|poke|p1|Hawlucha, M|
|poke|p1|Zamazenta-*|
|poke|p1|Hatterene, F|
|poke|p1|Gholdengo|
|poke|p2|Lycanroc-Dusk, F|
|poke|p2|Garchomp, F|
|poke|p2|Slither Wing|
|poke|p2|Sinistcha-Masterpiece|
|poke|p2|Primarina, F|
|poke|p2|Farigiraf, F|
|teampreview
|
|t:|1776117372
|teamsize|p1|6
|teamsize|p2|6
|start
|switch|p1a: Hatterene|Hatterene, F|100/100
|switch|p2a: Farigiraf|Farigiraf, F, shiny|100/100
|turn|1
|
|t:|1776117377
|move|p2a: Farigiraf|Psychic Terrain|p2a: Farigiraf
|-fieldstart|move: Psychic Terrain
|move|p1a: Hatterene|Calm Mind|p1a: Hatterene
|-boost|p1a: Hatterene|spa|1
|-boost|p1a: Hatterene|spd|1
|
|upkeep
|turn|2
|
|t:|1776117384
|move|p2a: Farigiraf|Nasty Plot|p2a: Farigiraf
|-boost|p2a: Farigiraf|spa|2
|move|p1a: Hatterene|Calm Mind|p1a: Hatterene
|-boost|p1a: Hatterene|spa|1
|-boost|p1a: Hatterene|spd|1
|
|upkeep
|turn|3
|
|t:|1776117390
|move|p2a: Farigiraf|Expanding Force|p1a: Hatterene
|-resisted|p1a: Hatterene
|-damage|p1a: Hatterene|57/100
|move|p1a: Hatterene|Draining Kiss|p2a: Farigiraf
|-damage|p2a: Farigiraf|54/100
|-heal|p1a: Hatterene|100/100|[from] drain|[of] p2a: Farigiraf
|
|upkeep
|turn|4
|
|t:|1776117397
|move|p2a: Farigiraf|Nasty Plot|p2a: Farigiraf
|-boost|p2a: Farigiraf|spa|2
|move|p1a: Hatterene|Draining Kiss|p2a: Farigiraf
|-damage|p2a: Farigiraf|6/100
|-enditem|p2a: Farigiraf|Sitrus Berry|[eat]
|-heal|p2a: Farigiraf|31/100|[from] item: Sitrus Berry
|
|upkeep
|turn|5
|
|t:|1776117400
|move|p2a: Farigiraf|Expanding Force|p1a: Hatterene
|-resisted|p1a: Hatterene
|-damage|p1a: Hatterene|34/100
|move|p1a: Hatterene|Draining Kiss|p2a: Farigiraf
|-damage|p2a: Farigiraf|0 fnt
|-heal|p1a: Hatterene|66/100|[from] drain|[of] p2a: Farigiraf
|faint|p2a: Farigiraf
|
|-fieldend|move: Psychic Terrain
|upkeep
|
|t:|1776117406
|switch|p2a: Snickers|Lycanroc-Dusk, F|100/100
|turn|6
|
|t:|1776117413
|move|p2a: Snickers|Iron Head|p1a: Hatterene
|-supereffective|p1a: Hatterene
|-damage|p1a: Hatterene|14/100
|move|p1a: Hatterene|Draining Kiss|p2a: Snickers
|-damage|p2a: Snickers|30/100
|-heal|p1a: Hatterene|63/100|[from] drain|[of] p2a: Snickers
|
|upkeep
|turn|7
|
|t:|1776117420
|move|p2a: Snickers|Iron Head|p1a: Hatterene
|-supereffective|p1a: Hatterene
|-damage|p1a: Hatterene|4/100
|cant|p1a: Hatterene|flinch
|
|upkeep
|turn|8
|
|t:|1776117423
|move|p2a: Snickers|Accelerock|p1a: Hatterene
|-damage|p1a: Hatterene|0 fnt
|faint|p1a: Hatterene
|
|upkeep
|
|t:|1776117436
|switch|p1a: Gholdengo|Gholdengo|100/100
|-item|p1a: Gholdengo|Air Balloon
|turn|9
|
|t:|1776117448
|move|p2a: Snickers|Iron Head|p1a: Gholdengo
|-resisted|p1a: Gholdengo
|-damage|p1a: Gholdengo|81/100
|-enditem|p1a: Gholdengo|Air Balloon
|move|p1a: Gholdengo|Shadow Ball|p2a: Snickers
|-damage|p2a: Snickers|0 fnt
|faint|p2a: Snickers
|
|upkeep
|
|t:|1776117468
|switch|p2a: Rex|Garchomp, F|100/100
|turn|10
|
|t:|1776117475
|-terastallize|p1a: Gholdengo|Fairy
|move|p1a: Gholdengo|Nasty Plot|p1a: Gholdengo
|-boost|p1a: Gholdengo|spa|2
|move|p2a: Rex|Earthquake|p1a: Gholdengo
|-damage|p1a: Gholdengo|20/100
|
|upkeep
|turn|11
|
|t:|1776117492
|move|p1a: Gholdengo|Make It Rain|p2a: Rex
|-damage|p2a: Rex|18/100
|-unboost|p1a: Gholdengo|spa|1
|move|p2a: Rex|Earthquake|p1a: Gholdengo
|-damage|p1a: Gholdengo|0 fnt
|faint|p1a: Gholdengo
|
|upkeep
|
|t:|1776117503
|switch|p1a: Rillaboom|Rillaboom, F|100/100
|-fieldstart|move: Grassy Terrain|[from] ability: Grassy Surge|[of] p1a: Rillaboom
|turn|12
|
|t:|1776117513
|move|p1a: Rillaboom|U-turn|p2a: Rex
|-damage|p2a: Rex|0 fnt
|-damage|p1a: Rillaboom|88/100|[from] ability: Rough Skin|[of] p2a: Rex
|faint|p2a: Rex
|
|t:|1776117519
|switch|p1a: Ursaluna|Ursaluna, M|100/100|[from] U-turn
|
|-status|p1a: Ursaluna|brn|[from] item: Flame Orb
|upkeep
|
|t:|1776117545
|switch|p2a: Tamale|Sinistcha-Masterpiece|100/100
|turn|13
|
|t:|1776117551
|-terastallize|p2a: Tamale|Fire
|move|p2a: Tamale|Matcha Gotcha|p1a: Ursaluna
|-supereffective|p1a: Ursaluna
|-damage|p1a: Ursaluna|7/100 brn
|move|p1a: Ursaluna|Fire Punch|p2a: Tamale
|-resisted|p2a: Tamale
|-damage|p2a: Tamale|91/100
|
|-heal|p2a: Tamale|97/100|[from] Grassy Terrain
|-heal|p1a: Ursaluna|13/100 brn|[from] Grassy Terrain
|-damage|p1a: Ursaluna|7/100 brn|[from] brn
|upkeep
|turn|14
|
|t:|1776117565
|move|p2a: Tamale|Matcha Gotcha|p1a: Ursaluna
|-supereffective|p1a: Ursaluna
|-damage|p1a: Ursaluna|0 fnt
|-heal|p2a: Tamale|100/100|[from] drain|[of] p1a: Ursaluna
|faint|p1a: Ursaluna
|
|upkeep
|
|t:|1776117577
|switch|p1a: Hawlucha|Hawlucha, M|100/100
|-enditem|p1a: Hawlucha|Grassy Seed
|-boost|p1a: Hawlucha|def|1|[from] item: Grassy Seed
|turn|15
|
|t:|1776117587
|move|p1a: Hawlucha|Encore|p2a: Tamale
|-start|p2a: Tamale|Encore
|move|p2a: Tamale|Matcha Gotcha|p1a: Hawlucha
|-resisted|p1a: Hawlucha
|-damage|p1a: Hawlucha|62/100
|
|upkeep
|turn|16
|inactive|Battle timer is ON: inactive players will automatically lose when time's up. (requested by NoIdeas4Names)
|
|t:|1776117605
|move|p1a: Hawlucha|Swords Dance|p1a: Hawlucha
|-boost|p1a: Hawlucha|atk|2
|move|p2a: Tamale|Matcha Gotcha|p1a: Hawlucha|[miss]
|-miss|p2a: Tamale|p1a: Hawlucha
|-enditem|p2a: Tamale|Blunder Policy
|-boost|p2a: Tamale|spe|2
|
|-fieldend|move: Grassy Terrain
|upkeep
|turn|17
|
|t:|1776117626
|move|p1a: Hawlucha|Acrobatics|p2a: Tamale
|-damage|p2a: Tamale|8/100
|move|p2a: Tamale|Matcha Gotcha|p1a: Hawlucha
|-resisted|p1a: Hawlucha
|-damage|p1a: Hawlucha|29/100
|-heal|p2a: Tamale|23/100|[from] drain|[of] p1a: Hawlucha
|
|-end|p2a: Tamale|Encore
|upkeep
|turn|18
|
|t:|1776117634
|move|p1a: Hawlucha|Acrobatics|p2a: Tamale
|-damage|p2a: Tamale|0 fnt
|faint|p2a: Tamale
|
|upkeep
|
|t:|1776117636
|switch|p2a: Fiona|Primarina, F|100/100
|turn|19
|
|t:|1776117640
|move|p1a: Hawlucha|Acrobatics|p2a: Fiona
|-damage|p2a: Fiona|0 fnt
|faint|p2a: Fiona
|
|upkeep
|
|t:|1776117645
|switch|p2a: Pepper|Slither Wing|100/100
|-enditem|p2a: Pepper|Booster Energy
|-activate|p2a: Pepper|ability: Protosynthesis|[fromitem]
|-start|p2a: Pepper|protosynthesisatk
|turn|20
|
|t:|1776117649
|move|p2a: Pepper|First Impression|p1a: Hawlucha
|-resisted|p1a: Hawlucha
|-damage|p1a: Hawlucha|14/100
|move|p1a: Hawlucha|Acrobatics|p2a: Pepper
|-supereffective|p2a: Pepper
|-damage|p2a: Pepper|0 fnt
|faint|p2a: Pepper
|-end|p2a: Pepper|Protosynthesis|[silent]
|
|win|NoIdeas4Names
|raw|NoIdeas4Names's rating: 1242 &rarr; <strong>1268</strong><br />(+26 for winning)
|raw|mrjoolian's rating: 1254 &rarr; <strong>1228</strong><br />(-26 for losing)
|l|☆mrjoolian
|player|p2|
