|html|<div class="broadcast-blue"><strong>[Gen 9] OU is currently suspecting Volcarona! For information on how to participate check out the <a href="https://www.smogon.com/tools/suspects/view/208">suspect thread</a>.</strong></div>
|j|☆Gilbert3233
|j|☆leuosc
|t:|1778503692
|gametype|singles
|player|p1|Gilbert3233|hilbert-wonderlauncher|1065
|player|p2|leuosc|hugh|1121
|gen|9
|tier|[Gen 9] OU
|rated|
|rule|HP Percentage Mod: HP is shown in percentages
|rule|Endless Battle Clause: Forcing endless battles is banned
|rule|Species Clause: Limit one of each Pokémon
|rule|OHKO Clause: OHKO moves are banned
|rule|Evasion Items Clause: Evasion items are banned
|rule|Evasion Moves Clause: Evasion moves are banned
|rule|Evasion Abilities Clause: Evasion abilities are banned
|rule|Sleep Moves Clause: Sleep-inducing moves are banned
|clearpoke
|poke|p1|Gholdengo|
|poke|p1|Rhyperior, M|
|poke|p1|Dragapult, M|
|poke|p1|Rillaboom, M|
|poke|p1|Haxorus, M|
|poke|p1|Charizard, M|
|poke|p2|Glimmora, F|
|poke|p2|Skarmory, M|
|poke|p2|Gliscor, M|
|poke|p2|Gholdengo|
|poke|p2|Dondozo, M|
|poke|p2|Blissey, F|
|teampreview
|
|t:|1778503704
|teamsize|p1|6
|teamsize|p2|6
|start
|switch|p1a: Charizard|Charizard, M, shiny|100/100
|switch|p2a: Glimmora|Glimmora, F, shiny|100/100
|turn|1
|
|t:|1778503717
|switch|p1a: Rhyperior|Rhyperior, M, shiny|100/100
|move|p2a: Glimmora|Stealth Rock|p1a: Rhyperior
|-sidestart|p1: Gilbert3233|move: Stealth Rock
|
|upkeep
|turn|2
|inactive|Battle timer is ON: inactive players will automatically lose when time's up. (requested by leuosc)
|
|t:|1778503726
|move|p2a: Glimmora|Toxic Spikes|p1a: Rhyperior
|-sidestart|p1: Gilbert3233|move: Toxic Spikes
|move|p1a: Rhyperior|Earthquake|p2a: Glimmora
|-supereffective|p2a: Glimmora
|-enditem|p2a: Glimmora|Focus Sash
|-damage|p2a: Glimmora|1/100
|-activate|p2a: Glimmora|ability: Toxic Debris
|-sidestart|p1: Gilbert3233|move: Toxic Spikes
|
|upkeep
|turn|3
|
|t:|1778503737
|move|p2a: Glimmora|Mortal Spin|p1a: Rhyperior
|-resisted|p1a: Rhyperior
|-damage|p1a: Rhyperior|99/100
|-status|p1a: Rhyperior|psn
|move|p1a: Rhyperior|Megahorn|p2a: Glimmora
|-resisted|p2a: Glimmora
|-damage|p2a: Glimmora|0 fnt
|faint|p2a: Glimmora
|
|-heal|p1a: Rhyperior|100/100 psn|[from] item: Leftovers
|-damage|p1a: Rhyperior|88/100 psn|[from] psn
|upkeep
|
|t:|1778503751
|switch|p2a: Gliscor|Gliscor, M, shiny|100/100
|turn|4
|
|t:|1778503772
|switch|p1a: Gholdengo|Gholdengo, shiny|100/100
|-damage|p1a: Gholdengo|94/100|[from] Stealth Rock
|-item|p1a: Gholdengo|Air Balloon
|move|p2a: Gliscor|Substitute|p2a: Gliscor
|-start|p2a: Gliscor|Substitute
|-damage|p2a: Gliscor|75/100
|
|-status|p2a: Gliscor|tox|[from] item: Toxic Orb
|upkeep
|turn|5
|inactive|Gilbert3233 has 120 seconds left.
|
|t:|1778503798
|switch|p2a: Dondozo|Dondozo, M, shiny|100/100
|-terastallize|p1a: Gholdengo|Steel
|move|p1a: Gholdengo|Flash Cannon|p2a: Dondozo
|-resisted|p2a: Dondozo
|-damage|p2a: Dondozo|79/100
|
|-heal|p2a: Dondozo|85/100|[from] item: Leftovers
|upkeep
|turn|6
|inactive|Gilbert3233 has 120 seconds left.
|
|t:|1778503809
|move|p1a: Gholdengo|Make It Rain|p2a: Dondozo
|-resisted|p2a: Dondozo
|-damage|p2a: Dondozo|51/100
|-unboost|p1a: Gholdengo|spa|1
|move|p2a: Dondozo|Wave Crash|p1a: Gholdengo
|-damage|p1a: Gholdengo|46/100
|-enditem|p1a: Gholdengo|Air Balloon
|-damage|p2a: Dondozo|42/100|[from] Recoil
|
|-heal|p2a: Dondozo|48/100|[from] item: Leftovers
|upkeep
|turn|7
|inactive|Gilbert3233 has 120 seconds left.
|
|t:|1778503823
|move|p1a: Gholdengo|Confuse Ray|p2a: Dondozo
|-start|p2a: Dondozo|confusion
|-activate|p2a: Dondozo|confusion
|-damage|p2a: Dondozo|44/100|[from] confusion
|
|-heal|p2a: Dondozo|50/100|[from] item: Leftovers
|upkeep
|turn|8
|inactive|Gilbert3233 has 120 seconds left.
|
|t:|1778503831
|move|p1a: Gholdengo|Thunderbolt|p2a: Dondozo
|-supereffective|p2a: Dondozo
|-damage|p2a: Dondozo|1/100
|-activate|p2a: Dondozo|confusion
|move|p2a: Dondozo|Rest|p2a: Dondozo
|-status|p2a: Dondozo|slp|[from] move: Rest
|-heal|p2a: Dondozo|100/100 slp|[silent]
|
|upkeep
|turn|9
|
|t:|1778503840
|move|p1a: Gholdengo|Thunderbolt|p2a: Dondozo
|-supereffective|p2a: Dondozo
|-damage|p2a: Dondozo|50/100 slp
|cant|p2a: Dondozo|slp
|-end|p2a: Dondozo|confusion
|move|p2a: Dondozo|Sleep Talk|p2a: Dondozo
|move|p2a: Dondozo|Rest||[from] move: Sleep Talk|[still]
|-fail|p2a: Dondozo
|
|-heal|p2a: Dondozo|57/100 slp|[from] item: Leftovers
|upkeep
|turn|10
|
|t:|1778503852
|move|p1a: Gholdengo|Thunderbolt|p2a: Dondozo
|-supereffective|p2a: Dondozo
|-damage|p2a: Dondozo|4/100 slp
|cant|p2a: Dondozo|slp
|move|p2a: Dondozo|Sleep Talk|p2a: Dondozo
|move|p2a: Dondozo|Body Press|p1a: Gholdengo|[from] move: Sleep Talk
|-supereffective|p1a: Gholdengo
|-damage|p1a: Gholdengo|0 fnt
|faint|p1a: Gholdengo
|
|-heal|p2a: Dondozo|10/100 slp|[from] item: Leftovers
|upkeep
|inactive|Gilbert3233 has 120 seconds left.
|
|t:|1778503875
|switch|p1a: Dragapult|Dragapult, M, shiny|100/100
|-damage|p1a: Dragapult|88/100|[from] Stealth Rock
|-status|p1a: Dragapult|tox
|turn|11
|
|t:|1778503882
|move|p1a: Dragapult|Thunderbolt|p2a: Dondozo
|-supereffective|p2a: Dondozo
|-damage|p2a: Dondozo|0 fnt
|faint|p2a: Dondozo
|
|-heal|p1a: Dragapult|94/100 tox|[from] item: Leftovers
|-damage|p1a: Dragapult|88/100 tox|[from] psn
|upkeep
|
|t:|1778503886
|switch|p2a: Blissey|Blissey, F|100/100
|turn|12
|inactive|Gilbert3233 has 120 seconds left.
|
|t:|1778503906
|switch|p2a: Gliscor|Gliscor, M, shiny|75/100 tox
|move|p1a: Dragapult|Thunderbolt|p2a: Gliscor
|-immune|p2a: Gliscor
|
|-heal|p1a: Dragapult|94/100 tox|[from] item: Leftovers
|-damage|p1a: Dragapult|82/100 tox|[from] psn
|-heal|p2a: Gliscor|88/100 tox|[from] ability: Poison Heal
|upkeep
|turn|13
|
|t:|1778503929
|move|p1a: Dragapult|Shadow Ball|p2a: Gliscor
|-damage|p2a: Gliscor|46/100 tox
|move|p2a: Gliscor|Substitute|p2a: Gliscor
|-start|p2a: Gliscor|Substitute
|-damage|p2a: Gliscor|21/100 tox
|
|-heal|p1a: Dragapult|88/100 tox|[from] item: Leftovers
|-damage|p1a: Dragapult|70/100 tox|[from] psn
|-heal|p2a: Gliscor|33/100 tox|[from] ability: Poison Heal
|upkeep
|turn|14
|
|t:|1778503941
|move|p2a: Gliscor|Protect|p2a: Gliscor
|-singleturn|p2a: Gliscor|Protect
|move|p1a: Dragapult|Shadow Ball|p2a: Gliscor
|-activate|p2a: Gliscor|move: Protect
|
|-heal|p1a: Dragapult|76/100 tox|[from] item: Leftovers
|-damage|p1a: Dragapult|51/100 tox|[from] psn
|-heal|p2a: Gliscor|46/100 tox|[from] ability: Poison Heal
|upkeep
|turn|15
|
|t:|1778503953
|move|p1a: Dragapult|Shadow Ball|p2a: Gliscor
|-end|p2a: Gliscor|Substitute
|move|p2a: Gliscor|Earthquake|p1a: Dragapult
|-damage|p1a: Dragapult|11/100 tox
|
|-heal|p1a: Dragapult|17/100 tox|[from] item: Leftovers
|-damage|p1a: Dragapult|0 fnt|[from] psn
|faint|p1a: Dragapult
|-heal|p2a: Gliscor|58/100 tox|[from] ability: Poison Heal
|upkeep
|inactive|Gilbert3233 has 90 seconds left.
|
|t:|1778503970
|switch|p1a: Rillaboom|Rillaboom, M, shiny|100/100
|turn|16
|
|t:|1778503980
|move|p1a: Rillaboom|Endeavor|p2a: Gliscor
|-immune|p2a: Gliscor
|move|p2a: Gliscor|Toxic|p1a: Rillaboom
|-status|p1a: Rillaboom|tox
|
|-damage|p1a: Rillaboom|94/100 tox|[from] psn
|-heal|p2a: Gliscor|71/100 tox|[from] ability: Poison Heal
|upkeep
|turn|17
|
|t:|1778503992
|move|p1a: Rillaboom|Drum Beating|p2a: Gliscor
|-damage|p2a: Gliscor|50/100 tox
|-unboost|p2a: Gliscor|spe|1
|move|p2a: Gliscor|Substitute|p2a: Gliscor
|-start|p2a: Gliscor|Substitute
|-damage|p2a: Gliscor|25/100 tox
|
|-damage|p1a: Rillaboom|82/100 tox|[from] psn
|-heal|p2a: Gliscor|37/100 tox|[from] ability: Poison Heal
|upkeep
|turn|18
|
|t:|1778504004
|move|p2a: Gliscor|Protect|p2a: Gliscor
|-singleturn|p2a: Gliscor|Protect
|move|p1a: Rillaboom|Drum Beating|p2a: Gliscor
|-activate|p2a: Gliscor|move: Protect
|
|-damage|p1a: Rillaboom|64/100 tox|[from] psn
|-heal|p2a: Gliscor|50/100 tox|[from] ability: Poison Heal
|upkeep
|turn|19
|inactive|Gilbert3233 has 90 seconds left.
|
|t:|1778504029
|move|p1a: Rillaboom|Drum Beating|p2a: Gliscor
|-activate|p2a: Gliscor|move: Substitute|[damage]
|move|p2a: Gliscor|Earthquake|p1a: Rillaboom
|-resisted|p1a: Rillaboom
|-damage|p1a: Rillaboom|47/100 tox
|
|-damage|p1a: Rillaboom|22/100 tox|[from] psn
|-heal|p2a: Gliscor|62/100 tox|[from] ability: Poison Heal
|upkeep
|turn|20
|
|t:|1778504042
|move|p2a: Gliscor|Protect|p2a: Gliscor
|-singleturn|p2a: Gliscor|Protect
|move|p1a: Rillaboom|Endeavor|p2a: Gliscor
|-activate|p2a: Gliscor|move: Protect
|
|-damage|p1a: Rillaboom|0 fnt|[from] psn
|faint|p1a: Rillaboom
|-heal|p2a: Gliscor|75/100 tox|[from] ability: Poison Heal
|upkeep
|
|t:|1778504054
|switch|p1a: Haxorus|Haxorus, M, shiny|100/100
|-damage|p1a: Haxorus|88/100|[from] Stealth Rock
|-status|p1a: Haxorus|tox
|-ability|p1a: Haxorus|Mold Breaker
|turn|21
|
|t:|1778504068
|move|p1a: Haxorus|Outrage|p2a: Gliscor
|-end|p2a: Gliscor|Substitute
|move|p2a: Gliscor|Earthquake|p1a: Haxorus
|-crit|p1a: Haxorus
|-damage|p1a: Haxorus|23/100 tox
|
|-heal|p1a: Haxorus|29/100 tox|[from] item: Leftovers
|-damage|p1a: Haxorus|23/100 tox|[from] psn
|-heal|p2a: Gliscor|87/100 tox|[from] ability: Poison Heal
|upkeep
|turn|22
|
|t:|1778504089
|move|p2a: Gliscor|Protect|p2a: Gliscor
|-singleturn|p2a: Gliscor|Protect
|move|p1a: Haxorus|Outrage|p2a: Gliscor|[from] lockedmove
|-activate|p2a: Gliscor|move: Protect
|
|-heal|p1a: Haxorus|29/100 tox|[from] item: Leftovers
|-damage|p1a: Haxorus|16/100 tox|[from] psn
|-heal|p2a: Gliscor|99/100 tox|[from] ability: Poison Heal
|upkeep
|turn|23
|
|t:|1778504100
|move|p1a: Haxorus|Outrage|p2a: Gliscor
|-damage|p2a: Gliscor|61/100 tox
|move|p2a: Gliscor|Earthquake|p1a: Haxorus
|-damage|p1a: Haxorus|0 fnt
|faint|p1a: Haxorus
|
|-heal|p2a: Gliscor|74/100 tox|[from] ability: Poison Heal
|upkeep
|
|t:|1778504112
|switch|p1a: Rhyperior|Rhyperior, M, shiny|88/100 psn
|-damage|p1a: Rhyperior|82/100 psn|[from] Stealth Rock
|turn|24
|
|t:|1778504125
|move|p2a: Gliscor|Substitute|p2a: Gliscor
|-start|p2a: Gliscor|Substitute
|-damage|p2a: Gliscor|49/100 tox
|move|p1a: Rhyperior|Megahorn|p2a: Gliscor
|-resisted|p2a: Gliscor
|-activate|p2a: Gliscor|move: Substitute|[damage]
|
|-heal|p1a: Rhyperior|88/100 psn|[from] item: Leftovers
|-heal|p2a: Gliscor|61/100 tox|[from] ability: Poison Heal
|-damage|p1a: Rhyperior|76/100 psn|[from] psn
|upkeep
|turn|25
|-message|Gilbert3233 forfeited.
|
|win|leuosc
|raw|Gilbert3233's rating: 1065 &rarr; <strong>1048</strong><br />(-17 for losing)
|raw|leuosc's rating: 1121 &rarr; <strong>1142</strong><br />(+21 for winning)
|l|☆Gilbert3233
|player|p1|
|l|☆leuosc
|player|p2|
