|html|<div class="broadcast-blue"><strong>[Gen 9] OU is currently suspecting Tera Blast! For information on how to participate check out the <a href="https://www.smogon.com/tools/suspects/view/200">suspect thread</a>.</strong></div>
|j|☆Dragonmaster5020
|j|☆yukideee
|t:|1776161832
|gametype|singles
|player|p1|Dragonmaster5020|unknown|1170
|player|p2|yukideee|cynthia-masters4|1125
|gen|9
|tier|[Gen 9] OU
|rated|
|rule|HP Percentage Mod: HP is shown in percentages
|rule|Endless Battle Clause: Forcing endless battles is banned
|rule|Species Clause: Limit one of each Pokémon
|rule|OHKO Clause: OHKO moves are banned
|rule|Evasion Items Clause: Evasion items are banned
|rule|Evasion Moves Clause: Evasion moves are banned
|rule|Evasion Abilities Clause: Evasion abilities are banned
|rule|Sleep Moves Clause: Sleep-inducing moves are banned
|clearpoke
|poke|p1|Gholdengo|
|poke|p1|Ceruledge, F|
|poke|p1|Iron Valiant|
|poke|p1|Glimmora, F|
|poke|p1|Landorus-Therian, M|
|poke|p1|Rotom-Wash|
|poke|p2|Greninja-*, M|
|poke|p2|Pelipper, F|
|poke|p2|Overqwil, M|
|poke|p2|Kyurem|
|poke|p2|Moltres|
|poke|p2|Ogerpon-Wellspring, F|
|teampreview
|inactive|Battle timer is ON: inactive players will automatically lose when time's up. (requested by Dragonmaster5020)
|
|t:|1776161853
|teamsize|p1|6
|teamsize|p2|6
|start
|switch|p1a: Glimmora|Glimmora, F|100/100
|switch|p2a: Pelipper|Pelipper, F, shiny|100/100
|-item|p1a: Glimmora|Air Balloon
|-weather|RainDance|[from] ability: Drizzle|[of] p2a: Pelipper
|turn|1
|
|t:|1776161865
|switch|p1a: Rotom|Rotom-Wash|100/100
|switch|p2a: Moltres|Moltres, shiny|100/100
|
|-weather|RainDance|[upkeep]
|upkeep
|turn|2
|
|t:|1776161874
|move|p1a: Rotom|Thunderbolt|p2a: Moltres
|-supereffective|p2a: Moltres
|-damage|p2a: Moltres|28/100
|move|p2a: Moltres|U-turn|p1a: Rotom
|-damage|p1a: Rotom|82/100
|
|t:|1776161878
|switch|p2a: Kyurem|Kyurem, shiny|100/100|[from] U-turn
|-ability|p2a: Kyurem|Pressure
|
|-weather|RainDance|[upkeep]
|-heal|p1a: Rotom|88/100|[from] item: Leftovers
|upkeep
|turn|3
|
|t:|1776161895
|switch|p1a: Iron Valiant|Iron Valiant|100/100
|-enditem|p1a: Iron Valiant|Booster Energy
|-activate|p1a: Iron Valiant|ability: Quark Drive|[fromitem]
|-start|p1a: Iron Valiant|quarkdrivespe
|move|p2a: Kyurem|Draco Meteor|p1a: Iron Valiant
|-immune|p1a: Iron Valiant
|
|-weather|RainDance|[upkeep]
|upkeep
|turn|4
|
|t:|1776161909
|switch|p2a: Moltres|Moltres, shiny|28/100
|move|p1a: Iron Valiant|Spirit Break|p2a: Moltres
|-resisted|p2a: Moltres
|-damage|p2a: Moltres|12/100
|-unboost|p2a: Moltres|spa|1
|
|-weather|RainDance|[upkeep]
|upkeep
|turn|5
|
|t:|1776161919
|move|p1a: Iron Valiant|Drain Punch|p2a: Moltres
|-resisted|p2a: Moltres
|-damage|p2a: Moltres|0 fnt
|-status|p1a: Iron Valiant|brn|[from] ability: Flame Body|[of] p2a: Moltres
|faint|p2a: Moltres
|
|-weather|RainDance|[upkeep]
|-damage|p1a: Iron Valiant|94/100 brn|[from] brn
|upkeep
|
|t:|1776161924
|switch|p2a: Overqwil|Overqwil, M, shiny|100/100
|turn|6
|
|t:|1776161929
|move|p1a: Iron Valiant|Swords Dance|p1a: Iron Valiant
|-boost|p1a: Iron Valiant|atk|2
|move|p2a: Overqwil|Gunk Shot|p1a: Iron Valiant|[miss]
|-miss|p2a: Overqwil|p1a: Iron Valiant
|
|-weather|RainDance|[upkeep]
|-damage|p1a: Iron Valiant|88/100 brn|[from] brn
|upkeep
|turn|7
|
|t:|1776161941
|move|p1a: Iron Valiant|Drain Punch|p2a: Overqwil
|-damage|p2a: Overqwil|58/100
|-heal|p1a: Iron Valiant|100/100 brn|[from] drain|[of] p2a: Overqwil
|move|p2a: Overqwil|Gunk Shot|p1a: Iron Valiant
|-supereffective|p1a: Iron Valiant
|-damage|p1a: Iron Valiant|0 fnt
|faint|p1a: Iron Valiant
|-end|p1a: Iron Valiant|Quark Drive|[silent]
|-damage|p2a: Overqwil|48/100|[from] item: Life Orb
|
|-weather|RainDance|[upkeep]
|upkeep
|
|t:|1776161959
|switch|p1a: Ceruledge|Ceruledge, F|100/100
|turn|8
|
|t:|1776161963
|move|p2a: Overqwil|Crunch|p1a: Ceruledge
|-supereffective|p1a: Ceruledge
|-enditem|p1a: Ceruledge|Focus Sash
|-damage|p1a: Ceruledge|1/100
|-ability|p1a: Ceruledge|Weak Armor|boost
|-unboost|p1a: Ceruledge|def|1
|-boost|p1a: Ceruledge|spe|2
|-damage|p2a: Overqwil|38/100|[from] item: Life Orb
|move|p1a: Ceruledge|Swords Dance|p1a: Ceruledge
|-boost|p1a: Ceruledge|atk|2
|
|-weather|none
|upkeep
|turn|9
|
|t:|1776161974
|move|p1a: Ceruledge|Bitter Blade|p2a: Overqwil
|-damage|p2a: Overqwil|0 fnt
|-heal|p1a: Ceruledge|21/100|[from] drain|[of] p2a: Overqwil
|faint|p2a: Overqwil
|
|upkeep
|
|t:|1776161979
|switch|p2a: Pelipper|Pelipper, F, shiny|100/100
|-weather|RainDance|[from] ability: Drizzle|[of] p2a: Pelipper
|turn|10
|
|t:|1776161985
|move|p1a: Ceruledge|Throat Chop|p2a: Pelipper
|-damage|p2a: Pelipper|27/100
|-start|p2a: Pelipper|Throat Chop|[silent]
|move|p2a: Pelipper|Weather Ball|p1a: Ceruledge
|-supereffective|p1a: Ceruledge
|-damage|p1a: Ceruledge|0 fnt
|faint|p1a: Ceruledge
|
|-weather|RainDance|[upkeep]
|upkeep
|
|t:|1776161993
|switch|p1a: Rotom|Rotom-Wash|88/100
|turn|11
|
|t:|1776161999
|move|p1a: Rotom|Thunderbolt|p2a: Pelipper
|-supereffective|p2a: Pelipper
|-damage|p2a: Pelipper|0 fnt
|faint|p2a: Pelipper
|
|-weather|RainDance|[upkeep]
|-heal|p1a: Rotom|95/100|[from] item: Leftovers
|upkeep
|
|t:|1776162010
|switch|p2a: Ogerpon|Ogerpon-Wellspring, F|100/100
|turn|12
|
|t:|1776162018
|move|p2a: Ogerpon|Swords Dance|p2a: Ogerpon
|-boost|p2a: Ogerpon|atk|2
|move|p1a: Rotom|Thunderbolt|p2a: Ogerpon
|-crit|p2a: Ogerpon
|-damage|p2a: Ogerpon|31/100
|
|-weather|RainDance|[upkeep]
|-heal|p1a: Rotom|100/100|[from] item: Leftovers
|upkeep
|turn|13
|
|t:|1776162026
|move|p2a: Ogerpon|Trailblaze|p1a: Rotom
|-supereffective|p1a: Rotom
|-damage|p1a: Rotom|0 fnt
|-boost|p2a: Ogerpon|spe|1
|faint|p1a: Rotom
|
|-weather|RainDance|[upkeep]
|upkeep
|
|t:|1776162040
|switch|p1a: Glimmora|Glimmora, F|100/100
|-item|p1a: Glimmora|Air Balloon
|turn|14
|c|☆yukideee|gg
|
|t:|1776162055
|move|p2a: Ogerpon|Ivy Cudgel|p1a: Glimmora|[anim] Ivy Cudgel Water
|-supereffective|p1a: Glimmora
|-damage|p1a: Glimmora|0 fnt
|-activate|p1a: Glimmora|ability: Toxic Debris
|-sidestart|p2: yukideee|move: Toxic Spikes
|-enditem|p1a: Glimmora|Air Balloon
|faint|p1a: Glimmora
|
|-weather|RainDance|[upkeep]
|upkeep
|
|t:|1776162071
|switch|p1a: Gholdengo|Gholdengo|100/100
|turn|15
|
|t:|1776162078
|-terastallize|p2a: Ogerpon|Water
|detailschange|p2a: Ogerpon|Ogerpon-Wellspring-Tera, F, tera:Water
|-ability|p2a: Ogerpon|Embody Aspect (Wellspring)|boost
|-boost|p2a: Ogerpon|spd|1
|move|p2a: Ogerpon|Ivy Cudgel|p1a: Gholdengo|[anim] Ivy Cudgel Water
|-damage|p1a: Gholdengo|0 fnt
|faint|p1a: Gholdengo
|
|-weather|RainDance|[upkeep]
|upkeep
|
|t:|1776162085
|switch|p1a: Landorus|Landorus-Therian, M|100/100
|-ability|p1a: Landorus|Intimidate|boost
|-unboost|p2a: Ogerpon|atk|1
|turn|16
|
|t:|1776162090
|move|p2a: Ogerpon|Ivy Cudgel|p1a: Landorus|[anim] Ivy Cudgel Water
|-supereffective|p1a: Landorus
|-damage|p1a: Landorus|0 fnt
|faint|p1a: Landorus
|
|win|yukideee
|raw|Dragonmaster5020's rating: 1170 &rarr; <strong>1142</strong><br />(-28 for losing)
|raw|yukideee's rating: 1125 &rarr; <strong>1153</strong><br />(+28 for winning)
