|html|<div class="broadcast-blue"><strong>[Gen 9] OU is currently suspecting Tera Blast! For information on how to participate check out the <a href="https://www.smogon.com/tools/suspects/view/200">suspect thread</a>.</strong></div>
|j|☆cecestar
|j|☆Kantola
|t:|1776254352
|gametype|singles
|player|p1|cecestar|cynthia-gen4|
|player|p2|Kantola|266|
|gen|9
|tier|[Gen 9] OU
|rule|HP Percentage Mod: HP is shown in percentages
|rule|Endless Battle Clause: Forcing endless battles is banned
|rule|Species Clause: Limit one of each Pokémon
|rule|OHKO Clause: OHKO moves are banned
|rule|Evasion Items Clause: Evasion items are banned
|rule|Evasion Moves Clause: Evasion moves are banned
|rule|Evasion Abilities Clause: Evasion abilities are banned
|rule|Sleep Moves Clause: Sleep-inducing moves are banned
|clearpoke
|poke|p1|Samurott-Hisui, F|
|poke|p1|Garchomp, F|
|poke|p1|Iron Moth|
|poke|p1|Clodsire, F|
|poke|p1|Ceruledge, F|
|poke|p1|Skarmory, F|
|poke|p2|Pelipper, F|
|poke|p2|Kingdra, M|
|poke|p2|Great Tusk|
|poke|p2|Amoonguss, M|
|poke|p2|Zapdos|
|poke|p2|Basculegion, M|
|teampreview
|
|t:|1776254367
|teamsize|p1|6
|teamsize|p2|6
|start
|switch|p1a: Lila|Samurott-Hisui, F|100/100
|switch|p2a: Pelipper|Pelipper, F, shiny|100/100
|-weather|RainDance|[from] ability: Drizzle|[of] p2a: Pelipper
|turn|1
|
|t:|1776254378
|move|p1a: Lila|Ceaseless Edge|p2a: Pelipper
|-damage|p2a: Pelipper|70/100
|-sidestart|p2: Kantola|Spikes
|move|p2a: Pelipper|Chilling Water|p1a: Lila
|-resisted|p1a: Lila
|-damage|p1a: Lila|92/100
|-unboost|p1a: Lila|atk|1
|
|-weather|RainDance|[upkeep]
|upkeep
|turn|2
|
|t:|1776254385
|move|p1a: Lila|Ceaseless Edge|p2a: Pelipper
|-damage|p2a: Pelipper|46/100
|-sidestart|p2: Kantola|Spikes
|move|p2a: Pelipper|U-turn|p1a: Lila
|-supereffective|p1a: Lila
|-damage|p1a: Lila|75/100
|
|t:|1776254389
|switch|p2a: Great Tusk|Great Tusk|100/100|[from] U-turn
|
|-weather|RainDance|[upkeep]
|upkeep
|turn|3
|
|t:|1776254405
|switch|p1a: Luna|Ceruledge, F|100/100
|move|p2a: Great Tusk|Close Combat|p1a: Luna
|-immune|p1a: Luna
|
|-weather|RainDance|[upkeep]
|upkeep
|turn|4
|
|t:|1776254419
|switch|p1a: Lillie|Skarmory, F|100/100
|move|p2a: Great Tusk|Headlong Rush|p1a: Lillie
|-immune|p1a: Lillie
|
|-weather|RainDance|[upkeep]
|upkeep
|turn|5
|
|t:|1776254430
|move|p2a: Great Tusk|Knock Off|p1a: Lillie
|-damage|p1a: Lillie|75/100
|-damage|p2a: Great Tusk|84/100|[from] item: Rocky Helmet|[of] p1a: Lillie
|-enditem|p1a: Lillie|Rocky Helmet|[from] move: Knock Off|[of] p2a: Great Tusk
|move|p1a: Lillie|Whirlwind|p2a: Great Tusk
|-end|p2a: Great Tusk|Protosynthesis|[silent]
|drag|p2a: Pelipper|Pelipper, F, shiny|46/100
|
|-weather|RainDance|[upkeep]
|upkeep
|turn|6
|
|t:|1776254452
|switch|p2a: Kingdra|Kingdra, M|100/100
|-damage|p2a: Kingdra|84/100|[from] Spikes
|move|p1a: Lillie|Stealth Rock|p2a: Kingdra
|-sidestart|p2: Kantola|move: Stealth Rock
|
|-weather|RainDance|[upkeep]
|upkeep
|turn|7
|
|t:|1776254460
|-terastallize|p2a: Kingdra|Water
|move|p2a: Kingdra|Weather Ball|p1a: Lillie
|-damage|p1a: Lillie|0 fnt
|faint|p1a: Lillie
|
|-weather|RainDance|[upkeep]
|upkeep
|
|t:|1776254472
|switch|p1a: Atlas|Iron Moth|100/100
|-enditem|p1a: Atlas|Booster Energy
|-activate|p1a: Atlas|ability: Quark Drive|[fromitem]
|-start|p1a: Atlas|quarkdrivespe
|turn|8
|
|t:|1776254490
|switch|p2a: Zapdos|Zapdos|100/100
|-damage|p2a: Zapdos|76/100|[from] Stealth Rock
|-terastallize|p1a: Atlas|Grass
|move|p1a: Atlas|Energy Ball|p2a: Zapdos
|-resisted|p2a: Zapdos
|-damage|p2a: Zapdos|58/100
|-unboost|p2a: Zapdos|spd|1
|
|-weather|none
|upkeep
|turn|9
|
|t:|1776254504
|move|p1a: Atlas|Sludge Wave|p2a: Zapdos
|-damage|p2a: Zapdos|4/100
|move|p2a: Zapdos|Hurricane|p1a: Atlas
|-supereffective|p1a: Atlas
|-damage|p1a: Atlas|0 fnt
|faint|p1a: Atlas
|-end|p1a: Atlas|Quark Drive|[silent]
|
|upkeep
|
|t:|1776254513
|switch|p1a: Aria|Garchomp, F|100/100
|turn|10
|
|t:|1776254518
|move|p1a: Aria|Swords Dance|p1a: Aria
|-boost|p1a: Aria|atk|2
|move|p2a: Zapdos|Hurricane|p1a: Aria
|-damage|p1a: Aria|37/100
|
|upkeep
|turn|11
|
|t:|1776254526
|move|p1a: Aria|Scale Shot|p2a: Zapdos
|-damage|p2a: Zapdos|0 fnt
|faint|p2a: Zapdos
|-hitcount|p2: Zapdos|1
|-unboost|p1a: Aria|def|1
|-boost|p1a: Aria|spe|1
|
|upkeep
|
|t:|1776254552
|switch|p2a: Amoonguss|Amoonguss, M|100/100
|-damage|p2a: Amoonguss|84/100|[from] Spikes
|-damage|p2a: Amoonguss|72/100|[from] Stealth Rock
|turn|12
|
|t:|1776254559
|move|p1a: Aria|Fire Fang|p2a: Amoonguss
|-supereffective|p2a: Amoonguss
|-damage|p2a: Amoonguss|4/100
|-damage|p1a: Aria|20/100|[from] item: Rocky Helmet|[of] p2a: Amoonguss
|move|p2a: Amoonguss|Clear Smog|p1a: Aria
|-resisted|p1a: Aria
|-damage|p1a: Aria|12/100
|-clearboost|p1a: Aria
|
|upkeep
|turn|13
|
|t:|1776254569
|move|p1a: Aria|Scale Shot|p2a: Amoonguss
|-damage|p2a: Amoonguss|0 fnt
|faint|p2a: Amoonguss
|-hitcount|p2: Amoonguss|1
|-unboost|p1a: Aria|def|1
|-boost|p1a: Aria|spe|1
|
|upkeep
|
|t:|1776254572
|switch|p2a: Pelipper|Pelipper, F, shiny|46/100
|-damage|p2a: Pelipper|22/100|[from] Stealth Rock
|-weather|RainDance|[from] ability: Drizzle|[of] p2a: Pelipper
|turn|14
|
|t:|1776254580
|move|p1a: Aria|Scale Shot|p2a: Pelipper
|-damage|p2a: Pelipper|11/100
|-damage|p2a: Pelipper|1/100
|-damage|p2a: Pelipper|0 fnt
|faint|p2a: Pelipper
|-hitcount|p2: Pelipper|3
|-unboost|p1a: Aria|def|1
|-boost|p1a: Aria|spe|1
|
|-weather|RainDance|[upkeep]
|upkeep
|
|t:|1776254606
|switch|p2a: Great Tusk|Great Tusk|84/100
|turn|15
|
|t:|1776254624
|move|p1a: Aria|Scale Shot|p2a: Great Tusk
|-damage|p2a: Great Tusk|75/100
|-damage|p2a: Great Tusk|66/100
|-damage|p2a: Great Tusk|57/100
|-damage|p2a: Great Tusk|47/100
|-hitcount|p2a: Great Tusk|4
|-unboost|p1a: Aria|def|1
|-boost|p1a: Aria|spe|1
|move|p2a: Great Tusk|Rapid Spin|p1a: Aria
|-damage|p1a: Aria|0 fnt
|-boost|p2a: Great Tusk|spe|1
|-damage|p2a: Great Tusk|35/100|[from] ability: Rough Skin|[of] p1a: Aria
|-sideend|p2: Kantola|Spikes|[from] move: Rapid Spin|[of] p2a: Great Tusk
|-sideend|p2: Kantola|Stealth Rock|[from] move: Rapid Spin|[of] p2a: Great Tusk
|faint|p1a: Aria
|
|-weather|RainDance|[upkeep]
|upkeep
|
|t:|1776254641
|switch|p1a: Lila|Samurott-Hisui, F|75/100
|turn|16
|
|t:|1776254645
|move|p1a: Lila|Sucker Punch|p2a: Great Tusk
|-resisted|p2a: Great Tusk
|-damage|p2a: Great Tusk|24/100
|move|p2a: Great Tusk|Close Combat|p1a: Lila
|-supereffective|p1a: Lila
|-damage|p1a: Lila|0 fnt
|-unboost|p2a: Great Tusk|def|1
|-unboost|p2a: Great Tusk|spd|1
|faint|p1a: Lila
|
|-weather|RainDance|[upkeep]
|upkeep
|
|t:|1776254651
|switch|p1a: Luna|Ceruledge, F|100/100
|turn|17
|
|t:|1776254654
|move|p1a: Luna|Shadow Sneak|p2a: Great Tusk
|-damage|p2a: Great Tusk|0 fnt
|faint|p2a: Great Tusk
|-end|p2a: Great Tusk|Protosynthesis|[silent]
|-damage|p1a: Luna|91/100|[from] item: Life Orb
|
|-weather|RainDance|[upkeep]
|upkeep
|
|t:|1776254657
|switch|p2a: Kingdra|Kingdra, M, tera:Water|84/100
|turn|18
|
|t:|1776254673
|move|p1a: Luna|Shadow Sneak|p2a: Kingdra
|-damage|p2a: Kingdra|48/100
|-damage|p1a: Luna|81/100|[from] item: Life Orb
|move|p2a: Kingdra|Weather Ball|p1a: Luna
|-supereffective|p1a: Luna
|-damage|p1a: Luna|0 fnt
|faint|p1a: Luna
|
|-weather|RainDance|[upkeep]
|upkeep
|
|t:|1776254678
|switch|p1a: Bertha|Clodsire, F, shiny|100/100
|turn|19
|
|t:|1776254684
|move|p2a: Kingdra|Weather Ball|p1a: Bertha
|-supereffective|p1a: Bertha
|-damage|p1a: Bertha|0 fnt
|faint|p1a: Bertha
|
|win|Kantola
|l|☆cecestar
|player|p1|
