|html|<div class="broadcast-blue"><strong>[Gen 9] OU is currently suspecting Tera Blast! For information on how to participate check out the <a href="https://www.smogon.com/tools/suspects/view/200">suspect thread</a>.</strong></div>
|j|‽lalalafoo
|j|☆wcaleniemati
|t:|1776063932
|gametype|singles
|player|p1|lalalafoo|266|1073
|player|p2|wcaleniemati|psychic-gen4|1094
|gen|9
|tier|[Gen 9] OU
|rated|
|rule|HP Percentage Mod: HP is shown in percentages
|rule|Endless Battle Clause: Forcing endless battles is banned
|rule|Species Clause: Limit one of each Pokémon
|rule|OHKO Clause: OHKO moves are banned
|rule|Evasion Items Clause: Evasion items are banned
|rule|Evasion Moves Clause: Evasion moves are banned
|rule|Evasion Abilities Clause: Evasion abilities are banned
|rule|Sleep Moves Clause: Sleep-inducing moves are banned
|clearpoke
|poke|p1|Lucario, M|
|poke|p1|Magnezone|
|poke|p1|Iron Crown|
|poke|p1|Pincurchin, M|
|poke|p1|Flareon, F|
|poke|p1|Iron Jugulis|
|poke|p2|Ceruledge, M|
|poke|p2|Hydrapple, M|
|poke|p2|Slowking-Galar, F|
|poke|p2|Primarina, M|
|poke|p2|Gliscor, M|
|poke|p2|Darkrai|
|teampreview
|
|t:|1776063951
|teamsize|p1|6
|teamsize|p2|6
|start
|switch|p1a: Pincurchin|Pincurchin, M, shiny|100/100
|switch|p2a: Gliscor|Gliscor, M|100/100
|-fieldstart|move: Electric Terrain|[from] ability: Electric Surge|[of] p1a: Pincurchin
|turn|1
|
|t:|1776063958
|move|p2a: Gliscor|Swords Dance|p2a: Gliscor
|-boost|p2a: Gliscor|atk|2
|move|p1a: Pincurchin|Spikes|p2a: Gliscor
|-sidestart|p2: wcaleniemati|Spikes
|
|-status|p2a: Gliscor|tox|[from] item: Toxic Orb
|upkeep
|turn|2
|
|t:|1776063966
|switch|p1a: Iron Jugulis|Iron Jugulis, shiny|100/100
|-activate|p1a: Iron Jugulis|ability: Quark Drive
|-start|p1a: Iron Jugulis|quarkdrivespa
|move|p2a: Gliscor|Swords Dance|p2a: Gliscor
|-boost|p2a: Gliscor|atk|2
|
|upkeep
|turn|3
|
|t:|1776063977
|move|p1a: Iron Jugulis|Dark Pulse|p2a: Gliscor
|-damage|p2a: Gliscor|53/100 tox
|move|p2a: Gliscor|Knock Off|p1a: Iron Jugulis
|-resisted|p1a: Iron Jugulis
|-crit|p1a: Iron Jugulis
|-damage|p1a: Iron Jugulis|48/100
|-enditem|p1a: Iron Jugulis|Choice Scarf|[from] move: Knock Off|[of] p2a: Gliscor
|
|-heal|p2a: Gliscor|65/100 tox|[from] ability: Poison Heal
|upkeep
|turn|4
|
|t:|1776063988
|move|p1a: Iron Jugulis|Dark Pulse|p2a: Gliscor
|-damage|p2a: Gliscor|16/100 tox
|cant|p2a: Gliscor|flinch
|
|-heal|p2a: Gliscor|29/100 tox|[from] ability: Poison Heal
|upkeep
|turn|5
|
|t:|1776063997
|move|p2a: Gliscor|Protect|p2a: Gliscor
|-singleturn|p2a: Gliscor|Protect
|move|p1a: Iron Jugulis|Dark Pulse|p2a: Gliscor
|-activate|p2a: Gliscor|move: Protect
|
|-heal|p2a: Gliscor|41/100 tox|[from] ability: Poison Heal
|upkeep
|turn|6
|
|t:|1776064006
|move|p1a: Iron Jugulis|Dark Pulse|p2a: Gliscor
|-damage|p2a: Gliscor|0 fnt
|faint|p2a: Gliscor
|
|upkeep
|
|t:|1776064015
|switch|p2a: Primarina|Primarina, M|100/100
|-damage|p2a: Primarina|88/100|[from] Spikes
|turn|7
|
|t:|1776064025
|-end|p1a: Iron Jugulis|Quark Drive|[silent]
|switch|p1a: Magnezone|Magnezone, shiny|100/100
|move|p2a: Primarina|Moonblast|p1a: Magnezone
|-resisted|p1a: Magnezone
|-damage|p1a: Magnezone|64/100
|
|upkeep
|turn|8
|
|t:|1776064040
|switch|p2a: Ceruledge|Ceruledge, M|100/100
|-damage|p2a: Ceruledge|88/100|[from] Spikes
|move|p1a: Magnezone|Volt Switch|p2a: Ceruledge
|-damage|p2a: Ceruledge|12/100
|
|t:|1776064051
|switch|p1a: Iron Crown|Iron Crown|100/100|[from] Volt Switch
|-activate|p1a: Iron Crown|ability: Quark Drive
|-start|p1a: Iron Crown|quarkdrivespa
|
|-fieldend|move: Electric Terrain
|-end|p1a: Iron Crown|Quark Drive
|upkeep
|turn|9
|
|t:|1776064059
|-terastallize|p1a: Iron Crown|Flying
|move|p1a: Iron Crown|Air Slash|p2a: Ceruledge
|-damage|p2a: Ceruledge|0 fnt
|faint|p2a: Ceruledge
|
|upkeep
|
|t:|1776064069
|switch|p2a: Slowking|Slowking-Galar, F|100/100
|turn|10
|
|t:|1776064077
|-end|p1a: Iron Crown|Quark Drive|[silent]
|switch|p1a: Pincurchin|Pincurchin, M, shiny|100/100
|-fieldstart|move: Electric Terrain|[from] ability: Electric Surge|[of] p1a: Pincurchin
|move|p2a: Slowking|Thunder Wave|p1a: Pincurchin
|-immune|p1a: Pincurchin
|
|upkeep
|turn|11
|
|t:|1776064084
|move|p1a: Pincurchin|Toxic Spikes|p2a: Slowking
|-sidestart|p2: wcaleniemati|move: Toxic Spikes
|move|p2a: Slowking|Thunder Wave|p1a: Pincurchin
|-immune|p1a: Pincurchin
|
|upkeep
|turn|12
|
|t:|1776064091
|move|p1a: Pincurchin|Toxic Spikes|p2a: Slowking
|-sidestart|p2: wcaleniemati|move: Toxic Spikes
|move|p2a: Slowking|Flamethrower|p1a: Pincurchin
|-damage|p1a: Pincurchin|69/100
|
|upkeep
|turn|13
|
|t:|1776064097
|move|p1a: Pincurchin|Spikes|p2a: Slowking
|-sidestart|p2: wcaleniemati|Spikes
|move|p2a: Slowking|Flamethrower|p1a: Pincurchin
|-damage|p1a: Pincurchin|40/100
|
|upkeep
|turn|14
|
|t:|1776064106
|switch|p1a: Flareon|Flareon, F|100/100
|move|p2a: Slowking|Flamethrower|p1a: Flareon
|-start|p1a: Flareon|ability: Flash Fire
|
|upkeep
|turn|15
|
|t:|1776064113
|switch|p2a: Primarina|Primarina, M|88/100
|-damage|p2a: Primarina|72/100|[from] Spikes
|-status|p2a: Primarina|tox
|move|p1a: Flareon|Flare Blitz|p2a: Primarina
|-resisted|p2a: Primarina
|-damage|p2a: Primarina|0 fnt
|faint|p2a: Primarina
|-damage|p1a: Flareon|73/100|[from] Recoil
|
|upkeep
|
|t:|1776064131
|switch|p2a: Slowking|Slowking-Galar, F|100/100
|-sideend|p2: wcaleniemati|move: Toxic Spikes|[of] p2a: Slowking
|turn|16
|
|t:|1776064136
|move|p1a: Flareon|Flare Blitz|p2a: Slowking
|-damage|p2a: Slowking|0 fnt
|faint|p2a: Slowking
|-damage|p1a: Flareon|25/100|[from] Recoil
|
|upkeep
|
|t:|1776064142
|switch|p2a: Darkrai|Darkrai|100/100
|-damage|p2a: Darkrai|84/100|[from] Spikes
|turn|17
|
|t:|1776064147
|move|p2a: Darkrai|Dark Pulse|p1a: Flareon
|-damage|p1a: Flareon|0 fnt
|faint|p1a: Flareon
|
|-heal|p2a: Darkrai|90/100|[from] item: Leftovers
|-fieldend|move: Electric Terrain
|upkeep
|
|t:|1776064158
|switch|p1a: Pincurchin|Pincurchin, M, shiny|40/100
|-fieldstart|move: Electric Terrain|[from] ability: Electric Surge|[of] p1a: Pincurchin
|turn|18
|
|t:|1776064167
|move|p2a: Darkrai|Sludge Bomb|p1a: Pincurchin
|-damage|p1a: Pincurchin|1/100
|move|p1a: Pincurchin|Spikes|p2a: Darkrai
|-sidestart|p2: wcaleniemati|Spikes
|
|-heal|p2a: Darkrai|96/100|[from] item: Leftovers
|upkeep
|turn|19
|
|t:|1776064176
|move|p2a: Darkrai|Nasty Plot|p2a: Darkrai
|-boost|p2a: Darkrai|spa|2
|move|p1a: Pincurchin|Recover|p1a: Pincurchin
|-heal|p1a: Pincurchin|51/100
|
|-heal|p2a: Darkrai|100/100|[from] item: Leftovers
|upkeep
|turn|20
|
|t:|1776064187
|move|p2a: Darkrai|Nasty Plot|p2a: Darkrai
|-boost|p2a: Darkrai|spa|2
|move|p1a: Pincurchin|Thunder Wave|p2a: Darkrai
|-status|p2a: Darkrai|par
|
|upkeep
|turn|21
|
|t:|1776064195
|move|p2a: Darkrai|Sludge Bomb|p1a: Pincurchin
|-damage|p1a: Pincurchin|0 fnt
|faint|p1a: Pincurchin
|
|upkeep
|
|t:|1776064198
|switch|p1a: Lucario|Lucario, M, shiny|100/100
|turn|22
|
|t:|1776064207
|move|p1a: Lucario|Close Combat|p2a: Darkrai
|-supereffective|p2a: Darkrai
|-damage|p2a: Darkrai|0 fnt
|-unboost|p1a: Lucario|def|1
|-unboost|p1a: Lucario|spd|1
|faint|p2a: Darkrai
|
|upkeep
|
|t:|1776064215
|switch|p2a: Hydrapple|Hydrapple, M|100/100
|turn|23
|
|t:|1776064223
|-terastallize|p2a: Hydrapple|Fairy
|move|p1a: Lucario|Swords Dance|p1a: Lucario
|-boost|p1a: Lucario|atk|2
|move|p2a: Hydrapple|Nasty Plot|p2a: Hydrapple
|-boost|p2a: Hydrapple|spa|2
|
|upkeep
|turn|24
|
|t:|1776064233
|move|p1a: Lucario|Extreme Speed|p2a: Hydrapple
|-damage|p2a: Hydrapple|55/100
|move|p2a: Hydrapple|Earth Power|p1a: Lucario
|-supereffective|p1a: Lucario
|-damage|p1a: Lucario|0 fnt
|faint|p1a: Lucario
|
|upkeep
|
|t:|1776064238
|switch|p1a: Iron Crown|Iron Crown, tera:Flying|100/100
|-activate|p1a: Iron Crown|ability: Quark Drive
|-start|p1a: Iron Crown|quarkdrivespa
|turn|25
|
|t:|1776064251
|move|p1a: Iron Crown|Tachyon Cutter|p2a: Hydrapple
|-supereffective|p2a: Hydrapple
|-damage|p2a: Hydrapple|0 fnt
|faint|p2a: Hydrapple
|-hitcount|p2: Hydrapple|1
|
|win|lalalafoo
|raw|lalalafoo's rating: 1073 &rarr; <strong>1104</strong><br />(+31 for winning)
|raw|wcaleniemati's rating: 1094 &rarr; <strong>1068</strong><br />(-26 for losing)
|l|☆wcaleniemati
|player|p2|
|l|‽lalalafoo
|player|p1|
