|html|<div class="broadcast-blue"><strong>[Gen 9] OU is currently suspecting Tera Blast! For information on how to participate check out the <a href="https://www.smogon.com/tools/suspects/view/200">suspect thread</a>.</strong></div>
|j|☆SGA4MVP23
|j|☆chienmulticolor
|t:|1776262009
|gametype|singles
|player|p1|SGA4MVP23|marshal|1219
|player|p2|chienmulticolor|nessa|1178
|gen|9
|tier|[Gen 9] OU
|rated|
|rule|HP Percentage Mod: HP is shown in percentages
|rule|Endless Battle Clause: Forcing endless battles is banned
|rule|Species Clause: Limit one of each Pokémon
|rule|OHKO Clause: OHKO moves are banned
|rule|Evasion Items Clause: Evasion items are banned
|rule|Evasion Moves Clause: Evasion moves are banned
|rule|Evasion Abilities Clause: Evasion abilities are banned
|rule|Sleep Moves Clause: Sleep-inducing moves are banned
|clearpoke
|poke|p1|Alomomola, M|
|poke|p1|Glimmora, M|
|poke|p1|Great Tusk|
|poke|p1|Hatterene, F|
|poke|p1|Raging Bolt|
|poke|p1|Corviknight, F|
|poke|p2|Kleavor, F|
|poke|p2|Samurott-Hisui, M|
|poke|p2|Zapdos|
|poke|p2|Gholdengo|
|poke|p2|Slowking-Galar, M|
|poke|p2|Great Tusk|
|teampreview
|
|t:|1776262024
|teamsize|p1|6
|teamsize|p2|6
|start
|switch|p1a: Hatterene|Hatterene, F|100/100
|switch|p2a: ShadowWizardMoney|Gholdengo|100/100
|turn|1
|
|t:|1776262034
|move|p2a: ShadowWizardMoney|Make It Rain|p1a: Hatterene
|-supereffective|p1a: Hatterene
|-damage|p1a: Hatterene|0 fnt
|-unboost|p2a: ShadowWizardMoney|spa|1
|faint|p1a: Hatterene
|
|upkeep
|
|t:|1776262044
|switch|p1a: Raging Bolt|Raging Bolt|100/100
|turn|2
|
|t:|1776262049
|switch|p2a: sus wizard|Slowking-Galar, M|100/100
|move|p1a: Raging Bolt|Dragon Pulse|p2a: sus wizard
|-damage|p2a: sus wizard|59/100
|
|upkeep
|turn|3
|
|t:|1776262058
|-end|p1a: Raging Bolt|Protosynthesis|[silent]
|switch|p1a: Corviknight|Corviknight, F|100/100
|move|p2a: sus wizard|Ice Beam|p1a: Corviknight
|-damage|p1a: Corviknight|77/100
|
|upkeep
|turn|4
|
|t:|1776262066
|move|p1a: Corviknight|Brave Bird|p2a: sus wizard
|-damage|p2a: sus wizard|23/100
|-damage|p1a: Corviknight|65/100|[from] Recoil
|move|p2a: sus wizard|Thunder Wave|p1a: Corviknight
|-status|p1a: Corviknight|par
|
|upkeep
|turn|5
|
|t:|1776262089
|switch|p2a: Zapdos|Zapdos|100/100
|move|p1a: Corviknight|Roost|p1a: Corviknight
|-heal|p1a: Corviknight|100/100 par
|-singleturn|p1a: Corviknight|move: Roost
|
|upkeep
|turn|6
|
|t:|1776262099
|switch|p1a: Great Tusk|Great Tusk|100/100
|move|p2a: Zapdos|Hurricane|p1a: Great Tusk
|-supereffective|p1a: Great Tusk
|-damage|p1a: Great Tusk|6/100
|
|upkeep
|turn|7
|
|t:|1776262109
|move|p2a: Zapdos|Hurricane|p1a: Great Tusk
|-supereffective|p1a: Great Tusk
|-damage|p1a: Great Tusk|0 fnt
|faint|p1a: Great Tusk
|-end|p1a: Great Tusk|Protosynthesis|[silent]
|
|upkeep
|
|t:|1776262111
|switch|p1a: Raging Bolt|Raging Bolt|100/100
|turn|8
|
|t:|1776262132
|switch|p2a: sus wizard|Slowking-Galar, M|56/100
|move|p1a: Raging Bolt|Thunderbolt|p2a: sus wizard
|-damage|p2a: sus wizard|11/100
|
|upkeep
|turn|9
|
|t:|1776262146
|switch|p2a: The elephant|Great Tusk|100/100
|move|p1a: Raging Bolt|Thunderbolt|p2a: The elephant
|-immune|p2a: The elephant
|
|upkeep
|turn|10
|
|t:|1776262171
|-end|p1a: Raging Bolt|Protosynthesis|[silent]
|switch|p1a: Corviknight|Corviknight, F|100/100 par
|move|p2a: The elephant|Earthquake|p1a: Corviknight
|-immune|p1a: Corviknight
|
|upkeep
|turn|11
|
|t:|1776262188
|-end|p2a: The elephant|Protosynthesis|[silent]
|switch|p2a: Kleavor|Kleavor, F|100/100
|move|p1a: Corviknight|Brave Bird|p2a: Kleavor
|-damage|p2a: Kleavor|57/100
|-damage|p1a: Corviknight|90/100 par|[from] Recoil
|
|upkeep
|turn|12
|
|t:|1776262198
|switch|p1a: Alomomola|Alomomola, M|100/100
|move|p2a: Kleavor|Stone Axe|p1a: Alomomola
|-damage|p1a: Alomomola|71/100
|-sidestart|p1: SGA4MVP23|move: Stealth Rock
|
|upkeep
|turn|13
|
|t:|1776262211
|switch|p2a: Zapdos|Zapdos|100/100
|move|p1a: Alomomola|Scald|p2a: Zapdos
|-damage|p2a: Zapdos|86/100
|-status|p2a: Zapdos|brn
|
|-damage|p2a: Zapdos|79/100 brn|[from] brn
|upkeep
|turn|14
|
|t:|1776262222
|move|p1a: Alomomola|Protect|p1a: Alomomola
|-singleturn|p1a: Alomomola|Protect
|move|p2a: Zapdos|Thunder Wave|p1a: Alomomola
|-activate|p1a: Alomomola|move: Protect
|
|-damage|p2a: Zapdos|73/100 brn|[from] brn
|upkeep
|turn|15
|
|t:|1776262233
|move|p2a: Zapdos|Volt Switch|p1a: Alomomola
|-supereffective|p1a: Alomomola
|-damage|p1a: Alomomola|0 fnt
|faint|p1a: Alomomola
|
|t:|1776262241
|switch|p2a: The elephant|Great Tusk|100/100|[from] Volt Switch
|
|upkeep
|
|t:|1776262250
|switch|p1a: Raging Bolt|Raging Bolt|100/100
|-damage|p1a: Raging Bolt|88/100|[from] Stealth Rock
|turn|16
|
|t:|1776262263
|-end|p2a: The elephant|Protosynthesis|[silent]
|switch|p2a: sus wizard|Slowking-Galar, M|44/100
|-terastallize|p1a: Raging Bolt|Fairy
|move|p1a: Raging Bolt|Tera Blast|p2a: sus wizard|[anim] Tera Blast Fairy
|-resisted|p2a: sus wizard
|-damage|p2a: sus wizard|23/100
|
|upkeep
|turn|17
|
|t:|1776262279
|move|p1a: Raging Bolt|Tera Blast|p2a: sus wizard|[anim] Tera Blast Fairy
|-resisted|p2a: sus wizard
|-damage|p2a: sus wizard|2/100
|move|p2a: sus wizard|Thunder Wave|p1a: Raging Bolt
|-status|p1a: Raging Bolt|par
|
|upkeep
|turn|18
|-message|SGA4MVP23 forfeited.
|
|win|chienmulticolor
|raw|SGA4MVP23's rating: 1219 &rarr; <strong>1191</strong><br />(-28 for losing)
|raw|chienmulticolor's rating: 1178 &rarr; <strong>1206</strong><br />(+28 for winning)
|l|☆SGA4MVP23
|player|p1|
