|html|<div class="broadcast-blue"><strong>[Gen 9] OU is currently suspecting Tera Blast! For information on how to participate check out the <a href="https://www.smogon.com/tools/suspects/view/200">suspect thread</a>.</strong></div>
|j|☆forblaze on em
|j|☆St666
|t:|1776183821
|gametype|singles
|player|p1|forblaze on em|carmine|1184
|player|p2|St666|palmer|1137
|gen|9
|tier|[Gen 9] OU
|rated|
|rule|HP Percentage Mod: HP is shown in percentages
|rule|Endless Battle Clause: Forcing endless battles is banned
|rule|Species Clause: Limit one of each Pokémon
|rule|OHKO Clause: OHKO moves are banned
|rule|Evasion Items Clause: Evasion items are banned
|rule|Evasion Moves Clause: Evasion moves are banned
|rule|Evasion Abilities Clause: Evasion abilities are banned
|rule|Sleep Moves Clause: Sleep-inducing moves are banned
|clearpoke
|poke|p1|Garchomp, F|
|poke|p1|Ogerpon-Wellspring, F|
|poke|p1|Darkrai|
|poke|p1|Hawlucha, M|
|poke|p1|Rillaboom, M|
|poke|p1|Meowscarada, M|
|poke|p2|Sceptile, F|
|poke|p2|Indeedee, M|
|poke|p2|Ceruledge, M|
|poke|p2|Glimmora, M|
|poke|p2|Quaquaval, M|
|poke|p2|Hawlucha, M|
|teampreview
|inactive|Battle timer is ON: inactive players will automatically lose when time's up. (requested by St666)
|
|t:|1776183837
|teamsize|p1|6
|teamsize|p2|6
|start
|switch|p1a: Garchomp|Garchomp, F|100/100
|switch|p2a: Glimmora|Glimmora, M, shiny|100/100
|turn|1
|
|t:|1776183845
|move|p2a: Glimmora|Stealth Rock|p1a: Garchomp
|-sidestart|p1: forblaze on em|move: Stealth Rock
|move|p1a: Garchomp|Earthquake|p2a: Glimmora
|-supereffective|p2a: Glimmora
|-enditem|p2a: Glimmora|Focus Sash
|-damage|p2a: Glimmora|1/100
|-activate|p2a: Glimmora|ability: Toxic Debris
|-sidestart|p1: forblaze on em|move: Toxic Spikes
|
|upkeep
|turn|2
|
|t:|1776183854
|move|p2a: Glimmora|Spikes|p1a: Garchomp
|-sidestart|p1: forblaze on em|Spikes
|move|p1a: Garchomp|Stealth Rock|p2a: Glimmora
|-sidestart|p2: St666|move: Stealth Rock
|
|upkeep
|turn|3
|
|t:|1776183860
|move|p2a: Glimmora|Spikes|p1a: Garchomp
|-sidestart|p1: forblaze on em|Spikes
|move|p1a: Garchomp|Spikes|p2a: Glimmora
|-sidestart|p2: St666|Spikes
|
|upkeep
|turn|4
|
|t:|1776183871
|move|p2a: Glimmora|Spikes|p1a: Garchomp
|-sidestart|p1: forblaze on em|Spikes
|move|p1a: Garchomp|Spikes|p2a: Glimmora
|-sidestart|p2: St666|Spikes
|
|upkeep
|turn|5
|
|t:|1776183878
|-terastallize|p1a: Garchomp|Ghost
|move|p2a: Glimmora|Energy Ball|p1a: Garchomp
|-damage|p1a: Garchomp|69/100
|move|p1a: Garchomp|Dragon Tail|p2a: Glimmora|[miss]
|-miss|p1a: Garchomp|p2a: Glimmora
|
|upkeep
|turn|6
|
|t:|1776183887
|move|p2a: Glimmora|Energy Ball|p1a: Garchomp
|-damage|p1a: Garchomp|40/100
|move|p1a: Garchomp|Dragon Tail|p2a: Glimmora|[miss]
|-miss|p1a: Garchomp|p2a: Glimmora
|
|upkeep
|turn|7
|c|☆forblaze on em|bro
|
|t:|1776183894
|move|p2a: Glimmora|Energy Ball|p1a: Garchomp
|-damage|p1a: Garchomp|8/100
|move|p1a: Garchomp|Dragon Tail|p2a: Glimmora
|-damage|p2a: Glimmora|0 fnt
|-activate|p2a: Glimmora|ability: Toxic Debris
|-sidestart|p1: forblaze on em|move: Toxic Spikes
|faint|p2a: Glimmora
|
|upkeep
|
|t:|1776183904
|switch|p2a: Indeedee|Indeedee, M, shiny|100/100
|-damage|p2a: Indeedee|88/100|[from] Stealth Rock
|-damage|p2a: Indeedee|71/100|[from] Spikes
|-fieldstart|move: Psychic Terrain|[from] ability: Psychic Surge|[of] p2a: Indeedee
|turn|8
|
|t:|1776183925
|switch|p1a: Darkrai|Darkrai|100/100
|-damage|p1a: Darkrai|88/100|[from] Stealth Rock
|-status|p1a: Darkrai|tox
|-damage|p1a: Darkrai|63/100 tox|[from] Spikes
|move|p2a: Indeedee|Expanding Force|p1a: Darkrai
|-immune|p1a: Darkrai
|
|-heal|p1a: Darkrai|69/100 tox|[from] item: Leftovers
|-heal|p2a: Indeedee|78/100|[from] item: Leftovers
|-damage|p1a: Darkrai|63/100 tox|[from] psn
|upkeep
|turn|9
|c|☆St666|hey
|l|☆St666
|inactive|St666 disconnected and has a minute to reconnect!
|player|p2|
|j|☆St666
|inactive|St666 reconnected and has 130 seconds left.
|player|p2|St666|palmer|
|inactive|St666 has 120 seconds left.
|
|t:|1776183965
|switch|p2a: Hawlucha|Hawlucha, M, shiny|100/100
|-damage|p2a: Hawlucha|88/100|[from] Stealth Rock
|-enditem|p2a: Hawlucha|Psychic Seed
|-boost|p2a: Hawlucha|spd|1|[from] item: Psychic Seed
|move|p1a: Darkrai|Dark Pulse|p2a: Hawlucha
|-resisted|p2a: Hawlucha
|-damage|p2a: Hawlucha|63/100
|
|-heal|p1a: Darkrai|69/100 tox|[from] item: Leftovers
|-damage|p1a: Darkrai|57/100 tox|[from] psn
|upkeep
|turn|10
|inactive|St666 has 120 seconds left.
|inactive|forblaze on em has 120 seconds left.
|c|☆St666|where you come from
|
|t:|1776184013
|move|p2a: Hawlucha|Swords Dance|p2a: Hawlucha
|-boost|p2a: Hawlucha|atk|2
|move|p1a: Darkrai|Ice Beam|p2a: Hawlucha
|-supereffective|p2a: Hawlucha
|-damage|p2a: Hawlucha|0 fnt
|faint|p2a: Hawlucha
|
|-heal|p1a: Darkrai|63/100 tox|[from] item: Leftovers
|-damage|p1a: Darkrai|45/100 tox|[from] psn
|upkeep
|
|t:|1776184026
|switch|p2a: Sceptile|Sceptile, F, shiny|100/100
|-damage|p2a: Sceptile|88/100|[from] Stealth Rock
|-damage|p2a: Sceptile|72/100|[from] Spikes
|-enditem|p2a: Sceptile|Psychic Seed
|-boost|p2a: Sceptile|spd|1|[from] item: Psychic Seed
|turn|11
|
|t:|1776184041
|move|p2a: Sceptile|Acrobatics|p1a: Darkrai
|-damage|p1a: Darkrai|5/100 tox
|move|p1a: Darkrai|Sludge Bomb|p2a: Sceptile
|-supereffective|p2a: Sceptile
|-damage|p2a: Sceptile|12/100
|
|-heal|p1a: Darkrai|12/100 tox|[from] item: Leftovers
|-damage|p1a: Darkrai|0 fnt|[from] psn
|faint|p1a: Darkrai
|upkeep
|inactive|forblaze on em has 90 seconds left.
|
|t:|1776184070
|switch|p1a: Meowscarada|Meowscarada, M|100/100
|-damage|p1a: Meowscarada|88/100|[from] Stealth Rock
|-status|p1a: Meowscarada|tox
|-damage|p1a: Meowscarada|63/100 tox|[from] Spikes
|turn|12
|
|t:|1776184078
|move|p2a: Sceptile|Acrobatics|p1a: Meowscarada
|-supereffective|p1a: Meowscarada
|-damage|p1a: Meowscarada|0 fnt
|faint|p1a: Meowscarada
|
|-fieldend|move: Psychic Terrain
|upkeep
|
|t:|1776184083
|switch|p1a: Rillaboom|Rillaboom, M|100/100
|-damage|p1a: Rillaboom|88/100|[from] Stealth Rock
|-status|p1a: Rillaboom|tox
|-damage|p1a: Rillaboom|63/100 tox|[from] Spikes
|-fieldstart|move: Grassy Terrain|[from] ability: Grassy Surge|[of] p1a: Rillaboom
|turn|13
|
|t:|1776184092
|move|p1a: Rillaboom|Grassy Glide|p2a: Sceptile
|-resisted|p2a: Sceptile
|-damage|p2a: Sceptile|0 fnt
|faint|p2a: Sceptile
|
|-heal|p1a: Rillaboom|69/100 tox|[from] Grassy Terrain
|-damage|p1a: Rillaboom|63/100 tox|[from] psn
|upkeep
|
|t:|1776184101
|switch|p2a: Ceruledge|Ceruledge, M|100/100
|-damage|p2a: Ceruledge|76/100|[from] Stealth Rock
|-damage|p2a: Ceruledge|59/100|[from] Spikes
|turn|14
|
|t:|1776184120
|move|p2a: Ceruledge|Flame Charge|p1a: Rillaboom
|-supereffective|p1a: Rillaboom
|-damage|p1a: Rillaboom|19/100 tox
|-boost|p2a: Ceruledge|spe|1
|move|p1a: Rillaboom|Knock Off|p2a: Ceruledge
|-supereffective|p2a: Ceruledge
|-damage|p2a: Ceruledge|0 fnt
|-enditem|p2a: Ceruledge|Red Card|[from] move: Knock Off|[of] p1a: Rillaboom
|faint|p2a: Ceruledge
|
|-heal|p1a: Rillaboom|25/100 tox|[from] Grassy Terrain
|-damage|p1a: Rillaboom|12/100 tox|[from] psn
|upkeep
|inactive|St666 has 120 seconds left.
|
|t:|1776184146
|switch|p2a: Indeedee|Indeedee, M, shiny|78/100
|-damage|p2a: Indeedee|65/100|[from] Stealth Rock
|-damage|p2a: Indeedee|49/100|[from] Spikes
|-fieldstart|move: Psychic Terrain|[from] ability: Psychic Surge|[of] p2a: Indeedee
|turn|15
|
|t:|1776184169
|switch|p1a: Garchomp|Garchomp, F, tera:Ghost|8/100
|-damage|p1a: Garchomp|0 fnt|[from] Stealth Rock
|faint|p1a: Garchomp
|move|p2a: Indeedee|Expanding Force|p1: Garchomp|[notarget]
|-fail|p2a: Indeedee
|
|-heal|p2a: Indeedee|55/100|[from] item: Leftovers
|upkeep
|
|t:|1776184171
|switch|p1a: Rillaboom|Rillaboom, M|12/100 tox
|-damage|p1a: Rillaboom|0 fnt|[from] Stealth Rock
|faint|p1a: Rillaboom
|
|t:|1776184180
|switch|p1a: Ogerpon|Ogerpon-Wellspring, F|100/100
|-damage|p1a: Ogerpon|88/100|[from] Stealth Rock
|-status|p1a: Ogerpon|tox
|-damage|p1a: Ogerpon|63/100 tox|[from] Spikes
|turn|16
|
|t:|1776184191
|move|p1a: Ogerpon|Ivy Cudgel|p2a: Indeedee|[anim] Ivy Cudgel Water
|-damage|p2a: Indeedee|0 fnt
|faint|p2a: Indeedee
|
|-damage|p1a: Ogerpon|57/100 tox|[from] psn
|upkeep
|
|t:|1776184198
|switch|p2a: Quaquaval|Quaquaval, M, shiny|100/100
|-damage|p2a: Quaquaval|94/100|[from] Stealth Rock
|-damage|p2a: Quaquaval|78/100|[from] Spikes
|turn|17
|l|☆St666
|inactive|St666 disconnected and has a minute to reconnect!
|player|p2|
|j|☆St666
|inactive|St666 reconnected and has 120 seconds left.
|player|p2|St666|palmer|
|
|t:|1776184224
|-terastallize|p2a: Quaquaval|Ice
|move|p1a: Ogerpon|Power Whip|p2a: Quaquaval
|-damage|p2a: Quaquaval|0 fnt
|faint|p2a: Quaquaval
|
|win|forblaze on em
|raw|forblaze on em's rating: 1184 &rarr; <strong>1206</strong><br />(+22 for winning)
|raw|St666's rating: 1137 &rarr; <strong>1115</strong><br />(-22 for losing)
|l|☆St666
|player|p2|
