|html|<div class="broadcast-blue"><strong>[Gen 9] OU is currently suspecting Tera Blast! For information on how to participate check out the <a href="https://www.smogon.com/tools/suspects/view/200">suspect thread</a>.</strong></div>
|j|☆pancakesviolin
|j|☆doggydee123
|t:|1776112007
|gametype|singles
|player|p1|pancakesviolin|101|1408
|player|p2|doggydee123|102|1381
|gen|9
|tier|[Gen 9] OU
|rated|
|rule|HP Percentage Mod: HP is shown in percentages
|rule|Endless Battle Clause: Forcing endless battles is banned
|rule|Species Clause: Limit one of each Pokémon
|rule|OHKO Clause: OHKO moves are banned
|rule|Evasion Items Clause: Evasion items are banned
|rule|Evasion Moves Clause: Evasion moves are banned
|rule|Evasion Abilities Clause: Evasion abilities are banned
|rule|Sleep Moves Clause: Sleep-inducing moves are banned
|clearpoke
|poke|p1|Darkrai|
|poke|p1|Hydrapple, F|
|poke|p1|Slowking-Galar, F|
|poke|p1|Grafaiai, F|
|poke|p1|Weezing-Galar, M|
|poke|p1|Haxorus, M|
|poke|p2|Gliscor, F|
|poke|p2|Meowscarada, M|
|poke|p2|Skarmory, M|
|poke|p2|Slowking-Galar, F|
|poke|p2|Kyurem|
|poke|p2|Quaquaval, F|
|teampreview
|
|t:|1776112023
|teamsize|p1|6
|teamsize|p2|6
|start
|switch|p1a: Slowking|Slowking-Galar, F|100/100
|switch|p2a: Meowscarada|Meowscarada, M|100/100
|turn|1
|
|t:|1776112035
|switch|p1a: Weezing|Weezing-Galar, M|100/100
|-ability|p1a: Weezing|Neutralizing Gas
|move|p2a: Meowscarada|Knock Off|p1a: Weezing
|-resisted|p1a: Weezing
|-damage|p1a: Weezing|86/100
|-enditem|p1a: Weezing|Zoom Lens|[from] move: Knock Off|[of] p2a: Meowscarada
|
|upkeep
|turn|2
|
|t:|1776112044
|switch|p2a: Skarmory|Skarmory, M|100/100
|move|p1a: Weezing|Will-O-Wisp|p2a: Skarmory
|-status|p2a: Skarmory|brn
|
|-damage|p2a: Skarmory|95/100 brn|[from] brn
|upkeep
|turn|3
|
|t:|1776112054
|move|p2a: Skarmory|Spikes|p1a: Weezing
|-sidestart|p1: pancakesviolin|Spikes
|move|p1a: Weezing|Fire Blast|p2a: Skarmory
|-supereffective|p2a: Skarmory
|-damage|p2a: Skarmory|33/100 brn
|
|-damage|p2a: Skarmory|27/100 brn|[from] brn
|upkeep
|turn|4
|
|t:|1776112061
|switch|p2a: Slowking|Slowking-Galar, F|100/100
|move|p1a: Weezing|Defog|p2a: Slowking
|-unboost|p2a: Slowking|evasion|1
|-sideend|p1: pancakesviolin|Spikes|[from] move: Defog|[of] p1a: Weezing
|
|upkeep
|turn|5
|
|t:|1776112072
|-end|p1a: Weezing|ability: Neutralizing Gas
|switch|p1a: Grafaiai|Grafaiai, F|100/100
|move|p2a: Slowking|Future Sight|p1a: Grafaiai
|-start|p2a: Slowking|move: Future Sight
|
|upkeep
|turn|6
|
|t:|1776112078
|move|p1a: Grafaiai|Knock Off|p2a: Slowking
|-supereffective|p2a: Slowking
|-damage|p2a: Slowking|59/100
|-enditem|p2a: Slowking|Heavy-Duty Boots|[from] move: Knock Off|[of] p1a: Grafaiai
|-prepare|p2a: Slowking|Chilly Reception|[premajor]
|move|p2a: Slowking|Chilly Reception|p2a: Slowking
|-weather|Snowscape
|
|t:|1776112086
|switch|p2a: Quaquaval|Quaquaval, F|100/100|[from] Chilly Reception
|
|-weather|Snowscape|[upkeep]
|upkeep
|turn|7
|
|t:|1776112092
|move|p1a: Grafaiai|Parting Shot|p2a: Quaquaval
|-unboost|p2a: Quaquaval|atk|1
|-unboost|p2a: Quaquaval|spa|1
|
|t:|1776112096
|switch|p1a: Slowking|Slowking-Galar, F|100/100|[from] Parting Shot
|move|p2a: Quaquaval|Aqua Step|p1a: Slowking
|-damage|p1a: Slowking|63/100
|-boost|p2a: Quaquaval|spe|1
|
|-weather|Snowscape|[upkeep]
|-end|p1a: Slowking|move: Future Sight
|-damage|p1a: Slowking|40/100
|upkeep
|turn|8
|
|t:|1776112107
|move|p2a: Quaquaval|Knock Off|p1a: Slowking
|-supereffective|p1a: Slowking
|-damage|p1a: Slowking|0 fnt
|-enditem|p1a: Slowking|Assault Vest|[from] move: Knock Off|[of] p2a: Quaquaval
|faint|p1a: Slowking
|-ability|p2a: Quaquaval|Moxie|boost
|-boost|p2a: Quaquaval|atk|1
|
|-weather|Snowscape|[upkeep]
|upkeep
|
|t:|1776112123
|switch|p1a: Hydrapple|Hydrapple, F|100/100
|turn|9
|
|t:|1776112128
|switch|p2a: Slowking|Slowking-Galar, F|92/100
|move|p1a: Hydrapple|Leaf Storm|p2a: Slowking
|-resisted|p2a: Slowking
|-damage|p2a: Slowking|76/100
|-unboost|p1a: Hydrapple|spa|2
|
|-weather|Snowscape|[upkeep]
|upkeep
|turn|10
|
|t:|1776112144
|switch|p1a: Darkrai|Darkrai|100/100
|move|p2a: Slowking|Future Sight|p1a: Darkrai
|-start|p2a: Slowking|move: Future Sight
|
|-weather|none
|upkeep
|turn|11
|
|t:|1776112152
|move|p1a: Darkrai|Dark Pulse|p2a: Slowking
|-supereffective|p2a: Slowking
|-damage|p2a: Slowking|21/100
|-prepare|p2a: Slowking|Chilly Reception|[premajor]
|cant|p2a: Slowking|flinch
|
|upkeep
|turn|12
|
|t:|1776112161
|switch|p2a: Meowscarada|Meowscarada, M|100/100
|move|p1a: Darkrai|Sludge Bomb|p2a: Meowscarada
|-supereffective|p2a: Meowscarada
|-damage|p2a: Meowscarada|1/100
|-status|p2a: Meowscarada|psn
|
|-end|p1a: Darkrai|move: Future Sight
|-immune|p1a: Darkrai
|-damage|p2a: Meowscarada|0 fnt|[from] psn
|faint|p2a: Meowscarada
|upkeep
|
|t:|1776112165
|switch|p2a: Quaquaval|Quaquaval, F|100/100
|turn|13
|
|t:|1776112179
|-terastallize|p1a: Darkrai|Fairy
|move|p1a: Darkrai|Tera Blast|p2a: Quaquaval|[anim] Tera Blast Fairy
|-supereffective|p2a: Quaquaval
|-damage|p2a: Quaquaval|25/100
|move|p2a: Quaquaval|Aqua Step|p1a: Darkrai
|-damage|p1a: Darkrai|47/100
|-boost|p2a: Quaquaval|spe|1
|
|upkeep
|turn|14
|
|t:|1776112187
|switch|p1a: Hydrapple|Hydrapple, F|100/100
|move|p2a: Quaquaval|Aqua Step|p1a: Hydrapple
|-resisted|p1a: Hydrapple
|-damage|p1a: Hydrapple|94/100
|-boost|p2a: Quaquaval|spe|1
|-damage|p2a: Quaquaval|9/100|[from] item: Rocky Helmet|[of] p1a: Hydrapple
|
|upkeep
|turn|15
|
|t:|1776112196
|move|p2a: Quaquaval|Close Combat|p1a: Hydrapple
|-damage|p1a: Hydrapple|55/100
|-unboost|p2a: Quaquaval|def|1
|-unboost|p2a: Quaquaval|spd|1
|-damage|p2a: Quaquaval|0 fnt|[from] item: Rocky Helmet|[of] p1a: Hydrapple
|faint|p2a: Quaquaval
|move|p1a: Hydrapple|Earth Power|p2: Quaquaval|[notarget]
|-fail|p1a: Hydrapple
|
|upkeep
|
|t:|1776112199
|switch|p2a: Kyurem|Kyurem|100/100
|-ability|p2a: Kyurem|Pressure
|turn|16
|
|t:|1776112207
|switch|p1a: Grafaiai|Grafaiai, F|100/100
|move|p2a: Kyurem|Ice Beam|p1a: Grafaiai
|-damage|p1a: Grafaiai|39/100
|
|-heal|p1a: Grafaiai|45/100|[from] item: Black Sludge
|upkeep
|turn|17
|
|t:|1776112219
|move|p1a: Grafaiai|Toxic|p2a: Kyurem
|-status|p2a: Kyurem|tox
|move|p2a: Kyurem|Ice Beam|p1a: Grafaiai
|-damage|p1a: Grafaiai|0 fnt
|faint|p1a: Grafaiai
|
|-damage|p2a: Kyurem|94/100 tox|[from] psn
|upkeep
|
|t:|1776112230
|switch|p1a: Haxorus|Haxorus, M, shiny|100/100
|-ability|p1a: Haxorus|Mold Breaker
|turn|18
|
|t:|1776112234
|switch|p2a: Skarmory|Skarmory, M|27/100 brn
|move|p1a: Haxorus|Close Combat|p2a: Skarmory
|-damage|p2a: Skarmory|0 fnt
|-unboost|p1a: Haxorus|def|1
|-unboost|p1a: Haxorus|spd|1
|faint|p2a: Skarmory
|
|upkeep
|
|t:|1776112236
|switch|p2a: Gliscor|Gliscor, F|100/100
|turn|19
|
|t:|1776112246
|switch|p1a: Weezing|Weezing-Galar, M|86/100
|-ability|p1a: Weezing|Neutralizing Gas
|move|p2a: Gliscor|Knock Off|p1a: Weezing
|-resisted|p1a: Weezing
|-damage|p1a: Weezing|82/100
|
|-status|p2a: Gliscor|tox|[from] item: Toxic Orb
|upkeep
|turn|20
|
|t:|1776112258
|move|p2a: Gliscor|Earthquake|p1a: Weezing
|-supereffective|p1a: Weezing
|-damage|p1a: Weezing|40/100
|move|p1a: Weezing|Pain Split|p2a: Gliscor
|-sethp|p2a: Gliscor|69/100 tox|[from] move: Pain Split|[silent]
|-sethp|p1a: Weezing|73/100|[from] move: Pain Split
|
|-damage|p2a: Gliscor|63/100 tox|[from] psn
|upkeep
|turn|21
|
|t:|1776112269
|move|p2a: Gliscor|Earthquake|p1a: Weezing
|-supereffective|p1a: Weezing
|-damage|p1a: Weezing|27/100
|move|p1a: Weezing|Fire Blast|p2a: Gliscor
|-damage|p2a: Gliscor|37/100 tox
|
|-damage|p2a: Gliscor|24/100 tox|[from] psn
|upkeep
|turn|22
|
|t:|1776112283
|move|p2a: Gliscor|Earthquake|p1a: Weezing
|-supereffective|p1a: Weezing
|-damage|p1a: Weezing|0 fnt
|faint|p1a: Weezing
|-end|p1a: Weezing|ability: Neutralizing Gas
|
|-heal|p2a: Gliscor|37/100 tox|[from] ability: Poison Heal
|upkeep
|
|t:|1776112292
|switch|p1a: Darkrai|Darkrai, tera:Fairy|47/100
|turn|23
|
|t:|1776112299
|move|p2a: Gliscor|Protect|p2a: Gliscor
|-singleturn|p2a: Gliscor|Protect
|move|p1a: Darkrai|Nasty Plot|p1a: Darkrai
|-boost|p1a: Darkrai|spa|2
|
|-heal|p2a: Gliscor|49/100 tox|[from] ability: Poison Heal
|upkeep
|turn|24
|
|t:|1776112307
|move|p1a: Darkrai|Dark Pulse|p2a: Gliscor
|-damage|p2a: Gliscor|0 fnt
|faint|p2a: Gliscor
|
|upkeep
|-message|doggydee123 forfeited.
|
|win|pancakesviolin
|raw|pancakesviolin's rating: 1408 &rarr; <strong>1426</strong><br />(+18 for winning)
|raw|doggydee123's rating: 1381 &rarr; <strong>1363</strong><br />(-18 for losing)
|l|☆doggydee123
|player|p2|
