|html|<div class="broadcast-blue"><strong>[Gen 9] OU is currently suspecting Tera Blast! For information on how to participate check out the <a href="https://www.smogon.com/tools/suspects/view/200">suspect thread</a>.</strong></div>
|j|☆NathanShark
|j|☆WarringPeace
|t:|1776032386
|gametype|singles
|player|p1|NathanShark|265|1116
|player|p2|WarringPeace|richboy-gen4|1122
|gen|9
|tier|[Gen 9] OU
|rated|
|rule|HP Percentage Mod: HP is shown in percentages
|rule|Endless Battle Clause: Forcing endless battles is banned
|rule|Species Clause: Limit one of each Pokémon
|rule|OHKO Clause: OHKO moves are banned
|rule|Evasion Items Clause: Evasion items are banned
|rule|Evasion Moves Clause: Evasion moves are banned
|rule|Evasion Abilities Clause: Evasion abilities are banned
|rule|Sleep Moves Clause: Sleep-inducing moves are banned
|clearpoke
|poke|p1|Regirock|
|poke|p1|Regice|
|poke|p1|Deoxys-Defense|
|poke|p1|Toxapex, F|
|poke|p1|Cetitan, F|
|poke|p1|Ting-Lu|
|poke|p2|Metagross|
|poke|p2|Keldeo-Resolute|
|poke|p2|Zoroark-Hisui, F|
|poke|p2|Clefable, M|
|poke|p2|Ninetales-Alola, F|
|poke|p2|Rhydon, F|
|teampreview
|
|t:|1776032407
|teamsize|p1|6
|teamsize|p2|6
|start
|switch|p1a: Ting-Lu|Ting-Lu|100/100
|switch|p2a: Keldeo|Keldeo-Resolute|100/100
|-ability|p1a: Ting-Lu|Vessel of Ruin
|turn|1
|
|t:|1776032439
|move|p2a: Keldeo|Secret Sword|p1a: Ting-Lu
|-supereffective|p1a: Ting-Lu
|-damage|p1a: Ting-Lu|55/100
|move|p1a: Ting-Lu|Ruination|p2a: Keldeo
|-damage|p2a: Keldeo|51/100
|-ability|p2a: Keldeo|Justified|boost
|-boost|p2a: Keldeo|atk|1
|
|upkeep
|turn|2
|
|t:|1776032461
|move|p2a: Keldeo|Secret Sword|p1a: Ting-Lu
|-supereffective|p1a: Ting-Lu
|-damage|p1a: Ting-Lu|6/100
|move|p1a: Ting-Lu|Body Press|p2a: Keldeo
|-damage|p2a: Keldeo|22/100
|
|upkeep
|turn|3
|
|t:|1776032470
|move|p2a: Keldeo|Secret Sword|p1a: Ting-Lu
|-supereffective|p1a: Ting-Lu
|-damage|p1a: Ting-Lu|0 fnt
|faint|p1a: Ting-Lu
|
|upkeep
|
|t:|1776032478
|switch|p1a: Deoxys|Deoxys-Defense|100/100
|-ability|p1a: Deoxys|Pressure
|turn|4
|
|t:|1776032488
|switch|p2a: Metagross|Metagross|100/100
|move|p1a: Deoxys|Extreme Speed|p2a: Metagross
|-resisted|p2a: Metagross
|-damage|p2a: Metagross|95/100
|
|upkeep
|turn|5
|
|t:|1776032498
|move|p1a: Deoxys|Dark Pulse|p2a: Metagross
|-supereffective|p2a: Metagross
|-damage|p2a: Metagross|66/100
|move|p2a: Metagross|Knock Off|p1a: Deoxys
|-supereffective|p1a: Deoxys
|-damage|p1a: Deoxys|28/100
|-enditem|p1a: Deoxys|Assault Vest|[from] move: Knock Off|[of] p2a: Metagross
|
|upkeep
|turn|6
|
|t:|1776032511
|move|p1a: Deoxys|Future Sight|p2a: Metagross
|-start|p1a: Deoxys|move: Future Sight
|move|p2a: Metagross|Knock Off|p1a: Deoxys
|-supereffective|p1a: Deoxys
|-damage|p1a: Deoxys|0 fnt
|faint|p1a: Deoxys
|
|upkeep
|
|t:|1776032519
|switch|p1a: Regirock|Regirock|100/100
|turn|7
|
|t:|1776032546
|switch|p2a: Rhydon|Rhydon, F|100/100
|move|p1a: Regirock|Iron Defense|p1a: Regirock
|-boost|p1a: Regirock|def|2
|
|upkeep
|turn|8
|
|t:|1776032563
|-terastallize|p1a: Regirock|Fighting
|move|p1a: Regirock|Body Press|p2a: Rhydon
|-supereffective|p2a: Rhydon
|-damage|p2a: Rhydon|0 fnt
|faint|p2a: Rhydon
|
|-hint|Future Sight did not hit because the target is fainted.
|upkeep
|
|t:|1776032570
|switch|p2a: Keldeo|Keldeo-Resolute|22/100
|turn|9
|
|t:|1776032578
|move|p2a: Keldeo|Air Slash|p1a: Regirock
|-supereffective|p1a: Regirock
|-damage|p1a: Regirock|29/100
|move|p1a: Regirock|Thunder Punch|p2a: Keldeo
|-supereffective|p2a: Keldeo
|-damage|p2a: Keldeo|0 fnt
|faint|p2a: Keldeo
|
|-heal|p1a: Regirock|35/100|[from] item: Leftovers
|upkeep
|
|t:|1776032586
|switch|p2a: Clefable|Clefable, M|100/100
|turn|10
|
|t:|1776032607
|move|p2a: Clefable|Moonblast|p1a: Regirock
|-supereffective|p1a: Regirock
|-damage|p1a: Regirock|0 fnt
|faint|p1a: Regirock
|
|upkeep
|
|t:|1776032617
|switch|p1a: Toxapex|Toxapex, F|100/100
|turn|11
|
|t:|1776032627
|move|p2a: Clefable|Psychic|p1a: Toxapex
|-supereffective|p1a: Toxapex
|-damage|p1a: Toxapex|64/100
|move|p1a: Toxapex|Toxic|p2a: Clefable
|-status|p2a: Clefable|tox
|
|-damage|p2a: Clefable|94/100 tox|[from] psn
|upkeep
|turn|12
|
|t:|1776032641
|switch|p2a: Metagross|Metagross|66/100
|switch|p1a: Cetitan|Cetitan, F|100/100
|
|upkeep
|turn|13
|
|t:|1776032653
|-terastallize|p2a: Metagross|Steel
|move|p2a: Metagross|Bullet Punch|p1a: Cetitan
|-supereffective|p1a: Cetitan
|-damage|p1a: Cetitan|14/100
|move|p1a: Cetitan|Knock Off|p2a: Metagross
|-damage|p2a: Metagross|44/100
|-enditem|p2a: Metagross|Choice Band|[from] move: Knock Off|[of] p1a: Cetitan
|
|upkeep
|turn|14
|
|t:|1776032665
|move|p2a: Metagross|Bullet Punch|p1a: Cetitan
|-supereffective|p1a: Cetitan
|-damage|p1a: Cetitan|0 fnt
|faint|p1a: Cetitan
|
|upkeep
|
|t:|1776032680
|switch|p1a: Toxapex|Toxapex, F|97/100
|turn|15
|
|t:|1776032687
|move|p2a: Metagross|Psychic Fangs|p1a: Toxapex
|-supereffective|p1a: Toxapex
|-damage|p1a: Toxapex|20/100
|-damage|p2a: Metagross|28/100|[from] item: Rocky Helmet|[of] p1a: Toxapex
|move|p1a: Toxapex|Liquidation|p2a: Metagross
|-damage|p2a: Metagross|11/100
|
|upkeep
|turn|16
|
|t:|1776032698
|move|p2a: Metagross|Meteor Mash|p1a: Toxapex
|-resisted|p1a: Toxapex
|-damage|p1a: Toxapex|0 fnt
|-damage|p2a: Metagross|0 fnt|[from] item: Rocky Helmet|[of] p1a: Toxapex
|faint|p1a: Toxapex
|faint|p2a: Metagross
|
|upkeep
|
|t:|1776032708
|switch|p2a: Ninetales|Ninetales-Alola, F|100/100
|switch|p1a: Regice|Regice|100/100
|-weather|Snowscape|[from] ability: Snow Warning|[of] p2a: Ninetales
|turn|17
|
|t:|1776032721
|move|p2a: Ninetales|Aurora Veil|p2a: Ninetales
|-sidestart|p2: WarringPeace|move: Aurora Veil
|move|p1a: Regice|Flash Cannon|p2a: Ninetales
|-supereffective|p2a: Ninetales
|-damage|p2a: Ninetales|52/100
|-unboost|p2a: Ninetales|spd|1
|
|-weather|Snowscape|[upkeep]
|upkeep
|turn|18
|
|t:|1776032730
|move|p2a: Ninetales|Blizzard|p1a: Regice
|-resisted|p1a: Regice
|-damage|p1a: Regice|93/100
|move|p1a: Regice|Flash Cannon|p2a: Ninetales
|-supereffective|p2a: Ninetales
|-damage|p2a: Ninetales|0 fnt
|faint|p2a: Ninetales
|
|-weather|Snowscape|[upkeep]
|upkeep
|
|t:|1776032742
|switch|p2a: Clefable|Clefable, M|94/100 tox
|turn|19
|
|t:|1776032749
|move|p2a: Clefable|Fire Blast|p1a: Regice
|-supereffective|p1a: Regice
|-damage|p1a: Regice|77/100
|move|p1a: Regice|Flash Cannon|p2a: Clefable
|-supereffective|p2a: Clefable
|-damage|p2a: Clefable|80/100 tox
|-unboost|p2a: Clefable|spd|1
|
|-weather|Snowscape|[upkeep]
|-heal|p2a: Clefable|86/100 tox|[from] item: Leftovers
|-damage|p2a: Clefable|80/100 tox|[from] psn
|upkeep
|turn|20
|
|t:|1776032761
|switch|p2a: Clefable|Clefable, M|100/100
|move|p1a: Regice|Flash Cannon|p2a: Clefable
|-damage|p2a: Clefable|81/100
|replace|p2a: Zoroark|Zoroark-Hisui, F
|-end|p2a: Zoroark|Illusion
|
|-weather|Snowscape|[upkeep]
|upkeep
|turn|21
|
|t:|1776032775
|move|p2a: Zoroark|Will-O-Wisp|p1a: Regice
|-status|p1a: Regice|brn
|move|p1a: Regice|Ice Beam|p2a: Zoroark
|-damage|p2a: Zoroark|42/100
|
|-weather|none
|-damage|p1a: Regice|71/100 brn|[from] brn
|upkeep
|turn|22
|
|t:|1776032785
|switch|p2a: Clefable|Clefable, M|80/100 tox
|move|p1a: Regice|Ice Beam|p2a: Clefable
|-damage|p2a: Clefable|69/100 tox
|
|-heal|p2a: Clefable|75/100 tox|[from] item: Leftovers
|-damage|p2a: Clefable|69/100 tox|[from] psn
|-damage|p1a: Regice|65/100 brn|[from] brn
|upkeep
|turn|23
|
|t:|1776032796
|move|p2a: Clefable|Fire Blast|p1a: Regice
|-supereffective|p1a: Regice
|-crit|p1a: Regice
|-damage|p1a: Regice|37/100 brn
|move|p1a: Regice|Flash Cannon|p2a: Clefable
|-supereffective|p2a: Clefable
|-damage|p2a: Clefable|54/100 tox
|
|-heal|p2a: Clefable|60/100 tox|[from] item: Leftovers
|-damage|p2a: Clefable|48/100 tox|[from] psn
|-damage|p1a: Regice|30/100 brn|[from] brn
|upkeep
|turn|24
|
|t:|1776032808
|move|p2a: Clefable|Fire Blast|p1a: Regice
|-supereffective|p1a: Regice
|-damage|p1a: Regice|13/100 brn
|move|p1a: Regice|Flash Cannon|p2a: Clefable
|-supereffective|p2a: Clefable
|-damage|p2a: Clefable|33/100 tox
|
|-heal|p2a: Clefable|39/100 tox|[from] item: Leftovers
|-damage|p2a: Clefable|21/100 tox|[from] psn
|-damage|p1a: Regice|7/100 brn|[from] brn
|-sideend|p2: WarringPeace|move: Aurora Veil
|upkeep
|turn|25
|
|t:|1776032821
|move|p2a: Clefable|Fire Blast|p1a: Regice|[miss]
|-miss|p2a: Clefable|p1a: Regice
|move|p1a: Regice|Flash Cannon|p2a: Clefable
|-supereffective|p2a: Clefable
|-damage|p2a: Clefable|0 fnt
|faint|p2a: Clefable
|
|-damage|p1a: Regice|1/100 brn|[from] brn
|upkeep
|
|t:|1776032829
|switch|p2a: Zoroark|Zoroark-Hisui, F|42/100
|turn|26
|
|t:|1776032834
|move|p2a: Zoroark|Hex|p1a: Regice
|-damage|p1a: Regice|0 fnt
|faint|p1a: Regice
|
|win|WarringPeace
|raw|NathanShark's rating: 1116 &rarr; <strong>1091</strong><br />(-25 for losing)
|raw|WarringPeace's rating: 1122 &rarr; <strong>1147</strong><br />(+25 for winning)
|l|☆NathanShark
|player|p1|
|l|☆WarringPeace
|player|p2|
