|html|<div class="broadcast-blue"><strong>[Gen 9] OU is currently suspecting Tera Blast! For information on how to participate check out the <a href="https://www.smogon.com/tools/suspects/view/200">suspect thread</a>.</strong></div>
|j|☆macesadilla
|j|☆magistermilitum420
|t:|1776129908
|gametype|singles
|player|p1|macesadilla|guitarist|1325
|player|p2|magistermilitum420|blue|1328
|gen|9
|tier|[Gen 9] OU
|rated|
|rule|HP Percentage Mod: HP is shown in percentages
|rule|Endless Battle Clause: Forcing endless battles is banned
|rule|Species Clause: Limit one of each Pokémon
|rule|OHKO Clause: OHKO moves are banned
|rule|Evasion Items Clause: Evasion items are banned
|rule|Evasion Moves Clause: Evasion moves are banned
|rule|Evasion Abilities Clause: Evasion abilities are banned
|rule|Sleep Moves Clause: Sleep-inducing moves are banned
|clearpoke
|poke|p1|Ribombee, M|
|poke|p1|Gholdengo|
|poke|p1|Iron Moth|
|poke|p1|Serperior, M|
|poke|p1|Great Tusk|
|poke|p1|Raging Bolt|
|poke|p2|Meowscarada, M|
|poke|p2|Great Tusk|
|poke|p2|Alomomola, F|
|poke|p2|Slowking-Galar, M|
|poke|p2|Dragonite, M|
|poke|p2|Heatran, M|
|teampreview
|
|t:|1776129937
|teamsize|p1|6
|teamsize|p2|6
|start
|switch|p1a: Ribombee|Ribombee, M|100/100
|switch|p2a: Mithridates|Slowking-Galar, M|100/100
|turn|1
|
|t:|1776129951
|move|p1a: Ribombee|Sticky Web|p2a: Mithridates
|-sidestart|p2: magistermilitum420|move: Sticky Web
|move|p2a: Mithridates|Sludge Bomb|p1a: Ribombee
|-supereffective|p1a: Ribombee
|-enditem|p1a: Ribombee|Focus Sash
|-damage|p1a: Ribombee|1/100
|
|upkeep
|turn|2
|
|t:|1776129967
|switch|p1a: Great Tusk|Great Tusk|100/100
|move|p2a: Mithridates|Psychic Noise|p1a: Great Tusk
|-supereffective|p1a: Great Tusk
|-damage|p1a: Great Tusk|26/100
|-start|p1a: Great Tusk|move: Heal Block
|
|upkeep
|turn|3
|
|t:|1776129981
|switch|p2a: Charybdis|Alomomola, F, shiny|100/100
|move|p1a: Great Tusk|Headlong Rush|p2a: Charybdis
|-damage|p2a: Charybdis|64/100
|-unboost|p1a: Great Tusk|def|1
|-unboost|p1a: Great Tusk|spd|1
|
|-end|p1a: Great Tusk|move: Heal Block
|upkeep
|turn|4
|
|t:|1776129999
|move|p1a: Great Tusk|Knock Off|p2a: Charybdis
|-damage|p2a: Charybdis|46/100
|-enditem|p2a: Charybdis|Heavy-Duty Boots|[from] move: Knock Off|[of] p1a: Great Tusk
|move|p2a: Charybdis|Flip Turn|p1a: Great Tusk
|-supereffective|p1a: Great Tusk
|-damage|p1a: Great Tusk|0 fnt
|faint|p1a: Great Tusk
|-end|p1a: Great Tusk|Protosynthesis|[silent]
|
|t:|1776130016
|switch|p2a: Mithridates|Slowking-Galar, M|100/100|[from] Flip Turn
|-activate|p2a: Mithridates|move: Sticky Web
|-unboost|p2a: Mithridates|spe|1
|
|upkeep
|
|t:|1776130020
|switch|p1a: Raging Bolt|Raging Bolt|100/100
|-enditem|p1a: Raging Bolt|Booster Energy
|-activate|p1a: Raging Bolt|ability: Protosynthesis|[fromitem]
|-start|p1a: Raging Bolt|protosynthesisspa
|turn|5
|
|t:|1776130033
|move|p1a: Raging Bolt|Calm Mind|p1a: Raging Bolt
|-boost|p1a: Raging Bolt|spa|1
|-boost|p1a: Raging Bolt|spd|1
|move|p2a: Mithridates|Future Sight|p1a: Raging Bolt
|-start|p2a: Mithridates|move: Future Sight
|
|upkeep
|turn|6
|
|t:|1776130040
|move|p1a: Raging Bolt|Thunderbolt|p2a: Mithridates
|-crit|p2a: Mithridates
|-damage|p2a: Mithridates|29/100
|move|p2a: Mithridates|Sludge Bomb|p1a: Raging Bolt
|-damage|p1a: Raging Bolt|73/100
|
|upkeep
|turn|7
|
|t:|1776130091
|switch|p2a: Charybdis|Alomomola, F, shiny|79/100
|-activate|p2a: Charybdis|move: Sticky Web
|-unboost|p2a: Charybdis|spe|1
|move|p1a: Raging Bolt|Thunderbolt|p2a: Charybdis
|-supereffective|p2a: Charybdis
|-damage|p2a: Charybdis|0 fnt
|faint|p2a: Charybdis
|
|-end|p1a: Raging Bolt|move: Future Sight
|-damage|p1a: Raging Bolt|33/100
|upkeep
|
|t:|1776130128
|switch|p2a: Mithridates|Slowking-Galar, M|62/100
|-activate|p2a: Mithridates|move: Sticky Web
|-unboost|p2a: Mithridates|spe|1
|turn|8
|
|t:|1776130138
|move|p1a: Raging Bolt|Thunderbolt|p2a: Mithridates
|-damage|p2a: Mithridates|12/100
|-status|p2a: Mithridates|par
|move|p2a: Mithridates|Sludge Bomb|p1a: Raging Bolt
|-damage|p1a: Raging Bolt|7/100
|-status|p1a: Raging Bolt|psn
|
|-damage|p1a: Raging Bolt|0 fnt|[from] psn
|faint|p1a: Raging Bolt
|-end|p1a: Raging Bolt|Protosynthesis|[silent]
|upkeep
|
|t:|1776130146
|switch|p1a: Serperior|Serperior, M|100/100
|turn|9
|
|t:|1776130149
|switch|p2a: Vulcanus|Heatran, M, shiny|100/100
|-activate|p2a: Vulcanus|move: Sticky Web
|-unboost|p2a: Vulcanus|spe|1
|move|p1a: Serperior|Leaf Storm|p2a: Vulcanus
|-resisted|p2a: Vulcanus
|-damage|p2a: Vulcanus|88/100
|-boost|p1a: Serperior|spa|2
|
|upkeep
|turn|10
|
|t:|1776130177
|-terastallize|p1a: Serperior|Ground
|move|p1a: Serperior|Tera Blast|p2a: Vulcanus|[anim] Tera Blast Ground
|-supereffective|p2a: Vulcanus
|-damage|p2a: Vulcanus|0 fnt
|faint|p2a: Vulcanus
|
|upkeep
|
|t:|1776130186
|switch|p2a: Ladon|Dragonite, M, shiny|100/100
|turn|11
|
|t:|1776130195
|move|p1a: Serperior|Dragon Pulse|p2a: Ladon
|-supereffective|p2a: Ladon
|-damage|p2a: Ladon|51/100
|move|p2a: Ladon|Dragon Dance|p2a: Ladon
|-boost|p2a: Ladon|atk|1
|-boost|p2a: Ladon|spe|1
|
|upkeep
|turn|12
|inactive|Battle timer is ON: inactive players will automatically lose when time's up. (requested by macesadilla)
|inactive|magistermilitum420 has 120 seconds left.
|
|t:|1776130394
|-terastallize|p2a: Ladon|Normal
|move|p2a: Ladon|Extreme Speed|p1a: Serperior
|-damage|p1a: Serperior|22/100
|move|p1a: Serperior|Dragon Pulse|p2a: Ladon
|-damage|p2a: Ladon|0 fnt
|faint|p2a: Ladon
|
|upkeep
|
|t:|1776130411
|switch|p2a: Mahad|Meowscarada, M, shiny|100/100
|-activate|p2a: Mahad|move: Sticky Web
|-unboost|p2a: Mahad|spe|1
|turn|13
|
|t:|1776130424
|move|p2a: Mahad|Knock Off|p1a: Serperior
|-start|p2a: Mahad|typechange|Dark|[from] ability: Protean
|-damage|p1a: Serperior|0 fnt
|-enditem|p1a: Serperior|Wide Lens|[from] move: Knock Off|[of] p2a: Mahad
|faint|p1a: Serperior
|
|upkeep
|
|t:|1776130429
|switch|p1a: Ribombee|Ribombee, M|1/100
|turn|14
|
|t:|1776130444
|switch|p2a: Mithridates|Slowking-Galar, M|46/100 par
|-activate|p2a: Mithridates|move: Sticky Web
|-unboost|p2a: Mithridates|spe|1
|move|p1a: Ribombee|Moonblast|p2a: Mithridates
|-resisted|p2a: Mithridates
|-damage|p2a: Mithridates|36/100 par
|-unboost|p2a: Mithridates|spa|1
|
|upkeep
|turn|15
|
|t:|1776130464
|switch|p2a: Barca|Great Tusk|100/100
|move|p1a: Ribombee|Skill Swap||[still]
|-fail|p1a: Ribombee
|
|upkeep
|turn|16
|inactive|macesadilla has 120 seconds left.
|inactive|macesadilla has 90 seconds left.
|
|t:|1776130540
|move|p1a: Ribombee|Moonblast|p2a: Barca
|-supereffective|p2a: Barca
|-damage|p2a: Barca|0 fnt
|faint|p2a: Barca
|-end|p2a: Barca|Protosynthesis|[silent]
|
|upkeep
|inactive|magistermilitum420 has 120 seconds left.
|
|t:|1776130557
|switch|p2a: Mahad|Meowscarada, M, shiny|100/100
|-activate|p2a: Mahad|move: Sticky Web
|-unboost|p2a: Mahad|spe|1
|turn|17
|inactive|magistermilitum420 has 120 seconds left.
|
|t:|1776130565
|switch|p2a: Mithridates|Slowking-Galar, M|70/100 par
|-activate|p2a: Mithridates|move: Sticky Web
|-unboost|p2a: Mithridates|spe|1
|move|p1a: Ribombee|Moonblast|p2a: Mithridates
|-resisted|p2a: Mithridates
|-damage|p2a: Mithridates|60/100 par
|
|upkeep
|turn|18
|inactive|magistermilitum420 has 120 seconds left.
|
|t:|1776130593
|move|p1a: Ribombee|Quiver Dance|p1a: Ribombee
|-boost|p1a: Ribombee|spa|1
|-boost|p1a: Ribombee|spd|1
|-boost|p1a: Ribombee|spe|1
|move|p2a: Mithridates|Surf|p1a: Ribombee
|-damage|p1a: Ribombee|0 fnt
|faint|p1a: Ribombee
|
|upkeep
|inactive|macesadilla has 90 seconds left.
|
|t:|1776130604
|switch|p1a: Gholdengo|Gholdengo|100/100
|-item|p1a: Gholdengo|Air Balloon
|turn|19
|inactive|magistermilitum420 has 90 seconds left.
|
|t:|1776130638
|switch|p2a: Mahad|Meowscarada, M, shiny|100/100
|-activate|p2a: Mahad|move: Sticky Web
|-unboost|p2a: Mahad|spe|1
|move|p1a: Gholdengo|Nasty Plot|p1a: Gholdengo
|-boost|p1a: Gholdengo|spa|2
|
|upkeep
|turn|20
|inactive|magistermilitum420 has 90 seconds left.
|
|t:|1776130649
|move|p2a: Mahad|Knock Off|p1a: Gholdengo
|-start|p2a: Mahad|typechange|Dark|[from] ability: Protean
|-supereffective|p1a: Gholdengo
|-damage|p1a: Gholdengo|0 fnt
|-enditem|p1a: Gholdengo|Air Balloon
|faint|p1a: Gholdengo
|
|upkeep
|
|t:|1776130653
|switch|p1a: Iron Moth|Iron Moth|100/100
|-enditem|p1a: Iron Moth|Booster Energy
|-activate|p1a: Iron Moth|ability: Quark Drive|[fromitem]
|-start|p1a: Iron Moth|quarkdrivespa
|turn|21
|inactive|magistermilitum420 has 90 seconds left.
|
|t:|1776130670
|move|p2a: Mahad|Knock Off|p1a: Iron Moth
|-damage|p1a: Iron Moth|50/100
|move|p1a: Iron Moth|Fiery Dance|p2a: Mahad
|-damage|p2a: Mahad|0 fnt
|faint|p2a: Mahad
|
|upkeep
|inactive|magistermilitum420 has 90 seconds left.
|
|t:|1776130678
|switch|p2a: Mithridates|Slowking-Galar, M|93/100 par
|-activate|p2a: Mithridates|move: Sticky Web
|-unboost|p2a: Mithridates|spe|1
|turn|22
|
|t:|1776130684
|move|p1a: Iron Moth|Fiery Dance|p2a: Mithridates
|-damage|p2a: Mithridates|63/100 par
|-boost|p1a: Iron Moth|spa|1
|cant|p2a: Mithridates|par
|
|upkeep
|turn|23
|
|t:|1776130691
|move|p1a: Iron Moth|Fire Blast|p2a: Mithridates
|-damage|p2a: Mithridates|0 fnt
|faint|p2a: Mithridates
|
|win|macesadilla
|raw|macesadilla's rating: 1325 &rarr; <strong>1345</strong><br />(+20 for winning)
|raw|magistermilitum420's rating: 1328 &rarr; <strong>1308</strong><br />(-20 for losing)
|l|☆macesadilla
|player|p1|
