|html|<div class="broadcast-blue"><strong>[Gen 9] OU is currently suspecting Tera Blast! For information on how to participate check out the <a href="https://www.smogon.com/tools/suspects/view/200">suspect thread</a>.</strong></div>
|j|☆Mi Bombo
|j|☆nyck771
|t:|1776064644
|gametype|singles
|player|p1|Mi Bombo|rancher|1149
|player|p2|nyck771|red|1211
|gen|9
|tier|[Gen 9] OU
|rated|
|rule|HP Percentage Mod: HP is shown in percentages
|rule|Endless Battle Clause: Forcing endless battles is banned
|rule|Species Clause: Limit one of each Pokémon
|rule|OHKO Clause: OHKO moves are banned
|rule|Evasion Items Clause: Evasion items are banned
|rule|Evasion Moves Clause: Evasion moves are banned
|rule|Evasion Abilities Clause: Evasion abilities are banned
|rule|Sleep Moves Clause: Sleep-inducing moves are banned
|clearpoke
|poke|p1|Great Tusk|
|poke|p1|Darkrai|
|poke|p1|Iron Moth|
|poke|p1|Pecharunt|
|poke|p1|Quaquaval, M|
|poke|p1|Farigiraf, F|
|poke|p2|Garganacl, M|
|poke|p2|Primarina, M|
|poke|p2|Gholdengo|
|poke|p2|Blaziken, M|
|poke|p2|Rillaboom, F|
|poke|p2|Weezing-Galar, M|
|teampreview
|c|☆nyck771|glhf
|
|t:|1776064661
|teamsize|p1|6
|teamsize|p2|6
|start
|switch|p1a: Elephant|Great Tusk|100/100
|switch|p2a: Garganacl|Garganacl, M|100/100
|turn|1
|
|t:|1776064671
|switch|p2a: Rillaboom|Rillaboom, F|100/100
|-fieldstart|move: Grassy Terrain|[from] ability: Grassy Surge|[of] p2a: Rillaboom
|move|p1a: Elephant|Stealth Rock|p2a: Rillaboom
|-sidestart|p2: nyck771|move: Stealth Rock
|
|upkeep
|turn|2
|
|t:|1776064679
|-end|p1a: Elephant|Protosynthesis|[silent]
|switch|p1a: Quaquaval|Quaquaval, M|100/100
|move|p2a: Rillaboom|U-turn|p1a: Quaquaval
|-resisted|p1a: Quaquaval
|-damage|p1a: Quaquaval|73/100
|
|t:|1776064689
|switch|p2a: Gholdengo|Gholdengo|100/100|[from] U-turn
|-damage|p2a: Gholdengo|94/100|[from] Stealth Rock
|
|-heal|p2a: Gholdengo|100/100|[from] Grassy Terrain
|-heal|p1a: Quaquaval|79/100|[from] Grassy Terrain
|upkeep
|turn|3
|
|t:|1776064698
|switch|p1a: Farigiraf|Farigiraf, F|100/100
|move|p2a: Gholdengo|Shadow Ball|p1a: Farigiraf
|-immune|p1a: Farigiraf
|
|upkeep
|turn|4
|
|t:|1776064711
|switch|p2a: Weezing|Weezing-Galar, M|100/100
|-ability|p2a: Weezing|Neutralizing Gas
|move|p1a: Farigiraf|Psychic|p2a: Weezing
|-supereffective|p2a: Weezing
|-damage|p2a: Weezing|0 fnt
|faint|p2a: Weezing
|-end|p2a: Weezing|ability: Neutralizing Gas
|
|upkeep
|
|t:|1776064722
|switch|p2a: Primarina|Primarina, M|100/100
|-damage|p2a: Primarina|88/100|[from] Stealth Rock
|turn|5
|
|t:|1776064730
|move|p2a: Primarina|Calm Mind|p2a: Primarina
|-boost|p2a: Primarina|spa|1
|-boost|p2a: Primarina|spd|1
|move|p1a: Farigiraf|Calm Mind|p1a: Farigiraf
|-boost|p1a: Farigiraf|spa|1
|-boost|p1a: Farigiraf|spd|1
|
|-heal|p2a: Primarina|94/100|[from] Grassy Terrain
|-heal|p2a: Primarina|99/100|[from] item: Leftovers
|-fieldend|move: Grassy Terrain
|upkeep
|turn|6
|
|t:|1776064740
|move|p2a: Primarina|Substitute|p2a: Primarina
|-start|p2a: Primarina|Substitute
|-damage|p2a: Primarina|75/100
|move|p1a: Farigiraf|Calm Mind|p1a: Farigiraf
|-boost|p1a: Farigiraf|spa|1
|-boost|p1a: Farigiraf|spd|1
|
|-heal|p2a: Primarina|81/100|[from] item: Leftovers
|upkeep
|turn|7
|
|t:|1776064747
|move|p2a: Primarina|Calm Mind|p2a: Primarina
|-boost|p2a: Primarina|spa|1
|-boost|p2a: Primarina|spd|1
|move|p1a: Farigiraf|Hyper Voice|p2a: Primarina
|-damage|p2a: Primarina|42/100
|-enditem|p1a: Farigiraf|Throat Spray
|-boost|p1a: Farigiraf|spa|1|[from] item: Throat Spray
|
|-heal|p2a: Primarina|48/100|[from] item: Leftovers
|upkeep
|turn|8
|
|t:|1776064757
|move|p2a: Primarina|Draining Kiss|p1a: Farigiraf
|-damage|p1a: Farigiraf|77/100
|-heal|p2a: Primarina|68/100|[from] drain|[of] p1a: Farigiraf
|move|p1a: Farigiraf|Hyper Voice|p2a: Primarina
|-damage|p2a: Primarina|24/100
|
|-heal|p2a: Primarina|30/100|[from] item: Leftovers
|upkeep
|turn|9
|
|t:|1776064769
|-terastallize|p2a: Primarina|Steel
|move|p1a: Farigiraf|Hyper Voice|p2a: Primarina
|-resisted|p2a: Primarina
|-damage|p2a: Primarina|7/100
|move|p2a: Primarina|Calm Mind|p2a: Primarina
|-boost|p2a: Primarina|spa|1
|-boost|p2a: Primarina|spd|1
|
|-heal|p2a: Primarina|13/100|[from] item: Leftovers
|upkeep
|turn|10
|
|t:|1776064780
|move|p2a: Primarina|Draining Kiss|p1a: Farigiraf
|-damage|p1a: Farigiraf|49/100
|-heal|p2a: Primarina|37/100|[from] drain|[of] p1a: Farigiraf
|move|p1a: Farigiraf|Hyper Voice|p2a: Primarina
|-resisted|p2a: Primarina
|-damage|p2a: Primarina|19/100
|
|-heal|p2a: Primarina|25/100|[from] item: Leftovers
|upkeep
|turn|11
|
|t:|1776064791
|move|p2a: Primarina|Draining Kiss|p1a: Farigiraf
|-damage|p1a: Farigiraf|25/100
|-heal|p2a: Primarina|46/100|[from] drain|[of] p1a: Farigiraf
|move|p1a: Farigiraf|Thief|p2a: Primarina
|-activate|p2a: Primarina|move: Substitute|[damage]
|
|-heal|p2a: Primarina|52/100|[from] item: Leftovers
|upkeep
|turn|12
|
|t:|1776064810
|move|p1a: Farigiraf|Psychic|p2a: Primarina
|-resisted|p2a: Primarina
|-end|p2a: Primarina|Substitute
|move|p2a: Primarina|Draining Kiss|p1a: Farigiraf
|-crit|p1a: Farigiraf
|-damage|p1a: Farigiraf|0 fnt
|-heal|p2a: Primarina|72/100|[from] drain|[of] p1a: Farigiraf
|faint|p1a: Farigiraf
|
|-heal|p2a: Primarina|79/100|[from] item: Leftovers
|upkeep
|
|t:|1776064819
|switch|p1a: Iron Moth|Iron Moth|100/100
|-enditem|p1a: Iron Moth|Booster Energy
|-activate|p1a: Iron Moth|ability: Quark Drive|[fromitem]
|-start|p1a: Iron Moth|quarkdrivespa
|turn|13
|
|t:|1776064824
|move|p1a: Iron Moth|Fiery Dance|p2a: Primarina
|-supereffective|p2a: Primarina
|-damage|p2a: Primarina|42/100
|-boost|p1a: Iron Moth|spa|1
|move|p2a: Primarina|Psychic Noise|p1a: Iron Moth
|-supereffective|p1a: Iron Moth
|-damage|p1a: Iron Moth|0 fnt
|faint|p1a: Iron Moth
|-end|p1a: Iron Moth|Quark Drive|[silent]
|
|-heal|p2a: Primarina|48/100|[from] item: Leftovers
|upkeep
|
|t:|1776064834
|switch|p1a: Quaquaval|Quaquaval, M|79/100
|turn|14
|
|t:|1776064838
|move|p1a: Quaquaval|Close Combat|p2a: Primarina
|-supereffective|p2a: Primarina
|-damage|p2a: Primarina|0 fnt
|-unboost|p1a: Quaquaval|def|1
|-unboost|p1a: Quaquaval|spd|1
|faint|p2a: Primarina
|-ability|p1a: Quaquaval|Moxie|boost
|-boost|p1a: Quaquaval|atk|1
|
|upkeep
|
|t:|1776064844
|switch|p2a: Rillaboom|Rillaboom, F|100/100
|-damage|p2a: Rillaboom|88/100|[from] Stealth Rock
|-fieldstart|move: Grassy Terrain|[from] ability: Grassy Surge|[of] p2a: Rillaboom
|turn|15
|
|t:|1776064852
|switch|p1a: Darkrai|Darkrai|100/100
|move|p2a: Rillaboom|Knock Off|p1a: Darkrai
|-resisted|p1a: Darkrai
|-damage|p1a: Darkrai|65/100
|-enditem|p1a: Darkrai|Life Orb|[from] move: Knock Off|[of] p2a: Rillaboom
|
|-heal|p1a: Darkrai|71/100|[from] Grassy Terrain
|-heal|p2a: Rillaboom|94/100|[from] Grassy Terrain
|upkeep
|turn|16
|
|t:|1776064863
|switch|p2a: Gholdengo|Gholdengo|100/100
|-damage|p2a: Gholdengo|94/100|[from] Stealth Rock
|move|p1a: Darkrai|Ice Beam|p2a: Gholdengo
|-resisted|p2a: Gholdengo
|-damage|p2a: Gholdengo|74/100
|
|-heal|p2a: Gholdengo|80/100|[from] Grassy Terrain
|-heal|p1a: Darkrai|77/100|[from] Grassy Terrain
|upkeep
|turn|17
|
|t:|1776064871
|move|p2a: Gholdengo|Focus Blast|p1a: Darkrai|[miss]
|-miss|p2a: Gholdengo|p1a: Darkrai
|move|p1a: Darkrai|Dark Pulse|p2a: Gholdengo
|-supereffective|p2a: Gholdengo
|-damage|p2a: Gholdengo|0 fnt
|faint|p2a: Gholdengo
|
|-heal|p1a: Darkrai|83/100|[from] Grassy Terrain
|upkeep
|
|t:|1776064881
|switch|p2a: Blaziken|Blaziken, M|100/100
|-damage|p2a: Blaziken|88/100|[from] Stealth Rock
|turn|18
|
|t:|1776064889
|move|p1a: Darkrai|Dark Pulse|p2a: Blaziken
|-resisted|p2a: Blaziken
|-damage|p2a: Blaziken|51/100
|move|p2a: Blaziken|Swords Dance|p2a: Blaziken
|-boost|p2a: Blaziken|atk|2
|
|-heal|p1a: Darkrai|89/100|[from] Grassy Terrain
|-heal|p2a: Blaziken|57/100|[from] Grassy Terrain
|-ability|p2a: Blaziken|Speed Boost|boost
|-boost|p2a: Blaziken|spe|1
|upkeep
|turn|19
|
|t:|1776064898
|move|p2a: Blaziken|Close Combat|p1a: Darkrai
|-supereffective|p1a: Darkrai
|-damage|p1a: Darkrai|0 fnt
|-unboost|p2a: Blaziken|def|1
|-unboost|p2a: Blaziken|spd|1
|faint|p1a: Darkrai
|-damage|p2a: Blaziken|48/100|[from] item: Life Orb
|
|-heal|p2a: Blaziken|53/100|[from] Grassy Terrain
|-fieldend|move: Grassy Terrain
|-ability|p2a: Blaziken|Speed Boost|boost
|-boost|p2a: Blaziken|spe|1
|upkeep
|
|t:|1776064908
|switch|p1a: Quaquaval|Quaquaval, M|79/100
|turn|20
|
|t:|1776064912
|move|p1a: Quaquaval|Aqua Jet|p2a: Blaziken
|-supereffective|p2a: Blaziken
|-damage|p2a: Blaziken|0 fnt
|faint|p2a: Blaziken
|-ability|p1a: Quaquaval|Moxie|boost
|-boost|p1a: Quaquaval|atk|1
|
|upkeep
|
|t:|1776064916
|switch|p2a: Rillaboom|Rillaboom, F|94/100
|-damage|p2a: Rillaboom|82/100|[from] Stealth Rock
|-fieldstart|move: Grassy Terrain|[from] ability: Grassy Surge|[of] p2a: Rillaboom
|turn|21
|
|t:|1776064925
|-terastallize|p1a: Quaquaval|Flying
|move|p2a: Rillaboom|Grassy Glide|p1a: Quaquaval
|-resisted|p1a: Quaquaval
|-damage|p1a: Quaquaval|40/100
|move|p1a: Quaquaval|Acrobatics|p2a: Rillaboom
|-supereffective|p2a: Rillaboom
|-damage|p2a: Rillaboom|0 fnt
|faint|p2a: Rillaboom
|-ability|p1a: Quaquaval|Moxie|boost
|-boost|p1a: Quaquaval|atk|1
|
|upkeep
|
|t:|1776064928
|switch|p2a: Garganacl|Garganacl, M|100/100
|-damage|p2a: Garganacl|88/100|[from] Stealth Rock
|turn|22
|
|t:|1776064937
|move|p1a: Quaquaval|Close Combat|p2a: Garganacl
|-supereffective|p2a: Garganacl
|-damage|p2a: Garganacl|0 fnt
|-unboost|p1a: Quaquaval|def|1
|-unboost|p1a: Quaquaval|spd|1
|faint|p2a: Garganacl
|
|win|Mi Bombo
|raw|Mi Bombo's rating: 1149 &rarr; <strong>1178</strong><br />(+29 for winning)
|raw|nyck771's rating: 1211 &rarr; <strong>1182</strong><br />(-29 for losing)
|c|☆nyck771|gg
|l|☆nyck771
|player|p2|
|c|☆Mi Bombo|gg
|l|☆Mi Bombo
|player|p1|
