|html|<div class="broadcast-blue"><strong>[Gen 9] OU is currently suspecting Tera Blast! For information on how to participate check out the <a href="https://www.smogon.com/tools/suspects/view/200">suspect thread</a>.</strong></div>
|j|☆greedman456
|j|☆Igoodnamename
|t:|1776090927
|gametype|singles
|player|p1|greedman456|brock|1704
|player|p2|Igoodnamename|170|1714
|gen|9
|tier|[Gen 9] OU
|rated|
|rule|HP Percentage Mod: HP is shown in percentages
|rule|Endless Battle Clause: Forcing endless battles is banned
|rule|Species Clause: Limit one of each Pokémon
|rule|OHKO Clause: OHKO moves are banned
|rule|Evasion Items Clause: Evasion items are banned
|rule|Evasion Moves Clause: Evasion moves are banned
|rule|Evasion Abilities Clause: Evasion abilities are banned
|rule|Sleep Moves Clause: Sleep-inducing moves are banned
|clearpoke
|poke|p1|Torkoal, F|
|poke|p1|Charizard, M|
|poke|p1|Walking Wake|
|poke|p1|Slither Wing|
|poke|p1|Corviknight, F|
|poke|p1|Venusaur, M|
|poke|p2|Glimmora, F|
|poke|p2|Regidrago|
|poke|p2|Darkrai|
|poke|p2|Ogerpon-Wellspring, F|
|poke|p2|Dragapult, F|
|poke|p2|Zamazenta-*|
|teampreview
|inactive|Battle timer is ON: inactive players will automatically lose when time's up. (requested by greedman456)
|j| beebeebaobao
|
|t:|1776090949
|teamsize|p1|6
|teamsize|p2|6
|start
|switch|p1a: Torkoal|Torkoal, F|100/100
|switch|p2a: Regidrago|Regidrago|100/100
|-weather|SunnyDay|[from] ability: Drought|[of] p1a: Torkoal
|turn|1
|
|t:|1776090957
|switch|p1a: Corviknight|Corviknight, F|100/100
|-terastallize|p2a: Regidrago|Fire
|move|p2a: Regidrago|Dragon Dance|p2a: Regidrago
|-boost|p2a: Regidrago|atk|1
|-boost|p2a: Regidrago|spe|1
|
|-weather|SunnyDay|[upkeep]
|upkeep
|turn|2
|
|t:|1776090966
|move|p2a: Regidrago|Fire Fang|p1a: Corviknight
|-supereffective|p1a: Corviknight
|-damage|p1a: Corviknight|0 fnt
|faint|p1a: Corviknight
|-damage|p2a: Regidrago|91/100|[from] item: Life Orb
|
|-weather|SunnyDay|[upkeep]
|upkeep
|
|t:|1776090979
|switch|p1a: Venusaur|Venusaur, M|100/100
|turn|3
|
|t:|1776091001
|move|p1a: Venusaur|Earth Power|p2a: Regidrago
|-supereffective|p2a: Regidrago
|-damage|p2a: Regidrago|9/100
|-damage|p1a: Venusaur|91/100|[from] item: Life Orb
|move|p2a: Regidrago|Fire Fang|p1a: Venusaur
|-supereffective|p1a: Venusaur
|-damage|p1a: Venusaur|0 fnt
|faint|p1a: Venusaur
|-damage|p2a: Regidrago|0 fnt|[from] item: Life Orb
|faint|p2a: Regidrago
|
|-weather|SunnyDay|[upkeep]
|upkeep
|inactive|Igoodnamename has 120 seconds left.
|
|t:|1776091019
|switch|p2a: Glimmora|Glimmora, F|100/100
|switch|p1a: Walking Wake|Walking Wake|100/100
|-activate|p1a: Walking Wake|ability: Protosynthesis
|-start|p1a: Walking Wake|protosynthesisspa
|turn|4
|
|t:|1776091030
|move|p1a: Walking Wake|Agility|p1a: Walking Wake
|-boost|p1a: Walking Wake|spe|2
|move|p2a: Glimmora|Meteor Beam||[still]
|-prepare|p2a: Glimmora|Meteor Beam
|-boost|p2a: Glimmora|spa|1
|-enditem|p2a: Glimmora|Power Herb
|-anim|p2a: Glimmora|Meteor Beam|p1a: Walking Wake
|-damage|p1a: Walking Wake|0 fnt
|faint|p1a: Walking Wake
|-end|p1a: Walking Wake|Protosynthesis|[silent]
|
|-weather|SunnyDay|[upkeep]
|upkeep
|
|t:|1776091040
|switch|p1a: Charizard|Charizard, M|100/100
|turn|5
|
|t:|1776091044
|-terastallize|p1a: Charizard|Fire
|move|p1a: Charizard|Flamethrower|p2a: Glimmora
|-resisted|p2a: Glimmora
|-damage|p2a: Glimmora|0 fnt
|faint|p2a: Glimmora
|
|-weather|SunnyDay|[upkeep]
|-damage|p1a: Charizard|88/100|[from] ability: Solar Power|[of] p1a: Charizard
|upkeep
|
|t:|1776091055
|switch|p2a: Ogerpon|Ogerpon-Wellspring, F|100/100
|turn|6
|
|t:|1776091059
|move|p2a: Ogerpon|Ivy Cudgel|p1a: Charizard|[anim] Ivy Cudgel Water
|-supereffective|p1a: Charizard
|-damage|p1a: Charizard|5/100
|move|p1a: Charizard|Flamethrower|p2a: Ogerpon
|-damage|p2a: Ogerpon|0 fnt
|faint|p2a: Ogerpon
|
|-weather|SunnyDay|[upkeep]
|-damage|p1a: Charizard|0 fnt|[from] ability: Solar Power|[of] p1a: Charizard
|faint|p1a: Charizard
|upkeep
|
|t:|1776091067
|switch|p2a: Dragapult|Dragapult, F|100/100
|switch|p1a: Slither Wing|Slither Wing|100/100
|-activate|p1a: Slither Wing|ability: Protosynthesis
|-start|p1a: Slither Wing|protosynthesisatk
|turn|7
|
|t:|1776091076
|move|p1a: Slither Wing|First Impression|p2a: Dragapult
|-resisted|p2a: Dragapult
|-damage|p2a: Dragapult|52/100
|move|p2a: Dragapult|Flamethrower|p1a: Slither Wing
|-supereffective|p1a: Slither Wing
|-damage|p1a: Slither Wing|0 fnt
|faint|p1a: Slither Wing
|-end|p1a: Slither Wing|Protosynthesis|[silent]
|
|-weather|SunnyDay|[upkeep]
|upkeep
|
|t:|1776091082
|switch|p1a: Torkoal|Torkoal, F|100/100
|turn|8
|
|t:|1776091088
|move|p2a: Dragapult|Flamethrower|p1a: Torkoal
|-resisted|p1a: Torkoal
|-damage|p1a: Torkoal|65/100
|move|p1a: Torkoal|Earthquake|p2a: Dragapult
|-damage|p2a: Dragapult|23/100
|
|-weather|none
|upkeep
|turn|9
|
|t:|1776091095
|move|p2a: Dragapult|Flamethrower|p1a: Torkoal
|-resisted|p1a: Torkoal
|-damage|p1a: Torkoal|39/100
|move|p1a: Torkoal|Earthquake|p2a: Dragapult
|-damage|p2a: Dragapult|0 fnt
|faint|p2a: Dragapult
|
|upkeep
|
|t:|1776091099
|switch|p2a: Darkrai|Darkrai|100/100
|turn|10
|
|t:|1776091102
|move|p2a: Darkrai|Dark Pulse|p1a: Torkoal
|-crit|p1a: Torkoal
|-damage|p1a: Torkoal|0 fnt
|faint|p1a: Torkoal
|
|win|Igoodnamename
|raw|greedman456's rating: 1704 &rarr; <strong>1685</strong><br />(-19 for losing)
|raw|Igoodnamename's rating: 1714 &rarr; <strong>1733</strong><br />(+19 for winning)
|l|☆Igoodnamename
|player|p2|
|l|☆greedman456
|player|p1|
