|html|<div class="broadcast-blue"><strong>[Gen 9] OU is currently suspecting Tera Blast! For information on how to participate check out the <a href="https://www.smogon.com/tools/suspects/view/200">suspect thread</a>.</strong></div>
|j|☆shinasiluque
|j|☆Elmonelio
|t:|1776078270
|gametype|singles
|player|p1|shinasiluque|101|1254
|player|p2|Elmonelio|ethan|1216
|gen|9
|tier|[Gen 9] OU
|rated|
|rule|HP Percentage Mod: HP is shown in percentages
|rule|Endless Battle Clause: Forcing endless battles is banned
|rule|Species Clause: Limit one of each Pokémon
|rule|OHKO Clause: OHKO moves are banned
|rule|Evasion Items Clause: Evasion items are banned
|rule|Evasion Moves Clause: Evasion moves are banned
|rule|Evasion Abilities Clause: Evasion abilities are banned
|rule|Sleep Moves Clause: Sleep-inducing moves are banned
|clearpoke
|poke|p1|Iron Valiant|
|poke|p1|Excadrill, F|
|poke|p1|Tyranitar, M|
|poke|p1|Tornadus-Therian, M|
|poke|p1|Ogerpon-Cornerstone, F|
|poke|p1|Toxapex, M|
|poke|p2|Zapdos|
|poke|p2|Tauros-Paldea-Aqua, M|
|poke|p2|Skeledirge, F|
|poke|p2|Meowscarada, F|
|poke|p2|Mamoswine, M|
|poke|p2|Salamence, M|
|teampreview
|inactive|Battle timer is ON: inactive players will automatically lose when time's up. (requested by shinasiluque)
|
|t:|1776078273
|teamsize|p1|6
|teamsize|p2|6
|start
|switch|p1a: Tyranitar|Tyranitar, M, shiny|100/100
|switch|p2a: Mamoswine|Mamoswine, M|100/100
|-weather|Sandstorm|[from] ability: Sand Stream|[of] p1a: Tyranitar
|turn|1
|
|t:|1776078285
|move|p1a: Tyranitar|Low Kick|p2a: Mamoswine
|-supereffective|p2a: Mamoswine
|-damage|p2a: Mamoswine|6/100
|move|p2a: Mamoswine|Earthquake|p1a: Tyranitar
|-supereffective|p1a: Tyranitar
|-crit|p1a: Tyranitar
|-damage|p1a: Tyranitar|0 fnt
|faint|p1a: Tyranitar
|
|-weather|Sandstorm|[upkeep]
|upkeep
|
|t:|1776078295
|switch|p1a: Excadrill|Excadrill, F|100/100
|turn|2
|
|t:|1776078304
|move|p1a: Excadrill|Substitute|p1a: Excadrill
|-start|p1a: Excadrill|Substitute
|-damage|p1a: Excadrill|76/100
|move|p2a: Mamoswine|Earthquake|p1a: Excadrill
|-supereffective|p1a: Excadrill
|-end|p1a: Excadrill|Substitute
|
|-weather|Sandstorm|[upkeep]
|-heal|p1a: Excadrill|82/100|[from] item: Leftovers
|upkeep
|turn|3
|
|t:|1776078314
|move|p1a: Excadrill|Earthquake|p2a: Mamoswine
|-damage|p2a: Mamoswine|0 fnt
|faint|p2a: Mamoswine
|
|-weather|Sandstorm|[upkeep]
|-heal|p1a: Excadrill|88/100|[from] item: Leftovers
|upkeep
|
|t:|1776078323
|switch|p2a: Meowscarada|Meowscarada, F|100/100
|turn|4
|
|t:|1776078328
|switch|p1a: Tornadus|Tornadus-Therian, M|100/100
|move|p2a: Meowscarada|Flower Trick|p1a: Tornadus
|-start|p2a: Meowscarada|typechange|Grass|[from] ability: Protean
|-resisted|p1a: Tornadus
|-crit|p1a: Tornadus
|-damage|p1a: Tornadus|69/100
|
|-weather|Sandstorm|[upkeep]
|-damage|p2a: Meowscarada|94/100|[from] Sandstorm
|-damage|p1a: Tornadus|63/100|[from] Sandstorm
|upkeep
|turn|5
|
|t:|1776078347
|switch|p2a: Zapdos|Zapdos|100/100
|move|p1a: Tornadus|Bleakwind Storm|p2a: Zapdos
|-resisted|p2a: Zapdos
|-damage|p2a: Zapdos|74/100
|
|-weather|Sandstorm|[upkeep]
|-damage|p1a: Tornadus|57/100|[from] Sandstorm
|-damage|p2a: Zapdos|68/100|[from] Sandstorm
|upkeep
|turn|6
|
|t:|1776078359
|switch|p1a: Excadrill|Excadrill, F|88/100
|move|p2a: Zapdos|Roost|p2a: Zapdos
|-heal|p2a: Zapdos|100/100
|-singleturn|p2a: Zapdos|move: Roost
|
|-weather|Sandstorm|[upkeep]
|-damage|p2a: Zapdos|94/100|[from] Sandstorm
|-heal|p1a: Excadrill|94/100|[from] item: Leftovers
|upkeep
|turn|7
|
|t:|1776078372
|move|p1a: Excadrill|Substitute|p1a: Excadrill
|-start|p1a: Excadrill|Substitute
|-damage|p1a: Excadrill|69/100
|move|p2a: Zapdos|Tailwind|p2a: Zapdos
|-sidestart|p2: Elmonelio|move: Tailwind
|
|-weather|Sandstorm|[upkeep]
|-damage|p2a: Zapdos|88/100|[from] Sandstorm
|-heal|p1a: Excadrill|75/100|[from] item: Leftovers
|upkeep
|turn|8
|
|t:|1776078382
|switch|p2a: Tauros|Tauros-Paldea-Aqua, M|100/100
|-ability|p2a: Tauros|Intimidate|boost
|-immune|p1a: Excadrill
|move|p1a: Excadrill|Rock Slide|p2a: Tauros
|-resisted|p2a: Tauros
|-damage|p2a: Tauros|83/100
|
|-weather|none
|-heal|p1a: Excadrill|81/100|[from] item: Leftovers
|upkeep
|turn|9
|
|t:|1776078393
|-terastallize|p1a: Excadrill|Ground
|move|p2a: Tauros|Bulk Up|p2a: Tauros
|-boost|p2a: Tauros|atk|1
|-boost|p2a: Tauros|def|1
|move|p1a: Excadrill|Earthquake|p2a: Tauros
|-damage|p2a: Tauros|22/100
|
|-heal|p1a: Excadrill|87/100|[from] item: Leftovers
|upkeep
|turn|10
|
|t:|1776078404
|move|p2a: Tauros|Raging Bull|p1a: Excadrill
|-supereffective|p1a: Excadrill
|-end|p1a: Excadrill|Substitute
|move|p1a: Excadrill|Earthquake|p2a: Tauros
|-damage|p2a: Tauros|0 fnt
|faint|p2a: Tauros
|
|-heal|p1a: Excadrill|93/100|[from] item: Leftovers
|-sideend|p2: Elmonelio|move: Tailwind
|upkeep
|
|t:|1776078422
|switch|p2a: Meowscarada|Meowscarada, F|94/100
|turn|11
|
|t:|1776078427
|switch|p1a: Tornadus|Tornadus-Therian, M|90/100
|move|p2a: Meowscarada|Flower Trick|p1a: Tornadus
|-start|p2a: Meowscarada|typechange|Grass|[from] ability: Protean
|-resisted|p1a: Tornadus
|-crit|p1a: Tornadus
|-damage|p1a: Tornadus|54/100
|
|upkeep
|turn|12
|
|t:|1776078437
|move|p2a: Meowscarada|Knock Off|p1a: Tornadus
|-damage|p1a: Tornadus|11/100
|-enditem|p1a: Tornadus|Choice Specs|[from] move: Knock Off|[of] p2a: Meowscarada
|move|p1a: Tornadus|Bleakwind Storm|p2a: Meowscarada
|-supereffective|p2a: Meowscarada
|-damage|p2a: Meowscarada|0 fnt
|faint|p2a: Meowscarada
|
|upkeep
|
|t:|1776078448
|switch|p2a: Salamence|Salamence, M|100/100
|-ability|p2a: Salamence|Intimidate|boost
|-unboost|p1a: Tornadus|atk|1
|turn|13
|
|t:|1776078453
|move|p1a: Tornadus|Bleakwind Storm|p2a: Salamence
|-damage|p2a: Salamence|43/100
|move|p2a: Salamence|Dragon Dance|p2a: Salamence
|-boost|p2a: Salamence|atk|1
|-boost|p2a: Salamence|spe|1
|
|upkeep
|turn|14
|
|t:|1776078461
|move|p2a: Salamence|Dragon Claw|p1a: Tornadus
|-damage|p1a: Tornadus|0 fnt
|faint|p1a: Tornadus
|
|upkeep
|
|t:|1776078470
|switch|p1a: Iron Valiant|Iron Valiant, shiny|100/100
|turn|15
|
|t:|1776078479
|-terastallize|p2a: Salamence|Steel
|move|p2a: Salamence|Earthquake|p1a: Iron Valiant
|-damage|p1a: Iron Valiant|37/100
|move|p1a: Iron Valiant|Moonblast|p2a: Salamence
|-resisted|p2a: Salamence
|-damage|p2a: Salamence|0 fnt
|faint|p2a: Salamence
|
|upkeep
|
|t:|1776078489
|switch|p2a: Skeledirge|Skeledirge, F|100/100
|turn|16
|
|t:|1776078494
|-end|p1a: Iron Valiant|Quark Drive|[silent]
|switch|p1a: Toxapex|Toxapex, M|100/100
|move|p2a: Skeledirge|Torch Song|p1a: Toxapex
|-resisted|p1a: Toxapex
|-damage|p1a: Toxapex|88/100
|-boost|p2a: Skeledirge|spa|1
|-enditem|p1a: Toxapex|Eject Button
|
|t:|1776078501
|switch|p1a: Excadrill|Excadrill, F, tera:Ground|93/100
|
|-heal|p1a: Excadrill|99/100|[from] item: Leftovers
|upkeep
|turn|17
|
|t:|1776078508
|switch|p2a: Zapdos|Zapdos|88/100
|move|p1a: Excadrill|Substitute|p1a: Excadrill
|-start|p1a: Excadrill|Substitute
|-damage|p1a: Excadrill|74/100
|
|-heal|p1a: Excadrill|81/100|[from] item: Leftovers
|upkeep
|turn|18
|
|t:|1776078520
|move|p1a: Excadrill|Rock Slide|p2a: Zapdos
|-supereffective|p2a: Zapdos
|-damage|p2a: Zapdos|26/100
|cant|p2a: Zapdos|flinch
|
|-heal|p1a: Excadrill|87/100|[from] item: Leftovers
|upkeep
|turn|19
|
|t:|1776078529
|move|p1a: Excadrill|Rock Slide|p2a: Zapdos|[miss]
|-miss|p1a: Excadrill|p2a: Zapdos
|move|p2a: Zapdos|Tailwind|p2a: Zapdos
|-sidestart|p2: Elmonelio|move: Tailwind
|
|-heal|p1a: Excadrill|93/100|[from] item: Leftovers
|upkeep
|turn|20
|
|t:|1776078538
|move|p2a: Zapdos|Roost|p2a: Zapdos
|-heal|p2a: Zapdos|77/100
|-singleturn|p2a: Zapdos|move: Roost
|move|p1a: Excadrill|Rock Slide|p2a: Zapdos
|-damage|p2a: Zapdos|42/100
|
|-heal|p1a: Excadrill|99/100|[from] item: Leftovers
|upkeep
|turn|21
|
|t:|1776078551
|switch|p2a: Skeledirge|Skeledirge, F|100/100
|move|p1a: Excadrill|Rapid Spin|p2a: Skeledirge
|-immune|p2a: Skeledirge
|
|-heal|p1a: Excadrill|100/100|[from] item: Leftovers
|upkeep
|turn|22
|
|t:|1776078564
|move|p2a: Skeledirge|Torch Song|p1a: Excadrill
|-damage|p1a: Excadrill|59/100
|-boost|p2a: Skeledirge|spa|1
|move|p1a: Excadrill|Earthquake|p2a: Skeledirge
|-supereffective|p2a: Skeledirge
|-damage|p2a: Skeledirge|0 fnt
|faint|p2a: Skeledirge
|
|-heal|p1a: Excadrill|65/100|[from] item: Leftovers
|-sideend|p2: Elmonelio|move: Tailwind
|upkeep
|-message|Elmonelio forfeited.
|
|win|shinasiluque
|raw|shinasiluque's rating: 1254 &rarr; <strong>1276</strong><br />(+22 for winning)
|raw|Elmonelio's rating: 1216 &rarr; <strong>1194</strong><br />(-22 for losing)
|l|☆Elmonelio
|player|p2|
|l|☆shinasiluque
|player|p1|
