|html|<div class="broadcast-blue"><strong>[Gen 9] OU is currently suspecting Volcarona! For information on how to participate check out the <a href="https://www.smogon.com/tools/suspects/view/208">suspect thread</a>.</strong></div>
|j|☆2Shifty321$
|j|☆dash warrior
|t:|1778506706
|gametype|singles
|player|p1|2Shifty321$|170|1145
|player|p2|dash warrior|ghetsis-gen5bw|1090
|gen|9
|tier|[Gen 9] OU
|rated|
|rule|HP Percentage Mod: HP is shown in percentages
|rule|Endless Battle Clause: Forcing endless battles is banned
|rule|Species Clause: Limit one of each Pokémon
|rule|OHKO Clause: OHKO moves are banned
|rule|Evasion Items Clause: Evasion items are banned
|rule|Evasion Moves Clause: Evasion moves are banned
|rule|Evasion Abilities Clause: Evasion abilities are banned
|rule|Sleep Moves Clause: Sleep-inducing moves are banned
|clearpoke
|poke|p1|Gliscor, M|
|poke|p1|Rotom-Wash|
|poke|p1|Kingambit, M|
|poke|p1|Gholdengo|
|poke|p1|Corviknight, M|
|poke|p1|Iron Valiant|
|poke|p2|Garganacl, F|
|poke|p2|Toxapex, M|
|poke|p2|Goodra-Hisui, F|
|poke|p2|Slowking-Galar, M|
|poke|p2|Moltres-Galar|
|poke|p2|Dragonite, M|
|teampreview
|inactive|Battle timer is ON: inactive players will automatically lose when time's up. (requested by dash warrior)
|
|t:|1778506716
|teamsize|p1|6
|teamsize|p2|6
|start
|switch|p1a: Rotom|Rotom-Wash|100/100
|switch|p2a: Slowking|Slowking-Galar, M|100/100
|turn|1
|
|t:|1778506725
|move|p1a: Rotom|Volt Switch|p2a: Slowking
|-damage|p2a: Slowking|85/100
|
|t:|1778506732
|switch|p1a: Gholdengo|Gholdengo|100/100|[from] Volt Switch
|move|p2a: Slowking|Future Sight|p1a: Gholdengo
|-start|p2a: Slowking|move: Future Sight
|
|-heal|p2a: Slowking|91/100|[from] item: Leftovers
|upkeep
|turn|2
|
|t:|1778506750
|switch|p2a: Goodra|Goodra-Hisui, F|100/100
|move|p1a: Gholdengo|Shadow Ball|p2a: Goodra
|-damage|p2a: Goodra|82/100
|
|upkeep
|turn|3
|
|t:|1778506767
|switch|p1a: Gliscor|Gliscor, M|100/100
|move|p2a: Goodra|Knock Off|p1a: Gliscor
|-damage|p1a: Gliscor|82/100
|-enditem|p1a: Gliscor|Toxic Orb|[from] move: Knock Off|[of] p2a: Goodra
|
|-end|p1a: Gliscor|move: Future Sight
|-damage|p1a: Gliscor|42/100
|upkeep
|turn|4
|
|t:|1778506785
|move|p1a: Gliscor|Earthquake|p2a: Goodra
|-supereffective|p2a: Goodra
|-damage|p2a: Goodra|18/100
|move|p2a: Goodra|Dragon Claw|p1a: Gliscor
|-damage|p1a: Gliscor|20/100
|
|upkeep
|turn|5
|
|t:|1778506796
|switch|p2a: Moltres|Moltres-Galar|100/100
|move|p1a: Gliscor|Knock Off|p2a: Moltres
|-resisted|p2a: Moltres
|-damage|p2a: Moltres|87/100
|-enditem|p2a: Moltres|Assault Vest|[from] move: Knock Off|[of] p1a: Gliscor
|
|upkeep
|turn|6
|
|t:|1778506809
|move|p1a: Gliscor|Toxic|p2a: Moltres
|-status|p2a: Moltres|tox
|move|p2a: Moltres|Fiery Wrath|p1a: Gliscor
|-damage|p1a: Gliscor|0 fnt
|faint|p1a: Gliscor
|
|-damage|p2a: Moltres|81/100 tox|[from] psn
|upkeep
|
|t:|1778506818
|switch|p1a: Rotom|Rotom-Wash|100/100
|turn|7
|
|t:|1778506832
|move|p1a: Rotom|Volt Switch|p2a: Moltres
|-supereffective|p2a: Moltres
|-damage|p2a: Moltres|48/100 tox
|-ability|p2a: Moltres|Berserk|boost
|-boost|p2a: Moltres|spa|1
|
|t:|1778506844
|switch|p1a: Iron Valiant|Iron Valiant|100/100|[from] Volt Switch
|move|p2a: Moltres|Fiery Wrath|p1a: Iron Valiant
|-resisted|p1a: Iron Valiant
|-damage|p1a: Iron Valiant|70/100
|
|-damage|p2a: Moltres|35/100 tox|[from] psn
|upkeep
|turn|8
|
|t:|1778506857
|move|p1a: Iron Valiant|Spirit Break|p2a: Moltres
|-supereffective|p2a: Moltres
|-damage|p2a: Moltres|0 fnt
|faint|p2a: Moltres
|
|upkeep
|
|t:|1778506867
|switch|p2a: Slowking|Slowking-Galar, M|100/100
|turn|9
|
|t:|1778506872
|-end|p1a: Iron Valiant|Quark Drive|[silent]
|switch|p1a: Gholdengo|Gholdengo|100/100
|move|p2a: Slowking|Future Sight|p1a: Gholdengo
|-start|p2a: Slowking|move: Future Sight
|
|upkeep
|turn|10
|
|t:|1778506884
|switch|p2a: Goodra|Goodra-Hisui, F|18/100
|move|p1a: Gholdengo|Shadow Ball|p2a: Goodra
|-damage|p2a: Goodra|0 fnt
|faint|p2a: Goodra
|
|upkeep
|
|t:|1778506894
|switch|p2a: Dragonite|Dragonite, M|100/100
|turn|11
|
|t:|1778506912
|switch|p1a: Rotom|Rotom-Wash|100/100
|move|p2a: Dragonite|Dragon Dance|p2a: Dragonite
|-boost|p2a: Dragonite|atk|1
|-boost|p2a: Dragonite|spe|1
|
|-end|p1a: Rotom|move: Future Sight
|-damage|p1a: Rotom|54/100
|-heal|p1a: Rotom|60/100|[from] item: Leftovers
|upkeep
|turn|12
|
|t:|1778506926
|move|p2a: Dragonite|Scale Shot|p1a: Rotom
|-damage|p1a: Rotom|42/100
|-damage|p1a: Rotom|25/100
|-damage|p1a: Rotom|6/100
|-damage|p1a: Rotom|0 fnt
|faint|p1a: Rotom
|-hitcount|p1: Rotom|4
|-unboost|p2a: Dragonite|def|1
|-boost|p2a: Dragonite|spe|1
|
|upkeep
|
|t:|1778506941
|switch|p1a: Iron Valiant|Iron Valiant|70/100
|turn|13
|
|t:|1778506947
|-terastallize|p1a: Iron Valiant|Fairy
|move|p2a: Dragonite|Extreme Speed|p1a: Iron Valiant
|-damage|p1a: Iron Valiant|7/100
|move|p1a: Iron Valiant|Spirit Break|p2a: Dragonite
|-supereffective|p2a: Dragonite
|-damage|p2a: Dragonite|0 fnt
|faint|p2a: Dragonite
|
|upkeep
|
|t:|1778506965
|switch|p2a: Toxapex|Toxapex, M|100/100
|turn|14
|
|t:|1778506972
|move|p2a: Toxapex|Baneful Bunker|p2a: Toxapex
|-singleturn|p2a: Toxapex|move: Protect
|move|p1a: Iron Valiant|Spirit Break|p2a: Toxapex
|-activate|p2a: Toxapex|move: Protect
|-status|p1a: Iron Valiant|psn
|
|-damage|p1a: Iron Valiant|0 fnt|[from] psn
|faint|p1a: Iron Valiant
|-end|p1a: Iron Valiant|Quark Drive|[silent]
|upkeep
|
|t:|1778506986
|switch|p1a: Gholdengo|Gholdengo|100/100
|turn|15
|
|t:|1778507006
|move|p1a: Gholdengo|Nasty Plot|p1a: Gholdengo
|-boost|p1a: Gholdengo|spa|2
|move|p2a: Toxapex|Infestation|p1a: Gholdengo
|-resisted|p1a: Gholdengo
|-damage|p1a: Gholdengo|99/100
|-activate|p1a: Gholdengo|move: Infestation|[of] p2a: Toxapex
|
|-heal|p1a: Gholdengo|100/100|[from] item: Leftovers
|-damage|p1a: Gholdengo|88/100|[from] move: Infestation|[partiallytrapped]
|upkeep
|turn|16
|
|t:|1778507017
|move|p1a: Gholdengo|Shadow Ball|p2a: Toxapex
|-damage|p2a: Toxapex|42/100
|-unboost|p2a: Toxapex|spd|1
|move|p2a: Toxapex|Chilling Water|p1a: Gholdengo
|-damage|p1a: Gholdengo|81/100
|-unboost|p1a: Gholdengo|atk|1
|
|-heal|p1a: Gholdengo|87/100|[from] item: Leftovers
|-heal|p2a: Toxapex|48/100|[from] item: Leftovers
|-damage|p1a: Gholdengo|74/100|[from] move: Infestation|[partiallytrapped]
|upkeep
|turn|17
|
|t:|1778507031
|move|p2a: Toxapex|Baneful Bunker|p2a: Toxapex
|-singleturn|p2a: Toxapex|move: Protect
|move|p1a: Gholdengo|Shadow Ball|p2a: Toxapex
|-activate|p2a: Toxapex|move: Protect
|
|-heal|p1a: Gholdengo|80/100|[from] item: Leftovers
|-heal|p2a: Toxapex|54/100|[from] item: Leftovers
|-damage|p1a: Gholdengo|68/100|[from] move: Infestation|[partiallytrapped]
|upkeep
|turn|18
|
|t:|1778507041
|switch|p2a: Garganacl|Garganacl, F|100/100
|move|p1a: Gholdengo|Shadow Ball|p2a: Garganacl
|-damage|p2a: Garganacl|70/100
|
|-heal|p1a: Gholdengo|74/100|[from] item: Leftovers
|-end|p1a: Gholdengo|Infestation|[partiallytrapped]|[silent]
|upkeep
|turn|19
|
|t:|1778507052
|move|p1a: Gholdengo|Make It Rain|p2a: Garganacl
|-supereffective|p2a: Garganacl
|-damage|p2a: Garganacl|0 fnt
|-unboost|p1a: Gholdengo|spa|1
|faint|p2a: Garganacl
|
|-heal|p1a: Gholdengo|80/100|[from] item: Leftovers
|upkeep
|
|t:|1778507063
|switch|p2a: Slowking|Slowking-Galar, M|100/100
|turn|20
|
|t:|1778507074
|move|p1a: Gholdengo|Shadow Ball|p2a: Slowking
|-supereffective|p2a: Slowking
|-crit|p2a: Slowking
|-damage|p2a: Slowking|6/100
|move|p2a: Slowking|Future Sight|p1a: Gholdengo
|-start|p2a: Slowking|move: Future Sight
|
|-heal|p1a: Gholdengo|86/100|[from] item: Leftovers
|-heal|p2a: Slowking|12/100|[from] item: Leftovers
|upkeep
|turn|21
|inactive|dash warrior has 120 seconds left.
|
|t:|1778507113
|move|p1a: Gholdengo|Shadow Ball|p2a: Slowking
|-supereffective|p2a: Slowking
|-damage|p2a: Slowking|0 fnt
|faint|p2a: Slowking
|
|-heal|p1a: Gholdengo|92/100|[from] item: Leftovers
|upkeep
|
|t:|1778507121
|switch|p2a: Toxapex|Toxapex, M|88/100
|turn|22
|
|t:|1778507134
|move|p1a: Gholdengo|Shadow Ball|p2a: Toxapex
|-damage|p2a: Toxapex|45/100
|-unboost|p2a: Toxapex|spd|1
|move|p2a: Toxapex|Infestation|p1a: Gholdengo
|-resisted|p1a: Gholdengo
|-damage|p1a: Gholdengo|92/100
|-activate|p1a: Gholdengo|move: Infestation|[of] p2a: Toxapex
|
|-end|p1a: Gholdengo|move: Future Sight
|-resisted|p1a: Gholdengo
|-damage|p1a: Gholdengo|77/100
|-heal|p1a: Gholdengo|84/100|[from] item: Leftovers
|-heal|p2a: Toxapex|51/100|[from] item: Leftovers
|-damage|p1a: Gholdengo|71/100|[from] move: Infestation|[partiallytrapped]
|upkeep
|turn|23
|
|t:|1778507149
|move|p2a: Toxapex|Baneful Bunker|p2a: Toxapex
|-singleturn|p2a: Toxapex|move: Protect
|move|p1a: Gholdengo|Shadow Ball|p2a: Toxapex
|-activate|p2a: Toxapex|move: Protect
|
|-heal|p1a: Gholdengo|77/100|[from] item: Leftovers
|-heal|p2a: Toxapex|57/100|[from] item: Leftovers
|-damage|p1a: Gholdengo|65/100|[from] move: Infestation|[partiallytrapped]
|upkeep
|turn|24
|
|t:|1778507161
|move|p1a: Gholdengo|Shadow Ball|p2a: Toxapex
|-damage|p2a: Toxapex|0 fnt
|faint|p2a: Toxapex
|
|win|2Shifty321$
|raw|2Shifty321$'s rating: 1145 &rarr; <strong>1166</strong><br />(+21 for winning)
|raw|dash warrior's rating: 1090 &rarr; <strong>1070</strong><br />(-20 for losing)
