|html|<div class="broadcast-blue"><strong>[Gen 9] OU is currently suspecting Tera Blast! For information on how to participate check out the <a href="https://www.smogon.com/tools/suspects/view/200">suspect thread</a>.</strong></div>
|j|☆fat chuds inc.
|j|☆Dragonzord6
|t:|1776112558
|gametype|singles
|player|p1|fat chuds inc.|collector|1633
|player|p2|Dragonzord6|2|1576
|gen|9
|tier|[Gen 9] OU
|rated|
|rule|HP Percentage Mod: HP is shown in percentages
|rule|Endless Battle Clause: Forcing endless battles is banned
|rule|Species Clause: Limit one of each Pokémon
|rule|OHKO Clause: OHKO moves are banned
|rule|Evasion Items Clause: Evasion items are banned
|rule|Evasion Moves Clause: Evasion moves are banned
|rule|Evasion Abilities Clause: Evasion abilities are banned
|rule|Sleep Moves Clause: Sleep-inducing moves are banned
|clearpoke
|poke|p1|Grimmsnarl, M|
|poke|p1|Veluza, M|
|poke|p1|Great Tusk|
|poke|p1|Dragonite, M|
|poke|p1|Iron Moth|
|poke|p1|Maushold|
|poke|p2|Pelipper, M|
|poke|p2|Barraskewda, M|
|poke|p2|Kingdra, M|
|poke|p2|Raging Bolt|
|poke|p2|Kingambit, F|
|poke|p2|Zamazenta-*|
|teampreview
|inactive|Battle timer is ON: inactive players will automatically lose when time's up. (requested by Dragonzord6)
|
|t:|1776112562
|teamsize|p1|6
|teamsize|p2|6
|start
|switch|p1a: Grimmsnarl|Grimmsnarl, M|100/100
|switch|p2a: Pelipper|Pelipper, M, shiny|100/100
|-weather|RainDance|[from] ability: Drizzle|[of] p2a: Pelipper
|turn|1
|
|t:|1776112570
|move|p1a: Grimmsnarl|Light Screen|p1a: Grimmsnarl
|-sidestart|p1: fat chuds inc.|move: Light Screen
|move|p2a: Pelipper|U-turn|p1a: Grimmsnarl
|-damage|p1a: Grimmsnarl|91/100
|
|t:|1776112574
|switch|p2a: Kingdra|Kingdra, M, shiny|100/100|[from] U-turn
|
|-weather|RainDance|[upkeep]
|upkeep
|turn|2
|
|t:|1776112580
|-terastallize|p2a: Kingdra|Water
|move|p2a: Kingdra|Weather Ball|p1a: Grimmsnarl
|-damage|p1a: Grimmsnarl|35/100
|move|p1a: Grimmsnarl|Spirit Break|p2a: Kingdra
|-damage|p2a: Kingdra|68/100
|-unboost|p2a: Kingdra|spa|1
|
|-weather|RainDance|[upkeep]
|upkeep
|turn|3
|
|t:|1776112591
|move|p1a: Grimmsnarl|Parting Shot|p2a: Kingdra
|-unboost|p2a: Kingdra|atk|1
|-unboost|p2a: Kingdra|spa|1
|
|t:|1776112596
|switch|p1a: Veluza|Veluza, M|100/100|[from] Parting Shot
|-ability|p1a: Veluza|Mold Breaker
|move|p2a: Kingdra|Weather Ball|p1a: Veluza
|-resisted|p1a: Veluza
|-damage|p1a: Veluza|77/100
|
|-weather|RainDance|[upkeep]
|-heal|p1a: Veluza|83/100|[from] item: Leftovers
|upkeep
|turn|4
|
|t:|1776112609
|switch|p2a: Raging Bolt|Raging Bolt|100/100
|move|p1a: Veluza|Fillet Away|p1a: Veluza
|-boost|p1a: Veluza|atk|2
|-boost|p1a: Veluza|spa|2
|-boost|p1a: Veluza|spe|2
|-damage|p1a: Veluza|33/100
|
|-weather|RainDance|[upkeep]
|-heal|p1a: Veluza|39/100|[from] item: Leftovers
|upkeep
|turn|5
|
|t:|1776112621
|move|p2a: Raging Bolt|Thunderclap||[still]
|-fail|p2a: Raging Bolt
|move|p1a: Veluza|Pain Split|p2a: Raging Bolt
|-sethp|p2a: Raging Bolt|66/100|[from] move: Pain Split|[silent]
|-sethp|p1a: Veluza|81/100|[from] move: Pain Split
|
|-weather|RainDance|[upkeep]
|-heal|p1a: Veluza|88/100|[from] item: Leftovers
|upkeep
|turn|6
|
|t:|1776112629
|move|p2a: Raging Bolt|Thunderclap|p1a: Veluza
|-supereffective|p1a: Veluza
|-damage|p1a: Veluza|28/100
|move|p1a: Veluza|Stored Power|p2a: Raging Bolt
|-damage|p2a: Raging Bolt|18/100
|
|-weather|RainDance|[upkeep]
|-heal|p1a: Veluza|34/100|[from] item: Leftovers
|upkeep
|turn|7
|
|t:|1776112639
|move|p1a: Veluza|Fillet Away||[still]
|-fail|p1a: Veluza
|move|p2a: Raging Bolt|Thunder|p1a: Veluza
|-supereffective|p1a: Veluza
|-damage|p1a: Veluza|0 fnt
|faint|p1a: Veluza
|
|-weather|RainDance|[upkeep]
|upkeep
|
|t:|1776112652
|switch|p1a: Iron Moth|Iron Moth|100/100
|-enditem|p1a: Iron Moth|Booster Energy
|-activate|p1a: Iron Moth|ability: Quark Drive|[fromitem]
|-start|p1a: Iron Moth|quarkdrivespe
|turn|8
|
|t:|1776112659
|move|p1a: Iron Moth|Substitute|p1a: Iron Moth
|-start|p1a: Iron Moth|Substitute
|-damage|p1a: Iron Moth|76/100
|move|p2a: Raging Bolt|Weather Ball|p1a: Iron Moth
|-supereffective|p1a: Iron Moth
|-end|p1a: Iron Moth|Substitute
|
|-weather|none
|-sideend|p1: fat chuds inc.|move: Light Screen
|upkeep
|turn|9
|
|t:|1776112668
|-end|p2a: Raging Bolt|Protosynthesis|[silent]
|switch|p2a: Pelipper|Pelipper, M, shiny|100/100
|-weather|RainDance|[from] ability: Drizzle|[of] p2a: Pelipper
|move|p1a: Iron Moth|Sludge Wave|p2a: Pelipper
|-damage|p2a: Pelipper|34/100
|
|-weather|RainDance|[upkeep]
|upkeep
|turn|10
|
|t:|1776112678
|switch|p2a: Raging Bolt|Raging Bolt|18/100
|move|p1a: Iron Moth|Substitute|p1a: Iron Moth
|-start|p1a: Iron Moth|Substitute
|-damage|p1a: Iron Moth|51/100
|
|-weather|RainDance|[upkeep]
|upkeep
|turn|11
|
|t:|1776112686
|move|p2a: Raging Bolt|Thunderclap||[still]
|-fail|p2a: Raging Bolt
|move|p1a: Iron Moth|Substitute|p1a: Iron Moth
|-fail|p1a: Iron Moth|move: Substitute
|
|-weather|RainDance|[upkeep]
|upkeep
|turn|12
|
|t:|1776112693
|move|p2a: Raging Bolt|Thunderclap||[still]
|-fail|p2a: Raging Bolt
|move|p1a: Iron Moth|Substitute|p1a: Iron Moth
|-fail|p1a: Iron Moth|move: Substitute
|
|-weather|RainDance|[upkeep]
|upkeep
|turn|13
|
|t:|1776112701
|-end|p2a: Raging Bolt|Protosynthesis|[silent]
|switch|p2a: Barraskewda|Barraskewda, M, shiny|100/100
|move|p1a: Iron Moth|Sludge Wave|p2a: Barraskewda
|-damage|p2a: Barraskewda|0 fnt
|faint|p2a: Barraskewda
|
|-weather|RainDance|[upkeep]
|upkeep
|c|☆Dragonzord6|Man u make me angry
|c|☆Dragonzord6|trying not
|c|☆Dragonzord6|to rage lol
|inactive|Dragonzord6 has 120 seconds left.
|c|☆fat chuds inc.|why should i ever respect a weather abuser
|
|t:|1776112741
|switch|p2a: Zamazenta|Zamazenta, shiny|100/100
|-ability|p2a: Zamazenta|Dauntless Shield|boost
|-boost|p2a: Zamazenta|def|1
|turn|14
|inactive|Dragonzord6 has 120 seconds left.
|c|☆Dragonzord6|Because they have more skills then u lol
|
|t:|1776112765
|move|p1a: Iron Moth|Dazzling Gleam|p2a: Zamazenta
|-supereffective|p2a: Zamazenta
|-damage|p2a: Zamazenta|47/100
|move|p2a: Zamazenta|Roar|p1a: Iron Moth
|-end|p1a: Iron Moth|Quark Drive|[silent]
|drag|p1a: Great Tusk|Great Tusk|100/100
|-enditem|p1a: Great Tusk|Booster Energy
|-activate|p1a: Great Tusk|ability: Protosynthesis|[fromitem]
|-start|p1a: Great Tusk|protosynthesisspe
|
|-weather|RainDance|[upkeep]
|-heal|p2a: Zamazenta|53/100|[from] item: Leftovers
|upkeep
|turn|15
|c|☆fat chuds inc.|and you got worse than mine
|
|t:|1776112778
|move|p1a: Great Tusk|Taunt|p2a: Zamazenta
|-start|p2a: Zamazenta|move: Taunt
|cant|p2a: Zamazenta|move: Taunt|Roar
|
|-weather|RainDance|[upkeep]
|-heal|p2a: Zamazenta|59/100|[from] item: Leftovers
|upkeep
|turn|16
|c|☆Dragonzord6|Still dont make u good
|
|t:|1776112802
|switch|p2a: Raging Bolt|Raging Bolt|18/100
|move|p1a: Great Tusk|Bulk Up|p1a: Great Tusk
|-boost|p1a: Great Tusk|atk|1
|-boost|p1a: Great Tusk|def|1
|
|-weather|none
|upkeep
|turn|17
|c|☆fat chuds inc.|better than you is enough
|c|☆Dragonzord6|No it aint
|
|t:|1776112816
|move|p1a: Great Tusk|Earthquake|p2a: Raging Bolt
|-supereffective|p2a: Raging Bolt
|-damage|p2a: Raging Bolt|0 fnt
|faint|p2a: Raging Bolt
|-end|p2a: Raging Bolt|Protosynthesis|[silent]
|
|upkeep
|
|t:|1776112822
|switch|p2a: Pelipper|Pelipper, M, shiny|34/100
|-weather|RainDance|[from] ability: Drizzle|[of] p2a: Pelipper
|turn|18
|
|t:|1776112827
|move|p1a: Great Tusk|Stone Edge|p2a: Pelipper
|-supereffective|p2a: Pelipper
|-damage|p2a: Pelipper|0 fnt
|faint|p2a: Pelipper
|
|-weather|RainDance|[upkeep]
|upkeep
|
|t:|1776112834
|switch|p2a: Kingdra|Kingdra, M, shiny, tera:Water|68/100
|turn|19
|
|t:|1776112839
|-end|p1a: Great Tusk|Protosynthesis|[silent]
|switch|p1a: Iron Moth|Iron Moth|51/100
|move|p2a: Kingdra|Weather Ball|p1a: Iron Moth
|-supereffective|p1a: Iron Moth
|-damage|p1a: Iron Moth|0 fnt
|faint|p1a: Iron Moth
|-end|p1a: Iron Moth|Quark Drive|[silent]
|
|-weather|RainDance|[upkeep]
|upkeep
|c|☆Dragonzord6|Haha
|
|t:|1776112863
|switch|p1a: Grimmsnarl|Grimmsnarl, M|35/100
|turn|20
|inactive|Dragonzord6 has 120 seconds left.
|c|☆Dragonzord6|there goes the skilful moth
|
|t:|1776112871
|move|p1a: Grimmsnarl|Light Screen|p1a: Grimmsnarl
|-sidestart|p1: fat chuds inc.|move: Light Screen
|move|p2a: Kingdra|Weather Ball|p1a: Grimmsnarl
|-damage|p1a: Grimmsnarl|0 fnt
|faint|p1a: Grimmsnarl
|
|-weather|RainDance|[upkeep]
|upkeep
|
|t:|1776112874
|switch|p1a: Dragonite|Dragonite, M|100/100
|turn|21
|
|t:|1776112886
|switch|p2a: Zamazenta|Zamazenta, shiny|59/100
|move|p1a: Dragonite|Dragon Dance|p1a: Dragonite
|-boost|p1a: Dragonite|atk|1
|-boost|p1a: Dragonite|spe|1
|
|-weather|RainDance|[upkeep]
|-heal|p2a: Zamazenta|66/100|[from] item: Leftovers
|upkeep
|turn|22
|
|t:|1776112895
|move|p1a: Dragonite|Earthquake|p2a: Zamazenta
|-damage|p2a: Zamazenta|20/100
|move|p2a: Zamazenta|Roar|p1a: Dragonite
|drag|p1a: Maushold|Maushold|100/100
|
|-weather|RainDance|[upkeep]
|-heal|p2a: Zamazenta|26/100|[from] item: Leftovers
|upkeep
|turn|23
|
|t:|1776112905
|move|p2a: Zamazenta|Body Press|p1a: Maushold
|-supereffective|p1a: Maushold
|-damage|p1a: Maushold|0 fnt
|faint|p1a: Maushold
|
|-weather|RainDance|[upkeep]
|-heal|p2a: Zamazenta|32/100|[from] item: Leftovers
|upkeep
|c|☆Dragonzord6|Hahaha
|
|t:|1776112910
|switch|p1a: Dragonite|Dragonite, M|100/100
|turn|24
|
|t:|1776112920
|-terastallize|p1a: Dragonite|Normal
|move|p1a: Dragonite|Extreme Speed|p2a: Zamazenta
|-damage|p2a: Zamazenta|0 fnt
|faint|p2a: Zamazenta
|
|-weather|RainDance|[upkeep]
|upkeep
|inactive|Dragonzord6 has 120 seconds left.
|
|t:|1776112958
|switch|p2a: Kingambit|Kingambit, F|100/100
|turn|25
|
|t:|1776112962
|move|p1a: Dragonite|Earthquake|p2a: Kingambit
|-supereffective|p2a: Kingambit
|-damage|p2a: Kingambit|45/100
|move|p2a: Kingambit|Swords Dance|p2a: Kingambit
|-boost|p2a: Kingambit|atk|2
|
|-weather|none
|upkeep
|turn|26
|
|t:|1776112970
|move|p2a: Kingambit|Sucker Punch|p1a: Dragonite
|-crit|p1a: Dragonite
|-damage|p1a: Dragonite|21/100
|move|p1a: Dragonite|Earthquake|p2a: Kingambit
|-supereffective|p2a: Kingambit
|-damage|p2a: Kingambit|0 fnt
|faint|p2a: Kingambit
|
|upkeep
|c|☆fat chuds inc.|are you scarf
|
|t:|1776112982
|switch|p2a: Kingdra|Kingdra, M, shiny, tera:Water|68/100
|turn|27
|c|☆Dragonzord6|Nope
|c|☆Dragonzord6|specs
|
|t:|1776113000
|move|p1a: Dragonite|Extreme Speed|p2a: Kingdra
|-damage|p2a: Kingdra|10/100
|move|p2a: Kingdra|Hurricane|p1a: Dragonite
|-damage|p1a: Dragonite|0 fnt
|faint|p1a: Dragonite
|
|-sideend|p1: fat chuds inc.|move: Light Screen
|upkeep
|
|t:|1776113006
|switch|p1a: Great Tusk|Great Tusk|100/100
|turn|28
|
|t:|1776113011
|move|p1a: Great Tusk|Earthquake|p2a: Kingdra
|-damage|p2a: Kingdra|0 fnt
|faint|p2a: Kingdra
|
|win|fat chuds inc.
|raw|fat chuds inc.'s rating: 1633 &rarr; <strong>1650</strong><br />(+17 for winning)
|raw|Dragonzord6's rating: 1576 &rarr; <strong>1559</strong><br />(-17 for losing)
|c|☆fat chuds inc.|g
|c|☆fat chuds inc.|game
|c|☆Dragonzord6|Gg
|l|☆fat chuds inc.
|player|p1|
|l|☆Dragonzord6
|player|p2|
