|html|<div class="broadcast-blue"><strong>[Gen 9] OU is currently suspecting Tera Blast! For information on how to participate check out the <a href="https://www.smogon.com/tools/suspects/view/200">suspect thread</a>.</strong></div>
|j|☆xZick
|j|☆BFromTheMFBay
|t:|1776063768
|gametype|singles
|player|p1|xZick|miku-water|1346
|player|p2|BFromTheMFBay|265|1443
|gen|9
|tier|[Gen 9] OU
|rated|
|rule|HP Percentage Mod: HP is shown in percentages
|rule|Endless Battle Clause: Forcing endless battles is banned
|rule|Species Clause: Limit one of each Pokémon
|rule|OHKO Clause: OHKO moves are banned
|rule|Evasion Items Clause: Evasion items are banned
|rule|Evasion Moves Clause: Evasion moves are banned
|rule|Evasion Abilities Clause: Evasion abilities are banned
|rule|Sleep Moves Clause: Sleep-inducing moves are banned
|clearpoke
|poke|p1|Blaziken, M|
|poke|p1|Kingambit, M|
|poke|p1|Glimmora, M|
|poke|p1|Gliscor, M|
|poke|p1|Primarina, F|
|poke|p1|Dragonite, M|
|poke|p2|Ting-Lu|
|poke|p2|Zamazenta-*|
|poke|p2|Ogerpon-Wellspring, F|
|poke|p2|Dragonite, F|
|poke|p2|Gholdengo|
|poke|p2|Iron Treads|
|teampreview
|inactive|Battle timer is ON: inactive players will automatically lose when time's up. (requested by xZick)
|
|t:|1776063789
|teamsize|p1|6
|teamsize|p2|6
|start
|switch|p1a: Glimmora|Glimmora, M, shiny|100/100
|switch|p2a: Gholdengo|Gholdengo|100/100
|turn|1
|c|☆BFromTheMFBay|hf
|inactive|BFromTheMFBay also wants the timer to be on.
|
|t:|1776063805
|move|p2a: Gholdengo|Make It Rain|p1a: Glimmora
|-supereffective|p1a: Glimmora
|-enditem|p1a: Glimmora|Focus Sash
|-damage|p1a: Glimmora|1/100
|-unboost|p2a: Gholdengo|spa|1
|move|p1a: Glimmora|Earth Power|p2a: Gholdengo
|-supereffective|p2a: Gholdengo
|-damage|p2a: Gholdengo|27/100
|
|upkeep
|turn|2
|
|t:|1776063826
|switch|p1a: Blaziken|Blaziken, M, shiny|100/100
|move|p2a: Gholdengo|Make It Rain|p1a: Blaziken
|-resisted|p1a: Blaziken
|-damage|p1a: Blaziken|66/100
|-unboost|p2a: Gholdengo|spa|1
|
|upkeep
|turn|3
|inactive|BFromTheMFBay has 120 seconds left.
|
|t:|1776063844
|move|p2a: Gholdengo|Make It Rain|p1a: Blaziken
|-resisted|p1a: Blaziken
|-damage|p1a: Blaziken|43/100
|-unboost|p2a: Gholdengo|spa|1
|move|p1a: Blaziken|Flare Blitz|p2a: Gholdengo
|-supereffective|p2a: Gholdengo
|-damage|p2a: Gholdengo|0 fnt
|faint|p2a: Gholdengo
|-damage|p1a: Blaziken|33/100|[from] Recoil
|-damage|p1a: Blaziken|23/100|[from] item: Life Orb
|
|-ability|p1a: Blaziken|Speed Boost|boost
|-boost|p1a: Blaziken|spe|1
|upkeep
|inactive|BFromTheMFBay has 120 seconds left.
|
|t:|1776063864
|switch|p2a: Dragonite|Dragonite, F|100/100
|turn|4
|
|t:|1776063881
|switch|p1a: Glimmora|Glimmora, M, shiny|1/100
|move|p2a: Dragonite|Dragon Dance|p2a: Dragonite
|-boost|p2a: Dragonite|atk|1
|-boost|p2a: Dragonite|spe|1
|
|upkeep
|turn|5
|
|t:|1776063898
|switch|p2a: Ting-Lu|Ting-Lu|100/100
|-ability|p2a: Ting-Lu|Vessel of Ruin
|move|p1a: Glimmora|Power Gem|p2a: Ting-Lu
|-resisted|p2a: Ting-Lu
|-damage|p2a: Ting-Lu|91/100
|-enditem|p2a: Ting-Lu|Red Card|[of] p1a: Glimmora
|drag|p1a: Primarina|Primarina, F, shiny|100/100
|
|upkeep
|turn|6
|
|t:|1776063916
|move|p1a: Primarina|Moonblast|p2a: Ting-Lu
|-supereffective|p2a: Ting-Lu
|-damage|p2a: Ting-Lu|36/100
|move|p2a: Ting-Lu|Stealth Rock|p1a: Primarina
|-sidestart|p1: xZick|move: Stealth Rock
|
|upkeep
|turn|7
|inactive|BFromTheMFBay has 90 seconds left.
|
|t:|1776063935
|switch|p2a: Ogerpon|Ogerpon-Wellspring, F|100/100
|move|p1a: Primarina|Moonblast|p2a: Ogerpon
|-damage|p2a: Ogerpon|37/100
|
|upkeep
|turn|8
|inactive|BFromTheMFBay has 90 seconds left.
|
|t:|1776063954
|switch|p1a: Glimmora|Glimmora, M, shiny|1/100
|-damage|p1a: Glimmora|0 fnt|[from] Stealth Rock
|faint|p1a: Glimmora
|move|p2a: Ogerpon|Play Rough|p1: Glimmora|[notarget]
|-fail|p2a: Ogerpon
|
|upkeep
|
|t:|1776063975
|switch|p1a: Gliscor|Gliscor, M, shiny|100/100
|-damage|p1a: Gliscor|88/100|[from] Stealth Rock
|turn|9
|inactive|BFromTheMFBay has 90 seconds left.
|
|t:|1776063992
|move|p2a: Ogerpon|Synthesis|p2a: Ogerpon
|-heal|p2a: Ogerpon|87/100
|move|p1a: Gliscor|Earthquake|p2a: Ogerpon
|-resisted|p2a: Ogerpon
|-damage|p2a: Ogerpon|64/100
|
|-status|p1a: Gliscor|tox|[from] item: Toxic Orb
|upkeep
|turn|10
|inactive|BFromTheMFBay has 90 seconds left.
|
|t:|1776064010
|move|p2a: Ogerpon|Ivy Cudgel|p1a: Gliscor|[anim] Ivy Cudgel Water
|-supereffective|p1a: Gliscor
|-damage|p1a: Gliscor|5/100 tox
|move|p1a: Gliscor|Toxic|p2a: Ogerpon
|-status|p2a: Ogerpon|tox
|
|-damage|p2a: Ogerpon|58/100 tox|[from] psn
|-heal|p1a: Gliscor|17/100 tox|[from] ability: Poison Heal
|upkeep
|turn|11
|
|t:|1776064028
|move|p2a: Ogerpon|Ivy Cudgel|p1a: Gliscor|[anim] Ivy Cudgel Water
|-supereffective|p1a: Gliscor
|-damage|p1a: Gliscor|0 fnt
|faint|p1a: Gliscor
|
|-damage|p2a: Ogerpon|46/100 tox|[from] psn
|upkeep
|
|t:|1776064044
|switch|p1a: Blaziken|Blaziken, M, shiny|23/100
|-damage|p1a: Blaziken|11/100|[from] Stealth Rock
|turn|12
|
|t:|1776064060
|move|p1a: Blaziken|Protect|p1a: Blaziken
|-singleturn|p1a: Blaziken|Protect
|move|p2a: Ogerpon|Ivy Cudgel|p1a: Blaziken|[anim] Ivy Cudgel Water
|-activate|p1a: Blaziken|move: Protect
|
|-damage|p2a: Ogerpon|28/100 tox|[from] psn
|-ability|p1a: Blaziken|Speed Boost|boost
|-boost|p1a: Blaziken|spe|1
|upkeep
|turn|13
|
|t:|1776064077
|switch|p2a: Dragonite|Dragonite, F|100/100
|move|p1a: Blaziken|Close Combat|p2a: Dragonite
|-resisted|p2a: Dragonite
|-damage|p2a: Dragonite|87/100
|-unboost|p1a: Blaziken|def|1
|-unboost|p1a: Blaziken|spd|1
|-damage|p1a: Blaziken|1/100|[from] item: Life Orb
|
|-ability|p1a: Blaziken|Speed Boost|boost
|-boost|p1a: Blaziken|spe|1
|upkeep
|turn|14
|
|t:|1776064088
|move|p1a: Blaziken|Stone Edge|p2a: Dragonite
|-supereffective|p2a: Dragonite
|-crit|p2a: Dragonite
|-damage|p2a: Dragonite|0 fnt
|faint|p2a: Dragonite
|-damage|p1a: Blaziken|0 fnt|[from] item: Life Orb
|faint|p1a: Blaziken
|
|upkeep
|
|t:|1776064099
|switch|p1a: Dragonite|Dragonite, M|100/100
|switch|p2a: Iron Treads|Iron Treads|100/100
|-item|p2a: Iron Treads|Air Balloon
|turn|15
|inactive|BFromTheMFBay has 60 seconds left.
|
|t:|1776064118
|move|p2a: Iron Treads|Knock Off|p1a: Dragonite
|-damage|p1a: Dragonite|85/100
|-enditem|p1a: Dragonite|Heavy-Duty Boots|[from] move: Knock Off|[of] p2a: Iron Treads
|move|p1a: Dragonite|Ice Spinner|p2a: Iron Treads
|-damage|p2a: Iron Treads|70/100
|-enditem|p2a: Iron Treads|Air Balloon
|
|upkeep
|turn|16
|inactive|BFromTheMFBay has 60 seconds left.
|
|t:|1776064137
|move|p2a: Iron Treads|Ice Spinner|p1a: Dragonite
|-supereffective|p1a: Dragonite
|-damage|p1a: Dragonite|0 fnt
|faint|p1a: Dragonite
|
|upkeep
|
|t:|1776064146
|switch|p1a: Primarina|Primarina, F, shiny|100/100
|-damage|p1a: Primarina|88/100|[from] Stealth Rock
|turn|17
|inactive|BFromTheMFBay has 60 seconds left.
|
|t:|1776064162
|move|p2a: Iron Treads|Earthquake|p1a: Primarina
|-damage|p1a: Primarina|38/100
|move|p1a: Primarina|Psychic Noise|p2a: Iron Treads
|-resisted|p2a: Iron Treads
|-damage|p2a: Iron Treads|55/100
|-start|p2a: Iron Treads|move: Heal Block
|
|upkeep
|turn|18
|inactive|BFromTheMFBay has 60 seconds left.
|
|t:|1776064179
|move|p2a: Iron Treads|Earthquake|p1a: Primarina
|-damage|p1a: Primarina|0 fnt
|faint|p1a: Primarina
|
|-end|p2a: Iron Treads|move: Heal Block
|upkeep
|
|t:|1776064185
|switch|p1a: Kingambit|Kingambit, M, shiny|100/100
|-damage|p1a: Kingambit|94/100|[from] Stealth Rock
|-activate|p1a: Kingambit|ability: Supreme Overlord
|-start|p1a: Kingambit|fallen5|[silent]
|-item|p1a: Kingambit|Air Balloon
|turn|19
|inactive|BFromTheMFBay has 60 seconds left.
|
|t:|1776064200
|-end|p2a: Iron Treads|Quark Drive|[silent]
|switch|p2a: Zamazenta|Zamazenta|100/100
|-ability|p2a: Zamazenta|Dauntless Shield|boost
|-boost|p2a: Zamazenta|def|1
|-terastallize|p1a: Kingambit|Ghost
|move|p1a: Kingambit|Swords Dance|p1a: Kingambit
|-boost|p1a: Kingambit|atk|2
|
|upkeep
|turn|20
|
|t:|1776064216
|move|p2a: Zamazenta|Crunch|p1a: Kingambit
|-supereffective|p1a: Kingambit
|-damage|p1a: Kingambit|65/100
|-enditem|p1a: Kingambit|Air Balloon
|move|p1a: Kingambit|Iron Head|p2a: Zamazenta
|-damage|p2a: Zamazenta|29/100
|
|-heal|p2a: Zamazenta|35/100|[from] item: Leftovers
|upkeep
|turn|21
|
|t:|1776064232
|move|p2a: Zamazenta|Crunch|p1a: Kingambit
|-supereffective|p1a: Kingambit
|-damage|p1a: Kingambit|36/100
|move|p1a: Kingambit|Iron Head|p2a: Zamazenta
|-damage|p2a: Zamazenta|0 fnt
|faint|p2a: Zamazenta
|
|upkeep
|
|t:|1776064245
|switch|p2a: Ogerpon|Ogerpon-Wellspring, F|28/100 tox
|turn|22
|
|t:|1776064258
|move|p1a: Kingambit|Sucker Punch||[still]
|-fail|p1a: Kingambit
|move|p2a: Ogerpon|Synthesis|p2a: Ogerpon
|-heal|p2a: Ogerpon|78/100 tox
|
|-damage|p2a: Ogerpon|72/100 tox|[from] psn
|upkeep
|turn|23
|
|t:|1776064267
|move|p1a: Kingambit|Sucker Punch||[still]
|-fail|p1a: Kingambit
|move|p2a: Ogerpon|Synthesis|p2a: Ogerpon
|-heal|p2a: Ogerpon|100/100 tox
|
|-damage|p2a: Ogerpon|89/100 tox|[from] psn
|upkeep
|turn|24
|
|t:|1776064276
|move|p1a: Kingambit|Sucker Punch||[still]
|-fail|p1a: Kingambit
|move|p2a: Ogerpon|Synthesis|p2a: Ogerpon
|-heal|p2a: Ogerpon|100/100 tox
|
|-damage|p2a: Ogerpon|83/100 tox|[from] psn
|upkeep
|turn|25
|inactive|xZick has 120 seconds left.
|
|t:|1776064311
|move|p1a: Kingambit|Sucker Punch||[still]
|-fail|p1a: Kingambit
|move|p2a: Ogerpon|Synthesis|p2a: Ogerpon
|-heal|p2a: Ogerpon|100/100 tox
|
|-damage|p2a: Ogerpon|77/100 tox|[from] psn
|upkeep
|turn|26
|inactive|BFromTheMFBay has 60 seconds left.
|
|t:|1776064320
|move|p1a: Kingambit|Sucker Punch||[still]
|-fail|p1a: Kingambit
|move|p2a: Ogerpon|Synthesis|p2a: Ogerpon
|-heal|p2a: Ogerpon|100/100 tox
|
|-damage|p2a: Ogerpon|71/100 tox|[from] psn
|upkeep
|turn|27
|inactive|xZick has 120 seconds left.
|
|t:|1776064339
|switch|p2a: Ting-Lu|Ting-Lu|36/100
|-ability|p2a: Ting-Lu|Vessel of Ruin
|move|p1a: Kingambit|Kowtow Cleave|p2a: Ting-Lu
|-resisted|p2a: Ting-Lu
|-damage|p2a: Ting-Lu|4/100
|
|upkeep
|turn|28
|
|t:|1776064349
|move|p1a: Kingambit|Iron Head|p2a: Ting-Lu
|-damage|p2a: Ting-Lu|0 fnt
|faint|p2a: Ting-Lu
|
|upkeep
|
|t:|1776064359
|switch|p2a: Ogerpon|Ogerpon-Wellspring, F|71/100 tox
|turn|29
|inactive|xZick has 120 seconds left.
|
|t:|1776064413
|switch|p2a: Iron Treads|Iron Treads|55/100
|move|p1a: Kingambit|Sucker Punch||[still]
|-fail|p1a: Kingambit
|
|upkeep
|turn|30
|
|t:|1776064423
|move|p2a: Iron Treads|Earthquake|p1a: Kingambit
|-damage|p1a: Kingambit|7/100
|move|p1a: Kingambit|Kowtow Cleave|p2a: Iron Treads
|-damage|p2a: Iron Treads|0 fnt
|faint|p2a: Iron Treads
|-end|p2a: Iron Treads|Quark Drive|[silent]
|
|upkeep
|
|t:|1776064433
|switch|p2a: Ogerpon|Ogerpon-Wellspring, F|71/100 tox
|turn|31
|
|t:|1776064440
|move|p1a: Kingambit|Sucker Punch|p2a: Ogerpon
|-damage|p2a: Ogerpon|0 fnt
|faint|p2a: Ogerpon
|
|win|xZick
|raw|xZick's rating: 1346 &rarr; <strong>1371</strong><br />(+25 for winning)
|raw|BFromTheMFBay's rating: 1443 &rarr; <strong>1418</strong><br />(-25 for losing)
|c|☆BFromTheMFBay|gg
|l|☆BFromTheMFBay
|player|p2|
|c|☆xZick|Gg
