|html|<div class="broadcast-blue"><strong>[Gen 9] OU is currently suspecting Tera Blast! For information on how to participate check out the <a href="https://www.smogon.com/tools/suspects/view/200">suspect thread</a>.</strong></div>
|j|‽berry_bns
|j|☆TheRegisAreCool
|t:|1776174497
|gametype|singles
|player|p1|berry_bns|n|1141
|player|p2|TheRegisAreCool|fisherman-gen4|1144
|gen|9
|tier|[Gen 9] OU
|rated|
|rule|HP Percentage Mod: HP is shown in percentages
|rule|Endless Battle Clause: Forcing endless battles is banned
|rule|Species Clause: Limit one of each Pokémon
|rule|OHKO Clause: OHKO moves are banned
|rule|Evasion Items Clause: Evasion items are banned
|rule|Evasion Moves Clause: Evasion moves are banned
|rule|Evasion Abilities Clause: Evasion abilities are banned
|rule|Sleep Moves Clause: Sleep-inducing moves are banned
|clearpoke
|poke|p1|Deoxys-Speed|
|poke|p1|Ceruledge, M|
|poke|p1|Zamazenta-*|
|poke|p1|Ogerpon-Wellspring, F|
|poke|p1|Glimmora, F|
|poke|p1|Moltres-Galar|
|poke|p2|Conkeldurr, M|
|poke|p2|Iron Moth|
|poke|p2|Glimmora, M|
|poke|p2|Kommo-o, F|
|poke|p2|Samurott-Hisui, M|
|poke|p2|Donphan, M|
|teampreview
|inactive|Battle timer is ON: inactive players will automatically lose when time's up. (requested by berry_bns)
|
|t:|1776174525
|teamsize|p1|6
|teamsize|p2|6
|start
|switch|p1a: Deoxys|Deoxys-Speed|100/100
|switch|p2a: Conkeldurr|Conkeldurr, M|100/100
|-ability|p1a: Deoxys|Pressure
|turn|1
|
|t:|1776174555
|move|p1a: Deoxys|Reflect|p1a: Deoxys
|-sidestart|p1: berry_bns|Reflect
|move|p2a: Conkeldurr|Knock Off|p1a: Deoxys
|-supereffective|p1a: Deoxys
|-damage|p1a: Deoxys|54/100
|-enditem|p1a: Deoxys|Light Clay|[from] move: Knock Off|[of] p2a: Conkeldurr
|
|-status|p2a: Conkeldurr|brn|[from] item: Flame Orb
|upkeep
|turn|2
|
|t:|1776174563
|move|p1a: Deoxys|Light Screen|p1a: Deoxys
|-sidestart|p1: berry_bns|move: Light Screen
|move|p2a: Conkeldurr|Facade|p1a: Deoxys
|-damage|p1a: Deoxys|7/100
|
|-damage|p2a: Conkeldurr|94/100 brn|[from] brn
|upkeep
|turn|3
|
|t:|1776174573
|move|p2a: Conkeldurr|Mach Punch|p1a: Deoxys
|-resisted|p1a: Deoxys
|-damage|p1a: Deoxys|0 fnt
|faint|p1a: Deoxys
|
|-damage|p2a: Conkeldurr|88/100 brn|[from] brn
|upkeep
|
|t:|1776174575
|switch|p1a: Moltres|Moltres-Galar|100/100
|turn|4
|
|t:|1776174585
|move|p1a: Moltres|Agility|p1a: Moltres
|-boost|p1a: Moltres|spe|2
|move|p2a: Conkeldurr|Close Combat|p1a: Moltres
|-damage|p1a: Moltres|41/100
|-unboost|p2a: Conkeldurr|def|1
|-unboost|p2a: Conkeldurr|spd|1
|-ability|p1a: Moltres|Berserk|boost
|-boost|p1a: Moltres|spa|1
|-enditem|p1a: Moltres|Sitrus Berry|[eat]
|-heal|p1a: Moltres|66/100|[from] item: Sitrus Berry
|
|-damage|p2a: Conkeldurr|82/100 brn|[from] brn
|upkeep
|turn|5
|
|t:|1776174598
|-terastallize|p1a: Moltres|Fairy
|move|p1a: Moltres|Tera Blast|p2a: Conkeldurr|[anim] Tera Blast Fairy
|-supereffective|p2a: Conkeldurr
|-damage|p2a: Conkeldurr|0 fnt
|faint|p2a: Conkeldurr
|
|upkeep
|
|t:|1776174609
|switch|p2a: Iron Moth|Iron Moth|100/100
|-enditem|p2a: Iron Moth|Booster Energy
|-activate|p2a: Iron Moth|ability: Quark Drive|[fromitem]
|-start|p2a: Iron Moth|quarkdrivespe
|turn|6
|
|t:|1776174630
|move|p1a: Moltres|Fiery Wrath|p2a: Iron Moth
|-damage|p2a: Iron Moth|36/100
|move|p2a: Iron Moth|Sludge Wave|p1a: Moltres
|-supereffective|p1a: Moltres
|-damage|p1a: Moltres|27/100
|-ability|p1a: Moltres|Berserk|boost
|-boost|p1a: Moltres|spa|1
|
|-sideend|p1: berry_bns|move: Light Screen
|upkeep
|turn|7
|
|t:|1776174653
|move|p1a: Moltres|Fiery Wrath|p2a: Iron Moth
|-damage|p2a: Iron Moth|0 fnt
|faint|p2a: Iron Moth
|-end|p2a: Iron Moth|Quark Drive|[silent]
|
|upkeep
|
|t:|1776174664
|switch|p2a: Glimmora|Glimmora, M|100/100
|turn|8
|
|t:|1776174678
|move|p1a: Moltres|Fiery Wrath|p2a: Glimmora
|-enditem|p2a: Glimmora|Focus Sash
|-damage|p2a: Glimmora|1/100
|move|p2a: Glimmora|Sludge Bomb|p1a: Moltres
|-supereffective|p1a: Moltres
|-damage|p1a: Moltres|0 fnt
|faint|p1a: Moltres
|
|-sideend|p1: berry_bns|Reflect
|upkeep
|
|t:|1776174682
|switch|p1a: Ceruledge|Ceruledge, M|100/100
|turn|9
|
|t:|1776174686
|switch|p2a: Samurott|Samurott-Hisui, M|100/100
|move|p1a: Ceruledge|Shadow Sneak|p2a: Samurott
|-resisted|p2a: Samurott
|-damage|p2a: Samurott|85/100
|-damage|p1a: Ceruledge|91/100|[from] item: Life Orb
|
|upkeep
|turn|10
|
|t:|1776174694
|switch|p1a: Ogerpon|Ogerpon-Wellspring, F|100/100
|move|p2a: Samurott|Aqua Cutter|p1a: Ogerpon
|-immune|p1a: Ogerpon|[from] ability: Water Absorb
|
|upkeep
|turn|11
|
|t:|1776174703
|switch|p2a: Glimmora|Glimmora, M|1/100
|move|p1a: Ogerpon|Swords Dance|p1a: Ogerpon
|-boost|p1a: Ogerpon|atk|2
|
|upkeep
|turn|12
|
|t:|1776174708
|move|p1a: Ogerpon|Ivy Cudgel|p2a: Glimmora|[anim] Ivy Cudgel Water
|-supereffective|p2a: Glimmora
|-damage|p2a: Glimmora|0 fnt
|-activate|p2a: Glimmora|ability: Toxic Debris
|-sidestart|p1: berry_bns|move: Toxic Spikes
|faint|p2a: Glimmora
|
|upkeep
|
|t:|1776174716
|switch|p2a: Kommo-o|Kommo-o, F|100/100
|turn|13
|
|t:|1776174721
|move|p1a: Ogerpon|Play Rough|p2a: Kommo-o
|-supereffective|p2a: Kommo-o
|-damage|p2a: Kommo-o|0 fnt
|faint|p2a: Kommo-o
|
|upkeep
|
|t:|1776174724
|switch|p2a: Donphan|Donphan, M|100/100
|turn|14
|
|t:|1776174728
|move|p1a: Ogerpon|Ivy Cudgel|p2a: Donphan|[anim] Ivy Cudgel Water
|-supereffective|p2a: Donphan
|-ability|p2a: Donphan|Sturdy
|-damage|p2a: Donphan|1/100
|move|p2a: Donphan|Knock Off|p1a: Ogerpon
|-damage|p1a: Ogerpon|70/100
|
|upkeep
|turn|15
|
|t:|1776174736
|move|p2a: Donphan|Ice Shard|p1a: Ogerpon
|-damage|p1a: Ogerpon|49/100
|move|p1a: Ogerpon|Horn Leech|p2a: Donphan
|-supereffective|p2a: Donphan
|-damage|p2a: Donphan|0 fnt
|-heal|p1a: Ogerpon|50/100|[from] drain|[of] p2a: Donphan
|faint|p2a: Donphan
|
|upkeep
|
|t:|1776174738
|switch|p2a: Samurott|Samurott-Hisui, M|85/100
|turn|16
|
|t:|1776174742
|move|p2a: Samurott|Sucker Punch|p1a: Ogerpon
|-damage|p1a: Ogerpon|4/100
|move|p1a: Ogerpon|Horn Leech|p2a: Samurott
|-supereffective|p2a: Samurott
|-damage|p2a: Samurott|0 fnt
|-heal|p1a: Ogerpon|50/100|[from] drain|[of] p2a: Samurott
|faint|p2a: Samurott
|
|win|berry_bns
|raw|berry_bns's rating: 1141 &rarr; <strong>1166</strong><br />(+25 for winning)
|raw|TheRegisAreCool's rating: 1144 &rarr; <strong>1119</strong><br />(-25 for losing)
