|html|<div class="broadcast-blue"><strong>[Gen 9] OU is currently suspecting Tera Blast! For information on how to participate check out the <a href="https://www.smogon.com/tools/suspects/view/200">suspect thread</a>.</strong></div>
|j|☆chancha12suizo
|j|☆EmerilLagass
|t:|1776209069
|gametype|singles
|player|p1|chancha12suizo|marshal|1468
|player|p2|EmerilLagass|266|1483
|gen|9
|tier|[Gen 9] OU
|rated|
|rule|HP Percentage Mod: HP is shown in percentages
|rule|Endless Battle Clause: Forcing endless battles is banned
|rule|Species Clause: Limit one of each Pokémon
|rule|OHKO Clause: OHKO moves are banned
|rule|Evasion Items Clause: Evasion items are banned
|rule|Evasion Moves Clause: Evasion moves are banned
|rule|Evasion Abilities Clause: Evasion abilities are banned
|rule|Sleep Moves Clause: Sleep-inducing moves are banned
|clearpoke
|poke|p1|Lokix, F|
|poke|p1|Hatterene, F|
|poke|p1|Heatran, M|
|poke|p1|Deoxys-Speed|
|poke|p1|Ogerpon-Wellspring, F|
|poke|p1|Great Tusk|
|poke|p2|Torkoal, F|
|poke|p2|Raging Bolt|
|poke|p2|Walking Wake|
|poke|p2|Ting-Lu|
|poke|p2|Dondozo, F|
|poke|p2|Great Tusk|
|teampreview
|c|☆chancha12suizo|glhf
|inactive|Battle timer is ON: inactive players will automatically lose when time's up. (requested by EmerilLagass)
|
|t:|1776209079
|teamsize|p1|6
|teamsize|p2|6
|start
|switch|p1a: ultimate kars|Deoxys-Speed|100/100
|switch|p2a: Torkoal|Torkoal, F|100/100
|-ability|p1a: ultimate kars|Pressure
|-weather|SunnyDay|[from] ability: Drought|[of] p2a: Torkoal
|turn|1
|
|t:|1776209088
|switch|p2a: Ting-Lu|Ting-Lu|100/100
|-ability|p2a: Ting-Lu|Vessel of Ruin
|move|p1a: ultimate kars|Meteor Beam||[still]
|-prepare|p1a: ultimate kars|Meteor Beam
|-boost|p1a: ultimate kars|spa|1
|-enditem|p1a: ultimate kars|Power Herb
|-anim|p1a: ultimate kars|Meteor Beam|p2a: Ting-Lu
|-resisted|p2a: Ting-Lu
|-damage|p2a: Ting-Lu|89/100
|
|-weather|SunnyDay|[upkeep]
|-heal|p2a: Ting-Lu|95/100|[from] item: Leftovers
|upkeep
|turn|2
|
|t:|1776209104
|switch|p1a: tusky tusky kirky|Great Tusk|100/100
|-activate|p1a: tusky tusky kirky|ability: Protosynthesis
|-start|p1a: tusky tusky kirky|protosynthesisspe
|move|p2a: Ting-Lu|Earthquake|p1a: tusky tusky kirky
|-damage|p1a: tusky tusky kirky|78/100
|
|-weather|SunnyDay|[upkeep]
|-heal|p1a: tusky tusky kirky|84/100|[from] item: Leftovers
|-heal|p2a: Ting-Lu|100/100|[from] item: Leftovers
|upkeep
|turn|3
|
|t:|1776209121
|switch|p2a: Dondozo|Dondozo, F|100/100
|move|p1a: tusky tusky kirky|Stealth Rock|p2a: Dondozo
|-sidestart|p2: EmerilLagass|move: Stealth Rock
|
|-weather|SunnyDay|[upkeep]
|-heal|p1a: tusky tusky kirky|91/100|[from] item: Leftovers
|upkeep
|turn|4
|
|t:|1776209126
|move|p1a: tusky tusky kirky|Knock Off|p2a: Dondozo
|-damage|p2a: Dondozo|83/100
|-enditem|p2a: Dondozo|Leftovers|[from] move: Knock Off|[of] p1a: tusky tusky kirky
|move|p2a: Dondozo|Waterfall|p1a: tusky tusky kirky
|-supereffective|p1a: tusky tusky kirky
|-damage|p1a: tusky tusky kirky|73/100
|
|-weather|SunnyDay|[upkeep]
|-heal|p1a: tusky tusky kirky|79/100|[from] item: Leftovers
|upkeep
|turn|5
|
|t:|1776209136
|-end|p1a: tusky tusky kirky|Protosynthesis|[silent]
|switch|p1a: ban ogerpon|Ogerpon-Wellspring, F|100/100
|move|p2a: Dondozo|Curse|p2a: Dondozo
|-unboost|p2a: Dondozo|spe|1
|-boost|p2a: Dondozo|atk|1
|-boost|p2a: Dondozo|def|1
|
|-weather|SunnyDay|[upkeep]
|upkeep
|turn|6
|
|t:|1776209148
|switch|p2a: Walking Wake|Walking Wake|100/100
|-damage|p2a: Walking Wake|88/100|[from] Stealth Rock
|-activate|p2a: Walking Wake|ability: Protosynthesis
|-start|p2a: Walking Wake|protosynthesisspe
|move|p1a: ban ogerpon|Encore||[still]
|-fail|p1a: ban ogerpon
|
|-weather|SunnyDay|[upkeep]
|upkeep
|turn|7
|
|t:|1776209170
|switch|p1a: fella|Hatterene, F|100/100
|move|p2a: Walking Wake|Draco Meteor|p1a: fella
|-immune|p1a: fella
|
|-weather|SunnyDay|[upkeep]
|upkeep
|turn|8
|
|t:|1776209186
|-end|p2a: Walking Wake|Protosynthesis|[silent]
|switch|p2a: Ting-Lu|Ting-Lu|100/100
|-damage|p2a: Ting-Lu|94/100|[from] Stealth Rock
|-ability|p2a: Ting-Lu|Vessel of Ruin
|move|p1a: fella|Draining Kiss|p2a: Ting-Lu
|-supereffective|p2a: Ting-Lu
|-damage|p2a: Ting-Lu|70/100
|
|-weather|none
|-heal|p2a: Ting-Lu|76/100|[from] item: Leftovers
|upkeep
|turn|9
|
|t:|1776209197
|switch|p2a: Torkoal|Torkoal, F|100/100
|-damage|p2a: Torkoal|75/100|[from] Stealth Rock
|-weather|SunnyDay|[from] ability: Drought|[of] p2a: Torkoal
|move|p1a: fella|Draining Kiss|p2a: Torkoal
|-resisted|p2a: Torkoal
|-damage|p2a: Torkoal|57/100
|
|-weather|SunnyDay|[upkeep]
|upkeep
|turn|10
|
|t:|1776209213
|switch|p2a: Raging Bolt|Raging Bolt|100/100
|-damage|p2a: Raging Bolt|88/100|[from] Stealth Rock
|-activate|p2a: Raging Bolt|ability: Protosynthesis
|-start|p2a: Raging Bolt|protosynthesisspa
|move|p1a: fella|Nuzzle|p2a: Raging Bolt
|-resisted|p2a: Raging Bolt
|-damage|p2a: Raging Bolt|87/100
|
|-weather|SunnyDay|[upkeep]
|upkeep
|turn|11
|
|t:|1776209222
|move|p2a: Raging Bolt|Solar Beam||[still]
|-prepare|p2a: Raging Bolt|Solar Beam
|-anim|p2a: Raging Bolt|Solar Beam|p1a: fella
|-damage|p1a: fella|42/100
|-enditem|p1a: fella|Red Card|[of] p2a: Raging Bolt
|-end|p2a: Raging Bolt|Protosynthesis|[silent]
|drag|p2a: Torkoal|Torkoal, F|57/100
|-damage|p2a: Torkoal|32/100|[from] Stealth Rock
|move|p1a: fella|Mystical Fire|p2a: Torkoal
|-resisted|p2a: Torkoal
|-damage|p2a: Torkoal|1/100
|-unboost|p2a: Torkoal|spa|1
|
|-weather|SunnyDay|[upkeep]
|upkeep
|turn|12
|
|t:|1776209251
|switch|p2a: Dondozo|Dondozo, F|83/100
|-damage|p2a: Dondozo|70/100|[from] Stealth Rock
|move|p1a: fella|Draining Kiss|p2a: Dondozo
|-damage|p2a: Dondozo|51/100
|-heal|p1a: fella|65/100|[from] drain|[of] p2a: Dondozo
|
|-weather|SunnyDay|[upkeep]
|upkeep
|turn|13
|
|t:|1776209260
|move|p2a: Dondozo|Curse|p2a: Dondozo
|-unboost|p2a: Dondozo|spe|1
|-boost|p2a: Dondozo|atk|1
|-boost|p2a: Dondozo|def|1
|move|p1a: fella|Psychic Noise|p2a: Dondozo
|-damage|p2a: Dondozo|20/100
|-start|p2a: Dondozo|move: Heal Block
|
|-weather|SunnyDay|[upkeep]
|upkeep
|turn|14
|
|t:|1776209269
|move|p1a: fella|Psychic Noise|p2a: Dondozo
|-damage|p2a: Dondozo|0 fnt
|faint|p2a: Dondozo
|
|-weather|SunnyDay|[upkeep]
|upkeep
|
|t:|1776209276
|switch|p2a: Walking Wake|Walking Wake|88/100
|-damage|p2a: Walking Wake|76/100|[from] Stealth Rock
|-activate|p2a: Walking Wake|ability: Protosynthesis
|-start|p2a: Walking Wake|protosynthesisspe
|turn|15
|
|t:|1776209305
|switch|p1a: ban ogerpon|Ogerpon-Wellspring, F|100/100
|move|p2a: Walking Wake|Flamethrower|p1a: ban ogerpon
|-damage|p1a: ban ogerpon|20/100
|
|-weather|SunnyDay|[upkeep]
|upkeep
|turn|16
|
|t:|1776209312
|switch|p1a: ugly looking ahh|Heatran, M|100/100
|-item|p1a: ugly looking ahh|Air Balloon
|move|p2a: Walking Wake|Flamethrower|p1a: ugly looking ahh
|-start|p1a: ugly looking ahh|ability: Flash Fire
|
|-weather|none
|-end|p2a: Walking Wake|Protosynthesis
|upkeep
|turn|17
|
|t:|1776209323
|-end|p2a: Walking Wake|Protosynthesis|[silent]
|switch|p2a: Ting-Lu|Ting-Lu|76/100
|-damage|p2a: Ting-Lu|70/100|[from] Stealth Rock
|-ability|p2a: Ting-Lu|Vessel of Ruin
|move|p1a: ugly looking ahh|Earth Power|p2a: Ting-Lu
|-damage|p2a: Ting-Lu|56/100
|
|-heal|p2a: Ting-Lu|62/100|[from] item: Leftovers
|upkeep
|turn|18
|
|t:|1776209330
|move|p1a: ugly looking ahh|Lava Plume|p2a: Ting-Lu
|-damage|p2a: Ting-Lu|37/100
|-status|p2a: Ting-Lu|brn
|move|p2a: Ting-Lu|Payback|p1a: ugly looking ahh
|-damage|p1a: ugly looking ahh|85/100
|-enditem|p1a: ugly looking ahh|Air Balloon
|
|-heal|p2a: Ting-Lu|43/100 brn|[from] item: Leftovers
|-damage|p2a: Ting-Lu|37/100 brn|[from] brn
|upkeep
|turn|19
|inactive|chancha12suizo has 120 seconds left.
|
|t:|1776209360
|-end|p1a: ugly looking ahh|ability: Flash Fire|[silent]
|switch|p1a: tusky tusky kirky|Great Tusk|79/100
|move|p2a: Ting-Lu|Rest|p2a: Ting-Lu
|-status|p2a: Ting-Lu|slp|[from] move: Rest
|-heal|p2a: Ting-Lu|100/100 slp|[silent]
|
|-heal|p1a: tusky tusky kirky|85/100|[from] item: Leftovers
|upkeep
|turn|20
|
|t:|1776209366
|switch|p2a: Great Tusk|Great Tusk|100/100
|move|p1a: tusky tusky kirky|Rapid Spin|p2a: Great Tusk
|-damage|p2a: Great Tusk|90/100
|-boost|p1a: tusky tusky kirky|spe|1
|
|-heal|p1a: tusky tusky kirky|91/100|[from] item: Leftovers
|upkeep
|turn|21
|
|t:|1776209375
|move|p1a: tusky tusky kirky|Knock Off|p2a: Great Tusk
|-resisted|p2a: Great Tusk
|-damage|p2a: Great Tusk|80/100
|-enditem|p2a: Great Tusk|Heavy-Duty Boots|[from] move: Knock Off|[of] p1a: tusky tusky kirky
|move|p2a: Great Tusk|Rapid Spin|p1a: tusky tusky kirky
|-damage|p1a: tusky tusky kirky|80/100
|-boost|p2a: Great Tusk|spe|1
|-sideend|p2: EmerilLagass|Stealth Rock|[from] move: Rapid Spin|[of] p2a: Great Tusk
|
|-heal|p1a: tusky tusky kirky|86/100|[from] item: Leftovers
|upkeep
|turn|22
|
|t:|1776209382
|-end|p2a: Great Tusk|Protosynthesis|[silent]
|switch|p2a: Torkoal|Torkoal, F|1/100
|-weather|SunnyDay|[from] ability: Drought|[of] p2a: Torkoal
|-activate|p1a: tusky tusky kirky|ability: Protosynthesis
|-start|p1a: tusky tusky kirky|protosynthesisspe
|move|p1a: tusky tusky kirky|Stealth Rock|p2a: Torkoal
|-sidestart|p2: EmerilLagass|move: Stealth Rock
|
|-weather|SunnyDay|[upkeep]
|-heal|p1a: tusky tusky kirky|93/100|[from] item: Leftovers
|upkeep
|turn|23
|
|t:|1776209400
|switch|p2a: Great Tusk|Great Tusk|80/100
|-damage|p2a: Great Tusk|77/100|[from] Stealth Rock
|-activate|p2a: Great Tusk|ability: Protosynthesis
|-start|p2a: Great Tusk|protosynthesisatk
|move|p1a: tusky tusky kirky|Rapid Spin|p2a: Great Tusk
|-damage|p2a: Great Tusk|67/100
|-boost|p1a: tusky tusky kirky|spe|1
|
|-weather|SunnyDay|[upkeep]
|-heal|p1a: tusky tusky kirky|99/100|[from] item: Leftovers
|upkeep
|turn|24
|inactive|chancha12suizo has 120 seconds left.
|
|t:|1776209438
|move|p1a: tusky tusky kirky|Rapid Spin|p2a: Great Tusk
|-damage|p2a: Great Tusk|56/100
|-boost|p1a: tusky tusky kirky|spe|1
|move|p2a: Great Tusk|Rapid Spin|p1a: tusky tusky kirky
|-damage|p1a: tusky tusky kirky|85/100
|-boost|p2a: Great Tusk|spe|1
|-sideend|p2: EmerilLagass|Stealth Rock|[from] move: Rapid Spin|[of] p2a: Great Tusk
|
|-weather|SunnyDay|[upkeep]
|-heal|p1a: tusky tusky kirky|91/100|[from] item: Leftovers
|upkeep
|turn|25
|
|t:|1776209451
|move|p1a: tusky tusky kirky|Headlong Rush|p2a: Great Tusk
|-damage|p2a: Great Tusk|16/100
|-unboost|p1a: tusky tusky kirky|def|1
|-unboost|p1a: tusky tusky kirky|spd|1
|move|p2a: Great Tusk|Ice Spinner|p1a: tusky tusky kirky
|-supereffective|p1a: tusky tusky kirky
|-damage|p1a: tusky tusky kirky|18/100
|
|-weather|SunnyDay|[upkeep]
|-heal|p1a: tusky tusky kirky|25/100|[from] item: Leftovers
|upkeep
|turn|26
|
|t:|1776209475
|move|p1a: tusky tusky kirky|Headlong Rush|p2a: Great Tusk
|-damage|p2a: Great Tusk|0 fnt
|-unboost|p1a: tusky tusky kirky|def|1
|-unboost|p1a: tusky tusky kirky|spd|1
|faint|p2a: Great Tusk
|-end|p2a: Great Tusk|Protosynthesis|[silent]
|
|-weather|SunnyDay|[upkeep]
|-heal|p1a: tusky tusky kirky|31/100|[from] item: Leftovers
|upkeep
|
|t:|1776209483
|switch|p2a: Ting-Lu|Ting-Lu|100/100 slp
|-ability|p2a: Ting-Lu|Vessel of Ruin
|turn|27
|inactive|chancha12suizo has 120 seconds left.
|
|t:|1776209490
|move|p1a: tusky tusky kirky|Stealth Rock|p2a: Ting-Lu
|-sidestart|p2: EmerilLagass|move: Stealth Rock
|cant|p2a: Ting-Lu|slp
|move|p2a: Ting-Lu|Sleep Talk|p2a: Ting-Lu
|move|p2a: Ting-Lu|Payback|p1a: tusky tusky kirky|[from] move: Sleep Talk
|-resisted|p1a: tusky tusky kirky
|-damage|p1a: tusky tusky kirky|8/100
|
|-weather|SunnyDay|[upkeep]
|-heal|p1a: tusky tusky kirky|14/100|[from] item: Leftovers
|upkeep
|turn|28
|-message|EmerilLagass forfeited.
|
|win|chancha12suizo
|raw|chancha12suizo's rating: 1468 &rarr; <strong>1489</strong><br />(+21 for winning)
|raw|EmerilLagass's rating: 1483 &rarr; <strong>1462</strong><br />(-21 for losing)
|l|☆EmerilLagass
|player|p2|
