|html|<div class="broadcast-blue"><strong>[Gen 9] OU is currently suspecting Tera Blast! For information on how to participate check out the <a href="https://www.smogon.com/tools/suspects/view/200">suspect thread</a>.</strong></div>
|j|☆magistermilitum420
|j|☆Breezy55
|t:|1776206841
|gametype|singles
|player|p1|magistermilitum420|blue|1329
|player|p2|Breezy55|102|1295
|gen|9
|tier|[Gen 9] OU
|rated|
|rule|HP Percentage Mod: HP is shown in percentages
|rule|Endless Battle Clause: Forcing endless battles is banned
|rule|Species Clause: Limit one of each Pokémon
|rule|OHKO Clause: OHKO moves are banned
|rule|Evasion Items Clause: Evasion items are banned
|rule|Evasion Moves Clause: Evasion moves are banned
|rule|Evasion Abilities Clause: Evasion abilities are banned
|rule|Sleep Moves Clause: Sleep-inducing moves are banned
|clearpoke
|poke|p1|Meowscarada, F|
|poke|p1|Great Tusk|
|poke|p1|Alomomola, F|
|poke|p1|Slowking-Galar, M|
|poke|p1|Iron Valiant|
|poke|p1|Heatran, M|
|poke|p2|Hitmonchan, M|
|poke|p2|Mienshao, M|
|poke|p2|Weavile, F|
|poke|p2|Hoopa-Unbound|
|poke|p2|Deoxys-Speed|
|poke|p2|Garchomp, F|
|teampreview
|
|t:|1776206854
|teamsize|p1|6
|teamsize|p2|6
|start
|switch|p1a: Mahad|Meowscarada, F, shiny|100/100
|switch|p2a: Mienshao|Mienshao, M|100/100
|turn|1
|
|t:|1776206863
|move|p1a: Mahad|U-turn|p2a: Mienshao
|-start|p1a: Mahad|typechange|Bug|[from] ability: Protean
|-resisted|p2a: Mienshao
|-damage|p2a: Mienshao|72/100
|
|t:|1776206868
|switch|p1a: Charybdis|Alomomola, F, shiny|100/100|[from] U-turn
|move|p2a: Mienshao|U-turn|p1a: Charybdis
|-damage|p1a: Charybdis|87/100
|-damage|p2a: Mienshao|55/100|[from] item: Rocky Helmet|[of] p1a: Charybdis
|
|t:|1776206873
|switch|p2a: Weavile|Weavile, F|100/100|[from] U-turn
|
|upkeep
|turn|2
|
|t:|1776206881
|move|p2a: Weavile|Beat Up|p1a: Charybdis
|-damage|p1a: Charybdis|80/100
|-damage|p1a: Charybdis|74/100
|-damage|p1a: Charybdis|67/100
|-damage|p1a: Charybdis|59/100
|-damage|p1a: Charybdis|54/100
|-damage|p1a: Charybdis|46/100
|-hitcount|p1a: Charybdis|6
|move|p1a: Charybdis|Scald|p2a: Weavile
|-crit|p2a: Weavile
|-damage|p2a: Weavile|70/100
|
|upkeep
|turn|3
|
|t:|1776206903
|move|p2a: Weavile|Beat Up|p1a: Charybdis
|-damage|p1a: Charybdis|40/100
|-damage|p1a: Charybdis|33/100
|-damage|p1a: Charybdis|26/100
|-damage|p1a: Charybdis|17/100
|-damage|p1a: Charybdis|11/100
|-damage|p1a: Charybdis|3/100
|-hitcount|p1a: Charybdis|6
|move|p1a: Charybdis|Wish|p1a: Charybdis
|
|upkeep
|turn|4
|
|t:|1776206925
|switch|p2a: Hoopa|Hoopa-Unbound|100/100
|switch|p1a: Mahad|Meowscarada, F, shiny|100/100
|
|upkeep
|turn|5
|
|t:|1776206932
|-terastallize|p2a: Hoopa|Fairy
|move|p1a: Mahad|U-turn|p2a: Hoopa
|-start|p1a: Mahad|typechange|Bug|[from] ability: Protean
|-resisted|p2a: Hoopa
|-damage|p2a: Hoopa|83/100
|
|t:|1776206938
|switch|p1a: Mithridates|Slowking-Galar, M|100/100|[from] U-turn
|move|p2a: Hoopa|Drain Punch|p1a: Mithridates
|-resisted|p1a: Mithridates
|-damage|p1a: Mithridates|93/100
|-heal|p2a: Hoopa|87/100|[from] drain|[of] p1a: Mithridates
|
|upkeep
|turn|6
|
|t:|1776206947
|move|p2a: Hoopa|Knock Off|p1a: Mithridates
|-supereffective|p1a: Mithridates
|-damage|p1a: Mithridates|0 fnt
|-enditem|p1a: Mithridates|Assault Vest|[from] move: Knock Off|[of] p2a: Hoopa
|faint|p1a: Mithridates
|
|upkeep
|
|t:|1776206954
|switch|p1a: Vulcanus|Heatran, M, shiny|100/100
|turn|7
|
|t:|1776206960
|move|p1a: Vulcanus|Flash Cannon|p2a: Hoopa
|-supereffective|p2a: Hoopa
|-damage|p2a: Hoopa|19/100
|move|p2a: Hoopa|Drain Punch|p1a: Vulcanus
|-supereffective|p1a: Vulcanus
|-damage|p1a: Vulcanus|50/100
|-heal|p2a: Hoopa|42/100|[from] drain|[of] p1a: Vulcanus
|
|upkeep
|turn|8
|
|t:|1776206968
|move|p1a: Vulcanus|Flash Cannon|p2a: Hoopa
|-supereffective|p2a: Hoopa
|-damage|p2a: Hoopa|0 fnt
|faint|p2a: Hoopa
|
|upkeep
|
|t:|1776206972
|switch|p2a: Mienshao|Mienshao, M|89/100
|turn|9
|
|t:|1776206975
|switch|p1a: Charybdis|Alomomola, F, shiny|37/100
|move|p2a: Mienshao|U-turn|p1a: Charybdis
|-damage|p1a: Charybdis|25/100
|-damage|p2a: Mienshao|72/100|[from] item: Rocky Helmet|[of] p1a: Charybdis
|
|t:|1776206980
|switch|p2a: Weavile|Weavile, F|70/100|[from] U-turn
|
|upkeep
|turn|10
|
|t:|1776206987
|switch|p1a: Barca|Great Tusk|100/100
|move|p2a: Weavile|Beat Up|p1a: Barca
|-resisted|p1a: Barca
|-damage|p1a: Barca|98/100
|-resisted|p1a: Barca
|-damage|p1a: Barca|95/100
|-resisted|p1a: Barca
|-damage|p1a: Barca|92/100
|-resisted|p1a: Barca
|-damage|p1a: Barca|89/100
|-resisted|p1a: Barca
|-damage|p1a: Barca|86/100
|-hitcount|p1a: Barca|5
|
|-heal|p1a: Barca|92/100|[from] item: Leftovers
|upkeep
|turn|11
|
|t:|1776207000
|switch|p2a: Garchomp|Garchomp, F|100/100
|move|p1a: Barca|Stealth Rock|p2a: Garchomp
|-sidestart|p2: Breezy55|move: Stealth Rock
|
|-heal|p1a: Barca|98/100|[from] item: Leftovers
|upkeep
|turn|12
|
|t:|1776207006
|move|p2a: Garchomp|Stealth Rock|p1a: Barca
|-sidestart|p1: magistermilitum420|move: Stealth Rock
|move|p1a: Barca|Rapid Spin|p2a: Garchomp
|-damage|p2a: Garchomp|86/100
|-boost|p1a: Barca|spe|1
|-damage|p1a: Barca|86/100|[from] ability: Rough Skin|[of] p2a: Garchomp
|-sideend|p1: magistermilitum420|Stealth Rock|[from] move: Rapid Spin|[of] p1a: Barca
|
|-heal|p1a: Barca|92/100|[from] item: Leftovers
|upkeep
|turn|13
|
|t:|1776207015
|move|p2a: Garchomp|Draco Meteor|p1a: Barca|[miss]
|-miss|p2a: Garchomp|p1a: Barca
|move|p1a: Barca|Knock Off|p2a: Garchomp
|-damage|p2a: Garchomp|59/100
|-damage|p1a: Barca|80/100|[from] ability: Rough Skin|[of] p2a: Garchomp
|-enditem|p2a: Garchomp|Life Orb|[from] move: Knock Off|[of] p1a: Barca
|
|-heal|p1a: Barca|86/100|[from] item: Leftovers
|upkeep
|turn|14
|-message|Breezy55 forfeited.
|
|win|magistermilitum420
|raw|magistermilitum420's rating: 1329 &rarr; <strong>1347</strong><br />(+18 for winning)
|raw|Breezy55's rating: 1295 &rarr; <strong>1272</strong><br />(-23 for losing)
|l|☆Breezy55
|player|p2|
