|html|<div class="broadcast-blue"><strong>[Gen 9] OU is currently suspecting Tera Blast! For information on how to participate check out the <a href="https://www.smogon.com/tools/suspects/view/200">suspect thread</a>.</strong></div>
|j|☆SnowieSoul
|j|☆DR4N
|t:|1776303986
|gametype|singles
|player|p1|SnowieSoul|266|1020
|player|p2|DR4N|170|1048
|gen|9
|tier|[Gen 9] OU
|rated|
|rule|HP Percentage Mod: HP is shown in percentages
|rule|Endless Battle Clause: Forcing endless battles is banned
|rule|Species Clause: Limit one of each Pokémon
|rule|OHKO Clause: OHKO moves are banned
|rule|Evasion Items Clause: Evasion items are banned
|rule|Evasion Moves Clause: Evasion moves are banned
|rule|Evasion Abilities Clause: Evasion abilities are banned
|rule|Sleep Moves Clause: Sleep-inducing moves are banned
|clearpoke
|poke|p1|Pelipper, M|
|poke|p1|Rotom-Wash|
|poke|p1|Maushold-Four|
|poke|p1|Cyclizar, M|
|poke|p1|Sylveon, F|
|poke|p1|Weavile, F|
|poke|p2|Gallade, M|
|poke|p2|Falinks|
|poke|p2|Samurott-Hisui, F|
|poke|p2|Torkoal, M|
|poke|p2|Klefki, M|
|poke|p2|Altaria, F|
|teampreview
|
|t:|1776304003
|teamsize|p1|6
|teamsize|p2|6
|start
|switch|p1a: Rotom|Rotom-Wash|100/100
|switch|p2a: Torkoal|Torkoal, M, shiny|100/100
|-weather|SunnyDay|[from] ability: Drought|[of] p2a: Torkoal
|turn|1
|
|t:|1776304012
|switch|p2a: Klefki|Klefki, M, shiny|100/100
|move|p1a: Rotom|Volt Switch|p2a: Klefki
|-damage|p2a: Klefki|55/100
|
|t:|1776304043
|switch|p1a: Pelipper|Pelipper, M|100/100|[from] Volt Switch
|-weather|RainDance|[from] ability: Drizzle|[of] p1a: Pelipper
|
|-weather|RainDance|[upkeep]
|upkeep
|turn|2
|
|t:|1776304053
|move|p2a: Klefki|Light Screen|p2a: Klefki
|-sidestart|p2: DR4N|move: Light Screen
|move|p1a: Pelipper|Weather Ball|p2a: Klefki
|-crit|p2a: Klefki
|-damage|p2a: Klefki|0 fnt
|faint|p2a: Klefki
|
|-weather|RainDance|[upkeep]
|upkeep
|
|t:|1776304061
|switch|p2a: Torkoal|Torkoal, M, shiny|100/100
|-weather|SunnyDay|[from] ability: Drought|[of] p2a: Torkoal
|turn|3
|
|t:|1776304072
|move|p1a: Pelipper|U-turn|p2a: Torkoal
|-resisted|p2a: Torkoal
|-damage|p2a: Torkoal|98/100
|
|t:|1776304082
|switch|p1a: Rotom|Rotom-Wash|100/100|[from] U-turn
|move|p2a: Torkoal|Stealth Rock|p1a: Rotom
|-sidestart|p1: SnowieSoul|move: Stealth Rock
|
|-weather|SunnyDay|[upkeep]
|upkeep
|turn|4
|
|t:|1776304096
|switch|p2a: Falinks|Falinks, shiny|100/100
|move|p1a: Rotom|Thunder|p2a: Falinks
|-damage|p2a: Falinks|53/100
|
|-weather|SunnyDay|[upkeep]
|upkeep
|turn|5
|
|t:|1776304106
|move|p1a: Rotom|Hyper Voice|p2a: Falinks
|-damage|p2a: Falinks|29/100
|move|p2a: Falinks|No Retreat|p2a: Falinks
|-boost|p2a: Falinks|atk|1
|-boost|p2a: Falinks|def|1
|-boost|p2a: Falinks|spa|1
|-boost|p2a: Falinks|spd|1
|-boost|p2a: Falinks|spe|1
|-start|p2a: Falinks|move: No Retreat
|
|-weather|SunnyDay|[upkeep]
|upkeep
|turn|6
|
|t:|1776304118
|move|p1a: Rotom|Thunder|p2a: Falinks|[miss]
|-miss|p1a: Rotom|p2a: Falinks
|move|p2a: Falinks|Close Combat|p1a: Rotom
|-damage|p1a: Rotom|0 fnt
|-unboost|p2a: Falinks|def|1
|-unboost|p2a: Falinks|spd|1
|faint|p1a: Rotom
|
|-weather|SunnyDay|[upkeep]
|-sideend|p2: DR4N|move: Light Screen
|upkeep
|
|t:|1776304133
|switch|p1a: Pelipper|Pelipper, M|100/100
|-damage|p1a: Pelipper|76/100|[from] Stealth Rock
|-weather|RainDance|[from] ability: Drizzle|[of] p1a: Pelipper
|turn|7
|
|t:|1776304143
|move|p2a: Falinks|Close Combat|p1a: Pelipper
|-resisted|p1a: Pelipper
|-damage|p1a: Pelipper|43/100
|-unboost|p2a: Falinks|def|1
|-unboost|p2a: Falinks|spd|1
|move|p1a: Pelipper|Hurricane|p2a: Falinks
|-supereffective|p2a: Falinks
|-damage|p2a: Falinks|0 fnt
|faint|p2a: Falinks
|
|-weather|RainDance|[upkeep]
|upkeep
|
|t:|1776304157
|switch|p2a: Samurott|Samurott-Hisui, F, shiny|100/100
|turn|8
|
|t:|1776304164
|move|p2a: Samurott|Liquidation|p1a: Pelipper
|-resisted|p1a: Pelipper
|-damage|p1a: Pelipper|20/100
|move|p1a: Pelipper|Hurricane|p2a: Samurott
|-damage|p2a: Samurott|68/100
|
|-weather|RainDance|[upkeep]
|upkeep
|turn|9
|
|t:|1776304173
|-terastallize|p2a: Samurott|Water
|move|p2a: Samurott|Aqua Jet|p1a: Pelipper
|-resisted|p1a: Pelipper
|-damage|p1a: Pelipper|4/100
|move|p1a: Pelipper|Roost|p1a: Pelipper
|-heal|p1a: Pelipper|54/100
|-singleturn|p1a: Pelipper|move: Roost
|
|-weather|RainDance|[upkeep]
|upkeep
|turn|10
|
|t:|1776304184
|move|p2a: Samurott|Ceaseless Edge|p1a: Pelipper
|-damage|p1a: Pelipper|30/100
|-sidestart|p1: SnowieSoul|Spikes
|move|p1a: Pelipper|Roost|p1a: Pelipper
|-heal|p1a: Pelipper|80/100
|-singleturn|p1a: Pelipper|move: Roost
|
|-weather|RainDance|[upkeep]
|upkeep
|turn|11
|
|t:|1776304193
|move|p2a: Samurott|Ceaseless Edge|p1a: Pelipper|[miss]
|-miss|p2a: Samurott|p1a: Pelipper
|move|p1a: Pelipper|Roost|p1a: Pelipper
|-heal|p1a: Pelipper|100/100
|-singleturn|p1a: Pelipper|move: Roost
|
|-weather|RainDance|[upkeep]
|upkeep
|turn|12
|
|t:|1776304207
|move|p2a: Samurott|Liquidation|p1a: Pelipper
|-resisted|p1a: Pelipper
|-damage|p1a: Pelipper|69/100
|move|p1a: Pelipper|Hurricane|p2a: Samurott
|-damage|p2a: Samurott|40/100
|
|-weather|RainDance|[upkeep]
|upkeep
|turn|13
|
|t:|1776304217
|move|p2a: Samurott|Liquidation|p1a: Pelipper
|-resisted|p1a: Pelipper
|-damage|p1a: Pelipper|39/100
|move|p1a: Pelipper|Hurricane|p2a: Samurott
|-damage|p2a: Samurott|10/100
|
|-weather|RainDance|[upkeep]
|upkeep
|turn|14
|
|t:|1776304229
|switch|p2a: Torkoal|Torkoal, M, shiny|98/100
|-weather|SunnyDay|[from] ability: Drought|[of] p2a: Torkoal
|move|p1a: Pelipper|Roost|p1a: Pelipper
|-heal|p1a: Pelipper|89/100
|-singleturn|p1a: Pelipper|move: Roost
|
|-weather|SunnyDay|[upkeep]
|upkeep
|turn|15
|
|t:|1776304249
|switch|p2a: Gallade|Gallade, M, shiny|100/100
|move|p1a: Pelipper|Weather Ball|p2a: Gallade
|-damage|p2a: Gallade|64/100
|
|-weather|SunnyDay|[upkeep]
|upkeep
|turn|16
|
|t:|1776304264
|move|p2a: Gallade|Agility|p2a: Gallade
|-boost|p2a: Gallade|spe|2
|move|p1a: Pelipper|U-turn|p2a: Gallade
|-damage|p2a: Gallade|48/100
|
|t:|1776304274
|switch|p1a: Sylveon|Sylveon, F|100/100|[from] U-turn
|-damage|p1a: Sylveon|88/100|[from] Stealth Rock
|-damage|p1a: Sylveon|76/100|[from] Spikes
|
|-weather|SunnyDay|[upkeep]
|upkeep
|turn|17
|
|t:|1776304285
|move|p1a: Sylveon|Protect|p1a: Sylveon
|-singleturn|p1a: Sylveon|Protect
|move|p2a: Gallade|Solar Blade||[still]
|-prepare|p2a: Gallade|Solar Blade
|-anim|p2a: Gallade|Solar Blade|p1a: Sylveon
|-activate|p1a: Sylveon|move: Protect
|
|-weather|SunnyDay|[upkeep]
|upkeep
|turn|18
|
|t:|1776304296
|move|p2a: Gallade|Solar Blade||[still]
|-prepare|p2a: Gallade|Solar Blade
|-anim|p2a: Gallade|Solar Blade|p1a: Sylveon
|-damage|p1a: Sylveon|3/100
|-damage|p2a: Gallade|38/100|[from] item: Life Orb
|move|p1a: Sylveon|Wish|p1a: Sylveon
|
|-weather|SunnyDay|[upkeep]
|upkeep
|turn|19
|
|t:|1776304306
|move|p1a: Sylveon|Protect|p1a: Sylveon
|-singleturn|p1a: Sylveon|Protect
|move|p2a: Gallade|Solar Blade||[still]
|-prepare|p2a: Gallade|Solar Blade
|-anim|p2a: Gallade|Solar Blade|p1a: Sylveon
|-activate|p1a: Sylveon|move: Protect
|
|-weather|SunnyDay|[upkeep]
|-heal|p1a: Sylveon|53/100|[from] move: Wish|[wisher] Sylveon
|upkeep
|turn|20
|
|t:|1776304320
|-terastallize|p1a: Sylveon|Steel
|move|p2a: Gallade|Solar Blade||[still]
|-prepare|p2a: Gallade|Solar Blade
|-anim|p2a: Gallade|Solar Blade|p1a: Sylveon
|-resisted|p1a: Sylveon
|-damage|p1a: Sylveon|16/100
|-damage|p2a: Gallade|28/100|[from] item: Life Orb
|move|p1a: Sylveon|Hyper Voice|p2a: Gallade
|-supereffective|p2a: Gallade
|-damage|p2a: Gallade|0 fnt
|faint|p2a: Gallade
|-damage|p1a: Sylveon|7/100|[from] item: Life Orb
|
|-weather|SunnyDay|[upkeep]
|upkeep
|
|t:|1776304333
|switch|p2a: Samurott|Samurott-Hisui, F, shiny, tera:Water|10/100
|turn|21
|
|t:|1776304344
|move|p2a: Samurott|Aqua Jet|p1a: Sylveon
|-damage|p1a: Sylveon|0 fnt
|faint|p1a: Sylveon
|
|-weather|none
|upkeep
|
|t:|1776304361
|switch|p1a: Pelipper|Pelipper, M|89/100
|-damage|p1a: Pelipper|64/100|[from] Stealth Rock
|-weather|RainDance|[from] ability: Drizzle|[of] p1a: Pelipper
|turn|22
|
|t:|1776304378
|switch|p2a: Torkoal|Torkoal, M, shiny|98/100
|-weather|SunnyDay|[from] ability: Drought|[of] p2a: Torkoal
|move|p1a: Pelipper|Roost|p1a: Pelipper
|-heal|p1a: Pelipper|100/100
|-singleturn|p1a: Pelipper|move: Roost
|
|-weather|SunnyDay|[upkeep]
|upkeep
|turn|23
|
|t:|1776304392
|switch|p2a: Altaria|Altaria, F, shiny|100/100
|move|p1a: Pelipper|Weather Ball|p2a: Altaria
|-resisted|p2a: Altaria
|-damage|p2a: Altaria|82/100
|
|-weather|SunnyDay|[upkeep]
|upkeep
|turn|24
|
|t:|1776304401
|move|p2a: Altaria|Dragon Dance|p2a: Altaria
|-boost|p2a: Altaria|atk|1
|-boost|p2a: Altaria|spe|1
|move|p1a: Pelipper|U-turn|p2a: Altaria
|-resisted|p2a: Altaria
|-damage|p2a: Altaria|77/100
|
|t:|1776304407
|switch|p1a: Weavile|Weavile, F|100/100|[from] U-turn
|-damage|p1a: Weavile|76/100|[from] Stealth Rock
|-damage|p1a: Weavile|63/100|[from] Spikes
|-ability|p1a: Weavile|Pressure
|
|-weather|SunnyDay|[upkeep]
|upkeep
|turn|25
|
|t:|1776304417
|move|p2a: Altaria|Earthquake|p1a: Weavile
|-damage|p1a: Weavile|2/100
|move|p1a: Weavile|Triple Axel|p2a: Altaria
|-supereffective|p2a: Altaria
|-damage|p2a: Altaria|7/100
|-supereffective|p2a: Altaria
|-damage|p2a: Altaria|0 fnt
|faint|p2a: Altaria
|-hitcount|p2: Altaria|2
|-damage|p1a: Weavile|0 fnt|[from] item: Life Orb
|faint|p1a: Weavile
|
|-weather|SunnyDay|[upkeep]
|upkeep
|c|☆DR4N|Damn.
|
|t:|1776304433
|switch|p1a: Maushold|Maushold-Four|100/100
|switch|p2a: Torkoal|Torkoal, M, shiny|98/100
|-damage|p1a: Maushold|88/100|[from] Stealth Rock
|-damage|p1a: Maushold|76/100|[from] Spikes
|turn|26
|
|t:|1776304446
|move|p1a: Maushold|Tidy Up|p1a: Maushold
|-sideend|p1: SnowieSoul|Spikes
|-sideend|p1: SnowieSoul|Stealth Rock
|-activate|p1a: Maushold|move: Tidy Up
|-boost|p1a: Maushold|atk|1
|-boost|p1a: Maushold|spe|1
|move|p2a: Torkoal|Eruption|p1a: Maushold
|-damage|p1a: Maushold|0 fnt
|faint|p1a: Maushold
|
|-weather|SunnyDay|[upkeep]
|upkeep
|
|t:|1776304458
|switch|p1a: Pelipper|Pelipper, M|100/100
|-weather|RainDance|[from] ability: Drizzle|[of] p1a: Pelipper
|turn|27
|
|t:|1776304469
|switch|p2a: Samurott|Samurott-Hisui, F, shiny, tera:Water|10/100
|move|p1a: Pelipper|Weather Ball|p2a: Samurott
|-resisted|p2a: Samurott
|-damage|p2a: Samurott|0 fnt
|faint|p2a: Samurott
|
|-weather|RainDance|[upkeep]
|upkeep
|
|t:|1776304475
|switch|p2a: Torkoal|Torkoal, M, shiny|98/100
|-weather|SunnyDay|[from] ability: Drought|[of] p2a: Torkoal
|turn|28
|
|t:|1776304482
|move|p1a: Pelipper|U-turn|p2a: Torkoal
|-resisted|p2a: Torkoal
|-crit|p2a: Torkoal
|-damage|p2a: Torkoal|95/100
|
|t:|1776304485
|switch|p1a: Cyclizar|Cyclizar, M|100/100|[from] U-turn
|move|p2a: Torkoal|Eruption|p1a: Cyclizar
|-resisted|p1a: Cyclizar
|-damage|p1a: Cyclizar|44/100
|
|-weather|SunnyDay|[upkeep]
|-heal|p1a: Cyclizar|50/100|[from] item: Leftovers
|upkeep
|turn|29
|
|t:|1776304498
|move|p1a: Cyclizar|Supercell Slam|p2a: Torkoal
|-damage|p2a: Torkoal|80/100
|move|p2a: Torkoal|Stealth Rock|p1a: Cyclizar
|-sidestart|p1: SnowieSoul|move: Stealth Rock
|
|-weather|SunnyDay|[upkeep]
|-heal|p1a: Cyclizar|56/100|[from] item: Leftovers
|upkeep
|turn|30
|
|t:|1776304511
|move|p1a: Cyclizar|Outrage|p2a: Torkoal
|-damage|p2a: Torkoal|53/100
|move|p2a: Torkoal|Earth Power|p1a: Cyclizar
|-damage|p1a: Cyclizar|22/100
|-unboost|p1a: Cyclizar|spd|1
|
|-weather|SunnyDay|[upkeep]
|-heal|p1a: Cyclizar|28/100|[from] item: Leftovers
|upkeep
|turn|31
|
|t:|1776304522
|move|p1a: Cyclizar|Outrage|p2a: Torkoal|[from] lockedmove
|-damage|p2a: Torkoal|25/100
|move|p2a: Torkoal|Earth Power|p1a: Cyclizar
|-damage|p1a: Cyclizar|0 fnt
|faint|p1a: Cyclizar
|
|-weather|SunnyDay|[upkeep]
|upkeep
|
|t:|1776304529
|switch|p1a: Pelipper|Pelipper, M|100/100
|-damage|p1a: Pelipper|76/100|[from] Stealth Rock
|-weather|RainDance|[from] ability: Drizzle|[of] p1a: Pelipper
|turn|32
|-message|DR4N forfeited.
|
|win|SnowieSoul
|raw|SnowieSoul's rating: 1020 &rarr; <strong>1060</strong><br />(+40 for winning)
|raw|DR4N's rating: 1048 &rarr; <strong>1029</strong><br />(-19 for losing)
|l|☆DR4N
|player|p2|
