|html|<div class="broadcast-blue"><strong>[Gen 9] OU is currently suspecting Tera Blast! For information on how to participate check out the <a href="https://www.smogon.com/tools/suspects/view/200">suspect thread</a>.</strong></div>
|j|☆malachi toney
|j|☆Noodlezzzzzzzz
|t:|1776075314
|gametype|singles
|player|p1|malachi toney|linebacker|1264
|player|p2|Noodlezzzzzzzz|pokekid|1322
|gen|9
|tier|[Gen 9] OU
|rated|
|rule|HP Percentage Mod: HP is shown in percentages
|rule|Endless Battle Clause: Forcing endless battles is banned
|rule|Species Clause: Limit one of each Pokémon
|rule|OHKO Clause: OHKO moves are banned
|rule|Evasion Items Clause: Evasion items are banned
|rule|Evasion Moves Clause: Evasion moves are banned
|rule|Evasion Abilities Clause: Evasion abilities are banned
|rule|Sleep Moves Clause: Sleep-inducing moves are banned
|clearpoke
|poke|p1|Cinderace, M|
|poke|p1|Torkoal, M|
|poke|p1|Great Tusk|
|poke|p1|Walking Wake|
|poke|p1|Hatterene, F|
|poke|p1|Ting-Lu|
|poke|p2|Alomomola, F|
|poke|p2|Porygon-Z|
|poke|p2|Landorus-Therian, M|
|poke|p2|Ogerpon-Wellspring, F|
|poke|p2|Polteageist|
|poke|p2|Dondozo, M|
|teampreview
|inactive|Battle timer is ON: inactive players will automatically lose when time's up. (requested by malachi toney)
|
|t:|1776075338
|teamsize|p1|6
|teamsize|p2|6
|start
|switch|p1a: Walking Wake|Walking Wake|100/100
|switch|p2a: Landorus|Landorus-Therian, M|100/100
|-ability|p2a: Landorus|Intimidate|boost
|-unboost|p1a: Walking Wake|atk|1
|turn|1
|
|t:|1776075363
|switch|p2a: Alomomola|Alomomola, F|100/100
|move|p1a: Walking Wake|Draco Meteor|p2a: Alomomola
|-damage|p2a: Alomomola|10/100
|-unboost|p1a: Walking Wake|spa|2
|
|upkeep
|turn|2
|
|t:|1776075374
|-end|p1a: Walking Wake|Protosynthesis|[silent]
|switch|p1a: Torkoal|Torkoal, M|100/100
|-weather|SunnyDay|[from] ability: Drought|[of] p1a: Torkoal
|switch|p2a: Dondozo|Dondozo, M|100/100
|
|-weather|SunnyDay|[upkeep]
|upkeep
|turn|3
|
|t:|1776075388
|switch|p2a: Alomomola|Alomomola, F|44/100
|move|p1a: Torkoal|Stealth Rock|p2a: Alomomola
|-sidestart|p2: Noodlezzzzzzzz|move: Stealth Rock
|
|-weather|SunnyDay|[upkeep]
|upkeep
|turn|4
|
|t:|1776075396
|switch|p1a: Walking Wake|Walking Wake|100/100
|-activate|p1a: Walking Wake|ability: Protosynthesis
|-start|p1a: Walking Wake|protosynthesisspa
|move|p2a: Alomomola|Wish|p2a: Alomomola
|
|-weather|SunnyDay|[upkeep]
|upkeep
|turn|5
|
|t:|1776075404
|switch|p2a: Dondozo|Dondozo, M|100/100
|-damage|p2a: Dondozo|88/100|[from] Stealth Rock
|move|p1a: Walking Wake|Draco Meteor|p2a: Dondozo
|-damage|p2a: Dondozo|0 fnt
|-unboost|p1a: Walking Wake|spa|2
|faint|p2a: Dondozo
|
|-weather|SunnyDay|[upkeep]
|upkeep
|
|t:|1776075413
|switch|p2a: Porygon-Z|Porygon-Z|100/100
|-damage|p2a: Porygon-Z|88/100|[from] Stealth Rock
|turn|6
|
|t:|1776075424
|move|p1a: Walking Wake|Draco Meteor|p2a: Porygon-Z
|-damage|p2a: Porygon-Z|0 fnt
|-unboost|p1a: Walking Wake|spa|2
|faint|p2a: Porygon-Z
|
|-weather|SunnyDay|[upkeep]
|upkeep
|
|t:|1776075439
|switch|p2a: Ogerpon|Ogerpon-Wellspring, F|100/100
|-damage|p2a: Ogerpon|88/100|[from] Stealth Rock
|turn|7
|
|t:|1776075451
|move|p2a: Ogerpon|Swords Dance|p2a: Ogerpon
|-boost|p2a: Ogerpon|atk|2
|move|p1a: Walking Wake|Draco Meteor|p2a: Ogerpon
|-damage|p2a: Ogerpon|31/100
|-unboost|p1a: Walking Wake|spa|2
|
|-weather|SunnyDay|[upkeep]
|upkeep
|turn|8
|
|t:|1776075456
|-end|p1a: Walking Wake|Protosynthesis|[silent]
|switch|p1a: Cinderace|Cinderace, M|100/100
|move|p2a: Ogerpon|Wood Hammer|p1a: Cinderace
|-resisted|p1a: Cinderace
|-damage|p1a: Cinderace|10/100
|-damage|p2a: Ogerpon|1/100|[from] Recoil
|
|-weather|SunnyDay|[upkeep]
|upkeep
|turn|9
|
|t:|1776075475
|move|p1a: Cinderace|U-turn|p2a: Ogerpon
|-start|p1a: Cinderace|typechange|Bug|[from] ability: Libero
|-supereffective|p2a: Ogerpon
|-damage|p2a: Ogerpon|0 fnt
|faint|p2a: Ogerpon
|
|t:|1776075486
|switch|p1a: Ting-Lu|Ting-Lu|100/100|[from] U-turn
|-ability|p1a: Ting-Lu|Vessel of Ruin
|
|-weather|none
|upkeep
|
|t:|1776075489
|switch|p2a: Landorus|Landorus-Therian, M|100/100
|-damage|p2a: Landorus|88/100|[from] Stealth Rock
|-ability|p2a: Landorus|Intimidate|boost
|-unboost|p1a: Ting-Lu|atk|1
|turn|10
|
|t:|1776075494
|move|p2a: Landorus|Swords Dance|p2a: Landorus
|-boost|p2a: Landorus|atk|2
|move|p1a: Ting-Lu|Spikes|p2a: Landorus
|-sidestart|p2: Noodlezzzzzzzz|Spikes
|
|-heal|p2a: Landorus|94/100|[from] item: Leftovers
|upkeep
|turn|11
|
|t:|1776075499
|move|p2a: Landorus|Earthquake|p1a: Ting-Lu
|-damage|p1a: Ting-Lu|52/100
|-enditem|p1a: Ting-Lu|Red Card|[of] p2a: Landorus
|drag|p2a: Polteageist|Polteageist|100/100
|-damage|p2a: Polteageist|88/100|[from] Stealth Rock
|-damage|p2a: Polteageist|76/100|[from] Spikes
|move|p1a: Ting-Lu|Whirlwind|p2a: Polteageist
|drag|p2a: Landorus|Landorus-Therian, M|94/100
|-damage|p2a: Landorus|82/100|[from] Stealth Rock
|-ability|p2a: Landorus|Intimidate|boost
|-unboost|p1a: Ting-Lu|atk|1
|
|-heal|p2a: Landorus|88/100|[from] item: Leftovers
|upkeep
|turn|12
|
|t:|1776075509
|move|p2a: Landorus|Swords Dance|p2a: Landorus
|-boost|p2a: Landorus|atk|2
|move|p1a: Ting-Lu|Whirlwind|p2a: Landorus
|drag|p2a: Polteageist|Polteageist|76/100
|-damage|p2a: Polteageist|64/100|[from] Stealth Rock
|-damage|p2a: Polteageist|52/100|[from] Spikes
|
|upkeep
|turn|13
|inactive|malachi toney has 120 seconds left.
|-message|Noodlezzzzzzzz forfeited.
|
|win|malachi toney
|raw|malachi toney's rating: 1264 &rarr; <strong>1293</strong><br />(+29 for winning)
|raw|Noodlezzzzzzzz's rating: 1322 &rarr; <strong>1299</strong><br />(-23 for losing)
|l|☆Noodlezzzzzzzz
|player|p2|
|l|☆malachi toney
|player|p1|
