|html|<div class="broadcast-blue"><strong>[Gen 9] OU is currently suspecting Tera Blast! For information on how to participate check out the <a href="https://www.smogon.com/tools/suspects/view/200">suspect thread</a>.</strong></div>
|j|☆FairyManiac0108
|j|☆nathan verduzco
|t:|1776141265
|gametype|singles
|player|p1|FairyManiac0108|richboy-gen4|1215
|player|p2|nathan verduzco|101|1201
|gen|9
|tier|[Gen 9] OU
|rated|
|rule|HP Percentage Mod: HP is shown in percentages
|rule|Endless Battle Clause: Forcing endless battles is banned
|rule|Species Clause: Limit one of each Pokémon
|rule|OHKO Clause: OHKO moves are banned
|rule|Evasion Items Clause: Evasion items are banned
|rule|Evasion Moves Clause: Evasion moves are banned
|rule|Evasion Abilities Clause: Evasion abilities are banned
|rule|Sleep Moves Clause: Sleep-inducing moves are banned
|clearpoke
|poke|p1|Weezing-Galar, F|
|poke|p1|Vileplume, M|
|poke|p1|Grafaiai, M|
|poke|p1|Glimmora, M|
|poke|p1|Gengar, F|
|poke|p1|Muk-Alola, F|
|poke|p2|Raging Bolt|
|poke|p2|Ribombee, F|
|poke|p2|Gholdengo|
|poke|p2|Great Tusk|
|poke|p2|Ogerpon-Cornerstone, F|
|poke|p2|Ceruledge, F|
|teampreview
|inactive|Battle timer is ON: inactive players will automatically lose when time's up. (requested by FairyManiac0108)
|
|t:|1776141309
|teamsize|p1|6
|teamsize|p2|6
|start
|switch|p1a: Gengar|Gengar, F|100/100
|switch|p2a: Ribombee|Ribombee, F, shiny|100/100
|turn|1
|
|t:|1776141320
|move|p1a: Gengar|Sludge Wave|p2a: Ribombee
|-supereffective|p2a: Ribombee
|-enditem|p2a: Ribombee|Focus Sash
|-damage|p2a: Ribombee|1/100
|move|p2a: Ribombee|Sticky Web|p1a: Gengar
|-sidestart|p1: FairyManiac0108|move: Sticky Web
|
|upkeep
|turn|2
|
|t:|1776141330
|switch|p1a: Glimmora|Glimmora, M|100/100
|-item|p1a: Glimmora|Air Balloon
|move|p2a: Ribombee|Stun Spore|p1a: Glimmora
|-status|p1a: Glimmora|par
|
|upkeep
|turn|3
|
|t:|1776141337
|switch|p2a: Gholdengo|Gholdengo, shiny|100/100
|-item|p2a: Gholdengo|Air Balloon
|cant|p1a: Glimmora|par
|
|upkeep
|turn|4
|
|t:|1776141343
|move|p2a: Gholdengo|Nasty Plot|p2a: Gholdengo
|-boost|p2a: Gholdengo|spa|2
|move|p1a: Glimmora|Earth Power|p2a: Gholdengo
|-immune|p2a: Gholdengo
|
|upkeep
|turn|5
|c|☆nathan verduzco|lol
|
|t:|1776141353
|switch|p1a: Muk|Muk-Alola, F|100/100
|-activate|p1a: Muk|move: Sticky Web
|-unboost|p1a: Muk|spe|1
|move|p2a: Gholdengo|Psyshock|p1a: Muk
|-immune|p1a: Muk
|
|upkeep
|turn|6
|
|t:|1776141365
|move|p2a: Gholdengo|Dazzling Gleam|p1a: Muk
|-damage|p1a: Muk|67/100
|move|p1a: Muk|Knock Off|p2a: Gholdengo
|-supereffective|p2a: Gholdengo
|-damage|p2a: Gholdengo|0 fnt
|-enditem|p2a: Gholdengo|Air Balloon
|faint|p2a: Gholdengo
|
|upkeep
|c|☆FairyManiac0108|lol
|
|t:|1776141383
|switch|p2a: Ceruledge|Ceruledge, F, shiny|100/100
|turn|7
|
|t:|1776141388
|move|p2a: Ceruledge|Swords Dance|p2a: Ceruledge
|-boost|p2a: Ceruledge|atk|2
|move|p1a: Muk|Knock Off|p2a: Ceruledge
|-supereffective|p2a: Ceruledge
|-enditem|p2a: Ceruledge|Focus Sash
|-damage|p2a: Ceruledge|1/100
|-ability|p2a: Ceruledge|Weak Armor|boost
|-unboost|p2a: Ceruledge|def|1
|-boost|p2a: Ceruledge|spe|2
|
|upkeep
|turn|8
|c|☆nathan verduzco|valid
|
|t:|1776141398
|move|p2a: Ceruledge|Shadow Sneak|p1a: Muk
|-resisted|p1a: Muk
|-damage|p1a: Muk|44/100
|move|p1a: Muk|Shadow Sneak|p2a: Ceruledge
|-supereffective|p2a: Ceruledge
|-damage|p2a: Ceruledge|0 fnt
|faint|p2a: Ceruledge
|
|upkeep
|-message|nathan verduzco forfeited.
|
|win|FairyManiac0108
|raw|FairyManiac0108's rating: 1215 &rarr; <strong>1239</strong><br />(+24 for winning)
|raw|nathan verduzco's rating: 1201 &rarr; <strong>1177</strong><br />(-24 for losing)
|l|☆nathan verduzco
|player|p2|
