|html|<div class="broadcast-blue"><strong>[Gen 9] OU is currently suspecting Tera Blast! For information on how to participate check out the <a href="https://www.smogon.com/tools/suspects/view/200">suspect thread</a>.</strong></div>
|j|☆besudo
|j|☆Blastoise_Choice
|t:|1776109685
|gametype|singles
|player|p1|besudo|266|1706
|player|p2|Blastoise_Choice|benga|1744
|gen|9
|tier|[Gen 9] OU
|rated|
|rule|HP Percentage Mod: HP is shown in percentages
|rule|Endless Battle Clause: Forcing endless battles is banned
|rule|Species Clause: Limit one of each Pokémon
|rule|OHKO Clause: OHKO moves are banned
|rule|Evasion Items Clause: Evasion items are banned
|rule|Evasion Moves Clause: Evasion moves are banned
|rule|Evasion Abilities Clause: Evasion abilities are banned
|rule|Sleep Moves Clause: Sleep-inducing moves are banned
|clearpoke
|poke|p1|Chesnaught, M|
|poke|p1|Muk-Alola, F|
|poke|p1|Hatterene, F|
|poke|p1|Ogerpon-Cornerstone, F|
|poke|p1|Regidrago|
|poke|p1|Gholdengo|
|poke|p2|Hydrapple, M|
|poke|p2|Tyranitar, F|
|poke|p2|Moltres|
|poke|p2|Zamazenta-*|
|poke|p2|Slowking-Galar, F|
|poke|p2|Excadrill, F|
|teampreview
|j| loen_64
|c|☆Blastoise_Choice|hf
|inactive|Battle timer is ON: inactive players will automatically lose when time's up. (requested by Blastoise_Choice)
|
|t:|1776109705
|teamsize|p1|6
|teamsize|p2|6
|start
|switch|p1a: --> Bricks|Ogerpon-Cornerstone, F|100/100
|switch|p2a: Tyranitar|Tyranitar, F|100/100
|-weather|Sandstorm|[from] ability: Sand Stream|[of] p2a: Tyranitar
|turn|1
|
|t:|1776109711
|switch|p2a: Zamazenta|Zamazenta|100/100
|-ability|p2a: Zamazenta|Dauntless Shield|boost
|-boost|p2a: Zamazenta|def|1
|move|p1a: --> Bricks|Swords Dance|p1a: --> Bricks
|-boost|p1a: --> Bricks|atk|2
|
|-weather|Sandstorm|[upkeep]
|-damage|p2a: Zamazenta|94/100|[from] Sandstorm
|-heal|p2a: Zamazenta|100/100|[from] item: Leftovers
|upkeep
|turn|2
|
|t:|1776109728
|switch|p1a: Him|Chesnaught, M|100/100
|move|p2a: Zamazenta|Body Press|p1a: Him
|-damage|p1a: Him|67/100
|-damage|p2a: Zamazenta|84/100|[from] item: Rocky Helmet|[of] p1a: Him
|
|-weather|Sandstorm|[upkeep]
|-damage|p2a: Zamazenta|78/100|[from] Sandstorm
|-damage|p1a: Him|60/100|[from] Sandstorm
|-heal|p2a: Zamazenta|84/100|[from] item: Leftovers
|upkeep
|turn|3
|
|t:|1776109736
|move|p2a: Zamazenta|Iron Defense|p2a: Zamazenta
|-boost|p2a: Zamazenta|def|2
|move|p1a: Him|Synthesis|p1a: Him
|-heal|p1a: Him|85/100
|
|-weather|Sandstorm|[upkeep]
|-damage|p2a: Zamazenta|78/100|[from] Sandstorm
|-damage|p1a: Him|79/100|[from] Sandstorm
|-heal|p2a: Zamazenta|84/100|[from] item: Leftovers
|upkeep
|turn|4
|
|t:|1776109742
|switch|p1a: S++|Gholdengo, shiny|100/100
|move|p2a: Zamazenta|Crunch|p1a: S++
|-supereffective|p1a: S++
|-damage|p1a: S++|61/100
|
|-weather|Sandstorm|[upkeep]
|-damage|p2a: Zamazenta|78/100|[from] Sandstorm
|-heal|p2a: Zamazenta|84/100|[from] item: Leftovers
|upkeep
|turn|5
|
|t:|1776109749
|switch|p2a: Tyranitar|Tyranitar, F|100/100
|move|p1a: S++|Make It Rain|p2a: Tyranitar
|-supereffective|p2a: Tyranitar
|-damage|p2a: Tyranitar|14/100
|-unboost|p1a: S++|spa|1
|
|-weather|Sandstorm|[upkeep]
|upkeep
|turn|6
|
|t:|1776109766
|switch|p2a: Slowking|Slowking-Galar, F|100/100
|move|p1a: S++|Make It Rain|p2a: Slowking
|-damage|p2a: Slowking|60/100
|-unboost|p1a: S++|spa|1
|
|-weather|Sandstorm|[upkeep]
|-damage|p2a: Slowking|54/100|[from] Sandstorm
|upkeep
|turn|7
|
|t:|1776109775
|move|p1a: S++|Make It Rain|p2a: Slowking
|-damage|p2a: Slowking|26/100
|-unboost|p1a: S++|spa|1
|move|p2a: Slowking|Flamethrower|p1a: S++
|-supereffective|p1a: S++
|-damage|p1a: S++|11/100
|
|-weather|Sandstorm|[upkeep]
|-damage|p2a: Slowking|20/100|[from] Sandstorm
|upkeep
|turn|8
|
|t:|1776109786
|switch|p1a: --> Bricks|Ogerpon-Cornerstone, F|100/100
|switch|p2a: Hydrapple|Hydrapple, M|100/100
|
|-weather|none
|upkeep
|turn|9
|
|t:|1776109793
|switch|p1a: Houdini|Hatterene, F|100/100
|move|p2a: Hydrapple|Fickle Beam|p1a: Houdini
|-immune|p1a: Houdini
|
|upkeep
|turn|10
|
|t:|1776109799
|switch|p2a: Slowking|Slowking-Galar, F|54/100
|move|p1a: Houdini|Future Sight|p2a: Slowking
|-start|p1a: Houdini|move: Future Sight
|
|upkeep
|turn|11
|
|t:|1776109806
|switch|p1a: Spams Buttons|Muk-Alola, F, shiny|100/100
|move|p2a: Slowking|Sludge Bomb|p1a: Spams Buttons
|-resisted|p1a: Spams Buttons
|-damage|p1a: Spams Buttons|92/100
|
|upkeep
|turn|12
|
|t:|1776109815
|switch|p2a: Tyranitar|Tyranitar, F|14/100
|-weather|Sandstorm|[from] ability: Sand Stream|[of] p2a: Tyranitar
|move|p1a: Spams Buttons|Knock Off|p2a: Tyranitar
|-resisted|p2a: Tyranitar
|-damage|p2a: Tyranitar|0 fnt
|-enditem|p2a: Tyranitar|Smooth Rock|[from] move: Knock Off|[of] p1a: Spams Buttons
|faint|p2a: Tyranitar
|
|-weather|Sandstorm|[upkeep]
|-damage|p1a: Spams Buttons|86/100|[from] Sandstorm
|-hint|Future Sight did not hit because the target is fainted.
|upkeep
|
|t:|1776109821
|switch|p2a: Excadrill|Excadrill, F|100/100
|-item|p2a: Excadrill|Air Balloon
|turn|13
|
|t:|1776109834
|switch|p1a: Him|Chesnaught, M|79/100
|move|p2a: Excadrill|Swords Dance|p2a: Excadrill
|-boost|p2a: Excadrill|atk|2
|
|-weather|Sandstorm|[upkeep]
|-damage|p1a: Him|73/100|[from] Sandstorm
|upkeep
|turn|14
|
|t:|1776109841
|move|p2a: Excadrill|Iron Head|p1a: Him
|-damage|p1a: Him|22/100
|-damage|p2a: Excadrill|84/100|[from] item: Rocky Helmet|[of] p1a: Him
|move|p1a: Him|Body Press|p2a: Excadrill
|-supereffective|p2a: Excadrill
|-damage|p2a: Excadrill|0 fnt
|-enditem|p2a: Excadrill|Air Balloon
|faint|p2a: Excadrill
|
|-weather|Sandstorm|[upkeep]
|-damage|p1a: Him|16/100|[from] Sandstorm
|upkeep
|
|t:|1776109848
|switch|p2a: Zamazenta|Zamazenta|84/100
|turn|15
|
|t:|1776109859
|switch|p1a: Houdini|Hatterene, F|100/100
|move|p2a: Zamazenta|Roar|p1a: Houdini
|move|p1a: Houdini|Roar|p2a: Zamazenta|[from] ability: Magic Bounce
|drag|p2a: Moltres|Moltres|100/100
|
|-weather|Sandstorm|[upkeep]
|-damage|p2a: Moltres|94/100|[from] Sandstorm
|-damage|p1a: Houdini|95/100|[from] Sandstorm
|upkeep
|turn|16
|
|t:|1776109866
|move|p2a: Moltres|U-turn|p1a: Houdini
|-damage|p1a: Houdini|80/100
|
|t:|1776109874
|switch|p2a: Slowking|Slowking-Galar, F|87/100|[from] U-turn
|move|p1a: Houdini|Future Sight|p2a: Slowking
|-start|p1a: Houdini|move: Future Sight
|
|-weather|Sandstorm|[upkeep]
|-damage|p2a: Slowking|81/100|[from] Sandstorm
|-damage|p1a: Houdini|74/100|[from] Sandstorm
|upkeep
|turn|17
|
|t:|1776109882
|switch|p1a: Spams Buttons|Muk-Alola, F, shiny|86/100
|move|p2a: Slowking|Flamethrower|p1a: Spams Buttons
|-damage|p1a: Spams Buttons|74/100
|
|-weather|Sandstorm|[upkeep]
|-damage|p2a: Slowking|75/100|[from] Sandstorm
|-damage|p1a: Spams Buttons|68/100|[from] Sandstorm
|upkeep
|turn|18
|
|t:|1776109889
|switch|p2a: Moltres|Moltres|94/100
|move|p1a: Spams Buttons|Knock Off|p2a: Moltres
|-damage|p2a: Moltres|65/100
|-enditem|p2a: Moltres|Heavy-Duty Boots|[from] move: Knock Off|[of] p1a: Spams Buttons
|
|-weather|Sandstorm|[upkeep]
|-damage|p2a: Moltres|59/100|[from] Sandstorm
|-damage|p1a: Spams Buttons|62/100|[from] Sandstorm
|-end|p2a: Moltres|move: Future Sight
|-damage|p2a: Moltres|8/100
|upkeep
|turn|19
|j| Metallic Symphony
|l| Metallic Symphony
|
|t:|1776109901
|move|p1a: Spams Buttons|Shadow Sneak|p2a: Moltres
|-crit|p2a: Moltres
|-damage|p2a: Moltres|0 fnt
|faint|p2a: Moltres
|
|-weather|none
|upkeep
|
|t:|1776109907
|switch|p2a: Zamazenta|Zamazenta|84/100
|turn|20
|
|t:|1776109926
|switch|p1a: Houdini|Hatterene, F|74/100
|move|p2a: Zamazenta|Roar|p1a: Houdini
|move|p1a: Houdini|Roar|p2a: Zamazenta|[from] ability: Magic Bounce
|drag|p2a: Hydrapple|Hydrapple, M|100/100
|
|upkeep
|turn|21
|
|t:|1776109932
|switch|p2a: Slowking|Slowking-Galar, F|100/100
|move|p1a: Houdini|Psychic Noise|p2a: Slowking
|-damage|p2a: Slowking|83/100
|-start|p2a: Slowking|move: Heal Block
|
|upkeep
|turn|22
|
|t:|1776109939
|move|p2a: Slowking|Flamethrower|p1a: Houdini
|-damage|p1a: Houdini|54/100
|-status|p1a: Houdini|brn
|move|p1a: Houdini|Future Sight|p2a: Slowking
|-start|p1a: Houdini|move: Future Sight
|
|-damage|p1a: Houdini|48/100 brn|[from] brn
|-end|p2a: Slowking|move: Heal Block
|upkeep
|turn|23
|
|t:|1776109947
|switch|p1a: Spams Buttons|Muk-Alola, F, shiny|62/100
|move|p2a: Slowking|Ice Beam|p1a: Spams Buttons
|-damage|p1a: Spams Buttons|50/100
|
|upkeep
|turn|24
|
|t:|1776109958
|switch|p2a: Hydrapple|Hydrapple, M|100/100
|move|p1a: Spams Buttons|Knock Off|p2a: Hydrapple
|-damage|p2a: Hydrapple|74/100
|-status|p2a: Hydrapple|psn|[from] ability: Poison Touch|[of] p1a: Spams Buttons
|-enditem|p2a: Hydrapple|Heavy-Duty Boots|[from] move: Knock Off|[of] p1a: Spams Buttons
|
|-end|p2a: Hydrapple|move: Future Sight
|-damage|p2a: Hydrapple|15/100 psn
|-damage|p2a: Hydrapple|3/100 psn|[from] psn
|upkeep
|turn|25
|
|t:|1776109969
|switch|p2a: Zamazenta|Zamazenta|84/100
|move|p1a: Spams Buttons|Knock Off|p2a: Zamazenta
|-resisted|p2a: Zamazenta
|-damage|p2a: Zamazenta|68/100
|-enditem|p2a: Zamazenta|Leftovers|[from] move: Knock Off|[of] p1a: Spams Buttons
|
|upkeep
|turn|26
|
|t:|1776109979
|switch|p1a: Houdini|Hatterene, F|48/100 brn
|move|p2a: Zamazenta|Body Press|p1a: Houdini
|-resisted|p1a: Houdini
|-damage|p1a: Houdini|39/100 brn
|
|-damage|p1a: Houdini|33/100 brn|[from] brn
|upkeep
|turn|27
|
|t:|1776109990
|switch|p2a: Slowking|Slowking-Galar, F|100/100
|switch|p1a: S++|Gholdengo, shiny|11/100
|
|upkeep
|turn|28
|
|t:|1776109996
|switch|p2a: Hydrapple|Hydrapple, M|36/100 psn
|move|p1a: S++|Shadow Ball|p2a: Hydrapple
|-damage|p2a: Hydrapple|0 fnt
|faint|p2a: Hydrapple
|
|upkeep
|
|t:|1776110002
|switch|p2a: Slowking|Slowking-Galar, F|100/100
|turn|29
|
|t:|1776110009
|-terastallize|p2a: Slowking|Grass
|move|p1a: S++|Shadow Ball|p2a: Slowking
|-damage|p2a: Slowking|62/100
|move|p2a: Slowking|Ice Beam|p1a: S++
|-resisted|p1a: S++
|-damage|p1a: S++|0 fnt
|faint|p1a: S++
|
|upkeep
|
|t:|1776110023
|switch|p1a: Spams Buttons|Muk-Alola, F, shiny|50/100
|turn|30
|
|t:|1776110029
|switch|p2a: Zamazenta|Zamazenta|68/100
|move|p1a: Spams Buttons|Poison Jab|p2a: Zamazenta
|-damage|p2a: Zamazenta|43/100
|
|upkeep
|turn|31
|j| bbrread
|j| kindnessalwayswins
|
|t:|1776110036
|switch|p1a: Houdini|Hatterene, F|33/100 brn
|move|p2a: Zamazenta|Iron Defense|p2a: Zamazenta
|-boost|p2a: Zamazenta|def|2
|
|-damage|p1a: Houdini|27/100 brn|[from] brn
|upkeep
|turn|32
|
|t:|1776110049
|switch|p2a: Slowking|Slowking-Galar, F, tera:Grass|95/100
|move|p1a: Houdini|Healing Wish|p1a: Houdini
|faint|p1a: Houdini
|
|upkeep
|
|t:|1776110059
|switch|p1a: Him|Chesnaught, M|16/100
|-heal|p1a: Him|100/100|[from] move: Healing Wish
|turn|33
|
|t:|1776110065
|switch|p1a: Spams Buttons|Muk-Alola, F, shiny|50/100
|switch|p2a: Zamazenta|Zamazenta|43/100
|
|upkeep
|turn|34
|l| bbrread
|
|t:|1776110073
|switch|p1a: Him|Chesnaught, M|100/100
|move|p2a: Zamazenta|Iron Defense|p2a: Zamazenta
|-boost|p2a: Zamazenta|def|2
|
|upkeep
|turn|35
|j| bbrread
|
|t:|1776110079
|move|p2a: Zamazenta|Iron Defense|p2a: Zamazenta
|-boost|p2a: Zamazenta|def|2
|move|p1a: Him|Iron Defense|p1a: Him
|-boost|p1a: Him|def|2
|
|upkeep
|turn|36
|
|t:|1776110087
|move|p1a: Him|Spikes|p2a: Zamazenta
|-sidestart|p2: Blastoise_Choice|Spikes
|move|p2a: Zamazenta|Roar|p1a: Him
|drag|p1a: Deity|Regidrago, shiny|100/100
|
|upkeep
|turn|37
|
|t:|1776110094
|-terastallize|p1a: Deity|Dragon
|move|p1a: Deity|Dragon Energy|p2a: Zamazenta
|-damage|p2a: Zamazenta|0 fnt
|faint|p2a: Zamazenta
|
|upkeep
|
|t:|1776110101
|switch|p2a: Slowking|Slowking-Galar, F, tera:Grass|100/100
|-damage|p2a: Slowking|88/100|[from] Spikes
|turn|38
|
|t:|1776110106
|switch|p1a: Spams Buttons|Muk-Alola, F, shiny|50/100
|move|p2a: Slowking|Ice Beam|p1a: Spams Buttons
|-damage|p1a: Spams Buttons|39/100
|
|upkeep
|turn|39
|
|t:|1776110110
|move|p2a: Slowking|Ice Beam|p1a: Spams Buttons
|-damage|p1a: Spams Buttons|26/100
|-status|p1a: Spams Buttons|frz
|cant|p1a: Spams Buttons|frz
|
|upkeep
|turn|40
|
|t:|1776110116
|move|p2a: Slowking|Psyshock|p1a: Spams Buttons
|-immune|p1a: Spams Buttons
|cant|p1a: Spams Buttons|frz
|
|upkeep
|turn|41
|
|t:|1776110120
|move|p2a: Slowking|Psyshock|p1a: Spams Buttons
|-immune|p1a: Spams Buttons
|cant|p1a: Spams Buttons|frz
|
|upkeep
|turn|42
|
|t:|1776110123
|move|p2a: Slowking|Psyshock|p1a: Spams Buttons
|-immune|p1a: Spams Buttons
|cant|p1a: Spams Buttons|frz
|
|upkeep
|turn|43
|
|t:|1776110127
|move|p2a: Slowking|Psyshock|p1a: Spams Buttons
|-immune|p1a: Spams Buttons
|cant|p1a: Spams Buttons|frz
|
|upkeep
|turn|44
|
|t:|1776110134
|move|p2a: Slowking|Psyshock|p1a: Spams Buttons
|-immune|p1a: Spams Buttons
|cant|p1a: Spams Buttons|frz
|
|upkeep
|turn|45
|
|t:|1776110138
|move|p2a: Slowking|Psyshock|p1a: Spams Buttons
|-immune|p1a: Spams Buttons
|cant|p1a: Spams Buttons|frz
|
|upkeep
|turn|46
|l| loen_64
|
|t:|1776110143
|move|p2a: Slowking|Psyshock|p1a: Spams Buttons
|-immune|p1a: Spams Buttons
|cant|p1a: Spams Buttons|frz
|
|upkeep
|turn|47
|
|t:|1776110148
|move|p2a: Slowking|Psyshock|p1a: Spams Buttons
|-immune|p1a: Spams Buttons
|-curestatus|p1a: Spams Buttons|frz|[msg]
|move|p1a: Spams Buttons|Poison Jab|p2a: Slowking
|-supereffective|p2a: Slowking
|-damage|p2a: Slowking|36/100
|-status|p2a: Slowking|psn
|
|-damage|p2a: Slowking|23/100 psn|[from] psn
|upkeep
|turn|48
|
|t:|1776110157
|move|p2a: Slowking|Psyshock|p1a: Spams Buttons
|-immune|p1a: Spams Buttons
|move|p1a: Spams Buttons|Poison Jab|p2a: Slowking
|-supereffective|p2a: Slowking
|-damage|p2a: Slowking|0 fnt
|faint|p2a: Slowking
|
|win|besudo
|raw|besudo's rating: 1706 &rarr; <strong>1728</strong><br />(+22 for winning)
|raw|Blastoise_Choice's rating: 1744 &rarr; <strong>1722</strong><br />(-22 for losing)
|c|☆Blastoise_Choice|gg
