|html|<div class="broadcast-blue"><strong>[Gen 9] OU is currently suspecting Tera Blast! For information on how to participate check out the <a href="https://www.smogon.com/tools/suspects/view/200">suspect thread</a>.</strong></div>
|j|☆Angeboii
|j|☆rainy day 00
|t:|1776102398
|gametype|singles
|player|p1|Angeboii|pokekid|1201
|player|p2|rainy day 00|clair|1249
|gen|9
|tier|[Gen 9] OU
|rated|
|rule|HP Percentage Mod: HP is shown in percentages
|rule|Endless Battle Clause: Forcing endless battles is banned
|rule|Species Clause: Limit one of each Pokémon
|rule|OHKO Clause: OHKO moves are banned
|rule|Evasion Items Clause: Evasion items are banned
|rule|Evasion Moves Clause: Evasion moves are banned
|rule|Evasion Abilities Clause: Evasion abilities are banned
|rule|Sleep Moves Clause: Sleep-inducing moves are banned
|clearpoke
|poke|p1|Cinccino, M|
|poke|p1|Rhyperior, M|
|poke|p1|Weavile, M|
|poke|p1|Dragapult, M|
|poke|p1|Milotic, F|
|poke|p1|Iron Moth|
|poke|p2|Honchkrow, M|
|poke|p2|Electivire, F|
|poke|p2|Magmortar, M|
|poke|p2|Torterra, M|
|poke|p2|Ursaring, M|
|poke|p2|Metagross|
|teampreview
|
|t:|1776102425
|teamsize|p1|6
|teamsize|p2|6
|start
|switch|p1a: Iron Bob|Iron Moth|100/100
|switch|p2a: Magmortar|Magmortar, M|100/100
|turn|1
|
|t:|1776102451
|-terastallize|p2a: Magmortar|Fire
|move|p1a: Iron Bob|Sludge Wave|p2a: Magmortar
|-damage|p2a: Magmortar|39/100
|move|p2a: Magmortar|Fire Blast|p1a: Iron Bob
|-resisted|p1a: Iron Bob
|-damage|p1a: Iron Bob|38/100
|
|upkeep
|turn|2
|
|t:|1776102460
|move|p1a: Iron Bob|Sludge Wave|p2a: Magmortar
|-damage|p2a: Magmortar|0 fnt
|faint|p2a: Magmortar
|
|upkeep
|
|t:|1776102475
|switch|p2a: Metagross|Metagross|100/100
|-item|p2a: Metagross|Air Balloon
|turn|3
|
|t:|1776102500
|move|p1a: Iron Bob|Fiery Dance|p2a: Metagross
|-supereffective|p2a: Metagross
|-damage|p2a: Metagross|0 fnt
|-enditem|p2a: Metagross|Air Balloon
|faint|p2a: Metagross
|
|upkeep
|
|t:|1776102506
|switch|p2a: Electivire|Electivire, F|100/100
|turn|4
|
|t:|1776102516
|move|p2a: Electivire|Supercell Slam|p1a: Iron Bob
|-damage|p1a: Iron Bob|0 fnt
|faint|p1a: Iron Bob
|-end|p1a: Iron Bob|Quark Drive|[silent]
|-damage|p2a: Electivire|91/100|[from] item: Life Orb
|
|upkeep
|
|t:|1776102530
|switch|p1a: Bob but hard|Rhyperior, M|100/100
|turn|5
|
|t:|1776102545
|move|p2a: Electivire|Earthquake|p1a: Bob but hard
|-supereffective|p1a: Bob but hard
|-damage|p1a: Bob but hard|56/100
|-enditem|p1a: Bob but hard|Weakness Policy
|-boost|p1a: Bob but hard|atk|2|[from] item: Weakness Policy
|-boost|p1a: Bob but hard|spa|2|[from] item: Weakness Policy
|-damage|p2a: Electivire|81/100|[from] item: Life Orb
|move|p1a: Bob but hard|Rock Polish|p1a: Bob but hard
|-boost|p1a: Bob but hard|spe|2
|
|upkeep
|turn|6
|
|t:|1776102594
|move|p1a: Bob but hard|Earthquake|p2a: Electivire
|-supereffective|p2a: Electivire
|-damage|p2a: Electivire|0 fnt
|faint|p2a: Electivire
|
|upkeep
|
|t:|1776102604
|switch|p2a: Honchkrow|Honchkrow, M|100/100
|turn|7
|
|t:|1776102619
|move|p1a: Bob but hard|Rock Slide|p2a: Honchkrow
|-supereffective|p2a: Honchkrow
|-damage|p2a: Honchkrow|0 fnt
|faint|p2a: Honchkrow
|
|upkeep
|
|t:|1776102627
|switch|p2a: Ursaring|Ursaring, M|100/100
|turn|8
|
|t:|1776102636
|move|p1a: Bob but hard|Earthquake|p2a: Ursaring
|-damage|p2a: Ursaring|0 fnt
|faint|p2a: Ursaring
|
|upkeep
|
|t:|1776102640
|switch|p2a: Torterra|Torterra, M|100/100
|turn|9
|
|t:|1776102653
|move|p1a: Bob but hard|Megahorn|p2a: Torterra
|-supereffective|p2a: Torterra
|-damage|p2a: Torterra|0 fnt
|faint|p2a: Torterra
|
|win|Angeboii
|raw|Angeboii's rating: 1201 &rarr; <strong>1229</strong><br />(+28 for winning)
|raw|rainy day 00's rating: 1249 &rarr; <strong>1221</strong><br />(-28 for losing)
|l|☆Angeboii
|player|p1|
|l|☆rainy day 00
|player|p2|
