|html|<div class="broadcast-blue"><strong>[Gen 9] OU is currently suspecting Tera Blast! For information on how to participate check out the <a href="https://www.smogon.com/tools/suspects/view/200">suspect thread</a>.</strong></div>
|j|☆Saito_21
|j|☆rubicouss
|t:|1776049579
|gametype|singles
|player|p1|Saito_21|cheren-gen5bw2|1210
|player|p2|rubicouss|gambler|1207
|gen|9
|tier|[Gen 9] OU
|rated|
|rule|HP Percentage Mod: HP is shown in percentages
|rule|Endless Battle Clause: Forcing endless battles is banned
|rule|Species Clause: Limit one of each Pokémon
|rule|OHKO Clause: OHKO moves are banned
|rule|Evasion Items Clause: Evasion items are banned
|rule|Evasion Moves Clause: Evasion moves are banned
|rule|Evasion Abilities Clause: Evasion abilities are banned
|rule|Sleep Moves Clause: Sleep-inducing moves are banned
|clearpoke
|poke|p1|Blaziken, M|
|poke|p1|Hatterene, F|
|poke|p1|Great Tusk|
|poke|p1|Skarmory, M|
|poke|p1|Toxapex, F|
|poke|p1|Raging Bolt|
|poke|p2|Venusaur, F|
|poke|p2|Ninetales, F|
|poke|p2|Torkoal, M|
|poke|p2|Great Tusk|
|poke|p2|Alomomola, F|
|poke|p2|Victreebel, F|
|teampreview
|
|t:|1776049584
|teamsize|p1|6
|teamsize|p2|6
|start
|switch|p1a: Hatterene|Hatterene, F|100/100
|switch|p2a: Torkoal|Torkoal, M|100/100
|-weather|SunnyDay|[from] ability: Drought|[of] p2a: Torkoal
|turn|1
|
|t:|1776049591
|switch|p2a: Venusaur|Venusaur, F|100/100
|move|p1a: Hatterene|Calm Mind|p1a: Hatterene
|-boost|p1a: Hatterene|spa|1
|-boost|p1a: Hatterene|spd|1
|
|-weather|SunnyDay|[upkeep]
|upkeep
|turn|2
|
|t:|1776049605
|move|p2a: Venusaur|Sludge Bomb|p1a: Hatterene
|-supereffective|p1a: Hatterene
|-damage|p1a: Hatterene|34/100
|-damage|p2a: Venusaur|91/100|[from] item: Life Orb
|move|p1a: Hatterene|Psychic|p2a: Venusaur
|-supereffective|p2a: Venusaur
|-damage|p2a: Venusaur|0 fnt
|faint|p2a: Venusaur
|
|-weather|SunnyDay|[upkeep]
|-heal|p1a: Hatterene|39/100|[from] item: Leftovers
|upkeep
|
|t:|1776049613
|switch|p2a: Victreebel|Victreebel, F|100/100
|turn|3
|
|t:|1776049632
|switch|p1a: Skarmory|Skarmory, M|100/100
|move|p2a: Victreebel|Poison Jab|p1a: Skarmory
|-immune|p1a: Skarmory
|
|-weather|SunnyDay|[upkeep]
|upkeep
|turn|4
|
|t:|1776049637
|move|p2a: Victreebel|Weather Ball|p1a: Skarmory
|-supereffective|p1a: Skarmory
|-ability|p1a: Skarmory|Sturdy
|-damage|p1a: Skarmory|1/100
|-damage|p2a: Victreebel|91/100|[from] item: Life Orb
|move|p1a: Skarmory|Stealth Rock|p2a: Victreebel
|-sidestart|p2: rubicouss|move: Stealth Rock
|
|-weather|SunnyDay|[upkeep]
|-heal|p1a: Skarmory|7/100|[from] item: Leftovers
|upkeep
|turn|5
|
|t:|1776049647
|move|p1a: Skarmory|Protect|p1a: Skarmory
|-singleturn|p1a: Skarmory|Protect
|move|p2a: Victreebel|Knock Off|p1a: Skarmory
|-activate|p1a: Skarmory|move: Protect
|
|-weather|SunnyDay|[upkeep]
|-heal|p1a: Skarmory|13/100|[from] item: Leftovers
|upkeep
|turn|6
|
|t:|1776049655
|switch|p1a: Blaziken|Blaziken, M|100/100
|-item|p1a: Blaziken|Air Balloon
|move|p2a: Victreebel|Knock Off|p1a: Blaziken
|-resisted|p1a: Blaziken
|-damage|p1a: Blaziken|71/100
|-enditem|p1a: Blaziken|Air Balloon
|-damage|p2a: Victreebel|81/100|[from] item: Life Orb
|
|-weather|SunnyDay|[upkeep]
|upkeep
|turn|7
|
|t:|1776049674
|switch|p2a: Great Tusk|Great Tusk|100/100
|-activate|p2a: Great Tusk|ability: Protosynthesis
|-start|p2a: Great Tusk|protosynthesisatk
|move|p1a: Blaziken|Brick Break|p2a: Great Tusk
|-damage|p2a: Great Tusk|73/100
|
|-weather|SunnyDay|[upkeep]
|-ability|p1a: Blaziken|Speed Boost|boost
|-boost|p1a: Blaziken|spe|1
|upkeep
|turn|8
|
|t:|1776049688
|move|p1a: Blaziken|Fire Punch|p2a: Great Tusk
|-damage|p2a: Great Tusk|27/100
|move|p2a: Great Tusk|Rapid Spin|p1a: Blaziken
|-damage|p1a: Blaziken|38/100
|-boost|p2a: Great Tusk|spe|1
|-sideend|p2: rubicouss|Stealth Rock|[from] move: Rapid Spin|[of] p2a: Great Tusk
|
|-weather|none
|-end|p2a: Great Tusk|Protosynthesis
|-ability|p1a: Blaziken|Speed Boost|boost
|-boost|p1a: Blaziken|spe|1
|upkeep
|turn|9
|
|t:|1776049694
|-end|p2a: Great Tusk|Protosynthesis|[silent]
|switch|p2a: Alomomola|Alomomola, F|100/100
|move|p1a: Blaziken|Fire Punch|p2a: Alomomola
|-resisted|p2a: Alomomola
|-damage|p2a: Alomomola|84/100
|
|-heal|p2a: Alomomola|90/100|[from] item: Leftovers
|-ability|p1a: Blaziken|Speed Boost|boost
|-boost|p1a: Blaziken|spe|1
|upkeep
|turn|10
|
|t:|1776049702
|move|p1a: Blaziken|Brick Break|p2a: Alomomola
|-damage|p2a: Alomomola|61/100
|move|p2a: Alomomola|Flip Turn|p1a: Blaziken
|-supereffective|p1a: Blaziken
|-damage|p1a: Blaziken|0 fnt
|faint|p1a: Blaziken
|
|t:|1776049713
|switch|p2a: Torkoal|Torkoal, M|100/100|[from] Flip Turn
|-weather|SunnyDay|[from] ability: Drought|[of] p2a: Torkoal
|
|-weather|SunnyDay|[upkeep]
|upkeep
|
|t:|1776049719
|switch|p1a: Hatterene|Hatterene, F|39/100
|turn|11
|
|t:|1776049731
|move|p1a: Hatterene|Draining Kiss|p2a: Torkoal
|-resisted|p2a: Torkoal
|-crit|p2a: Torkoal
|-damage|p2a: Torkoal|82/100
|-heal|p1a: Hatterene|55/100|[from] drain|[of] p2a: Torkoal
|move|p2a: Torkoal|Weather Ball|p1a: Hatterene
|-damage|p1a: Hatterene|8/100
|
|-weather|SunnyDay|[upkeep]
|-heal|p1a: Hatterene|14/100|[from] item: Leftovers
|upkeep
|turn|12
|
|t:|1776049743
|move|p1a: Hatterene|Draining Kiss|p2a: Torkoal
|-resisted|p2a: Torkoal
|-damage|p2a: Torkoal|68/100
|-heal|p1a: Hatterene|25/100|[from] drain|[of] p2a: Torkoal
|move|p2a: Torkoal|Weather Ball|p1a: Hatterene
|-damage|p1a: Hatterene|0 fnt
|faint|p1a: Hatterene
|
|-weather|SunnyDay|[upkeep]
|upkeep
|
|t:|1776049763
|switch|p1a: Raging Bolt|Raging Bolt|100/100
|-activate|p1a: Raging Bolt|ability: Protosynthesis
|-start|p1a: Raging Bolt|protosynthesisspa
|turn|13
|
|t:|1776049772
|switch|p2a: Alomomola|Alomomola, F|95/100
|move|p1a: Raging Bolt|Dragon Pulse|p2a: Alomomola
|-damage|p2a: Alomomola|48/100
|
|-weather|SunnyDay|[upkeep]
|-heal|p2a: Alomomola|55/100|[from] item: Leftovers
|upkeep
|turn|14
|
|t:|1776049780
|move|p2a: Alomomola|Protect|p2a: Alomomola
|-singleturn|p2a: Alomomola|Protect
|move|p1a: Raging Bolt|Thunderbolt|p2a: Alomomola
|-activate|p2a: Alomomola|move: Protect
|
|-weather|SunnyDay|[upkeep]
|-heal|p2a: Alomomola|61/100|[from] item: Leftovers
|upkeep
|turn|15
|
|t:|1776049788
|switch|p2a: Great Tusk|Great Tusk|27/100
|-activate|p2a: Great Tusk|ability: Protosynthesis
|-start|p2a: Great Tusk|protosynthesisatk
|move|p1a: Raging Bolt|Dragon Pulse|p2a: Great Tusk
|-damage|p2a: Great Tusk|0 fnt
|faint|p2a: Great Tusk
|-end|p2a: Great Tusk|Protosynthesis|[silent]
|
|-weather|SunnyDay|[upkeep]
|upkeep
|
|t:|1776049805
|switch|p2a: Ninetales|Ninetales, F|100/100
|turn|16
|
|t:|1776049814
|move|p2a: Ninetales|Memento|p1a: Raging Bolt
|-unboost|p1a: Raging Bolt|atk|2
|-unboost|p1a: Raging Bolt|spa|2
|faint|p2a: Ninetales
|move|p1a: Raging Bolt|Thunderbolt|p2: Ninetales|[notarget]
|-fail|p1a: Raging Bolt
|
|-weather|SunnyDay|[upkeep]
|upkeep
|
|t:|1776049820
|switch|p2a: Victreebel|Victreebel, F|81/100
|turn|17
|
|t:|1776049831
|move|p2a: Victreebel|Poison Jab|p1a: Raging Bolt
|-damage|p1a: Raging Bolt|61/100
|-status|p1a: Raging Bolt|psn
|-damage|p2a: Victreebel|71/100|[from] item: Life Orb
|move|p1a: Raging Bolt|Dragon Pulse|p2a: Victreebel
|-damage|p2a: Victreebel|11/100
|
|-weather|none
|-end|p1a: Raging Bolt|Protosynthesis
|-damage|p1a: Raging Bolt|49/100 psn|[from] psn
|upkeep
|-enditem|p1a: Raging Bolt|Booster Energy
|-activate|p1a: Raging Bolt|ability: Protosynthesis|[fromitem]
|-start|p1a: Raging Bolt|protosynthesisspe
|turn|18
|
|t:|1776049848
|switch|p2a: Alomomola|Alomomola, F|94/100
|move|p1a: Raging Bolt|Dragon Pulse|p2a: Alomomola
|-damage|p2a: Alomomola|76/100
|
|-heal|p2a: Alomomola|82/100|[from] item: Leftovers
|-damage|p1a: Raging Bolt|37/100 psn|[from] psn
|upkeep
|turn|19
|
|t:|1776049866
|-end|p1a: Raging Bolt|Protosynthesis|[silent]
|switch|p1a: Skarmory|Skarmory, M|13/100
|move|p2a: Alomomola|Wish|p2a: Alomomola
|
|-heal|p1a: Skarmory|19/100|[from] item: Leftovers
|-heal|p2a: Alomomola|89/100|[from] item: Leftovers
|upkeep
|turn|20
|
|t:|1776049877
|move|p1a: Skarmory|Stealth Rock|p2a: Alomomola
|-sidestart|p2: rubicouss|move: Stealth Rock
|move|p2a: Alomomola|Flip Turn|p1a: Skarmory
|-damage|p1a: Skarmory|9/100
|-message|rubicouss forfeited.
|
|win|Saito_21
|raw|Saito_21's rating: 1210 &rarr; <strong>1235</strong><br />(+25 for winning)
|raw|rubicouss's rating: 1207 &rarr; <strong>1182</strong><br />(-25 for losing)
|l|☆rubicouss
|player|p2|
|l|☆Saito_21
|player|p1|
