|html|<div class="broadcast-blue"><strong>[Gen 9] OU is currently suspecting Tera Blast! For information on how to participate check out the <a href="https://www.smogon.com/tools/suspects/view/200">suspect thread</a>.</strong></div>
|j|☆WarringPeace
|j|☆fflpe413.
|t:|1776032036
|gametype|singles
|player|p1|WarringPeace|richboy-gen4|1097
|player|p2|fflpe413.|169|1096
|gen|9
|tier|[Gen 9] OU
|rated|
|rule|HP Percentage Mod: HP is shown in percentages
|rule|Endless Battle Clause: Forcing endless battles is banned
|rule|Species Clause: Limit one of each Pokémon
|rule|OHKO Clause: OHKO moves are banned
|rule|Evasion Items Clause: Evasion items are banned
|rule|Evasion Moves Clause: Evasion moves are banned
|rule|Evasion Abilities Clause: Evasion abilities are banned
|rule|Sleep Moves Clause: Sleep-inducing moves are banned
|clearpoke
|poke|p1|Metagross|
|poke|p1|Keldeo-Resolute|
|poke|p1|Zoroark-Hisui, F|
|poke|p1|Clefable, M|
|poke|p1|Ninetales-Alola, F|
|poke|p1|Rhydon, F|
|poke|p2|Pelipper, F|
|poke|p2|Zapdos|
|poke|p2|Kingdra, F|
|poke|p2|Corviknight, M|
|poke|p2|Barraskewda, F|
|poke|p2|Landorus-Therian, M|
|teampreview
|inactive|Battle timer is ON: inactive players will automatically lose when time's up. (requested by fflpe413.)
|
|t:|1776032058
|teamsize|p1|6
|teamsize|p2|6
|start
|switch|p1a: Ninetales|Ninetales-Alola, F|100/100
|switch|p2a: Pelipper|Pelipper, F|100/100
|-weather|Snowscape|[from] ability: Snow Warning|[of] p1a: Ninetales
|-weather|RainDance|[from] ability: Drizzle|[of] p2a: Pelipper
|turn|1
|
|t:|1776032069
|move|p1a: Ninetales|Freeze-Dry|p2a: Pelipper
|-supereffective|p2a: Pelipper
|-damage|p2a: Pelipper|3/100
|move|p2a: Pelipper|Knock Off|p1a: Ninetales
|-resisted|p1a: Ninetales
|-damage|p1a: Ninetales|90/100
|-enditem|p1a: Ninetales|Light Clay|[from] move: Knock Off|[of] p2a: Pelipper
|
|-weather|RainDance|[upkeep]
|upkeep
|turn|2
|
|t:|1776032085
|switch|p2a: Corviknight|Corviknight, M|100/100
|-ability|p2a: Corviknight|Pressure
|move|p1a: Ninetales|Freeze-Dry|p2a: Corviknight
|-damage|p2a: Corviknight|73/100
|
|-weather|RainDance|[upkeep]
|upkeep
|turn|3
|
|t:|1776032098
|switch|p1a: Rhydon|Rhydon, F|100/100
|move|p2a: Corviknight|Iron Defense|p2a: Corviknight
|-boost|p2a: Corviknight|def|2
|
|-weather|RainDance|[upkeep]
|upkeep
|turn|4
|
|t:|1776032108
|-terastallize|p1a: Rhydon|Electric
|move|p2a: Corviknight|Body Press|p1a: Rhydon
|-damage|p1a: Rhydon|75/100
|move|p1a: Rhydon|Supercell Slam|p2a: Corviknight
|-supereffective|p2a: Corviknight
|-damage|p2a: Corviknight|38/100
|-damage|p1a: Rhydon|58/100|[from] item: Rocky Helmet|[of] p2a: Corviknight
|
|-weather|RainDance|[upkeep]
|upkeep
|turn|5
|
|t:|1776032119
|move|p2a: Corviknight|Body Press|p1a: Rhydon
|-damage|p1a: Rhydon|32/100
|move|p1a: Rhydon|Fire Punch|p2a: Corviknight
|-supereffective|p2a: Corviknight
|-damage|p2a: Corviknight|30/100
|-damage|p1a: Rhydon|15/100|[from] item: Rocky Helmet|[of] p2a: Corviknight
|
|-weather|RainDance|[upkeep]
|upkeep
|turn|6
|
|t:|1776032130
|move|p2a: Corviknight|Body Press|p1a: Rhydon
|-damage|p1a: Rhydon|0 fnt
|faint|p1a: Rhydon
|
|-weather|RainDance|[upkeep]
|upkeep
|
|t:|1776032140
|switch|p1a: Keldeo|Keldeo-Resolute|100/100
|turn|7
|
|t:|1776032149
|move|p1a: Keldeo|Surf|p2a: Corviknight
|-damage|p2a: Corviknight|0 fnt
|faint|p2a: Corviknight
|
|-weather|RainDance|[upkeep]
|upkeep
|
|t:|1776032154
|switch|p2a: Zapdos|Zapdos|100/100
|turn|8
|
|t:|1776032160
|switch|p1a: Ninetales|Ninetales-Alola, F|90/100
|-weather|Snowscape|[from] ability: Snow Warning|[of] p1a: Ninetales
|move|p2a: Zapdos|Thunder|p1a: Ninetales
|-damage|p1a: Ninetales|19/100
|-status|p1a: Ninetales|par
|
|-weather|Snowscape|[upkeep]
|upkeep
|turn|9
|
|t:|1776032174
|move|p2a: Zapdos|Weather Ball|p1a: Ninetales
|-resisted|p1a: Ninetales
|-damage|p1a: Ninetales|0 fnt
|faint|p1a: Ninetales
|
|-weather|Snowscape|[upkeep]
|upkeep
|
|t:|1776032179
|switch|p1a: Clefable|Clefable, M|100/100
|turn|10
|
|t:|1776032185
|move|p2a: Zapdos|Weather Ball|p1a: Clefable
|-damage|p1a: Clefable|77/100
|move|p1a: Clefable|Moonblast|p2a: Zapdos
|-damage|p2a: Zapdos|64/100
|-unboost|p2a: Zapdos|spa|1
|
|-weather|Snowscape|[upkeep]
|-heal|p1a: Clefable|83/100|[from] item: Leftovers
|upkeep
|turn|11
|
|t:|1776032201
|switch|p2a: Pelipper|Pelipper, F|3/100
|-weather|RainDance|[from] ability: Drizzle|[of] p2a: Pelipper
|move|p1a: Clefable|Moonblast|p2a: Pelipper
|-damage|p2a: Pelipper|0 fnt
|faint|p2a: Pelipper
|
|-weather|RainDance|[upkeep]
|-heal|p1a: Clefable|90/100|[from] item: Leftovers
|upkeep
|
|t:|1776032210
|switch|p2a: Zapdos|Zapdos|64/100
|turn|12
|
|t:|1776032221
|switch|p1a: Metagross|Metagross|100/100
|move|p2a: Zapdos|Thunder|p1a: Metagross
|-damage|p1a: Metagross|41/100
|-status|p1a: Metagross|par
|
|-weather|RainDance|[upkeep]
|upkeep
|turn|13
|
|t:|1776032233
|cant|p1a: Metagross|par
|move|p2a: Zapdos|Thunder|p1a: Metagross
|-damage|p1a: Metagross|0 fnt
|faint|p1a: Metagross
|
|-weather|RainDance|[upkeep]
|upkeep
|
|t:|1776032240
|switch|p1a: Keldeo|Keldeo-Resolute|100/100
|turn|14
|
|t:|1776032244
|move|p1a: Keldeo|Surf|p2a: Zapdos
|-damage|p2a: Zapdos|0 fnt
|faint|p2a: Zapdos
|
|-weather|RainDance|[upkeep]
|upkeep
|
|t:|1776032255
|switch|p2a: Kingdra|Kingdra, F, shiny|100/100
|turn|15
|
|t:|1776032261
|switch|p1a: Clefable|Clefable, M|90/100
|move|p2a: Kingdra|Draco Meteor|p1a: Clefable
|-immune|p1a: Clefable
|
|-weather|RainDance|[upkeep]
|-heal|p1a: Clefable|96/100|[from] item: Leftovers
|upkeep
|turn|16
|
|t:|1776032271
|move|p2a: Kingdra|Flip Turn|p1a: Clefable
|-damage|p1a: Clefable|60/100
|-damage|p2a: Kingdra|91/100|[from] item: Life Orb
|
|t:|1776032278
|switch|p2a: Landorus|Landorus-Therian, M, shiny|100/100|[from] Flip Turn
|-ability|p2a: Landorus|Intimidate|boost
|-unboost|p1a: Clefable|atk|1
|move|p1a: Clefable|Moonblast|p2a: Landorus
|-damage|p2a: Landorus|63/100
|
|-weather|RainDance|[upkeep]
|-heal|p1a: Clefable|66/100|[from] item: Leftovers
|upkeep
|turn|17
|
|t:|1776032291
|move|p1a: Clefable|Protect|p1a: Clefable
|-singleturn|p1a: Clefable|Protect
|move|p2a: Landorus|Stealth Rock|p1a: Clefable
|-sidestart|p1: WarringPeace|move: Stealth Rock
|
|-weather|RainDance|[upkeep]
|-heal|p1a: Clefable|72/100|[from] item: Leftovers
|upkeep
|turn|18
|
|t:|1776032300
|move|p2a: Landorus|Earthquake|p1a: Clefable
|-damage|p1a: Clefable|0 fnt
|faint|p1a: Clefable
|
|-weather|none
|upkeep
|
|t:|1776032314
|switch|p1a: Keldeo|Keldeo-Resolute|100/100
|-damage|p1a: Keldeo|94/100|[from] Stealth Rock
|turn|19
|
|t:|1776032323
|move|p1a: Keldeo|Air Slash|p2a: Landorus
|-damage|p2a: Landorus|14/100
|move|p2a: Landorus|U-turn|p1a: Keldeo
|-resisted|p1a: Keldeo
|-damage|p1a: Keldeo|79/100
|
|t:|1776032329
|switch|p2a: Barraskewda|Barraskewda, F|100/100|[from] U-turn
|
|upkeep
|turn|20
|
|t:|1776032334
|move|p2a: Barraskewda|Liquidation|p1a: Keldeo
|-resisted|p1a: Keldeo
|-damage|p1a: Keldeo|42/100
|-unboost|p1a: Keldeo|def|1
|move|p1a: Keldeo|Air Slash|p2a: Barraskewda
|-crit|p2a: Barraskewda
|-damage|p2a: Barraskewda|0 fnt
|faint|p2a: Barraskewda
|
|upkeep
|
|t:|1776032342
|switch|p2a: Kingdra|Kingdra, F, shiny|91/100
|turn|21
|
|t:|1776032346
|move|p1a: Keldeo|Air Slash|p2a: Kingdra
|-damage|p2a: Kingdra|42/100
|move|p2a: Kingdra|Draco Meteor|p1a: Keldeo
|-damage|p1a: Keldeo|0 fnt
|-unboost|p2a: Kingdra|spa|2
|faint|p1a: Keldeo
|-damage|p2a: Kingdra|32/100|[from] item: Life Orb
|
|upkeep
|
|t:|1776032353
|switch|p1a: Zoroark|Zoroark-Hisui, F|100/100
|-damage|p1a: Zoroark|88/100|[from] Stealth Rock
|turn|22
|
|t:|1776032362
|move|p1a: Zoroark|Tera Blast|p2a: Kingdra
|-damage|p2a: Kingdra|0 fnt
|faint|p2a: Kingdra
|
|upkeep
|
|t:|1776032367
|switch|p2a: Landorus|Landorus-Therian, M, shiny|14/100
|-ability|p2a: Landorus|Intimidate|boost
|-unboost|p1a: Zoroark|atk|1
|turn|23
|
|t:|1776032374
|move|p1a: Zoroark|Tera Blast|p2a: Landorus
|-damage|p2a: Landorus|0 fnt
|faint|p2a: Landorus
|
|win|WarringPeace
|raw|WarringPeace's rating: 1097 &rarr; <strong>1122</strong><br />(+25 for winning)
|raw|fflpe413.'s rating: 1096 &rarr; <strong>1072</strong><br />(-24 for losing)
|l|☆WarringPeace
|player|p1|
|l|☆fflpe413.
|player|p2|
