|html|<div class="broadcast-blue"><strong>[Gen 9] OU is currently suspecting Tera Blast! For information on how to participate check out the <a href="https://www.smogon.com/tools/suspects/view/200">suspect thread</a>.</strong></div>
|j|☆UBER DRIVERR
|j|☆Rocket Boss 75
|t:|1776046914
|gametype|singles
|player|p1|UBER DRIVERR|melony|1118
|player|p2|Rocket Boss 75|rocketgruntf|1135
|gen|9
|tier|[Gen 9] OU
|rated|
|rule|HP Percentage Mod: HP is shown in percentages
|rule|Endless Battle Clause: Forcing endless battles is banned
|rule|Species Clause: Limit one of each Pokémon
|rule|OHKO Clause: OHKO moves are banned
|rule|Evasion Items Clause: Evasion items are banned
|rule|Evasion Moves Clause: Evasion moves are banned
|rule|Evasion Abilities Clause: Evasion abilities are banned
|rule|Sleep Moves Clause: Sleep-inducing moves are banned
|clearpoke
|poke|p1|Articuno-Galar|
|poke|p1|Cinderace, F|
|poke|p1|Kingambit, M|
|poke|p1|Araquanid, F|
|poke|p1|Serperior, F|
|poke|p1|Hatterene, F|
|poke|p2|Hoopa-Unbound|
|poke|p2|Dragapult, F|
|poke|p2|Gholdengo|
|poke|p2|Tyranitar, M|
|poke|p2|Persian, F|
|poke|p2|Corviknight, M|
|teampreview
|inactive|Battle timer is ON: inactive players will automatically lose when time's up. (requested by UBER DRIVERR)
|
|t:|1776046933
|teamsize|p1|6
|teamsize|p2|6
|start
|switch|p1a: Araquanid|Araquanid, F|100/100
|switch|p2a: Royalty|Persian, F|100/100
|turn|1
|
|t:|1776046937
|move|p2a: Royalty|Fake Out|p1a: Araquanid
|-damage|p1a: Araquanid|81/100
|cant|p1a: Araquanid|flinch
|
|upkeep
|turn|2
|
|t:|1776046942
|move|p2a: Royalty|U-turn|p1a: Araquanid
|-damage|p1a: Araquanid|65/100
|
|t:|1776046951
|switch|p2a: Akuma|Hoopa-Unbound|100/100|[from] U-turn
|move|p1a: Araquanid|Sticky Web|p2a: Akuma
|-sidestart|p2: Rocket Boss 75|move: Sticky Web
|
|upkeep
|turn|3
|
|t:|1776046958
|move|p1a: Araquanid|Endure|p1a: Araquanid
|-singleturn|p1a: Araquanid|move: Endure
|move|p2a: Akuma|Nasty Plot|p2a: Akuma
|-boost|p2a: Akuma|spa|2
|
|upkeep
|turn|4
|
|t:|1776046964
|move|p2a: Akuma|Hyperspace Fury|p1a: Araquanid
|-damage|p1a: Araquanid|12/100
|-unboost|p2a: Akuma|def|1
|move|p1a: Araquanid|Surf|p2a: Akuma
|-damage|p2a: Akuma|63/100
|
|-heal|p2a: Akuma|69/100|[from] item: Leftovers
|upkeep
|turn|5
|-enditem|p1a: Araquanid|Custap Berry|[eat]
|-activate|p1a: Araquanid|item: Custap Berry|[consumed]
|
|t:|1776046973
|move|p1a: Araquanid|Endeavor|p2a: Akuma
|-damage|p2a: Akuma|11/100
|move|p2a: Akuma|Hyperspace Fury|p1a: Araquanid
|-damage|p1a: Araquanid|0 fnt
|-unboost|p2a: Akuma|def|1
|faint|p1a: Araquanid
|
|-heal|p2a: Akuma|17/100|[from] item: Leftovers
|upkeep
|
|t:|1776046976
|switch|p1a: Cinderace|Cinderace, F|100/100
|turn|6
|
|t:|1776046985
|move|p1a: Cinderace|Pyro Ball|p2a: Akuma
|-damage|p2a: Akuma|0 fnt
|faint|p2a: Akuma
|
|upkeep
|
|t:|1776046993
|switch|p2a: Throne|Tyranitar, M, shiny|100/100
|-activate|p2a: Throne|move: Sticky Web
|-unboost|p2a: Throne|spe|1
|-weather|Sandstorm|[from] ability: Sand Stream|[of] p2a: Throne
|turn|7
|
|t:|1776046999
|move|p1a: Cinderace|Will-O-Wisp|p2a: Throne
|-status|p2a: Throne|brn
|move|p2a: Throne|Dragon Dance|p2a: Throne
|-boost|p2a: Throne|atk|1
|-boost|p2a: Throne|spe|1
|
|-weather|Sandstorm|[upkeep]
|-damage|p1a: Cinderace|95/100|[from] Sandstorm
|-damage|p2a: Throne|94/100 brn|[from] brn
|upkeep
|turn|8
|
|t:|1776047009
|move|p1a: Cinderace|Court Change|p1a: Cinderace
|-swapsideconditions
|-activate|p1a: Cinderace|move: Court Change
|move|p2a: Throne|Crunch|p1a: Cinderace
|-damage|p1a: Cinderace|47/100
|-unboost|p1a: Cinderace|def|1
|
|-weather|Sandstorm|[upkeep]
|-damage|p1a: Cinderace|41/100|[from] Sandstorm
|-heal|p2a: Throne|100/100 brn|[from] item: Leftovers
|-damage|p2a: Throne|94/100 brn|[from] brn
|upkeep
|turn|9
|
|t:|1776047018
|move|p1a: Cinderace|Pyro Ball|p2a: Throne
|-resisted|p2a: Throne
|-damage|p2a: Throne|68/100 brn
|move|p2a: Throne|Crunch|p1a: Cinderace
|-damage|p1a: Cinderace|0 fnt
|faint|p1a: Cinderace
|
|-weather|Sandstorm|[upkeep]
|-heal|p2a: Throne|74/100 brn|[from] item: Leftovers
|-damage|p2a: Throne|68/100 brn|[from] brn
|upkeep
|
|t:|1776047028
|switch|p1a: Serperior|Serperior, F|100/100
|-activate|p1a: Serperior|move: Sticky Web
|-boost|p1a: Serperior|spe|1
|turn|10
|
|t:|1776047039
|-terastallize|p2a: Throne|Fire
|move|p1a: Serperior|Leaf Storm|p2a: Throne
|-resisted|p2a: Throne
|-damage|p2a: Throne|45/100 brn
|-boost|p1a: Serperior|spa|2
|move|p2a: Throne|Fire Fang|p1a: Serperior
|-supereffective|p1a: Serperior
|-damage|p1a: Serperior|27/100
|
|-weather|Sandstorm|[upkeep]
|-damage|p1a: Serperior|21/100|[from] Sandstorm
|-damage|p2a: Throne|39/100 brn|[from] Sandstorm
|-heal|p1a: Serperior|27/100|[from] item: Leftovers
|-heal|p2a: Throne|45/100 brn|[from] item: Leftovers
|-damage|p2a: Throne|39/100 brn|[from] brn
|upkeep
|turn|11
|
|t:|1776047056
|move|p1a: Serperior|Leaf Storm|p2a: Throne
|-resisted|p2a: Throne
|-damage|p2a: Throne|0 fnt
|-boost|p1a: Serperior|spa|2
|faint|p2a: Throne
|
|-weather|none
|-heal|p1a: Serperior|33/100|[from] item: Leftovers
|upkeep
|
|t:|1776047070
|switch|p2a: Lust|Dragapult, F|100/100
|turn|12
|
|t:|1776047074
|move|p2a: Lust|Sucker Punch|p1a: Serperior
|-damage|p1a: Serperior|0 fnt
|faint|p1a: Serperior
|
|upkeep
|
|t:|1776047077
|switch|p1a: Articuno|Articuno-Galar|100/100
|-activate|p1a: Articuno|move: Sticky Web
|-unboost|p1a: Articuno|spe|1
|-ability|p1a: Articuno|Competitive|boost
|-boost|p1a: Articuno|spa|2
|turn|13
|
|t:|1776047107
|switch|p2a: Disgrace|Gholdengo|100/100
|move|p1a: Articuno|Trick Room|p1a: Articuno
|-fieldstart|move: Trick Room|[of] p1a: Articuno
|
|upkeep
|turn|14
|
|t:|1776047118
|switch|p1a: Kingambit|Kingambit, M|100/100
|-activate|p1a: Kingambit|move: Sticky Web
|-unboost|p1a: Kingambit|spe|1
|-ability|p1a: Kingambit|Defiant|boost
|-boost|p1a: Kingambit|atk|2
|move|p2a: Disgrace|Trick|p1a: Kingambit
|-activate|p2a: Disgrace|move: Trick|[of] p1a: Kingambit
|-item|p1a: Kingambit|Choice Scarf|[from] move: Trick
|-item|p2a: Disgrace|Black Glasses|[from] move: Trick
|
|upkeep
|turn|15
|inactive|Rocket Boss 75 has 120 seconds left.
|
|t:|1776047134
|switch|p2a: Knight|Corviknight, M, shiny|100/100
|move|p1a: Kingambit|Kowtow Cleave|p2a: Knight
|-damage|p2a: Knight|39/100
|-damage|p1a: Kingambit|84/100|[from] item: Rocky Helmet|[of] p2a: Knight
|
|upkeep
|turn|16
|inactive|Rocket Boss 75 has 120 seconds left.
|
|t:|1776047149
|move|p1a: Kingambit|Kowtow Cleave|p2a: Knight
|-damage|p2a: Knight|0 fnt
|-damage|p1a: Kingambit|67/100|[from] item: Rocky Helmet|[of] p2a: Knight
|faint|p2a: Knight
|
|upkeep
|inactive|Rocket Boss 75 has 120 seconds left.
|
|t:|1776047157
|switch|p2a: Royalty|Persian, F|100/100
|turn|17
|
|t:|1776047161
|move|p2a: Royalty|Fake Out|p1a: Kingambit
|-resisted|p1a: Kingambit
|-damage|p1a: Kingambit|60/100
|cant|p1a: Kingambit|flinch
|
|-fieldend|move: Trick Room
|upkeep
|turn|18
|
|t:|1776047174
|move|p2a: Royalty|U-turn|p1a: Kingambit
|-damage|p1a: Kingambit|49/100
|inactive|Rocket Boss 75 has 120 seconds left.
|
|t:|1776047206
|switch|p2a: Disgrace|Gholdengo|100/100|[from] U-turn
|move|p1a: Kingambit|Kowtow Cleave|p2a: Disgrace
|-supereffective|p2a: Disgrace
|-damage|p2a: Disgrace|0 fnt
|faint|p2a: Disgrace
|
|upkeep
|c|☆UBER DRIVERR|Wrong sack imi
|
|t:|1776047220
|switch|p2a: Royalty|Persian, F|100/100
|turn|19
|
|t:|1776047227
|move|p2a: Royalty|Fake Out|p1a: Kingambit
|-resisted|p1a: Kingambit
|-damage|p1a: Kingambit|40/100
|cant|p1a: Kingambit|flinch
|
|upkeep
|turn|20
|
|t:|1776047234
|move|p2a: Royalty|Taunt|p1a: Kingambit
|-start|p1a: Kingambit|move: Taunt
|move|p1a: Kingambit|Kowtow Cleave|p2a: Royalty
|-enditem|p2a: Royalty|Focus Sash
|-damage|p2a: Royalty|1/100
|
|upkeep
|turn|21
|
|t:|1776047243
|move|p2a: Royalty|Knock Off|p1a: Kingambit
|-resisted|p1a: Kingambit
|-damage|p1a: Kingambit|33/100
|-enditem|p1a: Kingambit|Choice Scarf|[from] move: Knock Off|[of] p2a: Royalty
|move|p1a: Kingambit|Kowtow Cleave|p2a: Royalty
|-damage|p2a: Royalty|0 fnt
|faint|p2a: Royalty
|
|upkeep
|
|t:|1776047251
|switch|p2a: Lust|Dragapult, F|100/100
|turn|22
|
|t:|1776047258
|move|p1a: Kingambit|Sucker Punch|p2a: Lust
|-supereffective|p2a: Lust
|-crit|p2a: Lust
|-damage|p2a: Lust|0 fnt
|faint|p2a: Lust
|
|win|UBER DRIVERR
|raw|UBER DRIVERR's rating: 1118 &rarr; <strong>1144</strong><br />(+26 for winning)
|raw|Rocket Boss 75's rating: 1135 &rarr; <strong>1109</strong><br />(-26 for losing)
|l|☆UBER DRIVERR
|player|p1|
