|html|<div class="broadcast-blue"><strong>[Gen 9] OU is currently suspecting Tera Blast! For information on how to participate check out the <a href="https://www.smogon.com/tools/suspects/view/200">suspect thread</a>.</strong></div>
|j|☆Rotom is my mom
|j|☆Colin Prime
|t:|1776092060
|gametype|singles
|player|p1|Rotom is my mom|acetrainer-gen2|1596
|player|p2|Colin Prime|iris-gen5bw2|1526
|gen|9
|tier|[Gen 9] OU
|rated|
|rule|HP Percentage Mod: HP is shown in percentages
|rule|Endless Battle Clause: Forcing endless battles is banned
|rule|Species Clause: Limit one of each Pokémon
|rule|OHKO Clause: OHKO moves are banned
|rule|Evasion Items Clause: Evasion items are banned
|rule|Evasion Moves Clause: Evasion moves are banned
|rule|Evasion Abilities Clause: Evasion abilities are banned
|rule|Sleep Moves Clause: Sleep-inducing moves are banned
|clearpoke
|poke|p1|Ting-Lu|
|poke|p1|Darkrai|
|poke|p1|Dragonite, M|
|poke|p1|Pecharunt|
|poke|p1|Gholdengo|
|poke|p1|Iron Valiant|
|poke|p2|Torkoal, F|
|poke|p2|Hatterene, F|
|poke|p2|Typhlosion-Hisui, M|
|poke|p2|Walking Wake|
|poke|p2|Great Tusk|
|poke|p2|Sandy Shocks|
|teampreview
|inactive|Battle timer is ON: inactive players will automatically lose when time's up. (requested by Rotom is my mom)
|
|t:|1776092070
|teamsize|p1|6
|teamsize|p2|6
|start
|switch|p1a: Ting-Lu|Ting-Lu|100/100
|switch|p2a: Walking Wake|Walking Wake|100/100
|-ability|p1a: Ting-Lu|Vessel of Ruin
|turn|1
|
|t:|1776092077
|-terastallize|p2a: Walking Wake|Water
|move|p2a: Walking Wake|Hydro Steam|p1a: Ting-Lu
|-supereffective|p1a: Ting-Lu
|-damage|p1a: Ting-Lu|32/100
|move|p1a: Ting-Lu|Ruination|p2a: Walking Wake
|-damage|p2a: Walking Wake|51/100
|
|-heal|p1a: Ting-Lu|38/100|[from] item: Leftovers
|upkeep
|turn|2
|
|t:|1776092092
|switch|p1a: Gholdengo|Gholdengo|100/100
|move|p2a: Walking Wake|Hydro Steam|p1a: Gholdengo
|-damage|p1a: Gholdengo|8/100
|
|upkeep
|turn|3
|
|t:|1776092100
|move|p1a: Gholdengo|Shadow Ball|p2a: Walking Wake
|-damage|p2a: Walking Wake|0 fnt
|faint|p2a: Walking Wake
|-end|p2a: Walking Wake|Protosynthesis|[silent]
|
|upkeep
|
|t:|1776092108
|switch|p2a: Sandy Shocks|Sandy Shocks|100/100
|turn|4
|
|t:|1776092112
|switch|p1a: Ting-Lu|Ting-Lu|38/100
|-ability|p1a: Ting-Lu|Vessel of Ruin
|move|p2a: Sandy Shocks|Stealth Rock|p1a: Ting-Lu
|-sidestart|p1: Rotom is my mom|move: Stealth Rock
|
|-heal|p1a: Ting-Lu|44/100|[from] item: Leftovers
|upkeep
|turn|5
|
|t:|1776092118
|-end|p2a: Sandy Shocks|Protosynthesis|[silent]
|switch|p2a: Hatterene|Hatterene, F|100/100
|move|p1a: Ting-Lu|Ruination|p2a: Hatterene
|-damage|p2a: Hatterene|51/100
|-enditem|p2a: Hatterene|Eject Button
|
|t:|1776092124
|switch|p2a: Great Tusk|Great Tusk|100/100
|
|-heal|p1a: Ting-Lu|51/100|[from] item: Leftovers
|upkeep
|turn|6
|
|t:|1776092129
|switch|p1a: Pecharunt|Pecharunt|100/100
|-damage|p1a: Pecharunt|88/100|[from] Stealth Rock
|move|p2a: Great Tusk|Ice Spinner|p1a: Pecharunt
|-damage|p1a: Pecharunt|69/100
|-damage|p2a: Great Tusk|84/100|[from] item: Rocky Helmet|[of] p1a: Pecharunt
|
|upkeep
|turn|7
|
|t:|1776092135
|-end|p2a: Great Tusk|Protosynthesis|[silent]
|switch|p2a: Torkoal|Torkoal, F|100/100
|-weather|SunnyDay|[from] ability: Drought|[of] p2a: Torkoal
|move|p1a: Pecharunt|Recover|p1a: Pecharunt
|-heal|p1a: Pecharunt|100/100
|
|-weather|SunnyDay|[upkeep]
|upkeep
|turn|8
|
|t:|1776092141
|switch|p2a: Hatterene|Hatterene, F|51/100
|move|p1a: Pecharunt|Malignant Chain|p2a: Hatterene
|-supereffective|p2a: Hatterene
|-damage|p2a: Hatterene|0 fnt
|faint|p2a: Hatterene
|
|-weather|SunnyDay|[upkeep]
|upkeep
|
|t:|1776092144
|switch|p2a: Typhlosion|Typhlosion-Hisui, M|100/100
|turn|9
|
|t:|1776092161
|switch|p1a: Ting-Lu|Ting-Lu|51/100
|-damage|p1a: Ting-Lu|44/100|[from] Stealth Rock
|-ability|p1a: Ting-Lu|Vessel of Ruin
|move|p2a: Typhlosion|Eruption|p1a: Ting-Lu
|-damage|p1a: Ting-Lu|0 fnt
|faint|p1a: Ting-Lu
|
|-weather|SunnyDay|[upkeep]
|upkeep
|
|t:|1776092164
|switch|p1a: Iron Valiant|Iron Valiant|100/100
|-damage|p1a: Iron Valiant|94/100|[from] Stealth Rock
|-enditem|p1a: Iron Valiant|Booster Energy
|-activate|p1a: Iron Valiant|ability: Quark Drive|[fromitem]
|-start|p1a: Iron Valiant|quarkdrivespe
|turn|10
|inactive|Colin Prime has 120 seconds left.
|
|t:|1776092198
|switch|p2a: Torkoal|Torkoal, F|100/100
|move|p1a: Iron Valiant|Knock Off|p2a: Torkoal
|-damage|p2a: Torkoal|84/100
|-enditem|p2a: Torkoal|Heat Rock|[from] move: Knock Off|[of] p1a: Iron Valiant
|
|-weather|SunnyDay|[upkeep]
|upkeep
|turn|11
|
|t:|1776092207
|move|p1a: Iron Valiant|Close Combat|p2a: Torkoal
|-damage|p2a: Torkoal|55/100
|-unboost|p1a: Iron Valiant|def|1
|-unboost|p1a: Iron Valiant|spd|1
|move|p2a: Torkoal|Lava Plume|p1a: Iron Valiant
|-damage|p1a: Iron Valiant|0 fnt
|faint|p1a: Iron Valiant
|-end|p1a: Iron Valiant|Quark Drive|[silent]
|
|-weather|SunnyDay|[upkeep]
|upkeep
|
|t:|1776092214
|switch|p1a: Darkrai|Darkrai|100/100
|turn|12
|
|t:|1776092220
|switch|p2a: Sandy Shocks|Sandy Shocks|100/100
|-activate|p2a: Sandy Shocks|ability: Protosynthesis
|-start|p2a: Sandy Shocks|protosynthesisspe
|move|p1a: Darkrai|Dark Pulse|p2a: Sandy Shocks
|-damage|p2a: Sandy Shocks|53/100
|
|-weather|SunnyDay|[upkeep]
|upkeep
|turn|13
|
|t:|1776092230
|move|p2a: Sandy Shocks|Thunderbolt|p1a: Darkrai
|-damage|p1a: Darkrai|48/100
|move|p1a: Darkrai|Dark Pulse|p2a: Sandy Shocks
|-damage|p2a: Sandy Shocks|4/100
|
|-weather|SunnyDay|[upkeep]
|upkeep
|turn|14
|
|t:|1776092245
|move|p2a: Sandy Shocks|Thunderbolt|p1a: Darkrai
|-damage|p1a: Darkrai|0 fnt
|faint|p1a: Darkrai
|
|-weather|none
|-end|p2a: Sandy Shocks|Protosynthesis
|upkeep
|
|t:|1776092250
|switch|p1a: Dragonite|Dragonite, M|100/100
|turn|15
|
|t:|1776092256
|move|p1a: Dragonite|Extreme Speed|p2a: Sandy Shocks
|-damage|p2a: Sandy Shocks|0 fnt
|faint|p2a: Sandy Shocks
|-end|p2a: Sandy Shocks|Protosynthesis|[silent]
|
|upkeep
|
|t:|1776092265
|switch|p2a: Great Tusk|Great Tusk|84/100
|turn|16
|
|t:|1776092271
|-terastallize|p1a: Dragonite|Flying
|move|p2a: Great Tusk|Ice Spinner|p1a: Dragonite
|-supereffective|p1a: Dragonite
|-damage|p1a: Dragonite|54/100
|move|p1a: Dragonite|Dragon Dance|p1a: Dragonite
|-boost|p1a: Dragonite|atk|1
|-boost|p1a: Dragonite|spe|1
|
|upkeep
|turn|17
|
|t:|1776092278
|move|p1a: Dragonite|Tera Blast|p2a: Great Tusk|[anim] Tera Blast Flying
|-supereffective|p2a: Great Tusk
|-damage|p2a: Great Tusk|0 fnt
|faint|p2a: Great Tusk
|-end|p2a: Great Tusk|Protosynthesis|[silent]
|
|upkeep
|
|t:|1776092288
|switch|p2a: Typhlosion|Typhlosion-Hisui, M|100/100
|turn|18
|
|t:|1776092296
|move|p2a: Typhlosion|Eruption|p1a: Dragonite
|-damage|p1a: Dragonite|0 fnt
|faint|p1a: Dragonite
|
|upkeep
|
|t:|1776092302
|switch|p1a: Pecharunt|Pecharunt|100/100
|-damage|p1a: Pecharunt|88/100|[from] Stealth Rock
|turn|19
|
|t:|1776092305
|switch|p2a: Torkoal|Torkoal, F|55/100
|-weather|SunnyDay|[from] ability: Drought|[of] p2a: Torkoal
|move|p1a: Pecharunt|Shadow Ball|p2a: Torkoal
|-damage|p2a: Torkoal|24/100
|
|-weather|SunnyDay|[upkeep]
|upkeep
|turn|20
|
|t:|1776092312
|move|p1a: Pecharunt|Recover|p1a: Pecharunt
|-heal|p1a: Pecharunt|100/100
|move|p2a: Torkoal|Lava Plume|p1a: Pecharunt
|-damage|p1a: Pecharunt|62/100
|
|-weather|SunnyDay|[upkeep]
|upkeep
|turn|21
|
|t:|1776092321
|move|p1a: Pecharunt|Recover|p1a: Pecharunt
|-heal|p1a: Pecharunt|100/100
|move|p2a: Torkoal|Lava Plume|p1a: Pecharunt
|-damage|p1a: Pecharunt|64/100
|
|-weather|SunnyDay|[upkeep]
|upkeep
|turn|22
|
|t:|1776092328
|move|p1a: Pecharunt|Recover|p1a: Pecharunt
|-heal|p1a: Pecharunt|100/100
|move|p2a: Torkoal|Lava Plume|p1a: Pecharunt
|-damage|p1a: Pecharunt|65/100
|
|-weather|SunnyDay|[upkeep]
|upkeep
|turn|23
|
|t:|1776092336
|switch|p2a: Typhlosion|Typhlosion-Hisui, M|100/100
|move|p1a: Pecharunt|Shadow Ball|p2a: Typhlosion
|-supereffective|p2a: Typhlosion
|-damage|p2a: Typhlosion|38/100
|
|-weather|none
|upkeep
|turn|24
|
|t:|1776092343
|move|p2a: Typhlosion|Shadow Ball|p1a: Pecharunt
|-supereffective|p1a: Pecharunt
|-damage|p1a: Pecharunt|0 fnt
|faint|p1a: Pecharunt
|
|upkeep
|
|t:|1776092345
|switch|p1a: Gholdengo|Gholdengo|8/100
|-damage|p1a: Gholdengo|2/100|[from] Stealth Rock
|turn|25
|
|t:|1776092347
|move|p1a: Gholdengo|Shadow Ball|p2a: Typhlosion
|-supereffective|p2a: Typhlosion
|-damage|p2a: Typhlosion|0 fnt
|faint|p2a: Typhlosion
|
|upkeep
|
|t:|1776092351
|switch|p2a: Torkoal|Torkoal, F|24/100
|-weather|SunnyDay|[from] ability: Drought|[of] p2a: Torkoal
|turn|26
|
|t:|1776092356
|move|p1a: Gholdengo|Shadow Ball|p2a: Torkoal
|-damage|p2a: Torkoal|0 fnt
|faint|p2a: Torkoal
|
|win|Rotom is my mom
|raw|Rotom is my mom's rating: 1596 &rarr; <strong>1612</strong><br />(+16 for winning)
|raw|Colin Prime's rating: 1526 &rarr; <strong>1510</strong><br />(-16 for losing)
|c|☆Colin Prime|gg
|c|☆Rotom is my mom|wp
|l|☆Rotom is my mom
|player|p1|
|l|☆Colin Prime
|player|p2|
