|html|<div class="broadcast-blue"><strong>[Gen 9] OU is currently suspecting Tera Blast! For information on how to participate check out the <a href="https://www.smogon.com/tools/suspects/view/200">suspect thread</a>.</strong></div>
|j|☆red123x
|j|☆WeR#4Hay!
|t:|1776041590
|gametype|singles
|player|p1|red123x|266|1606
|player|p2|WeR#4Hay!|101|1627
|gen|9
|tier|[Gen 9] OU
|rated|
|rule|HP Percentage Mod: HP is shown in percentages
|rule|Endless Battle Clause: Forcing endless battles is banned
|rule|Species Clause: Limit one of each Pokémon
|rule|OHKO Clause: OHKO moves are banned
|rule|Evasion Items Clause: Evasion items are banned
|rule|Evasion Moves Clause: Evasion moves are banned
|rule|Evasion Abilities Clause: Evasion abilities are banned
|rule|Sleep Moves Clause: Sleep-inducing moves are banned
|clearpoke
|poke|p1|Iron Treads|
|poke|p1|Ninetales-Alola, M|
|poke|p1|Gholdengo|
|poke|p1|Hawlucha, M|
|poke|p1|Garchomp, F|
|poke|p1|Ursaluna, F|
|poke|p2|Lokix, F|
|poke|p2|Garganacl, F|
|poke|p2|Iron Treads|
|poke|p2|Alomomola, F|
|poke|p2|Tornadus-Therian, M|
|poke|p2|Weezing-Galar, F|
|teampreview
|j| ohko_smeargle
|inactive|Battle timer is ON: inactive players will automatically lose when time's up. (requested by red123x)
|
|t:|1776041602
|teamsize|p1|6
|teamsize|p2|6
|start
|switch|p1a: Iron Treads|Iron Treads|100/100
|switch|p2a: Sakamoto|Tornadus-Therian, M|100/100
|-enditem|p1a: Iron Treads|Booster Energy
|-activate|p1a: Iron Treads|ability: Quark Drive|[fromitem]
|-start|p1a: Iron Treads|quarkdrivespe
|turn|1
|
|t:|1776041610
|move|p1a: Iron Treads|Knock Off|p2a: Sakamoto
|-damage|p2a: Sakamoto|65/100
|-enditem|p2a: Sakamoto|Assault Vest|[from] move: Knock Off|[of] p1a: Iron Treads
|move|p2a: Sakamoto|Heat Wave|p1a: Iron Treads
|-supereffective|p1a: Iron Treads
|-damage|p1a: Iron Treads|29/100
|-status|p1a: Iron Treads|brn
|
|-damage|p1a: Iron Treads|23/100 brn|[from] brn
|upkeep
|turn|2
|
|t:|1776041616
|move|p1a: Iron Treads|Stealth Rock|p2a: Sakamoto
|-sidestart|p2: WeR#4Hay!|move: Stealth Rock
|move|p2a: Sakamoto|Heat Wave|p1a: Iron Treads
|-supereffective|p1a: Iron Treads
|-damage|p1a: Iron Treads|0 fnt
|faint|p1a: Iron Treads
|-end|p1a: Iron Treads|Quark Drive|[silent]
|
|upkeep
|
|t:|1776041623
|switch|p1a: Garchomp|Garchomp, F|100/100
|turn|3
|
|t:|1776041639
|move|p2a: Sakamoto|Knock Off|p1a: Garchomp
|-damage|p1a: Garchomp|80/100
|-damage|p2a: Sakamoto|52/100|[from] ability: Rough Skin|[of] p1a: Garchomp
|-enditem|p1a: Garchomp|Loaded Dice|[from] move: Knock Off|[of] p2a: Sakamoto
|move|p1a: Garchomp|Scale Shot|p2a: Sakamoto
|-damage|p2a: Sakamoto|37/100
|-damage|p2a: Sakamoto|23/100
|-damage|p2a: Sakamoto|8/100
|-damage|p2a: Sakamoto|0 fnt
|faint|p2a: Sakamoto
|-hitcount|p2: Sakamoto|4
|-unboost|p1a: Garchomp|def|1
|-boost|p1a: Garchomp|spe|1
|
|upkeep
|
|t:|1776041653
|switch|p2a: Hakase|Weezing-Galar, F|100/100
|-ability|p2a: Hakase|Neutralizing Gas
|turn|4
|
|t:|1776041657
|move|p1a: Garchomp|Earthquake|p2a: Hakase
|-supereffective|p2a: Hakase
|-damage|p2a: Hakase|27/100
|move|p2a: Hakase|Will-O-Wisp|p1a: Garchomp
|-status|p1a: Garchomp|brn
|
|-damage|p1a: Garchomp|74/100 brn|[from] brn
|upkeep
|turn|5
|
|t:|1776041665
|switch|p1a: Ursaluna|Ursaluna, F|100/100
|-end|p2a: Hakase|ability: Neutralizing Gas
|switch|p2a: Mio Nanagohara|Alomomola, F|100/100
|-damage|p2a: Mio Nanagohara|88/100|[from] Stealth Rock
|
|-status|p1a: Ursaluna|brn|[from] item: Flame Orb
|upkeep
|turn|6
|
|t:|1776041674
|-terastallize|p1a: Ursaluna|Normal
|move|p2a: Mio Nanagohara|Protect|p2a: Mio Nanagohara
|-singleturn|p2a: Mio Nanagohara|Protect
|move|p1a: Ursaluna|Facade|p2a: Mio Nanagohara
|-activate|p2a: Mio Nanagohara|move: Protect
|
|-damage|p1a: Ursaluna|94/100 brn|[from] brn
|upkeep
|turn|7
|inactive|WeR#4Hay! has 120 seconds left.
|inactive|WeR#4Hay! has 90 seconds left.
|
|t:|1776041736
|switch|p2a: Yuuko Aoi|Garganacl, F|100/100
|-damage|p2a: Yuuko Aoi|88/100|[from] Stealth Rock
|move|p1a: Ursaluna|Facade|p2a: Yuuko Aoi
|-resisted|p2a: Yuuko Aoi
|-damage|p2a: Yuuko Aoi|34/100
|
|-heal|p2a: Yuuko Aoi|41/100|[from] item: Leftovers
|-damage|p1a: Ursaluna|88/100 brn|[from] brn
|upkeep
|turn|8
|
|t:|1776041743
|move|p1a: Ursaluna|Headlong Rush|p2a: Yuuko Aoi
|-supereffective|p2a: Yuuko Aoi
|-crit|p2a: Yuuko Aoi
|-damage|p2a: Yuuko Aoi|0 fnt
|-unboost|p1a: Ursaluna|def|1
|-unboost|p1a: Ursaluna|spd|1
|faint|p2a: Yuuko Aoi
|
|-damage|p1a: Ursaluna|82/100 brn|[from] brn
|upkeep
|inactive|WeR#4Hay! has 90 seconds left.
|
|t:|1776041760
|switch|p2a: Mai Minakami|Lokix, F|100/100
|-damage|p2a: Mai Minakami|76/100|[from] Stealth Rock
|turn|9
|
|t:|1776041766
|switch|p1a: Ninetales|Ninetales-Alola, M|100/100
|-weather|Snowscape|[from] ability: Snow Warning|[of] p1a: Ninetales
|-terastallize|p2a: Mai Minakami|Bug
|move|p2a: Mai Minakami|Leech Life|p1a: Ninetales
|-resisted|p1a: Ninetales
|-damage|p1a: Ninetales|35/100
|-heal|p2a: Mai Minakami|100/100|[from] drain|[of] p1a: Ninetales
|
|-weather|Snowscape|[upkeep]
|upkeep
|turn|10
|
|t:|1776041776
|move|p1a: Ninetales|Aurora Veil|p1a: Ninetales
|-sidestart|p1: red123x|move: Aurora Veil
|move|p2a: Mai Minakami|Leech Life|p1a: Ninetales
|-resisted|p1a: Ninetales
|-damage|p1a: Ninetales|1/100
|
|-weather|Snowscape|[upkeep]
|upkeep
|turn|11
|
|t:|1776041786
|switch|p1a: Garchomp|Garchomp, F|74/100 brn
|switch|p2a: Nano Shinonome|Iron Treads|100/100
|-damage|p2a: Nano Shinonome|97/100|[from] Stealth Rock
|
|-weather|Snowscape|[upkeep]
|-heal|p2a: Nano Shinonome|100/100|[from] item: Leftovers
|-damage|p1a: Garchomp|67/100 brn|[from] brn
|upkeep
|turn|12
|
|t:|1776041808
|move|p1a: Garchomp|Swords Dance|p1a: Garchomp
|-boost|p1a: Garchomp|atk|2
|move|p2a: Nano Shinonome|Rapid Spin|p1a: Garchomp
|-damage|p1a: Garchomp|61/100 brn
|-boost|p2a: Nano Shinonome|spe|1
|-damage|p2a: Nano Shinonome|88/100|[from] ability: Rough Skin|[of] p1a: Garchomp
|-sideend|p2: WeR#4Hay!|Stealth Rock|[from] move: Rapid Spin|[of] p2a: Nano Shinonome
|
|-weather|Snowscape|[upkeep]
|-heal|p2a: Nano Shinonome|94/100|[from] item: Leftovers
|-damage|p1a: Garchomp|55/100 brn|[from] brn
|upkeep
|turn|13
|
|t:|1776041812
|move|p2a: Nano Shinonome|Stealth Rock|p1a: Garchomp
|-sidestart|p1: red123x|move: Stealth Rock
|move|p1a: Garchomp|Earthquake|p2a: Nano Shinonome
|-supereffective|p2a: Nano Shinonome
|-damage|p2a: Nano Shinonome|15/100
|
|-weather|none
|-heal|p2a: Nano Shinonome|21/100|[from] item: Leftovers
|-damage|p1a: Garchomp|49/100 brn|[from] brn
|upkeep
|turn|14
|
|t:|1776041831
|-end|p2a: Nano Shinonome|Quark Drive|[silent]
|switch|p2a: Mio Nanagohara|Alomomola, F|100/100
|move|p1a: Garchomp|Earthquake|p2a: Mio Nanagohara
|-damage|p2a: Mio Nanagohara|72/100
|
|-damage|p1a: Garchomp|43/100 brn|[from] brn
|upkeep
|turn|15
|
|t:|1776041837
|move|p1a: Garchomp|Swords Dance|p1a: Garchomp
|-boost|p1a: Garchomp|atk|2
|move|p2a: Mio Nanagohara|Wish|p2a: Mio Nanagohara
|
|-damage|p1a: Garchomp|37/100 brn|[from] brn
|upkeep
|turn|16
|
|t:|1776041841
|move|p1a: Garchomp|Swords Dance|p1a: Garchomp
|-boost|p1a: Garchomp|atk|2
|move|p2a: Mio Nanagohara|Flip Turn|p1a: Garchomp
|-damage|p1a: Garchomp|29/100 brn
|-damage|p2a: Mio Nanagohara|59/100|[from] ability: Rough Skin|[of] p1a: Garchomp
|
|t:|1776041863
|switch|p2a: Nano Shinonome|Iron Treads|21/100|[from] Flip Turn
|
|-heal|p2a: Nano Shinonome|83/100|[from] move: Wish|[wisher] Mio Nanagohara
|-heal|p2a: Nano Shinonome|89/100|[from] item: Leftovers
|-damage|p1a: Garchomp|22/100 brn|[from] brn
|upkeep
|turn|17
|inactive|WeR#4Hay! has 90 seconds left.
|
|t:|1776041896
|-end|p2a: Nano Shinonome|Quark Drive|[silent]
|switch|p2a: Mio Nanagohara|Alomomola, F|93/100
|move|p1a: Garchomp|Earthquake|p2a: Mio Nanagohara
|-damage|p2a: Mio Nanagohara|35/100
|
|-damage|p1a: Garchomp|16/100 brn|[from] brn
|-sideend|p1: red123x|move: Aurora Veil
|upkeep
|turn|18
|
|t:|1776041902
|move|p2a: Mio Nanagohara|Protect|p2a: Mio Nanagohara
|-singleturn|p2a: Mio Nanagohara|Protect
|move|p1a: Garchomp|Earthquake|p2a: Mio Nanagohara
|-activate|p2a: Mio Nanagohara|move: Protect
|
|-damage|p1a: Garchomp|10/100 brn|[from] brn
|upkeep
|turn|19
|inactive|WeR#4Hay! has 90 seconds left.
|
|t:|1776041922
|switch|p2a: Mai Minakami|Lokix, F, tera:Bug|100/100
|move|p1a: Garchomp|Earthquake|p2a: Mai Minakami
|-resisted|p2a: Mai Minakami
|-damage|p2a: Mai Minakami|23/100
|
|-damage|p1a: Garchomp|4/100 brn|[from] brn
|upkeep
|turn|20
|
|t:|1776041937
|switch|p2a: Mio Nanagohara|Alomomola, F|68/100
|move|p1a: Garchomp|Earthquake|p2a: Mio Nanagohara
|-damage|p2a: Mio Nanagohara|10/100
|
|-damage|p1a: Garchomp|0 fnt|[from] brn
|faint|p1a: Garchomp
|upkeep
|
|t:|1776041943
|switch|p1a: Hawlucha|Hawlucha, M|100/100
|-damage|p1a: Hawlucha|88/100|[from] Stealth Rock
|turn|21
|
|t:|1776041966
|switch|p2a: Hakase|Weezing-Galar, F|27/100
|-ability|p2a: Hakase|Neutralizing Gas
|move|p1a: Hawlucha|Close Combat|p2a: Hakase
|-resisted|p2a: Hakase
|-damage|p2a: Hakase|18/100
|-unboost|p1a: Hawlucha|def|1
|-unboost|p1a: Hawlucha|spd|1
|-enditem|p1a: Hawlucha|White Herb
|-clearnegativeboost|p1a: Hawlucha|[silent]
|
|upkeep
|turn|22
|
|t:|1776041980
|move|p1a: Hawlucha|Acrobatics|p2a: Hakase
|-damage|p2a: Hakase|0 fnt
|faint|p2a: Hakase
|-end|p2a: Hakase|ability: Neutralizing Gas
|
|upkeep
|
|t:|1776041984
|switch|p2a: Mio Nanagohara|Alomomola, F|43/100
|turn|23
|
|t:|1776041993
|move|p1a: Hawlucha|Swords Dance|p1a: Hawlucha
|-boost|p1a: Hawlucha|atk|2
|move|p2a: Mio Nanagohara|Flip Turn|p1a: Hawlucha
|-damage|p1a: Hawlucha|64/100
|
|t:|1776042006
|switch|p2a: Nano Shinonome|Iron Treads|89/100|[from] Flip Turn
|
|-heal|p2a: Nano Shinonome|95/100|[from] item: Leftovers
|upkeep
|turn|24
|j| raditzisthebest
|
|t:|1776042020
|-end|p2a: Nano Shinonome|Quark Drive|[silent]
|switch|p2a: Mio Nanagohara|Alomomola, F|76/100
|move|p1a: Hawlucha|Close Combat|p2a: Mio Nanagohara
|-damage|p2a: Mio Nanagohara|10/100
|-unboost|p1a: Hawlucha|def|1
|-unboost|p1a: Hawlucha|spd|1
|-damage|p1a: Hawlucha|48/100|[from] item: Rocky Helmet|[of] p2a: Mio Nanagohara
|
|upkeep
|turn|25
|
|t:|1776042029
|move|p1a: Hawlucha|Close Combat|p2a: Mio Nanagohara
|-damage|p2a: Mio Nanagohara|0 fnt
|-unboost|p1a: Hawlucha|def|1
|-unboost|p1a: Hawlucha|spd|1
|-damage|p1a: Hawlucha|31/100|[from] item: Rocky Helmet|[of] p2a: Mio Nanagohara
|faint|p2a: Mio Nanagohara
|
|upkeep
|
|t:|1776042032
|switch|p2a: Mai Minakami|Lokix, F, tera:Bug|23/100
|turn|26
|inactive|WeR#4Hay! has 90 seconds left.
|
|t:|1776042041
|switch|p1a: Ninetales|Ninetales-Alola, M|1/100
|-damage|p1a: Ninetales|0 fnt|[from] Stealth Rock
|faint|p1a: Ninetales
|move|p2a: Mai Minakami|First Impression|p1: Ninetales|[notarget]
|-fail|p2a: Mai Minakami
|
|upkeep
|
|t:|1776042052
|switch|p1a: Hawlucha|Hawlucha, M|31/100
|-damage|p1a: Hawlucha|19/100|[from] Stealth Rock
|turn|27
|
|t:|1776042058
|switch|p2a: Nano Shinonome|Iron Treads|95/100
|move|p1a: Hawlucha|Swords Dance|p1a: Hawlucha
|-boost|p1a: Hawlucha|atk|2
|
|-heal|p2a: Nano Shinonome|100/100|[from] item: Leftovers
|upkeep
|turn|28
|
|t:|1776042062
|move|p1a: Hawlucha|Close Combat|p2a: Nano Shinonome
|-supereffective|p2a: Nano Shinonome
|-damage|p2a: Nano Shinonome|0 fnt
|-unboost|p1a: Hawlucha|def|1
|-unboost|p1a: Hawlucha|spd|1
|faint|p2a: Nano Shinonome
|-end|p2a: Nano Shinonome|Quark Drive|[silent]
|
|upkeep
|
|t:|1776042064
|switch|p2a: Mai Minakami|Lokix, F, tera:Bug|23/100
|turn|29
|
|t:|1776042067
|move|p1a: Hawlucha|Swords Dance|p1a: Hawlucha
|-boost|p1a: Hawlucha|atk|2
|move|p2a: Mai Minakami|Leech Life|p1a: Hawlucha
|-resisted|p1a: Hawlucha
|-damage|p1a: Hawlucha|0 fnt
|-heal|p2a: Mai Minakami|34/100|[from] drain|[of] p1a: Hawlucha
|faint|p1a: Hawlucha
|
|upkeep
|
|t:|1776042075
|switch|p1a: Gholdengo|Gholdengo|100/100
|-damage|p1a: Gholdengo|94/100|[from] Stealth Rock
|-item|p1a: Gholdengo|Air Balloon
|turn|30
|
|t:|1776042081
|move|p1a: Gholdengo|Make It Rain|p2a: Mai Minakami
|-damage|p2a: Mai Minakami|0 fnt
|-unboost|p1a: Gholdengo|spa|1
|faint|p2a: Mai Minakami
|
|win|red123x
|raw|red123x's rating: 1606 &rarr; <strong>1627</strong><br />(+21 for winning)
|raw|WeR#4Hay!'s rating: 1627 &rarr; <strong>1606</strong><br />(-21 for losing)
|c|☆WeR#4Hay!|gg
|l| ohko_smeargle
|c|☆red123x|gg
|l| raditzisthebest
|l|☆red123x
|player|p1|
|l|☆WeR#4Hay!
|player|p2|
