|html|<div class="broadcast-blue"><strong>[Gen 9] OU is currently suspecting Tera Blast! For information on how to participate check out the <a href="https://www.smogon.com/tools/suspects/view/200">suspect thread</a>.</strong></div>
|j|☆sommeliersam
|j|☆Monkey D MinMin
|t:|1776138036
|gametype|singles
|player|p1|sommeliersam|102|1840
|player|p2|Monkey D MinMin|lucas|1810
|gen|9
|tier|[Gen 9] OU
|rated|
|rule|HP Percentage Mod: HP is shown in percentages
|rule|Endless Battle Clause: Forcing endless battles is banned
|rule|Species Clause: Limit one of each Pokémon
|rule|OHKO Clause: OHKO moves are banned
|rule|Evasion Items Clause: Evasion items are banned
|rule|Evasion Moves Clause: Evasion moves are banned
|rule|Evasion Abilities Clause: Evasion abilities are banned
|rule|Sleep Moves Clause: Sleep-inducing moves are banned
|clearpoke
|poke|p1|Zamazenta-*|
|poke|p1|Ting-Lu|
|poke|p1|Gholdengo|
|poke|p1|Dragonite, M|
|poke|p1|Kingambit, F|
|poke|p1|Great Tusk|
|poke|p2|Blissey, F|
|poke|p2|Hoopa-Unbound|
|poke|p2|Quagsire, M|
|poke|p2|Alomomola, F|
|poke|p2|Corviknight, M|
|poke|p2|Weezing-Galar, M|
|teampreview
|j| gym locker smells
|
|t:|1776138062
|teamsize|p1|6
|teamsize|p2|6
|start
|switch|p1a: Ting-Lu|Ting-Lu|100/100
|switch|p2a: Bestie|Quagsire, M|100/100
|-ability|p1a: Ting-Lu|Vessel of Ruin
|turn|1
|
|t:|1776138064
|move|p1a: Ting-Lu|Ruination|p2a: Bestie|[miss]
|-miss|p1a: Ting-Lu|p2a: Bestie
|move|p2a: Bestie|Toxic|p1a: Ting-Lu
|-status|p1a: Ting-Lu|tox
|
|-damage|p1a: Ting-Lu|94/100 tox|[from] psn
|upkeep
|turn|2
|
|t:|1776138067
|switch|p2a: HOOAHAHAH|Alomomola, F|100/100
|move|p1a: Ting-Lu|Ruination|p2a: HOOAHAHAH
|-damage|p2a: HOOAHAHAH|50/100
|
|-damage|p1a: Ting-Lu|82/100 tox|[from] psn
|upkeep
|turn|3
|
|t:|1776138071
|move|p1a: Ting-Lu|Stealth Rock|p2a: HOOAHAHAH
|-sidestart|p2: Monkey D MinMin|move: Stealth Rock
|move|p2a: HOOAHAHAH|Flip Turn|p1a: Ting-Lu
|-supereffective|p1a: Ting-Lu
|-damage|p1a: Ting-Lu|65/100 tox
|-enditem|p1a: Ting-Lu|Red Card|[of] p2a: HOOAHAHAH
|drag|p2a: Bestie|Quagsire, M|100/100
|-damage|p2a: Bestie|94/100|[from] Stealth Rock
|
|-damage|p1a: Ting-Lu|47/100 tox|[from] psn
|upkeep
|turn|4
|
|t:|1776138081
|switch|p2a: HOOAHAHAH|Alomomola, F|84/100
|-damage|p2a: HOOAHAHAH|71/100|[from] Stealth Rock
|move|p1a: Ting-Lu|Ruination|p2a: HOOAHAHAH|[miss]
|-miss|p1a: Ting-Lu|p2a: HOOAHAHAH
|
|-damage|p1a: Ting-Lu|22/100 tox|[from] psn
|upkeep
|turn|5
|
|t:|1776138090
|move|p1a: Ting-Lu|Spikes|p2a: HOOAHAHAH
|-sidestart|p2: Monkey D MinMin|Spikes
|move|p2a: HOOAHAHAH|Wish|p2a: HOOAHAHAH
|
|-damage|p1a: Ting-Lu|0 fnt|[from] psn
|faint|p1a: Ting-Lu
|upkeep
|inactive|Battle timer is ON: inactive players will automatically lose when time's up. (requested by Monkey D MinMin)
|j| brother iggins
|
|t:|1776138122
|switch|p1a: Dragonite|Dragonite, M|100/100
|turn|6
|
|t:|1776138129
|move|p1a: Dragonite|Dragon Dance|p1a: Dragonite
|-boost|p1a: Dragonite|atk|1
|-boost|p1a: Dragonite|spe|1
|move|p2a: HOOAHAHAH|Flip Turn|p1a: Dragonite
|-resisted|p1a: Dragonite
|-damage|p1a: Dragonite|96/100
|
|t:|1776138131
|switch|p2a: -Ga|Weezing-Galar, M|100/100|[from] Flip Turn
|-ability|p2a: -Ga|Neutralizing Gas
|
|upkeep
|turn|7
|
|t:|1776138136
|move|p1a: Dragonite|Earthquake|p2a: -Ga
|-supereffective|p2a: -Ga
|-damage|p2a: -Ga|34/100
|move|p2a: -Ga|Defog|p1a: Dragonite
|-unboost|p1a: Dragonite|evasion|1
|-sideend|p2: Monkey D MinMin|Spikes|[from] move: Defog|[of] p2a: -Ga
|-sideend|p2: Monkey D MinMin|Stealth Rock|[from] move: Defog|[of] p2a: -Ga
|
|upkeep
|turn|8
|
|t:|1776138153
|-end|p2a: -Ga|ability: Neutralizing Gas
|switch|p2a: HOOAHAHAH|Alomomola, F|100/100
|move|p1a: Dragonite|Dragon Dance|p1a: Dragonite
|-boost|p1a: Dragonite|atk|1
|-boost|p1a: Dragonite|spe|1
|
|upkeep
|turn|9
|
|t:|1776138156
|move|p1a: Dragonite|Earthquake|p2a: HOOAHAHAH
|-damage|p2a: HOOAHAHAH|55/100
|move|p2a: HOOAHAHAH|Scald|p1a: Dragonite
|-resisted|p1a: Dragonite
|-damage|p1a: Dragonite|88/100
|
|upkeep
|turn|10
|
|t:|1776138166
|switch|p2a: CORVVAVAGAJ|Corviknight, M|100/100
|-ability|p2a: CORVVAVAGAJ|Pressure
|move|p1a: Dragonite|Earthquake|p2a: CORVVAVAGAJ
|-immune|p2a: CORVVAVAGAJ
|
|upkeep
|turn|11
|
|t:|1776138172
|switch|p1a: Gholdengo|Gholdengo|100/100
|-item|p1a: Gholdengo|Air Balloon
|move|p2a: CORVVAVAGAJ|Iron Defense|p2a: CORVVAVAGAJ
|-boost|p2a: CORVVAVAGAJ|def|2
|
|upkeep
|turn|12
|
|t:|1776138177
|switch|p2a: He does tricks|Hoopa-Unbound|100/100
|move|p1a: Gholdengo|Nasty Plot|p1a: Gholdengo
|-boost|p1a: Gholdengo|spa|2
|
|upkeep
|turn|13
|
|t:|1776138182
|switch|p1a: Zamazenta|Zamazenta|100/100
|-ability|p1a: Zamazenta|Dauntless Shield|boost
|-boost|p1a: Zamazenta|def|1
|move|p2a: He does tricks|Knock Off|p1a: Zamazenta
|-resisted|p1a: Zamazenta
|-damage|p1a: Zamazenta|85/100
|-enditem|p1a: Zamazenta|Heavy-Duty Boots|[from] move: Knock Off|[of] p2a: He does tricks
|
|upkeep
|turn|14
|
|t:|1776138193
|switch|p2a: HOOAHAHAH|Alomomola, F|88/100
|move|p1a: Zamazenta|Close Combat|p2a: HOOAHAHAH
|-damage|p2a: HOOAHAHAH|53/100
|-unboost|p1a: Zamazenta|def|1
|-unboost|p1a: Zamazenta|spd|1
|-damage|p1a: Zamazenta|68/100|[from] item: Rocky Helmet|[of] p2a: HOOAHAHAH
|
|upkeep
|turn|15
|
|t:|1776138201
|move|p1a: Zamazenta|Close Combat|p2a: HOOAHAHAH
|-damage|p2a: HOOAHAHAH|16/100
|-unboost|p1a: Zamazenta|def|1
|-unboost|p1a: Zamazenta|spd|1
|-damage|p1a: Zamazenta|52/100|[from] item: Rocky Helmet|[of] p2a: HOOAHAHAH
|move|p2a: HOOAHAHAH|Wish|p2a: HOOAHAHAH
|
|upkeep
|turn|16
|
|t:|1776138204
|move|p2a: HOOAHAHAH|Protect|p2a: HOOAHAHAH
|-singleturn|p2a: HOOAHAHAH|Protect
|move|p1a: Zamazenta|Roar|p2a: HOOAHAHAH
|drag|p2a: Big and Greedy|Blissey, F|100/100
|
|upkeep
|turn|17
|
|t:|1776138214
|switch|p2a: CORVVAVAGAJ|Corviknight, M|100/100
|-ability|p2a: CORVVAVAGAJ|Pressure
|move|p1a: Zamazenta|Close Combat|p2a: CORVVAVAGAJ
|-damage|p2a: CORVVAVAGAJ|62/100
|-unboost|p1a: Zamazenta|def|1
|-unboost|p1a: Zamazenta|spd|1
|
|-heal|p2a: CORVVAVAGAJ|68/100|[from] item: Leftovers
|upkeep
|turn|18
|
|t:|1776138221
|switch|p1a: Gholdengo|Gholdengo|100/100
|-item|p1a: Gholdengo|Air Balloon
|move|p2a: CORVVAVAGAJ|Roost|p2a: CORVVAVAGAJ
|-heal|p2a: CORVVAVAGAJ|100/100
|-singleturn|p2a: CORVVAVAGAJ|move: Roost
|
|upkeep
|turn|19
|
|t:|1776138223
|switch|p2a: He does tricks|Hoopa-Unbound|100/100
|move|p1a: Gholdengo|Focus Blast|p2a: He does tricks|[miss]
|-miss|p1a: Gholdengo|p2a: He does tricks
|
|upkeep
|turn|20
|
|t:|1776138228
|switch|p1a: Zamazenta|Zamazenta|52/100
|move|p2a: He does tricks|Psychic Noise|p1a: Zamazenta
|-supereffective|p1a: Zamazenta
|-damage|p1a: Zamazenta|0 fnt
|faint|p1a: Zamazenta
|
|upkeep
|
|t:|1776138234
|switch|p1a: Great Tusk|Great Tusk|100/100
|-enditem|p1a: Great Tusk|Booster Energy
|-activate|p1a: Great Tusk|ability: Protosynthesis|[fromitem]
|-start|p1a: Great Tusk|protosynthesisspe
|turn|21
|
|t:|1776138238
|switch|p2a: CORVVAVAGAJ|Corviknight, M|100/100
|-ability|p2a: CORVVAVAGAJ|Pressure
|move|p1a: Great Tusk|Headlong Rush|p2a: CORVVAVAGAJ
|-immune|p2a: CORVVAVAGAJ
|
|upkeep
|turn|22
|
|t:|1776138240
|-end|p1a: Great Tusk|Protosynthesis|[silent]
|switch|p1a: Gholdengo|Gholdengo|100/100
|-item|p1a: Gholdengo|Air Balloon
|move|p2a: CORVVAVAGAJ|Iron Defense|p2a: CORVVAVAGAJ
|-boost|p2a: CORVVAVAGAJ|def|2
|
|upkeep
|turn|23
|
|t:|1776138243
|switch|p2a: He does tricks|Hoopa-Unbound|100/100
|move|p1a: Gholdengo|Shadow Ball|p2a: He does tricks
|-damage|p2a: He does tricks|80/100
|
|upkeep
|turn|24
|
|t:|1776138249
|switch|p1a: Dragonite|Dragonite, M|88/100
|move|p2a: He does tricks|Knock Off|p1a: Dragonite
|-damage|p1a: Dragonite|37/100
|-enditem|p1a: Dragonite|Lum Berry|[from] move: Knock Off|[of] p2a: He does tricks
|
|upkeep
|turn|25
|
|t:|1776138256
|switch|p2a: CORVVAVAGAJ|Corviknight, M|100/100
|-ability|p2a: CORVVAVAGAJ|Pressure
|move|p1a: Dragonite|Earthquake|p2a: CORVVAVAGAJ
|-immune|p2a: CORVVAVAGAJ
|
|upkeep
|turn|26
|
|t:|1776138259
|move|p1a: Dragonite|Roost|p1a: Dragonite
|-heal|p1a: Dragonite|87/100
|-singleturn|p1a: Dragonite|move: Roost
|move|p2a: CORVVAVAGAJ|Brave Bird|p1a: Dragonite
|-damage|p1a: Dragonite|50/100
|-damage|p2a: CORVVAVAGAJ|89/100|[from] Recoil
|
|-heal|p2a: CORVVAVAGAJ|95/100|[from] item: Leftovers
|upkeep
|turn|27
|
|t:|1776138263
|switch|p2a: HOOAHAHAH|Alomomola, F|49/100
|move|p1a: Dragonite|Roost|p1a: Dragonite
|-heal|p1a: Dragonite|99/100
|-singleturn|p1a: Dragonite|move: Roost
|
|upkeep
|turn|28
|
|t:|1776138273
|move|p1a: Dragonite|Earthquake|p2a: HOOAHAHAH
|-damage|p2a: HOOAHAHAH|27/100
|move|p2a: HOOAHAHAH|Wish|p2a: HOOAHAHAH
|
|upkeep
|turn|29
|
|t:|1776138277
|move|p1a: Dragonite|Earthquake|p2a: HOOAHAHAH
|-damage|p2a: HOOAHAHAH|5/100
|move|p2a: HOOAHAHAH|Flip Turn|p1a: Dragonite
|-resisted|p1a: Dragonite
|-damage|p1a: Dragonite|91/100
|
|t:|1776138279
|switch|p2a: -Ga|Weezing-Galar, M|34/100|[from] Flip Turn
|-ability|p2a: -Ga|Neutralizing Gas
|
|-heal|p2a: -Ga|100/100|[from] move: Wish|[wisher] HOOAHAHAH
|upkeep
|turn|30
|
|t:|1776138281
|move|p1a: Dragonite|Earthquake|p2a: -Ga
|-supereffective|p2a: -Ga
|-damage|p2a: -Ga|53/100
|move|p2a: -Ga|Will-O-Wisp|p1a: Dragonite
|-status|p1a: Dragonite|brn
|
|-damage|p1a: Dragonite|84/100 brn|[from] brn
|upkeep
|turn|31
|
|t:|1776138286
|move|p1a: Dragonite|Earthquake|p2a: -Ga
|-supereffective|p2a: -Ga
|-damage|p2a: -Ga|28/100
|move|p2a: -Ga|Will-O-Wisp|p1a: Dragonite|[miss]
|-miss|p2a: -Ga|p1a: Dragonite
|
|-damage|p1a: Dragonite|78/100 brn|[from] brn
|upkeep
|turn|32
|
|t:|1776138290
|move|p1a: Dragonite|Earthquake|p2a: -Ga
|-supereffective|p2a: -Ga
|-damage|p2a: -Ga|6/100
|move|p2a: -Ga|Pain Split|p1a: Dragonite
|-sethp|p1a: Dragonite|42/100 brn|[from] move: Pain Split|[silent]
|-sethp|p2a: -Ga|41/100|[from] move: Pain Split
|
|-damage|p1a: Dragonite|36/100 brn|[from] brn
|upkeep
|turn|33
|
|t:|1776138292
|-end|p2a: -Ga|ability: Neutralizing Gas
|switch|p2a: HOOAHAHAH|Alomomola, F|38/100
|move|p1a: Dragonite|Earthquake|p2a: HOOAHAHAH
|-damage|p2a: HOOAHAHAH|28/100
|
|-damage|p1a: Dragonite|30/100 brn|[from] brn
|upkeep
|turn|34
|
|t:|1776138306
|switch|p1a: Great Tusk|Great Tusk|100/100
|move|p2a: HOOAHAHAH|Wish|p2a: HOOAHAHAH
|
|upkeep
|turn|35
|
|t:|1776138309
|switch|p2a: CORVVAVAGAJ|Corviknight, M|95/100
|-ability|p2a: CORVVAVAGAJ|Pressure
|move|p1a: Great Tusk|Bulk Up|p1a: Great Tusk
|-boost|p1a: Great Tusk|atk|1
|-boost|p1a: Great Tusk|def|1
|
|-heal|p2a: CORVVAVAGAJ|100/100|[from] move: Wish|[wisher] HOOAHAHAH
|upkeep
|turn|36
|
|t:|1776138314
|move|p1a: Great Tusk|Bulk Up|p1a: Great Tusk
|-boost|p1a: Great Tusk|atk|1
|-boost|p1a: Great Tusk|def|1
|move|p2a: CORVVAVAGAJ|Iron Defense|p2a: CORVVAVAGAJ
|-boost|p2a: CORVVAVAGAJ|def|2
|
|upkeep
|turn|37
|
|t:|1776138319
|-end|p1a: Great Tusk|Protosynthesis|[silent]
|switch|p1a: Gholdengo|Gholdengo|100/100
|-item|p1a: Gholdengo|Air Balloon
|move|p2a: CORVVAVAGAJ|Iron Defense|p2a: CORVVAVAGAJ
|-boost|p2a: CORVVAVAGAJ|def|2
|
|upkeep
|turn|38
|
|t:|1776138323
|switch|p2a: He does tricks|Hoopa-Unbound|80/100
|move|p1a: Gholdengo|Shadow Ball|p2a: He does tricks
|-damage|p2a: He does tricks|58/100
|-unboost|p2a: He does tricks|spd|1
|
|upkeep
|turn|39
|
|t:|1776138330
|switch|p1a: Dragonite|Dragonite, M|30/100 brn
|move|p2a: He does tricks|Knock Off|p1a: Dragonite
|-damage|p1a: Dragonite|0 fnt
|faint|p1a: Dragonite
|
|upkeep
|
|t:|1776138335
|switch|p1a: Great Tusk|Great Tusk|100/100
|turn|40
|
|t:|1776138343
|switch|p2a: CORVVAVAGAJ|Corviknight, M|100/100
|-ability|p2a: CORVVAVAGAJ|Pressure
|move|p1a: Great Tusk|Headlong Rush|p2a: CORVVAVAGAJ
|-immune|p2a: CORVVAVAGAJ
|
|upkeep
|turn|41
|
|t:|1776138349
|-end|p1a: Great Tusk|Protosynthesis|[silent]
|switch|p1a: Gholdengo|Gholdengo|100/100
|-item|p1a: Gholdengo|Air Balloon
|move|p2a: CORVVAVAGAJ|Brave Bird|p1a: Gholdengo
|-resisted|p1a: Gholdengo
|-damage|p1a: Gholdengo|80/100
|-enditem|p1a: Gholdengo|Air Balloon
|-damage|p2a: CORVVAVAGAJ|95/100|[from] Recoil
|
|-heal|p2a: CORVVAVAGAJ|100/100|[from] item: Leftovers
|upkeep
|turn|42
|
|t:|1776138356
|switch|p2a: He does tricks|Hoopa-Unbound|58/100
|move|p1a: Gholdengo|Shadow Ball|p2a: He does tricks
|-damage|p2a: He does tricks|36/100
|
|upkeep
|turn|43
|
|t:|1776138365
|move|p1a: Gholdengo|Shadow Ball|p2a: He does tricks
|-damage|p2a: He does tricks|16/100
|move|p2a: He does tricks|Knock Off|p1a: Gholdengo
|-supereffective|p1a: Gholdengo
|-damage|p1a: Gholdengo|0 fnt
|faint|p1a: Gholdengo
|
|upkeep
|
|t:|1776138374
|switch|p1a: Great Tusk|Great Tusk|100/100
|turn|44
|
|t:|1776138379
|move|p1a: Great Tusk|Rapid Spin|p2a: He does tricks
|-damage|p2a: He does tricks|1/100
|-boost|p1a: Great Tusk|spe|1
|move|p2a: He does tricks|Psychic Noise|p1a: Great Tusk
|-supereffective|p1a: Great Tusk
|-damage|p1a: Great Tusk|0 fnt
|faint|p1a: Great Tusk
|-end|p1a: Great Tusk|Protosynthesis|[silent]
|
|upkeep
|
|t:|1776138381
|switch|p1a: Kingambit|Kingambit, F|100/100
|-activate|p1a: Kingambit|ability: Supreme Overlord
|-start|p1a: Kingambit|fallen5|[silent]
|turn|45
|
|t:|1776138398
|move|p1a: Kingambit|Sucker Punch|p2a: He does tricks
|-damage|p2a: He does tricks|0 fnt
|faint|p2a: He does tricks
|
|upkeep
|
|t:|1776138401
|switch|p2a: -Ga|Weezing-Galar, M|41/100
|-ability|p2a: -Ga|Neutralizing Gas
|turn|46
|
|t:|1776138403
|move|p1a: Kingambit|Iron Head|p2a: -Ga
|-supereffective|p2a: -Ga
|-damage|p2a: -Ga|0 fnt
|faint|p2a: -Ga
|-end|p2a: -Ga|ability: Neutralizing Gas
|-activate|p1a: Kingambit|ability: Supreme Overlord
|-start|p1a: Kingambit|fallen5|[silent]
|
|upkeep
|
|t:|1776138407
|switch|p2a: HOOAHAHAH|Alomomola, F|61/100
|turn|47
|
|t:|1776138412
|move|p1a: Kingambit|Swords Dance|p1a: Kingambit
|-boost|p1a: Kingambit|atk|2
|move|p2a: HOOAHAHAH|Scald|p1a: Kingambit
|-damage|p1a: Kingambit|86/100
|
|upkeep
|turn|48
|
|t:|1776138415
|move|p1a: Kingambit|Kowtow Cleave|p2a: HOOAHAHAH
|-damage|p2a: HOOAHAHAH|0 fnt
|-damage|p1a: Kingambit|69/100|[from] item: Rocky Helmet|[of] p2a: HOOAHAHAH
|faint|p2a: HOOAHAHAH
|
|upkeep
|
|t:|1776138419
|switch|p2a: Bestie|Quagsire, M|94/100
|turn|49
|
|t:|1776138425
|-terastallize|p1a: Kingambit|Dark
|-terastallize|p2a: Bestie|Dark
|move|p1a: Kingambit|Kowtow Cleave|p2a: Bestie
|-resisted|p2a: Bestie
|-damage|p2a: Bestie|51/100
|move|p2a: Bestie|Counter|p1a: Kingambit
|-damage|p1a: Kingambit|0 fnt
|faint|p1a: Kingambit
|-end|p1a: Kingambit|fallen5|[silent]
|
|win|Monkey D MinMin
|raw|sommeliersam's rating: 1840 &rarr; <strong>1818</strong><br />(-22 for losing)
|raw|Monkey D MinMin's rating: 1810 &rarr; <strong>1832</strong><br />(+22 for winning)
|c|☆Monkey D MinMin|Gg
