|html|<div class="broadcast-blue"><strong>[Gen 9] OU is currently suspecting Tera Blast! For information on how to participate check out the <a href="https://www.smogon.com/tools/suspects/view/200">suspect thread</a>.</strong></div>
|j|☆icylikedecember
|j|☆pressacanadagoose
|t:|1776043744
|gametype|singles
|player|p1|icylikedecember|skierf|1747
|player|p2|pressacanadagoose|169|1651
|gen|9
|tier|[Gen 9] OU
|rated|
|rule|HP Percentage Mod: HP is shown in percentages
|rule|Endless Battle Clause: Forcing endless battles is banned
|rule|Species Clause: Limit one of each Pokémon
|rule|OHKO Clause: OHKO moves are banned
|rule|Evasion Items Clause: Evasion items are banned
|rule|Evasion Moves Clause: Evasion moves are banned
|rule|Evasion Abilities Clause: Evasion abilities are banned
|rule|Sleep Moves Clause: Sleep-inducing moves are banned
|clearpoke
|poke|p1|Landorus-Therian, M|
|poke|p1|Corviknight, F|
|poke|p1|Slowking-Galar, F|
|poke|p1|Crawdaunt, M|
|poke|p1|Darkrai|
|poke|p1|Gholdengo|
|poke|p2|Deoxys-Speed|
|poke|p2|Ceruledge, M|
|poke|p2|Zamazenta-*|
|poke|p2|Ogerpon-Wellspring, F|
|poke|p2|Glimmora, F|
|poke|p2|Moltres-Galar|
|teampreview
|
|t:|1776043779
|teamsize|p1|6
|teamsize|p2|6
|start
|switch|p1a: Slowking|Slowking-Galar, F, shiny|100/100
|switch|p2a: Zamazenta|Zamazenta|100/100
|-ability|p2a: Zamazenta|Dauntless Shield|boost
|-boost|p2a: Zamazenta|def|1
|turn|1
|
|t:|1776043790
|switch|p2a: Glimmora|Glimmora, F|100/100
|move|p1a: Slowking|Sludge Bomb|p2a: Glimmora
|-resisted|p2a: Glimmora
|-damage|p2a: Glimmora|86/100
|
|upkeep
|turn|2
|
|t:|1776043795
|move|p2a: Glimmora|Stealth Rock|p1a: Slowking
|-sidestart|p1: icylikedecember|move: Stealth Rock
|move|p1a: Slowking|Psyshock|p2a: Glimmora
|-supereffective|p2a: Glimmora
|-damage|p2a: Glimmora|0 fnt
|faint|p2a: Glimmora
|
|upkeep
|
|t:|1776043800
|switch|p2a: Ceruledge|Ceruledge, M|100/100
|turn|3
|
|t:|1776043805
|switch|p1a: Landorus|Landorus-Therian, M|100/100
|-damage|p1a: Landorus|88/100|[from] Stealth Rock
|-ability|p1a: Landorus|Intimidate|boost
|-unboost|p2a: Ceruledge|atk|1
|move|p2a: Ceruledge|Poltergeist|p1a: Landorus
|-activate|p1a: Landorus|move: Poltergeist|Rocky Helmet
|-damage|p1a: Landorus|36/100
|-damage|p2a: Ceruledge|91/100|[from] item: Life Orb
|
|upkeep
|turn|4
|
|t:|1776043818
|switch|p2a: Ogerpon|Ogerpon-Wellspring, F|100/100
|move|p1a: Landorus|U-turn|p2a: Ogerpon
|-supereffective|p2a: Ogerpon
|-damage|p2a: Ogerpon|41/100
|
|t:|1776043826
|switch|p1a: Darkrai|Darkrai|100/100|[from] U-turn
|-damage|p1a: Darkrai|88/100|[from] Stealth Rock
|
|upkeep
|turn|5
|
|t:|1776043831
|switch|p2a: Zamazenta|Zamazenta|100/100
|move|p1a: Darkrai|Sludge Bomb|p2a: Zamazenta
|-damage|p2a: Zamazenta|73/100
|-status|p2a: Zamazenta|psn
|
|-heal|p2a: Zamazenta|79/100 psn|[from] item: Leftovers
|-damage|p2a: Zamazenta|67/100 psn|[from] psn
|upkeep
|turn|6
|
|t:|1776043840
|switch|p2a: Ceruledge|Ceruledge, M|91/100
|switch|p1a: Landorus|Landorus-Therian, M|36/100
|-damage|p1a: Landorus|24/100|[from] Stealth Rock
|-ability|p1a: Landorus|Intimidate|boost
|-unboost|p2a: Ceruledge|atk|1
|
|upkeep
|turn|7
|
|t:|1776043847
|switch|p2a: Ogerpon|Ogerpon-Wellspring, F|41/100
|move|p1a: Landorus|Stone Edge|p2a: Ogerpon|[miss]
|-miss|p1a: Landorus|p2a: Ogerpon
|
|upkeep
|turn|8
|
|t:|1776043851
|switch|p1a: Corviknight|Corviknight, F, shiny|100/100
|-damage|p1a: Corviknight|88/100|[from] Stealth Rock
|-ability|p1a: Corviknight|Pressure
|move|p2a: Ogerpon|Ivy Cudgel|p1a: Corviknight|[anim] Ivy Cudgel Water
|-damage|p1a: Corviknight|51/100
|
|-heal|p1a: Corviknight|57/100|[from] item: Leftovers
|upkeep
|turn|9
|
|t:|1776043854
|move|p2a: Ogerpon|Swords Dance|p2a: Ogerpon
|-boost|p2a: Ogerpon|atk|2
|move|p1a: Corviknight|Roost|p1a: Corviknight
|-heal|p1a: Corviknight|100/100
|-singleturn|p1a: Corviknight|move: Roost
|
|upkeep
|turn|10
|
|t:|1776043861
|-terastallize|p1a: Corviknight|Dragon
|move|p2a: Ogerpon|Ivy Cudgel|p1a: Corviknight|[anim] Ivy Cudgel Water
|-resisted|p1a: Corviknight
|-damage|p1a: Corviknight|65/100
|move|p1a: Corviknight|Body Press|p2a: Ogerpon
|-damage|p2a: Ogerpon|6/100
|
|-heal|p1a: Corviknight|71/100|[from] item: Leftovers
|upkeep
|turn|11
|
|t:|1776043868
|switch|p1a: Landorus|Landorus-Therian, M|24/100
|-damage|p1a: Landorus|11/100|[from] Stealth Rock
|-ability|p1a: Landorus|Intimidate|boost
|-unboost|p2a: Ogerpon|atk|1
|move|p2a: Ogerpon|Play Rough|p1a: Landorus
|-damage|p1a: Landorus|0 fnt
|-damage|p2a: Ogerpon|0 fnt|[from] item: Rocky Helmet|[of] p1a: Landorus
|faint|p1a: Landorus
|faint|p2a: Ogerpon
|
|upkeep
|
|t:|1776043878
|switch|p2a: Deoxys|Deoxys-Speed|100/100
|switch|p1a: Darkrai|Darkrai|88/100
|-ability|p2a: Deoxys|Pressure
|-damage|p1a: Darkrai|76/100|[from] Stealth Rock
|turn|12
|
|t:|1776043881
|switch|p1a: Slowking|Slowking-Galar, F, shiny|100/100
|-damage|p1a: Slowking|88/100|[from] Stealth Rock
|move|p2a: Deoxys|Light Screen|p2a: Deoxys
|-sidestart|p2: pressacanadagoose|move: Light Screen
|
|upkeep
|turn|13
|
|t:|1776043884
|move|p2a: Deoxys|Taunt|p1a: Slowking
|-start|p1a: Slowking|move: Taunt
|move|p1a: Slowking|Sludge Bomb|p2a: Deoxys
|-damage|p2a: Deoxys|73/100
|
|upkeep
|turn|14
|
|t:|1776043890
|move|p2a: Deoxys|Reflect|p2a: Deoxys
|-sidestart|p2: pressacanadagoose|Reflect
|move|p1a: Slowking|Sludge Bomb|p2a: Deoxys
|-damage|p2a: Deoxys|46/100
|-status|p2a: Deoxys|psn
|
|-damage|p2a: Deoxys|34/100 psn|[from] psn
|upkeep
|turn|15
|
|t:|1776043894
|switch|p2a: Ceruledge|Ceruledge, M|91/100
|switch|p1a: Gholdengo|Gholdengo|100/100
|-damage|p1a: Gholdengo|94/100|[from] Stealth Rock
|
|upkeep
|turn|16
|
|t:|1776043898
|move|p1a: Gholdengo|Trick|p2a: Ceruledge
|-activate|p1a: Gholdengo|move: Trick|[of] p2a: Ceruledge
|-item|p2a: Ceruledge|Choice Scarf|[from] move: Trick
|-item|p1a: Gholdengo|Life Orb|[from] move: Trick
|move|p2a: Ceruledge|Poltergeist|p1a: Gholdengo
|-activate|p1a: Gholdengo|move: Poltergeist|Life Orb
|-supereffective|p1a: Gholdengo
|-damage|p1a: Gholdengo|0 fnt
|faint|p1a: Gholdengo
|
|upkeep
|
|t:|1776043905
|switch|p1a: Darkrai|Darkrai|76/100
|-damage|p1a: Darkrai|63/100|[from] Stealth Rock
|turn|17
|
|t:|1776043908
|move|p1a: Darkrai|Dark Pulse|p2a: Ceruledge
|-supereffective|p2a: Ceruledge
|-damage|p2a: Ceruledge|38/100
|move|p2a: Ceruledge|Poltergeist|p1a: Darkrai|[miss]
|-miss|p2a: Ceruledge|p1a: Darkrai
|
|upkeep
|turn|18
|
|t:|1776043915
|switch|p2a: Zamazenta|Zamazenta|67/100 psn
|move|p1a: Darkrai|Ice Beam|p2a: Zamazenta
|-damage|p2a: Zamazenta|52/100 psn
|
|-heal|p2a: Zamazenta|58/100 psn|[from] item: Leftovers
|-damage|p2a: Zamazenta|46/100 psn|[from] psn
|upkeep
|turn|19
|
|t:|1776043923
|switch|p2a: Ceruledge|Ceruledge, M|38/100
|switch|p1a: Corviknight|Corviknight, F, shiny, tera:Dragon|71/100
|-damage|p1a: Corviknight|59/100|[from] Stealth Rock
|-ability|p1a: Corviknight|Pressure
|
|-heal|p1a: Corviknight|65/100|[from] item: Leftovers
|-sideend|p2: pressacanadagoose|move: Light Screen
|upkeep
|turn|20
|
|t:|1776043927
|switch|p1a: Crawdaunt|Crawdaunt, M|100/100
|-damage|p1a: Crawdaunt|88/100|[from] Stealth Rock
|move|p2a: Ceruledge|Poltergeist|p1a: Crawdaunt
|-activate|p1a: Crawdaunt|move: Poltergeist|Choice Band
|-resisted|p1a: Crawdaunt
|-damage|p1a: Crawdaunt|41/100
|
|upkeep
|turn|21
|
|t:|1776043937
|move|p1a: Crawdaunt|Aqua Jet|p2a: Ceruledge
|-supereffective|p2a: Ceruledge
|-damage|p2a: Ceruledge|0 fnt
|faint|p2a: Ceruledge
|
|-sideend|p2: pressacanadagoose|Reflect
|upkeep
|
|t:|1776043939
|switch|p2a: Zamazenta|Zamazenta|46/100 psn
|turn|22
|
|t:|1776043944
|move|p1a: Crawdaunt|Aqua Jet|p2a: Zamazenta
|-damage|p2a: Zamazenta|10/100 psn
|move|p2a: Zamazenta|Body Press|p1a: Crawdaunt
|-supereffective|p1a: Crawdaunt
|-damage|p1a: Crawdaunt|0 fnt
|faint|p1a: Crawdaunt
|
|-heal|p2a: Zamazenta|16/100 psn|[from] item: Leftovers
|-damage|p2a: Zamazenta|4/100 psn|[from] psn
|upkeep
|
|t:|1776043950
|switch|p1a: Corviknight|Corviknight, F, shiny, tera:Dragon|65/100
|-damage|p1a: Corviknight|52/100|[from] Stealth Rock
|-ability|p1a: Corviknight|Pressure
|turn|23
|j| ilikehorse222
|
|t:|1776043955
|move|p2a: Zamazenta|Body Press|p1a: Corviknight
|-damage|p1a: Corviknight|31/100
|move|p1a: Corviknight|Roost|p1a: Corviknight
|-heal|p1a: Corviknight|81/100
|
|-heal|p2a: Zamazenta|10/100 psn|[from] item: Leftovers
|-heal|p1a: Corviknight|87/100|[from] item: Leftovers
|-damage|p2a: Zamazenta|0 fnt|[from] psn
|faint|p2a: Zamazenta
|upkeep
|
|t:|1776043957
|switch|p2a: Deoxys|Deoxys-Speed|34/100 psn
|-ability|p2a: Deoxys|Pressure
|turn|24
|
|t:|1776043960
|move|p2a: Deoxys|Taunt|p1a: Corviknight
|-start|p1a: Corviknight|move: Taunt
|move|p1a: Corviknight|U-turn|p2a: Deoxys
|-supereffective|p2a: Deoxys
|-damage|p2a: Deoxys|0 fnt
|faint|p2a: Deoxys
|
|t:|1776043967
|switch|p1a: Darkrai|Darkrai|63/100|[from] U-turn
|-damage|p1a: Darkrai|51/100|[from] Stealth Rock
|
|upkeep
|
|t:|1776043969
|switch|p2a: Moltres|Moltres-Galar|100/100
|turn|25
|
|t:|1776043973
|move|p1a: Darkrai|Ice Beam|p2a: Moltres
|-supereffective|p2a: Moltres
|-crit|p2a: Moltres
|-damage|p2a: Moltres|3/100
|-ability|p2a: Moltres|Berserk|boost
|-boost|p2a: Moltres|spa|1
|-enditem|p2a: Moltres|Sitrus Berry|[eat]
|-heal|p2a: Moltres|28/100|[from] item: Sitrus Berry
|move|p2a: Moltres|Agility|p2a: Moltres
|-boost|p2a: Moltres|spe|2
|
|upkeep
|turn|26
|
|t:|1776043982
|-terastallize|p2a: Moltres|Fairy
|move|p2a: Moltres|Tera Blast|p1a: Darkrai|[anim] Tera Blast Fairy
|-supereffective|p1a: Darkrai
|-damage|p1a: Darkrai|0 fnt
|faint|p1a: Darkrai
|
|upkeep
|
|t:|1776043984
|switch|p1a: Slowking|Slowking-Galar, F, shiny|100/100
|-damage|p1a: Slowking|88/100|[from] Stealth Rock
|turn|27
|
|t:|1776043986
|move|p2a: Moltres|Fiery Wrath|p1a: Slowking
|-supereffective|p1a: Slowking
|-damage|p1a: Slowking|27/100
|move|p1a: Slowking|Sludge Bomb|p2a: Moltres
|-supereffective|p2a: Moltres
|-damage|p2a: Moltres|0 fnt
|faint|p2a: Moltres
|
|win|icylikedecember
|raw|icylikedecember's rating: 1747 &rarr; <strong>1762</strong><br />(+15 for winning)
|raw|pressacanadagoose's rating: 1651 &rarr; <strong>1636</strong><br />(-15 for losing)
|l|☆pressacanadagoose
|player|p2|
|l|☆icylikedecember
|player|p1|
|c| ilikehorse222|oh
|l| ilikehorse222
