|html|<div class="broadcast-blue"><strong>[Gen 9] OU is currently suspecting Tera Blast! For information on how to participate check out the <a href="https://www.smogon.com/tools/suspects/view/200">suspect thread</a>.</strong></div>
|j|☆Mizer_zZz
|j|☆ubeprofe123
|t:|1776057180
|gametype|singles
|player|p1|Mizer_zZz|lance|1146
|player|p2|ubeprofe123|harlequin|1115
|gen|9
|tier|[Gen 9] OU
|rated|
|rule|HP Percentage Mod: HP is shown in percentages
|rule|Endless Battle Clause: Forcing endless battles is banned
|rule|Species Clause: Limit one of each Pokémon
|rule|OHKO Clause: OHKO moves are banned
|rule|Evasion Items Clause: Evasion items are banned
|rule|Evasion Moves Clause: Evasion moves are banned
|rule|Evasion Abilities Clause: Evasion abilities are banned
|rule|Sleep Moves Clause: Sleep-inducing moves are banned
|clearpoke
|poke|p1|Greninja-*, F|
|poke|p1|Dragonite, M|
|poke|p1|Gliscor, F|
|poke|p1|Garganacl, M|
|poke|p1|Kingambit, M|
|poke|p1|Slowking-Galar, M|
|poke|p2|Haxorus, M|
|poke|p2|Regirock|
|poke|p2|Florges-Blue, F|
|poke|p2|Bronzong|
|poke|p2|Cryogonal|
|poke|p2|Incineroar, M|
|teampreview
|c|☆ubeprofe123|glhf
|inactive|Battle timer is ON: inactive players will automatically lose when time's up. (requested by Mizer_zZz)
|
|t:|1776057188
|teamsize|p1|6
|teamsize|p2|6
|start
|switch|p1a: Gliscor|Gliscor, F, shiny|100/100
|switch|p2a: Elsa|Cryogonal, shiny|100/100
|turn|1
|
|t:|1776057199
|move|p2a: Elsa|Freeze-Dry|p1a: Gliscor
|-supereffective|p1a: Gliscor
|-damage|p1a: Gliscor|0 fnt
|faint|p1a: Gliscor
|
|upkeep
|
|t:|1776057209
|switch|p1a: Garganacl|Garganacl, M, shiny|100/100
|turn|2
|
|t:|1776057224
|switch|p2a: Regicock|Regirock|100/100
|move|p1a: Garganacl|Body Press|p2a: Regicock
|-supereffective|p2a: Regicock
|-damage|p2a: Regicock|69/100
|
|-heal|p2a: Regicock|75/100|[from] item: Leftovers
|upkeep
|turn|3
|
|t:|1776057233
|move|p2a: Regicock|Stealth Rock|p1a: Garganacl
|-sidestart|p1: Mizer_zZz|move: Stealth Rock
|move|p1a: Garganacl|Salt Cure|p2a: Regicock
|-damage|p2a: Regicock|67/100
|-start|p2a: Regicock|Salt Cure
|
|-heal|p2a: Regicock|73/100|[from] item: Leftovers
|-damage|p2a: Regicock|61/100|[from] Salt Cure
|upkeep
|turn|4
|
|t:|1776057242
|move|p2a: Regicock|Earthquake|p1a: Garganacl
|-supereffective|p1a: Garganacl
|-damage|p1a: Garganacl|74/100
|move|p1a: Garganacl|Iron Defense|p1a: Garganacl
|-boost|p1a: Garganacl|def|2
|
|-heal|p2a: Regicock|67/100|[from] item: Leftovers
|-heal|p1a: Garganacl|80/100|[from] item: Leftovers
|-damage|p2a: Regicock|55/100|[from] Salt Cure
|upkeep
|turn|5
|
|t:|1776057250
|move|p2a: Regicock|Earthquake|p1a: Garganacl
|-supereffective|p1a: Garganacl
|-damage|p1a: Garganacl|67/100
|move|p1a: Garganacl|Iron Defense|p1a: Garganacl
|-boost|p1a: Garganacl|def|2
|
|-heal|p2a: Regicock|61/100|[from] item: Leftovers
|-heal|p1a: Garganacl|73/100|[from] item: Leftovers
|-damage|p2a: Regicock|48/100|[from] Salt Cure
|upkeep
|turn|6
|
|t:|1776057259
|move|p2a: Regicock|Earthquake|p1a: Garganacl
|-supereffective|p1a: Garganacl
|-damage|p1a: Garganacl|65/100
|move|p1a: Garganacl|Body Press|p2a: Regicock
|-supereffective|p2a: Regicock
|-damage|p2a: Regicock|0 fnt
|faint|p2a: Regicock
|
|-heal|p1a: Garganacl|71/100|[from] item: Leftovers
|upkeep
|
|t:|1776057270
|switch|p2a: Smash|Florges-Blue, F, shiny|100/100
|turn|7
|
|t:|1776057280
|move|p2a: Smash|Moonblast|p1a: Garganacl
|-damage|p1a: Garganacl|36/100
|move|p1a: Garganacl|Salt Cure|p2a: Smash
|-damage|p2a: Smash|89/100
|-start|p2a: Smash|Salt Cure
|
|-heal|p2a: Smash|95/100|[from] item: Leftovers
|-heal|p1a: Garganacl|43/100|[from] item: Leftovers
|-damage|p2a: Smash|82/100|[from] Salt Cure
|upkeep
|turn|8
|
|t:|1776057289
|move|p2a: Smash|Moonblast|p1a: Garganacl
|-damage|p1a: Garganacl|11/100
|move|p1a: Garganacl|Recover|p1a: Garganacl
|-heal|p1a: Garganacl|61/100
|
|-heal|p2a: Smash|89/100|[from] item: Leftovers
|-heal|p1a: Garganacl|68/100|[from] item: Leftovers
|-damage|p2a: Smash|76/100|[from] Salt Cure
|upkeep
|turn|9
|
|t:|1776057298
|move|p2a: Smash|Calm Mind|p2a: Smash
|-boost|p2a: Smash|spa|1
|-boost|p2a: Smash|spd|1
|move|p1a: Garganacl|Body Press|p2a: Smash
|-resisted|p2a: Smash
|-damage|p2a: Smash|35/100
|
|-heal|p2a: Smash|42/100|[from] item: Leftovers
|-heal|p1a: Garganacl|74/100|[from] item: Leftovers
|-damage|p2a: Smash|29/100|[from] Salt Cure
|upkeep
|turn|10
|
|t:|1776057308
|move|p2a: Smash|Moonblast|p1a: Garganacl
|-damage|p1a: Garganacl|22/100
|-unboost|p1a: Garganacl|spa|1
|move|p1a: Garganacl|Body Press|p2a: Smash
|-resisted|p2a: Smash
|-damage|p2a: Smash|0 fnt
|faint|p2a: Smash
|
|-heal|p1a: Garganacl|28/100|[from] item: Leftovers
|upkeep
|-message|ubeprofe123 forfeited.
|
|win|Mizer_zZz
|raw|Mizer_zZz's rating: 1146 &rarr; <strong>1169</strong><br />(+23 for winning)
|raw|ubeprofe123's rating: 1115 &rarr; <strong>1092</strong><br />(-23 for losing)
|l|☆ubeprofe123
|player|p2|
|l|☆Mizer_zZz
|player|p1|
