|html|<div class="broadcast-blue"><strong>[Gen 9] OU is currently suspecting Tera Blast! For information on how to participate check out the <a href="https://www.smogon.com/tools/suspects/view/200">suspect thread</a>.</strong></div>
|j|☆pakkji
|j|☆johtoboi_9
|t:|1776187397
|gametype|singles
|player|p1|pakkji|265|1346
|player|p2|johtoboi_9|bugcatcher-gen4dp|1320
|gen|9
|tier|[Gen 9] OU
|rated|
|rule|HP Percentage Mod: HP is shown in percentages
|rule|Endless Battle Clause: Forcing endless battles is banned
|rule|Species Clause: Limit one of each Pokémon
|rule|OHKO Clause: OHKO moves are banned
|rule|Evasion Items Clause: Evasion items are banned
|rule|Evasion Moves Clause: Evasion moves are banned
|rule|Evasion Abilities Clause: Evasion abilities are banned
|rule|Sleep Moves Clause: Sleep-inducing moves are banned
|clearpoke
|poke|p1|Clefable, F|
|poke|p1|Rillaboom, F|
|poke|p1|Gardevoir, M|
|poke|p1|Latios, M|
|poke|p1|Maushold|
|poke|p1|Cinderace, F|
|poke|p2|Cyndaquil, F|
|poke|p2|Ampharos, F|
|poke|p2|Vileplume, M|
|poke|p2|Umbreon, M|
|poke|p2|Espeon, M|
|poke|p2|Gyarados, M|
|teampreview
|inactive|Battle timer is ON: inactive players will automatically lose when time's up. (requested by pakkji)
|
|t:|1776187416
|teamsize|p1|6
|teamsize|p2|6
|start
|switch|p1a: Rillaboom|Rillaboom, F|100/100
|switch|p2a: ヒノアラシ|Cyndaquil, F, shiny|100/100
|-fieldstart|move: Grassy Terrain|[from] ability: Grassy Surge|[of] p1a: Rillaboom
|turn|1
|
|t:|1776187422
|move|p2a: ヒノアラシ|Will-O-Wisp|p1a: Rillaboom
|-status|p1a: Rillaboom|brn
|move|p1a: Rillaboom|U-turn|p2a: ヒノアラシ
|-resisted|p2a: ヒノアラシ
|-damage|p2a: ヒノアラシ|83/100
|
|t:|1776187429
|switch|p1a: Latios|Latios, M|100/100|[from] U-turn
|
|-heal|p2a: ヒノアラシ|89/100|[from] Grassy Terrain
|upkeep
|turn|2
|
|t:|1776187435
|move|p1a: Latios|Light Screen|p1a: Latios
|-sidestart|p1: pakkji|move: Light Screen
|move|p2a: ヒノアラシ|Smokescreen|p1a: Latios
|-unboost|p1a: Latios|accuracy|1
|
|-heal|p2a: ヒノアラシ|95/100|[from] Grassy Terrain
|upkeep
|turn|3
|
|t:|1776187441
|move|p1a: Latios|Reflect|p1a: Latios
|-sidestart|p1: pakkji|Reflect
|move|p2a: ヒノアラシ|Smokescreen|p1a: Latios
|-unboost|p1a: Latios|accuracy|1
|
|-heal|p2a: ヒノアラシ|100/100|[from] Grassy Terrain
|upkeep
|turn|4
|
|t:|1776187454
|switch|p1a: Maushold|Maushold|100/100
|move|p2a: ヒノアラシ|Will-O-Wisp|p1a: Maushold
|-status|p1a: Maushold|brn
|
|-damage|p1a: Maushold|94/100 brn|[from] brn
|upkeep
|turn|5
|c|☆johtoboi_9|CYBNDAQUIL OWNING
|
|t:|1776187470
|move|p1a: Maushold|Encore|p2a: ヒノアラシ
|-start|p2a: ヒノアラシ|Encore
|move|p2a: ヒノアラシ|Will-O-Wisp|p1a: Maushold
|-fail|p1a: Maushold|brn
|
|-heal|p1a: Maushold|100/100 brn|[from] Grassy Terrain
|-damage|p1a: Maushold|94/100 brn|[from] brn
|upkeep
|turn|6
|
|t:|1776187484
|switch|p2a: ラフレシア|Vileplume, M|100/100
|move|p1a: Maushold|Tidy Up|p1a: Maushold
|-boost|p1a: Maushold|atk|1
|-boost|p1a: Maushold|spe|1
|
|-heal|p1a: Maushold|100/100 brn|[from] Grassy Terrain
|-damage|p1a: Maushold|94/100 brn|[from] brn
|upkeep
|turn|7
|
|t:|1776187493
|move|p1a: Maushold|Population Bomb|p2a: ラフレシア
|-damage|p2a: ラフレシア|95/100
|-damage|p1a: Maushold|78/100 brn|[from] item: Rocky Helmet|[of] p2a: ラフレシア
|-damage|p2a: ラフレシア|88/100
|-damage|p1a: Maushold|61/100 brn|[from] item: Rocky Helmet|[of] p2a: ラフレシア
|-damage|p2a: ラフレシア|81/100
|-damage|p1a: Maushold|44/100 brn|[from] item: Rocky Helmet|[of] p2a: ラフレシア
|-damage|p2a: ラフレシア|74/100
|-damage|p1a: Maushold|28/100 brn|[from] item: Rocky Helmet|[of] p2a: ラフレシア
|-damage|p2a: ラフレシア|68/100
|-damage|p1a: Maushold|11/100 brn|[from] item: Rocky Helmet|[of] p2a: ラフレシア
|-damage|p2a: ラフレシア|62/100
|-damage|p1a: Maushold|0 fnt|[from] item: Rocky Helmet|[of] p2a: ラフレシア
|faint|p1a: Maushold
|-hitcount|p2a: ラフレシア|6
|move|p2a: ラフレシア|Strength Sap|p1: Maushold|[notarget]
|-fail|p2a: ラフレシア
|
|-heal|p2a: ラフレシア|68/100|[from] Grassy Terrain
|upkeep
|l|☆pakkji
|inactive|pakkji disconnected and has a minute to reconnect!
|player|p1|
|j|☆pakkji
|inactive|pakkji reconnected and has 130 seconds left.
|player|p1|pakkji|265|
|c|☆johtoboi_9|;)
|inactive|pakkji has 120 seconds left.
|
|t:|1776187523
|switch|p1a: Latios|Latios, M|100/100
|turn|8
|inactive|pakkji has 120 seconds left.
|l|☆pakkji
|inactive|pakkji disconnected and has a minute to reconnect!
|player|p1|
|j|☆pakkji
|inactive|pakkji reconnected and has 105 seconds left.
|player|p1|pakkji|265|
|
|t:|1776187561
|switch|p2a: ブラッキー|Umbreon, M|100/100
|move|p1a: Latios|Simple Beam|p2a: ブラッキー
|-ability|p2a: ブラッキー|Simple|Synchronize|[from] move: Simple Beam
|
|-fieldend|move: Grassy Terrain
|upkeep
|turn|9
|inactive|pakkji has 90 seconds left.
|
|t:|1776187583
|move|p1a: Latios|Memento|p2a: ブラッキー
|-unboost|p2a: ブラッキー|atk|4
|-unboost|p2a: ブラッキー|spa|4
|faint|p1a: Latios
|move|p2a: ブラッキー|Thunder Wave|p1: Latios|[notarget]
|-fail|p2a: ブラッキー
|
|-sideend|p1: pakkji|move: Light Screen
|upkeep
|
|t:|1776187586
|switch|p1a: Gardevoir|Gardevoir, M|100/100
|-ability|p1a: Gardevoir|Simple|Trace|[from] ability: Trace|[of] p2a: ブラッキー
|turn|10
|
|t:|1776187599
|-terastallize|p1a: Gardevoir|Steel
|move|p1a: Gardevoir|Calm Mind|p1a: Gardevoir
|-boost|p1a: Gardevoir|spa|2
|-boost|p1a: Gardevoir|spd|2
|move|p2a: ブラッキー|Thunder Wave|p1a: Gardevoir|[miss]
|-miss|p2a: ブラッキー|p1a: Gardevoir
|
|-sideend|p1: pakkji|Reflect
|upkeep
|turn|11
|
|t:|1776187606
|move|p1a: Gardevoir|Calm Mind|p1a: Gardevoir
|-boost|p1a: Gardevoir|spa|2
|-boost|p1a: Gardevoir|spd|2
|move|p2a: ブラッキー|Thunder Wave|p1a: Gardevoir
|-status|p1a: Gardevoir|par
|
|upkeep
|turn|12
|
|t:|1776187615
|switch|p2a: ヒノアラシ|Cyndaquil, F, shiny|100/100
|move|p1a: Gardevoir|Calm Mind|p1a: Gardevoir
|-boost|p1a: Gardevoir|spa|2
|-boost|p1a: Gardevoir|spd|2
|
|upkeep
|turn|13
|inactive|pakkji has 120 seconds left.
|
|t:|1776187632
|move|p2a: ヒノアラシ|Smokescreen|p1a: Gardevoir
|-unboost|p1a: Gardevoir|accuracy|2
|cant|p1a: Gardevoir|par
|
|upkeep
|turn|14
|-message|pakkji forfeited.
|
|win|johtoboi_9
|raw|pakkji's rating: 1346 &rarr; <strong>1325</strong><br />(-21 for losing)
|raw|johtoboi_9's rating: 1320 &rarr; <strong>1341</strong><br />(+21 for winning)
|l|☆pakkji
|player|p1|
