|html|<div class="broadcast-blue"><strong>[Gen 9] OU is currently suspecting Volcarona! For information on how to participate check out the <a href="https://www.smogon.com/tools/suspects/view/208">suspect thread</a>.</strong></div>
|j|☆Emily_Lernaea
|j|☆brand0n_0
|t:|1778501568
|gametype|singles
|player|p1|Emily_Lernaea|265|1448
|player|p2|brand0n_0|ingo|1399
|gen|9
|tier|[Gen 9] OU
|rated|
|rule|HP Percentage Mod: HP is shown in percentages
|rule|Endless Battle Clause: Forcing endless battles is banned
|rule|Species Clause: Limit one of each Pokémon
|rule|OHKO Clause: OHKO moves are banned
|rule|Evasion Items Clause: Evasion items are banned
|rule|Evasion Moves Clause: Evasion moves are banned
|rule|Evasion Abilities Clause: Evasion abilities are banned
|rule|Sleep Moves Clause: Sleep-inducing moves are banned
|clearpoke
|poke|p1|Ogerpon, F|
|poke|p1|Blissey, F|
|poke|p1|Gliscor, F|
|poke|p1|Pecharunt|
|poke|p1|Skarmory, F|
|poke|p1|Clefable, F|
|poke|p2|Gholdengo|
|poke|p2|Kyurem|
|poke|p2|Darkrai|
|poke|p2|Zapdos|
|poke|p2|Great Tusk|
|poke|p2|Volcarona, M|
|teampreview
|inactive|Battle timer is ON: inactive players will automatically lose when time's up. (requested by Emily_Lernaea)
|
|t:|1778501585
|teamsize|p1|6
|teamsize|p2|6
|start
|switch|p1a: Ogerpon|Ogerpon, F|100/100
|switch|p2a: Kyurem|Kyurem|100/100
|-ability|p2a: Kyurem|Pressure
|turn|1
|
|t:|1778501591
|switch|p1a: Blissey|Blissey, F|100/100
|move|p2a: Kyurem|Dragon Dance|p2a: Kyurem
|-boost|p2a: Kyurem|atk|1
|-boost|p2a: Kyurem|spe|1
|
|upkeep
|turn|2
|
|t:|1778501595
|switch|p1a: Pecharunt|Pecharunt|100/100
|move|p2a: Kyurem|Icicle Spear|p1a: Pecharunt
|-damage|p1a: Pecharunt|92/100
|-damage|p1a: Pecharunt|82/100
|-damage|p1a: Pecharunt|73/100
|-damage|p1a: Pecharunt|64/100
|-hitcount|p1a: Pecharunt|4
|
|upkeep
|turn|3
|
|t:|1778501604
|move|p2a: Kyurem|Shadow Claw|p1a: Pecharunt
|-supereffective|p1a: Pecharunt
|-damage|p1a: Pecharunt|32/100
|move|p1a: Pecharunt|Toxic|p2a: Kyurem
|-status|p2a: Kyurem|tox
|-start|p2a: Kyurem|confusion|[from] ability: Poison Puppeteer|[of] p1a: Pecharunt
|
|-damage|p2a: Kyurem|94/100 tox|[from] psn
|upkeep
|turn|4
|
|t:|1778501621
|switch|p1a: Skarmory|Skarmory, F, shiny|100/100
|-activate|p2a: Kyurem|confusion
|move|p2a: Kyurem|Icicle Spear|p1a: Skarmory
|-damage|p1a: Skarmory|88/100
|-damage|p1a: Skarmory|75/100
|-damage|p1a: Skarmory|64/100
|-damage|p1a: Skarmory|52/100
|-hitcount|p1a: Skarmory|4
|
|-damage|p2a: Kyurem|82/100 tox|[from] psn
|upkeep
|turn|5
|
|t:|1778501627
|switch|p2a: Zapdos|Zapdos|100/100
|move|p1a: Skarmory|Roost|p1a: Skarmory
|-heal|p1a: Skarmory|100/100
|-singleturn|p1a: Skarmory|move: Roost
|
|upkeep
|turn|6
|
|t:|1778501630
|switch|p1a: Gliscor|Gliscor, F|100/100
|move|p2a: Zapdos|Hurricane|p1a: Gliscor
|-damage|p1a: Gliscor|64/100
|
|-status|p1a: Gliscor|tox|[from] item: Toxic Orb
|upkeep
|turn|7
|
|t:|1778501635
|switch|p2a: Great Tusk|Great Tusk|100/100
|-enditem|p2a: Great Tusk|Booster Energy
|-activate|p2a: Great Tusk|ability: Protosynthesis|[fromitem]
|-start|p2a: Great Tusk|protosynthesisspe
|move|p1a: Gliscor|Knock Off|p2a: Great Tusk
|-resisted|p2a: Great Tusk
|-damage|p2a: Great Tusk|96/100
|
|-heal|p1a: Gliscor|76/100 tox|[from] ability: Poison Heal
|upkeep
|turn|8
|
|t:|1778501641
|move|p1a: Gliscor|Protect|p1a: Gliscor
|-singleturn|p1a: Gliscor|Protect
|move|p2a: Great Tusk|Bulk Up|p2a: Great Tusk
|-boost|p2a: Great Tusk|atk|1
|-boost|p2a: Great Tusk|def|1
|
|-heal|p1a: Gliscor|89/100 tox|[from] ability: Poison Heal
|upkeep
|turn|9
|
|t:|1778501643
|-terastallize|p1a: Gliscor|Water
|move|p2a: Great Tusk|Ice Spinner|p1a: Gliscor
|-resisted|p1a: Gliscor
|-damage|p1a: Gliscor|76/100 tox
|move|p1a: Gliscor|Toxic|p2a: Great Tusk
|-status|p2a: Great Tusk|tox
|
|-damage|p2a: Great Tusk|90/100 tox|[from] psn
|-heal|p1a: Gliscor|89/100 tox|[from] ability: Poison Heal
|upkeep
|turn|10
|
|t:|1778501649
|switch|p1a: Skarmory|Skarmory, F, shiny|100/100
|move|p2a: Great Tusk|Headlong Rush|p1a: Skarmory
|-immune|p1a: Skarmory
|
|-damage|p2a: Great Tusk|78/100 tox|[from] psn
|upkeep
|turn|11
|
|t:|1778501652
|-end|p2a: Great Tusk|Protosynthesis|[silent]
|switch|p2a: Zapdos|Zapdos|100/100
|move|p1a: Skarmory|Iron Defense|p1a: Skarmory
|-boost|p1a: Skarmory|def|2
|
|upkeep
|turn|12
|
|t:|1778501659
|switch|p1a: Blissey|Blissey, F|100/100
|move|p2a: Zapdos|Thunder Wave|p1a: Blissey
|-status|p1a: Blissey|par
|
|upkeep
|turn|13
|
|t:|1778501662
|move|p2a: Zapdos|Volt Switch|p1a: Blissey
|-crit|p1a: Blissey
|-damage|p1a: Blissey|86/100 par
|
|t:|1778501665
|switch|p2a: Great Tusk|Great Tusk|78/100 tox|[from] Volt Switch
|move|p1a: Blissey|Stealth Rock|p2a: Great Tusk
|-sidestart|p2: brand0n_0|move: Stealth Rock
|
|-damage|p2a: Great Tusk|71/100 tox|[from] psn
|upkeep
|turn|14
|
|t:|1778501668
|-end|p2a: Great Tusk|Protosynthesis|[silent]
|switch|p2a: Zapdos|Zapdos|100/100
|-curestatus|p1a: Blissey|par|[from] ability: Natural Cure|[silent]
|switch|p1a: Gliscor|Gliscor, F, tera:Water|89/100 tox
|
|-heal|p1a: Gliscor|100/100 tox|[from] ability: Poison Heal
|upkeep
|turn|15
|
|t:|1778501673
|switch|p1a: Blissey|Blissey, F|86/100
|move|p2a: Zapdos|Volt Switch|p1a: Blissey
|-damage|p1a: Blissey|77/100
|
|t:|1778501678
|switch|p2a: Great Tusk|Great Tusk|71/100 tox|[from] Volt Switch
|-damage|p2a: Great Tusk|68/100 tox|[from] Stealth Rock
|
|-damage|p2a: Great Tusk|62/100 tox|[from] psn
|upkeep
|turn|16
|
|t:|1778501684
|switch|p1a: Skarmory|Skarmory, F, shiny|100/100
|move|p2a: Great Tusk|Rapid Spin|p1a: Skarmory
|-resisted|p1a: Skarmory
|-damage|p1a: Skarmory|96/100
|-boost|p2a: Great Tusk|spe|1
|-damage|p2a: Great Tusk|46/100 tox|[from] item: Rocky Helmet|[of] p1a: Skarmory
|-sideend|p2: brand0n_0|Stealth Rock|[from] move: Rapid Spin|[of] p2a: Great Tusk
|
|-damage|p2a: Great Tusk|33/100 tox|[from] psn
|upkeep
|turn|17
|
|t:|1778501690
|-end|p2a: Great Tusk|Protosynthesis|[silent]
|switch|p2a: Zapdos|Zapdos|100/100
|move|p1a: Skarmory|Spikes|p2a: Zapdos
|-sidestart|p2: brand0n_0|Spikes
|
|upkeep
|turn|18
|
|t:|1778501693
|switch|p1a: Blissey|Blissey, F|77/100
|move|p2a: Zapdos|Volt Switch|p1a: Blissey
|-damage|p1a: Blissey|68/100
|
|t:|1778501701
|switch|p2a: Kyurem|Kyurem|82/100 tox|[from] Volt Switch
|-damage|p2a: Kyurem|70/100 tox|[from] Spikes
|-ability|p2a: Kyurem|Pressure
|
|-damage|p2a: Kyurem|64/100 tox|[from] psn
|upkeep
|turn|19
|
|t:|1778501706
|switch|p1a: Skarmory|Skarmory, F, shiny|96/100
|move|p2a: Kyurem|Scale Shot|p1a: Skarmory
|-resisted|p1a: Skarmory
|-damage|p1a: Skarmory|92/100
|-resisted|p1a: Skarmory
|-damage|p1a: Skarmory|88/100
|-resisted|p1a: Skarmory
|-damage|p1a: Skarmory|85/100
|-resisted|p1a: Skarmory
|-crit|p1a: Skarmory
|-damage|p1a: Skarmory|79/100
|-hitcount|p1a: Skarmory|4
|-unboost|p2a: Kyurem|def|1
|-boost|p2a: Kyurem|spe|1
|
|-damage|p2a: Kyurem|51/100 tox|[from] psn
|upkeep
|turn|20
|
|t:|1778501711
|switch|p2a: Zapdos|Zapdos|100/100
|move|p1a: Skarmory|Body Press|p2a: Zapdos
|-resisted|p2a: Zapdos
|-damage|p2a: Zapdos|88/100
|-status|p1a: Skarmory|par|[from] ability: Static|[of] p2a: Zapdos
|
|upkeep
|turn|21
|
|t:|1778501717
|switch|p1a: Blissey|Blissey, F|68/100
|move|p2a: Zapdos|Volt Switch|p1a: Blissey
|-damage|p1a: Blissey|59/100
|
|t:|1778501721
|switch|p2a: Kyurem|Kyurem|51/100 tox|[from] Volt Switch
|-damage|p2a: Kyurem|39/100 tox|[from] Spikes
|-ability|p2a: Kyurem|Pressure
|
|-damage|p2a: Kyurem|33/100 tox|[from] psn
|upkeep
|turn|22
|
|t:|1778501724
|switch|p2a: Zapdos|Zapdos|88/100
|move|p1a: Blissey|Soft-Boiled|p1a: Blissey
|-heal|p1a: Blissey|100/100
|
|upkeep
|turn|23
|
|t:|1778501727
|move|p2a: Zapdos|Thunder Wave|p1a: Blissey
|-status|p1a: Blissey|par
|cant|p1a: Blissey|par
|
|upkeep
|turn|24
|
|t:|1778501730
|move|p2a: Zapdos|Volt Switch|p1a: Blissey
|-damage|p1a: Blissey|92/100 par
|
|t:|1778501732
|switch|p2a: Great Tusk|Great Tusk|33/100 tox|[from] Volt Switch
|-damage|p2a: Great Tusk|21/100 tox|[from] Spikes
|cant|p1a: Blissey|par
|
|-damage|p2a: Great Tusk|15/100 tox|[from] psn
|upkeep
|turn|25
|inactive|Emily_Lernaea has 120 seconds left.
|
|t:|1778501779
|-curestatus|p1a: Blissey|par|[from] ability: Natural Cure|[silent]
|switch|p1a: Skarmory|Skarmory, F, shiny|79/100 par
|move|p2a: Great Tusk|Rapid Spin|p1a: Skarmory
|-resisted|p1a: Skarmory
|-damage|p1a: Skarmory|74/100 par
|-boost|p2a: Great Tusk|spe|1
|-damage|p2a: Great Tusk|0 fnt|[from] item: Rocky Helmet|[of] p1a: Skarmory
|faint|p2a: Great Tusk
|-end|p2a: Great Tusk|Protosynthesis|[silent]
|
|upkeep
|
|t:|1778501782
|switch|p2a: Volcarona|Volcarona, M|100/100
|turn|26
|
|t:|1778501785
|switch|p1a: Blissey|Blissey, F|92/100
|move|p2a: Volcarona|Quiver Dance|p2a: Volcarona
|-boost|p2a: Volcarona|spa|1
|-boost|p2a: Volcarona|spd|1
|-boost|p2a: Volcarona|spe|1
|
|upkeep
|turn|27
|
|t:|1778501788
|move|p2a: Volcarona|Substitute|p2a: Volcarona
|-start|p2a: Volcarona|Substitute
|-damage|p2a: Volcarona|76/100
|move|p1a: Blissey|Calm Mind|p1a: Blissey
|-boost|p1a: Blissey|spa|1
|-boost|p1a: Blissey|spd|1
|
|upkeep
|turn|28
|
|t:|1778501790
|move|p2a: Volcarona|Quiver Dance|p2a: Volcarona
|-boost|p2a: Volcarona|spa|1
|-boost|p2a: Volcarona|spd|1
|-boost|p2a: Volcarona|spe|1
|move|p1a: Blissey|Calm Mind|p1a: Blissey
|-boost|p1a: Blissey|spa|1
|-boost|p1a: Blissey|spd|1
|
|upkeep
|turn|29
|
|t:|1778501793
|move|p2a: Volcarona|Fiery Dance|p1a: Blissey
|-damage|p1a: Blissey|81/100
|-boost|p2a: Volcarona|spa|1
|move|p1a: Blissey|Calm Mind|p1a: Blissey
|-boost|p1a: Blissey|spa|1
|-boost|p1a: Blissey|spd|1
|
|upkeep
|turn|30
|
|t:|1778501796
|move|p2a: Volcarona|Fiery Dance|p1a: Blissey
|-damage|p1a: Blissey|70/100
|move|p1a: Blissey|Calm Mind|p1a: Blissey
|-boost|p1a: Blissey|spa|1
|-boost|p1a: Blissey|spd|1
|
|upkeep
|turn|31
|
|t:|1778501798
|move|p2a: Volcarona|Fiery Dance|p1a: Blissey
|-damage|p1a: Blissey|60/100
|-boost|p2a: Volcarona|spa|1
|move|p1a: Blissey|Calm Mind|p1a: Blissey
|-boost|p1a: Blissey|spa|1
|-boost|p1a: Blissey|spd|1
|
|upkeep
|turn|32
|
|t:|1778501803
|move|p2a: Volcarona|Fiery Dance|p1a: Blissey
|-damage|p1a: Blissey|50/100
|-boost|p2a: Volcarona|spa|1
|move|p1a: Blissey|Soft-Boiled|p1a: Blissey
|-heal|p1a: Blissey|99/100
|
|upkeep
|turn|33
|
|t:|1778501808
|switch|p2a: Zapdos|Zapdos|88/100
|move|p1a: Blissey|Seismic Toss|p2a: Zapdos
|-damage|p2a: Zapdos|62/100
|
|upkeep
|turn|34
|
|t:|1778501812
|move|p2a: Zapdos|Thunder Wave|p1a: Blissey
|-status|p1a: Blissey|par
|move|p1a: Blissey|Stealth Rock|p2a: Zapdos
|-sidestart|p2: brand0n_0|move: Stealth Rock
|
|upkeep
|turn|35
|
|t:|1778501819
|move|p2a: Zapdos|Volt Switch|p1a: Blissey
|-damage|p1a: Blissey|98/100 par
|
|t:|1778501820
|switch|p2a: Kyurem|Kyurem|33/100 tox|[from] Volt Switch
|-damage|p2a: Kyurem|21/100 tox|[from] Spikes
|-damage|p2a: Kyurem|0 fnt|[from] Stealth Rock
|faint|p2a: Kyurem
|move|p1a: Blissey|Seismic Toss|p2: Kyurem|[notarget]
|-fail|p1a: Blissey
|
|upkeep
|
|t:|1778501826
|switch|p2a: Zapdos|Zapdos|62/100
|turn|36
|-message|brand0n_0 forfeited.
|
|win|Emily_Lernaea
|raw|Emily_Lernaea's rating: 1448 &rarr; <strong>1465</strong><br />(+17 for winning)
|raw|brand0n_0's rating: 1399 &rarr; <strong>1382</strong><br />(-17 for losing)
|l|☆brand0n_0
|player|p2|
