|html|<div class="broadcast-blue"><strong>[Gen 9] OU is currently suspecting Tera Blast! For information on how to participate check out the <a href="https://www.smogon.com/tools/suspects/view/200">suspect thread</a>.</strong></div>
|j|☆mothfox
|j|☆24iomxx
|t:|1776131578
|gametype|singles
|player|p1|mothfox|colress|1241
|player|p2|24iomxx|hilbert-masters|1213
|gen|9
|tier|[Gen 9] OU
|rated|
|rule|HP Percentage Mod: HP is shown in percentages
|rule|Endless Battle Clause: Forcing endless battles is banned
|rule|Species Clause: Limit one of each Pokémon
|rule|OHKO Clause: OHKO moves are banned
|rule|Evasion Items Clause: Evasion items are banned
|rule|Evasion Moves Clause: Evasion moves are banned
|rule|Evasion Abilities Clause: Evasion abilities are banned
|rule|Sleep Moves Clause: Sleep-inducing moves are banned
|clearpoke
|poke|p1|Dragonite, F|
|poke|p1|Samurott-Hisui, M|
|poke|p1|Clefable, M|
|poke|p1|Gliscor, F|
|poke|p1|Gholdengo|
|poke|p1|Zamazenta-*|
|poke|p2|Hydreigon, F|
|poke|p2|Excadrill, M|
|poke|p2|Galvantula, F|
|poke|p2|Chandelure, F|
|poke|p2|Amoonguss, F|
|poke|p2|Braviary, M|
|teampreview
|inactive|Battle timer is ON: inactive players will automatically lose when time's up. (requested by mothfox)
|c|☆mothfox|why did you queue into OU?
|inactive|mothfox has 120 seconds left.
|
|t:|1776131616
|teamsize|p1|6
|teamsize|p2|6
|start
|switch|p1a: Clefable|Clefable, M|100/100
|switch|p2a: Galvantula|Galvantula, F|100/100
|turn|1
|
|t:|1776131622
|move|p2a: Galvantula|Sticky Web|p1a: Clefable
|-sidestart|p1: mothfox|move: Sticky Web
|move|p1a: Clefable|Stealth Rock|p2a: Galvantula
|-sidestart|p2: 24iomxx|move: Stealth Rock
|
|upkeep
|turn|2
|
|t:|1776131627
|switch|p2a: Excadrill|Excadrill, M|100/100
|-damage|p2a: Excadrill|97/100|[from] Stealth Rock
|-ability|p2a: Excadrill|Mold Breaker
|-item|p2a: Excadrill|Air Balloon
|move|p1a: Clefable|Knock Off|p2a: Excadrill
|-damage|p2a: Excadrill|77/100
|-enditem|p2a: Excadrill|Air Balloon
|
|upkeep
|turn|3
|
|t:|1776131651
|switch|p1a: Gliscor|Gliscor, F|100/100
|move|p2a: Excadrill|Swords Dance|p2a: Excadrill
|-boost|p2a: Excadrill|atk|2
|
|-status|p1a: Gliscor|tox|[from] item: Toxic Orb
|upkeep
|turn|4
|
|t:|1776131667
|switch|p2a: Hydreigon|Hydreigon, F|100/100
|-damage|p2a: Hydreigon|88/100|[from] Stealth Rock
|move|p1a: Gliscor|Facade|p2a: Hydreigon
|-damage|p2a: Hydreigon|55/100
|
|-heal|p2a: Hydreigon|61/100|[from] item: Leftovers
|upkeep
|turn|5
|
|t:|1776131681
|move|p1a: Gliscor|Protect|p1a: Gliscor
|-singleturn|p1a: Gliscor|Protect
|move|p2a: Hydreigon|Nasty Plot|p2a: Hydreigon
|-boost|p2a: Hydreigon|spa|2
|
|-heal|p2a: Hydreigon|68/100|[from] item: Leftovers
|upkeep
|turn|6
|
|t:|1776131690
|switch|p1a: Clefable|Clefable, M|100/100
|-activate|p1a: Clefable|move: Sticky Web
|-unboost|p1a: Clefable|spe|1
|move|p2a: Hydreigon|Draco Meteor|p1a: Clefable
|-immune|p1a: Clefable
|
|-heal|p2a: Hydreigon|74/100|[from] item: Leftovers
|upkeep
|turn|7
|
|t:|1776131700
|move|p2a: Hydreigon|Flash Cannon|p1a: Clefable
|-supereffective|p1a: Clefable
|-damage|p1a: Clefable|0 fnt
|faint|p1a: Clefable
|
|-heal|p2a: Hydreigon|80/100|[from] item: Leftovers
|upkeep
|
|t:|1776131712
|switch|p1a: Samurott|Samurott-Hisui, M|100/100
|-activate|p1a: Samurott|move: Sticky Web
|-unboost|p1a: Samurott|spe|1
|turn|8
|
|t:|1776131725
|move|p1a: Samurott|Sucker Punch||[still]
|-fail|p1a: Samurott
|move|p2a: Hydreigon|Substitute|p2a: Hydreigon
|-start|p2a: Hydreigon|Substitute
|-damage|p2a: Hydreigon|55/100
|
|-heal|p2a: Hydreigon|61/100|[from] item: Leftovers
|upkeep
|turn|9
|
|t:|1776131731
|move|p2a: Hydreigon|Nasty Plot|p2a: Hydreigon
|-boost|p2a: Hydreigon|spa|2
|move|p1a: Samurott|Ceaseless Edge|p2a: Hydreigon|[miss]
|-miss|p1a: Samurott|p2a: Hydreigon
|
|-heal|p2a: Hydreigon|67/100|[from] item: Leftovers
|upkeep
|turn|10
|
|t:|1776131745
|move|p2a: Hydreigon|Nasty Plot|p2a: Hydreigon
|-boost|p2a: Hydreigon|spa|2
|move|p1a: Samurott|Ceaseless Edge|p2a: Hydreigon
|-resisted|p2a: Hydreigon
|-end|p2a: Hydreigon|Substitute
|-sidestart|p2: 24iomxx|Spikes
|
|-heal|p2a: Hydreigon|73/100|[from] item: Leftovers
|upkeep
|turn|11
|
|t:|1776131754
|move|p1a: Samurott|Sucker Punch||[still]
|-fail|p1a: Samurott
|move|p2a: Hydreigon|Substitute|p2a: Hydreigon
|-start|p2a: Hydreigon|Substitute
|-damage|p2a: Hydreigon|48/100
|
|-heal|p2a: Hydreigon|55/100|[from] item: Leftovers
|upkeep
|turn|12
|
|t:|1776131760
|move|p2a: Hydreigon|Draco Meteor|p1a: Samurott
|-damage|p1a: Samurott|0 fnt
|-unboost|p2a: Hydreigon|spa|2
|faint|p1a: Samurott
|
|-heal|p2a: Hydreigon|61/100|[from] item: Leftovers
|upkeep
|
|t:|1776131767
|switch|p1a: Gholdengo|Gholdengo|100/100
|-activate|p1a: Gholdengo|move: Sticky Web
|-unboost|p1a: Gholdengo|spe|1
|turn|13
|
|t:|1776131776
|move|p2a: Hydreigon|Nasty Plot|p2a: Hydreigon
|-boost|p2a: Hydreigon|spa|2
|move|p1a: Gholdengo|Make It Rain|p2a: Hydreigon
|-end|p2a: Hydreigon|Substitute
|-unboost|p1a: Gholdengo|spa|1
|
|-heal|p2a: Hydreigon|67/100|[from] item: Leftovers
|upkeep
|turn|14
|-message|mothfox forfeited.
|
|win|24iomxx
|raw|mothfox's rating: 1241 &rarr; <strong>1214</strong><br />(-27 for losing)
|raw|24iomxx's rating: 1213 &rarr; <strong>1240</strong><br />(+27 for winning)
