|html|<div class="broadcast-blue"><strong>[Gen 9] OU is currently suspecting Tera Blast! For information on how to participate check out the <a href="https://www.smogon.com/tools/suspects/view/200">suspect thread</a>.</strong></div>
|j|☆Shattersong
|j|☆nyalicethotep
|t:|1776305033
|gametype|singles
|player|p1|Shattersong|wattson|1365
|player|p2|nyalicethotep|palmer|1283
|gen|9
|tier|[Gen 9] OU
|rated|
|rule|HP Percentage Mod: HP is shown in percentages
|rule|Endless Battle Clause: Forcing endless battles is banned
|rule|Species Clause: Limit one of each Pokémon
|rule|OHKO Clause: OHKO moves are banned
|rule|Evasion Items Clause: Evasion items are banned
|rule|Evasion Moves Clause: Evasion moves are banned
|rule|Evasion Abilities Clause: Evasion abilities are banned
|rule|Sleep Moves Clause: Sleep-inducing moves are banned
|clearpoke
|poke|p1|Glimmora, F|
|poke|p1|Raging Bolt|
|poke|p1|Cinderace, F|
|poke|p1|Quaquaval, M|
|poke|p1|Ninetales-Alola, F|
|poke|p1|Gholdengo|
|poke|p2|Dragonite, M|
|poke|p2|Zamazenta-*|
|poke|p2|Landorus-Therian, M|
|poke|p2|Slowking-Galar, F|
|poke|p2|Kyurem|
|poke|p2|Weezing-Galar, F|
|teampreview
|
|t:|1776305050
|teamsize|p1|6
|teamsize|p2|6
|start
|switch|p1a: Jewel|Glimmora, F, shiny|100/100
|switch|p2a: Zamazenta|Zamazenta|100/100
|-ability|p2a: Zamazenta|Dauntless Shield|boost
|-boost|p2a: Zamazenta|def|1
|turn|1
|
|t:|1776305057
|move|p2a: Zamazenta|Heavy Slam|p1a: Jewel
|-supereffective|p1a: Jewel
|-damage|p1a: Jewel|26/100
|-activate|p1a: Jewel|ability: Toxic Debris
|-sidestart|p2: nyalicethotep|move: Toxic Spikes
|move|p1a: Jewel|Rock Polish|p1a: Jewel
|-boost|p1a: Jewel|spe|2
|
|upkeep
|turn|2
|
|t:|1776305067
|move|p1a: Jewel|Meteor Beam||[still]
|-prepare|p1a: Jewel|Meteor Beam
|-boost|p1a: Jewel|spa|1
|-enditem|p1a: Jewel|Power Herb
|-anim|p1a: Jewel|Meteor Beam|p2a: Zamazenta
|-resisted|p2a: Zamazenta
|-damage|p2a: Zamazenta|53/100
|move|p2a: Zamazenta|Heavy Slam|p1a: Jewel
|-supereffective|p1a: Jewel
|-damage|p1a: Jewel|0 fnt
|-activate|p1a: Jewel|ability: Toxic Debris
|-sidestart|p2: nyalicethotep|move: Toxic Spikes
|faint|p1a: Jewel
|
|upkeep
|
|t:|1776305083
|switch|p1a: Raging Bolt|Raging Bolt|100/100
|turn|3
|
|t:|1776305090
|switch|p2a: Slowking|Slowking-Galar, F|100/100
|-sideend|p2: nyalicethotep|move: Toxic Spikes|[of] p2a: Slowking
|move|p1a: Raging Bolt|Calm Mind|p1a: Raging Bolt
|-boost|p1a: Raging Bolt|spa|1
|-boost|p1a: Raging Bolt|spd|1
|
|upkeep
|turn|4
|
|t:|1776305097
|move|p1a: Raging Bolt|Calm Mind|p1a: Raging Bolt
|-boost|p1a: Raging Bolt|spa|1
|-boost|p1a: Raging Bolt|spd|1
|-prepare|p2a: Slowking|Chilly Reception|[premajor]
|move|p2a: Slowking|Chilly Reception|p2a: Slowking
|-weather|Snowscape
|
|t:|1776305100
|switch|p2a: Landorus|Landorus-Therian, M|100/100|[from] Chilly Reception
|-ability|p2a: Landorus|Intimidate|boost
|-unboost|p1a: Raging Bolt|atk|1
|
|-weather|Snowscape|[upkeep]
|upkeep
|turn|5
|
|t:|1776305109
|-terastallize|p1a: Raging Bolt|Flying
|move|p2a: Landorus|Earthquake|p1a: Raging Bolt
|-immune|p1a: Raging Bolt
|move|p1a: Raging Bolt|Dragon Pulse|p2a: Landorus
|-damage|p2a: Landorus|0 fnt
|faint|p2a: Landorus
|
|-weather|Snowscape|[upkeep]
|upkeep
|
|t:|1776305114
|switch|p2a: Kyurem|Kyurem|100/100
|-ability|p2a: Kyurem|Pressure
|turn|6
|
|t:|1776305124
|move|p2a: Kyurem|Ice Beam|p1a: Raging Bolt
|-supereffective|p1a: Raging Bolt
|-crit|p1a: Raging Bolt
|-damage|p1a: Raging Bolt|0 fnt
|faint|p1a: Raging Bolt
|-end|p1a: Raging Bolt|Protosynthesis|[silent]
|
|-weather|Snowscape|[upkeep]
|upkeep
|
|t:|1776305131
|switch|p1a: Gala|Cinderace, F, shiny|100/100
|turn|7
|
|t:|1776305139
|switch|p2a: Weezing|Weezing-Galar, F|100/100
|-ability|p2a: Weezing|Neutralizing Gas
|move|p1a: Gala|Low Kick|p2a: Weezing
|-resisted|p2a: Weezing
|-damage|p2a: Weezing|98/100
|
|-weather|Snowscape|[upkeep]
|upkeep
|turn|8
|
|t:|1776305151
|-end|p2a: Weezing|ability: Neutralizing Gas
|switch|p2a: Dragonite|Dragonite, M|100/100
|move|p1a: Gala|Pyro Ball|p2a: Dragonite
|-resisted|p2a: Dragonite
|-damage|p2a: Dragonite|85/100
|
|-weather|none
|upkeep
|turn|9
|
|t:|1776305160
|switch|p1a: Jade|Ninetales-Alola, F, shiny|100/100
|-weather|Snowscape|[from] ability: Snow Warning|[of] p1a: Jade
|move|p2a: Dragonite|Dragon Dance|p2a: Dragonite
|-boost|p2a: Dragonite|atk|1
|-boost|p2a: Dragonite|spe|1
|
|-weather|Snowscape|[upkeep]
|upkeep
|turn|10
|
|t:|1776305169
|-terastallize|p2a: Dragonite|Normal
|move|p2a: Dragonite|Extreme Speed|p1a: Jade
|-damage|p1a: Jade|32/100
|move|p1a: Jade|Aurora Veil|p1a: Jade
|-sidestart|p1: Shattersong|move: Aurora Veil
|
|-weather|Snowscape|[upkeep]
|upkeep
|turn|11
|
|t:|1776305178
|move|p2a: Dragonite|Dragon Dance|p2a: Dragonite
|-boost|p2a: Dragonite|atk|1
|-boost|p2a: Dragonite|spe|1
|move|p1a: Jade|Blizzard|p2a: Dragonite
|-damage|p2a: Dragonite|41/100
|
|-weather|Snowscape|[upkeep]
|upkeep
|turn|12
|
|t:|1776305186
|move|p2a: Dragonite|Roost|p2a: Dragonite
|-heal|p2a: Dragonite|91/100
|move|p1a: Jade|Blizzard|p2a: Dragonite
|-damage|p2a: Dragonite|47/100
|
|-weather|Snowscape|[upkeep]
|upkeep
|turn|13
|
|t:|1776305196
|move|p2a: Dragonite|Roost|p2a: Dragonite
|-heal|p2a: Dragonite|97/100
|move|p1a: Jade|Blizzard|p2a: Dragonite
|-damage|p2a: Dragonite|57/100
|
|-weather|none
|upkeep
|turn|14
|
|t:|1776305205
|switch|p1a: Soleil|Gholdengo|100/100
|-item|p1a: Soleil|Air Balloon
|move|p2a: Dragonite|Roost|p2a: Dragonite
|-heal|p2a: Dragonite|100/100
|
|upkeep
|turn|15
|
|t:|1776305213
|switch|p2a: Zamazenta|Zamazenta|53/100
|move|p1a: Soleil|Nasty Plot|p1a: Soleil
|-boost|p1a: Soleil|spa|2
|
|upkeep
|turn|16
|
|t:|1776305220
|move|p2a: Zamazenta|Crunch|p1a: Soleil
|-supereffective|p1a: Soleil
|-damage|p1a: Soleil|68/100
|-enditem|p1a: Soleil|Air Balloon
|move|p1a: Soleil|Make It Rain|p2a: Zamazenta
|-damage|p2a: Zamazenta|0 fnt
|-unboost|p1a: Soleil|spa|1
|faint|p2a: Zamazenta
|
|upkeep
|
|t:|1776305229
|switch|p2a: Kyurem|Kyurem|100/100
|-ability|p2a: Kyurem|Pressure
|turn|17
|
|t:|1776305235
|switch|p2a: Slowking|Slowking-Galar, F|100/100
|move|p1a: Soleil|Make It Rain|p2a: Slowking
|-damage|p2a: Slowking|46/100
|-unboost|p1a: Soleil|spa|1
|
|-sideend|p1: Shattersong|move: Aurora Veil
|upkeep
|turn|18
|
|t:|1776305245
|move|p1a: Soleil|Nasty Plot|p1a: Soleil
|-boost|p1a: Soleil|spa|2
|-prepare|p2a: Slowking|Chilly Reception|[premajor]
|move|p2a: Slowking|Chilly Reception|p2a: Slowking
|-weather|Snowscape
|
|t:|1776305248
|switch|p2a: Kyurem|Kyurem|100/100|[from] Chilly Reception
|-ability|p2a: Kyurem|Pressure
|
|-weather|Snowscape|[upkeep]
|upkeep
|turn|19
|
|t:|1776305257
|move|p2a: Kyurem|Earth Power|p1a: Soleil
|-supereffective|p1a: Soleil
|-damage|p1a: Soleil|0 fnt
|faint|p1a: Soleil
|
|-weather|Snowscape|[upkeep]
|upkeep
|
|t:|1776305265
|switch|p1a: Jade|Ninetales-Alola, F, shiny|32/100
|turn|20
|
|t:|1776305271
|switch|p2a: Dragonite|Dragonite, M, tera:Normal|100/100
|move|p1a: Jade|Aurora Veil|p1a: Jade
|-sidestart|p1: Shattersong|move: Aurora Veil
|
|-weather|Snowscape|[upkeep]
|upkeep
|turn|21
|
|t:|1776305278
|switch|p1a: Gala|Cinderace, F, shiny|100/100
|move|p2a: Dragonite|Dragon Dance|p2a: Dragonite
|-boost|p2a: Dragonite|atk|1
|-boost|p2a: Dragonite|spe|1
|
|-weather|Snowscape|[upkeep]
|upkeep
|turn|22
|
|t:|1776305285
|move|p2a: Dragonite|Earthquake|p1a: Gala
|-supereffective|p1a: Gala
|-damage|p1a: Gala|15/100
|move|p1a: Gala|Low Kick|p2a: Dragonite
|-start|p1a: Gala|typechange|Fighting|[from] ability: Libero
|-supereffective|p2a: Dragonite
|-damage|p2a: Dragonite|34/100
|
|-weather|none
|upkeep
|turn|23
|
|t:|1776305295
|move|p2a: Dragonite|Extreme Speed|p1a: Gala
|-damage|p1a: Gala|0 fnt
|faint|p1a: Gala
|
|upkeep
|
|t:|1776305300
|switch|p1a: Seadall|Quaquaval, M|100/100
|turn|24
|
|t:|1776305308
|switch|p2a: Weezing|Weezing-Galar, F|98/100
|-ability|p2a: Weezing|Neutralizing Gas
|move|p1a: Seadall|Triple Axel|p2a: Weezing
|-damage|p2a: Weezing|94/100
|-hitcount|p2a: Weezing|1
|
|upkeep
|turn|25
|
|t:|1776305315
|move|p1a: Seadall|Aqua Step|p2a: Weezing
|-damage|p2a: Weezing|69/100
|-boost|p1a: Seadall|spe|1
|move|p2a: Weezing|Will-O-Wisp|p1a: Seadall
|-status|p1a: Seadall|brn
|
|-damage|p1a: Seadall|94/100 brn|[from] brn
|upkeep
|turn|26
|c|☆nyalicethotep|gg
|
|t:|1776305325
|move|p1a: Seadall|Swords Dance|p1a: Seadall
|-boost|p1a: Seadall|atk|2
|move|p2a: Weezing|Pain Split|p1a: Seadall
|-sethp|p1a: Seadall|84/100 brn|[from] move: Pain Split|[silent]
|-sethp|p2a: Weezing|79/100|[from] move: Pain Split
|
|-damage|p1a: Seadall|78/100 brn|[from] brn
|upkeep
|turn|27
|
|t:|1776305334
|move|p1a: Seadall|Swords Dance|p1a: Seadall
|-boost|p1a: Seadall|atk|2
|move|p2a: Weezing|Strange Steam|p1a: Seadall
|-supereffective|p1a: Seadall
|-damage|p1a: Seadall|39/100 brn
|
|-damage|p1a: Seadall|33/100 brn|[from] brn
|-sideend|p1: Shattersong|move: Aurora Veil
|upkeep
|turn|28
|
|t:|1776305343
|move|p1a: Seadall|Triple Axel|p2a: Weezing
|-damage|p2a: Weezing|72/100
|-damage|p2a: Weezing|59/100
|-damage|p2a: Weezing|38/100
|-hitcount|p2a: Weezing|3
|move|p2a: Weezing|Strange Steam|p1a: Seadall
|-supereffective|p1a: Seadall
|-damage|p1a: Seadall|0 fnt
|faint|p1a: Seadall
|
|upkeep
|-message|Shattersong forfeited.
|
|win|nyalicethotep
|raw|Shattersong's rating: 1365 &rarr; <strong>1340</strong><br />(-25 for losing)
|raw|nyalicethotep's rating: 1283 &rarr; <strong>1314</strong><br />(+31 for winning)
|l|☆Shattersong
|player|p1|
