|html|<div class="broadcast-blue"><strong>[Gen 9] OU is currently suspecting Tera Blast! For information on how to participate check out the <a href="https://www.smogon.com/tools/suspects/view/200">suspect thread</a>.</strong></div>
|j|☆kejaun
|j|☆7tempest
|t:|1776272595
|gametype|singles
|player|p1|kejaun|roxie|1614
|player|p2|7tempest|roy|1594
|gen|9
|tier|[Gen 9] OU
|rated|
|rule|HP Percentage Mod: HP is shown in percentages
|rule|Endless Battle Clause: Forcing endless battles is banned
|rule|Species Clause: Limit one of each Pokémon
|rule|OHKO Clause: OHKO moves are banned
|rule|Evasion Items Clause: Evasion items are banned
|rule|Evasion Moves Clause: Evasion moves are banned
|rule|Evasion Abilities Clause: Evasion abilities are banned
|rule|Sleep Moves Clause: Sleep-inducing moves are banned
|clearpoke
|poke|p1|Latias, F|
|poke|p1|Scizor, M|
|poke|p1|Ogerpon, F|
|poke|p1|Landorus-Therian, M|
|poke|p1|Tyranitar, F|
|poke|p1|Excadrill, M|
|poke|p2|Ting-Lu|
|poke|p2|Gholdengo|
|poke|p2|Zamazenta-*|
|poke|p2|Corviknight, F|
|poke|p2|Raging Bolt|
|poke|p2|Deoxys-Speed|
|teampreview
|inactive|Battle timer is ON: inactive players will automatically lose when time's up. (requested by kejaun)
|inactive|kejaun has 120 seconds left.
|j| irunmyhandsthruit
|inactive|kejaun has 90 seconds left.
|l| irunmyhandsthruit
|l|☆7tempest
|inactive|7tempest disconnected and has a minute to reconnect!
|player|p2|
|j|☆7tempest
|inactive|7tempest reconnected.
|player|p2|7tempest|roy|
|inactive|kejaun has 60 seconds left.
|inactive|kejaun has 30 seconds left.
|
|t:|1776272719
|teamsize|p1|6
|teamsize|p2|6
|start
|switch|p1a: Scizor|Scizor, M, shiny|100/100
|switch|p2a: Deoxys|Deoxys-Speed|100/100
|-ability|p2a: Deoxys|Pressure
|turn|1
|inactive|7tempest has 120 seconds left.
|
|t:|1776272754
|switch|p2a: TheCrestHasFallen|Corviknight, F|100/100
|-ability|p2a: TheCrestHasFallen|Pressure
|move|p1a: Scizor|U-turn|p2a: TheCrestHasFallen
|-resisted|p2a: TheCrestHasFallen
|-damage|p2a: TheCrestHasFallen|92/100
|-damage|p1a: Scizor|84/100|[from] item: Rocky Helmet|[of] p2a: TheCrestHasFallen
|inactive|kejaun has 90 seconds left.
|inactive|kejaun has 60 seconds left.
|
|t:|1776272830
|switch|p1a: Excadrill|Excadrill, M|100/100|[from] U-turn
|-item|p1a: Excadrill|Air Balloon
|
|upkeep
|turn|2
|inactive|7tempest has 120 seconds left.
|
|t:|1776272848
|move|p1a: Excadrill|Swords Dance|p1a: Excadrill
|-boost|p1a: Excadrill|atk|2
|move|p2a: TheCrestHasFallen|Body Press|p1a: Excadrill
|-supereffective|p1a: Excadrill
|-damage|p1a: Excadrill|31/100
|-enditem|p1a: Excadrill|Air Balloon
|
|upkeep
|turn|3
|inactive|7tempest has 120 seconds left.
|
|t:|1776272861
|-terastallize|p1a: Excadrill|Ghost
|move|p1a: Excadrill|Rock Slide|p2a: TheCrestHasFallen
|-crit|p2a: TheCrestHasFallen
|-damage|p2a: TheCrestHasFallen|44/100
|cant|p2a: TheCrestHasFallen|flinch
|
|upkeep
|turn|4
|inactive|7tempest has 120 seconds left.
|
|t:|1776272871
|move|p1a: Excadrill|Rock Slide|p2a: TheCrestHasFallen|[miss]
|-miss|p1a: Excadrill|p2a: TheCrestHasFallen
|move|p2a: TheCrestHasFallen|Roost|p2a: TheCrestHasFallen
|-heal|p2a: TheCrestHasFallen|94/100
|-singleturn|p2a: TheCrestHasFallen|move: Roost
|
|upkeep
|turn|5
|inactive|7tempest has 120 seconds left.
|
|t:|1776272893
|move|p1a: Excadrill|Rock Slide|p2a: TheCrestHasFallen
|-damage|p2a: TheCrestHasFallen|58/100
|move|p2a: TheCrestHasFallen|Iron Defense|p2a: TheCrestHasFallen
|-boost|p2a: TheCrestHasFallen|def|2
|
|upkeep
|turn|6
|
|t:|1776272901
|move|p1a: Excadrill|Swords Dance|p1a: Excadrill
|-boost|p1a: Excadrill|atk|2
|move|p2a: TheCrestHasFallen|Roost|p2a: TheCrestHasFallen
|-heal|p2a: TheCrestHasFallen|100/100
|-singleturn|p2a: TheCrestHasFallen|move: Roost
|
|upkeep
|turn|7
|
|t:|1776272906
|switch|p2a: Mr. Reliable|Ting-Lu|100/100
|-ability|p2a: Mr. Reliable|Vessel of Ruin
|move|p1a: Excadrill|Rock Slide|p2a: Mr. Reliable
|-resisted|p2a: Mr. Reliable
|-damage|p2a: Mr. Reliable|79/100
|-enditem|p2a: Mr. Reliable|Red Card|[of] p1a: Excadrill
|drag|p1a: Scizor|Scizor, M, shiny|84/100
|
|upkeep
|turn|8
|inactive|kejaun has 60 seconds left.
|inactive|7tempest has 120 seconds left.
|
|t:|1776272944
|move|p1a: Scizor|U-turn|p2a: Mr. Reliable
|-supereffective|p2a: Mr. Reliable
|-damage|p2a: Mr. Reliable|29/100
|
|t:|1776272947
|switch|p1a: Landorus|Landorus-Therian, M|100/100|[from] U-turn
|-ability|p1a: Landorus|Intimidate|boost
|-unboost|p2a: Mr. Reliable|atk|1
|move|p2a: Mr. Reliable|Stealth Rock|p1a: Landorus
|-sidestart|p1: kejaun|move: Stealth Rock
|
|upkeep
|turn|9
|
|t:|1776272954
|move|p1a: Landorus|Stealth Rock|p2a: Mr. Reliable
|-sidestart|p2: 7tempest|move: Stealth Rock
|move|p2a: Mr. Reliable|Spikes|p1a: Landorus
|-sidestart|p1: kejaun|Spikes
|
|upkeep
|turn|10
|
|t:|1776272968
|switch|p1a: Scizor|Scizor, M, shiny|84/100
|-damage|p1a: Scizor|72/100|[from] Stealth Rock
|-damage|p1a: Scizor|60/100|[from] Spikes
|switch|p2a: Red Light|Zamazenta|100/100
|-damage|p2a: Red Light|94/100|[from] Stealth Rock
|-ability|p2a: Red Light|Dauntless Shield|boost
|-boost|p2a: Red Light|def|1
|
|upkeep
|turn|11
|
|t:|1776272977
|move|p2a: Red Light|Close Combat|p1a: Scizor
|-damage|p1a: Scizor|0 fnt
|-unboost|p2a: Red Light|def|1
|-unboost|p2a: Red Light|spd|1
|faint|p1a: Scizor
|
|upkeep
|
|t:|1776272981
|switch|p1a: Tyranitar|Tyranitar, F|100/100
|-damage|p1a: Tyranitar|88/100|[from] Stealth Rock
|-damage|p1a: Tyranitar|76/100|[from] Spikes
|-weather|Sandstorm|[from] ability: Sand Stream|[of] p1a: Tyranitar
|turn|12
|inactive|kejaun has 60 seconds left.
|
|t:|1776272986
|switch|p1a: Landorus|Landorus-Therian, M|100/100
|-damage|p1a: Landorus|88/100|[from] Stealth Rock
|-ability|p1a: Landorus|Intimidate|boost
|-unboost|p2a: Red Light|atk|1
|move|p2a: Red Light|Close Combat|p1a: Landorus
|-resisted|p1a: Landorus
|-damage|p1a: Landorus|56/100
|-unboost|p2a: Red Light|def|1
|-unboost|p2a: Red Light|spd|1
|
|-weather|Sandstorm|[upkeep]
|-damage|p2a: Red Light|88/100|[from] Sandstorm
|upkeep
|turn|13
|
|t:|1776272991
|switch|p2a: Mr. Reliable|Ting-Lu|29/100
|-damage|p2a: Mr. Reliable|23/100|[from] Stealth Rock
|-ability|p2a: Mr. Reliable|Vessel of Ruin
|move|p1a: Landorus|U-turn|p2a: Mr. Reliable
|-supereffective|p2a: Mr. Reliable
|-damage|p2a: Mr. Reliable|0 fnt
|faint|p2a: Mr. Reliable
|
|t:|1776272993
|switch|p1a: Excadrill|Excadrill, M, tera:Ghost|31/100|[from] U-turn
|-damage|p1a: Excadrill|18/100|[from] Stealth Rock
|-damage|p1a: Excadrill|6/100|[from] Spikes
|
|-weather|Sandstorm|[upkeep]
|upkeep
|inactive|7tempest has 120 seconds left.
|
|t:|1776273027
|switch|p2a: Cold Visions|Raging Bolt|100/100
|-damage|p2a: Cold Visions|88/100|[from] Stealth Rock
|-enditem|p2a: Cold Visions|Booster Energy
|-activate|p2a: Cold Visions|ability: Protosynthesis|[fromitem]
|-start|p2a: Cold Visions|protosynthesisspa
|turn|14
|
|t:|1776273032
|move|p2a: Cold Visions|Thunderclap||[still]
|-fail|p2a: Cold Visions
|move|p1a: Excadrill|Swords Dance|p1a: Excadrill
|-boost|p1a: Excadrill|atk|2
|
|-weather|Sandstorm|[upkeep]
|-damage|p2a: Cold Visions|82/100|[from] Sandstorm
|upkeep
|turn|15
|inactive|kejaun has 90 seconds left.
|
|t:|1776273047
|move|p2a: Cold Visions|Thunderclap||[still]
|-fail|p2a: Cold Visions
|move|p1a: Excadrill|Swords Dance|p1a: Excadrill
|-boost|p1a: Excadrill|atk|2
|
|-weather|Sandstorm|[upkeep]
|-damage|p2a: Cold Visions|76/100|[from] Sandstorm
|upkeep
|turn|16
|inactive|kejaun has 90 seconds left.
|
|t:|1776273063
|move|p2a: Cold Visions|Thunderclap|p1a: Excadrill
|-damage|p1a: Excadrill|0 fnt
|faint|p1a: Excadrill
|
|-weather|Sandstorm|[upkeep]
|-damage|p2a: Cold Visions|70/100|[from] Sandstorm
|upkeep
|
|t:|1776273070
|switch|p1a: Landorus|Landorus-Therian, M|56/100
|-damage|p1a: Landorus|44/100|[from] Stealth Rock
|-ability|p1a: Landorus|Intimidate|boost
|-unboost|p2a: Cold Visions|atk|1
|turn|17
|
|t:|1776273077
|-end|p2a: Cold Visions|Protosynthesis|[silent]
|switch|p2a: TheCrestHasFallen|Corviknight, F|100/100
|-damage|p2a: TheCrestHasFallen|88/100|[from] Stealth Rock
|-ability|p2a: TheCrestHasFallen|Pressure
|move|p1a: Landorus|U-turn|p2a: TheCrestHasFallen
|-resisted|p2a: TheCrestHasFallen
|-damage|p2a: TheCrestHasFallen|84/100
|-damage|p1a: Landorus|27/100|[from] item: Rocky Helmet|[of] p2a: TheCrestHasFallen
|inactive|kejaun has 90 seconds left.
|
|t:|1776273103
|switch|p1a: Ogerpon|Ogerpon, F|100/100|[from] U-turn
|-damage|p1a: Ogerpon|88/100|[from] Stealth Rock
|-damage|p1a: Ogerpon|76/100|[from] Spikes
|
|-weather|Sandstorm|[upkeep]
|-damage|p1a: Ogerpon|70/100|[from] Sandstorm
|upkeep
|turn|18
|
|t:|1776273107
|move|p1a: Ogerpon|Spikes|p2a: TheCrestHasFallen
|-sidestart|p2: 7tempest|Spikes
|move|p2a: TheCrestHasFallen|Body Press|p1a: Ogerpon
|-damage|p1a: Ogerpon|36/100
|
|-weather|Sandstorm|[upkeep]
|-damage|p1a: Ogerpon|30/100|[from] Sandstorm
|upkeep
|turn|19
|
|t:|1776273118
|move|p1a: Ogerpon|Spikes|p2a: TheCrestHasFallen
|-sidestart|p2: 7tempest|Spikes
|move|p2a: TheCrestHasFallen|Body Press|p1a: Ogerpon
|-damage|p1a: Ogerpon|0 fnt
|faint|p1a: Ogerpon
|
|-weather|none
|upkeep
|
|t:|1776273123
|switch|p1a: Latias|Latias, F|100/100
|-damage|p1a: Latias|88/100|[from] Stealth Rock
|turn|20
|
|t:|1776273129
|switch|p2a: Lost Soul|Gholdengo|100/100
|-damage|p2a: Lost Soul|94/100|[from] Stealth Rock
|-damage|p2a: Lost Soul|78/100|[from] Spikes
|move|p1a: Latias|Agility|p1a: Latias
|-boost|p1a: Latias|spe|2
|
|upkeep
|turn|21
|
|t:|1776273135
|move|p1a: Latias|Calm Mind|p1a: Latias
|-boost|p1a: Latias|spa|1
|-boost|p1a: Latias|spd|1
|move|p2a: Lost Soul|Thunder Wave|p1a: Latias
|-status|p1a: Latias|par
|
|upkeep
|turn|22
|inactive|kejaun has 90 seconds left.
|
|t:|1776273173
|switch|p2a: Cold Visions|Raging Bolt|70/100
|-damage|p2a: Cold Visions|58/100|[from] Stealth Rock
|-damage|p2a: Cold Visions|41/100|[from] Spikes
|switch|p1a: Tyranitar|Tyranitar, F|76/100
|-damage|p1a: Tyranitar|63/100|[from] Stealth Rock
|-damage|p1a: Tyranitar|51/100|[from] Spikes
|-weather|Sandstorm|[from] ability: Sand Stream|[of] p1a: Tyranitar
|
|-weather|Sandstorm|[upkeep]
|-damage|p2a: Cold Visions|35/100|[from] Sandstorm
|upkeep
|turn|23
|
|t:|1776273182
|move|p2a: Cold Visions|Dragon Pulse|p1a: Tyranitar
|-damage|p1a: Tyranitar|23/100
|move|p1a: Tyranitar|Knock Off|p2a: Cold Visions
|-damage|p2a: Cold Visions|3/100
|
|-weather|Sandstorm|[upkeep]
|-damage|p2a: Cold Visions|0 fnt|[from] Sandstorm
|faint|p2a: Cold Visions
|-end|p2a: Cold Visions|Protosynthesis|[silent]
|upkeep
|
|t:|1776273189
|switch|p2a: TheCrestHasFallen|Corviknight, F|84/100
|-damage|p2a: TheCrestHasFallen|72/100|[from] Stealth Rock
|-ability|p2a: TheCrestHasFallen|Pressure
|turn|24
|
|t:|1776273197
|move|p1a: Tyranitar|Stone Edge|p2a: TheCrestHasFallen|[miss]
|-miss|p1a: Tyranitar|p2a: TheCrestHasFallen
|move|p2a: TheCrestHasFallen|Iron Defense|p2a: TheCrestHasFallen
|-boost|p2a: TheCrestHasFallen|def|2
|
|-weather|Sandstorm|[upkeep]
|upkeep
|turn|25
|
|t:|1776273202
|switch|p1a: Landorus|Landorus-Therian, M|27/100
|-damage|p1a: Landorus|15/100|[from] Stealth Rock
|-ability|p1a: Landorus|Intimidate|boost
|-unboost|p2a: TheCrestHasFallen|atk|1
|move|p2a: TheCrestHasFallen|Iron Defense|p2a: TheCrestHasFallen
|-boost|p2a: TheCrestHasFallen|def|2
|
|-weather|Sandstorm|[upkeep]
|upkeep
|turn|26
|
|t:|1776273207
|move|p1a: Landorus|U-turn|p2a: TheCrestHasFallen
|-resisted|p2a: TheCrestHasFallen
|-damage|p2a: TheCrestHasFallen|71/100
|-damage|p1a: Landorus|0 fnt|[from] item: Rocky Helmet|[of] p2a: TheCrestHasFallen
|faint|p1a: Landorus
|move|p2a: TheCrestHasFallen|Body Press|p1: Landorus|[notarget]
|-fail|p2a: TheCrestHasFallen
|
|-weather|Sandstorm|[upkeep]
|upkeep
|
|t:|1776273210
|switch|p1a: Latias|Latias, F|88/100 par
|-damage|p1a: Latias|76/100 par|[from] Stealth Rock
|turn|27
|
|t:|1776273217
|move|p2a: TheCrestHasFallen|Body Press|p1a: Latias
|-resisted|p1a: Latias
|-damage|p1a: Latias|39/100 par
|-enditem|p1a: Latias|Kee Berry|[eat]
|-boost|p1a: Latias|def|1|[from] item: Kee Berry
|move|p1a: Latias|Agility|p1a: Latias
|-boost|p1a: Latias|spe|2
|
|-weather|Sandstorm|[upkeep]
|-damage|p1a: Latias|33/100 par|[from] Sandstorm
|upkeep
|turn|28
|
|t:|1776273223
|move|p1a: Latias|Calm Mind|p1a: Latias
|-boost|p1a: Latias|spa|1
|-boost|p1a: Latias|spd|1
|move|p2a: TheCrestHasFallen|Body Press|p1a: Latias
|-resisted|p1a: Latias
|-damage|p1a: Latias|12/100 par
|
|-weather|Sandstorm|[upkeep]
|-damage|p1a: Latias|6/100 par|[from] Sandstorm
|upkeep
|turn|29
|
|t:|1776273228
|cant|p1a: Latias|par
|move|p2a: TheCrestHasFallen|Body Press|p1a: Latias
|-resisted|p1a: Latias
|-damage|p1a: Latias|0 fnt
|faint|p1a: Latias
|
|-weather|none
|upkeep
|-message|kejaun forfeited.
|
|win|7tempest
|raw|kejaun's rating: 1614 &rarr; <strong>1593</strong><br />(-21 for losing)
|raw|7tempest's rating: 1594 &rarr; <strong>1615</strong><br />(+21 for winning)
|l|☆kejaun
|player|p1|
