|html|<div class="broadcast-blue"><strong>[Gen 9] OU is currently suspecting Tera Blast! For information on how to participate check out the <a href="https://www.smogon.com/tools/suspects/view/200">suspect thread</a>.</strong></div>
|j|☆leguilleretsmogogo
|j|☆brewnose
|t:|1776274256
|gametype|singles
|player|p1|leguilleretsmogogo|brendan-gen3|1230
|player|p2|brewnose|266|1176
|gen|9
|tier|[Gen 9] OU
|rated|
|rule|HP Percentage Mod: HP is shown in percentages
|rule|Endless Battle Clause: Forcing endless battles is banned
|rule|Species Clause: Limit one of each Pokémon
|rule|OHKO Clause: OHKO moves are banned
|rule|Evasion Items Clause: Evasion items are banned
|rule|Evasion Moves Clause: Evasion moves are banned
|rule|Evasion Abilities Clause: Evasion abilities are banned
|rule|Sleep Moves Clause: Sleep-inducing moves are banned
|clearpoke
|poke|p1|Scizor, F|
|poke|p1|Iron Valiant|
|poke|p1|Ceruledge, M|
|poke|p1|Hawlucha, M|
|poke|p1|Magnezone|
|poke|p1|Samurott-Hisui, F|
|poke|p2|Gholdengo|
|poke|p2|Weezing-Galar, M|
|poke|p2|Grimmsnarl, M|
|poke|p2|Maushold|
|poke|p2|Great Tusk|
|poke|p2|Cinderace, M|
|teampreview
|inactive|Battle timer is ON: inactive players will automatically lose when time's up. (requested by leguilleretsmogogo)
|
|t:|1776274277
|teamsize|p1|6
|teamsize|p2|6
|start
|switch|p1a: Samurott|Samurott-Hisui, F|100/100
|switch|p2a: Mauscarriage|Maushold|100/100
|turn|1
|
|t:|1776274285
|move|p1a: Samurott|Sacred Sword|p2a: Mauscarriage
|-supereffective|p2a: Mauscarriage
|-damage|p2a: Mauscarriage|0 fnt
|faint|p2a: Mauscarriage
|
|upkeep
|
|t:|1776274304
|switch|p2a: Conjoined Twins|Weezing-Galar, M, shiny|100/100
|-ability|p2a: Conjoined Twins|Neutralizing Gas
|turn|2
|
|t:|1776274316
|switch|p1a: General Grievous|Iron Valiant|100/100
|move|p2a: Conjoined Twins|Will-O-Wisp|p1a: General Grievous
|-status|p1a: General Grievous|brn
|
|-damage|p1a: General Grievous|94/100 brn|[from] brn
|upkeep
|turn|3
|
|t:|1776274326
|-terastallize|p1a: General Grievous|Ground
|move|p1a: General Grievous|Tera Blast|p2a: Conjoined Twins|[anim] Tera Blast Ground
|-supereffective|p2a: Conjoined Twins
|-damage|p2a: Conjoined Twins|0 fnt
|faint|p2a: Conjoined Twins
|-end|p2a: Conjoined Twins|ability: Neutralizing Gas
|
|-damage|p1a: General Grievous|88/100 brn|[from] brn
|upkeep
|
|t:|1776274335
|switch|p2a: Your Buff Dad|Grimmsnarl, M|100/100
|turn|4
|
|t:|1776274349
|move|p2a: Your Buff Dad|Reflect|p2a: Your Buff Dad
|-sidestart|p2: brewnose|Reflect
|move|p1a: General Grievous|Tera Blast|p2a: Your Buff Dad|[anim] Tera Blast Ground
|-damage|p2a: Your Buff Dad|43/100
|
|-damage|p1a: General Grievous|82/100 brn|[from] brn
|upkeep
|turn|5
|
|t:|1776274359
|move|p2a: Your Buff Dad|Light Screen|p2a: Your Buff Dad
|-sidestart|p2: brewnose|move: Light Screen
|move|p1a: General Grievous|Tera Blast|p2a: Your Buff Dad|[anim] Tera Blast Ground
|-damage|p2a: Your Buff Dad|13/100
|
|-damage|p1a: General Grievous|76/100 brn|[from] brn
|upkeep
|turn|6
|
|t:|1776274368
|move|p2a: Your Buff Dad|Parting Shot|p1a: General Grievous
|-unboost|p1a: General Grievous|atk|1
|-unboost|p1a: General Grievous|spa|1
|
|t:|1776274374
|switch|p2a: Her new toy|Great Tusk, shiny|100/100|[from] Parting Shot
|move|p1a: General Grievous|Tera Blast|p2a: Her new toy|[anim] Tera Blast Ground
|-damage|p2a: Her new toy|68/100
|
|-damage|p1a: General Grievous|69/100 brn|[from] brn
|upkeep
|turn|7
|
|t:|1776274389
|-end|p1a: General Grievous|Quark Drive|[silent]
|switch|p1a: Black WarGreymon|Ceruledge, M|100/100
|move|p2a: Her new toy|Stealth Rock|p1a: Black WarGreymon
|-sidestart|p1: leguilleretsmogogo|move: Stealth Rock
|
|upkeep
|turn|8
|
|t:|1776274397
|move|p2a: Her new toy|Headlong Rush|p1a: Black WarGreymon
|-supereffective|p1a: Black WarGreymon
|-crit|p1a: Black WarGreymon
|-enditem|p1a: Black WarGreymon|Focus Sash
|-damage|p1a: Black WarGreymon|1/100
|-unboost|p2a: Her new toy|def|1
|-unboost|p2a: Her new toy|spd|1
|-ability|p1a: Black WarGreymon|Weak Armor|boost
|-unboost|p1a: Black WarGreymon|def|1
|-boost|p1a: Black WarGreymon|spe|2
|move|p1a: Black WarGreymon|Swords Dance|p1a: Black WarGreymon
|-boost|p1a: Black WarGreymon|atk|2
|
|upkeep
|turn|9
|inactive|brewnose has 120 seconds left.
|
|t:|1776274429
|-end|p2a: Her new toy|Protosynthesis|[silent]
|switch|p2a: Your Buff Dad|Grimmsnarl, M|13/100
|move|p1a: Black WarGreymon|Shadow Claw|p2a: Your Buff Dad
|-resisted|p2a: Your Buff Dad
|-damage|p2a: Your Buff Dad|0 fnt
|faint|p2a: Your Buff Dad
|
|upkeep
|inactive|brewnose has 120 seconds left.
|
|t:|1776274445
|switch|p2a: Cinderace|Cinderace, M, shiny|100/100
|turn|10
|
|t:|1776274451
|move|p2a: Cinderace|Sucker Punch|p1a: Black WarGreymon
|-start|p2a: Cinderace|typechange|Dark|[from] ability: Libero
|-supereffective|p1a: Black WarGreymon
|-damage|p1a: Black WarGreymon|0 fnt
|faint|p1a: Black WarGreymon
|
|upkeep
|
|t:|1776274460
|switch|p1a: General Grievous|Iron Valiant, tera:Ground|69/100 brn
|-damage|p1a: General Grievous|63/100 brn|[from] Stealth Rock
|turn|11
|
|t:|1776274468
|move|p2a: Cinderace|Pyro Ball|p1a: General Grievous
|-damage|p1a: General Grievous|16/100 brn
|move|p1a: General Grievous|Moonblast|p2a: Cinderace
|-supereffective|p2a: Cinderace
|-damage|p2a: Cinderace|4/100
|
|-damage|p1a: General Grievous|9/100 brn|[from] brn
|-sideend|p2: brewnose|Reflect
|upkeep
|turn|12
|
|t:|1776274483
|move|p2a: Cinderace|Sucker Punch|p1a: General Grievous
|-damage|p1a: General Grievous|0 fnt
|faint|p1a: General Grievous
|-end|p1a: General Grievous|Quark Drive|[silent]
|
|-sideend|p2: brewnose|move: Light Screen
|upkeep
|
|t:|1776274491
|switch|p1a: IronHeart|Scizor, F|100/100
|turn|13
|
|t:|1776274501
|switch|p2a: Cheese String|Gholdengo|100/100
|move|p1a: IronHeart|Bullet Punch|p2a: Cheese String
|-resisted|p2a: Cheese String
|-crit|p2a: Cheese String
|-damage|p2a: Cheese String|73/100
|
|upkeep
|turn|14
|
|t:|1776274512
|move|p2a: Cheese String|Shadow Ball|p1a: IronHeart
|-damage|p1a: IronHeart|49/100
|-unboost|p1a: IronHeart|spd|1
|move|p1a: IronHeart|Knock Off|p2a: Cheese String
|-supereffective|p2a: Cheese String
|-damage|p2a: Cheese String|0 fnt
|-enditem|p2a: Cheese String|Choice Scarf|[from] move: Knock Off|[of] p1a: IronHeart
|faint|p2a: Cheese String
|
|upkeep
|
|t:|1776274523
|switch|p2a: Her new toy|Great Tusk, shiny|68/100
|turn|15
|
|t:|1776274530
|move|p1a: IronHeart|Bullet Punch|p2a: Her new toy
|-damage|p2a: Her new toy|44/100
|move|p2a: Her new toy|Headlong Rush|p1a: IronHeart
|-damage|p1a: IronHeart|0 fnt
|-unboost|p2a: Her new toy|def|1
|-unboost|p2a: Her new toy|spd|1
|faint|p1a: IronHeart
|
|upkeep
|
|t:|1776274539
|switch|p1a: Samurott|Samurott-Hisui, F|100/100
|-damage|p1a: Samurott|88/100|[from] Stealth Rock
|turn|16
|
|t:|1776274545
|move|p1a: Samurott|Razor Shell|p2a: Her new toy
|-supereffective|p2a: Her new toy
|-damage|p2a: Her new toy|0 fnt
|faint|p2a: Her new toy
|-end|p2a: Her new toy|Protosynthesis|[silent]
|
|upkeep
|-message|brewnose forfeited.
|
|win|leguilleretsmogogo
|raw|leguilleretsmogogo's rating: 1230 &rarr; <strong>1251</strong><br />(+21 for winning)
|raw|brewnose's rating: 1176 &rarr; <strong>1155</strong><br />(-21 for losing)
|l|☆brewnose
|player|p2|
