|html|<div class="broadcast-blue"><strong>[Gen 9] OU is currently suspecting Tera Blast! For information on how to participate check out the <a href="https://www.smogon.com/tools/suspects/view/200">suspect thread</a>.</strong></div>
|j|☆EloPushing
|j|☆HyperStallMIA
|t:|1776215339
|gametype|singles
|player|p1|EloPushing|lady|1546
|player|p2|HyperStallMIA|wallace|1582
|gen|9
|tier|[Gen 9] OU
|rated|
|rule|HP Percentage Mod: HP is shown in percentages
|rule|Endless Battle Clause: Forcing endless battles is banned
|rule|Species Clause: Limit one of each Pokémon
|rule|OHKO Clause: OHKO moves are banned
|rule|Evasion Items Clause: Evasion items are banned
|rule|Evasion Moves Clause: Evasion moves are banned
|rule|Evasion Abilities Clause: Evasion abilities are banned
|rule|Sleep Moves Clause: Sleep-inducing moves are banned
|clearpoke
|poke|p1|Iron Valiant|
|poke|p1|Great Tusk|
|poke|p1|Dragonite, M|
|poke|p1|Deoxys-Speed|
|poke|p1|Glimmora, M|
|poke|p1|Kingambit, M|
|poke|p2|Toxapex, M|
|poke|p2|Gliscor, F|
|poke|p2|Alomomola, F|
|poke|p2|Blissey, F|
|poke|p2|Clodsire, F|
|poke|p2|Dondozo, F|
|teampreview
|inactive|Battle timer is ON: inactive players will automatically lose when time's up. (requested by HyperStallMIA)
|inactive|EloPushing also wants the timer to be on.
|j| ohko_smeargle
|inactive|HyperStallMIA has 120 seconds left.
|
|t:|1776215392
|teamsize|p1|6
|teamsize|p2|6
|start
|switch|p1a: Limitless|Deoxys-Speed|100/100
|switch|p2a: Let's Try.|Gliscor, F, shiny|100/100
|-ability|p1a: Limitless|Pressure
|turn|1
|
|t:|1776215402
|move|p2a: Let's Try.|Protect|p2a: Let's Try.
|-singleturn|p2a: Let's Try.|Protect
|move|p1a: Limitless|Reflect|p1a: Limitless
|-sidestart|p1: EloPushing|Reflect
|
|-status|p2a: Let's Try.|tox|[from] item: Toxic Orb
|upkeep
|turn|2
|
|t:|1776215416
|switch|p2a: Try Harder.|Alomomola, F, shiny|100/100
|move|p1a: Limitless|Taunt|p2a: Try Harder.
|-start|p2a: Try Harder.|move: Taunt
|
|upkeep
|turn|3
|
|t:|1776215422
|switch|p2a: Let's Try.|Gliscor, F, shiny|100/100 tox
|move|p1a: Limitless|Light Screen|p1a: Limitless
|-sidestart|p1: EloPushing|move: Light Screen
|
|upkeep
|turn|4
|
|t:|1776215427
|move|p1a: Limitless|Taunt|p2a: Let's Try.
|-start|p2a: Let's Try.|move: Taunt
|move|p2a: Let's Try.|Knock Off|p1a: Limitless
|-supereffective|p1a: Limitless
|-damage|p1a: Limitless|76/100
|-enditem|p1a: Limitless|Light Clay|[from] move: Knock Off|[of] p2a: Let's Try.
|
|upkeep
|turn|5
|
|t:|1776215436
|switch|p1a: Behemoth|Great Tusk, shiny|100/100
|-enditem|p1a: Behemoth|Booster Energy
|-activate|p1a: Behemoth|ability: Protosynthesis|[fromitem]
|-start|p1a: Behemoth|protosynthesisspe
|switch|p2a: Try Harder.|Alomomola, F, shiny|100/100
|
|upkeep
|turn|6
|
|t:|1776215449
|move|p2a: Try Harder.|Protect|p2a: Try Harder.
|-singleturn|p2a: Try Harder.|Protect
|move|p1a: Behemoth|Bulk Up|p1a: Behemoth
|-boost|p1a: Behemoth|atk|1
|-boost|p1a: Behemoth|def|1
|
|upkeep
|turn|7
|
|t:|1776215456
|move|p1a: Behemoth|Bulk Up|p1a: Behemoth
|-boost|p1a: Behemoth|atk|1
|-boost|p1a: Behemoth|def|1
|move|p2a: Try Harder.|Scald|p1a: Behemoth
|-supereffective|p1a: Behemoth
|-crit|p1a: Behemoth
|-damage|p1a: Behemoth|42/100
|
|upkeep
|turn|8
|
|t:|1776215464
|switch|p2a: You Tried.|Dondozo, F, shiny|100/100
|move|p1a: Behemoth|Headlong Rush|p2a: You Tried.
|-damage|p2a: You Tried.|75/100
|-unboost|p1a: Behemoth|def|1
|-unboost|p1a: Behemoth|spd|1
|
|-sideend|p1: EloPushing|Reflect
|upkeep
|turn|9
|
|t:|1776215473
|move|p1a: Behemoth|Taunt|p2a: You Tried.
|-start|p2a: You Tried.|move: Taunt
|cant|p2a: You Tried.|move: Taunt|Curse
|
|upkeep
|turn|10
|
|t:|1776215479
|move|p1a: Behemoth|Bulk Up|p1a: Behemoth
|-boost|p1a: Behemoth|atk|1
|-boost|p1a: Behemoth|def|1
|move|p2a: You Tried.|Body Press|p1a: Behemoth
|-damage|p1a: Behemoth|24/100
|
|-sideend|p1: EloPushing|move: Light Screen
|upkeep
|turn|11
|
|t:|1776215490
|move|p1a: Behemoth|Headlong Rush|p2a: You Tried.
|-damage|p2a: You Tried.|54/100
|-unboost|p1a: Behemoth|def|1
|-unboost|p1a: Behemoth|spd|1
|move|p2a: You Tried.|Body Press|p1a: Behemoth
|-damage|p1a: Behemoth|5/100
|
|-end|p2a: You Tried.|move: Taunt
|upkeep
|turn|12
|
|t:|1776215501
|move|p1a: Behemoth|Headlong Rush|p2a: You Tried.
|-damage|p2a: You Tried.|31/100
|-unboost|p1a: Behemoth|def|1
|-unboost|p1a: Behemoth|spd|1
|move|p2a: You Tried.|Body Press|p1a: Behemoth
|-damage|p1a: Behemoth|0 fnt
|faint|p1a: Behemoth
|-end|p1a: Behemoth|Protosynthesis|[silent]
|
|upkeep
|
|t:|1776215510
|switch|p1a: Terminator|Iron Valiant, shiny|100/100
|-enditem|p1a: Terminator|Booster Energy
|-activate|p1a: Terminator|ability: Quark Drive|[fromitem]
|-start|p1a: Terminator|quarkdrivespe
|turn|13
|
|t:|1776215519
|switch|p2a: Worth Trying.|Clodsire, F, shiny|100/100
|move|p1a: Terminator|Moonblast|p2a: Worth Trying.
|-resisted|p2a: Worth Trying.
|-damage|p2a: Worth Trying.|89/100
|-unboost|p2a: Worth Trying.|spa|1
|
|upkeep
|turn|14
|
|t:|1776215528
|move|p1a: Terminator|Taunt|p2a: Worth Trying.
|-start|p2a: Worth Trying.|move: Taunt
|cant|p2a: Worth Trying.|move: Taunt|Toxic
|
|upkeep
|turn|15
|
|t:|1776215542
|move|p1a: Terminator|Knock Off|p2a: Worth Trying.
|-damage|p2a: Worth Trying.|58/100
|-enditem|p2a: Worth Trying.|Heavy-Duty Boots|[from] move: Knock Off|[of] p1a: Terminator
|move|p2a: Worth Trying.|Bulldoze|p1a: Terminator
|-damage|p1a: Terminator|78/100
|-unboost|p1a: Terminator|spe|1
|
|upkeep
|turn|16
|
|t:|1776215559
|-end|p1a: Terminator|Quark Drive|[silent]
|switch|p1a: Mahoraga|Dragonite, M|100/100
|switch|p2a: Try Harder.|Alomomola, F, shiny|100/100
|
|upkeep
|turn|17
|
|t:|1776215566
|move|p1a: Mahoraga|Substitute|p1a: Mahoraga
|-start|p1a: Mahoraga|Substitute
|-damage|p1a: Mahoraga|76/100
|move|p2a: Try Harder.|Wish|p2a: Try Harder.
|
|-heal|p1a: Mahoraga|82/100|[from] item: Leftovers
|upkeep
|turn|18
|-message|EloPushing forfeited.
|
|win|HyperStallMIA
|raw|EloPushing's rating: 1546 &rarr; <strong>1528</strong><br />(-18 for losing)
|raw|HyperStallMIA's rating: 1582 &rarr; <strong>1600</strong><br />(+18 for winning)
|l| ohko_smeargle
|l|☆EloPushing
|player|p1|
