|html|<div class="broadcast-blue"><strong>[Gen 9] OU is currently suspecting Tera Blast! For information on how to participate check out the <a href="https://www.smogon.com/tools/suspects/view/200">suspect thread</a>.</strong></div>
|j|☆GerardPuig
|j|☆rlkmessi
|t:|1776061903
|gametype|singles
|player|p1|GerardPuig|265|1141
|player|p2|rlkmessi|lucas|1123
|gen|9
|tier|[Gen 9] OU
|rated|
|rule|HP Percentage Mod: HP is shown in percentages
|rule|Endless Battle Clause: Forcing endless battles is banned
|rule|Species Clause: Limit one of each Pokémon
|rule|OHKO Clause: OHKO moves are banned
|rule|Evasion Items Clause: Evasion items are banned
|rule|Evasion Moves Clause: Evasion moves are banned
|rule|Evasion Abilities Clause: Evasion abilities are banned
|rule|Sleep Moves Clause: Sleep-inducing moves are banned
|clearpoke
|poke|p1|Amoonguss, M|
|poke|p1|Dragapult, F|
|poke|p1|Great Tusk|
|poke|p1|Rotom-Wash|
|poke|p1|Kingambit, F|
|poke|p1|Iron Valiant|
|poke|p2|Drifblim, M|
|poke|p2|Gholdengo|
|poke|p2|Hydreigon, M|
|poke|p2|Gliscor, M|
|poke|p2|Great Tusk|
|poke|p2|Fezandipiti, M|
|teampreview
|inactive|Battle timer is ON: inactive players will automatically lose when time's up. (requested by rlkmessi)
|
|t:|1776061914
|teamsize|p1|6
|teamsize|p2|6
|start
|switch|p1a: Great Tusk|Great Tusk, shiny|100/100
|switch|p2a: Drifblim|Drifblim, M|100/100
|turn|1
|
|t:|1776061930
|move|p2a: Drifblim|Defog|p1a: Great Tusk
|-unboost|p1a: Great Tusk|evasion|1
|move|p1a: Great Tusk|Stealth Rock|p2a: Drifblim
|-sidestart|p2: rlkmessi|move: Stealth Rock
|
|upkeep
|turn|2
|inactive|GerardPuig has 120 seconds left.
|
|t:|1776061965
|-end|p1a: Great Tusk|Protosynthesis|[silent]
|switch|p1a: Rotom|Rotom-Wash, shiny|100/100
|move|p2a: Drifblim|Knock Off|p1a: Rotom
|-damage|p1a: Rotom|84/100
|-enditem|p1a: Rotom|Leftovers|[from] move: Knock Off|[of] p2a: Drifblim
|
|upkeep
|turn|3
|inactive|GerardPuig has 120 seconds left.
|
|t:|1776061983
|-terastallize|p2a: Drifblim|Ghost
|move|p1a: Rotom|Will-O-Wisp|p2a: Drifblim
|-status|p2a: Drifblim|brn
|move|p2a: Drifblim|Defog|p1a: Rotom
|-unboost|p1a: Rotom|evasion|1
|-sideend|p2: rlkmessi|Stealth Rock|[from] move: Defog|[of] p2a: Drifblim
|
|-damage|p2a: Drifblim|94/100 brn|[from] brn
|upkeep
|turn|4
|inactive|GerardPuig has 120 seconds left.
|
|t:|1776062001
|switch|p2a: Great Tusk|Great Tusk|100/100
|-enditem|p2a: Great Tusk|Booster Energy
|-activate|p2a: Great Tusk|ability: Protosynthesis|[fromitem]
|-start|p2a: Great Tusk|protosynthesisatk
|move|p1a: Rotom|Hydro Pump|p2a: Great Tusk
|-supereffective|p2a: Great Tusk
|-damage|p2a: Great Tusk|31/100
|
|upkeep
|turn|5
|inactive|GerardPuig has 120 seconds left.
|
|t:|1776062021
|move|p1a: Rotom|Will-O-Wisp|p2a: Great Tusk
|-status|p2a: Great Tusk|brn
|move|p2a: Great Tusk|Close Combat|p1a: Rotom
|-damage|p1a: Rotom|57/100
|-unboost|p2a: Great Tusk|def|1
|-unboost|p2a: Great Tusk|spd|1
|
|-damage|p2a: Great Tusk|25/100 brn|[from] brn
|upkeep
|turn|6
|inactive|rlkmessi has 120 seconds left.
|
|t:|1776062039
|move|p1a: Rotom|Hydro Pump|p2a: Great Tusk
|-supereffective|p2a: Great Tusk
|-crit|p2a: Great Tusk
|-damage|p2a: Great Tusk|0 fnt
|faint|p2a: Great Tusk
|-end|p2a: Great Tusk|Protosynthesis|[silent]
|
|upkeep
|inactive|rlkmessi has 120 seconds left.
|
|t:|1776062056
|switch|p2a: Gliscor|Gliscor, M|100/100
|turn|7
|inactive|GerardPuig has 120 seconds left.
|
|t:|1776062073
|move|p2a: Gliscor|Protect|p2a: Gliscor
|-singleturn|p2a: Gliscor|Protect
|move|p1a: Rotom|Hydro Pump|p2a: Gliscor
|-activate|p2a: Gliscor|move: Protect
|
|-status|p2a: Gliscor|tox|[from] item: Toxic Orb
|upkeep
|turn|8
|
|t:|1776062083
|move|p2a: Gliscor|Toxic|p1a: Rotom
|-status|p1a: Rotom|tox
|move|p1a: Rotom|Hydro Pump|p2a: Gliscor
|-supereffective|p2a: Gliscor
|-damage|p2a: Gliscor|34/100 tox
|
|-heal|p2a: Gliscor|46/100 tox|[from] ability: Poison Heal
|-damage|p1a: Rotom|51/100 tox|[from] psn
|upkeep
|turn|9
|inactive|GerardPuig has 120 seconds left.
|
|t:|1776062093
|move|p2a: Gliscor|Protect|p2a: Gliscor
|-singleturn|p2a: Gliscor|Protect
|move|p1a: Rotom|Hydro Pump|p2a: Gliscor
|-activate|p2a: Gliscor|move: Protect
|
|-heal|p2a: Gliscor|59/100 tox|[from] ability: Poison Heal
|-damage|p1a: Rotom|39/100 tox|[from] psn
|upkeep
|turn|10
|inactive|GerardPuig has 120 seconds left.
|
|t:|1776062103
|switch|p2a: Fezandipiti|Fezandipiti, M|100/100
|move|p1a: Rotom|Pain Split|p2a: Fezandipiti
|-sethp|p2a: Fezandipiti|66/100|[from] move: Pain Split|[silent]
|-sethp|p1a: Rotom|82/100 tox|[from] move: Pain Split
|
|-heal|p2a: Fezandipiti|72/100|[from] item: Black Sludge
|-damage|p1a: Rotom|63/100 tox|[from] psn
|upkeep
|turn|11
|inactive|GerardPuig has 120 seconds left.
|
|t:|1776062120
|switch|p2a: Gliscor|Gliscor, M|59/100 tox
|move|p1a: Rotom|Will-O-Wisp||[still]
|-fail|p1a: Rotom
|
|-heal|p2a: Gliscor|71/100 tox|[from] ability: Poison Heal
|-damage|p1a: Rotom|38/100 tox|[from] psn
|upkeep
|turn|12
|inactive|GerardPuig has 120 seconds left.
|
|t:|1776062133
|move|p2a: Gliscor|Protect|p2a: Gliscor
|-singleturn|p2a: Gliscor|Protect
|move|p1a: Rotom|Pain Split|p2a: Gliscor
|-activate|p2a: Gliscor|move: Protect
|
|-heal|p2a: Gliscor|84/100 tox|[from] ability: Poison Heal
|-damage|p1a: Rotom|7/100 tox|[from] psn
|upkeep
|turn|13
|
|t:|1776062147
|move|p2a: Gliscor|Protect||[still]
|-fail|p2a: Gliscor
|move|p1a: Rotom|Pain Split|p2a: Gliscor
|-sethp|p2a: Gliscor|45/100 tox|[from] move: Pain Split|[silent]
|-sethp|p1a: Rotom|52/100 tox|[from] move: Pain Split
|
|-heal|p2a: Gliscor|57/100 tox|[from] ability: Poison Heal
|-damage|p1a: Rotom|15/100 tox|[from] psn
|upkeep
|turn|14
|
|t:|1776062161
|move|p2a: Gliscor|Protect|p2a: Gliscor
|-singleturn|p2a: Gliscor|Protect
|move|p1a: Rotom|Hydro Pump|p2a: Gliscor
|-activate|p2a: Gliscor|move: Protect
|
|-heal|p2a: Gliscor|70/100 tox|[from] ability: Poison Heal
|-damage|p1a: Rotom|0 fnt|[from] psn
|faint|p1a: Rotom
|upkeep
|inactive|GerardPuig has 120 seconds left.
|
|t:|1776062200
|switch|p1a: Iron Valiant|Iron Valiant, shiny|100/100
|-enditem|p1a: Iron Valiant|Booster Energy
|-activate|p1a: Iron Valiant|ability: Quark Drive|[fromitem]
|-start|p1a: Iron Valiant|quarkdrivespe
|turn|15
|
|t:|1776062209
|move|p1a: Iron Valiant|Calm Mind|p1a: Iron Valiant
|-boost|p1a: Iron Valiant|spa|1
|-boost|p1a: Iron Valiant|spd|1
|move|p2a: Gliscor|Toxic|p1a: Iron Valiant|[miss]
|-miss|p2a: Gliscor|p1a: Iron Valiant
|
|-heal|p2a: Gliscor|82/100 tox|[from] ability: Poison Heal
|upkeep
|turn|16
|
|t:|1776062218
|move|p1a: Iron Valiant|Moonblast|p2a: Gliscor
|-damage|p2a: Gliscor|19/100 tox
|move|p2a: Gliscor|Stealth Rock|p1a: Iron Valiant
|-sidestart|p1: GerardPuig|move: Stealth Rock
|
|-heal|p2a: Gliscor|32/100 tox|[from] ability: Poison Heal
|upkeep
|turn|17
|
|t:|1776062226
|move|p2a: Gliscor|Protect|p2a: Gliscor
|-singleturn|p2a: Gliscor|Protect
|move|p1a: Iron Valiant|Calm Mind|p1a: Iron Valiant
|-boost|p1a: Iron Valiant|spa|1
|-boost|p1a: Iron Valiant|spd|1
|
|-heal|p2a: Gliscor|44/100 tox|[from] ability: Poison Heal
|upkeep
|turn|18
|
|t:|1776062239
|switch|p2a: Drifblim|Drifblim, M, tera:Ghost|94/100 brn
|move|p1a: Iron Valiant|Moonblast|p2a: Drifblim
|-damage|p2a: Drifblim|5/100 brn
|-unboost|p2a: Drifblim|spa|1
|
|-damage|p2a: Drifblim|0 fnt|[from] brn
|faint|p2a: Drifblim
|upkeep
|
|t:|1776062253
|switch|p2a: Fezandipiti|Fezandipiti, M|72/100
|turn|19
|inactive|GerardPuig has 120 seconds left.
|
|t:|1776062269
|move|p1a: Iron Valiant|Moonblast|p2a: Fezandipiti
|-resisted|p2a: Fezandipiti
|-damage|p2a: Fezandipiti|43/100
|move|p2a: Fezandipiti|Roost|p2a: Fezandipiti
|-heal|p2a: Fezandipiti|93/100
|-singleturn|p2a: Fezandipiti|move: Roost
|
|-heal|p2a: Fezandipiti|99/100|[from] item: Black Sludge
|upkeep
|turn|20
|inactive|GerardPuig has 120 seconds left.
|
|t:|1776062279
|move|p1a: Iron Valiant|Calm Mind|p1a: Iron Valiant
|-boost|p1a: Iron Valiant|spa|1
|-boost|p1a: Iron Valiant|spd|1
|move|p2a: Fezandipiti|Swords Dance|p2a: Fezandipiti
|-boost|p2a: Fezandipiti|atk|2
|
|-heal|p2a: Fezandipiti|100/100|[from] item: Black Sludge
|upkeep
|turn|21
|
|t:|1776062288
|move|p1a: Iron Valiant|Thunderbolt|p2a: Fezandipiti
|-damage|p2a: Fezandipiti|56/100
|move|p2a: Fezandipiti|Brave Bird|p1a: Iron Valiant
|-supereffective|p1a: Iron Valiant
|-damage|p1a: Iron Valiant|0 fnt
|faint|p1a: Iron Valiant
|-end|p1a: Iron Valiant|Quark Drive|[silent]
|-damage|p2a: Fezandipiti|31/100|[from] Recoil
|
|-heal|p2a: Fezandipiti|37/100|[from] item: Black Sludge
|upkeep
|inactive|GerardPuig has 120 seconds left.
|
|t:|1776062305
|switch|p1a: Great Tusk|Great Tusk, shiny|100/100
|-damage|p1a: Great Tusk|98/100|[from] Stealth Rock
|turn|22
|
|t:|1776062312
|switch|p2a: Gliscor|Gliscor, M|44/100 tox
|move|p1a: Great Tusk|Earthquake|p2a: Gliscor
|-immune|p2a: Gliscor
|
|-heal|p1a: Great Tusk|100/100|[from] item: Leftovers
|-heal|p2a: Gliscor|57/100 tox|[from] ability: Poison Heal
|upkeep
|turn|23
|
|t:|1776062324
|move|p2a: Gliscor|Protect|p2a: Gliscor
|-singleturn|p2a: Gliscor|Protect
|move|p1a: Great Tusk|Rapid Spin|p2a: Gliscor
|-activate|p2a: Gliscor|move: Protect
|
|-heal|p2a: Gliscor|69/100 tox|[from] ability: Poison Heal
|upkeep
|turn|24
|
|t:|1776062333
|switch|p2a: Gholdengo|Gholdengo|100/100
|move|p1a: Great Tusk|Rapid Spin|p2a: Gholdengo
|-immune|p2a: Gholdengo
|
|upkeep
|turn|25
|
|t:|1776062347
|switch|p2a: Gliscor|Gliscor, M|69/100 tox
|move|p1a: Great Tusk|Earthquake|p2a: Gliscor
|-immune|p2a: Gliscor
|
|-heal|p2a: Gliscor|82/100 tox|[from] ability: Poison Heal
|upkeep
|turn|26
|
|t:|1776062358
|move|p2a: Gliscor|Stealth Rock||[still]
|-fail|p2a: Gliscor
|move|p1a: Great Tusk|Rapid Spin|p2a: Gliscor
|-damage|p2a: Gliscor|70/100 tox
|-boost|p1a: Great Tusk|spe|1
|-sideend|p1: GerardPuig|Stealth Rock|[from] move: Rapid Spin|[of] p1a: Great Tusk
|
|-heal|p2a: Gliscor|82/100 tox|[from] ability: Poison Heal
|upkeep
|turn|27
|inactive|GerardPuig has 120 seconds left.
|
|t:|1776062384
|move|p1a: Great Tusk|Stealth Rock|p2a: Gliscor
|-sidestart|p2: rlkmessi|move: Stealth Rock
|move|p2a: Gliscor|Toxic|p1a: Great Tusk
|-status|p1a: Great Tusk|tox
|
|-damage|p1a: Great Tusk|94/100 tox|[from] psn
|-heal|p2a: Gliscor|95/100 tox|[from] ability: Poison Heal
|upkeep
|turn|28
|inactive|GerardPuig has 120 seconds left.
|
|t:|1776062396
|move|p1a: Great Tusk|Rapid Spin|p2a: Gliscor
|-damage|p2a: Gliscor|83/100 tox
|-boost|p1a: Great Tusk|spe|1
|move|p2a: Gliscor|Stealth Rock|p1a: Great Tusk
|-sidestart|p1: GerardPuig|move: Stealth Rock
|
|-heal|p1a: Great Tusk|100/100 tox|[from] item: Leftovers
|-damage|p1a: Great Tusk|88/100 tox|[from] psn
|-heal|p2a: Gliscor|95/100 tox|[from] ability: Poison Heal
|upkeep
|turn|29
|inactive|GerardPuig has 120 seconds left.
|
|t:|1776062414
|switch|p2a: Gholdengo|Gholdengo|100/100
|-damage|p2a: Gholdengo|94/100|[from] Stealth Rock
|move|p1a: Great Tusk|Close Combat|p2a: Gholdengo
|-immune|p2a: Gholdengo
|
|-heal|p1a: Great Tusk|94/100 tox|[from] item: Leftovers
|-damage|p1a: Great Tusk|76/100 tox|[from] psn
|upkeep
|turn|30
|inactive|GerardPuig has 120 seconds left.
|
|t:|1776062435
|-end|p1a: Great Tusk|Protosynthesis|[silent]
|switch|p1a: Amoonguss|Amoonguss, M, shiny|100/100
|-damage|p1a: Amoonguss|88/100|[from] Stealth Rock
|move|p2a: Gholdengo|Make It Rain|p1a: Amoonguss
|-damage|p1a: Amoonguss|22/100
|-unboost|p2a: Gholdengo|spa|1
|
|upkeep
|turn|31
|
|t:|1776062446
|move|p2a: Gholdengo|Shadow Ball|p1a: Amoonguss
|-damage|p1a: Amoonguss|0 fnt
|faint|p1a: Amoonguss
|
|upkeep
|
|t:|1776062451
|switch|p1a: Dragapult|Dragapult, F|100/100
|-damage|p1a: Dragapult|88/100|[from] Stealth Rock
|turn|32
|
|t:|1776062458
|move|p1a: Dragapult|Shadow Ball|p2a: Gholdengo
|-supereffective|p2a: Gholdengo
|-damage|p2a: Gholdengo|0 fnt
|faint|p2a: Gholdengo
|
|upkeep
|
|t:|1776062470
|switch|p2a: Fezandipiti|Fezandipiti, M|37/100
|-damage|p2a: Fezandipiti|24/100|[from] Stealth Rock
|turn|33
|
|t:|1776062479
|move|p1a: Dragapult|Shadow Ball|p2a: Fezandipiti
|-damage|p2a: Fezandipiti|0 fnt
|faint|p2a: Fezandipiti
|
|upkeep
|
|t:|1776062484
|switch|p2a: Hydreigon|Hydreigon, M|100/100
|-damage|p2a: Hydreigon|88/100|[from] Stealth Rock
|turn|34
|
|t:|1776062493
|switch|p1a: Great Tusk|Great Tusk, shiny|76/100 tox
|-damage|p1a: Great Tusk|73/100 tox|[from] Stealth Rock
|move|p2a: Hydreigon|Draco Meteor|p1a: Great Tusk|[miss]
|-miss|p2a: Hydreigon|p1a: Great Tusk
|
|-heal|p1a: Great Tusk|79/100 tox|[from] item: Leftovers
|-damage|p1a: Great Tusk|73/100 tox|[from] psn
|upkeep
|turn|35
|
|t:|1776062504
|switch|p2a: Gliscor|Gliscor, M|95/100 tox
|-damage|p2a: Gliscor|83/100 tox|[from] Stealth Rock
|move|p1a: Great Tusk|Close Combat|p2a: Gliscor
|-resisted|p2a: Gliscor
|-damage|p2a: Gliscor|62/100 tox
|-unboost|p1a: Great Tusk|def|1
|-unboost|p1a: Great Tusk|spd|1
|
|-heal|p1a: Great Tusk|79/100 tox|[from] item: Leftovers
|-heal|p2a: Gliscor|75/100 tox|[from] ability: Poison Heal
|-damage|p1a: Great Tusk|66/100 tox|[from] psn
|upkeep
|turn|36
|
|t:|1776062519
|move|p2a: Gliscor|Earthquake|p1a: Great Tusk
|-damage|p1a: Great Tusk|41/100 tox
|move|p1a: Great Tusk|Close Combat|p2a: Gliscor
|-resisted|p2a: Gliscor
|-damage|p2a: Gliscor|54/100 tox
|-unboost|p1a: Great Tusk|def|1
|-unboost|p1a: Great Tusk|spd|1
|
|-heal|p1a: Great Tusk|48/100 tox|[from] item: Leftovers
|-heal|p2a: Gliscor|67/100 tox|[from] ability: Poison Heal
|-damage|p1a: Great Tusk|29/100 tox|[from] psn
|upkeep
|turn|37
|
|t:|1776062533
|move|p2a: Gliscor|Protect|p2a: Gliscor
|-singleturn|p2a: Gliscor|Protect
|move|p1a: Great Tusk|Close Combat|p2a: Gliscor
|-activate|p2a: Gliscor|move: Protect
|
|-heal|p1a: Great Tusk|35/100 tox|[from] item: Leftovers
|-heal|p2a: Gliscor|79/100 tox|[from] ability: Poison Heal
|-damage|p1a: Great Tusk|10/100 tox|[from] psn
|upkeep
|turn|38
|
|t:|1776062546
|-terastallize|p1a: Great Tusk|Water
|move|p2a: Gliscor|Earthquake|p1a: Great Tusk
|-damage|p1a: Great Tusk|0 fnt
|faint|p1a: Great Tusk
|-end|p1a: Great Tusk|Protosynthesis|[silent]
|
|-heal|p2a: Gliscor|91/100 tox|[from] ability: Poison Heal
|upkeep
|
|t:|1776062553
|switch|p1a: Kingambit|Kingambit, F, shiny|100/100
|-damage|p1a: Kingambit|94/100|[from] Stealth Rock
|-activate|p1a: Kingambit|ability: Supreme Overlord
|-start|p1a: Kingambit|fallen4|[silent]
|turn|39
|
|t:|1776062564
|move|p2a: Gliscor|Earthquake|p1a: Kingambit
|-supereffective|p1a: Kingambit
|-damage|p1a: Kingambit|45/100
|move|p1a: Kingambit|Swords Dance|p1a: Kingambit
|-boost|p1a: Kingambit|atk|2
|
|-heal|p2a: Gliscor|100/100 tox|[from] ability: Poison Heal
|upkeep
|turn|40
|
|t:|1776062573
|move|p1a: Kingambit|Sucker Punch|p2a: Gliscor
|-damage|p2a: Gliscor|0 fnt
|faint|p2a: Gliscor
|
|upkeep
|
|t:|1776062578
|switch|p2a: Hydreigon|Hydreigon, M|88/100
|-damage|p2a: Hydreigon|76/100|[from] Stealth Rock
|turn|41
|
|t:|1776062584
|move|p2a: Hydreigon|Thunder Wave|p1a: Kingambit
|-status|p1a: Kingambit|par
|move|p1a: Kingambit|Iron Head|p2a: Hydreigon
|-damage|p2a: Hydreigon|0 fnt
|faint|p2a: Hydreigon
|
|win|GerardPuig
|raw|GerardPuig's rating: 1141 &rarr; <strong>1165</strong><br />(+24 for winning)
|raw|rlkmessi's rating: 1123 &rarr; <strong>1099</strong><br />(-24 for losing)
|l|☆GerardPuig
|player|p1|
|l|☆rlkmessi
|player|p2|
