|html|<div class="broadcast-blue"><strong>[Gen 9] OU is currently suspecting Tera Blast! For information on how to participate check out the <a href="https://www.smogon.com/tools/suspects/view/200">suspect thread</a>.</strong></div>
|j|☆thugsnivy
|j|‽Spanku64
|t:|1776109621
|gametype|singles
|player|p1|thugsnivy|170|
|player|p2|Spanku64|101|
|gen|9
|tier|[Gen 9] OU
|rule|HP Percentage Mod: HP is shown in percentages
|rule|Endless Battle Clause: Forcing endless battles is banned
|rule|Species Clause: Limit one of each Pokémon
|rule|OHKO Clause: OHKO moves are banned
|rule|Evasion Items Clause: Evasion items are banned
|rule|Evasion Moves Clause: Evasion moves are banned
|rule|Evasion Abilities Clause: Evasion abilities are banned
|rule|Sleep Moves Clause: Sleep-inducing moves are banned
|clearpoke
|poke|p1|Great Tusk|
|poke|p1|Hydreigon, M|
|poke|p1|Serperior, F|
|poke|p1|Weezing-Galar, F|
|poke|p1|Tornadus-Therian, M|
|poke|p1|Gyarados, F|
|poke|p2|Slowbro, M|
|poke|p2|Iron Hands|
|poke|p2|Incineroar, F|
|poke|p2|Gholdengo|
|poke|p2|Raging Bolt|
|poke|p2|Heatran, F|
|teampreview
|j| council of noob
|
|t:|1776109650
|teamsize|p1|6
|teamsize|p2|6
|start
|switch|p1a: Hydreigon|Hydreigon, M|100/100
|switch|p2a: Iron Hands|Iron Hands, shiny|100/100
|turn|1
|
|t:|1776109666
|switch|p1a: Weezing|Weezing-Galar, F|100/100
|move|p2a: Iron Hands|Ice Punch|p1a: Weezing
|-damage|p1a: Weezing|72/100
|
|-heal|p1a: Weezing|78/100|[from] item: Black Sludge
|upkeep
|turn|2
|
|t:|1776109682
|-end|p2a: Iron Hands|Quark Drive|[silent]
|switch|p2a: Gholdengo|Gholdengo|100/100
|-item|p2a: Gholdengo|Air Balloon
|move|p1a: Weezing|Will-O-Wisp|p2a: Gholdengo
|-immune|p2a: Gholdengo|[from] ability: Good as Gold
|
|-heal|p1a: Weezing|84/100|[from] item: Black Sludge
|upkeep
|turn|3
|
|t:|1776109700
|switch|p1a: Tornadus|Tornadus-Therian, M|100/100
|move|p2a: Gholdengo|Make It Rain|p1a: Tornadus
|-damage|p1a: Tornadus|60/100
|-unboost|p2a: Gholdengo|spa|1
|
|upkeep
|turn|4
|
|t:|1776109716
|switch|p2a: Iron Hands|Iron Hands, shiny|100/100
|move|p1a: Tornadus|Knock Off|p2a: Iron Hands
|-resisted|p2a: Iron Hands
|-damage|p2a: Iron Hands|94/100
|-enditem|p2a: Iron Hands|Grassy Seed|[from] move: Knock Off|[of] p1a: Tornadus
|
|upkeep
|turn|5
|
|t:|1776109730
|move|p1a: Tornadus|U-turn|p2a: Iron Hands
|-resisted|p2a: Iron Hands
|-damage|p2a: Iron Hands|89/100
|
|t:|1776109732
|switch|p1a: Great Tusk|Great Tusk|100/100|[from] U-turn
|move|p2a: Iron Hands|Ice Punch|p1a: Great Tusk
|-supereffective|p1a: Great Tusk
|-damage|p1a: Great Tusk|54/100
|
|upkeep
|turn|6
|
|t:|1776109741
|move|p1a: Great Tusk|Earthquake|p2a: Iron Hands
|-supereffective|p2a: Iron Hands
|-damage|p2a: Iron Hands|0 fnt
|faint|p2a: Iron Hands
|-end|p2a: Iron Hands|Quark Drive|[silent]
|
|upkeep
|
|t:|1776109756
|switch|p2a: Heatran|Heatran, F|100/100
|turn|7
|
|t:|1776109764
|move|p1a: Great Tusk|Earthquake|p2a: Heatran
|-supereffective|p2a: Heatran
|-damage|p2a: Heatran|0 fnt
|faint|p2a: Heatran
|
|upkeep
|
|t:|1776109771
|switch|p2a: Gholdengo|Gholdengo|100/100
|-item|p2a: Gholdengo|Air Balloon
|turn|8
|
|t:|1776109792
|-end|p1a: Great Tusk|Protosynthesis|[silent]
|switch|p1a: Tornadus|Tornadus-Therian, M|93/100
|move|p2a: Gholdengo|Make It Rain|p1a: Tornadus
|-damage|p1a: Tornadus|50/100
|-unboost|p2a: Gholdengo|spa|1
|
|upkeep
|turn|9
|
|t:|1776109802
|switch|p2a: Raging Bolt|Raging Bolt|100/100
|move|p1a: Tornadus|U-turn|p2a: Raging Bolt
|-damage|p2a: Raging Bolt|88/100
|
|t:|1776109826
|switch|p1a: Serperior|Serperior, F|100/100|[from] U-turn
|
|-heal|p2a: Raging Bolt|95/100|[from] item: Leftovers
|upkeep
|turn|10
|
|t:|1776109843
|-end|p2a: Raging Bolt|Protosynthesis|[silent]
|switch|p2a: Slowbro|Slowbro, M, shiny|100/100
|move|p1a: Serperior|Leaf Storm|p2a: Slowbro
|-supereffective|p2a: Slowbro
|-damage|p2a: Slowbro|1/100
|-boost|p1a: Serperior|spa|2
|
|-heal|p2a: Slowbro|7/100|[from] item: Leftovers
|upkeep
|turn|11
|
|t:|1776109862
|switch|p2a: Gholdengo|Gholdengo|100/100
|-item|p2a: Gholdengo|Air Balloon
|move|p1a: Serperior|Leaf Storm|p2a: Gholdengo
|-resisted|p2a: Gholdengo
|-damage|p2a: Gholdengo|41/100
|-boost|p1a: Serperior|spa|2
|-enditem|p2a: Gholdengo|Air Balloon
|
|upkeep
|turn|12
|
|t:|1776109876
|-terastallize|p1a: Serperior|Ground
|move|p1a: Serperior|Tera Blast|p2a: Gholdengo|[anim] Tera Blast Ground
|-supereffective|p2a: Gholdengo
|-damage|p2a: Gholdengo|0 fnt
|faint|p2a: Gholdengo
|
|upkeep
|
|t:|1776109883
|switch|p2a: Incineroar|Incineroar, F, shiny|100/100
|turn|13
|
|t:|1776109890
|move|p1a: Serperior|Tera Blast|p2a: Incineroar|[anim] Tera Blast Ground
|-supereffective|p2a: Incineroar
|-damage|p2a: Incineroar|0 fnt
|faint|p2a: Incineroar
|
|upkeep
|
|t:|1776109896
|switch|p2a: Raging Bolt|Raging Bolt|95/100
|turn|14
|
|t:|1776109902
|move|p1a: Serperior|Tera Blast|p2a: Raging Bolt|[anim] Tera Blast Ground
|-supereffective|p2a: Raging Bolt
|-damage|p2a: Raging Bolt|0 fnt
|faint|p2a: Raging Bolt
|-end|p2a: Raging Bolt|Protosynthesis|[silent]
|
|upkeep
|j| Noob sniffer
|
|t:|1776109907
|switch|p2a: Slowbro|Slowbro, M, shiny|40/100
|turn|15
|
|t:|1776109912
|move|p1a: Serperior|Dragon Pulse|p2a: Slowbro
|-damage|p2a: Slowbro|0 fnt
|faint|p2a: Slowbro
|
|win|thugsnivy
|l|‽Spanku64
|player|p2|
