|html|<div class="broadcast-blue"><strong>[Gen 9] OU is currently suspecting Volcarona! For information on how to participate check out the <a href="https://www.smogon.com/tools/suspects/view/208">suspect thread</a>.</strong></div>
|j|☆pokeoscar35
|j|☆MassholeFlatlander
|t:|1778507172
|gametype|singles
|player|p1|pokeoscar35|rosa|1081
|player|p2|MassholeFlatlander|n|1146
|gen|9
|tier|[Gen 9] OU
|rated|
|rule|HP Percentage Mod: HP is shown in percentages
|rule|Endless Battle Clause: Forcing endless battles is banned
|rule|Species Clause: Limit one of each Pokémon
|rule|OHKO Clause: OHKO moves are banned
|rule|Evasion Items Clause: Evasion items are banned
|rule|Evasion Moves Clause: Evasion moves are banned
|rule|Evasion Abilities Clause: Evasion abilities are banned
|rule|Sleep Moves Clause: Sleep-inducing moves are banned
|clearpoke
|poke|p1|Gholdengo|
|poke|p1|Iron Valiant|
|poke|p1|Slowking-Galar, M|
|poke|p1|Samurott-Hisui, F|
|poke|p1|Gliscor, M|
|poke|p1|Dragonite, F|
|poke|p2|Hydreigon, M|
|poke|p2|Probopass, F|
|poke|p2|Sinistcha|
|poke|p2|Empoleon, F|
|poke|p2|Seviper, F|
|poke|p2|Sylveon, M|
|teampreview
|
|t:|1778507212
|teamsize|p1|6
|teamsize|p2|6
|start
|switch|p1a: Gliscor|Gliscor, M|100/100
|switch|p2a: Jelly Belly Pools|Sinistcha|100/100
|turn|1
|inactive|Battle timer is ON: inactive players will automatically lose when time's up. (requested by pokeoscar35)
|
|t:|1778507219
|move|p1a: Gliscor|Toxic|p2a: Jelly Belly Pools
|-status|p2a: Jelly Belly Pools|tox
|move|p2a: Jelly Belly Pools|Stun Spore|p1a: Gliscor
|-status|p1a: Gliscor|par
|
|-damage|p2a: Jelly Belly Pools|94/100 tox|[from] psn
|upkeep
|turn|2
|
|t:|1778507228
|switch|p1a: Samurott|Samurott-Hisui, F|100/100
|move|p2a: Jelly Belly Pools|Poltergeist|p1a: Samurott
|-activate|p1a: Samurott|move: Poltergeist|Assault Vest
|-resisted|p1a: Samurott
|-damage|p1a: Samurott|88/100
|
|-heal|p2a: Jelly Belly Pools|100/100 tox|[from] item: Leftovers
|-damage|p2a: Jelly Belly Pools|88/100 tox|[from] psn
|upkeep
|turn|3
|
|t:|1778507242
|move|p1a: Samurott|Ceaseless Edge|p2a: Jelly Belly Pools
|-supereffective|p2a: Jelly Belly Pools
|-damage|p2a: Jelly Belly Pools|34/100 tox
|-sidestart|p2: MassholeFlatlander|Spikes
|move|p2a: Jelly Belly Pools|Strength Sap|p1a: Samurott
|-unboost|p1a: Samurott|atk|1
|-heal|p2a: Jelly Belly Pools|100/100 tox
|
|-damage|p2a: Jelly Belly Pools|82/100 tox|[from] psn
|upkeep
|turn|4
|
|t:|1778507252
|switch|p1a: Gliscor|Gliscor, M|100/100 par
|switch|p2a: Seviper|Seviper, F|100/100
|-damage|p2a: Seviper|88/100|[from] Spikes
|
|-heal|p2a: Seviper|94/100|[from] item: Leftovers
|upkeep
|turn|5
|inactive|pokeoscar35 has 120 seconds left.
|
|t:|1778507285
|move|p2a: Seviper|Coil|p2a: Seviper
|-boost|p2a: Seviper|atk|1
|-boost|p2a: Seviper|def|1
|-boost|p2a: Seviper|accuracy|1
|move|p1a: Gliscor|Earthquake|p2a: Seviper
|-supereffective|p2a: Seviper
|-damage|p2a: Seviper|40/100
|
|-heal|p2a: Seviper|46/100|[from] item: Leftovers
|upkeep
|turn|6
|
|t:|1778507295
|switch|p1a: Gholdengo|Gholdengo|100/100
|-item|p1a: Gholdengo|Air Balloon
|move|p2a: Seviper|Coil|p2a: Seviper
|-boost|p2a: Seviper|atk|1
|-boost|p2a: Seviper|def|1
|-boost|p2a: Seviper|accuracy|1
|
|-heal|p2a: Seviper|52/100|[from] item: Leftovers
|upkeep
|turn|7
|
|t:|1778507305
|move|p1a: Gholdengo|Make It Rain|p2a: Seviper
|-damage|p2a: Seviper|0 fnt
|-unboost|p1a: Gholdengo|spa|1
|faint|p2a: Seviper
|
|upkeep
|
|t:|1778507314
|switch|p2a: Sylveon|Sylveon, M|100/100
|-damage|p2a: Sylveon|88/100|[from] Spikes
|turn|8
|inactive|pokeoscar35 has 120 seconds left.
|inactive|pokeoscar35 has 90 seconds left.
|
|t:|1778507391
|move|p1a: Gholdengo|Nasty Plot|p1a: Gholdengo
|-boost|p1a: Gholdengo|spa|2
|move|p2a: Sylveon|Calm Mind|p2a: Sylveon
|-boost|p2a: Sylveon|spa|1
|-boost|p2a: Sylveon|spd|1
|
|upkeep
|turn|9
|
|t:|1778507399
|move|p1a: Gholdengo|Nasty Plot|p1a: Gholdengo
|-boost|p1a: Gholdengo|spa|2
|move|p2a: Sylveon|Wish|p2a: Sylveon
|
|upkeep
|turn|10
|
|t:|1778507408
|move|p1a: Gholdengo|Make It Rain|p2a: Sylveon
|-supereffective|p2a: Sylveon
|-damage|p2a: Sylveon|0 fnt
|-unboost|p1a: Gholdengo|spa|1
|faint|p2a: Sylveon
|
|upkeep
|
|t:|1778507422
|switch|p2a: My secret weapon|Hydreigon, M|100/100
|turn|11
|
|t:|1778507437
|-terastallize|p1a: Gholdengo|Flying
|move|p1a: Gholdengo|Make It Rain|p2a: My secret weapon
|-damage|p2a: My secret weapon|0 fnt
|-unboost|p1a: Gholdengo|spa|1
|faint|p2a: My secret weapon
|
|upkeep
|
|t:|1778507445
|switch|p2a: Empoleon|Empoleon, F|100/100
|-damage|p2a: Empoleon|88/100|[from] Spikes
|turn|12
|
|t:|1778507450
|move|p1a: Gholdengo|Nasty Plot|p1a: Gholdengo
|-boost|p1a: Gholdengo|spa|2
|move|p2a: Empoleon|Surf|p1a: Gholdengo
|-damage|p1a: Gholdengo|57/100
|-enditem|p1a: Gholdengo|Air Balloon
|
|-heal|p2a: Empoleon|94/100|[from] item: Leftovers
|upkeep
|turn|13
|
|t:|1778507460
|move|p1a: Gholdengo|Shadow Ball|p2a: Empoleon
|-damage|p2a: Empoleon|27/100
|move|p2a: Empoleon|Ice Beam|p1a: Gholdengo
|-supereffective|p1a: Gholdengo
|-damage|p1a: Gholdengo|7/100
|-status|p1a: Gholdengo|frz
|
|-heal|p2a: Empoleon|33/100|[from] item: Leftovers
|upkeep
|turn|14
|inactive|pokeoscar35 has 120 seconds left.
|
|t:|1778507481
|-curestatus|p1a: Gholdengo|frz|[msg]
|move|p1a: Gholdengo|Shadow Ball|p2a: Empoleon
|-crit|p2a: Empoleon
|-damage|p2a: Empoleon|0 fnt
|faint|p2a: Empoleon
|
|upkeep
|-message|MassholeFlatlander forfeited.
|
|win|pokeoscar35
|raw|pokeoscar35's rating: 1081 &rarr; <strong>1114</strong><br />(+33 for winning)
|raw|MassholeFlatlander's rating: 1146 &rarr; <strong>1116</strong><br />(-30 for losing)
|l|☆MassholeFlatlander
|player|p2|
|l|☆pokeoscar35
|player|p1|
