|html|<div class="broadcast-blue"><strong>[Gen 9] OU is currently suspecting Tera Blast! For information on how to participate check out the <a href="https://www.smogon.com/tools/suspects/view/200">suspect thread</a>.</strong></div>
|j|☆lemeu
|j|☆jibreel69
|t:|1776088519
|gametype|singles
|player|p1|lemeu|169|1507
|player|p2|jibreel69|benga|1599
|gen|9
|tier|[Gen 9] OU
|rated|
|rule|HP Percentage Mod: HP is shown in percentages
|rule|Endless Battle Clause: Forcing endless battles is banned
|rule|Species Clause: Limit one of each Pokémon
|rule|OHKO Clause: OHKO moves are banned
|rule|Evasion Items Clause: Evasion items are banned
|rule|Evasion Moves Clause: Evasion moves are banned
|rule|Evasion Abilities Clause: Evasion abilities are banned
|rule|Sleep Moves Clause: Sleep-inducing moves are banned
|clearpoke
|poke|p1|Iron Moth|
|poke|p1|Kingambit, F|
|poke|p1|Dragonite, M|
|poke|p1|Ogerpon-Cornerstone, F|
|poke|p1|Iron Valiant|
|poke|p1|Raging Bolt|
|poke|p2|Hatterene, F|
|poke|p2|Ogerpon, F|
|poke|p2|Iron Crown|
|poke|p2|Deoxys-Speed|
|poke|p2|Indeedee, M|
|poke|p2|Armarouge, M|
|teampreview
|j| xtanhy
|
|t:|1776088530
|teamsize|p1|6
|teamsize|p2|6
|start
|switch|p1a: Ogerpon|Ogerpon-Cornerstone, F|100/100
|switch|p2a: Anonymous|Ogerpon, F|100/100
|turn|1
|
|t:|1776088538
|move|p2a: Anonymous|U-turn|p1a: Ogerpon
|-supereffective|p1a: Ogerpon
|-damage|p1a: Ogerpon|15/100
|l| xtanhy
|
|t:|1776088543
|switch|p2a: Braveheart|Iron Crown|100/100|[from] U-turn
|-enditem|p2a: Braveheart|Booster Energy
|-activate|p2a: Braveheart|ability: Quark Drive|[fromitem]
|-start|p2a: Braveheart|quarkdrivespa
|move|p1a: Ogerpon|Knock Off|p2a: Braveheart
|-supereffective|p2a: Braveheart
|-damage|p2a: Braveheart|45/100
|
|upkeep
|turn|2
|
|t:|1776088558
|move|p1a: Ogerpon|Knock Off|p2a: Braveheart
|-supereffective|p2a: Braveheart
|-damage|p2a: Braveheart|0 fnt
|faint|p2a: Braveheart
|-end|p2a: Braveheart|Quark Drive|[silent]
|
|upkeep
|
|t:|1776088562
|switch|p2a: Anonymous|Ogerpon, F|100/100
|turn|3
|
|t:|1776088566
|switch|p1a: Iron Moth|Iron Moth|100/100
|-enditem|p1a: Iron Moth|Booster Energy
|-activate|p1a: Iron Moth|ability: Quark Drive|[fromitem]
|-start|p1a: Iron Moth|quarkdrivespe
|move|p2a: Anonymous|U-turn|p1a: Iron Moth
|-resisted|p1a: Iron Moth
|-damage|p1a: Iron Moth|89/100
|
|t:|1776088571
|switch|p2a: Calamity|Indeedee, M, shiny|100/100|[from] U-turn
|-fieldstart|move: Psychic Terrain|[from] ability: Psychic Surge|[of] p2a: Calamity
|
|upkeep
|turn|4
|
|t:|1776088583
|move|p1a: Iron Moth|Fiery Dance|p2a: Calamity
|-damage|p2a: Calamity|47/100
|-boost|p1a: Iron Moth|spa|1
|move|p2a: Calamity|Expanding Force|p1a: Iron Moth
|-supereffective|p1a: Iron Moth
|-damage|p1a: Iron Moth|0 fnt
|faint|p1a: Iron Moth
|-end|p1a: Iron Moth|Quark Drive|[silent]
|
|upkeep
|
|t:|1776088596
|switch|p1a: Iron Valiant|Iron Valiant|100/100
|-enditem|p1a: Iron Valiant|Booster Energy
|-activate|p1a: Iron Valiant|ability: Quark Drive|[fromitem]
|-start|p1a: Iron Valiant|quarkdrivespe
|turn|5
|
|t:|1776088603
|move|p1a: Iron Valiant|Knock Off|p2a: Calamity
|-supereffective|p2a: Calamity
|-damage|p2a: Calamity|0 fnt
|-enditem|p2a: Calamity|Terrain Extender|[from] move: Knock Off|[of] p1a: Iron Valiant
|faint|p2a: Calamity
|
|upkeep
|
|t:|1776088619
|switch|p2a: Primus|Armarouge, M, shiny|100/100
|turn|6
|
|t:|1776088625
|move|p1a: Iron Valiant|Knock Off|p2a: Primus
|-supereffective|p2a: Primus
|-damage|p2a: Primus|28/100
|-ability|p2a: Primus|Weak Armor|boost
|-unboost|p2a: Primus|def|1
|-boost|p2a: Primus|spe|2
|-enditem|p2a: Primus|Weakness Policy
|-boost|p2a: Primus|atk|2|[from] item: Weakness Policy
|-boost|p2a: Primus|spa|2|[from] item: Weakness Policy
|move|p2a: Primus|Armor Cannon|p1a: Iron Valiant
|-damage|p1a: Iron Valiant|0 fnt
|-unboost|p2a: Primus|def|1
|-unboost|p2a: Primus|spd|1
|faint|p1a: Iron Valiant
|-end|p1a: Iron Valiant|Quark Drive|[silent]
|
|upkeep
|
|t:|1776088648
|switch|p1a: Dragonite|Dragonite, M|100/100
|turn|7
|
|t:|1776088655
|-terastallize|p2a: Primus|Psychic
|move|p2a: Primus|Expanding Force|p1a: Dragonite
|-damage|p1a: Dragonite|0 fnt
|faint|p1a: Dragonite
|
|upkeep
|
|t:|1776088666
|switch|p1a: Raging Bolt|Raging Bolt|100/100
|-enditem|p1a: Raging Bolt|Booster Energy
|-activate|p1a: Raging Bolt|ability: Protosynthesis|[fromitem]
|-start|p1a: Raging Bolt|protosynthesisspa
|turn|8
|
|t:|1776088674
|move|p1a: Raging Bolt|Thunderclap|p2a: Primus
|-activate|p2a: Primus|move: Psychic Terrain
|move|p2a: Primus|Expanding Force|p1a: Raging Bolt
|-damage|p1a: Raging Bolt|0 fnt
|faint|p1a: Raging Bolt
|-end|p1a: Raging Bolt|Protosynthesis|[silent]
|
|upkeep
|-message|lemeu forfeited.
|
|win|jibreel69
|raw|lemeu's rating: 1507 &rarr; <strong>1492</strong><br />(-15 for losing)
|raw|jibreel69's rating: 1599 &rarr; <strong>1614</strong><br />(+15 for winning)
|l|☆lemeu
|player|p1|
