|html|<div class="broadcast-blue"><strong>[Gen 9] OU is currently suspecting Tera Blast! For information on how to participate check out the <a href="https://www.smogon.com/tools/suspects/view/200">suspect thread</a>.</strong></div>
|j|☆phreshoatmeal
|j|☆chungus mcchungus
|t:|1776032897
|gametype|singles
|player|p1|phreshoatmeal|170|1572
|player|p2|chungus mcchungus|sage|1579
|gen|9
|tier|[Gen 9] OU
|rated|
|rule|HP Percentage Mod: HP is shown in percentages
|rule|Endless Battle Clause: Forcing endless battles is banned
|rule|Species Clause: Limit one of each Pokémon
|rule|OHKO Clause: OHKO moves are banned
|rule|Evasion Items Clause: Evasion items are banned
|rule|Evasion Moves Clause: Evasion moves are banned
|rule|Evasion Abilities Clause: Evasion abilities are banned
|rule|Sleep Moves Clause: Sleep-inducing moves are banned
|clearpoke
|poke|p1|Excadrill, M|
|poke|p1|Sandaconda, F|
|poke|p1|Deoxys-Speed|
|poke|p1|Tyranitar, M|
|poke|p1|Sableye, M|
|poke|p1|Hatterene, F|
|poke|p2|Skarmory, M|
|poke|p2|Ting-Lu|
|poke|p2|Zamazenta-*|
|poke|p2|Pecharunt|
|poke|p2|Clefable, M|
|poke|p2|Walking Wake|
|teampreview
|inactive|Battle timer is ON: inactive players will automatically lose when time's up. (requested by chungus mcchungus)
|
|t:|1776032907
|teamsize|p1|6
|teamsize|p2|6
|start
|switch|p1a: Tyranitar|Tyranitar, M|100/100
|switch|p2a: Clefable|Clefable, M|100/100
|-weather|Sandstorm|[from] ability: Sand Stream|[of] p1a: Tyranitar
|turn|1
|
|t:|1776032914
|switch|p1a: Hatterene|Hatterene, F|100/100
|move|p2a: Clefable|Knock Off|p1a: Hatterene
|-damage|p1a: Hatterene|89/100
|-enditem|p1a: Hatterene|Leftovers|[from] move: Knock Off|[of] p2a: Clefable
|
|-weather|Sandstorm|[upkeep]
|-damage|p1a: Hatterene|83/100|[from] Sandstorm
|upkeep
|turn|2
|
|t:|1776032920
|move|p2a: Clefable|Moonblast|p1a: Hatterene
|-damage|p1a: Hatterene|48/100
|-unboost|p1a: Hatterene|spa|1
|move|p1a: Hatterene|Gravity|p1a: Hatterene
|-fieldstart|move: Gravity
|
|-weather|Sandstorm|[upkeep]
|-damage|p1a: Hatterene|42/100|[from] Sandstorm
|upkeep
|turn|3
|
|t:|1776032936
|move|p2a: Clefable|Moonblast|p1a: Hatterene
|-damage|p1a: Hatterene|9/100
|move|p1a: Hatterene|Healing Wish|p1a: Hatterene
|faint|p1a: Hatterene
|
|-weather|Sandstorm|[upkeep]
|upkeep
|
|t:|1776032938
|switch|p1a: Excadrill|Excadrill, M|100/100
|turn|4
|
|t:|1776032953
|switch|p2a: Zamazenta|Zamazenta|100/100
|-ability|p2a: Zamazenta|Dauntless Shield|boost
|-boost|p2a: Zamazenta|def|1
|-terastallize|p1a: Excadrill|Ground
|move|p1a: Excadrill|Earthquake|p2a: Zamazenta
|-damage|p2a: Zamazenta|27/100
|
|-weather|Sandstorm|[upkeep]
|-damage|p2a: Zamazenta|21/100|[from] Sandstorm
|upkeep
|turn|5
|
|t:|1776032960
|move|p1a: Excadrill|Earthquake|p2a: Zamazenta
|-damage|p2a: Zamazenta|0 fnt
|faint|p2a: Zamazenta
|
|-weather|Sandstorm|[upkeep]
|upkeep
|
|t:|1776032965
|switch|p2a: Skarmory|Skarmory, M|100/100
|turn|6
|
|t:|1776032969
|move|p1a: Excadrill|Earthquake|p2a: Skarmory
|-supereffective|p2a: Skarmory
|-ability|p2a: Skarmory|Sturdy
|-damage|p2a: Skarmory|1/100
|move|p2a: Skarmory|Roost|p2a: Skarmory
|-heal|p2a: Skarmory|51/100
|-singleturn|p2a: Skarmory|move: Roost
|
|-weather|Sandstorm|[upkeep]
|-fieldend|move: Gravity
|upkeep
|turn|7
|
|t:|1776032981
|switch|p1a: Sableye|Sableye, M|100/100
|move|p2a: Skarmory|Spikes|p1a: Sableye
|-sidestart|p1: phreshoatmeal|Spikes
|
|-weather|Sandstorm|[upkeep]
|-damage|p1a: Sableye|95/100|[from] Sandstorm
|upkeep
|turn|8
|
|t:|1776032992
|switch|p2a: Ting-Lu|Ting-Lu|100/100
|-ability|p2a: Ting-Lu|Vessel of Ruin
|move|p1a: Sableye|Encore|p2a: Ting-Lu
|-hint|Since gen 7, Dark is immune to Prankster moves.
|-immune|p2a: Ting-Lu
|
|-weather|none
|upkeep
|turn|9
|
|t:|1776033000
|move|p1a: Sableye|Gravity|p1a: Sableye
|-fieldstart|move: Gravity
|move|p2a: Ting-Lu|Stealth Rock|p1a: Sableye
|-sidestart|p1: phreshoatmeal|move: Stealth Rock
|
|upkeep
|turn|10
|
|t:|1776033008
|switch|p1a: Sandaconda|Sandaconda, F|100/100
|-damage|p1a: Sandaconda|88/100|[from] Spikes
|-damage|p1a: Sandaconda|82/100|[from] Stealth Rock
|move|p2a: Ting-Lu|Whirlwind|p1a: Sandaconda
|drag|p1a: Sableye|Sableye, M|95/100
|-heal|p1a: Sableye|100/100|[from] move: Healing Wish
|-damage|p1a: Sableye|88/100|[from] Spikes
|-damage|p1a: Sableye|76/100|[from] Stealth Rock
|
|upkeep
|turn|11
|
|t:|1776033016
|switch|p1a: Excadrill|Excadrill, M, tera:Ground|100/100
|-damage|p1a: Excadrill|88/100|[from] Spikes
|-damage|p1a: Excadrill|82/100|[from] Stealth Rock
|move|p2a: Ting-Lu|Ruination|p1a: Excadrill
|-damage|p1a: Excadrill|41/100
|
|upkeep
|turn|12
|
|t:|1776033024
|move|p1a: Excadrill|Earthquake|p2a: Ting-Lu
|-damage|p2a: Ting-Lu|41/100
|move|p2a: Ting-Lu|Earthquake|p1a: Excadrill
|-damage|p1a: Excadrill|0 fnt
|faint|p1a: Excadrill
|
|-heal|p2a: Ting-Lu|47/100|[from] item: Leftovers
|upkeep
|-message|phreshoatmeal forfeited.
|
|win|chungus mcchungus
|raw|phreshoatmeal's rating: 1572 &rarr; <strong>1552</strong><br />(-20 for losing)
|raw|chungus mcchungus's rating: 1579 &rarr; <strong>1599</strong><br />(+20 for winning)
|l|☆phreshoatmeal
|player|p1|
|l|☆chungus mcchungus
|player|p2|
