|html|<div class="broadcast-blue"><strong>[Gen 9] OU is currently suspecting Tera Blast! For information on how to participate check out the <a href="https://www.smogon.com/tools/suspects/view/200">suspect thread</a>.</strong></div>
|j|☆alone of life
|j|☆Shun Uruma
|t:|1776251611
|gametype|singles
|player|p1|alone of life|102|1285
|player|p2|Shun Uruma|red|1328
|gen|9
|tier|[Gen 9] OU
|rated|
|rule|HP Percentage Mod: HP is shown in percentages
|rule|Endless Battle Clause: Forcing endless battles is banned
|rule|Species Clause: Limit one of each Pokémon
|rule|OHKO Clause: OHKO moves are banned
|rule|Evasion Items Clause: Evasion items are banned
|rule|Evasion Moves Clause: Evasion moves are banned
|rule|Evasion Abilities Clause: Evasion abilities are banned
|rule|Sleep Moves Clause: Sleep-inducing moves are banned
|clearpoke
|poke|p1|Incineroar, M|
|poke|p1|Greninja-*, M|
|poke|p1|Iron Valiant|
|poke|p1|Rillaboom, M|
|poke|p1|Great Tusk|
|poke|p1|Iron Moth|
|poke|p2|Hatterene, F|
|poke|p2|Cresselia, F|
|poke|p2|Ursaluna, M|
|poke|p2|Iron Hands|
|poke|p2|Hoopa-Unbound|
|poke|p2|Porygon2|
|teampreview
|inactive|Battle timer is ON: inactive players will automatically lose when time's up. (requested by Shun Uruma)
|
|t:|1776251634
|teamsize|p1|6
|teamsize|p2|6
|start
|switch|p1a: Iron Moth|Iron Moth|100/100
|switch|p2a: Cresselia|Cresselia, F|100/100
|turn|1
|
|t:|1776251639
|move|p1a: Iron Moth|Fiery Dance|p2a: Cresselia
|-damage|p2a: Cresselia|77/100
|move|p2a: Cresselia|Trick Room|p2a: Cresselia
|-fieldstart|move: Trick Room|[of] p2a: Cresselia
|
|upkeep
|turn|2
|
|t:|1776251645
|switch|p2a: Ursaluna|Ursaluna, M|100/100
|move|p1a: Iron Moth|Fiery Dance|p2a: Ursaluna
|-damage|p2a: Ursaluna|57/100
|
|-status|p2a: Ursaluna|brn|[from] item: Flame Orb
|upkeep
|turn|3
|
|t:|1776251653
|-terastallize|p1a: Iron Moth|Ghost
|move|p2a: Ursaluna|Facade|p1a: Iron Moth
|-immune|p1a: Iron Moth
|move|p1a: Iron Moth|Fiery Dance|p2a: Ursaluna
|-damage|p2a: Ursaluna|12/100 brn
|-boost|p1a: Iron Moth|spa|1
|
|-damage|p2a: Ursaluna|6/100 brn|[from] brn
|upkeep
|turn|4
|
|t:|1776251664
|move|p2a: Ursaluna|Headlong Rush|p1a: Iron Moth
|-crit|p1a: Iron Moth
|-damage|p1a: Iron Moth|0 fnt
|-unboost|p2a: Ursaluna|def|1
|-unboost|p2a: Ursaluna|spd|1
|faint|p1a: Iron Moth
|-end|p1a: Iron Moth|Quark Drive|[silent]
|
|-damage|p2a: Ursaluna|0 fnt|[from] brn
|faint|p2a: Ursaluna
|upkeep
|
|t:|1776251672
|switch|p2a: Hoopa|Hoopa-Unbound|100/100
|switch|p1a: Incineroar|Incineroar, M|100/100
|-ability|p1a: Incineroar|Intimidate|boost
|-unboost|p2a: Hoopa|atk|1
|-enditem|p2a: Hoopa|Eject Pack
|
|t:|1776251681
|switch|p2a: Iron Hands|Iron Hands|100/100
|-enditem|p2a: Iron Hands|Booster Energy
|-activate|p2a: Iron Hands|ability: Quark Drive|[fromitem]
|-start|p2a: Iron Hands|quarkdriveatk
|turn|5
|
|t:|1776251694
|switch|p1a: Iron Valiant|Iron Valiant|100/100
|-enditem|p1a: Iron Valiant|Booster Energy
|-activate|p1a: Iron Valiant|ability: Quark Drive|[fromitem]
|-start|p1a: Iron Valiant|quarkdrivespe
|move|p2a: Iron Hands|Swords Dance|p2a: Iron Hands
|-boost|p2a: Iron Hands|atk|2
|
|-fieldend|move: Trick Room
|upkeep
|turn|6
|
|t:|1776251703
|move|p1a: Iron Valiant|Spirit Break|p2a: Iron Hands
|-supereffective|p2a: Iron Hands
|-damage|p2a: Iron Hands|48/100
|-unboost|p2a: Iron Hands|spa|1
|move|p2a: Iron Hands|Thunder Punch|p1a: Iron Valiant
|-damage|p1a: Iron Valiant|0 fnt
|faint|p1a: Iron Valiant
|-end|p1a: Iron Valiant|Quark Drive|[silent]
|
|upkeep
|
|t:|1776251710
|switch|p1a: Rillaboom|Rillaboom, M|100/100
|-fieldstart|move: Grassy Terrain|[from] ability: Grassy Surge|[of] p1a: Rillaboom
|turn|7
|
|t:|1776251714
|move|p1a: Rillaboom|Knock Off|p2a: Iron Hands
|-resisted|p2a: Iron Hands
|-damage|p2a: Iron Hands|38/100
|-damage|p1a: Rillaboom|91/100|[from] item: Life Orb
|move|p2a: Iron Hands|Drain Punch|p1a: Rillaboom
|-crit|p1a: Rillaboom
|-damage|p1a: Rillaboom|0 fnt
|-heal|p2a: Iron Hands|68/100|[from] drain|[of] p1a: Rillaboom
|faint|p1a: Rillaboom
|
|-heal|p2a: Iron Hands|74/100|[from] Grassy Terrain
|upkeep
|
|t:|1776251720
|switch|p1a: Great Tusk|Great Tusk|100/100
|turn|8
|
|t:|1776251727
|-terastallize|p2a: Iron Hands|Flying
|move|p1a: Great Tusk|Headlong Rush|p2a: Iron Hands
|-immune|p2a: Iron Hands
|move|p2a: Iron Hands|Ice Punch|p1a: Great Tusk
|-supereffective|p1a: Great Tusk
|-damage|p1a: Great Tusk|0 fnt
|faint|p1a: Great Tusk
|-end|p1a: Great Tusk|Protosynthesis|[silent]
|
|upkeep
|
|t:|1776251734
|switch|p1a: Greninja|Greninja, M|100/100
|turn|9
|
|t:|1776251737
|move|p1a: Greninja|Ice Beam|p2a: Iron Hands
|-supereffective|p2a: Iron Hands
|-damage|p2a: Iron Hands|22/100
|move|p2a: Iron Hands|Drain Punch|p1a: Greninja
|-supereffective|p1a: Greninja
|-damage|p1a: Greninja|0 fnt
|-heal|p2a: Iron Hands|50/100|[from] drain|[of] p1a: Greninja
|faint|p1a: Greninja
|
|upkeep
|
|t:|1776251739
|switch|p1a: Incineroar|Incineroar, M|100/100
|-ability|p1a: Incineroar|Intimidate|boost
|-unboost|p2a: Iron Hands|atk|1
|turn|10
|
|t:|1776251742
|move|p1a: Incineroar|Will-O-Wisp|p2a: Iron Hands
|-status|p2a: Iron Hands|brn
|move|p2a: Iron Hands|Drain Punch|p1a: Incineroar
|-supereffective|p1a: Incineroar
|-damage|p1a: Incineroar|18/100
|-heal|p2a: Iron Hands|82/100 brn|[from] drain|[of] p1a: Incineroar
|
|-heal|p1a: Incineroar|24/100|[from] Grassy Terrain
|-heal|p1a: Incineroar|30/100|[from] item: Leftovers
|-damage|p2a: Iron Hands|76/100 brn|[from] brn
|upkeep
|turn|11
|
|t:|1776251749
|move|p1a: Incineroar|Taunt|p2a: Iron Hands
|-start|p2a: Iron Hands|move: Taunt
|move|p2a: Iron Hands|Drain Punch|p1a: Incineroar
|-supereffective|p1a: Incineroar
|-damage|p1a: Incineroar|0 fnt
|-heal|p2a: Iron Hands|87/100 brn|[from] drain|[of] p1a: Incineroar
|faint|p1a: Incineroar
|
|win|Shun Uruma
|raw|alone of life's rating: 1285 &rarr; <strong>1263</strong><br />(-22 for losing)
|raw|Shun Uruma's rating: 1328 &rarr; <strong>1346</strong><br />(+18 for winning)
|l|☆Shun Uruma
|player|p2|
