|html|<div class="broadcast-blue"><strong>[Gen 9] OU is currently suspecting Tera Blast! For information on how to participate check out the <a href="https://www.smogon.com/tools/suspects/view/200">suspect thread</a>.</strong></div>
|j|☆AdnaneO
|j|☆xail44
|t:|1776094066
|gametype|singles
|player|p1|AdnaneO|ghetsis-gen5bw|1127
|player|p2|xail44|102|1114
|gen|9
|tier|[Gen 9] OU
|rated|
|rule|HP Percentage Mod: HP is shown in percentages
|rule|Endless Battle Clause: Forcing endless battles is banned
|rule|Species Clause: Limit one of each Pokémon
|rule|OHKO Clause: OHKO moves are banned
|rule|Evasion Items Clause: Evasion items are banned
|rule|Evasion Moves Clause: Evasion moves are banned
|rule|Evasion Abilities Clause: Evasion abilities are banned
|rule|Sleep Moves Clause: Sleep-inducing moves are banned
|clearpoke
|poke|p1|Tyranitar, M|
|poke|p1|Excadrill, F|
|poke|p1|Zapdos|
|poke|p1|Rotom-Wash|
|poke|p1|Primarina, F|
|poke|p1|Kingambit, F|
|poke|p2|Spidops, F|
|poke|p2|Cacturne, M|
|poke|p2|Scyther, M|
|poke|p2|Komala, F|
|poke|p2|Ceruledge, M|
|poke|p2|Regidrago|
|teampreview
|inactive|Battle timer is ON: inactive players will automatically lose when time's up. (requested by xail44)
|inactive|xail44 has 120 seconds left.
|inactive|AdnaneO has 120 seconds left.
|
|t:|1776094111
|teamsize|p1|6
|teamsize|p2|6
|start
|switch|p1a: Zapdos|Zapdos|100/100
|switch|p2a: Spidops|Spidops, F|100/100
|turn|1
|
|t:|1776094116
|move|p1a: Zapdos|Hurricane|p2a: Spidops
|-supereffective|p2a: Spidops
|-damage|p2a: Spidops|0 fnt
|faint|p2a: Spidops
|
|upkeep
|
|t:|1776094121
|switch|p2a: Komala|Komala, F|100/100
|-ability|p2a: Komala|Comatose
|turn|2
|
|t:|1776094128
|move|p1a: Zapdos|Hurricane|p2a: Komala
|-damage|p2a: Komala|44/100
|move|p2a: Komala|Swords Dance|p2a: Komala
|-boost|p2a: Komala|atk|2
|
|-heal|p2a: Komala|50/100|[from] item: Leftovers
|upkeep
|turn|3
|
|t:|1776094135
|move|p1a: Zapdos|Hurricane|p2a: Komala|[miss]
|-miss|p1a: Zapdos|p2a: Komala
|move|p2a: Komala|Rapid Spin|p1a: Zapdos
|-damage|p1a: Zapdos|61/100
|-boost|p2a: Komala|spe|1
|
|-heal|p2a: Komala|55/100|[from] item: Leftovers
|upkeep
|turn|4
|
|t:|1776094139
|move|p2a: Komala|Body Slam|p1a: Zapdos
|-damage|p1a: Zapdos|0 fnt
|faint|p1a: Zapdos
|
|-heal|p2a: Komala|61/100|[from] item: Leftovers
|upkeep
|
|t:|1776094143
|switch|p1a: Tyranitar|Tyranitar, M|100/100
|-weather|Sandstorm|[from] ability: Sand Stream|[of] p1a: Tyranitar
|turn|5
|
|t:|1776094159
|move|p2a: Komala|Earthquake|p1a: Tyranitar
|-supereffective|p1a: Tyranitar
|-damage|p1a: Tyranitar|0 fnt
|faint|p1a: Tyranitar
|
|-weather|Sandstorm|[upkeep]
|-damage|p2a: Komala|55/100|[from] Sandstorm
|-heal|p2a: Komala|61/100|[from] item: Leftovers
|upkeep
|
|t:|1776094165
|switch|p1a: Rotom|Rotom-Wash|100/100
|turn|6
|c|☆xail44|He is a cute Koala but he can get mad
|
|t:|1776094174
|move|p2a: Komala|Body Slam|p1a: Rotom
|-damage|p1a: Rotom|31/100
|move|p1a: Rotom|Hydro Pump|p2a: Komala
|-damage|p2a: Komala|11/100
|
|-weather|Sandstorm|[upkeep]
|-damage|p2a: Komala|5/100|[from] Sandstorm
|-damage|p1a: Rotom|25/100|[from] Sandstorm
|-heal|p2a: Komala|11/100|[from] item: Leftovers
|-heal|p1a: Rotom|31/100|[from] item: Leftovers
|upkeep
|turn|7
|
|t:|1776094183
|move|p2a: Komala|Rapid Spin|p1a: Rotom
|-damage|p1a: Rotom|0 fnt
|-boost|p2a: Komala|spe|1
|faint|p1a: Rotom
|
|-weather|Sandstorm|[upkeep]
|-damage|p2a: Komala|5/100|[from] Sandstorm
|-heal|p2a: Komala|11/100|[from] item: Leftovers
|upkeep
|
|t:|1776094185
|switch|p1a: Excadrill|Excadrill, F|100/100
|-item|p1a: Excadrill|Air Balloon
|turn|8
|
|t:|1776094189
|move|p1a: Excadrill|Rapid Spin|p2a: Komala
|-damage|p2a: Komala|0 fnt
|-boost|p1a: Excadrill|spe|1
|faint|p2a: Komala
|
|-weather|Sandstorm|[upkeep]
|upkeep
|
|t:|1776094197
|switch|p2a: Cacturne|Cacturne, M|100/100
|turn|9
|
|t:|1776094204
|move|p2a: Cacturne|Sucker Punch|p1a: Excadrill
|-crit|p1a: Excadrill
|-damage|p1a: Excadrill|0 fnt
|-enditem|p1a: Excadrill|Air Balloon
|faint|p1a: Excadrill
|-damage|p2a: Cacturne|91/100|[from] item: Life Orb
|
|-weather|none
|upkeep
|
|t:|1776094213
|switch|p1a: Primarina|Primarina, F|100/100
|turn|10
|
|t:|1776094224
|move|p2a: Cacturne|Seed Bomb|p1a: Primarina
|-supereffective|p1a: Primarina
|-damage|p1a: Primarina|0 fnt
|faint|p1a: Primarina
|-damage|p2a: Cacturne|81/100|[from] item: Life Orb
|
|upkeep
|
|t:|1776094238
|switch|p1a: Kingambit|Kingambit, F|100/100
|-activate|p1a: Kingambit|ability: Supreme Overlord
|-start|p1a: Kingambit|fallen5|[silent]
|turn|11
|
|t:|1776094251
|move|p2a: Cacturne|Seed Bomb|p1a: Kingambit
|-resisted|p1a: Kingambit
|-damage|p1a: Kingambit|80/100
|-damage|p2a: Cacturne|71/100|[from] item: Life Orb
|move|p1a: Kingambit|Iron Head|p2a: Cacturne
|-damage|p2a: Cacturne|0 fnt
|faint|p2a: Cacturne
|
|upkeep
|
|t:|1776094255
|switch|p2a: Scyther|Scyther, M|100/100
|turn|12
|
|t:|1776094258
|move|p2a: Scyther|Close Combat|p1a: Kingambit
|-supereffective|p1a: Kingambit
|-damage|p1a: Kingambit|0 fnt
|-unboost|p2a: Scyther|def|1
|-unboost|p2a: Scyther|spd|1
|faint|p1a: Kingambit
|-end|p1a: Kingambit|fallen5|[silent]
|
|win|xail44
|raw|AdnaneO's rating: 1127 &rarr; <strong>1101</strong><br />(-26 for losing)
|raw|xail44's rating: 1114 &rarr; <strong>1140</strong><br />(+26 for winning)
|l|☆xail44
|player|p2|
|l|☆AdnaneO
|player|p1|
