|html|<div class="broadcast-blue"><strong>[Gen 9] OU is currently suspecting Tera Blast! For information on how to participate check out the <a href="https://www.smogon.com/tools/suspects/view/200">suspect thread</a>.</strong></div>
|j|☆YapYapYapYapYapYap
|j|☆cambi fever
|t:|1776039580
|gametype|singles
|player|p1|YapYapYapYapYapYap|caitlin|1559
|player|p2|cambi fever|blackbelt-gen4|1492
|gen|9
|tier|[Gen 9] OU
|rated|
|rule|HP Percentage Mod: HP is shown in percentages
|rule|Endless Battle Clause: Forcing endless battles is banned
|rule|Species Clause: Limit one of each Pokémon
|rule|OHKO Clause: OHKO moves are banned
|rule|Evasion Items Clause: Evasion items are banned
|rule|Evasion Moves Clause: Evasion moves are banned
|rule|Evasion Abilities Clause: Evasion abilities are banned
|rule|Sleep Moves Clause: Sleep-inducing moves are banned
|clearpoke
|poke|p1|Iron Moth|
|poke|p1|Gliscor, F|
|poke|p1|Hatterene, F|
|poke|p1|Ogerpon-Wellspring, F|
|poke|p1|Raging Bolt|
|poke|p1|Zamazenta-*|
|poke|p2|Pelipper, F|
|poke|p2|Iron Treads|
|poke|p2|Hatterene, F|
|poke|p2|Toxicroak, M|
|poke|p2|Barraskewda, F|
|poke|p2|Kyurem|
|teampreview
|
|t:|1776039585
|teamsize|p1|6
|teamsize|p2|6
|start
|switch|p1a: Zamazenta|Zamazenta|100/100
|switch|p2a: Kyurem|Kyurem|100/100
|-ability|p1a: Zamazenta|Dauntless Shield|boost
|-boost|p1a: Zamazenta|def|1
|-ability|p2a: Kyurem|Pressure
|turn|1
|
|t:|1776039599
|switch|p2a: Toxicroak|Toxicroak, M, shiny|100/100
|move|p1a: Zamazenta|Light Screen|p1a: Zamazenta
|-sidestart|p1: YapYapYapYapYapYap|move: Light Screen
|
|upkeep
|turn|2
|
|t:|1776039605
|move|p1a: Zamazenta|Reflect|p1a: Zamazenta
|-sidestart|p1: YapYapYapYapYapYap|Reflect
|move|p2a: Toxicroak|Encore|p1a: Zamazenta
|-start|p1a: Zamazenta|Encore
|
|upkeep
|turn|3
|
|t:|1776039614
|switch|p1a: Gliscor|Gliscor, F|100/100
|switch|p2a: Pelipper|Pelipper, F, shiny|100/100
|-weather|RainDance|[from] ability: Drizzle|[of] p2a: Pelipper
|
|-weather|RainDance|[upkeep]
|-status|p1a: Gliscor|tox|[from] item: Toxic Orb
|upkeep
|turn|4
|
|t:|1776039628
|move|p1a: Gliscor|Swords Dance|p1a: Gliscor
|-boost|p1a: Gliscor|atk|2
|move|p2a: Pelipper|U-turn|p1a: Gliscor
|-resisted|p1a: Gliscor
|-damage|p1a: Gliscor|99/100 tox
|
|t:|1776039636
|switch|p2a: Kyurem|Kyurem|100/100|[from] U-turn
|-ability|p2a: Kyurem|Pressure
|
|-weather|RainDance|[upkeep]
|-heal|p1a: Gliscor|100/100 tox|[from] ability: Poison Heal
|upkeep
|turn|5
|
|t:|1776039652
|-terastallize|p2a: Kyurem|Ice
|-terastallize|p1a: Gliscor|Normal
|move|p2a: Kyurem|Freeze-Dry|p1a: Gliscor
|-crit|p1a: Gliscor
|-damage|p1a: Gliscor|0 fnt
|faint|p1a: Gliscor
|
|-weather|RainDance|[upkeep]
|upkeep
|
|t:|1776039670
|switch|p1a: Iron Moth|Iron Moth|100/100
|-enditem|p1a: Iron Moth|Booster Energy
|-activate|p1a: Iron Moth|ability: Quark Drive|[fromitem]
|-start|p1a: Iron Moth|quarkdrivespe
|turn|6
|
|t:|1776039678
|switch|p2a: Iron Treads|Iron Treads|100/100
|move|p1a: Iron Moth|Fiery Dance|p2a: Iron Treads
|-supereffective|p2a: Iron Treads
|-damage|p2a: Iron Treads|69/100
|
|-weather|RainDance|[upkeep]
|-heal|p2a: Iron Treads|75/100|[from] item: Leftovers
|upkeep
|turn|7
|
|t:|1776039686
|-end|p1a: Iron Moth|Quark Drive|[silent]
|switch|p1a: Ogerpon|Ogerpon-Wellspring, F|100/100
|move|p2a: Iron Treads|Volt Switch|p1a: Ogerpon
|-damage|p1a: Ogerpon|94/100
|
|t:|1776039695
|-end|p2a: Iron Treads|Quark Drive|[silent]
|switch|p2a: Toxicroak|Toxicroak, M, shiny|100/100|[from] Volt Switch
|
|-weather|RainDance|[upkeep]
|upkeep
|turn|8
|
|t:|1776039709
|switch|p1a: Iron Moth|Iron Moth|100/100
|move|p2a: Toxicroak|Toxic|p1a: Iron Moth
|-immune|p1a: Iron Moth
|
|-weather|RainDance|[upkeep]
|-sideend|p1: YapYapYapYapYapYap|move: Light Screen
|upkeep
|turn|9
|
|t:|1776039720
|switch|p2a: Iron Treads|Iron Treads|75/100
|move|p1a: Iron Moth|Whirlwind|p2a: Iron Treads
|-end|p2a: Iron Treads|Quark Drive|[silent]
|drag|p2a: Pelipper|Pelipper, F, shiny|100/100
|
|-weather|RainDance|[upkeep]
|-sideend|p1: YapYapYapYapYapYap|Reflect
|upkeep
|turn|10
|
|t:|1776039734
|move|p1a: Iron Moth|Sludge Wave|p2a: Pelipper
|-damage|p2a: Pelipper|49/100
|move|p2a: Pelipper|U-turn|p1a: Iron Moth
|-resisted|p1a: Iron Moth
|-damage|p1a: Iron Moth|97/100
|
|t:|1776039743
|switch|p2a: Barraskewda|Barraskewda, F, shiny|100/100|[from] U-turn
|
|-weather|none
|upkeep
|turn|11
|
|t:|1776039750
|move|p2a: Barraskewda|Close Combat|p1a: Iron Moth
|-resisted|p1a: Iron Moth
|-damage|p1a: Iron Moth|48/100
|-unboost|p2a: Barraskewda|def|1
|-unboost|p2a: Barraskewda|spd|1
|move|p1a: Iron Moth|Toxic Spikes|p2a: Barraskewda
|-sidestart|p2: cambi fever|move: Toxic Spikes
|
|upkeep
|turn|12
|
|t:|1776039756
|move|p2a: Barraskewda|Close Combat|p1a: Iron Moth
|-resisted|p1a: Iron Moth
|-damage|p1a: Iron Moth|0 fnt
|-unboost|p2a: Barraskewda|def|1
|-unboost|p2a: Barraskewda|spd|1
|faint|p1a: Iron Moth
|-end|p1a: Iron Moth|Quark Drive|[silent]
|
|upkeep
|
|t:|1776039760
|switch|p1a: Ogerpon|Ogerpon-Wellspring, F|94/100
|turn|13
|
|t:|1776039768
|switch|p2a: Toxicroak|Toxicroak, M, shiny|100/100
|-sideend|p2: cambi fever|move: Toxic Spikes|[of] p2a: Toxicroak
|move|p1a: Ogerpon|Swords Dance|p1a: Ogerpon
|-boost|p1a: Ogerpon|atk|2
|
|upkeep
|turn|14
|
|t:|1776039774
|move|p1a: Ogerpon|Trailblaze|p2a: Toxicroak
|-resisted|p2a: Toxicroak
|-damage|p2a: Toxicroak|72/100
|-boost|p1a: Ogerpon|spe|1
|-damage|p1a: Ogerpon|77/100|[from] item: Rocky Helmet|[of] p2a: Toxicroak
|move|p2a: Toxicroak|Encore|p1a: Ogerpon
|-start|p1a: Ogerpon|Encore
|
|upkeep
|turn|15
|
|t:|1776039782
|move|p1a: Ogerpon|Trailblaze|p2a: Toxicroak
|-resisted|p2a: Toxicroak
|-damage|p2a: Toxicroak|41/100
|-boost|p1a: Ogerpon|spe|1
|-damage|p1a: Ogerpon|61/100|[from] item: Rocky Helmet|[of] p2a: Toxicroak
|move|p2a: Toxicroak|Knock Off|p1a: Ogerpon
|-damage|p1a: Ogerpon|41/100
|
|upkeep
|turn|16
|
|t:|1776039790
|move|p1a: Ogerpon|Trailblaze|p2a: Toxicroak
|-resisted|p2a: Toxicroak
|-damage|p2a: Toxicroak|13/100
|-boost|p1a: Ogerpon|spe|1
|-damage|p1a: Ogerpon|25/100|[from] item: Rocky Helmet|[of] p2a: Toxicroak
|move|p2a: Toxicroak|Toxic|p1a: Ogerpon
|-status|p1a: Ogerpon|tox
|
|-damage|p1a: Ogerpon|19/100 tox|[from] psn
|upkeep
|turn|17
|
|t:|1776039800
|move|p1a: Ogerpon|Trailblaze|p2a: Toxicroak
|-resisted|p2a: Toxicroak
|-damage|p2a: Toxicroak|0 fnt
|-boost|p1a: Ogerpon|spe|1
|-damage|p1a: Ogerpon|2/100 tox|[from] item: Rocky Helmet|[of] p2a: Toxicroak
|faint|p2a: Toxicroak
|
|-damage|p1a: Ogerpon|0 fnt|[from] psn
|faint|p1a: Ogerpon
|upkeep
|
|t:|1776039805
|switch|p1a: Zamazenta|Zamazenta|100/100
|switch|p2a: Pelipper|Pelipper, F, shiny|49/100
|-weather|RainDance|[from] ability: Drizzle|[of] p2a: Pelipper
|turn|18
|
|t:|1776039808
|move|p1a: Zamazenta|Light Screen|p1a: Zamazenta
|-sidestart|p1: YapYapYapYapYapYap|move: Light Screen
|move|p2a: Pelipper|Hurricane|p1a: Zamazenta
|-supereffective|p1a: Zamazenta
|-damage|p1a: Zamazenta|72/100
|
|-weather|RainDance|[upkeep]
|upkeep
|turn|19
|
|t:|1776039813
|move|p1a: Zamazenta|Reflect|p1a: Zamazenta
|-sidestart|p1: YapYapYapYapYapYap|Reflect
|move|p2a: Pelipper|Roost|p2a: Pelipper
|-heal|p2a: Pelipper|99/100
|-singleturn|p2a: Pelipper|move: Roost
|
|-weather|RainDance|[upkeep]
|upkeep
|turn|20
|
|t:|1776039816
|switch|p1a: Raging Bolt|Raging Bolt|100/100
|-enditem|p1a: Raging Bolt|Booster Energy
|-activate|p1a: Raging Bolt|ability: Protosynthesis|[fromitem]
|-start|p1a: Raging Bolt|protosynthesisspa
|move|p2a: Pelipper|Hurricane|p1a: Raging Bolt
|-resisted|p1a: Raging Bolt
|-damage|p1a: Raging Bolt|93/100
|-start|p1a: Raging Bolt|confusion
|
|-weather|RainDance|[upkeep]
|upkeep
|turn|21
|
|t:|1776039822
|switch|p2a: Iron Treads|Iron Treads|75/100
|-activate|p1a: Raging Bolt|confusion
|move|p1a: Raging Bolt|Calm Mind|p1a: Raging Bolt
|-boost|p1a: Raging Bolt|spa|1
|-boost|p1a: Raging Bolt|spd|1
|
|-weather|RainDance|[upkeep]
|-heal|p2a: Iron Treads|82/100|[from] item: Leftovers
|upkeep
|turn|22
|
|t:|1776039834
|move|p2a: Iron Treads|Earthquake|p1a: Raging Bolt
|-supereffective|p1a: Raging Bolt
|-damage|p1a: Raging Bolt|57/100
|-activate|p1a: Raging Bolt|confusion
|-damage|p1a: Raging Bolt|52/100|[from] confusion
|
|-weather|RainDance|[upkeep]
|-heal|p2a: Iron Treads|88/100|[from] item: Leftovers
|upkeep
|turn|23
|
|t:|1776039838
|move|p2a: Iron Treads|Earthquake|p1a: Raging Bolt
|-supereffective|p1a: Raging Bolt
|-damage|p1a: Raging Bolt|17/100
|-activate|p1a: Raging Bolt|confusion
|move|p1a: Raging Bolt|Dragon Pulse|p2a: Iron Treads
|-resisted|p2a: Iron Treads
|-crit|p2a: Iron Treads
|-damage|p2a: Iron Treads|27/100
|
|-weather|RainDance|[upkeep]
|-heal|p2a: Iron Treads|34/100|[from] item: Leftovers
|upkeep
|turn|24
|
|t:|1776039842
|-end|p1a: Raging Bolt|Protosynthesis|[silent]
|switch|p1a: Hatterene|Hatterene, F|100/100
|move|p2a: Iron Treads|Earthquake|p1a: Hatterene
|-damage|p1a: Hatterene|85/100
|
|-weather|RainDance|[upkeep]
|-heal|p2a: Iron Treads|40/100|[from] item: Leftovers
|-heal|p1a: Hatterene|91/100|[from] item: Leftovers
|upkeep
|turn|25
|
|t:|1776039848
|move|p2a: Iron Treads|Volt Switch|p1a: Hatterene
|-damage|p1a: Hatterene|86/100
|
|t:|1776039855
|-end|p2a: Iron Treads|Quark Drive|[silent]
|switch|p2a: Hatterene|Hatterene, F, shiny|100/100|[from] Volt Switch
|move|p1a: Hatterene|Calm Mind|p1a: Hatterene
|-boost|p1a: Hatterene|spa|1
|-boost|p1a: Hatterene|spd|1
|
|-weather|none
|-heal|p1a: Hatterene|92/100|[from] item: Leftovers
|-sideend|p1: YapYapYapYapYapYap|move: Light Screen
|upkeep
|turn|26
|
|t:|1776039860
|move|p2a: Hatterene|Nuzzle|p1a: Hatterene
|-damage|p1a: Hatterene|90/100
|-status|p1a: Hatterene|par
|move|p1a: Hatterene|Calm Mind|p1a: Hatterene
|-boost|p1a: Hatterene|spa|1
|-boost|p1a: Hatterene|spd|1
|
|-heal|p1a: Hatterene|96/100 par|[from] item: Leftovers
|-sideend|p1: YapYapYapYapYapYap|Reflect
|upkeep
|turn|27
|
|t:|1776039866
|move|p2a: Hatterene|Psychic Noise|p1a: Hatterene
|-resisted|p1a: Hatterene
|-damage|p1a: Hatterene|88/100 par
|-start|p1a: Hatterene|move: Heal Block
|move|p1a: Hatterene|Calm Mind|p1a: Hatterene
|-boost|p1a: Hatterene|spa|1
|-boost|p1a: Hatterene|spd|1
|
|upkeep
|turn|28
|
|t:|1776039872
|move|p2a: Hatterene|Healing Wish|p2a: Hatterene
|faint|p2a: Hatterene
|cant|p1a: Hatterene|par
|
|-end|p1a: Hatterene|move: Heal Block
|upkeep
|
|t:|1776039877
|switch|p2a: Pelipper|Pelipper, F, shiny|99/100
|-heal|p2a: Pelipper|100/100|[from] move: Healing Wish
|-weather|RainDance|[from] ability: Drizzle|[of] p2a: Pelipper
|turn|29
|
|t:|1776039886
|move|p2a: Pelipper|U-turn|p1a: Hatterene
|-damage|p1a: Hatterene|81/100 par
|
|t:|1776039888
|switch|p2a: Iron Treads|Iron Treads|40/100|[from] U-turn
|move|p1a: Hatterene|Draining Kiss|p2a: Iron Treads
|-resisted|p2a: Iron Treads
|-damage|p2a: Iron Treads|19/100
|-heal|p1a: Hatterene|99/100 par|[from] drain|[of] p2a: Iron Treads
|
|-weather|RainDance|[upkeep]
|-heal|p2a: Iron Treads|25/100|[from] item: Leftovers
|-heal|p1a: Hatterene|100/100 par|[from] item: Leftovers
|upkeep
|turn|30
|
|t:|1776039897
|move|p2a: Iron Treads|Earthquake|p1a: Hatterene
|-damage|p1a: Hatterene|66/100 par
|move|p1a: Hatterene|Stored Power|p2a: Iron Treads
|-resisted|p2a: Iron Treads
|-damage|p2a: Iron Treads|0 fnt
|faint|p2a: Iron Treads
|-end|p2a: Iron Treads|Quark Drive|[silent]
|
|-weather|RainDance|[upkeep]
|-heal|p1a: Hatterene|72/100 par|[from] item: Leftovers
|upkeep
|
|t:|1776039902
|switch|p2a: Barraskewda|Barraskewda, F, shiny|100/100
|turn|31
|
|t:|1776039914
|move|p2a: Barraskewda|Liquidation|p1a: Hatterene
|-damage|p1a: Hatterene|0 fnt
|faint|p1a: Hatterene
|
|-weather|RainDance|[upkeep]
|upkeep
|
|t:|1776039917
|switch|p1a: Raging Bolt|Raging Bolt|17/100
|turn|32
|
|t:|1776039921
|switch|p2a: Pelipper|Pelipper, F, shiny|100/100
|move|p1a: Raging Bolt|Dragon Pulse|p2a: Pelipper
|-damage|p2a: Pelipper|46/100
|
|-weather|RainDance|[upkeep]
|upkeep
|turn|33
|
|t:|1776039927
|move|p1a: Raging Bolt|Dragon Pulse|p2a: Pelipper
|-damage|p2a: Pelipper|0 fnt
|faint|p2a: Pelipper
|
|-weather|RainDance|[upkeep]
|upkeep
|
|t:|1776039929
|switch|p2a: Barraskewda|Barraskewda, F, shiny|100/100
|turn|34
|
|t:|1776039934
|move|p2a: Barraskewda|Aqua Jet|p1a: Raging Bolt
|-resisted|p1a: Raging Bolt
|-damage|p1a: Raging Bolt|0 fnt
|faint|p1a: Raging Bolt
|-end|p1a: Raging Bolt|Protosynthesis|[silent]
|
|-weather|RainDance|[upkeep]
|upkeep
|
|t:|1776039937
|switch|p1a: Zamazenta|Zamazenta|72/100
|turn|35
|
|t:|1776039946
|switch|p2a: Kyurem|Kyurem, tera:Ice|100/100
|-ability|p2a: Kyurem|Pressure
|move|p1a: Zamazenta|Light Screen|p1a: Zamazenta
|-sidestart|p1: YapYapYapYapYapYap|move: Light Screen
|
|-weather|RainDance|[upkeep]
|upkeep
|turn|36
|
|t:|1776039967
|move|p1a: Zamazenta|Close Combat|p2a: Kyurem
|-supereffective|p2a: Kyurem
|-damage|p2a: Kyurem|13/100
|-unboost|p1a: Zamazenta|def|1
|-unboost|p1a: Zamazenta|spd|1
|move|p2a: Kyurem|Draco Meteor|p1a: Zamazenta
|-damage|p1a: Zamazenta|9/100
|-unboost|p2a: Kyurem|spa|2
|
|-weather|none
|upkeep
|turn|37
|
|t:|1776039976
|move|p1a: Zamazenta|Close Combat|p2a: Kyurem
|-supereffective|p2a: Kyurem
|-crit|p2a: Kyurem
|-damage|p2a: Kyurem|0 fnt
|-unboost|p1a: Zamazenta|def|1
|-unboost|p1a: Zamazenta|spd|1
|faint|p2a: Kyurem
|
|upkeep
|c|☆cambi fever|GG
|
|t:|1776039981
|switch|p2a: Barraskewda|Barraskewda, F, shiny|100/100
|turn|38
|inactive|Battle timer is ON: inactive players will automatically lose when time's up. (requested by YapYapYapYapYapYap)
|c|☆cambi fever|Pura Droga Sin Cortar
|
|t:|1776040035
|move|p2a: Barraskewda|Aqua Jet|p1a: Zamazenta
|-damage|p1a: Zamazenta|0 fnt
|faint|p1a: Zamazenta
|
|win|cambi fever
|raw|YapYapYapYapYapYap's rating: 1559 &rarr; <strong>1535</strong><br />(-24 for losing)
|raw|cambi fever's rating: 1492 &rarr; <strong>1516</strong><br />(+24 for winning)
|l|☆cambi fever
|player|p2|
|l|☆YapYapYapYapYapYap
|player|p1|
