|html|<div class="broadcast-blue"><strong>[Gen 9] OU is currently suspecting Tera Blast! For information on how to participate check out the <a href="https://www.smogon.com/tools/suspects/view/200">suspect thread</a>.</strong></div>
|j|☆Spinach5409*
|j|☆ChaosDragon3
|t:|1776111251
|gametype|singles
|player|p1|Spinach5409*|266|1320
|player|p2|ChaosDragon3|swimmerf-gen4|1316
|gen|9
|tier|[Gen 9] OU
|rated|
|rule|HP Percentage Mod: HP is shown in percentages
|rule|Endless Battle Clause: Forcing endless battles is banned
|rule|Species Clause: Limit one of each Pokémon
|rule|OHKO Clause: OHKO moves are banned
|rule|Evasion Items Clause: Evasion items are banned
|rule|Evasion Moves Clause: Evasion moves are banned
|rule|Evasion Abilities Clause: Evasion abilities are banned
|rule|Sleep Moves Clause: Sleep-inducing moves are banned
|clearpoke
|poke|p1|Kyurem|
|poke|p1|Metagross|
|poke|p1|Great Tusk|
|poke|p1|Dragapult, M|
|poke|p1|Kingambit, M|
|poke|p1|Zapdos|
|poke|p2|Alomomola, M|
|poke|p2|Slowking-Galar, F|
|poke|p2|Hoopa-Unbound|
|poke|p2|Lokix, M|
|poke|p2|Dragapult, F|
|poke|p2|Great Tusk|
|teampreview
|inactive|Battle timer is ON: inactive players will automatically lose when time's up. (requested by Spinach5409*)
|
|t:|1776111262
|teamsize|p1|6
|teamsize|p2|6
|start
|switch|p1a: Zapdos|Zapdos|100/100
|switch|p2a: Alomomola|Alomomola, M|100/100
|turn|1
|
|t:|1776111290
|move|p1a: Zapdos|Thunderbolt|p2a: Alomomola
|-supereffective|p2a: Alomomola
|-crit|p2a: Alomomola
|-damage|p2a: Alomomola|0 fnt
|faint|p2a: Alomomola
|
|upkeep
|
|t:|1776111296
|switch|p2a: Slowking|Slowking-Galar, F|100/100
|turn|2
|inactive|ChaosDragon3 has 120 seconds left.
|
|t:|1776111318
|move|p1a: Zapdos|Volt Switch|p2a: Slowking
|-damage|p2a: Slowking|76/100
|
|t:|1776111322
|switch|p1a: Metagross|Metagross|100/100|[from] Volt Switch
|-prepare|p2a: Slowking|Chilly Reception|[premajor]
|move|p2a: Slowking|Chilly Reception|p2a: Slowking
|-weather|Snowscape
|inactive|ChaosDragon3 has 120 seconds left.
|
|t:|1776111331
|switch|p2a: Great Tusk|Great Tusk|100/100|[from] Chilly Reception
|
|-weather|Snowscape|[upkeep]
|upkeep
|turn|3
|
|t:|1776111342
|switch|p1a: Zapdos|Zapdos|100/100
|move|p2a: Great Tusk|Knock Off|p1a: Zapdos
|-damage|p1a: Zapdos|65/100
|-enditem|p1a: Zapdos|Assault Vest|[from] move: Knock Off|[of] p2a: Great Tusk
|
|-weather|Snowscape|[upkeep]
|upkeep
|turn|4
|
|t:|1776111352
|move|p2a: Great Tusk|Stealth Rock|p1a: Zapdos
|-sidestart|p1: Spinach5409*|move: Stealth Rock
|move|p1a: Zapdos|Hurricane|p2a: Great Tusk|[miss]
|-miss|p1a: Zapdos|p2a: Great Tusk
|
|-weather|Snowscape|[upkeep]
|upkeep
|turn|5
|
|t:|1776111361
|-end|p2a: Great Tusk|Protosynthesis|[silent]
|switch|p2a: Slowking|Slowking-Galar, F|100/100
|move|p1a: Zapdos|Hurricane|p2a: Slowking
|-damage|p2a: Slowking|67/100
|
|-weather|Snowscape|[upkeep]
|upkeep
|turn|6
|
|t:|1776111371
|move|p1a: Zapdos|Volt Switch|p2a: Slowking
|-damage|p2a: Slowking|43/100
|
|t:|1776111377
|switch|p1a: Kyurem|Kyurem|100/100|[from] Volt Switch
|-damage|p1a: Kyurem|75/100|[from] Stealth Rock
|-ability|p1a: Kyurem|Pressure
|move|p2a: Slowking|Future Sight|p1a: Kyurem
|-start|p2a: Slowking|move: Future Sight
|
|-weather|none
|upkeep
|turn|7
|
|t:|1776111387
|move|p1a: Kyurem|Dragon Dance|p1a: Kyurem
|-boost|p1a: Kyurem|atk|1
|-boost|p1a: Kyurem|spe|1
|move|p2a: Slowking|Flamethrower|p1a: Kyurem
|-damage|p1a: Kyurem|53/100
|-status|p1a: Kyurem|brn
|
|-damage|p1a: Kyurem|47/100 brn|[from] brn
|upkeep
|turn|8
|c|☆Spinach5409*|damn
|c|☆ChaosDragon3|sorry about that
|
|t:|1776111407
|move|p1a: Kyurem|Dragon Dance|p1a: Kyurem
|-boost|p1a: Kyurem|atk|1
|-boost|p1a: Kyurem|spe|1
|-prepare|p2a: Slowking|Chilly Reception|[premajor]
|move|p2a: Slowking|Chilly Reception|p2a: Slowking
|-weather|Snowscape
|
|t:|1776111415
|switch|p2a: Lokix|Lokix, M|100/100|[from] Chilly Reception
|
|-weather|Snowscape|[upkeep]
|-end|p1a: Kyurem|move: Future Sight
|-damage|p1a: Kyurem|1/100 brn
|-damage|p1a: Kyurem|0 fnt|[from] brn
|faint|p1a: Kyurem
|upkeep
|
|t:|1776111422
|switch|p1a: Great Tusk|Great Tusk|100/100
|turn|9
|
|t:|1776111427
|move|p2a: Lokix|U-turn|p1a: Great Tusk
|-resisted|p1a: Great Tusk
|-damage|p1a: Great Tusk|80/100
|
|t:|1776111432
|switch|p2a: Great Tusk|Great Tusk|100/100|[from] U-turn
|move|p1a: Great Tusk|Rapid Spin|p2a: Great Tusk
|-damage|p2a: Great Tusk|87/100
|-boost|p1a: Great Tusk|spe|1
|-sideend|p1: Spinach5409*|Stealth Rock|[from] move: Rapid Spin|[of] p1a: Great Tusk
|
|-weather|Snowscape|[upkeep]
|upkeep
|turn|10
|
|t:|1776111441
|move|p1a: Great Tusk|Ice Spinner|p2a: Great Tusk
|-supereffective|p2a: Great Tusk
|-damage|p2a: Great Tusk|45/100
|move|p2a: Great Tusk|Earthquake|p1a: Great Tusk
|-damage|p1a: Great Tusk|50/100
|
|-weather|Snowscape|[upkeep]
|upkeep
|turn|11
|
|t:|1776111448
|move|p1a: Great Tusk|Ice Spinner|p2a: Great Tusk
|-supereffective|p2a: Great Tusk
|-damage|p2a: Great Tusk|2/100
|move|p2a: Great Tusk|Earthquake|p1a: Great Tusk
|-crit|p1a: Great Tusk
|-damage|p1a: Great Tusk|5/100
|
|-weather|Snowscape|[upkeep]
|upkeep
|turn|12
|
|t:|1776111458
|-end|p2a: Great Tusk|Protosynthesis|[silent]
|switch|p2a: Slowking|Slowking-Galar, F|76/100
|move|p1a: Great Tusk|Rapid Spin|p2a: Slowking
|-damage|p2a: Slowking|55/100
|-boost|p1a: Great Tusk|spe|1
|
|-weather|none
|upkeep
|turn|13
|
|t:|1776111466
|switch|p2a: Dragapult|Dragapult, F|100/100
|move|p1a: Great Tusk|Earthquake|p2a: Dragapult
|-damage|p2a: Dragapult|15/100
|
|upkeep
|turn|14
|
|t:|1776111473
|move|p1a: Great Tusk|Ice Spinner|p2a: Dragapult
|-supereffective|p2a: Dragapult
|-damage|p2a: Dragapult|0 fnt
|faint|p2a: Dragapult
|
|upkeep
|
|t:|1776111478
|switch|p2a: Lokix|Lokix, M|100/100
|turn|15
|
|t:|1776111483
|move|p2a: Lokix|First Impression|p1a: Great Tusk
|-resisted|p1a: Great Tusk
|-damage|p1a: Great Tusk|0 fnt
|faint|p1a: Great Tusk
|-end|p1a: Great Tusk|Protosynthesis|[silent]
|
|upkeep
|
|t:|1776111487
|switch|p1a: Zapdos|Zapdos|65/100
|turn|16
|
|t:|1776111495
|switch|p2a: Slowking|Slowking-Galar, F|88/100
|move|p1a: Zapdos|Hurricane|p2a: Slowking|[miss]
|-miss|p1a: Zapdos|p2a: Slowking
|
|upkeep
|turn|17
|
|t:|1776111510
|move|p1a: Zapdos|Volt Switch|p2a: Slowking
|-damage|p2a: Slowking|65/100
|
|t:|1776111512
|switch|p1a: Dragapult|Dragapult, M|100/100|[from] Volt Switch
|-prepare|p2a: Slowking|Chilly Reception|[premajor]
|move|p2a: Slowking|Chilly Reception|p2a: Slowking
|-weather|Snowscape
|
|t:|1776111520
|switch|p2a: Hoopa|Hoopa-Unbound|100/100|[from] Chilly Reception
|
|-weather|Snowscape|[upkeep]
|upkeep
|turn|18
|
|t:|1776111531
|move|p1a: Dragapult|Draco Meteor|p2a: Hoopa
|-damage|p2a: Hoopa|46/100
|-unboost|p1a: Dragapult|spa|2
|move|p2a: Hoopa|Hyperspace Fury|p1a: Dragapult
|-supereffective|p1a: Dragapult
|-damage|p1a: Dragapult|0 fnt
|-unboost|p2a: Hoopa|def|1
|faint|p1a: Dragapult
|
|-weather|Snowscape|[upkeep]
|upkeep
|
|t:|1776111541
|switch|p1a: Metagross|Metagross|100/100
|turn|19
|
|t:|1776111544
|move|p2a: Hoopa|Hyperspace Fury|p1a: Metagross
|-supereffective|p1a: Metagross
|-damage|p1a: Metagross|0 fnt
|-unboost|p2a: Hoopa|def|1
|faint|p1a: Metagross
|
|-weather|Snowscape|[upkeep]
|upkeep
|-message|Spinach5409* forfeited.
|
|win|ChaosDragon3
|raw|Spinach5409*'s rating: 1320 &rarr; <strong>1300</strong><br />(-20 for losing)
|raw|ChaosDragon3's rating: 1316 &rarr; <strong>1336</strong><br />(+20 for winning)
|l|☆Spinach5409*
|player|p1|
|l|☆ChaosDragon3
|player|p2|
