|html|<div class="broadcast-blue"><strong>[Gen 9] OU is currently suspecting Tera Blast! For information on how to participate check out the <a href="https://www.smogon.com/tools/suspects/view/200">suspect thread</a>.</strong></div>
|j|☆MamiMamiMami
|j|☆Sharkerthantheteal
|t:|1776316084
|gametype|singles
|player|p1|MamiMamiMami|266|1254
|player|p2|Sharkerthantheteal|169|1228
|gen|9
|tier|[Gen 9] OU
|rated|
|rule|HP Percentage Mod: HP is shown in percentages
|rule|Endless Battle Clause: Forcing endless battles is banned
|rule|Species Clause: Limit one of each Pokémon
|rule|OHKO Clause: OHKO moves are banned
|rule|Evasion Items Clause: Evasion items are banned
|rule|Evasion Moves Clause: Evasion moves are banned
|rule|Evasion Abilities Clause: Evasion abilities are banned
|rule|Sleep Moves Clause: Sleep-inducing moves are banned
|clearpoke
|poke|p1|Rillaboom, M|
|poke|p1|Iron Moth|
|poke|p1|Raging Bolt|
|poke|p1|Great Tusk|
|poke|p1|Corviknight, M|
|poke|p1|Primarina, F|
|poke|p2|Hariyama, F|
|poke|p2|Grimmsnarl, M|
|poke|p2|Great Tusk|
|poke|p2|Dragapult, M|
|poke|p2|Iron Valiant|
|poke|p2|Clodsire, M|
|teampreview
|j| GruesomeLovelies
|inactive|Battle timer is ON: inactive players will automatically lose when time's up. (requested by MamiMamiMami)
|
|t:|1776316112
|teamsize|p1|6
|teamsize|p2|6
|start
|switch|p1a: Great Tusk|Great Tusk|100/100
|switch|p2a: Clodsire|Clodsire, M|100/100
|turn|1
|
|t:|1776316140
|move|p1a: Great Tusk|Headlong Rush|p2a: Clodsire
|-supereffective|p2a: Clodsire
|-damage|p2a: Clodsire|0 fnt
|-unboost|p1a: Great Tusk|def|1
|-unboost|p1a: Great Tusk|spd|1
|faint|p2a: Clodsire
|
|upkeep
|
|t:|1776316150
|switch|p2a: Grimmsnarl|Grimmsnarl, M|100/100
|turn|2
|
|t:|1776316153
|-end|p1a: Great Tusk|Protosynthesis|[silent]
|switch|p1a: Rillaboom|Rillaboom, M|100/100
|-fieldstart|move: Grassy Terrain|[from] ability: Grassy Surge|[of] p1a: Rillaboom
|move|p2a: Grimmsnarl|Reflect|p2a: Grimmsnarl
|-sidestart|p2: Sharkerthantheteal|Reflect
|
|upkeep
|turn|3
|
|t:|1776316159
|move|p2a: Grimmsnarl|Parting Shot|p1a: Rillaboom
|-unboost|p1a: Rillaboom|atk|1
|-unboost|p1a: Rillaboom|spa|1
|
|t:|1776316166
|switch|p2a: Great Tusk|Great Tusk|100/100|[from] Parting Shot
|move|p1a: Rillaboom|Wood Hammer|p2a: Great Tusk
|-supereffective|p2a: Great Tusk
|-damage|p2a: Great Tusk|62/100
|-damage|p1a: Rillaboom|85/100|[from] Recoil
|
|-heal|p1a: Rillaboom|91/100|[from] Grassy Terrain
|-heal|p2a: Great Tusk|69/100|[from] Grassy Terrain
|upkeep
|turn|4
|
|t:|1776316177
|switch|p1a: Corviknight|Corviknight, M|100/100
|-ability|p1a: Corviknight|Pressure
|move|p2a: Great Tusk|Bulk Up|p2a: Great Tusk
|-boost|p2a: Great Tusk|atk|1
|-boost|p2a: Great Tusk|def|1
|
|-heal|p2a: Great Tusk|75/100|[from] Grassy Terrain
|upkeep
|turn|5
|
|t:|1776316187
|move|p2a: Great Tusk|Rapid Spin|p1a: Corviknight
|-resisted|p1a: Corviknight
|-damage|p1a: Corviknight|94/100
|-boost|p2a: Great Tusk|spe|1
|-damage|p2a: Great Tusk|58/100|[from] item: Rocky Helmet|[of] p1a: Corviknight
|move|p1a: Corviknight|Brave Bird|p2a: Great Tusk
|-supereffective|p2a: Great Tusk
|-damage|p2a: Great Tusk|46/100
|-damage|p1a: Corviknight|89/100|[from] Recoil
|
|-heal|p2a: Great Tusk|52/100|[from] Grassy Terrain
|upkeep
|turn|6
|
|t:|1776316201
|move|p2a: Great Tusk|Rapid Spin|p1a: Corviknight
|-resisted|p1a: Corviknight
|-damage|p1a: Corviknight|82/100
|-boost|p2a: Great Tusk|spe|1
|-damage|p2a: Great Tusk|35/100|[from] item: Rocky Helmet|[of] p1a: Corviknight
|move|p1a: Corviknight|Brave Bird|p2a: Great Tusk
|-supereffective|p2a: Great Tusk
|-damage|p2a: Great Tusk|23/100
|-damage|p1a: Corviknight|78/100|[from] Recoil
|
|-heal|p2a: Great Tusk|30/100|[from] Grassy Terrain
|-fieldend|move: Grassy Terrain
|upkeep
|turn|7
|
|t:|1776316212
|move|p2a: Great Tusk|Bulk Up|p2a: Great Tusk
|-boost|p2a: Great Tusk|atk|1
|-boost|p2a: Great Tusk|def|1
|move|p1a: Corviknight|Brave Bird|p2a: Great Tusk
|-supereffective|p2a: Great Tusk
|-damage|p2a: Great Tusk|21/100
|-damage|p1a: Corviknight|75/100|[from] Recoil
|
|upkeep
|turn|8
|
|t:|1776316229
|move|p2a: Great Tusk|Knock Off|p1a: Corviknight
|-damage|p1a: Corviknight|44/100
|-damage|p2a: Great Tusk|4/100|[from] item: Rocky Helmet|[of] p1a: Corviknight
|-enditem|p1a: Corviknight|Rocky Helmet|[from] move: Knock Off|[of] p2a: Great Tusk
|move|p1a: Corviknight|Brave Bird|p2a: Great Tusk
|-supereffective|p2a: Great Tusk
|-damage|p2a: Great Tusk|0 fnt
|faint|p2a: Great Tusk
|-end|p2a: Great Tusk|Protosynthesis|[silent]
|-damage|p1a: Corviknight|42/100|[from] Recoil
|
|upkeep
|
|t:|1776316239
|switch|p2a: Grimmsnarl|Grimmsnarl, M|100/100
|turn|9
|
|t:|1776316242
|move|p2a: Grimmsnarl|Parting Shot|p1a: Corviknight
|-unboost|p1a: Corviknight|atk|1
|-unboost|p1a: Corviknight|spa|1
|
|t:|1776316245
|switch|p2a: Dragapult|Dragapult, M|100/100|[from] Parting Shot
|move|p1a: Corviknight|Roost|p1a: Corviknight
|-heal|p1a: Corviknight|92/100
|-singleturn|p1a: Corviknight|move: Roost
|
|-sideend|p2: Sharkerthantheteal|Reflect
|upkeep
|turn|10
|
|t:|1776316255
|switch|p1a: Primarina|Primarina, F|100/100
|move|p2a: Dragapult|Flamethrower|p1a: Primarina
|-resisted|p1a: Primarina
|-damage|p1a: Primarina|87/100
|-status|p1a: Primarina|brn
|
|-damage|p1a: Primarina|81/100 brn|[from] brn
|upkeep
|turn|11
|
|t:|1776316268
|switch|p2a: Grimmsnarl|Grimmsnarl, M|100/100
|move|p1a: Primarina|Moonblast|p2a: Grimmsnarl
|-supereffective|p2a: Grimmsnarl
|-damage|p2a: Grimmsnarl|27/100
|
|-damage|p1a: Primarina|75/100 brn|[from] brn
|upkeep
|turn|12
|
|t:|1776316279
|move|p2a: Grimmsnarl|Light Screen|p2a: Grimmsnarl
|-sidestart|p2: Sharkerthantheteal|move: Light Screen
|move|p1a: Primarina|Flip Turn|p2a: Grimmsnarl
|-damage|p2a: Grimmsnarl|19/100
|
|t:|1776316283
|switch|p1a: Rillaboom|Rillaboom, M|91/100|[from] Flip Turn
|-fieldstart|move: Grassy Terrain|[from] ability: Grassy Surge|[of] p1a: Rillaboom
|
|-heal|p1a: Rillaboom|97/100|[from] Grassy Terrain
|-heal|p2a: Grimmsnarl|25/100|[from] Grassy Terrain
|upkeep
|turn|13
|
|t:|1776316295
|move|p2a: Grimmsnarl|Reflect|p2a: Grimmsnarl
|-sidestart|p2: Sharkerthantheteal|Reflect
|move|p1a: Rillaboom|U-turn|p2a: Grimmsnarl
|-damage|p2a: Grimmsnarl|3/100
|
|t:|1776316302
|switch|p1a: Raging Bolt|Raging Bolt|100/100|[from] U-turn
|
|-heal|p2a: Grimmsnarl|9/100|[from] Grassy Terrain
|upkeep
|turn|14
|
|t:|1776316311
|move|p1a: Raging Bolt|Volt Switch|p2a: Grimmsnarl
|-damage|p2a: Grimmsnarl|0 fnt
|faint|p2a: Grimmsnarl
|
|t:|1776316323
|-end|p1a: Raging Bolt|Protosynthesis|[silent]
|switch|p1a: Corviknight|Corviknight, M|92/100|[from] Volt Switch
|-ability|p1a: Corviknight|Pressure
|
|upkeep
|
|t:|1776316333
|switch|p2a: Dragapult|Dragapult, M|100/100
|turn|15
|
|t:|1776316337
|switch|p1a: Primarina|Primarina, F|75/100 brn
|move|p2a: Dragapult|Shadow Ball|p1a: Primarina
|-damage|p1a: Primarina|44/100 brn
|
|-heal|p1a: Primarina|50/100 brn|[from] Grassy Terrain
|-damage|p1a: Primarina|44/100 brn|[from] brn
|upkeep
|turn|16
|
|t:|1776316349
|move|p2a: Dragapult|Shadow Ball|p1a: Primarina
|-damage|p1a: Primarina|10/100 brn
|move|p1a: Primarina|Moonblast|p2a: Dragapult
|-supereffective|p2a: Dragapult
|-damage|p2a: Dragapult|33/100
|-unboost|p2a: Dragapult|spa|1
|
|-heal|p2a: Dragapult|39/100|[from] Grassy Terrain
|-heal|p1a: Primarina|16/100 brn|[from] Grassy Terrain
|-damage|p1a: Primarina|10/100 brn|[from] brn
|-fieldend|move: Grassy Terrain
|upkeep
|turn|17
|
|t:|1776316362
|move|p2a: Dragapult|Shadow Ball|p1a: Primarina
|-damage|p1a: Primarina|0 fnt
|faint|p1a: Primarina
|
|upkeep
|
|t:|1776316380
|switch|p1a: Iron Moth|Iron Moth|100/100
|-enditem|p1a: Iron Moth|Booster Energy
|-activate|p1a: Iron Moth|ability: Quark Drive|[fromitem]
|-start|p1a: Iron Moth|quarkdrivespe
|turn|18
|
|t:|1776316386
|move|p1a: Iron Moth|Dazzling Gleam|p2a: Dragapult
|-supereffective|p2a: Dragapult
|-damage|p2a: Dragapult|3/100
|move|p2a: Dragapult|Shadow Ball|p1a: Iron Moth
|-damage|p1a: Iron Moth|67/100
|
|upkeep
|turn|19
|
|t:|1776316394
|move|p1a: Iron Moth|Dazzling Gleam|p2a: Dragapult
|-supereffective|p2a: Dragapult
|-damage|p2a: Dragapult|0 fnt
|faint|p2a: Dragapult
|
|-sideend|p2: Sharkerthantheteal|move: Light Screen
|upkeep
|
|t:|1776316399
|switch|p2a: Hariyama|Hariyama, F|100/100
|turn|20
|
|t:|1776316409
|-terastallize|p1a: Iron Moth|Grass
|-terastallize|p2a: Hariyama|Steel
|move|p1a: Iron Moth|Dazzling Gleam|p2a: Hariyama
|-resisted|p2a: Hariyama
|-damage|p2a: Hariyama|86/100
|move|p2a: Hariyama|Belly Drum|p2a: Hariyama
|-damage|p2a: Hariyama|36/100
|-setboost|p2a: Hariyama|atk|6|[from] move: Belly Drum
|
|-sideend|p2: Sharkerthantheteal|Reflect
|-status|p2a: Hariyama|brn|[from] item: Flame Orb
|upkeep
|turn|21
|
|t:|1776316423
|move|p2a: Hariyama|Bullet Punch|p1a: Iron Moth
|-damage|p1a: Iron Moth|0 fnt
|faint|p1a: Iron Moth
|-end|p1a: Iron Moth|Quark Drive|[silent]
|
|-damage|p2a: Hariyama|30/100 brn|[from] brn
|upkeep
|
|t:|1776316434
|switch|p1a: Raging Bolt|Raging Bolt|100/100
|turn|22
|
|t:|1776316438
|move|p1a: Raging Bolt|Thunderclap|p2a: Hariyama
|-damage|p2a: Hariyama|0 fnt
|faint|p2a: Hariyama
|
|upkeep
|
|t:|1776316441
|switch|p2a: Iron Valiant|Iron Valiant|100/100
|-enditem|p2a: Iron Valiant|Booster Energy
|-activate|p2a: Iron Valiant|ability: Quark Drive|[fromitem]
|-start|p2a: Iron Valiant|quarkdrivespe
|turn|23
|
|t:|1776316446
|move|p1a: Raging Bolt|Thunderclap||[still]
|-fail|p1a: Raging Bolt
|move|p2a: Iron Valiant|Encore|p1a: Raging Bolt
|-start|p1a: Raging Bolt|Encore
|
|upkeep
|turn|24
|
|t:|1776316451
|move|p1a: Raging Bolt|Thunderclap||[still]
|-fail|p1a: Raging Bolt
|move|p2a: Iron Valiant|Calm Mind|p2a: Iron Valiant
|-boost|p2a: Iron Valiant|spa|1
|-boost|p2a: Iron Valiant|spd|1
|
|upkeep
|turn|25
|
|t:|1776316458
|-end|p1a: Raging Bolt|Protosynthesis|[silent]
|switch|p1a: Rillaboom|Rillaboom, M|97/100
|-fieldstart|move: Grassy Terrain|[from] ability: Grassy Surge|[of] p1a: Rillaboom
|move|p2a: Iron Valiant|Calm Mind|p2a: Iron Valiant
|-boost|p2a: Iron Valiant|spa|1
|-boost|p2a: Iron Valiant|spd|1
|
|-heal|p1a: Rillaboom|100/100|[from] Grassy Terrain
|upkeep
|turn|26
|
|t:|1776316472
|move|p2a: Iron Valiant|Moonblast|p1a: Rillaboom
|-damage|p1a: Rillaboom|0 fnt
|faint|p1a: Rillaboom
|
|upkeep
|
|t:|1776316481
|switch|p1a: Corviknight|Corviknight, M|92/100
|-ability|p1a: Corviknight|Pressure
|turn|27
|
|t:|1776316489
|move|p2a: Iron Valiant|Moonblast|p1a: Corviknight
|-resisted|p1a: Corviknight
|-damage|p1a: Corviknight|45/100
|move|p1a: Corviknight|Brave Bird|p2a: Iron Valiant
|-supereffective|p2a: Iron Valiant
|-damage|p2a: Iron Valiant|0 fnt
|faint|p2a: Iron Valiant
|-end|p2a: Iron Valiant|Quark Drive|[silent]
|-damage|p1a: Corviknight|21/100|[from] Recoil
|
|win|MamiMamiMami
|raw|MamiMamiMami's rating: 1254 &rarr; <strong>1277</strong><br />(+23 for winning)
|raw|Sharkerthantheteal's rating: 1228 &rarr; <strong>1205</strong><br />(-23 for losing)
|c|☆Sharkerthantheteal|gg
|l|☆MamiMamiMami
|player|p1|
