|html|<div class="broadcast-blue"><strong>[Gen 9] OU is currently suspecting Tera Blast! For information on how to participate check out the <a href="https://www.smogon.com/tools/suspects/view/200">suspect thread</a>.</strong></div>
|j|☆pretzel xxiv
|j|☆Cassius13
|t:|1776101797
|gametype|singles
|player|p1|pretzel xxiv|170|1062
|player|p2|Cassius13|101|1043
|gen|9
|tier|[Gen 9] OU
|rated|
|rule|HP Percentage Mod: HP is shown in percentages
|rule|Endless Battle Clause: Forcing endless battles is banned
|rule|Species Clause: Limit one of each Pokémon
|rule|OHKO Clause: OHKO moves are banned
|rule|Evasion Items Clause: Evasion items are banned
|rule|Evasion Moves Clause: Evasion moves are banned
|rule|Evasion Abilities Clause: Evasion abilities are banned
|rule|Sleep Moves Clause: Sleep-inducing moves are banned
|clearpoke
|poke|p1|Blaziken, M|
|poke|p1|Armarouge, F|
|poke|p1|Flygon, M|
|poke|p1|Meowscarada, M|
|poke|p1|Oricorio-Sensu, M|
|poke|p1|Ceruledge, F|
|poke|p2|Dragonite, M|
|poke|p2|Gholdengo|
|poke|p2|Great Tusk|
|poke|p2|Kingambit, M|
|poke|p2|Rotom-Wash|
|poke|p2|Iron Valiant|
|teampreview
|
|t:|1776101806
|teamsize|p1|6
|teamsize|p2|6
|start
|switch|p1a: Oricorio|Oricorio-Sensu, M|100/100
|switch|p2a: Dragonite|Dragonite, M, shiny|100/100
|turn|1
|
|t:|1776101814
|move|p1a: Oricorio|Icy Wind|p2a: Dragonite
|-supereffective|p2a: Dragonite
|-damage|p2a: Dragonite|65/100
|-unboost|p2a: Dragonite|spe|1
|move|p2a: Dragonite|Dragon Dance|p2a: Dragonite
|-boost|p2a: Dragonite|atk|1
|-boost|p2a: Dragonite|spe|1
|-activate|p1a: Oricorio|ability: Dancer
|move|p1a: Oricorio|Dragon Dance|p1a: Oricorio|[from] ability: Dancer
|-boost|p1a: Oricorio|atk|1
|-boost|p1a: Oricorio|spe|1
|
|upkeep
|turn|2
|
|t:|1776101828
|-terastallize|p2a: Dragonite|Normal
|move|p1a: Oricorio|Icy Wind|p2a: Dragonite
|-damage|p2a: Dragonite|47/100
|-unboost|p2a: Dragonite|spe|1
|move|p2a: Dragonite|Dragon Dance|p2a: Dragonite
|-boost|p2a: Dragonite|atk|1
|-boost|p2a: Dragonite|spe|1
|-activate|p1a: Oricorio|ability: Dancer
|move|p1a: Oricorio|Dragon Dance|p1a: Oricorio|[from] ability: Dancer
|-boost|p1a: Oricorio|atk|1
|-boost|p1a: Oricorio|spe|1
|
|upkeep
|turn|3
|
|t:|1776101845
|move|p1a: Oricorio|Icy Wind|p2a: Dragonite
|-damage|p2a: Dragonite|30/100
|-unboost|p2a: Dragonite|spe|1
|move|p2a: Dragonite|Fire Punch|p1a: Oricorio
|-damage|p1a: Oricorio|11/100
|-status|p1a: Oricorio|brn
|
|-damage|p1a: Oricorio|5/100 brn|[from] brn
|upkeep
|turn|4
|
|t:|1776101856
|move|p1a: Oricorio|Air Slash|p2a: Dragonite
|-damage|p2a: Dragonite|0 fnt
|faint|p2a: Dragonite
|
|-damage|p1a: Oricorio|0 fnt|[from] brn
|faint|p1a: Oricorio
|upkeep
|
|t:|1776101868
|switch|p1a: Meowscarada|Meowscarada, M|100/100
|switch|p2a: Rotom|Rotom-Wash|100/100
|turn|5
|
|t:|1776101874
|move|p1a: Meowscarada|Flower Trick|p2a: Rotom
|-start|p1a: Meowscarada|typechange|Grass|[from] ability: Protean
|-supereffective|p2a: Rotom
|-crit|p2a: Rotom
|-damage|p2a: Rotom|12/100
|move|p2a: Rotom|Volt Switch|p1a: Meowscarada
|-resisted|p1a: Meowscarada
|-damage|p1a: Meowscarada|79/100
|
|t:|1776101887
|switch|p2a: Iron Valiant|Iron Valiant, shiny|100/100|[from] Volt Switch
|
|upkeep
|turn|6
|
|t:|1776101898
|switch|p1a: Armarouge|Armarouge, F|100/100
|move|p2a: Iron Valiant|Close Combat|p1a: Armarouge
|-resisted|p1a: Armarouge
|-damage|p1a: Armarouge|76/100
|-unboost|p2a: Iron Valiant|def|1
|-unboost|p2a: Iron Valiant|spd|1
|-ability|p1a: Armarouge|Weak Armor|boost
|-unboost|p1a: Armarouge|def|1
|-boost|p1a: Armarouge|spe|2
|-damage|p2a: Iron Valiant|91/100|[from] item: Life Orb
|
|upkeep
|turn|7
|
|t:|1776101913
|-end|p2a: Iron Valiant|Quark Drive|[silent]
|switch|p2a: Rotom|Rotom-Wash|12/100
|move|p1a: Armarouge|Flamethrower|p2a: Rotom
|-resisted|p2a: Rotom
|-damage|p2a: Rotom|0 fnt
|faint|p2a: Rotom
|
|upkeep
|
|t:|1776101922
|switch|p2a: Kingambit|Kingambit, M, shiny|100/100
|-activate|p2a: Kingambit|ability: Supreme Overlord
|-start|p2a: Kingambit|fallen2|[silent]
|turn|8
|
|t:|1776101928
|move|p1a: Armarouge|Flamethrower|p2a: Kingambit
|-supereffective|p2a: Kingambit
|-damage|p2a: Kingambit|13/100
|-status|p2a: Kingambit|brn
|move|p2a: Kingambit|Swords Dance|p2a: Kingambit
|-boost|p2a: Kingambit|atk|2
|
|-damage|p2a: Kingambit|7/100 brn|[from] brn
|upkeep
|turn|9
|
|t:|1776101940
|move|p2a: Kingambit|Sucker Punch||[still]
|-fail|p2a: Kingambit
|move|p1a: Armarouge|Reflect|p1a: Armarouge
|-sidestart|p1: pretzel xxiv|Reflect
|
|-damage|p2a: Kingambit|0 fnt|[from] brn
|faint|p2a: Kingambit
|-end|p2a: Kingambit|fallen2|[silent]
|upkeep
|
|t:|1776101943
|switch|p2a: Great Tusk|Great Tusk, shiny|100/100
|turn|10
|
|t:|1776101950
|move|p1a: Armarouge|Psychic|p2a: Great Tusk
|-supereffective|p2a: Great Tusk
|-damage|p2a: Great Tusk|0 fnt
|faint|p2a: Great Tusk
|-end|p2a: Great Tusk|Protosynthesis|[silent]
|
|upkeep
|
|t:|1776101953
|switch|p2a: Iron Valiant|Iron Valiant, shiny|91/100
|turn|11
|
|t:|1776101958
|move|p1a: Armarouge|Psychic|p2a: Iron Valiant
|-supereffective|p2a: Iron Valiant
|-damage|p2a: Iron Valiant|0 fnt
|faint|p2a: Iron Valiant
|-end|p2a: Iron Valiant|Quark Drive|[silent]
|
|upkeep
|
|t:|1776101960
|switch|p2a: Gholdengo|Gholdengo|100/100
|turn|12
|
|t:|1776101966
|move|p2a: Gholdengo|Trick|p1a: Armarouge
|-activate|p2a: Gholdengo|move: Trick|[of] p1a: Armarouge
|-item|p1a: Armarouge|Choice Scarf|[from] move: Trick
|-item|p2a: Gholdengo|Light Clay|[from] move: Trick
|move|p1a: Armarouge|Flamethrower|p2a: Gholdengo
|-supereffective|p2a: Gholdengo
|-damage|p2a: Gholdengo|0 fnt
|faint|p2a: Gholdengo
|
|win|pretzel xxiv
|raw|pretzel xxiv's rating: 1062 &rarr; <strong>1091</strong><br />(+29 for winning)
|raw|Cassius13's rating: 1043 &rarr; <strong>1027</strong><br />(-16 for losing)
|l|☆Cassius13
|player|p2|
|l|☆pretzel xxiv
|player|p1|
|j|☆pretzel xxiv
|player|p1|pretzel xxiv|170|
