|html|<div class="broadcast-blue"><strong>[Gen 9] OU is currently suspecting Tera Blast! For information on how to participate check out the <a href="https://www.smogon.com/tools/suspects/view/200">suspect thread</a>.</strong></div>
|badge|p1|silver|gen9ou|30-9
|uhtml|medal-msg|<div class="broadcast-blue">Curious what those medals under the avatar are? PS now has Ladder Seasons! For more information, check out the <a href="https://www.smogon.com/forums/threads/3740067/">thread on Smogon.</a></div>
|j|☆sv gurt
|j|☆KingKaido65
|t:|1776032347
|gametype|singles
|player|p1|sv gurt|bugsy-masters|1892
|player|p2|KingKaido65|dragontamer-gen6|1781
|gen|9
|tier|[Gen 9] OU
|rated|
|rule|HP Percentage Mod: HP is shown in percentages
|rule|Endless Battle Clause: Forcing endless battles is banned
|rule|Species Clause: Limit one of each Pokémon
|rule|OHKO Clause: OHKO moves are banned
|rule|Evasion Items Clause: Evasion items are banned
|rule|Evasion Moves Clause: Evasion moves are banned
|rule|Evasion Abilities Clause: Evasion abilities are banned
|rule|Sleep Moves Clause: Sleep-inducing moves are banned
|clearpoke
|poke|p1|Darkrai|
|poke|p1|Gholdengo|
|poke|p1|Heatran, M|
|poke|p1|Kingambit, F|
|poke|p1|Mamoswine, M|
|poke|p1|Tyranitar, M|
|poke|p2|Primarina, F|
|poke|p2|Dragapult, M|
|poke|p2|Garganacl, F|
|poke|p2|Kingambit, M|
|poke|p2|Zapdos|
|poke|p2|Iron Treads|
|teampreview
|inactive|Battle timer is ON: inactive players will automatically lose when time's up. (requested by KingKaido65)
|
|t:|1776032358
|teamsize|p1|6
|teamsize|p2|6
|start
|switch|p1a: Mamoswine|Mamoswine, M|100/100
|switch|p2a: Gundari Ryuseigun|Dragapult, M|100/100
|turn|1
|
|t:|1776032368
|switch|p2a: Flirty Drunk|Primarina, F|100/100
|move|p1a: Mamoswine|Knock Off|p2a: Flirty Drunk
|-resisted|p2a: Flirty Drunk
|-damage|p2a: Flirty Drunk|85/100
|-enditem|p2a: Flirty Drunk|Leftovers|[from] move: Knock Off|[of] p1a: Mamoswine
|
|upkeep
|turn|2
|
|t:|1776032373
|move|p1a: Mamoswine|Earthquake|p2a: Flirty Drunk
|-damage|p2a: Flirty Drunk|41/100
|move|p2a: Flirty Drunk|Psychic Noise|p1a: Mamoswine
|-supereffective|p1a: Mamoswine
|-damage|p1a: Mamoswine|54/100
|-start|p1a: Mamoswine|move: Heal Block
|
|upkeep
|turn|3
|
|t:|1776032383
|move|p1a: Mamoswine|Earthquake|p2a: Flirty Drunk
|-damage|p2a: Flirty Drunk|0 fnt
|faint|p2a: Flirty Drunk
|
|-end|p1a: Mamoswine|move: Heal Block
|upkeep
|
|t:|1776032385
|switch|p2a: Gundari Ryuseigun|Dragapult, M|100/100
|turn|4
|
|t:|1776032391
|move|p1a: Mamoswine|Ice Shard|p2a: Gundari Ryuseigun
|-supereffective|p2a: Gundari Ryuseigun
|-crit|p2a: Gundari Ryuseigun
|-damage|p2a: Gundari Ryuseigun|6/100
|move|p2a: Gundari Ryuseigun|Dragon Darts|p1a: Mamoswine
|-damage|p1a: Mamoswine|5/100
|-anim|p2a: Gundari Ryuseigun|Dragon Darts|p1a: Mamoswine
|-damage|p1a: Mamoswine|0 fnt
|faint|p1a: Mamoswine
|
|upkeep
|
|t:|1776032400
|switch|p1a: Tyranitar|Tyranitar, M|100/100
|-weather|Sandstorm|[from] ability: Sand Stream|[of] p1a: Tyranitar
|turn|5
|
|t:|1776032404
|switch|p1a: Gholdengo|Gholdengo|100/100
|-item|p1a: Gholdengo|Air Balloon
|move|p2a: Gundari Ryuseigun|Dragon Darts|p1a: Gholdengo
|-resisted|p1a: Gholdengo
|-damage|p1a: Gholdengo|86/100
|-enditem|p1a: Gholdengo|Air Balloon
|-anim|p2a: Gundari Ryuseigun|Dragon Darts|p1a: Gholdengo
|-resisted|p1a: Gholdengo
|-damage|p1a: Gholdengo|73/100
|
|-weather|Sandstorm|[upkeep]
|-damage|p2a: Gundari Ryuseigun|0 fnt|[from] Sandstorm
|faint|p2a: Gundari Ryuseigun
|upkeep
|
|t:|1776032407
|switch|p2a: Raging Drunk|Iron Treads|100/100
|turn|6
|
|t:|1776032419
|move|p2a: Raging Drunk|Stealth Rock|p1a: Gholdengo
|-sidestart|p1: sv gurt|move: Stealth Rock
|move|p1a: Gholdengo|Hex|p2a: Raging Drunk
|-damage|p2a: Raging Drunk|63/100
|
|-weather|Sandstorm|[upkeep]
|-heal|p2a: Raging Drunk|69/100|[from] item: Leftovers
|upkeep
|turn|7
|
|t:|1776032423
|move|p2a: Raging Drunk|Earth Power|p1a: Gholdengo
|-supereffective|p1a: Gholdengo
|-damage|p1a: Gholdengo|1/100
|move|p1a: Gholdengo|Hex|p2a: Raging Drunk
|-damage|p2a: Raging Drunk|28/100
|
|-weather|Sandstorm|[upkeep]
|-heal|p2a: Raging Drunk|34/100|[from] item: Leftovers
|upkeep
|turn|8
|
|t:|1776032426
|move|p2a: Raging Drunk|Earth Power|p1a: Gholdengo
|-supereffective|p1a: Gholdengo
|-damage|p1a: Gholdengo|0 fnt
|faint|p1a: Gholdengo
|
|-weather|Sandstorm|[upkeep]
|-heal|p2a: Raging Drunk|40/100|[from] item: Leftovers
|upkeep
|
|t:|1776032428
|switch|p1a: Darkrai|Darkrai|100/100
|-damage|p1a: Darkrai|88/100|[from] Stealth Rock
|turn|9
|
|t:|1776032434
|-end|p2a: Raging Drunk|Quark Drive|[silent]
|switch|p2a: Warai JOGO|Garganacl, F|100/100
|move|p1a: Darkrai|Nasty Plot|p1a: Darkrai
|-boost|p1a: Darkrai|spa|2
|
|-weather|none
|upkeep
|turn|10
|
|t:|1776032438
|move|p1a: Darkrai|Dark Pulse|p2a: Warai JOGO
|-damage|p2a: Warai JOGO|48/100
|move|p2a: Warai JOGO|Salt Cure|p1a: Darkrai
|-damage|p1a: Darkrai|70/100
|-start|p1a: Darkrai|Salt Cure
|
|-heal|p2a: Warai JOGO|54/100|[from] item: Leftovers
|-damage|p1a: Darkrai|57/100|[from] Salt Cure
|upkeep
|turn|11
|
|t:|1776032447
|move|p1a: Darkrai|Dark Pulse|p2a: Warai JOGO
|-damage|p2a: Warai JOGO|0 fnt
|faint|p2a: Warai JOGO
|
|-damage|p1a: Darkrai|45/100|[from] Salt Cure
|upkeep
|
|t:|1776032454
|switch|p2a: Kingambit|Kingambit, M|100/100
|-activate|p2a: Kingambit|ability: Supreme Overlord
|-start|p2a: Kingambit|fallen3|[silent]
|turn|12
|
|t:|1776032460
|-end|p2a: Kingambit|fallen3|[silent]
|switch|p2a: Raging Drunk|Iron Treads|40/100
|move|p1a: Darkrai|Dark Pulse|p2a: Raging Drunk
|-damage|p2a: Raging Drunk|0 fnt
|faint|p2a: Raging Drunk
|-end|p2a: Raging Drunk|Quark Drive|[silent]
|
|-damage|p1a: Darkrai|33/100|[from] Salt Cure
|upkeep
|
|t:|1776032464
|switch|p2a: Kingambit|Kingambit, M|100/100
|-activate|p2a: Kingambit|ability: Supreme Overlord
|-start|p2a: Kingambit|fallen4|[silent]
|turn|13
|
|t:|1776032466
|move|p1a: Darkrai|Dark Pulse|p2a: Kingambit
|-resisted|p2a: Kingambit
|-damage|p2a: Kingambit|48/100
|move|p2a: Kingambit|Swords Dance|p2a: Kingambit
|-boost|p2a: Kingambit|atk|2
|
|-heal|p2a: Kingambit|54/100|[from] item: Leftovers
|-damage|p1a: Darkrai|20/100|[from] Salt Cure
|upkeep
|turn|14
|
|t:|1776032472
|move|p2a: Kingambit|Sucker Punch|p1a: Darkrai
|-resisted|p1a: Darkrai
|-damage|p1a: Darkrai|0 fnt
|faint|p1a: Darkrai
|
|-heal|p2a: Kingambit|60/100|[from] item: Leftovers
|upkeep
|
|t:|1776032476
|switch|p1a: Kingambit|Kingambit, F|100/100
|-damage|p1a: Kingambit|94/100|[from] Stealth Rock
|-activate|p1a: Kingambit|ability: Supreme Overlord
|-start|p1a: Kingambit|fallen3|[silent]
|-item|p1a: Kingambit|Air Balloon
|turn|15
|
|t:|1776032479
|move|p2a: Kingambit|Low Kick|p1a: Kingambit
|-supereffective|p1a: Kingambit
|-damage|p1a: Kingambit|0 fnt
|-enditem|p1a: Kingambit|Air Balloon
|faint|p1a: Kingambit
|-end|p1a: Kingambit|fallen3|[silent]
|
|-heal|p2a: Kingambit|66/100|[from] item: Leftovers
|upkeep
|
|t:|1776032498
|switch|p1a: Tyranitar|Tyranitar, M|100/100
|-damage|p1a: Tyranitar|88/100|[from] Stealth Rock
|-weather|Sandstorm|[from] ability: Sand Stream|[of] p1a: Tyranitar
|turn|16
|
|t:|1776032504
|-terastallize|p2a: Kingambit|Fire
|move|p1a: Tyranitar|Low Kick|p2a: Kingambit
|-damage|p2a: Kingambit|13/100
|move|p2a: Kingambit|Low Kick|p1a: Tyranitar
|-supereffective|p1a: Tyranitar
|-damage|p1a: Tyranitar|0 fnt
|faint|p1a: Tyranitar
|
|-weather|Sandstorm|[upkeep]
|-damage|p2a: Kingambit|7/100|[from] Sandstorm
|-heal|p2a: Kingambit|13/100|[from] item: Leftovers
|upkeep
|
|t:|1776032507
|switch|p1a: Heatran|Heatran, M|100/100
|-damage|p1a: Heatran|88/100|[from] Stealth Rock
|-item|p1a: Heatran|Air Balloon
|turn|17
|
|t:|1776032514
|-terastallize|p1a: Heatran|Fairy
|move|p2a: Kingambit|Sucker Punch|p1a: Heatran
|-resisted|p1a: Heatran
|-damage|p1a: Heatran|39/100
|-enditem|p1a: Heatran|Air Balloon
|move|p1a: Heatran|Earth Power|p2a: Kingambit
|-supereffective|p2a: Kingambit
|-damage|p2a: Kingambit|0 fnt
|faint|p2a: Kingambit
|-end|p2a: Kingambit|fallen4|[silent]
|
|-weather|Sandstorm|[upkeep]
|-damage|p1a: Heatran|33/100|[from] Sandstorm
|upkeep
|
|t:|1776032517
|switch|p2a: Laughing Drunk|Zapdos|100/100
|turn|18
|
|t:|1776032519
|move|p1a: Heatran|Magma Storm|p2a: Laughing Drunk
|-damage|p2a: Laughing Drunk|49/100
|-activate|p2a: Laughing Drunk|move: Magma Storm|[of] p1a: Heatran
|move|p2a: Laughing Drunk|Hurricane|p1a: Heatran
|-damage|p1a: Heatran|0 fnt
|faint|p1a: Heatran
|
|win|KingKaido65
|raw|sv gurt's rating: 1902 &rarr; <strong>1875</strong><br />(-27 for losing)
|raw|KingKaido65's rating: 1781 &rarr; <strong>1808</strong><br />(+27 for winning)
|l|☆sv gurt
|player|p1|
|l|☆KingKaido65
|player|p2|
