|html|<div class="broadcast-blue"><strong>[Gen 9] OU is currently suspecting Tera Blast! For information on how to participate check out the <a href="https://www.smogon.com/tools/suspects/view/200">suspect thread</a>.</strong></div>
|j|☆rossetiger
|j|☆Ghmarsh
|t:|1776092867
|gametype|singles
|player|p1|rossetiger|scientist|1400
|player|p2|Ghmarsh|170|1412
|gen|9
|tier|[Gen 9] OU
|rated|
|rule|HP Percentage Mod: HP is shown in percentages
|rule|Endless Battle Clause: Forcing endless battles is banned
|rule|Species Clause: Limit one of each Pokémon
|rule|OHKO Clause: OHKO moves are banned
|rule|Evasion Items Clause: Evasion items are banned
|rule|Evasion Moves Clause: Evasion moves are banned
|rule|Evasion Abilities Clause: Evasion abilities are banned
|rule|Sleep Moves Clause: Sleep-inducing moves are banned
|clearpoke
|poke|p1|Kleavor, M|
|poke|p1|Samurott-Hisui, F|
|poke|p1|Sinistcha-Masterpiece|
|poke|p1|Gholdengo|
|poke|p1|Houndstone, M|
|poke|p1|Ting-Lu|
|poke|p2|Landorus-Therian, M|
|poke|p2|Blissey, F|
|poke|p2|Dragapult, M|
|poke|p2|Iron Valiant|
|poke|p2|Iron Moth|
|poke|p2|Kingambit, M|
|teampreview
|inactive|Battle timer is ON: inactive players will automatically lose when time's up. (requested by Ghmarsh)
|inactive|rossetiger has 120 seconds left.
|
|t:|1776092973
|teamsize|p1|6
|teamsize|p2|6
|start
|switch|p1a: Samurott|Samurott-Hisui, F|100/100
|switch|p2a: Iron Valiant|Iron Valiant|100/100
|turn|1
|
|t:|1776092985
|switch|p1a: Gholdengo|Gholdengo|100/100
|-item|p1a: Gholdengo|Air Balloon
|move|p2a: Iron Valiant|Moonblast|p1a: Gholdengo
|-resisted|p1a: Gholdengo
|-damage|p1a: Gholdengo|71/100
|-unboost|p1a: Gholdengo|spa|1
|-enditem|p1a: Gholdengo|Air Balloon
|-damage|p2a: Iron Valiant|91/100|[from] item: Life Orb
|
|upkeep
|turn|2
|
|t:|1776092991
|move|p2a: Iron Valiant|Shadow Ball|p1a: Gholdengo
|-supereffective|p1a: Gholdengo
|-damage|p1a: Gholdengo|1/100
|-damage|p2a: Iron Valiant|81/100|[from] item: Life Orb
|move|p1a: Gholdengo|Thunder Wave|p2a: Iron Valiant
|-status|p2a: Iron Valiant|par
|
|upkeep
|turn|3
|c|☆Ghmarsh|Crazy live
|inactive|rossetiger has 120 seconds left.
|
|t:|1776093040
|move|p1a: Gholdengo|Make It Rain|p2a: Iron Valiant
|-supereffective|p2a: Iron Valiant
|-damage|p2a: Iron Valiant|0 fnt
|-unboost|p1a: Gholdengo|spa|1
|faint|p2a: Iron Valiant
|-end|p2a: Iron Valiant|Quark Drive|[silent]
|
|upkeep
|
|t:|1776093063
|switch|p2a: Dragapult|Dragapult, M|100/100
|turn|4
|
|t:|1776093075
|move|p2a: Dragapult|U-turn|p1a: Gholdengo
|-resisted|p1a: Gholdengo
|-damage|p1a: Gholdengo|0 fnt
|faint|p1a: Gholdengo
|
|t:|1776093082
|switch|p2a: Blissey|Blissey, F|100/100|[from] U-turn
|
|upkeep
|
|t:|1776093090
|switch|p1a: Kleavor|Kleavor, M|100/100
|turn|5
|inactive|rossetiger has 120 seconds left.
|inactive|rossetiger has 90 seconds left.
|
|t:|1776093137
|switch|p2a: Landorus|Landorus-Therian, M|100/100
|-ability|p2a: Landorus|Intimidate|boost
|-unboost|p1a: Kleavor|atk|1
|move|p1a: Kleavor|Stone Axe|p2a: Landorus
|-damage|p2a: Landorus|62/100
|-sidestart|p2: Ghmarsh|move: Stealth Rock
|
|upkeep
|turn|6
|
|t:|1776093165
|move|p1a: Kleavor|Stone Axe|p2a: Landorus
|-damage|p2a: Landorus|24/100
|move|p2a: Landorus|Stone Edge|p1a: Kleavor
|-supereffective|p1a: Kleavor
|-damage|p1a: Kleavor|0 fnt
|faint|p1a: Kleavor
|
|upkeep
|
|t:|1776093177
|switch|p1a: Houndstone|Houndstone, M|100/100
|turn|7
|inactive|Ghmarsh has 120 seconds left.
|
|t:|1776093203
|move|p2a: Landorus|Stone Edge|p1a: Houndstone|[miss]
|-miss|p2a: Landorus|p1a: Houndstone
|move|p1a: Houndstone|Night Shade|p2a: Landorus
|-damage|p2a: Landorus|0 fnt
|faint|p2a: Landorus
|
|upkeep
|
|t:|1776093215
|switch|p2a: Kingambit|Kingambit, M|100/100
|-damage|p2a: Kingambit|94/100|[from] Stealth Rock
|-activate|p2a: Kingambit|ability: Supreme Overlord
|-start|p2a: Kingambit|fallen2|[silent]
|turn|8
|inactive|rossetiger has 60 seconds left.
|
|t:|1776093253
|move|p1a: Houndstone|Will-O-Wisp|p2a: Kingambit
|-status|p2a: Kingambit|brn
|move|p2a: Kingambit|Kowtow Cleave|p1a: Houndstone
|-supereffective|p1a: Houndstone
|-damage|p1a: Houndstone|78/100
|
|-damage|p2a: Kingambit|88/100 brn|[from] brn
|upkeep
|turn|9
|inactive|rossetiger has 60 seconds left.
|inactive|Ghmarsh has 120 seconds left.
|
|t:|1776093267
|-end|p2a: Kingambit|fallen2|[silent]
|switch|p2a: Blissey|Blissey, F|100/100
|-damage|p2a: Blissey|88/100|[from] Stealth Rock
|move|p1a: Houndstone|Night Shade|p2a: Blissey
|-immune|p2a: Blissey
|
|-heal|p2a: Blissey|94/100|[from] item: Leftovers
|upkeep
|turn|10
|
|t:|1776093271
|move|p1a: Houndstone|Pain Split|p2a: Blissey
|-sethp|p2a: Blissey|66/100|[from] move: Pain Split|[silent]
|-sethp|p1a: Houndstone|100/100|[from] move: Pain Split
|move|p2a: Blissey|Thunder Wave|p1a: Houndstone
|-status|p1a: Houndstone|par
|
|-heal|p2a: Blissey|72/100|[from] item: Leftovers
|upkeep
|turn|11
|
|t:|1776093283
|switch|p2a: Iron Moth|Iron Moth|100/100
|-damage|p2a: Iron Moth|76/100|[from] Stealth Rock
|switch|p1a: Samurott|Samurott-Hisui, F|100/100
|
|upkeep
|turn|12
|
|t:|1776093303
|move|p2a: Iron Moth|Dazzling Gleam|p1a: Samurott
|-supereffective|p1a: Samurott
|-damage|p1a: Samurott|0 fnt
|faint|p1a: Samurott
|
|upkeep
|
|t:|1776093317
|switch|p1a: Ting-Lu|Ting-Lu|100/100
|-ability|p1a: Ting-Lu|Vessel of Ruin
|turn|13
|
|t:|1776093331
|-terastallize|p2a: Iron Moth|Flying
|move|p2a: Iron Moth|Dazzling Gleam|p1a: Ting-Lu
|-supereffective|p1a: Ting-Lu
|-damage|p1a: Ting-Lu|67/100
|move|p1a: Ting-Lu|Earthquake|p2a: Iron Moth
|-immune|p2a: Iron Moth
|
|-heal|p1a: Ting-Lu|73/100|[from] item: Leftovers
|upkeep
|turn|14
|
|t:|1776093341
|move|p2a: Iron Moth|Dazzling Gleam|p1a: Ting-Lu
|-supereffective|p1a: Ting-Lu
|-damage|p1a: Ting-Lu|34/100
|move|p1a: Ting-Lu|Ruination|p2a: Iron Moth
|-damage|p2a: Iron Moth|38/100
|
|-heal|p1a: Ting-Lu|41/100|[from] item: Leftovers
|upkeep
|turn|15
|inactive|rossetiger has 60 seconds left.
|
|t:|1776093364
|move|p2a: Iron Moth|Dazzling Gleam|p1a: Ting-Lu
|-supereffective|p1a: Ting-Lu
|-damage|p1a: Ting-Lu|1/100
|move|p1a: Ting-Lu|Ruination|p2a: Iron Moth
|-damage|p2a: Iron Moth|19/100
|
|-heal|p1a: Ting-Lu|7/100|[from] item: Leftovers
|upkeep
|turn|16
|inactive|rossetiger has 60 seconds left.
|inactive|rossetiger has 30 seconds left.
|
|t:|1776093407
|move|p2a: Iron Moth|Dazzling Gleam|p1a: Ting-Lu
|-supereffective|p1a: Ting-Lu
|-damage|p1a: Ting-Lu|0 fnt
|faint|p1a: Ting-Lu
|
|upkeep
|inactive|rossetiger has 30 seconds left.
|
|t:|1776093413
|switch|p1a: Sinistcha|Sinistcha-Masterpiece|100/100
|turn|17
|inactive|rossetiger has 30 seconds left.
|
|t:|1776093428
|-terastallize|p1a: Sinistcha|Steel
|move|p2a: Iron Moth|Dazzling Gleam|p1a: Sinistcha
|-resisted|p1a: Sinistcha
|-damage|p1a: Sinistcha|74/100
|move|p1a: Sinistcha|Shadow Ball|p2a: Iron Moth
|-damage|p2a: Iron Moth|0 fnt
|faint|p2a: Iron Moth
|-end|p2a: Iron Moth|Quark Drive|[silent]
|
|upkeep
|
|t:|1776093435
|switch|p2a: Blissey|Blissey, F|72/100
|-damage|p2a: Blissey|60/100|[from] Stealth Rock
|turn|18
|
|t:|1776093440
|move|p1a: Sinistcha|Calm Mind|p1a: Sinistcha
|-boost|p1a: Sinistcha|spa|1
|-boost|p1a: Sinistcha|spd|1
|move|p2a: Blissey|Thunder Wave|p1a: Sinistcha
|-status|p1a: Sinistcha|par
|
|-heal|p2a: Blissey|66/100|[from] item: Leftovers
|upkeep
|turn|19
|
|t:|1776093445
|move|p2a: Blissey|Seismic Toss|p1a: Sinistcha
|-damage|p1a: Sinistcha|45/100 par
|move|p1a: Sinistcha|Calm Mind|p1a: Sinistcha
|-boost|p1a: Sinistcha|spa|1
|-boost|p1a: Sinistcha|spd|1
|
|-heal|p2a: Blissey|72/100|[from] item: Leftovers
|upkeep
|turn|20
|
|t:|1776093449
|move|p2a: Blissey|Seismic Toss|p1a: Sinistcha
|-damage|p1a: Sinistcha|16/100 par
|move|p1a: Sinistcha|Strength Sap|p2a: Blissey
|-unboost|p2a: Blissey|atk|1
|-heal|p1a: Sinistcha|22/100 par
|
|-heal|p2a: Blissey|79/100|[from] item: Leftovers
|upkeep
|turn|21
|
|t:|1776093454
|move|p2a: Blissey|Seismic Toss|p1a: Sinistcha
|-damage|p1a: Sinistcha|0 fnt
|faint|p1a: Sinistcha
|
|-heal|p2a: Blissey|85/100|[from] item: Leftovers
|upkeep
|-message|rossetiger forfeited.
|
|win|Ghmarsh
|raw|rossetiger's rating: 1400 &rarr; <strong>1381</strong><br />(-19 for losing)
|raw|Ghmarsh's rating: 1412 &rarr; <strong>1431</strong><br />(+19 for winning)
|l|☆rossetiger
|player|p1|
|l|☆Ghmarsh
|player|p2|
