|html|<div class="broadcast-blue"><strong>[Gen 9] OU is currently suspecting Tera Blast! For information on how to participate check out the <a href="https://www.smogon.com/tools/suspects/view/200">suspect thread</a>.</strong></div>
|j|☆pekkitou
|j|☆Kichimura Washuu
|t:|1776278622
|gametype|singles
|player|p1|pekkitou|1|1184
|player|p2|Kichimura Washuu|102|1190
|gen|9
|tier|[Gen 9] OU
|rated|
|rule|HP Percentage Mod: HP is shown in percentages
|rule|Endless Battle Clause: Forcing endless battles is banned
|rule|Species Clause: Limit one of each Pokémon
|rule|OHKO Clause: OHKO moves are banned
|rule|Evasion Items Clause: Evasion items are banned
|rule|Evasion Moves Clause: Evasion moves are banned
|rule|Evasion Abilities Clause: Evasion abilities are banned
|rule|Sleep Moves Clause: Sleep-inducing moves are banned
|clearpoke
|poke|p1|Exeggutor, M|
|poke|p1|Gholdengo|
|poke|p1|Blissey, F|
|poke|p1|Glimmora, M|
|poke|p1|Slither Wing|
|poke|p1|Darkrai|
|poke|p2|Lapras, M|
|poke|p2|Gliscor, M|
|poke|p2|Toxapex, M|
|poke|p2|Dondozo, M|
|poke|p2|Chansey, F|
|poke|p2|Clefable, M|
|teampreview
|c|☆pekkitou|well
|c|☆pekkitou|Stall shit
|
|t:|1776278663
|teamsize|p1|6
|teamsize|p2|6
|start
|switch|p1a: Exeggutor|Exeggutor, M|100/100
|switch|p2a: Gliscor|Gliscor, M|100/100
|turn|1
|c|☆pekkitou|it was about time i encountered something like that
|
|t:|1776278675
|move|p2a: Gliscor|Toxic|p1a: Exeggutor
|-status|p1a: Exeggutor|tox
|move|p1a: Exeggutor|Substitute|p1a: Exeggutor
|-start|p1a: Exeggutor|Substitute
|-damage|p1a: Exeggutor|75/100 tox
|
|-damage|p1a: Exeggutor|69/100 tox|[from] psn
|-status|p2a: Gliscor|tox|[from] item: Toxic Orb
|upkeep
|turn|2
|
|t:|1776278713
|-terastallize|p1a: Exeggutor|Poison
|move|p2a: Gliscor|Protect|p2a: Gliscor
|-singleturn|p2a: Gliscor|Protect
|move|p1a: Exeggutor|Stored Power|p2a: Gliscor
|-activate|p2a: Gliscor|move: Protect
|
|-damage|p1a: Exeggutor|57/100 tox|[from] psn
|upkeep
|turn|3
|
|t:|1776278733
|move|p2a: Gliscor|Swords Dance|p2a: Gliscor
|-boost|p2a: Gliscor|atk|2
|move|p1a: Exeggutor|Stored Power|p2a: Gliscor
|-damage|p2a: Gliscor|90/100 tox
|
|-heal|p2a: Gliscor|100/100 tox|[from] ability: Poison Heal
|-damage|p1a: Exeggutor|39/100 tox|[from] psn
|upkeep
|turn|4
|inactive|Battle timer is ON: inactive players will automatically lose when time's up. (requested by pekkitou)
|
|t:|1776278762
|move|p2a: Gliscor|Protect|p2a: Gliscor
|-singleturn|p2a: Gliscor|Protect
|move|p1a: Exeggutor|Stored Power|p2a: Gliscor
|-activate|p2a: Gliscor|move: Protect
|
|-damage|p1a: Exeggutor|14/100 tox|[from] psn
|upkeep
|-enditem|p1a: Exeggutor|Starf Berry|[eat]
|-boost|p1a: Exeggutor|atk|2|[from] item: Starf Berry
|turn|5
|
|t:|1776278777
|move|p2a: Gliscor|Protect||[still]
|-fail|p2a: Gliscor
|move|p1a: Exeggutor|Synthesis|p1a: Exeggutor
|-heal|p1a: Exeggutor|64/100 tox
|
|-damage|p1a: Exeggutor|34/100 tox|[from] psn
|upkeep
|turn|6
|
|t:|1776278785
|move|p2a: Gliscor|Protect|p2a: Gliscor
|-singleturn|p2a: Gliscor|Protect
|move|p1a: Exeggutor|Stored Power|p2a: Gliscor
|-activate|p2a: Gliscor|move: Protect
|
|-damage|p1a: Exeggutor|0 fnt|[from] psn
|faint|p1a: Exeggutor
|upkeep
|
|t:|1776278791
|switch|p1a: Darkrai|Darkrai|100/100
|turn|7
|inactive|Kichimura Washuu has 120 seconds left.
|
|t:|1776278843
|move|p1a: Darkrai|Dark Pulse|p2a: Gliscor
|-damage|p2a: Gliscor|51/100 tox
|move|p2a: Gliscor|Toxic|p1a: Darkrai
|-status|p1a: Darkrai|tox
|
|-damage|p1a: Darkrai|94/100 tox|[from] psn
|-heal|p2a: Gliscor|63/100 tox|[from] ability: Poison Heal
|upkeep
|turn|8
|c|☆pekkitou|You stallers are boring asf ngl, thinking too much, slow killing, i don't have time
|-message|pekkitou forfeited.
|
|win|Kichimura Washuu
|raw|pekkitou's rating: 1184 &rarr; <strong>1159</strong><br />(-25 for losing)
|raw|Kichimura Washuu's rating: 1190 &rarr; <strong>1215</strong><br />(+25 for winning)
|l|☆Kichimura Washuu
|player|p2|
|c|☆pekkitou|get good
|c|☆pekkitou|Fucker
