|html|<div class="broadcast-blue"><strong>[Gen 9] OU is currently suspecting Tera Blast! For information on how to participate check out the <a href="https://www.smogon.com/tools/suspects/view/200">suspect thread</a>.</strong></div>
|j|☆avocadoseller
|j|☆Samarand
|t:|1776092722
|gametype|singles
|player|p1|avocadoseller|102|1454
|player|p2|Samarand|birdkeeper-gen4dp|1472
|gen|9
|tier|[Gen 9] OU
|rated|
|rule|HP Percentage Mod: HP is shown in percentages
|rule|Endless Battle Clause: Forcing endless battles is banned
|rule|Species Clause: Limit one of each Pokémon
|rule|OHKO Clause: OHKO moves are banned
|rule|Evasion Items Clause: Evasion items are banned
|rule|Evasion Moves Clause: Evasion moves are banned
|rule|Evasion Abilities Clause: Evasion abilities are banned
|rule|Sleep Moves Clause: Sleep-inducing moves are banned
|clearpoke
|poke|p1|Dragonite, M|
|poke|p1|Great Tusk|
|poke|p1|Samurott-Hisui, M|
|poke|p1|Gholdengo|
|poke|p1|Pecharunt|
|poke|p1|Darkrai|
|poke|p2|Infernape, M|
|poke|p2|Delphox, F|
|poke|p2|Walking Wake|
|poke|p2|Leafeon, M|
|poke|p2|Ninetales, F|
|poke|p2|Great Tusk|
|teampreview
|inactive|Battle timer is ON: inactive players will automatically lose when time's up. (requested by avocadoseller)
|
|t:|1776092743
|teamsize|p1|6
|teamsize|p2|6
|start
|switch|p1a: Samurott|Samurott-Hisui, M, shiny|100/100
|switch|p2a: Biscuit|Walking Wake|100/100
|turn|1
|
|t:|1776092749
|move|p2a: Biscuit|Flip Turn|p1a: Samurott
|-resisted|p1a: Samurott
|-damage|p1a: Samurott|92/100
|
|t:|1776092753
|-end|p2a: Biscuit|Protosynthesis|[silent]
|switch|p2a: Eleya|Ninetales, F|100/100|[from] Flip Turn
|-weather|SunnyDay|[from] ability: Drought|[of] p2a: Eleya
|move|p1a: Samurott|Ceaseless Edge|p2a: Eleya
|-damage|p2a: Eleya|57/100
|-sidestart|p2: Samarand|Spikes
|
|-weather|SunnyDay|[upkeep]
|upkeep
|turn|2
|
|t:|1776092763
|move|p2a: Eleya|Will-O-Wisp|p1a: Samurott
|-status|p1a: Samurott|brn
|move|p1a: Samurott|Ceaseless Edge|p2a: Eleya
|-damage|p2a: Eleya|37/100
|-sidestart|p2: Samarand|Spikes
|
|-weather|SunnyDay|[upkeep]
|-damage|p1a: Samurott|86/100 brn|[from] brn
|upkeep
|turn|3
|
|t:|1776092772
|switch|p2a: Turbo Genius|Great Tusk|100/100
|-damage|p2a: Turbo Genius|84/100|[from] Spikes
|-activate|p2a: Turbo Genius|ability: Protosynthesis
|-start|p2a: Turbo Genius|protosynthesisatk
|move|p1a: Samurott|Razor Shell|p2a: Turbo Genius
|-supereffective|p2a: Turbo Genius
|-crit|p2a: Turbo Genius
|-damage|p2a: Turbo Genius|66/100
|-unboost|p2a: Turbo Genius|def|1
|
|-weather|SunnyDay|[upkeep]
|-damage|p1a: Samurott|80/100 brn|[from] brn
|upkeep
|turn|4
|
|t:|1776092785
|switch|p1a: Pecharunt|Pecharunt|100/100
|move|p2a: Turbo Genius|Headlong Rush|p1a: Pecharunt
|-supereffective|p1a: Pecharunt
|-damage|p1a: Pecharunt|22/100
|-unboost|p2a: Turbo Genius|def|1
|-unboost|p2a: Turbo Genius|spd|1
|-damage|p2a: Turbo Genius|49/100|[from] item: Rocky Helmet|[of] p1a: Pecharunt
|
|-weather|SunnyDay|[upkeep]
|upkeep
|turn|5
|
|t:|1776092797
|switch|p1a: Samurott|Samurott-Hisui, M, shiny|80/100 brn
|move|p2a: Turbo Genius|Headlong Rush|p1a: Samurott
|-damage|p1a: Samurott|0 fnt
|-unboost|p2a: Turbo Genius|def|1
|-unboost|p2a: Turbo Genius|spd|1
|faint|p1a: Samurott
|
|-weather|SunnyDay|[upkeep]
|upkeep
|
|t:|1776092803
|switch|p1a: Great Tusk|Great Tusk, shiny|100/100
|-activate|p1a: Great Tusk|ability: Protosynthesis
|-start|p1a: Great Tusk|protosynthesisatk
|turn|6
|
|t:|1776092809
|-end|p2a: Turbo Genius|Protosynthesis|[silent]
|switch|p2a: Hans|Leafeon, M|100/100
|-damage|p2a: Hans|84/100|[from] Spikes
|move|p1a: Great Tusk|Ice Spinner|p2a: Hans
|-supereffective|p2a: Hans
|-damage|p2a: Hans|15/100
|
|-weather|SunnyDay|[upkeep]
|upkeep
|turn|7
|
|t:|1776092817
|-end|p1a: Great Tusk|Protosynthesis|[silent]
|switch|p1a: Pecharunt|Pecharunt|22/100
|move|p2a: Hans|Solar Blade||[still]
|-prepare|p2a: Hans|Solar Blade
|-anim|p2a: Hans|Solar Blade|p1a: Pecharunt
|-resisted|p1a: Pecharunt
|-damage|p1a: Pecharunt|3/100
|-damage|p2a: Hans|0 fnt|[from] item: Rocky Helmet|[of] p1a: Pecharunt
|faint|p2a: Hans
|
|-weather|SunnyDay|[upkeep]
|upkeep
|
|t:|1776092825
|switch|p2a: Hecate|Delphox, F|100/100
|turn|8
|
|t:|1776092830
|move|p2a: Hecate|Flamethrower|p1a: Pecharunt
|-damage|p1a: Pecharunt|0 fnt
|faint|p1a: Pecharunt
|
|-weather|none
|upkeep
|
|t:|1776092836
|switch|p1a: Great Tusk|Great Tusk, shiny|100/100
|turn|9
|
|t:|1776092839
|move|p2a: Hecate|Psychic|p1a: Great Tusk
|-supereffective|p1a: Great Tusk
|-damage|p1a: Great Tusk|0 fnt
|faint|p1a: Great Tusk
|-end|p1a: Great Tusk|Protosynthesis|[silent]
|
|upkeep
|
|t:|1776092842
|switch|p1a: Darkrai|Darkrai, shiny|100/100
|turn|10
|c|☆avocadoseller|i brain farted there
|
|t:|1776092864
|switch|p2a: Turbo Genius|Great Tusk|49/100
|-damage|p2a: Turbo Genius|33/100|[from] Spikes
|move|p1a: Darkrai|Knock Off|p2a: Turbo Genius
|-resisted|p2a: Turbo Genius
|-damage|p2a: Turbo Genius|20/100
|-enditem|p2a: Turbo Genius|Assault Vest|[from] move: Knock Off|[of] p1a: Darkrai
|
|upkeep
|turn|11
|
|t:|1776092875
|move|p1a: Darkrai|Ice Beam|p2a: Turbo Genius
|-supereffective|p2a: Turbo Genius
|-damage|p2a: Turbo Genius|0 fnt
|faint|p2a: Turbo Genius
|-end|p2a: Turbo Genius|Protosynthesis|[silent]
|
|upkeep
|inactive|Samarand has 120 seconds left.
|
|t:|1776092909
|switch|p2a: Dave|Infernape, M|100/100
|-damage|p2a: Dave|84/100|[from] Spikes
|turn|12
|inactive|Samarand has 120 seconds left.
|
|t:|1776092935
|switch|p1a: Dragonite|Dragonite, M, shiny|100/100
|move|p2a: Dave|Close Combat|p1a: Dragonite
|-resisted|p1a: Dragonite
|-damage|p1a: Dragonite|89/100
|-unboost|p2a: Dave|def|1
|-unboost|p2a: Dave|spd|1
|
|upkeep
|turn|13
|
|t:|1776092942
|move|p2a: Dave|Taunt|p1a: Dragonite
|-start|p1a: Dragonite|move: Taunt
|cant|p1a: Dragonite|move: Taunt|Dragon Dance
|
|upkeep
|turn|14
|
|t:|1776092951
|switch|p2a: Eleya|Ninetales, F|37/100
|-damage|p2a: Eleya|20/100|[from] Spikes
|-weather|SunnyDay|[from] ability: Drought|[of] p2a: Eleya
|move|p1a: Dragonite|Earthquake|p2a: Eleya
|-supereffective|p2a: Eleya
|-damage|p2a: Eleya|0 fnt
|faint|p2a: Eleya
|
|-weather|SunnyDay|[upkeep]
|upkeep
|
|t:|1776092957
|switch|p2a: Biscuit|Walking Wake|100/100
|-damage|p2a: Biscuit|84/100|[from] Spikes
|-activate|p2a: Biscuit|ability: Protosynthesis
|-start|p2a: Biscuit|protosynthesisspa
|turn|15
|
|t:|1776092967
|-terastallize|p2a: Biscuit|Water
|move|p1a: Dragonite|Extreme Speed|p2a: Biscuit
|-damage|p2a: Biscuit|50/100
|move|p2a: Biscuit|Hydro Steam|p1a: Dragonite
|-resisted|p1a: Dragonite
|-damage|p1a: Dragonite|38/100
|
|-weather|SunnyDay|[upkeep]
|-end|p1a: Dragonite|move: Taunt
|upkeep
|turn|16
|
|t:|1776092979
|move|p1a: Dragonite|Extreme Speed|p2a: Biscuit
|-damage|p2a: Biscuit|16/100
|move|p2a: Biscuit|Hydro Steam|p1a: Dragonite
|-resisted|p1a: Dragonite
|-damage|p1a: Dragonite|0 fnt
|faint|p1a: Dragonite
|
|-weather|SunnyDay|[upkeep]
|upkeep
|
|t:|1776092985
|switch|p1a: Darkrai|Darkrai, shiny|100/100
|turn|17
|
|t:|1776092988
|move|p1a: Darkrai|Sucker Punch|p2a: Biscuit
|-damage|p2a: Biscuit|0 fnt
|faint|p2a: Biscuit
|-end|p2a: Biscuit|Protosynthesis|[silent]
|
|-weather|SunnyDay|[upkeep]
|upkeep
|
|t:|1776092991
|switch|p2a: Dave|Infernape, M|84/100
|-damage|p2a: Dave|68/100|[from] Spikes
|turn|18
|
|t:|1776092997
|move|p1a: Darkrai|Dark Pulse|p2a: Dave
|-resisted|p2a: Dave
|-damage|p2a: Dave|28/100
|move|p2a: Dave|Flare Blitz|p1a: Darkrai
|-damage|p1a: Darkrai|0 fnt
|faint|p1a: Darkrai
|-damage|p2a: Dave|0 fnt|[from] Recoil
|faint|p2a: Dave
|
|-weather|SunnyDay|[upkeep]
|upkeep
|
|t:|1776093007
|switch|p1a: Gholdengo|Gholdengo, shiny|100/100
|switch|p2a: Hecate|Delphox, F|100/100
|turn|19
|
|t:|1776093012
|-terastallize|p1a: Gholdengo|Steel
|move|p1a: Gholdengo|Shadow Ball|p2a: Hecate
|-supereffective|p2a: Hecate
|-damage|p2a: Hecate|3/100
|move|p2a: Hecate|Flamethrower|p1a: Gholdengo
|-supereffective|p1a: Gholdengo
|-damage|p1a: Gholdengo|0 fnt
|faint|p1a: Gholdengo
|
|win|Samarand
|raw|avocadoseller's rating: 1454 &rarr; <strong>1435</strong><br />(-19 for losing)
|raw|Samarand's rating: 1472 &rarr; <strong>1491</strong><br />(+19 for winning)
|l|☆Samarand
|player|p2|
|l|☆avocadoseller
|player|p1|
