|html|<div class="broadcast-blue"><strong>[Gen 9] OU is currently suspecting Tera Blast! For information on how to participate check out the <a href="https://www.smogon.com/tools/suspects/view/200">suspect thread</a>.</strong></div>
|j|☆Smjrk
|j|☆snakezerra
|t:|1776326740
|gametype|singles
|player|p1|Smjrk|flannery|1131
|player|p2|snakezerra|roughneck|1266
|gen|9
|tier|[Gen 9] OU
|rated|
|rule|HP Percentage Mod: HP is shown in percentages
|rule|Endless Battle Clause: Forcing endless battles is banned
|rule|Species Clause: Limit one of each Pokémon
|rule|OHKO Clause: OHKO moves are banned
|rule|Evasion Items Clause: Evasion items are banned
|rule|Evasion Moves Clause: Evasion moves are banned
|rule|Evasion Abilities Clause: Evasion abilities are banned
|rule|Sleep Moves Clause: Sleep-inducing moves are banned
|clearpoke
|poke|p1|Jolteon, F|
|poke|p1|Slowking-Galar, M|
|poke|p1|Great Tusk|
|poke|p1|Moltres|
|poke|p1|Kingambit, F|
|poke|p1|Hydrapple, F|
|poke|p2|Clefable, M|
|poke|p2|Rillaboom, F|
|poke|p2|Kyurem|
|poke|p2|Scizor, F|
|poke|p2|Heatran, F|
|poke|p2|Toxapex, F|
|teampreview
|inactive|Battle timer is ON: inactive players will automatically lose when time's up. (requested by Smjrk)
|inactive|Smjrk has 120 seconds left.
|inactive|snakezerra has 120 seconds left.
|inactive|snakezerra has 90 seconds left.
|inactive|snakezerra has 60 seconds left.
|
|t:|1776326842
|teamsize|p1|6
|teamsize|p2|6
|start
|switch|p1a: Jolteon|Jolteon, F, shiny|100/100
|switch|p2a: Kyurem|Kyurem|100/100
|-ability|p2a: Kyurem|Pressure
|turn|1
|inactive|snakezerra has 120 seconds left.
|
|t:|1776326873
|move|p1a: Jolteon|Volt Switch|p2a: Kyurem
|-resisted|p2a: Kyurem
|-damage|p2a: Kyurem|84/100
|
|t:|1776326877
|switch|p1a: Kingambit|Kingambit, F, shiny|100/100|[from] Volt Switch
|move|p2a: Kyurem|Earth Power|p1a: Kingambit
|-supereffective|p1a: Kingambit
|-damage|p1a: Kingambit|0 fnt
|faint|p1a: Kingambit
|-end|p1a: Kingambit|fallenundefined|[silent]
|
|upkeep
|
|t:|1776326881
|switch|p1a: Moltres|Moltres, shiny|100/100
|turn|2
|
|t:|1776326891
|switch|p2a: Toxapex|Toxapex, F|100/100
|move|p1a: Moltres|Will-O-Wisp|p2a: Toxapex
|-status|p2a: Toxapex|brn
|
|-damage|p2a: Toxapex|94/100 brn|[from] brn
|upkeep
|turn|3
|
|t:|1776326912
|switch|p1a: Slowking|Slowking-Galar, M, shiny|100/100
|move|p2a: Toxapex|Toxic|p1a: Slowking
|-immune|p1a: Slowking
|
|-heal|p2a: Toxapex|100/100 brn|[from] item: Leftovers
|-damage|p2a: Toxapex|94/100 brn|[from] brn
|upkeep
|turn|4
|
|t:|1776326929
|switch|p2a: Rillaboom|Rillaboom, F|100/100
|-fieldstart|move: Grassy Terrain|[from] ability: Grassy Surge|[of] p2a: Rillaboom
|move|p1a: Slowking|Flamethrower|p2a: Rillaboom
|-supereffective|p2a: Rillaboom
|-damage|p2a: Rillaboom|33/100
|
|-heal|p2a: Rillaboom|39/100|[from] Grassy Terrain
|upkeep
|turn|5
|inactive|snakezerra has 90 seconds left.
|
|t:|1776326955
|switch|p2a: Toxapex|Toxapex, F|100/100 brn
|switch|p1a: Hydrapple|Hydrapple, F, shiny|100/100
|
|-damage|p2a: Toxapex|94/100 brn|[from] brn
|upkeep
|turn|6
|inactive|snakezerra has 90 seconds left.
|
|t:|1776326966
|move|p1a: Hydrapple|Nasty Plot|p1a: Hydrapple
|-boost|p1a: Hydrapple|spa|2
|move|p2a: Toxapex|Toxic|p1a: Hydrapple
|-status|p1a: Hydrapple|tox
|
|-heal|p2a: Toxapex|100/100 brn|[from] Grassy Terrain
|-damage|p1a: Hydrapple|94/100 tox|[from] psn
|-damage|p2a: Toxapex|94/100 brn|[from] brn
|upkeep
|turn|7
|inactive|snakezerra has 90 seconds left.
|
|t:|1776326976
|switch|p2a: Heatran|Heatran, F|100/100
|move|p1a: Hydrapple|Earth Power|p2a: Heatran
|-supereffective|p2a: Heatran
|-enditem|p2a: Heatran|Shuca Berry|[eat]
|-enditem|p2a: Heatran|Shuca Berry|[weaken]
|-damage|p2a: Heatran|45/100
|
|-heal|p2a: Heatran|51/100|[from] Grassy Terrain
|-heal|p1a: Hydrapple|100/100 tox|[from] Grassy Terrain
|-damage|p1a: Hydrapple|88/100 tox|[from] psn
|upkeep
|turn|8
|inactive|snakezerra has 90 seconds left.
|inactive|snakezerra has 60 seconds left.
|
|t:|1776327024
|switch|p1a: Moltres|Moltres, shiny|100/100
|-terastallize|p2a: Heatran|Water
|move|p2a: Heatran|Magma Storm|p1a: Moltres|[miss]
|-miss|p2a: Heatran|p1a: Moltres
|
|-heal|p2a: Heatran|57/100|[from] Grassy Terrain
|-fieldend|move: Grassy Terrain
|upkeep
|turn|9
|inactive|snakezerra has 60 seconds left.
|inactive|Smjrk has 120 seconds left.
|
|t:|1776327046
|move|p1a: Moltres|Will-O-Wisp|p2a: Heatran
|-start|p2a: Heatran|ability: Flash Fire
|move|p2a: Heatran|Stealth Rock|p1a: Moltres
|-sidestart|p1: Smjrk|move: Stealth Rock
|
|upkeep
|turn|10
|inactive|snakezerra has 60 seconds left.
|inactive|Smjrk has 120 seconds left.
|
|t:|1776327072
|-end|p2a: Heatran|ability: Flash Fire|[silent]
|switch|p2a: Toxapex|Toxapex, F|100/100 brn
|move|p1a: Moltres|Scorching Sands|p2a: Toxapex
|-supereffective|p2a: Toxapex
|-damage|p2a: Toxapex|68/100 brn
|
|-heal|p2a: Toxapex|74/100 brn|[from] item: Leftovers
|-damage|p2a: Toxapex|68/100 brn|[from] brn
|upkeep
|turn|11
|
|t:|1776327090
|switch|p1a: Slowking|Slowking-Galar, M, shiny|100/100
|-damage|p1a: Slowking|88/100|[from] Stealth Rock
|move|p2a: Toxapex|Liquidation|p1a: Slowking
|-damage|p1a: Slowking|77/100
|-unboost|p1a: Slowking|def|1
|
|-heal|p2a: Toxapex|74/100 brn|[from] item: Leftovers
|-damage|p2a: Toxapex|68/100 brn|[from] brn
|upkeep
|turn|12
|
|t:|1776327100
|move|p2a: Toxapex|Liquidation|p1a: Slowking
|-damage|p1a: Slowking|63/100
|-unboost|p1a: Slowking|def|1
|move|p1a: Slowking|Psyshock|p2a: Toxapex
|-supereffective|p2a: Toxapex
|-damage|p2a: Toxapex|27/100 brn
|
|-heal|p2a: Toxapex|34/100 brn|[from] item: Leftovers
|-damage|p2a: Toxapex|27/100 brn|[from] brn
|upkeep
|turn|13
|
|t:|1776327114
|switch|p2a: Rillaboom|Rillaboom, F|39/100
|-fieldstart|move: Grassy Terrain|[from] ability: Grassy Surge|[of] p2a: Rillaboom
|switch|p1a: Jolteon|Jolteon, F, shiny|100/100
|
|-heal|p2a: Rillaboom|45/100|[from] Grassy Terrain
|upkeep
|turn|14
|
|t:|1776327134
|switch|p1a: Hydrapple|Hydrapple, F, shiny|100/100 tox
|move|p2a: Rillaboom|Grassy Glide|p1a: Hydrapple
|-resisted|p1a: Hydrapple
|-damage|p1a: Hydrapple|94/100 tox
|-damage|p2a: Rillaboom|35/100|[from] item: Life Orb
|
|-heal|p2a: Rillaboom|42/100|[from] Grassy Terrain
|-heal|p1a: Hydrapple|99/100 tox|[from] Grassy Terrain
|-damage|p1a: Hydrapple|94/100 tox|[from] psn
|upkeep
|turn|15
|
|t:|1776327140
|move|p2a: Rillaboom|Knock Off|p1a: Hydrapple
|-damage|p1a: Hydrapple|69/100 tox
|-enditem|p1a: Hydrapple|Heavy-Duty Boots|[from] move: Knock Off|[of] p2a: Rillaboom
|-damage|p2a: Rillaboom|32/100|[from] item: Life Orb
|move|p1a: Hydrapple|Fickle Beam|p2a: Rillaboom
|-damage|p2a: Rillaboom|0 fnt
|faint|p2a: Rillaboom
|
|-heal|p1a: Hydrapple|75/100 tox|[from] Grassy Terrain
|-damage|p1a: Hydrapple|63/100 tox|[from] psn
|upkeep
|
|t:|1776327145
|switch|p2a: Heatran|Heatran, F, tera:Water|57/100
|turn|16
|
|t:|1776327157
|switch|p1a: Slowking|Slowking-Galar, M, shiny|96/100
|-damage|p1a: Slowking|84/100|[from] Stealth Rock
|move|p2a: Heatran|Magma Storm|p1a: Slowking|[miss]
|-miss|p2a: Heatran|p1a: Slowking
|
|-heal|p2a: Heatran|64/100|[from] Grassy Terrain
|-heal|p1a: Slowking|90/100|[from] Grassy Terrain
|upkeep
|turn|17
|inactive|snakezerra has 60 seconds left.
|
|t:|1776327170
|move|p2a: Heatran|Will-O-Wisp|p1a: Slowking
|-status|p1a: Slowking|brn
|move|p1a: Slowking|Sludge Bomb|p2a: Heatran
|-damage|p2a: Heatran|39/100
|-status|p2a: Heatran|psn
|
|-heal|p2a: Heatran|46/100 psn|[from] Grassy Terrain
|-heal|p1a: Slowking|96/100 brn|[from] Grassy Terrain
|-damage|p2a: Heatran|33/100 psn|[from] psn
|-damage|p1a: Slowking|90/100 brn|[from] brn
|-fieldend|move: Grassy Terrain
|upkeep
|turn|18
|inactive|snakezerra has 60 seconds left.
|
|t:|1776327180
|switch|p2a: Scizor|Scizor, F|100/100
|move|p1a: Slowking|Psyshock|p2a: Scizor
|-resisted|p2a: Scizor
|-damage|p2a: Scizor|83/100
|
|-damage|p1a: Slowking|84/100 brn|[from] brn
|upkeep
|turn|19
|
|t:|1776327185
|switch|p1a: Hydrapple|Hydrapple, F, shiny|96/100 tox
|-damage|p1a: Hydrapple|83/100 tox|[from] Stealth Rock
|move|p2a: Scizor|Swords Dance|p2a: Scizor
|-boost|p2a: Scizor|atk|2
|
|-damage|p1a: Hydrapple|77/100 tox|[from] psn
|upkeep
|turn|20
|
|t:|1776327199
|switch|p1a: Moltres|Moltres, shiny|100/100
|move|p2a: Scizor|Dual Wingbeat|p1a: Moltres
|-damage|p1a: Moltres|63/100
|-damage|p1a: Moltres|25/100
|-hitcount|p1a: Moltres|2
|
|upkeep
|turn|21
|
|t:|1776327209
|switch|p2a: Toxapex|Toxapex, F|61/100 brn
|move|p1a: Moltres|Flamethrower|p2a: Toxapex
|-resisted|p2a: Toxapex
|-damage|p2a: Toxapex|45/100 brn
|
|-heal|p2a: Toxapex|51/100 brn|[from] item: Leftovers
|-damage|p2a: Toxapex|45/100 brn|[from] brn
|upkeep
|turn|22
|
|t:|1776327213
|switch|p2a: Scizor|Scizor, F|83/100
|move|p1a: Moltres|Roost|p1a: Moltres
|-heal|p1a: Moltres|75/100
|-singleturn|p1a: Moltres|move: Roost
|
|upkeep
|turn|23
|
|t:|1776327220
|switch|p2a: Heatran|Heatran, F, tera:Water|33/100 psn
|move|p1a: Moltres|Scorching Sands|p2a: Heatran
|-damage|p2a: Heatran|21/100 psn
|
|-damage|p2a: Heatran|9/100 psn|[from] psn
|upkeep
|turn|24
|
|t:|1776327229
|move|p1a: Moltres|Roost|p1a: Moltres
|-heal|p1a: Moltres|100/100
|-singleturn|p1a: Moltres|move: Roost
|move|p2a: Heatran|Magma Storm|p1a: Moltres
|-resisted|p1a: Moltres
|-damage|p1a: Moltres|83/100
|-activate|p1a: Moltres|move: Magma Storm|[of] p2a: Heatran
|
|-damage|p2a: Heatran|0 fnt|[from] psn
|faint|p2a: Heatran
|-end|p1a: Moltres|Magma Storm|[partiallytrapped]|[silent]
|upkeep
|
|t:|1776327237
|switch|p2a: Clefable|Clefable, M|100/100
|turn|25
|
|t:|1776327243
|move|p1a: Moltres|Scorching Sands|p2a: Clefable
|-damage|p2a: Clefable|81/100
|move|p2a: Clefable|Calm Mind|p2a: Clefable
|-boost|p2a: Clefable|spa|1
|-boost|p2a: Clefable|spd|1
|
|upkeep
|turn|26
|
|t:|1776327251
|switch|p1a: Slowking|Slowking-Galar, M, shiny|100/100 brn
|-damage|p1a: Slowking|88/100 brn|[from] Stealth Rock
|move|p2a: Clefable|Calm Mind|p2a: Clefable
|-boost|p2a: Clefable|spa|1
|-boost|p2a: Clefable|spd|1
|
|-damage|p1a: Slowking|82/100 brn|[from] brn
|upkeep
|turn|27
|
|t:|1776327256
|move|p2a: Clefable|Flamethrower|p1a: Slowking
|-damage|p1a: Slowking|56/100 brn
|move|p1a: Slowking|Sludge Bomb|p2a: Clefable
|-supereffective|p2a: Clefable
|-damage|p2a: Clefable|46/100
|-status|p2a: Clefable|psn
|
|-damage|p2a: Clefable|33/100 psn|[from] psn
|-damage|p1a: Slowking|50/100 brn|[from] brn
|upkeep
|turn|28
|
|t:|1776327260
|move|p2a: Clefable|Moonlight|p2a: Clefable
|-heal|p2a: Clefable|83/100 psn
|move|p1a: Slowking|Sludge Bomb|p2a: Clefable
|-supereffective|p2a: Clefable
|-damage|p2a: Clefable|47/100 psn
|
|-damage|p2a: Clefable|35/100 psn|[from] psn
|-damage|p1a: Slowking|44/100 brn|[from] brn
|upkeep
|turn|29
|
|t:|1776327264
|switch|p2a: Toxapex|Toxapex, F|78/100 brn
|move|p1a: Slowking|Sludge Bomb|p2a: Toxapex
|-resisted|p2a: Toxapex
|-damage|p2a: Toxapex|62/100 brn
|
|-heal|p2a: Toxapex|69/100 brn|[from] item: Leftovers
|-damage|p2a: Toxapex|62/100 brn|[from] brn
|-damage|p1a: Slowking|38/100 brn|[from] brn
|upkeep
|turn|30
|
|t:|1776327266
|switch|p2a: Scizor|Scizor, F|83/100
|move|p1a: Slowking|Psyshock|p2a: Scizor
|-resisted|p2a: Scizor
|-damage|p2a: Scizor|66/100
|
|-damage|p1a: Slowking|32/100 brn|[from] brn
|upkeep
|turn|31
|
|t:|1776327272
|switch|p1a: Moltres|Moltres, shiny|83/100
|move|p2a: Scizor|Swords Dance|p2a: Scizor
|-boost|p2a: Scizor|atk|2
|
|upkeep
|turn|32
|
|t:|1776327284
|switch|p2a: Clefable|Clefable, M|35/100 psn
|move|p1a: Moltres|Scorching Sands|p2a: Clefable
|-damage|p2a: Clefable|15/100 psn
|
|-damage|p2a: Clefable|3/100 psn|[from] psn
|upkeep
|turn|33
|
|t:|1776327290
|move|p1a: Moltres|Flamethrower|p2a: Clefable
|-damage|p2a: Clefable|0 fnt
|faint|p2a: Clefable
|
|upkeep
|
|t:|1776327293
|switch|p2a: Kyurem|Kyurem|84/100
|-ability|p2a: Kyurem|Pressure
|turn|34
|
|t:|1776327296
|-terastallize|p1a: Moltres|Fairy
|move|p2a: Kyurem|Draco Meteor|p1a: Moltres
|-immune|p1a: Moltres
|move|p1a: Moltres|Flamethrower|p2a: Kyurem
|-damage|p2a: Kyurem|47/100
|
|upkeep
|turn|35
|
|t:|1776327300
|switch|p2a: Toxapex|Toxapex, F|96/100 brn
|move|p1a: Moltres|Flamethrower|p2a: Toxapex
|-resisted|p2a: Toxapex
|-damage|p2a: Toxapex|79/100 brn
|
|-heal|p2a: Toxapex|85/100 brn|[from] item: Leftovers
|-damage|p2a: Toxapex|79/100 brn|[from] brn
|upkeep
|turn|36
|
|t:|1776327304
|switch|p1a: Slowking|Slowking-Galar, M, shiny|65/100 brn
|-damage|p1a: Slowking|53/100 brn|[from] Stealth Rock
|move|p2a: Toxapex|Toxic||[still]
|-fail|p2a: Toxapex
|
|-heal|p2a: Toxapex|85/100 brn|[from] item: Leftovers
|-damage|p2a: Toxapex|79/100 brn|[from] brn
|-damage|p1a: Slowking|47/100 brn|[from] brn
|upkeep
|turn|37
|
|t:|1776327311
|move|p2a: Toxapex|Baneful Bunker|p2a: Toxapex
|-singleturn|p2a: Toxapex|move: Protect
|move|p1a: Slowking|Psyshock|p2a: Toxapex
|-activate|p2a: Toxapex|move: Protect
|
|-heal|p2a: Toxapex|85/100 brn|[from] item: Leftovers
|-damage|p2a: Toxapex|79/100 brn|[from] brn
|-damage|p1a: Slowking|41/100 brn|[from] brn
|upkeep
|turn|38
|
|t:|1776327317
|move|p2a: Toxapex|Liquidation|p1a: Slowking
|-damage|p1a: Slowking|31/100 brn
|move|p1a: Slowking|Flamethrower|p2a: Toxapex
|-resisted|p2a: Toxapex
|-damage|p2a: Toxapex|68/100 brn
|
|-heal|p2a: Toxapex|74/100 brn|[from] item: Leftovers
|-damage|p2a: Toxapex|68/100 brn|[from] brn
|-damage|p1a: Slowking|25/100 brn|[from] brn
|upkeep
|turn|39
|
|t:|1776327321
|switch|p2a: Scizor|Scizor, F|66/100
|move|p1a: Slowking|Psyshock|p2a: Scizor
|-resisted|p2a: Scizor
|-damage|p2a: Scizor|48/100
|-enditem|p2a: Scizor|Sitrus Berry|[eat]
|-heal|p2a: Scizor|73/100|[from] item: Sitrus Berry
|
|-damage|p1a: Slowking|19/100 brn|[from] brn
|upkeep
|turn|40
|
|t:|1776327325
|move|p2a: Scizor|Swords Dance|p2a: Scizor
|-boost|p2a: Scizor|atk|2
|move|p1a: Slowking|Flamethrower|p2a: Scizor
|-supereffective|p2a: Scizor
|-damage|p2a: Scizor|0 fnt
|faint|p2a: Scizor
|
|-damage|p1a: Slowking|12/100 brn|[from] brn
|upkeep
|-message|snakezerra forfeited.
|
|win|Smjrk
|raw|Smjrk's rating: 1131 &rarr; <strong>1165</strong><br />(+34 for winning)
|raw|snakezerra's rating: 1266 &rarr; <strong>1232</strong><br />(-34 for losing)
