|html|<div class="broadcast-blue"><strong>[Gen 9] OU is currently suspecting Tera Blast! For information on how to participate check out the <a href="https://www.smogon.com/tools/suspects/view/200">suspect thread</a>.</strong></div>
|j|☆elitie
|j|☆SlNGULARlTY
|t:|1776104186
|gametype|singles
|player|p1|elitie|jasmine|1346
|player|p2|SlNGULARlTY|koga|1427
|gen|9
|tier|[Gen 9] OU
|rated|
|rule|HP Percentage Mod: HP is shown in percentages
|rule|Endless Battle Clause: Forcing endless battles is banned
|rule|Species Clause: Limit one of each Pokémon
|rule|OHKO Clause: OHKO moves are banned
|rule|Evasion Items Clause: Evasion items are banned
|rule|Evasion Moves Clause: Evasion moves are banned
|rule|Evasion Abilities Clause: Evasion abilities are banned
|rule|Sleep Moves Clause: Sleep-inducing moves are banned
|clearpoke
|poke|p1|Tyranitar, F|
|poke|p1|Excadrill, M|
|poke|p1|Hydrapple, M|
|poke|p1|Pecharunt|
|poke|p1|Heatran, M|
|poke|p1|Corviknight, M|
|poke|p2|Ogerpon-Wellspring, F|
|poke|p2|Moltres|
|poke|p2|Gholdengo|
|poke|p2|Garganacl, M|
|poke|p2|Hatterene, F|
|poke|p2|Heatran, F|
|teampreview
|inactive|Battle timer is ON: inactive players will automatically lose when time's up. (requested by SlNGULARlTY)
|
|t:|1776104191
|teamsize|p1|6
|teamsize|p2|6
|start
|switch|p1a: Tyranitar|Tyranitar, F|100/100
|switch|p2a: Garganacl|Garganacl, M|100/100
|-weather|Sandstorm|[from] ability: Sand Stream|[of] p1a: Tyranitar
|turn|1
|
|t:|1776104196
|move|p1a: Tyranitar|Low Kick|p2a: Garganacl
|-supereffective|p2a: Garganacl
|-damage|p2a: Garganacl|5/100
|move|p2a: Garganacl|Stealth Rock|p1a: Tyranitar
|-sidestart|p1: elitie|move: Stealth Rock
|
|-weather|Sandstorm|[upkeep]
|-heal|p2a: Garganacl|12/100|[from] item: Leftovers
|upkeep
|turn|2
|
|t:|1776104201
|switch|p2a: Gholdengo|Gholdengo|100/100
|-item|p2a: Gholdengo|Air Balloon
|move|p1a: Tyranitar|Low Kick|p2a: Gholdengo
|-immune|p2a: Gholdengo
|
|-weather|Sandstorm|[upkeep]
|upkeep
|turn|3
|
|t:|1776104208
|switch|p2a: Hatterene|Hatterene, F|100/100
|switch|p1a: Heatran|Heatran, M|100/100
|-damage|p1a: Heatran|88/100|[from] Stealth Rock
|-item|p1a: Heatran|Air Balloon
|
|-weather|Sandstorm|[upkeep]
|-damage|p2a: Hatterene|95/100|[from] Sandstorm
|upkeep
|turn|4
|
|t:|1776104211
|switch|p2a: Heatran|Heatran, F|100/100
|move|p1a: Heatran|Magma Storm|p2a: Heatran
|-start|p2a: Heatran|ability: Flash Fire
|
|-weather|Sandstorm|[upkeep]
|upkeep
|turn|5
|
|t:|1776104215
|move|p1a: Heatran|Earth Power|p2a: Heatran
|-supereffective|p2a: Heatran
|-damage|p2a: Heatran|0 fnt
|faint|p2a: Heatran
|
|-weather|none
|upkeep
|
|t:|1776104217
|switch|p2a: Ogerpon|Ogerpon-Wellspring, F|100/100
|turn|6
|
|t:|1776104222
|switch|p2a: Gholdengo|Gholdengo|100/100
|-item|p2a: Gholdengo|Air Balloon
|switch|p1a: Jane Juliet|Hydrapple, M|100/100
|
|upkeep
|turn|7
|
|t:|1776104227
|move|p2a: Gholdengo|Nasty Plot|p2a: Gholdengo
|-boost|p2a: Gholdengo|spa|2
|move|p1a: Jane Juliet|Fickle Beam|p2a: Gholdengo|[anim] Fickle Beam All Out
|-activate|p1a: Jane Juliet|move: Fickle Beam
|-resisted|p2a: Gholdengo
|-damage|p2a: Gholdengo|51/100
|-enditem|p2a: Gholdengo|Air Balloon
|
|upkeep
|turn|8
|inactive|elitie has 120 seconds left.
|
|t:|1776104257
|switch|p1a: Heatran|Heatran, M|88/100
|-damage|p1a: Heatran|76/100|[from] Stealth Rock
|-item|p1a: Heatran|Air Balloon
|move|p2a: Gholdengo|Make It Rain|p1a: Heatran
|-resisted|p1a: Heatran
|-damage|p1a: Heatran|46/100
|-unboost|p2a: Gholdengo|spa|1
|-enditem|p1a: Heatran|Air Balloon
|
|upkeep
|turn|9
|
|t:|1776104264
|move|p2a: Gholdengo|Focus Blast|p1a: Heatran|[miss]
|-miss|p2a: Gholdengo|p1a: Heatran
|move|p1a: Heatran|Magma Storm|p2a: Gholdengo
|-supereffective|p2a: Gholdengo
|-damage|p2a: Gholdengo|0 fnt
|faint|p2a: Gholdengo
|
|upkeep
|
|t:|1776104268
|switch|p2a: Ogerpon|Ogerpon-Wellspring, F|100/100
|turn|10
|
|t:|1776104274
|switch|p1a: Jane Juliet|Hydrapple, M|100/100
|move|p2a: Ogerpon|Swords Dance|p2a: Ogerpon
|-boost|p2a: Ogerpon|atk|2
|
|upkeep
|turn|11
|
|t:|1776104279
|move|p2a: Ogerpon|Swords Dance|p2a: Ogerpon
|-boost|p2a: Ogerpon|atk|2
|move|p1a: Jane Juliet|Nasty Plot|p1a: Jane Juliet
|-boost|p1a: Jane Juliet|spa|2
|
|upkeep
|turn|12
|
|t:|1776104284
|-terastallize|p1a: Jane Juliet|Fairy
|move|p2a: Ogerpon|Ivy Cudgel|p1a: Jane Juliet|[anim] Ivy Cudgel Water
|-crit|p1a: Jane Juliet
|-damage|p1a: Jane Juliet|0 fnt
|faint|p1a: Jane Juliet
|
|upkeep
|-message|elitie forfeited.
|
|win|SlNGULARlTY
|raw|elitie's rating: 1346 &rarr; <strong>1331</strong><br />(-15 for losing)
|raw|SlNGULARlTY's rating: 1427 &rarr; <strong>1442</strong><br />(+15 for winning)
|l|☆elitie
|player|p1|
