|html|<div class="broadcast-blue"><strong>[Gen 9] OU is currently suspecting Tera Blast! For information on how to participate check out the <a href="https://www.smogon.com/tools/suspects/view/200">suspect thread</a>.</strong></div>
|j|☆horridhenry123
|j|☆SenjumaruShigarami
|t:|1776078150
|gametype|singles
|player|p1|horridhenry123|hoopster|1224
|player|p2|SenjumaruShigarami|cynthia-gen4|1190
|gen|9
|tier|[Gen 9] OU
|rated|
|rule|HP Percentage Mod: HP is shown in percentages
|rule|Endless Battle Clause: Forcing endless battles is banned
|rule|Species Clause: Limit one of each Pokémon
|rule|OHKO Clause: OHKO moves are banned
|rule|Evasion Items Clause: Evasion items are banned
|rule|Evasion Moves Clause: Evasion moves are banned
|rule|Evasion Abilities Clause: Evasion abilities are banned
|rule|Sleep Moves Clause: Sleep-inducing moves are banned
|clearpoke
|poke|p1|Crawdaunt, M|
|poke|p1|Zangoose, F|
|poke|p1|Araquanid, F|
|poke|p1|Glimmora, F|
|poke|p1|Darkrai|
|poke|p1|Oricorio-Sensu, F|
|poke|p2|Arcanine-Hisui, M|
|poke|p2|Rotom-Wash|
|poke|p2|Great Tusk|
|poke|p2|Iron Crown|
|poke|p2|Weezing-Galar, F|
|poke|p2|Dragonite, F|
|teampreview
|inactive|Battle timer is ON: inactive players will automatically lose when time's up. (requested by horridhenry123)
|
|t:|1776078163
|teamsize|p1|6
|teamsize|p2|6
|start
|switch|p1a: Araquanid|Araquanid, F|100/100
|switch|p2a: Rotom|Rotom-Wash|100/100
|turn|1
|
|t:|1776078182
|move|p2a: Rotom|Will-O-Wisp|p1a: Araquanid|[miss]
|-miss|p2a: Rotom|p1a: Araquanid
|move|p1a: Araquanid|Leech Life|p2a: Rotom
|-damage|p2a: Rotom|64/100
|
|-heal|p2a: Rotom|70/100|[from] item: Leftovers
|upkeep
|turn|2
|
|t:|1776078191
|move|p2a: Rotom|Will-O-Wisp|p1a: Araquanid
|-immune|p1a: Araquanid|[from] ability: Water Bubble
|move|p1a: Araquanid|Stockpile|p1a: Araquanid
|-start|p1a: Araquanid|stockpile1
|-boost|p1a: Araquanid|def|1
|-boost|p1a: Araquanid|spd|1
|
|-heal|p2a: Rotom|76/100|[from] item: Leftovers
|upkeep
|turn|3
|
|t:|1776078203
|switch|p2a: Weezing|Weezing-Galar, F|100/100
|move|p1a: Araquanid|Leech Life|p2a: Weezing
|-resisted|p2a: Weezing
|-damage|p2a: Weezing|95/100
|
|-heal|p2a: Weezing|100/100|[from] item: Leftovers
|upkeep
|turn|4
|
|t:|1776078220
|switch|p1a: Glimmora|Glimmora, F|100/100
|move|p2a: Weezing|Clear Smog|p1a: Glimmora
|-resisted|p1a: Glimmora
|-damage|p1a: Glimmora|96/100
|-clearboost|p1a: Glimmora
|
|upkeep
|turn|5
|
|t:|1776078231
|switch|p2a: Rotom|Rotom-Wash|76/100
|move|p1a: Glimmora|Sludge Wave|p2a: Rotom
|-damage|p2a: Rotom|33/100
|
|-heal|p2a: Rotom|39/100|[from] item: Leftovers
|upkeep
|turn|6
|
|t:|1776078251
|move|p1a: Glimmora|Sludge Wave|p2a: Rotom
|-damage|p2a: Rotom|0 fnt
|faint|p2a: Rotom
|
|upkeep
|
|t:|1776078261
|switch|p2a: Iron Crown|Iron Crown|100/100
|turn|7
|
|t:|1776078270
|switch|p1a: Crawdaunt|Crawdaunt, M|100/100
|move|p2a: Iron Crown|Calm Mind|p2a: Iron Crown
|-boost|p2a: Iron Crown|spa|1
|-boost|p2a: Iron Crown|spd|1
|
|upkeep
|turn|8
|
|t:|1776078279
|move|p2a: Iron Crown|Volt Switch|p1a: Crawdaunt
|-supereffective|p1a: Crawdaunt
|-damage|p1a: Crawdaunt|0 fnt
|faint|p1a: Crawdaunt
|
|t:|1776078287
|-end|p2a: Iron Crown|Quark Drive|[silent]
|switch|p2a: Weezing|Weezing-Galar, F|100/100|[from] Volt Switch
|
|upkeep
|
|t:|1776078303
|switch|p1a: Zangoose|Zangoose, F|100/100
|turn|9
|
|t:|1776078318
|move|p1a: Zangoose|Protect|p1a: Zangoose
|-singleturn|p1a: Zangoose|Protect
|move|p2a: Weezing|Clear Smog|p1a: Zangoose
|-activate|p1a: Zangoose|move: Protect
|
|-status|p1a: Zangoose|tox|[from] item: Toxic Orb
|upkeep
|turn|10
|
|t:|1776078324
|move|p1a: Zangoose|Facade|p2a: Weezing
|-damage|p2a: Weezing|36/100
|move|p2a: Weezing|Clear Smog|p1a: Zangoose
|-damage|p1a: Zangoose|75/100 tox
|-clearboost|p1a: Zangoose
|
|-heal|p2a: Weezing|42/100|[from] item: Leftovers
|-damage|p1a: Zangoose|69/100 tox|[from] psn
|upkeep
|turn|11
|
|t:|1776078333
|move|p2a: Weezing|Protect|p2a: Weezing
|-singleturn|p2a: Weezing|Protect
|move|p1a: Zangoose|Facade|p2a: Weezing
|-activate|p2a: Weezing|move: Protect
|
|-heal|p2a: Weezing|48/100|[from] item: Leftovers
|-damage|p1a: Zangoose|57/100 tox|[from] psn
|upkeep
|turn|12
|
|t:|1776078344
|switch|p2a: Iron Crown|Iron Crown|100/100
|move|p1a: Zangoose|Facade|p2a: Iron Crown
|-resisted|p2a: Iron Crown
|-damage|p2a: Iron Crown|49/100
|
|-heal|p2a: Iron Crown|56/100|[from] item: Leftovers
|-damage|p1a: Zangoose|38/100 tox|[from] psn
|upkeep
|turn|13
|
|t:|1776078363
|switch|p1a: Oricorio|Oricorio-Sensu, F|100/100
|move|p2a: Iron Crown|Volt Switch|p1a: Oricorio
|-supereffective|p1a: Oricorio
|-damage|p1a: Oricorio|35/100
|
|t:|1776078375
|-end|p2a: Iron Crown|Quark Drive|[silent]
|switch|p2a: Weezing|Weezing-Galar, F|48/100|[from] Volt Switch
|
|-heal|p2a: Weezing|54/100|[from] item: Leftovers
|upkeep
|turn|14
|
|t:|1776078384
|move|p1a: Oricorio|Quiver Dance|p1a: Oricorio
|-boost|p1a: Oricorio|spa|1
|-boost|p1a: Oricorio|spd|1
|-boost|p1a: Oricorio|spe|1
|move|p2a: Weezing|Toxic|p1a: Oricorio
|-status|p1a: Oricorio|tox
|
|-heal|p2a: Weezing|60/100|[from] item: Leftovers
|-damage|p1a: Oricorio|29/100 tox|[from] psn
|upkeep
|turn|15
|
|t:|1776078393
|move|p1a: Oricorio|Revelation Dance|p2a: Weezing
|-damage|p2a: Weezing|0 fnt
|faint|p2a: Weezing
|
|-damage|p1a: Oricorio|17/100 tox|[from] psn
|upkeep
|
|t:|1776078402
|switch|p2a: Iron Crown|Iron Crown|56/100
|turn|16
|
|t:|1776078412
|move|p1a: Oricorio|Revelation Dance|p2a: Iron Crown
|-supereffective|p2a: Iron Crown
|-damage|p2a: Iron Crown|0 fnt
|faint|p2a: Iron Crown
|-end|p2a: Iron Crown|Quark Drive|[silent]
|
|-damage|p1a: Oricorio|0 fnt|[from] psn
|faint|p1a: Oricorio
|upkeep
|
|t:|1776078424
|switch|p2a: Great Tusk|Great Tusk|100/100
|switch|p1a: Zangoose|Zangoose, F|38/100 tox
|turn|17
|
|t:|1776078435
|move|p1a: Zangoose|Facade|p2a: Great Tusk
|-damage|p2a: Great Tusk|33/100
|move|p2a: Great Tusk|Rapid Spin|p1a: Zangoose
|-damage|p1a: Zangoose|8/100 tox
|-boost|p2a: Great Tusk|spe|1
|
|-heal|p2a: Great Tusk|40/100|[from] item: Leftovers
|-damage|p1a: Zangoose|2/100 tox|[from] psn
|upkeep
|turn|18
|
|t:|1776078444
|move|p2a: Great Tusk|Rapid Spin|p1a: Zangoose
|-damage|p1a: Zangoose|0 fnt
|-boost|p2a: Great Tusk|spe|1
|faint|p1a: Zangoose
|
|-heal|p2a: Great Tusk|46/100|[from] item: Leftovers
|upkeep
|
|t:|1776078448
|switch|p1a: Araquanid|Araquanid, F|100/100
|turn|19
|
|t:|1776078457
|-terastallize|p2a: Great Tusk|Ground
|move|p2a: Great Tusk|Headlong Rush|p1a: Araquanid
|-resisted|p1a: Araquanid
|-damage|p1a: Araquanid|45/100
|-unboost|p2a: Great Tusk|def|1
|-unboost|p2a: Great Tusk|spd|1
|move|p1a: Araquanid|Liquidation|p2a: Great Tusk
|-supereffective|p2a: Great Tusk
|-damage|p2a: Great Tusk|0 fnt
|faint|p2a: Great Tusk
|-end|p2a: Great Tusk|Protosynthesis|[silent]
|
|upkeep
|
|t:|1776078468
|switch|p2a: Dragonite|Dragonite, F|100/100
|turn|20
|
|t:|1776078473
|move|p2a: Dragonite|Dragon Dance|p2a: Dragonite
|-boost|p2a: Dragonite|atk|1
|-boost|p2a: Dragonite|spe|1
|move|p1a: Araquanid|Liquidation|p2a: Dragonite
|-resisted|p2a: Dragonite
|-damage|p2a: Dragonite|82/100
|
|upkeep
|turn|21
|
|t:|1776078478
|switch|p1a: Glimmora|Glimmora, F|96/100
|move|p2a: Dragonite|Dragon Dance|p2a: Dragonite
|-boost|p2a: Dragonite|atk|1
|-boost|p2a: Dragonite|spe|1
|
|upkeep
|turn|22
|
|t:|1776078485
|-terastallize|p1a: Glimmora|Grass
|move|p2a: Dragonite|Iron Head|p1a: Glimmora
|-damage|p1a: Glimmora|32/100
|-activate|p1a: Glimmora|ability: Toxic Debris
|-sidestart|p2: SenjumaruShigarami|move: Toxic Spikes
|move|p1a: Glimmora|Power Gem|p2a: Dragonite
|-supereffective|p2a: Dragonite
|-damage|p2a: Dragonite|0 fnt
|faint|p2a: Dragonite
|
|upkeep
|
|t:|1776078493
|switch|p2a: Arcanine|Arcanine-Hisui, M|100/100
|-status|p2a: Arcanine|psn
|turn|23
|
|t:|1776078497
|move|p1a: Glimmora|Power Gem|p2a: Arcanine
|-supereffective|p2a: Arcanine
|-damage|p2a: Arcanine|0 fnt
|faint|p2a: Arcanine
|
|win|horridhenry123
|raw|horridhenry123's rating: 1224 &rarr; <strong>1247</strong><br />(+23 for winning)
|raw|SenjumaruShigarami's rating: 1190 &rarr; <strong>1167</strong><br />(-23 for losing)
|l|☆SenjumaruShigarami
|player|p2|
|l|☆horridhenry123
|player|p1|
