|html|<div class="broadcast-blue"><strong>[Gen 9] OU is currently suspecting Tera Blast! For information on how to participate check out the <a href="https://www.smogon.com/tools/suspects/view/200">suspect thread</a>.</strong></div>
|j|☆djuniorplays
|j|☆banana_joseph
|t:|1776033444
|gametype|singles
|player|p1|djuniorplays|bruno|1146
|player|p2|banana_joseph|blackbelt-gen4dp|1169
|gen|9
|tier|[Gen 9] OU
|rated|
|rule|HP Percentage Mod: HP is shown in percentages
|rule|Endless Battle Clause: Forcing endless battles is banned
|rule|Species Clause: Limit one of each Pokémon
|rule|OHKO Clause: OHKO moves are banned
|rule|Evasion Items Clause: Evasion items are banned
|rule|Evasion Moves Clause: Evasion moves are banned
|rule|Evasion Abilities Clause: Evasion abilities are banned
|rule|Sleep Moves Clause: Sleep-inducing moves are banned
|clearpoke
|poke|p1|Pelipper, M|
|poke|p1|Greninja-*, M|
|poke|p1|Barraskewda, M|
|poke|p1|Dondozo, M|
|poke|p1|Politoed, F|
|poke|p1|Gliscor, M|
|poke|p2|Walking Wake|
|poke|p2|Ceruledge, F|
|poke|p2|Kingambit, M|
|poke|p2|Great Tusk|
|poke|p2|Dewott, M|
|poke|p2|Cinderace, F|
|teampreview
|inactive|Battle timer is ON: inactive players will automatically lose when time's up. (requested by djuniorplays)
|
|t:|1776033448
|teamsize|p1|6
|teamsize|p2|6
|start
|switch|p1a: Pelipper|Pelipper, M|100/100
|switch|p2a: Walking Wake|Walking Wake|100/100
|-weather|RainDance|[from] ability: Drizzle|[of] p1a: Pelipper
|turn|1
|
|t:|1776033453
|move|p2a: Walking Wake|Sunny Day|p2a: Walking Wake
|-weather|SunnyDay
|-activate|p2a: Walking Wake|ability: Protosynthesis
|-start|p2a: Walking Wake|protosynthesisspe
|move|p1a: Pelipper|Hurricane|p2a: Walking Wake|[miss]
|-miss|p1a: Pelipper|p2a: Walking Wake
|
|-weather|SunnyDay|[upkeep]
|upkeep
|turn|2
|
|t:|1776033459
|switch|p1a: Politoed|Politoed, F|100/100
|-weather|RainDance|[from] ability: Drizzle|[of] p1a: Politoed
|-end|p2a: Walking Wake|Protosynthesis
|move|p2a: Walking Wake|Dragon Pulse|p1a: Politoed
|-damage|p1a: Politoed|48/100
|-damage|p2a: Walking Wake|91/100|[from] item: Life Orb
|
|-weather|RainDance|[upkeep]
|-heal|p1a: Politoed|54/100|[from] item: Leftovers
|upkeep
|turn|3
|
|t:|1776033470
|move|p2a: Walking Wake|Dragon Pulse|p1a: Politoed
|-damage|p1a: Politoed|2/100
|-damage|p2a: Walking Wake|81/100|[from] item: Life Orb
|move|p1a: Politoed|Hyper Voice|p2a: Walking Wake
|-damage|p2a: Walking Wake|48/100
|
|-weather|RainDance|[upkeep]
|-heal|p1a: Politoed|8/100|[from] item: Leftovers
|upkeep
|turn|4
|
|t:|1776033483
|move|p2a: Walking Wake|Dragon Pulse|p1a: Politoed
|-damage|p1a: Politoed|0 fnt
|faint|p1a: Politoed
|-damage|p2a: Walking Wake|38/100|[from] item: Life Orb
|
|-weather|RainDance|[upkeep]
|upkeep
|
|t:|1776033487
|switch|p1a: Dondozo|Dondozo, M|100/100
|turn|5
|
|t:|1776033493
|move|p2a: Walking Wake|Sunny Day|p2a: Walking Wake
|-weather|SunnyDay
|-activate|p2a: Walking Wake|ability: Protosynthesis
|-start|p2a: Walking Wake|protosynthesisspe
|move|p1a: Dondozo|Order Up|p2a: Walking Wake
|-supereffective|p2a: Walking Wake
|-damage|p2a: Walking Wake|0 fnt
|faint|p2a: Walking Wake
|-end|p2a: Walking Wake|Protosynthesis|[silent]
|
|-weather|SunnyDay|[upkeep]
|upkeep
|
|t:|1776033504
|switch|p2a: Kingambit|Kingambit, M, shiny|100/100
|-activate|p2a: Kingambit|ability: Supreme Overlord
|-start|p2a: Kingambit|fallen1|[silent]
|turn|6
|
|t:|1776033510
|switch|p1a: Pelipper|Pelipper, M|100/100
|-weather|RainDance|[from] ability: Drizzle|[of] p1a: Pelipper
|move|p2a: Kingambit|Swords Dance|p2a: Kingambit
|-boost|p2a: Kingambit|atk|2
|
|-weather|RainDance|[upkeep]
|upkeep
|turn|7
|
|t:|1776033522
|switch|p1a: Barraskewda|Barraskewda, M|100/100
|move|p2a: Kingambit|Kowtow Cleave|p1a: Barraskewda
|-damage|p1a: Barraskewda|0 fnt
|faint|p1a: Barraskewda
|
|-weather|RainDance|[upkeep]
|upkeep
|
|t:|1776033529
|switch|p1a: Gliscor|Gliscor, M|100/100
|turn|8
|
|t:|1776033534
|-terastallize|p2a: Kingambit|Dark
|move|p1a: Gliscor|Earthquake|p2a: Kingambit
|-damage|p2a: Kingambit|78/100
|move|p2a: Kingambit|Kowtow Cleave|p1a: Gliscor
|-damage|p1a: Gliscor|0 fnt
|faint|p1a: Gliscor
|
|-weather|RainDance|[upkeep]
|upkeep
|
|t:|1776033542
|switch|p1a: Greninja|Greninja, M|100/100
|turn|9
|
|t:|1776033546
|move|p1a: Greninja|Surf|p2a: Kingambit
|-damage|p2a: Kingambit|0 fnt
|faint|p2a: Kingambit
|-end|p2a: Kingambit|fallen1|[silent]
|-ability|p1a: Greninja|Battle Bond|boost
|-boost|p1a: Greninja|atk|1
|-boost|p1a: Greninja|spa|1
|-boost|p1a: Greninja|spe|1
|-activate|p1a: Greninja|ability: Battle Bond
|
|-weather|RainDance|[upkeep]
|upkeep
|
|t:|1776033554
|switch|p2a: Dewott|Dewott, M|100/100
|turn|10
|
|t:|1776033557
|move|p1a: Greninja|Surf|p2a: Dewott
|-resisted|p2a: Dewott
|-damage|p2a: Dewott|32/100
|move|p2a: Dewott|Swords Dance|p2a: Dewott
|-boost|p2a: Dewott|atk|2
|
|-weather|RainDance|[upkeep]
|upkeep
|turn|11
|
|t:|1776033561
|move|p2a: Dewott|Aqua Jet|p1a: Greninja
|-resisted|p1a: Greninja
|-damage|p1a: Greninja|46/100
|move|p1a: Greninja|Surf|p2a: Dewott
|-resisted|p2a: Dewott
|-damage|p2a: Dewott|0 fnt
|faint|p2a: Dewott
|
|-weather|RainDance|[upkeep]
|upkeep
|
|t:|1776033568
|switch|p2a: Cinderace|Cinderace, F|100/100
|turn|12
|
|t:|1776033572
|move|p1a: Greninja|Surf|p2a: Cinderace
|-supereffective|p2a: Cinderace
|-damage|p2a: Cinderace|0 fnt
|faint|p2a: Cinderace
|
|-weather|RainDance|[upkeep]
|upkeep
|
|t:|1776033580
|switch|p2a: Ceruledge|Ceruledge, F, shiny|100/100
|turn|13
|
|t:|1776033584
|move|p2a: Ceruledge|Endure|p2a: Ceruledge
|-singleturn|p2a: Ceruledge|move: Endure
|move|p1a: Greninja|Surf|p2a: Ceruledge
|-supereffective|p2a: Ceruledge
|-activate|p2a: Ceruledge|move: Endure
|-damage|p2a: Ceruledge|1/100
|-enditem|p2a: Ceruledge|Weakness Policy
|-boost|p2a: Ceruledge|atk|2|[from] item: Weakness Policy
|-boost|p2a: Ceruledge|spa|2|[from] item: Weakness Policy
|
|-weather|none
|upkeep
|turn|14
|
|t:|1776033601
|switch|p1a: Pelipper|Pelipper, M|100/100
|-weather|RainDance|[from] ability: Drizzle|[of] p1a: Pelipper
|move|p2a: Ceruledge|Shadow Sneak|p1a: Pelipper
|-damage|p1a: Pelipper|60/100
|
|-weather|RainDance|[upkeep]
|upkeep
|turn|15
|
|t:|1776033611
|move|p2a: Ceruledge|Shadow Sneak|p1a: Pelipper
|-damage|p1a: Pelipper|19/100
|move|p1a: Pelipper|Hurricane|p2a: Ceruledge
|-damage|p2a: Ceruledge|0 fnt
|faint|p2a: Ceruledge
|
|-weather|RainDance|[upkeep]
|upkeep
|
|t:|1776033614
|switch|p2a: Great Tusk|Great Tusk|100/100
|turn|16
|
|t:|1776033617
|move|p2a: Great Tusk|Rapid Spin|p1a: Pelipper
|-damage|p1a: Pelipper|0 fnt
|-boost|p2a: Great Tusk|spe|1
|faint|p1a: Pelipper
|
|-weather|RainDance|[upkeep]
|upkeep
|
|t:|1776033620
|switch|p1a: Greninja|Greninja, M|46/100
|turn|17
|
|t:|1776033627
|-terastallize|p1a: Greninja|Water
|move|p2a: Great Tusk|Headlong Rush|p1a: Greninja
|-damage|p1a: Greninja|0 fnt
|-unboost|p2a: Great Tusk|def|1
|-unboost|p2a: Great Tusk|spd|1
|faint|p1a: Greninja
|
|-weather|RainDance|[upkeep]
|upkeep
|
|t:|1776033630
|switch|p1a: Dondozo|Dondozo, M|100/100
|turn|18
|
|t:|1776033634
|move|p2a: Great Tusk|Headlong Rush|p1a: Dondozo
|-damage|p1a: Dondozo|62/100
|-unboost|p2a: Great Tusk|def|1
|-unboost|p2a: Great Tusk|spd|1
|move|p1a: Dondozo|Wave Crash|p2a: Great Tusk
|-supereffective|p2a: Great Tusk
|-damage|p2a: Great Tusk|0 fnt
|faint|p2a: Great Tusk
|-end|p2a: Great Tusk|Protosynthesis|[silent]
|-damage|p1a: Dondozo|37/100|[from] Recoil
|
|win|djuniorplays
|raw|djuniorplays's rating: 1146 &rarr; <strong>1173</strong><br />(+27 for winning)
|raw|banana_joseph's rating: 1169 &rarr; <strong>1142</strong><br />(-27 for losing)
|l|☆banana_joseph
|player|p2|
|l|☆djuniorplays
|player|p1|
