|html|<div class="broadcast-blue"><strong>[Gen 9] OU is currently suspecting Tera Blast! For information on how to participate check out the <a href="https://www.smogon.com/tools/suspects/view/200">suspect thread</a>.</strong></div>
|j|☆dkslfsd
|j|☆smokey19
|t:|1776033469
|gametype|singles
|player|p1|dkslfsd|swimmerf-gen4dp|1652
|player|p2|smokey19|265|1674
|gen|9
|tier|[Gen 9] OU
|rated|
|rule|HP Percentage Mod: HP is shown in percentages
|rule|Endless Battle Clause: Forcing endless battles is banned
|rule|Species Clause: Limit one of each Pokémon
|rule|OHKO Clause: OHKO moves are banned
|rule|Evasion Items Clause: Evasion items are banned
|rule|Evasion Moves Clause: Evasion moves are banned
|rule|Evasion Abilities Clause: Evasion abilities are banned
|rule|Sleep Moves Clause: Sleep-inducing moves are banned
|clearpoke
|poke|p1|Kingambit, F|
|poke|p1|Ursaluna, M|
|poke|p1|Dragapult, F|
|poke|p1|Manaphy|
|poke|p1|Glimmora, F|
|poke|p1|Zamazenta-*|
|poke|p2|Iron Moth|
|poke|p2|Landorus-Therian, M|
|poke|p2|Samurott-Hisui, M|
|poke|p2|Slowking-Galar, M|
|poke|p2|Ogerpon, F|
|poke|p2|Enamorus, F|
|teampreview
|inactive|Battle timer is ON: inactive players will automatically lose when time's up. (requested by dkslfsd)
|j| ohko_smeargle
|
|t:|1776033484
|teamsize|p1|6
|teamsize|p2|6
|start
|switch|p1a: Glimmora|Glimmora, F|100/100
|switch|p2a: Samurott|Samurott-Hisui, M|100/100
|turn|1
|
|t:|1776033490
|move|p1a: Glimmora|Stealth Rock|p2a: Samurott
|-sidestart|p2: smokey19|move: Stealth Rock
|move|p2a: Samurott|Ceaseless Edge|p1a: Glimmora|[miss]
|-miss|p2a: Samurott|p1a: Glimmora
|
|upkeep
|turn|2
|j| 9qf2l
|
|t:|1776033495
|move|p1a: Glimmora|Power Gem|p2a: Samurott
|-damage|p2a: Samurott|57/100
|move|p2a: Samurott|Ceaseless Edge|p1a: Glimmora
|-damage|p1a: Glimmora|47/100
|-activate|p1a: Glimmora|ability: Toxic Debris
|-sidestart|p2: smokey19|move: Toxic Spikes
|-sidestart|p1: dkslfsd|Spikes
|
|upkeep
|turn|3
|l| 9qf2l
|
|t:|1776033507
|move|p1a: Glimmora|Mortal Spin|p2a: Samurott
|-damage|p2a: Samurott|50/100
|-status|p2a: Samurott|psn
|-sideend|p1: dkslfsd|Spikes|[from] move: Mortal Spin|[of] p1a: Glimmora
|move|p2a: Samurott|Ceaseless Edge|p1a: Glimmora
|-damage|p1a: Glimmora|0 fnt
|-activate|p1a: Glimmora|ability: Toxic Debris
|-sidestart|p2: smokey19|move: Toxic Spikes
|-sidestart|p1: dkslfsd|Spikes
|faint|p1a: Glimmora
|
|-damage|p2a: Samurott|38/100 psn|[from] psn
|upkeep
|
|t:|1776033517
|switch|p1a: Zamazenta|Zamazenta|100/100
|-damage|p1a: Zamazenta|88/100|[from] Spikes
|-ability|p1a: Zamazenta|Dauntless Shield|boost
|-boost|p1a: Zamazenta|def|1
|turn|4
|
|t:|1776033522
|switch|p2a: Landorus|Landorus-Therian, M|100/100
|-damage|p2a: Landorus|88/100|[from] Stealth Rock
|-ability|p2a: Landorus|Intimidate|boost
|-unboost|p1a: Zamazenta|atk|1
|move|p1a: Zamazenta|Reflect|p1a: Zamazenta
|-sidestart|p1: dkslfsd|Reflect
|
|upkeep
|turn|5
|
|t:|1776033528
|move|p1a: Zamazenta|Ice Fang|p2a: Landorus
|-supereffective|p2a: Landorus
|-damage|p2a: Landorus|27/100
|-damage|p1a: Zamazenta|72/100|[from] item: Rocky Helmet|[of] p2a: Landorus
|move|p2a: Landorus|Stealth Rock|p1a: Zamazenta
|-sidestart|p1: dkslfsd|move: Stealth Rock
|
|upkeep
|turn|6
|
|t:|1776033532
|switch|p2a: Slowking|Slowking-Galar, M, shiny|100/100
|-damage|p2a: Slowking|88/100|[from] Stealth Rock
|-sideend|p2: smokey19|move: Toxic Spikes|[of] p2a: Slowking
|move|p1a: Zamazenta|Light Screen|p1a: Zamazenta
|-sidestart|p1: dkslfsd|move: Light Screen
|
|upkeep
|turn|7
|
|t:|1776033543
|switch|p1a: Ursaluna|Ursaluna, M|100/100
|-damage|p1a: Ursaluna|88/100|[from] Spikes
|-damage|p1a: Ursaluna|82/100|[from] Stealth Rock
|move|p2a: Slowking|Flamethrower|p1a: Ursaluna
|-damage|p1a: Ursaluna|70/100
|
|-status|p1a: Ursaluna|brn|[from] item: Flame Orb
|upkeep
|turn|8
|
|t:|1776033564
|switch|p2a: Landorus|Landorus-Therian, M|27/100
|-damage|p2a: Landorus|15/100|[from] Stealth Rock
|-ability|p2a: Landorus|Intimidate|boost
|-unboost|p1a: Ursaluna|atk|1
|move|p1a: Ursaluna|Facade|p2a: Landorus
|-damage|p2a: Landorus|0 fnt
|-damage|p1a: Ursaluna|54/100 brn|[from] item: Rocky Helmet|[of] p2a: Landorus
|faint|p2a: Landorus
|
|-damage|p1a: Ursaluna|48/100 brn|[from] brn
|upkeep
|inactive|smokey19 has 120 seconds left.
|
|t:|1776033598
|switch|p2a: Ogerpon|Ogerpon, F|100/100
|-damage|p2a: Ogerpon|88/100|[from] Stealth Rock
|turn|9
|
|t:|1776033601
|move|p2a: Ogerpon|Ivy Cudgel|p1a: Ursaluna
|-supereffective|p1a: Ursaluna
|-damage|p1a: Ursaluna|0 fnt
|faint|p1a: Ursaluna
|
|upkeep
|
|t:|1776033609
|switch|p1a: Kingambit|Kingambit, F|100/100
|-damage|p1a: Kingambit|88/100|[from] Spikes
|-damage|p1a: Kingambit|82/100|[from] Stealth Rock
|-activate|p1a: Kingambit|ability: Supreme Overlord
|-start|p1a: Kingambit|fallen2|[silent]
|turn|10
|inactive|smokey19 has 120 seconds left.
|
|t:|1776033628
|move|p2a: Ogerpon|Ivy Cudgel|p1a: Kingambit
|-resisted|p1a: Kingambit
|-crit|p1a: Kingambit
|-damage|p1a: Kingambit|36/100
|move|p1a: Kingambit|Kowtow Cleave|p2a: Ogerpon
|-damage|p2a: Ogerpon|0 fnt
|faint|p2a: Ogerpon
|
|upkeep
|inactive|smokey19 has 90 seconds left.
|inactive|smokey19 has 60 seconds left.
|inactive|smokey19 has 30 seconds left.
|
|t:|1776033722
|switch|p2a: Enamorus|Enamorus, F, shiny|100/100
|-damage|p2a: Enamorus|76/100|[from] Stealth Rock
|turn|11
|inactive|smokey19 has 30 seconds left.
|inactive|smokey19 has 20 seconds left.
|
|t:|1776033745
|-terastallize|p2a: Enamorus|Ground
|move|p1a: Kingambit|Sucker Punch|p2a: Enamorus
|-damage|p2a: Enamorus|0 fnt
|faint|p2a: Enamorus
|
|-sideend|p1: dkslfsd|Reflect
|upkeep
|inactive|smokey19 has 25 seconds left this turn.
|inactive|smokey19 has 20 seconds left.
|
|t:|1776033753
|switch|p2a: Samurott|Samurott-Hisui, M|38/100 psn
|-damage|p2a: Samurott|26/100 psn|[from] Stealth Rock
|turn|12
|inactive|smokey19 has 30 seconds left this turn.
|
|t:|1776033757
|move|p1a: Kingambit|Sucker Punch|p2a: Samurott
|-resisted|p2a: Samurott
|-damage|p2a: Samurott|0 fnt
|faint|p2a: Samurott
|
|upkeep
|inactive|smokey19 has 30 seconds left.
|
|t:|1776033764
|switch|p2a: Slowking|Slowking-Galar, M, shiny|100/100
|-damage|p2a: Slowking|88/100|[from] Stealth Rock
|turn|13
|
|t:|1776033767
|move|p1a: Kingambit|Kowtow Cleave|p2a: Slowking
|-supereffective|p2a: Slowking
|-damage|p2a: Slowking|0 fnt
|faint|p2a: Slowking
|
|-sideend|p1: dkslfsd|move: Light Screen
|upkeep
|
|t:|1776033769
|switch|p2a: Iron Moth|Iron Moth|100/100
|-damage|p2a: Iron Moth|76/100|[from] Stealth Rock
|-enditem|p2a: Iron Moth|Booster Energy
|-activate|p2a: Iron Moth|ability: Quark Drive|[fromitem]
|-start|p2a: Iron Moth|quarkdrivespe
|turn|14
|
|t:|1776033772
|move|p1a: Kingambit|Sucker Punch|p2a: Iron Moth
|-damage|p2a: Iron Moth|0 fnt
|faint|p2a: Iron Moth
|-end|p2a: Iron Moth|Quark Drive|[silent]
|
|win|dkslfsd
|raw|dkslfsd's rating: 1652 &rarr; <strong>1673</strong><br />(+21 for winning)
|raw|smokey19's rating: 1674 &rarr; <strong>1653</strong><br />(-21 for losing)
|l| ohko_smeargle
|l|☆dkslfsd
|player|p1|
|l|☆smokey19
|player|p2|
