|html|<div class="broadcast-blue"><strong>[Gen 9] OU is currently suspecting Volcarona! For information on how to participate check out the <a href="https://www.smogon.com/tools/suspects/view/208">suspect thread</a>.</strong></div>
|j|☆Six10lol twitch
|j|☆MKUtopias
|t:|1778497792
|gametype|singles
|player|p1|Six10lol twitch|266|1556
|player|p2|MKUtopias|clair-gen2|1470
|gen|9
|tier|[Gen 9] OU
|rated|
|rule|HP Percentage Mod: HP is shown in percentages
|rule|Endless Battle Clause: Forcing endless battles is banned
|rule|Species Clause: Limit one of each Pokémon
|rule|OHKO Clause: OHKO moves are banned
|rule|Evasion Items Clause: Evasion items are banned
|rule|Evasion Moves Clause: Evasion moves are banned
|rule|Evasion Abilities Clause: Evasion abilities are banned
|rule|Sleep Moves Clause: Sleep-inducing moves are banned
|clearpoke
|poke|p1|Iron Treads|
|poke|p1|Ceruledge, M|
|poke|p1|Latias, F|
|poke|p1|Grimmsnarl, M|
|poke|p1|Ogerpon-Wellspring, F|
|poke|p1|Volcarona, M|
|poke|p2|Ogerpon-Wellspring, F|
|poke|p2|Arcanine-Hisui, F|
|poke|p2|Kingambit, M|
|poke|p2|Dragapult, M|
|poke|p2|Scizor, F|
|poke|p2|Great Tusk|
|teampreview
|inactive|Battle timer is ON: inactive players will automatically lose when time's up. (requested by Six10lol twitch)
|inactive|Six10lol twitch has 120 seconds left.
|
|t:|1778497830
|teamsize|p1|6
|teamsize|p2|6
|start
|switch|p1a: Grimace|Grimmsnarl, M, shiny|100/100
|switch|p2a: Scizor|Scizor, F|100/100
|turn|1
|
|t:|1778497835
|switch|p1a: Rage|Iron Treads, shiny|100/100
|-enditem|p1a: Rage|Booster Energy
|-activate|p1a: Rage|ability: Quark Drive|[fromitem]
|-start|p1a: Rage|quarkdrivespe
|move|p2a: Scizor|Knock Off|p1a: Rage
|-damage|p1a: Rage|77/100
|
|upkeep
|turn|2
|
|t:|1778497845
|move|p1a: Rage|Stealth Rock|p2a: Scizor
|-sidestart|p2: MKUtopias|move: Stealth Rock
|move|p2a: Scizor|Close Combat|p1a: Rage
|-supereffective|p1a: Rage
|-damage|p1a: Rage|0 fnt
|-unboost|p2a: Scizor|def|1
|-unboost|p2a: Scizor|spd|1
|faint|p1a: Rage
|-end|p1a: Rage|Quark Drive|[silent]
|
|upkeep
|
|t:|1778497873
|switch|p1a: Volcarona|Volcarona, M|100/100
|turn|3
|
|t:|1778497885
|switch|p1a: Grimace|Grimmsnarl, M, shiny|100/100
|switch|p2a: Arcanine|Arcanine-Hisui, F, shiny|100/100
|-damage|p2a: Arcanine|76/100|[from] Stealth Rock
|
|upkeep
|turn|4
|
|t:|1778497891
|move|p1a: Grimace|Reflect|p1a: Grimace
|-sidestart|p1: Six10lol twitch|Reflect
|move|p2a: Arcanine|Head Smash|p1a: Grimace
|-damage|p1a: Grimace|28/100
|
|upkeep
|turn|5
|
|t:|1778497897
|move|p1a: Grimace|Light Screen|p1a: Grimace
|-sidestart|p1: Six10lol twitch|move: Light Screen
|move|p2a: Arcanine|Head Smash|p1a: Grimace
|-damage|p1a: Grimace|0 fnt
|faint|p1a: Grimace
|
|upkeep
|
|t:|1778497910
|switch|p1a: Avalon|Latias, F, shiny|100/100
|turn|6
|
|t:|1778497915
|move|p1a: Avalon|Calm Mind|p1a: Avalon
|-boost|p1a: Avalon|spa|1
|-boost|p1a: Avalon|spd|1
|move|p2a: Arcanine|Head Smash|p1a: Avalon
|-damage|p1a: Avalon|32/100
|
|upkeep
|turn|7
|
|t:|1778497924
|move|p1a: Avalon|Stored Power|p2a: Arcanine
|-damage|p2a: Arcanine|22/100
|move|p2a: Arcanine|Head Smash|p1a: Avalon
|-damage|p1a: Avalon|0 fnt
|faint|p1a: Avalon
|
|upkeep
|
|t:|1778497933
|switch|p1a: Volcarona|Volcarona, M|100/100
|turn|8
|
|t:|1778497935
|move|p2a: Arcanine|Head Smash|p1a: Volcarona
|-supereffective|p1a: Volcarona
|-damage|p1a: Volcarona|0 fnt
|faint|p1a: Volcarona
|
|upkeep
|-message|Six10lol twitch forfeited.
|
|win|MKUtopias
|raw|Six10lol twitch's rating: 1556 &rarr; <strong>1531</strong><br />(-25 for losing)
|raw|MKUtopias's rating: 1470 &rarr; <strong>1495</strong><br />(+25 for winning)
|l|☆Six10lol twitch
|player|p1|
