|html|<div class="broadcast-blue"><strong>[Gen 9] OU is currently suspecting Tera Blast! For information on how to participate check out the <a href="https://www.smogon.com/tools/suspects/view/200">suspect thread</a>.</strong></div>
|j|☆BoatTrain
|j|☆Coldman1991
|t:|1776038843
|gametype|singles
|player|p1|BoatTrain|boarder|1341
|player|p2|Coldman1991|1|1348
|gen|9
|tier|[Gen 9] OU
|rated|
|rule|HP Percentage Mod: HP is shown in percentages
|rule|Endless Battle Clause: Forcing endless battles is banned
|rule|Species Clause: Limit one of each Pokémon
|rule|OHKO Clause: OHKO moves are banned
|rule|Evasion Items Clause: Evasion items are banned
|rule|Evasion Moves Clause: Evasion moves are banned
|rule|Evasion Abilities Clause: Evasion abilities are banned
|rule|Sleep Moves Clause: Sleep-inducing moves are banned
|clearpoke
|poke|p1|Ursaluna, F|
|poke|p1|Smeargle, F|
|poke|p1|Hatterene, F|
|poke|p1|Porygon2|
|poke|p1|Empoleon, F|
|poke|p1|Kingambit, F|
|poke|p2|Sinistcha-Masterpiece|
|poke|p2|Enamorus, F|
|poke|p2|Zamazenta-*|
|poke|p2|Glastrier|
|poke|p2|Dragonite, F|
|poke|p2|Polteageist-Antique|
|teampreview
|inactive|Battle timer is ON: inactive players will automatically lose when time's up. (requested by Coldman1991)
|
|t:|1776038848
|teamsize|p1|6
|teamsize|p2|6
|start
|switch|p1a: Smeargle|Smeargle, F|100/100
|switch|p2a: Polteageist|Polteageist-Antique|100/100
|turn|1
|
|t:|1776038857
|move|p1a: Smeargle|Sticky Web|p2a: Polteageist
|-sidestart|p2: Coldman1991|move: Sticky Web
|move|p2a: Polteageist|Shell Smash|p2a: Polteageist
|-unboost|p2a: Polteageist|def|1
|-unboost|p2a: Polteageist|spd|1
|-boost|p2a: Polteageist|atk|2
|-boost|p2a: Polteageist|spa|2
|-boost|p2a: Polteageist|spe|2
|
|upkeep
|turn|2
|
|t:|1776038864
|move|p1a: Smeargle|Endure|p1a: Smeargle
|-singleturn|p1a: Smeargle|move: Endure
|move|p2a: Polteageist|Stored Power|p1a: Smeargle
|-activate|p1a: Smeargle|move: Endure
|-damage|p1a: Smeargle|1/100
|
|upkeep
|turn|3
|-enditem|p1a: Smeargle|Custap Berry|[eat]
|-activate|p1a: Smeargle|item: Custap Berry|[consumed]
|
|t:|1776038871
|move|p1a: Smeargle|Court Change|p1a: Smeargle
|-swapsideconditions
|-activate|p1a: Smeargle|move: Court Change
|move|p2a: Polteageist|Stored Power|p1a: Smeargle
|-damage|p1a: Smeargle|0 fnt
|faint|p1a: Smeargle
|
|upkeep
|
|t:|1776038881
|switch|p1a: Kingambit|Kingambit, F|100/100
|-activate|p1a: Kingambit|move: Sticky Web
|-unboost|p1a: Kingambit|spe|1
|-ability|p1a: Kingambit|Defiant|boost
|-boost|p1a: Kingambit|atk|2
|turn|4
|
|t:|1776038888
|move|p1a: Kingambit|Sucker Punch|p2a: Polteageist
|-supereffective|p2a: Polteageist
|-enditem|p2a: Polteageist|Focus Sash
|-damage|p2a: Polteageist|1/100
|-ability|p2a: Polteageist|Weak Armor|boost
|-unboost|p2a: Polteageist|def|1
|-boost|p2a: Polteageist|spe|2
|move|p2a: Polteageist|Giga Drain|p1a: Kingambit
|-resisted|p1a: Kingambit
|-crit|p1a: Kingambit
|-damage|p1a: Kingambit|57/100
|-heal|p2a: Polteageist|35/100|[from] drain|[of] p1a: Kingambit
|
|upkeep
|turn|5
|
|t:|1776038899
|move|p1a: Kingambit|Sucker Punch|p2a: Polteageist
|-supereffective|p2a: Polteageist
|-damage|p2a: Polteageist|0 fnt
|faint|p2a: Polteageist
|
|upkeep
|
|t:|1776038904
|switch|p2a: Dragonite|Dragonite, F|100/100
|turn|6
|
|t:|1776038908
|move|p2a: Dragonite|Earthquake|p1a: Kingambit
|-supereffective|p1a: Kingambit
|-damage|p1a: Kingambit|4/100
|move|p1a: Kingambit|Kowtow Cleave|p2a: Dragonite
|-damage|p2a: Dragonite|53/100
|
|upkeep
|turn|7
|
|t:|1776038917
|move|p2a: Dragonite|Extreme Speed|p1a: Kingambit
|-resisted|p1a: Kingambit
|-damage|p1a: Kingambit|0 fnt
|faint|p1a: Kingambit
|
|upkeep
|
|t:|1776038926
|switch|p1a: Porygon2|Porygon2|100/100
|-activate|p1a: Porygon2|move: Sticky Web
|-unboost|p1a: Porygon2|spe|1
|-ability|p1a: Porygon2|Download|boost
|-boost|p1a: Porygon2|atk|1
|turn|8
|
|t:|1776038932
|move|p2a: Dragonite|Extreme Speed|p1a: Porygon2
|-damage|p1a: Porygon2|80/100
|move|p1a: Porygon2|Trick Room|p1a: Porygon2
|-fieldstart|move: Trick Room|[of] p1a: Porygon2
|
|upkeep
|turn|9
|
|t:|1776038938
|move|p2a: Dragonite|Extreme Speed|p1a: Porygon2
|-damage|p1a: Porygon2|57/100
|move|p1a: Porygon2|Ice Beam|p2a: Dragonite
|-supereffective|p2a: Dragonite
|-damage|p2a: Dragonite|0 fnt
|faint|p2a: Dragonite
|
|upkeep
|
|t:|1776038946
|switch|p2a: Glastrier|Glastrier|100/100
|turn|10
|
|t:|1776038950
|switch|p1a: Empoleon|Empoleon, F|100/100
|-activate|p1a: Empoleon|move: Sticky Web
|-unboost|p1a: Empoleon|spe|1
|-ability|p1a: Empoleon|Competitive|boost
|-boost|p1a: Empoleon|spa|2
|move|p2a: Glastrier|Iron Defense|p2a: Glastrier
|-boost|p2a: Glastrier|def|2
|
|upkeep
|turn|11
|
|t:|1776038959
|move|p1a: Empoleon|Flash Cannon|p2a: Glastrier
|-supereffective|p2a: Glastrier
|-damage|p2a: Glastrier|0 fnt
|faint|p2a: Glastrier
|
|upkeep
|
|t:|1776038965
|switch|p2a: Sinistcha|Sinistcha-Masterpiece|100/100
|turn|12
|
|t:|1776038969
|move|p1a: Empoleon|Ice Beam|p2a: Sinistcha
|-supereffective|p2a: Sinistcha
|-damage|p2a: Sinistcha|0 fnt
|faint|p2a: Sinistcha
|
|-fieldend|move: Trick Room
|upkeep
|
|t:|1776038975
|switch|p2a: Zamazenta|Zamazenta|100/100
|-ability|p2a: Zamazenta|Dauntless Shield|boost
|-boost|p2a: Zamazenta|def|1
|turn|13
|
|t:|1776038980
|-terastallize|p1a: Empoleon|Water
|move|p2a: Zamazenta|Body Press|p1a: Empoleon
|-damage|p1a: Empoleon|42/100
|move|p1a: Empoleon|Surf|p2a: Zamazenta
|-damage|p2a: Zamazenta|14/100
|
|-heal|p2a: Zamazenta|20/100|[from] item: Leftovers
|upkeep
|turn|14
|
|t:|1776038990
|move|p1a: Empoleon|Vacuum Wave|p2a: Zamazenta
|-damage|p2a: Zamazenta|2/100
|move|p2a: Zamazenta|Body Press|p1a: Empoleon
|-damage|p1a: Empoleon|0 fnt
|faint|p1a: Empoleon
|
|-heal|p2a: Zamazenta|8/100|[from] item: Leftovers
|upkeep
|
|t:|1776038997
|switch|p1a: Hatterene|Hatterene, F|100/100
|turn|15
|
|t:|1776039003
|move|p2a: Zamazenta|Crunch|p1a: Hatterene
|-damage|p1a: Hatterene|74/100
|move|p1a: Hatterene|Trick Room|p1a: Hatterene
|-fieldstart|move: Trick Room|[of] p1a: Hatterene
|
|-heal|p2a: Zamazenta|15/100|[from] item: Leftovers
|upkeep
|turn|16
|
|t:|1776039010
|move|p1a: Hatterene|Psychic Noise|p2a: Zamazenta
|-supereffective|p2a: Zamazenta
|-damage|p2a: Zamazenta|0 fnt
|faint|p2a: Zamazenta
|
|upkeep
|
|t:|1776039016
|switch|p2a: Enamorus|Enamorus, F|100/100
|turn|17
|
|t:|1776039024
|move|p1a: Hatterene|Psychic Noise|p2a: Enamorus
|-damage|p2a: Enamorus|76/100
|-start|p2a: Enamorus|move: Heal Block
|move|p2a: Enamorus|Superpower|p1a: Hatterene
|-resisted|p1a: Hatterene
|-damage|p1a: Hatterene|66/100
|-boost|p2a: Enamorus|atk|1
|-boost|p2a: Enamorus|def|1
|
|upkeep
|turn|18
|
|t:|1776039035
|move|p1a: Hatterene|Healing Wish|p1a: Hatterene
|faint|p1a: Hatterene
|move|p2a: Enamorus|Mystical Fire|p1: Hatterene|[notarget]
|-fail|p2a: Enamorus
|
|-end|p2a: Enamorus|move: Heal Block
|upkeep
|
|t:|1776039042
|switch|p1a: Porygon2|Porygon2|57/100
|-heal|p1a: Porygon2|100/100|[from] move: Healing Wish
|-activate|p1a: Porygon2|move: Sticky Web
|-unboost|p1a: Porygon2|spe|1
|-ability|p1a: Porygon2|Download|boost
|-boost|p1a: Porygon2|spa|1
|turn|19
|
|t:|1776039049
|move|p1a: Porygon2|Ice Beam|p2a: Enamorus
|-supereffective|p2a: Enamorus
|-damage|p2a: Enamorus|7/100
|move|p2a: Enamorus|Superpower|p1a: Porygon2
|-supereffective|p1a: Porygon2
|-damage|p1a: Porygon2|45/100
|-boost|p2a: Enamorus|atk|1
|-boost|p2a: Enamorus|def|1
|
|-fieldend|move: Trick Room
|upkeep
|turn|20
|
|t:|1776039061
|move|p2a: Enamorus|Superpower|p1a: Porygon2
|-supereffective|p1a: Porygon2
|-damage|p1a: Porygon2|0 fnt
|-boost|p2a: Enamorus|atk|1
|-boost|p2a: Enamorus|def|1
|faint|p1a: Porygon2
|
|upkeep
|
|t:|1776039062
|switch|p1a: Ursaluna|Ursaluna, F|100/100
|-activate|p1a: Ursaluna|move: Sticky Web
|-unboost|p1a: Ursaluna|spe|1
|turn|21
|
|t:|1776039073
|move|p2a: Enamorus|Draining Kiss|p1a: Ursaluna
|-crit|p1a: Ursaluna
|-damage|p1a: Ursaluna|73/100
|-heal|p2a: Enamorus|40/100|[from] drain|[of] p1a: Ursaluna
|move|p1a: Ursaluna|Facade|p2a: Enamorus
|-damage|p2a: Enamorus|22/100
|
|-status|p1a: Ursaluna|brn|[from] item: Flame Orb
|upkeep
|turn|22
|
|t:|1776039082
|move|p2a: Enamorus|Superpower|p1a: Ursaluna
|-supereffective|p1a: Ursaluna
|-damage|p1a: Ursaluna|0 fnt
|-boost|p2a: Enamorus|atk|1
|-boost|p2a: Enamorus|def|1
|faint|p1a: Ursaluna
|
|win|Coldman1991
|raw|BoatTrain's rating: 1341 &rarr; <strong>1321</strong><br />(-20 for losing)
|raw|Coldman1991's rating: 1348 &rarr; <strong>1368</strong><br />(+20 for winning)
|l|☆BoatTrain
|player|p1|
|l|☆Coldman1991
|player|p2|
