|html|<div class="broadcast-blue"><strong>[Gen 9] OU is currently suspecting Tera Blast! For information on how to participate check out the <a href="https://www.smogon.com/tools/suspects/view/200">suspect thread</a>.</strong></div>
|j|☆NojaKalm
|j|☆brock4real
|t:|1776070008
|gametype|singles
|player|p1|NojaKalm|1|1480
|player|p2|brock4real|2|1485
|gen|9
|tier|[Gen 9] OU
|rated|
|rule|HP Percentage Mod: HP is shown in percentages
|rule|Endless Battle Clause: Forcing endless battles is banned
|rule|Species Clause: Limit one of each Pokémon
|rule|OHKO Clause: OHKO moves are banned
|rule|Evasion Items Clause: Evasion items are banned
|rule|Evasion Moves Clause: Evasion moves are banned
|rule|Evasion Abilities Clause: Evasion abilities are banned
|rule|Sleep Moves Clause: Sleep-inducing moves are banned
|clearpoke
|poke|p1|Comfey, M|
|poke|p1|Whimsicott, M|
|poke|p1|Iron Moth|
|poke|p1|Walking Wake|
|poke|p1|Great Tusk|
|poke|p1|Ninetales, M|
|poke|p2|Garganacl, M|
|poke|p2|Glimmora, M|
|poke|p2|Tyranitar, M|
|poke|p2|Ogerpon-Cornerstone, F|
|poke|p2|Iron Boulder|
|poke|p2|Kleavor, F|
|teampreview
|inactive|Battle timer is ON: inactive players will automatically lose when time's up. (requested by NojaKalm)
|
|t:|1776070017
|teamsize|p1|6
|teamsize|p2|6
|start
|switch|p1a: Great Tusk|Great Tusk|100/100
|switch|p2a: Glimmora|Glimmora, M|100/100
|turn|1
|
|t:|1776070025
|-end|p1a: Great Tusk|Protosynthesis|[silent]
|switch|p1a: Walking Wake|Walking Wake|100/100
|move|p2a: Glimmora|Earth Power|p1a: Walking Wake
|-damage|p1a: Walking Wake|80/100
|-unboost|p1a: Walking Wake|spd|1
|
|upkeep
|turn|2
|
|t:|1776070029
|move|p1a: Walking Wake|Hydro Steam|p2a: Glimmora
|-supereffective|p2a: Glimmora
|-enditem|p2a: Glimmora|Focus Sash
|-damage|p2a: Glimmora|1/100
|move|p2a: Glimmora|Power Gem|p1a: Walking Wake
|-damage|p1a: Walking Wake|40/100
|
|upkeep
|turn|3
|
|t:|1776070038
|switch|p2a: Tyranitar|Tyranitar, M|100/100
|-weather|Sandstorm|[from] ability: Sand Stream|[of] p2a: Tyranitar
|move|p1a: Walking Wake|Hydro Steam|p2a: Tyranitar
|-supereffective|p2a: Tyranitar
|-damage|p2a: Tyranitar|69/100
|
|-weather|Sandstorm|[upkeep]
|-damage|p1a: Walking Wake|34/100|[from] Sandstorm
|upkeep
|turn|4
|
|t:|1776070045
|move|p1a: Walking Wake|Flip Turn|p2a: Tyranitar
|-supereffective|p2a: Tyranitar
|-damage|p2a: Tyranitar|45/100
|
|t:|1776070049
|-end|p1a: Walking Wake|Protosynthesis|[silent]
|switch|p1a: Great Tusk|Great Tusk|100/100|[from] Flip Turn
|move|p2a: Tyranitar|Knock Off|p1a: Great Tusk
|-resisted|p1a: Great Tusk
|-damage|p1a: Great Tusk|86/100
|-damage|p2a: Tyranitar|28/100|[from] item: Rocky Helmet|[of] p1a: Great Tusk
|-enditem|p1a: Great Tusk|Rocky Helmet|[from] move: Knock Off|[of] p2a: Tyranitar
|
|-weather|Sandstorm|[upkeep]
|upkeep
|turn|5
|
|t:|1776070052
|switch|p2a: Glimmora|Glimmora, M|1/100
|move|p1a: Great Tusk|Stealth Rock|p2a: Glimmora
|-sidestart|p2: brock4real|move: Stealth Rock
|
|-weather|Sandstorm|[upkeep]
|upkeep
|turn|6
|
|t:|1776070055
|-end|p1a: Great Tusk|Protosynthesis|[silent]
|switch|p1a: Walking Wake|Walking Wake|34/100
|move|p2a: Glimmora|Mortal Spin|p1a: Walking Wake
|-damage|p1a: Walking Wake|29/100
|-status|p1a: Walking Wake|psn
|-sideend|p2: brock4real|Stealth Rock|[from] move: Mortal Spin|[of] p2a: Glimmora
|
|-weather|Sandstorm|[upkeep]
|-damage|p1a: Walking Wake|23/100 psn|[from] Sandstorm
|-damage|p1a: Walking Wake|10/100 psn|[from] psn
|upkeep
|turn|7
|
|t:|1776070070
|move|p1a: Walking Wake|Hydro Steam|p2a: Glimmora
|-supereffective|p2a: Glimmora
|-damage|p2a: Glimmora|0 fnt
|faint|p2a: Glimmora
|
|-weather|Sandstorm|[upkeep]
|-damage|p1a: Walking Wake|4/100 psn|[from] Sandstorm
|-damage|p1a: Walking Wake|0 fnt|[from] psn
|faint|p1a: Walking Wake
|-end|p1a: Walking Wake|Protosynthesis|[silent]
|upkeep
|
|t:|1776070089
|switch|p1a: Great Tusk|Great Tusk|86/100
|switch|p2a: Ogerpon|Ogerpon-Cornerstone, F|100/100
|turn|8
|
|t:|1776070092
|move|p2a: Ogerpon|Trailblaze|p1a: Great Tusk
|-supereffective|p1a: Great Tusk
|-damage|p1a: Great Tusk|52/100
|-boost|p2a: Ogerpon|spe|1
|move|p1a: Great Tusk|Ice Spinner|p2a: Ogerpon
|-supereffective|p2a: Ogerpon
|-crit|p2a: Ogerpon
|-damage|p2a: Ogerpon|6/100
|
|-weather|Sandstorm|[upkeep]
|upkeep
|turn|9
|
|t:|1776070104
|move|p2a: Ogerpon|Horn Leech|p1a: Great Tusk
|-supereffective|p1a: Great Tusk
|-damage|p1a: Great Tusk|0 fnt
|-heal|p2a: Ogerpon|43/100|[from] drain|[of] p1a: Great Tusk
|faint|p1a: Great Tusk
|-end|p1a: Great Tusk|Protosynthesis|[silent]
|
|-weather|Sandstorm|[upkeep]
|upkeep
|
|t:|1776070109
|switch|p1a: Ninetales|Ninetales, M|100/100
|-weather|SunnyDay|[from] ability: Drought|[of] p1a: Ninetales
|turn|10
|
|t:|1776070116
|switch|p1a: Whimsicott|Whimsicott, M|100/100
|move|p2a: Ogerpon|Ivy Cudgel|p1a: Whimsicott|[anim] Ivy Cudgel Rock
|-crit|p1a: Whimsicott
|-damage|p1a: Whimsicott|0 fnt
|faint|p1a: Whimsicott
|
|-weather|SunnyDay|[upkeep]
|upkeep
|
|t:|1776070120
|switch|p1a: Iron Moth|Iron Moth|100/100
|-enditem|p1a: Iron Moth|Booster Energy
|-activate|p1a: Iron Moth|ability: Quark Drive|[fromitem]
|-start|p1a: Iron Moth|quarkdrivespa
|turn|11
|
|t:|1776070134
|move|p2a: Ogerpon|Ivy Cudgel|p1a: Iron Moth|[anim] Ivy Cudgel Rock
|-supereffective|p1a: Iron Moth
|-damage|p1a: Iron Moth|0 fnt
|faint|p1a: Iron Moth
|-end|p1a: Iron Moth|Quark Drive|[silent]
|
|-weather|SunnyDay|[upkeep]
|upkeep
|
|t:|1776070138
|switch|p1a: Comfey|Comfey, M|100/100
|turn|12
|
|t:|1776070146
|-terastallize|p1a: Comfey|Water
|move|p2a: Ogerpon|Ivy Cudgel|p1a: Comfey|[anim] Ivy Cudgel Rock
|-damage|p1a: Comfey|22/100
|move|p1a: Comfey|Growth|p1a: Comfey
|-boost|p1a: Comfey|atk|2
|-boost|p1a: Comfey|spa|2
|
|-weather|SunnyDay|[upkeep]
|upkeep
|turn|13
|
|t:|1776070154
|move|p1a: Comfey|Draining Kiss|p2a: Ogerpon
|-damage|p2a: Ogerpon|0 fnt
|-heal|p1a: Comfey|54/100|[from] drain|[of] p2a: Ogerpon
|faint|p2a: Ogerpon
|-damage|p1a: Comfey|44/100|[from] item: Life Orb
|
|-weather|SunnyDay|[upkeep]
|upkeep
|
|t:|1776070156
|switch|p2a: Tyranitar|Tyranitar, M|28/100
|-weather|Sandstorm|[from] ability: Sand Stream|[of] p2a: Tyranitar
|turn|14
|
|t:|1776070160
|move|p1a: Comfey|Draining Kiss|p2a: Tyranitar
|-supereffective|p2a: Tyranitar
|-damage|p2a: Tyranitar|0 fnt
|-heal|p1a: Comfey|72/100|[from] drain|[of] p2a: Tyranitar
|faint|p2a: Tyranitar
|-damage|p1a: Comfey|62/100|[from] item: Life Orb
|
|-weather|Sandstorm|[upkeep]
|-damage|p1a: Comfey|56/100|[from] Sandstorm
|upkeep
|
|t:|1776070173
|switch|p2a: Garganacl|Garganacl, M|100/100
|turn|15
|
|t:|1776070179
|switch|p1a: Ninetales|Ninetales, M|100/100
|-weather|SunnyDay|[from] ability: Drought|[of] p1a: Ninetales
|move|p2a: Garganacl|Salt Cure|p1a: Ninetales
|-supereffective|p1a: Ninetales
|-damage|p1a: Ninetales|70/100
|-start|p1a: Ninetales|Salt Cure
|
|-weather|SunnyDay|[upkeep]
|-damage|p1a: Ninetales|57/100|[from] Salt Cure
|upkeep
|turn|16
|
|t:|1776070197
|move|p1a: Ninetales|Weather Ball|p2a: Garganacl
|-resisted|p2a: Garganacl
|-damage|p2a: Garganacl|84/100
|move|p2a: Garganacl|Iron Defense|p2a: Garganacl
|-boost|p2a: Garganacl|def|2
|
|-weather|SunnyDay|[upkeep]
|-heal|p2a: Garganacl|90/100|[from] item: Leftovers
|-damage|p1a: Ninetales|45/100|[from] Salt Cure
|upkeep
|turn|17
|
|t:|1776070203
|move|p1a: Ninetales|Encore|p2a: Garganacl
|-start|p2a: Garganacl|Encore
|move|p2a: Garganacl|Iron Defense|p2a: Garganacl
|-boost|p2a: Garganacl|def|2
|
|-weather|SunnyDay|[upkeep]
|-heal|p2a: Garganacl|96/100|[from] item: Leftovers
|-damage|p1a: Ninetales|33/100|[from] Salt Cure
|upkeep
|turn|18
|
|t:|1776070207
|move|p1a: Ninetales|Healing Wish|p1a: Ninetales
|faint|p1a: Ninetales
|move|p2a: Garganacl|Iron Defense|p2a: Garganacl
|-boost|p2a: Garganacl|def|2
|
|-weather|SunnyDay|[upkeep]
|-heal|p2a: Garganacl|100/100|[from] item: Leftovers
|upkeep
|
|t:|1776070209
|switch|p1a: Comfey|Comfey, M, tera:Water|56/100
|-heal|p1a: Comfey|100/100|[from] move: Healing Wish
|turn|19
|
|t:|1776070215
|switch|p2a: Iron Boulder|Iron Boulder|100/100
|-enditem|p2a: Iron Boulder|Booster Energy
|-activate|p2a: Iron Boulder|ability: Quark Drive|[fromitem]
|-start|p2a: Iron Boulder|quarkdrivespe
|move|p1a: Comfey|Growth|p1a: Comfey
|-boost|p1a: Comfey|atk|2
|-boost|p1a: Comfey|spa|2
|
|-weather|SunnyDay|[upkeep]
|upkeep
|turn|20
|
|t:|1776070234
|move|p2a: Iron Boulder|Mighty Cleave|p1a: Comfey
|-damage|p1a: Comfey|39/100
|move|p1a: Comfey|Growth|p1a: Comfey
|-boost|p1a: Comfey|atk|2
|-boost|p1a: Comfey|spa|2
|
|-weather|SunnyDay|[upkeep]
|upkeep
|turn|21
|
|t:|1776070246
|move|p1a: Comfey|Draining Kiss|p2a: Iron Boulder
|-damage|p2a: Iron Boulder|24/100
|-heal|p1a: Comfey|99/100|[from] drain|[of] p2a: Iron Boulder
|-damage|p1a: Comfey|90/100|[from] item: Life Orb
|move|p2a: Iron Boulder|Mighty Cleave|p1a: Comfey
|-damage|p1a: Comfey|29/100
|
|-weather|SunnyDay|[upkeep]
|upkeep
|turn|22
|
|t:|1776070253
|move|p1a: Comfey|Draining Kiss|p2a: Iron Boulder
|-damage|p2a: Iron Boulder|0 fnt
|-heal|p1a: Comfey|47/100|[from] drain|[of] p2a: Iron Boulder
|faint|p2a: Iron Boulder
|-end|p2a: Iron Boulder|Quark Drive|[silent]
|-damage|p1a: Comfey|38/100|[from] item: Life Orb
|
|-weather|none
|upkeep
|
|t:|1776070255
|switch|p2a: Kleavor|Kleavor, F|100/100
|turn|23
|
|t:|1776070263
|move|p1a: Comfey|Draining Kiss|p2a: Kleavor
|-damage|p2a: Kleavor|0 fnt
|-heal|p1a: Comfey|100/100|[from] drain|[of] p2a: Kleavor
|faint|p2a: Kleavor
|-damage|p1a: Comfey|91/100|[from] item: Life Orb
|
|upkeep
|
|t:|1776070265
|switch|p2a: Garganacl|Garganacl, M|100/100
|turn|24
|
|t:|1776070272
|move|p1a: Comfey|Stored Power|p2a: Garganacl
|-damage|p2a: Garganacl|0 fnt
|faint|p2a: Garganacl
|-damage|p1a: Comfey|81/100|[from] item: Life Orb
|
|win|NojaKalm
|raw|NojaKalm's rating: 1480 &rarr; <strong>1500</strong><br />(+20 for winning)
|raw|brock4real's rating: 1485 &rarr; <strong>1465</strong><br />(-20 for losing)
|l|☆NojaKalm
|player|p1|
|l|☆brock4real
|player|p2|
