|html|<div class="broadcast-blue"><strong>[Gen 9] OU is currently suspecting Volcarona! For information on how to participate check out the <a href="https://www.smogon.com/tools/suspects/view/208">suspect thread</a>.</strong></div>
|j|☆suminkwak249
|j|☆hard metagross
|t:|1778513365
|gametype|singles
|player|p1|suminkwak249|265|1460
|player|p2|hard metagross|clair-gen2|1501
|gen|9
|tier|[Gen 9] OU
|rated|
|rule|HP Percentage Mod: HP is shown in percentages
|rule|Endless Battle Clause: Forcing endless battles is banned
|rule|Species Clause: Limit one of each Pokémon
|rule|OHKO Clause: OHKO moves are banned
|rule|Evasion Items Clause: Evasion items are banned
|rule|Evasion Moves Clause: Evasion moves are banned
|rule|Evasion Abilities Clause: Evasion abilities are banned
|rule|Sleep Moves Clause: Sleep-inducing moves are banned
|clearpoke
|poke|p1|Indeedee, M|
|poke|p1|Hatterene, F|
|poke|p1|Ursaluna, M|
|poke|p1|Iron Hands|
|poke|p1|Hoopa-Unbound|
|poke|p1|Mimikyu, M|
|poke|p2|Iron Boulder|
|poke|p2|Enamorus, F|
|poke|p2|Glimmora, F|
|poke|p2|Gholdengo|
|poke|p2|Lokix, F|
|poke|p2|Alomomola, F|
|teampreview
|inactive|Battle timer is ON: inactive players will automatically lose when time's up. (requested by hard metagross)
|
|t:|1778513399
|teamsize|p1|6
|teamsize|p2|6
|start
|switch|p1a: Satella|Hatterene, F|100/100
|switch|p2a: Glimmora|Glimmora, F, shiny|100/100
|turn|1
|
|t:|1778513415
|switch|p2a: Lokix|Lokix, F|100/100
|move|p1a: Satella|Trick Room|p1a: Satella
|-fieldstart|move: Trick Room|[of] p1a: Satella
|
|upkeep
|turn|2
|
|t:|1778513439
|switch|p1a: LEBRON|Iron Hands|100/100
|-enditem|p1a: LEBRON|Booster Energy
|-activate|p1a: LEBRON|ability: Quark Drive|[fromitem]
|-start|p1a: LEBRON|quarkdriveatk
|switch|p2a: Gholdengo|Gholdengo|100/100
|-item|p2a: Gholdengo|Air Balloon
|
|upkeep
|turn|3
|
|t:|1778513451
|switch|p2a: Glimmora|Glimmora, F, shiny|100/100
|move|p1a: LEBRON|Supercell Slam|p2a: Glimmora
|-enditem|p2a: Glimmora|Focus Sash
|-damage|p2a: Glimmora|1/100
|-activate|p2a: Glimmora|ability: Toxic Debris
|-sidestart|p1: suminkwak249|move: Toxic Spikes
|
|upkeep
|turn|4
|
|t:|1778513464
|move|p1a: LEBRON|Supercell Slam|p2a: Glimmora
|-damage|p2a: Glimmora|0 fnt
|-activate|p2a: Glimmora|ability: Toxic Debris
|-sidestart|p1: suminkwak249|move: Toxic Spikes
|faint|p2a: Glimmora
|
|upkeep
|inactive|hard metagross has 120 seconds left.
|
|t:|1778513498
|switch|p2a: Alomomola|Alomomola, F, shiny|100/100
|turn|5
|
|t:|1778513502
|move|p2a: Alomomola|Protect|p2a: Alomomola
|-singleturn|p2a: Alomomola|Protect
|move|p1a: LEBRON|Supercell Slam|p2a: Alomomola
|-activate|p2a: Alomomola|move: Protect
|-damage|p1a: LEBRON|50/100|[from] supercellslam
|
|-fieldend|move: Trick Room
|upkeep
|turn|6
|c|☆suminkwak249|ah
|inactive|hard metagross has 120 seconds left.
|
|t:|1778513512
|move|p2a: Alomomola|Flip Turn|p1a: LEBRON
|-damage|p1a: LEBRON|39/100
|
|t:|1778513516
|switch|p2a: Gholdengo|Gholdengo|100/100|[from] Flip Turn
|-item|p2a: Gholdengo|Air Balloon
|move|p1a: LEBRON|Supercell Slam|p2a: Gholdengo
|-damage|p2a: Gholdengo|4/100
|-enditem|p2a: Gholdengo|Air Balloon
|
|upkeep
|turn|7
|inactive|hard metagross has 120 seconds left.
|
|t:|1778513527
|-end|p1a: LEBRON|Quark Drive|[silent]
|switch|p1a: Subaru|Indeedee, M|100/100
|-status|p1a: Subaru|tox
|-fieldstart|move: Psychic Terrain|[from] ability: Psychic Surge|[of] p1a: Subaru
|move|p2a: Gholdengo|Shadow Ball|p1a: Subaru
|-immune|p1a: Subaru
|
|-damage|p1a: Subaru|94/100 tox|[from] psn
|upkeep
|turn|8
|
|t:|1778513533
|move|p2a: Gholdengo|Recover|p2a: Gholdengo
|-heal|p2a: Gholdengo|54/100
|move|p1a: Subaru|Trick Room|p1a: Subaru
|-fieldstart|move: Trick Room|[of] p1a: Subaru
|
|-damage|p1a: Subaru|82/100 tox|[from] psn
|upkeep
|turn|9
|
|t:|1778513540
|switch|p1a: King Von|Hoopa-Unbound|100/100
|-status|p1a: King Von|tox
|-enditem|p1a: King Von|Psychic Seed
|-boost|p1a: King Von|spd|1|[from] item: Psychic Seed
|move|p2a: Gholdengo|Recover|p2a: Gholdengo
|-heal|p2a: Gholdengo|100/100
|
|-damage|p1a: King Von|94/100 tox|[from] psn
|upkeep
|turn|10
|
|t:|1778513548
|switch|p2a: Alomomola|Alomomola, F, shiny|100/100
|move|p1a: King Von|Expanding Force|p2a: Alomomola
|-damage|p2a: Alomomola|0 fnt
|faint|p2a: Alomomola
|-item|p1a: King Von|Rocky Helmet|[from] ability: Magician|[of] p2: Alomomola
|
|-damage|p1a: King Von|82/100 tox|[from] psn
|upkeep
|
|t:|1778513563
|switch|p2a: Gholdengo|Gholdengo|100/100
|turn|11
|
|t:|1778513569
|move|p1a: King Von|Hyperspace Fury|p2a: Gholdengo
|-supereffective|p2a: Gholdengo
|-damage|p2a: Gholdengo|0 fnt
|-unboost|p1a: King Von|def|1
|faint|p2a: Gholdengo
|
|-damage|p1a: King Von|64/100 tox|[from] psn
|upkeep
|
|t:|1778513578
|switch|p2a: Enamorus|Enamorus, F|100/100
|turn|12
|
|t:|1778513582
|move|p1a: King Von|Expanding Force|p2a: Enamorus
|-crit|p2a: Enamorus
|-damage|p2a: Enamorus|0 fnt
|faint|p2a: Enamorus
|
|-damage|p1a: King Von|40/100 tox|[from] psn
|-fieldend|move: Trick Room
|upkeep
|
|t:|1778513586
|switch|p2a: Iron Boulder|Iron Boulder|100/100
|-enditem|p2a: Iron Boulder|Booster Energy
|-activate|p2a: Iron Boulder|ability: Quark Drive|[fromitem]
|-start|p2a: Iron Boulder|quarkdrivespe
|turn|13
|
|t:|1778513594
|move|p2a: Iron Boulder|Mighty Cleave|p1a: King Von
|-damage|p1a: King Von|0 fnt
|-damage|p2a: Iron Boulder|84/100|[from] item: Rocky Helmet|[of] p1a: King Von
|faint|p1a: King Von
|
|upkeep
|
|t:|1778513599
|switch|p1a: Mimi|Mimikyu, M|100/100
|-status|p1a: Mimi|tox
|turn|14
|
|t:|1778513613
|move|p2a: Iron Boulder|Swords Dance|p2a: Iron Boulder
|-boost|p2a: Iron Boulder|atk|2
|move|p1a: Mimi|Trick Room|p1a: Mimi
|-fieldstart|move: Trick Room|[of] p1a: Mimi
|
|-damage|p1a: Mimi|94/100 tox|[from] psn
|-fieldend|move: Psychic Terrain
|upkeep
|turn|15
|
|t:|1778513619
|move|p1a: Mimi|Curse|p2a: Iron Boulder
|-start|p2a: Iron Boulder|Curse|[of] p1a: Mimi
|-damage|p1a: Mimi|44/100 tox
|move|p2a: Iron Boulder|Mighty Cleave|p1a: Mimi
|-activate|p1a: Mimi|ability: Disguise
|-damage|p1a: Mimi|44/100 tox
|detailschange|p1a: Mimi|Mimikyu-Busted, M
|-damage|p1a: Mimi|32/100 tox|[from] pokemon: Mimikyu-Busted
|-enditem|p1a: Mimi|Red Card|[of] p2a: Iron Boulder
|-end|p2a: Iron Boulder|Quark Drive|[silent]
|drag|p2a: Lokix|Lokix, F|100/100
|
|-damage|p1a: Mimi|20/100 tox|[from] psn
|upkeep
|turn|16
|
|t:|1778513633
|move|p2a: Lokix|First Impression|p1a: Mimi
|-resisted|p1a: Mimi
|-damage|p1a: Mimi|0 fnt
|faint|p1a: Mimi
|
|upkeep
|
|t:|1778513635
|switch|p1a: Crashout YN|Ursaluna, M|100/100
|-status|p1a: Crashout YN|tox
|turn|17
|
|t:|1778513640
|move|p2a: Lokix|First Impression||[still]
|-hint|First Impression only works on your first turn out.
|-fail|p2a: Lokix
|move|p1a: Crashout YN|Facade|p2a: Lokix
|-damage|p2a: Lokix|0 fnt
|faint|p2a: Lokix
|
|-damage|p1a: Crashout YN|94/100 tox|[from] psn
|upkeep
|
|t:|1778513645
|switch|p2a: Iron Boulder|Iron Boulder|84/100
|turn|18
|
|t:|1778513653
|-terastallize|p2a: Iron Boulder|Fighting
|move|p1a: Crashout YN|Headlong Rush|p2a: Iron Boulder
|-damage|p2a: Iron Boulder|0 fnt
|-unboost|p1a: Crashout YN|def|1
|-unboost|p1a: Crashout YN|spd|1
|faint|p2a: Iron Boulder
|-end|p2a: Iron Boulder|Quark Drive|[silent]
|
|win|suminkwak249
|raw|suminkwak249's rating: 1460 &rarr; <strong>1482</strong><br />(+22 for winning)
|raw|hard metagross's rating: 1501 &rarr; <strong>1479</strong><br />(-22 for losing)
|l|☆suminkwak249
|player|p1|
|l|☆hard metagross
|player|p2|
