|html|<div class="broadcast-blue"><strong>[Gen 9] OU is currently suspecting Tera Blast! For information on how to participate check out the <a href="https://www.smogon.com/tools/suspects/view/200">suspect thread</a>.</strong></div>
|j|☆magistermilitum420
|j|☆Allsopp
|t:|1776102219
|gametype|singles
|player|p1|magistermilitum420|blue|1121
|player|p2|Allsopp|dawn|1152
|gen|9
|tier|[Gen 9] OU
|rated|
|rule|HP Percentage Mod: HP is shown in percentages
|rule|Endless Battle Clause: Forcing endless battles is banned
|rule|Species Clause: Limit one of each Pokémon
|rule|OHKO Clause: OHKO moves are banned
|rule|Evasion Items Clause: Evasion items are banned
|rule|Evasion Moves Clause: Evasion moves are banned
|rule|Evasion Abilities Clause: Evasion abilities are banned
|rule|Sleep Moves Clause: Sleep-inducing moves are banned
|clearpoke
|poke|p1|Meowscarada, M|
|poke|p1|Great Tusk|
|poke|p1|Alomomola, F|
|poke|p1|Slowking-Galar, F|
|poke|p1|Dragonite, F|
|poke|p1|Heatran, F|
|poke|p2|Gholdengo|
|poke|p2|Torterra, F|
|poke|p2|Alomomola, M|
|poke|p2|Arcanine-Hisui, M|
|poke|p2|Dragonite, F|
|poke|p2|Weezing-Galar, F|
|teampreview
|inactive|Battle timer is ON: inactive players will automatically lose when time's up. (requested by Allsopp)
|
|t:|1776102244
|teamsize|p1|6
|teamsize|p2|6
|start
|switch|p1a: Mahad|Meowscarada, M, shiny|100/100
|switch|p2a: Torterra|Torterra, F|100/100
|turn|1
|
|t:|1776102250
|move|p1a: Mahad|U-turn|p2a: Torterra
|-start|p1a: Mahad|typechange|Bug|[from] ability: Protean
|-supereffective|p2a: Torterra
|-damage|p2a: Torterra|39/100
|
|t:|1776102258
|switch|p1a: Barca|Great Tusk|100/100|[from] U-turn
|move|p2a: Torterra|Shell Smash|p2a: Torterra
|-unboost|p2a: Torterra|def|1
|-unboost|p2a: Torterra|spd|1
|-boost|p2a: Torterra|atk|2
|-boost|p2a: Torterra|spa|2
|-boost|p2a: Torterra|spe|2
|-enditem|p2a: Torterra|White Herb
|-clearnegativeboost|p2a: Torterra|[silent]
|
|upkeep
|turn|2
|inactive|magistermilitum420 has 120 seconds left.
|
|t:|1776102299
|-end|p1a: Barca|Protosynthesis|[silent]
|switch|p1a: Ladon|Dragonite, F, shiny|100/100
|move|p2a: Torterra|Wood Hammer|p1a: Ladon
|-resisted|p1a: Ladon
|-damage|p1a: Ladon|84/100
|-damage|p2a: Torterra|34/100|[from] Recoil
|
|upkeep
|turn|3
|
|t:|1776102312
|move|p2a: Torterra|Rock Slide|p1a: Ladon
|-supereffective|p1a: Ladon
|-damage|p1a: Ladon|0 fnt
|faint|p1a: Ladon
|
|upkeep
|
|t:|1776102318
|switch|p1a: Mahad|Meowscarada, M, shiny|100/100
|turn|4
|
|t:|1776102324
|move|p1a: Mahad|U-turn|p2a: Torterra
|-start|p1a: Mahad|typechange|Bug|[from] ability: Protean
|-supereffective|p2a: Torterra
|-damage|p2a: Torterra|0 fnt
|faint|p2a: Torterra
|inactive|magistermilitum420 has 120 seconds left.
|
|t:|1776102332
|switch|p1a: Barca|Great Tusk|100/100|[from] U-turn
|
|upkeep
|
|t:|1776102337
|switch|p2a: Weezing|Weezing-Galar, F|100/100
|turn|5
|
|t:|1776102346
|-end|p1a: Barca|Protosynthesis|[silent]
|switch|p1a: Mithridates|Slowking-Galar, F|100/100
|move|p2a: Weezing|Dazzling Gleam|p1a: Mithridates
|-resisted|p1a: Mithridates
|-damage|p1a: Mithridates|92/100
|
|upkeep
|turn|6
|
|t:|1776102358
|switch|p2a: Arcanine|Arcanine-Hisui, M|100/100
|move|p1a: Mithridates|Future Sight|p2a: Arcanine
|-start|p1a: Mithridates|move: Future Sight
|
|upkeep
|turn|7
|
|t:|1776102365
|switch|p1a: Charybdis|Alomomola, F, shiny|100/100
|move|p2a: Arcanine|Head Smash|p1a: Charybdis
|-damage|p1a: Charybdis|61/100
|
|upkeep
|turn|8
|
|t:|1776102376
|switch|p2a: Dragonite|Dragonite, F|100/100
|move|p1a: Charybdis|Wish|p1a: Charybdis
|
|-end|p2a: Dragonite|move: Future Sight
|-damage|p2a: Dragonite|75/100
|-heal|p2a: Dragonite|81/100|[from] item: Leftovers
|upkeep
|turn|9
|
|t:|1776102384
|move|p2a: Dragonite|Thunder Wave|p1a: Charybdis
|-status|p1a: Charybdis|par
|cant|p1a: Charybdis|par
|
|-heal|p1a: Charybdis|100/100 par|[from] move: Wish|[wisher] Charybdis
|-heal|p2a: Dragonite|87/100|[from] item: Leftovers
|upkeep
|turn|10
|
|t:|1776102394
|cant|p1a: Charybdis|par
|move|p2a: Dragonite|Dragon Tail|p1a: Charybdis
|-damage|p1a: Charybdis|82/100 par
|drag|p1a: Mithridates|Slowking-Galar, F|100/100
|
|-heal|p2a: Dragonite|94/100|[from] item: Leftovers
|upkeep
|turn|11
|
|t:|1776102402
|move|p2a: Dragonite|Thunder Wave|p1a: Mithridates
|-status|p1a: Mithridates|par
|cant|p1a: Mithridates|par
|
|-heal|p2a: Dragonite|99/100|[from] item: Leftovers
|upkeep
|turn|12
|
|t:|1776102409
|cant|p1a: Mithridates|par
|move|p2a: Dragonite|Dragon Tail|p1a: Mithridates
|-damage|p1a: Mithridates|64/100 par
|drag|p1a: Mahad|Meowscarada, M, shiny|100/100
|
|-heal|p2a: Dragonite|100/100|[from] item: Leftovers
|upkeep
|turn|13
|
|t:|1776102418
|move|p1a: Mahad|Triple Axel|p2a: Dragonite
|-start|p1a: Mahad|typechange|Ice|[from] ability: Protean
|-supereffective|p2a: Dragonite
|-damage|p2a: Dragonite|83/100
|-supereffective|p2a: Dragonite
|-damage|p2a: Dragonite|12/100
|-hitcount|p2a: Dragonite|2
|move|p2a: Dragonite|Thunder Wave|p1a: Mahad
|-status|p1a: Mahad|par
|
|-heal|p2a: Dragonite|18/100|[from] item: Leftovers
|upkeep
|turn|14
|
|t:|1776102441
|switch|p2a: Alomomola|Alomomola, M|100/100
|cant|p1a: Mahad|par
|
|upkeep
|turn|15
|
|t:|1776102449
|switch|p1a: Charybdis|Alomomola, F, shiny|100/100 par
|move|p2a: Alomomola|Flip Turn|p1a: Charybdis
|-resisted|p1a: Charybdis
|-damage|p1a: Charybdis|96/100 par
|
|t:|1776102455
|switch|p2a: Dragonite|Dragonite, F|18/100|[from] Flip Turn
|
|-heal|p2a: Dragonite|24/100|[from] item: Leftovers
|upkeep
|turn|16
|
|t:|1776102465
|move|p2a: Dragonite|Roost|p2a: Dragonite
|-heal|p2a: Dragonite|74/100
|-singleturn|p2a: Dragonite|move: Roost
|cant|p1a: Charybdis|par
|
|-heal|p2a: Dragonite|81/100|[from] item: Leftovers
|upkeep
|turn|17
|
|t:|1776102473
|move|p2a: Dragonite|Extreme Speed|p1a: Charybdis
|-damage|p1a: Charybdis|81/100 par
|move|p1a: Charybdis|Flip Turn|p2a: Dragonite
|-resisted|p2a: Dragonite
|-damage|p2a: Dragonite|73/100
|
|t:|1776102479
|switch|p1a: Barca|Great Tusk|100/100|[from] Flip Turn
|
|-heal|p2a: Dragonite|79/100|[from] item: Leftovers
|upkeep
|turn|18
|
|t:|1776102485
|move|p2a: Dragonite|Extreme Speed|p1a: Barca
|-damage|p1a: Barca|79/100
|move|p1a: Barca|Knock Off|p2a: Dragonite
|-damage|p2a: Dragonite|49/100
|-enditem|p2a: Dragonite|Leftovers|[from] move: Knock Off|[of] p1a: Barca
|
|upkeep
|turn|19
|
|t:|1776102492
|move|p1a: Barca|Stealth Rock|p2a: Dragonite
|-sidestart|p2: Allsopp|move: Stealth Rock
|move|p2a: Dragonite|Roost|p2a: Dragonite
|-heal|p2a: Dragonite|99/100
|-singleturn|p2a: Dragonite|move: Roost
|
|upkeep
|turn|20
|
|t:|1776102507
|-end|p1a: Barca|Protosynthesis|[silent]
|switch|p1a: Charybdis|Alomomola, F, shiny|100/100 par
|move|p2a: Dragonite|Extreme Speed|p1a: Charybdis
|-damage|p1a: Charybdis|83/100 par
|
|upkeep
|turn|21
|
|t:|1776102515
|-terastallize|p1a: Charybdis|Ghost
|move|p1a: Charybdis|Scald|p2a: Dragonite
|-resisted|p2a: Dragonite
|-damage|p2a: Dragonite|94/100
|move|p2a: Dragonite|Dragon Tail|p1a: Charybdis
|-damage|p1a: Charybdis|64/100 par
|drag|p1a: Barca|Great Tusk|79/100
|
|upkeep
|turn|22
|
|t:|1776102527
|-end|p1a: Barca|Protosynthesis|[silent]
|switch|p1a: Mahad|Meowscarada, M, shiny|100/100 par
|move|p2a: Dragonite|Dragon Tail|p1a: Mahad
|-damage|p1a: Mahad|44/100 par
|drag|p1a: Vulcanus|Heatran, F, shiny|100/100
|
|upkeep
|turn|23
|
|t:|1776102535
|move|p1a: Vulcanus|Flash Cannon|p2a: Dragonite
|-damage|p2a: Dragonite|39/100
|move|p2a: Dragonite|Thunder Wave|p1a: Vulcanus|[miss]
|-miss|p2a: Dragonite|p1a: Vulcanus
|
|upkeep
|turn|24
|
|t:|1776102540
|move|p1a: Vulcanus|Flash Cannon|p2a: Dragonite
|-damage|p2a: Dragonite|0 fnt
|faint|p2a: Dragonite
|
|upkeep
|
|t:|1776102551
|switch|p2a: Alomomola|Alomomola, M|100/100
|-damage|p2a: Alomomola|88/100|[from] Stealth Rock
|turn|25
|
|t:|1776102557
|switch|p1a: Charybdis|Alomomola, F, shiny, tera:Ghost|97/100 par
|move|p2a: Alomomola|Flip Turn|p1a: Charybdis
|-damage|p1a: Charybdis|89/100 par
|
|t:|1776102566
|switch|p2a: Gholdengo|Gholdengo|100/100|[from] Flip Turn
|-damage|p2a: Gholdengo|94/100|[from] Stealth Rock
|-item|p2a: Gholdengo|Air Balloon
|
|upkeep
|turn|26
|
|t:|1776102578
|move|p2a: Gholdengo|Focus Blast|p1a: Charybdis
|-immune|p1a: Charybdis
|move|p1a: Charybdis|Wish|p1a: Charybdis
|
|upkeep
|turn|27
|
|t:|1776102583
|move|p2a: Gholdengo|Nasty Plot|p2a: Gholdengo
|-boost|p2a: Gholdengo|spa|2
|move|p1a: Charybdis|Flip Turn|p2a: Gholdengo
|-damage|p2a: Gholdengo|77/100
|-enditem|p2a: Gholdengo|Air Balloon
|
|t:|1776102608
|switch|p1a: Mithridates|Slowking-Galar, F|97/100 par|[from] Flip Turn
|
|-heal|p1a: Mithridates|100/100 par|[from] move: Wish|[wisher] Charybdis
|upkeep
|turn|28
|
|t:|1776102617
|move|p2a: Gholdengo|Shadow Ball|p1a: Mithridates
|-supereffective|p1a: Mithridates
|-damage|p1a: Mithridates|15/100 par
|move|p1a: Mithridates|Future Sight|p2a: Gholdengo
|-start|p1a: Mithridates|move: Future Sight
|
|upkeep
|turn|29
|
|t:|1776102632
|switch|p1a: Vulcanus|Heatran, F, shiny|100/100
|move|p2a: Gholdengo|Shadow Ball|p1a: Vulcanus
|-damage|p1a: Vulcanus|11/100
|
|upkeep
|turn|30
|inactive|magistermilitum420 has 120 seconds left.
|
|t:|1776102658
|-terastallize|p2a: Gholdengo|Fairy
|move|p2a: Gholdengo|Shadow Ball|p1a: Vulcanus
|-damage|p1a: Vulcanus|0 fnt
|faint|p1a: Vulcanus
|
|-end|p2a: Gholdengo|move: Future Sight
|-damage|p2a: Gholdengo|14/100
|upkeep
|inactive|magistermilitum420 has 120 seconds left.
|
|t:|1776102666
|switch|p1a: Barca|Great Tusk|79/100
|turn|31
|
|t:|1776102671
|move|p1a: Barca|Rapid Spin|p2a: Gholdengo
|-damage|p2a: Gholdengo|0 fnt
|-boost|p1a: Barca|spe|1
|faint|p2a: Gholdengo
|
|upkeep
|
|t:|1776102677
|switch|p2a: Weezing|Weezing-Galar, F|100/100
|-damage|p2a: Weezing|88/100|[from] Stealth Rock
|turn|32
|
|t:|1776102691
|-end|p1a: Barca|Protosynthesis|[silent]
|switch|p1a: Mithridates|Slowking-Galar, F|48/100 par
|move|p2a: Weezing|Dazzling Gleam|p1a: Mithridates
|-resisted|p1a: Mithridates
|-damage|p1a: Mithridates|39/100 par
|
|upkeep
|turn|33
|
|t:|1776102702
|switch|p2a: Arcanine|Arcanine-Hisui, M|100/100
|-damage|p2a: Arcanine|76/100|[from] Stealth Rock
|move|p1a: Mithridates|Surf|p2a: Arcanine
|-supereffective|p2a: Arcanine
|-damage|p2a: Arcanine|0 fnt
|faint|p2a: Arcanine
|
|upkeep
|-message|Allsopp forfeited.
|
|win|magistermilitum420
|raw|magistermilitum420's rating: 1121 &rarr; <strong>1148</strong><br />(+27 for winning)
|raw|Allsopp's rating: 1152 &rarr; <strong>1125</strong><br />(-27 for losing)
|l|☆Allsopp
|player|p2|
