|html|<div class="broadcast-blue"><strong>[Gen 9] OU is currently suspecting Tera Blast! For information on how to participate check out the <a href="https://www.smogon.com/tools/suspects/view/200">suspect thread</a>.</strong></div>
|j|☆InkyDarkPenguin
|j|☆youngkawhi
|t:|1776221122
|gametype|singles
|player|p1|InkyDarkPenguin|allister-masters|1387
|player|p2|youngkawhi|170|1470
|gen|9
|tier|[Gen 9] OU
|rated|
|rule|HP Percentage Mod: HP is shown in percentages
|rule|Endless Battle Clause: Forcing endless battles is banned
|rule|Species Clause: Limit one of each Pokémon
|rule|OHKO Clause: OHKO moves are banned
|rule|Evasion Items Clause: Evasion items are banned
|rule|Evasion Moves Clause: Evasion moves are banned
|rule|Evasion Abilities Clause: Evasion abilities are banned
|rule|Sleep Moves Clause: Sleep-inducing moves are banned
|clearpoke
|poke|p1|Corviknight, F|
|poke|p1|Pecharunt|
|poke|p1|Ogerpon-Wellspring, F|
|poke|p1|Iron Valiant|
|poke|p1|Ting-Lu|
|poke|p1|Dragapult, M|
|poke|p2|Empoleon, M|
|poke|p2|Ogerpon-Wellspring, F|
|poke|p2|Landorus-Therian, M|
|poke|p2|Corviknight, F|
|poke|p2|Slowking-Galar, M|
|poke|p2|Iron Valiant|
|teampreview
|inactive|Battle timer is ON: inactive players will automatically lose when time's up. (requested by youngkawhi)
|inactive|InkyDarkPenguin also wants the timer to be on.
|
|t:|1776221132
|teamsize|p1|6
|teamsize|p2|6
|start
|switch|p1a: Dragapult|Dragapult, M|100/100
|switch|p2a: Ogerpon|Ogerpon-Wellspring, F|100/100
|turn|1
|
|t:|1776221137
|switch|p2a: Corviknight|Corviknight, F|100/100
|-ability|p2a: Corviknight|Pressure
|move|p1a: Dragapult|Will-O-Wisp|p2a: Corviknight|[miss]
|-miss|p1a: Dragapult|p2a: Corviknight
|
|upkeep
|turn|2
|
|t:|1776221140
|move|p1a: Dragapult|Will-O-Wisp|p2a: Corviknight
|-status|p2a: Corviknight|brn
|move|p2a: Corviknight|U-turn|p1a: Dragapult
|-resisted|p1a: Dragapult
|-damage|p1a: Dragapult|95/100
|
|t:|1776221147
|switch|p2a: Empoleon|Empoleon, M|100/100|[from] U-turn
|
|upkeep
|turn|3
|
|t:|1776221149
|move|p1a: Dragapult|U-turn|p2a: Empoleon
|-resisted|p2a: Empoleon
|-damage|p2a: Empoleon|92/100
|
|t:|1776221152
|switch|p1a: Ogerpon|Ogerpon-Wellspring, F|100/100|[from] U-turn
|move|p2a: Empoleon|Knock Off|p1a: Ogerpon
|-damage|p1a: Ogerpon|86/100
|
|-heal|p2a: Empoleon|98/100|[from] item: Leftovers
|upkeep
|turn|4
|
|t:|1776221164
|switch|p2a: Corviknight|Corviknight, F|100/100 brn
|-ability|p2a: Corviknight|Pressure
|move|p1a: Ogerpon|Horn Leech|p2a: Corviknight
|-resisted|p2a: Corviknight
|-damage|p2a: Corviknight|94/100 brn
|-heal|p1a: Ogerpon|90/100|[from] drain|[of] p2a: Corviknight
|-damage|p1a: Ogerpon|73/100|[from] item: Rocky Helmet|[of] p2a: Corviknight
|
|-damage|p2a: Corviknight|88/100 brn|[from] brn
|upkeep
|turn|5
|
|t:|1776221171
|switch|p1a: Corviknight|Corviknight, F, shiny|100/100
|-ability|p1a: Corviknight|Pressure
|move|p2a: Corviknight|Brave Bird|p1a: Corviknight
|-resisted|p1a: Corviknight
|-damage|p1a: Corviknight|94/100
|-damage|p2a: Corviknight|86/100 brn|[from] Recoil
|
|-damage|p2a: Corviknight|80/100 brn|[from] brn
|upkeep
|turn|6
|
|t:|1776221181
|move|p2a: Corviknight|U-turn|p1a: Corviknight
|-resisted|p1a: Corviknight
|-damage|p1a: Corviknight|93/100
|
|t:|1776221182
|switch|p2a: Empoleon|Empoleon, M|98/100|[from] U-turn
|move|p1a: Corviknight|U-turn|p2a: Empoleon
|-resisted|p2a: Empoleon
|-damage|p2a: Empoleon|90/100
|
|t:|1776221192
|switch|p1a: Iron Valiant|Iron Valiant|100/100|[from] U-turn
|
|-heal|p2a: Empoleon|96/100|[from] item: Leftovers
|upkeep
|turn|7
|
|t:|1776221201
|switch|p2a: Landorus|Landorus-Therian, M|100/100
|-ability|p2a: Landorus|Intimidate|boost
|-unboost|p1a: Iron Valiant|atk|1
|move|p1a: Iron Valiant|Trick|p2a: Landorus
|-activate|p1a: Iron Valiant|move: Trick|[of] p2a: Landorus
|-item|p2a: Landorus|Choice Specs|[from] move: Trick
|-item|p1a: Iron Valiant|Choice Scarf|[from] move: Trick
|
|upkeep
|turn|8
|
|t:|1776221216
|-end|p1a: Iron Valiant|Quark Drive|[silent]
|switch|p1a: Corviknight|Corviknight, F, shiny|93/100
|-ability|p1a: Corviknight|Pressure
|move|p2a: Landorus|U-turn|p1a: Corviknight
|-resisted|p1a: Corviknight
|-damage|p1a: Corviknight|89/100
|
|t:|1776221218
|switch|p2a: Empoleon|Empoleon, M|96/100|[from] U-turn
|
|-heal|p2a: Empoleon|100/100|[from] item: Leftovers
|upkeep
|turn|9
|
|t:|1776221223
|move|p2a: Empoleon|Stealth Rock|p1a: Corviknight
|-sidestart|p1: InkyDarkPenguin|move: Stealth Rock
|move|p1a: Corviknight|U-turn|p2a: Empoleon
|-resisted|p2a: Empoleon
|-damage|p2a: Empoleon|94/100
|
|t:|1776221226
|switch|p1a: Dragapult|Dragapult, M|95/100|[from] U-turn
|
|-heal|p2a: Empoleon|99/100|[from] item: Leftovers
|upkeep
|turn|10
|
|t:|1776221233
|move|p1a: Dragapult|Will-O-Wisp|p2a: Empoleon
|-status|p2a: Empoleon|brn
|move|p2a: Empoleon|Knock Off|p1a: Dragapult
|-supereffective|p1a: Dragapult
|-damage|p1a: Dragapult|71/100
|-enditem|p1a: Dragapult|Heavy-Duty Boots|[from] move: Knock Off|[of] p2a: Empoleon
|
|-heal|p2a: Empoleon|100/100 brn|[from] item: Leftovers
|-damage|p2a: Empoleon|94/100 brn|[from] brn
|upkeep
|turn|11
|
|t:|1776221239
|switch|p2a: Slowking|Slowking-Galar, M|100/100
|move|p1a: Dragapult|Hex|p2a: Slowking
|-supereffective|p2a: Slowking
|-damage|p2a: Slowking|67/100
|
|upkeep
|turn|12
|
|t:|1776221245
|move|p1a: Dragapult|Will-O-Wisp|p2a: Slowking
|-status|p2a: Slowking|brn
|move|p2a: Slowking|Future Sight|p1a: Dragapult
|-start|p2a: Slowking|move: Future Sight
|
|-damage|p2a: Slowking|61/100 brn|[from] brn
|upkeep
|turn|13
|
|t:|1776221260
|switch|p2a: Corviknight|Corviknight, F|80/100 brn
|-ability|p2a: Corviknight|Pressure
|move|p1a: Dragapult|U-turn|p2a: Corviknight
|-resisted|p2a: Corviknight
|-damage|p2a: Corviknight|77/100 brn
|-damage|p1a: Dragapult|55/100|[from] item: Rocky Helmet|[of] p2a: Corviknight
|
|t:|1776221262
|switch|p1a: Ting-Lu|Ting-Lu|100/100|[from] U-turn
|-damage|p1a: Ting-Lu|94/100|[from] Stealth Rock
|-ability|p1a: Ting-Lu|Vessel of Ruin
|
|-heal|p1a: Ting-Lu|100/100|[from] item: Leftovers
|-damage|p2a: Corviknight|71/100 brn|[from] brn
|upkeep
|turn|14
|
|t:|1776221265
|move|p2a: Corviknight|U-turn|p1a: Ting-Lu
|-supereffective|p1a: Ting-Lu
|-damage|p1a: Ting-Lu|93/100
|
|t:|1776221267
|switch|p2a: Ogerpon|Ogerpon-Wellspring, F|100/100|[from] U-turn
|move|p1a: Ting-Lu|Stealth Rock|p2a: Ogerpon
|-sidestart|p2: youngkawhi|move: Stealth Rock
|
|-end|p1a: Ting-Lu|move: Future Sight
|-immune|p1a: Ting-Lu
|-heal|p1a: Ting-Lu|99/100|[from] item: Leftovers
|upkeep
|turn|15
|
|t:|1776221272
|switch|p1a: Pecharunt|Pecharunt|100/100
|move|p2a: Ogerpon|Power Whip|p1a: Pecharunt
|-resisted|p1a: Pecharunt
|-damage|p1a: Pecharunt|85/100
|
|upkeep
|turn|16
|
|t:|1776221279
|switch|p2a: Empoleon|Empoleon, M|94/100 brn
|-damage|p2a: Empoleon|88/100 brn|[from] Stealth Rock
|move|p1a: Pecharunt|Malignant Chain|p2a: Empoleon
|-immune|p2a: Empoleon
|
|-heal|p2a: Empoleon|94/100 brn|[from] item: Leftovers
|-damage|p2a: Empoleon|88/100 brn|[from] brn
|upkeep
|turn|17
|
|t:|1776221281
|move|p1a: Pecharunt|Parting Shot|p2a: Empoleon
|-unboost|p2a: Empoleon|atk|1
|-ability|p2a: Empoleon|Competitive|boost
|-boost|p2a: Empoleon|spa|2
|-unboost|p2a: Empoleon|spa|1
|-ability|p2a: Empoleon|Competitive|boost
|-boost|p2a: Empoleon|spa|2
|
|t:|1776221284
|switch|p1a: Ogerpon|Ogerpon-Wellspring, F|73/100|[from] Parting Shot
|-damage|p1a: Ogerpon|61/100|[from] Stealth Rock
|move|p2a: Empoleon|Knock Off|p1a: Ogerpon
|-damage|p1a: Ogerpon|56/100
|
|-heal|p2a: Empoleon|94/100 brn|[from] item: Leftovers
|-damage|p2a: Empoleon|88/100 brn|[from] brn
|upkeep
|turn|18
|
|t:|1776221295
|switch|p2a: Corviknight|Corviknight, F|71/100 brn
|-damage|p2a: Corviknight|59/100 brn|[from] Stealth Rock
|-ability|p2a: Corviknight|Pressure
|move|p1a: Ogerpon|Encore||[still]
|-fail|p1a: Ogerpon
|
|-damage|p2a: Corviknight|53/100 brn|[from] brn
|upkeep
|turn|19
|
|t:|1776221298
|move|p1a: Ogerpon|Ivy Cudgel|p2a: Corviknight|[anim] Ivy Cudgel Water
|-damage|p2a: Corviknight|16/100 brn
|move|p2a: Corviknight|Roost|p2a: Corviknight
|-heal|p2a: Corviknight|66/100 brn
|-singleturn|p2a: Corviknight|move: Roost
|
|-damage|p2a: Corviknight|60/100 brn|[from] brn
|upkeep
|turn|20
|
|t:|1776221307
|move|p1a: Ogerpon|Swords Dance|p1a: Ogerpon
|-boost|p1a: Ogerpon|atk|2
|move|p2a: Corviknight|Roost|p2a: Corviknight
|-heal|p2a: Corviknight|100/100 brn
|-singleturn|p2a: Corviknight|move: Roost
|
|-damage|p2a: Corviknight|94/100 brn|[from] brn
|upkeep
|turn|21
|
|t:|1776221311
|switch|p2a: Iron Valiant|Iron Valiant|100/100
|-damage|p2a: Iron Valiant|94/100|[from] Stealth Rock
|-enditem|p2a: Iron Valiant|Booster Energy
|-activate|p2a: Iron Valiant|ability: Quark Drive|[fromitem]
|-start|p2a: Iron Valiant|quarkdrivespe
|move|p1a: Ogerpon|Encore||[still]
|-fail|p1a: Ogerpon
|
|upkeep
|turn|22
|
|t:|1776221322
|switch|p1a: Corviknight|Corviknight, F, shiny|89/100
|-ability|p1a: Corviknight|Pressure
|move|p2a: Iron Valiant|Close Combat|p1a: Corviknight
|-damage|p1a: Corviknight|57/100
|-unboost|p2a: Iron Valiant|def|1
|-unboost|p2a: Iron Valiant|spd|1
|
|upkeep
|turn|23
|
|t:|1776221325
|-end|p2a: Iron Valiant|Quark Drive|[silent]
|switch|p2a: Corviknight|Corviknight, F|94/100 brn
|-damage|p2a: Corviknight|82/100 brn|[from] Stealth Rock
|-ability|p2a: Corviknight|Pressure
|move|p1a: Corviknight|Roost|p1a: Corviknight
|-heal|p1a: Corviknight|100/100
|-singleturn|p1a: Corviknight|move: Roost
|
|-damage|p2a: Corviknight|76/100 brn|[from] brn
|upkeep
|turn|24
|
|t:|1776221329
|move|p2a: Corviknight|U-turn|p1a: Corviknight
|-resisted|p1a: Corviknight
|-damage|p1a: Corviknight|99/100
|
|t:|1776221331
|switch|p2a: Landorus|Landorus-Therian, M|100/100|[from] U-turn
|-damage|p2a: Landorus|88/100|[from] Stealth Rock
|-ability|p2a: Landorus|Intimidate|boost
|-unboost|p1a: Corviknight|atk|1
|move|p1a: Corviknight|U-turn|p2a: Landorus
|-resisted|p2a: Landorus
|-damage|p2a: Landorus|82/100
|
|t:|1776221345
|switch|p1a: Ting-Lu|Ting-Lu|99/100|[from] U-turn
|-damage|p1a: Ting-Lu|93/100|[from] Stealth Rock
|-ability|p1a: Ting-Lu|Vessel of Ruin
|
|-heal|p1a: Ting-Lu|99/100|[from] item: Leftovers
|upkeep
|turn|25
|
|t:|1776221349
|move|p2a: Landorus|U-turn|p1a: Ting-Lu
|-supereffective|p1a: Ting-Lu
|-damage|p1a: Ting-Lu|72/100
|
|t:|1776221352
|switch|p2a: Corviknight|Corviknight, F|76/100 brn|[from] U-turn
|-damage|p2a: Corviknight|64/100 brn|[from] Stealth Rock
|-ability|p2a: Corviknight|Pressure
|move|p1a: Ting-Lu|Ruination|p2a: Corviknight
|-damage|p2a: Corviknight|32/100 brn
|
|-heal|p1a: Ting-Lu|79/100|[from] item: Leftovers
|-damage|p2a: Corviknight|26/100 brn|[from] brn
|upkeep
|turn|26
|
|t:|1776221358
|move|p2a: Corviknight|Roost|p2a: Corviknight
|-heal|p2a: Corviknight|76/100 brn
|-singleturn|p2a: Corviknight|move: Roost
|move|p1a: Ting-Lu|Earthquake|p2a: Corviknight
|-supereffective|p2a: Corviknight
|-damage|p2a: Corviknight|29/100 brn
|
|-heal|p1a: Ting-Lu|85/100|[from] item: Leftovers
|-damage|p2a: Corviknight|23/100 brn|[from] brn
|upkeep
|turn|27
|
|t:|1776221365
|move|p2a: Corviknight|Roost|p2a: Corviknight
|-heal|p2a: Corviknight|73/100 brn
|-singleturn|p2a: Corviknight|move: Roost
|move|p1a: Ting-Lu|Earthquake|p2a: Corviknight
|-supereffective|p2a: Corviknight
|-damage|p2a: Corviknight|30/100 brn
|
|-heal|p1a: Ting-Lu|91/100|[from] item: Leftovers
|-damage|p2a: Corviknight|24/100 brn|[from] brn
|upkeep
|turn|28
|
|t:|1776221370
|move|p2a: Corviknight|Roost|p2a: Corviknight
|-heal|p2a: Corviknight|74/100 brn
|-singleturn|p2a: Corviknight|move: Roost
|move|p1a: Ting-Lu|Earthquake|p2a: Corviknight
|-supereffective|p2a: Corviknight
|-damage|p2a: Corviknight|31/100 brn
|
|-heal|p1a: Ting-Lu|97/100|[from] item: Leftovers
|-damage|p2a: Corviknight|25/100 brn|[from] brn
|upkeep
|turn|29
|
|t:|1776221375
|move|p2a: Corviknight|Roost|p2a: Corviknight
|-heal|p2a: Corviknight|75/100 brn
|-singleturn|p2a: Corviknight|move: Roost
|move|p1a: Ting-Lu|Earthquake|p2a: Corviknight
|-supereffective|p2a: Corviknight
|-damage|p2a: Corviknight|28/100 brn
|
|-heal|p1a: Ting-Lu|100/100|[from] item: Leftovers
|-damage|p2a: Corviknight|22/100 brn|[from] brn
|upkeep
|turn|30
|
|t:|1776221391
|move|p2a: Corviknight|Defog|p1a: Ting-Lu
|-unboost|p1a: Ting-Lu|evasion|1
|-sideend|p1: InkyDarkPenguin|Stealth Rock|[from] move: Defog|[of] p2a: Corviknight
|-sideend|p2: youngkawhi|Stealth Rock|[from] move: Defog|[of] p2a: Corviknight
|move|p1a: Ting-Lu|Earthquake|p2a: Corviknight
|-immune|p2a: Corviknight
|
|-damage|p2a: Corviknight|16/100 brn|[from] brn
|upkeep
|turn|31
|
|t:|1776221394
|move|p2a: Corviknight|U-turn|p1a: Ting-Lu
|-supereffective|p1a: Ting-Lu
|-damage|p1a: Ting-Lu|92/100
|
|t:|1776221398
|switch|p2a: Ogerpon|Ogerpon-Wellspring, F|100/100|[from] U-turn
|move|p1a: Ting-Lu|Stealth Rock|p2a: Ogerpon
|-sidestart|p2: youngkawhi|move: Stealth Rock
|
|-heal|p1a: Ting-Lu|99/100|[from] item: Leftovers
|upkeep
|turn|32
|
|t:|1776221403
|switch|p1a: Pecharunt|Pecharunt|85/100
|move|p2a: Ogerpon|Ivy Cudgel|p1a: Pecharunt|[anim] Ivy Cudgel Water
|-damage|p1a: Pecharunt|56/100
|
|upkeep
|turn|33
|
|t:|1776221406
|move|p2a: Ogerpon|Swords Dance|p2a: Ogerpon
|-boost|p2a: Ogerpon|atk|2
|move|p1a: Pecharunt|Recover|p1a: Pecharunt
|-heal|p1a: Pecharunt|100/100
|
|upkeep
|turn|34
|
|t:|1776221408
|move|p2a: Ogerpon|Ivy Cudgel|p1a: Pecharunt|[anim] Ivy Cudgel Water
|-damage|p1a: Pecharunt|46/100
|move|p1a: Pecharunt|Foul Play|p2a: Ogerpon
|-damage|p2a: Ogerpon|24/100
|
|upkeep
|turn|35
|
|t:|1776221411
|move|p2a: Ogerpon|Ivy Cudgel|p1a: Pecharunt|[anim] Ivy Cudgel Water
|-damage|p1a: Pecharunt|0 fnt
|faint|p1a: Pecharunt
|
|upkeep
|
|t:|1776221415
|switch|p1a: Dragapult|Dragapult, M|55/100
|turn|36
|
|t:|1776221424
|switch|p2a: Corviknight|Corviknight, F|16/100 brn
|-damage|p2a: Corviknight|4/100 brn|[from] Stealth Rock
|-ability|p2a: Corviknight|Pressure
|move|p1a: Dragapult|Dragon Darts|p2a: Corviknight
|-resisted|p2a: Corviknight
|-damage|p2a: Corviknight|0 fnt
|faint|p2a: Corviknight
|
|upkeep
|
|t:|1776221427
|switch|p2a: Iron Valiant|Iron Valiant|94/100
|-damage|p2a: Iron Valiant|88/100|[from] Stealth Rock
|turn|37
|
|t:|1776221432
|move|p1a: Dragapult|U-turn|p2a: Iron Valiant
|-resisted|p2a: Iron Valiant
|-damage|p2a: Iron Valiant|82/100
|
|t:|1776221434
|switch|p1a: Corviknight|Corviknight, F, shiny|99/100|[from] U-turn
|-ability|p1a: Corviknight|Pressure
|move|p2a: Iron Valiant|Knock Off|p1a: Corviknight
|-damage|p1a: Corviknight|83/100
|-enditem|p1a: Corviknight|Heavy-Duty Boots|[from] move: Knock Off|[of] p2a: Iron Valiant
|
|upkeep
|turn|38
|
|t:|1776221440
|-end|p2a: Iron Valiant|Quark Drive|[silent]
|switch|p2a: Slowking|Slowking-Galar, M|94/100 brn
|move|p1a: Corviknight|Body Press|p2a: Slowking
|-resisted|p2a: Slowking
|-damage|p2a: Slowking|87/100 brn
|
|-damage|p2a: Slowking|81/100 brn|[from] brn
|upkeep
|turn|39
|
|t:|1776221442
|move|p1a: Corviknight|U-turn|p2a: Slowking
|-damage|p2a: Slowking|68/100 brn
|
|t:|1776221448
|switch|p1a: Dragapult|Dragapult, M|55/100|[from] U-turn
|move|p2a: Slowking|Future Sight|p1a: Dragapult
|-start|p2a: Slowking|move: Future Sight
|
|-damage|p2a: Slowking|61/100 brn|[from] brn
|upkeep
|turn|40
|
|t:|1776221453
|switch|p2a: Empoleon|Empoleon, M|88/100 brn
|-damage|p2a: Empoleon|82/100 brn|[from] Stealth Rock
|move|p1a: Dragapult|Hex|p2a: Empoleon
|-damage|p2a: Empoleon|44/100 brn
|
|-heal|p2a: Empoleon|50/100 brn|[from] item: Leftovers
|-damage|p2a: Empoleon|44/100 brn|[from] brn
|upkeep
|turn|41
|
|t:|1776221459
|move|p1a: Dragapult|U-turn|p2a: Empoleon
|-resisted|p2a: Empoleon
|-damage|p2a: Empoleon|35/100 brn
|
|t:|1776221461
|switch|p1a: Ting-Lu|Ting-Lu|99/100|[from] U-turn
|-ability|p1a: Ting-Lu|Vessel of Ruin
|move|p2a: Empoleon|Surf|p1a: Ting-Lu
|-supereffective|p1a: Ting-Lu
|-damage|p1a: Ting-Lu|70/100
|
|-end|p1a: Ting-Lu|move: Future Sight
|-immune|p1a: Ting-Lu
|-heal|p2a: Empoleon|41/100 brn|[from] item: Leftovers
|-heal|p1a: Ting-Lu|76/100|[from] item: Leftovers
|-damage|p2a: Empoleon|35/100 brn|[from] brn
|upkeep
|turn|42
|
|t:|1776221466
|move|p2a: Empoleon|Roost|p2a: Empoleon
|-heal|p2a: Empoleon|85/100 brn
|-singleturn|p2a: Empoleon|move: Roost
|move|p1a: Ting-Lu|Earthquake|p2a: Empoleon
|-supereffective|p2a: Empoleon
|-damage|p2a: Empoleon|9/100 brn
|
|-heal|p2a: Empoleon|15/100 brn|[from] item: Leftovers
|-heal|p1a: Ting-Lu|83/100|[from] item: Leftovers
|-damage|p2a: Empoleon|9/100 brn|[from] brn
|upkeep
|turn|43
|
|t:|1776221470
|move|p2a: Empoleon|Knock Off|p1a: Ting-Lu
|-resisted|p1a: Ting-Lu
|-damage|p1a: Ting-Lu|80/100
|-enditem|p1a: Ting-Lu|Leftovers|[from] move: Knock Off|[of] p2a: Empoleon
|move|p1a: Ting-Lu|Earthquake|p2a: Empoleon
|-supereffective|p2a: Empoleon
|-damage|p2a: Empoleon|0 fnt
|faint|p2a: Empoleon
|
|upkeep
|
|t:|1776221475
|switch|p2a: Ogerpon|Ogerpon-Wellspring, F|24/100
|-damage|p2a: Ogerpon|12/100|[from] Stealth Rock
|turn|44
|
|t:|1776221477
|move|p2a: Ogerpon|Power Whip|p1a: Ting-Lu
|-supereffective|p1a: Ting-Lu
|-damage|p1a: Ting-Lu|3/100
|move|p1a: Ting-Lu|Earthquake|p2a: Ogerpon
|-resisted|p2a: Ogerpon
|-damage|p2a: Ogerpon|0 fnt
|faint|p2a: Ogerpon
|
|upkeep
|
|t:|1776221481
|switch|p2a: Iron Valiant|Iron Valiant|82/100
|-damage|p2a: Iron Valiant|76/100|[from] Stealth Rock
|turn|45
|
|t:|1776221483
|move|p2a: Iron Valiant|Moonblast|p1a: Ting-Lu
|-supereffective|p1a: Ting-Lu
|-damage|p1a: Ting-Lu|0 fnt
|faint|p1a: Ting-Lu
|
|upkeep
|
|t:|1776221488
|switch|p1a: Iron Valiant|Iron Valiant|100/100
|turn|46
|
|t:|1776221496
|-terastallize|p2a: Iron Valiant|Steel
|move|p1a: Iron Valiant|Moonblast|p2a: Iron Valiant
|-resisted|p2a: Iron Valiant
|-damage|p2a: Iron Valiant|28/100
|-unboost|p2a: Iron Valiant|spa|1
|move|p2a: Iron Valiant|Moonblast|p1a: Iron Valiant
|-supereffective|p1a: Iron Valiant
|-damage|p1a: Iron Valiant|0 fnt
|faint|p1a: Iron Valiant
|-end|p1a: Iron Valiant|Quark Drive|[silent]
|
|upkeep
|
|t:|1776221500
|switch|p1a: Dragapult|Dragapult, M|55/100
|turn|47
|
|t:|1776221522
|move|p1a: Dragapult|Hex|p2a: Iron Valiant
|-damage|p2a: Iron Valiant|0 fnt
|faint|p2a: Iron Valiant
|-end|p2a: Iron Valiant|Quark Drive|[silent]
|
|upkeep
|
|t:|1776221525
|switch|p2a: Landorus|Landorus-Therian, M|82/100
|-damage|p2a: Landorus|70/100|[from] Stealth Rock
|-ability|p2a: Landorus|Intimidate|boost
|-unboost|p1a: Dragapult|atk|1
|turn|48
|
|t:|1776221528
|move|p1a: Dragapult|U-turn|p2a: Landorus
|-resisted|p2a: Landorus
|-damage|p2a: Landorus|62/100
|
|t:|1776221530
|switch|p1a: Corviknight|Corviknight, F, shiny|83/100|[from] U-turn
|-ability|p1a: Corviknight|Pressure
|move|p2a: Landorus|Stone Edge|p1a: Corviknight
|-damage|p1a: Corviknight|63/100
|
|upkeep
|turn|49
|
|t:|1776221533
|move|p2a: Landorus|Stone Edge|p1a: Corviknight
|-damage|p1a: Corviknight|39/100
|move|p1a: Corviknight|U-turn|p2a: Landorus
|-resisted|p2a: Landorus
|-damage|p2a: Landorus|53/100
|
|t:|1776221534
|switch|p1a: Ogerpon|Ogerpon-Wellspring, F|56/100|[from] U-turn
|
|upkeep
|turn|50
|
|t:|1776221537
|move|p1a: Ogerpon|Ivy Cudgel|p2a: Landorus|[anim] Ivy Cudgel Water
|-supereffective|p2a: Landorus
|-crit|p2a: Landorus
|-damage|p2a: Landorus|0 fnt
|faint|p2a: Landorus
|
|upkeep
|
|t:|1776221538
|switch|p2a: Slowking|Slowking-Galar, M|95/100 brn
|turn|51
|-message|youngkawhi forfeited.
|
|win|InkyDarkPenguin
|raw|InkyDarkPenguin's rating: 1387 &rarr; <strong>1412</strong><br />(+25 for winning)
|raw|youngkawhi's rating: 1470 &rarr; <strong>1445</strong><br />(-25 for losing)
|l|☆youngkawhi
|player|p2|
