|html|<div class="broadcast-blue"><strong>[Gen 9] OU is currently suspecting Tera Blast! For information on how to participate check out the <a href="https://www.smogon.com/tools/suspects/view/200">suspect thread</a>.</strong></div>
|j|☆V.Graves
|j|☆k_idk_super1234
|t:|1776349401
|gametype|singles
|player|p1|V.Graves|169|1111
|player|p2|k_idk_super1234|benga|1063
|gen|9
|tier|[Gen 9] OU
|rated|
|rule|HP Percentage Mod: HP is shown in percentages
|rule|Endless Battle Clause: Forcing endless battles is banned
|rule|Species Clause: Limit one of each Pokémon
|rule|OHKO Clause: OHKO moves are banned
|rule|Evasion Items Clause: Evasion items are banned
|rule|Evasion Moves Clause: Evasion moves are banned
|rule|Evasion Abilities Clause: Evasion abilities are banned
|rule|Sleep Moves Clause: Sleep-inducing moves are banned
|clearpoke
|poke|p1|Froslass, F|
|poke|p1|Gengar, M|
|poke|p1|Skeledirge, M|
|poke|p1|Corviknight, F|
|poke|p1|Vikavolt, F|
|poke|p1|Gardevoir, M|
|poke|p2|Basculegion, M|
|poke|p2|Ursaluna, M|
|poke|p2|Zapdos|
|poke|p2|Great Tusk|
|poke|p2|Greninja-*, M|
|poke|p2|Lokix, M|
|teampreview
|
|t:|1776349411
|teamsize|p1|6
|teamsize|p2|6
|start
|switch|p1a: Gengar|Gengar, M|100/100
|switch|p2a: flappy bird|Zapdos, shiny|100/100
|turn|1
|
|t:|1776349421
|move|p1a: Gengar|Shadow Ball|p2a: flappy bird
|-damage|p2a: flappy bird|61/100
|-damage|p1a: Gengar|91/100|[from] item: Life Orb
|move|p2a: flappy bird|Discharge|p1a: Gengar
|-damage|p1a: Gengar|26/100
|
|upkeep
|turn|2
|
|t:|1776349437
|-terastallize|p1a: Gengar|Ghost
|move|p1a: Gengar|Shadow Ball|p2a: flappy bird
|-damage|p2a: flappy bird|9/100
|-damage|p1a: Gengar|16/100|[from] item: Life Orb
|move|p2a: flappy bird|Roost|p2a: flappy bird
|-heal|p2a: flappy bird|59/100
|-singleturn|p2a: flappy bird|move: Roost
|
|upkeep
|turn|3
|
|t:|1776349448
|move|p1a: Gengar|Shadow Ball|p2a: flappy bird
|-damage|p2a: flappy bird|4/100
|-damage|p1a: Gengar|6/100|[from] item: Life Orb
|move|p2a: flappy bird|Roost|p2a: flappy bird
|-heal|p2a: flappy bird|55/100
|-singleturn|p2a: flappy bird|move: Roost
|
|upkeep
|turn|4
|
|t:|1776349456
|move|p2a: flappy bird|Protect|p2a: flappy bird
|-singleturn|p2a: flappy bird|Protect
|move|p1a: Gengar|Shadow Ball|p2a: flappy bird
|-activate|p2a: flappy bird|move: Protect
|
|upkeep
|turn|5
|
|t:|1776349465
|move|p1a: Gengar|Shadow Ball|p2a: flappy bird
|-damage|p2a: flappy bird|4/100
|-damage|p1a: Gengar|0 fnt|[from] item: Life Orb
|faint|p1a: Gengar
|move|p2a: flappy bird|Roost|p2a: flappy bird
|-heal|p2a: flappy bird|54/100
|-singleturn|p2a: flappy bird|move: Roost
|
|upkeep
|
|t:|1776349476
|switch|p1a: Skeledirge|Skeledirge, M|100/100
|turn|6
|
|t:|1776349481
|move|p2a: flappy bird|Roost|p2a: flappy bird
|-heal|p2a: flappy bird|100/100
|-singleturn|p2a: flappy bird|move: Roost
|move|p1a: Skeledirge|Torch Song|p2a: flappy bird
|-damage|p2a: flappy bird|79/100
|-boost|p1a: Skeledirge|spa|1
|
|upkeep
|turn|7
|
|t:|1776349490
|move|p2a: flappy bird|Discharge|p1a: Skeledirge
|-damage|p1a: Skeledirge|55/100
|move|p1a: Skeledirge|Torch Song|p2a: flappy bird
|-damage|p2a: flappy bird|46/100
|-boost|p1a: Skeledirge|spa|1
|
|upkeep
|turn|8
|
|t:|1776349497
|move|p2a: flappy bird|Roost|p2a: flappy bird
|-heal|p2a: flappy bird|96/100
|-singleturn|p2a: flappy bird|move: Roost
|move|p1a: Skeledirge|Slack Off|p1a: Skeledirge
|-heal|p1a: Skeledirge|100/100
|
|upkeep
|turn|9
|
|t:|1776349504
|move|p2a: flappy bird|Discharge|p1a: Skeledirge
|-damage|p1a: Skeledirge|61/100
|move|p1a: Skeledirge|Torch Song|p2a: flappy bird
|-damage|p2a: flappy bird|54/100
|-boost|p1a: Skeledirge|spa|1
|
|upkeep
|turn|10
|
|t:|1776349512
|move|p2a: flappy bird|Roost|p2a: flappy bird
|-heal|p2a: flappy bird|100/100
|-singleturn|p2a: flappy bird|move: Roost
|move|p1a: Skeledirge|Slack Off|p1a: Skeledirge
|-heal|p1a: Skeledirge|100/100
|
|upkeep
|turn|11
|
|t:|1776349520
|move|p2a: flappy bird|Supercell Slam|p1a: Skeledirge
|-damage|p1a: Skeledirge|78/100
|move|p1a: Skeledirge|Torch Song|p2a: flappy bird
|-damage|p2a: flappy bird|54/100
|-boost|p1a: Skeledirge|spa|1
|
|upkeep
|turn|12
|
|t:|1776349526
|move|p2a: flappy bird|Roost|p2a: flappy bird
|-heal|p2a: flappy bird|100/100
|-singleturn|p2a: flappy bird|move: Roost
|move|p1a: Skeledirge|Torch Song|p2a: flappy bird
|-crit|p2a: flappy bird
|-damage|p2a: flappy bird|9/100
|-boost|p1a: Skeledirge|spa|1
|
|upkeep
|turn|13
|
|t:|1776349537
|move|p2a: flappy bird|Discharge|p1a: Skeledirge
|-damage|p1a: Skeledirge|36/100
|-status|p1a: Skeledirge|par
|move|p1a: Skeledirge|Torch Song|p2a: flappy bird
|-damage|p2a: flappy bird|0 fnt
|-boost|p1a: Skeledirge|spa|1
|faint|p2a: flappy bird
|
|upkeep
|
|t:|1776349543
|switch|p2a: fshh|Basculegion, M, shiny|100/100
|turn|14
|
|t:|1776349561
|switch|p1a: Gardevoir|Gardevoir, M|100/100
|-ability|p1a: Gardevoir|Adaptability|Trace|[from] ability: Trace|[of] p2a: fshh
|move|p2a: fshh|Phantom Force||[still]
|-prepare|p2a: fshh|Phantom Force
|
|upkeep
|turn|15
|
|t:|1776349573
|switch|p1a: Skeledirge|Skeledirge, M|36/100 par
|move|p2a: fshh|Phantom Force|p1a: Skeledirge|[from] lockedmove
|-supereffective|p1a: Skeledirge
|-damage|p1a: Skeledirge|0 fnt
|faint|p1a: Skeledirge
|
|upkeep
|
|t:|1776349581
|switch|p1a: Gardevoir|Gardevoir, M|100/100
|-ability|p1a: Gardevoir|Adaptability|Trace|[from] ability: Trace|[of] p2a: fshh
|turn|16
|
|t:|1776349590
|move|p1a: Gardevoir|Moonblast|p2a: fshh
|-damage|p2a: fshh|25/100
|move|p2a: fshh|Phantom Force||[still]
|-prepare|p2a: fshh|Phantom Force
|
|upkeep
|turn|17
|
|t:|1776349610
|move|p1a: Gardevoir|Moonblast|p2a: fshh|[miss]
|-miss|p1a: Gardevoir|p2a: fshh
|move|p2a: fshh|Phantom Force|p1a: Gardevoir|[from] lockedmove
|-supereffective|p1a: Gardevoir
|-damage|p1a: Gardevoir|0 fnt
|faint|p1a: Gardevoir
|
|upkeep
|
|t:|1776349619
|switch|p1a: Froslass|Froslass, F|100/100
|turn|18
|
|t:|1776349628
|move|p1a: Froslass|Ice Beam|p2a: fshh
|-resisted|p2a: fshh
|-damage|p2a: fshh|7/100
|move|p2a: fshh|Phantom Force||[still]
|-prepare|p2a: fshh|Phantom Force
|
|upkeep
|turn|19
|
|t:|1776349635
|move|p1a: Froslass|Destiny Bond|p1a: Froslass
|-singlemove|p1a: Froslass|Destiny Bond
|move|p2a: fshh|Phantom Force|p1a: Froslass|[from] lockedmove
|-supereffective|p1a: Froslass
|-enditem|p1a: Froslass|Focus Sash
|-damage|p1a: Froslass|1/100
|-start|p2a: fshh|Disable|Phantom Force|[from] ability: Cursed Body|[of] p1a: Froslass
|
|upkeep
|turn|20
|
|t:|1776349645
|move|p2a: fshh|Protect|p2a: fshh
|-singleturn|p2a: fshh|Protect
|move|p1a: Froslass|Ice Beam|p2a: fshh
|-activate|p2a: fshh|move: Protect
|
|upkeep
|turn|21
|
|t:|1776349655
|move|p1a: Froslass|Ice Beam|p2a: fshh
|-resisted|p2a: fshh
|-damage|p2a: fshh|0 fnt
|faint|p2a: fshh
|
|upkeep
|
|t:|1776349661
|switch|p2a: battle buddy|Greninja, M|100/100
|turn|22
|
|t:|1776349669
|move|p2a: battle buddy|Night Slash|p1a: Froslass
|-supereffective|p1a: Froslass
|-damage|p1a: Froslass|0 fnt
|faint|p1a: Froslass
|-ability|p2a: battle buddy|Battle Bond|boost
|-boost|p2a: battle buddy|atk|1
|-boost|p2a: battle buddy|spa|1
|-boost|p2a: battle buddy|spe|1
|-activate|p2a: battle buddy|ability: Battle Bond
|
|upkeep
|
|t:|1776349678
|switch|p1a: Vikavolt|Vikavolt, F|100/100
|turn|23
|
|t:|1776349687
|move|p2a: battle buddy|Ice Beam|p1a: Vikavolt
|-damage|p1a: Vikavolt|49/100
|move|p1a: Vikavolt|Bug Buzz|p2a: battle buddy
|-supereffective|p2a: battle buddy
|-damage|p2a: battle buddy|0 fnt
|faint|p2a: battle buddy
|
|upkeep
|
|t:|1776349693
|switch|p2a: captain legs|Lokix, M, shiny|100/100
|turn|24
|
|t:|1776349698
|move|p2a: captain legs|Sucker Punch|p1a: Vikavolt
|-damage|p1a: Vikavolt|3/100
|-damage|p2a: captain legs|91/100|[from] item: Life Orb
|move|p1a: Vikavolt|Bug Buzz|p2a: captain legs
|-supereffective|p2a: captain legs
|-damage|p2a: captain legs|0 fnt
|faint|p2a: captain legs
|
|upkeep
|
|t:|1776349703
|switch|p2a: we bear bears|Ursaluna, M, shiny|100/100
|turn|25
|
|t:|1776349716
|move|p2a: we bear bears|Play Rough|p1a: Vikavolt|[miss]
|-miss|p2a: we bear bears|p1a: Vikavolt
|move|p1a: Vikavolt|Bug Buzz|p2a: we bear bears
|-damage|p2a: we bear bears|31/100
|
|-status|p2a: we bear bears|brn|[from] item: Flame Orb
|upkeep
|turn|26
|
|t:|1776349729
|move|p2a: we bear bears|Facade|p1a: Vikavolt
|-damage|p1a: Vikavolt|0 fnt
|faint|p1a: Vikavolt
|
|-damage|p2a: we bear bears|25/100 brn|[from] brn
|upkeep
|
|t:|1776349736
|switch|p1a: Corviknight|Corviknight, F|100/100
|-ability|p1a: Corviknight|Pressure
|turn|27
|
|t:|1776349751
|move|p1a: Corviknight|Brave Bird|p2a: we bear bears
|-damage|p2a: we bear bears|0 fnt
|faint|p2a: we bear bears
|-damage|p1a: Corviknight|91/100|[from] Recoil
|
|upkeep
|
|t:|1776349876
|switch|p2a: zunesha|Great Tusk, shiny|100/100
|-enditem|p2a: zunesha|Booster Energy
|-activate|p2a: zunesha|ability: Protosynthesis|[fromitem]
|-start|p2a: zunesha|protosynthesisatk
|turn|28
|inactive|Battle timer is ON: inactive players will automatically lose when time's up. (requested by V.Graves)
|-message|k_idk_super1234 forfeited.
|l|☆k_idk_super1234
|inactive|k_idk_super1234 disconnected and has a minute to reconnect!
|player|p2|
|c|☆V.Graves|Hello?
|j|☆k_idk_super1234
|inactive|k_idk_super1234 reconnected and has 145 seconds left.
|player|p2|k_idk_super1234|benga|
|
|win|V.Graves
|raw|V.Graves's rating: 1111 &rarr; <strong>1133</strong><br />(+22 for winning)
|raw|k_idk_super1234's rating: 1063 &rarr; <strong>1046</strong><br />(-17 for losing)
|l|☆k_idk_super1234
|player|p2|
|j|☆k_idk_super1234
|player|p2|k_idk_super1234|benga|
|l|☆k_idk_super1234
|player|p2|
|c|☆V.Graves|Hello?
