|html|<div class="broadcast-blue"><strong>[Gen 9] OU is currently suspecting Tera Blast! For information on how to participate check out the <a href="https://www.smogon.com/tools/suspects/view/200">suspect thread</a>.</strong></div>
|j|☆jetleiroi
|j|☆SeasonedToxapexual
|t:|1776106323
|gametype|singles
|player|p1|jetleiroi|ghetsis|1071
|player|p2|SeasonedToxapexual|clerk-boss|1040
|gen|9
|tier|[Gen 9] OU
|rated|
|rule|HP Percentage Mod: HP is shown in percentages
|rule|Endless Battle Clause: Forcing endless battles is banned
|rule|Species Clause: Limit one of each Pokémon
|rule|OHKO Clause: OHKO moves are banned
|rule|Evasion Items Clause: Evasion items are banned
|rule|Evasion Moves Clause: Evasion moves are banned
|rule|Evasion Abilities Clause: Evasion abilities are banned
|rule|Sleep Moves Clause: Sleep-inducing moves are banned
|clearpoke
|poke|p1|Indeedee, M|
|poke|p1|Diancie|
|poke|p1|Garchomp, F|
|poke|p1|Ogerpon-Wellspring, F|
|poke|p1|Pecharunt|
|poke|p1|Corviknight, F|
|poke|p2|Iron Valiant|
|poke|p2|Great Tusk|
|poke|p2|Dragonite, M|
|poke|p2|Deoxys-Speed|
|poke|p2|Glimmora, F|
|poke|p2|Kingambit, F|
|teampreview
|inactive|Battle timer is ON: inactive players will automatically lose when time's up. (requested by SeasonedToxapexual)
|
|t:|1776106334
|teamsize|p1|6
|teamsize|p2|6
|start
|switch|p1a: BBL Drizzy|Indeedee, M|100/100
|switch|p2a: Deoxys|Deoxys-Speed|100/100
|-ability|p2a: Deoxys|Pressure
|-fieldstart|move: Psychic Terrain|[from] ability: Psychic Surge|[of] p1a: BBL Drizzy
|turn|1
|j| nautillect
|
|t:|1776106344
|-terastallize|p1a: BBL Drizzy|Fairy
|move|p2a: Deoxys|Taunt|p1a: BBL Drizzy
|-start|p1a: BBL Drizzy|move: Taunt
|cant|p1a: BBL Drizzy|move: Taunt|Trick
|
|upkeep
|turn|2
|
|t:|1776106354
|switch|p1a: Birdman|Corviknight, F|100/100
|-ability|p1a: Birdman|Pressure
|move|p2a: Deoxys|Light Screen|p2a: Deoxys
|-sidestart|p2: SeasonedToxapexual|move: Light Screen
|
|upkeep
|turn|3
|
|t:|1776106363
|move|p2a: Deoxys|Taunt|p1a: Birdman
|-start|p1a: Birdman|move: Taunt
|cant|p1a: Birdman|move: Taunt|Bulk Up
|
|upkeep
|turn|4
|
|t:|1776106367
|switch|p2a: Glimmora|Glimmora, F|100/100
|move|p1a: Birdman|Iron Head|p2a: Glimmora
|-supereffective|p2a: Glimmora
|-crit|p2a: Glimmora
|-damage|p2a: Glimmora|8/100
|-activate|p2a: Glimmora|ability: Toxic Debris
|-sidestart|p1: jetleiroi|move: Toxic Spikes
|
|upkeep
|turn|5
|
|t:|1776106374
|move|p2a: Glimmora|Meteor Beam||[still]
|-prepare|p2a: Glimmora|Meteor Beam
|-boost|p2a: Glimmora|spa|1
|-enditem|p2a: Glimmora|Power Herb
|-anim|p2a: Glimmora|Meteor Beam|p1a: Birdman
|-crit|p1a: Birdman
|-damage|p1a: Birdman|0 fnt
|faint|p1a: Birdman
|
|-fieldend|move: Psychic Terrain
|upkeep
|
|t:|1776106383
|switch|p1a: Ghostface Killah|Pecharunt|100/100
|-sideend|p1: jetleiroi|move: Toxic Spikes|[of] p1a: Ghostface Killah
|turn|6
|
|t:|1776106393
|move|p2a: Glimmora|Earth Power|p1a: Ghostface Killah
|-supereffective|p1a: Ghostface Killah
|-damage|p1a: Ghostface Killah|0 fnt
|faint|p1a: Ghostface Killah
|
|upkeep
|
|t:|1776106398
|switch|p1a: BBL Drizzy|Indeedee, M, tera:Fairy|100/100
|-fieldstart|move: Psychic Terrain|[from] ability: Psychic Surge|[of] p1a: BBL Drizzy
|turn|7
|
|t:|1776106408
|move|p1a: BBL Drizzy|Expanding Force|p2a: Glimmora
|-supereffective|p2a: Glimmora
|-damage|p2a: Glimmora|0 fnt
|faint|p2a: Glimmora
|
|upkeep
|
|t:|1776106410
|switch|p2a: Kingambit|Kingambit, F|100/100
|-activate|p2a: Kingambit|ability: Supreme Overlord
|-start|p2a: Kingambit|fallen1|[silent]
|turn|8
|
|t:|1776106421
|switch|p1a: Dragonball|Garchomp, F|100/100
|move|p2a: Kingambit|Iron Head|p1a: Dragonball
|-damage|p1a: Dragonball|53/100
|-damage|p2a: Kingambit|88/100|[from] ability: Rough Skin|[of] p1a: Dragonball
|
|-heal|p1a: Dragonball|60/100|[from] item: Leftovers
|upkeep
|turn|9
|
|t:|1776106437
|-end|p2a: Kingambit|fallen1|[silent]
|switch|p2a: Iron Valiant|Iron Valiant|100/100
|-enditem|p2a: Iron Valiant|Booster Energy
|-activate|p2a: Iron Valiant|ability: Quark Drive|[fromitem]
|-start|p2a: Iron Valiant|quarkdrivespe
|move|p1a: Dragonball|Dragon Tail|p2a: Iron Valiant
|-immune|p2a: Iron Valiant
|
|-heal|p1a: Dragonball|66/100|[from] item: Leftovers
|-sideend|p2: SeasonedToxapexual|move: Light Screen
|upkeep
|turn|10
|-message|jetleiroi forfeited.
|
|win|SeasonedToxapexual
|raw|jetleiroi's rating: 1071 &rarr; <strong>1049</strong><br />(-22 for losing)
|raw|SeasonedToxapexual's rating: 1040 &rarr; <strong>1077</strong><br />(+37 for winning)
|l|☆jetleiroi
|player|p1|
|l| nautillect
