|html|<div class="broadcast-blue"><strong>[Gen 9] OU is currently suspecting Volcarona! For information on how to participate check out the <a href="https://www.smogon.com/tools/suspects/view/208">suspect thread</a>.</strong></div>
|j|☆MixVB
|j|☆idleworshipper
|t:|1778508363
|gametype|singles
|player|p1|MixVB|miku-fire|1354
|player|p2|idleworshipper|102|1312
|gen|9
|tier|[Gen 9] OU
|rated|
|rule|HP Percentage Mod: HP is shown in percentages
|rule|Endless Battle Clause: Forcing endless battles is banned
|rule|Species Clause: Limit one of each Pokémon
|rule|OHKO Clause: OHKO moves are banned
|rule|Evasion Items Clause: Evasion items are banned
|rule|Evasion Moves Clause: Evasion moves are banned
|rule|Evasion Abilities Clause: Evasion abilities are banned
|rule|Sleep Moves Clause: Sleep-inducing moves are banned
|clearpoke
|poke|p1|Deoxys-Speed|
|poke|p1|Gholdengo|
|poke|p1|Iron Treads|
|poke|p1|Dragonite, M|
|poke|p1|Iron Moth|
|poke|p1|Samurott-Hisui, M|
|poke|p2|Frosmoth, F|
|poke|p2|Volcarona, F|
|poke|p2|Slither Wing|
|poke|p2|Vivillon-Fancy, F|
|poke|p2|Iron Moth|
|poke|p2|Venomoth, M|
|teampreview
|inactive|Battle timer is ON: inactive players will automatically lose when time's up. (requested by MixVB)
|inactive|idleworshipper also wants the timer to be on.
|
|t:|1778508377
|teamsize|p1|6
|teamsize|p2|6
|start
|switch|p1a: Iron Treads|Iron Treads|100/100
|switch|p2a: Slither Wing|Slither Wing|100/100
|-enditem|p1a: Iron Treads|Booster Energy
|-activate|p1a: Iron Treads|ability: Quark Drive|[fromitem]
|-start|p1a: Iron Treads|quarkdrivespe
|turn|1
|
|t:|1778508385
|move|p1a: Iron Treads|Stealth Rock|p2a: Slither Wing
|-sidestart|p2: idleworshipper|move: Stealth Rock
|move|p2a: Slither Wing|Close Combat|p1a: Iron Treads
|-supereffective|p1a: Iron Treads
|-damage|p1a: Iron Treads|0 fnt
|-unboost|p2a: Slither Wing|def|1
|-unboost|p2a: Slither Wing|spd|1
|faint|p1a: Iron Treads
|-end|p1a: Iron Treads|Quark Drive|[silent]
|
|upkeep
|
|t:|1778508391
|switch|p1a: Samurott|Samurott-Hisui, M|100/100
|turn|2
|
|t:|1778508395
|move|p1a: Samurott|Razor Shell|p2a: Slither Wing|[miss]
|-miss|p1a: Samurott|p2a: Slither Wing
|move|p2a: Slither Wing|Close Combat|p1a: Samurott
|-supereffective|p1a: Samurott
|-enditem|p1a: Samurott|Focus Sash
|-damage|p1a: Samurott|1/100
|-unboost|p2a: Slither Wing|def|1
|-unboost|p2a: Slither Wing|spd|1
|
|upkeep
|turn|3
|
|t:|1778508406
|-end|p2a: Slither Wing|Protosynthesis|[silent]
|switch|p2a: Venomoth|Venomoth, M|100/100
|-damage|p2a: Venomoth|76/100|[from] Stealth Rock
|move|p1a: Samurott|Razor Shell|p2a: Venomoth
|-damage|p2a: Venomoth|0 fnt
|faint|p2a: Venomoth
|
|upkeep
|
|t:|1778508412
|switch|p2a: Vivillon|Vivillon-Fancy, F, shiny|100/100
|-damage|p2a: Vivillon|51/100|[from] Stealth Rock
|turn|4
|
|t:|1778508423
|move|p2a: Vivillon|U-turn|p1a: Samurott
|-supereffective|p1a: Samurott
|-damage|p1a: Samurott|0 fnt
|faint|p1a: Samurott
|
|t:|1778508425
|switch|p2a: Frosmoth|Frosmoth, F|100/100|[from] U-turn
|
|upkeep
|
|t:|1778508432
|switch|p1a: Gholdengo|Gholdengo|100/100
|-item|p1a: Gholdengo|Air Balloon
|turn|5
|
|t:|1778508444
|move|p2a: Frosmoth|Defog|p1a: Gholdengo
|-immune|p1a: Gholdengo|[from] ability: Good as Gold
|move|p1a: Gholdengo|Nasty Plot|p1a: Gholdengo
|-boost|p1a: Gholdengo|spa|2
|
|upkeep
|turn|6
|
|t:|1778508449
|move|p2a: Frosmoth|U-turn|p1a: Gholdengo
|-resisted|p1a: Gholdengo
|-damage|p1a: Gholdengo|98/100
|-enditem|p1a: Gholdengo|Air Balloon
|
|t:|1778508454
|switch|p2a: Iron Moth|Iron Moth|100/100|[from] U-turn
|-damage|p2a: Iron Moth|76/100|[from] Stealth Rock
|move|p1a: Gholdengo|Make It Rain|p2a: Iron Moth
|-resisted|p2a: Iron Moth
|-damage|p2a: Iron Moth|24/100
|-unboost|p1a: Gholdengo|spa|1
|
|upkeep
|turn|7
|
|t:|1778508461
|move|p2a: Iron Moth|Fiery Dance|p1a: Gholdengo
|-supereffective|p1a: Gholdengo
|-damage|p1a: Gholdengo|0 fnt
|-boost|p2a: Iron Moth|spa|1
|faint|p1a: Gholdengo
|
|upkeep
|
|t:|1778508466
|switch|p1a: Iron Moth|Iron Moth, shiny|100/100
|-enditem|p1a: Iron Moth|Booster Energy
|-activate|p1a: Iron Moth|ability: Quark Drive|[fromitem]
|-start|p1a: Iron Moth|quarkdrivespe
|turn|8
|
|t:|1778508469
|move|p1a: Iron Moth|Sludge Wave|p2a: Iron Moth
|-resisted|p2a: Iron Moth
|-damage|p2a: Iron Moth|0 fnt
|faint|p2a: Iron Moth
|-end|p2a: Iron Moth|Quark Drive|[silent]
|
|upkeep
|
|t:|1778508477
|switch|p2a: Frosmoth|Frosmoth, F|100/100
|turn|9
|
|t:|1778508484
|move|p1a: Iron Moth|Fiery Dance|p2a: Frosmoth
|-supereffective|p2a: Frosmoth
|-damage|p2a: Frosmoth|17/100
|-boost|p1a: Iron Moth|spa|1
|move|p2a: Frosmoth|Defog|p1a: Iron Moth
|-unboost|p1a: Iron Moth|evasion|1
|-sideend|p2: idleworshipper|Stealth Rock|[from] move: Defog|[of] p2a: Frosmoth
|
|upkeep
|turn|10
|
|t:|1778508492
|move|p1a: Iron Moth|Substitute|p1a: Iron Moth
|-start|p1a: Iron Moth|Substitute
|-damage|p1a: Iron Moth|76/100
|move|p2a: Frosmoth|Stun Spore||[still]
|-fail|p2a: Frosmoth
|
|upkeep
|turn|11
|
|t:|1778508498
|move|p1a: Iron Moth|Fiery Dance|p2a: Frosmoth
|-supereffective|p2a: Frosmoth
|-damage|p2a: Frosmoth|0 fnt
|faint|p2a: Frosmoth
|
|upkeep
|
|t:|1778508504
|switch|p2a: Slither Wing|Slither Wing|100/100
|turn|12
|
|t:|1778508507
|move|p2a: Slither Wing|First Impression|p1a: Iron Moth
|-resisted|p1a: Iron Moth
|-activate|p1a: Iron Moth|move: Substitute|[damage]
|move|p1a: Iron Moth|Fiery Dance|p2a: Slither Wing
|-supereffective|p2a: Slither Wing
|-damage|p2a: Slither Wing|0 fnt
|faint|p2a: Slither Wing
|-end|p2a: Slither Wing|Protosynthesis|[silent]
|
|upkeep
|
|t:|1778508516
|switch|p2a: Vivillon|Vivillon-Fancy, F, shiny|51/100
|turn|13
|
|t:|1778508525
|move|p1a: Iron Moth|Fiery Dance|p2a: Vivillon
|-supereffective|p2a: Vivillon
|-damage|p2a: Vivillon|0 fnt
|-boost|p1a: Iron Moth|spa|1
|faint|p2a: Vivillon
|
|upkeep
|
|t:|1778508526
|switch|p2a: Volcarona|Volcarona, F|100/100
|turn|14
|
|t:|1778508531
|-terastallize|p2a: Volcarona|Fairy
|move|p1a: Iron Moth|Meteor Beam||[still]
|-prepare|p1a: Iron Moth|Meteor Beam
|-boost|p1a: Iron Moth|spa|1
|move|p2a: Volcarona|Quiver Dance|p2a: Volcarona
|-boost|p2a: Volcarona|spa|1
|-boost|p2a: Volcarona|spd|1
|-boost|p2a: Volcarona|spe|1
|
|upkeep
|turn|15
|
|t:|1778508539
|move|p1a: Iron Moth|Meteor Beam|p2a: Volcarona|[from] lockedmove
|-damage|p2a: Volcarona|32/100
|move|p2a: Volcarona|Quiver Dance|p2a: Volcarona
|-boost|p2a: Volcarona|spa|1
|-boost|p2a: Volcarona|spd|1
|-boost|p2a: Volcarona|spe|1
|
|upkeep
|turn|16
|
|t:|1778508544
|move|p2a: Volcarona|Bug Buzz|p1a: Iron Moth
|-resisted|p1a: Iron Moth
|-damage|p1a: Iron Moth|51/100
|move|p1a: Iron Moth|Sludge Wave|p2a: Volcarona
|-supereffective|p2a: Volcarona
|-damage|p2a: Volcarona|0 fnt
|faint|p2a: Volcarona
|
|win|MixVB
|raw|MixVB's rating: 1354 &rarr; <strong>1372</strong><br />(+18 for winning)
|raw|idleworshipper's rating: 1312 &rarr; <strong>1294</strong><br />(-18 for losing)
|l|☆idleworshipper
|player|p2|
|l|☆MixVB
|player|p1|
