|html|<div class="broadcast-blue"><strong>[Gen 9] OU is currently suspecting Tera Blast! For information on how to participate check out the <a href="https://www.smogon.com/tools/suspects/view/200">suspect thread</a>.</strong></div>
|j|☆HAZ696
|j|☆himynameistanner
|t:|1776064430
|gametype|singles
|player|p1|HAZ696|swimmerf-gen4|1093
|player|p2|himynameistanner|102|1141
|gen|9
|tier|[Gen 9] OU
|rated|
|rule|HP Percentage Mod: HP is shown in percentages
|rule|Endless Battle Clause: Forcing endless battles is banned
|rule|Species Clause: Limit one of each Pokémon
|rule|OHKO Clause: OHKO moves are banned
|rule|Evasion Items Clause: Evasion items are banned
|rule|Evasion Moves Clause: Evasion moves are banned
|rule|Evasion Abilities Clause: Evasion abilities are banned
|rule|Sleep Moves Clause: Sleep-inducing moves are banned
|clearpoke
|poke|p1|Lycanroc-Dusk, M|
|poke|p1|Arcanine, M|
|poke|p1|Houndstone, F|
|poke|p1|Zamazenta-*|
|poke|p1|Sylveon, F|
|poke|p1|Umbreon, F|
|poke|p2|Scizor, F|
|poke|p2|Iron Moth|
|poke|p2|Raging Bolt|
|poke|p2|Darkrai|
|poke|p2|Blaziken, M|
|poke|p2|Haxorus, F|
|teampreview
|
|t:|1776064440
|teamsize|p1|6
|teamsize|p2|6
|start
|switch|p1a: Lycanroc|Lycanroc-Dusk, M|100/100
|switch|p2a: Raging Bolt|Raging Bolt|100/100
|turn|1
|
|t:|1776064447
|move|p1a: Lycanroc|Stealth Rock|p2a: Raging Bolt
|-sidestart|p2: himynameistanner|move: Stealth Rock
|move|p2a: Raging Bolt|Zap Cannon|p1a: Lycanroc|[miss]
|-miss|p2a: Raging Bolt|p1a: Lycanroc
|-enditem|p2a: Raging Bolt|Blunder Policy
|-boost|p2a: Raging Bolt|spe|2
|
|upkeep
|turn|2
|
|t:|1776064461
|switch|p1a: Arcanine|Arcanine, M|100/100
|-ability|p1a: Arcanine|Intimidate|boost
|-unboost|p2a: Raging Bolt|atk|1
|move|p2a: Raging Bolt|Dragon Pulse|p1a: Arcanine
|-crit|p1a: Arcanine
|-damage|p1a: Arcanine|12/100
|
|upkeep
|turn|3
|
|t:|1776064471
|move|p2a: Raging Bolt|Thunderclap|p1a: Arcanine
|-damage|p1a: Arcanine|0 fnt
|faint|p1a: Arcanine
|
|upkeep
|
|t:|1776064481
|switch|p1a: Sylveon|Sylveon, F, shiny|100/100
|turn|4
|
|t:|1776064486
|move|p2a: Raging Bolt|Zap Cannon|p1a: Sylveon
|-damage|p1a: Sylveon|60/100
|-status|p1a: Sylveon|par
|move|p1a: Sylveon|Hyper Voice|p2a: Raging Bolt
|-supereffective|p2a: Raging Bolt
|-damage|p2a: Raging Bolt|10/100
|
|-heal|p1a: Sylveon|66/100 par|[from] item: Leftovers
|upkeep
|turn|5
|
|t:|1776064497
|move|p2a: Raging Bolt|Thunderclap|p1a: Sylveon
|-damage|p1a: Sylveon|41/100 par
|move|p1a: Sylveon|Hyper Voice|p2a: Raging Bolt
|-supereffective|p2a: Raging Bolt
|-damage|p2a: Raging Bolt|0 fnt
|faint|p2a: Raging Bolt
|-end|p2a: Raging Bolt|Protosynthesis|[silent]
|
|-heal|p1a: Sylveon|47/100 par|[from] item: Leftovers
|upkeep
|
|t:|1776064501
|switch|p2a: Scizor|Scizor, F|100/100
|turn|6
|
|t:|1776064519
|switch|p1a: Lycanroc|Lycanroc-Dusk, M|100/100
|move|p2a: Scizor|Swords Dance|p2a: Scizor
|-boost|p2a: Scizor|atk|2
|
|upkeep
|turn|7
|
|t:|1776064529
|move|p2a: Scizor|Defog|p1a: Lycanroc
|-unboost|p1a: Lycanroc|evasion|1
|-sideend|p2: himynameistanner|Stealth Rock|[from] move: Defog|[of] p2a: Scizor
|move|p1a: Lycanroc|Counter||[still]
|-fail|p1a: Lycanroc
|
|upkeep
|turn|8
|
|t:|1776064537
|move|p1a: Lycanroc|Accelerock|p2a: Scizor
|-damage|p2a: Scizor|76/100
|move|p2a: Scizor|Bullet Punch|p1a: Lycanroc
|-supereffective|p1a: Lycanroc
|-enditem|p1a: Lycanroc|Focus Sash
|-damage|p1a: Lycanroc|1/100
|
|upkeep
|turn|9
|
|t:|1776064551
|move|p1a: Lycanroc|Accelerock|p2a: Scizor
|-damage|p2a: Scizor|49/100
|move|p2a: Scizor|Bullet Punch|p1a: Lycanroc
|-supereffective|p1a: Lycanroc
|-damage|p1a: Lycanroc|0 fnt
|faint|p1a: Lycanroc
|
|upkeep
|
|t:|1776064567
|switch|p1a: Houndstone|Houndstone, F|100/100
|turn|10
|
|t:|1776064574
|move|p2a: Scizor|Bullet Punch|p1a: Houndstone
|-damage|p1a: Houndstone|25/100
|move|p1a: Houndstone|Poltergeist|p2a: Scizor
|-activate|p2a: Scizor|move: Poltergeist|Heavy-Duty Boots
|-damage|p2a: Scizor|0 fnt
|faint|p2a: Scizor
|
|upkeep
|
|t:|1776064582
|switch|p2a: Iron Moth|Iron Moth|100/100
|-enditem|p2a: Iron Moth|Booster Energy
|-activate|p2a: Iron Moth|ability: Quark Drive|[fromitem]
|-start|p2a: Iron Moth|quarkdrivespe
|turn|11
|
|t:|1776064594
|-terastallize|p1a: Houndstone|Ice
|move|p2a: Iron Moth|Fiery Dance|p1a: Houndstone
|-supereffective|p1a: Houndstone
|-damage|p1a: Houndstone|0 fnt
|faint|p1a: Houndstone
|
|upkeep
|
|t:|1776064602
|switch|p1a: Umbreon|Umbreon, F, shiny|100/100
|turn|12
|
|t:|1776064607
|move|p2a: Iron Moth|Substitute|p2a: Iron Moth
|-start|p2a: Iron Moth|Substitute
|-damage|p2a: Iron Moth|75/100
|move|p1a: Umbreon|Psychic|p2a: Iron Moth
|-supereffective|p2a: Iron Moth
|-end|p2a: Iron Moth|Substitute
|-damage|p1a: Umbreon|91/100|[from] item: Life Orb
|
|upkeep
|turn|13
|
|t:|1776064615
|move|p2a: Iron Moth|Fiery Dance|p1a: Umbreon
|-damage|p1a: Umbreon|65/100
|-boost|p2a: Iron Moth|spa|1
|move|p1a: Umbreon|Psychic|p2a: Iron Moth
|-supereffective|p2a: Iron Moth
|-damage|p2a: Iron Moth|39/100
|-damage|p1a: Umbreon|55/100|[from] item: Life Orb
|
|upkeep
|turn|14
|
|t:|1776064626
|move|p2a: Iron Moth|Fiery Dance|p1a: Umbreon
|-damage|p1a: Umbreon|14/100
|move|p1a: Umbreon|Psychic|p2a: Iron Moth
|-supereffective|p2a: Iron Moth
|-crit|p2a: Iron Moth
|-damage|p2a: Iron Moth|0 fnt
|faint|p2a: Iron Moth
|-end|p2a: Iron Moth|Quark Drive|[silent]
|-damage|p1a: Umbreon|5/100|[from] item: Life Orb
|
|upkeep
|
|t:|1776064635
|switch|p2a: Blaziken|Blaziken, M|100/100
|turn|15
|
|t:|1776064644
|move|p2a: Blaziken|Swords Dance|p2a: Blaziken
|-boost|p2a: Blaziken|atk|2
|move|p1a: Umbreon|Psychic|p2a: Blaziken
|-supereffective|p2a: Blaziken
|-damage|p2a: Blaziken|38/100
|-damage|p1a: Umbreon|0 fnt|[from] item: Life Orb
|faint|p1a: Umbreon
|
|-ability|p2a: Blaziken|Speed Boost|boost
|-boost|p2a: Blaziken|spe|1
|upkeep
|
|t:|1776064655
|switch|p1a: Zamazenta|Zamazenta, shiny|100/100
|-ability|p1a: Zamazenta|Dauntless Shield|boost
|-boost|p1a: Zamazenta|def|1
|turn|16
|
|t:|1776064662
|move|p2a: Blaziken|Swords Dance|p2a: Blaziken
|-boost|p2a: Blaziken|atk|2
|move|p1a: Zamazenta|Close Combat|p2a: Blaziken
|-damage|p2a: Blaziken|0 fnt
|-unboost|p1a: Zamazenta|def|1
|-unboost|p1a: Zamazenta|spd|1
|faint|p2a: Blaziken
|
|upkeep
|
|t:|1776064666
|switch|p2a: Darkrai|Darkrai|100/100
|turn|17
|
|t:|1776064674
|move|p2a: Darkrai|Psychic|p1a: Zamazenta
|-supereffective|p1a: Zamazenta
|-damage|p1a: Zamazenta|18/100
|move|p1a: Zamazenta|Close Combat|p2a: Darkrai
|-supereffective|p2a: Darkrai
|-damage|p2a: Darkrai|0 fnt
|-unboost|p1a: Zamazenta|def|1
|-unboost|p1a: Zamazenta|spd|1
|faint|p2a: Darkrai
|
|upkeep
|
|t:|1776064679
|switch|p2a: Haxorus|Haxorus, F|100/100
|-ability|p2a: Haxorus|Mold Breaker
|turn|18
|
|t:|1776064687
|switch|p1a: Sylveon|Sylveon, F, shiny|47/100 par
|move|p2a: Haxorus|Dragon Dance|p2a: Haxorus
|-boost|p2a: Haxorus|atk|1
|-boost|p2a: Haxorus|spe|1
|
|-heal|p1a: Sylveon|53/100 par|[from] item: Leftovers
|upkeep
|turn|19
|
|t:|1776064697
|move|p2a: Haxorus|Iron Head|p1a: Sylveon
|-supereffective|p1a: Sylveon
|-damage|p1a: Sylveon|0 fnt
|faint|p1a: Sylveon
|
|upkeep
|
|t:|1776064702
|switch|p1a: Zamazenta|Zamazenta, shiny|18/100
|turn|20
|
|t:|1776064710
|move|p2a: Haxorus|Dragon Claw|p1a: Zamazenta
|-damage|p1a: Zamazenta|0 fnt
|faint|p1a: Zamazenta
|
|win|himynameistanner
|raw|HAZ696's rating: 1093 &rarr; <strong>1072</strong><br />(-21 for losing)
|raw|himynameistanner's rating: 1141 &rarr; <strong>1163</strong><br />(+22 for winning)
|l|☆himynameistanner
|player|p2|
|l|☆HAZ696
|player|p1|
