|html|<div class="broadcast-blue"><strong>[Gen 9] OU is currently suspecting Tera Blast! For information on how to participate check out the <a href="https://www.smogon.com/tools/suspects/view/200">suspect thread</a>.</strong></div>
|j|☆SyntaxQ
|j|☆MASTEROFALLCREATE
|t:|1776055802
|gametype|singles
|player|p1|SyntaxQ|265|1083
|player|p2|MASTEROFALLCREATE|pokefan-gen4|1077
|gen|9
|tier|[Gen 9] OU
|rated|
|rule|HP Percentage Mod: HP is shown in percentages
|rule|Endless Battle Clause: Forcing endless battles is banned
|rule|Species Clause: Limit one of each Pokémon
|rule|OHKO Clause: OHKO moves are banned
|rule|Evasion Items Clause: Evasion items are banned
|rule|Evasion Moves Clause: Evasion moves are banned
|rule|Evasion Abilities Clause: Evasion abilities are banned
|rule|Sleep Moves Clause: Sleep-inducing moves are banned
|clearpoke
|poke|p1|Manaphy|
|poke|p1|Pelipper, F|
|poke|p1|Excadrill, F|
|poke|p1|Araquanid, M|
|poke|p1|Donphan, M|
|poke|p1|Lumineon, F|
|poke|p2|Rillaboom, M|
|poke|p2|Ambipom, M|
|poke|p2|Carbink|
|poke|p2|Bronzong|
|poke|p2|Eelektross, F|
|poke|p2|Tentacruel, M|
|teampreview
|
|t:|1776055806
|teamsize|p1|6
|teamsize|p2|6
|start
|switch|p1a: Araquanid|Araquanid, M|100/100
|switch|p2a: Ambipom|Ambipom, M|100/100
|turn|1
|inactive|Battle timer is ON: inactive players will automatically lose when time's up. (requested by SyntaxQ)
|
|t:|1776055812
|move|p2a: Ambipom|Fake Out|p1a: Araquanid
|-crit|p1a: Araquanid
|-damage|p1a: Araquanid|43/100
|-damage|p2a: Ambipom|91/100|[from] item: Life Orb
|cant|p1a: Araquanid|flinch
|
|upkeep
|turn|2
|
|t:|1776055825
|switch|p1a: Excadrill|Excadrill, F|100/100
|-ability|p1a: Excadrill|Mold Breaker
|move|p2a: Ambipom|Aerial Ace|p1a: Excadrill
|-resisted|p1a: Excadrill
|-damage|p1a: Excadrill|78/100
|-damage|p2a: Ambipom|74/100|[from] item: Rocky Helmet|[of] p1a: Excadrill
|-damage|p2a: Ambipom|64/100|[from] item: Life Orb
|
|upkeep
|turn|3
|
|t:|1776055836
|switch|p2a: Rillaboom|Rillaboom, M|100/100
|-fieldstart|move: Grassy Terrain|[from] ability: Grassy Surge|[of] p2a: Rillaboom
|move|p1a: Excadrill|Stealth Rock|p2a: Rillaboom
|-sidestart|p2: MASTEROFALLCREATE|move: Stealth Rock
|
|-heal|p1a: Excadrill|84/100|[from] Grassy Terrain
|upkeep
|turn|4
|
|t:|1776055856
|switch|p1a: Araquanid|Araquanid, M|43/100
|move|p2a: Rillaboom|High Horsepower|p1a: Araquanid
|-resisted|p1a: Araquanid
|-damage|p1a: Araquanid|18/100
|
|-heal|p1a: Araquanid|25/100|[from] Grassy Terrain
|upkeep
|turn|5
|
|t:|1776055870
|switch|p2a: Tentacruel|Tentacruel, M|100/100
|-damage|p2a: Tentacruel|88/100|[from] Stealth Rock
|switch|p1a: Pelipper|Pelipper, F|100/100
|-weather|RainDance|[from] ability: Drizzle|[of] p1a: Pelipper
|
|-weather|RainDance|[upkeep]
|-heal|p2a: Tentacruel|94/100|[from] Grassy Terrain
|-heal|p2a: Tentacruel|99/100|[from] item: Black Sludge
|upkeep
|turn|6
|
|t:|1776055884
|move|p2a: Tentacruel|Rapid Spin|p1a: Pelipper
|-damage|p1a: Pelipper|91/100
|-boost|p2a: Tentacruel|spe|1
|-sideend|p2: MASTEROFALLCREATE|Stealth Rock|[from] move: Rapid Spin|[of] p2a: Tentacruel
|move|p1a: Pelipper|U-turn|p2a: Tentacruel
|-resisted|p2a: Tentacruel
|-damage|p2a: Tentacruel|95/100
|
|t:|1776055890
|switch|p1a: Manaphy|Manaphy, shiny|100/100|[from] U-turn
|
|-weather|RainDance|[upkeep]
|-heal|p2a: Tentacruel|100/100|[from] Grassy Terrain
|upkeep
|turn|7
|
|t:|1776055896
|move|p2a: Tentacruel|Sludge Wave|p1a: Manaphy
|-damage|p1a: Manaphy|79/100
|move|p1a: Manaphy|Tail Glow|p1a: Manaphy
|-boost|p1a: Manaphy|spa|3
|
|-weather|RainDance|[upkeep]
|-heal|p1a: Manaphy|85/100|[from] Grassy Terrain
|-heal|p1a: Manaphy|91/100|[from] item: Leftovers
|-fieldend|move: Grassy Terrain
|upkeep
|turn|8
|
|t:|1776055905
|switch|p2a: Eelektross|Eelektross, F|100/100
|move|p1a: Manaphy|Tail Glow|p1a: Manaphy
|-boost|p1a: Manaphy|spa|3
|
|-weather|RainDance|[upkeep]
|-heal|p1a: Manaphy|97/100|[from] item: Leftovers
|upkeep
|turn|9
|
|t:|1776055922
|move|p1a: Manaphy|Scald|p2a: Eelektross
|-damage|p2a: Eelektross|0 fnt
|faint|p2a: Eelektross
|
|-weather|none
|-heal|p1a: Manaphy|100/100|[from] item: Leftovers
|upkeep
|
|t:|1776055925
|switch|p2a: Ambipom|Ambipom, M|64/100
|turn|10
|
|t:|1776055931
|move|p2a: Ambipom|Fake Out|p1a: Manaphy
|-damage|p1a: Manaphy|71/100
|-damage|p2a: Ambipom|54/100|[from] item: Life Orb
|cant|p1a: Manaphy|flinch
|
|-heal|p1a: Manaphy|77/100|[from] item: Leftovers
|upkeep
|turn|11
|
|t:|1776055940
|switch|p2a: Carbink|Carbink|100/100
|move|p1a: Manaphy|Scald|p2a: Carbink
|-supereffective|p2a: Carbink
|-ability|p2a: Carbink|Sturdy
|-damage|p2a: Carbink|1/100
|
|-heal|p1a: Manaphy|84/100|[from] item: Leftovers
|upkeep
|turn|12
|
|t:|1776055949
|move|p1a: Manaphy|Scald|p2a: Carbink
|-supereffective|p2a: Carbink
|-damage|p2a: Carbink|0 fnt
|faint|p2a: Carbink
|
|-heal|p1a: Manaphy|90/100|[from] item: Leftovers
|upkeep
|
|t:|1776055951
|switch|p2a: Ambipom|Ambipom, M|54/100
|turn|13
|
|t:|1776055960
|move|p2a: Ambipom|Fake Out|p1a: Manaphy
|-damage|p1a: Manaphy|62/100
|-damage|p2a: Ambipom|44/100|[from] item: Life Orb
|cant|p1a: Manaphy|flinch
|
|-heal|p1a: Manaphy|68/100|[from] item: Leftovers
|upkeep
|turn|14
|
|t:|1776055969
|move|p2a: Ambipom|Knock Off|p1a: Manaphy
|-damage|p1a: Manaphy|38/100
|-enditem|p1a: Manaphy|Leftovers|[from] move: Knock Off|[of] p2a: Ambipom
|-damage|p2a: Ambipom|34/100|[from] item: Life Orb
|move|p1a: Manaphy|Ice Beam|p2a: Ambipom
|-damage|p2a: Ambipom|0 fnt
|faint|p2a: Ambipom
|
|upkeep
|
|t:|1776055972
|switch|p2a: Rillaboom|Rillaboom, M|100/100
|-fieldstart|move: Grassy Terrain|[from] ability: Grassy Surge|[of] p2a: Rillaboom
|turn|15
|
|t:|1776055986
|switch|p1a: Araquanid|Araquanid, M|25/100
|-terastallize|p2a: Rillaboom|Grass
|move|p2a: Rillaboom|Grassy Glide|p1a: Araquanid
|-damage|p1a: Araquanid|0 fnt
|faint|p1a: Araquanid
|
|upkeep
|
|t:|1776055994
|switch|p1a: Pelipper|Pelipper, F|91/100
|-weather|RainDance|[from] ability: Drizzle|[of] p1a: Pelipper
|turn|16
|
|t:|1776056000
|switch|p2a: Bronzong|Bronzong|100/100
|move|p1a: Pelipper|U-turn|p2a: Bronzong
|-damage|p2a: Bronzong|93/100
|
|t:|1776056006
|switch|p1a: Manaphy|Manaphy, shiny|38/100|[from] U-turn
|
|-weather|RainDance|[upkeep]
|-heal|p1a: Manaphy|45/100|[from] Grassy Terrain
|-heal|p2a: Bronzong|99/100|[from] Grassy Terrain
|-heal|p2a: Bronzong|100/100|[from] item: Leftovers
|upkeep
|turn|17
|
|t:|1776056016
|move|p1a: Manaphy|Rest|p1a: Manaphy
|-status|p1a: Manaphy|slp|[from] move: Rest
|-heal|p1a: Manaphy|100/100 slp|[silent]
|move|p2a: Bronzong|Calm Mind|p2a: Bronzong
|-boost|p2a: Bronzong|spa|1
|-boost|p2a: Bronzong|spd|1
|
|-weather|RainDance|[upkeep]
|-activate|p1a: Manaphy|ability: Hydration
|-curestatus|p1a: Manaphy|slp|[msg]
|upkeep
|turn|18
|
|t:|1776056026
|move|p1a: Manaphy|Tail Glow|p1a: Manaphy
|-boost|p1a: Manaphy|spa|3
|move|p2a: Bronzong|Calm Mind|p2a: Bronzong
|-boost|p2a: Bronzong|spa|1
|-boost|p2a: Bronzong|spd|1
|
|-weather|RainDance|[upkeep]
|upkeep
|turn|19
|
|t:|1776056039
|move|p1a: Manaphy|Tail Glow|p1a: Manaphy
|-boost|p1a: Manaphy|spa|3
|move|p2a: Bronzong|Calm Mind|p2a: Bronzong
|-boost|p2a: Bronzong|spa|1
|-boost|p2a: Bronzong|spd|1
|
|-weather|RainDance|[upkeep]
|-fieldend|move: Grassy Terrain
|upkeep
|turn|20
|
|t:|1776056046
|move|p1a: Manaphy|Scald|p2a: Bronzong
|-damage|p2a: Bronzong|46/100
|move|p2a: Bronzong|Calm Mind|p2a: Bronzong
|-boost|p2a: Bronzong|spa|1
|-boost|p2a: Bronzong|spd|1
|
|-weather|none
|-heal|p2a: Bronzong|52/100|[from] item: Leftovers
|upkeep
|turn|21
|
|t:|1776056054
|move|p1a: Manaphy|Scald|p2a: Bronzong
|-damage|p2a: Bronzong|17/100
|-status|p2a: Bronzong|brn
|move|p2a: Bronzong|Stored Power|p1a: Manaphy
|-damage|p1a: Manaphy|0 fnt
|faint|p1a: Manaphy
|
|-heal|p2a: Bronzong|23/100 brn|[from] item: Leftovers
|-damage|p2a: Bronzong|20/100 brn|[from] brn
|upkeep
|
|t:|1776056066
|switch|p1a: Lumineon|Lumineon, F|100/100
|turn|22
|
|t:|1776056073
|switch|p1a: Excadrill|Excadrill, F|84/100
|-ability|p1a: Excadrill|Mold Breaker
|move|p2a: Bronzong|Stored Power|p1a: Excadrill
|-resisted|p1a: Excadrill
|-damage|p1a: Excadrill|0 fnt
|faint|p1a: Excadrill
|
|-heal|p2a: Bronzong|26/100 brn|[from] item: Leftovers
|-damage|p2a: Bronzong|23/100 brn|[from] brn
|upkeep
|
|t:|1776056085
|switch|p1a: Donphan|Donphan, M|100/100
|turn|23
|
|t:|1776056093
|move|p1a: Donphan|Body Press|p2a: Bronzong
|-damage|p2a: Bronzong|0 fnt
|faint|p2a: Bronzong
|
|upkeep
|
|t:|1776056096
|switch|p2a: Rillaboom|Rillaboom, M, tera:Grass|100/100
|-fieldstart|move: Grassy Terrain|[from] ability: Grassy Surge|[of] p2a: Rillaboom
|turn|24
|
|t:|1776056102
|switch|p1a: Pelipper|Pelipper, F|91/100
|-weather|RainDance|[from] ability: Drizzle|[of] p1a: Pelipper
|move|p2a: Rillaboom|U-turn|p1a: Pelipper
|-resisted|p1a: Pelipper
|-damage|p1a: Pelipper|69/100
|
|t:|1776056108
|switch|p2a: Tentacruel|Tentacruel, M|100/100|[from] U-turn
|
|-weather|RainDance|[upkeep]
|upkeep
|turn|25
|
|t:|1776056114
|move|p2a: Tentacruel|Sludge Wave|p1a: Pelipper
|-damage|p1a: Pelipper|2/100
|-status|p1a: Pelipper|psn
|move|p1a: Pelipper|Hurricane|p2a: Tentacruel
|-damage|p2a: Tentacruel|57/100
|
|-weather|RainDance|[upkeep]
|-heal|p2a: Tentacruel|63/100|[from] Grassy Terrain
|-heal|p2a: Tentacruel|69/100|[from] item: Black Sludge
|-damage|p1a: Pelipper|0 fnt|[from] psn
|faint|p1a: Pelipper
|upkeep
|
|t:|1776056127
|switch|p1a: Donphan|Donphan, M|100/100
|turn|26
|
|t:|1776056132
|switch|p2a: Rillaboom|Rillaboom, M, tera:Grass|100/100
|move|p1a: Donphan|Ice Spinner|p2a: Rillaboom
|-supereffective|p2a: Rillaboom
|-damage|p2a: Rillaboom|47/100
|-fieldend|move: Grassy Terrain
|
|-weather|RainDance|[upkeep]
|upkeep
|turn|27
|
|t:|1776056139
|move|p2a: Rillaboom|Grassy Glide|p1a: Donphan
|-supereffective|p1a: Donphan
|-damage|p1a: Donphan|15/100
|-enditem|p1a: Donphan|Red Card|[of] p2a: Rillaboom
|drag|p2a: Tentacruel|Tentacruel, M|69/100
|move|p1a: Donphan|Ice Spinner|p2a: Tentacruel
|-resisted|p2a: Tentacruel
|-damage|p2a: Tentacruel|52/100
|
|-weather|RainDance|[upkeep]
|-heal|p2a: Tentacruel|58/100|[from] item: Black Sludge
|upkeep
|turn|28
|
|t:|1776056154
|switch|p1a: Lumineon|Lumineon, F|100/100
|move|p2a: Tentacruel|Surf|p1a: Lumineon
|-resisted|p1a: Lumineon
|-damage|p1a: Lumineon|58/100
|
|-weather|none
|-heal|p2a: Tentacruel|65/100|[from] item: Black Sludge
|upkeep
|turn|29
|
|t:|1776056168
|move|p1a: Lumineon|Ice Beam|p2a: Tentacruel
|-resisted|p2a: Tentacruel
|-damage|p2a: Tentacruel|57/100
|move|p2a: Tentacruel|Sludge Wave|p1a: Lumineon
|-crit|p1a: Lumineon
|-damage|p1a: Lumineon|0 fnt
|faint|p1a: Lumineon
|
|-heal|p2a: Tentacruel|63/100|[from] item: Black Sludge
|upkeep
|
|t:|1776056177
|switch|p1a: Donphan|Donphan, M|15/100
|turn|30
|
|t:|1776056185
|move|p2a: Tentacruel|Surf|p1a: Donphan
|-supereffective|p1a: Donphan
|-damage|p1a: Donphan|0 fnt
|faint|p1a: Donphan
|
|win|MASTEROFALLCREATE
|raw|SyntaxQ's rating: 1083 &rarr; <strong>1060</strong><br />(-23 for losing)
|raw|MASTEROFALLCREATE's rating: 1077 &rarr; <strong>1106</strong><br />(+29 for winning)
|l|☆SyntaxQ
|player|p1|
|l|☆MASTEROFALLCREATE
|player|p2|
