|html|<div class="broadcast-blue"><strong>[Gen 9] OU is currently suspecting Tera Blast! For information on how to participate check out the <a href="https://www.smogon.com/tools/suspects/view/200">suspect thread</a>.</strong></div>
|j|☆GOAT69BEASTY
|j|☆Stefke
|t:|1776107141
|gametype|singles
|player|p1|GOAT69BEASTY|riley|
|player|p2|Stefke|ingo|
|gen|9
|tier|[Gen 9] OU
|rule|HP Percentage Mod: HP is shown in percentages
|rule|Endless Battle Clause: Forcing endless battles is banned
|rule|Species Clause: Limit one of each Pokémon
|rule|OHKO Clause: OHKO moves are banned
|rule|Evasion Items Clause: Evasion items are banned
|rule|Evasion Moves Clause: Evasion moves are banned
|rule|Evasion Abilities Clause: Evasion abilities are banned
|rule|Sleep Moves Clause: Sleep-inducing moves are banned
|clearpoke
|poke|p1|Cinderace, M|
|poke|p1|Raging Bolt|
|poke|p1|Meowscarada, M|
|poke|p1|Salamence, F|
|poke|p1|Manaphy|
|poke|p1|Lycanroc-Dusk, F|
|poke|p2|Landorus-Therian, M|
|poke|p2|Heatran, M|
|poke|p2|Tornadus-Therian, M|
|poke|p2|Krookodile, F|
|poke|p2|Azumarill, M|
|poke|p2|Dragapult, F|
|teampreview
|j| MalekithLovesLay
|
|t:|1776107157
|teamsize|p1|6
|teamsize|p2|6
|start
|switch|p1a: Manaphy|Manaphy, shiny|100/100
|switch|p2a: Landorus|Landorus-Therian, M|100/100
|-ability|p2a: Landorus|Intimidate|boost
|-unboost|p1a: Manaphy|atk|1
|turn|1
|n| TRGEN_Malekith|malekithloveslay
|c| TRGEN_Malekith|yo addy that lil guy is just like you: small but deadly
|
|t:|1776107220
|move|p1a: Manaphy|Reflect|p1a: Manaphy
|-sidestart|p1: GOAT69BEASTY|Reflect
|move|p2a: Landorus|U-turn|p1a: Manaphy
|-damage|p1a: Manaphy|89/100
|
|t:|1776107241
|switch|p2a: Krookodile|Krookodile, F|100/100|[from] U-turn
|-ability|p2a: Krookodile|Intimidate|boost
|-unboost|p1a: Manaphy|atk|1
|
|upkeep
|turn|2
|j| gogurtisimo
|
|t:|1776107249
|move|p2a: Krookodile|Brick Break|p1a: Manaphy
|-sideend|p1: GOAT69BEASTY|Reflect
|-damage|p1a: Manaphy|63/100
|move|p1a: Manaphy|Tail Glow|p1a: Manaphy
|-boost|p1a: Manaphy|spa|3
|
|upkeep
|turn|3
|c| TRGEN_Malekith|not too bad not too bad
|
|t:|1776107272
|move|p2a: Krookodile|Brick Break|p1a: Manaphy
|-crit|p1a: Manaphy
|-damage|p1a: Manaphy|26/100
|move|p1a: Manaphy|Surf|p2a: Krookodile
|-supereffective|p2a: Krookodile
|-damage|p2a: Krookodile|0 fnt
|faint|p2a: Krookodile
|
|upkeep
|
|t:|1776107279
|switch|p2a: Dragapult|Dragapult, F|100/100
|turn|4
|c| TRGEN_Malekith|crit did NOT matter as first KO lands
|c| gogurtisimo|🔫🔫🔫🔫
|
|t:|1776107293
|move|p2a: Dragapult|Draco Meteor|p1a: Manaphy
|-damage|p1a: Manaphy|0 fnt
|-unboost|p2a: Dragapult|spa|2
|faint|p1a: Manaphy
|
|upkeep
|c| TRGEN_Malekith|thats nasty
|c| TRGEN_Malekith|he wanted u gone REGARDLESS
|
|t:|1776107316
|switch|p1a: Cinderace|Cinderace, M, shiny|100/100
|turn|5
|
|t:|1776107329
|move|p1a: Cinderace|Sucker Punch|p2a: Dragapult
|-start|p1a: Cinderace|typechange|Dark|[from] ability: Libero
|-supereffective|p2a: Dragapult
|-damage|p2a: Dragapult|0 fnt
|faint|p2a: Dragapult
|
|upkeep
|
|t:|1776107343
|switch|p2a: Landorus|Landorus-Therian, M|100/100
|-ability|p2a: Landorus|Intimidate|boost
|-unboost|p1a: Cinderace|atk|1
|turn|6
|c| TRGEN_Malekith|stab sucker kills there yeah
|
|t:|1776107350
|move|p1a: Cinderace|U-turn|p2a: Landorus
|-resisted|p2a: Landorus
|-damage|p2a: Landorus|96/100
|-damage|p1a: Cinderace|84/100|[from] item: Rocky Helmet|[of] p2a: Landorus
|
|t:|1776107372
|switch|p1a: Lycanroc|Lycanroc-Dusk, F|100/100|[from] U-turn
|move|p2a: Landorus|Earthquake|p1a: Lycanroc
|-supereffective|p1a: Lycanroc
|-damage|p1a: Lycanroc|0 fnt
|faint|p1a: Lycanroc
|
|upkeep
|c| TRGEN_Malekith|if he pressed stealths its gon be so funny
|c| TRGEN_Malekith|BHAHAHAHAHA
|c| TRGEN_Malekith|GET FUCKED
|
|t:|1776107383
|switch|p1a: Meowscarada|Meowscarada, M, shiny|100/100
|turn|7
|
|t:|1776107396
|move|p1a: Meowscarada|Triple Axel|p2a: Landorus
|-start|p1a: Meowscarada|typechange|Ice|[from] ability: Protean
|-supereffective|p2a: Landorus
|-damage|p2a: Landorus|67/100
|-damage|p1a: Meowscarada|84/100|[from] item: Rocky Helmet|[of] p2a: Landorus
|-supereffective|p2a: Landorus
|-damage|p2a: Landorus|13/100
|-damage|p1a: Meowscarada|68/100|[from] item: Rocky Helmet|[of] p2a: Landorus
|-supereffective|p2a: Landorus
|-damage|p2a: Landorus|0 fnt
|-damage|p1a: Meowscarada|51/100|[from] item: Rocky Helmet|[of] p2a: Landorus
|faint|p2a: Landorus
|-hitcount|p2: Landorus|3
|
|upkeep
|
|t:|1776107411
|switch|p2a: Tornadus|Tornadus-Therian, M|100/100
|turn|8
|c| TRGEN_Malekith|rocky helmet huuuurt the furry huh
|
|t:|1776107423
|move|p1a: Meowscarada|U-turn|p2a: Tornadus
|-resisted|p2a: Tornadus
|-damage|p2a: Tornadus|89/100
|
|t:|1776107426
|switch|p1a: Raging Bolt|Raging Bolt|100/100|[from] U-turn
|-enditem|p1a: Raging Bolt|Booster Energy
|-activate|p1a: Raging Bolt|ability: Protosynthesis|[fromitem]
|-start|p1a: Raging Bolt|protosynthesisspa
|move|p2a: Tornadus|Hurricane|p1a: Raging Bolt
|-resisted|p1a: Raging Bolt
|-damage|p1a: Raging Bolt|80/100
|
|upkeep
|turn|9
|
|t:|1776107436
|move|p2a: Tornadus|Taunt|p1a: Raging Bolt
|-start|p1a: Raging Bolt|move: Taunt
|cant|p1a: Raging Bolt|move: Taunt|Calm Mind
|
|upkeep
|turn|10
|c| TRGEN_Malekith|OHHHHHHHH
|
|t:|1776107445
|move|p1a: Raging Bolt|Thunderclap|p2a: Tornadus
|-supereffective|p2a: Tornadus
|-damage|p2a: Tornadus|0 fnt
|faint|p2a: Tornadus
|
|upkeep
|
|t:|1776107451
|switch|p2a: Azumarill|Azumarill, M|100/100
|turn|11
|
|t:|1776107465
|-terastallize|p1a: Raging Bolt|Fairy
|move|p1a: Raging Bolt|Thunderbolt|p2a: Azumarill
|-supereffective|p2a: Azumarill
|-damage|p2a: Azumarill|0 fnt
|faint|p2a: Azumarill
|
|-end|p1a: Raging Bolt|move: Taunt
|upkeep
|
|t:|1776107473
|switch|p2a: Heatran|Heatran, M|100/100
|turn|12
|
|t:|1776107483
|move|p1a: Raging Bolt|Thunderbolt|p2a: Heatran
|-damage|p2a: Heatran|56/100
|move|p2a: Heatran|Magma Storm|p1a: Raging Bolt
|-damage|p1a: Raging Bolt|41/100
|-activate|p1a: Raging Bolt|move: Magma Storm|[of] p2a: Heatran
|
|-heal|p2a: Heatran|62/100|[from] item: Leftovers
|-damage|p1a: Raging Bolt|29/100|[from] move: Magma Storm|[partiallytrapped]
|upkeep
|turn|13
|c| TRGEN_Malekith|weird terra for heatran still up
|
|t:|1776107491
|move|p2a: Heatran|Protect|p2a: Heatran
|-singleturn|p2a: Heatran|Protect
|move|p1a: Raging Bolt|Thunderbolt|p2a: Heatran
|-activate|p2a: Heatran|move: Protect
|
|-heal|p2a: Heatran|69/100|[from] item: Leftovers
|-damage|p1a: Raging Bolt|16/100|[from] move: Magma Storm|[partiallytrapped]
|upkeep
|turn|14
|
|t:|1776107501
|move|p1a: Raging Bolt|Thunderbolt|p2a: Heatran
|-damage|p2a: Heatran|24/100
|move|p2a: Heatran|Magma Storm|p1a: Raging Bolt
|-crit|p1a: Raging Bolt
|-damage|p1a: Raging Bolt|0 fnt
|faint|p1a: Raging Bolt
|-end|p1a: Raging Bolt|Protosynthesis|[silent]
|
|-heal|p2a: Heatran|31/100|[from] item: Leftovers
|upkeep
|c| TRGEN_Malekith|stab bolt kills there with good rng but yeah...
|
|t:|1776107518
|switch|p1a: Meowscarada|Meowscarada, M, shiny|51/100
|turn|15
|
|t:|1776107524
|move|p2a: Heatran|Protect|p2a: Heatran
|-singleturn|p2a: Heatran|Protect
|move|p1a: Meowscarada|Knock Off|p2a: Heatran
|-start|p1a: Meowscarada|typechange|Dark|[from] ability: Protean
|-activate|p2a: Heatran|move: Protect
|
|-heal|p2a: Heatran|37/100|[from] item: Leftovers
|upkeep
|turn|16
|
|t:|1776107537
|move|p1a: Meowscarada|Knock Off|p2a: Heatran
|-damage|p2a: Heatran|0 fnt
|-enditem|p2a: Heatran|Leftovers|[from] move: Knock Off|[of] p1a: Meowscarada
|faint|p2a: Heatran
|
|win|GOAT69BEASTY
|c| TRGEN_Malekith|ggs first game
