|html|<div class="broadcast-blue"><strong>[Gen 9] OU is currently suspecting Tera Blast! For information on how to participate check out the <a href="https://www.smogon.com/tools/suspects/view/200">suspect thread</a>.</strong></div>
|j|☆jdarkswords
|j|☆zaybo_0
|t:|1776196815
|gametype|singles
|player|p1|jdarkswords|265|1029
|player|p2|zaybo_0|266|1091
|gen|9
|tier|[Gen 9] OU
|rated|
|rule|HP Percentage Mod: HP is shown in percentages
|rule|Endless Battle Clause: Forcing endless battles is banned
|rule|Species Clause: Limit one of each Pokémon
|rule|OHKO Clause: OHKO moves are banned
|rule|Evasion Items Clause: Evasion items are banned
|rule|Evasion Moves Clause: Evasion moves are banned
|rule|Evasion Abilities Clause: Evasion abilities are banned
|rule|Sleep Moves Clause: Sleep-inducing moves are banned
|clearpoke
|poke|p1|Deoxys-Speed|
|poke|p1|Ceruledge, M|
|poke|p1|Zamazenta-*|
|poke|p1|Ogerpon-Wellspring, F|
|poke|p1|Glimmora, F|
|poke|p1|Moltres-Galar|
|poke|p2|Corviknight, M|
|poke|p2|Dragapult, M|
|poke|p2|Darkrai|
|poke|p2|Chesnaught, M|
|poke|p2|Primarina, F|
|poke|p2|Heatran, M|
|teampreview
|
|t:|1776196842
|teamsize|p1|6
|teamsize|p2|6
|start
|switch|p1a: Glimmora|Glimmora, F|100/100
|switch|p2a: Dragapult|Dragapult, M, shiny|100/100
|turn|1
|
|t:|1776196854
|move|p2a: Dragapult|Shadow Ball|p1a: Glimmora
|-damage|p1a: Glimmora|34/100
|move|p1a: Glimmora|Meteor Beam||[still]
|-prepare|p1a: Glimmora|Meteor Beam
|-boost|p1a: Glimmora|spa|1
|-enditem|p1a: Glimmora|Power Herb
|-anim|p1a: Glimmora|Meteor Beam|p2a: Dragapult
|-damage|p2a: Dragapult|0 fnt
|faint|p2a: Dragapult
|
|upkeep
|
|t:|1776196864
|switch|p2a: Corviknight|Corviknight, M, shiny|100/100
|-ability|p2a: Corviknight|Pressure
|turn|2
|
|t:|1776196871
|move|p1a: Glimmora|Stealth Rock|p2a: Corviknight
|-sidestart|p2: zaybo_0|move: Stealth Rock
|move|p2a: Corviknight|Brave Bird|p1a: Glimmora
|-resisted|p1a: Glimmora
|-damage|p1a: Glimmora|11/100
|-activate|p1a: Glimmora|ability: Toxic Debris
|-sidestart|p2: zaybo_0|move: Toxic Spikes
|-damage|p2a: Corviknight|95/100|[from] Recoil
|
|upkeep
|turn|3
|
|t:|1776196897
|switch|p1a: Ogerpon|Ogerpon-Wellspring, F|100/100
|move|p2a: Corviknight|U-turn|p1a: Ogerpon
|-supereffective|p1a: Ogerpon
|-damage|p1a: Ogerpon|63/100
|
|t:|1776196910
|switch|p2a: Darkrai|Darkrai, shiny|100/100|[from] U-turn
|
|upkeep
|turn|4
|
|t:|1776196918
|move|p2a: Darkrai|Will-O-Wisp|p1a: Ogerpon
|-status|p1a: Ogerpon|brn
|move|p1a: Ogerpon|Play Rough|p2a: Darkrai
|-supereffective|p2a: Darkrai
|-damage|p2a: Darkrai|46/100
|
|-damage|p1a: Ogerpon|57/100 brn|[from] brn
|upkeep
|turn|5
|
|t:|1776196935
|-terastallize|p1a: Ogerpon|Water
|detailschange|p1a: Ogerpon|Ogerpon-Wellspring-Tera, F, tera:Water
|-ability|p1a: Ogerpon|Embody Aspect (Wellspring)|boost
|-boost|p1a: Ogerpon|spd|1
|move|p2a: Darkrai|Sludge Bomb|p1a: Ogerpon
|-damage|p1a: Ogerpon|33/100 brn
|move|p1a: Ogerpon|Play Rough|p2a: Darkrai
|-supereffective|p2a: Darkrai
|-damage|p2a: Darkrai|0 fnt
|faint|p2a: Darkrai
|
|-damage|p1a: Ogerpon|27/100 brn|[from] brn
|upkeep
|
|t:|1776196948
|switch|p2a: Corviknight|Corviknight, M, shiny|95/100
|-damage|p2a: Corviknight|82/100|[from] Stealth Rock
|-ability|p2a: Corviknight|Pressure
|turn|6
|
|t:|1776196959
|move|p1a: Ogerpon|Ivy Cudgel|p2a: Corviknight|[anim] Ivy Cudgel Water
|-damage|p2a: Corviknight|56/100
|move|p2a: Corviknight|Defog|p1a: Ogerpon
|-unboost|p1a: Ogerpon|evasion|1
|-sideend|p2: zaybo_0|Toxic Spikes|[from] move: Defog|[of] p2a: Corviknight
|-sideend|p2: zaybo_0|Stealth Rock|[from] move: Defog|[of] p2a: Corviknight
|
|-damage|p1a: Ogerpon|21/100 brn|[from] brn
|upkeep
|turn|7
|
|t:|1776196968
|switch|p2a: Chesnaught|Chesnaught, M, shiny|100/100
|move|p1a: Ogerpon|Ivy Cudgel|p2a: Chesnaught|[anim] Ivy Cudgel Water
|-resisted|p2a: Chesnaught
|-damage|p2a: Chesnaught|88/100
|
|-heal|p2a: Chesnaught|94/100|[from] item: Leftovers
|-damage|p1a: Ogerpon|15/100 brn|[from] brn
|upkeep
|turn|8
|
|t:|1776196979
|move|p1a: Ogerpon|Play Rough|p2a: Chesnaught
|-supereffective|p2a: Chesnaught
|-damage|p2a: Chesnaught|71/100
|move|p2a: Chesnaught|Leech Seed|p1a: Ogerpon
|-start|p1a: Ogerpon|move: Leech Seed
|
|-heal|p2a: Chesnaught|78/100|[from] item: Leftovers
|-damage|p1a: Ogerpon|2/100 brn|[from] Leech Seed|[of] p2a: Chesnaught
|-heal|p2a: Chesnaught|87/100|[silent]
|-damage|p1a: Ogerpon|0 fnt|[from] brn
|faint|p1a: Ogerpon
|detailschange|p1: Ogerpon|Ogerpon-Wellspring, F|[silent]
|upkeep
|
|t:|1776196988
|switch|p1a: Ceruledge|Ceruledge, M|100/100
|turn|9
|
|t:|1776196994
|switch|p2a: Heatran|Heatran, M, shiny|100/100
|move|p1a: Ceruledge|Bitter Blade|p2a: Heatran
|-start|p2a: Heatran|ability: Flash Fire
|
|upkeep
|turn|10
|
|t:|1776197004
|move|p1a: Ceruledge|Poltergeist|p2a: Heatran
|-activate|p2a: Heatran|move: Poltergeist|Leftovers
|-damage|p2a: Heatran|32/100
|-damage|p1a: Ceruledge|91/100|[from] item: Life Orb
|move|p2a: Heatran|Stealth Rock|p1a: Ceruledge
|-sidestart|p1: jdarkswords|move: Stealth Rock
|
|-heal|p2a: Heatran|39/100|[from] item: Leftovers
|upkeep
|turn|11
|
|t:|1776197021
|-end|p2a: Heatran|ability: Flash Fire|[silent]
|switch|p2a: Chesnaught|Chesnaught, M, shiny|87/100
|move|p1a: Ceruledge|Poltergeist|p2a: Chesnaught
|-activate|p2a: Chesnaught|move: Poltergeist|Leftovers
|-damage|p2a: Chesnaught|46/100
|-damage|p1a: Ceruledge|81/100|[from] item: Life Orb
|
|-heal|p2a: Chesnaught|52/100|[from] item: Leftovers
|upkeep
|turn|12
|
|t:|1776197031
|move|p2a: Chesnaught|Spiky Shield|p2a: Chesnaught
|-singleturn|p2a: Chesnaught|move: Protect
|move|p1a: Ceruledge|Bitter Blade|p2a: Chesnaught
|-activate|p2a: Chesnaught|move: Protect
|-damage|p1a: Ceruledge|69/100|[from] Spiky Shield|[of] p2a: Chesnaught
|
|-heal|p2a: Chesnaught|58/100|[from] item: Leftovers
|upkeep
|turn|13
|
|t:|1776197039
|switch|p2a: Heatran|Heatran, M, shiny|39/100
|move|p1a: Ceruledge|Poltergeist|p2a: Heatran
|-activate|p2a: Heatran|move: Poltergeist|Leftovers
|-damage|p2a: Heatran|0 fnt
|faint|p2a: Heatran
|-damage|p1a: Ceruledge|59/100|[from] item: Life Orb
|
|upkeep
|
|t:|1776197050
|switch|p2a: Primarina|Primarina, F, shiny|100/100
|turn|14
|
|t:|1776197056
|switch|p1a: Zamazenta|Zamazenta|100/100
|-damage|p1a: Zamazenta|94/100|[from] Stealth Rock
|-ability|p1a: Zamazenta|Dauntless Shield|boost
|-boost|p1a: Zamazenta|def|1
|move|p2a: Primarina|Surf|p1a: Zamazenta
|-damage|p1a: Zamazenta|46/100
|
|-heal|p1a: Zamazenta|52/100|[from] item: Leftovers
|upkeep
|turn|15
|
|t:|1776197069
|move|p2a: Primarina|Moonblast|p1a: Zamazenta
|-supereffective|p1a: Zamazenta
|-damage|p1a: Zamazenta|0 fnt
|faint|p1a: Zamazenta
|
|upkeep
|
|t:|1776197074
|switch|p1a: Moltres|Moltres-Galar|100/100
|-damage|p1a: Moltres|75/100|[from] Stealth Rock
|turn|16
|
|t:|1776197082
|move|p1a: Moltres|Tera Blast|p2a: Primarina
|-damage|p2a: Primarina|84/100
|move|p2a: Primarina|Moonblast|p1a: Moltres
|-supereffective|p1a: Moltres
|-damage|p1a: Moltres|0 fnt
|faint|p1a: Moltres
|
|upkeep
|
|t:|1776197092
|switch|p1a: Deoxys|Deoxys-Speed|100/100
|-damage|p1a: Deoxys|88/100|[from] Stealth Rock
|-ability|p1a: Deoxys|Pressure
|turn|17
|
|t:|1776197100
|move|p1a: Deoxys|Psycho Boost|p2a: Primarina|[miss]
|-miss|p1a: Deoxys|p2a: Primarina
|move|p2a: Primarina|Flip Turn|p1a: Deoxys
|-damage|p1a: Deoxys|69/100
|
|t:|1776197106
|switch|p2a: Corviknight|Corviknight, M, shiny|56/100|[from] Flip Turn
|-ability|p2a: Corviknight|Pressure
|
|upkeep
|turn|18
|
|t:|1776197122
|move|p1a: Deoxys|Light Screen|p1a: Deoxys
|-sidestart|p1: jdarkswords|move: Light Screen
|move|p2a: Corviknight|Roost|p2a: Corviknight
|-heal|p2a: Corviknight|100/100
|-singleturn|p2a: Corviknight|move: Roost
|
|upkeep
|turn|19
|
|t:|1776197137
|switch|p1a: Ceruledge|Ceruledge, M|59/100
|-damage|p1a: Ceruledge|34/100|[from] Stealth Rock
|move|p2a: Corviknight|U-turn|p1a: Ceruledge
|-resisted|p1a: Ceruledge
|-damage|p1a: Ceruledge|30/100
|-ability|p1a: Ceruledge|Weak Armor|boost
|-unboost|p1a: Ceruledge|def|1
|-boost|p1a: Ceruledge|spe|2
|
|t:|1776197148
|switch|p2a: Primarina|Primarina, F, shiny|84/100|[from] U-turn
|
|upkeep
|turn|20
|
|t:|1776197153
|move|p1a: Ceruledge|Poltergeist|p2a: Primarina
|-activate|p2a: Primarina|move: Poltergeist|Assault Vest
|-damage|p2a: Primarina|0 fnt
|faint|p2a: Primarina
|-damage|p1a: Ceruledge|20/100|[from] item: Life Orb
|
|upkeep
|
|t:|1776197160
|switch|p2a: Corviknight|Corviknight, M, shiny|100/100
|-ability|p2a: Corviknight|Pressure
|turn|21
|
|t:|1776197171
|-terastallize|p2a: Corviknight|Dragon
|move|p1a: Ceruledge|Poltergeist|p2a: Corviknight
|-activate|p2a: Corviknight|move: Poltergeist|Rocky Helmet
|-damage|p2a: Corviknight|50/100
|-damage|p1a: Ceruledge|10/100|[from] item: Life Orb
|move|p2a: Corviknight|Brave Bird|p1a: Ceruledge
|-damage|p1a: Ceruledge|0 fnt
|faint|p1a: Ceruledge
|-damage|p2a: Corviknight|47/100|[from] Recoil
|
|upkeep
|
|t:|1776197182
|switch|p1a: Glimmora|Glimmora, F|11/100
|-damage|p1a: Glimmora|0 fnt|[from] Stealth Rock
|faint|p1a: Glimmora
|
|t:|1776197186
|switch|p1a: Deoxys|Deoxys-Speed|69/100
|-damage|p1a: Deoxys|57/100|[from] Stealth Rock
|-ability|p1a: Deoxys|Pressure
|turn|22
|
|t:|1776197192
|move|p1a: Deoxys|Psycho Boost|p2a: Corviknight
|-damage|p2a: Corviknight|4/100
|-unboost|p1a: Deoxys|spa|2
|move|p2a: Corviknight|Roost|p2a: Corviknight
|-heal|p2a: Corviknight|54/100
|
|upkeep
|turn|23
|
|t:|1776197201
|move|p1a: Deoxys|Psycho Boost|p2a: Corviknight
|-damage|p2a: Corviknight|34/100
|-unboost|p1a: Deoxys|spa|2
|move|p2a: Corviknight|U-turn|p1a: Deoxys
|-supereffective|p1a: Deoxys
|-damage|p1a: Deoxys|22/100
|
|t:|1776197208
|switch|p2a: Chesnaught|Chesnaught, M, shiny|58/100|[from] U-turn
|
|-heal|p2a: Chesnaught|64/100|[from] item: Leftovers
|upkeep
|turn|24
|
|t:|1776197215
|move|p2a: Chesnaught|Spiky Shield|p2a: Chesnaught
|-singleturn|p2a: Chesnaught|move: Protect
|move|p1a: Deoxys|Psycho Boost|p2a: Chesnaught
|-activate|p2a: Chesnaught|move: Protect
|
|-heal|p2a: Chesnaught|70/100|[from] item: Leftovers
|upkeep
|turn|25
|
|t:|1776197225
|move|p1a: Deoxys|Psycho Boost|p2a: Chesnaught
|-supereffective|p2a: Chesnaught
|-damage|p2a: Chesnaught|38/100
|-unboost|p1a: Deoxys|spa|2
|move|p2a: Chesnaught|Leech Seed|p1a: Deoxys
|-start|p1a: Deoxys|move: Leech Seed
|
|-heal|p2a: Chesnaught|44/100|[from] item: Leftovers
|-damage|p1a: Deoxys|9/100|[from] Leech Seed|[of] p2a: Chesnaught
|-heal|p2a: Chesnaught|54/100|[silent]
|-sideend|p1: jdarkswords|move: Light Screen
|upkeep
|turn|26
|
|t:|1776197235
|move|p2a: Chesnaught|Spiky Shield|p2a: Chesnaught
|-singleturn|p2a: Chesnaught|move: Protect
|move|p1a: Deoxys|Psycho Boost|p2a: Chesnaught
|-activate|p2a: Chesnaught|move: Protect
|
|-heal|p2a: Chesnaught|60/100|[from] item: Leftovers
|-damage|p1a: Deoxys|0 fnt|[from] Leech Seed|[of] p2a: Chesnaught
|-heal|p2a: Chesnaught|67/100|[silent]
|faint|p1a: Deoxys
|
|win|zaybo_0
|raw|jdarkswords's rating: 1029 &rarr; <strong>1017</strong><br />(-12 for losing)
|raw|zaybo_0's rating: 1091 &rarr; <strong>1113</strong><br />(+22 for winning)
|c|☆zaybo_0|ggs
|l|☆jdarkswords
|player|p1|
