|html|<div class="broadcast-blue"><strong>[Gen 9] OU is currently suspecting Tera Blast! For information on how to participate check out the <a href="https://www.smogon.com/tools/suspects/view/200">suspect thread</a>.</strong></div>
|j|☆Orange Fruit
|j|☆leontief47
|t:|1776199906
|gametype|singles
|player|p1|Orange Fruit|flint|1678
|player|p2|leontief47|clerk|1712
|gen|9
|tier|[Gen 9] OU
|rated|
|rule|HP Percentage Mod: HP is shown in percentages
|rule|Endless Battle Clause: Forcing endless battles is banned
|rule|Species Clause: Limit one of each Pokémon
|rule|OHKO Clause: OHKO moves are banned
|rule|Evasion Items Clause: Evasion items are banned
|rule|Evasion Moves Clause: Evasion moves are banned
|rule|Evasion Abilities Clause: Evasion abilities are banned
|rule|Sleep Moves Clause: Sleep-inducing moves are banned
|clearpoke
|poke|p1|Tyranitar, M|
|poke|p1|Alomomola, F|
|poke|p1|Gliscor, M|
|poke|p1|Sinistcha|
|poke|p1|Cinderace, M|
|poke|p1|Iron Crown|
|poke|p2|Rillaboom, F|
|poke|p2|Raging Bolt|
|poke|p2|Hawlucha, F|
|poke|p2|Zamazenta-*|
|poke|p2|Ogerpon-Cornerstone, F|
|poke|p2|Iron Treads|
|teampreview
|inactive|Battle timer is ON: inactive players will automatically lose when time's up. (requested by Orange Fruit)
|
|t:|1776199930
|teamsize|p1|6
|teamsize|p2|6
|start
|switch|p1a: Cinderace|Cinderace, M|100/100
|switch|p2a: Iron Treads|Iron Treads|100/100
|-enditem|p2a: Iron Treads|Booster Energy
|-activate|p2a: Iron Treads|ability: Quark Drive|[fromitem]
|-start|p2a: Iron Treads|quarkdrivespe
|turn|1
|
|t:|1776199938
|switch|p1a: Alomomola|Alomomola, F|100/100
|move|p2a: Iron Treads|Earth Power|p1a: Alomomola
|-damage|p1a: Alomomola|80/100
|
|upkeep
|turn|2
|
|t:|1776199940
|move|p2a: Iron Treads|Stealth Rock|p1a: Alomomola
|-sidestart|p1: Orange Fruit|move: Stealth Rock
|move|p1a: Alomomola|Flip Turn|p2a: Iron Treads
|-supereffective|p2a: Iron Treads
|-damage|p2a: Iron Treads|72/100
|
|t:|1776199943
|switch|p1a: Gliscor|Gliscor, M|100/100|[from] Flip Turn
|-damage|p1a: Gliscor|88/100|[from] Stealth Rock
|
|-status|p1a: Gliscor|tox|[from] item: Toxic Orb
|upkeep
|turn|3
|
|t:|1776199945
|move|p1a: Gliscor|Protect|p1a: Gliscor
|-singleturn|p1a: Gliscor|Protect
|move|p2a: Iron Treads|Steel Beam|p1a: Gliscor
|-activate|p1a: Gliscor|move: Protect
|-damage|p2a: Iron Treads|22/100|[from] steelbeam
|
|-heal|p1a: Gliscor|100/100 tox|[from] ability: Poison Heal
|upkeep
|turn|4
|
|t:|1776199951
|-end|p2a: Iron Treads|Quark Drive|[silent]
|switch|p2a: Zamazenta|Zamazenta|100/100
|-ability|p2a: Zamazenta|Dauntless Shield|boost
|-boost|p2a: Zamazenta|def|1
|switch|p1a: Alomomola|Alomomola, F|100/100
|-damage|p1a: Alomomola|88/100|[from] Stealth Rock
|
|upkeep
|turn|5
|
|t:|1776199955
|move|p2a: Zamazenta|Close Combat|p1a: Alomomola
|-damage|p1a: Alomomola|45/100
|-unboost|p2a: Zamazenta|def|1
|-unboost|p2a: Zamazenta|spd|1
|-damage|p2a: Zamazenta|91/100|[from] item: Life Orb
|move|p1a: Alomomola|Flip Turn|p2a: Zamazenta
|-damage|p2a: Zamazenta|75/100
|
|t:|1776199980
|switch|p1a: Gliscor|Gliscor, M|100/100 tox|[from] Flip Turn
|-damage|p1a: Gliscor|88/100 tox|[from] Stealth Rock
|
|-heal|p1a: Gliscor|100/100 tox|[from] ability: Poison Heal
|upkeep
|turn|6
|
|t:|1776199984
|switch|p1a: Alomomola|Alomomola, F|79/100
|-damage|p1a: Alomomola|66/100|[from] Stealth Rock
|move|p2a: Zamazenta|Ice Fang|p1a: Alomomola
|-resisted|p1a: Alomomola
|-damage|p1a: Alomomola|58/100
|-damage|p2a: Zamazenta|65/100|[from] item: Life Orb
|
|upkeep
|turn|7
|
|t:|1776199993
|switch|p2a: Rillaboom|Rillaboom, F|100/100
|-fieldstart|move: Grassy Terrain|[from] ability: Grassy Surge|[of] p2a: Rillaboom
|move|p1a: Alomomola|Flip Turn|p2a: Rillaboom
|-resisted|p2a: Rillaboom
|-damage|p2a: Rillaboom|92/100
|
|t:|1776199995
|switch|p1a: Cinderace|Cinderace, M|100/100|[from] Flip Turn
|
|-heal|p2a: Rillaboom|99/100|[from] Grassy Terrain
|upkeep
|turn|8
|
|t:|1776199998
|switch|p2a: Iron Treads|Iron Treads|22/100
|move|p1a: Cinderace|U-turn|p2a: Iron Treads
|-start|p1a: Cinderace|typechange|Bug|[from] ability: Libero
|-resisted|p2a: Iron Treads
|-damage|p2a: Iron Treads|7/100
|
|t:|1776200001
|switch|p1a: Alomomola|Alomomola, F|91/100|[from] U-turn
|-damage|p1a: Alomomola|79/100|[from] Stealth Rock
|
|-heal|p2a: Iron Treads|13/100|[from] Grassy Terrain
|-heal|p1a: Alomomola|85/100|[from] Grassy Terrain
|upkeep
|turn|9
|
|t:|1776200006
|move|p2a: Iron Treads|Earth Power|p1a: Alomomola
|-damage|p1a: Alomomola|65/100
|move|p1a: Alomomola|Flip Turn|p2a: Iron Treads
|-supereffective|p2a: Iron Treads
|-damage|p2a: Iron Treads|0 fnt
|faint|p2a: Iron Treads
|-end|p2a: Iron Treads|Quark Drive|[silent]
|
|t:|1776200010
|switch|p1a: Gliscor|Gliscor, M|100/100 tox|[from] Flip Turn
|-damage|p1a: Gliscor|88/100 tox|[from] Stealth Rock
|
|-heal|p1a: Gliscor|100/100 tox|[from] ability: Poison Heal
|upkeep
|
|t:|1776200016
|switch|p2a: Ogerpon|Ogerpon-Cornerstone, F|100/100
|turn|10
|
|t:|1776200020
|move|p2a: Ogerpon|Swords Dance|p2a: Ogerpon
|-boost|p2a: Ogerpon|atk|2
|move|p1a: Gliscor|Toxic|p2a: Ogerpon
|-status|p2a: Ogerpon|tox
|
|-damage|p2a: Ogerpon|95/100 tox|[from] psn
|upkeep
|turn|11
|
|t:|1776200026
|move|p2a: Ogerpon|Swords Dance|p2a: Ogerpon
|-boost|p2a: Ogerpon|atk|2
|move|p1a: Gliscor|Knock Off|p2a: Ogerpon
|-damage|p2a: Ogerpon|75/100 tox
|
|-heal|p2a: Ogerpon|81/100 tox|[from] Grassy Terrain
|-damage|p2a: Ogerpon|69/100 tox|[from] psn
|upkeep
|turn|12
|
|t:|1776200041
|move|p1a: Gliscor|Protect|p1a: Gliscor
|-singleturn|p1a: Gliscor|Protect
|move|p2a: Ogerpon|Ivy Cudgel|p1a: Gliscor|[anim] Ivy Cudgel Rock
|-activate|p1a: Gliscor|move: Protect
|
|-heal|p2a: Ogerpon|75/100 tox|[from] Grassy Terrain
|-damage|p2a: Ogerpon|57/100 tox|[from] psn
|upkeep
|turn|13
|
|t:|1776200046
|switch|p1a: Alomomola|Alomomola, F|98/100
|-damage|p1a: Alomomola|86/100|[from] Stealth Rock
|move|p2a: Ogerpon|Ivy Cudgel|p1a: Alomomola|[anim] Ivy Cudgel Rock
|-damage|p1a: Alomomola|0 fnt
|faint|p1a: Alomomola
|
|-heal|p2a: Ogerpon|63/100 tox|[from] Grassy Terrain
|-damage|p2a: Ogerpon|39/100 tox|[from] psn
|upkeep
|
|t:|1776200049
|switch|p1a: Cinderace|Cinderace, M|100/100
|turn|14
|
|t:|1776200051
|move|p1a: Cinderace|U-turn|p2a: Ogerpon
|-start|p1a: Cinderace|typechange|Bug|[from] ability: Libero
|-supereffective|p2a: Ogerpon
|-damage|p2a: Ogerpon|0 fnt
|faint|p2a: Ogerpon
|
|t:|1776200059
|switch|p1a: Gliscor|Gliscor, M|100/100 tox|[from] U-turn
|-damage|p1a: Gliscor|88/100 tox|[from] Stealth Rock
|
|-heal|p1a: Gliscor|100/100 tox|[from] ability: Poison Heal
|-fieldend|move: Grassy Terrain
|upkeep
|
|t:|1776200063
|switch|p2a: Zamazenta|Zamazenta|65/100
|turn|15
|
|t:|1776200073
|move|p2a: Zamazenta|Ice Fang|p1a: Gliscor
|-supereffective|p1a: Gliscor
|-crit|p1a: Gliscor
|-damage|p1a: Gliscor|2/100 tox
|-damage|p2a: Zamazenta|55/100|[from] item: Life Orb
|move|p1a: Gliscor|Knock Off|p2a: Zamazenta
|-resisted|p2a: Zamazenta
|-damage|p2a: Zamazenta|45/100
|-enditem|p2a: Zamazenta|Life Orb|[from] move: Knock Off|[of] p1a: Gliscor
|
|-heal|p1a: Gliscor|15/100 tox|[from] ability: Poison Heal
|upkeep
|turn|16
|
|t:|1776200082
|move|p1a: Gliscor|Protect|p1a: Gliscor
|-singleturn|p1a: Gliscor|Protect
|move|p2a: Zamazenta|Crunch|p1a: Gliscor
|-activate|p1a: Gliscor|move: Protect
|
|-heal|p1a: Gliscor|27/100 tox|[from] ability: Poison Heal
|upkeep
|turn|17
|
|t:|1776200087
|switch|p1a: Sinistcha|Sinistcha|100/100
|-damage|p1a: Sinistcha|88/100|[from] Stealth Rock
|move|p2a: Zamazenta|Ice Fang|p1a: Sinistcha
|-supereffective|p1a: Sinistcha
|-damage|p1a: Sinistcha|56/100
|
|upkeep
|turn|18
|
|t:|1776200096
|-terastallize|p2a: Zamazenta|Dark
|move|p2a: Zamazenta|Crunch|p1a: Sinistcha
|-supereffective|p1a: Sinistcha
|-damage|p1a: Sinistcha|0 fnt
|faint|p1a: Sinistcha
|
|upkeep
|inactive|Orange Fruit has 120 seconds left.
|
|t:|1776200129
|switch|p1a: Iron Crown|Iron Crown|100/100
|-damage|p1a: Iron Crown|94/100|[from] Stealth Rock
|turn|19
|
|t:|1776200135
|-terastallize|p1a: Iron Crown|Steel
|move|p1a: Iron Crown|Tachyon Cutter|p2a: Zamazenta
|-damage|p2a: Zamazenta|11/100
|-damage|p2a: Zamazenta|0 fnt
|faint|p2a: Zamazenta
|-hitcount|p2: Zamazenta|2
|
|upkeep
|
|t:|1776200139
|switch|p2a: Rillaboom|Rillaboom, F|99/100
|-fieldstart|move: Grassy Terrain|[from] ability: Grassy Surge|[of] p2a: Rillaboom
|turn|20
|
|t:|1776200143
|move|p1a: Iron Crown|Tachyon Cutter|p2a: Rillaboom
|-damage|p2a: Rillaboom|60/100
|-damage|p2a: Rillaboom|24/100
|-hitcount|p2a: Rillaboom|2
|move|p2a: Rillaboom|Wood Hammer|p1a: Iron Crown
|-resisted|p1a: Iron Crown
|-damage|p1a: Iron Crown|48/100
|-damage|p2a: Rillaboom|11/100|[from] Recoil
|
|-heal|p1a: Iron Crown|55/100|[from] Grassy Terrain
|-heal|p2a: Rillaboom|18/100|[from] Grassy Terrain
|upkeep
|turn|21
|
|t:|1776200147
|move|p2a: Rillaboom|Grassy Glide|p1a: Iron Crown
|-resisted|p1a: Iron Crown
|-damage|p1a: Iron Crown|33/100
|move|p1a: Iron Crown|Tachyon Cutter|p2a: Rillaboom
|-crit|p2a: Rillaboom
|-damage|p2a: Rillaboom|0 fnt
|faint|p2a: Rillaboom
|-hitcount|p2: Rillaboom|1
|
|-heal|p1a: Iron Crown|39/100|[from] Grassy Terrain
|upkeep
|
|t:|1776200149
|switch|p2a: Hawlucha|Hawlucha, F|100/100
|-enditem|p2a: Hawlucha|Grassy Seed
|-boost|p2a: Hawlucha|def|1|[from] item: Grassy Seed
|turn|22
|
|t:|1776200156
|move|p2a: Hawlucha|Close Combat|p1a: Iron Crown
|-supereffective|p1a: Iron Crown
|-damage|p1a: Iron Crown|0 fnt
|-unboost|p2a: Hawlucha|def|1
|-unboost|p2a: Hawlucha|spd|1
|faint|p1a: Iron Crown
|-end|p1a: Iron Crown|Quark Drive|[silent]
|
|upkeep
|
|t:|1776200159
|switch|p1a: Cinderace|Cinderace, M|100/100
|turn|23
|
|t:|1776200163
|move|p2a: Hawlucha|Swords Dance|p2a: Hawlucha
|-boost|p2a: Hawlucha|atk|2
|move|p1a: Cinderace|Pyro Ball|p2a: Hawlucha
|-damage|p2a: Hawlucha|30/100
|
|upkeep
|turn|24
|j| maitre cuck
|
|t:|1776200177
|switch|p1a: Gliscor|Gliscor, M|27/100 tox
|-damage|p1a: Gliscor|15/100 tox|[from] Stealth Rock
|move|p2a: Hawlucha|Acrobatics|p1a: Gliscor
|-damage|p1a: Gliscor|0 fnt
|faint|p1a: Gliscor
|
|upkeep
|l| maitre cuck
|
|t:|1776200193
|switch|p1a: Tyranitar|Tyranitar, M|100/100
|-damage|p1a: Tyranitar|88/100|[from] Stealth Rock
|-weather|Sandstorm|[from] ability: Sand Stream|[of] p1a: Tyranitar
|turn|25
|
|t:|1776200197
|move|p2a: Hawlucha|Close Combat|p1a: Tyranitar
|-supereffective|p1a: Tyranitar
|-damage|p1a: Tyranitar|0 fnt
|-unboost|p2a: Hawlucha|def|1
|-unboost|p2a: Hawlucha|spd|1
|faint|p1a: Tyranitar
|
|-weather|Sandstorm|[upkeep]
|-damage|p2a: Hawlucha|24/100|[from] Sandstorm
|upkeep
|
|t:|1776200199
|switch|p1a: Cinderace|Cinderace, M|100/100
|turn|26
|
|t:|1776200203
|move|p1a: Cinderace|Sucker Punch|p2a: Hawlucha
|-start|p1a: Cinderace|typechange|Dark|[from] ability: Libero
|-resisted|p2a: Hawlucha
|-damage|p2a: Hawlucha|0 fnt
|faint|p2a: Hawlucha
|
|-weather|Sandstorm|[upkeep]
|-damage|p1a: Cinderace|95/100|[from] Sandstorm
|-heal|p1a: Cinderace|100/100|[from] Grassy Terrain
|upkeep
|
|t:|1776200205
|switch|p2a: Raging Bolt|Raging Bolt|100/100
|-enditem|p2a: Raging Bolt|Grassy Seed
|-boost|p2a: Raging Bolt|def|1|[from] item: Grassy Seed
|turn|27
|
|t:|1776200208
|move|p1a: Cinderace|Pyro Ball|p2a: Raging Bolt
|-resisted|p2a: Raging Bolt
|-damage|p2a: Raging Bolt|90/100
|move|p2a: Raging Bolt|Thunderbolt|p1a: Cinderace
|-damage|p1a: Cinderace|29/100
|
|-weather|Sandstorm|[upkeep]
|-damage|p1a: Cinderace|23/100|[from] Sandstorm
|-damage|p2a: Raging Bolt|84/100|[from] Sandstorm
|-heal|p1a: Cinderace|29/100|[from] Grassy Terrain
|-heal|p2a: Raging Bolt|90/100|[from] Grassy Terrain
|-fieldend|move: Grassy Terrain
|upkeep
|turn|28
|
|t:|1776200217
|move|p1a: Cinderace|U-turn|p2a: Raging Bolt
|-damage|p2a: Raging Bolt|79/100
|move|p2a: Raging Bolt|Thunderbolt|p1a: Cinderace
|-damage|p1a: Cinderace|0 fnt
|faint|p1a: Cinderace
|
|win|leontief47
|raw|Orange Fruit's rating: 1678 &rarr; <strong>1660</strong><br />(-18 for losing)
|raw|leontief47's rating: 1712 &rarr; <strong>1730</strong><br />(+18 for winning)
