|html|<div class="broadcast-blue"><strong>[Gen 9] OU is currently suspecting Tera Blast! For information on how to participate check out the <a href="https://www.smogon.com/tools/suspects/view/200">suspect thread</a>.</strong></div>
|j|☆akumuro
|j|☆max4coast
|t:|1776201539
|gametype|singles
|player|p1|akumuro|266|1077
|player|p2|max4coast|guitarist|1083
|gen|9
|tier|[Gen 9] OU
|rated|
|rule|HP Percentage Mod: HP is shown in percentages
|rule|Endless Battle Clause: Forcing endless battles is banned
|rule|Species Clause: Limit one of each Pokémon
|rule|OHKO Clause: OHKO moves are banned
|rule|Evasion Items Clause: Evasion items are banned
|rule|Evasion Moves Clause: Evasion moves are banned
|rule|Evasion Abilities Clause: Evasion abilities are banned
|rule|Sleep Moves Clause: Sleep-inducing moves are banned
|clearpoke
|poke|p1|Ogerpon-Wellspring, F|
|poke|p1|Scizor, F|
|poke|p1|Cinderace, M|
|poke|p1|Iron Valiant|
|poke|p1|Slowking-Galar, F|
|poke|p1|Deoxys-Speed|
|poke|p2|Meowscarada, F|
|poke|p2|Forretress, M|
|poke|p2|Dragapult, F|
|poke|p2|Iron Valiant|
|poke|p2|Reuniclus, F|
|poke|p2|Umbreon, M|
|teampreview
|inactive|Battle timer is ON: inactive players will automatically lose when time's up. (requested by akumuro)
|
|t:|1776201563
|teamsize|p1|6
|teamsize|p2|6
|start
|switch|p1a: Deoxys|Deoxys-Speed|100/100
|switch|p2a: Umbreon|Umbreon, M|100/100
|-ability|p1a: Deoxys|Pressure
|turn|1
|
|t:|1776201572
|move|p1a: Deoxys|Taunt|p2a: Umbreon
|-start|p2a: Umbreon|move: Taunt
|move|p2a: Umbreon|Foul Play|p1a: Deoxys
|-supereffective|p1a: Deoxys
|-damage|p1a: Deoxys|45/100
|-enditem|p1a: Deoxys|Red Card|[of] p2a: Umbreon
|drag|p2a: Reuniclus|Reuniclus, F|100/100
|
|upkeep
|turn|2
|
|t:|1776201588
|switch|p2a: Meowscarada|Meowscarada, F|100/100
|move|p1a: Deoxys|Thunder Wave|p2a: Meowscarada
|-status|p2a: Meowscarada|par
|
|upkeep
|turn|3
|
|t:|1776201595
|move|p2a: Meowscarada|Sucker Punch||[still]
|-fail|p2a: Meowscarada
|move|p1a: Deoxys|Stealth Rock|p2a: Meowscarada
|-sidestart|p2: max4coast|move: Stealth Rock
|
|upkeep
|turn|4
|
|t:|1776201608
|move|p2a: Meowscarada|Sucker Punch||[still]
|-fail|p2a: Meowscarada
|move|p1a: Deoxys|Taunt|p2a: Meowscarada
|-start|p2a: Meowscarada|move: Taunt
|
|upkeep
|turn|5
|
|t:|1776201619
|switch|p1a: Cinderace|Cinderace, M|100/100
|move|p2a: Meowscarada|Knock Off|p1a: Cinderace
|-start|p2a: Meowscarada|typechange|Dark|[from] ability: Protean
|-damage|p1a: Cinderace|40/100
|-enditem|p1a: Cinderace|Heavy-Duty Boots|[from] move: Knock Off|[of] p2a: Meowscarada
|
|upkeep
|turn|6
|
|t:|1776201629
|move|p2a: Meowscarada|Sucker Punch|p1a: Cinderace
|-damage|p1a: Cinderace|0 fnt
|faint|p1a: Cinderace
|
|upkeep
|
|t:|1776201635
|switch|p1a: Ogerpon|Ogerpon-Wellspring, F|100/100
|turn|7
|
|t:|1776201640
|move|p1a: Ogerpon|Swords Dance|p1a: Ogerpon
|-boost|p1a: Ogerpon|atk|2
|move|p2a: Meowscarada|Flower Trick|p1a: Ogerpon
|-crit|p1a: Ogerpon
|-damage|p1a: Ogerpon|60/100
|
|-end|p2a: Meowscarada|move: Taunt
|upkeep
|turn|8
|
|t:|1776201653
|move|p1a: Ogerpon|Trailblaze|p2a: Meowscarada
|-damage|p2a: Meowscarada|3/100 par
|-boost|p1a: Ogerpon|spe|1
|cant|p2a: Meowscarada|par
|
|upkeep
|turn|9
|
|t:|1776201660
|move|p2a: Meowscarada|Sucker Punch|p1a: Ogerpon
|-damage|p1a: Ogerpon|17/100
|move|p1a: Ogerpon|Trailblaze|p2a: Meowscarada
|-damage|p2a: Meowscarada|0 fnt
|-boost|p1a: Ogerpon|spe|1
|faint|p2a: Meowscarada
|
|upkeep
|
|t:|1776201680
|switch|p2a: Forretress|Forretress, M|100/100
|turn|10
|
|t:|1776201687
|-terastallize|p1a: Ogerpon|Water
|detailschange|p1a: Ogerpon|Ogerpon-Wellspring-Tera, F, tera:Water
|-ability|p1a: Ogerpon|Embody Aspect (Wellspring)|boost
|-boost|p1a: Ogerpon|spd|1
|move|p1a: Ogerpon|Ivy Cudgel|p2a: Forretress|[anim] Ivy Cudgel Water
|-damage|p2a: Forretress|19/100
|move|p2a: Forretress|Rapid Spin|p1a: Ogerpon
|-damage|p1a: Ogerpon|5/100
|-boost|p2a: Forretress|spe|1
|-sideend|p2: max4coast|Stealth Rock|[from] move: Rapid Spin|[of] p2a: Forretress
|
|upkeep
|turn|11
|
|t:|1776201701
|move|p2a: Forretress|Protect|p2a: Forretress
|-singleturn|p2a: Forretress|Protect
|move|p1a: Ogerpon|Ivy Cudgel|p2a: Forretress|[anim] Ivy Cudgel Water
|-activate|p2a: Forretress|move: Protect
|
|upkeep
|turn|12
|
|t:|1776201714
|move|p1a: Ogerpon|Ivy Cudgel|p2a: Forretress|[anim] Ivy Cudgel Water
|-damage|p2a: Forretress|0 fnt
|faint|p2a: Forretress
|
|upkeep
|
|t:|1776201721
|switch|p2a: Reuniclus|Reuniclus, F|100/100
|turn|13
|
|t:|1776201727
|move|p1a: Ogerpon|Ivy Cudgel|p2a: Reuniclus|[anim] Ivy Cudgel Water
|-crit|p2a: Reuniclus
|-damage|p2a: Reuniclus|0 fnt
|faint|p2a: Reuniclus
|
|upkeep
|c|☆max4coast|ofc it critd
|
|t:|1776201736
|switch|p2a: Dragapult|Dragapult, F|100/100
|turn|14
|
|t:|1776201739
|move|p1a: Ogerpon|Play Rough|p2a: Dragapult
|-supereffective|p2a: Dragapult
|-damage|p2a: Dragapult|0 fnt
|faint|p2a: Dragapult
|
|upkeep
|n|!max4coast|max4coast
|
|t:|1776201750
|switch|p2a: Iron Valiant|Iron Valiant|100/100
|-enditem|p2a: Iron Valiant|Booster Energy
|-activate|p2a: Iron Valiant|ability: Quark Drive|[fromitem]
|-start|p2a: Iron Valiant|quarkdrivespe
|turn|15
|
|t:|1776201761
|move|p1a: Ogerpon|Ivy Cudgel|p2a: Iron Valiant|[anim] Ivy Cudgel Water
|-damage|p2a: Iron Valiant|0 fnt
|faint|p2a: Iron Valiant
|-end|p2a: Iron Valiant|Quark Drive|[silent]
|
|upkeep
|-message|max4coast forfeited.
|
|win|akumuro
