|html|<div class="broadcast-blue"><strong>[Gen 9] OU is currently suspecting Tera Blast! For information on how to participate check out the <a href="https://www.smogon.com/tools/suspects/view/200">suspect thread</a>.</strong></div>
|j|☆bbvfff
|j|☆mfgunax
|t:|1776064818
|gametype|singles
|player|p1|bbvfff|pokekid|1080
|player|p2|mfgunax|giovanni|1094
|gen|9
|tier|[Gen 9] OU
|rated|
|rule|HP Percentage Mod: HP is shown in percentages
|rule|Endless Battle Clause: Forcing endless battles is banned
|rule|Species Clause: Limit one of each Pokémon
|rule|OHKO Clause: OHKO moves are banned
|rule|Evasion Items Clause: Evasion items are banned
|rule|Evasion Moves Clause: Evasion moves are banned
|rule|Evasion Abilities Clause: Evasion abilities are banned
|rule|Sleep Moves Clause: Sleep-inducing moves are banned
|clearpoke
|poke|p1|Hariyama, F|
|poke|p1|Hatterene, F|
|poke|p1|Ninetales-Alola, F|
|poke|p1|Gholdengo|
|poke|p1|Zapdos|
|poke|p1|Weezing-Galar, M|
|poke|p2|Gliscor, F|
|poke|p2|Enamorus, F|
|poke|p2|Rotom-Heat|
|poke|p2|Glimmora, F|
|poke|p2|Duraludon, F|
|poke|p2|Samurott-Hisui, F|
|teampreview
|inactive|Battle timer is ON: inactive players will automatically lose when time's up. (requested by bbvfff)
|inactive|mfgunax also wants the timer to be on.
|
|t:|1776064837
|teamsize|p1|6
|teamsize|p2|6
|start
|switch|p1a: Gholdengo|Gholdengo|100/100
|switch|p2a: Gliscor|Gliscor, F|100/100
|turn|1
|
|t:|1776064848
|move|p1a: Gholdengo|Trick|p2a: Gliscor
|-activate|p1a: Gholdengo|move: Trick|[of] p2a: Gliscor
|-item|p2a: Gliscor|Choice Scarf|[from] move: Trick
|-item|p1a: Gholdengo|Toxic Orb|[from] move: Trick
|move|p2a: Gliscor|Earthquake|p1a: Gholdengo
|-supereffective|p1a: Gholdengo
|-damage|p1a: Gholdengo|0 fnt
|faint|p1a: Gholdengo
|
|upkeep
|
|t:|1776064858
|switch|p1a: Ninetales|Ninetales-Alola, F|100/100
|-weather|Snowscape|[from] ability: Snow Warning|[of] p1a: Ninetales
|turn|2
|
|t:|1776064863
|move|p2a: Gliscor|Earthquake|p1a: Ninetales
|-damage|p1a: Ninetales|60/100
|move|p1a: Ninetales|Aurora Veil|p1a: Ninetales
|-sidestart|p1: bbvfff|move: Aurora Veil
|
|-weather|Snowscape|[upkeep]
|upkeep
|turn|3
|
|t:|1776064876
|switch|p1a: Hariyama|Hariyama, F|100/100
|move|p2a: Gliscor|Earthquake|p1a: Hariyama
|-damage|p1a: Hariyama|79/100
|
|-weather|Snowscape|[upkeep]
|-status|p1a: Hariyama|brn|[from] item: Flame Orb
|upkeep
|turn|4
|
|t:|1776064886
|move|p2a: Gliscor|Earthquake|p1a: Hariyama
|-damage|p1a: Hariyama|54/100 brn
|move|p1a: Hariyama|Belly Drum|p1a: Hariyama
|-damage|p1a: Hariyama|4/100 brn
|-setboost|p1a: Hariyama|atk|6|[from] move: Belly Drum
|
|-weather|Snowscape|[upkeep]
|-damage|p1a: Hariyama|0 fnt|[from] brn
|faint|p1a: Hariyama
|upkeep
|
|t:|1776064891
|switch|p1a: Weezing|Weezing-Galar, M|100/100
|-ability|p1a: Weezing|Neutralizing Gas
|turn|5
|c|☆mfgunax|lol
|
|t:|1776064898
|-end|p1a: Weezing|ability: Neutralizing Gas
|switch|p1a: Zapdos|Zapdos|100/100
|move|p2a: Gliscor|Earthquake|p1a: Zapdos
|-immune|p1a: Zapdos
|
|-weather|Snowscape|[upkeep]
|upkeep
|turn|6
|
|t:|1776064913
|move|p2a: Gliscor|Earthquake|p1a: Zapdos
|-immune|p1a: Zapdos
|move|p1a: Zapdos|Hurricane|p2a: Gliscor|[miss]
|-miss|p1a: Zapdos|p2a: Gliscor
|
|-weather|none
|upkeep
|turn|7
|inactive|mfgunax has 120 seconds left.
|
|t:|1776064945
|switch|p2a: Glimmora|Glimmora, F|100/100
|move|p1a: Zapdos|Hurricane|p2a: Glimmora|[miss]
|-miss|p1a: Zapdos|p2a: Glimmora
|
|upkeep
|turn|8
|inactive|mfgunax has 120 seconds left.
|
|t:|1776064953
|move|p1a: Zapdos|Volt Switch|p2a: Glimmora
|-damage|p2a: Glimmora|70/100
|
|t:|1776064958
|switch|p1a: Hatterene|Hatterene, F|100/100|[from] Volt Switch
|move|p2a: Glimmora|Sludge Wave|p1a: Hatterene
|-supereffective|p1a: Hatterene
|-damage|p1a: Hatterene|57/100
|
|-heal|p1a: Hatterene|63/100|[from] item: Leftovers
|upkeep
|turn|9
|
|t:|1776064969
|move|p2a: Glimmora|Sludge Wave|p1a: Hatterene
|-supereffective|p1a: Hatterene
|-damage|p1a: Hatterene|14/100
|-status|p1a: Hatterene|psn
|move|p1a: Hatterene|Trick Room|p1a: Hatterene
|-fieldstart|move: Trick Room|[of] p1a: Hatterene
|
|-heal|p1a: Hatterene|20/100 psn|[from] item: Leftovers
|-damage|p1a: Hatterene|8/100 psn|[from] psn
|-sideend|p1: bbvfff|move: Aurora Veil
|upkeep
|turn|10
|
|t:|1776064977
|move|p2a: Glimmora|Protect|p2a: Glimmora
|-singleturn|p2a: Glimmora|Protect
|move|p1a: Hatterene|Healing Wish|p1a: Hatterene
|faint|p1a: Hatterene
|
|upkeep
|
|t:|1776064982
|switch|p1a: Zapdos|Zapdos|100/100
|turn|11
|
|t:|1776064988
|move|p2a: Glimmora|Mortal Spin|p1a: Zapdos
|-damage|p1a: Zapdos|96/100
|-status|p1a: Zapdos|psn
|-status|p2a: Glimmora|par|[from] ability: Static|[of] p1a: Zapdos
|move|p1a: Zapdos|Thunder Wave|p2a: Glimmora|[miss]
|-miss|p1a: Zapdos|p2a: Glimmora
|
|-damage|p1a: Zapdos|84/100 psn|[from] psn
|upkeep
|turn|12
|
|t:|1776065002
|cant|p2a: Glimmora|par
|move|p1a: Zapdos|Volt Switch|p2a: Glimmora
|-damage|p2a: Glimmora|39/100 par
|
|t:|1776065005
|switch|p1a: Ninetales|Ninetales-Alola, F|60/100|[from] Volt Switch
|-heal|p1a: Ninetales|100/100|[from] move: Healing Wish
|-weather|Snowscape|[from] ability: Snow Warning|[of] p1a: Ninetales
|
|-weather|Snowscape|[upkeep]
|upkeep
|turn|13
|
|t:|1776065009
|move|p2a: Glimmora|Sludge Wave|p1a: Ninetales
|-supereffective|p1a: Ninetales
|-damage|p1a: Ninetales|4/100
|move|p1a: Ninetales|Freeze-Dry|p2a: Glimmora
|-damage|p2a: Glimmora|16/100 par
|
|-weather|Snowscape|[upkeep]
|-fieldend|move: Trick Room
|upkeep
|turn|14
|
|t:|1776065015
|move|p1a: Ninetales|Freeze-Dry|p2a: Glimmora
|-damage|p2a: Glimmora|0 fnt
|faint|p2a: Glimmora
|
|-weather|Snowscape|[upkeep]
|upkeep
|
|t:|1776065026
|switch|p2a: Gliscor|Gliscor, F|100/100
|turn|15
|
|t:|1776065031
|switch|p1a: Zapdos|Zapdos|84/100 psn
|move|p2a: Gliscor|Stealth Rock|p1a: Zapdos
|-sidestart|p1: bbvfff|move: Stealth Rock
|
|-weather|Snowscape|[upkeep]
|-damage|p1a: Zapdos|72/100 psn|[from] psn
|upkeep
|turn|16
|
|t:|1776065039
|switch|p2a: Rotom|Rotom-Heat|100/100
|move|p1a: Zapdos|Thunder Wave|p2a: Rotom
|-immune|p2a: Rotom
|
|-weather|none
|-damage|p1a: Zapdos|60/100 psn|[from] psn
|upkeep
|turn|17
|
|t:|1776065052
|move|p2a: Rotom|Protect|p2a: Rotom
|-singleturn|p2a: Rotom|Protect
|move|p1a: Zapdos|Roost|p1a: Zapdos
|-heal|p1a: Zapdos|100/100 psn
|-singleturn|p1a: Zapdos|move: Roost
|
|-damage|p1a: Zapdos|88/100 psn|[from] psn
|upkeep
|turn|18
|
|t:|1776065059
|switch|p1a: Weezing|Weezing-Galar, M|100/100
|-ability|p1a: Weezing|Neutralizing Gas
|move|p2a: Rotom|Volt Switch|p1a: Weezing
|-damage|p1a: Weezing|46/100
|-damage|p2a: Rotom|91/100|[from] item: Life Orb
|
|t:|1776065074
|switch|p2a: Duraludon|Duraludon, F|100/100|[from] Volt Switch
|
|upkeep
|turn|19
|
|t:|1776065081
|move|p2a: Duraludon|Flash Cannon|p1a: Weezing
|-supereffective|p1a: Weezing
|-crit|p1a: Weezing
|-damage|p1a: Weezing|0 fnt
|faint|p1a: Weezing
|-end|p1a: Weezing|ability: Neutralizing Gas
|
|upkeep
|
|t:|1776065084
|switch|p1a: Zapdos|Zapdos|88/100 psn
|turn|20
|
|t:|1776065091
|move|p1a: Zapdos|Volt Switch|p2a: Duraludon
|-resisted|p2a: Duraludon
|-damage|p2a: Duraludon|88/100
|
|t:|1776065094
|switch|p1a: Ninetales|Ninetales-Alola, F|4/100|[from] Volt Switch
|-damage|p1a: Ninetales|0 fnt|[from] Stealth Rock
|faint|p1a: Ninetales
|move|p2a: Duraludon|Draco Meteor|p1: Ninetales|[notarget]
|-fail|p2a: Duraludon
|
|upkeep
|
|t:|1776065096
|switch|p1a: Zapdos|Zapdos|88/100 psn
|turn|21
|
|t:|1776065112
|move|p1a: Zapdos|Thunder Wave|p2a: Duraludon
|-status|p2a: Duraludon|par
|move|p2a: Duraludon|Draco Meteor|p1a: Zapdos
|-damage|p1a: Zapdos|30/100 psn
|-unboost|p2a: Duraludon|spa|2
|
|-damage|p1a: Zapdos|18/100 psn|[from] psn
|upkeep
|turn|22
|
|t:|1776065137
|move|p1a: Zapdos|Roost|p1a: Zapdos
|-heal|p1a: Zapdos|68/100 psn
|-singleturn|p1a: Zapdos|move: Roost
|move|p2a: Duraludon|Thunder|p1a: Zapdos
|-resisted|p1a: Zapdos
|-damage|p1a: Zapdos|59/100 psn
|
|-damage|p1a: Zapdos|47/100 psn|[from] psn
|upkeep
|turn|23
|inactive|mfgunax has 120 seconds left.
|
|t:|1776065155
|switch|p2a: Gliscor|Gliscor, F|100/100
|move|p1a: Zapdos|Roost|p1a: Zapdos
|-heal|p1a: Zapdos|97/100 psn
|-singleturn|p1a: Zapdos|move: Roost
|
|-damage|p1a: Zapdos|85/100 psn|[from] psn
|upkeep
|turn|24
|
|t:|1776065165
|move|p2a: Gliscor|Fire Fang|p1a: Zapdos
|-damage|p1a: Zapdos|71/100 psn
|move|p1a: Zapdos|Hurricane|p2a: Gliscor
|-damage|p2a: Gliscor|29/100
|
|-damage|p1a: Zapdos|59/100 psn|[from] psn
|upkeep
|turn|25
|
|t:|1776065171
|move|p2a: Gliscor|Fire Fang|p1a: Zapdos
|-damage|p1a: Zapdos|45/100 psn
|cant|p1a: Zapdos|flinch
|
|-damage|p1a: Zapdos|33/100 psn|[from] psn
|upkeep
|turn|26
|
|t:|1776065176
|move|p2a: Gliscor|Fire Fang|p1a: Zapdos
|-damage|p1a: Zapdos|20/100 psn
|move|p1a: Zapdos|Roost|p1a: Zapdos
|-heal|p1a: Zapdos|70/100 psn
|-singleturn|p1a: Zapdos|move: Roost
|
|-damage|p1a: Zapdos|57/100 psn|[from] psn
|upkeep
|turn|27
|
|t:|1776065184
|-terastallize|p2a: Gliscor|Fire
|move|p2a: Gliscor|Fire Fang|p1a: Zapdos
|-damage|p1a: Zapdos|37/100 psn
|move|p1a: Zapdos|Hurricane|p2a: Gliscor
|-damage|p2a: Gliscor|0 fnt
|faint|p2a: Gliscor
|
|-damage|p1a: Zapdos|25/100 psn|[from] psn
|upkeep
|
|t:|1776065191
|switch|p2a: Enamorus|Enamorus, F|100/100
|turn|28
|inactive|bbvfff has 120 seconds left.
|inactive|bbvfff has 90 seconds left.
|c|☆mfgunax|make ya move!
|inactive|bbvfff has 60 seconds left.
|inactive|bbvfff has 30 seconds left.
|inactive|bbvfff has 20 seconds left.
|inactive|bbvfff has 15 seconds left.
|inactive|bbvfff has 10 seconds left.
|c|☆mfgunax|gg ig
|inactive|bbvfff has 5 seconds left.
|-message|bbvfff lost due to inactivity.
|
|win|mfgunax
|raw|bbvfff's rating: 1080 &rarr; <strong>1059</strong><br />(-21 for losing)
|raw|mfgunax's rating: 1094 &rarr; <strong>1119</strong><br />(+25 for winning)
|l|☆mfgunax
|player|p2|
|l|☆bbvfff
|player|p1|
