|html|<div class="broadcast-blue"><strong>[Gen 9] OU is currently suspecting Tera Blast! For information on how to participate check out the <a href="https://www.smogon.com/tools/suspects/view/200">suspect thread</a>.</strong></div>
|j|☆delllllll
|j|☆SpontaneousBOOTAYY
|t:|1776045179
|gametype|singles
|player|p1|delllllll|lance|1176
|player|p2|SpontaneousBOOTAYY|red|1186
|gen|9
|tier|[Gen 9] OU
|rated|
|rule|HP Percentage Mod: HP is shown in percentages
|rule|Endless Battle Clause: Forcing endless battles is banned
|rule|Species Clause: Limit one of each Pokémon
|rule|OHKO Clause: OHKO moves are banned
|rule|Evasion Items Clause: Evasion items are banned
|rule|Evasion Moves Clause: Evasion moves are banned
|rule|Evasion Abilities Clause: Evasion abilities are banned
|rule|Sleep Moves Clause: Sleep-inducing moves are banned
|clearpoke
|poke|p1|Great Tusk|
|poke|p1|Iron Valiant|
|poke|p1|Kingambit, M|
|poke|p1|Heatran, F|
|poke|p1|Ogerpon-Wellspring, F|
|poke|p1|Gholdengo|
|poke|p2|Yanmega, M|
|poke|p2|Tsareena, F|
|poke|p2|Iron Moth|
|poke|p2|Greninja-*, F|
|poke|p2|Iron Hands|
|poke|p2|Cobalion|
|teampreview
|inactive|Battle timer is ON: inactive players will automatically lose when time's up. (requested by SpontaneousBOOTAYY)
|c|☆SpontaneousBOOTAYY|Tf they mean "suspecting tera blast"
|c|☆delllllll|lmfao
|inactive|SpontaneousBOOTAYY has 120 seconds left.
|
|t:|1776045215
|teamsize|p1|6
|teamsize|p2|6
|start
|switch|p1a: Heatran|Heatran, F|100/100
|switch|p2a: Cobalion|Cobalion, shiny|100/100
|turn|1
|
|t:|1776045231
|-terastallize|p1a: Heatran|Grass
|move|p2a: Cobalion|Stealth Rock|p1a: Heatran
|-sidestart|p1: delllllll|move: Stealth Rock
|move|p1a: Heatran|Taunt|p2a: Cobalion
|-start|p2a: Cobalion|move: Taunt
|-enditem|p2a: Cobalion|Mental Herb
|-end|p2a: Cobalion|move: Taunt
|
|upkeep
|turn|2
|
|t:|1776045246
|move|p2a: Cobalion|Taunt|p1a: Heatran
|-start|p1a: Heatran|move: Taunt
|move|p1a: Heatran|Magma Storm|p2a: Cobalion|[miss]
|-miss|p1a: Heatran|p2a: Cobalion
|
|upkeep
|turn|3
|
|t:|1776045255
|move|p2a: Cobalion|Iron Head|p1a: Heatran
|-damage|p1a: Heatran|80/100
|move|p1a: Heatran|Earth Power|p2a: Cobalion
|-supereffective|p2a: Cobalion
|-damage|p2a: Cobalion|42/100
|
|-heal|p1a: Heatran|86/100|[from] item: Leftovers
|upkeep
|turn|4
|
|t:|1776045264
|move|p2a: Cobalion|Thunder Wave|p1a: Heatran
|-status|p1a: Heatran|par
|move|p1a: Heatran|Magma Storm|p2a: Cobalion
|-supereffective|p2a: Cobalion
|-damage|p2a: Cobalion|0 fnt
|faint|p2a: Cobalion
|
|-heal|p1a: Heatran|92/100 par|[from] item: Leftovers
|-end|p1a: Heatran|move: Taunt
|upkeep
|
|t:|1776045282
|switch|p2a: Yanmega|Yanmega, M, shiny|100/100
|turn|5
|
|t:|1776045295
|move|p2a: Yanmega|Bug Buzz|p1a: Heatran
|-supereffective|p1a: Heatran
|-damage|p1a: Heatran|34/100 par
|-enditem|p2a: Yanmega|Throat Spray
|-boost|p2a: Yanmega|spa|1|[from] item: Throat Spray
|cant|p1a: Heatran|par
|
|-heal|p1a: Heatran|41/100 par|[from] item: Leftovers
|-ability|p2a: Yanmega|Speed Boost|boost
|-boost|p2a: Yanmega|spe|1
|upkeep
|turn|6
|
|t:|1776045318
|switch|p1a: Gholdengo|Gholdengo|100/100
|-damage|p1a: Gholdengo|94/100|[from] Stealth Rock
|move|p2a: Yanmega|Bug Buzz|p1a: Gholdengo
|-resisted|p1a: Gholdengo
|-damage|p1a: Gholdengo|76/100
|
|-heal|p1a: Gholdengo|82/100|[from] item: Leftovers
|-ability|p2a: Yanmega|Speed Boost|boost
|-boost|p2a: Yanmega|spe|1
|upkeep
|turn|7
|
|t:|1776045330
|move|p2a: Yanmega|Air Slash|p1a: Gholdengo
|-resisted|p1a: Gholdengo
|-damage|p1a: Gholdengo|51/100
|move|p1a: Gholdengo|Shadow Ball|p2a: Yanmega
|-damage|p2a: Yanmega|27/100
|-unboost|p2a: Yanmega|spd|1
|
|-heal|p1a: Gholdengo|57/100|[from] item: Leftovers
|-ability|p2a: Yanmega|Speed Boost|boost
|-boost|p2a: Yanmega|spe|1
|upkeep
|turn|8
|
|t:|1776045344
|move|p2a: Yanmega|Air Slash|p1a: Gholdengo
|-resisted|p1a: Gholdengo
|-damage|p1a: Gholdengo|26/100
|move|p1a: Gholdengo|Recover|p1a: Gholdengo
|-heal|p1a: Gholdengo|76/100
|
|-heal|p1a: Gholdengo|82/100|[from] item: Leftovers
|-ability|p2a: Yanmega|Speed Boost|boost
|-boost|p2a: Yanmega|spe|1
|upkeep
|turn|9
|
|t:|1776045353
|move|p2a: Yanmega|Air Slash|p1a: Gholdengo
|-resisted|p1a: Gholdengo
|-damage|p1a: Gholdengo|54/100
|move|p1a: Gholdengo|Shadow Ball|p2a: Yanmega
|-damage|p2a: Yanmega|0 fnt
|faint|p2a: Yanmega
|
|-heal|p1a: Gholdengo|60/100|[from] item: Leftovers
|upkeep
|
|t:|1776045361
|switch|p2a: Iron Moth|Iron Moth, shiny|100/100
|turn|10
|
|t:|1776045384
|switch|p1a: Heatran|Heatran, F, tera:Grass|41/100 par
|-damage|p1a: Heatran|28/100 par|[from] Stealth Rock
|move|p2a: Iron Moth|Meteor Beam||[still]
|-prepare|p2a: Iron Moth|Meteor Beam
|-boost|p2a: Iron Moth|spa|1
|-enditem|p2a: Iron Moth|Power Herb
|-anim|p2a: Iron Moth|Meteor Beam|p1a: Heatran
|-damage|p1a: Heatran|0 fnt
|faint|p1a: Heatran
|
|upkeep
|inactive|delllllll has 120 seconds left.
|inactive|delllllll has 90 seconds left.
|
|t:|1776045430
|switch|p1a: Ogerpon|Ogerpon-Wellspring, F|100/100
|-damage|p1a: Ogerpon|88/100|[from] Stealth Rock
|turn|11
|
|t:|1776045440
|move|p1a: Ogerpon|Ivy Cudgel|p2a: Iron Moth|[anim] Ivy Cudgel Water
|-supereffective|p2a: Iron Moth
|-damage|p2a: Iron Moth|0 fnt
|faint|p2a: Iron Moth
|-end|p2a: Iron Moth|Quark Drive|[silent]
|
|upkeep
|
|t:|1776045445
|switch|p2a: Greninja|Greninja, F, shiny|100/100
|turn|12
|-message|SpontaneousBOOTAYY forfeited.
|
|win|delllllll
|raw|delllllll's rating: 1176 &rarr; <strong>1202</strong><br />(+26 for winning)
|raw|SpontaneousBOOTAYY's rating: 1186 &rarr; <strong>1160</strong><br />(-26 for losing)
|l|☆SpontaneousBOOTAYY
|player|p2|
|l|☆delllllll
|player|p1|
