|html|<div class="broadcast-blue"><strong>[Gen 9] OU is currently suspecting Tera Blast! For information on how to participate check out the <a href="https://www.smogon.com/tools/suspects/view/200">suspect thread</a>.</strong></div>
|j|☆miraex
|j|☆magistermilitum420
|t:|1776102720
|gametype|singles
|player|p1|miraex|swimmerf-gen4dp|1194
|player|p2|magistermilitum420|blue|1148
|gen|9
|tier|[Gen 9] OU
|rated|
|rule|HP Percentage Mod: HP is shown in percentages
|rule|Endless Battle Clause: Forcing endless battles is banned
|rule|Species Clause: Limit one of each Pokémon
|rule|OHKO Clause: OHKO moves are banned
|rule|Evasion Items Clause: Evasion items are banned
|rule|Evasion Moves Clause: Evasion moves are banned
|rule|Evasion Abilities Clause: Evasion abilities are banned
|rule|Sleep Moves Clause: Sleep-inducing moves are banned
|clearpoke
|poke|p1|Iron Crown|
|poke|p1|Deoxys-Speed|
|poke|p1|Armarouge, M|
|poke|p1|Ogerpon, F|
|poke|p1|Samurott-Hisui, M|
|poke|p1|Iron Valiant|
|poke|p2|Meowscarada, M|
|poke|p2|Great Tusk|
|poke|p2|Alomomola, F|
|poke|p2|Slowking-Galar, F|
|poke|p2|Dragonite, M|
|poke|p2|Heatran, M|
|teampreview
|inactive|Battle timer is ON: inactive players will automatically lose when time's up. (requested by miraex)
|
|t:|1776102726
|teamsize|p1|6
|teamsize|p2|6
|start
|switch|p1a: Samurott|Samurott-Hisui, M, shiny|100/100
|switch|p2a: Mahad|Meowscarada, M, shiny|100/100
|turn|1
|
|t:|1776102738
|move|p1a: Samurott|Sucker Punch|p2a: Mahad
|-resisted|p2a: Mahad
|-damage|p2a: Mahad|71/100
|move|p2a: Mahad|U-turn|p1a: Samurott
|-start|p2a: Mahad|typechange|Bug|[from] ability: Protean
|-supereffective|p1a: Samurott
|-damage|p1a: Samurott|16/100
|-damage|p2a: Mahad|54/100|[from] item: Rocky Helmet|[of] p1a: Samurott
|
|t:|1776102751
|switch|p2a: Charybdis|Alomomola, F, shiny|100/100|[from] U-turn
|
|upkeep
|turn|2
|
|t:|1776102755
|move|p1a: Samurott|Ceaseless Edge|p2a: Charybdis|[miss]
|-miss|p1a: Samurott|p2a: Charybdis
|move|p2a: Charybdis|Scald|p1a: Samurott
|-resisted|p1a: Samurott
|-damage|p1a: Samurott|6/100
|
|upkeep
|turn|3
|
|t:|1776102764
|move|p1a: Samurott|Ceaseless Edge|p2a: Charybdis
|-damage|p2a: Charybdis|75/100
|-sidestart|p2: magistermilitum420|Spikes
|move|p2a: Charybdis|Scald|p1a: Samurott
|-resisted|p1a: Samurott
|-damage|p1a: Samurott|0 fnt
|faint|p1a: Samurott
|
|upkeep
|
|t:|1776102766
|switch|p1a: Deoxys|Deoxys-Speed|100/100
|-ability|p1a: Deoxys|Pressure
|turn|4
|
|t:|1776102781
|move|p1a: Deoxys|Stealth Rock|p2a: Charybdis
|-sidestart|p2: magistermilitum420|move: Stealth Rock
|move|p2a: Charybdis|Wish|p2a: Charybdis
|
|upkeep
|turn|5
|
|t:|1776102786
|move|p1a: Deoxys|Taunt|p2a: Charybdis
|-start|p2a: Charybdis|move: Taunt
|move|p2a: Charybdis|Flip Turn|p1a: Deoxys
|-damage|p1a: Deoxys|76/100
|
|t:|1776102791
|switch|p2a: Barca|Great Tusk|100/100|[from] Flip Turn
|
|upkeep
|turn|6
|
|t:|1776102796
|-terastallize|p2a: Barca|Water
|move|p1a: Deoxys|Psychic Terrain|p1a: Deoxys
|-fieldstart|move: Psychic Terrain
|move|p2a: Barca|Rapid Spin|p1a: Deoxys
|-damage|p1a: Deoxys|51/100
|-boost|p2a: Barca|spe|1
|-sideend|p2: magistermilitum420|Spikes|[from] move: Rapid Spin|[of] p2a: Barca
|-sideend|p2: magistermilitum420|Stealth Rock|[from] move: Rapid Spin|[of] p2a: Barca
|
|upkeep
|turn|7
|
|t:|1776102806
|switch|p1a: Armarouge|Armarouge, M, shiny|100/100
|move|p2a: Barca|Knock Off|p1a: Armarouge
|-supereffective|p1a: Armarouge
|-damage|p1a: Armarouge|21/100
|-ability|p1a: Armarouge|Weak Armor|boost
|-unboost|p1a: Armarouge|def|1
|-boost|p1a: Armarouge|spe|2
|-enditem|p1a: Armarouge|Weakness Policy
|-boost|p1a: Armarouge|atk|2|[from] item: Weakness Policy
|-boost|p1a: Armarouge|spa|2|[from] item: Weakness Policy
|
|upkeep
|turn|8
|
|t:|1776102818
|move|p1a: Armarouge|Expanding Force|p2a: Barca
|-damage|p2a: Barca|0 fnt
|faint|p2a: Barca
|-end|p2a: Barca|Protosynthesis|[silent]
|
|upkeep
|
|t:|1776102822
|switch|p2a: Mahad|Meowscarada, M, shiny|54/100
|turn|9
|
|t:|1776102829
|move|p2a: Mahad|Knock Off|p1a: Armarouge
|-start|p2a: Mahad|typechange|Dark|[from] ability: Protean
|-supereffective|p1a: Armarouge
|-damage|p1a: Armarouge|0 fnt
|faint|p1a: Armarouge
|
|upkeep
|-message|miraex forfeited.
|
|win|magistermilitum420
|raw|miraex's rating: 1194 &rarr; <strong>1166</strong><br />(-28 for losing)
|raw|magistermilitum420's rating: 1148 &rarr; <strong>1176</strong><br />(+28 for winning)
|l|☆miraex
|player|p1|
