|html|<div class="broadcast-blue"><strong>[Gen 9] OU is currently suspecting Tera Blast! For information on how to participate check out the <a href="https://www.smogon.com/tools/suspects/view/200">suspect thread</a>.</strong></div>
|j|☆zyysama333
|j|☆mrghostyghost
|t:|1776178111
|gametype|singles
|player|p1|zyysama333|1|1268
|player|p2|mrghostyghost|1|1262
|gen|9
|tier|[Gen 9] OU
|rated|
|rule|HP Percentage Mod: HP is shown in percentages
|rule|Endless Battle Clause: Forcing endless battles is banned
|rule|Species Clause: Limit one of each Pokémon
|rule|OHKO Clause: OHKO moves are banned
|rule|Evasion Items Clause: Evasion items are banned
|rule|Evasion Moves Clause: Evasion moves are banned
|rule|Evasion Abilities Clause: Evasion abilities are banned
|rule|Sleep Moves Clause: Sleep-inducing moves are banned
|clearpoke
|poke|p1|Magnezone|
|poke|p1|Clodsire, M|
|poke|p1|Dragonite, M|
|poke|p1|Garchomp, F|
|poke|p1|Kommo-o, F|
|poke|p1|Kyurem|
|poke|p2|Glimmora, F|
|poke|p2|Samurott-Hisui, F|
|poke|p2|Iron Valiant|
|poke|p2|Kingambit, F|
|poke|p2|Ogerpon-Wellspring, F|
|poke|p2|Kyurem|
|teampreview
|inactive|Battle timer is ON: inactive players will automatically lose when time's up. (requested by mrghostyghost)
|
|t:|1776178140
|teamsize|p1|6
|teamsize|p2|6
|start
|switch|p1a: Magnezone|Magnezone|100/100
|switch|p2a: Glimmora|Glimmora, F|100/100
|turn|1
|
|t:|1776178149
|move|p1a: Magnezone|Thunderbolt|p2a: Glimmora
|-damage|p2a: Glimmora|36/100
|move|p2a: Glimmora|Earth Power|p1a: Magnezone
|-supereffective|p1a: Magnezone
|-damage|p1a: Magnezone|0 fnt
|faint|p1a: Magnezone
|
|upkeep
|
|t:|1776178162
|switch|p1a: Garchomp|Garchomp, F|100/100
|turn|2
|
|t:|1776178168
|move|p1a: Garchomp|Swords Dance|p1a: Garchomp
|-boost|p1a: Garchomp|atk|2
|move|p2a: Glimmora|Stealth Rock|p1a: Garchomp
|-sidestart|p1: zyysama333|move: Stealth Rock
|
|upkeep
|turn|3
|
|t:|1776178191
|switch|p2a: Iron Valiant|Iron Valiant|100/100
|-enditem|p2a: Iron Valiant|Booster Energy
|-activate|p2a: Iron Valiant|ability: Quark Drive|[fromitem]
|-start|p2a: Iron Valiant|quarkdrivespe
|move|p1a: Garchomp|Scale Shot|p2a: Iron Valiant
|-immune|p2a: Iron Valiant
|
|upkeep
|turn|4
|
|t:|1776178211
|move|p2a: Iron Valiant|Encore|p1a: Garchomp
|-start|p1a: Garchomp|Encore
|move|p1a: Garchomp|Scale Shot|p2a: Iron Valiant
|-immune|p2a: Iron Valiant
|
|upkeep
|turn|5
|
|t:|1776178217
|switch|p1a: Clodsire|Clodsire, M|100/100
|-damage|p1a: Clodsire|94/100|[from] Stealth Rock
|move|p2a: Iron Valiant|Calm Mind|p2a: Iron Valiant
|-boost|p2a: Iron Valiant|spa|1
|-boost|p2a: Iron Valiant|spd|1
|
|-heal|p1a: Clodsire|100/100|[from] item: Black Sludge
|upkeep
|turn|6
|
|t:|1776178241
|-end|p2a: Iron Valiant|Quark Drive|[silent]
|switch|p2a: Glimmora|Glimmora, F|36/100
|move|p1a: Clodsire|Poison Jab|p2a: Glimmora
|-resisted|p2a: Glimmora
|-damage|p2a: Glimmora|29/100
|-activate|p2a: Glimmora|ability: Toxic Debris
|-sidestart|p1: zyysama333|move: Toxic Spikes
|
|upkeep
|turn|7
|
|t:|1776178253
|move|p2a: Glimmora|Earth Power|p1a: Clodsire
|-supereffective|p1a: Clodsire
|-damage|p1a: Clodsire|67/100
|move|p1a: Clodsire|Earthquake|p2a: Glimmora
|-supereffective|p2a: Glimmora
|-damage|p2a: Glimmora|0 fnt
|-activate|p2a: Glimmora|ability: Toxic Debris
|-sidestart|p1: zyysama333|move: Toxic Spikes
|faint|p2a: Glimmora
|
|-heal|p1a: Clodsire|73/100|[from] item: Black Sludge
|upkeep
|
|t:|1776178271
|switch|p2a: Kyurem|Kyurem|100/100
|-ability|p2a: Kyurem|Pressure
|turn|8
|
|t:|1776178301
|switch|p1a: Kyurem|Kyurem|100/100
|-damage|p1a: Kyurem|76/100|[from] Stealth Rock
|-status|p1a: Kyurem|tox
|-ability|p1a: Kyurem|Pressure
|move|p2a: Kyurem|Icicle Spear|p1a: Kyurem
|-damage|p1a: Kyurem|62/100 tox
|-damage|p1a: Kyurem|49/100 tox
|-damage|p1a: Kyurem|36/100 tox
|-damage|p1a: Kyurem|22/100 tox
|-hitcount|p1a: Kyurem|4
|
|-damage|p1a: Kyurem|16/100 tox|[from] psn
|upkeep
|turn|9
|
|t:|1776178317
|move|p2a: Kyurem|Dragon Dance|p2a: Kyurem
|-boost|p2a: Kyurem|atk|1
|-boost|p2a: Kyurem|spe|1
|move|p1a: Kyurem|Freeze-Dry|p2a: Kyurem
|-damage|p2a: Kyurem|46/100
|
|-damage|p1a: Kyurem|4/100 tox|[from] psn
|upkeep
|turn|10
|
|t:|1776178326
|move|p2a: Kyurem|Icicle Spear|p1a: Kyurem
|-damage|p1a: Kyurem|0 fnt
|faint|p1a: Kyurem
|-hitcount|p1: Kyurem|1
|
|upkeep
|
|t:|1776178356
|switch|p1a: Dragonite|Dragonite, M|100/100
|-damage|p1a: Dragonite|76/100|[from] Stealth Rock
|turn|11
|
|t:|1776178366
|-terastallize|p1a: Dragonite|Normal
|move|p2a: Kyurem|Icicle Spear|p1a: Dragonite
|-damage|p1a: Dragonite|54/100
|-damage|p1a: Dragonite|31/100
|-damage|p1a: Dragonite|8/100
|-damage|p1a: Dragonite|0 fnt
|faint|p1a: Dragonite
|-hitcount|p1: Dragonite|4
|
|upkeep
|
|t:|1776178371
|switch|p1a: Clodsire|Clodsire, M|73/100
|-damage|p1a: Clodsire|67/100|[from] Stealth Rock
|-sideend|p1: zyysama333|move: Toxic Spikes|[of] p1a: Clodsire
|turn|12
|-message|zyysama333 forfeited.
|
|win|mrghostyghost
|raw|zyysama333's rating: 1268 &rarr; <strong>1243</strong><br />(-25 for losing)
|raw|mrghostyghost's rating: 1262 &rarr; <strong>1287</strong><br />(+25 for winning)
|l|☆zyysama333
|player|p1|
|c|☆mrghostyghost|Gg
