|html|<div class="broadcast-blue"><strong>[Gen 9] OU is currently suspecting Tera Blast! For information on how to participate check out the <a href="https://www.smogon.com/tools/suspects/view/200">suspect thread</a>.</strong></div>
|j|☆pradoking
|j|☆zhihe0719
|t:|1776306125
|gametype|singles
|player|p1|pradoking|170|1428
|player|p2|zhihe0719|pokemonrangerf-gen4|1444
|gen|9
|tier|[Gen 9] OU
|rated|
|rule|HP Percentage Mod: HP is shown in percentages
|rule|Endless Battle Clause: Forcing endless battles is banned
|rule|Species Clause: Limit one of each Pokémon
|rule|OHKO Clause: OHKO moves are banned
|rule|Evasion Items Clause: Evasion items are banned
|rule|Evasion Moves Clause: Evasion moves are banned
|rule|Evasion Abilities Clause: Evasion abilities are banned
|rule|Sleep Moves Clause: Sleep-inducing moves are banned
|clearpoke
|poke|p1|Toxapex, M|
|poke|p1|Gliscor, F|
|poke|p1|Clodsire, F|
|poke|p1|Corviknight, F|
|poke|p1|Blissey, F|
|poke|p1|Dondozo, F|
|poke|p2|Torkoal, M|
|poke|p2|Walking Wake|
|poke|p2|Great Tusk|
|poke|p2|Raging Bolt|
|poke|p2|Venusaur, F|
|poke|p2|Samurott-Hisui, F|
|teampreview
|inactive|Battle timer is ON: inactive players will automatically lose when time's up. (requested by zhihe0719)
|
|t:|1776306134
|teamsize|p1|6
|teamsize|p2|6
|start
|switch|p1a: Gliscor|Gliscor, F|100/100
|switch|p2a: Torkoal|Torkoal, M|100/100
|-weather|SunnyDay|[from] ability: Drought|[of] p2a: Torkoal
|turn|1
|
|t:|1776306149
|move|p1a: Gliscor|Earthquake|p2a: Torkoal
|-supereffective|p2a: Torkoal
|-damage|p2a: Torkoal|65/100
|move|p2a: Torkoal|Stealth Rock|p1a: Gliscor
|-sidestart|p1: pradoking|move: Stealth Rock
|
|-weather|SunnyDay|[upkeep]
|-status|p1a: Gliscor|tox|[from] item: Toxic Orb
|upkeep
|turn|2
|
|t:|1776306152
|switch|p2a: Venusaur|Venusaur, F|100/100
|move|p1a: Gliscor|Toxic|p2a: Venusaur
|-immune|p2a: Venusaur
|
|-weather|SunnyDay|[upkeep]
|upkeep
|turn|3
|
|t:|1776306170
|move|p1a: Gliscor|Protect|p1a: Gliscor
|-singleturn|p1a: Gliscor|Protect
|move|p2a: Venusaur|Giga Drain|p1a: Gliscor
|-activate|p1a: Gliscor|move: Protect
|
|-weather|SunnyDay|[upkeep]
|upkeep
|turn|4
|
|t:|1776306180
|switch|p1a: Corviknight|Corviknight, F, shiny|100/100
|-damage|p1a: Corviknight|88/100|[from] Stealth Rock
|-ability|p1a: Corviknight|Pressure
|move|p2a: Venusaur|Giga Drain|p1a: Corviknight
|-resisted|p1a: Corviknight
|-damage|p1a: Corviknight|79/100
|-damage|p2a: Venusaur|91/100|[from] item: Life Orb
|
|-weather|SunnyDay|[upkeep]
|-heal|p1a: Corviknight|85/100|[from] item: Leftovers
|upkeep
|turn|5
|
|t:|1776306187
|switch|p2a: Raging Bolt|Raging Bolt|100/100
|-activate|p2a: Raging Bolt|ability: Protosynthesis
|-start|p2a: Raging Bolt|protosynthesisspa
|move|p1a: Corviknight|Defog|p2a: Raging Bolt
|-unboost|p2a: Raging Bolt|evasion|1
|-sideend|p1: pradoking|Stealth Rock|[from] move: Defog|[of] p1a: Corviknight
|
|-weather|SunnyDay|[upkeep]
|-heal|p1a: Corviknight|92/100|[from] item: Leftovers
|upkeep
|turn|6
|
|t:|1776306202
|switch|p1a: Clodsire|Clodsire, F, shiny|100/100
|move|p2a: Raging Bolt|Draco Meteor|p1a: Clodsire
|-damage|p1a: Clodsire|49/100
|-unboost|p2a: Raging Bolt|spa|2
|
|-weather|SunnyDay|[upkeep]
|-heal|p1a: Clodsire|56/100|[from] item: Leftovers
|upkeep
|turn|7
|
|t:|1776306210
|move|p2a: Raging Bolt|Draco Meteor|p1a: Clodsire
|-damage|p1a: Clodsire|7/100
|-unboost|p2a: Raging Bolt|spa|2
|move|p1a: Clodsire|Toxic|p2a: Raging Bolt
|-status|p2a: Raging Bolt|tox
|
|-weather|SunnyDay|[upkeep]
|-heal|p1a: Clodsire|13/100|[from] item: Leftovers
|-damage|p2a: Raging Bolt|94/100 tox|[from] psn
|upkeep
|turn|8
|
|t:|1776306221
|switch|p1a: Blissey|Blissey, F|100/100
|move|p2a: Raging Bolt|Draco Meteor|p1a: Blissey
|-damage|p1a: Blissey|89/100
|-unboost|p2a: Raging Bolt|spa|2
|
|-weather|none
|-end|p2a: Raging Bolt|Protosynthesis
|-damage|p2a: Raging Bolt|82/100 tox|[from] psn
|upkeep
|turn|9
|
|t:|1776306232
|-end|p2a: Raging Bolt|Protosynthesis|[silent]
|switch|p2a: Torkoal|Torkoal, M|65/100
|-weather|SunnyDay|[from] ability: Drought|[of] p2a: Torkoal
|move|p1a: Blissey|Thunder Wave|p2a: Torkoal
|-status|p2a: Torkoal|par
|
|-weather|SunnyDay|[upkeep]
|upkeep
|turn|10
|
|t:|1776306242
|switch|p1a: Toxapex|Toxapex, M|100/100
|switch|p2a: Samurott|Samurott-Hisui, F|100/100
|
|-weather|SunnyDay|[upkeep]
|upkeep
|turn|11
|
|t:|1776306247
|move|p2a: Samurott|Ceaseless Edge|p1a: Toxapex|[miss]
|-miss|p2a: Samurott|p1a: Toxapex
|move|p1a: Toxapex|Toxic|p2a: Samurott
|-status|p2a: Samurott|tox
|
|-weather|SunnyDay|[upkeep]
|-damage|p2a: Samurott|94/100 tox|[from] psn
|upkeep
|turn|12
|
|t:|1776306255
|move|p1a: Toxapex|Baneful Bunker|p1a: Toxapex
|-singleturn|p1a: Toxapex|move: Protect
|move|p2a: Samurott|Ceaseless Edge|p1a: Toxapex
|-activate|p1a: Toxapex|move: Protect
|
|-weather|SunnyDay|[upkeep]
|-damage|p2a: Samurott|82/100 tox|[from] psn
|upkeep
|turn|13
|
|t:|1776306266
|move|p2a: Samurott|Ceaseless Edge|p1a: Toxapex
|-damage|p1a: Toxapex|75/100
|-sidestart|p1: pradoking|Spikes
|move|p1a: Toxapex|Recover|p1a: Toxapex
|-heal|p1a: Toxapex|100/100
|
|-weather|SunnyDay|[upkeep]
|-damage|p2a: Samurott|63/100 tox|[from] psn
|upkeep
|turn|14
|
|t:|1776306277
|switch|p2a: Raging Bolt|Raging Bolt|82/100 tox
|-activate|p2a: Raging Bolt|ability: Protosynthesis
|-start|p2a: Raging Bolt|protosynthesisspa
|move|p1a: Toxapex|Toxic|p2a: Raging Bolt
|-fail|p2a: Raging Bolt|tox
|
|-weather|SunnyDay|[upkeep]
|-damage|p2a: Raging Bolt|76/100 tox|[from] psn
|upkeep
|turn|15
|
|t:|1776306288
|move|p1a: Toxapex|Baneful Bunker|p1a: Toxapex
|-singleturn|p1a: Toxapex|move: Protect
|move|p2a: Raging Bolt|Volt Switch|p1a: Toxapex
|-activate|p1a: Toxapex|move: Protect
|
|-weather|SunnyDay|[upkeep]
|-damage|p2a: Raging Bolt|64/100 tox|[from] psn
|upkeep
|turn|16
|
|t:|1776306298
|switch|p1a: Blissey|Blissey, F|89/100
|move|p2a: Raging Bolt|Draco Meteor|p1a: Blissey
|-damage|p1a: Blissey|53/100
|-unboost|p2a: Raging Bolt|spa|2
|
|-weather|none
|-end|p2a: Raging Bolt|Protosynthesis
|-damage|p2a: Raging Bolt|45/100 tox|[from] psn
|upkeep
|turn|17
|
|t:|1776306302
|move|p2a: Raging Bolt|Volt Switch|p1a: Blissey
|-damage|p1a: Blissey|46/100
|
|t:|1776306306
|-end|p2a: Raging Bolt|Protosynthesis|[silent]
|switch|p2a: Great Tusk|Great Tusk|100/100|[from] Volt Switch
|move|p1a: Blissey|Soft-Boiled|p1a: Blissey
|-heal|p1a: Blissey|96/100
|
|upkeep
|turn|18
|
|t:|1776306316
|switch|p1a: Dondozo|Dondozo, F|100/100
|-damage|p1a: Dondozo|88/100|[from] Spikes
|move|p2a: Great Tusk|Close Combat|p1a: Dondozo
|-crit|p1a: Dondozo
|-damage|p1a: Dondozo|52/100
|-unboost|p2a: Great Tusk|def|1
|-unboost|p2a: Great Tusk|spd|1
|
|-heal|p1a: Dondozo|58/100|[from] item: Leftovers
|upkeep
|turn|19
|
|t:|1776306325
|-end|p2a: Great Tusk|Protosynthesis|[silent]
|switch|p2a: Torkoal|Torkoal, M|65/100 par
|-weather|SunnyDay|[from] ability: Drought|[of] p2a: Torkoal
|move|p1a: Dondozo|Rest|p1a: Dondozo
|-status|p1a: Dondozo|slp|[from] move: Rest
|-heal|p1a: Dondozo|100/100 slp|[silent]
|
|-weather|SunnyDay|[upkeep]
|upkeep
|turn|20
|
|t:|1776306335
|cant|p1a: Dondozo|slp
|move|p1a: Dondozo|Sleep Talk|p1a: Dondozo
|move|p1a: Dondozo|Rest||[from] move: Sleep Talk|[still]
|-fail|p1a: Dondozo
|move|p2a: Torkoal|Stealth Rock|p1a: Dondozo
|-sidestart|p1: pradoking|move: Stealth Rock
|
|-weather|SunnyDay|[upkeep]
|upkeep
|turn|21
|
|t:|1776306344
|switch|p2a: Venusaur|Venusaur, F|91/100
|cant|p1a: Dondozo|slp
|move|p1a: Dondozo|Sleep Talk|p1a: Dondozo
|move|p1a: Dondozo|Curse|p1a: Dondozo|[from] move: Sleep Talk
|-unboost|p1a: Dondozo|spe|1
|-boost|p1a: Dondozo|atk|1
|-boost|p1a: Dondozo|def|1
|
|-weather|SunnyDay|[upkeep]
|upkeep
|turn|22
|
|t:|1776306372
|switch|p2a: Raging Bolt|Raging Bolt|45/100 tox
|-activate|p2a: Raging Bolt|ability: Protosynthesis
|-start|p2a: Raging Bolt|protosynthesisspa
|-curestatus|p1a: Dondozo|slp|[msg]
|move|p1a: Dondozo|Curse|p1a: Dondozo
|-unboost|p1a: Dondozo|spe|1
|-boost|p1a: Dondozo|atk|1
|-boost|p1a: Dondozo|def|1
|
|-weather|SunnyDay|[upkeep]
|-damage|p2a: Raging Bolt|39/100 tox|[from] psn
|upkeep
|turn|23
|
|t:|1776306383
|switch|p1a: Blissey|Blissey, F|96/100
|move|p2a: Raging Bolt|Volt Switch|p1a: Blissey
|-damage|p1a: Blissey|77/100
|
|t:|1776306387
|-end|p2a: Raging Bolt|Protosynthesis|[silent]
|switch|p2a: Great Tusk|Great Tusk|100/100|[from] Volt Switch
|-activate|p2a: Great Tusk|ability: Protosynthesis
|-start|p2a: Great Tusk|protosynthesisdef
|
|-weather|SunnyDay|[upkeep]
|upkeep
|turn|24
|
|t:|1776306399
|switch|p1a: Toxapex|Toxapex, M|100/100
|-damage|p1a: Toxapex|88/100|[from] Spikes
|-damage|p1a: Toxapex|75/100|[from] Stealth Rock
|move|p2a: Great Tusk|Close Combat|p1a: Toxapex
|-resisted|p1a: Toxapex
|-damage|p1a: Toxapex|58/100
|-unboost|p2a: Great Tusk|def|1
|-unboost|p2a: Great Tusk|spd|1
|
|-weather|SunnyDay|[upkeep]
|-heal|p1a: Toxapex|64/100|[from] item: Black Sludge
|upkeep
|turn|25
|
|t:|1776306406
|move|p2a: Great Tusk|Headlong Rush|p1a: Toxapex
|-supereffective|p1a: Toxapex
|-damage|p1a: Toxapex|0 fnt
|-unboost|p2a: Great Tusk|def|1
|-unboost|p2a: Great Tusk|spd|1
|faint|p1a: Toxapex
|
|-weather|SunnyDay|[upkeep]
|upkeep
|
|t:|1776306410
|switch|p1a: Corviknight|Corviknight, F, shiny|92/100
|-damage|p1a: Corviknight|79/100|[from] Stealth Rock
|-ability|p1a: Corviknight|Pressure
|turn|26
|
|t:|1776306415
|move|p2a: Great Tusk|Close Combat|p1a: Corviknight
|-damage|p1a: Corviknight|41/100
|-unboost|p2a: Great Tusk|def|1
|-unboost|p2a: Great Tusk|spd|1
|move|p1a: Corviknight|Defog|p2a: Great Tusk
|-unboost|p2a: Great Tusk|evasion|1
|-sideend|p1: pradoking|Spikes|[from] move: Defog|[of] p1a: Corviknight
|-sideend|p1: pradoking|Stealth Rock|[from] move: Defog|[of] p1a: Corviknight
|
|-weather|none
|-end|p2a: Great Tusk|Protosynthesis
|-heal|p1a: Corviknight|47/100|[from] item: Leftovers
|upkeep
|turn|27
|
|t:|1776306427
|-end|p2a: Great Tusk|Protosynthesis|[silent]
|switch|p2a: Torkoal|Torkoal, M|65/100 par
|-weather|SunnyDay|[from] ability: Drought|[of] p2a: Torkoal
|move|p1a: Corviknight|Roost|p1a: Corviknight
|-heal|p1a: Corviknight|97/100
|-singleturn|p1a: Corviknight|move: Roost
|
|-weather|SunnyDay|[upkeep]
|-heal|p1a: Corviknight|100/100|[from] item: Leftovers
|upkeep
|turn|28
|
|t:|1776306441
|switch|p1a: Dondozo|Dondozo, F|100/100
|move|p2a: Torkoal|Stealth Rock|p1a: Dondozo
|-sidestart|p1: pradoking|move: Stealth Rock
|
|-weather|SunnyDay|[upkeep]
|upkeep
|turn|29
|
|t:|1776306447
|switch|p2a: Venusaur|Venusaur, F|91/100
|move|p1a: Dondozo|Wave Crash|p2a: Venusaur
|-resisted|p2a: Venusaur
|-crit|p2a: Venusaur
|-damage|p2a: Venusaur|72/100
|-damage|p1a: Dondozo|97/100|[from] Recoil
|
|-weather|SunnyDay|[upkeep]
|-heal|p1a: Dondozo|100/100|[from] item: Leftovers
|upkeep
|turn|30
|
|t:|1776306460
|switch|p1a: Blissey|Blissey, F|77/100
|move|p2a: Venusaur|Giga Drain|p1a: Blissey
|-damage|p1a: Blissey|61/100
|-heal|p2a: Venusaur|90/100|[from] drain|[of] p1a: Blissey
|-damage|p2a: Venusaur|80/100|[from] item: Life Orb
|
|-weather|SunnyDay|[upkeep]
|upkeep
|turn|31
|
|t:|1776306478
|switch|p2a: Great Tusk|Great Tusk|100/100
|-activate|p2a: Great Tusk|ability: Protosynthesis
|-start|p2a: Great Tusk|protosynthesisdef
|move|p1a: Blissey|Thunder Wave|p2a: Great Tusk
|-immune|p2a: Great Tusk
|
|-weather|SunnyDay|[upkeep]
|upkeep
|turn|32
|
|t:|1776306488
|switch|p1a: Dondozo|Dondozo, F|100/100
|-damage|p1a: Dondozo|88/100|[from] Stealth Rock
|move|p2a: Great Tusk|Close Combat|p1a: Dondozo
|-damage|p1a: Dondozo|62/100
|-unboost|p2a: Great Tusk|def|1
|-unboost|p2a: Great Tusk|spd|1
|
|-weather|SunnyDay|[upkeep]
|-heal|p1a: Dondozo|68/100|[from] item: Leftovers
|upkeep
|turn|33
|
|t:|1776306493
|-end|p2a: Great Tusk|Protosynthesis|[silent]
|switch|p2a: Walking Wake|Walking Wake|100/100
|-activate|p2a: Walking Wake|ability: Protosynthesis
|-start|p2a: Walking Wake|protosynthesisspe
|move|p1a: Dondozo|Wave Crash|p2a: Walking Wake
|-resisted|p2a: Walking Wake
|-damage|p2a: Walking Wake|95/100
|-damage|p1a: Dondozo|67/100|[from] Recoil
|
|-weather|SunnyDay|[upkeep]
|-heal|p1a: Dondozo|73/100|[from] item: Leftovers
|upkeep
|turn|34
|
|t:|1776306500
|switch|p1a: Blissey|Blissey, F|61/100
|move|p2a: Walking Wake|Hydro Steam|p1a: Blissey
|-damage|p1a: Blissey|26/100
|
|-weather|none
|-end|p2a: Walking Wake|Protosynthesis
|upkeep
|turn|35
|
|t:|1776306505
|move|p2a: Walking Wake|Hydro Steam|p1a: Blissey
|-damage|p1a: Blissey|5/100
|move|p1a: Blissey|Soft-Boiled|p1a: Blissey
|-heal|p1a: Blissey|55/100
|
|upkeep
|turn|36
|
|t:|1776306513
|-end|p2a: Walking Wake|Protosynthesis|[silent]
|switch|p2a: Torkoal|Torkoal, M|65/100 par
|-weather|SunnyDay|[from] ability: Drought|[of] p2a: Torkoal
|move|p1a: Blissey|Soft-Boiled|p1a: Blissey
|-heal|p1a: Blissey|100/100
|
|-weather|SunnyDay|[upkeep]
|upkeep
|turn|37
|
|t:|1776306525
|switch|p1a: Gliscor|Gliscor, F|100/100 tox
|-damage|p1a: Gliscor|88/100 tox|[from] Stealth Rock
|move|p2a: Torkoal|Lava Plume|p1a: Gliscor
|-damage|p1a: Gliscor|45/100 tox
|
|-weather|SunnyDay|[upkeep]
|-heal|p1a: Gliscor|57/100 tox|[from] ability: Poison Heal
|upkeep
|turn|38
|
|t:|1776306536
|switch|p2a: Venusaur|Venusaur, F|80/100
|move|p1a: Gliscor|Earthquake|p2a: Venusaur
|-damage|p2a: Venusaur|40/100
|
|-weather|SunnyDay|[upkeep]
|-heal|p1a: Gliscor|70/100 tox|[from] ability: Poison Heal
|upkeep
|turn|39
|
|t:|1776306545
|move|p1a: Gliscor|Protect|p1a: Gliscor
|-singleturn|p1a: Gliscor|Protect
|move|p2a: Venusaur|Giga Drain|p1a: Gliscor
|-activate|p1a: Gliscor|move: Protect
|
|-weather|SunnyDay|[upkeep]
|-heal|p1a: Gliscor|82/100 tox|[from] ability: Poison Heal
|upkeep
|turn|40
|
|t:|1776306561
|move|p2a: Venusaur|Giga Drain|p1a: Gliscor
|-damage|p1a: Gliscor|29/100 tox
|-heal|p2a: Venusaur|71/100|[from] drain|[of] p1a: Gliscor
|-damage|p2a: Venusaur|61/100|[from] item: Life Orb
|move|p1a: Gliscor|Earthquake|p2a: Venusaur
|-damage|p2a: Venusaur|21/100
|
|-weather|SunnyDay|[upkeep]
|-heal|p1a: Gliscor|41/100 tox|[from] ability: Poison Heal
|upkeep
|turn|41
|
|t:|1776306572
|move|p1a: Gliscor|Protect|p1a: Gliscor
|-singleturn|p1a: Gliscor|Protect
|move|p2a: Venusaur|Growth|p2a: Venusaur
|-boost|p2a: Venusaur|atk|2
|-boost|p2a: Venusaur|spa|2
|
|-weather|SunnyDay|[upkeep]
|-heal|p1a: Gliscor|54/100 tox|[from] ability: Poison Heal
|upkeep
|turn|42
|
|t:|1776306584
|switch|p1a: Blissey|Blissey, F|100/100
|move|p2a: Venusaur|Giga Drain|p1a: Blissey
|-damage|p1a: Blissey|67/100
|-heal|p2a: Venusaur|61/100|[from] drain|[of] p1a: Blissey
|-damage|p2a: Venusaur|51/100|[from] item: Life Orb
|
|-weather|SunnyDay|[upkeep]
|upkeep
|turn|43
|
|t:|1776306590
|move|p2a: Venusaur|Giga Drain|p1a: Blissey
|-damage|p1a: Blissey|36/100
|-heal|p2a: Venusaur|88/100|[from] drain|[of] p1a: Blissey
|-damage|p2a: Venusaur|78/100|[from] item: Life Orb
|move|p1a: Blissey|Thunder Wave|p2a: Venusaur
|-status|p2a: Venusaur|par
|
|-weather|none
|upkeep
|turn|44
|
|t:|1776306601
|move|p1a: Blissey|Soft-Boiled|p1a: Blissey
|-heal|p1a: Blissey|86/100
|cant|p2a: Venusaur|par
|
|upkeep
|turn|45
|
|t:|1776306613
|switch|p2a: Torkoal|Torkoal, M|65/100 par
|-weather|SunnyDay|[from] ability: Drought|[of] p2a: Torkoal
|move|p1a: Blissey|Seismic Toss|p2a: Torkoal
|-damage|p2a: Torkoal|36/100 par
|
|-weather|SunnyDay|[upkeep]
|upkeep
|turn|46
|
|t:|1776306627
|switch|p1a: Gliscor|Gliscor, F|54/100 tox
|-damage|p1a: Gliscor|41/100 tox|[from] Stealth Rock
|switch|p2a: Great Tusk|Great Tusk|100/100
|-activate|p2a: Great Tusk|ability: Protosynthesis
|-start|p2a: Great Tusk|protosynthesisdef
|
|-weather|SunnyDay|[upkeep]
|-heal|p1a: Gliscor|54/100 tox|[from] ability: Poison Heal
|upkeep
|turn|47
|
|t:|1776306635
|move|p1a: Gliscor|Protect|p1a: Gliscor
|-singleturn|p1a: Gliscor|Protect
|move|p2a: Great Tusk|Ice Spinner|p1a: Gliscor
|-activate|p1a: Gliscor|move: Protect
|
|-weather|SunnyDay|[upkeep]
|-heal|p1a: Gliscor|66/100 tox|[from] ability: Poison Heal
|upkeep
|turn|48
|
|t:|1776306652
|-end|p2a: Great Tusk|Protosynthesis|[silent]
|switch|p2a: Venusaur|Venusaur, F|78/100 par
|move|p1a: Gliscor|Substitute|p1a: Gliscor
|-start|p1a: Gliscor|Substitute
|-damage|p1a: Gliscor|41/100 tox
|
|-weather|SunnyDay|[upkeep]
|-heal|p1a: Gliscor|54/100 tox|[from] ability: Poison Heal
|upkeep
|turn|49
|
|t:|1776306660
|move|p2a: Venusaur|Giga Drain|p1a: Gliscor
|-end|p1a: Gliscor|Substitute
|-heal|p2a: Venusaur|93/100 par|[from] drain|[of] p1a: Gliscor
|-damage|p2a: Venusaur|83/100 par|[from] item: Life Orb
|move|p1a: Gliscor|Earthquake|p2a: Venusaur
|-damage|p2a: Venusaur|41/100 par
|
|-weather|SunnyDay|[upkeep]
|-heal|p1a: Gliscor|66/100 tox|[from] ability: Poison Heal
|upkeep
|turn|50
|
|t:|1776306671
|move|p2a: Venusaur|Giga Drain|p1a: Gliscor
|-damage|p1a: Gliscor|14/100 tox
|-heal|p2a: Venusaur|71/100 par|[from] drain|[of] p1a: Gliscor
|-damage|p2a: Venusaur|61/100 par|[from] item: Life Orb
|move|p1a: Gliscor|Earthquake|p2a: Venusaur
|-damage|p2a: Venusaur|15/100 par
|
|-weather|SunnyDay|[upkeep]
|-heal|p1a: Gliscor|27/100 tox|[from] ability: Poison Heal
|upkeep
|turn|51
|
|t:|1776306683
|switch|p1a: Blissey|Blissey, F|86/100
|cant|p2a: Venusaur|par
|
|-weather|SunnyDay|[upkeep]
|upkeep
|turn|52
|
|t:|1776306692
|move|p2a: Venusaur|Giga Drain|p1a: Blissey
|-damage|p1a: Blissey|69/100
|-heal|p2a: Venusaur|36/100 par|[from] drain|[of] p1a: Blissey
|-damage|p2a: Venusaur|26/100 par|[from] item: Life Orb
|move|p1a: Blissey|Seismic Toss|p2a: Venusaur
|-damage|p2a: Venusaur|0 fnt
|faint|p2a: Venusaur
|
|-weather|none
|upkeep
|
|t:|1776306694
|switch|p2a: Samurott|Samurott-Hisui, F|63/100 tox
|turn|53
|
|t:|1776306710
|switch|p2a: Raging Bolt|Raging Bolt|39/100 tox
|switch|p1a: Dondozo|Dondozo, F|73/100
|-damage|p1a: Dondozo|60/100|[from] Stealth Rock
|
|-heal|p1a: Dondozo|67/100|[from] item: Leftovers
|-damage|p2a: Raging Bolt|33/100 tox|[from] psn
|upkeep
|turn|54
|
|t:|1776306718
|switch|p1a: Blissey|Blissey, F|69/100
|move|p2a: Raging Bolt|Volt Switch|p1a: Blissey
|-damage|p1a: Blissey|56/100
|
|t:|1776306720
|-end|p2a: Raging Bolt|Protosynthesis|[silent]
|switch|p2a: Samurott|Samurott-Hisui, F|63/100 tox|[from] Volt Switch
|
|-damage|p2a: Samurott|57/100 tox|[from] psn
|upkeep
|turn|55
|
|t:|1776306731
|switch|p1a: Corviknight|Corviknight, F, shiny|100/100
|-damage|p1a: Corviknight|88/100|[from] Stealth Rock
|-ability|p1a: Corviknight|Pressure
|move|p2a: Samurott|Ceaseless Edge|p1a: Corviknight
|-damage|p1a: Corviknight|58/100
|-sidestart|p1: pradoking|Spikes
|
|-heal|p1a: Corviknight|64/100|[from] item: Leftovers
|-damage|p2a: Samurott|45/100 tox|[from] psn
|upkeep
|turn|56
|
|t:|1776306740
|move|p2a: Samurott|Ceaseless Edge|p1a: Corviknight
|-damage|p1a: Corviknight|34/100
|-sidestart|p1: pradoking|Spikes
|move|p1a: Corviknight|Defog|p2a: Samurott
|-unboost|p2a: Samurott|evasion|1
|-sideend|p1: pradoking|Spikes|[from] move: Defog|[of] p1a: Corviknight
|-sideend|p1: pradoking|Stealth Rock|[from] move: Defog|[of] p1a: Corviknight
|
|-heal|p1a: Corviknight|40/100|[from] item: Leftovers
|-damage|p2a: Samurott|26/100 tox|[from] psn
|upkeep
|turn|57
|
|t:|1776306749
|switch|p2a: Torkoal|Torkoal, M|36/100 par
|-weather|SunnyDay|[from] ability: Drought|[of] p2a: Torkoal
|move|p1a: Corviknight|Roost|p1a: Corviknight
|-heal|p1a: Corviknight|90/100
|-singleturn|p1a: Corviknight|move: Roost
|
|-weather|SunnyDay|[upkeep]
|-heal|p1a: Corviknight|97/100|[from] item: Leftovers
|upkeep
|turn|58
|
|t:|1776306759
|switch|p2a: Walking Wake|Walking Wake|95/100
|-activate|p2a: Walking Wake|ability: Protosynthesis
|-start|p2a: Walking Wake|protosynthesisspe
|move|p1a: Corviknight|U-turn|p2a: Walking Wake
|-damage|p2a: Walking Wake|79/100
|
|t:|1776306766
|switch|p1a: Blissey|Blissey, F|56/100|[from] U-turn
|
|-weather|SunnyDay|[upkeep]
|upkeep
|turn|59
|
|t:|1776306771
|move|p2a: Walking Wake|Hydro Steam|p1a: Blissey
|-damage|p1a: Blissey|20/100
|move|p1a: Blissey|Thunder Wave|p2a: Walking Wake|[miss]
|-miss|p1a: Blissey|p2a: Walking Wake
|
|-weather|SunnyDay|[upkeep]
|upkeep
|turn|60
|
|t:|1776306783
|move|p2a: Walking Wake|Hydro Steam|p1a: Blissey
|-damage|p1a: Blissey|0 fnt
|faint|p1a: Blissey
|
|-weather|SunnyDay|[upkeep]
|upkeep
|
|t:|1776306786
|switch|p1a: Clodsire|Clodsire, F, shiny|13/100
|turn|61
|
|t:|1776306789
|-terastallize|p1a: Clodsire|Water
|move|p2a: Walking Wake|Hydro Steam|p1a: Clodsire
|-resisted|p1a: Clodsire
|-damage|p1a: Clodsire|0 fnt
|faint|p1a: Clodsire
|
|-weather|SunnyDay|[upkeep]
|upkeep
|
|t:|1776306794
|switch|p1a: Dondozo|Dondozo, F|67/100
|turn|62
|
|t:|1776306800
|move|p2a: Walking Wake|Hydro Steam|p1a: Dondozo
|-resisted|p1a: Dondozo
|-damage|p1a: Dondozo|27/100
|move|p1a: Dondozo|Rest|p1a: Dondozo
|-status|p1a: Dondozo|slp|[from] move: Rest
|-heal|p1a: Dondozo|100/100 slp|[silent]
|
|-weather|SunnyDay|[upkeep]
|upkeep
|turn|63
|
|t:|1776306810
|switch|p1a: Corviknight|Corviknight, F, shiny|97/100
|-ability|p1a: Corviknight|Pressure
|move|p2a: Walking Wake|Hydro Steam|p1a: Corviknight
|-damage|p1a: Corviknight|18/100
|
|-weather|SunnyDay|[upkeep]
|-heal|p1a: Corviknight|24/100|[from] item: Leftovers
|upkeep
|turn|64
|
|t:|1776306813
|move|p2a: Walking Wake|Hydro Steam|p1a: Corviknight
|-damage|p1a: Corviknight|0 fnt
|faint|p1a: Corviknight
|
|-weather|none
|-end|p2a: Walking Wake|Protosynthesis
|upkeep
|-message|pradoking forfeited.
|
|win|zhihe0719
|raw|pradoking's rating: 1428 &rarr; <strong>1409</strong><br />(-19 for losing)
|raw|zhihe0719's rating: 1444 &rarr; <strong>1463</strong><br />(+19 for winning)
|l|☆pradoking
|player|p1|
