|html|<div class="broadcast-blue"><strong>[Gen 9] OU is currently suspecting Tera Blast! For information on how to participate check out the <a href="https://www.smogon.com/tools/suspects/view/200">suspect thread</a>.</strong></div>
|j|☆TheFaerieQween
|j|☆tickle me girble
|t:|1776113746
|gametype|singles
|player|p1|TheFaerieQween|flannery|1206
|player|p2|tickle me girble|1|1155
|gen|9
|tier|[Gen 9] OU
|rated|
|rule|HP Percentage Mod: HP is shown in percentages
|rule|Endless Battle Clause: Forcing endless battles is banned
|rule|Species Clause: Limit one of each Pokémon
|rule|OHKO Clause: OHKO moves are banned
|rule|Evasion Items Clause: Evasion items are banned
|rule|Evasion Moves Clause: Evasion moves are banned
|rule|Evasion Abilities Clause: Evasion abilities are banned
|rule|Sleep Moves Clause: Sleep-inducing moves are banned
|clearpoke
|poke|p1|Slowking-Galar, M|
|poke|p1|Primarina, M|
|poke|p1|Garchomp, F|
|poke|p1|Goodra-Hisui, F|
|poke|p1|Zamazenta-*|
|poke|p1|Cinderace, F|
|poke|p2|Ninetales-Alola, F|
|poke|p2|Cloyster, F|
|poke|p2|Eiscue, M|
|poke|p2|Zapdos|
|poke|p2|Lokix, M|
|poke|p2|Ting-Lu|
|teampreview
|
|t:|1776113760
|teamsize|p1|6
|teamsize|p2|6
|start
|switch|p1a: Slowking|Slowking-Galar, M|100/100
|switch|p2a: Lokix|Lokix, M|100/100
|turn|1
|
|t:|1776113772
|move|p2a: Lokix|First Impression|p1a: Slowking
|-damage|p1a: Slowking|48/100
|move|p1a: Slowking|Thunder Wave|p2a: Lokix
|-status|p2a: Lokix|par
|
|upkeep
|turn|2
|
|t:|1776113783
|switch|p1a: Primarina|Primarina, M|100/100
|cant|p2a: Lokix|par
|
|upkeep
|turn|3
|
|t:|1776113791
|switch|p2a: Ninetales|Ninetales-Alola, F|100/100
|-weather|Snowscape|[from] ability: Snow Warning|[of] p2a: Ninetales
|move|p1a: Primarina|Moonblast|p2a: Ninetales
|-damage|p2a: Ninetales|52/100
|
|-weather|Snowscape|[upkeep]
|upkeep
|turn|4
|
|t:|1776113800
|switch|p1a: Cinderella|Cinderace, F|100/100
|move|p2a: Ninetales|Aurora Veil|p2a: Ninetales
|-sidestart|p2: tickle me girble|move: Aurora Veil
|
|-weather|Snowscape|[upkeep]
|upkeep
|turn|5
|
|t:|1776113806
|switch|p2a: Ting-Lu|Ting-Lu|100/100
|-ability|p2a: Ting-Lu|Vessel of Ruin
|move|p1a: Cinderella|Court Change|p1a: Cinderella
|-start|p1a: Cinderella|typechange|Normal|[from] ability: Libero
|-swapsideconditions
|-activate|p1a: Cinderella|move: Court Change
|
|-weather|Snowscape|[upkeep]
|upkeep
|turn|6
|
|t:|1776113823
|switch|p2a: Ninetales|Ninetales-Alola, F|52/100
|move|p1a: Cinderella|U-turn|p2a: Ninetales
|-resisted|p2a: Ninetales
|-damage|p2a: Ninetales|44/100
|
|t:|1776113831
|switch|p1a: Big zenta|Zamazenta|100/100|[from] U-turn
|-ability|p1a: Big zenta|Dauntless Shield|boost
|-boost|p1a: Big zenta|def|1
|
|-weather|Snowscape|[upkeep]
|upkeep
|turn|7
|
|t:|1776113843
|move|p1a: Big zenta|Body Press|p2a: Ninetales
|-damage|p2a: Ninetales|6/100
|move|p2a: Ninetales|Encore|p1a: Big zenta
|-start|p1a: Big zenta|Encore
|
|-weather|none
|upkeep
|turn|8
|
|t:|1776113858
|switch|p2a: Zapdos|Zapdos|100/100
|-ability|p2a: Zapdos|Pressure
|move|p1a: Big zenta|Body Press|p2a: Zapdos
|-resisted|p2a: Zapdos
|-damage|p2a: Zapdos|68/100
|
|upkeep
|turn|9
|
|t:|1776113869
|switch|p1a: Primarina|Primarina, M|100/100
|move|p2a: Zapdos|Volt Switch|p1a: Primarina
|-supereffective|p1a: Primarina
|-damage|p1a: Primarina|76/100
|
|t:|1776113878
|switch|p2a: Ninetales|Ninetales-Alola, F|6/100|[from] Volt Switch
|-weather|Snowscape|[from] ability: Snow Warning|[of] p2a: Ninetales
|
|-weather|Snowscape|[upkeep]
|upkeep
|turn|10
|
|t:|1776113892
|move|p2a: Ninetales|Aurora Veil|p2a: Ninetales
|-sidestart|p2: tickle me girble|move: Aurora Veil
|move|p1a: Primarina|Psychic Noise|p2a: Ninetales
|-damage|p2a: Ninetales|0 fnt
|faint|p2a: Ninetales
|
|-weather|Snowscape|[upkeep]
|upkeep
|
|t:|1776113905
|switch|p2a: Cloyster|Cloyster, F|100/100
|turn|11
|
|t:|1776113912
|move|p2a: Cloyster|Shell Smash|p2a: Cloyster
|-unboost|p2a: Cloyster|def|1
|-unboost|p2a: Cloyster|spd|1
|-boost|p2a: Cloyster|atk|2
|-boost|p2a: Cloyster|spa|2
|-boost|p2a: Cloyster|spe|2
|-enditem|p2a: Cloyster|White Herb
|-clearnegativeboost|p2a: Cloyster|[silent]
|move|p1a: Primarina|Energy Ball|p2a: Cloyster
|-supereffective|p2a: Cloyster
|-damage|p2a: Cloyster|16/100
|
|-weather|Snowscape|[upkeep]
|-sideend|p1: TheFaerieQween|move: Aurora Veil
|upkeep
|turn|12
|
|t:|1776113925
|-terastallize|p2a: Cloyster|Electric
|move|p2a: Cloyster|Tera Blast|p1a: Primarina|[anim] Tera Blast Electric
|-supereffective|p1a: Primarina
|-damage|p1a: Primarina|0 fnt
|faint|p1a: Primarina
|
|-weather|Snowscape|[upkeep]
|upkeep
|
|t:|1776113937
|switch|p1a: Slug|Goodra-Hisui, F, shiny|100/100
|turn|13
|
|t:|1776113942
|move|p2a: Cloyster|Drill Run|p1a: Slug
|-supereffective|p1a: Slug
|-damage|p1a: Slug|2/100
|move|p1a: Slug|Flash Cannon|p2a: Cloyster
|-resisted|p2a: Cloyster
|-damage|p2a: Cloyster|0 fnt
|faint|p2a: Cloyster
|
|-weather|none
|upkeep
|
|t:|1776113956
|switch|p2a: Zapdos|Zapdos|68/100
|-ability|p2a: Zapdos|Pressure
|turn|14
|
|t:|1776113966
|switch|p1a: Cinderella|Cinderace, F|100/100
|move|p2a: Zapdos|Heat Wave|p1a: Cinderella
|-resisted|p1a: Cinderella
|-damage|p1a: Cinderella|81/100
|
|upkeep
|turn|15
|
|t:|1776113973
|move|p1a: Cinderella|Court Change|p1a: Cinderella
|-start|p1a: Cinderella|typechange|Normal|[from] ability: Libero
|-swapsideconditions
|-activate|p1a: Cinderella|move: Court Change
|move|p2a: Zapdos|Volt Switch|p1a: Cinderella
|-damage|p1a: Cinderella|61/100
|
|t:|1776113976
|switch|p2a: Eiscue|Eiscue, M|100/100|[from] Volt Switch
|
|upkeep
|turn|16
|
|t:|1776113982
|move|p1a: Cinderella|Pyro Ball|p2a: Eiscue
|-activate|p2a: Eiscue|ability: Ice Face
|-damage|p2a: Eiscue|100/100
|detailschange|p2a: Eiscue|Eiscue-Noice, M
|move|p2a: Eiscue|Belly Drum|p2a: Eiscue
|-damage|p2a: Eiscue|50/100
|-setboost|p2a: Eiscue|atk|6|[from] move: Belly Drum
|
|upkeep
|turn|17
|
|t:|1776113993
|move|p2a: Eiscue|Icicle Spear|p1a: Cinderella
|-damage|p1a: Cinderella|37/100
|-damage|p1a: Cinderella|16/100
|-damage|p1a: Cinderella|0 fnt
|faint|p1a: Cinderella
|-hitcount|p1: Cinderella|3
|
|-sideend|p1: TheFaerieQween|move: Aurora Veil
|upkeep
|
|t:|1776114002
|switch|p1a: Big zenta|Zamazenta|100/100
|turn|18
|
|t:|1776114006
|move|p2a: Eiscue|Icicle Spear|p1a: Big zenta
|-damage|p1a: Big zenta|75/100
|-damage|p1a: Big zenta|48/100
|-damage|p1a: Big zenta|20/100
|-damage|p1a: Big zenta|0 fnt
|faint|p1a: Big zenta
|-hitcount|p1: Big zenta|4
|
|upkeep
|
|t:|1776114019
|switch|p1a: Yeezy|Garchomp, F|100/100
|turn|19
|
|t:|1776114029
|-terastallize|p1a: Yeezy|Fire
|move|p2a: Eiscue|Icicle Spear|p1a: Yeezy
|-resisted|p1a: Yeezy
|-damage|p1a: Yeezy|82/100
|-resisted|p1a: Yeezy
|-damage|p1a: Yeezy|62/100
|-resisted|p1a: Yeezy
|-damage|p1a: Yeezy|44/100
|-resisted|p1a: Yeezy
|-damage|p1a: Yeezy|27/100
|-resisted|p1a: Yeezy
|-damage|p1a: Yeezy|7/100
|-hitcount|p1a: Yeezy|5
|move|p1a: Yeezy|Fire Fang|p2a: Eiscue
|-supereffective|p2a: Eiscue
|-damage|p2a: Eiscue|0 fnt
|faint|p2a: Eiscue
|
|upkeep
|
|t:|1776114042
|switch|p2a: Ting-Lu|Ting-Lu|100/100
|-ability|p2a: Ting-Lu|Vessel of Ruin
|turn|20
|
|t:|1776114052
|move|p1a: Yeezy|Scale Shot|p2a: Ting-Lu
|-damage|p2a: Ting-Lu|93/100
|-damage|p2a: Ting-Lu|85/100
|-damage|p2a: Ting-Lu|78/100
|-damage|p2a: Ting-Lu|70/100
|-hitcount|p2a: Ting-Lu|4
|-unboost|p1a: Yeezy|def|1
|-boost|p1a: Yeezy|spe|1
|move|p2a: Ting-Lu|Earthquake|p1a: Yeezy
|-supereffective|p1a: Yeezy
|-damage|p1a: Yeezy|0 fnt
|faint|p1a: Yeezy
|
|upkeep
|-message|TheFaerieQween forfeited.
|
|win|tickle me girble
|raw|TheFaerieQween's rating: 1206 &rarr; <strong>1177</strong><br />(-29 for losing)
|raw|tickle me girble's rating: 1155 &rarr; <strong>1184</strong><br />(+29 for winning)
|l|☆TheFaerieQween
|player|p1|
|l|☆tickle me girble
|player|p2|
