|html|<div class="broadcast-blue"><strong>[Gen 9] OU is currently suspecting Volcarona! For information on how to participate check out the <a href="https://www.smogon.com/tools/suspects/view/208">suspect thread</a>.</strong></div>
|j|☆sptr
|j|☆Deoxysluver
|t:|1778510401
|gametype|singles
|player|p1|sptr|pokemaniac|1139
|player|p2|Deoxysluver|n|1154
|gen|9
|tier|[Gen 9] OU
|rated|
|rule|HP Percentage Mod: HP is shown in percentages
|rule|Endless Battle Clause: Forcing endless battles is banned
|rule|Species Clause: Limit one of each Pokémon
|rule|OHKO Clause: OHKO moves are banned
|rule|Evasion Items Clause: Evasion items are banned
|rule|Evasion Moves Clause: Evasion moves are banned
|rule|Evasion Abilities Clause: Evasion abilities are banned
|rule|Sleep Moves Clause: Sleep-inducing moves are banned
|clearpoke
|poke|p1|Toxapex, F|
|poke|p1|Kommo-o, M|
|poke|p1|Great Tusk|
|poke|p1|Raging Bolt|
|poke|p1|Oricorio-Pom-Pom, M|
|poke|p1|Volcarona, F|
|poke|p2|Cacturne, F|
|poke|p2|Salazzle, F|
|poke|p2|Garchomp, F|
|poke|p2|Polteageist|
|poke|p2|Enamorus, F|
|poke|p2|Toedscruel, M|
|teampreview
|inactive|Battle timer is ON: inactive players will automatically lose when time's up. (requested by Deoxysluver)
|
|t:|1778510415
|teamsize|p1|6
|teamsize|p2|6
|start
|switch|p1a: Raging Bolt|Raging Bolt|100/100
|switch|p2a: Cacturne|Cacturne, F|100/100
|turn|1
|
|t:|1778510423
|move|p1a: Raging Bolt|Hyper Voice|p2a: Cacturne
|-damage|p2a: Cacturne|58/100
|-damage|p1a: Raging Bolt|91/100|[from] item: Life Orb
|move|p2a: Cacturne|Toxic Spikes|p1a: Raging Bolt
|-sidestart|p1: sptr|move: Toxic Spikes
|
|-heal|p2a: Cacturne|64/100|[from] item: Leftovers
|upkeep
|turn|2
|
|t:|1778510432
|move|p2a: Cacturne|Spiky Shield|p2a: Cacturne
|-singleturn|p2a: Cacturne|move: Protect
|move|p1a: Raging Bolt|Hyper Voice|p2a: Cacturne
|-activate|p2a: Cacturne|move: Protect
|
|-heal|p2a: Cacturne|70/100|[from] item: Leftovers
|upkeep
|turn|3
|
|t:|1778510445
|switch|p2a: Polteageist|Polteageist|100/100
|move|p1a: Raging Bolt|Hyper Voice|p2a: Polteageist
|-immune|p2a: Polteageist
|
|upkeep
|turn|4
|
|t:|1778510468
|switch|p2a: Toedscruel|Toedscruel, M|100/100
|move|p1a: Raging Bolt|Draco Meteor|p2a: Toedscruel
|-damage|p2a: Toedscruel|39/100
|-unboost|p1a: Raging Bolt|spa|2
|-damage|p1a: Raging Bolt|81/100|[from] item: Life Orb
|
|upkeep
|turn|5
|
|t:|1778510481
|-end|p1a: Raging Bolt|Protosynthesis|[silent]
|switch|p1a: Toxapex|Toxapex, F, shiny|100/100
|-sideend|p1: sptr|move: Toxic Spikes|[of] p1a: Toxapex
|move|p2a: Toedscruel|Leech Seed|p1a: Toxapex
|-start|p1a: Toxapex|move: Leech Seed
|
|-damage|p1a: Toxapex|88/100|[from] Leech Seed|[of] p2a: Toedscruel
|-heal|p2a: Toedscruel|48/100|[silent]
|upkeep
|turn|6
|
|t:|1778510491
|move|p1a: Toxapex|Baneful Bunker|p1a: Toxapex
|-singleturn|p1a: Toxapex|move: Protect
|move|p2a: Toedscruel|Toxic Spikes|p1a: Toxapex
|-sidestart|p1: sptr|move: Toxic Spikes
|
|-damage|p1a: Toxapex|76/100|[from] Leech Seed|[of] p2a: Toedscruel
|-heal|p2a: Toedscruel|58/100|[silent]
|upkeep
|turn|7
|
|t:|1778510499
|switch|p1a: Volcarona|Volcarona, F|100/100
|move|p2a: Toedscruel|Toxic Spikes|p1a: Volcarona
|-sidestart|p1: sptr|move: Toxic Spikes
|
|upkeep
|turn|8
|
|t:|1778510507
|switch|p2a: Garchomp|Garchomp, F|100/100
|move|p1a: Volcarona|Fiery Dance|p2a: Garchomp
|-resisted|p2a: Garchomp
|-damage|p2a: Garchomp|75/100
|
|upkeep
|turn|9
|
|t:|1778510518
|move|p2a: Garchomp|Earthquake|p1a: Volcarona
|-damage|p1a: Volcarona|15/100
|move|p1a: Volcarona|Bug Buzz|p2a: Garchomp
|-damage|p2a: Garchomp|22/100
|
|upkeep
|turn|10
|
|t:|1778510529
|switch|p1a: Toxapex|Toxapex, F, shiny|100/100
|-sideend|p1: sptr|move: Toxic Spikes|[of] p1a: Toxapex
|move|p2a: Garchomp|Earthquake|p1a: Toxapex
|-supereffective|p1a: Toxapex
|-damage|p1a: Toxapex|23/100
|
|upkeep
|turn|11
|
|t:|1778510536
|switch|p1a: Oricorio|Oricorio-Pom-Pom, M|100/100
|move|p2a: Garchomp|Earthquake|p1a: Oricorio
|-immune|p1a: Oricorio
|
|upkeep
|turn|12
|
|t:|1778510554
|switch|p2a: Toedscruel|Toedscruel, M|58/100
|move|p1a: Oricorio|Tailwind|p1a: Oricorio
|-sidestart|p1: sptr|move: Tailwind
|
|upkeep
|turn|13
|
|t:|1778510566
|move|p1a: Oricorio|Icy Wind|p2a: Toedscruel
|-supereffective|p2a: Toedscruel
|-damage|p2a: Toedscruel|20/100
|-unboost|p2a: Toedscruel|spe|1
|move|p2a: Toedscruel|Toxic Spikes|p1a: Oricorio
|-sidestart|p1: sptr|move: Toxic Spikes
|
|upkeep
|turn|14
|
|t:|1778510578
|-terastallize|p2a: Toedscruel|Fire
|move|p1a: Oricorio|Icy Wind|p2a: Toedscruel
|-resisted|p2a: Toedscruel
|-damage|p2a: Toedscruel|16/100
|-unboost|p2a: Toedscruel|spe|1
|move|p2a: Toedscruel|Mirror Coat|p1a: Oricorio
|-damage|p1a: Oricorio|90/100
|
|upkeep
|turn|15
|
|t:|1778510589
|move|p1a: Oricorio|Revelation Dance|p2a: Toedscruel
|-damage|p2a: Toedscruel|0 fnt
|faint|p2a: Toedscruel
|
|-sideend|p1: sptr|move: Tailwind
|upkeep
|
|t:|1778510604
|switch|p2a: Salazzle|Salazzle, F, shiny|100/100
|turn|16
|
|t:|1778510609
|-terastallize|p1a: Oricorio|Water
|move|p2a: Salazzle|Toxic|p1a: Oricorio
|-status|p1a: Oricorio|tox
|move|p1a: Oricorio|Revelation Dance|p2a: Salazzle
|-supereffective|p2a: Salazzle
|-enditem|p2a: Salazzle|Focus Sash
|-damage|p2a: Salazzle|1/100
|
|-damage|p1a: Oricorio|83/100 tox|[from] psn
|upkeep
|turn|17
|
|t:|1778510622
|move|p2a: Salazzle|Protect|p2a: Salazzle
|-singleturn|p2a: Salazzle|Protect
|move|p1a: Oricorio|Tailwind|p1a: Oricorio
|-sidestart|p1: sptr|move: Tailwind
|
|-damage|p1a: Oricorio|71/100 tox|[from] psn
|upkeep
|turn|18
|
|t:|1778510630
|switch|p2a: Cacturne|Cacturne, F|70/100
|move|p1a: Oricorio|Revelation Dance|p2a: Cacturne
|-heal|p2a: Cacturne|95/100|[from] ability: Water Absorb|[of] p1a: Oricorio
|
|-heal|p2a: Cacturne|100/100|[from] item: Leftovers
|-damage|p1a: Oricorio|52/100 tox|[from] psn
|upkeep
|turn|19
|
|t:|1778510648
|switch|p1a: Toxapex|Toxapex, F, shiny|56/100
|-sideend|p1: sptr|move: Toxic Spikes|[of] p1a: Toxapex
|move|p2a: Cacturne|Toxic Spikes|p1a: Toxapex
|-sidestart|p1: sptr|move: Toxic Spikes
|
|upkeep
|turn|20
|
|t:|1778510661
|switch|p1a: Volcarona|Volcarona, F|15/100
|switch|p2a: Garchomp|Garchomp, F|22/100
|
|-sideend|p1: sptr|move: Tailwind
|upkeep
|turn|21
|
|t:|1778510686
|switch|p1a: Great Tusk|Great Tusk|100/100
|-status|p1a: Great Tusk|psn
|-enditem|p1a: Great Tusk|Booster Energy
|-activate|p1a: Great Tusk|ability: Protosynthesis|[fromitem]
|-start|p1a: Great Tusk|protosynthesisatk
|move|p2a: Garchomp|Earthquake|p1a: Great Tusk
|-damage|p1a: Great Tusk|67/100 psn
|
|-damage|p1a: Great Tusk|54/100 psn|[from] psn
|upkeep
|turn|22
|
|t:|1778510711
|switch|p2a: Enamorus|Enamorus, F|100/100
|move|p1a: Great Tusk|Ice Spinner|p2a: Enamorus
|-supereffective|p2a: Enamorus
|-damage|p2a: Enamorus|0 fnt
|faint|p2a: Enamorus
|
|-damage|p1a: Great Tusk|42/100 psn|[from] psn
|upkeep
|inactive|Deoxysluver has 120 seconds left.
|
|t:|1778510721
|switch|p2a: Salazzle|Salazzle, F, shiny|1/100
|turn|23
|
|t:|1778510733
|-end|p1a: Great Tusk|Protosynthesis|[silent]
|switch|p1a: Volcarona|Volcarona, F|15/100
|move|p2a: Salazzle|Fake Out|p1a: Volcarona
|-damage|p1a: Volcarona|5/100
|
|upkeep
|turn|24
|
|t:|1778510744
|switch|p1a: Toxapex|Toxapex, F, shiny|90/100
|-sideend|p1: sptr|move: Toxic Spikes|[of] p1a: Toxapex
|move|p2a: Salazzle|Sludge Wave|p1a: Toxapex
|-resisted|p1a: Toxapex
|-damage|p1a: Toxapex|74/100
|
|upkeep
|turn|25
|
|t:|1778510752
|move|p2a: Salazzle|Toxic|p1a: Toxapex
|-status|p1a: Toxapex|tox
|move|p1a: Toxapex|Sludge Bomb|p2a: Salazzle
|-resisted|p2a: Salazzle
|-damage|p2a: Salazzle|0 fnt
|faint|p2a: Salazzle
|
|-damage|p1a: Toxapex|68/100 tox|[from] psn
|upkeep
|
|t:|1778510762
|switch|p2a: Cacturne|Cacturne, F|100/100
|turn|26
|
|t:|1778510768
|move|p2a: Cacturne|Spiky Shield|p2a: Cacturne
|-singleturn|p2a: Cacturne|move: Protect
|move|p1a: Toxapex|Sludge Bomb|p2a: Cacturne
|-activate|p2a: Cacturne|move: Protect
|
|-damage|p1a: Toxapex|56/100 tox|[from] psn
|upkeep
|turn|27
|
|t:|1778510789
|move|p2a: Cacturne|Sucker Punch|p1a: Toxapex
|-damage|p1a: Toxapex|35/100 tox
|-damage|p2a: Cacturne|84/100|[from] item: Rocky Helmet|[of] p1a: Toxapex
|move|p1a: Toxapex|Sludge Bomb|p2a: Cacturne
|-supereffective|p2a: Cacturne
|-damage|p2a: Cacturne|45/100
|
|-heal|p2a: Cacturne|52/100|[from] item: Leftovers
|-damage|p1a: Toxapex|16/100 tox|[from] psn
|upkeep
|turn|28
|
|t:|1778510803
|switch|p1a: Volcarona|Volcarona, F|5/100
|move|p2a: Cacturne|Spiky Shield||[still]
|-fail|p2a: Cacturne
|
|-heal|p2a: Cacturne|58/100|[from] item: Leftovers
|upkeep
|turn|29
|
|t:|1778510812
|move|p2a: Cacturne|Sucker Punch||[still]
|-fail|p2a: Cacturne
|move|p1a: Volcarona|Quiver Dance|p1a: Volcarona
|-boost|p1a: Volcarona|spa|1
|-boost|p1a: Volcarona|spd|1
|-boost|p1a: Volcarona|spe|1
|
|-heal|p2a: Cacturne|64/100|[from] item: Leftovers
|upkeep
|turn|30
|
|t:|1778510822
|move|p1a: Volcarona|Quiver Dance|p1a: Volcarona
|-boost|p1a: Volcarona|spa|1
|-boost|p1a: Volcarona|spd|1
|-boost|p1a: Volcarona|spe|1
|move|p2a: Cacturne|Lunge|p1a: Volcarona
|-resisted|p1a: Volcarona
|-damage|p1a: Volcarona|0 fnt
|faint|p1a: Volcarona
|
|-heal|p2a: Cacturne|70/100|[from] item: Leftovers
|upkeep
|
|t:|1778510832
|switch|p1a: Raging Bolt|Raging Bolt|81/100
|turn|31
|
|t:|1778510849
|move|p2a: Cacturne|Spiky Shield|p2a: Cacturne
|-singleturn|p2a: Cacturne|move: Protect
|move|p1a: Raging Bolt|Draco Meteor|p2a: Cacturne
|-activate|p2a: Cacturne|move: Protect
|
|-heal|p2a: Cacturne|76/100|[from] item: Leftovers
|upkeep
|turn|32
|
|t:|1778510862
|move|p1a: Raging Bolt|Draco Meteor|p2a: Cacturne
|-damage|p2a: Cacturne|0 fnt
|-unboost|p1a: Raging Bolt|spa|2
|faint|p2a: Cacturne
|-damage|p1a: Raging Bolt|71/100|[from] item: Life Orb
|
|upkeep
|
|t:|1778510869
|switch|p2a: Garchomp|Garchomp, F|22/100
|turn|33
|
|t:|1778510878
|move|p2a: Garchomp|Earthquake|p1a: Raging Bolt
|-supereffective|p1a: Raging Bolt
|-damage|p1a: Raging Bolt|0 fnt
|faint|p1a: Raging Bolt
|-end|p1a: Raging Bolt|Protosynthesis|[silent]
|
|upkeep
|
|t:|1778510890
|switch|p1a: Kommo-o|Kommo-o, M|100/100
|turn|34
|
|t:|1778510897
|move|p2a: Garchomp|Earthquake|p1a: Kommo-o
|-damage|p1a: Kommo-o|48/100
|move|p1a: Kommo-o|Scale Shot|p2a: Garchomp
|-supereffective|p2a: Garchomp
|-damage|p2a: Garchomp|0 fnt
|faint|p2a: Garchomp
|-hitcount|p2: Garchomp|1
|-unboost|p1a: Kommo-o|def|1
|-boost|p1a: Kommo-o|spe|1
|
|upkeep
|
|t:|1778510907
|switch|p2a: Polteageist|Polteageist|100/100
|turn|35
|c|☆sptr|gg
|
|t:|1778510912
|move|p1a: Kommo-o|Scale Shot|p2a: Polteageist|[miss]
|-miss|p1a: Kommo-o|p2a: Polteageist
|move|p2a: Polteageist|Shell Smash|p2a: Polteageist
|-unboost|p2a: Polteageist|def|1
|-unboost|p2a: Polteageist|spd|1
|-boost|p2a: Polteageist|atk|2
|-boost|p2a: Polteageist|spa|2
|-boost|p2a: Polteageist|spe|2
|-enditem|p2a: Polteageist|White Herb
|-clearnegativeboost|p2a: Polteageist|[silent]
|
|upkeep
|turn|36
|
|t:|1778510922
|move|p2a: Polteageist|Stored Power|p1a: Kommo-o
|-supereffective|p1a: Kommo-o
|-damage|p1a: Kommo-o|0 fnt
|faint|p1a: Kommo-o
|
|upkeep
|
|t:|1778510927
|switch|p1a: Oricorio|Oricorio-Pom-Pom, M, tera:Water|52/100 tox
|turn|37
|
|t:|1778510932
|move|p2a: Polteageist|Stored Power|p1a: Oricorio
|-damage|p1a: Oricorio|0 fnt
|faint|p1a: Oricorio
|
|upkeep
|
|t:|1778510937
|switch|p1a: Toxapex|Toxapex, F, shiny|50/100 tox
|turn|38
|
|t:|1778510942
|move|p2a: Polteageist|Stored Power|p1a: Toxapex
|-supereffective|p1a: Toxapex
|-damage|p1a: Toxapex|0 fnt
|faint|p1a: Toxapex
|
|upkeep
|
|t:|1778510944
|switch|p1a: Great Tusk|Great Tusk|42/100 psn
|turn|39
|
|t:|1778510949
|move|p2a: Polteageist|Stored Power|p1a: Great Tusk
|-supereffective|p1a: Great Tusk
|-damage|p1a: Great Tusk|0 fnt
|faint|p1a: Great Tusk
|-end|p1a: Great Tusk|Protosynthesis|[silent]
|
|win|Deoxysluver
|raw|sptr's rating: 1139 &rarr; <strong>1115</strong><br />(-24 for losing)
|raw|Deoxysluver's rating: 1154 &rarr; <strong>1178</strong><br />(+24 for winning)
|c|☆sptr|i love misses
|l|☆sptr
|player|p1|
|l|☆Deoxysluver
|player|p2|
