|html|<div class="broadcast-blue"><strong>[Gen 9] OU is currently suspecting Tera Blast! For information on how to participate check out the <a href="https://www.smogon.com/tools/suspects/view/200">suspect thread</a>.</strong></div>
|j|☆signalb00st
|j|☆HIAFH
|t:|1776105992
|gametype|singles
|player|p1|signalb00st|170|1530
|player|p2|HIAFH|ingo|1516
|gen|9
|tier|[Gen 9] OU
|rated|
|rule|HP Percentage Mod: HP is shown in percentages
|rule|Endless Battle Clause: Forcing endless battles is banned
|rule|Species Clause: Limit one of each Pokémon
|rule|OHKO Clause: OHKO moves are banned
|rule|Evasion Items Clause: Evasion items are banned
|rule|Evasion Moves Clause: Evasion moves are banned
|rule|Evasion Abilities Clause: Evasion abilities are banned
|rule|Sleep Moves Clause: Sleep-inducing moves are banned
|clearpoke
|poke|p1|Gholdengo|
|poke|p1|Glimmora, M|
|poke|p1|Zamazenta-*|
|poke|p1|Grimmsnarl, M|
|poke|p1|Polteageist|
|poke|p1|Ogerpon-Wellspring, F|
|poke|p2|Excadrill, F|
|poke|p2|Tyranitar, M|
|poke|p2|Hydrapple, F|
|poke|p2|Alomomola, F|
|poke|p2|Hatterene, F|
|poke|p2|Zapdos|
|teampreview
|inactive|Battle timer is ON: inactive players will automatically lose when time's up. (requested by HIAFH)
|j| Metallic Symphony
|l| Metallic Symphony
|
|t:|1776106032
|teamsize|p1|6
|teamsize|p2|6
|start
|switch|p1a: Ogerpon|Ogerpon-Wellspring, F|100/100
|switch|p2a: Tyranitar|Tyranitar, M|100/100
|-weather|Sandstorm|[from] ability: Sand Stream|[of] p2a: Tyranitar
|turn|1
|
|t:|1776106043
|switch|p1a: Grimmsnarl|Grimmsnarl, M, shiny|100/100
|switch|p2a: Hydrapple|Hydrapple, F|100/100
|
|-weather|Sandstorm|[upkeep]
|-damage|p1a: Grimmsnarl|94/100|[from] Sandstorm
|-damage|p2a: Hydrapple|94/100|[from] Sandstorm
|upkeep
|turn|2
|
|t:|1776106052
|switch|p2a: Tyranitar|Tyranitar, M|100/100
|move|p1a: Grimmsnarl|Light Screen|p1a: Grimmsnarl
|-sidestart|p1: signalb00st|move: Light Screen
|
|-weather|Sandstorm|[upkeep]
|-damage|p1a: Grimmsnarl|88/100|[from] Sandstorm
|upkeep
|turn|3
|
|t:|1776106064
|switch|p2a: Alomomola|Alomomola, F|100/100
|move|p1a: Grimmsnarl|Low Kick|p2a: Alomomola
|-damage|p2a: Alomomola|90/100
|
|-weather|Sandstorm|[upkeep]
|-damage|p1a: Grimmsnarl|82/100|[from] Sandstorm
|-damage|p2a: Alomomola|84/100|[from] Sandstorm
|upkeep
|turn|4
|
|t:|1776106073
|move|p1a: Grimmsnarl|Reflect|p1a: Grimmsnarl
|-sidestart|p1: signalb00st|Reflect
|move|p2a: Alomomola|Wish|p2a: Alomomola
|
|-weather|Sandstorm|[upkeep]
|-damage|p1a: Grimmsnarl|76/100|[from] Sandstorm
|-damage|p2a: Alomomola|77/100|[from] Sandstorm
|upkeep
|turn|5
|
|t:|1776106080
|switch|p1a: Glimmora|Glimmora, M, shiny|100/100
|switch|p2a: Hatterene|Hatterene, F|100/100
|
|-weather|none
|upkeep
|turn|6
|
|t:|1776106092
|move|p1a: Glimmora|Mortal Spin|p2a: Hatterene
|-supereffective|p2a: Hatterene
|-damage|p2a: Hatterene|89/100
|-status|p2a: Hatterene|psn
|move|p2a: Hatterene|Psychic Noise|p1a: Glimmora
|-supereffective|p1a: Glimmora
|-damage|p1a: Glimmora|72/100
|-start|p1a: Glimmora|move: Heal Block
|-enditem|p1a: Glimmora|Red Card|[of] p2a: Hatterene
|drag|p2a: Hydrapple|Hydrapple, F|100/100
|
|upkeep
|turn|7
|
|t:|1776106104
|switch|p2a: Hatterene|Hatterene, F|89/100 psn
|move|p1a: Glimmora|Mortal Spin|p2a: Hatterene
|-supereffective|p2a: Hatterene
|-damage|p2a: Hatterene|78/100 psn
|
|-damage|p2a: Hatterene|66/100 psn|[from] psn
|-end|p1a: Glimmora|move: Heal Block
|upkeep
|turn|8
|
|t:|1776106114
|switch|p1a: Gholdengo|Gholdengo, shiny|100/100
|-item|p1a: Gholdengo|Air Balloon
|move|p2a: Hatterene|Psyshock|p1a: Gholdengo
|-resisted|p1a: Gholdengo
|-damage|p1a: Gholdengo|90/100
|-enditem|p1a: Gholdengo|Air Balloon
|
|-damage|p2a: Hatterene|54/100 psn|[from] psn
|upkeep
|turn|9
|
|t:|1776106137
|switch|p2a: Tyranitar|Tyranitar, M|100/100
|-weather|Sandstorm|[from] ability: Sand Stream|[of] p2a: Tyranitar
|move|p1a: Gholdengo|Nasty Plot|p1a: Gholdengo
|-boost|p1a: Gholdengo|spa|2
|
|-weather|Sandstorm|[upkeep]
|-sideend|p1: signalb00st|move: Light Screen
|upkeep
|turn|10
|
|t:|1776106149
|switch|p2a: Zapdos|Zapdos|100/100
|-ability|p2a: Zapdos|Pressure
|move|p1a: Gholdengo|Dazzling Gleam|p2a: Zapdos
|-damage|p2a: Zapdos|34/100
|
|-weather|Sandstorm|[upkeep]
|-damage|p2a: Zapdos|28/100|[from] Sandstorm
|upkeep
|turn|11
|
|t:|1776106159
|move|p2a: Zapdos|Volt Switch|p1a: Gholdengo
|-damage|p1a: Gholdengo|25/100
|
|t:|1776106166
|switch|p2a: Hatterene|Hatterene, F|54/100 psn|[from] Volt Switch
|move|p1a: Gholdengo|Shadow Ball|p2a: Hatterene
|-supereffective|p2a: Hatterene
|-damage|p2a: Hatterene|0 fnt
|faint|p2a: Hatterene
|
|-weather|Sandstorm|[upkeep]
|-sideend|p1: signalb00st|Reflect
|upkeep
|
|t:|1776106177
|switch|p2a: Excadrill|Excadrill, F|100/100
|turn|12
|
|t:|1776106183
|switch|p1a: Glimmora|Glimmora, M, shiny|72/100
|move|p2a: Excadrill|Iron Head|p1a: Glimmora
|-supereffective|p1a: Glimmora
|-damage|p1a: Glimmora|0 fnt
|-activate|p1a: Glimmora|ability: Toxic Debris
|-sidestart|p2: HIAFH|move: Toxic Spikes
|faint|p1a: Glimmora
|
|-weather|Sandstorm|[upkeep]
|upkeep
|
|t:|1776106213
|switch|p1a: Zamazenta|Zamazenta, shiny|100/100
|-ability|p1a: Zamazenta|Dauntless Shield|boost
|-boost|p1a: Zamazenta|def|1
|turn|13
|
|t:|1776106218
|switch|p2a: Alomomola|Alomomola, F|100/100
|switch|p1a: Grimmsnarl|Grimmsnarl, M, shiny|76/100
|
|-weather|none
|upkeep
|turn|14
|
|t:|1776106227
|move|p1a: Grimmsnarl|Reflect|p1a: Grimmsnarl
|-sidestart|p1: signalb00st|Reflect
|move|p2a: Alomomola|Flip Turn|p1a: Grimmsnarl
|-damage|p1a: Grimmsnarl|64/100
|
|t:|1776106231
|switch|p2a: Excadrill|Excadrill, F|100/100|[from] Flip Turn
|
|upkeep
|turn|15
|
|t:|1776106241
|switch|p1a: Polteageist|Polteageist, shiny|100/100
|move|p2a: Excadrill|Iron Head|p1a: Polteageist
|-damage|p1a: Polteageist|41/100
|
|upkeep
|turn|16
|
|t:|1776106257
|move|p2a: Excadrill|Iron Head|p1a: Polteageist
|-damage|p1a: Polteageist|0 fnt
|faint|p1a: Polteageist
|
|upkeep
|
|t:|1776106268
|switch|p1a: Zamazenta|Zamazenta, shiny|100/100
|turn|17
|
|t:|1776106271
|switch|p2a: Alomomola|Alomomola, F|100/100
|move|p1a: Zamazenta|Body Press|p2a: Alomomola
|-damage|p2a: Alomomola|85/100
|
|upkeep
|turn|18
|
|t:|1776106278
|move|p1a: Zamazenta|Substitute|p1a: Zamazenta
|-start|p1a: Zamazenta|Substitute
|-damage|p1a: Zamazenta|76/100
|move|p2a: Alomomola|Wish|p2a: Alomomola
|
|-heal|p1a: Zamazenta|82/100|[from] item: Leftovers
|upkeep
|turn|19
|
|t:|1776106286
|move|p1a: Zamazenta|Iron Defense|p1a: Zamazenta
|-boost|p1a: Zamazenta|def|2
|move|p2a: Alomomola|Flip Turn|p1a: Zamazenta
|-activate|p1a: Zamazenta|move: Substitute|[damage]
|
|t:|1776106292
|switch|p2a: Zapdos|Zapdos|28/100|[from] Flip Turn
|-ability|p2a: Zapdos|Pressure
|
|-heal|p2a: Zapdos|100/100|[from] move: Wish|[wisher] Alomomola
|-heal|p1a: Zamazenta|88/100|[from] item: Leftovers
|upkeep
|turn|20
|
|t:|1776106305
|-terastallize|p1a: Zamazenta|Electric
|move|p1a: Zamazenta|Iron Defense|p1a: Zamazenta
|-boost|p1a: Zamazenta|def|2
|move|p2a: Zapdos|Hurricane|p1a: Zamazenta
|-resisted|p1a: Zamazenta
|-end|p1a: Zamazenta|Substitute
|
|-heal|p1a: Zamazenta|94/100|[from] item: Leftovers
|upkeep
|turn|21
|
|t:|1776106322
|switch|p2a: Hydrapple|Hydrapple, F|100/100
|move|p1a: Zamazenta|Substitute|p1a: Zamazenta
|-start|p1a: Zamazenta|Substitute
|-damage|p1a: Zamazenta|69/100
|
|-heal|p1a: Zamazenta|76/100|[from] item: Leftovers
|-sideend|p1: signalb00st|Reflect
|upkeep
|turn|22
|
|t:|1776106333
|-terastallize|p2a: Hydrapple|Poison
|move|p1a: Zamazenta|Body Press|p2a: Hydrapple
|-resisted|p2a: Hydrapple
|-damage|p2a: Hydrapple|75/100
|move|p2a: Hydrapple|Nasty Plot|p2a: Hydrapple
|-boost|p2a: Hydrapple|spa|2
|
|-heal|p1a: Zamazenta|82/100|[from] item: Leftovers
|upkeep
|turn|23
|
|t:|1776106345
|move|p1a: Zamazenta|Body Press|p2a: Hydrapple
|-resisted|p2a: Hydrapple
|-damage|p2a: Hydrapple|47/100
|move|p2a: Hydrapple|Giga Drain|p1a: Zamazenta
|-end|p1a: Zamazenta|Substitute
|-heal|p2a: Hydrapple|59/100|[from] drain|[of] p1a: Zamazenta
|
|-heal|p1a: Zamazenta|88/100|[from] item: Leftovers
|upkeep
|turn|24
|
|t:|1776106356
|move|p1a: Zamazenta|Substitute|p1a: Zamazenta
|-start|p1a: Zamazenta|Substitute
|-damage|p1a: Zamazenta|63/100
|move|p2a: Hydrapple|Giga Drain|p1a: Zamazenta
|-end|p1a: Zamazenta|Substitute
|-heal|p2a: Hydrapple|70/100|[from] drain|[of] p1a: Zamazenta
|
|-heal|p1a: Zamazenta|69/100|[from] item: Leftovers
|upkeep
|turn|25
|
|t:|1776106365
|move|p1a: Zamazenta|Body Press|p2a: Hydrapple
|-resisted|p2a: Hydrapple
|-damage|p2a: Hydrapple|45/100
|move|p2a: Hydrapple|Giga Drain|p1a: Zamazenta
|-damage|p1a: Zamazenta|28/100
|-heal|p2a: Hydrapple|65/100|[from] drain|[of] p1a: Zamazenta
|
|-heal|p1a: Zamazenta|34/100|[from] item: Leftovers
|upkeep
|turn|26
|
|t:|1776106375
|switch|p1a: Gholdengo|Gholdengo, shiny|25/100
|move|p2a: Hydrapple|Giga Drain|p1a: Gholdengo
|-resisted|p1a: Gholdengo
|-damage|p1a: Gholdengo|0 fnt
|-heal|p2a: Hydrapple|74/100|[from] drain|[of] p1a: Gholdengo
|faint|p1a: Gholdengo
|
|upkeep
|
|t:|1776106380
|switch|p1a: Grimmsnarl|Grimmsnarl, M, shiny|64/100
|turn|27
|-message|signalb00st forfeited.
|
|win|HIAFH
|raw|signalb00st's rating: 1530 &rarr; <strong>1509</strong><br />(-21 for losing)
|raw|HIAFH's rating: 1516 &rarr; <strong>1537</strong><br />(+21 for winning)
|l|☆signalb00st
|player|p1|
