|html|<div class="broadcast-blue"><strong>[Gen 9] OU is currently suspecting Tera Blast! For information on how to participate check out the <a href="https://www.smogon.com/tools/suspects/view/200">suspect thread</a>.</strong></div>
|j|☆ulthi
|j|☆vzn.exe
|t:|1776078255
|gametype|singles
|player|p1|ulthi|sabrina-gen3|1361
|player|p2|vzn.exe|lusamine-nihilego|1286
|gen|9
|tier|[Gen 9] OU
|rated|
|rule|HP Percentage Mod: HP is shown in percentages
|rule|Endless Battle Clause: Forcing endless battles is banned
|rule|Species Clause: Limit one of each Pokémon
|rule|OHKO Clause: OHKO moves are banned
|rule|Evasion Items Clause: Evasion items are banned
|rule|Evasion Moves Clause: Evasion moves are banned
|rule|Evasion Abilities Clause: Evasion abilities are banned
|rule|Sleep Moves Clause: Sleep-inducing moves are banned
|clearpoke
|poke|p1|Dragapult, F|
|poke|p1|Primarina, F|
|poke|p1|Iron Valiant|
|poke|p1|Samurott-Hisui, M|
|poke|p1|Kingambit, F|
|poke|p1|Landorus-Therian, M|
|poke|p2|Hydrapple, M|
|poke|p2|Tyranitar, F|
|poke|p2|Moltres|
|poke|p2|Zamazenta-*|
|poke|p2|Slowking-Galar, F|
|poke|p2|Excadrill, F|
|teampreview
|j| ohko_smeargle
|
|t:|1776078274
|teamsize|p1|6
|teamsize|p2|6
|start
|switch|p1a: Samurott|Samurott-Hisui, M, shiny|100/100
|switch|p2a: Slowking|Slowking-Galar, F|100/100
|turn|1
|inactive|Battle timer is ON: inactive players will automatically lose when time's up. (requested by vzn.exe)
|
|t:|1776078290
|switch|p2a: Hydrapple|Hydrapple, M|100/100
|move|p1a: Samurott|Ceaseless Edge|p2a: Hydrapple
|-damage|p2a: Hydrapple|71/100
|-sidestart|p2: vzn.exe|Spikes
|
|upkeep
|turn|2
|
|t:|1776078308
|switch|p1a: Primarina|Primarina, F|100/100
|move|p2a: Hydrapple|Giga Drain|p1a: Primarina
|-supereffective|p1a: Primarina
|-damage|p1a: Primarina|59/100
|-heal|p2a: Hydrapple|88/100|[from] drain|[of] p1a: Primarina
|
|upkeep
|turn|3
|
|t:|1776078326
|switch|p2a: Slowking|Slowking-Galar, F|100/100
|-damage|p2a: Slowking|88/100|[from] Spikes
|move|p1a: Primarina|Moonblast|p2a: Slowking
|-resisted|p2a: Slowking
|-damage|p2a: Slowking|75/100
|
|upkeep
|turn|4
|
|t:|1776078343
|move|p1a: Primarina|Flip Turn|p2a: Slowking
|-damage|p2a: Slowking|63/100
|
|t:|1776078347
|switch|p1a: Kingambit|Kingambit, F, shiny|100/100|[from] Flip Turn
|move|p2a: Slowking|Sludge Bomb|p1a: Kingambit
|-immune|p1a: Kingambit
|
|upkeep
|turn|5
|
|t:|1776078364
|-end|p1a: Kingambit|fallenundefined|[silent]
|switch|p1a: Samurott|Samurott-Hisui, M, shiny|100/100
|switch|p2a: Moltres|Moltres|100/100
|
|upkeep
|turn|6
|inactive|vzn.exe has 120 seconds left.
|
|t:|1776078381
|switch|p1a: Primarina|Primarina, F|59/100
|move|p2a: Moltres|U-turn|p1a: Primarina
|-resisted|p1a: Primarina
|-damage|p1a: Primarina|49/100
|inactive|vzn.exe has 120 seconds left.
|
|t:|1776078398
|switch|p2a: Excadrill|Excadrill, F|100/100|[from] U-turn
|-item|p2a: Excadrill|Air Balloon
|
|upkeep
|turn|7
|
|t:|1776078414
|move|p2a: Excadrill|Iron Head|p1a: Primarina
|-damage|p1a: Primarina|0 fnt
|faint|p1a: Primarina
|
|upkeep
|
|t:|1776078418
|switch|p1a: Landorus|Landorus-Therian, M|100/100
|-ability|p1a: Landorus|Intimidate|boost
|-unboost|p2a: Excadrill|atk|1
|turn|8
|
|t:|1776078435
|switch|p2a: Hydrapple|Hydrapple, M|100/100
|move|p1a: Landorus|Stealth Rock|p2a: Hydrapple
|-sidestart|p2: vzn.exe|move: Stealth Rock
|
|upkeep
|turn|9
|
|t:|1776078452
|move|p1a: Landorus|U-turn|p2a: Hydrapple
|-supereffective|p2a: Hydrapple
|-damage|p2a: Hydrapple|78/100
|
|t:|1776078456
|switch|p1a: Kingambit|Kingambit, F, shiny|100/100|[from] U-turn
|-activate|p1a: Kingambit|ability: Supreme Overlord
|-start|p1a: Kingambit|fallen1|[silent]
|move|p2a: Hydrapple|Earth Power|p1a: Kingambit
|-supereffective|p1a: Kingambit
|-damage|p1a: Kingambit|45/100
|
|-heal|p1a: Kingambit|51/100|[from] item: Leftovers
|upkeep
|turn|10
|
|t:|1776078474
|move|p1a: Kingambit|Kowtow Cleave|p2a: Hydrapple
|-damage|p2a: Hydrapple|46/100
|move|p2a: Hydrapple|Earth Power|p1a: Kingambit
|-supereffective|p1a: Kingambit
|-damage|p1a: Kingambit|0 fnt
|faint|p1a: Kingambit
|-end|p1a: Kingambit|fallen1|[silent]
|
|upkeep
|l|☆ulthi
|inactive|ulthi disconnected and has a minute to reconnect!
|player|p1|
|inactive|ulthi has 30 seconds to reconnect!
|inactive|ulthi has 20 seconds to reconnect!
|inactive|ulthi has 15 seconds to reconnect!
|inactive|ulthi has 10 seconds to reconnect!
|inactive|ulthi has 5 seconds to reconnect!
|-message|ulthi lost due to inactivity.
|
|win|vzn.exe
|raw|ulthi's rating: 1361 &rarr; <strong>1337</strong><br />(-24 for losing)
|raw|vzn.exe's rating: 1286 &rarr; <strong>1316</strong><br />(+30 for winning)
