|html|<div class="broadcast-blue"><strong>[Gen 9] OU is currently suspecting Tera Blast! For information on how to participate check out the <a href="https://www.smogon.com/tools/suspects/view/200">suspect thread</a>.</strong></div>
|j|☆blooaxolotl
|j|☆LiamUtp
|t:|1776190984
|gametype|singles
|player|p1|blooaxolotl|gambler|
|player|p2|LiamUtp|lucas|
|gen|9
|tier|[Gen 9] OU
|rule|HP Percentage Mod: HP is shown in percentages
|rule|Endless Battle Clause: Forcing endless battles is banned
|rule|Species Clause: Limit one of each Pokémon
|rule|OHKO Clause: OHKO moves are banned
|rule|Evasion Items Clause: Evasion items are banned
|rule|Evasion Moves Clause: Evasion moves are banned
|rule|Evasion Abilities Clause: Evasion abilities are banned
|rule|Sleep Moves Clause: Sleep-inducing moves are banned
|clearpoke
|poke|p1|Polteageist|
|poke|p1|Kommo-o, M|
|poke|p1|Kingambit, F|
|poke|p1|Rabsca, M|
|poke|p1|Inteleon, M|
|poke|p1|Iron Valiant|
|poke|p2|Keldeo-Resolute|
|poke|p2|Eelektross, M|
|poke|p2|Slowbro-Galar, M|
|poke|p2|Yanmega, M|
|poke|p2|Houndoom, F|
|poke|p2|Glimmora, F|
|teampreview
|j| Nieraw
|l| Nieraw
|
|t:|1776190989
|teamsize|p1|6
|teamsize|p2|6
|start
|switch|p1a: Polteageist|Polteageist|100/100
|switch|p2a: Eelektross|Eelektross, M|100/100
|turn|1
|
|t:|1776190998
|move|p1a: Polteageist|Shell Smash|p1a: Polteageist
|-unboost|p1a: Polteageist|def|1
|-unboost|p1a: Polteageist|spd|1
|-boost|p1a: Polteageist|atk|2
|-boost|p1a: Polteageist|spa|2
|-boost|p1a: Polteageist|spe|2
|move|p2a: Eelektross|Dragon Tail|p1a: Polteageist|[miss]
|-miss|p2a: Eelektross|p1a: Polteageist
|
|upkeep
|turn|2
|
|t:|1776191009
|move|p1a: Polteageist|Stored Power|p2a: Eelektross
|-damage|p2a: Eelektross|0 fnt
|faint|p2a: Eelektross
|
|upkeep
|
|t:|1776191013
|switch|p2a: Houndoom|Houndoom, F|100/100
|-ability|p2a: Houndoom|Unnerve
|turn|3
|
|t:|1776191020
|move|p1a: Polteageist|Shadow Ball|p2a: Houndoom
|-resisted|p2a: Houndoom
|-damage|p2a: Houndoom|38/100
|move|p2a: Houndoom|Crunch|p1a: Polteageist
|-supereffective|p1a: Polteageist
|-damage|p1a: Polteageist|0 fnt
|faint|p1a: Polteageist
|
|upkeep
|
|t:|1776191029
|switch|p1a: Inteleon|Inteleon, M|100/100
|turn|4
|
|t:|1776191032
|move|p1a: Inteleon|Snipe Shot|p2a: Houndoom
|-supereffective|p2a: Houndoom
|-damage|p2a: Houndoom|0 fnt
|faint|p2a: Houndoom
|
|upkeep
|
|t:|1776191039
|switch|p2a: Keldeo|Keldeo-Resolute|100/100
|turn|5
|
|t:|1776191043
|move|p1a: Inteleon|Air Cutter|p2a: Keldeo
|-supereffective|p2a: Keldeo
|-damage|p2a: Keldeo|55/100
|move|p2a: Keldeo|Secret Sword|p1a: Inteleon
|-damage|p1a: Inteleon|21/100
|
|upkeep
|turn|6
|
|t:|1776191050
|-terastallize|p1a: Inteleon|Fire
|-terastallize|p2a: Keldeo|Ghost
|move|p1a: Inteleon|Air Cutter|p2a: Keldeo
|-damage|p2a: Keldeo|33/100
|move|p2a: Keldeo|Secret Sword|p1a: Inteleon
|-damage|p1a: Inteleon|0 fnt
|faint|p1a: Inteleon
|
|upkeep
|
|t:|1776191060
|switch|p1a: Rabsca|Rabsca, M|100/100
|turn|7
|
|t:|1776191066
|move|p2a: Keldeo|Tera Blast|p1a: Rabsca|[anim] Tera Blast Ghost
|-supereffective|p1a: Rabsca
|-crit|p1a: Rabsca
|-damage|p1a: Rabsca|19/100
|move|p1a: Rabsca|Revival Blessing|p1a: Rabsca
|
|t:|1776191079
|-heal|p1: Inteleon|50/100|[from] move: Revival Blessing
|
|upkeep
|turn|8
|
|t:|1776191087
|move|p2a: Keldeo|Tera Blast|p1a: Rabsca|[anim] Tera Blast Ghost
|-supereffective|p1a: Rabsca
|-damage|p1a: Rabsca|0 fnt
|faint|p1a: Rabsca
|
|upkeep
|
|t:|1776191090
|switch|p1a: Inteleon|Inteleon, M|50/100
|turn|9
|
|t:|1776191097
|move|p1a: Inteleon|Snipe Shot|p2a: Keldeo
|-crit|p2a: Keldeo
|-damage|p2a: Keldeo|0 fnt
|faint|p2a: Keldeo
|
|upkeep
|
|t:|1776191101
|switch|p2a: Yanmega|Yanmega, M|100/100
|turn|10
|
|t:|1776191104
|move|p2a: Yanmega|Detect|p2a: Yanmega
|-singleturn|p2a: Yanmega|Protect
|move|p1a: Inteleon|Air Cutter|p2a: Yanmega
|-activate|p2a: Yanmega|move: Protect
|
|-ability|p2a: Yanmega|Speed Boost|boost
|-boost|p2a: Yanmega|spe|1
|upkeep
|turn|11
|
|t:|1776191111
|move|p2a: Yanmega|Bug Buzz|p1a: Inteleon
|-damage|p1a: Inteleon|0 fnt
|faint|p1a: Inteleon
|
|-ability|p2a: Yanmega|Speed Boost|boost
|-boost|p2a: Yanmega|spe|1
|upkeep
|
|t:|1776191115
|switch|p1a: Iron Valiant|Iron Valiant|100/100
|-enditem|p1a: Iron Valiant|Booster Energy
|-activate|p1a: Iron Valiant|ability: Quark Drive|[fromitem]
|-start|p1a: Iron Valiant|quarkdrivespe
|turn|12
|
|t:|1776191123
|move|p2a: Yanmega|Air Slash|p1a: Iron Valiant
|-supereffective|p1a: Iron Valiant
|-crit|p1a: Iron Valiant
|-damage|p1a: Iron Valiant|0 fnt
|faint|p1a: Iron Valiant
|-end|p1a: Iron Valiant|Quark Drive|[silent]
|
|-ability|p2a: Yanmega|Speed Boost|boost
|-boost|p2a: Yanmega|spe|1
|upkeep
|
|t:|1776191126
|switch|p1a: Kommo-o|Kommo-o, M|100/100
|turn|13
|
|t:|1776191134
|move|p2a: Yanmega|Air Slash|p1a: Kommo-o|[miss]
|-miss|p2a: Yanmega|p1a: Kommo-o
|move|p1a: Kommo-o|Clanging Scales|p2a: Yanmega
|-crit|p2a: Yanmega
|-enditem|p2a: Yanmega|Focus Sash
|-damage|p2a: Yanmega|1/100
|-unboost|p1a: Kommo-o|def|1
|
|-ability|p2a: Yanmega|Speed Boost|boost
|-boost|p2a: Yanmega|spe|1
|upkeep
|turn|14
|
|t:|1776191145
|move|p1a: Kommo-o|Vacuum Wave|p2a: Yanmega
|-resisted|p2a: Yanmega
|-damage|p2a: Yanmega|0 fnt
|faint|p2a: Yanmega
|
|upkeep
|
|t:|1776191149
|switch|p2a: Slowbro|Slowbro-Galar, M|100/100
|turn|15
|-activate|p2a: Slowbro|ability: Quick Draw
|
|t:|1776191153
|move|p2a: Slowbro|Psychic|p1a: Kommo-o
|-supereffective|p1a: Kommo-o
|-damage|p1a: Kommo-o|0 fnt
|faint|p1a: Kommo-o
|
|upkeep
|
|t:|1776191157
|switch|p1a: Kingambit|Kingambit, F, shiny|100/100
|-activate|p1a: Kingambit|ability: Supreme Overlord
|-start|p1a: Kingambit|fallen5|[silent]
|turn|16
|
|t:|1776191163
|move|p1a: Kingambit|Kowtow Cleave|p2a: Slowbro
|-supereffective|p2a: Slowbro
|-damage|p2a: Slowbro|0 fnt
|faint|p2a: Slowbro
|
|upkeep
|
|t:|1776191167
|switch|p2a: Glimmora|Glimmora, F|100/100
|turn|17
|
|t:|1776191171
|move|p2a: Glimmora|Toxic|p1a: Kingambit
|-status|p1a: Kingambit|tox
|move|p1a: Kingambit|Kowtow Cleave|p2a: Glimmora
|-damage|p2a: Glimmora|6/100
|
|-heal|p2a: Glimmora|12/100|[from] item: Leftovers
|-damage|p1a: Kingambit|94/100 tox|[from] psn
|upkeep
|turn|18
|
|t:|1776191180
|move|p2a: Glimmora|Spiky Shield|p2a: Glimmora
|-singleturn|p2a: Glimmora|move: Protect
|move|p1a: Kingambit|Kowtow Cleave|p2a: Glimmora
|-activate|p2a: Glimmora|move: Protect
|-damage|p1a: Kingambit|82/100 tox|[from] Spiky Shield|[of] p2a: Glimmora
|
|-heal|p2a: Glimmora|19/100|[from] item: Leftovers
|-damage|p1a: Kingambit|70/100 tox|[from] psn
|upkeep
|turn|19
|
|t:|1776191189
|move|p2a: Glimmora|Spiky Shield||[still]
|-fail|p2a: Glimmora
|move|p1a: Kingambit|Kowtow Cleave|p2a: Glimmora
|-damage|p2a: Glimmora|0 fnt
|faint|p2a: Glimmora
|
|win|blooaxolotl
