|html|<div class="broadcast-blue"><strong>[Gen 9] OU is currently suspecting Tera Blast! For information on how to participate check out the <a href="https://www.smogon.com/tools/suspects/view/200">suspect thread</a>.</strong></div>
|j|☆DonovanIsNotHere
|j|☆Mopriii
|t:|1776134831
|gametype|singles
|player|p1|DonovanIsNotHere|1|1474
|player|p2|Mopriii|alder|1458
|gen|9
|tier|[Gen 9] OU
|rated|
|rule|HP Percentage Mod: HP is shown in percentages
|rule|Endless Battle Clause: Forcing endless battles is banned
|rule|Species Clause: Limit one of each Pokémon
|rule|OHKO Clause: OHKO moves are banned
|rule|Evasion Items Clause: Evasion items are banned
|rule|Evasion Moves Clause: Evasion moves are banned
|rule|Evasion Abilities Clause: Evasion abilities are banned
|rule|Sleep Moves Clause: Sleep-inducing moves are banned
|clearpoke
|poke|p1|Venusaur, F|
|poke|p1|Magnezone|
|poke|p1|Moltres|
|poke|p1|Ogerpon, F|
|poke|p1|Clefable, M|
|poke|p1|Pecharunt|
|poke|p2|Hatterene, F|
|poke|p2|Maushold|
|poke|p2|Ceruledge, F|
|poke|p2|Ogerpon-Cornerstone, F|
|poke|p2|Dragonite, F|
|poke|p2|Mamoswine, F|
|teampreview
|
|t:|1776134837
|teamsize|p1|6
|teamsize|p2|6
|start
|switch|p1a: Bird Trap|Magnezone|100/100
|switch|p2a: Mamoswine|Mamoswine, F|100/100
|turn|1
|
|t:|1776134841
|switch|p1a: Dog Trap|Moltres|100/100
|move|p2a: Mamoswine|Earthquake|p1a: Dog Trap
|-immune|p1a: Dog Trap
|
|upkeep
|turn|2
|
|t:|1776134847
|switch|p2a: Ceruledge|Ceruledge, F|100/100
|move|p1a: Dog Trap|Flamethrower|p2a: Ceruledge
|-resisted|p2a: Ceruledge
|-damage|p2a: Ceruledge|80/100
|
|upkeep
|turn|3
|
|t:|1776134853
|move|p2a: Ceruledge|Swords Dance|p2a: Ceruledge
|-boost|p2a: Ceruledge|atk|2
|move|p1a: Dog Trap|Hurricane|p2a: Ceruledge
|-damage|p2a: Ceruledge|28/100
|
|upkeep
|turn|4
|
|t:|1776134858
|move|p2a: Ceruledge|Bitter Blade|p1a: Dog Trap
|-resisted|p1a: Dog Trap
|-damage|p1a: Dog Trap|66/100
|-heal|p2a: Ceruledge|50/100|[from] drain|[of] p1a: Dog Trap
|move|p1a: Dog Trap|Hurricane|p2a: Ceruledge
|-damage|p2a: Ceruledge|0 fnt
|faint|p2a: Ceruledge
|
|upkeep
|
|t:|1776134869
|switch|p2a: Hatterene|Hatterene, F, shiny|100/100
|turn|5
|
|t:|1776134872
|move|p1a: Dog Trap|U-turn|p2a: Hatterene
|-damage|p2a: Hatterene|89/100
|-damage|p1a: Dog Trap|50/100|[from] item: Rocky Helmet|[of] p2a: Hatterene
|
|t:|1776134875
|switch|p1a: Bird Trap|Magnezone|100/100|[from] U-turn
|move|p2a: Hatterene|Nuzzle|p1a: Bird Trap
|-resisted|p1a: Bird Trap
|-damage|p1a: Bird Trap|98/100
|
|upkeep
|turn|6
|
|t:|1776134879
|switch|p2a: Mamoswine|Mamoswine, F|100/100
|move|p1a: Bird Trap|Flash Cannon|p2a: Mamoswine
|-supereffective|p2a: Mamoswine
|-enditem|p2a: Mamoswine|Focus Sash
|-damage|p2a: Mamoswine|1/100
|
|upkeep
|turn|7
|
|t:|1776134890
|switch|p1a: Dog Trap|Moltres|50/100
|move|p2a: Mamoswine|Endeavor|p1a: Dog Trap
|-damage|p1a: Dog Trap|1/100
|-status|p2a: Mamoswine|brn|[from] ability: Flame Body|[of] p1a: Dog Trap
|
|-damage|p2a: Mamoswine|0 fnt|[from] brn
|faint|p2a: Mamoswine
|upkeep
|
|t:|1776134902
|switch|p2a: Dragonite|Dragonite, F|100/100
|turn|8
|
|t:|1776134906
|switch|p1a: Clefable|Clefable, M|100/100
|move|p2a: Dragonite|Dragon Dance|p2a: Dragonite
|-boost|p2a: Dragonite|atk|1
|-boost|p2a: Dragonite|spe|1
|
|upkeep
|turn|9
|
|t:|1776134914
|-terastallize|p2a: Dragonite|Flying
|move|p2a: Dragonite|Tera Blast|p1a: Clefable|[anim] Tera Blast Flying
|-damage|p1a: Clefable|0 fnt
|faint|p1a: Clefable
|
|upkeep
|
|t:|1776134928
|switch|p1a: Pecharunt|Pecharunt|100/100
|turn|10
|
|t:|1776134936
|-terastallize|p1a: Pecharunt|Ghost
|move|p2a: Dragonite|Dragon Dance|p2a: Dragonite
|-boost|p2a: Dragonite|atk|1
|-boost|p2a: Dragonite|spe|1
|move|p1a: Pecharunt|Malignant Chain|p2a: Dragonite
|-damage|p2a: Dragonite|84/100
|
|upkeep
|turn|11
|
|t:|1776134945
|move|p2a: Dragonite|Tera Blast|p1a: Pecharunt|[anim] Tera Blast Flying
|-damage|p1a: Pecharunt|28/100
|move|p1a: Pecharunt|Malignant Chain|p2a: Dragonite
|-damage|p2a: Dragonite|53/100
|-status|p2a: Dragonite|tox
|-start|p2a: Dragonite|confusion|[from] ability: Poison Puppeteer|[of] p1a: Pecharunt
|
|-damage|p2a: Dragonite|47/100 tox|[from] psn
|upkeep
|turn|12
|
|t:|1776134957
|-activate|p2a: Dragonite|confusion
|move|p2a: Dragonite|Tera Blast|p1a: Pecharunt|[anim] Tera Blast Flying
|-damage|p1a: Pecharunt|0 fnt
|faint|p1a: Pecharunt
|
|-damage|p2a: Dragonite|35/100 tox|[from] psn
|upkeep
|
|t:|1776134962
|switch|p1a: Bird Trap|Magnezone|98/100
|turn|13
|
|t:|1776134965
|switch|p1a: Dog Trap|Moltres|1/100
|-activate|p2a: Dragonite|confusion
|-damage|p2a: Dragonite|0 fnt|[from] confusion
|faint|p2a: Dragonite
|
|upkeep
|
|t:|1776134970
|switch|p2a: Ogerpon|Ogerpon-Cornerstone, F|100/100
|turn|14
|
|t:|1776134984
|move|p2a: Ogerpon|Ivy Cudgel|p1a: Dog Trap|[anim] Ivy Cudgel Rock
|-supereffective|p1a: Dog Trap
|-damage|p1a: Dog Trap|0 fnt
|faint|p1a: Dog Trap
|
|upkeep
|
|t:|1776134985
|switch|p1a: Flytrap|Venusaur, F|100/100
|turn|15
|
|t:|1776134989
|move|p2a: Ogerpon|Swords Dance|p2a: Ogerpon
|-boost|p2a: Ogerpon|atk|2
|move|p1a: Flytrap|Giga Drain|p2a: Ogerpon
|-damage|p2a: Ogerpon|71/100
|
|upkeep
|turn|16
|
|t:|1776134994
|move|p2a: Ogerpon|Ivy Cudgel|p1a: Flytrap|[anim] Ivy Cudgel Rock
|-damage|p1a: Flytrap|0 fnt
|faint|p1a: Flytrap
|
|upkeep
|
|t:|1776135009
|switch|p1a: Ogerpon|Ogerpon, F|100/100
|turn|17
|
|t:|1776135014
|move|p1a: Ogerpon|Ivy Cudgel|p2a: Ogerpon
|-damage|p2a: Ogerpon|0 fnt
|faint|p2a: Ogerpon
|
|upkeep
|
|t:|1776135018
|switch|p2a: Hatterene|Hatterene, F, shiny|89/100
|turn|18
|
|t:|1776135031
|move|p1a: Ogerpon|Ivy Cudgel|p2a: Hatterene
|-damage|p2a: Hatterene|28/100
|move|p2a: Hatterene|Psychic Noise|p1a: Ogerpon
|-damage|p1a: Ogerpon|58/100
|-start|p1a: Ogerpon|move: Heal Block
|
|upkeep
|turn|19
|
|t:|1776135035
|move|p1a: Ogerpon|Ivy Cudgel|p2a: Hatterene
|-crit|p2a: Hatterene
|-damage|p2a: Hatterene|0 fnt
|faint|p2a: Hatterene
|
|-end|p1a: Ogerpon|move: Heal Block
|upkeep
|
|t:|1776135037
|switch|p2a: Maushold|Maushold|100/100
|turn|20
|
|t:|1776135042
|move|p2a: Maushold|Tidy Up|p2a: Maushold
|-boost|p2a: Maushold|atk|1
|-boost|p2a: Maushold|spe|1
|move|p1a: Ogerpon|Ivy Cudgel|p2a: Maushold
|-damage|p2a: Maushold|0 fnt
|faint|p2a: Maushold
|
|win|DonovanIsNotHere
|raw|DonovanIsNotHere's rating: 1474 &rarr; <strong>1493</strong><br />(+19 for winning)
|raw|Mopriii's rating: 1458 &rarr; <strong>1439</strong><br />(-19 for losing)
