|html|<div class="broadcast-blue"><strong>[Gen 9] OU is currently suspecting Volcarona! For information on how to participate check out the <a href="https://www.smogon.com/tools/suspects/view/208">suspect thread</a>.</strong></div>
|j|☆98765rdfgh
|j|☆olnes
|t:|1778517255
|gametype|singles
|player|p1|98765rdfgh|1|1174
|player|p2|olnes|170|1192
|gen|9
|tier|[Gen 9] OU
|rated|
|rule|HP Percentage Mod: HP is shown in percentages
|rule|Endless Battle Clause: Forcing endless battles is banned
|rule|Species Clause: Limit one of each Pokémon
|rule|OHKO Clause: OHKO moves are banned
|rule|Evasion Items Clause: Evasion items are banned
|rule|Evasion Moves Clause: Evasion moves are banned
|rule|Evasion Abilities Clause: Evasion abilities are banned
|rule|Sleep Moves Clause: Sleep-inducing moves are banned
|clearpoke
|poke|p1|Dondozo, F|
|poke|p1|Blissey, F|
|poke|p1|Gliscor, M|
|poke|p1|Toxapex, F|
|poke|p1|Mandibuzz, F|
|poke|p1|Talonflame, F|
|poke|p2|Gliscor, F|
|poke|p2|Tyranitar, F|
|poke|p2|Samurott-Hisui, F|
|poke|p2|Thundurus-Therian, M|
|poke|p2|Slowbro-Galar, M|
|poke|p2|Scizor, F|
|teampreview
|inactive|Battle timer is ON: inactive players will automatically lose when time's up. (requested by olnes)
|
|t:|1778517317
|teamsize|p1|6
|teamsize|p2|6
|start
|switch|p1a: Gliscor|Gliscor, M|100/100
|switch|p2a: Gliscor|Gliscor, F|100/100
|turn|1
|
|t:|1778517326
|move|p2a: Gliscor|Stealth Rock|p1a: Gliscor
|-sidestart|p1: 98765rdfgh|move: Stealth Rock
|move|p1a: Gliscor|Knock Off|p2a: Gliscor
|-damage|p2a: Gliscor|84/100
|-enditem|p2a: Gliscor|Toxic Orb|[from] move: Knock Off|[of] p1a: Gliscor
|
|-status|p1a: Gliscor|tox|[from] item: Toxic Orb
|upkeep
|turn|2
|
|t:|1778517335
|move|p2a: Gliscor|U-turn|p1a: Gliscor
|-resisted|p1a: Gliscor
|-damage|p1a: Gliscor|95/100 tox
|
|t:|1778517346
|switch|p2a: Slowbro|Slowbro-Galar, M|100/100|[from] U-turn
|move|p1a: Gliscor|Spikes|p2a: Slowbro
|-sidestart|p2: olnes|Spikes
|
|-heal|p1a: Gliscor|100/100 tox|[from] ability: Poison Heal
|upkeep
|turn|3
|-activate|p2a: Slowbro|ability: Quick Draw
|
|t:|1778517352
|move|p2a: Slowbro|Ice Beam|p1a: Gliscor
|-supereffective|p1a: Gliscor
|-damage|p1a: Gliscor|30/100 tox
|move|p1a: Gliscor|Knock Off|p2a: Slowbro
|-supereffective|p2a: Slowbro
|-damage|p2a: Slowbro|70/100
|-enditem|p2a: Slowbro|Quick Claw|[from] move: Knock Off|[of] p1a: Gliscor
|
|-heal|p1a: Gliscor|43/100 tox|[from] ability: Poison Heal
|upkeep
|turn|4
|-activate|p2a: Slowbro|ability: Quick Draw
|
|t:|1778517365
|move|p1a: Gliscor|Protect|p1a: Gliscor
|-singleturn|p1a: Gliscor|Protect
|move|p2a: Slowbro|Ice Beam|p1a: Gliscor
|-activate|p1a: Gliscor|move: Protect
|
|-heal|p1a: Gliscor|55/100 tox|[from] ability: Poison Heal
|upkeep
|turn|5
|-activate|p2a: Slowbro|ability: Quick Draw
|
|t:|1778517373
|switch|p1a: Blissey|Blissey, F|100/100
|-damage|p1a: Blissey|88/100|[from] Stealth Rock
|move|p2a: Slowbro|Ice Beam|p1a: Blissey
|-damage|p1a: Blissey|82/100
|
|-heal|p1a: Blissey|88/100|[from] item: Leftovers
|upkeep
|turn|6
|
|t:|1778517390
|switch|p2a: Samurott|Samurott-Hisui, F|100/100
|-damage|p2a: Samurott|88/100|[from] Spikes
|move|p1a: Blissey|Stealth Rock|p2a: Samurott
|-sidestart|p2: olnes|move: Stealth Rock
|
|-heal|p1a: Blissey|94/100|[from] item: Leftovers
|upkeep
|turn|7
|
|t:|1778517408
|switch|p1a: Mandibuzz|Mandibuzz, F|100/100
|move|p2a: Samurott|Ceaseless Edge|p1a: Mandibuzz|[miss]
|-miss|p2a: Samurott|p1a: Mandibuzz
|
|upkeep
|turn|8
|
|t:|1778517417
|move|p2a: Samurott|Ceaseless Edge|p1a: Mandibuzz
|-resisted|p1a: Mandibuzz
|-damage|p1a: Mandibuzz|76/100
|-sidestart|p1: 98765rdfgh|Spikes
|move|p1a: Mandibuzz|Toxic|p2a: Samurott
|-status|p2a: Samurott|tox
|
|-damage|p2a: Samurott|82/100 tox|[from] psn
|upkeep
|turn|9
|
|t:|1778517433
|switch|p2a: Thundurus|Thundurus-Therian, M|100/100
|-damage|p2a: Thundurus|76/100|[from] Stealth Rock
|move|p1a: Mandibuzz|Defog|p2a: Thundurus
|-unboost|p2a: Thundurus|evasion|1
|-sideend|p2: olnes|Spikes|[from] move: Defog|[of] p1a: Mandibuzz
|-sideend|p2: olnes|Stealth Rock|[from] move: Defog|[of] p1a: Mandibuzz
|-sideend|p1: 98765rdfgh|Spikes|[from] move: Defog|[of] p1a: Mandibuzz
|-sideend|p1: 98765rdfgh|Stealth Rock|[from] move: Defog|[of] p1a: Mandibuzz
|
|upkeep
|turn|10
|
|t:|1778517441
|switch|p1a: Blissey|Blissey, F|94/100
|move|p2a: Thundurus|Volt Switch|p1a: Blissey
|-crit|p1a: Blissey
|-damage|p1a: Blissey|75/100
|
|t:|1778517446
|switch|p2a: Scizor|Scizor, F|100/100|[from] Volt Switch
|
|-heal|p1a: Blissey|81/100|[from] item: Leftovers
|upkeep
|turn|11
|
|t:|1778517451
|switch|p1a: Talonflame|Talonflame, F|100/100
|move|p2a: Scizor|Dual Wingbeat|p1a: Talonflame
|-damage|p1a: Talonflame|82/100
|-damage|p1a: Talonflame|62/100
|-status|p2a: Scizor|brn|[from] ability: Flame Body|[of] p1a: Talonflame
|-hitcount|p1a: Talonflame|2
|
|-damage|p2a: Scizor|94/100 brn|[from] brn
|upkeep
|turn|12
|
|t:|1778517464
|switch|p2a: Gliscor|Gliscor, F|84/100
|move|p1a: Talonflame|Roost|p1a: Talonflame
|-heal|p1a: Talonflame|100/100
|-singleturn|p1a: Talonflame|move: Roost
|
|upkeep
|turn|13
|
|t:|1778517471
|move|p2a: Gliscor|Toxic|p1a: Talonflame
|-status|p1a: Talonflame|tox
|move|p1a: Talonflame|Will-O-Wisp|p2a: Gliscor
|-status|p2a: Gliscor|brn
|
|-damage|p1a: Talonflame|94/100 tox|[from] psn
|-damage|p2a: Gliscor|77/100 brn|[from] brn
|upkeep
|turn|14
|
|t:|1778517477
|switch|p1a: Gliscor|Gliscor, M|55/100 tox
|move|p2a: Gliscor|Stealth Rock|p1a: Gliscor
|-sidestart|p1: 98765rdfgh|move: Stealth Rock
|
|-heal|p1a: Gliscor|68/100 tox|[from] ability: Poison Heal
|-damage|p2a: Gliscor|71/100 brn|[from] brn
|upkeep
|turn|15
|
|t:|1778517485
|switch|p2a: Slowbro|Slowbro-Galar, M|70/100
|move|p1a: Gliscor|Spikes|p2a: Slowbro
|-sidestart|p2: olnes|Spikes
|
|-heal|p1a: Gliscor|80/100 tox|[from] ability: Poison Heal
|upkeep
|turn|16
|-activate|p2a: Slowbro|ability: Quick Draw
|
|t:|1778517490
|move|p1a: Gliscor|Protect|p1a: Gliscor
|-singleturn|p1a: Gliscor|Protect
|move|p2a: Slowbro|Ice Beam|p1a: Gliscor
|-activate|p1a: Gliscor|move: Protect
|
|-heal|p1a: Gliscor|93/100 tox|[from] ability: Poison Heal
|upkeep
|turn|17
|l|☆olnes
|inactive|olnes disconnected and has a minute to reconnect!
|player|p2|
|j|☆olnes
|inactive|olnes reconnected and has 135 seconds left.
|player|p2|olnes|170|
|inactive|olnes has 120 seconds left.
|l|☆olnes
|inactive|olnes disconnected and has a minute to reconnect!
|player|p2|
|j|☆olnes
|inactive|olnes reconnected and has 120 seconds left.
|player|p2|olnes|170|
|
|t:|1778517527
|switch|p1a: Blissey|Blissey, F|81/100
|-damage|p1a: Blissey|68/100|[from] Stealth Rock
|move|p2a: Slowbro|Ice Beam|p1a: Blissey
|-damage|p1a: Blissey|63/100
|
|-heal|p1a: Blissey|69/100|[from] item: Leftovers
|upkeep
|turn|18
|inactive|olnes has 120 seconds left.
|inactive|98765rdfgh has 120 seconds left.
|
|t:|1778517571
|switch|p2a: Tyranitar|Tyranitar, F|100/100
|-damage|p2a: Tyranitar|88/100|[from] Spikes
|-weather|Sandstorm|[from] ability: Sand Stream|[of] p2a: Tyranitar
|move|p1a: Blissey|Stealth Rock|p2a: Tyranitar
|-sidestart|p2: olnes|move: Stealth Rock
|
|-weather|Sandstorm|[upkeep]
|-damage|p1a: Blissey|63/100|[from] Sandstorm
|-heal|p1a: Blissey|69/100|[from] item: Leftovers
|upkeep
|turn|19
|
|t:|1778517585
|switch|p1a: Dondozo|Dondozo, F|100/100
|-damage|p1a: Dondozo|88/100|[from] Stealth Rock
|move|p2a: Tyranitar|Crunch|p1a: Dondozo
|-damage|p1a: Dondozo|69/100
|
|-weather|Sandstorm|[upkeep]
|-damage|p1a: Dondozo|63/100|[from] Sandstorm
|-heal|p1a: Dondozo|69/100|[from] item: Leftovers
|upkeep
|turn|20
|
|t:|1778517598
|switch|p2a: Thundurus|Thundurus-Therian, M|76/100
|-damage|p2a: Thundurus|51/100|[from] Stealth Rock
|move|p1a: Dondozo|Body Press|p2a: Thundurus
|-resisted|p2a: Thundurus
|-damage|p2a: Thundurus|31/100
|
|-weather|Sandstorm|[upkeep]
|-damage|p2a: Thundurus|25/100|[from] Sandstorm
|-damage|p1a: Dondozo|63/100|[from] Sandstorm
|-heal|p1a: Dondozo|69/100|[from] item: Leftovers
|upkeep
|turn|21
|-message|olnes forfeited.
|
|win|98765rdfgh
|raw|98765rdfgh's rating: 1174 &rarr; <strong>1200</strong><br />(+26 for winning)
|raw|olnes's rating: 1192 &rarr; <strong>1166</strong><br />(-26 for losing)
|l|☆olnes
|player|p2|
|l|☆98765rdfgh
|player|p1|
