|html|<div class="broadcast-blue"><strong>[Gen 9] OU is currently suspecting Tera Blast! For information on how to participate check out the <a href="https://www.smogon.com/tools/suspects/view/200">suspect thread</a>.</strong></div>
|j|☆hsuahauahdbs
|j|☆Tinyboiyt2
|t:|1776282571
|gametype|singles
|player|p1|hsuahauahdbs|170|1000
|player|p2|Tinyboiyt2|blackbelt-gen4dp|1000
|gen|9
|tier|[Gen 9] OU
|rated|
|rule|HP Percentage Mod: HP is shown in percentages
|rule|Endless Battle Clause: Forcing endless battles is banned
|rule|Species Clause: Limit one of each Pokémon
|rule|OHKO Clause: OHKO moves are banned
|rule|Evasion Items Clause: Evasion items are banned
|rule|Evasion Moves Clause: Evasion moves are banned
|rule|Evasion Abilities Clause: Evasion abilities are banned
|rule|Sleep Moves Clause: Sleep-inducing moves are banned
|clearpoke
|poke|p1|Volcanion|
|poke|p1|Zoroark-Hisui, M|
|poke|p1|Flamigo, F|
|poke|p1|Eelektross, F|
|poke|p1|Maushold-Four|
|poke|p1|Goodra-Hisui, F|
|poke|p2|Tyranitar, M|
|poke|p2|Gliscor, M|
|poke|p2|Excadrill, M|
|poke|p2|Zapdos|
|poke|p2|Primarina, F|
|poke|p2|Blaziken, F|
|teampreview
|inactive|Battle timer is ON: inactive players will automatically lose when time's up. (requested by Tinyboiyt2)
|inactive|hsuahauahdbs has 120 seconds left.
|
|t:|1776282617
|teamsize|p1|6
|teamsize|p2|6
|start
|switch|p1a: Maushold|Maushold-Four|100/100
|switch|p2a: Excadrill|Excadrill, M|100/100
|turn|1
|
|t:|1776282637
|move|p1a: Maushold|Chilling Water|p2a: Excadrill
|-supereffective|p2a: Excadrill
|-damage|p2a: Excadrill|73/100
|-unboost|p2a: Excadrill|atk|1
|move|p2a: Excadrill|Stealth Rock|p1a: Maushold
|-sidestart|p1: hsuahauahdbs|move: Stealth Rock
|
|upkeep
|turn|2
|
|t:|1776282647
|move|p1a: Maushold|Population Bomb|p2a: Excadrill
|-resisted|p2a: Excadrill
|-damage|p2a: Excadrill|66/100
|-resisted|p2a: Excadrill
|-damage|p2a: Excadrill|58/100
|-resisted|p2a: Excadrill
|-damage|p2a: Excadrill|50/100
|-enditem|p2a: Excadrill|Sitrus Berry|[eat]
|-heal|p2a: Excadrill|75/100|[from] item: Sitrus Berry
|-resisted|p2a: Excadrill
|-damage|p2a: Excadrill|67/100
|-resisted|p2a: Excadrill
|-damage|p2a: Excadrill|59/100
|-resisted|p2a: Excadrill
|-damage|p2a: Excadrill|51/100
|-resisted|p2a: Excadrill
|-damage|p2a: Excadrill|44/100
|-resisted|p2a: Excadrill
|-damage|p2a: Excadrill|36/100
|-resisted|p2a: Excadrill
|-damage|p2a: Excadrill|28/100
|-resisted|p2a: Excadrill
|-damage|p2a: Excadrill|20/100
|-hitcount|p2a: Excadrill|10
|move|p2a: Excadrill|Iron Head|p1a: Maushold
|-damage|p1a: Maushold|55/100
|
|upkeep
|turn|3
|
|t:|1776282670
|move|p1a: Maushold|Population Bomb|p2a: Excadrill
|-resisted|p2a: Excadrill
|-damage|p2a: Excadrill|13/100
|-resisted|p2a: Excadrill
|-damage|p2a: Excadrill|5/100
|-resisted|p2a: Excadrill
|-damage|p2a: Excadrill|0 fnt
|faint|p2a: Excadrill
|-hitcount|p2: Excadrill|3
|
|upkeep
|inactive|Tinyboiyt2 has 120 seconds left.
|
|t:|1776282697
|switch|p2a: Blaziken|Blaziken, F|100/100
|turn|4
|
|t:|1776282702
|move|p2a: Blaziken|Protect|p2a: Blaziken
|-singleturn|p2a: Blaziken|Protect
|move|p1a: Maushold|Chilling Water|p2a: Blaziken
|-activate|p2a: Blaziken|move: Protect
|
|-ability|p2a: Blaziken|Speed Boost|boost
|-boost|p2a: Blaziken|spe|1
|upkeep
|turn|5
|inactive|Tinyboiyt2 has 120 seconds left.
|-message|Tinyboiyt2 forfeited.
|
|win|hsuahauahdbs
|raw|hsuahauahdbs's rating: 1000 &rarr; <strong>1040</strong><br />(+40 for winning)
|raw|Tinyboiyt2's rating: 1000 &rarr; <strong>1000</strong><br />(+0 for losing)
|l|☆Tinyboiyt2
|player|p2|
