|html|<div class="broadcast-blue"><strong>[Gen 9] OU is currently suspecting Tera Blast! For information on how to participate check out the <a href="https://www.smogon.com/tools/suspects/view/200">suspect thread</a>.</strong></div>
|j|☆Atsunami
|j|☆gojo du m
|t:|1776165489
|gametype|singles
|player|p1|Atsunami|102|
|player|p2|gojo du m|170|
|gen|9
|tier|[Gen 9] OU
|rule|HP Percentage Mod: HP is shown in percentages
|rule|Endless Battle Clause: Forcing endless battles is banned
|rule|Species Clause: Limit one of each Pokémon
|rule|OHKO Clause: OHKO moves are banned
|rule|Evasion Items Clause: Evasion items are banned
|rule|Evasion Moves Clause: Evasion moves are banned
|rule|Evasion Abilities Clause: Evasion abilities are banned
|rule|Sleep Moves Clause: Sleep-inducing moves are banned
|clearpoke
|poke|p1|Scovillain, F|
|poke|p1|Torkoal, M|
|poke|p1|Hatterene, F|
|poke|p1|Walking Wake|
|poke|p1|Lilligant-Hisui, F|
|poke|p1|Kingambit, F|
|poke|p2|Great Tusk|
|poke|p2|Primarina, F|
|poke|p2|Ting-Lu|
|poke|p2|Slowking-Galar, F|
|poke|p2|Dragonite, M|
|poke|p2|Raging Bolt|
|teampreview
|
|t:|1776165509
|teamsize|p1|6
|teamsize|p2|6
|start
|switch|p1a: Torkoal|Torkoal, M|100/100
|switch|p2a: Slowking|Slowking-Galar, F|100/100
|-weather|SunnyDay|[from] ability: Drought|[of] p1a: Torkoal
|turn|1
|
|t:|1776165517
|move|p1a: Torkoal|Stealth Rock|p2a: Slowking
|-sidestart|p2: gojo du m|move: Stealth Rock
|move|p2a: Slowking|Future Sight|p1a: Torkoal
|-start|p2a: Slowking|move: Future Sight
|
|-weather|SunnyDay|[upkeep]
|upkeep
|turn|2
|
|t:|1776165544
|move|p1a: Torkoal|Will-O-Wisp|p2a: Slowking
|-status|p2a: Slowking|brn
|-prepare|p2a: Slowking|Chilly Reception|[premajor]
|move|p2a: Slowking|Chilly Reception|p2a: Slowking
|-weather|Snowscape
|
|t:|1776165561
|switch|p2a: Great Tusk|Great Tusk|100/100|[from] Chilly Reception
|-damage|p2a: Great Tusk|98/100|[from] Stealth Rock
|
|-weather|Snowscape|[upkeep]
|upkeep
|turn|3
|
|t:|1776165581
|move|p2a: Great Tusk|Rapid Spin|p1a: Torkoal
|-damage|p1a: Torkoal|91/100
|-boost|p2a: Great Tusk|spe|1
|-sideend|p2: gojo du m|Stealth Rock|[from] move: Rapid Spin|[of] p2a: Great Tusk
|move|p1a: Torkoal|Will-O-Wisp|p2a: Great Tusk
|-status|p2a: Great Tusk|brn
|
|-weather|Snowscape|[upkeep]
|-end|p1a: Torkoal|move: Future Sight
|-damage|p1a: Torkoal|31/100
|-damage|p2a: Great Tusk|91/100 brn|[from] brn
|upkeep
|turn|4
|
|t:|1776165594
|switch|p1a: Hatterene|Hatterene, F|100/100
|move|p2a: Great Tusk|Earthquake|p1a: Hatterene
|-damage|p1a: Hatterene|83/100
|-enditem|p1a: Hatterene|Eject Button
|
|t:|1776165602
|switch|p1a: Torkoal|Torkoal, M|31/100
|-weather|SunnyDay|[from] ability: Drought|[of] p1a: Torkoal
|-activate|p2a: Great Tusk|ability: Protosynthesis
|-start|p2a: Great Tusk|protosynthesisdef
|
|-weather|SunnyDay|[upkeep]
|-damage|p2a: Great Tusk|85/100 brn|[from] brn
|upkeep
|turn|5
|
|t:|1776165611
|move|p2a: Great Tusk|Earthquake|p1a: Torkoal
|-supereffective|p1a: Torkoal
|-damage|p1a: Torkoal|8/100
|move|p1a: Torkoal|Stealth Rock|p2a: Great Tusk
|-sidestart|p2: gojo du m|move: Stealth Rock
|
|-weather|SunnyDay|[upkeep]
|-damage|p2a: Great Tusk|79/100 brn|[from] brn
|upkeep
|turn|6
|
|t:|1776165620
|move|p2a: Great Tusk|Rapid Spin|p1a: Torkoal
|-damage|p1a: Torkoal|3/100
|-boost|p2a: Great Tusk|spe|1
|-sideend|p2: gojo du m|Stealth Rock|[from] move: Rapid Spin|[of] p2a: Great Tusk
|move|p1a: Torkoal|Lava Plume|p2a: Great Tusk
|-damage|p2a: Great Tusk|29/100 brn
|
|-weather|SunnyDay|[upkeep]
|-damage|p2a: Great Tusk|23/100 brn|[from] brn
|upkeep
|turn|7
|
|t:|1776165630
|move|p2a: Great Tusk|Rapid Spin|p1a: Torkoal
|-crit|p1a: Torkoal
|-damage|p1a: Torkoal|0 fnt
|-boost|p2a: Great Tusk|spe|1
|faint|p1a: Torkoal
|
|-weather|SunnyDay|[upkeep]
|-damage|p2a: Great Tusk|16/100 brn|[from] brn
|upkeep
|
|t:|1776165636
|switch|p1a: Scovillain|Scovillain, F|100/100
|turn|8
|
|t:|1776165643
|-end|p2a: Great Tusk|Protosynthesis|[silent]
|switch|p2a: Slowking|Slowking-Galar, F|100/100 brn
|move|p1a: Scovillain|Growth|p1a: Scovillain
|-boost|p1a: Scovillain|atk|2
|-boost|p1a: Scovillain|spa|2
|
|-weather|SunnyDay|[upkeep]
|-damage|p2a: Slowking|94/100 brn|[from] brn
|upkeep
|turn|9
|
|t:|1776165654
|move|p1a: Scovillain|Fire Blast|p2a: Slowking
|-damage|p2a: Slowking|0 fnt
|faint|p2a: Slowking
|-damage|p1a: Scovillain|91/100|[from] item: Life Orb
|
|-weather|SunnyDay|[upkeep]
|upkeep
|
|t:|1776165665
|switch|p2a: Raging Bolt|Raging Bolt|100/100
|-activate|p2a: Raging Bolt|ability: Protosynthesis
|-start|p2a: Raging Bolt|protosynthesisspa
|turn|10
|
|t:|1776165691
|-terastallize|p1a: Scovillain|Ice
|move|p1a: Scovillain|Tera Blast|p2a: Raging Bolt|[anim] Tera Blast Ice
|-supereffective|p2a: Raging Bolt
|-damage|p2a: Raging Bolt|0 fnt
|faint|p2a: Raging Bolt
|-end|p2a: Raging Bolt|Protosynthesis|[silent]
|-damage|p1a: Scovillain|81/100|[from] item: Life Orb
|
|-weather|SunnyDay|[upkeep]
|upkeep
|
|t:|1776165721
|switch|p2a: Ting-Lu|Ting-Lu|100/100
|-ability|p2a: Ting-Lu|Vessel of Ruin
|turn|11
|
|t:|1776165728
|-terastallize|p2a: Ting-Lu|Poison
|move|p1a: Scovillain|Solar Beam||[still]
|-prepare|p1a: Scovillain|Solar Beam
|-anim|p1a: Scovillain|Solar Beam|p2a: Ting-Lu
|-resisted|p2a: Ting-Lu
|-damage|p2a: Ting-Lu|68/100
|-damage|p1a: Scovillain|71/100|[from] item: Life Orb
|move|p2a: Ting-Lu|Earthquake|p1a: Scovillain
|-damage|p1a: Scovillain|0 fnt
|faint|p1a: Scovillain
|
|-weather|none
|-heal|p2a: Ting-Lu|74/100|[from] item: Leftovers
|upkeep
|
|t:|1776165743
|switch|p1a: Lilligant|Lilligant-Hisui, F|100/100
|turn|12
|
|t:|1776165753
|move|p1a: Lilligant|Victory Dance|p1a: Lilligant
|-boost|p1a: Lilligant|atk|1
|-boost|p1a: Lilligant|def|1
|-boost|p1a: Lilligant|spe|1
|move|p2a: Ting-Lu|Whirlwind|p1a: Lilligant
|drag|p1a: Hatterene|Hatterene, F|83/100
|
|-heal|p2a: Ting-Lu|80/100|[from] item: Leftovers
|upkeep
|turn|13
|
|t:|1776165774
|move|p2a: Ting-Lu|Ruination|p1a: Hatterene
|-damage|p1a: Hatterene|42/100
|move|p1a: Hatterene|Healing Wish|p1a: Hatterene
|faint|p1a: Hatterene
|
|-heal|p2a: Ting-Lu|87/100|[from] item: Leftovers
|upkeep
|
|t:|1776165782
|switch|p1a: Kingambit|Kingambit, F|100/100
|turn|14
|
|t:|1776165787
|switch|p2a: Great Tusk|Great Tusk|16/100 brn
|move|p1a: Kingambit|Swords Dance|p1a: Kingambit
|-boost|p1a: Kingambit|atk|2
|
|-damage|p2a: Great Tusk|10/100 brn|[from] brn
|upkeep
|turn|15
|
|t:|1776165800
|move|p1a: Kingambit|Sucker Punch|p2a: Great Tusk
|-resisted|p2a: Great Tusk
|-damage|p2a: Great Tusk|0 fnt
|-damage|p1a: Kingambit|84/100|[from] item: Rocky Helmet|[of] p2a: Great Tusk
|faint|p2a: Great Tusk
|-end|p2a: Great Tusk|Protosynthesis|[silent]
|
|upkeep
|
|t:|1776165809
|switch|p2a: Dragonite|Dragonite, M|100/100
|turn|16
|
|t:|1776165815
|move|p2a: Dragonite|Earthquake|p1a: Kingambit
|-supereffective|p1a: Kingambit
|-damage|p1a: Kingambit|14/100
|move|p1a: Kingambit|Kowtow Cleave|p2a: Dragonite
|-damage|p2a: Dragonite|47/100
|
|upkeep
|turn|17
|
|t:|1776165824
|move|p2a: Dragonite|Extreme Speed|p1a: Kingambit
|-resisted|p1a: Kingambit
|-damage|p1a: Kingambit|0 fnt
|faint|p1a: Kingambit
|
|upkeep
|
|t:|1776165833
|switch|p1a: Walking Wake|Walking Wake|100/100
|turn|18
|
|t:|1776165849
|switch|p2a: Ting-Lu|Ting-Lu, tera:Poison|87/100
|-ability|p2a: Ting-Lu|Vessel of Ruin
|move|p1a: Walking Wake|Flamethrower|p2a: Ting-Lu
|-damage|p2a: Ting-Lu|69/100
|
|-heal|p2a: Ting-Lu|75/100|[from] item: Leftovers
|upkeep
|turn|19
|
|t:|1776165859
|move|p1a: Walking Wake|Flamethrower|p2a: Ting-Lu
|-damage|p2a: Ting-Lu|55/100
|move|p2a: Ting-Lu|Stealth Rock|p1a: Walking Wake
|-sidestart|p1: Atsunami|move: Stealth Rock
|
|-heal|p2a: Ting-Lu|61/100|[from] item: Leftovers
|upkeep
|turn|20
|
|t:|1776165867
|switch|p2a: Primarina|Primarina, F|100/100
|move|p1a: Walking Wake|Flamethrower|p2a: Primarina
|-resisted|p2a: Primarina
|-crit|p2a: Primarina
|-damage|p2a: Primarina|73/100
|-status|p2a: Primarina|brn
|
|-damage|p2a: Primarina|67/100 brn|[from] brn
|upkeep
|turn|21
|
|t:|1776165879
|move|p1a: Walking Wake|Flamethrower|p2a: Primarina
|-resisted|p2a: Primarina
|-damage|p2a: Primarina|48/100 brn
|move|p2a: Primarina|Moonblast|p1a: Walking Wake
|-supereffective|p1a: Walking Wake
|-damage|p1a: Walking Wake|0 fnt
|faint|p1a: Walking Wake
|-end|p1a: Walking Wake|Protosynthesis|[silent]
|
|-damage|p2a: Primarina|42/100 brn|[from] brn
|upkeep
|
|t:|1776165893
|switch|p1a: Lilligant|Lilligant-Hisui, F|100/100
|-damage|p1a: Lilligant|94/100|[from] Stealth Rock
|turn|22
|
|t:|1776165900
|move|p1a: Lilligant|Close Combat|p2a: Primarina
|-resisted|p2a: Primarina
|-damage|p2a: Primarina|9/100 brn
|-unboost|p1a: Lilligant|def|1
|-unboost|p1a: Lilligant|spd|1
|move|p2a: Primarina|Moonblast|p1a: Lilligant
|-supereffective|p1a: Lilligant
|-damage|p1a: Lilligant|0 fnt
|faint|p1a: Lilligant
|
|win|gojo du m
