|html|<div class="broadcast-blue"><strong>[Gen 9] OU is currently suspecting Volcarona! For information on how to participate check out the <a href="https://www.smogon.com/tools/suspects/view/208">suspect thread</a>.</strong></div>
|j|☆Soumya Ukil
|j|☆Abigcamel
|t:|1778496697
|gametype|singles
|player|p1|Soumya Ukil|hilbert|1529
|player|p2|Abigcamel|morty|1599
|gen|9
|tier|[Gen 9] OU
|rated|
|rule|HP Percentage Mod: HP is shown in percentages
|rule|Endless Battle Clause: Forcing endless battles is banned
|rule|Species Clause: Limit one of each Pokémon
|rule|OHKO Clause: OHKO moves are banned
|rule|Evasion Items Clause: Evasion items are banned
|rule|Evasion Moves Clause: Evasion moves are banned
|rule|Evasion Abilities Clause: Evasion abilities are banned
|rule|Sleep Moves Clause: Sleep-inducing moves are banned
|clearpoke
|poke|p1|Iron Valiant|
|poke|p1|Alomomola, F|
|poke|p1|Great Tusk|
|poke|p1|Mandibuzz, F|
|poke|p1|Lokix, M|
|poke|p1|Gholdengo|
|poke|p2|Weezing-Galar, M|
|poke|p2|Ogerpon, F|
|poke|p2|Skarmory, M|
|poke|p2|Alomomola, M|
|poke|p2|Clodsire, M|
|poke|p2|Hydreigon, M|
|teampreview
|inactive|Battle timer is ON: inactive players will automatically lose when time's up. (requested by Abigcamel)
|inactive|Soumya Ukil also wants the timer to be on.
|j| bebw Jo wiwsjeo
|
|t:|1778496710
|teamsize|p1|6
|teamsize|p2|6
|start
|switch|p1a: Gholdengo|Gholdengo|100/100
|switch|p2a: Raptor|Skarmory, M, shiny|100/100
|turn|1
|
|t:|1778496724
|switch|p2a: Hybrid|Hydreigon, M, shiny|100/100
|move|p1a: Gholdengo|Shadow Ball|p2a: Hybrid
|-resisted|p2a: Hybrid
|-damage|p2a: Hybrid|75/100
|-unboost|p2a: Hybrid|spd|1
|
|upkeep
|turn|2
|
|t:|1778496735
|switch|p1a: Alomomola|Alomomola, F|100/100
|move|p2a: Hybrid|Draco Meteor|p1a: Alomomola
|-damage|p1a: Alomomola|36/100
|-unboost|p2a: Hybrid|spa|2
|
|upkeep
|turn|3
|j| resonant fragments
|
|t:|1778496747
|switch|p2a: Raptor|Skarmory, M, shiny|100/100
|switch|p1a: Valorant|Iron Valiant|100/100
|
|upkeep
|turn|4
|c| resonant fragments|cool team big camel
|
|t:|1778496754
|switch|p2a: Endless Nameless|Clodsire, M, shiny|100/100
|move|p1a: Valorant|Thunderbolt|p2a: Endless Nameless
|-immune|p2a: Endless Nameless
|
|upkeep
|turn|5
|
|t:|1778496758
|-end|p1a: Valorant|Quark Drive|[silent]
|switch|p1a: Gholdengo|Gholdengo|100/100
|move|p2a: Endless Nameless|Stealth Rock|p1a: Gholdengo
|-sidestart|p1: Soumya Ukil|move: Stealth Rock
|
|upkeep
|turn|6
|
|t:|1778496768
|switch|p2a: Pisces|Alomomola, M, shiny|100/100
|move|p1a: Gholdengo|Trick|p2a: Pisces
|-activate|p1a: Gholdengo|move: Trick|[of] p2a: Pisces
|-item|p2a: Pisces|Choice Scarf|[from] move: Trick
|-item|p1a: Gholdengo|Assault Vest|[from] move: Trick
|
|upkeep
|turn|7
|
|t:|1778496774
|move|p1a: Gholdengo|Shadow Ball|p2a: Pisces
|-damage|p2a: Pisces|71/100
|-unboost|p2a: Pisces|spd|1
|move|p2a: Pisces|Flip Turn|p1a: Gholdengo
|-damage|p1a: Gholdengo|81/100
|
|t:|1778496781
|switch|p2a: Anonymous|Ogerpon, F|100/100|[from] Flip Turn
|
|upkeep
|turn|8
|
|t:|1778496784
|move|p2a: Anonymous|Knock Off|p1a: Gholdengo
|-supereffective|p1a: Gholdengo
|-damage|p1a: Gholdengo|0 fnt
|-enditem|p1a: Gholdengo|Assault Vest|[from] move: Knock Off|[of] p2a: Anonymous
|faint|p1a: Gholdengo
|
|upkeep
|
|t:|1778496788
|switch|p1a: Donphаn|Great Tusk|100/100
|turn|9
|
|t:|1778496792
|switch|p2a: Raptor|Skarmory, M, shiny|100/100
|move|p1a: Donphаn|Stealth Rock|p2a: Raptor
|-sidestart|p2: Abigcamel|move: Stealth Rock
|
|upkeep
|turn|10
|
|t:|1778496797
|-end|p1a: Donphаn|Protosynthesis|[silent]
|switch|p1a: Lokix|Lokix, M|100/100
|-damage|p1a: Lokix|76/100|[from] Stealth Rock
|move|p2a: Raptor|Spikes|p1a: Lokix
|-sidestart|p1: Soumya Ukil|Spikes
|
|upkeep
|turn|11
|
|t:|1778496804
|move|p1a: Lokix|Knock Off|p2a: Raptor
|-damage|p2a: Raptor|57/100
|-damage|p1a: Lokix|59/100|[from] item: Rocky Helmet|[of] p2a: Raptor
|-enditem|p2a: Raptor|Rocky Helmet|[from] move: Knock Off|[of] p1a: Lokix
|move|p2a: Raptor|Roost|p2a: Raptor
|-heal|p2a: Raptor|100/100
|-singleturn|p2a: Raptor|move: Roost
|
|upkeep
|turn|12
|
|t:|1778496807
|switch|p1a: Donphаn|Great Tusk|100/100
|move|p2a: Raptor|Spikes|p1a: Donphаn
|-sidestart|p1: Soumya Ukil|Spikes
|
|upkeep
|turn|13
|
|t:|1778496813
|move|p1a: Donphаn|Rapid Spin|p2a: Raptor
|-resisted|p2a: Raptor
|-damage|p2a: Raptor|95/100
|-boost|p1a: Donphаn|spe|1
|-sideend|p1: Soumya Ukil|Spikes|[from] move: Rapid Spin|[of] p1a: Donphаn
|-sideend|p1: Soumya Ukil|Stealth Rock|[from] move: Rapid Spin|[of] p1a: Donphаn
|move|p2a: Raptor|Body Press|p1a: Donphаn
|-damage|p1a: Donphаn|75/100
|
|upkeep
|turn|14
|
|t:|1778496818
|-end|p1a: Donphаn|Protosynthesis|[silent]
|switch|p1a: Valorant|Iron Valiant|100/100
|move|p2a: Raptor|Body Press|p1a: Valorant
|-resisted|p1a: Valorant
|-damage|p1a: Valorant|80/100
|
|upkeep
|turn|15
|
|t:|1778496828
|-end|p1a: Valorant|Quark Drive|[silent]
|switch|p1a: Lokix|Lokix, M|59/100
|switch|p2a: Endless Nameless|Clodsire, M, shiny|100/100
|-damage|p2a: Endless Nameless|94/100|[from] Stealth Rock
|
|upkeep
|turn|16
|
|t:|1778496832
|switch|p2a: Raptor|Skarmory, M, shiny|95/100
|-damage|p2a: Raptor|83/100|[from] Stealth Rock
|move|p1a: Lokix|Knock Off|p2a: Raptor
|-damage|p2a: Raptor|54/100
|
|upkeep
|turn|17
|j| Puyu paz
|
|t:|1778496839
|switch|p1a: Valorant|Iron Valiant|80/100
|move|p2a: Raptor|Roost|p2a: Raptor
|-heal|p2a: Raptor|100/100
|-singleturn|p2a: Raptor|move: Roost
|
|upkeep
|turn|18
|
|t:|1778496844
|switch|p2a: Endless Nameless|Clodsire, M, shiny|94/100
|-damage|p2a: Endless Nameless|88/100|[from] Stealth Rock
|move|p1a: Valorant|Moonblast|p2a: Endless Nameless
|-resisted|p2a: Endless Nameless
|-damage|p2a: Endless Nameless|70/100
|
|upkeep
|turn|19
|
|t:|1778496849
|-end|p1a: Valorant|Quark Drive|[silent]
|switch|p1a: Alomomola|Alomomola, F|69/100
|move|p2a: Endless Nameless|Stealth Rock|p1a: Alomomola
|-sidestart|p1: Soumya Ukil|move: Stealth Rock
|
|upkeep
|turn|20
|
|t:|1778496852
|move|p1a: Alomomola|Flip Turn|p2a: Endless Nameless
|-supereffective|p2a: Endless Nameless
|-damage|p2a: Endless Nameless|37/100
|
|t:|1778496855
|switch|p1a: Donphаn|Great Tusk|75/100|[from] Flip Turn
|move|p2a: Endless Nameless|Toxic|p1a: Donphаn
|-status|p1a: Donphаn|tox
|
|-damage|p1a: Donphаn|69/100 tox|[from] psn
|upkeep
|turn|21
|
|t:|1778496866
|move|p1a: Donphаn|Rapid Spin|p2a: Endless Nameless
|-damage|p2a: Endless Nameless|19/100
|-boost|p1a: Donphаn|spe|1
|-sideend|p1: Soumya Ukil|Stealth Rock|[from] move: Rapid Spin|[of] p1a: Donphаn
|move|p2a: Endless Nameless|Recover|p2a: Endless Nameless
|-heal|p2a: Endless Nameless|69/100
|
|-damage|p1a: Donphаn|56/100 tox|[from] psn
|upkeep
|turn|22
|
|t:|1778496869
|switch|p2a: Raptor|Skarmory, M, shiny|100/100
|-damage|p2a: Raptor|88/100|[from] Stealth Rock
|move|p1a: Donphаn|Ice Spinner|p2a: Raptor
|-damage|p2a: Raptor|70/100
|
|-damage|p1a: Donphаn|38/100 tox|[from] psn
|upkeep
|turn|23
|
|t:|1778496878
|-end|p1a: Donphаn|Protosynthesis|[silent]
|switch|p1a: Valorant|Iron Valiant|80/100
|move|p2a: Raptor|Spikes|p1a: Valorant
|-sidestart|p1: Soumya Ukil|Spikes
|
|upkeep
|turn|24
|
|t:|1778496888
|-end|p1a: Valorant|Quark Drive|[silent]
|switch|p1a: Lokix|Lokix, M|59/100
|-damage|p1a: Lokix|47/100|[from] Spikes
|move|p2a: Raptor|Roost|p2a: Raptor
|-heal|p2a: Raptor|100/100
|-singleturn|p2a: Raptor|move: Roost
|
|upkeep
|turn|25
|
|t:|1778496891
|move|p1a: Lokix|U-turn|p2a: Raptor
|-resisted|p2a: Raptor
|-damage|p2a: Raptor|84/100
|
|t:|1778496895
|switch|p1a: Valorant|Iron Valiant|80/100|[from] U-turn
|-damage|p1a: Valorant|68/100|[from] Spikes
|move|p2a: Raptor|Body Press|p1a: Valorant
|-resisted|p1a: Valorant
|-damage|p1a: Valorant|47/100
|
|upkeep
|turn|26
|
|t:|1778496901
|-end|p1a: Valorant|Quark Drive|[silent]
|switch|p1a: Lokix|Lokix, M|47/100
|-damage|p1a: Lokix|34/100|[from] Spikes
|switch|p2a: Endless Nameless|Clodsire, M, shiny|69/100
|-damage|p2a: Endless Nameless|63/100|[from] Stealth Rock
|
|upkeep
|turn|27
|
|t:|1778496907
|switch|p2a: Raptor|Skarmory, M, shiny|84/100
|-damage|p2a: Raptor|72/100|[from] Stealth Rock
|move|p1a: Lokix|U-turn|p2a: Raptor
|-resisted|p2a: Raptor
|-damage|p2a: Raptor|57/100
|
|t:|1778496911
|switch|p1a: Valorant|Iron Valiant|47/100|[from] U-turn
|-damage|p1a: Valorant|34/100|[from] Spikes
|
|upkeep
|turn|28
|
|t:|1778496915
|switch|p2a: Endless Nameless|Clodsire, M, shiny|63/100
|-damage|p2a: Endless Nameless|57/100|[from] Stealth Rock
|-terastallize|p1a: Valorant|Fairy
|move|p1a: Valorant|Moonblast|p2a: Endless Nameless
|-resisted|p2a: Endless Nameless
|-damage|p2a: Endless Nameless|31/100
|
|upkeep
|turn|29
|
|t:|1778496921
|move|p1a: Valorant|Moonblast|p2a: Endless Nameless
|-resisted|p2a: Endless Nameless
|-damage|p2a: Endless Nameless|8/100
|move|p2a: Endless Nameless|Recover|p2a: Endless Nameless
|-heal|p2a: Endless Nameless|58/100
|
|upkeep
|turn|30
|
|t:|1778496932
|-end|p1a: Valorant|Quark Drive|[silent]
|switch|p1a: Donphаn|Great Tusk|38/100 tox
|move|p2a: Endless Nameless|Earthquake|p1a: Donphаn
|-damage|p1a: Donphаn|18/100 tox
|
|-damage|p1a: Donphаn|12/100 tox|[from] psn
|upkeep
|turn|31
|
|t:|1778496940
|switch|p2a: Raptor|Skarmory, M, shiny|57/100
|-damage|p2a: Raptor|45/100|[from] Stealth Rock
|move|p1a: Donphаn|Ice Spinner|p2a: Raptor
|-damage|p2a: Raptor|26/100
|
|-damage|p1a: Donphаn|0 fnt|[from] psn
|faint|p1a: Donphаn
|-end|p1a: Donphаn|Protosynthesis|[silent]
|upkeep
|
|t:|1778496944
|switch|p1a: Lokix|Lokix, M|34/100
|-damage|p1a: Lokix|22/100|[from] Spikes
|turn|32
|
|t:|1778496953
|move|p1a: Lokix|Knock Off|p2a: Raptor
|-damage|p2a: Raptor|0 fnt
|faint|p2a: Raptor
|
|upkeep
|
|t:|1778496958
|switch|p2a: Anonymous|Ogerpon, F|100/100
|-damage|p2a: Anonymous|88/100|[from] Stealth Rock
|turn|33
|
|t:|1778496961
|switch|p1a: Mandibuzz|Mandibuzz, F|100/100
|move|p2a: Anonymous|U-turn|p1a: Mandibuzz
|-damage|p1a: Mandibuzz|80/100
|
|t:|1778496968
|switch|p2a: Sentinel|Weezing-Galar, M, shiny|100/100|[from] U-turn
|-ability|p2a: Sentinel|Neutralizing Gas
|
|upkeep
|turn|34
|
|t:|1778496983
|move|p1a: Mandibuzz|Defog|p2a: Sentinel
|-unboost|p2a: Sentinel|evasion|1
|-sideend|p2: Abigcamel|Stealth Rock|[from] move: Defog|[of] p1a: Mandibuzz
|-sideend|p1: Soumya Ukil|Spikes|[from] move: Defog|[of] p1a: Mandibuzz
|move|p2a: Sentinel|Will-O-Wisp|p1a: Mandibuzz
|-status|p1a: Mandibuzz|brn
|
|-damage|p1a: Mandibuzz|74/100 brn|[from] brn
|upkeep
|turn|35
|
|t:|1778496988
|switch|p1a: Alomomola|Alomomola, F|100/100
|-end|p2a: Sentinel|ability: Neutralizing Gas
|switch|p2a: Endless Nameless|Clodsire, M, shiny|58/100
|
|upkeep
|turn|36
|
|t:|1778496992
|move|p1a: Alomomola|Flip Turn|p2a: Endless Nameless
|-supereffective|p2a: Endless Nameless
|-crit|p2a: Endless Nameless
|-damage|p2a: Endless Nameless|6/100
|
|t:|1778496995
|switch|p1a: Lokix|Lokix, M|22/100|[from] Flip Turn
|move|p2a: Endless Nameless|Recover|p2a: Endless Nameless
|-heal|p2a: Endless Nameless|56/100
|
|upkeep
|turn|37
|
|t:|1778497000
|switch|p2a: Sentinel|Weezing-Galar, M, shiny|100/100
|-ability|p2a: Sentinel|Neutralizing Gas
|move|p1a: Lokix|U-turn|p2a: Sentinel
|-resisted|p2a: Sentinel
|-damage|p2a: Sentinel|92/100
|
|t:|1778497002
|switch|p1a: Valorant|Iron Valiant, tera:Fairy|34/100|[from] U-turn
|
|upkeep
|turn|38
|
|t:|1778497010
|-end|p1a: Valorant|Quark Drive|[silent]
|switch|p1a: Alomomola|Alomomola, F|100/100
|-end|p2a: Sentinel|ability: Neutralizing Gas
|switch|p2a: Pisces|Alomomola, M, shiny|100/100
|
|upkeep
|turn|39
|
|t:|1778497017
|move|p2a: Pisces|Play Rough|p1a: Alomomola
|-damage|p1a: Alomomola|91/100
|move|p1a: Alomomola|Flip Turn|p2a: Pisces
|-resisted|p2a: Pisces
|-damage|p2a: Pisces|94/100
|
|t:|1778497021
|switch|p1a: Lokix|Lokix, M|22/100|[from] Flip Turn
|
|upkeep
|turn|40
|
|t:|1778497023
|move|p1a: Lokix|U-turn|p2a: Pisces
|-damage|p2a: Pisces|54/100
|
|t:|1778497027
|switch|p1a: Alomomola|Alomomola, F|100/100|[from] U-turn
|move|p2a: Pisces|Play Rough|p1a: Alomomola
|-damage|p1a: Alomomola|91/100
|
|upkeep
|turn|41
|
|t:|1778497035
|switch|p2a: Anonymous|Ogerpon, F|88/100
|move|p1a: Alomomola|Flip Turn|p2a: Anonymous
|-resisted|p2a: Anonymous
|-damage|p2a: Anonymous|78/100
|
|t:|1778497038
|switch|p1a: Valorant|Iron Valiant, tera:Fairy|34/100|[from] Flip Turn
|
|upkeep
|turn|42
|
|t:|1778497043
|-terastallize|p2a: Anonymous|Grass
|detailschange|p2a: Anonymous|Ogerpon-Teal-Tera, F, tera:Grass
|-ability|p2a: Anonymous|Embody Aspect (Teal)|boost
|-boost|p2a: Anonymous|spe|1
|move|p2a: Anonymous|Ivy Cudgel|p1a: Valorant
|-damage|p1a: Valorant|0 fnt
|faint|p1a: Valorant
|-end|p1a: Valorant|Quark Drive|[silent]
|
|upkeep
|-message|Soumya Ukil forfeited.
|
|win|Abigcamel
|raw|Soumya Ukil's rating: 1529 &rarr; <strong>1513</strong><br />(-16 for losing)
|raw|Abigcamel's rating: 1599 &rarr; <strong>1615</strong><br />(+16 for winning)
|l|☆Soumya Ukil
|player|p1|
|l|☆Abigcamel
|player|p2|
|l| resonant fragments
|l| Puyu paz
