|html|<div class="broadcast-blue"><strong>[Gen 9] OU is currently suspecting Tera Blast! For information on how to participate check out the <a href="https://www.smogon.com/tools/suspects/view/200">suspect thread</a>.</strong></div>
|j|☆grandmasterlaw
|j|☆maisiemeow
|t:|1776054430
|gametype|singles
|player|p1|grandmasterlaw|bruno|1192
|player|p2|maisiemeow|iris|1232
|gen|9
|tier|[Gen 9] OU
|rated|
|rule|HP Percentage Mod: HP is shown in percentages
|rule|Endless Battle Clause: Forcing endless battles is banned
|rule|Species Clause: Limit one of each Pokémon
|rule|OHKO Clause: OHKO moves are banned
|rule|Evasion Items Clause: Evasion items are banned
|rule|Evasion Moves Clause: Evasion moves are banned
|rule|Evasion Abilities Clause: Evasion abilities are banned
|rule|Sleep Moves Clause: Sleep-inducing moves are banned
|clearpoke
|poke|p1|Serperior, M|
|poke|p1|Samurott-Hisui, M|
|poke|p1|Great Tusk|
|poke|p1|Moltres|
|poke|p1|Goodra-Hisui, F|
|poke|p1|Glimmora, M|
|poke|p2|Samurott-Hisui, F|
|poke|p2|Iron Hands|
|poke|p2|Great Tusk|
|poke|p2|Darkrai|
|poke|p2|Moltres|
|poke|p2|Ogerpon-Wellspring, F|
|teampreview
|inactive|Battle timer is ON: inactive players will automatically lose when time's up. (requested by maisiemeow)
|inactive|grandmasterlaw has 120 seconds left.
|
|t:|1776054461
|teamsize|p1|6
|teamsize|p2|6
|start
|switch|p1a: Glimmora|Glimmora, M|100/100
|switch|p2a: Samurott|Samurott-Hisui, F|100/100
|turn|1
|
|t:|1776054471
|move|p1a: Glimmora|Sludge Bomb|p2a: Samurott
|-damage|p2a: Samurott|55/100
|-status|p2a: Samurott|psn
|move|p2a: Samurott|Ceaseless Edge|p1a: Glimmora
|-damage|p1a: Glimmora|42/100
|-activate|p1a: Glimmora|ability: Toxic Debris
|-sidestart|p2: maisiemeow|move: Toxic Spikes
|-sidestart|p1: grandmasterlaw|Spikes
|
|-heal|p1a: Glimmora|48/100|[from] item: Leftovers
|-damage|p2a: Samurott|43/100 psn|[from] psn
|upkeep
|turn|2
|
|t:|1776054481
|switch|p2a: Great Tusk|Great Tusk|100/100
|move|p1a: Glimmora|Sludge Bomb|p2a: Great Tusk
|-resisted|p2a: Great Tusk
|-damage|p2a: Great Tusk|70/100
|
|-heal|p1a: Glimmora|54/100|[from] item: Leftovers
|upkeep
|turn|3
|
|t:|1776054494
|switch|p1a: Goodra|Goodra-Hisui, F|100/100
|-damage|p1a: Goodra|88/100|[from] Spikes
|move|p2a: Great Tusk|Headlong Rush|p1a: Goodra
|-supereffective|p1a: Goodra
|-damage|p1a: Goodra|0 fnt
|-unboost|p2a: Great Tusk|def|1
|-unboost|p2a: Great Tusk|spd|1
|-ability|p1a: Goodra|Gooey
|-unboost|p2a: Great Tusk|spe|1
|faint|p1a: Goodra
|
|upkeep
|
|t:|1776054509
|switch|p1a: Serperior|Serperior, M|100/100
|-damage|p1a: Serperior|88/100|[from] Spikes
|turn|4
|
|t:|1776054525
|-end|p2a: Great Tusk|Protosynthesis|[silent]
|switch|p2a: Moltres|Moltres|100/100
|-ability|p2a: Moltres|Pressure
|move|p1a: Serperior|Substitute|p1a: Serperior
|-start|p1a: Serperior|Substitute
|-damage|p1a: Serperior|63/100
|
|-heal|p1a: Serperior|69/100|[from] item: Leftovers
|upkeep
|turn|5
|
|t:|1776054549
|move|p1a: Serperior|Glare|p2a: Moltres
|-status|p2a: Moltres|par
|cant|p2a: Moltres|par
|
|-heal|p1a: Serperior|76/100|[from] item: Leftovers
|upkeep
|turn|6
|
|t:|1776054558
|switch|p1a: Glimmora|Glimmora, M|54/100
|-damage|p1a: Glimmora|42/100|[from] Spikes
|cant|p2a: Moltres|par
|
|-heal|p1a: Glimmora|48/100|[from] item: Leftovers
|upkeep
|turn|7
|
|t:|1776054566
|switch|p2a: Great Tusk|Great Tusk|70/100
|move|p1a: Glimmora|Power Gem|p2a: Great Tusk
|-resisted|p2a: Great Tusk
|-crit|p2a: Great Tusk
|-damage|p2a: Great Tusk|49/100
|
|-heal|p1a: Glimmora|54/100|[from] item: Leftovers
|upkeep
|turn|8
|
|t:|1776054576
|switch|p1a: Moltres|Moltres|100/100
|move|p2a: Great Tusk|Rapid Spin|p1a: Moltres
|-damage|p1a: Moltres|87/100
|-boost|p2a: Great Tusk|spe|1
|-sideend|p2: maisiemeow|Toxic Spikes|[from] move: Rapid Spin|[of] p2a: Great Tusk
|
|upkeep
|turn|9
|
|t:|1776054583
|-end|p2a: Great Tusk|Protosynthesis|[silent]
|switch|p2a: Moltres|Moltres|100/100 par
|-ability|p2a: Moltres|Pressure
|move|p1a: Moltres|Will-O-Wisp||[still]
|-fail|p1a: Moltres
|
|upkeep
|turn|10
|
|t:|1776054595
|switch|p1a: Glimmora|Glimmora, M|54/100
|-damage|p1a: Glimmora|42/100|[from] Spikes
|move|p2a: Moltres|Hurricane|p1a: Glimmora
|-resisted|p1a: Glimmora
|-damage|p1a: Glimmora|4/100
|-start|p1a: Glimmora|confusion
|
|-heal|p1a: Glimmora|11/100|[from] item: Leftovers
|upkeep
|turn|11
|
|t:|1776054604
|switch|p2a: Great Tusk|Great Tusk|49/100
|-activate|p1a: Glimmora|confusion
|move|p1a: Glimmora|Power Gem|p2a: Great Tusk
|-resisted|p2a: Great Tusk
|-damage|p2a: Great Tusk|34/100
|
|-heal|p1a: Glimmora|17/100|[from] item: Leftovers
|upkeep
|turn|12
|
|t:|1776054617
|move|p2a: Great Tusk|Ice Spinner|p1a: Glimmora
|-damage|p1a: Glimmora|0 fnt
|-activate|p1a: Glimmora|ability: Toxic Debris
|-sidestart|p2: maisiemeow|move: Toxic Spikes
|faint|p1a: Glimmora
|
|upkeep
|
|t:|1776054626
|switch|p1a: Samurott|Samurott-Hisui, M|100/100
|-damage|p1a: Samurott|88/100|[from] Spikes
|turn|13
|
|t:|1776054635
|-end|p2a: Great Tusk|Protosynthesis|[silent]
|switch|p2a: Moltres|Moltres|100/100 par
|-ability|p2a: Moltres|Pressure
|move|p1a: Samurott|Air Slash|p2a: Moltres|[miss]
|-miss|p1a: Samurott|p2a: Moltres
|
|upkeep
|turn|14
|
|t:|1776054650
|-terastallize|p1a: Samurott|Flying
|move|p1a: Samurott|Air Slash|p2a: Moltres
|-crit|p2a: Moltres
|-damage|p2a: Moltres|25/100 par
|cant|p2a: Moltres|par
|
|upkeep
|turn|15
|
|t:|1776054655
|move|p1a: Samurott|Air Slash|p2a: Moltres
|-damage|p2a: Moltres|0 fnt
|faint|p2a: Moltres
|
|upkeep
|
|t:|1776054664
|switch|p2a: Great Tusk|Great Tusk|34/100
|turn|16
|
|t:|1776054667
|move|p1a: Samurott|Air Slash|p2a: Great Tusk
|-supereffective|p2a: Great Tusk
|-crit|p2a: Great Tusk
|-damage|p2a: Great Tusk|0 fnt
|faint|p2a: Great Tusk
|-end|p2a: Great Tusk|Protosynthesis|[silent]
|
|upkeep
|
|t:|1776054671
|switch|p2a: Iron Hands|Iron Hands|100/100
|-status|p2a: Iron Hands|psn
|-enditem|p2a: Iron Hands|Booster Energy
|-activate|p2a: Iron Hands|ability: Quark Drive|[fromitem]
|-start|p2a: Iron Hands|quarkdriveatk
|turn|17
|
|t:|1776054678
|switch|p1a: Moltres|Moltres|87/100
|-terastallize|p2a: Iron Hands|Ice
|move|p2a: Iron Hands|Ice Punch|p1a: Moltres
|-damage|p1a: Moltres|34/100
|
|-damage|p2a: Iron Hands|88/100 psn|[from] psn
|upkeep
|turn|18
|
|t:|1776054689
|-end|p2a: Iron Hands|Quark Drive|[silent]
|switch|p2a: Darkrai|Darkrai|100/100
|-status|p2a: Darkrai|psn
|move|p1a: Moltres|Flamethrower|p2a: Darkrai
|-damage|p2a: Darkrai|49/100 psn
|
|-damage|p2a: Darkrai|37/100 psn|[from] psn
|upkeep
|turn|19
|
|t:|1776054700
|move|p2a: Darkrai|Ice Beam|p1a: Moltres
|-damage|p1a: Moltres|0 fnt
|faint|p1a: Moltres
|
|-damage|p2a: Darkrai|24/100 psn|[from] psn
|upkeep
|
|t:|1776054706
|switch|p1a: Samurott|Samurott-Hisui, M, tera:Flying|88/100
|turn|20
|
|t:|1776054716
|move|p1a: Samurott|Air Slash|p2a: Darkrai
|-damage|p2a: Darkrai|0 fnt
|faint|p2a: Darkrai
|
|upkeep
|
|t:|1776054721
|switch|p2a: Iron Hands|Iron Hands, tera:Ice|88/100 psn
|turn|21
|
|t:|1776054742
|move|p1a: Samurott|Air Slash|p2a: Iron Hands
|-damage|p2a: Iron Hands|54/100 psn
|cant|p2a: Iron Hands|flinch
|
|-damage|p2a: Iron Hands|42/100 psn|[from] psn
|upkeep
|turn|22
|
|t:|1776054749
|switch|p1a: Great Tusk|Great Tusk|100/100
|-damage|p1a: Great Tusk|88/100|[from] Spikes
|move|p2a: Iron Hands|Ice Punch|p1a: Great Tusk
|-supereffective|p1a: Great Tusk
|-damage|p1a: Great Tusk|19/100
|-damage|p2a: Iron Hands|25/100 psn|[from] item: Rocky Helmet|[of] p1a: Great Tusk
|
|-damage|p2a: Iron Hands|13/100 psn|[from] psn
|upkeep
|turn|23
|
|t:|1776054759
|move|p1a: Great Tusk|Rapid Spin|p2a: Iron Hands
|-damage|p2a: Iron Hands|2/100 psn
|-boost|p1a: Great Tusk|spe|1
|-sideend|p1: grandmasterlaw|Spikes|[from] move: Rapid Spin|[of] p1a: Great Tusk
|move|p2a: Iron Hands|Ice Punch|p1a: Great Tusk
|-supereffective|p1a: Great Tusk
|-crit|p1a: Great Tusk
|-damage|p1a: Great Tusk|0 fnt
|-damage|p2a: Iron Hands|0 fnt|[from] item: Rocky Helmet|[of] p1a: Great Tusk
|faint|p1a: Great Tusk
|-end|p1a: Great Tusk|Protosynthesis|[silent]
|faint|p2a: Iron Hands
|-end|p2a: Iron Hands|Quark Drive|[silent]
|
|upkeep
|-message|maisiemeow forfeited.
|
|win|grandmasterlaw
|raw|grandmasterlaw's rating: 1192 &rarr; <strong>1220</strong><br />(+28 for winning)
|raw|maisiemeow's rating: 1232 &rarr; <strong>1204</strong><br />(-28 for losing)
|l|☆maisiemeow
|player|p2|
|l|☆grandmasterlaw
|player|p1|
