|html|<div class="broadcast-blue"><strong>[Gen 9] OU is currently suspecting Volcarona! For information on how to participate check out the <a href="https://www.smogon.com/tools/suspects/view/208">suspect thread</a>.</strong></div>
|j|☆xueshang
|j|☆mathismathin
|t:|1778500557
|gametype|singles
|player|p1|xueshang|skierf|1635
|player|p2|mathismathin|lucas|1572
|gen|9
|tier|[Gen 9] OU
|rated|
|rule|HP Percentage Mod: HP is shown in percentages
|rule|Endless Battle Clause: Forcing endless battles is banned
|rule|Species Clause: Limit one of each Pokémon
|rule|OHKO Clause: OHKO moves are banned
|rule|Evasion Items Clause: Evasion items are banned
|rule|Evasion Moves Clause: Evasion moves are banned
|rule|Evasion Abilities Clause: Evasion abilities are banned
|rule|Sleep Moves Clause: Sleep-inducing moves are banned
|clearpoke
|poke|p1|Great Tusk|
|poke|p1|Ting-Lu|
|poke|p1|Moltres|
|poke|p1|Scizor, F|
|poke|p1|Ogerpon-Wellspring, F|
|poke|p1|Raging Bolt|
|poke|p2|Cramorant, M|
|poke|p2|Brambleghast, F|
|poke|p2|Tornadus, M|
|poke|p2|Ursaluna, M|
|poke|p2|Dragonite, M|
|poke|p2|Zamazenta-*|
|teampreview
|
|t:|1778500570
|teamsize|p1|6
|teamsize|p2|6
|start
|switch|p1a: Moltres|Moltres|100/100
|switch|p2a: Cramorant|Cramorant, M|100/100
|turn|1
|
|t:|1778500575
|switch|p1a: Ogerpon|Ogerpon-Wellspring, F|100/100
|move|p2a: Cramorant|Surf|p1a: Ogerpon
|-immune|p1a: Ogerpon|[from] ability: Water Absorb
|
|upkeep
|turn|2
|
|t:|1778500584
|switch|p1a: Moltres|Moltres|100/100
|move|p2a: Cramorant|Tailwind|p2a: Cramorant
|-sidestart|p2: mathismathin|move: Tailwind
|
|upkeep
|turn|3
|
|t:|1778500591
|move|p2a: Cramorant|Surf|p1a: Moltres
|-formechange|p2a: Cramorant|Cramorant-Gulping|
|-supereffective|p1a: Moltres
|-damage|p1a: Moltres|23/100
|move|p1a: Moltres|U-turn|p2a: Cramorant
|-resisted|p2a: Cramorant
|-damage|p2a: Cramorant|85/100
|-damage|p1a: Moltres|0 fnt|[from] ability: Gulp Missile|[of] p2a: Cramorant
|-formechange|p2a: Cramorant|Cramorant|
|faint|p1a: Moltres
|
|upkeep
|
|t:|1778500597
|switch|p1a: Raging Bolt|Raging Bolt|100/100
|turn|4
|
|t:|1778500602
|move|p2a: Cramorant|Surf|p1a: Raging Bolt
|-formechange|p2a: Cramorant|Cramorant-Gulping|
|-resisted|p1a: Raging Bolt
|-damage|p1a: Raging Bolt|90/100
|move|p1a: Raging Bolt|Draco Meteor|p2a: Cramorant|[miss]
|-miss|p1a: Raging Bolt|p2a: Cramorant
|
|upkeep
|turn|5
|
|t:|1778500609
|move|p1a: Raging Bolt|Thunderclap|p2a: Cramorant
|-supereffective|p2a: Cramorant
|-damage|p2a: Cramorant|0 fnt
|-damage|p1a: Raging Bolt|66/100|[from] ability: Gulp Missile|[of] p2a: Cramorant
|-unboost|p1a: Raging Bolt|def|1
|-formechange|p2a: Cramorant|Cramorant|
|faint|p2a: Cramorant
|
|-sideend|p2: mathismathin|move: Tailwind
|upkeep
|
|t:|1778500615
|switch|p2a: Brambleghast|Brambleghast, F|100/100
|turn|6
|
|t:|1778500623
|-end|p1a: Raging Bolt|Protosynthesis|[silent]
|switch|p1a: Ting-Lu|Ting-Lu|100/100
|-ability|p1a: Ting-Lu|Vessel of Ruin
|move|p2a: Brambleghast|Poltergeist|p1a: Ting-Lu
|-activate|p1a: Ting-Lu|move: Poltergeist|Leftovers
|-resisted|p1a: Ting-Lu
|-damage|p1a: Ting-Lu|79/100
|-damage|p2a: Brambleghast|91/100|[from] item: Life Orb
|
|-heal|p1a: Ting-Lu|85/100|[from] item: Leftovers
|upkeep
|turn|7
|
|t:|1778500630
|move|p2a: Brambleghast|Power Whip|p1a: Ting-Lu
|-supereffective|p1a: Ting-Lu
|-damage|p1a: Ting-Lu|0 fnt
|faint|p1a: Ting-Lu
|-damage|p2a: Brambleghast|81/100|[from] item: Life Orb
|
|upkeep
|
|t:|1778500639
|switch|p1a: Scizor|Scizor, F|100/100
|turn|8
|
|t:|1778500646
|switch|p2a: Dragonite|Dragonite, M|100/100
|move|p1a: Scizor|Knock Off|p2a: Dragonite
|-damage|p2a: Dragonite|79/100
|-enditem|p2a: Dragonite|Life Orb|[from] move: Knock Off|[of] p1a: Scizor
|
|upkeep
|turn|9
|
|t:|1778500654
|switch|p1a: Great Tusk|Great Tusk|100/100
|-enditem|p1a: Great Tusk|Booster Energy
|-activate|p1a: Great Tusk|ability: Protosynthesis|[fromitem]
|-start|p1a: Great Tusk|protosynthesisspe
|move|p2a: Dragonite|Fire Punch|p1a: Great Tusk
|-damage|p1a: Great Tusk|81/100
|
|upkeep
|turn|10
|
|t:|1778500661
|switch|p2a: Tornadus|Tornadus, M|100/100
|move|p1a: Great Tusk|Bulk Up|p1a: Great Tusk
|-boost|p1a: Great Tusk|atk|1
|-boost|p1a: Great Tusk|def|1
|
|upkeep
|turn|11
|
|t:|1778500665
|move|p2a: Tornadus|Tailwind|p2a: Tornadus
|-sidestart|p2: mathismathin|move: Tailwind
|move|p1a: Great Tusk|Ice Spinner|p2a: Tornadus
|-supereffective|p2a: Tornadus
|-damage|p2a: Tornadus|0 fnt
|faint|p2a: Tornadus
|
|upkeep
|
|t:|1778500668
|switch|p2a: Brambleghast|Brambleghast, F|81/100
|-ability|p2a: Brambleghast|Wind Rider|boost
|-boost|p2a: Brambleghast|atk|1
|turn|12
|
|t:|1778500675
|-terastallize|p1a: Great Tusk|Electric
|move|p2a: Brambleghast|Power Whip|p1a: Great Tusk
|-damage|p1a: Great Tusk|30/100
|-damage|p2a: Brambleghast|71/100|[from] item: Life Orb
|move|p1a: Great Tusk|Ice Spinner|p2a: Brambleghast
|-supereffective|p2a: Brambleghast
|-damage|p2a: Brambleghast|0 fnt
|faint|p2a: Brambleghast
|
|upkeep
|
|t:|1778500699
|switch|p2a: Zamazenta|Zamazenta|100/100
|-ability|p2a: Zamazenta|Dauntless Shield|boost
|-boost|p2a: Zamazenta|def|1
|turn|13
|
|t:|1778500704
|move|p2a: Zamazenta|Iron Defense|p2a: Zamazenta
|-boost|p2a: Zamazenta|def|2
|move|p1a: Great Tusk|Headlong Rush|p2a: Zamazenta
|-damage|p2a: Zamazenta|74/100
|-unboost|p1a: Great Tusk|def|1
|-unboost|p1a: Great Tusk|spd|1
|
|-heal|p2a: Zamazenta|81/100|[from] item: Leftovers
|upkeep
|turn|14
|
|t:|1778500710
|move|p2a: Zamazenta|Iron Defense|p2a: Zamazenta
|-boost|p2a: Zamazenta|def|2
|move|p1a: Great Tusk|Headlong Rush|p2a: Zamazenta
|-damage|p2a: Zamazenta|62/100
|-unboost|p1a: Great Tusk|def|1
|-unboost|p1a: Great Tusk|spd|1
|
|-heal|p2a: Zamazenta|68/100|[from] item: Leftovers
|-sideend|p2: mathismathin|move: Tailwind
|upkeep
|turn|15
|
|t:|1778500717
|move|p1a: Great Tusk|Headlong Rush|p2a: Zamazenta
|-damage|p2a: Zamazenta|50/100
|-unboost|p1a: Great Tusk|def|1
|-unboost|p1a: Great Tusk|spd|1
|move|p2a: Zamazenta|Body Press|p1a: Great Tusk
|-damage|p1a: Great Tusk|0 fnt
|faint|p1a: Great Tusk
|-end|p1a: Great Tusk|Protosynthesis|[silent]
|
|-heal|p2a: Zamazenta|56/100|[from] item: Leftovers
|upkeep
|
|t:|1778500722
|switch|p1a: Raging Bolt|Raging Bolt|66/100
|turn|16
|
|t:|1778500727
|move|p1a: Raging Bolt|Thunderclap|p2a: Zamazenta
|-damage|p2a: Zamazenta|16/100
|move|p2a: Zamazenta|Body Press|p1a: Raging Bolt
|-damage|p1a: Raging Bolt|0 fnt
|faint|p1a: Raging Bolt
|-end|p1a: Raging Bolt|Protosynthesis|[silent]
|
|-heal|p2a: Zamazenta|22/100|[from] item: Leftovers
|upkeep
|
|t:|1778500735
|switch|p1a: Scizor|Scizor, F|100/100
|turn|17
|
|t:|1778500738
|-terastallize|p2a: Zamazenta|Steel
|move|p1a: Scizor|Bullet Punch|p2a: Zamazenta
|-resisted|p2a: Zamazenta
|-crit|p2a: Zamazenta
|-damage|p2a: Zamazenta|2/100
|move|p2a: Zamazenta|Body Press|p1a: Scizor
|-damage|p1a: Scizor|0 fnt
|faint|p1a: Scizor
|
|-heal|p2a: Zamazenta|9/100|[from] item: Leftovers
|upkeep
|-message|xueshang forfeited.
|
|win|mathismathin
|raw|xueshang's rating: 1635 &rarr; <strong>1613</strong><br />(-22 for losing)
|raw|mathismathin's rating: 1593 &rarr; <strong>1615</strong><br />(+22 for winning)
|l|☆xueshang
|player|p1|
