|html|<div class="broadcast-blue"><strong>[Gen 9] OU is currently suspecting Volcarona! For information on how to participate check out the <a href="https://www.smogon.com/tools/suspects/view/208">suspect thread</a>.</strong></div>
|j|☆sus req
|j|☆Dragavian NTK
|t:|1778516434
|gametype|singles
|player|p1|sus req|hilbert|1535
|player|p2|Dragavian NTK|gentleman-gen4|1511
|gen|9
|tier|[Gen 9] OU
|rated|
|rule|HP Percentage Mod: HP is shown in percentages
|rule|Endless Battle Clause: Forcing endless battles is banned
|rule|Species Clause: Limit one of each Pokémon
|rule|OHKO Clause: OHKO moves are banned
|rule|Evasion Items Clause: Evasion items are banned
|rule|Evasion Moves Clause: Evasion moves are banned
|rule|Evasion Abilities Clause: Evasion abilities are banned
|rule|Sleep Moves Clause: Sleep-inducing moves are banned
|clearpoke
|poke|p1|Excadrill, F|
|poke|p1|Blaziken, M|
|poke|p1|Tyranitar, F|
|poke|p1|Ogerpon-Wellspring, F|
|poke|p1|Zapdos|
|poke|p1|Dragapult, F|
|poke|p2|Dragonite, M|
|poke|p2|Dragapult, F|
|poke|p2|Cresselia, F|
|poke|p2|Heatran, F|
|poke|p2|Weavile, M|
|poke|p2|Great Tusk|
|teampreview
|inactive|Battle timer is ON: inactive players will automatically lose when time's up. (requested by Dragavian NTK)
|
|t:|1778516455
|teamsize|p1|6
|teamsize|p2|6
|start
|switch|p1a: Tyranitar|Tyranitar, F|100/100
|switch|p2a: なつき|Dragapult, F|100/100
|-weather|Sandstorm|[from] ability: Sand Stream|[of] p1a: Tyranitar
|turn|1
|c|☆sus req|What does ntk mean.? If u don't mind
|
|t:|1778516470
|move|p2a: なつき|U-turn|p1a: Tyranitar
|-supereffective|p1a: Tyranitar
|-damage|p1a: Tyranitar|69/100
|
|t:|1778516479
|switch|p2a: Great Tusk|Great Tusk, shiny|100/100|[from] U-turn
|move|p1a: Tyranitar|Ice Beam|p2a: Great Tusk
|-supereffective|p2a: Great Tusk
|-damage|p2a: Great Tusk|67/100
|
|-weather|Sandstorm|[upkeep]
|upkeep
|turn|2
|c|☆Dragavian NTK|my girlfriend name
|
|t:|1778516497
|switch|p1a: Zapdos|Zapdos|100/100
|move|p2a: Great Tusk|Headlong Rush|p1a: Zapdos
|-immune|p1a: Zapdos
|
|-weather|Sandstorm|[upkeep]
|-damage|p1a: Zapdos|94/100|[from] Sandstorm
|upkeep
|turn|3
|c|☆sus req|Alright playboi mb
|
|t:|1778516514
|move|p1a: Zapdos|U-turn|p2a: Great Tusk
|-resisted|p2a: Great Tusk
|-damage|p2a: Great Tusk|63/100
|
|t:|1778516518
|switch|p1a: Ogerpon|Ogerpon-Wellspring, F|100/100|[from] U-turn
|move|p2a: Great Tusk|Head Smash|p1a: Ogerpon
|-damage|p1a: Ogerpon|21/100
|-damage|p2a: Great Tusk|34/100|[from] Recoil
|
|-weather|Sandstorm|[upkeep]
|-damage|p1a: Ogerpon|15/100|[from] Sandstorm
|upkeep
|turn|4
|
|t:|1778516528
|move|p1a: Ogerpon|Ivy Cudgel|p2a: Great Tusk|[anim] Ivy Cudgel Water
|-supereffective|p2a: Great Tusk
|-damage|p2a: Great Tusk|0 fnt
|faint|p2a: Great Tusk
|-end|p2a: Great Tusk|Protosynthesis|[silent]
|
|-weather|Sandstorm|[upkeep]
|-damage|p1a: Ogerpon|9/100|[from] Sandstorm
|upkeep
|
|t:|1778516530
|switch|p2a: なつき|Dragapult, F|100/100
|turn|5
|
|t:|1778516536
|switch|p1a: Zapdos|Zapdos|94/100
|move|p2a: なつき|U-turn|p1a: Zapdos
|-resisted|p1a: Zapdos
|-damage|p1a: Zapdos|87/100
|-damage|p2a: なつき|84/100|[from] item: Rocky Helmet|[of] p1a: Zapdos
|-status|p2a: なつき|par|[from] ability: Static|[of] p1a: Zapdos
|
|t:|1778516549
|switch|p2a: Heatran|Heatran, F, shiny|100/100|[from] U-turn
|-item|p2a: Heatran|Air Balloon
|
|-weather|none
|upkeep
|turn|6
|
|t:|1778516558
|move|p1a: Zapdos|U-turn|p2a: Heatran
|-resisted|p2a: Heatran
|-crit|p2a: Heatran
|-damage|p2a: Heatran|97/100
|-enditem|p2a: Heatran|Air Balloon
|
|t:|1778516560
|switch|p1a: Tyranitar|Tyranitar, F|69/100|[from] U-turn
|-weather|Sandstorm|[from] ability: Sand Stream|[of] p1a: Tyranitar
|move|p2a: Heatran|Stealth Rock|p1a: Tyranitar
|-sidestart|p1: sus req|move: Stealth Rock
|
|-weather|Sandstorm|[upkeep]
|upkeep
|turn|7
|
|t:|1778516568
|move|p2a: Heatran|Earth Power|p1a: Tyranitar
|-supereffective|p1a: Tyranitar
|-damage|p1a: Tyranitar|40/100
|move|p1a: Tyranitar|Stealth Rock|p2a: Heatran
|-sidestart|p2: Dragavian NTK|move: Stealth Rock
|
|-weather|Sandstorm|[upkeep]
|upkeep
|turn|8
|
|t:|1778516575
|switch|p1a: Blaziken|Blaziken, M|100/100
|-damage|p1a: Blaziken|88/100|[from] Stealth Rock
|-item|p1a: Blaziken|Air Balloon
|move|p2a: Heatran|Earth Power|p1a: Blaziken
|-immune|p1a: Blaziken
|
|-weather|Sandstorm|[upkeep]
|-damage|p1a: Blaziken|82/100|[from] Sandstorm
|upkeep
|turn|9
|
|t:|1778516583
|move|p1a: Blaziken|Close Combat|p2a: Heatran
|-supereffective|p2a: Heatran
|-damage|p2a: Heatran|0 fnt
|-unboost|p1a: Blaziken|def|1
|-unboost|p1a: Blaziken|spd|1
|faint|p2a: Heatran
|
|-weather|Sandstorm|[upkeep]
|-damage|p1a: Blaziken|76/100|[from] Sandstorm
|-ability|p1a: Blaziken|Speed Boost|boost
|-boost|p1a: Blaziken|spe|1
|upkeep
|
|t:|1778516589
|switch|p2a: ノア|Dragonite, M|100/100
|turn|10
|
|t:|1778516597
|move|p1a: Blaziken|Knock Off|p2a: ノア
|-damage|p2a: ノア|81/100
|-enditem|p2a: ノア|Heavy-Duty Boots|[from] move: Knock Off|[of] p1a: Blaziken
|move|p2a: ノア|Dragon Dance|p2a: ノア
|-boost|p2a: ノア|atk|1
|-boost|p2a: ノア|spe|1
|
|-weather|none
|-ability|p1a: Blaziken|Speed Boost|boost
|-boost|p1a: Blaziken|spe|1
|upkeep
|turn|11
|inactive|sus req has 120 seconds left.
|
|t:|1778516642
|move|p2a: ノア|Extreme Speed|p1a: Blaziken
|-damage|p1a: Blaziken|0 fnt
|-enditem|p1a: Blaziken|Air Balloon
|faint|p1a: Blaziken
|
|upkeep
|
|t:|1778516645
|switch|p1a: Tyranitar|Tyranitar, F|40/100
|-weather|Sandstorm|[from] ability: Sand Stream|[of] p1a: Tyranitar
|turn|12
|
|t:|1778516651
|move|p2a: ノア|Earthquake|p1a: Tyranitar
|-supereffective|p1a: Tyranitar
|-damage|p1a: Tyranitar|0 fnt
|faint|p1a: Tyranitar
|
|-weather|Sandstorm|[upkeep]
|-damage|p2a: ノア|74/100|[from] Sandstorm
|upkeep
|
|t:|1778516653
|switch|p1a: Zapdos|Zapdos|87/100
|-damage|p1a: Zapdos|62/100|[from] Stealth Rock
|turn|13
|
|t:|1778516660
|move|p2a: ノア|Dragon Dance|p2a: ノア
|-boost|p2a: ノア|atk|1
|-boost|p2a: ノア|spe|1
|move|p1a: Zapdos|Roost|p1a: Zapdos
|-heal|p1a: Zapdos|100/100
|-singleturn|p1a: Zapdos|move: Roost
|
|-weather|Sandstorm|[upkeep]
|-damage|p2a: ノア|68/100|[from] Sandstorm
|-damage|p1a: Zapdos|94/100|[from] Sandstorm
|upkeep
|turn|14
|
|t:|1778516669
|move|p2a: ノア|Encore|p1a: Zapdos
|-start|p1a: Zapdos|Encore
|move|p1a: Zapdos|Roost|p1a: Zapdos
|-heal|p1a: Zapdos|100/100
|-singleturn|p1a: Zapdos|move: Roost
|
|-weather|Sandstorm|[upkeep]
|-damage|p2a: ノア|62/100|[from] Sandstorm
|-damage|p1a: Zapdos|94/100|[from] Sandstorm
|upkeep
|turn|15
|
|t:|1778516678
|switch|p1a: Ogerpon|Ogerpon-Wellspring, F|9/100
|-damage|p1a: Ogerpon|0 fnt|[from] Stealth Rock
|faint|p1a: Ogerpon
|move|p2a: ノア|Dragon Dance|p2a: ノア
|-boost|p2a: ノア|atk|1
|-boost|p2a: ノア|spe|1
|
|-weather|Sandstorm|[upkeep]
|-damage|p2a: ノア|56/100|[from] Sandstorm
|upkeep
|
|t:|1778516680
|switch|p1a: Zapdos|Zapdos|94/100
|-damage|p1a: Zapdos|69/100|[from] Stealth Rock
|turn|16
|
|t:|1778516692
|-terastallize|p2a: ノア|Normal
|move|p2a: ノア|Extreme Speed|p1a: Zapdos
|-damage|p1a: Zapdos|0 fnt
|-damage|p2a: ノア|40/100|[from] item: Rocky Helmet|[of] p1a: Zapdos
|faint|p1a: Zapdos
|
|-weather|none
|upkeep
|
|t:|1778516699
|switch|p1a: Excadrill|Excadrill, F|100/100
|-damage|p1a: Excadrill|97/100|[from] Stealth Rock
|-item|p1a: Excadrill|Air Balloon
|turn|17
|inactive|sus req has 120 seconds left.
|
|t:|1778516732
|-terastallize|p1a: Excadrill|Ghost
|move|p2a: ノア|Extreme Speed|p1a: Excadrill
|-immune|p1a: Excadrill
|move|p1a: Excadrill|Rapid Spin|p2a: ノア
|-damage|p2a: ノア|17/100
|-boost|p1a: Excadrill|spe|1
|-sideend|p1: sus req|Stealth Rock|[from] move: Rapid Spin|[of] p1a: Excadrill
|
|upkeep
|turn|18
|
|t:|1778516746
|move|p2a: ノア|Encore|p1a: Excadrill
|-start|p1a: Excadrill|Encore
|move|p1a: Excadrill|Rapid Spin|p2a: ノア
|-damage|p2a: ノア|0 fnt
|-boost|p1a: Excadrill|spe|1
|faint|p2a: ノア
|
|upkeep
|
|t:|1778516752
|switch|p2a: なつき|Dragapult, F|84/100 par
|-damage|p2a: なつき|72/100 par|[from] Stealth Rock
|turn|19
|
|t:|1778516757
|move|p1a: Excadrill|Rapid Spin|p2a: なつき
|-immune|p2a: なつき
|move|p2a: なつき|Shadow Ball|p1a: Excadrill
|-supereffective|p1a: Excadrill
|-damage|p1a: Excadrill|0 fnt
|-enditem|p1a: Excadrill|Air Balloon
|faint|p1a: Excadrill
|
|upkeep
|
|t:|1778516760
|switch|p1a: Dragapult|Dragapult, F|100/100
|turn|20
|
|t:|1778516767
|move|p1a: Dragapult|Hex|p2a: なつき
|-supereffective|p2a: なつき
|-damage|p2a: なつき|0 fnt
|faint|p2a: なつき
|
|upkeep
|
|t:|1778516770
|switch|p2a: Weavile|Weavile, M|100/100
|-damage|p2a: Weavile|76/100|[from] Stealth Rock
|turn|21
|c|☆Dragavian NTK|choice ?
|inactive|sus req has 120 seconds left.
|
|t:|1778516805
|move|p1a: Dragapult|Draco Meteor|p2a: Weavile
|-damage|p2a: Weavile|0 fnt
|-unboost|p1a: Dragapult|spa|2
|faint|p2a: Weavile
|
|upkeep
|
|t:|1778516809
|switch|p2a: エース|Cresselia, F|100/100
|-damage|p2a: エース|88/100|[from] Stealth Rock
|turn|22
|
|t:|1778516814
|move|p1a: Dragapult|Will-O-Wisp|p2a: エース
|-status|p2a: エース|brn
|move|p2a: エース|Calm Mind|p2a: エース
|-boost|p2a: エース|spa|1
|-boost|p2a: エース|spd|1
|
|-heal|p2a: エース|94/100 brn|[from] item: Leftovers
|-damage|p2a: エース|88/100 brn|[from] brn
|upkeep
|turn|23
|
|t:|1778516819
|move|p1a: Dragapult|Hex|p2a: エース
|-supereffective|p2a: エース
|-crit|p2a: エース
|-damage|p2a: エース|0 fnt
|faint|p2a: エース
|
|win|sus req
|raw|sus req's rating: 1535 &rarr; <strong>1554</strong><br />(+19 for winning)
|raw|Dragavian NTK's rating: 1511 &rarr; <strong>1492</strong><br />(-19 for losing)
|c|☆sus req|mb
|l|☆Dragavian NTK
|player|p2|
|c|☆sus req|Haxxed
|l|☆sus req
|player|p1|
