|j|☆Emdimd
|j|☆axel owese
|inactive|Battle timer is ON: inactive players will automatically lose when time's up.
|t:|1776183332
|gametype|singles
|player|p1|Emdimd|1|
|player|p2|axel owese|102|
|gen|9
|tier|[Gen 9] OU
|rated|Tournament battle
|rule|HP Percentage Mod: HP is shown in percentages
|rule|Endless Battle Clause: Forcing endless battles is banned
|rule|Species Clause: Limit one of each Pokémon
|rule|OHKO Clause: OHKO moves are banned
|rule|Evasion Items Clause: Evasion items are banned
|rule|Evasion Moves Clause: Evasion moves are banned
|rule|Evasion Abilities Clause: Evasion abilities are banned
|rule|Sleep Moves Clause: Sleep-inducing moves are banned
|raw|<div class="infobox"><details class="readmore" open><summary><strong>1 custom rule:</strong></summary> -wobbuffet</details></div>
|clearpoke
|poke|p1|Chansey, F|
|poke|p1|Quaquaval, F|
|poke|p1|Rhydon, F|
|poke|p2|Flygon, F|
|poke|p2|Bronzong|
|poke|p2|Raboot, M|
|teampreview
|j|*Lady Monita 
|
|t:|1776183343
|teamsize|p1|3
|teamsize|p2|3
|start
|switch|p1a: Quaquaval|Quaquaval, F|100/100
|switch|p2a: Flygon|Flygon, F|100/100
|turn|1
|
|t:|1776183360
|switch|p2a: Raboot|Raboot, M|100/100
|move|p1a: Quaquaval|Ice Spinner|p2a: Raboot
|-resisted|p2a: Raboot
|-damage|p2a: Raboot|78/100
|-damage|p1a: Quaquaval|91/100|[from] item: Life Orb
|
|upkeep
|turn|2
|
|t:|1776183366
|move|p2a: Raboot|Sucker Punch|p1a: Quaquaval
|-start|p2a: Raboot|typechange|Dark|[from] ability: Libero
|-resisted|p1a: Quaquaval
|-damage|p1a: Quaquaval|73/100
|move|p1a: Quaquaval|Aqua Step|p2a: Raboot
|-damage|p2a: Raboot|9/100
|-boost|p1a: Quaquaval|spe|1
|-damage|p1a: Quaquaval|63/100|[from] item: Life Orb
|
|upkeep
|turn|3
|
|t:|1776183375
|move|p2a: Raboot|Sucker Punch|p1a: Quaquaval
|-resisted|p1a: Quaquaval
|-damage|p1a: Quaquaval|45/100
|move|p1a: Quaquaval|Aqua Step|p2a: Raboot
|-damage|p2a: Raboot|0 fnt
|-boost|p1a: Quaquaval|spe|1
|faint|p2a: Raboot
|-ability|p1a: Quaquaval|Moxie|boost
|-boost|p1a: Quaquaval|atk|1
|-damage|p1a: Quaquaval|35/100|[from] item: Life Orb
|
|upkeep
|
|t:|1776183381
|switch|p2a: Bronzong|Bronzong|100/100
|turn|4
|
|t:|1776183407
|-terastallize|p2a: Bronzong|Fighting
|move|p1a: Quaquaval|Close Combat|p2a: Bronzong
|-damage|p2a: Bronzong|6/100
|-unboost|p1a: Quaquaval|def|1
|-unboost|p1a: Quaquaval|spd|1
|-damage|p1a: Quaquaval|25/100|[from] item: Life Orb
|move|p2a: Bronzong|Night Shade|p1a: Quaquaval
|-damage|p1a: Quaquaval|0 fnt
|faint|p1a: Quaquaval
|
|-heal|p2a: Bronzong|12/100|[from] item: Leftovers
|upkeep
|j| MaybeMinun
|inactive|Emdimd has 120 seconds left.
|
|t:|1776183420
|switch|p1a: Chansey|Chansey, F|100/100
|turn|5
|
|t:|1776183428
|move|p2a: Bronzong|Protect|p2a: Bronzong
|-singleturn|p2a: Bronzong|Protect
|move|p1a: Chansey|Seismic Toss|p2a: Bronzong
|-activate|p2a: Bronzong|move: Protect
|
|-heal|p2a: Bronzong|18/100|[from] item: Leftovers
|upkeep
|turn|6
|
|t:|1776183441
|move|p1a: Chansey|Seismic Toss|p2a: Bronzong
|-damage|p2a: Bronzong|0 fnt
|faint|p2a: Bronzong
|
|upkeep
|
|t:|1776183444
|switch|p2a: Flygon|Flygon, F|100/100
|turn|7
|
|t:|1776183448
|move|p2a: Flygon|Dragon Dance|p2a: Flygon
|-boost|p2a: Flygon|atk|1
|-boost|p2a: Flygon|spe|1
|move|p1a: Chansey|Seismic Toss|p2a: Flygon
|-damage|p2a: Flygon|67/100
|
|upkeep
|turn|8
|
|t:|1776183454
|move|p2a: Flygon|Dragon Dance|p2a: Flygon
|-boost|p2a: Flygon|atk|1
|-boost|p2a: Flygon|spe|1
|move|p1a: Chansey|Seismic Toss|p2a: Flygon
|-damage|p2a: Flygon|34/100
|
|upkeep
|turn|9
|
|t:|1776183461
|move|p2a: Flygon|Earthquake|p1a: Chansey
|-damage|p1a: Chansey|23/100
|-damage|p2a: Flygon|24/100|[from] item: Life Orb
|move|p1a: Chansey|Seismic Toss|p2a: Flygon
|-damage|p2a: Flygon|0 fnt
|faint|p2a: Flygon
|
|win|Emdimd
|n|☆Emdimd|emdimd
|n|☆axel owese|axelowese
|n|*Lady Monita |ladymonita
|n| MaybeMinun|maybeminun
