|html|<div class="broadcast-blue"><strong>[Gen 9] OU is currently suspecting Tera Blast! For information on how to participate check out the <a href="https://www.smogon.com/tools/suspects/view/200">suspect thread</a>.</strong></div>
|j|☆qizrad
|j|☆Luceo
|t:|1776115954
|gametype|singles
|player|p1|qizrad|sage|1750
|player|p2|Luceo|cynthia-masters4|1640
|gen|9
|tier|[Gen 9] OU
|rated|
|rule|HP Percentage Mod: HP is shown in percentages
|rule|Endless Battle Clause: Forcing endless battles is banned
|rule|Species Clause: Limit one of each Pokémon
|rule|OHKO Clause: OHKO moves are banned
|rule|Evasion Items Clause: Evasion items are banned
|rule|Evasion Moves Clause: Evasion moves are banned
|rule|Evasion Abilities Clause: Evasion abilities are banned
|rule|Sleep Moves Clause: Sleep-inducing moves are banned
|clearpoke
|poke|p1|Araquanid, M|
|poke|p1|Ceruledge, F|
|poke|p1|Enamorus, F|
|poke|p1|Iron Treads|
|poke|p1|Kingambit, M|
|poke|p1|Pecharunt|
|poke|p2|Great Tusk|
|poke|p2|Slowking-Galar, M|
|poke|p2|Corviknight, F|
|poke|p2|Clefable, F|
|poke|p2|Samurott-Hisui, M|
|poke|p2|Dragapult, F|
|teampreview
|inactive|Battle timer is ON: inactive players will automatically lose when time's up. (requested by Luceo)
|inactive|qizrad also wants the timer to be on.
|inactive|Luceo has 120 seconds left.
|inactive|Luceo has 90 seconds left.
|
|t:|1776116027
|teamsize|p1|6
|teamsize|p2|6
|start
|switch|p1a: Misty|Araquanid, M|100/100
|switch|p2a: Bull's-eye|Dragapult, F|100/100
|turn|1
|
|t:|1776116032
|move|p2a: Bull's-eye|Thunderbolt|p1a: Misty
|-supereffective|p1a: Misty
|-damage|p1a: Misty|36/100
|move|p1a: Misty|Sticky Web|p2a: Bull's-eye
|-sidestart|p2: Luceo|move: Sticky Web
|
|upkeep
|turn|2
|
|t:|1776116045
|switch|p1a: Promise|Iron Treads|100/100
|-enditem|p1a: Promise|Booster Energy
|-activate|p1a: Promise|ability: Quark Drive|[fromitem]
|-start|p1a: Promise|quarkdrivespe
|move|p2a: Bull's-eye|Thunderbolt|p1a: Promise
|-immune|p1a: Promise
|
|upkeep
|turn|3
|inactive|Luceo has 120 seconds left.
|
|t:|1776116094
|switch|p2a: Loxodonta|Great Tusk|100/100
|-activate|p2a: Loxodonta|move: Sticky Web
|-unboost|p2a: Loxodonta|spe|1
|move|p1a: Promise|Stealth Rock|p2a: Loxodonta
|-sidestart|p2: Luceo|move: Stealth Rock
|
|upkeep
|turn|4
|
|t:|1776116103
|-end|p1a: Promise|Quark Drive|[silent]
|switch|p1a: Bewitched|Pecharunt|100/100
|-item|p1a: Bewitched|Air Balloon
|move|p2a: Loxodonta|Headlong Rush|p1a: Bewitched
|-immune|p1a: Bewitched
|
|upkeep
|turn|5
|inactive|Luceo has 90 seconds left.
|
|t:|1776116137
|-end|p2a: Loxodonta|Protosynthesis|[silent]
|switch|p2a: Alchemist|Slowking-Galar, M|100/100
|-activate|p2a: Alchemist|move: Sticky Web
|-unboost|p2a: Alchemist|spe|1
|-damage|p2a: Alchemist|88/100|[from] Stealth Rock
|move|p1a: Bewitched|Shadow Ball|p2a: Alchemist
|-supereffective|p2a: Alchemist
|-damage|p2a: Alchemist|57/100
|
|upkeep
|turn|6
|inactive|Luceo has 90 seconds left.
|
|t:|1776116150
|switch|p2a: Jack|Samurott-Hisui, M|100/100
|move|p1a: Bewitched|Shadow Ball|p2a: Jack
|-resisted|p2a: Jack
|-damage|p2a: Jack|78/100
|-unboost|p2a: Jack|spd|1
|
|upkeep
|turn|7
|
|t:|1776116159
|move|p1a: Bewitched|Malignant Chain|p2a: Jack
|-damage|p2a: Jack|0 fnt
|faint|p2a: Jack
|
|upkeep
|
|t:|1776116163
|switch|p2a: Bull's-eye|Dragapult, F|100/100
|-activate|p2a: Bull's-eye|move: Sticky Web
|-fail|p2a: Bull's-eye|unboost|[from] ability: Clear Body|[of] p2a: Bull's-eye
|-damage|p2a: Bull's-eye|88/100|[from] Stealth Rock
|turn|8
|inactive|qizrad has 120 seconds left.
|
|t:|1776116212
|switch|p1a: Trouble|Kingambit, M|100/100
|move|p2a: Bull's-eye|Shadow Ball|p1a: Trouble
|-resisted|p1a: Trouble
|-damage|p1a: Trouble|71/100
|
|upkeep
|turn|9
|
|t:|1776116219
|switch|p2a: Loxodonta|Great Tusk|100/100
|-activate|p2a: Loxodonta|move: Sticky Web
|-unboost|p2a: Loxodonta|spe|1
|-damage|p2a: Loxodonta|98/100|[from] Stealth Rock
|move|p1a: Trouble|Sucker Punch||[still]
|-fail|p1a: Trouble
|
|-heal|p2a: Loxodonta|100/100|[from] item: Leftovers
|upkeep
|turn|10
|
|t:|1776116238
|-end|p1a: Trouble|fallenundefined|[silent]
|switch|p1a: Bewitched|Pecharunt|100/100
|-item|p1a: Bewitched|Air Balloon
|move|p2a: Loxodonta|Ice Spinner|p1a: Bewitched
|-damage|p1a: Bewitched|81/100
|-enditem|p1a: Bewitched|Air Balloon
|
|upkeep
|turn|11
|
|t:|1776116247
|switch|p1a: Goddess|Enamorus, F|100/100
|move|p2a: Loxodonta|Headlong Rush|p1a: Goddess
|-immune|p1a: Goddess
|
|upkeep
|turn|12
|
|t:|1776116256
|-end|p2a: Loxodonta|Protosynthesis|[silent]
|switch|p2a: Alchemist|Slowking-Galar, M|90/100
|-activate|p2a: Alchemist|move: Sticky Web
|-unboost|p2a: Alchemist|spe|1
|-damage|p2a: Alchemist|78/100|[from] Stealth Rock
|move|p1a: Goddess|Moonblast|p2a: Alchemist
|-resisted|p2a: Alchemist
|-damage|p2a: Alchemist|57/100
|
|upkeep
|turn|13
|inactive|qizrad has 120 seconds left.
|
|t:|1776116268
|switch|p1a: Promise|Iron Treads|100/100
|move|p2a: Alchemist|Flamethrower|p1a: Promise
|-supereffective|p1a: Promise
|-crit|p1a: Promise
|-damage|p1a: Promise|0 fnt
|faint|p1a: Promise
|-end|p1a: Promise|Quark Drive|[silent]
|
|upkeep
|inactive|qizrad has 120 seconds left.
|
|t:|1776116283
|switch|p1a: Nocturne|Ceruledge, F|100/100
|turn|14
|inactive|Luceo has 120 seconds left.
|inactive|qizrad has 120 seconds left.
|inactive|Luceo has 90 seconds left.
|
|t:|1776116347
|switch|p2a: Voyageur|Corviknight, F|100/100
|-damage|p2a: Voyageur|88/100|[from] Stealth Rock
|-ability|p2a: Voyageur|Pressure
|move|p1a: Nocturne|Poltergeist|p2a: Voyageur
|-activate|p2a: Voyageur|move: Poltergeist|Rocky Helmet
|-damage|p2a: Voyageur|36/100
|-damage|p1a: Nocturne|91/100|[from] item: Life Orb
|
|upkeep
|turn|15
|inactive|qizrad has 120 seconds left.
|
|t:|1776116359
|move|p1a: Nocturne|Bitter Blade|p2a: Voyageur
|-supereffective|p2a: Voyageur
|-damage|p2a: Voyageur|0 fnt
|-heal|p1a: Nocturne|100/100|[from] drain|[of] p2a: Voyageur
|-damage|p1a: Nocturne|84/100|[from] item: Rocky Helmet|[of] p2a: Voyageur
|faint|p2a: Voyageur
|-damage|p1a: Nocturne|74/100|[from] item: Life Orb
|
|upkeep
|
|t:|1776116367
|switch|p2a: Loxodonta|Great Tusk|100/100
|-activate|p2a: Loxodonta|move: Sticky Web
|-unboost|p2a: Loxodonta|spe|1
|-damage|p2a: Loxodonta|98/100|[from] Stealth Rock
|turn|16
|inactive|qizrad has 120 seconds left.
|
|t:|1776116386
|switch|p1a: Bewitched|Pecharunt|81/100
|move|p2a: Loxodonta|Headlong Rush|p1a: Bewitched
|-supereffective|p1a: Bewitched
|-crit|p1a: Bewitched
|-damage|p1a: Bewitched|0 fnt
|-unboost|p2a: Loxodonta|def|1
|-unboost|p2a: Loxodonta|spd|1
|faint|p1a: Bewitched
|
|-heal|p2a: Loxodonta|100/100|[from] item: Leftovers
|upkeep
|inactive|qizrad has 120 seconds left.
|
|t:|1776116399
|switch|p1a: Goddess|Enamorus, F|100/100
|turn|17
|
|t:|1776116406
|-end|p2a: Loxodonta|Protosynthesis|[silent]
|switch|p2a: Alchemist|Slowking-Galar, M|91/100
|-activate|p2a: Alchemist|move: Sticky Web
|-unboost|p2a: Alchemist|spe|1
|-damage|p2a: Alchemist|78/100|[from] Stealth Rock
|move|p1a: Goddess|Earth Power|p2a: Alchemist
|-supereffective|p2a: Alchemist
|-damage|p2a: Alchemist|25/100
|-unboost|p2a: Alchemist|spd|1
|
|upkeep
|turn|18
|
|t:|1776116420
|move|p1a: Goddess|Earth Power|p2a: Alchemist
|-supereffective|p2a: Alchemist
|-damage|p2a: Alchemist|0 fnt
|faint|p2a: Alchemist
|
|upkeep
|
|t:|1776116427
|switch|p2a: Bull's-eye|Dragapult, F|88/100
|-activate|p2a: Bull's-eye|move: Sticky Web
|-fail|p2a: Bull's-eye|unboost|[from] ability: Clear Body|[of] p2a: Bull's-eye
|-damage|p2a: Bull's-eye|76/100|[from] Stealth Rock
|turn|19
|j| Eternity o2
|inactive|qizrad has 120 seconds left.
|
|t:|1776116454
|switch|p1a: Misty|Araquanid, M|36/100
|move|p2a: Bull's-eye|Thunderbolt|p1a: Misty
|-supereffective|p1a: Misty
|-damage|p1a: Misty|0 fnt
|faint|p1a: Misty
|
|upkeep
|inactive|qizrad has 120 seconds left.
|
|t:|1776116460
|switch|p1a: Trouble|Kingambit, M|71/100
|-activate|p1a: Trouble|ability: Supreme Overlord
|-start|p1a: Trouble|fallen3|[silent]
|turn|20
|
|t:|1776116479
|switch|p2a: P!nk|Clefable, F|100/100
|-activate|p2a: P!nk|move: Sticky Web
|-unboost|p2a: P!nk|spe|1
|move|p1a: Trouble|Kowtow Cleave|p2a: P!nk
|-resisted|p2a: P!nk
|-damage|p2a: P!nk|69/100
|
|-heal|p2a: P!nk|75/100|[from] item: Leftovers
|upkeep
|turn|21
|
|t:|1776116501
|move|p1a: Trouble|Iron Head|p2a: P!nk
|-supereffective|p2a: P!nk
|-damage|p2a: P!nk|0 fnt
|faint|p2a: P!nk
|
|upkeep
|
|t:|1776116505
|switch|p2a: Loxodonta|Great Tusk|100/100
|-activate|p2a: Loxodonta|move: Sticky Web
|-unboost|p2a: Loxodonta|spe|1
|-damage|p2a: Loxodonta|98/100|[from] Stealth Rock
|turn|22
|
|t:|1776116524
|-end|p1a: Trouble|fallen3|[silent]
|switch|p1a: Nocturne|Ceruledge, F|74/100
|move|p2a: Loxodonta|Rapid Spin|p1a: Nocturne
|-immune|p1a: Nocturne
|
|-heal|p2a: Loxodonta|100/100|[from] item: Leftovers
|upkeep
|turn|23
|inactive|qizrad has 120 seconds left.
|
|t:|1776116576
|-terastallize|p1a: Nocturne|Fairy
|move|p1a: Nocturne|Tera Blast|p2a: Loxodonta|[anim] Tera Blast Fairy
|-supereffective|p2a: Loxodonta
|-damage|p2a: Loxodonta|12/100
|-damage|p1a: Nocturne|64/100|[from] item: Life Orb
|move|p2a: Loxodonta|Headlong Rush|p1a: Nocturne
|-damage|p1a: Nocturne|0 fnt
|-unboost|p2a: Loxodonta|def|1
|-unboost|p2a: Loxodonta|spd|1
|faint|p1a: Nocturne
|
|-heal|p2a: Loxodonta|18/100|[from] item: Leftovers
|upkeep
|
|t:|1776116584
|switch|p1a: Trouble|Kingambit, M|71/100
|-activate|p1a: Trouble|ability: Supreme Overlord
|-start|p1a: Trouble|fallen4|[silent]
|turn|24
|
|t:|1776116594
|move|p1a: Trouble|Sucker Punch|p2a: Loxodonta
|-resisted|p2a: Loxodonta
|-damage|p2a: Loxodonta|0 fnt
|faint|p2a: Loxodonta
|-end|p2a: Loxodonta|Protosynthesis|[silent]
|
|upkeep
|
|t:|1776116595
|switch|p2a: Bull's-eye|Dragapult, F|76/100
|-activate|p2a: Bull's-eye|move: Sticky Web
|-fail|p2a: Bull's-eye|unboost|[from] ability: Clear Body|[of] p2a: Bull's-eye
|-damage|p2a: Bull's-eye|64/100|[from] Stealth Rock
|turn|25
|
|t:|1776116600
|-terastallize|p2a: Bull's-eye|Ghost
|move|p1a: Trouble|Sucker Punch|p2a: Bull's-eye
|-supereffective|p2a: Bull's-eye
|-damage|p2a: Bull's-eye|0 fnt
|faint|p2a: Bull's-eye
|
|win|qizrad
|raw|qizrad's rating: 1750 &rarr; <strong>1764</strong><br />(+14 for winning)
|raw|Luceo's rating: 1640 &rarr; <strong>1626</strong><br />(-14 for losing)
|c|☆qizrad|`gg
|l|☆Luceo
|player|p2|
