|html|<div class="broadcast-blue"><strong>[Gen 9] OU is currently suspecting Tera Blast! For information on how to participate check out the <a href="https://www.smogon.com/tools/suspects/view/200">suspect thread</a>.</strong></div>
|j|☆wizardrex
|j|☆lucas.nczl
|t:|1776044561
|gametype|singles
|player|p1|wizardrex|265|1263
|player|p2|lucas.nczl|bruno|1198
|gen|9
|tier|[Gen 9] OU
|rated|
|rule|HP Percentage Mod: HP is shown in percentages
|rule|Endless Battle Clause: Forcing endless battles is banned
|rule|Species Clause: Limit one of each Pokémon
|rule|OHKO Clause: OHKO moves are banned
|rule|Evasion Items Clause: Evasion items are banned
|rule|Evasion Moves Clause: Evasion moves are banned
|rule|Evasion Abilities Clause: Evasion abilities are banned
|rule|Sleep Moves Clause: Sleep-inducing moves are banned
|clearpoke
|poke|p1|Kingambit, F|
|poke|p1|Sinistcha|
|poke|p1|Cinderace, F|
|poke|p1|Darkrai|
|poke|p1|Walking Wake|
|poke|p1|Iron Treads|
|poke|p2|Scizor, M|
|poke|p2|Honchkrow, F|
|poke|p2|Chandelure, F|
|poke|p2|Landorus-Therian, M|
|poke|p2|Kingambit, M|
|poke|p2|Great Tusk|
|teampreview
|inactive|Battle timer is ON: inactive players will automatically lose when time's up. (requested by lucas.nczl)
|j| ohko_smeargle
|
|t:|1776044576
|teamsize|p1|6
|teamsize|p2|6
|start
|switch|p1a: Walking Wake|Walking Wake|100/100
|switch|p2a: Landorus|Landorus-Therian, M, shiny|100/100
|-ability|p2a: Landorus|Intimidate|boost
|-unboost|p1a: Walking Wake|atk|1
|-enditem|p1a: Walking Wake|Booster Energy
|-activate|p1a: Walking Wake|ability: Protosynthesis|[fromitem]
|-start|p1a: Walking Wake|protosynthesisspa
|turn|1
|
|t:|1776044586
|move|p1a: Walking Wake|Surf|p2a: Landorus
|-supereffective|p2a: Landorus
|-damage|p2a: Landorus|0 fnt
|faint|p2a: Landorus
|
|upkeep
|
|t:|1776044595
|switch|p2a: Honchkrow|Honchkrow, F, shiny|100/100
|turn|2
|
|t:|1776044600
|move|p1a: Walking Wake|Flip Turn|p2a: Honchkrow
|-damage|p2a: Honchkrow|85/100
|
|t:|1776044604
|-end|p1a: Walking Wake|Protosynthesis|[silent]
|switch|p1a: Iron Treads|Iron Treads|100/100|[from] Flip Turn
|-enditem|p1a: Iron Treads|Booster Energy
|-activate|p1a: Iron Treads|ability: Quark Drive|[fromitem]
|-start|p1a: Iron Treads|quarkdrivespe
|move|p2a: Honchkrow|Drill Peck|p1a: Iron Treads
|-resisted|p1a: Iron Treads
|-damage|p1a: Iron Treads|85/100
|
|upkeep
|turn|3
|inactive|lucas.nczl has 120 seconds left.
|
|t:|1776044650
|switch|p2a: Great Tusk|Great Tusk|100/100
|-enditem|p2a: Great Tusk|Booster Energy
|-activate|p2a: Great Tusk|ability: Protosynthesis|[fromitem]
|-start|p2a: Great Tusk|protosynthesisatk
|move|p1a: Iron Treads|Stealth Rock|p2a: Great Tusk
|-sidestart|p2: lucas.nczl|move: Stealth Rock
|
|upkeep
|turn|4
|
|t:|1776044667
|-end|p1a: Iron Treads|Quark Drive|[silent]
|switch|p1a: Walking Wake|Walking Wake|100/100
|move|p2a: Great Tusk|Rapid Spin|p1a: Walking Wake
|-damage|p1a: Walking Wake|77/100
|-boost|p2a: Great Tusk|spe|1
|-sideend|p2: lucas.nczl|Stealth Rock|[from] move: Rapid Spin|[of] p2a: Great Tusk
|
|upkeep
|turn|5
|inactive|lucas.nczl has 90 seconds left.
|
|t:|1776044701
|move|p2a: Great Tusk|Close Combat|p1a: Walking Wake
|-damage|p1a: Walking Wake|0 fnt
|-unboost|p2a: Great Tusk|def|1
|-unboost|p2a: Great Tusk|spd|1
|faint|p1a: Walking Wake
|-end|p1a: Walking Wake|Protosynthesis|[silent]
|
|upkeep
|
|t:|1776044716
|switch|p1a: Sinistcha|Sinistcha|100/100
|turn|6
|inactive|lucas.nczl has 90 seconds left.
|inactive|lucas.nczl has 60 seconds left.
|
|t:|1776044774
|move|p2a: Great Tusk|Ice Spinner|p1a: Sinistcha
|-supereffective|p1a: Sinistcha
|-damage|p1a: Sinistcha|14/100
|move|p1a: Sinistcha|Matcha Gotcha|p2a: Great Tusk|[miss]
|-miss|p1a: Sinistcha|p2a: Great Tusk
|
|-heal|p1a: Sinistcha|20/100|[from] item: Leftovers
|upkeep
|turn|7
|
|t:|1776044783
|move|p2a: Great Tusk|Ice Spinner|p1a: Sinistcha
|-supereffective|p1a: Sinistcha
|-damage|p1a: Sinistcha|0 fnt
|faint|p1a: Sinistcha
|
|upkeep
|
|t:|1776044787
|switch|p1a: Kingambit|Kingambit, F|100/100
|-activate|p1a: Kingambit|ability: Supreme Overlord
|-start|p1a: Kingambit|fallen2|[silent]
|turn|8
|inactive|lucas.nczl has 60 seconds left.
|
|t:|1776044818
|-terastallize|p1a: Kingambit|Flying
|move|p2a: Great Tusk|Close Combat|p1a: Kingambit
|-resisted|p1a: Kingambit
|-damage|p1a: Kingambit|72/100
|-unboost|p2a: Great Tusk|def|1
|-unboost|p2a: Great Tusk|spd|1
|move|p1a: Kingambit|Iron Head|p2a: Great Tusk
|-damage|p2a: Great Tusk|19/100
|
|upkeep
|turn|9
|
|t:|1776044828
|move|p2a: Great Tusk|Ice Spinner|p1a: Kingambit
|-supereffective|p1a: Kingambit
|-damage|p1a: Kingambit|17/100
|move|p1a: Kingambit|Iron Head|p2a: Great Tusk
|-damage|p2a: Great Tusk|0 fnt
|faint|p2a: Great Tusk
|-end|p2a: Great Tusk|Protosynthesis|[silent]
|
|upkeep
|
|t:|1776044839
|switch|p2a: Scizor|Scizor, M, shiny|100/100
|turn|10
|
|t:|1776044842
|move|p2a: Scizor|Bullet Punch|p1a: Kingambit
|-damage|p1a: Kingambit|0 fnt
|faint|p1a: Kingambit
|-end|p1a: Kingambit|fallen2|[silent]
|
|upkeep
|
|t:|1776044844
|switch|p1a: Cinderace|Cinderace, F|100/100
|turn|11
|
|t:|1776044859
|switch|p2a: Chandelure|Chandelure, F, shiny|100/100
|move|p1a: Cinderace|Pyro Ball|p2a: Chandelure
|-start|p2a: Chandelure|ability: Flash Fire
|
|upkeep
|turn|12
|
|t:|1776044870
|switch|p1a: Iron Treads|Iron Treads|85/100
|move|p2a: Chandelure|Shadow Ball|p1a: Iron Treads
|-damage|p1a: Iron Treads|32/100
|
|upkeep
|turn|13
|
|t:|1776044877
|-end|p2a: Chandelure|ability: Flash Fire|[silent]
|switch|p2a: Honchkrow|Honchkrow, F, shiny|85/100
|move|p1a: Iron Treads|Earthquake|p2a: Honchkrow
|-immune|p2a: Honchkrow
|
|upkeep
|turn|14
|inactive|lucas.nczl has 60 seconds left.
|
|t:|1776044884
|move|p2a: Honchkrow|Sucker Punch|p1a: Iron Treads
|-damage|p1a: Iron Treads|4/100
|move|p1a: Iron Treads|Volt Switch|p2a: Honchkrow
|-supereffective|p2a: Honchkrow
|-damage|p2a: Honchkrow|55/100
|
|t:|1776044889
|-end|p1a: Iron Treads|Quark Drive|[silent]
|switch|p1a: Darkrai|Darkrai|100/100|[from] Volt Switch
|
|upkeep
|turn|15
|inactive|lucas.nczl has 60 seconds left.
|
|t:|1776044928
|move|p1a: Darkrai|Ice Beam|p2a: Honchkrow
|-supereffective|p2a: Honchkrow
|-crit|p2a: Honchkrow
|-damage|p2a: Honchkrow|0 fnt
|faint|p2a: Honchkrow
|
|upkeep
|
|t:|1776044933
|switch|p2a: Scizor|Scizor, M, shiny|100/100
|turn|16
|
|t:|1776044936
|switch|p1a: Iron Treads|Iron Treads|4/100
|move|p2a: Scizor|Close Combat|p1a: Iron Treads
|-supereffective|p1a: Iron Treads
|-damage|p1a: Iron Treads|0 fnt
|-unboost|p2a: Scizor|def|1
|-unboost|p2a: Scizor|spd|1
|faint|p1a: Iron Treads
|-end|p1a: Iron Treads|Quark Drive|[silent]
|
|upkeep
|
|t:|1776044944
|switch|p1a: Cinderace|Cinderace, F|100/100
|turn|17
|inactive|lucas.nczl has 60 seconds left.
|inactive|wizardrex has 120 seconds left.
|inactive|lucas.nczl has 30 seconds left.
|
|t:|1776044988
|switch|p2a: Chandelure|Chandelure, F, shiny|100/100
|move|p1a: Cinderace|Zen Headbutt|p2a: Chandelure
|-start|p1a: Cinderace|typechange|Psychic|[from] ability: Libero
|-damage|p2a: Chandelure|22/100
|
|upkeep
|turn|18
|inactive|wizardrex has 120 seconds left.
|inactive|lucas.nczl has 30 seconds left.
|
|t:|1776045000
|move|p1a: Cinderace|Zen Headbutt|p2a: Chandelure
|-damage|p2a: Chandelure|0 fnt
|faint|p2a: Chandelure
|
|upkeep
|inactive|lucas.nczl has 30 seconds left.
|
|t:|1776045007
|switch|p2a: Kingambit|Kingambit, M, shiny|100/100
|-activate|p2a: Kingambit|ability: Supreme Overlord
|-start|p2a: Kingambit|fallen4|[silent]
|turn|19
|
|t:|1776045017
|switch|p1a: Darkrai|Darkrai|100/100
|-terastallize|p2a: Kingambit|Dark
|move|p2a: Kingambit|Sucker Punch||[still]
|-fail|p2a: Kingambit
|
|upkeep
|turn|20
|inactive|wizardrex has 120 seconds left.
|inactive|wizardrex has 90 seconds left.
|
|t:|1776045070
|move|p1a: Darkrai|Nasty Plot|p1a: Darkrai
|-boost|p1a: Darkrai|spa|2
|move|p2a: Kingambit|Low Sweep|p1a: Darkrai
|-supereffective|p1a: Darkrai
|-damage|p1a: Darkrai|13/100
|-unboost|p1a: Darkrai|spe|1
|
|upkeep
|turn|21
|inactive|wizardrex has 90 seconds left.
|
|t:|1776045091
|move|p2a: Kingambit|Sucker Punch|p1a: Darkrai
|-resisted|p1a: Darkrai
|-damage|p1a: Darkrai|0 fnt
|faint|p1a: Darkrai
|
|upkeep
|
|t:|1776045094
|switch|p1a: Cinderace|Cinderace, F|100/100
|turn|22
|inactive|wizardrex has 90 seconds left.
|
|t:|1776045109
|move|p2a: Kingambit|Sucker Punch|p1a: Cinderace
|-damage|p1a: Cinderace|0 fnt
|faint|p1a: Cinderace
|
|win|lucas.nczl
|raw|wizardrex's rating: 1263 &rarr; <strong>1233</strong><br />(-30 for losing)
|raw|lucas.nczl's rating: 1198 &rarr; <strong>1228</strong><br />(+30 for winning)
|l| ohko_smeargle
|l|☆wizardrex
|player|p1|
|l|☆lucas.nczl
|player|p2|
