|html|<div class="broadcast-blue"><strong>[Gen 9] OU is currently suspecting Tera Blast! For information on how to participate check out the <a href="https://www.smogon.com/tools/suspects/view/200">suspect thread</a>.</strong></div>
|j|☆hawker_mk5
|j|☆rekka auto
|t:|1776099494
|gametype|singles
|player|p1|hawker_mk5|volkner|1575
|player|p2|rekka auto|drayden|1623
|gen|9
|tier|[Gen 9] OU
|rated|
|rule|HP Percentage Mod: HP is shown in percentages
|rule|Endless Battle Clause: Forcing endless battles is banned
|rule|Species Clause: Limit one of each Pokémon
|rule|OHKO Clause: OHKO moves are banned
|rule|Evasion Items Clause: Evasion items are banned
|rule|Evasion Moves Clause: Evasion moves are banned
|rule|Evasion Abilities Clause: Evasion abilities are banned
|rule|Sleep Moves Clause: Sleep-inducing moves are banned
|clearpoke
|poke|p1|Scizor, M|
|poke|p1|Great Tusk|
|poke|p1|Primarina, M|
|poke|p1|Kyurem|
|poke|p1|Zapdos|
|poke|p1|Gengar, F|
|poke|p2|Okidogi, M|
|poke|p2|Gholdengo|
|poke|p2|Meowscarada, F|
|poke|p2|Dragonite, M|
|poke|p2|Comfey, F|
|poke|p2|Ting-Lu|
|teampreview
|inactive|Battle timer is ON: inactive players will automatically lose when time's up. (requested by rekka auto)
|
|t:|1776099506
|teamsize|p1|6
|teamsize|p2|6
|start
|switch|p1a: Gengar|Gengar, F|100/100
|switch|p2a: Okidogi|Okidogi, M|100/100
|turn|1
|inactive|hawker_mk5 has 120 seconds left.
|
|t:|1776099536
|switch|p1a: Great Tusk|Great Tusk|100/100
|move|p2a: Okidogi|Knock Off|p1a: Great Tusk
|-resisted|p1a: Great Tusk
|-damage|p1a: Great Tusk|90/100
|-enditem|p1a: Great Tusk|Leftovers|[from] move: Knock Off|[of] p2a: Okidogi
|
|upkeep
|turn|2
|
|t:|1776099543
|switch|p2a: Dragonite|Dragonite, M|100/100
|move|p1a: Great Tusk|Stealth Rock|p2a: Dragonite
|-sidestart|p2: rekka auto|move: Stealth Rock
|
|upkeep
|turn|3
|
|t:|1776099547
|move|p1a: Great Tusk|Ice Spinner|p2a: Dragonite
|-supereffective|p2a: Dragonite
|-damage|p2a: Dragonite|35/100
|move|p2a: Dragonite|Dragon Dance|p2a: Dragonite
|-boost|p2a: Dragonite|atk|1
|-boost|p2a: Dragonite|spe|1
|
|upkeep
|turn|4
|
|t:|1776099555
|move|p2a: Dragonite|Scale Shot|p1a: Great Tusk
|-damage|p1a: Great Tusk|74/100
|-damage|p1a: Great Tusk|56/100
|-damage|p1a: Great Tusk|40/100
|-damage|p1a: Great Tusk|25/100
|-hitcount|p1a: Great Tusk|4
|-unboost|p2a: Dragonite|def|1
|-boost|p2a: Dragonite|spe|1
|move|p1a: Great Tusk|Rapid Spin|p2a: Dragonite
|-crit|p2a: Dragonite
|-damage|p2a: Dragonite|0 fnt
|-boost|p1a: Great Tusk|spe|1
|faint|p2a: Dragonite
|
|upkeep
|
|t:|1776099559
|switch|p2a: Meowscarada|Meowscarada, F|100/100
|-damage|p2a: Meowscarada|88/100|[from] Stealth Rock
|turn|5
|
|t:|1776099565
|-end|p1a: Great Tusk|Protosynthesis|[silent]
|switch|p1a: Zapdos|Zapdos|100/100
|move|p2a: Meowscarada|Flower Trick|p1a: Zapdos
|-start|p2a: Meowscarada|typechange|Grass|[from] ability: Protean
|-resisted|p1a: Zapdos
|-crit|p1a: Zapdos
|-damage|p1a: Zapdos|77/100
|
|upkeep
|turn|6
|
|t:|1776099575
|switch|p2a: Ting-Lu|Ting-Lu|100/100
|-damage|p2a: Ting-Lu|94/100|[from] Stealth Rock
|-ability|p2a: Ting-Lu|Vessel of Ruin
|switch|p1a: Gengar|Gengar, F|100/100
|
|-heal|p2a: Ting-Lu|100/100|[from] item: Leftovers
|upkeep
|turn|7
|
|t:|1776099584
|move|p1a: Gengar|Trick|p2a: Ting-Lu
|-activate|p1a: Gengar|move: Trick|[of] p2a: Ting-Lu
|-item|p2a: Ting-Lu|Choice Scarf|[from] move: Trick
|-item|p1a: Gengar|Leftovers|[from] move: Trick
|move|p2a: Ting-Lu|Stealth Rock|p1a: Gengar
|-sidestart|p1: hawker_mk5|move: Stealth Rock
|
|upkeep
|turn|8
|
|t:|1776099596
|switch|p2a: Gholdengo|Gholdengo|100/100
|-damage|p2a: Gholdengo|94/100|[from] Stealth Rock
|move|p1a: Gengar|Shadow Ball|p2a: Gholdengo
|-supereffective|p2a: Gholdengo
|-damage|p2a: Gholdengo|8/100
|
|-heal|p2a: Gholdengo|14/100|[from] item: Leftovers
|upkeep
|turn|9
|
|t:|1776099601
|move|p1a: Gengar|Shadow Ball|p2a: Gholdengo
|-supereffective|p2a: Gholdengo
|-damage|p2a: Gholdengo|0 fnt
|faint|p2a: Gholdengo
|
|upkeep
|
|t:|1776099603
|switch|p2a: Okidogi|Okidogi, M|100/100
|-damage|p2a: Okidogi|94/100|[from] Stealth Rock
|turn|10
|
|t:|1776099615
|switch|p1a: Zapdos|Zapdos|77/100
|move|p2a: Okidogi|Bulk Up|p2a: Okidogi
|-boost|p2a: Okidogi|atk|1
|-boost|p2a: Okidogi|def|1
|
|-heal|p2a: Okidogi|100/100|[from] item: Leftovers
|upkeep
|turn|11
|
|t:|1776099623
|move|p1a: Zapdos|Discharge|p2a: Okidogi
|-damage|p2a: Okidogi|65/100
|-status|p2a: Okidogi|par
|move|p2a: Okidogi|Ice Punch|p1a: Zapdos
|-supereffective|p1a: Zapdos
|-damage|p1a: Zapdos|8/100
|-status|p1a: Zapdos|frz
|
|-heal|p2a: Okidogi|71/100 par|[from] item: Leftovers
|upkeep
|turn|12
|
|t:|1776099637
|cant|p1a: Zapdos|frz
|move|p2a: Okidogi|Drain Punch|p1a: Zapdos
|-resisted|p1a: Zapdos
|-damage|p1a: Zapdos|0 fnt
|-heal|p2a: Okidogi|75/100 par|[from] drain|[of] p1a: Zapdos
|faint|p1a: Zapdos
|
|-heal|p2a: Okidogi|81/100 par|[from] item: Leftovers
|upkeep
|
|t:|1776099642
|switch|p1a: Great Tusk|Great Tusk|25/100
|-damage|p1a: Great Tusk|22/100|[from] Stealth Rock
|turn|13
|
|t:|1776099645
|move|p1a: Great Tusk|Rapid Spin|p2a: Okidogi
|-damage|p2a: Okidogi|72/100 par
|-boost|p1a: Great Tusk|spe|1
|-sideend|p1: hawker_mk5|Stealth Rock|[from] move: Rapid Spin|[of] p1a: Great Tusk
|cant|p2a: Okidogi|par
|
|-heal|p2a: Okidogi|78/100 par|[from] item: Leftovers
|upkeep
|turn|14
|
|t:|1776099652
|move|p1a: Great Tusk|Headlong Rush|p2a: Okidogi
|-supereffective|p2a: Okidogi
|-damage|p2a: Okidogi|8/100 par
|-unboost|p1a: Great Tusk|def|1
|-unboost|p1a: Great Tusk|spd|1
|move|p2a: Okidogi|Ice Punch|p1a: Great Tusk
|-supereffective|p1a: Great Tusk
|-damage|p1a: Great Tusk|0 fnt
|faint|p1a: Great Tusk
|-end|p1a: Great Tusk|Protosynthesis|[silent]
|
|-heal|p2a: Okidogi|14/100 par|[from] item: Leftovers
|upkeep
|
|t:|1776099669
|switch|p1a: Primarina|Primarina, M|100/100
|turn|15
|
|t:|1776099677
|move|p1a: Primarina|Surf|p2a: Okidogi
|-damage|p2a: Okidogi|0 fnt
|faint|p2a: Okidogi
|
|upkeep
|
|t:|1776099680
|switch|p2a: Comfey|Comfey, F|100/100
|-damage|p2a: Comfey|88/100|[from] Stealth Rock
|turn|16
|
|t:|1776099685
|move|p2a: Comfey|Calm Mind|p2a: Comfey
|-boost|p2a: Comfey|spa|1
|-boost|p2a: Comfey|spd|1
|move|p1a: Primarina|Psychic Noise|p2a: Comfey
|-damage|p2a: Comfey|67/100
|-start|p2a: Comfey|move: Heal Block
|
|upkeep
|turn|17
|
|t:|1776099689
|move|p2a: Comfey|Calm Mind|p2a: Comfey
|-boost|p2a: Comfey|spa|1
|-boost|p2a: Comfey|spd|1
|move|p1a: Primarina|Flip Turn|p2a: Comfey
|-damage|p2a: Comfey|49/100
|
|t:|1776099695
|switch|p1a: Scizor|Scizor, M|100/100|[from] Flip Turn
|
|-end|p2a: Comfey|move: Heal Block
|upkeep
|turn|18
|
|t:|1776099705
|-terastallize|p2a: Comfey|Ground
|move|p2a: Comfey|Synthesis|p2a: Comfey
|-heal|p2a: Comfey|99/100
|move|p1a: Scizor|Bullet Punch|p2a: Comfey
|-damage|p2a: Comfey|36/100
|
|upkeep
|turn|19
|-message|rekka auto forfeited.
|
|win|hawker_mk5
|raw|hawker_mk5's rating: 1575 &rarr; <strong>1598</strong><br />(+23 for winning)
|raw|rekka auto's rating: 1623 &rarr; <strong>1600</strong><br />(-23 for losing)
|l|☆rekka auto
|player|p2|
|l|☆hawker_mk5
|player|p1|
