|html|<div class="broadcast-blue"><strong>[Gen 9] OU is currently suspecting Volcarona! For information on how to participate check out the <a href="https://www.smogon.com/tools/suspects/view/208">suspect thread</a>.</strong></div>
|j|‽itiksane
|j|☆Youhadtodidntyou
|t:|1778502927
|gametype|singles
|player|p1|itiksane|265|1092
|player|p2|Youhadtodidntyou|hiker-gen4|1114
|gen|9
|tier|[Gen 9] OU
|rated|
|rule|HP Percentage Mod: HP is shown in percentages
|rule|Endless Battle Clause: Forcing endless battles is banned
|rule|Species Clause: Limit one of each Pokémon
|rule|OHKO Clause: OHKO moves are banned
|rule|Evasion Items Clause: Evasion items are banned
|rule|Evasion Moves Clause: Evasion moves are banned
|rule|Evasion Abilities Clause: Evasion abilities are banned
|rule|Sleep Moves Clause: Sleep-inducing moves are banned
|clearpoke
|poke|p1|Magmortar, M|
|poke|p1|Azelf|
|poke|p1|Yanmega, F|
|poke|p1|Rampardos, F|
|poke|p1|Cyclizar, F|
|poke|p1|Bruxish, F|
|poke|p2|Gholdengo|
|poke|p2|Gliscor, F|
|poke|p2|Zamazenta-*|
|poke|p2|Dondozo, M|
|poke|p2|Iron Valiant|
|poke|p2|Great Tusk|
|teampreview
|
|t:|1778502948
|teamsize|p1|6
|teamsize|p2|6
|start
|switch|p1a: Yanmega|Yanmega, F|100/100
|switch|p2a: Iron Valiant|Iron Valiant|100/100
|-enditem|p2a: Iron Valiant|Booster Energy
|-activate|p2a: Iron Valiant|ability: Quark Drive|[fromitem]
|-start|p2a: Iron Valiant|quarkdriveatk
|turn|1
|
|t:|1778502961
|switch|p1a: Magmortar|Magmortar, M|100/100
|move|p2a: Iron Valiant|Taunt|p1a: Magmortar
|-start|p1a: Magmortar|move: Taunt
|
|upkeep
|turn|2
|
|t:|1778502977
|-end|p2a: Iron Valiant|Quark Drive|[silent]
|switch|p2a: Dondozo|Dondozo, M|100/100
|move|p1a: Magmortar|Flame Charge|p2a: Dondozo
|-resisted|p2a: Dondozo
|-damage|p2a: Dondozo|94/100
|-boost|p1a: Magmortar|spe|1
|
|-heal|p2a: Dondozo|99/100|[from] item: Leftovers
|upkeep
|turn|3
|
|t:|1778502989
|move|p1a: Magmortar|Knock Off|p2a: Dondozo
|-damage|p2a: Dondozo|84/100
|-enditem|p2a: Dondozo|Leftovers|[from] move: Knock Off|[of] p1a: Magmortar
|move|p2a: Dondozo|Wave Crash|p1a: Magmortar
|-supereffective|p1a: Magmortar
|-damage|p1a: Magmortar|0 fnt
|faint|p1a: Magmortar
|-damage|p2a: Dondozo|65/100|[from] Recoil
|
|upkeep
|
|t:|1778503000
|switch|p1a: Azelf|Azelf|100/100
|turn|4
|
|t:|1778503015
|move|p1a: Azelf|Stealth Rock|p2a: Dondozo
|-sidestart|p2: Youhadtodidntyou|move: Stealth Rock
|move|p2a: Dondozo|Curse|p2a: Dondozo
|-unboost|p2a: Dondozo|spe|1
|-boost|p2a: Dondozo|atk|1
|-boost|p2a: Dondozo|def|1
|
|upkeep
|turn|5
|
|t:|1778503022
|move|p1a: Azelf|Explosion|p2a: Dondozo
|-damage|p2a: Dondozo|33/100
|faint|p1a: Azelf
|move|p2a: Dondozo|Curse|p2a: Dondozo
|-unboost|p2a: Dondozo|spe|1
|-boost|p2a: Dondozo|atk|1
|-boost|p2a: Dondozo|def|1
|
|upkeep
|
|t:|1778503030
|switch|p1a: Yanmega|Yanmega, F|100/100
|turn|6
|
|t:|1778503038
|-terastallize|p1a: Yanmega|Bug
|move|p1a: Yanmega|Bug Buzz|p2a: Dondozo
|-damage|p2a: Dondozo|0 fnt
|faint|p2a: Dondozo
|
|upkeep
|
|t:|1778503048
|switch|p2a: Great Tusk|Great Tusk|100/100
|-damage|p2a: Great Tusk|98/100|[from] Stealth Rock
|-enditem|p2a: Great Tusk|Booster Energy
|-activate|p2a: Great Tusk|ability: Protosynthesis|[fromitem]
|-start|p2a: Great Tusk|protosynthesisatk
|turn|7
|
|t:|1778503057
|move|p1a: Yanmega|Bug Buzz|p2a: Great Tusk
|-resisted|p2a: Great Tusk
|-damage|p2a: Great Tusk|0 fnt
|faint|p2a: Great Tusk
|-end|p2a: Great Tusk|Protosynthesis|[silent]
|
|upkeep
|
|t:|1778503063
|switch|p2a: Gholdengo|Gholdengo|100/100
|-damage|p2a: Gholdengo|94/100|[from] Stealth Rock
|-item|p2a: Gholdengo|Air Balloon
|turn|8
|
|t:|1778503096
|switch|p1a: Cyclizar|Cyclizar, F|100/100
|move|p2a: Gholdengo|Make It Rain|p1a: Cyclizar
|-damage|p1a: Cyclizar|0 fnt
|-unboost|p2a: Gholdengo|spa|1
|faint|p1a: Cyclizar
|
|upkeep
|
|t:|1778503112
|switch|p1a: Bruxish|Bruxish, F|100/100
|turn|9
|
|t:|1778503121
|move|p1a: Bruxish|Swords Dance|p1a: Bruxish
|-boost|p1a: Bruxish|atk|2
|move|p2a: Gholdengo|Nasty Plot|p2a: Gholdengo
|-boost|p2a: Gholdengo|spa|2
|
|upkeep
|turn|10
|
|t:|1778503134
|move|p1a: Bruxish|Crunch|p2a: Gholdengo
|-supereffective|p2a: Gholdengo
|-damage|p2a: Gholdengo|7/100
|-enditem|p2a: Gholdengo|Air Balloon
|move|p2a: Gholdengo|Shadow Ball|p1a: Bruxish
|-supereffective|p1a: Bruxish
|-enditem|p1a: Bruxish|Focus Sash
|-damage|p1a: Bruxish|1/100
|
|upkeep
|turn|11
|
|t:|1778503150
|switch|p2a: Iron Valiant|Iron Valiant|100/100
|-damage|p2a: Iron Valiant|94/100|[from] Stealth Rock
|move|p1a: Bruxish|Psychic Fangs|p2a: Iron Valiant
|-supereffective|p2a: Iron Valiant
|-damage|p2a: Iron Valiant|0 fnt
|faint|p2a: Iron Valiant
|-end|p2a: Iron Valiant|Quark Drive|[silent]
|
|upkeep
|
|t:|1778503156
|switch|p2a: Gliscor|Gliscor, F|100/100
|-damage|p2a: Gliscor|88/100|[from] Stealth Rock
|turn|12
|
|t:|1778503160
|move|p1a: Bruxish|Wave Crash|p2a: Gliscor
|-supereffective|p2a: Gliscor
|-damage|p2a: Gliscor|0 fnt
|faint|p2a: Gliscor
|-damage|p1a: Bruxish|0 fnt|[from] Recoil
|faint|p1a: Bruxish
|
|upkeep
|
|t:|1778503173
|switch|p1a: Yanmega|Yanmega, F, tera:Bug|100/100
|switch|p2a: Gholdengo|Gholdengo|7/100
|-damage|p2a: Gholdengo|0 fnt|[from] Stealth Rock
|faint|p2a: Gholdengo
|
|t:|1778503179
|switch|p2a: Zamazenta|Zamazenta|100/100
|-damage|p2a: Zamazenta|94/100|[from] Stealth Rock
|-ability|p2a: Zamazenta|Dauntless Shield|boost
|-boost|p2a: Zamazenta|def|1
|turn|13
|
|t:|1778503186
|move|p2a: Zamazenta|Iron Defense|p2a: Zamazenta
|-boost|p2a: Zamazenta|def|2
|move|p1a: Yanmega|Bug Buzz|p2a: Zamazenta
|-resisted|p2a: Zamazenta
|-damage|p2a: Zamazenta|19/100
|
|-heal|p2a: Zamazenta|25/100|[from] item: Leftovers
|upkeep
|turn|14
|
|t:|1778503207
|move|p2a: Zamazenta|Iron Defense|p2a: Zamazenta
|-boost|p2a: Zamazenta|def|2
|move|p1a: Yanmega|Bug Buzz|p2a: Zamazenta
|-resisted|p2a: Zamazenta
|-damage|p2a: Zamazenta|0 fnt
|faint|p2a: Zamazenta
|
|win|itiksane
|raw|itiksane's rating: 1092 &rarr; <strong>1120</strong><br />(+28 for winning)
|raw|Youhadtodidntyou's rating: 1114 &rarr; <strong>1087</strong><br />(-27 for losing)
|l|‽itiksane
|player|p1|
|l|☆Youhadtodidntyou
|player|p2|
