|html|<div class="broadcast-blue"><strong>[Gen 9] OU is currently suspecting Tera Blast! For information on how to participate check out the <a href="https://www.smogon.com/tools/suspects/view/200">suspect thread</a>.</strong></div>
|j|☆Velisdeath
|j|☆calacon
|t:|1776117047
|gametype|singles
|player|p1|Velisdeath|benga|1137
|player|p2|calacon|steven|1165
|gen|9
|tier|[Gen 9] OU
|rated|
|rule|HP Percentage Mod: HP is shown in percentages
|rule|Endless Battle Clause: Forcing endless battles is banned
|rule|Species Clause: Limit one of each Pokémon
|rule|OHKO Clause: OHKO moves are banned
|rule|Evasion Items Clause: Evasion items are banned
|rule|Evasion Moves Clause: Evasion moves are banned
|rule|Evasion Abilities Clause: Evasion abilities are banned
|rule|Sleep Moves Clause: Sleep-inducing moves are banned
|clearpoke
|poke|p1|Armarouge, F|
|poke|p1|Rhyperior, F|
|poke|p1|Magnezone|
|poke|p1|Quaquaval, F|
|poke|p1|Salamence, M|
|poke|p1|Ninetales-Alola, M|
|poke|p2|Bastiodon, F|
|poke|p2|Gallade, M|
|poke|p2|Florges, F|
|poke|p2|Jirachi|
|poke|p2|Porygon-Z|
|poke|p2|Copperajah, F|
|teampreview
|inactive|Battle timer is ON: inactive players will automatically lose when time's up. (requested by calacon)
|
|t:|1776117050
|teamsize|p1|6
|teamsize|p2|6
|start
|switch|p1a: Rhyperior|Rhyperior, F|100/100
|switch|p2a: Copperajah|Copperajah, F|100/100
|turn|1
|
|t:|1776117053
|move|p1a: Rhyperior|Earthquake|p2a: Copperajah
|-supereffective|p2a: Copperajah
|-damage|p2a: Copperajah|0 fnt
|faint|p2a: Copperajah
|
|upkeep
|
|t:|1776117062
|switch|p2a: Bastiodon|Bastiodon, F, shiny|100/100
|turn|2
|
|t:|1776117066
|-terastallize|p2a: Bastiodon|Flying
|move|p1a: Rhyperior|Earthquake|p2a: Bastiodon
|-immune|p2a: Bastiodon
|move|p2a: Bastiodon|Iron Defense|p2a: Bastiodon
|-boost|p2a: Bastiodon|def|2
|
|upkeep
|turn|3
|
|t:|1776117075
|move|p2a: Bastiodon|Body Press|p1a: Rhyperior
|-supereffective|p1a: Rhyperior
|-damage|p1a: Rhyperior|27/100
|-enditem|p1a: Rhyperior|Weakness Policy
|-boost|p1a: Rhyperior|atk|2|[from] item: Weakness Policy
|-boost|p1a: Rhyperior|spa|2|[from] item: Weakness Policy
|move|p1a: Rhyperior|Avalanche|p2a: Bastiodon
|-supereffective|p2a: Bastiodon
|-damage|p2a: Bastiodon|53/100
|
|-heal|p2a: Bastiodon|59/100|[from] item: Leftovers
|upkeep
|turn|4
|
|t:|1776117093
|move|p2a: Bastiodon|Body Press|p1a: Rhyperior
|-supereffective|p1a: Rhyperior
|-damage|p1a: Rhyperior|0 fnt
|faint|p1a: Rhyperior
|
|-heal|p2a: Bastiodon|65/100|[from] item: Leftovers
|upkeep
|
|t:|1776117098
|switch|p1a: Magnezone|Magnezone|100/100
|turn|5
|
|t:|1776117103
|move|p1a: Magnezone|Thunderbolt|p2a: Bastiodon
|-supereffective|p2a: Bastiodon
|-damage|p2a: Bastiodon|0 fnt
|faint|p2a: Bastiodon
|
|upkeep
|
|t:|1776117114
|switch|p2a: Florges|Florges, F, shiny|100/100
|turn|6
|
|t:|1776117122
|move|p2a: Florges|Calm Mind|p2a: Florges
|-boost|p2a: Florges|spa|1
|-boost|p2a: Florges|spd|1
|move|p1a: Magnezone|Flash Cannon|p2a: Florges
|-supereffective|p2a: Florges
|-damage|p2a: Florges|58/100
|
|-heal|p2a: Florges|64/100|[from] item: Leftovers
|upkeep
|turn|7
|inactive|Velisdeath has 120 seconds left.
|
|t:|1776117156
|move|p2a: Florges|Calm Mind|p2a: Florges
|-boost|p2a: Florges|spa|1
|-boost|p2a: Florges|spd|1
|move|p1a: Magnezone|Flash Cannon|p2a: Florges
|-supereffective|p2a: Florges
|-damage|p2a: Florges|34/100
|-unboost|p2a: Florges|spd|1
|
|-heal|p2a: Florges|40/100|[from] item: Leftovers
|upkeep
|turn|8
|
|t:|1776117161
|move|p2a: Florges|Calm Mind|p2a: Florges
|-boost|p2a: Florges|spa|1
|-boost|p2a: Florges|spd|1
|move|p1a: Magnezone|Thunder Wave|p2a: Florges
|-status|p2a: Florges|par
|
|-heal|p2a: Florges|47/100 par|[from] item: Leftovers
|upkeep
|turn|9
|
|t:|1776117167
|move|p1a: Magnezone|Flash Cannon|p2a: Florges
|-supereffective|p2a: Florges
|-damage|p2a: Florges|23/100 par
|cant|p2a: Florges|par
|
|-heal|p2a: Florges|29/100 par|[from] item: Leftovers
|upkeep
|turn|10
|
|t:|1776117192
|move|p1a: Magnezone|Flash Cannon|p2a: Florges
|-supereffective|p2a: Florges
|-damage|p2a: Florges|7/100 par
|move|p2a: Florges|Giga Drain|p1a: Magnezone
|-resisted|p1a: Magnezone
|-damage|p1a: Magnezone|76/100
|-heal|p2a: Florges|19/100 par|[from] drain|[of] p1a: Magnezone
|
|-heal|p2a: Florges|25/100 par|[from] item: Leftovers
|upkeep
|turn|11
|
|t:|1776117197
|move|p1a: Magnezone|Flash Cannon|p2a: Florges
|-supereffective|p2a: Florges
|-damage|p2a: Florges|3/100 par
|cant|p2a: Florges|par
|
|-heal|p2a: Florges|9/100 par|[from] item: Leftovers
|upkeep
|turn|12
|inactive|Velisdeath has 120 seconds left.
|
|t:|1776117235
|move|p1a: Magnezone|Flash Cannon|p2a: Florges
|-supereffective|p2a: Florges
|-damage|p2a: Florges|0 fnt
|faint|p2a: Florges
|
|upkeep
|
|t:|1776117237
|switch|p2a: Jirachi|Jirachi|100/100
|turn|13
|
|t:|1776117247
|move|p2a: Jirachi|Iron Head|p1a: Magnezone
|-resisted|p1a: Magnezone
|-damage|p1a: Magnezone|71/100
|cant|p1a: Magnezone|flinch
|
|upkeep
|turn|14
|inactive|Velisdeath has 120 seconds left.
|
|t:|1776117263
|move|p2a: Jirachi|Calm Mind|p2a: Jirachi
|-boost|p2a: Jirachi|spa|1
|-boost|p2a: Jirachi|spd|1
|move|p1a: Magnezone|Thunder Wave|p2a: Jirachi
|-status|p2a: Jirachi|par
|
|upkeep
|turn|15
|
|t:|1776117272
|switch|p1a: Armarouge|Armarouge, F|100/100
|cant|p2a: Jirachi|par
|
|upkeep
|turn|16
|
|t:|1776117275
|move|p1a: Armarouge|Armor Cannon|p2a: Jirachi
|-supereffective|p2a: Jirachi
|-damage|p2a: Jirachi|24/100 par
|-unboost|p1a: Armarouge|def|1
|-unboost|p1a: Armarouge|spd|1
|move|p2a: Jirachi|Stored Power|p1a: Armarouge
|-resisted|p1a: Armarouge
|-damage|p1a: Armarouge|73/100
|
|-heal|p2a: Jirachi|30/100 par|[from] item: Leftovers
|upkeep
|turn|17
|
|t:|1776117280
|move|p1a: Armarouge|Armor Cannon|p2a: Jirachi
|-supereffective|p2a: Jirachi
|-damage|p2a: Jirachi|0 fnt
|-unboost|p1a: Armarouge|def|1
|-unboost|p1a: Armarouge|spd|1
|faint|p2a: Jirachi
|
|upkeep
|
|t:|1776117283
|switch|p2a: Porygon-Z|Porygon-Z|100/100
|turn|18
|
|t:|1776117299
|move|p2a: Porygon-Z|Tri Attack|p1a: Armarouge
|-damage|p1a: Armarouge|0 fnt
|faint|p1a: Armarouge
|
|upkeep
|
|t:|1776117303
|switch|p1a: Quaquaval|Quaquaval, F|100/100
|turn|19
|
|t:|1776117305
|move|p2a: Porygon-Z|Tri Attack|p1a: Quaquaval
|-damage|p1a: Quaquaval|20/100
|move|p1a: Quaquaval|Brick Break|p2a: Porygon-Z
|-supereffective|p2a: Porygon-Z
|-damage|p2a: Porygon-Z|0 fnt
|faint|p2a: Porygon-Z
|-ability|p1a: Quaquaval|Moxie|boost
|-boost|p1a: Quaquaval|atk|1
|
|upkeep
|
|t:|1776117309
|switch|p2a: Gallade|Gallade, M, shiny|100/100
|turn|20
|
|t:|1776117321
|move|p1a: Quaquaval|Ice Spinner|p2a: Gallade
|-damage|p2a: Gallade|21/100
|move|p2a: Gallade|Agility|p2a: Gallade
|-boost|p2a: Gallade|spe|2
|
|upkeep
|turn|21
|
|t:|1776117327
|move|p2a: Gallade|Psycho Cut|p1a: Quaquaval
|-supereffective|p1a: Quaquaval
|-damage|p1a: Quaquaval|0 fnt
|faint|p1a: Quaquaval
|-damage|p2a: Gallade|11/100|[from] item: Life Orb
|
|upkeep
|
|t:|1776117331
|switch|p1a: Salamence|Salamence, M|100/100
|turn|22
|
|t:|1776117334
|move|p2a: Gallade|Psycho Cut|p1a: Salamence
|-damage|p1a: Salamence|4/100
|-damage|p2a: Gallade|1/100|[from] item: Life Orb
|move|p1a: Salamence|Dual Wingbeat|p2a: Gallade
|-supereffective|p2a: Gallade
|-damage|p2a: Gallade|0 fnt
|faint|p2a: Gallade
|-hitcount|p2: Gallade|1
|
|win|Velisdeath
|raw|Velisdeath's rating: 1137 &rarr; <strong>1164</strong><br />(+27 for winning)
|raw|calacon's rating: 1165 &rarr; <strong>1138</strong><br />(-27 for losing)
|l|☆calacon
|player|p2|
|l|☆Velisdeath
|player|p1|
