|html|<div class="broadcast-blue"><strong>[Gen 9] OU is currently suspecting Tera Blast! For information on how to participate check out the <a href="https://www.smogon.com/tools/suspects/view/200">suspect thread</a>.</strong></div>
|j|☆Angeboii
|j|☆ThrohOrFalse
|t:|1776081546
|gametype|singles
|player|p1|Angeboii|pokekid|1193
|player|p2|ThrohOrFalse|hop|1238
|gen|9
|tier|[Gen 9] OU
|rated|
|rule|HP Percentage Mod: HP is shown in percentages
|rule|Endless Battle Clause: Forcing endless battles is banned
|rule|Species Clause: Limit one of each Pokémon
|rule|OHKO Clause: OHKO moves are banned
|rule|Evasion Items Clause: Evasion items are banned
|rule|Evasion Moves Clause: Evasion moves are banned
|rule|Evasion Abilities Clause: Evasion abilities are banned
|rule|Sleep Moves Clause: Sleep-inducing moves are banned
|clearpoke
|poke|p1|Cinccino, M|
|poke|p1|Rhyperior, M|
|poke|p1|Weavile, M|
|poke|p1|Cinderace, M|
|poke|p1|Dragapult, F|
|poke|p1|Milotic, F|
|poke|p2|Tyranitar, M|
|poke|p2|Mudsdale, M|
|poke|p2|Mandibuzz, F|
|poke|p2|Gholdengo|
|poke|p2|Excadrill, F|
|poke|p2|Greninja-*, F|
|teampreview
|
|t:|1776081561
|teamsize|p1|6
|teamsize|p2|6
|start
|switch|p1a: Looooonnng Bob|Milotic, F|100/100
|switch|p2a: Mudsdale|Mudsdale, M|100/100
|turn|1
|
|t:|1776081577
|move|p1a: Looooonnng Bob|Scald|p2a: Mudsdale
|-supereffective|p2a: Mudsdale
|-damage|p2a: Mudsdale|53/100
|-status|p2a: Mudsdale|brn
|-ability|p2a: Mudsdale|Stamina|boost
|-boost|p2a: Mudsdale|def|1
|-enditem|p2a: Mudsdale|Maranga Berry|[eat]
|-boost|p2a: Mudsdale|spd|1|[from] item: Maranga Berry
|move|p2a: Mudsdale|Stone Edge|p1a: Looooonnng Bob|[miss]
|-miss|p2a: Mudsdale|p1a: Looooonnng Bob
|
|-damage|p2a: Mudsdale|47/100 brn|[from] brn
|-status|p1a: Looooonnng Bob|brn|[from] item: Flame Orb
|upkeep
|turn|2
|
|t:|1776081593
|move|p1a: Looooonnng Bob|Haze|p1a: Looooonnng Bob
|-clearallboost
|move|p2a: Mudsdale|Rest|p2a: Mudsdale
|-status|p2a: Mudsdale|slp|[from] move: Rest
|-heal|p2a: Mudsdale|100/100 slp|[silent]
|
|-damage|p1a: Looooonnng Bob|94/100 brn|[from] brn
|upkeep
|turn|3
|
|t:|1776081605
|switch|p2a: Mandibuzz|Mandibuzz, F|100/100
|move|p1a: Looooonnng Bob|Scald|p2a: Mandibuzz
|-damage|p2a: Mandibuzz|74/100
|
|-damage|p1a: Looooonnng Bob|88/100 brn|[from] brn
|upkeep
|turn|4
|
|t:|1776081616
|move|p2a: Mandibuzz|Foul Play|p1a: Looooonnng Bob
|-damage|p1a: Looooonnng Bob|79/100 brn
|move|p1a: Looooonnng Bob|Ice Beam|p2a: Mandibuzz
|-supereffective|p2a: Mandibuzz
|-damage|p2a: Mandibuzz|34/100
|
|-damage|p1a: Looooonnng Bob|72/100 brn|[from] brn
|upkeep
|turn|5
|
|t:|1776081627
|move|p2a: Mandibuzz|Roost|p2a: Mandibuzz
|-heal|p2a: Mandibuzz|84/100
|-singleturn|p2a: Mandibuzz|move: Roost
|move|p1a: Looooonnng Bob|Recover|p1a: Looooonnng Bob
|-heal|p1a: Looooonnng Bob|100/100 brn
|
|-damage|p1a: Looooonnng Bob|94/100 brn|[from] brn
|upkeep
|turn|6
|
|t:|1776081634
|move|p2a: Mandibuzz|U-turn|p1a: Looooonnng Bob
|-damage|p1a: Looooonnng Bob|88/100 brn
|
|t:|1776081642
|switch|p2a: Greninja|Greninja, F|100/100|[from] U-turn
|move|p1a: Looooonnng Bob|Ice Beam|p2a: Greninja
|-resisted|p2a: Greninja
|-damage|p2a: Greninja|84/100
|-status|p2a: Greninja|frz
|
|-damage|p1a: Looooonnng Bob|82/100 brn|[from] brn
|upkeep
|turn|7
|
|t:|1776081653
|cant|p2a: Greninja|frz
|move|p1a: Looooonnng Bob|Scald|p2a: Greninja
|-resisted|p2a: Greninja
|-damage|p2a: Greninja|58/100 frz
|-curestatus|p2a: Greninja|frz|[msg]
|
|-damage|p1a: Looooonnng Bob|76/100 brn|[from] brn
|upkeep
|turn|8
|
|t:|1776081668
|move|p2a: Greninja|Dark Pulse|p1a: Looooonnng Bob
|-start|p2a: Greninja|typechange|Dark|[from] ability: Protean
|-damage|p1a: Looooonnng Bob|36/100 brn
|move|p1a: Looooonnng Bob|Scald|p2a: Greninja
|-damage|p2a: Greninja|8/100
|
|-damage|p1a: Looooonnng Bob|30/100 brn|[from] brn
|upkeep
|turn|9
|
|t:|1776081680
|move|p2a: Greninja|Dark Pulse|p1a: Looooonnng Bob
|-damage|p1a: Looooonnng Bob|0 fnt
|faint|p1a: Looooonnng Bob
|
|upkeep
|
|t:|1776081685
|switch|p1a: Sleek Bob|Weavile, M|100/100
|-ability|p1a: Sleek Bob|Pressure
|turn|10
|
|t:|1776081689
|switch|p2a: Mudsdale|Mudsdale, M|100/100 slp
|move|p1a: Sleek Bob|Ice Shard|p2a: Mudsdale
|-supereffective|p2a: Mudsdale
|-damage|p2a: Mudsdale|65/100 slp
|-ability|p2a: Mudsdale|Stamina|boost
|-boost|p2a: Mudsdale|def|1
|
|upkeep
|turn|11
|
|t:|1776081695
|move|p1a: Sleek Bob|Triple Axel|p2a: Mudsdale
|-supereffective|p2a: Mudsdale
|-damage|p2a: Mudsdale|54/100 slp
|-ability|p2a: Mudsdale|Stamina|boost
|-boost|p2a: Mudsdale|def|1
|-supereffective|p2a: Mudsdale
|-damage|p2a: Mudsdale|36/100 slp
|-ability|p2a: Mudsdale|Stamina|boost
|-boost|p2a: Mudsdale|def|1
|-supereffective|p2a: Mudsdale
|-damage|p2a: Mudsdale|15/100 slp
|-ability|p2a: Mudsdale|Stamina|boost
|-boost|p2a: Mudsdale|def|1
|-hitcount|p2a: Mudsdale|3
|cant|p2a: Mudsdale|slp
|move|p2a: Mudsdale|Sleep Talk|p2a: Mudsdale
|move|p2a: Mudsdale|Stone Edge|p1a: Sleek Bob|[from] move: Sleep Talk
|-supereffective|p1a: Sleek Bob
|-enditem|p1a: Sleek Bob|Focus Sash
|-damage|p1a: Sleek Bob|1/100
|
|upkeep
|turn|12
|
|t:|1776081716
|switch|p2a: Tyranitar|Tyranitar, M|100/100
|-weather|Sandstorm|[from] ability: Sand Stream|[of] p2a: Tyranitar
|move|p1a: Sleek Bob|Triple Axel|p2a: Tyranitar
|-damage|p2a: Tyranitar|92/100
|-damage|p2a: Tyranitar|75/100
|-damage|p2a: Tyranitar|51/100
|-hitcount|p2a: Tyranitar|3
|
|-weather|Sandstorm|[upkeep]
|-damage|p1a: Sleek Bob|0 fnt|[from] Sandstorm
|faint|p1a: Sleek Bob
|upkeep
|
|t:|1776081730
|switch|p1a: Little Bob|Cinccino, M|100/100
|turn|13
|
|t:|1776081744
|switch|p2a: Mandibuzz|Mandibuzz, F|84/100
|move|p1a: Little Bob|Bullet Seed|p2a: Mandibuzz
|-resisted|p2a: Mandibuzz
|-damage|p2a: Mandibuzz|81/100
|-resisted|p2a: Mandibuzz
|-damage|p2a: Mandibuzz|78/100
|-resisted|p2a: Mandibuzz
|-damage|p2a: Mandibuzz|75/100
|-resisted|p2a: Mandibuzz
|-damage|p2a: Mandibuzz|72/100
|-hitcount|p2a: Mandibuzz|4
|
|-weather|Sandstorm|[upkeep]
|-damage|p1a: Little Bob|94/100|[from] Sandstorm
|upkeep
|turn|14
|
|t:|1776081752
|move|p1a: Little Bob|Triple Axel|p2a: Mandibuzz
|-supereffective|p2a: Mandibuzz
|-damage|p2a: Mandibuzz|62/100
|-supereffective|p2a: Mandibuzz
|-damage|p2a: Mandibuzz|41/100
|-supereffective|p2a: Mandibuzz
|-damage|p2a: Mandibuzz|12/100
|-hitcount|p2a: Mandibuzz|3
|move|p2a: Mandibuzz|Toxic|p1a: Little Bob
|-status|p1a: Little Bob|tox
|
|-weather|Sandstorm|[upkeep]
|-damage|p1a: Little Bob|88/100 tox|[from] Sandstorm
|-damage|p1a: Little Bob|82/100 tox|[from] psn
|upkeep
|turn|15
|
|t:|1776081786
|move|p1a: Little Bob|Tail Slap|p2a: Mandibuzz
|-crit|p2a: Mandibuzz
|-damage|p2a: Mandibuzz|0 fnt
|faint|p2a: Mandibuzz
|-hitcount|p2: Mandibuzz|1
|
|-weather|Sandstorm|[upkeep]
|-damage|p1a: Little Bob|76/100 tox|[from] Sandstorm
|-damage|p1a: Little Bob|63/100 tox|[from] psn
|upkeep
|
|t:|1776081805
|switch|p2a: Greninja|Greninja, F|8/100
|turn|16
|
|t:|1776081826
|move|p2a: Greninja|Weather Ball|p1a: Little Bob
|-start|p2a: Greninja|typechange|Rock|[from] ability: Protean
|-damage|p1a: Little Bob|0 fnt
|faint|p1a: Little Bob
|
|-weather|Sandstorm|[upkeep]
|upkeep
|
|t:|1776081853
|switch|p1a: Strong Bob|Dragapult, F|100/100
|turn|17
|
|t:|1776081867
|switch|p2a: Mudsdale|Mudsdale, M|15/100 slp
|move|p1a: Strong Bob|Phantom Force||[still]
|-prepare|p1a: Strong Bob|Phantom Force
|
|-weather|Sandstorm|[upkeep]
|-damage|p1a: Strong Bob|95/100|[from] Sandstorm
|upkeep
|turn|18
|
|t:|1776081876
|move|p1a: Strong Bob|Phantom Force|p2a: Mudsdale|[from] lockedmove
|-damage|p2a: Mudsdale|0 fnt
|faint|p2a: Mudsdale
|
|-weather|Sandstorm|[upkeep]
|-damage|p1a: Strong Bob|89/100|[from] Sandstorm
|upkeep
|
|t:|1776081883
|switch|p2a: Excadrill|Excadrill, F|100/100
|-item|p2a: Excadrill|Air Balloon
|turn|19
|
|t:|1776081887
|move|p2a: Excadrill|Earthquake|p1a: Strong Bob
|-damage|p1a: Strong Bob|14/100
|move|p1a: Strong Bob|Phantom Force||[still]
|-prepare|p1a: Strong Bob|Phantom Force
|
|-weather|none
|upkeep
|turn|20
|
|t:|1776081894
|switch|p2a: Tyranitar|Tyranitar, M|51/100
|-weather|Sandstorm|[from] ability: Sand Stream|[of] p2a: Tyranitar
|move|p1a: Strong Bob|Phantom Force|p2a: Tyranitar|[from] lockedmove
|-resisted|p2a: Tyranitar
|-damage|p2a: Tyranitar|25/100
|
|-weather|Sandstorm|[upkeep]
|-damage|p1a: Strong Bob|8/100|[from] Sandstorm
|upkeep
|turn|21
|
|t:|1776081915
|switch|p2a: Gholdengo|Gholdengo|100/100
|-item|p2a: Gholdengo|Air Balloon
|move|p1a: Strong Bob|Phantom Force||[still]
|-prepare|p1a: Strong Bob|Phantom Force
|
|-weather|Sandstorm|[upkeep]
|-damage|p1a: Strong Bob|2/100|[from] Sandstorm
|upkeep
|turn|22
|
|t:|1776081924
|switch|p2a: Tyranitar|Tyranitar, M|25/100
|move|p1a: Strong Bob|Phantom Force|p2a: Tyranitar|[from] lockedmove
|-resisted|p2a: Tyranitar
|-damage|p2a: Tyranitar|0 fnt
|faint|p2a: Tyranitar
|
|-weather|Sandstorm|[upkeep]
|-damage|p1a: Strong Bob|0 fnt|[from] Sandstorm
|faint|p1a: Strong Bob
|upkeep
|
|t:|1776081934
|switch|p1a: Awkward Bob|Cinderace, M|100/100
|switch|p2a: Greninja|Greninja, F|8/100
|turn|23
|
|t:|1776081943
|-terastallize|p1a: Awkward Bob|Grass
|move|p2a: Greninja|Surf|p1a: Awkward Bob
|-start|p2a: Greninja|typechange|Water|[from] ability: Protean
|-resisted|p1a: Awkward Bob
|-damage|p1a: Awkward Bob|56/100
|move|p1a: Awkward Bob|Flame Charge|p2a: Greninja
|-resisted|p2a: Greninja
|-damage|p2a: Greninja|0 fnt
|-boost|p1a: Awkward Bob|spe|1
|faint|p2a: Greninja
|
|-weather|Sandstorm|[upkeep]
|-damage|p1a: Awkward Bob|50/100|[from] Sandstorm
|upkeep
|
|t:|1776081955
|switch|p2a: Gholdengo|Gholdengo|100/100
|-item|p2a: Gholdengo|Air Balloon
|turn|24
|
|t:|1776081960
|move|p1a: Awkward Bob|Pyro Ball|p2a: Gholdengo
|-supereffective|p2a: Gholdengo
|-damage|p2a: Gholdengo|19/100
|-enditem|p2a: Gholdengo|Air Balloon
|move|p2a: Gholdengo|Make It Rain|p1a: Awkward Bob
|-damage|p1a: Awkward Bob|0 fnt
|-unboost|p2a: Gholdengo|spa|1
|faint|p1a: Awkward Bob
|
|-weather|Sandstorm|[upkeep]
|upkeep
|
|t:|1776081967
|switch|p1a: Bob but hard|Rhyperior, M|100/100
|turn|25
|
|t:|1776081977
|move|p2a: Gholdengo|Make It Rain|p1a: Bob but hard
|-supereffective|p1a: Bob but hard
|-damage|p1a: Bob but hard|49/100
|-unboost|p2a: Gholdengo|spa|1
|-enditem|p1a: Bob but hard|Weakness Policy
|-boost|p1a: Bob but hard|atk|2|[from] item: Weakness Policy
|-boost|p1a: Bob but hard|spa|2|[from] item: Weakness Policy
|move|p1a: Bob but hard|Rock Slide|p2a: Gholdengo
|-resisted|p2a: Gholdengo
|-damage|p2a: Gholdengo|0 fnt
|faint|p2a: Gholdengo
|
|-weather|Sandstorm|[upkeep]
|upkeep
|
|t:|1776081982
|switch|p2a: Excadrill|Excadrill, F|100/100
|-item|p2a: Excadrill|Air Balloon
|turn|26
|
|t:|1776081990
|move|p2a: Excadrill|Earthquake|p1a: Bob but hard
|-supereffective|p1a: Bob but hard
|-damage|p1a: Bob but hard|0 fnt
|faint|p1a: Bob but hard
|
|win|ThrohOrFalse
|raw|Angeboii's rating: 1193 &rarr; <strong>1171</strong><br />(-22 for losing)
|raw|ThrohOrFalse's rating: 1238 &rarr; <strong>1260</strong><br />(+22 for winning)
|c|☆ThrohOrFalse|Gg
|l|☆ThrohOrFalse
|player|p2|
|l|☆Angeboii
|player|p1|
