|html|<div class="broadcast-blue"><strong>[Gen 9] OU is currently suspecting Tera Blast! For information on how to participate check out the <a href="https://www.smogon.com/tools/suspects/view/200">suspect thread</a>.</strong></div>
|j|☆iusebadmons1994
|j|☆ragavslasheralt
|t:|1776058280
|gametype|singles
|player|p1|iusebadmons1994|265|1316
|player|p2|ragavslasheralt|169|1200
|gen|9
|tier|[Gen 9] OU
|rated|
|rule|HP Percentage Mod: HP is shown in percentages
|rule|Endless Battle Clause: Forcing endless battles is banned
|rule|Species Clause: Limit one of each Pokémon
|rule|OHKO Clause: OHKO moves are banned
|rule|Evasion Items Clause: Evasion items are banned
|rule|Evasion Moves Clause: Evasion moves are banned
|rule|Evasion Abilities Clause: Evasion abilities are banned
|rule|Sleep Moves Clause: Sleep-inducing moves are banned
|clearpoke
|poke|p1|Zarude|
|poke|p1|Arcanine-Hisui, M|
|poke|p1|Slowking, F|
|poke|p1|Skeledirge, M|
|poke|p1|Skarmory, F|
|poke|p1|Tentacruel, M|
|poke|p2|Moltres-Galar|
|poke|p2|Gholdengo|
|poke|p2|Samurott-Hisui, M|
|poke|p2|Smeargle, M|
|poke|p2|Zamazenta-*|
|poke|p2|Deoxys-Speed|
|teampreview
|inactive|Battle timer is ON: inactive players will automatically lose when time's up. (requested by iusebadmons1994)
|
|t:|1776058292
|teamsize|p1|6
|teamsize|p2|6
|start
|switch|p1a: Zarude|Zarude|100/100
|switch|p2a: Deoxys|Deoxys-Speed|100/100
|-ability|p2a: Deoxys|Pressure
|turn|1
|
|t:|1776058314
|switch|p2a: Zamazenta|Zamazenta|100/100
|-ability|p2a: Zamazenta|Dauntless Shield|boost
|-boost|p2a: Zamazenta|def|1
|move|p1a: Zarude|Knock Off|p2a: Zamazenta
|-resisted|p2a: Zamazenta
|-damage|p2a: Zamazenta|89/100
|-enditem|p2a: Zamazenta|Leftovers|[from] move: Knock Off|[of] p1a: Zarude
|
|upkeep
|turn|2
|
|t:|1776058332
|switch|p1a: Skeledirge|Skeledirge, M|100/100
|switch|p2a: Samurott|Samurott-Hisui, M|100/100
|
|upkeep
|turn|3
|
|t:|1776058338
|move|p2a: Samurott|Ceaseless Edge|p1a: Skeledirge
|-supereffective|p1a: Skeledirge
|-damage|p1a: Skeledirge|50/100
|-sidestart|p1: iusebadmons1994|Spikes
|move|p1a: Skeledirge|Will-O-Wisp|p2a: Samurott
|-status|p2a: Samurott|brn
|
|-damage|p2a: Samurott|94/100 brn|[from] brn
|upkeep
|turn|4
|
|t:|1776058348
|move|p2a: Samurott|Ceaseless Edge|p1a: Skeledirge
|-supereffective|p1a: Skeledirge
|-damage|p1a: Skeledirge|22/100
|-sidestart|p1: iusebadmons1994|Spikes
|move|p1a: Skeledirge|Slack Off|p1a: Skeledirge
|-heal|p1a: Skeledirge|72/100
|
|-damage|p2a: Samurott|88/100 brn|[from] brn
|upkeep
|turn|5
|inactive|iusebadmons1994 has 120 seconds left.
|
|t:|1776058387
|move|p2a: Samurott|Knock Off|p1a: Skeledirge
|-supereffective|p1a: Skeledirge
|-damage|p1a: Skeledirge|43/100
|-enditem|p1a: Skeledirge|Heavy-Duty Boots|[from] move: Knock Off|[of] p2a: Samurott
|move|p1a: Skeledirge|Torch Song|p2a: Samurott
|-resisted|p2a: Samurott
|-damage|p2a: Samurott|64/100 brn
|-boost|p1a: Skeledirge|spa|1
|
|-damage|p2a: Samurott|58/100 brn|[from] brn
|upkeep
|turn|6
|inactive|iusebadmons1994 has 120 seconds left.
|
|t:|1776058399
|move|p2a: Samurott|Razor Shell|p1a: Skeledirge
|-supereffective|p1a: Skeledirge
|-damage|p1a: Skeledirge|13/100
|move|p1a: Skeledirge|Slack Off|p1a: Skeledirge
|-heal|p1a: Skeledirge|63/100
|
|-damage|p2a: Samurott|52/100 brn|[from] brn
|upkeep
|turn|7
|inactive|iusebadmons1994 has 120 seconds left.
|
|t:|1776058409
|move|p2a: Samurott|Encore|p1a: Skeledirge
|-start|p1a: Skeledirge|Encore
|move|p1a: Skeledirge|Slack Off|p1a: Skeledirge
|-heal|p1a: Skeledirge|100/100
|
|-damage|p2a: Samurott|46/100 brn|[from] brn
|upkeep
|turn|8
|
|t:|1776058417
|switch|p1a: Tentacruel|Tentacruel, M|100/100
|move|p2a: Samurott|Ceaseless Edge|p1a: Tentacruel
|-damage|p1a: Tentacruel|70/100
|-sidestart|p1: iusebadmons1994|Spikes
|
|-damage|p2a: Samurott|39/100 brn|[from] brn
|upkeep
|turn|9
|
|t:|1776058426
|switch|p2a: Gholdengo|Gholdengo|100/100
|move|p1a: Tentacruel|Knock Off|p2a: Gholdengo
|-supereffective|p2a: Gholdengo
|-damage|p2a: Gholdengo|60/100
|-enditem|p2a: Gholdengo|Choice Scarf|[from] move: Knock Off|[of] p1a: Tentacruel
|
|upkeep
|turn|10
|
|t:|1776058437
|switch|p1a: Slowking|Slowking, F|100/100
|move|p2a: Gholdengo|Shadow Ball|p1a: Slowking
|-supereffective|p1a: Slowking
|-damage|p1a: Slowking|49/100
|
|upkeep
|turn|11
|
|t:|1776058448
|switch|p1a: Zarude|Zarude|100/100
|-damage|p1a: Zarude|75/100|[from] Spikes
|move|p2a: Gholdengo|Shadow Ball|p1a: Zarude
|-resisted|p1a: Zarude
|-damage|p1a: Zarude|56/100
|
|upkeep
|turn|12
|
|t:|1776058464
|switch|p2a: Moltres|Moltres-Galar|100/100
|move|p1a: Zarude|Power Whip|p2a: Moltres|[miss]
|-miss|p1a: Zarude|p2a: Moltres
|
|upkeep
|turn|13
|
|t:|1776058471
|move|p1a: Zarude|Power Whip|p2a: Moltres
|-resisted|p2a: Moltres
|-damage|p2a: Moltres|64/100
|move|p2a: Moltres|Agility|p2a: Moltres
|-boost|p2a: Moltres|spe|2
|
|upkeep
|turn|14
|
|t:|1776058480
|move|p2a: Moltres|Nasty Plot|p2a: Moltres
|-boost|p2a: Moltres|spa|2
|move|p1a: Zarude|Power Whip|p2a: Moltres
|-resisted|p2a: Moltres
|-damage|p2a: Moltres|29/100
|-ability|p2a: Moltres|Berserk|boost
|-boost|p2a: Moltres|spa|1
|-enditem|p2a: Moltres|Sitrus Berry|[eat]
|-heal|p2a: Moltres|54/100|[from] item: Sitrus Berry
|
|upkeep
|turn|15
|
|t:|1776058492
|move|p2a: Moltres|Hurricane|p1a: Zarude|[miss]
|-miss|p2a: Moltres|p1a: Zarude
|move|p1a: Zarude|Power Whip|p2a: Moltres
|-resisted|p2a: Moltres
|-damage|p2a: Moltres|19/100
|-ability|p2a: Moltres|Berserk|boost
|-boost|p2a: Moltres|spa|1
|
|upkeep
|turn|16
|
|t:|1776058503
|move|p2a: Moltres|Hurricane|p1a: Zarude|[miss]
|-miss|p2a: Moltres|p1a: Zarude
|move|p1a: Zarude|Power Whip|p2a: Moltres
|-resisted|p2a: Moltres
|-damage|p2a: Moltres|0 fnt
|faint|p2a: Moltres
|
|upkeep
|
|t:|1776058522
|switch|p2a: Zamazenta|Zamazenta|89/100
|turn|17
|
|t:|1776058528
|move|p1a: Zarude|Power Whip|p2a: Zamazenta|[miss]
|-miss|p1a: Zarude|p2a: Zamazenta
|move|p2a: Zamazenta|Roar|p1a: Zarude
|drag|p1a: Tentacruel|Tentacruel, M|70/100
|
|upkeep
|turn|18
|
|t:|1776058538
|move|p2a: Zamazenta|Iron Defense|p2a: Zamazenta
|-boost|p2a: Zamazenta|def|2
|move|p1a: Tentacruel|Rapid Spin|p2a: Zamazenta
|-damage|p2a: Zamazenta|86/100
|-boost|p1a: Tentacruel|spe|1
|-sideend|p1: iusebadmons1994|Spikes|[from] move: Rapid Spin|[of] p1a: Tentacruel
|
|upkeep
|turn|19
|
|t:|1776058546
|switch|p1a: Skeledirge|Skeledirge, M|100/100
|move|p2a: Zamazenta|Body Press|p1a: Skeledirge
|-immune|p1a: Skeledirge
|
|upkeep
|turn|20
|
|t:|1776058554
|move|p1a: Skeledirge|Torch Song|p2a: Zamazenta
|-damage|p2a: Zamazenta|59/100
|-boost|p1a: Skeledirge|spa|1
|move|p2a: Zamazenta|Roar|p1a: Skeledirge
|drag|p1a: Zarude|Zarude|56/100
|
|upkeep
|turn|21
|inactive|iusebadmons1994 has 120 seconds left.
|
|t:|1776058597
|switch|p1a: Skeledirge|Skeledirge, M|100/100
|switch|p2a: Samurott|Samurott-Hisui, M|39/100 brn
|
|-damage|p2a: Samurott|33/100 brn|[from] brn
|upkeep
|turn|22
|
|t:|1776058607
|move|p2a: Samurott|Ceaseless Edge|p1a: Skeledirge
|-supereffective|p1a: Skeledirge
|-damage|p1a: Skeledirge|73/100
|-sidestart|p1: iusebadmons1994|Spikes
|move|p1a: Skeledirge|Torch Song|p2a: Samurott
|-resisted|p2a: Samurott
|-damage|p2a: Samurott|12/100 brn
|-boost|p1a: Skeledirge|spa|1
|
|-damage|p2a: Samurott|6/100 brn|[from] brn
|upkeep
|turn|23
|inactive|iusebadmons1994 has 120 seconds left.
|
|t:|1776058619
|switch|p1a: Skarmory|Skarmory, F|100/100
|move|p2a: Samurott|Ceaseless Edge|p1a: Skarmory
|-damage|p1a: Skarmory|88/100
|-damage|p2a: Samurott|0 fnt|[from] item: Rocky Helmet|[of] p1a: Skarmory
|faint|p2a: Samurott
|
|upkeep
|
|t:|1776058628
|switch|p2a: Smeargle|Smeargle, M|100/100
|turn|24
|
|t:|1776058636
|switch|p1a: Tentacruel|Tentacruel, M|70/100
|move|p2a: Smeargle|Jaw Lock|p1a: Tentacruel
|-damage|p1a: Tentacruel|55/100
|-activate|p2a: Smeargle|trapped
|-activate|p1a: Tentacruel|trapped
|
|upkeep
|turn|25
|
|t:|1776058644
|move|p1a: Tentacruel|Rapid Spin|p2a: Smeargle
|-damage|p2a: Smeargle|81/100
|-boost|p1a: Tentacruel|spe|1
|-sideend|p1: iusebadmons1994|Spikes|[from] move: Rapid Spin|[of] p1a: Tentacruel
|move|p2a: Smeargle|No Retreat|p2a: Smeargle
|-boost|p2a: Smeargle|atk|1
|-boost|p2a: Smeargle|def|1
|-boost|p2a: Smeargle|spa|1
|-boost|p2a: Smeargle|spd|1
|-boost|p2a: Smeargle|spe|1
|
|upkeep
|turn|26
|
|t:|1776058653
|move|p1a: Tentacruel|Toxic|p2a: Smeargle
|-status|p2a: Smeargle|tox
|move|p2a: Smeargle|No Retreat|p2a: Smeargle
|-boost|p2a: Smeargle|atk|1
|-boost|p2a: Smeargle|def|1
|-boost|p2a: Smeargle|spa|1
|-boost|p2a: Smeargle|spd|1
|-boost|p2a: Smeargle|spe|1
|
|-damage|p2a: Smeargle|75/100 tox|[from] psn
|upkeep
|turn|27
|
|t:|1776058665
|move|p2a: Smeargle|Population Bomb|p1a: Tentacruel
|-damage|p1a: Tentacruel|38/100
|-damage|p1a: Tentacruel|20/100
|-damage|p1a: Tentacruel|3/100
|-damage|p1a: Tentacruel|0 fnt
|faint|p1a: Tentacruel
|-hitcount|p1: Tentacruel|4
|
|-damage|p2a: Smeargle|63/100 tox|[from] psn
|upkeep
|
|t:|1776058676
|switch|p1a: Skarmory|Skarmory, F|88/100
|turn|28
|
|t:|1776058679
|move|p2a: Smeargle|No Retreat|p2a: Smeargle
|-boost|p2a: Smeargle|atk|1
|-boost|p2a: Smeargle|def|1
|-boost|p2a: Smeargle|spa|1
|-boost|p2a: Smeargle|spd|1
|-boost|p2a: Smeargle|spe|1
|-start|p2a: Smeargle|move: No Retreat
|move|p1a: Skarmory|Stealth Rock|p2a: Smeargle
|-sidestart|p2: ragavslasheralt|move: Stealth Rock
|
|-damage|p2a: Smeargle|44/100 tox|[from] psn
|upkeep
|turn|29
|
|t:|1776058689
|move|p2a: Smeargle|Power Trip|p1a: Skarmory
|-damage|p1a: Skarmory|15/100
|-damage|p2a: Smeargle|28/100 tox|[from] item: Rocky Helmet|[of] p1a: Skarmory
|move|p1a: Skarmory|Spikes|p2a: Smeargle
|-sidestart|p2: ragavslasheralt|Spikes
|
|-damage|p2a: Smeargle|4/100 tox|[from] psn
|upkeep
|turn|30
|inactive|iusebadmons1994 has 120 seconds left.
|
|t:|1776058723
|move|p2a: Smeargle|Power Trip|p1a: Skarmory
|-damage|p1a: Skarmory|0 fnt
|-damage|p2a: Smeargle|0 fnt|[from] item: Rocky Helmet|[of] p1a: Skarmory
|faint|p1a: Skarmory
|faint|p2a: Smeargle
|
|upkeep
|inactive|iusebadmons1994 has 120 seconds left.
|
|t:|1776058731
|switch|p2a: Deoxys|Deoxys-Speed|100/100
|switch|p1a: Zarude|Zarude|56/100
|-damage|p2a: Deoxys|88/100|[from] Stealth Rock
|-damage|p2a: Deoxys|76/100|[from] Spikes
|-ability|p2a: Deoxys|Pressure
|turn|31
|
|t:|1776058743
|move|p1a: Zarude|Knock Off|p2a: Deoxys
|-supereffective|p2a: Deoxys
|-damage|p2a: Deoxys|0 fnt
|-enditem|p2a: Deoxys|Light Clay|[from] move: Knock Off|[of] p1a: Zarude
|faint|p2a: Deoxys
|
|upkeep
|
|t:|1776058749
|switch|p2a: Zamazenta|Zamazenta|59/100
|-damage|p2a: Zamazenta|53/100|[from] Stealth Rock
|-damage|p2a: Zamazenta|41/100|[from] Spikes
|turn|32
|-message|ragavslasheralt forfeited.
|
|win|iusebadmons1994
|raw|iusebadmons1994's rating: 1316 &rarr; <strong>1330</strong><br />(+14 for winning)
|raw|ragavslasheralt's rating: 1200 &rarr; <strong>1183</strong><br />(-17 for losing)
|l|☆ragavslasheralt
|player|p2|
|l|☆iusebadmons1994
|player|p1|
