|html|<div class="broadcast-blue"><strong>[Gen 9] OU is currently suspecting Volcarona! For information on how to participate check out the <a href="https://www.smogon.com/tools/suspects/view/208">suspect thread</a>.</strong></div>
|j|☆n44vvv
|j|☆Spikenard
|t:|1778510945
|gametype|singles
|player|p1|n44vvv|grimsley-gen7|1421
|player|p2|Spikenard|erika-masters|1410
|gen|9
|tier|[Gen 9] OU
|rated|
|rule|HP Percentage Mod: HP is shown in percentages
|rule|Endless Battle Clause: Forcing endless battles is banned
|rule|Species Clause: Limit one of each Pokémon
|rule|OHKO Clause: OHKO moves are banned
|rule|Evasion Items Clause: Evasion items are banned
|rule|Evasion Moves Clause: Evasion moves are banned
|rule|Evasion Abilities Clause: Evasion abilities are banned
|rule|Sleep Moves Clause: Sleep-inducing moves are banned
|clearpoke
|poke|p1|Araquanid, F|
|poke|p1|Gholdengo|
|poke|p1|Raging Bolt|
|poke|p1|Iron Valiant|
|poke|p1|Ceruledge, M|
|poke|p1|Deoxys-Speed|
|poke|p2|Clefable, F|
|poke|p2|Kingambit, M|
|poke|p2|Hydrapple, F|
|poke|p2|Tauros, M|
|poke|p2|Mandibuzz, F|
|poke|p2|Dusclops, M|
|teampreview
|
|t:|1778510957
|teamsize|p1|6
|teamsize|p2|6
|start
|switch|p1a: Araquanid|Araquanid, F|100/100
|switch|p2a: Hydrapple|Hydrapple, F|100/100
|turn|1
|
|t:|1778510961
|move|p1a: Araquanid|Sticky Web|p2a: Hydrapple
|-sidestart|p2: Spikenard|move: Sticky Web
|move|p2a: Hydrapple|Nasty Plot|p2a: Hydrapple
|-boost|p2a: Hydrapple|spa|2
|
|upkeep
|turn|2
|
|t:|1778510968
|move|p1a: Araquanid|Lunge|p2a: Hydrapple
|-supereffective|p2a: Hydrapple
|-damage|p2a: Hydrapple|71/100
|-unboost|p2a: Hydrapple|atk|1
|move|p2a: Hydrapple|Fickle Beam|p1a: Araquanid
|-damage|p1a: Araquanid|58/100
|
|-heal|p2a: Hydrapple|77/100|[from] item: Leftovers
|upkeep
|turn|3
|
|t:|1778510983
|move|p1a: Araquanid|Lunge|p2a: Hydrapple
|-supereffective|p2a: Hydrapple
|-damage|p2a: Hydrapple|49/100
|-unboost|p2a: Hydrapple|atk|1
|move|p2a: Hydrapple|Recover|p2a: Hydrapple
|-heal|p2a: Hydrapple|99/100
|
|-heal|p2a: Hydrapple|100/100|[from] item: Leftovers
|upkeep
|turn|4
|
|t:|1778511003
|switch|p1a: Gholdengo|Gholdengo|100/100
|-item|p1a: Gholdengo|Air Balloon
|move|p2a: Hydrapple|Nasty Plot|p2a: Hydrapple
|-boost|p2a: Hydrapple|spa|2
|
|upkeep
|turn|5
|
|t:|1778511010
|move|p1a: Gholdengo|Make It Rain|p2a: Hydrapple
|-damage|p2a: Hydrapple|50/100
|-unboost|p1a: Gholdengo|spa|1
|move|p2a: Hydrapple|Fickle Beam|p1a: Gholdengo|[anim] Fickle Beam All Out
|-activate|p2a: Hydrapple|move: Fickle Beam
|-resisted|p1a: Gholdengo
|-damage|p1a: Gholdengo|0 fnt
|-enditem|p1a: Gholdengo|Air Balloon
|faint|p1a: Gholdengo
|
|-heal|p2a: Hydrapple|57/100|[from] item: Leftovers
|upkeep
|
|t:|1778511032
|switch|p1a: Iron Valiant|Iron Valiant|100/100
|-enditem|p1a: Iron Valiant|Booster Energy
|-activate|p1a: Iron Valiant|ability: Quark Drive|[fromitem]
|-start|p1a: Iron Valiant|quarkdrivespa
|turn|6
|
|t:|1778511038
|-terastallize|p2a: Hydrapple|Steel
|move|p1a: Iron Valiant|Moonblast|p2a: Hydrapple
|-resisted|p2a: Hydrapple
|-damage|p2a: Hydrapple|31/100
|-unboost|p2a: Hydrapple|spa|1
|move|p2a: Hydrapple|Earth Power|p1a: Iron Valiant
|-damage|p1a: Iron Valiant|3/100
|
|-heal|p2a: Hydrapple|37/100|[from] item: Leftovers
|upkeep
|turn|7
|
|t:|1778511051
|switch|p2a: Dusclops|Dusclops, M|100/100
|-activate|p2a: Dusclops|move: Sticky Web
|-unboost|p2a: Dusclops|spe|1
|-ability|p2a: Dusclops|Pressure
|move|p1a: Iron Valiant|Vacuum Wave|p2a: Dusclops
|-immune|p2a: Dusclops
|
|upkeep
|turn|8
|
|t:|1778511058
|-end|p1a: Iron Valiant|Quark Drive|[silent]
|switch|p1a: Araquanid|Araquanid, F|58/100
|move|p2a: Dusclops|Trick Room|p2a: Dusclops
|-fieldstart|move: Trick Room|[of] p2a: Dusclops
|
|upkeep
|turn|9
|
|t:|1778511063
|switch|p2a: Hydrapple|Hydrapple, F, tera:Steel|71/100
|-activate|p2a: Hydrapple|move: Sticky Web
|-unboost|p2a: Hydrapple|spe|1
|move|p1a: Araquanid|Surf|p2a: Hydrapple
|-damage|p2a: Hydrapple|40/100
|
|-heal|p2a: Hydrapple|46/100|[from] item: Leftovers
|upkeep
|turn|10
|
|t:|1778511069
|move|p2a: Hydrapple|Recover|p2a: Hydrapple
|-heal|p2a: Hydrapple|96/100
|move|p1a: Araquanid|Surf|p2a: Hydrapple
|-damage|p2a: Hydrapple|69/100
|
|-heal|p2a: Hydrapple|75/100|[from] item: Leftovers
|upkeep
|turn|11
|
|t:|1778511072
|move|p2a: Hydrapple|Nasty Plot|p2a: Hydrapple
|-boost|p2a: Hydrapple|spa|2
|move|p1a: Araquanid|Surf|p2a: Hydrapple
|-damage|p2a: Hydrapple|49/100
|
|-heal|p2a: Hydrapple|55/100|[from] item: Leftovers
|upkeep
|turn|12
|
|t:|1778511075
|move|p2a: Hydrapple|Fickle Beam|p1a: Araquanid|[anim] Fickle Beam All Out
|-activate|p2a: Hydrapple|move: Fickle Beam
|-damage|p1a: Araquanid|0 fnt
|faint|p1a: Araquanid
|
|-heal|p2a: Hydrapple|61/100|[from] item: Leftovers
|-fieldend|move: Trick Room
|upkeep
|
|t:|1778511088
|switch|p1a: Ceruledge|Ceruledge, M|100/100
|turn|13
|
|t:|1778511095
|switch|p2a: Clefable|Clefable, F|100/100
|-activate|p2a: Clefable|move: Sticky Web
|-unboost|p2a: Clefable|spe|1
|move|p1a: Ceruledge|Swords Dance|p1a: Ceruledge
|-boost|p1a: Ceruledge|atk|2
|
|upkeep
|turn|14
|
|t:|1778511101
|move|p1a: Ceruledge|Bitter Blade|p2a: Clefable
|-damage|p2a: Clefable|29/100
|move|p2a: Clefable|Knock Off|p1a: Ceruledge
|-supereffective|p1a: Ceruledge
|-damage|p1a: Ceruledge|57/100
|-ability|p1a: Ceruledge|Weak Armor|boost
|-unboost|p1a: Ceruledge|def|1
|-boost|p1a: Ceruledge|spe|2
|-enditem|p1a: Ceruledge|Focus Sash|[from] move: Knock Off|[of] p2a: Clefable
|
|upkeep
|turn|15
|
|t:|1778511112
|move|p1a: Ceruledge|Bitter Blade|p2a: Clefable
|-damage|p2a: Clefable|0 fnt
|-heal|p1a: Ceruledge|76/100|[from] drain|[of] p2a: Clefable
|faint|p2a: Clefable
|
|-damage|p1a: Ceruledge|63/100|[from] item: Sticky Barb
|upkeep
|
|t:|1778511120
|switch|p2a: Mandibuzz|Mandibuzz, F|100/100
|turn|16
|
|t:|1778511130
|move|p1a: Ceruledge|Bitter Blade|p2a: Mandibuzz
|-damage|p2a: Mandibuzz|39/100
|-heal|p1a: Ceruledge|100/100|[from] drain|[of] p2a: Mandibuzz
|move|p2a: Mandibuzz|Foul Play|p1a: Ceruledge
|-supereffective|p1a: Ceruledge
|-damage|p1a: Ceruledge|0 fnt
|faint|p1a: Ceruledge
|
|upkeep
|
|t:|1778511134
|switch|p1a: Raging Bolt|Raging Bolt|100/100
|-enditem|p1a: Raging Bolt|Booster Energy
|-activate|p1a: Raging Bolt|ability: Protosynthesis|[fromitem]
|-start|p1a: Raging Bolt|protosynthesisspa
|turn|17
|
|t:|1778511146
|move|p1a: Raging Bolt|Calm Mind|p1a: Raging Bolt
|-boost|p1a: Raging Bolt|spa|1
|-boost|p1a: Raging Bolt|spd|1
|move|p2a: Mandibuzz|Toxic|p1a: Raging Bolt
|-status|p1a: Raging Bolt|tox
|
|-damage|p1a: Raging Bolt|94/100 tox|[from] psn
|upkeep
|turn|18
|
|t:|1778511153
|move|p1a: Raging Bolt|Thunderbolt|p2a: Mandibuzz
|-supereffective|p2a: Mandibuzz
|-damage|p2a: Mandibuzz|0 fnt
|faint|p2a: Mandibuzz
|
|-damage|p1a: Raging Bolt|82/100 tox|[from] psn
|upkeep
|
|t:|1778511157
|switch|p2a: Dusclops|Dusclops, M|100/100
|-activate|p2a: Dusclops|move: Sticky Web
|-unboost|p2a: Dusclops|spe|1
|-ability|p2a: Dusclops|Pressure
|turn|19
|
|t:|1778511164
|move|p1a: Raging Bolt|Thunderbolt|p2a: Dusclops
|-damage|p2a: Dusclops|55/100
|move|p2a: Dusclops|Trick Room|p2a: Dusclops
|-fieldstart|move: Trick Room|[of] p2a: Dusclops
|
|-damage|p1a: Raging Bolt|64/100 tox|[from] psn
|upkeep
|turn|20
|
|t:|1778511171
|move|p2a: Dusclops|Night Shade|p1a: Raging Bolt
|-damage|p1a: Raging Bolt|38/100 tox
|move|p1a: Raging Bolt|Thunderbolt|p2a: Dusclops
|-damage|p2a: Dusclops|5/100
|
|-damage|p1a: Raging Bolt|14/100 tox|[from] psn
|upkeep
|turn|21
|
|t:|1778511175
|move|p1a: Raging Bolt|Thunderclap|p2a: Dusclops
|-damage|p2a: Dusclops|0 fnt
|faint|p2a: Dusclops
|
|-damage|p1a: Raging Bolt|0 fnt|[from] psn
|faint|p1a: Raging Bolt
|-end|p1a: Raging Bolt|Protosynthesis|[silent]
|upkeep
|
|t:|1778511187
|switch|p2a: Hydrapple|Hydrapple, F, tera:Steel|94/100
|switch|p1a: Iron Valiant|Iron Valiant|3/100
|-activate|p2a: Hydrapple|move: Sticky Web
|-unboost|p2a: Hydrapple|spe|1
|turn|22
|
|t:|1778511195
|move|p1a: Iron Valiant|Vacuum Wave|p2a: Hydrapple
|-supereffective|p2a: Hydrapple
|-damage|p2a: Hydrapple|61/100
|move|p2a: Hydrapple|Earth Power|p1a: Iron Valiant
|-damage|p1a: Iron Valiant|0 fnt
|faint|p1a: Iron Valiant
|-end|p1a: Iron Valiant|Quark Drive|[silent]
|
|-heal|p2a: Hydrapple|67/100|[from] item: Leftovers
|upkeep
|
|t:|1778511197
|switch|p1a: Deoxys|Deoxys-Speed|100/100
|-ability|p1a: Deoxys|Pressure
|turn|23
|
|t:|1778511201
|move|p2a: Hydrapple|Fickle Beam|p1a: Deoxys
|-damage|p1a: Deoxys|44/100
|move|p1a: Deoxys|Superpower|p2a: Hydrapple
|-supereffective|p2a: Hydrapple
|-damage|p2a: Hydrapple|17/100
|-unboost|p1a: Deoxys|atk|1
|-unboost|p1a: Deoxys|def|1
|-damage|p1a: Deoxys|34/100|[from] item: Life Orb
|
|-heal|p2a: Hydrapple|23/100|[from] item: Leftovers
|-fieldend|move: Trick Room
|upkeep
|turn|24
|
|t:|1778511207
|move|p1a: Deoxys|Superpower|p2a: Hydrapple
|-supereffective|p2a: Hydrapple
|-damage|p2a: Hydrapple|0 fnt
|-unboost|p1a: Deoxys|atk|1
|-unboost|p1a: Deoxys|def|1
|faint|p2a: Hydrapple
|-damage|p1a: Deoxys|25/100|[from] item: Life Orb
|
|upkeep
|
|t:|1778511210
|switch|p2a: Kingambit|Kingambit, M|100/100
|-activate|p2a: Kingambit|move: Sticky Web
|-unboost|p2a: Kingambit|spe|1
|-activate|p2a: Kingambit|ability: Supreme Overlord
|-start|p2a: Kingambit|fallen4|[silent]
|turn|25
|
|t:|1778511215
|-terastallize|p1a: Deoxys|Fighting
|move|p2a: Kingambit|Sucker Punch||[still]
|-fail|p2a: Kingambit
|move|p1a: Deoxys|Nasty Plot|p1a: Deoxys
|-boost|p1a: Deoxys|spa|2
|
|upkeep
|turn|26
|
|t:|1778511220
|move|p2a: Kingambit|Sucker Punch|p1a: Deoxys
|-resisted|p1a: Deoxys
|-damage|p1a: Deoxys|0 fnt
|faint|p1a: Deoxys
|
|win|Spikenard
|raw|n44vvv's rating: 1421 &rarr; <strong>1400</strong><br />(-21 for losing)
|raw|Spikenard's rating: 1410 &rarr; <strong>1431</strong><br />(+21 for winning)
|l|☆Spikenard
|player|p2|
|l|☆n44vvv
|player|p1|
