|html|<div class="broadcast-blue"><strong>[Gen 9] OU is currently suspecting Tera Blast! For information on how to participate check out the <a href="https://www.smogon.com/tools/suspects/view/200">suspect thread</a>.</strong></div>
|j|☆wildinglint
|j|☆Hakkimaru
|t:|1776101162
|gametype|singles
|player|p1|wildinglint|101|1238
|player|p2|Hakkimaru|youngster-gen4dp|1246
|gen|9
|tier|[Gen 9] OU
|rated|
|rule|HP Percentage Mod: HP is shown in percentages
|rule|Endless Battle Clause: Forcing endless battles is banned
|rule|Species Clause: Limit one of each Pokémon
|rule|OHKO Clause: OHKO moves are banned
|rule|Evasion Items Clause: Evasion items are banned
|rule|Evasion Moves Clause: Evasion moves are banned
|rule|Evasion Abilities Clause: Evasion abilities are banned
|rule|Sleep Moves Clause: Sleep-inducing moves are banned
|clearpoke
|poke|p1|Meowscarada, F|
|poke|p1|Walking Wake|
|poke|p1|Cinderace, M|
|poke|p1|Gliscor, M|
|poke|p1|Gholdengo|
|poke|p1|Great Tusk|
|poke|p2|Spiritomb, F|
|poke|p2|Gliscor, M|
|poke|p2|Klefki, F|
|poke|p2|Slaking, M|
|poke|p2|Cinderace, M|
|poke|p2|Regidrago|
|teampreview
|inactive|Battle timer is ON: inactive players will automatically lose when time's up. (requested by Hakkimaru)
|
|t:|1776101181
|teamsize|p1|6
|teamsize|p2|6
|start
|switch|p1a: Gholdengo|Gholdengo|100/100
|switch|p2a: Klefki|Klefki, F|100/100
|turn|1
|
|t:|1776101197
|move|p2a: Klefki|Light Screen|p2a: Klefki
|-sidestart|p2: Hakkimaru|move: Light Screen
|move|p1a: Gholdengo|Shadow Ball|p2a: Klefki
|-damage|p2a: Klefki|77/100
|-unboost|p2a: Klefki|spd|1
|
|upkeep
|turn|2
|
|t:|1776101205
|move|p2a: Klefki|Reflect|p2a: Klefki
|-sidestart|p2: Hakkimaru|Reflect
|move|p1a: Gholdengo|Flash Cannon|p2a: Klefki
|-damage|p2a: Klefki|40/100
|-unboost|p2a: Klefki|spd|1
|
|upkeep
|turn|3
|
|t:|1776101220
|switch|p2a: Spiritomb|Spiritomb, F|100/100
|move|p1a: Gholdengo|Flash Cannon|p2a: Spiritomb
|-damage|p2a: Spiritomb|76/100
|
|-heal|p2a: Spiritomb|82/100|[from] item: Leftovers
|upkeep
|turn|4
|
|t:|1776101243
|move|p1a: Gholdengo|Dazzling Gleam|p2a: Spiritomb
|-supereffective|p2a: Spiritomb
|-damage|p2a: Spiritomb|46/100
|move|p2a: Spiritomb|Calm Mind|p2a: Spiritomb
|-boost|p2a: Spiritomb|spa|1
|-boost|p2a: Spiritomb|spd|1
|
|-heal|p2a: Spiritomb|53/100|[from] item: Leftovers
|upkeep
|turn|5
|inactive|wildinglint has 120 seconds left.
|
|t:|1776101268
|move|p1a: Gholdengo|Dazzling Gleam|p2a: Spiritomb
|-supereffective|p2a: Spiritomb
|-damage|p2a: Spiritomb|29/100
|move|p2a: Spiritomb|Pain Split|p1a: Gholdengo
|-immune|p1a: Gholdengo|[from] ability: Good as Gold
|
|-heal|p2a: Spiritomb|36/100|[from] item: Leftovers
|upkeep
|turn|6
|inactive|wildinglint has 120 seconds left.
|
|t:|1776101285
|switch|p2a: Cinderace|Cinderace, M|100/100
|move|p1a: Gholdengo|Dazzling Gleam|p2a: Cinderace
|-resisted|p2a: Cinderace
|-damage|p2a: Cinderace|90/100
|
|upkeep
|turn|7
|inactive|wildinglint has 120 seconds left.
|
|t:|1776101300
|move|p2a: Cinderace|Pyro Ball|p1a: Gholdengo
|-supereffective|p1a: Gholdengo
|-damage|p1a: Gholdengo|0 fnt
|faint|p1a: Gholdengo
|
|upkeep
|inactive|wildinglint has 120 seconds left.
|
|t:|1776101315
|switch|p1a: Walking Wake|Walking Wake|100/100
|-enditem|p1a: Walking Wake|Booster Energy
|-activate|p1a: Walking Wake|ability: Protosynthesis|[fromitem]
|-start|p1a: Walking Wake|protosynthesisspa
|turn|8
|inactive|wildinglint has 120 seconds left.
|
|t:|1776101333
|move|p2a: Cinderace|U-turn|p1a: Walking Wake
|-start|p2a: Cinderace|typechange|Bug|[from] ability: Libero
|-damage|p1a: Walking Wake|63/100
|
|t:|1776101343
|switch|p2a: Slaking|Slaking, M|100/100|[from] U-turn
|move|p1a: Walking Wake|Hydro Steam|p2a: Slaking
|-damage|p2a: Slaking|66/100
|
|-sideend|p2: Hakkimaru|move: Light Screen
|upkeep
|turn|9
|inactive|wildinglint has 120 seconds left.
|
|t:|1776101363
|move|p1a: Walking Wake|Hydro Steam|p2a: Slaking
|-damage|p2a: Slaking|8/100
|move|p2a: Slaking|Outrage|p1a: Walking Wake
|-supereffective|p1a: Walking Wake
|-damage|p1a: Walking Wake|0 fnt
|faint|p1a: Walking Wake
|-end|p1a: Walking Wake|Protosynthesis|[silent]
|
|-sideend|p2: Hakkimaru|Reflect
|upkeep
|
|t:|1776101375
|switch|p1a: Gliscor|Gliscor, M|100/100
|turn|10
|
|t:|1776101394
|cant|p2a: Slaking|ability: Truant
|move|p1a: Gliscor|Knock Off|p2a: Slaking
|-damage|p2a: Slaking|0 fnt
|-enditem|p2a: Slaking|Choice Band|[from] move: Knock Off|[of] p1a: Gliscor
|faint|p2a: Slaking
|
|-status|p1a: Gliscor|tox|[from] item: Toxic Orb
|upkeep
|
|t:|1776101412
|switch|p2a: Regidrago|Regidrago|100/100
|turn|11
|l|☆wildinglint
|inactive|wildinglint disconnected and has a minute to reconnect!
|player|p1|
|j|☆wildinglint
|inactive|wildinglint reconnected and has 90 seconds left.
|player|p1|wildinglint|101|
|
|t:|1776101448
|move|p2a: Regidrago|Dragon Energy|p1a: Gliscor
|-damage|p1a: Gliscor|0 fnt
|faint|p1a: Gliscor
|
|upkeep
|
|t:|1776101458
|switch|p1a: Meowscarada|Meowscarada, F|100/100
|turn|12
|
|t:|1776101463
|move|p2a: Regidrago|Dragon Energy|p1a: Meowscarada
|-damage|p1a: Meowscarada|0 fnt
|faint|p1a: Meowscarada
|
|upkeep
|-message|wildinglint forfeited.
|
|win|Hakkimaru
|raw|wildinglint's rating: 1238 &rarr; <strong>1214</strong><br />(-24 for losing)
|raw|Hakkimaru's rating: 1246 &rarr; <strong>1270</strong><br />(+24 for winning)
|l|☆wildinglint
|player|p1|
|l|☆Hakkimaru
|player|p2|
