|html|<div class="broadcast-blue"><strong>[Gen 9] OU is currently suspecting Tera Blast! For information on how to participate check out the <a href="https://www.smogon.com/tools/suspects/view/200">suspect thread</a>.</strong></div>
|j|☆SlimeyT9
|j|☆DaddyPigIsThiqq
|t:|1776350277
|gametype|singles
|player|p1|SlimeyT9|169|1407
|player|p2|DaddyPigIsThiqq|101|1483
|gen|9
|tier|[Gen 9] OU
|rated|
|rule|HP Percentage Mod: HP is shown in percentages
|rule|Endless Battle Clause: Forcing endless battles is banned
|rule|Species Clause: Limit one of each Pokémon
|rule|OHKO Clause: OHKO moves are banned
|rule|Evasion Items Clause: Evasion items are banned
|rule|Evasion Moves Clause: Evasion moves are banned
|rule|Evasion Abilities Clause: Evasion abilities are banned
|rule|Sleep Moves Clause: Sleep-inducing moves are banned
|clearpoke
|poke|p1|Ceruledge, M|
|poke|p1|Garganacl, M|
|poke|p1|Glimmora, F|
|poke|p1|Samurott-Hisui, M|
|poke|p1|Scream Tail|
|poke|p1|Brambleghast, M|
|poke|p2|Slowking-Galar, F|
|poke|p2|Mamoswine, F|
|poke|p2|Thundurus-Therian, M|
|poke|p2|Dragapult, F|
|poke|p2|Skarmory, F|
|poke|p2|Ting-Lu|
|teampreview
|n|☆DaddyPigIsThiqq|daddypigisthiqq
|inactive|Battle timer is ON: inactive players will automatically lose when time's up. (requested by SlimeyT9)
|
|t:|1776350284
|teamsize|p1|6
|teamsize|p2|6
|start
|switch|p1a: Saltwater|Samurott-Hisui, M, shiny|100/100
|switch|p2a: Thundurus|Thundurus-Therian, M|100/100
|turn|1
|
|t:|1776350291
|move|p1a: Saltwater|Flip Turn|p2a: Thundurus
|-crit|p2a: Thundurus
|-damage|p2a: Thundurus|39/100
|
|t:|1776350297
|switch|p1a: Brambleghast|Brambleghast, M, shiny|100/100|[from] Flip Turn
|move|p2a: Thundurus|Thunderbolt|p1a: Brambleghast
|-resisted|p1a: Brambleghast
|-damage|p1a: Brambleghast|51/100
|
|upkeep
|turn|2
|
|t:|1776350309
|move|p2a: Thundurus|Knock Off|p1a: Brambleghast
|-supereffective|p1a: Brambleghast
|-damage|p1a: Brambleghast|0 fnt
|-enditem|p1a: Brambleghast|Heavy-Duty Boots|[from] move: Knock Off|[of] p2a: Thundurus
|faint|p1a: Brambleghast
|
|upkeep
|
|t:|1776350313
|switch|p1a: Saltwater|Samurott-Hisui, M, shiny|100/100
|turn|3
|
|t:|1776350316
|switch|p2a: Skarmory|Skarmory, F|100/100
|move|p1a: Saltwater|Flip Turn|p2a: Skarmory
|-damage|p2a: Skarmory|84/100
|-damage|p1a: Saltwater|84/100|[from] item: Rocky Helmet|[of] p2a: Skarmory
|
|t:|1776350319
|switch|p1a: Anthong|Ceruledge, M|100/100|[from] Flip Turn
|
|upkeep
|turn|4
|
|t:|1776350324
|switch|p2a: Ting-Lu|Ting-Lu|100/100
|-ability|p2a: Ting-Lu|Vessel of Ruin
|move|p1a: Anthong|Swords Dance|p1a: Anthong
|-boost|p1a: Anthong|atk|2
|
|upkeep
|turn|5
|j| Elephant Soldier
|
|t:|1776350331
|move|p1a: Anthong|Close Combat|p2a: Ting-Lu
|-supereffective|p2a: Ting-Lu
|-damage|p2a: Ting-Lu|14/100
|-unboost|p1a: Anthong|def|1
|-unboost|p1a: Anthong|spd|1
|move|p2a: Ting-Lu|Whirlwind|p1a: Anthong
|drag|p1a: NU!?|Scream Tail, shiny|100/100
|
|upkeep
|turn|6
|
|t:|1776350341
|switch|p2a: Slowking|Slowking-Galar, F|100/100
|move|p1a: NU!?|Drain Punch|p2a: Slowking
|-resisted|p2a: Slowking
|-damage|p2a: Slowking|96/100
|
|upkeep
|turn|7
|
|t:|1776350348
|move|p1a: NU!?|Bulk Up|p1a: NU!?
|-boost|p1a: NU!?|atk|1
|-boost|p1a: NU!?|def|1
|move|p2a: Slowking|Sludge Bomb|p1a: NU!?
|-supereffective|p1a: NU!?
|-damage|p1a: NU!?|52/100
|
|-heal|p1a: NU!?|58/100|[from] item: Leftovers
|upkeep
|turn|8
|l| Elephant Soldier
|
|t:|1776350355
|move|p1a: NU!?|Psychic Fangs|p2a: Slowking
|-damage|p2a: Slowking|50/100
|move|p2a: Slowking|Toxic|p1a: NU!?
|-status|p1a: NU!?|tox
|
|-heal|p1a: NU!?|65/100 tox|[from] item: Leftovers
|-damage|p1a: NU!?|58/100 tox|[from] psn
|upkeep
|turn|9
|
|t:|1776350363
|switch|p2a: Skarmory|Skarmory, F|84/100
|move|p1a: NU!?|Psychic Fangs|p2a: Skarmory
|-resisted|p2a: Skarmory
|-damage|p2a: Skarmory|69/100
|-damage|p1a: NU!?|42/100 tox|[from] item: Rocky Helmet|[of] p2a: Skarmory
|
|-heal|p1a: NU!?|48/100 tox|[from] item: Leftovers
|-damage|p1a: NU!?|36/100 tox|[from] psn
|upkeep
|turn|10
|
|t:|1776350367
|move|p1a: NU!?|Ice Punch|p2a: Skarmory
|-damage|p2a: Skarmory|52/100
|-damage|p1a: NU!?|19/100 tox|[from] item: Rocky Helmet|[of] p2a: Skarmory
|move|p2a: Skarmory|Stealth Rock|p1a: NU!?
|-sidestart|p1: SlimeyT9|move: Stealth Rock
|
|-heal|p1a: NU!?|25/100 tox|[from] item: Leftovers
|-damage|p1a: NU!?|6/100 tox|[from] psn
|upkeep
|turn|11
|
|t:|1776350376
|move|p1a: NU!?|Drain Punch|p2a: Skarmory
|-damage|p2a: Skarmory|35/100
|-heal|p1a: NU!?|13/100 tox|[from] drain|[of] p2a: Skarmory
|-damage|p1a: NU!?|0 fnt|[from] item: Rocky Helmet|[of] p2a: Skarmory
|faint|p1a: NU!?
|-end|p1a: NU!?|Protosynthesis|[silent]
|move|p2a: Skarmory|Roost|p2a: Skarmory
|-heal|p2a: Skarmory|85/100
|-singleturn|p2a: Skarmory|move: Roost
|
|upkeep
|
|t:|1776350384
|switch|p1a: Onigiri|Garganacl, M|100/100
|-damage|p1a: Onigiri|88/100|[from] Stealth Rock
|turn|12
|
|t:|1776350396
|-terastallize|p1a: Onigiri|Ghost
|move|p2a: Skarmory|Iron Defense|p2a: Skarmory
|-boost|p2a: Skarmory|def|2
|move|p1a: Onigiri|Salt Cure|p2a: Skarmory
|-damage|p2a: Skarmory|81/100
|-start|p2a: Skarmory|Salt Cure
|
|-heal|p1a: Onigiri|94/100|[from] item: Leftovers
|-damage|p2a: Skarmory|56/100|[from] Salt Cure
|upkeep
|turn|13
|
|t:|1776350412
|switch|p2a: Slowking|Slowking-Galar, F|83/100
|move|p1a: Onigiri|Iron Defense|p1a: Onigiri
|-boost|p1a: Onigiri|def|2
|
|-heal|p1a: Onigiri|100/100|[from] item: Leftovers
|upkeep
|turn|14
|
|t:|1776350418
|move|p1a: Onigiri|Salt Cure|p2a: Slowking
|-damage|p2a: Slowking|69/100
|-start|p2a: Slowking|Salt Cure
|move|p2a: Slowking|Future Sight|p1a: Onigiri
|-start|p2a: Slowking|move: Future Sight
|
|-damage|p2a: Slowking|57/100|[from] Salt Cure
|upkeep
|turn|15
|
|t:|1776350431
|switch|p1a: Saltwater|Samurott-Hisui, M, shiny|84/100
|-damage|p1a: Saltwater|72/100|[from] Stealth Rock
|-prepare|p2a: Slowking|Chilly Reception|[premajor]
|move|p2a: Slowking|Chilly Reception|p2a: Slowking
|-weather|Snowscape
|
|t:|1776350438
|switch|p2a: Skarmory|Skarmory, F|56/100|[from] Chilly Reception
|
|-weather|Snowscape|[upkeep]
|upkeep
|turn|16
|
|t:|1776350443
|move|p1a: Saltwater|Knock Off|p2a: Skarmory
|-damage|p2a: Skarmory|27/100
|-damage|p1a: Saltwater|55/100|[from] item: Rocky Helmet|[of] p2a: Skarmory
|-enditem|p2a: Skarmory|Rocky Helmet|[from] move: Knock Off|[of] p1a: Saltwater
|move|p2a: Skarmory|Body Press|p1a: Saltwater
|-supereffective|p1a: Saltwater
|-damage|p1a: Saltwater|0 fnt
|faint|p1a: Saltwater
|
|-weather|Snowscape|[upkeep]
|-hint|Future Sight did not hit because the target is fainted.
|upkeep
|
|t:|1776350451
|switch|p1a: Matcha|Glimmora, F|100/100
|-damage|p1a: Matcha|88/100|[from] Stealth Rock
|turn|17
|
|t:|1776350457
|switch|p2a: Slowking|Slowking-Galar, F|90/100
|move|p1a: Matcha|Stealth Rock|p2a: Slowking
|-sidestart|p2: DaddyPigIsThiqq|move: Stealth Rock
|
|-weather|Snowscape|[upkeep]
|upkeep
|turn|18
|
|t:|1776350460
|move|p1a: Matcha|Earth Power|p2a: Slowking
|-supereffective|p2a: Slowking
|-damage|p2a: Slowking|54/100
|move|p2a: Slowking|Future Sight|p1a: Matcha
|-start|p2a: Slowking|move: Future Sight
|
|-weather|Snowscape|[upkeep]
|upkeep
|turn|19
|
|t:|1776350469
|move|p1a: Matcha|Mortal Spin|p2a: Slowking
|-resisted|p2a: Slowking
|-damage|p2a: Slowking|51/100
|-sideend|p1: SlimeyT9|Stealth Rock|[from] move: Mortal Spin|[of] p1a: Matcha
|-prepare|p2a: Slowking|Chilly Reception|[premajor]
|move|p2a: Slowking|Chilly Reception|p2a: Slowking
|
|t:|1776350488
|switch|p2a: Thundurus|Thundurus-Therian, M|39/100|[from] Chilly Reception
|
|-weather|none
|upkeep
|turn|20
|
|t:|1776350493
|move|p2a: Thundurus|Volt Switch|p1a: Matcha
|-damage|p1a: Matcha|34/100
|
|t:|1776350498
|switch|p2a: Ting-Lu|Ting-Lu|14/100|[from] Volt Switch
|-ability|p2a: Ting-Lu|Vessel of Ruin
|move|p1a: Matcha|Power Gem|p2a: Ting-Lu
|-resisted|p2a: Ting-Lu
|-damage|p2a: Ting-Lu|6/100
|
|-end|p1a: Matcha|move: Future Sight
|-supereffective|p1a: Matcha
|-damage|p1a: Matcha|0 fnt
|faint|p1a: Matcha
|upkeep
|
|t:|1776350512
|switch|p1a: Anthong|Ceruledge, M|100/100
|turn|21
|
|t:|1776350520
|move|p1a: Anthong|Swords Dance|p1a: Anthong
|-boost|p1a: Anthong|atk|2
|move|p2a: Ting-Lu|Ruination|p1a: Anthong
|-damage|p1a: Anthong|50/100
|
|upkeep
|turn|22
|
|t:|1776350527
|move|p1a: Anthong|Bitter Blade|p2a: Ting-Lu
|-damage|p2a: Ting-Lu|0 fnt
|-heal|p1a: Anthong|55/100|[from] drain|[of] p2a: Ting-Lu
|faint|p2a: Ting-Lu
|
|upkeep
|
|t:|1776350530
|switch|p2a: Dragapult|Dragapult, F|100/100
|turn|23
|
|t:|1776350534
|-terastallize|p2a: Dragapult|Steel
|move|p1a: Anthong|Shadow Sneak|p2a: Dragapult
|-damage|p2a: Dragapult|44/100
|move|p2a: Dragapult|Hex|p1a: Anthong
|-supereffective|p1a: Anthong
|-damage|p1a: Anthong|0 fnt
|faint|p1a: Anthong
|
|upkeep
|
|t:|1776350537
|switch|p1a: Onigiri|Garganacl, M, tera:Ghost|100/100
|turn|24
|
|t:|1776350544
|move|p2a: Dragapult|U-turn|p1a: Onigiri
|-resisted|p1a: Onigiri
|-damage|p1a: Onigiri|94/100
|
|t:|1776350546
|switch|p2a: Slowking|Slowking-Galar, F|84/100|[from] U-turn
|move|p1a: Onigiri|Salt Cure|p2a: Slowking
|-damage|p2a: Slowking|70/100
|-start|p2a: Slowking|Salt Cure
|
|-heal|p1a: Onigiri|99/100|[from] item: Leftovers
|-damage|p2a: Slowking|57/100|[from] Salt Cure
|upkeep
|turn|25
|
|t:|1776350555
|move|p1a: Onigiri|Iron Defense|p1a: Onigiri
|-boost|p1a: Onigiri|def|2
|move|p2a: Slowking|Future Sight|p1a: Onigiri
|-start|p2a: Slowking|move: Future Sight
|
|-heal|p1a: Onigiri|100/100|[from] item: Leftovers
|-damage|p2a: Slowking|45/100|[from] Salt Cure
|upkeep
|turn|26
|
|t:|1776350563
|move|p1a: Onigiri|Iron Defense|p1a: Onigiri
|-boost|p1a: Onigiri|def|2
|move|p2a: Slowking|Sludge Bomb|p1a: Onigiri
|-resisted|p1a: Onigiri
|-damage|p1a: Onigiri|89/100
|
|-heal|p1a: Onigiri|95/100|[from] item: Leftovers
|-damage|p2a: Slowking|33/100|[from] Salt Cure
|upkeep
|turn|27
|
|t:|1776350567
|move|p1a: Onigiri|Salt Cure|p2a: Slowking
|-damage|p2a: Slowking|17/100
|-prepare|p2a: Slowking|Chilly Reception|[premajor]
|move|p2a: Slowking|Chilly Reception|p2a: Slowking
|-weather|Snowscape
|
|t:|1776350569
|switch|p2a: Thundurus|Thundurus-Therian, M|39/100|[from] Chilly Reception
|
|-weather|Snowscape|[upkeep]
|-end|p1a: Onigiri|move: Future Sight
|-crit|p1a: Onigiri
|-damage|p1a: Onigiri|52/100
|-heal|p1a: Onigiri|58/100|[from] item: Leftovers
|upkeep
|turn|28
|
|t:|1776350577
|move|p2a: Thundurus|Volt Switch|p1a: Onigiri
|-damage|p1a: Onigiri|32/100
|
|t:|1776350580
|switch|p2a: Slowking|Slowking-Galar, F|51/100|[from] Volt Switch
|move|p1a: Onigiri|Recover|p1a: Onigiri
|-heal|p1a: Onigiri|82/100
|
|-weather|Snowscape|[upkeep]
|-heal|p1a: Onigiri|88/100|[from] item: Leftovers
|upkeep
|turn|29
|
|t:|1776350583
|move|p1a: Onigiri|Salt Cure|p2a: Slowking
|-damage|p2a: Slowking|36/100
|-start|p2a: Slowking|Salt Cure
|move|p2a: Slowking|Future Sight|p1a: Onigiri
|-start|p2a: Slowking|move: Future Sight
|
|-weather|Snowscape|[upkeep]
|-heal|p1a: Onigiri|94/100|[from] item: Leftovers
|-damage|p2a: Slowking|23/100|[from] Salt Cure
|upkeep
|turn|30
|
|t:|1776350586
|move|p1a: Onigiri|Body Press|p2a: Slowking
|-resisted|p2a: Slowking
|-damage|p2a: Slowking|6/100
|-prepare|p2a: Slowking|Chilly Reception|[premajor]
|move|p2a: Slowking|Chilly Reception|p2a: Slowking
|
|t:|1776350588
|switch|p2a: Thundurus|Thundurus-Therian, M|39/100|[from] Chilly Reception
|
|-weather|Snowscape|[upkeep]
|-heal|p1a: Onigiri|99/100|[from] item: Leftovers
|upkeep
|turn|31
|
|t:|1776350597
|move|p2a: Thundurus|Volt Switch|p1a: Onigiri
|-damage|p1a: Onigiri|75/100
|
|t:|1776350604
|switch|p2a: Skarmory|Skarmory, F|27/100|[from] Volt Switch
|-damage|p2a: Skarmory|15/100|[from] Stealth Rock
|move|p1a: Onigiri|Salt Cure|p2a: Skarmory
|-damage|p2a: Skarmory|7/100
|-start|p2a: Skarmory|Salt Cure
|
|-weather|none
|-end|p1a: Onigiri|move: Future Sight
|-damage|p1a: Onigiri|47/100
|-heal|p1a: Onigiri|53/100|[from] item: Leftovers
|-damage|p2a: Skarmory|0 fnt|[from] Salt Cure
|faint|p2a: Skarmory
|upkeep
|
|t:|1776350606
|switch|p2a: Mamoswine|Mamoswine, F|100/100
|turn|32
|
|t:|1776350618
|move|p2a: Mamoswine|Knock Off|p1a: Onigiri
|-supereffective|p1a: Onigiri
|-damage|p1a: Onigiri|36/100
|-enditem|p1a: Onigiri|Leftovers|[from] move: Knock Off|[of] p2a: Mamoswine
|move|p1a: Onigiri|Recover|p1a: Onigiri
|-heal|p1a: Onigiri|86/100
|
|upkeep
|turn|33
|
|t:|1776350624
|move|p2a: Mamoswine|Icicle Crash|p1a: Onigiri
|-damage|p1a: Onigiri|75/100
|move|p1a: Onigiri|Body Press|p2a: Mamoswine
|-supereffective|p2a: Mamoswine
|-damage|p2a: Mamoswine|0 fnt
|faint|p2a: Mamoswine
|
|upkeep
|
|t:|1776350629
|switch|p2a: Slowking|Slowking-Galar, F|40/100
|turn|34
|
|t:|1776350633
|move|p1a: Onigiri|Salt Cure|p2a: Slowking
|-damage|p2a: Slowking|24/100
|-start|p2a: Slowking|Salt Cure
|move|p2a: Slowking|Future Sight|p1a: Onigiri
|-start|p2a: Slowking|move: Future Sight
|
|-damage|p2a: Slowking|12/100|[from] Salt Cure
|upkeep
|turn|35
|
|t:|1776350639
|move|p1a: Onigiri|Body Press|p2a: Slowking
|-resisted|p2a: Slowking
|-damage|p2a: Slowking|0 fnt
|faint|p2a: Slowking
|
|upkeep
|
|t:|1776350644
|switch|p2a: Thundurus|Thundurus-Therian, M|39/100
|turn|36
|
|t:|1776350648
|move|p2a: Thundurus|Thunderbolt|p1a: Onigiri
|-damage|p1a: Onigiri|38/100
|move|p1a: Onigiri|Recover|p1a: Onigiri
|-heal|p1a: Onigiri|88/100
|
|-end|p1a: Onigiri|move: Future Sight
|-damage|p1a: Onigiri|59/100
|upkeep
|turn|37
|
|t:|1776350655
|move|p2a: Thundurus|Thunderbolt|p1a: Onigiri
|-damage|p1a: Onigiri|22/100
|move|p1a: Onigiri|Recover|p1a: Onigiri
|-heal|p1a: Onigiri|72/100
|
|upkeep
|turn|38
|
|t:|1776350660
|move|p2a: Thundurus|Thunderbolt|p1a: Onigiri
|-damage|p1a: Onigiri|40/100
|move|p1a: Onigiri|Recover|p1a: Onigiri
|-heal|p1a: Onigiri|90/100
|
|upkeep
|turn|39
|
|t:|1776350663
|move|p2a: Thundurus|Thunderbolt|p1a: Onigiri
|-damage|p1a: Onigiri|57/100
|move|p1a: Onigiri|Salt Cure|p2a: Thundurus
|-supereffective|p2a: Thundurus
|-damage|p2a: Thundurus|0 fnt
|faint|p2a: Thundurus
|
|upkeep
|
|t:|1776350665
|switch|p2a: Dragapult|Dragapult, F, tera:Steel|44/100
|turn|40
|
|t:|1776350668
|move|p2a: Dragapult|Hex|p1a: Onigiri
|-supereffective|p1a: Onigiri
|-damage|p1a: Onigiri|39/100
|move|p1a: Onigiri|Recover|p1a: Onigiri
|-heal|p1a: Onigiri|89/100
|
|upkeep
|turn|41
|c|☆DaddyPigIsThiqq|So fucking dumb
|
|t:|1776350675
|move|p2a: Dragapult|Hex|p1a: Onigiri
|-supereffective|p1a: Onigiri
|-damage|p1a: Onigiri|71/100
|move|p1a: Onigiri|Salt Cure|p2a: Dragapult
|-resisted|p2a: Dragapult
|-damage|p2a: Dragapult|33/100
|-start|p2a: Dragapult|Salt Cure
|
|-damage|p2a: Dragapult|8/100|[from] Salt Cure
|upkeep
|turn|42
|c|☆SlimeyT9|I know
|
|t:|1776350683
|move|p2a: Dragapult|Hex|p1a: Onigiri
|-supereffective|p1a: Onigiri
|-damage|p1a: Onigiri|50/100
|move|p1a: Onigiri|Body Press|p2a: Dragapult
|-supereffective|p2a: Dragapult
|-damage|p2a: Dragapult|0 fnt
|faint|p2a: Dragapult
|
|win|SlimeyT9
