|html|<div class="broadcast-blue"><strong>[Gen 9] OU is currently suspecting Tera Blast! For information on how to participate check out the <a href="https://www.smogon.com/tools/suspects/view/200">suspect thread</a>.</strong></div>
|j|☆flygon_is_the_goat
|j|☆paxton herbertson
|t:|1776071978
|gametype|singles
|player|p1|flygon_is_the_goat|170|1128
|player|p2|paxton herbertson|101|1132
|gen|9
|tier|[Gen 9] OU
|rated|
|rule|HP Percentage Mod: HP is shown in percentages
|rule|Endless Battle Clause: Forcing endless battles is banned
|rule|Species Clause: Limit one of each Pokémon
|rule|OHKO Clause: OHKO moves are banned
|rule|Evasion Items Clause: Evasion items are banned
|rule|Evasion Moves Clause: Evasion moves are banned
|rule|Evasion Abilities Clause: Evasion abilities are banned
|rule|Sleep Moves Clause: Sleep-inducing moves are banned
|clearpoke
|poke|p1|Barraskewda, M|
|poke|p1|Pelipper, F|
|poke|p1|Toxicroak, F|
|poke|p1|Iron Treads|
|poke|p1|Hatterene, F|
|poke|p1|Thundurus-Therian, M|
|poke|p2|Muk-Alola, F|
|poke|p2|Maushold-Four|
|poke|p2|Garganacl, M|
|poke|p2|Appletun, M|
|poke|p2|Ceruledge, F|
|poke|p2|Kingambit, F|
|teampreview
|j| ohko_smeargle
|
|t:|1776071991
|teamsize|p1|6
|teamsize|p2|6
|start
|switch|p1a: PEEKO|Pelipper, F|100/100
|switch|p2a: Garganacl|Garganacl, M|100/100
|-weather|RainDance|[from] ability: Drizzle|[of] p1a: PEEKO
|turn|1
|inactive|Battle timer is ON: inactive players will automatically lose when time's up. (requested by paxton herbertson)
|
|t:|1776072006
|-terastallize|p2a: Garganacl|Water
|move|p1a: PEEKO|U-turn|p2a: Garganacl
|-damage|p2a: Garganacl|94/100
|
|t:|1776072026
|switch|p1a: glorp|Toxicroak, F|100/100|[from] U-turn
|move|p2a: Garganacl|Salt Cure|p1a: glorp
|-resisted|p1a: glorp
|-damage|p1a: glorp|94/100
|-start|p1a: glorp|Salt Cure
|
|-weather|RainDance|[upkeep]
|-heal|p1a: glorp|100/100|[from] ability: Dry Skin
|-heal|p2a: Garganacl|99/100|[from] item: Leftovers
|-damage|p1a: glorp|88/100|[from] Salt Cure
|upkeep
|turn|2
|inactive|paxton herbertson has 120 seconds left.
|
|t:|1776072064
|move|p1a: glorp|Knock Off|p2a: Garganacl
|-damage|p2a: Garganacl|85/100
|-enditem|p2a: Garganacl|Leftovers|[from] move: Knock Off|[of] p1a: glorp
|move|p2a: Garganacl|Iron Defense|p2a: Garganacl
|-boost|p2a: Garganacl|def|2
|
|-weather|RainDance|[upkeep]
|-heal|p1a: glorp|100/100|[from] ability: Dry Skin
|-damage|p1a: glorp|88/100|[from] Salt Cure
|upkeep
|turn|3
|inactive|paxton herbertson has 120 seconds left.
|
|t:|1776072075
|move|p1a: glorp|Encore|p2a: Garganacl
|-start|p2a: Garganacl|Encore
|move|p2a: Garganacl|Iron Defense|p2a: Garganacl
|-boost|p2a: Garganacl|def|2
|
|-weather|RainDance|[upkeep]
|-heal|p1a: glorp|100/100|[from] ability: Dry Skin
|-damage|p1a: glorp|88/100|[from] Salt Cure
|upkeep
|turn|4
|inactive|paxton herbertson has 120 seconds left.
|
|t:|1776072083
|switch|p1a: joe biden|Thundurus-Therian, M|100/100
|move|p2a: Garganacl|Iron Defense|p2a: Garganacl
|-boost|p2a: Garganacl|def|2
|
|-weather|RainDance|[upkeep]
|upkeep
|turn|5
|
|t:|1776072089
|move|p1a: joe biden|Thunderbolt|p2a: Garganacl
|-supereffective|p2a: Garganacl
|-damage|p2a: Garganacl|16/100
|move|p2a: Garganacl|Iron Defense|p2a: Garganacl
|-boost|p2a: Garganacl|def|0
|
|-weather|RainDance|[upkeep]
|-end|p2a: Garganacl|Encore
|upkeep
|turn|6
|
|t:|1776072096
|move|p1a: joe biden|Volt Switch|p2a: Garganacl
|-supereffective|p2a: Garganacl
|-damage|p2a: Garganacl|0 fnt
|faint|p2a: Garganacl
|
|t:|1776072103
|switch|p1a: beyblade|Iron Treads|100/100|[from] Volt Switch
|
|-weather|RainDance|[upkeep]
|upkeep
|
|t:|1776072109
|switch|p2a: Appletun|Appletun, M|100/100
|turn|7
|
|t:|1776072119
|move|p1a: beyblade|Knock Off|p2a: Appletun
|-damage|p2a: Appletun|73/100
|-enditem|p2a: Appletun|Heavy-Duty Boots|[from] move: Knock Off|[of] p1a: beyblade
|move|p2a: Appletun|Apple Acid|p1a: beyblade
|-damage|p1a: beyblade|59/100
|-unboost|p1a: beyblade|spd|1
|
|-weather|RainDance|[upkeep]
|-heal|p1a: beyblade|66/100|[from] item: Leftovers
|upkeep
|turn|8
|
|t:|1776072128
|move|p1a: beyblade|Stealth Rock|p2a: Appletun
|-sidestart|p2: paxton herbertson|move: Stealth Rock
|move|p2a: Appletun|Apple Acid|p1a: beyblade
|-damage|p1a: beyblade|6/100
|-unboost|p1a: beyblade|spd|1
|
|-weather|none
|-heal|p1a: beyblade|13/100|[from] item: Leftovers
|upkeep
|turn|9
|
|t:|1776072140
|move|p1a: beyblade|Earthquake|p2a: Appletun
|-resisted|p2a: Appletun
|-damage|p2a: Appletun|50/100
|move|p2a: Appletun|Apple Acid|p1a: beyblade
|-damage|p1a: beyblade|0 fnt
|faint|p1a: beyblade
|-end|p1a: beyblade|Quark Drive|[silent]
|
|upkeep
|
|t:|1776072144
|switch|p1a: PEEKO|Pelipper, F|100/100
|-weather|RainDance|[from] ability: Drizzle|[of] p1a: PEEKO
|turn|10
|
|t:|1776072151
|move|p1a: PEEKO|Hurricane|p2a: Appletun
|-supereffective|p2a: Appletun
|-damage|p2a: Appletun|0 fnt
|faint|p2a: Appletun
|
|-weather|RainDance|[upkeep]
|upkeep
|
|t:|1776072161
|switch|p2a: Maushold|Maushold-Four|100/100
|-damage|p2a: Maushold|88/100|[from] Stealth Rock
|turn|11
|
|t:|1776072166
|move|p2a: Maushold|Population Bomb|p1a: PEEKO
|-damage|p1a: PEEKO|92/100
|-damage|p1a: PEEKO|83/100
|-damage|p1a: PEEKO|74/100
|-damage|p1a: PEEKO|65/100
|-crit|p1a: PEEKO
|-damage|p1a: PEEKO|53/100
|-damage|p1a: PEEKO|43/100
|-damage|p1a: PEEKO|34/100
|-damage|p1a: PEEKO|24/100
|-damage|p1a: PEEKO|16/100
|-damage|p1a: PEEKO|7/100
|-hitcount|p1a: PEEKO|10
|move|p1a: PEEKO|Knock Off|p2a: Maushold
|-damage|p2a: Maushold|67/100
|-enditem|p2a: Maushold|Wide Lens|[from] move: Knock Off|[of] p1a: PEEKO
|
|-weather|RainDance|[upkeep]
|upkeep
|turn|12
|
|t:|1776072184
|move|p2a: Maushold|Tidy Up|p2a: Maushold
|-sideend|p2: paxton herbertson|Stealth Rock
|-activate|p2a: Maushold|move: Tidy Up
|-boost|p2a: Maushold|atk|1
|-boost|p2a: Maushold|spe|1
|move|p1a: PEEKO|Roost|p1a: PEEKO
|-heal|p1a: PEEKO|57/100
|-singleturn|p1a: PEEKO|move: Roost
|
|-weather|RainDance|[upkeep]
|upkeep
|turn|13
|
|t:|1776072193
|move|p2a: Maushold|Population Bomb|p1a: PEEKO
|-damage|p1a: PEEKO|43/100
|-damage|p1a: PEEKO|30/100
|-damage|p1a: PEEKO|18/100
|-damage|p1a: PEEKO|5/100
|-damage|p1a: PEEKO|0 fnt
|faint|p1a: PEEKO
|-hitcount|p1: PEEKO|5
|
|-weather|RainDance|[upkeep]
|upkeep
|
|t:|1776072197
|switch|p1a: $1.65 canned tuna|Barraskewda, M|100/100
|turn|14
|
|t:|1776072208
|move|p1a: $1.65 canned tuna|Liquidation|p2a: Maushold
|-damage|p2a: Maushold|0 fnt
|faint|p2a: Maushold
|
|-weather|RainDance|[upkeep]
|upkeep
|
|t:|1776072214
|switch|p2a: Muk|Muk-Alola, F|100/100
|turn|15
|
|t:|1776072223
|move|p1a: $1.65 canned tuna|Liquidation|p2a: Muk
|-damage|p2a: Muk|0 fnt
|faint|p2a: Muk
|
|-weather|RainDance|[upkeep]
|upkeep
|inactive|paxton herbertson has 120 seconds left.
|
|t:|1776072261
|switch|p2a: Ceruledge|Ceruledge, F|100/100
|turn|16
|
|t:|1776072267
|move|p2a: Ceruledge|Shadow Sneak|p1a: $1.65 canned tuna
|-damage|p1a: $1.65 canned tuna|51/100
|-damage|p2a: Ceruledge|91/100|[from] item: Life Orb
|move|p1a: $1.65 canned tuna|Liquidation|p2a: Ceruledge
|-supereffective|p2a: Ceruledge
|-damage|p2a: Ceruledge|0 fnt
|faint|p2a: Ceruledge
|
|-weather|RainDance|[upkeep]
|upkeep
|
|t:|1776072274
|switch|p2a: Kingambit|Kingambit, F|100/100
|-activate|p2a: Kingambit|ability: Supreme Overlord
|-start|p2a: Kingambit|fallen5|[silent]
|turn|17
|
|t:|1776072281
|move|p2a: Kingambit|Sucker Punch|p1a: $1.65 canned tuna
|-damage|p1a: $1.65 canned tuna|0 fnt
|faint|p1a: $1.65 canned tuna
|
|-weather|none
|upkeep
|
|t:|1776072284
|switch|p1a: glorp|Toxicroak, F|88/100
|turn|18
|
|t:|1776072292
|move|p1a: glorp|Drain Punch|p2a: Kingambit
|-supereffective|p2a: Kingambit
|-damage|p2a: Kingambit|2/100
|-heal|p1a: glorp|100/100|[from] drain|[of] p2a: Kingambit
|move|p2a: Kingambit|Kowtow Cleave|p1a: glorp
|-resisted|p1a: glorp
|-damage|p1a: glorp|68/100
|-damage|p2a: Kingambit|0 fnt|[from] item: Rocky Helmet|[of] p1a: glorp
|faint|p2a: Kingambit
|-end|p2a: Kingambit|fallen5|[silent]
|
|win|flygon_is_the_goat
|raw|flygon_is_the_goat's rating: 1128 &rarr; <strong>1153</strong><br />(+25 for winning)
|raw|paxton herbertson's rating: 1132 &rarr; <strong>1107</strong><br />(-25 for losing)
|l| ohko_smeargle
|l|☆paxton herbertson
|player|p2|
|l|☆flygon_is_the_goat
|player|p1|
