|html|<div class="broadcast-blue"><strong>[Gen 9] OU is currently suspecting Tera Blast! For information on how to participate check out the <a href="https://www.smogon.com/tools/suspects/view/200">suspect thread</a>.</strong></div>
|j|☆ryry_mick
|j|☆jesuspunto
|t:|1776078918
|gametype|singles
|player|p1|ryry_mick|elesa|1160
|player|p2|jesuspunto|170|1174
|gen|9
|tier|[Gen 9] OU
|rated|
|rule|HP Percentage Mod: HP is shown in percentages
|rule|Endless Battle Clause: Forcing endless battles is banned
|rule|Species Clause: Limit one of each Pokémon
|rule|OHKO Clause: OHKO moves are banned
|rule|Evasion Items Clause: Evasion items are banned
|rule|Evasion Moves Clause: Evasion moves are banned
|rule|Evasion Abilities Clause: Evasion abilities are banned
|rule|Sleep Moves Clause: Sleep-inducing moves are banned
|clearpoke
|poke|p1|Tsareena, F|
|poke|p1|Gardevoir, F|
|poke|p1|Azumarill, F|
|poke|p1|Cinccino, F|
|poke|p1|Gengar, M|
|poke|p1|Kingambit, M|
|poke|p2|Glimmora, F|
|poke|p2|Vaporeon, F|
|poke|p2|Malamar, M|
|poke|p2|Snorlax, M|
|poke|p2|Kingambit, F|
|poke|p2|Haxorus, F|
|teampreview
|j| ohko_smeargle
|
|t:|1776078929
|teamsize|p1|6
|teamsize|p2|6
|start
|switch|p1a: W|Gengar, M|100/100
|switch|p2a: Glimmora|Glimmora, F|100/100
|turn|1
|
|t:|1776078947
|move|p1a: W|Focus Blast|p2a: Glimmora|[miss]
|-miss|p1a: W|p2a: Glimmora
|move|p2a: Glimmora|Earth Power|p1a: W
|-supereffective|p1a: W
|-damage|p1a: W|0 fnt
|faint|p1a: W
|
|upkeep
|
|t:|1776078969
|switch|p1a: Theresia|Gardevoir, F|100/100
|turn|2
|
|t:|1776078982
|switch|p2a: Snorlax|Snorlax, M|100/100
|move|p1a: Theresia|Focus Blast|p2a: Snorlax
|-supereffective|p2a: Snorlax
|-damage|p2a: Snorlax|62/100
|
|upkeep
|turn|3
|
|t:|1776079001
|switch|p1a: Amiya|Azumarill, F|100/100
|move|p2a: Snorlax|Body Slam|p1a: Amiya
|-damage|p1a: Amiya|66/100
|-status|p1a: Amiya|par
|
|upkeep
|turn|4
|
|t:|1776079011
|switch|p2a: Kingambit|Kingambit, F, shiny|100/100
|cant|p1a: Amiya|par
|
|upkeep
|turn|5
|
|t:|1776079017
|move|p2a: Kingambit|Iron Head|p1a: Amiya
|-damage|p1a: Amiya|21/100 par
|-enditem|p1a: Amiya|Sitrus Berry|[eat]
|-heal|p1a: Amiya|46/100 par|[from] item: Sitrus Berry
|move|p1a: Amiya|Belly Drum||[still]
|-fail|p1a: Amiya
|
|upkeep
|turn|6
|
|t:|1776079026
|move|p2a: Kingambit|Swords Dance|p2a: Kingambit
|-boost|p2a: Kingambit|atk|2
|cant|p1a: Amiya|par
|
|upkeep
|turn|7
|
|t:|1776079031
|move|p2a: Kingambit|Swords Dance|p2a: Kingambit
|-boost|p2a: Kingambit|atk|2
|cant|p1a: Amiya|par
|
|upkeep
|turn|8
|
|t:|1776079036
|move|p2a: Kingambit|Iron Head|p1a: Amiya
|-damage|p1a: Amiya|0 fnt
|faint|p1a: Amiya
|
|upkeep
|c|☆jesuspunto|sorry bro
|
|t:|1776079052
|switch|p1a: Priestess|Tsareena, F|100/100
|turn|9
|
|t:|1776079056
|move|p2a: Kingambit|Sucker Punch||[still]
|cant|p1a: Priestess|ability: Queenly Majesty|Sucker Punch|[of] p2a: Kingambit
|move|p1a: Priestess|High Jump Kick|p2a: Kingambit
|-supereffective|p2a: Kingambit
|-damage|p2a: Kingambit|0 fnt
|faint|p2a: Kingambit
|-end|p2a: Kingambit|fallenundefined|[silent]
|
|upkeep
|
|t:|1776079065
|switch|p2a: Haxorus|Haxorus, F|100/100
|turn|10
|
|t:|1776079089
|switch|p1a: Theresia|Gardevoir, F|100/100
|move|p2a: Haxorus|Swords Dance|p2a: Haxorus
|-boost|p2a: Haxorus|atk|2
|
|upkeep
|turn|11
|
|t:|1776079099
|move|p2a: Haxorus|Iron Head|p1a: Theresia
|-supereffective|p1a: Theresia
|-damage|p1a: Theresia|0 fnt
|faint|p1a: Theresia
|
|upkeep
|
|t:|1776079105
|switch|p1a: Kal’tsit|Cinccino, F|100/100
|turn|12
|
|t:|1776079114
|move|p1a: Kal’tsit|Triple Axel|p2a: Haxorus|[miss]
|-miss|p1a: Kal’tsit|p2a: Haxorus
|move|p2a: Haxorus|Close Combat|p1a: Kal’tsit
|-supereffective|p1a: Kal’tsit
|-damage|p1a: Kal’tsit|0 fnt
|-unboost|p2a: Haxorus|def|1
|-unboost|p2a: Haxorus|spd|1
|faint|p1a: Kal’tsit
|
|upkeep
|
|t:|1776079125
|switch|p1a: Doctor|Kingambit, M|100/100
|-activate|p1a: Doctor|ability: Supreme Overlord
|-start|p1a: Doctor|fallen4|[silent]
|turn|13
|
|t:|1776079130
|move|p1a: Doctor|Sucker Punch|p2a: Haxorus
|-damage|p2a: Haxorus|0 fnt
|faint|p2a: Haxorus
|-damage|p1a: Doctor|91/100|[from] item: Life Orb
|
|upkeep
|
|t:|1776079135
|switch|p2a: Glimmora|Glimmora, F|100/100
|turn|14
|
|t:|1776079144
|move|p1a: Doctor|Sucker Punch||[still]
|-fail|p1a: Doctor
|move|p2a: Glimmora|Stealth Rock|p1a: Doctor
|-sidestart|p1: ryry_mick|move: Stealth Rock
|
|upkeep
|turn|15
|
|t:|1776079147
|move|p1a: Doctor|Sucker Punch|p2a: Glimmora
|-damage|p2a: Glimmora|10/100
|-activate|p2a: Glimmora|ability: Toxic Debris
|-sidestart|p1: ryry_mick|move: Toxic Spikes
|-damage|p1a: Doctor|81/100|[from] item: Life Orb
|move|p2a: Glimmora|Earth Power|p1a: Doctor
|-supereffective|p1a: Doctor
|-damage|p1a: Doctor|17/100
|
|upkeep
|turn|16
|
|t:|1776079158
|move|p1a: Doctor|Sucker Punch|p2a: Glimmora
|-damage|p2a: Glimmora|0 fnt
|-activate|p2a: Glimmora|ability: Toxic Debris
|-sidestart|p1: ryry_mick|move: Toxic Spikes
|faint|p2a: Glimmora
|-damage|p1a: Doctor|7/100|[from] item: Life Orb
|
|upkeep
|
|t:|1776079160
|switch|p2a: Malamar|Malamar, M|100/100
|turn|17
|
|t:|1776079165
|-terastallize|p2a: Malamar|Steel
|move|p2a: Malamar|Knock Off|p1a: Doctor
|-resisted|p1a: Doctor
|-damage|p1a: Doctor|0 fnt
|-enditem|p1a: Doctor|Life Orb|[from] move: Knock Off|[of] p2a: Malamar
|faint|p1a: Doctor
|-end|p1a: Doctor|fallen4|[silent]
|
|upkeep
|
|t:|1776079169
|switch|p1a: Priestess|Tsareena, F|100/100
|-damage|p1a: Priestess|88/100|[from] Stealth Rock
|-status|p1a: Priestess|tox
|turn|18
|
|t:|1776079177
|-terastallize|p1a: Priestess|Normal
|move|p2a: Malamar|Knock Off|p1a: Priestess
|-damage|p1a: Priestess|55/100 tox
|-enditem|p1a: Priestess|Assault Vest|[from] move: Knock Off|[of] p2a: Malamar
|move|p1a: Priestess|Rapid Spin|p2a: Malamar
|-resisted|p2a: Malamar
|-damage|p2a: Malamar|83/100
|-boost|p1a: Priestess|spe|1
|-sideend|p1: ryry_mick|Toxic Spikes|[from] move: Rapid Spin|[of] p1a: Priestess
|-sideend|p1: ryry_mick|Stealth Rock|[from] move: Rapid Spin|[of] p1a: Priestess
|
|-heal|p2a: Malamar|89/100|[from] item: Leftovers
|-damage|p1a: Priestess|49/100 tox|[from] psn
|upkeep
|turn|19
|
|t:|1776079184
|move|p1a: Priestess|High Jump Kick|p2a: Malamar
|-supereffective|p2a: Malamar
|-damage|p2a: Malamar|2/100
|move|p2a: Malamar|Superpower|p1a: Priestess
|-supereffective|p1a: Priestess
|-damage|p1a: Priestess|1/100 tox
|-boost|p2a: Malamar|atk|1
|-boost|p2a: Malamar|def|1
|
|-heal|p2a: Malamar|8/100|[from] item: Leftovers
|-damage|p1a: Priestess|0 fnt|[from] psn
|faint|p1a: Priestess
|
|win|jesuspunto
|raw|ryry_mick's rating: 1160 &rarr; <strong>1136</strong><br />(-24 for losing)
|raw|jesuspunto's rating: 1174 &rarr; <strong>1198</strong><br />(+24 for winning)
|l| ohko_smeargle
|l|☆jesuspunto
|player|p2|
|l|☆ryry_mick
|player|p1|
