|html|<div class="broadcast-blue"><strong>[Gen 9] OU is currently suspecting Volcarona! For information on how to participate check out the <a href="https://www.smogon.com/tools/suspects/view/208">suspect thread</a>.</strong></div>
|j|☆iffyDinosaur
|j|☆effilyg
|t:|1778507086
|gametype|singles
|player|p1|iffyDinosaur|170|1281
|player|p2|effilyg|1|1211
|gen|9
|tier|[Gen 9] OU
|rated|
|rule|HP Percentage Mod: HP is shown in percentages
|rule|Endless Battle Clause: Forcing endless battles is banned
|rule|Species Clause: Limit one of each Pokémon
|rule|OHKO Clause: OHKO moves are banned
|rule|Evasion Items Clause: Evasion items are banned
|rule|Evasion Moves Clause: Evasion moves are banned
|rule|Evasion Abilities Clause: Evasion abilities are banned
|rule|Sleep Moves Clause: Sleep-inducing moves are banned
|clearpoke
|poke|p1|Barraskewda, F|
|poke|p1|Gastrodon-East, F|
|poke|p1|Pelipper, F|
|poke|p1|Quaquaval, F|
|poke|p1|Golduck, F|
|poke|p1|Primarina, F|
|poke|p2|Hawlucha, F|
|poke|p2|Samurott-Hisui, F|
|poke|p2|Rillaboom, F|
|poke|p2|Gholdengo|
|poke|p2|Kyurem|
|poke|p2|Landorus-Therian, M|
|teampreview
|
|t:|1778507090
|teamsize|p1|6
|teamsize|p2|6
|start
|switch|p1a: Pelipper|Pelipper, F|100/100
|switch|p2a: Rillaboom|Rillaboom, F|100/100
|-fieldstart|move: Grassy Terrain|[from] ability: Grassy Surge|[of] p2a: Rillaboom
|-weather|RainDance|[from] ability: Drizzle|[of] p1a: Pelipper
|turn|1
|
|t:|1778507104
|switch|p2a: Gholdengo|Gholdengo|100/100
|move|p1a: Pelipper|U-turn|p2a: Gholdengo
|-resisted|p2a: Gholdengo
|-damage|p2a: Gholdengo|98/100
|
|t:|1778507123
|switch|p1a: Barraskewda|Barraskewda, F, shiny|100/100|[from] U-turn
|
|-weather|RainDance|[upkeep]
|-heal|p2a: Gholdengo|100/100|[from] Grassy Terrain
|upkeep
|turn|2
|
|t:|1778507134
|move|p1a: Barraskewda|Crunch|p2a: Gholdengo
|-supereffective|p2a: Gholdengo
|-damage|p2a: Gholdengo|9/100
|move|p2a: Gholdengo|Shadow Ball|p1a: Barraskewda
|-damage|p1a: Barraskewda|10/100
|-unboost|p1a: Barraskewda|spd|1
|
|-weather|RainDance|[upkeep]
|-heal|p1a: Barraskewda|16/100|[from] Grassy Terrain
|-heal|p2a: Gholdengo|15/100|[from] Grassy Terrain
|upkeep
|turn|3
|
|t:|1778507148
|move|p1a: Barraskewda|Crunch|p2a: Gholdengo
|-supereffective|p2a: Gholdengo
|-damage|p2a: Gholdengo|0 fnt
|faint|p2a: Gholdengo
|
|-weather|RainDance|[upkeep]
|-heal|p1a: Barraskewda|23/100|[from] Grassy Terrain
|upkeep
|
|t:|1778507151
|switch|p2a: Rillaboom|Rillaboom, F|100/100
|turn|4
|
|t:|1778507170
|switch|p1a: Gastrodon|Gastrodon-East, F|100/100
|move|p2a: Rillaboom|Swords Dance|p2a: Rillaboom
|-boost|p2a: Rillaboom|atk|2
|
|-weather|RainDance|[upkeep]
|upkeep
|turn|5
|
|t:|1778507183
|move|p2a: Rillaboom|Wood Hammer|p1a: Gastrodon
|-supereffective|p1a: Gastrodon
|-damage|p1a: Gastrodon|0 fnt
|faint|p1a: Gastrodon
|-damage|p2a: Rillaboom|62/100|[from] Recoil
|
|-weather|RainDance|[upkeep]
|-heal|p2a: Rillaboom|69/100|[from] Grassy Terrain
|-fieldend|move: Grassy Terrain
|upkeep
|
|t:|1778507200
|switch|p1a: Golduck|Golduck, F|100/100
|turn|6
|
|t:|1778507207
|switch|p2a: Kyurem|Kyurem|100/100
|-ability|p2a: Kyurem|Pressure
|move|p1a: Golduck|Ice Beam|p2a: Kyurem
|-damage|p2a: Kyurem|74/100
|
|-weather|RainDance|[upkeep]
|upkeep
|turn|7
|
|t:|1778507217
|switch|p1a: Primarina|Primarina, F|100/100
|move|p2a: Kyurem|Freeze-Dry|p1a: Primarina
|-supereffective|p1a: Primarina
|-damage|p1a: Primarina|34/100
|
|-weather|RainDance|[upkeep]
|upkeep
|turn|8
|
|t:|1778507228
|-terastallize|p1a: Primarina|Fairy
|move|p2a: Kyurem|Freeze-Dry|p1a: Primarina
|-crit|p1a: Primarina
|-damage|p1a: Primarina|0 fnt
|faint|p1a: Primarina
|
|-weather|none
|upkeep
|
|t:|1778507239
|switch|p1a: Quaquaval|Quaquaval, F|100/100
|turn|9
|
|t:|1778507248
|switch|p2a: Rillaboom|Rillaboom, F|69/100
|-fieldstart|move: Grassy Terrain|[from] ability: Grassy Surge|[of] p2a: Rillaboom
|move|p1a: Quaquaval|Aqua Step|p2a: Rillaboom
|-resisted|p2a: Rillaboom
|-damage|p2a: Rillaboom|45/100
|-boost|p1a: Quaquaval|spe|1
|
|-heal|p2a: Rillaboom|51/100|[from] Grassy Terrain
|upkeep
|turn|10
|
|t:|1778507259
|move|p2a: Rillaboom|Grassy Glide|p1a: Quaquaval
|-supereffective|p1a: Quaquaval
|-damage|p1a: Quaquaval|0 fnt
|faint|p1a: Quaquaval
|
|-heal|p2a: Rillaboom|57/100|[from] Grassy Terrain
|upkeep
|
|t:|1778507284
|switch|p1a: Pelipper|Pelipper, F|100/100
|-weather|RainDance|[from] ability: Drizzle|[of] p1a: Pelipper
|turn|11
|
|t:|1778507302
|switch|p2a: Samurott|Samurott-Hisui, F|100/100
|move|p1a: Pelipper|Hurricane|p2a: Samurott
|-crit|p2a: Samurott
|-damage|p2a: Samurott|65/100
|
|-weather|RainDance|[upkeep]
|-heal|p2a: Samurott|71/100|[from] Grassy Terrain
|upkeep
|turn|12
|
|t:|1778507315
|move|p2a: Samurott|Knock Off|p1a: Pelipper
|-damage|p1a: Pelipper|67/100
|-enditem|p1a: Pelipper|Damp Rock|[from] move: Knock Off|[of] p2a: Samurott
|move|p1a: Pelipper|U-turn|p2a: Samurott
|-supereffective|p2a: Samurott
|-damage|p2a: Samurott|53/100
|
|t:|1778507327
|switch|p1a: Barraskewda|Barraskewda, F, shiny|23/100|[from] U-turn
|
|-weather|RainDance|[upkeep]
|-heal|p1a: Barraskewda|29/100|[from] Grassy Terrain
|-heal|p2a: Samurott|59/100|[from] Grassy Terrain
|upkeep
|turn|13
|
|t:|1778507335
|move|p2a: Samurott|Sucker Punch|p1a: Barraskewda
|-damage|p1a: Barraskewda|0 fnt
|faint|p1a: Barraskewda
|
|-weather|RainDance|[upkeep]
|-heal|p2a: Samurott|65/100|[from] Grassy Terrain
|-fieldend|move: Grassy Terrain
|upkeep
|
|t:|1778507342
|switch|p1a: Golduck|Golduck, F|100/100
|turn|14
|
|t:|1778507347
|move|p1a: Golduck|Grass Knot|p2a: Samurott
|-supereffective|p2a: Samurott
|-damage|p2a: Samurott|18/100
|move|p2a: Samurott|Ceaseless Edge|p1a: Golduck
|-damage|p1a: Golduck|42/100
|-sidestart|p1: iffyDinosaur|Spikes
|
|-weather|RainDance|[upkeep]
|upkeep
|turn|15
|
|t:|1778507357
|move|p2a: Samurott|Sucker Punch|p1a: Golduck
|-damage|p1a: Golduck|4/100
|move|p1a: Golduck|Grass Knot|p2a: Samurott
|-supereffective|p2a: Samurott
|-damage|p2a: Samurott|0 fnt
|faint|p2a: Samurott
|
|-weather|RainDance|[upkeep]
|upkeep
|
|t:|1778507363
|switch|p2a: Rillaboom|Rillaboom, F|57/100
|-fieldstart|move: Grassy Terrain|[from] ability: Grassy Surge|[of] p2a: Rillaboom
|turn|16
|
|t:|1778507371
|switch|p1a: Pelipper|Pelipper, F|67/100
|move|p2a: Rillaboom|Grassy Glide|p1a: Pelipper
|-damage|p1a: Pelipper|34/100
|
|-weather|RainDance|[upkeep]
|-heal|p2a: Rillaboom|64/100|[from] Grassy Terrain
|upkeep
|turn|17
|
|t:|1778507383
|move|p2a: Rillaboom|Wood Hammer|p1a: Pelipper
|-damage|p1a: Pelipper|0 fnt
|faint|p1a: Pelipper
|-damage|p2a: Rillaboom|54/100|[from] Recoil
|
|-weather|RainDance|[upkeep]
|-heal|p2a: Rillaboom|60/100|[from] Grassy Terrain
|upkeep
|-message|iffyDinosaur forfeited.
|
|win|effilyg
|raw|iffyDinosaur's rating: 1281 &rarr; <strong>1251</strong><br />(-30 for losing)
|raw|effilyg's rating: 1211 &rarr; <strong>1241</strong><br />(+30 for winning)
|l|☆iffyDinosaur
|player|p1|
|l|☆effilyg
|player|p2|
