|html|<div class="broadcast-blue"><strong>[Gen 9] OU is currently suspecting Tera Blast! For information on how to participate check out the <a href="https://www.smogon.com/tools/suspects/view/200">suspect thread</a>.</strong></div>
|j|☆Mysterion-911
|j|☆m709lkjo
|t:|1776036676
|gametype|singles
|player|p1|Mysterion-911|lucas|1339
|player|p2|m709lkjo|102|1332
|gen|9
|tier|[Gen 9] OU
|rated|
|rule|HP Percentage Mod: HP is shown in percentages
|rule|Endless Battle Clause: Forcing endless battles is banned
|rule|Species Clause: Limit one of each Pokémon
|rule|OHKO Clause: OHKO moves are banned
|rule|Evasion Items Clause: Evasion items are banned
|rule|Evasion Moves Clause: Evasion moves are banned
|rule|Evasion Abilities Clause: Evasion abilities are banned
|rule|Sleep Moves Clause: Sleep-inducing moves are banned
|clearpoke
|poke|p1|Hatterene, F|
|poke|p1|Ursaluna, M|
|poke|p1|Porygon2|
|poke|p1|Cresselia, F|
|poke|p1|Iron Hands|
|poke|p1|Volcanion|
|poke|p2|Drifblim, M|
|poke|p2|Corviknight, M|
|poke|p2|Alomomola, F|
|poke|p2|Blaziken, M|
|poke|p2|Kleavor, F|
|poke|p2|Hoopa-Unbound|
|teampreview
|inactive|Battle timer is ON: inactive players will automatically lose when time's up. (requested by m709lkjo)
|c|☆m709lkjo|gl hf
|
|t:|1776036683
|teamsize|p1|6
|teamsize|p2|6
|start
|switch|p1a: Hatterene|Hatterene, F, shiny|100/100
|switch|p2a: Kleavor|Kleavor, F|100/100
|turn|1
|
|t:|1776036690
|move|p2a: Kleavor|Stone Axe|p1a: Hatterene
|-damage|p1a: Hatterene|45/100
|-sidestart|p1: Mysterion-911|move: Stealth Rock
|move|p1a: Hatterene|Trick Room|p1a: Hatterene
|-fieldstart|move: Trick Room|[of] p1a: Hatterene
|
|upkeep
|turn|2
|
|t:|1776036712
|switch|p2a: Alomomola|Alomomola, F|100/100
|move|p1a: Hatterene|Dazzling Gleam|p2a: Alomomola
|-damage|p2a: Alomomola|48/100
|
|upkeep
|turn|3
|
|t:|1776036720
|switch|p2a: Corviknight|Corviknight, M|100/100
|move|p1a: Hatterene|Dazzling Gleam|p2a: Corviknight
|-resisted|p2a: Corviknight
|-damage|p2a: Corviknight|84/100
|
|-heal|p2a: Corviknight|90/100|[from] item: Leftovers
|upkeep
|turn|4
|
|t:|1776036734
|switch|p1a: Volcanion|Volcanion|100/100
|-damage|p1a: Volcanion|76/100|[from] Stealth Rock
|switch|p2a: Alomomola|Alomomola, F|82/100
|
|upkeep
|turn|5
|
|t:|1776036748
|switch|p2a: Kleavor|Kleavor, F|100/100
|move|p1a: Volcanion|Sludge Bomb|p2a: Kleavor
|-resisted|p2a: Kleavor
|-damage|p2a: Kleavor|71/100
|
|-fieldend|move: Trick Room
|upkeep
|turn|6
|
|t:|1776036755
|move|p2a: Kleavor|Stone Axe|p1a: Volcanion
|-supereffective|p1a: Volcanion
|-damage|p1a: Volcanion|0 fnt
|faint|p1a: Volcanion
|
|upkeep
|
|t:|1776036762
|switch|p1a: Porygon2|Porygon2|100/100
|-damage|p1a: Porygon2|88/100|[from] Stealth Rock
|-ability|p1a: Porygon2|Download|boost
|-boost|p1a: Porygon2|spa|1
|turn|7
|
|t:|1776036771
|switch|p2a: Hoopa|Hoopa-Unbound|100/100
|move|p1a: Porygon2|Ice Beam|p2a: Hoopa
|-damage|p2a: Hoopa|60/100
|
|upkeep
|turn|8
|
|t:|1776036780
|move|p2a: Hoopa|Fling|p1a: Porygon2
|-damage|p1a: Porygon2|36/100
|-enditem|p2a: Hoopa|Big Nugget|[from] move: Fling
|move|p1a: Porygon2|Trick Room|p1a: Porygon2
|-fieldstart|move: Trick Room|[of] p1a: Porygon2
|
|upkeep
|turn|9
|
|t:|1776036790
|move|p1a: Porygon2|Tri Attack|p2a: Hoopa
|-damage|p2a: Hoopa|8/100
|move|p2a: Hoopa|Psychic|p1a: Porygon2
|-damage|p1a: Porygon2|2/100
|-item|p2a: Hoopa|Eviolite|[from] ability: Magician|[of] p1a: Porygon2
|
|upkeep
|turn|10
|
|t:|1776036801
|move|p1a: Porygon2|Tri Attack|p2a: Hoopa
|-damage|p2a: Hoopa|0 fnt
|faint|p2a: Hoopa
|
|upkeep
|
|t:|1776036809
|switch|p2a: Alomomola|Alomomola, F|100/100
|turn|11
|
|t:|1776036812
|move|p2a: Alomomola|Aqua Jet|p1a: Porygon2
|-damage|p1a: Porygon2|0 fnt
|faint|p1a: Porygon2
|
|upkeep
|
|t:|1776036819
|switch|p1a: Iron Hands|Iron Hands|100/100
|-damage|p1a: Iron Hands|94/100|[from] Stealth Rock
|-enditem|p1a: Iron Hands|Booster Energy
|-activate|p1a: Iron Hands|ability: Quark Drive|[fromitem]
|-start|p1a: Iron Hands|quarkdriveatk
|turn|12
|
|t:|1776036825
|move|p1a: Iron Hands|Wild Charge|p2a: Alomomola
|-supereffective|p2a: Alomomola
|-damage|p2a: Alomomola|23/100
|-damage|p1a: Iron Hands|78/100|[from] item: Rocky Helmet|[of] p2a: Alomomola
|-damage|p1a: Iron Hands|57/100|[from] Recoil
|move|p2a: Alomomola|Flip Turn|p1a: Iron Hands
|-damage|p1a: Iron Hands|46/100
|
|t:|1776036836
|switch|p2a: Blaziken|Blaziken, M|100/100|[from] Flip Turn
|
|-fieldend|move: Trick Room
|upkeep
|turn|13
|
|t:|1776036845
|move|p2a: Blaziken|Flare Blitz|p1a: Iron Hands
|-damage|p1a: Iron Hands|0 fnt
|faint|p1a: Iron Hands
|-end|p1a: Iron Hands|Quark Drive|[silent]
|-damage|p2a: Blaziken|75/100|[from] Recoil
|-damage|p2a: Blaziken|65/100|[from] item: Life Orb
|
|-ability|p2a: Blaziken|Speed Boost|boost
|-boost|p2a: Blaziken|spe|1
|upkeep
|
|t:|1776036854
|switch|p1a: Hatterene|Hatterene, F, shiny|45/100
|-damage|p1a: Hatterene|32/100|[from] Stealth Rock
|turn|14
|
|t:|1776036860
|move|p2a: Blaziken|Flare Blitz|p1a: Hatterene
|-damage|p1a: Hatterene|0 fnt
|faint|p1a: Hatterene
|-damage|p2a: Blaziken|54/100|[from] Recoil
|-damage|p2a: Blaziken|44/100|[from] item: Life Orb
|
|-ability|p2a: Blaziken|Speed Boost|boost
|-boost|p2a: Blaziken|spe|1
|upkeep
|
|t:|1776036871
|switch|p1a: Cresselia|Cresselia, F, shiny|100/100
|-damage|p1a: Cresselia|88/100|[from] Stealth Rock
|turn|15
|
|t:|1776036879
|switch|p2a: Alomomola|Alomomola, F|56/100
|move|p1a: Cresselia|Trick Room|p1a: Cresselia
|-fieldstart|move: Trick Room|[of] p1a: Cresselia
|
|upkeep
|turn|16
|
|t:|1776036889
|switch|p2a: Kleavor|Kleavor, F|71/100
|move|p1a: Cresselia|Moonblast|p2a: Kleavor
|-damage|p2a: Kleavor|46/100
|-unboost|p2a: Kleavor|spa|1
|
|upkeep
|turn|17
|
|t:|1776036897
|switch|p1a: Ursaluna|Ursaluna, M|100/100
|-damage|p1a: Ursaluna|94/100|[from] Stealth Rock
|move|p2a: Kleavor|U-turn|p1a: Ursaluna
|-damage|p1a: Ursaluna|66/100
|
|t:|1776036915
|switch|p2a: Alomomola|Alomomola, F|90/100|[from] U-turn
|
|-status|p1a: Ursaluna|brn|[from] item: Flame Orb
|upkeep
|turn|18
|
|t:|1776036923
|-terastallize|p1a: Ursaluna|Normal
|move|p2a: Alomomola|Flip Turn|p1a: Ursaluna
|-damage|p1a: Ursaluna|54/100 brn
|
|t:|1776036933
|switch|p2a: Drifblim|Drifblim, M|100/100|[from] Flip Turn
|move|p1a: Ursaluna|Facade|p2a: Drifblim
|-immune|p2a: Drifblim
|
|-damage|p1a: Ursaluna|48/100 brn|[from] brn
|upkeep
|turn|19
|
|t:|1776036944
|move|p1a: Ursaluna|Fire Punch|p2a: Drifblim
|-damage|p2a: Drifblim|64/100
|move|p2a: Drifblim|Strength Sap|p1a: Ursaluna
|-unboost|p1a: Ursaluna|atk|1
|-heal|p2a: Drifblim|100/100
|
|-damage|p1a: Ursaluna|42/100 brn|[from] brn
|-fieldend|move: Trick Room
|upkeep
|turn|20
|
|t:|1776036953
|switch|p1a: Cresselia|Cresselia, F, shiny|88/100
|-damage|p1a: Cresselia|76/100|[from] Stealth Rock
|move|p2a: Drifblim|Knock Off|p1a: Cresselia
|-supereffective|p1a: Cresselia
|-damage|p1a: Cresselia|56/100
|-enditem|p1a: Cresselia|Mental Herb|[from] move: Knock Off|[of] p2a: Drifblim
|
|upkeep
|turn|21
|
|t:|1776036962
|switch|p2a: Kleavor|Kleavor, F|46/100
|move|p1a: Cresselia|Trick Room|p1a: Cresselia
|-fieldstart|move: Trick Room|[of] p1a: Cresselia
|
|upkeep
|turn|22
|
|t:|1776036971
|move|p1a: Cresselia|Psychic|p2a: Kleavor
|-damage|p2a: Kleavor|8/100
|move|p2a: Kleavor|U-turn|p1a: Cresselia
|-supereffective|p1a: Cresselia
|-damage|p1a: Cresselia|12/100
|
|t:|1776036986
|switch|p2a: Corviknight|Corviknight, M|90/100|[from] U-turn
|
|-heal|p2a: Corviknight|96/100|[from] item: Leftovers
|upkeep
|turn|23
|
|t:|1776036994
|move|p1a: Cresselia|Lunar Dance|p1a: Cresselia
|faint|p1a: Cresselia
|move|p2a: Corviknight|Bulk Up|p2a: Corviknight
|-boost|p2a: Corviknight|atk|1
|-boost|p2a: Corviknight|def|1
|
|-heal|p2a: Corviknight|100/100|[from] item: Leftovers
|upkeep
|
|t:|1776037001
|switch|p1a: Ursaluna|Ursaluna, M, tera:Normal|42/100 brn
|-heal|p1a: Ursaluna|100/100|[from] move: Lunar Dance
|-damage|p1a: Ursaluna|88/100|[from] Stealth Rock
|turn|24
|
|t:|1776037007
|move|p1a: Ursaluna|Fire Punch|p2a: Corviknight
|-supereffective|p2a: Corviknight
|-damage|p2a: Corviknight|65/100
|move|p2a: Corviknight|Bulk Up|p2a: Corviknight
|-boost|p2a: Corviknight|atk|1
|-boost|p2a: Corviknight|def|1
|
|-heal|p2a: Corviknight|72/100|[from] item: Leftovers
|-status|p1a: Ursaluna|brn|[from] item: Flame Orb
|upkeep
|turn|25
|
|t:|1776037030
|move|p1a: Ursaluna|Fire Punch|p2a: Corviknight
|-supereffective|p2a: Corviknight
|-damage|p2a: Corviknight|31/100
|move|p2a: Corviknight|Bulk Up|p2a: Corviknight
|-boost|p2a: Corviknight|atk|1
|-boost|p2a: Corviknight|def|1
|
|-heal|p2a: Corviknight|37/100|[from] item: Leftovers
|-damage|p1a: Ursaluna|82/100 brn|[from] brn
|-fieldend|move: Trick Room
|upkeep
|turn|26
|
|t:|1776037039
|move|p2a: Corviknight|Roost|p2a: Corviknight
|-heal|p2a: Corviknight|87/100
|-singleturn|p2a: Corviknight|move: Roost
|move|p1a: Ursaluna|Fire Punch|p2a: Corviknight
|-supereffective|p2a: Corviknight
|-damage|p2a: Corviknight|57/100
|
|-heal|p2a: Corviknight|63/100|[from] item: Leftovers
|-damage|p1a: Ursaluna|76/100 brn|[from] brn
|upkeep
|turn|27
|inactive|Mysterion-911 has 120 seconds left.
|
|t:|1776037066
|move|p2a: Corviknight|Power Trip|p1a: Ursaluna
|-damage|p1a: Ursaluna|23/100 brn
|move|p1a: Ursaluna|Fire Punch|p2a: Corviknight
|-supereffective|p2a: Corviknight
|-damage|p2a: Corviknight|32/100
|
|-heal|p2a: Corviknight|38/100|[from] item: Leftovers
|-damage|p1a: Ursaluna|17/100 brn|[from] brn
|upkeep
|turn|28
|c|☆m709lkjo|gg
|inactive|Mysterion-911 has 120 seconds left.
|
|t:|1776037077
|move|p2a: Corviknight|Power Trip|p1a: Ursaluna
|-damage|p1a: Ursaluna|0 fnt
|faint|p1a: Ursaluna
|
|win|m709lkjo
|raw|Mysterion-911's rating: 1339 &rarr; <strong>1319</strong><br />(-20 for losing)
|raw|m709lkjo's rating: 1332 &rarr; <strong>1352</strong><br />(+20 for winning)
|l|☆Mysterion-911
|player|p1|
|l|☆m709lkjo
|player|p2|
