|html|<div class="broadcast-blue"><strong>[Gen 9] OU is currently suspecting Tera Blast! For information on how to participate check out the <a href="https://www.smogon.com/tools/suspects/view/200">suspect thread</a>.</strong></div>
|j|☆lololooopp
|j|☆Guccigooch
|t:|1776103907
|gametype|singles
|player|p1|lololooopp|cyrus|1155
|player|p2|Guccigooch|266|1165
|gen|9
|tier|[Gen 9] OU
|rated|
|rule|HP Percentage Mod: HP is shown in percentages
|rule|Endless Battle Clause: Forcing endless battles is banned
|rule|Species Clause: Limit one of each Pokémon
|rule|OHKO Clause: OHKO moves are banned
|rule|Evasion Items Clause: Evasion items are banned
|rule|Evasion Moves Clause: Evasion moves are banned
|rule|Evasion Abilities Clause: Evasion abilities are banned
|rule|Sleep Moves Clause: Sleep-inducing moves are banned
|clearpoke
|poke|p1|Tyranitar, F|
|poke|p1|Iron Valiant|
|poke|p1|Garchomp, F|
|poke|p1|Kingambit, M|
|poke|p1|Scizor, F|
|poke|p1|Sceptile, F|
|poke|p2|Tornadus-Therian, M|
|poke|p2|Corviknight, F|
|poke|p2|Iron Jugulis|
|poke|p2|Braviary, M|
|poke|p2|Flamigo, M|
|poke|p2|Moltres-Galar|
|teampreview
|
|t:|1776103924
|teamsize|p1|6
|teamsize|p2|6
|start
|switch|p1a: Iron Valiant|Iron Valiant|100/100
|switch|p2a: Corviknight|Corviknight, F|100/100
|-enditem|p1a: Iron Valiant|Booster Energy
|-activate|p1a: Iron Valiant|ability: Quark Drive|[fromitem]
|-start|p1a: Iron Valiant|quarkdrivespa
|turn|1
|inactive|Battle timer is ON: inactive players will automatically lose when time's up. (requested by Guccigooch)
|
|t:|1776103936
|move|p1a: Iron Valiant|Thunderbolt|p2a: Corviknight
|-supereffective|p2a: Corviknight
|-damage|p2a: Corviknight|45/100
|move|p2a: Corviknight|Drill Peck|p1a: Iron Valiant
|-supereffective|p1a: Iron Valiant
|-damage|p1a: Iron Valiant|47/100
|
|-heal|p2a: Corviknight|51/100|[from] item: Leftovers
|upkeep
|turn|2
|
|t:|1776103958
|move|p1a: Iron Valiant|Thunderbolt|p2a: Corviknight
|-supereffective|p2a: Corviknight
|-damage|p2a: Corviknight|0 fnt
|faint|p2a: Corviknight
|
|upkeep
|
|t:|1776103972
|switch|p2a: Moltres|Moltres-Galar|100/100
|turn|3
|
|t:|1776103978
|move|p2a: Moltres|Air Slash|p1a: Iron Valiant|[miss]
|-miss|p2a: Moltres|p1a: Iron Valiant
|move|p1a: Iron Valiant|Thunderbolt|p2a: Moltres
|-supereffective|p2a: Moltres
|-damage|p2a: Moltres|38/100
|-ability|p2a: Moltres|Berserk|boost
|-boost|p2a: Moltres|spa|1
|
|upkeep
|turn|4
|
|t:|1776103985
|move|p2a: Moltres|Air Slash|p1a: Iron Valiant
|-supereffective|p1a: Iron Valiant
|-damage|p1a: Iron Valiant|0 fnt
|faint|p1a: Iron Valiant
|-end|p1a: Iron Valiant|Quark Drive|[silent]
|
|upkeep
|
|t:|1776103988
|switch|p1a: Scizor|Scizor, F|100/100
|turn|5
|
|t:|1776103993
|move|p1a: Scizor|Bullet Punch|p2a: Moltres
|-crit|p2a: Moltres
|-damage|p2a: Moltres|0 fnt
|faint|p2a: Moltres
|
|upkeep
|
|t:|1776104008
|switch|p2a: Iron Jugulis|Iron Jugulis|100/100
|turn|6
|
|t:|1776104014
|move|p2a: Iron Jugulis|Meteor Beam||[still]
|-prepare|p2a: Iron Jugulis|Meteor Beam
|-boost|p2a: Iron Jugulis|spa|1
|-enditem|p2a: Iron Jugulis|Power Herb
|-anim|p2a: Iron Jugulis|Meteor Beam|p1a: Scizor|[miss]
|-miss|p2a: Iron Jugulis|p1a: Scizor
|move|p1a: Scizor|Swords Dance|p1a: Scizor
|-boost|p1a: Scizor|atk|2
|
|upkeep
|turn|7
|
|t:|1776104037
|move|p1a: Scizor|Bullet Punch|p2a: Iron Jugulis
|-damage|p2a: Iron Jugulis|26/100
|move|p2a: Iron Jugulis|Air Slash|p1a: Scizor
|-damage|p1a: Scizor|23/100
|
|upkeep
|turn|8
|
|t:|1776104043
|move|p1a: Scizor|Bullet Punch|p2a: Iron Jugulis
|-damage|p2a: Iron Jugulis|0 fnt
|faint|p2a: Iron Jugulis
|-end|p2a: Iron Jugulis|Quark Drive|[silent]
|
|upkeep
|
|t:|1776104050
|switch|p2a: Flamigo|Flamigo, M|100/100
|turn|9
|
|t:|1776104054
|move|p1a: Scizor|Bullet Punch|p2a: Flamigo
|-damage|p2a: Flamigo|3/100
|move|p2a: Flamigo|Acrobatics|p1a: Scizor
|-damage|p1a: Scizor|0 fnt
|faint|p1a: Scizor
|
|upkeep
|
|t:|1776104059
|switch|p1a: Sceptile|Sceptile, F|100/100
|turn|10
|
|t:|1776104064
|move|p1a: Sceptile|Dragon Pulse|p2a: Flamigo
|-damage|p2a: Flamigo|0 fnt
|faint|p2a: Flamigo
|
|upkeep
|
|t:|1776104072
|switch|p2a: Tornadus|Tornadus-Therian, M|100/100
|turn|11
|
|t:|1776104075
|-terastallize|p1a: Sceptile|Dragon
|move|p1a: Sceptile|Dragon Pulse|p2a: Tornadus
|-damage|p2a: Tornadus|48/100
|-enditem|p2a: Tornadus|Sitrus Berry|[eat]
|-heal|p2a: Tornadus|73/100|[from] item: Sitrus Berry
|move|p2a: Tornadus|Bleakwind Storm|p1a: Sceptile
|-damage|p1a: Sceptile|36/100
|
|upkeep
|turn|12
|
|t:|1776104085
|move|p1a: Sceptile|Dragon Pulse|p2a: Tornadus
|-damage|p2a: Tornadus|20/100
|move|p2a: Tornadus|Bleakwind Storm|p1a: Sceptile
|-damage|p1a: Sceptile|0 fnt
|faint|p1a: Sceptile
|
|upkeep
|
|t:|1776104089
|switch|p1a: Tyranitar|Tyranitar, F|100/100
|-weather|Sandstorm|[from] ability: Sand Stream|[of] p1a: Tyranitar
|turn|13
|
|t:|1776104097
|move|p2a: Tornadus|U-turn|p1a: Tyranitar
|-supereffective|p1a: Tyranitar
|-damage|p1a: Tyranitar|77/100
|
|t:|1776104099
|switch|p2a: Braviary|Braviary, M|100/100|[from] U-turn
|move|p1a: Tyranitar|Ice Punch|p2a: Braviary
|-supereffective|p2a: Braviary
|-damage|p2a: Braviary|20/100
|
|-weather|Sandstorm|[upkeep]
|-damage|p2a: Braviary|13/100|[from] Sandstorm
|-heal|p1a: Tyranitar|83/100|[from] item: Leftovers
|upkeep
|turn|14
|
|t:|1776104111
|move|p2a: Braviary|Iron Head|p1a: Tyranitar
|-supereffective|p1a: Tyranitar
|-damage|p1a: Tyranitar|9/100
|move|p1a: Tyranitar|Dragon Dance|p1a: Tyranitar
|-boost|p1a: Tyranitar|atk|1
|-boost|p1a: Tyranitar|spe|1
|
|-weather|Sandstorm|[upkeep]
|-damage|p2a: Braviary|7/100|[from] Sandstorm
|-heal|p1a: Tyranitar|15/100|[from] item: Leftovers
|upkeep
|turn|15
|
|t:|1776104122
|move|p1a: Tyranitar|Ice Punch|p2a: Braviary
|-supereffective|p2a: Braviary
|-damage|p2a: Braviary|0 fnt
|faint|p2a: Braviary
|
|-weather|Sandstorm|[upkeep]
|-heal|p1a: Tyranitar|22/100|[from] item: Leftovers
|upkeep
|
|t:|1776104130
|switch|p2a: Tornadus|Tornadus-Therian, M|53/100
|turn|16
|l|☆lololooopp
|inactive|lololooopp disconnected and has a minute to reconnect!
|player|p1|
|j|☆lololooopp
|inactive|lololooopp reconnected and has 135 seconds left.
|player|p1|lololooopp|cyrus|
|
|t:|1776104149
|move|p2a: Tornadus|U-turn|p1a: Tyranitar
|-supereffective|p1a: Tyranitar
|-damage|p1a: Tyranitar|0 fnt
|faint|p1a: Tyranitar
|
|-weather|Sandstorm|[upkeep]
|-damage|p2a: Tornadus|47/100|[from] Sandstorm
|upkeep
|
|t:|1776104154
|switch|p1a: Garchomp|Garchomp, F|100/100
|turn|17
|
|t:|1776104160
|move|p2a: Tornadus|Bleakwind Storm|p1a: Garchomp
|-damage|p1a: Garchomp|54/100
|move|p1a: Garchomp|Scale Shot|p2a: Tornadus
|-damage|p2a: Tornadus|30/100
|-damage|p2a: Tornadus|11/100
|-damage|p2a: Tornadus|0 fnt
|faint|p2a: Tornadus
|-hitcount|p2: Tornadus|3
|
|win|lololooopp
|raw|lololooopp's rating: 1155 &rarr; <strong>1181</strong><br />(+26 for winning)
|raw|Guccigooch's rating: 1165 &rarr; <strong>1139</strong><br />(-26 for losing)
|c|☆Guccigooch|Gg
|l|☆Guccigooch
|player|p2|
|l|☆lololooopp
|player|p1|
