|html|<div class="broadcast-blue"><strong>[Gen 9] OU is currently suspecting Tera Blast! For information on how to participate check out the <a href="https://www.smogon.com/tools/suspects/view/200">suspect thread</a>.</strong></div>
|j|☆SmilingTamamonomae
|j|☆GavilarKholin
|inactive|Battle timer is ON: inactive players will automatically lose when time's up.
|t:|1776071980
|gametype|singles
|player|p1|SmilingTamamonomae|265|
|player|p2|GavilarKholin|fantina|
|gen|9
|tier|[Gen 9] OU
|rated|Tournament battle
|rule|HP Percentage Mod: HP is shown in percentages
|rule|Endless Battle Clause: Forcing endless battles is banned
|rule|Species Clause: Limit one of each Pokémon
|rule|OHKO Clause: OHKO moves are banned
|rule|Evasion Items Clause: Evasion items are banned
|rule|Evasion Moves Clause: Evasion moves are banned
|rule|Evasion Abilities Clause: Evasion abilities are banned
|rule|Sleep Moves Clause: Sleep-inducing moves are banned
|clearpoke
|poke|p1|Garganacl, M|
|poke|p1|Darkrai|
|poke|p1|Great Tusk|
|poke|p1|Hatterene, F|
|poke|p1|Tornadus-Therian, M|
|poke|p1|Dragonite, M|
|poke|p2|Slaking, M|
|poke|p2|Samurott-Hisui, M|
|poke|p2|Gholdengo|
|poke|p2|Pecharunt|
|poke|p2|Raging Bolt|
|poke|p2|Landorus-Therian, M|
|teampreview
|j| BB-8-NU
|j|*Lady Monita 
|j| Oxyderkes
|
|t:|1776071997
|teamsize|p1|6
|teamsize|p2|6
|start
|switch|p1a: Garganacl|Garganacl, M|100/100
|switch|p2a: Slaking|Slaking, M|100/100
|turn|1
|
|t:|1776072005
|move|p1a: Garganacl|Protect|p1a: Garganacl
|-singleturn|p1a: Garganacl|Protect
|move|p2a: Slaking|Knock Off|p1a: Garganacl
|-activate|p1a: Garganacl|move: Protect
|
|upkeep
|turn|2
|
|t:|1776072013
|switch|p2a: Landorus|Landorus-Therian, M|100/100
|-ability|p2a: Landorus|Intimidate|boost
|-unboost|p1a: Garganacl|atk|1
|move|p1a: Garganacl|Stealth Rock|p2a: Landorus
|-sidestart|p2: GavilarKholin|move: Stealth Rock
|
|upkeep
|turn|3
|
|t:|1776072021
|switch|p1a: Tornadus|Tornadus-Therian, M, shiny|100/100
|move|p2a: Landorus|Stealth Rock|p1a: Tornadus
|-sidestart|p1: SmilingTamamonomae|move: Stealth Rock
|
|upkeep
|turn|4
|
|t:|1776072030
|move|p1a: Tornadus|Knock Off|p2a: Landorus
|-damage|p2a: Landorus|79/100
|-damage|p1a: Tornadus|84/100|[from] item: Rocky Helmet|[of] p2a: Landorus
|-enditem|p2a: Landorus|Rocky Helmet|[from] move: Knock Off|[of] p1a: Tornadus
|move|p2a: Landorus|U-turn|p1a: Tornadus
|-resisted|p1a: Tornadus
|-damage|p1a: Tornadus|70/100
|
|t:|1776072037
|switch|p2a: Raging Bolt|Raging Bolt|100/100|[from] U-turn
|
|upkeep
|turn|5
|
|t:|1776072061
|switch|p1a: Hatterene|Hatterene, F|100/100
|-damage|p1a: Hatterene|88/100|[from] Stealth Rock
|move|p2a: Raging Bolt|Thunderbolt|p1a: Hatterene
|-damage|p1a: Hatterene|32/100
|
|upkeep
|turn|6
|j| Moongirlll
|
|t:|1776072077
|move|p2a: Raging Bolt|Volt Switch|p1a: Hatterene
|-damage|p1a: Hatterene|0 fnt
|faint|p1a: Hatterene
|
|t:|1776072082
|-end|p2a: Raging Bolt|Protosynthesis|[silent]
|switch|p2a: Landorus|Landorus-Therian, M|79/100|[from] Volt Switch
|-damage|p2a: Landorus|67/100|[from] Stealth Rock
|
|upkeep
|l| Moongirlll
|
|t:|1776072088
|switch|p1a: Great Tusk|Great Tusk|100/100
|-damage|p1a: Great Tusk|98/100|[from] Stealth Rock
|-enditem|p1a: Great Tusk|Booster Energy
|-activate|p1a: Great Tusk|ability: Protosynthesis|[fromitem]
|-start|p1a: Great Tusk|protosynthesisatk
|turn|7
|
|t:|1776072094
|move|p2a: Landorus|Grass Knot|p1a: Great Tusk
|-supereffective|p1a: Great Tusk
|-damage|p1a: Great Tusk|0 fnt
|faint|p1a: Great Tusk
|-end|p1a: Great Tusk|Protosynthesis|[silent]
|
|upkeep
|
|t:|1776072103
|switch|p1a: Darkrai|Darkrai|100/100
|-damage|p1a: Darkrai|88/100|[from] Stealth Rock
|turn|8
|
|t:|1776072111
|move|p1a: Darkrai|Dark Pulse|p2a: Landorus
|-damage|p2a: Landorus|0 fnt
|faint|p2a: Landorus
|
|upkeep
|inactive|GavilarKholin has 120 seconds left.
|
|t:|1776072164
|switch|p2a: Samurott|Samurott-Hisui, M|100/100
|turn|9
|
|t:|1776072170
|move|p1a: Darkrai|Dark Pulse|p2a: Samurott
|-resisted|p2a: Samurott
|-damage|p2a: Samurott|54/100
|move|p2a: Samurott|Ceaseless Edge|p1a: Darkrai|[miss]
|-miss|p2a: Samurott|p1a: Darkrai
|
|upkeep
|turn|10
|
|t:|1776072174
|move|p1a: Darkrai|Dark Pulse|p2a: Samurott
|-resisted|p2a: Samurott
|-damage|p2a: Samurott|5/100
|cant|p2a: Samurott|flinch
|
|upkeep
|turn|11
|
|t:|1776072182
|move|p2a: Samurott|Sucker Punch|p1a: Darkrai
|-resisted|p1a: Darkrai
|-damage|p1a: Darkrai|66/100
|move|p1a: Darkrai|Dark Pulse|p2a: Samurott
|-resisted|p2a: Samurott
|-damage|p2a: Samurott|0 fnt
|faint|p2a: Samurott
|
|upkeep
|
|t:|1776072189
|switch|p2a: Gholdengo|Gholdengo|100/100
|-damage|p2a: Gholdengo|94/100|[from] Stealth Rock
|turn|12
|
|t:|1776072193
|move|p2a: Gholdengo|Make It Rain|p1a: Darkrai
|-damage|p1a: Darkrai|0 fnt
|-unboost|p2a: Gholdengo|spa|1
|faint|p1a: Darkrai
|
|upkeep
|
|t:|1776072213
|switch|p1a: Garganacl|Garganacl, M|100/100
|-damage|p1a: Garganacl|88/100|[from] Stealth Rock
|turn|13
|
|t:|1776072220
|switch|p2a: Pecharunt|Pecharunt|100/100
|move|p1a: Garganacl|Salt Cure|p2a: Pecharunt
|-crit|p2a: Pecharunt
|-damage|p2a: Pecharunt|85/100
|-start|p2a: Pecharunt|Salt Cure
|
|-heal|p1a: Garganacl|94/100|[from] item: Leftovers
|-damage|p2a: Pecharunt|73/100|[from] Salt Cure
|upkeep
|turn|14
|
|t:|1776072227
|switch|p1a: Tornadus|Tornadus-Therian, M, shiny|100/100
|-damage|p1a: Tornadus|76/100|[from] Stealth Rock
|move|p2a: Pecharunt|Nasty Plot|p2a: Pecharunt
|-boost|p2a: Pecharunt|spa|2
|
|-damage|p2a: Pecharunt|60/100|[from] Salt Cure
|upkeep
|turn|15
|
|t:|1776072230
|move|p1a: Tornadus|Knock Off|p2a: Pecharunt
|-supereffective|p2a: Pecharunt
|-damage|p2a: Pecharunt|33/100
|-enditem|p2a: Pecharunt|Heavy-Duty Boots|[from] move: Knock Off|[of] p1a: Tornadus
|move|p2a: Pecharunt|Malignant Chain|p1a: Tornadus
|-damage|p1a: Tornadus|25/100
|
|-damage|p2a: Pecharunt|20/100|[from] Salt Cure
|upkeep
|turn|16
|
|t:|1776072246
|move|p1a: Tornadus|Bleakwind Storm|p2a: Pecharunt
|-damage|p2a: Pecharunt|0 fnt
|faint|p2a: Pecharunt
|
|upkeep
|
|t:|1776072251
|switch|p2a: Raging Bolt|Raging Bolt|100/100
|turn|17
|
|t:|1776072259
|move|p1a: Tornadus|Knock Off|p2a: Raging Bolt
|-damage|p2a: Raging Bolt|83/100
|-enditem|p2a: Raging Bolt|Heavy-Duty Boots|[from] move: Knock Off|[of] p1a: Tornadus
|move|p2a: Raging Bolt|Thunderbolt|p1a: Tornadus
|-supereffective|p1a: Tornadus
|-crit|p1a: Tornadus
|-damage|p1a: Tornadus|0 fnt
|faint|p1a: Tornadus
|
|upkeep
|
|t:|1776072268
|switch|p1a: Dragonite|Dragonite, M|100/100
|-damage|p1a: Dragonite|76/100|[from] Stealth Rock
|turn|18
|j| nbcares
|
|t:|1776072286
|-end|p2a: Raging Bolt|Protosynthesis|[silent]
|switch|p2a: Slaking|Slaking, M|100/100
|-damage|p2a: Slaking|88/100|[from] Stealth Rock
|-terastallize|p1a: Dragonite|Normal
|move|p1a: Dragonite|Dragon Dance|p1a: Dragonite
|-boost|p1a: Dragonite|atk|1
|-boost|p1a: Dragonite|spe|1
|
|upkeep
|turn|19
|
|t:|1776072304
|-terastallize|p2a: Slaking|Ghost
|move|p1a: Dragonite|Extreme Speed|p2a: Slaking
|-immune|p2a: Slaking
|move|p2a: Slaking|Double-Edge|p1a: Dragonite
|-damage|p1a: Dragonite|0 fnt
|faint|p1a: Dragonite
|-damage|p2a: Slaking|68/100|[from] Recoil
|
|upkeep
|
|t:|1776072307
|switch|p1a: Garganacl|Garganacl, M|94/100
|-damage|p1a: Garganacl|82/100|[from] Stealth Rock
|turn|20
|
|t:|1776072310
|cant|p2a: Slaking|ability: Truant
|move|p1a: Garganacl|Salt Cure|p2a: Slaking
|-damage|p2a: Slaking|57/100
|-start|p2a: Slaking|Salt Cure
|
|-heal|p1a: Garganacl|88/100|[from] item: Leftovers
|-damage|p2a: Slaking|44/100|[from] Salt Cure
|upkeep
|turn|21
|
|t:|1776072318
|move|p1a: Garganacl|Protect|p1a: Garganacl
|-singleturn|p1a: Garganacl|Protect
|move|p2a: Slaking|Double-Edge|p1a: Garganacl
|-activate|p1a: Garganacl|move: Protect
|
|-heal|p1a: Garganacl|94/100|[from] item: Leftovers
|-damage|p2a: Slaking|32/100|[from] Salt Cure
|upkeep
|turn|22
|
|t:|1776072322
|cant|p2a: Slaking|ability: Truant
|move|p1a: Garganacl|Salt Cure|p2a: Slaking
|-damage|p2a: Slaking|21/100
|
|-heal|p1a: Garganacl|100/100|[from] item: Leftovers
|-damage|p2a: Slaking|8/100|[from] Salt Cure
|upkeep
|turn|23
|
|t:|1776072325
|move|p1a: Garganacl|Protect|p1a: Garganacl
|-singleturn|p1a: Garganacl|Protect
|move|p2a: Slaking|Double-Edge|p1a: Garganacl
|-activate|p1a: Garganacl|move: Protect
|
|-damage|p2a: Slaking|0 fnt|[from] Salt Cure
|faint|p2a: Slaking
|upkeep
|
|t:|1776072330
|switch|p2a: Gholdengo|Gholdengo|94/100
|-damage|p2a: Gholdengo|88/100|[from] Stealth Rock
|turn|24
|
|t:|1776072338
|move|p2a: Gholdengo|Trick|p1a: Garganacl
|-activate|p2a: Gholdengo|move: Trick|[of] p1a: Garganacl
|-item|p1a: Garganacl|Choice Scarf|[from] move: Trick
|-item|p2a: Gholdengo|Leftovers|[from] move: Trick
|move|p1a: Garganacl|Recover||[still]
|-fail|p1a: Garganacl|heal
|
|-heal|p2a: Gholdengo|94/100|[from] item: Leftovers
|upkeep
|turn|25
|
|t:|1776072344
|move|p2a: Gholdengo|Make It Rain|p1a: Garganacl
|-supereffective|p1a: Garganacl
|-damage|p1a: Garganacl|11/100
|-unboost|p2a: Gholdengo|spa|1
|move|p1a: Garganacl|Recover|p1a: Garganacl
|-heal|p1a: Garganacl|61/100
|
|-heal|p2a: Gholdengo|100/100|[from] item: Leftovers
|upkeep
|turn|26
|
|t:|1776072349
|move|p2a: Gholdengo|Make It Rain|p1a: Garganacl
|-supereffective|p1a: Garganacl
|-damage|p1a: Garganacl|7/100
|-unboost|p2a: Gholdengo|spa|1
|move|p1a: Garganacl|Recover|p1a: Garganacl
|-heal|p1a: Garganacl|57/100
|
|upkeep
|turn|27
|
|t:|1776072352
|move|p2a: Gholdengo|Make It Rain|p1a: Garganacl
|-supereffective|p1a: Garganacl
|-crit|p1a: Garganacl
|-damage|p1a: Garganacl|0 fnt
|-unboost|p2a: Gholdengo|spa|1
|faint|p1a: Garganacl
|
|win|GavilarKholin
|n|☆SmilingTamamonomae|smilingtamamonomae
|n|☆GavilarKholin|gavilarkholin
|n| BB-8-NU|bb8nu
|n|*Lady Monita |ladymonita
|n| Oxyderkes|oxyderkes
|n| nbcares|nbcares
|l|*Lady Monita 
