|html|<div class="broadcast-blue"><strong>[Gen 9] OU is currently suspecting Tera Blast! For information on how to participate check out the <a href="https://www.smogon.com/tools/suspects/view/200">suspect thread</a>.</strong></div>
|j|☆pkmn_goopert
|j|☆thebambi1234
|t:|1776136227
|gametype|singles
|player|p1|pkmn_goopert|1|1554
|player|p2|thebambi1234|blackbelt-gen4dp|1597
|gen|9
|tier|[Gen 9] OU
|rated|
|rule|HP Percentage Mod: HP is shown in percentages
|rule|Endless Battle Clause: Forcing endless battles is banned
|rule|Species Clause: Limit one of each Pokémon
|rule|OHKO Clause: OHKO moves are banned
|rule|Evasion Items Clause: Evasion items are banned
|rule|Evasion Moves Clause: Evasion moves are banned
|rule|Evasion Abilities Clause: Evasion abilities are banned
|rule|Sleep Moves Clause: Sleep-inducing moves are banned
|clearpoke
|poke|p1|Ninetales-Alola, F|
|poke|p1|Polteageist|
|poke|p1|Great Tusk|
|poke|p1|Manaphy|
|poke|p1|Dragonite, M|
|poke|p1|Kingambit, M|
|poke|p2|Gliscor, F|
|poke|p2|Dondozo, M|
|poke|p2|Corviknight, F|
|poke|p2|Blissey, F|
|poke|p2|Glimmora, F|
|poke|p2|Garganacl, F|
|teampreview
|inactive|Battle timer is ON: inactive players will automatically lose when time's up. (requested by thebambi1234)
|j| ohko_smeargle
|
|t:|1776136248
|teamsize|p1|6
|teamsize|p2|6
|start
|switch|p1a: Manaphy|Manaphy|100/100
|switch|p2a: Glimmora|Glimmora, F|100/100
|turn|1
|
|t:|1776136254
|move|p1a: Manaphy|Scald|p2a: Glimmora
|-supereffective|p2a: Glimmora
|-damage|p2a: Glimmora|42/100
|move|p2a: Glimmora|Toxic|p1a: Manaphy
|-status|p1a: Manaphy|tox
|
|-heal|p2a: Glimmora|48/100|[from] item: Leftovers
|-damage|p1a: Manaphy|94/100 tox|[from] psn
|upkeep
|turn|2
|
|t:|1776136262
|move|p2a: Glimmora|Spiky Shield|p2a: Glimmora
|-singleturn|p2a: Glimmora|move: Protect
|move|p1a: Manaphy|Take Heart|p1a: Manaphy
|-boost|p1a: Manaphy|spa|1
|-boost|p1a: Manaphy|spd|1
|-curestatus|p1a: Manaphy|tox|[msg]
|
|-heal|p1a: Manaphy|100/100|[from] item: Leftovers
|-heal|p2a: Glimmora|55/100|[from] item: Leftovers
|upkeep
|turn|3
|
|t:|1776136276
|switch|p2a: Blissey|Blissey, F|100/100
|move|p1a: Manaphy|Scald|p2a: Blissey
|-damage|p2a: Blissey|89/100
|-status|p2a: Blissey|brn
|
|-heal|p2a: Blissey|95/100 brn|[from] item: Leftovers
|-damage|p2a: Blissey|89/100 brn|[from] brn
|upkeep
|turn|4
|
|t:|1776136289
|move|p1a: Manaphy|Acid Armor|p1a: Manaphy
|-boost|p1a: Manaphy|def|2
|move|p2a: Blissey|Seismic Toss|p1a: Manaphy
|-damage|p1a: Manaphy|76/100
|
|-heal|p1a: Manaphy|82/100|[from] item: Leftovers
|-heal|p2a: Blissey|95/100 brn|[from] item: Leftovers
|-damage|p2a: Blissey|89/100 brn|[from] brn
|upkeep
|turn|5
|
|t:|1776136298
|move|p1a: Manaphy|Acid Armor|p1a: Manaphy
|-boost|p1a: Manaphy|def|2
|move|p2a: Blissey|Seismic Toss|p1a: Manaphy
|-damage|p1a: Manaphy|57/100
|
|-heal|p1a: Manaphy|63/100|[from] item: Leftovers
|-heal|p2a: Blissey|95/100 brn|[from] item: Leftovers
|-damage|p2a: Blissey|89/100 brn|[from] brn
|upkeep
|turn|6
|
|t:|1776136316
|move|p1a: Manaphy|Scald|p2a: Blissey
|-damage|p2a: Blissey|78/100 brn
|move|p2a: Blissey|Seismic Toss|p1a: Manaphy
|-damage|p1a: Manaphy|38/100
|
|-heal|p1a: Manaphy|45/100|[from] item: Leftovers
|-heal|p2a: Blissey|84/100 brn|[from] item: Leftovers
|-damage|p2a: Blissey|78/100 brn|[from] brn
|upkeep
|turn|7
|
|t:|1776136328
|switch|p1a: Polteageist|Polteageist|100/100
|move|p2a: Blissey|Seismic Toss|p1a: Polteageist
|-immune|p1a: Polteageist
|
|-heal|p2a: Blissey|84/100 brn|[from] item: Leftovers
|-damage|p2a: Blissey|78/100 brn|[from] brn
|upkeep
|turn|8
|
|t:|1776136337
|-curestatus|p2a: Blissey|brn|[from] ability: Natural Cure
|switch|p2a: Dondozo|Dondozo, M|100/100
|move|p1a: Polteageist|Shell Smash|p1a: Polteageist
|-unboost|p1a: Polteageist|def|1
|-unboost|p1a: Polteageist|spd|1
|-boost|p1a: Polteageist|atk|2
|-boost|p1a: Polteageist|spa|2
|-boost|p1a: Polteageist|spe|2
|-enditem|p1a: Polteageist|White Herb
|-clearnegativeboost|p1a: Polteageist|[silent]
|
|upkeep
|turn|9
|
|t:|1776136350
|move|p1a: Polteageist|Giga Drain|p2a: Dondozo
|-supereffective|p2a: Dondozo
|-damage|p2a: Dondozo|47/100
|move|p2a: Dondozo|Wave Crash|p1a: Polteageist
|-damage|p1a: Polteageist|43/100
|-ability|p1a: Polteageist|Weak Armor|boost
|-unboost|p1a: Polteageist|def|1
|-boost|p1a: Polteageist|spe|2
|-damage|p2a: Dondozo|35/100|[from] Recoil
|
|-heal|p2a: Dondozo|41/100|[from] item: Leftovers
|upkeep
|turn|10
|
|t:|1776136361
|-terastallize|p2a: Dondozo|Dragon
|move|p1a: Polteageist|Shadow Ball|p2a: Dondozo
|-damage|p2a: Dondozo|0 fnt
|faint|p2a: Dondozo
|
|upkeep
|
|t:|1776136372
|switch|p2a: Blissey|Blissey, F|78/100
|turn|11
|
|t:|1776136376
|move|p1a: Polteageist|Giga Drain|p2a: Blissey
|-damage|p2a: Blissey|62/100
|-heal|p1a: Polteageist|60/100|[from] drain|[of] p2a: Blissey
|move|p2a: Blissey|Flamethrower|p1a: Polteageist
|-damage|p1a: Polteageist|45/100
|
|-heal|p2a: Blissey|68/100|[from] item: Leftovers
|upkeep
|turn|12
|
|t:|1776136399
|-terastallize|p1a: Polteageist|Fighting
|move|p1a: Polteageist|Tera Blast|p2a: Blissey|[anim] Tera Blast Fighting
|-supereffective|p2a: Blissey
|-damage|p2a: Blissey|22/100
|move|p2a: Blissey|Flamethrower|p1a: Polteageist
|-damage|p1a: Polteageist|31/100
|-status|p1a: Polteageist|brn
|
|-heal|p2a: Blissey|28/100|[from] item: Leftovers
|-damage|p1a: Polteageist|25/100 brn|[from] brn
|upkeep
|turn|13
|
|t:|1776136411
|move|p1a: Polteageist|Tera Blast|p2a: Blissey|[anim] Tera Blast Fighting
|-supereffective|p2a: Blissey
|-damage|p2a: Blissey|0 fnt
|faint|p2a: Blissey
|
|-damage|p1a: Polteageist|18/100 brn|[from] brn
|upkeep
|
|t:|1776136416
|switch|p2a: Gliscor|Gliscor, F|100/100
|turn|14
|
|t:|1776136420
|move|p1a: Polteageist|Shadow Ball|p2a: Gliscor
|-damage|p2a: Gliscor|0 fnt
|faint|p2a: Gliscor
|
|-damage|p1a: Polteageist|12/100 brn|[from] brn
|upkeep
|-message|thebambi1234 forfeited.
|
|win|pkmn_goopert
|raw|pkmn_goopert's rating: 1554 &rarr; <strong>1576</strong><br />(+22 for winning)
|raw|thebambi1234's rating: 1597 &rarr; <strong>1575</strong><br />(-22 for losing)
|l|☆thebambi1234
|player|p2|
|l| ohko_smeargle
|c|☆pkmn_goopert|gg
