|html|<div class="broadcast-blue"><strong>[Gen 9] OU is currently suspecting Tera Blast! For information on how to participate check out the <a href="https://www.smogon.com/tools/suspects/view/200">suspect thread</a>.</strong></div>
|j|☆foister
|j|☆nyalicethotep
|t:|1776310026
|gametype|singles
|player|p1|foister|102|1341
|player|p2|nyalicethotep|palmer|1314
|gen|9
|tier|[Gen 9] OU
|rated|
|rule|HP Percentage Mod: HP is shown in percentages
|rule|Endless Battle Clause: Forcing endless battles is banned
|rule|Species Clause: Limit one of each Pokémon
|rule|OHKO Clause: OHKO moves are banned
|rule|Evasion Items Clause: Evasion items are banned
|rule|Evasion Moves Clause: Evasion moves are banned
|rule|Evasion Abilities Clause: Evasion abilities are banned
|rule|Sleep Moves Clause: Sleep-inducing moves are banned
|clearpoke
|poke|p1|Skeledirge, F|
|poke|p1|Blaziken, F|
|poke|p1|Primarina, M|
|poke|p1|Quaquaval, F|
|poke|p1|Serperior, M|
|poke|p1|Rillaboom, F|
|poke|p2|Dragonite, F|
|poke|p2|Zamazenta-*|
|poke|p2|Landorus-Therian, M|
|poke|p2|Slowking-Galar, F|
|poke|p2|Kyurem|
|poke|p2|Weezing-Galar, M|
|teampreview
|
|t:|1776310035
|teamsize|p1|6
|teamsize|p2|6
|start
|switch|p1a: Primarina|Primarina, M|100/100
|switch|p2a: Landorus|Landorus-Therian, M|100/100
|-ability|p2a: Landorus|Intimidate|boost
|-unboost|p1a: Primarina|atk|1
|turn|1
|
|t:|1776310043
|move|p2a: Landorus|U-turn|p1a: Primarina
|-resisted|p1a: Primarina
|-damage|p1a: Primarina|82/100
|
|t:|1776310046
|switch|p2a: Slowking|Slowking-Galar, F|100/100|[from] U-turn
|move|p1a: Primarina|Hyper Voice|p2a: Slowking
|-damage|p2a: Slowking|70/100
|-enditem|p1a: Primarina|Throat Spray
|-boost|p1a: Primarina|spa|1|[from] item: Throat Spray
|
|upkeep
|turn|2
|
|t:|1776310056
|move|p1a: Primarina|Calm Mind|p1a: Primarina
|-boost|p1a: Primarina|spa|1
|-boost|p1a: Primarina|spd|1
|-prepare|p2a: Slowking|Chilly Reception|[premajor]
|move|p2a: Slowking|Chilly Reception|p2a: Slowking
|-weather|Snowscape
|
|t:|1776310082
|switch|p2a: Landorus|Landorus-Therian, M|100/100|[from] Chilly Reception
|-ability|p2a: Landorus|Intimidate|boost
|-unboost|p1a: Primarina|atk|1
|
|-weather|Snowscape|[upkeep]
|upkeep
|turn|3
|
|t:|1776310090
|move|p2a: Landorus|Earthquake|p1a: Primarina
|-damage|p1a: Primarina|0 fnt
|faint|p1a: Primarina
|
|-weather|Snowscape|[upkeep]
|upkeep
|
|t:|1776310100
|switch|p1a: Rillaboom|Rillaboom, F|100/100
|-fieldstart|move: Grassy Terrain|[from] ability: Grassy Surge|[of] p1a: Rillaboom
|-enditem|p1a: Rillaboom|Grassy Seed
|-boost|p1a: Rillaboom|def|1|[from] item: Grassy Seed
|turn|4
|
|t:|1776310105
|move|p2a: Landorus|U-turn|p1a: Rillaboom
|-supereffective|p1a: Rillaboom
|-damage|p1a: Rillaboom|64/100
|
|t:|1776310109
|switch|p2a: Weezing|Weezing-Galar, M|100/100|[from] U-turn
|-ability|p2a: Weezing|Neutralizing Gas
|move|p1a: Rillaboom|Wood Hammer|p2a: Weezing
|-resisted|p2a: Weezing
|-damage|p2a: Weezing|71/100
|-damage|p1a: Rillaboom|55/100|[from] Recoil
|
|-weather|Snowscape|[upkeep]
|-heal|p1a: Rillaboom|61/100|[from] Grassy Terrain
|-heal|p2a: Weezing|77/100|[from] Grassy Terrain
|upkeep
|turn|5
|
|t:|1776310121
|move|p1a: Rillaboom|Knock Off|p2a: Weezing
|-resisted|p2a: Weezing
|-damage|p2a: Weezing|66/100
|-enditem|p2a: Weezing|Heavy-Duty Boots|[from] move: Knock Off|[of] p1a: Rillaboom
|move|p2a: Weezing|Will-O-Wisp|p1a: Rillaboom
|-status|p1a: Rillaboom|brn
|
|-weather|Snowscape|[upkeep]
|-heal|p1a: Rillaboom|67/100 brn|[from] Grassy Terrain
|-heal|p2a: Weezing|72/100|[from] Grassy Terrain
|-damage|p1a: Rillaboom|61/100 brn|[from] brn
|upkeep
|turn|6
|
|t:|1776310133
|-end|p2a: Weezing|ability: Neutralizing Gas
|switch|p2a: Landorus|Landorus-Therian, M|100/100
|-ability|p2a: Landorus|Intimidate|boost
|-unboost|p1a: Rillaboom|atk|1
|move|p1a: Rillaboom|Acrobatics|p2a: Landorus
|-damage|p2a: Landorus|85/100
|-damage|p1a: Rillaboom|44/100 brn|[from] item: Rocky Helmet|[of] p2a: Landorus
|
|-weather|none
|-heal|p1a: Rillaboom|50/100 brn|[from] Grassy Terrain
|-damage|p1a: Rillaboom|44/100 brn|[from] brn
|upkeep
|turn|7
|
|t:|1776310146
|move|p2a: Landorus|Stealth Rock|p1a: Rillaboom
|-sidestart|p1: foister|move: Stealth Rock
|move|p1a: Rillaboom|Knock Off|p2a: Landorus
|-damage|p2a: Landorus|71/100
|-damage|p1a: Rillaboom|28/100 brn|[from] item: Rocky Helmet|[of] p2a: Landorus
|-enditem|p2a: Landorus|Rocky Helmet|[from] move: Knock Off|[of] p1a: Rillaboom
|
|-heal|p1a: Rillaboom|34/100 brn|[from] Grassy Terrain
|-damage|p1a: Rillaboom|28/100 brn|[from] brn
|upkeep
|turn|8
|
|t:|1776310157
|move|p2a: Landorus|U-turn|p1a: Rillaboom
|-supereffective|p1a: Rillaboom
|-damage|p1a: Rillaboom|0 fnt
|faint|p1a: Rillaboom
|
|t:|1776310160
|switch|p2a: Dragonite|Dragonite, F|100/100|[from] U-turn
|
|-fieldend|move: Grassy Terrain
|upkeep
|
|t:|1776310167
|switch|p1a: Skeledirge|Skeledirge, F|100/100
|-damage|p1a: Skeledirge|76/100|[from] Stealth Rock
|turn|9
|
|t:|1776310177
|switch|p2a: Slowking|Slowking-Galar, F|100/100
|move|p1a: Skeledirge|Will-O-Wisp|p2a: Slowking
|-status|p2a: Slowking|brn
|
|-heal|p1a: Skeledirge|82/100|[from] item: Leftovers
|-damage|p2a: Slowking|94/100 brn|[from] brn
|upkeep
|turn|10
|
|t:|1776310190
|move|p1a: Skeledirge|Torch Song|p2a: Slowking
|-damage|p2a: Slowking|71/100 brn
|-boost|p1a: Skeledirge|spa|1
|-prepare|p2a: Slowking|Chilly Reception|[premajor]
|move|p2a: Slowking|Chilly Reception|p2a: Slowking
|-weather|Snowscape
|
|t:|1776310193
|switch|p2a: Landorus|Landorus-Therian, M|71/100|[from] Chilly Reception
|-ability|p2a: Landorus|Intimidate|boost
|-unboost|p1a: Skeledirge|atk|1
|
|-weather|Snowscape|[upkeep]
|-heal|p1a: Skeledirge|88/100|[from] item: Leftovers
|upkeep
|turn|11
|
|t:|1776310204
|move|p2a: Landorus|Earthquake|p1a: Skeledirge
|-supereffective|p1a: Skeledirge
|-damage|p1a: Skeledirge|0 fnt
|faint|p1a: Skeledirge
|
|-weather|Snowscape|[upkeep]
|upkeep
|
|t:|1776310212
|switch|p1a: Serperior|Serperior, M|100/100
|-damage|p1a: Serperior|88/100|[from] Stealth Rock
|turn|12
|
|t:|1776310217
|move|p2a: Landorus|U-turn|p1a: Serperior
|-supereffective|p1a: Serperior
|-damage|p1a: Serperior|37/100
|
|t:|1776310221
|switch|p2a: Slowking|Slowking-Galar, F|100/100 brn|[from] U-turn
|move|p1a: Serperior|Glare||[still]
|-fail|p1a: Serperior
|
|-weather|Snowscape|[upkeep]
|-heal|p1a: Serperior|43/100|[from] item: Leftovers
|-damage|p2a: Slowking|94/100 brn|[from] brn
|upkeep
|turn|13
|
|t:|1776310237
|move|p1a: Serperior|Substitute|p1a: Serperior
|-start|p1a: Serperior|Substitute
|-damage|p1a: Serperior|18/100
|move|p2a: Slowking|Sludge Bomb|p1a: Serperior
|-supereffective|p1a: Serperior
|-crit|p1a: Serperior
|-end|p1a: Serperior|Substitute
|
|-weather|Snowscape|[upkeep]
|-heal|p1a: Serperior|24/100|[from] item: Leftovers
|-damage|p2a: Slowking|88/100 brn|[from] brn
|upkeep
|turn|14
|
|t:|1776310249
|move|p1a: Serperior|Leech Seed|p2a: Slowking
|-start|p2a: Slowking|move: Leech Seed
|move|p2a: Slowking|Sludge Bomb|p1a: Serperior
|-supereffective|p1a: Serperior
|-damage|p1a: Serperior|0 fnt
|faint|p1a: Serperior
|
|-weather|none
|-damage|p2a: Slowking|82/100 brn|[from] brn
|upkeep
|
|t:|1776310258
|switch|p1a: Quaquaval|Quaquaval, F|100/100
|-damage|p1a: Quaquaval|94/100|[from] Stealth Rock
|turn|15
|
|t:|1776310263
|-terastallize|p1a: Quaquaval|Water
|move|p1a: Quaquaval|Aqua Step|p2a: Slowking
|-damage|p2a: Slowking|1/100 brn
|-boost|p1a: Quaquaval|spe|1
|-damage|p1a: Quaquaval|84/100|[from] item: Life Orb
|-prepare|p2a: Slowking|Chilly Reception|[premajor]
|move|p2a: Slowking|Chilly Reception|p2a: Slowking
|-weather|Snowscape
|
|t:|1776310270
|switch|p2a: Landorus|Landorus-Therian, M|71/100|[from] Chilly Reception
|-ability|p2a: Landorus|Intimidate|boost
|-unboost|p1a: Quaquaval|atk|1
|
|-weather|Snowscape|[upkeep]
|upkeep
|turn|16
|
|t:|1776310280
|switch|p2a: Dragonite|Dragonite, F|100/100
|move|p1a: Quaquaval|Aqua Step|p2a: Dragonite
|-resisted|p2a: Dragonite
|-damage|p2a: Dragonite|87/100
|-boost|p1a: Quaquaval|spe|1
|-damage|p1a: Quaquaval|75/100|[from] item: Life Orb
|
|-weather|Snowscape|[upkeep]
|upkeep
|turn|17
|
|t:|1776310291
|move|p1a: Quaquaval|Wave Crash|p2a: Dragonite
|-resisted|p2a: Dragonite
|-damage|p2a: Dragonite|48/100
|-damage|p1a: Quaquaval|61/100|[from] Recoil
|-damage|p1a: Quaquaval|51/100|[from] item: Life Orb
|move|p2a: Dragonite|Dragon Dance|p2a: Dragonite
|-boost|p2a: Dragonite|atk|1
|-boost|p2a: Dragonite|spe|1
|
|-weather|Snowscape|[upkeep]
|upkeep
|turn|18
|
|t:|1776310302
|move|p1a: Quaquaval|Brave Bird|p2a: Dragonite
|-damage|p2a: Dragonite|9/100
|-damage|p1a: Quaquaval|38/100|[from] Recoil
|-damage|p1a: Quaquaval|28/100|[from] item: Life Orb
|move|p2a: Dragonite|Roost|p2a: Dragonite
|-heal|p2a: Dragonite|59/100
|-singleturn|p2a: Dragonite|move: Roost
|
|-weather|Snowscape|[upkeep]
|upkeep
|turn|19
|
|t:|1776310315
|move|p2a: Dragonite|Extreme Speed|p1a: Quaquaval
|-damage|p1a: Quaquaval|0 fnt
|faint|p1a: Quaquaval
|
|-weather|none
|upkeep
|
|t:|1776310322
|switch|p1a: Blaziken|Blaziken, F|100/100
|-damage|p1a: Blaziken|88/100|[from] Stealth Rock
|turn|20
|
|t:|1776310327
|move|p2a: Dragonite|Earthquake|p1a: Blaziken
|-supereffective|p1a: Blaziken
|-damage|p1a: Blaziken|0 fnt
|faint|p1a: Blaziken
|
|win|nyalicethotep
|raw|foister's rating: 1341 &rarr; <strong>1319</strong><br />(-22 for losing)
|raw|nyalicethotep's rating: 1314 &rarr; <strong>1336</strong><br />(+22 for winning)
|l|☆foister
|player|p1|
|c|☆nyalicethotep|gg
