|html|<div class="broadcast-blue"><strong>[Gen 9] OU is currently suspecting Tera Blast! For information on how to participate check out the <a href="https://www.smogon.com/tools/suspects/view/200">suspect thread</a>.</strong></div>
|j|☆Megai'Sa
|j|☆SuperSpicyRamen
|t:|1776083247
|gametype|singles
|player|p1|Megai'Sa|101|1072
|player|p2|SuperSpicyRamen|101|1106
|gen|9
|tier|[Gen 9] OU
|rated|
|rule|HP Percentage Mod: HP is shown in percentages
|rule|Endless Battle Clause: Forcing endless battles is banned
|rule|Species Clause: Limit one of each Pokémon
|rule|OHKO Clause: OHKO moves are banned
|rule|Evasion Items Clause: Evasion items are banned
|rule|Evasion Moves Clause: Evasion moves are banned
|rule|Evasion Abilities Clause: Evasion abilities are banned
|rule|Sleep Moves Clause: Sleep-inducing moves are banned
|clearpoke
|poke|p1|Ninetales-Alola, M|
|poke|p1|Mandibuzz, F|
|poke|p1|Heatran, M|
|poke|p1|Sylveon, M|
|poke|p1|Mamoswine, M|
|poke|p1|Sandslash-Alola, M|
|poke|p2|Toxicroak, F|
|poke|p2|Latias, F|
|poke|p2|Pelipper, M|
|poke|p2|Registeel|
|poke|p2|Ogerpon, F|
|poke|p2|Galvantula, F|
|teampreview
|inactive|Battle timer is ON: inactive players will automatically lose when time's up. (requested by SuperSpicyRamen)
|inactive|SuperSpicyRamen has 120 seconds left.
|
|t:|1776083281
|teamsize|p1|6
|teamsize|p2|6
|start
|switch|p1a: Ninetales|Ninetales-Alola, M|100/100
|switch|p2a: Registeel|Registeel|100/100
|-weather|Snowscape|[from] ability: Snow Warning|[of] p1a: Ninetales
|turn|1
|
|t:|1776083306
|move|p1a: Ninetales|Aurora Veil|p1a: Ninetales
|-sidestart|p1: Megai'Sa|move: Aurora Veil
|move|p2a: Registeel|Stealth Rock|p1a: Ninetales
|-sidestart|p1: Megai'Sa|move: Stealth Rock
|
|-weather|Snowscape|[upkeep]
|upkeep
|turn|2
|
|t:|1776083321
|switch|p1a: Heatran|Heatran, M|100/100
|-damage|p1a: Heatran|88/100|[from] Stealth Rock
|move|p2a: Registeel|Heavy Slam|p1a: Heatran
|-resisted|p1a: Heatran
|-damage|p1a: Heatran|87/100
|
|-weather|Snowscape|[upkeep]
|-heal|p1a: Heatran|93/100|[from] item: Leftovers
|upkeep
|turn|3
|
|t:|1776083333
|switch|p2a: Pelipper|Pelipper, M|100/100
|-weather|RainDance|[from] ability: Drizzle|[of] p2a: Pelipper
|move|p1a: Heatran|Magma Storm|p2a: Pelipper
|-resisted|p2a: Pelipper
|-damage|p2a: Pelipper|86/100
|-activate|p2a: Pelipper|move: Magma Storm|[of] p1a: Heatran
|
|-weather|RainDance|[upkeep]
|-heal|p1a: Heatran|99/100|[from] item: Leftovers
|-damage|p2a: Pelipper|74/100|[from] move: Magma Storm|[partiallytrapped]
|upkeep
|turn|4
|inactive|Megai'Sa has 120 seconds left.
|
|t:|1776083359
|switch|p1a: Ninetales|Ninetales-Alola, M|100/100
|-damage|p1a: Ninetales|76/100|[from] Stealth Rock
|-weather|Snowscape|[from] ability: Snow Warning|[of] p1a: Ninetales
|move|p2a: Pelipper|Knock Off|p1a: Ninetales
|-resisted|p1a: Ninetales
|-damage|p1a: Ninetales|73/100
|-enditem|p1a: Ninetales|Light Clay|[from] move: Knock Off|[of] p2a: Pelipper
|
|-weather|Snowscape|[upkeep]
|-end|p2a: Pelipper|Magma Storm|[partiallytrapped]|[silent]
|upkeep
|turn|5
|inactive|Megai'Sa has 120 seconds left.
|inactive|SuperSpicyRamen has 120 seconds left.
|
|t:|1776083377
|move|p1a: Ninetales|Freeze-Dry|p2a: Pelipper
|-supereffective|p2a: Pelipper
|-damage|p2a: Pelipper|0 fnt
|faint|p2a: Pelipper
|
|-weather|Snowscape|[upkeep]
|upkeep
|inactive|SuperSpicyRamen has 120 seconds left.
|
|t:|1776083395
|switch|p2a: Galvantula|Galvantula, F|100/100
|turn|6
|inactive|Megai'Sa has 120 seconds left.
|
|t:|1776083406
|move|p1a: Ninetales|Moonblast|p2a: Galvantula
|-damage|p2a: Galvantula|48/100
|move|p2a: Galvantula|Sticky Web|p1a: Ninetales
|-sidestart|p1: Megai'Sa|move: Sticky Web
|
|-weather|Snowscape|[upkeep]
|upkeep
|turn|7
|inactive|SuperSpicyRamen has 120 seconds left.
|
|t:|1776083413
|switch|p2a: Registeel|Registeel|100/100
|move|p1a: Ninetales|Moonblast|p2a: Registeel
|-resisted|p2a: Registeel
|-damage|p2a: Registeel|91/100
|
|-weather|Snowscape|[upkeep]
|-heal|p2a: Registeel|97/100|[from] item: Leftovers
|upkeep
|turn|8
|
|t:|1776083425
|switch|p1a: Heatran|Heatran, M|99/100
|-damage|p1a: Heatran|87/100|[from] Stealth Rock
|-activate|p1a: Heatran|move: Sticky Web
|-unboost|p1a: Heatran|spe|1
|move|p2a: Registeel|Thunder Wave|p1a: Heatran|[miss]
|-miss|p2a: Registeel|p1a: Heatran
|
|-weather|none
|-heal|p1a: Heatran|93/100|[from] item: Leftovers
|-heal|p2a: Registeel|100/100|[from] item: Leftovers
|-sideend|p1: Megai'Sa|move: Aurora Veil
|upkeep
|turn|9
|inactive|SuperSpicyRamen has 120 seconds left.
|
|t:|1776083440
|switch|p2a: Galvantula|Galvantula, F|48/100
|move|p1a: Heatran|Stealth Rock|p2a: Galvantula
|-sidestart|p2: SuperSpicyRamen|move: Stealth Rock
|
|-heal|p1a: Heatran|99/100|[from] item: Leftovers
|upkeep
|turn|10
|inactive|SuperSpicyRamen has 120 seconds left.
|
|t:|1776083457
|move|p2a: Galvantula|Thunder|p1a: Heatran
|-damage|p1a: Heatran|70/100
|move|p1a: Heatran|Magma Storm|p2a: Galvantula
|-supereffective|p2a: Galvantula
|-damage|p2a: Galvantula|0 fnt
|faint|p2a: Galvantula
|
|-heal|p1a: Heatran|77/100|[from] item: Leftovers
|upkeep
|inactive|SuperSpicyRamen has 90 seconds left.
|
|t:|1776083501
|switch|p2a: Ogerpon|Ogerpon, F|100/100
|-damage|p2a: Ogerpon|88/100|[from] Stealth Rock
|turn|11
|
|t:|1776083516
|move|p2a: Ogerpon|Low Kick|p1a: Heatran
|-supereffective|p1a: Heatran
|-damage|p1a: Heatran|0 fnt
|faint|p1a: Heatran
|
|upkeep
|
|t:|1776083520
|switch|p1a: Ninetales|Ninetales-Alola, M|73/100
|-damage|p1a: Ninetales|48/100|[from] Stealth Rock
|-activate|p1a: Ninetales|move: Sticky Web
|-unboost|p1a: Ninetales|spe|1
|-weather|Snowscape|[from] ability: Snow Warning|[of] p1a: Ninetales
|turn|12
|inactive|SuperSpicyRamen has 90 seconds left.
|
|t:|1776083549
|switch|p2a: Registeel|Registeel|100/100
|-damage|p2a: Registeel|94/100|[from] Stealth Rock
|switch|p1a: Mandibuzz|Mandibuzz, F|100/100
|
|-weather|Snowscape|[upkeep]
|-heal|p2a: Registeel|100/100|[from] item: Leftovers
|upkeep
|turn|13
|
|t:|1776083563
|move|p1a: Mandibuzz|U-turn|p2a: Registeel
|-resisted|p2a: Registeel
|-damage|p2a: Registeel|97/100
|
|t:|1776083577
|switch|p1a: Mamoswine|Mamoswine, M|100/100|[from] U-turn
|-damage|p1a: Mamoswine|88/100|[from] Stealth Rock
|-activate|p1a: Mamoswine|move: Sticky Web
|-unboost|p1a: Mamoswine|spe|1
|move|p2a: Registeel|Thunder Wave|p1a: Mamoswine
|-immune|p1a: Mamoswine
|
|-weather|Snowscape|[upkeep]
|-heal|p2a: Registeel|100/100|[from] item: Leftovers
|upkeep
|turn|14
|inactive|SuperSpicyRamen has 60 seconds left.
|
|t:|1776083609
|switch|p2a: Ogerpon|Ogerpon, F|88/100
|-damage|p2a: Ogerpon|76/100|[from] Stealth Rock
|move|p1a: Mamoswine|Earthquake|p2a: Ogerpon
|-resisted|p2a: Ogerpon
|-damage|p2a: Ogerpon|28/100
|-damage|p1a: Mamoswine|78/100|[from] item: Life Orb
|
|-weather|Snowscape|[upkeep]
|upkeep
|turn|15
|inactive|SuperSpicyRamen has 60 seconds left.
|
|t:|1776083626
|move|p1a: Mamoswine|Ice Shard|p2a: Ogerpon
|-supereffective|p2a: Ogerpon
|-damage|p2a: Ogerpon|0 fnt
|faint|p2a: Ogerpon
|-damage|p1a: Mamoswine|68/100|[from] item: Life Orb
|
|-weather|Snowscape|[upkeep]
|upkeep
|
|t:|1776083639
|switch|p2a: Toxicroak|Toxicroak, F|100/100
|-damage|p2a: Toxicroak|94/100|[from] Stealth Rock
|turn|16
|inactive|Megai'Sa has 120 seconds left.
|
|t:|1776083669
|move|p2a: Toxicroak|Close Combat|p1a: Mamoswine
|-supereffective|p1a: Mamoswine
|-crit|p1a: Mamoswine
|-damage|p1a: Mamoswine|0 fnt
|-unboost|p2a: Toxicroak|def|1
|-unboost|p2a: Toxicroak|spd|1
|faint|p1a: Mamoswine
|-damage|p2a: Toxicroak|84/100|[from] item: Life Orb
|
|-weather|none
|upkeep
|
|t:|1776083679
|switch|p1a: Ninetales|Ninetales-Alola, M|48/100
|-damage|p1a: Ninetales|23/100|[from] Stealth Rock
|-activate|p1a: Ninetales|move: Sticky Web
|-unboost|p1a: Ninetales|spe|1
|-weather|Snowscape|[from] ability: Snow Warning|[of] p1a: Ninetales
|turn|17
|inactive|Megai'Sa has 120 seconds left.
|inactive|SuperSpicyRamen has 60 seconds left.
|
|t:|1776083699
|move|p1a: Ninetales|Aurora Veil|p1a: Ninetales
|-sidestart|p1: Megai'Sa|move: Aurora Veil
|move|p2a: Toxicroak|Close Combat|p1a: Ninetales
|-damage|p1a: Ninetales|0 fnt
|-unboost|p2a: Toxicroak|def|1
|-unboost|p2a: Toxicroak|spd|1
|faint|p1a: Ninetales
|-damage|p2a: Toxicroak|74/100|[from] item: Life Orb
|
|-weather|Snowscape|[upkeep]
|upkeep
|
|t:|1776083708
|switch|p1a: Sandslash|Sandslash-Alola, M|100/100
|turn|18
|inactive|Megai'Sa has 120 seconds left.
|
|t:|1776083718
|switch|p2a: Registeel|Registeel|100/100
|-damage|p2a: Registeel|94/100|[from] Stealth Rock
|move|p1a: Sandslash|Earthquake|p2a: Registeel
|-supereffective|p2a: Registeel
|-damage|p2a: Registeel|60/100
|
|-weather|Snowscape|[upkeep]
|-heal|p2a: Registeel|66/100|[from] item: Leftovers
|upkeep
|turn|19
|inactive|Megai'Sa has 120 seconds left.
|inactive|SuperSpicyRamen has 60 seconds left.
|
|t:|1776083730
|-terastallize|p2a: Registeel|Fighting
|move|p1a: Sandslash|Earthquake|p2a: Registeel
|-damage|p2a: Registeel|49/100
|move|p2a: Registeel|Body Press|p1a: Sandslash
|-supereffective|p1a: Sandslash
|-damage|p1a: Sandslash|38/100
|
|-weather|Snowscape|[upkeep]
|-heal|p2a: Registeel|55/100|[from] item: Leftovers
|upkeep
|turn|20
|inactive|Megai'Sa has 120 seconds left.
|inactive|SuperSpicyRamen has 60 seconds left.
|inactive|Megai'Sa has 90 seconds left.
|
|t:|1776083772
|move|p1a: Sandslash|Knock Off|p2a: Registeel
|-resisted|p2a: Registeel
|-damage|p2a: Registeel|47/100
|-enditem|p2a: Registeel|Leftovers|[from] move: Knock Off|[of] p1a: Sandslash
|move|p2a: Registeel|Heavy Slam|p1a: Sandslash
|-damage|p1a: Sandslash|30/100
|
|-weather|Snowscape|[upkeep]
|upkeep
|turn|21
|inactive|Megai'Sa has 90 seconds left.
|
|t:|1776083781
|move|p1a: Sandslash|Earthquake|p2a: Registeel
|-damage|p2a: Registeel|31/100
|move|p2a: Registeel|Body Press|p1a: Sandslash
|-supereffective|p1a: Sandslash
|-damage|p1a: Sandslash|0 fnt
|faint|p1a: Sandslash
|
|-weather|none
|-sideend|p1: Megai'Sa|move: Aurora Veil
|upkeep
|inactive|Megai'Sa has 90 seconds left.
|
|t:|1776083791
|switch|p1a: Sylveon|Sylveon, M|100/100
|-damage|p1a: Sylveon|88/100|[from] Stealth Rock
|-activate|p1a: Sylveon|move: Sticky Web
|-unboost|p1a: Sylveon|spe|1
|turn|22
|inactive|Megai'Sa has 90 seconds left.
|
|t:|1776083800
|move|p1a: Sylveon|Moonblast|p2a: Registeel
|-supereffective|p2a: Registeel
|-damage|p2a: Registeel|0 fnt
|faint|p2a: Registeel
|
|upkeep
|
|t:|1776083809
|switch|p2a: Latias|Latias, F, shiny|100/100
|-damage|p2a: Latias|88/100|[from] Stealth Rock
|turn|23
|
|t:|1776083813
|move|p2a: Latias|Agility|p2a: Latias
|-boost|p2a: Latias|spe|2
|move|p1a: Sylveon|Moonblast|p2a: Latias
|-supereffective|p2a: Latias
|-damage|p2a: Latias|0 fnt
|faint|p2a: Latias
|
|upkeep
|
|t:|1776083822
|switch|p2a: Toxicroak|Toxicroak, F|74/100
|-damage|p2a: Toxicroak|68/100|[from] Stealth Rock
|turn|24
|
|t:|1776083828
|-terastallize|p1a: Sylveon|Ground
|move|p2a: Toxicroak|Gunk Shot|p1a: Sylveon|[miss]
|-miss|p2a: Toxicroak|p1a: Sylveon
|move|p1a: Sylveon|Moonblast|p2a: Toxicroak
|-damage|p2a: Toxicroak|0 fnt
|faint|p2a: Toxicroak
|
|win|Megai'Sa
|raw|Megai&apos;Sa's rating: 1072 &rarr; <strong>1104</strong><br />(+32 for winning)
|raw|SuperSpicyRamen's rating: 1106 &rarr; <strong>1079</strong><br />(-27 for losing)
|l|☆SuperSpicyRamen
|player|p2|
