|html|<div class="broadcast-blue"><strong>[Gen 9] OU is currently suspecting Tera Blast! For information on how to participate check out the <a href="https://www.smogon.com/tools/suspects/view/200">suspect thread</a>.</strong></div>
|j|☆2(sweet)
|j|☆zeenookay
|t:|1776050446
|gametype|singles
|player|p1|2(sweet)|2|1367
|player|p2|zeenookay|102|1327
|gen|9
|tier|[Gen 9] OU
|rated|
|rule|HP Percentage Mod: HP is shown in percentages
|rule|Endless Battle Clause: Forcing endless battles is banned
|rule|Species Clause: Limit one of each Pokémon
|rule|OHKO Clause: OHKO moves are banned
|rule|Evasion Items Clause: Evasion items are banned
|rule|Evasion Moves Clause: Evasion moves are banned
|rule|Evasion Abilities Clause: Evasion abilities are banned
|rule|Sleep Moves Clause: Sleep-inducing moves are banned
|clearpoke
|poke|p1|Walking Wake|
|poke|p1|Vileplume, M|
|poke|p1|Raging Bolt|
|poke|p1|Torkoal, M|
|poke|p1|Slither Wing|
|poke|p1|Great Tusk|
|poke|p2|Iron Valiant|
|poke|p2|Great Tusk|
|poke|p2|Zamazenta-*|
|poke|p2|Terrakion|
|poke|p2|Keldeo|
|poke|p2|Kommo-o, F|
|teampreview
|
|t:|1776050460
|teamsize|p1|6
|teamsize|p2|6
|start
|switch|p1a: Torkoal|Torkoal, M|100/100
|switch|p2a: Terrakion|Terrakion|100/100
|-weather|SunnyDay|[from] ability: Drought|[of] p1a: Torkoal
|turn|1
|
|t:|1776050465
|move|p2a: Terrakion|Stealth Rock|p1a: Torkoal
|-sidestart|p1: 2(sweet)|move: Stealth Rock
|move|p1a: Torkoal|Stealth Rock|p2a: Terrakion
|-sidestart|p2: zeenookay|move: Stealth Rock
|
|-weather|SunnyDay|[upkeep]
|upkeep
|turn|2
|
|t:|1776050478
|move|p2a: Terrakion|Stone Edge|p1a: Torkoal
|-supereffective|p1a: Torkoal
|-damage|p1a: Torkoal|29/100
|move|p1a: Torkoal|Solar Beam||[still]
|-prepare|p1a: Torkoal|Solar Beam
|-anim|p1a: Torkoal|Solar Beam|p2a: Terrakion
|-supereffective|p2a: Terrakion
|-damage|p2a: Terrakion|25/100
|
|-weather|SunnyDay|[upkeep]
|upkeep
|turn|3
|
|t:|1776050484
|switch|p1a: Vileplume|Vileplume, M|100/100
|-damage|p1a: Vileplume|88/100|[from] Stealth Rock
|move|p2a: Terrakion|Close Combat|p1a: Vileplume
|-resisted|p1a: Vileplume
|-damage|p1a: Vileplume|44/100
|-unboost|p2a: Terrakion|def|1
|-unboost|p2a: Terrakion|spd|1
|
|-weather|SunnyDay|[upkeep]
|upkeep
|turn|4
|
|t:|1776050492
|move|p1a: Vileplume|Sludge Wave|p2a: Terrakion
|-resisted|p2a: Terrakion
|-damage|p2a: Terrakion|0 fnt
|faint|p2a: Terrakion
|-damage|p1a: Vileplume|34/100|[from] item: Life Orb
|
|-weather|SunnyDay|[upkeep]
|upkeep
|
|t:|1776050496
|switch|p2a: Great Tusk|Great Tusk|100/100
|-damage|p2a: Great Tusk|98/100|[from] Stealth Rock
|-activate|p2a: Great Tusk|ability: Protosynthesis
|-start|p2a: Great Tusk|protosynthesisspe
|turn|5
|
|t:|1776050499
|move|p2a: Great Tusk|Rapid Spin|p1a: Vileplume
|-damage|p1a: Vileplume|15/100
|-boost|p2a: Great Tusk|spe|1
|-sideend|p2: zeenookay|Stealth Rock|[from] move: Rapid Spin|[of] p2a: Great Tusk
|move|p1a: Vileplume|Moonblast|p2a: Great Tusk
|-supereffective|p2a: Great Tusk
|-damage|p2a: Great Tusk|0 fnt
|faint|p2a: Great Tusk
|-end|p2a: Great Tusk|Protosynthesis|[silent]
|-damage|p1a: Vileplume|5/100|[from] item: Life Orb
|
|-weather|SunnyDay|[upkeep]
|upkeep
|c|☆zeenookay|that thing can learn moonblast?
|
|t:|1776050518
|switch|p2a: Keldeo|Keldeo|100/100
|turn|6
|inactive|Battle timer is ON: inactive players will automatically lose when time's up. (requested by zeenookay)
|
|t:|1776050527
|move|p1a: Vileplume|Moonblast|p2a: Keldeo
|-supereffective|p2a: Keldeo
|-damage|p2a: Keldeo|18/100
|-damage|p1a: Vileplume|0 fnt|[from] item: Life Orb
|faint|p1a: Vileplume
|move|p2a: Keldeo|Flip Turn|p1: Vileplume|[notarget]
|-fail|p2a: Keldeo
|
|-weather|SunnyDay|[upkeep]
|upkeep
|
|t:|1776050533
|switch|p1a: Raging Bolt|Raging Bolt|100/100
|-damage|p1a: Raging Bolt|88/100|[from] Stealth Rock
|-activate|p1a: Raging Bolt|ability: Protosynthesis
|-start|p1a: Raging Bolt|protosynthesisspa
|turn|7
|
|t:|1776050542
|move|p2a: Keldeo|Vacuum Wave|p1a: Raging Bolt
|-damage|p1a: Raging Bolt|67/100
|move|p1a: Raging Bolt|Volt Switch|p2a: Keldeo
|-supereffective|p2a: Keldeo
|-damage|p2a: Keldeo|0 fnt
|faint|p2a: Keldeo
|-damage|p1a: Raging Bolt|57/100|[from] item: Life Orb
|
|t:|1776050551
|-end|p1a: Raging Bolt|Protosynthesis|[silent]
|switch|p1a: Walking Wake|Walking Wake|100/100|[from] Volt Switch
|-damage|p1a: Walking Wake|88/100|[from] Stealth Rock
|-activate|p1a: Walking Wake|ability: Protosynthesis
|-start|p1a: Walking Wake|protosynthesisspe
|
|-weather|SunnyDay|[upkeep]
|upkeep
|
|t:|1776050560
|switch|p2a: Iron Valiant|Iron Valiant|100/100
|turn|8
|
|t:|1776050567
|-terastallize|p1a: Walking Wake|Steel
|move|p1a: Walking Wake|Hydro Steam|p2a: Iron Valiant
|-damage|p2a: Iron Valiant|0 fnt
|faint|p2a: Iron Valiant
|-end|p2a: Iron Valiant|Quark Drive|[silent]
|-damage|p1a: Walking Wake|78/100|[from] item: Life Orb
|
|-weather|none
|-end|p1a: Walking Wake|Protosynthesis
|upkeep
|
|t:|1776050570
|switch|p2a: Zamazenta|Zamazenta|100/100
|-ability|p2a: Zamazenta|Dauntless Shield|boost
|-boost|p2a: Zamazenta|def|1
|turn|9
|
|t:|1776050578
|-end|p1a: Walking Wake|Protosynthesis|[silent]
|switch|p1a: Raging Bolt|Raging Bolt|57/100
|-damage|p1a: Raging Bolt|45/100|[from] Stealth Rock
|move|p2a: Zamazenta|Body Press|p1a: Raging Bolt
|-damage|p1a: Raging Bolt|0 fnt
|faint|p1a: Raging Bolt
|-end|p1a: Raging Bolt|Protosynthesis|[silent]
|
|upkeep
|
|t:|1776050581
|switch|p1a: Torkoal|Torkoal, M|29/100
|-damage|p1a: Torkoal|4/100|[from] Stealth Rock
|-weather|SunnyDay|[from] ability: Drought|[of] p1a: Torkoal
|turn|10
|
|t:|1776050586
|move|p1a: Torkoal|Weather Ball|p2a: Zamazenta
|-crit|p2a: Zamazenta
|-damage|p2a: Zamazenta|28/100
|move|p2a: Zamazenta|Roar|p1a: Torkoal
|drag|p1a: Slither Wing|Slither Wing|100/100
|-damage|p1a: Slither Wing|88/100|[from] Stealth Rock
|-activate|p1a: Slither Wing|ability: Protosynthesis
|-start|p1a: Slither Wing|protosynthesisatk
|
|-weather|SunnyDay|[upkeep]
|-heal|p2a: Zamazenta|34/100|[from] item: Leftovers
|upkeep
|turn|11
|
|t:|1776050597
|move|p1a: Slither Wing|First Impression|p2a: Zamazenta
|-resisted|p2a: Zamazenta
|-damage|p2a: Zamazenta|12/100
|-damage|p1a: Slither Wing|78/100|[from] item: Life Orb
|move|p2a: Zamazenta|Body Press|p1a: Slither Wing
|-resisted|p1a: Slither Wing
|-damage|p1a: Slither Wing|51/100
|
|-weather|SunnyDay|[upkeep]
|-heal|p2a: Zamazenta|19/100|[from] item: Leftovers
|upkeep
|turn|12
|
|t:|1776050601
|move|p1a: Slither Wing|Earthquake|p2a: Zamazenta
|-damage|p2a: Zamazenta|0 fnt
|faint|p2a: Zamazenta
|-damage|p1a: Slither Wing|41/100|[from] item: Life Orb
|
|-weather|SunnyDay|[upkeep]
|upkeep
|
|t:|1776050613
|switch|p2a: Kommo-o|Kommo-o, F|100/100
|turn|13
|
|t:|1776050622
|move|p2a: Kommo-o|Clangorous Soul|p2a: Kommo-o
|-boost|p2a: Kommo-o|atk|1
|-boost|p2a: Kommo-o|def|1
|-boost|p2a: Kommo-o|spa|1
|-boost|p2a: Kommo-o|spd|1
|-boost|p2a: Kommo-o|spe|1
|-damage|p2a: Kommo-o|68/100
|-enditem|p2a: Kommo-o|Throat Spray
|-boost|p2a: Kommo-o|spa|1|[from] item: Throat Spray
|move|p1a: Slither Wing|Flare Blitz|p2a: Kommo-o
|-resisted|p2a: Kommo-o
|-damage|p2a: Kommo-o|29/100
|-damage|p1a: Slither Wing|32/100|[from] Recoil
|-damage|p1a: Slither Wing|22/100|[from] item: Life Orb
|
|-weather|SunnyDay|[upkeep]
|upkeep
|turn|14
|
|t:|1776050635
|-end|p1a: Slither Wing|Protosynthesis|[silent]
|switch|p1a: Torkoal|Torkoal, M|4/100
|-damage|p1a: Torkoal|0 fnt|[from] Stealth Rock
|faint|p1a: Torkoal
|move|p2a: Kommo-o|Flamethrower|p1: Torkoal|[notarget]
|-fail|p2a: Kommo-o
|
|-weather|SunnyDay|[upkeep]
|upkeep
|
|t:|1776050639
|switch|p1a: Slither Wing|Slither Wing|22/100
|-damage|p1a: Slither Wing|9/100|[from] Stealth Rock
|-activate|p1a: Slither Wing|ability: Protosynthesis
|-start|p1a: Slither Wing|protosynthesisatk
|turn|15
|
|t:|1776050643
|move|p1a: Slither Wing|First Impression|p2a: Kommo-o
|-resisted|p2a: Kommo-o
|-damage|p2a: Kommo-o|2/100
|-damage|p1a: Slither Wing|0 fnt|[from] item: Life Orb
|faint|p1a: Slither Wing
|-end|p1a: Slither Wing|Protosynthesis|[silent]
|move|p2a: Kommo-o|Flamethrower|p1: Slither Wing|[notarget]
|-fail|p2a: Kommo-o
|
|-weather|SunnyDay|[upkeep]
|upkeep
|
|t:|1776050650
|switch|p1a: Walking Wake|Walking Wake, tera:Steel|78/100
|-damage|p1a: Walking Wake|72/100|[from] Stealth Rock
|-activate|p1a: Walking Wake|ability: Protosynthesis
|-start|p1a: Walking Wake|protosynthesisspe
|turn|16
|
|t:|1776050656
|move|p1a: Walking Wake|Flamethrower|p2a: Kommo-o
|-resisted|p2a: Kommo-o
|-damage|p2a: Kommo-o|0 fnt
|faint|p2a: Kommo-o
|-damage|p1a: Walking Wake|62/100|[from] item: Life Orb
|
|win|2(sweet)
|raw|2(sweet)'s rating: 1367 &rarr; <strong>1385</strong><br />(+18 for winning)
|raw|zeenookay's rating: 1327 &rarr; <strong>1309</strong><br />(-18 for losing)
|l|☆zeenookay
|player|p2|
|l|☆2(sweet)
|player|p1|
