|html|<div class="broadcast-blue"><strong>[Gen 9] OU is currently suspecting Volcarona! For information on how to participate check out the <a href="https://www.smogon.com/tools/suspects/view/208">suspect thread</a>.</strong></div>
|j|☆jzax94
|j|☆YoSoyDelBronx
|t:|1778503929
|gametype|singles
|player|p1|jzax94|265|1338
|player|p2|YoSoyDelBronx|169|1313
|gen|9
|tier|[Gen 9] OU
|rated|
|rule|HP Percentage Mod: HP is shown in percentages
|rule|Endless Battle Clause: Forcing endless battles is banned
|rule|Species Clause: Limit one of each Pokémon
|rule|OHKO Clause: OHKO moves are banned
|rule|Evasion Items Clause: Evasion items are banned
|rule|Evasion Moves Clause: Evasion moves are banned
|rule|Evasion Abilities Clause: Evasion abilities are banned
|rule|Sleep Moves Clause: Sleep-inducing moves are banned
|clearpoke
|poke|p1|Landorus-Therian, M|
|poke|p1|Glimmora, F|
|poke|p1|Ting-Lu|
|poke|p1|Ogerpon-Wellspring, F|
|poke|p1|Iron Valiant|
|poke|p1|Gholdengo|
|poke|p2|Porygon2|
|poke|p2|Blissey, F|
|poke|p2|Ditto|
|poke|p2|Zoroark-Hisui, M|
|poke|p2|Braviary, M|
|poke|p2|Maushold-Four|
|teampreview
|
|t:|1778503949
|teamsize|p1|6
|teamsize|p2|6
|start
|switch|p1a: Gholdengo|Gholdengo|100/100
|switch|p2a: Ditto|Ditto|100/100
|-transform|p2a: Ditto|p1a: Gholdengo|[from] ability: Imposter
|turn|1
|
|t:|1778503963
|switch|p1a: Landorus|Landorus-Therian, M|100/100
|-ability|p1a: Landorus|Intimidate|boost
|-unboost|p2a: Ditto|atk|1
|move|p2a: Ditto|Hex|p1a: Landorus
|-damage|p1a: Landorus|67/100
|
|upkeep
|turn|2
|
|t:|1778503972
|switch|p2a: Porygon2|Porygon2, shiny|100/100
|-ability|p2a: Porygon2|Intimidate|Trace|[from] ability: Trace|[of] p1a: Landorus
|-ability|p2a: Porygon2|Intimidate|boost
|-unboost|p1a: Landorus|atk|1
|move|p1a: Landorus|U-turn|p2a: Porygon2
|-damage|p2a: Porygon2|94/100
|
|t:|1778503979
|switch|p1a: Gholdengo|Gholdengo|100/100|[from] U-turn
|
|upkeep
|turn|3
|
|t:|1778503985
|move|p1a: Gholdengo|Trick|p2a: Porygon2
|-activate|p1a: Gholdengo|move: Trick|[of] p2a: Porygon2
|-item|p2a: Porygon2|Choice Scarf|[from] move: Trick
|-item|p1a: Gholdengo|Eviolite|[from] move: Trick
|move|p2a: Porygon2|Foul Play|p1a: Gholdengo
|-supereffective|p1a: Gholdengo
|-damage|p1a: Gholdengo|78/100
|
|upkeep
|turn|4
|
|t:|1778503991
|switch|p2a: Ditto|Ditto|100/100
|-transform|p2a: Ditto|p1a: Gholdengo|[from] ability: Imposter
|move|p1a: Gholdengo|Make It Rain|p2a: Ditto
|-resisted|p2a: Ditto
|-damage|p2a: Ditto|62/100
|-unboost|p1a: Gholdengo|spa|1
|
|upkeep
|turn|5
|
|t:|1778504001
|switch|p1a: Landorus|Landorus-Therian, M|67/100
|-ability|p1a: Landorus|Intimidate|boost
|-unboost|p2a: Ditto|atk|1
|move|p2a: Ditto|Hex|p1a: Landorus
|-crit|p1a: Landorus
|-damage|p1a: Landorus|14/100
|
|upkeep
|turn|6
|
|t:|1778504021
|switch|p1a: Ogerpon|Ogerpon-Wellspring, F|100/100
|move|p2a: Ditto|Hex|p1a: Ogerpon
|-damage|p1a: Ogerpon|59/100
|
|upkeep
|turn|7
|
|t:|1778504027
|move|p1a: Ogerpon|Spiky Shield|p1a: Ogerpon
|-singleturn|p1a: Ogerpon|move: Protect
|move|p2a: Ditto|Hex|p1a: Ogerpon
|-activate|p1a: Ogerpon|move: Protect
|
|upkeep
|turn|8
|
|t:|1778504032
|move|p2a: Ditto|Hex|p1a: Ogerpon
|-damage|p1a: Ogerpon|16/100
|move|p1a: Ogerpon|Ivy Cudgel|p2a: Ditto|[anim] Ivy Cudgel Water
|-damage|p2a: Ditto|0 fnt
|faint|p2a: Ditto
|
|upkeep
|
|t:|1778504052
|switch|p2a: Maushold|Maushold-Four|100/100
|turn|9
|
|t:|1778504056
|move|p2a: Maushold|Nasty Plot|p2a: Maushold
|-boost|p2a: Maushold|spa|2
|move|p1a: Ogerpon|Ivy Cudgel|p2a: Maushold|[anim] Ivy Cudgel Water
|-damage|p2a: Maushold|0 fnt
|replace|p2a: Zoroark|Zoroark-Hisui, M, shiny
|-end|p2a: Zoroark|Illusion
|faint|p2a: Zoroark
|
|upkeep
|
|t:|1778504064
|switch|p2a: Porygon2|Porygon2, shiny|94/100
|-ability|p2a: Porygon2|Water Absorb|Trace|[from] ability: Trace|[of] p1a: Ogerpon
|turn|10
|
|t:|1778504067
|move|p1a: Ogerpon|Spiky Shield|p1a: Ogerpon
|-singleturn|p1a: Ogerpon|move: Protect
|move|p2a: Porygon2|Foul Play|p1a: Ogerpon
|-activate|p1a: Ogerpon|move: Protect
|-damage|p2a: Porygon2|82/100|[from] Spiky Shield|[of] p1a: Ogerpon
|
|upkeep
|turn|11
|
|t:|1778504071
|switch|p1a: Ting-Lu|Ting-Lu|100/100
|-ability|p1a: Ting-Lu|Vessel of Ruin
|move|p2a: Porygon2|Foul Play|p1a: Ting-Lu
|-resisted|p1a: Ting-Lu
|-damage|p1a: Ting-Lu|97/100
|
|-heal|p1a: Ting-Lu|100/100|[from] item: Leftovers
|upkeep
|turn|12
|
|t:|1778504080
|switch|p2a: Maushold|Maushold-Four|100/100
|move|p1a: Ting-Lu|Stealth Rock|p2a: Maushold
|-sidestart|p2: YoSoyDelBronx|move: Stealth Rock
|
|upkeep
|turn|13
|
|t:|1778504085
|move|p2a: Maushold|Encore|p1a: Ting-Lu
|-start|p1a: Ting-Lu|Encore
|move|p1a: Ting-Lu|Stealth Rock||[still]
|-fail|p1a: Ting-Lu
|
|upkeep
|turn|14
|
|t:|1778504090
|switch|p1a: Landorus|Landorus-Therian, M|14/100
|-ability|p1a: Landorus|Intimidate|boost
|-unboost|p2a: Maushold|atk|1
|move|p2a: Maushold|Tidy Up|p2a: Maushold
|-sideend|p2: YoSoyDelBronx|Stealth Rock
|-activate|p2a: Maushold|move: Tidy Up
|-boost|p2a: Maushold|atk|1
|-boost|p2a: Maushold|spe|1
|
|upkeep
|turn|15
|
|t:|1778504099
|move|p2a: Maushold|Population Bomb|p1a: Landorus
|-damage|p1a: Landorus|3/100
|-damage|p1a: Landorus|0 fnt
|faint|p1a: Landorus
|-hitcount|p1: Landorus|2
|
|upkeep
|
|t:|1778504106
|switch|p1a: Ting-Lu|Ting-Lu|100/100
|-ability|p1a: Ting-Lu|Vessel of Ruin
|turn|16
|
|t:|1778504110
|move|p2a: Maushold|Tidy Up|p2a: Maushold
|-boost|p2a: Maushold|atk|1
|-boost|p2a: Maushold|spe|1
|move|p1a: Ting-Lu|Whirlwind|p2a: Maushold
|drag|p2a: Porygon2|Porygon2, shiny|82/100
|-ability|p2a: Porygon2|Vessel of Ruin|Trace|[from] ability: Trace|[of] p1a: Ting-Lu
|-ability|p2a: Porygon2|Vessel of Ruin
|
|upkeep
|turn|17
|
|t:|1778504113
|move|p2a: Porygon2|Ice Beam|p1a: Ting-Lu
|-supereffective|p1a: Ting-Lu
|-crit|p1a: Ting-Lu
|-damage|p1a: Ting-Lu|50/100
|move|p1a: Ting-Lu|Ruination|p2a: Porygon2
|-damage|p2a: Porygon2|41/100
|
|-heal|p1a: Ting-Lu|56/100|[from] item: Leftovers
|upkeep
|turn|18
|
|t:|1778504118
|switch|p1a: Glimmora|Glimmora, F|100/100
|move|p2a: Porygon2|Ice Beam|p1a: Glimmora
|-damage|p1a: Glimmora|75/100
|
|upkeep
|turn|19
|
|t:|1778504122
|move|p1a: Glimmora|Mortal Spin|p2a: Porygon2
|-damage|p2a: Porygon2|37/100
|-status|p2a: Porygon2|psn
|move|p2a: Porygon2|Ice Beam|p1a: Glimmora
|-damage|p1a: Glimmora|53/100
|
|-damage|p2a: Porygon2|25/100 psn|[from] psn
|upkeep
|turn|20
|
|t:|1778504125
|move|p1a: Glimmora|Sludge Wave|p2a: Porygon2
|-crit|p2a: Porygon2
|-damage|p2a: Porygon2|0 fnt
|faint|p2a: Porygon2
|
|upkeep
|
|t:|1778504136
|switch|p2a: Maushold|Maushold-Four|100/100
|turn|21
|
|t:|1778504143
|move|p2a: Maushold|Tidy Up|p2a: Maushold
|-boost|p2a: Maushold|atk|1
|-boost|p2a: Maushold|spe|1
|move|p1a: Glimmora|Mortal Spin|p2a: Maushold
|-damage|p2a: Maushold|91/100
|-status|p2a: Maushold|psn
|
|-damage|p2a: Maushold|78/100 psn|[from] psn
|upkeep
|turn|22
|
|t:|1778504148
|move|p2a: Maushold|Bite|p1a: Glimmora
|-damage|p1a: Glimmora|19/100
|-activate|p1a: Glimmora|ability: Toxic Debris
|-sidestart|p2: YoSoyDelBronx|move: Toxic Spikes
|cant|p1a: Glimmora|flinch
|
|-damage|p2a: Maushold|66/100 psn|[from] psn
|upkeep
|turn|23
|
|t:|1778504151
|move|p2a: Maushold|Bite|p1a: Glimmora
|-damage|p1a: Glimmora|0 fnt
|-activate|p1a: Glimmora|ability: Toxic Debris
|-sidestart|p2: YoSoyDelBronx|move: Toxic Spikes
|faint|p1a: Glimmora
|
|-damage|p2a: Maushold|53/100 psn|[from] psn
|upkeep
|
|t:|1778504154
|switch|p1a: Ogerpon|Ogerpon-Wellspring, F|16/100
|turn|24
|
|t:|1778504156
|move|p1a: Ogerpon|Spiky Shield|p1a: Ogerpon
|-singleturn|p1a: Ogerpon|move: Protect
|move|p2a: Maushold|Population Bomb|p1a: Ogerpon
|-activate|p1a: Ogerpon|move: Protect
|-damage|p2a: Maushold|41/100 psn|[from] Spiky Shield|[of] p1a: Ogerpon
|
|-damage|p2a: Maushold|29/100 psn|[from] psn
|upkeep
|turn|25
|
|t:|1778504158
|move|p2a: Maushold|Population Bomb|p1a: Ogerpon
|-damage|p1a: Ogerpon|0 fnt
|faint|p1a: Ogerpon
|-hitcount|p1: Ogerpon|1
|
|-damage|p2a: Maushold|16/100 psn|[from] psn
|upkeep
|
|t:|1778504161
|switch|p1a: Iron Valiant|Iron Valiant|100/100
|-enditem|p1a: Iron Valiant|Booster Energy
|-activate|p1a: Iron Valiant|ability: Quark Drive|[fromitem]
|-start|p1a: Iron Valiant|quarkdrivespe
|turn|26
|
|t:|1778504163
|move|p1a: Iron Valiant|Vacuum Wave|p2a: Maushold
|-supereffective|p2a: Maushold
|-damage|p2a: Maushold|0 fnt
|faint|p2a: Maushold
|
|upkeep
|
|t:|1778504168
|switch|p2a: Blissey|Blissey, F|100/100
|turn|27
|
|t:|1778504172
|move|p1a: Iron Valiant|Close Combat|p2a: Blissey
|-supereffective|p2a: Blissey
|-damage|p2a: Blissey|0 fnt
|-unboost|p1a: Iron Valiant|def|1
|-unboost|p1a: Iron Valiant|spd|1
|faint|p2a: Blissey
|
|upkeep
|
|t:|1778504175
|switch|p2a: Braviary|Braviary, M, shiny|100/100
|turn|28
|
|t:|1778504178
|move|p1a: Iron Valiant|Moonblast|p2a: Braviary
|-damage|p2a: Braviary|51/100
|move|p2a: Braviary|Brave Bird|p1a: Iron Valiant
|-supereffective|p1a: Iron Valiant
|-damage|p1a: Iron Valiant|0 fnt
|faint|p1a: Iron Valiant
|-end|p1a: Iron Valiant|Quark Drive|[silent]
|-damage|p2a: Braviary|28/100|[from] Recoil
|
|upkeep
|
|t:|1778504183
|switch|p1a: Ting-Lu|Ting-Lu|56/100
|-ability|p1a: Ting-Lu|Vessel of Ruin
|turn|29
|
|t:|1778504186
|move|p2a: Braviary|Roost|p2a: Braviary
|-heal|p2a: Braviary|78/100
|-singleturn|p2a: Braviary|move: Roost
|move|p1a: Ting-Lu|Ruination|p2a: Braviary
|-damage|p2a: Braviary|39/100
|
|-heal|p1a: Ting-Lu|62/100|[from] item: Leftovers
|upkeep
|turn|30
|
|t:|1778504194
|move|p2a: Braviary|Close Combat|p1a: Ting-Lu
|-supereffective|p1a: Ting-Lu
|-damage|p1a: Ting-Lu|35/100
|-unboost|p2a: Braviary|def|1
|-unboost|p2a: Braviary|spd|1
|move|p1a: Ting-Lu|Ruination|p2a: Braviary
|-damage|p2a: Braviary|20/100
|
|-heal|p1a: Ting-Lu|41/100|[from] item: Leftovers
|upkeep
|turn|31
|
|t:|1778504207
|move|p2a: Braviary|Roost|p2a: Braviary
|-heal|p2a: Braviary|70/100
|-singleturn|p2a: Braviary|move: Roost
|move|p1a: Ting-Lu|Ruination|p2a: Braviary
|-damage|p2a: Braviary|35/100
|
|-heal|p1a: Ting-Lu|48/100|[from] item: Leftovers
|upkeep
|turn|32
|
|t:|1778504210
|move|p2a: Braviary|Roost|p2a: Braviary
|-heal|p2a: Braviary|85/100
|-singleturn|p2a: Braviary|move: Roost
|move|p1a: Ting-Lu|Ruination|p2a: Braviary
|-damage|p2a: Braviary|43/100
|
|-heal|p1a: Ting-Lu|54/100|[from] item: Leftovers
|upkeep
|turn|33
|
|t:|1778504213
|move|p2a: Braviary|Brave Bird|p1a: Ting-Lu
|-damage|p1a: Ting-Lu|33/100
|-damage|p2a: Braviary|34/100|[from] Recoil
|move|p1a: Ting-Lu|Ruination|p2a: Braviary
|-damage|p2a: Braviary|17/100
|
|-heal|p1a: Ting-Lu|39/100|[from] item: Leftovers
|upkeep
|turn|34
|
|t:|1778504218
|move|p2a: Braviary|Close Combat|p1a: Ting-Lu
|-supereffective|p1a: Ting-Lu
|-damage|p1a: Ting-Lu|11/100
|-unboost|p2a: Braviary|def|1
|-unboost|p2a: Braviary|spd|1
|move|p1a: Ting-Lu|Ruination|p2a: Braviary|[miss]
|-miss|p1a: Ting-Lu|p2a: Braviary
|
|-heal|p1a: Ting-Lu|17/100|[from] item: Leftovers
|upkeep
|turn|35
|
|t:|1778504220
|move|p2a: Braviary|Close Combat|p1a: Ting-Lu
|-supereffective|p1a: Ting-Lu
|-damage|p1a: Ting-Lu|0 fnt
|-unboost|p2a: Braviary|def|1
|-unboost|p2a: Braviary|spd|1
|faint|p1a: Ting-Lu
|
|upkeep
|
|t:|1778504222
|switch|p1a: Gholdengo|Gholdengo|78/100
|turn|36
|c|☆jzax94|gg
|
|t:|1778504229
|move|p1a: Gholdengo|Make It Rain|p2a: Braviary
|-damage|p2a: Braviary|0 fnt
|-unboost|p1a: Gholdengo|spa|1
|faint|p2a: Braviary
|
|win|jzax94
|raw|jzax94's rating: 1338 &rarr; <strong>1357</strong><br />(+19 for winning)
|raw|YoSoyDelBronx's rating: 1313 &rarr; <strong>1294</strong><br />(-19 for losing)
|l|☆YoSoyDelBronx
|player|p2|
|l|☆jzax94
|player|p1|
