|html|<div class="broadcast-blue"><strong>[Gen 9] OU is currently suspecting Tera Blast! For information on how to participate check out the <a href="https://www.smogon.com/tools/suspects/view/200">suspect thread</a>.</strong></div>
|j|☆horsesman4
|j|☆osodelclima2
|t:|1776088454
|gametype|singles
|player|p1|horsesman4|1|1359
|player|p2|osodelclima2|266|1345
|gen|9
|tier|[Gen 9] OU
|rated|
|rule|HP Percentage Mod: HP is shown in percentages
|rule|Endless Battle Clause: Forcing endless battles is banned
|rule|Species Clause: Limit one of each Pokémon
|rule|OHKO Clause: OHKO moves are banned
|rule|Evasion Items Clause: Evasion items are banned
|rule|Evasion Moves Clause: Evasion moves are banned
|rule|Evasion Abilities Clause: Evasion abilities are banned
|rule|Sleep Moves Clause: Sleep-inducing moves are banned
|clearpoke
|poke|p1|Skarmory, F|
|poke|p1|Iron Valiant|
|poke|p1|Samurott-Hisui, M|
|poke|p1|Kyurem|
|poke|p1|Iron Treads|
|poke|p1|Raging Bolt|
|poke|p2|Pecharunt|
|poke|p2|Blastoise, M|
|poke|p2|Porygon-Z|
|poke|p2|Ceruledge, M|
|poke|p2|Iron Thorns|
|poke|p2|Haxorus, F|
|teampreview
|inactive|Battle timer is ON: inactive players will automatically lose when time's up. (requested by osodelclima2)
|
|t:|1776088471
|teamsize|p1|6
|teamsize|p2|6
|start
|switch|p1a: Samurott|Samurott-Hisui, M|100/100
|switch|p2a: Pecharunt|Pecharunt|100/100
|turn|1
|
|t:|1776088478
|move|p1a: Samurott|Ceaseless Edge|p2a: Pecharunt
|-supereffective|p2a: Pecharunt
|-damage|p2a: Pecharunt|74/100
|-sidestart|p2: osodelclima2|Spikes
|move|p2a: Pecharunt|Malignant Chain|p1a: Samurott
|-damage|p1a: Samurott|60/100
|-status|p1a: Samurott|tox
|-start|p1a: Samurott|confusion|[from] ability: Poison Puppeteer|[of] p2a: Pecharunt
|
|-heal|p2a: Pecharunt|80/100|[from] item: Leftovers
|-damage|p1a: Samurott|54/100 tox|[from] psn
|upkeep
|turn|2
|
|t:|1776088493
|switch|p1a: Skarmory|Skarmory, F|100/100
|move|p2a: Pecharunt|Nasty Plot|p2a: Pecharunt
|-boost|p2a: Pecharunt|spa|2
|
|-heal|p2a: Pecharunt|86/100|[from] item: Leftovers
|upkeep
|turn|3
|
|t:|1776088502
|move|p2a: Pecharunt|Shadow Ball|p1a: Skarmory
|-ability|p1a: Skarmory|Sturdy
|-damage|p1a: Skarmory|1/100
|move|p1a: Skarmory|Roar|p2a: Pecharunt
|drag|p2a: Ceruledge|Ceruledge, M|100/100
|-damage|p2a: Ceruledge|88/100|[from] Spikes
|
|upkeep
|turn|4
|
|t:|1776088516
|move|p2a: Ceruledge|Bitter Blade|p1a: Skarmory
|-supereffective|p1a: Skarmory
|-damage|p1a: Skarmory|0 fnt
|-heal|p2a: Ceruledge|88/100|[from] drain|[of] p1a: Skarmory
|-damage|p2a: Ceruledge|72/100|[from] item: Rocky Helmet|[of] p1a: Skarmory
|faint|p1a: Skarmory
|
|upkeep
|
|t:|1776088526
|switch|p1a: Samurott|Samurott-Hisui, M|54/100 tox
|turn|5
|
|t:|1776088533
|switch|p2a: Blastoise|Blastoise, M|100/100
|-damage|p2a: Blastoise|88/100|[from] Spikes
|move|p1a: Samurott|Ceaseless Edge|p2a: Blastoise
|-damage|p2a: Blastoise|63/100
|-sidestart|p2: osodelclima2|Spikes
|
|-heal|p2a: Blastoise|69/100|[from] item: Leftovers
|-damage|p1a: Samurott|48/100 tox|[from] psn
|upkeep
|turn|6
|
|t:|1776088555
|move|p1a: Samurott|Ceaseless Edge|p2a: Blastoise
|-damage|p2a: Blastoise|47/100
|-sidestart|p2: osodelclima2|Spikes
|move|p2a: Blastoise|Rapid Spin|p1a: Samurott
|-damage|p1a: Samurott|39/100 tox
|-boost|p2a: Blastoise|spe|1
|-sideend|p2: osodelclima2|Spikes|[from] move: Rapid Spin|[of] p2a: Blastoise
|
|-heal|p2a: Blastoise|53/100|[from] item: Leftovers
|-damage|p1a: Samurott|27/100 tox|[from] psn
|upkeep
|turn|7
|
|t:|1776088573
|switch|p1a: Raging Bolt|Raging Bolt|100/100
|move|p2a: Blastoise|Aura Sphere|p1a: Raging Bolt
|-damage|p1a: Raging Bolt|82/100
|
|-heal|p2a: Blastoise|59/100|[from] item: Leftovers
|-heal|p1a: Raging Bolt|89/100|[from] item: Leftovers
|upkeep
|turn|8
|
|t:|1776088585
|switch|p2a: Iron Thorns|Iron Thorns|100/100
|move|p1a: Raging Bolt|Calm Mind|p1a: Raging Bolt
|-boost|p1a: Raging Bolt|spa|1
|-boost|p1a: Raging Bolt|spd|1
|
|-heal|p1a: Raging Bolt|95/100|[from] item: Leftovers
|upkeep
|turn|9
|inactive|horsesman4 has 120 seconds left.
|
|t:|1776088608
|-terastallize|p1a: Raging Bolt|Fairy
|move|p2a: Iron Thorns|Rock Blast|p1a: Raging Bolt|[miss]
|-miss|p2a: Iron Thorns|p1a: Raging Bolt
|move|p1a: Raging Bolt|Calm Mind|p1a: Raging Bolt
|-boost|p1a: Raging Bolt|spa|1
|-boost|p1a: Raging Bolt|spd|1
|
|-heal|p1a: Raging Bolt|100/100|[from] item: Leftovers
|upkeep
|turn|10
|inactive|horsesman4 has 120 seconds left.
|
|t:|1776088619
|move|p2a: Iron Thorns|Rock Blast|p1a: Raging Bolt|[miss]
|-miss|p2a: Iron Thorns|p1a: Raging Bolt
|move|p1a: Raging Bolt|Dragon Pulse|p2a: Iron Thorns
|-crit|p2a: Iron Thorns
|-damage|p2a: Iron Thorns|0 fnt
|faint|p2a: Iron Thorns
|-end|p2a: Iron Thorns|Quark Drive|[silent]
|
|upkeep
|
|t:|1776088628
|switch|p2a: Pecharunt|Pecharunt|86/100
|turn|11
|
|t:|1776088633
|move|p2a: Pecharunt|Malignant Chain|p1a: Raging Bolt
|-supereffective|p1a: Raging Bolt
|-damage|p1a: Raging Bolt|66/100
|-status|p1a: Raging Bolt|tox
|-start|p1a: Raging Bolt|confusion|[from] ability: Poison Puppeteer|[of] p2a: Pecharunt
|-activate|p1a: Raging Bolt|confusion
|move|p1a: Raging Bolt|Thunderbolt|p2a: Pecharunt
|-damage|p2a: Pecharunt|0 fnt
|faint|p2a: Pecharunt
|
|-heal|p1a: Raging Bolt|72/100 tox|[from] item: Leftovers
|-damage|p1a: Raging Bolt|66/100 tox|[from] psn
|upkeep
|
|t:|1776088650
|switch|p2a: Haxorus|Haxorus, F|100/100
|-ability|p2a: Haxorus|Mold Breaker
|turn|12
|
|t:|1776088658
|move|p2a: Haxorus|Earthquake|p1a: Raging Bolt
|-damage|p1a: Raging Bolt|33/100 tox
|-end|p1a: Raging Bolt|confusion
|move|p1a: Raging Bolt|Dragon Pulse|p2a: Haxorus
|-supereffective|p2a: Haxorus
|-damage|p2a: Haxorus|0 fnt
|faint|p2a: Haxorus
|
|-heal|p1a: Raging Bolt|39/100 tox|[from] item: Leftovers
|-damage|p1a: Raging Bolt|27/100 tox|[from] psn
|upkeep
|
|t:|1776088670
|switch|p2a: Ceruledge|Ceruledge, M|72/100
|turn|13
|
|t:|1776088673
|move|p2a: Ceruledge|Swords Dance|p2a: Ceruledge
|-boost|p2a: Ceruledge|atk|2
|move|p1a: Raging Bolt|Dragon Pulse|p2a: Ceruledge
|-damage|p2a: Ceruledge|0 fnt
|faint|p2a: Ceruledge
|
|-heal|p1a: Raging Bolt|33/100 tox|[from] item: Leftovers
|-damage|p1a: Raging Bolt|15/100 tox|[from] psn
|upkeep
|
|t:|1776088690
|switch|p2a: Porygon-Z|Porygon-Z|100/100
|turn|14
|
|t:|1776088694
|move|p2a: Porygon-Z|Tri Attack|p1a: Raging Bolt
|-damage|p1a: Raging Bolt|0 fnt
|faint|p1a: Raging Bolt
|-end|p1a: Raging Bolt|Protosynthesis|[silent]
|
|upkeep
|
|t:|1776088700
|switch|p1a: Iron Valiant|Iron Valiant|100/100
|-enditem|p1a: Iron Valiant|Booster Energy
|-activate|p1a: Iron Valiant|ability: Quark Drive|[fromitem]
|-start|p1a: Iron Valiant|quarkdrivespe
|turn|15
|
|t:|1776088706
|-terastallize|p2a: Porygon-Z|Ghost
|move|p1a: Iron Valiant|Aura Sphere|p2a: Porygon-Z
|-immune|p2a: Porygon-Z
|move|p2a: Porygon-Z|Tri Attack|p1a: Iron Valiant
|-damage|p1a: Iron Valiant|25/100
|
|upkeep
|turn|16
|
|t:|1776088716
|move|p1a: Iron Valiant|Moonblast|p2a: Porygon-Z
|-damage|p2a: Porygon-Z|38/100
|move|p2a: Porygon-Z|Tri Attack|p1a: Iron Valiant
|-damage|p1a: Iron Valiant|0 fnt
|faint|p1a: Iron Valiant
|-end|p1a: Iron Valiant|Quark Drive|[silent]
|
|upkeep
|
|t:|1776088724
|switch|p1a: Iron Treads|Iron Treads|100/100
|turn|17
|
|t:|1776088728
|switch|p2a: Blastoise|Blastoise, M|59/100
|move|p1a: Iron Treads|Knock Off|p2a: Blastoise
|-damage|p2a: Blastoise|29/100
|-enditem|p2a: Blastoise|Leftovers|[from] move: Knock Off|[of] p1a: Iron Treads
|
|upkeep
|turn|18
|
|t:|1776088735
|move|p1a: Iron Treads|Earthquake|p2a: Blastoise
|-damage|p2a: Blastoise|0 fnt
|faint|p2a: Blastoise
|
|upkeep
|
|t:|1776088737
|switch|p2a: Porygon-Z|Porygon-Z, tera:Ghost|38/100
|turn|19
|
|t:|1776088746
|-end|p1a: Iron Treads|Quark Drive|[silent]
|switch|p1a: Samurott|Samurott-Hisui, M|27/100 tox
|move|p2a: Porygon-Z|Shadow Ball|p1a: Samurott
|-resisted|p1a: Samurott
|-damage|p1a: Samurott|3/100 tox
|
|-damage|p1a: Samurott|0 fnt|[from] psn
|faint|p1a: Samurott
|upkeep
|
|t:|1776088755
|switch|p1a: Iron Treads|Iron Treads|100/100
|turn|20
|
|t:|1776088760
|move|p2a: Porygon-Z|Shadow Ball|p1a: Iron Treads
|-damage|p1a: Iron Treads|47/100
|move|p1a: Iron Treads|Knock Off|p2a: Porygon-Z
|-supereffective|p2a: Porygon-Z
|-damage|p2a: Porygon-Z|0 fnt
|-enditem|p2a: Porygon-Z|Choice Scarf|[from] move: Knock Off|[of] p1a: Iron Treads
|faint|p2a: Porygon-Z
|
|win|horsesman4
|raw|horsesman4's rating: 1359 &rarr; <strong>1378</strong><br />(+19 for winning)
|raw|osodelclima2's rating: 1345 &rarr; <strong>1326</strong><br />(-19 for losing)
|l|☆osodelclima2
|player|p2|
|l|☆horsesman4
|player|p1|
