|html|<div class="broadcast-blue"><strong>[Gen 9] OU is currently suspecting Tera Blast! For information on how to participate check out the <a href="https://www.smogon.com/tools/suspects/view/200">suspect thread</a>.</strong></div>
|j|☆HigherThanRotom-F
|j|☆theyubero
|t:|1776041117
|gametype|singles
|player|p1|HigherThanRotom-F|zinnia|1668
|player|p2|theyubero|baker|1727
|gen|9
|tier|[Gen 9] OU
|rated|
|rule|HP Percentage Mod: HP is shown in percentages
|rule|Endless Battle Clause: Forcing endless battles is banned
|rule|Species Clause: Limit one of each Pokémon
|rule|OHKO Clause: OHKO moves are banned
|rule|Evasion Items Clause: Evasion items are banned
|rule|Evasion Moves Clause: Evasion moves are banned
|rule|Evasion Abilities Clause: Evasion abilities are banned
|rule|Sleep Moves Clause: Sleep-inducing moves are banned
|clearpoke
|poke|p1|Pelipper, M|
|poke|p1|Raging Bolt|
|poke|p1|Overqwil, F|
|poke|p1|Barraskewda, M|
|poke|p1|Iron Treads|
|poke|p1|Kingambit, F|
|poke|p2|Landorus-Therian, M|
|poke|p2|Samurott-Hisui, M|
|poke|p2|Pecharunt|
|poke|p2|Zamazenta-*|
|poke|p2|Scizor, M|
|poke|p2|Kyurem|
|teampreview
|inactive|Battle timer is ON: inactive players will automatically lose when time's up. (requested by theyubero)
|inactive|HigherThanRotom-F has 120 seconds left.
|inactive|HigherThanRotom-F has 90 seconds left.
|
|t:|1776041181
|teamsize|p1|6
|teamsize|p2|6
|start
|switch|p1a: Pelipper|Pelipper, M|100/100
|switch|p2a: Kyurem|Kyurem|100/100
|-ability|p2a: Kyurem|Pressure
|-weather|RainDance|[from] ability: Drizzle|[of] p1a: Pelipper
|turn|1
|
|t:|1776041190
|switch|p1a: Iron Treads|Iron Treads|100/100
|-enditem|p1a: Iron Treads|Booster Energy
|-activate|p1a: Iron Treads|ability: Quark Drive|[fromitem]
|-start|p1a: Iron Treads|quarkdrivespe
|move|p2a: Kyurem|Freeze-Dry|p1a: Iron Treads
|-crit|p1a: Iron Treads
|-damage|p1a: Iron Treads|28/100
|
|-weather|RainDance|[upkeep]
|upkeep
|turn|2
|
|t:|1776041196
|move|p1a: Iron Treads|Steel Beam|p2a: Kyurem
|-supereffective|p2a: Kyurem
|-damage|p2a: Kyurem|0 fnt
|-damage|p1a: Iron Treads|0 fnt|[from] steelbeam
|faint|p1a: Iron Treads
|-end|p1a: Iron Treads|Quark Drive|[silent]
|faint|p2a: Kyurem
|
|-weather|RainDance|[upkeep]
|upkeep
|inactive|HigherThanRotom-F has 120 seconds left.
|
|t:|1776041246
|switch|p2a: Landorus|Landorus-Therian, M|100/100
|switch|p1a: Barraskewda|Barraskewda, M|100/100
|-ability|p2a: Landorus|Intimidate|boost
|-unboost|p1a: Barraskewda|atk|1
|turn|3
|inactive|theyubero has 120 seconds left.
|
|t:|1776041277
|-terastallize|p1a: Barraskewda|Water
|move|p1a: Barraskewda|Flip Turn|p2a: Landorus
|-supereffective|p2a: Landorus
|-damage|p2a: Landorus|0 fnt
|-damage|p1a: Barraskewda|84/100|[from] item: Rocky Helmet|[of] p2a: Landorus
|faint|p2a: Landorus
|j| tickle me girble
|c|☆theyubero|yeowch
|inactive|HigherThanRotom-F has 90 seconds left.
|
|t:|1776041325
|switch|p1a: Overqwil|Overqwil, F|100/100|[from] Flip Turn
|
|-weather|RainDance|[upkeep]
|upkeep
|inactive|theyubero has 120 seconds left.
|c|☆HigherThanRotom-F|lot of boosts there lol
|
|t:|1776041338
|switch|p2a: Samurott|Samurott-Hisui, M|100/100
|turn|4
|
|t:|1776041343
|move|p1a: Overqwil|Gunk Shot|p2a: Samurott
|-damage|p2a: Samurott|8/100
|-status|p2a: Samurott|psn
|-damage|p1a: Overqwil|91/100|[from] item: Life Orb
|move|p2a: Samurott|Ceaseless Edge|p1a: Overqwil
|-resisted|p1a: Overqwil
|-damage|p1a: Overqwil|68/100
|-sidestart|p1: HigherThanRotom-F|Spikes
|
|-weather|RainDance|[upkeep]
|-damage|p2a: Samurott|0 fnt|[from] psn
|faint|p2a: Samurott
|upkeep
|
|t:|1776041348
|switch|p2a: Scizor|Scizor, M|100/100
|turn|5
|
|t:|1776041352
|move|p1a: Overqwil|Liquidation|p2a: Scizor
|-damage|p2a: Scizor|40/100
|-damage|p1a: Overqwil|58/100|[from] item: Life Orb
|move|p2a: Scizor|U-turn|p1a: Overqwil
|-damage|p1a: Overqwil|0 fnt
|faint|p1a: Overqwil
|
|t:|1776041363
|switch|p2a: Zamazenta|Zamazenta|100/100|[from] U-turn
|-ability|p2a: Zamazenta|Dauntless Shield|boost
|-boost|p2a: Zamazenta|def|1
|
|-weather|RainDance|[upkeep]
|upkeep
|inactive|HigherThanRotom-F has 90 seconds left.
|
|t:|1776041384
|switch|p1a: Raging Bolt|Raging Bolt|100/100
|-damage|p1a: Raging Bolt|88/100|[from] Spikes
|-enditem|p1a: Raging Bolt|Booster Energy
|-activate|p1a: Raging Bolt|ability: Protosynthesis|[fromitem]
|-start|p1a: Raging Bolt|protosynthesisspa
|turn|6
|
|t:|1776041396
|move|p2a: Zamazenta|Close Combat|p1a: Raging Bolt
|-damage|p1a: Raging Bolt|35/100
|-unboost|p2a: Zamazenta|def|1
|-unboost|p2a: Zamazenta|spd|1
|move|p1a: Raging Bolt|Thunder|p2a: Zamazenta
|-crit|p2a: Zamazenta
|-damage|p2a: Zamazenta|0 fnt
|faint|p2a: Zamazenta
|
|-weather|RainDance|[upkeep]
|upkeep
|
|t:|1776041412
|switch|p2a: Scizor|Scizor, M|40/100
|turn|7
|
|t:|1776041421
|move|p2a: Scizor|Bullet Punch|p1a: Raging Bolt
|-resisted|p1a: Raging Bolt
|-crit|p1a: Raging Bolt
|-damage|p1a: Raging Bolt|0 fnt
|faint|p1a: Raging Bolt
|-end|p1a: Raging Bolt|Protosynthesis|[silent]
|
|-weather|RainDance|[upkeep]
|upkeep
|
|t:|1776041427
|switch|p1a: Barraskewda|Barraskewda, M, tera:Water|84/100
|-damage|p1a: Barraskewda|71/100|[from] Spikes
|turn|8
|
|t:|1776041434
|switch|p2a: Pecharunt|Pecharunt|100/100
|move|p1a: Barraskewda|Flip Turn|p2a: Pecharunt
|-damage|p2a: Pecharunt|30/100
|
|t:|1776041438
|switch|p1a: Kingambit|Kingambit, F|100/100|[from] Flip Turn
|-damage|p1a: Kingambit|88/100|[from] Spikes
|-activate|p1a: Kingambit|ability: Supreme Overlord
|-start|p1a: Kingambit|fallen3|[silent]
|
|-weather|none
|-heal|p1a: Kingambit|94/100|[from] item: Leftovers
|upkeep
|turn|9
|-message|theyubero forfeited.
|
|win|HigherThanRotom-F
|raw|HigherThanRotom-F's rating: 1668 &rarr; <strong>1691</strong><br />(+23 for winning)
|raw|theyubero's rating: 1727 &rarr; <strong>1704</strong><br />(-23 for losing)
|l|☆theyubero
|player|p2|
|l|☆HigherThanRotom-F
|player|p1|
