|html|<div class="broadcast-blue"><strong>[Gen 9] OU is currently suspecting Tera Blast! For information on how to participate check out the <a href="https://www.smogon.com/tools/suspects/view/200">suspect thread</a>.</strong></div>
|j|☆Flany27
|j|☆Veiny1
|t:|1776115735
|gametype|singles
|player|p1|Flany27|nate|1140
|player|p2|Veiny1|169|1183
|gen|9
|tier|[Gen 9] OU
|rated|
|rule|HP Percentage Mod: HP is shown in percentages
|rule|Endless Battle Clause: Forcing endless battles is banned
|rule|Species Clause: Limit one of each Pokémon
|rule|OHKO Clause: OHKO moves are banned
|rule|Evasion Items Clause: Evasion items are banned
|rule|Evasion Moves Clause: Evasion moves are banned
|rule|Evasion Abilities Clause: Evasion abilities are banned
|rule|Sleep Moves Clause: Sleep-inducing moves are banned
|clearpoke
|poke|p1|Dragapult, M|
|poke|p1|Landorus-Therian, M|
|poke|p1|Slowking-Galar, M|
|poke|p1|Quaquaval, M|
|poke|p1|Muk-Alola, M|
|poke|p1|Gholdengo|
|poke|p2|Quagsire, M|
|poke|p2|Great Tusk|
|poke|p2|Salamence, F|
|poke|p2|Jumpluff, F|
|poke|p2|Heracross, F|
|poke|p2|Salazzle, F|
|teampreview
|j| ohko_smeargle
|inactive|Battle timer is ON: inactive players will automatically lose when time's up. (requested by Flany27)
|
|t:|1776115747
|teamsize|p1|6
|teamsize|p2|6
|start
|switch|p1a: Landorus|Landorus-Therian, M|100/100
|switch|p2a: Jumpluff|Jumpluff, F|100/100
|-ability|p1a: Landorus|Intimidate|boost
|-unboost|p2a: Jumpluff|atk|1
|turn|1
|
|t:|1776115755
|move|p2a: Jumpluff|Substitute|p2a: Jumpluff
|-start|p2a: Jumpluff|Substitute
|-damage|p2a: Jumpluff|76/100
|move|p1a: Landorus|Taunt|p2a: Jumpluff
|-start|p2a: Jumpluff|move: Taunt
|
|-heal|p2a: Jumpluff|82/100|[from] item: Leftovers
|upkeep
|turn|2
|
|t:|1776115764
|switch|p2a: Quagsire|Quagsire, M, shiny|100/100
|move|p1a: Landorus|U-turn|p2a: Quagsire
|-damage|p2a: Quagsire|75/100
|-damage|p1a: Landorus|84/100|[from] item: Rocky Helmet|[of] p2a: Quagsire
|
|t:|1776115776
|switch|p1a: Dragapult|Dragapult, M|100/100|[from] U-turn
|
|upkeep
|turn|3
|
|t:|1776115781
|move|p1a: Dragapult|Draco Meteor|p2a: Quagsire
|-damage|p2a: Quagsire|0 fnt
|-unboost|p1a: Dragapult|spa|2
|faint|p2a: Quagsire
|
|upkeep
|
|t:|1776115794
|switch|p2a: Jumpluff|Jumpluff, F|82/100
|turn|4
|
|t:|1776115808
|switch|p1a: Slowking|Slowking-Galar, M, shiny|100/100
|move|p2a: Jumpluff|Substitute|p2a: Jumpluff
|-start|p2a: Jumpluff|Substitute
|-damage|p2a: Jumpluff|57/100
|
|-heal|p2a: Jumpluff|63/100|[from] item: Leftovers
|upkeep
|turn|5
|
|t:|1776115815
|move|p2a: Jumpluff|Leech Seed|p1a: Slowking
|-start|p1a: Slowking|move: Leech Seed
|move|p1a: Slowking|Sludge Bomb|p2a: Jumpluff
|-supereffective|p2a: Jumpluff
|-end|p2a: Jumpluff|Substitute
|
|-heal|p2a: Jumpluff|70/100|[from] item: Leftovers
|-damage|p1a: Slowking|88/100|[from] Leech Seed|[of] p2a: Jumpluff
|-heal|p2a: Jumpluff|86/100|[silent]
|upkeep
|turn|6
|
|t:|1776115826
|move|p2a: Jumpluff|Protect|p2a: Jumpluff
|-singleturn|p2a: Jumpluff|Protect
|-prepare|p1a: Slowking|Chilly Reception|[premajor]
|move|p1a: Slowking|Chilly Reception|p1a: Slowking
|-weather|Snowscape
|
|t:|1776115828
|switch|p1a: Dragapult|Dragapult, M|100/100|[from] Chilly Reception
|
|-weather|Snowscape|[upkeep]
|-heal|p2a: Jumpluff|93/100|[from] item: Leftovers
|upkeep
|turn|7
|
|t:|1776115834
|move|p1a: Dragapult|Fire Blast|p2a: Jumpluff|[miss]
|-miss|p1a: Dragapult|p2a: Jumpluff
|move|p2a: Jumpluff|Leech Seed|p1a: Dragapult
|-start|p1a: Dragapult|move: Leech Seed
|
|-weather|Snowscape|[upkeep]
|-heal|p2a: Jumpluff|99/100|[from] item: Leftovers
|-damage|p1a: Dragapult|88/100|[from] Leech Seed|[of] p2a: Jumpluff
|-heal|p2a: Jumpluff|100/100|[silent]
|upkeep
|turn|8
|
|t:|1776115840
|move|p2a: Jumpluff|Protect|p2a: Jumpluff
|-singleturn|p2a: Jumpluff|Protect
|move|p1a: Dragapult|Fire Blast|p2a: Jumpluff
|-activate|p2a: Jumpluff|move: Protect
|
|-weather|Snowscape|[upkeep]
|-damage|p1a: Dragapult|76/100|[from] Leech Seed|[of] p2a: Jumpluff
|upkeep
|turn|9
|
|t:|1776115846
|switch|p2a: Salazzle|Salazzle, F|100/100
|move|p1a: Dragapult|Fire Blast|p2a: Salazzle
|-resisted|p2a: Salazzle
|-damage|p2a: Salazzle|55/100
|
|-weather|Snowscape|[upkeep]
|-damage|p1a: Dragapult|64/100|[from] Leech Seed|[of] p2a: Salazzle
|-heal|p2a: Salazzle|69/100|[silent]
|upkeep
|turn|10
|
|t:|1776115854
|switch|p1a: Quaquaval|Quaquaval, M|100/100
|move|p2a: Salazzle|Toxic|p1a: Quaquaval
|-status|p1a: Quaquaval|tox
|
|-weather|none
|-damage|p1a: Quaquaval|94/100 tox|[from] psn
|upkeep
|turn|11
|
|t:|1776115860
|switch|p2a: Jumpluff|Jumpluff, F|100/100
|move|p1a: Quaquaval|Aqua Step|p2a: Jumpluff
|-resisted|p2a: Jumpluff
|-damage|p2a: Jumpluff|74/100
|-boost|p1a: Quaquaval|spe|1
|
|-heal|p2a: Jumpluff|80/100|[from] item: Leftovers
|-damage|p1a: Quaquaval|82/100 tox|[from] psn
|upkeep
|turn|12
|
|t:|1776115866
|move|p1a: Quaquaval|Knock Off|p2a: Jumpluff
|-damage|p2a: Jumpluff|33/100
|-enditem|p2a: Jumpluff|Leftovers|[from] move: Knock Off|[of] p1a: Quaquaval
|move|p2a: Jumpluff|Leech Seed|p1a: Quaquaval
|-start|p1a: Quaquaval|move: Leech Seed
|
|-damage|p1a: Quaquaval|70/100 tox|[from] Leech Seed|[of] p2a: Jumpluff
|-heal|p2a: Jumpluff|46/100|[silent]
|-damage|p1a: Quaquaval|52/100 tox|[from] psn
|upkeep
|turn|13
|
|t:|1776115874
|move|p1a: Quaquaval|Knock Off|p2a: Jumpluff
|-damage|p2a: Jumpluff|17/100
|move|p2a: Jumpluff|Substitute|p2a: Jumpluff
|-fail|p2a: Jumpluff|move: Substitute|[weak]
|
|-damage|p1a: Quaquaval|39/100 tox|[from] Leech Seed|[of] p2a: Jumpluff
|-heal|p2a: Jumpluff|30/100|[silent]
|-damage|p1a: Quaquaval|15/100 tox|[from] psn
|upkeep
|turn|14
|
|t:|1776115880
|move|p2a: Jumpluff|Protect|p2a: Jumpluff
|-singleturn|p2a: Jumpluff|Protect
|move|p1a: Quaquaval|Knock Off|p2a: Jumpluff
|-activate|p2a: Jumpluff|move: Protect
|
|-damage|p1a: Quaquaval|3/100 tox|[from] Leech Seed|[of] p2a: Jumpluff
|-heal|p2a: Jumpluff|43/100|[silent]
|-damage|p1a: Quaquaval|0 fnt|[from] psn
|faint|p1a: Quaquaval
|upkeep
|
|t:|1776115885
|switch|p1a: Muk|Muk-Alola, M|100/100
|turn|15
|
|t:|1776115891
|move|p2a: Jumpluff|Leech Seed|p1a: Muk
|-start|p1a: Muk|move: Leech Seed
|move|p1a: Muk|Poison Jab|p2a: Jumpluff
|-supereffective|p2a: Jumpluff
|-damage|p2a: Jumpluff|0 fnt
|faint|p2a: Jumpluff
|
|upkeep
|
|t:|1776115906
|switch|p2a: Salamence|Salamence, F|100/100
|turn|16
|
|t:|1776115912
|-terastallize|p2a: Salamence|Steel
|move|p2a: Salamence|Dragon Dance|p2a: Salamence
|-boost|p2a: Salamence|atk|1
|-boost|p2a: Salamence|spe|1
|move|p1a: Muk|Knock Off|p2a: Salamence
|-damage|p2a: Salamence|45/100
|-enditem|p2a: Salamence|Leftovers|[from] move: Knock Off|[of] p1a: Muk
|
|-damage|p1a: Muk|88/100|[from] Leech Seed|[of] p2a: Salamence
|-heal|p2a: Salamence|60/100|[silent]
|upkeep
|turn|17
|
|t:|1776115922
|move|p2a: Salamence|Earthquake|p1a: Muk
|-supereffective|p1a: Muk
|-damage|p1a: Muk|0 fnt
|faint|p1a: Muk
|-ability|p2a: Salamence|Moxie|boost
|-boost|p2a: Salamence|atk|1
|
|upkeep
|
|t:|1776115929
|switch|p1a: Landorus|Landorus-Therian, M|84/100
|-ability|p1a: Landorus|Intimidate|boost
|-unboost|p2a: Salamence|atk|1
|turn|18
|
|t:|1776115945
|switch|p2a: Great Tusk|Great Tusk|100/100
|move|p1a: Landorus|Earthquake|p2a: Great Tusk
|-damage|p2a: Great Tusk|67/100
|
|-heal|p2a: Great Tusk|74/100|[from] item: Leftovers
|upkeep
|turn|19
|
|t:|1776115952
|move|p2a: Great Tusk|Rapid Spin|p1a: Landorus
|-damage|p1a: Landorus|70/100
|-boost|p2a: Great Tusk|spe|1
|-damage|p2a: Great Tusk|57/100|[from] item: Rocky Helmet|[of] p1a: Landorus
|move|p1a: Landorus|Taunt|p2a: Great Tusk
|-start|p2a: Great Tusk|move: Taunt
|
|-heal|p2a: Great Tusk|63/100|[from] item: Leftovers
|upkeep
|turn|20
|
|t:|1776115966
|move|p2a: Great Tusk|Rapid Spin|p1a: Landorus
|-damage|p1a: Landorus|57/100
|-boost|p2a: Great Tusk|spe|1
|-damage|p2a: Great Tusk|47/100|[from] item: Rocky Helmet|[of] p1a: Landorus
|move|p1a: Landorus|U-turn|p2a: Great Tusk
|-resisted|p2a: Great Tusk
|-damage|p2a: Great Tusk|39/100
|
|t:|1776115975
|switch|p1a: Gholdengo|Gholdengo|100/100|[from] U-turn
|-item|p1a: Gholdengo|Air Balloon
|
|-heal|p2a: Great Tusk|45/100|[from] item: Leftovers
|upkeep
|turn|21
|
|t:|1776115984
|move|p2a: Great Tusk|Earthquake|p1a: Gholdengo
|-immune|p1a: Gholdengo
|move|p1a: Gholdengo|Shadow Ball|p2a: Great Tusk
|-damage|p2a: Great Tusk|0 fnt
|faint|p2a: Great Tusk
|-end|p2a: Great Tusk|Protosynthesis|[silent]
|
|upkeep
|
|t:|1776115987
|switch|p2a: Salazzle|Salazzle, F|69/100
|turn|22
|
|t:|1776115996
|switch|p1a: Slowking|Slowking-Galar, M, shiny|100/100
|move|p2a: Salazzle|Flamethrower|p1a: Slowking
|-damage|p1a: Slowking|67/100
|
|-heal|p1a: Slowking|73/100|[from] item: Leftovers
|upkeep
|turn|23
|
|t:|1776116000
|move|p2a: Salazzle|Toxic|p1a: Slowking
|-status|p1a: Slowking|tox
|move|p1a: Slowking|Psychic Noise|p2a: Salazzle
|-supereffective|p2a: Salazzle
|-damage|p2a: Salazzle|0 fnt
|faint|p2a: Salazzle
|
|-heal|p1a: Slowking|79/100 tox|[from] item: Leftovers
|-damage|p1a: Slowking|73/100 tox|[from] psn
|upkeep
|
|t:|1776116008
|switch|p2a: Heracross|Heracross, F|100/100
|turn|24
|
|t:|1776116018
|move|p2a: Heracross|Knock Off|p1a: Slowking
|-supereffective|p1a: Slowking
|-damage|p1a: Slowking|0 fnt
|-enditem|p1a: Slowking|Leftovers|[from] move: Knock Off|[of] p2a: Heracross
|faint|p1a: Slowking
|-ability|p2a: Heracross|Moxie|boost
|-boost|p2a: Heracross|atk|1
|
|upkeep
|
|t:|1776116030
|switch|p1a: Gholdengo|Gholdengo|100/100
|-item|p1a: Gholdengo|Air Balloon
|turn|25
|
|t:|1776116035
|move|p2a: Heracross|Knock Off|p1a: Gholdengo
|-supereffective|p1a: Gholdengo
|-damage|p1a: Gholdengo|0 fnt
|-enditem|p1a: Gholdengo|Air Balloon
|faint|p1a: Gholdengo
|-ability|p2a: Heracross|Moxie|boost
|-boost|p2a: Heracross|atk|1
|
|upkeep
|
|t:|1776116037
|switch|p1a: Dragapult|Dragapult, M|64/100
|turn|26
|
|t:|1776116039
|move|p1a: Dragapult|Fire Blast|p2a: Heracross
|-supereffective|p2a: Heracross
|-damage|p2a: Heracross|0 fnt
|faint|p2a: Heracross
|
|upkeep
|
|t:|1776116043
|switch|p2a: Salamence|Salamence, F, tera:Steel|60/100
|turn|27
|
|t:|1776116050
|-terastallize|p1a: Dragapult|Fire
|move|p1a: Dragapult|Fire Blast|p2a: Salamence
|-supereffective|p2a: Salamence
|-damage|p2a: Salamence|0 fnt
|faint|p2a: Salamence
|
|win|Flany27
|raw|Flany27's rating: 1140 &rarr; <strong>1168</strong><br />(+28 for winning)
|raw|Veiny1's rating: 1183 &rarr; <strong>1155</strong><br />(-28 for losing)
|l| ohko_smeargle
|l|☆Veiny1
|player|p2|
|l|☆Flany27
|player|p1|
