|html|<div class="broadcast-blue"><strong>[Gen 9] OU is currently suspecting Tera Blast! For information on how to participate check out the <a href="https://www.smogon.com/tools/suspects/view/200">suspect thread</a>.</strong></div>
|j|☆Sxmmythic
|j|☆kyroshero
|t:|1776082156
|gametype|singles
|player|p1|Sxmmythic|steven|1073
|player|p2|kyroshero|waiter-gen4|1080
|gen|9
|tier|[Gen 9] OU
|rated|
|rule|HP Percentage Mod: HP is shown in percentages
|rule|Endless Battle Clause: Forcing endless battles is banned
|rule|Species Clause: Limit one of each Pokémon
|rule|OHKO Clause: OHKO moves are banned
|rule|Evasion Items Clause: Evasion items are banned
|rule|Evasion Moves Clause: Evasion moves are banned
|rule|Evasion Abilities Clause: Evasion abilities are banned
|rule|Sleep Moves Clause: Sleep-inducing moves are banned
|clearpoke
|poke|p1|Emboar, F|
|poke|p1|Ursaluna, M|
|poke|p1|Appletun, M|
|poke|p1|Zoroark-Hisui, F|
|poke|p1|Tinkaton, F|
|poke|p2|Noivern, F|
|poke|p2|Espeon, F|
|poke|p2|Raging Bolt|
|poke|p2|Electrode-Hisui|
|poke|p2|Tauros-Paldea-Blaze, M|
|poke|p2|Kingambit, M|
|teampreview
|inactive|Battle timer is ON: inactive players will automatically lose when time's up. (requested by kyroshero)
|
|t:|1776082168
|teamsize|p1|5
|teamsize|p2|6
|start
|switch|p1a: Primordia|Emboar, F, shiny|100/100
|switch|p2a: Espeon|Espeon, F|100/100
|turn|1
|
|t:|1776082176
|move|p2a: Espeon|Reflect|p2a: Espeon
|-sidestart|p2: kyroshero|Reflect
|move|p1a: Primordia|Poltergeist|p2a: Espeon
|-activate|p2a: Espeon|move: Poltergeist|Leftovers
|-supereffective|p2a: Espeon
|-damage|p2a: Espeon|11/100
|-damage|p1a: Primordia|91/100|[from] item: Life Orb
|
|-heal|p2a: Espeon|17/100|[from] item: Leftovers
|upkeep
|turn|2
|
|t:|1776082192
|move|p2a: Espeon|Light Screen|p2a: Espeon
|-sidestart|p2: kyroshero|move: Light Screen
|move|p1a: Primordia|Curse|p2a: Espeon
|-start|p2a: Espeon|Curse|[of] p1a: Primordia
|-damage|p1a: Primordia|41/100
|
|-heal|p2a: Espeon|23/100|[from] item: Leftovers
|-damage|p2a: Espeon|0 fnt|[from] Curse
|faint|p2a: Espeon
|upkeep
|c|☆kyroshero|Aint no way emboar use potergaist
|
|t:|1776082208
|switch|p2a: Kingambit|Kingambit, M|100/100
|-activate|p2a: Kingambit|ability: Supreme Overlord
|-start|p2a: Kingambit|fallen1|[silent]
|turn|3
|
|t:|1776082217
|move|p1a: Primordia|Poltergeist|p2a: Kingambit
|-activate|p2a: Kingambit|move: Poltergeist|Black Glasses
|-resisted|p2a: Kingambit
|-damage|p2a: Kingambit|92/100
|-damage|p1a: Primordia|31/100|[from] item: Life Orb
|move|p2a: Kingambit|Swords Dance|p2a: Kingambit
|-boost|p2a: Kingambit|atk|2
|
|upkeep
|turn|4
|
|t:|1776082230
|switch|p1a: Tinkaton|Tinkaton, F|100/100
|-ability|p1a: Tinkaton|Mold Breaker
|-item|p1a: Tinkaton|Air Balloon
|move|p2a: Kingambit|Kowtow Cleave|p1a: Tinkaton
|-resisted|p1a: Tinkaton
|-damage|p1a: Tinkaton|7/100
|-enditem|p1a: Tinkaton|Air Balloon
|
|upkeep
|turn|5
|
|t:|1776082238
|move|p2a: Kingambit|Sucker Punch|p1a: Tinkaton
|-resisted|p1a: Tinkaton
|-damage|p1a: Tinkaton|0 fnt
|faint|p1a: Tinkaton
|
|-sideend|p2: kyroshero|Reflect
|upkeep
|
|t:|1776082243
|switch|p1a: Solace|Ursaluna, M|100/100
|turn|6
|
|t:|1776082249
|-end|p2a: Kingambit|fallen1|[silent]
|switch|p2a: Noivern|Noivern, F|100/100
|move|p1a: Solace|Headlong Rush|p2a: Noivern
|-immune|p2a: Noivern
|
|-sideend|p2: kyroshero|move: Light Screen
|-status|p1a: Solace|brn|[from] item: Flame Orb
|upkeep
|turn|7
|
|t:|1776082258
|move|p2a: Noivern|Draco Meteor|p1a: Solace
|-damage|p1a: Solace|48/100 brn
|-unboost|p2a: Noivern|spa|2
|move|p1a: Solace|Stone Edge|p2a: Noivern
|-supereffective|p2a: Noivern
|-damage|p2a: Noivern|0 fnt
|faint|p2a: Noivern
|
|-damage|p1a: Solace|42/100 brn|[from] brn
|upkeep
|
|t:|1776082265
|switch|p2a: Tauros|Tauros-Paldea-Blaze, M|100/100
|turn|8
|
|t:|1776082272
|move|p2a: Tauros|Flare Blitz|p1a: Solace
|-damage|p1a: Solace|0 fnt
|faint|p1a: Solace
|-damage|p2a: Tauros|79/100|[from] Recoil
|-damage|p2a: Tauros|69/100|[from] item: Life Orb
|
|upkeep
|
|t:|1776082276
|switch|p1a: Chunk|Appletun, M|100/100
|turn|9
|
|t:|1776082280
|move|p2a: Tauros|Bulk Up|p2a: Tauros
|-boost|p2a: Tauros|atk|1
|-boost|p2a: Tauros|def|1
|move|p1a: Chunk|Leech Seed|p2a: Tauros
|-start|p2a: Tauros|move: Leech Seed
|
|-damage|p2a: Tauros|57/100|[from] Leech Seed|[of] p1a: Chunk
|upkeep
|turn|10
|
|t:|1776082286
|move|p2a: Tauros|Flare Blitz|p1a: Chunk
|-damage|p1a: Chunk|52/100
|-damage|p2a: Tauros|33/100|[from] Recoil
|-damage|p2a: Tauros|23/100|[from] item: Life Orb
|move|p1a: Chunk|Giga Drain|p2a: Tauros
|-resisted|p2a: Tauros
|-damage|p2a: Tauros|3/100
|-heal|p1a: Chunk|59/100|[from] drain|[of] p2a: Tauros
|
|-heal|p1a: Chunk|65/100|[from] item: Leftovers
|-damage|p2a: Tauros|0 fnt|[from] Leech Seed|[of] p1a: Chunk
|-heal|p1a: Chunk|67/100|[silent]
|faint|p2a: Tauros
|upkeep
|
|t:|1776082290
|switch|p2a: Electrode|Electrode-Hisui|100/100
|turn|11
|
|t:|1776082295
|move|p2a: Electrode|Volt Switch|p1a: Chunk
|-resisted|p1a: Chunk
|-damage|p1a: Chunk|61/100
|-damage|p2a: Electrode|91/100|[from] item: Life Orb
|
|t:|1776082298
|switch|p2a: Raging Bolt|Raging Bolt|100/100|[from] Volt Switch
|move|p1a: Chunk|Leech Seed|p2a: Raging Bolt
|-start|p2a: Raging Bolt|move: Leech Seed
|
|-heal|p1a: Chunk|67/100|[from] item: Leftovers
|-damage|p2a: Raging Bolt|88/100|[from] Leech Seed|[of] p1a: Chunk
|-heal|p1a: Chunk|80/100|[silent]
|upkeep
|turn|12
|
|t:|1776082304
|-terastallize|p2a: Raging Bolt|Fairy
|move|p1a: Chunk|Protect|p1a: Chunk
|-singleturn|p1a: Chunk|Protect
|move|p2a: Raging Bolt|Dragon Pulse|p1a: Chunk
|-activate|p1a: Chunk|move: Protect
|
|-heal|p2a: Raging Bolt|94/100|[from] item: Leftovers
|-heal|p1a: Chunk|87/100|[from] item: Leftovers
|-damage|p2a: Raging Bolt|82/100|[from] Leech Seed|[of] p1a: Chunk
|-heal|p1a: Chunk|99/100|[silent]
|upkeep
|turn|13
|
|t:|1776082308
|-end|p2a: Raging Bolt|Protosynthesis|[silent]
|switch|p2a: Electrode|Electrode-Hisui|91/100
|move|p1a: Chunk|Protect||[still]
|-fail|p1a: Chunk
|
|-heal|p1a: Chunk|100/100|[from] item: Leftovers
|upkeep
|turn|14
|
|t:|1776082315
|move|p2a: Electrode|Thunderbolt|p1a: Chunk
|-resisted|p1a: Chunk
|-damage|p1a: Chunk|94/100
|-damage|p2a: Electrode|81/100|[from] item: Life Orb
|move|p1a: Chunk|Leech Seed|p2a: Electrode
|-immune|p2a: Electrode
|
|-heal|p1a: Chunk|99/100|[from] item: Leftovers
|upkeep
|turn|15
|
|t:|1776082320
|switch|p2a: Raging Bolt|Raging Bolt, tera:Fairy|82/100
|move|p1a: Chunk|Leech Seed|p2a: Raging Bolt
|-start|p2a: Raging Bolt|move: Leech Seed
|
|-heal|p2a: Raging Bolt|88/100|[from] item: Leftovers
|-heal|p1a: Chunk|100/100|[from] item: Leftovers
|-damage|p2a: Raging Bolt|76/100|[from] Leech Seed|[of] p1a: Chunk
|upkeep
|turn|16
|
|t:|1776082323
|move|p1a: Chunk|Protect|p1a: Chunk
|-singleturn|p1a: Chunk|Protect
|move|p2a: Raging Bolt|Calm Mind|p2a: Raging Bolt
|-boost|p2a: Raging Bolt|spa|1
|-boost|p2a: Raging Bolt|spd|1
|
|-heal|p2a: Raging Bolt|82/100|[from] item: Leftovers
|-damage|p2a: Raging Bolt|70/100|[from] Leech Seed|[of] p1a: Chunk
|upkeep
|turn|17
|
|t:|1776082327
|move|p2a: Raging Bolt|Dragon Pulse|p1a: Chunk
|-supereffective|p1a: Chunk
|-damage|p1a: Chunk|0 fnt
|faint|p1a: Chunk
|
|-heal|p2a: Raging Bolt|76/100|[from] item: Leftovers
|upkeep
|
|t:|1776082330
|switch|p1a: Primordia|Emboar, F, shiny|100/100
|turn|18
|
|t:|1776082335
|move|p2a: Raging Bolt|Thunderclap|p1a: Primordia
|-damage|p1a: Primordia|54/100
|move|p1a: Primordia|Flare Blitz|p2a: Raging Bolt
|-damage|p2a: Raging Bolt|24/100
|-damage|p1a: Primordia|36/100|[from] Recoil
|
|-heal|p2a: Raging Bolt|30/100|[from] item: Leftovers
|-damage|p2a: Raging Bolt|18/100|[from] Leech Seed|[of] p1a: Primordia
|-heal|p1a: Primordia|49/100|[silent]
|upkeep
|turn|19
|
|t:|1776082344
|move|p2a: Raging Bolt|Thunderclap|p1a: Primordia
|-damage|p1a: Primordia|6/100
|move|p1a: Primordia|Flare Blitz|p2a: Raging Bolt
|-damage|p2a: Raging Bolt|0 fnt
|faint|p2a: Raging Bolt
|-end|p2a: Raging Bolt|Protosynthesis|[silent]
|-damage|p1a: Primordia|0 fnt|[from] Recoil
|faint|p1a: Primordia
|
|upkeep
|
|t:|1776082347
|switch|p2a: Electrode|Electrode-Hisui|81/100
|switch|p1a: Zoroark|Zoroark-Hisui, F|31/100
|turn|20
|
|t:|1776082353
|move|p2a: Electrode|Volt Switch|p1a: Zoroark
|-damage|p1a: Zoroark|0 fnt
|faint|p1a: Zoroark
|-damage|p2a: Electrode|71/100|[from] item: Life Orb
|
|win|kyroshero
|raw|Sxmmythic's rating: 1073 &rarr; <strong>1052</strong><br />(-21 for losing)
|raw|kyroshero's rating: 1080 &rarr; <strong>1107</strong><br />(+27 for winning)
|l|☆Sxmmythic
|player|p1|
