|j|☆encore21768768
|j|☆Abyssal Bot
|t:|1776335571
|gametype|singles
|player|p1|encore21768768|265|
|player|p2|Abyssal Bot|supernerd|
|teamsize|p1|6
|teamsize|p2|6
|gen|9
|tier|[Gen 9] OU
|rule|Species Clause: Limit one of each Pokémon
|rule|OHKO Clause: OHKO moves are banned
|rule|Evasion Items Clause: Evasion items are banned
|rule|Evasion Moves Clause: Evasion moves are banned
|rule|Endless Battle Clause: Forcing endless battles is banned
|rule|HP Percentage Mod: HP is shown in percentages
|rule|Sleep Moves Clause: Sleep-inducing moves are banned
|clearpoke
|poke|p1|Volcanion|
|poke|p1|Polteageist|
|poke|p1|Kingdra, M|
|poke|p1|Scrafty, F|
|poke|p1|Raging Bolt|
|poke|p1|Great Tusk|
|poke|p2|Skarmory, F|
|poke|p2|Ting-Lu|
|poke|p2|Zamazenta-*|
|poke|p2|Weavile, F|
|poke|p2|Kyurem|
|poke|p2|Slowking-Galar, M|
|teampreview
|c|☆Abyssal Bot|Good Luck and Have Fun my Friend!
|inactive|Battle timer is ON: inactive players will automatically lose when time's up. (requested by Abyssal Bot)
|j|*Turbo Bottttt
|
|t:|1776335575
|start
|switch|p1a: Polteageist|Polteageist|100/100
|switch|p2a: Skarmory|Skarmory, F|100/100
|turn|1
|
|t:|1776335577
|switch|p2a: Weavile|Weavile, F|100/100
|move|p1a: Polteageist|Shell Smash|p1a: Polteageist
|-unboost|p1a: Polteageist|def|1
|-unboost|p1a: Polteageist|spd|1
|-boost|p1a: Polteageist|atk|2
|-boost|p1a: Polteageist|spa|2
|-boost|p1a: Polteageist|spe|2
|
|upkeep
|turn|2
|
|t:|1776335579
|move|p1a: Polteageist|Hyper Beam|p2a: Weavile
|-damage|p2a: Weavile|0
|-mustrecharge|p1a: Polteageist
|faint|p2a: Weavile
|
|upkeep
|
|t:|1776335579
|switch|p2a: Ting-Lu|Ting-Lu|100/100
|-ability|p2a: Ting-Lu|Vessel of Ruin
|turn|3
|
|t:|1776335581
|cant|p1a: Polteageist|recharge
|move|p2a: Ting-Lu|Earthquake|p1a: Polteageist
|-damage|p1a: Polteageist|18/100
|-ability|p1a: Polteageist|Weak Armor|boost
|-unboost|p1a: Polteageist|def|1
|-boost|p1a: Polteageist|spe|2
|
|upkeep
|turn|4
|
|t:|1776335584
|move|p1a: Polteageist|Hyper Beam|p2a: Ting-Lu
|-damage|p2a: Ting-Lu|65/100
|-mustrecharge|p1a: Polteageist
|move|p2a: Ting-Lu|Earthquake|p1a: Polteageist
|-damage|p1a: Polteageist|0
|faint|p1a: Polteageist
|
|upkeep
|
|t:|1776335588
|switch|p1a: Scrafty|Scrafty, F|100/100
|turn|5
|
|t:|1776335593
|switch|p2a: Zamazenta|Zamazenta|100/100
|-ability|p2a: Zamazenta|Dauntless Shield|boost
|-boost|p2a: Zamazenta|def|1
|move|p1a: Scrafty|Bulk Up|p1a: Scrafty
|-boost|p1a: Scrafty|atk|1
|-boost|p1a: Scrafty|def|1
|
|upkeep
|turn|6
|
|t:|1776335595
|move|p2a: Zamazenta|Close Combat|p1a: Scrafty
|-supereffective|p1a: Scrafty
|-damage|p1a: Scrafty|28/100
|-unboost|p2a: Zamazenta|def|1
|-unboost|p2a: Zamazenta|spd|1
|move|p1a: Scrafty|Rain Dance|p1a: Scrafty
|-weather|Rain Dance
|
|-weather|Rain Dance|[upkeep]
|upkeep
|turn|7
|
|t:|1776335598
|move|p2a: Zamazenta|Close Combat|p1a: Scrafty
|-supereffective|p1a: Scrafty
|-damage|p1a: Scrafty|0
|-unboost|p2a: Zamazenta|def|1
|-unboost|p2a: Zamazenta|spd|1
|faint|p1a: Scrafty
|
|-weather|Rain Dance|[upkeep]
|upkeep
|
|t:|1776335602
|switch|p1a: Kingdra|Kingdra, M|100/100
|turn|8
|
|t:|1776335605
|move|p1a: Kingdra|Scald|p2a: Zamazenta
|-damage|p2a: Zamazenta|0
|faint|p2a: Zamazenta
|
|-weather|Rain Dance|[upkeep]
|upkeep
|
|t:|1776335605
|switch|p2a: Skarmory|Skarmory, F|100/100
|turn|9
|
|t:|1776335608
|move|p1a: Kingdra|Scald|p2a: Skarmory
|-damage|p2a: Skarmory|23/100
|-status|p2a: Skarmory|brn
|move|p2a: Skarmory|Stealth Rock|p1a: Kingdra
|-sidestart|p1: encore21768768|move: Stealth Rock
|
|-weather|Rain Dance|[upkeep]
|-damage|p2a: Skarmory|17/100 brn|[from] brn|[of] p1a: Kingdra
|upkeep
|turn|10
|
|t:|1776335611
|move|p1a: Kingdra|Scald|p2a: Skarmory
|-damage|p2a: Skarmory|0 brn
|faint|p2a: Skarmory
|
|-weather|Rain Dance|[upkeep]
|upkeep
|
|t:|1776335611
|switch|p2a: Slowking|Slowking-Galar, M|100/100
|turn|11
|
|t:|1776335613
|move|p1a: Kingdra|Focus Energy|p1a: Kingdra
|-start|p1a: Kingdra|move: Focus Energy
|move|p2a: Slowking|Future Sight|p1a: Kingdra
|-start|p2a: Slowking|move: Future Sight
|
|-weather|Rain Dance|[upkeep]
|upkeep
|turn|12
|
|t:|1776335614
|move|p1a: Kingdra|Scald|p2a: Slowking
|-crit|p2a: Slowking
|-damage|p2a: Slowking|55/100
|move|p2a: Slowking|Chilly Reception|p2a: Slowking
|-weather|Snow
|c|☆Abyssal Bot|Oh crap, that crit...
|
|t:|1776335614
|switch|p2a: Kyurem|Kyurem|100/100|[from] Chilly Reception
|-ability|p2a: Kyurem|Pressure
|
|-weather|Snow|[upkeep]
|upkeep
|turn|13
|
|t:|1776335617
|move|p2a: Kyurem|Freeze-Dry|p1a: Kingdra
|-supereffective|p1a: Kingdra
|-damage|p1a: Kingdra|0
|faint|p1a: Kingdra
|
|-weather|Snow|[upkeep]
|-hint|Future Sight did not hit because the target is fainted.
|upkeep
|
|t:|1776335626
|switch|p1a: Volcanion|Volcanion|100/100
|turn|14
|
|t:|1776335627
|move|p2a: Kyurem|Earth Power|p1a: Volcanion
|-supereffective|p1a: Volcanion
|-damage|p1a: Volcanion|32/100
|move|p1a: Volcanion|Focus Blast|p2a: Kyurem
|-supereffective|p2a: Kyurem
|-damage|p2a: Kyurem|33/100
|
|-weather|Snow|[upkeep]
|upkeep
|turn|15
|
|t:|1776335632
|move|p2a: Kyurem|Freeze-Dry|p1a: Volcanion
|-crit|p1a: Volcanion
|-damage|p1a: Volcanion|0
|faint|p1a: Volcanion
|
|-weather|Snow|[upkeep]
|upkeep
|c|☆Abyssal Bot|I had warned you about hax!! HAHAHA
|
|t:|1776335633
|switch|p1a: Raging Bolt|Raging Bolt|100/100
|-damage|p1a: Raging Bolt|88/100|[from] Stealth Rock|[of] p2: Skarmory
|turn|16
|
|t:|1776335636
|move|p2a: Kyurem|Ice Beam|p1a: Raging Bolt
|-supereffective|p1a: Raging Bolt
|-damage|p1a: Raging Bolt|5/100
|move|p1a: Raging Bolt|Draco Meteor|p2a: Kyurem
|-supereffective|p2a: Kyurem
|-damage|p2a: Kyurem|0
|-unboost|p1a: Raging Bolt|spa|2
|faint|p2a: Kyurem
|
|-weather|none
|upkeep
|
|t:|1776335636
|switch|p2a: Ting-Lu|Ting-Lu|65/100
|-ability|p2a: Ting-Lu|Vessel of Ruin
|turn|17
|
|t:|1776335639
|move|p1a: Raging Bolt|Draco Meteor|p2a: Ting-Lu
|-damage|p2a: Ting-Lu|46/100
|-unboost|p1a: Raging Bolt|spa|2
|move|p2a: Ting-Lu|Earthquake|p1a: Raging Bolt
|-supereffective|p1a: Raging Bolt
|-damage|p1a: Raging Bolt|0
|faint|p1a: Raging Bolt
|-end|p1a: Raging Bolt|Protosynthesis|[silent]
|
|upkeep
|
|t:|1776335642
|switch|p1a: Great Tusk|Great Tusk|100/100
|turn|18
|
|t:|1776335644
|switch|p2a: Slowking|Slowking-Galar, M|88/100
|move|p1a: Great Tusk|Bulk Up|p1a: Great Tusk
|-boost|p1a: Great Tusk|atk|1
|-boost|p1a: Great Tusk|def|1
|
|upkeep
|turn|19
|
|t:|1776335646
|move|p1a: Great Tusk|Earthquake|p2a: Slowking
|-supereffective|p2a: Slowking
|-damage|p2a: Slowking|0
|faint|p2a: Slowking
|
|upkeep
|
|t:|1776335646
|switch|p2a: Ting-Lu|Ting-Lu|46/100
|-ability|p2a: Ting-Lu|Vessel of Ruin
|turn|20
|
|t:|1776335648
|move|p1a: Great Tusk|Ice Spinner|p2a: Ting-Lu
|-supereffective|p2a: Ting-Lu
|-damage|p2a: Ting-Lu|9/100
|move|p2a: Ting-Lu|Whirlwind||[still]
|-fail|p2a: Ting-Lu
|
|upkeep
|turn|21
|
|t:|1776335651
|move|p1a: Great Tusk|Rapid Spin|p2a: Ting-Lu
|-damage|p2a: Ting-Lu|0
|-boost|p1a: Great Tusk|spe|1
|-sideend|p1: encore21768768|Stealth Rock|[from] move: Rapid Spin|[of] p1a: Great Tusk
|faint|p2a: Ting-Lu
|
|win|encore21768768
|c|☆Abyssal Bot|Well Played.
|l|☆Abyssal Bot
|player|p2|
|l|*Turbo Bottttt
