|html|<div class="broadcast-blue"><strong>[Gen 9] OU is currently suspecting Tera Blast! For information on how to participate check out the <a href="https://www.smogon.com/tools/suspects/view/200">suspect thread</a>.</strong></div>
|j|☆Luceo
|j|☆1200s chud
|t:|1776115607
|gametype|singles
|player|p1|Luceo|cynthia-masters4|1665
|player|p2|1200s chud|drayton|1600
|gen|9
|tier|[Gen 9] OU
|rated|
|rule|HP Percentage Mod: HP is shown in percentages
|rule|Endless Battle Clause: Forcing endless battles is banned
|rule|Species Clause: Limit one of each Pokémon
|rule|OHKO Clause: OHKO moves are banned
|rule|Evasion Items Clause: Evasion items are banned
|rule|Evasion Moves Clause: Evasion moves are banned
|rule|Evasion Abilities Clause: Evasion abilities are banned
|rule|Sleep Moves Clause: Sleep-inducing moves are banned
|clearpoke
|poke|p1|Hoopa-Unbound|
|poke|p1|Clefable, M|
|poke|p1|Great Tusk|
|poke|p1|Cinderace, F|
|poke|p1|Dragonite, M|
|poke|p1|Slowking-Galar, M|
|poke|p2|Araquanid, F|
|poke|p2|Landorus-Therian, M|
|poke|p2|Hatterene, F|
|poke|p2|Gholdengo|
|poke|p2|Dragonite, F|
|poke|p2|Darkrai|
|teampreview
|inactive|Battle timer is ON: inactive players will automatically lose when time's up. (requested by 1200s chud)
|inactive|Luceo also wants the timer to be on.
|j| Cameltony000
|
|t:|1776115626
|teamsize|p1|6
|teamsize|p2|6
|start
|switch|p1a: Clefable|Clefable, M|100/100
|switch|p2a: Landorus|Landorus-Therian, M|100/100
|-ability|p2a: Landorus|Intimidate|boost
|-unboost|p1a: Clefable|atk|1
|turn|1
|
|t:|1776115638
|move|p2a: Landorus|Taunt|p1a: Clefable
|-start|p1a: Clefable|move: Taunt
|cant|p1a: Clefable|move: Taunt|Stealth Rock
|
|upkeep
|turn|2
|
|t:|1776115647
|switch|p1a: Slowking|Slowking-Galar, M|100/100
|move|p2a: Landorus|Stealth Rock|p1a: Slowking
|-sidestart|p1: Luceo|move: Stealth Rock
|
|upkeep
|turn|3
|
|t:|1776115666
|switch|p1a: Great Tusk|Great Tusk|100/100
|move|p2a: Landorus|U-turn|p1a: Great Tusk
|-resisted|p1a: Great Tusk
|-damage|p1a: Great Tusk|92/100
|
|t:|1776115670
|switch|p2a: Araquanid|Araquanid, F|100/100|[from] U-turn
|
|upkeep
|turn|4
|
|t:|1776115681
|-end|p1a: Great Tusk|Protosynthesis|[silent]
|switch|p1a: Dragonite|Dragonite, M|100/100
|move|p2a: Araquanid|Liquidation|p1a: Dragonite
|-resisted|p1a: Dragonite
|-damage|p1a: Dragonite|75/100
|
|upkeep
|turn|5
|
|t:|1776115687
|move|p1a: Dragonite|Roost|p1a: Dragonite
|-heal|p1a: Dragonite|100/100
|-singleturn|p1a: Dragonite|move: Roost
|move|p2a: Araquanid|Liquidation|p1a: Dragonite
|-resisted|p1a: Dragonite
|-damage|p1a: Dragonite|77/100
|-unboost|p1a: Dragonite|def|1
|
|upkeep
|turn|6
|
|t:|1776115695
|switch|p1a: Clefable|Clefable, M|100/100
|move|p2a: Araquanid|Liquidation|p1a: Clefable
|-damage|p1a: Clefable|33/100
|
|-heal|p1a: Clefable|39/100|[from] item: Leftovers
|upkeep
|turn|7
|
|t:|1776115713
|switch|p1a: Dragonite|Dragonite, M|77/100
|move|p2a: Araquanid|Liquidation|p1a: Dragonite
|-resisted|p1a: Dragonite
|-damage|p1a: Dragonite|28/100
|
|upkeep
|turn|8
|
|t:|1776115729
|switch|p2a: Darkrai|Darkrai|100/100
|move|p1a: Dragonite|Roost|p1a: Dragonite
|-heal|p1a: Dragonite|79/100
|-singleturn|p1a: Dragonite|move: Roost
|
|upkeep
|turn|9
|
|t:|1776115741
|switch|p1a: Hoopa|Hoopa-Unbound|100/100
|-damage|p1a: Hoopa|88/100|[from] Stealth Rock
|move|p2a: Darkrai|Ice Beam|p1a: Hoopa
|-damage|p1a: Hoopa|73/100
|
|upkeep
|turn|10
|
|t:|1776115750
|move|p2a: Darkrai|Will-O-Wisp|p1a: Hoopa
|-status|p1a: Hoopa|brn
|move|p1a: Hoopa|Knock Off|p2a: Darkrai
|-resisted|p2a: Darkrai
|-crit|p2a: Darkrai
|-damage|p2a: Darkrai|75/100
|-enditem|p2a: Darkrai|Heavy-Duty Boots|[from] move: Knock Off|[of] p1a: Hoopa
|
|-damage|p1a: Hoopa|67/100 brn|[from] brn
|upkeep
|turn|11
|
|t:|1776115756
|move|p2a: Darkrai|Dark Pulse|p1a: Hoopa
|-damage|p1a: Hoopa|46/100 brn
|move|p1a: Hoopa|Drain Punch|p2a: Darkrai
|-supereffective|p2a: Darkrai
|-damage|p2a: Darkrai|40/100
|-heal|p1a: Hoopa|60/100 brn|[from] drain|[of] p2a: Darkrai
|
|-damage|p1a: Hoopa|54/100 brn|[from] brn
|upkeep
|turn|12
|
|t:|1776115761
|switch|p2a: Landorus|Landorus-Therian, M|100/100
|-ability|p2a: Landorus|Intimidate|boost
|-unboost|p1a: Hoopa|atk|1
|move|p1a: Hoopa|Drain Punch|p2a: Landorus
|-resisted|p2a: Landorus
|-damage|p2a: Landorus|96/100
|-heal|p1a: Hoopa|57/100 brn|[from] drain|[of] p2a: Landorus
|-damage|p1a: Hoopa|40/100 brn|[from] item: Rocky Helmet|[of] p2a: Landorus
|
|-damage|p1a: Hoopa|34/100 brn|[from] brn
|upkeep
|turn|13
|
|t:|1776115766
|switch|p1a: Great Tusk|Great Tusk|92/100
|move|p2a: Landorus|U-turn|p1a: Great Tusk
|-resisted|p1a: Great Tusk
|-damage|p1a: Great Tusk|84/100
|
|t:|1776115770
|switch|p2a: Araquanid|Araquanid, F|100/100|[from] U-turn
|
|upkeep
|turn|14
|
|t:|1776115775
|move|p1a: Great Tusk|Rapid Spin|p2a: Araquanid
|-damage|p2a: Araquanid|80/100
|-boost|p1a: Great Tusk|spe|1
|-sideend|p1: Luceo|Stealth Rock|[from] move: Rapid Spin|[of] p1a: Great Tusk
|move|p2a: Araquanid|Liquidation|p1a: Great Tusk
|-supereffective|p1a: Great Tusk
|-damage|p1a: Great Tusk|0 fnt
|faint|p1a: Great Tusk
|-end|p1a: Great Tusk|Protosynthesis|[silent]
|
|upkeep
|
|t:|1776115783
|switch|p1a: Dragonite|Dragonite, M|79/100
|turn|15
|
|t:|1776115790
|switch|p2a: Hatterene|Hatterene, F|100/100
|move|p1a: Dragonite|Roost|p1a: Dragonite
|-heal|p1a: Dragonite|100/100
|-singleturn|p1a: Dragonite|move: Roost
|
|upkeep
|turn|16
|
|t:|1776115796
|switch|p1a: Slowking|Slowking-Galar, M|100/100
|move|p2a: Hatterene|Nuzzle|p1a: Slowking
|-damage|p1a: Slowking|96/100
|-status|p1a: Slowking|par
|
|upkeep
|turn|17
|
|t:|1776115808
|switch|p2a: Gholdengo|Gholdengo|100/100
|cant|p1a: Slowking|par
|
|upkeep
|turn|18
|
|t:|1776115813
|move|p2a: Gholdengo|Nasty Plot|p2a: Gholdengo
|-boost|p2a: Gholdengo|spa|2
|-prepare|p1a: Slowking|Chilly Reception|[premajor]
|move|p1a: Slowking|Chilly Reception|p1a: Slowking
|-weather|Snowscape
|
|t:|1776115818
|switch|p1a: Cinderace|Cinderace, F|100/100|[from] Chilly Reception
|
|-weather|Snowscape|[upkeep]
|upkeep
|turn|19
|
|t:|1776115824
|switch|p2a: Landorus|Landorus-Therian, M|96/100
|-ability|p2a: Landorus|Intimidate|boost
|-unboost|p1a: Cinderace|atk|1
|move|p1a: Cinderace|Pyro Ball|p2a: Landorus
|-damage|p2a: Landorus|66/100
|
|-weather|Snowscape|[upkeep]
|upkeep
|turn|20
|
|t:|1776115832
|move|p1a: Cinderace|Will-O-Wisp|p2a: Landorus|[miss]
|-miss|p1a: Cinderace|p2a: Landorus
|move|p2a: Landorus|Earthquake|p1a: Cinderace
|-supereffective|p1a: Cinderace
|-damage|p1a: Cinderace|0 fnt
|faint|p1a: Cinderace
|
|-weather|Snowscape|[upkeep]
|upkeep
|c|☆Luceo|Lucky fuck
|c|☆1200s chud|ty tween
|
|t:|1776115845
|switch|p1a: Dragonite|Dragonite, M|100/100
|turn|21
|
|t:|1776115859
|move|p2a: Landorus|U-turn|p1a: Dragonite
|-resisted|p1a: Dragonite
|-damage|p1a: Dragonite|95/100
|
|t:|1776115864
|switch|p2a: Hatterene|Hatterene, F|100/100|[from] U-turn
|move|p1a: Dragonite|Dragon Dance|p1a: Dragonite
|-boost|p1a: Dragonite|atk|1
|-boost|p1a: Dragonite|spe|1
|
|-weather|Snowscape|[upkeep]
|upkeep
|turn|22
|
|t:|1776115871
|switch|p1a: Slowking|Slowking-Galar, M|100/100 par
|move|p2a: Hatterene|Draining Kiss|p1a: Slowking
|-resisted|p1a: Slowking
|-damage|p1a: Slowking|93/100 par
|
|-weather|none
|upkeep
|turn|23
|
|t:|1776115880
|switch|p1a: Hoopa|Hoopa-Unbound|34/100 brn
|move|p2a: Hatterene|Psyshock|p1a: Hoopa
|-immune|p1a: Hoopa
|
|-damage|p1a: Hoopa|28/100 brn|[from] brn
|upkeep
|turn|24
|
|t:|1776115889
|move|p1a: Hoopa|Knock Off|p2a: Hatterene
|-damage|p2a: Hatterene|71/100
|-enditem|p2a: Hatterene|Assault Vest|[from] move: Knock Off|[of] p1a: Hoopa
|move|p2a: Hatterene|Draining Kiss|p1a: Hoopa
|-supereffective|p1a: Hoopa
|-damage|p1a: Hoopa|3/100 brn
|-heal|p2a: Hatterene|93/100|[from] drain|[of] p1a: Hoopa
|
|-damage|p1a: Hoopa|0 fnt|[from] brn
|faint|p1a: Hoopa
|upkeep
|
|t:|1776115894
|switch|p1a: Slowking|Slowking-Galar, M|100/100 par
|turn|25
|
|t:|1776115901
|switch|p2a: Gholdengo|Gholdengo|100/100
|move|p1a: Slowking|Future Sight|p2a: Gholdengo
|-start|p1a: Slowking|move: Future Sight
|
|upkeep
|turn|26
|
|t:|1776115907
|switch|p1a: Dragonite|Dragonite, M|95/100
|move|p2a: Gholdengo|Nasty Plot|p2a: Gholdengo
|-boost|p2a: Gholdengo|spa|2
|
|upkeep
|turn|27
|
|t:|1776115914
|-terastallize|p2a: Gholdengo|Steel
|move|p2a: Gholdengo|Make It Rain|p1a: Dragonite
|-damage|p1a: Dragonite|0 fnt
|-unboost|p2a: Gholdengo|spa|1
|faint|p1a: Dragonite
|
|-end|p2a: Gholdengo|move: Future Sight
|-resisted|p2a: Gholdengo
|-damage|p2a: Gholdengo|77/100
|upkeep
|-message|Luceo forfeited.
|
|win|1200s chud
|raw|Luceo's rating: 1665 &rarr; <strong>1640</strong><br />(-25 for losing)
|raw|1200s chud's rating: 1580 &rarr; <strong>1605</strong><br />(+25 for winning)
|l|☆Luceo
|player|p1|
