|html|<div class="broadcast-blue"><strong>[Gen 9] OU is currently suspecting Tera Blast! For information on how to participate check out the <a href="https://www.smogon.com/tools/suspects/view/200">suspect thread</a>.</strong></div>
|j|☆Blastoise_Choice
|j|☆Blaxophone
|t:|1776117125
|gametype|singles
|player|p1|Blastoise_Choice|101|1608
|player|p2|Blaxophone|170|1614
|gen|9
|tier|[Gen 9] OU
|rated|
|rule|HP Percentage Mod: HP is shown in percentages
|rule|Endless Battle Clause: Forcing endless battles is banned
|rule|Species Clause: Limit one of each Pokémon
|rule|OHKO Clause: OHKO moves are banned
|rule|Evasion Items Clause: Evasion items are banned
|rule|Evasion Moves Clause: Evasion moves are banned
|rule|Evasion Abilities Clause: Evasion abilities are banned
|rule|Sleep Moves Clause: Sleep-inducing moves are banned
|clearpoke
|poke|p1|Hydrapple, M|
|poke|p1|Tyranitar, F|
|poke|p1|Moltres|
|poke|p1|Zamazenta-*|
|poke|p1|Slowking-Galar, M|
|poke|p1|Excadrill, F|
|poke|p2|Ogerpon-Wellspring, F|
|poke|p2|Dragonite, F|
|poke|p2|Cinderace, F|
|poke|p2|Hatterene, F|
|poke|p2|Magnezone|
|poke|p2|Great Tusk|
|teampreview
|
|t:|1776117134
|teamsize|p1|6
|teamsize|p2|6
|start
|switch|p1a: Slowking|Slowking-Galar, M|100/100
|switch|p2a: Ogerpon|Ogerpon-Wellspring, F|100/100
|turn|1
|c|☆Blastoise_Choice|hf
|inactive|Battle timer is ON: inactive players will automatically lose when time's up. (requested by Blastoise_Choice)
|
|t:|1776117140
|move|p2a: Ogerpon|U-turn|p1a: Slowking
|-damage|p1a: Slowking|80/100
|
|t:|1776117143
|switch|p2a: Magnezone|Magnezone|100/100|[from] U-turn
|move|p1a: Slowking|Sludge Bomb|p2a: Magnezone
|-immune|p2a: Magnezone
|
|upkeep
|turn|2
|
|t:|1776117150
|move|p2a: Magnezone|Steel Beam|p1a: Slowking
|-damage|p1a: Slowking|18/100
|-damage|p2a: Magnezone|50/100|[from] steelbeam
|move|p1a: Slowking|Flamethrower|p2a: Magnezone
|-supereffective|p2a: Magnezone
|-damage|p2a: Magnezone|0 fnt
|faint|p2a: Magnezone
|
|upkeep
|
|t:|1776117160
|switch|p2a: Ogerpon|Ogerpon-Wellspring, F|100/100
|turn|3
|j| roarcat
|
|t:|1776117166
|switch|p1a: Zamazenta|Zamazenta|100/100
|-ability|p1a: Zamazenta|Dauntless Shield|boost
|-boost|p1a: Zamazenta|def|1
|move|p2a: Ogerpon|Play Rough|p1a: Zamazenta
|-supereffective|p1a: Zamazenta
|-damage|p1a: Zamazenta|64/100
|
|-heal|p1a: Zamazenta|70/100|[from] item: Leftovers
|upkeep
|turn|4
|
|t:|1776117177
|switch|p2a: Hatterene|Hatterene, F|100/100
|move|p1a: Zamazenta|Crunch|p2a: Hatterene
|-damage|p2a: Hatterene|82/100
|
|-heal|p1a: Zamazenta|76/100|[from] item: Leftovers
|-heal|p2a: Hatterene|88/100|[from] item: Leftovers
|upkeep
|turn|5
|
|t:|1776117186
|switch|p1a: Slowking|Slowking-Galar, M|51/100
|switch|p2a: Ogerpon|Ogerpon-Wellspring, F|100/100
|
|upkeep
|turn|6
|
|t:|1776117193
|switch|p1a: Hydrapple|Hydrapple, M|100/100
|move|p2a: Ogerpon|Knock Off|p1a: Hydrapple
|-damage|p1a: Hydrapple|76/100
|-enditem|p1a: Hydrapple|Heavy-Duty Boots|[from] move: Knock Off|[of] p2a: Ogerpon
|
|upkeep
|turn|7
|
|t:|1776117203
|switch|p1a: Slowking|Slowking-Galar, M|84/100
|move|p2a: Ogerpon|U-turn|p1a: Slowking
|-damage|p1a: Slowking|63/100
|
|t:|1776117212
|switch|p2a: Cinderace|Cinderace, F|100/100|[from] U-turn
|
|upkeep
|turn|8
|
|t:|1776117219
|move|p2a: Cinderace|Pyro Ball|p1a: Slowking
|-damage|p1a: Slowking|20/100
|move|p1a: Slowking|Sludge Bomb|p2a: Cinderace
|-damage|p2a: Cinderace|47/100
|
|upkeep
|turn|9
|
|t:|1776117227
|switch|p1a: Moltres|Moltres|100/100
|move|p2a: Cinderace|U-turn|p1a: Moltres
|-start|p2a: Cinderace|typechange|Bug|[from] ability: Libero
|-resisted|p1a: Moltres
|-damage|p1a: Moltres|95/100
|
|t:|1776117234
|switch|p2a: Ogerpon|Ogerpon-Wellspring, F|100/100|[from] U-turn
|
|upkeep
|turn|10
|
|t:|1776117240
|switch|p1a: Hydrapple|Hydrapple, M|100/100
|move|p2a: Ogerpon|Play Rough|p1a: Hydrapple
|-supereffective|p1a: Hydrapple
|-damage|p1a: Hydrapple|56/100
|-unboost|p1a: Hydrapple|atk|1
|
|upkeep
|turn|11
|
|t:|1776117249
|switch|p2a: Cinderace|Cinderace, F|47/100
|move|p1a: Hydrapple|Giga Drain|p2a: Cinderace
|-resisted|p2a: Cinderace
|-damage|p2a: Cinderace|22/100
|-heal|p1a: Hydrapple|65/100|[from] drain|[of] p2a: Cinderace
|
|upkeep
|turn|12
|
|t:|1776117257
|switch|p1a: Moltres|Moltres|95/100
|move|p2a: Cinderace|Pyro Ball|p1a: Moltres
|-resisted|p1a: Moltres
|-damage|p1a: Moltres|76/100
|
|upkeep
|turn|13
|
|t:|1776117263
|move|p2a: Cinderace|Pyro Ball|p1a: Moltres
|-resisted|p1a: Moltres
|-damage|p1a: Moltres|56/100
|move|p1a: Moltres|Roost|p1a: Moltres
|-heal|p1a: Moltres|100/100
|-singleturn|p1a: Moltres|move: Roost
|
|upkeep
|turn|14
|
|t:|1776117272
|move|p2a: Cinderace|Pyro Ball|p1a: Moltres
|-resisted|p1a: Moltres
|-damage|p1a: Moltres|81/100
|move|p1a: Moltres|Flamethrower|p2a: Cinderace
|-resisted|p2a: Cinderace
|-damage|p2a: Cinderace|0 fnt
|faint|p2a: Cinderace
|
|upkeep
|
|t:|1776117281
|switch|p2a: Ogerpon|Ogerpon-Wellspring, F|100/100
|turn|15
|
|t:|1776117289
|switch|p1a: Hydrapple|Hydrapple, M|98/100
|move|p2a: Ogerpon|Ivy Cudgel|p1a: Hydrapple|[anim] Ivy Cudgel Water
|-resisted|p1a: Hydrapple
|-crit|p1a: Hydrapple
|-damage|p1a: Hydrapple|85/100
|
|upkeep
|turn|16
|
|t:|1776117298
|switch|p1a: Moltres|Moltres|81/100
|move|p2a: Ogerpon|Play Rough|p1a: Moltres
|-resisted|p1a: Moltres
|-damage|p1a: Moltres|69/100
|
|upkeep
|turn|17
|
|t:|1776117306
|switch|p1a: Hydrapple|Hydrapple, M|100/100
|move|p2a: Ogerpon|Ivy Cudgel|p1a: Hydrapple|[anim] Ivy Cudgel Water
|-resisted|p1a: Hydrapple
|-damage|p1a: Hydrapple|91/100
|
|upkeep
|turn|18
|
|t:|1776117314
|switch|p1a: Moltres|Moltres|69/100
|move|p2a: Ogerpon|Play Rough|p1a: Moltres
|-resisted|p1a: Moltres
|-damage|p1a: Moltres|58/100
|
|upkeep
|turn|19
|
|t:|1776117324
|switch|p1a: Hydrapple|Hydrapple, M|100/100
|move|p2a: Ogerpon|Ivy Cudgel|p1a: Hydrapple|[anim] Ivy Cudgel Water
|-resisted|p1a: Hydrapple
|-damage|p1a: Hydrapple|91/100
|
|upkeep
|turn|20
|
|t:|1776117331
|move|p2a: Ogerpon|Ivy Cudgel|p1a: Hydrapple|[anim] Ivy Cudgel Water
|-resisted|p1a: Hydrapple
|-damage|p1a: Hydrapple|83/100
|move|p1a: Hydrapple|Giga Drain|p2a: Ogerpon
|-damage|p2a: Ogerpon|64/100
|-heal|p1a: Hydrapple|97/100|[from] drain|[of] p2a: Ogerpon
|
|upkeep
|turn|21
|
|t:|1776117339
|move|p2a: Ogerpon|Ivy Cudgel|p1a: Hydrapple|[anim] Ivy Cudgel Water
|-resisted|p1a: Hydrapple
|-damage|p1a: Hydrapple|87/100
|move|p1a: Hydrapple|Giga Drain|p2a: Ogerpon
|-damage|p2a: Ogerpon|23/100
|-heal|p1a: Hydrapple|100/100|[from] drain|[of] p2a: Ogerpon
|
|upkeep
|turn|22
|
|t:|1776117348
|move|p2a: Ogerpon|Ivy Cudgel|p1a: Hydrapple|[anim] Ivy Cudgel Water
|-resisted|p1a: Hydrapple
|-damage|p1a: Hydrapple|92/100
|move|p1a: Hydrapple|Nasty Plot|p1a: Hydrapple
|-boost|p1a: Hydrapple|spa|2
|
|upkeep
|turn|23
|l| roarcat
|
|t:|1776117356
|move|p2a: Ogerpon|Play Rough|p1a: Hydrapple
|-supereffective|p1a: Hydrapple
|-damage|p1a: Hydrapple|53/100
|move|p1a: Hydrapple|Giga Drain|p2a: Ogerpon
|-damage|p2a: Ogerpon|0 fnt
|-heal|p1a: Hydrapple|61/100|[from] drain|[of] p2a: Ogerpon
|faint|p2a: Ogerpon
|
|upkeep
|
|t:|1776117366
|switch|p2a: Dragonite|Dragonite, F|100/100
|turn|24
|
|t:|1776117372
|-terastallize|p2a: Dragonite|Flying
|move|p2a: Dragonite|Tera Blast|p1a: Hydrapple|[anim] Tera Blast Flying
|-supereffective|p1a: Hydrapple
|-damage|p1a: Hydrapple|0 fnt
|faint|p1a: Hydrapple
|
|upkeep
|
|t:|1776117380
|switch|p1a: Tyranitar|Tyranitar, F|100/100
|-weather|Sandstorm|[from] ability: Sand Stream|[of] p1a: Tyranitar
|turn|25
|
|t:|1776117386
|switch|p2a: Great Tusk|Great Tusk|100/100
|-enditem|p2a: Great Tusk|Booster Energy
|-activate|p2a: Great Tusk|ability: Protosynthesis|[fromitem]
|-start|p2a: Great Tusk|protosynthesisatk
|move|p1a: Tyranitar|Thunder Wave|p2a: Great Tusk
|-immune|p2a: Great Tusk
|
|-weather|Sandstorm|[upkeep]
|upkeep
|turn|26
|
|t:|1776117405
|-end|p2a: Great Tusk|Protosynthesis|[silent]
|switch|p2a: Hatterene|Hatterene, F|88/100
|switch|p1a: Moltres|Moltres|58/100
|
|-weather|Sandstorm|[upkeep]
|-damage|p1a: Moltres|52/100|[from] Sandstorm
|-damage|p2a: Hatterene|82/100|[from] Sandstorm
|-heal|p2a: Hatterene|88/100|[from] item: Leftovers
|upkeep
|turn|27
|
|t:|1776117416
|switch|p2a: Great Tusk|Great Tusk|100/100
|move|p1a: Moltres|Flamethrower|p2a: Great Tusk
|-damage|p2a: Great Tusk|40/100
|
|-weather|Sandstorm|[upkeep]
|-damage|p1a: Moltres|46/100|[from] Sandstorm
|upkeep
|turn|28
|
|t:|1776117427
|move|p2a: Great Tusk|Ice Spinner|p1a: Moltres
|-crit|p1a: Moltres
|-damage|p1a: Moltres|15/100
|move|p1a: Moltres|Roost|p1a: Moltres
|-heal|p1a: Moltres|66/100
|-singleturn|p1a: Moltres|move: Roost
|
|-weather|Sandstorm|[upkeep]
|-damage|p1a: Moltres|60/100|[from] Sandstorm
|upkeep
|turn|29
|
|t:|1776117437
|move|p2a: Great Tusk|Ice Spinner|p1a: Moltres
|-damage|p1a: Moltres|41/100
|move|p1a: Moltres|Roost|p1a: Moltres
|-heal|p1a: Moltres|91/100
|-singleturn|p1a: Moltres|move: Roost
|
|-weather|Sandstorm|[upkeep]
|-damage|p1a: Moltres|85/100|[from] Sandstorm
|upkeep
|turn|30
|
|t:|1776117447
|move|p2a: Great Tusk|Ice Spinner|p1a: Moltres
|-damage|p1a: Moltres|65/100
|move|p1a: Moltres|Roost|p1a: Moltres
|-heal|p1a: Moltres|100/100
|-singleturn|p1a: Moltres|move: Roost
|
|-weather|Sandstorm|[upkeep]
|-damage|p1a: Moltres|94/100|[from] Sandstorm
|upkeep
|turn|31
|
|t:|1776117457
|move|p2a: Great Tusk|Ice Spinner|p1a: Moltres
|-damage|p1a: Moltres|73/100
|move|p1a: Moltres|U-turn|p2a: Great Tusk
|-resisted|p2a: Great Tusk
|-damage|p2a: Great Tusk|35/100
|
|t:|1776117463
|switch|p1a: Zamazenta|Zamazenta|76/100|[from] U-turn
|
|-weather|Sandstorm|[upkeep]
|-damage|p1a: Zamazenta|70/100|[from] Sandstorm
|-heal|p1a: Zamazenta|76/100|[from] item: Leftovers
|upkeep
|turn|32
|
|t:|1776117471
|move|p1a: Zamazenta|Iron Defense|p1a: Zamazenta
|-boost|p1a: Zamazenta|def|2
|move|p2a: Great Tusk|Close Combat|p1a: Zamazenta
|-damage|p1a: Zamazenta|50/100
|-unboost|p2a: Great Tusk|def|1
|-unboost|p2a: Great Tusk|spd|1
|
|-weather|none
|-heal|p1a: Zamazenta|56/100|[from] item: Leftovers
|upkeep
|turn|33
|
|t:|1776117484
|move|p1a: Zamazenta|Body Press|p2a: Great Tusk
|-damage|p2a: Great Tusk|0 fnt
|faint|p2a: Great Tusk
|-end|p2a: Great Tusk|Protosynthesis|[silent]
|
|-heal|p1a: Zamazenta|62/100|[from] item: Leftovers
|upkeep
|
|t:|1776117491
|switch|p2a: Hatterene|Hatterene, F|88/100
|turn|34
|
|t:|1776117497
|switch|p1a: Slowking|Slowking-Galar, M|54/100
|move|p2a: Hatterene|Calm Mind|p2a: Hatterene
|-boost|p2a: Hatterene|spa|1
|-boost|p2a: Hatterene|spd|1
|
|-heal|p2a: Hatterene|94/100|[from] item: Leftovers
|upkeep
|turn|35
|inactive|Blaxophone has 120 seconds left.
|
|t:|1776117529
|move|p1a: Slowking|Sludge Bomb|p2a: Hatterene
|-supereffective|p2a: Hatterene
|-damage|p2a: Hatterene|43/100
|move|p2a: Hatterene|Psychic|p1a: Slowking
|-damage|p1a: Slowking|21/100
|
|-heal|p2a: Hatterene|49/100|[from] item: Leftovers
|upkeep
|turn|36
|inactive|Blaxophone has 120 seconds left.
|
|t:|1776117539
|move|p1a: Slowking|Sludge Bomb|p2a: Hatterene
|-supereffective|p2a: Hatterene
|-damage|p2a: Hatterene|3/100
|move|p2a: Hatterene|Psychic|p1a: Slowking
|-damage|p1a: Slowking|0 fnt
|faint|p1a: Slowking
|
|-heal|p2a: Hatterene|9/100|[from] item: Leftovers
|upkeep
|
|t:|1776117546
|switch|p1a: Tyranitar|Tyranitar, F|100/100
|-weather|Sandstorm|[from] ability: Sand Stream|[of] p1a: Tyranitar
|turn|37
|
|t:|1776117553
|move|p1a: Tyranitar|Knock Off|p2a: Hatterene
|-damage|p2a: Hatterene|0 fnt
|-enditem|p2a: Hatterene|Leftovers|[from] move: Knock Off|[of] p1a: Tyranitar
|faint|p2a: Hatterene
|
|-weather|Sandstorm|[upkeep]
|upkeep
|
|t:|1776117559
|switch|p2a: Dragonite|Dragonite, F, tera:Flying|100/100
|turn|38
|
|t:|1776117565
|move|p2a: Dragonite|Dragon Dance|p2a: Dragonite
|-boost|p2a: Dragonite|atk|1
|-boost|p2a: Dragonite|spe|1
|move|p1a: Tyranitar|Ice Beam|p2a: Dragonite
|-supereffective|p2a: Dragonite
|-damage|p2a: Dragonite|79/100
|
|-weather|Sandstorm|[upkeep]
|-damage|p2a: Dragonite|73/100|[from] Sandstorm
|upkeep
|turn|39
|
|t:|1776117576
|-terastallize|p1a: Tyranitar|Flying
|move|p2a: Dragonite|Earthquake|p1a: Tyranitar
|-immune|p1a: Tyranitar
|move|p1a: Tyranitar|Knock Off|p2a: Dragonite
|-damage|p2a: Dragonite|22/100
|-enditem|p2a: Dragonite|Lum Berry|[from] move: Knock Off|[of] p1a: Tyranitar
|
|-weather|Sandstorm|[upkeep]
|-damage|p2a: Dragonite|15/100|[from] Sandstorm
|-damage|p1a: Tyranitar|94/100|[from] Sandstorm
|upkeep
|turn|40
|-message|Blaxophone forfeited.
|
|win|Blastoise_Choice
|raw|Blastoise_Choice's rating: 1608 &rarr; <strong>1628</strong><br />(+20 for winning)
|raw|Blaxophone's rating: 1614 &rarr; <strong>1594</strong><br />(-20 for losing)
|c|☆Blastoise_Choice|gg
|l|☆Blaxophone
|player|p2|
|l|☆Blastoise_Choice
|player|p1|
