|html|<div class="broadcast-blue"><strong>[Gen 9] OU is currently suspecting Tera Blast! For information on how to participate check out the <a href="https://www.smogon.com/tools/suspects/view/200">suspect thread</a>.</strong></div>
|j|☆pedro124134
|j|☆abg564
|t:|1776137453
|gametype|singles
|player|p1|pedro124134|169|1118
|player|p2|abg564|policeman-gen4|1158
|gen|9
|tier|[Gen 9] OU
|rated|
|rule|HP Percentage Mod: HP is shown in percentages
|rule|Endless Battle Clause: Forcing endless battles is banned
|rule|Species Clause: Limit one of each Pokémon
|rule|OHKO Clause: OHKO moves are banned
|rule|Evasion Items Clause: Evasion items are banned
|rule|Evasion Moves Clause: Evasion moves are banned
|rule|Evasion Abilities Clause: Evasion abilities are banned
|rule|Sleep Moves Clause: Sleep-inducing moves are banned
|clearpoke
|poke|p1|Dragapult, F|
|poke|p1|Heatran, F|
|poke|p1|Great Tusk|
|poke|p1|Gholdengo|
|poke|p1|Kingambit, M|
|poke|p1|Dondozo, F|
|poke|p2|Milotic, F|
|poke|p2|Whimsicott, F|
|poke|p2|Froslass, F|
|poke|p2|Chandelure, M|
|poke|p2|Kingambit, M|
|poke|p2|Toxtricity-Low-Key, M|
|teampreview
|c|☆pedro124134|hi
|c|☆abg564|hi
|c|☆pedro124134|good luck
|c|☆abg564|thx u too
|inactive|Battle timer is ON: inactive players will automatically lose when time's up. (requested by abg564)
|
|t:|1776137531
|teamsize|p1|6
|teamsize|p2|6
|start
|switch|p1a: Heatran|Heatran, F|100/100
|switch|p2a: Whimsicott|Whimsicott, F, shiny|100/100
|turn|1
|
|t:|1776137536
|move|p2a: Whimsicott|U-turn|p1a: Heatran
|-resisted|p1a: Heatran
|-damage|p1a: Heatran|98/100
|
|t:|1776137539
|switch|p2a: Toxtricity|Toxtricity-Low-Key, M, shiny|100/100|[from] U-turn
|move|p1a: Heatran|Lava Plume|p2a: Toxtricity
|-damage|p2a: Toxtricity|64/100
|
|-heal|p1a: Heatran|100/100|[from] item: Leftovers
|upkeep
|turn|2
|
|t:|1776137549
|move|p2a: Toxtricity|Volt Switch|p1a: Heatran
|-damage|p1a: Heatran|79/100
|
|t:|1776137553
|switch|p2a: Milotic|Milotic, F|100/100|[from] Volt Switch
|move|p1a: Heatran|Earthquake|p2a: Milotic
|-damage|p2a: Milotic|86/100
|
|-heal|p1a: Heatran|85/100|[from] item: Leftovers
|upkeep
|turn|3
|
|t:|1776137561
|move|p1a: Heatran|Protect|p1a: Heatran
|-singleturn|p1a: Heatran|Protect
|move|p2a: Milotic|Scald|p1a: Heatran
|-activate|p1a: Heatran|move: Protect
|
|-heal|p1a: Heatran|91/100|[from] item: Leftovers
|upkeep
|turn|4
|
|t:|1776137570
|move|p1a: Heatran|Stealth Rock|p2a: Milotic
|-sidestart|p2: abg564|move: Stealth Rock
|move|p2a: Milotic|Mirror Coat||[still]
|-fail|p2a: Milotic
|
|-heal|p1a: Heatran|97/100|[from] item: Leftovers
|upkeep
|turn|5
|
|t:|1776137582
|switch|p1a: Gholdengo|Gholdengo|100/100
|move|p2a: Milotic|Scald|p1a: Gholdengo
|-damage|p1a: Gholdengo|65/100
|-status|p1a: Gholdengo|brn
|
|-damage|p1a: Gholdengo|59/100 brn|[from] brn
|upkeep
|turn|6
|
|t:|1776137604
|move|p1a: Gholdengo|Focus Blast|p2a: Milotic
|-crit|p2a: Milotic
|-damage|p2a: Milotic|47/100
|move|p2a: Milotic|Scald|p1a: Gholdengo
|-damage|p1a: Gholdengo|30/100 brn
|
|-damage|p1a: Gholdengo|24/100 brn|[from] brn
|upkeep
|turn|7
|
|t:|1776137614
|move|p1a: Gholdengo|Focus Blast|p2a: Milotic
|-damage|p2a: Milotic|18/100
|move|p2a: Milotic|Recover|p2a: Milotic
|-heal|p2a: Milotic|68/100
|
|-damage|p1a: Gholdengo|18/100 brn|[from] brn
|upkeep
|turn|8
|
|t:|1776137624
|switch|p1a: Great Tusk|Great Tusk|100/100
|move|p2a: Milotic|Scald|p1a: Great Tusk
|-supereffective|p1a: Great Tusk
|-damage|p1a: Great Tusk|34/100
|
|-heal|p1a: Great Tusk|40/100|[from] item: Leftovers
|upkeep
|turn|9
|
|t:|1776137633
|move|p1a: Great Tusk|Knock Off|p2a: Milotic
|-damage|p2a: Milotic|47/100
|-enditem|p2a: Milotic|Heavy-Duty Boots|[from] move: Knock Off|[of] p1a: Great Tusk
|move|p2a: Milotic|Recover|p2a: Milotic
|-heal|p2a: Milotic|97/100
|
|-heal|p1a: Great Tusk|47/100|[from] item: Leftovers
|upkeep
|turn|10
|
|t:|1776137656
|-terastallize|p1a: Great Tusk|Ground
|move|p1a: Great Tusk|Close Combat|p2a: Milotic
|-damage|p2a: Milotic|54/100
|-unboost|p1a: Great Tusk|def|1
|-unboost|p1a: Great Tusk|spd|1
|move|p2a: Milotic|Scald|p1a: Great Tusk
|-supereffective|p1a: Great Tusk
|-damage|p1a: Great Tusk|0 fnt
|faint|p1a: Great Tusk
|-end|p1a: Great Tusk|Protosynthesis|[silent]
|
|upkeep
|
|t:|1776137666
|switch|p1a: Dragapult|Dragapult, F|100/100
|turn|11
|
|t:|1776137679
|move|p1a: Dragapult|Shadow Ball|p2a: Milotic
|-damage|p2a: Milotic|18/100
|move|p2a: Milotic|Recover|p2a: Milotic
|-heal|p2a: Milotic|68/100
|
|upkeep
|turn|12
|
|t:|1776137685
|-terastallize|p2a: Milotic|Ice
|move|p1a: Dragapult|Shadow Ball|p2a: Milotic
|-damage|p2a: Milotic|33/100
|move|p2a: Milotic|Ice Beam|p1a: Dragapult
|-supereffective|p1a: Dragapult
|-damage|p1a: Dragapult|17/100
|
|upkeep
|turn|13
|
|t:|1776137694
|move|p1a: Dragapult|Shadow Ball|p2a: Milotic
|-damage|p2a: Milotic|0 fnt
|faint|p2a: Milotic
|
|upkeep
|
|t:|1776137700
|switch|p2a: Whimsicott|Whimsicott, F, shiny|100/100
|turn|14
|
|t:|1776137703
|switch|p1a: Heatran|Heatran, F|97/100
|move|p2a: Whimsicott|Moonblast|p1a: Heatran
|-resisted|p1a: Heatran
|-damage|p1a: Heatran|92/100
|
|-heal|p1a: Heatran|98/100|[from] item: Leftovers
|upkeep
|turn|15
|
|t:|1776137711
|move|p2a: Whimsicott|U-turn|p1a: Heatran
|-resisted|p1a: Heatran
|-damage|p1a: Heatran|96/100
|
|t:|1776137715
|switch|p2a: Chandelure|Chandelure, M|100/100|[from] U-turn
|move|p1a: Heatran|Lava Plume|p2a: Chandelure
|-resisted|p2a: Chandelure
|-damage|p2a: Chandelure|81/100
|
|-heal|p1a: Heatran|100/100|[from] item: Leftovers
|upkeep
|turn|16
|
|t:|1776137727
|switch|p1a: Dondozo|Dondozo, F|100/100
|move|p2a: Chandelure|Flamethrower|p1a: Dondozo
|-resisted|p1a: Dondozo
|-damage|p1a: Dondozo|72/100
|-status|p1a: Dondozo|brn
|
|-heal|p1a: Dondozo|78/100 brn|[from] item: Leftovers
|-damage|p1a: Dondozo|72/100 brn|[from] brn
|upkeep
|turn|17
|
|t:|1776137736
|move|p2a: Chandelure|Hex|p1a: Dondozo
|-damage|p1a: Dondozo|0 fnt
|faint|p1a: Dondozo
|
|upkeep
|
|t:|1776137743
|switch|p1a: Kingambit|Kingambit, M|100/100
|-activate|p1a: Kingambit|ability: Supreme Overlord
|-start|p1a: Kingambit|fallen2|[silent]
|turn|18
|
|t:|1776137753
|move|p1a: Kingambit|Sucker Punch||[still]
|-fail|p1a: Kingambit
|move|p2a: Chandelure|Will-O-Wisp|p1a: Kingambit
|-status|p1a: Kingambit|brn
|
|-damage|p1a: Kingambit|94/100 brn|[from] brn
|upkeep
|turn|19
|
|t:|1776137760
|move|p1a: Kingambit|Sucker Punch||[still]
|-fail|p1a: Kingambit
|move|p2a: Chandelure|Will-O-Wisp|p1a: Kingambit
|-fail|p1a: Kingambit|brn
|
|-damage|p1a: Kingambit|88/100 brn|[from] brn
|upkeep
|turn|20
|
|t:|1776137777
|move|p2a: Chandelure|Will-O-Wisp|p1a: Kingambit
|-fail|p1a: Kingambit|brn
|move|p1a: Kingambit|Kowtow Cleave|p2a: Chandelure
|-supereffective|p2a: Chandelure
|-damage|p2a: Chandelure|0 fnt
|faint|p2a: Chandelure
|
|-damage|p1a: Kingambit|82/100 brn|[from] brn
|upkeep
|
|t:|1776137788
|switch|p2a: Kingambit|Kingambit, M, shiny|100/100
|-damage|p2a: Kingambit|94/100|[from] Stealth Rock
|-activate|p2a: Kingambit|ability: Supreme Overlord
|-start|p2a: Kingambit|fallen2|[silent]
|turn|21
|
|t:|1776137802
|move|p2a: Kingambit|Swords Dance|p2a: Kingambit
|-boost|p2a: Kingambit|atk|2
|move|p1a: Kingambit|Swords Dance|p1a: Kingambit
|-boost|p1a: Kingambit|atk|2
|
|-damage|p1a: Kingambit|76/100 brn|[from] brn
|upkeep
|turn|22
|
|t:|1776137811
|move|p2a: Kingambit|Iron Head|p1a: Kingambit
|-resisted|p1a: Kingambit
|-damage|p1a: Kingambit|36/100 brn
|cant|p1a: Kingambit|flinch
|
|-damage|p1a: Kingambit|30/100 brn|[from] brn
|upkeep
|turn|23
|
|t:|1776137818
|-end|p1a: Kingambit|fallen2|[silent]
|switch|p1a: Heatran|Heatran, F|100/100
|move|p2a: Kingambit|Iron Head|p1a: Heatran
|-resisted|p1a: Heatran
|-damage|p1a: Heatran|78/100
|
|-heal|p1a: Heatran|85/100|[from] item: Leftovers
|upkeep
|turn|24
|
|t:|1776137826
|move|p2a: Kingambit|Sucker Punch|p1a: Heatran
|-damage|p1a: Heatran|0 fnt
|faint|p1a: Heatran
|
|upkeep
|
|t:|1776137830
|switch|p1a: Gholdengo|Gholdengo|18/100 brn
|turn|25
|c|☆pedro124134|ggs
|
|t:|1776137835
|move|p1a: Gholdengo|Focus Blast|p2a: Kingambit
|-supereffective|p2a: Kingambit
|-damage|p2a: Kingambit|0 fnt
|faint|p2a: Kingambit
|-end|p2a: Kingambit|fallen2|[silent]
|
|-damage|p1a: Gholdengo|12/100 brn|[from] brn
|upkeep
|
|t:|1776137841
|switch|p2a: Whimsicott|Whimsicott, F, shiny|100/100
|turn|26
|c|☆pedro124134|i think i lost
|
|t:|1776137847
|switch|p1a: Dragapult|Dragapult, F|17/100
|move|p2a: Whimsicott|Moonblast|p1a: Dragapult
|-supereffective|p1a: Dragapult
|-damage|p1a: Dragapult|0 fnt
|faint|p1a: Dragapult
|
|upkeep
|
|t:|1776137859
|switch|p1a: Gholdengo|Gholdengo|12/100 brn
|turn|27
|
|t:|1776137865
|move|p1a: Gholdengo|Make It Rain|p2a: Whimsicott
|-supereffective|p2a: Whimsicott
|-damage|p2a: Whimsicott|0 fnt
|-unboost|p1a: Gholdengo|spa|1
|faint|p2a: Whimsicott
|
|-damage|p1a: Gholdengo|6/100 brn|[from] brn
|upkeep
|
|t:|1776137880
|switch|p2a: Toxtricity|Toxtricity-Low-Key, M, shiny|64/100
|-damage|p2a: Toxtricity|52/100|[from] Stealth Rock
|turn|28
|
|t:|1776137888
|switch|p1a: Kingambit|Kingambit, M|30/100 brn
|-activate|p1a: Kingambit|ability: Supreme Overlord
|-start|p1a: Kingambit|fallen4|[silent]
|move|p2a: Toxtricity|Volt Switch|p1a: Kingambit
|-damage|p1a: Kingambit|0 fnt
|faint|p1a: Kingambit
|-end|p1a: Kingambit|fallen4|[silent]
|
|t:|1776137895
|switch|p2a: Froslass|Froslass, F, shiny|100/100|[from] Volt Switch
|-damage|p2a: Froslass|76/100|[from] Stealth Rock
|
|upkeep
|
|t:|1776137900
|switch|p1a: Gholdengo|Gholdengo|6/100 brn
|turn|29
|
|t:|1776137905
|move|p1a: Gholdengo|Make It Rain|p2a: Froslass
|-supereffective|p2a: Froslass
|-damage|p2a: Froslass|0 fnt
|-unboost|p1a: Gholdengo|spa|1
|-start|p1a: Gholdengo|Disable|Make It Rain|[from] ability: Cursed Body|[of] p2a: Froslass
|faint|p2a: Froslass
|
|-damage|p1a: Gholdengo|0 fnt|[from] brn
|faint|p1a: Gholdengo
|
|win|abg564
|raw|pedro124134's rating: 1118 &rarr; <strong>1096</strong><br />(-22 for losing)
|raw|abg564's rating: 1158 &rarr; <strong>1180</strong><br />(+22 for winning)
|c|☆abg564|lol gg
|c|☆pedro124134|ggs
