|html|<div class="broadcast-blue"><strong>[Gen 9] OU is currently suspecting Tera Blast! For information on how to participate check out the <a href="https://www.smogon.com/tools/suspects/view/200">suspect thread</a>.</strong></div>
|j|☆Bomi0
|j|☆suminkwak249
|t:|1776257995
|gametype|singles
|player|p1|Bomi0|parasollady|
|player|p2|suminkwak249|170|
|gen|9
|tier|[Gen 9] OU
|rule|HP Percentage Mod: HP is shown in percentages
|rule|Endless Battle Clause: Forcing endless battles is banned
|rule|Species Clause: Limit one of each Pokémon
|rule|OHKO Clause: OHKO moves are banned
|rule|Evasion Items Clause: Evasion items are banned
|rule|Evasion Moves Clause: Evasion moves are banned
|rule|Evasion Abilities Clause: Evasion abilities are banned
|rule|Sleep Moves Clause: Sleep-inducing moves are banned
|clearpoke
|poke|p1|Mimikyu, M|
|poke|p1|Cresselia, F|
|poke|p1|Ursaluna, M|
|poke|p1|Hatterene, F|
|poke|p1|Iron Hands|
|poke|p1|Azumarill, F|
|poke|p2|Torkoal, M|
|poke|p2|Walking Wake|
|poke|p2|Iron Treads|
|poke|p2|Raging Bolt|
|poke|p2|Ceruledge, F|
|poke|p2|Espeon, F|
|teampreview
|inactive|Battle timer is ON: inactive players will automatically lose when time's up. (requested by Bomi0)
|
|t:|1776258047
|teamsize|p1|6
|teamsize|p2|6
|start
|switch|p1a: Karma|Hatterene, F, shiny|100/100
|switch|p2a: Torkoal|Torkoal, M|100/100
|-weather|SunnyDay|[from] ability: Drought|[of] p2a: Torkoal
|turn|1
|
|t:|1776258058
|move|p2a: Torkoal|Lava Plume|p1a: Karma
|-crit|p1a: Karma
|-damage|p1a: Karma|56/100
|move|p1a: Karma|Trick Room|p1a: Karma
|-fieldstart|move: Trick Room|[of] p1a: Karma
|
|-weather|SunnyDay|[upkeep]
|upkeep
|turn|2
|
|t:|1776258062
|move|p2a: Torkoal|Lava Plume|p1a: Karma
|-damage|p1a: Karma|28/100
|move|p1a: Karma|Healing Wish|p1a: Karma
|faint|p1a: Karma
|
|-weather|SunnyDay|[upkeep]
|upkeep
|
|t:|1776258074
|switch|p1a: Pooh|Ursaluna, M|100/100
|turn|3
|
|t:|1776258078
|move|p2a: Torkoal|Lava Plume|p1a: Pooh
|-damage|p1a: Pooh|68/100
|move|p1a: Pooh|Swords Dance|p1a: Pooh
|-boost|p1a: Pooh|atk|2
|
|-weather|SunnyDay|[upkeep]
|-status|p1a: Pooh|brn|[from] item: Flame Orb
|upkeep
|turn|4
|
|t:|1776258098
|switch|p2a: Iron Treads|Iron Treads|100/100
|-enditem|p2a: Iron Treads|Booster Energy
|-activate|p2a: Iron Treads|ability: Quark Drive|[fromitem]
|-start|p2a: Iron Treads|quarkdrivespe
|move|p1a: Pooh|Facade|p2a: Iron Treads
|-resisted|p2a: Iron Treads
|-damage|p2a: Iron Treads|0 fnt
|faint|p2a: Iron Treads
|-end|p2a: Iron Treads|Quark Drive|[silent]
|
|-weather|SunnyDay|[upkeep]
|-damage|p1a: Pooh|62/100 brn|[from] brn
|upkeep
|
|t:|1776258101
|switch|p2a: Ceruledge|Ceruledge, F|100/100
|turn|5
|
|t:|1776258105
|move|p1a: Pooh|Headlong Rush|p2a: Ceruledge
|-supereffective|p2a: Ceruledge
|-enditem|p2a: Ceruledge|Focus Sash
|-damage|p2a: Ceruledge|1/100
|-unboost|p1a: Pooh|def|1
|-unboost|p1a: Pooh|spd|1
|-ability|p2a: Ceruledge|Weak Armor|boost
|-unboost|p2a: Ceruledge|def|1
|-boost|p2a: Ceruledge|spe|2
|move|p2a: Ceruledge|Swords Dance|p2a: Ceruledge
|-boost|p2a: Ceruledge|atk|2
|
|-weather|SunnyDay|[upkeep]
|-damage|p1a: Pooh|56/100 brn|[from] brn
|-fieldend|move: Trick Room
|upkeep
|turn|6
|
|t:|1776258115
|switch|p1a: Dancing Queen|Cresselia, F, shiny|100/100
|move|p2a: Ceruledge|Bitter Blade|p1a: Dancing Queen
|-damage|p1a: Dancing Queen|0 fnt
|-heal|p2a: Ceruledge|77/100|[from] drain|[of] p1a: Dancing Queen
|faint|p1a: Dancing Queen
|
|-weather|SunnyDay|[upkeep]
|upkeep
|
|t:|1776258126
|switch|p1a: Pikaboo|Mimikyu, M|100/100
|turn|7
|
|t:|1776258128
|move|p2a: Ceruledge|Shadow Sneak|p1a: Pikaboo
|-activate|p1a: Pikaboo|ability: Disguise
|-damage|p1a: Pikaboo|100/100
|detailschange|p1a: Pikaboo|Mimikyu-Busted, M
|-damage|p1a: Pikaboo|88/100|[from] pokemon: Mimikyu-Busted
|move|p1a: Pikaboo|Trick Room|p1a: Pikaboo
|-fieldstart|move: Trick Room|[of] p1a: Pikaboo
|
|-weather|SunnyDay|[upkeep]
|upkeep
|turn|8
|
|t:|1776258137
|move|p1a: Pikaboo|Destiny Bond|p1a: Pikaboo
|-singlemove|p1a: Pikaboo|Destiny Bond
|move|p2a: Ceruledge|Bitter Blade|p1a: Pikaboo
|-damage|p1a: Pikaboo|0 fnt
|-heal|p2a: Ceruledge|100/100|[from] drain|[of] p1a: Pikaboo
|faint|p1a: Pikaboo
|-activate|p1a: Pikaboo|move: Destiny Bond
|faint|p2a: Ceruledge
|
|-weather|none
|upkeep
|
|t:|1776258158
|switch|p1a: Pooh|Ursaluna, M|56/100 brn
|switch|p2a: Torkoal|Torkoal, M|100/100
|-weather|SunnyDay|[from] ability: Drought|[of] p2a: Torkoal
|-heal|p1a: Pooh|100/100|[from] move: Healing Wish
|turn|9
|
|t:|1776258166
|move|p2a: Torkoal|Lava Plume|p1a: Pooh
|-damage|p1a: Pooh|68/100
|move|p1a: Pooh|Swords Dance|p1a: Pooh
|-boost|p1a: Pooh|atk|2
|
|-weather|SunnyDay|[upkeep]
|-status|p1a: Pooh|brn|[from] item: Flame Orb
|upkeep
|turn|10
|
|t:|1776258168
|move|p2a: Torkoal|Lava Plume|p1a: Pooh
|-damage|p1a: Pooh|37/100 brn
|move|p1a: Pooh|Facade|p2a: Torkoal
|-damage|p2a: Torkoal|0 fnt
|faint|p2a: Torkoal
|
|-weather|SunnyDay|[upkeep]
|-damage|p1a: Pooh|31/100 brn|[from] brn
|upkeep
|
|t:|1776258180
|switch|p2a: Raging Bolt|Raging Bolt|100/100
|-activate|p2a: Raging Bolt|ability: Protosynthesis
|-start|p2a: Raging Bolt|protosynthesisspa
|turn|11
|
|t:|1776258184
|-end|p2a: Raging Bolt|Protosynthesis|[silent]
|switch|p2a: Espeon|Espeon, F|100/100
|move|p1a: Pooh|Facade|p2a: Espeon
|-damage|p2a: Espeon|0 fnt
|faint|p2a: Espeon
|
|-weather|SunnyDay|[upkeep]
|-damage|p1a: Pooh|25/100 brn|[from] brn
|-fieldend|move: Trick Room
|upkeep
|
|t:|1776258187
|switch|p2a: Walking Wake|Walking Wake|100/100
|-activate|p2a: Walking Wake|ability: Protosynthesis
|-start|p2a: Walking Wake|protosynthesisspe
|turn|12
|
|t:|1776258194
|move|p2a: Walking Wake|Flip Turn|p1a: Pooh
|-supereffective|p1a: Pooh
|-damage|p1a: Pooh|13/100 brn
|
|t:|1776258196
|-end|p2a: Walking Wake|Protosynthesis|[silent]
|switch|p2a: Raging Bolt|Raging Bolt|100/100|[from] Flip Turn
|-activate|p2a: Raging Bolt|ability: Protosynthesis
|-start|p2a: Raging Bolt|protosynthesisspa
|move|p1a: Pooh|Facade|p2a: Raging Bolt
|-damage|p2a: Raging Bolt|0 fnt
|faint|p2a: Raging Bolt
|-end|p2a: Raging Bolt|Protosynthesis|[silent]
|
|-weather|SunnyDay|[upkeep]
|-damage|p1a: Pooh|7/100 brn|[from] brn
|upkeep
|
|t:|1776258197
|switch|p2a: Walking Wake|Walking Wake|100/100
|-activate|p2a: Walking Wake|ability: Protosynthesis
|-start|p2a: Walking Wake|protosynthesisspe
|turn|13
|
|t:|1776258200
|move|p2a: Walking Wake|Hydro Steam|p1a: Pooh
|-supereffective|p1a: Pooh
|-damage|p1a: Pooh|0 fnt
|faint|p1a: Pooh
|
|-weather|SunnyDay|[upkeep]
|upkeep
|
|t:|1776258203
|switch|p1a: High Five|Iron Hands|100/100
|turn|14
|
|t:|1776258211
|move|p2a: Walking Wake|Hydro Steam|p1a: High Five
|-damage|p1a: High Five|56/100
|move|p1a: High Five|Thunder Punch|p2a: Walking Wake
|-damage|p2a: Walking Wake|64/100
|
|-weather|SunnyDay|[upkeep]
|upkeep
|turn|15
|
|t:|1776258214
|-terastallize|p2a: Walking Wake|Water
|move|p2a: Walking Wake|Hydro Steam|p1a: High Five
|-damage|p1a: High Five|0 fnt
|faint|p1a: High Five
|-end|p1a: High Five|Quark Drive|[silent]
|
|-weather|SunnyDay|[upkeep]
|upkeep
|
|t:|1776258216
|switch|p1a: Psymarill|Azumarill, F|100/100
|turn|16
|
|t:|1776258223
|move|p2a: Walking Wake|Hydro Steam|p1a: Psymarill
|-resisted|p1a: Psymarill
|-damage|p1a: Psymarill|68/100
|move|p1a: Psymarill|Play Rough|p2a: Walking Wake
|-crit|p2a: Walking Wake
|-damage|p2a: Walking Wake|0 fnt
|faint|p2a: Walking Wake
|-end|p2a: Walking Wake|Protosynthesis|[silent]
|
|win|Bomi0
