|html|<div class="broadcast-blue"><strong>[Gen 9] OU is currently suspecting Tera Blast! For information on how to participate check out the <a href="https://www.smogon.com/tools/suspects/view/200">suspect thread</a>.</strong></div>
|j|☆foister
|j|☆UniversalVertex
|t:|1776047694
|gametype|singles
|player|p1|foister|266|1176
|player|p2|UniversalVertex|hilda|1176
|gen|9
|tier|[Gen 9] OU
|rated|
|rule|HP Percentage Mod: HP is shown in percentages
|rule|Endless Battle Clause: Forcing endless battles is banned
|rule|Species Clause: Limit one of each Pokémon
|rule|OHKO Clause: OHKO moves are banned
|rule|Evasion Items Clause: Evasion items are banned
|rule|Evasion Moves Clause: Evasion moves are banned
|rule|Evasion Abilities Clause: Evasion abilities are banned
|rule|Sleep Moves Clause: Sleep-inducing moves are banned
|clearpoke
|poke|p1|Skeledirge, M|
|poke|p1|Blaziken, M|
|poke|p1|Primarina, F|
|poke|p1|Quaquaval, M|
|poke|p1|Serperior, M|
|poke|p1|Rillaboom, M|
|poke|p2|Iron Treads|
|poke|p2|Zangoose, M|
|poke|p2|Cinderace, M|
|poke|p2|Kingambit, M|
|poke|p2|Corviknight, M|
|poke|p2|Ting-Lu|
|teampreview
|inactive|Battle timer is ON: inactive players will automatically lose when time's up. (requested by UniversalVertex)
|
|t:|1776047699
|teamsize|p1|6
|teamsize|p2|6
|start
|switch|p1a: Primarina|Primarina, F|100/100
|switch|p2a: Iron Treads|Iron Treads|100/100
|-enditem|p2a: Iron Treads|Booster Energy
|-activate|p2a: Iron Treads|ability: Quark Drive|[fromitem]
|-start|p2a: Iron Treads|quarkdrivespe
|turn|1
|
|t:|1776047707
|move|p2a: Iron Treads|Stealth Rock|p1a: Primarina
|-sidestart|p1: foister|move: Stealth Rock
|move|p1a: Primarina|Hyper Voice|p2a: Iron Treads
|-supereffective|p2a: Iron Treads
|-damage|p2a: Iron Treads|0 fnt
|faint|p2a: Iron Treads
|-end|p2a: Iron Treads|Quark Drive|[silent]
|-enditem|p1a: Primarina|Throat Spray
|-boost|p1a: Primarina|spa|1|[from] item: Throat Spray
|
|upkeep
|
|t:|1776047720
|switch|p2a: Zangoose|Zangoose, M|100/100
|turn|2
|
|t:|1776047730
|move|p2a: Zangoose|Protect|p2a: Zangoose
|-singleturn|p2a: Zangoose|Protect
|move|p1a: Primarina|Hyper Voice|p2a: Zangoose
|-activate|p2a: Zangoose|move: Protect
|
|-status|p2a: Zangoose|tox|[from] item: Toxic Orb
|upkeep
|turn|3
|
|t:|1776047739
|move|p2a: Zangoose|Facade|p1a: Primarina
|-damage|p1a: Primarina|0 fnt
|faint|p1a: Primarina
|
|-damage|p2a: Zangoose|95/100 tox|[from] psn
|upkeep
|
|t:|1776047748
|switch|p1a: Skeledirge|Skeledirge, M|100/100
|-damage|p1a: Skeledirge|76/100|[from] Stealth Rock
|turn|4
|
|t:|1776047754
|move|p2a: Zangoose|Knock Off|p1a: Skeledirge
|-supereffective|p1a: Skeledirge
|-crit|p1a: Skeledirge
|-damage|p1a: Skeledirge|0 fnt
|-enditem|p1a: Skeledirge|Leftovers|[from] move: Knock Off|[of] p2a: Zangoose
|faint|p1a: Skeledirge
|
|-damage|p2a: Zangoose|83/100 tox|[from] psn
|upkeep
|
|t:|1776047762
|switch|p1a: Blaziken|Blaziken, M|100/100
|-damage|p1a: Blaziken|88/100|[from] Stealth Rock
|turn|5
|
|t:|1776047768
|move|p1a: Blaziken|Detect|p1a: Blaziken
|-singleturn|p1a: Blaziken|Protect
|move|p2a: Zangoose|Facade|p1a: Blaziken
|-activate|p1a: Blaziken|move: Protect
|
|-damage|p2a: Zangoose|65/100 tox|[from] psn
|-ability|p1a: Blaziken|Speed Boost|boost
|-boost|p1a: Blaziken|spe|1
|upkeep
|turn|6
|
|t:|1776047778
|move|p1a: Blaziken|Close Combat|p2a: Zangoose
|-supereffective|p2a: Zangoose
|-damage|p2a: Zangoose|0 fnt
|-unboost|p1a: Blaziken|def|1
|-unboost|p1a: Blaziken|spd|1
|faint|p2a: Zangoose
|-damage|p1a: Blaziken|78/100|[from] item: Life Orb
|
|-ability|p1a: Blaziken|Speed Boost|boost
|-boost|p1a: Blaziken|spe|1
|upkeep
|
|t:|1776047790
|switch|p2a: Ting-Lu|Ting-Lu, shiny|100/100
|-ability|p2a: Ting-Lu|Vessel of Ruin
|turn|7
|
|t:|1776047797
|move|p1a: Blaziken|Close Combat|p2a: Ting-Lu
|-supereffective|p2a: Ting-Lu
|-crit|p2a: Ting-Lu
|-damage|p2a: Ting-Lu|0 fnt
|-unboost|p1a: Blaziken|def|1
|-unboost|p1a: Blaziken|spd|1
|faint|p2a: Ting-Lu
|-damage|p1a: Blaziken|69/100|[from] item: Life Orb
|
|-ability|p1a: Blaziken|Speed Boost|boost
|-boost|p1a: Blaziken|spe|1
|upkeep
|
|t:|1776047807
|switch|p2a: Kingambit|Kingambit, M, shiny|100/100
|-activate|p2a: Kingambit|ability: Supreme Overlord
|-start|p2a: Kingambit|fallen3|[silent]
|turn|8
|
|t:|1776047812
|switch|p1a: Rillaboom|Rillaboom, M|100/100
|-damage|p1a: Rillaboom|88/100|[from] Stealth Rock
|-fieldstart|move: Grassy Terrain|[from] ability: Grassy Surge|[of] p1a: Rillaboom
|-enditem|p1a: Rillaboom|Grassy Seed
|-boost|p1a: Rillaboom|def|1|[from] item: Grassy Seed
|-terastallize|p2a: Kingambit|Fairy
|move|p2a: Kingambit|Tera Blast|p1a: Rillaboom|[anim] Tera Blast Fairy
|-damage|p1a: Rillaboom|47/100
|
|-heal|p1a: Rillaboom|53/100|[from] Grassy Terrain
|upkeep
|turn|9
|
|t:|1776047826
|move|p1a: Rillaboom|Knock Off|p2a: Kingambit
|-resisted|p2a: Kingambit
|-damage|p2a: Kingambit|88/100
|-enditem|p2a: Kingambit|Black Glasses|[from] move: Knock Off|[of] p1a: Rillaboom
|move|p2a: Kingambit|Swords Dance|p2a: Kingambit
|-boost|p2a: Kingambit|atk|2
|
|-heal|p1a: Rillaboom|59/100|[from] Grassy Terrain
|-heal|p2a: Kingambit|94/100|[from] Grassy Terrain
|upkeep
|turn|10
|
|t:|1776047844
|move|p1a: Rillaboom|Wood Hammer|p2a: Kingambit
|-crit|p2a: Kingambit
|-damage|p2a: Kingambit|2/100
|-damage|p1a: Rillaboom|24/100|[from] Recoil
|move|p2a: Kingambit|Tera Blast|p1a: Rillaboom|[anim] Tera Blast Fairy
|-damage|p1a: Rillaboom|0 fnt
|faint|p1a: Rillaboom
|
|-heal|p2a: Kingambit|8/100|[from] Grassy Terrain
|upkeep
|
|t:|1776047862
|switch|p1a: Quaquaval|Quaquaval, M|100/100
|-damage|p1a: Quaquaval|94/100|[from] Stealth Rock
|turn|11
|
|t:|1776047868
|move|p1a: Quaquaval|Aqua Step|p2a: Kingambit
|-damage|p2a: Kingambit|0 fnt
|-boost|p1a: Quaquaval|spe|1
|faint|p2a: Kingambit
|-end|p2a: Kingambit|fallen3|[silent]
|-ability|p1a: Quaquaval|Moxie|boost
|-boost|p1a: Quaquaval|atk|1
|-damage|p1a: Quaquaval|84/100|[from] item: Life Orb
|
|-heal|p1a: Quaquaval|91/100|[from] Grassy Terrain
|upkeep
|
|t:|1776047874
|switch|p2a: Corviknight|Corviknight, M|100/100
|-ability|p2a: Corviknight|Pressure
|turn|12
|
|t:|1776047882
|-terastallize|p1a: Quaquaval|Water
|move|p1a: Quaquaval|Aqua Step|p2a: Corviknight
|-damage|p2a: Corviknight|39/100
|-boost|p1a: Quaquaval|spe|1
|-damage|p1a: Quaquaval|74/100|[from] item: Rocky Helmet|[of] p2a: Corviknight
|-damage|p1a: Quaquaval|64/100|[from] item: Life Orb
|move|p2a: Corviknight|Iron Defense|p2a: Corviknight
|-boost|p2a: Corviknight|def|2
|
|-heal|p1a: Quaquaval|70/100|[from] Grassy Terrain
|-fieldend|move: Grassy Terrain
|upkeep
|turn|13
|
|t:|1776047896
|move|p1a: Quaquaval|Wave Crash|p2a: Corviknight
|-damage|p2a: Corviknight|0 fnt
|-damage|p1a: Quaquaval|53/100|[from] item: Rocky Helmet|[of] p2a: Corviknight
|faint|p2a: Corviknight
|-ability|p1a: Quaquaval|Moxie|boost
|-boost|p1a: Quaquaval|atk|1
|-damage|p1a: Quaquaval|37/100|[from] Recoil
|-damage|p1a: Quaquaval|27/100|[from] item: Life Orb
|
|upkeep
|
|t:|1776047899
|switch|p2a: Cinderace|Cinderace, M|100/100
|turn|14
|
|t:|1776047908
|move|p2a: Cinderace|Sucker Punch|p1a: Quaquaval
|-start|p2a: Cinderace|typechange|Dark|[from] ability: Libero
|-damage|p1a: Quaquaval|0 fnt
|faint|p1a: Quaquaval
|
|upkeep
|
|t:|1776047916
|switch|p1a: Serperior|Serperior, M|100/100
|-damage|p1a: Serperior|88/100|[from] Stealth Rock
|turn|15
|
|t:|1776047921
|move|p2a: Cinderace|Pyro Ball|p1a: Serperior
|-supereffective|p1a: Serperior
|-damage|p1a: Serperior|18/100
|move|p1a: Serperior|Glare|p2a: Cinderace
|-status|p2a: Cinderace|par
|
|-heal|p1a: Serperior|24/100|[from] item: Leftovers
|upkeep
|turn|16
|
|t:|1776047929
|move|p1a: Serperior|Leech Seed|p2a: Cinderace
|-start|p2a: Cinderace|move: Leech Seed
|move|p2a: Cinderace|Pyro Ball|p1a: Serperior
|-supereffective|p1a: Serperior
|-damage|p1a: Serperior|0 fnt
|faint|p1a: Serperior
|
|upkeep
|
|t:|1776047937
|switch|p1a: Blaziken|Blaziken, M|69/100
|-damage|p1a: Blaziken|56/100|[from] Stealth Rock
|turn|17
|
|t:|1776047945
|move|p1a: Blaziken|Detect|p1a: Blaziken
|-singleturn|p1a: Blaziken|Protect
|move|p2a: Cinderace|Sucker Punch||[still]
|-fail|p2a: Cinderace
|
|-damage|p2a: Cinderace|88/100 par|[from] Leech Seed|[of] p1a: Blaziken
|-heal|p1a: Blaziken|68/100|[silent]
|-ability|p1a: Blaziken|Speed Boost|boost
|-boost|p1a: Blaziken|spe|1
|upkeep
|turn|18
|
|t:|1776047956
|move|p2a: Cinderace|Sucker Punch|p1a: Blaziken
|-resisted|p1a: Blaziken
|-damage|p1a: Blaziken|48/100
|move|p1a: Blaziken|Close Combat|p2a: Cinderace
|-supereffective|p2a: Cinderace
|-damage|p2a: Cinderace|0 fnt
|-unboost|p1a: Blaziken|def|1
|-unboost|p1a: Blaziken|spd|1
|faint|p2a: Cinderace
|-damage|p1a: Blaziken|38/100|[from] item: Life Orb
|
|win|foister
|raw|foister's rating: 1176 &rarr; <strong>1201</strong><br />(+25 for winning)
|raw|UniversalVertex's rating: 1176 &rarr; <strong>1151</strong><br />(-25 for losing)
|l|☆UniversalVertex
|player|p2|
|l|☆foister
|player|p1|
