|html|<div class="broadcast-blue"><strong>[Gen 9] OU is currently suspecting Tera Blast! For information on how to participate check out the <a href="https://www.smogon.com/tools/suspects/view/200">suspect thread</a>.</strong></div>
|j|☆lhoud52
|j|☆TinySkeleton
|t:|1776218757
|gametype|singles
|player|p1|lhoud52|cynthia-gen4|1163
|player|p2|TinySkeleton|wallace|1119
|gen|9
|tier|[Gen 9] OU
|rated|
|rule|HP Percentage Mod: HP is shown in percentages
|rule|Endless Battle Clause: Forcing endless battles is banned
|rule|Species Clause: Limit one of each Pokémon
|rule|OHKO Clause: OHKO moves are banned
|rule|Evasion Items Clause: Evasion items are banned
|rule|Evasion Moves Clause: Evasion moves are banned
|rule|Evasion Abilities Clause: Evasion abilities are banned
|rule|Sleep Moves Clause: Sleep-inducing moves are banned
|clearpoke
|poke|p1|Gliscor, M|
|poke|p1|Ogerpon-Wellspring, F|
|poke|p1|Gholdengo|
|poke|p1|Toxapex, M|
|poke|p1|Corviknight, M|
|poke|p1|Dragapult, F|
|poke|p2|Gliscor, M|
|poke|p2|Heatran, F|
|poke|p2|Sinistcha|
|poke|p2|Corviknight, M|
|poke|p2|Tentacruel, M|
|poke|p2|Darkrai|
|teampreview
|inactive|Battle timer is ON: inactive players will automatically lose when time's up. (requested by lhoud52)
|c|☆TinySkeleton|glhf
|c|☆lhoud52|u2
|
|t:|1776218776
|teamsize|p1|6
|teamsize|p2|6
|start
|switch|p1a: Toxapex|Toxapex, M, shiny|100/100
|switch|p2a: Hephaepstein|Heatran, F|100/100
|turn|1
|
|t:|1776218784
|move|p2a: Hephaepstein|Stealth Rock|p1a: Toxapex
|-sidestart|p1: lhoud52|move: Stealth Rock
|move|p1a: Toxapex|Toxic Spikes|p2a: Hephaepstein
|-sidestart|p2: TinySkeleton|move: Toxic Spikes
|
|upkeep
|turn|2
|
|t:|1776218791
|switch|p2a: The Squiddler|Tentacruel, M, shiny|100/100
|-sideend|p2: TinySkeleton|move: Toxic Spikes|[of] p2a: The Squiddler
|move|p1a: Toxapex|Infestation|p2a: The Squiddler
|-resisted|p2a: The Squiddler
|-damage|p2a: The Squiddler|99/100
|-activate|p2a: The Squiddler|move: Infestation|[of] p1a: Toxapex
|
|-damage|p2a: The Squiddler|87/100|[from] move: Infestation|[partiallytrapped]
|upkeep
|turn|3
|
|t:|1776218801
|move|p2a: The Squiddler|Knock Off|p1a: Toxapex
|-damage|p1a: Toxapex|88/100
|-enditem|p1a: Toxapex|Leftovers|[from] move: Knock Off|[of] p2a: The Squiddler
|move|p1a: Toxapex|Toxic Spikes|p2a: The Squiddler
|-sidestart|p2: TinySkeleton|move: Toxic Spikes
|
|-damage|p2a: The Squiddler|75/100|[from] move: Infestation|[partiallytrapped]
|upkeep
|turn|4
|
|t:|1776218817
|move|p2a: The Squiddler|Rapid Spin|p1a: Toxapex
|-damage|p1a: Toxapex|82/100
|-boost|p2a: The Squiddler|spe|1
|-sideend|p2: TinySkeleton|Toxic Spikes|[from] move: Rapid Spin|[of] p2a: The Squiddler
|-end|p2a: The Squiddler|Infestation|[partiallytrapped]
|move|p1a: Toxapex|Toxic Spikes|p2a: The Squiddler
|-sidestart|p2: TinySkeleton|move: Toxic Spikes
|
|upkeep
|turn|5
|
|t:|1776218827
|switch|p2a: Gliskibidi|Gliscor, M|100/100
|move|p1a: Toxapex|Infestation|p2a: Gliskibidi
|-resisted|p2a: Gliskibidi
|-damage|p2a: Gliskibidi|99/100
|-activate|p2a: Gliskibidi|move: Infestation|[of] p1a: Toxapex
|
|-damage|p2a: Gliskibidi|87/100|[from] move: Infestation|[partiallytrapped]
|-status|p2a: Gliskibidi|tox|[from] item: Toxic Orb
|upkeep
|turn|6
|
|t:|1776218847
|move|p2a: Gliskibidi|Spikes|p1a: Toxapex
|-sidestart|p1: lhoud52|Spikes
|move|p1a: Toxapex|Toxic Spikes|p2a: Gliskibidi
|-sidestart|p2: TinySkeleton|move: Toxic Spikes
|
|-heal|p2a: Gliskibidi|99/100 tox|[from] ability: Poison Heal
|-damage|p2a: Gliskibidi|87/100 tox|[from] move: Infestation|[partiallytrapped]
|upkeep
|turn|7
|inactive|lhoud52 has 120 seconds left.
|
|t:|1776218874
|switch|p1a: Ogerpon|Ogerpon-Wellspring, F|100/100
|-damage|p1a: Ogerpon|88/100|[from] Stealth Rock
|-damage|p1a: Ogerpon|76/100|[from] Spikes
|move|p2a: Gliskibidi|Earthquake|p1a: Ogerpon
|-resisted|p1a: Ogerpon
|-damage|p1a: Ogerpon|54/100
|
|-heal|p2a: Gliskibidi|99/100 tox|[from] ability: Poison Heal
|-end|p2a: Gliskibidi|Infestation|[partiallytrapped]|[silent]
|upkeep
|turn|8
|inactive|lhoud52 has 120 seconds left.
|
|t:|1776218892
|switch|p2a: The Squiddler|Tentacruel, M, shiny|75/100
|-sideend|p2: TinySkeleton|move: Toxic Spikes|[of] p2a: The Squiddler
|move|p1a: Ogerpon|Ivy Cudgel|p2a: The Squiddler|[anim] Ivy Cudgel Water
|-resisted|p2a: The Squiddler
|-damage|p2a: The Squiddler|30/100
|
|upkeep
|turn|9
|
|t:|1776218922
|switch|p2a: Charlie Kirsch|Sinistcha|100/100
|move|p1a: Ogerpon|Ivy Cudgel|p2a: Charlie Kirsch|[anim] Ivy Cudgel Water
|-resisted|p2a: Charlie Kirsch
|-damage|p2a: Charlie Kirsch|78/100
|
|upkeep
|turn|10
|
|t:|1776218929
|move|p1a: Ogerpon|Swords Dance|p1a: Ogerpon
|-boost|p1a: Ogerpon|atk|2
|move|p2a: Charlie Kirsch|Matcha Gotcha|p1a: Ogerpon
|-damage|p1a: Ogerpon|18/100
|-heal|p2a: Charlie Kirsch|93/100|[from] drain|[of] p1a: Ogerpon
|
|upkeep
|turn|11
|
|t:|1776218940
|move|p1a: Ogerpon|Horn Leech|p2a: Charlie Kirsch
|-resisted|p2a: Charlie Kirsch
|-damage|p2a: Charlie Kirsch|60/100
|-heal|p1a: Ogerpon|38/100|[from] drain|[of] p2a: Charlie Kirsch
|move|p2a: Charlie Kirsch|Strength Sap|p1a: Ogerpon
|-unboost|p1a: Ogerpon|atk|1
|-heal|p2a: Charlie Kirsch|100/100
|
|upkeep
|turn|12
|
|t:|1776218951
|move|p1a: Ogerpon|Encore|p2a: Charlie Kirsch
|-start|p2a: Charlie Kirsch|Encore
|move|p2a: Charlie Kirsch|Strength Sap|p1a: Ogerpon
|-unboost|p1a: Ogerpon|atk|1
|
|upkeep
|turn|13
|
|t:|1776218959
|switch|p2a: MEGA KNIGHT|Corviknight, M|100/100
|-ability|p2a: MEGA KNIGHT|Pressure
|move|p1a: Ogerpon|Horn Leech|p2a: MEGA KNIGHT
|-resisted|p2a: MEGA KNIGHT
|-damage|p2a: MEGA KNIGHT|94/100
|-heal|p1a: Ogerpon|42/100|[from] drain|[of] p2a: MEGA KNIGHT
|-damage|p1a: Ogerpon|25/100|[from] item: Rocky Helmet|[of] p2a: MEGA KNIGHT
|
|upkeep
|turn|14
|
|t:|1776218971
|switch|p1a: Toxapex|Toxapex, M, shiny|100/100
|-damage|p1a: Toxapex|88/100|[from] Stealth Rock
|-damage|p1a: Toxapex|76/100|[from] Spikes
|move|p2a: MEGA KNIGHT|U-turn|p1a: Toxapex
|-resisted|p1a: Toxapex
|-damage|p1a: Toxapex|70/100
|
|t:|1776218977
|switch|p2a: Gliskibidi|Gliscor, M|99/100 tox|[from] U-turn
|
|-heal|p2a: Gliskibidi|100/100 tox|[from] ability: Poison Heal
|upkeep
|turn|15
|
|t:|1776218985
|switch|p1a: Corviknight|Corviknight, M, shiny|100/100
|-damage|p1a: Corviknight|88/100|[from] Stealth Rock
|move|p2a: Gliskibidi|Spikes|p1a: Corviknight
|-sidestart|p1: lhoud52|Spikes
|
|-heal|p1a: Corviknight|94/100|[from] item: Leftovers
|upkeep
|turn|16
|
|t:|1776218994
|switch|p2a: Hephaepstein|Heatran, F|100/100
|move|p1a: Corviknight|Iron Head|p2a: Hephaepstein
|-resisted|p2a: Hephaepstein
|-damage|p2a: Hephaepstein|96/100
|
|-heal|p2a: Hephaepstein|100/100|[from] item: Leftovers
|-heal|p1a: Corviknight|99/100|[from] item: Leftovers
|upkeep
|turn|17
|
|t:|1776219004
|switch|p1a: Toxapex|Toxapex, M, shiny|100/100
|-damage|p1a: Toxapex|88/100|[from] Stealth Rock
|-damage|p1a: Toxapex|72/100|[from] Spikes
|move|p2a: Hephaepstein|Magma Storm|p1a: Toxapex
|-resisted|p1a: Toxapex
|-damage|p1a: Toxapex|59/100
|-activate|p1a: Toxapex|move: Magma Storm|[of] p2a: Hephaepstein
|
|-damage|p1a: Toxapex|47/100|[from] move: Magma Storm|[partiallytrapped]
|upkeep
|turn|18
|
|t:|1776219020
|move|p2a: Hephaepstein|Earth Power|p1a: Toxapex
|-supereffective|p1a: Toxapex
|-damage|p1a: Toxapex|14/100
|move|p1a: Toxapex|Infestation|p2a: Hephaepstein
|-resisted|p2a: Hephaepstein
|-damage|p2a: Hephaepstein|99/100
|-activate|p2a: Hephaepstein|move: Infestation|[of] p1a: Toxapex
|
|-heal|p2a: Hephaepstein|100/100|[from] item: Leftovers
|-damage|p2a: Hephaepstein|88/100|[from] move: Infestation|[partiallytrapped]
|-damage|p1a: Toxapex|1/100|[from] move: Magma Storm|[partiallytrapped]
|upkeep
|turn|19
|
|t:|1776219028
|move|p2a: Hephaepstein|Earth Power|p1a: Toxapex
|-supereffective|p1a: Toxapex
|-damage|p1a: Toxapex|0 fnt
|faint|p1a: Toxapex
|
|-heal|p2a: Hephaepstein|94/100|[from] item: Leftovers
|-end|p2a: Hephaepstein|Infestation|[partiallytrapped]|[silent]
|upkeep
|
|t:|1776219034
|switch|p1a: Ogerpon|Ogerpon-Wellspring, F|25/100
|-damage|p1a: Ogerpon|13/100|[from] Stealth Rock
|-damage|p1a: Ogerpon|0 fnt|[from] Spikes
|faint|p1a: Ogerpon
|
|t:|1776219040
|switch|p1a: Gliscor|Gliscor, M|100/100
|-damage|p1a: Gliscor|88/100|[from] Stealth Rock
|turn|20
|
|t:|1776219058
|switch|p2a: MEGA KNIGHT|Corviknight, M|94/100
|-ability|p2a: MEGA KNIGHT|Pressure
|move|p1a: Gliscor|Stealth Rock|p2a: MEGA KNIGHT
|-sidestart|p2: TinySkeleton|move: Stealth Rock
|
|-status|p1a: Gliscor|tox|[from] item: Toxic Orb
|upkeep
|turn|21
|
|t:|1776219068
|move|p1a: Gliscor|Knock Off|p2a: MEGA KNIGHT
|-damage|p2a: MEGA KNIGHT|82/100
|-damage|p1a: Gliscor|72/100 tox|[from] item: Rocky Helmet|[of] p2a: MEGA KNIGHT
|-enditem|p2a: MEGA KNIGHT|Rocky Helmet|[from] move: Knock Off|[of] p1a: Gliscor
|move|p2a: MEGA KNIGHT|Brave Bird|p1a: Gliscor
|-damage|p1a: Gliscor|41/100 tox
|-damage|p2a: MEGA KNIGHT|73/100|[from] Recoil
|
|-heal|p1a: Gliscor|53/100 tox|[from] ability: Poison Heal
|upkeep
|turn|22
|
|t:|1776219081
|move|p1a: Gliscor|Protect|p1a: Gliscor
|-singleturn|p1a: Gliscor|Protect
|move|p2a: MEGA KNIGHT|Brave Bird|p1a: Gliscor
|-activate|p1a: Gliscor|move: Protect
|
|-heal|p1a: Gliscor|66/100 tox|[from] ability: Poison Heal
|upkeep
|turn|23
|
|t:|1776219089
|move|p1a: Gliscor|Knock Off|p2a: MEGA KNIGHT
|-damage|p2a: MEGA KNIGHT|64/100
|move|p2a: MEGA KNIGHT|Brave Bird|p1a: Gliscor
|-damage|p1a: Gliscor|35/100 tox
|-damage|p2a: MEGA KNIGHT|55/100|[from] Recoil
|
|-heal|p1a: Gliscor|48/100 tox|[from] ability: Poison Heal
|upkeep
|turn|24
|
|t:|1776219097
|move|p1a: Gliscor|Knock Off|p2a: MEGA KNIGHT
|-damage|p2a: MEGA KNIGHT|47/100
|move|p2a: MEGA KNIGHT|Roost|p2a: MEGA KNIGHT
|-heal|p2a: MEGA KNIGHT|97/100
|-singleturn|p2a: MEGA KNIGHT|move: Roost
|
|-heal|p1a: Gliscor|60/100 tox|[from] ability: Poison Heal
|upkeep
|turn|25
|
|t:|1776219125
|move|p1a: Gliscor|Knock Off|p2a: MEGA KNIGHT
|-damage|p2a: MEGA KNIGHT|88/100
|move|p2a: MEGA KNIGHT|Iron Defense|p2a: MEGA KNIGHT
|-boost|p2a: MEGA KNIGHT|def|2
|
|-heal|p1a: Gliscor|73/100 tox|[from] ability: Poison Heal
|upkeep
|turn|26
|
|t:|1776219131
|switch|p1a: Dragapult|Dragapult, F|100/100
|move|p2a: MEGA KNIGHT|U-turn|p1a: Dragapult
|-resisted|p1a: Dragapult
|-damage|p1a: Dragapult|91/100
|
|t:|1776219135
|switch|p2a: DreamNotFound|Darkrai|100/100|[from] U-turn
|-damage|p2a: DreamNotFound|88/100|[from] Stealth Rock
|
|upkeep
|turn|27
|
|t:|1776219145
|-terastallize|p2a: DreamNotFound|Dark
|move|p2a: DreamNotFound|Sucker Punch|p1a: Dragapult
|-supereffective|p1a: Dragapult
|-damage|p1a: Dragapult|0 fnt
|faint|p1a: Dragapult
|
|upkeep
|
|t:|1776219152
|switch|p1a: Gliscor|Gliscor, M|73/100 tox
|-damage|p1a: Gliscor|60/100 tox|[from] Stealth Rock
|turn|28
|
|t:|1776219155
|move|p2a: DreamNotFound|Ice Beam|p1a: Gliscor
|-supereffective|p1a: Gliscor
|-damage|p1a: Gliscor|0 fnt
|faint|p1a: Gliscor
|
|upkeep
|-message|lhoud52 forfeited.
|
|win|TinySkeleton
|raw|lhoud52's rating: 1163 &rarr; <strong>1135</strong><br />(-28 for losing)
|raw|TinySkeleton's rating: 1119 &rarr; <strong>1147</strong><br />(+28 for winning)
|l|☆lhoud52
|player|p1|
|c|☆TinySkeleton|ggs
