|html|<div class="broadcast-blue"><strong>[Gen 9] OU is currently suspecting Tera Blast! For information on how to participate check out the <a href="https://www.smogon.com/tools/suspects/view/200">suspect thread</a>.</strong></div>
|j|☆BBGFan19
|j|☆ZarrHaka
|t:|1776078868
|gametype|singles
|player|p1|BBGFan19|169|1158
|player|p2|ZarrHaka|pokemaniac|1180
|gen|9
|tier|[Gen 9] OU
|rated|
|rule|HP Percentage Mod: HP is shown in percentages
|rule|Endless Battle Clause: Forcing endless battles is banned
|rule|Species Clause: Limit one of each Pokémon
|rule|OHKO Clause: OHKO moves are banned
|rule|Evasion Items Clause: Evasion items are banned
|rule|Evasion Moves Clause: Evasion moves are banned
|rule|Evasion Abilities Clause: Evasion abilities are banned
|rule|Sleep Moves Clause: Sleep-inducing moves are banned
|clearpoke
|poke|p1|Lokix, M|
|poke|p1|Glimmora, F|
|poke|p1|Ogerpon-Wellspring, F|
|poke|p1|Gholdengo|
|poke|p1|Iron Valiant|
|poke|p1|Raging Bolt|
|poke|p2|Thundurus-Therian, M|
|poke|p2|Iron Crown|
|poke|p2|Meowscarada, M|
|poke|p2|Lycanroc-Midnight, F|
|poke|p2|Polteageist-Antique|
|poke|p2|Talonflame, M|
|teampreview
|inactive|Battle timer is ON: inactive players will automatically lose when time's up. (requested by ZarrHaka)
|
|t:|1776078890
|teamsize|p1|6
|teamsize|p2|6
|start
|switch|p1a: Lokist|Lokix, M|100/100
|switch|p2a: Polteageist|Polteageist-Antique|100/100
|turn|1
|
|t:|1776078908
|switch|p2a: Thundurus|Thundurus-Therian, M|100/100
|move|p1a: Lokist|Knock Off|p2a: Thundurus
|-damage|p2a: Thundurus|40/100
|-enditem|p2a: Thundurus|Choice Scarf|[from] move: Knock Off|[of] p1a: Lokist
|
|upkeep
|turn|2
|
|t:|1776078929
|move|p1a: Lokist|Sucker Punch|p2a: Thundurus
|-damage|p2a: Thundurus|0 fnt
|faint|p2a: Thundurus
|
|upkeep
|
|t:|1776078932
|switch|p2a: Lycanroc|Lycanroc-Midnight, F, shiny|100/100
|turn|3
|
|t:|1776078940
|move|p1a: Lokist|U-turn|p2a: Lycanroc
|-damage|p2a: Lycanroc|76/100
|
|t:|1776078945
|switch|p1a: Shimmer|Glimmora, F|100/100|[from] U-turn
|move|p2a: Lycanroc|Stone Edge|p1a: Shimmer
|-damage|p1a: Shimmer|63/100
|-activate|p1a: Shimmer|ability: Toxic Debris
|-sidestart|p2: ZarrHaka|move: Toxic Spikes
|
|upkeep
|turn|4
|
|t:|1776078955
|move|p1a: Shimmer|Stealth Rock|p2a: Lycanroc
|-sidestart|p2: ZarrHaka|move: Stealth Rock
|move|p2a: Lycanroc|Bulk Up|p2a: Lycanroc
|-boost|p2a: Lycanroc|atk|1
|-boost|p2a: Lycanroc|def|1
|
|upkeep
|turn|5
|
|t:|1776078964
|move|p1a: Shimmer|Mortal Spin|p2a: Lycanroc
|-resisted|p2a: Lycanroc
|-damage|p2a: Lycanroc|75/100
|-status|p2a: Lycanroc|psn
|move|p2a: Lycanroc|Stone Edge|p1a: Shimmer
|-damage|p1a: Shimmer|7/100
|-activate|p1a: Shimmer|ability: Toxic Debris
|-sidestart|p2: ZarrHaka|move: Toxic Spikes
|
|-damage|p2a: Lycanroc|62/100 psn|[from] psn
|upkeep
|turn|6
|
|t:|1776078976
|move|p2a: Lycanroc|Sucker Punch||[still]
|-fail|p2a: Lycanroc
|move|p1a: Shimmer|Spikes|p2a: Lycanroc
|-sidestart|p2: ZarrHaka|Spikes
|
|-damage|p2a: Lycanroc|50/100 psn|[from] psn
|upkeep
|turn|7
|
|t:|1776078982
|move|p1a: Shimmer|Spikes|p2a: Lycanroc
|-sidestart|p2: ZarrHaka|Spikes
|move|p2a: Lycanroc|Stone Edge|p1a: Shimmer
|-damage|p1a: Shimmer|0 fnt
|faint|p1a: Shimmer
|
|-damage|p2a: Lycanroc|38/100 psn|[from] psn
|upkeep
|
|t:|1776078994
|switch|p1a: Lokist|Lokix, M|100/100
|turn|8
|
|t:|1776079001
|move|p1a: Lokist|Knock Off|p2a: Lycanroc
|-damage|p2a: Lycanroc|16/100 psn
|-enditem|p2a: Lycanroc|Babiri Berry|[from] move: Knock Off|[of] p1a: Lokist
|move|p2a: Lycanroc|Stone Edge|p1a: Lokist
|-supereffective|p1a: Lokist
|-damage|p1a: Lokist|0 fnt
|faint|p1a: Lokist
|
|-damage|p2a: Lycanroc|3/100 psn|[from] psn
|upkeep
|
|t:|1776079016
|switch|p1a: BlockMyMix|Iron Valiant|100/100
|-enditem|p1a: BlockMyMix|Booster Energy
|-activate|p1a: BlockMyMix|ability: Quark Drive|[fromitem]
|-start|p1a: BlockMyMix|quarkdrivespe
|turn|9
|
|t:|1776079023
|move|p1a: BlockMyMix|Dazzling Gleam|p2a: Lycanroc
|-damage|p2a: Lycanroc|0 fnt
|faint|p2a: Lycanroc
|
|upkeep
|
|t:|1776079027
|switch|p2a: Talonflame|Talonflame, M|100/100
|turn|10
|
|t:|1776079041
|move|p2a: Talonflame|Defog|p1a: BlockMyMix
|-unboost|p1a: BlockMyMix|evasion|1
|-sideend|p2: ZarrHaka|Spikes|[from] move: Defog|[of] p2a: Talonflame
|-sideend|p2: ZarrHaka|Toxic Spikes|[from] move: Defog|[of] p2a: Talonflame
|-sideend|p2: ZarrHaka|Stealth Rock|[from] move: Defog|[of] p2a: Talonflame
|move|p1a: BlockMyMix|Psychic|p2a: Talonflame
|-damage|p2a: Talonflame|60/100
|
|upkeep
|turn|11
|
|t:|1776079051
|move|p1a: BlockMyMix|Psychic|p2a: Talonflame
|-damage|p2a: Talonflame|21/100
|-unboost|p2a: Talonflame|spd|1
|move|p2a: Talonflame|Will-O-Wisp|p1a: BlockMyMix
|-status|p1a: BlockMyMix|brn
|
|-damage|p1a: BlockMyMix|94/100 brn|[from] brn
|upkeep
|turn|12
|
|t:|1776079059
|switch|p2a: Meowscarada|Meowscarada, M|100/100
|move|p1a: BlockMyMix|Psychic|p2a: Meowscarada
|-immune|p2a: Meowscarada
|
|-damage|p1a: BlockMyMix|88/100 brn|[from] brn
|upkeep
|turn|13
|
|t:|1776079074
|-terastallize|p1a: BlockMyMix|Fairy
|move|p1a: BlockMyMix|Dazzling Gleam|p2a: Meowscarada
|-supereffective|p2a: Meowscarada
|-damage|p2a: Meowscarada|0 fnt
|faint|p2a: Meowscarada
|
|-damage|p1a: BlockMyMix|82/100 brn|[from] brn
|upkeep
|
|t:|1776079080
|switch|p2a: Polteageist|Polteageist-Antique|100/100
|turn|14
|
|t:|1776079089
|move|p1a: BlockMyMix|Dazzling Gleam|p2a: Polteageist
|-damage|p2a: Polteageist|73/100
|-start|p1a: BlockMyMix|Disable|Dazzling Gleam|[from] ability: Cursed Body|[of] p2a: Polteageist
|move|p2a: Polteageist|Shadow Ball|p1a: BlockMyMix
|-damage|p1a: BlockMyMix|0 fnt
|faint|p1a: BlockMyMix
|-end|p1a: BlockMyMix|Quark Drive|[silent]
|
|upkeep
|
|t:|1776079097
|switch|p1a: Okada|Gholdengo|100/100
|-item|p1a: Okada|Air Balloon
|turn|15
|
|t:|1776079104
|move|p1a: Okada|Shadow Ball|p2a: Polteageist
|-supereffective|p2a: Polteageist
|-damage|p2a: Polteageist|18/100
|move|p2a: Polteageist|Shadow Ball|p1a: Okada
|-supereffective|p1a: Okada
|-damage|p1a: Okada|0 fnt
|-enditem|p1a: Okada|Air Balloon
|faint|p1a: Okada
|
|upkeep
|c|☆BBGFan19|dude what is on your polteageist
|
|t:|1776079121
|switch|p1a: Tormentor|Ogerpon-Wellspring, F|100/100
|turn|16
|
|t:|1776079127
|move|p1a: Tormentor|Knock Off|p2a: Polteageist
|-supereffective|p2a: Polteageist
|-damage|p2a: Polteageist|0 fnt
|-start|p1a: Tormentor|Disable|Knock Off|[from] ability: Cursed Body|[of] p2a: Polteageist
|-enditem|p2a: Polteageist|Assault Vest|[from] move: Knock Off|[of] p1a: Tormentor
|faint|p2a: Polteageist
|
|upkeep
|
|t:|1776079130
|switch|p2a: Talonflame|Talonflame, M|21/100
|turn|17
|
|t:|1776079138
|move|p2a: Talonflame|Will-O-Wisp|p1a: Tormentor
|-status|p1a: Tormentor|brn
|move|p1a: Tormentor|Ivy Cudgel|p2a: Talonflame|[anim] Ivy Cudgel Water
|-supereffective|p2a: Talonflame
|-crit|p2a: Talonflame
|-damage|p2a: Talonflame|0 fnt
|faint|p2a: Talonflame
|
|-damage|p1a: Tormentor|95/100 brn|[from] brn
|upkeep
|
|t:|1776079143
|switch|p2a: Iron Crown|Iron Crown|100/100
|-enditem|p2a: Iron Crown|Booster Energy
|-activate|p2a: Iron Crown|ability: Quark Drive|[fromitem]
|-start|p2a: Iron Crown|quarkdrivedef
|turn|18
|
|t:|1776079157
|move|p1a: Tormentor|Ivy Cudgel|p2a: Iron Crown|[anim] Ivy Cudgel Water
|-crit|p2a: Iron Crown
|-damage|p2a: Iron Crown|76/100
|move|p2a: Iron Crown|Calm Mind|p2a: Iron Crown
|-boost|p2a: Iron Crown|spa|1
|-boost|p2a: Iron Crown|spd|1
|
|-damage|p1a: Tormentor|89/100 brn|[from] brn
|upkeep
|turn|19
|
|t:|1776079168
|move|p1a: Tormentor|Ivy Cudgel|p2a: Iron Crown|[anim] Ivy Cudgel Water
|-damage|p2a: Iron Crown|60/100
|move|p2a: Iron Crown|Psychic|p1a: Tormentor
|-damage|p1a: Tormentor|10/100 brn
|
|-damage|p1a: Tormentor|4/100 brn|[from] brn
|-end|p1a: Tormentor|Disable
|upkeep
|turn|20
|
|t:|1776079177
|move|p1a: Tormentor|Knock Off|p2a: Iron Crown
|-supereffective|p2a: Iron Crown
|-damage|p2a: Iron Crown|46/100
|move|p2a: Iron Crown|Calm Mind|p2a: Iron Crown
|-boost|p2a: Iron Crown|spa|1
|-boost|p2a: Iron Crown|spd|1
|
|-damage|p1a: Tormentor|0 fnt|[from] brn
|faint|p1a: Tormentor
|upkeep
|
|t:|1776079187
|switch|p1a: Up|Raging Bolt|100/100
|-enditem|p1a: Up|Booster Energy
|-activate|p1a: Up|ability: Protosynthesis|[fromitem]
|-start|p1a: Up|protosynthesisspa
|turn|21
|inactive|BBGFan19 has 120 seconds left.
|
|t:|1776079229
|move|p1a: Up|Thunderbolt|p2a: Iron Crown
|-damage|p2a: Iron Crown|16/100
|move|p2a: Iron Crown|Psychic|p1a: Up
|-damage|p1a: Up|21/100
|
|upkeep
|turn|22
|
|t:|1776079246
|move|p1a: Up|Thunderclap||[still]
|-fail|p1a: Up
|move|p2a: Iron Crown|Calm Mind|p2a: Iron Crown
|-boost|p2a: Iron Crown|spa|1
|-boost|p2a: Iron Crown|spd|1
|
|upkeep
|turn|23
|
|t:|1776079251
|move|p1a: Up|Thunderbolt|p2a: Iron Crown
|-damage|p2a: Iron Crown|0 fnt
|faint|p2a: Iron Crown
|-end|p2a: Iron Crown|Quark Drive|[silent]
|
|win|BBGFan19
|raw|BBGFan19's rating: 1158 &rarr; <strong>1185</strong><br />(+27 for winning)
|raw|ZarrHaka's rating: 1180 &rarr; <strong>1153</strong><br />(-27 for losing)
|l|☆ZarrHaka
|player|p2|
|l|☆BBGFan19
|player|p1|
