|html|<div class="broadcast-blue"><strong>[Gen 9] OU is currently suspecting Tera Blast! For information on how to participate check out the <a href="https://www.smogon.com/tools/suspects/view/200">suspect thread</a>.</strong></div>
|j|☆leon-3115
|j|☆De_Owner
|t:|1776145493
|gametype|singles
|player|p1|leon-3115|170|1133
|player|p2|De_Owner|caitlin|1204
|gen|9
|tier|[Gen 9] OU
|rated|
|rule|HP Percentage Mod: HP is shown in percentages
|rule|Endless Battle Clause: Forcing endless battles is banned
|rule|Species Clause: Limit one of each Pokémon
|rule|OHKO Clause: OHKO moves are banned
|rule|Evasion Items Clause: Evasion items are banned
|rule|Evasion Moves Clause: Evasion moves are banned
|rule|Evasion Abilities Clause: Evasion abilities are banned
|rule|Sleep Moves Clause: Sleep-inducing moves are banned
|clearpoke
|poke|p1|Haxorus, M|
|poke|p1|Conkeldurr, M|
|poke|p1|Gengar, F|
|poke|p1|Skarmory, F|
|poke|p1|Excadrill, F|
|poke|p1|Greninja-*, M|
|poke|p2|Dondozo, F|
|poke|p2|Corviknight, M|
|poke|p2|Weezing-Galar, F|
|poke|p2|Gliscor, F|
|poke|p2|Toxapex, M|
|poke|p2|Grimmsnarl, M|
|teampreview
|
|t:|1776145500
|teamsize|p1|6
|teamsize|p2|6
|start
|switch|p1a: Greninja|Greninja, M|100/100
|switch|p2a: Grimmsnarl|Grimmsnarl, M|100/100
|turn|1
|
|t:|1776145513
|move|p2a: Grimmsnarl|Light Screen|p2a: Grimmsnarl
|-sidestart|p2: De_Owner|move: Light Screen
|move|p1a: Greninja|U-turn|p2a: Grimmsnarl
|-start|p1a: Greninja|typechange|Bug|[from] ability: Protean
|-damage|p2a: Grimmsnarl|75/100
|
|t:|1776145525
|switch|p1a: Excadrill|Excadrill, F|100/100|[from] U-turn
|
|upkeep
|turn|2
|
|t:|1776145531
|move|p2a: Grimmsnarl|Reflect|p2a: Grimmsnarl
|-sidestart|p2: De_Owner|Reflect
|move|p1a: Excadrill|Iron Head|p2a: Grimmsnarl
|-supereffective|p2a: Grimmsnarl
|-damage|p2a: Grimmsnarl|19/100
|
|upkeep
|turn|3
|
|t:|1776145537
|move|p2a: Grimmsnarl|Parting Shot|p1a: Excadrill
|-unboost|p1a: Excadrill|atk|1
|-unboost|p1a: Excadrill|spa|1
|
|t:|1776145541
|switch|p2a: Weezing|Weezing-Galar, F|100/100|[from] Parting Shot
|-ability|p2a: Weezing|Neutralizing Gas
|move|p1a: Excadrill|Rock Slide|p2a: Weezing
|-damage|p2a: Weezing|95/100
|
|upkeep
|turn|4
|
|t:|1776145555
|move|p1a: Excadrill|Earthquake|p2a: Weezing
|-supereffective|p2a: Weezing
|-damage|p2a: Weezing|73/100
|move|p2a: Weezing|Will-O-Wisp|p1a: Excadrill
|-status|p1a: Excadrill|brn
|
|-damage|p1a: Excadrill|94/100 brn|[from] brn
|upkeep
|turn|5
|
|t:|1776145566
|move|p1a: Excadrill|Earthquake|p2a: Weezing
|-supereffective|p2a: Weezing
|-damage|p2a: Weezing|61/100
|move|p2a: Weezing|Toxic Spikes|p1a: Excadrill
|-sidestart|p1: leon-3115|move: Toxic Spikes
|
|-damage|p1a: Excadrill|88/100 brn|[from] brn
|upkeep
|turn|6
|
|t:|1776145576
|move|p1a: Excadrill|Rapid Spin|p2a: Weezing
|-damage|p2a: Weezing|59/100
|-boost|p1a: Excadrill|spe|1
|-sideend|p1: leon-3115|Toxic Spikes|[from] move: Rapid Spin|[of] p1a: Excadrill
|move|p2a: Weezing|Toxic Spikes|p1a: Excadrill
|-sidestart|p1: leon-3115|move: Toxic Spikes
|
|-damage|p1a: Excadrill|82/100 brn|[from] brn
|upkeep
|turn|7
|
|t:|1776145587
|move|p1a: Excadrill|Rapid Spin|p2a: Weezing
|-damage|p2a: Weezing|57/100
|-boost|p1a: Excadrill|spe|1
|-sideend|p1: leon-3115|Toxic Spikes|[from] move: Rapid Spin|[of] p1a: Excadrill
|move|p2a: Weezing|Toxic Spikes|p1a: Excadrill
|-sidestart|p1: leon-3115|move: Toxic Spikes
|
|-damage|p1a: Excadrill|76/100 brn|[from] brn
|upkeep
|turn|8
|
|t:|1776145605
|-end|p2a: Weezing|ability: Neutralizing Gas
|switch|p2a: Gliscor|Gliscor, F|100/100
|move|p1a: Excadrill|Rapid Spin|p2a: Gliscor
|-damage|p2a: Gliscor|98/100
|-boost|p1a: Excadrill|spe|1
|-sideend|p1: leon-3115|Toxic Spikes|[from] move: Rapid Spin|[of] p1a: Excadrill
|
|-damage|p1a: Excadrill|70/100 brn|[from] brn
|-sideend|p2: De_Owner|move: Light Screen
|-status|p2a: Gliscor|tox|[from] item: Toxic Orb
|upkeep
|turn|9
|
|t:|1776145620
|switch|p1a: Greninja|Greninja, M|100/100
|move|p2a: Gliscor|Protect||[still]
|-fail|p2a: Gliscor
|
|-heal|p2a: Gliscor|100/100 tox|[from] ability: Poison Heal
|-sideend|p2: De_Owner|Reflect
|upkeep
|turn|10
|
|t:|1776145631
|switch|p2a: Toxapex|Toxapex, M|100/100
|move|p1a: Greninja|U-turn|p2a: Toxapex
|-start|p1a: Greninja|typechange|Bug|[from] ability: Protean
|-resisted|p2a: Toxapex
|-damage|p2a: Toxapex|92/100
|
|t:|1776145646
|switch|p1a: Skarmory|Skarmory, F|100/100|[from] U-turn
|
|-heal|p2a: Toxapex|98/100|[from] item: Leftovers
|upkeep
|turn|11
|
|t:|1776145660
|switch|p2a: Weezing|Weezing-Galar, F|57/100
|-ability|p2a: Weezing|Neutralizing Gas
|move|p1a: Skarmory|Taunt|p2a: Weezing
|-start|p2a: Weezing|move: Taunt
|
|upkeep
|turn|12
|
|t:|1776145673
|-end|p2a: Weezing|ability: Neutralizing Gas
|switch|p2a: Dondozo|Dondozo, F|100/100
|move|p1a: Skarmory|Stealth Rock|p2a: Dondozo
|-sidestart|p2: De_Owner|move: Stealth Rock
|
|upkeep
|turn|13
|
|t:|1776145689
|move|p1a: Skarmory|Brave Bird|p2a: Dondozo
|-damage|p2a: Dondozo|85/100
|-damage|p1a: Skarmory|93/100|[from] Recoil
|move|p2a: Dondozo|Body Press|p1a: Skarmory
|-damage|p1a: Skarmory|77/100
|-damage|p2a: Dondozo|68/100|[from] item: Rocky Helmet|[of] p1a: Skarmory
|
|-heal|p2a: Dondozo|75/100|[from] item: Leftovers
|upkeep
|turn|14
|
|t:|1776145701
|move|p1a: Skarmory|Brave Bird|p2a: Dondozo
|-damage|p2a: Dondozo|59/100
|-damage|p1a: Skarmory|69/100|[from] Recoil
|move|p2a: Dondozo|Body Press|p1a: Skarmory
|-damage|p1a: Skarmory|53/100
|-damage|p2a: Dondozo|42/100|[from] item: Rocky Helmet|[of] p1a: Skarmory
|
|-heal|p2a: Dondozo|49/100|[from] item: Leftovers
|upkeep
|turn|15
|
|t:|1776145712
|move|p1a: Skarmory|Roost|p1a: Skarmory
|-heal|p1a: Skarmory|100/100
|-singleturn|p1a: Skarmory|move: Roost
|move|p2a: Dondozo|Rest|p2a: Dondozo
|-status|p2a: Dondozo|slp|[from] move: Rest
|-heal|p2a: Dondozo|100/100 slp|[silent]
|
|upkeep
|turn|16
|
|t:|1776145722
|move|p1a: Skarmory|Brave Bird|p2a: Dondozo
|-damage|p2a: Dondozo|84/100 slp
|-damage|p1a: Skarmory|92/100|[from] Recoil
|cant|p2a: Dondozo|slp
|move|p2a: Dondozo|Sleep Talk|p2a: Dondozo
|move|p2a: Dondozo|Body Press|p1a: Skarmory|[from] move: Sleep Talk
|-damage|p1a: Skarmory|75/100
|-damage|p2a: Dondozo|68/100 slp|[from] item: Rocky Helmet|[of] p1a: Skarmory
|
|-heal|p2a: Dondozo|74/100 slp|[from] item: Leftovers
|upkeep
|turn|17
|
|t:|1776145736
|move|p1a: Skarmory|Brave Bird|p2a: Dondozo
|-damage|p2a: Dondozo|59/100 slp
|-damage|p1a: Skarmory|68/100|[from] Recoil
|cant|p2a: Dondozo|slp
|move|p2a: Dondozo|Sleep Talk|p2a: Dondozo
|move|p2a: Dondozo|Avalanche|p1a: Skarmory|[from] move: Sleep Talk
|-damage|p1a: Skarmory|52/100
|-damage|p2a: Dondozo|43/100 slp|[from] item: Rocky Helmet|[of] p1a: Skarmory
|
|-heal|p2a: Dondozo|49/100 slp|[from] item: Leftovers
|upkeep
|turn|18
|
|t:|1776145750
|move|p1a: Skarmory|Roost|p1a: Skarmory
|-heal|p1a: Skarmory|100/100
|-singleturn|p1a: Skarmory|move: Roost
|-curestatus|p2a: Dondozo|slp|[msg]
|move|p2a: Dondozo|Rest|p2a: Dondozo
|-status|p2a: Dondozo|slp|[from] move: Rest
|-heal|p2a: Dondozo|100/100 slp|[silent]
|
|upkeep
|turn|19
|
|t:|1776145763
|switch|p1a: Conkeldurr|Conkeldurr, M|100/100
|cant|p2a: Dondozo|slp
|move|p2a: Dondozo|Sleep Talk|p2a: Dondozo
|move|p2a: Dondozo|Avalanche|p1a: Conkeldurr|[from] move: Sleep Talk
|-damage|p1a: Conkeldurr|88/100
|
|upkeep
|turn|20
|
|t:|1776145774
|move|p1a: Conkeldurr|Knock Off|p2a: Dondozo
|-damage|p2a: Dondozo|84/100 slp
|-enditem|p2a: Dondozo|Leftovers|[from] move: Knock Off|[of] p1a: Conkeldurr
|cant|p2a: Dondozo|slp
|move|p2a: Dondozo|Sleep Talk|p2a: Dondozo
|move|p2a: Dondozo|Avalanche|p1a: Conkeldurr|[from] move: Sleep Talk
|-damage|p1a: Conkeldurr|64/100
|
|upkeep
|turn|21
|
|t:|1776145784
|switch|p2a: Weezing|Weezing-Galar, F|57/100
|-ability|p2a: Weezing|Neutralizing Gas
|move|p1a: Conkeldurr|Drain Punch|p2a: Weezing
|-resisted|p2a: Weezing
|-damage|p2a: Weezing|49/100
|-heal|p1a: Conkeldurr|67/100|[from] drain|[of] p2a: Weezing
|
|upkeep
|turn|22
|
|t:|1776145800
|switch|p1a: Skarmory|Skarmory, F|100/100
|move|p2a: Weezing|Will-O-Wisp|p1a: Skarmory
|-status|p1a: Skarmory|brn
|
|-damage|p1a: Skarmory|95/100 brn|[from] brn
|upkeep
|turn|23
|
|t:|1776145809
|move|p1a: Skarmory|Taunt|p2a: Weezing
|-start|p2a: Weezing|move: Taunt
|cant|p2a: Weezing|move: Taunt|Pain Split
|
|-damage|p1a: Skarmory|89/100 brn|[from] brn
|upkeep
|turn|24
|
|t:|1776145821
|switch|p1a: Haxorus|Haxorus, M|100/100
|-end|p2a: Weezing|ability: Neutralizing Gas
|-ability|p1a: Haxorus|Mold Breaker
|switch|p2a: Grimmsnarl|Grimmsnarl, M|19/100
|-damage|p2a: Grimmsnarl|7/100|[from] Stealth Rock
|
|upkeep
|turn|25
|
|t:|1776145834
|move|p2a: Grimmsnarl|Reflect|p2a: Grimmsnarl
|-sidestart|p2: De_Owner|Reflect
|move|p1a: Haxorus|Dragon Dance|p1a: Haxorus
|-boost|p1a: Haxorus|atk|1
|-boost|p1a: Haxorus|spe|1
|
|upkeep
|turn|26
|
|t:|1776145840
|move|p2a: Grimmsnarl|Parting Shot|p1a: Haxorus
|-unboost|p1a: Haxorus|atk|1
|-unboost|p1a: Haxorus|spa|1
|
|t:|1776145846
|switch|p2a: Gliscor|Gliscor, F|100/100 tox|[from] Parting Shot
|-damage|p2a: Gliscor|88/100 tox|[from] Stealth Rock
|move|p1a: Haxorus|Dragon Dance|p1a: Haxorus
|-boost|p1a: Haxorus|atk|1
|-boost|p1a: Haxorus|spe|1
|
|-heal|p2a: Gliscor|100/100 tox|[from] ability: Poison Heal
|upkeep
|turn|27
|
|t:|1776145857
|move|p1a: Haxorus|Dragon Claw|p2a: Gliscor
|-damage|p2a: Gliscor|75/100 tox
|move|p2a: Gliscor|Knock Off|p1a: Haxorus
|-damage|p1a: Haxorus|72/100
|-enditem|p1a: Haxorus|Lum Berry|[from] move: Knock Off|[of] p2a: Gliscor
|
|-heal|p2a: Gliscor|87/100 tox|[from] ability: Poison Heal
|upkeep
|turn|28
|
|t:|1776145867
|move|p2a: Gliscor|Protect|p2a: Gliscor
|-singleturn|p2a: Gliscor|Protect
|move|p1a: Haxorus|Dragon Claw|p2a: Gliscor
|-activate|p2a: Gliscor|move: Protect
|
|-heal|p2a: Gliscor|99/100 tox|[from] ability: Poison Heal
|upkeep
|turn|29
|
|t:|1776145876
|move|p1a: Haxorus|Dragon Claw|p2a: Gliscor
|-crit|p2a: Gliscor
|-damage|p2a: Gliscor|25/100 tox
|move|p2a: Gliscor|Earthquake|p1a: Haxorus
|-damage|p1a: Haxorus|27/100
|
|-heal|p2a: Gliscor|38/100 tox|[from] ability: Poison Heal
|upkeep
|turn|30
|
|t:|1776145885
|move|p2a: Gliscor|Protect|p2a: Gliscor
|-singleturn|p2a: Gliscor|Protect
|move|p1a: Haxorus|Dragon Dance|p1a: Haxorus
|-boost|p1a: Haxorus|atk|1
|-boost|p1a: Haxorus|spe|1
|
|-heal|p2a: Gliscor|50/100 tox|[from] ability: Poison Heal
|upkeep
|turn|31
|
|t:|1776145894
|move|p1a: Haxorus|Dragon Claw|p2a: Gliscor
|-damage|p2a: Gliscor|15/100 tox
|move|p2a: Gliscor|Earthquake|p1a: Haxorus
|-damage|p1a: Haxorus|0 fnt
|faint|p1a: Haxorus
|
|-heal|p2a: Gliscor|27/100 tox|[from] ability: Poison Heal
|upkeep
|
|t:|1776145911
|switch|p1a: Greninja|Greninja, M|100/100
|turn|32
|
|t:|1776145915
|move|p2a: Gliscor|Protect|p2a: Gliscor
|-singleturn|p2a: Gliscor|Protect
|move|p1a: Greninja|Ice Beam|p2a: Gliscor
|-start|p1a: Greninja|typechange|Ice|[from] ability: Protean
|-activate|p2a: Gliscor|move: Protect
|
|-heal|p2a: Gliscor|40/100 tox|[from] ability: Poison Heal
|-sideend|p2: De_Owner|Reflect
|upkeep
|turn|33
|
|t:|1776145926
|switch|p2a: Dondozo|Dondozo, F|84/100 slp
|-damage|p2a: Dondozo|72/100 slp|[from] Stealth Rock
|move|p1a: Greninja|Ice Beam|p2a: Dondozo
|-resisted|p2a: Dondozo
|-damage|p2a: Dondozo|54/100 slp
|
|upkeep
|turn|34
|
|t:|1776145935
|move|p1a: Greninja|U-turn|p2a: Dondozo
|-damage|p2a: Dondozo|48/100 slp
|
|t:|1776145938
|switch|p1a: Skarmory|Skarmory, F|89/100 brn|[from] U-turn
|-curestatus|p2a: Dondozo|slp|[msg]
|move|p2a: Dondozo|Body Press|p1a: Skarmory
|-damage|p1a: Skarmory|73/100 brn
|-damage|p2a: Dondozo|31/100|[from] item: Rocky Helmet|[of] p1a: Skarmory
|
|-damage|p1a: Skarmory|67/100 brn|[from] brn
|upkeep
|turn|35
|
|t:|1776145951
|move|p1a: Skarmory|Brave Bird|p2a: Dondozo
|-damage|p2a: Dondozo|24/100
|-damage|p1a: Skarmory|64/100 brn|[from] Recoil
|move|p2a: Dondozo|Rest|p2a: Dondozo
|-status|p2a: Dondozo|slp|[from] move: Rest
|-heal|p2a: Dondozo|100/100 slp|[silent]
|
|-damage|p1a: Skarmory|58/100 brn|[from] brn
|upkeep
|turn|36
|c|☆leon-3115|Cmn bro fuckiingh pusyi
|
|t:|1776145973
|move|p1a: Skarmory|Brave Bird|p2a: Dondozo
|-damage|p2a: Dondozo|93/100 slp
|-damage|p1a: Skarmory|54/100 brn|[from] Recoil
|cant|p2a: Dondozo|slp
|move|p2a: Dondozo|Sleep Talk|p2a: Dondozo
|move|p2a: Dondozo|Avalanche|p1a: Skarmory|[from] move: Sleep Talk
|-damage|p1a: Skarmory|39/100 brn
|-damage|p2a: Dondozo|76/100 slp|[from] item: Rocky Helmet|[of] p1a: Skarmory
|
|-damage|p1a: Skarmory|33/100 brn|[from] brn
|upkeep
|turn|37
|
|t:|1776145994
|move|p1a: Skarmory|Taunt|p2a: Dondozo
|-start|p2a: Dondozo|move: Taunt
|cant|p2a: Dondozo|slp
|cant|p2a: Dondozo|move: Taunt|Sleep Talk
|
|-damage|p1a: Skarmory|27/100 brn|[from] brn
|upkeep
|turn|38
|
|t:|1776146003
|move|p1a: Skarmory|Roost|p1a: Skarmory
|-heal|p1a: Skarmory|77/100 brn
|-singleturn|p1a: Skarmory|move: Roost
|-curestatus|p2a: Dondozo|slp|[msg]
|move|p2a: Dondozo|Body Press|p1a: Skarmory
|-supereffective|p1a: Skarmory
|-damage|p1a: Skarmory|45/100 brn
|-damage|p2a: Dondozo|60/100|[from] item: Rocky Helmet|[of] p1a: Skarmory
|
|-damage|p1a: Skarmory|39/100 brn|[from] brn
|upkeep
|turn|39
|
|t:|1776146015
|move|p1a: Skarmory|Roost|p1a: Skarmory
|-heal|p1a: Skarmory|89/100 brn
|-singleturn|p1a: Skarmory|move: Roost
|move|p2a: Dondozo|Body Press|p1a: Skarmory
|-supereffective|p1a: Skarmory
|-crit|p1a: Skarmory
|-damage|p1a: Skarmory|42/100 brn
|-damage|p2a: Dondozo|43/100|[from] item: Rocky Helmet|[of] p1a: Skarmory
|
|-damage|p1a: Skarmory|36/100 brn|[from] brn
|-end|p2a: Dondozo|move: Taunt
|upkeep
|turn|40
|
|t:|1776146027
|move|p1a: Skarmory|Taunt|p2a: Dondozo
|-start|p2a: Dondozo|move: Taunt
|cant|p2a: Dondozo|move: Taunt|Rest
|
|-damage|p1a: Skarmory|30/100 brn|[from] brn
|upkeep
|turn|41
|
|t:|1776146034
|switch|p2a: Weezing|Weezing-Galar, F|49/100
|-ability|p2a: Weezing|Neutralizing Gas
|move|p1a: Skarmory|Roost|p1a: Skarmory
|-heal|p1a: Skarmory|80/100 brn
|-singleturn|p1a: Skarmory|move: Roost
|
|-damage|p1a: Skarmory|74/100 brn|[from] brn
|upkeep
|turn|42
|
|t:|1776146045
|move|p1a: Skarmory|Taunt|p2a: Weezing
|-start|p2a: Weezing|move: Taunt
|cant|p2a: Weezing|move: Taunt|Defog
|
|-damage|p1a: Skarmory|68/100 brn|[from] brn
|upkeep
|turn|43
|
|t:|1776146054
|-end|p2a: Weezing|ability: Neutralizing Gas
|switch|p2a: Corviknight|Corviknight, M, shiny|100/100
|-damage|p2a: Corviknight|88/100|[from] Stealth Rock
|-ability|p2a: Corviknight|Pressure
|move|p1a: Skarmory|Brave Bird|p2a: Corviknight
|-resisted|p2a: Corviknight
|-damage|p2a: Corviknight|83/100
|-damage|p1a: Skarmory|66/100 brn|[from] Recoil
|
|-heal|p2a: Corviknight|89/100|[from] item: Leftovers
|-damage|p1a: Skarmory|60/100 brn|[from] brn
|upkeep
|turn|44
|
|t:|1776146068
|move|p1a: Skarmory|Taunt|p2a: Corviknight
|-start|p2a: Corviknight|move: Taunt
|cant|p2a: Corviknight|move: Taunt|Defog
|
|-heal|p2a: Corviknight|96/100|[from] item: Leftovers
|-damage|p1a: Skarmory|54/100 brn|[from] brn
|upkeep
|turn|45
|
|t:|1776146077
|switch|p2a: Gliscor|Gliscor, F|40/100 tox
|-damage|p2a: Gliscor|27/100 tox|[from] Stealth Rock
|move|p1a: Skarmory|Roost|p1a: Skarmory
|-heal|p1a: Skarmory|100/100 brn
|-singleturn|p1a: Skarmory|move: Roost
|
|-heal|p2a: Gliscor|40/100 tox|[from] ability: Poison Heal
|-damage|p1a: Skarmory|95/100 brn|[from] brn
|upkeep
|turn|46
|
|t:|1776146093
|switch|p1a: Greninja|Greninja, M|100/100
|move|p2a: Gliscor|Protect||[still]
|-fail|p2a: Gliscor
|
|-heal|p2a: Gliscor|52/100 tox|[from] ability: Poison Heal
|upkeep
|turn|47
|
|t:|1776146106
|switch|p2a: Dondozo|Dondozo, F|43/100
|-damage|p2a: Dondozo|31/100|[from] Stealth Rock
|move|p1a: Greninja|Sludge Wave|p2a: Dondozo
|-start|p1a: Greninja|typechange|Poison|[from] ability: Protean
|-damage|p2a: Dondozo|0 fnt
|faint|p2a: Dondozo
|
|upkeep
|
|t:|1776146120
|switch|p2a: Grimmsnarl|Grimmsnarl, M|7/100
|-damage|p2a: Grimmsnarl|0 fnt|[from] Stealth Rock
|faint|p2a: Grimmsnarl
|
|t:|1776146130
|switch|p2a: Toxapex|Toxapex, M|100/100
|-damage|p2a: Toxapex|88/100|[from] Stealth Rock
|turn|48
|
|t:|1776146138
|move|p2a: Toxapex|Baneful Bunker|p2a: Toxapex
|-singleturn|p2a: Toxapex|move: Protect
|move|p1a: Greninja|U-turn|p2a: Toxapex
|-activate|p2a: Toxapex|move: Protect
|
|-heal|p2a: Toxapex|94/100|[from] item: Leftovers
|upkeep
|turn|49
|
|t:|1776146156
|move|p1a: Greninja|U-turn|p2a: Toxapex
|-resisted|p2a: Toxapex
|-damage|p2a: Toxapex|89/100
|
|t:|1776146162
|switch|p1a: Skarmory|Skarmory, F|95/100 brn|[from] U-turn
|move|p2a: Toxapex|Toxic||[still]
|-fail|p2a: Toxapex
|
|-heal|p2a: Toxapex|95/100|[from] item: Leftovers
|-damage|p1a: Skarmory|89/100 brn|[from] brn
|upkeep
|turn|50
|
|t:|1776146172
|switch|p2a: Gliscor|Gliscor, F|52/100 tox
|-damage|p2a: Gliscor|40/100 tox|[from] Stealth Rock
|move|p1a: Skarmory|Taunt|p2a: Gliscor
|-start|p2a: Gliscor|move: Taunt
|
|-heal|p2a: Gliscor|52/100 tox|[from] ability: Poison Heal
|-damage|p1a: Skarmory|83/100 brn|[from] brn
|upkeep
|turn|51
|
|t:|1776146184
|move|p2a: Gliscor|Knock Off|p1a: Skarmory
|-damage|p1a: Skarmory|70/100 brn
|-damage|p2a: Gliscor|36/100 tox|[from] item: Rocky Helmet|[of] p1a: Skarmory
|-enditem|p1a: Skarmory|Rocky Helmet|[from] move: Knock Off|[of] p2a: Gliscor
|move|p1a: Skarmory|Brave Bird|p2a: Gliscor
|-damage|p2a: Gliscor|22/100 tox
|-damage|p1a: Skarmory|65/100 brn|[from] Recoil
|
|-heal|p2a: Gliscor|35/100 tox|[from] ability: Poison Heal
|-damage|p1a: Skarmory|59/100 brn|[from] brn
|upkeep
|turn|52
|
|t:|1776146197
|switch|p1a: Gengar|Gengar, F|100/100
|move|p2a: Gliscor|Knock Off|p1a: Gengar
|-supereffective|p1a: Gengar
|-damage|p1a: Gengar|22/100
|-enditem|p1a: Gengar|Focus Sash|[from] move: Knock Off|[of] p2a: Gliscor
|
|-heal|p2a: Gliscor|47/100 tox|[from] ability: Poison Heal
|-end|p2a: Gliscor|move: Taunt
|upkeep
|turn|53
|
|t:|1776146209
|move|p1a: Gengar|Shadow Ball|p2a: Gliscor
|-damage|p2a: Gliscor|15/100 tox
|move|p2a: Gliscor|Knock Off|p1a: Gengar
|-supereffective|p1a: Gengar
|-damage|p1a: Gengar|0 fnt
|-start|p2a: Gliscor|Disable|Knock Off|[from] ability: Cursed Body|[of] p1a: Gengar
|faint|p1a: Gengar
|
|-heal|p2a: Gliscor|27/100 tox|[from] ability: Poison Heal
|upkeep
|
|t:|1776146220
|switch|p1a: Greninja|Greninja, M|100/100
|turn|54
|
|t:|1776146225
|move|p2a: Gliscor|Protect|p2a: Gliscor
|-singleturn|p2a: Gliscor|Protect
|move|p1a: Greninja|Ice Beam|p2a: Gliscor
|-start|p1a: Greninja|typechange|Ice|[from] ability: Protean
|-activate|p2a: Gliscor|move: Protect
|
|-heal|p2a: Gliscor|40/100 tox|[from] ability: Poison Heal
|upkeep
|turn|55
|
|t:|1776146236
|switch|p2a: Toxapex|Toxapex, M|100/100
|-damage|p2a: Toxapex|88/100|[from] Stealth Rock
|move|p1a: Greninja|U-turn|p2a: Toxapex
|-resisted|p2a: Toxapex
|-damage|p2a: Toxapex|83/100
|
|t:|1776146242
|switch|p1a: Excadrill|Excadrill, F|70/100 brn|[from] U-turn
|
|-heal|p2a: Toxapex|89/100|[from] item: Leftovers
|-damage|p1a: Excadrill|64/100 brn|[from] brn
|upkeep
|turn|56
|
|t:|1776146250
|switch|p2a: Corviknight|Corviknight, M, shiny|96/100
|-damage|p2a: Corviknight|83/100|[from] Stealth Rock
|-ability|p2a: Corviknight|Pressure
|move|p1a: Excadrill|Rock Slide|p2a: Corviknight
|-damage|p2a: Corviknight|75/100
|
|-heal|p2a: Corviknight|81/100|[from] item: Leftovers
|-damage|p1a: Excadrill|58/100 brn|[from] brn
|upkeep
|turn|57
|
|t:|1776146270
|move|p1a: Excadrill|Rock Slide|p2a: Corviknight
|-damage|p2a: Corviknight|73/100
|move|p2a: Corviknight|Iron Defense|p2a: Corviknight
|-boost|p2a: Corviknight|def|2
|
|-heal|p2a: Corviknight|79/100|[from] item: Leftovers
|-damage|p1a: Excadrill|52/100 brn|[from] brn
|upkeep
|turn|58
|
|t:|1776146280
|switch|p1a: Greninja|Greninja, M|100/100
|move|p2a: Corviknight|Body Press|p1a: Greninja
|-supereffective|p1a: Greninja
|-damage|p1a: Greninja|0 fnt
|faint|p1a: Greninja
|
|-heal|p2a: Corviknight|86/100|[from] item: Leftovers
|upkeep
|-message|leon-3115 forfeited.
|
|win|De_Owner
