|html|<div class="broadcast-blue"><strong>[Gen 9] OU is currently suspecting Tera Blast! For information on how to participate check out the <a href="https://www.smogon.com/tools/suspects/view/200">suspect thread</a>.</strong></div>
|j|☆Ares_1997
|j|☆Mawile441
|t:|1776103551
|gametype|singles
|player|p1|Ares_1997|265|1508
|player|p2|Mawile441|265|1461
|gen|9
|tier|[Gen 9] OU
|rated|
|rule|HP Percentage Mod: HP is shown in percentages
|rule|Endless Battle Clause: Forcing endless battles is banned
|rule|Species Clause: Limit one of each Pokémon
|rule|OHKO Clause: OHKO moves are banned
|rule|Evasion Items Clause: Evasion items are banned
|rule|Evasion Moves Clause: Evasion moves are banned
|rule|Evasion Abilities Clause: Evasion abilities are banned
|rule|Sleep Moves Clause: Sleep-inducing moves are banned
|clearpoke
|poke|p1|Iron Crown|
|poke|p1|Enamorus, F|
|poke|p1|Great Tusk|
|poke|p1|Probopass, F|
|poke|p1|Deoxys-Speed|
|poke|p1|Dragapult, M|
|poke|p2|Kingambit, F|
|poke|p2|Zapdos|
|poke|p2|Walking Wake|
|poke|p2|Skarmory, F|
|poke|p2|Alomomola, M|
|poke|p2|Lilligant-Hisui, F|
|teampreview
|
|t:|1776103563
|teamsize|p1|6
|teamsize|p2|6
|start
|switch|p1a: Deoxys|Deoxys-Speed|100/100
|switch|p2a: Kingambit|Kingambit, F, shiny|100/100
|-ability|p1a: Deoxys|Pressure
|turn|1
|
|t:|1776103570
|switch|p1a: Probopass|Probopass, F|100/100
|move|p2a: Kingambit|Stealth Rock|p1a: Probopass
|-sidestart|p1: Ares_1997|move: Stealth Rock
|
|upkeep
|turn|2
|
|t:|1776103580
|move|p2a: Kingambit|Kowtow Cleave|p1a: Probopass
|-damage|p1a: Probopass|71/100
|-damage|p2a: Kingambit|84/100|[from] item: Rocky Helmet|[of] p1a: Probopass
|move|p1a: Probopass|Body Press|p2a: Kingambit
|-supereffective|p2a: Kingambit
|-damage|p2a: Kingambit|0 fnt
|faint|p2a: Kingambit
|
|upkeep
|
|t:|1776103608
|switch|p2a: Skarmory|Skarmory, F, shiny|100/100
|turn|3
|
|t:|1776103624
|move|p2a: Skarmory|Swords Dance|p2a: Skarmory
|-boost|p2a: Skarmory|atk|2
|move|p1a: Probopass|Thunder Wave|p2a: Skarmory|[miss]
|-miss|p1a: Probopass|p2a: Skarmory
|
|upkeep
|turn|4
|
|t:|1776103630
|move|p2a: Skarmory|Drill Run|p1a: Probopass
|-supereffective|p1a: Probopass
|-damage|p1a: Probopass|0 fnt
|-damage|p2a: Skarmory|84/100|[from] item: Rocky Helmet|[of] p1a: Probopass
|faint|p1a: Probopass
|-damage|p2a: Skarmory|74/100|[from] item: Life Orb
|
|upkeep
|
|t:|1776103642
|switch|p1a: Deoxys|Deoxys-Speed|100/100
|-damage|p1a: Deoxys|88/100|[from] Stealth Rock
|-ability|p1a: Deoxys|Pressure
|turn|5
|
|t:|1776103647
|move|p1a: Deoxys|Knock Off|p2a: Skarmory
|-damage|p2a: Skarmory|50/100
|-ability|p2a: Skarmory|Weak Armor|boost
|-unboost|p2a: Skarmory|def|1
|-boost|p2a: Skarmory|spe|2
|-enditem|p2a: Skarmory|Life Orb|[from] move: Knock Off|[of] p1a: Deoxys
|move|p2a: Skarmory|Drill Peck|p1a: Deoxys
|-damage|p1a: Deoxys|0 fnt
|faint|p1a: Deoxys
|
|upkeep
|
|t:|1776103679
|switch|p1a: Great Tusk|Great Tusk|100/100
|-damage|p1a: Great Tusk|98/100|[from] Stealth Rock
|-enditem|p1a: Great Tusk|Booster Energy
|-activate|p1a: Great Tusk|ability: Protosynthesis|[fromitem]
|-start|p1a: Great Tusk|protosynthesisspe
|turn|6
|
|t:|1776103686
|-terastallize|p1a: Great Tusk|Poison
|move|p2a: Skarmory|Drill Peck|p1a: Great Tusk
|-damage|p1a: Great Tusk|62/100
|move|p1a: Great Tusk|Bulk Up|p1a: Great Tusk
|-boost|p1a: Great Tusk|atk|1
|-boost|p1a: Great Tusk|def|1
|
|upkeep
|turn|7
|
|t:|1776103696
|move|p2a: Skarmory|Drill Run|p1a: Great Tusk
|-supereffective|p1a: Great Tusk
|-damage|p1a: Great Tusk|31/100
|move|p1a: Great Tusk|Bulk Up|p1a: Great Tusk
|-boost|p1a: Great Tusk|atk|1
|-boost|p1a: Great Tusk|def|1
|
|upkeep
|turn|8
|
|t:|1776103702
|move|p2a: Skarmory|Drill Run|p1a: Great Tusk
|-supereffective|p1a: Great Tusk
|-damage|p1a: Great Tusk|6/100
|move|p1a: Great Tusk|Rock Slide|p2a: Skarmory
|-damage|p2a: Skarmory|0 fnt
|faint|p2a: Skarmory
|
|upkeep
|
|t:|1776103710
|switch|p2a: Alomomola|Alomomola, M, shiny|100/100
|turn|9
|
|t:|1776103712
|move|p2a: Alomomola|Aqua Jet|p1a: Great Tusk
|-damage|p1a: Great Tusk|0 fnt
|faint|p1a: Great Tusk
|-end|p1a: Great Tusk|Protosynthesis|[silent]
|
|upkeep
|
|t:|1776103715
|switch|p1a: Dragapult|Dragapult, M|100/100
|-damage|p1a: Dragapult|88/100|[from] Stealth Rock
|turn|10
|
|t:|1776103719
|switch|p2a: Walking Wake|Walking Wake|100/100
|move|p1a: Dragapult|Substitute|p1a: Dragapult
|-start|p1a: Dragapult|Substitute
|-damage|p1a: Dragapult|63/100
|
|-heal|p1a: Dragapult|69/100|[from] item: Leftovers
|upkeep
|turn|11
|
|t:|1776103724
|move|p1a: Dragapult|Dragon Dance|p1a: Dragapult
|-boost|p1a: Dragapult|atk|1
|-boost|p1a: Dragapult|spe|1
|move|p2a: Walking Wake|Dragon Tail|p1a: Dragapult|[miss]
|-miss|p2a: Walking Wake|p1a: Dragapult
|
|-heal|p1a: Dragapult|75/100|[from] item: Leftovers
|upkeep
|turn|12
|
|t:|1776103733
|-terastallize|p2a: Walking Wake|Steel
|move|p1a: Dragapult|Dragon Darts|p2a: Walking Wake
|-resisted|p2a: Walking Wake
|-damage|p2a: Walking Wake|82/100
|-anim|p1a: Dragapult|Dragon Darts|p2a: Walking Wake
|-resisted|p2a: Walking Wake
|-damage|p2a: Walking Wake|64/100
|move|p2a: Walking Wake|Dragon Tail|p1a: Dragapult
|-supereffective|p1a: Dragapult
|-end|p1a: Dragapult|Substitute
|
|-heal|p1a: Dragapult|81/100|[from] item: Leftovers
|upkeep
|turn|13
|
|t:|1776103749
|move|p1a: Dragapult|Phantom Force||[still]
|-prepare|p1a: Dragapult|Phantom Force
|move|p2a: Walking Wake|Knock Off|p1a: Dragapult|[miss]
|-miss|p2a: Walking Wake|p1a: Dragapult
|
|-heal|p1a: Dragapult|87/100|[from] item: Leftovers
|upkeep
|turn|14
|
|t:|1776103755
|move|p1a: Dragapult|Phantom Force|p2a: Walking Wake|[from] lockedmove
|-damage|p2a: Walking Wake|0 fnt
|faint|p2a: Walking Wake
|-end|p2a: Walking Wake|Protosynthesis|[silent]
|
|-heal|p1a: Dragapult|93/100|[from] item: Leftovers
|upkeep
|
|t:|1776103761
|switch|p2a: Alomomola|Alomomola, M, shiny|100/100
|turn|15
|
|t:|1776103764
|move|p1a: Dragapult|Substitute|p1a: Dragapult
|-start|p1a: Dragapult|Substitute
|-damage|p1a: Dragapult|68/100
|move|p2a: Alomomola|Flip Turn|p1a: Dragapult
|-resisted|p1a: Dragapult
|-end|p1a: Dragapult|Substitute
|
|t:|1776103774
|switch|p2a: Zapdos|Zapdos, shiny|100/100|[from] Flip Turn
|
|-heal|p1a: Dragapult|74/100|[from] item: Leftovers
|upkeep
|turn|16
|c|☆Ares_1997|aha, all fake sets
|
|t:|1776103779
|move|p1a: Dragapult|Substitute|p1a: Dragapult
|-start|p1a: Dragapult|Substitute
|-damage|p1a: Dragapult|49/100
|move|p2a: Zapdos|Hurricane|p1a: Dragapult|[miss]
|-miss|p2a: Zapdos|p1a: Dragapult
|
|-heal|p1a: Dragapult|55/100|[from] item: Leftovers
|upkeep
|turn|17
|
|t:|1776103790
|move|p1a: Dragapult|Dragon Darts|p2a: Zapdos
|-damage|p2a: Zapdos|50/100
|-anim|p1a: Dragapult|Dragon Darts|p2a: Zapdos
|-damage|p2a: Zapdos|0 fnt
|faint|p2a: Zapdos
|
|-heal|p1a: Dragapult|61/100|[from] item: Leftovers
|upkeep
|
|t:|1776103797
|switch|p2a: Lilligant|Lilligant-Hisui, F, shiny|100/100
|turn|18
|
|t:|1776103799
|move|p1a: Dragapult|Dragon Darts|p2a: Lilligant
|-damage|p2a: Lilligant|36/100
|-anim|p1a: Dragapult|Dragon Darts|p2a: Lilligant
|-damage|p2a: Lilligant|0 fnt
|faint|p2a: Lilligant
|
|-heal|p1a: Dragapult|67/100|[from] item: Leftovers
|upkeep
|-message|Mawile441 forfeited.
|
|win|Ares_1997
|raw|Ares_1997's rating: 1508 &rarr; <strong>1525</strong><br />(+17 for winning)
|raw|Mawile441's rating: 1461 &rarr; <strong>1444</strong><br />(-17 for losing)
|l|☆Mawile441
|player|p2|
|l|☆Ares_1997
|player|p1|
