|html|<div class="broadcast-blue"><strong>[Gen 9] OU is currently suspecting Volcarona! For information on how to participate check out the <a href="https://www.smogon.com/tools/suspects/view/208">suspect thread</a>.</strong></div>
|j|☆jinmuyan000777
|j|☆Artificiallydumb
|t:|1778502159
|gametype|singles
|player|p1|jinmuyan000777|veteran|1267
|player|p2|Artificiallydumb|266|1261
|gen|9
|tier|[Gen 9] OU
|rated|
|rule|HP Percentage Mod: HP is shown in percentages
|rule|Endless Battle Clause: Forcing endless battles is banned
|rule|Species Clause: Limit one of each Pokémon
|rule|OHKO Clause: OHKO moves are banned
|rule|Evasion Items Clause: Evasion items are banned
|rule|Evasion Moves Clause: Evasion moves are banned
|rule|Evasion Abilities Clause: Evasion abilities are banned
|rule|Sleep Moves Clause: Sleep-inducing moves are banned
|clearpoke
|poke|p1|Weezing-Galar, M|
|poke|p1|Garganacl, M|
|poke|p1|Gliscor, F|
|poke|p1|Tyranitar, F|
|poke|p1|Electrode-Hisui|
|poke|p1|Skarmory, M|
|poke|p2|Gengar, M|
|poke|p2|Great Tusk|
|poke|p2|Alomomola, M|
|poke|p2|Primarina, M|
|poke|p2|Rillaboom, M|
|poke|p2|Darkrai|
|teampreview
|c|☆Artificiallydumb|ooh stall
|
|t:|1778502172
|teamsize|p1|6
|teamsize|p2|6
|start
|switch|p1a: Electrode|Electrode-Hisui|100/100
|switch|p2a: Darkrai|Darkrai|100/100
|turn|1
|
|t:|1778502180
|move|p2a: Darkrai|Trick|p1a: Electrode
|-activate|p2a: Darkrai|move: Trick|[of] p1a: Electrode
|-item|p1a: Electrode|Choice Scarf|[from] move: Trick
|-item|p2a: Darkrai|Eject Button|[from] move: Trick
|move|p1a: Electrode|Thunder Wave|p2a: Darkrai
|-status|p2a: Darkrai|par
|
|upkeep
|turn|2
|
|t:|1778502196
|switch|p1a: Tyranitar|Tyranitar, F|100/100
|-weather|Sandstorm|[from] ability: Sand Stream|[of] p1a: Tyranitar
|cant|p2a: Darkrai|par
|
|-weather|Sandstorm|[upkeep]
|-damage|p2a: Darkrai|94/100 par|[from] Sandstorm
|upkeep
|turn|3
|
|t:|1778502210
|move|p2a: Darkrai|Trick|p1a: Tyranitar
|-activate|p2a: Darkrai|move: Trick|[of] p1a: Tyranitar
|-item|p1a: Tyranitar|Eject Button|[from] move: Trick
|-item|p2a: Darkrai|Choice Band|[from] move: Trick
|move|p1a: Tyranitar|Earthquake|p2a: Darkrai
|-damage|p2a: Darkrai|46/100 par
|
|-weather|Sandstorm|[upkeep]
|-damage|p2a: Darkrai|40/100 par|[from] Sandstorm
|upkeep
|turn|4
|
|t:|1778502219
|switch|p2a: Alomomola|Alomomola, M, shiny|100/100
|move|p1a: Tyranitar|Earthquake|p2a: Alomomola
|-damage|p2a: Alomomola|74/100
|
|-weather|Sandstorm|[upkeep]
|-damage|p2a: Alomomola|68/100|[from] Sandstorm
|upkeep
|turn|5
|
|t:|1778502232
|switch|p1a: Skarmory|Skarmory, M|100/100
|move|p2a: Alomomola|Wish|p2a: Alomomola
|
|-weather|Sandstorm|[upkeep]
|-damage|p2a: Alomomola|62/100|[from] Sandstorm
|upkeep
|turn|6
|
|t:|1778502240
|move|p1a: Skarmory|Stealth Rock|p2a: Alomomola
|-sidestart|p2: Artificiallydumb|move: Stealth Rock
|move|p2a: Alomomola|Flip Turn|p1a: Skarmory
|-damage|p1a: Skarmory|91/100
|-damage|p2a: Alomomola|45/100|[from] item: Rocky Helmet|[of] p1a: Skarmory
|
|t:|1778502249
|switch|p2a: Darkrai|Darkrai|40/100 par|[from] Flip Turn
|-damage|p2a: Darkrai|27/100 par|[from] Stealth Rock
|
|-weather|none
|-heal|p2a: Darkrai|100/100 par|[from] move: Wish|[wisher] Alomomola
|upkeep
|turn|7
|
|t:|1778502263
|switch|p1a: Tyranitar|Tyranitar, F|100/100
|-weather|Sandstorm|[from] ability: Sand Stream|[of] p1a: Tyranitar
|move|p2a: Darkrai|Dark Pulse|p1a: Tyranitar
|-resisted|p1a: Tyranitar
|-damage|p1a: Tyranitar|88/100
|-enditem|p1a: Tyranitar|Eject Button
|
|t:|1778502273
|switch|p1a: Garganacl|Garganacl, M|100/100
|
|-weather|Sandstorm|[upkeep]
|-damage|p2a: Darkrai|94/100 par|[from] Sandstorm
|upkeep
|turn|8
|
|t:|1778502283
|switch|p1a: Tyranitar|Tyranitar, F|88/100
|move|p2a: Darkrai|Dark Pulse|p1a: Tyranitar
|-resisted|p1a: Tyranitar
|-damage|p1a: Tyranitar|76/100
|
|-weather|Sandstorm|[upkeep]
|-damage|p2a: Darkrai|88/100 par|[from] Sandstorm
|upkeep
|turn|9
|
|t:|1778502293
|move|p2a: Darkrai|Dark Pulse|p1a: Tyranitar
|-resisted|p1a: Tyranitar
|-damage|p1a: Tyranitar|63/100
|move|p1a: Tyranitar|Stone Edge|p2a: Darkrai
|-damage|p2a: Darkrai|4/100 par
|
|-weather|Sandstorm|[upkeep]
|-damage|p2a: Darkrai|0 fnt|[from] Sandstorm
|faint|p2a: Darkrai
|upkeep
|inactive|Battle timer is ON: inactive players will automatically lose when time's up. (requested by jinmuyan000777)
|inactive|Artificiallydumb has 120 seconds left.
|inactive|Artificiallydumb has 90 seconds left.
|-message|Artificiallydumb forfeited.
|
|win|jinmuyan000777
|raw|jinmuyan000777's rating: 1267 &rarr; <strong>1292</strong><br />(+25 for winning)
|raw|Artificiallydumb's rating: 1261 &rarr; <strong>1236</strong><br />(-25 for losing)
|l|☆Artificiallydumb
|player|p2|
