|html|<div class="broadcast-blue"><strong>[Gen 9] OU is currently suspecting Tera Blast! For information on how to participate check out the <a href="https://www.smogon.com/tools/suspects/view/200">suspect thread</a>.</strong></div>
|j|☆Detective Shelly
|j|☆BFromTheMFBay
|t:|1776054097
|gametype|singles
|player|p1|Detective Shelly|veteran|1464
|player|p2|BFromTheMFBay|265|1417
|gen|9
|tier|[Gen 9] OU
|rated|
|rule|HP Percentage Mod: HP is shown in percentages
|rule|Endless Battle Clause: Forcing endless battles is banned
|rule|Species Clause: Limit one of each Pokémon
|rule|OHKO Clause: OHKO moves are banned
|rule|Evasion Items Clause: Evasion items are banned
|rule|Evasion Moves Clause: Evasion moves are banned
|rule|Evasion Abilities Clause: Evasion abilities are banned
|rule|Sleep Moves Clause: Sleep-inducing moves are banned
|clearpoke
|poke|p1|Darkrai|
|poke|p1|Rillaboom, F|
|poke|p1|Ninetales-Alola, F|
|poke|p1|Gyarados, M|
|poke|p1|Raging Bolt|
|poke|p1|Cinderace, F|
|poke|p2|Primarina, M|
|poke|p2|Great Tusk|
|poke|p2|Enamorus, F|
|poke|p2|Slowking-Galar, M|
|poke|p2|Ogerpon, F|
|poke|p2|Kingambit, M|
|teampreview
|
|t:|1776054116
|teamsize|p1|6
|teamsize|p2|6
|start
|switch|p1a: Darkrai|Darkrai|100/100
|switch|p2a: Mantra|Slowking-Galar, M, shiny|100/100
|turn|1
|c|☆BFromTheMFBay|hf
|inactive|Battle timer is ON: inactive players will automatically lose when time's up. (requested by BFromTheMFBay)
|
|t:|1776054132
|move|p1a: Darkrai|Nasty Plot|p1a: Darkrai
|-boost|p1a: Darkrai|spa|2
|move|p2a: Mantra|Sludge Bomb|p1a: Darkrai
|-damage|p1a: Darkrai|52/100
|
|upkeep
|turn|2
|
|t:|1776054149
|move|p1a: Darkrai|Dark Pulse|p2a: Mantra
|-supereffective|p2a: Mantra
|-damage|p2a: Mantra|10/100
|cant|p2a: Mantra|flinch
|
|upkeep
|turn|3
|
|t:|1776054165
|move|p1a: Darkrai|Dark Pulse|p2a: Mantra
|-supereffective|p2a: Mantra
|-damage|p2a: Mantra|0 fnt
|faint|p2a: Mantra
|
|upkeep
|inactive|BFromTheMFBay has 120 seconds left.
|
|t:|1776054182
|switch|p2a: Gin|Enamorus, F, shiny|100/100
|turn|4
|inactive|BFromTheMFBay has 120 seconds left.
|
|t:|1776054198
|move|p2a: Gin|Moonblast|p1a: Darkrai
|-supereffective|p1a: Darkrai
|-damage|p1a: Darkrai|0 fnt
|faint|p1a: Darkrai
|
|upkeep
|
|t:|1776054222
|switch|p1a: Ninetales|Ninetales-Alola, F|100/100
|-weather|Snowscape|[from] ability: Snow Warning|[of] p1a: Ninetales
|turn|5
|inactive|BFromTheMFBay has 120 seconds left.
|
|t:|1776054238
|move|p2a: Gin|Moonblast|p1a: Ninetales
|-damage|p1a: Ninetales|46/100
|-unboost|p1a: Ninetales|spa|1
|move|p1a: Ninetales|Aurora Veil|p1a: Ninetales
|-sidestart|p1: Detective Shelly|move: Aurora Veil
|
|-weather|Snowscape|[upkeep]
|upkeep
|turn|6
|inactive|BFromTheMFBay has 120 seconds left.
|
|t:|1776054255
|move|p2a: Gin|Moonblast|p1a: Ninetales
|-damage|p1a: Ninetales|17/100
|move|p1a: Ninetales|Disable|p2a: Gin
|-start|p2a: Gin|Disable|Moonblast
|
|-weather|Snowscape|[upkeep]
|upkeep
|turn|7
|
|t:|1776054277
|switch|p2a: Behemoth|Great Tusk, shiny|100/100
|switch|p1a: Gyarados|Gyarados, M|100/100
|-ability|p1a: Gyarados|Intimidate|boost
|-unboost|p2a: Behemoth|atk|1
|
|-weather|Snowscape|[upkeep]
|upkeep
|turn|8
|
|t:|1776054293
|-end|p2a: Behemoth|Protosynthesis|[silent]
|switch|p2a: Anonymous|Ogerpon, F|100/100
|move|p1a: Gyarados|Dragon Dance|p1a: Gyarados
|-boost|p1a: Gyarados|atk|1
|-boost|p1a: Gyarados|spe|1
|
|-weather|Snowscape|[upkeep]
|upkeep
|turn|9
|
|t:|1776054316
|move|p1a: Gyarados|Dragon Dance|p1a: Gyarados
|-boost|p1a: Gyarados|atk|1
|-boost|p1a: Gyarados|spe|1
|move|p2a: Anonymous|Rock Tomb|p1a: Gyarados
|-supereffective|p1a: Gyarados
|-damage|p1a: Gyarados|69/100
|-unboost|p1a: Gyarados|spe|1
|
|-weather|none
|upkeep
|turn|10
|inactive|BFromTheMFBay has 90 seconds left.
|
|t:|1776054334
|-terastallize|p1a: Gyarados|Flying
|move|p1a: Gyarados|Tera Blast|p2a: Anonymous|[anim] Tera Blast Flying
|-supereffective|p2a: Anonymous
|-crit|p2a: Anonymous
|-damage|p2a: Anonymous|0 fnt
|faint|p2a: Anonymous
|
|upkeep
|inactive|BFromTheMFBay has 90 seconds left.
|
|t:|1776054351
|switch|p2a: Overgod|Kingambit, M, shiny|100/100
|-activate|p2a: Overgod|ability: Supreme Overlord
|-start|p2a: Overgod|fallen2|[silent]
|turn|11
|
|t:|1776054367
|move|p2a: Overgod|Sucker Punch|p1a: Gyarados
|-damage|p1a: Gyarados|39/100
|move|p1a: Gyarados|Waterfall|p2a: Overgod
|-damage|p2a: Overgod|38/100
|
|-heal|p2a: Overgod|44/100|[from] item: Leftovers
|upkeep
|turn|12
|
|t:|1776054377
|move|p2a: Overgod|Sucker Punch|p1a: Gyarados
|-damage|p1a: Gyarados|8/100
|move|p1a: Gyarados|Waterfall|p2a: Overgod
|-damage|p2a: Overgod|0 fnt
|faint|p2a: Overgod
|-end|p2a: Overgod|fallen2|[silent]
|
|-sideend|p1: Detective Shelly|move: Aurora Veil
|upkeep
|
|t:|1776054386
|switch|p2a: Gin|Enamorus, F, shiny|100/100
|turn|13
|
|t:|1776054396
|switch|p1a: Cinderace|Cinderace, F|100/100
|move|p2a: Gin|Moonblast|p1a: Cinderace
|-resisted|p1a: Cinderace
|-damage|p1a: Cinderace|64/100
|
|upkeep
|turn|14
|inactive|BFromTheMFBay has 90 seconds left.
|
|t:|1776054414
|switch|p2a: Celestine|Primarina, M, shiny|100/100
|move|p1a: Cinderace|Pyro Ball|p2a: Celestine
|-resisted|p2a: Celestine
|-damage|p2a: Celestine|69/100
|
|-heal|p2a: Celestine|75/100|[from] item: Leftovers
|upkeep
|turn|15
|
|t:|1776054431
|move|p1a: Cinderace|U-turn|p2a: Celestine
|-resisted|p2a: Celestine
|-damage|p2a: Celestine|63/100
|
|t:|1776054442
|switch|p1a: Rillaboom|Rillaboom, F|100/100|[from] U-turn
|-fieldstart|move: Grassy Terrain|[from] ability: Grassy Surge|[of] p1a: Rillaboom
|move|p2a: Celestine|Moonblast|p1a: Rillaboom
|-damage|p1a: Rillaboom|35/100
|
|-heal|p1a: Rillaboom|41/100|[from] Grassy Terrain
|-heal|p2a: Celestine|69/100|[from] Grassy Terrain
|-heal|p2a: Celestine|75/100|[from] item: Leftovers
|upkeep
|turn|16
|
|t:|1776054462
|switch|p2a: Gin|Enamorus, F, shiny|100/100
|move|p1a: Rillaboom|Wood Hammer|p2a: Gin
|-resisted|p2a: Gin
|-damage|p2a: Gin|0 fnt
|faint|p2a: Gin
|-damage|p1a: Rillaboom|13/100|[from] Recoil
|
|-heal|p1a: Rillaboom|19/100|[from] Grassy Terrain
|upkeep
|
|t:|1776054479
|switch|p2a: Behemoth|Great Tusk, shiny|100/100
|turn|17
|inactive|BFromTheMFBay has 60 seconds left.
|
|t:|1776054497
|switch|p1a: Cinderace|Cinderace, F|64/100
|move|p2a: Behemoth|Ice Spinner|p1a: Cinderace
|-resisted|p1a: Cinderace
|-damage|p1a: Cinderace|46/100
|-fieldend|move: Grassy Terrain
|
|upkeep
|turn|18
|inactive|BFromTheMFBay has 60 seconds left.
|
|t:|1776054513
|-end|p2a: Behemoth|Protosynthesis|[silent]
|switch|p2a: Celestine|Primarina, M, shiny|75/100
|move|p1a: Cinderace|Will-O-Wisp|p2a: Celestine
|-status|p2a: Celestine|brn
|
|-heal|p2a: Celestine|81/100 brn|[from] item: Leftovers
|-damage|p2a: Celestine|75/100 brn|[from] brn
|upkeep
|turn|19
|inactive|BFromTheMFBay has 60 seconds left.
|
|t:|1776054522
|move|p1a: Cinderace|U-turn|p2a: Celestine
|-resisted|p2a: Celestine
|-damage|p2a: Celestine|63/100 brn
|
|t:|1776054530
|switch|p1a: Gyarados|Gyarados, M, tera:Flying|8/100|[from] U-turn
|-ability|p1a: Gyarados|Intimidate|boost
|-unboost|p2a: Celestine|atk|1
|move|p2a: Celestine|Substitute|p2a: Celestine
|-start|p2a: Celestine|Substitute
|-damage|p2a: Celestine|38/100 brn
|
|-heal|p2a: Celestine|44/100 brn|[from] item: Leftovers
|-damage|p2a: Celestine|38/100 brn|[from] brn
|upkeep
|turn|20
|
|t:|1776054538
|move|p1a: Gyarados|Tera Blast|p2a: Celestine|[anim] Tera Blast Flying
|-end|p2a: Celestine|Substitute
|move|p2a: Celestine|Substitute|p2a: Celestine
|-start|p2a: Celestine|Substitute
|-damage|p2a: Celestine|13/100 brn
|
|-heal|p2a: Celestine|19/100 brn|[from] item: Leftovers
|-damage|p2a: Celestine|13/100 brn|[from] brn
|upkeep
|turn|21
|
|t:|1776054546
|move|p1a: Gyarados|Tera Blast|p2a: Celestine|[anim] Tera Blast Flying
|-end|p2a: Celestine|Substitute
|move|p2a: Celestine|Substitute|p2a: Celestine
|-fail|p2a: Celestine|move: Substitute|[weak]
|
|-heal|p2a: Celestine|19/100 brn|[from] item: Leftovers
|-damage|p2a: Celestine|13/100 brn|[from] brn
|upkeep
|turn|22
|
|t:|1776054554
|move|p1a: Gyarados|Tera Blast|p2a: Celestine|[anim] Tera Blast Flying
|-damage|p2a: Celestine|0 fnt
|faint|p2a: Celestine
|
|upkeep
|
|t:|1776054563
|switch|p2a: Behemoth|Great Tusk, shiny|100/100
|turn|23
|
|t:|1776054570
|switch|p1a: Cinderace|Cinderace, F|46/100
|move|p2a: Behemoth|Ice Spinner|p1a: Cinderace
|-resisted|p1a: Cinderace
|-damage|p1a: Cinderace|28/100
|
|upkeep
|turn|24
|inactive|BFromTheMFBay has 90 seconds left.
|
|t:|1776054578
|move|p1a: Cinderace|Will-O-Wisp|p2a: Behemoth
|-status|p2a: Behemoth|brn
|move|p2a: Behemoth|Stealth Rock|p1a: Cinderace
|-sidestart|p1: Detective Shelly|move: Stealth Rock
|
|-damage|p2a: Behemoth|94/100 brn|[from] brn
|upkeep
|turn|25
|
|t:|1776054586
|move|p1a: Cinderace|Pyro Ball|p2a: Behemoth
|-damage|p2a: Behemoth|49/100 brn
|move|p2a: Behemoth|Rapid Spin|p1a: Cinderace
|-damage|p1a: Cinderace|18/100
|-boost|p2a: Behemoth|spe|1
|
|-damage|p2a: Behemoth|43/100 brn|[from] brn
|upkeep
|turn|26
|
|t:|1776054594
|move|p2a: Behemoth|Rapid Spin|p1a: Cinderace
|-damage|p1a: Cinderace|6/100
|-boost|p2a: Behemoth|spe|1
|move|p1a: Cinderace|Pyro Ball|p2a: Behemoth
|-damage|p2a: Behemoth|0 fnt
|faint|p2a: Behemoth
|-end|p2a: Behemoth|Protosynthesis|[silent]
|
|win|Detective Shelly
|raw|Detective Shelly's rating: 1464 &rarr; <strong>1481</strong><br />(+17 for winning)
|raw|BFromTheMFBay's rating: 1417 &rarr; <strong>1400</strong><br />(-17 for losing)
|c|☆BFromTheMFBay|gg
|l|☆BFromTheMFBay
|player|p2|
|l|☆Detective Shelly
|player|p1|
