|html|<div class="broadcast-blue"><strong>[Gen 9] OU is currently suspecting Tera Blast! For information on how to participate check out the <a href="https://www.smogon.com/tools/suspects/view/200">suspect thread</a>.</strong></div>
|j|☆busni17
|j|☆Nigilante
|t:|1776284697
|gametype|singles
|player|p1|busni17|harlequin|1267
|player|p2|Nigilante|169|1223
|gen|9
|tier|[Gen 9] OU
|rated|
|rule|HP Percentage Mod: HP is shown in percentages
|rule|Endless Battle Clause: Forcing endless battles is banned
|rule|Species Clause: Limit one of each Pokémon
|rule|OHKO Clause: OHKO moves are banned
|rule|Evasion Items Clause: Evasion items are banned
|rule|Evasion Moves Clause: Evasion moves are banned
|rule|Evasion Abilities Clause: Evasion abilities are banned
|rule|Sleep Moves Clause: Sleep-inducing moves are banned
|clearpoke
|poke|p1|Deoxys-Speed|
|poke|p1|Iron Valiant|
|poke|p1|Kingambit, M|
|poke|p1|Ceruledge, M|
|poke|p1|Dragonite, M|
|poke|p1|Raging Bolt|
|poke|p2|Ninetales-Alola, F|
|poke|p2|Slowking-Galar, F|
|poke|p2|Great Tusk|
|poke|p2|Iron Valiant|
|poke|p2|Dragonite, M|
|poke|p2|Zapdos|
|teampreview
|inactive|Battle timer is ON: inactive players will automatically lose when time's up. (requested by busni17)
|inactive|Nigilante has 120 seconds left.
|
|t:|1776284733
|teamsize|p1|6
|teamsize|p2|6
|start
|switch|p1a: Fast as f boiii|Deoxys-Speed|100/100
|switch|p2a: Zapdos|Zapdos|100/100
|-ability|p1a: Fast as f boiii|Pressure
|turn|1
|
|t:|1776284752
|move|p1a: Fast as f boiii|Stealth Rock|p2a: Zapdos
|-sidestart|p2: Nigilante|move: Stealth Rock
|move|p2a: Zapdos|Volt Switch|p1a: Fast as f boiii
|-damage|p1a: Fast as f boiii|67/100
|
|t:|1776284772
|switch|p2a: Dragonite|Dragonite, M|100/100|[from] Volt Switch
|
|upkeep
|turn|2
|inactive|Nigilante has 120 seconds left.
|
|t:|1776284789
|move|p1a: Fast as f boiii|Taunt|p2a: Dragonite
|-start|p2a: Dragonite|move: Taunt
|move|p2a: Dragonite|Earthquake|p1a: Fast as f boiii
|-damage|p1a: Fast as f boiii|17/100
|
|upkeep
|turn|3
|inactive|Nigilante has 120 seconds left.
|
|t:|1776284801
|move|p2a: Dragonite|Extreme Speed|p1a: Fast as f boiii
|-damage|p1a: Fast as f boiii|0 fnt
|faint|p1a: Fast as f boiii
|
|upkeep
|
|t:|1776284804
|switch|p1a: Femblade boi|Ceruledge, M|100/100
|turn|4
|
|t:|1776284815
|switch|p2a: Great Tusk|Great Tusk|100/100
|-damage|p2a: Great Tusk|98/100|[from] Stealth Rock
|move|p1a: Femblade boi|Swords Dance|p1a: Femblade boi
|-boost|p1a: Femblade boi|atk|2
|
|-heal|p2a: Great Tusk|100/100|[from] item: Leftovers
|upkeep
|turn|5
|
|t:|1776284826
|move|p1a: Femblade boi|Bitter Blade|p2a: Great Tusk
|-damage|p2a: Great Tusk|51/100
|move|p2a: Great Tusk|Knock Off|p1a: Femblade boi
|-supereffective|p1a: Femblade boi
|-damage|p1a: Femblade boi|24/100
|-ability|p1a: Femblade boi|Weak Armor|boost
|-unboost|p1a: Femblade boi|def|1
|-boost|p1a: Femblade boi|spe|2
|-enditem|p1a: Femblade boi|Focus Sash|[from] move: Knock Off|[of] p2a: Great Tusk
|
|-heal|p2a: Great Tusk|57/100|[from] item: Leftovers
|upkeep
|turn|6
|inactive|Nigilante has 120 seconds left.
|
|t:|1776284842
|move|p1a: Femblade boi|Bitter Blade|p2a: Great Tusk
|-damage|p2a: Great Tusk|13/100
|-heal|p1a: Femblade boi|56/100|[from] drain|[of] p2a: Great Tusk
|move|p2a: Great Tusk|Knock Off|p1a: Femblade boi
|-supereffective|p1a: Femblade boi
|-damage|p1a: Femblade boi|0 fnt
|faint|p1a: Femblade boi
|
|-heal|p2a: Great Tusk|19/100|[from] item: Leftovers
|upkeep
|
|t:|1776284849
|switch|p1a: Big boi|Dragonite, M|100/100
|turn|7
|inactive|Nigilante has 120 seconds left.
|
|t:|1776284869
|-end|p2a: Great Tusk|Protosynthesis|[silent]
|switch|p2a: Iron Valiant|Iron Valiant|100/100
|-damage|p2a: Iron Valiant|94/100|[from] Stealth Rock
|move|p1a: Big boi|Dragon Dance|p1a: Big boi
|-boost|p1a: Big boi|atk|1
|-boost|p1a: Big boi|spe|1
|
|upkeep
|turn|8
|inactive|Nigilante has 120 seconds left.
|
|t:|1776284882
|move|p2a: Iron Valiant|Trick|p1a: Big boi
|-activate|p2a: Iron Valiant|move: Trick|[of] p1a: Big boi
|-item|p1a: Big boi|Choice Scarf|[from] move: Trick
|-item|p2a: Iron Valiant|Leftovers|[from] move: Trick
|move|p1a: Big boi|Dragon Dance|p1a: Big boi
|-boost|p1a: Big boi|atk|1
|-boost|p1a: Big boi|spe|1
|
|-heal|p2a: Iron Valiant|100/100|[from] item: Leftovers
|upkeep
|turn|9
|inactive|Nigilante has 120 seconds left.
|
|t:|1776284904
|switch|p1a: Shogun boi|Kingambit, M|100/100
|-activate|p1a: Shogun boi|ability: Supreme Overlord
|-start|p1a: Shogun boi|fallen2|[silent]
|move|p2a: Iron Valiant|Moonblast|p1a: Shogun boi
|-damage|p1a: Shogun boi|50/100
|
|upkeep
|turn|10
|inactive|Nigilante has 120 seconds left.
|
|t:|1776284916
|-terastallize|p2a: Iron Valiant|Fairy
|move|p2a: Iron Valiant|Moonblast|p1a: Shogun boi
|-damage|p1a: Shogun boi|0 fnt
|faint|p1a: Shogun boi
|-end|p1a: Shogun boi|fallen2|[silent]
|
|upkeep
|
|t:|1776284921
|switch|p1a: Long Neck|Raging Bolt|100/100
|-enditem|p1a: Long Neck|Booster Energy
|-activate|p1a: Long Neck|ability: Protosynthesis|[fromitem]
|-start|p1a: Long Neck|protosynthesisspa
|turn|11
|inactive|Nigilante has 120 seconds left.
|
|t:|1776284940
|-terastallize|p1a: Long Neck|Fairy
|move|p2a: Iron Valiant|Moonblast|p1a: Long Neck
|-damage|p1a: Long Neck|44/100
|move|p1a: Long Neck|Thunderbolt|p2a: Iron Valiant
|-damage|p2a: Iron Valiant|0 fnt
|faint|p2a: Iron Valiant
|-end|p2a: Iron Valiant|Quark Drive|[silent]
|
|upkeep
|inactive|Nigilante has 120 seconds left.
|
|t:|1776284949
|switch|p2a: Great Tusk|Great Tusk|19/100
|-damage|p2a: Great Tusk|16/100|[from] Stealth Rock
|turn|12
|inactive|Nigilante has 120 seconds left.
|
|t:|1776284961
|move|p1a: Long Neck|Dragon Pulse|p2a: Great Tusk
|-damage|p2a: Great Tusk|0 fnt
|faint|p2a: Great Tusk
|-end|p2a: Great Tusk|Protosynthesis|[silent]
|
|upkeep
|inactive|Nigilante has 120 seconds left.
|
|t:|1776284974
|switch|p2a: Slowking|Slowking-Galar, F|100/100
|turn|13
|inactive|Nigilante has 120 seconds left.
|
|t:|1776284983
|move|p1a: Long Neck|Thunderbolt|p2a: Slowking
|-damage|p2a: Slowking|59/100
|move|p2a: Slowking|Sludge Bomb|p1a: Long Neck
|-supereffective|p1a: Long Neck
|-damage|p1a: Long Neck|0 fnt
|faint|p1a: Long Neck
|-end|p1a: Long Neck|Protosynthesis|[silent]
|
|upkeep
|
|t:|1776284995
|switch|p1a: Big boi|Dragonite, M|100/100
|turn|14
|
|t:|1776285005
|switch|p1a: Gay edgy boi|Iron Valiant|100/100
|-enditem|p1a: Gay edgy boi|Booster Energy
|-activate|p1a: Gay edgy boi|ability: Quark Drive|[fromitem]
|-start|p1a: Gay edgy boi|quarkdrivespe
|switch|p2a: Zapdos|Zapdos|100/100
|-damage|p2a: Zapdos|76/100|[from] Stealth Rock
|
|upkeep
|turn|15
|
|t:|1776285019
|move|p1a: Gay edgy boi|Moonblast|p2a: Zapdos
|-damage|p2a: Zapdos|34/100
|move|p2a: Zapdos|Hurricane|p1a: Gay edgy boi
|-supereffective|p1a: Gay edgy boi
|-damage|p1a: Gay edgy boi|0 fnt
|faint|p1a: Gay edgy boi
|-end|p1a: Gay edgy boi|Quark Drive|[silent]
|
|upkeep
|
|t:|1776285024
|switch|p1a: Big boi|Dragonite, M|100/100
|turn|16
|-message|busni17 forfeited.
|
|win|Nigilante
|raw|busni17's rating: 1267 &rarr; <strong>1239</strong><br />(-28 for losing)
|raw|Nigilante's rating: 1223 &rarr; <strong>1251</strong><br />(+28 for winning)
|l|☆busni17
|player|p1|
|c|☆Nigilante|ggs
