|html|<div class="broadcast-blue"><strong>[Gen 9] OU is currently suspecting Tera Blast! For information on how to participate check out the <a href="https://www.smogon.com/tools/suspects/view/200">suspect thread</a>.</strong></div>
|j|☆V0ldy
|j|☆brogre35
|t:|1776104078
|gametype|singles
|player|p1|V0ldy|102|1641
|player|p2|brogre35|swimmer-gen4dp|1649
|gen|9
|tier|[Gen 9] OU
|rated|
|rule|HP Percentage Mod: HP is shown in percentages
|rule|Endless Battle Clause: Forcing endless battles is banned
|rule|Species Clause: Limit one of each Pokémon
|rule|OHKO Clause: OHKO moves are banned
|rule|Evasion Items Clause: Evasion items are banned
|rule|Evasion Moves Clause: Evasion moves are banned
|rule|Evasion Abilities Clause: Evasion abilities are banned
|rule|Sleep Moves Clause: Sleep-inducing moves are banned
|clearpoke
|poke|p1|Indeedee, M|
|poke|p1|Hawlucha, F|
|poke|p1|Gallade, M|
|poke|p1|Armarouge, F|
|poke|p1|Polteageist-Antique|
|poke|p1|Excadrill, M|
|poke|p2|Ninetales-Alola, M|
|poke|p2|Kyurem|
|poke|p2|Ursaluna, F|
|poke|p2|Farigiraf, M|
|poke|p2|Hatterene, F|
|poke|p2|Cresselia, F|
|teampreview
|inactive|Battle timer is ON: inactive players will automatically lose when time's up. (requested by brogre35)
|
|t:|1776104092
|teamsize|p1|6
|teamsize|p2|6
|start
|switch|p1a: Excadrill|Excadrill, M|100/100
|switch|p2a: The Good Life|Ninetales-Alola, M|100/100
|-weather|Snowscape|[from] ability: Snow Warning|[of] p2a: The Good Life
|-ability|p1a: Excadrill|Mold Breaker
|turn|1
|
|t:|1776104097
|move|p2a: The Good Life|Aurora Veil|p2a: The Good Life
|-sidestart|p2: brogre35|move: Aurora Veil
|move|p1a: Excadrill|Iron Head|p2a: The Good Life
|-supereffective|p2a: The Good Life
|-damage|p2a: The Good Life|23/100
|
|-weather|Snowscape|[upkeep]
|upkeep
|turn|2
|
|t:|1776104103
|switch|p2a: Butterfly|Cresselia, F|100/100
|move|p1a: Excadrill|Stealth Rock|p2a: Butterfly
|-sidestart|p2: brogre35|move: Stealth Rock
|
|-weather|Snowscape|[upkeep]
|upkeep
|turn|3
|
|t:|1776104106
|switch|p1a: Indeedee|Indeedee, M|100/100
|-fieldstart|move: Psychic Terrain|[from] ability: Psychic Surge|[of] p1a: Indeedee
|move|p2a: Butterfly|Trick Room|p2a: Butterfly
|-fieldstart|move: Trick Room|[of] p2a: Butterfly
|
|-weather|Snowscape|[upkeep]
|upkeep
|turn|4
|
|t:|1776104116
|switch|p2a: Across The Sea|Farigiraf, M|100/100
|-damage|p2a: Across The Sea|88/100|[from] Stealth Rock
|move|p1a: Indeedee|Encore||[still]
|-fail|p1a: Indeedee
|
|-weather|Snowscape|[upkeep]
|-heal|p2a: Across The Sea|94/100|[from] item: Leftovers
|upkeep
|turn|5
|
|t:|1776104121
|switch|p1a: Excadrill|Excadrill, M|100/100
|-ability|p1a: Excadrill|Mold Breaker
|move|p2a: Across The Sea|Nasty Plot|p2a: Across The Sea
|-boost|p2a: Across The Sea|spa|2
|
|-weather|none
|-heal|p2a: Across The Sea|100/100|[from] item: Leftovers
|upkeep
|turn|6
|j| Metallic Symphony
|l| Metallic Symphony
|
|t:|1776104131
|move|p2a: Across The Sea|Nasty Plot|p2a: Across The Sea
|-boost|p2a: Across The Sea|spa|2
|move|p1a: Excadrill|Earthquake|p2a: Across The Sea
|-damage|p2a: Across The Sea|71/100
|
|-heal|p2a: Across The Sea|77/100|[from] item: Leftovers
|upkeep
|turn|7
|
|t:|1776104141
|move|p2a: Across The Sea|Shadow Ball|p1a: Excadrill
|-enditem|p1a: Excadrill|Focus Sash
|-damage|p1a: Excadrill|1/100
|move|p1a: Excadrill|Rapid Spin|p2a: Across The Sea
|-damage|p2a: Across The Sea|68/100
|-boost|p1a: Excadrill|spe|1
|
|-heal|p2a: Across The Sea|75/100|[from] item: Leftovers
|-fieldend|move: Trick Room
|upkeep
|turn|8
|
|t:|1776104152
|move|p1a: Excadrill|Earthquake|p2a: Across The Sea
|-damage|p2a: Across The Sea|44/100
|move|p2a: Across The Sea|Trick Room|p2a: Across The Sea
|-fieldstart|move: Trick Room|[of] p2a: Across The Sea
|
|-heal|p2a: Across The Sea|50/100|[from] item: Leftovers
|-sideend|p2: brogre35|move: Aurora Veil
|upkeep
|turn|9
|
|t:|1776104159
|switch|p1a: Indeedee|Indeedee, M|100/100
|move|p2a: Across The Sea|Shadow Ball|p1a: Indeedee
|-immune|p1a: Indeedee
|
|-heal|p2a: Across The Sea|57/100|[from] item: Leftovers
|upkeep
|turn|10
|
|t:|1776104166
|switch|p1a: Excadrill|Excadrill, M|1/100
|-ability|p1a: Excadrill|Mold Breaker
|move|p2a: Across The Sea|Tera Blast|p1a: Excadrill
|-resisted|p1a: Excadrill
|-damage|p1a: Excadrill|0 fnt
|faint|p1a: Excadrill
|
|-heal|p2a: Across The Sea|63/100|[from] item: Leftovers
|-fieldend|move: Psychic Terrain
|upkeep
|
|t:|1776104181
|switch|p1a: Indeedee|Indeedee, M|100/100
|-fieldstart|move: Psychic Terrain|[from] ability: Psychic Surge|[of] p1a: Indeedee
|turn|11
|
|t:|1776104185
|move|p2a: Across The Sea|Tera Blast|p1a: Indeedee
|-damage|p1a: Indeedee|0 fnt
|faint|p1a: Indeedee
|
|-heal|p2a: Across The Sea|69/100|[from] item: Leftovers
|upkeep
|
|t:|1776104188
|switch|p1a: Polteageist|Polteageist-Antique|100/100
|turn|12
|
|t:|1776104199
|move|p2a: Across The Sea|Shadow Ball|p1a: Polteageist
|-supereffective|p1a: Polteageist
|-enditem|p1a: Polteageist|Focus Sash
|-damage|p1a: Polteageist|1/100
|move|p1a: Polteageist|Shell Smash|p1a: Polteageist
|-unboost|p1a: Polteageist|def|1
|-unboost|p1a: Polteageist|spd|1
|-boost|p1a: Polteageist|atk|2
|-boost|p1a: Polteageist|spa|2
|-boost|p1a: Polteageist|spe|2
|
|-heal|p2a: Across The Sea|75/100|[from] item: Leftovers
|-fieldend|move: Trick Room
|upkeep
|turn|13
|
|t:|1776104204
|move|p1a: Polteageist|Stored Power|p2a: Across The Sea
|-resisted|p2a: Across The Sea
|-damage|p2a: Across The Sea|0 fnt
|faint|p2a: Across The Sea
|
|upkeep
|
|t:|1776104208
|switch|p2a: Butterfly|Cresselia, F|100/100
|-damage|p2a: Butterfly|88/100|[from] Stealth Rock
|turn|14
|
|t:|1776104213
|-terastallize|p2a: Butterfly|Electric
|move|p1a: Polteageist|Stored Power|p2a: Butterfly
|-damage|p2a: Butterfly|7/100
|move|p2a: Butterfly|Trick Room|p2a: Butterfly
|-fieldstart|move: Trick Room|[of] p2a: Butterfly
|
|upkeep
|turn|15
|
|t:|1776104221
|move|p2a: Butterfly|Moonblast|p1a: Polteageist
|-damage|p1a: Polteageist|0 fnt
|faint|p1a: Polteageist
|
|upkeep
|
|t:|1776104227
|switch|p1a: Gallade|Gallade, M|100/100
|turn|16
|
|t:|1776104231
|move|p2a: Butterfly|Moonblast|p1a: Gallade
|-supereffective|p1a: Gallade
|-damage|p1a: Gallade|62/100
|move|p1a: Gallade|Psycho Cut|p2a: Butterfly
|-crit|p2a: Butterfly
|-damage|p2a: Butterfly|0 fnt
|faint|p2a: Butterfly
|
|upkeep
|
|t:|1776104240
|switch|p2a: El Scorcho|Ursaluna, F|100/100
|-damage|p2a: El Scorcho|94/100|[from] Stealth Rock
|turn|17
|
|t:|1776104245
|switch|p1a: Hawlucha|Hawlucha, F|100/100
|-enditem|p1a: Hawlucha|Psychic Seed
|-boost|p1a: Hawlucha|spd|1|[from] item: Psychic Seed
|move|p2a: El Scorcho|Facade|p1a: Hawlucha
|-damage|p1a: Hawlucha|42/100
|
|-status|p2a: El Scorcho|brn|[from] item: Flame Orb
|upkeep
|turn|18
|
|t:|1776104256
|move|p2a: El Scorcho|Facade|p1a: Hawlucha
|-damage|p1a: Hawlucha|0 fnt
|faint|p1a: Hawlucha
|
|-damage|p2a: El Scorcho|88/100 brn|[from] brn
|-fieldend|move: Trick Room
|-fieldend|move: Psychic Terrain
|upkeep
|
|t:|1776104259
|switch|p1a: Gallade|Gallade, M|62/100
|turn|19
|
|t:|1776104263
|switch|p2a: The Good Life|Ninetales-Alola, M|23/100
|-damage|p2a: The Good Life|0 fnt|[from] Stealth Rock
|faint|p2a: The Good Life
|move|p1a: Gallade|Sacred Sword|p2: The Good Life|[notarget]
|-fail|p1a: Gallade
|
|upkeep
|
|t:|1776104265
|switch|p2a: Pink Triangle|Hatterene, F|100/100
|-damage|p2a: Pink Triangle|88/100|[from] Stealth Rock
|turn|20
|
|t:|1776104268
|-terastallize|p1a: Gallade|Steel
|move|p1a: Gallade|Night Slash|p2a: Pink Triangle
|-damage|p2a: Pink Triangle|46/100
|move|p2a: Pink Triangle|Trick Room|p2a: Pink Triangle
|-fieldstart|move: Trick Room|[of] p2a: Pink Triangle
|
|upkeep
|turn|21
|
|t:|1776104282
|move|p2a: Pink Triangle|Misty Explosion|p1a: Gallade
|-resisted|p1a: Gallade
|-damage|p1a: Gallade|28/100
|faint|p2a: Pink Triangle
|move|p1a: Gallade|Night Slash|p2: Pink Triangle|[notarget]
|-fail|p1a: Gallade
|
|upkeep
|
|t:|1776104285
|switch|p2a: El Scorcho|Ursaluna, F|88/100 brn
|-damage|p2a: El Scorcho|82/100 brn|[from] Stealth Rock
|turn|22
|
|t:|1776104289
|move|p2a: El Scorcho|Facade|p1a: Gallade
|-resisted|p1a: Gallade
|-damage|p1a: Gallade|0 fnt
|faint|p1a: Gallade
|
|-damage|p2a: El Scorcho|76/100 brn|[from] brn
|upkeep
|
|t:|1776104296
|switch|p1a: Armarouge|Armarouge, F|100/100
|turn|23
|
|t:|1776104298
|move|p1a: Armarouge|Endure|p1a: Armarouge
|-singleturn|p1a: Armarouge|move: Endure
|move|p2a: El Scorcho|Facade|p1a: Armarouge
|-activate|p1a: Armarouge|move: Endure
|-damage|p1a: Armarouge|1/100
|-ability|p1a: Armarouge|Weak Armor|boost
|-unboost|p1a: Armarouge|def|1
|-boost|p1a: Armarouge|spe|2
|
|-damage|p2a: El Scorcho|70/100 brn|[from] brn
|upkeep
|turn|24
|
|t:|1776104301
|move|p1a: Armarouge|Endure||[still]
|-fail|p1a: Armarouge
|move|p2a: El Scorcho|Facade|p1a: Armarouge
|-damage|p1a: Armarouge|0 fnt
|faint|p1a: Armarouge
|
|win|brogre35
|raw|V0ldy's rating: 1641 &rarr; <strong>1621</strong><br />(-20 for losing)
|raw|brogre35's rating: 1649 &rarr; <strong>1669</strong><br />(+20 for winning)
|l|☆V0ldy
|player|p1|
|l|☆brogre35
|player|p2|
|j| samurajen
