|html|<div class="broadcast-blue"><strong>[Gen 9] OU is currently suspecting Tera Blast! For information on how to participate check out the <a href="https://www.smogon.com/tools/suspects/view/200">suspect thread</a>.</strong></div>
|j|☆Bidoof132
|j|☆11dawuuuud
|t:|1776345872
|gametype|singles
|player|p1|Bidoof132|steven|1152
|player|p2|11dawuuuud|psychic-gen4|1148
|gen|9
|tier|[Gen 9] OU
|rated|
|rule|HP Percentage Mod: HP is shown in percentages
|rule|Endless Battle Clause: Forcing endless battles is banned
|rule|Species Clause: Limit one of each Pokémon
|rule|OHKO Clause: OHKO moves are banned
|rule|Evasion Items Clause: Evasion items are banned
|rule|Evasion Moves Clause: Evasion moves are banned
|rule|Evasion Abilities Clause: Evasion abilities are banned
|rule|Sleep Moves Clause: Sleep-inducing moves are banned
|clearpoke
|poke|p1|Serperior, M|
|poke|p1|Great Tusk|
|poke|p1|Raging Bolt|
|poke|p1|Latios, M|
|poke|p1|Cloyster, F|
|poke|p1|Quaquaval, M|
|poke|p2|Meowstic, M|
|poke|p2|Corviknight, M|
|poke|p2|Enamorus, F|
|poke|p2|Primarina, M|
|poke|p2|Krookodile, M|
|poke|p2|Ceruledge, F|
|teampreview
|inactive|Battle timer is ON: inactive players will automatically lose when time's up. (requested by 11dawuuuud)
|
|t:|1776345884
|teamsize|p1|6
|teamsize|p2|6
|start
|switch|p1a: Clobster|Cloyster, F, shiny|100/100
|switch|p2a: Meowstic|Meowstic, M, shiny|100/100
|turn|1
|
|t:|1776345888
|move|p2a: Meowstic|Fake Out|p1a: Clobster
|-damage|p1a: Clobster|96/100
|cant|p1a: Clobster|flinch
|
|upkeep
|turn|2
|
|t:|1776345894
|move|p2a: Meowstic|Skill Swap|p1a: Clobster
|-activate|p2a: Meowstic|Skill Swap|Skill Link|Prankster|[of] p1a: Clobster
|move|p1a: Clobster|Shell Smash|p1a: Clobster
|-unboost|p1a: Clobster|def|1
|-unboost|p1a: Clobster|spd|1
|-boost|p1a: Clobster|atk|2
|-boost|p1a: Clobster|spa|2
|-boost|p1a: Clobster|spe|2
|
|upkeep
|turn|3
|
|t:|1776345900
|move|p1a: Clobster|Icicle Spear|p2a: Meowstic
|-damage|p2a: Meowstic|72/100
|-damage|p2a: Meowstic|46/100
|-damage|p2a: Meowstic|17/100
|-hitcount|p2a: Meowstic|3
|move|p2a: Meowstic|Thunder Wave|p1a: Clobster
|-status|p1a: Clobster|par
|
|-heal|p2a: Meowstic|24/100|[from] item: Leftovers
|upkeep
|turn|4
|
|t:|1776345909
|move|p2a: Meowstic|Reflect|p2a: Meowstic
|-sidestart|p2: 11dawuuuud|Reflect
|move|p1a: Clobster|Icicle Spear|p2a: Meowstic
|-damage|p2a: Meowstic|9/100
|-damage|p2a: Meowstic|0 fnt
|faint|p2a: Meowstic
|-hitcount|p2: Meowstic|2
|
|upkeep
|
|t:|1776345932
|switch|p2a: Enamorus|Enamorus, F, shiny|100/100
|turn|5
|
|t:|1776345936
|move|p2a: Enamorus|Superpower|p1a: Clobster
|-supereffective|p1a: Clobster
|-damage|p1a: Clobster|0 fnt
|-boost|p2a: Enamorus|atk|1
|-boost|p2a: Enamorus|def|1
|faint|p1a: Clobster
|
|upkeep
|
|t:|1776345941
|switch|p1a: giraffe|Raging Bolt|100/100
|-enditem|p1a: giraffe|Booster Energy
|-activate|p1a: giraffe|ability: Protosynthesis|[fromitem]
|-start|p1a: giraffe|protosynthesisspa
|turn|6
|
|t:|1776345949
|switch|p2a: Krookodile|Krookodile, M|100/100
|move|p1a: giraffe|Thunderclap||[still]
|-fail|p1a: giraffe
|
|upkeep
|turn|7
|
|t:|1776345957
|-end|p1a: giraffe|Protosynthesis|[silent]
|switch|p1a: Gliscor Rappist|Latios, M, shiny|100/100
|move|p2a: Krookodile|Earthquake|p1a: Gliscor Rappist
|-immune|p1a: Gliscor Rappist|[from] ability: Levitate
|
|upkeep
|turn|8
|
|t:|1776345967
|switch|p2a: Primarina|Primarina, M|100/100
|-terastallize|p1a: Gliscor Rappist|Fairy
|move|p1a: Gliscor Rappist|Tera Blast|p2a: Primarina|[anim] Tera Blast Fairy
|-damage|p2a: Primarina|75/100
|
|-heal|p2a: Primarina|81/100|[from] item: Leftovers
|-sideend|p2: 11dawuuuud|Reflect
|upkeep
|turn|9
|
|t:|1776345974
|move|p1a: Gliscor Rappist|Luster Purge|p2a: Primarina
|-damage|p2a: Primarina|42/100
|-unboost|p2a: Primarina|spd|1
|move|p2a: Primarina|Calm Mind|p2a: Primarina
|-boost|p2a: Primarina|spa|1
|-boost|p2a: Primarina|spd|1
|
|-heal|p2a: Primarina|48/100|[from] item: Leftovers
|upkeep
|turn|10
|
|t:|1776345984
|move|p1a: Gliscor Rappist|Luster Purge|p2a: Primarina
|-damage|p2a: Primarina|14/100
|-unboost|p2a: Primarina|spd|1
|move|p2a: Primarina|Sparkling Aria|p1a: Gliscor Rappist
|-damage|p1a: Gliscor Rappist|14/100
|
|-heal|p2a: Primarina|20/100|[from] item: Leftovers
|upkeep
|turn|11
|
|t:|1776346002
|move|p1a: Gliscor Rappist|Luster Purge|p2a: Primarina
|-crit|p2a: Primarina
|-damage|p2a: Primarina|0 fnt
|faint|p2a: Primarina
|
|upkeep
|
|t:|1776346010
|switch|p2a: Enamorus|Enamorus, F, shiny|100/100
|turn|12
|
|t:|1776346018
|move|p2a: Enamorus|Play Rough|p1a: Gliscor Rappist
|-damage|p1a: Gliscor Rappist|0 fnt
|faint|p1a: Gliscor Rappist
|
|upkeep
|
|t:|1776346025
|switch|p1a: giraffe|Raging Bolt|100/100
|turn|13
|
|t:|1776346030
|switch|p2a: Krookodile|Krookodile, M|100/100
|move|p1a: giraffe|Draco Meteor|p2a: Krookodile
|-damage|p2a: Krookodile|0 fnt
|-unboost|p1a: giraffe|spa|2
|faint|p2a: Krookodile
|
|upkeep
|
|t:|1776346036
|switch|p2a: Enamorus|Enamorus, F, shiny|100/100
|turn|14
|
|t:|1776346043
|-end|p1a: giraffe|Protosynthesis|[silent]
|switch|p1a: Quaquaval|Quaquaval, M, shiny|100/100
|move|p2a: Enamorus|Play Rough|p1a: Quaquaval
|-supereffective|p1a: Quaquaval
|-damage|p1a: Quaquaval|0 fnt
|faint|p1a: Quaquaval
|
|upkeep
|
|t:|1776346046
|switch|p1a: giraffe|Raging Bolt|100/100
|turn|15
|
|t:|1776346054
|-terastallize|p2a: Enamorus|Fairy
|move|p1a: giraffe|Thunderclap|p2a: Enamorus
|-damage|p2a: Enamorus|41/100
|move|p2a: Enamorus|Play Rough|p1a: giraffe
|-supereffective|p1a: giraffe
|-damage|p1a: giraffe|0 fnt
|faint|p1a: giraffe
|-end|p1a: giraffe|Protosynthesis|[silent]
|
|upkeep
|
|t:|1776346059
|switch|p1a: Serpent|Serperior, M, shiny|100/100
|turn|16
|
|t:|1776346065
|move|p2a: Enamorus|Play Rough|p1a: Serpent
|-damage|p1a: Serpent|31/100
|move|p1a: Serpent|Leaf Storm|p2a: Enamorus
|-damage|p2a: Enamorus|0 fnt
|-boost|p1a: Serpent|spa|2
|faint|p2a: Enamorus
|-damage|p1a: Serpent|21/100|[from] item: Life Orb
|
|upkeep
|
|t:|1776346073
|switch|p2a: Ceruledge|Ceruledge, F|100/100
|turn|17
|
|t:|1776346081
|move|p1a: Serpent|Giga Drain|p2a: Ceruledge
|-resisted|p2a: Ceruledge
|-damage|p2a: Ceruledge|56/100
|-heal|p1a: Serpent|44/100|[from] drain|[of] p2a: Ceruledge
|-damage|p1a: Serpent|34/100|[from] item: Life Orb
|move|p2a: Ceruledge|Bitter Blade|p1a: Serpent
|-supereffective|p1a: Serpent
|-damage|p1a: Serpent|0 fnt
|-heal|p2a: Ceruledge|73/100|[from] drain|[of] p1a: Serpent
|faint|p1a: Serpent
|
|upkeep
|
|t:|1776346084
|switch|p1a: Great husk|Great Tusk|100/100
|-enditem|p1a: Great husk|Booster Energy
|-activate|p1a: Great husk|ability: Protosynthesis|[fromitem]
|-start|p1a: Great husk|protosynthesisatk
|turn|18
|
|t:|1776346091
|switch|p2a: Corviknight|Corviknight, M|100/100
|move|p1a: Great husk|Knock Off|p2a: Corviknight
|-damage|p2a: Corviknight|73/100
|-enditem|p2a: Corviknight|Leftovers|[from] move: Knock Off|[of] p1a: Great husk
|
|upkeep
|turn|19
|
|t:|1776346097
|move|p1a: Great husk|Close Combat|p2a: Corviknight
|-damage|p2a: Corviknight|22/100
|-unboost|p1a: Great husk|def|1
|-unboost|p1a: Great husk|spd|1
|move|p2a: Corviknight|Tailwind|p2a: Corviknight
|-sidestart|p2: 11dawuuuud|move: Tailwind
|
|upkeep
|turn|20
|
|t:|1776346102
|move|p2a: Corviknight|Roost|p2a: Corviknight
|-heal|p2a: Corviknight|72/100
|-singleturn|p2a: Corviknight|move: Roost
|move|p1a: Great husk|Close Combat|p2a: Corviknight
|-supereffective|p2a: Corviknight
|-damage|p2a: Corviknight|0 fnt
|-unboost|p1a: Great husk|def|1
|-unboost|p1a: Great husk|spd|1
|faint|p2a: Corviknight
|
|upkeep
|
|t:|1776346105
|switch|p2a: Ceruledge|Ceruledge, F|73/100
|turn|21
|
|t:|1776346110
|move|p2a: Ceruledge|Destiny Bond|p2a: Ceruledge
|-singlemove|p2a: Ceruledge|Destiny Bond
|move|p1a: Great husk|Headlong Rush|p2a: Ceruledge
|-supereffective|p2a: Ceruledge
|-damage|p2a: Ceruledge|0 fnt
|-unboost|p1a: Great husk|def|1
|-unboost|p1a: Great husk|spd|1
|faint|p2a: Ceruledge
|-activate|p2a: Ceruledge|move: Destiny Bond
|faint|p1a: Great husk
|-end|p1a: Great husk|Protosynthesis|[silent]
|
|win|Bidoof132
|raw|Bidoof132's rating: 1152 &rarr; <strong>1177</strong><br />(+25 for winning)
|raw|11dawuuuud's rating: 1148 &rarr; <strong>1123</strong><br />(-25 for losing)
