|html|<div class="broadcast-blue"><strong>[Gen 9] OU is currently suspecting Tera Blast! For information on how to participate check out the <a href="https://www.smogon.com/tools/suspects/view/200">suspect thread</a>.</strong></div>
|j|☆Coldwiii
|j|☆P1k7
|t:|1776114434
|gametype|singles
|player|p1|Coldwiii|102|1690
|player|p2|P1k7|266|1756
|gen|9
|tier|[Gen 9] OU
|rated|
|rule|HP Percentage Mod: HP is shown in percentages
|rule|Endless Battle Clause: Forcing endless battles is banned
|rule|Species Clause: Limit one of each Pokémon
|rule|OHKO Clause: OHKO moves are banned
|rule|Evasion Items Clause: Evasion items are banned
|rule|Evasion Moves Clause: Evasion moves are banned
|rule|Evasion Abilities Clause: Evasion abilities are banned
|rule|Sleep Moves Clause: Sleep-inducing moves are banned
|clearpoke
|poke|p1|Moltres|
|poke|p1|Zamazenta-*|
|poke|p1|Dragapult, F|
|poke|p1|Iron Treads|
|poke|p1|Alomomola, F|
|poke|p1|Weezing-Galar, F|
|poke|p2|Darkrai|
|poke|p2|Raging Bolt|
|poke|p2|Great Tusk|
|poke|p2|Pecharunt|
|poke|p2|Moltres|
|poke|p2|Garganacl, M|
|teampreview
|inactive|Battle timer is ON: inactive players will automatically lose when time's up. (requested by P1k7)
|j| ohko_smeargle
|c|☆Coldwiii|glhf
|
|t:|1776114460
|teamsize|p1|6
|teamsize|p2|6
|start
|switch|p1a: Weezing|Weezing-Galar, F|100/100
|switch|p2a: Darkrai|Darkrai|100/100
|-ability|p1a: Weezing|Neutralizing Gas
|turn|1
|
|t:|1776114474
|switch|p2a: Pecharunt|Pecharunt|100/100
|move|p1a: Weezing|Toxic|p2a: Pecharunt
|-immune|p2a: Pecharunt
|
|upkeep
|turn|2
|
|t:|1776114481
|-end|p1a: Weezing|ability: Neutralizing Gas
|switch|p1a: Iron Treads|Iron Treads|100/100
|move|p2a: Pecharunt|Parting Shot|p1a: Iron Treads
|-unboost|p1a: Iron Treads|atk|1
|-unboost|p1a: Iron Treads|spa|1
|j| Bjork-69
|
|t:|1776114510
|switch|p2a: Darkrai|Darkrai|100/100|[from] Parting Shot
|
|upkeep
|turn|3
|l|☆P1k7
|inactive|P1k7 disconnected and has a minute to reconnect!
|player|p2|
|j| antologyy
|j|☆P1k7
|inactive|P1k7 reconnected and has 115 seconds left.
|player|p2|P1k7|266|
|inactive|Coldwiii has 120 seconds left.
|c|☆P1k7|Hf
|
|t:|1776114565
|-end|p1a: Iron Treads|Quark Drive|[silent]
|switch|p1a: Alomomola|Alomomola, F, shiny|100/100
|-terastallize|p2a: Darkrai|Dark
|move|p2a: Darkrai|Dark Pulse|p1a: Alomomola
|-damage|p1a: Alomomola|59/100
|
|upkeep
|turn|4
|inactive|P1k7 has 120 seconds left.
|inactive|Coldwiii has 90 seconds left.
|
|t:|1776114586
|switch|p1a: Zamazenta|Zamazenta|100/100
|-ability|p1a: Zamazenta|Dauntless Shield|boost
|-boost|p1a: Zamazenta|def|1
|move|p2a: Darkrai|Dark Pulse|p1a: Zamazenta
|-resisted|p1a: Zamazenta
|-damage|p1a: Zamazenta|63/100
|
|upkeep
|turn|5
|
|t:|1776114594
|switch|p2a: Pecharunt|Pecharunt|100/100
|move|p1a: Zamazenta|Stone Edge|p2a: Pecharunt
|-damage|p2a: Pecharunt|74/100
|
|upkeep
|turn|6
|
|t:|1776114604
|switch|p1a: Iron Treads|Iron Treads|100/100
|move|p2a: Pecharunt|Recover|p2a: Pecharunt
|-heal|p2a: Pecharunt|100/100
|
|upkeep
|turn|7
|inactive|Coldwiii has 90 seconds left.
|
|t:|1776114633
|switch|p2a: Great Tusk|Great Tusk|100/100
|move|p1a: Iron Treads|Stealth Rock|p2a: Great Tusk
|-sidestart|p2: P1k7|move: Stealth Rock
|
|upkeep
|turn|8
|
|t:|1776114637
|-end|p1a: Iron Treads|Quark Drive|[silent]
|switch|p1a: Moltres|Moltres, shiny|100/100
|move|p2a: Great Tusk|Rapid Spin|p1a: Moltres
|-damage|p1a: Moltres|89/100
|-boost|p2a: Great Tusk|spe|1
|-sideend|p2: P1k7|Stealth Rock|[from] move: Rapid Spin|[of] p2a: Great Tusk
|
|upkeep
|turn|9
|
|t:|1776114642
|-end|p2a: Great Tusk|Protosynthesis|[silent]
|switch|p2a: Raging Bolt|Raging Bolt|100/100
|move|p1a: Moltres|U-turn|p2a: Raging Bolt
|-damage|p2a: Raging Bolt|86/100
|
|t:|1776114651
|switch|p1a: Dragapult|Dragapult, F, shiny|100/100|[from] U-turn
|
|upkeep
|turn|10
|
|t:|1776114655
|-end|p2a: Raging Bolt|Protosynthesis|[silent]
|switch|p2a: Garganacl|Garganacl, M|100/100
|-terastallize|p1a: Dragapult|Dragon
|move|p1a: Dragapult|Dragon Darts|p2a: Garganacl
|-damage|p2a: Garganacl|84/100
|-anim|p1a: Dragapult|Dragon Darts|p2a: Garganacl
|-damage|p2a: Garganacl|67/100
|
|-heal|p2a: Garganacl|73/100|[from] item: Leftovers
|upkeep
|turn|11
|
|t:|1776114669
|move|p1a: Dragapult|U-turn|p2a: Garganacl
|-damage|p2a: Garganacl|61/100
|inactive|Coldwiii has 90 seconds left.
|
|t:|1776114721
|switch|p1a: Weezing|Weezing-Galar, F|100/100|[from] U-turn
|-ability|p1a: Weezing|Neutralizing Gas
|move|p2a: Garganacl|Salt Cure|p1a: Weezing
|-damage|p1a: Weezing|92/100
|-start|p1a: Weezing|Salt Cure
|
|-heal|p1a: Weezing|98/100|[from] item: Leftovers
|-heal|p2a: Garganacl|68/100|[from] item: Leftovers
|-damage|p1a: Weezing|86/100|[from] Salt Cure
|upkeep
|turn|12
|
|t:|1776114725
|move|p2a: Garganacl|Protect|p2a: Garganacl
|-singleturn|p2a: Garganacl|Protect
|move|p1a: Weezing|Toxic|p2a: Garganacl
|-activate|p2a: Garganacl|move: Protect
|
|-heal|p1a: Weezing|92/100|[from] item: Leftovers
|-heal|p2a: Garganacl|74/100|[from] item: Leftovers
|-damage|p1a: Weezing|79/100|[from] Salt Cure
|upkeep
|turn|13
|l| Bjork-69
|
|t:|1776114729
|-end|p1a: Weezing|ability: Neutralizing Gas
|switch|p1a: Iron Treads|Iron Treads|100/100
|switch|p2a: Pecharunt|Pecharunt|100/100
|
|upkeep
|turn|14
|
|t:|1776114733
|switch|p2a: Moltres|Moltres|100/100
|move|p1a: Iron Treads|Stealth Rock|p2a: Moltres
|-sidestart|p2: P1k7|move: Stealth Rock
|
|upkeep
|turn|15
|
|t:|1776114737
|-end|p1a: Iron Treads|Quark Drive|[silent]
|switch|p1a: Moltres|Moltres, shiny|89/100
|move|p2a: Moltres|Flamethrower|p1a: Moltres
|-resisted|p1a: Moltres
|-damage|p1a: Moltres|72/100
|
|upkeep
|turn|16
|
|t:|1776114742
|move|p2a: Moltres|U-turn|p1a: Moltres
|-resisted|p1a: Moltres
|-damage|p1a: Moltres|69/100
|
|t:|1776114748
|switch|p2a: Garganacl|Garganacl, M|74/100|[from] U-turn
|-damage|p2a: Garganacl|61/100|[from] Stealth Rock
|move|p1a: Moltres|U-turn|p2a: Garganacl
|-damage|p2a: Garganacl|54/100
|inactive|Coldwiii has 120 seconds left.
|inactive|Coldwiii has 90 seconds left.
|
|t:|1776114795
|switch|p1a: Iron Treads|Iron Treads|100/100|[from] U-turn
|
|-heal|p2a: Garganacl|60/100|[from] item: Leftovers
|upkeep
|turn|17
|
|t:|1776114798
|move|p2a: Garganacl|Protect|p2a: Garganacl
|-singleturn|p2a: Garganacl|Protect
|move|p1a: Iron Treads|Knock Off|p2a: Garganacl
|-activate|p2a: Garganacl|move: Protect
|
|-heal|p2a: Garganacl|66/100|[from] item: Leftovers
|upkeep
|turn|18
|
|t:|1776114801
|switch|p2a: Moltres|Moltres|100/100
|move|p1a: Iron Treads|Knock Off|p2a: Moltres
|-damage|p2a: Moltres|72/100
|-enditem|p2a: Moltres|Heavy-Duty Boots|[from] move: Knock Off|[of] p1a: Iron Treads
|
|upkeep
|turn|19
|
|t:|1776114806
|-end|p1a: Iron Treads|Quark Drive|[silent]
|switch|p1a: Alomomola|Alomomola, F, shiny|92/100
|move|p2a: Moltres|U-turn|p1a: Alomomola
|-damage|p1a: Alomomola|80/100
|
|t:|1776114818
|switch|p2a: Garganacl|Garganacl, M|66/100|[from] U-turn
|-damage|p2a: Garganacl|54/100|[from] Stealth Rock
|
|-heal|p2a: Garganacl|60/100|[from] item: Leftovers
|upkeep
|turn|20
|
|t:|1776114824
|move|p1a: Alomomola|Flip Turn|p2a: Garganacl
|-supereffective|p2a: Garganacl
|-damage|p2a: Garganacl|45/100
|
|t:|1776114832
|switch|p1a: Zamazenta|Zamazenta|63/100|[from] Flip Turn
|move|p2a: Garganacl|Recover|p2a: Garganacl
|-heal|p2a: Garganacl|95/100
|
|-heal|p2a: Garganacl|100/100|[from] item: Leftovers
|upkeep
|turn|21
|
|t:|1776114838
|switch|p1a: Iron Treads|Iron Treads|100/100
|switch|p2a: Pecharunt|Pecharunt|100/100
|-damage|p2a: Pecharunt|88/100|[from] Stealth Rock
|
|upkeep
|turn|22
|
|t:|1776114853
|switch|p2a: Great Tusk|Great Tusk|100/100
|move|p1a: Iron Treads|Earthquake|p2a: Great Tusk
|-damage|p2a: Great Tusk|71/100
|
|upkeep
|turn|23
|
|t:|1776114865
|-end|p1a: Iron Treads|Quark Drive|[silent]
|switch|p1a: Moltres|Moltres, shiny|69/100
|move|p2a: Great Tusk|Headlong Rush|p1a: Moltres
|-immune|p1a: Moltres
|
|upkeep
|turn|24
|
|t:|1776114874
|-end|p2a: Great Tusk|Protosynthesis|[silent]
|switch|p2a: Garganacl|Garganacl, M|100/100
|-damage|p2a: Garganacl|88/100|[from] Stealth Rock
|move|p1a: Moltres|Roar|p2a: Garganacl
|drag|p2a: Pecharunt|Pecharunt|88/100
|-damage|p2a: Pecharunt|76/100|[from] Stealth Rock
|
|upkeep
|turn|25
|
|t:|1776114882
|switch|p1a: Iron Treads|Iron Treads|100/100
|move|p2a: Pecharunt|Parting Shot|p1a: Iron Treads
|-unboost|p1a: Iron Treads|atk|1
|-unboost|p1a: Iron Treads|spa|1
|
|t:|1776114885
|switch|p2a: Darkrai|Darkrai, tera:Dark|100/100|[from] Parting Shot
|-damage|p2a: Darkrai|88/100|[from] Stealth Rock
|
|upkeep
|turn|26
|
|t:|1776114904
|-end|p1a: Iron Treads|Quark Drive|[silent]
|switch|p1a: Alomomola|Alomomola, F, shiny|100/100
|move|p2a: Darkrai|Dark Pulse|p1a: Alomomola
|-crit|p1a: Alomomola
|-damage|p1a: Alomomola|35/100
|
|upkeep
|turn|27
|
|t:|1776114925
|switch|p1a: Zamazenta|Zamazenta|63/100
|move|p2a: Darkrai|Dark Pulse|p1a: Zamazenta
|-resisted|p1a: Zamazenta
|-damage|p1a: Zamazenta|23/100
|
|upkeep
|turn|28
|j| unfezant enjoyer
|
|t:|1776114938
|switch|p2a: Pecharunt|Pecharunt|76/100
|-damage|p2a: Pecharunt|63/100|[from] Stealth Rock
|move|p1a: Zamazenta|Stone Edge|p2a: Pecharunt
|-crit|p2a: Pecharunt
|-damage|p2a: Pecharunt|25/100
|
|upkeep
|turn|29
|
|t:|1776114944
|move|p1a: Zamazenta|Stone Edge|p2a: Pecharunt
|-damage|p2a: Pecharunt|0 fnt
|faint|p2a: Pecharunt
|
|upkeep
|c|☆P1k7|Crit for a crit
|j| Professor Aaron
|l| unfezantenjoyer
|
|t:|1776114963
|switch|p2a: Great Tusk|Great Tusk|71/100
|turn|30
|l| Professor Aaron
|
|t:|1776114971
|switch|p1a: Moltres|Moltres, shiny|69/100
|move|p2a: Great Tusk|Rapid Spin|p1a: Moltres
|-damage|p1a: Moltres|56/100
|-boost|p2a: Great Tusk|spe|1
|-status|p2a: Great Tusk|brn|[from] ability: Flame Body|[of] p1a: Moltres
|-sideend|p2: P1k7|Stealth Rock|[from] move: Rapid Spin|[of] p2a: Great Tusk
|
|-damage|p2a: Great Tusk|64/100 brn|[from] brn
|upkeep
|turn|31
|c|☆Coldwiii|true
|inactive|P1k7 has 120 seconds left.
|
|t:|1776115006
|-end|p2a: Great Tusk|Protosynthesis|[silent]
|switch|p2a: Garganacl|Garganacl, M|88/100
|move|p1a: Moltres|U-turn|p2a: Garganacl
|-damage|p2a: Garganacl|80/100
|
|t:|1776115016
|switch|p1a: Weezing|Weezing-Galar, F|79/100|[from] U-turn
|-ability|p1a: Weezing|Neutralizing Gas
|
|-heal|p1a: Weezing|85/100|[from] item: Leftovers
|-heal|p2a: Garganacl|86/100|[from] item: Leftovers
|upkeep
|turn|32
|
|t:|1776115022
|move|p2a: Garganacl|Protect|p2a: Garganacl
|-singleturn|p2a: Garganacl|Protect
|move|p1a: Weezing|Toxic|p2a: Garganacl
|-activate|p2a: Garganacl|move: Protect
|
|-heal|p1a: Weezing|91/100|[from] item: Leftovers
|-heal|p2a: Garganacl|93/100|[from] item: Leftovers
|upkeep
|turn|33
|
|t:|1776115033
|switch|p2a: Great Tusk|Great Tusk|64/100 brn
|move|p1a: Weezing|Toxic||[still]
|-fail|p1a: Weezing
|
|-heal|p1a: Weezing|97/100|[from] item: Leftovers
|-damage|p2a: Great Tusk|58/100 brn|[from] brn
|upkeep
|turn|34
|
|t:|1776115040
|-end|p2a: Great Tusk|Protosynthesis|[silent]
|switch|p2a: Raging Bolt|Raging Bolt|86/100
|move|p1a: Weezing|Strange Steam|p2a: Raging Bolt
|-supereffective|p2a: Raging Bolt
|-damage|p2a: Raging Bolt|55/100
|-start|p2a: Raging Bolt|confusion
|
|-heal|p1a: Weezing|100/100|[from] item: Leftovers
|upkeep
|turn|35
|
|t:|1776115046
|-end|p2a: Raging Bolt|Protosynthesis|[silent]
|switch|p2a: Darkrai|Darkrai, tera:Dark|88/100
|-end|p1a: Weezing|ability: Neutralizing Gas
|switch|p1a: Iron Treads|Iron Treads|100/100
|
|upkeep
|turn|36
|
|t:|1776115067
|move|p2a: Darkrai|Dark Pulse|p1a: Iron Treads
|-damage|p1a: Iron Treads|16/100
|move|p1a: Iron Treads|Earthquake|p2a: Darkrai
|-damage|p2a: Darkrai|36/100
|
|-heal|p1a: Iron Treads|22/100|[from] item: Leftovers
|upkeep
|turn|37
|inactive|Coldwiii has 120 seconds left.
|
|t:|1776115093
|move|p2a: Darkrai|Dark Pulse|p1a: Iron Treads
|-damage|p1a: Iron Treads|0 fnt
|faint|p1a: Iron Treads
|-end|p1a: Iron Treads|Quark Drive|[silent]
|
|upkeep
|
|t:|1776115095
|switch|p1a: Alomomola|Alomomola, F, shiny|68/100
|turn|38
|
|t:|1776115106
|switch|p2a: Garganacl|Garganacl, M|93/100
|move|p1a: Alomomola|Flip Turn|p2a: Garganacl
|-supereffective|p2a: Garganacl
|-damage|p2a: Garganacl|75/100
|
|t:|1776115108
|switch|p1a: Weezing|Weezing-Galar, F|100/100|[from] Flip Turn
|-ability|p1a: Weezing|Neutralizing Gas
|
|-heal|p2a: Garganacl|81/100|[from] item: Leftovers
|upkeep
|turn|39
|
|t:|1776115112
|move|p2a: Garganacl|Protect|p2a: Garganacl
|-singleturn|p2a: Garganacl|Protect
|move|p1a: Weezing|Toxic|p2a: Garganacl
|-activate|p2a: Garganacl|move: Protect
|
|-heal|p2a: Garganacl|87/100|[from] item: Leftovers
|upkeep
|turn|40
|
|t:|1776115118
|switch|p2a: Great Tusk|Great Tusk|58/100 brn
|move|p1a: Weezing|Toxic||[still]
|-fail|p1a: Weezing
|
|-damage|p2a: Great Tusk|52/100 brn|[from] brn
|upkeep
|turn|41
|
|t:|1776115122
|move|p2a: Great Tusk|Headlong Rush|p1a: Weezing
|-supereffective|p1a: Weezing
|-damage|p1a: Weezing|59/100
|-unboost|p2a: Great Tusk|def|1
|-unboost|p2a: Great Tusk|spd|1
|move|p1a: Weezing|Strange Steam|p2a: Great Tusk
|-supereffective|p2a: Great Tusk
|-damage|p2a: Great Tusk|0 fnt
|faint|p2a: Great Tusk
|-end|p2a: Great Tusk|Protosynthesis|[silent]
|
|-heal|p1a: Weezing|65/100|[from] item: Leftovers
|upkeep
|l|☆P1k7
|inactive|P1k7 disconnected and has a minute to reconnect!
|player|p2|
|inactive|P1k7 has 30 seconds to reconnect!
|j|☆P1k7
|inactive|P1k7 reconnected and has 115 seconds left.
|player|p2|P1k7|266|
|inactive|P1k7 has 90 seconds left.
|
|t:|1776115186
|switch|p2a: Darkrai|Darkrai, tera:Dark|36/100
|turn|42
|
|t:|1776115197
|-end|p1a: Weezing|ability: Neutralizing Gas
|switch|p1a: Alomomola|Alomomola, F, shiny|100/100
|move|p2a: Darkrai|Sludge Bomb|p1a: Alomomola
|-damage|p1a: Alomomola|78/100
|-status|p1a: Alomomola|psn
|
|-damage|p1a: Alomomola|66/100 psn|[from] psn
|upkeep
|turn|43
|
|t:|1776115210
|switch|p2a: Raging Bolt|Raging Bolt|55/100
|move|p1a: Alomomola|Flip Turn|p2a: Raging Bolt
|-resisted|p2a: Raging Bolt
|-damage|p2a: Raging Bolt|47/100
|
|t:|1776115218
|switch|p1a: Dragapult|Dragapult, F, shiny, tera:Dragon|100/100|[from] Flip Turn
|
|upkeep
|turn|44
|
|t:|1776115236
|-end|p2a: Raging Bolt|Protosynthesis|[silent]
|switch|p2a: Moltres|Moltres|72/100
|move|p1a: Dragapult|U-turn|p2a: Moltres
|-resisted|p2a: Moltres
|-damage|p2a: Moltres|66/100
|-status|p1a: Dragapult|brn|[from] ability: Flame Body|[of] p2a: Moltres
|c|☆Coldwiii|wp
|
|t:|1776115252
|switch|p1a: Zamazenta|Zamazenta|23/100|[from] U-turn
|
|upkeep
|turn|45
|
|t:|1776115280
|move|p1a: Zamazenta|Stone Edge|p2a: Moltres
|-supereffective|p2a: Moltres
|-damage|p2a: Moltres|0 fnt
|faint|p2a: Moltres
|
|upkeep
|
|t:|1776115285
|switch|p2a: Garganacl|Garganacl, M|87/100
|turn|46
|
|t:|1776115293
|switch|p1a: Moltres|Moltres, shiny|56/100
|move|p2a: Garganacl|Salt Cure|p1a: Moltres
|-supereffective|p1a: Moltres
|-damage|p1a: Moltres|17/100
|-start|p1a: Moltres|Salt Cure
|
|-heal|p2a: Garganacl|93/100|[from] item: Leftovers
|-damage|p1a: Moltres|5/100|[from] Salt Cure
|upkeep
|turn|47
|
|t:|1776115300
|move|p1a: Moltres|Flamethrower|p2a: Garganacl
|-resisted|p2a: Garganacl
|-damage|p2a: Garganacl|75/100
|move|p2a: Garganacl|Stealth Rock|p1a: Moltres
|-sidestart|p1: Coldwiii|move: Stealth Rock
|
|-heal|p2a: Garganacl|81/100|[from] item: Leftovers
|-damage|p1a: Moltres|0 fnt|[from] Salt Cure
|faint|p1a: Moltres
|upkeep
|
|t:|1776115314
|switch|p1a: Zamazenta|Zamazenta|23/100
|-damage|p1a: Zamazenta|17/100|[from] Stealth Rock
|turn|48
|
|t:|1776115319
|move|p2a: Garganacl|Protect|p2a: Garganacl
|-singleturn|p2a: Garganacl|Protect
|move|p1a: Zamazenta|Close Combat|p2a: Garganacl
|-activate|p2a: Garganacl|move: Protect
|
|-heal|p2a: Garganacl|87/100|[from] item: Leftovers
|upkeep
|turn|49
|inactive|P1k7 has 120 seconds left.
|
|t:|1776115344
|switch|p2a: Darkrai|Darkrai, tera:Dark|36/100
|move|p1a: Zamazenta|Close Combat|p2a: Darkrai
|-supereffective|p2a: Darkrai
|-damage|p2a: Darkrai|0 fnt
|-unboost|p1a: Zamazenta|def|1
|-unboost|p1a: Zamazenta|spd|1
|faint|p2a: Darkrai
|
|upkeep
|
|t:|1776115346
|switch|p2a: Raging Bolt|Raging Bolt|47/100
|turn|50
|inactive|P1k7 has 120 seconds left.
|
|t:|1776115360
|switch|p1a: Alomomola|Alomomola, F, shiny|99/100 psn
|-damage|p1a: Alomomola|87/100 psn|[from] Stealth Rock
|move|p2a: Raging Bolt|Thunderclap||[still]
|-fail|p2a: Raging Bolt
|
|-damage|p1a: Alomomola|75/100 psn|[from] psn
|upkeep
|turn|51
|
|t:|1776115367
|move|p2a: Raging Bolt|Volt Switch|p1a: Alomomola
|-supereffective|p1a: Alomomola
|-damage|p1a: Alomomola|32/100 psn
|
|t:|1776115370
|-end|p2a: Raging Bolt|Protosynthesis|[silent]
|switch|p2a: Garganacl|Garganacl, M|87/100|[from] Volt Switch
|move|p1a: Alomomola|Flip Turn|p2a: Garganacl
|-supereffective|p2a: Garganacl
|-damage|p2a: Garganacl|72/100
|
|t:|1776115373
|switch|p1a: Zamazenta|Zamazenta|17/100|[from] Flip Turn
|-damage|p1a: Zamazenta|11/100|[from] Stealth Rock
|
|-heal|p2a: Garganacl|78/100|[from] item: Leftovers
|upkeep
|turn|52
|
|t:|1776115382
|move|p2a: Garganacl|Protect|p2a: Garganacl
|-singleturn|p2a: Garganacl|Protect
|move|p1a: Zamazenta|Close Combat|p2a: Garganacl
|-activate|p2a: Garganacl|move: Protect
|
|-heal|p2a: Garganacl|84/100|[from] item: Leftovers
|upkeep
|turn|53
|c|☆Coldwiii|ggs
|
|t:|1776115387
|move|p1a: Zamazenta|Close Combat|p2a: Garganacl
|-supereffective|p2a: Garganacl
|-damage|p2a: Garganacl|0 fnt
|-unboost|p1a: Zamazenta|def|1
|-unboost|p1a: Zamazenta|spd|1
|faint|p2a: Garganacl
|
|upkeep
|c|☆P1k7|Gg
|
|t:|1776115391
|switch|p2a: Raging Bolt|Raging Bolt|47/100
|turn|54
|
|t:|1776115395
|switch|p1a: Weezing|Weezing-Galar, F|65/100
|-ability|p1a: Weezing|Neutralizing Gas
|-damage|p1a: Weezing|53/100|[from] Stealth Rock
|move|p2a: Raging Bolt|Thunderclap||[still]
|-fail|p2a: Raging Bolt
|
|-heal|p1a: Weezing|59/100|[from] item: Leftovers
|upkeep
|turn|55
|
|t:|1776115399
|move|p2a: Raging Bolt|Thunderbolt|p1a: Weezing
|-damage|p1a: Weezing|0 fnt
|faint|p1a: Weezing
|-end|p1a: Weezing|ability: Neutralizing Gas
|
|upkeep
|
|t:|1776115403
|switch|p1a: Dragapult|Dragapult, F, shiny, tera:Dragon|100/100 brn
|turn|56
|
|t:|1776115406
|move|p1a: Dragapult|Dragon Darts|p2a: Raging Bolt
|-supereffective|p2a: Raging Bolt
|-damage|p2a: Raging Bolt|17/100
|-anim|p1a: Dragapult|Dragon Darts|p2a: Raging Bolt
|-supereffective|p2a: Raging Bolt
|-damage|p2a: Raging Bolt|0 fnt
|faint|p2a: Raging Bolt
|-end|p2a: Raging Bolt|Protosynthesis|[silent]
|
|win|Coldwiii
|raw|Coldwiii's rating: 1690 &rarr; <strong>1714</strong><br />(+24 for winning)
|raw|P1k7's rating: 1756 &rarr; <strong>1732</strong><br />(-24 for losing)
|l| ohko_smeargle
|l|☆P1k7
|player|p2|
