|html|<div class="broadcast-blue"><strong>[Gen 9] OU is currently suspecting Tera Blast! For information on how to participate check out the <a href="https://www.smogon.com/tools/suspects/view/200">suspect thread</a>.</strong></div>
|j|☆FinnedFrontier
|j|☆Darklight914
|t:|1776108086
|gametype|singles
|player|p1|FinnedFrontier|gladion|1052
|player|p2|Darklight914|169|1073
|gen|9
|tier|[Gen 9] OU
|rated|
|rule|HP Percentage Mod: HP is shown in percentages
|rule|Endless Battle Clause: Forcing endless battles is banned
|rule|Species Clause: Limit one of each Pokémon
|rule|OHKO Clause: OHKO moves are banned
|rule|Evasion Items Clause: Evasion items are banned
|rule|Evasion Moves Clause: Evasion moves are banned
|rule|Evasion Abilities Clause: Evasion abilities are banned
|rule|Sleep Moves Clause: Sleep-inducing moves are banned
|clearpoke
|poke|p1|Carbink, L1|
|poke|p1|Nosepass, L1, M|
|poke|p1|Glimmora, F|
|poke|p1|Veluza, M|
|poke|p1|Donphan, L1, M|
|poke|p1|Overqwil, M|
|poke|p2|Dipplin, F|
|poke|p2|Articuno-Galar|
|poke|p2|Toedscruel, M|
|poke|p2|Garganacl, M|
|poke|p2|Rotom-Fan|
|poke|p2|Delphox, M|
|teampreview
|
|t:|1776108094
|teamsize|p1|6
|teamsize|p2|6
|start
|switch|p1a: Sideburner|Veluza, M|100/100
|switch|p2a: Rotom|Rotom-Fan|100/100
|-ability|p1a: Sideburner|Mold Breaker
|turn|1
|
|t:|1776108100
|move|p1a: Sideburner|Final Gambit|p2a: Rotom
|-damage|p2a: Rotom|0 fnt
|faint|p1a: Sideburner
|faint|p2a: Rotom
|
|upkeep
|
|t:|1776108109
|switch|p2a: Garganacl|Garganacl, M|100/100
|switch|p1a: Brash Boulder|Glimmora, F|100/100
|-item|p1a: Brash Boulder|Air Balloon
|turn|2
|
|t:|1776108116
|switch|p2a: Articuno|Articuno-Galar|100/100
|move|p1a: Brash Boulder|Toxic Spikes|p2a: Articuno
|-sidestart|p2: Darklight914|move: Toxic Spikes
|
|upkeep
|turn|3
|
|t:|1776108124
|move|p1a: Brash Boulder|Sandstorm|p1a: Brash Boulder
|-weather|Sandstorm
|move|p2a: Articuno|Freezing Glare|p1a: Brash Boulder
|-supereffective|p1a: Brash Boulder
|-crit|p1a: Brash Boulder
|-damage|p1a: Brash Boulder|0 fnt
|-enditem|p1a: Brash Boulder|Air Balloon
|faint|p1a: Brash Boulder
|
|-weather|Sandstorm|[upkeep]
|-damage|p2a: Articuno|94/100|[from] Sandstorm
|upkeep
|
|t:|1776108137
|switch|p1a: Rock Wrecker|Carbink, L1|100/100
|turn|4
|inactive|Battle timer is ON: inactive players will automatically lose when time's up. (requested by Darklight914)
|
|t:|1776108142
|move|p2a: Articuno|Sunny Day|p2a: Articuno
|-weather|SunnyDay
|move|p1a: Rock Wrecker|Endeavor|p2a: Articuno
|-damage|p2a: Articuno|4/100
|
|-weather|SunnyDay|[upkeep]
|upkeep
|turn|5
|
|t:|1776108152
|switch|p1a: Mr. Caltrops|Overqwil, M|100/100
|move|p2a: Articuno|Recover|p2a: Articuno
|-heal|p2a: Articuno|54/100
|
|-weather|SunnyDay|[upkeep]
|upkeep
|turn|6
|
|t:|1776108163
|-terastallize|p1a: Mr. Caltrops|Dark
|move|p1a: Mr. Caltrops|Crunch|p2a: Articuno
|-supereffective|p2a: Articuno
|-damage|p2a: Articuno|0 fnt
|faint|p2a: Articuno
|
|-weather|SunnyDay|[upkeep]
|upkeep
|
|t:|1776108167
|switch|p2a: Toedscruel|Toedscruel, M|100/100
|-status|p2a: Toedscruel|psn
|turn|7
|
|t:|1776108176
|move|p2a: Toedscruel|Rapid Spin|p1a: Mr. Caltrops
|-damage|p1a: Mr. Caltrops|91/100
|-boost|p2a: Toedscruel|spe|1
|-sideend|p2: Darklight914|Toxic Spikes|[from] move: Rapid Spin|[of] p2a: Toedscruel
|move|p1a: Mr. Caltrops|Crunch|p2a: Toedscruel
|-damage|p2a: Toedscruel|44/100 psn
|
|-weather|SunnyDay|[upkeep]
|-heal|p1a: Mr. Caltrops|98/100|[from] item: Leftovers
|-damage|p2a: Toedscruel|32/100 psn|[from] psn
|upkeep
|turn|8
|
|t:|1776108185
|move|p2a: Toedscruel|Giga Drain|p1a: Mr. Caltrops
|-damage|p1a: Mr. Caltrops|62/100
|-heal|p2a: Toedscruel|50/100 psn|[from] drain|[of] p1a: Mr. Caltrops
|move|p1a: Mr. Caltrops|Toxic Spikes|p2a: Toedscruel
|-sidestart|p2: Darklight914|move: Toxic Spikes
|
|-weather|none
|-heal|p1a: Mr. Caltrops|68/100|[from] item: Leftovers
|-damage|p2a: Toedscruel|38/100 psn|[from] psn
|upkeep
|turn|9
|
|t:|1776108194
|move|p2a: Toedscruel|Giga Drain|p1a: Mr. Caltrops
|-damage|p1a: Mr. Caltrops|37/100
|-heal|p2a: Toedscruel|54/100 psn|[from] drain|[of] p1a: Mr. Caltrops
|move|p1a: Mr. Caltrops|Toxic Spikes|p2a: Toedscruel
|-sidestart|p2: Darklight914|move: Toxic Spikes
|
|-heal|p1a: Mr. Caltrops|43/100|[from] item: Leftovers
|-damage|p2a: Toedscruel|42/100 psn|[from] psn
|upkeep
|turn|10
|
|t:|1776108204
|move|p2a: Toedscruel|Giga Drain|p1a: Mr. Caltrops
|-damage|p1a: Mr. Caltrops|10/100
|-heal|p2a: Toedscruel|59/100 psn|[from] drain|[of] p1a: Mr. Caltrops
|move|p1a: Mr. Caltrops|Barb Barrage|p2a: Toedscruel
|-damage|p2a: Toedscruel|0 fnt
|faint|p2a: Toedscruel
|
|-heal|p1a: Mr. Caltrops|16/100|[from] item: Leftovers
|upkeep
|
|t:|1776108213
|switch|p2a: Garganacl|Garganacl, M|100/100
|turn|11
|
|t:|1776108222
|move|p1a: Mr. Caltrops|Self-Destruct|p2a: Garganacl
|-resisted|p2a: Garganacl
|-damage|p2a: Garganacl|85/100
|faint|p1a: Mr. Caltrops
|move|p2a: Garganacl|Body Press|p1: Mr. Caltrops|[notarget]
|-fail|p2a: Garganacl
|
|upkeep
|
|t:|1776108231
|switch|p1a: Little Wheelie|Donphan, L1, M|100/100
|turn|12
|
|t:|1776108237
|move|p2a: Garganacl|Body Press|p1a: Little Wheelie
|-ability|p1a: Little Wheelie|Sturdy
|-damage|p1a: Little Wheelie|9/100
|move|p1a: Little Wheelie|Endeavor|p2a: Garganacl
|-damage|p2a: Garganacl|1/100
|-heal|p1a: Little Wheelie|100/100|[from] item: Shell Bell|[of] p2a: Garganacl
|
|upkeep
|turn|13
|
|t:|1776108250
|move|p1a: Little Wheelie|Ice Shard|p2a: Garganacl
|-damage|p2a: Garganacl|0 fnt
|faint|p2a: Garganacl
|
|upkeep
|
|t:|1776108256
|switch|p2a: Dipplin|Dipplin, F|100/100
|-status|p2a: Dipplin|tox
|turn|14
|-message|Darklight914 forfeited.
|
|win|FinnedFrontier
|raw|FinnedFrontier's rating: 1052 &rarr; <strong>1089</strong><br />(+37 for winning)
|raw|Darklight914's rating: 1101 &rarr; <strong>1072</strong><br />(-29 for losing)
|l|☆Darklight914
|player|p2|
|l|☆FinnedFrontier
|player|p1|
