|html|<div class="broadcast-blue"><strong>[Gen 9] OU is currently suspecting Tera Blast! For information on how to participate check out the <a href="https://www.smogon.com/tools/suspects/view/200">suspect thread</a>.</strong></div>
|j|☆mapleman1218
|j|☆yatinaz
|t:|1776105477
|gametype|singles
|player|p1|mapleman1218|ghetsis|1278
|player|p2|yatinaz|265|1310
|gen|9
|tier|[Gen 9] OU
|rated|
|rule|HP Percentage Mod: HP is shown in percentages
|rule|Endless Battle Clause: Forcing endless battles is banned
|rule|Species Clause: Limit one of each Pokémon
|rule|OHKO Clause: OHKO moves are banned
|rule|Evasion Items Clause: Evasion items are banned
|rule|Evasion Moves Clause: Evasion moves are banned
|rule|Evasion Abilities Clause: Evasion abilities are banned
|rule|Sleep Moves Clause: Sleep-inducing moves are banned
|clearpoke
|poke|p1|Krookodile, M|
|poke|p1|Tyranitar, M|
|poke|p1|Ogerpon-Wellspring, F|
|poke|p1|Gholdengo|
|poke|p1|Enamorus, F|
|poke|p1|Raging Bolt|
|poke|p2|Iron Moth|
|poke|p2|Iron Boulder|
|poke|p2|Iron Hands|
|poke|p2|Iron Treads|
|poke|p2|Ogerpon-Wellspring, F|
|poke|p2|Scream Tail|
|teampreview
|inactive|Battle timer is ON: inactive players will automatically lose when time's up. (requested by mapleman1218)
|inactive|yatinaz has 120 seconds left.
|
|t:|1776105526
|teamsize|p1|6
|teamsize|p2|6
|start
|switch|p1a: Tyranitar|Tyranitar, M, shiny|100/100
|switch|p2a: Iron Moth|Iron Moth|100/100
|-weather|Sandstorm|[from] ability: Sand Stream|[of] p1a: Tyranitar
|-enditem|p2a: Iron Moth|Booster Energy
|-activate|p2a: Iron Moth|ability: Quark Drive|[fromitem]
|-start|p2a: Iron Moth|quarkdrivespe
|turn|1
|
|t:|1776105535
|-terastallize|p2a: Iron Moth|Ground
|move|p2a: Iron Moth|Tera Blast|p1a: Tyranitar|[anim] Tera Blast Ground
|-supereffective|p1a: Tyranitar
|-damage|p1a: Tyranitar|54/100
|move|p1a: Tyranitar|Stealth Rock|p2a: Iron Moth
|-sidestart|p2: yatinaz|move: Stealth Rock
|
|-weather|Sandstorm|[upkeep]
|-heal|p1a: Tyranitar|61/100|[from] item: Leftovers
|upkeep
|turn|2
|
|t:|1776105545
|move|p2a: Iron Moth|Tera Blast|p1a: Tyranitar|[anim] Tera Blast Ground
|-supereffective|p1a: Tyranitar
|-damage|p1a: Tyranitar|16/100
|move|p1a: Tyranitar|Ice Punch|p2a: Iron Moth
|-supereffective|p2a: Iron Moth
|-damage|p2a: Iron Moth|27/100
|
|-weather|Sandstorm|[upkeep]
|-heal|p1a: Tyranitar|22/100|[from] item: Leftovers
|upkeep
|turn|3
|
|t:|1776105556
|switch|p1a: Enamorus|Enamorus, F|100/100
|move|p2a: Iron Moth|Tera Blast|p1a: Enamorus|[anim] Tera Blast Ground
|-immune|p1a: Enamorus
|
|-weather|Sandstorm|[upkeep]
|-damage|p1a: Enamorus|94/100|[from] Sandstorm
|upkeep
|turn|4
|
|t:|1776105564
|move|p2a: Iron Moth|Sludge Wave|p1a: Enamorus
|-supereffective|p1a: Enamorus
|-damage|p1a: Enamorus|0 fnt
|faint|p1a: Enamorus
|
|-weather|Sandstorm|[upkeep]
|upkeep
|
|t:|1776105573
|switch|p1a: Raging Bolt|Raging Bolt|100/100
|-enditem|p1a: Raging Bolt|Booster Energy
|-activate|p1a: Raging Bolt|ability: Protosynthesis|[fromitem]
|-start|p1a: Raging Bolt|protosynthesisspa
|turn|5
|
|t:|1776105582
|move|p2a: Iron Moth|Tera Blast|p1a: Raging Bolt|[anim] Tera Blast Ground
|-supereffective|p1a: Raging Bolt
|-damage|p1a: Raging Bolt|31/100
|move|p1a: Raging Bolt|Dragon Pulse|p2a: Iron Moth
|-damage|p2a: Iron Moth|0 fnt
|faint|p2a: Iron Moth
|-end|p2a: Iron Moth|Quark Drive|[silent]
|
|-weather|none
|upkeep
|
|t:|1776105593
|switch|p2a: Scream Tail|Scream Tail|100/100
|-damage|p2a: Scream Tail|88/100|[from] Stealth Rock
|-enditem|p2a: Scream Tail|Booster Energy
|-activate|p2a: Scream Tail|ability: Protosynthesis|[fromitem]
|-start|p2a: Scream Tail|protosynthesisspe
|turn|6
|
|t:|1776105601
|move|p1a: Raging Bolt|Thunderclap|p2a: Scream Tail
|-damage|p2a: Scream Tail|49/100
|move|p2a: Scream Tail|Fire Blast|p1a: Raging Bolt|[miss]
|-miss|p2a: Scream Tail|p1a: Raging Bolt
|
|upkeep
|turn|7
|
|t:|1776105608
|move|p1a: Raging Bolt|Thunderclap||[still]
|-fail|p1a: Raging Bolt
|move|p2a: Scream Tail|Calm Mind|p2a: Scream Tail
|-boost|p2a: Scream Tail|spa|1
|-boost|p2a: Scream Tail|spd|1
|
|upkeep
|turn|8
|
|t:|1776105612
|move|p2a: Scream Tail|Dazzling Gleam|p1a: Raging Bolt
|-supereffective|p1a: Raging Bolt
|-damage|p1a: Raging Bolt|0 fnt
|faint|p1a: Raging Bolt
|-end|p1a: Raging Bolt|Protosynthesis|[silent]
|
|upkeep
|
|t:|1776105617
|switch|p1a: Tyranitar|Tyranitar, M, shiny|22/100
|-weather|Sandstorm|[from] ability: Sand Stream|[of] p1a: Tyranitar
|turn|9
|
|t:|1776105621
|move|p2a: Scream Tail|Dazzling Gleam|p1a: Tyranitar
|-supereffective|p1a: Tyranitar
|-damage|p1a: Tyranitar|0 fnt
|faint|p1a: Tyranitar
|
|-weather|Sandstorm|[upkeep]
|-damage|p2a: Scream Tail|43/100|[from] Sandstorm
|upkeep
|
|t:|1776105625
|switch|p1a: Gholdengo|Gholdengo, shiny|100/100
|turn|10
|
|t:|1776105630
|move|p2a: Scream Tail|Fire Blast|p1a: Gholdengo
|-supereffective|p1a: Gholdengo
|-damage|p1a: Gholdengo|7/100
|move|p1a: Gholdengo|Flash Cannon|p2a: Scream Tail
|-supereffective|p2a: Scream Tail
|-damage|p2a: Scream Tail|0 fnt
|faint|p2a: Scream Tail
|-end|p2a: Scream Tail|Protosynthesis|[silent]
|
|-weather|Sandstorm|[upkeep]
|upkeep
|
|t:|1776105645
|switch|p2a: Ogerpon|Ogerpon-Wellspring, F|100/100
|-damage|p2a: Ogerpon|88/100|[from] Stealth Rock
|turn|11
|
|t:|1776105651
|move|p2a: Ogerpon|Swords Dance|p2a: Ogerpon
|-boost|p2a: Ogerpon|atk|2
|move|p1a: Gholdengo|Flash Cannon|p2a: Ogerpon
|-resisted|p2a: Ogerpon
|-damage|p2a: Ogerpon|49/100
|-unboost|p2a: Ogerpon|spd|1
|
|-weather|Sandstorm|[upkeep]
|-damage|p2a: Ogerpon|43/100|[from] Sandstorm
|upkeep
|turn|12
|
|t:|1776105658
|move|p2a: Ogerpon|Ivy Cudgel|p1a: Gholdengo|[anim] Ivy Cudgel Water
|-damage|p1a: Gholdengo|0 fnt
|faint|p1a: Gholdengo
|
|-weather|Sandstorm|[upkeep]
|-damage|p2a: Ogerpon|37/100|[from] Sandstorm
|upkeep
|
|t:|1776105664
|switch|p1a: Krookodile|Krookodile, M|100/100
|turn|13
|
|t:|1776105678
|move|p1a: Krookodile|Crunch|p2a: Ogerpon
|-damage|p2a: Ogerpon|0 fnt
|faint|p2a: Ogerpon
|-ability|p1a: Krookodile|Moxie|boost
|-boost|p1a: Krookodile|atk|1
|
|-weather|none
|upkeep
|
|t:|1776105699
|switch|p2a: Iron Hands|Iron Hands|100/100
|-damage|p2a: Iron Hands|94/100|[from] Stealth Rock
|turn|14
|
|t:|1776105708
|switch|p1a: Ogerpon|Ogerpon-Wellspring, F|100/100
|move|p2a: Iron Hands|Swords Dance|p2a: Iron Hands
|-boost|p2a: Iron Hands|atk|2
|
|upkeep
|turn|15
|
|t:|1776105714
|move|p1a: Ogerpon|Encore|p2a: Iron Hands
|-start|p2a: Iron Hands|Encore
|move|p2a: Iron Hands|Swords Dance|p2a: Iron Hands
|-boost|p2a: Iron Hands|atk|2
|
|upkeep
|turn|16
|inactive|yatinaz has 120 seconds left.
|
|t:|1776105766
|-end|p2a: Iron Hands|Quark Drive|[silent]
|switch|p2a: Iron Treads|Iron Treads|100/100
|-damage|p2a: Iron Treads|97/100|[from] Stealth Rock
|-enditem|p2a: Iron Treads|Booster Energy
|-activate|p2a: Iron Treads|ability: Quark Drive|[fromitem]
|-start|p2a: Iron Treads|quarkdrivespe
|move|p1a: Ogerpon|Ivy Cudgel|p2a: Iron Treads|[anim] Ivy Cudgel Water
|-supereffective|p2a: Iron Treads
|-damage|p2a: Iron Treads|0 fnt
|faint|p2a: Iron Treads
|-end|p2a: Iron Treads|Quark Drive|[silent]
|
|upkeep
|
|t:|1776105780
|switch|p2a: Iron Hands|Iron Hands|94/100
|-damage|p2a: Iron Hands|88/100|[from] Stealth Rock
|turn|17
|
|t:|1776105789
|move|p1a: Ogerpon|Ivy Cudgel|p2a: Iron Hands|[anim] Ivy Cudgel Water
|-damage|p2a: Iron Hands|52/100
|move|p2a: Iron Hands|Drain Punch|p1a: Ogerpon
|-damage|p1a: Ogerpon|41/100
|-heal|p2a: Iron Hands|72/100|[from] drain|[of] p1a: Ogerpon
|
|upkeep
|turn|18
|
|t:|1776105806
|move|p1a: Ogerpon|Ivy Cudgel|p2a: Iron Hands|[anim] Ivy Cudgel Water
|-damage|p2a: Iron Hands|36/100
|move|p2a: Iron Hands|Drain Punch|p1a: Ogerpon
|-damage|p1a: Ogerpon|0 fnt
|-heal|p2a: Iron Hands|50/100|[from] drain|[of] p1a: Ogerpon
|faint|p1a: Ogerpon
|
|upkeep
|
|t:|1776105813
|switch|p1a: Krookodile|Krookodile, M|100/100
|turn|19
|
|t:|1776105819
|-terastallize|p1a: Krookodile|Ground
|move|p1a: Krookodile|Earthquake|p2a: Iron Hands
|-supereffective|p2a: Iron Hands
|-enditem|p2a: Iron Hands|Shuca Berry|[eat]
|-enditem|p2a: Iron Hands|Shuca Berry|[weaken]
|-damage|p2a: Iron Hands|6/100
|move|p2a: Iron Hands|Drain Punch|p1a: Krookodile
|-damage|p1a: Krookodile|46/100
|-heal|p2a: Iron Hands|27/100|[from] drain|[of] p1a: Krookodile
|
|upkeep
|turn|20
|
|t:|1776105834
|move|p1a: Krookodile|Earthquake|p2a: Iron Hands
|-supereffective|p2a: Iron Hands
|-damage|p2a: Iron Hands|0 fnt
|faint|p2a: Iron Hands
|-end|p2a: Iron Hands|Quark Drive|[silent]
|-ability|p1a: Krookodile|Moxie|boost
|-boost|p1a: Krookodile|atk|1
|
|upkeep
|
|t:|1776105848
|switch|p2a: Iron Boulder|Iron Boulder|100/100
|-damage|p2a: Iron Boulder|88/100|[from] Stealth Rock
|-enditem|p2a: Iron Boulder|Booster Energy
|-activate|p2a: Iron Boulder|ability: Quark Drive|[fromitem]
|-start|p2a: Iron Boulder|quarkdrivespe
|turn|21
|
|t:|1776105854
|move|p2a: Iron Boulder|Earthquake|p1a: Krookodile
|-damage|p1a: Krookodile|2/100
|move|p1a: Krookodile|Earthquake|p2a: Iron Boulder
|-supereffective|p2a: Iron Boulder
|-damage|p2a: Iron Boulder|0 fnt
|faint|p2a: Iron Boulder
|-end|p2a: Iron Boulder|Quark Drive|[silent]
|
|win|mapleman1218
|raw|mapleman1218's rating: 1278 &rarr; <strong>1305</strong><br />(+27 for winning)
|raw|yatinaz's rating: 1310 &rarr; <strong>1288</strong><br />(-22 for losing)
|l|☆yatinaz
|player|p2|
|l|☆mapleman1218
|player|p1|
