|html|<div class="broadcast-blue"><strong>[Gen 9] OU is currently suspecting Tera Blast! For information on how to participate check out the <a href="https://www.smogon.com/tools/suspects/view/200">suspect thread</a>.</strong></div>
|j|☆DExvish563
|j|☆MochiGX
|t:|1776114911
|gametype|singles
|player|p1|DExvish563|ingo|1155
|player|p2|MochiGX|bertha|1147
|gen|9
|tier|[Gen 9] OU
|rated|
|rule|HP Percentage Mod: HP is shown in percentages
|rule|Endless Battle Clause: Forcing endless battles is banned
|rule|Species Clause: Limit one of each Pokémon
|rule|OHKO Clause: OHKO moves are banned
|rule|Evasion Items Clause: Evasion items are banned
|rule|Evasion Moves Clause: Evasion moves are banned
|rule|Evasion Abilities Clause: Evasion abilities are banned
|rule|Sleep Moves Clause: Sleep-inducing moves are banned
|clearpoke
|poke|p1|Dusknoir, F|
|poke|p1|Incineroar, M|
|poke|p1|Quaquaval, F|
|poke|p1|Salamence, F|
|poke|p1|Scizor, M|
|poke|p1|Sandy Shocks|
|poke|p2|Quagsire, M|
|poke|p2|Goodra-Hisui, M|
|poke|p2|Heatran, M|
|poke|p2|Mismagius, F|
|poke|p2|Lokix, M|
|poke|p2|Azumarill, F|
|teampreview
|
|t:|1776114919
|teamsize|p1|6
|teamsize|p2|6
|start
|switch|p1a: Quaquaval|Quaquaval, F|100/100
|switch|p2a: AzumaPills 💊|Azumarill, F|100/100
|turn|1
|
|t:|1776114931
|switch|p1a: Scizor|Scizor, M|100/100
|move|p2a: AzumaPills 💊|Belly Drum|p2a: AzumaPills 💊
|-damage|p2a: AzumaPills 💊|50/100
|-setboost|p2a: AzumaPills 💊|atk|6|[from] move: Belly Drum
|-enditem|p2a: AzumaPills 💊|Sitrus Berry|[eat]
|-heal|p2a: AzumaPills 💊|75/100|[from] item: Sitrus Berry
|
|upkeep
|turn|2
|
|t:|1776114944
|-terastallize|p2a: AzumaPills 💊|Steel
|move|p2a: AzumaPills 💊|Aqua Jet|p1a: Scizor
|-damage|p1a: Scizor|0 fnt
|faint|p1a: Scizor
|
|upkeep
|
|t:|1776114961
|switch|p1a: Quaquaval|Quaquaval, F|100/100
|turn|3
|
|t:|1776114983
|move|p2a: AzumaPills 💊|Aqua Jet|p1a: Quaquaval
|-resisted|p1a: Quaquaval
|-crit|p1a: Quaquaval
|-damage|p1a: Quaquaval|18/100
|move|p1a: Quaquaval|Close Combat|p2a: AzumaPills 💊
|-supereffective|p2a: AzumaPills 💊
|-damage|p2a: AzumaPills 💊|0 fnt
|-unboost|p1a: Quaquaval|def|1
|-unboost|p1a: Quaquaval|spd|1
|faint|p2a: AzumaPills 💊
|-ability|p1a: Quaquaval|Moxie|boost
|-boost|p1a: Quaquaval|atk|1
|
|upkeep
|
|t:|1776114987
|switch|p2a: Diddy Blud 🥀|Lokix, M|100/100
|turn|4
|
|t:|1776115006
|move|p2a: Diddy Blud 🥀|First Impression|p1a: Quaquaval
|-resisted|p1a: Quaquaval
|-damage|p1a: Quaquaval|0 fnt
|faint|p1a: Quaquaval
|
|upkeep
|
|t:|1776115017
|switch|p1a: Sandy Shocks|Sandy Shocks, shiny|100/100
|-enditem|p1a: Sandy Shocks|Booster Energy
|-activate|p1a: Sandy Shocks|ability: Protosynthesis|[fromitem]
|-start|p1a: Sandy Shocks|protosynthesisspa
|turn|5
|
|t:|1776115024
|switch|p2a: Fake Smile 💔🙏😭|Goodra-Hisui, M|100/100
|move|p1a: Sandy Shocks|Stealth Rock|p2a: Fake Smile 💔🙏😭
|-sidestart|p2: MochiGX|move: Stealth Rock
|
|upkeep
|turn|6
|
|t:|1776115039
|move|p1a: Sandy Shocks|Earth Power|p2a: Fake Smile 💔🙏😭
|-supereffective|p2a: Fake Smile 💔🙏😭
|-damage|p2a: Fake Smile 💔🙏😭|50/100
|move|p2a: Fake Smile 💔🙏😭|Ice Beam|p1a: Sandy Shocks
|-supereffective|p1a: Sandy Shocks
|-damage|p1a: Sandy Shocks|22/100
|
|upkeep
|turn|7
|
|t:|1776115049
|switch|p2a: Miss MOGius 🤫|Mismagius, F|100/100
|-damage|p2a: Miss MOGius 🤫|88/100|[from] Stealth Rock
|move|p1a: Sandy Shocks|Earth Power|p2a: Miss MOGius 🤫
|-immune|p2a: Miss MOGius 🤫|[from] ability: Levitate
|
|-heal|p2a: Miss MOGius 🤫|94/100|[from] item: Leftovers
|upkeep
|turn|8
|
|t:|1776115070
|-end|p1a: Sandy Shocks|Protosynthesis|[silent]
|switch|p1a: Dusknoir|Dusknoir, F, shiny|100/100
|-ability|p1a: Dusknoir|Pressure
|move|p2a: Miss MOGius 🤫|Substitute|p2a: Miss MOGius 🤫
|-start|p2a: Miss MOGius 🤫|Substitute
|-damage|p2a: Miss MOGius 🤫|69/100
|
|-heal|p2a: Miss MOGius 🤫|76/100|[from] item: Leftovers
|upkeep
|turn|9
|
|t:|1776115100
|move|p2a: Miss MOGius 🤫|Nasty Plot|p2a: Miss MOGius 🤫
|-boost|p2a: Miss MOGius 🤫|spa|2
|move|p1a: Dusknoir|Trick Room|p1a: Dusknoir
|-fieldstart|move: Trick Room|[of] p1a: Dusknoir
|
|-heal|p2a: Miss MOGius 🤫|82/100|[from] item: Leftovers
|upkeep
|turn|10
|
|t:|1776115110
|move|p1a: Dusknoir|Ice Punch|p2a: Miss MOGius 🤫
|-end|p2a: Miss MOGius 🤫|Substitute
|move|p2a: Miss MOGius 🤫|Shadow Ball|p1a: Dusknoir
|-supereffective|p1a: Dusknoir
|-damage|p1a: Dusknoir|0 fnt
|faint|p1a: Dusknoir
|
|-heal|p2a: Miss MOGius 🤫|88/100|[from] item: Leftovers
|upkeep
|
|t:|1776115120
|switch|p1a: Incineroar|Incineroar, M, shiny|100/100
|-ability|p1a: Incineroar|Intimidate|boost
|-unboost|p2a: Miss MOGius 🤫|atk|1
|turn|11
|
|t:|1776115141
|move|p1a: Incineroar|Knock Off|p2a: Miss MOGius 🤫
|-supereffective|p2a: Miss MOGius 🤫
|-damage|p2a: Miss MOGius 🤫|0 fnt
|-enditem|p2a: Miss MOGius 🤫|Leftovers|[from] move: Knock Off|[of] p1a: Incineroar
|faint|p2a: Miss MOGius 🤫
|
|upkeep
|
|t:|1776115146
|switch|p2a: King Sire 👑|Quagsire, M|100/100
|-damage|p2a: King Sire 👑|94/100|[from] Stealth Rock
|turn|12
|
|t:|1776115156
|-terastallize|p1a: Incineroar|Steel
|move|p2a: King Sire 👑|Toxic|p1a: Incineroar
|-immune|p1a: Incineroar
|move|p1a: Incineroar|Trailblaze|p2a: King Sire 👑
|-supereffective|p2a: King Sire 👑
|-damage|p2a: King Sire 👑|52/100
|-boost|p1a: Incineroar|spe|1
|-damage|p1a: Incineroar|84/100|[from] item: Rocky Helmet|[of] p2a: King Sire 👑
|
|upkeep
|turn|13
|
|t:|1776115168
|move|p2a: King Sire 👑|Protect|p2a: King Sire 👑
|-singleturn|p2a: King Sire 👑|Protect
|move|p1a: Incineroar|Trailblaze|p2a: King Sire 👑
|-activate|p2a: King Sire 👑|move: Protect
|
|-fieldend|move: Trick Room
|upkeep
|turn|14
|
|t:|1776115177
|switch|p1a: Salamence|Salamence, F|100/100
|-ability|p1a: Salamence|Intimidate|boost
|-unboost|p2a: King Sire 👑|atk|1
|switch|p2a: Fake Smile 💔🙏😭|Goodra-Hisui, M|50/100
|-damage|p2a: Fake Smile 💔🙏😭|44/100|[from] Stealth Rock
|
|upkeep
|turn|15
|
|t:|1776115186
|move|p1a: Salamence|Dragon Rush|p2a: Fake Smile 💔🙏😭|[miss]
|-miss|p1a: Salamence|p2a: Fake Smile 💔🙏😭
|move|p2a: Fake Smile 💔🙏😭|Ice Beam|p1a: Salamence
|-supereffective|p1a: Salamence
|-damage|p1a: Salamence|0 fnt
|faint|p1a: Salamence
|
|upkeep
|
|t:|1776115193
|switch|p1a: Incineroar|Incineroar, M, shiny, tera:Steel|84/100
|-ability|p1a: Incineroar|Intimidate|boost
|-unboost|p2a: Fake Smile 💔🙏😭|atk|1
|turn|16
|
|t:|1776115204
|move|p1a: Incineroar|Flare Blitz|p2a: Fake Smile 💔🙏😭
|-crit|p2a: Fake Smile 💔🙏😭
|-damage|p2a: Fake Smile 💔🙏😭|0 fnt
|faint|p2a: Fake Smile 💔🙏😭
|-damage|p1a: Incineroar|69/100|[from] Recoil
|
|upkeep
|
|t:|1776115210
|switch|p2a: Diddy Blud 🥀|Lokix, M|100/100
|-damage|p2a: Diddy Blud 🥀|76/100|[from] Stealth Rock
|turn|17
|
|t:|1776115214
|move|p2a: Diddy Blud 🥀|First Impression|p1a: Incineroar
|-resisted|p1a: Incineroar
|-damage|p1a: Incineroar|15/100
|-enditem|p1a: Incineroar|Sitrus Berry|[eat]
|-heal|p1a: Incineroar|40/100|[from] item: Sitrus Berry
|move|p1a: Incineroar|Flare Blitz|p2a: Diddy Blud 🥀
|-supereffective|p2a: Diddy Blud 🥀
|-crit|p2a: Diddy Blud 🥀
|-damage|p2a: Diddy Blud 🥀|0 fnt
|faint|p2a: Diddy Blud 🥀
|-damage|p1a: Incineroar|20/100|[from] Recoil
|
|upkeep
|
|t:|1776115235
|switch|p2a: FeetRan🦶|Heatran, M|100/100
|-damage|p2a: FeetRan🦶|88/100|[from] Stealth Rock
|turn|18
|
|t:|1776115245
|move|p2a: FeetRan🦶|Magma Storm|p1a: Incineroar|[miss]
|-miss|p2a: FeetRan🦶|p1a: Incineroar
|move|p1a: Incineroar|Knock Off|p2a: FeetRan🦶
|-damage|p2a: FeetRan🦶|39/100
|-enditem|p2a: FeetRan🦶|Leftovers|[from] move: Knock Off|[of] p1a: Incineroar
|
|upkeep
|turn|19
|
|t:|1776115261
|move|p2a: FeetRan🦶|Magma Storm|p1a: Incineroar
|-supereffective|p1a: Incineroar
|-damage|p1a: Incineroar|0 fnt
|faint|p1a: Incineroar
|
|upkeep
|
|t:|1776115266
|switch|p1a: Sandy Shocks|Sandy Shocks, shiny|22/100
|turn|20
|
|t:|1776115278
|switch|p2a: King Sire 👑|Quagsire, M|52/100
|-damage|p2a: King Sire 👑|46/100|[from] Stealth Rock
|move|p1a: Sandy Shocks|Earth Power|p2a: King Sire 👑
|-damage|p2a: King Sire 👑|0 fnt
|faint|p2a: King Sire 👑
|
|upkeep
|
|t:|1776115280
|switch|p2a: FeetRan🦶|Heatran, M|39/100
|-damage|p2a: FeetRan🦶|27/100|[from] Stealth Rock
|turn|21
|
|t:|1776115288
|move|p1a: Sandy Shocks|Earth Power|p2a: FeetRan🦶
|-supereffective|p2a: FeetRan🦶
|-damage|p2a: FeetRan🦶|0 fnt
|faint|p2a: FeetRan🦶
|
|win|DExvish563
|raw|DExvish563's rating: 1155 &rarr; <strong>1179</strong><br />(+24 for winning)
|raw|MochiGX's rating: 1147 &rarr; <strong>1123</strong><br />(-24 for losing)
|l|☆MochiGX
|player|p2|
|l|☆DExvish563
|player|p1|
