|html|<div class="broadcast-blue"><strong>[Gen 9] OU is currently suspecting Tera Blast! For information on how to participate check out the <a href="https://www.smogon.com/tools/suspects/view/200">suspect thread</a>.</strong></div>
|j|☆Juan_Pablo(ar)
|j|☆table_man_10293
|t:|1776093355
|gametype|singles
|player|p1|Juan_Pablo(ar)|grimsley-gen7|1409
|player|p2|table_man_10293|101|1386
|gen|9
|tier|[Gen 9] OU
|rated|
|rule|HP Percentage Mod: HP is shown in percentages
|rule|Endless Battle Clause: Forcing endless battles is banned
|rule|Species Clause: Limit one of each Pokémon
|rule|OHKO Clause: OHKO moves are banned
|rule|Evasion Items Clause: Evasion items are banned
|rule|Evasion Moves Clause: Evasion moves are banned
|rule|Evasion Abilities Clause: Evasion abilities are banned
|rule|Sleep Moves Clause: Sleep-inducing moves are banned
|clearpoke
|poke|p1|Slowking-Galar, M|
|poke|p1|Mandibuzz, F|
|poke|p1|Quagsire, M|
|poke|p1|Alomomola, F|
|poke|p1|Serperior, F|
|poke|p1|Zamazenta-*|
|poke|p2|Great Tusk|
|poke|p2|Zapdos|
|poke|p2|Meowscarada, F|
|poke|p2|Kingambit, M|
|poke|p2|Dragapult, M|
|poke|p2|Clefable, F|
|teampreview
|c|☆table_man_10293|hf
|
|t:|1776093367
|teamsize|p1|6
|teamsize|p2|6
|start
|switch|p1a: King Quag|Quagsire, M|100/100
|switch|p2a: Meowscarada|Meowscarada, F|100/100
|turn|1
|
|t:|1776093381
|-terastallize|p1a: King Quag|Grass
|move|p2a: Meowscarada|Flower Trick|p1a: King Quag
|-start|p2a: Meowscarada|typechange|Grass|[from] ability: Protean
|-resisted|p1a: King Quag
|-crit|p1a: King Quag
|-damage|p1a: King Quag|75/100
|move|p1a: King Quag|Stealth Rock|p2a: Meowscarada
|-sidestart|p2: table_man_10293|move: Stealth Rock
|
|-heal|p1a: King Quag|81/100|[from] item: Leftovers
|upkeep
|turn|2
|
|t:|1776093394
|switch|p2a: Great Tusk|Great Tusk|100/100
|switch|p1a: Alomomola|Alomomola, F|100/100
|
|upkeep
|turn|3
|
|t:|1776093404
|move|p2a: Great Tusk|Rapid Spin|p1a: Alomomola
|-damage|p1a: Alomomola|91/100
|-boost|p2a: Great Tusk|spe|1
|-damage|p2a: Great Tusk|84/100|[from] item: Rocky Helmet|[of] p1a: Alomomola
|-sideend|p2: table_man_10293|Stealth Rock|[from] move: Rapid Spin|[of] p2a: Great Tusk
|move|p1a: Alomomola|Scald|p2a: Great Tusk
|-supereffective|p2a: Great Tusk
|-damage|p2a: Great Tusk|45/100
|-status|p2a: Great Tusk|brn
|
|-damage|p2a: Great Tusk|39/100 brn|[from] brn
|upkeep
|turn|4
|
|t:|1776093424
|-end|p2a: Great Tusk|Protosynthesis|[silent]
|switch|p2a: Dragapult|Dragapult, M|100/100
|move|p1a: Alomomola|Scald|p2a: Dragapult
|-resisted|p2a: Dragapult
|-damage|p2a: Dragapult|92/100
|
|-heal|p2a: Dragapult|98/100|[from] item: Leftovers
|upkeep
|turn|5
|
|t:|1776093437
|move|p2a: Dragapult|Substitute|p2a: Dragapult
|-start|p2a: Dragapult|Substitute
|-damage|p2a: Dragapult|73/100
|move|p1a: Alomomola|Wish|p1a: Alomomola
|
|-heal|p2a: Dragapult|79/100|[from] item: Leftovers
|upkeep
|turn|6
|
|t:|1776093449
|move|p2a: Dragapult|Thunder Wave|p1a: Alomomola
|-status|p1a: Alomomola|par
|cant|p1a: Alomomola|par
|
|-heal|p1a: Alomomola|100/100 par|[from] move: Wish|[wisher] Alomomola
|-heal|p2a: Dragapult|85/100|[from] item: Leftovers
|upkeep
|turn|7
|
|t:|1776093457
|move|p2a: Dragapult|Hex|p1a: Alomomola
|-damage|p1a: Alomomola|38/100 par
|move|p1a: Alomomola|Flip Turn|p2a: Dragapult
|-resisted|p2a: Dragapult
|-activate|p2a: Dragapult|move: Substitute|[damage]
|
|t:|1776093465
|switch|p1a: Mandibuzz|Mandibuzz, F|100/100|[from] Flip Turn
|
|-heal|p2a: Dragapult|91/100|[from] item: Leftovers
|upkeep
|turn|8
|
|t:|1776093472
|move|p2a: Dragapult|Thunder Wave|p1a: Mandibuzz
|-status|p1a: Mandibuzz|par
|move|p1a: Mandibuzz|Knock Off|p2a: Dragapult
|-supereffective|p2a: Dragapult
|-end|p2a: Dragapult|Substitute
|
|-heal|p2a: Dragapult|97/100|[from] item: Leftovers
|upkeep
|turn|9
|
|t:|1776093484
|switch|p2a: Great Tusk|Great Tusk|39/100 brn
|move|p1a: Mandibuzz|Knock Off|p2a: Great Tusk
|-resisted|p2a: Great Tusk
|-damage|p2a: Great Tusk|30/100 brn
|-enditem|p2a: Great Tusk|Heavy-Duty Boots|[from] move: Knock Off|[of] p1a: Mandibuzz
|
|-damage|p2a: Great Tusk|24/100 brn|[from] brn
|upkeep
|turn|10
|
|t:|1776093493
|move|p2a: Great Tusk|Ice Spinner|p1a: Mandibuzz
|-supereffective|p1a: Mandibuzz
|-damage|p1a: Mandibuzz|79/100 par
|cant|p1a: Mandibuzz|par
|
|-damage|p2a: Great Tusk|18/100 brn|[from] brn
|upkeep
|turn|11
|
|t:|1776093501
|move|p2a: Great Tusk|Ice Spinner|p1a: Mandibuzz
|-supereffective|p1a: Mandibuzz
|-damage|p1a: Mandibuzz|59/100 par
|move|p1a: Mandibuzz|U-turn|p2a: Great Tusk
|-resisted|p2a: Great Tusk
|-crit|p2a: Great Tusk
|-damage|p2a: Great Tusk|12/100 brn
|
|t:|1776093507
|switch|p1a: Alomomola|Alomomola, F|38/100 par|[from] U-turn
|
|-damage|p2a: Great Tusk|6/100 brn|[from] brn
|upkeep
|turn|12
|
|t:|1776093512
|move|p2a: Great Tusk|Headlong Rush|p1a: Alomomola
|-damage|p1a: Alomomola|22/100 par
|-unboost|p2a: Great Tusk|def|1
|-unboost|p2a: Great Tusk|spd|1
|-damage|p2a: Great Tusk|0 fnt|[from] item: Rocky Helmet|[of] p1a: Alomomola
|faint|p2a: Great Tusk
|-end|p2a: Great Tusk|Protosynthesis|[silent]
|move|p1a: Alomomola|Wish|p1a: Alomomola
|
|upkeep
|
|t:|1776093523
|switch|p2a: Kingambit|Kingambit, M|100/100
|-activate|p2a: Kingambit|ability: Supreme Overlord
|-start|p2a: Kingambit|fallen1|[silent]
|-item|p2a: Kingambit|Air Balloon
|turn|13
|
|t:|1776093550
|switch|p1a: Mandibuzz|Mandibuzz, F|59/100 par
|move|p2a: Kingambit|Kowtow Cleave|p1a: Mandibuzz
|-resisted|p1a: Mandibuzz
|-damage|p1a: Mandibuzz|39/100 par
|
|-heal|p1a: Mandibuzz|100/100 par|[from] move: Wish|[wisher] Alomomola
|upkeep
|turn|14
|
|t:|1776093558
|move|p2a: Kingambit|Swords Dance|p2a: Kingambit
|-boost|p2a: Kingambit|atk|2
|move|p1a: Mandibuzz|Knock Off|p2a: Kingambit
|-resisted|p2a: Kingambit
|-crit|p2a: Kingambit
|-damage|p2a: Kingambit|86/100
|-enditem|p2a: Kingambit|Air Balloon
|
|upkeep
|turn|15
|
|t:|1776093567
|switch|p1a: King Quag|Quagsire, M, tera:Grass|81/100
|move|p2a: Kingambit|Low Kick|p1a: King Quag
|-damage|p1a: King Quag|55/100
|
|-heal|p1a: King Quag|61/100|[from] item: Leftovers
|upkeep
|turn|16
|
|t:|1776093576
|move|p2a: Kingambit|Kowtow Cleave|p1a: King Quag
|-damage|p1a: King Quag|20/100
|move|p1a: King Quag|Recover|p1a: King Quag
|-heal|p1a: King Quag|70/100
|
|-heal|p1a: King Quag|76/100|[from] item: Leftovers
|upkeep
|turn|17
|
|t:|1776093586
|move|p2a: Kingambit|Swords Dance|p2a: Kingambit
|-boost|p2a: Kingambit|atk|2
|move|p1a: King Quag|Earthquake|p2a: Kingambit
|-supereffective|p2a: Kingambit
|-damage|p2a: Kingambit|32/100
|
|-heal|p1a: King Quag|82/100|[from] item: Leftovers
|upkeep
|turn|18
|
|t:|1776093612
|-terastallize|p2a: Kingambit|Ghost
|move|p2a: Kingambit|Kowtow Cleave|p1a: King Quag
|-damage|p1a: King Quag|45/100
|move|p1a: King Quag|Stealth Rock|p2a: Kingambit
|-sidestart|p2: table_man_10293|move: Stealth Rock
|
|-heal|p1a: King Quag|51/100|[from] item: Leftovers
|upkeep
|turn|19
|
|t:|1776093619
|move|p2a: Kingambit|Kowtow Cleave|p1a: King Quag
|-damage|p1a: King Quag|14/100
|move|p1a: King Quag|Recover|p1a: King Quag
|-heal|p1a: King Quag|64/100
|
|-heal|p1a: King Quag|70/100|[from] item: Leftovers
|upkeep
|turn|20
|c|☆table_man_10293|fuck
|c|☆Juan_Pablo(ar)|sorry
|c|☆table_man_10293|i forgot he is unaware of my SD 🥀
|c|☆table_man_10293|nah its my bad
|c|☆table_man_10293|am soo dumb
|
|t:|1776093648
|-end|p2a: Kingambit|fallen1|[silent]
|switch|p2a: Meowscarada|Meowscarada, F|100/100
|-damage|p2a: Meowscarada|88/100|[from] Stealth Rock
|move|p1a: King Quag|Recover|p1a: King Quag
|-heal|p1a: King Quag|100/100
|
|upkeep
|turn|21
|
|t:|1776093662
|move|p2a: Meowscarada|Triple Axel|p1a: King Quag
|-start|p2a: Meowscarada|typechange|Ice|[from] ability: Protean
|-supereffective|p1a: King Quag
|-damage|p1a: King Quag|82/100
|-hitcount|p1a: King Quag|1
|move|p1a: King Quag|Curse|p1a: King Quag
|-unboost|p1a: King Quag|spe|1
|-boost|p1a: King Quag|atk|1
|-boost|p1a: King Quag|def|1
|
|-heal|p1a: King Quag|88/100|[from] item: Leftovers
|upkeep
|turn|22
|c|☆table_man_10293|eh :D?
|c|☆table_man_10293|did i just caughta  curse quagsire  🥀
|
|t:|1776093688
|move|p2a: Meowscarada|Triple Axel|p1a: King Quag
|-supereffective|p1a: King Quag
|-damage|p1a: King Quag|75/100
|-supereffective|p1a: King Quag
|-damage|p1a: King Quag|49/100
|-supereffective|p1a: King Quag
|-damage|p1a: King Quag|12/100
|-hitcount|p1a: King Quag|3
|move|p1a: King Quag|Earthquake|p2a: Meowscarada
|-damage|p2a: Meowscarada|15/100
|
|-heal|p1a: King Quag|18/100|[from] item: Leftovers
|upkeep
|turn|23
|c|☆Juan_Pablo(ar)|yup
|c|☆Juan_Pablo(ar)|king quag
|
|t:|1776093712
|switch|p1a: Zamazenta|Zamazenta|100/100
|-ability|p1a: Zamazenta|Dauntless Shield|boost
|-boost|p1a: Zamazenta|def|1
|move|p2a: Meowscarada|Triple Axel|p1a: Zamazenta
|-damage|p1a: Zamazenta|92/100
|-damage|p1a: Zamazenta|75/100
|-damage|p1a: Zamazenta|52/100
|-hitcount|p1a: Zamazenta|3
|
|-heal|p1a: Zamazenta|58/100|[from] item: Leftovers
|upkeep
|turn|24
|
|t:|1776093725
|switch|p2a: Kingambit|Kingambit, M, tera:Ghost|32/100
|-damage|p2a: Kingambit|20/100|[from] Stealth Rock
|-activate|p2a: Kingambit|ability: Supreme Overlord
|-start|p2a: Kingambit|fallen1|[silent]
|move|p1a: Zamazenta|Iron Defense|p1a: Zamazenta
|-boost|p1a: Zamazenta|def|2
|
|-heal|p1a: Zamazenta|64/100|[from] item: Leftovers
|upkeep
|turn|25
|
|t:|1776093735
|-end|p2a: Kingambit|fallen1|[silent]
|switch|p2a: Zapdos|Zapdos|100/100
|move|p1a: Zamazenta|Body Press|p2a: Zapdos
|-resisted|p2a: Zapdos
|-damage|p2a: Zapdos|66/100
|
|-heal|p1a: Zamazenta|70/100|[from] item: Leftovers
|upkeep
|turn|26
|
|t:|1776093743
|move|p1a: Zamazenta|Stone Edge|p2a: Zapdos
|-supereffective|p2a: Zapdos
|-damage|p2a: Zapdos|6/100
|move|p2a: Zapdos|Hurricane|p1a: Zamazenta
|-supereffective|p1a: Zamazenta
|-damage|p1a: Zamazenta|0 fnt
|faint|p1a: Zamazenta
|
|upkeep
|
|t:|1776093756
|switch|p1a: Slowking|Slowking-Galar, M|100/100
|turn|27
|
|t:|1776093768
|move|p2a: Zapdos|Roost|p2a: Zapdos
|-heal|p2a: Zapdos|56/100
|-singleturn|p2a: Zapdos|move: Roost
|-prepare|p1a: Slowking|Chilly Reception|[premajor]
|move|p1a: Slowking|Chilly Reception|p1a: Slowking
|-weather|Snowscape
|
|t:|1776093808
|switch|p1a: Serperior|Serperior, F, shiny|100/100|[from] Chilly Reception
|
|-weather|Snowscape|[upkeep]
|upkeep
|turn|28
|
|t:|1776093819
|move|p1a: Serperior|Leaf Storm|p2a: Zapdos
|-resisted|p2a: Zapdos
|-damage|p2a: Zapdos|35/100
|-boost|p1a: Serperior|spa|2
|move|p2a: Zapdos|Hurricane|p1a: Serperior|[miss]
|-miss|p2a: Zapdos|p1a: Serperior
|
|-weather|Snowscape|[upkeep]
|upkeep
|turn|29
|
|t:|1776093829
|move|p1a: Serperior|Taunt|p2a: Zapdos
|-start|p2a: Zapdos|move: Taunt
|move|p2a: Zapdos|Hurricane|p1a: Serperior
|-supereffective|p1a: Serperior
|-damage|p1a: Serperior|0 fnt
|faint|p1a: Serperior
|
|-weather|Snowscape|[upkeep]
|upkeep
|
|t:|1776093842
|switch|p1a: Slowking|Slowking-Galar, M|100/100
|turn|30
|
|t:|1776093847
|move|p2a: Zapdos|Volt Switch|p1a: Slowking
|-damage|p1a: Slowking|83/100
|
|t:|1776093854
|switch|p2a: Dragapult|Dragapult, M|97/100|[from] Volt Switch
|-damage|p2a: Dragapult|85/100|[from] Stealth Rock
|move|p1a: Slowking|Sludge Bomb|p2a: Dragapult
|-resisted|p2a: Dragapult
|-damage|p2a: Dragapult|63/100
|-status|p2a: Dragapult|psn
|
|-weather|Snowscape|[upkeep]
|-heal|p2a: Dragapult|69/100 psn|[from] item: Leftovers
|-damage|p2a: Dragapult|57/100 psn|[from] psn
|upkeep
|turn|31
|
|t:|1776093871
|move|p2a: Dragapult|Substitute|p2a: Dragapult
|-start|p2a: Dragapult|Substitute
|-damage|p2a: Dragapult|32/100 psn
|move|p1a: Slowking|Sludge Bomb|p2a: Dragapult
|-resisted|p2a: Dragapult
|-end|p2a: Dragapult|Substitute
|
|-weather|none
|-heal|p2a: Dragapult|38/100 psn|[from] item: Leftovers
|-damage|p2a: Dragapult|25/100 psn|[from] psn
|upkeep
|turn|32
|
|t:|1776093881
|move|p2a: Dragapult|Thunder Wave|p1a: Slowking
|-status|p1a: Slowking|par
|-prepare|p1a: Slowking|Chilly Reception|[premajor]
|move|p1a: Slowking|Chilly Reception|p1a: Slowking
|-weather|Snowscape
|
|t:|1776093888
|switch|p1a: King Quag|Quagsire, M, tera:Grass|18/100|[from] Chilly Reception
|
|-weather|Snowscape|[upkeep]
|-heal|p2a: Dragapult|31/100 psn|[from] item: Leftovers
|-heal|p1a: King Quag|24/100|[from] item: Leftovers
|-damage|p2a: Dragapult|19/100 psn|[from] psn
|upkeep
|turn|33
|
|t:|1776093895
|move|p2a: Dragapult|Dragon Darts|p1a: King Quag
|-damage|p1a: King Quag|8/100
|-anim|p2a: Dragapult|Dragon Darts|p1a: King Quag
|-damage|p1a: King Quag|0 fnt
|faint|p1a: King Quag
|
|-weather|Snowscape|[upkeep]
|-heal|p2a: Dragapult|25/100 psn|[from] item: Leftovers
|-damage|p2a: Dragapult|13/100 psn|[from] psn
|upkeep
|
|t:|1776093907
|switch|p1a: Alomomola|Alomomola, F|22/100 par
|turn|34
|
|t:|1776093914
|move|p1a: Alomomola|Protect|p1a: Alomomola
|-singleturn|p1a: Alomomola|Protect
|move|p2a: Dragapult|Hex|p1a: Alomomola
|-activate|p1a: Alomomola|move: Protect
|
|-weather|Snowscape|[upkeep]
|-heal|p2a: Dragapult|19/100 psn|[from] item: Leftovers
|-damage|p2a: Dragapult|6/100 psn|[from] psn
|upkeep
|turn|35
|
|t:|1776093924
|switch|p1a: Mandibuzz|Mandibuzz, F|100/100 par
|move|p2a: Dragapult|Hex|p1a: Mandibuzz
|-resisted|p1a: Mandibuzz
|-damage|p1a: Mandibuzz|83/100 par
|
|-weather|Snowscape|[upkeep]
|-heal|p2a: Dragapult|12/100 psn|[from] item: Leftovers
|-damage|p2a: Dragapult|0 fnt|[from] psn
|faint|p2a: Dragapult
|upkeep
|
|t:|1776093934
|switch|p2a: Meowscarada|Meowscarada, F|15/100
|-damage|p2a: Meowscarada|3/100|[from] Stealth Rock
|turn|36
|
|t:|1776093942
|move|p2a: Meowscarada|Triple Axel|p1a: Mandibuzz
|-start|p2a: Meowscarada|typechange|Ice|[from] ability: Protean
|-supereffective|p1a: Mandibuzz
|-damage|p1a: Mandibuzz|62/100 par
|-supereffective|p1a: Mandibuzz
|-damage|p1a: Mandibuzz|18/100 par
|-supereffective|p1a: Mandibuzz
|-damage|p1a: Mandibuzz|0 fnt
|faint|p1a: Mandibuzz
|-hitcount|p1: Mandibuzz|3
|
|-weather|none
|upkeep
|c|☆Juan_Pablo(ar)|gg
|-message|Juan_Pablo(ar) forfeited.
|
|win|table_man_10293
|raw|Juan_Pablo(ar)'s rating: 1409 &rarr; <strong>1388</strong><br />(-21 for losing)
|raw|table_man_10293's rating: 1386 &rarr; <strong>1407</strong><br />(+21 for winning)
|c|☆table_man_10293|gg
|l|☆Juan_Pablo(ar)
|player|p1|
|l|☆table_man_10293
|player|p2|
