|html|<div class="broadcast-blue"><strong>[Gen 9] OU is currently suspecting Tera Blast! For information on how to participate check out the <a href="https://www.smogon.com/tools/suspects/view/200">suspect thread</a>.</strong></div>
|j|☆chancha12suizo
|j|☆trashcan_343
|t:|1776044055
|gametype|singles
|player|p1|chancha12suizo|marshal|1467
|player|p2|trashcan_343|265|1431
|gen|9
|tier|[Gen 9] OU
|rated|
|rule|HP Percentage Mod: HP is shown in percentages
|rule|Endless Battle Clause: Forcing endless battles is banned
|rule|Species Clause: Limit one of each Pokémon
|rule|OHKO Clause: OHKO moves are banned
|rule|Evasion Items Clause: Evasion items are banned
|rule|Evasion Moves Clause: Evasion moves are banned
|rule|Evasion Abilities Clause: Evasion abilities are banned
|rule|Sleep Moves Clause: Sleep-inducing moves are banned
|clearpoke
|poke|p1|Blaziken, F|
|poke|p1|Enamorus, F|
|poke|p1|Glimmora, F|
|poke|p1|Great Tusk|
|poke|p1|Kingambit, F|
|poke|p1|Gholdengo|
|poke|p2|Metagross|
|poke|p2|Hippowdon, F|
|poke|p2|Ursaluna, M|
|poke|p2|Goodra-Hisui, M|
|poke|p2|Mandibuzz, F|
|poke|p2|Garganacl, F|
|teampreview
|c|☆chancha12suizo|glhf
|inactive|Battle timer is ON: inactive players will automatically lose when time's up. (requested by chancha12suizo)
|
|t:|1776044088
|teamsize|p1|6
|teamsize|p2|6
|start
|switch|p1a: Kingambit|Kingambit, F|100/100
|switch|p2a: Ursaluna|Ursaluna, M|100/100
|turn|1
|
|t:|1776044103
|-end|p1a: Kingambit|fallenundefined|[silent]
|switch|p1a: Great Tusk|Great Tusk|100/100
|-enditem|p1a: Great Tusk|Booster Energy
|-activate|p1a: Great Tusk|ability: Protosynthesis|[fromitem]
|-start|p1a: Great Tusk|protosynthesisatk
|move|p2a: Ursaluna|Earthquake|p1a: Great Tusk
|-damage|p1a: Great Tusk|58/100
|
|-status|p2a: Ursaluna|brn|[from] item: Flame Orb
|upkeep
|turn|2
|
|t:|1776044133
|-end|p1a: Great Tusk|Protosynthesis|[silent]
|switch|p1a: Enamorus|Enamorus, F|100/100
|switch|p2a: Hippowdon|Hippowdon, F|100/100
|-weather|Sandstorm|[from] ability: Sand Stream|[of] p2a: Hippowdon
|
|-weather|Sandstorm|[upkeep]
|-damage|p1a: Enamorus|94/100|[from] Sandstorm
|upkeep
|turn|3
|inactive|chancha12suizo has 120 seconds left.
|
|t:|1776044156
|switch|p2a: Snail|Goodra-Hisui, M|100/100
|move|p1a: Enamorus|Moonblast|p2a: Snail
|-crit|p2a: Snail
|-damage|p2a: Snail|68/100
|-unboost|p2a: Snail|spa|1
|
|-weather|Sandstorm|[upkeep]
|-damage|p1a: Enamorus|88/100|[from] Sandstorm
|upkeep
|turn|4
|inactive|chancha12suizo has 120 seconds left.
|
|t:|1776044179
|switch|p1a: Kingambit|Kingambit, F|100/100
|move|p2a: Snail|Flash Cannon|p1a: Kingambit
|-resisted|p1a: Kingambit
|-damage|p1a: Kingambit|86/100
|
|-weather|Sandstorm|[upkeep]
|-heal|p1a: Kingambit|92/100|[from] item: Leftovers
|upkeep
|turn|5
|
|t:|1776044193
|switch|p2a: Hippowdon|Hippowdon, F|100/100
|move|p1a: Kingambit|Swords Dance|p1a: Kingambit
|-boost|p1a: Kingambit|atk|2
|
|-weather|Sandstorm|[upkeep]
|-heal|p1a: Kingambit|98/100|[from] item: Leftovers
|upkeep
|turn|6
|
|t:|1776044205
|-end|p1a: Kingambit|fallenundefined|[silent]
|switch|p1a: Gholdengo|Gholdengo|100/100
|-item|p1a: Gholdengo|Air Balloon
|move|p2a: Hippowdon|Earthquake|p1a: Gholdengo
|-immune|p1a: Gholdengo
|
|-weather|none
|upkeep
|turn|7
|
|t:|1776044217
|switch|p2a: Mandibuzz|Mandibuzz, F|100/100
|move|p1a: Gholdengo|Nasty Plot|p1a: Gholdengo
|-boost|p1a: Gholdengo|spa|2
|
|upkeep
|turn|8
|
|t:|1776044233
|-terastallize|p1a: Gholdengo|Fairy
|move|p1a: Gholdengo|Dazzling Gleam|p2a: Mandibuzz
|-supereffective|p2a: Mandibuzz
|-damage|p2a: Mandibuzz|0 fnt
|faint|p2a: Mandibuzz
|
|upkeep
|
|t:|1776044239
|switch|p2a: Snail|Goodra-Hisui, M|68/100
|turn|9
|
|t:|1776044253
|switch|p1a: Blaziken|Blaziken, F|100/100
|move|p2a: Snail|Flash Cannon|p1a: Blaziken
|-resisted|p1a: Blaziken
|-damage|p1a: Blaziken|73/100
|
|upkeep
|turn|10
|
|t:|1776044266
|switch|p2a: Hippowdon|Hippowdon, F|100/100
|-weather|Sandstorm|[from] ability: Sand Stream|[of] p2a: Hippowdon
|move|p1a: Blaziken|Close Combat|p2a: Hippowdon
|-damage|p2a: Hippowdon|52/100
|-unboost|p1a: Blaziken|def|1
|-unboost|p1a: Blaziken|spd|1
|-damage|p1a: Blaziken|63/100|[from] item: Life Orb
|
|-weather|Sandstorm|[upkeep]
|-damage|p1a: Blaziken|57/100|[from] Sandstorm
|-ability|p1a: Blaziken|Speed Boost|boost
|-boost|p1a: Blaziken|spe|1
|upkeep
|turn|11
|
|t:|1776044277
|switch|p1a: Enamorus|Enamorus, F|88/100
|move|p2a: Hippowdon|Slack Off|p2a: Hippowdon
|-heal|p2a: Hippowdon|100/100
|
|-weather|Sandstorm|[upkeep]
|-damage|p1a: Enamorus|82/100|[from] Sandstorm
|upkeep
|turn|12
|
|t:|1776044284
|switch|p2a: Pink Salt|Garganacl, F|100/100
|move|p1a: Enamorus|Earth Power|p2a: Pink Salt
|-supereffective|p2a: Pink Salt
|-damage|p2a: Pink Salt|57/100
|-unboost|p2a: Pink Salt|spd|1
|
|-weather|Sandstorm|[upkeep]
|-damage|p1a: Enamorus|76/100|[from] Sandstorm
|-heal|p2a: Pink Salt|63/100|[from] item: Leftovers
|upkeep
|turn|13
|inactive|chancha12suizo has 120 seconds left.
|
|t:|1776044296
|-terastallize|p2a: Pink Salt|Fairy
|move|p1a: Enamorus|Earth Power|p2a: Pink Salt
|-damage|p2a: Pink Salt|22/100
|move|p2a: Pink Salt|Salt Cure|p1a: Enamorus
|-supereffective|p1a: Enamorus
|-damage|p1a: Enamorus|32/100
|-start|p1a: Enamorus|Salt Cure
|
|-weather|Sandstorm|[upkeep]
|-damage|p1a: Enamorus|26/100|[from] Sandstorm
|-damage|p2a: Pink Salt|16/100|[from] Sandstorm
|-heal|p2a: Pink Salt|22/100|[from] item: Leftovers
|-damage|p1a: Enamorus|13/100|[from] Salt Cure
|upkeep
|turn|14
|inactive|chancha12suizo has 120 seconds left.
|
|t:|1776044307
|switch|p2a: Hippowdon|Hippowdon, F|100/100
|move|p1a: Enamorus|Earth Power|p2a: Hippowdon
|-damage|p2a: Hippowdon|64/100
|
|-weather|none
|-damage|p1a: Enamorus|1/100|[from] Salt Cure
|upkeep
|turn|15
|inactive|chancha12suizo has 120 seconds left.
|
|t:|1776044323
|switch|p1a: Gholdengo|Gholdengo, tera:Fairy|100/100
|-item|p1a: Gholdengo|Air Balloon
|switch|p2a: Snail|Goodra-Hisui, M|68/100
|
|upkeep
|turn|16
|
|t:|1776044331
|switch|p1a: Kingambit|Kingambit, F|98/100
|move|p2a: Snail|Flash Cannon|p1a: Kingambit
|-resisted|p1a: Kingambit
|-damage|p1a: Kingambit|77/100
|
|-heal|p1a: Kingambit|83/100|[from] item: Leftovers
|upkeep
|turn|17
|inactive|chancha12suizo has 120 seconds left.
|
|t:|1776044338
|switch|p2a: Ursaluna|Ursaluna, M|100/100 brn
|move|p1a: Kingambit|Kowtow Cleave|p2a: Ursaluna
|-damage|p2a: Ursaluna|65/100 brn
|
|-heal|p1a: Kingambit|89/100|[from] item: Leftovers
|-damage|p2a: Ursaluna|59/100 brn|[from] brn
|upkeep
|turn|18
|inactive|chancha12suizo has 120 seconds left.
|
|t:|1776044371
|move|p1a: Kingambit|Kowtow Cleave|p2a: Ursaluna
|-damage|p2a: Ursaluna|21/100 brn
|move|p2a: Ursaluna|Facade|p1a: Kingambit
|-resisted|p1a: Kingambit
|-damage|p1a: Kingambit|40/100
|
|-heal|p1a: Kingambit|46/100|[from] item: Leftovers
|-damage|p2a: Ursaluna|15/100 brn|[from] brn
|upkeep
|turn|19
|
|t:|1776044378
|move|p1a: Kingambit|Kowtow Cleave|p2a: Ursaluna
|-damage|p2a: Ursaluna|0 fnt
|faint|p2a: Ursaluna
|
|-heal|p1a: Kingambit|53/100|[from] item: Leftovers
|upkeep
|
|t:|1776044381
|switch|p2a: Hippowdon|Hippowdon, F|64/100
|-weather|Sandstorm|[from] ability: Sand Stream|[of] p2a: Hippowdon
|turn|20
|
|t:|1776044393
|-end|p1a: Kingambit|fallenundefined|[silent]
|switch|p1a: Great Tusk|Great Tusk|58/100
|move|p2a: Hippowdon|Slack Off|p2a: Hippowdon
|-heal|p2a: Hippowdon|100/100
|
|-weather|Sandstorm|[upkeep]
|upkeep
|turn|21
|
|t:|1776044401
|move|p1a: Great Tusk|Knock Off|p2a: Hippowdon
|-damage|p2a: Hippowdon|83/100
|-enditem|p2a: Hippowdon|Lum Berry|[from] move: Knock Off|[of] p1a: Great Tusk
|move|p2a: Hippowdon|Stealth Rock|p1a: Great Tusk
|-sidestart|p1: chancha12suizo|move: Stealth Rock
|
|-weather|Sandstorm|[upkeep]
|upkeep
|turn|22
|inactive|chancha12suizo has 120 seconds left.
|
|t:|1776044406
|move|p1a: Great Tusk|Rapid Spin|p2a: Hippowdon
|-damage|p2a: Hippowdon|73/100
|-boost|p1a: Great Tusk|spe|1
|-sideend|p1: chancha12suizo|Stealth Rock|[from] move: Rapid Spin|[of] p1a: Great Tusk
|move|p2a: Hippowdon|Curse|p2a: Hippowdon
|-unboost|p2a: Hippowdon|spe|1
|-boost|p2a: Hippowdon|atk|1
|-boost|p2a: Hippowdon|def|1
|
|-weather|Sandstorm|[upkeep]
|upkeep
|turn|23
|inactive|chancha12suizo has 120 seconds left.
|
|t:|1776044420
|-end|p1a: Great Tusk|Protosynthesis|[silent]
|switch|p1a: Gholdengo|Gholdengo, tera:Fairy|100/100
|-item|p1a: Gholdengo|Air Balloon
|move|p2a: Hippowdon|Stealth Rock|p1a: Gholdengo
|-sidestart|p1: chancha12suizo|move: Stealth Rock
|
|-weather|Sandstorm|[upkeep]
|-damage|p1a: Gholdengo|94/100|[from] Sandstorm
|upkeep
|turn|24
|inactive|chancha12suizo has 120 seconds left.
|
|t:|1776044436
|switch|p2a: Pink Salt|Garganacl, F, tera:Fairy|22/100
|move|p1a: Gholdengo|Dazzling Gleam|p2a: Pink Salt
|-damage|p2a: Pink Salt|0 fnt
|faint|p2a: Pink Salt
|
|-weather|none
|upkeep
|
|t:|1776044442
|switch|p2a: Metagross|Metagross|100/100
|turn|25
|inactive|chancha12suizo has 120 seconds left.
|
|t:|1776044459
|switch|p1a: Great Tusk|Great Tusk|58/100
|-damage|p1a: Great Tusk|55/100|[from] Stealth Rock
|move|p2a: Metagross|Heavy Slam|p1a: Great Tusk
|-damage|p1a: Great Tusk|34/100
|
|upkeep
|turn|26
|inactive|chancha12suizo has 120 seconds left.
|
|t:|1776044471
|switch|p2a: Hippowdon|Hippowdon, F|73/100
|-weather|Sandstorm|[from] ability: Sand Stream|[of] p2a: Hippowdon
|move|p1a: Great Tusk|Headlong Rush|p2a: Hippowdon
|-damage|p2a: Hippowdon|37/100
|-unboost|p1a: Great Tusk|def|1
|-unboost|p1a: Great Tusk|spd|1
|
|-weather|Sandstorm|[upkeep]
|upkeep
|turn|27
|inactive|chancha12suizo has 120 seconds left.
|
|t:|1776044483
|move|p1a: Great Tusk|Rapid Spin|p2a: Hippowdon
|-damage|p2a: Hippowdon|27/100
|-boost|p1a: Great Tusk|spe|1
|-sideend|p1: chancha12suizo|Stealth Rock|[from] move: Rapid Spin|[of] p1a: Great Tusk
|move|p2a: Hippowdon|Slack Off|p2a: Hippowdon
|-heal|p2a: Hippowdon|77/100
|
|-weather|Sandstorm|[upkeep]
|upkeep
|turn|28
|inactive|chancha12suizo has 120 seconds left.
|
|t:|1776044498
|-end|p1a: Great Tusk|Protosynthesis|[silent]
|switch|p1a: Gholdengo|Gholdengo, tera:Fairy|94/100
|-item|p1a: Gholdengo|Air Balloon
|switch|p2a: Metagross|Metagross|100/100
|
|-weather|Sandstorm|[upkeep]
|-damage|p1a: Gholdengo|88/100|[from] Sandstorm
|upkeep
|turn|29
|
|t:|1776044516
|switch|p1a: Kingambit|Kingambit, F|53/100
|move|p2a: Metagross|Heavy Slam|p1a: Kingambit
|-resisted|p1a: Kingambit
|-damage|p1a: Kingambit|27/100
|
|-weather|Sandstorm|[upkeep]
|-heal|p1a: Kingambit|33/100|[from] item: Leftovers
|upkeep
|turn|30
|
|t:|1776044526
|move|p2a: Metagross|Earthquake|p1a: Kingambit
|-supereffective|p1a: Kingambit
|-damage|p1a: Kingambit|0 fnt
|faint|p1a: Kingambit
|-end|p1a: Kingambit|fallenundefined|[silent]
|
|-weather|none
|upkeep
|
|t:|1776044543
|switch|p1a: Enamorus|Enamorus, F|1/100
|turn|31
|
|t:|1776044556
|move|p2a: Metagross|Bullet Punch|p1a: Enamorus
|-supereffective|p1a: Enamorus
|-damage|p1a: Enamorus|0 fnt
|faint|p1a: Enamorus
|
|upkeep
|
|t:|1776044573
|switch|p1a: Blaziken|Blaziken, F|57/100
|turn|32
|
|t:|1776044577
|move|p1a: Blaziken|Flare Blitz|p2a: Metagross
|-supereffective|p2a: Metagross
|-damage|p2a: Metagross|0 fnt
|faint|p2a: Metagross
|-damage|p1a: Blaziken|17/100|[from] Recoil
|-damage|p1a: Blaziken|7/100|[from] item: Life Orb
|
|-ability|p1a: Blaziken|Speed Boost|boost
|-boost|p1a: Blaziken|spe|1
|upkeep
|
|t:|1776044581
|switch|p2a: Hippowdon|Hippowdon, F|77/100
|-weather|Sandstorm|[from] ability: Sand Stream|[of] p2a: Hippowdon
|turn|33
|inactive|chancha12suizo has 120 seconds left.
|
|t:|1776044591
|switch|p1a: Gholdengo|Gholdengo, tera:Fairy|88/100
|-item|p1a: Gholdengo|Air Balloon
|move|p2a: Hippowdon|Slack Off|p2a: Hippowdon
|-heal|p2a: Hippowdon|100/100
|
|-weather|Sandstorm|[upkeep]
|-damage|p1a: Gholdengo|82/100|[from] Sandstorm
|upkeep
|turn|34
|inactive|chancha12suizo has 120 seconds left.
|
|t:|1776044625
|switch|p1a: Glimmora|Glimmora, F|100/100
|switch|p2a: Snail|Goodra-Hisui, M|68/100
|
|-weather|Sandstorm|[upkeep]
|upkeep
|turn|35
|inactive|chancha12suizo has 90 seconds left.
|
|t:|1776044648
|move|p1a: Glimmora|Meteor Beam||[still]
|-prepare|p1a: Glimmora|Meteor Beam
|-boost|p1a: Glimmora|spa|1
|-enditem|p1a: Glimmora|Power Herb
|-anim|p1a: Glimmora|Meteor Beam|p2a: Snail
|-resisted|p2a: Snail
|-damage|p2a: Snail|46/100
|move|p2a: Snail|Flash Cannon|p1a: Glimmora
|-supereffective|p1a: Glimmora
|-damage|p1a: Glimmora|28/100
|-unboost|p1a: Glimmora|spd|1
|
|-weather|Sandstorm|[upkeep]
|upkeep
|turn|36
|
|t:|1776044663
|move|p1a: Glimmora|Earth Power|p2a: Snail
|-supereffective|p2a: Snail
|-damage|p2a: Snail|6/100
|move|p2a: Snail|Ice Beam|p1a: Glimmora
|-damage|p1a: Glimmora|0 fnt
|faint|p1a: Glimmora
|
|-weather|Sandstorm|[upkeep]
|upkeep
|inactive|chancha12suizo has 90 seconds left.
|
|t:|1776044674
|switch|p1a: Gholdengo|Gholdengo, tera:Fairy|82/100
|-item|p1a: Gholdengo|Air Balloon
|turn|37
|
|t:|1776044682
|move|p1a: Gholdengo|Make It Rain|p2a: Snail
|-resisted|p2a: Snail
|-damage|p2a: Snail|0 fnt
|-unboost|p1a: Gholdengo|spa|1
|faint|p2a: Snail
|
|-weather|none
|upkeep
|
|t:|1776044686
|switch|p2a: Hippowdon|Hippowdon, F|100/100
|-weather|Sandstorm|[from] ability: Sand Stream|[of] p2a: Hippowdon
|turn|38
|
|t:|1776044694
|switch|p1a: Blaziken|Blaziken, F|7/100
|move|p2a: Hippowdon|Stealth Rock|p1a: Blaziken
|-sidestart|p1: chancha12suizo|move: Stealth Rock
|
|-weather|Sandstorm|[upkeep]
|-damage|p1a: Blaziken|1/100|[from] Sandstorm
|upkeep
|turn|39
|
|t:|1776044700
|move|p1a: Blaziken|Flare Blitz|p2a: Hippowdon
|-damage|p2a: Hippowdon|53/100
|-damage|p1a: Blaziken|0 fnt|[from] Recoil
|faint|p1a: Blaziken
|move|p2a: Hippowdon|Earthquake|p1: Blaziken|[notarget]
|-fail|p2a: Hippowdon
|
|-weather|Sandstorm|[upkeep]
|upkeep
|
|t:|1776044709
|switch|p1a: Gholdengo|Gholdengo, tera:Fairy|82/100
|-damage|p1a: Gholdengo|70/100|[from] Stealth Rock
|-item|p1a: Gholdengo|Air Balloon
|turn|40
|
|t:|1776044712
|move|p1a: Gholdengo|Make It Rain|p2a: Hippowdon
|-damage|p2a: Hippowdon|0 fnt
|-unboost|p1a: Gholdengo|spa|1
|faint|p2a: Hippowdon
|
|win|chancha12suizo
|raw|chancha12suizo's rating: 1467 &rarr; <strong>1485</strong><br />(+18 for winning)
|raw|trashcan_343's rating: 1431 &rarr; <strong>1413</strong><br />(-18 for losing)
|c|☆chancha12suizo|ggs
|c|☆trashcan_343|gg
|l|☆trashcan_343
|player|p2|
|l|☆chancha12suizo
|player|p1|
