|html|<div class="broadcast-blue"><strong>[Gen 9] OU is currently suspecting Volcarona! For information on how to participate check out the <a href="https://www.smogon.com/tools/suspects/view/208">suspect thread</a>.</strong></div>
|j|☆Snowflakes
|j|☆nuii09
|t:|1778505479
|gametype|singles
|player|p1|Snowflakes|miku-fairy|1351
|player|p2|nuii09|baker|1394
|gen|9
|tier|[Gen 9] OU
|rated|
|rule|HP Percentage Mod: HP is shown in percentages
|rule|Endless Battle Clause: Forcing endless battles is banned
|rule|Species Clause: Limit one of each Pokémon
|rule|OHKO Clause: OHKO moves are banned
|rule|Evasion Items Clause: Evasion items are banned
|rule|Evasion Moves Clause: Evasion moves are banned
|rule|Evasion Abilities Clause: Evasion abilities are banned
|rule|Sleep Moves Clause: Sleep-inducing moves are banned
|clearpoke
|poke|p1|Pelipper, M|
|poke|p1|Tentacruel, F|
|poke|p1|Manaphy|
|poke|p1|Moltres|
|poke|p1|Gliscor, M|
|poke|p1|Garganacl, F|
|poke|p2|Darkrai|
|poke|p2|Cinderace, F|
|poke|p2|Tornadus-Therian, M|
|poke|p2|Hydrapple, F|
|poke|p2|Great Tusk|
|poke|p2|Slowking-Galar, M|
|teampreview
|inactive|Battle timer is ON: inactive players will automatically lose when time's up. (requested by Snowflakes)
|
|t:|1778505491
|teamsize|p1|6
|teamsize|p2|6
|start
|switch|p1a: Beach Sand|Garganacl, F, shiny|100/100
|switch|p2a: Darkrai|Darkrai|100/100
|turn|1
|
|t:|1778505498
|move|p2a: Darkrai|Knock Off|p1a: Beach Sand
|-damage|p1a: Beach Sand|74/100
|-enditem|p1a: Beach Sand|Leftovers|[from] move: Knock Off|[of] p2a: Darkrai
|move|p1a: Beach Sand|Salt Cure|p2a: Darkrai
|-damage|p2a: Darkrai|81/100
|-start|p2a: Darkrai|Salt Cure
|
|-damage|p2a: Darkrai|69/100|[from] Salt Cure
|upkeep
|turn|2
|
|t:|1778505501
|switch|p2a: Hydrapple|Hydrapple, F|100/100
|move|p1a: Beach Sand|Stealth Rock|p2a: Hydrapple
|-sidestart|p2: nuii09|move: Stealth Rock
|
|upkeep
|turn|3
|
|t:|1778505508
|switch|p2a: Cinderace|Cinderace, F|100/100
|switch|p1a: Sunburnt Birb|Moltres, shiny|100/100
|
|upkeep
|turn|4
|
|t:|1778505514
|switch|p1a: Stinger Red|Tentacruel, F|100/100
|move|p2a: Cinderace|Court Change|p2a: Cinderace
|-start|p2a: Cinderace|typechange|Normal|[from] ability: Libero
|-swapsideconditions
|-activate|p2a: Cinderace|move: Court Change
|
|upkeep
|turn|5
|
|t:|1778505518
|switch|p2a: Hydrapple|Hydrapple, F|100/100
|move|p1a: Stinger Red|Rapid Spin|p2a: Hydrapple
|-damage|p2a: Hydrapple|96/100
|-boost|p1a: Stinger Red|spe|1
|-damage|p1a: Stinger Red|84/100|[from] item: Rocky Helmet|[of] p2a: Hydrapple
|-sideend|p1: Snowflakes|Stealth Rock|[from] move: Rapid Spin|[of] p1a: Stinger Red
|
|upkeep
|turn|6
|
|t:|1778505522
|switch|p2a: Slowking|Slowking-Galar, M|100/100
|move|p1a: Stinger Red|Flip Turn|p2a: Slowking
|-damage|p2a: Slowking|85/100
|
|t:|1778505526
|switch|p1a: Purple Rain|Gliscor, M|100/100|[from] Flip Turn
|
|-status|p1a: Purple Rain|tox|[from] item: Toxic Orb
|upkeep
|turn|7
|
|t:|1778505529
|move|p1a: Purple Rain|Knock Off|p2a: Slowking
|-supereffective|p2a: Slowking
|-damage|p2a: Slowking|38/100
|-enditem|p2a: Slowking|Assault Vest|[from] move: Knock Off|[of] p1a: Purple Rain
|move|p2a: Slowking|Ice Beam|p1a: Purple Rain
|-supereffective|p1a: Purple Rain
|-damage|p1a: Purple Rain|12/100 tox
|
|-heal|p1a: Purple Rain|24/100 tox|[from] ability: Poison Heal
|upkeep
|turn|8
|
|t:|1778505538
|switch|p2a: Great Tusk|Great Tusk|100/100
|move|p1a: Purple Rain|Protect||[still]
|-fail|p1a: Purple Rain
|
|-heal|p1a: Purple Rain|37/100 tox|[from] ability: Poison Heal
|upkeep
|turn|9
|
|t:|1778505541
|move|p1a: Purple Rain|Protect|p1a: Purple Rain
|-singleturn|p1a: Purple Rain|Protect
|move|p2a: Great Tusk|Stealth Rock|p1a: Purple Rain
|-sidestart|p1: Snowflakes|move: Stealth Rock
|
|-heal|p1a: Purple Rain|49/100 tox|[from] ability: Poison Heal
|upkeep
|turn|10
|
|t:|1778505549
|-end|p2a: Great Tusk|Protosynthesis|[silent]
|switch|p2a: Darkrai|Darkrai|69/100
|switch|p1a: Sunburnt Birb|Moltres, shiny|100/100
|
|upkeep
|turn|11
|
|t:|1778505552
|move|p2a: Darkrai|Knock Off|p1a: Sunburnt Birb
|-damage|p1a: Sunburnt Birb|74/100
|-enditem|p1a: Sunburnt Birb|Heavy-Duty Boots|[from] move: Knock Off|[of] p2a: Darkrai
|move|p1a: Sunburnt Birb|U-turn|p2a: Darkrai
|-supereffective|p2a: Darkrai
|-damage|p2a: Darkrai|24/100
|
|t:|1778505557
|switch|p1a: Stinger Red|Tentacruel, F|84/100|[from] U-turn
|
|upkeep
|turn|12
|
|t:|1778505562
|switch|p2a: Hydrapple|Hydrapple, F|100/100
|move|p1a: Stinger Red|Rapid Spin|p2a: Hydrapple
|-damage|p2a: Hydrapple|96/100
|-boost|p1a: Stinger Red|spe|1
|-damage|p1a: Stinger Red|68/100|[from] item: Rocky Helmet|[of] p2a: Hydrapple
|-sideend|p1: Snowflakes|Stealth Rock|[from] move: Rapid Spin|[of] p1a: Stinger Red
|
|upkeep
|turn|13
|
|t:|1778505570
|switch|p1a: Purple Rain|Gliscor, M|49/100 tox
|move|p2a: Hydrapple|Leaf Storm|p1a: Purple Rain
|-damage|p1a: Purple Rain|4/100 tox
|-unboost|p2a: Hydrapple|spa|2
|
|-heal|p1a: Purple Rain|16/100 tox|[from] ability: Poison Heal
|upkeep
|turn|14
|
|t:|1778505574
|switch|p2a: Great Tusk|Great Tusk|100/100
|move|p1a: Purple Rain|Protect||[still]
|-fail|p1a: Purple Rain
|
|-heal|p1a: Purple Rain|29/100 tox|[from] ability: Poison Heal
|upkeep
|turn|15
|inactive|Snowflakes has 120 seconds left.
|
|t:|1778505613
|move|p1a: Purple Rain|Protect|p1a: Purple Rain
|-singleturn|p1a: Purple Rain|Protect
|move|p2a: Great Tusk|Ice Spinner|p1a: Purple Rain
|-activate|p1a: Purple Rain|move: Protect
|
|-heal|p1a: Purple Rain|41/100 tox|[from] ability: Poison Heal
|upkeep
|turn|16
|
|t:|1778505618
|switch|p1a: Green Pea|Pelipper, M, shiny|100/100
|-weather|RainDance|[from] ability: Drizzle|[of] p1a: Green Pea
|move|p2a: Great Tusk|Stealth Rock|p1a: Green Pea
|-sidestart|p1: Snowflakes|move: Stealth Rock
|
|-weather|RainDance|[upkeep]
|upkeep
|turn|17
|
|t:|1778505620
|-end|p2a: Great Tusk|Protosynthesis|[silent]
|switch|p2a: Slowking|Slowking-Galar, M|71/100
|move|p1a: Green Pea|Hurricane|p2a: Slowking
|-damage|p2a: Slowking|47/100
|
|-weather|RainDance|[upkeep]
|upkeep
|turn|18
|
|t:|1778505629
|switch|p2a: Tornadus|Tornadus-Therian, M|100/100
|move|p1a: Green Pea|U-turn|p2a: Tornadus
|-resisted|p2a: Tornadus
|-crit|p2a: Tornadus
|-damage|p2a: Tornadus|93/100
|
|t:|1778505634
|switch|p1a: Beach Sand|Garganacl, F, shiny|74/100|[from] U-turn
|-damage|p1a: Beach Sand|62/100|[from] Stealth Rock
|
|-weather|RainDance|[upkeep]
|upkeep
|turn|19
|
|t:|1778505639
|move|p2a: Tornadus|Nasty Plot|p2a: Tornadus
|-boost|p2a: Tornadus|spa|2
|move|p1a: Beach Sand|Stealth Rock|p2a: Tornadus
|-sidestart|p2: nuii09|move: Stealth Rock
|
|-weather|RainDance|[upkeep]
|upkeep
|turn|20
|
|t:|1778505642
|move|p2a: Tornadus|Nasty Plot|p2a: Tornadus
|-boost|p2a: Tornadus|spa|2
|move|p1a: Beach Sand|Salt Cure|p2a: Tornadus
|-supereffective|p2a: Tornadus
|-damage|p2a: Tornadus|61/100
|
|-weather|RainDance|[upkeep]
|upkeep
|turn|21
|
|t:|1778505644
|move|p1a: Beach Sand|Protect|p1a: Beach Sand
|-singleturn|p1a: Beach Sand|Protect
|move|p2a: Tornadus|Dark Pulse|p1a: Beach Sand
|-activate|p1a: Beach Sand|move: Protect
|
|-weather|RainDance|[upkeep]
|upkeep
|turn|22
|
|t:|1778505650
|move|p2a: Tornadus|Dark Pulse|p1a: Beach Sand
|-damage|p1a: Beach Sand|14/100
|move|p1a: Beach Sand|Salt Cure|p2a: Tornadus
|-supereffective|p2a: Tornadus
|-damage|p2a: Tornadus|27/100
|
|-weather|RainDance|[upkeep]
|upkeep
|turn|23
|
|t:|1778505658
|move|p2a: Tornadus|Dark Pulse|p1a: Beach Sand
|-damage|p1a: Beach Sand|0 fnt
|faint|p1a: Beach Sand
|
|-weather|none
|upkeep
|
|t:|1778505659
|switch|p1a: Turquoise|Manaphy, shiny|100/100
|-damage|p1a: Turquoise|88/100|[from] Stealth Rock
|turn|24
|
|t:|1778505665
|move|p2a: Tornadus|Bleakwind Storm|p1a: Turquoise
|-damage|p1a: Turquoise|0 fnt
|faint|p1a: Turquoise
|
|upkeep
|-message|Snowflakes forfeited.
|
|win|nuii09
|raw|Snowflakes's rating: 1351 &rarr; <strong>1333</strong><br />(-18 for losing)
|raw|nuii09's rating: 1394 &rarr; <strong>1412</strong><br />(+18 for winning)
|l|☆Snowflakes
|player|p1|
|l|☆nuii09
|player|p2|
