|html|<div class="broadcast-blue"><strong>[Gen 9] OU is currently suspecting Tera Blast! For information on how to participate check out the <a href="https://www.smogon.com/tools/suspects/view/200">suspect thread</a>.</strong></div>
|j|☆Pig Perfect
|j|☆phreshoatmeal
|t:|1776035101
|gametype|singles
|player|p1|Pig Perfect|workerice|1567
|player|p2|phreshoatmeal|170|1615
|gen|9
|tier|[Gen 9] OU
|rated|
|rule|HP Percentage Mod: HP is shown in percentages
|rule|Endless Battle Clause: Forcing endless battles is banned
|rule|Species Clause: Limit one of each Pokémon
|rule|OHKO Clause: OHKO moves are banned
|rule|Evasion Items Clause: Evasion items are banned
|rule|Evasion Moves Clause: Evasion moves are banned
|rule|Evasion Abilities Clause: Evasion abilities are banned
|rule|Sleep Moves Clause: Sleep-inducing moves are banned
|clearpoke
|poke|p1|Iron Leaves|
|poke|p1|Iron Treads|
|poke|p1|Kingambit, F|
|poke|p1|Pawmot, F|
|poke|p1|Pincurchin, M|
|poke|p1|Raging Bolt|
|poke|p2|Excadrill, F|
|poke|p2|Sandaconda, M|
|poke|p2|Tyranitar, F|
|poke|p2|Hatterene, F|
|poke|p2|Porygon2|
|poke|p2|Pawmot, M|
|teampreview
|j| ohko_smeargle
|j| fwyy
|
|t:|1776035145
|teamsize|p1|6
|teamsize|p2|6
|start
|switch|p1a: Sew What?|Pincurchin, M|100/100
|switch|p2a: Tyranitar|Tyranitar, F|100/100
|-weather|Sandstorm|[from] ability: Sand Stream|[of] p2a: Tyranitar
|-fieldstart|move: Electric Terrain|[from] ability: Electric Surge|[of] p1a: Sew What?
|turn|1
|
|t:|1776035165
|move|p2a: Tyranitar|Low Kick|p1a: Sew What?
|-damage|p1a: Sew What?|94/100
|move|p1a: Sew What?|Spikes|p2a: Tyranitar
|-sidestart|p2: phreshoatmeal|Spikes
|
|-weather|Sandstorm|[upkeep]
|-damage|p1a: Sew What?|88/100|[from] Sandstorm
|upkeep
|turn|2
|inactive|Battle timer is ON: inactive players will automatically lose when time's up. (requested by phreshoatmeal)
|inactive|Pig Perfect has 120 seconds left.
|j| Bob Loblaw LLC
|
|t:|1776035221
|switch|p1a: Peak-Chu|Pawmot, F|100/100
|move|p2a: Tyranitar|Knock Off|p1a: Peak-Chu
|-resisted|p1a: Peak-Chu
|-damage|p1a: Peak-Chu|56/100
|-enditem|p1a: Peak-Chu|Leppa Berry|[from] move: Knock Off|[of] p2a: Tyranitar
|
|-weather|Sandstorm|[upkeep]
|-damage|p1a: Peak-Chu|50/100|[from] Sandstorm
|upkeep
|turn|3
|inactive|phreshoatmeal has 120 seconds left.
|
|t:|1776035251
|switch|p1a: *Leaves Game*|Iron Leaves|100/100
|-activate|p1a: *Leaves Game*|ability: Quark Drive
|-start|p1a: *Leaves Game*|quarkdriveatk
|switch|p2a: Sandaconda|Sandaconda, M|100/100
|-damage|p2a: Sandaconda|88/100|[from] Spikes
|
|-weather|Sandstorm|[upkeep]
|-damage|p1a: *Leaves Game*|94/100|[from] Sandstorm
|upkeep
|turn|4
|inactive|phreshoatmeal has 120 seconds left.
|
|t:|1776035266
|move|p2a: Sandaconda|Endure|p2a: Sandaconda
|-singleturn|p2a: Sandaconda|move: Endure
|move|p1a: *Leaves Game*|Trailblaze|p2a: Sandaconda
|-supereffective|p2a: Sandaconda
|-damage|p2a: Sandaconda|19/100
|-boost|p1a: *Leaves Game*|spe|1
|-enditem|p2a: Sandaconda|Eject Button
|
|t:|1776035277
|switch|p2a: Excadrill|Excadrill, F|100/100
|-damage|p2a: Excadrill|88/100|[from] Spikes
|
|-weather|Sandstorm|[upkeep]
|-damage|p1a: *Leaves Game*|88/100|[from] Sandstorm
|upkeep
|turn|5
|
|t:|1776035283
|move|p2a: Excadrill|Poison Jab|p1a: *Leaves Game*
|-supereffective|p1a: *Leaves Game*
|-damage|p1a: *Leaves Game*|0 fnt
|faint|p1a: *Leaves Game*
|-end|p1a: *Leaves Game*|Quark Drive|[silent]
|
|-weather|none
|upkeep
|
|t:|1776035287
|switch|p1a: Iron Trunk|Iron Treads|100/100
|-item|p1a: Iron Trunk|Air Balloon
|-activate|p1a: Iron Trunk|ability: Quark Drive
|-start|p1a: Iron Trunk|quarkdrivespe
|turn|6
|inactive|phreshoatmeal has 120 seconds left.
|
|t:|1776035311
|switch|p2a: Hatterene|Hatterene, F|100/100
|-damage|p2a: Hatterene|88/100|[from] Spikes
|move|p1a: Iron Trunk|Earth Power|p2a: Hatterene
|-damage|p2a: Hatterene|52/100
|
|-heal|p2a: Hatterene|58/100|[from] item: Leftovers
|upkeep
|turn|7
|inactive|phreshoatmeal has 120 seconds left.
|
|t:|1776035318
|switch|p2a: Porygon2|Porygon2|100/100
|-damage|p2a: Porygon2|88/100|[from] Spikes
|-ability|p2a: Porygon2|Download|boost
|-boost|p2a: Porygon2|spa|1
|move|p1a: Iron Trunk|Steel Beam|p2a: Porygon2
|-damage|p2a: Porygon2|64/100
|-damage|p1a: Iron Trunk|50/100|[from] steelbeam
|
|upkeep
|turn|8
|
|t:|1776035327
|switch|p2a: Hatterene|Hatterene, F|58/100
|-damage|p2a: Hatterene|46/100|[from] Spikes
|move|p1a: Iron Trunk|Stealth Rock|p2a: Hatterene
|move|p2a: Hatterene|Stealth Rock|p1a: Iron Trunk|[from] ability: Magic Bounce
|-sidestart|p1: Pig Perfect|move: Stealth Rock
|
|-heal|p2a: Hatterene|52/100|[from] item: Leftovers
|-fieldend|move: Electric Terrain
|-end|p1a: Iron Trunk|Quark Drive
|upkeep
|turn|9
|
|t:|1776035337
|move|p1a: Iron Trunk|Rapid Spin|p2a: Hatterene
|-damage|p2a: Hatterene|42/100
|-boost|p1a: Iron Trunk|spe|1
|-sideend|p1: Pig Perfect|Stealth Rock|[from] move: Rapid Spin|[of] p1a: Iron Trunk
|move|p2a: Hatterene|Gravity|p2a: Hatterene
|-fieldstart|move: Gravity
|
|-heal|p2a: Hatterene|48/100|[from] item: Leftovers
|upkeep
|turn|10
|
|t:|1776035344
|switch|p2a: Sandaconda|Sandaconda, M|19/100
|-damage|p2a: Sandaconda|6/100|[from] Spikes
|move|p1a: Iron Trunk|Earth Power|p2a: Sandaconda
|-damage|p2a: Sandaconda|0 fnt
|-weather|Sandstorm|[from] ability: Sand Spit|[of] p2a: Sandaconda
|faint|p2a: Sandaconda
|
|-weather|Sandstorm|[upkeep]
|upkeep
|
|t:|1776035349
|switch|p2a: Excadrill|Excadrill, F|88/100
|-damage|p2a: Excadrill|76/100|[from] Spikes
|turn|11
|
|t:|1776035356
|move|p2a: Excadrill|Earthquake|p1a: Iron Trunk
|-supereffective|p1a: Iron Trunk
|-damage|p1a: Iron Trunk|0 fnt
|-enditem|p1a: Iron Trunk|Air Balloon
|faint|p1a: Iron Trunk
|-end|p1a: Iron Trunk|Quark Drive|[silent]
|
|-weather|Sandstorm|[upkeep]
|upkeep
|
|t:|1776035358
|switch|p1a: Sew What?|Pincurchin, M|88/100
|-fieldstart|move: Electric Terrain|[from] ability: Electric Surge|[of] p1a: Sew What?
|turn|12
|
|t:|1776035365
|-terastallize|p1a: Sew What?|Bug
|move|p2a: Excadrill|Earthquake|p1a: Sew What?
|-resisted|p1a: Sew What?
|-damage|p1a: Sew What?|46/100
|move|p1a: Sew What?|Scald|p2a: Excadrill
|-supereffective|p2a: Excadrill
|-damage|p2a: Excadrill|26/100
|
|-weather|Sandstorm|[upkeep]
|-damage|p1a: Sew What?|40/100|[from] Sandstorm
|upkeep
|turn|13
|
|t:|1776035378
|move|p2a: Excadrill|Earthquake|p1a: Sew What?
|-resisted|p1a: Sew What?
|-damage|p1a: Sew What?|4/100
|move|p1a: Sew What?|Scald|p2a: Excadrill
|-supereffective|p2a: Excadrill
|-damage|p2a: Excadrill|0 fnt
|faint|p2a: Excadrill
|
|-weather|Sandstorm|[upkeep]
|-damage|p1a: Sew What?|0 fnt|[from] Sandstorm
|faint|p1a: Sew What?
|-fieldend|move: Gravity
|upkeep
|inactive|phreshoatmeal has 120 seconds left.
|
|t:|1776035415
|switch|p2a: Pawmot|Pawmot, M|100/100
|switch|p1a: Peak-Chu|Pawmot, F|50/100
|-damage|p2a: Pawmot|88/100|[from] Spikes
|turn|14
|
|t:|1776035421
|move|p1a: Peak-Chu|Revival Blessing|p1a: Peak-Chu
|
|t:|1776035425
|-heal|p1: *Leaves Game*|50/100|[from] move: Revival Blessing
|move|p2a: Pawmot|Close Combat|p1a: Peak-Chu
|-crit|p1a: Peak-Chu
|-damage|p1a: Peak-Chu|0 fnt
|-unboost|p2a: Pawmot|def|1
|-unboost|p2a: Pawmot|spd|1
|faint|p1a: Peak-Chu
|
|-weather|none
|upkeep
|
|t:|1776035427
|switch|p1a: *Leaves Game*|Iron Leaves|50/100
|-activate|p1a: *Leaves Game*|ability: Quark Drive
|-start|p1a: *Leaves Game*|quarkdriveatk
|turn|15
|inactive|phreshoatmeal has 120 seconds left.
|
|t:|1776035453
|switch|p2a: Hatterene|Hatterene, F|48/100
|-damage|p2a: Hatterene|36/100|[from] Spikes
|move|p1a: *Leaves Game*|Psyblade|p2a: Hatterene
|-resisted|p2a: Hatterene
|-damage|p2a: Hatterene|3/100
|
|-heal|p2a: Hatterene|9/100|[from] item: Leftovers
|upkeep
|turn|16
|inactive|phreshoatmeal has 120 seconds left.
|
|t:|1776035473
|move|p1a: *Leaves Game*|Trailblaze|p2a: Hatterene
|-damage|p2a: Hatterene|0 fnt
|-boost|p1a: *Leaves Game*|spe|1
|faint|p2a: Hatterene
|
|upkeep
|inactive|phreshoatmeal has 120 seconds left.
|
|t:|1776035482
|switch|p2a: Porygon2|Porygon2|64/100
|-damage|p2a: Porygon2|52/100|[from] Spikes
|-ability|p2a: Porygon2|Download|boost
|-boost|p2a: Porygon2|atk|1
|turn|17
|inactive|Pig Perfect has 120 seconds left.
|inactive|Pig Perfect has 90 seconds left.
|inactive|Pig Perfect has 60 seconds left.
|
|t:|1776035578
|-terastallize|p2a: Porygon2|Poison
|move|p1a: *Leaves Game*|Psyblade|p2a: Porygon2
|-supereffective|p2a: Porygon2
|-damage|p2a: Porygon2|0 fnt
|faint|p2a: Porygon2
|
|upkeep
|-message|phreshoatmeal forfeited.
|
|win|Pig Perfect
|raw|Pig Perfect's rating: 1567 &rarr; <strong>1590</strong><br />(+23 for winning)
|raw|phreshoatmeal's rating: 1615 &rarr; <strong>1592</strong><br />(-23 for losing)
|l|☆phreshoatmeal
|player|p2|
|l| ohko_smeargle
|l|☆Pig Perfect
|player|p1|
|l| Bob Loblaw LLC
|l| fwyy
