|html|<div class="broadcast-blue"><strong>[Gen 9] OU is currently suspecting Tera Blast! For information on how to participate check out the <a href="https://www.smogon.com/tools/suspects/view/200">suspect thread</a>.</strong></div>
|j|☆GoodorEevee
|j|☆The ZU Wanderer
|t:|1776046797
|gametype|singles
|player|p1|GoodorEevee|hexmaniac-gen6|1236
|player|p2|The ZU Wanderer|roughneck|1193
|gen|9
|tier|[Gen 9] OU
|rated|
|rule|HP Percentage Mod: HP is shown in percentages
|rule|Endless Battle Clause: Forcing endless battles is banned
|rule|Species Clause: Limit one of each Pokémon
|rule|OHKO Clause: OHKO moves are banned
|rule|Evasion Items Clause: Evasion items are banned
|rule|Evasion Moves Clause: Evasion moves are banned
|rule|Evasion Abilities Clause: Evasion abilities are banned
|rule|Sleep Moves Clause: Sleep-inducing moves are banned
|clearpoke
|poke|p1|Alomomola, F|
|poke|p1|Hawlucha, M|
|poke|p1|Morpeko, M|
|poke|p1|Dragapult, M|
|poke|p1|Iron Crown|
|poke|p1|Frosmoth, F|
|poke|p2|Glaceon, F|
|poke|p2|Honchkrow, M|
|poke|p2|Virizion|
|poke|p2|Komala, F|
|poke|p2|Masquerain, M|
|poke|p2|Pachirisu, F|
|teampreview
|inactive|Battle timer is ON: inactive players will automatically lose when time's up. (requested by GoodorEevee)
|c|☆GoodorEevee|Nice team
|
|t:|1776046820
|teamsize|p1|6
|teamsize|p2|6
|start
|switch|p1a: Morpeko|Morpeko, M|100/100
|switch|p2a: Masquerain|Masquerain, M, shiny|100/100
|-ability|p2a: Masquerain|Intimidate|boost
|-unboost|p1a: Morpeko|atk|1
|turn|1
|c|☆GoodorEevee|Glhf
|
|t:|1776046830
|move|p2a: Masquerain|Bug Buzz|p1a: Morpeko
|-supereffective|p1a: Morpeko
|-damage|p1a: Morpeko|0 fnt
|faint|p1a: Morpeko
|
|upkeep
|
|t:|1776046839
|switch|p1a: Frosmoth|Frosmoth, F|100/100
|turn|2
|
|t:|1776046842
|switch|p2a: Pachirisu|Pachirisu, F, shiny|100/100
|move|p1a: Frosmoth|Quiver Dance|p1a: Frosmoth
|-boost|p1a: Frosmoth|spa|1
|-boost|p1a: Frosmoth|spd|1
|-boost|p1a: Frosmoth|spe|1
|
|upkeep
|turn|3
|
|t:|1776046855
|switch|p1a: Dragapult|Dragapult, M|100/100
|move|p2a: Pachirisu|Nuzzle|p1a: Dragapult
|-resisted|p1a: Dragapult
|-damage|p1a: Dragapult|98/100
|-status|p1a: Dragapult|par
|
|upkeep
|turn|4
|
|t:|1776046870
|move|p2a: Pachirisu|U-turn|p1a: Dragapult
|-resisted|p1a: Dragapult
|-damage|p1a: Dragapult|93/100 par
|
|t:|1776046879
|switch|p2a: Masquerain|Masquerain, M, shiny|100/100|[from] U-turn
|-ability|p2a: Masquerain|Intimidate|boost
|-unboost|p1a: Dragapult|atk|1
|move|p1a: Dragapult|Will-O-Wisp|p2a: Masquerain
|-status|p2a: Masquerain|brn
|
|-damage|p2a: Masquerain|94/100 brn|[from] brn
|upkeep
|turn|5
|
|t:|1776046888
|switch|p1a: Frosmoth|Frosmoth, F|100/100
|move|p2a: Masquerain|Ice Beam|p1a: Frosmoth
|-resisted|p1a: Frosmoth
|-damage|p1a: Frosmoth|91/100
|
|-damage|p2a: Masquerain|88/100 brn|[from] brn
|upkeep
|turn|6
|
|t:|1776046902
|switch|p2a: Komala|Komala, F, shiny|100/100
|-ability|p2a: Komala|Comatose
|move|p1a: Frosmoth|Quiver Dance|p1a: Frosmoth
|-boost|p1a: Frosmoth|spa|1
|-boost|p1a: Frosmoth|spd|1
|-boost|p1a: Frosmoth|spe|1
|
|upkeep
|turn|7
|
|t:|1776046914
|move|p1a: Frosmoth|Bug Buzz|p2a: Komala
|-damage|p2a: Komala|50/100
|move|p2a: Komala|Knock Off|p1a: Frosmoth
|-damage|p1a: Frosmoth|24/100
|-enditem|p1a: Frosmoth|Heavy-Duty Boots|[from] move: Knock Off|[of] p2a: Komala
|
|upkeep
|turn|8
|
|t:|1776046923
|-terastallize|p2a: Komala|Ghost
|move|p1a: Frosmoth|Bug Buzz|p2a: Komala
|-resisted|p2a: Komala
|-damage|p2a: Komala|27/100
|move|p2a: Komala|Rapid Spin|p1a: Frosmoth
|-damage|p1a: Frosmoth|0 fnt
|-boost|p2a: Komala|spe|1
|faint|p1a: Frosmoth
|
|upkeep
|
|t:|1776046929
|switch|p1a: Alomomola|Alomomola, F|100/100
|turn|9
|
|t:|1776046934
|move|p2a: Komala|Knock Off|p1a: Alomomola
|-damage|p1a: Alomomola|83/100
|-enditem|p1a: Alomomola|Leftovers|[from] move: Knock Off|[of] p2a: Komala
|move|p1a: Alomomola|Flip Turn|p2a: Komala
|-damage|p2a: Komala|6/100
|
|t:|1776046949
|switch|p1a: Hawlucha|Hawlucha, M|100/100|[from] Flip Turn
|-ability|p1a: Hawlucha|Mold Breaker
|
|upkeep
|turn|10
|
|t:|1776046958
|move|p1a: Hawlucha|Brave Bird|p2a: Komala
|-crit|p2a: Komala
|-damage|p2a: Komala|0 fnt
|faint|p2a: Komala
|-damage|p1a: Hawlucha|98/100|[from] Recoil
|
|upkeep
|
|t:|1776046964
|switch|p2a: Masquerain|Masquerain, M, shiny|88/100 brn
|-ability|p2a: Masquerain|Intimidate|boost
|-unboost|p1a: Hawlucha|atk|1
|turn|11
|
|t:|1776046971
|move|p2a: Masquerain|Ice Beam|p1a: Hawlucha
|-supereffective|p1a: Hawlucha
|-damage|p1a: Hawlucha|0 fnt
|faint|p1a: Hawlucha
|
|-damage|p2a: Masquerain|82/100 brn|[from] brn
|upkeep
|
|t:|1776046975
|switch|p1a: Iron Crown|Iron Crown|100/100
|turn|12
|
|t:|1776046989
|switch|p2a: Pachirisu|Pachirisu, F, shiny|100/100
|move|p1a: Iron Crown|Tachyon Cutter|p2a: Pachirisu
|-resisted|p2a: Pachirisu
|-damage|p2a: Pachirisu|88/100
|-resisted|p2a: Pachirisu
|-damage|p2a: Pachirisu|77/100
|-hitcount|p2a: Pachirisu|2
|
|-heal|p2a: Pachirisu|83/100|[from] item: Leftovers
|upkeep
|turn|13
|
|t:|1776046998
|-end|p1a: Iron Crown|Quark Drive|[silent]
|switch|p1a: Dragapult|Dragapult, M|93/100 par
|move|p2a: Pachirisu|Nuzzle|p1a: Dragapult
|-resisted|p1a: Dragapult
|-damage|p1a: Dragapult|91/100 par
|
|-heal|p2a: Pachirisu|89/100|[from] item: Leftovers
|upkeep
|turn|14
|
|t:|1776047005
|move|p2a: Pachirisu|U-turn|p1a: Dragapult
|-resisted|p1a: Dragapult
|-damage|p1a: Dragapult|87/100 par
|
|t:|1776047009
|switch|p2a: Masquerain|Masquerain, M, shiny|82/100 brn|[from] U-turn
|-ability|p2a: Masquerain|Intimidate|boost
|-unboost|p1a: Dragapult|atk|1
|move|p1a: Dragapult|Hex|p2a: Masquerain
|-crit|p2a: Masquerain
|-damage|p2a: Masquerain|0 fnt
|faint|p2a: Masquerain
|
|upkeep
|
|t:|1776047016
|switch|p2a: Honchkrow|Honchkrow, M|100/100
|turn|15
|
|t:|1776047020
|move|p2a: Honchkrow|Dark Pulse|p1a: Dragapult
|-supereffective|p1a: Dragapult
|-damage|p1a: Dragapult|0 fnt
|faint|p1a: Dragapult
|-ability|p2a: Honchkrow|Moxie|boost
|-boost|p2a: Honchkrow|atk|1
|-damage|p2a: Honchkrow|91/100|[from] item: Life Orb
|
|upkeep
|
|t:|1776047023
|switch|p1a: Iron Crown|Iron Crown|100/100
|turn|16
|
|t:|1776047030
|switch|p2a: Pachirisu|Pachirisu, F, shiny|89/100
|move|p1a: Iron Crown|Psyshock|p2a: Pachirisu
|-damage|p2a: Pachirisu|23/100
|
|-heal|p2a: Pachirisu|30/100|[from] item: Leftovers
|upkeep
|turn|17
|
|t:|1776047037
|-end|p1a: Iron Crown|Quark Drive|[silent]
|switch|p1a: Alomomola|Alomomola, F|100/100
|switch|p2a: Honchkrow|Honchkrow, M|91/100
|
|upkeep
|turn|18
|
|t:|1776047042
|move|p2a: Honchkrow|Dark Pulse|p1a: Alomomola
|-damage|p1a: Alomomola|37/100
|-damage|p2a: Honchkrow|81/100|[from] item: Life Orb
|move|p1a: Alomomola|Flip Turn|p2a: Honchkrow
|-crit|p2a: Honchkrow
|-damage|p2a: Honchkrow|45/100
|
|t:|1776047044
|switch|p1a: Iron Crown|Iron Crown|100/100|[from] Flip Turn
|
|upkeep
|turn|19
|
|t:|1776047052
|move|p2a: Honchkrow|Sucker Punch|p1a: Iron Crown
|-supereffective|p1a: Iron Crown
|-damage|p1a: Iron Crown|25/100
|-damage|p2a: Honchkrow|35/100|[from] item: Life Orb
|move|p1a: Iron Crown|Volt Switch|p2a: Honchkrow
|-supereffective|p2a: Honchkrow
|-damage|p2a: Honchkrow|0 fnt
|faint|p2a: Honchkrow
|
|t:|1776047054
|-end|p1a: Iron Crown|Quark Drive|[silent]
|switch|p1a: Alomomola|Alomomola, F|70/100|[from] Volt Switch
|
|upkeep
|
|t:|1776047065
|switch|p2a: Virizion|Virizion|100/100
|turn|20
|
|t:|1776047072
|-terastallize|p1a: Alomomola|Steel
|move|p2a: Virizion|Giga Drain|p1a: Alomomola
|-resisted|p1a: Alomomola
|-crit|p1a: Alomomola
|-damage|p1a: Alomomola|50/100
|move|p1a: Alomomola|Tickle|p2a: Virizion
|-unboost|p2a: Virizion|atk|1
|-unboost|p2a: Virizion|def|1
|
|upkeep
|turn|21
|
|t:|1776047079
|switch|p2a: Pachirisu|Pachirisu, F, shiny|30/100
|move|p1a: Alomomola|Wish|p1a: Alomomola
|
|-heal|p2a: Pachirisu|36/100|[from] item: Leftovers
|upkeep
|turn|22
|
|t:|1776047089
|move|p2a: Pachirisu|Encore|p1a: Alomomola
|-start|p1a: Alomomola|Encore
|move|p1a: Alomomola|Wish||[still]
|-fail|p1a: Alomomola
|
|-heal|p1a: Alomomola|99/100|[from] move: Wish|[wisher] Alomomola
|-heal|p2a: Pachirisu|42/100|[from] item: Leftovers
|upkeep
|turn|23
|
|t:|1776047097
|move|p2a: Pachirisu|Nuzzle|p1a: Alomomola
|-damage|p1a: Alomomola|98/100
|-status|p1a: Alomomola|par
|move|p1a: Alomomola|Wish|p1a: Alomomola
|
|-heal|p2a: Pachirisu|48/100|[from] item: Leftovers
|upkeep
|turn|24
|
|t:|1776047106
|move|p2a: Pachirisu|Nuzzle|p1a: Alomomola
|-damage|p1a: Alomomola|95/100 par
|move|p1a: Alomomola|Wish||[still]
|-fail|p1a: Alomomola
|
|-heal|p1a: Alomomola|100/100 par|[from] move: Wish|[wisher] Alomomola
|-heal|p2a: Pachirisu|54/100|[from] item: Leftovers
|-end|p1a: Alomomola|Encore
|upkeep
|turn|25
|
|t:|1776047119
|switch|p1a: Iron Crown|Iron Crown|25/100
|move|p2a: Pachirisu|Encore||[still]
|-fail|p2a: Pachirisu
|
|-heal|p2a: Pachirisu|60/100|[from] item: Leftovers
|upkeep
|turn|26
|
|t:|1776047141
|switch|p2a: Glaceon|Glaceon, F|100/100
|move|p1a: Iron Crown|Psyshock|p2a: Glaceon
|-damage|p2a: Glaceon|70/100
|
|upkeep
|turn|27
|
|t:|1776047151
|-end|p1a: Iron Crown|Quark Drive|[silent]
|switch|p1a: Alomomola|Alomomola, F, tera:Steel|100/100 par
|move|p2a: Glaceon|Wish|p2a: Glaceon
|
|upkeep
|turn|28
|
|t:|1776047156
|switch|p2a: Pachirisu|Pachirisu, F, shiny|60/100
|move|p1a: Alomomola|Wish|p1a: Alomomola
|
|-heal|p2a: Pachirisu|100/100|[from] move: Wish|[wisher] Glaceon
|upkeep
|turn|29
|
|t:|1776047164
|switch|p1a: Iron Crown|Iron Crown|25/100
|move|p2a: Pachirisu|Nuzzle|p1a: Iron Crown
|-damage|p1a: Iron Crown|21/100
|-status|p1a: Iron Crown|par
|
|-heal|p1a: Iron Crown|100/100 par|[from] move: Wish|[wisher] Alomomola
|upkeep
|turn|30
|
|t:|1776047172
|move|p2a: Pachirisu|Super Fang|p1a: Iron Crown
|-damage|p1a: Iron Crown|51/100 par
|move|p1a: Iron Crown|Psyshock|p2a: Pachirisu
|-damage|p2a: Pachirisu|40/100
|
|-heal|p2a: Pachirisu|46/100|[from] item: Leftovers
|upkeep
|turn|31
|
|t:|1776047182
|move|p2a: Pachirisu|Super Fang|p1a: Iron Crown
|-damage|p1a: Iron Crown|26/100 par
|move|p1a: Iron Crown|Psyshock|p2a: Pachirisu
|-damage|p2a: Pachirisu|0 fnt
|faint|p2a: Pachirisu
|
|upkeep
|
|t:|1776047207
|switch|p2a: Virizion|Virizion|100/100
|turn|32
|
|t:|1776047211
|-end|p1a: Iron Crown|Quark Drive|[silent]
|switch|p1a: Alomomola|Alomomola, F, tera:Steel|100/100 par
|move|p2a: Virizion|Calm Mind|p2a: Virizion
|-boost|p2a: Virizion|spa|1
|-boost|p2a: Virizion|spd|1
|
|upkeep
|turn|33
|
|t:|1776047218
|move|p2a: Virizion|Calm Mind|p2a: Virizion
|-boost|p2a: Virizion|spa|1
|-boost|p2a: Virizion|spd|1
|move|p1a: Alomomola|Wish|p1a: Alomomola
|
|upkeep
|turn|34
|
|t:|1776047231
|switch|p1a: Iron Crown|Iron Crown|26/100 par
|move|p2a: Virizion|Vacuum Wave|p1a: Iron Crown
|-damage|p1a: Iron Crown|2/100 par
|
|-heal|p1a: Iron Crown|86/100 par|[from] move: Wish|[wisher] Alomomola
|upkeep
|turn|35
|
|t:|1776047238
|move|p2a: Virizion|Calm Mind|p2a: Virizion
|-boost|p2a: Virizion|spa|1
|-boost|p2a: Virizion|spd|1
|cant|p1a: Iron Crown|par
|
|upkeep
|turn|36
|
|t:|1776047244
|move|p2a: Virizion|Vacuum Wave|p1a: Iron Crown
|-damage|p1a: Iron Crown|55/100 par
|move|p1a: Iron Crown|Psyshock|p2a: Virizion
|-supereffective|p2a: Virizion
|-damage|p2a: Virizion|28/100
|
|upkeep
|turn|37
|
|t:|1776047258
|move|p2a: Virizion|Giga Drain|p1a: Iron Crown
|-resisted|p1a: Iron Crown
|-damage|p1a: Iron Crown|27/100 par
|-heal|p2a: Virizion|40/100|[from] drain|[of] p1a: Iron Crown
|cant|p1a: Iron Crown|par
|
|upkeep
|turn|38
|
|t:|1776047267
|move|p2a: Virizion|Vacuum Wave|p1a: Iron Crown
|-damage|p1a: Iron Crown|0 fnt
|faint|p1a: Iron Crown
|-end|p1a: Iron Crown|Quark Drive|[silent]
|
|upkeep
|-message|GoodorEevee forfeited.
|
|win|The ZU Wanderer
|raw|GoodorEevee's rating: 1236 &rarr; <strong>1208</strong><br />(-28 for losing)
|raw|The ZU Wanderer's rating: 1193 &rarr; <strong>1221</strong><br />(+28 for winning)
|l|☆GoodorEevee
|player|p1|
