|html|<div class="broadcast-blue"><strong>[Gen 9] OU is currently suspecting Tera Blast! For information on how to participate check out the <a href="https://www.smogon.com/tools/suspects/view/200">suspect thread</a>.</strong></div>
|j|☆Anyac2026
|j|☆TracerBuzz
|t:|1776057821
|gametype|singles
|player|p1|Anyac2026|102|1143
|player|p2|TracerBuzz|170|1149
|gen|9
|tier|[Gen 9] OU
|rated|
|rule|HP Percentage Mod: HP is shown in percentages
|rule|Endless Battle Clause: Forcing endless battles is banned
|rule|Species Clause: Limit one of each Pokémon
|rule|OHKO Clause: OHKO moves are banned
|rule|Evasion Items Clause: Evasion items are banned
|rule|Evasion Moves Clause: Evasion moves are banned
|rule|Evasion Abilities Clause: Evasion abilities are banned
|rule|Sleep Moves Clause: Sleep-inducing moves are banned
|clearpoke
|poke|p1|Alomomola, F|
|poke|p1|Dondozo, M|
|poke|p1|Gliscor, F|
|poke|p1|Weezing-Galar, F|
|poke|p1|Blissey, F|
|poke|p1|Corviknight, M|
|poke|p2|Rampardos, M|
|poke|p2|Clodsire, M|
|poke|p2|Hitmonlee, M|
|poke|p2|Cinderace, F|
|poke|p2|Salazzle, F|
|poke|p2|Latias, F|
|teampreview
|
|t:|1776057830
|teamsize|p1|6
|teamsize|p2|6
|start
|switch|p1a: Gliscor|Gliscor, F|100/100
|switch|p2a: Latias|Latias, F|100/100
|turn|1
|
|t:|1776057837
|move|p1a: Gliscor|Protect|p1a: Gliscor
|-singleturn|p1a: Gliscor|Protect
|move|p2a: Latias|Ice Beam|p1a: Gliscor
|-activate|p1a: Gliscor|move: Protect
|
|-status|p1a: Gliscor|tox|[from] item: Toxic Orb
|upkeep
|turn|2
|
|t:|1776057846
|switch|p1a: Blissey|Blissey, F|100/100
|move|p2a: Latias|Ice Beam|p1a: Blissey
|-damage|p1a: Blissey|87/100
|-damage|p2a: Latias|91/100|[from] item: Life Orb
|
|upkeep
|turn|3
|
|t:|1776057857
|switch|p2a: Clodsire|Clodsire, M|100/100
|move|p1a: Blissey|Trick|p2a: Clodsire
|-activate|p1a: Blissey|move: Trick|[of] p2a: Clodsire
|-item|p2a: Clodsire|Choice Scarf|[from] move: Trick
|-item|p1a: Blissey|Leftovers|[from] move: Trick
|
|-heal|p1a: Blissey|93/100|[from] item: Leftovers
|upkeep
|turn|4
|
|t:|1776057871
|move|p1a: Blissey|Stealth Rock|p2a: Clodsire
|-sidestart|p2: TracerBuzz|move: Stealth Rock
|move|p2a: Clodsire|Earthquake|p1a: Blissey
|-damage|p1a: Blissey|69/100
|
|-heal|p1a: Blissey|76/100|[from] item: Leftovers
|upkeep
|turn|5
|
|t:|1776057880
|switch|p2a: Cinderace|Cinderace, F|100/100
|move|p1a: Blissey|Soft-Boiled|p1a: Blissey
|-heal|p1a: Blissey|100/100
|
|upkeep
|turn|6
|
|t:|1776057890
|switch|p1a: Gliscor|Gliscor, F|100/100 tox
|move|p2a: Cinderace|Court Change|p2a: Cinderace
|-start|p2a: Cinderace|typechange|Normal|[from] ability: Libero
|-swapsideconditions
|-activate|p2a: Cinderace|move: Court Change
|
|upkeep
|turn|7
|
|t:|1776057898
|move|p2a: Cinderace|U-turn|p1a: Gliscor
|-resisted|p1a: Gliscor
|-damage|p1a: Gliscor|93/100 tox
|
|t:|1776057902
|switch|p2a: Latias|Latias, F|91/100|[from] U-turn
|move|p1a: Gliscor|Knock Off|p2a: Latias
|-supereffective|p2a: Latias
|-damage|p2a: Latias|35/100
|-enditem|p2a: Latias|Life Orb|[from] move: Knock Off|[of] p1a: Gliscor
|
|-heal|p1a: Gliscor|100/100 tox|[from] ability: Poison Heal
|upkeep
|turn|8
|
|t:|1776057914
|move|p1a: Gliscor|Protect|p1a: Gliscor
|-singleturn|p1a: Gliscor|Protect
|move|p2a: Latias|Ice Beam|p1a: Gliscor
|-activate|p1a: Gliscor|move: Protect
|
|upkeep
|turn|9
|
|t:|1776057924
|switch|p1a: Blissey|Blissey, F|100/100
|-damage|p1a: Blissey|88/100|[from] Stealth Rock
|move|p2a: Latias|Ice Beam|p1a: Blissey
|-damage|p1a: Blissey|77/100
|
|-heal|p1a: Blissey|83/100|[from] item: Leftovers
|upkeep
|turn|10
|
|t:|1776057945
|switch|p2a: Clodsire|Clodsire, M|100/100
|move|p1a: Blissey|Seismic Toss|p2a: Clodsire
|-damage|p2a: Clodsire|79/100
|
|-heal|p1a: Blissey|90/100|[from] item: Leftovers
|upkeep
|turn|11
|
|t:|1776057957
|switch|p1a: Corviknight|Corviknight, M|100/100
|-damage|p1a: Corviknight|88/100|[from] Stealth Rock
|move|p2a: Clodsire|Counter||[still]
|-fail|p2a: Clodsire
|
|upkeep
|turn|12
|
|t:|1776057966
|move|p1a: Corviknight|Substitute|p1a: Corviknight
|-start|p1a: Corviknight|Substitute
|-damage|p1a: Corviknight|63/100
|move|p2a: Clodsire|Counter||[still]
|-fail|p2a: Clodsire
|
|upkeep
|turn|13
|
|t:|1776057980
|switch|p2a: Salazzle|Salazzle, F|100/100
|move|p1a: Corviknight|Bulk Up|p1a: Corviknight
|-boost|p1a: Corviknight|atk|1
|-boost|p1a: Corviknight|def|1
|
|upkeep
|turn|14
|
|t:|1776057993
|move|p2a: Salazzle|Disable|p1a: Corviknight
|-start|p1a: Corviknight|Disable|Bulk Up
|move|p1a: Corviknight|Brave Bird|p2a: Salazzle
|-damage|p2a: Salazzle|22/100
|-damage|p1a: Corviknight|41/100|[from] Recoil
|
|-heal|p2a: Salazzle|28/100|[from] item: Leftovers
|upkeep
|turn|15
|
|t:|1776058015
|switch|p2a: Clodsire|Clodsire, M|79/100
|move|p1a: Corviknight|Roost|p1a: Corviknight
|-heal|p1a: Corviknight|91/100
|-singleturn|p1a: Corviknight|move: Roost
|
|upkeep
|turn|16
|inactive|Battle timer is ON: inactive players will automatically lose when time's up. (requested by TracerBuzz)
|
|t:|1776058038
|move|p1a: Corviknight|Brave Bird|p2a: Clodsire
|-damage|p2a: Clodsire|37/100
|-damage|p1a: Corviknight|75/100|[from] Recoil
|move|p2a: Clodsire|Counter|p1a: Corviknight
|-end|p1a: Corviknight|Substitute
|
|upkeep
|turn|17
|
|t:|1776058047
|switch|p2a: Salazzle|Salazzle, F|28/100
|move|p1a: Corviknight|Substitute|p1a: Corviknight
|-start|p1a: Corviknight|Substitute
|-damage|p1a: Corviknight|50/100
|
|-heal|p2a: Salazzle|34/100|[from] item: Leftovers
|-end|p1a: Corviknight|Disable
|upkeep
|turn|18
|
|t:|1776058060
|move|p2a: Salazzle|Encore|p1a: Corviknight
|-start|p1a: Corviknight|Encore
|move|p1a: Corviknight|Substitute|p1a: Corviknight
|-fail|p1a: Corviknight|move: Substitute
|
|-heal|p2a: Salazzle|40/100|[from] item: Leftovers
|upkeep
|turn|19
|
|t:|1776058069
|switch|p2a: Rampardos|Rampardos, M, shiny|100/100
|-ability|p2a: Rampardos|Mold Breaker
|move|p1a: Corviknight|Substitute|p1a: Corviknight
|-fail|p1a: Corviknight|move: Substitute
|
|upkeep
|turn|20
|
|t:|1776058091
|move|p2a: Rampardos|Swords Dance|p2a: Rampardos
|-boost|p2a: Rampardos|atk|2
|move|p1a: Corviknight|Substitute|p1a: Corviknight
|-fail|p1a: Corviknight|move: Substitute
|
|-end|p1a: Corviknight|Encore
|upkeep
|turn|21
|
|t:|1776058104
|move|p2a: Rampardos|Trailblaze|p1a: Corviknight
|-resisted|p1a: Corviknight
|-activate|p1a: Corviknight|move: Substitute|[damage]
|-boost|p2a: Rampardos|spe|1
|-damage|p2a: Rampardos|91/100|[from] item: Life Orb
|move|p1a: Corviknight|Roost|p1a: Corviknight
|-heal|p1a: Corviknight|99/100
|-singleturn|p1a: Corviknight|move: Roost
|
|upkeep
|turn|22
|
|t:|1776058118
|move|p2a: Rampardos|Swords Dance|p2a: Rampardos
|-boost|p2a: Rampardos|atk|2
|move|p1a: Corviknight|Bulk Up|p1a: Corviknight
|-boost|p1a: Corviknight|atk|1
|-boost|p1a: Corviknight|def|1
|
|upkeep
|turn|23
|
|t:|1776058126
|move|p2a: Rampardos|Rock Slide|p1a: Corviknight
|-end|p1a: Corviknight|Substitute
|-damage|p2a: Rampardos|81/100|[from] item: Life Orb
|move|p1a: Corviknight|Bulk Up|p1a: Corviknight
|-boost|p1a: Corviknight|atk|1
|-boost|p1a: Corviknight|def|1
|
|upkeep
|turn|24
|
|t:|1776058135
|move|p2a: Rampardos|Rock Slide|p1a: Corviknight
|-damage|p1a: Corviknight|58/100
|-damage|p2a: Rampardos|71/100|[from] item: Life Orb
|move|p1a: Corviknight|Substitute|p1a: Corviknight
|-start|p1a: Corviknight|Substitute
|-damage|p1a: Corviknight|33/100
|
|upkeep
|turn|25
|
|t:|1776058143
|move|p2a: Rampardos|Rock Slide|p1a: Corviknight
|-end|p1a: Corviknight|Substitute
|-damage|p2a: Rampardos|61/100|[from] item: Life Orb
|move|p1a: Corviknight|Brave Bird|p2a: Rampardos
|-resisted|p2a: Rampardos
|-damage|p2a: Rampardos|0 fnt
|faint|p2a: Rampardos
|-damage|p1a: Corviknight|16/100|[from] Recoil
|
|upkeep
|
|t:|1776058150
|switch|p2a: Cinderace|Cinderace, F|100/100
|turn|26
|
|t:|1776058167
|switch|p1a: Dondozo|Dondozo, M|100/100
|-damage|p1a: Dondozo|88/100|[from] Stealth Rock
|move|p2a: Cinderace|Pyro Ball|p1a: Dondozo
|-resisted|p1a: Dondozo
|-damage|p1a: Dondozo|74/100
|-status|p1a: Dondozo|brn
|
|-heal|p1a: Dondozo|80/100 brn|[from] item: Leftovers
|-damage|p1a: Dondozo|74/100 brn|[from] brn
|upkeep
|turn|27
|
|t:|1776058180
|move|p2a: Cinderace|U-turn|p1a: Dondozo
|-start|p2a: Cinderace|typechange|Bug|[from] ability: Libero
|-damage|p1a: Dondozo|58/100 brn
|
|t:|1776058182
|switch|p2a: Clodsire|Clodsire, M|37/100|[from] U-turn
|move|p1a: Dondozo|Curse|p1a: Dondozo
|-unboost|p1a: Dondozo|spe|1
|-boost|p1a: Dondozo|atk|1
|-boost|p1a: Dondozo|def|1
|
|-heal|p1a: Dondozo|64/100 brn|[from] item: Leftovers
|-damage|p1a: Dondozo|58/100 brn|[from] brn
|upkeep
|turn|28
|
|t:|1776058196
|move|p2a: Clodsire|Earthquake|p1a: Dondozo
|-damage|p1a: Dondozo|50/100 brn
|move|p1a: Dondozo|Avalanche|p2a: Clodsire
|-supereffective|p2a: Clodsire
|-damage|p2a: Clodsire|5/100
|
|-heal|p1a: Dondozo|56/100 brn|[from] item: Leftovers
|-damage|p1a: Dondozo|50/100 brn|[from] brn
|upkeep
|turn|29
|
|t:|1776058206
|move|p2a: Clodsire|Earthquake|p1a: Dondozo
|-damage|p1a: Dondozo|42/100 brn
|move|p1a: Dondozo|Rest|p1a: Dondozo
|-status|p1a: Dondozo|slp|[from] move: Rest
|-heal|p1a: Dondozo|100/100 slp|[silent]
|
|upkeep
|turn|30
|
|t:|1776058216
|switch|p1a: Corviknight|Corviknight, M|16/100
|-damage|p1a: Corviknight|3/100|[from] Stealth Rock
|move|p2a: Clodsire|Earthquake|p1a: Corviknight
|-immune|p1a: Corviknight
|
|upkeep
|turn|31
|
|t:|1776058224
|move|p1a: Corviknight|Roost|p1a: Corviknight
|-heal|p1a: Corviknight|53/100
|-singleturn|p1a: Corviknight|move: Roost
|move|p2a: Clodsire|Earthquake|p1a: Corviknight
|-supereffective|p1a: Corviknight
|-damage|p1a: Corviknight|23/100
|
|upkeep
|turn|32
|
|t:|1776058233
|move|p1a: Corviknight|Roost|p1a: Corviknight
|-heal|p1a: Corviknight|73/100
|-singleturn|p1a: Corviknight|move: Roost
|move|p2a: Clodsire|Earthquake|p1a: Corviknight
|-supereffective|p1a: Corviknight
|-damage|p1a: Corviknight|39/100
|
|upkeep
|turn|33
|
|t:|1776058241
|move|p1a: Corviknight|Substitute|p1a: Corviknight
|-start|p1a: Corviknight|Substitute
|-damage|p1a: Corviknight|14/100
|move|p2a: Clodsire|Earthquake|p1a: Corviknight
|-immune|p1a: Corviknight
|
|upkeep
|turn|34
|
|t:|1776058256
|switch|p2a: Salazzle|Salazzle, F|40/100
|move|p1a: Corviknight|Roost|p1a: Corviknight
|-heal|p1a: Corviknight|64/100
|-singleturn|p1a: Corviknight|move: Roost
|
|-heal|p2a: Salazzle|46/100|[from] item: Leftovers
|upkeep
|turn|35
|
|t:|1776058278
|switch|p1a: Weezing|Weezing-Galar, F|100/100
|-ability|p1a: Weezing|Neutralizing Gas
|-damage|p1a: Weezing|88/100|[from] Stealth Rock
|move|p2a: Salazzle|Encore||[still]
|-fail|p2a: Salazzle
|
|-heal|p2a: Salazzle|53/100|[from] item: Leftovers
|-heal|p1a: Weezing|94/100|[from] item: Black Sludge
|upkeep
|turn|36
|
|t:|1776058292
|move|p2a: Salazzle|Substitute|p2a: Salazzle
|-start|p2a: Salazzle|Substitute
|-damage|p2a: Salazzle|28/100
|move|p1a: Weezing|Toxic||[still]
|-fail|p1a: Weezing
|
|-heal|p2a: Salazzle|34/100|[from] item: Leftovers
|-heal|p1a: Weezing|99/100|[from] item: Black Sludge
|upkeep
|turn|37
|
|t:|1776058308
|move|p2a: Salazzle|Toxic|p1a: Weezing
|-immune|p1a: Weezing
|move|p1a: Weezing|Defog|p2a: Salazzle
|-sideend|p1: Anyac2026|Stealth Rock|[from] move: Defog|[of] p1a: Weezing
|
|-heal|p2a: Salazzle|40/100|[from] item: Leftovers
|-heal|p1a: Weezing|100/100|[from] item: Black Sludge
|upkeep
|turn|38
|
|t:|1776058318
|-end|p1a: Weezing|ability: Neutralizing Gas
|switch|p1a: Gliscor|Gliscor, F|100/100 tox
|move|p2a: Salazzle|Encore||[still]
|-fail|p2a: Salazzle
|
|-heal|p2a: Salazzle|46/100|[from] item: Leftovers
|upkeep
|turn|39
|
|t:|1776058334
|move|p2a: Salazzle|Substitute|p2a: Salazzle
|-fail|p2a: Salazzle|move: Substitute
|move|p1a: Gliscor|Toxic Spikes|p2a: Salazzle
|-sidestart|p2: TracerBuzz|move: Toxic Spikes
|
|-heal|p2a: Salazzle|52/100|[from] item: Leftovers
|upkeep
|turn|40
|
|t:|1776058343
|move|p2a: Salazzle|Encore|p1a: Gliscor
|-start|p1a: Gliscor|Encore
|move|p1a: Gliscor|Toxic Spikes|p2a: Salazzle
|-sidestart|p2: TracerBuzz|move: Toxic Spikes
|
|-heal|p2a: Salazzle|58/100|[from] item: Leftovers
|upkeep
|turn|41
|
|t:|1776058357
|switch|p2a: Cinderace|Cinderace, F|100/100
|switch|p1a: Weezing|Weezing-Galar, F|100/100
|-ability|p1a: Weezing|Neutralizing Gas
|
|upkeep
|turn|42
|
|t:|1776058365
|move|p2a: Cinderace|Court Change|p2a: Cinderace
|-swapsideconditions
|-activate|p2a: Cinderace|move: Court Change
|move|p1a: Weezing|Toxic|p2a: Cinderace
|-status|p2a: Cinderace|tox
|
|-damage|p2a: Cinderace|95/100 tox|[from] psn
|upkeep
|turn|43
|
|t:|1776058375
|move|p1a: Weezing|Protect|p1a: Weezing
|-singleturn|p1a: Weezing|Protect
|move|p2a: Cinderace|Pyro Ball|p1a: Weezing
|-activate|p1a: Weezing|move: Protect
|
|-damage|p2a: Cinderace|83/100 tox|[from] psn
|upkeep
|turn|44
|
|t:|1776058385
|-end|p1a: Weezing|ability: Neutralizing Gas
|switch|p1a: Gliscor|Gliscor, F|100/100 tox
|move|p2a: Cinderace|Pyro Ball|p1a: Gliscor
|-damage|p1a: Gliscor|65/100 tox
|
|-damage|p2a: Cinderace|65/100 tox|[from] psn
|-heal|p1a: Gliscor|78/100 tox|[from] ability: Poison Heal
|upkeep
|turn|45
|
|t:|1776058397
|move|p1a: Gliscor|Protect|p1a: Gliscor
|-singleturn|p1a: Gliscor|Protect
|move|p2a: Cinderace|U-turn|p1a: Gliscor
|-start|p2a: Cinderace|typechange|Bug|[from] ability: Libero
|-activate|p1a: Gliscor|move: Protect
|
|-damage|p2a: Cinderace|41/100 tox|[from] psn
|-heal|p1a: Gliscor|90/100 tox|[from] ability: Poison Heal
|upkeep
|turn|46
|
|t:|1776058408
|move|p2a: Cinderace|U-turn|p1a: Gliscor
|-resisted|p1a: Gliscor
|-damage|p1a: Gliscor|79/100 tox
|
|t:|1776058411
|switch|p2a: Latias|Latias, F|35/100|[from] U-turn
|move|p1a: Gliscor|Knock Off|p2a: Latias
|-supereffective|p2a: Latias
|-damage|p2a: Latias|0 fnt
|faint|p2a: Latias
|
|-heal|p1a: Gliscor|92/100 tox|[from] ability: Poison Heal
|upkeep
|-message|TracerBuzz forfeited.
|
|win|Anyac2026
|raw|Anyac2026's rating: 1143 &rarr; <strong>1168</strong><br />(+25 for winning)
|raw|TracerBuzz's rating: 1149 &rarr; <strong>1124</strong><br />(-25 for losing)
|l|☆TracerBuzz
|player|p2|
|l|☆Anyac2026
|player|p1|
