|html|<div class="broadcast-blue"><strong>[Gen 9] OU is currently suspecting Tera Blast! For information on how to participate check out the <a href="https://www.smogon.com/tools/suspects/view/200">suspect thread</a>.</strong></div>
|j|☆Billwack123
|j|☆Pig Perfect
|t:|1776035621
|gametype|singles
|player|p1|Billwack123|shadowtriad|1570
|player|p2|Pig Perfect|workerice|1590
|gen|9
|tier|[Gen 9] OU
|rated|
|rule|HP Percentage Mod: HP is shown in percentages
|rule|Endless Battle Clause: Forcing endless battles is banned
|rule|Species Clause: Limit one of each Pokémon
|rule|OHKO Clause: OHKO moves are banned
|rule|Evasion Items Clause: Evasion items are banned
|rule|Evasion Moves Clause: Evasion moves are banned
|rule|Evasion Abilities Clause: Evasion abilities are banned
|rule|Sleep Moves Clause: Sleep-inducing moves are banned
|clearpoke
|poke|p1|Samurott-Hisui, M|
|poke|p1|Great Tusk|
|poke|p1|Volcanion|
|poke|p1|Hydrapple, M|
|poke|p1|Gholdengo|
|poke|p1|Landorus-Therian, M|
|poke|p2|Iron Leaves|
|poke|p2|Iron Treads|
|poke|p2|Kingambit, F|
|poke|p2|Pawmot, F|
|poke|p2|Pincurchin, M|
|poke|p2|Raging Bolt|
|teampreview
|inactive|Battle timer is ON: inactive players will automatically lose when time's up. (requested by Billwack123)
|inactive|Pig Perfect has 120 seconds left.
|
|t:|1776035658
|teamsize|p1|6
|teamsize|p2|6
|start
|switch|p1a: The Last Ronin|Samurott-Hisui, M|100/100
|switch|p2a: Sew What?|Pincurchin, M|100/100
|-fieldstart|move: Electric Terrain|[from] ability: Electric Surge|[of] p2a: Sew What?
|turn|1
|
|t:|1776035682
|move|p1a: The Last Ronin|Ceaseless Edge|p2a: Sew What?
|-damage|p2a: Sew What?|63/100
|-sidestart|p2: Pig Perfect|Spikes
|move|p2a: Sew What?|Spikes|p1a: The Last Ronin
|-sidestart|p1: Billwack123|Spikes
|
|upkeep
|turn|2
|inactive|Pig Perfect has 120 seconds left.
|j| Seraphim752
|
|t:|1776035711
|switch|p2a: So ein Mist!|Kingambit, F|100/100
|-damage|p2a: So ein Mist!|88/100|[from] Spikes
|move|p1a: The Last Ronin|Knock Off|p2a: So ein Mist!
|-resisted|p2a: So ein Mist!
|-damage|p2a: So ein Mist!|74/100
|-enditem|p2a: So ein Mist!|Leftovers|[from] move: Knock Off|[of] p1a: The Last Ronin
|
|upkeep
|turn|3
|inactive|Pig Perfect has 120 seconds left.
|l| Seraphim752
|
|t:|1776035720
|switch|p1a: Great Mustache|Landorus-Therian, M|100/100
|-ability|p1a: Great Mustache|Intimidate|boost
|-unboost|p2a: So ein Mist!|atk|1
|move|p2a: So ein Mist!|Low Kick|p1a: Great Mustache
|-resisted|p1a: Great Mustache
|-damage|p1a: Great Mustache|88/100
|
|upkeep
|turn|4
|
|t:|1776035727
|move|p1a: Great Mustache|U-turn|p2a: So ein Mist!
|-damage|p2a: So ein Mist!|55/100
|
|t:|1776035730
|switch|p1a: King Tusk|Great Tusk|100/100|[from] U-turn
|move|p2a: So ein Mist!|Swords Dance|p2a: So ein Mist!
|-boost|p2a: So ein Mist!|atk|2
|
|upkeep
|turn|5
|
|t:|1776035736
|-terastallize|p2a: So ein Mist!|Ghost
|move|p1a: King Tusk|Rapid Spin|p2a: So ein Mist!
|-immune|p2a: So ein Mist!
|move|p2a: So ein Mist!|Low Kick|p1a: King Tusk
|-damage|p1a: King Tusk|50/100
|
|upkeep
|turn|6
|
|t:|1776035741
|move|p1a: King Tusk|Headlong Rush|p2a: So ein Mist!
|-damage|p2a: So ein Mist!|5/100
|-unboost|p1a: King Tusk|def|1
|-unboost|p1a: King Tusk|spd|1
|move|p2a: So ein Mist!|Iron Head|p1a: King Tusk
|-damage|p1a: King Tusk|0 fnt
|faint|p1a: King Tusk
|-end|p1a: King Tusk|Protosynthesis|[silent]
|
|upkeep
|
|t:|1776035745
|switch|p1a: The Last Ronin|Samurott-Hisui, M|100/100
|-damage|p1a: The Last Ronin|88/100|[from] Spikes
|turn|7
|
|t:|1776035752
|-end|p2a: So ein Mist!|fallenundefined|[silent]
|switch|p2a: Iron Trunk|Iron Treads|100/100
|-item|p2a: Iron Trunk|Air Balloon
|-activate|p2a: Iron Trunk|ability: Quark Drive
|-start|p2a: Iron Trunk|quarkdrivespe
|move|p1a: The Last Ronin|Ceaseless Edge|p2a: Iron Trunk
|-damage|p2a: Iron Trunk|65/100
|-enditem|p2a: Iron Trunk|Air Balloon
|-sidestart|p2: Pig Perfect|Spikes
|
|upkeep
|turn|8
|
|t:|1776035756
|switch|p1a: Heart of Ghold|Gholdengo|100/100
|-item|p1a: Heart of Ghold|Air Balloon
|move|p2a: Iron Trunk|Stealth Rock|p1a: Heart of Ghold
|-sidestart|p1: Billwack123|move: Stealth Rock
|
|-fieldend|move: Electric Terrain
|-end|p2a: Iron Trunk|Quark Drive
|upkeep
|turn|9
|
|t:|1776035760
|-end|p2a: Iron Trunk|Quark Drive|[silent]
|switch|p2a: Sew What?|Pincurchin, M|63/100
|-damage|p2a: Sew What?|47/100|[from] Spikes
|-fieldstart|move: Electric Terrain|[from] ability: Electric Surge|[of] p2a: Sew What?
|move|p1a: Heart of Ghold|Shadow Ball|p2a: Sew What?
|-damage|p2a: Sew What?|0 fnt
|faint|p2a: Sew What?
|
|upkeep
|
|t:|1776035765
|switch|p2a: Necky's Nuts|Raging Bolt|100/100
|-damage|p2a: Necky's Nuts|84/100|[from] Spikes
|-enditem|p2a: Necky's Nuts|Booster Energy
|-activate|p2a: Necky's Nuts|ability: Protosynthesis|[fromitem]
|-start|p2a: Necky's Nuts|protosynthesisspa
|turn|10
|
|t:|1776035769
|switch|p1a: Great Mustache|Landorus-Therian, M|88/100
|-damage|p1a: Great Mustache|76/100|[from] Stealth Rock
|-ability|p1a: Great Mustache|Intimidate|boost
|-unboost|p2a: Necky's Nuts|atk|1
|move|p2a: Necky's Nuts|Dragon Pulse|p1a: Great Mustache
|-damage|p1a: Great Mustache|0 fnt
|faint|p1a: Great Mustache
|
|upkeep
|
|t:|1776035773
|switch|p1a: The Last Ronin|Samurott-Hisui, M|88/100
|-damage|p1a: The Last Ronin|76/100|[from] Spikes
|-damage|p1a: The Last Ronin|64/100|[from] Stealth Rock
|turn|11
|
|t:|1776035779
|move|p2a: Necky's Nuts|Rising Voltage|p1a: The Last Ronin
|-hint|Rising Voltage's BP doubled on grounded target.
|-supereffective|p1a: The Last Ronin
|-crit|p1a: The Last Ronin
|-damage|p1a: The Last Ronin|0 fnt
|faint|p1a: The Last Ronin
|
|upkeep
|
|t:|1776035784
|switch|p1a: The Fickle Heart|Hydrapple, M|100/100
|-damage|p1a: The Fickle Heart|88/100|[from] Spikes
|-damage|p1a: The Fickle Heart|76/100|[from] Stealth Rock
|turn|12
|
|t:|1776035792
|-terastallize|p1a: The Fickle Heart|Steel
|move|p2a: Necky's Nuts|Rising Voltage|p1a: The Fickle Heart
|-hint|Rising Voltage's BP doubled on grounded target.
|-damage|p1a: The Fickle Heart|0 fnt
|faint|p1a: The Fickle Heart
|
|upkeep
|-message|Billwack123 forfeited.
|
|win|Pig Perfect
|raw|Billwack123's rating: 1570 &rarr; <strong>1551</strong><br />(-19 for losing)
|raw|Pig Perfect's rating: 1590 &rarr; <strong>1609</strong><br />(+19 for winning)
|l|☆Billwack123
|player|p1|
|l|☆Pig Perfect
|player|p2|
