|html|<div class="broadcast-blue"><strong>[Gen 9] OU is currently suspecting Tera Blast! For information on how to participate check out the <a href="https://www.smogon.com/tools/suspects/view/200">suspect thread</a>.</strong></div>
|j|☆Schmoobis
|j|☆g.dini
|t:|1776064746
|gametype|singles
|player|p1|Schmoobis|clown|1166
|player|p2|g.dini|102|1183
|gen|9
|tier|[Gen 9] OU
|rated|
|rule|HP Percentage Mod: HP is shown in percentages
|rule|Endless Battle Clause: Forcing endless battles is banned
|rule|Species Clause: Limit one of each Pokémon
|rule|OHKO Clause: OHKO moves are banned
|rule|Evasion Items Clause: Evasion items are banned
|rule|Evasion Moves Clause: Evasion moves are banned
|rule|Evasion Abilities Clause: Evasion abilities are banned
|rule|Sleep Moves Clause: Sleep-inducing moves are banned
|clearpoke
|poke|p1|Latias, F|
|poke|p1|Glimmora, M|
|poke|p1|Samurott-Hisui, M|
|poke|p1|Gholdengo|
|poke|p1|Moltres|
|poke|p1|Rillaboom, M|
|poke|p2|Ditto|
|poke|p2|Slowking-Galar, M|
|poke|p2|Clefable, F|
|poke|p2|Darkrai|
|poke|p2|Mandibuzz, F|
|poke|p2|Chansey, F|
|teampreview
|j| ohko_smeargle
|
|t:|1776064752
|teamsize|p1|6
|teamsize|p2|6
|start
|switch|p1a: Glimmora|Glimmora, M|100/100
|switch|p2a: Darkrai|Darkrai|100/100
|turn|1
|inactive|Battle timer is ON: inactive players will automatically lose when time's up. (requested by Schmoobis)
|inactive|g.dini has 120 seconds left.
|
|t:|1776064859
|-terastallize|p2a: Darkrai|Dark
|move|p2a: Darkrai|Dark Pulse|p1a: Glimmora
|-damage|p1a: Glimmora|0 fnt
|faint|p1a: Glimmora
|
|upkeep
|c|☆g.dini|newbie?
|
|t:|1776064881
|switch|p1a: Moltres|Moltres|100/100
|turn|2
|
|t:|1776064886
|move|p2a: Darkrai|Dark Pulse|p1a: Moltres
|-damage|p1a: Moltres|38/100
|cant|p1a: Moltres|flinch
|
|upkeep
|turn|3
|
|t:|1776064893
|move|p2a: Darkrai|Dark Pulse|p1a: Moltres
|-damage|p1a: Moltres|0 fnt
|faint|p1a: Moltres
|
|upkeep
|
|t:|1776064898
|switch|p1a: Samurott|Samurott-Hisui, M|100/100
|turn|4
|
|t:|1776064902
|switch|p2a: Mandibuzz|Mandibuzz, F|100/100
|move|p1a: Samurott|Razor Shell|p2a: Mandibuzz
|-damage|p2a: Mandibuzz|73/100
|-unboost|p2a: Mandibuzz|def|1
|
|-heal|p2a: Mandibuzz|79/100|[from] item: Leftovers
|upkeep
|turn|5
|
|t:|1776064912
|move|p1a: Samurott|Razor Shell|p2a: Mandibuzz
|-damage|p2a: Mandibuzz|33/100
|move|p2a: Mandibuzz|Toxic|p1a: Samurott
|-status|p1a: Samurott|tox
|
|-heal|p2a: Mandibuzz|39/100|[from] item: Leftovers
|-damage|p1a: Samurott|94/100 tox|[from] psn
|upkeep
|turn|6
|
|t:|1776064923
|move|p1a: Samurott|Razor Shell|p2a: Mandibuzz
|-damage|p2a: Mandibuzz|0 fnt
|faint|p2a: Mandibuzz
|
|-damage|p1a: Samurott|82/100 tox|[from] psn
|upkeep
|
|t:|1776064929
|switch|p2a: Clefable|Clefable, F|100/100
|turn|7
|
|t:|1776064933
|switch|p1a: Gholdengo|Gholdengo|100/100
|move|p2a: Clefable|Stealth Rock|p1a: Gholdengo
|-sidestart|p1: Schmoobis|move: Stealth Rock
|
|upkeep
|turn|8
|
|t:|1776064941
|move|p1a: Gholdengo|Thunder Wave|p2a: Clefable
|-status|p2a: Clefable|par
|cant|p2a: Clefable|par
|
|upkeep
|turn|9
|
|t:|1776064948
|move|p1a: Gholdengo|Make It Rain|p2a: Clefable
|-supereffective|p2a: Clefable
|-damage|p2a: Clefable|31/100 par
|-unboost|p1a: Gholdengo|spa|1
|move|p2a: Clefable|Knock Off|p1a: Gholdengo
|-supereffective|p1a: Gholdengo
|-damage|p1a: Gholdengo|80/100
|-damage|p2a: Clefable|15/100 par|[from] item: Rocky Helmet|[of] p1a: Gholdengo
|-enditem|p1a: Gholdengo|Rocky Helmet|[from] move: Knock Off|[of] p2a: Clefable
|
|-heal|p2a: Clefable|21/100 par|[from] item: Leftovers
|upkeep
|turn|10
|
|t:|1776064961
|move|p1a: Gholdengo|Make It Rain|p2a: Clefable
|-supereffective|p2a: Clefable
|-damage|p2a: Clefable|0 fnt
|-unboost|p1a: Gholdengo|spa|1
|faint|p2a: Clefable
|
|upkeep
|
|t:|1776064967
|switch|p2a: Darkrai|Darkrai, tera:Dark|100/100
|turn|11
|
|t:|1776064977
|switch|p1a: Latias|Latias, F|100/100
|-damage|p1a: Latias|88/100|[from] Stealth Rock
|move|p2a: Darkrai|Dark Pulse|p1a: Latias
|-supereffective|p1a: Latias
|-damage|p1a: Latias|0 fnt
|faint|p1a: Latias
|
|upkeep
|
|t:|1776064986
|switch|p1a: Samurott|Samurott-Hisui, M|82/100 tox
|-damage|p1a: Samurott|69/100 tox|[from] Stealth Rock
|turn|12
|
|t:|1776064992
|switch|p2a: Chansey|Chansey, F|100/100
|move|p1a: Samurott|Razor Shell|p2a: Chansey
|-damage|p2a: Chansey|68/100
|-unboost|p2a: Chansey|def|1
|
|-damage|p1a: Samurott|63/100 tox|[from] psn
|upkeep
|turn|13
|
|t:|1776065004
|switch|p1a: Rillaboom|Rillaboom, M|100/100
|-damage|p1a: Rillaboom|88/100|[from] Stealth Rock
|-fieldstart|move: Grassy Terrain|[from] ability: Grassy Surge|[of] p1a: Rillaboom
|move|p2a: Chansey|Soft-Boiled|p2a: Chansey
|-heal|p2a: Chansey|100/100
|
|-heal|p1a: Rillaboom|94/100|[from] Grassy Terrain
|upkeep
|turn|14
|
|t:|1776065015
|switch|p2a: Slowking|Slowking-Galar, M|100/100
|move|p1a: Rillaboom|Wood Hammer|p2a: Slowking
|-resisted|p2a: Slowking
|-damage|p2a: Slowking|56/100
|-damage|p1a: Rillaboom|78/100|[from] Recoil
|
|-heal|p1a: Rillaboom|84/100|[from] Grassy Terrain
|-heal|p2a: Slowking|62/100|[from] Grassy Terrain
|-heal|p2a: Slowking|69/100|[from] item: Leftovers
|upkeep
|turn|15
|
|t:|1776065026
|switch|p1a: Gholdengo|Gholdengo|80/100
|-damage|p1a: Gholdengo|74/100|[from] Stealth Rock
|move|p2a: Slowking|Thunder Wave|p1a: Gholdengo
|-immune|p1a: Gholdengo|[from] ability: Good as Gold
|
|-heal|p1a: Gholdengo|80/100|[from] Grassy Terrain
|-heal|p2a: Slowking|75/100|[from] Grassy Terrain
|-heal|p2a: Slowking|81/100|[from] item: Leftovers
|upkeep
|turn|16
|
|t:|1776065038
|switch|p2a: Chansey|Chansey, F|100/100
|move|p1a: Gholdengo|Recover|p1a: Gholdengo
|-heal|p1a: Gholdengo|100/100
|
|upkeep
|turn|17
|
|t:|1776065047
|move|p1a: Gholdengo|Thunder Wave|p2a: Chansey
|-status|p2a: Chansey|par
|cant|p2a: Chansey|par
|
|-fieldend|move: Grassy Terrain
|upkeep
|turn|18
|
|t:|1776065055
|switch|p1a: Rillaboom|Rillaboom, M|84/100
|-damage|p1a: Rillaboom|71/100|[from] Stealth Rock
|-fieldstart|move: Grassy Terrain|[from] ability: Grassy Surge|[of] p1a: Rillaboom
|move|p2a: Chansey|Heal Bell|p2a: Chansey
|-activate|p2a: Chansey|move: Heal Bell
|-curestatus|p2a: Chansey|par|[msg]
|
|-heal|p1a: Rillaboom|78/100|[from] Grassy Terrain
|upkeep
|turn|19
|
|t:|1776065067
|switch|p2a: Slowking|Slowking-Galar, M|100/100
|move|p1a: Rillaboom|U-turn|p2a: Slowking
|-damage|p2a: Slowking|74/100
|
|t:|1776065072
|switch|p1a: Samurott|Samurott-Hisui, M|63/100 tox|[from] U-turn
|-damage|p1a: Samurott|51/100 tox|[from] Stealth Rock
|
|-heal|p1a: Samurott|57/100 tox|[from] Grassy Terrain
|-heal|p2a: Slowking|80/100|[from] Grassy Terrain
|-heal|p2a: Slowking|86/100|[from] item: Leftovers
|-damage|p1a: Samurott|51/100 tox|[from] psn
|upkeep
|turn|20
|
|t:|1776065085
|move|p1a: Samurott|Ceaseless Edge|p2a: Slowking
|-supereffective|p2a: Slowking
|-damage|p2a: Slowking|25/100
|-sidestart|p2: g.dini|Spikes
|move|p2a: Slowking|Slack Off|p2a: Slowking
|-heal|p2a: Slowking|75/100
|
|-heal|p1a: Samurott|57/100 tox|[from] Grassy Terrain
|-heal|p2a: Slowking|81/100|[from] Grassy Terrain
|-heal|p2a: Slowking|88/100|[from] item: Leftovers
|-damage|p1a: Samurott|44/100 tox|[from] psn
|upkeep
|turn|21
|
|t:|1776065100
|switch|p1a: Gholdengo|Gholdengo|100/100
|-damage|p1a: Gholdengo|94/100|[from] Stealth Rock
|move|p2a: Slowking|Sludge Bomb|p1a: Gholdengo
|-immune|p1a: Gholdengo
|
|-heal|p1a: Gholdengo|100/100|[from] Grassy Terrain
|-heal|p2a: Slowking|94/100|[from] Grassy Terrain
|-heal|p2a: Slowking|99/100|[from] item: Leftovers
|upkeep
|turn|22
|
|t:|1776065111
|switch|p2a: Chansey|Chansey, F|100/100
|-damage|p2a: Chansey|88/100|[from] Spikes
|move|p1a: Gholdengo|Hex|p2a: Chansey
|-immune|p2a: Chansey
|
|-heal|p2a: Chansey|94/100|[from] Grassy Terrain
|-fieldend|move: Grassy Terrain
|upkeep
|turn|23
|
|t:|1776065121
|move|p1a: Gholdengo|Thunder Wave|p2a: Chansey
|-status|p2a: Chansey|par
|move|p2a: Chansey|Seismic Toss|p1a: Gholdengo
|-immune|p1a: Gholdengo
|
|upkeep
|turn|24
|
|t:|1776065135
|move|p1a: Gholdengo|Make It Rain|p2a: Chansey
|-damage|p2a: Chansey|78/100 par
|-unboost|p1a: Gholdengo|spa|1
|cant|p2a: Chansey|par
|
|upkeep
|turn|25
|
|t:|1776065143
|switch|p1a: Rillaboom|Rillaboom, M|78/100
|-damage|p1a: Rillaboom|65/100|[from] Stealth Rock
|-fieldstart|move: Grassy Terrain|[from] ability: Grassy Surge|[of] p1a: Rillaboom
|-curestatus|p2a: Chansey|par|[from] ability: Natural Cure
|switch|p2a: Darkrai|Darkrai, tera:Dark|100/100
|-damage|p2a: Darkrai|88/100|[from] Spikes
|
|-heal|p2a: Darkrai|94/100|[from] Grassy Terrain
|-heal|p1a: Rillaboom|71/100|[from] Grassy Terrain
|upkeep
|turn|26
|
|t:|1776065162
|-terastallize|p1a: Rillaboom|Grass
|move|p1a: Rillaboom|Grassy Glide|p2a: Darkrai
|-damage|p2a: Darkrai|0 fnt
|faint|p2a: Darkrai
|
|-heal|p1a: Rillaboom|78/100|[from] Grassy Terrain
|upkeep
|
|t:|1776065179
|switch|p2a: Slowking|Slowking-Galar, M|100/100
|-damage|p2a: Slowking|88/100|[from] Spikes
|turn|27
|
|t:|1776065185
|switch|p1a: Gholdengo|Gholdengo|100/100
|-damage|p1a: Gholdengo|94/100|[from] Stealth Rock
|move|p2a: Slowking|Toxic Spikes|p1a: Gholdengo
|-sidestart|p1: Schmoobis|move: Toxic Spikes
|
|-heal|p1a: Gholdengo|100/100|[from] Grassy Terrain
|-heal|p2a: Slowking|94/100|[from] Grassy Terrain
|-heal|p2a: Slowking|99/100|[from] item: Leftovers
|upkeep
|turn|28
|
|t:|1776065198
|move|p1a: Gholdengo|Thunder Wave|p2a: Slowking
|-status|p2a: Slowking|par
|move|p2a: Slowking|Toxic Spikes|p1a: Gholdengo
|-sidestart|p1: Schmoobis|move: Toxic Spikes
|
|-heal|p2a: Slowking|100/100 par|[from] Grassy Terrain
|upkeep
|turn|29
|
|t:|1776065210
|switch|p2a: Chansey|Chansey, F|78/100
|-damage|p2a: Chansey|66/100|[from] Spikes
|move|p1a: Gholdengo|Hex|p2a: Chansey
|-immune|p2a: Chansey
|
|-heal|p2a: Chansey|72/100|[from] Grassy Terrain
|-fieldend|move: Grassy Terrain
|upkeep
|turn|30
|
|t:|1776065219
|move|p1a: Gholdengo|Thunder Wave|p2a: Chansey
|-status|p2a: Chansey|par
|move|p2a: Chansey|Soft-Boiled|p2a: Chansey
|-heal|p2a: Chansey|100/100 par
|
|upkeep
|turn|31
|
|t:|1776065234
|switch|p1a: Samurott|Samurott-Hisui, M|44/100 tox
|-damage|p1a: Samurott|32/100 tox|[from] Stealth Rock
|cant|p2a: Chansey|par
|
|-damage|p1a: Samurott|26/100 tox|[from] psn
|upkeep
|turn|32
|
|t:|1776065242
|-curestatus|p2a: Chansey|par|[from] ability: Natural Cure
|switch|p2a: Ditto|Ditto|100/100
|-damage|p2a: Ditto|88/100|[from] Spikes
|-transform|p2a: Ditto|p1a: Samurott|[from] ability: Imposter
|move|p1a: Samurott|Ceaseless Edge|p2a: Ditto
|-resisted|p2a: Ditto
|-damage|p2a: Ditto|57/100
|-sidestart|p2: g.dini|Spikes
|
|-damage|p1a: Samurott|13/100 tox|[from] psn
|upkeep
|turn|33
|
|t:|1776065256
|move|p2a: Ditto|Ceaseless Edge|p1a: Samurott
|-resisted|p1a: Samurott
|-damage|p1a: Samurott|0 fnt
|-sidestart|p1: Schmoobis|Spikes
|faint|p1a: Samurott
|
|upkeep
|
|t:|1776065264
|switch|p1a: Gholdengo|Gholdengo|100/100
|-damage|p1a: Gholdengo|94/100|[from] Stealth Rock
|-damage|p1a: Gholdengo|82/100|[from] Spikes
|turn|34
|
|t:|1776065270
|switch|p2a: Chansey|Chansey, F|100/100
|-damage|p2a: Chansey|84/100|[from] Spikes
|move|p1a: Gholdengo|Thunder Wave|p2a: Chansey
|-status|p2a: Chansey|par
|
|upkeep
|turn|35
|
|t:|1776065279
|move|p1a: Gholdengo|Make It Rain|p2a: Chansey
|-damage|p2a: Chansey|67/100 par
|-unboost|p1a: Gholdengo|spa|1
|move|p2a: Chansey|Heal Bell|p2a: Chansey
|-activate|p2a: Chansey|move: Heal Bell
|-curestatus|p2a: Chansey|par|[msg]
|-curestatus|p2: Slowking|par|[msg]
|
|upkeep
|turn|36
|
|t:|1776065289
|move|p1a: Gholdengo|Thunder Wave|p2a: Chansey
|-status|p2a: Chansey|par
|move|p2a: Chansey|Soft-Boiled|p2a: Chansey
|-heal|p2a: Chansey|100/100 par
|
|upkeep
|turn|37
|
|t:|1776065302
|switch|p1a: Rillaboom|Rillaboom, M, tera:Grass|78/100
|-damage|p1a: Rillaboom|65/100|[from] Stealth Rock
|-status|p1a: Rillaboom|tox
|-damage|p1a: Rillaboom|53/100 tox|[from] Spikes
|-fieldstart|move: Grassy Terrain|[from] ability: Grassy Surge|[of] p1a: Rillaboom
|cant|p2a: Chansey|par
|
|-heal|p1a: Rillaboom|59/100 tox|[from] Grassy Terrain
|-damage|p1a: Rillaboom|53/100 tox|[from] psn
|upkeep
|turn|38
|
|t:|1776065319
|-curestatus|p2a: Chansey|par|[from] ability: Natural Cure
|switch|p2a: Slowking|Slowking-Galar, M|100/100
|-damage|p2a: Slowking|84/100|[from] Spikes
|move|p1a: Rillaboom|Wood Hammer|p2a: Slowking
|-resisted|p2a: Slowking
|-damage|p2a: Slowking|27/100
|-damage|p1a: Rillaboom|31/100 tox|[from] Recoil
|
|-heal|p1a: Rillaboom|37/100 tox|[from] Grassy Terrain
|-heal|p2a: Slowking|33/100|[from] Grassy Terrain
|-heal|p2a: Slowking|40/100|[from] item: Leftovers
|-damage|p1a: Rillaboom|25/100 tox|[from] psn
|upkeep
|turn|39
|
|t:|1776065334
|switch|p2a: Ditto|Ditto|57/100
|-damage|p2a: Ditto|40/100|[from] Spikes
|-transform|p2a: Ditto|p1a: Rillaboom|[from] ability: Imposter
|move|p1a: Rillaboom|Wood Hammer|p2a: Ditto
|-resisted|p2a: Ditto
|-damage|p2a: Ditto|0 fnt
|faint|p2a: Ditto
|-damage|p1a: Rillaboom|14/100 tox|[from] Recoil
|
|-heal|p1a: Rillaboom|20/100 tox|[from] Grassy Terrain
|-damage|p1a: Rillaboom|1/100 tox|[from] psn
|upkeep
|
|t:|1776065346
|switch|p2a: Slowking|Slowking-Galar, M|73/100
|-damage|p2a: Slowking|56/100|[from] Spikes
|turn|40
|
|t:|1776065351
|move|p1a: Rillaboom|Wood Hammer|p2a: Slowking
|-resisted|p2a: Slowking
|-damage|p2a: Slowking|3/100
|-damage|p1a: Rillaboom|0 fnt|[from] Recoil
|faint|p1a: Rillaboom
|move|p2a: Slowking|Slack Off|p2a: Slowking
|-heal|p2a: Slowking|53/100
|
|-heal|p2a: Slowking|59/100|[from] Grassy Terrain
|-heal|p2a: Slowking|65/100|[from] item: Leftovers
|upkeep
|
|t:|1776065362
|switch|p1a: Gholdengo|Gholdengo|82/100
|-damage|p1a: Gholdengo|76/100|[from] Stealth Rock
|-damage|p1a: Gholdengo|63/100|[from] Spikes
|turn|41
|
|t:|1776065373
|switch|p2a: Chansey|Chansey, F|100/100
|-damage|p2a: Chansey|84/100|[from] Spikes
|move|p1a: Gholdengo|Recover|p1a: Gholdengo
|-heal|p1a: Gholdengo|100/100
|
|-heal|p2a: Chansey|90/100|[from] Grassy Terrain
|-fieldend|move: Grassy Terrain
|upkeep
|turn|42
|
|t:|1776065383
|move|p1a: Gholdengo|Thunder Wave|p2a: Chansey
|-status|p2a: Chansey|par
|move|p2a: Chansey|Thunder Wave|p1a: Gholdengo
|-immune|p1a: Gholdengo|[from] ability: Good as Gold
|
|upkeep
|turn|43
|c|☆g.dini|PP WAR
|
|t:|1776065395
|move|p1a: Gholdengo|Hex|p2a: Chansey
|-immune|p2a: Chansey
|move|p2a: Chansey|Thunder Wave|p1a: Gholdengo
|-immune|p1a: Gholdengo|[from] ability: Good as Gold
|
|upkeep
|turn|44
|c|☆g.dini|CMONNNNNN
|
|t:|1776065401
|move|p1a: Gholdengo|Hex|p2a: Chansey
|-immune|p2a: Chansey
|move|p2a: Chansey|Thunder Wave|p1a: Gholdengo
|-immune|p1a: Gholdengo|[from] ability: Good as Gold
|
|upkeep
|turn|45
|
|t:|1776065411
|move|p1a: Gholdengo|Hex|p2a: Chansey
|-immune|p2a: Chansey
|move|p2a: Chansey|Thunder Wave|p1a: Gholdengo
|-immune|p1a: Gholdengo|[from] ability: Good as Gold
|
|upkeep
|turn|46
|
|t:|1776065423
|move|p1a: Gholdengo|Hex|p2a: Chansey
|-immune|p2a: Chansey
|move|p2a: Chansey|Thunder Wave|p1a: Gholdengo
|-immune|p1a: Gholdengo|[from] ability: Good as Gold
|
|upkeep
|turn|47
|-message|Schmoobis forfeited.
|
|win|g.dini
|raw|Schmoobis's rating: 1166 &rarr; <strong>1142</strong><br />(-24 for losing)
|raw|g.dini's rating: 1183 &rarr; <strong>1207</strong><br />(+24 for winning)
|l|☆Schmoobis
|player|p1|
|l| ohko_smeargle
