|html|<div class="broadcast-blue"><strong>[Gen 9] OU is currently suspecting Tera Blast! For information on how to participate check out the <a href="https://www.smogon.com/tools/suspects/view/200">suspect thread</a>.</strong></div>
|j|☆Maty1323134
|j|☆You Win/Lose Some
|t:|1776036061
|gametype|singles
|player|p1|Maty1323134|preschooler|1248
|player|p2|You Win/Lose Some|1|1195
|gen|9
|tier|[Gen 9] OU
|rated|
|rule|HP Percentage Mod: HP is shown in percentages
|rule|Endless Battle Clause: Forcing endless battles is banned
|rule|Species Clause: Limit one of each Pokémon
|rule|OHKO Clause: OHKO moves are banned
|rule|Evasion Items Clause: Evasion items are banned
|rule|Evasion Moves Clause: Evasion moves are banned
|rule|Evasion Abilities Clause: Evasion abilities are banned
|rule|Sleep Moves Clause: Sleep-inducing moves are banned
|clearpoke
|poke|p1|Blaziken, M|
|poke|p1|Dragapult, M|
|poke|p1|Iron Treads|
|poke|p1|Alomomola, M|
|poke|p1|Rillaboom, M|
|poke|p1|Landorus-Therian, M|
|poke|p2|Jolteon, M|
|poke|p2|Serperior, M|
|poke|p2|Grimmsnarl, M|
|poke|p2|Maushold-Four|
|poke|p2|Carbink, L1|
|poke|p2|Whimsicott, M|
|teampreview
|inactive|Battle timer is ON: inactive players will automatically lose when time's up. (requested by You Win/Lose Some)
|
|t:|1776036082
|teamsize|p1|6
|teamsize|p2|6
|start
|switch|p1a: Iron Treads|Iron Treads, shiny|100/100
|switch|p2a: Jolteon|Jolteon, M|100/100
|-enditem|p1a: Iron Treads|Booster Energy
|-activate|p1a: Iron Treads|ability: Quark Drive|[fromitem]
|-start|p1a: Iron Treads|quarkdrivespe
|turn|1
|
|t:|1776036088
|switch|p2a: Grimmsnarl|Grimmsnarl, M|100/100
|move|p1a: Iron Treads|Stealth Rock|p2a: Grimmsnarl
|-sidestart|p2: You Win/Lose Some|move: Stealth Rock
|
|upkeep
|turn|2
|
|t:|1776036093
|move|p2a: Grimmsnarl|Reflect|p2a: Grimmsnarl
|-sidestart|p2: You Win/Lose Some|Reflect
|move|p1a: Iron Treads|Volt Switch|p2a: Grimmsnarl
|-damage|p2a: Grimmsnarl|92/100
|
|t:|1776036106
|-end|p1a: Iron Treads|Quark Drive|[silent]
|switch|p1a: Rillaboom|Rillaboom, M|100/100|[from] Volt Switch
|-fieldstart|move: Grassy Terrain|[from] ability: Grassy Surge|[of] p1a: Rillaboom
|
|-heal|p2a: Grimmsnarl|98/100|[from] Grassy Terrain
|upkeep
|turn|3
|
|t:|1776036112
|move|p2a: Grimmsnarl|Parting Shot|p1a: Rillaboom
|-unboost|p1a: Rillaboom|atk|1
|-unboost|p1a: Rillaboom|spa|1
|
|t:|1776036117
|switch|p2a: Serperior|Serperior, M|100/100|[from] Parting Shot
|-damage|p2a: Serperior|88/100|[from] Stealth Rock
|move|p1a: Rillaboom|Knock Off|p2a: Serperior
|-damage|p2a: Serperior|69/100
|-enditem|p2a: Serperior|Leftovers|[from] move: Knock Off|[of] p1a: Rillaboom
|
|-heal|p2a: Serperior|75/100|[from] Grassy Terrain
|upkeep
|turn|4
|
|t:|1776036138
|switch|p1a: Landorus|Landorus-Therian, M|100/100
|-ability|p1a: Landorus|Intimidate|boost
|-boost|p2a: Serperior|atk|1
|move|p2a: Serperior|Glare|p1a: Landorus
|-status|p1a: Landorus|par
|
|-heal|p2a: Serperior|81/100|[from] Grassy Terrain
|upkeep
|turn|5
|
|t:|1776036147
|move|p2a: Serperior|Substitute|p2a: Serperior
|-start|p2a: Serperior|Substitute
|-damage|p2a: Serperior|56/100
|move|p1a: Landorus|U-turn|p2a: Serperior
|-supereffective|p2a: Serperior
|-end|p2a: Serperior|Substitute
|inactive|Maty1323134 has 120 seconds left.
|
|t:|1776036170
|switch|p1a: Blaziken|Blaziken, M, shiny|100/100|[from] U-turn
|-item|p1a: Blaziken|Air Balloon
|
|-heal|p2a: Serperior|63/100|[from] Grassy Terrain
|upkeep
|turn|6
|
|t:|1776036179
|switch|p2a: Jolteon|Jolteon, M|100/100
|-damage|p2a: Jolteon|88/100|[from] Stealth Rock
|move|p1a: Blaziken|Flare Blitz|p2a: Jolteon
|-damage|p2a: Jolteon|30/100
|-damage|p1a: Blaziken|83/100|[from] Recoil
|-enditem|p2a: Jolteon|Red Card|[of] p1a: Blaziken
|drag|p1a: Alomomola|Alomomola, M, shiny|100/100
|
|-heal|p2a: Jolteon|36/100|[from] Grassy Terrain
|-fieldend|move: Grassy Terrain
|upkeep
|turn|7
|
|t:|1776036190
|move|p2a: Jolteon|Rain Dance|p2a: Jolteon
|-weather|RainDance
|move|p1a: Alomomola|Flip Turn|p2a: Jolteon
|-damage|p2a: Jolteon|13/100
|
|t:|1776036194
|switch|p1a: Rillaboom|Rillaboom, M|100/100|[from] Flip Turn
|-fieldstart|move: Grassy Terrain|[from] ability: Grassy Surge|[of] p1a: Rillaboom
|
|-weather|RainDance|[upkeep]
|-heal|p2a: Jolteon|19/100|[from] Grassy Terrain
|upkeep
|turn|8
|
|t:|1776036201
|move|p1a: Rillaboom|Grassy Glide|p2a: Jolteon
|-damage|p2a: Jolteon|0 fnt
|faint|p2a: Jolteon
|
|-weather|RainDance|[upkeep]
|upkeep
|
|t:|1776036209
|switch|p2a: Maushold|Maushold-Four|100/100
|-damage|p2a: Maushold|88/100|[from] Stealth Rock
|turn|9
|
|t:|1776036213
|switch|p1a: Alomomola|Alomomola, M, shiny|100/100
|move|p2a: Maushold|Tidy Up|p2a: Maushold
|-sideend|p2: You Win/Lose Some|Stealth Rock
|-activate|p2a: Maushold|move: Tidy Up
|-boost|p2a: Maushold|atk|1
|-boost|p2a: Maushold|spe|1
|
|-weather|RainDance|[upkeep]
|-heal|p2a: Maushold|94/100|[from] Grassy Terrain
|-sideend|p2: You Win/Lose Some|Reflect
|upkeep
|turn|10
|
|t:|1776036223
|move|p2a: Maushold|Bite|p1a: Alomomola
|-damage|p1a: Alomomola|79/100
|-damage|p2a: Maushold|78/100|[from] item: Rocky Helmet|[of] p1a: Alomomola
|move|p1a: Alomomola|Flip Turn|p2a: Maushold
|-damage|p2a: Maushold|40/100
|
|t:|1776036229
|switch|p1a: Rillaboom|Rillaboom, M|100/100|[from] Flip Turn
|
|-weather|RainDance|[upkeep]
|-heal|p2a: Maushold|46/100|[from] Grassy Terrain
|upkeep
|turn|11
|
|t:|1776036235
|move|p1a: Rillaboom|Grassy Glide|p2a: Maushold
|-damage|p2a: Maushold|0 fnt
|faint|p2a: Maushold
|
|-weather|none
|-fieldend|move: Grassy Terrain
|upkeep
|
|t:|1776036237
|switch|p2a: Carbink|Carbink, L1|100/100
|turn|12
|
|t:|1776036244
|switch|p1a: Dragapult|Dragapult, M, shiny|100/100
|move|p2a: Carbink|Endeavor|p1a: Dragapult
|-immune|p1a: Dragapult
|
|upkeep
|turn|13
|
|t:|1776036253
|switch|p2a: Grimmsnarl|Grimmsnarl, M|98/100
|move|p1a: Dragapult|Will-O-Wisp|p2a: Grimmsnarl
|-status|p2a: Grimmsnarl|brn
|
|-damage|p2a: Grimmsnarl|92/100 brn|[from] brn
|upkeep
|turn|14
|
|t:|1776036259
|move|p2a: Grimmsnarl|Light Screen|p2a: Grimmsnarl
|-sidestart|p2: You Win/Lose Some|move: Light Screen
|move|p1a: Dragapult|U-turn|p2a: Grimmsnarl
|-damage|p2a: Grimmsnarl|73/100 brn
|
|t:|1776036264
|switch|p1a: Blaziken|Blaziken, M, shiny|83/100|[from] U-turn
|-item|p1a: Blaziken|Air Balloon
|
|-damage|p2a: Grimmsnarl|66/100 brn|[from] brn
|upkeep
|turn|15
|
|t:|1776036270
|move|p2a: Grimmsnarl|Parting Shot|p1a: Blaziken
|-unboost|p1a: Blaziken|atk|1
|-unboost|p1a: Blaziken|spa|1
|
|t:|1776036271
|switch|p2a: Serperior|Serperior, M|63/100|[from] Parting Shot
|move|p1a: Blaziken|Swords Dance|p1a: Blaziken
|-boost|p1a: Blaziken|atk|2
|
|-ability|p1a: Blaziken|Speed Boost|boost
|-boost|p1a: Blaziken|spe|1
|upkeep
|turn|16
|
|t:|1776036280
|move|p1a: Blaziken|Flare Blitz|p2a: Serperior
|-supereffective|p2a: Serperior
|-damage|p2a: Serperior|0 fnt
|faint|p2a: Serperior
|-damage|p1a: Blaziken|59/100|[from] Recoil
|
|-ability|p1a: Blaziken|Speed Boost|boost
|-boost|p1a: Blaziken|spe|1
|upkeep
|-message|You Win/Lose Some forfeited.
|
|win|Maty1323134
|raw|Maty1323134's rating: 1248 &rarr; <strong>1269</strong><br />(+21 for winning)
|raw|You Win&#x2f;Lose Some's rating: 1195 &rarr; <strong>1174</strong><br />(-21 for losing)
|l|☆You Win/Lose Some
|player|p2|
|l|☆Maty1323134
|player|p1|
