|html|<div class="broadcast-blue"><strong>[Gen 9] OU is currently suspecting Volcarona! For information on how to participate check out the <a href="https://www.smogon.com/tools/suspects/view/208">suspect thread</a>.</strong></div>
|j|☆kanitanku
|j|☆Abigcamel
|t:|1778517102
|gametype|singles
|player|p1|kanitanku|twins-gen4dp|1499
|player|p2|Abigcamel|morty|1512
|gen|9
|tier|[Gen 9] OU
|rated|
|rule|HP Percentage Mod: HP is shown in percentages
|rule|Endless Battle Clause: Forcing endless battles is banned
|rule|Species Clause: Limit one of each Pokémon
|rule|OHKO Clause: OHKO moves are banned
|rule|Evasion Items Clause: Evasion items are banned
|rule|Evasion Moves Clause: Evasion moves are banned
|rule|Evasion Abilities Clause: Evasion abilities are banned
|rule|Sleep Moves Clause: Sleep-inducing moves are banned
|clearpoke
|poke|p1|Goodra-Hisui, F|
|poke|p1|Great Tusk|
|poke|p1|Ogerpon-Wellspring, F|
|poke|p1|Deoxys-Speed|
|poke|p1|Dragonite, M|
|poke|p1|Glimmora, M|
|poke|p2|Slither Wing|
|poke|p2|Ninetales, M|
|poke|p2|Raging Bolt|
|poke|p2|Dragapult, F|
|poke|p2|Great Tusk|
|poke|p2|Fezandipiti, M|
|teampreview
|inactive|Battle timer is ON: inactive players will automatically lose when time's up. (requested by Abigcamel)
|inactive|Abigcamel has 120 seconds left.
|
|t:|1778517136
|teamsize|p1|6
|teamsize|p2|6
|start
|switch|p1a: Glimmora|Glimmora, M|100/100
|switch|p2a: Ninetales|Ninetales, M|100/100
|-weather|SunnyDay|[from] ability: Drought|[of] p2a: Ninetales
|turn|1
|
|t:|1778517149
|switch|p2a: Fezandipiti|Fezandipiti, M|100/100
|move|p1a: Glimmora|Dazzling Gleam|p2a: Fezandipiti
|-resisted|p2a: Fezandipiti
|-damage|p2a: Fezandipiti|90/100
|
|-weather|SunnyDay|[upkeep]
|upkeep
|turn|2
|
|t:|1778517158
|move|p1a: Glimmora|Stealth Rock|p2a: Fezandipiti
|-sidestart|p2: Abigcamel|move: Stealth Rock
|move|p2a: Fezandipiti|U-turn|p1a: Glimmora
|-resisted|p1a: Glimmora
|-damage|p1a: Glimmora|90/100
|-activate|p1a: Glimmora|ability: Toxic Debris
|-sidestart|p2: Abigcamel|move: Toxic Spikes
|
|t:|1778517162
|switch|p2a: Great Tusk|Great Tusk|100/100|[from] U-turn
|-activate|p2a: Great Tusk|ability: Protosynthesis
|-start|p2a: Great Tusk|protosynthesisatk
|
|-weather|SunnyDay|[upkeep]
|upkeep
|turn|3
|
|t:|1778517174
|move|p1a: Glimmora|Dazzling Gleam|p2a: Great Tusk
|-supereffective|p2a: Great Tusk
|-damage|p2a: Great Tusk|31/100
|move|p2a: Great Tusk|Headlong Rush|p1a: Glimmora
|-supereffective|p1a: Glimmora
|-damage|p1a: Glimmora|0 fnt
|-unboost|p2a: Great Tusk|def|1
|-unboost|p2a: Great Tusk|spd|1
|-activate|p1a: Glimmora|ability: Toxic Debris
|-sidestart|p2: Abigcamel|move: Toxic Spikes
|faint|p1a: Glimmora
|
|-weather|SunnyDay|[upkeep]
|upkeep
|
|t:|1778517187
|switch|p1a: Ogerpon|Ogerpon-Wellspring, F|100/100
|turn|4
|
|t:|1778517204
|move|p1a: Ogerpon|Ivy Cudgel|p2a: Great Tusk|[anim] Ivy Cudgel Water
|-supereffective|p2a: Great Tusk
|-damage|p2a: Great Tusk|0 fnt
|faint|p2a: Great Tusk
|-end|p2a: Great Tusk|Protosynthesis|[silent]
|
|-weather|SunnyDay|[upkeep]
|upkeep
|
|t:|1778517209
|switch|p2a: Fezandipiti|Fezandipiti, M|90/100
|-sideend|p2: Abigcamel|move: Toxic Spikes|[of] p2a: Fezandipiti
|turn|5
|
|t:|1778517220
|switch|p1a: Goodra|Goodra-Hisui, F|100/100
|move|p2a: Fezandipiti|U-turn|p1a: Goodra
|-resisted|p1a: Goodra
|-damage|p1a: Goodra|93/100
|
|t:|1778517223
|switch|p2a: Slither Wing|Slither Wing|100/100|[from] U-turn
|-damage|p2a: Slither Wing|88/100|[from] Stealth Rock
|-activate|p2a: Slither Wing|ability: Protosynthesis
|-start|p2a: Slither Wing|protosynthesisatk
|
|-weather|SunnyDay|[upkeep]
|upkeep
|turn|6
|
|t:|1778517231
|switch|p1a: Dragonite|Dragonite, M|100/100
|move|p2a: Slither Wing|Close Combat|p1a: Dragonite
|-resisted|p1a: Dragonite
|-damage|p1a: Dragonite|61/100
|-unboost|p2a: Slither Wing|def|1
|-unboost|p2a: Slither Wing|spd|1
|
|-weather|SunnyDay|[upkeep]
|upkeep
|turn|7
|
|t:|1778517250
|switch|p1a: Great Tusk|Great Tusk|100/100
|-activate|p1a: Great Tusk|ability: Protosynthesis
|-start|p1a: Great Tusk|protosynthesisatk
|-end|p2a: Slither Wing|Protosynthesis|[silent]
|switch|p2a: Dragapult|Dragapult, F|100/100
|-damage|p2a: Dragapult|88/100|[from] Stealth Rock
|
|-weather|SunnyDay|[upkeep]
|upkeep
|turn|8
|
|t:|1778517263
|-end|p1a: Great Tusk|Protosynthesis|[silent]
|switch|p1a: Goodra|Goodra-Hisui, F|93/100
|move|p2a: Dragapult|Draco Meteor|p1a: Goodra
|-damage|p1a: Goodra|62/100
|-unboost|p2a: Dragapult|spa|2
|-damage|p2a: Dragapult|78/100|[from] item: Life Orb
|
|-weather|none
|upkeep
|turn|9
|
|t:|1778517286
|switch|p2a: Ninetales|Ninetales, M|100/100
|-damage|p2a: Ninetales|76/100|[from] Stealth Rock
|-weather|SunnyDay|[from] ability: Drought|[of] p2a: Ninetales
|switch|p1a: Great Tusk|Great Tusk|100/100
|-activate|p1a: Great Tusk|ability: Protosynthesis
|-start|p1a: Great Tusk|protosynthesisatk
|
|-weather|SunnyDay|[upkeep]
|upkeep
|turn|10
|
|t:|1778517306
|move|p2a: Ninetales|Will-O-Wisp|p1a: Great Tusk
|-status|p1a: Great Tusk|brn
|move|p1a: Great Tusk|Headlong Rush|p2a: Ninetales
|-supereffective|p2a: Ninetales
|-damage|p2a: Ninetales|0 fnt
|-unboost|p1a: Great Tusk|def|1
|-unboost|p1a: Great Tusk|spd|1
|faint|p2a: Ninetales
|
|-weather|SunnyDay|[upkeep]
|-damage|p1a: Great Tusk|94/100 brn|[from] brn
|upkeep
|
|t:|1778517312
|switch|p2a: Slither Wing|Slither Wing|88/100
|-damage|p2a: Slither Wing|76/100|[from] Stealth Rock
|-activate|p2a: Slither Wing|ability: Protosynthesis
|-start|p2a: Slither Wing|protosynthesisatk
|turn|11
|
|t:|1778517322
|move|p1a: Great Tusk|Taunt|p2a: Slither Wing
|-start|p2a: Slither Wing|move: Taunt
|move|p2a: Slither Wing|Flare Blitz|p1a: Great Tusk
|-damage|p1a: Great Tusk|0 fnt
|faint|p1a: Great Tusk
|-end|p1a: Great Tusk|Protosynthesis|[silent]
|-damage|p2a: Slither Wing|39/100|[from] Recoil
|
|-weather|SunnyDay|[upkeep]
|upkeep
|
|t:|1778517332
|switch|p1a: Deoxys|Deoxys-Speed|100/100
|-ability|p1a: Deoxys|Pressure
|turn|12
|
|t:|1778517342
|-end|p2a: Slither Wing|Protosynthesis|[silent]
|switch|p2a: Fezandipiti|Fezandipiti, M|90/100
|move|p1a: Deoxys|Psycho Boost|p2a: Fezandipiti
|-supereffective|p2a: Fezandipiti
|-damage|p2a: Fezandipiti|0 fnt
|-unboost|p1a: Deoxys|spa|2
|faint|p2a: Fezandipiti
|-damage|p1a: Deoxys|91/100|[from] item: Life Orb
|
|-weather|SunnyDay|[upkeep]
|upkeep
|
|t:|1778517345
|switch|p2a: Slither Wing|Slither Wing|39/100
|-damage|p2a: Slither Wing|27/100|[from] Stealth Rock
|-activate|p2a: Slither Wing|ability: Protosynthesis
|-start|p2a: Slither Wing|protosynthesisatk
|turn|13
|inactive|kanitanku has 120 seconds left.
|
|t:|1778517382
|switch|p1a: Ogerpon|Ogerpon-Wellspring, F|100/100
|-end|p2a: Slither Wing|Protosynthesis|[silent]
|switch|p2a: Raging Bolt|Raging Bolt|100/100
|-damage|p2a: Raging Bolt|88/100|[from] Stealth Rock
|-activate|p2a: Raging Bolt|ability: Protosynthesis
|-start|p2a: Raging Bolt|protosynthesisspa
|
|-weather|SunnyDay|[upkeep]
|upkeep
|turn|14
|inactive|kanitanku has 120 seconds left.
|
|t:|1778517392
|move|p1a: Ogerpon|Play Rough|p2a: Raging Bolt
|-supereffective|p2a: Raging Bolt
|-damage|p2a: Raging Bolt|18/100
|move|p2a: Raging Bolt|Draco Meteor|p1a: Ogerpon|[miss]
|-miss|p2a: Raging Bolt|p1a: Ogerpon
|
|-weather|SunnyDay|[upkeep]
|upkeep
|turn|15
|-message|Abigcamel forfeited.
|
|win|kanitanku
|raw|kanitanku's rating: 1499 &rarr; <strong>1520</strong><br />(+21 for winning)
|raw|Abigcamel's rating: 1512 &rarr; <strong>1491</strong><br />(-21 for losing)
|l|☆Abigcamel
|player|p2|
|l|☆kanitanku
|player|p1|
