|html|<div class="broadcast-blue"><strong>[Gen 9] OU is currently suspecting Tera Blast! For information on how to participate check out the <a href="https://www.smogon.com/tools/suspects/view/200">suspect thread</a>.</strong></div>
|j|☆Stranger_Z
|j|☆Ziul Nebels
|t:|1776034266
|gametype|singles
|player|p1|Stranger_Z|266|1362
|player|p2|Ziul Nebels|bruno|1418
|gen|9
|tier|[Gen 9] OU
|rated|
|rule|HP Percentage Mod: HP is shown in percentages
|rule|Endless Battle Clause: Forcing endless battles is banned
|rule|Species Clause: Limit one of each Pokémon
|rule|OHKO Clause: OHKO moves are banned
|rule|Evasion Items Clause: Evasion items are banned
|rule|Evasion Moves Clause: Evasion moves are banned
|rule|Evasion Abilities Clause: Evasion abilities are banned
|rule|Sleep Moves Clause: Sleep-inducing moves are banned
|clearpoke
|poke|p1|Chandelure, F|
|poke|p1|Excadrill, M|
|poke|p1|Iron Jugulis|
|poke|p1|Galvantula, M|
|poke|p1|Serperior, F|
|poke|p1|Samurott-Hisui, M|
|poke|p2|Garchomp, M|
|poke|p2|Zamazenta-*|
|poke|p2|Darkrai|
|poke|p2|Gholdengo|
|poke|p2|Kyurem|
|poke|p2|Dragonite, F|
|teampreview
|inactive|Battle timer is ON: inactive players will automatically lose when time's up. (requested by Ziul Nebels)
|
|t:|1776034282
|teamsize|p1|6
|teamsize|p2|6
|start
|switch|p1a: Galvantula|Galvantula, M|100/100
|switch|p2a: Kyurem|Kyurem|100/100
|-ability|p2a: Kyurem|Pressure
|turn|1
|
|t:|1776034290
|move|p2a: Kyurem|Earth Power|p1a: Galvantula
|-damage|p1a: Galvantula|33/100
|move|p1a: Galvantula|Sticky Web|p2a: Kyurem
|-sidestart|p2: Ziul Nebels|move: Sticky Web
|
|upkeep
|turn|2
|
|t:|1776034301
|move|p2a: Kyurem|Earth Power|p1a: Galvantula
|-crit|p1a: Galvantula
|-damage|p1a: Galvantula|0 fnt
|faint|p1a: Galvantula
|
|upkeep
|
|t:|1776034320
|switch|p1a: Chandelure|Chandelure, F|100/100
|turn|3
|
|t:|1776034326
|-terastallize|p1a: Chandelure|Grass
|move|p2a: Kyurem|Earth Power|p1a: Chandelure
|-resisted|p1a: Chandelure
|-damage|p1a: Chandelure|74/100
|move|p1a: Chandelure|Flamethrower|p2a: Kyurem
|-crit|p2a: Kyurem
|-damage|p2a: Kyurem|19/100
|
|upkeep
|turn|4
|
|t:|1776034348
|switch|p2a: Darkrai|Darkrai|100/100
|-activate|p2a: Darkrai|move: Sticky Web
|-unboost|p2a: Darkrai|spe|1
|move|p1a: Chandelure|Flamethrower|p2a: Darkrai
|-damage|p2a: Darkrai|24/100
|
|upkeep
|turn|5
|
|t:|1776034357
|move|p1a: Chandelure|Flamethrower|p2a: Darkrai
|-damage|p2a: Darkrai|0 fnt
|faint|p2a: Darkrai
|
|upkeep
|
|t:|1776034365
|switch|p2a: Dragonite|Dragonite, F|100/100
|turn|6
|
|t:|1776034371
|switch|p1a: Excadrill|Excadrill, M|100/100
|-ability|p1a: Excadrill|Mold Breaker
|move|p2a: Dragonite|Dragon Dance|p2a: Dragonite
|-boost|p2a: Dragonite|atk|1
|-boost|p2a: Dragonite|spe|1
|
|upkeep
|turn|7
|
|t:|1776034380
|move|p2a: Dragonite|Earthquake|p1a: Excadrill
|-supereffective|p1a: Excadrill
|-damage|p1a: Excadrill|0 fnt
|faint|p1a: Excadrill
|
|upkeep
|
|t:|1776034387
|switch|p1a: Serperior|Serperior, F|100/100
|turn|8
|
|t:|1776034393
|-terastallize|p2a: Dragonite|Normal
|move|p2a: Dragonite|Extreme Speed|p1a: Serperior
|-damage|p1a: Serperior|21/100
|move|p1a: Serperior|Glare|p2a: Dragonite
|-status|p2a: Dragonite|par
|
|-heal|p1a: Serperior|27/100|[from] item: Leftovers
|upkeep
|turn|9
|
|t:|1776034402
|move|p1a: Serperior|Protect|p1a: Serperior
|-singleturn|p1a: Serperior|Protect
|move|p2a: Dragonite|Extreme Speed|p1a: Serperior
|-activate|p1a: Serperior|move: Protect
|
|-heal|p1a: Serperior|33/100|[from] item: Leftovers
|upkeep
|turn|10
|
|t:|1776034410
|move|p2a: Dragonite|Extreme Speed|p1a: Serperior
|-damage|p1a: Serperior|0 fnt
|faint|p1a: Serperior
|
|upkeep
|
|t:|1776034415
|switch|p1a: Chandelure|Chandelure, F, tera:Grass|74/100
|turn|11
|
|t:|1776034418
|cant|p2a: Dragonite|par
|move|p1a: Chandelure|Flamethrower|p2a: Dragonite
|-damage|p2a: Dragonite|72/100 par
|
|upkeep
|turn|12
|
|t:|1776034423
|move|p2a: Dragonite|Extreme Speed|p1a: Chandelure
|-damage|p1a: Chandelure|0 fnt
|faint|p1a: Chandelure
|
|upkeep
|
|t:|1776034432
|switch|p1a: Samurott|Samurott-Hisui, M|100/100
|turn|13
|
|t:|1776034436
|move|p2a: Dragonite|Extreme Speed|p1a: Samurott
|-damage|p1a: Samurott|9/100
|move|p1a: Samurott|Sacred Sword|p2a: Dragonite
|-supereffective|p2a: Dragonite
|-damage|p2a: Dragonite|0 fnt
|faint|p2a: Dragonite
|
|upkeep
|
|t:|1776034445
|switch|p2a: Kyurem|Kyurem|19/100
|-activate|p2a: Kyurem|move: Sticky Web
|-unboost|p2a: Kyurem|spe|1
|-ability|p2a: Kyurem|Pressure
|turn|14
|
|t:|1776034451
|switch|p1a: Iron Jugulis|Iron Jugulis|100/100
|-enditem|p1a: Iron Jugulis|Booster Energy
|-activate|p1a: Iron Jugulis|ability: Quark Drive|[fromitem]
|-start|p1a: Iron Jugulis|quarkdrivespe
|move|p2a: Kyurem|Freeze-Dry|p1a: Iron Jugulis
|-supereffective|p1a: Iron Jugulis
|-damage|p1a: Iron Jugulis|0 fnt
|faint|p1a: Iron Jugulis
|-end|p1a: Iron Jugulis|Quark Drive|[silent]
|
|upkeep
|
|t:|1776034453
|switch|p1a: Samurott|Samurott-Hisui, M|9/100
|turn|15
|
|t:|1776034461
|move|p1a: Samurott|Aqua Cutter|p2a: Kyurem
|-resisted|p2a: Kyurem
|-crit|p2a: Kyurem
|-damage|p2a: Kyurem|0 fnt
|faint|p2a: Kyurem
|
|upkeep
|
|t:|1776034468
|switch|p2a: Zamazenta|Zamazenta|100/100
|-activate|p2a: Zamazenta|move: Sticky Web
|-unboost|p2a: Zamazenta|spe|1
|-ability|p2a: Zamazenta|Dauntless Shield|boost
|-boost|p2a: Zamazenta|def|1
|turn|16
|-message|Stranger_Z forfeited.
|
|win|Ziul Nebels
|raw|Stranger_Z's rating: 1362 &rarr; <strong>1345</strong><br />(-17 for losing)
|raw|Ziul Nebels's rating: 1418 &rarr; <strong>1435</strong><br />(+17 for winning)
|l|☆Stranger_Z
|player|p1|
|l|☆Ziul Nebels
|player|p2|
