|html|<div class="broadcast-blue"><strong>[Gen 9] OU is currently suspecting Tera Blast! For information on how to participate check out the <a href="https://www.smogon.com/tools/suspects/view/200">suspect thread</a>.</strong></div>
|j|☆PinguButGood
|j|☆qw2360713096
|t:|1776272099
|gametype|singles
|player|p1|PinguButGood|falkner|1398
|player|p2|qw2360713096|steven|1445
|gen|9
|tier|[Gen 9] OU
|rated|
|rule|HP Percentage Mod: HP is shown in percentages
|rule|Endless Battle Clause: Forcing endless battles is banned
|rule|Species Clause: Limit one of each Pokémon
|rule|OHKO Clause: OHKO moves are banned
|rule|Evasion Items Clause: Evasion items are banned
|rule|Evasion Moves Clause: Evasion moves are banned
|rule|Evasion Abilities Clause: Evasion abilities are banned
|rule|Sleep Moves Clause: Sleep-inducing moves are banned
|clearpoke
|poke|p1|Zamazenta-*|
|poke|p1|Kingambit, M|
|poke|p1|Samurott-Hisui, M|
|poke|p1|Landorus-Therian, M|
|poke|p1|Iron Valiant|
|poke|p1|Iron Moth|
|poke|p2|Dragonite, F|
|poke|p2|Ogerpon-Cornerstone, F|
|poke|p2|Hatterene, F|
|poke|p2|Iron Treads|
|poke|p2|Kingambit, F|
|poke|p2|Zapdos|
|teampreview
|inactive|Battle timer is ON: inactive players will automatically lose when time's up. (requested by PinguButGood)
|
|t:|1776272103
|teamsize|p1|6
|teamsize|p2|6
|start
|switch|p1a: Samurott|Samurott-Hisui, M|100/100
|switch|p2a: Zapdos|Zapdos|100/100
|turn|1
|
|t:|1776272115
|move|p2a: Zapdos|Volt Switch|p1a: Samurott
|-supereffective|p1a: Samurott
|-crit|p1a: Samurott
|-enditem|p1a: Samurott|Focus Sash
|-damage|p1a: Samurott|1/100
|
|t:|1776272126
|switch|p2a: Hatterene|Hatterene, F|100/100|[from] Volt Switch
|move|p1a: Samurott|Ceaseless Edge|p2a: Hatterene
|-crit|p2a: Hatterene
|-damage|p2a: Hatterene|38/100
|-damage|p1a: Samurott|0 fnt|[from] item: Rocky Helmet|[of] p2a: Hatterene
|faint|p1a: Samurott
|
|upkeep
|
|t:|1776272152
|switch|p1a: Iron Moth|Iron Moth|100/100
|-enditem|p1a: Iron Moth|Booster Energy
|-activate|p1a: Iron Moth|ability: Quark Drive|[fromitem]
|-start|p1a: Iron Moth|quarkdrivespe
|turn|2
|
|t:|1776272159
|move|p1a: Iron Moth|Fiery Dance|p2a: Hatterene
|-damage|p2a: Hatterene|0 fnt
|-boost|p1a: Iron Moth|spa|1
|faint|p2a: Hatterene
|
|upkeep
|
|t:|1776272165
|switch|p2a: Ogerpon|Ogerpon-Cornerstone, F|100/100
|turn|3
|
|t:|1776272180
|-terastallize|p1a: Iron Moth|Ground
|move|p1a: Iron Moth|Fiery Dance|p2a: Ogerpon
|-damage|p2a: Ogerpon|25/100
|-boost|p1a: Iron Moth|spa|1
|move|p2a: Ogerpon|Ivy Cudgel|p1a: Iron Moth|[anim] Ivy Cudgel Rock
|-resisted|p1a: Iron Moth
|-damage|p1a: Iron Moth|61/100
|
|upkeep
|turn|4
|
|t:|1776272192
|move|p1a: Iron Moth|Fiery Dance|p2a: Ogerpon
|-damage|p2a: Ogerpon|0 fnt
|-boost|p1a: Iron Moth|spa|1
|faint|p2a: Ogerpon
|
|upkeep
|
|t:|1776272199
|switch|p2a: Dragonite|Dragonite, F|100/100
|turn|5
|
|t:|1776272203
|move|p1a: Iron Moth|Sludge Wave|p2a: Dragonite
|-damage|p2a: Dragonite|37/100
|move|p2a: Dragonite|Dragon Dance|p2a: Dragonite
|-boost|p2a: Dragonite|atk|1
|-boost|p2a: Dragonite|spe|1
|
|-heal|p2a: Dragonite|43/100|[from] item: Leftovers
|upkeep
|turn|6
|
|t:|1776272223
|move|p1a: Iron Moth|Fiery Dance|p2a: Dragonite
|-resisted|p2a: Dragonite
|-damage|p2a: Dragonite|0 fnt
|-boost|p1a: Iron Moth|spa|1
|faint|p2a: Dragonite
|
|upkeep
|
|t:|1776272228
|switch|p2a: Kingambit|Kingambit, F|100/100
|-activate|p2a: Kingambit|ability: Supreme Overlord
|-start|p2a: Kingambit|fallen3|[silent]
|turn|7
|
|t:|1776272235
|-terastallize|p2a: Kingambit|Ghost
|move|p1a: Iron Moth|Fiery Dance|p2a: Kingambit
|-damage|p2a: Kingambit|0 fnt
|faint|p2a: Kingambit
|-end|p2a: Kingambit|fallen3|[silent]
|
|upkeep
|
|t:|1776272239
|switch|p2a: Zapdos|Zapdos|100/100
|turn|8
|
|t:|1776272243
|move|p1a: Iron Moth|Fiery Dance|p2a: Zapdos
|-damage|p2a: Zapdos|0 fnt
|faint|p2a: Zapdos
|
|upkeep
|-message|qw2360713096 forfeited.
|
|win|PinguButGood
|raw|PinguButGood's rating: 1398 &rarr; <strong>1421</strong><br />(+23 for winning)
|raw|qw2360713096's rating: 1445 &rarr; <strong>1422</strong><br />(-23 for losing)
|l|☆qw2360713096
|player|p2|
