|html|<div class="broadcast-blue"><strong>[Gen 9] OU is currently suspecting Tera Blast! For information on how to participate check out the <a href="https://www.smogon.com/tools/suspects/view/200">suspect thread</a>.</strong></div>
|j|☆magistermilitum420
|j|☆RYUDRAH
|t:|1776115004
|gametype|singles
|player|p1|magistermilitum420|blue|1240
|player|p2|RYUDRAH|rocketgrunt|1252
|gen|9
|tier|[Gen 9] OU
|rated|
|rule|HP Percentage Mod: HP is shown in percentages
|rule|Endless Battle Clause: Forcing endless battles is banned
|rule|Species Clause: Limit one of each Pokémon
|rule|OHKO Clause: OHKO moves are banned
|rule|Evasion Items Clause: Evasion items are banned
|rule|Evasion Moves Clause: Evasion moves are banned
|rule|Evasion Abilities Clause: Evasion abilities are banned
|rule|Sleep Moves Clause: Sleep-inducing moves are banned
|clearpoke
|poke|p1|Meowscarada, F|
|poke|p1|Great Tusk|
|poke|p1|Alomomola, M|
|poke|p1|Slowking-Galar, M|
|poke|p1|Dragonite, M|
|poke|p1|Heatran, M|
|poke|p2|Haxorus, M|
|poke|p2|Iron Moth|
|poke|p2|Zoroark-Hisui, M|
|poke|p2|Pecharunt|
|poke|p2|Raging Bolt|
|poke|p2|Ogerpon-Wellspring, F|
|teampreview
|inactive|Battle timer is ON: inactive players will automatically lose when time's up. (requested by magistermilitum420)
|
|t:|1776115054
|teamsize|p1|6
|teamsize|p2|6
|start
|switch|p1a: Mahad|Meowscarada, F, shiny|100/100
|switch|p2a: testicle|Pecharunt|100/100
|turn|1
|
|t:|1776115060
|move|p1a: Mahad|Knock Off|p2a: testicle
|-start|p1a: Mahad|typechange|Dark|[from] ability: Protean
|-supereffective|p2a: testicle
|-damage|p2a: testicle|0 fnt
|replace|p2a: trick man|Zoroark-Hisui, M, shiny
|-end|p2a: trick man|Illusion
|-enditem|p2a: trick man|Choice Specs|[from] move: Knock Off|[of] p1a: Mahad
|faint|p2a: trick man
|
|upkeep
|
|t:|1776115078
|switch|p2a: Iron Mothra|Iron Moth, shiny|100/100
|-enditem|p2a: Iron Mothra|Booster Energy
|-activate|p2a: Iron Mothra|ability: Quark Drive|[fromitem]
|-start|p2a: Iron Mothra|quarkdrivespa
|turn|2
|
|t:|1776115090
|switch|p1a: Vulcanus|Heatran, M, shiny|100/100
|move|p2a: Iron Mothra|Fiery Dance|p1a: Vulcanus
|-start|p1a: Vulcanus|ability: Flash Fire
|
|upkeep
|turn|3
|inactive|RYUDRAH has 120 seconds left.
|
|t:|1776115143
|-end|p2a: Iron Mothra|Quark Drive|[silent]
|switch|p2a: anahole|Ogerpon-Wellspring, F|100/100
|move|p1a: Vulcanus|Earth Power|p2a: anahole
|-resisted|p2a: anahole
|-damage|p2a: anahole|71/100
|
|upkeep
|turn|4
|
|t:|1776115156
|-end|p1a: Vulcanus|ability: Flash Fire|[silent]
|switch|p1a: Mithridates|Slowking-Galar, M|100/100
|move|p2a: anahole|Trailblaze|p1a: Mithridates
|-resisted|p1a: Mithridates
|-damage|p1a: Mithridates|84/100
|-boost|p2a: anahole|spe|1
|
|upkeep
|turn|5
|
|t:|1776115167
|move|p2a: anahole|Ivy Cudgel|p1a: Mithridates|[anim] Ivy Cudgel Water
|-damage|p1a: Mithridates|20/100
|move|p1a: Mithridates|Sludge Bomb|p2a: anahole
|-supereffective|p2a: anahole
|-damage|p2a: anahole|0 fnt
|faint|p2a: anahole
|
|upkeep
|inactive|RYUDRAH has 90 seconds left.
|
|t:|1776115199
|switch|p2a: raging Dih|Raging Bolt|100/100
|-enditem|p2a: raging Dih|Booster Energy
|-activate|p2a: raging Dih|ability: Protosynthesis|[fromitem]
|-start|p2a: raging Dih|protosynthesisspa
|turn|6
|
|t:|1776115220
|switch|p1a: Barca|Great Tusk|100/100
|move|p2a: raging Dih|Calm Mind|p2a: raging Dih
|-boost|p2a: raging Dih|spa|1
|-boost|p2a: raging Dih|spd|1
|
|upkeep
|turn|7
|c|☆RYUDRAH|shit
|
|t:|1776115234
|-terastallize|p2a: raging Dih|Flying
|move|p1a: Barca|Close Combat|p2a: raging Dih
|-resisted|p2a: raging Dih
|-damage|p2a: raging Dih|77/100
|-unboost|p1a: Barca|def|1
|-unboost|p1a: Barca|spd|1
|move|p2a: raging Dih|Tera Blast|p1a: Barca|[anim] Tera Blast Flying
|-supereffective|p1a: Barca
|-damage|p1a: Barca|0 fnt
|faint|p1a: Barca
|-end|p1a: Barca|Protosynthesis|[silent]
|
|upkeep
|inactive|magistermilitum420 has 120 seconds left.
|
|t:|1776115253
|switch|p1a: Mahad|Meowscarada, F, shiny|100/100
|turn|8
|inactive|RYUDRAH has 90 seconds left.
|
|t:|1776115262
|move|p2a: raging Dih|Thunderclap|p1a: Mahad
|-resisted|p1a: Mahad
|-damage|p1a: Mahad|39/100
|move|p1a: Mahad|Triple Axel|p2a: raging Dih
|-start|p1a: Mahad|typechange|Ice|[from] ability: Protean
|-supereffective|p2a: raging Dih
|-damage|p2a: raging Dih|63/100
|-supereffective|p2a: raging Dih
|-damage|p2a: raging Dih|36/100
|-supereffective|p2a: raging Dih
|-damage|p2a: raging Dih|0 fnt
|faint|p2a: raging Dih
|-end|p2a: raging Dih|Protosynthesis|[silent]
|-hitcount|p2: raging Dih|3
|
|upkeep
|inactive|RYUDRAH has 90 seconds left.
|
|t:|1776115279
|switch|p2a: Sayryu|Haxorus, M, shiny|100/100
|-ability|p2a: Sayryu|Mold Breaker
|turn|9
|
|t:|1776115286
|move|p1a: Mahad|Triple Axel|p2a: Sayryu|[miss]
|-miss|p1a: Mahad|p2a: Sayryu
|move|p2a: Sayryu|Dragon Dance|p2a: Sayryu
|-boost|p2a: Sayryu|atk|1
|-boost|p2a: Sayryu|spe|1
|
|upkeep
|turn|10
|inactive|RYUDRAH has 90 seconds left.
|c|☆RYUDRAH|LOL
|c|☆RYUDRAH|that was close
|
|t:|1776115307
|move|p1a: Mahad|Triple Axel|p2a: Sayryu
|-supereffective|p2a: Sayryu
|-damage|p2a: Sayryu|78/100
|-supereffective|p2a: Sayryu
|-damage|p2a: Sayryu|29/100
|-supereffective|p2a: Sayryu
|-crit|p2a: Sayryu
|-damage|p2a: Sayryu|0 fnt
|faint|p2a: Sayryu
|-hitcount|p2: Sayryu|3
|
|upkeep
|c|☆magistermilitum420|spoke a bit too soon there
|
|t:|1776115321
|switch|p2a: Iron Mothra|Iron Moth, shiny|100/100
|turn|11
|
|t:|1776115329
|switch|p1a: Vulcanus|Heatran, M, shiny|100/100
|move|p2a: Iron Mothra|Dazzling Gleam|p1a: Vulcanus
|-resisted|p1a: Vulcanus
|-damage|p1a: Vulcanus|94/100
|
|upkeep
|turn|12
|c|☆RYUDRAH|yh...
|-message|RYUDRAH forfeited.
|
|win|magistermilitum420
|raw|magistermilitum420's rating: 1240 &rarr; <strong>1266</strong><br />(+26 for winning)
|raw|RYUDRAH's rating: 1252 &rarr; <strong>1226</strong><br />(-26 for losing)
|l|☆RYUDRAH
|player|p2|
|c|☆magistermilitum420|gg
