|html|<div class="broadcast-blue"><strong>[Gen 9] OU is currently suspecting Tera Blast! For information on how to participate check out the <a href="https://www.smogon.com/tools/suspects/view/200">suspect thread</a>.</strong></div>
|j|☆BeefStewDude
|j|☆zewenshifu
|t:|1776061074
|gametype|singles
|player|p1|BeefStewDude|dancer|1122
|player|p2|zewenshifu|pokemonrangerf|1148
|gen|9
|tier|[Gen 9] OU
|rated|
|rule|HP Percentage Mod: HP is shown in percentages
|rule|Endless Battle Clause: Forcing endless battles is banned
|rule|Species Clause: Limit one of each Pokémon
|rule|OHKO Clause: OHKO moves are banned
|rule|Evasion Items Clause: Evasion items are banned
|rule|Evasion Moves Clause: Evasion moves are banned
|rule|Evasion Abilities Clause: Evasion abilities are banned
|rule|Sleep Moves Clause: Sleep-inducing moves are banned
|clearpoke
|poke|p1|Bisharp, F|
|poke|p1|Goodra-Hisui, F|
|poke|p1|Pawmot, F|
|poke|p1|Clawitzer, F|
|poke|p1|Ursaluna, F|
|poke|p1|Moltres-Galar|
|poke|p2|Mew|
|poke|p2|Great Tusk|
|poke|p2|Kingambit, F|
|poke|p2|Dragapult, M|
|poke|p2|Iron Valiant|
|poke|p2|Rotom-Wash|
|teampreview
|
|t:|1776061102
|teamsize|p1|6
|teamsize|p2|6
|start
|switch|p1a: Clawitzer|Clawitzer, F|100/100
|switch|p2a: Mew|Mew|100/100
|turn|1
|
|t:|1776061125
|move|p2a: Mew|Knock Off|p1a: Clawitzer
|-damage|p1a: Clawitzer|75/100
|-enditem|p1a: Clawitzer|Life Orb|[from] move: Knock Off|[of] p2a: Mew
|move|p1a: Clawitzer|Dark Pulse|p2a: Mew
|-supereffective|p2a: Mew
|-damage|p2a: Mew|30/100
|
|upkeep
|turn|2
|
|t:|1776061160
|switch|p2a: Iron Valiant|Iron Valiant|100/100
|move|p1a: Clawitzer|Water Pulse|p2a: Iron Valiant
|-damage|p2a: Iron Valiant|12/100
|-start|p2a: Iron Valiant|confusion
|
|upkeep
|turn|3
|
|t:|1776061169
|-activate|p2a: Iron Valiant|confusion
|move|p2a: Iron Valiant|Thunderbolt|p1a: Clawitzer
|-supereffective|p1a: Clawitzer
|-damage|p1a: Clawitzer|0 fnt
|faint|p1a: Clawitzer
|-damage|p2a: Iron Valiant|2/100|[from] item: Life Orb
|
|upkeep
|
|t:|1776061191
|switch|p1a: Pawmot|Pawmot, F|100/100
|turn|4
|
|t:|1776061201
|move|p1a: Pawmot|Fake Out|p2a: Iron Valiant
|-damage|p2a: Iron Valiant|0 fnt
|faint|p2a: Iron Valiant
|-end|p2a: Iron Valiant|Quark Drive|[silent]
|-damage|p1a: Pawmot|91/100|[from] item: Life Orb
|
|upkeep
|
|t:|1776061212
|switch|p2a: Great Tusk|Great Tusk|100/100
|turn|5
|
|t:|1776061232
|switch|p1a: Moltres|Moltres-Galar|100/100
|move|p2a: Great Tusk|Headlong Rush|p1a: Moltres
|-immune|p1a: Moltres
|
|upkeep
|turn|6
|
|t:|1776061255
|-end|p2a: Great Tusk|Protosynthesis|[silent]
|switch|p2a: Rotom|Rotom-Wash|100/100
|move|p1a: Moltres|Air Slash|p2a: Rotom
|-resisted|p2a: Rotom
|-damage|p2a: Rotom|83/100
|
|-heal|p2a: Rotom|89/100|[from] item: Leftovers
|upkeep
|turn|7
|
|t:|1776061262
|switch|p1a: Goodra|Goodra-Hisui, F|100/100
|move|p2a: Rotom|Will-O-Wisp|p1a: Goodra
|-status|p1a: Goodra|brn
|
|-heal|p2a: Rotom|95/100|[from] item: Leftovers
|-damage|p1a: Goodra|95/100 brn|[from] brn
|upkeep
|turn|8
|
|t:|1776061278
|move|p2a: Rotom|Volt Switch|p1a: Goodra
|-resisted|p1a: Goodra
|-damage|p1a: Goodra|89/100 brn
|
|t:|1776061283
|switch|p2a: Mew|Mew|30/100|[from] Volt Switch
|move|p1a: Goodra|Knock Off|p2a: Mew
|-supereffective|p2a: Mew
|-damage|p2a: Mew|10/100
|-enditem|p2a: Mew|Heavy-Duty Boots|[from] move: Knock Off|[of] p1a: Goodra
|
|-damage|p1a: Goodra|83/100 brn|[from] brn
|upkeep
|turn|9
|
|t:|1776061295
|move|p2a: Mew|Knock Off|p1a: Goodra
|-damage|p1a: Goodra|56/100 brn
|-enditem|p1a: Goodra|Assault Vest|[from] move: Knock Off|[of] p2a: Mew
|move|p1a: Goodra|Dragon Tail|p2a: Mew
|-damage|p2a: Mew|1/100
|drag|p2a: Dragapult|Dragapult, M|100/100
|
|-damage|p1a: Goodra|50/100 brn|[from] brn
|upkeep
|turn|10
|
|t:|1776061310
|move|p2a: Dragapult|Draco Meteor|p1a: Goodra|[miss]
|-miss|p2a: Dragapult|p1a: Goodra
|move|p1a: Goodra|Knock Off|p2a: Dragapult
|-supereffective|p2a: Dragapult
|-damage|p2a: Dragapult|57/100
|-enditem|p2a: Dragapult|Choice Specs|[from] move: Knock Off|[of] p1a: Goodra
|
|-damage|p1a: Goodra|44/100 brn|[from] brn
|upkeep
|turn|11
|
|t:|1776061320
|move|p2a: Dragapult|Draco Meteor|p1a: Goodra
|-damage|p1a: Goodra|3/100 brn
|-unboost|p2a: Dragapult|spa|2
|move|p1a: Goodra|Dragon Tail|p2a: Dragapult
|-supereffective|p2a: Dragapult
|-damage|p2a: Dragapult|16/100
|drag|p2a: Kingambit|Kingambit, F|100/100
|-activate|p2a: Kingambit|ability: Supreme Overlord
|-start|p2a: Kingambit|fallen1|[silent]
|
|-damage|p1a: Goodra|0 fnt|[from] brn
|faint|p1a: Goodra
|upkeep
|
|t:|1776061337
|switch|p1a: Ursaluna|Ursaluna, F, shiny|100/100
|turn|12
|
|t:|1776061352
|-end|p2a: Kingambit|fallen1|[silent]
|switch|p2a: Rotom|Rotom-Wash|95/100
|move|p1a: Ursaluna|Bulk Up|p1a: Ursaluna
|-boost|p1a: Ursaluna|atk|1
|-boost|p1a: Ursaluna|def|1
|
|-heal|p2a: Rotom|100/100|[from] item: Leftovers
|-status|p1a: Ursaluna|brn|[from] item: Flame Orb
|upkeep
|turn|13
|
|t:|1776061365
|move|p2a: Rotom|Hydro Pump|p1a: Ursaluna|[miss]
|-miss|p2a: Rotom|p1a: Ursaluna
|move|p1a: Ursaluna|Facade|p2a: Rotom
|-damage|p2a: Rotom|0 fnt
|faint|p2a: Rotom
|
|-damage|p1a: Ursaluna|94/100 brn|[from] brn
|upkeep
|
|t:|1776061398
|switch|p2a: Mew|Mew|1/100
|turn|14
|
|t:|1776061411
|move|p2a: Mew|Knock Off|p1a: Ursaluna
|-damage|p1a: Ursaluna|84/100 brn
|-enditem|p1a: Ursaluna|Flame Orb|[from] move: Knock Off|[of] p2a: Mew
|move|p1a: Ursaluna|Facade|p2a: Mew
|-damage|p2a: Mew|0 fnt
|faint|p2a: Mew
|
|-damage|p1a: Ursaluna|78/100 brn|[from] brn
|upkeep
|
|t:|1776061421
|switch|p2a: Great Tusk|Great Tusk|100/100
|turn|15
|
|t:|1776061437
|move|p2a: Great Tusk|Headlong Rush|p1a: Ursaluna
|-damage|p1a: Ursaluna|51/100 brn
|-unboost|p2a: Great Tusk|def|1
|-unboost|p2a: Great Tusk|spd|1
|move|p1a: Ursaluna|Facade|p2a: Great Tusk
|-damage|p2a: Great Tusk|0 fnt
|faint|p2a: Great Tusk
|-end|p2a: Great Tusk|Protosynthesis|[silent]
|
|-damage|p1a: Ursaluna|45/100 brn|[from] brn
|upkeep
|
|t:|1776061451
|switch|p2a: Dragapult|Dragapult, M|16/100
|turn|16
|
|t:|1776061457
|move|p2a: Dragapult|Draco Meteor|p1a: Ursaluna
|-damage|p1a: Ursaluna|0 fnt
|-unboost|p2a: Dragapult|spa|2
|faint|p1a: Ursaluna
|
|upkeep
|
|t:|1776061474
|switch|p1a: Moltres|Moltres-Galar|100/100
|turn|17
|
|t:|1776061490
|move|p2a: Dragapult|Draco Meteor|p1a: Moltres|[miss]
|-miss|p2a: Dragapult|p1a: Moltres
|move|p1a: Moltres|Agility|p1a: Moltres
|-boost|p1a: Moltres|spe|2
|
|upkeep
|turn|18
|
|t:|1776061518
|move|p1a: Moltres|Nasty Plot|p1a: Moltres
|-boost|p1a: Moltres|spa|2
|move|p2a: Dragapult|Draco Meteor|p1a: Moltres
|-damage|p1a: Moltres|76/100
|-unboost|p2a: Dragapult|spa|2
|
|upkeep
|turn|19
|
|t:|1776061528
|move|p1a: Moltres|Fiery Wrath|p2a: Dragapult
|-supereffective|p2a: Dragapult
|-damage|p2a: Dragapult|0 fnt
|faint|p2a: Dragapult
|
|upkeep
|
|t:|1776061532
|switch|p2a: Kingambit|Kingambit, F|100/100
|-activate|p2a: Kingambit|ability: Supreme Overlord
|-start|p2a: Kingambit|fallen5|[silent]
|turn|20
|
|t:|1776061538
|move|p1a: Moltres|Fiery Wrath|p2a: Kingambit
|-resisted|p2a: Kingambit
|-damage|p2a: Kingambit|42/100
|move|p2a: Kingambit|Iron Head|p1a: Moltres
|-damage|p1a: Moltres|0 fnt
|faint|p1a: Moltres
|
|upkeep
|
|t:|1776061544
|switch|p1a: Pawmot|Pawmot, F|91/100
|turn|21
|
|t:|1776061563
|-terastallize|p2a: Kingambit|Flying
|move|p1a: Pawmot|Fake Out|p2a: Kingambit
|-damage|p2a: Kingambit|27/100
|-damage|p1a: Pawmot|81/100|[from] item: Life Orb
|cant|p2a: Kingambit|flinch
|
|upkeep
|turn|22
|
|t:|1776061577
|move|p1a: Pawmot|Thunder Punch|p2a: Kingambit
|-supereffective|p2a: Kingambit
|-damage|p2a: Kingambit|0 fnt
|faint|p2a: Kingambit
|-end|p2a: Kingambit|fallen5|[silent]
|-damage|p1a: Pawmot|71/100|[from] item: Life Orb
|
|win|BeefStewDude
|raw|BeefStewDude's rating: 1122 &rarr; <strong>1149</strong><br />(+27 for winning)
|raw|zewenshifu's rating: 1148 &rarr; <strong>1121</strong><br />(-27 for losing)
|l|☆zewenshifu
|player|p2|
|l|☆BeefStewDude
|player|p1|
