|html|<div class="broadcast-blue"><strong>[Gen 9] OU is currently suspecting Tera Blast! For information on how to participate check out the <a href="https://www.smogon.com/tools/suspects/view/200">suspect thread</a>.</strong></div>
|j|☆jackk33
|j|☆Galaxy-ice789
|t:|1776074936
|gametype|singles
|player|p1|jackk33|1|1204
|player|p2|Galaxy-ice789|cilan|1221
|gen|9
|tier|[Gen 9] OU
|rated|
|rule|HP Percentage Mod: HP is shown in percentages
|rule|Endless Battle Clause: Forcing endless battles is banned
|rule|Species Clause: Limit one of each Pokémon
|rule|OHKO Clause: OHKO moves are banned
|rule|Evasion Items Clause: Evasion items are banned
|rule|Evasion Moves Clause: Evasion moves are banned
|rule|Evasion Abilities Clause: Evasion abilities are banned
|rule|Sleep Moves Clause: Sleep-inducing moves are banned
|clearpoke
|poke|p1|Hatterene, F|
|poke|p1|Torkoal, F|
|poke|p1|Walking Wake|
|poke|p1|Great Tusk|
|poke|p1|Lilligant-Hisui, F|
|poke|p1|Iron Valiant|
|poke|p2|Keldeo-Resolute|
|poke|p2|Gastrodon, M|
|poke|p2|Bombirdier, F|
|poke|p2|Electrode-Hisui|
|poke|p2|Cinderace, F|
|poke|p2|Ambipom, F|
|teampreview
|j| TzKShyp
|inactive|Battle timer is ON: inactive players will automatically lose when time's up. (requested by jackk33)
|c|☆jackk33|Goodluck
|
|t:|1776074964
|teamsize|p1|6
|teamsize|p2|6
|start
|switch|p1a: Torkoal|Torkoal, F, shiny|100/100
|switch|p2a: Gary|Gastrodon, M, shiny|100/100
|-weather|SunnyDay|[from] ability: Drought|[of] p1a: Torkoal
|turn|1
|c|☆jackk33|Unique team
|
|t:|1776074984
|switch|p1a: Hatterene|Hatterene, F|100/100
|move|p2a: Gary|Earth Power|p1a: Hatterene
|-damage|p1a: Hatterene|63/100
|-enditem|p1a: Hatterene|Eject Button
|
|t:|1776074989
|switch|p1a: Lilligant|Lilligant-Hisui, F|100/100
|
|-weather|SunnyDay|[upkeep]
|upkeep
|turn|2
|
|t:|1776075005
|-terastallize|p2a: Gary|Fire
|move|p1a: Lilligant|Axe Kick|p2a: Gary
|-damage|p2a: Gary|24/100
|-start|p2a: Gary|confusion
|-damage|p1a: Lilligant|91/100|[from] item: Life Orb
|-activate|p2a: Gary|confusion
|move|p2a: Gary|Sludge Bomb|p1a: Lilligant
|-supereffective|p1a: Lilligant
|-damage|p1a: Lilligant|25/100
|-status|p1a: Lilligant|psn
|
|-weather|SunnyDay|[upkeep]
|-heal|p2a: Gary|30/100|[from] item: Leftovers
|-damage|p1a: Lilligant|13/100 psn|[from] psn
|upkeep
|turn|3
|
|t:|1776075022
|switch|p2a: Brandi|Bombirdier, F, shiny|100/100
|move|p1a: Lilligant|Axe Kick|p2a: Brandi
|-damage|p2a: Brandi|14/100
|-start|p2a: Brandi|confusion
|-damage|p1a: Lilligant|3/100 psn|[from] item: Life Orb
|
|-weather|SunnyDay|[upkeep]
|-damage|p1a: Lilligant|0 fnt|[from] psn
|faint|p1a: Lilligant
|upkeep
|
|t:|1776075032
|switch|p1a: Walking Wake|Walking Wake|100/100
|-activate|p1a: Walking Wake|ability: Protosynthesis
|-start|p1a: Walking Wake|protosynthesisspa
|turn|4
|inactive|jackk33 has 120 seconds left.
|
|t:|1776075049
|switch|p2a: Gary|Gastrodon, M, shiny, tera:Fire|30/100
|move|p1a: Walking Wake|Dragon Pulse|p2a: Gary
|-damage|p2a: Gary|0 fnt
|faint|p2a: Gary
|
|-weather|SunnyDay|[upkeep]
|upkeep
|
|t:|1776075058
|switch|p2a: Amy|Ambipom, F, shiny|100/100
|turn|5
|
|t:|1776075068
|-end|p1a: Walking Wake|Protosynthesis|[silent]
|switch|p1a: Hatterene|Hatterene, F|63/100
|move|p2a: Amy|Fake Out|p1a: Hatterene
|-damage|p1a: Hatterene|28/100
|-damage|p2a: Amy|91/100|[from] item: Life Orb
|
|-weather|SunnyDay|[upkeep]
|upkeep
|turn|6
|
|t:|1776075073
|move|p2a: Amy|Trailblaze|p1a: Hatterene
|-damage|p1a: Hatterene|0 fnt
|-boost|p2a: Amy|spe|1
|faint|p1a: Hatterene
|-damage|p2a: Amy|81/100|[from] item: Life Orb
|
|-weather|SunnyDay|[upkeep]
|upkeep
|
|t:|1776075082
|switch|p1a: Great Tusk|Great Tusk, shiny|100/100
|-activate|p1a: Great Tusk|ability: Protosynthesis
|-start|p1a: Great Tusk|protosynthesisatk
|turn|7
|
|t:|1776075087
|move|p2a: Amy|Triple Axel|p1a: Great Tusk
|-supereffective|p1a: Great Tusk
|-damage|p1a: Great Tusk|84/100
|-supereffective|p1a: Great Tusk
|-damage|p1a: Great Tusk|51/100
|-supereffective|p1a: Great Tusk
|-damage|p1a: Great Tusk|0 fnt
|faint|p1a: Great Tusk
|-end|p1a: Great Tusk|Protosynthesis|[silent]
|-hitcount|p1: Great Tusk|3
|-damage|p2a: Amy|71/100|[from] item: Life Orb
|
|-weather|SunnyDay|[upkeep]
|upkeep
|
|t:|1776075098
|switch|p1a: Iron Valiant|Iron Valiant|100/100
|-enditem|p1a: Iron Valiant|Booster Energy
|-activate|p1a: Iron Valiant|ability: Quark Drive|[fromitem]
|-start|p1a: Iron Valiant|quarkdrivespe
|turn|8
|
|t:|1776075103
|move|p1a: Iron Valiant|Close Combat|p2a: Amy
|-supereffective|p2a: Amy
|-damage|p2a: Amy|0 fnt
|-unboost|p1a: Iron Valiant|def|1
|-unboost|p1a: Iron Valiant|spd|1
|faint|p2a: Amy
|
|-weather|none
|upkeep
|
|t:|1776075108
|switch|p2a: Brandi|Bombirdier, F, shiny|14/100
|turn|9
|
|t:|1776075114
|move|p2a: Brandi|Sucker Punch|p1a: Iron Valiant
|-resisted|p1a: Iron Valiant
|-damage|p1a: Iron Valiant|83/100
|-damage|p2a: Brandi|5/100|[from] item: Life Orb
|move|p1a: Iron Valiant|Close Combat|p2a: Brandi
|-damage|p2a: Brandi|0 fnt
|-unboost|p1a: Iron Valiant|def|1
|-unboost|p1a: Iron Valiant|spd|1
|faint|p2a: Brandi
|
|upkeep
|
|t:|1776075118
|switch|p2a: Elen|Electrode-Hisui, shiny|100/100
|turn|10
|
|t:|1776075126
|-end|p1a: Iron Valiant|Quark Drive|[silent]
|switch|p1a: Torkoal|Torkoal, F, shiny|100/100
|-weather|SunnyDay|[from] ability: Drought|[of] p1a: Torkoal
|move|p2a: Elen|Discharge|p1a: Torkoal
|-damage|p1a: Torkoal|46/100
|-damage|p2a: Elen|91/100|[from] item: Life Orb
|
|-weather|SunnyDay|[upkeep]
|upkeep
|turn|11
|
|t:|1776075139
|move|p2a: Elen|Discharge|p1a: Torkoal
|-damage|p1a: Torkoal|0 fnt
|faint|p1a: Torkoal
|-damage|p2a: Elen|81/100|[from] item: Life Orb
|
|-weather|SunnyDay|[upkeep]
|upkeep
|
|t:|1776075150
|switch|p1a: Walking Wake|Walking Wake|100/100
|-activate|p1a: Walking Wake|ability: Protosynthesis
|-start|p1a: Walking Wake|protosynthesisspa
|turn|12
|
|t:|1776075158
|-terastallize|p1a: Walking Wake|Fairy
|move|p2a: Elen|Discharge|p1a: Walking Wake
|-damage|p1a: Walking Wake|57/100
|-status|p1a: Walking Wake|par
|-damage|p2a: Elen|71/100|[from] item: Life Orb
|move|p1a: Walking Wake|Flamethrower|p2a: Elen
|-supereffective|p2a: Elen
|-damage|p2a: Elen|0 fnt
|faint|p2a: Elen
|
|-weather|SunnyDay|[upkeep]
|upkeep
|
|t:|1776075171
|switch|p2a: Cinderela|Cinderace, F, shiny|100/100
|turn|13
|
|t:|1776075175
|move|p2a: Cinderela|Pyro Ball|p1a: Walking Wake
|-damage|p1a: Walking Wake|0 fnt
|faint|p1a: Walking Wake
|-end|p1a: Walking Wake|Protosynthesis|[silent]
|
|-weather|SunnyDay|[upkeep]
|upkeep
|
|t:|1776075180
|switch|p1a: Iron Valiant|Iron Valiant|83/100
|turn|14
|
|t:|1776075188
|move|p1a: Iron Valiant|Close Combat|p2a: Cinderela
|-damage|p2a: Cinderela|18/100
|-unboost|p1a: Iron Valiant|def|1
|-unboost|p1a: Iron Valiant|spd|1
|move|p2a: Cinderela|Pyro Ball|p1a: Iron Valiant|[miss]
|-miss|p2a: Cinderela|p1a: Iron Valiant
|
|-weather|SunnyDay|[upkeep]
|upkeep
|turn|15
|
|t:|1776075202
|move|p2a: Cinderela|Sucker Punch|p1a: Iron Valiant
|-start|p2a: Cinderela|typechange|Dark|[from] ability: Libero
|-resisted|p1a: Iron Valiant
|-damage|p1a: Iron Valiant|65/100
|move|p1a: Iron Valiant|Knock Off|p2a: Cinderela
|-resisted|p2a: Cinderela
|-damage|p2a: Cinderela|0 fnt
|-enditem|p2a: Cinderela|Heavy-Duty Boots|[from] move: Knock Off|[of] p1a: Iron Valiant
|faint|p2a: Cinderela
|
|-weather|SunnyDay|[upkeep]
|upkeep
|
|t:|1776075206
|switch|p2a: Kail|Keldeo-Resolute|100/100
|turn|16
|
|t:|1776075222
|move|p1a: Iron Valiant|Swords Dance|p1a: Iron Valiant
|-boost|p1a: Iron Valiant|atk|2
|move|p2a: Kail|Air Slash|p1a: Iron Valiant
|-supereffective|p1a: Iron Valiant
|-damage|p1a: Iron Valiant|0 fnt
|faint|p1a: Iron Valiant
|-end|p1a: Iron Valiant|Quark Drive|[silent]
|
|win|Galaxy-ice789
|raw|jackk33's rating: 1204 &rarr; <strong>1180</strong><br />(-24 for losing)
|raw|Galaxy-ice789's rating: 1221 &rarr; <strong>1245</strong><br />(+24 for winning)
|l|☆Galaxy-ice789
|player|p2|
|l| TzKShyp
|j| TzKShyp
|l| TzKShyp
