|html|<div class="broadcast-blue"><strong>[Gen 9] OU is currently suspecting Tera Blast! For information on how to participate check out the <a href="https://www.smogon.com/tools/suspects/view/200">suspect thread</a>.</strong></div>
|j|☆isekreemskoop
|j|☆Tapu Piibut
|t:|1776126595
|gametype|singles
|player|p1|isekreemskoop|waitress-gen4|1266
|player|p2|Tapu Piibut|1|1318
|gen|9
|tier|[Gen 9] OU
|rated|
|rule|HP Percentage Mod: HP is shown in percentages
|rule|Endless Battle Clause: Forcing endless battles is banned
|rule|Species Clause: Limit one of each Pokémon
|rule|OHKO Clause: OHKO moves are banned
|rule|Evasion Items Clause: Evasion items are banned
|rule|Evasion Moves Clause: Evasion moves are banned
|rule|Evasion Abilities Clause: Evasion abilities are banned
|rule|Sleep Moves Clause: Sleep-inducing moves are banned
|clearpoke
|poke|p1|Noivern, F|
|poke|p1|Gholdengo|
|poke|p1|Kingambit, M|
|poke|p1|Ogerpon-Wellspring, F|
|poke|p1|Ribombee, M|
|poke|p1|Great Tusk|
|poke|p2|Glimmora, F|
|poke|p2|Raging Bolt|
|poke|p2|Araquanid, M|
|poke|p2|Gholdengo|
|poke|p2|Gliscor, M|
|poke|p2|Iron Valiant|
|teampreview
|inactive|Battle timer is ON: inactive players will automatically lose when time's up. (requested by isekreemskoop)
|inactive|Tapu Piibut has 120 seconds left.
|
|t:|1776126627
|teamsize|p1|6
|teamsize|p2|6
|start
|switch|p1a: Ribombee|Ribombee, M|100/100
|switch|p2a: Araquanid|Araquanid, M|100/100
|turn|1
|
|t:|1776126636
|move|p1a: Ribombee|Sticky Web|p2a: Araquanid
|-sidestart|p2: Tapu Piibut|move: Sticky Web
|move|p2a: Araquanid|Sticky Web|p1a: Ribombee
|-sidestart|p1: isekreemskoop|move: Sticky Web
|
|upkeep
|turn|2
|
|t:|1776126643
|move|p1a: Ribombee|Stun Spore|p2a: Araquanid
|-status|p2a: Araquanid|par
|move|p2a: Araquanid|Liquidation|p1a: Ribombee
|-damage|p1a: Ribombee|12/100
|
|upkeep
|turn|3
|
|t:|1776126654
|move|p1a: Ribombee|U-turn|p2a: Araquanid
|-damage|p2a: Araquanid|90/100 par
|
|t:|1776126657
|switch|p1a: Ogerpon|Ogerpon-Wellspring, F|100/100|[from] U-turn
|-activate|p1a: Ogerpon|move: Sticky Web
|-unboost|p1a: Ogerpon|spe|1
|move|p2a: Araquanid|Leech Life|p1a: Ogerpon
|-supereffective|p1a: Ogerpon
|-damage|p1a: Ogerpon|51/100
|-heal|p2a: Araquanid|100/100 par|[from] drain|[of] p1a: Ogerpon
|
|upkeep
|turn|4
|
|t:|1776126667
|switch|p1a: Great Tusk|Great Tusk|100/100
|-activate|p1a: Great Tusk|move: Sticky Web
|-unboost|p1a: Great Tusk|spe|1
|move|p2a: Araquanid|Leech Life|p1a: Great Tusk
|-resisted|p1a: Great Tusk
|-damage|p1a: Great Tusk|94/100
|
|-heal|p1a: Great Tusk|100/100|[from] item: Leftovers
|upkeep
|turn|5
|
|t:|1776126687
|-terastallize|p2a: Araquanid|Ghost
|move|p1a: Great Tusk|Rapid Spin|p2a: Araquanid
|-immune|p2a: Araquanid
|cant|p2a: Araquanid|par
|
|upkeep
|turn|6
|
|t:|1776126699
|-end|p1a: Great Tusk|Protosynthesis|[silent]
|switch|p1a: Gholdengo|Gholdengo|100/100
|-activate|p1a: Gholdengo|move: Sticky Web
|-unboost|p1a: Gholdengo|spe|1
|move|p2a: Araquanid|Liquidation|p1a: Gholdengo
|-damage|p1a: Gholdengo|53/100
|
|-heal|p1a: Gholdengo|60/100|[from] item: Leftovers
|upkeep
|turn|7
|
|t:|1776126710
|move|p1a: Gholdengo|Shadow Ball|p2a: Araquanid
|-supereffective|p2a: Araquanid
|-damage|p2a: Araquanid|33/100 par
|move|p2a: Araquanid|Liquidation|p1a: Gholdengo
|-damage|p1a: Gholdengo|15/100
|-unboost|p1a: Gholdengo|def|1
|
|-heal|p1a: Gholdengo|21/100|[from] item: Leftovers
|upkeep
|turn|8
|inactive|Tapu Piibut has 120 seconds left.
|
|t:|1776126749
|move|p1a: Gholdengo|Shadow Ball|p2a: Araquanid
|-supereffective|p2a: Araquanid
|-damage|p2a: Araquanid|0 fnt
|faint|p2a: Araquanid
|
|-heal|p1a: Gholdengo|27/100|[from] item: Leftovers
|upkeep
|
|t:|1776126761
|switch|p2a: Gholdengo|Gholdengo|100/100
|-item|p2a: Gholdengo|Air Balloon
|turn|9
|inactive|Tapu Piibut has 90 seconds left.
|
|t:|1776126821
|switch|p1a: Kingambit|Kingambit, M|100/100
|-activate|p1a: Kingambit|move: Sticky Web
|-unboost|p1a: Kingambit|spe|1
|move|p2a: Gholdengo|Shadow Ball|p1a: Kingambit
|-resisted|p1a: Kingambit
|-damage|p1a: Kingambit|77/100
|
|upkeep
|turn|10
|inactive|isekreemskoop has 120 seconds left.
|
|t:|1776126847
|switch|p2a: Glimmora|Glimmora, F|100/100
|-activate|p2a: Glimmora|move: Sticky Web
|-unboost|p2a: Glimmora|spe|1
|move|p1a: Kingambit|Kowtow Cleave|p2a: Glimmora
|-damage|p2a: Glimmora|38/100
|-activate|p2a: Glimmora|ability: Toxic Debris
|-sidestart|p1: isekreemskoop|move: Toxic Spikes
|
|upkeep
|turn|11
|
|t:|1776126867
|move|p2a: Glimmora|Stealth Rock|p1a: Kingambit
|-sidestart|p1: isekreemskoop|move: Stealth Rock
|move|p1a: Kingambit|Kowtow Cleave|p2a: Glimmora
|-damage|p2a: Glimmora|0 fnt
|-activate|p2a: Glimmora|ability: Toxic Debris
|-sidestart|p1: isekreemskoop|move: Toxic Spikes
|faint|p2a: Glimmora
|
|upkeep
|inactive|Tapu Piibut has 60 seconds left.
|
|t:|1776126902
|switch|p2a: Iron Valiant|Iron Valiant|100/100
|-activate|p2a: Iron Valiant|move: Sticky Web
|-unboost|p2a: Iron Valiant|spe|1
|-enditem|p2a: Iron Valiant|Booster Energy
|-activate|p2a: Iron Valiant|ability: Quark Drive|[fromitem]
|-start|p2a: Iron Valiant|quarkdrivespa
|turn|12
|inactive|Tapu Piibut has 60 seconds left.
|
|t:|1776126913
|-end|p1a: Kingambit|fallenundefined|[silent]
|switch|p1a: Gholdengo|Gholdengo|27/100
|-activate|p1a: Gholdengo|move: Sticky Web
|-unboost|p1a: Gholdengo|spe|1
|-damage|p1a: Gholdengo|21/100|[from] Stealth Rock
|move|p2a: Iron Valiant|Vacuum Wave|p1a: Gholdengo
|-immune|p1a: Gholdengo
|
|-heal|p1a: Gholdengo|27/100|[from] item: Leftovers
|upkeep
|turn|13
|inactive|isekreemskoop has 90 seconds left.
|inactive|isekreemskoop has 60 seconds left.
|
|t:|1776126975
|switch|p1a: Great Tusk|Great Tusk|100/100
|-activate|p1a: Great Tusk|move: Sticky Web
|-unboost|p1a: Great Tusk|spe|1
|-status|p1a: Great Tusk|tox
|-damage|p1a: Great Tusk|97/100 tox|[from] Stealth Rock
|move|p2a: Iron Valiant|Shadow Ball|p1a: Great Tusk
|-damage|p1a: Great Tusk|53/100 tox
|
|-heal|p1a: Great Tusk|60/100 tox|[from] item: Leftovers
|-damage|p1a: Great Tusk|53/100 tox|[from] psn
|upkeep
|turn|14
|inactive|isekreemskoop has 60 seconds left.
|inactive|Tapu Piibut has 60 seconds left.
|
|t:|1776127009
|move|p2a: Iron Valiant|Moonblast|p1a: Great Tusk
|-supereffective|p1a: Great Tusk
|-damage|p1a: Great Tusk|0 fnt
|faint|p1a: Great Tusk
|-end|p1a: Great Tusk|Protosynthesis|[silent]
|
|upkeep
|
|t:|1776127034
|switch|p1a: Ogerpon|Ogerpon-Wellspring, F|51/100
|-activate|p1a: Ogerpon|move: Sticky Web
|-unboost|p1a: Ogerpon|spe|1
|-status|p1a: Ogerpon|tox
|-damage|p1a: Ogerpon|38/100 tox|[from] Stealth Rock
|turn|15
|inactive|Tapu Piibut has 60 seconds left.
|
|t:|1776127054
|move|p2a: Iron Valiant|Moonblast|p1a: Ogerpon
|-damage|p1a: Ogerpon|0 fnt
|faint|p1a: Ogerpon
|
|upkeep
|
|t:|1776127069
|switch|p1a: Ribombee|Ribombee, M|12/100
|-activate|p1a: Ribombee|move: Sticky Web
|-unboost|p1a: Ribombee|spe|1
|-status|p1a: Ribombee|tox
|-damage|p1a: Ribombee|0 fnt|[from] Stealth Rock
|faint|p1a: Ribombee
|-message|isekreemskoop forfeited.
|
|win|Tapu Piibut
|raw|isekreemskoop's rating: 1266 &rarr; <strong>1245</strong><br />(-21 for losing)
|raw|Tapu Piibut's rating: 1318 &rarr; <strong>1335</strong><br />(+17 for winning)
