|html|<div class="broadcast-blue"><strong>[Gen 9] OU is currently suspecting Tera Blast! For information on how to participate check out the <a href="https://www.smogon.com/tools/suspects/view/200">suspect thread</a>.</strong></div>
|j|☆beastguyv
|j|☆Guccigooch
|t:|1776104172
|gametype|singles
|player|p1|beastguyv|1|1142
|player|p2|Guccigooch|266|1139
|gen|9
|tier|[Gen 9] OU
|rated|
|rule|HP Percentage Mod: HP is shown in percentages
|rule|Endless Battle Clause: Forcing endless battles is banned
|rule|Species Clause: Limit one of each Pokémon
|rule|OHKO Clause: OHKO moves are banned
|rule|Evasion Items Clause: Evasion items are banned
|rule|Evasion Moves Clause: Evasion moves are banned
|rule|Evasion Abilities Clause: Evasion abilities are banned
|rule|Sleep Moves Clause: Sleep-inducing moves are banned
|clearpoke
|poke|p1|Zamazenta-*|
|poke|p1|Kyurem|
|poke|p1|Kingambit, M|
|poke|p1|Ceruledge, M|
|poke|p1|Walking Wake|
|poke|p1|Ogerpon-Cornerstone, F|
|poke|p2|Tornadus-Therian, M|
|poke|p2|Corviknight, F|
|poke|p2|Iron Jugulis|
|poke|p2|Braviary, M|
|poke|p2|Flamigo, M|
|poke|p2|Moltres-Galar|
|teampreview
|inactive|Battle timer is ON: inactive players will automatically lose when time's up. (requested by beastguyv)
|
|t:|1776104189
|teamsize|p1|6
|teamsize|p2|6
|start
|switch|p1a: Kyurem|Kyurem|100/100
|switch|p2a: Iron Jugulis|Iron Jugulis|100/100
|-ability|p1a: Kyurem|Pressure
|turn|1
|
|t:|1776104198
|move|p2a: Iron Jugulis|Meteor Beam||[still]
|-prepare|p2a: Iron Jugulis|Meteor Beam
|-boost|p2a: Iron Jugulis|spa|1
|-enditem|p2a: Iron Jugulis|Power Herb
|-anim|p2a: Iron Jugulis|Meteor Beam|p1a: Kyurem
|-supereffective|p1a: Kyurem
|-damage|p1a: Kyurem|0 fnt
|faint|p1a: Kyurem
|
|upkeep
|
|t:|1776104216
|switch|p1a: Zamazenta|Zamazenta|100/100
|-ability|p1a: Zamazenta|Dauntless Shield|boost
|-boost|p1a: Zamazenta|def|1
|turn|2
|
|t:|1776104221
|move|p2a: Iron Jugulis|Air Slash|p1a: Zamazenta
|-supereffective|p1a: Zamazenta
|-damage|p1a: Zamazenta|9/100
|move|p1a: Zamazenta|Roar|p2a: Iron Jugulis
|-end|p2a: Iron Jugulis|Quark Drive|[silent]
|drag|p2a: Braviary|Braviary, M|100/100
|
|-heal|p1a: Zamazenta|15/100|[from] item: Leftovers
|upkeep
|turn|3
|
|t:|1776104232
|move|p1a: Zamazenta|Body Press|p2a: Braviary
|-damage|p2a: Braviary|12/100
|move|p2a: Braviary|Iron Head|p1a: Zamazenta
|-damage|p1a: Zamazenta|0 fnt
|faint|p1a: Zamazenta
|
|upkeep
|
|t:|1776104239
|switch|p1a: Ceruledge|Ceruledge, M|100/100
|turn|4
|
|t:|1776104259
|move|p1a: Ceruledge|Bitter Blade|p2a: Braviary
|-damage|p2a: Braviary|0 fnt
|faint|p2a: Braviary
|
|upkeep
|
|t:|1776104276
|switch|p2a: Iron Jugulis|Iron Jugulis|100/100
|turn|5
|
|t:|1776104286
|-terastallize|p1a: Ceruledge|Fire
|move|p2a: Iron Jugulis|Dark Pulse|p1a: Ceruledge
|-damage|p1a: Ceruledge|50/100
|move|p1a: Ceruledge|Bitter Blade|p2a: Iron Jugulis
|-damage|p2a: Iron Jugulis|28/100
|-heal|p1a: Ceruledge|91/100|[from] drain|[of] p2a: Iron Jugulis
|
|upkeep
|turn|6
|
|t:|1776104304
|move|p2a: Iron Jugulis|Dark Pulse|p1a: Ceruledge
|-damage|p1a: Ceruledge|40/100
|move|p1a: Ceruledge|Bitter Blade|p2a: Iron Jugulis
|-damage|p2a: Iron Jugulis|0 fnt
|-heal|p1a: Ceruledge|56/100|[from] drain|[of] p2a: Iron Jugulis
|faint|p2a: Iron Jugulis
|-end|p2a: Iron Jugulis|Quark Drive|[silent]
|
|upkeep
|
|t:|1776104313
|switch|p2a: Flamigo|Flamigo, M|100/100
|turn|7
|
|t:|1776104320
|move|p2a: Flamigo|Liquidation|p1a: Ceruledge
|-supereffective|p1a: Ceruledge
|-damage|p1a: Ceruledge|0 fnt
|faint|p1a: Ceruledge
|
|upkeep
|
|t:|1776104329
|switch|p1a: Walking Wake|Walking Wake|100/100
|-enditem|p1a: Walking Wake|Booster Energy
|-activate|p1a: Walking Wake|ability: Protosynthesis|[fromitem]
|-start|p1a: Walking Wake|protosynthesisspa
|turn|8
|
|t:|1776104347
|switch|p2a: Tornadus|Tornadus-Therian, M|100/100
|move|p1a: Walking Wake|Hydro Steam|p2a: Tornadus
|-damage|p2a: Tornadus|34/100
|-enditem|p2a: Tornadus|Sitrus Berry|[eat]
|-heal|p2a: Tornadus|59/100|[from] item: Sitrus Berry
|
|upkeep
|turn|9
|
|t:|1776104366
|move|p2a: Tornadus|Bleakwind Storm|p1a: Walking Wake
|-damage|p1a: Walking Wake|44/100
|-unboost|p1a: Walking Wake|spe|1
|move|p1a: Walking Wake|Hydro Steam|p2a: Tornadus
|-damage|p2a: Tornadus|0 fnt
|faint|p2a: Tornadus
|
|upkeep
|
|t:|1776104377
|switch|p2a: Flamigo|Flamigo, M|100/100
|turn|10
|
|t:|1776104381
|move|p2a: Flamigo|Acrobatics|p1a: Walking Wake
|-damage|p1a: Walking Wake|0 fnt
|faint|p1a: Walking Wake
|-end|p1a: Walking Wake|Protosynthesis|[silent]
|
|upkeep
|
|t:|1776104385
|switch|p1a: Ogerpon|Ogerpon-Cornerstone, F|100/100
|turn|11
|
|t:|1776104389
|move|p1a: Ogerpon|Ivy Cudgel|p2a: Flamigo|[anim] Ivy Cudgel Rock
|-damage|p2a: Flamigo|23/100
|move|p2a: Flamigo|Close Combat|p1a: Ogerpon
|-supereffective|p1a: Ogerpon
|-ability|p1a: Ogerpon|Sturdy
|-damage|p1a: Ogerpon|1/100
|-unboost|p2a: Flamigo|def|1
|-unboost|p2a: Flamigo|spd|1
|
|upkeep
|turn|12
|
|t:|1776104404
|move|p1a: Ogerpon|Ivy Cudgel|p2a: Flamigo|[anim] Ivy Cudgel Rock
|-damage|p2a: Flamigo|0 fnt
|faint|p2a: Flamigo
|
|upkeep
|
|t:|1776104410
|switch|p2a: Moltres|Moltres-Galar|100/100
|turn|13
|
|t:|1776104416
|-terastallize|p2a: Moltres|Dark
|move|p1a: Ogerpon|Ivy Cudgel|p2a: Moltres|[anim] Ivy Cudgel Rock
|-damage|p2a: Moltres|36/100
|-ability|p2a: Moltres|Berserk|boost
|-boost|p2a: Moltres|spa|1
|move|p2a: Moltres|Ancient Power|p1a: Ogerpon
|-damage|p1a: Ogerpon|0 fnt
|faint|p1a: Ogerpon
|
|upkeep
|
|t:|1776104422
|switch|p1a: Kingambit|Kingambit, M|100/100
|-activate|p1a: Kingambit|ability: Supreme Overlord
|-start|p1a: Kingambit|fallen5|[silent]
|turn|14
|
|t:|1776104431
|move|p2a: Moltres|Fiery Wrath|p1a: Kingambit
|-resisted|p1a: Kingambit
|-damage|p1a: Kingambit|59/100
|move|p1a: Kingambit|Low Kick|p2a: Moltres
|-supereffective|p2a: Moltres
|-damage|p2a: Moltres|0 fnt
|faint|p2a: Moltres
|
|upkeep
|
|t:|1776104440
|switch|p2a: Corviknight|Corviknight, F|100/100
|turn|15
|
|t:|1776104445
|move|p1a: Kingambit|Kowtow Cleave|p2a: Corviknight
|-damage|p2a: Corviknight|36/100
|move|p2a: Corviknight|Iron Defense|p2a: Corviknight
|-boost|p2a: Corviknight|def|2
|
|-heal|p2a: Corviknight|43/100|[from] item: Leftovers
|upkeep
|turn|16
|
|t:|1776104453
|move|p1a: Kingambit|Kowtow Cleave|p2a: Corviknight
|-damage|p2a: Corviknight|13/100
|move|p2a: Corviknight|Body Press|p1a: Kingambit
|-supereffective|p1a: Kingambit
|-damage|p1a: Kingambit|0 fnt
|faint|p1a: Kingambit
|-end|p1a: Kingambit|fallen5|[silent]
|
|win|Guccigooch
|raw|beastguyv's rating: 1142 &rarr; <strong>1117</strong><br />(-25 for losing)
|raw|Guccigooch's rating: 1139 &rarr; <strong>1164</strong><br />(+25 for winning)
|c|☆Guccigooch|Gg
|l|☆beastguyv
|player|p1|
|l|☆Guccigooch
|player|p2|
