|html|<div class="broadcast-blue"><strong>[Gen 9] OU is currently suspecting Tera Blast! For information on how to participate check out the <a href="https://www.smogon.com/tools/suspects/view/200">suspect thread</a>.</strong></div>
|j|☆vampiregreg
|j|☆treeshhhh
|t:|1776336155
|gametype|singles
|player|p1|vampiregreg|2|1495
|player|p2|treeshhhh|169|1578
|gen|9
|tier|[Gen 9] OU
|rated|
|rule|HP Percentage Mod: HP is shown in percentages
|rule|Endless Battle Clause: Forcing endless battles is banned
|rule|Species Clause: Limit one of each Pokémon
|rule|OHKO Clause: OHKO moves are banned
|rule|Evasion Items Clause: Evasion items are banned
|rule|Evasion Moves Clause: Evasion moves are banned
|rule|Evasion Abilities Clause: Evasion abilities are banned
|rule|Sleep Moves Clause: Sleep-inducing moves are banned
|clearpoke
|poke|p1|Great Tusk|
|poke|p1|Hatterene, F|
|poke|p1|Kingambit, F|
|poke|p1|Moltres|
|poke|p1|Raging Bolt|
|poke|p1|Ogerpon-Wellspring, F|
|poke|p2|Slowking-Galar, M|
|poke|p2|Tornadus-Therian, M|
|poke|p2|Cinderace, F|
|poke|p2|Lokix, F|
|poke|p2|Hydrapple, F|
|poke|p2|Great Tusk|
|teampreview
|
|t:|1776336168
|teamsize|p1|6
|teamsize|p2|6
|start
|switch|p1a: Raging Bolt|Raging Bolt|100/100
|switch|p2a: Tornadus|Tornadus-Therian, M|100/100
|turn|1
|
|t:|1776336177
|move|p2a: Tornadus|Knock Off|p1a: Raging Bolt
|-damage|p1a: Raging Bolt|84/100
|-enditem|p1a: Raging Bolt|Choice Specs|[from] move: Knock Off|[of] p2a: Tornadus
|move|p1a: Raging Bolt|Draco Meteor|p2a: Tornadus|[miss]
|-miss|p1a: Raging Bolt|p2a: Tornadus
|
|upkeep
|turn|2
|
|t:|1776336188
|move|p2a: Tornadus|U-turn|p1a: Raging Bolt
|-damage|p1a: Raging Bolt|73/100
|
|t:|1776336191
|switch|p2a: Slowking|Slowking-Galar, M|100/100|[from] U-turn
|move|p1a: Raging Bolt|Volt Switch|p2a: Slowking
|-damage|p2a: Slowking|69/100
|
|t:|1776336197
|-end|p1a: Raging Bolt|Protosynthesis|[silent]
|switch|p1a: Kingambit|Kingambit, F|100/100|[from] Volt Switch
|
|upkeep
|turn|3
|
|t:|1776336202
|-end|p1a: Kingambit|fallenundefined|[silent]
|switch|p1a: Raging Bolt|Raging Bolt|73/100
|switch|p2a: Great Tusk|Great Tusk|100/100
|
|upkeep
|turn|4
|
|t:|1776336209
|move|p2a: Great Tusk|Earthquake|p1a: Raging Bolt
|-supereffective|p1a: Raging Bolt
|-damage|p1a: Raging Bolt|0 fnt
|faint|p1a: Raging Bolt
|-end|p1a: Raging Bolt|Protosynthesis|[silent]
|
|upkeep
|
|t:|1776336215
|switch|p1a: Moltres|Moltres|100/100
|turn|5
|
|t:|1776336226
|-end|p2a: Great Tusk|Protosynthesis|[silent]
|switch|p2a: Cinderace|Cinderace, F|100/100
|move|p1a: Moltres|Will-O-Wisp|p2a: Cinderace|[miss]
|-miss|p1a: Moltres|p2a: Cinderace
|
|upkeep
|turn|6
|
|t:|1776336234
|move|p2a: Cinderace|U-turn|p1a: Moltres
|-start|p2a: Cinderace|typechange|Bug|[from] ability: Libero
|-resisted|p1a: Moltres
|-damage|p1a: Moltres|96/100
|-status|p2a: Cinderace|brn|[from] ability: Flame Body|[of] p1a: Moltres
|
|t:|1776336245
|switch|p2a: Tornadus|Tornadus-Therian, M|100/100|[from] U-turn
|move|p1a: Moltres|U-turn|p2a: Tornadus
|-resisted|p2a: Tornadus
|-damage|p2a: Tornadus|92/100
|
|t:|1776336256
|switch|p1a: Hatterene|Hatterene, F|100/100|[from] U-turn
|
|upkeep
|turn|7
|
|t:|1776336261
|move|p2a: Tornadus|Knock Off|p1a: Hatterene
|-damage|p1a: Hatterene|83/100
|-enditem|p1a: Hatterene|Leftovers|[from] move: Knock Off|[of] p2a: Tornadus
|move|p1a: Hatterene|Nuzzle|p2a: Tornadus
|-supereffective|p2a: Tornadus
|-damage|p2a: Tornadus|82/100
|-status|p2a: Tornadus|par
|
|upkeep
|turn|8
|
|t:|1776336265
|move|p2a: Tornadus|U-turn|p1a: Hatterene
|-damage|p1a: Hatterene|71/100
|
|t:|1776336271
|switch|p2a: Slowking|Slowking-Galar, M|100/100|[from] U-turn
|move|p1a: Hatterene|Psychic Noise|p2a: Slowking
|-damage|p2a: Slowking|75/100
|-start|p2a: Slowking|move: Heal Block
|
|upkeep
|turn|9
|
|t:|1776336277
|move|p1a: Hatterene|Nuzzle|p2a: Slowking
|-damage|p2a: Slowking|72/100
|-status|p2a: Slowking|par
|cant|p2a: Slowking|par
|
|-end|p2a: Slowking|move: Heal Block
|upkeep
|turn|10
|
|t:|1776336282
|move|p1a: Hatterene|Psychic Noise|p2a: Slowking
|-damage|p2a: Slowking|47/100 par
|-start|p2a: Slowking|move: Heal Block
|-prepare|p2a: Slowking|Chilly Reception|[premajor]
|move|p2a: Slowking|Chilly Reception|p2a: Slowking
|-weather|Snowscape
|
|t:|1776336291
|switch|p2a: Lokix|Lokix, F|100/100|[from] Chilly Reception
|
|-weather|Snowscape|[upkeep]
|upkeep
|turn|11
|
|t:|1776336296
|switch|p1a: Moltres|Moltres|96/100
|move|p2a: Lokix|U-turn|p1a: Moltres
|-resisted|p1a: Moltres
|-damage|p1a: Moltres|79/100
|
|t:|1776336309
|switch|p2a: Hydrapple|Hydrapple, F|100/100|[from] U-turn
|
|-weather|Snowscape|[upkeep]
|upkeep
|turn|12
|
|t:|1776336315
|move|p1a: Moltres|U-turn|p2a: Hydrapple
|-supereffective|p2a: Hydrapple
|-damage|p2a: Hydrapple|77/100
|
|t:|1776336318
|switch|p1a: Hatterene|Hatterene, F|71/100|[from] U-turn
|move|p2a: Hydrapple|Fickle Beam|p1a: Hatterene
|-immune|p1a: Hatterene
|
|-weather|Snowscape|[upkeep]
|upkeep
|turn|13
|
|t:|1776336323
|move|p2a: Hydrapple|Leaf Storm|p1a: Hatterene
|-damage|p1a: Hatterene|0 fnt
|-unboost|p2a: Hydrapple|spa|2
|faint|p1a: Hatterene
|-damage|p2a: Hydrapple|68/100|[from] item: Life Orb
|
|-weather|Snowscape|[upkeep]
|upkeep
|
|t:|1776336328
|switch|p1a: Kingambit|Kingambit, F|100/100
|-activate|p1a: Kingambit|ability: Supreme Overlord
|-start|p1a: Kingambit|fallen2|[silent]
|turn|14
|
|t:|1776336336
|switch|p2a: Great Tusk|Great Tusk|100/100
|move|p1a: Kingambit|Swords Dance|p1a: Kingambit
|-boost|p1a: Kingambit|atk|2
|
|-weather|none
|upkeep
|turn|15
|
|t:|1776336340
|-terastallize|p1a: Kingambit|Dark
|move|p2a: Great Tusk|Earthquake|p1a: Kingambit
|-damage|p1a: Kingambit|66/100
|move|p1a: Kingambit|Iron Head|p2a: Great Tusk
|-damage|p2a: Great Tusk|26/100
|-damage|p1a: Kingambit|50/100|[from] item: Rocky Helmet|[of] p2a: Great Tusk
|
|upkeep
|turn|16
|
|t:|1776336353
|move|p1a: Kingambit|Sucker Punch||[still]
|-fail|p1a: Kingambit
|move|p2a: Great Tusk|Stealth Rock|p1a: Kingambit
|-sidestart|p1: vampiregreg|move: Stealth Rock
|
|upkeep
|turn|17
|
|t:|1776336359
|-end|p2a: Great Tusk|Protosynthesis|[silent]
|switch|p2a: Cinderace|Cinderace, F|100/100 brn
|move|p1a: Kingambit|Sucker Punch||[still]
|-fail|p1a: Kingambit
|
|-damage|p2a: Cinderace|94/100 brn|[from] brn
|upkeep
|turn|18
|
|t:|1776336362
|-end|p1a: Kingambit|fallen2|[silent]
|switch|p1a: Moltres|Moltres|79/100
|move|p2a: Cinderace|Will-O-Wisp|p1a: Moltres
|-immune|p1a: Moltres
|
|-damage|p2a: Cinderace|88/100 brn|[from] brn
|upkeep
|turn|19
|
|t:|1776336369
|move|p2a: Cinderace|U-turn|p1a: Moltres
|-start|p2a: Cinderace|typechange|Bug|[from] ability: Libero
|-resisted|p1a: Moltres
|-damage|p1a: Moltres|77/100
|
|t:|1776336372
|switch|p2a: Tornadus|Tornadus-Therian, M|100/100 par|[from] U-turn
|move|p1a: Moltres|Flamethrower|p2a: Tornadus
|-damage|p2a: Tornadus|82/100 par
|
|upkeep
|turn|20
|
|t:|1776336381
|move|p1a: Moltres|U-turn|p2a: Tornadus
|-resisted|p2a: Tornadus
|-damage|p2a: Tornadus|73/100 par
|
|t:|1776336384
|switch|p1a: Kingambit|Kingambit, F, tera:Dark|50/100|[from] U-turn
|-damage|p1a: Kingambit|37/100|[from] Stealth Rock
|-activate|p1a: Kingambit|ability: Supreme Overlord
|-start|p1a: Kingambit|fallen2|[silent]
|move|p2a: Tornadus|Knock Off|p1a: Kingambit
|-resisted|p1a: Kingambit
|-damage|p1a: Kingambit|29/100
|-enditem|p1a: Kingambit|Black Glasses|[from] move: Knock Off|[of] p2a: Tornadus
|
|upkeep
|turn|21
|
|t:|1776336396
|move|p1a: Kingambit|Iron Head|p2a: Tornadus
|-damage|p2a: Tornadus|12/100 par
|cant|p2a: Tornadus|par
|
|upkeep
|turn|22
|
|t:|1776336402
|switch|p2a: Great Tusk|Great Tusk|26/100
|move|p1a: Kingambit|Kowtow Cleave|p2a: Great Tusk
|-resisted|p2a: Great Tusk
|-damage|p2a: Great Tusk|2/100
|-damage|p1a: Kingambit|13/100|[from] item: Rocky Helmet|[of] p2a: Great Tusk
|
|upkeep
|turn|23
|
|t:|1776336409
|move|p1a: Kingambit|Sucker Punch|p2a: Great Tusk
|-resisted|p2a: Great Tusk
|-damage|p2a: Great Tusk|0 fnt
|-damage|p1a: Kingambit|0 fnt|[from] item: Rocky Helmet|[of] p2a: Great Tusk
|faint|p2a: Great Tusk
|-end|p2a: Great Tusk|Protosynthesis|[silent]
|faint|p1a: Kingambit
|-end|p1a: Kingambit|fallen2|[silent]
|
|upkeep
|
|t:|1776336419
|switch|p2a: Hydrapple|Hydrapple, F|100/100
|switch|p1a: Great Tusk|Great Tusk|100/100
|-damage|p1a: Great Tusk|97/100|[from] Stealth Rock
|turn|24
|
|t:|1776336428
|-end|p1a: Great Tusk|Protosynthesis|[silent]
|switch|p1a: Moltres|Moltres|77/100
|move|p2a: Hydrapple|Leaf Storm|p1a: Moltres
|-resisted|p1a: Moltres
|-damage|p1a: Moltres|53/100
|-unboost|p2a: Hydrapple|spa|2
|-damage|p2a: Hydrapple|91/100|[from] item: Life Orb
|
|upkeep
|turn|25
|
|t:|1776336433
|switch|p2a: Tornadus|Tornadus-Therian, M|45/100 par
|move|p1a: Moltres|U-turn|p2a: Tornadus
|-resisted|p2a: Tornadus
|-damage|p2a: Tornadus|37/100 par
|
|t:|1776336436
|switch|p1a: Great Tusk|Great Tusk|97/100|[from] U-turn
|-damage|p1a: Great Tusk|94/100|[from] Stealth Rock
|
|upkeep
|turn|26
|
|t:|1776336441
|switch|p2a: Cinderace|Cinderace, F|88/100 brn
|move|p1a: Great Tusk|Rapid Spin|p2a: Cinderace
|-damage|p2a: Cinderace|69/100 brn
|-boost|p1a: Great Tusk|spe|1
|-sideend|p1: vampiregreg|Stealth Rock|[from] move: Rapid Spin|[of] p1a: Great Tusk
|
|-damage|p2a: Cinderace|63/100 brn|[from] brn
|upkeep
|turn|27
|
|t:|1776336451
|switch|p2a: Tornadus|Tornadus-Therian, M|70/100 par
|move|p1a: Great Tusk|Headlong Rush|p2a: Tornadus
|-immune|p2a: Tornadus
|
|upkeep
|turn|28
|
|t:|1776336456
|move|p1a: Great Tusk|Ice Spinner|p2a: Tornadus
|-supereffective|p2a: Tornadus
|-damage|p2a: Tornadus|21/100 par
|move|p2a: Tornadus|Bleakwind Storm|p1a: Great Tusk|[miss]
|-miss|p2a: Tornadus|p1a: Great Tusk
|
|upkeep
|turn|29
|
|t:|1776336490
|-terastallize|p2a: Tornadus|Ice
|move|p1a: Great Tusk|Ice Spinner|p2a: Tornadus
|-resisted|p2a: Tornadus
|-crit|p2a: Tornadus
|-damage|p2a: Tornadus|2/100 par
|move|p2a: Tornadus|Bleakwind Storm|p1a: Great Tusk
|-supereffective|p1a: Great Tusk
|-damage|p1a: Great Tusk|46/100
|
|upkeep
|turn|30
|
|t:|1776336516
|move|p1a: Great Tusk|Rapid Spin|p2a: Tornadus
|-damage|p2a: Tornadus|0 fnt
|-boost|p1a: Great Tusk|spe|1
|faint|p2a: Tornadus
|
|upkeep
|
|t:|1776336518
|switch|p2a: Lokix|Lokix, F|100/100
|turn|31
|
|t:|1776336529
|-end|p1a: Great Tusk|Protosynthesis|[silent]
|switch|p1a: Moltres|Moltres|53/100
|move|p2a: Lokix|Knock Off|p1a: Moltres
|-damage|p1a: Moltres|6/100
|-status|p2a: Lokix|brn|[from] ability: Flame Body|[of] p1a: Moltres
|-enditem|p1a: Moltres|Heavy-Duty Boots|[from] move: Knock Off|[of] p2a: Lokix
|
|-damage|p2a: Lokix|94/100 brn|[from] brn
|upkeep
|turn|32
|
|t:|1776336536
|move|p2a: Lokix|Knock Off|p1a: Moltres
|-damage|p1a: Moltres|0 fnt
|faint|p1a: Moltres
|
|-damage|p2a: Lokix|88/100 brn|[from] brn
|upkeep
|
|t:|1776336540
|switch|p1a: Ogerpon|Ogerpon-Wellspring, F|100/100
|turn|33
|
|t:|1776336598
|switch|p2a: Slowking|Slowking-Galar, M|80/100 par
|move|p1a: Ogerpon|Swords Dance|p1a: Ogerpon
|-boost|p1a: Ogerpon|atk|2
|
|upkeep
|turn|34
|
|t:|1776336617
|move|p1a: Ogerpon|Ivy Cudgel|p2a: Slowking|[anim] Ivy Cudgel Water
|-damage|p2a: Slowking|0 fnt
|faint|p2a: Slowking
|
|upkeep
|
|t:|1776336621
|switch|p2a: Lokix|Lokix, F|88/100 brn
|turn|35
|
|t:|1776336627
|move|p2a: Lokix|First Impression|p1a: Ogerpon
|-supereffective|p1a: Ogerpon
|-damage|p1a: Ogerpon|12/100
|move|p1a: Ogerpon|Ivy Cudgel|p2a: Lokix|[anim] Ivy Cudgel Water
|-damage|p2a: Lokix|0 fnt
|faint|p2a: Lokix
|
|upkeep
|
|t:|1776336638
|switch|p2a: Cinderace|Cinderace, F|63/100 brn
|turn|36
|
|t:|1776336646
|switch|p1a: Great Tusk|Great Tusk|46/100
|move|p2a: Cinderace|U-turn|p1a: Great Tusk
|-start|p2a: Cinderace|typechange|Bug|[from] ability: Libero
|-resisted|p1a: Great Tusk
|-damage|p1a: Great Tusk|42/100
|
|t:|1776336652
|switch|p2a: Hydrapple|Hydrapple, F|100/100|[from] U-turn
|
|upkeep
|turn|37
|
|t:|1776336663
|move|p1a: Great Tusk|Ice Spinner|p2a: Hydrapple
|-supereffective|p2a: Hydrapple
|-damage|p2a: Hydrapple|30/100
|move|p2a: Hydrapple|Fickle Beam|p1a: Great Tusk
|-damage|p1a: Great Tusk|9/100
|-damage|p2a: Hydrapple|20/100|[from] item: Life Orb
|
|upkeep
|turn|38
|
|t:|1776336677
|move|p1a: Great Tusk|Headlong Rush|p2a: Hydrapple
|-resisted|p2a: Hydrapple
|-damage|p2a: Hydrapple|0 fnt
|-unboost|p1a: Great Tusk|def|1
|-unboost|p1a: Great Tusk|spd|1
|faint|p2a: Hydrapple
|
|upkeep
|
|t:|1776336680
|switch|p2a: Cinderace|Cinderace, F|63/100 brn
|turn|39
|
|t:|1776336690
|move|p2a: Cinderace|Pyro Ball|p1a: Great Tusk
|-damage|p1a: Great Tusk|0 fnt
|faint|p1a: Great Tusk
|-end|p1a: Great Tusk|Protosynthesis|[silent]
|
|-damage|p2a: Cinderace|57/100 brn|[from] brn
|upkeep
|
|t:|1776336693
|switch|p1a: Ogerpon|Ogerpon-Wellspring, F|12/100
|turn|40
|
|t:|1776336698
|move|p2a: Cinderace|U-turn|p1a: Ogerpon
|-start|p2a: Cinderace|typechange|Bug|[from] ability: Libero
|-supereffective|p1a: Ogerpon
|-crit|p1a: Ogerpon
|-damage|p1a: Ogerpon|0 fnt
|faint|p1a: Ogerpon
|
|win|treeshhhh
|raw|vampiregreg's rating: 1495 &rarr; <strong>1480</strong><br />(-15 for losing)
|raw|treeshhhh's rating: 1578 &rarr; <strong>1593</strong><br />(+15 for winning)
|l|☆vampiregreg
|player|p1|
