|html|<div class="broadcast-blue"><strong>[Gen 9] OU is currently suspecting Tera Blast! For information on how to participate check out the <a href="https://www.smogon.com/tools/suspects/view/200">suspect thread</a>.</strong></div>
|j|☆twoflowersluggage
|j|☆kopv18
|t:|1776031795
|gametype|singles
|player|p1|twoflowersluggage|pokefan-gen6|1576
|player|p2|kopv18|bugcatcher-gen4dp|1518
|gen|9
|tier|[Gen 9] OU
|rated|
|rule|HP Percentage Mod: HP is shown in percentages
|rule|Endless Battle Clause: Forcing endless battles is banned
|rule|Species Clause: Limit one of each Pokémon
|rule|OHKO Clause: OHKO moves are banned
|rule|Evasion Items Clause: Evasion items are banned
|rule|Evasion Moves Clause: Evasion moves are banned
|rule|Evasion Abilities Clause: Evasion abilities are banned
|rule|Sleep Moves Clause: Sleep-inducing moves are banned
|clearpoke
|poke|p1|Zamazenta-*|
|poke|p1|Kyurem|
|poke|p1|Iron Treads|
|poke|p1|Tornadus-Therian, M|
|poke|p1|Pecharunt|
|poke|p1|Ting-Lu|
|poke|p2|Tyranitar, F|
|poke|p2|Kingambit, M|
|poke|p2|Excadrill, F|
|poke|p2|Chimecho, F|
|poke|p2|Cinderace, M|
|poke|p2|Hydrapple, F|
|teampreview
|
|t:|1776031816
|teamsize|p1|6
|teamsize|p2|6
|start
|switch|p1a: Kyurem|Kyurem|100/100
|switch|p2a: Hydrapple|Hydrapple, F|100/100
|-ability|p1a: Kyurem|Pressure
|turn|1
|
|t:|1776031825
|switch|p2a: Kingambit|Kingambit, M|100/100
|move|p1a: Kyurem|Ice Beam|p2a: Kingambit
|-resisted|p2a: Kingambit
|-damage|p2a: Kingambit|73/100
|-status|p2a: Kingambit|frz
|
|-heal|p2a: Kingambit|79/100 frz|[from] item: Leftovers
|upkeep
|turn|2
|inactive|Battle timer is ON: inactive players will automatically lose when time's up. (requested by twoflowersluggage)
|
|t:|1776031839
|-end|p2a: Kingambit|fallenundefined|[silent]
|switch|p2a: Chimecho|Chimecho, F|100/100
|move|p1a: Kyurem|Earth Power|p2a: Chimecho
|-immune|p2a: Chimecho|[from] ability: Levitate
|
|upkeep
|turn|3
|
|t:|1776031845
|switch|p1a: Ting-Lu|Ting-Lu|100/100
|-ability|p1a: Ting-Lu|Vessel of Ruin
|move|p2a: Chimecho|Future Sight|p1a: Ting-Lu
|-start|p2a: Chimecho|move: Future Sight
|
|upkeep
|turn|4
|
|t:|1776031851
|switch|p2a: Hydrapple|Hydrapple, F|100/100
|move|p1a: Ting-Lu|Ruination|p2a: Hydrapple
|-damage|p2a: Hydrapple|51/100
|
|upkeep
|turn|5
|
|t:|1776031857
|move|p1a: Ting-Lu|Spikes|p2a: Hydrapple
|-sidestart|p2: kopv18|Spikes
|move|p2a: Hydrapple|Giga Drain|p1a: Ting-Lu
|-supereffective|p1a: Ting-Lu
|-damage|p1a: Ting-Lu|51/100
|-heal|p2a: Hydrapple|81/100|[from] drain|[of] p1a: Ting-Lu
|-damage|p2a: Hydrapple|71/100|[from] item: Life Orb
|
|-end|p1a: Ting-Lu|move: Future Sight
|-immune|p1a: Ting-Lu
|-heal|p1a: Ting-Lu|58/100|[from] item: Leftovers
|upkeep
|turn|6
|
|t:|1776031868
|switch|p1a: Iron Treads|Iron Treads|100/100
|move|p2a: Hydrapple|Giga Drain|p1a: Iron Treads
|-damage|p1a: Iron Treads|54/100
|-heal|p2a: Hydrapple|93/100|[from] drain|[of] p1a: Iron Treads
|-damage|p2a: Hydrapple|83/100|[from] item: Life Orb
|
|-heal|p1a: Iron Treads|61/100|[from] item: Leftovers
|upkeep
|turn|7
|
|t:|1776031874
|move|p1a: Iron Treads|Ice Spinner|p2a: Hydrapple
|-supereffective|p2a: Hydrapple
|-damage|p2a: Hydrapple|16/100
|move|p2a: Hydrapple|Earth Power|p1a: Iron Treads
|-supereffective|p1a: Iron Treads
|-damage|p1a: Iron Treads|0 fnt
|faint|p1a: Iron Treads
|-end|p1a: Iron Treads|Quark Drive|[silent]
|-damage|p2a: Hydrapple|6/100|[from] item: Life Orb
|
|upkeep
|
|t:|1776031881
|switch|p1a: Kyurem|Kyurem|100/100
|-ability|p1a: Kyurem|Pressure
|turn|8
|
|t:|1776031888
|switch|p2a: Cinderace|Cinderace, M|100/100
|move|p1a: Kyurem|Ice Beam|p2a: Cinderace
|-resisted|p2a: Cinderace
|-damage|p2a: Cinderace|67/100
|
|upkeep
|turn|9
|
|t:|1776031907
|move|p2a: Cinderace|U-turn|p1a: Kyurem
|-start|p2a: Cinderace|typechange|Bug|[from] ability: Libero
|-damage|p1a: Kyurem|77/100
|
|t:|1776031911
|switch|p2a: Chimecho|Chimecho, F|100/100|[from] U-turn
|move|p1a: Kyurem|Ice Beam|p2a: Chimecho
|-damage|p2a: Chimecho|56/100
|
|-heal|p2a: Chimecho|62/100|[from] item: Leftovers
|upkeep
|turn|10
|
|t:|1776031916
|move|p1a: Kyurem|Ice Beam|p2a: Chimecho
|-damage|p2a: Chimecho|13/100
|move|p2a: Chimecho|Thunder Wave|p1a: Kyurem
|-status|p1a: Kyurem|par
|
|-heal|p2a: Chimecho|19/100|[from] item: Leftovers
|upkeep
|turn|11
|
|t:|1776031920
|move|p2a: Chimecho|Recover|p2a: Chimecho
|-heal|p2a: Chimecho|69/100
|move|p1a: Kyurem|Ice Beam|p2a: Chimecho
|-damage|p2a: Chimecho|26/100
|
|-heal|p2a: Chimecho|32/100|[from] item: Leftovers
|upkeep
|turn|12
|
|t:|1776031923
|move|p2a: Chimecho|Recover|p2a: Chimecho
|-heal|p2a: Chimecho|82/100
|move|p1a: Kyurem|Ice Beam|p2a: Chimecho
|-damage|p2a: Chimecho|37/100
|
|-heal|p2a: Chimecho|43/100|[from] item: Leftovers
|upkeep
|turn|13
|
|t:|1776031925
|move|p2a: Chimecho|Recover|p2a: Chimecho
|-heal|p2a: Chimecho|93/100
|cant|p1a: Kyurem|par
|
|-heal|p2a: Chimecho|99/100|[from] item: Leftovers
|upkeep
|turn|14
|
|t:|1776031935
|switch|p2a: Tyranitar|Tyranitar, F|100/100
|-damage|p2a: Tyranitar|88/100|[from] Spikes
|-weather|Sandstorm|[from] ability: Sand Stream|[of] p2a: Tyranitar
|move|p1a: Kyurem|Ice Beam|p2a: Tyranitar
|-damage|p2a: Tyranitar|58/100
|
|-weather|Sandstorm|[upkeep]
|-damage|p1a: Kyurem|71/100 par|[from] Sandstorm
|upkeep
|turn|15
|
|t:|1776031942
|switch|p1a: Ting-Lu|Ting-Lu|58/100
|-ability|p1a: Ting-Lu|Vessel of Ruin
|move|p2a: Tyranitar|Low Kick|p1a: Ting-Lu
|-supereffective|p1a: Ting-Lu
|-damage|p1a: Ting-Lu|0 fnt
|faint|p1a: Ting-Lu
|
|-weather|Sandstorm|[upkeep]
|upkeep
|
|t:|1776031948
|switch|p1a: Zamazenta|Zamazenta|100/100
|-ability|p1a: Zamazenta|Dauntless Shield|boost
|-boost|p1a: Zamazenta|def|1
|turn|16
|
|t:|1776031953
|switch|p1a: Tornadus|Tornadus-Therian, M|100/100
|switch|p2a: Chimecho|Chimecho, F|99/100
|
|-weather|Sandstorm|[upkeep]
|-damage|p1a: Tornadus|94/100|[from] Sandstorm
|-damage|p2a: Chimecho|93/100|[from] Sandstorm
|-heal|p2a: Chimecho|99/100|[from] item: Leftovers
|upkeep
|turn|17
|
|t:|1776031956
|move|p1a: Tornadus|Knock Off|p2a: Chimecho
|-supereffective|p2a: Chimecho
|-damage|p2a: Chimecho|67/100
|-enditem|p2a: Chimecho|Leftovers|[from] move: Knock Off|[of] p1a: Tornadus
|move|p2a: Chimecho|Thunder Wave|p1a: Tornadus
|-status|p1a: Tornadus|par
|
|-weather|Sandstorm|[upkeep]
|-damage|p1a: Tornadus|88/100 par|[from] Sandstorm
|-damage|p2a: Chimecho|60/100|[from] Sandstorm
|upkeep
|turn|18
|
|t:|1776031963
|move|p1a: Tornadus|Taunt|p2a: Chimecho
|-start|p2a: Chimecho|move: Taunt
|move|p2a: Chimecho|Future Sight|p1a: Tornadus
|-start|p2a: Chimecho|move: Future Sight
|
|-weather|none
|upkeep
|turn|19
|
|t:|1776031969
|switch|p2a: Tyranitar|Tyranitar, F|58/100
|-damage|p2a: Tyranitar|46/100|[from] Spikes
|-weather|Sandstorm|[from] ability: Sand Stream|[of] p2a: Tyranitar
|cant|p1a: Tornadus|par
|
|-weather|Sandstorm|[upkeep]
|-damage|p1a: Tornadus|82/100 par|[from] Sandstorm
|upkeep
|turn|20
|
|t:|1776031979
|switch|p1a: Pecharunt|Pecharunt|100/100
|move|p2a: Tyranitar|Stone Edge|p1a: Pecharunt
|-damage|p1a: Pecharunt|59/100
|
|-weather|Sandstorm|[upkeep]
|-damage|p1a: Pecharunt|53/100|[from] Sandstorm
|-end|p1a: Pecharunt|move: Future Sight
|-supereffective|p1a: Pecharunt
|-damage|p1a: Pecharunt|0 fnt
|faint|p1a: Pecharunt
|upkeep
|
|t:|1776031986
|switch|p1a: Zamazenta|Zamazenta|100/100
|turn|21
|
|t:|1776031997
|switch|p2a: Excadrill|Excadrill, F|100/100
|-damage|p2a: Excadrill|88/100|[from] Spikes
|move|p1a: Zamazenta|Iron Defense|p1a: Zamazenta
|-boost|p1a: Zamazenta|def|2
|
|-weather|Sandstorm|[upkeep]
|-damage|p1a: Zamazenta|94/100|[from] Sandstorm
|-heal|p2a: Excadrill|94/100|[from] item: Leftovers
|-heal|p1a: Zamazenta|100/100|[from] item: Leftovers
|upkeep
|turn|22
|
|t:|1776032003
|switch|p2a: Chimecho|Chimecho, F|60/100
|move|p1a: Zamazenta|Iron Defense|p1a: Zamazenta
|-boost|p1a: Zamazenta|def|2
|
|-weather|Sandstorm|[upkeep]
|-damage|p1a: Zamazenta|94/100|[from] Sandstorm
|-damage|p2a: Chimecho|54/100|[from] Sandstorm
|-heal|p1a: Zamazenta|100/100|[from] item: Leftovers
|upkeep
|turn|23
|
|t:|1776032006
|move|p1a: Zamazenta|Body Press|p2a: Chimecho
|-resisted|p2a: Chimecho
|-damage|p2a: Chimecho|11/100
|move|p2a: Chimecho|Recover|p2a: Chimecho
|-heal|p2a: Chimecho|61/100
|
|-weather|none
|upkeep
|turn|24
|
|t:|1776032029
|move|p1a: Zamazenta|Crunch|p2a: Chimecho
|-supereffective|p2a: Chimecho
|-damage|p2a: Chimecho|25/100
|move|p2a: Chimecho|Recover|p2a: Chimecho
|-heal|p2a: Chimecho|75/100
|
|upkeep
|turn|25
|
|t:|1776032037
|switch|p1a: Tornadus|Tornadus-Therian, M|100/100 par
|move|p2a: Chimecho|Thunder Wave|p1a: Tornadus
|-fail|p1a: Tornadus|par
|
|upkeep
|turn|26
|
|t:|1776032044
|switch|p1a: Zamazenta|Zamazenta|100/100
|move|p2a: Chimecho|Future Sight|p1a: Zamazenta
|-start|p2a: Chimecho|move: Future Sight
|
|upkeep
|turn|27
|
|t:|1776032048
|switch|p1a: Tornadus|Tornadus-Therian, M|100/100 par
|move|p2a: Chimecho|Thunder Wave|p1a: Tornadus|[miss]
|-miss|p2a: Chimecho|p1a: Tornadus
|
|upkeep
|turn|28
|
|t:|1776032052
|move|p1a: Tornadus|Knock Off|p2a: Chimecho
|-supereffective|p2a: Chimecho
|-damage|p2a: Chimecho|52/100
|move|p2a: Chimecho|Recover|p2a: Chimecho
|-heal|p2a: Chimecho|100/100
|
|-end|p1a: Tornadus|move: Future Sight
|-damage|p1a: Tornadus|62/100 par
|upkeep
|turn|29
|
|t:|1776032059
|move|p1a: Tornadus|Bleakwind Storm|p2a: Chimecho|[miss]
|-miss|p1a: Tornadus|p2a: Chimecho
|move|p2a: Chimecho|Future Sight|p1a: Tornadus
|-start|p2a: Chimecho|move: Future Sight
|
|upkeep
|turn|30
|
|t:|1776032064
|move|p1a: Tornadus|Knock Off|p2a: Chimecho
|-supereffective|p2a: Chimecho
|-damage|p2a: Chimecho|79/100
|move|p2a: Chimecho|Heal Bell|p2a: Chimecho
|-activate|p2a: Chimecho|move: Heal Bell
|-curestatus|p2: Kingambit|frz|[msg]
|
|upkeep
|turn|31
|
|t:|1776032070
|move|p1a: Tornadus|Taunt|p2a: Chimecho
|-start|p2a: Chimecho|move: Taunt
|cant|p2a: Chimecho|move: Taunt|Recover
|
|-end|p1a: Tornadus|move: Future Sight
|-damage|p1a: Tornadus|20/100 par
|upkeep
|turn|32
|
|t:|1776032074
|switch|p1a: Kyurem|Kyurem|71/100 par
|-ability|p1a: Kyurem|Pressure
|move|p2a: Chimecho|Future Sight|p1a: Kyurem
|-start|p2a: Chimecho|move: Future Sight
|
|upkeep
|turn|33
|
|t:|1776032077
|switch|p2a: Kingambit|Kingambit, M|79/100
|-damage|p2a: Kingambit|66/100|[from] Spikes
|cant|p1a: Kyurem|par
|
|-heal|p2a: Kingambit|73/100|[from] item: Leftovers
|upkeep
|turn|34
|
|t:|1776032081
|move|p2a: Kingambit|Low Kick|p1a: Kyurem
|-supereffective|p1a: Kyurem
|-damage|p1a: Kyurem|9/100 par
|move|p1a: Kyurem|Earth Power|p2a: Kingambit
|-supereffective|p2a: Kingambit
|-damage|p2a: Kingambit|0 fnt
|faint|p2a: Kingambit
|-end|p2a: Kingambit|fallenundefined|[silent]
|
|-end|p1a: Kyurem|move: Future Sight
|-damage|p1a: Kyurem|0 fnt
|faint|p1a: Kyurem
|upkeep
|
|t:|1776032091
|switch|p1a: Tornadus|Tornadus-Therian, M|53/100 par
|switch|p2a: Cinderace|Cinderace, M|67/100
|turn|35
|
|t:|1776032095
|switch|p1a: Zamazenta|Zamazenta|100/100
|move|p2a: Cinderace|Pyro Ball|p1a: Zamazenta
|-damage|p1a: Zamazenta|54/100
|-status|p1a: Zamazenta|brn
|
|-heal|p1a: Zamazenta|60/100 brn|[from] item: Leftovers
|-damage|p1a: Zamazenta|54/100 brn|[from] brn
|upkeep
|turn|36
|-message|twoflowersluggage forfeited.
|
|win|kopv18
|raw|twoflowersluggage's rating: 1576 &rarr; <strong>1553</strong><br />(-23 for losing)
|raw|kopv18's rating: 1518 &rarr; <strong>1541</strong><br />(+23 for winning)
|l|☆twoflowersluggage
|player|p1|
