|html|<div class="broadcast-blue"><strong>[Gen 9] OU is currently suspecting Volcarona! For information on how to participate check out the <a href="https://www.smogon.com/tools/suspects/view/208">suspect thread</a>.</strong></div>
|j|☆Joke3909
|j|☆astar026
|t:|1778510086
|gametype|singles
|player|p1|Joke3909|170|1248
|player|p2|astar026|alder|1207
|gen|9
|tier|[Gen 9] OU
|rated|
|rule|HP Percentage Mod: HP is shown in percentages
|rule|Endless Battle Clause: Forcing endless battles is banned
|rule|Species Clause: Limit one of each Pokémon
|rule|OHKO Clause: OHKO moves are banned
|rule|Evasion Items Clause: Evasion items are banned
|rule|Evasion Moves Clause: Evasion moves are banned
|rule|Evasion Abilities Clause: Evasion abilities are banned
|rule|Sleep Moves Clause: Sleep-inducing moves are banned
|clearpoke
|poke|p1|Toxtricity, F|
|poke|p1|Galvantula, F|
|poke|p1|Eelektross, F|
|poke|p1|Rotom-Wash|
|poke|p1|Iron Hands|
|poke|p1|Iron Thorns|
|poke|p2|Great Tusk|
|poke|p2|Gholdengo|
|poke|p2|Kingambit, F|
|poke|p2|Dragapult, M|
|poke|p2|Raging Bolt|
|poke|p2|Ogerpon-Wellspring, F|
|teampreview
|inactive|Battle timer is ON: inactive players will automatically lose when time's up. (requested by astar026)
|
|t:|1778510092
|teamsize|p1|6
|teamsize|p2|6
|start
|switch|p1a: Galvantula|Galvantula, F|100/100
|switch|p2a: Ogerpon|Ogerpon-Wellspring, F|100/100
|turn|1
|
|t:|1778510100
|-terastallize|p2a: Ogerpon|Water
|detailschange|p2a: Ogerpon|Ogerpon-Wellspring-Tera, F, tera:Water
|-ability|p2a: Ogerpon|Embody Aspect (Wellspring)|boost
|-boost|p2a: Ogerpon|spd|1
|move|p2a: Ogerpon|Knock Off|p1a: Galvantula
|-damage|p1a: Galvantula|33/100
|-enditem|p1a: Galvantula|Focus Sash|[from] move: Knock Off|[of] p2a: Ogerpon
|move|p1a: Galvantula|Sticky Web|p2a: Ogerpon
|-sidestart|p2: astar026|move: Sticky Web
|
|upkeep
|turn|2
|
|t:|1778510110
|move|p2a: Ogerpon|Knock Off|p1a: Galvantula
|-damage|p1a: Galvantula|0 fnt
|faint|p1a: Galvantula
|
|upkeep
|
|t:|1778510124
|switch|p1a: Iron Hands|Iron Hands|100/100
|-enditem|p1a: Iron Hands|Booster Energy
|-activate|p1a: Iron Hands|ability: Quark Drive|[fromitem]
|-start|p1a: Iron Hands|quarkdriveatk
|turn|3
|
|t:|1778510131
|move|p2a: Ogerpon|Ivy Cudgel|p1a: Iron Hands|[anim] Ivy Cudgel Water
|-damage|p1a: Iron Hands|42/100
|move|p1a: Iron Hands|Swords Dance|p1a: Iron Hands
|-boost|p1a: Iron Hands|atk|2
|
|upkeep
|turn|4
|
|t:|1778510140
|move|p2a: Ogerpon|Ivy Cudgel|p1a: Iron Hands|[anim] Ivy Cudgel Water
|-damage|p1a: Iron Hands|0 fnt
|faint|p1a: Iron Hands
|-end|p1a: Iron Hands|Quark Drive|[silent]
|
|upkeep
|
|t:|1778510151
|switch|p1a: Eelektross|Eelektross, F|100/100
|turn|5
|
|t:|1778510155
|move|p2a: Ogerpon|Knock Off|p1a: Eelektross
|-damage|p1a: Eelektross|56/100
|-enditem|p1a: Eelektross|Assault Vest|[from] move: Knock Off|[of] p2a: Ogerpon
|move|p1a: Eelektross|Discharge|p2a: Ogerpon
|-supereffective|p2a: Ogerpon
|-damage|p2a: Ogerpon|56/100
|
|upkeep
|turn|6
|
|t:|1778510163
|move|p2a: Ogerpon|Ivy Cudgel|p1a: Eelektross|[anim] Ivy Cudgel Water
|-crit|p1a: Eelektross
|-damage|p1a: Eelektross|0 fnt
|faint|p1a: Eelektross
|
|upkeep
|
|t:|1778510171
|switch|p1a: Toxtricity|Toxtricity, F|100/100
|turn|7
|
|t:|1778510175
|move|p2a: Ogerpon|Swords Dance|p2a: Ogerpon
|-boost|p2a: Ogerpon|atk|2
|move|p1a: Toxtricity|Overdrive|p2a: Ogerpon
|-supereffective|p2a: Ogerpon
|-damage|p2a: Ogerpon|0 fnt
|faint|p2a: Ogerpon
|detailschange|p2: Ogerpon|Ogerpon-Wellspring, F|[silent]
|-enditem|p1a: Toxtricity|Throat Spray
|-boost|p1a: Toxtricity|spa|1|[from] item: Throat Spray
|
|upkeep
|
|t:|1778510184
|switch|p2a: Great Tusk|Great Tusk|100/100
|-activate|p2a: Great Tusk|move: Sticky Web
|-unboost|p2a: Great Tusk|spe|1
|turn|8
|
|t:|1778510191
|-terastallize|p1a: Toxtricity|Normal
|move|p1a: Toxtricity|Boomburst|p2a: Great Tusk
|-damage|p2a: Great Tusk|0 fnt
|faint|p2a: Great Tusk
|-end|p2a: Great Tusk|Protosynthesis|[silent]
|
|upkeep
|
|t:|1778510210
|switch|p2a: Raging Bolt|Raging Bolt|100/100
|-activate|p2a: Raging Bolt|move: Sticky Web
|-unboost|p2a: Raging Bolt|spe|1
|-enditem|p2a: Raging Bolt|Booster Energy
|-activate|p2a: Raging Bolt|ability: Protosynthesis|[fromitem]
|-start|p2a: Raging Bolt|protosynthesisspa
|turn|9
|
|t:|1778510216
|move|p2a: Raging Bolt|Thunderclap|p1a: Toxtricity
|-damage|p1a: Toxtricity|10/100
|move|p1a: Toxtricity|Boomburst|p2a: Raging Bolt
|-damage|p2a: Raging Bolt|0 fnt
|faint|p2a: Raging Bolt
|-end|p2a: Raging Bolt|Protosynthesis|[silent]
|
|upkeep
|inactive|astar026 has 120 seconds left.
|
|t:|1778510242
|switch|p2a: Dragapult|Dragapult, M|100/100
|-activate|p2a: Dragapult|move: Sticky Web
|-unboost|p2a: Dragapult|spe|1
|turn|10
|
|t:|1778510249
|move|p2a: Dragapult|Flamethrower|p1a: Toxtricity
|-damage|p1a: Toxtricity|0 fnt
|faint|p1a: Toxtricity
|
|upkeep
|
|t:|1778510265
|switch|p1a: Rotom|Rotom-Wash|100/100
|turn|11
|
|t:|1778510270
|move|p2a: Dragapult|Flamethrower|p1a: Rotom
|-resisted|p1a: Rotom
|-damage|p1a: Rotom|79/100
|-status|p1a: Rotom|brn
|move|p1a: Rotom|Will-O-Wisp|p2a: Dragapult
|-status|p2a: Dragapult|brn
|
|-heal|p1a: Rotom|85/100 brn|[from] item: Leftovers
|-damage|p2a: Dragapult|95/100 brn|[from] brn
|-damage|p1a: Rotom|79/100 brn|[from] brn
|upkeep
|turn|12
|
|t:|1778510290
|move|p2a: Dragapult|Flamethrower|p1a: Rotom
|-resisted|p1a: Rotom
|-damage|p1a: Rotom|59/100 brn
|move|p1a: Rotom|Pain Split|p2a: Dragapult
|-sethp|p2a: Dragapult|76/100 brn|[from] move: Pain Split|[silent]
|-sethp|p1a: Rotom|79/100 brn|[from] move: Pain Split
|
|-heal|p1a: Rotom|85/100 brn|[from] item: Leftovers
|-damage|p2a: Dragapult|70/100 brn|[from] brn
|-damage|p1a: Rotom|79/100 brn|[from] brn
|upkeep
|turn|13
|inactive|astar026 has 120 seconds left.
|inactive|astar026 has 90 seconds left.
|
|t:|1778510342
|switch|p2a: Gholdengo|Gholdengo|100/100
|-item|p2a: Gholdengo|Air Balloon
|move|p1a: Rotom|Volt Switch|p2a: Gholdengo
|-crit|p2a: Gholdengo
|-damage|p2a: Gholdengo|55/100
|-enditem|p2a: Gholdengo|Air Balloon
|
|t:|1778510350
|switch|p1a: Iron Thorns|Iron Thorns|100/100|[from] Volt Switch
|-enditem|p1a: Iron Thorns|Booster Energy
|-activate|p1a: Iron Thorns|ability: Quark Drive|[fromitem]
|-start|p1a: Iron Thorns|quarkdriveatk
|
|upkeep
|turn|14
|
|t:|1778510358
|move|p2a: Gholdengo|Make It Rain|p1a: Iron Thorns
|-damage|p1a: Iron Thorns|32/100
|-unboost|p2a: Gholdengo|spa|1
|move|p1a: Iron Thorns|Earthquake|p2a: Gholdengo
|-supereffective|p2a: Gholdengo
|-damage|p2a: Gholdengo|0 fnt
|faint|p2a: Gholdengo
|
|upkeep
|
|t:|1778510368
|switch|p2a: Dragapult|Dragapult, M|70/100 brn
|-activate|p2a: Dragapult|move: Sticky Web
|-unboost|p2a: Dragapult|spe|1
|turn|15
|
|t:|1778510377
|move|p2a: Dragapult|Shadow Ball|p1a: Iron Thorns
|-damage|p1a: Iron Thorns|0 fnt
|faint|p1a: Iron Thorns
|-end|p1a: Iron Thorns|Quark Drive|[silent]
|
|-damage|p2a: Dragapult|64/100 brn|[from] brn
|upkeep
|
|t:|1778510383
|switch|p1a: Rotom|Rotom-Wash|79/100 brn
|turn|16
|
|t:|1778510387
|move|p2a: Dragapult|Shadow Ball|p1a: Rotom
|-damage|p1a: Rotom|24/100 brn
|-unboost|p1a: Rotom|spd|1
|move|p1a: Rotom|Pain Split|p2a: Dragapult
|-sethp|p2a: Dragapult|43/100 brn|[from] move: Pain Split|[silent]
|-sethp|p1a: Rotom|45/100 brn|[from] move: Pain Split
|
|-heal|p1a: Rotom|51/100 brn|[from] item: Leftovers
|-damage|p2a: Dragapult|37/100 brn|[from] brn
|-damage|p1a: Rotom|45/100 brn|[from] brn
|upkeep
|turn|17
|inactive|astar026 has 120 seconds left.
|
|t:|1778510417
|move|p2a: Dragapult|Shadow Ball|p1a: Rotom
|-damage|p1a: Rotom|0 fnt
|faint|p1a: Rotom
|
|win|astar026
|raw|Joke3909's rating: 1248 &rarr; <strong>1220</strong><br />(-28 for losing)
|raw|astar026's rating: 1207 &rarr; <strong>1235</strong><br />(+28 for winning)
|l|☆Joke3909
|player|p1|
|l|☆astar026
|player|p2|
