|html|<div class="broadcast-blue"><strong>[Gen 9] OU is currently suspecting Tera Blast! For information on how to participate check out the <a href="https://www.smogon.com/tools/suspects/view/200">suspect thread</a>.</strong></div>
|j|☆Efrain.9
|j|☆brodiewhat
|t:|1776039357
|gametype|singles
|player|p1|Efrain.9|hilbert-wonderlauncher|1530
|player|p2|brodiewhat|falkner|1591
|gen|9
|tier|[Gen 9] OU
|rated|
|rule|HP Percentage Mod: HP is shown in percentages
|rule|Endless Battle Clause: Forcing endless battles is banned
|rule|Species Clause: Limit one of each Pokémon
|rule|OHKO Clause: OHKO moves are banned
|rule|Evasion Items Clause: Evasion items are banned
|rule|Evasion Moves Clause: Evasion moves are banned
|rule|Evasion Abilities Clause: Evasion abilities are banned
|rule|Sleep Moves Clause: Sleep-inducing moves are banned
|clearpoke
|poke|p1|Pelipper, F|
|poke|p1|Kingambit, M|
|poke|p1|Weezing-Galar, M|
|poke|p1|Great Tusk|
|poke|p1|Raging Bolt|
|poke|p1|Barraskewda, M|
|poke|p2|Volbeat, M|
|poke|p2|Araquanid, M|
|poke|p2|Houndoom, M|
|poke|p2|Great Tusk|
|poke|p2|Typhlosion-Hisui, M|
|poke|p2|Swalot, M|
|teampreview
|inactive|Battle timer is ON: inactive players will automatically lose when time's up. (requested by brodiewhat)
|j| ohko_smeargle
|j| i am a dirt
|
|t:|1776039370
|teamsize|p1|6
|teamsize|p2|6
|start
|switch|p1a: Raging Bolt|Raging Bolt|100/100
|switch|p2a: Araquanid|Araquanid, M|100/100
|turn|1
|c| i am a dirt|ooh
|c| i am a dirt|gamer?
|
|t:|1776039376
|move|p1a: Raging Bolt|Volt Switch|p2a: Araquanid
|-supereffective|p2a: Araquanid
|-damage|p2a: Araquanid|0 fnt
|faint|p2a: Araquanid
|c| i am a dirt|uhh
|j| Shucklepilled
|
|t:|1776039388
|-end|p1a: Raging Bolt|Protosynthesis|[silent]
|switch|p1a: Pelipper|Pelipper, F|100/100|[from] Volt Switch
|-weather|RainDance|[from] ability: Drizzle|[of] p1a: Pelipper
|
|-weather|RainDance|[upkeep]
|upkeep
|
|t:|1776039404
|switch|p2a: Volbeat|Volbeat, M|100/100
|turn|2
|
|t:|1776039407
|move|p2a: Volbeat|Swagger|p1a: Pelipper
|-boost|p1a: Pelipper|atk|2
|-start|p1a: Pelipper|confusion
|-enditem|p2a: Volbeat|Mirror Herb
|-boost|p2a: Volbeat|atk|2|[from] item: Mirror Herb
|-activate|p1a: Pelipper|confusion
|-damage|p1a: Pelipper|92/100|[from] confusion
|
|-weather|RainDance|[upkeep]
|upkeep
|turn|3
|l| Shucklepilled
|
|t:|1776039420
|-terastallize|p2a: Volbeat|Flying
|move|p2a: Volbeat|Acrobatics|p1a: Pelipper
|-damage|p1a: Pelipper|0 fnt
|faint|p1a: Pelipper
|
|-weather|RainDance|[upkeep]
|upkeep
|
|t:|1776039428
|switch|p1a: Barraskewda|Barraskewda, M|100/100
|turn|4
|j| rukt
|c| i am a dirt|YES! YES!
|
|t:|1776039451
|switch|p2a: Swalot|Swalot, M|100/100
|move|p1a: Barraskewda|Flip Turn|p2a: Swalot
|-crit|p2a: Swalot
|-enditem|p2a: Swalot|Focus Sash
|-damage|p2a: Swalot|1/100
|j|@EasyOnTheHills
|l|@EasyOnTheHills
|
|t:|1776039458
|switch|p1a: Raging Bolt|Raging Bolt|100/100|[from] Flip Turn
|
|-weather|RainDance|[upkeep]
|upkeep
|turn|5
|
|t:|1776039462
|move|p2a: Swalot|Earthquake|p1a: Raging Bolt
|-supereffective|p1a: Raging Bolt
|-damage|p1a: Raging Bolt|60/100
|move|p1a: Raging Bolt|Volt Switch|p2a: Swalot
|-damage|p2a: Swalot|0 fnt
|faint|p2a: Swalot
|
|t:|1776039469
|-end|p1a: Raging Bolt|Protosynthesis|[silent]
|switch|p1a: Barraskewda|Barraskewda, M|100/100|[from] Volt Switch
|
|-weather|RainDance|[upkeep]
|upkeep
|
|t:|1776039480
|switch|p2a: Houndoom|Houndoom, M|100/100
|turn|6
|
|t:|1776039484
|move|p1a: Barraskewda|Flip Turn|p2a: Houndoom
|-supereffective|p2a: Houndoom
|-enditem|p2a: Houndoom|Focus Sash
|-damage|p2a: Houndoom|1/100
|
|t:|1776039489
|switch|p1a: Raging Bolt|Raging Bolt|60/100|[from] Flip Turn
|move|p2a: Houndoom|Destiny Bond|p2a: Houndoom
|-singlemove|p2a: Houndoom|Destiny Bond
|
|-weather|RainDance|[upkeep]
|upkeep
|turn|7
|
|t:|1776039497
|-end|p1a: Raging Bolt|Protosynthesis|[silent]
|switch|p1a: Weezing|Weezing-Galar, M|100/100
|move|p2a: Houndoom|Roar|p1a: Weezing
|drag|p1a: Kingambit|Kingambit, M|100/100
|
|-weather|RainDance|[upkeep]
|upkeep
|turn|8
|j| hygb
|
|t:|1776039504
|switch|p1a: Weezing|Weezing-Galar, M|100/100
|move|p2a: Houndoom|Destiny Bond|p2a: Houndoom
|-singlemove|p2a: Houndoom|Destiny Bond
|
|-weather|none
|upkeep
|turn|9
|l| hygb
|
|t:|1776039509
|move|p1a: Weezing|Will-O-Wisp|p2a: Houndoom
|-start|p2a: Houndoom|ability: Flash Fire
|move|p2a: Houndoom|Roar|p1a: Weezing
|drag|p1a: Barraskewda|Barraskewda, M|100/100
|
|upkeep
|turn|10
|
|t:|1776039525
|switch|p1a: Weezing|Weezing-Galar, M|100/100
|move|p2a: Houndoom|Destiny Bond|p2a: Houndoom
|-singlemove|p2a: Houndoom|Destiny Bond
|
|upkeep
|turn|11
|
|t:|1776039532
|move|p2a: Houndoom|Nasty Plot|p2a: Houndoom
|-boost|p2a: Houndoom|spa|2
|move|p1a: Weezing|Toxic Spikes|p2a: Houndoom
|-sidestart|p2: brodiewhat|move: Toxic Spikes
|
|upkeep
|turn|12
|
|t:|1776039538
|move|p2a: Houndoom|Fire Blast|p1a: Weezing
|-crit|p1a: Weezing
|-damage|p1a: Weezing|0 fnt
|faint|p1a: Weezing
|
|upkeep
|
|t:|1776039554
|switch|p1a: Barraskewda|Barraskewda, M|100/100
|turn|13
|
|t:|1776039557
|move|p1a: Barraskewda|Flip Turn|p2a: Houndoom
|-supereffective|p2a: Houndoom
|-damage|p2a: Houndoom|0 fnt
|faint|p2a: Houndoom
|
|t:|1776039576
|switch|p1a: Great Tusk|Great Tusk|100/100|[from] Flip Turn
|
|upkeep
|
|t:|1776039580
|switch|p2a: Volbeat|Volbeat, M, tera:Flying|100/100
|turn|14
|
|t:|1776039594
|-end|p1a: Great Tusk|Protosynthesis|[silent]
|switch|p1a: Raging Bolt|Raging Bolt|60/100
|move|p2a: Volbeat|Acrobatics|p1a: Raging Bolt
|-resisted|p1a: Raging Bolt
|-damage|p1a: Raging Bolt|40/100
|
|upkeep
|turn|15
|
|t:|1776039600
|move|p2a: Volbeat|Swagger|p1a: Raging Bolt
|-boost|p1a: Raging Bolt|atk|2
|-start|p1a: Raging Bolt|confusion
|-activate|p1a: Raging Bolt|confusion
|move|p1a: Raging Bolt|Draco Meteor|p2a: Volbeat
|-damage|p2a: Volbeat|0 fnt
|-unboost|p1a: Raging Bolt|spa|2
|faint|p2a: Volbeat
|
|upkeep
|
|t:|1776039613
|switch|p2a: Great Tusk|Great Tusk|100/100
|-status|p2a: Great Tusk|psn
|-enditem|p2a: Great Tusk|Booster Energy
|-activate|p2a: Great Tusk|ability: Protosynthesis|[fromitem]
|-start|p2a: Great Tusk|protosynthesisatk
|turn|16
|
|t:|1776039622
|move|p2a: Great Tusk|Rapid Spin|p1a: Raging Bolt
|-damage|p1a: Raging Bolt|19/100
|-boost|p2a: Great Tusk|spe|1
|-sideend|p2: brodiewhat|Toxic Spikes|[from] move: Rapid Spin|[of] p2a: Great Tusk
|-activate|p1a: Raging Bolt|confusion
|-damage|p1a: Raging Bolt|8/100|[from] confusion
|
|-damage|p2a: Great Tusk|88/100 psn|[from] psn
|upkeep
|turn|17
|
|t:|1776039634
|move|p2a: Great Tusk|Knock Off|p1a: Raging Bolt
|-damage|p1a: Raging Bolt|0 fnt
|-enditem|p1a: Raging Bolt|Choice Specs|[from] move: Knock Off|[of] p2a: Great Tusk
|faint|p1a: Raging Bolt
|-end|p1a: Raging Bolt|Protosynthesis|[silent]
|
|-damage|p2a: Great Tusk|76/100 psn|[from] psn
|upkeep
|
|t:|1776039642
|switch|p1a: Kingambit|Kingambit, M|100/100
|turn|18
|
|t:|1776039646
|-terastallize|p1a: Kingambit|Flying
|move|p2a: Great Tusk|Bulk Up|p2a: Great Tusk
|-boost|p2a: Great Tusk|atk|1
|-boost|p2a: Great Tusk|def|1
|move|p1a: Kingambit|Tera Blast|p2a: Great Tusk|[anim] Tera Blast Flying
|-supereffective|p2a: Great Tusk
|-damage|p2a: Great Tusk|30/100 psn
|
|-damage|p2a: Great Tusk|17/100 psn|[from] psn
|upkeep
|turn|19
|
|t:|1776039657
|move|p1a: Kingambit|Sucker Punch|p2a: Great Tusk
|-resisted|p2a: Great Tusk
|-damage|p2a: Great Tusk|8/100 psn
|move|p2a: Great Tusk|Knock Off|p1a: Kingambit
|-damage|p1a: Kingambit|51/100
|-enditem|p1a: Kingambit|Lum Berry|[from] move: Knock Off|[of] p2a: Great Tusk
|
|-damage|p2a: Great Tusk|0 fnt|[from] psn
|faint|p2a: Great Tusk
|-end|p2a: Great Tusk|Protosynthesis|[silent]
|upkeep
|
|t:|1776039663
|switch|p2a: Typhlosion|Typhlosion-Hisui, M|100/100
|turn|20
|
|t:|1776039668
|move|p1a: Kingambit|Sucker Punch|p2a: Typhlosion
|-supereffective|p2a: Typhlosion
|-damage|p2a: Typhlosion|0 fnt
|faint|p2a: Typhlosion
|
|win|Efrain.9
|raw|Efrain.9's rating: 1530 &rarr; <strong>1553</strong><br />(+23 for winning)
|raw|brodiewhat's rating: 1591 &rarr; <strong>1568</strong><br />(-23 for losing)
|l| ohko_smeargle
|l|☆brodiewhat
|player|p2|
|j| mortardom
|l|☆Efrain.9
|player|p1|
|l| mortardom
|j| cam2030
|l| cam2030
|l| rukt
