|html|<div class="broadcast-blue"><strong>[Gen 9] OU is currently suspecting Tera Blast! For information on how to participate check out the <a href="https://www.smogon.com/tools/suspects/view/200">suspect thread</a>.</strong></div>
|j|☆777nemesis
|j|☆bbdouble
|t:|1776070318
|gametype|singles
|player|p1|777nemesis|benga|1378
|player|p2|bbdouble|marley|1400
|gen|9
|tier|[Gen 9] OU
|rated|
|rule|HP Percentage Mod: HP is shown in percentages
|rule|Endless Battle Clause: Forcing endless battles is banned
|rule|Species Clause: Limit one of each Pokémon
|rule|OHKO Clause: OHKO moves are banned
|rule|Evasion Items Clause: Evasion items are banned
|rule|Evasion Moves Clause: Evasion moves are banned
|rule|Evasion Abilities Clause: Evasion abilities are banned
|rule|Sleep Moves Clause: Sleep-inducing moves are banned
|clearpoke
|poke|p1|Ogerpon-Wellspring, F|
|poke|p1|Corviknight, M|
|poke|p1|Gliscor, M|
|poke|p1|Latias, F|
|poke|p1|Iron Crown|
|poke|p1|Garganacl, F|
|poke|p2|Gholdengo|
|poke|p2|Enamorus, F|
|poke|p2|Samurott-Hisui, M|
|poke|p2|Great Tusk|
|poke|p2|Heatran, M|
|poke|p2|Dragapult, F|
|teampreview
|
|t:|1776070343
|teamsize|p1|6
|teamsize|p2|6
|start
|switch|p1a: Ogerpon|Ogerpon-Wellspring, F|100/100
|switch|p2a: Ow the Edge|Samurott-Hisui, M|100/100
|turn|1
|
|t:|1776070349
|move|p1a: Ogerpon|U-turn|p2a: Ow the Edge
|-supereffective|p2a: Ow the Edge
|-crit|p2a: Ow the Edge
|-enditem|p2a: Ow the Edge|Focus Sash
|-damage|p2a: Ow the Edge|1/100
|
|t:|1776070355
|switch|p1a: Corviknight|Corviknight, M|100/100|[from] U-turn
|-ability|p1a: Corviknight|Pressure
|move|p2a: Ow the Edge|Ceaseless Edge|p1a: Corviknight
|-damage|p1a: Corviknight|69/100
|-damage|p2a: Ow the Edge|0 fnt|[from] item: Rocky Helmet|[of] p1a: Corviknight
|faint|p2a: Ow the Edge
|
|upkeep
|
|t:|1776070357
|switch|p2a: Frog|Heatran, M|100/100
|turn|2
|
|t:|1776070361
|switch|p1a: Garganacl|Garganacl, F|100/100
|move|p2a: Frog|Magma Storm|p1a: Garganacl
|-resisted|p1a: Garganacl
|-damage|p1a: Garganacl|86/100
|-activate|p1a: Garganacl|move: Magma Storm|[of] p2a: Frog
|
|-heal|p1a: Garganacl|92/100|[from] item: Leftovers
|-damage|p1a: Garganacl|79/100|[from] move: Magma Storm|[partiallytrapped]
|upkeep
|turn|3
|
|t:|1776070366
|move|p2a: Frog|Stealth Rock|p1a: Garganacl
|-sidestart|p1: 777nemesis|move: Stealth Rock
|move|p1a: Garganacl|Salt Cure|p2a: Frog
|-damage|p2a: Frog|89/100
|-start|p2a: Frog|Salt Cure
|
|-heal|p2a: Frog|95/100|[from] item: Leftovers
|-heal|p1a: Garganacl|86/100|[from] item: Leftovers
|-damage|p2a: Frog|70/100|[from] Salt Cure
|-damage|p1a: Garganacl|73/100|[from] move: Magma Storm|[partiallytrapped]
|upkeep
|turn|4
|
|t:|1776070371
|switch|p2a: Great Musk|Great Tusk|100/100
|move|p1a: Garganacl|Stealth Rock|p2a: Great Musk
|-sidestart|p2: bbdouble|move: Stealth Rock
|
|-heal|p1a: Garganacl|79/100|[from] item: Leftovers
|-end|p1a: Garganacl|Magma Storm|[partiallytrapped]|[silent]
|upkeep
|turn|5
|
|t:|1776070376
|switch|p1a: Corviknight|Corviknight, M|69/100
|-damage|p1a: Corviknight|57/100|[from] Stealth Rock
|-ability|p1a: Corviknight|Pressure
|move|p2a: Great Musk|Knock Off|p1a: Corviknight
|-damage|p1a: Corviknight|39/100
|-damage|p2a: Great Musk|84/100|[from] item: Rocky Helmet|[of] p1a: Corviknight
|-enditem|p1a: Corviknight|Rocky Helmet|[from] move: Knock Off|[of] p2a: Great Musk
|
|-heal|p2a: Great Musk|90/100|[from] item: Leftovers
|upkeep
|turn|6
|
|t:|1776070382
|-end|p2a: Great Musk|Protosynthesis|[silent]
|switch|p2a: Stacks|Gholdengo|100/100
|-damage|p2a: Stacks|94/100|[from] Stealth Rock
|-item|p2a: Stacks|Air Balloon
|move|p1a: Corviknight|Roost|p1a: Corviknight
|-heal|p1a: Corviknight|89/100
|-singleturn|p1a: Corviknight|move: Roost
|
|upkeep
|turn|7
|
|t:|1776070386
|move|p2a: Stacks|Thunder Wave|p1a: Corviknight
|-status|p1a: Corviknight|par
|move|p1a: Corviknight|U-turn|p2a: Stacks
|-resisted|p2a: Stacks
|-damage|p2a: Stacks|91/100
|-enditem|p2a: Stacks|Air Balloon
|
|t:|1776070391
|switch|p1a: Ogerpon|Ogerpon-Wellspring, F|100/100|[from] U-turn
|-damage|p1a: Ogerpon|88/100|[from] Stealth Rock
|
|upkeep
|turn|8
|
|t:|1776070394
|switch|p2a: Great Musk|Great Tusk|90/100
|-damage|p2a: Great Musk|87/100|[from] Stealth Rock
|move|p1a: Ogerpon|Knock Off|p2a: Great Musk
|-resisted|p2a: Great Musk
|-damage|p2a: Great Musk|77/100
|-enditem|p2a: Great Musk|Leftovers|[from] move: Knock Off|[of] p1a: Ogerpon
|
|upkeep
|turn|9
|
|t:|1776070400
|move|p1a: Ogerpon|Ivy Cudgel|p2a: Great Musk|[anim] Ivy Cudgel Water
|-supereffective|p2a: Great Musk
|-damage|p2a: Great Musk|3/100
|move|p2a: Great Musk|Rapid Spin|p1a: Ogerpon
|-damage|p1a: Ogerpon|67/100
|-boost|p2a: Great Musk|spe|1
|-sideend|p2: bbdouble|Stealth Rock|[from] move: Rapid Spin|[of] p2a: Great Musk
|
|upkeep
|turn|10
|
|t:|1776070407
|switch|p1a: Corviknight|Corviknight, M|89/100 par
|-damage|p1a: Corviknight|76/100 par|[from] Stealth Rock
|-ability|p1a: Corviknight|Pressure
|move|p2a: Great Musk|Knock Off|p1a: Corviknight
|-damage|p1a: Corviknight|64/100 par
|
|upkeep
|turn|11
|
|t:|1776070411
|-end|p2a: Great Musk|Protosynthesis|[silent]
|switch|p2a: Frog|Heatran, M|70/100
|move|p1a: Corviknight|U-turn|p2a: Frog
|-resisted|p2a: Frog
|-damage|p2a: Frog|67/100
|
|t:|1776070418
|switch|p1a: Ogerpon|Ogerpon-Wellspring, F|67/100|[from] U-turn
|-damage|p1a: Ogerpon|55/100|[from] Stealth Rock
|
|-heal|p2a: Frog|73/100|[from] item: Leftovers
|upkeep
|turn|12
|
|t:|1776070421
|move|p2a: Frog|Protect|p2a: Frog
|-singleturn|p2a: Frog|Protect
|move|p1a: Ogerpon|Ivy Cudgel|p2a: Frog|[anim] Ivy Cudgel Water
|-activate|p2a: Frog|move: Protect
|
|-heal|p2a: Frog|79/100|[from] item: Leftovers
|upkeep
|turn|13
|
|t:|1776070424
|-terastallize|p2a: Frog|Grass
|move|p1a: Ogerpon|Ivy Cudgel|p2a: Frog|[anim] Ivy Cudgel Water
|-resisted|p2a: Frog
|-damage|p2a: Frog|54/100
|move|p2a: Frog|Magma Storm|p1a: Ogerpon
|-damage|p1a: Ogerpon|0 fnt
|faint|p1a: Ogerpon
|
|-heal|p2a: Frog|60/100|[from] item: Leftovers
|upkeep
|
|t:|1776070439
|switch|p1a: Gliscor|Gliscor, M|100/100
|-damage|p1a: Gliscor|88/100|[from] Stealth Rock
|turn|14
|
|t:|1776070448
|switch|p2a: Stacks|Gholdengo|91/100
|move|p1a: Gliscor|Protect||[still]
|-fail|p1a: Gliscor
|
|-status|p1a: Gliscor|tox|[from] item: Toxic Orb
|upkeep
|turn|15
|
|t:|1776070456
|move|p1a: Gliscor|Protect|p1a: Gliscor
|-singleturn|p1a: Gliscor|Protect
|move|p2a: Stacks|Make It Rain|p1a: Gliscor
|-activate|p1a: Gliscor|move: Protect
|
|-heal|p1a: Gliscor|100/100 tox|[from] ability: Poison Heal
|upkeep
|turn|16
|
|t:|1776070461
|switch|p2a: Great Musk|Great Tusk|3/100
|move|p1a: Gliscor|Swords Dance|p1a: Gliscor
|-boost|p1a: Gliscor|atk|2
|
|upkeep
|turn|17
|
|t:|1776070471
|move|p2a: Great Musk|Ice Spinner|p1a: Gliscor
|-supereffective|p1a: Gliscor
|-damage|p1a: Gliscor|23/100 tox
|move|p1a: Gliscor|Knock Off|p2a: Great Musk
|-resisted|p2a: Great Musk
|-damage|p2a: Great Musk|0 fnt
|faint|p2a: Great Musk
|-end|p2a: Great Musk|Protosynthesis|[silent]
|
|-heal|p1a: Gliscor|36/100 tox|[from] ability: Poison Heal
|upkeep
|
|t:|1776070473
|switch|p2a: Zoom|Dragapult, F|100/100
|turn|18
|
|t:|1776070478
|move|p1a: Gliscor|Protect|p1a: Gliscor
|-singleturn|p1a: Gliscor|Protect
|move|p2a: Zoom|U-turn|p1a: Gliscor
|-activate|p1a: Gliscor|move: Protect
|
|-heal|p1a: Gliscor|48/100 tox|[from] ability: Poison Heal
|upkeep
|turn|19
|
|t:|1776070484
|move|p2a: Zoom|Hex|p1a: Gliscor
|-damage|p1a: Gliscor|0 fnt
|faint|p1a: Gliscor
|
|upkeep
|
|t:|1776070497
|switch|p1a: Corviknight|Corviknight, M|64/100 par
|-damage|p1a: Corviknight|52/100 par|[from] Stealth Rock
|-ability|p1a: Corviknight|Pressure
|turn|20
|
|t:|1776070511
|move|p2a: Zoom|Hex|p1a: Corviknight
|-damage|p1a: Corviknight|0 fnt
|faint|p1a: Corviknight
|
|upkeep
|
|t:|1776070516
|switch|p1a: Latias|Latias, F|100/100
|-damage|p1a: Latias|88/100|[from] Stealth Rock
|turn|21
|
|t:|1776070535
|-terastallize|p1a: Latias|Poison
|move|p2a: Zoom|U-turn|p1a: Latias
|-resisted|p1a: Latias
|-damage|p1a: Latias|82/100
|
|t:|1776070539
|switch|p2a: Stacks|Gholdengo|91/100|[from] U-turn
|move|p1a: Latias|Agility|p1a: Latias
|-boost|p1a: Latias|spe|2
|
|upkeep
|turn|22
|
|t:|1776070543
|move|p1a: Latias|Calm Mind|p1a: Latias
|-boost|p1a: Latias|spa|1
|-boost|p1a: Latias|spd|1
|move|p2a: Stacks|Thunder Wave|p1a: Latias
|-status|p1a: Latias|par
|
|upkeep
|turn|23
|
|t:|1776070567
|switch|p2a: Frog|Heatran, M, tera:Grass|60/100
|move|p1a: Latias|Calm Mind|p1a: Latias
|-boost|p1a: Latias|spa|1
|-boost|p1a: Latias|spd|1
|
|-heal|p2a: Frog|66/100|[from] item: Leftovers
|upkeep
|turn|24
|
|t:|1776070575
|move|p1a: Latias|Stored Power|p2a: Frog
|-damage|p2a: Frog|0 fnt
|faint|p2a: Frog
|
|upkeep
|
|t:|1776070582
|switch|p2a: Zoom|Dragapult, F|100/100
|turn|25
|
|t:|1776070587
|move|p2a: Zoom|Hex|p1a: Latias
|-damage|p1a: Latias|60/100 par
|move|p1a: Latias|Stored Power|p2a: Zoom
|-damage|p2a: Zoom|0 fnt
|faint|p2a: Zoom
|
|upkeep
|
|t:|1776070591
|switch|p2a: Stacks|Gholdengo|91/100
|turn|26
|
|t:|1776070595
|move|p2a: Stacks|Shadow Ball|p1a: Latias
|-damage|p1a: Latias|44/100 par
|-unboost|p1a: Latias|spd|1
|move|p1a: Latias|Stored Power|p2a: Stacks
|-resisted|p2a: Stacks
|-damage|p2a: Stacks|35/100
|
|upkeep
|turn|27
|
|t:|1776070601
|move|p2a: Stacks|Make It Rain|p1a: Latias
|-damage|p1a: Latias|14/100 par
|-unboost|p2a: Stacks|spa|1
|move|p1a: Latias|Stored Power|p2a: Stacks
|-resisted|p2a: Stacks
|-damage|p2a: Stacks|0 fnt
|faint|p2a: Stacks
|
|upkeep
|
|t:|1776070604
|switch|p2a: Love|Enamorus, F|100/100
|turn|28
|
|t:|1776070609
|move|p2a: Love|Substitute|p2a: Love
|-start|p2a: Love|Substitute
|-damage|p2a: Love|76/100
|cant|p1a: Latias|par
|
|-heal|p2a: Love|82/100|[from] item: Leftovers
|upkeep
|turn|29
|
|t:|1776070615
|move|p2a: Love|Calm Mind|p2a: Love
|-boost|p2a: Love|spa|1
|-boost|p2a: Love|spd|1
|move|p1a: Latias|Stored Power|p2a: Love
|-end|p2a: Love|Substitute
|
|-heal|p2a: Love|88/100|[from] item: Leftovers
|upkeep
|turn|30
|
|t:|1776070620
|switch|p1a: Iron Crown|Iron Crown|100/100
|-damage|p1a: Iron Crown|94/100|[from] Stealth Rock
|move|p2a: Love|Substitute|p2a: Love
|-start|p2a: Love|Substitute
|-damage|p2a: Love|63/100
|
|-heal|p2a: Love|69/100|[from] item: Leftovers
|upkeep
|turn|31
|
|t:|1776070624
|move|p2a: Love|Earth Power|p1a: Iron Crown
|-supereffective|p1a: Iron Crown
|-damage|p1a: Iron Crown|3/100
|move|p1a: Iron Crown|Tachyon Cutter|p2a: Love
|-supereffective|p2a: Love
|-end|p2a: Love|Substitute
|-supereffective|p2a: Love
|-damage|p2a: Love|4/100
|-hitcount|p2a: Love|2
|
|-heal|p2a: Love|11/100|[from] item: Leftovers
|upkeep
|turn|32
|
|t:|1776070633
|move|p2a: Love|Moonblast|p1a: Iron Crown
|-resisted|p1a: Iron Crown
|-damage|p1a: Iron Crown|0 fnt
|faint|p1a: Iron Crown
|-end|p1a: Iron Crown|Quark Drive|[silent]
|
|-heal|p2a: Love|17/100|[from] item: Leftovers
|upkeep
|
|t:|1776070637
|switch|p1a: Garganacl|Garganacl, F|79/100
|-damage|p1a: Garganacl|67/100|[from] Stealth Rock
|turn|33
|
|t:|1776070641
|move|p2a: Love|Moonblast|p1a: Garganacl
|-damage|p1a: Garganacl|11/100
|move|p1a: Garganacl|Salt Cure|p2a: Love
|-supereffective|p2a: Love
|-crit|p2a: Love
|-damage|p2a: Love|0 fnt
|faint|p2a: Love
|
|win|777nemesis
|raw|777nemesis's rating: 1378 &rarr; <strong>1399</strong><br />(+21 for winning)
|raw|bbdouble's rating: 1400 &rarr; <strong>1379</strong><br />(-21 for losing)
|l|☆bbdouble
|player|p2|
|l|☆777nemesis
|player|p1|
