|html|<div class="broadcast-blue"><strong>[Gen 9] OU is currently suspecting Tera Blast! For information on how to participate check out the <a href="https://www.smogon.com/tools/suspects/view/200">suspect thread</a>.</strong></div>
|j|☆no vale do fim
|j|☆SteampunkFurret
|t:|1776058988
|gametype|singles
|player|p1|no vale do fim|roxie|1096
|player|p2|SteampunkFurret|lass-gen4dp|1120
|gen|9
|tier|[Gen 9] OU
|rated|
|rule|HP Percentage Mod: HP is shown in percentages
|rule|Endless Battle Clause: Forcing endless battles is banned
|rule|Species Clause: Limit one of each Pokémon
|rule|OHKO Clause: OHKO moves are banned
|rule|Evasion Items Clause: Evasion items are banned
|rule|Evasion Moves Clause: Evasion moves are banned
|rule|Evasion Abilities Clause: Evasion abilities are banned
|rule|Sleep Moves Clause: Sleep-inducing moves are banned
|clearpoke
|poke|p1|Clawitzer, M|
|poke|p1|Kingambit, M|
|poke|p1|Hitmonlee, M|
|poke|p1|Galvantula, M|
|poke|p1|Krookodile, M|
|poke|p1|Chandelure, M|
|poke|p2|Slowking, F|
|poke|p2|Weezing-Galar, M|
|poke|p2|Meowscarada, F|
|poke|p2|Skarmory, F|
|poke|p2|Iron Treads|
|poke|p2|Iron Moth|
|teampreview
|
|t:|1776059001
|teamsize|p1|6
|teamsize|p2|6
|start
|switch|p1a: Lacoste|Krookodile, M|100/100
|switch|p2a: Iron Moth|Iron Moth|100/100
|-enditem|p2a: Iron Moth|Booster Energy
|-activate|p2a: Iron Moth|ability: Quark Drive|[fromitem]
|-start|p2a: Iron Moth|quarkdrivespe
|turn|1
|
|t:|1776059016
|-end|p2a: Iron Moth|Quark Drive|[silent]
|switch|p2a: Meowscarada|Meowscarada, F|100/100
|move|p1a: Lacoste|Fling|p2a: Meowscarada
|-resisted|p2a: Meowscarada
|-damage|p2a: Meowscarada|97/100
|-start|p2a: Meowscarada|move: Focus Energy
|-enditem|p1a: Lacoste|Lansat Berry|[from] move: Fling
|
|upkeep
|turn|2
|c|☆SteampunkFurret|lmao what
|
|t:|1776059048
|move|p1a: Lacoste|Endure|p1a: Lacoste
|-singleturn|p1a: Lacoste|move: Endure
|move|p2a: Meowscarada|Leech Seed|p1a: Lacoste
|-start|p2a: Meowscarada|typechange|Grass|[from] ability: Protean
|-start|p1a: Lacoste|move: Leech Seed
|
|-damage|p1a: Lacoste|88/100|[from] Leech Seed|[of] p2a: Meowscarada
|-heal|p2a: Meowscarada|100/100|[silent]
|upkeep
|turn|3
|
|t:|1776059060
|move|p2a: Meowscarada|Knock Off|p1a: Lacoste
|-resisted|p1a: Lacoste
|-crit|p1a: Lacoste
|-damage|p1a: Lacoste|66/100
|-setboost|p1a: Lacoste|atk|6|[from] ability: Anger Point
|move|p1a: Lacoste|Scale Shot|p2a: Meowscarada
|-damage|p2a: Meowscarada|52/100
|-damage|p2a: Meowscarada|3/100
|-hitcount|p2a: Meowscarada|2
|-unboost|p1a: Lacoste|def|1
|-boost|p1a: Lacoste|spe|1
|
|-damage|p1a: Lacoste|54/100|[from] Leech Seed|[of] p2a: Meowscarada
|-heal|p2a: Meowscarada|17/100|[silent]
|upkeep
|turn|4
|c|☆SteampunkFurret|what the hell
|
|t:|1776059082
|move|p2a: Meowscarada|Protect|p2a: Meowscarada
|-singleturn|p2a: Meowscarada|Protect
|move|p1a: Lacoste|Scale Shot|p2a: Meowscarada
|-activate|p2a: Meowscarada|move: Protect
|
|-damage|p1a: Lacoste|42/100|[from] Leech Seed|[of] p2a: Meowscarada
|-heal|p2a: Meowscarada|31/100|[silent]
|upkeep
|turn|5
|
|t:|1776059114
|switch|p2a: Skarmory|Skarmory, F|100/100
|move|p1a: Lacoste|Scale Shot|p2a: Skarmory
|-resisted|p2a: Skarmory
|-damage|p2a: Skarmory|89/100
|-resisted|p2a: Skarmory
|-damage|p2a: Skarmory|77/100
|-resisted|p2a: Skarmory
|-damage|p2a: Skarmory|65/100
|-resisted|p2a: Skarmory
|-damage|p2a: Skarmory|53/100
|-resisted|p2a: Skarmory
|-damage|p2a: Skarmory|40/100
|-hitcount|p2a: Skarmory|5
|-unboost|p1a: Lacoste|def|1
|-boost|p1a: Lacoste|spe|1
|
|-damage|p1a: Lacoste|29/100|[from] Leech Seed|[of] p2a: Skarmory
|-heal|p2a: Skarmory|52/100|[silent]
|upkeep
|turn|6
|
|t:|1776059136
|move|p1a: Lacoste|Power Trip|p2a: Skarmory
|-damage|p2a: Skarmory|0 fnt
|-damage|p1a: Lacoste|13/100|[from] item: Rocky Helmet|[of] p2a: Skarmory
|faint|p2a: Skarmory
|
|upkeep
|
|t:|1776059141
|switch|p2a: Meowscarada|Meowscarada, F|31/100
|turn|7
|
|t:|1776059148
|move|p2a: Meowscarada|Protect|p2a: Meowscarada
|-start|p2a: Meowscarada|typechange|Normal|[from] ability: Protean
|-singleturn|p2a: Meowscarada|Protect
|move|p1a: Lacoste|Power Trip|p2a: Meowscarada
|-activate|p2a: Meowscarada|move: Protect
|
|-damage|p1a: Lacoste|0 fnt|[from] Leech Seed|[of] p2a: Meowscarada
|-heal|p2a: Meowscarada|45/100|[silent]
|faint|p1a: Lacoste
|upkeep
|
|t:|1776059156
|switch|p1a: Pernudo|Galvantula, M|100/100
|turn|8
|
|t:|1776059169
|switch|p2a: Iron Treads|Iron Treads|100/100
|-enditem|p2a: Iron Treads|Booster Energy
|-activate|p2a: Iron Treads|ability: Quark Drive|[fromitem]
|-start|p2a: Iron Treads|quarkdrivespe
|move|p1a: Pernudo|Sticky Web|p2a: Iron Treads
|-sidestart|p2: SteampunkFurret|move: Sticky Web
|
|upkeep
|turn|9
|
|t:|1776059188
|move|p2a: Iron Treads|Ice Spinner|p1a: Pernudo
|-damage|p1a: Pernudo|53/100
|move|p1a: Pernudo|Bug Buzz|p2a: Iron Treads
|-resisted|p2a: Iron Treads
|-damage|p2a: Iron Treads|72/100
|
|upkeep
|turn|10
|
|t:|1776059197
|switch|p1a: Shadow|Chandelure, M|100/100
|move|p2a: Iron Treads|Rapid Spin|p1a: Shadow
|-immune|p1a: Shadow
|
|upkeep
|turn|11
|
|t:|1776059204
|move|p2a: Iron Treads|Earthquake|p1a: Shadow
|-supereffective|p1a: Shadow
|-enditem|p1a: Shadow|Focus Sash
|-damage|p1a: Shadow|1/100
|move|p1a: Shadow|Flamethrower|p2a: Iron Treads
|-supereffective|p2a: Iron Treads
|-damage|p2a: Iron Treads|0 fnt
|faint|p2a: Iron Treads
|-end|p2a: Iron Treads|Quark Drive|[silent]
|
|upkeep
|
|t:|1776059215
|switch|p2a: Meowscarada|Meowscarada, F|45/100
|turn|12
|
|t:|1776059225
|move|p2a: Meowscarada|Knock Off|p1a: Shadow
|-start|p2a: Meowscarada|typechange|Dark|[from] ability: Protean
|-supereffective|p1a: Shadow
|-damage|p1a: Shadow|0 fnt
|faint|p1a: Shadow
|
|upkeep
|
|t:|1776059231
|switch|p1a: Pernudo|Galvantula, M|53/100
|turn|13
|
|t:|1776059241
|switch|p2a: Iron Moth|Iron Moth|100/100
|-activate|p2a: Iron Moth|move: Sticky Web
|-unboost|p2a: Iron Moth|spe|1
|move|p1a: Pernudo|Thunder Wave|p2a: Iron Moth
|-status|p2a: Iron Moth|par
|
|upkeep
|turn|14
|
|t:|1776059252
|move|p1a: Pernudo|Thunder|p2a: Iron Moth
|-damage|p2a: Iron Moth|51/100 par
|move|p2a: Iron Moth|Substitute|p2a: Iron Moth
|-start|p2a: Iron Moth|Substitute
|-damage|p2a: Iron Moth|26/100 par
|
|upkeep
|turn|15
|
|t:|1776059260
|move|p1a: Pernudo|Thunder|p2a: Iron Moth
|-end|p2a: Iron Moth|Substitute
|cant|p2a: Iron Moth|par
|
|upkeep
|turn|16
|
|t:|1776059270
|move|p1a: Pernudo|Thunder|p2a: Iron Moth
|-damage|p2a: Iron Moth|0 fnt
|faint|p2a: Iron Moth
|-end|p2a: Iron Moth|Quark Drive|[silent]
|
|upkeep
|
|t:|1776059291
|switch|p2a: Weezing|Weezing-Galar, M|100/100
|-ability|p2a: Weezing|Neutralizing Gas
|turn|17
|
|t:|1776059301
|move|p1a: Pernudo|Thunder Wave|p2a: Weezing
|-status|p2a: Weezing|par
|move|p2a: Weezing|Sludge Bomb|p1a: Pernudo
|-damage|p1a: Pernudo|1/100
|
|upkeep
|turn|18
|
|t:|1776059312
|move|p1a: Pernudo|Thunder|p2a: Weezing|[miss]
|-miss|p1a: Pernudo|p2a: Weezing
|move|p2a: Weezing|Will-O-Wisp|p1a: Pernudo
|-status|p1a: Pernudo|brn
|
|-damage|p1a: Pernudo|0 fnt|[from] brn
|faint|p1a: Pernudo
|upkeep
|
|t:|1776059324
|switch|p1a: Shogun|Kingambit, M|100/100
|turn|19
|
|t:|1776059334
|-terastallize|p2a: Weezing|Grass
|move|p1a: Shogun|Iron Head|p2a: Weezing
|-damage|p2a: Weezing|67/100 par
|move|p2a: Weezing|Will-O-Wisp|p1a: Shogun
|-status|p1a: Shogun|brn
|
|-damage|p1a: Shogun|94/100 brn|[from] brn
|upkeep
|turn|20
|
|t:|1776059345
|move|p1a: Shogun|Swords Dance|p1a: Shogun
|-boost|p1a: Shogun|atk|2
|cant|p2a: Weezing|par
|
|-heal|p1a: Shogun|100/100 brn|[from] item: Leftovers
|-damage|p1a: Shogun|94/100 brn|[from] brn
|upkeep
|turn|21
|
|t:|1776059360
|move|p1a: Shogun|Kowtow Cleave|p2a: Weezing
|-damage|p2a: Weezing|36/100 par
|move|p2a: Weezing|Pain Split|p1a: Shogun
|-sethp|p1a: Shogun|62/100 brn|[from] move: Pain Split|[silent]
|-sethp|p2a: Weezing|75/100 par|[from] move: Pain Split
|
|-heal|p1a: Shogun|68/100 brn|[from] item: Leftovers
|-damage|p1a: Shogun|62/100 brn|[from] brn
|upkeep
|turn|22
|
|t:|1776059370
|move|p1a: Shogun|Swords Dance|p1a: Shogun
|-boost|p1a: Shogun|atk|2
|cant|p2a: Weezing|par
|
|-heal|p1a: Shogun|68/100 brn|[from] item: Leftovers
|-damage|p1a: Shogun|62/100 brn|[from] brn
|upkeep
|turn|23
|-message|SteampunkFurret forfeited.
|
|win|no vale do fim
|raw|no vale do fim's rating: 1096 &rarr; <strong>1123</strong><br />(+27 for winning)
|raw|SteampunkFurret's rating: 1120 &rarr; <strong>1093</strong><br />(-27 for losing)
|l|☆no vale do fim
|player|p1|
