|html|<div class="broadcast-blue"><strong>[Gen 9] OU is currently suspecting Tera Blast! For information on how to participate check out the <a href="https://www.smogon.com/tools/suspects/view/200">suspect thread</a>.</strong></div>
|j|☆Spookyz reqs
|j|☆ButcherMarine
|t:|1776040359
|gametype|singles
|player|p1|Spookyz reqs|2|1484
|player|p2|ButcherMarine|170|1585
|gen|9
|tier|[Gen 9] OU
|rated|
|rule|HP Percentage Mod: HP is shown in percentages
|rule|Endless Battle Clause: Forcing endless battles is banned
|rule|Species Clause: Limit one of each Pokémon
|rule|OHKO Clause: OHKO moves are banned
|rule|Evasion Items Clause: Evasion items are banned
|rule|Evasion Moves Clause: Evasion moves are banned
|rule|Evasion Abilities Clause: Evasion abilities are banned
|rule|Sleep Moves Clause: Sleep-inducing moves are banned
|clearpoke
|poke|p1|Ogerpon-Wellspring, F|
|poke|p1|Zamazenta-*|
|poke|p1|Iron Treads|
|poke|p1|Garganacl, M|
|poke|p1|Dragapult, F|
|poke|p1|Moltres|
|poke|p2|Ting-Lu|
|poke|p2|Garganacl, M|
|poke|p2|Keldeo|
|poke|p2|Ogerpon, F|
|poke|p2|Gholdengo|
|poke|p2|Moltres|
|teampreview
|inactive|Battle timer is ON: inactive players will automatically lose when time's up. (requested by Spookyz reqs)
|
|t:|1776040382
|teamsize|p1|6
|teamsize|p2|6
|start
|switch|p1a: Ogerpon|Ogerpon-Wellspring, F|100/100
|switch|p2a: Ting-Lu|Ting-Lu|100/100
|-ability|p2a: Ting-Lu|Vessel of Ruin
|turn|1
|
|t:|1776040385
|switch|p2a: Ogerpon|Ogerpon, F|100/100
|move|p1a: Ogerpon|Knock Off|p2a: Ogerpon
|-damage|p2a: Ogerpon|50/100
|-enditem|p2a: Ogerpon|Heavy-Duty Boots|[from] move: Knock Off|[of] p1a: Ogerpon
|
|upkeep
|turn|2
|
|t:|1776040390
|switch|p1a: Dragapult|Dragapult, F|100/100
|move|p2a: Ogerpon|Synthesis|p2a: Ogerpon
|-heal|p2a: Ogerpon|99/100
|
|upkeep
|turn|3
|
|t:|1776040397
|switch|p2a: Garganacl|Garganacl, M|100/100
|move|p1a: Dragapult|Will-O-Wisp|p2a: Garganacl
|-immune|p2a: Garganacl|[from] ability: Purifying Salt
|
|upkeep
|turn|4
|
|t:|1776040403
|move|p1a: Dragapult|U-turn|p2a: Garganacl
|-damage|p2a: Garganacl|91/100
|
|t:|1776040417
|switch|p1a: Iron Treads|Iron Treads|100/100|[from] U-turn
|move|p2a: Garganacl|Salt Cure|p1a: Iron Treads
|-resisted|p1a: Iron Treads
|-damage|p1a: Iron Treads|98/100
|-start|p1a: Iron Treads|Salt Cure
|
|-heal|p2a: Garganacl|98/100|[from] item: Leftovers
|-damage|p1a: Iron Treads|73/100|[from] Salt Cure
|upkeep
|turn|5
|
|t:|1776040425
|switch|p2a: Moltres|Moltres|100/100
|move|p1a: Iron Treads|Stealth Rock|p2a: Moltres
|-sidestart|p2: ButcherMarine|move: Stealth Rock
|
|-damage|p1a: Iron Treads|48/100|[from] Salt Cure
|upkeep
|turn|6
|
|t:|1776040431
|-end|p1a: Iron Treads|Quark Drive|[silent]
|switch|p1a: Garganacl|Garganacl, M|100/100
|move|p2a: Moltres|U-turn|p1a: Garganacl
|-damage|p1a: Garganacl|91/100
|
|t:|1776040434
|switch|p2a: Keldeo|Keldeo|100/100|[from] U-turn
|
|-heal|p1a: Garganacl|97/100|[from] item: Leftovers
|upkeep
|turn|7
|
|t:|1776040446
|switch|p1a: Ogerpon|Ogerpon-Wellspring, F|100/100
|move|p2a: Keldeo|Aura Sphere|p1a: Ogerpon
|-crit|p1a: Ogerpon
|-damage|p1a: Ogerpon|33/100
|
|upkeep
|turn|8
|
|t:|1776040458
|switch|p2a: Moltres|Moltres|100/100
|switch|p1a: Dragapult|Dragapult, F|100/100
|
|upkeep
|turn|9
|
|t:|1776040465
|switch|p1a: Garganacl|Garganacl, M|97/100
|move|p2a: Moltres|U-turn|p1a: Garganacl
|-damage|p1a: Garganacl|87/100
|
|t:|1776040469
|switch|p2a: Ogerpon|Ogerpon, F|99/100|[from] U-turn
|-damage|p2a: Ogerpon|88/100|[from] Stealth Rock
|
|-heal|p1a: Garganacl|93/100|[from] item: Leftovers
|upkeep
|turn|10
|
|t:|1776040475
|switch|p1a: Moltres|Moltres|100/100
|move|p2a: Ogerpon|Knock Off|p1a: Moltres
|-damage|p1a: Moltres|76/100
|-enditem|p1a: Moltres|Heavy-Duty Boots|[from] move: Knock Off|[of] p2a: Ogerpon
|
|upkeep
|turn|11
|
|t:|1776040479
|switch|p2a: Garganacl|Garganacl, M|98/100
|-damage|p2a: Garganacl|85/100|[from] Stealth Rock
|move|p1a: Moltres|U-turn|p2a: Garganacl
|-damage|p2a: Garganacl|77/100
|
|t:|1776040483
|switch|p1a: Ogerpon|Ogerpon-Wellspring, F|33/100|[from] U-turn
|
|-heal|p2a: Garganacl|83/100|[from] item: Leftovers
|upkeep
|turn|12
|
|t:|1776040488
|-terastallize|p2a: Garganacl|Fairy
|move|p1a: Ogerpon|Synthesis|p1a: Ogerpon
|-heal|p1a: Ogerpon|83/100
|move|p2a: Garganacl|Stealth Rock|p1a: Ogerpon
|-sidestart|p1: Spookyz reqs|move: Stealth Rock
|
|-heal|p2a: Garganacl|90/100|[from] item: Leftovers
|upkeep
|turn|13
|
|t:|1776040491
|move|p1a: Ogerpon|Knock Off|p2a: Garganacl
|-resisted|p2a: Garganacl
|-damage|p2a: Garganacl|79/100
|-enditem|p2a: Garganacl|Leftovers|[from] move: Knock Off|[of] p1a: Ogerpon
|move|p2a: Garganacl|Salt Cure|p1a: Ogerpon
|-damage|p1a: Ogerpon|67/100
|-start|p1a: Ogerpon|Salt Cure
|
|-damage|p1a: Ogerpon|42/100|[from] Salt Cure
|upkeep
|turn|14
|
|t:|1776040495
|move|p1a: Ogerpon|Synthesis|p1a: Ogerpon
|-heal|p1a: Ogerpon|92/100
|move|p2a: Garganacl|Salt Cure|p1a: Ogerpon
|-damage|p1a: Ogerpon|74/100
|
|-damage|p1a: Ogerpon|49/100|[from] Salt Cure
|upkeep
|turn|15
|
|t:|1776040500
|move|p1a: Ogerpon|Synthesis|p1a: Ogerpon
|-heal|p1a: Ogerpon|99/100
|move|p2a: Garganacl|Salt Cure|p1a: Ogerpon
|-damage|p1a: Ogerpon|81/100
|
|-damage|p1a: Ogerpon|56/100|[from] Salt Cure
|upkeep
|turn|16
|
|t:|1776040504
|move|p1a: Ogerpon|Spikes|p2a: Garganacl
|-sidestart|p2: ButcherMarine|Spikes
|move|p2a: Garganacl|Salt Cure|p1a: Ogerpon
|-damage|p1a: Ogerpon|40/100
|
|-damage|p1a: Ogerpon|16/100|[from] Salt Cure
|upkeep
|turn|17
|
|t:|1776040507
|move|p1a: Ogerpon|Synthesis|p1a: Ogerpon
|-heal|p1a: Ogerpon|65/100
|move|p2a: Garganacl|Recover|p2a: Garganacl
|-heal|p2a: Garganacl|100/100
|
|-damage|p1a: Ogerpon|41/100|[from] Salt Cure
|upkeep
|turn|18
|
|t:|1776040509
|move|p1a: Ogerpon|Synthesis|p1a: Ogerpon
|-heal|p1a: Ogerpon|91/100
|move|p2a: Garganacl|Salt Cure|p1a: Ogerpon
|-damage|p1a: Ogerpon|74/100
|
|-damage|p1a: Ogerpon|49/100|[from] Salt Cure
|upkeep
|turn|19
|
|t:|1776040512
|move|p1a: Ogerpon|Synthesis|p1a: Ogerpon
|-heal|p1a: Ogerpon|99/100
|move|p2a: Garganacl|Salt Cure|p1a: Ogerpon
|-damage|p1a: Ogerpon|81/100
|
|-damage|p1a: Ogerpon|56/100|[from] Salt Cure
|upkeep
|turn|20
|
|t:|1776040515
|move|p1a: Ogerpon|Spikes|p2a: Garganacl
|-sidestart|p2: ButcherMarine|Spikes
|move|p2a: Garganacl|Salt Cure|p1a: Ogerpon
|-damage|p1a: Ogerpon|40/100
|
|-damage|p1a: Ogerpon|16/100|[from] Salt Cure
|upkeep
|turn|21
|
|t:|1776040517
|move|p1a: Ogerpon|Synthesis|p1a: Ogerpon
|-heal|p1a: Ogerpon|65/100
|move|p2a: Garganacl|Salt Cure|p1a: Ogerpon
|-damage|p1a: Ogerpon|49/100
|
|-damage|p1a: Ogerpon|24/100|[from] Salt Cure
|upkeep
|turn|22
|
|t:|1776040519
|move|p1a: Ogerpon|Synthesis|p1a: Ogerpon
|-heal|p1a: Ogerpon|74/100
|move|p2a: Garganacl|Salt Cure|p1a: Ogerpon
|-damage|p1a: Ogerpon|56/100
|
|-damage|p1a: Ogerpon|31/100|[from] Salt Cure
|upkeep
|turn|23
|
|t:|1776040522
|move|p1a: Ogerpon|Ivy Cudgel|p2a: Garganacl|[anim] Ivy Cudgel Water
|-crit|p2a: Garganacl
|-damage|p2a: Garganacl|53/100
|move|p2a: Garganacl|Salt Cure|p1a: Ogerpon
|-damage|p1a: Ogerpon|15/100
|
|-damage|p1a: Ogerpon|0 fnt|[from] Salt Cure
|faint|p1a: Ogerpon
|upkeep
|
|t:|1776040526
|switch|p1a: Zamazenta|Zamazenta|100/100
|-damage|p1a: Zamazenta|94/100|[from] Stealth Rock
|-ability|p1a: Zamazenta|Dauntless Shield|boost
|-boost|p1a: Zamazenta|def|1
|turn|24
|
|t:|1776040530
|switch|p1a: Garganacl|Garganacl, M|93/100
|-damage|p1a: Garganacl|81/100|[from] Stealth Rock
|switch|p2a: Moltres|Moltres|100/100
|
|-heal|p1a: Garganacl|87/100|[from] item: Leftovers
|upkeep
|turn|25
|
|t:|1776040535
|switch|p2a: Keldeo|Keldeo|100/100
|move|p1a: Garganacl|Salt Cure|p2a: Keldeo
|-resisted|p2a: Keldeo
|-damage|p2a: Keldeo|93/100
|-start|p2a: Keldeo|Salt Cure
|
|-heal|p1a: Garganacl|93/100|[from] item: Leftovers
|-damage|p2a: Keldeo|68/100|[from] Salt Cure
|upkeep
|turn|26
|
|t:|1776040541
|switch|p2a: Gholdengo|Gholdengo|100/100
|-damage|p2a: Gholdengo|94/100|[from] Stealth Rock
|-item|p2a: Gholdengo|Air Balloon
|switch|p1a: Dragapult|Dragapult, F|100/100
|
|upkeep
|turn|27
|
|t:|1776040548
|switch|p2a: Ting-Lu|Ting-Lu|100/100
|-damage|p2a: Ting-Lu|94/100|[from] Stealth Rock
|-damage|p2a: Ting-Lu|78/100|[from] Spikes
|-ability|p2a: Ting-Lu|Vessel of Ruin
|move|p1a: Dragapult|U-turn|p2a: Ting-Lu
|-supereffective|p2a: Ting-Lu
|-damage|p2a: Ting-Lu|58/100
|
|t:|1776040550
|switch|p1a: Iron Treads|Iron Treads|48/100|[from] U-turn
|-damage|p1a: Iron Treads|45/100|[from] Stealth Rock
|
|-heal|p2a: Ting-Lu|65/100|[from] item: Leftovers
|upkeep
|turn|28
|
|t:|1776040553
|move|p1a: Iron Treads|Rapid Spin|p2a: Ting-Lu
|-damage|p2a: Ting-Lu|58/100
|-boost|p1a: Iron Treads|spe|1
|-sideend|p1: Spookyz reqs|Stealth Rock|[from] move: Rapid Spin|[of] p1a: Iron Treads
|move|p2a: Ting-Lu|Earthquake|p1a: Iron Treads
|-supereffective|p1a: Iron Treads
|-damage|p1a: Iron Treads|0 fnt
|faint|p1a: Iron Treads
|-end|p1a: Iron Treads|Quark Drive|[silent]
|
|-heal|p2a: Ting-Lu|64/100|[from] item: Leftovers
|upkeep
|
|t:|1776040555
|switch|p1a: Garganacl|Garganacl, M|93/100
|turn|29
|
|t:|1776040558
|move|p2a: Ting-Lu|Spikes|p1a: Garganacl
|-sidestart|p1: Spookyz reqs|Spikes
|move|p1a: Garganacl|Iron Defense|p1a: Garganacl
|-boost|p1a: Garganacl|def|2
|
|-heal|p2a: Ting-Lu|70/100|[from] item: Leftovers
|-heal|p1a: Garganacl|99/100|[from] item: Leftovers
|upkeep
|turn|30
|
|t:|1776040562
|move|p1a: Garganacl|Body Press|p2a: Ting-Lu
|-supereffective|p2a: Ting-Lu
|-damage|p2a: Ting-Lu|20/100
|move|p2a: Ting-Lu|Whirlwind|p1a: Garganacl
|drag|p1a: Dragapult|Dragapult, F|100/100
|
|-heal|p2a: Ting-Lu|26/100|[from] item: Leftovers
|upkeep
|turn|31
|
|t:|1776040567
|move|p1a: Dragapult|U-turn|p2a: Ting-Lu
|-supereffective|p2a: Ting-Lu
|-damage|p2a: Ting-Lu|10/100
|
|t:|1776040569
|switch|p1a: Moltres|Moltres|76/100|[from] U-turn
|move|p2a: Ting-Lu|Ruination|p1a: Moltres
|-damage|p1a: Moltres|38/100
|
|-heal|p2a: Ting-Lu|16/100|[from] item: Leftovers
|upkeep
|turn|32
|
|t:|1776040572
|move|p1a: Moltres|U-turn|p2a: Ting-Lu
|-supereffective|p2a: Ting-Lu
|-damage|p2a: Ting-Lu|1/100
|
|t:|1776040573
|switch|p1a: Dragapult|Dragapult, F|100/100|[from] U-turn
|move|p2a: Ting-Lu|Earthquake|p1a: Dragapult
|-damage|p1a: Dragapult|52/100
|
|-heal|p2a: Ting-Lu|8/100|[from] item: Leftovers
|upkeep
|turn|33
|
|t:|1776040581
|move|p1a: Dragapult|U-turn|p2a: Ting-Lu
|-supereffective|p2a: Ting-Lu
|-damage|p2a: Ting-Lu|0 fnt
|faint|p2a: Ting-Lu
|
|t:|1776040582
|switch|p1a: Moltres|Moltres|38/100|[from] U-turn
|
|upkeep
|
|t:|1776040584
|switch|p2a: Garganacl|Garganacl, M, tera:Fairy|53/100
|-damage|p2a: Garganacl|40/100|[from] Stealth Rock
|-damage|p2a: Garganacl|24/100|[from] Spikes
|turn|34
|
|t:|1776040587
|move|p1a: Moltres|Flamethrower|p2a: Garganacl
|-damage|p2a: Garganacl|0 fnt
|faint|p2a: Garganacl
|
|upkeep
|
|t:|1776040590
|switch|p2a: Keldeo|Keldeo|68/100
|turn|35
|
|t:|1776040593
|switch|p1a: Dragapult|Dragapult, F|52/100
|move|p2a: Keldeo|Surf|p1a: Dragapult
|-resisted|p1a: Dragapult
|-damage|p1a: Dragapult|19/100
|
|upkeep
|turn|36
|
|t:|1776040596
|move|p1a: Dragapult|Draco Meteor|p2a: Keldeo
|-damage|p2a: Keldeo|6/100
|-unboost|p1a: Dragapult|spa|2
|move|p2a: Keldeo|Surf|p1a: Dragapult
|-resisted|p1a: Dragapult
|-damage|p1a: Dragapult|0 fnt
|faint|p1a: Dragapult
|
|upkeep
|
|t:|1776040598
|switch|p1a: Zamazenta|Zamazenta|94/100
|-damage|p1a: Zamazenta|82/100|[from] Spikes
|turn|37
|
|t:|1776040601
|move|p1a: Zamazenta|Crunch|p2a: Keldeo
|-resisted|p2a: Keldeo
|-damage|p2a: Keldeo|0 fnt
|faint|p2a: Keldeo
|
|upkeep
|
|t:|1776040604
|switch|p2a: Moltres|Moltres|100/100
|turn|38
|
|t:|1776040608
|switch|p1a: Moltres|Moltres|38/100
|move|p2a: Moltres|U-turn|p1a: Moltres
|-resisted|p1a: Moltres
|-damage|p1a: Moltres|36/100
|
|t:|1776040616
|switch|p2a: Gholdengo|Gholdengo|94/100|[from] U-turn
|-damage|p2a: Gholdengo|88/100|[from] Stealth Rock
|-item|p2a: Gholdengo|Air Balloon
|
|upkeep
|turn|39
|
|t:|1776040619
|move|p1a: Moltres|Roost|p1a: Moltres
|-heal|p1a: Moltres|86/100
|-singleturn|p1a: Moltres|move: Roost
|move|p2a: Gholdengo|Thunder Wave|p1a: Moltres|[miss]
|-miss|p2a: Gholdengo|p1a: Moltres
|
|upkeep
|turn|40
|
|t:|1776040628
|move|p1a: Moltres|Flamethrower|p2a: Gholdengo
|-supereffective|p2a: Gholdengo
|-damage|p2a: Gholdengo|21/100
|-enditem|p2a: Gholdengo|Air Balloon
|move|p2a: Gholdengo|Thunder Wave|p1a: Moltres
|-status|p1a: Moltres|par
|
|upkeep
|turn|41
|
|t:|1776040633
|move|p2a: Gholdengo|Hex|p1a: Moltres
|-damage|p1a: Moltres|19/100 par
|move|p1a: Moltres|Flamethrower|p2a: Gholdengo
|-supereffective|p2a: Gholdengo
|-damage|p2a: Gholdengo|0 fnt
|faint|p2a: Gholdengo
|
|upkeep
|
|t:|1776040638
|switch|p2a: Ogerpon|Ogerpon, F|88/100
|-damage|p2a: Ogerpon|76/100|[from] Stealth Rock
|-damage|p2a: Ogerpon|59/100|[from] Spikes
|turn|42
|
|t:|1776040645
|move|p2a: Ogerpon|Knock Off|p1a: Moltres
|-damage|p1a: Moltres|5/100 par
|-status|p2a: Ogerpon|brn|[from] ability: Flame Body|[of] p1a: Moltres
|move|p1a: Moltres|Roost|p1a: Moltres
|-heal|p1a: Moltres|55/100 par
|-singleturn|p1a: Moltres|move: Roost
|
|-damage|p2a: Ogerpon|53/100 brn|[from] brn
|upkeep
|turn|43
|-message|ButcherMarine forfeited.
|
|win|Spookyz reqs
|raw|Spookyz reqs's rating: 1503 &rarr; <strong>1528</strong><br />(+25 for winning)
|raw|ButcherMarine's rating: 1585 &rarr; <strong>1560</strong><br />(-25 for losing)
|l|☆ButcherMarine
|player|p2|
|l|☆Spookyz reqs
|player|p1|
