|html|<div class="broadcast-blue"><strong>[Gen 9] OU is currently suspecting Volcarona! For information on how to participate check out the <a href="https://www.smogon.com/tools/suspects/view/208">suspect thread</a>.</strong></div>
|j|☆viutil
|j|☆Pokeboomer Wetini
|t:|1778496736
|gametype|singles
|player|p1|viutil|101|1487
|player|p2|Pokeboomer Wetini|wattson|1407
|gen|9
|tier|[Gen 9] OU
|rated|
|rule|HP Percentage Mod: HP is shown in percentages
|rule|Endless Battle Clause: Forcing endless battles is banned
|rule|Species Clause: Limit one of each Pokémon
|rule|OHKO Clause: OHKO moves are banned
|rule|Evasion Items Clause: Evasion items are banned
|rule|Evasion Moves Clause: Evasion moves are banned
|rule|Evasion Abilities Clause: Evasion abilities are banned
|rule|Sleep Moves Clause: Sleep-inducing moves are banned
|clearpoke
|poke|p1|Dragonite, M|
|poke|p1|Iron Valiant|
|poke|p1|Cinderace, F|
|poke|p1|Pecharunt|
|poke|p1|Samurott-Hisui, M|
|poke|p1|Iron Treads|
|poke|p2|Glimmora, F|
|poke|p2|Gholdengo|
|poke|p2|Gliscor, M|
|poke|p2|Kleavor, M|
|poke|p2|Skarmory, F|
|poke|p2|Samurott-Hisui, M|
|teampreview
|
|t:|1778496761
|teamsize|p1|6
|teamsize|p2|6
|start
|switch|p1a: Samurott|Samurott-Hisui, M|100/100
|switch|p2a: Psycho Mantis|Kleavor, M, shiny|100/100
|turn|1
|
|t:|1778496778
|move|p1a: Samurott|Razor Shell|p2a: Psycho Mantis
|-supereffective|p2a: Psycho Mantis
|-damage|p2a: Psycho Mantis|0 fnt
|faint|p2a: Psycho Mantis
|
|upkeep
|inactive|Battle timer is ON: inactive players will automatically lose when time's up. (requested by viutil)
|
|t:|1778496785
|switch|p2a: The Blue Spirit|Samurott-Hisui, M, shiny|100/100
|turn|2
|
|t:|1778496792
|switch|p1a: Iron Valiant|Iron Valiant|100/100
|-enditem|p1a: Iron Valiant|Booster Energy
|-activate|p1a: Iron Valiant|ability: Quark Drive|[fromitem]
|-start|p1a: Iron Valiant|quarkdrivespe
|move|p2a: The Blue Spirit|Sacred Sword|p1a: Iron Valiant
|-resisted|p1a: Iron Valiant
|-damage|p1a: Iron Valiant|72/100
|
|upkeep
|turn|3
|
|t:|1778496801
|switch|p2a: Lotus Petal|Glimmora, F|100/100
|move|p1a: Iron Valiant|Calm Mind|p1a: Iron Valiant
|-boost|p1a: Iron Valiant|spa|1
|-boost|p1a: Iron Valiant|spd|1
|
|upkeep
|turn|4
|
|t:|1778496812
|move|p1a: Iron Valiant|Moonblast|p2a: Lotus Petal
|-resisted|p2a: Lotus Petal
|-damage|p2a: Lotus Petal|65/100
|-unboost|p2a: Lotus Petal|spa|1
|move|p2a: Lotus Petal|Toxic|p1a: Iron Valiant
|-status|p1a: Iron Valiant|tox
|
|-heal|p2a: Lotus Petal|71/100|[from] item: Leftovers
|-damage|p1a: Iron Valiant|66/100 tox|[from] psn
|upkeep
|turn|5
|
|t:|1778496824
|move|p2a: Lotus Petal|Spiky Shield|p2a: Lotus Petal
|-singleturn|p2a: Lotus Petal|move: Protect
|move|p1a: Iron Valiant|Shadow Ball|p2a: Lotus Petal
|-activate|p2a: Lotus Petal|move: Protect
|
|-heal|p2a: Lotus Petal|77/100|[from] item: Leftovers
|-damage|p1a: Iron Valiant|54/100 tox|[from] psn
|upkeep
|turn|6
|
|t:|1778496841
|switch|p2a: The Blue Spirit|Samurott-Hisui, M, shiny|100/100
|move|p1a: Iron Valiant|Shadow Ball|p2a: The Blue Spirit
|-resisted|p2a: The Blue Spirit
|-crit|p2a: The Blue Spirit
|-damage|p2a: The Blue Spirit|60/100
|
|-damage|p1a: Iron Valiant|35/100 tox|[from] psn
|upkeep
|turn|7
|
|t:|1778496856
|-terastallize|p2a: The Blue Spirit|Ghost
|move|p1a: Iron Valiant|Moonblast|p2a: The Blue Spirit
|-damage|p2a: The Blue Spirit|0 fnt
|faint|p2a: The Blue Spirit
|
|-damage|p1a: Iron Valiant|10/100 tox|[from] psn
|upkeep
|
|t:|1778496864
|switch|p2a: Bart|Gliscor, M, shiny|100/100
|turn|8
|
|t:|1778496870
|move|p2a: Bart|Protect|p2a: Bart
|-singleturn|p2a: Bart|Protect
|move|p1a: Iron Valiant|Moonblast|p2a: Bart
|-activate|p2a: Bart|move: Protect
|
|-damage|p1a: Iron Valiant|0 fnt|[from] psn
|faint|p1a: Iron Valiant
|-end|p1a: Iron Valiant|Quark Drive|[silent]
|-status|p2a: Bart|tox|[from] item: Toxic Orb
|upkeep
|
|t:|1778496872
|switch|p1a: Samurott|Samurott-Hisui, M|100/100
|turn|9
|
|t:|1778496895
|move|p1a: Samurott|Razor Shell|p2a: Bart
|-supereffective|p2a: Bart
|-damage|p2a: Bart|13/100 tox
|-unboost|p2a: Bart|def|1
|move|p2a: Bart|Toxic|p1a: Samurott
|-status|p1a: Samurott|tox
|
|-damage|p1a: Samurott|94/100 tox|[from] psn
|-heal|p2a: Bart|26/100 tox|[from] ability: Poison Heal
|upkeep
|turn|10
|
|t:|1778496912
|move|p2a: Bart|Protect|p2a: Bart
|-singleturn|p2a: Bart|Protect
|move|p1a: Samurott|Razor Shell|p2a: Bart
|-activate|p2a: Bart|move: Protect
|
|-damage|p1a: Samurott|82/100 tox|[from] psn
|-heal|p2a: Bart|38/100 tox|[from] ability: Poison Heal
|upkeep
|turn|11
|
|t:|1778496921
|switch|p1a: Cinderace|Cinderace, F|100/100
|switch|p2a: Twitter|Skarmory, F, shiny|100/100
|
|upkeep
|turn|12
|inactive|Pokeboomer Wetini has 120 seconds left.
|
|t:|1778496943
|switch|p2a: Lotus Petal|Glimmora, F|77/100
|move|p1a: Cinderace|Pyro Ball|p2a: Lotus Petal
|-resisted|p2a: Lotus Petal
|-damage|p2a: Lotus Petal|57/100
|-activate|p2a: Lotus Petal|ability: Toxic Debris
|-sidestart|p1: viutil|move: Toxic Spikes
|
|-heal|p2a: Lotus Petal|63/100|[from] item: Leftovers
|upkeep
|turn|13
|inactive|Pokeboomer Wetini has 120 seconds left.
|
|t:|1778496959
|switch|p1a: Pecharunt|Pecharunt|100/100
|-sideend|p1: viutil|move: Toxic Spikes|[of] p1a: Pecharunt
|move|p2a: Lotus Petal|Toxic|p1a: Pecharunt
|-immune|p1a: Pecharunt
|
|-heal|p2a: Lotus Petal|69/100|[from] item: Leftovers
|upkeep
|turn|14
|inactive|Pokeboomer Wetini has 120 seconds left.
|-message|Pokeboomer Wetini forfeited.
|
|win|viutil
|raw|viutil's rating: 1487 &rarr; <strong>1502</strong><br />(+15 for winning)
|raw|Pokeboomer Wetini's rating: 1407 &rarr; <strong>1392</strong><br />(-15 for losing)
|l|☆Pokeboomer Wetini
|player|p2|
|l|☆viutil
|player|p1|
