|html|<div class="broadcast-blue"><strong>[Gen 9] OU is currently suspecting Tera Blast! For information on how to participate check out the <a href="https://www.smogon.com/tools/suspects/view/200">suspect thread</a>.</strong></div>
|j|☆lokitheasgard
|j|☆FukasaK
|t:|1776042389
|gametype|singles
|player|p1|lokitheasgard|265|1087
|player|p2|FukasaK|rosa|1072
|gen|9
|tier|[Gen 9] OU
|rated|
|rule|HP Percentage Mod: HP is shown in percentages
|rule|Endless Battle Clause: Forcing endless battles is banned
|rule|Species Clause: Limit one of each Pokémon
|rule|OHKO Clause: OHKO moves are banned
|rule|Evasion Items Clause: Evasion items are banned
|rule|Evasion Moves Clause: Evasion moves are banned
|rule|Evasion Abilities Clause: Evasion abilities are banned
|rule|Sleep Moves Clause: Sleep-inducing moves are banned
|clearpoke
|poke|p1|Gliscor, M|
|poke|p1|Torkoal, M|
|poke|p1|Leavanny, F|
|poke|p1|Great Tusk|
|poke|p1|Slowking-Galar, F|
|poke|p1|Rampardos, F|
|poke|p2|Blastoise, M|
|poke|p2|Pelipper, M|
|poke|p2|Ursaluna, M|
|poke|p2|Zapdos|
|poke|p2|Zoroark-Hisui, M|
|poke|p2|Iron Leaves|
|teampreview
|inactive|Battle timer is ON: inactive players will automatically lose when time's up. (requested by FukasaK)
|
|t:|1776042399
|teamsize|p1|6
|teamsize|p2|6
|start
|switch|p1a: Torkoal|Torkoal, M|100/100
|switch|p2a: Pelipper|Pelipper, M|100/100
|-weather|RainDance|[from] ability: Drizzle|[of] p2a: Pelipper
|-weather|SunnyDay|[from] ability: Drought|[of] p1a: Torkoal
|turn|1
|
|t:|1776042419
|move|p2a: Pelipper|U-turn|p1a: Torkoal
|-resisted|p1a: Torkoal
|-damage|p1a: Torkoal|97/100
|
|t:|1776042428
|switch|p2a: Blastoise|Blastoise, M|100/100|[from] U-turn
|move|p1a: Torkoal|Solar Beam||[still]
|-prepare|p1a: Torkoal|Solar Beam
|-anim|p1a: Torkoal|Solar Beam|p2a: Blastoise
|-supereffective|p2a: Blastoise
|-damage|p2a: Blastoise|35/100
|
|-weather|SunnyDay|[upkeep]
|upkeep
|turn|2
|
|t:|1776042438
|move|p2a: Blastoise|Flip Turn|p1a: Torkoal
|-supereffective|p1a: Torkoal
|-damage|p1a: Torkoal|83/100
|
|t:|1776042439
|switch|p2a: Pelipper|Pelipper, M|100/100|[from] Flip Turn
|-weather|RainDance|[from] ability: Drizzle|[of] p2a: Pelipper
|move|p1a: Torkoal|Solar Beam||[still]
|-prepare|p1a: Torkoal|Solar Beam
|
|-weather|RainDance|[upkeep]
|upkeep
|turn|3
|
|t:|1776042449
|move|p2a: Pelipper|Hurricane|p1a: Torkoal
|-damage|p1a: Torkoal|47/100
|move|p1a: Torkoal|Solar Beam|p2a: Pelipper|[from] lockedmove
|-damage|p2a: Pelipper|76/100
|
|-weather|RainDance|[upkeep]
|-heal|p2a: Pelipper|83/100|[from] item: Leftovers
|upkeep
|turn|4
|
|t:|1776042458
|switch|p1a: Slowking|Slowking-Galar, F, shiny|100/100
|move|p2a: Pelipper|Hydro Pump|p1a: Slowking
|-damage|p1a: Slowking|53/100
|
|-weather|RainDance|[upkeep]
|-heal|p2a: Pelipper|89/100|[from] item: Leftovers
|-heal|p1a: Slowking|59/100|[from] item: Leftovers
|upkeep
|turn|5
|
|t:|1776042467
|move|p2a: Pelipper|Knock Off|p1a: Slowking
|-supereffective|p1a: Slowking
|-damage|p1a: Slowking|39/100
|-enditem|p1a: Slowking|Leftovers|[from] move: Knock Off|[of] p2a: Pelipper
|move|p1a: Slowking|Toxic|p2a: Pelipper
|-status|p2a: Pelipper|tox
|
|-weather|RainDance|[upkeep]
|-heal|p2a: Pelipper|95/100 tox|[from] item: Leftovers
|-damage|p2a: Pelipper|89/100 tox|[from] psn
|upkeep
|turn|6
|
|t:|1776042487
|switch|p1a: Torkoal|Torkoal, M|47/100
|-weather|SunnyDay|[from] ability: Drought|[of] p1a: Torkoal
|move|p2a: Pelipper|Hydro Pump|p1a: Torkoal
|-supereffective|p1a: Torkoal
|-damage|p1a: Torkoal|14/100
|
|-weather|SunnyDay|[upkeep]
|-heal|p2a: Pelipper|95/100 tox|[from] item: Leftovers
|-damage|p2a: Pelipper|83/100 tox|[from] psn
|upkeep
|turn|7
|
|t:|1776042498
|move|p2a: Pelipper|Hydro Pump|p1a: Torkoal
|-supereffective|p1a: Torkoal
|-damage|p1a: Torkoal|0 fnt
|faint|p1a: Torkoal
|
|-weather|SunnyDay|[upkeep]
|-heal|p2a: Pelipper|89/100 tox|[from] item: Leftovers
|-damage|p2a: Pelipper|70/100 tox|[from] psn
|upkeep
|
|t:|1776042506
|switch|p1a: Leavanny|Leavanny, F|100/100
|turn|8
|
|t:|1776042518
|move|p1a: Leavanny|Sticky Web|p2a: Pelipper
|-sidestart|p2: FukasaK|move: Sticky Web
|move|p2a: Pelipper|U-turn|p1a: Leavanny
|-supereffective|p1a: Leavanny
|-damage|p1a: Leavanny|75/100
|
|t:|1776042522
|switch|p2a: Zapdos|Zapdos|100/100|[from] U-turn
|-ability|p2a: Zapdos|Pressure
|
|-weather|SunnyDay|[upkeep]
|upkeep
|turn|9
|
|t:|1776042537
|move|p1a: Leavanny|Triple Axel|p2a: Zapdos
|-supereffective|p2a: Zapdos
|-damage|p2a: Zapdos|87/100
|-supereffective|p2a: Zapdos
|-damage|p2a: Zapdos|57/100
|-supereffective|p2a: Zapdos
|-damage|p2a: Zapdos|17/100
|-hitcount|p2a: Zapdos|3
|move|p2a: Zapdos|Weather Ball|p1a: Leavanny
|-supereffective|p1a: Leavanny
|-damage|p1a: Leavanny|0 fnt
|faint|p1a: Leavanny
|
|-weather|SunnyDay|[upkeep]
|upkeep
|inactive|lokitheasgard has 120 seconds left.
|
|t:|1776042557
|switch|p1a: Slowking|Slowking-Galar, F, shiny|72/100
|turn|10
|
|t:|1776042573
|switch|p2a: Pelipper|Pelipper, M|70/100 tox
|-weather|RainDance|[from] ability: Drizzle|[of] p2a: Pelipper
|move|p1a: Slowking|Toxic|p2a: Pelipper
|-fail|p2a: Pelipper|tox
|
|-weather|RainDance|[upkeep]
|-heal|p2a: Pelipper|76/100 tox|[from] item: Leftovers
|-damage|p2a: Pelipper|70/100 tox|[from] psn
|upkeep
|turn|11
|
|t:|1776042589
|move|p2a: Pelipper|Hydro Pump|p1a: Slowking
|-damage|p1a: Slowking|31/100
|move|p1a: Slowking|Calm Mind|p1a: Slowking
|-boost|p1a: Slowking|spa|1
|-boost|p1a: Slowking|spd|1
|
|-weather|RainDance|[upkeep]
|-heal|p2a: Pelipper|76/100 tox|[from] item: Leftovers
|-damage|p2a: Pelipper|64/100 tox|[from] psn
|upkeep
|turn|12
|
|t:|1776042601
|move|p2a: Pelipper|Hydro Pump|p1a: Slowking
|-damage|p1a: Slowking|3/100
|move|p1a: Slowking|Shadow Ball|p2a: Pelipper
|-damage|p2a: Pelipper|24/100 tox
|
|-weather|RainDance|[upkeep]
|-heal|p2a: Pelipper|30/100 tox|[from] item: Leftovers
|-damage|p2a: Pelipper|11/100 tox|[from] psn
|upkeep
|turn|13
|
|t:|1776042612
|move|p2a: Pelipper|Hurricane|p1a: Slowking
|-damage|p1a: Slowking|0 fnt
|faint|p1a: Slowking
|
|-weather|RainDance|[upkeep]
|-heal|p2a: Pelipper|17/100 tox|[from] item: Leftovers
|-damage|p2a: Pelipper|0 fnt|[from] psn
|faint|p2a: Pelipper
|upkeep
|inactive|lokitheasgard has 120 seconds left.
|
|t:|1776042638
|switch|p2a: Zapdos|Zapdos|17/100
|switch|p1a: Rampardos|Rampardos, F|100/100
|-ability|p2a: Zapdos|Pressure
|-ability|p1a: Rampardos|Mold Breaker
|turn|14
|
|t:|1776042663
|-terastallize|p1a: Rampardos|Grass
|move|p2a: Zapdos|Weather Ball|p1a: Rampardos
|-resisted|p1a: Rampardos
|-damage|p1a: Rampardos|64/100
|move|p1a: Rampardos|Trailblaze|p2a: Zapdos
|-resisted|p2a: Zapdos
|-damage|p2a: Zapdos|0 fnt
|-boost|p1a: Rampardos|spe|1
|faint|p2a: Zapdos
|-damage|p1a: Rampardos|55/100|[from] item: Life Orb
|
|-weather|none
|upkeep
|
|t:|1776042677
|switch|p2a: Iron Leaves|Iron Leaves|100/100
|-activate|p2a: Iron Leaves|move: Sticky Web
|-unboost|p2a: Iron Leaves|spe|1
|turn|15
|
|t:|1776042685
|move|p1a: Rampardos|Rock Slide|p2a: Iron Leaves|[miss]
|-miss|p1a: Rampardos|p2a: Iron Leaves
|move|p2a: Iron Leaves|Psyblade|p1a: Rampardos
|-damage|p1a: Rampardos|0 fnt
|faint|p1a: Rampardos
|-damage|p2a: Iron Leaves|91/100|[from] item: Life Orb
|
|upkeep
|
|t:|1776042694
|switch|p1a: Gliscor|Gliscor, M|100/100
|turn|16
|
|t:|1776042712
|move|p1a: Gliscor|Swords Dance|p1a: Gliscor
|-boost|p1a: Gliscor|atk|2
|move|p2a: Iron Leaves|Leaf Blade|p1a: Gliscor
|-damage|p1a: Gliscor|41/100
|-damage|p2a: Iron Leaves|81/100|[from] item: Life Orb
|
|-status|p1a: Gliscor|tox|[from] item: Toxic Orb
|upkeep
|turn|17
|
|t:|1776042728
|move|p1a: Gliscor|Dual Wingbeat|p2a: Iron Leaves
|-supereffective|p2a: Iron Leaves
|-damage|p2a: Iron Leaves|0 fnt
|faint|p2a: Iron Leaves
|-end|p2a: Iron Leaves|Quark Drive|[silent]
|-hitcount|p2: Iron Leaves|1
|
|-heal|p1a: Gliscor|53/100 tox|[from] ability: Poison Heal
|upkeep
|
|t:|1776042733
|switch|p2a: Ursaluna|Ursaluna, M|100/100
|-activate|p2a: Ursaluna|move: Sticky Web
|-unboost|p2a: Ursaluna|spe|1
|turn|18
|
|t:|1776042748
|move|p1a: Gliscor|Facade|p2a: Ursaluna
|-damage|p2a: Ursaluna|44/100
|move|p2a: Ursaluna|Avalanche|p1a: Gliscor
|-supereffective|p1a: Gliscor
|-damage|p1a: Gliscor|0 fnt
|faint|p1a: Gliscor
|
|-status|p2a: Ursaluna|brn|[from] item: Flame Orb
|upkeep
|
|t:|1776042758
|switch|p1a: Great Tusk|Great Tusk|100/100
|-enditem|p1a: Great Tusk|Booster Energy
|-activate|p1a: Great Tusk|ability: Protosynthesis|[fromitem]
|-start|p1a: Great Tusk|protosynthesisdef
|turn|19
|
|t:|1776042774
|move|p1a: Great Tusk|Body Press|p2a: Ursaluna
|-supereffective|p2a: Ursaluna
|-damage|p2a: Ursaluna|0 fnt
|faint|p2a: Ursaluna
|
|upkeep
|
|t:|1776042786
|switch|p2a: Blastoise|Blastoise, M|35/100
|-activate|p2a: Blastoise|move: Sticky Web
|-unboost|p2a: Blastoise|spe|1
|turn|20
|inactive|lokitheasgard has 120 seconds left.
|
|t:|1776042796
|move|p2a: Blastoise|Icy Wind|p1a: Great Tusk
|-supereffective|p1a: Great Tusk
|-damage|p1a: Great Tusk|59/100
|-unboost|p1a: Great Tusk|spe|1
|move|p1a: Great Tusk|Rapid Spin|p2a: Blastoise
|-damage|p2a: Blastoise|19/100
|-boost|p1a: Great Tusk|spe|1
|
|upkeep
|turn|21
|inactive|lokitheasgard has 120 seconds left.
|
|t:|1776042808
|move|p2a: Blastoise|Icy Wind|p1a: Great Tusk
|-supereffective|p1a: Great Tusk
|-crit|p1a: Great Tusk
|-damage|p1a: Great Tusk|0 fnt
|faint|p1a: Great Tusk
|-end|p1a: Great Tusk|Protosynthesis|[silent]
|
|win|FukasaK
|raw|lokitheasgard's rating: 1087 &rarr; <strong>1063</strong><br />(-24 for losing)
|raw|FukasaK's rating: 1072 &rarr; <strong>1102</strong><br />(+30 for winning)
|c|☆FukasaK|Stray crit
