|html|<div class="broadcast-blue"><strong>[Gen 9] OU is currently suspecting Tera Blast! For information on how to participate check out the <a href="https://www.smogon.com/tools/suspects/view/200">suspect thread</a>.</strong></div>
|j|☆Lano Del Rey2
|j|☆frankiejkuna
|t:|1776057992
|gametype|singles
|player|p1|Lano Del Rey2|bugcatcher-gen4dp|1150
|player|p2|frankiejkuna|102|1103
|gen|9
|tier|[Gen 9] OU
|rated|
|rule|HP Percentage Mod: HP is shown in percentages
|rule|Endless Battle Clause: Forcing endless battles is banned
|rule|Species Clause: Limit one of each Pokémon
|rule|OHKO Clause: OHKO moves are banned
|rule|Evasion Items Clause: Evasion items are banned
|rule|Evasion Moves Clause: Evasion moves are banned
|rule|Evasion Abilities Clause: Evasion abilities are banned
|rule|Sleep Moves Clause: Sleep-inducing moves are banned
|clearpoke
|poke|p1|Rotom-Wash|
|poke|p1|Dragonite, M|
|poke|p1|Heatran, M|
|poke|p1|Sinistcha-Masterpiece|
|poke|p1|Clefable, M|
|poke|p1|Excadrill, M|
|poke|p2|Masquerain, M|
|poke|p2|Squawkabilly-Blue, M|
|poke|p2|Basculin, M|
|poke|p2|Crocalor, M|
|poke|p2|Jolteon, M|
|poke|p2|Gogoat, M|
|teampreview
|inactive|Battle timer is ON: inactive players will automatically lose when time's up. (requested by Lano Del Rey2)
|j| ohko_smeargle
|
|t:|1776058019
|teamsize|p1|6
|teamsize|p2|6
|start
|switch|p1a: Sinistcha|Sinistcha-Masterpiece, shiny|100/100
|switch|p2a: Masquerain|Masquerain, M, shiny|100/100
|-ability|p2a: Masquerain|Intimidate|boost
|-unboost|p1a: Sinistcha|atk|1
|turn|1
|
|t:|1776058038
|-terastallize|p1a: Sinistcha|Fairy
|move|p2a: Masquerain|Sticky Web|p1a: Sinistcha
|-sidestart|p1: Lano Del Rey2|move: Sticky Web
|move|p1a: Sinistcha|Calm Mind|p1a: Sinistcha
|-boost|p1a: Sinistcha|spa|1
|-boost|p1a: Sinistcha|spd|1
|
|upkeep
|turn|2
|
|t:|1776058045
|move|p2a: Masquerain|Quiver Dance|p2a: Masquerain
|-boost|p2a: Masquerain|spa|1
|-boost|p2a: Masquerain|spd|1
|-boost|p2a: Masquerain|spe|1
|move|p1a: Sinistcha|Stun Spore|p2a: Masquerain
|-status|p2a: Masquerain|par
|
|upkeep
|turn|3
|
|t:|1776058052
|move|p2a: Masquerain|Quiver Dance|p2a: Masquerain
|-boost|p2a: Masquerain|spa|1
|-boost|p2a: Masquerain|spd|1
|-boost|p2a: Masquerain|spe|1
|move|p1a: Sinistcha|Hex|p2a: Masquerain
|-damage|p2a: Masquerain|43/100 par
|
|upkeep
|turn|4
|
|t:|1776058061
|-terastallize|p2a: Masquerain|Water
|move|p2a: Masquerain|Hydro Pump|p1a: Sinistcha
|-damage|p1a: Sinistcha|29/100
|move|p1a: Sinistcha|Hex|p2a: Masquerain
|-damage|p2a: Masquerain|0 fnt
|faint|p2a: Masquerain
|
|-heal|p1a: Sinistcha|35/100|[from] item: Leftovers
|upkeep
|inactive|frankiejkuna has 120 seconds left.
|
|t:|1776058104
|switch|p2a: Squawkabilly|Squawkabilly-Blue, M, shiny|100/100
|turn|5
|
|t:|1776058117
|switch|p1a: Rotom|Rotom-Wash|100/100
|move|p2a: Squawkabilly|Brave Bird|p1a: Rotom
|-resisted|p1a: Rotom
|-damage|p1a: Rotom|80/100
|-damage|p2a: Squawkabilly|94/100|[from] Recoil
|
|-heal|p1a: Rotom|87/100|[from] item: Leftovers
|-status|p2a: Squawkabilly|brn|[from] item: Flame Orb
|upkeep
|turn|6
|inactive|frankiejkuna has 120 seconds left.
|
|t:|1776058134
|move|p2a: Squawkabilly|Facade|p1a: Rotom
|-crit|p1a: Rotom
|-damage|p1a: Rotom|0 fnt
|faint|p1a: Rotom
|
|-damage|p2a: Squawkabilly|88/100 brn|[from] brn
|upkeep
|
|t:|1776058142
|switch|p1a: Heatran|Heatran, M, shiny|100/100
|-activate|p1a: Heatran|move: Sticky Web
|-unboost|p1a: Heatran|spe|1
|turn|7
|inactive|frankiejkuna has 120 seconds left.
|
|t:|1776058158
|move|p2a: Squawkabilly|U-turn|p1a: Heatran
|-resisted|p1a: Heatran
|-damage|p1a: Heatran|95/100
|
|t:|1776058168
|switch|p2a: Crocalor|Crocalor, M, shiny|100/100|[from] U-turn
|move|p1a: Heatran|Stealth Rock|p2a: Crocalor
|-sidestart|p2: frankiejkuna|move: Stealth Rock
|
|-heal|p1a: Heatran|100/100|[from] item: Leftovers
|upkeep
|turn|8
|inactive|frankiejkuna has 90 seconds left.
|
|t:|1776058205
|switch|p2a: Basculin|Basculin, M, shiny|100/100
|-damage|p2a: Basculin|88/100|[from] Stealth Rock
|move|p1a: Heatran|Earth Power|p2a: Basculin
|-damage|p2a: Basculin|38/100
|
|upkeep
|turn|9
|inactive|frankiejkuna has 90 seconds left.
|
|t:|1776058223
|switch|p1a: Clefable|Clefable, M, shiny|100/100
|-activate|p1a: Clefable|move: Sticky Web
|-unboost|p1a: Clefable|spe|1
|move|p2a: Basculin|Wave Crash|p1a: Clefable
|-damage|p1a: Clefable|31/100
|-damage|p2a: Basculin|6/100|[from] Recoil
|
|-heal|p1a: Clefable|37/100|[from] item: Leftovers
|upkeep
|turn|10
|inactive|frankiejkuna has 90 seconds left.
|
|t:|1776058238
|move|p2a: Basculin|Wave Crash|p1a: Clefable
|-damage|p1a: Clefable|0 fnt
|faint|p1a: Clefable
|-damage|p2a: Basculin|0 fnt|[from] Recoil
|faint|p2a: Basculin
|
|upkeep
|inactive|frankiejkuna has 90 seconds left.
|
|t:|1776058254
|switch|p2a: Jolteon|Jolteon, M, shiny|100/100
|switch|p1a: Dragonite|Dragonite, M|100/100
|-damage|p2a: Jolteon|88/100|[from] Stealth Rock
|turn|11
|
|t:|1776058267
|move|p2a: Jolteon|Thunderbolt|p1a: Dragonite
|-damage|p1a: Dragonite|67/100
|move|p1a: Dragonite|Dragon Dance|p1a: Dragonite
|-boost|p1a: Dragonite|atk|1
|-boost|p1a: Dragonite|spe|1
|
|-heal|p1a: Dragonite|74/100|[from] item: Leftovers
|upkeep
|turn|12
|
|t:|1776058275
|move|p1a: Dragonite|Earthquake|p2a: Jolteon
|-supereffective|p2a: Jolteon
|-damage|p2a: Jolteon|0 fnt
|faint|p2a: Jolteon
|
|-heal|p1a: Dragonite|80/100|[from] item: Leftovers
|upkeep
|
|t:|1776058278
|switch|p2a: Crocalor|Crocalor, M, shiny|100/100
|-damage|p2a: Crocalor|76/100|[from] Stealth Rock
|turn|13
|
|t:|1776058284
|move|p1a: Dragonite|Earthquake|p2a: Crocalor
|-supereffective|p2a: Crocalor
|-damage|p2a: Crocalor|17/100
|move|p2a: Crocalor|Will-O-Wisp|p1a: Dragonite
|-status|p1a: Dragonite|brn
|
|-heal|p1a: Dragonite|86/100 brn|[from] item: Leftovers
|-damage|p1a: Dragonite|80/100 brn|[from] brn
|upkeep
|turn|14
|
|t:|1776058292
|switch|p2a: Gogoat|Gogoat, M, shiny|100/100
|-damage|p2a: Gogoat|88/100|[from] Stealth Rock
|move|p1a: Dragonite|Earthquake|p2a: Gogoat
|-resisted|p2a: Gogoat
|-damage|p2a: Gogoat|74/100
|
|-heal|p1a: Dragonite|86/100 brn|[from] item: Leftovers
|-heal|p2a: Gogoat|80/100|[from] item: Leftovers
|-damage|p1a: Dragonite|80/100 brn|[from] brn
|upkeep
|turn|15
|
|t:|1776058307
|move|p1a: Dragonite|Ice Spinner|p2a: Gogoat
|-supereffective|p2a: Gogoat
|-damage|p2a: Gogoat|29/100
|move|p2a: Gogoat|Bulk Up|p2a: Gogoat
|-boost|p2a: Gogoat|atk|1
|-boost|p2a: Gogoat|def|1
|
|-heal|p1a: Dragonite|86/100 brn|[from] item: Leftovers
|-heal|p2a: Gogoat|36/100|[from] item: Leftovers
|-damage|p1a: Dragonite|80/100 brn|[from] brn
|upkeep
|turn|16
|
|t:|1776058317
|move|p1a: Dragonite|Ice Spinner|p2a: Gogoat
|-supereffective|p2a: Gogoat
|-damage|p2a: Gogoat|4/100
|move|p2a: Gogoat|Milk Drink|p2a: Gogoat
|-heal|p2a: Gogoat|54/100
|
|-heal|p1a: Dragonite|86/100 brn|[from] item: Leftovers
|-heal|p2a: Gogoat|60/100|[from] item: Leftovers
|-damage|p1a: Dragonite|80/100 brn|[from] brn
|upkeep
|turn|17
|inactive|frankiejkuna has 120 seconds left.
|
|t:|1776058328
|move|p1a: Dragonite|Dragon Dance|p1a: Dragonite
|-boost|p1a: Dragonite|atk|1
|-boost|p1a: Dragonite|spe|1
|move|p2a: Gogoat|Milk Drink|p2a: Gogoat
|-heal|p2a: Gogoat|100/100
|
|-heal|p1a: Dragonite|86/100 brn|[from] item: Leftovers
|-damage|p1a: Dragonite|80/100 brn|[from] brn
|upkeep
|turn|18
|
|t:|1776058336
|move|p1a: Dragonite|Ice Spinner|p2a: Gogoat
|-supereffective|p2a: Gogoat
|-damage|p2a: Gogoat|57/100
|move|p2a: Gogoat|Bulk Up|p2a: Gogoat
|-boost|p2a: Gogoat|atk|1
|-boost|p2a: Gogoat|def|1
|
|-heal|p1a: Dragonite|86/100 brn|[from] item: Leftovers
|-heal|p2a: Gogoat|64/100|[from] item: Leftovers
|-damage|p1a: Dragonite|80/100 brn|[from] brn
|upkeep
|turn|19
|
|t:|1776058346
|move|p1a: Dragonite|Dragon Dance|p1a: Dragonite
|-boost|p1a: Dragonite|atk|1
|-boost|p1a: Dragonite|spe|1
|move|p2a: Gogoat|Milk Drink|p2a: Gogoat
|-heal|p2a: Gogoat|100/100
|
|-heal|p1a: Dragonite|86/100 brn|[from] item: Leftovers
|-damage|p1a: Dragonite|80/100 brn|[from] brn
|upkeep
|turn|20
|
|t:|1776058354
|move|p1a: Dragonite|Ice Spinner|p2a: Gogoat
|-supereffective|p2a: Gogoat
|-damage|p2a: Gogoat|58/100
|move|p2a: Gogoat|Bulk Up|p2a: Gogoat
|-boost|p2a: Gogoat|atk|1
|-boost|p2a: Gogoat|def|1
|
|-heal|p1a: Dragonite|86/100 brn|[from] item: Leftovers
|-heal|p2a: Gogoat|64/100|[from] item: Leftovers
|-damage|p1a: Dragonite|80/100 brn|[from] brn
|upkeep
|turn|21
|
|t:|1776058363
|move|p1a: Dragonite|Ice Spinner|p2a: Gogoat
|-supereffective|p2a: Gogoat
|-damage|p2a: Gogoat|35/100
|move|p2a: Gogoat|Bulk Up|p2a: Gogoat
|-boost|p2a: Gogoat|atk|1
|-boost|p2a: Gogoat|def|1
|
|-heal|p1a: Dragonite|86/100 brn|[from] item: Leftovers
|-heal|p2a: Gogoat|41/100|[from] item: Leftovers
|-damage|p1a: Dragonite|80/100 brn|[from] brn
|upkeep
|turn|22
|
|t:|1776058380
|move|p1a: Dragonite|Dragon Dance|p1a: Dragonite
|-boost|p1a: Dragonite|atk|1
|-boost|p1a: Dragonite|spe|1
|move|p2a: Gogoat|Milk Drink|p2a: Gogoat
|-heal|p2a: Gogoat|91/100
|
|-heal|p1a: Dragonite|86/100 brn|[from] item: Leftovers
|-heal|p2a: Gogoat|97/100|[from] item: Leftovers
|-damage|p1a: Dragonite|80/100 brn|[from] brn
|upkeep
|turn|23
|inactive|frankiejkuna has 120 seconds left.
|
|t:|1776058409
|move|p1a: Dragonite|Ice Spinner|p2a: Gogoat
|-supereffective|p2a: Gogoat
|-damage|p2a: Gogoat|63/100
|move|p2a: Gogoat|Bulk Up|p2a: Gogoat
|-boost|p2a: Gogoat|atk|1
|-boost|p2a: Gogoat|def|1
|
|-heal|p1a: Dragonite|86/100 brn|[from] item: Leftovers
|-heal|p2a: Gogoat|70/100|[from] item: Leftovers
|-damage|p1a: Dragonite|80/100 brn|[from] brn
|upkeep
|turn|24
|
|t:|1776058419
|move|p1a: Dragonite|Dragon Dance|p1a: Dragonite
|-boost|p1a: Dragonite|atk|1
|-boost|p1a: Dragonite|spe|1
|move|p2a: Gogoat|Bulk Up|p2a: Gogoat
|-boost|p2a: Gogoat|atk|1
|-boost|p2a: Gogoat|def|1
|
|-heal|p1a: Dragonite|86/100 brn|[from] item: Leftovers
|-heal|p2a: Gogoat|76/100|[from] item: Leftovers
|-damage|p1a: Dragonite|80/100 brn|[from] brn
|upkeep
|turn|25
|inactive|frankiejkuna has 120 seconds left.
|
|t:|1776058440
|move|p1a: Dragonite|Dragon Dance|p1a: Dragonite
|-boost|p1a: Dragonite|atk|1
|-boost|p1a: Dragonite|spe|1
|move|p2a: Gogoat|Horn Leech|p1a: Dragonite
|-resisted|p1a: Dragonite
|-damage|p1a: Dragonite|50/100 brn
|-heal|p2a: Gogoat|87/100|[from] drain|[of] p1a: Dragonite
|
|-heal|p1a: Dragonite|56/100 brn|[from] item: Leftovers
|-heal|p2a: Gogoat|93/100|[from] item: Leftovers
|-damage|p1a: Dragonite|50/100 brn|[from] brn
|upkeep
|turn|26
|
|t:|1776058450
|move|p1a: Dragonite|Ice Spinner|p2a: Gogoat
|-supereffective|p2a: Gogoat
|-damage|p2a: Gogoat|59/100
|move|p2a: Gogoat|Horn Leech|p1a: Dragonite
|-resisted|p1a: Dragonite
|-damage|p1a: Dragonite|24/100 brn
|-heal|p2a: Gogoat|69/100|[from] drain|[of] p1a: Dragonite
|
|-heal|p1a: Dragonite|30/100 brn|[from] item: Leftovers
|-heal|p2a: Gogoat|75/100|[from] item: Leftovers
|-damage|p1a: Dragonite|24/100 brn|[from] brn
|upkeep
|turn|27
|inactive|frankiejkuna has 120 seconds left.
|
|t:|1776058465
|move|p1a: Dragonite|Ice Spinner|p2a: Gogoat
|-supereffective|p2a: Gogoat
|-damage|p2a: Gogoat|44/100
|move|p2a: Gogoat|Milk Drink|p2a: Gogoat
|-heal|p2a: Gogoat|94/100
|
|-heal|p1a: Dragonite|30/100 brn|[from] item: Leftovers
|-heal|p2a: Gogoat|100/100|[from] item: Leftovers
|-damage|p1a: Dragonite|24/100 brn|[from] brn
|upkeep
|turn|28
|
|t:|1776058474
|move|p1a: Dragonite|Ice Spinner|p2a: Gogoat
|-supereffective|p2a: Gogoat
|-damage|p2a: Gogoat|66/100
|move|p2a: Gogoat|Horn Leech|p1a: Dragonite
|-resisted|p1a: Dragonite
|-damage|p1a: Dragonite|0 fnt
|-heal|p2a: Gogoat|74/100|[from] drain|[of] p1a: Dragonite
|faint|p1a: Dragonite
|
|-heal|p2a: Gogoat|80/100|[from] item: Leftovers
|upkeep
|
|t:|1776058484
|switch|p1a: Heatran|Heatran, M, shiny|100/100
|-activate|p1a: Heatran|move: Sticky Web
|-unboost|p1a: Heatran|spe|1
|turn|29
|
|t:|1776058491
|move|p2a: Gogoat|Earthquake|p1a: Heatran
|-supereffective|p1a: Heatran
|-damage|p1a: Heatran|0 fnt
|faint|p1a: Heatran
|
|-heal|p2a: Gogoat|87/100|[from] item: Leftovers
|upkeep
|
|t:|1776058497
|switch|p1a: Sinistcha|Sinistcha-Masterpiece, shiny, tera:Fairy|35/100
|-activate|p1a: Sinistcha|move: Sticky Web
|-unboost|p1a: Sinistcha|spe|1
|turn|30
|
|t:|1776058504
|move|p2a: Gogoat|Horn Leech|p1a: Sinistcha
|-damage|p1a: Sinistcha|0 fnt
|-heal|p2a: Gogoat|99/100|[from] drain|[of] p1a: Sinistcha
|faint|p1a: Sinistcha
|
|-heal|p2a: Gogoat|100/100|[from] item: Leftovers
|upkeep
|
|t:|1776058510
|switch|p1a: Excadrill|Excadrill, M, shiny|100/100
|-ability|p1a: Excadrill|Mold Breaker
|-item|p1a: Excadrill|Air Balloon
|turn|31
|
|t:|1776058521
|move|p1a: Excadrill|Iron Head|p2a: Gogoat
|-damage|p2a: Gogoat|88/100
|move|p2a: Gogoat|Earthquake|p1a: Excadrill
|-immune|p1a: Excadrill
|
|-heal|p2a: Gogoat|94/100|[from] item: Leftovers
|upkeep
|turn|32
|
|t:|1776058548
|move|p1a: Excadrill|Swords Dance|p1a: Excadrill
|-boost|p1a: Excadrill|atk|2
|move|p2a: Gogoat|Earthquake|p1a: Excadrill
|-immune|p1a: Excadrill
|
|-heal|p2a: Gogoat|99/100|[from] item: Leftovers
|upkeep
|turn|33
|
|t:|1776058557
|move|p1a: Excadrill|Iron Head|p2a: Gogoat
|-damage|p2a: Gogoat|74/100
|move|p2a: Gogoat|Horn Leech|p1a: Excadrill
|-damage|p1a: Excadrill|0 fnt
|-heal|p2a: Gogoat|100/100|[from] drain|[of] p1a: Excadrill
|-enditem|p1a: Excadrill|Air Balloon
|faint|p1a: Excadrill
|
|win|frankiejkuna
|raw|Lano Del Rey2's rating: 1150 &rarr; <strong>1122</strong><br />(-28 for losing)
|raw|frankiejkuna's rating: 1103 &rarr; <strong>1131</strong><br />(+28 for winning)
|l| ohko_smeargle
|l|☆frankiejkuna
|player|p2|
|l|☆Lano Del Rey2
|player|p1|
