|html|<div class="broadcast-blue"><strong>[Gen 9] OU is currently suspecting Tera Blast! For information on how to participate check out the <a href="https://www.smogon.com/tools/suspects/view/200">suspect thread</a>.</strong></div>
|j|☆DcBaker
|j|☆wizardrex
|t:|1776136967
|gametype|singles
|player|p1|DcBaker|pokemonrangerf|1280
|player|p2|wizardrex|1|1290
|gen|9
|tier|[Gen 9] OU
|rated|
|rule|HP Percentage Mod: HP is shown in percentages
|rule|Endless Battle Clause: Forcing endless battles is banned
|rule|Species Clause: Limit one of each Pokémon
|rule|OHKO Clause: OHKO moves are banned
|rule|Evasion Items Clause: Evasion items are banned
|rule|Evasion Moves Clause: Evasion moves are banned
|rule|Evasion Abilities Clause: Evasion abilities are banned
|rule|Sleep Moves Clause: Sleep-inducing moves are banned
|clearpoke
|poke|p1|Deoxys-Speed|
|poke|p1|Ceruledge, F|
|poke|p1|Zamazenta-*|
|poke|p1|Ogerpon-Wellspring, F|
|poke|p1|Glimmora, F|
|poke|p1|Moltres-Galar|
|poke|p2|Kingambit, M|
|poke|p2|Sinistcha|
|poke|p2|Cinderace, M|
|poke|p2|Darkrai|
|poke|p2|Walking Wake|
|poke|p2|Iron Treads|
|teampreview
|j| ohko_smeargle
|inactive|Battle timer is ON: inactive players will automatically lose when time's up. (requested by DcBaker)
|
|t:|1776136973
|teamsize|p1|6
|teamsize|p2|6
|start
|switch|p1a: gimmie|Glimmora, F|100/100
|switch|p2a: Darkrai|Darkrai|100/100
|turn|1
|
|t:|1776136978
|move|p2a: Darkrai|Nasty Plot|p2a: Darkrai
|-boost|p2a: Darkrai|spa|2
|move|p1a: gimmie|Meteor Beam||[still]
|-prepare|p1a: gimmie|Meteor Beam
|-boost|p1a: gimmie|spa|1
|-enditem|p1a: gimmie|Power Herb
|-anim|p1a: gimmie|Meteor Beam|p2a: Darkrai
|-damage|p2a: Darkrai|0 fnt
|faint|p2a: Darkrai
|
|upkeep
|
|t:|1776136982
|switch|p2a: Iron Treads|Iron Treads|100/100
|-enditem|p2a: Iron Treads|Booster Energy
|-activate|p2a: Iron Treads|ability: Quark Drive|[fromitem]
|-start|p2a: Iron Treads|quarkdrivespe
|turn|2
|c|☆DcBaker|bomb
|
|t:|1776136992
|move|p2a: Iron Treads|Volt Switch|p1a: gimmie
|-damage|p1a: gimmie|85/100
|
|t:|1776136996
|-end|p2a: Iron Treads|Quark Drive|[silent]
|switch|p2a: Sinistcha|Sinistcha|100/100|[from] Volt Switch
|move|p1a: gimmie|Earth Power|p2a: Sinistcha
|-resisted|p2a: Sinistcha
|-damage|p2a: Sinistcha|67/100
|
|-heal|p2a: Sinistcha|73/100|[from] item: Leftovers
|upkeep
|turn|3
|
|t:|1776137005
|move|p1a: gimmie|Stealth Rock|p2a: Sinistcha
|-sidestart|p2: wizardrex|move: Stealth Rock
|move|p2a: Sinistcha|Calm Mind|p2a: Sinistcha
|-boost|p2a: Sinistcha|spa|1
|-boost|p2a: Sinistcha|spd|1
|
|-heal|p2a: Sinistcha|79/100|[from] item: Leftovers
|upkeep
|turn|4
|
|t:|1776137021
|move|p1a: gimmie|Mortal Spin|p2a: Sinistcha
|-damage|p2a: Sinistcha|72/100
|-status|p2a: Sinistcha|psn
|move|p2a: Sinistcha|Matcha Gotcha|p1a: gimmie
|-damage|p1a: gimmie|0 fnt
|-heal|p2a: Sinistcha|100/100 psn|[from] drain|[of] p1a: gimmie
|faint|p1a: gimmie
|
|-damage|p2a: Sinistcha|88/100 psn|[from] psn
|upkeep
|
|t:|1776137037
|switch|p1a: Sara|Ceruledge, F|100/100
|turn|5
|
|t:|1776137044
|-terastallize|p2a: Sinistcha|Dark
|move|p1a: Sara|Poltergeist|p2a: Sinistcha
|-activate|p2a: Sinistcha|move: Poltergeist|Leftovers
|-resisted|p2a: Sinistcha
|-damage|p2a: Sinistcha|41/100 psn
|-damage|p1a: Sara|91/100|[from] item: Life Orb
|move|p2a: Sinistcha|Shadow Ball|p1a: Sara
|-supereffective|p1a: Sara
|-damage|p1a: Sara|0 fnt
|faint|p1a: Sara
|
|-heal|p2a: Sinistcha|47/100 psn|[from] item: Leftovers
|-damage|p2a: Sinistcha|35/100 psn|[from] psn
|upkeep
|
|t:|1776137050
|switch|p1a: 1/151|Ogerpon-Wellspring, F|100/100
|turn|6
|
|t:|1776137061
|move|p1a: 1/151|Play Rough|p2a: Sinistcha
|-supereffective|p2a: Sinistcha
|-damage|p2a: Sinistcha|0 fnt
|faint|p2a: Sinistcha
|
|upkeep
|
|t:|1776137068
|switch|p2a: Iron Treads|Iron Treads|100/100
|-damage|p2a: Iron Treads|98/100|[from] Stealth Rock
|turn|7
|
|t:|1776137074
|move|p2a: Iron Treads|Rapid Spin|p1a: 1/151
|-damage|p1a: 1/151|83/100
|-boost|p2a: Iron Treads|spe|1
|-sideend|p2: wizardrex|Stealth Rock|[from] move: Rapid Spin|[of] p2a: Iron Treads
|move|p1a: 1/151|Ivy Cudgel|p2a: Iron Treads|[anim] Ivy Cudgel Water
|-supereffective|p2a: Iron Treads
|-damage|p2a: Iron Treads|0 fnt
|faint|p2a: Iron Treads
|-end|p2a: Iron Treads|Quark Drive|[silent]
|
|upkeep
|
|t:|1776137081
|switch|p2a: Cinderace|Cinderace, M|100/100
|turn|8
|
|t:|1776137085
|move|p2a: Cinderace|U-turn|p1a: 1/151
|-start|p2a: Cinderace|typechange|Bug|[from] ability: Libero
|-supereffective|p1a: 1/151
|-damage|p1a: 1/151|0 fnt
|faint|p1a: 1/151
|
|t:|1776137092
|switch|p2a: Walking Wake|Walking Wake|100/100|[from] U-turn
|-enditem|p2a: Walking Wake|Booster Energy
|-activate|p2a: Walking Wake|ability: Protosynthesis|[fromitem]
|-start|p2a: Walking Wake|protosynthesisspa
|
|upkeep
|
|t:|1776137102
|switch|p1a: mo|Moltres-Galar|100/100
|turn|9
|
|t:|1776137123
|move|p2a: Walking Wake|Flip Turn|p1a: mo
|-damage|p1a: mo|81/100
|
|t:|1776137126
|-end|p2a: Walking Wake|Protosynthesis|[silent]
|switch|p2a: Cinderace|Cinderace, M|100/100|[from] Flip Turn
|move|p1a: mo|Nasty Plot|p1a: mo
|-boost|p1a: mo|spa|2
|
|upkeep
|turn|10
|
|t:|1776137144
|move|p2a: Cinderace|Pyro Ball|p1a: mo
|-damage|p1a: mo|0 fnt
|faint|p1a: mo
|
|upkeep
|
|t:|1776137150
|switch|p1a: DEO|Deoxys-Speed|100/100
|-ability|p1a: DEO|Pressure
|turn|11
|
|t:|1776137156
|move|p1a: DEO|Psycho Boost|p2a: Cinderace
|-damage|p2a: Cinderace|35/100
|-unboost|p1a: DEO|spa|2
|move|p2a: Cinderace|Pyro Ball|p1a: DEO
|-crit|p1a: DEO
|-damage|p1a: DEO|0 fnt
|faint|p1a: DEO
|
|upkeep
|
|t:|1776137160
|switch|p1a: ZAHM|Zamazenta|100/100
|-ability|p1a: ZAHM|Dauntless Shield|boost
|-boost|p1a: ZAHM|def|1
|turn|12
|
|t:|1776137167
|move|p1a: ZAHM|Body Press|p2a: Cinderace
|-damage|p2a: Cinderace|0 fnt
|faint|p2a: Cinderace
|
|upkeep
|
|t:|1776137169
|switch|p2a: Walking Wake|Walking Wake|100/100
|turn|13
|
|t:|1776137175
|move|p1a: ZAHM|Iron Defense|p1a: ZAHM
|-boost|p1a: ZAHM|def|2
|move|p2a: Walking Wake|Draco Meteor|p1a: ZAHM
|-damage|p1a: ZAHM|37/100
|-unboost|p2a: Walking Wake|spa|2
|
|-heal|p1a: ZAHM|44/100|[from] item: Leftovers
|upkeep
|turn|14
|
|t:|1776137183
|-end|p2a: Walking Wake|Protosynthesis|[silent]
|switch|p2a: Kingambit|Kingambit, M|100/100
|-activate|p2a: Kingambit|ability: Supreme Overlord
|-start|p2a: Kingambit|fallen4|[silent]
|move|p1a: ZAHM|Body Press|p2a: Kingambit
|-supereffective|p2a: Kingambit
|-damage|p2a: Kingambit|0 fnt
|faint|p2a: Kingambit
|-end|p2a: Kingambit|fallen4|[silent]
|
|-heal|p1a: ZAHM|50/100|[from] item: Leftovers
|upkeep
|
|t:|1776137186
|switch|p2a: Walking Wake|Walking Wake|100/100
|turn|15
|
|t:|1776137190
|move|p1a: ZAHM|Body Press|p2a: Walking Wake
|-damage|p2a: Walking Wake|0 fnt
|faint|p2a: Walking Wake
|-end|p2a: Walking Wake|Protosynthesis|[silent]
|
|win|DcBaker
|raw|DcBaker's rating: 1280 &rarr; <strong>1306</strong><br />(+26 for winning)
|raw|wizardrex's rating: 1290 &rarr; <strong>1264</strong><br />(-26 for losing)
