|html|<div class="broadcast-blue"><strong>[Gen 9] OU is currently suspecting Tera Blast! For information on how to participate check out the <a href="https://www.smogon.com/tools/suspects/view/200">suspect thread</a>.</strong></div>
|j|‽Snorrrrrlax1
|j|☆wallywest09516
|t:|1776071067
|gametype|singles
|player|p1|Snorrrrrlax1|unknown|1061
|player|p2|wallywest09516|hiker-gen4|1066
|gen|9
|tier|[Gen 9] OU
|rated|
|rule|HP Percentage Mod: HP is shown in percentages
|rule|Endless Battle Clause: Forcing endless battles is banned
|rule|Species Clause: Limit one of each Pokémon
|rule|OHKO Clause: OHKO moves are banned
|rule|Evasion Items Clause: Evasion items are banned
|rule|Evasion Moves Clause: Evasion moves are banned
|rule|Evasion Abilities Clause: Evasion abilities are banned
|rule|Sleep Moves Clause: Sleep-inducing moves are banned
|clearpoke
|poke|p1|Swampert, F|
|poke|p1|Meowscarada, F|
|poke|p1|Dragapult, F|
|poke|p1|Ditto|
|poke|p1|Snorlax, F|
|poke|p1|Ceruledge, M|
|poke|p2|Primeape, F|
|poke|p2|Dragonite, M|
|poke|p2|Slowbro, M|
|poke|p2|Arcanine, F|
|poke|p2|Arbok, F|
|poke|p2|Raichu, F|
|teampreview
|
|t:|1776071075
|teamsize|p1|6
|teamsize|p2|6
|start
|switch|p1a: Snorlax|Snorlax, F|100/100
|switch|p2a: Primeape|Primeape, F|100/100
|turn|1
|
|t:|1776071085
|move|p2a: Primeape|Close Combat|p1a: Snorlax
|-supereffective|p1a: Snorlax
|-damage|p1a: Snorlax|16/100
|-unboost|p2a: Primeape|def|1
|-unboost|p2a: Primeape|spd|1
|move|p1a: Snorlax|Stockpile|p1a: Snorlax
|-start|p1a: Snorlax|stockpile1
|-boost|p1a: Snorlax|def|1
|-boost|p1a: Snorlax|spd|1
|
|-heal|p1a: Snorlax|22/100|[from] item: Leftovers
|upkeep
|turn|2
|
|t:|1776071098
|-terastallize|p1a: Snorlax|Ghost
|move|p2a: Primeape|Close Combat|p1a: Snorlax
|-immune|p1a: Snorlax
|move|p1a: Snorlax|Stockpile|p1a: Snorlax
|-start|p1a: Snorlax|stockpile2
|-boost|p1a: Snorlax|def|1
|-boost|p1a: Snorlax|spd|1
|
|-heal|p1a: Snorlax|28/100|[from] item: Leftovers
|upkeep
|turn|3
|
|t:|1776071110
|move|p2a: Primeape|Ice Punch|p1a: Snorlax
|-crit|p1a: Snorlax
|-damage|p1a: Snorlax|2/100
|move|p1a: Snorlax|Stockpile|p1a: Snorlax
|-start|p1a: Snorlax|stockpile3
|-boost|p1a: Snorlax|def|1
|-boost|p1a: Snorlax|spd|1
|
|-heal|p1a: Snorlax|8/100|[from] item: Leftovers
|upkeep
|turn|4
|
|t:|1776071138
|move|p2a: Primeape|Ice Punch|p1a: Snorlax
|-damage|p1a: Snorlax|1/100
|move|p1a: Snorlax|Body Press|p2a: Primeape
|-damage|p2a: Primeape|0 fnt
|faint|p2a: Primeape
|
|-heal|p1a: Snorlax|7/100|[from] item: Leftovers
|upkeep
|
|t:|1776071150
|switch|p2a: Dragonite|Dragonite, M|100/100
|turn|5
|
|t:|1776071159
|move|p2a: Dragonite|Earthquake|p1a: Snorlax
|-damage|p1a: Snorlax|0 fnt
|faint|p1a: Snorlax
|
|upkeep
|
|t:|1776071172
|switch|p1a: Dragapult|Dragapult, F|100/100
|turn|6
|
|t:|1776071177
|switch|p2a: Raichu|Raichu, F|100/100
|move|p1a: Dragapult|Dragon Dance|p1a: Dragapult
|-boost|p1a: Dragapult|atk|1
|-boost|p1a: Dragapult|spe|1
|
|upkeep
|turn|7
|
|t:|1776071195
|switch|p2a: Dragonite|Dragonite, M|100/100
|move|p1a: Dragapult|Phantom Force||[still]
|-prepare|p1a: Dragapult|Phantom Force
|
|upkeep
|turn|8
|
|t:|1776071240
|move|p1a: Dragapult|Phantom Force|p2a: Dragonite|[from] lockedmove
|-damage|p2a: Dragonite|68/100
|move|p2a: Dragonite|Earthquake|p1a: Dragapult
|-damage|p1a: Dragapult|56/100
|
|-heal|p2a: Dragonite|74/100|[from] item: Leftovers
|upkeep
|turn|9
|
|t:|1776071248
|move|p1a: Dragapult|Dragon Rush|p2a: Dragonite
|-supereffective|p2a: Dragonite
|-damage|p2a: Dragonite|0 fnt
|faint|p2a: Dragonite
|
|upkeep
|
|t:|1776071253
|switch|p2a: Slowbro|Slowbro, M|100/100
|turn|10
|
|t:|1776071259
|move|p1a: Dragapult|Phantom Force||[still]
|-prepare|p1a: Dragapult|Phantom Force
|move|p2a: Slowbro|Ice Beam|p1a: Dragapult|[miss]
|-miss|p2a: Slowbro|p1a: Dragapult
|
|upkeep
|turn|11
|
|t:|1776071264
|-terastallize|p2a: Slowbro|Water
|move|p1a: Dragapult|Phantom Force|p2a: Slowbro|[from] lockedmove
|-damage|p2a: Slowbro|61/100
|move|p2a: Slowbro|Ice Beam|p1a: Dragapult
|-supereffective|p1a: Dragapult
|-damage|p1a: Dragapult|1/100
|
|upkeep
|turn|12
|
|t:|1776071282
|move|p1a: Dragapult|Fly||[still]
|-prepare|p1a: Dragapult|Fly
|move|p2a: Slowbro|Ice Beam|p1a: Dragapult|[miss]
|-miss|p2a: Slowbro|p1a: Dragapult
|
|upkeep
|turn|13
|
|t:|1776071287
|move|p1a: Dragapult|Fly|p2a: Slowbro|[from] lockedmove
|-damage|p2a: Slowbro|35/100
|move|p2a: Slowbro|Ice Beam|p1a: Dragapult
|-supereffective|p1a: Dragapult
|-damage|p1a: Dragapult|0 fnt
|faint|p1a: Dragapult
|
|upkeep
|
|t:|1776071295
|switch|p1a: Ceruledge|Ceruledge, M|100/100
|turn|14
|
|t:|1776071314
|switch|p1a: Swampert|Swampert, F|100/100
|move|p2a: Slowbro|Scald|p1a: Swampert
|-damage|p1a: Swampert|65/100
|
|upkeep
|turn|15
|
|t:|1776071333
|move|p1a: Swampert|Bulk Up|p1a: Swampert
|-boost|p1a: Swampert|atk|1
|-boost|p1a: Swampert|def|1
|move|p2a: Slowbro|Ice Beam|p1a: Swampert
|-damage|p1a: Swampert|46/100
|
|upkeep
|turn|16
|
|t:|1776071356
|move|p1a: Swampert|Earthquake|p2a: Slowbro
|-damage|p2a: Slowbro|0 fnt
|faint|p2a: Slowbro
|
|upkeep
|
|t:|1776071361
|switch|p2a: Raichu|Raichu, F|100/100
|turn|17
|
|t:|1776071368
|move|p2a: Raichu|Grass Knot|p1a: Swampert
|-supereffective|p1a: Swampert
|-damage|p1a: Swampert|0 fnt
|faint|p1a: Swampert
|
|upkeep
|
|t:|1776071380
|switch|p1a: Meowscarada|Meowscarada, F|100/100
|turn|18
|
|t:|1776071395
|switch|p2a: Arbok|Arbok, F|100/100
|-ability|p2a: Arbok|Intimidate|boost
|-unboost|p1a: Meowscarada|atk|1
|move|p1a: Meowscarada|U-turn|p2a: Arbok
|-start|p1a: Meowscarada|typechange|Bug|[from] ability: Protean
|-resisted|p2a: Arbok
|-damage|p2a: Arbok|84/100
|
|t:|1776071404
|switch|p1a: Ceruledge|Ceruledge, M|100/100|[from] U-turn
|
|-heal|p2a: Arbok|90/100|[from] item: Black Sludge
|upkeep
|turn|19
|
|t:|1776071413
|move|p1a: Ceruledge|Swords Dance|p1a: Ceruledge
|-boost|p1a: Ceruledge|atk|2
|move|p2a: Arbok|Earthquake|p1a: Ceruledge
|-supereffective|p1a: Ceruledge
|-damage|p1a: Ceruledge|42/100
|-ability|p1a: Ceruledge|Weak Armor|boost
|-unboost|p1a: Ceruledge|def|1
|-boost|p1a: Ceruledge|spe|2
|
|-heal|p2a: Arbok|96/100|[from] item: Black Sludge
|upkeep
|turn|20
|
|t:|1776071429
|move|p1a: Ceruledge|Bitter Blade|p2a: Arbok
|-damage|p2a: Arbok|0 fnt
|-heal|p1a: Ceruledge|95/100|[from] drain|[of] p2a: Arbok
|faint|p2a: Arbok
|-damage|p1a: Ceruledge|85/100|[from] item: Life Orb
|
|upkeep
|
|t:|1776071435
|switch|p2a: Raichu|Raichu, F|100/100
|turn|21
|
|t:|1776071441
|move|p1a: Ceruledge|Bitter Blade|p2a: Raichu
|-enditem|p2a: Raichu|Focus Sash
|-damage|p2a: Raichu|1/100
|-heal|p1a: Ceruledge|100/100|[from] drain|[of] p2a: Raichu
|-damage|p1a: Ceruledge|91/100|[from] item: Life Orb
|move|p2a: Raichu|Thunderbolt|p1a: Ceruledge
|-damage|p1a: Ceruledge|50/100
|
|upkeep
|turn|22
|
|t:|1776071470
|move|p1a: Ceruledge|Bitter Blade|p2a: Raichu
|-damage|p2a: Raichu|0 fnt
|-heal|p1a: Ceruledge|50/100|[from] drain|[of] p2a: Raichu
|faint|p2a: Raichu
|-damage|p1a: Ceruledge|40/100|[from] item: Life Orb
|
|upkeep
|
|t:|1776071476
|switch|p2a: Arcanine|Arcanine, F|100/100
|-ability|p2a: Arcanine|Intimidate|boost
|-unboost|p1a: Ceruledge|atk|1
|turn|23
|
|t:|1776071484
|move|p1a: Ceruledge|Bitter Blade|p2a: Arcanine
|-resisted|p2a: Arcanine
|-damage|p2a: Arcanine|54/100
|-heal|p1a: Ceruledge|71/100|[from] drain|[of] p2a: Arcanine
|-damage|p1a: Ceruledge|61/100|[from] item: Life Orb
|move|p2a: Arcanine|Morning Sun|p2a: Arcanine
|-heal|p2a: Arcanine|100/100
|
|upkeep
|turn|24
|
|t:|1776071497
|move|p1a: Ceruledge|Bitter Blade|p2a: Arcanine
|-resisted|p2a: Arcanine
|-damage|p2a: Arcanine|51/100
|-heal|p1a: Ceruledge|94/100|[from] drain|[of] p2a: Arcanine
|-damage|p1a: Ceruledge|84/100|[from] item: Life Orb
|move|p2a: Arcanine|Flare Blitz|p1a: Ceruledge
|-resisted|p1a: Ceruledge
|-damage|p1a: Ceruledge|40/100
|-ability|p1a: Ceruledge|Weak Armor|boost
|-unboost|p1a: Ceruledge|def|1
|-boost|p1a: Ceruledge|spe|2
|-damage|p2a: Arcanine|40/100|[from] Recoil
|
|upkeep
|turn|25
|
|t:|1776071509
|move|p1a: Ceruledge|Bitter Blade|p2a: Arcanine
|-resisted|p2a: Arcanine
|-damage|p2a: Arcanine|0 fnt
|-heal|p1a: Ceruledge|66/100|[from] drain|[of] p2a: Arcanine
|faint|p2a: Arcanine
|-damage|p1a: Ceruledge|56/100|[from] item: Life Orb
|
|win|Snorrrrrlax1
|raw|Snorrrrrlax1's rating: 1061 &rarr; <strong>1092</strong><br />(+31 for winning)
|raw|wallywest09516's rating: 1066 &rarr; <strong>1046</strong><br />(-20 for losing)
|l|‽Snorrrrrlax1
|player|p1|
|l|☆wallywest09516
|player|p2|
