|html|<div class="broadcast-blue"><strong>[Gen 9] OU is currently suspecting Tera Blast! For information on how to participate check out the <a href="https://www.smogon.com/tools/suspects/view/200">suspect thread</a>.</strong></div>
|j|☆nodduh
|j|☆testingolem2
|t:|1776090279
|gametype|singles
|player|p1|nodduh|worker|1262
|player|p2|testingolem2|hiker-gen4|1268
|gen|9
|tier|[Gen 9] OU
|rated|
|rule|HP Percentage Mod: HP is shown in percentages
|rule|Endless Battle Clause: Forcing endless battles is banned
|rule|Species Clause: Limit one of each Pokémon
|rule|OHKO Clause: OHKO moves are banned
|rule|Evasion Items Clause: Evasion items are banned
|rule|Evasion Moves Clause: Evasion moves are banned
|rule|Evasion Abilities Clause: Evasion abilities are banned
|rule|Sleep Moves Clause: Sleep-inducing moves are banned
|clearpoke
|poke|p1|Galvantula, F|
|poke|p1|Haunter, F|
|poke|p1|Ceruledge, F|
|poke|p1|Corviknight, F|
|poke|p1|Iron Treads|
|poke|p1|Iron Valiant|
|poke|p2|Kingambit, F|
|poke|p2|Deoxys-Speed|
|poke|p2|Great Tusk|
|poke|p2|Primarina, M|
|poke|p2|Raging Bolt|
|poke|p2|Smeargle, M|
|teampreview
|
|t:|1776090298
|teamsize|p1|6
|teamsize|p2|6
|start
|switch|p1a: Kyoka|Galvantula, F, shiny|100/100
|switch|p2a: Smeargle|Smeargle, M|100/100
|turn|1
|
|t:|1776090314
|move|p2a: Smeargle|Burning Bulwark|p2a: Smeargle
|-singleturn|p2a: Smeargle|move: Protect
|move|p1a: Kyoka|Thunder|p2a: Smeargle
|-activate|p2a: Smeargle|move: Protect
|
|upkeep
|turn|2
|
|t:|1776090320
|move|p1a: Kyoka|Thunder|p2a: Smeargle
|-enditem|p2a: Smeargle|Focus Sash
|-damage|p2a: Smeargle|1/100
|move|p2a: Smeargle|Endeavor|p1a: Kyoka
|-damage|p1a: Kyoka|1/100
|
|upkeep
|turn|3
|
|t:|1776090331
|switch|p1a: Tashigi|Ceruledge, F, shiny|100/100
|move|p2a: Smeargle|Extreme Speed|p1a: Tashigi
|-immune|p1a: Tashigi
|
|upkeep
|turn|4
|
|t:|1776090342
|move|p1a: Tashigi|Bulk Up|p1a: Tashigi
|-boost|p1a: Tashigi|atk|1
|-boost|p1a: Tashigi|def|1
|move|p2a: Smeargle|Stone Axe|p1a: Tashigi
|-supereffective|p1a: Tashigi
|-damage|p1a: Tashigi|80/100
|-ability|p1a: Tashigi|Weak Armor|boost
|-unboost|p1a: Tashigi|def|1
|-boost|p1a: Tashigi|spe|2
|-enditem|p1a: Tashigi|Weakness Policy
|-boost|p1a: Tashigi|atk|2|[from] item: Weakness Policy
|-boost|p1a: Tashigi|spa|2|[from] item: Weakness Policy
|-sidestart|p1: nodduh|move: Stealth Rock
|
|upkeep
|turn|5
|inactive|Battle timer is ON: inactive players will automatically lose when time's up. (requested by testingolem2)
|c|☆nodduh|hehehe
|
|t:|1776090394
|move|p1a: Tashigi|Flame Charge|p2a: Smeargle
|-damage|p2a: Smeargle|0 fnt
|-boost|p1a: Tashigi|spe|1
|faint|p2a: Smeargle
|
|upkeep
|
|t:|1776090397
|switch|p2a: Great Tusk|Great Tusk|100/100
|-enditem|p2a: Great Tusk|Booster Energy
|-activate|p2a: Great Tusk|ability: Protosynthesis|[fromitem]
|-start|p2a: Great Tusk|protosynthesisspe
|turn|6
|
|t:|1776090406
|move|p1a: Tashigi|Bitter Blade|p2a: Great Tusk
|-damage|p2a: Great Tusk|20/100
|-heal|p1a: Tashigi|100/100|[from] drain|[of] p2a: Great Tusk
|move|p2a: Great Tusk|Earthquake|p1a: Tashigi
|-supereffective|p1a: Tashigi
|-damage|p1a: Tashigi|0 fnt
|faint|p1a: Tashigi
|
|upkeep
|c|☆testingolem2|hehehhe
|
|t:|1776090413
|switch|p1a: Treads|Iron Treads, shiny|100/100
|-damage|p1a: Treads|97/100|[from] Stealth Rock
|-enditem|p1a: Treads|Booster Energy
|-activate|p1a: Treads|ability: Quark Drive|[fromitem]
|-start|p1a: Treads|quarkdrivespe
|turn|7
|
|t:|1776090416
|move|p1a: Treads|Earthquake|p2a: Great Tusk
|-damage|p2a: Great Tusk|0 fnt
|faint|p2a: Great Tusk
|-end|p2a: Great Tusk|Protosynthesis|[silent]
|
|upkeep
|
|t:|1776090419
|switch|p2a: Deoxys|Deoxys-Speed|100/100
|-ability|p2a: Deoxys|Pressure
|turn|8
|c|☆nodduh|hehehehe
|
|t:|1776090430
|-terastallize|p2a: Deoxys|Fighting
|move|p1a: Treads|Earthquake|p2a: Deoxys
|-damage|p2a: Deoxys|26/100
|move|p2a: Deoxys|Superpower|p1a: Treads
|-supereffective|p1a: Treads
|-damage|p1a: Treads|3/100
|-unboost|p2a: Deoxys|atk|1
|-unboost|p2a: Deoxys|def|1
|-damage|p2a: Deoxys|16/100|[from] item: Life Orb
|
|upkeep
|turn|9
|
|t:|1776090435
|switch|p2a: Kingambit|Kingambit, F|100/100
|-activate|p2a: Kingambit|ability: Supreme Overlord
|-start|p2a: Kingambit|fallen2|[silent]
|-item|p2a: Kingambit|Air Balloon
|move|p1a: Treads|Earthquake|p2a: Kingambit
|-immune|p2a: Kingambit
|
|upkeep
|turn|10
|
|t:|1776090443
|move|p2a: Kingambit|Sucker Punch|p1a: Treads
|-damage|p1a: Treads|0 fnt
|faint|p1a: Treads
|-end|p1a: Treads|Quark Drive|[silent]
|
|upkeep
|
|t:|1776090448
|switch|p1a: Knights|Corviknight, F, shiny|100/100
|-damage|p1a: Knights|88/100|[from] Stealth Rock
|turn|11
|
|t:|1776090452
|-end|p2a: Kingambit|fallen2|[silent]
|switch|p2a: Raging Bolt|Raging Bolt|100/100
|-enditem|p2a: Raging Bolt|Booster Energy
|-activate|p2a: Raging Bolt|ability: Protosynthesis|[fromitem]
|-start|p2a: Raging Bolt|protosynthesisspa
|move|p1a: Knights|Body Press|p2a: Raging Bolt
|-crit|p2a: Raging Bolt
|-damage|p2a: Raging Bolt|69/100
|
|upkeep
|turn|12
|
|t:|1776090459
|switch|p1a: Kyoka|Galvantula, F, shiny|1/100
|-damage|p1a: Kyoka|0 fnt|[from] Stealth Rock
|faint|p1a: Kyoka
|move|p2a: Raging Bolt|Thunderbolt|p1: Kyoka|[notarget]
|-fail|p2a: Raging Bolt
|
|upkeep
|
|t:|1776090463
|switch|p1a: Von|Iron Valiant, shiny|100/100
|-damage|p1a: Von|94/100|[from] Stealth Rock
|-enditem|p1a: Von|Booster Energy
|-activate|p1a: Von|ability: Quark Drive|[fromitem]
|-start|p1a: Von|quarkdrivespe
|turn|13
|
|t:|1776090467
|-end|p2a: Raging Bolt|Protosynthesis|[silent]
|switch|p2a: Primarina|Primarina, M|100/100
|move|p1a: Von|Moonblast|p2a: Primarina
|-damage|p2a: Primarina|74/100
|
|upkeep
|turn|14
|
|t:|1776090471
|move|p1a: Von|Moonblast|p2a: Primarina
|-damage|p2a: Primarina|46/100
|move|p2a: Primarina|Draining Kiss|p1a: Von
|-supereffective|p1a: Von
|-damage|p1a: Von|0 fnt
|-heal|p2a: Primarina|100/100|[from] drain|[of] p1a: Von
|faint|p1a: Von
|-end|p1a: Von|Quark Drive|[silent]
|
|upkeep
|
|t:|1776090476
|switch|p1a: Knights|Corviknight, F, shiny|88/100
|-damage|p1a: Knights|76/100|[from] Stealth Rock
|turn|15
|
|t:|1776090479
|move|p1a: Knights|Steel Wing|p2a: Primarina|[miss]
|-miss|p1a: Knights|p2a: Primarina
|move|p2a: Primarina|Hyper Voice|p1a: Knights
|-damage|p1a: Knights|27/100
|
|upkeep
|turn|16
|
|t:|1776090482
|move|p1a: Knights|Roost|p1a: Knights
|-heal|p1a: Knights|77/100
|-singleturn|p1a: Knights|move: Roost
|move|p2a: Primarina|Hyper Voice|p1a: Knights
|-damage|p1a: Knights|30/100
|
|upkeep
|turn|17
|
|t:|1776090486
|switch|p2a: Raging Bolt|Raging Bolt|69/100
|move|p1a: Knights|Roost|p1a: Knights
|-heal|p1a: Knights|80/100
|-singleturn|p1a: Knights|move: Roost
|
|upkeep
|turn|18
|
|t:|1776090494
|move|p2a: Raging Bolt|Thunderbolt|p1a: Knights
|-supereffective|p1a: Knights
|-damage|p1a: Knights|0 fnt
|faint|p1a: Knights
|
|upkeep
|
|t:|1776090496
|switch|p1a: Freakster|Haunter, F, shiny|100/100
|-damage|p1a: Freakster|88/100|[from] Stealth Rock
|turn|19
|
|t:|1776090499
|move|p1a: Freakster|Shadow Ball|p2a: Raging Bolt
|-damage|p2a: Raging Bolt|29/100
|-damage|p1a: Freakster|78/100|[from] item: Life Orb
|move|p2a: Raging Bolt|Thunderbolt|p1a: Freakster
|-damage|p1a: Freakster|0 fnt
|faint|p1a: Freakster
|
|win|testingolem2
|raw|nodduh's rating: 1262 &rarr; <strong>1237</strong><br />(-25 for losing)
|raw|testingolem2's rating: 1268 &rarr; <strong>1293</strong><br />(+25 for winning)
|l|☆nodduh
|player|p1|
|c|☆testingolem2|gg
|l|☆testingolem2
|player|p2|
