|html|<div class="broadcast-blue"><strong>[Gen 9] OU is currently suspecting Tera Blast! For information on how to participate check out the <a href="https://www.smogon.com/tools/suspects/view/200">suspect thread</a>.</strong></div>
|j|☆V0ldy
|j|‽Jom31
|t:|1776104306
|gametype|singles
|player|p1|V0ldy|102|1621
|player|p2|Jom31|steven|1638
|gen|9
|tier|[Gen 9] OU
|rated|
|rule|HP Percentage Mod: HP is shown in percentages
|rule|Endless Battle Clause: Forcing endless battles is banned
|rule|Species Clause: Limit one of each Pokémon
|rule|OHKO Clause: OHKO moves are banned
|rule|Evasion Items Clause: Evasion items are banned
|rule|Evasion Moves Clause: Evasion moves are banned
|rule|Evasion Abilities Clause: Evasion abilities are banned
|rule|Sleep Moves Clause: Sleep-inducing moves are banned
|clearpoke
|poke|p1|Indeedee, M|
|poke|p1|Hawlucha, F|
|poke|p1|Gallade, M|
|poke|p1|Armarouge, M|
|poke|p1|Polteageist-Antique|
|poke|p1|Excadrill, F|
|poke|p2|Jolteon, F|
|poke|p2|Slowking-Galar, F|
|poke|p2|Great Tusk|
|poke|p2|Moltres|
|poke|p2|Kingambit, F|
|poke|p2|Hydrapple, F|
|teampreview
|inactive|Battle timer is ON: inactive players will automatically lose when time's up. (requested by V0ldy)
|
|t:|1776104325
|teamsize|p1|6
|teamsize|p2|6
|start
|switch|p1a: Indeedee|Indeedee, M|100/100
|switch|p2a: Kingambit|Kingambit, F|100/100
|-fieldstart|move: Psychic Terrain|[from] ability: Psychic Surge|[of] p1a: Indeedee
|turn|1
|
|t:|1776104330
|switch|p1a: Excadrill|Excadrill, F|100/100
|-ability|p1a: Excadrill|Mold Breaker
|move|p2a: Kingambit|Kowtow Cleave|p1a: Excadrill
|-damage|p1a: Excadrill|35/100
|
|upkeep
|turn|2
|
|t:|1776104343
|-end|p2a: Kingambit|fallenundefined|[silent]
|switch|p2a: Great Tusk|Great Tusk|100/100
|move|p1a: Excadrill|Earthquake|p2a: Great Tusk
|-damage|p2a: Great Tusk|72/100
|
|upkeep
|turn|3
|
|t:|1776104350
|switch|p1a: Polteageist|Polteageist-Antique|100/100
|move|p2a: Great Tusk|Stealth Rock|p1a: Polteageist
|-sidestart|p1: V0ldy|move: Stealth Rock
|
|upkeep
|turn|4
|
|t:|1776104358
|-end|p2a: Great Tusk|Protosynthesis|[silent]
|switch|p2a: Slowking|Slowking-Galar, F|100/100
|move|p1a: Polteageist|Shell Smash|p1a: Polteageist
|-unboost|p1a: Polteageist|def|1
|-unboost|p1a: Polteageist|spd|1
|-boost|p1a: Polteageist|atk|2
|-boost|p1a: Polteageist|spa|2
|-boost|p1a: Polteageist|spe|2
|
|upkeep
|turn|5
|
|t:|1776104379
|move|p1a: Polteageist|Shadow Ball|p2a: Slowking
|-supereffective|p2a: Slowking
|-damage|p2a: Slowking|8/100
|move|p2a: Slowking|Psyshock|p1a: Polteageist
|-enditem|p1a: Polteageist|Focus Sash
|-damage|p1a: Polteageist|1/100
|
|upkeep
|turn|6
|inactive|Jom31 has 120 seconds left.
|
|t:|1776104419
|move|p1a: Polteageist|Shadow Ball|p2a: Slowking
|-supereffective|p2a: Slowking
|-damage|p2a: Slowking|0 fnt
|faint|p2a: Slowking
|
|upkeep
|inactive|Jom31 has 90 seconds left.
|
|t:|1776104461
|switch|p2a: Moltres|Moltres|100/100
|turn|7
|
|t:|1776104467
|move|p1a: Polteageist|Stored Power|p2a: Moltres
|-damage|p2a: Moltres|0 fnt
|faint|p2a: Moltres
|
|upkeep
|inactive|Jom31 has 60 seconds left.
|
|t:|1776104515
|switch|p2a: Hydrapple|Hydrapple, F|100/100
|turn|8
|
|t:|1776104519
|switch|p2a: Kingambit|Kingambit, F|100/100
|-activate|p2a: Kingambit|ability: Supreme Overlord
|-start|p2a: Kingambit|fallen2|[silent]
|move|p1a: Polteageist|Stored Power|p2a: Kingambit
|-immune|p2a: Kingambit
|
|-fieldend|move: Psychic Terrain
|upkeep
|turn|9
|
|t:|1776104529
|move|p2a: Kingambit|Sucker Punch|p1a: Polteageist
|-supereffective|p1a: Polteageist
|-damage|p1a: Polteageist|0 fnt
|faint|p1a: Polteageist
|
|upkeep
|
|t:|1776104531
|switch|p1a: Excadrill|Excadrill, F|35/100
|-damage|p1a: Excadrill|32/100|[from] Stealth Rock
|-ability|p1a: Excadrill|Mold Breaker
|turn|10
|inactive|Jom31 has 60 seconds left.
|
|t:|1776104540
|move|p2a: Kingambit|Sucker Punch|p1a: Excadrill
|-damage|p1a: Excadrill|0 fnt
|faint|p1a: Excadrill
|
|upkeep
|
|t:|1776104544
|switch|p1a: Indeedee|Indeedee, M|100/100
|-damage|p1a: Indeedee|88/100|[from] Stealth Rock
|-fieldstart|move: Psychic Terrain|[from] ability: Psychic Surge|[of] p1a: Indeedee
|turn|11
|
|t:|1776104550
|move|p1a: Indeedee|Encore|p2a: Kingambit
|-start|p2a: Kingambit|Encore
|move|p2a: Kingambit|Sucker Punch||[still]
|-fail|p2a: Kingambit
|
|upkeep
|turn|12
|
|t:|1776104555
|-end|p2a: Kingambit|fallen2|[silent]
|switch|p2a: Jolteon|Jolteon, F|100/100
|move|p1a: Indeedee|Expanding Force|p2a: Jolteon
|-damage|p2a: Jolteon|7/100
|
|upkeep
|turn|13
|
|t:|1776104563
|move|p2a: Jolteon|Volt Switch|p1a: Indeedee
|-damage|p1a: Indeedee|46/100
|
|t:|1776104567
|switch|p2a: Kingambit|Kingambit, F|100/100|[from] Volt Switch
|-activate|p2a: Kingambit|ability: Supreme Overlord
|-start|p2a: Kingambit|fallen2|[silent]
|move|p1a: Indeedee|Dazzling Gleam|p2a: Kingambit
|-crit|p2a: Kingambit
|-damage|p2a: Kingambit|56/100
|
|-heal|p2a: Kingambit|62/100|[from] item: Leftovers
|upkeep
|turn|14
|inactive|Jom31 has 90 seconds left.
|
|t:|1776104575
|switch|p1a: Gallade|Gallade, M|100/100
|-damage|p1a: Gallade|94/100|[from] Stealth Rock
|move|p2a: Kingambit|Iron Head|p1a: Gallade
|-damage|p1a: Gallade|0 fnt
|faint|p1a: Gallade
|
|-heal|p2a: Kingambit|69/100|[from] item: Leftovers
|upkeep
|
|t:|1776104582
|switch|p1a: Armarouge|Armarouge, M|100/100
|-damage|p1a: Armarouge|76/100|[from] Stealth Rock
|turn|15
|
|t:|1776104596
|-terastallize|p2a: Kingambit|Ghost
|move|p1a: Armarouge|Armor Cannon|p2a: Kingambit
|-damage|p2a: Kingambit|0 fnt
|-unboost|p1a: Armarouge|def|1
|-unboost|p1a: Armarouge|spd|1
|faint|p2a: Kingambit
|-end|p2a: Kingambit|fallen2|[silent]
|
|upkeep
|
|t:|1776104603
|switch|p2a: Jolteon|Jolteon, F|7/100
|turn|16
|
|t:|1776104611
|move|p2a: Jolteon|Thunderbolt|p1a: Armarouge
|-damage|p1a: Armarouge|0 fnt
|faint|p1a: Armarouge
|
|upkeep
|
|t:|1776104614
|switch|p1a: Hawlucha|Hawlucha, F|100/100
|-damage|p1a: Hawlucha|88/100|[from] Stealth Rock
|-enditem|p1a: Hawlucha|Psychic Seed
|-boost|p1a: Hawlucha|spd|1|[from] item: Psychic Seed
|turn|17
|
|t:|1776104638
|-terastallize|p1a: Hawlucha|Electric
|move|p1a: Hawlucha|Swords Dance|p1a: Hawlucha
|-boost|p1a: Hawlucha|atk|2
|move|p2a: Jolteon|Volt Switch|p1a: Hawlucha
|-resisted|p1a: Hawlucha
|-damage|p1a: Hawlucha|70/100
|
|t:|1776104649
|switch|p2a: Hydrapple|Hydrapple, F|100/100|[from] Volt Switch
|
|upkeep
|turn|18
|
|t:|1776104655
|move|p1a: Hawlucha|Acrobatics|p2a: Hydrapple
|-supereffective|p2a: Hydrapple
|-damage|p2a: Hydrapple|0 fnt
|faint|p2a: Hydrapple
|
|-fieldend|move: Psychic Terrain
|upkeep
|
|t:|1776104658
|switch|p2a: Great Tusk|Great Tusk|72/100
|turn|19
|
|t:|1776104662
|move|p1a: Hawlucha|Acrobatics|p2a: Great Tusk
|-supereffective|p2a: Great Tusk
|-damage|p2a: Great Tusk|0 fnt
|-damage|p1a: Hawlucha|53/100|[from] item: Rocky Helmet|[of] p2a: Great Tusk
|faint|p2a: Great Tusk
|-end|p2a: Great Tusk|Protosynthesis|[silent]
|
|upkeep
|
|t:|1776104665
|switch|p2a: Jolteon|Jolteon, F|7/100
|turn|20
|
|t:|1776104667
|move|p1a: Hawlucha|Close Combat|p2a: Jolteon
|-damage|p2a: Jolteon|0 fnt
|-unboost|p1a: Hawlucha|def|1
|-unboost|p1a: Hawlucha|spd|1
|faint|p2a: Jolteon
|
|win|V0ldy
|raw|V0ldy's rating: 1621 &rarr; <strong>1642</strong><br />(+21 for winning)
|raw|Jom31's rating: 1638 &rarr; <strong>1617</strong><br />(-21 for losing)
|l|‽Jom31
|player|p2|
|l|☆V0ldy
|player|p1|
|j|☆V0ldy
|player|p1|V0ldy|102|
|l|☆V0ldy
|player|p1|
