|html|<div class="broadcast-blue"><strong>[Gen 9] OU is currently suspecting Tera Blast! For information on how to participate check out the <a href="https://www.smogon.com/tools/suspects/view/200">suspect thread</a>.</strong></div>
|j|☆trustnwockhardt
|j|☆virtualrez
|t:|1776088609
|gametype|singles
|player|p1|trustnwockhardt|102|1171
|player|p2|virtualrez|clerkf|1183
|gen|9
|tier|[Gen 9] OU
|rated|
|rule|HP Percentage Mod: HP is shown in percentages
|rule|Endless Battle Clause: Forcing endless battles is banned
|rule|Species Clause: Limit one of each Pokémon
|rule|OHKO Clause: OHKO moves are banned
|rule|Evasion Items Clause: Evasion items are banned
|rule|Evasion Moves Clause: Evasion moves are banned
|rule|Evasion Abilities Clause: Evasion abilities are banned
|rule|Sleep Moves Clause: Sleep-inducing moves are banned
|clearpoke
|poke|p1|Slowking-Galar, F|
|poke|p1|Hitmonlee, M|
|poke|p1|Samurott-Hisui, M|
|poke|p1|Zapdos|
|poke|p1|Porygon-Z|
|poke|p1|Dragonite, M|
|poke|p2|Whiscash, F|
|poke|p2|Jirachi|
|poke|p2|Pelipper, M|
|poke|p2|Kingdra, M|
|poke|p2|Weezing-Galar, F|
|poke|p2|Slither Wing|
|teampreview
|inactive|Battle timer is ON: inactive players will automatically lose when time's up. (requested by virtualrez)
|inactive|trustnwockhardt also wants the timer to be on.
|
|t:|1776088630
|teamsize|p1|6
|teamsize|p2|6
|start
|switch|p1a: Porygon-Z|Porygon-Z, shiny|100/100
|switch|p2a: Slither Wing|Slither Wing|100/100
|-ability|p1a: Porygon-Z|Download|boost
|-boost|p1a: Porygon-Z|atk|1
|turn|1
|
|t:|1776088642
|-terastallize|p1a: Porygon-Z|Fairy
|move|p2a: Slither Wing|Close Combat|p1a: Porygon-Z
|-resisted|p1a: Porygon-Z
|-damage|p1a: Porygon-Z|51/100
|-unboost|p2a: Slither Wing|def|1
|-unboost|p2a: Slither Wing|spd|1
|move|p1a: Porygon-Z|Tera Blast|p2a: Slither Wing|[anim] Tera Blast Fairy
|-supereffective|p2a: Slither Wing
|-crit|p2a: Slither Wing
|-damage|p2a: Slither Wing|0 fnt
|faint|p2a: Slither Wing
|-end|p2a: Slither Wing|Protosynthesis|[silent]
|
|upkeep
|
|t:|1776088665
|switch|p2a: Jirachi|Jirachi|100/100
|turn|2
|
|t:|1776088671
|switch|p1a: Zapdos|Zapdos|100/100
|move|p2a: Jirachi|Doom Desire|p1a: Zapdos
|-start|p2a: Jirachi|Doom Desire
|
|upkeep
|turn|3
|
|t:|1776088678
|move|p2a: Jirachi|Icy Wind|p1a: Zapdos
|-supereffective|p1a: Zapdos
|-damage|p1a: Zapdos|67/100
|-unboost|p1a: Zapdos|spe|1
|move|p1a: Zapdos|Thunder Wave|p2a: Jirachi
|-status|p2a: Jirachi|par
|
|upkeep
|turn|4
|
|t:|1776088686
|move|p2a: Jirachi|Icy Wind|p1a: Zapdos
|-supereffective|p1a: Zapdos
|-damage|p1a: Zapdos|36/100
|-unboost|p1a: Zapdos|spe|1
|move|p1a: Zapdos|Volt Switch|p2a: Jirachi
|-damage|p2a: Jirachi|70/100 par
|
|t:|1776088694
|switch|p1a: Samurott|Samurott-Hisui, M|100/100|[from] Volt Switch
|
|-end|p1a: Samurott|move: Doom Desire
|-resisted|p1a: Samurott
|-damage|p1a: Samurott|58/100
|upkeep
|turn|5
|inactive|virtualrez has 120 seconds left.
|
|t:|1776088741
|move|p1a: Samurott|Ceaseless Edge|p2a: Jirachi
|-supereffective|p2a: Jirachi
|-damage|p2a: Jirachi|0 fnt
|-sidestart|p2: virtualrez|Spikes
|faint|p2a: Jirachi
|
|upkeep
|
|t:|1776088753
|switch|p2a: Pelipper|Pelipper, M|100/100
|-weather|RainDance|[from] ability: Drizzle|[of] p2a: Pelipper
|turn|6
|
|t:|1776088767
|switch|p1a: Zapdos|Zapdos|36/100
|move|p2a: Pelipper|U-turn|p1a: Zapdos
|-resisted|p1a: Zapdos
|-damage|p1a: Zapdos|33/100
|-status|p2a: Pelipper|par|[from] ability: Static|[of] p1a: Zapdos
|
|t:|1776088784
|switch|p2a: Kingdra|Kingdra, M|100/100|[from] U-turn
|-damage|p2a: Kingdra|88/100|[from] Spikes
|
|-weather|RainDance|[upkeep]
|upkeep
|turn|7
|
|t:|1776088794
|move|p2a: Kingdra|Weather Ball|p1a: Zapdos
|-damage|p1a: Zapdos|0 fnt
|faint|p1a: Zapdos
|
|-weather|RainDance|[upkeep]
|upkeep
|
|t:|1776088809
|switch|p1a: Dragonite|Dragonite, M|100/100
|turn|8
|inactive|virtualrez has 90 seconds left.
|
|t:|1776088842
|switch|p2a: Weezing|Weezing-Galar, F|100/100
|-ability|p2a: Weezing|Neutralizing Gas
|-damage|p2a: Weezing|88/100|[from] Spikes
|move|p1a: Dragonite|Outrage|p2a: Weezing
|-immune|p2a: Weezing
|
|-weather|RainDance|[upkeep]
|upkeep
|turn|9
|
|t:|1776088865
|switch|p1a: Slowking|Slowking-Galar, F|100/100
|move|p2a: Weezing|Will-O-Wisp|p1a: Slowking
|-status|p1a: Slowking|brn
|
|-weather|RainDance|[upkeep]
|-damage|p1a: Slowking|94/100 brn|[from] brn
|upkeep
|turn|10
|inactive|virtualrez has 60 seconds left.
|
|t:|1776088898
|move|p2a: Weezing|Defog|p1a: Slowking
|-unboost|p1a: Slowking|evasion|1
|-sideend|p2: virtualrez|Spikes|[from] move: Defog|[of] p2a: Weezing
|move|p1a: Slowking|Psychic|p2a: Weezing
|-supereffective|p2a: Weezing
|-damage|p2a: Weezing|0 fnt
|faint|p2a: Weezing
|-end|p2a: Weezing|ability: Neutralizing Gas
|
|-weather|RainDance|[upkeep]
|-damage|p1a: Slowking|88/100 brn|[from] brn
|upkeep
|inactive|virtualrez has 60 seconds left.
|
|t:|1776088908
|switch|p2a: Whiscash|Whiscash, F|100/100
|turn|11
|inactive|virtualrez has 60 seconds left.
|
|t:|1776088927
|switch|p1a: Samurott|Samurott-Hisui, M|58/100
|move|p2a: Whiscash|Earthquake|p1a: Samurott
|-damage|p1a: Samurott|0 fnt
|faint|p1a: Samurott
|-damage|p2a: Whiscash|91/100|[from] item: Life Orb
|
|-weather|RainDance|[upkeep]
|upkeep
|
|t:|1776088935
|switch|p1a: Porygon-Z|Porygon-Z, shiny, tera:Fairy|51/100
|-ability|p1a: Porygon-Z|Download|boost
|-boost|p1a: Porygon-Z|spa|1
|turn|12
|inactive|virtualrez has 60 seconds left.
|
|t:|1776088963
|move|p1a: Porygon-Z|Ice Beam|p2a: Whiscash
|-damage|p2a: Whiscash|0 fnt
|faint|p2a: Whiscash
|
|-weather|RainDance|[upkeep]
|upkeep
|
|t:|1776088970
|switch|p2a: Kingdra|Kingdra, M|88/100
|turn|13
|
|t:|1776088985
|move|p2a: Kingdra|Hurricane|p1a: Porygon-Z
|-damage|p1a: Porygon-Z|0 fnt
|faint|p1a: Porygon-Z
|
|-weather|none
|upkeep
|
|t:|1776088990
|switch|p1a: Dragonite|Dragonite, M|100/100
|turn|14
|
|t:|1776088999
|switch|p2a: Pelipper|Pelipper, M|100/100 par
|-weather|RainDance|[from] ability: Drizzle|[of] p2a: Pelipper
|move|p1a: Dragonite|Dragon Dance|p1a: Dragonite
|-boost|p1a: Dragonite|atk|1
|-boost|p1a: Dragonite|spe|1
|
|-weather|RainDance|[upkeep]
|upkeep
|turn|15
|inactive|virtualrez has 60 seconds left.
|
|t:|1776089014
|move|p1a: Dragonite|Dragon Dance|p1a: Dragonite
|-boost|p1a: Dragonite|atk|1
|-boost|p1a: Dragonite|spe|1
|move|p2a: Pelipper|U-turn|p1a: Dragonite
|-resisted|p1a: Dragonite
|-damage|p1a: Dragonite|98/100
|
|t:|1776089019
|switch|p2a: Kingdra|Kingdra, M|88/100|[from] U-turn
|
|-weather|RainDance|[upkeep]
|upkeep
|turn|16
|inactive|virtualrez has 60 seconds left.
|
|t:|1776089025
|move|p2a: Kingdra|Draco Meteor|p1a: Dragonite
|-supereffective|p1a: Dragonite
|-damage|p1a: Dragonite|0 fnt
|-unboost|p2a: Kingdra|spa|2
|faint|p1a: Dragonite
|
|-weather|RainDance|[upkeep]
|upkeep
|
|t:|1776089031
|switch|p1a: Slowking|Slowking-Galar, F|100/100 brn
|turn|17
|inactive|virtualrez has 60 seconds left.
|inactive|virtualrez has 30 seconds left.
|inactive|virtualrez has 20 seconds left.
|inactive|virtualrez has 15 seconds left.
|inactive|virtualrez has 10 seconds left.
|inactive|virtualrez has 5 seconds left.
|-message|virtualrez lost due to inactivity.
|
|win|trustnwockhardt
|raw|trustnwockhardt's rating: 1171 &rarr; <strong>1197</strong><br />(+26 for winning)
|raw|virtualrez's rating: 1183 &rarr; <strong>1157</strong><br />(-26 for losing)
|l|☆trustnwockhardt
|player|p1|
