|html|<div class="broadcast-blue"><strong>[Gen 9] OU is currently suspecting Tera Blast! For information on how to participate check out the <a href="https://www.smogon.com/tools/suspects/view/200">suspect thread</a>.</strong></div>
|j|☆jyusaan雨傘
|j|☆kingjot
|t:|1776198174
|gametype|singles
|player|p1|jyusaan雨傘|emma|
|player|p2|kingjot|caitlin|
|gen|9
|tier|[Gen 9] OU
|rule|HP Percentage Mod: HP is shown in percentages
|rule|Endless Battle Clause: Forcing endless battles is banned
|rule|Species Clause: Limit one of each Pokémon
|rule|OHKO Clause: OHKO moves are banned
|rule|Evasion Items Clause: Evasion items are banned
|rule|Evasion Moves Clause: Evasion moves are banned
|rule|Evasion Abilities Clause: Evasion abilities are banned
|rule|Sleep Moves Clause: Sleep-inducing moves are banned
|clearpoke
|poke|p1|Alomomola, M|
|poke|p1|Dragapult, F|
|poke|p1|Slowking-Galar, M|
|poke|p1|Cinderace, F|
|poke|p1|Great Tusk|
|poke|p1|Iron Valiant|
|poke|p2|Ninetales, F|
|poke|p2|Hatterene, F|
|poke|p2|Walking Wake|
|poke|p2|Raging Bolt|
|poke|p2|Great Tusk|
|poke|p2|Venusaur, F|
|teampreview
|c|☆jyusaan雨傘|hf
|c|☆kingjot|hf
|
|t:|1776198207
|teamsize|p1|6
|teamsize|p2|6
|start
|switch|p1a: Dragapult|Dragapult, F|100/100
|switch|p2a: Ninetales|Ninetales, F|100/100
|-weather|SunnyDay|[from] ability: Drought|[of] p2a: Ninetales
|turn|1
|
|t:|1776198219
|switch|p2a: Hatterene|Hatterene, F|100/100
|move|p1a: Dragapult|Shadow Ball|p2a: Hatterene
|-supereffective|p2a: Hatterene
|-damage|p2a: Hatterene|0 fnt
|faint|p2a: Hatterene
|
|-weather|SunnyDay|[upkeep]
|upkeep
|inactive|Battle timer is ON: inactive players will automatically lose when time's up. (requested by jyusaan雨傘)
|
|t:|1776198247
|switch|p2a: Walking Wake|Walking Wake|100/100
|-activate|p2a: Walking Wake|ability: Protosynthesis
|-start|p2a: Walking Wake|protosynthesisspa
|turn|2
|
|t:|1776198286
|switch|p1a: Slowking|Slowking-Galar, M, shiny|100/100
|-terastallize|p2a: Walking Wake|Water
|move|p2a: Walking Wake|Hydro Steam|p1a: Slowking
|-damage|p1a: Slowking|2/100
|
|-weather|SunnyDay|[upkeep]
|upkeep
|turn|3
|inactive|jyusaan雨傘 has 270 seconds left.
|
|t:|1776198326
|move|p2a: Walking Wake|Hydro Steam|p1a: Slowking
|-damage|p1a: Slowking|0 fnt
|faint|p1a: Slowking
|
|-weather|SunnyDay|[upkeep]
|upkeep
|inactive|jyusaan雨傘 has 240 seconds left.
|inactive|jyusaan雨傘 has 210 seconds left.
|
|t:|1776198379
|switch|p1a: Dragapult|Dragapult, F|100/100
|turn|4
|inactive|kingjot has 270 seconds left.
|inactive|jyusaan雨傘 has 180 seconds left.
|
|t:|1776198431
|-end|p2a: Walking Wake|Protosynthesis|[silent]
|switch|p2a: Great Tusk|Great Tusk|100/100
|-activate|p2a: Great Tusk|ability: Protosynthesis
|-start|p2a: Great Tusk|protosynthesisatk
|move|p1a: Dragapult|U-turn|p2a: Great Tusk
|-resisted|p2a: Great Tusk
|-damage|p2a: Great Tusk|94/100
|-damage|p1a: Dragapult|84/100|[from] item: Rocky Helmet|[of] p2a: Great Tusk
|inactive|jyusaan雨傘 has 150 seconds left.
|
|t:|1776198484
|switch|p1a: Alomomola|Alomomola, M|100/100|[from] U-turn
|
|-weather|SunnyDay|[upkeep]
|upkeep
|turn|5
|
|t:|1776198490
|move|p2a: Great Tusk|Rapid Spin|p1a: Alomomola
|-damage|p1a: Alomomola|88/100
|-boost|p2a: Great Tusk|spe|1
|-damage|p2a: Great Tusk|78/100|[from] item: Rocky Helmet|[of] p1a: Alomomola
|move|p1a: Alomomola|Flip Turn|p2a: Great Tusk
|-supereffective|p2a: Great Tusk
|-damage|p2a: Great Tusk|68/100
|-damage|p1a: Alomomola|72/100|[from] item: Rocky Helmet|[of] p2a: Great Tusk
|inactive|jyusaan雨傘 has 120 seconds left.
|inactive|jyusaan雨傘 has 90 seconds left.
|inactive|jyusaan雨傘 has 60 seconds left.
|
|t:|1776198592
|switch|p1a: Iron Valiant|Iron Valiant|100/100|[from] Flip Turn
|-enditem|p1a: Iron Valiant|Booster Energy
|-activate|p1a: Iron Valiant|ability: Quark Drive|[fromitem]
|-start|p1a: Iron Valiant|quarkdrivespe
|
|-weather|SunnyDay|[upkeep]
|upkeep
|turn|6
|inactive|kingjot has 270 seconds left.
|
|t:|1776198606
|move|p1a: Iron Valiant|Moonblast|p2a: Great Tusk
|-supereffective|p2a: Great Tusk
|-damage|p2a: Great Tusk|0 fnt
|faint|p2a: Great Tusk
|-end|p2a: Great Tusk|Protosynthesis|[silent]
|
|-weather|SunnyDay|[upkeep]
|upkeep
|
|t:|1776198609
|switch|p2a: Venusaur|Venusaur, F|100/100
|turn|7
|inactive|jyusaan雨傘 has 60 seconds left.
|inactive|kingjot has 270 seconds left.
|
|t:|1776198635
|-end|p1a: Iron Valiant|Quark Drive|[silent]
|switch|p1a: Dragapult|Dragapult, F|84/100
|move|p2a: Venusaur|Weather Ball|p1a: Dragapult
|-resisted|p1a: Dragapult
|-damage|p1a: Dragapult|46/100
|-damage|p2a: Venusaur|91/100|[from] item: Life Orb
|
|-weather|SunnyDay|[upkeep]
|upkeep
|turn|8
|inactive|kingjot has 270 seconds left.
|inactive|jyusaan雨傘 has 30 seconds left.
|
|t:|1776198661
|move|p2a: Venusaur|Weather Ball|p1a: Dragapult
|-resisted|p1a: Dragapult
|-damage|p1a: Dragapult|7/100
|-damage|p2a: Venusaur|81/100|[from] item: Life Orb
|move|p1a: Dragapult|Shadow Ball|p2a: Venusaur
|-damage|p2a: Venusaur|14/100
|
|-weather|none
|upkeep
|turn|9
|
|t:|1776198668
|switch|p2a: Ninetales|Ninetales, F|100/100
|-weather|SunnyDay|[from] ability: Drought|[of] p2a: Ninetales
|move|p1a: Dragapult|Shadow Ball|p2a: Ninetales
|-damage|p2a: Ninetales|39/100
|
|-weather|SunnyDay|[upkeep]
|upkeep
|turn|10
|
|t:|1776198674
|move|p1a: Dragapult|Shadow Ball|p2a: Ninetales
|-damage|p2a: Ninetales|0 fnt
|faint|p2a: Ninetales
|
|-weather|SunnyDay|[upkeep]
|upkeep
|
|t:|1776198678
|switch|p2a: Venusaur|Venusaur, F|14/100
|turn|11
|
|t:|1776198692
|move|p2a: Venusaur|Giga Drain|p1a: Dragapult
|-resisted|p1a: Dragapult
|-damage|p1a: Dragapult|0 fnt
|-heal|p2a: Venusaur|18/100|[from] drain|[of] p1a: Dragapult
|faint|p1a: Dragapult
|-damage|p2a: Venusaur|8/100|[from] item: Life Orb
|
|-weather|SunnyDay|[upkeep]
|upkeep
|inactive|jyusaan雨傘 has 30 seconds left.
|inactive|jyusaan雨傘 has 20 seconds left.
|
|t:|1776198726
|switch|p1a: Cinderace|Cinderace, F|100/100
|turn|12
|inactive|jyusaan雨傘 has 30 seconds left this turn.
|inactive|jyusaan雨傘 has 20 seconds left.
|
|t:|1776198739
|switch|p2a: Raging Bolt|Raging Bolt|100/100
|-activate|p2a: Raging Bolt|ability: Protosynthesis
|-start|p2a: Raging Bolt|protosynthesisspa
|switch|p1a: Alomomola|Alomomola, M|100/100
|
|-weather|SunnyDay|[upkeep]
|upkeep
|turn|13
|inactive|jyusaan雨傘 has 30 seconds left this turn.
|
|t:|1776198746
|move|p2a: Raging Bolt|Thunderbolt|p1a: Alomomola
|-supereffective|p1a: Alomomola
|-damage|p1a: Alomomola|0 fnt
|faint|p1a: Alomomola
|
|-weather|SunnyDay|[upkeep]
|upkeep
|inactive|jyusaan雨傘 has 30 seconds left this turn.
|
|t:|1776198754
|switch|p1a: Great Tusk|Great Tusk|100/100
|-activate|p1a: Great Tusk|ability: Protosynthesis
|-start|p1a: Great Tusk|protosynthesisatk
|turn|14
|inactive|jyusaan雨傘 has 30 seconds left.
|
|t:|1776198762
|move|p1a: Great Tusk|Headlong Rush|p2a: Raging Bolt
|-supereffective|p2a: Raging Bolt
|-enditem|p2a: Raging Bolt|Shuca Berry|[eat]
|-enditem|p2a: Raging Bolt|Shuca Berry|[weaken]
|-damage|p2a: Raging Bolt|28/100
|-unboost|p1a: Great Tusk|def|1
|-unboost|p1a: Great Tusk|spd|1
|move|p2a: Raging Bolt|Draco Meteor|p1a: Great Tusk
|-damage|p1a: Great Tusk|0 fnt
|-unboost|p2a: Raging Bolt|spa|2
|faint|p1a: Great Tusk
|-end|p1a: Great Tusk|Protosynthesis|[silent]
|
|-weather|SunnyDay|[upkeep]
|upkeep
|inactive|jyusaan雨傘 has 30 seconds left.
|inactive|jyusaan雨傘 has 20 seconds left.
|
|t:|1776198779
|switch|p1a: Iron Valiant|Iron Valiant|100/100
|turn|15
|inactive|jyusaan雨傘 has 30 seconds left this turn.
|inactive|jyusaan雨傘 has 20 seconds left.
|inactive|jyusaan雨傘 has 15 seconds left.
|inactive|jyusaan雨傘 has 10 seconds left.
|
|t:|1776198801
|move|p1a: Iron Valiant|Calm Mind|p1a: Iron Valiant
|-boost|p1a: Iron Valiant|spa|1
|-boost|p1a: Iron Valiant|spd|1
|move|p2a: Raging Bolt|Weather Ball|p1a: Iron Valiant
|-damage|p1a: Iron Valiant|59/100
|
|-weather|SunnyDay|[upkeep]
|upkeep
|turn|16
|inactive|jyusaan雨傘 has 20 seconds left this turn.
|inactive|jyusaan雨傘 has 15 seconds left.
|inactive|jyusaan雨傘 has 10 seconds left.
|
|t:|1776198812
|move|p1a: Iron Valiant|Moonblast|p2a: Raging Bolt
|-supereffective|p2a: Raging Bolt
|-damage|p2a: Raging Bolt|0 fnt
|faint|p2a: Raging Bolt
|-end|p2a: Raging Bolt|Protosynthesis|[silent]
|
|-weather|none
|upkeep
|
|t:|1776198829
|switch|p2a: Walking Wake|Walking Wake, tera:Water|100/100
|turn|17
|inactive|jyusaan雨傘 has 25 seconds left this turn.
|
|t:|1776198834
|-terastallize|p1a: Iron Valiant|Fairy
|move|p1a: Iron Valiant|Moonblast|p2a: Walking Wake
|-damage|p2a: Walking Wake|0 fnt
|faint|p2a: Walking Wake
|-end|p2a: Walking Wake|Protosynthesis|[silent]
|
|upkeep
|
|t:|1776198838
|switch|p2a: Venusaur|Venusaur, F|8/100
|turn|18
|
|t:|1776198841
|move|p1a: Iron Valiant|Moonblast|p2a: Venusaur
|-resisted|p2a: Venusaur
|-damage|p2a: Venusaur|0 fnt
|faint|p2a: Venusaur
|
|win|jyusaan雨傘
|c|☆kingjot|gg
|c|☆jyusaan雨傘|gg
|l|☆jyusaan雨傘
|player|p1|
|l|☆kingjot
|player|p2|
|j|☆jyusaan雨傘
|player|p1|jyusaan雨傘|emma|
