|html|<div class="broadcast-blue"><strong>[Gen 9] OU is currently suspecting Tera Blast! For information on how to participate check out the <a href="https://www.smogon.com/tools/suspects/view/200">suspect thread</a>.</strong></div>
|j|☆Upnotout
|j|☆Rayblack73
|t:|1776099892
|gametype|singles
|player|p1|Upnotout|1|1214
|player|p2|Rayblack73|red|1184
|gen|9
|tier|[Gen 9] OU
|rated|
|rule|HP Percentage Mod: HP is shown in percentages
|rule|Endless Battle Clause: Forcing endless battles is banned
|rule|Species Clause: Limit one of each Pokémon
|rule|OHKO Clause: OHKO moves are banned
|rule|Evasion Items Clause: Evasion items are banned
|rule|Evasion Moves Clause: Evasion moves are banned
|rule|Evasion Abilities Clause: Evasion abilities are banned
|rule|Sleep Moves Clause: Sleep-inducing moves are banned
|clearpoke
|poke|p1|Persian-Alola, M|
|poke|p1|Dragonite, F|
|poke|p1|Iron Valiant|
|poke|p1|Scizor, M|
|poke|p1|Weezing-Galar, M|
|poke|p1|Clodsire, F|
|poke|p2|Great Tusk|
|poke|p2|Iron Valiant|
|poke|p2|Ceruledge, M|
|poke|p2|Ogerpon-Cornerstone, F|
|poke|p2|Walking Wake|
|poke|p2|Ribombee, F|
|teampreview
|inactive|Battle timer is ON: inactive players will automatically lose when time's up. (requested by Upnotout)
|
|t:|1776099896
|teamsize|p1|6
|teamsize|p2|6
|start
|switch|p1a: Persian|Persian-Alola, M|100/100
|switch|p2a: Ribombee|Ribombee, F|100/100
|turn|1
|
|t:|1776099908
|move|p2a: Ribombee|Moonblast|p1a: Persian
|-supereffective|p1a: Persian
|-damage|p1a: Persian|0 fnt
|faint|p1a: Persian
|
|upkeep
|
|t:|1776099916
|switch|p1a: Scizor|Scizor, M|100/100
|turn|2
|c|☆Upnotout|Yikes i mishandled that
|
|t:|1776099925
|move|p1a: Scizor|Bullet Punch|p2a: Ribombee
|-supereffective|p2a: Ribombee
|-enditem|p2a: Ribombee|Focus Sash
|-damage|p2a: Ribombee|1/100
|move|p2a: Ribombee|Sticky Web|p1a: Scizor
|-sidestart|p1: Upnotout|move: Sticky Web
|
|upkeep
|turn|3
|
|t:|1776099932
|switch|p2a: Ceruledge|Ceruledge, M|100/100
|move|p1a: Scizor|Bullet Punch|p2a: Ceruledge
|-resisted|p2a: Ceruledge
|-damage|p2a: Ceruledge|65/100
|
|upkeep
|turn|4
|
|t:|1776099941
|switch|p1a: Weezing|Weezing-Galar, M|100/100
|move|p2a: Ceruledge|Bitter Blade|p1a: Weezing
|-damage|p1a: Weezing|60/100
|-heal|p2a: Ceruledge|88/100|[from] drain|[of] p1a: Weezing
|
|upkeep
|turn|5
|
|t:|1776099955
|move|p2a: Ceruledge|Bitter Blade|p1a: Weezing
|-damage|p1a: Weezing|15/100
|-heal|p2a: Ceruledge|100/100|[from] drain|[of] p1a: Weezing
|move|p1a: Weezing|Defog|p2a: Ceruledge
|-unboost|p2a: Ceruledge|evasion|1
|-sideend|p1: Upnotout|Sticky Web|[from] move: Defog|[of] p1a: Weezing
|
|upkeep
|turn|6
|
|t:|1776099965
|move|p2a: Ceruledge|Shadow Claw|p1a: Weezing
|-crit|p1a: Weezing
|-damage|p1a: Weezing|0 fnt
|faint|p1a: Weezing
|
|upkeep
|
|t:|1776099974
|switch|p1a: Dragonite|Dragonite, F|100/100
|turn|7
|j| keojdkeke
|
|t:|1776099979
|move|p2a: Ceruledge|Shadow Claw|p1a: Dragonite
|-crit|p1a: Dragonite
|-damage|p1a: Dragonite|71/100
|move|p1a: Dragonite|Dragon Dance|p1a: Dragonite
|-boost|p1a: Dragonite|atk|1
|-boost|p1a: Dragonite|spe|1
|
|upkeep
|turn|8
|
|t:|1776099986
|move|p1a: Dragonite|Earthquake|p2a: Ceruledge
|-supereffective|p2a: Ceruledge
|-damage|p2a: Ceruledge|0 fnt
|faint|p2a: Ceruledge
|
|upkeep
|
|t:|1776099990
|switch|p2a: Ogerpon|Ogerpon-Cornerstone, F|100/100
|turn|9
|
|t:|1776100002
|-terastallize|p1a: Dragonite|Normal
|move|p1a: Dragonite|Earthquake|p2a: Ogerpon
|-damage|p2a: Ogerpon|20/100
|move|p2a: Ogerpon|Ivy Cudgel|p1a: Dragonite|[anim] Ivy Cudgel Rock
|-damage|p1a: Dragonite|1/100
|
|upkeep
|turn|10
|
|t:|1776100014
|move|p1a: Dragonite|Earthquake|p2a: Ogerpon
|-damage|p2a: Ogerpon|0 fnt
|faint|p2a: Ogerpon
|
|upkeep
|
|t:|1776100017
|switch|p2a: Great Tusk|Great Tusk|100/100
|turn|11
|
|t:|1776100035
|move|p1a: Dragonite|Extreme Speed|p2a: Great Tusk
|-damage|p2a: Great Tusk|49/100
|move|p2a: Great Tusk|Rapid Spin|p1a: Dragonite
|-damage|p1a: Dragonite|0 fnt
|-boost|p2a: Great Tusk|spe|1
|faint|p1a: Dragonite
|
|upkeep
|
|t:|1776100045
|switch|p1a: Iron Valiant|Iron Valiant|100/100
|-enditem|p1a: Iron Valiant|Booster Energy
|-activate|p1a: Iron Valiant|ability: Quark Drive|[fromitem]
|-start|p1a: Iron Valiant|quarkdrivespe
|turn|12
|
|t:|1776100052
|move|p1a: Iron Valiant|Moonblast|p2a: Great Tusk
|-supereffective|p2a: Great Tusk
|-damage|p2a: Great Tusk|0 fnt
|faint|p2a: Great Tusk
|-end|p2a: Great Tusk|Protosynthesis|[silent]
|
|upkeep
|
|t:|1776100057
|switch|p2a: Iron Valiant|Iron Valiant|100/100
|-enditem|p2a: Iron Valiant|Booster Energy
|-activate|p2a: Iron Valiant|ability: Quark Drive|[fromitem]
|-start|p2a: Iron Valiant|quarkdrivespa
|turn|13
|
|t:|1776100066
|-terastallize|p2a: Iron Valiant|Steel
|move|p1a: Iron Valiant|Moonblast|p2a: Iron Valiant
|-resisted|p2a: Iron Valiant
|-crit|p2a: Iron Valiant
|-damage|p2a: Iron Valiant|39/100
|-unboost|p2a: Iron Valiant|spa|1
|move|p2a: Iron Valiant|Tera Blast|p1a: Iron Valiant|[anim] Tera Blast Steel
|-supereffective|p1a: Iron Valiant
|-damage|p1a: Iron Valiant|17/100
|
|upkeep
|turn|14
|
|t:|1776100076
|move|p1a: Iron Valiant|Vacuum Wave|p2a: Iron Valiant
|-supereffective|p2a: Iron Valiant
|-damage|p2a: Iron Valiant|0 fnt
|faint|p2a: Iron Valiant
|-end|p2a: Iron Valiant|Quark Drive|[silent]
|
|upkeep
|
|t:|1776100090
|switch|p2a: Walking Wake|Walking Wake|100/100
|turn|15
|
|t:|1776100095
|move|p1a: Iron Valiant|Moonblast|p2a: Walking Wake
|-supereffective|p2a: Walking Wake
|-crit|p2a: Walking Wake
|-damage|p2a: Walking Wake|0 fnt
|faint|p2a: Walking Wake
|-end|p2a: Walking Wake|Protosynthesis|[silent]
|
|upkeep
|
|t:|1776100103
|switch|p2a: Ribombee|Ribombee, F|1/100
|turn|16
|
|t:|1776100106
|move|p1a: Iron Valiant|Vacuum Wave|p2a: Ribombee
|-resisted|p2a: Ribombee
|-damage|p2a: Ribombee|0 fnt
|faint|p2a: Ribombee
|
|win|Upnotout
|raw|Upnotout's rating: 1214 &rarr; <strong>1237</strong><br />(+23 for winning)
|raw|Rayblack73's rating: 1184 &rarr; <strong>1161</strong><br />(-23 for losing)
|l|☆Rayblack73
|player|p2|
|l|☆Upnotout
|player|p1|
|l| keojdkeke
