|html|<div class="broadcast-blue"><strong>[Gen 9] OU is currently suspecting Volcarona! For information on how to participate check out the <a href="https://www.smogon.com/tools/suspects/view/208">suspect thread</a>.</strong></div>
|j|☆jhfsjdhfksjdhf
|j|☆Dragonzord6
|t:|1778507542
|gametype|singles
|player|p1|jhfsjdhfksjdhf|265|1498
|player|p2|Dragonzord6|byron|1535
|gen|9
|tier|[Gen 9] OU
|rated|
|rule|HP Percentage Mod: HP is shown in percentages
|rule|Endless Battle Clause: Forcing endless battles is banned
|rule|Species Clause: Limit one of each Pokémon
|rule|OHKO Clause: OHKO moves are banned
|rule|Evasion Items Clause: Evasion items are banned
|rule|Evasion Moves Clause: Evasion moves are banned
|rule|Evasion Abilities Clause: Evasion abilities are banned
|rule|Sleep Moves Clause: Sleep-inducing moves are banned
|clearpoke
|poke|p1|Ribombee, F|
|poke|p1|Gholdengo|
|poke|p1|Dragonite, F|
|poke|p1|Darkrai|
|poke|p1|Primeape, F|
|poke|p1|Landorus-Therian, M|
|poke|p2|Pelipper, M|
|poke|p2|Kingdra, M|
|poke|p2|Iron Treads|
|poke|p2|Raging Bolt|
|poke|p2|Barraskewda, M|
|poke|p2|Kyurem|
|teampreview
|
|t:|1778507546
|teamsize|p1|6
|teamsize|p2|6
|start
|switch|p1a: Ribombee|Ribombee, F|100/100
|switch|p2a: Pelipper|Pelipper, M, shiny|100/100
|-weather|RainDance|[from] ability: Drizzle|[of] p2a: Pelipper
|turn|1
|inactive|Battle timer is ON: inactive players will automatically lose when time's up. (requested by Dragonzord6)
|
|t:|1778507553
|move|p1a: Ribombee|Sticky Web|p2a: Pelipper
|-sidestart|p2: Dragonzord6|move: Sticky Web
|move|p2a: Pelipper|Hurricane|p1a: Ribombee
|-supereffective|p1a: Ribombee
|-damage|p1a: Ribombee|4/100
|
|-weather|RainDance|[upkeep]
|upkeep
|turn|2
|
|t:|1778507561
|move|p1a: Ribombee|Stun Spore|p2a: Pelipper|[miss]
|-miss|p1a: Ribombee|p2a: Pelipper
|move|p2a: Pelipper|U-turn|p1a: Ribombee
|-resisted|p1a: Ribombee
|-damage|p1a: Ribombee|0 fnt
|faint|p1a: Ribombee
|
|t:|1778507572
|switch|p2a: Raging Bolt|Raging Bolt|100/100|[from] U-turn
|-activate|p2a: Raging Bolt|move: Sticky Web
|-unboost|p2a: Raging Bolt|spe|1
|
|-weather|RainDance|[upkeep]
|upkeep
|
|t:|1778507578
|switch|p1a: Landorus|Landorus-Therian, M|100/100
|-ability|p1a: Landorus|Intimidate|boost
|-unboost|p2a: Raging Bolt|atk|1
|turn|3
|
|t:|1778507583
|move|p1a: Landorus|Earthquake|p2a: Raging Bolt
|-supereffective|p2a: Raging Bolt
|-crit|p2a: Raging Bolt
|-damage|p2a: Raging Bolt|0 fnt
|faint|p2a: Raging Bolt
|-end|p2a: Raging Bolt|Protosynthesis|[silent]
|
|-weather|RainDance|[upkeep]
|upkeep
|
|t:|1778507590
|switch|p2a: Kingdra|Kingdra, M, shiny|100/100
|-activate|p2a: Kingdra|move: Sticky Web
|-unboost|p2a: Kingdra|spe|1
|turn|4
|inactive|jhfsjdhfksjdhf has 120 seconds left.
|c|☆Dragonzord6|That crit man
|
|t:|1778507635
|switch|p1a: Primeape|Primeape, F|100/100
|move|p2a: Kingdra|Weather Ball|p1a: Primeape
|-damage|p1a: Primeape|11/100
|
|-weather|RainDance|[upkeep]
|upkeep
|turn|5
|c|☆Dragonzord6|was full def raging bolt
|c|☆Dragonzord6|Would have survived
|c|☆jhfsjdhfksjdhf|oh
|c|☆jhfsjdhfksjdhf|did not even see the crit
|c|☆jhfsjdhfksjdhf|interesting
|inactive|jhfsjdhfksjdhf has 90 seconds left.
|c|☆jhfsjdhfksjdhf|thought it was just an overpredict
|
|t:|1778507681
|move|p2a: Kingdra|Weather Ball|p1a: Primeape
|-damage|p1a: Primeape|0 fnt
|faint|p1a: Primeape
|
|-weather|RainDance|[upkeep]
|upkeep
|c|☆Dragonzord6|Yeah man cos clicked weather ball
|
|t:|1778507692
|switch|p1a: Dragonite|Dragonite, F|100/100
|turn|6
|
|t:|1778507703
|switch|p2a: Iron Treads|Iron Treads|100/100
|-activate|p2a: Iron Treads|move: Sticky Web
|-unboost|p2a: Iron Treads|spe|1
|-enditem|p2a: Iron Treads|Booster Energy
|-activate|p2a: Iron Treads|ability: Quark Drive|[fromitem]
|-start|p2a: Iron Treads|quarkdrivedef
|move|p1a: Dragonite|Dragon Dance|p1a: Dragonite
|-boost|p1a: Dragonite|atk|1
|-boost|p1a: Dragonite|spe|1
|
|-weather|RainDance|[upkeep]
|upkeep
|turn|7
|
|t:|1778507714
|switch|p1a: Gholdengo|Gholdengo|100/100
|move|p2a: Iron Treads|Rapid Spin|p1a: Gholdengo
|-immune|p1a: Gholdengo
|
|-weather|RainDance|[upkeep]
|upkeep
|turn|8
|
|t:|1778507722
|move|p1a: Gholdengo|Shadow Ball|p2a: Iron Treads
|-damage|p2a: Iron Treads|42/100
|move|p2a: Iron Treads|Stealth Rock|p1a: Gholdengo
|-sidestart|p1: jhfsjdhfksjdhf|move: Stealth Rock
|
|-weather|none
|upkeep
|turn|9
|
|t:|1778507730
|-end|p2a: Iron Treads|Quark Drive|[silent]
|switch|p2a: Pelipper|Pelipper, M, shiny|100/100
|-weather|RainDance|[from] ability: Drizzle|[of] p2a: Pelipper
|move|p1a: Gholdengo|Shadow Ball|p2a: Pelipper
|-damage|p2a: Pelipper|43/100
|
|-weather|RainDance|[upkeep]
|upkeep
|turn|10
|
|t:|1778507741
|switch|p2a: Iron Treads|Iron Treads|42/100
|-activate|p2a: Iron Treads|move: Sticky Web
|-unboost|p2a: Iron Treads|spe|1
|move|p1a: Gholdengo|Shadow Ball|p2a: Iron Treads
|-damage|p2a: Iron Treads|0 fnt
|faint|p2a: Iron Treads
|-end|p2a: Iron Treads|Quark Drive|[silent]
|
|-weather|RainDance|[upkeep]
|upkeep
|
|t:|1778507752
|switch|p2a: Kingdra|Kingdra, M, shiny|100/100
|-activate|p2a: Kingdra|move: Sticky Web
|-unboost|p2a: Kingdra|spe|1
|turn|11
|inactive|jhfsjdhfksjdhf has 90 seconds left.
|
|t:|1778507783
|-terastallize|p2a: Kingdra|Water
|move|p2a: Kingdra|Weather Ball|p1a: Gholdengo
|-damage|p1a: Gholdengo|0 fnt
|faint|p1a: Gholdengo
|
|-weather|RainDance|[upkeep]
|upkeep
|
|t:|1778507787
|switch|p1a: Dragonite|Dragonite, F|100/100
|turn|12
|
|t:|1778507798
|move|p2a: Kingdra|Weather Ball|p1a: Dragonite
|-resisted|p1a: Dragonite
|-damage|p1a: Dragonite|63/100
|move|p1a: Dragonite|Dragon Dance|p1a: Dragonite
|-boost|p1a: Dragonite|atk|1
|-boost|p1a: Dragonite|spe|1
|
|-weather|RainDance|[upkeep]
|upkeep
|turn|13
|
|t:|1778507806
|-terastallize|p1a: Dragonite|Normal
|move|p1a: Dragonite|Extreme Speed|p2a: Kingdra
|-damage|p2a: Kingdra|18/100
|move|p2a: Kingdra|Weather Ball|p1a: Dragonite
|-damage|p1a: Dragonite|0 fnt
|faint|p1a: Dragonite
|
|-weather|RainDance|[upkeep]
|upkeep
|c|☆jhfsjdhfksjdhf|oww
|c|☆jhfsjdhfksjdhf|wow
|c|☆jhfsjdhfksjdhf|that is tanky
|c|☆Dragonzord6|I always survive one
|inactive|jhfsjdhfksjdhf has 90 seconds left.
|
|t:|1778507831
|switch|p1a: Darkrai|Darkrai|100/100
|-damage|p1a: Darkrai|88/100|[from] Stealth Rock
|turn|14
|
|t:|1778507838
|move|p1a: Darkrai|Dark Pulse|p2a: Kingdra
|-damage|p2a: Kingdra|0 fnt
|faint|p2a: Kingdra
|-damage|p1a: Darkrai|78/100|[from] item: Life Orb
|
|-weather|RainDance|[upkeep]
|upkeep
|c|☆jhfsjdhfksjdhf|ah you cut on speed
|c|☆jhfsjdhfksjdhf|i see
|
|t:|1778507860
|switch|p2a: Barraskewda|Barraskewda, M, shiny|100/100
|-activate|p2a: Barraskewda|move: Sticky Web
|-unboost|p2a: Barraskewda|spe|1
|turn|15
|
|t:|1778507870
|move|p2a: Barraskewda|Liquidation|p1a: Darkrai
|-damage|p1a: Darkrai|0 fnt
|faint|p1a: Darkrai
|
|-weather|RainDance|[upkeep]
|upkeep
|
|t:|1778507873
|switch|p1a: Landorus|Landorus-Therian, M|100/100
|-damage|p1a: Landorus|88/100|[from] Stealth Rock
|-ability|p1a: Landorus|Intimidate|boost
|-unboost|p2a: Barraskewda|atk|1
|turn|16
|
|t:|1778507880
|move|p2a: Barraskewda|Liquidation|p1a: Landorus
|-supereffective|p1a: Landorus
|-damage|p1a: Landorus|0 fnt
|faint|p1a: Landorus
|
|win|Dragonzord6
|raw|jhfsjdhfksjdhf's rating: 1498 &rarr; <strong>1480</strong><br />(-18 for losing)
|raw|Dragonzord6's rating: 1535 &rarr; <strong>1553</strong><br />(+18 for winning)
|c|☆Dragonzord6|Gg man
|c|☆jhfsjdhfksjdhf|gg wp
|l|☆jhfsjdhfksjdhf
|player|p1|
