|html|<div class="broadcast-blue"><strong>[Gen 9] OU is currently suspecting Tera Blast! For information on how to participate check out the <a href="https://www.smogon.com/tools/suspects/view/200">suspect thread</a>.</strong></div>
|j|☆Bien gay444
|j|☆guesbragg2000
|t:|1776053649
|gametype|singles
|player|p1|Bien gay444|firebreather|1089
|player|p2|guesbragg2000|102|1061
|gen|9
|tier|[Gen 9] OU
|rated|
|rule|HP Percentage Mod: HP is shown in percentages
|rule|Endless Battle Clause: Forcing endless battles is banned
|rule|Species Clause: Limit one of each Pokémon
|rule|OHKO Clause: OHKO moves are banned
|rule|Evasion Items Clause: Evasion items are banned
|rule|Evasion Moves Clause: Evasion moves are banned
|rule|Evasion Abilities Clause: Evasion abilities are banned
|rule|Sleep Moves Clause: Sleep-inducing moves are banned
|clearpoke
|poke|p1|Maushold|
|poke|p1|Gholdengo|
|poke|p1|Great Tusk|
|poke|p1|Dragapult, F|
|poke|p1|Kingambit, F|
|poke|p1|Iron Valiant|
|poke|p2|Zamazenta-*|
|poke|p2|Corviknight, F|
|poke|p2|Gholdengo|
|poke|p2|Glimmora, F|
|poke|p2|Tyranitar, M|
|poke|p2|Kyurem|
|teampreview
|inactive|Battle timer is ON: inactive players will automatically lose when time's up. (requested by Bien gay444)
|
|t:|1776053683
|teamsize|p1|6
|teamsize|p2|6
|start
|switch|p1a: Nordestinos|Maushold, shiny|100/100
|switch|p2a: Corviknight|Corviknight, F|100/100
|turn|1
|
|t:|1776053693
|switch|p2a: Gholdengo|Gholdengo|100/100
|-item|p2a: Gholdengo|Air Balloon
|-terastallize|p1a: Nordestinos|Normal
|move|p1a: Nordestinos|Population Bomb|p2a: Gholdengo
|-immune|p2a: Gholdengo
|
|upkeep
|turn|2
|
|t:|1776053706
|switch|p1a: Espada shin|Iron Valiant|100/100
|-enditem|p1a: Espada shin|Booster Energy
|-activate|p1a: Espada shin|ability: Quark Drive|[fromitem]
|-start|p1a: Espada shin|quarkdrivespe
|move|p2a: Gholdengo|Thunder Wave|p1a: Espada shin
|-status|p1a: Espada shin|par
|
|upkeep
|turn|3
|
|t:|1776053718
|cant|p1a: Espada shin|par
|move|p2a: Gholdengo|Make It Rain|p1a: Espada shin
|-supereffective|p1a: Espada shin
|-damage|p1a: Espada shin|0 fnt
|-unboost|p2a: Gholdengo|spa|1
|faint|p1a: Espada shin
|-end|p1a: Espada shin|Quark Drive|[silent]
|
|upkeep
|
|t:|1776053726
|switch|p1a: Suamãe|Great Tusk, shiny|100/100
|turn|4
|
|t:|1776053735
|-end|p1a: Suamãe|Protosynthesis|[silent]
|switch|p1a: Shogun|Kingambit, F|100/100
|-activate|p1a: Shogun|ability: Supreme Overlord
|-start|p1a: Shogun|fallen1|[silent]
|move|p2a: Gholdengo|Dazzling Gleam|p1a: Shogun
|-damage|p1a: Shogun|82/100
|
|upkeep
|turn|5
|
|t:|1776053757
|switch|p2a: Corviknight|Corviknight, F|100/100
|move|p1a: Shogun|Kowtow Cleave|p2a: Corviknight
|-damage|p2a: Corviknight|46/100
|
|upkeep
|turn|6
|
|t:|1776053767
|move|p2a: Corviknight|Tailwind|p2a: Corviknight
|-sidestart|p2: guesbragg2000|move: Tailwind
|move|p1a: Shogun|Kowtow Cleave|p2a: Corviknight
|-damage|p2a: Corviknight|0 fnt
|faint|p2a: Corviknight
|
|upkeep
|
|t:|1776053783
|switch|p2a: Zamazenta|Zamazenta|100/100
|-ability|p2a: Zamazenta|Dauntless Shield|boost
|-boost|p2a: Zamazenta|def|1
|turn|7
|
|t:|1776053792
|-end|p1a: Shogun|fallen1|[silent]
|switch|p1a: Safado|Dragapult, F|100/100
|move|p2a: Zamazenta|Play Rough|p1a: Safado|[miss]
|-miss|p2a: Zamazenta|p1a: Safado
|
|upkeep
|turn|8
|
|t:|1776053800
|-terastallize|p2a: Zamazenta|Fairy
|move|p2a: Zamazenta|Play Rough|p1a: Safado
|-supereffective|p1a: Safado
|-crit|p1a: Safado
|-damage|p1a: Safado|0 fnt
|faint|p1a: Safado
|
|upkeep
|
|t:|1776053807
|switch|p1a: Nordestinos|Maushold, shiny, tera:Normal|100/100
|turn|9
|
|t:|1776053810
|move|p2a: Zamazenta|Body Press|p1a: Nordestinos
|-supereffective|p1a: Nordestinos
|-damage|p1a: Nordestinos|0 fnt
|faint|p1a: Nordestinos
|
|-sideend|p2: guesbragg2000|move: Tailwind
|upkeep
|
|t:|1776053815
|switch|p1a: Buster gold|Gholdengo|100/100
|turn|10
|
|t:|1776053827
|switch|p2a: Gholdengo|Gholdengo|100/100
|-item|p2a: Gholdengo|Air Balloon
|move|p1a: Buster gold|Make It Rain|p2a: Gholdengo
|-resisted|p2a: Gholdengo
|-damage|p2a: Gholdengo|48/100
|-unboost|p1a: Buster gold|spa|1
|-enditem|p2a: Gholdengo|Air Balloon
|
|upkeep
|turn|11
|
|t:|1776053841
|move|p1a: Buster gold|Make It Rain|p2a: Gholdengo
|-resisted|p2a: Gholdengo
|-damage|p2a: Gholdengo|18/100
|-unboost|p1a: Buster gold|spa|1
|move|p2a: Gholdengo|Shadow Ball|p1a: Buster gold
|-supereffective|p1a: Buster gold
|-damage|p1a: Buster gold|0 fnt
|faint|p1a: Buster gold
|
|upkeep
|
|t:|1776053845
|switch|p1a: Suamãe|Great Tusk, shiny|100/100
|turn|12
|
|t:|1776053861
|move|p1a: Suamãe|Headlong Rush|p2a: Gholdengo
|-supereffective|p2a: Gholdengo
|-damage|p2a: Gholdengo|0 fnt
|-unboost|p1a: Suamãe|def|1
|-unboost|p1a: Suamãe|spd|1
|faint|p2a: Gholdengo
|
|upkeep
|
|t:|1776053871
|switch|p2a: Glimmora|Glimmora, F|100/100
|turn|13
|
|t:|1776053880
|move|p1a: Suamãe|Headlong Rush|p2a: Glimmora
|-supereffective|p2a: Glimmora
|-enditem|p2a: Glimmora|Focus Sash
|-damage|p2a: Glimmora|1/100
|-unboost|p1a: Suamãe|def|1
|-unboost|p1a: Suamãe|spd|1
|-activate|p2a: Glimmora|ability: Toxic Debris
|-sidestart|p1: Bien gay444|move: Toxic Spikes
|move|p2a: Glimmora|Mortal Spin|p1a: Suamãe
|-resisted|p1a: Suamãe
|-damage|p1a: Suamãe|96/100
|-status|p1a: Suamãe|psn
|
|-heal|p1a: Suamãe|100/100 psn|[from] item: Leftovers
|-damage|p1a: Suamãe|88/100 psn|[from] psn
|upkeep
|turn|14
|
|t:|1776053895
|move|p2a: Glimmora|Spiky Shield|p2a: Glimmora
|-singleturn|p2a: Glimmora|move: Protect
|move|p1a: Suamãe|Headlong Rush|p2a: Glimmora
|-activate|p2a: Glimmora|move: Protect
|-damage|p1a: Suamãe|76/100 psn|[from] Spiky Shield|[of] p2a: Glimmora
|
|-heal|p1a: Suamãe|82/100 psn|[from] item: Leftovers
|-damage|p1a: Suamãe|70/100 psn|[from] psn
|upkeep
|turn|15
|
|t:|1776053904
|move|p2a: Glimmora|Spiky Shield||[still]
|-fail|p2a: Glimmora
|move|p1a: Suamãe|Headlong Rush|p2a: Glimmora
|-supereffective|p2a: Glimmora
|-damage|p2a: Glimmora|0 fnt
|-unboost|p1a: Suamãe|def|1
|-unboost|p1a: Suamãe|spd|1
|-activate|p2a: Glimmora|ability: Toxic Debris
|-sidestart|p1: Bien gay444|move: Toxic Spikes
|faint|p2a: Glimmora
|
|-heal|p1a: Suamãe|76/100 psn|[from] item: Leftovers
|-damage|p1a: Suamãe|63/100 psn|[from] psn
|upkeep
|
|t:|1776053917
|switch|p2a: Zamazenta|Zamazenta, tera:Fairy|100/100
|turn|16
|
|t:|1776053931
|move|p2a: Zamazenta|Iron Defense|p2a: Zamazenta
|-boost|p2a: Zamazenta|def|2
|move|p1a: Suamãe|Headlong Rush|p2a: Zamazenta
|-damage|p2a: Zamazenta|73/100
|-unboost|p1a: Suamãe|def|1
|-unboost|p1a: Suamãe|spd|1
|
|-heal|p2a: Zamazenta|79/100|[from] item: Leftovers
|-heal|p1a: Suamãe|70/100 psn|[from] item: Leftovers
|-damage|p1a: Suamãe|57/100 psn|[from] psn
|upkeep
|turn|17
|
|t:|1776053942
|move|p2a: Zamazenta|Body Press|p1a: Suamãe
|-damage|p1a: Suamãe|0 fnt
|faint|p1a: Suamãe
|-end|p1a: Suamãe|Protosynthesis|[silent]
|
|-heal|p2a: Zamazenta|85/100|[from] item: Leftovers
|upkeep
|
|t:|1776053946
|switch|p1a: Shogun|Kingambit, F|82/100
|-activate|p1a: Shogun|ability: Supreme Overlord
|-start|p1a: Shogun|fallen5|[silent]
|turn|18
|
|t:|1776053952
|move|p2a: Zamazenta|Body Press|p1a: Shogun
|-supereffective|p1a: Shogun
|-damage|p1a: Shogun|0 fnt
|faint|p1a: Shogun
|-end|p1a: Shogun|fallen5|[silent]
|
|win|guesbragg2000
|raw|Bien gay444's rating: 1089 &rarr; <strong>1064</strong><br />(-25 for losing)
|raw|guesbragg2000's rating: 1061 &rarr; <strong>1094</strong><br />(+33 for winning)
|l|☆Bien gay444
|player|p1|
|l|☆guesbragg2000
|player|p2|
