|html|<div class="broadcast-blue"><strong>[Gen 9] OU is currently suspecting Tera Blast! For information on how to participate check out the <a href="https://www.smogon.com/tools/suspects/view/200">suspect thread</a>.</strong></div>
|j|☆Mori Jeon
|j|☆pyumoko
|t:|1776345243
|gametype|singles
|player|p1|Mori Jeon|266|1110
|player|p2|pyumoko|101|1070
|gen|9
|tier|[Gen 9] OU
|rated|
|rule|HP Percentage Mod: HP is shown in percentages
|rule|Endless Battle Clause: Forcing endless battles is banned
|rule|Species Clause: Limit one of each Pokémon
|rule|OHKO Clause: OHKO moves are banned
|rule|Evasion Items Clause: Evasion items are banned
|rule|Evasion Moves Clause: Evasion moves are banned
|rule|Evasion Abilities Clause: Evasion abilities are banned
|rule|Sleep Moves Clause: Sleep-inducing moves are banned
|clearpoke
|poke|p1|Toxapex, F|
|poke|p1|Corviknight, M|
|poke|p1|Clefable, F|
|poke|p1|Dragapult, M|
|poke|p1|Rotom-Heat|
|poke|p1|Garganacl, M|
|poke|p2|Blaziken, M|
|poke|p2|Araquanid, M|
|poke|p2|Iron Treads|
|poke|p2|Enamorus, F|
|poke|p2|Kingambit, M|
|poke|p2|Pecharunt|
|teampreview
|inactive|Battle timer is ON: inactive players will automatically lose when time's up. (requested by Mori Jeon)
|inactive|pyumoko has 120 seconds left.
|
|t:|1776345278
|teamsize|p1|6
|teamsize|p2|6
|start
|switch|p1a: Toxapex|Toxapex, F|100/100
|switch|p2a: Pecharunt|Pecharunt|100/100
|-item|p2a: Pecharunt|Air Balloon
|turn|1
|
|t:|1776345297
|move|p2a: Pecharunt|Nasty Plot|p2a: Pecharunt
|-boost|p2a: Pecharunt|spa|2
|move|p1a: Toxapex|Liquidation|p2a: Pecharunt
|-damage|p2a: Pecharunt|89/100
|-enditem|p2a: Pecharunt|Air Balloon
|
|upkeep
|turn|2
|
|t:|1776345305
|move|p2a: Pecharunt|Nasty Plot|p2a: Pecharunt
|-boost|p2a: Pecharunt|spa|2
|move|p1a: Toxapex|Haze|p1a: Toxapex
|-clearallboost
|
|upkeep
|turn|3
|
|t:|1776345314
|move|p2a: Pecharunt|Recover|p2a: Pecharunt
|-heal|p2a: Pecharunt|100/100
|move|p1a: Toxapex|Liquidation|p2a: Pecharunt
|-damage|p2a: Pecharunt|88/100
|-unboost|p2a: Pecharunt|def|1
|
|upkeep
|turn|4
|
|t:|1776345328
|move|p2a: Pecharunt|Shadow Ball|p1a: Toxapex
|-crit|p1a: Toxapex
|-damage|p1a: Toxapex|60/100
|move|p1a: Toxapex|Liquidation|p2a: Pecharunt
|-damage|p2a: Pecharunt|71/100
|
|-heal|p1a: Toxapex|66/100|[from] item: Black Sludge
|upkeep
|turn|5
|
|t:|1776345336
|move|p2a: Pecharunt|Shadow Ball|p1a: Toxapex
|-damage|p1a: Toxapex|37/100
|move|p1a: Toxapex|Liquidation|p2a: Pecharunt
|-damage|p2a: Pecharunt|53/100
|
|-heal|p1a: Toxapex|44/100|[from] item: Black Sludge
|upkeep
|turn|6
|
|t:|1776345344
|move|p2a: Pecharunt|Recover|p2a: Pecharunt
|-heal|p2a: Pecharunt|100/100
|move|p1a: Toxapex|Recover|p1a: Toxapex
|-heal|p1a: Toxapex|94/100
|
|-heal|p1a: Toxapex|99/100|[from] item: Black Sludge
|upkeep
|turn|7
|
|t:|1776345363
|move|p2a: Pecharunt|Nasty Plot|p2a: Pecharunt
|-boost|p2a: Pecharunt|spa|2
|move|p1a: Toxapex|Liquidation|p2a: Pecharunt
|-damage|p2a: Pecharunt|83/100
|
|-heal|p1a: Toxapex|100/100|[from] item: Black Sludge
|upkeep
|turn|8
|
|t:|1776345371
|move|p2a: Pecharunt|Shadow Ball|p1a: Toxapex
|-damage|p1a: Toxapex|48/100
|move|p1a: Toxapex|Haze|p1a: Toxapex
|-clearallboost
|
|-heal|p1a: Toxapex|54/100|[from] item: Black Sludge
|upkeep
|turn|9
|
|t:|1776345381
|move|p2a: Pecharunt|Nasty Plot|p2a: Pecharunt
|-boost|p2a: Pecharunt|spa|2
|move|p1a: Toxapex|Recover|p1a: Toxapex
|-heal|p1a: Toxapex|100/100
|
|upkeep
|turn|10
|
|t:|1776345391
|switch|p1a: Garganacl|Garganacl, M|100/100
|move|p2a: Pecharunt|Shadow Ball|p1a: Garganacl
|-damage|p1a: Garganacl|79/100
|-unboost|p1a: Garganacl|spd|1
|
|-heal|p1a: Garganacl|85/100|[from] item: Leftovers
|upkeep
|turn|11
|
|t:|1776345400
|move|p2a: Pecharunt|Malignant Chain|p1a: Garganacl
|-resisted|p1a: Garganacl
|-damage|p1a: Garganacl|48/100
|move|p1a: Garganacl|Salt Cure|p2a: Pecharunt
|-damage|p2a: Pecharunt|72/100
|-start|p2a: Pecharunt|Salt Cure
|
|-heal|p1a: Garganacl|54/100|[from] item: Leftovers
|-damage|p2a: Pecharunt|59/100|[from] Salt Cure
|upkeep
|turn|12
|
|t:|1776345410
|switch|p1a: Corviknight|Corviknight, M|100/100
|-ability|p1a: Corviknight|Pressure
|move|p2a: Pecharunt|Malignant Chain|p1a: Corviknight
|-immune|p1a: Corviknight
|
|-damage|p2a: Pecharunt|47/100|[from] Salt Cure
|upkeep
|turn|13
|
|t:|1776345435
|move|p2a: Pecharunt|Recover|p2a: Pecharunt
|-heal|p2a: Pecharunt|97/100
|move|p1a: Corviknight|U-turn|p2a: Pecharunt
|-resisted|p2a: Pecharunt
|-damage|p2a: Pecharunt|95/100
|
|t:|1776345444
|switch|p1a: Dragapult|Dragapult, M, shiny|100/100|[from] U-turn
|
|-damage|p2a: Pecharunt|83/100|[from] Salt Cure
|upkeep
|turn|14
|
|t:|1776345454
|switch|p2a: Kingambit|Kingambit, M, shiny|100/100
|move|p1a: Dragapult|U-turn|p2a: Kingambit
|-damage|p2a: Kingambit|86/100
|
|t:|1776345459
|switch|p1a: Rotom|Rotom-Heat|100/100|[from] U-turn
|
|upkeep
|turn|15
|
|t:|1776345468
|-end|p2a: Kingambit|fallenundefined|[silent]
|switch|p2a: Araquanid|Araquanid, M, shiny|100/100
|move|p1a: Rotom|Overheat|p2a: Araquanid
|-damage|p2a: Araquanid|83/100
|-unboost|p1a: Rotom|spa|2
|
|upkeep
|turn|16
|
|t:|1776345480
|move|p1a: Rotom|Volt Switch|p2a: Araquanid
|-supereffective|p2a: Araquanid
|-damage|p2a: Araquanid|61/100
|
|t:|1776345492
|switch|p1a: Toxapex|Toxapex, F|100/100|[from] Volt Switch
|move|p2a: Araquanid|Sticky Web|p1a: Toxapex
|-sidestart|p1: Mori Jeon|move: Sticky Web
|
|upkeep
|turn|17
|
|t:|1776345507
|switch|p2a: Kingambit|Kingambit, M, shiny|86/100
|move|p1a: Toxapex|Toxic|p2a: Kingambit
|-immune|p2a: Kingambit
|
|upkeep
|turn|18
|
|t:|1776345523
|switch|p1a: Rotom|Rotom-Heat|100/100
|move|p2a: Kingambit|Swords Dance|p2a: Kingambit
|-boost|p2a: Kingambit|atk|2
|
|upkeep
|turn|19
|
|t:|1776345538
|-end|p2a: Kingambit|fallenundefined|[silent]
|switch|p2a: Blaziken|Blaziken, M, shiny|100/100
|move|p1a: Rotom|Overheat|p2a: Blaziken|[miss]
|-miss|p1a: Rotom|p2a: Blaziken
|
|upkeep
|turn|20
|
|t:|1776345546
|move|p1a: Rotom|Volt Switch|p2a: Blaziken
|-damage|p2a: Blaziken|58/100
|
|t:|1776345553
|switch|p1a: Clefable|Clefable, F|100/100|[from] Volt Switch
|-activate|p1a: Clefable|move: Sticky Web
|-unboost|p1a: Clefable|spe|1
|move|p2a: Blaziken|Swords Dance|p2a: Blaziken
|-boost|p2a: Blaziken|atk|2
|
|-ability|p2a: Blaziken|Speed Boost|boost
|-boost|p2a: Blaziken|spe|1
|upkeep
|turn|21
|
|t:|1776345567
|move|p2a: Blaziken|Flare Blitz|p1a: Clefable
|-damage|p1a: Clefable|0 fnt
|faint|p1a: Clefable
|-damage|p2a: Blaziken|14/100|[from] Recoil
|
|-ability|p2a: Blaziken|Speed Boost|boost
|-boost|p2a: Blaziken|spe|1
|upkeep
|
|t:|1776345577
|switch|p1a: Toxapex|Toxapex, F|100/100
|-activate|p1a: Toxapex|move: Sticky Web
|-unboost|p1a: Toxapex|spe|1
|turn|22
|
|t:|1776345584
|move|p2a: Blaziken|Protect|p2a: Blaziken
|-singleturn|p2a: Blaziken|Protect
|move|p1a: Toxapex|Recover||[still]
|-fail|p1a: Toxapex|heal
|
|-ability|p2a: Blaziken|Speed Boost|boost
|-boost|p2a: Blaziken|spe|1
|upkeep
|turn|23
|
|t:|1776345608
|switch|p2a: Pecharunt|Pecharunt|83/100
|move|p1a: Toxapex|Liquidation|p2a: Pecharunt
|-crit|p2a: Pecharunt
|-damage|p2a: Pecharunt|64/100
|
|upkeep
|turn|24
|
|t:|1776345615
|switch|p1a: Corviknight|Corviknight, M|100/100
|-ability|p1a: Corviknight|Pressure
|move|p2a: Pecharunt|Malignant Chain|p1a: Corviknight
|-immune|p1a: Corviknight
|
|upkeep
|turn|25
|
|t:|1776345623
|move|p2a: Pecharunt|Recover|p2a: Pecharunt
|-heal|p2a: Pecharunt|100/100
|move|p1a: Corviknight|Defog|p2a: Pecharunt
|-unboost|p2a: Pecharunt|evasion|1
|-sideend|p1: Mori Jeon|Sticky Web|[from] move: Defog|[of] p1a: Corviknight
|
|upkeep
|turn|26
|
|t:|1776345632
|move|p2a: Pecharunt|Nasty Plot|p2a: Pecharunt
|-boost|p2a: Pecharunt|spa|2
|move|p1a: Corviknight|Iron Head|p2a: Pecharunt
|-damage|p2a: Pecharunt|82/100
|
|upkeep
|turn|27
|
|t:|1776345638
|move|p2a: Pecharunt|Shadow Ball|p1a: Corviknight
|-damage|p1a: Corviknight|58/100
|move|p1a: Corviknight|U-turn|p2a: Pecharunt
|-resisted|p2a: Pecharunt
|-damage|p2a: Pecharunt|80/100
|
|t:|1776345644
|switch|p1a: Toxapex|Toxapex, F|100/100|[from] U-turn
|
|upkeep
|turn|28
|
|t:|1776345650
|move|p2a: Pecharunt|Shadow Ball|p1a: Toxapex
|-damage|p1a: Toxapex|48/100
|move|p1a: Toxapex|Haze|p1a: Toxapex
|-clearallboost
|
|-heal|p1a: Toxapex|54/100|[from] item: Black Sludge
|upkeep
|turn|29
|
|t:|1776345665
|switch|p1a: Corviknight|Corviknight, M|58/100
|-ability|p1a: Corviknight|Pressure
|move|p2a: Pecharunt|Nasty Plot|p2a: Pecharunt
|-boost|p2a: Pecharunt|spa|2
|
|-heal|p1a: Corviknight|64/100|[from] item: Leftovers
|upkeep
|turn|30
|
|t:|1776345674
|move|p2a: Pecharunt|Shadow Ball|p1a: Corviknight
|-damage|p1a: Corviknight|14/100
|move|p1a: Corviknight|U-turn|p2a: Pecharunt
|-resisted|p2a: Pecharunt
|-damage|p2a: Pecharunt|77/100
|
|t:|1776345679
|switch|p1a: Dragapult|Dragapult, M, shiny|100/100|[from] U-turn
|
|upkeep
|turn|31
|
|t:|1776345709
|switch|p2a: Kingambit|Kingambit, M, shiny|86/100
|move|p1a: Dragapult|Shadow Ball|p2a: Kingambit
|-resisted|p2a: Kingambit
|-damage|p2a: Kingambit|64/100
|
|upkeep
|turn|32
|
|t:|1776345719
|switch|p1a: Rotom|Rotom-Heat|100/100
|move|p2a: Kingambit|Swords Dance|p2a: Kingambit
|-boost|p2a: Kingambit|atk|2
|
|upkeep
|turn|33
|
|t:|1776345727
|move|p2a: Kingambit|Sucker Punch|p1a: Rotom
|-damage|p1a: Rotom|3/100
|move|p1a: Rotom|Overheat|p2a: Kingambit
|-supereffective|p2a: Kingambit
|-damage|p2a: Kingambit|0 fnt
|-unboost|p1a: Rotom|spa|2
|faint|p2a: Kingambit
|-end|p2a: Kingambit|fallenundefined|[silent]
|
|upkeep
|
|t:|1776345744
|switch|p2a: Iron Treads|Iron Treads, shiny|100/100
|-enditem|p2a: Iron Treads|Booster Energy
|-activate|p2a: Iron Treads|ability: Quark Drive|[fromitem]
|-start|p2a: Iron Treads|quarkdrivespe
|turn|34
|
|t:|1776345764
|move|p2a: Iron Treads|Rapid Spin|p1a: Rotom
|-damage|p1a: Rotom|0 fnt
|-boost|p2a: Iron Treads|spe|1
|faint|p1a: Rotom
|
|upkeep
|
|t:|1776345771
|switch|p1a: Garganacl|Garganacl, M|54/100
|turn|35
|
|t:|1776345775
|-terastallize|p1a: Garganacl|Grass
|move|p2a: Iron Treads|Earth Power|p1a: Garganacl
|-resisted|p1a: Garganacl
|-damage|p1a: Garganacl|44/100
|move|p1a: Garganacl|Recover|p1a: Garganacl
|-heal|p1a: Garganacl|94/100
|
|-heal|p1a: Garganacl|99/100|[from] item: Leftovers
|upkeep
|turn|36
|
|t:|1776345790
|move|p2a: Iron Treads|Stealth Rock|p1a: Garganacl
|-sidestart|p1: Mori Jeon|move: Stealth Rock
|move|p1a: Garganacl|Salt Cure|p2a: Iron Treads
|-resisted|p2a: Iron Treads
|-damage|p2a: Iron Treads|98/100
|-start|p2a: Iron Treads|Salt Cure
|
|-heal|p1a: Garganacl|100/100|[from] item: Leftovers
|-damage|p2a: Iron Treads|73/100|[from] Salt Cure
|upkeep
|turn|37
|
|t:|1776345802
|-end|p2a: Iron Treads|Quark Drive|[silent]
|switch|p2a: Enamorus|Enamorus, F|100/100
|move|p1a: Garganacl|Iron Defense|p1a: Garganacl
|-boost|p1a: Garganacl|def|2
|
|upkeep
|turn|38
|
|t:|1776345808
|move|p2a: Enamorus|Mystical Fire|p1a: Garganacl
|-supereffective|p1a: Garganacl
|-damage|p1a: Garganacl|42/100
|-unboost|p1a: Garganacl|spa|1
|move|p1a: Garganacl|Salt Cure|p2a: Enamorus
|-supereffective|p2a: Enamorus
|-damage|p2a: Enamorus|57/100
|-start|p2a: Enamorus|Salt Cure
|
|-heal|p1a: Garganacl|49/100|[from] item: Leftovers
|-damage|p2a: Enamorus|44/100|[from] Salt Cure
|upkeep
|turn|39
|
|t:|1776345820
|switch|p1a: Toxapex|Toxapex, F|87/100
|-damage|p1a: Toxapex|75/100|[from] Stealth Rock
|move|p2a: Enamorus|Mystical Fire|p1a: Toxapex
|-resisted|p1a: Toxapex
|-damage|p1a: Toxapex|56/100
|-unboost|p1a: Toxapex|spa|1
|
|-heal|p1a: Toxapex|62/100|[from] item: Black Sludge
|-damage|p2a: Enamorus|32/100|[from] Salt Cure
|upkeep
|turn|40
|
|t:|1776345834
|switch|p2a: Pecharunt|Pecharunt|77/100
|move|p1a: Toxapex|Recover|p1a: Toxapex
|-heal|p1a: Toxapex|100/100
|
|upkeep
|turn|41
|
|t:|1776345845
|switch|p1a: Corviknight|Corviknight, M|14/100
|-damage|p1a: Corviknight|2/100|[from] Stealth Rock
|-ability|p1a: Corviknight|Pressure
|move|p2a: Pecharunt|Recover|p2a: Pecharunt
|-heal|p2a: Pecharunt|100/100
|
|-heal|p1a: Corviknight|8/100|[from] item: Leftovers
|upkeep
|turn|42
|
|t:|1776345856
|move|p2a: Pecharunt|Shadow Ball|p1a: Corviknight
|-damage|p1a: Corviknight|0 fnt
|faint|p1a: Corviknight
|
|upkeep
|
|t:|1776345861
|switch|p1a: Dragapult|Dragapult, M, shiny|100/100
|-damage|p1a: Dragapult|88/100|[from] Stealth Rock
|turn|43
|
|t:|1776345889
|switch|p2a: Iron Treads|Iron Treads, shiny|73/100
|move|p1a: Dragapult|Shadow Ball|p2a: Iron Treads
|-damage|p2a: Iron Treads|22/100
|
|upkeep
|turn|44
|
|t:|1776345901
|move|p1a: Dragapult|Shadow Ball|p2a: Iron Treads
|-damage|p2a: Iron Treads|0 fnt
|faint|p2a: Iron Treads
|-end|p2a: Iron Treads|Quark Drive|[silent]
|
|upkeep
|
|t:|1776345907
|switch|p2a: Enamorus|Enamorus, F|32/100
|turn|45
|inactive|pyumoko has 120 seconds left.
|
|t:|1776345940
|move|p1a: Dragapult|Shadow Ball|p2a: Enamorus
|-damage|p2a: Enamorus|0 fnt
|faint|p2a: Enamorus
|
|upkeep
|
|t:|1776345945
|switch|p2a: Blaziken|Blaziken, M, shiny|14/100
|turn|46
|
|t:|1776345949
|move|p2a: Blaziken|Protect|p2a: Blaziken
|-singleturn|p2a: Blaziken|Protect
|move|p1a: Dragapult|Shadow Ball|p2a: Blaziken
|-activate|p2a: Blaziken|move: Protect
|
|-ability|p2a: Blaziken|Speed Boost|boost
|-boost|p2a: Blaziken|spe|1
|upkeep
|turn|47
|inactive|pyumoko has 120 seconds left.
|
|t:|1776345959
|move|p1a: Dragapult|Shadow Ball|p2a: Blaziken
|-damage|p2a: Blaziken|0 fnt
|faint|p2a: Blaziken
|
|upkeep
|inactive|pyumoko has 120 seconds left.
|
|t:|1776345967
|switch|p2a: Araquanid|Araquanid, M, shiny|61/100
|turn|48
|
|t:|1776345972
|move|p1a: Dragapult|Shadow Ball|p2a: Araquanid
|-damage|p2a: Araquanid|33/100
|move|p2a: Araquanid|Surf|p1a: Dragapult
|-resisted|p1a: Dragapult
|-crit|p1a: Dragapult
|-damage|p1a: Dragapult|36/100
|
|upkeep
|turn|49
|
|t:|1776345980
|move|p1a: Dragapult|Shadow Ball|p2a: Araquanid
|-damage|p2a: Araquanid|2/100
|-unboost|p2a: Araquanid|spd|1
|move|p2a: Araquanid|Surf|p1a: Dragapult
|-resisted|p1a: Dragapult
|-damage|p1a: Dragapult|0 fnt
|faint|p1a: Dragapult
|
|upkeep
|
|t:|1776345991
|switch|p1a: Garganacl|Garganacl, M, tera:Grass|49/100
|-damage|p1a: Garganacl|36/100|[from] Stealth Rock
|turn|50
|-enditem|p2a: Araquanid|Custap Berry|[eat]
|-activate|p2a: Araquanid|item: Custap Berry|[consumed]
|
|t:|1776345998
|move|p2a: Araquanid|Endeavor|p1a: Garganacl
|-damage|p1a: Garganacl|2/100
|move|p1a: Garganacl|Recover|p1a: Garganacl
|-heal|p1a: Garganacl|52/100
|
|-heal|p1a: Garganacl|58/100|[from] item: Leftovers
|upkeep
|turn|51
|
|t:|1776346009
|move|p2a: Araquanid|Endeavor|p1a: Garganacl
|-damage|p1a: Garganacl|2/100
|move|p1a: Garganacl|Salt Cure|p2a: Araquanid
|-supereffective|p2a: Araquanid
|-damage|p2a: Araquanid|0 fnt
|faint|p2a: Araquanid
|
|-heal|p1a: Garganacl|8/100|[from] item: Leftovers
|upkeep
|
|t:|1776346018
|switch|p2a: Pecharunt|Pecharunt|100/100
|turn|52
|
|t:|1776346022
|move|p2a: Pecharunt|Shadow Ball|p1a: Garganacl
|-damage|p1a: Garganacl|0 fnt
|faint|p1a: Garganacl
|
|upkeep
|
|t:|1776346027
|switch|p1a: Toxapex|Toxapex, F|100/100
|-damage|p1a: Toxapex|88/100|[from] Stealth Rock
|turn|53
|
|t:|1776346033
|move|p2a: Pecharunt|Nasty Plot|p2a: Pecharunt
|-boost|p2a: Pecharunt|spa|2
|move|p1a: Toxapex|Liquidation|p2a: Pecharunt
|-damage|p2a: Pecharunt|89/100
|
|-heal|p1a: Toxapex|94/100|[from] item: Black Sludge
|upkeep
|turn|54
|
|t:|1776346043
|move|p2a: Pecharunt|Shadow Ball|p1a: Toxapex
|-damage|p1a: Toxapex|45/100
|move|p1a: Toxapex|Haze|p1a: Toxapex
|-clearallboost
|
|-heal|p1a: Toxapex|51/100|[from] item: Black Sludge
|upkeep
|turn|55
|
|t:|1776346053
|move|p2a: Pecharunt|Nasty Plot|p2a: Pecharunt
|-boost|p2a: Pecharunt|spa|2
|move|p1a: Toxapex|Recover|p1a: Toxapex
|-heal|p1a: Toxapex|100/100
|
|upkeep
|turn|56
|
|t:|1776346059
|move|p2a: Pecharunt|Shadow Ball|p1a: Toxapex
|-damage|p1a: Toxapex|49/100
|move|p1a: Toxapex|Haze|p1a: Toxapex
|-clearallboost
|
|-heal|p1a: Toxapex|55/100|[from] item: Black Sludge
|upkeep
|turn|57
|
|t:|1776346067
|move|p2a: Pecharunt|Nasty Plot|p2a: Pecharunt
|-boost|p2a: Pecharunt|spa|2
|move|p1a: Toxapex|Haze|p1a: Toxapex
|-clearallboost
|
|-heal|p1a: Toxapex|62/100|[from] item: Black Sludge
|upkeep
|turn|58
|
|t:|1776346075
|move|p2a: Pecharunt|Nasty Plot|p2a: Pecharunt
|-boost|p2a: Pecharunt|spa|2
|move|p1a: Toxapex|Liquidation|p2a: Pecharunt
|-damage|p2a: Pecharunt|78/100
|
|-heal|p1a: Toxapex|68/100|[from] item: Black Sludge
|upkeep
|turn|59
|
|t:|1776346086
|move|p2a: Pecharunt|Shadow Ball|p1a: Toxapex
|-damage|p1a: Toxapex|18/100
|move|p1a: Toxapex|Haze|p1a: Toxapex
|-clearallboost
|
|-heal|p1a: Toxapex|25/100|[from] item: Black Sludge
|upkeep
|turn|60
|
|t:|1776346094
|-terastallize|p2a: Pecharunt|Ghost
|move|p2a: Pecharunt|Shadow Ball|p1a: Toxapex
|-damage|p1a: Toxapex|0 fnt
|faint|p1a: Toxapex
|
|win|pyumoko
|raw|Mori Jeon's rating: 1110 &rarr; <strong>1082</strong><br />(-28 for losing)
|raw|pyumoko's rating: 1070 &rarr; <strong>1103</strong><br />(+33 for winning)
|l|☆Mori Jeon
|player|p1|
