|html|<div class="broadcast-blue"><strong>[Gen 9] OU is currently suspecting Tera Blast! For information on how to participate check out the <a href="https://www.smogon.com/tools/suspects/view/200">suspect thread</a>.</strong></div>
|j|‽abat489
|j|☆pinapog2
|t:|1776267172
|gametype|singles
|player|p1|abat489|backpacker|1381
|player|p2|pinapog2|170|1385
|gen|9
|tier|[Gen 9] OU
|rated|
|rule|HP Percentage Mod: HP is shown in percentages
|rule|Endless Battle Clause: Forcing endless battles is banned
|rule|Species Clause: Limit one of each Pokémon
|rule|OHKO Clause: OHKO moves are banned
|rule|Evasion Items Clause: Evasion items are banned
|rule|Evasion Moves Clause: Evasion moves are banned
|rule|Evasion Abilities Clause: Evasion abilities are banned
|rule|Sleep Moves Clause: Sleep-inducing moves are banned
|clearpoke
|poke|p1|Araquanid, M|
|poke|p1|Zapdos|
|poke|p1|Meowscarada, M|
|poke|p1|Great Tusk|
|poke|p1|Dragonite, F|
|poke|p1|Heatran, F|
|poke|p2|Gliscor, F|
|poke|p2|Heatran, F|
|poke|p2|Sinistcha|
|poke|p2|Corviknight, M|
|poke|p2|Tentacruel, F|
|poke|p2|Darkrai|
|teampreview
|inactive|Battle timer is ON: inactive players will automatically lose when time's up. (requested by abat489)
|inactive|abat489 has 120 seconds left.
|
|t:|1776267205
|teamsize|p1|6
|teamsize|p2|6
|start
|switch|p1a: Meowscarada|Meowscarada, M|100/100
|switch|p2a: Lumian|Heatran, F|100/100
|turn|1
|
|t:|1776267207
|move|p1a: Meowscarada|U-turn|p2a: Lumian
|-start|p1a: Meowscarada|typechange|Bug|[from] ability: Protean
|-resisted|p2a: Lumian
|-damage|p2a: Lumian|90/100
|
|t:|1776267210
|switch|p1a: Araquanid|Araquanid, M|100/100|[from] U-turn
|move|p2a: Lumian|Stealth Rock|p1a: Araquanid
|-sidestart|p1: abat489|move: Stealth Rock
|
|-heal|p2a: Lumian|96/100|[from] item: Leftovers
|upkeep
|turn|2
|
|t:|1776267216
|switch|p2a: Charlie Kirsch|Sinistcha|100/100
|move|p1a: Araquanid|Sticky Web|p2a: Charlie Kirsch
|-sidestart|p2: pinapog2|move: Sticky Web
|
|upkeep
|turn|3
|
|t:|1776267222
|switch|p1a: Heatran|Heatran, F|100/100
|-damage|p1a: Heatran|88/100|[from] Stealth Rock
|move|p2a: Charlie Kirsch|Matcha Gotcha|p1a: Heatran
|-resisted|p1a: Heatran
|-damage|p1a: Heatran|81/100
|
|-heal|p1a: Heatran|87/100|[from] item: Leftovers
|upkeep
|turn|4
|
|t:|1776267224
|switch|p2a: Ludwig|Tentacruel, F, shiny|100/100
|move|p1a: Heatran|Magma Storm|p2a: Ludwig
|-resisted|p2a: Ludwig
|-damage|p2a: Ludwig|74/100
|-activate|p2a: Ludwig|move: Magma Storm|[of] p1a: Heatran
|
|-heal|p1a: Heatran|93/100|[from] item: Leftovers
|-damage|p2a: Ludwig|62/100|[from] move: Magma Storm|[partiallytrapped]
|upkeep
|turn|5
|
|t:|1776267231
|move|p2a: Ludwig|Rapid Spin|p1a: Heatran
|-resisted|p1a: Heatran
|-damage|p1a: Heatran|89/100
|-boost|p2a: Ludwig|spe|1
|-sideend|p2: pinapog2|Sticky Web|[from] move: Rapid Spin|[of] p2a: Ludwig
|-end|p2a: Ludwig|Magma Storm|[partiallytrapped]
|move|p1a: Heatran|Earth Power|p2a: Ludwig
|-supereffective|p2a: Ludwig
|-damage|p2a: Ludwig|4/100
|
|-heal|p1a: Heatran|95/100|[from] item: Leftovers
|upkeep
|turn|6
|
|t:|1776267246
|move|p2a: Ludwig|Surf|p1a: Heatran
|-supereffective|p1a: Heatran
|-damage|p1a: Heatran|24/100
|move|p1a: Heatran|Stealth Rock|p2a: Ludwig
|-sidestart|p2: pinapog2|move: Stealth Rock
|
|-heal|p1a: Heatran|30/100|[from] item: Leftovers
|upkeep
|turn|7
|
|t:|1776267249
|move|p2a: Ludwig|Rapid Spin|p1a: Heatran
|-resisted|p1a: Heatran
|-damage|p1a: Heatran|26/100
|-boost|p2a: Ludwig|spe|1
|-sideend|p2: pinapog2|Stealth Rock|[from] move: Rapid Spin|[of] p2a: Ludwig
|move|p1a: Heatran|Earth Power|p2a: Ludwig
|-supereffective|p2a: Ludwig
|-damage|p2a: Ludwig|0 fnt
|faint|p2a: Ludwig
|
|-heal|p1a: Heatran|32/100|[from] item: Leftovers
|upkeep
|
|t:|1776267253
|switch|p2a: Amanises|Darkrai|100/100
|turn|8
|
|t:|1776267255
|move|p2a: Amanises|Dark Pulse|p1a: Heatran
|-damage|p1a: Heatran|0 fnt
|faint|p1a: Heatran
|
|upkeep
|
|t:|1776267273
|switch|p1a: Araquanid|Araquanid, M|100/100
|-damage|p1a: Araquanid|76/100|[from] Stealth Rock
|turn|9
|
|t:|1776267285
|move|p2a: Amanises|Dark Pulse|p1a: Araquanid
|-damage|p1a: Araquanid|45/100
|move|p1a: Araquanid|Sticky Web|p2a: Amanises
|-sidestart|p2: pinapog2|move: Sticky Web
|
|upkeep
|turn|10
|
|t:|1776267290
|switch|p2a: MEGA KNIGHT|Corviknight, M|100/100
|-ability|p2a: MEGA KNIGHT|Pressure
|move|p1a: Araquanid|Endeavor|p2a: MEGA KNIGHT
|-damage|p2a: MEGA KNIGHT|39/100
|-damage|p1a: Araquanid|29/100|[from] item: Rocky Helmet|[of] p2a: MEGA KNIGHT
|
|upkeep
|turn|11
|
|t:|1776267294
|switch|p1a: Zapdos|Zapdos|100/100
|move|p2a: MEGA KNIGHT|Roost|p2a: MEGA KNIGHT
|-heal|p2a: MEGA KNIGHT|89/100
|-singleturn|p2a: MEGA KNIGHT|move: Roost
|
|upkeep
|turn|12
|
|t:|1776267297
|switch|p2a: Lumian|Heatran, F|96/100
|-activate|p2a: Lumian|move: Sticky Web
|-unboost|p2a: Lumian|spe|1
|move|p1a: Zapdos|Hurricane|p2a: Lumian
|-resisted|p2a: Lumian
|-damage|p2a: Lumian|82/100
|-start|p2a: Lumian|confusion
|
|-heal|p2a: Lumian|88/100|[from] item: Leftovers
|upkeep
|turn|13
|
|t:|1776267307
|move|p1a: Zapdos|Volt Switch|p2a: Lumian
|-damage|p2a: Lumian|69/100
|
|t:|1776267313
|switch|p1a: Great Tusk|Great Tusk|100/100|[from] Volt Switch
|-activate|p2a: Lumian|confusion
|move|p2a: Lumian|Magma Storm|p1a: Great Tusk
|-damage|p1a: Great Tusk|33/100
|-activate|p1a: Great Tusk|move: Magma Storm|[of] p2a: Lumian
|
|-heal|p2a: Lumian|75/100|[from] item: Leftovers
|-damage|p1a: Great Tusk|20/100|[from] move: Magma Storm|[partiallytrapped]
|upkeep
|turn|14
|
|t:|1776267321
|-terastallize|p2a: Lumian|Ghost
|move|p1a: Great Tusk|Ice Spinner|p2a: Lumian
|-damage|p2a: Lumian|50/100
|-activate|p2a: Lumian|confusion
|move|p2a: Lumian|Earth Power|p1a: Great Tusk
|-damage|p1a: Great Tusk|0 fnt
|faint|p1a: Great Tusk
|-end|p1a: Great Tusk|Protosynthesis|[silent]
|
|-heal|p2a: Lumian|57/100|[from] item: Leftovers
|upkeep
|
|t:|1776267328
|switch|p1a: Meowscarada|Meowscarada, M|100/100
|-damage|p1a: Meowscarada|88/100|[from] Stealth Rock
|turn|15
|
|t:|1776267333
|switch|p2a: Klaw|Gliscor, F|100/100
|move|p1a: Meowscarada|Knock Off|p2a: Klaw
|-start|p1a: Meowscarada|typechange|Dark|[from] ability: Protean
|-damage|p2a: Klaw|51/100
|-enditem|p2a: Klaw|Toxic Orb|[from] move: Knock Off|[of] p1a: Meowscarada
|
|upkeep
|turn|16
|
|t:|1776267340
|switch|p1a: Zapdos|Zapdos|100/100
|move|p2a: Klaw|Spikes|p1a: Zapdos
|-sidestart|p1: abat489|Spikes
|
|upkeep
|turn|17
|
|t:|1776267343
|move|p2a: Klaw|Knock Off|p1a: Zapdos
|-damage|p1a: Zapdos|86/100
|-enditem|p1a: Zapdos|Heavy-Duty Boots|[from] move: Knock Off|[of] p2a: Klaw
|move|p1a: Zapdos|Hurricane|p2a: Klaw
|-damage|p2a: Klaw|6/100
|
|upkeep
|turn|18
|
|t:|1776267350
|move|p2a: Klaw|Spikes|p1a: Zapdos
|-sidestart|p1: abat489|Spikes
|move|p1a: Zapdos|Hurricane|p2a: Klaw
|-damage|p2a: Klaw|0 fnt
|faint|p2a: Klaw
|
|upkeep
|
|t:|1776267356
|switch|p2a: Lumian|Heatran, F, tera:Ghost|57/100
|-activate|p2a: Lumian|move: Sticky Web
|-unboost|p2a: Lumian|spe|1
|turn|19
|
|t:|1776267359
|move|p1a: Zapdos|Hurricane|p2a: Lumian
|-damage|p2a: Lumian|27/100
|-start|p2a: Lumian|confusion
|-activate|p2a: Lumian|confusion
|move|p2a: Lumian|Magma Storm|p1a: Zapdos
|-damage|p1a: Zapdos|47/100
|-activate|p1a: Zapdos|move: Magma Storm|[of] p2a: Lumian
|
|-heal|p2a: Lumian|33/100|[from] item: Leftovers
|-damage|p1a: Zapdos|35/100|[from] move: Magma Storm|[partiallytrapped]
|upkeep
|turn|20
|
|t:|1776267368
|move|p1a: Zapdos|Roost|p1a: Zapdos
|-heal|p1a: Zapdos|85/100
|-singleturn|p1a: Zapdos|move: Roost
|-activate|p2a: Lumian|confusion
|move|p2a: Lumian|Magma Storm|p1a: Zapdos
|-damage|p1a: Zapdos|46/100
|
|-heal|p2a: Lumian|39/100|[from] item: Leftovers
|-damage|p1a: Zapdos|34/100|[from] move: Magma Storm|[partiallytrapped]
|upkeep
|turn|21
|
|t:|1776267373
|move|p1a: Zapdos|Hurricane|p2a: Lumian
|-damage|p2a: Lumian|10/100
|-activate|p2a: Lumian|confusion
|move|p2a: Lumian|Will-O-Wisp|p1a: Zapdos
|-status|p1a: Zapdos|brn
|
|-heal|p2a: Lumian|16/100|[from] item: Leftovers
|-damage|p1a: Zapdos|28/100 brn|[from] brn
|-damage|p1a: Zapdos|16/100 brn|[from] move: Magma Storm|[partiallytrapped]
|upkeep
|turn|22
|
|t:|1776267378
|move|p1a: Zapdos|Volt Switch|p2a: Lumian
|-damage|p2a: Lumian|0 fnt
|faint|p2a: Lumian
|
|t:|1776267381
|switch|p1a: Araquanid|Araquanid, M|29/100|[from] Volt Switch
|-damage|p1a: Araquanid|4/100|[from] Stealth Rock
|-damage|p1a: Araquanid|0 fnt|[from] Spikes
|faint|p1a: Araquanid
|
|upkeep
|
|t:|1776267399
|switch|p2a: Charlie Kirsch|Sinistcha|100/100
|switch|p1a: Dragonite|Dragonite, F|100/100
|-damage|p1a: Dragonite|76/100|[from] Stealth Rock
|turn|23
|inactive|abat489 has 120 seconds left.
|
|t:|1776267435
|move|p1a: Dragonite|Dragon Dance|p1a: Dragonite
|-boost|p1a: Dragonite|atk|1
|-boost|p1a: Dragonite|spe|1
|move|p2a: Charlie Kirsch|Shadow Ball|p1a: Dragonite
|-damage|p1a: Dragonite|40/100
|
|upkeep
|turn|24
|
|t:|1776267440
|-terastallize|p1a: Dragonite|Fire
|move|p1a: Dragonite|Fire Punch|p2a: Charlie Kirsch
|-supereffective|p2a: Charlie Kirsch
|-damage|p2a: Charlie Kirsch|48/100
|move|p2a: Charlie Kirsch|Strength Sap|p1a: Dragonite
|-unboost|p1a: Dragonite|atk|1
|-heal|p2a: Charlie Kirsch|100/100
|
|upkeep
|turn|25
|
|t:|1776267446
|move|p1a: Dragonite|Encore|p2a: Charlie Kirsch
|-start|p2a: Charlie Kirsch|Encore
|move|p2a: Charlie Kirsch|Strength Sap|p1a: Dragonite
|-unboost|p1a: Dragonite|atk|1
|
|upkeep
|turn|26
|
|t:|1776267456
|switch|p2a: MEGA KNIGHT|Corviknight, M|89/100
|-ability|p2a: MEGA KNIGHT|Pressure
|move|p1a: Dragonite|Fire Punch|p2a: MEGA KNIGHT
|-supereffective|p2a: MEGA KNIGHT
|-damage|p2a: MEGA KNIGHT|54/100
|-damage|p1a: Dragonite|24/100|[from] item: Rocky Helmet|[of] p2a: MEGA KNIGHT
|
|upkeep
|turn|27
|
|t:|1776267459
|move|p1a: Dragonite|Fire Punch|p2a: MEGA KNIGHT
|-supereffective|p2a: MEGA KNIGHT
|-damage|p2a: MEGA KNIGHT|15/100
|-damage|p1a: Dragonite|7/100|[from] item: Rocky Helmet|[of] p2a: MEGA KNIGHT
|move|p2a: MEGA KNIGHT|Brave Bird|p1a: Dragonite
|-damage|p1a: Dragonite|0 fnt
|faint|p1a: Dragonite
|-damage|p2a: MEGA KNIGHT|13/100|[from] Recoil
|
|upkeep
|inactive|abat489 has 120 seconds left.
|
|t:|1776267493
|switch|p1a: Zapdos|Zapdos|16/100 brn
|-damage|p1a: Zapdos|0 fnt|[from] Stealth Rock
|faint|p1a: Zapdos
|
|t:|1776267494
|switch|p1a: Meowscarada|Meowscarada, M|88/100
|-damage|p1a: Meowscarada|76/100|[from] Stealth Rock
|-damage|p1a: Meowscarada|60/100|[from] Spikes
|turn|28
|
|t:|1776267497
|move|p1a: Meowscarada|Knock Off|p2a: MEGA KNIGHT
|-start|p1a: Meowscarada|typechange|Dark|[from] ability: Protean
|-damage|p2a: MEGA KNIGHT|0 fnt
|-damage|p1a: Meowscarada|43/100|[from] item: Rocky Helmet|[of] p2a: MEGA KNIGHT
|-enditem|p2a: MEGA KNIGHT|Rocky Helmet|[from] move: Knock Off|[of] p1a: Meowscarada
|faint|p2a: MEGA KNIGHT
|
|upkeep
|
|t:|1776267500
|switch|p2a: Amanises|Darkrai|100/100
|-activate|p2a: Amanises|move: Sticky Web
|-unboost|p2a: Amanises|spe|1
|turn|29
|
|t:|1776267504
|move|p1a: Meowscarada|Knock Off|p2a: Amanises
|-resisted|p2a: Amanises
|-damage|p2a: Amanises|59/100
|-enditem|p2a: Amanises|Black Glasses|[from] move: Knock Off|[of] p1a: Meowscarada
|move|p2a: Amanises|Dark Pulse|p1a: Meowscarada
|-resisted|p1a: Meowscarada
|-damage|p1a: Meowscarada|12/100
|
|upkeep
|turn|30
|
|t:|1776267508
|move|p1a: Meowscarada|Knock Off|p2a: Amanises
|-resisted|p2a: Amanises
|-damage|p2a: Amanises|28/100
|move|p2a: Amanises|Dark Pulse|p1a: Meowscarada
|-resisted|p1a: Meowscarada
|-damage|p1a: Meowscarada|0 fnt
|faint|p1a: Meowscarada
|
|win|pinapog2
|raw|abat489's rating: 1381 &rarr; <strong>1361</strong><br />(-20 for losing)
|raw|pinapog2's rating: 1385 &rarr; <strong>1405</strong><br />(+20 for winning)
