|html|<div class="broadcast-blue"><strong>[Gen 9] OU is currently suspecting Volcarona! For information on how to participate check out the <a href="https://www.smogon.com/tools/suspects/view/208">suspect thread</a>.</strong></div>
|j|☆duli2010
|j|☆zatrox11
|t:|1778507140
|gametype|singles
|player|p1|duli2010|bugcatcher-gen4dp|1211
|player|p2|zatrox11|101|1233
|gen|9
|tier|[Gen 9] OU
|rated|
|rule|HP Percentage Mod: HP is shown in percentages
|rule|Endless Battle Clause: Forcing endless battles is banned
|rule|Species Clause: Limit one of each Pokémon
|rule|OHKO Clause: OHKO moves are banned
|rule|Evasion Items Clause: Evasion items are banned
|rule|Evasion Moves Clause: Evasion moves are banned
|rule|Evasion Abilities Clause: Evasion abilities are banned
|rule|Sleep Moves Clause: Sleep-inducing moves are banned
|clearpoke
|poke|p1|Spiritomb, F|
|poke|p1|Toxapex, F|
|poke|p1|Hydrapple, F|
|poke|p1|Quagsire, M|
|poke|p1|Milotic, M|
|poke|p1|Quaquaval, F|
|poke|p2|Corviknight, M|
|poke|p2|Volcanion|
|poke|p2|Dragapult, M|
|poke|p2|Excadrill, M|
|poke|p2|Tyranitar, F|
|poke|p2|Comfey, F|
|teampreview
|inactive|Battle timer is ON: inactive players will automatically lose when time's up. (requested by zatrox11)
|
|t:|1778507164
|teamsize|p1|6
|teamsize|p2|6
|start
|switch|p1a: Toxapex|Toxapex, F|100/100
|switch|p2a: Dragapult|Dragapult, M|100/100
|turn|1
|
|t:|1778507170
|move|p1a: Toxapex|Baneful Bunker|p1a: Toxapex
|-singleturn|p1a: Toxapex|move: Protect
|move|p2a: Dragapult|Draco Meteor|p1a: Toxapex
|-activate|p1a: Toxapex|move: Protect
|
|upkeep
|turn|2
|
|t:|1778507176
|move|p2a: Dragapult|Draco Meteor|p1a: Toxapex
|-damage|p1a: Toxapex|45/100
|-unboost|p2a: Dragapult|spa|2
|move|p1a: Toxapex|Toxic|p2a: Dragapult
|-status|p2a: Dragapult|tox
|
|-heal|p1a: Toxapex|51/100|[from] item: Black Sludge
|-damage|p2a: Dragapult|95/100 tox|[from] psn
|upkeep
|turn|3
|
|t:|1778507186
|switch|p2a: Tyranitar|Tyranitar, F|100/100
|-weather|Sandstorm|[from] ability: Sand Stream|[of] p2a: Tyranitar
|move|p1a: Toxapex|Infestation|p2a: Tyranitar
|-supereffective|p2a: Tyranitar
|-damage|p2a: Tyranitar|98/100
|-activate|p2a: Tyranitar|move: Infestation|[of] p1a: Toxapex
|
|-weather|Sandstorm|[upkeep]
|-damage|p1a: Toxapex|45/100|[from] Sandstorm
|-heal|p1a: Toxapex|51/100|[from] item: Black Sludge
|-damage|p2a: Tyranitar|85/100|[from] move: Infestation|[partiallytrapped]
|upkeep
|turn|4
|
|t:|1778507197
|move|p2a: Tyranitar|Stealth Rock|p1a: Toxapex
|-sidestart|p1: duli2010|move: Stealth Rock
|move|p1a: Toxapex|Toxic|p2a: Tyranitar
|-status|p2a: Tyranitar|tox
|
|-weather|Sandstorm|[upkeep]
|-damage|p1a: Toxapex|45/100|[from] Sandstorm
|-heal|p1a: Toxapex|51/100|[from] item: Black Sludge
|-damage|p2a: Tyranitar|79/100 tox|[from] psn
|-damage|p2a: Tyranitar|67/100 tox|[from] move: Infestation|[partiallytrapped]
|upkeep
|turn|5
|
|t:|1778507208
|move|p1a: Toxapex|Baneful Bunker|p1a: Toxapex
|-singleturn|p1a: Toxapex|move: Protect
|move|p2a: Tyranitar|Roar|p1a: Toxapex
|drag|p1a: Spiritomb|Spiritomb, F|100/100
|-damage|p1a: Spiritomb|88/100|[from] Stealth Rock
|
|-weather|Sandstorm|[upkeep]
|-damage|p1a: Spiritomb|82/100|[from] Sandstorm
|-damage|p2a: Tyranitar|54/100 tox|[from] psn
|-end|p2a: Tyranitar|Infestation|[partiallytrapped]|[silent]
|upkeep
|turn|6
|
|t:|1778507222
|switch|p1a: Toxapex|Toxapex, F|85/100
|-damage|p1a: Toxapex|72/100|[from] Stealth Rock
|switch|p2a: Corviknight|Corviknight, M|100/100
|-ability|p2a: Corviknight|Pressure
|
|-weather|Sandstorm|[upkeep]
|-damage|p1a: Toxapex|66/100|[from] Sandstorm
|-heal|p1a: Toxapex|72/100|[from] item: Black Sludge
|upkeep
|turn|7
|
|t:|1778507238
|switch|p1a: Spiritomb|Spiritomb, F|82/100
|-damage|p1a: Spiritomb|69/100|[from] Stealth Rock
|move|p2a: Corviknight|Brave Bird|p1a: Spiritomb
|-damage|p1a: Spiritomb|42/100
|-damage|p2a: Corviknight|93/100|[from] Recoil
|
|-weather|Sandstorm|[upkeep]
|-damage|p1a: Spiritomb|35/100|[from] Sandstorm
|upkeep
|turn|8
|
|t:|1778507248
|move|p2a: Corviknight|Brave Bird|p1a: Spiritomb
|-damage|p1a: Spiritomb|7/100
|-damage|p2a: Corviknight|86/100|[from] Recoil
|move|p1a: Spiritomb|Trick|p2a: Corviknight
|-activate|p1a: Spiritomb|move: Trick|[of] p2a: Corviknight
|-item|p2a: Corviknight|Choice Scarf|[from] move: Trick
|-item|p1a: Spiritomb|Rocky Helmet|[from] move: Trick
|
|-weather|Sandstorm|[upkeep]
|-damage|p1a: Spiritomb|1/100|[from] Sandstorm
|upkeep
|turn|9
|
|t:|1778507260
|move|p2a: Corviknight|U-turn|p1a: Spiritomb
|-damage|p1a: Spiritomb|0 fnt
|-damage|p2a: Corviknight|70/100|[from] item: Rocky Helmet|[of] p1a: Spiritomb
|faint|p1a: Spiritomb
|
|t:|1778507266
|switch|p2a: Dragapult|Dragapult, M|95/100 tox|[from] U-turn
|
|-weather|Sandstorm|[upkeep]
|-damage|p2a: Dragapult|89/100 tox|[from] Sandstorm
|-damage|p2a: Dragapult|83/100 tox|[from] psn
|upkeep
|
|t:|1778507274
|switch|p1a: Milotic|Milotic, M|100/100
|-damage|p1a: Milotic|88/100|[from] Stealth Rock
|turn|10
|
|t:|1778507282
|move|p2a: Dragapult|U-turn|p1a: Milotic
|-damage|p1a: Milotic|71/100
|
|t:|1778507286
|switch|p2a: Volcanion|Volcanion|100/100|[from] U-turn
|move|p1a: Milotic|Alluring Voice|p2a: Volcanion
|-resisted|p2a: Volcanion
|-damage|p2a: Volcanion|87/100
|
|-weather|none
|upkeep
|turn|11
|
|t:|1778507299
|move|p2a: Volcanion|Taunt|p1a: Milotic
|-start|p1a: Milotic|move: Taunt
|move|p1a: Milotic|Mirror Coat||[still]
|-fail|p1a: Milotic
|
|upkeep
|turn|12
|
|t:|1778507306
|switch|p1a: Toxapex|Toxapex, F|100/100
|-damage|p1a: Toxapex|88/100|[from] Stealth Rock
|move|p2a: Volcanion|Fire Spin|p1a: Toxapex
|-resisted|p1a: Toxapex
|-damage|p1a: Toxapex|81/100
|-activate|p1a: Toxapex|move: Fire Spin|[of] p2a: Volcanion
|
|-heal|p1a: Toxapex|87/100|[from] item: Black Sludge
|-damage|p1a: Toxapex|75/100|[from] move: Fire Spin|[partiallytrapped]
|upkeep
|turn|13
|
|t:|1778507318
|move|p2a: Volcanion|Taunt|p1a: Toxapex
|-start|p1a: Toxapex|move: Taunt
|move|p1a: Toxapex|Infestation|p2a: Volcanion
|-resisted|p2a: Volcanion
|-damage|p2a: Volcanion|85/100
|-activate|p2a: Volcanion|move: Infestation|[of] p1a: Toxapex
|
|-heal|p1a: Toxapex|81/100|[from] item: Black Sludge
|-damage|p2a: Volcanion|73/100|[from] move: Infestation|[partiallytrapped]
|-damage|p1a: Toxapex|68/100|[from] move: Fire Spin|[partiallytrapped]
|upkeep
|turn|14
|
|t:|1778507328
|move|p2a: Volcanion|Steam Eruption|p1a: Toxapex
|-resisted|p1a: Toxapex
|-damage|p1a: Toxapex|46/100
|move|p1a: Toxapex|Infestation|p2a: Volcanion
|-resisted|p2a: Volcanion
|-damage|p2a: Volcanion|71/100
|
|-heal|p1a: Toxapex|52/100|[from] item: Black Sludge
|-damage|p2a: Volcanion|59/100|[from] move: Infestation|[partiallytrapped]
|-damage|p1a: Toxapex|39/100|[from] move: Fire Spin|[partiallytrapped]
|upkeep
|turn|15
|
|t:|1778507338
|move|p2a: Volcanion|Steam Eruption|p1a: Toxapex
|-resisted|p1a: Toxapex
|-damage|p1a: Toxapex|18/100
|move|p1a: Toxapex|Infestation|p2a: Volcanion
|-resisted|p2a: Volcanion
|-damage|p2a: Volcanion|57/100
|
|-heal|p1a: Toxapex|25/100|[from] item: Black Sludge
|-damage|p2a: Volcanion|45/100|[from] move: Infestation|[partiallytrapped]
|-damage|p1a: Toxapex|12/100|[from] move: Fire Spin|[partiallytrapped]
|-end|p1a: Toxapex|move: Taunt
|upkeep
|turn|16
|
|t:|1778507349
|move|p1a: Toxapex|Baneful Bunker|p1a: Toxapex
|-singleturn|p1a: Toxapex|move: Protect
|move|p2a: Volcanion|Steam Eruption|p1a: Toxapex
|-activate|p1a: Toxapex|move: Protect
|
|-heal|p1a: Toxapex|18/100|[from] item: Black Sludge
|-damage|p2a: Volcanion|33/100|[from] move: Infestation|[partiallytrapped]
|-end|p1a: Toxapex|Fire Spin|[partiallytrapped]
|upkeep
|turn|17
|
|t:|1778507366
|switch|p1a: Hydrapple|Hydrapple, F, shiny|100/100
|-damage|p1a: Hydrapple|88/100|[from] Stealth Rock
|move|p2a: Volcanion|Steam Eruption|p1a: Hydrapple
|-resisted|p1a: Hydrapple
|-damage|p1a: Hydrapple|73/100
|
|-heal|p1a: Hydrapple|79/100|[from] item: Leftovers
|-end|p2a: Volcanion|Infestation|[partiallytrapped]|[silent]
|upkeep
|turn|18
|
|t:|1778507380
|switch|p2a: Comfey|Comfey, F|100/100
|move|p1a: Hydrapple|Nasty Plot|p1a: Hydrapple
|-boost|p1a: Hydrapple|spa|2
|
|-heal|p1a: Hydrapple|85/100|[from] item: Leftovers
|upkeep
|turn|19
|
|t:|1778507387
|-terastallize|p1a: Hydrapple|Grass
|move|p2a: Comfey|Calm Mind|p2a: Comfey
|-boost|p2a: Comfey|spa|1
|-boost|p2a: Comfey|spd|1
|move|p1a: Hydrapple|Giga Drain|p2a: Comfey
|-damage|p2a: Comfey|29/100
|-heal|p1a: Hydrapple|100/100|[from] drain|[of] p2a: Comfey
|
|upkeep
|turn|20
|
|t:|1778507398
|move|p2a: Comfey|Draining Kiss|p1a: Hydrapple
|-crit|p1a: Hydrapple
|-damage|p1a: Hydrapple|38/100
|-heal|p2a: Comfey|89/100|[from] drain|[of] p1a: Hydrapple
|-damage|p2a: Comfey|79/100|[from] item: Life Orb
|move|p1a: Hydrapple|Giga Drain|p2a: Comfey
|-damage|p2a: Comfey|13/100
|-heal|p1a: Hydrapple|64/100|[from] drain|[of] p2a: Comfey
|
|-heal|p1a: Hydrapple|70/100|[from] item: Leftovers
|upkeep
|turn|21
|
|t:|1778507408
|switch|p2a: Corviknight|Corviknight, M|70/100
|-ability|p2a: Corviknight|Pressure
|move|p1a: Hydrapple|Giga Drain|p2a: Corviknight
|-resisted|p2a: Corviknight
|-damage|p2a: Corviknight|46/100
|-heal|p1a: Hydrapple|82/100|[from] drain|[of] p2a: Corviknight
|
|-heal|p1a: Hydrapple|88/100|[from] item: Leftovers
|upkeep
|turn|22
|
|t:|1778507428
|switch|p1a: Toxapex|Toxapex, F|51/100
|-damage|p1a: Toxapex|39/100|[from] Stealth Rock
|move|p2a: Corviknight|U-turn|p1a: Toxapex
|-resisted|p1a: Toxapex
|-damage|p1a: Toxapex|34/100
|
|t:|1778507452
|switch|p2a: Dragapult|Dragapult, M|83/100 tox|[from] U-turn
|
|-heal|p1a: Toxapex|40/100|[from] item: Black Sludge
|-damage|p2a: Dragapult|77/100 tox|[from] psn
|upkeep
|turn|23
|
|t:|1778507459
|move|p1a: Toxapex|Baneful Bunker|p1a: Toxapex
|-singleturn|p1a: Toxapex|move: Protect
|move|p2a: Dragapult|Draco Meteor|p1a: Toxapex
|-activate|p1a: Toxapex|move: Protect
|
|-heal|p1a: Toxapex|46/100|[from] item: Black Sludge
|-damage|p2a: Dragapult|65/100 tox|[from] psn
|upkeep
|turn|24
|
|t:|1778507472
|switch|p1a: Milotic|Milotic, M|71/100
|-damage|p1a: Milotic|59/100|[from] Stealth Rock
|move|p2a: Dragapult|Draco Meteor|p1a: Milotic
|-damage|p1a: Milotic|21/100
|-unboost|p2a: Dragapult|spa|2
|
|-damage|p2a: Dragapult|47/100 tox|[from] psn
|upkeep
|turn|25
|
|t:|1778507487
|switch|p2a: Tyranitar|Tyranitar, F|54/100 tox
|-weather|Sandstorm|[from] ability: Sand Stream|[of] p2a: Tyranitar
|move|p1a: Milotic|Alluring Voice|p2a: Tyranitar
|-supereffective|p2a: Tyranitar
|-damage|p2a: Tyranitar|35/100 tox
|
|-weather|Sandstorm|[upkeep]
|-damage|p1a: Milotic|14/100|[from] Sandstorm
|-damage|p2a: Tyranitar|29/100 tox|[from] psn
|upkeep
|turn|26
|
|t:|1778507499
|switch|p2a: Volcanion|Volcanion|33/100
|move|p1a: Milotic|Scald|p2a: Volcanion
|-heal|p2a: Volcanion|58/100|[from] ability: Water Absorb|[of] p1a: Milotic
|
|-weather|Sandstorm|[upkeep]
|-damage|p2a: Volcanion|52/100|[from] Sandstorm
|-damage|p1a: Milotic|8/100|[from] Sandstorm
|upkeep
|turn|27
|
|t:|1778507520
|switch|p1a: Quaquaval|Quaquaval, F|100/100
|-damage|p1a: Quaquaval|94/100|[from] Stealth Rock
|move|p2a: Volcanion|Sludge Bomb|p1a: Quaquaval
|-damage|p1a: Quaquaval|71/100
|
|-weather|Sandstorm|[upkeep]
|-damage|p2a: Volcanion|46/100|[from] Sandstorm
|-damage|p1a: Quaquaval|64/100|[from] Sandstorm
|upkeep
|turn|28
|
|t:|1778507532
|move|p2a: Volcanion|Steam Eruption|p1a: Quaquaval
|-resisted|p1a: Quaquaval
|-damage|p1a: Quaquaval|40/100
|move|p1a: Quaquaval|Rapid Spin|p2a: Volcanion
|-damage|p2a: Volcanion|28/100
|-boost|p1a: Quaquaval|spe|1
|-sideend|p1: duli2010|Stealth Rock|[from] move: Rapid Spin|[of] p1a: Quaquaval
|
|-weather|Sandstorm|[upkeep]
|-damage|p1a: Quaquaval|34/100|[from] Sandstorm
|-damage|p2a: Volcanion|22/100|[from] Sandstorm
|upkeep
|turn|29
|
|t:|1778507542
|switch|p2a: Corviknight|Corviknight, M|46/100
|-ability|p2a: Corviknight|Pressure
|move|p1a: Quaquaval|Close Combat|p2a: Corviknight
|-damage|p2a: Corviknight|7/100
|-unboost|p1a: Quaquaval|def|1
|-unboost|p1a: Quaquaval|spd|1
|
|-weather|Sandstorm|[upkeep]
|-damage|p1a: Quaquaval|28/100|[from] Sandstorm
|upkeep
|turn|30
|
|t:|1778507553
|move|p1a: Quaquaval|Aqua Step|p2a: Corviknight
|-damage|p2a: Corviknight|0 fnt
|-boost|p1a: Quaquaval|spe|1
|faint|p2a: Corviknight
|-ability|p1a: Quaquaval|Moxie|boost
|-boost|p1a: Quaquaval|atk|1
|
|-weather|Sandstorm|[upkeep]
|-damage|p1a: Quaquaval|21/100|[from] Sandstorm
|upkeep
|
|t:|1778507556
|switch|p2a: Comfey|Comfey, F|13/100
|turn|31
|
|t:|1778507565
|switch|p1a: Toxapex|Toxapex, F|79/100
|move|p2a: Comfey|Draining Kiss|p1a: Toxapex
|-resisted|p1a: Toxapex
|-damage|p1a: Toxapex|69/100
|-heal|p2a: Comfey|21/100|[from] drain|[of] p1a: Toxapex
|-damage|p2a: Comfey|11/100|[from] item: Life Orb
|
|-weather|Sandstorm|[upkeep]
|-damage|p2a: Comfey|5/100|[from] Sandstorm
|-damage|p1a: Toxapex|63/100|[from] Sandstorm
|-heal|p1a: Toxapex|69/100|[from] item: Black Sludge
|upkeep
|turn|32
|
|t:|1778507582
|switch|p2a: Dragapult|Dragapult, M|47/100 tox
|move|p1a: Toxapex|Toxic|p2a: Dragapult
|-fail|p2a: Dragapult|tox
|
|-weather|none
|-heal|p1a: Toxapex|75/100|[from] item: Black Sludge
|-damage|p2a: Dragapult|41/100 tox|[from] psn
|upkeep
|turn|33
|
|t:|1778507591
|switch|p2a: Tyranitar|Tyranitar, F|29/100 tox
|-weather|Sandstorm|[from] ability: Sand Stream|[of] p2a: Tyranitar
|move|p1a: Toxapex|Baneful Bunker||[still]
|-fail|p1a: Toxapex
|
|-weather|Sandstorm|[upkeep]
|-damage|p1a: Toxapex|69/100|[from] Sandstorm
|-heal|p1a: Toxapex|75/100|[from] item: Black Sludge
|-damage|p2a: Tyranitar|23/100 tox|[from] psn
|upkeep
|turn|34
|
|t:|1778507606
|switch|p2a: Dragapult|Dragapult, M|41/100 tox
|switch|p1a: Quaquaval|Quaquaval, F|21/100
|
|-weather|Sandstorm|[upkeep]
|-damage|p2a: Dragapult|35/100 tox|[from] Sandstorm
|-damage|p1a: Quaquaval|15/100|[from] Sandstorm
|-damage|p2a: Dragapult|29/100 tox|[from] psn
|upkeep
|turn|35
|
|t:|1778507624
|switch|p1a: Milotic|Milotic, M|8/100
|move|p2a: Dragapult|Draco Meteor|p1a: Milotic
|-damage|p1a: Milotic|0 fnt
|-unboost|p2a: Dragapult|spa|2
|faint|p1a: Milotic
|
|-weather|Sandstorm|[upkeep]
|-damage|p2a: Dragapult|23/100 tox|[from] Sandstorm
|-damage|p2a: Dragapult|11/100 tox|[from] psn
|upkeep
|
|t:|1778507643
|switch|p1a: Toxapex|Toxapex, F|100/100
|turn|36
|
|t:|1778507646
|move|p2a: Dragapult|Draco Meteor|p1a: Toxapex
|-damage|p1a: Toxapex|73/100
|-unboost|p2a: Dragapult|spa|2
|move|p1a: Toxapex|Infestation|p2a: Dragapult
|-resisted|p2a: Dragapult
|-damage|p2a: Dragapult|9/100 tox
|-activate|p2a: Dragapult|move: Infestation|[of] p1a: Toxapex
|
|-weather|Sandstorm|[upkeep]
|-damage|p2a: Dragapult|3/100 tox|[from] Sandstorm
|-damage|p1a: Toxapex|66/100|[from] Sandstorm
|-heal|p1a: Toxapex|73/100|[from] item: Black Sludge
|-damage|p2a: Dragapult|0 fnt|[from] psn
|faint|p2a: Dragapult
|upkeep
|
|t:|1778507656
|switch|p2a: Excadrill|Excadrill, M|100/100
|-item|p2a: Excadrill|Air Balloon
|turn|37
|
|t:|1778507662
|switch|p1a: Hydrapple|Hydrapple, F, shiny, tera:Grass|100/100
|move|p2a: Excadrill|Swords Dance|p2a: Excadrill
|-boost|p2a: Excadrill|atk|2
|
|-weather|Sandstorm|[upkeep]
|-damage|p1a: Hydrapple|94/100|[from] Sandstorm
|-heal|p1a: Hydrapple|100/100|[from] item: Leftovers
|upkeep
|turn|38
|
|t:|1778507675
|move|p2a: Excadrill|Rock Slide|p1a: Hydrapple
|-damage|p1a: Hydrapple|62/100
|move|p1a: Hydrapple|Giga Drain|p2a: Excadrill
|-damage|p2a: Excadrill|36/100
|-heal|p1a: Hydrapple|92/100|[from] drain|[of] p2a: Excadrill
|-enditem|p2a: Excadrill|Air Balloon
|
|-weather|Sandstorm|[upkeep]
|-damage|p1a: Hydrapple|85/100|[from] Sandstorm
|-heal|p1a: Hydrapple|92/100|[from] item: Leftovers
|upkeep
|turn|39
|
|t:|1778507686
|move|p2a: Excadrill|Rock Slide|p1a: Hydrapple|[miss]
|-miss|p2a: Excadrill|p1a: Hydrapple
|move|p1a: Hydrapple|Giga Drain|p2a: Excadrill
|-damage|p2a: Excadrill|0 fnt
|-heal|p1a: Hydrapple|100/100|[from] drain|[of] p2a: Excadrill
|faint|p2a: Excadrill
|
|-weather|Sandstorm|[upkeep]
|-damage|p1a: Hydrapple|94/100|[from] Sandstorm
|-heal|p1a: Hydrapple|100/100|[from] item: Leftovers
|upkeep
|-message|zatrox11 forfeited.
|
|win|duli2010
|raw|duli2010's rating: 1211 &rarr; <strong>1238</strong><br />(+27 for winning)
|raw|zatrox11's rating: 1233 &rarr; <strong>1206</strong><br />(-27 for losing)
|l|☆zatrox11
|player|p2|
|l|☆duli2010
|player|p1|
