|html|<div class="broadcast-blue"><strong>[Gen 9] OU is currently suspecting Volcarona! For information on how to participate check out the <a href="https://www.smogon.com/tools/suspects/view/208">suspect thread</a>.</strong></div>
|j|☆chuddyholly
|j|☆pingoraxx
|t:|1778508920
|gametype|singles
|player|p1|chuddyholly|265|1548
|player|p2|pingoraxx|ethan|1591
|gen|9
|tier|[Gen 9] OU
|rated|
|rule|HP Percentage Mod: HP is shown in percentages
|rule|Endless Battle Clause: Forcing endless battles is banned
|rule|Species Clause: Limit one of each Pokémon
|rule|OHKO Clause: OHKO moves are banned
|rule|Evasion Items Clause: Evasion items are banned
|rule|Evasion Moves Clause: Evasion moves are banned
|rule|Evasion Abilities Clause: Evasion abilities are banned
|rule|Sleep Moves Clause: Sleep-inducing moves are banned
|clearpoke
|poke|p1|Darkrai|
|poke|p1|Garchomp, M|
|poke|p1|Alomomola, M|
|poke|p1|Corviknight, F|
|poke|p1|Weezing-Galar, F|
|poke|p1|Ogerpon, F|
|poke|p2|Ceruledge, M|
|poke|p2|Meowscarada, M|
|poke|p2|Greninja-*, M|
|poke|p2|Great Tusk|
|poke|p2|Galvantula, M|
|poke|p2|Landorus-Therian, M|
|teampreview
|inactive|Battle timer is ON: inactive players will automatically lose when time's up. (requested by chuddyholly)
|
|t:|1778508952
|teamsize|p1|6
|teamsize|p2|6
|start
|switch|p1a: Darkrai|Darkrai|100/100
|switch|p2a: Galvantula|Galvantula, M|100/100
|turn|1
|
|t:|1778508969
|move|p1a: Darkrai|Dark Pulse|p2a: Galvantula
|-enditem|p2a: Galvantula|Focus Sash
|-damage|p2a: Galvantula|1/100
|move|p2a: Galvantula|Sticky Web|p1a: Darkrai
|-sidestart|p1: chuddyholly|move: Sticky Web
|
|upkeep
|turn|2
|inactive|pingoraxx has 120 seconds left.
|
|t:|1778508995
|move|p1a: Darkrai|Dark Pulse|p2a: Galvantula
|-damage|p2a: Galvantula|0 fnt
|faint|p2a: Galvantula
|
|upkeep
|inactive|pingoraxx has 120 seconds left.
|
|t:|1778509006
|switch|p2a: Landorus|Landorus-Therian, M|100/100
|-ability|p2a: Landorus|Intimidate|boost
|-unboost|p1a: Darkrai|atk|1
|turn|3
|
|t:|1778509010
|switch|p1a: Corviknight|Corviknight, F|100/100
|-ability|p1a: Corviknight|Pressure
|move|p2a: Landorus|U-turn|p1a: Corviknight
|-resisted|p1a: Corviknight
|-damage|p1a: Corviknight|95/100
|inactive|pingoraxx has 120 seconds left.
|
|t:|1778509021
|switch|p2a: Greninja|Greninja, M|100/100|[from] U-turn
|
|-heal|p1a: Corviknight|100/100|[from] item: Leftovers
|upkeep
|turn|4
|
|t:|1778509033
|move|p2a: Greninja|Surf|p1a: Corviknight
|-damage|p1a: Corviknight|66/100
|move|p1a: Corviknight|Defog|p2a: Greninja
|-unboost|p2a: Greninja|evasion|1
|-sideend|p1: chuddyholly|Sticky Web|[from] move: Defog|[of] p1a: Corviknight
|
|-heal|p1a: Corviknight|72/100|[from] item: Leftovers
|upkeep
|turn|5
|
|t:|1778509041
|move|p2a: Greninja|Surf|p1a: Corviknight
|-damage|p1a: Corviknight|39/100
|move|p1a: Corviknight|Roost|p1a: Corviknight
|-heal|p1a: Corviknight|89/100
|-singleturn|p1a: Corviknight|move: Roost
|
|-heal|p1a: Corviknight|95/100|[from] item: Leftovers
|upkeep
|turn|6
|
|t:|1778509050
|move|p2a: Greninja|Surf|p1a: Corviknight
|-damage|p1a: Corviknight|58/100
|move|p1a: Corviknight|U-turn|p2a: Greninja
|-supereffective|p2a: Greninja
|-damage|p2a: Greninja|53/100
|
|t:|1778509069
|switch|p1a: Alomomola|Alomomola, M|100/100|[from] U-turn
|
|upkeep
|turn|7
|
|t:|1778509075
|move|p2a: Greninja|Dark Pulse|p1a: Alomomola
|-damage|p1a: Alomomola|81/100
|cant|p1a: Alomomola|flinch
|
|upkeep
|turn|8
|
|t:|1778509082
|move|p2a: Greninja|Dark Pulse|p1a: Alomomola
|-damage|p1a: Alomomola|63/100
|cant|p1a: Alomomola|flinch
|
|upkeep
|turn|9
|
|t:|1778509092
|move|p2a: Greninja|Dark Pulse|p1a: Alomomola
|-damage|p1a: Alomomola|44/100
|move|p1a: Alomomola|Body Slam|p2a: Greninja
|-damage|p2a: Greninja|28/100
|
|upkeep
|turn|10
|
|t:|1778509100
|switch|p1a: Weezing|Weezing-Galar, F|100/100
|-ability|p1a: Weezing|Neutralizing Gas
|move|p2a: Greninja|Dark Pulse|p1a: Weezing
|-resisted|p1a: Weezing
|-damage|p1a: Weezing|72/100
|
|-heal|p1a: Weezing|78/100|[from] item: Leftovers
|upkeep
|turn|11
|
|t:|1778509112
|-end|p1a: Weezing|ability: Neutralizing Gas
|switch|p1a: Alomomola|Alomomola, M|77/100
|-terastallize|p2a: Greninja|Poison
|move|p2a: Greninja|Sludge Wave|p1a: Alomomola
|-damage|p1a: Alomomola|55/100
|
|upkeep
|turn|12
|
|t:|1778509125
|switch|p2a: Miascarade|Meowscarada, M|100/100
|move|p1a: Alomomola|Body Slam|p2a: Miascarade
|-damage|p2a: Miascarade|77/100
|-status|p2a: Miascarade|par
|
|upkeep
|turn|13
|
|t:|1778509134
|switch|p1a: Corviknight|Corviknight, F|58/100
|-ability|p1a: Corviknight|Pressure
|move|p2a: Miascarade|Flower Trick|p1a: Corviknight
|-start|p2a: Miascarade|typechange|Grass|[from] ability: Protean
|-resisted|p1a: Corviknight
|-crit|p1a: Corviknight
|-damage|p1a: Corviknight|44/100
|
|-heal|p1a: Corviknight|51/100|[from] item: Leftovers
|upkeep
|turn|14
|inactive|chuddyholly has 120 seconds left.
|
|t:|1778509179
|switch|p2a: Greninja|Greninja, M, tera:Poison|28/100
|move|p1a: Corviknight|Roost|p1a: Corviknight
|-heal|p1a: Corviknight|100/100
|-singleturn|p1a: Corviknight|move: Roost
|
|upkeep
|turn|15
|
|t:|1778509186
|switch|p1a: Alomomola|Alomomola, M|88/100
|move|p2a: Greninja|Dark Pulse|p1a: Alomomola
|-damage|p1a: Alomomola|70/100
|
|upkeep
|turn|16
|
|t:|1778509193
|move|p2a: Greninja|Dark Pulse|p1a: Alomomola
|-damage|p1a: Alomomola|50/100
|move|p1a: Alomomola|Flip Turn|p2a: Greninja
|-damage|p2a: Greninja|2/100
|
|t:|1778509202
|switch|p1a: Darkrai|Darkrai|100/100|[from] Flip Turn
|
|upkeep
|turn|17
|
|t:|1778509206
|move|p2a: Greninja|Water Shuriken|p1a: Darkrai
|-damage|p1a: Darkrai|89/100
|-damage|p1a: Darkrai|76/100
|-damage|p1a: Darkrai|64/100
|-damage|p1a: Darkrai|52/100
|-damage|p1a: Darkrai|41/100
|-hitcount|p1a: Darkrai|5
|move|p1a: Darkrai|Dark Pulse|p2a: Greninja
|-damage|p2a: Greninja|0 fnt
|faint|p2a: Greninja
|
|upkeep
|
|t:|1778509220
|switch|p2a: Landorus|Landorus-Therian, M|100/100
|-ability|p2a: Landorus|Intimidate|boost
|-unboost|p1a: Darkrai|atk|1
|turn|18
|
|t:|1778509232
|switch|p1a: Corviknight|Corviknight, F|100/100
|-ability|p1a: Corviknight|Pressure
|move|p2a: Landorus|U-turn|p1a: Corviknight
|-resisted|p1a: Corviknight
|-damage|p1a: Corviknight|96/100
|
|t:|1778509240
|switch|p2a: Ceruledge|Ceruledge, M|100/100|[from] U-turn
|
|-heal|p1a: Corviknight|100/100|[from] item: Leftovers
|upkeep
|turn|19
|
|t:|1778509255
|switch|p1a: Ogerpon|Ogerpon, F|100/100
|move|p2a: Ceruledge|Bitter Blade|p1a: Ogerpon
|-supereffective|p1a: Ogerpon
|-damage|p1a: Ogerpon|0 fnt
|faint|p1a: Ogerpon
|
|upkeep
|
|t:|1778509257
|switch|p1a: Garchomp|Garchomp, M|100/100
|turn|20
|
|t:|1778509265
|move|p2a: Ceruledge|Endure|p2a: Ceruledge
|-singleturn|p2a: Ceruledge|move: Endure
|move|p1a: Garchomp|Dragon Tail|p2a: Ceruledge|[miss]
|-miss|p1a: Garchomp|p2a: Ceruledge
|
|upkeep
|turn|21
|
|t:|1778509272
|switch|p2a: Miascarade|Meowscarada, M|77/100 par
|move|p1a: Garchomp|Earthquake|p2a: Miascarade
|-resisted|p2a: Miascarade
|-damage|p2a: Miascarade|43/100 par
|
|upkeep
|turn|22
|
|t:|1778509278
|switch|p1a: Corviknight|Corviknight, F|100/100
|-ability|p1a: Corviknight|Pressure
|move|p2a: Miascarade|Triple Axel|p1a: Corviknight
|-start|p2a: Miascarade|typechange|Ice|[from] ability: Protean
|-damage|p1a: Corviknight|89/100
|-damage|p1a: Corviknight|66/100
|-damage|p1a: Corviknight|32/100
|-hitcount|p1a: Corviknight|3
|
|-heal|p1a: Corviknight|38/100|[from] item: Leftovers
|upkeep
|turn|23
|
|t:|1778509293
|-terastallize|p1a: Corviknight|Ice
|cant|p2a: Miascarade|par
|move|p1a: Corviknight|Brave Bird|p2a: Miascarade
|-crit|p2a: Miascarade
|-damage|p2a: Miascarade|0 fnt
|faint|p2a: Miascarade
|-damage|p1a: Corviknight|28/100|[from] Recoil
|
|-heal|p1a: Corviknight|34/100|[from] item: Leftovers
|upkeep
|l|☆pingoraxx
|inactive|pingoraxx disconnected and has a minute to reconnect!
|player|p2|
|inactive|pingoraxx has 30 seconds to reconnect!
|inactive|pingoraxx has 20 seconds to reconnect!
|inactive|pingoraxx has 15 seconds to reconnect!
|inactive|pingoraxx has 10 seconds to reconnect!
|inactive|pingoraxx has 5 seconds to reconnect!
|-message|pingoraxx lost due to inactivity.
|
|win|chuddyholly
|raw|chuddyholly's rating: 1548 &rarr; <strong>1570</strong><br />(+22 for winning)
|raw|pingoraxx's rating: 1591 &rarr; <strong>1569</strong><br />(-22 for losing)
|l|☆chuddyholly
|player|p1|
