|html|<div class="broadcast-blue"><strong>[Gen 9] OU is currently suspecting Tera Blast! For information on how to participate check out the <a href="https://www.smogon.com/tools/suspects/view/200">suspect thread</a>.</strong></div>
|j|☆ASRAyeetASRA
|j|☆Futz1lla
|t:|1776063546
|gametype|singles
|player|p1|ASRAyeetASRA|169|1469
|player|p2|Futz1lla|iris|1469
|gen|9
|tier|[Gen 9] OU
|rated|
|rule|HP Percentage Mod: HP is shown in percentages
|rule|Endless Battle Clause: Forcing endless battles is banned
|rule|Species Clause: Limit one of each Pokémon
|rule|OHKO Clause: OHKO moves are banned
|rule|Evasion Items Clause: Evasion items are banned
|rule|Evasion Moves Clause: Evasion moves are banned
|rule|Evasion Abilities Clause: Evasion abilities are banned
|rule|Sleep Moves Clause: Sleep-inducing moves are banned
|clearpoke
|poke|p1|Zamazenta-*|
|poke|p1|Dragonite, F|
|poke|p1|Gholdengo|
|poke|p1|Ting-Lu|
|poke|p1|Glimmora, M|
|poke|p1|Clefable, M|
|poke|p2|Haxorus, M|
|poke|p2|Magnezone|
|poke|p2|Great Tusk|
|poke|p2|Ting-Lu|
|poke|p2|Ogerpon, F|
|poke|p2|Pecharunt|
|teampreview
|inactive|Battle timer is ON: inactive players will automatically lose when time's up. (requested by ASRAyeetASRA)
|
|t:|1776063563
|teamsize|p1|6
|teamsize|p2|6
|start
|switch|p1a: Ting-Lu|Ting-Lu, shiny|100/100
|switch|p2a: Ting-Lu|Ting-Lu|100/100
|-ability|p2a: Ting-Lu|Vessel of Ruin
|-ability|p1a: Ting-Lu|Vessel of Ruin
|turn|1
|
|t:|1776063571
|move|p2a: Ting-Lu|Stealth Rock|p1a: Ting-Lu
|-sidestart|p1: ASRAyeetASRA|move: Stealth Rock
|move|p1a: Ting-Lu|Ruination|p2a: Ting-Lu|[miss]
|-miss|p1a: Ting-Lu|p2a: Ting-Lu
|
|upkeep
|turn|2
|
|t:|1776063575
|move|p2a: Ting-Lu|Ruination|p1a: Ting-Lu
|-damage|p1a: Ting-Lu|50/100
|move|p1a: Ting-Lu|Ruination|p2a: Ting-Lu|[miss]
|-miss|p1a: Ting-Lu|p2a: Ting-Lu
|
|-heal|p1a: Ting-Lu|57/100|[from] item: Leftovers
|upkeep
|turn|3
|
|t:|1776063583
|move|p2a: Ting-Lu|Ruination|p1a: Ting-Lu
|-damage|p1a: Ting-Lu|29/100
|move|p1a: Ting-Lu|Ruination|p2a: Ting-Lu
|-damage|p2a: Ting-Lu|51/100
|
|-heal|p2a: Ting-Lu|57/100|[from] item: Leftovers
|-heal|p1a: Ting-Lu|35/100|[from] item: Leftovers
|upkeep
|turn|4
|
|t:|1776063591
|move|p2a: Ting-Lu|Earthquake|p1a: Ting-Lu
|-crit|p1a: Ting-Lu
|-damage|p1a: Ting-Lu|0 fnt
|faint|p1a: Ting-Lu
|
|-heal|p2a: Ting-Lu|63/100|[from] item: Leftovers
|upkeep
|
|t:|1776063600
|switch|p1a: Zamazenta|Zamazenta, shiny|100/100
|-damage|p1a: Zamazenta|94/100|[from] Stealth Rock
|-ability|p1a: Zamazenta|Dauntless Shield|boost
|-boost|p1a: Zamazenta|def|1
|turn|5
|
|t:|1776063603
|switch|p2a: Pecharunt|Pecharunt|100/100
|-item|p2a: Pecharunt|Air Balloon
|move|p1a: Zamazenta|Crunch|p2a: Pecharunt
|-supereffective|p2a: Pecharunt
|-damage|p2a: Pecharunt|79/100
|-unboost|p2a: Pecharunt|def|1
|-enditem|p2a: Pecharunt|Air Balloon
|
|-heal|p1a: Zamazenta|100/100|[from] item: Leftovers
|upkeep
|turn|6
|
|t:|1776063611
|switch|p1a: Glimmora|Glimmora, M, shiny|100/100
|-damage|p1a: Glimmora|88/100|[from] Stealth Rock
|move|p2a: Pecharunt|Toxic|p1a: Glimmora
|-immune|p1a: Glimmora
|
|upkeep
|turn|7
|
|t:|1776063623
|switch|p2a: Ting-Lu|Ting-Lu|63/100
|-ability|p2a: Ting-Lu|Vessel of Ruin
|move|p1a: Glimmora|Mortal Spin|p2a: Ting-Lu
|-resisted|p2a: Ting-Lu
|-crit|p2a: Ting-Lu
|-damage|p2a: Ting-Lu|60/100
|-status|p2a: Ting-Lu|psn
|-sideend|p1: ASRAyeetASRA|Stealth Rock|[from] move: Mortal Spin|[of] p1a: Glimmora
|
|-heal|p2a: Ting-Lu|66/100 psn|[from] item: Leftovers
|-damage|p2a: Ting-Lu|54/100 psn|[from] psn
|upkeep
|turn|8
|
|t:|1776063633
|switch|p1a: Zamazenta|Zamazenta, shiny|100/100
|move|p2a: Ting-Lu|Stealth Rock|p1a: Zamazenta
|-sidestart|p1: ASRAyeetASRA|move: Stealth Rock
|
|-heal|p2a: Ting-Lu|60/100 psn|[from] item: Leftovers
|-damage|p2a: Ting-Lu|47/100 psn|[from] psn
|upkeep
|turn|9
|
|t:|1776063640
|switch|p2a: Pecharunt|Pecharunt|79/100
|move|p1a: Zamazenta|Body Press|p2a: Pecharunt
|-immune|p2a: Pecharunt
|
|upkeep
|turn|10
|
|t:|1776063646
|switch|p1a: Glimmora|Glimmora, M, shiny|88/100
|-damage|p1a: Glimmora|76/100|[from] Stealth Rock
|move|p2a: Pecharunt|Parting Shot|p1a: Glimmora
|-unboost|p1a: Glimmora|atk|1
|-unboost|p1a: Glimmora|spa|1
|
|t:|1776063648
|switch|p2a: Great Tusk|Great Tusk|100/100|[from] Parting Shot
|
|upkeep
|turn|11
|
|t:|1776063657
|switch|p1a: Zamazenta|Zamazenta, shiny|100/100
|-damage|p1a: Zamazenta|94/100|[from] Stealth Rock
|move|p2a: Great Tusk|Headlong Rush|p1a: Zamazenta
|-damage|p1a: Zamazenta|48/100
|-unboost|p2a: Great Tusk|def|1
|-unboost|p2a: Great Tusk|spd|1
|
|-heal|p1a: Zamazenta|54/100|[from] item: Leftovers
|upkeep
|turn|12
|
|t:|1776063663
|-end|p2a: Great Tusk|Protosynthesis|[silent]
|switch|p2a: Pecharunt|Pecharunt|79/100
|move|p1a: Zamazenta|Crunch|p2a: Pecharunt
|-supereffective|p2a: Pecharunt
|-damage|p2a: Pecharunt|60/100
|
|-heal|p1a: Zamazenta|60/100|[from] item: Leftovers
|upkeep
|turn|13
|
|t:|1776063674
|switch|p1a: Gholdengo|Gholdengo, shiny|100/100
|-damage|p1a: Gholdengo|94/100|[from] Stealth Rock
|-item|p1a: Gholdengo|Air Balloon
|move|p2a: Pecharunt|Parting Shot|p1a: Gholdengo
|-immune|p1a: Gholdengo|[from] ability: Good as Gold
|
|upkeep
|turn|14
|
|t:|1776063684
|switch|p2a: Magnezone|Magnezone|100/100
|move|p1a: Gholdengo|Make It Rain|p2a: Magnezone
|-resisted|p2a: Magnezone
|-damage|p2a: Magnezone|80/100
|-unboost|p1a: Gholdengo|spa|1
|
|upkeep
|turn|15
|
|t:|1776063701
|switch|p1a: Glimmora|Glimmora, M, shiny|76/100
|-damage|p1a: Glimmora|63/100|[from] Stealth Rock
|move|p2a: Magnezone|Volt Switch|p1a: Glimmora
|-damage|p1a: Glimmora|47/100
|
|t:|1776063712
|switch|p2a: Great Tusk|Great Tusk|100/100|[from] Volt Switch
|
|upkeep
|turn|16
|
|t:|1776063723
|switch|p1a: Gholdengo|Gholdengo, shiny|94/100
|-damage|p1a: Gholdengo|88/100|[from] Stealth Rock
|-item|p1a: Gholdengo|Air Balloon
|move|p2a: Great Tusk|Knock Off|p1a: Gholdengo
|-supereffective|p1a: Gholdengo
|-damage|p1a: Gholdengo|20/100
|-enditem|p1a: Gholdengo|Air Balloon
|
|upkeep
|turn|17
|
|t:|1776063733
|switch|p1a: Dragonite|Dragonite, F, shiny|100/100
|move|p2a: Great Tusk|Knock Off|p1a: Dragonite
|-damage|p1a: Dragonite|84/100
|-enditem|p1a: Dragonite|Heavy-Duty Boots|[from] move: Knock Off|[of] p2a: Great Tusk
|
|upkeep
|turn|18
|
|t:|1776063741
|move|p2a: Great Tusk|Ice Spinner|p1a: Dragonite
|-supereffective|p1a: Dragonite
|-damage|p1a: Dragonite|0 fnt
|faint|p1a: Dragonite
|
|upkeep
|
|t:|1776063744
|switch|p1a: Clefable|Clefable, M, shiny|100/100
|turn|19
|
|t:|1776063749
|-end|p2a: Great Tusk|Protosynthesis|[silent]
|switch|p2a: Ting-Lu|Ting-Lu|47/100 psn
|-ability|p2a: Ting-Lu|Vessel of Ruin
|move|p1a: Clefable|Wish|p1a: Clefable
|
|-heal|p2a: Ting-Lu|53/100 psn|[from] item: Leftovers
|-damage|p2a: Ting-Lu|41/100 psn|[from] psn
|upkeep
|turn|20
|
|t:|1776063756
|switch|p1a: Zamazenta|Zamazenta, shiny|60/100
|-damage|p1a: Zamazenta|54/100|[from] Stealth Rock
|move|p2a: Ting-Lu|Heavy Slam|p1a: Zamazenta
|-damage|p1a: Zamazenta|38/100
|
|-heal|p1a: Zamazenta|89/100|[from] move: Wish|[wisher] Clefable
|-heal|p1a: Zamazenta|95/100|[from] item: Leftovers
|-heal|p2a: Ting-Lu|47/100 psn|[from] item: Leftovers
|-damage|p2a: Ting-Lu|35/100 psn|[from] psn
|upkeep
|turn|21
|
|t:|1776063778
|switch|p2a: Great Tusk|Great Tusk|100/100
|move|p1a: Zamazenta|Crunch|p2a: Great Tusk
|-resisted|p2a: Great Tusk
|-damage|p2a: Great Tusk|92/100
|-unboost|p2a: Great Tusk|def|1
|
|-heal|p1a: Zamazenta|100/100|[from] item: Leftovers
|upkeep
|turn|22
|
|t:|1776063783
|-end|p2a: Great Tusk|Protosynthesis|[silent]
|switch|p2a: Pecharunt|Pecharunt|60/100
|move|p1a: Zamazenta|Iron Defense|p1a: Zamazenta
|-boost|p1a: Zamazenta|def|2
|
|upkeep
|turn|23
|
|t:|1776063789
|switch|p1a: Glimmora|Glimmora, M, shiny|47/100
|-damage|p1a: Glimmora|35/100|[from] Stealth Rock
|move|p2a: Pecharunt|Shadow Ball|p1a: Glimmora
|-damage|p1a: Glimmora|21/100
|
|upkeep
|turn|24
|
|t:|1776063798
|switch|p2a: Magnezone|Magnezone|80/100
|move|p1a: Glimmora|Earth Power|p2a: Magnezone
|-supereffective|p2a: Magnezone
|-damage|p2a: Magnezone|0 fnt
|faint|p2a: Magnezone
|
|upkeep
|
|t:|1776063804
|switch|p2a: Ogerpon|Ogerpon, F|100/100
|turn|25
|
|t:|1776063822
|switch|p1a: Clefable|Clefable, M, shiny|100/100
|move|p2a: Ogerpon|Ivy Cudgel|p1a: Clefable
|-damage|p1a: Clefable|47/100
|
|upkeep
|turn|26
|
|t:|1776063827
|move|p2a: Ogerpon|Ivy Cudgel|p1a: Clefable
|-damage|p1a: Clefable|0 fnt
|faint|p1a: Clefable
|
|upkeep
|
|t:|1776063833
|switch|p1a: Zamazenta|Zamazenta, shiny|100/100
|-damage|p1a: Zamazenta|94/100|[from] Stealth Rock
|turn|27
|
|t:|1776063837
|switch|p2a: Pecharunt|Pecharunt|60/100
|move|p1a: Zamazenta|Iron Defense|p1a: Zamazenta
|-boost|p1a: Zamazenta|def|2
|
|-heal|p1a: Zamazenta|100/100|[from] item: Leftovers
|upkeep
|turn|28
|
|t:|1776063842
|switch|p1a: Glimmora|Glimmora, M, shiny|21/100
|-damage|p1a: Glimmora|9/100|[from] Stealth Rock
|move|p2a: Pecharunt|Recover|p2a: Pecharunt
|-heal|p2a: Pecharunt|100/100
|
|upkeep
|turn|29
|
|t:|1776063850
|switch|p2a: Ting-Lu|Ting-Lu|35/100 psn
|-ability|p2a: Ting-Lu|Vessel of Ruin
|move|p1a: Glimmora|Mortal Spin|p2a: Ting-Lu
|-resisted|p2a: Ting-Lu
|-damage|p2a: Ting-Lu|33/100 psn
|-sideend|p1: ASRAyeetASRA|Stealth Rock|[from] move: Mortal Spin|[of] p1a: Glimmora
|
|-heal|p2a: Ting-Lu|39/100 psn|[from] item: Leftovers
|-damage|p2a: Ting-Lu|27/100 psn|[from] psn
|upkeep
|turn|30
|
|t:|1776063858
|move|p1a: Glimmora|Earth Power|p2a: Ting-Lu
|-damage|p2a: Ting-Lu|13/100 psn
|move|p2a: Ting-Lu|Earthquake|p1a: Glimmora
|-supereffective|p1a: Glimmora
|-damage|p1a: Glimmora|0 fnt
|-activate|p1a: Glimmora|ability: Toxic Debris
|-sidestart|p2: Futz1lla|move: Toxic Spikes
|faint|p1a: Glimmora
|
|-heal|p2a: Ting-Lu|19/100 psn|[from] item: Leftovers
|-damage|p2a: Ting-Lu|6/100 psn|[from] psn
|upkeep
|
|t:|1776063863
|switch|p1a: Gholdengo|Gholdengo, shiny|20/100
|turn|31
|
|t:|1776063868
|move|p1a: Gholdengo|Recover|p1a: Gholdengo
|-heal|p1a: Gholdengo|70/100
|move|p2a: Ting-Lu|Earthquake|p1a: Gholdengo
|-supereffective|p1a: Gholdengo
|-damage|p1a: Gholdengo|0 fnt
|faint|p1a: Gholdengo
|
|-heal|p2a: Ting-Lu|12/100 psn|[from] item: Leftovers
|-damage|p2a: Ting-Lu|0 fnt|[from] psn
|faint|p2a: Ting-Lu
|upkeep
|
|t:|1776063873
|switch|p1a: Zamazenta|Zamazenta, shiny|100/100
|switch|p2a: Pecharunt|Pecharunt|100/100
|-sideend|p2: Futz1lla|move: Toxic Spikes|[of] p2a: Pecharunt
|turn|32
|-message|ASRAyeetASRA forfeited.
|
|win|Futz1lla
|raw|ASRAyeetASRA's rating: 1469 &rarr; <strong>1449</strong><br />(-20 for losing)
|raw|Futz1lla's rating: 1469 &rarr; <strong>1489</strong><br />(+20 for winning)
|l|☆ASRAyeetASRA
|player|p1|
|l|☆Futz1lla
|player|p2|
