|html|<div class="broadcast-blue"><strong>[Gen 9] OU is currently suspecting Tera Blast! For information on how to participate check out the <a href="https://www.smogon.com/tools/suspects/view/200">suspect thread</a>.</strong></div>
|j|☆Cassius13
|j|☆felixthinking
|t:|1776194223
|gametype|singles
|player|p1|Cassius13|2|1030
|player|p2|felixthinking|drayden|1065
|gen|9
|tier|[Gen 9] OU
|rated|
|rule|HP Percentage Mod: HP is shown in percentages
|rule|Endless Battle Clause: Forcing endless battles is banned
|rule|Species Clause: Limit one of each Pokémon
|rule|OHKO Clause: OHKO moves are banned
|rule|Evasion Items Clause: Evasion items are banned
|rule|Evasion Moves Clause: Evasion moves are banned
|rule|Evasion Abilities Clause: Evasion abilities are banned
|rule|Sleep Moves Clause: Sleep-inducing moves are banned
|clearpoke
|poke|p1|Dragonite, F|
|poke|p1|Gholdengo|
|poke|p1|Great Tusk|
|poke|p1|Kingambit, M|
|poke|p1|Rotom-Wash|
|poke|p1|Iron Valiant|
|poke|p2|Samurott-Hisui, M|
|poke|p2|Rillaboom, M|
|poke|p2|Heatran, M|
|poke|p2|Great Tusk|
|poke|p2|Gholdengo|
|poke|p2|Ogerpon-Wellspring, F|
|teampreview
|
|t:|1776194236
|teamsize|p1|6
|teamsize|p2|6
|start
|switch|p1a: Dragonite|Dragonite, F, shiny|100/100
|switch|p2a: Joaquín|Samurott-Hisui, M|100/100
|turn|1
|
|t:|1776194245
|move|p1a: Dragonite|Dragon Dance|p1a: Dragonite
|-boost|p1a: Dragonite|atk|1
|-boost|p1a: Dragonite|spe|1
|move|p2a: Joaquín|Ceaseless Edge|p1a: Dragonite
|-damage|p1a: Dragonite|79/100
|-sidestart|p1: Cassius13|Spikes
|
|upkeep
|turn|2
|
|t:|1776194253
|move|p1a: Dragonite|Dragon Dance|p1a: Dragonite
|-boost|p1a: Dragonite|atk|1
|-boost|p1a: Dragonite|spe|1
|move|p2a: Joaquín|Flip Turn|p1a: Dragonite
|-resisted|p1a: Dragonite
|-damage|p1a: Dragonite|65/100
|
|t:|1776194260
|switch|p2a: Sos|Rillaboom, M|100/100|[from] Flip Turn
|-fieldstart|move: Grassy Terrain|[from] ability: Grassy Surge|[of] p2a: Sos
|
|upkeep
|turn|3
|
|t:|1776194270
|move|p1a: Dragonite|Fire Punch|p2a: Sos
|-supereffective|p2a: Sos
|-damage|p2a: Sos|0 fnt
|faint|p2a: Sos
|
|upkeep
|
|t:|1776194274
|switch|p2a: Tremendo|Great Tusk|100/100
|turn|4
|
|t:|1776194282
|move|p1a: Dragonite|Earthquake|p2a: Tremendo
|-damage|p2a: Tremendo|72/100
|move|p2a: Tremendo|Stone Edge|p1a: Dragonite
|-supereffective|p1a: Dragonite
|-damage|p1a: Dragonite|0 fnt
|faint|p1a: Dragonite
|
|-heal|p2a: Tremendo|79/100|[from] Grassy Terrain
|upkeep
|
|t:|1776194289
|switch|p1a: Rotom|Rotom-Wash|100/100
|turn|5
|
|t:|1776194297
|move|p2a: Tremendo|Stealth Rock|p1a: Rotom
|-sidestart|p1: Cassius13|move: Stealth Rock
|move|p1a: Rotom|Hydro Pump|p2a: Tremendo
|-supereffective|p2a: Tremendo
|-damage|p2a: Tremendo|0 fnt
|faint|p2a: Tremendo
|-end|p2a: Tremendo|Protosynthesis|[silent]
|
|upkeep
|
|t:|1776194313
|switch|p2a: Pete|Gholdengo|100/100
|turn|6
|
|t:|1776194324
|move|p1a: Rotom|Will-O-Wisp|p2a: Pete
|-immune|p2a: Pete|[from] ability: Good as Gold
|move|p2a: Pete|Nasty Plot|p2a: Pete
|-boost|p2a: Pete|spa|2
|
|-fieldend|move: Grassy Terrain
|upkeep
|turn|7
|
|t:|1776194334
|switch|p1a: Iron Valiant|Iron Valiant, shiny|100/100
|-damage|p1a: Iron Valiant|88/100|[from] Spikes
|-damage|p1a: Iron Valiant|82/100|[from] Stealth Rock
|move|p2a: Pete|Thunderbolt|p1a: Iron Valiant
|-damage|p1a: Iron Valiant|0 fnt
|faint|p1a: Iron Valiant
|-end|p1a: Iron Valiant|Quark Drive|[silent]
|
|upkeep
|
|t:|1776194341
|switch|p1a: Great Tusk|Great Tusk, shiny|100/100
|-damage|p1a: Great Tusk|88/100|[from] Spikes
|-damage|p1a: Great Tusk|85/100|[from] Stealth Rock
|turn|8
|
|t:|1776194366
|move|p1a: Great Tusk|Knock Off|p2a: Pete
|-supereffective|p2a: Pete
|-damage|p2a: Pete|58/100
|-enditem|p2a: Pete|Metal Coat|[from] move: Knock Off|[of] p1a: Great Tusk
|move|p2a: Pete|Make It Rain|p1a: Great Tusk
|-damage|p1a: Great Tusk|0 fnt
|-unboost|p2a: Pete|spa|1
|faint|p1a: Great Tusk
|-end|p1a: Great Tusk|Protosynthesis|[silent]
|
|upkeep
|
|t:|1776194374
|switch|p1a: Gholdengo|Gholdengo|100/100
|-damage|p1a: Gholdengo|88/100|[from] Spikes
|-damage|p1a: Gholdengo|82/100|[from] Stealth Rock
|turn|9
|
|t:|1776194383
|move|p1a: Gholdengo|Shadow Ball|p2a: Pete
|-supereffective|p2a: Pete
|-damage|p2a: Pete|0 fnt
|faint|p2a: Pete
|
|upkeep
|
|t:|1776194389
|switch|p2a: Joaquín|Samurott-Hisui, M|100/100
|turn|10
|
|t:|1776194394
|switch|p1a: Rotom|Rotom-Wash|100/100
|-damage|p1a: Rotom|88/100|[from] Stealth Rock
|move|p2a: Joaquín|Sucker Punch||[still]
|-fail|p2a: Joaquín
|
|-heal|p1a: Rotom|94/100|[from] item: Leftovers
|upkeep
|turn|11
|
|t:|1776194404
|move|p2a: Joaquín|Flip Turn|p1a: Rotom
|-resisted|p1a: Rotom
|-damage|p1a: Rotom|83/100
|
|t:|1776194409
|switch|p2a: Jeje|Ogerpon-Wellspring, F|100/100|[from] Flip Turn
|move|p1a: Rotom|Volt Switch|p2a: Jeje
|-damage|p2a: Jeje|70/100
|
|t:|1776194418
|switch|p1a: Gholdengo|Gholdengo|82/100|[from] Volt Switch
|-damage|p1a: Gholdengo|70/100|[from] Spikes
|-damage|p1a: Gholdengo|64/100|[from] Stealth Rock
|
|upkeep
|turn|12
|
|t:|1776194434
|move|p1a: Gholdengo|Psychic|p2a: Jeje
|-damage|p2a: Jeje|32/100
|move|p2a: Jeje|Swords Dance|p2a: Jeje
|-boost|p2a: Jeje|atk|2
|
|upkeep
|turn|13
|
|t:|1776194443
|switch|p1a: Rotom|Rotom-Wash|83/100
|-damage|p1a: Rotom|71/100|[from] Stealth Rock
|-terastallize|p2a: Jeje|Water
|detailschange|p2a: Jeje|Ogerpon-Wellspring-Tera, F, tera:Water
|-ability|p2a: Jeje|Embody Aspect (Wellspring)|boost
|-boost|p2a: Jeje|spd|1
|move|p2a: Jeje|Ivy Cudgel|p1a: Rotom|[anim] Ivy Cudgel Water
|-resisted|p1a: Rotom
|-damage|p1a: Rotom|12/100
|
|-heal|p1a: Rotom|18/100|[from] item: Leftovers
|upkeep
|turn|14
|
|t:|1776194458
|move|p2a: Jeje|Trailblaze|p1a: Rotom
|-supereffective|p1a: Rotom
|-crit|p1a: Rotom
|-damage|p1a: Rotom|0 fnt
|-boost|p2a: Jeje|spe|1
|faint|p1a: Rotom
|
|upkeep
|
|t:|1776194461
|switch|p1a: Gholdengo|Gholdengo|64/100
|-damage|p1a: Gholdengo|51/100|[from] Spikes
|-damage|p1a: Gholdengo|45/100|[from] Stealth Rock
|turn|15
|
|t:|1776194469
|move|p2a: Jeje|Ivy Cudgel|p1a: Gholdengo|[anim] Ivy Cudgel Water
|-crit|p1a: Gholdengo
|-damage|p1a: Gholdengo|0 fnt
|faint|p1a: Gholdengo
|
|upkeep
|
|t:|1776194472
|switch|p1a: Kingambit|Kingambit, M, shiny|100/100
|-damage|p1a: Kingambit|88/100|[from] Spikes
|-damage|p1a: Kingambit|82/100|[from] Stealth Rock
|-activate|p1a: Kingambit|ability: Supreme Overlord
|-start|p1a: Kingambit|fallen5|[silent]
|turn|16
|
|t:|1776194481
|move|p2a: Jeje|Ivy Cudgel|p1a: Kingambit|[anim] Ivy Cudgel Water
|-damage|p1a: Kingambit|0 fnt
|faint|p1a: Kingambit
|-end|p1a: Kingambit|fallen5|[silent]
|
|win|felixthinking
|raw|Cassius13's rating: 1030 &rarr; <strong>1017</strong><br />(-13 for losing)
|raw|felixthinking's rating: 1065 &rarr; <strong>1092</strong><br />(+27 for winning)
|l|☆Cassius13
|player|p1|
