|html|<div class="broadcast-blue"><strong>[Gen 9] OU is currently suspecting Tera Blast! For information on how to participate check out the <a href="https://www.smogon.com/tools/suspects/view/200">suspect thread</a>.</strong></div>
|j|☆novisage
|j|☆Unhappybeams
|t:|1776100354
|gametype|singles
|player|p1|novisage|265|1223
|player|p2|Unhappybeams|blackbelt-gen4dp|1268
|gen|9
|tier|[Gen 9] OU
|rated|
|rule|HP Percentage Mod: HP is shown in percentages
|rule|Endless Battle Clause: Forcing endless battles is banned
|rule|Species Clause: Limit one of each Pokémon
|rule|OHKO Clause: OHKO moves are banned
|rule|Evasion Items Clause: Evasion items are banned
|rule|Evasion Moves Clause: Evasion moves are banned
|rule|Evasion Abilities Clause: Evasion abilities are banned
|rule|Sleep Moves Clause: Sleep-inducing moves are banned
|clearpoke
|poke|p1|Porygon2|
|poke|p1|Farigiraf, M|
|poke|p1|Cyclizar, F|
|poke|p1|Gallade, M|
|poke|p1|Chandelure, M|
|poke|p1|Trevenant, F|
|poke|p2|Dragalge, F|
|poke|p2|Porygon2|
|poke|p2|Salazzle, F|
|poke|p2|Great Tusk|
|poke|p2|Salamence, F|
|poke|p2|Arcanine, M|
|teampreview
|inactive|Battle timer is ON: inactive players will automatically lose when time's up. (requested by novisage)
|j| ohko_smeargle
|c|☆Unhappybeams|Cool team
|c|☆novisage|ty lol
|
|t:|1776100382
|teamsize|p1|6
|teamsize|p2|6
|start
|switch|p1a: Quack|Porygon2, shiny|100/100
|switch|p2a: Arcanine|Arcanine, M|100/100
|-ability|p2a: Arcanine|Intimidate|boost
|-unboost|p1a: Quack|atk|1
|-ability|p1a: Quack|Download|boost
|-boost|p1a: Quack|spa|1
|turn|1
|
|t:|1776100396
|-terastallize|p1a: Quack|Ground
|move|p2a: Arcanine|Flame Charge|p1a: Quack
|-damage|p1a: Quack|83/100
|-boost|p2a: Arcanine|spe|1
|move|p1a: Quack|Tera Blast|p2a: Arcanine|[anim] Tera Blast Ground
|-supereffective|p2a: Arcanine
|-damage|p2a: Arcanine|0 fnt
|faint|p2a: Arcanine
|
|upkeep
|
|t:|1776100415
|switch|p2a: Porygon2|Porygon2|100/100
|turn|2
|
|t:|1776100425
|switch|p1a: Scarecrow|Trevenant, F|100/100
|move|p2a: Porygon2|Ice Beam|p1a: Scarecrow
|-supereffective|p1a: Scarecrow
|-damage|p1a: Scarecrow|12/100
|
|upkeep
|turn|3
|
|t:|1776100436
|move|p2a: Porygon2|Ice Beam|p1a: Scarecrow
|-supereffective|p1a: Scarecrow
|-damage|p1a: Scarecrow|0 fnt
|faint|p1a: Scarecrow
|
|upkeep
|
|t:|1776100443
|switch|p1a: Straight Razor|Gallade, M, shiny|100/100
|turn|4
|
|t:|1776100456
|-terastallize|p2a: Porygon2|Ghost
|move|p2a: Porygon2|Psyshock|p1a: Straight Razor
|-damage|p1a: Straight Razor|63/100
|move|p1a: Straight Razor|Trick Room|p1a: Straight Razor
|-fieldstart|move: Trick Room|[of] p1a: Straight Razor
|
|upkeep
|turn|5
|
|t:|1776100466
|move|p1a: Straight Razor|Night Slash|p2a: Porygon2
|-supereffective|p2a: Porygon2
|-damage|p2a: Porygon2|52/100
|move|p2a: Porygon2|Psyshock|p1a: Straight Razor
|-damage|p1a: Straight Razor|18/100
|
|upkeep
|turn|6
|
|t:|1776100473
|move|p1a: Straight Razor|Night Slash|p2a: Porygon2
|-supereffective|p2a: Porygon2
|-damage|p2a: Porygon2|0 fnt
|faint|p2a: Porygon2
|
|upkeep
|
|t:|1776100482
|switch|p2a: Dragalge|Dragalge, F|100/100
|turn|7
|
|t:|1776100487
|move|p2a: Dragalge|Scald|p1a: Straight Razor
|-damage|p1a: Straight Razor|0 fnt
|faint|p1a: Straight Razor
|
|upkeep
|
|t:|1776100503
|switch|p1a: Quack|Porygon2, shiny, tera:Ground|83/100
|-ability|p1a: Quack|Download|boost
|-boost|p1a: Quack|atk|1
|turn|8
|
|t:|1776100513
|move|p1a: Quack|Ice Beam|p2a: Dragalge
|-supereffective|p2a: Dragalge
|-damage|p2a: Dragalge|66/100
|-status|p2a: Dragalge|frz
|-curestatus|p2a: Dragalge|frz|[from] move: Scald
|move|p2a: Dragalge|Scald|p1a: Quack
|-supereffective|p1a: Quack
|-damage|p1a: Quack|49/100
|
|-fieldend|move: Trick Room
|upkeep
|turn|9
|
|t:|1776100533
|switch|p1a: Cyclizar|Cyclizar, F|100/100
|move|p2a: Dragalge|Scald|p1a: Cyclizar
|-resisted|p1a: Cyclizar
|-damage|p1a: Cyclizar|89/100
|
|upkeep
|turn|10
|
|t:|1776100541
|move|p1a: Cyclizar|Outrage|p2a: Dragalge
|-supereffective|p2a: Dragalge
|-damage|p2a: Dragalge|0 fnt
|faint|p2a: Dragalge
|
|upkeep
|
|t:|1776100549
|switch|p2a: Great Tusk|Great Tusk|100/100
|-enditem|p2a: Great Tusk|Booster Energy
|-activate|p2a: Great Tusk|ability: Protosynthesis|[fromitem]
|-start|p2a: Great Tusk|protosynthesisatk
|turn|11
|
|t:|1776100555
|move|p1a: Cyclizar|Outrage|p2a: Great Tusk|[from] lockedmove
|-damage|p2a: Great Tusk|69/100
|-start|p1a: Cyclizar|confusion|[fatigue]
|move|p2a: Great Tusk|Ice Spinner|p1a: Cyclizar
|-supereffective|p1a: Cyclizar
|-damage|p1a: Cyclizar|20/100
|
|upkeep
|turn|12
|
|t:|1776100564
|-activate|p1a: Cyclizar|confusion
|move|p1a: Cyclizar|Outrage|p2a: Great Tusk
|-damage|p2a: Great Tusk|38/100
|move|p2a: Great Tusk|Rapid Spin|p1a: Cyclizar
|-damage|p1a: Cyclizar|0 fnt
|-boost|p2a: Great Tusk|spe|1
|faint|p1a: Cyclizar
|
|upkeep
|
|t:|1776100573
|switch|p1a: Glass Cannon|Chandelure, M, shiny|100/100
|turn|13
|
|t:|1776100581
|move|p2a: Great Tusk|Headlong Rush|p1a: Glass Cannon
|-supereffective|p1a: Glass Cannon
|-enditem|p1a: Glass Cannon|Focus Sash
|-damage|p1a: Glass Cannon|1/100
|-unboost|p2a: Great Tusk|def|1
|-unboost|p2a: Great Tusk|spd|1
|move|p1a: Glass Cannon|Trick Room|p1a: Glass Cannon
|-fieldstart|move: Trick Room|[of] p1a: Glass Cannon
|
|upkeep
|turn|14
|
|t:|1776100590
|move|p1a: Glass Cannon|Energy Ball|p2a: Great Tusk
|-supereffective|p2a: Great Tusk
|-damage|p2a: Great Tusk|0 fnt
|faint|p2a: Great Tusk
|-end|p2a: Great Tusk|Protosynthesis|[silent]
|
|upkeep
|
|t:|1776100605
|switch|p2a: Salazzle|Salazzle, F|100/100
|turn|15
|
|t:|1776100608
|move|p1a: Glass Cannon|Shadow Ball|p2a: Salazzle
|-damage|p2a: Salazzle|8/100
|move|p2a: Salazzle|Sludge Bomb|p1a: Glass Cannon
|-resisted|p1a: Glass Cannon
|-crit|p1a: Glass Cannon
|-damage|p1a: Glass Cannon|0 fnt
|faint|p1a: Glass Cannon
|
|upkeep
|
|t:|1776100622
|switch|p1a: Quack|Porygon2, shiny, tera:Ground|49/100
|-ability|p1a: Quack|Download|boost
|-boost|p1a: Quack|spa|1
|turn|16
|
|t:|1776100628
|move|p1a: Quack|Thunderbolt|p2a: Salazzle
|-damage|p2a: Salazzle|0 fnt
|faint|p2a: Salazzle
|
|upkeep
|
|t:|1776100633
|switch|p2a: Salamence|Salamence, F|100/100
|turn|17
|
|t:|1776100638
|move|p1a: Quack|Ice Beam|p2a: Salamence
|-supereffective|p2a: Salamence
|-enditem|p2a: Salamence|Focus Sash
|-damage|p2a: Salamence|1/100
|move|p2a: Salamence|Dragon Dance|p2a: Salamence
|-boost|p2a: Salamence|atk|1
|-boost|p2a: Salamence|spe|1
|
|-fieldend|move: Trick Room
|upkeep
|turn|18
|
|t:|1776100650
|move|p2a: Salamence|Dragon Claw|p1a: Quack
|-damage|p1a: Quack|8/100
|move|p1a: Quack|Trick Room|p1a: Quack
|-fieldstart|move: Trick Room|[of] p1a: Quack
|
|upkeep
|turn|19
|-message|Unhappybeams forfeited.
|
|win|novisage
|raw|novisage's rating: 1223 &rarr; <strong>1251</strong><br />(+28 for winning)
|raw|Unhappybeams's rating: 1268 &rarr; <strong>1240</strong><br />(-28 for losing)
|l|☆Unhappybeams
|player|p2|
|l| ohko_smeargle
|l|☆novisage
|player|p1|
