|html|<div class="broadcast-blue"><strong>[Gen 9] OU is currently suspecting Tera Blast! For information on how to participate check out the <a href="https://www.smogon.com/tools/suspects/view/200">suspect thread</a>.</strong></div>
|j|☆obama_1001
|j|☆psoe=mafia
|t:|1776183726
|gametype|singles
|player|p1|obama_1001|li|1014
|player|p2|psoe=mafia|169|1000
|gen|9
|tier|[Gen 9] OU
|rated|
|rule|HP Percentage Mod: HP is shown in percentages
|rule|Endless Battle Clause: Forcing endless battles is banned
|rule|Species Clause: Limit one of each Pokémon
|rule|OHKO Clause: OHKO moves are banned
|rule|Evasion Items Clause: Evasion items are banned
|rule|Evasion Moves Clause: Evasion moves are banned
|rule|Evasion Abilities Clause: Evasion abilities are banned
|rule|Sleep Moves Clause: Sleep-inducing moves are banned
|clearpoke
|poke|p1|Gliscor, M|
|poke|p1|Quagsire, M|
|poke|p1|Scizor, F|
|poke|p1|Rillaboom, F|
|poke|p1|Ceruledge, F|
|poke|p1|Hatterene, F|
|poke|p2|Dondozo, M|
|poke|p2|Blissey, F|
|poke|p2|Corviknight, M|
|poke|p2|Weezing-Galar, F|
|poke|p2|Gliscor, M|
|poke|p2|Toxapex, M|
|teampreview
|
|t:|1776183731
|teamsize|p1|6
|teamsize|p2|6
|start
|switch|p1a: Hatterene|Hatterene, F|100/100
|switch|p2a: Gliscor|Gliscor, M|100/100
|turn|1
|
|t:|1776183766
|move|p2a: Gliscor|Knock Off|p1a: Hatterene
|-damage|p1a: Hatterene|77/100
|-enditem|p1a: Hatterene|Leftovers|[from] move: Knock Off|[of] p2a: Gliscor
|move|p1a: Hatterene|Trick Room|p1a: Hatterene
|-fieldstart|move: Trick Room|[of] p1a: Hatterene
|
|-status|p2a: Gliscor|tox|[from] item: Toxic Orb
|upkeep
|turn|2
|
|t:|1776183775
|move|p2a: Gliscor|Protect|p2a: Gliscor
|-singleturn|p2a: Gliscor|Protect
|move|p1a: Hatterene|Expanding Force|p2a: Gliscor
|-activate|p2a: Gliscor|move: Protect
|
|upkeep
|turn|3
|
|t:|1776183781
|move|p1a: Hatterene|Expanding Force|p2a: Gliscor
|-damage|p2a: Gliscor|60/100 tox
|move|p2a: Gliscor|Earthquake|p1a: Hatterene
|-damage|p1a: Hatterene|41/100
|
|-heal|p2a: Gliscor|73/100 tox|[from] ability: Poison Heal
|upkeep
|turn|4
|
|t:|1776183788
|move|p2a: Gliscor|Protect|p2a: Gliscor
|-singleturn|p2a: Gliscor|Protect
|move|p1a: Hatterene|Expanding Force|p2a: Gliscor
|-activate|p2a: Gliscor|move: Protect
|
|-heal|p2a: Gliscor|85/100 tox|[from] ability: Poison Heal
|upkeep
|turn|5
|
|t:|1776183801
|switch|p1a: Quagsire|Quagsire, M, shiny|100/100
|move|p2a: Gliscor|Earthquake|p1a: Quagsire
|-damage|p1a: Quagsire|78/100
|
|-heal|p1a: Quagsire|84/100|[from] item: Leftovers
|-heal|p2a: Gliscor|98/100 tox|[from] ability: Poison Heal
|-fieldend|move: Trick Room
|upkeep
|turn|6
|
|t:|1776183812
|move|p2a: Gliscor|Knock Off|p1a: Quagsire
|-damage|p1a: Quagsire|69/100
|-enditem|p1a: Quagsire|Leftovers|[from] move: Knock Off|[of] p2a: Gliscor
|move|p1a: Quagsire|Ice Beam|p2a: Gliscor
|-supereffective|p2a: Gliscor
|-damage|p2a: Gliscor|56/100 tox
|
|-heal|p2a: Gliscor|68/100 tox|[from] ability: Poison Heal
|upkeep
|turn|7
|
|t:|1776183823
|move|p2a: Gliscor|Protect|p2a: Gliscor
|-singleturn|p2a: Gliscor|Protect
|move|p1a: Quagsire|Ice Beam|p2a: Gliscor
|-activate|p2a: Gliscor|move: Protect
|
|-heal|p2a: Gliscor|81/100 tox|[from] ability: Poison Heal
|upkeep
|turn|8
|
|t:|1776183830
|move|p2a: Gliscor|Spikes|p1a: Quagsire
|-sidestart|p1: obama_1001|Spikes
|move|p1a: Quagsire|Ice Beam|p2a: Gliscor
|-supereffective|p2a: Gliscor
|-damage|p2a: Gliscor|34/100 tox
|
|-heal|p2a: Gliscor|47/100 tox|[from] ability: Poison Heal
|upkeep
|turn|9
|
|t:|1776183838
|move|p2a: Gliscor|Protect|p2a: Gliscor
|-singleturn|p2a: Gliscor|Protect
|move|p1a: Quagsire|Recover|p1a: Quagsire
|-heal|p1a: Quagsire|100/100
|
|-heal|p2a: Gliscor|59/100 tox|[from] ability: Poison Heal
|upkeep
|turn|10
|
|t:|1776183844
|switch|p2a: Blissey|Blissey, F|100/100
|move|p1a: Quagsire|Ice Beam|p2a: Blissey
|-damage|p2a: Blissey|97/100
|
|-heal|p2a: Blissey|100/100|[from] item: Leftovers
|upkeep
|turn|11
|
|t:|1776183852
|move|p2a: Blissey|Seismic Toss|p1a: Quagsire
|-damage|p1a: Quagsire|75/100
|move|p1a: Quagsire|Toxic|p2a: Blissey|[miss]
|-miss|p1a: Quagsire|p2a: Blissey
|
|upkeep
|turn|12
|
|t:|1776183860
|move|p2a: Blissey|Seismic Toss|p1a: Quagsire
|-damage|p1a: Quagsire|50/100
|move|p1a: Quagsire|Toxic|p2a: Blissey
|-status|p2a: Blissey|tox
|
|-damage|p2a: Blissey|94/100 tox|[from] psn
|upkeep
|turn|13
|
|t:|1776183871
|-curestatus|p2a: Blissey|tox|[from] ability: Natural Cure
|switch|p2a: Toxapex|Toxapex, M|100/100
|move|p1a: Quagsire|Recover|p1a: Quagsire
|-heal|p1a: Quagsire|99/100
|
|upkeep
|turn|14
|
|t:|1776183878
|move|p2a: Toxapex|Poison Jab|p1a: Quagsire
|-resisted|p1a: Quagsire
|-damage|p1a: Quagsire|94/100
|move|p1a: Quagsire|Earthquake|p2a: Toxapex
|-supereffective|p2a: Toxapex
|-damage|p2a: Toxapex|54/100
|
|-heal|p2a: Toxapex|61/100|[from] item: Leftovers
|upkeep
|turn|15
|
|t:|1776183886
|switch|p2a: Corviknight|Corviknight, M|100/100
|-ability|p2a: Corviknight|Pressure
|move|p1a: Quagsire|Earthquake|p2a: Corviknight
|-immune|p2a: Corviknight
|
|upkeep
|turn|16
|
|t:|1776183902
|switch|p2a: Toxapex|Toxapex, M|94/100
|switch|p1a: Ceruledge|Ceruledge, F|100/100
|-damage|p1a: Ceruledge|88/100|[from] Spikes
|
|-heal|p1a: Ceruledge|94/100|[from] item: Leftovers
|-heal|p2a: Toxapex|99/100|[from] item: Leftovers
|upkeep
|turn|17
|
|t:|1776183916
|switch|p1a: Rillaboom|Rillaboom, F|100/100
|-damage|p1a: Rillaboom|88/100|[from] Spikes
|-fieldstart|move: Grassy Terrain|[from] ability: Grassy Surge|[of] p1a: Rillaboom
|move|p2a: Toxapex|Toxic|p1a: Rillaboom
|-status|p1a: Rillaboom|tox
|
|-heal|p1a: Rillaboom|94/100 tox|[from] Grassy Terrain
|-heal|p2a: Toxapex|100/100|[from] Grassy Terrain
|-damage|p1a: Rillaboom|88/100 tox|[from] psn
|upkeep
|turn|18
|
|t:|1776183930
|switch|p2a: Corviknight|Corviknight, M|100/100
|-ability|p2a: Corviknight|Pressure
|move|p1a: Rillaboom|Knock Off|p2a: Corviknight
|-damage|p2a: Corviknight|81/100
|-enditem|p2a: Corviknight|Leftovers|[from] move: Knock Off|[of] p1a: Rillaboom
|
|-heal|p1a: Rillaboom|94/100 tox|[from] Grassy Terrain
|-damage|p1a: Rillaboom|82/100 tox|[from] psn
|upkeep
|turn|19
|
|t:|1776183951
|move|p1a: Rillaboom|U-turn|p2a: Corviknight
|-resisted|p2a: Corviknight
|-damage|p2a: Corviknight|78/100
|
|t:|1776183959
|switch|p1a: Ceruledge|Ceruledge, F|94/100|[from] U-turn
|-damage|p1a: Ceruledge|82/100|[from] Spikes
|move|p2a: Corviknight|Body Press|p1a: Ceruledge
|-immune|p1a: Ceruledge
|
|-heal|p1a: Ceruledge|88/100|[from] Grassy Terrain
|-heal|p1a: Ceruledge|94/100|[from] item: Leftovers
|upkeep
|turn|20
|
|t:|1776183975
|switch|p2a: Toxapex|Toxapex, M|100/100
|move|p1a: Ceruledge|Bitter Blade|p2a: Toxapex
|-resisted|p2a: Toxapex
|-damage|p2a: Toxapex|83/100
|-heal|p1a: Ceruledge|100/100|[from] drain|[of] p2a: Toxapex
|
|-heal|p2a: Toxapex|90/100|[from] Grassy Terrain
|-heal|p2a: Toxapex|96/100|[from] item: Leftovers
|upkeep
|turn|21
|
|t:|1776183987
|switch|p1a: Rillaboom|Rillaboom, F|82/100 tox
|-damage|p1a: Rillaboom|70/100 tox|[from] Spikes
|move|p2a: Toxapex|Poison Jab|p1a: Rillaboom
|-supereffective|p1a: Rillaboom
|-damage|p1a: Rillaboom|29/100 tox
|
|-heal|p1a: Rillaboom|35/100 tox|[from] Grassy Terrain
|-heal|p2a: Toxapex|100/100|[from] Grassy Terrain
|-damage|p1a: Rillaboom|29/100 tox|[from] psn
|-fieldend|move: Grassy Terrain
|upkeep
|turn|22
|
|t:|1776184005
|move|p1a: Rillaboom|U-turn|p2a: Toxapex
|-resisted|p2a: Toxapex
|-damage|p2a: Toxapex|92/100
|
|t:|1776184007
|switch|p1a: Scizor|Scizor, F|100/100|[from] U-turn
|-damage|p1a: Scizor|88/100|[from] Spikes
|move|p2a: Toxapex|Poison Jab|p1a: Scizor
|-immune|p1a: Scizor
|
|-heal|p2a: Toxapex|98/100|[from] item: Leftovers
|upkeep
|turn|23
|
|t:|1776184018
|switch|p2a: Corviknight|Corviknight, M|78/100
|-ability|p2a: Corviknight|Pressure
|move|p1a: Scizor|Swords Dance|p1a: Scizor
|-boost|p1a: Scizor|atk|2
|
|upkeep
|turn|24
|
|t:|1776184028
|move|p1a: Scizor|Bullet Punch|p2a: Corviknight
|-resisted|p2a: Corviknight
|-damage|p2a: Corviknight|50/100
|-damage|p1a: Scizor|78/100|[from] item: Life Orb
|move|p2a: Corviknight|Iron Defense|p2a: Corviknight
|-boost|p2a: Corviknight|def|2
|
|upkeep
|turn|25
|
|t:|1776184039
|move|p2a: Corviknight|Roost|p2a: Corviknight
|-heal|p2a: Corviknight|99/100
|-singleturn|p2a: Corviknight|move: Roost
|move|p1a: Scizor|Swords Dance|p1a: Scizor
|-boost|p1a: Scizor|atk|2
|
|upkeep
|turn|26
|
|t:|1776184053
|move|p2a: Corviknight|Body Press|p1a: Scizor
|-damage|p1a: Scizor|28/100
|move|p1a: Scizor|Knock Off|p2a: Corviknight
|-damage|p2a: Corviknight|70/100
|-damage|p1a: Scizor|19/100|[from] item: Life Orb
|
|upkeep
|turn|27
|
|t:|1776184066
|switch|p1a: Quagsire|Quagsire, M, shiny|94/100
|-damage|p1a: Quagsire|81/100|[from] Spikes
|move|p2a: Corviknight|Body Press|p1a: Quagsire
|-damage|p1a: Quagsire|62/100
|
|upkeep
|turn|28
|
|t:|1776184081
|switch|p2a: Blissey|Blissey, F|94/100
|move|p1a: Quagsire|Recover|p1a: Quagsire
|-heal|p1a: Quagsire|100/100
|
|-heal|p2a: Blissey|100/100|[from] item: Leftovers
|upkeep
|turn|29
|
|t:|1776184089
|move|p2a: Blissey|Stealth Rock|p1a: Quagsire
|-sidestart|p1: obama_1001|move: Stealth Rock
|move|p1a: Quagsire|Earthquake|p2a: Blissey
|-damage|p2a: Blissey|69/100
|
|-heal|p2a: Blissey|75/100|[from] item: Leftovers
|upkeep
|turn|30
|
|t:|1776184098
|switch|p2a: Corviknight|Corviknight, M|70/100
|-ability|p2a: Corviknight|Pressure
|move|p1a: Quagsire|Earthquake|p2a: Corviknight
|-immune|p2a: Corviknight
|
|upkeep
|turn|31
|
|t:|1776184154
|switch|p2a: Toxapex|Toxapex, M|100/100
|move|p1a: Quagsire|Ice Beam|p2a: Toxapex
|-resisted|p2a: Toxapex
|-damage|p2a: Toxapex|96/100
|
|-heal|p2a: Toxapex|100/100|[from] item: Leftovers
|upkeep
|turn|32
|-message|obama_1001 forfeited.
|
|win|psoe=mafia
|raw|obama_1001's rating: 1014 &rarr; <strong>1001</strong><br />(-13 for losing)
|raw|psoe=mafia's rating: 1000 &rarr; <strong>1042</strong><br />(+42 for winning)
|l|☆obama_1001
|player|p1|
|c|☆psoe=mafia|gg
