|html|<div class="broadcast-blue"><strong>[Gen 9] OU is currently suspecting Volcarona! For information on how to participate check out the <a href="https://www.smogon.com/tools/suspects/view/208">suspect thread</a>.</strong></div>
|j|☆xamorke2111
|j|☆Sprakenheit
|t:|1778511432
|gametype|singles
|player|p1|xamorke2111|gambler|1317
|player|p2|Sprakenheit|marley|1391
|gen|9
|tier|[Gen 9] OU
|rated|
|rule|HP Percentage Mod: HP is shown in percentages
|rule|Endless Battle Clause: Forcing endless battles is banned
|rule|Species Clause: Limit one of each Pokémon
|rule|OHKO Clause: OHKO moves are banned
|rule|Evasion Items Clause: Evasion items are banned
|rule|Evasion Moves Clause: Evasion moves are banned
|rule|Evasion Abilities Clause: Evasion abilities are banned
|rule|Sleep Moves Clause: Sleep-inducing moves are banned
|clearpoke
|poke|p1|Iron Valiant|
|poke|p1|Kyurem|
|poke|p1|Kommo-o, M|
|poke|p1|Corviknight, M|
|poke|p1|Cinderace, F|
|poke|p1|Grafaiai, F|
|poke|p2|Raging Bolt|
|poke|p2|Ogerpon, F|
|poke|p2|Primarina, F|
|poke|p2|Gholdengo|
|poke|p2|Landorus-Therian, M|
|poke|p2|Great Tusk|
|teampreview
|inactive|Battle timer is ON: inactive players will automatically lose when time's up. (requested by Sprakenheit)
|
|t:|1778511466
|teamsize|p1|6
|teamsize|p2|6
|start
|switch|p1a: Kyurem|Kyurem|100/100
|switch|p2a: Landorus|Landorus-Therian, M|100/100
|-ability|p1a: Kyurem|Pressure
|-ability|p2a: Landorus|Intimidate|boost
|-unboost|p1a: Kyurem|atk|1
|turn|1
|
|t:|1778511477
|switch|p2a: Gholdengo|Gholdengo|100/100
|-item|p2a: Gholdengo|Air Balloon
|move|p1a: Kyurem|Ice Beam|p2a: Gholdengo
|-resisted|p2a: Gholdengo
|-damage|p2a: Gholdengo|78/100
|-enditem|p2a: Gholdengo|Air Balloon
|
|upkeep
|turn|2
|
|t:|1778511488
|switch|p1a: Cinderace|Cinderace, F|100/100
|move|p2a: Gholdengo|Make It Rain|p1a: Cinderace
|-resisted|p1a: Cinderace
|-damage|p1a: Cinderace|64/100
|-unboost|p2a: Gholdengo|spa|1
|
|upkeep
|turn|3
|
|t:|1778511497
|switch|p2a: Landorus|Landorus-Therian, M|100/100
|-ability|p2a: Landorus|Intimidate|boost
|-unboost|p1a: Cinderace|atk|1
|move|p1a: Cinderace|U-turn|p2a: Landorus
|-start|p1a: Cinderace|typechange|Bug|[from] ability: Libero
|-resisted|p2a: Landorus
|-damage|p2a: Landorus|85/100
|-damage|p1a: Cinderace|47/100|[from] item: Rocky Helmet|[of] p2a: Landorus
|
|t:|1778511501
|switch|p1a: Kyurem|Kyurem|100/100|[from] U-turn
|-ability|p1a: Kyurem|Pressure
|
|upkeep
|turn|4
|
|t:|1778511511
|switch|p2a: Gholdengo|Gholdengo|78/100
|move|p1a: Kyurem|Ice Beam|p2a: Gholdengo
|-resisted|p2a: Gholdengo
|-damage|p2a: Gholdengo|56/100
|
|upkeep
|turn|5
|
|t:|1778511516
|move|p1a: Kyurem|Earth Power|p2a: Gholdengo
|-supereffective|p2a: Gholdengo
|-damage|p2a: Gholdengo|0 fnt
|faint|p2a: Gholdengo
|
|upkeep
|
|t:|1778511528
|switch|p2a: Primarina|Primarina, F|100/100
|turn|6
|
|t:|1778511535
|-terastallize|p1a: Kyurem|Ghost
|move|p1a: Kyurem|Freeze-Dry|p2a: Primarina
|-supereffective|p2a: Primarina
|-damage|p2a: Primarina|50/100
|move|p2a: Primarina|Moonblast|p1a: Kyurem
|-damage|p1a: Kyurem|51/100
|
|upkeep
|turn|7
|inactive|Sprakenheit has 120 seconds left.
|
|t:|1778511568
|move|p1a: Kyurem|Freeze-Dry|p2a: Primarina
|-supereffective|p2a: Primarina
|-damage|p2a: Primarina|0 fnt
|faint|p2a: Primarina
|
|upkeep
|
|t:|1778511571
|switch|p2a: Ogerpon|Ogerpon, F|100/100
|turn|8
|
|t:|1778511577
|switch|p1a: Corviknight|Corviknight, M|100/100
|move|p2a: Ogerpon|Knock Off|p1a: Corviknight
|-damage|p1a: Corviknight|72/100
|-damage|p2a: Ogerpon|84/100|[from] item: Rocky Helmet|[of] p1a: Corviknight
|-enditem|p1a: Corviknight|Rocky Helmet|[from] move: Knock Off|[of] p2a: Ogerpon
|
|upkeep
|turn|9
|
|t:|1778511588
|switch|p2a: Landorus|Landorus-Therian, M|85/100
|-ability|p2a: Landorus|Intimidate|boost
|-ability|p1a: Corviknight|Mirror Armor
|-unboost|p2a: Landorus|atk|1
|move|p1a: Corviknight|U-turn|p2a: Landorus
|-resisted|p2a: Landorus
|-damage|p2a: Landorus|77/100
|-damage|p1a: Corviknight|55/100|[from] item: Rocky Helmet|[of] p2a: Landorus
|
|t:|1778511598
|switch|p1a: Kyurem|Kyurem, tera:Ghost|51/100|[from] U-turn
|-ability|p1a: Kyurem|Pressure
|
|upkeep
|turn|10
|
|t:|1778511619
|-terastallize|p2a: Landorus|Water
|move|p1a: Kyurem|Ice Beam|p2a: Landorus
|-resisted|p2a: Landorus
|-damage|p2a: Landorus|48/100
|-status|p2a: Landorus|frz
|-curestatus|p2a: Landorus|frz|[msg]
|move|p2a: Landorus|Earthquake|p1a: Kyurem
|-damage|p1a: Kyurem|14/100
|
|upkeep
|turn|11
|
|t:|1778511626
|switch|p2a: Raging Bolt|Raging Bolt|100/100
|move|p1a: Kyurem|Freeze-Dry|p2a: Raging Bolt
|-supereffective|p2a: Raging Bolt
|-damage|p2a: Raging Bolt|22/100
|
|-heal|p2a: Raging Bolt|28/100|[from] item: Leftovers
|upkeep
|turn|12
|
|t:|1778511639
|switch|p1a: Grafaiai|Grafaiai, F|100/100
|move|p2a: Raging Bolt|Thunderclap||[still]
|-fail|p2a: Raging Bolt
|
|-heal|p2a: Raging Bolt|34/100|[from] item: Leftovers
|upkeep
|turn|13
|
|t:|1778511648
|-end|p2a: Raging Bolt|Protosynthesis|[silent]
|switch|p2a: Landorus|Landorus-Therian, M, tera:Water|48/100
|-ability|p2a: Landorus|Intimidate|boost
|-unboost|p1a: Grafaiai|atk|1
|move|p1a: Grafaiai|Encore||[still]
|-fail|p1a: Grafaiai
|
|upkeep
|turn|14
|
|t:|1778511660
|switch|p1a: Corviknight|Corviknight, M|55/100
|move|p2a: Landorus|Stealth Rock|p1a: Corviknight
|-sidestart|p1: xamorke2111|move: Stealth Rock
|
|upkeep
|turn|15
|
|t:|1778511664
|move|p2a: Landorus|Rock Slide|p1a: Corviknight
|-damage|p1a: Corviknight|39/100
|cant|p1a: Corviknight|flinch
|
|upkeep
|turn|16
|
|t:|1778511672
|switch|p2a: Raging Bolt|Raging Bolt|34/100
|move|p1a: Corviknight|Defog|p2a: Raging Bolt
|-unboost|p2a: Raging Bolt|evasion|1
|-sideend|p1: xamorke2111|Stealth Rock|[from] move: Defog|[of] p1a: Corviknight
|
|-heal|p2a: Raging Bolt|40/100|[from] item: Leftovers
|upkeep
|turn|17
|
|t:|1778511681
|move|p2a: Raging Bolt|Thunderbolt|p1a: Corviknight
|-supereffective|p1a: Corviknight
|-damage|p1a: Corviknight|0 fnt
|faint|p1a: Corviknight
|
|-heal|p2a: Raging Bolt|46/100|[from] item: Leftovers
|upkeep
|
|t:|1778511698
|switch|p1a: Iron Valiant|Iron Valiant|100/100
|-enditem|p1a: Iron Valiant|Booster Energy
|-activate|p1a: Iron Valiant|ability: Quark Drive|[fromitem]
|-start|p1a: Iron Valiant|quarkdrivespe
|turn|18
|
|t:|1778511706
|move|p2a: Raging Bolt|Thunderclap|p1a: Iron Valiant
|-damage|p1a: Iron Valiant|26/100
|move|p1a: Iron Valiant|Spirit Break|p2a: Raging Bolt
|-supereffective|p2a: Raging Bolt
|-damage|p2a: Raging Bolt|0 fnt
|faint|p2a: Raging Bolt
|-end|p2a: Raging Bolt|Protosynthesis|[silent]
|
|upkeep
|
|t:|1778511712
|switch|p2a: Ogerpon|Ogerpon, F|84/100
|turn|19
|
|t:|1778511718
|move|p1a: Iron Valiant|Close Combat|p2a: Ogerpon
|-damage|p2a: Ogerpon|3/100
|-unboost|p1a: Iron Valiant|def|1
|-unboost|p1a: Iron Valiant|spd|1
|move|p2a: Ogerpon|Ivy Cudgel|p1a: Iron Valiant
|-damage|p1a: Iron Valiant|0 fnt
|faint|p1a: Iron Valiant
|-end|p1a: Iron Valiant|Quark Drive|[silent]
|
|upkeep
|
|t:|1778511730
|switch|p1a: Cinderace|Cinderace, F|47/100
|turn|20
|
|t:|1778511733
|switch|p2a: Landorus|Landorus-Therian, M, tera:Water|48/100
|-ability|p2a: Landorus|Intimidate|boost
|-unboost|p1a: Cinderace|atk|1
|move|p1a: Cinderace|U-turn|p2a: Landorus
|-start|p1a: Cinderace|typechange|Bug|[from] ability: Libero
|-damage|p2a: Landorus|18/100
|-damage|p1a: Cinderace|31/100|[from] item: Rocky Helmet|[of] p2a: Landorus
|
|t:|1778511737
|switch|p1a: Grafaiai|Grafaiai, F|100/100|[from] U-turn
|
|upkeep
|turn|21
|
|t:|1778511743
|move|p2a: Landorus|Earthquake|p1a: Grafaiai
|-supereffective|p1a: Grafaiai
|-damage|p1a: Grafaiai|0 fnt
|faint|p1a: Grafaiai
|
|upkeep
|
|t:|1778511750
|switch|p1a: Cinderace|Cinderace, F|31/100
|turn|22
|
|t:|1778511756
|move|p1a: Cinderace|U-turn|p2a: Landorus
|-start|p1a: Cinderace|typechange|Bug|[from] ability: Libero
|-damage|p2a: Landorus|0 fnt
|-damage|p1a: Cinderace|14/100|[from] item: Rocky Helmet|[of] p2a: Landorus
|faint|p2a: Landorus
|
|t:|1778511763
|switch|p1a: Kommo-o|Kommo-o, M|100/100|[from] U-turn
|
|upkeep
|
|t:|1778511778
|switch|p2a: Great Tusk|Great Tusk|100/100
|-enditem|p2a: Great Tusk|Booster Energy
|-activate|p2a: Great Tusk|ability: Protosynthesis|[fromitem]
|-start|p2a: Great Tusk|protosynthesisspe
|turn|23
|
|t:|1778511787
|move|p2a: Great Tusk|Bulk Up|p2a: Great Tusk
|-boost|p2a: Great Tusk|atk|1
|-boost|p2a: Great Tusk|def|1
|move|p1a: Kommo-o|Substitute|p1a: Kommo-o
|-start|p1a: Kommo-o|Substitute
|-damage|p1a: Kommo-o|75/100
|
|upkeep
|turn|24
|
|t:|1778511793
|move|p2a: Great Tusk|Ice Spinner|p1a: Kommo-o
|-supereffective|p1a: Kommo-o
|-end|p1a: Kommo-o|Substitute
|move|p1a: Kommo-o|Belly Drum|p1a: Kommo-o
|-damage|p1a: Kommo-o|25/100
|-setboost|p1a: Kommo-o|atk|6|[from] move: Belly Drum
|-enditem|p1a: Kommo-o|Salac Berry|[eat]
|-boost|p1a: Kommo-o|spe|1|[from] item: Salac Berry
|
|upkeep
|turn|25
|
|t:|1778511801
|move|p2a: Great Tusk|Ice Spinner|p1a: Kommo-o
|-supereffective|p1a: Kommo-o
|-damage|p1a: Kommo-o|0 fnt
|faint|p1a: Kommo-o
|
|upkeep
|
|t:|1778511808
|switch|p1a: Kyurem|Kyurem, tera:Ghost|14/100
|-ability|p1a: Kyurem|Pressure
|turn|26
|
|t:|1778511814
|move|p2a: Great Tusk|Ice Spinner|p1a: Kyurem
|-damage|p1a: Kyurem|0 fnt
|faint|p1a: Kyurem
|
|upkeep
|-message|xamorke2111 forfeited.
|
|win|Sprakenheit
|raw|xamorke2111's rating: 1317 &rarr; <strong>1301</strong><br />(-16 for losing)
|raw|Sprakenheit's rating: 1391 &rarr; <strong>1407</strong><br />(+16 for winning)
|l|☆xamorke2111
|player|p1|
|l|☆Sprakenheit
|player|p2|
