|html|<div class="broadcast-blue"><strong>[Gen 9] OU is currently suspecting Tera Blast! For information on how to participate check out the <a href="https://www.smogon.com/tools/suspects/view/200">suspect thread</a>.</strong></div>
|j|☆tootymctoot
|j|☆Team BBIO 38
|t:|1776050040
|gametype|singles
|player|p1|tootymctoot|miku-ghost|1385
|player|p2|Team BBIO 38|janitor|1324
|gen|9
|tier|[Gen 9] OU
|rated|
|rule|HP Percentage Mod: HP is shown in percentages
|rule|Endless Battle Clause: Forcing endless battles is banned
|rule|Species Clause: Limit one of each Pokémon
|rule|OHKO Clause: OHKO moves are banned
|rule|Evasion Items Clause: Evasion items are banned
|rule|Evasion Moves Clause: Evasion moves are banned
|rule|Evasion Abilities Clause: Evasion abilities are banned
|rule|Sleep Moves Clause: Sleep-inducing moves are banned
|clearpoke
|poke|p1|Ceruledge, M|
|poke|p1|Samurott-Hisui, M|
|poke|p1|Gholdengo|
|poke|p1|Iron Valiant|
|poke|p1|Talonflame, F|
|poke|p1|Dragonite, F|
|poke|p2|Dusclops, M|
|poke|p2|Blissey, F|
|poke|p2|Flamigo, M|
|poke|p2|Latias, F|
|poke|p2|Darkrai|
|poke|p2|Porygon2|
|teampreview
|inactive|Battle timer is ON: inactive players will automatically lose when time's up. (requested by Team BBIO 38)
|inactive|tootymctoot also wants the timer to be on.
|
|t:|1776050044
|teamsize|p1|6
|teamsize|p2|6
|start
|switch|p1a: Samurott|Samurott-Hisui, M|100/100
|switch|p2a: Flamigo|Flamigo, M|100/100
|turn|1
|
|t:|1776050049
|switch|p1a: Talonflame|Talonflame, F|100/100
|move|p2a: Flamigo|Close Combat|p1a: Talonflame
|-resisted|p1a: Talonflame
|-damage|p1a: Talonflame|57/100
|-unboost|p2a: Flamigo|def|1
|-unboost|p2a: Flamigo|spd|1
|-status|p2a: Flamigo|brn|[from] ability: Flame Body|[of] p1a: Talonflame
|
|-damage|p2a: Flamigo|94/100 brn|[from] brn
|upkeep
|turn|2
|
|t:|1776050060
|switch|p2a: Porygon2|Porygon2|100/100
|-ability|p2a: Porygon2|Download|boost
|-boost|p2a: Porygon2|spa|1
|move|p1a: Talonflame|Flare Blitz|p2a: Porygon2
|-damage|p2a: Porygon2|70/100
|-damage|p1a: Talonflame|44/100|[from] Recoil
|
|upkeep
|turn|3
|
|t:|1776050067
|move|p1a: Talonflame|U-turn|p2a: Porygon2
|-damage|p2a: Porygon2|59/100
|
|t:|1776050071
|switch|p1a: Gholdengo|Gholdengo|100/100|[from] U-turn
|move|p2a: Porygon2|Trick Room|p2a: Porygon2
|-fieldstart|move: Trick Room|[of] p2a: Porygon2
|
|upkeep
|turn|4
|
|t:|1776050080
|switch|p1a: Samurott|Samurott-Hisui, M|100/100
|-terastallize|p2a: Porygon2|Ground
|move|p2a: Porygon2|Tera Blast|p1a: Samurott|[anim] Tera Blast Ground
|-damage|p1a: Samurott|70/100
|
|upkeep
|turn|5
|
|t:|1776050089
|move|p2a: Porygon2|Thunderbolt|p1a: Samurott
|-supereffective|p1a: Samurott
|-damage|p1a: Samurott|24/100
|move|p1a: Samurott|Flip Turn|p2a: Porygon2
|-supereffective|p2a: Porygon2
|-damage|p2a: Porygon2|31/100
|
|t:|1776050098
|switch|p1a: Talonflame|Talonflame, F|44/100|[from] Flip Turn
|
|upkeep
|turn|6
|
|t:|1776050104
|switch|p1a: Samurott|Samurott-Hisui, M|24/100
|move|p2a: Porygon2|Thunderbolt|p1a: Samurott
|-supereffective|p1a: Samurott
|-damage|p1a: Samurott|0 fnt
|faint|p1a: Samurott
|
|upkeep
|
|t:|1776050111
|switch|p1a: Talonflame|Talonflame, F|44/100
|turn|7
|
|t:|1776050120
|move|p2a: Porygon2|Thunderbolt|p1a: Talonflame
|-supereffective|p1a: Talonflame
|-damage|p1a: Talonflame|0 fnt
|faint|p1a: Talonflame
|
|-fieldend|move: Trick Room
|upkeep
|
|t:|1776050127
|switch|p1a: ambiguous|Iron Valiant|100/100
|-enditem|p1a: ambiguous|Booster Energy
|-activate|p1a: ambiguous|ability: Quark Drive|[fromitem]
|-start|p1a: ambiguous|quarkdrivespe
|turn|8
|
|t:|1776050131
|move|p1a: ambiguous|Calm Mind|p1a: ambiguous
|-boost|p1a: ambiguous|spa|1
|-boost|p1a: ambiguous|spd|1
|move|p2a: Porygon2|Trick Room|p2a: Porygon2
|-fieldstart|move: Trick Room|[of] p2a: Porygon2
|
|upkeep
|turn|9
|
|t:|1776050137
|move|p2a: Porygon2|Tera Blast|p1a: ambiguous|[anim] Tera Blast Ground
|-damage|p1a: ambiguous|27/100
|move|p1a: ambiguous|Moonblast|p2a: Porygon2
|-damage|p2a: Porygon2|0 fnt
|faint|p2a: Porygon2
|
|upkeep
|
|t:|1776050145
|switch|p2a: Dusclops|Dusclops, M|100/100
|turn|10
|
|t:|1776050149
|move|p2a: Dusclops|Night Shade|p1a: ambiguous
|-damage|p1a: ambiguous|0 fnt
|faint|p1a: ambiguous
|-end|p1a: ambiguous|Quark Drive|[silent]
|
|upkeep
|
|t:|1776050152
|switch|p1a: Gholdengo|Gholdengo|100/100
|turn|11
|
|t:|1776050158
|move|p2a: Dusclops|Night Shade|p1a: Gholdengo
|-damage|p1a: Gholdengo|69/100
|move|p1a: Gholdengo|Trick|p2a: Dusclops
|-activate|p1a: Gholdengo|move: Trick|[of] p2a: Dusclops
|-item|p2a: Dusclops|Choice Scarf|[from] move: Trick
|-item|p1a: Gholdengo|Eviolite|[from] move: Trick
|
|upkeep
|turn|12
|
|t:|1776050163
|move|p2a: Dusclops|Night Shade|p1a: Gholdengo
|-damage|p1a: Gholdengo|37/100
|move|p1a: Gholdengo|Shadow Ball|p2a: Dusclops
|-supereffective|p2a: Dusclops
|-damage|p2a: Dusclops|18/100
|
|-fieldend|move: Trick Room
|upkeep
|turn|13
|
|t:|1776050170
|move|p1a: Gholdengo|Shadow Ball|p2a: Dusclops
|-supereffective|p2a: Dusclops
|-damage|p2a: Dusclops|0 fnt
|faint|p2a: Dusclops
|
|upkeep
|
|t:|1776050176
|switch|p2a: Darkrai|Darkrai|100/100
|turn|14
|
|t:|1776050179
|move|p2a: Darkrai|Dark Pulse|p1a: Gholdengo
|-supereffective|p1a: Gholdengo
|-damage|p1a: Gholdengo|0 fnt
|faint|p1a: Gholdengo
|
|upkeep
|
|t:|1776050180
|switch|p1a: Ceruledge|Ceruledge, M, shiny|100/100
|turn|15
|
|t:|1776050186
|move|p2a: Darkrai|Dark Pulse|p1a: Ceruledge
|-supereffective|p1a: Ceruledge
|-enditem|p1a: Ceruledge|Focus Sash
|-damage|p1a: Ceruledge|1/100
|cant|p1a: Ceruledge|flinch
|
|upkeep
|turn|16
|
|t:|1776050193
|move|p2a: Darkrai|Dark Pulse|p1a: Ceruledge
|-supereffective|p1a: Ceruledge
|-damage|p1a: Ceruledge|0 fnt
|faint|p1a: Ceruledge
|
|upkeep
|
|t:|1776050194
|switch|p1a: tubby|Dragonite, F, shiny|100/100
|turn|17
|
|t:|1776050202
|-terastallize|p1a: tubby|Flying
|move|p2a: Darkrai|Dark Pulse|p1a: tubby
|-damage|p1a: tubby|69/100
|move|p1a: tubby|Dragon Dance|p1a: tubby
|-boost|p1a: tubby|atk|1
|-boost|p1a: tubby|spe|1
|
|upkeep
|turn|18
|
|t:|1776050209
|move|p1a: tubby|Tera Blast|p2a: Darkrai|[anim] Tera Blast Flying
|-damage|p2a: Darkrai|0 fnt
|faint|p2a: Darkrai
|
|upkeep
|
|t:|1776050215
|switch|p2a: Blissey|Blissey, F|100/100
|turn|19
|
|t:|1776050219
|move|p1a: tubby|Tera Blast|p2a: Blissey|[anim] Tera Blast Flying
|-damage|p2a: Blissey|24/100
|move|p2a: Blissey|Seismic Toss|p1a: tubby
|-damage|p1a: tubby|38/100
|
|-heal|p2a: Blissey|30/100|[from] item: Leftovers
|upkeep
|turn|20
|
|t:|1776050225
|move|p1a: tubby|Tera Blast|p2a: Blissey|[anim] Tera Blast Flying
|-damage|p2a: Blissey|0 fnt
|faint|p2a: Blissey
|
|upkeep
|
|t:|1776050229
|switch|p2a: Flamigo|Flamigo, M|94/100 brn
|turn|21
|
|t:|1776050232
|move|p2a: Flamigo|Brave Bird|p1a: tubby
|-damage|p1a: tubby|0 fnt
|faint|p1a: tubby
|-damage|p2a: Flamigo|82/100 brn|[from] Recoil
|
|win|Team BBIO 38
|raw|tootymctoot's rating: 1385 &rarr; <strong>1362</strong><br />(-23 for losing)
|raw|Team BBIO 38's rating: 1324 &rarr; <strong>1347</strong><br />(+23 for winning)
|l|☆tootymctoot
|player|p1|
|l|☆Team BBIO 38
|player|p2|
