|html|<div class="broadcast-blue"><strong>[Gen 9] OU is currently suspecting Tera Blast! For information on how to participate check out the <a href="https://www.smogon.com/tools/suspects/view/200">suspect thread</a>.</strong></div>
|j|☆beebeebaobao
|j|☆bsmcreeper
|t:|1776104008
|gametype|singles
|player|p1|beebeebaobao|twins-gen4dp|1495
|player|p2|bsmcreeper|169|1476
|gen|9
|tier|[Gen 9] OU
|rated|
|rule|HP Percentage Mod: HP is shown in percentages
|rule|Endless Battle Clause: Forcing endless battles is banned
|rule|Species Clause: Limit one of each Pokémon
|rule|OHKO Clause: OHKO moves are banned
|rule|Evasion Items Clause: Evasion items are banned
|rule|Evasion Moves Clause: Evasion moves are banned
|rule|Evasion Abilities Clause: Evasion abilities are banned
|rule|Sleep Moves Clause: Sleep-inducing moves are banned
|clearpoke
|poke|p1|Hydrapple, M|
|poke|p1|Quaquaval, M|
|poke|p1|Heatran, M|
|poke|p1|Kingambit, F|
|poke|p1|Iron Valiant|
|poke|p1|Dragapult, F|
|poke|p2|Zamazenta-*|
|poke|p2|Ceruledge, M|
|poke|p2|Corviknight, F|
|poke|p2|Slowking-Galar, F|
|poke|p2|Raging Bolt|
|poke|p2|Meowscarada, F|
|teampreview
|inactive|Battle timer is ON: inactive players will automatically lose when time's up. (requested by bsmcreeper)
|
|t:|1776104035
|teamsize|p1|6
|teamsize|p2|6
|start
|switch|p1a: Heatran|Heatran, M|100/100
|switch|p2a: Corviknight|Corviknight, F|100/100
|-item|p1a: Heatran|Air Balloon
|-ability|p2a: Corviknight|Pressure
|turn|1
|
|t:|1776104043
|switch|p1a: Hydrapple|Hydrapple, M|100/100
|move|p2a: Corviknight|U-turn|p1a: Hydrapple
|-supereffective|p1a: Hydrapple
|-damage|p1a: Hydrapple|84/100
|-damage|p2a: Corviknight|84/100|[from] item: Rocky Helmet|[of] p1a: Hydrapple
|
|t:|1776104054
|switch|p2a: Slowking|Slowking-Galar, F|100/100|[from] U-turn
|
|upkeep
|turn|2
|
|t:|1776104062
|switch|p1a: Heatran|Heatran, M|100/100
|-item|p1a: Heatran|Air Balloon
|move|p2a: Slowking|Thunder Wave|p1a: Heatran
|-status|p1a: Heatran|par
|
|upkeep
|turn|3
|
|t:|1776104078
|switch|p2a: Zamazenta|Zamazenta|100/100
|-ability|p2a: Zamazenta|Dauntless Shield|boost
|-boost|p2a: Zamazenta|def|1
|move|p1a: Heatran|Stealth Rock|p2a: Zamazenta
|-sidestart|p2: bsmcreeper|move: Stealth Rock
|
|upkeep
|turn|4
|
|t:|1776104106
|switch|p1a: Hydrapple|Hydrapple, M|100/100
|move|p2a: Zamazenta|Close Combat|p1a: Hydrapple
|-damage|p1a: Hydrapple|48/100
|-unboost|p2a: Zamazenta|def|1
|-unboost|p2a: Zamazenta|spd|1
|-damage|p2a: Zamazenta|84/100|[from] item: Rocky Helmet|[of] p1a: Hydrapple
|
|upkeep
|turn|5
|inactive|beebeebaobao has 120 seconds left.
|
|t:|1776104122
|switch|p2a: Meowscarada|Meowscarada, F|100/100
|-damage|p2a: Meowscarada|88/100|[from] Stealth Rock
|switch|p1a: Iron Valiant|Iron Valiant|100/100
|-enditem|p1a: Iron Valiant|Booster Energy
|-activate|p1a: Iron Valiant|ability: Quark Drive|[fromitem]
|-start|p1a: Iron Valiant|quarkdrivespe
|
|upkeep
|turn|6
|
|t:|1776104131
|switch|p2a: Slowking|Slowking-Galar, F|100/100
|move|p1a: Iron Valiant|Calm Mind|p1a: Iron Valiant
|-boost|p1a: Iron Valiant|spa|1
|-boost|p1a: Iron Valiant|spd|1
|
|upkeep
|turn|7
|
|t:|1776104139
|-terastallize|p1a: Iron Valiant|Electric
|move|p1a: Iron Valiant|Thunderbolt|p2a: Slowking
|-damage|p2a: Slowking|61/100
|-status|p2a: Slowking|par
|move|p2a: Slowking|Thunder Wave|p1a: Iron Valiant
|-immune|p1a: Iron Valiant
|
|upkeep
|turn|8
|
|t:|1776104145
|move|p1a: Iron Valiant|Encore|p2a: Slowking
|-start|p2a: Slowking|Encore
|move|p2a: Slowking|Thunder Wave|p1a: Iron Valiant
|-immune|p1a: Iron Valiant
|
|upkeep
|turn|9
|
|t:|1776104159
|move|p1a: Iron Valiant|Thunderbolt|p2a: Slowking
|-damage|p2a: Slowking|24/100 par
|move|p2a: Slowking|Thunder Wave|p1a: Iron Valiant
|-immune|p1a: Iron Valiant
|
|upkeep
|turn|10
|
|t:|1776104163
|move|p1a: Iron Valiant|Calm Mind|p1a: Iron Valiant
|-boost|p1a: Iron Valiant|spa|1
|-boost|p1a: Iron Valiant|spd|1
|move|p2a: Slowking|Thunder Wave|p1a: Iron Valiant
|-immune|p1a: Iron Valiant
|
|-end|p2a: Slowking|Encore
|upkeep
|turn|11
|
|t:|1776104171
|switch|p2a: Meowscarada|Meowscarada, F|88/100
|-damage|p2a: Meowscarada|76/100|[from] Stealth Rock
|move|p1a: Iron Valiant|Thunderbolt|p2a: Meowscarada
|-resisted|p2a: Meowscarada
|-damage|p2a: Meowscarada|4/100
|
|upkeep
|turn|12
|
|t:|1776104174
|move|p2a: Meowscarada|Sucker Punch|p1a: Iron Valiant
|-start|p2a: Meowscarada|typechange|Dark|[from] ability: Protean
|-crit|p1a: Iron Valiant
|-damage|p1a: Iron Valiant|40/100
|move|p1a: Iron Valiant|Thunderbolt|p2a: Meowscarada
|-damage|p2a: Meowscarada|0 fnt
|faint|p2a: Meowscarada
|
|upkeep
|
|t:|1776104202
|switch|p2a: Slowking|Slowking-Galar, F|57/100 par
|turn|13
|
|t:|1776104205
|move|p1a: Iron Valiant|Thunderbolt|p2a: Slowking
|-damage|p2a: Slowking|5/100 par
|move|p2a: Slowking|Sludge Bomb|p1a: Iron Valiant
|-damage|p1a: Iron Valiant|11/100
|
|upkeep
|turn|14
|
|t:|1776104209
|move|p1a: Iron Valiant|Thunderbolt|p2a: Slowking
|-damage|p2a: Slowking|0 fnt
|faint|p2a: Slowking
|
|upkeep
|
|t:|1776104211
|switch|p2a: Ceruledge|Ceruledge, M|100/100
|-damage|p2a: Ceruledge|75/100|[from] Stealth Rock
|turn|15
|
|t:|1776104218
|move|p2a: Ceruledge|Shadow Sneak|p1a: Iron Valiant
|-damage|p1a: Iron Valiant|0 fnt
|faint|p1a: Iron Valiant
|-end|p1a: Iron Valiant|Quark Drive|[silent]
|
|upkeep
|
|t:|1776104221
|switch|p1a: Quaquaval|Quaquaval, M|100/100
|turn|16
|
|t:|1776104238
|-terastallize|p2a: Ceruledge|Fairy
|move|p1a: Quaquaval|Aqua Step|p2a: Ceruledge
|-damage|p2a: Ceruledge|26/100
|-boost|p1a: Quaquaval|spe|1
|-ability|p2a: Ceruledge|Weak Armor|boost
|-unboost|p2a: Ceruledge|def|1
|-boost|p2a: Ceruledge|spe|2
|move|p2a: Ceruledge|Swords Dance|p2a: Ceruledge
|-boost|p2a: Ceruledge|atk|2
|
|upkeep
|turn|17
|
|t:|1776104249
|move|p1a: Quaquaval|Aqua Step|p2a: Ceruledge
|-damage|p2a: Ceruledge|0 fnt
|-boost|p1a: Quaquaval|spe|1
|faint|p2a: Ceruledge
|-ability|p1a: Quaquaval|Moxie|boost
|-boost|p1a: Quaquaval|atk|1
|
|upkeep
|-message|bsmcreeper forfeited.
|
|win|beebeebaobao
|raw|beebeebaobao's rating: 1495 &rarr; <strong>1514</strong><br />(+19 for winning)
|raw|bsmcreeper's rating: 1476 &rarr; <strong>1457</strong><br />(-19 for losing)
|l|☆bsmcreeper
|player|p2|
