|html|<div class="broadcast-blue"><strong>[Gen 9] OU is currently suspecting Volcarona! For information on how to participate check out the <a href="https://www.smogon.com/tools/suspects/view/208">suspect thread</a>.</strong></div>
|j|☆izayatijifan343
|j|☆Melowar
|t:|1778512247
|gametype|singles
|player|p1|izayatijifan343|cheryl|1054
|player|p2|Melowar|gentleman-gen4|1061
|gen|9
|tier|[Gen 9] OU
|rated|
|rule|HP Percentage Mod: HP is shown in percentages
|rule|Endless Battle Clause: Forcing endless battles is banned
|rule|Species Clause: Limit one of each Pokémon
|rule|OHKO Clause: OHKO moves are banned
|rule|Evasion Items Clause: Evasion items are banned
|rule|Evasion Moves Clause: Evasion moves are banned
|rule|Evasion Abilities Clause: Evasion abilities are banned
|rule|Sleep Moves Clause: Sleep-inducing moves are banned
|clearpoke
|poke|p1|Typhlosion-Hisui, F|
|poke|p1|Dragonite, M|
|poke|p1|Great Tusk|
|poke|p1|Dondozo, M|
|poke|p1|Glimmora, M|
|poke|p1|Slowking-Galar, F|
|poke|p2|Persian, F|
|poke|p2|Cloyster, M|
|poke|p2|Sandslash, M|
|poke|p2|Gengar, M|
|poke|p2|Raichu, M|
|poke|p2|Venusaur, F|
|teampreview
|
|t:|1778512258
|teamsize|p1|6
|teamsize|p2|6
|start
|switch|p1a: Great Tusk|Great Tusk|100/100
|switch|p2a: Sandslash|Sandslash, M, shiny|100/100
|-enditem|p1a: Great Tusk|Booster Energy
|-activate|p1a: Great Tusk|ability: Protosynthesis|[fromitem]
|-start|p1a: Great Tusk|protosynthesisspe
|turn|1
|
|t:|1778512271
|switch|p2a: Raichu|Raichu, M|100/100
|-item|p2a: Raichu|Air Balloon
|move|p1a: Great Tusk|Bulk Up|p1a: Great Tusk
|-boost|p1a: Great Tusk|atk|1
|-boost|p1a: Great Tusk|def|1
|
|upkeep
|turn|2
|
|t:|1778512280
|move|p1a: Great Tusk|Bulk Up|p1a: Great Tusk
|-boost|p1a: Great Tusk|atk|1
|-boost|p1a: Great Tusk|def|1
|move|p2a: Raichu|Nasty Plot|p2a: Raichu
|-boost|p2a: Raichu|spa|2
|
|upkeep
|turn|3
|
|t:|1778512295
|move|p1a: Great Tusk|Ice Spinner|p2a: Raichu
|-damage|p2a: Raichu|27/100
|-enditem|p2a: Raichu|Air Balloon
|move|p2a: Raichu|Surf|p1a: Great Tusk
|-supereffective|p1a: Great Tusk
|-damage|p1a: Great Tusk|0 fnt
|faint|p1a: Great Tusk
|-end|p1a: Great Tusk|Protosynthesis|[silent]
|
|upkeep
|
|t:|1778512308
|switch|p1a: Typhlosion|Typhlosion-Hisui, F|100/100
|turn|4
|
|t:|1778512313
|move|p1a: Typhlosion|Eruption|p2a: Raichu
|-damage|p2a: Raichu|0 fnt
|faint|p2a: Raichu
|
|upkeep
|
|t:|1778512330
|switch|p2a: Cloyster|Cloyster, M, shiny|100/100
|turn|5
|inactive|Battle timer is ON: inactive players will automatically lose when time's up. (requested by izayatijifan343)
|
|t:|1778512334
|move|p1a: Typhlosion|Eruption|p2a: Cloyster
|-enditem|p2a: Cloyster|Focus Sash
|-damage|p2a: Cloyster|1/100
|move|p2a: Cloyster|Shell Smash|p2a: Cloyster
|-unboost|p2a: Cloyster|def|1
|-unboost|p2a: Cloyster|spd|1
|-boost|p2a: Cloyster|atk|2
|-boost|p2a: Cloyster|spa|2
|-boost|p2a: Cloyster|spe|2
|
|upkeep
|turn|6
|
|t:|1778512344
|switch|p1a: Dondozo|Dondozo, M|100/100
|move|p2a: Cloyster|Surf|p1a: Dondozo
|-resisted|p1a: Dondozo
|-damage|p1a: Dondozo|86/100
|
|-heal|p1a: Dondozo|93/100|[from] item: Leftovers
|upkeep
|turn|7
|
|t:|1778512353
|switch|p2a: Gengar|Gengar, M|100/100
|move|p1a: Dondozo|Curse|p1a: Dondozo
|-unboost|p1a: Dondozo|spe|1
|-boost|p1a: Dondozo|atk|1
|-boost|p1a: Dondozo|def|1
|
|-heal|p1a: Dondozo|99/100|[from] item: Leftovers
|upkeep
|turn|8
|
|t:|1778512362
|move|p2a: Gengar|Toxic|p1a: Dondozo
|-status|p1a: Dondozo|tox
|move|p1a: Dondozo|Waterfall|p2a: Gengar
|-damage|p2a: Gengar|46/100
|
|-heal|p2a: Gengar|53/100|[from] item: Leftovers
|-heal|p1a: Dondozo|100/100 tox|[from] item: Leftovers
|-damage|p1a: Dondozo|94/100 tox|[from] psn
|upkeep
|turn|9
|
|t:|1778512372
|move|p2a: Gengar|Protect|p2a: Gengar
|-singleturn|p2a: Gengar|Protect
|move|p1a: Dondozo|Curse|p1a: Dondozo
|-unboost|p1a: Dondozo|spe|1
|-boost|p1a: Dondozo|atk|1
|-boost|p1a: Dondozo|def|1
|
|-heal|p2a: Gengar|59/100|[from] item: Leftovers
|-heal|p1a: Dondozo|100/100 tox|[from] item: Leftovers
|-damage|p1a: Dondozo|88/100 tox|[from] psn
|upkeep
|turn|10
|
|t:|1778512383
|move|p2a: Gengar|Confuse Ray|p1a: Dondozo
|-start|p1a: Dondozo|confusion
|-activate|p1a: Dondozo|confusion
|-damage|p1a: Dondozo|84/100 tox|[from] confusion
|
|-heal|p2a: Gengar|65/100|[from] item: Leftovers
|-heal|p1a: Dondozo|90/100 tox|[from] item: Leftovers
|-damage|p1a: Dondozo|72/100 tox|[from] psn
|upkeep
|turn|11
|
|t:|1778512393
|move|p2a: Gengar|Protect|p2a: Gengar
|-singleturn|p2a: Gengar|Protect
|-end|p1a: Dondozo|confusion
|move|p1a: Dondozo|Sleep Talk||[still]
|-fail|p1a: Dondozo
|
|-heal|p2a: Gengar|71/100|[from] item: Leftovers
|-heal|p1a: Dondozo|78/100 tox|[from] item: Leftovers
|-damage|p1a: Dondozo|53/100 tox|[from] psn
|upkeep
|turn|12
|
|t:|1778512405
|move|p2a: Gengar|Confuse Ray|p1a: Dondozo
|-start|p1a: Dondozo|confusion
|-activate|p1a: Dondozo|confusion
|move|p1a: Dondozo|Waterfall|p2a: Gengar
|-damage|p2a: Gengar|0 fnt
|faint|p2a: Gengar
|
|-heal|p1a: Dondozo|59/100 tox|[from] item: Leftovers
|-damage|p1a: Dondozo|28/100 tox|[from] psn
|upkeep
|
|t:|1778512417
|switch|p2a: Persian|Persian, F, shiny|100/100
|turn|13
|
|t:|1778512420
|move|p2a: Persian|Fake Out|p1a: Dondozo
|-damage|p1a: Dondozo|22/100 tox
|cant|p1a: Dondozo|flinch
|
|-heal|p1a: Dondozo|28/100 tox|[from] item: Leftovers
|-damage|p1a: Dondozo|0 fnt|[from] psn
|faint|p1a: Dondozo
|upkeep
|
|t:|1778512426
|switch|p1a: Typhlosion|Typhlosion-Hisui, F|100/100
|turn|14
|
|t:|1778512432
|move|p1a: Typhlosion|Eruption|p2a: Persian
|-damage|p2a: Persian|0 fnt
|faint|p2a: Persian
|
|upkeep
|
|t:|1778512440
|switch|p2a: Sandslash|Sandslash, M, shiny|100/100
|turn|15
|
|t:|1778512449
|switch|p1a: Dragonite|Dragonite, M|100/100
|move|p2a: Sandslash|Earthquake|p1a: Dragonite
|-immune|p1a: Dragonite
|
|upkeep
|turn|16
|
|t:|1778512462
|move|p1a: Dragonite|Encore|p2a: Sandslash
|-start|p2a: Sandslash|Encore
|move|p2a: Sandslash|Earthquake|p1a: Dragonite
|-immune|p1a: Dragonite
|
|upkeep
|turn|17
|
|t:|1778512469
|switch|p2a: Cloyster|Cloyster, M, shiny|1/100
|move|p1a: Dragonite|Dragon Dance|p1a: Dragonite
|-boost|p1a: Dragonite|atk|1
|-boost|p1a: Dragonite|spe|1
|
|upkeep
|turn|18
|
|t:|1778512484
|move|p1a: Dragonite|Fire Punch|p2a: Cloyster
|-damage|p2a: Cloyster|0 fnt
|faint|p2a: Cloyster
|
|upkeep
|-message|Melowar forfeited.
|
|win|izayatijifan343
|raw|izayatijifan343's rating: 1054 &rarr; <strong>1087</strong><br />(+33 for winning)
|raw|Melowar's rating: 1061 &rarr; <strong>1041</strong><br />(-20 for losing)
|l|☆Melowar
|player|p2|
|l|☆izayatijifan343
|player|p1|
|j|☆izayatijifan343
|player|p1|izayatijifan343|cheryl|
