|html|<div class="broadcast-blue"><strong>[Gen 9] OU is currently suspecting Tera Blast! For information on how to participate check out the <a href="https://www.smogon.com/tools/suspects/view/200">suspect thread</a>.</strong></div>
|j|☆BuffCacture
|j|☆Toto2002
|t:|1776108499
|gametype|singles
|player|p1|BuffCacture|1|1248
|player|p2|Toto2002|rosa|1232
|gen|9
|tier|[Gen 9] OU
|rated|
|rule|HP Percentage Mod: HP is shown in percentages
|rule|Endless Battle Clause: Forcing endless battles is banned
|rule|Species Clause: Limit one of each Pokémon
|rule|OHKO Clause: OHKO moves are banned
|rule|Evasion Items Clause: Evasion items are banned
|rule|Evasion Moves Clause: Evasion moves are banned
|rule|Evasion Abilities Clause: Evasion abilities are banned
|rule|Sleep Moves Clause: Sleep-inducing moves are banned
|clearpoke
|poke|p1|Tinkaton, F|
|poke|p1|Cacturne, M|
|poke|p1|Slowbro, M|
|poke|p1|Rotom-Wash|
|poke|p1|Emboar, F|
|poke|p1|Drifblim, M|
|poke|p2|Ogerpon-Wellspring, F|
|poke|p2|Kingambit, M|
|poke|p2|Landorus-Therian, M|
|poke|p2|Glimmora, F|
|poke|p2|Dragapult, F|
|poke|p2|Iron Valiant|
|teampreview
|inactive|Battle timer is ON: inactive players will automatically lose when time's up. (requested by Toto2002)
|
|t:|1776108533
|teamsize|p1|6
|teamsize|p2|6
|start
|switch|p1a: Step_Bro_im_stuck|Rotom-Wash|100/100
|switch|p2a: Landorus|Landorus-Therian, M|100/100
|-ability|p2a: Landorus|Intimidate|boost
|-unboost|p1a: Step_Bro_im_stuck|atk|1
|turn|1
|
|t:|1776108545
|move|p2a: Landorus|U-turn|p1a: Step_Bro_im_stuck
|-damage|p1a: Step_Bro_im_stuck|78/100
|inactive|Toto2002 has 120 seconds left.
|
|t:|1776108575
|switch|p2a: Dragapult|Dragapult, F|100/100|[from] U-turn
|move|p1a: Step_Bro_im_stuck|Will-O-Wisp|p2a: Dragapult
|-status|p2a: Dragapult|brn
|
|-heal|p1a: Step_Bro_im_stuck|85/100|[from] item: Leftovers
|-damage|p2a: Dragapult|95/100 brn|[from] brn
|upkeep
|turn|2
|
|t:|1776108588
|move|p2a: Dragapult|Shadow Ball|p1a: Step_Bro_im_stuck
|-damage|p1a: Step_Bro_im_stuck|29/100
|move|p1a: Step_Bro_im_stuck|Volt Switch|p2a: Dragapult
|-resisted|p2a: Dragapult
|-damage|p2a: Dragapult|70/100 brn
|
|t:|1776108600
|switch|p1a: Conner|Slowbro, M, shiny|100/100|[from] Volt Switch
|
|-damage|p2a: Dragapult|64/100 brn|[from] brn
|upkeep
|turn|3
|
|t:|1776108613
|move|p2a: Dragapult|Shadow Ball|p1a: Conner
|-supereffective|p1a: Conner
|-damage|p1a: Conner|24/100
|move|p1a: Conner|Calm Mind|p1a: Conner
|-boost|p1a: Conner|spa|1
|-boost|p1a: Conner|spd|1
|
|-damage|p2a: Dragapult|58/100 brn|[from] brn
|upkeep
|turn|4
|
|t:|1776108622
|-terastallize|p1a: Conner|Steel
|move|p2a: Dragapult|Shadow Ball|p1a: Conner
|-damage|p1a: Conner|0 fnt
|faint|p1a: Conner
|
|-damage|p2a: Dragapult|52/100 brn|[from] brn
|upkeep
|
|t:|1776108634
|switch|p1a: Ur Momma|Emboar, F|100/100
|turn|5
|
|t:|1776108639
|switch|p2a: Landorus|Landorus-Therian, M|100/100
|-ability|p2a: Landorus|Intimidate|boost
|-unboost|p1a: Ur Momma|atk|1
|move|p1a: Ur Momma|Flare Blitz|p2a: Landorus
|-damage|p2a: Landorus|47/100
|-damage|p1a: Ur Momma|84/100|[from] item: Rocky Helmet|[of] p2a: Landorus
|-damage|p1a: Ur Momma|65/100|[from] Recoil
|
|upkeep
|turn|6
|
|t:|1776108647
|move|p1a: Ur Momma|Flare Blitz|p2a: Landorus
|-damage|p2a: Landorus|0 fnt
|-damage|p1a: Ur Momma|49/100|[from] item: Rocky Helmet|[of] p2a: Landorus
|faint|p2a: Landorus
|-damage|p1a: Ur Momma|33/100|[from] Recoil
|
|upkeep
|
|t:|1776108651
|switch|p2a: Glimmora|Glimmora, F|100/100
|turn|7
|
|t:|1776108657
|move|p1a: Ur Momma|Flare Blitz|p2a: Glimmora
|-resisted|p2a: Glimmora
|-damage|p2a: Glimmora|67/100
|-activate|p2a: Glimmora|ability: Toxic Debris
|-sidestart|p1: BuffCacture|move: Toxic Spikes
|-damage|p1a: Ur Momma|23/100|[from] Recoil
|move|p2a: Glimmora|Earth Power|p1a: Ur Momma
|-supereffective|p1a: Ur Momma
|-damage|p1a: Ur Momma|0 fnt
|faint|p1a: Ur Momma
|
|upkeep
|
|t:|1776108667
|switch|p1a: Step_Bro_im_stuck|Rotom-Wash|29/100
|turn|8
|
|t:|1776108671
|switch|p2a: Dragapult|Dragapult, F|52/100 brn
|move|p1a: Step_Bro_im_stuck|Hydro Pump|p2a: Dragapult
|-resisted|p2a: Dragapult
|-damage|p2a: Dragapult|12/100 brn
|
|-heal|p1a: Step_Bro_im_stuck|36/100|[from] item: Leftovers
|-damage|p2a: Dragapult|6/100 brn|[from] brn
|upkeep
|turn|9
|
|t:|1776108681
|move|p2a: Dragapult|Shadow Ball|p1a: Step_Bro_im_stuck
|-damage|p1a: Step_Bro_im_stuck|0 fnt
|faint|p1a: Step_Bro_im_stuck
|
|-damage|p2a: Dragapult|0 fnt|[from] brn
|faint|p2a: Dragapult
|upkeep
|
|t:|1776108692
|switch|p2a: Kingambit|Kingambit, M|100/100
|switch|p1a: Domintrix|Tinkaton, F|100/100
|-ability|p1a: Domintrix|Mold Breaker
|-activate|p2a: Kingambit|ability: Supreme Overlord
|-start|p2a: Kingambit|fallen2|[silent]
|turn|10
|
|t:|1776108706
|move|p1a: Domintrix|Thunder Wave|p2a: Kingambit
|-status|p2a: Kingambit|par
|cant|p2a: Kingambit|par
|
|upkeep
|turn|11
|
|t:|1776108716
|move|p1a: Domintrix|Gigaton Hammer|p2a: Kingambit
|-resisted|p2a: Kingambit
|-damage|p2a: Kingambit|77/100 par
|move|p2a: Kingambit|Iron Head|p1a: Domintrix
|-damage|p1a: Domintrix|40/100
|
|-heal|p2a: Kingambit|83/100 par|[from] item: Leftovers
|upkeep
|turn|12
|
|t:|1776108728
|move|p1a: Domintrix|Swords Dance|p1a: Domintrix
|-boost|p1a: Domintrix|atk|2
|move|p2a: Kingambit|Iron Head|p1a: Domintrix
|-crit|p1a: Domintrix
|-damage|p1a: Domintrix|0 fnt
|faint|p1a: Domintrix
|
|-heal|p2a: Kingambit|89/100 par|[from] item: Leftovers
|upkeep
|
|t:|1776108735
|switch|p1a: Up in Smoke|Drifblim, M|100/100
|turn|13
|
|t:|1776108738
|move|p1a: Up in Smoke|Defog|p2a: Kingambit
|-unboost|p2a: Kingambit|evasion|1
|-sideend|p1: BuffCacture|Toxic Spikes|[from] move: Defog|[of] p1a: Up in Smoke
|cant|p2a: Kingambit|par
|
|-heal|p2a: Kingambit|95/100 par|[from] item: Leftovers
|-status|p1a: Up in Smoke|brn|[from] item: Flame Orb
|upkeep
|turn|14
|
|t:|1776108746
|move|p1a: Up in Smoke|Calm Mind|p1a: Up in Smoke
|-boost|p1a: Up in Smoke|spa|1
|-boost|p1a: Up in Smoke|spd|1
|move|p2a: Kingambit|Kowtow Cleave|p1a: Up in Smoke
|-supereffective|p1a: Up in Smoke
|-damage|p1a: Up in Smoke|0 fnt
|faint|p1a: Up in Smoke
|
|-heal|p2a: Kingambit|100/100 par|[from] item: Leftovers
|upkeep
|
|t:|1776108755
|switch|p1a: Buff Cacture|Cacturne, M|100/100
|turn|15
|
|t:|1776108772
|move|p1a: Buff Cacture|Swords Dance|p1a: Buff Cacture
|-boost|p1a: Buff Cacture|atk|2
|move|p2a: Kingambit|Iron Head|p1a: Buff Cacture
|-crit|p1a: Buff Cacture
|-enditem|p1a: Buff Cacture|Focus Sash
|-damage|p1a: Buff Cacture|1/100
|
|upkeep
|turn|16
|-message|BuffCacture forfeited.
|
|win|Toto2002
|raw|BuffCacture's rating: 1248 &rarr; <strong>1222</strong><br />(-26 for losing)
|raw|Toto2002's rating: 1232 &rarr; <strong>1258</strong><br />(+26 for winning)
|l|☆BuffCacture
|player|p1|
|l|☆Toto2002
|player|p2|
