|html|<div class="broadcast-blue"><strong>[Gen 9] OU is currently suspecting Tera Blast! For information on how to participate check out the <a href="https://www.smogon.com/tools/suspects/view/200">suspect thread</a>.</strong></div>
|j|☆HigherThanRotom-F
|j|☆ceo o wo chien
|t:|1776052800
|gametype|singles
|player|p1|HigherThanRotom-F|zinnia|1704
|player|p2|ceo o wo chien|fisherman-gen4|1731
|gen|9
|tier|[Gen 9] OU
|rated|
|rule|HP Percentage Mod: HP is shown in percentages
|rule|Endless Battle Clause: Forcing endless battles is banned
|rule|Species Clause: Limit one of each Pokémon
|rule|OHKO Clause: OHKO moves are banned
|rule|Evasion Items Clause: Evasion items are banned
|rule|Evasion Moves Clause: Evasion moves are banned
|rule|Evasion Abilities Clause: Evasion abilities are banned
|rule|Sleep Moves Clause: Sleep-inducing moves are banned
|clearpoke
|poke|p1|Pelipper, F|
|poke|p1|Raging Bolt|
|poke|p1|Overqwil, F|
|poke|p1|Barraskewda, F|
|poke|p1|Iron Treads|
|poke|p1|Kingambit, M|
|poke|p2|Wo-Chien|
|poke|p2|Clefable, M|
|poke|p2|Gholdengo|
|poke|p2|Great Tusk|
|poke|p2|Dragonite, F|
|poke|p2|Garganacl, M|
|teampreview
|inactive|Battle timer is ON: inactive players will automatically lose when time's up. (requested by ceo o wo chien)
|inactive|HigherThanRotom-F has 120 seconds left.
|inactive|HigherThanRotom-F has 90 seconds left.
|
|t:|1776052869
|teamsize|p1|6
|teamsize|p2|6
|start
|switch|p1a: Iron Treads|Iron Treads|100/100
|switch|p2a: Garganacl|Garganacl, M|100/100
|-enditem|p1a: Iron Treads|Booster Energy
|-activate|p1a: Iron Treads|ability: Quark Drive|[fromitem]
|-start|p1a: Iron Treads|quarkdrivespe
|turn|1
|
|t:|1776052876
|move|p1a: Iron Treads|Earth Power|p2a: Garganacl
|-supereffective|p2a: Garganacl
|-damage|p2a: Garganacl|57/100
|move|p2a: Garganacl|Salt Cure|p1a: Iron Treads
|-resisted|p1a: Iron Treads
|-damage|p1a: Iron Treads|97/100
|-start|p1a: Iron Treads|Salt Cure
|
|-heal|p2a: Garganacl|64/100|[from] item: Leftovers
|-damage|p1a: Iron Treads|72/100|[from] Salt Cure
|upkeep
|turn|2
|
|t:|1776052885
|move|p1a: Iron Treads|Stealth Rock|p2a: Garganacl
|-sidestart|p2: ceo o wo chien|move: Stealth Rock
|move|p2a: Garganacl|Recover|p2a: Garganacl
|-heal|p2a: Garganacl|100/100
|
|-damage|p1a: Iron Treads|48/100|[from] Salt Cure
|upkeep
|turn|3
|
|t:|1776052899
|move|p1a: Iron Treads|Steel Beam|p2a: Garganacl
|-supereffective|p2a: Garganacl
|-damage|p2a: Garganacl|24/100
|-damage|p1a: Iron Treads|0 fnt|[from] steelbeam
|faint|p1a: Iron Treads
|-end|p1a: Iron Treads|Quark Drive|[silent]
|move|p2a: Garganacl|Recover|p2a: Garganacl
|-heal|p2a: Garganacl|74/100
|
|-heal|p2a: Garganacl|80/100|[from] item: Leftovers
|upkeep
|
|t:|1776052916
|switch|p1a: Barraskewda|Barraskewda, F|100/100
|turn|4
|j| Sweating for ls
|
|t:|1776052920
|-terastallize|p2a: Garganacl|Water
|move|p1a: Barraskewda|Flip Turn|p2a: Garganacl
|-resisted|p2a: Garganacl
|-damage|p2a: Garganacl|65/100
|j| WZKL
|l| WZKL
|
|t:|1776052936
|switch|p1a: Raging Bolt|Raging Bolt|100/100|[from] Flip Turn
|-enditem|p1a: Raging Bolt|Booster Energy
|-activate|p1a: Raging Bolt|ability: Protosynthesis|[fromitem]
|-start|p1a: Raging Bolt|protosynthesisspa
|move|p2a: Garganacl|Salt Cure|p1a: Raging Bolt
|-damage|p1a: Raging Bolt|89/100
|-start|p1a: Raging Bolt|Salt Cure
|
|-heal|p2a: Garganacl|71/100|[from] item: Leftovers
|-damage|p1a: Raging Bolt|77/100|[from] Salt Cure
|upkeep
|turn|5
|
|t:|1776052944
|-end|p1a: Raging Bolt|Protosynthesis|[silent]
|switch|p1a: Pelipper|Pelipper, F|100/100
|-weather|RainDance|[from] ability: Drizzle|[of] p1a: Pelipper
|switch|p2a: Escargoat|Wo-Chien|100/100
|-damage|p2a: Escargoat|88/100|[from] Stealth Rock
|-ability|p2a: Escargoat|Tablets of Ruin
|
|-weather|RainDance|[upkeep]
|-heal|p2a: Escargoat|94/100|[from] item: Leftovers
|upkeep
|turn|6
|
|t:|1776052948
|move|p2a: Escargoat|Stun Spore|p1a: Pelipper
|-status|p1a: Pelipper|par
|move|p1a: Pelipper|U-turn|p2a: Escargoat
|-supereffective|p2a: Escargoat
|-damage|p2a: Escargoat|74/100
|j| Afrojolote
|
|t:|1776052974
|switch|p1a: Raging Bolt|Raging Bolt|77/100|[from] U-turn
|
|-weather|RainDance|[upkeep]
|-heal|p2a: Escargoat|80/100|[from] item: Leftovers
|upkeep
|turn|7
|
|t:|1776052978
|move|p2a: Escargoat|Protect|p2a: Escargoat
|-singleturn|p2a: Escargoat|Protect
|move|p1a: Raging Bolt|Draco Meteor|p2a: Escargoat
|-activate|p2a: Escargoat|move: Protect
|
|-weather|RainDance|[upkeep]
|-heal|p2a: Escargoat|86/100|[from] item: Leftovers
|upkeep
|turn|8
|
|t:|1776052981
|move|p1a: Raging Bolt|Draco Meteor|p2a: Escargoat
|-damage|p2a: Escargoat|28/100
|-unboost|p1a: Raging Bolt|spa|2
|move|p2a: Escargoat|Leech Seed|p1a: Raging Bolt
|-start|p1a: Raging Bolt|move: Leech Seed
|
|-weather|RainDance|[upkeep]
|-heal|p2a: Escargoat|34/100|[from] item: Leftovers
|-damage|p1a: Raging Bolt|64/100|[from] Leech Seed|[of] p2a: Escargoat
|-heal|p2a: Escargoat|48/100|[silent]
|upkeep
|turn|9
|l| Sweating for ls
|
|t:|1776053003
|-end|p1a: Raging Bolt|Protosynthesis|[silent]
|switch|p1a: Barraskewda|Barraskewda, F|100/100
|move|p2a: Escargoat|Leech Seed|p1a: Barraskewda
|-start|p1a: Barraskewda|move: Leech Seed
|
|-weather|RainDance|[upkeep]
|-heal|p2a: Escargoat|54/100|[from] item: Leftovers
|-damage|p1a: Barraskewda|88/100|[from] Leech Seed|[of] p2a: Escargoat
|-heal|p2a: Escargoat|63/100|[silent]
|upkeep
|turn|10
|
|t:|1776053009
|switch|p1a: Overqwil|Overqwil, F|100/100
|move|p2a: Escargoat|Protect||[still]
|-fail|p2a: Escargoat
|
|-weather|RainDance|[upkeep]
|-heal|p2a: Escargoat|69/100|[from] item: Leftovers
|upkeep
|turn|11
|j| peneplain
|
|t:|1776053015
|move|p1a: Overqwil|Gunk Shot|p2a: Escargoat
|-supereffective|p2a: Escargoat
|-damage|p2a: Escargoat|0 fnt
|faint|p2a: Escargoat
|-damage|p1a: Overqwil|91/100|[from] item: Life Orb
|
|-weather|RainDance|[upkeep]
|upkeep
|
|t:|1776053020
|switch|p2a: Great Tusk|Great Tusk|100/100
|turn|12
|
|t:|1776053023
|move|p1a: Overqwil|Liquidation|p2a: Great Tusk
|-supereffective|p2a: Great Tusk
|-damage|p2a: Great Tusk|16/100
|-damage|p1a: Overqwil|81/100|[from] item: Life Orb
|move|p2a: Great Tusk|Rapid Spin|p1a: Overqwil
|-damage|p1a: Overqwil|60/100
|-boost|p2a: Great Tusk|spe|1
|-sideend|p2: ceo o wo chien|Stealth Rock|[from] move: Rapid Spin|[of] p2a: Great Tusk
|
|-weather|none
|upkeep
|turn|13
|
|t:|1776053028
|switch|p1a: Pelipper|Pelipper, F|100/100 par
|-weather|RainDance|[from] ability: Drizzle|[of] p1a: Pelipper
|move|p2a: Great Tusk|Knock Off|p1a: Pelipper
|-damage|p1a: Pelipper|75/100 par
|-enditem|p1a: Pelipper|Damp Rock|[from] move: Knock Off|[of] p2a: Great Tusk
|
|-weather|RainDance|[upkeep]
|upkeep
|turn|14
|
|t:|1776053035
|-end|p2a: Great Tusk|Protosynthesis|[silent]
|switch|p2a: Garganacl|Garganacl, M, tera:Water|71/100
|move|p1a: Pelipper|U-turn|p2a: Garganacl
|-damage|p2a: Garganacl|65/100
|
|t:|1776053048
|switch|p1a: Raging Bolt|Raging Bolt|64/100|[from] U-turn
|
|-weather|RainDance|[upkeep]
|-heal|p2a: Garganacl|71/100|[from] item: Leftovers
|upkeep
|turn|15
|j| kindnessalwayswins
|
|t:|1776053056
|move|p2a: Garganacl|Protect|p2a: Garganacl
|-singleturn|p2a: Garganacl|Protect
|move|p1a: Raging Bolt|Thunder|p2a: Garganacl
|-activate|p2a: Garganacl|move: Protect
|
|-weather|RainDance|[upkeep]
|-heal|p2a: Garganacl|77/100|[from] item: Leftovers
|upkeep
|turn|16
|
|t:|1776053059
|switch|p2a: Young Money|Gholdengo|100/100
|move|p1a: Raging Bolt|Thunder|p2a: Young Money
|-crit|p2a: Young Money
|-damage|p2a: Young Money|0 fnt
|faint|p2a: Young Money
|
|-weather|RainDance|[upkeep]
|upkeep
|
|t:|1776053061
|switch|p2a: Great Tusk|Great Tusk|16/100
|turn|17
|
|t:|1776053073
|-end|p1a: Raging Bolt|Protosynthesis|[silent]
|switch|p1a: Pelipper|Pelipper, F|75/100 par
|move|p2a: Great Tusk|Headlong Rush|p1a: Pelipper
|-immune|p1a: Pelipper
|
|-weather|RainDance|[upkeep]
|upkeep
|turn|18
|
|t:|1776053077
|-end|p2a: Great Tusk|Protosynthesis|[silent]
|switch|p2a: Garganacl|Garganacl, M, tera:Water|77/100
|cant|p1a: Pelipper|par
|
|-weather|RainDance|[upkeep]
|-heal|p2a: Garganacl|83/100|[from] item: Leftovers
|upkeep
|turn|19
|
|t:|1776053080
|move|p2a: Garganacl|Stealth Rock|p1a: Pelipper
|-sidestart|p1: HigherThanRotom-F|move: Stealth Rock
|cant|p1a: Pelipper|par
|
|-weather|RainDance|[upkeep]
|-heal|p2a: Garganacl|90/100|[from] item: Leftovers
|upkeep
|turn|20
|
|t:|1776053085
|move|p2a: Garganacl|Salt Cure|p1a: Pelipper
|-supereffective|p1a: Pelipper
|-damage|p1a: Pelipper|53/100 par
|-start|p1a: Pelipper|Salt Cure
|move|p1a: Pelipper|U-turn|p2a: Garganacl
|-damage|p2a: Garganacl|83/100
|
|t:|1776053088
|switch|p1a: Raging Bolt|Raging Bolt|64/100|[from] U-turn
|-damage|p1a: Raging Bolt|52/100|[from] Stealth Rock
|
|-weather|none
|-heal|p2a: Garganacl|90/100|[from] item: Leftovers
|upkeep
|turn|21
|
|t:|1776053092
|move|p1a: Raging Bolt|Thunder|p2a: Garganacl
|-supereffective|p2a: Garganacl
|-damage|p2a: Garganacl|10/100
|move|p2a: Garganacl|Salt Cure|p1a: Raging Bolt
|-crit|p1a: Raging Bolt
|-damage|p1a: Raging Bolt|35/100
|-start|p1a: Raging Bolt|Salt Cure
|
|-heal|p2a: Garganacl|17/100|[from] item: Leftovers
|-damage|p1a: Raging Bolt|22/100|[from] Salt Cure
|upkeep
|turn|22
|
|t:|1776053098
|move|p1a: Raging Bolt|Draco Meteor|p2a: Garganacl
|-damage|p2a: Garganacl|0 fnt
|-unboost|p1a: Raging Bolt|spa|2
|faint|p2a: Garganacl
|
|-damage|p1a: Raging Bolt|10/100|[from] Salt Cure
|upkeep
|
|t:|1776053103
|switch|p2a: Great Tusk|Great Tusk|16/100
|turn|23
|
|t:|1776053107
|move|p2a: Great Tusk|Rapid Spin|p1a: Raging Bolt
|-damage|p1a: Raging Bolt|0 fnt
|-boost|p2a: Great Tusk|spe|1
|faint|p1a: Raging Bolt
|-end|p1a: Raging Bolt|Protosynthesis|[silent]
|
|upkeep
|
|t:|1776053116
|switch|p1a: Pelipper|Pelipper, F|53/100 par
|-damage|p1a: Pelipper|28/100 par|[from] Stealth Rock
|-weather|RainDance|[from] ability: Drizzle|[of] p1a: Pelipper
|turn|24
|
|t:|1776053119
|move|p2a: Great Tusk|Rapid Spin|p1a: Pelipper
|-damage|p1a: Pelipper|15/100 par
|-boost|p2a: Great Tusk|spe|1
|move|p1a: Pelipper|U-turn|p2a: Great Tusk
|-resisted|p2a: Great Tusk
|-damage|p2a: Great Tusk|13/100
|
|t:|1776053123
|switch|p1a: Barraskewda|Barraskewda, F|88/100|[from] U-turn
|-damage|p1a: Barraskewda|75/100|[from] Stealth Rock
|
|-weather|RainDance|[upkeep]
|upkeep
|turn|25
|
|t:|1776053125
|move|p1a: Barraskewda|Liquidation|p2a: Great Tusk
|-supereffective|p2a: Great Tusk
|-damage|p2a: Great Tusk|0 fnt
|faint|p2a: Great Tusk
|-end|p2a: Great Tusk|Protosynthesis|[silent]
|
|-weather|RainDance|[upkeep]
|upkeep
|j| Kyurem
|
|t:|1776053129
|switch|p2a: Dragonite|Dragonite, F|100/100
|turn|26
|
|t:|1776053135
|move|p1a: Barraskewda|Liquidation|p2a: Dragonite
|-resisted|p2a: Dragonite
|-damage|p2a: Dragonite|75/100
|move|p2a: Dragonite|Dragon Dance|p2a: Dragonite
|-boost|p2a: Dragonite|atk|1
|-boost|p2a: Dragonite|spe|1
|
|-weather|RainDance|[upkeep]
|upkeep
|turn|27
|
|t:|1776053143
|move|p1a: Barraskewda|Liquidation|p2a: Dragonite
|-resisted|p2a: Dragonite
|-damage|p2a: Dragonite|23/100
|move|p2a: Dragonite|Roost|p2a: Dragonite
|-heal|p2a: Dragonite|74/100
|-singleturn|p2a: Dragonite|move: Roost
|
|-weather|RainDance|[upkeep]
|upkeep
|turn|28
|
|t:|1776053148
|-terastallize|p1a: Barraskewda|Water
|move|p1a: Barraskewda|Liquidation|p2a: Dragonite
|-resisted|p2a: Dragonite
|-damage|p2a: Dragonite|0 fnt
|faint|p2a: Dragonite
|
|-weather|none
|upkeep
|-message|ceo o wo chien forfeited.
|
|win|HigherThanRotom-F
|raw|HigherThanRotom-F's rating: 1704 &rarr; <strong>1726</strong><br />(+22 for winning)
|raw|ceo o wo chien's rating: 1731 &rarr; <strong>1709</strong><br />(-22 for losing)
|l|☆ceo o wo chien
|player|p2|
|l| Kyurem
|l|☆HigherThanRotom-F
|player|p1|
|l| peneplain
|l| Afrojolote
