|html|<div class="broadcast-blue"><strong>[Gen 9] OU is currently suspecting Volcarona! For information on how to participate check out the <a href="https://www.smogon.com/tools/suspects/view/208">suspect thread</a>.</strong></div>
|j|☆Dragonzord6
|j|☆xp180
|t:|1778507920
|gametype|singles
|player|p1|Dragonzord6|byron|1553
|player|p2|xp180|101|1549
|gen|9
|tier|[Gen 9] OU
|rated|
|rule|HP Percentage Mod: HP is shown in percentages
|rule|Endless Battle Clause: Forcing endless battles is banned
|rule|Species Clause: Limit one of each Pokémon
|rule|OHKO Clause: OHKO moves are banned
|rule|Evasion Items Clause: Evasion items are banned
|rule|Evasion Moves Clause: Evasion moves are banned
|rule|Evasion Abilities Clause: Evasion abilities are banned
|rule|Sleep Moves Clause: Sleep-inducing moves are banned
|clearpoke
|poke|p1|Pelipper, M|
|poke|p1|Kingdra, M|
|poke|p1|Iron Treads|
|poke|p1|Raging Bolt|
|poke|p1|Barraskewda, M|
|poke|p1|Kyurem|
|poke|p2|Araquanid, M|
|poke|p2|Gholdengo|
|poke|p2|Raging Bolt|
|poke|p2|Iron Valiant|
|poke|p2|Ceruledge, M|
|poke|p2|Deoxys-Speed|
|teampreview
|
|t:|1778507923
|teamsize|p1|6
|teamsize|p2|6
|start
|switch|p1a: Pelipper|Pelipper, M, shiny|100/100
|switch|p2a: Araquanid|Araquanid, M|100/100
|-weather|RainDance|[from] ability: Drizzle|[of] p1a: Pelipper
|turn|1
|
|t:|1778507931
|move|p1a: Pelipper|Hurricane|p2a: Araquanid
|-supereffective|p2a: Araquanid
|-damage|p2a: Araquanid|54/100
|move|p2a: Araquanid|Sticky Web|p1a: Pelipper
|-sidestart|p1: Dragonzord6|move: Sticky Web
|
|-weather|RainDance|[upkeep]
|upkeep
|turn|2
|j| Fat_Yogi
|
|t:|1778507938
|move|p1a: Pelipper|Hurricane|p2a: Araquanid
|-supereffective|p2a: Araquanid
|-damage|p2a: Araquanid|6/100
|move|p2a: Araquanid|Lunge|p1a: Pelipper
|-resisted|p1a: Pelipper
|-damage|p1a: Pelipper|93/100
|-unboost|p1a: Pelipper|atk|1
|
|-weather|RainDance|[upkeep]
|upkeep
|turn|3
|j| I registered this
|-enditem|p2a: Araquanid|Custap Berry|[eat]
|-activate|p2a: Araquanid|item: Custap Berry|[consumed]
|
|t:|1778507948
|move|p2a: Araquanid|Surf|p1a: Pelipper
|-resisted|p1a: Pelipper
|-damage|p1a: Pelipper|47/100
|move|p1a: Pelipper|U-turn|p2a: Araquanid
|-damage|p2a: Araquanid|0 fnt
|faint|p2a: Araquanid
|
|t:|1778507959
|switch|p1a: Raging Bolt|Raging Bolt|100/100|[from] U-turn
|-activate|p1a: Raging Bolt|move: Sticky Web
|-unboost|p1a: Raging Bolt|spe|1
|
|-weather|RainDance|[upkeep]
|upkeep
|
|t:|1778507965
|switch|p2a: Iron Valiant|Iron Valiant|100/100
|-enditem|p2a: Iron Valiant|Booster Energy
|-activate|p2a: Iron Valiant|ability: Quark Drive|[fromitem]
|-start|p2a: Iron Valiant|quarkdrivespa
|turn|4
|
|t:|1778507974
|-terastallize|p1a: Raging Bolt|Fairy
|move|p2a: Iron Valiant|Moonblast|p1a: Raging Bolt
|-damage|p1a: Raging Bolt|60/100
|move|p1a: Raging Bolt|Thunder|p2a: Iron Valiant
|-crit|p2a: Iron Valiant
|-damage|p2a: Iron Valiant|0 fnt
|faint|p2a: Iron Valiant
|-end|p2a: Iron Valiant|Quark Drive|[silent]
|
|-weather|RainDance|[upkeep]
|upkeep
|
|t:|1778507981
|switch|p2a: Raging Bolt|Raging Bolt|100/100
|-enditem|p2a: Raging Bolt|Booster Energy
|-activate|p2a: Raging Bolt|ability: Protosynthesis|[fromitem]
|-start|p2a: Raging Bolt|protosynthesisspa
|turn|5
|j| shadowisp
|
|t:|1778507989
|move|p2a: Raging Bolt|Calm Mind|p2a: Raging Bolt
|-boost|p2a: Raging Bolt|spa|1
|-boost|p2a: Raging Bolt|spd|1
|move|p1a: Raging Bolt|Dragon Pulse|p2a: Raging Bolt
|-supereffective|p2a: Raging Bolt
|-damage|p2a: Raging Bolt|36/100
|
|-weather|RainDance|[upkeep]
|upkeep
|turn|6
|l| I registered this
|
|t:|1778507997
|move|p2a: Raging Bolt|Thunderbolt|p1a: Raging Bolt
|-damage|p1a: Raging Bolt|0 fnt
|faint|p1a: Raging Bolt
|-end|p1a: Raging Bolt|Protosynthesis|[silent]
|
|-weather|RainDance|[upkeep]
|upkeep
|
|t:|1778508003
|switch|p1a: Iron Treads|Iron Treads|100/100
|-activate|p1a: Iron Treads|move: Sticky Web
|-unboost|p1a: Iron Treads|spe|1
|-enditem|p1a: Iron Treads|Booster Energy
|-activate|p1a: Iron Treads|ability: Quark Drive|[fromitem]
|-start|p1a: Iron Treads|quarkdrivedef
|turn|7
|j| I registered this
|
|t:|1778508010
|-end|p2a: Raging Bolt|Protosynthesis|[silent]
|switch|p2a: Gholdengo|Gholdengo|100/100
|-item|p2a: Gholdengo|Air Balloon
|move|p1a: Iron Treads|Earth Power|p2a: Gholdengo
|-immune|p2a: Gholdengo
|
|-weather|RainDance|[upkeep]
|upkeep
|turn|8
|
|t:|1778508019
|move|p2a: Gholdengo|Shadow Ball|p1a: Iron Treads
|-damage|p1a: Iron Treads|31/100
|move|p1a: Iron Treads|Stealth Rock|p2a: Gholdengo
|-sidestart|p2: xp180|move: Stealth Rock
|
|-weather|none
|upkeep
|turn|9
|
|t:|1778508031
|-end|p1a: Iron Treads|Quark Drive|[silent]
|switch|p1a: Pelipper|Pelipper, M, shiny|47/100
|-weather|RainDance|[from] ability: Drizzle|[of] p1a: Pelipper
|move|p2a: Gholdengo|Shadow Ball|p1a: Pelipper
|-damage|p1a: Pelipper|0 fnt
|faint|p1a: Pelipper
|
|-weather|RainDance|[upkeep]
|upkeep
|
|t:|1778508047
|switch|p1a: Kingdra|Kingdra, M, shiny|100/100
|-activate|p1a: Kingdra|move: Sticky Web
|-unboost|p1a: Kingdra|spe|1
|turn|10
|l| Fat_Yogi
|j| Fat_Yogi
|
|t:|1778508053
|move|p1a: Kingdra|Weather Ball|p2a: Gholdengo
|-damage|p2a: Gholdengo|0 fnt
|-enditem|p2a: Gholdengo|Air Balloon
|faint|p2a: Gholdengo
|
|-weather|RainDance|[upkeep]
|upkeep
|
|t:|1778508060
|switch|p2a: Raging Bolt|Raging Bolt|36/100
|-damage|p2a: Raging Bolt|24/100|[from] Stealth Rock
|turn|11
|
|t:|1778508065
|move|p2a: Raging Bolt|Thunderclap|p1a: Kingdra
|-damage|p1a: Kingdra|55/100
|move|p1a: Kingdra|Weather Ball|p2a: Raging Bolt
|-resisted|p2a: Raging Bolt
|-damage|p2a: Raging Bolt|0 fnt
|faint|p2a: Raging Bolt
|-end|p2a: Raging Bolt|Protosynthesis|[silent]
|
|-weather|RainDance|[upkeep]
|upkeep
|
|t:|1778508071
|switch|p2a: Deoxys|Deoxys-Speed|100/100
|-damage|p2a: Deoxys|88/100|[from] Stealth Rock
|-ability|p2a: Deoxys|Pressure
|turn|12
|
|t:|1778508078
|move|p2a: Deoxys|Psycho Boost|p1a: Kingdra
|-damage|p1a: Kingdra|0 fnt
|-unboost|p2a: Deoxys|spa|2
|faint|p1a: Kingdra
|-damage|p2a: Deoxys|79/100|[from] item: Life Orb
|
|-weather|RainDance|[upkeep]
|upkeep
|
|t:|1778508088
|switch|p1a: Barraskewda|Barraskewda, M, shiny|100/100
|-activate|p1a: Barraskewda|move: Sticky Web
|-unboost|p1a: Barraskewda|spe|1
|turn|13
|
|t:|1778508096
|move|p1a: Barraskewda|Aqua Jet|p2a: Deoxys
|-damage|p2a: Deoxys|9/100
|move|p2a: Deoxys|Psycho Boost|p1a: Barraskewda
|-damage|p1a: Barraskewda|8/100
|-unboost|p2a: Deoxys|spa|2
|-damage|p2a: Deoxys|0 fnt|[from] item: Life Orb
|faint|p2a: Deoxys
|
|-weather|RainDance|[upkeep]
|upkeep
|
|t:|1778508099
|switch|p2a: Ceruledge|Ceruledge, M|100/100
|-damage|p2a: Ceruledge|76/100|[from] Stealth Rock
|turn|14
|j| foxi4
|
|t:|1778508111
|-terastallize|p2a: Ceruledge|Grass
|move|p1a: Barraskewda|Aqua Jet|p2a: Ceruledge
|-resisted|p2a: Ceruledge
|-damage|p2a: Ceruledge|44/100
|-ability|p2a: Ceruledge|Weak Armor|boost
|-unboost|p2a: Ceruledge|def|1
|-boost|p2a: Ceruledge|spe|2
|move|p2a: Ceruledge|Shadow Sneak|p1a: Barraskewda
|-damage|p1a: Barraskewda|0 fnt
|faint|p1a: Barraskewda
|
|-weather|RainDance|[upkeep]
|upkeep
|
|t:|1778508124
|switch|p1a: Kyurem|Kyurem, shiny|100/100
|-activate|p1a: Kyurem|move: Sticky Web
|-unboost|p1a: Kyurem|spe|1
|-ability|p1a: Kyurem|Pressure
|turn|15
|
|t:|1778508130
|move|p2a: Ceruledge|Bitter Blade|p1a: Kyurem
|-damage|p1a: Kyurem|76/100
|-heal|p2a: Ceruledge|61/100|[from] drain|[of] p1a: Kyurem
|move|p1a: Kyurem|Ice Beam|p2a: Ceruledge
|-supereffective|p2a: Ceruledge
|-damage|p2a: Ceruledge|0 fnt
|faint|p2a: Ceruledge
|
|win|Dragonzord6
|raw|Dragonzord6's rating: 1553 &rarr; <strong>1573</strong><br />(+20 for winning)
|raw|xp180's rating: 1549 &rarr; <strong>1529</strong><br />(-20 for losing)
|l|☆xp180
|player|p2|
|l| Fat_Yogi
|l| I registered this
|l|☆Dragonzord6
|player|p1|
|l| foxi4
