|html|<div class="broadcast-blue"><strong>[Gen 9] OU is currently suspecting Tera Blast! For information on how to participate check out the <a href="https://www.smogon.com/tools/suspects/view/200">suspect thread</a>.</strong></div>
|j|☆Oxydeskyz
|j|☆64wasian
|t:|1776090432
|gametype|singles
|player|p1|Oxydeskyz|101|1359
|player|p2|64wasian|170|1348
|gen|9
|tier|[Gen 9] OU
|rated|
|rule|HP Percentage Mod: HP is shown in percentages
|rule|Endless Battle Clause: Forcing endless battles is banned
|rule|Species Clause: Limit one of each Pokémon
|rule|OHKO Clause: OHKO moves are banned
|rule|Evasion Items Clause: Evasion items are banned
|rule|Evasion Moves Clause: Evasion moves are banned
|rule|Evasion Abilities Clause: Evasion abilities are banned
|rule|Sleep Moves Clause: Sleep-inducing moves are banned
|clearpoke
|poke|p1|Gliscor, F|
|poke|p1|Landorus-Therian, M|
|poke|p1|Iron Valiant|
|poke|p1|Kyurem|
|poke|p1|Corviknight, F|
|poke|p1|Dragapult, M|
|poke|p2|Mew|
|poke|p2|Ceruledge, F|
|poke|p2|Glimmora, M|
|poke|p2|Raging Bolt|
|poke|p2|Goodra-Hisui, M|
|poke|p2|Donphan, F|
|teampreview
|
|t:|1776090469
|teamsize|p1|6
|teamsize|p2|6
|start
|switch|p1a: Kyurem|Kyurem|100/100
|switch|p2a: Glimmora|Glimmora, M|100/100
|-ability|p1a: Kyurem|Pressure
|turn|1
|
|t:|1776090481
|switch|p1a: Landorus|Landorus-Therian, M|100/100
|-ability|p1a: Landorus|Intimidate|boost
|-unboost|p2a: Glimmora|atk|1
|move|p2a: Glimmora|Mortal Spin|p1a: Landorus
|-resisted|p1a: Landorus
|-damage|p1a: Landorus|98/100
|-status|p1a: Landorus|psn
|
|-damage|p1a: Landorus|86/100 psn|[from] psn
|upkeep
|turn|2
|
|t:|1776090492
|move|p1a: Landorus|Earthquake|p2a: Glimmora
|-supereffective|p2a: Glimmora
|-enditem|p2a: Glimmora|Focus Sash
|-damage|p2a: Glimmora|1/100
|-activate|p2a: Glimmora|ability: Toxic Debris
|-sidestart|p1: Oxydeskyz|move: Toxic Spikes
|move|p2a: Glimmora|Stealth Rock|p1a: Landorus
|-sidestart|p1: Oxydeskyz|move: Stealth Rock
|
|-damage|p1a: Landorus|74/100 psn|[from] psn
|upkeep
|turn|3
|
|t:|1776090503
|move|p1a: Landorus|Earthquake|p2a: Glimmora
|-supereffective|p2a: Glimmora
|-damage|p2a: Glimmora|0 fnt
|-activate|p2a: Glimmora|ability: Toxic Debris
|-sidestart|p1: Oxydeskyz|move: Toxic Spikes
|faint|p2a: Glimmora
|
|-damage|p1a: Landorus|61/100 psn|[from] psn
|upkeep
|
|t:|1776090527
|switch|p2a: Goodra|Goodra-Hisui, M|100/100
|turn|4
|
|t:|1776090532
|move|p1a: Landorus|Earthquake|p2a: Goodra
|-supereffective|p2a: Goodra
|-damage|p2a: Goodra|0 fnt
|faint|p2a: Goodra
|
|-damage|p1a: Landorus|49/100 psn|[from] psn
|upkeep
|
|t:|1776090546
|switch|p2a: Mew|Mew|100/100
|turn|5
|
|t:|1776090550
|switch|p1a: Gliscor|Gliscor, F|100/100
|-damage|p1a: Gliscor|88/100|[from] Stealth Rock
|move|p2a: Mew|Dragon Dance|p2a: Mew
|-boost|p2a: Mew|atk|1
|-boost|p2a: Mew|spe|1
|
|-status|p1a: Gliscor|tox|[from] item: Toxic Orb
|upkeep
|turn|6
|
|t:|1776090559
|move|p2a: Mew|Dragon Dance|p2a: Mew
|-boost|p2a: Mew|atk|1
|-boost|p2a: Mew|spe|1
|move|p1a: Gliscor|Knock Off|p2a: Mew
|-supereffective|p2a: Mew
|-damage|p2a: Mew|56/100
|-enditem|p2a: Mew|Weakness Policy
|-boost|p2a: Mew|atk|2|[from] item: Weakness Policy
|-boost|p2a: Mew|spa|2|[from] item: Weakness Policy
|
|-heal|p1a: Gliscor|100/100 tox|[from] ability: Poison Heal
|upkeep
|turn|7
|
|t:|1776090576
|move|p2a: Mew|Psychic Fangs|p1a: Gliscor
|-damage|p1a: Gliscor|23/100 tox
|move|p1a: Gliscor|Toxic|p2a: Mew
|-status|p2a: Mew|tox
|-activate|p2a: Mew|ability: Synchronize
|-fail|p1a: Gliscor|tox
|
|-damage|p2a: Mew|50/100 tox|[from] psn
|-heal|p1a: Gliscor|35/100 tox|[from] ability: Poison Heal
|upkeep
|turn|8
|
|t:|1776090587
|switch|p1a: Landorus|Landorus-Therian, M|49/100 psn
|-damage|p1a: Landorus|37/100 psn|[from] Stealth Rock
|-ability|p1a: Landorus|Intimidate|boost
|-unboost|p2a: Mew|atk|1
|move|p2a: Mew|Psychic Fangs|p1a: Landorus
|-damage|p1a: Landorus|0 fnt
|faint|p1a: Landorus
|
|-damage|p2a: Mew|37/100 tox|[from] psn
|upkeep
|
|t:|1776090598
|switch|p1a: Corviknight|Corviknight, F|100/100
|-damage|p1a: Corviknight|88/100|[from] Stealth Rock
|-ability|p1a: Corviknight|Pressure
|turn|9
|
|t:|1776090605
|-terastallize|p2a: Mew|Fighting
|move|p2a: Mew|Drain Punch|p1a: Corviknight
|-damage|p1a: Corviknight|15/100
|-heal|p2a: Mew|80/100 tox|[from] drain|[of] p1a: Corviknight
|move|p1a: Corviknight|Defog|p2a: Mew
|-unboost|p2a: Mew|evasion|1
|-sideend|p1: Oxydeskyz|Toxic Spikes|[from] move: Defog|[of] p1a: Corviknight
|-sideend|p1: Oxydeskyz|Stealth Rock|[from] move: Defog|[of] p1a: Corviknight
|
|-heal|p1a: Corviknight|21/100|[from] item: Leftovers
|-damage|p2a: Mew|62/100 tox|[from] psn
|upkeep
|turn|10
|
|t:|1776090619
|switch|p1a: Gliscor|Gliscor, F|35/100 tox
|move|p2a: Mew|Drain Punch|p1a: Gliscor
|-resisted|p1a: Gliscor
|-damage|p1a: Gliscor|7/100 tox
|-heal|p2a: Mew|76/100 tox|[from] drain|[of] p1a: Gliscor
|
|-damage|p2a: Mew|52/100 tox|[from] psn
|-heal|p1a: Gliscor|19/100 tox|[from] ability: Poison Heal
|upkeep
|turn|11
|
|t:|1776090634
|switch|p1a: Corviknight|Corviknight, F|21/100
|-ability|p1a: Corviknight|Pressure
|move|p2a: Mew|Psychic Fangs|p1a: Corviknight
|-resisted|p1a: Corviknight
|-damage|p1a: Corviknight|0 fnt
|faint|p1a: Corviknight
|
|-damage|p2a: Mew|21/100 tox|[from] psn
|upkeep
|
|t:|1776090643
|switch|p1a: Gliscor|Gliscor, F|19/100 tox
|turn|12
|
|t:|1776090647
|move|p2a: Mew|Psychic Fangs|p1a: Gliscor
|-damage|p1a: Gliscor|0 fnt
|faint|p1a: Gliscor
|
|-damage|p2a: Mew|0 fnt|[from] psn
|faint|p2a: Mew
|upkeep
|
|t:|1776090661
|switch|p2a: Donphan|Donphan, F|100/100
|switch|p1a: Dragapult|Dragapult, M|100/100
|turn|13
|
|t:|1776090669
|move|p1a: Dragapult|Shadow Ball|p2a: Donphan
|-damage|p2a: Donphan|29/100
|move|p2a: Donphan|Knock Off|p1a: Dragapult
|-supereffective|p1a: Dragapult
|-damage|p1a: Dragapult|22/100
|-enditem|p1a: Dragapult|Choice Specs|[from] move: Knock Off|[of] p2a: Donphan
|
|-heal|p2a: Donphan|35/100|[from] item: Leftovers
|upkeep
|turn|14
|
|t:|1776090681
|move|p1a: Dragapult|Shadow Ball|p2a: Donphan
|-crit|p2a: Donphan
|-damage|p2a: Donphan|0 fnt
|faint|p2a: Donphan
|
|upkeep
|
|t:|1776090685
|switch|p2a: Ceruledge|Ceruledge, F|100/100
|turn|15
|
|t:|1776090689
|move|p2a: Ceruledge|Shadow Sneak|p1a: Dragapult
|-supereffective|p1a: Dragapult
|-damage|p1a: Dragapult|0 fnt
|faint|p1a: Dragapult
|
|upkeep
|
|t:|1776090696
|switch|p1a: Iron Valiant|Iron Valiant|100/100
|-enditem|p1a: Iron Valiant|Booster Energy
|-activate|p1a: Iron Valiant|ability: Quark Drive|[fromitem]
|-start|p1a: Iron Valiant|quarkdrivespe
|turn|16
|
|t:|1776090703
|move|p1a: Iron Valiant|Shadow Ball|p2a: Ceruledge
|-supereffective|p2a: Ceruledge
|-damage|p2a: Ceruledge|33/100
|move|p2a: Ceruledge|Swords Dance|p2a: Ceruledge
|-boost|p2a: Ceruledge|atk|2
|
|upkeep
|turn|17
|
|t:|1776090710
|move|p2a: Ceruledge|Shadow Sneak|p1a: Iron Valiant
|-damage|p1a: Iron Valiant|52/100
|move|p1a: Iron Valiant|Shadow Ball|p2a: Ceruledge
|-supereffective|p2a: Ceruledge
|-damage|p2a: Ceruledge|0 fnt
|faint|p2a: Ceruledge
|
|upkeep
|
|t:|1776090716
|switch|p2a: Raging Bolt|Raging Bolt|100/100
|-enditem|p2a: Raging Bolt|Booster Energy
|-activate|p2a: Raging Bolt|ability: Protosynthesis|[fromitem]
|-start|p2a: Raging Bolt|protosynthesisspa
|turn|18
|
|t:|1776090721
|move|p2a: Raging Bolt|Thunderclap|p1a: Iron Valiant
|-damage|p1a: Iron Valiant|0 fnt
|faint|p1a: Iron Valiant
|-end|p1a: Iron Valiant|Quark Drive|[silent]
|
|upkeep
|
|t:|1776090725
|switch|p1a: Kyurem|Kyurem|100/100
|-ability|p1a: Kyurem|Pressure
|turn|19
|
|t:|1776090735
|move|p1a: Kyurem|Icicle Spear|p2a: Raging Bolt
|-supereffective|p2a: Raging Bolt
|-damage|p2a: Raging Bolt|78/100
|-supereffective|p2a: Raging Bolt
|-damage|p2a: Raging Bolt|56/100
|-supereffective|p2a: Raging Bolt
|-damage|p2a: Raging Bolt|32/100
|-supereffective|p2a: Raging Bolt
|-damage|p2a: Raging Bolt|10/100
|-hitcount|p2a: Raging Bolt|4
|move|p2a: Raging Bolt|Dragon Pulse|p1a: Kyurem
|-supereffective|p1a: Kyurem
|-damage|p1a: Kyurem|0 fnt
|faint|p1a: Kyurem
|
|win|64wasian
|raw|Oxydeskyz's rating: 1359 &rarr; <strong>1338</strong><br />(-21 for losing)
|raw|64wasian's rating: 1348 &rarr; <strong>1369</strong><br />(+21 for winning)
|l|☆Oxydeskyz
|player|p1|
|l|☆64wasian
|player|p2|
