|html|<div class="broadcast-blue"><strong>[Gen 9] OU is currently suspecting Tera Blast! For information on how to participate check out the <a href="https://www.smogon.com/tools/suspects/view/200">suspect thread</a>.</strong></div>
|j|☆Yibril
|j|☆fat chuds inc.
|t:|1776113397
|gametype|singles
|player|p1|Yibril|ghetsis|1654
|player|p2|fat chuds inc.|collector|1672
|gen|9
|tier|[Gen 9] OU
|rated|
|rule|HP Percentage Mod: HP is shown in percentages
|rule|Endless Battle Clause: Forcing endless battles is banned
|rule|Species Clause: Limit one of each Pokémon
|rule|OHKO Clause: OHKO moves are banned
|rule|Evasion Items Clause: Evasion items are banned
|rule|Evasion Moves Clause: Evasion moves are banned
|rule|Evasion Abilities Clause: Evasion abilities are banned
|rule|Sleep Moves Clause: Sleep-inducing moves are banned
|clearpoke
|poke|p1|Dragapult, M|
|poke|p1|Great Tusk|
|poke|p1|Kingambit, F|
|poke|p1|Garganacl, F|
|poke|p1|Gholdengo|
|poke|p1|Dragonite, F|
|poke|p2|Grimmsnarl, M|
|poke|p2|Veluza, F|
|poke|p2|Great Tusk|
|poke|p2|Dragonite, M|
|poke|p2|Iron Moth|
|poke|p2|Maushold|
|teampreview
|j| ohko_smeargle
|inactive|Battle timer is ON: inactive players will automatically lose when time's up. (requested by Yibril)
|inactive|Yibril has 120 seconds left.
|inactive|Yibril has 90 seconds left.
|
|t:|1776113467
|teamsize|p1|6
|teamsize|p2|6
|start
|switch|p1a: Great Tusk|Great Tusk|100/100
|switch|p2a: Grimmsnarl|Grimmsnarl, M|100/100
|turn|1
|
|t:|1776113471
|move|p2a: Grimmsnarl|Reflect|p2a: Grimmsnarl
|-sidestart|p2: fat chuds inc.|Reflect
|move|p1a: Great Tusk|Knock Off|p2a: Grimmsnarl
|-resisted|p2a: Grimmsnarl
|-damage|p2a: Grimmsnarl|95/100
|-enditem|p2a: Grimmsnarl|Light Clay|[from] move: Knock Off|[of] p1a: Great Tusk
|
|upkeep
|turn|2
|
|t:|1776113477
|move|p2a: Grimmsnarl|Light Screen|p2a: Grimmsnarl
|-sidestart|p2: fat chuds inc.|move: Light Screen
|move|p1a: Great Tusk|Stealth Rock|p2a: Grimmsnarl
|-sidestart|p2: fat chuds inc.|move: Stealth Rock
|
|upkeep
|turn|3
|
|t:|1776113482
|move|p1a: Great Tusk|Headlong Rush|p2a: Grimmsnarl
|-damage|p2a: Grimmsnarl|57/100
|-unboost|p1a: Great Tusk|def|1
|-unboost|p1a: Great Tusk|spd|1
|move|p2a: Grimmsnarl|Spirit Break|p1a: Great Tusk
|-supereffective|p1a: Great Tusk
|-damage|p1a: Great Tusk|59/100
|-unboost|p1a: Great Tusk|spa|1
|
|-heal|p1a: Great Tusk|65/100|[from] item: Leftovers
|upkeep
|turn|4
|inactive|Yibril has 120 seconds left.
|
|t:|1776113540
|-end|p1a: Great Tusk|Protosynthesis|[silent]
|switch|p1a: Garganacl|Garganacl, F|100/100
|move|p2a: Grimmsnarl|Parting Shot|p1a: Garganacl
|-unboost|p1a: Garganacl|atk|1
|-unboost|p1a: Garganacl|spa|1
|
|t:|1776113556
|switch|p2a: Veluza|Veluza, F|100/100|[from] Parting Shot
|-damage|p2a: Veluza|88/100|[from] Stealth Rock
|-ability|p2a: Veluza|Mold Breaker
|
|-heal|p2a: Veluza|94/100|[from] item: Leftovers
|upkeep
|turn|5
|
|t:|1776113564
|switch|p1a: Gholdengo|Gholdengo|100/100
|move|p2a: Veluza|Fillet Away|p2a: Veluza
|-boost|p2a: Veluza|atk|2
|-boost|p2a: Veluza|spa|2
|-boost|p2a: Veluza|spe|2
|-damage|p2a: Veluza|44/100
|
|-heal|p2a: Veluza|50/100|[from] item: Leftovers
|upkeep
|turn|6
|
|t:|1776113570
|move|p2a: Veluza|Liquidation|p1a: Gholdengo
|-damage|p1a: Gholdengo|42/100
|move|p1a: Gholdengo|Shadow Ball|p2a: Veluza
|-supereffective|p2a: Veluza
|-damage|p2a: Veluza|0 fnt
|faint|p2a: Veluza
|
|-heal|p1a: Gholdengo|48/100|[from] item: Leftovers
|-sideend|p2: fat chuds inc.|move: Light Screen
|upkeep
|
|t:|1776113600
|switch|p2a: Dragonite|Dragonite, M|100/100
|turn|7
|
|t:|1776113606
|switch|p1a: Garganacl|Garganacl, F|100/100
|move|p2a: Dragonite|Earthquake|p1a: Garganacl
|-supereffective|p1a: Garganacl
|-damage|p1a: Garganacl|52/100
|
|-heal|p1a: Garganacl|58/100|[from] item: Leftovers
|upkeep
|turn|8
|
|t:|1776113612
|move|p2a: Dragonite|Dragon Dance|p2a: Dragonite
|-boost|p2a: Dragonite|atk|1
|-boost|p2a: Dragonite|spe|1
|move|p1a: Garganacl|Recover|p1a: Garganacl
|-heal|p1a: Garganacl|100/100
|
|-sideend|p2: fat chuds inc.|Reflect
|upkeep
|turn|9
|
|t:|1776113620
|switch|p1a: Dragonite|Dragonite, F|100/100
|move|p2a: Dragonite|Earthquake|p1a: Dragonite
|-immune|p1a: Dragonite
|
|upkeep
|turn|10
|
|t:|1776113622
|move|p2a: Dragonite|Ice Spinner|p1a: Dragonite
|-supereffective|p1a: Dragonite
|-crit|p1a: Dragonite
|-damage|p1a: Dragonite|0 fnt
|faint|p1a: Dragonite
|
|upkeep
|
|t:|1776113629
|switch|p1a: Great Tusk|Great Tusk|65/100
|turn|11
|j| roaringmoon94
|
|t:|1776113632
|move|p2a: Dragonite|Ice Spinner|p1a: Great Tusk
|-supereffective|p1a: Great Tusk
|-damage|p1a: Great Tusk|14/100
|move|p1a: Great Tusk|Ice Spinner|p2a: Dragonite
|-supereffective|p2a: Dragonite
|-damage|p2a: Dragonite|35/100
|
|-heal|p1a: Great Tusk|20/100|[from] item: Leftovers
|upkeep
|turn|12
|
|t:|1776113638
|move|p2a: Dragonite|Earthquake|p1a: Great Tusk
|-damage|p1a: Great Tusk|0 fnt
|faint|p1a: Great Tusk
|-end|p1a: Great Tusk|Protosynthesis|[silent]
|
|upkeep
|
|t:|1776113646
|switch|p1a: Kingambit|Kingambit, F|100/100
|-activate|p1a: Kingambit|ability: Supreme Overlord
|-start|p1a: Kingambit|fallen2|[silent]
|turn|13
|
|t:|1776113648
|move|p2a: Dragonite|Extreme Speed|p1a: Kingambit
|-resisted|p1a: Kingambit
|-damage|p1a: Kingambit|83/100
|move|p1a: Kingambit|Sucker Punch||[still]
|-fail|p1a: Kingambit
|
|-heal|p1a: Kingambit|89/100|[from] item: Leftovers
|upkeep
|turn|14
|
|t:|1776113652
|move|p2a: Dragonite|Extreme Speed|p1a: Kingambit
|-resisted|p1a: Kingambit
|-damage|p1a: Kingambit|72/100
|move|p1a: Kingambit|Sucker Punch||[still]
|-fail|p1a: Kingambit
|
|-heal|p1a: Kingambit|78/100|[from] item: Leftovers
|upkeep
|turn|15
|
|t:|1776113655
|move|p2a: Dragonite|Extreme Speed|p1a: Kingambit
|-resisted|p1a: Kingambit
|-damage|p1a: Kingambit|59/100
|move|p1a: Kingambit|Sucker Punch||[still]
|-fail|p1a: Kingambit
|
|-heal|p1a: Kingambit|65/100|[from] item: Leftovers
|upkeep
|turn|16
|
|t:|1776113657
|move|p2a: Dragonite|Earthquake|p1a: Kingambit
|-supereffective|p1a: Kingambit
|-damage|p1a: Kingambit|0 fnt
|faint|p1a: Kingambit
|-end|p1a: Kingambit|fallen2|[silent]
|
|upkeep
|
|t:|1776113664
|switch|p1a: Garganacl|Garganacl, F|100/100
|turn|17
|
|t:|1776113666
|-terastallize|p1a: Garganacl|Water
|move|p2a: Dragonite|Earthquake|p1a: Garganacl
|-damage|p1a: Garganacl|64/100
|move|p1a: Garganacl|Iron Defense|p1a: Garganacl
|-boost|p1a: Garganacl|def|2
|
|-heal|p1a: Garganacl|70/100|[from] item: Leftovers
|upkeep
|turn|18
|
|t:|1776113671
|switch|p2a: Maushold|Maushold|100/100
|-damage|p2a: Maushold|88/100|[from] Stealth Rock
|move|p1a: Garganacl|Body Press|p2a: Maushold
|-supereffective|p2a: Maushold
|-damage|p2a: Maushold|0 fnt
|faint|p2a: Maushold
|
|-heal|p1a: Garganacl|76/100|[from] item: Leftovers
|upkeep
|
|t:|1776113678
|switch|p2a: Great Tusk|Great Tusk|100/100
|-damage|p2a: Great Tusk|98/100|[from] Stealth Rock
|-enditem|p2a: Great Tusk|Booster Energy
|-activate|p2a: Great Tusk|ability: Protosynthesis|[fromitem]
|-start|p2a: Great Tusk|protosynthesisspe
|turn|19
|
|t:|1776113686
|move|p2a: Great Tusk|Taunt|p1a: Garganacl
|-start|p1a: Garganacl|move: Taunt
|move|p1a: Garganacl|Salt Cure|p2a: Great Tusk
|-resisted|p2a: Great Tusk
|-damage|p2a: Great Tusk|95/100
|-start|p2a: Great Tusk|Salt Cure
|
|-heal|p1a: Garganacl|82/100|[from] item: Leftovers
|-damage|p2a: Great Tusk|83/100|[from] Salt Cure
|upkeep
|turn|20
|
|t:|1776113688
|move|p2a: Great Tusk|Bulk Up|p2a: Great Tusk
|-boost|p2a: Great Tusk|atk|1
|-boost|p2a: Great Tusk|def|1
|move|p1a: Garganacl|Body Press|p2a: Great Tusk
|-damage|p2a: Great Tusk|63/100
|
|-heal|p1a: Garganacl|89/100|[from] item: Leftovers
|-damage|p2a: Great Tusk|51/100|[from] Salt Cure
|upkeep
|turn|21
|
|t:|1776113696
|move|p2a: Great Tusk|Bulk Up|p2a: Great Tusk
|-boost|p2a: Great Tusk|atk|1
|-boost|p2a: Great Tusk|def|1
|move|p1a: Garganacl|Body Press|p2a: Great Tusk
|-damage|p2a: Great Tusk|34/100
|
|-heal|p1a: Garganacl|95/100|[from] item: Leftovers
|-damage|p2a: Great Tusk|22/100|[from] Salt Cure
|-end|p1a: Garganacl|move: Taunt
|upkeep
|turn|22
|
|t:|1776113700
|move|p2a: Great Tusk|Earthquake|p1a: Garganacl
|-damage|p1a: Garganacl|70/100
|move|p1a: Garganacl|Iron Defense|p1a: Garganacl
|-boost|p1a: Garganacl|def|2
|
|-heal|p1a: Garganacl|76/100|[from] item: Leftovers
|-damage|p2a: Great Tusk|9/100|[from] Salt Cure
|upkeep
|turn|23
|
|t:|1776113710
|move|p2a: Great Tusk|Taunt|p1a: Garganacl
|-start|p1a: Garganacl|move: Taunt
|cant|p1a: Garganacl|move: Taunt|Recover
|
|-heal|p1a: Garganacl|82/100|[from] item: Leftovers
|-damage|p2a: Great Tusk|0 fnt|[from] Salt Cure
|faint|p2a: Great Tusk
|-end|p2a: Great Tusk|Protosynthesis|[silent]
|upkeep
|
|t:|1776113712
|switch|p2a: Iron Moth|Iron Moth|100/100
|-damage|p2a: Iron Moth|76/100|[from] Stealth Rock
|-enditem|p2a: Iron Moth|Booster Energy
|-activate|p2a: Iron Moth|ability: Quark Drive|[fromitem]
|-start|p2a: Iron Moth|quarkdrivespe
|turn|24
|
|t:|1776113724
|-terastallize|p2a: Iron Moth|Fairy
|move|p2a: Iron Moth|Substitute|p2a: Iron Moth
|-start|p2a: Iron Moth|Substitute
|-damage|p2a: Iron Moth|51/100
|move|p1a: Garganacl|Salt Cure|p2a: Iron Moth
|-activate|p2a: Iron Moth|move: Substitute|[damage]
|
|-heal|p1a: Garganacl|89/100|[from] item: Leftovers
|upkeep
|turn|25
|
|t:|1776113729
|move|p2a: Iron Moth|Sludge Wave|p1a: Garganacl
|-damage|p1a: Garganacl|52/100
|move|p1a: Garganacl|Body Press|p2a: Iron Moth
|-resisted|p2a: Iron Moth
|-end|p2a: Iron Moth|Substitute
|
|-heal|p1a: Garganacl|59/100|[from] item: Leftovers
|-end|p1a: Garganacl|move: Taunt
|upkeep
|turn|26
|
|t:|1776113735
|move|p2a: Iron Moth|Sludge Wave|p1a: Garganacl
|-damage|p1a: Garganacl|23/100
|move|p1a: Garganacl|Recover|p1a: Garganacl
|-heal|p1a: Garganacl|73/100
|
|-heal|p1a: Garganacl|79/100|[from] item: Leftovers
|upkeep
|turn|27
|
|t:|1776113738
|move|p2a: Iron Moth|Sludge Wave|p1a: Garganacl
|-damage|p1a: Garganacl|42/100
|move|p1a: Garganacl|Body Press|p2a: Iron Moth
|-resisted|p2a: Iron Moth
|-damage|p2a: Iron Moth|0 fnt
|faint|p2a: Iron Moth
|-end|p2a: Iron Moth|Quark Drive|[silent]
|
|-heal|p1a: Garganacl|49/100|[from] item: Leftovers
|upkeep
|
|t:|1776113742
|switch|p2a: Dragonite|Dragonite, M|35/100
|turn|28
|-message|fat chuds inc. forfeited.
|
|win|Yibril
|raw|Yibril's rating: 1654 &rarr; <strong>1675</strong><br />(+21 for winning)
|raw|fat chuds inc.'s rating: 1672 &rarr; <strong>1651</strong><br />(-21 for losing)
|l|☆fat chuds inc.
|player|p2|
|l|☆Yibril
|player|p1|
|l| ohko_smeargle
|l| roaringmoon94
