|html|<div class="broadcast-blue"><strong>[Gen 9] OU is currently suspecting Tera Blast! For information on how to participate check out the <a href="https://www.smogon.com/tools/suspects/view/200">suspect thread</a>.</strong></div>
|j|☆goodgoodcush
|j|☆Luceo
|t:|1776053149
|gametype|singles
|player|p1|goodgoodcush|101|1414
|player|p2|Luceo|cynthia-masters4|1396
|gen|9
|tier|[Gen 9] OU
|rated|
|rule|HP Percentage Mod: HP is shown in percentages
|rule|Endless Battle Clause: Forcing endless battles is banned
|rule|Species Clause: Limit one of each Pokémon
|rule|OHKO Clause: OHKO moves are banned
|rule|Evasion Items Clause: Evasion items are banned
|rule|Evasion Moves Clause: Evasion moves are banned
|rule|Evasion Abilities Clause: Evasion abilities are banned
|rule|Sleep Moves Clause: Sleep-inducing moves are banned
|clearpoke
|poke|p1|Dragonite, F|
|poke|p1|Latias, F|
|poke|p1|Hatterene, F|
|poke|p1|Grimmsnarl, M|
|poke|p1|Manaphy|
|poke|p1|Kingambit, F|
|poke|p2|Deoxys-Speed|
|poke|p2|Ogerpon-Wellspring, F|
|poke|p2|Iron Moth|
|poke|p2|Gholdengo|
|poke|p2|Great Tusk|
|poke|p2|Dragonite, F|
|teampreview
|inactive|Battle timer is ON: inactive players will automatically lose when time's up. (requested by Luceo)
|
|t:|1776053155
|teamsize|p1|6
|teamsize|p2|6
|start
|switch|p1a: Grimmsnarl|Grimmsnarl, M|100/100
|switch|p2a: Deoxys|Deoxys-Speed|100/100
|-ability|p2a: Deoxys|Pressure
|turn|1
|
|t:|1776053158
|move|p1a: Grimmsnarl|Light Screen|p1a: Grimmsnarl
|-sidestart|p1: goodgoodcush|move: Light Screen
|move|p2a: Deoxys|Taunt|p1a: Grimmsnarl
|-start|p1a: Grimmsnarl|move: Taunt
|
|upkeep
|turn|2
|
|t:|1776053179
|switch|p2a: Great Tusk|Great Tusk|100/100
|-enditem|p2a: Great Tusk|Booster Energy
|-activate|p2a: Great Tusk|ability: Protosynthesis|[fromitem]
|-start|p2a: Great Tusk|protosynthesisatk
|switch|p1a: Hatterene|Hatterene, F|100/100
|
|upkeep
|turn|3
|
|t:|1776053187
|move|p2a: Great Tusk|Headlong Rush|p1a: Hatterene
|-damage|p1a: Hatterene|30/100
|-unboost|p2a: Great Tusk|def|1
|-unboost|p2a: Great Tusk|spd|1
|-enditem|p1a: Hatterene|Eject Button
|
|t:|1776053197
|switch|p1a: Grimmsnarl|Grimmsnarl, M|100/100
|
|upkeep
|turn|4
|inactive|Luceo has 120 seconds left.
|
|t:|1776053252
|-end|p2a: Great Tusk|Protosynthesis|[silent]
|switch|p2a: Iron Moth|Iron Moth|100/100
|-enditem|p2a: Iron Moth|Booster Energy
|-activate|p2a: Iron Moth|ability: Quark Drive|[fromitem]
|-start|p2a: Iron Moth|quarkdrivespe
|move|p1a: Grimmsnarl|Reflect|p1a: Grimmsnarl
|-sidestart|p1: goodgoodcush|Reflect
|
|upkeep
|turn|5
|
|t:|1776053262
|move|p1a: Grimmsnarl|Parting Shot|p2a: Iron Moth
|-unboost|p2a: Iron Moth|atk|1
|-unboost|p2a: Iron Moth|spa|1
|
|t:|1776053264
|switch|p1a: Manaphy|Manaphy|100/100|[from] Parting Shot
|move|p2a: Iron Moth|Fiery Dance|p1a: Manaphy
|-resisted|p1a: Manaphy
|-damage|p1a: Manaphy|95/100
|-boost|p2a: Iron Moth|spa|1
|
|-heal|p1a: Manaphy|100/100|[from] item: Leftovers
|upkeep
|turn|6
|inactive|Luceo has 120 seconds left.
|
|t:|1776053277
|move|p2a: Iron Moth|Discharge|p1a: Manaphy
|-supereffective|p1a: Manaphy
|-damage|p1a: Manaphy|75/100
|move|p1a: Manaphy|Acid Armor|p1a: Manaphy
|-boost|p1a: Manaphy|def|2
|
|-heal|p1a: Manaphy|82/100|[from] item: Leftovers
|upkeep
|turn|7
|
|t:|1776053281
|move|p2a: Iron Moth|Discharge|p1a: Manaphy
|-supereffective|p1a: Manaphy
|-damage|p1a: Manaphy|59/100
|move|p1a: Manaphy|Take Heart|p1a: Manaphy
|-boost|p1a: Manaphy|spa|1
|-boost|p1a: Manaphy|spd|1
|
|-heal|p1a: Manaphy|65/100|[from] item: Leftovers
|upkeep
|turn|8
|
|t:|1776053284
|move|p2a: Iron Moth|Discharge|p1a: Manaphy
|-supereffective|p1a: Manaphy
|-damage|p1a: Manaphy|49/100
|-status|p1a: Manaphy|par
|move|p1a: Manaphy|Take Heart|p1a: Manaphy
|-boost|p1a: Manaphy|spa|1
|-boost|p1a: Manaphy|spd|1
|-curestatus|p1a: Manaphy|par|[msg]
|
|-heal|p1a: Manaphy|55/100|[from] item: Leftovers
|-sideend|p1: goodgoodcush|move: Light Screen
|upkeep
|turn|9
|
|t:|1776053297
|move|p2a: Iron Moth|Discharge|p1a: Manaphy
|-supereffective|p1a: Manaphy
|-damage|p1a: Manaphy|30/100
|-status|p1a: Manaphy|par
|cant|p1a: Manaphy|par
|
|-heal|p1a: Manaphy|36/100 par|[from] item: Leftovers
|upkeep
|turn|10
|
|t:|1776053316
|move|p2a: Iron Moth|Discharge|p1a: Manaphy
|-supereffective|p1a: Manaphy
|-damage|p1a: Manaphy|12/100 par
|move|p1a: Manaphy|Take Heart|p1a: Manaphy
|-boost|p1a: Manaphy|spa|1
|-boost|p1a: Manaphy|spd|1
|-curestatus|p1a: Manaphy|par|[msg]
|
|-heal|p1a: Manaphy|18/100|[from] item: Leftovers
|upkeep
|turn|11
|
|t:|1776053328
|-terastallize|p1a: Manaphy|Poison
|move|p2a: Iron Moth|Discharge|p1a: Manaphy
|-damage|p1a: Manaphy|9/100
|-status|p1a: Manaphy|par
|move|p1a: Manaphy|Stored Power|p2a: Iron Moth
|-supereffective|p2a: Iron Moth
|-damage|p2a: Iron Moth|0 fnt
|faint|p2a: Iron Moth
|-end|p2a: Iron Moth|Quark Drive|[silent]
|
|-heal|p1a: Manaphy|15/100 par|[from] item: Leftovers
|-sideend|p1: goodgoodcush|Reflect
|upkeep
|
|t:|1776053348
|switch|p2a: Ogerpon|Ogerpon-Wellspring, F|100/100
|turn|12
|
|t:|1776053354
|switch|p1a: Grimmsnarl|Grimmsnarl, M|100/100
|move|p2a: Ogerpon|Ivy Cudgel|p1a: Grimmsnarl|[anim] Ivy Cudgel Water
|-damage|p1a: Grimmsnarl|26/100
|
|upkeep
|turn|13
|inactive|Luceo has 120 seconds left.
|
|t:|1776053403
|move|p1a: Grimmsnarl|Reflect|p1a: Grimmsnarl
|-sidestart|p1: goodgoodcush|Reflect
|move|p2a: Ogerpon|Ivy Cudgel|p1a: Grimmsnarl|[anim] Ivy Cudgel Water
|-damage|p1a: Grimmsnarl|0 fnt
|faint|p1a: Grimmsnarl
|
|upkeep
|
|t:|1776053406
|switch|p1a: Hatterene|Hatterene, F|30/100
|turn|14
|
|t:|1776053418
|move|p2a: Ogerpon|Ivy Cudgel|p1a: Hatterene|[anim] Ivy Cudgel Water
|-damage|p1a: Hatterene|8/100
|move|p1a: Hatterene|Healing Wish|p1a: Hatterene
|faint|p1a: Hatterene
|
|upkeep
|
|t:|1776053423
|switch|p1a: Manaphy|Manaphy, tera:Poison|15/100 par
|-heal|p1a: Manaphy|100/100|[from] move: Healing Wish
|turn|15
|inactive|Luceo has 120 seconds left.
|
|t:|1776053436
|move|p2a: Ogerpon|Knock Off|p1a: Manaphy
|-damage|p1a: Manaphy|85/100
|-enditem|p1a: Manaphy|Leftovers|[from] move: Knock Off|[of] p2a: Ogerpon
|move|p1a: Manaphy|Acid Armor|p1a: Manaphy
|-boost|p1a: Manaphy|def|2
|
|upkeep
|turn|16
|inactive|Luceo has 120 seconds left.
|
|t:|1776053442
|move|p2a: Ogerpon|Ivy Cudgel|p1a: Manaphy|[anim] Ivy Cudgel Water
|-damage|p1a: Manaphy|73/100
|move|p1a: Manaphy|Take Heart|p1a: Manaphy
|-boost|p1a: Manaphy|spa|1
|-boost|p1a: Manaphy|spd|1
|
|upkeep
|turn|17
|
|t:|1776053446
|move|p2a: Ogerpon|Encore|p1a: Manaphy
|-start|p1a: Manaphy|Encore
|move|p1a: Manaphy|Take Heart|p1a: Manaphy
|-boost|p1a: Manaphy|spa|1
|-boost|p1a: Manaphy|spd|1
|
|upkeep
|turn|18
|
|t:|1776053457
|switch|p1a: Latias|Latias, F|100/100
|move|p2a: Ogerpon|Ivy Cudgel|p1a: Latias|[anim] Ivy Cudgel Water
|-resisted|p1a: Latias
|-crit|p1a: Latias
|-damage|p1a: Latias|57/100
|
|upkeep
|turn|19
|
|t:|1776053460
|move|p2a: Ogerpon|Knock Off|p1a: Latias
|-supereffective|p1a: Latias
|-damage|p1a: Latias|15/100
|-enditem|p1a: Latias|Weakness Policy
|-boost|p1a: Latias|atk|2|[from] item: Weakness Policy
|-boost|p1a: Latias|spa|2|[from] item: Weakness Policy
|move|p1a: Latias|Agility|p1a: Latias
|-boost|p1a: Latias|spe|2
|
|upkeep
|turn|20
|
|t:|1776053463
|move|p1a: Latias|Stored Power|p2a: Ogerpon
|-damage|p2a: Ogerpon|0 fnt
|faint|p2a: Ogerpon
|
|-sideend|p1: goodgoodcush|Reflect
|upkeep
|
|t:|1776053466
|switch|p2a: Deoxys|Deoxys-Speed|100/100
|-ability|p2a: Deoxys|Pressure
|turn|21
|
|t:|1776053475
|move|p1a: Latias|Calm Mind|p1a: Latias
|-boost|p1a: Latias|spa|1
|-boost|p1a: Latias|spd|1
|move|p2a: Deoxys|Ice Beam|p1a: Latias
|-supereffective|p1a: Latias
|-damage|p1a: Latias|0 fnt
|faint|p1a: Latias
|
|upkeep
|
|t:|1776053487
|switch|p1a: Manaphy|Manaphy, tera:Poison|73/100
|turn|22
|
|t:|1776053501
|move|p2a: Deoxys|Stealth Rock|p1a: Manaphy
|-sidestart|p1: goodgoodcush|move: Stealth Rock
|move|p1a: Manaphy|Scald|p2a: Deoxys
|-damage|p2a: Deoxys|54/100
|-status|p2a: Deoxys|brn
|
|-damage|p2a: Deoxys|48/100 brn|[from] brn
|upkeep
|turn|23
|
|t:|1776053508
|move|p2a: Deoxys|Psychic|p1a: Manaphy
|-supereffective|p1a: Manaphy
|-damage|p1a: Manaphy|15/100
|move|p1a: Manaphy|Acid Armor|p1a: Manaphy
|-boost|p1a: Manaphy|def|2
|
|-damage|p2a: Deoxys|42/100 brn|[from] brn
|upkeep
|turn|24
|
|t:|1776053519
|switch|p1a: Dragonite|Dragonite, F|100/100
|move|p2a: Deoxys|Psychic|p1a: Dragonite
|-damage|p1a: Dragonite|82/100
|
|-damage|p2a: Deoxys|36/100 brn|[from] brn
|upkeep
|turn|25
|
|t:|1776053525
|switch|p1a: Kingambit|Kingambit, F|100/100
|-damage|p1a: Kingambit|94/100|[from] Stealth Rock
|-activate|p1a: Kingambit|ability: Supreme Overlord
|-start|p1a: Kingambit|fallen3|[silent]
|move|p2a: Deoxys|Ice Beam|p1a: Kingambit
|-resisted|p1a: Kingambit
|-damage|p1a: Kingambit|81/100
|-status|p1a: Kingambit|frz
|-enditem|p1a: Kingambit|Lum Berry|[eat]
|-curestatus|p1a: Kingambit|frz|[msg]
|
|-damage|p2a: Deoxys|30/100 brn|[from] brn
|upkeep
|turn|26
|-message|goodgoodcush forfeited.
|
|win|Luceo
|raw|goodgoodcush's rating: 1414 &rarr; <strong>1393</strong><br />(-21 for losing)
|raw|Luceo's rating: 1396 &rarr; <strong>1417</strong><br />(+21 for winning)
|l|☆goodgoodcush
|player|p1|
|l|☆Luceo
|player|p2|
