|html|<div class="broadcast-blue"><strong>[Gen 9] OU is currently suspecting Tera Blast! For information on how to participate check out the <a href="https://www.smogon.com/tools/suspects/view/200">suspect thread</a>.</strong></div>
|j|‽Kingbegic
|j|‽noelsiregarbaddie
|t:|1776053356
|gametype|singles
|player|p1|Kingbegic|170|1224
|player|p2|noelsiregarbaddie|swimmerf-gen4dp|1224
|gen|9
|tier|[Gen 9] OU
|rated|
|rule|HP Percentage Mod: HP is shown in percentages
|rule|Endless Battle Clause: Forcing endless battles is banned
|rule|Species Clause: Limit one of each Pokémon
|rule|OHKO Clause: OHKO moves are banned
|rule|Evasion Items Clause: Evasion items are banned
|rule|Evasion Moves Clause: Evasion moves are banned
|rule|Evasion Abilities Clause: Evasion abilities are banned
|rule|Sleep Moves Clause: Sleep-inducing moves are banned
|clearpoke
|poke|p1|Ting-Lu|
|poke|p1|Gholdengo|
|poke|p1|Kingambit, F|
|poke|p1|Great Tusk|
|poke|p1|Ogerpon-Wellspring, F|
|poke|p1|Dragonite, M|
|poke|p2|Samurott-Hisui, F|
|poke|p2|Torterra, M|
|poke|p2|Typhlosion-Hisui, M|
|poke|p2|Blastoise, M|
|poke|p2|Serperior, F|
|poke|p2|Blaziken, F|
|teampreview
|
|t:|1776053366
|teamsize|p1|6
|teamsize|p2|6
|start
|switch|p1a: Ting-Lu|Ting-Lu|100/100
|switch|p2a: Samurott|Samurott-Hisui, F|100/100
|-ability|p1a: Ting-Lu|Vessel of Ruin
|turn|1
|
|t:|1776053378
|move|p2a: Samurott|Swords Dance|p2a: Samurott
|-boost|p2a: Samurott|atk|2
|move|p1a: Ting-Lu|Stealth Rock|p2a: Samurott
|-sidestart|p2: noelsiregarbaddie|move: Stealth Rock
|
|upkeep
|turn|2
|
|t:|1776053383
|move|p2a: Samurott|Aqua Cutter|p1a: Ting-Lu
|-supereffective|p1a: Ting-Lu
|-damage|p1a: Ting-Lu|5/100
|-enditem|p1a: Ting-Lu|Red Card|[of] p2a: Samurott
|drag|p2a: Torterra|Torterra, M|100/100
|-damage|p2a: Torterra|94/100|[from] Stealth Rock
|move|p1a: Ting-Lu|Spikes|p2a: Torterra
|-sidestart|p2: noelsiregarbaddie|Spikes
|
|upkeep
|turn|3
|
|t:|1776053394
|move|p2a: Torterra|Seed Bomb|p1a: Ting-Lu
|-supereffective|p1a: Ting-Lu
|-damage|p1a: Ting-Lu|0 fnt
|faint|p1a: Ting-Lu
|
|upkeep
|
|t:|1776053398
|switch|p1a: Great Tusk|Great Tusk|100/100
|-enditem|p1a: Great Tusk|Booster Energy
|-activate|p1a: Great Tusk|ability: Protosynthesis|[fromitem]
|-start|p1a: Great Tusk|protosynthesisspe
|turn|4
|
|t:|1776053404
|move|p1a: Great Tusk|Bulk Up|p1a: Great Tusk
|-boost|p1a: Great Tusk|atk|1
|-boost|p1a: Great Tusk|def|1
|move|p2a: Torterra|Shell Smash|p2a: Torterra
|-unboost|p2a: Torterra|def|1
|-unboost|p2a: Torterra|spd|1
|-boost|p2a: Torterra|atk|2
|-boost|p2a: Torterra|spa|2
|-boost|p2a: Torterra|spe|2
|-enditem|p2a: Torterra|White Herb
|-clearnegativeboost|p2a: Torterra|[silent]
|
|upkeep
|turn|5
|
|t:|1776053411
|move|p1a: Great Tusk|Ice Spinner|p2a: Torterra
|-supereffective|p2a: Torterra
|-crit|p2a: Torterra
|-damage|p2a: Torterra|0 fnt
|faint|p2a: Torterra
|
|upkeep
|
|t:|1776053426
|switch|p2a: Blastoise|Blastoise, M|100/100
|-damage|p2a: Blastoise|88/100|[from] Stealth Rock
|-damage|p2a: Blastoise|76/100|[from] Spikes
|turn|6
|
|t:|1776053431
|move|p1a: Great Tusk|Headlong Rush|p2a: Blastoise
|-damage|p2a: Blastoise|0 fnt
|-unboost|p1a: Great Tusk|def|1
|-unboost|p1a: Great Tusk|spd|1
|faint|p2a: Blastoise
|
|upkeep
|
|t:|1776053441
|switch|p2a: Serperior|Serperior, F|100/100
|-damage|p2a: Serperior|88/100|[from] Stealth Rock
|-damage|p2a: Serperior|76/100|[from] Spikes
|turn|7
|
|t:|1776053448
|move|p1a: Great Tusk|Ice Spinner|p2a: Serperior
|-supereffective|p2a: Serperior
|-damage|p2a: Serperior|0 fnt
|faint|p2a: Serperior
|
|upkeep
|inactive|Battle timer is ON: inactive players will automatically lose when time's up. (requested by Kingbegic)
|-message|noelsiregarbaddie forfeited.
|
|win|Kingbegic
|raw|Kingbegic's rating: 1224 &rarr; <strong>1248</strong><br />(+24 for winning)
|raw|noelsiregarbaddie's rating: 1204 &rarr; <strong>1180</strong><br />(-24 for losing)
|l|‽noelsiregarbaddie
|player|p2|
|l|‽Kingbegic
|player|p1|
