|html|<div class="broadcast-blue"><strong>[Gen 9] OU is currently suspecting Tera Blast! For information on how to participate check out the <a href="https://www.smogon.com/tools/suspects/view/200">suspect thread</a>.</strong></div>
|j|☆Meiinnuu
|j|☆flapjacque
|t:|1776112042
|gametype|singles
|player|p1|Meiinnuu|wallace-gen6|1295
|player|p2|flapjacque|wallace|1336
|gen|9
|tier|[Gen 9] OU
|rated|
|rule|HP Percentage Mod: HP is shown in percentages
|rule|Endless Battle Clause: Forcing endless battles is banned
|rule|Species Clause: Limit one of each Pokémon
|rule|OHKO Clause: OHKO moves are banned
|rule|Evasion Items Clause: Evasion items are banned
|rule|Evasion Moves Clause: Evasion moves are banned
|rule|Evasion Abilities Clause: Evasion abilities are banned
|rule|Sleep Moves Clause: Sleep-inducing moves are banned
|clearpoke
|poke|p1|Corviknight, M|
|poke|p1|Slowking-Galar, F|
|poke|p1|Cinderace, F|
|poke|p1|Clefable, F|
|poke|p1|Malamar, M|
|poke|p1|Gastrodon, F|
|poke|p2|Milotic, F|
|poke|p2|Iron Valiant|
|poke|p2|Latias, F|
|poke|p2|Enamorus, F|
|poke|p2|Skarmory, F|
|poke|p2|Brambleghast, F|
|teampreview
|inactive|Battle timer is ON: inactive players will automatically lose when time's up. (requested by Meiinnuu)
|
|t:|1776112050
|teamsize|p1|6
|teamsize|p2|6
|start
|switch|p1a: Starm|Clefable, F|100/100
|switch|p2a: Milotic|Milotic, F|100/100
|turn|1
|
|t:|1776112059
|move|p2a: Milotic|Hydro Pump|p1a: Starm
|-damage|p1a: Starm|55/100
|move|p1a: Starm|Knock Off|p2a: Milotic
|-damage|p2a: Milotic|78/100
|-enditem|p2a: Milotic|Leftovers|[from] move: Knock Off|[of] p1a: Starm
|
|upkeep
|turn|2
|
|t:|1776112070
|move|p2a: Milotic|Flip Turn|p1a: Starm
|-damage|p1a: Starm|43/100
|
|t:|1776112073
|switch|p2a: Skarmory|Skarmory, F|100/100|[from] Flip Turn
|move|p1a: Starm|Moonlight|p1a: Starm
|-heal|p1a: Starm|93/100
|
|upkeep
|turn|3
|
|t:|1776112081
|move|p2a: Skarmory|Spikes|p1a: Starm
|-sidestart|p1: Meiinnuu|Spikes
|move|p1a: Starm|Flamethrower|p2a: Skarmory
|-supereffective|p2a: Skarmory
|-damage|p2a: Skarmory|24/100
|
|upkeep
|turn|4
|
|t:|1776112097
|switch|p2a: Latias|Latias, F|100/100
|move|p1a: Starm|Flamethrower|p2a: Latias
|-resisted|p2a: Latias
|-crit|p2a: Latias
|-damage|p2a: Latias|86/100
|
|upkeep
|turn|5
|
|t:|1776112106
|move|p2a: Latias|Calm Mind|p2a: Latias
|-boost|p2a: Latias|spa|1
|-boost|p2a: Latias|spd|1
|move|p1a: Starm|Moonblast|p2a: Latias
|-supereffective|p2a: Latias
|-damage|p2a: Latias|48/100
|-unboost|p2a: Latias|spa|1
|-enditem|p2a: Latias|Weakness Policy
|-boost|p2a: Latias|atk|2|[from] item: Weakness Policy
|-boost|p2a: Latias|spa|2|[from] item: Weakness Policy
|
|upkeep
|turn|6
|
|t:|1776112118
|-terastallize|p2a: Latias|Fairy
|move|p2a: Latias|Recover|p2a: Latias
|-heal|p2a: Latias|98/100
|move|p1a: Starm|Moonblast|p2a: Latias
|-damage|p2a: Latias|77/100
|
|upkeep
|turn|7
|
|t:|1776112127
|switch|p1a: Iatra|Slowking-Galar, F|100/100
|-damage|p1a: Iatra|88/100|[from] Spikes
|move|p2a: Latias|Calm Mind|p2a: Latias
|-boost|p2a: Latias|spa|1
|-boost|p2a: Latias|spd|1
|
|upkeep
|turn|8
|
|t:|1776112135
|move|p2a: Latias|Stored Power|p1a: Iatra
|-damage|p1a: Iatra|3/100
|move|p1a: Iatra|Sludge Bomb|p2a: Latias
|-supereffective|p2a: Latias
|-damage|p2a: Latias|40/100
|-status|p2a: Latias|psn
|
|-damage|p2a: Latias|28/100 psn|[from] psn
|upkeep
|turn|9
|
|t:|1776112144
|switch|p1a: Slomoan|Gastrodon, F|100/100
|-damage|p1a: Slomoan|88/100|[from] Spikes
|move|p2a: Latias|Draining Kiss|p1a: Slomoan
|-damage|p1a: Slomoan|39/100
|-heal|p2a: Latias|71/100 psn|[from] drain|[of] p1a: Slomoan
|
|-heal|p1a: Slomoan|45/100|[from] item: Leftovers
|-damage|p2a: Latias|59/100 psn|[from] psn
|upkeep
|turn|10
|
|t:|1776112155
|move|p2a: Latias|Draining Kiss|p1a: Slomoan
|-damage|p1a: Slomoan|0 fnt
|-heal|p2a: Latias|98/100 psn|[from] drain|[of] p1a: Slomoan
|faint|p1a: Slomoan
|
|-damage|p2a: Latias|86/100 psn|[from] psn
|upkeep
|
|t:|1776112158
|switch|p1a: Munia|Cinderace, F|100/100
|-damage|p1a: Munia|88/100|[from] Spikes
|turn|11
|
|t:|1776112165
|-terastallize|p1a: Munia|Fire
|move|p1a: Munia|Pyro Ball|p2a: Latias
|-damage|p2a: Latias|10/100 psn
|-damage|p1a: Munia|78/100|[from] item: Life Orb
|move|p2a: Latias|Stored Power|p1a: Munia
|-damage|p1a: Munia|0 fnt
|faint|p1a: Munia
|
|-damage|p2a: Latias|0 fnt|[from] psn
|faint|p2a: Latias
|upkeep
|
|t:|1776112185
|switch|p1a: Starm|Clefable, F|93/100
|switch|p2a: Skarmory|Skarmory, F|24/100
|turn|12
|
|t:|1776112191
|move|p2a: Skarmory|Spikes|p1a: Starm
|-sidestart|p1: Meiinnuu|Spikes
|move|p1a: Starm|Flamethrower|p2a: Skarmory
|-supereffective|p2a: Skarmory
|-damage|p2a: Skarmory|0 fnt
|faint|p2a: Skarmory
|
|upkeep
|
|t:|1776112206
|switch|p2a: Enamorus|Enamorus, F|100/100
|turn|13
|
|t:|1776112210
|move|p2a: Enamorus|Moonblast|p1a: Starm
|-damage|p1a: Starm|46/100
|move|p1a: Starm|Knock Off|p2a: Enamorus
|-resisted|p2a: Enamorus
|-damage|p2a: Enamorus|83/100
|-enditem|p2a: Enamorus|Choice Scarf|[from] move: Knock Off|[of] p1a: Starm
|
|upkeep
|turn|14
|
|t:|1776112224
|switch|p1a: Olia|Corviknight, M|100/100
|-ability|p1a: Olia|Pressure
|move|p2a: Enamorus|Moonblast|p1a: Olia
|-resisted|p1a: Olia
|-damage|p1a: Olia|79/100
|-unboost|p1a: Olia|spa|1
|
|upkeep
|turn|15
|
|t:|1776112232
|switch|p2a: Milotic|Milotic, F|78/100
|move|p1a: Olia|Brave Bird|p2a: Milotic
|-damage|p2a: Milotic|36/100
|-damage|p1a: Olia|65/100|[from] Recoil
|
|upkeep
|turn|16
|
|t:|1776112242
|switch|p1a: Iatra|Slowking-Galar, F|36/100
|-damage|p1a: Iatra|19/100|[from] Spikes
|move|p2a: Milotic|Recover|p2a: Milotic
|-heal|p2a: Milotic|86/100
|
|upkeep
|turn|17
|
|t:|1776112251
|switch|p1a: Tultan|Malamar, M|100/100
|-damage|p1a: Tultan|84/100|[from] Spikes
|move|p2a: Milotic|Hydro Pump|p1a: Tultan
|-damage|p1a: Tultan|40/100
|
|-heal|p1a: Tultan|46/100|[from] item: Leftovers
|upkeep
|turn|18
|
|t:|1776112259
|move|p2a: Milotic|Hydro Pump|p1a: Tultan
|-damage|p1a: Tultan|4/100
|move|p1a: Tultan|Rest|p1a: Tultan
|-status|p1a: Tultan|slp|[from] move: Rest
|-heal|p1a: Tultan|100/100 slp|[silent]
|
|upkeep
|turn|19
|
|t:|1776112267
|move|p2a: Milotic|Hydro Pump|p1a: Tultan|[miss]
|-miss|p2a: Milotic|p1a: Tultan
|cant|p1a: Tultan|slp
|move|p1a: Tultan|Sleep Talk|p1a: Tultan
|move|p1a: Tultan|Rest||[from] move: Sleep Talk|[still]
|-fail|p1a: Tultan
|
|upkeep
|turn|20
|
|t:|1776112274
|move|p2a: Milotic|Hydro Pump|p1a: Tultan|[miss]
|-miss|p2a: Milotic|p1a: Tultan
|cant|p1a: Tultan|slp
|move|p1a: Tultan|Sleep Talk|p1a: Tultan
|move|p1a: Tultan|Rest||[from] move: Sleep Talk|[still]
|-fail|p1a: Tultan
|
|upkeep
|turn|21
|
|t:|1776112281
|move|p2a: Milotic|Hydro Pump|p1a: Tultan
|-damage|p1a: Tultan|53/100 slp
|-curestatus|p1a: Tultan|slp|[msg]
|move|p1a: Tultan|Superpower|p2a: Milotic
|-damage|p2a: Milotic|55/100
|-boost|p1a: Tultan|atk|1
|-boost|p1a: Tultan|def|1
|
|-heal|p1a: Tultan|60/100|[from] item: Leftovers
|upkeep
|turn|22
|
|t:|1776112291
|switch|p2a: Brambleghast|Brambleghast, F|100/100
|move|p1a: Tultan|Rest|p1a: Tultan
|-status|p1a: Tultan|slp|[from] move: Rest
|-heal|p1a: Tultan|100/100 slp|[silent]
|
|upkeep
|turn|23
|
|t:|1776112299
|move|p2a: Brambleghast|Leech Seed|p1a: Tultan
|-start|p1a: Tultan|move: Leech Seed
|cant|p1a: Tultan|slp
|move|p1a: Tultan|Sleep Talk|p1a: Tultan
|move|p1a: Tultan|Throat Chop|p2a: Brambleghast|[from] move: Sleep Talk
|-supereffective|p2a: Brambleghast
|-damage|p2a: Brambleghast|0 fnt
|faint|p2a: Brambleghast
|
|upkeep
|
|t:|1776112312
|switch|p2a: Enamorus|Enamorus, F|83/100
|turn|24
|
|t:|1776112317
|switch|p1a: Iatra|Slowking-Galar, F|53/100
|-damage|p1a: Iatra|36/100|[from] Spikes
|move|p2a: Enamorus|Moonblast|p1a: Iatra
|-resisted|p1a: Iatra
|-damage|p1a: Iatra|23/100
|
|upkeep
|turn|25
|
|t:|1776112325
|switch|p1a: Olia|Corviknight, M|65/100
|-ability|p1a: Olia|Pressure
|move|p2a: Enamorus|Earth Power|p1a: Olia
|-immune|p1a: Olia
|
|upkeep
|turn|26
|
|t:|1776112332
|move|p2a: Enamorus|Mystical Fire|p1a: Olia
|-supereffective|p1a: Olia
|-damage|p1a: Olia|12/100
|-unboost|p1a: Olia|spa|1
|move|p1a: Olia|Defog|p2a: Enamorus
|-boost|p2a: Enamorus|evasion|1
|-sideend|p1: Meiinnuu|Spikes|[from] move: Defog|[of] p1a: Olia
|
|upkeep
|turn|27
|
|t:|1776112344
|switch|p1a: Iatra|Slowking-Galar, F|56/100
|move|p2a: Enamorus|Mystical Fire|p1a: Iatra
|-damage|p1a: Iatra|41/100
|-unboost|p1a: Iatra|spa|1
|
|upkeep
|turn|28
|
|t:|1776112353
|move|p2a: Enamorus|Moonblast|p1a: Iatra
|-resisted|p1a: Iatra
|-damage|p1a: Iatra|26/100
|-unboost|p1a: Iatra|spa|1
|move|p1a: Iatra|Sludge Bomb|p2a: Enamorus
|-supereffective|p2a: Enamorus
|-damage|p2a: Enamorus|18/100
|-status|p2a: Enamorus|psn
|
|-damage|p2a: Enamorus|6/100 psn|[from] psn
|upkeep
|turn|29
|
|t:|1776112368
|switch|p2a: Milotic|Milotic, F|55/100
|switch|p1a: Olia|Corviknight, M|12/100
|-ability|p1a: Olia|Pressure
|
|upkeep
|turn|30
|
|t:|1776112376
|move|p2a: Milotic|Ice Beam|p1a: Olia
|-damage|p1a: Olia|0 fnt
|faint|p1a: Olia
|
|upkeep
|
|t:|1776112379
|switch|p1a: Iatra|Slowking-Galar, F|59/100
|turn|31
|
|t:|1776112387
|move|p2a: Milotic|Hydro Pump|p1a: Iatra
|-damage|p1a: Iatra|30/100
|move|p1a: Iatra|Psychic Noise|p2a: Milotic
|-damage|p2a: Milotic|28/100
|-start|p2a: Milotic|move: Heal Block
|
|upkeep
|turn|32
|
|t:|1776112402
|switch|p1a: Tultan|Malamar, M|100/100 slp
|move|p2a: Milotic|Hydro Pump|p1a: Tultan
|-damage|p1a: Tultan|59/100 slp
|
|-heal|p1a: Tultan|65/100 slp|[from] item: Leftovers
|-end|p2a: Milotic|move: Heal Block
|upkeep
|turn|33
|
|t:|1776112411
|switch|p2a: Iron Valiant|Iron Valiant|100/100
|-enditem|p2a: Iron Valiant|Booster Energy
|-activate|p2a: Iron Valiant|ability: Quark Drive|[fromitem]
|-start|p2a: Iron Valiant|quarkdrivespe
|cant|p1a: Tultan|slp
|move|p1a: Tultan|Sleep Talk|p1a: Tultan
|move|p1a: Tultan|Superpower|p2a: Iron Valiant|[from] move: Sleep Talk
|-resisted|p2a: Iron Valiant
|-damage|p2a: Iron Valiant|84/100
|-boost|p1a: Tultan|atk|1
|-boost|p1a: Tultan|def|1
|
|-heal|p1a: Tultan|71/100 slp|[from] item: Leftovers
|upkeep
|turn|34
|
|t:|1776112429
|switch|p1a: Iatra|Slowking-Galar, F|63/100
|move|p2a: Iron Valiant|Spirit Break|p1a: Iatra
|-resisted|p1a: Iatra
|-damage|p1a: Iatra|44/100
|-unboost|p1a: Iatra|spa|1
|
|upkeep
|turn|35
|
|t:|1776112447
|-end|p2a: Iron Valiant|Quark Drive|[silent]
|switch|p2a: Milotic|Milotic, F|28/100
|move|p1a: Iatra|Sludge Bomb|p2a: Milotic
|-damage|p2a: Milotic|7/100
|-status|p2a: Milotic|psn
|
|-damage|p2a: Milotic|0 fnt|[from] psn
|faint|p2a: Milotic
|upkeep
|
|t:|1776112459
|switch|p2a: Enamorus|Enamorus, F|6/100 psn
|turn|36
|
|t:|1776112469
|switch|p1a: Starm|Clefable, F|46/100
|move|p2a: Enamorus|Moonblast|p1a: Starm
|-damage|p1a: Starm|2/100
|
|-damage|p2a: Enamorus|0 fnt|[from] psn
|faint|p2a: Enamorus
|upkeep
|
|t:|1776112477
|switch|p2a: Iron Valiant|Iron Valiant|84/100
|turn|37
|
|t:|1776112481
|move|p2a: Iron Valiant|Spirit Break|p1a: Starm
|-damage|p1a: Starm|0 fnt
|faint|p1a: Starm
|
|upkeep
|
|t:|1776112483
|switch|p1a: Iatra|Slowking-Galar, F|78/100
|turn|38
|
|t:|1776112493
|move|p2a: Iron Valiant|Swords Dance|p2a: Iron Valiant
|-boost|p2a: Iron Valiant|atk|2
|move|p1a: Iatra|Sludge Bomb|p2a: Iron Valiant
|-supereffective|p2a: Iron Valiant
|-damage|p2a: Iron Valiant|0 fnt
|faint|p2a: Iron Valiant
|-end|p2a: Iron Valiant|Quark Drive|[silent]
|
|win|Meiinnuu
|raw|Meiinnuu's rating: 1295 &rarr; <strong>1323</strong><br />(+28 for winning)
|raw|flapjacque's rating: 1336 &rarr; <strong>1314</strong><br />(-22 for losing)
|l|☆Meiinnuu
|player|p1|
|c|☆flapjacque|gg
|l|☆flapjacque
|player|p2|
