|html|<div class="broadcast-blue"><strong>[Gen 9] OU is currently suspecting Tera Blast! For information on how to participate check out the <a href="https://www.smogon.com/tools/suspects/view/200">suspect thread</a>.</strong></div>
|j|☆LeoXMuio
|j|☆waha8
|t:|1776065340
|gametype|singles
|player|p1|LeoXMuio|clown|1356
|player|p2|waha8|265|1369
|gen|9
|tier|[Gen 9] OU
|rated|
|rule|HP Percentage Mod: HP is shown in percentages
|rule|Endless Battle Clause: Forcing endless battles is banned
|rule|Species Clause: Limit one of each Pokémon
|rule|OHKO Clause: OHKO moves are banned
|rule|Evasion Items Clause: Evasion items are banned
|rule|Evasion Moves Clause: Evasion moves are banned
|rule|Evasion Abilities Clause: Evasion abilities are banned
|rule|Sleep Moves Clause: Sleep-inducing moves are banned
|clearpoke
|poke|p1|Charjabug, M|
|poke|p1|Cinderace, F|
|poke|p1|Alomomola, F|
|poke|p1|Serperior, M|
|poke|p1|Kingambit, F|
|poke|p1|Wigglytuff, F|
|poke|p2|Slowking-Galar, F|
|poke|p2|Indeedee, M|
|poke|p2|Blaziken, F|
|poke|p2|Hoopa-Unbound|
|poke|p2|Dragapult, M|
|poke|p2|Torkoal, F|
|teampreview
|
|t:|1776065350
|teamsize|p1|6
|teamsize|p2|6
|start
|switch|p1a: 走不了|Charjabug, M, shiny|100/100
|switch|p2a: Tailwhip|Dragapult, M|100/100
|turn|1
|
|t:|1776065356
|move|p2a: Tailwhip|U-turn|p1a: 走不了
|-damage|p1a: 走不了|83/100
|
|t:|1776065360
|switch|p2a: DeeDee|Indeedee, M|100/100|[from] U-turn
|-fieldstart|move: Psychic Terrain|[from] ability: Psychic Surge|[of] p2a: DeeDee
|move|p1a: 走不了|Sticky Web|p2a: DeeDee
|-sidestart|p2: waha8|move: Sticky Web
|
|upkeep
|turn|2
|
|t:|1776065367
|move|p2a: DeeDee|Encore|p1a: 走不了
|-start|p1a: 走不了|Encore
|move|p1a: 走不了|Sticky Web||[still]
|-fail|p1a: 走不了
|
|upkeep
|turn|3
|
|t:|1776065373
|switch|p2a: Sage|Torkoal, F|100/100
|-activate|p2a: Sage|move: Sticky Web
|-unboost|p2a: Sage|spe|1
|-weather|SunnyDay|[from] ability: Drought|[of] p2a: Sage
|switch|p1a: 点不中|Cinderace, F|100/100
|
|-weather|SunnyDay|[upkeep]
|upkeep
|turn|4
|
|t:|1776065382
|move|p1a: 点不中|Court Change|p1a: 点不中
|-start|p1a: 点不中|typechange|Normal|[from] ability: Libero
|-swapsideconditions
|-activate|p1a: 点不中|move: Court Change
|move|p2a: Sage|Rapid Spin|p1a: 点不中
|-damage|p1a: 点不中|89/100
|-boost|p2a: Sage|spe|1
|
|-weather|SunnyDay|[upkeep]
|upkeep
|turn|5
|
|t:|1776065390
|move|p1a: 点不中|U-turn|p2a: Sage
|-resisted|p2a: Sage
|-damage|p2a: Sage|93/100
|
|t:|1776065397
|switch|p1a: 打不动|Alomomola, F|100/100|[from] U-turn
|-activate|p1a: 打不动|move: Sticky Web
|-unboost|p1a: 打不动|spe|1
|move|p2a: Sage|Stealth Rock|p1a: 打不动
|-sidestart|p1: LeoXMuio|move: Stealth Rock
|
|-weather|SunnyDay|[upkeep]
|upkeep
|turn|6
|
|t:|1776065405
|switch|p2a: SageOfSixPaths|Slowking-Galar, F|100/100
|move|p1a: 打不动|Whirlpool|p2a: SageOfSixPaths
|-damage|p2a: SageOfSixPaths|98/100
|-activate|p2a: SageOfSixPaths|move: Whirlpool|[of] p1a: 打不动
|
|-weather|SunnyDay|[upkeep]
|-damage|p2a: SageOfSixPaths|86/100|[from] move: Whirlpool|[partiallytrapped]
|upkeep
|turn|7
|
|t:|1776065413
|move|p1a: 打不动|Flip Turn|p2a: SageOfSixPaths
|-damage|p2a: SageOfSixPaths|77/100
|
|t:|1776065417
|switch|p1a: 猜不对|Kingambit, F, shiny|100/100|[from] Flip Turn
|-activate|p1a: 猜不对|move: Sticky Web
|-unboost|p1a: 猜不对|spe|1
|-ability|p1a: 猜不对|Defiant|boost
|-boost|p1a: 猜不对|atk|2
|-damage|p1a: 猜不对|94/100|[from] Stealth Rock
|move|p2a: SageOfSixPaths|Trick Room|p2a: SageOfSixPaths
|-fieldstart|move: Trick Room|[of] p2a: SageOfSixPaths
|
|-weather|SunnyDay|[upkeep]
|-heal|p1a: 猜不对|100/100|[from] item: Leftovers
|-end|p2a: SageOfSixPaths|Whirlpool|[partiallytrapped]|[silent]
|upkeep
|turn|8
|
|t:|1776065430
|move|p2a: SageOfSixPaths|Fire Blast|p1a: 猜不对
|-supereffective|p1a: 猜不对
|-damage|p1a: 猜不对|0 fnt
|faint|p1a: 猜不对
|-damage|p2a: SageOfSixPaths|67/100|[from] item: Life Orb
|
|-weather|SunnyDay|[upkeep]
|-fieldend|move: Psychic Terrain
|upkeep
|
|t:|1776065447
|switch|p1a: Wigglytuff|Wigglytuff, F|100/100
|-activate|p1a: Wigglytuff|move: Sticky Web
|-unboost|p1a: Wigglytuff|spe|1
|-ability|p1a: Wigglytuff|Competitive|boost
|-boost|p1a: Wigglytuff|spa|2
|-damage|p1a: Wigglytuff|88/100|[from] Stealth Rock
|turn|9
|
|t:|1776065455
|switch|p2a: Sage|Torkoal, F|93/100
|move|p1a: Wigglytuff|Thunder Wave|p2a: Sage
|-status|p2a: Sage|par
|
|-weather|SunnyDay|[upkeep]
|-heal|p1a: Wigglytuff|94/100|[from] item: Leftovers
|upkeep
|turn|10
|
|t:|1776065467
|move|p2a: Sage|Lava Plume|p1a: Wigglytuff
|-damage|p1a: Wigglytuff|53/100
|-status|p1a: Wigglytuff|brn
|move|p1a: Wigglytuff|Wish|p1a: Wigglytuff
|
|-weather|none
|-heal|p1a: Wigglytuff|59/100 brn|[from] item: Leftovers
|-damage|p1a: Wigglytuff|53/100 brn|[from] brn
|upkeep
|turn|11
|
|t:|1776065481
|switch|p2a: DeeDee|Indeedee, M|100/100
|-fieldstart|move: Psychic Terrain|[from] ability: Psychic Surge|[of] p2a: DeeDee
|move|p1a: Wigglytuff|Encore||[still]
|-fail|p1a: Wigglytuff
|
|-heal|p1a: Wigglytuff|100/100 brn|[from] move: Wish|[wisher] Wigglytuff
|-damage|p1a: Wigglytuff|94/100 brn|[from] brn
|-fieldend|move: Trick Room
|upkeep
|turn|12
|
|t:|1776065491
|switch|p2a: SageOfSixPaths|Slowking-Galar, F|100/100
|switch|p1a: 打不动|Alomomola, F|100/100
|-activate|p1a: 打不动|move: Sticky Web
|-unboost|p1a: 打不动|spe|1
|-damage|p1a: 打不动|88/100|[from] Stealth Rock
|
|upkeep
|turn|13
|
|t:|1776065500
|move|p1a: 打不动|Flip Turn|p2a: SageOfSixPaths
|-damage|p2a: SageOfSixPaths|83/100
|
|t:|1776065512
|switch|p1a: 扛不住|Serperior, M|100/100|[from] Flip Turn
|-activate|p1a: 扛不住|move: Sticky Web
|-boost|p1a: 扛不住|spe|1
|-damage|p1a: 扛不住|88/100|[from] Stealth Rock
|move|p2a: SageOfSixPaths|Trick Room|p2a: SageOfSixPaths
|-fieldstart|move: Trick Room|[of] p2a: SageOfSixPaths
|
|-heal|p1a: 扛不住|94/100|[from] item: Leftovers
|upkeep
|turn|14
|-message|LeoXMuio forfeited.
|
|win|waha8
|raw|LeoXMuio's rating: 1356 &rarr; <strong>1337</strong><br />(-19 for losing)
|raw|waha8's rating: 1369 &rarr; <strong>1388</strong><br />(+19 for winning)
|l|☆LeoXMuio
|player|p1|
|l|☆waha8
|player|p2|
