|html|<div class="broadcast-blue"><strong>[Gen 9] OU is currently suspecting Tera Blast! For information on how to participate check out the <a href="https://www.smogon.com/tools/suspects/view/200">suspect thread</a>.</strong></div>
|j|☆brogre35
|j|☆orange fruit
|t:|1776096875
|gametype|singles
|player|p1|brogre35|swimmer-gen4dp|1741
|player|p2|orange fruit|cynthia|1778
|gen|9
|tier|[Gen 9] OU
|rated|
|rule|HP Percentage Mod: HP is shown in percentages
|rule|Endless Battle Clause: Forcing endless battles is banned
|rule|Species Clause: Limit one of each Pokémon
|rule|OHKO Clause: OHKO moves are banned
|rule|Evasion Items Clause: Evasion items are banned
|rule|Evasion Moves Clause: Evasion moves are banned
|rule|Evasion Abilities Clause: Evasion abilities are banned
|rule|Sleep Moves Clause: Sleep-inducing moves are banned
|clearpoke
|poke|p1|Ninetales-Alola, M|
|poke|p1|Kyurem|
|poke|p1|Ursaluna, M|
|poke|p1|Farigiraf, M|
|poke|p1|Hatterene, F|
|poke|p1|Cresselia, F|
|poke|p2|Tyranitar, F|
|poke|p2|Alomomola, M|
|poke|p2|Gliscor, F|
|poke|p2|Sinistcha|
|poke|p2|Cinderace, F|
|poke|p2|Iron Crown|
|teampreview
|inactive|Battle timer is ON: inactive players will automatically lose when time's up. (requested by brogre35)
|j| averyradiant
|
|t:|1776096892
|teamsize|p1|6
|teamsize|p2|6
|start
|switch|p1a: El Scorcho|Ursaluna, M|100/100
|switch|p2a: Iron Crown|Iron Crown|100/100
|turn|1
|
|t:|1776096895
|-end|p2a: Iron Crown|Quark Drive|[silent]
|switch|p2a: Alomomola|Alomomola, M|100/100
|move|p1a: El Scorcho|Protect||[still]
|-fail|p1a: El Scorcho
|
|-status|p1a: El Scorcho|brn|[from] item: Flame Orb
|upkeep
|turn|2
|
|t:|1776096903
|move|p1a: El Scorcho|Facade|p2a: Alomomola
|-damage|p2a: Alomomola|25/100
|move|p2a: Alomomola|Flip Turn|p1a: El Scorcho
|-supereffective|p1a: El Scorcho
|-damage|p1a: El Scorcho|75/100 brn
|
|t:|1776096909
|switch|p2a: Tyranitar|Tyranitar, F|100/100|[from] Flip Turn
|-weather|Sandstorm|[from] ability: Sand Stream|[of] p2a: Tyranitar
|
|-weather|Sandstorm|[upkeep]
|-damage|p1a: El Scorcho|69/100 brn|[from] brn
|upkeep
|turn|3
|
|t:|1776096913
|switch|p1a: The Good Life|Ninetales-Alola, M|100/100
|-weather|Snowscape|[from] ability: Snow Warning|[of] p1a: The Good Life
|move|p2a: Tyranitar|Ice Punch|p1a: The Good Life
|-resisted|p1a: The Good Life
|-damage|p1a: The Good Life|83/100
|
|-weather|Snowscape|[upkeep]
|upkeep
|turn|4
|
|t:|1776096919
|switch|p2a: Iron Crown|Iron Crown|100/100
|move|p1a: The Good Life|Aurora Veil|p1a: The Good Life
|-sidestart|p1: brogre35|move: Aurora Veil
|
|-weather|Snowscape|[upkeep]
|upkeep
|turn|5
|
|t:|1776096928
|switch|p1a: El Scorcho|Ursaluna, M|69/100 brn
|move|p2a: Iron Crown|Tachyon Cutter|p1a: El Scorcho
|-damage|p1a: El Scorcho|58/100 brn
|-damage|p1a: El Scorcho|47/100 brn
|-hitcount|p1a: El Scorcho|2
|
|-weather|Snowscape|[upkeep]
|-damage|p1a: El Scorcho|41/100 brn|[from] brn
|upkeep
|turn|6
|
|t:|1776096943
|-end|p2a: Iron Crown|Quark Drive|[silent]
|switch|p2a: Tyranitar|Tyranitar, F|100/100
|-weather|Sandstorm|[from] ability: Sand Stream|[of] p2a: Tyranitar
|move|p1a: El Scorcho|Fire Punch|p2a: Tyranitar
|-resisted|p2a: Tyranitar
|-damage|p2a: Tyranitar|81/100
|
|-weather|Sandstorm|[upkeep]
|-damage|p1a: El Scorcho|35/100 brn|[from] brn
|upkeep
|turn|7
|j| Metallic Symphony
|
|t:|1776096953
|switch|p1a: Across The Sea|Farigiraf, M|100/100
|move|p2a: Tyranitar|Knock Off|p1a: Across The Sea
|-supereffective|p1a: Across The Sea
|-damage|p1a: Across The Sea|16/100
|-enditem|p1a: Across The Sea|Leftovers|[from] move: Knock Off|[of] p2a: Tyranitar
|
|-weather|Sandstorm|[upkeep]
|-damage|p1a: Across The Sea|10/100|[from] Sandstorm
|upkeep
|turn|8
|l| Metallic Symphony
|
|t:|1776096961
|move|p2a: Tyranitar|Knock Off|p1a: Across The Sea
|-supereffective|p1a: Across The Sea
|-damage|p1a: Across The Sea|0 fnt
|faint|p1a: Across The Sea
|
|-weather|Sandstorm|[upkeep]
|upkeep
|
|t:|1776096968
|switch|p1a: Pink Triangle|Hatterene, F|100/100
|turn|9
|
|t:|1776096972
|move|p2a: Tyranitar|Knock Off|p1a: Pink Triangle
|-damage|p1a: Pink Triangle|57/100
|-enditem|p1a: Pink Triangle|Focus Sash|[from] move: Knock Off|[of] p2a: Tyranitar
|move|p1a: Pink Triangle|Trick Room|p1a: Pink Triangle
|-fieldstart|move: Trick Room|[of] p1a: Pink Triangle
|
|-weather|Sandstorm|[upkeep]
|-damage|p1a: Pink Triangle|51/100|[from] Sandstorm
|upkeep
|turn|10
|l| averyradiant
|
|t:|1776096977
|switch|p2a: Gliscor|Gliscor, F|100/100
|move|p1a: Pink Triangle|Misty Explosion|p2a: Gliscor
|-damage|p2a: Gliscor|39/100
|faint|p1a: Pink Triangle
|
|-weather|none
|-status|p2a: Gliscor|tox|[from] item: Toxic Orb
|upkeep
|
|t:|1776096982
|switch|p1a: El Scorcho|Ursaluna, M|35/100 brn
|turn|11
|
|t:|1776096990
|move|p2a: Gliscor|Protect|p2a: Gliscor
|-singleturn|p2a: Gliscor|Protect
|move|p1a: El Scorcho|Facade|p2a: Gliscor
|-activate|p2a: Gliscor|move: Protect
|
|-heal|p2a: Gliscor|52/100 tox|[from] ability: Poison Heal
|-damage|p1a: El Scorcho|29/100 brn|[from] brn
|-sideend|p1: brogre35|move: Aurora Veil
|upkeep
|turn|12
|
|t:|1776096996
|switch|p2a: Sinistcha|Sinistcha|100/100
|move|p1a: El Scorcho|Fire Punch|p2a: Sinistcha
|-supereffective|p2a: Sinistcha
|-damage|p2a: Sinistcha|69/100
|
|-damage|p1a: El Scorcho|23/100 brn|[from] brn
|upkeep
|turn|13
|
|t:|1776097000
|switch|p1a: The Good Life|Ninetales-Alola, M|83/100
|-weather|Snowscape|[from] ability: Snow Warning|[of] p1a: The Good Life
|move|p2a: Sinistcha|Strength Sap|p1a: The Good Life
|-unboost|p1a: The Good Life|atk|1
|-heal|p2a: Sinistcha|100/100
|
|-weather|Snowscape|[upkeep]
|-fieldend|move: Trick Room
|upkeep
|turn|14
|
|t:|1776097005
|switch|p2a: Cinderace|Cinderace, F|100/100
|move|p1a: The Good Life|Aurora Veil|p1a: The Good Life
|-sidestart|p1: brogre35|move: Aurora Veil
|
|-weather|Snowscape|[upkeep]
|upkeep
|turn|15
|
|t:|1776097010
|move|p2a: Cinderace|Court Change|p2a: Cinderace
|-start|p2a: Cinderace|typechange|Normal|[from] ability: Libero
|-swapsideconditions
|-activate|p2a: Cinderace|move: Court Change
|move|p1a: The Good Life|Aurora Veil|p1a: The Good Life
|-sidestart|p1: brogre35|move: Aurora Veil
|
|-weather|Snowscape|[upkeep]
|upkeep
|turn|16
|
|t:|1776097017
|switch|p1a: Getchoo|Kyurem|100/100
|-ability|p1a: Getchoo|Pressure
|move|p2a: Cinderace|U-turn|p1a: Getchoo
|-damage|p1a: Getchoo|94/100
|
|t:|1776097021
|switch|p2a: Tyranitar|Tyranitar, F|81/100|[from] U-turn
|-weather|Sandstorm|[from] ability: Sand Stream|[of] p2a: Tyranitar
|
|-weather|Sandstorm|[upkeep]
|-damage|p1a: Getchoo|88/100|[from] Sandstorm
|upkeep
|turn|17
|
|t:|1776097024
|move|p1a: Getchoo|Dragon Dance|p1a: Getchoo
|-boost|p1a: Getchoo|atk|1
|-boost|p1a: Getchoo|spe|1
|move|p2a: Tyranitar|Low Kick|p1a: Getchoo
|-supereffective|p1a: Getchoo
|-crit|p1a: Getchoo
|-damage|p1a: Getchoo|0 fnt
|faint|p1a: Getchoo
|
|-weather|Sandstorm|[upkeep]
|upkeep
|
|t:|1776097033
|switch|p1a: The Good Life|Ninetales-Alola, M|83/100
|-weather|Snowscape|[from] ability: Snow Warning|[of] p1a: The Good Life
|turn|18
|
|t:|1776097038
|switch|p1a: Butterfly|Cresselia, F|100/100
|switch|p2a: Cinderace|Cinderace, F|100/100
|
|-weather|Snowscape|[upkeep]
|upkeep
|turn|19
|
|t:|1776097041
|move|p2a: Cinderace|U-turn|p1a: Butterfly
|-start|p2a: Cinderace|typechange|Bug|[from] ability: Libero
|-supereffective|p1a: Butterfly
|-damage|p1a: Butterfly|84/100
|
|t:|1776097044
|switch|p2a: Gliscor|Gliscor, F|52/100 tox|[from] U-turn
|move|p1a: Butterfly|Trick Room|p1a: Butterfly
|-fieldstart|move: Trick Room|[of] p1a: Butterfly
|
|-weather|Snowscape|[upkeep]
|-heal|p2a: Gliscor|64/100 tox|[from] ability: Poison Heal
|upkeep
|turn|20
|
|t:|1776097048
|switch|p1a: El Scorcho|Ursaluna, M|23/100 brn
|move|p2a: Gliscor|Toxic||[still]
|-fail|p2a: Gliscor
|
|-weather|Snowscape|[upkeep]
|-heal|p2a: Gliscor|76/100 tox|[from] ability: Poison Heal
|-damage|p1a: El Scorcho|17/100 brn|[from] brn
|upkeep
|turn|21
|
|t:|1776097053
|move|p2a: Gliscor|Protect|p2a: Gliscor
|-singleturn|p2a: Gliscor|Protect
|move|p1a: El Scorcho|Facade|p2a: Gliscor
|-activate|p2a: Gliscor|move: Protect
|
|-weather|Snowscape|[upkeep]
|-heal|p2a: Gliscor|89/100 tox|[from] ability: Poison Heal
|-damage|p1a: El Scorcho|11/100 brn|[from] brn
|-sideend|p2: orange fruit|move: Aurora Veil
|upkeep
|turn|22
|
|t:|1776097059
|switch|p2a: Sinistcha|Sinistcha|100/100
|move|p1a: El Scorcho|Headlong Rush|p2a: Sinistcha
|-resisted|p2a: Sinistcha
|-damage|p2a: Sinistcha|59/100
|-unboost|p1a: El Scorcho|def|1
|-unboost|p1a: El Scorcho|spd|1
|
|-weather|none
|-damage|p1a: El Scorcho|5/100 brn|[from] brn
|-sideend|p1: brogre35|move: Aurora Veil
|upkeep
|turn|23
|-message|brogre35 forfeited.
|
|win|orange fruit
|raw|brogre35's rating: 1741 &rarr; <strong>1723</strong><br />(-18 for losing)
|raw|orange fruit's rating: 1778 &rarr; <strong>1796</strong><br />(+18 for winning)
|l|☆brogre35
|player|p1|
