|html|<div class="broadcast-blue"><strong>[Gen 9] OU is currently suspecting Tera Blast! For information on how to participate check out the <a href="https://www.smogon.com/tools/suspects/view/200">suspect thread</a>.</strong></div>
|j|☆dedic
|j|☆1200s chud
|t:|1776135835
|gametype|singles
|player|p1|dedic|ash|1533
|player|p2|1200s chud|drayton|1548
|gen|9
|tier|[Gen 9] OU
|rated|
|rule|HP Percentage Mod: HP is shown in percentages
|rule|Endless Battle Clause: Forcing endless battles is banned
|rule|Species Clause: Limit one of each Pokémon
|rule|OHKO Clause: OHKO moves are banned
|rule|Evasion Items Clause: Evasion items are banned
|rule|Evasion Moves Clause: Evasion moves are banned
|rule|Evasion Abilities Clause: Evasion abilities are banned
|rule|Sleep Moves Clause: Sleep-inducing moves are banned
|clearpoke
|poke|p1|Deoxys-Speed|
|poke|p1|Kingambit, M|
|poke|p1|Dragonite, M|
|poke|p1|Iron Valiant|
|poke|p1|Raging Bolt|
|poke|p1|Ogerpon-Wellspring, F|
|poke|p2|Araquanid, M|
|poke|p2|Kingambit, F|
|poke|p2|Latios, M|
|poke|p2|Iron Valiant|
|poke|p2|Serperior, M|
|poke|p2|Glimmora, M|
|teampreview
|inactive|Battle timer is ON: inactive players will automatically lose when time's up. (requested by 1200s chud)
|j| ohko_smeargle
|
|t:|1776135843
|teamsize|p1|6
|teamsize|p2|6
|start
|switch|p1a: Raging Bolt|Raging Bolt|100/100
|switch|p2a: GotYoGirlSticky|Araquanid, M, shiny|100/100
|-enditem|p1a: Raging Bolt|Booster Energy
|-activate|p1a: Raging Bolt|ability: Protosynthesis|[fromitem]
|-start|p1a: Raging Bolt|protosynthesisspa
|turn|1
|
|t:|1776135858
|switch|p2a: Lockheed Shartin|Latios, M|100/100
|move|p1a: Raging Bolt|Thunderbolt|p2a: Lockheed Shartin
|-resisted|p2a: Lockheed Shartin
|-damage|p2a: Lockheed Shartin|70/100
|
|-heal|p2a: Lockheed Shartin|76/100|[from] item: Leftovers
|upkeep
|turn|2
|
|t:|1776135865
|-end|p1a: Raging Bolt|Protosynthesis|[silent]
|switch|p1a: Iron Valiant|Iron Valiant|100/100
|-enditem|p1a: Iron Valiant|Booster Energy
|-activate|p1a: Iron Valiant|ability: Quark Drive|[fromitem]
|-start|p1a: Iron Valiant|quarkdrivespe
|move|p2a: Lockheed Shartin|Flip Turn|p1a: Iron Valiant
|-crit|p1a: Iron Valiant
|-damage|p1a: Iron Valiant|79/100
|
|t:|1776135883
|switch|p2a: GotYoGirlSticky|Araquanid, M, shiny|100/100|[from] Flip Turn
|
|upkeep
|turn|3
|
|t:|1776135888
|move|p1a: Iron Valiant|Knock Off|p2a: GotYoGirlSticky
|-damage|p2a: GotYoGirlSticky|62/100
|-enditem|p2a: GotYoGirlSticky|Choice Band|[from] move: Knock Off|[of] p1a: Iron Valiant
|move|p2a: GotYoGirlSticky|Liquidation|p1a: Iron Valiant
|-damage|p1a: Iron Valiant|0 fnt
|faint|p1a: Iron Valiant
|-end|p1a: Iron Valiant|Quark Drive|[silent]
|
|upkeep
|
|t:|1776135895
|switch|p1a: Deoxys|Deoxys-Speed|100/100
|-ability|p1a: Deoxys|Pressure
|turn|4
|
|t:|1776135900
|move|p1a: Deoxys|Reflect|p1a: Deoxys
|-sidestart|p1: dedic|Reflect
|move|p2a: GotYoGirlSticky|Leech Life|p1a: Deoxys
|-supereffective|p1a: Deoxys
|-damage|p1a: Deoxys|61/100
|-heal|p2a: GotYoGirlSticky|80/100|[from] drain|[of] p1a: Deoxys
|
|upkeep
|turn|5
|
|t:|1776135906
|move|p1a: Deoxys|Stealth Rock|p2a: GotYoGirlSticky
|-sidestart|p2: 1200s chud|move: Stealth Rock
|move|p2a: GotYoGirlSticky|Sticky Web|p1a: Deoxys
|-sidestart|p1: dedic|move: Sticky Web
|
|upkeep
|turn|6
|
|t:|1776135909
|move|p1a: Deoxys|Light Screen|p1a: Deoxys
|-sidestart|p1: dedic|move: Light Screen
|move|p2a: GotYoGirlSticky|Leech Life|p1a: Deoxys
|-supereffective|p1a: Deoxys
|-damage|p1a: Deoxys|25/100
|-heal|p2a: GotYoGirlSticky|97/100|[from] drain|[of] p1a: Deoxys
|
|upkeep
|turn|7
|j| alttesting124n
|
|t:|1776135914
|switch|p1a: Raging Bolt|Raging Bolt|100/100
|-activate|p1a: Raging Bolt|move: Sticky Web
|-unboost|p1a: Raging Bolt|spe|1
|move|p2a: GotYoGirlSticky|Leech Life|p1a: Raging Bolt
|-damage|p1a: Raging Bolt|87/100
|-heal|p2a: GotYoGirlSticky|100/100|[from] drain|[of] p1a: Raging Bolt
|
|upkeep
|turn|8
|
|t:|1776135922
|switch|p2a: Glimmy Neutron|Glimmora, M|100/100
|-damage|p2a: Glimmy Neutron|88/100|[from] Stealth Rock
|move|p1a: Raging Bolt|Thunderbolt|p2a: Glimmy Neutron
|-damage|p2a: Glimmy Neutron|21/100
|
|upkeep
|turn|9
|
|t:|1776135935
|move|p2a: Glimmy Neutron|Mortal Spin|p1a: Raging Bolt
|-damage|p1a: Raging Bolt|84/100
|-status|p1a: Raging Bolt|psn
|-sideend|p2: 1200s chud|Stealth Rock|[from] move: Mortal Spin|[of] p2a: Glimmy Neutron
|move|p1a: Raging Bolt|Calm Mind|p1a: Raging Bolt
|-boost|p1a: Raging Bolt|spa|1
|-boost|p1a: Raging Bolt|spd|1
|
|-damage|p1a: Raging Bolt|72/100 psn|[from] psn
|upkeep
|turn|10
|
|t:|1776135942
|move|p2a: Glimmy Neutron|Stealth Rock|p1a: Raging Bolt
|-sidestart|p1: dedic|move: Stealth Rock
|move|p1a: Raging Bolt|Thunderbolt|p2a: Glimmy Neutron
|-damage|p2a: Glimmy Neutron|0 fnt
|faint|p2a: Glimmy Neutron
|
|-damage|p1a: Raging Bolt|59/100 psn|[from] psn
|upkeep
|
|t:|1776135959
|switch|p2a: Lockheed Shartin|Latios, M|76/100
|turn|11
|
|t:|1776135967
|move|p2a: Lockheed Shartin|Flip Turn|p1a: Raging Bolt
|-resisted|p1a: Raging Bolt
|-damage|p1a: Raging Bolt|57/100 psn
|
|t:|1776135968
|switch|p2a: Lady Glizzy|Iron Valiant|100/100|[from] Flip Turn
|-enditem|p2a: Lady Glizzy|Booster Energy
|-activate|p2a: Lady Glizzy|ability: Quark Drive|[fromitem]
|-start|p2a: Lady Glizzy|quarkdrivespe
|move|p1a: Raging Bolt|Dragon Pulse|p2a: Lady Glizzy
|-immune|p2a: Lady Glizzy
|
|-damage|p1a: Raging Bolt|44/100 psn|[from] psn
|-sideend|p1: dedic|Reflect
|upkeep
|turn|12
|
|t:|1776135973
|move|p2a: Lady Glizzy|Encore|p1a: Raging Bolt
|-start|p1a: Raging Bolt|Encore
|move|p1a: Raging Bolt|Dragon Pulse|p2a: Lady Glizzy
|-immune|p2a: Lady Glizzy
|
|-damage|p1a: Raging Bolt|32/100 psn|[from] psn
|upkeep
|turn|13
|
|t:|1776135978
|-end|p1a: Raging Bolt|Protosynthesis|[silent]
|switch|p1a: Kingambit|Kingambit, M|100/100
|-activate|p1a: Kingambit|move: Sticky Web
|-unboost|p1a: Kingambit|spe|1
|-damage|p1a: Kingambit|94/100|[from] Stealth Rock
|-activate|p1a: Kingambit|ability: Supreme Overlord
|-start|p1a: Kingambit|fallen1|[silent]
|move|p2a: Lady Glizzy|Moonblast|p1a: Kingambit
|-damage|p1a: Kingambit|70/100
|-unboost|p1a: Kingambit|spa|1
|
|-sideend|p1: dedic|move: Light Screen
|upkeep
|turn|14
|
|t:|1776135984
|-end|p1a: Kingambit|fallen1|[silent]
|switch|p1a: Raging Bolt|Raging Bolt|32/100 psn
|-activate|p1a: Raging Bolt|move: Sticky Web
|-unboost|p1a: Raging Bolt|spe|1
|-damage|p1a: Raging Bolt|20/100 psn|[from] Stealth Rock
|move|p2a: Lady Glizzy|Close Combat|p1a: Raging Bolt
|-damage|p1a: Raging Bolt|0 fnt
|-unboost|p2a: Lady Glizzy|def|1
|-unboost|p2a: Lady Glizzy|spd|1
|faint|p1a: Raging Bolt
|-end|p1a: Raging Bolt|Protosynthesis|[silent]
|
|upkeep
|
|t:|1776135992
|switch|p1a: Dragonite|Dragonite, M|100/100
|turn|15
|
|t:|1776135998
|-terastallize|p2a: Lady Glizzy|Ghost
|move|p2a: Lady Glizzy|Moonblast|p1a: Dragonite
|-supereffective|p1a: Dragonite
|-damage|p1a: Dragonite|54/100
|move|p1a: Dragonite|Dragon Dance|p1a: Dragonite
|-boost|p1a: Dragonite|atk|1
|-boost|p1a: Dragonite|spe|1
|
|upkeep
|turn|16
|-message|dedic forfeited.
|
|win|1200s chud
|raw|dedic's rating: 1533 &rarr; <strong>1514</strong><br />(-19 for losing)
|raw|1200s chud's rating: 1548 &rarr; <strong>1567</strong><br />(+19 for winning)
|l|☆dedic
|player|p1|
|l| ohko_smeargle
