|html|<div class="broadcast-blue"><strong>[Gen 9] OU is currently suspecting Tera Blast! For information on how to participate check out the <a href="https://www.smogon.com/tools/suspects/view/200">suspect thread</a>.</strong></div>
|j|☆typhoon9
|j|☆GGS_Chuddius
|t:|1776111343
|gametype|singles
|player|p1|typhoon9|169|1299
|player|p2|GGS_Chuddius|102|1342
|gen|9
|tier|[Gen 9] OU
|rated|
|rule|HP Percentage Mod: HP is shown in percentages
|rule|Endless Battle Clause: Forcing endless battles is banned
|rule|Species Clause: Limit one of each Pokémon
|rule|OHKO Clause: OHKO moves are banned
|rule|Evasion Items Clause: Evasion items are banned
|rule|Evasion Moves Clause: Evasion moves are banned
|rule|Evasion Abilities Clause: Evasion abilities are banned
|rule|Sleep Moves Clause: Sleep-inducing moves are banned
|clearpoke
|poke|p1|Hatterene, F|
|poke|p1|Ursaluna, M|
|poke|p1|Porygon2|
|poke|p1|Cresselia, F|
|poke|p1|Iron Hands|
|poke|p1|Volcanion|
|poke|p2|Dondozo, F|
|poke|p2|Blissey, F|
|poke|p2|Corviknight, M|
|poke|p2|Gliscor, M|
|poke|p2|Toxapex, M|
|poke|p2|Weezing-Galar, M|
|teampreview
|
|t:|1776111351
|teamsize|p1|6
|teamsize|p2|6
|start
|switch|p1a: Brand|Hatterene, F, shiny|100/100
|switch|p2a: Gliscor|Gliscor, M|100/100
|turn|1
|
|t:|1776111358
|move|p2a: Gliscor|Protect|p2a: Gliscor
|-singleturn|p2a: Gliscor|Protect
|move|p1a: Brand|Trick Room|p1a: Brand
|-fieldstart|move: Trick Room|[of] p1a: Brand
|
|-status|p2a: Gliscor|tox|[from] item: Toxic Orb
|upkeep
|turn|2
|
|t:|1776111365
|move|p1a: Brand|Psychic Noise|p2a: Gliscor
|-damage|p2a: Gliscor|60/100 tox
|-start|p2a: Gliscor|move: Heal Block
|move|p2a: Gliscor|Knock Off|p1a: Brand
|-damage|p1a: Brand|76/100
|-enditem|p1a: Brand|Focus Sash|[from] move: Knock Off|[of] p2a: Gliscor
|
|upkeep
|turn|3
|inactive|Battle timer is ON: inactive players will automatically lose when time's up. (requested by typhoon9)
|
|t:|1776111377
|switch|p2a: Blissey|Blissey, F|100/100
|move|p1a: Brand|Psychic Noise|p2a: Blissey
|-damage|p2a: Blissey|88/100
|-start|p2a: Blissey|move: Heal Block
|
|upkeep
|turn|4
|
|t:|1776111384
|move|p1a: Brand|Healing Wish|p1a: Brand
|faint|p1a: Brand
|move|p2a: Blissey|Seismic Toss|p1: Brand|[notarget]
|-fail|p2a: Blissey
|
|-end|p2a: Blissey|move: Heal Block
|upkeep
|
|t:|1776111395
|switch|p1a: CASE|Iron Hands|100/100
|-enditem|p1a: CASE|Booster Energy
|-activate|p1a: CASE|ability: Quark Drive|[fromitem]
|-start|p1a: CASE|quarkdriveatk
|turn|5
|
|t:|1776111408
|switch|p2a: Gliscor|Gliscor, M|60/100 tox
|move|p1a: CASE|Swords Dance|p1a: CASE
|-boost|p1a: CASE|atk|2
|
|-heal|p2a: Gliscor|73/100 tox|[from] ability: Poison Heal
|-fieldend|move: Trick Room
|upkeep
|turn|6
|
|t:|1776111419
|move|p2a: Gliscor|Earthquake|p1a: CASE
|-supereffective|p1a: CASE
|-damage|p1a: CASE|57/100
|move|p1a: CASE|Drain Punch|p2a: Gliscor
|-resisted|p2a: Gliscor
|-damage|p2a: Gliscor|23/100 tox
|-heal|p1a: CASE|74/100|[from] drain|[of] p2a: Gliscor
|
|-heal|p2a: Gliscor|36/100 tox|[from] ability: Poison Heal
|upkeep
|turn|7
|
|t:|1776111433
|switch|p2a: Weezing|Weezing-Galar, M|100/100
|-ability|p2a: Weezing|Neutralizing Gas
|move|p1a: CASE|Ice Punch|p2a: Weezing
|-damage|p2a: Weezing|62/100
|
|upkeep
|turn|8
|
|t:|1776111443
|move|p2a: Weezing|Will-O-Wisp|p1a: CASE
|-status|p1a: CASE|brn
|move|p1a: CASE|Wild Charge|p2a: Weezing
|-damage|p2a: Weezing|28/100
|-damage|p1a: CASE|68/100 brn|[from] Recoil
|
|-damage|p1a: CASE|62/100 brn|[from] brn
|upkeep
|turn|9
|
|t:|1776111452
|-end|p1a: CASE|Quark Drive|[silent]
|switch|p1a: Mann|Ursaluna, M|100/100
|move|p2a: Weezing|Pain Split|p1a: Mann
|-sethp|p1a: Mann|60/100|[from] move: Pain Split|[silent]
|-sethp|p2a: Weezing|83/100|[from] move: Pain Split
|
|-status|p1a: Mann|brn|[from] item: Flame Orb
|upkeep
|turn|10
|
|t:|1776111474
|-end|p2a: Weezing|ability: Neutralizing Gas
|switch|p2a: Corviknight|Corviknight, M|100/100
|-ability|p2a: Corviknight|Pressure
|move|p1a: Mann|Fire Punch|p2a: Corviknight
|-supereffective|p2a: Corviknight
|-damage|p2a: Corviknight|49/100
|
|-heal|p2a: Corviknight|56/100|[from] item: Leftovers
|-damage|p1a: Mann|54/100 brn|[from] brn
|upkeep
|turn|11
|
|t:|1776111486
|move|p2a: Corviknight|Body Press|p1a: Mann
|-supereffective|p1a: Mann
|-damage|p1a: Mann|15/100 brn
|move|p1a: Mann|Fire Punch|p2a: Corviknight
|-supereffective|p2a: Corviknight
|-damage|p2a: Corviknight|0 fnt
|faint|p2a: Corviknight
|
|-damage|p1a: Mann|8/100 brn|[from] brn
|upkeep
|
|t:|1776111495
|switch|p2a: Gliscor|Gliscor, M|36/100 tox
|turn|12
|
|t:|1776111505
|switch|p1a: Miller|Cresselia, F, shiny|100/100
|move|p2a: Gliscor|Knock Off|p1a: Miller
|-supereffective|p1a: Miller
|-damage|p1a: Miller|79/100
|-enditem|p1a: Miller|Mental Herb|[from] move: Knock Off|[of] p2a: Gliscor
|
|-heal|p2a: Gliscor|48/100 tox|[from] ability: Poison Heal
|upkeep
|turn|13
|
|t:|1776111519
|switch|p2a: Toxapex|Toxapex, M|100/100
|switch|p1a: Mann|Ursaluna, M|8/100 brn
|-heal|p1a: Mann|100/100|[from] move: Healing Wish
|
|-status|p1a: Mann|brn|[from] item: Flame Orb
|upkeep
|turn|14
|inactive|GGS_Chuddius has 120 seconds left.
|
|t:|1776111554
|switch|p2a: Weezing|Weezing-Galar, M|83/100
|-ability|p2a: Weezing|Neutralizing Gas
|move|p1a: Mann|Swords Dance|p1a: Mann
|-boost|p1a: Mann|atk|2
|
|-damage|p1a: Mann|94/100 brn|[from] brn
|upkeep
|turn|15
|
|t:|1776111568
|-end|p2a: Weezing|ability: Neutralizing Gas
|switch|p2a: Dondozo|Dondozo, F|100/100
|move|p1a: Mann|Facade|p2a: Dondozo
|-damage|p2a: Dondozo|47/100
|
|-heal|p2a: Dondozo|54/100|[from] item: Leftovers
|-damage|p1a: Mann|88/100 brn|[from] brn
|upkeep
|turn|16
|
|t:|1776111587
|-terastallize|p1a: Mann|Normal
|move|p1a: Mann|Facade|p2a: Dondozo
|-damage|p2a: Dondozo|0 fnt
|faint|p2a: Dondozo
|
|-damage|p1a: Mann|82/100 brn|[from] brn
|upkeep
|
|t:|1776111607
|switch|p2a: Toxapex|Toxapex, M|100/100
|turn|17
|
|t:|1776111613
|move|p1a: Mann|Headlong Rush|p2a: Toxapex
|-supereffective|p2a: Toxapex
|-damage|p2a: Toxapex|0 fnt
|-unboost|p1a: Mann|def|1
|-unboost|p1a: Mann|spd|1
|faint|p2a: Toxapex
|
|-damage|p1a: Mann|76/100 brn|[from] brn
|upkeep
|-message|GGS_Chuddius forfeited.
|
|win|typhoon9
|raw|typhoon9's rating: 1299 &rarr; <strong>1327</strong><br />(+28 for winning)
|raw|GGS_Chuddius's rating: 1342 &rarr; <strong>1320</strong><br />(-22 for losing)
|l|☆GGS_Chuddius
|player|p2|
