|html|<div class="broadcast-blue"><strong>[Gen 9] OU is currently suspecting Tera Blast! For information on how to participate check out the <a href="https://www.smogon.com/tools/suspects/view/200">suspect thread</a>.</strong></div>
|j|☆Charles Kirkius
|j|☆sometimesstandard
|t:|1776113793
|gametype|singles
|player|p1|Charles Kirkius|265|1540
|player|p2|sometimesstandard|1|1503
|gen|9
|tier|[Gen 9] OU
|rated|
|rule|HP Percentage Mod: HP is shown in percentages
|rule|Endless Battle Clause: Forcing endless battles is banned
|rule|Species Clause: Limit one of each Pokémon
|rule|OHKO Clause: OHKO moves are banned
|rule|Evasion Items Clause: Evasion items are banned
|rule|Evasion Moves Clause: Evasion moves are banned
|rule|Evasion Abilities Clause: Evasion abilities are banned
|rule|Sleep Moves Clause: Sleep-inducing moves are banned
|clearpoke
|poke|p1|Cinderace, F|
|poke|p1|Okidogi, M|
|poke|p1|Landorus-Therian, M|
|poke|p1|Zamazenta-*|
|poke|p1|Goodra-Hisui, F|
|poke|p1|Latios, M|
|poke|p2|Slowking-Galar, F|
|poke|p2|Corviknight, F|
|poke|p2|Thundurus-Therian, M|
|poke|p2|Zamazenta-*|
|poke|p2|Shiftry, F|
|poke|p2|Golem, M|
|teampreview
|j| ohko_smeargle
|inactive|Battle timer is ON: inactive players will automatically lose when time's up. (requested by Charles Kirkius)
|
|t:|1776113819
|teamsize|p1|6
|teamsize|p2|6
|start
|switch|p1a: Okidogi|Okidogi, M|100/100
|switch|p2a: Thundurus|Thundurus-Therian, M|100/100
|turn|1
|
|t:|1776113831
|move|p2a: Thundurus|Nasty Plot|p2a: Thundurus
|-boost|p2a: Thundurus|spa|2
|move|p1a: Okidogi|Knock Off|p2a: Thundurus
|-damage|p2a: Thundurus|49/100
|-enditem|p2a: Thundurus|Heavy-Duty Boots|[from] move: Knock Off|[of] p1a: Okidogi
|
|upkeep
|turn|2
|
|t:|1776113841
|switch|p1a: Goodra|Goodra-Hisui, F, shiny|100/100
|move|p2a: Thundurus|Thunderbolt|p1a: Goodra
|-resisted|p1a: Goodra
|-damage|p1a: Goodra|78/100
|
|upkeep
|turn|3
|
|t:|1776113854
|move|p2a: Thundurus|Thunderbolt|p1a: Goodra
|-resisted|p1a: Goodra
|-damage|p1a: Goodra|54/100
|move|p1a: Goodra|Fire Blast|p2a: Thundurus
|-crit|p2a: Thundurus
|-damage|p2a: Thundurus|0 fnt
|faint|p2a: Thundurus
|
|upkeep
|
|t:|1776113862
|switch|p2a: Zamazenta|Zamazenta|100/100
|-ability|p2a: Zamazenta|Dauntless Shield|boost
|-boost|p2a: Zamazenta|def|1
|turn|4
|
|t:|1776113871
|-terastallize|p1a: Goodra|Ghost
|move|p2a: Zamazenta|Ice Fang|p1a: Goodra
|-damage|p1a: Goodra|34/100
|move|p1a: Goodra|Flash Cannon|p2a: Zamazenta
|-damage|p2a: Zamazenta|64/100
|
|upkeep
|turn|5
|
|t:|1776113878
|move|p2a: Zamazenta|Crunch|p1a: Goodra
|-supereffective|p1a: Goodra
|-damage|p1a: Goodra|0 fnt
|faint|p1a: Goodra
|
|upkeep
|
|t:|1776113896
|switch|p1a: Latios|Latios, M, shiny|100/100
|turn|6
|
|t:|1776113905
|move|p2a: Zamazenta|Crunch|p1a: Latios
|-supereffective|p1a: Latios
|-damage|p1a: Latios|29/100
|move|p1a: Latios|Future Sight|p2a: Zamazenta
|-start|p1a: Latios|move: Future Sight
|
|upkeep
|turn|7
|
|t:|1776113911
|move|p2a: Zamazenta|Ice Fang|p1a: Latios
|-supereffective|p1a: Latios
|-damage|p1a: Latios|0 fnt
|faint|p1a: Latios
|
|upkeep
|
|t:|1776113918
|switch|p1a: Zamazenta|Zamazenta, shiny|100/100
|-ability|p1a: Zamazenta|Dauntless Shield|boost
|-boost|p1a: Zamazenta|def|1
|turn|8
|
|t:|1776113925
|switch|p2a: Corviknight|Corviknight, F|100/100
|-ability|p2a: Corviknight|Pressure
|move|p1a: Zamazenta|Iron Defense|p1a: Zamazenta
|-boost|p1a: Zamazenta|def|2
|
|-end|p2a: Corviknight|move: Future Sight
|-resisted|p2a: Corviknight
|-damage|p2a: Corviknight|68/100
|upkeep
|turn|9
|
|t:|1776113946
|move|p1a: Zamazenta|Iron Defense|p1a: Zamazenta
|-boost|p1a: Zamazenta|def|2
|move|p2a: Corviknight|U-turn|p1a: Zamazenta
|-resisted|p1a: Zamazenta
|-damage|p1a: Zamazenta|99/100
|
|t:|1776113960
|switch|p2a: Slowking|Slowking-Galar, F|100/100|[from] U-turn
|
|-heal|p1a: Zamazenta|100/100|[from] item: Leftovers
|upkeep
|turn|10
|
|t:|1776113966
|move|p1a: Zamazenta|Body Press|p2a: Slowking
|-resisted|p2a: Slowking
|-damage|p2a: Slowking|69/100
|move|p2a: Slowking|Future Sight|p1a: Zamazenta
|-start|p2a: Slowking|move: Future Sight
|
|upkeep
|turn|11
|
|t:|1776113975
|move|p1a: Zamazenta|Crunch|p2a: Slowking
|-supereffective|p2a: Slowking
|-damage|p2a: Slowking|24/100
|-unboost|p2a: Slowking|def|1
|-prepare|p2a: Slowking|Chilly Reception|[premajor]
|move|p2a: Slowking|Chilly Reception|p2a: Slowking
|-weather|Snowscape
|
|t:|1776113994
|switch|p2a: Shiftry|Shiftry, F|100/100|[from] Chilly Reception
|
|-weather|Snowscape|[upkeep]
|upkeep
|turn|12
|
|t:|1776113999
|move|p1a: Zamazenta|Substitute|p1a: Zamazenta
|-start|p1a: Zamazenta|Substitute
|-damage|p1a: Zamazenta|75/100
|move|p2a: Shiftry|Tailwind|p2a: Shiftry
|-sidestart|p2: sometimesstandard|move: Tailwind
|-ability|p2a: Shiftry|Wind Rider|boost
|-boost|p2a: Shiftry|atk|1
|
|-weather|Snowscape|[upkeep]
|-end|p1a: Zamazenta|move: Future Sight
|-supereffective|p1a: Zamazenta
|-end|p1a: Zamazenta|Substitute
|-heal|p1a: Zamazenta|82/100|[from] item: Leftovers
|upkeep
|turn|13
|
|t:|1776114010
|move|p2a: Shiftry|Knock Off|p1a: Zamazenta
|-resisted|p1a: Zamazenta
|-damage|p1a: Zamazenta|73/100
|-enditem|p1a: Zamazenta|Leftovers|[from] move: Knock Off|[of] p2a: Shiftry
|-damage|p2a: Shiftry|91/100|[from] item: Life Orb
|move|p1a: Zamazenta|Substitute|p1a: Zamazenta
|-start|p1a: Zamazenta|Substitute
|-damage|p1a: Zamazenta|48/100
|
|-weather|Snowscape|[upkeep]
|upkeep
|turn|14
|
|t:|1776114013
|move|p2a: Shiftry|Leaf Blade|p1a: Zamazenta
|-activate|p1a: Zamazenta|move: Substitute|[damage]
|-damage|p2a: Shiftry|81/100|[from] item: Life Orb
|move|p1a: Zamazenta|Body Press|p2a: Shiftry
|-supereffective|p2a: Shiftry
|-damage|p2a: Shiftry|0 fnt
|faint|p2a: Shiftry
|
|-weather|Snowscape|[upkeep]
|upkeep
|
|t:|1776114027
|switch|p2a: Slowking|Slowking-Galar, F|57/100
|turn|15
|
|t:|1776114034
|move|p1a: Zamazenta|Crunch|p2a: Slowking
|-supereffective|p2a: Slowking
|-damage|p2a: Slowking|10/100
|move|p2a: Slowking|Future Sight|p1a: Zamazenta
|-start|p2a: Slowking|move: Future Sight
|
|-weather|none
|-sideend|p2: sometimesstandard|move: Tailwind
|upkeep
|turn|16
|inactive|sometimesstandard has 120 seconds left.
|
|t:|1776114076
|switch|p2a: Corviknight|Corviknight, F|68/100
|-ability|p2a: Corviknight|Pressure
|move|p1a: Zamazenta|Body Press|p2a: Corviknight
|-crit|p2a: Corviknight
|-damage|p2a: Corviknight|0 fnt
|-damage|p1a: Zamazenta|31/100|[from] item: Rocky Helmet|[of] p2a: Corviknight
|faint|p2a: Corviknight
|
|upkeep
|inactive|sometimesstandard has 90 seconds left.
|
|t:|1776114115
|switch|p2a: Golem|Golem, M|100/100
|turn|17
|
|t:|1776114126
|move|p1a: Zamazenta|Body Press|p2a: Golem
|-supereffective|p2a: Golem
|-ability|p2a: Golem|Sturdy
|-damage|p2a: Golem|1/100
|move|p2a: Golem|Stealth Rock|p1a: Zamazenta
|-sidestart|p1: Charles Kirkius|move: Stealth Rock
|
|-end|p1a: Zamazenta|move: Future Sight
|-supereffective|p1a: Zamazenta
|-end|p1a: Zamazenta|Substitute
|upkeep
|turn|18
|-enditem|p2a: Golem|Custap Berry|[eat]
|-activate|p2a: Golem|item: Custap Berry|[consumed]
|
|t:|1776114136
|move|p2a: Golem|Explosion|p1a: Zamazenta
|-damage|p1a: Zamazenta|11/100
|faint|p2a: Golem
|move|p1a: Zamazenta|Substitute|p1a: Zamazenta
|-fail|p1a: Zamazenta|move: Substitute|[weak]
|
|upkeep
|
|t:|1776114147
|switch|p2a: Slowking|Slowking-Galar, F|44/100
|turn|19
|
|t:|1776114151
|switch|p2a: Zamazenta|Zamazenta|64/100
|move|p1a: Zamazenta|Crunch|p2a: Zamazenta
|-resisted|p2a: Zamazenta
|-damage|p2a: Zamazenta|55/100
|
|upkeep
|turn|20
|
|t:|1776114159
|move|p2a: Zamazenta|Close Combat|p1a: Zamazenta
|-damage|p1a: Zamazenta|0 fnt
|-unboost|p2a: Zamazenta|def|1
|-unboost|p2a: Zamazenta|spd|1
|faint|p1a: Zamazenta
|
|upkeep
|
|t:|1776114166
|switch|p1a: Okidogi|Okidogi, M|100/100
|-damage|p1a: Okidogi|94/100|[from] Stealth Rock
|turn|21
|inactive|sometimesstandard has 90 seconds left.
|
|t:|1776114191
|move|p2a: Zamazenta|Ice Fang|p1a: Okidogi
|-damage|p1a: Okidogi|79/100
|move|p1a: Okidogi|Bulk Up|p1a: Okidogi
|-boost|p1a: Okidogi|atk|1
|-boost|p1a: Okidogi|def|1
|
|-heal|p1a: Okidogi|85/100|[from] item: Leftovers
|upkeep
|turn|22
|inactive|sometimesstandard has 90 seconds left.
|
|t:|1776114201
|switch|p2a: Slowking|Slowking-Galar, F|77/100
|move|p1a: Okidogi|Knock Off|p2a: Slowking
|-supereffective|p2a: Slowking
|-damage|p2a: Slowking|0 fnt
|-enditem|p2a: Slowking|Heavy-Duty Boots|[from] move: Knock Off|[of] p1a: Okidogi
|faint|p2a: Slowking
|
|-heal|p1a: Okidogi|91/100|[from] item: Leftovers
|upkeep
|inactive|sometimesstandard has 90 seconds left.
|-message|sometimesstandard forfeited.
|
|win|Charles Kirkius
|raw|Charles Kirkius's rating: 1540 &rarr; <strong>1558</strong><br />(+18 for winning)
|raw|sometimesstandard's rating: 1503 &rarr; <strong>1485</strong><br />(-18 for losing)
|l|☆sometimesstandard
|player|p2|
|l| ohko_smeargle
|l|☆Charles Kirkius
|player|p1|
