|html|<div class="broadcast-blue"><strong>[Gen 9] OU is currently suspecting Tera Blast! For information on how to participate check out the <a href="https://www.smogon.com/tools/suspects/view/200">suspect thread</a>.</strong></div>
|j|‽Chef Aera
|j|☆mistuhgillies
|t:|1776062433
|gametype|singles
|player|p1|Chef Aera|shelly|1104
|player|p2|mistuhgillies|170|1109
|gen|9
|tier|[Gen 9] OU
|rated|
|rule|HP Percentage Mod: HP is shown in percentages
|rule|Endless Battle Clause: Forcing endless battles is banned
|rule|Species Clause: Limit one of each Pokémon
|rule|OHKO Clause: OHKO moves are banned
|rule|Evasion Items Clause: Evasion items are banned
|rule|Evasion Moves Clause: Evasion moves are banned
|rule|Evasion Abilities Clause: Evasion abilities are banned
|rule|Sleep Moves Clause: Sleep-inducing moves are banned
|clearpoke
|poke|p1|Hoopa-Unbound|
|poke|p1|Great Tusk|
|poke|p1|Cinderace, M|
|poke|p1|Dragonite, M|
|poke|p1|Hitmonlee, M|
|poke|p1|Donphan, F|
|poke|p2|Farigiraf, M|
|poke|p2|Iron Valiant|
|poke|p2|Gholdengo|
|poke|p2|Great Tusk|
|poke|p2|Enamorus, F|
|poke|p2|Meowscarada, M|
|teampreview
|inactive|Battle timer is ON: inactive players will automatically lose when time's up. (requested by Chef Aera)
|
|t:|1776062446
|teamsize|p1|6
|teamsize|p2|6
|start
|switch|p1a: Donphan|Donphan, F|100/100
|switch|p2a: Iron Valiant|Iron Valiant|100/100
|turn|1
|
|t:|1776062458
|-terastallize|p2a: Iron Valiant|Fairy
|move|p2a: Iron Valiant|Moonblast|p1a: Donphan
|-damage|p1a: Donphan|13/100
|-unboost|p1a: Donphan|spa|1
|move|p1a: Donphan|Stealth Rock|p2a: Iron Valiant
|-sidestart|p2: mistuhgillies|move: Stealth Rock
|
|upkeep
|turn|2
|-enditem|p1a: Donphan|Custap Berry|[eat]
|-activate|p1a: Donphan|item: Custap Berry|[consumed]
|
|t:|1776062468
|move|p1a: Donphan|Endeavor|p2a: Iron Valiant
|-damage|p2a: Iron Valiant|17/100
|move|p2a: Iron Valiant|Moonblast|p1a: Donphan
|-damage|p1a: Donphan|0 fnt
|faint|p1a: Donphan
|
|upkeep
|
|t:|1776062485
|switch|p1a: Dragonite|Dragonite, M|100/100
|turn|3
|
|t:|1776062491
|-end|p2a: Iron Valiant|Quark Drive|[silent]
|switch|p2a: Gholdengo|Gholdengo|100/100
|-damage|p2a: Gholdengo|94/100|[from] Stealth Rock
|move|p1a: Dragonite|Extreme Speed|p2a: Gholdengo
|-immune|p2a: Gholdengo
|
|upkeep
|turn|4
|
|t:|1776062501
|move|p2a: Gholdengo|Thunderbolt|p1a: Dragonite
|-damage|p1a: Dragonite|86/100
|move|p1a: Dragonite|Earthquake|p2a: Gholdengo
|-supereffective|p2a: Gholdengo
|-damage|p2a: Gholdengo|6/100
|
|upkeep
|turn|5
|
|t:|1776062511
|move|p2a: Gholdengo|Thunderbolt|p1a: Dragonite
|-damage|p1a: Dragonite|56/100
|move|p1a: Dragonite|Roost|p1a: Dragonite
|-heal|p1a: Dragonite|100/100
|-singleturn|p1a: Dragonite|move: Roost
|
|upkeep
|turn|6
|
|t:|1776062518
|switch|p1a: Great Tusk|Great Tusk|100/100
|move|p2a: Gholdengo|Thunderbolt|p1a: Great Tusk
|-immune|p1a: Great Tusk
|
|upkeep
|turn|7
|
|t:|1776062529
|switch|p2a: Meowscarada|Meowscarada, M|100/100
|-damage|p2a: Meowscarada|88/100|[from] Stealth Rock
|move|p1a: Great Tusk|Ice Spinner|p2a: Meowscarada
|-supereffective|p2a: Meowscarada
|-damage|p2a: Meowscarada|4/100
|
|upkeep
|turn|8
|
|t:|1776062537
|move|p2a: Meowscarada|Flower Trick|p1a: Great Tusk
|-start|p2a: Meowscarada|typechange|Grass|[from] ability: Protean
|-supereffective|p1a: Great Tusk
|-crit|p1a: Great Tusk
|-damage|p1a: Great Tusk|26/100
|move|p1a: Great Tusk|Rapid Spin|p2a: Meowscarada
|-damage|p2a: Meowscarada|0 fnt
|-boost|p1a: Great Tusk|spe|1
|faint|p2a: Meowscarada
|
|upkeep
|
|t:|1776062551
|switch|p2a: Enamorus|Enamorus, F|100/100
|-damage|p2a: Enamorus|76/100|[from] Stealth Rock
|turn|9
|
|t:|1776062561
|move|p2a: Enamorus|Earth Power|p1a: Great Tusk
|-damage|p1a: Great Tusk|0 fnt
|faint|p1a: Great Tusk
|-end|p1a: Great Tusk|Protosynthesis|[silent]
|
|upkeep
|
|t:|1776062585
|switch|p1a: Cinderace|Cinderace, M|100/100
|turn|10
|
|t:|1776062592
|move|p2a: Enamorus|Earth Power|p1a: Cinderace
|-supereffective|p1a: Cinderace
|-damage|p1a: Cinderace|27/100
|move|p1a: Cinderace|Pyro Ball|p2a: Enamorus
|-damage|p2a: Enamorus|0 fnt
|faint|p2a: Enamorus
|
|upkeep
|
|t:|1776062601
|switch|p2a: Great Tusk|Great Tusk|100/100
|-damage|p2a: Great Tusk|98/100|[from] Stealth Rock
|turn|11
|
|t:|1776062610
|move|p2a: Great Tusk|Close Combat|p1a: Cinderace
|-damage|p1a: Cinderace|0 fnt
|-unboost|p2a: Great Tusk|def|1
|-unboost|p2a: Great Tusk|spd|1
|faint|p1a: Cinderace
|
|upkeep
|
|t:|1776062621
|switch|p1a: Hitmonlee|Hitmonlee, M, shiny|100/100
|turn|12
|
|t:|1776062628
|-end|p2a: Great Tusk|Protosynthesis|[silent]
|switch|p2a: Farigiraf|Farigiraf, M|100/100
|-damage|p2a: Farigiraf|88/100|[from] Stealth Rock
|move|p1a: Hitmonlee|Endure||[still]
|-fail|p1a: Hitmonlee
|
|upkeep
|turn|13
|
|t:|1776062638
|move|p1a: Hitmonlee|Endure|p1a: Hitmonlee
|-singleturn|p1a: Hitmonlee|move: Endure
|move|p2a: Farigiraf|Psychic Noise|p1a: Hitmonlee
|-supereffective|p1a: Hitmonlee
|-damage|p1a: Hitmonlee|11/100
|-start|p1a: Hitmonlee|move: Heal Block
|-enditem|p1a: Hitmonlee|Liechi Berry|[eat]
|-boost|p1a: Hitmonlee|atk|1|[from] item: Liechi Berry
|
|upkeep
|turn|14
|
|t:|1776062649
|-terastallize|p1a: Hitmonlee|Fighting
|move|p1a: Hitmonlee|Reversal|p2a: Farigiraf
|-damage|p2a: Farigiraf|0 fnt
|faint|p2a: Farigiraf
|
|-end|p1a: Hitmonlee|move: Heal Block
|upkeep
|
|t:|1776062659
|switch|p2a: Great Tusk|Great Tusk|98/100
|-damage|p2a: Great Tusk|95/100|[from] Stealth Rock
|turn|15
|
|t:|1776062664
|move|p1a: Hitmonlee|Reversal|p2a: Great Tusk
|-damage|p2a: Great Tusk|0 fnt
|faint|p2a: Great Tusk
|-end|p2a: Great Tusk|Protosynthesis|[silent]
|
|upkeep
|
|t:|1776062670
|switch|p2a: Iron Valiant|Iron Valiant, tera:Fairy|17/100
|-damage|p2a: Iron Valiant|5/100|[from] Stealth Rock
|turn|16
|
|t:|1776062678
|move|p1a: Hitmonlee|Endure|p1a: Hitmonlee
|-singleturn|p1a: Hitmonlee|move: Endure
|move|p2a: Iron Valiant|Moonblast|p1a: Hitmonlee
|-supereffective|p1a: Hitmonlee
|-activate|p1a: Hitmonlee|move: Endure
|-damage|p1a: Hitmonlee|1/100
|
|upkeep
|turn|17
|
|t:|1776062686
|move|p1a: Hitmonlee|Reversal|p2a: Iron Valiant
|-resisted|p2a: Iron Valiant
|-damage|p2a: Iron Valiant|0 fnt
|faint|p2a: Iron Valiant
|-end|p2a: Iron Valiant|Quark Drive|[silent]
|
|upkeep
|
|t:|1776062692
|switch|p2a: Gholdengo|Gholdengo|6/100
|-damage|p2a: Gholdengo|0 fnt|[from] Stealth Rock
|faint|p2a: Gholdengo
|
|win|Chef Aera
|raw|Chef Aera's rating: 1104 &rarr; <strong>1129</strong><br />(+25 for winning)
|raw|mistuhgillies's rating: 1109 &rarr; <strong>1084</strong><br />(-25 for losing)
|l|☆mistuhgillies
|player|p2|
|l|‽Chef Aera
|player|p1|
