|html|<div class="broadcast-blue"><strong>[Gen 9] OU is currently suspecting Tera Blast! For information on how to participate check out the <a href="https://www.smogon.com/tools/suspects/view/200">suspect thread</a>.</strong></div>
|j|☆luvito
|j|☆uvuybih
|t:|1776316805
|gametype|singles
|player|p1|luvito|policeman|1089
|player|p2|uvuybih|fisherman-gen4|1121
|gen|9
|tier|[Gen 9] OU
|rated|
|rule|HP Percentage Mod: HP is shown in percentages
|rule|Endless Battle Clause: Forcing endless battles is banned
|rule|Species Clause: Limit one of each Pokémon
|rule|OHKO Clause: OHKO moves are banned
|rule|Evasion Items Clause: Evasion items are banned
|rule|Evasion Moves Clause: Evasion moves are banned
|rule|Evasion Abilities Clause: Evasion abilities are banned
|rule|Sleep Moves Clause: Sleep-inducing moves are banned
|clearpoke
|poke|p1|Maushold|
|poke|p1|Garchomp, F|
|poke|p1|Toxapex, F|
|poke|p1|Minior-Indigo|
|poke|p1|Incineroar, M|
|poke|p1|Zapdos-Galar|
|poke|p2|Incineroar, M|
|poke|p2|Kingambit, M|
|poke|p2|Dragapult, M|
|poke|p2|Deoxys-Speed|
|poke|p2|Dragonite, F|
|poke|p2|Kyurem|
|teampreview
|
|t:|1776316812
|teamsize|p1|6
|teamsize|p2|6
|start
|switch|p1a: Garchomp|Garchomp, F|100/100
|switch|p2a: Deoxys|Deoxys-Speed|100/100
|-ability|p2a: Deoxys|Pressure
|turn|1
|
|t:|1776316828
|move|p2a: Deoxys|Reflect|p2a: Deoxys
|-sidestart|p2: uvuybih|Reflect
|move|p1a: Garchomp|Stealth Rock|p2a: Deoxys
|-sidestart|p2: uvuybih|move: Stealth Rock
|
|upkeep
|turn|2
|
|t:|1776316833
|move|p2a: Deoxys|Light Screen|p2a: Deoxys
|-sidestart|p2: uvuybih|move: Light Screen
|move|p1a: Garchomp|Breaking Swipe|p2a: Deoxys
|-damage|p2a: Deoxys|83/100
|-unboost|p2a: Deoxys|atk|1
|
|upkeep
|turn|3
|
|t:|1776316852
|switch|p2a: Dragapult|Dragapult, M|100/100
|-damage|p2a: Dragapult|88/100|[from] Stealth Rock
|switch|p1a: Toxapex|Toxapex, F, shiny|100/100
|
|upkeep
|turn|4
|
|t:|1776316861
|move|p2a: Dragapult|Dragon Dance|p2a: Dragapult
|-boost|p2a: Dragapult|atk|1
|-boost|p2a: Dragapult|spe|1
|move|p1a: Toxapex|Toxic Spikes|p2a: Dragapult
|-sidestart|p2: uvuybih|move: Toxic Spikes
|
|upkeep
|turn|5
|
|t:|1776316868
|move|p2a: Dragapult|Dragon Darts|p1a: Toxapex
|-damage|p1a: Toxapex|58/100
|-anim|p2a: Dragapult|Dragon Darts|p1a: Toxapex
|-damage|p1a: Toxapex|19/100
|-damage|p2a: Dragapult|78/100|[from] item: Life Orb
|move|p1a: Toxapex|Toxic|p2a: Dragapult
|-status|p2a: Dragapult|tox
|
|-heal|p1a: Toxapex|25/100|[from] item: Leftovers
|-damage|p2a: Dragapult|73/100 tox|[from] psn
|-sideend|p2: uvuybih|Reflect
|upkeep
|turn|6
|
|t:|1776316899
|move|p2a: Dragapult|Dragon Darts|p1a: Toxapex
|-damage|p1a: Toxapex|0 fnt
|faint|p1a: Toxapex
|-damage|p2a: Dragapult|63/100 tox|[from] item: Life Orb
|
|-damage|p2a: Dragapult|51/100 tox|[from] psn
|-sideend|p2: uvuybih|move: Light Screen
|upkeep
|
|t:|1776316909
|switch|p1a: Garchomp|Garchomp, F|100/100
|turn|7
|
|t:|1776316921
|-terastallize|p2a: Dragapult|Fairy
|move|p2a: Dragapult|Tera Blast|p1a: Garchomp|[anim] Tera Blast Fairy
|-supereffective|p1a: Garchomp
|-damage|p1a: Garchomp|0 fnt
|faint|p1a: Garchomp
|-damage|p2a: Dragapult|41/100 tox|[from] item: Life Orb
|
|-damage|p2a: Dragapult|23/100 tox|[from] psn
|upkeep
|
|t:|1776316931
|switch|p1a: Incineroar|Incineroar, M|100/100
|-ability|p1a: Incineroar|Intimidate|boost
|-fail|p2a: Dragapult|unboost|[from] ability: Clear Body|[of] p2a: Dragapult
|turn|8
|
|t:|1776316941
|move|p2a: Dragapult|Dragon Darts|p1a: Incineroar
|-damage|p1a: Incineroar|60/100
|-anim|p2a: Dragapult|Dragon Darts|p1a: Incineroar
|-damage|p1a: Incineroar|18/100
|-damage|p2a: Dragapult|13/100 tox|[from] item: Life Orb
|move|p1a: Incineroar|Bulk Up|p1a: Incineroar
|-boost|p1a: Incineroar|atk|1
|-boost|p1a: Incineroar|def|1
|
|-heal|p1a: Incineroar|24/100|[from] item: Leftovers
|-damage|p2a: Dragapult|0 fnt|[from] psn
|faint|p2a: Dragapult
|upkeep
|
|t:|1776316960
|switch|p2a: Kingambit|Kingambit, M|100/100
|-damage|p2a: Kingambit|94/100|[from] Stealth Rock
|-activate|p2a: Kingambit|ability: Supreme Overlord
|-start|p2a: Kingambit|fallen1|[silent]
|turn|9
|
|t:|1776316972
|move|p1a: Incineroar|Drain Punch|p2a: Kingambit
|-supereffective|p2a: Kingambit
|-damage|p2a: Kingambit|3/100
|-heal|p1a: Incineroar|71/100|[from] drain|[of] p2a: Kingambit
|move|p2a: Kingambit|Low Kick|p1a: Incineroar
|-supereffective|p1a: Incineroar
|-damage|p1a: Incineroar|41/100
|
|-heal|p1a: Incineroar|47/100|[from] item: Leftovers
|upkeep
|turn|10
|
|t:|1776316985
|move|p2a: Kingambit|Sucker Punch||[still]
|-fail|p2a: Kingambit
|move|p1a: Incineroar|Bulk Up|p1a: Incineroar
|-boost|p1a: Incineroar|atk|1
|-boost|p1a: Incineroar|def|1
|
|-heal|p1a: Incineroar|53/100|[from] item: Leftovers
|upkeep
|turn|11
|
|t:|1776316994
|-end|p2a: Kingambit|fallen1|[silent]
|switch|p2a: Dragonite|Dragonite, F|100/100
|move|p1a: Incineroar|Bulk Up|p1a: Incineroar
|-boost|p1a: Incineroar|atk|1
|-boost|p1a: Incineroar|def|1
|
|-heal|p1a: Incineroar|59/100|[from] item: Leftovers
|upkeep
|turn|12
|
|t:|1776317008
|move|p2a: Dragonite|Encore|p1a: Incineroar
|-start|p1a: Incineroar|Encore
|move|p1a: Incineroar|Bulk Up|p1a: Incineroar
|-boost|p1a: Incineroar|atk|1
|-boost|p1a: Incineroar|def|1
|
|-heal|p1a: Incineroar|65/100|[from] item: Leftovers
|upkeep
|turn|13
|
|t:|1776317015
|move|p2a: Dragonite|Earthquake|p1a: Incineroar
|-supereffective|p1a: Incineroar
|-damage|p1a: Incineroar|44/100
|move|p1a: Incineroar|Bulk Up|p1a: Incineroar
|-boost|p1a: Incineroar|atk|1
|-boost|p1a: Incineroar|def|1
|
|-heal|p1a: Incineroar|50/100|[from] item: Leftovers
|upkeep
|turn|14
|
|t:|1776317022
|move|p2a: Dragonite|Earthquake|p1a: Incineroar
|-supereffective|p1a: Incineroar
|-damage|p1a: Incineroar|32/100
|move|p1a: Incineroar|Bulk Up|p1a: Incineroar
|-boost|p1a: Incineroar|atk|1
|-boost|p1a: Incineroar|def|1
|
|-heal|p1a: Incineroar|38/100|[from] item: Leftovers
|-end|p1a: Incineroar|Encore
|upkeep
|turn|15
|
|t:|1776317034
|move|p2a: Dragonite|Encore|p1a: Incineroar
|-start|p1a: Incineroar|Encore
|move|p1a: Incineroar|Bulk Up|p1a: Incineroar
|-boost|p1a: Incineroar|atk|0
|-boost|p1a: Incineroar|def|0
|
|-heal|p1a: Incineroar|44/100|[from] item: Leftovers
|upkeep
|turn|16
|
|t:|1776317041
|move|p2a: Dragonite|Dragon Dance|p2a: Dragonite
|-boost|p2a: Dragonite|atk|1
|-boost|p2a: Dragonite|spe|1
|move|p1a: Incineroar|Bulk Up|p1a: Incineroar
|-boost|p1a: Incineroar|atk|0
|-boost|p1a: Incineroar|def|0
|
|-heal|p1a: Incineroar|50/100|[from] item: Leftovers
|upkeep
|turn|17
|
|t:|1776317050
|move|p2a: Dragonite|Dragon Dance|p2a: Dragonite
|-boost|p2a: Dragonite|atk|1
|-boost|p2a: Dragonite|spe|1
|move|p1a: Incineroar|Bulk Up|p1a: Incineroar
|-boost|p1a: Incineroar|atk|0
|-boost|p1a: Incineroar|def|0
|
|-heal|p1a: Incineroar|56/100|[from] item: Leftovers
|-end|p1a: Incineroar|Encore
|upkeep
|turn|18
|
|t:|1776317059
|-terastallize|p1a: Incineroar|Fire
|move|p2a: Dragonite|Encore|p1a: Incineroar
|-start|p1a: Incineroar|Encore
|move|p1a: Incineroar|Bulk Up|p1a: Incineroar
|-boost|p1a: Incineroar|atk|0
|-boost|p1a: Incineroar|def|0
|
|-heal|p1a: Incineroar|62/100|[from] item: Leftovers
|upkeep
|turn|19
|
|t:|1776317068
|move|p2a: Dragonite|Dragon Dance|p2a: Dragonite
|-boost|p2a: Dragonite|atk|1
|-boost|p2a: Dragonite|spe|1
|move|p1a: Incineroar|Bulk Up|p1a: Incineroar
|-boost|p1a: Incineroar|atk|0
|-boost|p1a: Incineroar|def|0
|
|-heal|p1a: Incineroar|68/100|[from] item: Leftovers
|upkeep
|turn|20
|
|t:|1776317075
|move|p2a: Dragonite|Dragon Dance|p2a: Dragonite
|-boost|p2a: Dragonite|atk|1
|-boost|p2a: Dragonite|spe|1
|move|p1a: Incineroar|Bulk Up|p1a: Incineroar
|-boost|p1a: Incineroar|atk|0
|-boost|p1a: Incineroar|def|0
|
|-heal|p1a: Incineroar|74/100|[from] item: Leftovers
|-end|p1a: Incineroar|Encore
|upkeep
|turn|21
|
|t:|1776317083
|move|p2a: Dragonite|Encore|p1a: Incineroar
|-start|p1a: Incineroar|Encore
|move|p1a: Incineroar|Bulk Up|p1a: Incineroar
|-boost|p1a: Incineroar|atk|0
|-boost|p1a: Incineroar|def|0
|
|-heal|p1a: Incineroar|80/100|[from] item: Leftovers
|upkeep
|turn|22
|
|t:|1776317092
|move|p2a: Dragonite|Dragon Dance|p2a: Dragonite
|-boost|p2a: Dragonite|atk|1
|-boost|p2a: Dragonite|spe|1
|move|p1a: Incineroar|Bulk Up|p1a: Incineroar
|-boost|p1a: Incineroar|atk|0
|-boost|p1a: Incineroar|def|0
|
|-heal|p1a: Incineroar|86/100|[from] item: Leftovers
|upkeep
|turn|23
|
|t:|1776317100
|move|p2a: Dragonite|Dragon Dance|p2a: Dragonite
|-boost|p2a: Dragonite|atk|1
|-boost|p2a: Dragonite|spe|1
|move|p1a: Incineroar|Bulk Up|p1a: Incineroar
|-boost|p1a: Incineroar|atk|0
|-boost|p1a: Incineroar|def|0
|
|-heal|p1a: Incineroar|92/100|[from] item: Leftovers
|-end|p1a: Incineroar|Encore
|upkeep
|turn|24
|
|t:|1776317109
|move|p2a: Dragonite|Encore|p1a: Incineroar
|-start|p1a: Incineroar|Encore
|move|p1a: Incineroar|Bulk Up|p1a: Incineroar
|-boost|p1a: Incineroar|atk|0
|-boost|p1a: Incineroar|def|0
|
|-heal|p1a: Incineroar|98/100|[from] item: Leftovers
|upkeep
|turn|25
|
|t:|1776317116
|move|p2a: Dragonite|Earthquake|p1a: Incineroar
|-supereffective|p1a: Incineroar
|-damage|p1a: Incineroar|39/100
|move|p1a: Incineroar|Bulk Up|p1a: Incineroar
|-boost|p1a: Incineroar|atk|0
|-boost|p1a: Incineroar|def|0
|
|-heal|p1a: Incineroar|45/100|[from] item: Leftovers
|upkeep
|turn|26
|
|t:|1776317124
|move|p2a: Dragonite|Earthquake|p1a: Incineroar
|-supereffective|p1a: Incineroar
|-damage|p1a: Incineroar|0 fnt
|faint|p1a: Incineroar
|
|upkeep
|
|t:|1776317128
|switch|p1a: Minior|Minior-Indigo, shiny|100/100
|-formechange|p1a: Minior|Minior-Meteor||[from] ability: Shields Down
|turn|27
|
|t:|1776317135
|move|p2a: Dragonite|Extreme Speed|p1a: Minior
|-resisted|p1a: Minior
|-damage|p1a: Minior|20/100
|move|p1a: Minior|Ancient Power|p2a: Dragonite
|-supereffective|p2a: Dragonite
|-damage|p2a: Dragonite|66/100
|
|-formechange|p1a: Minior|Minior-Indigo||[from] ability: Shields Down
|upkeep
|turn|28
|
|t:|1776317143
|move|p2a: Dragonite|Extreme Speed|p1a: Minior
|-resisted|p1a: Minior
|-damage|p1a: Minior|0 fnt
|faint|p1a: Minior
|
|upkeep
|
|t:|1776317147
|switch|p1a: Zapdos|Zapdos-Galar, shiny|100/100
|turn|29
|
|t:|1776317151
|move|p2a: Dragonite|Extreme Speed|p1a: Zapdos
|-damage|p1a: Zapdos|0 fnt
|faint|p1a: Zapdos
|
|upkeep
|
|t:|1776317154
|switch|p1a: Maushold|Maushold|100/100
|turn|30
|
|t:|1776317158
|move|p2a: Dragonite|Earthquake|p1a: Maushold
|-damage|p1a: Maushold|0 fnt
|faint|p1a: Maushold
|
|win|uvuybih
|raw|luvito's rating: 1089 &rarr; <strong>1068</strong><br />(-21 for losing)
|raw|uvuybih's rating: 1121 &rarr; <strong>1144</strong><br />(+23 for winning)
|l|☆luvito
|player|p1|
