|html|<div class="broadcast-blue"><strong>[Gen 9] OU is currently suspecting Tera Blast! For information on how to participate check out the <a href="https://www.smogon.com/tools/suspects/view/200">suspect thread</a>.</strong></div>
|j|☆brrbrr1
|j|☆Lowropio
|t:|1776092096
|gametype|singles
|player|p1|brrbrr1|101|1194
|player|p2|Lowropio|iris-gen5bw2|1177
|gen|9
|tier|[Gen 9] OU
|rated|
|rule|HP Percentage Mod: HP is shown in percentages
|rule|Endless Battle Clause: Forcing endless battles is banned
|rule|Species Clause: Limit one of each Pokémon
|rule|OHKO Clause: OHKO moves are banned
|rule|Evasion Items Clause: Evasion items are banned
|rule|Evasion Moves Clause: Evasion moves are banned
|rule|Evasion Abilities Clause: Evasion abilities are banned
|rule|Sleep Moves Clause: Sleep-inducing moves are banned
|clearpoke
|poke|p1|Sandslash-Alola, F|
|poke|p1|Ninetales-Alola, M|
|poke|p1|Rotom-Wash|
|poke|p1|Gliscor, M|
|poke|p1|Hitmontop, M|
|poke|p1|Slowking-Galar, F|
|poke|p2|Pecharunt|
|poke|p2|Walking Wake|
|poke|p2|Kingambit, F|
|poke|p2|Ogerpon-Wellspring, F|
|poke|p2|Enamorus, F|
|poke|p2|Landorus-Therian, M|
|teampreview
|inactive|Battle timer is ON: inactive players will automatically lose when time's up. (requested by Lowropio)
|
|t:|1776092128
|teamsize|p1|6
|teamsize|p2|6
|start
|switch|p1a: Gliscor|Gliscor, M, shiny|100/100
|switch|p2a: Landorus|Landorus-Therian, M, shiny|100/100
|-ability|p2a: Landorus|Intimidate|boost
|-unboost|p1a: Gliscor|atk|1
|turn|1
|
|t:|1776092138
|move|p2a: Landorus|Sunny Day|p2a: Landorus
|-weather|SunnyDay
|move|p1a: Gliscor|Toxic|p2a: Landorus
|-status|p2a: Landorus|tox
|
|-weather|SunnyDay|[upkeep]
|-damage|p2a: Landorus|95/100 tox|[from] psn
|-status|p1a: Gliscor|tox|[from] item: Toxic Orb
|upkeep
|turn|2
|
|t:|1776092149
|switch|p2a: Pecharunt|Pecharunt|100/100
|move|p1a: Gliscor|Stealth Rock|p2a: Pecharunt
|-sidestart|p2: Lowropio|move: Stealth Rock
|
|-weather|SunnyDay|[upkeep]
|upkeep
|turn|3
|
|t:|1776092154
|move|p1a: Gliscor|Earthquake|p2a: Pecharunt
|-supereffective|p2a: Pecharunt
|-damage|p2a: Pecharunt|78/100
|move|p2a: Pecharunt|Hex|p1a: Gliscor
|-crit|p1a: Gliscor
|-damage|p1a: Gliscor|51/100 tox
|
|-weather|SunnyDay|[upkeep]
|-heal|p1a: Gliscor|63/100 tox|[from] ability: Poison Heal
|upkeep
|turn|4
|
|t:|1776092163
|switch|p1a: Ninetales|Ninetales-Alola, M|100/100
|-weather|Snowscape|[from] ability: Snow Warning|[of] p1a: Ninetales
|move|p2a: Pecharunt|Hex|p1a: Ninetales
|-damage|p1a: Ninetales|79/100
|
|-weather|Snowscape|[upkeep]
|upkeep
|turn|5
|
|t:|1776092170
|move|p1a: Ninetales|Aurora Veil|p1a: Ninetales
|-sidestart|p1: brrbrr1|move: Aurora Veil
|move|p2a: Pecharunt|Malignant Chain|p1a: Ninetales
|-supereffective|p1a: Ninetales
|-damage|p1a: Ninetales|43/100
|
|-weather|Snowscape|[upkeep]
|upkeep
|turn|6
|
|t:|1776092177
|switch|p1a: Sandslash|Sandslash-Alola, F|100/100
|move|p2a: Pecharunt|Malignant Chain|p1a: Sandslash
|-immune|p1a: Sandslash
|
|-weather|Snowscape|[upkeep]
|upkeep
|turn|7
|
|t:|1776092184
|move|p1a: Sandslash|Swords Dance|p1a: Sandslash
|-boost|p1a: Sandslash|atk|2
|move|p2a: Pecharunt|Parting Shot|p1a: Sandslash
|-unboost|p1a: Sandslash|atk|1
|-unboost|p1a: Sandslash|spa|1
|
|t:|1776092202
|switch|p2a: Landorus|Landorus-Therian, M, shiny|95/100 tox|[from] Parting Shot
|-damage|p2a: Landorus|82/100 tox|[from] Stealth Rock
|-ability|p2a: Landorus|Intimidate|boost
|-unboost|p1a: Sandslash|atk|1
|
|-weather|Snowscape|[upkeep]
|-damage|p2a: Landorus|76/100 tox|[from] psn
|upkeep
|turn|8
|
|t:|1776092212
|move|p2a: Landorus|Brick Break|p1a: Sandslash
|-sideend|p1: brrbrr1|move: Aurora Veil
|-supereffective|p1a: Sandslash
|-damage|p1a: Sandslash|27/100
|move|p1a: Sandslash|Icicle Spear|p2a: Landorus
|-supereffective|p2a: Landorus
|-damage|p2a: Landorus|16/100 tox
|-supereffective|p2a: Landorus
|-damage|p2a: Landorus|0 fnt
|faint|p2a: Landorus
|-hitcount|p2: Landorus|2
|
|-weather|Snowscape|[upkeep]
|upkeep
|
|t:|1776092224
|switch|p2a: Walking Wake|Walking Wake|100/100
|-damage|p2a: Walking Wake|88/100|[from] Stealth Rock
|turn|9
|
|t:|1776092230
|switch|p1a: Slowking|Slowking-Galar, F, shiny|100/100
|move|p2a: Walking Wake|Flamethrower|p1a: Slowking
|-damage|p1a: Slowking|76/100
|
|-weather|Snowscape|[upkeep]
|-heal|p1a: Slowking|82/100|[from] item: Black Sludge
|upkeep
|turn|10
|
|t:|1776092243
|-end|p2a: Walking Wake|Protosynthesis|[silent]
|switch|p2a: Ogerpon|Ogerpon-Wellspring, F|100/100
|-damage|p2a: Ogerpon|88/100|[from] Stealth Rock
|-prepare|p1a: Slowking|Chilly Reception|[premajor]
|move|p1a: Slowking|Chilly Reception|p1a: Slowking
|
|t:|1776092248
|switch|p1a: Hitmontop|Hitmontop, M, shiny|100/100|[from] Chilly Reception
|
|-weather|Snowscape|[upkeep]
|upkeep
|turn|11
|
|t:|1776092253
|move|p2a: Ogerpon|Play Rough|p1a: Hitmontop|[miss]
|-miss|p2a: Ogerpon|p1a: Hitmontop
|move|p1a: Hitmontop|Rapid Spin|p2a: Ogerpon
|-damage|p2a: Ogerpon|46/100
|-boost|p1a: Hitmontop|spe|1
|-damage|p1a: Hitmontop|91/100|[from] item: Life Orb
|
|-weather|none
|upkeep
|turn|12
|
|t:|1776092262
|move|p1a: Hitmontop|Mach Punch|p2a: Ogerpon
|-crit|p2a: Ogerpon
|-damage|p2a: Ogerpon|0 fnt
|faint|p2a: Ogerpon
|-damage|p1a: Hitmontop|81/100|[from] item: Life Orb
|
|upkeep
|
|t:|1776092269
|switch|p2a: Pecharunt|Pecharunt|78/100
|turn|13
|
|t:|1776092274
|move|p1a: Hitmontop|Triple Axel|p2a: Pecharunt|[miss]
|-miss|p1a: Hitmontop|p2a: Pecharunt
|move|p2a: Pecharunt|Hex|p1a: Hitmontop
|-damage|p1a: Hitmontop|56/100
|
|upkeep
|turn|14
|
|t:|1776092286
|move|p1a: Hitmontop|Triple Axel|p2a: Pecharunt
|-damage|p2a: Pecharunt|72/100
|-damage|p2a: Pecharunt|61/100
|-damage|p2a: Pecharunt|43/100
|-hitcount|p2a: Pecharunt|3
|-damage|p1a: Hitmontop|46/100|[from] item: Life Orb
|move|p2a: Pecharunt|Parting Shot|p1a: Hitmontop
|-unboost|p1a: Hitmontop|atk|1
|-unboost|p1a: Hitmontop|spa|1
|
|t:|1776092303
|switch|p2a: Walking Wake|Walking Wake|88/100|[from] Parting Shot
|-damage|p2a: Walking Wake|76/100|[from] Stealth Rock
|
|upkeep
|turn|15
|
|t:|1776092309
|-terastallize|p2a: Walking Wake|Water
|move|p2a: Walking Wake|Hydro Steam|p1a: Hitmontop
|-damage|p1a: Hitmontop|0 fnt
|faint|p1a: Hitmontop
|
|upkeep
|
|t:|1776092312
|switch|p1a: Ninetales|Ninetales-Alola, M|43/100
|-weather|Snowscape|[from] ability: Snow Warning|[of] p1a: Ninetales
|turn|16
|
|t:|1776092319
|move|p1a: Ninetales|Freeze-Dry|p2a: Walking Wake
|-supereffective|p2a: Walking Wake
|-damage|p2a: Walking Wake|38/100
|move|p2a: Walking Wake|Flamethrower|p1a: Ninetales
|-supereffective|p1a: Ninetales
|-damage|p1a: Ninetales|0 fnt
|faint|p1a: Ninetales
|
|-weather|Snowscape|[upkeep]
|upkeep
|
|t:|1776092324
|switch|p1a: Sandslash|Sandslash-Alola, F|27/100
|turn|17
|
|t:|1776092329
|-terastallize|p1a: Sandslash|Water
|move|p1a: Sandslash|Swords Dance|p1a: Sandslash
|-boost|p1a: Sandslash|atk|2
|move|p2a: Walking Wake|Flamethrower|p1a: Sandslash
|-resisted|p1a: Sandslash
|-damage|p1a: Sandslash|1/100
|
|-weather|Snowscape|[upkeep]
|upkeep
|turn|18
|
|t:|1776092338
|move|p1a: Sandslash|Earthquake|p2a: Walking Wake
|-damage|p2a: Walking Wake|0 fnt
|faint|p2a: Walking Wake
|-end|p2a: Walking Wake|Protosynthesis|[silent]
|
|-weather|Snowscape|[upkeep]
|upkeep
|
|t:|1776092343
|switch|p2a: Enamorus|Enamorus, F|100/100
|-damage|p2a: Enamorus|76/100|[from] Stealth Rock
|turn|19
|
|t:|1776092352
|move|p2a: Enamorus|Moonblast|p1a: Sandslash
|-damage|p1a: Sandslash|0 fnt
|faint|p1a: Sandslash
|
|-weather|Snowscape|[upkeep]
|upkeep
|
|t:|1776092358
|switch|p1a: Slowking|Slowking-Galar, F, shiny|100/100
|turn|20
|
|t:|1776092363
|switch|p2a: Kingambit|Kingambit, F|100/100
|-damage|p2a: Kingambit|94/100|[from] Stealth Rock
|-activate|p2a: Kingambit|ability: Supreme Overlord
|-start|p2a: Kingambit|fallen3|[silent]
|move|p1a: Slowking|Flamethrower|p2a: Kingambit
|-supereffective|p2a: Kingambit
|-damage|p2a: Kingambit|49/100
|
|-weather|Snowscape|[upkeep]
|upkeep
|turn|21
|
|t:|1776092373
|move|p2a: Kingambit|Kowtow Cleave|p1a: Slowking
|-supereffective|p1a: Slowking
|-damage|p1a: Slowking|0 fnt
|faint|p1a: Slowking
|
|-weather|Snowscape|[upkeep]
|upkeep
|
|t:|1776092376
|switch|p1a: Gliscor|Gliscor, M, shiny|63/100 tox
|turn|22
|
|t:|1776092384
|-end|p2a: Kingambit|fallen3|[silent]
|switch|p2a: Enamorus|Enamorus, F|76/100
|-damage|p2a: Enamorus|51/100|[from] Stealth Rock
|move|p1a: Gliscor|U-turn|p2a: Enamorus
|-resisted|p2a: Enamorus
|-damage|p2a: Enamorus|44/100
|
|t:|1776092386
|switch|p1a: Rotom|Rotom-Wash|100/100|[from] U-turn
|
|-weather|Snowscape|[upkeep]
|upkeep
|turn|23
|
|t:|1776092400
|move|p2a: Enamorus|Healing Wish|p2a: Enamorus
|faint|p2a: Enamorus
|move|p1a: Rotom|Volt Switch|p2: Enamorus|[notarget]
|-fail|p1a: Rotom
|
|-weather|none
|upkeep
|
|t:|1776092409
|switch|p2a: Kingambit|Kingambit, F|49/100
|-heal|p2a: Kingambit|100/100|[from] move: Healing Wish
|-damage|p2a: Kingambit|94/100|[from] Stealth Rock
|-activate|p2a: Kingambit|ability: Supreme Overlord
|-start|p2a: Kingambit|fallen4|[silent]
|turn|24
|
|t:|1776092419
|move|p1a: Rotom|Will-O-Wisp|p2a: Kingambit|[miss]
|-miss|p1a: Rotom|p2a: Kingambit
|move|p2a: Kingambit|Kowtow Cleave|p1a: Rotom
|-damage|p1a: Rotom|26/100
|-enditem|p1a: Rotom|Sitrus Berry|[eat]
|-heal|p1a: Rotom|51/100|[from] item: Sitrus Berry
|
|upkeep
|turn|25
|
|t:|1776092428
|move|p1a: Rotom|Will-O-Wisp|p2a: Kingambit|[miss]
|-miss|p1a: Rotom|p2a: Kingambit
|move|p2a: Kingambit|Assurance|p1a: Rotom
|-damage|p1a: Rotom|0 fnt
|faint|p1a: Rotom
|
|upkeep
|
|t:|1776092433
|switch|p1a: Gliscor|Gliscor, M, shiny|63/100 tox
|turn|26
|
|t:|1776092437
|move|p1a: Gliscor|Earthquake|p2a: Kingambit
|-supereffective|p2a: Kingambit
|-damage|p2a: Kingambit|48/100
|move|p2a: Kingambit|Assurance|p1a: Gliscor
|-damage|p1a: Gliscor|14/100 tox
|
|-heal|p1a: Gliscor|26/100 tox|[from] ability: Poison Heal
|upkeep
|turn|27
|
|t:|1776092445
|move|p1a: Gliscor|Earthquake|p2a: Kingambit
|-supereffective|p2a: Kingambit
|-damage|p2a: Kingambit|0 fnt
|faint|p2a: Kingambit
|-end|p2a: Kingambit|fallen4|[silent]
|
|-heal|p1a: Gliscor|39/100 tox|[from] ability: Poison Heal
|upkeep
|
|t:|1776092451
|switch|p2a: Pecharunt|Pecharunt|43/100
|turn|28
|
|t:|1776092454
|move|p1a: Gliscor|Earthquake|p2a: Pecharunt
|-supereffective|p2a: Pecharunt
|-damage|p2a: Pecharunt|12/100
|move|p2a: Pecharunt|Hex|p1a: Gliscor
|-damage|p1a: Gliscor|6/100 tox
|
|-heal|p1a: Gliscor|18/100 tox|[from] ability: Poison Heal
|upkeep
|turn|29
|
|t:|1776092463
|move|p1a: Gliscor|Earthquake|p2a: Pecharunt
|-supereffective|p2a: Pecharunt
|-damage|p2a: Pecharunt|0 fnt
|faint|p2a: Pecharunt
|
|win|brrbrr1
|raw|brrbrr1's rating: 1194 &rarr; <strong>1218</strong><br />(+24 for winning)
|raw|Lowropio's rating: 1177 &rarr; <strong>1153</strong><br />(-24 for losing)
|l|☆Lowropio
|player|p2|
|l|☆brrbrr1
|player|p1|
