|html|<div class="broadcast-blue"><strong>[Gen 9] OU is currently suspecting Tera Blast! For information on how to participate check out the <a href="https://www.smogon.com/tools/suspects/view/200">suspect thread</a>.</strong></div>
|j|☆alt1 lord greed
|j|☆sumofsquares
|t:|1776207452
|gametype|singles
|player|p1|alt1 lord greed|169|1609
|player|p2|sumofsquares|steven|1569
|gen|9
|tier|[Gen 9] OU
|rated|
|rule|HP Percentage Mod: HP is shown in percentages
|rule|Endless Battle Clause: Forcing endless battles is banned
|rule|Species Clause: Limit one of each Pokémon
|rule|OHKO Clause: OHKO moves are banned
|rule|Evasion Items Clause: Evasion items are banned
|rule|Evasion Moves Clause: Evasion moves are banned
|rule|Evasion Abilities Clause: Evasion abilities are banned
|rule|Sleep Moves Clause: Sleep-inducing moves are banned
|clearpoke
|poke|p1|Glastrier|
|poke|p1|Slowking-Galar, F|
|poke|p1|Heatran, M|
|poke|p1|Tornadus-Therian, M|
|poke|p1|Enamorus, F|
|poke|p1|Great Tusk|
|poke|p2|Garchomp, M|
|poke|p2|Iron Crown|
|poke|p2|Great Tusk|
|poke|p2|Indeedee, M|
|poke|p2|Armarouge, M|
|poke|p2|Iron Valiant|
|teampreview
|inactive|Battle timer is ON: inactive players will automatically lose when time's up. (requested by alt1 lord greed)
|
|t:|1776207472
|teamsize|p1|6
|teamsize|p2|6
|start
|switch|p1a: Heatran|Heatran, M|100/100
|switch|p2a: Indeedee|Indeedee, M|100/100
|-fieldstart|move: Psychic Terrain|[from] ability: Psychic Surge|[of] p2a: Indeedee
|turn|1
|
|t:|1776207478
|switch|p2a: Garchomp|Garchomp, M|100/100
|move|p1a: Heatran|Magma Storm|p2a: Garchomp|[miss]
|-miss|p1a: Heatran|p2a: Garchomp
|
|upkeep
|turn|2
|
|t:|1776207485
|switch|p1a: Great Tusk|Great Tusk|100/100
|move|p2a: Garchomp|Stealth Rock|p1a: Great Tusk
|-sidestart|p1: alt1 lord greed|move: Stealth Rock
|
|upkeep
|turn|3
|
|t:|1776207490
|switch|p2a: Iron Crown|Iron Crown|100/100
|move|p1a: Great Tusk|Ice Spinner|p2a: Iron Crown
|-resisted|p2a: Iron Crown
|-damage|p2a: Iron Crown|87/100
|-fieldend|move: Psychic Terrain
|
|upkeep
|turn|4
|
|t:|1776207497
|-end|p1a: Great Tusk|Protosynthesis|[silent]
|switch|p1a: Slowking|Slowking-Galar, F|100/100
|move|p2a: Iron Crown|Expanding Force|p1a: Slowking
|-damage|p1a: Slowking|78/100
|
|upkeep
|turn|5
|
|t:|1776207500
|-end|p2a: Iron Crown|Quark Drive|[silent]
|switch|p2a: Garchomp|Garchomp, M|100/100
|-prepare|p1a: Slowking|Chilly Reception|[premajor]
|move|p1a: Slowking|Chilly Reception|p1a: Slowking
|-weather|Snowscape
|
|t:|1776207503
|switch|p1a: Great Tusk|Great Tusk|100/100|[from] Chilly Reception
|
|-weather|Snowscape|[upkeep]
|upkeep
|turn|6
|
|t:|1776207507
|move|p2a: Garchomp|Earthquake|p1a: Great Tusk
|-damage|p1a: Great Tusk|64/100
|move|p1a: Great Tusk|Ice Spinner|p2a: Garchomp
|-supereffective|p2a: Garchomp
|-damage|p2a: Garchomp|0 fnt
|-damage|p1a: Great Tusk|52/100|[from] ability: Rough Skin|[of] p2a: Garchomp
|-damage|p1a: Great Tusk|35/100|[from] item: Rocky Helmet|[of] p2a: Garchomp
|faint|p2a: Garchomp
|
|-weather|Snowscape|[upkeep]
|upkeep
|
|t:|1776207519
|switch|p2a: Indeedee|Indeedee, M|100/100
|-fieldstart|move: Psychic Terrain|[from] ability: Psychic Surge|[of] p2a: Indeedee
|turn|7
|
|t:|1776207523
|-end|p1a: Great Tusk|Protosynthesis|[silent]
|switch|p1a: Heatran|Heatran, M|100/100
|-damage|p1a: Heatran|88/100|[from] Stealth Rock
|move|p2a: Indeedee|Expanding Force|p1a: Heatran
|-resisted|p1a: Heatran
|-damage|p1a: Heatran|64/100
|
|-weather|Snowscape|[upkeep]
|-heal|p1a: Heatran|70/100|[from] item: Leftovers
|upkeep
|turn|8
|
|t:|1776207527
|move|p2a: Indeedee|Expanding Force|p1a: Heatran
|-resisted|p1a: Heatran
|-damage|p1a: Heatran|50/100
|move|p1a: Heatran|Magma Storm|p2a: Indeedee
|-damage|p2a: Indeedee|41/100
|-activate|p2a: Indeedee|move: Magma Storm|[of] p1a: Heatran
|
|-weather|Snowscape|[upkeep]
|-heal|p1a: Heatran|56/100|[from] item: Leftovers
|-damage|p2a: Indeedee|29/100|[from] move: Magma Storm|[partiallytrapped]
|upkeep
|turn|9
|
|t:|1776207532
|move|p2a: Indeedee|Expanding Force|p1a: Heatran
|-resisted|p1a: Heatran
|-damage|p1a: Heatran|33/100
|move|p1a: Heatran|Stealth Rock|p2a: Indeedee
|-sidestart|p2: sumofsquares|move: Stealth Rock
|
|-weather|none
|-heal|p1a: Heatran|39/100|[from] item: Leftovers
|-damage|p2a: Indeedee|17/100|[from] move: Magma Storm|[partiallytrapped]
|upkeep
|turn|10
|
|t:|1776207539
|move|p2a: Indeedee|Encore|p1a: Heatran
|-start|p1a: Heatran|Encore
|move|p1a: Heatran|Stealth Rock||[still]
|-fail|p1a: Heatran
|
|-heal|p1a: Heatran|45/100|[from] item: Leftovers
|-damage|p2a: Indeedee|5/100|[from] move: Magma Storm|[partiallytrapped]
|upkeep
|turn|11
|
|t:|1776207543
|move|p2a: Indeedee|Expanding Force|p1a: Heatran
|-resisted|p1a: Heatran
|-damage|p1a: Heatran|25/100
|move|p1a: Heatran|Stealth Rock||[still]
|-fail|p1a: Heatran
|
|-heal|p1a: Heatran|31/100|[from] item: Leftovers
|-damage|p2a: Indeedee|0 fnt|[from] move: Magma Storm|[partiallytrapped]
|faint|p2a: Indeedee
|upkeep
|
|t:|1776207554
|switch|p2a: Armarouge|Armarouge, M|100/100
|-damage|p2a: Armarouge|76/100|[from] Stealth Rock
|turn|12
|
|t:|1776207561
|switch|p1a: Tornadus|Tornadus-Therian, M|100/100
|move|p2a: Armarouge|Meteor Beam||[still]
|-prepare|p2a: Armarouge|Meteor Beam
|-boost|p2a: Armarouge|spa|1
|-enditem|p2a: Armarouge|Power Herb
|-anim|p2a: Armarouge|Meteor Beam|p1a: Tornadus
|-supereffective|p1a: Tornadus
|-damage|p1a: Tornadus|0 fnt
|faint|p1a: Tornadus
|
|upkeep
|
|t:|1776207567
|switch|p1a: Great Tusk|Great Tusk|35/100
|turn|13
|
|t:|1776207569
|move|p2a: Armarouge|Endure|p2a: Armarouge
|-singleturn|p2a: Armarouge|move: Endure
|move|p1a: Great Tusk|Rapid Spin|p2a: Armarouge
|-damage|p2a: Armarouge|56/100
|-boost|p1a: Great Tusk|spe|1
|-ability|p2a: Armarouge|Weak Armor|boost
|-unboost|p2a: Armarouge|def|1
|-boost|p2a: Armarouge|spe|2
|-sideend|p1: alt1 lord greed|Stealth Rock|[from] move: Rapid Spin|[of] p1a: Great Tusk
|
|upkeep
|turn|14
|
|t:|1776207577
|-end|p1a: Great Tusk|Protosynthesis|[silent]
|switch|p1a: Heatran|Heatran, M|31/100
|move|p2a: Armarouge|Expanding Force|p1a: Heatran
|-resisted|p1a: Heatran
|-damage|p1a: Heatran|0 fnt
|faint|p1a: Heatran
|
|-fieldend|move: Psychic Terrain
|upkeep
|
|t:|1776207586
|switch|p1a: Glastrier|Glastrier|100/100
|turn|15
|
|t:|1776207590
|-terastallize|p1a: Glastrier|Ghost
|move|p2a: Armarouge|Armor Cannon|p1a: Glastrier
|-damage|p1a: Glastrier|25/100
|-unboost|p2a: Armarouge|def|1
|-unboost|p2a: Armarouge|spd|1
|move|p1a: Glastrier|High Horsepower|p2a: Armarouge
|-supereffective|p2a: Armarouge
|-damage|p2a: Armarouge|0 fnt
|faint|p2a: Armarouge
|-ability|p1a: Glastrier|Chilling Neigh|boost
|-boost|p1a: Glastrier|atk|1
|
|upkeep
|
|t:|1776207602
|switch|p2a: Iron Crown|Iron Crown|87/100
|-damage|p2a: Iron Crown|81/100|[from] Stealth Rock
|turn|16
|
|t:|1776207612
|move|p2a: Iron Crown|Tachyon Cutter|p1a: Glastrier
|-damage|p1a: Glastrier|7/100
|-damage|p1a: Glastrier|0 fnt
|faint|p1a: Glastrier
|-hitcount|p1: Glastrier|2
|
|upkeep
|
|t:|1776207617
|switch|p1a: Slowking|Slowking-Galar, F|100/100
|turn|17
|
|t:|1776207620
|-end|p2a: Iron Crown|Quark Drive|[silent]
|switch|p2a: Great Tusk|Great Tusk|100/100
|-damage|p2a: Great Tusk|98/100|[from] Stealth Rock
|move|p1a: Slowking|Future Sight|p2a: Great Tusk
|-start|p1a: Slowking|move: Future Sight
|
|-heal|p2a: Great Tusk|100/100|[from] item: Leftovers
|upkeep
|turn|18
|
|t:|1776207629
|switch|p1a: Enamorus|Enamorus, F|100/100
|move|p2a: Great Tusk|Headlong Rush|p1a: Enamorus
|-immune|p1a: Enamorus
|
|upkeep
|turn|19
|
|t:|1776207638
|-terastallize|p2a: Great Tusk|Ghost
|move|p1a: Enamorus|Moonblast|p2a: Great Tusk
|-damage|p2a: Great Tusk|16/100
|move|p2a: Great Tusk|Ice Spinner|p1a: Enamorus
|-supereffective|p1a: Enamorus
|-damage|p1a: Enamorus|11/100
|
|-end|p2a: Great Tusk|move: Future Sight
|-damage|p2a: Great Tusk|0 fnt
|faint|p2a: Great Tusk
|-end|p2a: Great Tusk|Protosynthesis|[silent]
|upkeep
|
|t:|1776207647
|switch|p2a: Iron Crown|Iron Crown|81/100
|-damage|p2a: Iron Crown|74/100|[from] Stealth Rock
|turn|20
|
|t:|1776207658
|switch|p1a: Slowking|Slowking-Galar, F|100/100
|move|p2a: Iron Crown|Volt Switch|p1a: Slowking
|-damage|p1a: Slowking|87/100
|
|t:|1776207660
|-end|p2a: Iron Crown|Quark Drive|[silent]
|switch|p2a: Iron Valiant|Iron Valiant|100/100|[from] Volt Switch
|-damage|p2a: Iron Valiant|94/100|[from] Stealth Rock
|-enditem|p2a: Iron Valiant|Booster Energy
|-activate|p2a: Iron Valiant|ability: Quark Drive|[fromitem]
|-start|p2a: Iron Valiant|quarkdrivespe
|
|upkeep
|turn|21
|
|t:|1776207664
|move|p2a: Iron Valiant|Expanding Force|p1a: Slowking
|-damage|p1a: Slowking|71/100
|move|p1a: Slowking|Psychic|p2a: Iron Valiant
|-supereffective|p2a: Iron Valiant
|-damage|p2a: Iron Valiant|0 fnt
|faint|p2a: Iron Valiant
|-end|p2a: Iron Valiant|Quark Drive|[silent]
|
|upkeep
|
|t:|1776207668
|switch|p2a: Iron Crown|Iron Crown|74/100
|-damage|p2a: Iron Crown|68/100|[from] Stealth Rock
|turn|22
|
|t:|1776207670
|switch|p1a: Great Tusk|Great Tusk|35/100
|move|p2a: Iron Crown|Tachyon Cutter|p1a: Great Tusk
|-damage|p1a: Great Tusk|0 fnt
|faint|p1a: Great Tusk
|-end|p1a: Great Tusk|Protosynthesis|[silent]
|-hitcount|p1: Great Tusk|1
|
|upkeep
|
|t:|1776207672
|switch|p1a: Slowking|Slowking-Galar, F|100/100
|turn|23
|
|t:|1776207673
|move|p2a: Iron Crown|Tachyon Cutter|p1a: Slowking
|-damage|p1a: Slowking|85/100
|-damage|p1a: Slowking|70/100
|-hitcount|p1a: Slowking|2
|move|p1a: Slowking|Future Sight|p2a: Iron Crown
|-start|p1a: Slowking|move: Future Sight
|
|upkeep
|turn|24
|
|t:|1776207676
|move|p2a: Iron Crown|Tachyon Cutter|p1a: Slowking
|-damage|p1a: Slowking|55/100
|-damage|p1a: Slowking|40/100
|-hitcount|p1a: Slowking|2
|-prepare|p1a: Slowking|Chilly Reception|[premajor]
|move|p1a: Slowking|Chilly Reception|p1a: Slowking
|-weather|Snowscape
|
|t:|1776207678
|switch|p1a: Enamorus|Enamorus, F|11/100|[from] Chilly Reception
|
|-weather|Snowscape|[upkeep]
|upkeep
|turn|25
|
|t:|1776207684
|move|p2a: Iron Crown|Tachyon Cutter|p1a: Enamorus
|-supereffective|p1a: Enamorus
|-damage|p1a: Enamorus|0 fnt
|faint|p1a: Enamorus
|-hitcount|p1: Enamorus|1
|
|-weather|Snowscape|[upkeep]
|-end|p2a: Iron Crown|move: Future Sight
|-resisted|p2a: Iron Crown
|-damage|p2a: Iron Crown|58/100
|upkeep
|
|t:|1776207688
|switch|p1a: Slowking|Slowking-Galar, F|73/100
|turn|26
|
|t:|1776207695
|move|p2a: Iron Crown|Tachyon Cutter|p1a: Slowking
|-damage|p1a: Slowking|59/100
|-damage|p1a: Slowking|46/100
|-hitcount|p1a: Slowking|2
|move|p1a: Slowking|Future Sight|p2a: Iron Crown
|-start|p1a: Slowking|move: Future Sight
|
|-weather|Snowscape|[upkeep]
|upkeep
|turn|27
|
|t:|1776207697
|move|p2a: Iron Crown|Tachyon Cutter|p1a: Slowking
|-damage|p1a: Slowking|32/100
|-damage|p1a: Slowking|18/100
|-hitcount|p1a: Slowking|2
|move|p1a: Slowking|Psychic|p2a: Iron Crown
|-resisted|p2a: Iron Crown
|-damage|p2a: Iron Crown|49/100
|
|-weather|Snowscape|[upkeep]
|upkeep
|turn|28
|
|t:|1776207700
|move|p2a: Iron Crown|Tachyon Cutter|p1a: Slowking
|-damage|p1a: Slowking|3/100
|-damage|p1a: Slowking|0 fnt
|faint|p1a: Slowking
|-hitcount|p1: Slowking|2
|
|win|sumofsquares
|raw|alt1 lord greed's rating: 1609 &rarr; <strong>1587</strong><br />(-22 for losing)
|raw|sumofsquares's rating: 1569 &rarr; <strong>1591</strong><br />(+22 for winning)
|c|☆alt1 lord greed|gg
|c|☆sumofsquares|gg
