|html|<div class="broadcast-blue"><strong>[Gen 9] OU is currently suspecting Tera Blast! For information on how to participate check out the <a href="https://www.smogon.com/tools/suspects/view/200">suspect thread</a>.</strong></div>
|j|☆propaan 38
|j|☆Littleblackberry
|t:|1776070407
|gametype|singles
|player|p1|propaan 38|2|1116
|player|p2|Littleblackberry|skierf|1163
|gen|9
|tier|[Gen 9] OU
|rated|
|rule|HP Percentage Mod: HP is shown in percentages
|rule|Endless Battle Clause: Forcing endless battles is banned
|rule|Species Clause: Limit one of each Pokémon
|rule|OHKO Clause: OHKO moves are banned
|rule|Evasion Items Clause: Evasion items are banned
|rule|Evasion Moves Clause: Evasion moves are banned
|rule|Evasion Abilities Clause: Evasion abilities are banned
|rule|Sleep Moves Clause: Sleep-inducing moves are banned
|clearpoke
|poke|p1|Conkeldurr, M|
|poke|p1|Azumarill, M|
|poke|p1|Espeon, M|
|poke|p1|Rillaboom, M|
|poke|p1|Dusclops, F|
|poke|p1|Great Tusk|
|poke|p2|Alomomola, F|
|poke|p2|Slowking-Galar, F|
|poke|p2|Hydrapple, F|
|poke|p2|Toxapex, F|
|poke|p2|Glimmora, F|
|poke|p2|Forretress, F|
|teampreview
|
|t:|1776070415
|teamsize|p1|6
|teamsize|p2|6
|start
|switch|p1a: psychic cat|Espeon, M|100/100
|switch|p2a: Glimmora|Glimmora, F|100/100
|turn|1
|
|t:|1776070432
|move|p1a: psychic cat|Psychic|p2a: Glimmora
|-supereffective|p2a: Glimmora
|-enditem|p2a: Glimmora|Focus Sash
|-damage|p2a: Glimmora|1/100
|move|p2a: Glimmora|Mortal Spin|p1a: psychic cat
|-damage|p1a: psychic cat|89/100
|-status|p1a: psychic cat|psn
|
|-damage|p1a: psychic cat|77/100 psn|[from] psn
|upkeep
|turn|2
|
|t:|1776070442
|move|p2a: Glimmora|Spiky Shield|p2a: Glimmora
|-singleturn|p2a: Glimmora|move: Protect
|move|p1a: psychic cat|Psychic|p2a: Glimmora
|-activate|p2a: Glimmora|move: Protect
|
|-damage|p1a: psychic cat|65/100 psn|[from] psn
|upkeep
|turn|3
|
|t:|1776070452
|switch|p2a: Hydrapple|Hydrapple, F|100/100
|move|p1a: psychic cat|Psychic|p2a: Hydrapple
|-damage|p2a: Hydrapple|42/100
|
|-damage|p1a: psychic cat|53/100 psn|[from] psn
|upkeep
|turn|4
|
|t:|1776070461
|switch|p2a: Slowking|Slowking-Galar, F|100/100
|move|p1a: psychic cat|Psychic|p2a: Slowking
|-damage|p2a: Slowking|51/100
|
|-heal|p2a: Slowking|57/100|[from] item: Black Sludge
|-damage|p1a: psychic cat|40/100 psn|[from] psn
|upkeep
|turn|5
|
|t:|1776070478
|switch|p1a: big tooth|Great Tusk|100/100
|-enditem|p1a: big tooth|Booster Energy
|-activate|p1a: big tooth|ability: Protosynthesis|[fromitem]
|-start|p1a: big tooth|protosynthesisatk
|move|p2a: Slowking|Protect||[still]
|-fail|p2a: Slowking
|
|-heal|p2a: Slowking|63/100|[from] item: Black Sludge
|upkeep
|turn|6
|
|t:|1776070488
|switch|p2a: Glimmora|Glimmora, F|1/100
|move|p1a: big tooth|Stealth Rock|p2a: Glimmora
|-sidestart|p2: Littleblackberry|move: Stealth Rock
|
|upkeep
|turn|7
|
|t:|1776070498
|move|p2a: Glimmora|Spiky Shield|p2a: Glimmora
|-singleturn|p2a: Glimmora|move: Protect
|move|p1a: big tooth|Rapid Spin|p2a: Glimmora
|-activate|p2a: Glimmora|move: Protect
|-damage|p1a: big tooth|88/100|[from] Spiky Shield|[of] p2a: Glimmora
|
|upkeep
|turn|8
|
|t:|1776070506
|move|p1a: big tooth|Rapid Spin|p2a: Glimmora
|-resisted|p2a: Glimmora
|-damage|p2a: Glimmora|0 fnt
|-boost|p1a: big tooth|spe|1
|-activate|p2a: Glimmora|ability: Toxic Debris
|-sidestart|p1: propaan 38|move: Toxic Spikes
|-sideend|p1: propaan 38|Toxic Spikes|[from] move: Rapid Spin|[of] p1a: big tooth
|faint|p2a: Glimmora
|
|upkeep
|
|t:|1776070529
|switch|p2a: Slowking|Slowking-Galar, F|97/100
|-damage|p2a: Slowking|84/100|[from] Stealth Rock
|turn|9
|
|t:|1776070541
|-terastallize|p2a: Slowking|Flying
|move|p1a: big tooth|Earthquake|p2a: Slowking
|-immune|p2a: Slowking
|move|p2a: Slowking|Trick|p1a: big tooth
|-activate|p2a: Slowking|move: Trick|[of] p1a: big tooth
|-item|p1a: big tooth|Black Sludge|[from] move: Trick
|-enditem|p2a: Slowking|Black Sludge|[silent]|[from] move: Trick
|
|-damage|p1a: big tooth|76/100|[from] item: Black Sludge
|upkeep
|turn|10
|
|t:|1776070562
|-end|p1a: big tooth|Protosynthesis|[silent]
|switch|p1a: ghost|Dusclops, F|100/100
|-ability|p1a: ghost|Pressure
|move|p2a: Slowking|Protect||[still]
|-fail|p2a: Slowking
|
|upkeep
|turn|11
|
|t:|1776070570
|move|p1a: ghost|Will-O-Wisp|p2a: Slowking
|-status|p2a: Slowking|brn
|move|p2a: Slowking|Trick|p1a: ghost
|-activate|p2a: Slowking|move: Trick|[of] p1a: ghost
|-enditem|p1a: ghost|Eviolite|[silent]|[from] move: Trick
|-item|p2a: Slowking|Eviolite|[from] move: Trick
|
|-damage|p2a: Slowking|78/100 brn|[from] brn
|upkeep
|turn|12
|
|t:|1776070582
|move|p1a: ghost|Future Sight|p2a: Slowking
|-start|p1a: ghost|move: Future Sight
|move|p2a: Slowking|Toxic Spikes|p1a: ghost
|-sidestart|p1: propaan 38|move: Toxic Spikes
|
|-damage|p2a: Slowking|72/100 brn|[from] brn
|upkeep
|turn|13
|
|t:|1776070602
|move|p1a: ghost|Shadow Ball|p2a: Slowking
|-damage|p2a: Slowking|59/100 brn
|-unboost|p2a: Slowking|spd|1
|move|p2a: Slowking|Slack Off|p2a: Slowking
|-heal|p2a: Slowking|100/100 brn
|
|-damage|p2a: Slowking|94/100 brn|[from] brn
|upkeep
|turn|14
|
|t:|1776070628
|move|p2a: Slowking|Protect|p2a: Slowking
|-singleturn|p2a: Slowking|Protect
|move|p1a: ghost|Shadow Ball|p2a: Slowking
|-activate|p2a: Slowking|move: Protect
|
|-end|p2a: Slowking|move: Future Sight
|-damage|p2a: Slowking|76/100 brn
|-damage|p2a: Slowking|70/100 brn|[from] brn
|upkeep
|turn|15
|inactive|Battle timer is ON: inactive players will automatically lose when time's up. (requested by propaan 38)
|
|t:|1776070637
|switch|p2a: Hydrapple|Hydrapple, F|75/100
|-damage|p2a: Hydrapple|63/100|[from] Stealth Rock
|move|p1a: ghost|Shadow Ball|p2a: Hydrapple
|-damage|p2a: Hydrapple|47/100
|
|upkeep
|turn|16
|
|t:|1776070645
|move|p2a: Hydrapple|Recover|p2a: Hydrapple
|-heal|p2a: Hydrapple|97/100
|move|p1a: ghost|Will-O-Wisp|p2a: Hydrapple
|-status|p2a: Hydrapple|brn
|
|-damage|p2a: Hydrapple|91/100 brn|[from] brn
|upkeep
|turn|17
|
|t:|1776070651
|move|p2a: Hydrapple|Infestation|p1a: ghost
|-resisted|p1a: ghost
|-damage|p1a: ghost|99/100
|-activate|p1a: ghost|move: Infestation|[of] p2a: Hydrapple
|move|p1a: ghost|Future Sight|p2a: Hydrapple
|-start|p1a: ghost|move: Future Sight
|
|-damage|p2a: Hydrapple|85/100 brn|[from] brn
|-damage|p1a: ghost|86/100|[from] move: Infestation|[partiallytrapped]
|upkeep
|turn|18
|
|t:|1776070660
|switch|p1a: big tooth|Great Tusk|76/100
|-status|p1a: big tooth|psn
|move|p2a: Hydrapple|Fickle Beam|p1a: big tooth|[anim] Fickle Beam All Out
|-activate|p2a: Hydrapple|move: Fickle Beam
|-damage|p1a: big tooth|0 fnt
|faint|p1a: big tooth
|-end|p1a: big tooth|Protosynthesis|[silent]
|
|-damage|p2a: Hydrapple|78/100 brn|[from] brn
|upkeep
|
|t:|1776070670
|switch|p1a: psychic cat|Espeon, M|40/100 psn
|turn|19
|
|t:|1776070682
|move|p1a: psychic cat|Alluring Voice|p2a: Hydrapple
|-supereffective|p2a: Hydrapple
|-damage|p2a: Hydrapple|0 fnt
|faint|p2a: Hydrapple
|
|-hint|Future Sight did not hit because the target is fainted.
|-damage|p1a: psychic cat|28/100 psn|[from] psn
|upkeep
|
|t:|1776070693
|switch|p2a: Slowking|Slowking-Galar, F, tera:Flying|100/100 brn
|-damage|p2a: Slowking|75/100 brn|[from] Stealth Rock
|turn|20
|
|t:|1776070698
|move|p2a: Slowking|Protect|p2a: Slowking
|-singleturn|p2a: Slowking|Protect
|move|p1a: psychic cat|Alluring Voice|p2a: Slowking
|-activate|p2a: Slowking|move: Protect
|
|-damage|p1a: psychic cat|16/100 psn|[from] psn
|-damage|p2a: Slowking|69/100 brn|[from] brn
|upkeep
|turn|21
|
|t:|1776070710
|switch|p2a: Toxapex|Toxapex, F|100/100
|-damage|p2a: Toxapex|88/100|[from] Stealth Rock
|move|p1a: psychic cat|Alluring Voice|p2a: Toxapex
|-resisted|p2a: Toxapex
|-damage|p2a: Toxapex|69/100
|
|-heal|p2a: Toxapex|75/100|[from] item: Black Sludge
|-damage|p1a: psychic cat|4/100 psn|[from] psn
|upkeep
|turn|22
|
|t:|1776070721
|move|p1a: psychic cat|Alluring Voice|p2a: Toxapex
|-resisted|p2a: Toxapex
|-damage|p2a: Toxapex|56/100
|move|p2a: Toxapex|Recover|p2a: Toxapex
|-heal|p2a: Toxapex|100/100
|
|-damage|p1a: psychic cat|0 fnt|[from] psn
|faint|p1a: psychic cat
|upkeep
|
|t:|1776070728
|switch|p1a: egg|Azumarill, M, shiny|100/100
|-status|p1a: egg|psn
|turn|23
|
|t:|1776070740
|move|p2a: Toxapex|Baneful Bunker|p2a: Toxapex
|-singleturn|p2a: Toxapex|move: Protect
|move|p1a: egg|Belly Drum|p1a: egg
|-damage|p1a: egg|50/100 psn
|-setboost|p1a: egg|atk|6|[from] move: Belly Drum
|
|-heal|p1a: egg|57/100 psn|[from] item: Leftovers
|-damage|p1a: egg|44/100 psn|[from] psn
|upkeep
|turn|24
|
|t:|1776070752
|switch|p2a: Alomomola|Alomomola, F, shiny|100/100
|-damage|p2a: Alomomola|88/100|[from] Stealth Rock
|-terastallize|p1a: egg|Water
|move|p1a: egg|Liquidation|p2a: Alomomola
|-resisted|p2a: Alomomola
|-damage|p2a: Alomomola|9/100
|-damage|p1a: egg|28/100 psn|[from] item: Rocky Helmet|[of] p2a: Alomomola
|
|-heal|p1a: egg|34/100 psn|[from] item: Leftovers
|-damage|p1a: egg|22/100 psn|[from] psn
|upkeep
|turn|25
|
|t:|1776070765
|move|p2a: Alomomola|Protect|p2a: Alomomola
|-singleturn|p2a: Alomomola|Protect
|move|p1a: egg|Liquidation|p2a: Alomomola
|-activate|p2a: Alomomola|move: Protect
|
|-heal|p1a: egg|28/100 psn|[from] item: Leftovers
|-damage|p1a: egg|15/100 psn|[from] psn
|upkeep
|turn|26
|
|t:|1776070786
|switch|p2a: Toxapex|Toxapex, F|100/100
|-damage|p2a: Toxapex|88/100|[from] Stealth Rock
|move|p1a: egg|Liquidation|p2a: Toxapex
|-resisted|p2a: Toxapex
|-damage|p2a: Toxapex|0 fnt
|faint|p2a: Toxapex
|
|-heal|p1a: egg|22/100 psn|[from] item: Leftovers
|-damage|p1a: egg|9/100 psn|[from] psn
|upkeep
|
|t:|1776070798
|switch|p2a: Alomomola|Alomomola, F, shiny|42/100
|-damage|p2a: Alomomola|30/100|[from] Stealth Rock
|turn|27
|inactive|Littleblackberry has 120 seconds left.
|
|t:|1776070825
|move|p2a: Alomomola|Protect|p2a: Alomomola
|-singleturn|p2a: Alomomola|Protect
|move|p1a: egg|Liquidation|p2a: Alomomola
|-activate|p2a: Alomomola|move: Protect
|
|-heal|p1a: egg|15/100 psn|[from] item: Leftovers
|-damage|p1a: egg|3/100 psn|[from] psn
|upkeep
|turn|28
|c|☆propaan 38|i aint waiting that long
|-message|propaan 38 forfeited.
|
|win|Littleblackberry
|raw|propaan 38's rating: 1116 &rarr; <strong>1094</strong><br />(-22 for losing)
|raw|Littleblackberry's rating: 1163 &rarr; <strong>1185</strong><br />(+22 for winning)
|l|☆propaan 38
|player|p1|
|l|☆Littleblackberry
|player|p2|
