|html|<div class="broadcast-blue"><strong>[Gen 9] OU is currently suspecting Tera Blast! For information on how to participate check out the <a href="https://www.smogon.com/tools/suspects/view/200">suspect thread</a>.</strong></div>
|j|☆TolaSix
|j|☆m16h25
|t:|1776343873
|gametype|singles
|player|p1|TolaSix|infielder|1324
|player|p2|m16h25|cilan|1328
|gen|9
|tier|[Gen 9] OU
|rated|
|rule|HP Percentage Mod: HP is shown in percentages
|rule|Endless Battle Clause: Forcing endless battles is banned
|rule|Species Clause: Limit one of each Pokémon
|rule|OHKO Clause: OHKO moves are banned
|rule|Evasion Items Clause: Evasion items are banned
|rule|Evasion Moves Clause: Evasion moves are banned
|rule|Evasion Abilities Clause: Evasion abilities are banned
|rule|Sleep Moves Clause: Sleep-inducing moves are banned
|clearpoke
|poke|p1|Garganacl, F|
|poke|p1|Corviknight, M|
|poke|p1|Landorus-Therian, M|
|poke|p1|Blaziken, M|
|poke|p1|Darkrai|
|poke|p1|Iron Crown|
|poke|p2|Tyranitar, M|
|poke|p2|Iron Crown|
|poke|p2|Great Tusk|
|poke|p2|Enamorus-Therian, F|
|poke|p2|Lokix, M|
|poke|p2|Gliscor, M|
|teampreview
|inactive|Battle timer is ON: inactive players will automatically lose when time's up. (requested by TolaSix)
|inactive|TolaSix has 120 seconds left.
|
|t:|1776343925
|teamsize|p1|6
|teamsize|p2|6
|start
|switch|p1a: Landorus|Landorus-Therian, M|100/100
|switch|p2a: Great Tusk|Great Tusk|100/100
|-ability|p1a: Landorus|Intimidate|boost
|-unboost|p2a: Great Tusk|atk|1
|turn|1
|
|t:|1776343933
|switch|p1a: Corviknight|Corviknight, M|100/100
|-ability|p1a: Corviknight|Pressure
|move|p2a: Great Tusk|Stealth Rock|p1a: Corviknight
|-sidestart|p1: TolaSix|move: Stealth Rock
|
|upkeep
|turn|2
|
|t:|1776343940
|-end|p2a: Great Tusk|Protosynthesis|[silent]
|switch|p2a: Gliscor|Gliscor, M|100/100
|move|p1a: Corviknight|Defog|p2a: Gliscor
|-unboost|p2a: Gliscor|evasion|1
|-sideend|p1: TolaSix|Stealth Rock|[from] move: Defog|[of] p1a: Corviknight
|
|-status|p2a: Gliscor|tox|[from] item: Toxic Orb
|upkeep
|turn|3
|
|t:|1776343949
|move|p2a: Gliscor|Spikes|p1a: Corviknight
|-sidestart|p1: TolaSix|Spikes
|move|p1a: Corviknight|U-turn|p2a: Gliscor
|-resisted|p2a: Gliscor
|-damage|p2a: Gliscor|95/100 tox
|
|t:|1776343959
|switch|p1a: Darkrai|Darkrai|100/100|[from] U-turn
|-damage|p1a: Darkrai|88/100|[from] Spikes
|
|-heal|p2a: Gliscor|100/100 tox|[from] ability: Poison Heal
|upkeep
|turn|4
|
|t:|1776343967
|switch|p2a: Tyranitar|Tyranitar, M|100/100
|-weather|Sandstorm|[from] ability: Sand Stream|[of] p2a: Tyranitar
|move|p1a: Darkrai|Ice Beam|p2a: Tyranitar
|-damage|p2a: Tyranitar|88/100
|
|-weather|Sandstorm|[upkeep]
|-damage|p1a: Darkrai|82/100|[from] Sandstorm
|upkeep
|turn|5
|
|t:|1776343980
|switch|p1a: Corviknight|Corviknight, M|100/100
|-ability|p1a: Corviknight|Pressure
|move|p2a: Tyranitar|Ice Punch|p1a: Corviknight
|-crit|p1a: Corviknight
|-damage|p1a: Corviknight|73/100
|-damage|p2a: Tyranitar|71/100|[from] item: Rocky Helmet|[of] p1a: Corviknight
|
|-weather|Sandstorm|[upkeep]
|upkeep
|turn|6
|
|t:|1776343993
|switch|p2a: Enamorus|Enamorus-Therian, F|100/100
|move|p1a: Corviknight|Defog|p2a: Enamorus
|-unboost|p2a: Enamorus|evasion|1
|-sideend|p1: TolaSix|Spikes|[from] move: Defog|[of] p1a: Corviknight
|
|-weather|Sandstorm|[upkeep]
|upkeep
|turn|7
|
|t:|1776344004
|move|p1a: Corviknight|Roost|p1a: Corviknight
|-heal|p1a: Corviknight|100/100
|-singleturn|p1a: Corviknight|move: Roost
|move|p2a: Enamorus|Draining Kiss|p1a: Corviknight
|-resisted|p1a: Corviknight
|-damage|p1a: Corviknight|86/100
|-damage|p2a: Enamorus|84/100|[from] item: Rocky Helmet|[of] p1a: Corviknight
|
|-weather|Sandstorm|[upkeep]
|-heal|p2a: Enamorus|90/100|[from] item: Leftovers
|upkeep
|turn|8
|
|t:|1776344017
|move|p1a: Corviknight|U-turn|p2a: Enamorus
|-resisted|p2a: Enamorus
|-damage|p2a: Enamorus|87/100
|
|t:|1776344024
|switch|p1a: Garganacl|Garganacl, F|100/100|[from] U-turn
|move|p2a: Enamorus|Draining Kiss|p1a: Garganacl
|-damage|p1a: Garganacl|87/100
|-heal|p2a: Enamorus|99/100|[from] drain|[of] p1a: Garganacl
|
|-weather|none
|-heal|p2a: Enamorus|100/100|[from] item: Leftovers
|-heal|p1a: Garganacl|93/100|[from] item: Leftovers
|upkeep
|turn|9
|
|t:|1776344040
|switch|p2a: Great Tusk|Great Tusk|100/100
|move|p1a: Garganacl|Iron Defense|p1a: Garganacl
|-boost|p1a: Garganacl|def|2
|
|-heal|p1a: Garganacl|99/100|[from] item: Leftovers
|upkeep
|turn|10
|
|t:|1776344057
|move|p2a: Great Tusk|Stealth Rock|p1a: Garganacl
|-sidestart|p1: TolaSix|move: Stealth Rock
|move|p1a: Garganacl|Salt Cure|p2a: Great Tusk
|-resisted|p2a: Great Tusk
|-damage|p2a: Great Tusk|98/100
|-start|p2a: Great Tusk|Salt Cure
|
|-heal|p1a: Garganacl|100/100|[from] item: Leftovers
|-damage|p2a: Great Tusk|86/100|[from] Salt Cure
|upkeep
|turn|11
|
|t:|1776344074
|-end|p2a: Great Tusk|Protosynthesis|[silent]
|switch|p2a: Gliscor|Gliscor, M|100/100 tox
|switch|p1a: Corviknight|Corviknight, M|86/100
|-damage|p1a: Corviknight|74/100|[from] Stealth Rock
|-ability|p1a: Corviknight|Pressure
|
|upkeep
|turn|12
|
|t:|1776344086
|move|p2a: Gliscor|Knock Off|p1a: Corviknight
|-damage|p1a: Corviknight|61/100
|-damage|p2a: Gliscor|84/100 tox|[from] item: Rocky Helmet|[of] p1a: Corviknight
|-enditem|p1a: Corviknight|Rocky Helmet|[from] move: Knock Off|[of] p2a: Gliscor
|move|p1a: Corviknight|Body Press|p2a: Gliscor
|-resisted|p2a: Gliscor
|-damage|p2a: Gliscor|74/100 tox
|
|-heal|p2a: Gliscor|87/100 tox|[from] ability: Poison Heal
|upkeep
|turn|13
|
|t:|1776344097
|move|p2a: Gliscor|Protect|p2a: Gliscor
|-singleturn|p2a: Gliscor|Protect
|move|p1a: Corviknight|Defog|p2a: Gliscor
|-activate|p2a: Gliscor|move: Protect
|
|-heal|p2a: Gliscor|99/100 tox|[from] ability: Poison Heal
|upkeep
|turn|14
|
|t:|1776344111
|move|p2a: Gliscor|U-turn|p1a: Corviknight
|-resisted|p1a: Corviknight
|-damage|p1a: Corviknight|59/100
|
|t:|1776344117
|switch|p2a: Enamorus|Enamorus-Therian, F|100/100|[from] U-turn
|move|p1a: Corviknight|Defog|p2a: Enamorus
|-unboost|p2a: Enamorus|evasion|1
|-sideend|p1: TolaSix|Stealth Rock|[from] move: Defog|[of] p1a: Corviknight
|
|upkeep
|turn|15
|
|t:|1776344142
|move|p1a: Corviknight|Roost|p1a: Corviknight
|-heal|p1a: Corviknight|100/100
|-singleturn|p1a: Corviknight|move: Roost
|move|p2a: Enamorus|Calm Mind|p2a: Enamorus
|-boost|p2a: Enamorus|spa|1
|-boost|p2a: Enamorus|spd|1
|
|upkeep
|turn|16
|
|t:|1776344154
|switch|p1a: Landorus|Landorus-Therian, M|100/100
|-ability|p1a: Landorus|Intimidate|boost
|-unboost|p2a: Enamorus|atk|1
|move|p2a: Enamorus|Draining Kiss|p1a: Landorus
|-damage|p1a: Landorus|54/100
|
|-heal|p1a: Landorus|60/100|[from] item: Leftovers
|upkeep
|turn|17
|
|t:|1776344165
|switch|p2a: Gliscor|Gliscor, M|99/100 tox
|move|p1a: Landorus|Stone Edge|p2a: Gliscor
|-damage|p2a: Gliscor|72/100 tox
|
|-heal|p1a: Landorus|66/100|[from] item: Leftovers
|-heal|p2a: Gliscor|85/100 tox|[from] ability: Poison Heal
|upkeep
|turn|18
|
|t:|1776344176
|move|p1a: Landorus|Stealth Rock|p2a: Gliscor
|-sidestart|p2: m16h25|move: Stealth Rock
|move|p2a: Gliscor|Knock Off|p1a: Landorus
|-crit|p1a: Landorus
|-damage|p1a: Landorus|38/100
|-enditem|p1a: Landorus|Leftovers|[from] move: Knock Off|[of] p2a: Gliscor
|
|-heal|p2a: Gliscor|97/100 tox|[from] ability: Poison Heal
|upkeep
|turn|19
|
|t:|1776344186
|move|p1a: Landorus|U-turn|p2a: Gliscor
|-resisted|p2a: Gliscor
|-damage|p2a: Gliscor|89/100 tox
|inactive|TolaSix has 120 seconds left.
|
|t:|1776344240
|switch|p1a: Garganacl|Garganacl, F|100/100|[from] U-turn
|move|p2a: Gliscor|Spikes|p1a: Garganacl
|-sidestart|p1: TolaSix|Spikes
|
|-heal|p2a: Gliscor|100/100 tox|[from] ability: Poison Heal
|upkeep
|turn|20
|
|t:|1776344249
|switch|p1a: Landorus|Landorus-Therian, M|38/100
|-ability|p1a: Landorus|Intimidate|boost
|-unboost|p2a: Gliscor|atk|1
|move|p2a: Gliscor|Knock Off|p1a: Landorus
|-damage|p1a: Landorus|28/100
|
|upkeep
|turn|21
|inactive|TolaSix has 120 seconds left.
|
|t:|1776344260
|move|p1a: Landorus|Stone Edge|p2a: Gliscor
|-damage|p2a: Gliscor|74/100 tox
|move|p2a: Gliscor|U-turn|p1a: Landorus
|-resisted|p1a: Landorus
|-damage|p1a: Landorus|24/100
|
|t:|1776344266
|switch|p2a: Great Tusk|Great Tusk|86/100|[from] U-turn
|
|upkeep
|turn|22
|
|t:|1776344274
|move|p1a: Landorus|Earthquake|p2a: Great Tusk
|-damage|p2a: Great Tusk|58/100
|move|p2a: Great Tusk|Rapid Spin|p1a: Landorus
|-damage|p1a: Landorus|10/100
|-boost|p2a: Great Tusk|spe|1
|-sideend|p2: m16h25|Stealth Rock|[from] move: Rapid Spin|[of] p2a: Great Tusk
|
|upkeep
|turn|23
|
|t:|1776344285
|switch|p1a: Garganacl|Garganacl, F|100/100
|-damage|p1a: Garganacl|88/100|[from] Spikes
|move|p2a: Great Tusk|Ice Spinner|p1a: Garganacl
|-damage|p1a: Garganacl|72/100
|
|-heal|p1a: Garganacl|78/100|[from] item: Leftovers
|upkeep
|turn|24
|
|t:|1776344296
|-end|p2a: Great Tusk|Protosynthesis|[silent]
|switch|p2a: Gliscor|Gliscor, M|74/100 tox
|-terastallize|p1a: Garganacl|Water
|move|p1a: Garganacl|Iron Defense|p1a: Garganacl
|-boost|p1a: Garganacl|def|2
|
|-heal|p1a: Garganacl|85/100|[from] item: Leftovers
|-heal|p2a: Gliscor|87/100 tox|[from] ability: Poison Heal
|upkeep
|turn|25
|
|t:|1776344314
|move|p2a: Gliscor|Knock Off|p1a: Garganacl
|-damage|p1a: Garganacl|77/100
|-enditem|p1a: Garganacl|Leftovers|[from] move: Knock Off|[of] p2a: Gliscor
|move|p1a: Garganacl|Salt Cure|p2a: Gliscor
|-damage|p2a: Gliscor|75/100 tox
|-start|p2a: Gliscor|Salt Cure
|
|-heal|p2a: Gliscor|88/100 tox|[from] ability: Poison Heal
|-damage|p2a: Gliscor|75/100 tox|[from] Salt Cure
|upkeep
|turn|26
|
|t:|1776344326
|move|p2a: Gliscor|U-turn|p1a: Garganacl
|-damage|p1a: Garganacl|72/100
|
|t:|1776344330
|switch|p2a: Iron Crown|Iron Crown|100/100|[from] U-turn
|move|p1a: Garganacl|Iron Defense|p1a: Garganacl
|-boost|p1a: Garganacl|def|2
|
|upkeep
|turn|27
|
|t:|1776344338
|move|p2a: Iron Crown|Volt Switch|p1a: Garganacl
|-supereffective|p1a: Garganacl
|-damage|p1a: Garganacl|39/100
|
|t:|1776344343
|-end|p2a: Iron Crown|Quark Drive|[silent]
|switch|p2a: Gliscor|Gliscor, M|75/100 tox|[from] Volt Switch
|move|p1a: Garganacl|Recover|p1a: Garganacl
|-heal|p1a: Garganacl|89/100
|
|-heal|p2a: Gliscor|88/100 tox|[from] ability: Poison Heal
|upkeep
|turn|28
|
|t:|1776344353
|move|p2a: Gliscor|Spikes|p1a: Garganacl
|-sidestart|p1: TolaSix|Spikes
|move|p1a: Garganacl|Salt Cure|p2a: Gliscor
|-damage|p2a: Gliscor|77/100 tox
|-start|p2a: Gliscor|Salt Cure
|
|-heal|p2a: Gliscor|89/100 tox|[from] ability: Poison Heal
|-damage|p2a: Gliscor|77/100 tox|[from] Salt Cure
|upkeep
|turn|29
|
|t:|1776344363
|move|p2a: Gliscor|Spikes|p1a: Garganacl
|-sidestart|p1: TolaSix|Spikes
|move|p1a: Garganacl|Iron Defense|p1a: Garganacl
|-boost|p1a: Garganacl|def|2
|
|-heal|p2a: Gliscor|89/100 tox|[from] ability: Poison Heal
|-damage|p2a: Gliscor|77/100 tox|[from] Salt Cure
|upkeep
|turn|30
|
|t:|1776344373
|move|p2a: Gliscor|U-turn|p1a: Garganacl
|-damage|p1a: Garganacl|86/100
|
|t:|1776344378
|switch|p2a: Enamorus|Enamorus-Therian, F|100/100|[from] U-turn
|move|p1a: Garganacl|Body Press|p2a: Enamorus
|-resisted|p2a: Enamorus
|-damage|p2a: Enamorus|79/100
|
|-heal|p2a: Enamorus|85/100|[from] item: Leftovers
|upkeep
|turn|31
|
|t:|1776344392
|move|p2a: Enamorus|Calm Mind|p2a: Enamorus
|-boost|p2a: Enamorus|spa|1
|-boost|p2a: Enamorus|spd|1
|move|p1a: Garganacl|Salt Cure|p2a: Enamorus
|-supereffective|p2a: Enamorus
|-damage|p2a: Enamorus|57/100
|-start|p2a: Enamorus|Salt Cure
|
|-heal|p2a: Enamorus|63/100|[from] item: Leftovers
|-damage|p2a: Enamorus|51/100|[from] Salt Cure
|upkeep
|turn|32
|
|t:|1776344403
|move|p2a: Enamorus|Draining Kiss|p1a: Garganacl
|-damage|p1a: Garganacl|61/100
|-heal|p2a: Enamorus|73/100|[from] drain|[of] p1a: Garganacl
|move|p1a: Garganacl|Salt Cure|p2a: Enamorus
|-supereffective|p2a: Enamorus
|-damage|p2a: Enamorus|48/100
|
|-heal|p2a: Enamorus|54/100|[from] item: Leftovers
|-damage|p2a: Enamorus|42/100|[from] Salt Cure
|upkeep
|turn|33
|
|t:|1776344415
|move|p2a: Enamorus|Draining Kiss|p1a: Garganacl
|-damage|p1a: Garganacl|32/100
|-heal|p2a: Enamorus|67/100|[from] drain|[of] p1a: Garganacl
|move|p1a: Garganacl|Salt Cure|p2a: Enamorus
|-supereffective|p2a: Enamorus
|-damage|p2a: Enamorus|40/100
|
|-heal|p2a: Enamorus|46/100|[from] item: Leftovers
|-damage|p2a: Enamorus|34/100|[from] Salt Cure
|upkeep
|turn|34
|
|t:|1776344426
|move|p2a: Enamorus|Taunt|p1a: Garganacl
|-start|p1a: Garganacl|move: Taunt
|cant|p1a: Garganacl|move: Taunt|Recover
|
|-heal|p2a: Enamorus|40/100|[from] item: Leftovers
|-damage|p2a: Enamorus|28/100|[from] Salt Cure
|upkeep
|turn|35
|
|t:|1776344435
|move|p2a: Enamorus|Draining Kiss|p1a: Garganacl
|-damage|p1a: Garganacl|3/100
|-heal|p2a: Enamorus|53/100|[from] drain|[of] p1a: Garganacl
|move|p1a: Garganacl|Salt Cure|p2a: Enamorus
|-supereffective|p2a: Enamorus
|-damage|p2a: Enamorus|27/100
|
|-heal|p2a: Enamorus|33/100|[from] item: Leftovers
|-damage|p2a: Enamorus|21/100|[from] Salt Cure
|upkeep
|turn|36
|
|t:|1776344447
|switch|p1a: Corviknight|Corviknight, M|100/100
|-ability|p1a: Corviknight|Pressure
|move|p2a: Enamorus|Draining Kiss|p1a: Corviknight
|-resisted|p1a: Corviknight
|-damage|p1a: Corviknight|79/100
|-heal|p2a: Enamorus|39/100|[from] drain|[of] p1a: Corviknight
|
|-heal|p2a: Enamorus|45/100|[from] item: Leftovers
|-damage|p2a: Enamorus|33/100|[from] Salt Cure
|upkeep
|turn|37
|
|t:|1776344460
|switch|p2a: Gliscor|Gliscor, M|77/100 tox
|move|p1a: Corviknight|Defog|p2a: Gliscor
|-unboost|p2a: Gliscor|evasion|1
|-sideend|p1: TolaSix|Spikes|[from] move: Defog|[of] p1a: Corviknight
|
|-heal|p2a: Gliscor|89/100 tox|[from] ability: Poison Heal
|upkeep
|turn|38
|
|t:|1776344472
|switch|p1a: Darkrai|Darkrai|82/100
|move|p2a: Gliscor|Spikes|p1a: Darkrai
|-sidestart|p1: TolaSix|Spikes
|
|-heal|p2a: Gliscor|100/100 tox|[from] ability: Poison Heal
|upkeep
|turn|39
|inactive|TolaSix has 120 seconds left.
|
|t:|1776344517
|move|p2a: Gliscor|Protect|p2a: Gliscor
|-singleturn|p2a: Gliscor|Protect
|move|p1a: Darkrai|Ice Beam|p2a: Gliscor
|-activate|p2a: Gliscor|move: Protect
|
|upkeep
|turn|40
|
|t:|1776344532
|switch|p1a: Blaziken|Blaziken, M|100/100
|switch|p2a: Iron Crown|Iron Crown|100/100
|
|upkeep
|turn|41
|
|t:|1776344543
|move|p1a: Blaziken|Protect|p1a: Blaziken
|-singleturn|p1a: Blaziken|Protect
|move|p2a: Iron Crown|Psyshock|p1a: Blaziken
|-activate|p1a: Blaziken|move: Protect
|
|-ability|p1a: Blaziken|Speed Boost|boost
|-boost|p1a: Blaziken|spe|1
|upkeep
|turn|42
|
|t:|1776344557
|move|p2a: Iron Crown|Psyshock|p1a: Blaziken
|-supereffective|p1a: Blaziken
|-damage|p1a: Blaziken|0 fnt
|faint|p1a: Blaziken
|
|upkeep
|-message|TolaSix forfeited.
|
|win|m16h25
|raw|TolaSix's rating: 1324 &rarr; <strong>1304</strong><br />(-20 for losing)
|raw|m16h25's rating: 1328 &rarr; <strong>1348</strong><br />(+20 for winning)
|l|☆TolaSix
|player|p1|
