|html|<div class="broadcast-blue"><strong>[Gen 9] OU is currently suspecting Tera Blast! For information on how to participate check out the <a href="https://www.smogon.com/tools/suspects/view/200">suspect thread</a>.</strong></div>
|j|☆snurke
|j|☆phreshoatmeal
|t:|1776087854
|gametype|singles
|player|p1|snurke|sisandbro|1541
|player|p2|phreshoatmeal|265|1574
|gen|9
|tier|[Gen 9] OU
|rated|
|rule|HP Percentage Mod: HP is shown in percentages
|rule|Endless Battle Clause: Forcing endless battles is banned
|rule|Species Clause: Limit one of each Pokémon
|rule|OHKO Clause: OHKO moves are banned
|rule|Evasion Items Clause: Evasion items are banned
|rule|Evasion Moves Clause: Evasion moves are banned
|rule|Evasion Abilities Clause: Evasion abilities are banned
|rule|Sleep Moves Clause: Sleep-inducing moves are banned
|clearpoke
|poke|p1|Mew|
|poke|p1|Iron Treads|
|poke|p1|Zamazenta-*|
|poke|p1|Ceruledge, F|
|poke|p1|Ninetales-Alola, F|
|poke|p1|Gliscor, F|
|poke|p2|Tyranitar, M|
|poke|p2|Excadrill, M|
|poke|p2|Vileplume, F|
|poke|p2|Hippowdon, F|
|poke|p2|Hatterene, F|
|poke|p2|Pawmot, M|
|teampreview
|inactive|Battle timer is ON: inactive players will automatically lose when time's up. (requested by snurke)
|inactive|phreshoatmeal has 120 seconds left.
|
|t:|1776087916
|teamsize|p1|6
|teamsize|p2|6
|start
|switch|p1a: Mew|Mew, shiny|100/100
|switch|p2a: Vileplume|Vileplume, F|100/100
|turn|1
|
|t:|1776087930
|switch|p2a: Hatterene|Hatterene, F|100/100
|-terastallize|p1a: Mew|Steel
|move|p1a: Mew|Imprison|p1a: Mew
|-start|p1a: Mew|move: Imprison
|
|upkeep
|turn|2
|inactive|phreshoatmeal has 120 seconds left.
|
|t:|1776087990
|switch|p2a: Tyranitar|Tyranitar, M|100/100
|-weather|Sandstorm|[from] ability: Sand Stream|[of] p2a: Tyranitar
|move|p1a: Mew|Transform|p2a: Tyranitar
|-transform|p1a: Mew|p2a: Tyranitar
|
|-weather|Sandstorm|[upkeep]
|upkeep
|turn|3
|inactive|phreshoatmeal has 90 seconds left.
|
|t:|1776088023
|switch|p2a: Hatterene|Hatterene, F|100/100
|move|p1a: Mew|Stealth Rock|p2a: Hatterene
|move|p2a: Hatterene|Stealth Rock|p1a: Mew|[from] ability: Magic Bounce
|-sidestart|p1: snurke|move: Stealth Rock
|
|-weather|Sandstorm|[upkeep]
|-damage|p2a: Hatterene|95/100|[from] Sandstorm
|-heal|p2a: Hatterene|100/100|[from] item: Leftovers
|upkeep
|turn|4
|inactive|phreshoatmeal has 60 seconds left.
|
|t:|1776088049
|move|p1a: Mew|Knock Off|p2a: Hatterene
|-damage|p2a: Hatterene|65/100
|-enditem|p2a: Hatterene|Leftovers|[from] move: Knock Off|[of] p1a: Mew
|move|p2a: Hatterene|Gravity|p2a: Hatterene
|-fieldstart|move: Gravity
|
|-weather|Sandstorm|[upkeep]
|-damage|p2a: Hatterene|59/100|[from] Sandstorm
|upkeep
|turn|5
|
|t:|1776088059
|move|p2a: Hatterene|Pain Split|p1a: Mew
|-sethp|p1a: Mew|73/100|[from] move: Pain Split|[silent]
|-sethp|p2a: Hatterene|93/100|[from] move: Pain Split
|move|p1a: Mew|Roar|p2a: Hatterene
|move|p2a: Hatterene|Roar|p1a: Mew|[from] ability: Magic Bounce
|drag|p1a: Ceruledge|Ceruledge, F, shiny|100/100
|-damage|p1a: Ceruledge|76/100|[from] Stealth Rock
|
|-weather|Sandstorm|[upkeep]
|-damage|p1a: Ceruledge|69/100|[from] Sandstorm
|-damage|p2a: Hatterene|87/100|[from] Sandstorm
|upkeep
|turn|6
|inactive|phreshoatmeal has 60 seconds left.
|c|☆snurke|can you hurry tf up
|inactive|phreshoatmeal has 30 seconds left.
|
|t:|1776088105
|switch|p2a: Tyranitar|Tyranitar, M|100/100
|move|p1a: Ceruledge|Bitter Blade|p2a: Tyranitar
|-resisted|p2a: Tyranitar
|-damage|p2a: Tyranitar|80/100
|-heal|p1a: Ceruledge|81/100|[from] drain|[of] p2a: Tyranitar
|-enditem|p2a: Tyranitar|Eject Button
|inactive|phreshoatmeal has 30 seconds left.
|
|t:|1776088113
|switch|p2a: Pawmot|Pawmot, M|100/100
|
|-weather|none
|upkeep
|turn|7
|inactive|phreshoatmeal has 30 seconds left.
|inactive|phreshoatmeal has 20 seconds left.
|
|t:|1776088136
|switch|p2a: Tyranitar|Tyranitar, M|80/100
|-weather|Sandstorm|[from] ability: Sand Stream|[of] p2a: Tyranitar
|switch|p1a: Gliscor|Gliscor, F, shiny|100/100
|-damage|p1a: Gliscor|88/100|[from] Stealth Rock
|
|-weather|Sandstorm|[upkeep]
|-status|p1a: Gliscor|tox|[from] item: Toxic Orb
|upkeep
|turn|8
|inactive|phreshoatmeal has 30 seconds left this turn.
|
|t:|1776088147
|switch|p1a: Iron Treads|Iron Treads, shiny|100/100
|-damage|p1a: Iron Treads|97/100|[from] Stealth Rock
|move|p2a: Tyranitar|Ice Beam|p1a: Iron Treads
|-damage|p1a: Iron Treads|70/100
|
|-weather|Sandstorm|[upkeep]
|-heal|p1a: Iron Treads|76/100|[from] item: Leftovers
|-fieldend|move: Gravity
|upkeep
|turn|9
|inactive|phreshoatmeal has 30 seconds left.
|
|t:|1776088157
|switch|p2a: Hatterene|Hatterene, F|87/100
|move|p1a: Iron Treads|Rapid Spin|p2a: Hatterene
|-damage|p2a: Hatterene|75/100
|-boost|p1a: Iron Treads|spe|1
|-sideend|p1: snurke|Stealth Rock|[from] move: Rapid Spin|[of] p1a: Iron Treads
|
|-weather|Sandstorm|[upkeep]
|-damage|p2a: Hatterene|69/100|[from] Sandstorm
|-heal|p1a: Iron Treads|82/100|[from] item: Leftovers
|upkeep
|turn|10
|inactive|phreshoatmeal has 30 seconds left.
|
|t:|1776088164
|move|p1a: Iron Treads|Heavy Slam|p2a: Hatterene
|-supereffective|p2a: Hatterene
|-damage|p2a: Hatterene|0 fnt
|faint|p2a: Hatterene
|
|-weather|Sandstorm|[upkeep]
|-heal|p1a: Iron Treads|89/100|[from] item: Leftovers
|upkeep
|
|t:|1776088168
|switch|p2a: Excadrill|Excadrill, M|100/100
|turn|11
|
|t:|1776088178
|switch|p2a: Pawmot|Pawmot, M|100/100
|-end|p1a: Iron Treads|Quark Drive|[silent]
|switch|p1a: Ninetales|Ninetales-Alola, F, shiny|100/100
|-weather|Snowscape|[from] ability: Snow Warning|[of] p1a: Ninetales
|
|-weather|Snowscape|[upkeep]
|upkeep
|turn|12
|
|t:|1776088185
|switch|p2a: Tyranitar|Tyranitar, M|80/100
|-weather|Sandstorm|[from] ability: Sand Stream|[of] p2a: Tyranitar
|move|p1a: Ninetales|Moonblast|p2a: Tyranitar
|-supereffective|p2a: Tyranitar
|-damage|p2a: Tyranitar|59/100
|
|-weather|Sandstorm|[upkeep]
|-damage|p1a: Ninetales|94/100|[from] Sandstorm
|upkeep
|turn|13
|
|t:|1776088196
|switch|p1a: Iron Treads|Iron Treads, shiny|89/100
|move|p2a: Tyranitar|Stealth Rock|p1a: Iron Treads
|-sidestart|p1: snurke|move: Stealth Rock
|
|-weather|Sandstorm|[upkeep]
|-heal|p1a: Iron Treads|95/100|[from] item: Leftovers
|upkeep
|turn|14
|
|t:|1776088204
|switch|p2a: Vileplume|Vileplume, F|100/100
|move|p1a: Iron Treads|Rapid Spin|p2a: Vileplume
|-damage|p2a: Vileplume|89/100
|-boost|p1a: Iron Treads|spe|1
|-damage|p1a: Iron Treads|78/100|[from] item: Rocky Helmet|[of] p2a: Vileplume
|-status|p1a: Iron Treads|par|[from] ability: Effect Spore|[of] p2a: Vileplume
|-sideend|p1: snurke|Stealth Rock|[from] move: Rapid Spin|[of] p1a: Iron Treads
|
|-weather|Sandstorm|[upkeep]
|-damage|p2a: Vileplume|83/100|[from] Sandstorm
|-heal|p1a: Iron Treads|85/100 par|[from] item: Leftovers
|upkeep
|turn|15
|
|t:|1776088214
|-end|p1a: Iron Treads|Quark Drive|[silent]
|switch|p1a: Mew|Mew, shiny, tera:Steel|73/100
|move|p2a: Vileplume|Grass Knot|p1a: Mew
|-resisted|p1a: Mew
|-damage|p1a: Mew|70/100
|
|-weather|Sandstorm|[upkeep]
|-damage|p2a: Vileplume|77/100|[from] Sandstorm
|-heal|p1a: Mew|76/100|[from] item: Leftovers
|upkeep
|turn|16
|j| bollibig
|
|t:|1776088228
|switch|p2a: Excadrill|Excadrill, M|100/100
|move|p1a: Mew|Stealth Rock|p2a: Excadrill
|-sidestart|p2: phreshoatmeal|move: Stealth Rock
|
|-weather|none
|-heal|p1a: Mew|82/100|[from] item: Leftovers
|upkeep
|turn|17
|
|t:|1776088249
|switch|p1a: Gliscor|Gliscor, F, shiny|88/100 tox
|move|p2a: Excadrill|Rapid Spin|p1a: Gliscor
|-crit|p1a: Gliscor
|-damage|p1a: Gliscor|51/100 tox
|-boost|p2a: Excadrill|spe|1
|-sideend|p2: phreshoatmeal|Stealth Rock|[from] move: Rapid Spin|[of] p2a: Excadrill
|
|-heal|p1a: Gliscor|63/100 tox|[from] ability: Poison Heal
|upkeep
|turn|18
|
|t:|1776088258
|switch|p2a: Vileplume|Vileplume, F|77/100
|move|p1a: Gliscor|Knock Off|p2a: Vileplume
|-damage|p2a: Vileplume|57/100
|-damage|p1a: Gliscor|47/100 tox|[from] item: Rocky Helmet|[of] p2a: Vileplume
|-enditem|p2a: Vileplume|Rocky Helmet|[from] move: Knock Off|[of] p1a: Gliscor
|
|-heal|p1a: Gliscor|59/100 tox|[from] ability: Poison Heal
|upkeep
|turn|19
|
|t:|1776088266
|switch|p1a: Mew|Mew, shiny, tera:Steel|82/100
|move|p2a: Vileplume|Strength Sap|p1a: Mew
|-unboost|p1a: Mew|atk|1
|-heal|p2a: Vileplume|100/100
|
|-heal|p1a: Mew|88/100|[from] item: Leftovers
|upkeep
|turn|20
|
|t:|1776088287
|switch|p2a: Pawmot|Pawmot, M|100/100
|move|p1a: Mew|Imprison|p1a: Mew
|-start|p1a: Mew|move: Imprison
|
|-heal|p1a: Mew|95/100|[from] item: Leftovers
|upkeep
|turn|21
|
|t:|1776088296
|move|p2a: Pawmot|Mach Punch|p1a: Mew
|-supereffective|p1a: Mew
|-damage|p1a: Mew|55/100
|move|p1a: Mew|Transform|p2a: Pawmot
|-transform|p1a: Mew|p2a: Pawmot
|
|-heal|p1a: Mew|62/100|[from] item: Leftovers
|upkeep
|turn|22
|
|t:|1776088311
|switch|p2a: Vileplume|Vileplume, F|100/100
|move|p1a: Mew|Ice Punch|p2a: Vileplume
|-supereffective|p2a: Vileplume
|-damage|p2a: Vileplume|52/100
|-status|p1a: Mew|slp|[from] ability: Effect Spore|[of] p2a: Vileplume
|
|-heal|p1a: Mew|68/100 slp|[from] item: Leftovers
|upkeep
|turn|23
|
|t:|1776088322
|cant|p1a: Mew|slp
|move|p2a: Vileplume|Strength Sap|p1a: Mew
|-unboost|p1a: Mew|atk|1
|-heal|p2a: Vileplume|100/100
|
|-heal|p1a: Mew|74/100 slp|[from] item: Leftovers
|upkeep
|turn|24
|
|t:|1776088335
|switch|p2a: Pawmot|Pawmot, M|100/100
|-curestatus|p1a: Mew|slp|[msg]
|move|p1a: Mew|Ice Punch|p2a: Pawmot
|-damage|p2a: Pawmot|68/100
|
|-heal|p1a: Mew|80/100|[from] item: Leftovers
|upkeep
|turn|25
|
|t:|1776088343
|move|p1a: Mew|Ice Punch|p2a: Pawmot
|-damage|p2a: Pawmot|36/100
|-activate|p2a: Pawmot|move: Struggle
|move|p2a: Pawmot|Struggle|p1a: Mew
|-damage|p1a: Mew|62/100
|-damage|p2a: Pawmot|12/100|[from] recoil
|
|-heal|p1a: Mew|68/100|[from] item: Leftovers
|upkeep
|turn|26
|
|t:|1776088360
|switch|p1a: Ninetales|Ninetales-Alola, F, shiny|94/100
|-weather|Snowscape|[from] ability: Snow Warning|[of] p1a: Ninetales
|switch|p2a: Vileplume|Vileplume, F|100/100
|
|-weather|Snowscape|[upkeep]
|upkeep
|turn|27
|
|t:|1776088375
|move|p1a: Ninetales|Aurora Veil|p1a: Ninetales
|-sidestart|p1: snurke|move: Aurora Veil
|move|p2a: Vileplume|Sludge Bomb|p1a: Ninetales
|-supereffective|p1a: Ninetales
|-damage|p1a: Ninetales|62/100
|
|-weather|Snowscape|[upkeep]
|upkeep
|turn|28
|inactive|phreshoatmeal has 60 seconds left.
|
|t:|1776088397
|switch|p1a: Mew|Mew, shiny, tera:Steel|68/100
|move|p2a: Vileplume|Sludge Bomb|p1a: Mew
|-immune|p1a: Mew
|
|-weather|Snowscape|[upkeep]
|-heal|p1a: Mew|74/100|[from] item: Leftovers
|upkeep
|turn|29
|
|t:|1776088407
|switch|p2a: Tyranitar|Tyranitar, M|59/100
|-weather|Sandstorm|[from] ability: Sand Stream|[of] p2a: Tyranitar
|move|p1a: Mew|Imprison|p1a: Mew
|-start|p1a: Mew|move: Imprison
|
|-weather|Sandstorm|[upkeep]
|-heal|p1a: Mew|80/100|[from] item: Leftovers
|upkeep
|turn|30
|
|t:|1776088411
|switch|p2a: Hippowdon|Hippowdon, F|100/100
|move|p1a: Mew|Transform|p2a: Hippowdon
|-transform|p1a: Mew|p2a: Hippowdon
|
|-weather|Sandstorm|[upkeep]
|-heal|p1a: Mew|87/100|[from] item: Leftovers
|upkeep
|turn|31
|
|t:|1776088420
|switch|p2a: Vileplume|Vileplume, F|100/100
|move|p1a: Mew|Earthquake|p2a: Vileplume
|-damage|p2a: Vileplume|70/100
|
|-weather|Sandstorm|[upkeep]
|-damage|p2a: Vileplume|64/100|[from] Sandstorm
|-heal|p1a: Mew|93/100|[from] item: Leftovers
|upkeep
|turn|32
|
|t:|1776088435
|move|p2a: Vileplume|Strength Sap|p1a: Mew
|-unboost|p1a: Mew|atk|1
|-heal|p2a: Vileplume|100/100
|move|p1a: Mew|Earthquake|p2a: Vileplume
|-damage|p2a: Vileplume|81/100
|
|-weather|Sandstorm|[upkeep]
|-damage|p2a: Vileplume|75/100|[from] Sandstorm
|-heal|p1a: Mew|99/100|[from] item: Leftovers
|upkeep
|turn|33
|
|t:|1776088445
|switch|p1a: Iron Treads|Iron Treads, shiny|85/100 par
|move|p2a: Vileplume|Stun Spore|p1a: Iron Treads
|-fail|p1a: Iron Treads|par
|
|-weather|none
|-heal|p1a: Iron Treads|91/100 par|[from] item: Leftovers
|upkeep
|turn|34
|
|t:|1776088454
|move|p1a: Iron Treads|Earthquake|p2a: Vileplume
|-damage|p2a: Vileplume|40/100
|move|p2a: Vileplume|Strength Sap|p1a: Iron Treads
|-unboost|p1a: Iron Treads|atk|1
|-heal|p2a: Vileplume|100/100
|
|-heal|p1a: Iron Treads|97/100 par|[from] item: Leftovers
|-sideend|p1: snurke|move: Aurora Veil
|upkeep
|turn|35
|inactive|phreshoatmeal has 90 seconds left.
|
|t:|1776088463
|-end|p1a: Iron Treads|Quark Drive|[silent]
|switch|p1a: Mew|Mew, shiny, tera:Steel|99/100
|move|p2a: Vileplume|Grass Knot|p1a: Mew
|-resisted|p1a: Mew
|-damage|p1a: Mew|96/100
|
|-heal|p1a: Mew|100/100|[from] item: Leftovers
|upkeep
|turn|36
|inactive|phreshoatmeal has 90 seconds left.
|
|t:|1776088476
|switch|p2a: Tyranitar|Tyranitar, M|59/100
|-weather|Sandstorm|[from] ability: Sand Stream|[of] p2a: Tyranitar
|move|p1a: Mew|Imprison|p1a: Mew
|-start|p1a: Mew|move: Imprison
|
|-weather|Sandstorm|[upkeep]
|upkeep
|turn|37
|
|t:|1776088487
|switch|p2a: Hippowdon|Hippowdon, F|100/100
|move|p1a: Mew|Stealth Rock|p2a: Hippowdon
|-sidestart|p2: phreshoatmeal|move: Stealth Rock
|
|-weather|Sandstorm|[upkeep]
|upkeep
|turn|38
|l| bollibig
|inactive|phreshoatmeal has 90 seconds left.
|
|t:|1776088509
|move|p1a: Mew|Knock Off|p2a: Hippowdon
|-damage|p2a: Hippowdon|89/100
|-enditem|p2a: Hippowdon|Eject Button|[from] move: Knock Off|[of] p1a: Mew
|move|p2a: Hippowdon|Earthquake|p1a: Mew
|-supereffective|p1a: Mew
|-damage|p1a: Mew|38/100
|
|-weather|Sandstorm|[upkeep]
|-heal|p1a: Mew|44/100|[from] item: Leftovers
|upkeep
|turn|39
|
|t:|1776088517
|move|p1a: Mew|Transform|p2a: Hippowdon
|-transform|p1a: Mew|p2a: Hippowdon
|cant|p2a: Hippowdon|move: Imprison|Earthquake
|
|-weather|Sandstorm|[upkeep]
|-heal|p1a: Mew|50/100|[from] item: Leftovers
|upkeep
|turn|40
|j| bollibig
|
|t:|1776088524
|switch|p2a: Vileplume|Vileplume, F|100/100
|-damage|p2a: Vileplume|88/100|[from] Stealth Rock
|move|p1a: Mew|Slack Off|p1a: Mew
|-heal|p1a: Mew|100/100
|
|-weather|none
|upkeep
|turn|41
|
|t:|1776088536
|switch|p1a: Gliscor|Gliscor, F, shiny|59/100 tox
|move|p2a: Vileplume|Grass Knot|p1a: Gliscor
|-damage|p1a: Gliscor|31/100 tox
|
|-heal|p1a: Gliscor|43/100 tox|[from] ability: Poison Heal
|upkeep
|turn|42
|inactive|phreshoatmeal has 90 seconds left.
|c| bollibig|might have to try vileplume or sumn
|c|☆snurke|its a really good counter to orgerpon
|c|☆snurke|but its also lame af
|
|t:|1776088582
|move|p1a: Gliscor|Swords Dance|p1a: Gliscor
|-boost|p1a: Gliscor|atk|2
|move|p2a: Vileplume|Grass Knot|p1a: Gliscor
|-damage|p1a: Gliscor|14/100 tox
|
|-heal|p1a: Gliscor|27/100 tox|[from] ability: Poison Heal
|upkeep
|turn|43
|
|t:|1776088590
|move|p1a: Gliscor|Facade|p2a: Vileplume
|-damage|p2a: Vileplume|30/100
|move|p2a: Vileplume|Grass Knot|p1a: Gliscor
|-damage|p1a: Gliscor|0 fnt
|faint|p1a: Gliscor
|
|upkeep
|c| bollibig|theres lamer options
|
|t:|1776088599
|switch|p1a: Ceruledge|Ceruledge, F, shiny|81/100
|turn|44
|inactive|phreshoatmeal has 90 seconds left.
|c|☆snurke|true
|inactive|phreshoatmeal has 60 seconds left.
|c|☆snurke|i would sooner run a team with more aggressive options
|
|t:|1776088642
|switch|p2a: Hippowdon|Hippowdon, F|89/100
|-damage|p2a: Hippowdon|83/100|[from] Stealth Rock
|-weather|Sandstorm|[from] ability: Sand Stream|[of] p2a: Hippowdon
|move|p1a: Ceruledge|Taunt|p2a: Hippowdon
|-start|p2a: Hippowdon|move: Taunt
|
|-weather|Sandstorm|[upkeep]
|-damage|p1a: Ceruledge|75/100|[from] Sandstorm
|upkeep
|turn|45
|inactive|phreshoatmeal has 60 seconds left.
|c|☆snurke|but when you trigger effect spore 100% of the time its not bad
|
|t:|1776088662
|switch|p1a: Ninetales|Ninetales-Alola, F, shiny|62/100
|-weather|Snowscape|[from] ability: Snow Warning|[of] p1a: Ninetales
|move|p2a: Hippowdon|Earthquake|p1a: Ninetales
|-damage|p1a: Ninetales|30/100
|
|-weather|Snowscape|[upkeep]
|upkeep
|turn|46
|inactive|phreshoatmeal has 60 seconds left.
|
|t:|1776088676
|switch|p2a: Tyranitar|Tyranitar, M|59/100
|-damage|p2a: Tyranitar|47/100|[from] Stealth Rock
|-weather|Sandstorm|[from] ability: Sand Stream|[of] p2a: Tyranitar
|move|p1a: Ninetales|Aurora Veil||[still]
|-fail|p1a: Ninetales
|
|-weather|Sandstorm|[upkeep]
|-damage|p1a: Ninetales|24/100|[from] Sandstorm
|upkeep
|turn|47
|c| bollibig|yeah
|inactive|phreshoatmeal has 60 seconds left.
|
|t:|1776088710
|move|p1a: Ninetales|Moonblast|p2a: Tyranitar
|-supereffective|p2a: Tyranitar
|-crit|p2a: Tyranitar
|-damage|p2a: Tyranitar|14/100
|move|p2a: Tyranitar|Stealth Rock|p1a: Ninetales
|-sidestart|p1: snurke|move: Stealth Rock
|
|-weather|Sandstorm|[upkeep]
|-damage|p1a: Ninetales|18/100|[from] Sandstorm
|upkeep
|turn|48
|inactive|snurke has 120 seconds left.
|
|t:|1776088726
|switch|p2a: Excadrill|Excadrill, M|100/100
|-damage|p2a: Excadrill|97/100|[from] Stealth Rock
|move|p1a: Ninetales|Freeze-Dry|p2a: Excadrill
|-crit|p2a: Excadrill
|-damage|p2a: Excadrill|56/100
|
|-weather|Sandstorm|[upkeep]
|-damage|p1a: Ninetales|12/100|[from] Sandstorm
|upkeep
|turn|49
|inactive|snurke has 120 seconds left.
|inactive|phreshoatmeal has 30 seconds left.
|
|t:|1776088749
|move|p2a: Excadrill|Rapid Spin|p1a: Ninetales
|-damage|p1a: Ninetales|0 fnt
|-boost|p2a: Excadrill|spe|1
|-sideend|p2: phreshoatmeal|Stealth Rock|[from] move: Rapid Spin|[of] p2a: Excadrill
|faint|p1a: Ninetales
|
|-weather|Sandstorm|[upkeep]
|upkeep
|
|t:|1776088751
|switch|p1a: Zamazenta|Zamazenta, shiny|100/100
|-damage|p1a: Zamazenta|94/100|[from] Stealth Rock
|-ability|p1a: Zamazenta|Dauntless Shield|boost
|-boost|p1a: Zamazenta|def|1
|turn|50
|c|☆snurke|time to wrap it up
|
|t:|1776088759
|switch|p2a: Hippowdon|Hippowdon, F|83/100
|move|p1a: Zamazenta|Iron Defense|p1a: Zamazenta
|-boost|p1a: Zamazenta|def|2
|
|-weather|none
|-heal|p1a: Zamazenta|100/100|[from] item: Leftovers
|upkeep
|turn|51
|
|t:|1776088765
|move|p1a: Zamazenta|Roar|p2a: Hippowdon
|drag|p2a: Vileplume|Vileplume, F|30/100
|
|upkeep
|turn|52
|c|☆snurke|if this fking thing burns me
|c| bollibig|i dont think it can
|c|☆snurke|oh true
|
|t:|1776088792
|move|p1a: Zamazenta|Body Press|p2a: Vileplume
|-resisted|p2a: Vileplume
|-damage|p2a: Vileplume|0 fnt
|faint|p2a: Vileplume
|
|upkeep
|c| bollibig|ain it js sleep or para
|
|t:|1776088799
|switch|p2a: Pawmot|Pawmot, M|12/100
|turn|53
|
|t:|1776088806
|move|p1a: Zamazenta|Body Press|p2a: Pawmot
|-damage|p2a: Pawmot|0 fnt
|faint|p2a: Pawmot
|
|upkeep
|-message|phreshoatmeal forfeited.
|
|win|snurke
|raw|snurke's rating: 1541 &rarr; <strong>1563</strong><br />(+22 for winning)
|raw|phreshoatmeal's rating: 1574 &rarr; <strong>1552</strong><br />(-22 for losing)
|l|☆phreshoatmeal
|player|p2|
|c|☆snurke|yeah you right
|c| bollibig|feels like either woulda been worse
|c| bollibig|gg
|c|☆snurke|sleep woulda been annoying but fine
|c|☆snurke|that guy was taking forever
|c|☆snurke|ty
|c| bollibig|lol
|l| bollibig
