|html|<div class="broadcast-blue"><strong>[Gen 9] OU is currently suspecting Volcarona! For information on how to participate check out the <a href="https://www.smogon.com/tools/suspects/view/208">suspect thread</a>.</strong></div>
|j|☆King Crayo14
|j|☆yunubetter
|t:|1778512304
|gametype|singles
|player|p1|King Crayo14|1|1192
|player|p2|yunubetter|liza|1192
|gen|9
|tier|[Gen 9] OU
|rated|
|rule|HP Percentage Mod: HP is shown in percentages
|rule|Endless Battle Clause: Forcing endless battles is banned
|rule|Species Clause: Limit one of each Pokémon
|rule|OHKO Clause: OHKO moves are banned
|rule|Evasion Items Clause: Evasion items are banned
|rule|Evasion Moves Clause: Evasion moves are banned
|rule|Evasion Abilities Clause: Evasion abilities are banned
|rule|Sleep Moves Clause: Sleep-inducing moves are banned
|clearpoke
|poke|p1|Hatterene, F|
|poke|p1|Great Tusk|
|poke|p1|Tornadus-Therian, M|
|poke|p1|Kyurem|
|poke|p1|Slowking-Galar, F|
|poke|p1|Kingambit, F|
|poke|p2|Zapdos|
|poke|p2|Kyurem|
|poke|p2|Revavroom, M|
|poke|p2|Great Tusk|
|poke|p2|Swampert, F|
|poke|p2|Zamazenta-*|
|teampreview
|inactive|Battle timer is ON: inactive players will automatically lose when time's up. (requested by King Crayo14)
|c|☆King Crayo14|Anytime
|
|t:|1778512361
|teamsize|p1|6
|teamsize|p2|6
|start
|switch|p1a: Slowking|Slowking-Galar, F|100/100
|switch|p2a: Swampert|Swampert, F, shiny|100/100
|turn|1
|
|t:|1778512366
|move|p2a: Swampert|Knock Off|p1a: Slowking
|-supereffective|p1a: Slowking
|-damage|p1a: Slowking|58/100
|-enditem|p1a: Slowking|Black Sludge|[from] move: Knock Off|[of] p2a: Swampert
|move|p1a: Slowking|Future Sight|p2a: Swampert
|-start|p1a: Slowking|move: Future Sight
|
|upkeep
|turn|2
|
|t:|1778512377
|switch|p1a: Great Tusk|Great Tusk|100/100
|move|p2a: Swampert|Earthquake|p1a: Great Tusk
|-damage|p1a: Great Tusk|65/100
|
|upkeep
|turn|3
|
|t:|1778512384
|switch|p2a: Zapdos|Zapdos, shiny|100/100
|move|p1a: Great Tusk|Stealth Rock|p2a: Zapdos
|-sidestart|p2: yunubetter|move: Stealth Rock
|
|-end|p2a: Zapdos|move: Future Sight
|-damage|p2a: Zapdos|68/100
|upkeep
|turn|4
|
|t:|1778512392
|-end|p1a: Great Tusk|Protosynthesis|[silent]
|switch|p1a: Hatterene|Hatterene, F|100/100
|move|p2a: Zapdos|Roost|p2a: Zapdos
|-heal|p2a: Zapdos|100/100
|-singleturn|p2a: Zapdos|move: Roost
|
|upkeep
|turn|5
|
|t:|1778512396
|move|p2a: Zapdos|Volt Switch|p1a: Hatterene
|-damage|p1a: Hatterene|69/100
|
|t:|1778512406
|switch|p2a: Swampert|Swampert, F, shiny|100/100|[from] Volt Switch
|-damage|p2a: Swampert|94/100|[from] Stealth Rock
|move|p1a: Hatterene|Nuzzle|p2a: Swampert
|-immune|p2a: Swampert
|
|-heal|p2a: Swampert|100/100|[from] item: Leftovers
|upkeep
|turn|6
|
|t:|1778512414
|move|p2a: Swampert|Knock Off|p1a: Hatterene
|-damage|p1a: Hatterene|44/100
|-damage|p2a: Swampert|84/100|[from] item: Rocky Helmet|[of] p1a: Hatterene
|-enditem|p1a: Hatterene|Rocky Helmet|[from] move: Knock Off|[of] p2a: Swampert
|move|p1a: Hatterene|Pain Split|p2a: Swampert
|-sethp|p2a: Swampert|59/100|[from] move: Pain Split|[silent]
|-sethp|p1a: Hatterene|76/100|[from] move: Pain Split
|
|-heal|p2a: Swampert|66/100|[from] item: Leftovers
|upkeep
|turn|7
|
|t:|1778512432
|move|p2a: Swampert|Earthquake|p1a: Hatterene
|-damage|p1a: Hatterene|36/100
|move|p1a: Hatterene|Draining Kiss|p2a: Swampert
|-damage|p2a: Swampert|45/100
|-heal|p1a: Hatterene|55/100|[from] drain|[of] p2a: Swampert
|
|-heal|p2a: Swampert|51/100|[from] item: Leftovers
|upkeep
|turn|8
|
|t:|1778512441
|move|p2a: Swampert|Flip Turn|p1a: Hatterene
|-damage|p1a: Hatterene|29/100
|
|t:|1778512453
|switch|p2a: Revavroom|Revavroom, M|100/100|[from] Flip Turn
|-damage|p2a: Revavroom|95/100|[from] Stealth Rock
|-item|p2a: Revavroom|Air Balloon
|move|p1a: Hatterene|Pain Split|p2a: Revavroom
|-sethp|p2a: Revavroom|62/100|[from] move: Pain Split|[silent]
|-sethp|p1a: Hatterene|59/100|[from] move: Pain Split
|
|upkeep
|turn|9
|
|t:|1778512468
|move|p2a: Revavroom|Shift Gear|p2a: Revavroom
|-boost|p2a: Revavroom|spe|2
|-boost|p2a: Revavroom|atk|1
|move|p1a: Hatterene|Nuzzle|p2a: Revavroom
|-damage|p2a: Revavroom|58/100
|-status|p2a: Revavroom|par
|-enditem|p2a: Revavroom|Air Balloon
|
|upkeep
|turn|10
|
|t:|1778512476
|switch|p1a: Great Tusk|Great Tusk|65/100
|move|p2a: Revavroom|Shift Gear|p2a: Revavroom
|-boost|p2a: Revavroom|spe|2
|-boost|p2a: Revavroom|atk|1
|
|upkeep
|turn|11
|
|t:|1778512482
|move|p2a: Revavroom|Iron Head|p1a: Great Tusk
|-damage|p1a: Great Tusk|2/100
|-damage|p2a: Revavroom|41/100 par|[from] item: Rocky Helmet|[of] p1a: Great Tusk
|cant|p1a: Great Tusk|flinch
|
|upkeep
|turn|12
|
|t:|1778512488
|move|p2a: Revavroom|Iron Head|p1a: Great Tusk
|-damage|p1a: Great Tusk|0 fnt
|-damage|p2a: Revavroom|24/100 par|[from] item: Rocky Helmet|[of] p1a: Great Tusk
|faint|p1a: Great Tusk
|-end|p1a: Great Tusk|Protosynthesis|[silent]
|
|upkeep
|
|t:|1778512491
|switch|p1a: Kingambit|Kingambit, F|100/100
|-activate|p1a: Kingambit|ability: Supreme Overlord
|-start|p1a: Kingambit|fallen1|[silent]
|turn|13
|
|t:|1778512494
|move|p1a: Kingambit|Sucker Punch|p2a: Revavroom
|-damage|p2a: Revavroom|0 fnt
|faint|p2a: Revavroom
|
|upkeep
|
|t:|1778512503
|switch|p2a: Zapdos|Zapdos, shiny|100/100
|turn|14
|
|t:|1778512507
|-end|p1a: Kingambit|fallen1|[silent]
|switch|p1a: Hatterene|Hatterene, F|59/100
|move|p2a: Zapdos|Thunder Wave|p1a: Hatterene
|move|p1a: Hatterene|Thunder Wave|p2a: Zapdos|[from] ability: Magic Bounce
|-immune|p2a: Zapdos
|
|upkeep
|turn|15
|
|t:|1778512512
|move|p2a: Zapdos|Hurricane|p1a: Hatterene|[miss]
|-miss|p2a: Zapdos|p1a: Hatterene
|move|p1a: Hatterene|Psychic Noise|p2a: Zapdos
|-damage|p2a: Zapdos|73/100
|-start|p2a: Zapdos|move: Heal Block
|
|upkeep
|turn|16
|
|t:|1778512518
|switch|p1a: Tornadus|Tornadus-Therian, M|100/100
|move|p2a: Zapdos|Volt Switch|p1a: Tornadus
|-supereffective|p1a: Tornadus
|-damage|p1a: Tornadus|61/100
|
|t:|1778512521
|switch|p2a: Kyurem|Kyurem, shiny|100/100|[from] Volt Switch
|-ability|p2a: Kyurem|Pressure
|
|upkeep
|turn|17
|
|t:|1778512524
|move|p1a: Tornadus|U-turn|p2a: Kyurem
|-damage|p2a: Kyurem|88/100
|
|t:|1778512530
|switch|p1a: Kyurem|Kyurem|100/100|[from] U-turn
|-ability|p1a: Kyurem|Pressure
|move|p2a: Kyurem|Freeze-Dry|p1a: Kyurem
|-damage|p1a: Kyurem|66/100
|
|upkeep
|turn|18
|
|t:|1778512539
|move|p1a: Kyurem|Freeze-Dry|p2a: Kyurem
|-damage|p2a: Kyurem|34/100
|move|p2a: Kyurem|Draco Meteor|p1a: Kyurem
|-supereffective|p1a: Kyurem
|-damage|p1a: Kyurem|0 fnt
|-unboost|p2a: Kyurem|spa|2
|faint|p1a: Kyurem
|
|upkeep
|
|t:|1778512549
|switch|p1a: Tornadus|Tornadus-Therian, M|95/100
|turn|19
|
|t:|1778512554
|switch|p2a: Zapdos|Zapdos, shiny|73/100
|move|p1a: Tornadus|Bleakwind Storm|p2a: Zapdos
|-resisted|p2a: Zapdos
|-damage|p2a: Zapdos|59/100
|-unboost|p2a: Zapdos|spe|1
|
|upkeep
|turn|20
|
|t:|1778512563
|switch|p1a: Hatterene|Hatterene, F|59/100
|move|p2a: Zapdos|Roost|p2a: Zapdos
|-heal|p2a: Zapdos|100/100
|-singleturn|p2a: Zapdos|move: Roost
|
|upkeep
|turn|21
|
|t:|1778512580
|move|p2a: Zapdos|Hurricane|p1a: Hatterene
|-damage|p1a: Hatterene|14/100
|move|p1a: Hatterene|Nuzzle|p2a: Zapdos
|-damage|p2a: Zapdos|97/100
|-status|p1a: Hatterene|par|[from] ability: Static|[of] p2a: Zapdos
|
|upkeep
|turn|22
|
|t:|1778512588
|move|p2a: Zapdos|Volt Switch|p1a: Hatterene
|-damage|p1a: Hatterene|0 fnt
|faint|p1a: Hatterene
|-message|King Crayo14 forfeited.
|
|win|yunubetter
|raw|King Crayo14's rating: 1192 &rarr; <strong>1167</strong><br />(-25 for losing)
|raw|yunubetter's rating: 1192 &rarr; <strong>1217</strong><br />(+25 for winning)
|l|☆King Crayo14
|player|p1|
|l|☆yunubetter
|player|p2|
