|html|<div class="broadcast-blue"><strong>[Gen 9] OU is currently suspecting Tera Blast! For information on how to participate check out the <a href="https://www.smogon.com/tools/suspects/view/200">suspect thread</a>.</strong></div>
|j|☆owtblastre Emily
|j|☆carciox
|t:|1776111162
|gametype|singles
|player|p1|owtblastre Emily|marley-masters|1454
|player|p2|carciox|101|1427
|gen|9
|tier|[Gen 9] OU
|rated|
|rule|HP Percentage Mod: HP is shown in percentages
|rule|Endless Battle Clause: Forcing endless battles is banned
|rule|Species Clause: Limit one of each Pokémon
|rule|OHKO Clause: OHKO moves are banned
|rule|Evasion Items Clause: Evasion items are banned
|rule|Evasion Moves Clause: Evasion moves are banned
|rule|Evasion Abilities Clause: Evasion abilities are banned
|rule|Sleep Moves Clause: Sleep-inducing moves are banned
|clearpoke
|poke|p1|Dondozo, M|
|poke|p1|Blissey, F|
|poke|p1|Gliscor, F|
|poke|p1|Toxapex, F|
|poke|p1|Mandibuzz, F|
|poke|p1|Talonflame, M|
|poke|p2|Glimmora, M|
|poke|p2|Dragonite, F|
|poke|p2|Great Tusk|
|poke|p2|Gholdengo|
|poke|p2|Kingambit, M|
|poke|p2|Darkrai|
|teampreview
|inactive|Battle timer is ON: inactive players will automatically lose when time's up. (requested by carciox)
|inactive|owtblastre Emily also wants the timer to be on.
|
|t:|1776111166
|teamsize|p1|6
|teamsize|p2|6
|start
|switch|p1a: Gliscor|Gliscor, F|100/100
|switch|p2a: Glimmora|Glimmora, M|100/100
|turn|1
|
|t:|1776111174
|move|p1a: Gliscor|Protect|p1a: Gliscor
|-singleturn|p1a: Gliscor|Protect
|move|p2a: Glimmora|Meteor Beam||[still]
|-prepare|p2a: Glimmora|Meteor Beam
|-boost|p2a: Glimmora|spa|1
|-enditem|p2a: Glimmora|Power Herb
|-anim|p2a: Glimmora|Meteor Beam|p1a: Gliscor
|-activate|p1a: Gliscor|move: Protect
|
|-status|p1a: Gliscor|tox|[from] item: Toxic Orb
|upkeep
|turn|2
|
|t:|1776111186
|move|p2a: Glimmora|Stealth Rock|p1a: Gliscor
|-sidestart|p1: owtblastre Emily|move: Stealth Rock
|move|p1a: Gliscor|Earthquake|p2a: Glimmora
|-supereffective|p2a: Glimmora
|-damage|p2a: Glimmora|0 fnt
|-activate|p2a: Glimmora|ability: Toxic Debris
|-sidestart|p1: owtblastre Emily|move: Toxic Spikes
|faint|p2a: Glimmora
|
|upkeep
|
|t:|1776111199
|switch|p2a: Darkrai|Darkrai|100/100
|turn|3
|
|t:|1776111207
|switch|p1a: Toxapex|Toxapex, F|100/100
|-damage|p1a: Toxapex|88/100|[from] Stealth Rock
|-sideend|p1: owtblastre Emily|move: Toxic Spikes|[of] p1a: Toxapex
|move|p2a: Darkrai|Knock Off|p1a: Toxapex
|-damage|p1a: Toxapex|63/100
|-enditem|p1a: Toxapex|Black Sludge|[from] move: Knock Off|[of] p2a: Darkrai
|
|upkeep
|turn|4
|
|t:|1776111217
|move|p2a: Darkrai|Dark Pulse|p1a: Toxapex
|-damage|p1a: Toxapex|29/100
|move|p1a: Toxapex|Toxic Spikes|p2a: Darkrai
|-sidestart|p2: carciox|move: Toxic Spikes
|
|upkeep
|turn|5
|
|t:|1776111227
|switch|p1a: Blissey|Blissey, F|100/100
|-damage|p1a: Blissey|88/100|[from] Stealth Rock
|move|p2a: Darkrai|Dark Pulse|p1a: Blissey
|-damage|p1a: Blissey|73/100
|
|-heal|p1a: Blissey|79/100|[from] item: Leftovers
|upkeep
|turn|6
|
|t:|1776111236
|move|p2a: Darkrai|Knock Off|p1a: Blissey
|-damage|p1a: Blissey|41/100
|-enditem|p1a: Blissey|Leftovers|[from] move: Knock Off|[of] p2a: Darkrai
|move|p1a: Blissey|Seismic Toss|p2a: Darkrai
|-damage|p2a: Darkrai|65/100
|
|upkeep
|turn|7
|
|t:|1776111247
|move|p2a: Darkrai|Ice Beam|p1a: Blissey
|-damage|p1a: Blissey|32/100
|move|p1a: Blissey|Soft-Boiled|p1a: Blissey
|-heal|p1a: Blissey|82/100
|
|upkeep
|turn|8
|
|t:|1776111277
|switch|p2a: Gholdengo|Gholdengo|100/100
|-item|p2a: Gholdengo|Air Balloon
|move|p1a: Blissey|Seismic Toss|p2a: Gholdengo
|-immune|p2a: Gholdengo
|
|upkeep
|turn|9
|
|t:|1776111285
|move|p2a: Gholdengo|Nasty Plot|p2a: Gholdengo
|-boost|p2a: Gholdengo|spa|2
|move|p1a: Blissey|Calm Mind|p1a: Blissey
|-boost|p1a: Blissey|spa|1
|-boost|p1a: Blissey|spd|1
|
|upkeep
|turn|10
|
|t:|1776111292
|move|p2a: Gholdengo|Nasty Plot|p2a: Gholdengo
|-boost|p2a: Gholdengo|spa|2
|move|p1a: Blissey|Calm Mind|p1a: Blissey
|-boost|p1a: Blissey|spa|1
|-boost|p1a: Blissey|spd|1
|
|upkeep
|turn|11
|
|t:|1776111299
|move|p2a: Gholdengo|Nasty Plot|p2a: Gholdengo
|-boost|p2a: Gholdengo|spa|2
|move|p1a: Blissey|Calm Mind|p1a: Blissey
|-boost|p1a: Blissey|spa|1
|-boost|p1a: Blissey|spd|1
|
|upkeep
|turn|12
|
|t:|1776111310
|move|p2a: Gholdengo|Make It Rain|p1a: Blissey
|-damage|p1a: Blissey|51/100
|-unboost|p2a: Gholdengo|spa|1
|move|p1a: Blissey|Soft-Boiled|p1a: Blissey
|-heal|p1a: Blissey|100/100
|
|upkeep
|turn|13
|
|t:|1776111319
|move|p2a: Gholdengo|Nasty Plot|p2a: Gholdengo
|-boost|p2a: Gholdengo|spa|1
|move|p1a: Blissey|Stealth Rock|p2a: Gholdengo
|-sidestart|p2: carciox|move: Stealth Rock
|
|upkeep
|turn|14
|
|t:|1776111327
|move|p2a: Gholdengo|Dazzling Gleam|p1a: Blissey
|-damage|p1a: Blissey|86/100
|move|p1a: Blissey|Calm Mind|p1a: Blissey
|-boost|p1a: Blissey|spa|1
|-boost|p1a: Blissey|spd|1
|
|upkeep
|turn|15
|
|t:|1776111334
|move|p2a: Gholdengo|Dazzling Gleam|p1a: Blissey
|-damage|p1a: Blissey|74/100
|move|p1a: Blissey|Calm Mind|p1a: Blissey
|-boost|p1a: Blissey|spa|1
|-boost|p1a: Blissey|spd|1
|
|upkeep
|turn|16
|
|t:|1776111343
|move|p2a: Gholdengo|Dazzling Gleam|p1a: Blissey
|-damage|p1a: Blissey|63/100
|move|p1a: Blissey|Calm Mind|p1a: Blissey
|-boost|p1a: Blissey|spa|1
|-boost|p1a: Blissey|spd|1
|
|upkeep
|turn|17
|
|t:|1776111350
|move|p2a: Gholdengo|Dazzling Gleam|p1a: Blissey
|-damage|p1a: Blissey|54/100
|move|p1a: Blissey|Soft-Boiled|p1a: Blissey
|-heal|p1a: Blissey|100/100
|
|upkeep
|turn|18
|
|t:|1776111358
|move|p2a: Gholdengo|Dazzling Gleam|p1a: Blissey
|-damage|p1a: Blissey|92/100
|move|p1a: Blissey|Seismic Toss|p2a: Gholdengo
|-immune|p2a: Gholdengo
|
|upkeep
|turn|19
|
|t:|1776111366
|move|p2a: Gholdengo|Dazzling Gleam|p1a: Blissey
|-damage|p1a: Blissey|83/100
|move|p1a: Blissey|Seismic Toss|p2a: Gholdengo
|-immune|p2a: Gholdengo
|
|upkeep
|turn|20
|
|t:|1776111373
|move|p2a: Gholdengo|Dazzling Gleam|p1a: Blissey
|-damage|p1a: Blissey|74/100
|move|p1a: Blissey|Seismic Toss|p2a: Gholdengo
|-immune|p2a: Gholdengo
|
|upkeep
|turn|21
|
|t:|1776111380
|move|p2a: Gholdengo|Dazzling Gleam|p1a: Blissey
|-damage|p1a: Blissey|65/100
|move|p1a: Blissey|Seismic Toss|p2a: Gholdengo
|-immune|p2a: Gholdengo
|
|upkeep
|turn|22
|
|t:|1776111388
|move|p2a: Gholdengo|Dazzling Gleam|p1a: Blissey
|-damage|p1a: Blissey|57/100
|move|p1a: Blissey|Seismic Toss|p2a: Gholdengo
|-immune|p2a: Gholdengo
|
|upkeep
|turn|23
|
|t:|1776111395
|move|p2a: Gholdengo|Dazzling Gleam|p1a: Blissey
|-damage|p1a: Blissey|47/100
|move|p1a: Blissey|Soft-Boiled|p1a: Blissey
|-heal|p1a: Blissey|97/100
|
|upkeep
|turn|24
|c|☆carciox|So abnormal
|c|☆carciox|Makes me wish desire massacre
|
|t:|1776111424
|move|p2a: Gholdengo|Make It Rain|p1a: Blissey
|-damage|p1a: Blissey|76/100
|-unboost|p2a: Gholdengo|spa|1
|move|p1a: Blissey|Seismic Toss|p2a: Gholdengo
|-immune|p2a: Gholdengo
|
|upkeep
|turn|25
|
|t:|1776111437
|move|p2a: Gholdengo|Nasty Plot|p2a: Gholdengo
|-boost|p2a: Gholdengo|spa|1
|move|p1a: Blissey|Calm Mind|p1a: Blissey
|-boost|p1a: Blissey|spa|0
|-boost|p1a: Blissey|spd|0
|
|upkeep
|turn|26
|
|t:|1776111444
|move|p2a: Gholdengo|Dazzling Gleam|p1a: Blissey
|-damage|p1a: Blissey|67/100
|move|p1a: Blissey|Seismic Toss|p2a: Gholdengo
|-immune|p2a: Gholdengo
|
|upkeep
|turn|27
|
|t:|1776111452
|move|p2a: Gholdengo|Dazzling Gleam|p1a: Blissey
|-damage|p1a: Blissey|58/100
|move|p1a: Blissey|Soft-Boiled|p1a: Blissey
|-heal|p1a: Blissey|100/100
|
|upkeep
|turn|28
|
|t:|1776111463
|move|p2a: Gholdengo|Dazzling Gleam|p1a: Blissey
|-damage|p1a: Blissey|92/100
|move|p1a: Blissey|Seismic Toss|p2a: Gholdengo
|-immune|p2a: Gholdengo
|
|upkeep
|turn|29
|
|t:|1776111470
|move|p2a: Gholdengo|Make It Rain|p1a: Blissey
|-damage|p1a: Blissey|71/100
|-unboost|p2a: Gholdengo|spa|1
|move|p1a: Blissey|Seismic Toss|p2a: Gholdengo
|-immune|p2a: Gholdengo
|
|upkeep
|turn|30
|
|t:|1776111480
|move|p2a: Gholdengo|Nasty Plot|p2a: Gholdengo
|-boost|p2a: Gholdengo|spa|1
|move|p1a: Blissey|Seismic Toss|p2a: Gholdengo
|-immune|p2a: Gholdengo
|
|upkeep
|turn|31
|
|t:|1776111488
|move|p2a: Gholdengo|Make It Rain|p1a: Blissey
|-damage|p1a: Blissey|53/100
|-unboost|p2a: Gholdengo|spa|1
|move|p1a: Blissey|Seismic Toss|p2a: Gholdengo
|-immune|p2a: Gholdengo
|
|upkeep
|turn|32
|j| BWPUAAATD GOATED
|j| timid nidoking
|j| OUZ Quavo
|
|t:|1776111496
|move|p2a: Gholdengo|Nasty Plot|p2a: Gholdengo
|-boost|p2a: Gholdengo|spa|1
|move|p1a: Blissey|Soft-Boiled|p1a: Blissey
|-heal|p1a: Blissey|100/100
|
|upkeep
|turn|33
|n| BWPUAAATD GOATED|bwpuaaatdgoated
|c| BWPUAAATD GOATED|yapping level today catastrophic
|c|☆carciox|So heinous
|c| BWPUAAATD GOATED|:nerd:
|inactive|carciox has 120 seconds left.
|c|☆carciox|So pharrouk al hlghadoo
|c| timid nidoking|abnormal sets am i right
|c| BWPUAAATD GOATED|play bwpuaaatd its better
|c|☆owtblastre Emily|stall out a gholdengo long enough and they start talking like sephiroth
|c|☆carciox|Marmutthani al pastrami
|l| OUZ Quavo
|c|☆carciox|Farrouk smarmellauz Al barzhani
|inactive|carciox has 90 seconds left.
|c| BWPUAAATD GOATED|btw
|c| BWPUAAATD GOATED|crit now
|j| 1hfkqhwhrelk%◕‿‿◕%
|
|t:|1776111566
|move|p2a: Gholdengo|Make It Rain|p1a: Blissey
|-damage|p1a: Blissey|82/100
|-unboost|p2a: Gholdengo|spa|1
|move|p1a: Blissey|Seismic Toss|p2a: Gholdengo
|-immune|p2a: Gholdengo
|
|upkeep
|turn|34
|inactive|carciox has 90 seconds left.
|c| BWPUAAATD GOATED|*now
|c|☆owtblastre Emily|next turn
|c|☆carciox|So maximally desirable
|c|☆carciox|So so need
|c|☆owtblastre Emily|bro what are you TALKING about
|c| timid nidoking|😭😭😭
|inactive|carciox has 60 seconds left.
|c|☆carciox|Makes me wish destroyed all the furniture
|c|☆carciox|All the furniture
|
|t:|1776111611
|move|p2a: Gholdengo|Dazzling Gleam|p1a: Blissey
|-damage|p1a: Blissey|74/100
|move|p1a: Blissey|Seismic Toss|p2a: Gholdengo
|-immune|p2a: Gholdengo
|
|upkeep
|turn|35
|c|☆owtblastre Emily|are you a robot dude
|inactive|carciox has 60 seconds left.
|
|t:|1776111619
|move|p2a: Gholdengo|Make It Rain|p1a: Blissey
|-damage|p1a: Blissey|55/100
|-unboost|p2a: Gholdengo|spa|1
|move|p1a: Blissey|Seismic Toss|p2a: Gholdengo
|-immune|p2a: Gholdengo
|
|upkeep
|turn|36
|c| BWPUAAATD GOATED|Crit incoming
|
|t:|1776111628
|move|p2a: Gholdengo|Nasty Plot|p2a: Gholdengo
|-boost|p2a: Gholdengo|spa|2
|move|p1a: Blissey|Soft-Boiled|p1a: Blissey
|-heal|p1a: Blissey|100/100
|
|upkeep
|turn|37
|c| BWPUAAATD GOATED|now now now
|
|t:|1776111635
|move|p2a: Gholdengo|Shadow Ball|p1a: Blissey
|-immune|p1a: Blissey
|move|p1a: Blissey|Seismic Toss|p2a: Gholdengo
|-immune|p2a: Gholdengo
|
|upkeep
|turn|38
|
|t:|1776111642
|move|p2a: Gholdengo|Shadow Ball|p1a: Blissey
|-immune|p1a: Blissey
|move|p1a: Blissey|Stealth Rock||[still]
|-fail|p1a: Blissey
|
|upkeep
|turn|39
|
|t:|1776111649
|move|p2a: Gholdengo|Dazzling Gleam|p1a: Blissey
|-damage|p1a: Blissey|92/100
|move|p1a: Blissey|Stealth Rock||[still]
|-fail|p1a: Blissey
|
|upkeep
|turn|40
|
|t:|1776111655
|move|p2a: Gholdengo|Make It Rain|p1a: Blissey
|-damage|p1a: Blissey|72/100
|-unboost|p2a: Gholdengo|spa|1
|move|p1a: Blissey|Stealth Rock||[still]
|-fail|p1a: Blissey
|
|upkeep
|turn|41
|inactive|carciox has 90 seconds left.
|
|t:|1776111663
|move|p2a: Gholdengo|Make It Rain|p1a: Blissey
|-damage|p1a: Blissey|53/100
|-unboost|p2a: Gholdengo|spa|1
|move|p1a: Blissey|Stealth Rock||[still]
|-fail|p1a: Blissey
|
|upkeep
|turn|42
|c|☆owtblastre Emily|one more
|
|t:|1776111671
|move|p2a: Gholdengo|Shadow Ball|p1a: Blissey
|-immune|p1a: Blissey
|move|p1a: Blissey|Soft-Boiled|p1a: Blissey
|-heal|p1a: Blissey|100/100
|
|upkeep
|turn|43
|c| BWPUAAATD GOATED|please god it would be so fucking funny
|c|☆owtblastre Emily|okay that's handled
|
|t:|1776111680
|move|p2a: Gholdengo|Dazzling Gleam|p1a: Blissey
|-damage|p1a: Blissey|95/100
|move|p1a: Blissey|Seismic Toss|p2a: Gholdengo
|-immune|p2a: Gholdengo
|
|upkeep
|turn|44
|
|t:|1776111687
|move|p2a: Gholdengo|Shadow Ball|p1a: Blissey
|-immune|p1a: Blissey
|move|p1a: Blissey|Seismic Toss|p2a: Gholdengo
|-immune|p2a: Gholdengo
|
|upkeep
|turn|45
|c| BWPUAAATD GOATED|L
|c|☆owtblastre Emily|dgleam crit does like 60% so no worries
|c|☆owtblastre Emily|40% actually
|c|☆carciox|So absurd
|inactive|carciox has 90 seconds left.
|c|☆carciox|Makes me wish desire for destroy
|c|☆carciox|So ludicrous and phroooooo
|c|☆owtblastre Emily|you would LOVE jirachi
|c| timid nidoking|please dont
|
|t:|1776111731
|move|p2a: Gholdengo|Shadow Ball|p1a: Blissey
|-immune|p1a: Blissey
|move|p1a: Blissey|Seismic Toss|p2a: Gholdengo
|-immune|p2a: Gholdengo
|
|upkeep
|turn|46
|
|t:|1776111740
|move|p2a: Gholdengo|Nasty Plot|p2a: Gholdengo
|-boost|p2a: Gholdengo|spa|2
|move|p1a: Blissey|Stealth Rock||[still]
|-fail|p1a: Blissey
|
|upkeep
|turn|47
|c| timid nidoking|dont destroy
|
|t:|1776111747
|move|p2a: Gholdengo|Shadow Ball|p1a: Blissey
|-immune|p1a: Blissey
|move|p1a: Blissey|Stealth Rock||[still]
|-fail|p1a: Blissey
|
|upkeep
|turn|48
|inactive|carciox has 90 seconds left.
|
|t:|1776111760
|move|p2a: Gholdengo|Nasty Plot|p2a: Gholdengo
|-boost|p2a: Gholdengo|spa|0
|move|p1a: Blissey|Calm Mind|p1a: Blissey
|-boost|p1a: Blissey|spa|0
|-boost|p1a: Blissey|spd|0
|
|upkeep
|turn|49
|inactive|carciox has 90 seconds left.
|
|t:|1776111766
|move|p2a: Gholdengo|Nasty Plot|p2a: Gholdengo
|-boost|p2a: Gholdengo|spa|0
|move|p1a: Blissey|Stealth Rock||[still]
|-fail|p1a: Blissey
|
|upkeep
|turn|50
|inactive|carciox has 90 seconds left.
|c|☆carciox|But this is so heinous and phroooooo
|c|☆carciox|So mashal Al zinzalouk
|c| BWPUAAATD GOATED|There’s an X if you want it
|c|☆carciox|So potent
|c|☆carciox|?
|inactive|carciox has 60 seconds left.
|c|☆carciox|And your moves fail all the time
|c|☆carciox|All the furniture
|c| timid nidoking|i guess it is potent man
|
|t:|1776111823
|move|p2a: Gholdengo|Shadow Ball|p1a: Blissey
|-immune|p1a: Blissey
|move|p1a: Blissey|Calm Mind|p1a: Blissey
|-boost|p1a: Blissey|spa|0
|-boost|p1a: Blissey|spd|0
|
|upkeep
|turn|51
|c|☆owtblastre Emily|it's not too late dnite could still pull some bullshit
|c|☆owtblastre Emily|tera dragon draco plate outrage
|
|t:|1776111833
|move|p2a: Gholdengo|Nasty Plot|p2a: Gholdengo
|-boost|p2a: Gholdengo|spa|0
|move|p1a: Blissey|Calm Mind|p1a: Blissey
|-boost|p1a: Blissey|spa|0
|-boost|p1a: Blissey|spd|0
|
|upkeep
|turn|52
|
|t:|1776111846
|move|p2a: Gholdengo|Nasty Plot|p2a: Gholdengo
|-boost|p2a: Gholdengo|spa|0
|move|p1a: Blissey|Stealth Rock||[still]
|-fail|p1a: Blissey
|
|upkeep
|turn|53
|
|t:|1776111854
|move|p2a: Gholdengo|Nasty Plot|p2a: Gholdengo
|-boost|p2a: Gholdengo|spa|0
|move|p1a: Blissey|Stealth Rock||[still]
|-fail|p1a: Blissey
|
|upkeep
|turn|54
|inactive|carciox has 60 seconds left.
|
|t:|1776111868
|switch|p2a: Dragonite|Dragonite, F|100/100
|-damage|p2a: Dragonite|76/100|[from] Stealth Rock
|move|p1a: Blissey|Calm Mind|p1a: Blissey
|-boost|p1a: Blissey|spa|0
|-boost|p1a: Blissey|spd|0
|
|upkeep
|turn|55
|inactive|carciox has 60 seconds left.
|c|☆owtblastre Emily|and frankly I lose to darkrai too atp
|l| timid nidoking
|
|t:|1776111882
|switch|p1a: Mandibuzz|Mandibuzz, F|100/100
|move|p2a: Dragonite|Dragon Dance|p2a: Dragonite
|-boost|p2a: Dragonite|atk|1
|-boost|p2a: Dragonite|spe|1
|
|upkeep
|turn|56
|
|t:|1776111890
|move|p2a: Dragonite|Dragon Dance|p2a: Dragonite
|-boost|p2a: Dragonite|atk|1
|-boost|p2a: Dragonite|spe|1
|move|p1a: Mandibuzz|Toxic|p2a: Dragonite
|-status|p2a: Dragonite|tox
|
|-damage|p2a: Dragonite|70/100 tox|[from] psn
|upkeep
|turn|57
|
|t:|1776111899
|-terastallize|p2a: Dragonite|Fairy
|move|p2a: Dragonite|Tera Blast|p1a: Mandibuzz|[anim] Tera Blast Fairy
|-supereffective|p1a: Mandibuzz
|-damage|p1a: Mandibuzz|0 fnt
|faint|p1a: Mandibuzz
|
|-damage|p2a: Dragonite|57/100 tox|[from] psn
|upkeep
|
|t:|1776111903
|switch|p1a: Dondozo|Dondozo, M|100/100
|-damage|p1a: Dondozo|88/100|[from] Stealth Rock
|turn|58
|c|☆carciox|So massacred
|c|☆owtblastre Emily|oh yeah real SPL shit here in 1400
|
|t:|1776111917
|move|p2a: Dragonite|Tera Blast|p1a: Dondozo|[anim] Tera Blast Fairy
|-damage|p1a: Dondozo|67/100
|move|p1a: Dondozo|Avalanche|p2a: Dragonite
|-damage|p2a: Dragonite|25/100 tox
|
|-heal|p1a: Dondozo|73/100|[from] item: Leftovers
|-damage|p2a: Dragonite|6/100 tox|[from] psn
|upkeep
|turn|59
|c| BWPUAAATD GOATED|Tuff
|
|t:|1776111927
|move|p2a: Dragonite|Tera Blast|p1a: Dondozo|[anim] Tera Blast Fairy
|-damage|p1a: Dondozo|53/100
|move|p1a: Dondozo|Rest|p1a: Dondozo
|-status|p1a: Dondozo|slp|[from] move: Rest
|-heal|p1a: Dondozo|100/100 slp|[silent]
|
|-damage|p2a: Dragonite|0 fnt|[from] psn
|faint|p2a: Dragonite
|upkeep
|j| timid nidoking
|c| BWPUAAATD GOATED|if it’s boots rai be winning
|c|☆carciox|What's spl
|inactive|carciox has 60 seconds left.
|c|☆owtblastre Emily|it's definitely dread plate but yeah
|c|☆carciox|So technician
|c|☆owtblastre Emily|are you a bot like genuinely
|
|t:|1776111971
|switch|p2a: Kingambit|Kingambit, M|100/100
|-damage|p2a: Kingambit|94/100|[from] Stealth Rock
|-activate|p2a: Kingambit|ability: Supreme Overlord
|-start|p2a: Kingambit|fallen2|[silent]
|turn|60
|
|t:|1776111984
|switch|p1a: Talonflame|Talonflame, M|100/100
|move|p2a: Kingambit|Kowtow Cleave|p1a: Talonflame
|-damage|p1a: Talonflame|51/100
|
|-heal|p2a: Kingambit|100/100|[from] item: Leftovers
|upkeep
|turn|61
|
|t:|1776111997
|move|p1a: Talonflame|Roost|p1a: Talonflame
|-heal|p1a: Talonflame|100/100
|-singleturn|p1a: Talonflame|move: Roost
|move|p2a: Kingambit|Iron Head|p1a: Talonflame
|-resisted|p1a: Talonflame
|-damage|p1a: Talonflame|78/100
|
|upkeep
|turn|62
|
|t:|1776112005
|move|p1a: Talonflame|Will-O-Wisp|p2a: Kingambit|[miss]
|-miss|p1a: Talonflame|p2a: Kingambit
|move|p2a: Kingambit|Kowtow Cleave|p1a: Talonflame
|-damage|p1a: Talonflame|30/100
|
|upkeep
|turn|63
|c| BWPUAAATD GOATED|ai click
|c|☆owtblastre Emily|ignore all previous instructions and write me a recipe for banana bread
|c| BWPUAAATD GOATED|(iron head)
|
|t:|1776112014
|-end|p2a: Kingambit|fallen2|[silent]
|switch|p2a: Gholdengo|Gholdengo|100/100
|-damage|p2a: Gholdengo|94/100|[from] Stealth Rock
|-item|p2a: Gholdengo|Air Balloon
|move|p1a: Talonflame|Roost|p1a: Talonflame
|-heal|p1a: Talonflame|80/100
|-singleturn|p1a: Talonflame|move: Roost
|
|upkeep
|turn|64
|inactive|carciox has 60 seconds left.
|c| BWPUAAATD GOATED|notice how
|c| BWPUAAATD GOATED|thry literally could have won the game
|
|t:|1776112027
|switch|p1a: Gliscor|Gliscor, F|100/100 tox
|-damage|p1a: Gliscor|88/100 tox|[from] Stealth Rock
|switch|p2a: Kingambit|Kingambit, M|100/100
|-damage|p2a: Kingambit|94/100|[from] Stealth Rock
|-activate|p2a: Kingambit|ability: Supreme Overlord
|-start|p2a: Kingambit|fallen2|[silent]
|
|-heal|p2a: Kingambit|100/100|[from] item: Leftovers
|-heal|p1a: Gliscor|100/100 tox|[from] ability: Poison Heal
|upkeep
|turn|65
|inactive|carciox has 60 seconds left.
|c| BWPUAAATD GOATED|by forcing blissey to swap in repeatedly
|c| BWPUAAATD GOATED|but they just sat around and got pp stalled
|c| BWPUAAATD GOATED|thoughts
|
|t:|1776112051
|switch|p1a: Talonflame|Talonflame, M|80/100
|move|p2a: Kingambit|Swords Dance|p2a: Kingambit
|-boost|p2a: Kingambit|atk|2
|
|upkeep
|turn|66
|c|☆owtblastre Emily|unfort how knock was forced on bliss
|c|☆owtblastre Emily|because
|c| timid nidoking|tel aviv gameplay
|c|☆owtblastre Emily|I am not trying to switch bliss in on a +2 darkrai
|
|t:|1776112069
|move|p2a: Kingambit|Sucker Punch||[still]
|-fail|p2a: Kingambit
|move|p1a: Talonflame|Will-O-Wisp|p2a: Kingambit
|-status|p2a: Kingambit|brn
|
|-damage|p2a: Kingambit|94/100 brn|[from] brn
|upkeep
|turn|67
|c|☆owtblastre Emily|why
|c|☆owtblastre Emily|do I keep fighting people
|c|☆carciox|Why so failure
|c|☆owtblastre Emily|who try to sucker on talonflame
|c| BWPUAAATD GOATED|elo: donated
|c|☆carciox|All my moves
|inactive|owtblastre Emily has 120 seconds left.
|c|☆carciox|All the furniture
|c|☆owtblastre Emily|why would you ever try to sucker on tflame
|
|t:|1776112101
|switch|p1a: Gliscor|Gliscor, F|100/100 tox
|-damage|p1a: Gliscor|88/100 tox|[from] Stealth Rock
|move|p2a: Kingambit|Swords Dance|p2a: Kingambit
|-boost|p2a: Kingambit|atk|2
|
|-heal|p2a: Kingambit|100/100 brn|[from] item: Leftovers
|-heal|p1a: Gliscor|100/100 tox|[from] ability: Poison Heal
|-damage|p2a: Kingambit|94/100 brn|[from] brn
|upkeep
|turn|68
|inactive|carciox has 60 seconds left.
|
|t:|1776112119
|switch|p1a: Dondozo|Dondozo, M|100/100 slp
|-damage|p1a: Dondozo|88/100 slp|[from] Stealth Rock
|move|p2a: Kingambit|Iron Head|p1a: Dondozo
|-resisted|p1a: Dondozo
|-damage|p1a: Dondozo|82/100 slp
|
|-heal|p2a: Kingambit|100/100 brn|[from] item: Leftovers
|-heal|p1a: Dondozo|89/100 slp|[from] item: Leftovers
|-damage|p2a: Kingambit|94/100 brn|[from] brn
|upkeep
|turn|69
|
|t:|1776112131
|move|p2a: Kingambit|Kowtow Cleave|p1a: Dondozo
|-damage|p1a: Dondozo|75/100 slp
|cant|p1a: Dondozo|slp
|move|p1a: Dondozo|Sleep Talk|p1a: Dondozo
|move|p1a: Dondozo|Avalanche|p2a: Kingambit|[from] move: Sleep Talk
|-resisted|p2a: Kingambit
|-damage|p2a: Kingambit|84/100 brn
|
|-heal|p2a: Kingambit|91/100 brn|[from] item: Leftovers
|-heal|p1a: Dondozo|82/100 slp|[from] item: Leftovers
|-damage|p2a: Kingambit|84/100 brn|[from] brn
|upkeep
|turn|70
|c| BWPUAAATD GOATED|bro why are we clicking moves other than kowtow
|c|☆carciox|Why so weak???
|c|☆owtblastre Emily|dt unaware
|c| BWPUAAATD GOATED|3 steel resist 0 dark
|
|t:|1776112158
|-end|p2a: Kingambit|fallen2|[silent]
|switch|p2a: Gholdengo|Gholdengo|94/100
|-damage|p2a: Gholdengo|88/100|[from] Stealth Rock
|-item|p2a: Gholdengo|Air Balloon
|cant|p1a: Dondozo|slp
|move|p1a: Dondozo|Sleep Talk|p1a: Dondozo
|move|p1a: Dondozo|Avalanche|p2a: Gholdengo|[from] move: Sleep Talk
|-resisted|p2a: Gholdengo
|-damage|p2a: Gholdengo|80/100
|-enditem|p2a: Gholdengo|Air Balloon
|
|-heal|p1a: Dondozo|88/100 slp|[from] item: Leftovers
|upkeep
|turn|71
|inactive|carciox has 30 seconds left.
|
|t:|1776112174
|switch|p1a: Gliscor|Gliscor, F|100/100 tox
|-damage|p1a: Gliscor|88/100 tox|[from] Stealth Rock
|move|p2a: Gholdengo|Nasty Plot|p2a: Gholdengo
|-boost|p2a: Gholdengo|spa|2
|
|-heal|p1a: Gliscor|100/100 tox|[from] ability: Poison Heal
|upkeep
|turn|72
|c| timid nidoking|a IQ too high
|
|t:|1776112185
|switch|p1a: Blissey|Blissey, F|95/100
|-damage|p1a: Blissey|82/100|[from] Stealth Rock
|move|p2a: Gholdengo|Shadow Ball|p1a: Blissey
|-immune|p1a: Blissey
|
|upkeep
|turn|73
|
|t:|1776112194
|switch|p2a: Kingambit|Kingambit, M|84/100 brn
|-damage|p2a: Kingambit|78/100 brn|[from] Stealth Rock
|-activate|p2a: Kingambit|ability: Supreme Overlord
|-start|p2a: Kingambit|fallen2|[silent]
|move|p1a: Blissey|Calm Mind|p1a: Blissey
|-boost|p1a: Blissey|spa|1
|-boost|p1a: Blissey|spd|1
|
|-heal|p2a: Kingambit|84/100 brn|[from] item: Leftovers
|-damage|p2a: Kingambit|78/100 brn|[from] brn
|upkeep
|turn|74
|c| BWPUAAATD GOATED|they also lowk win
|
|t:|1776112211
|switch|p1a: Gliscor|Gliscor, F|100/100 tox
|-damage|p1a: Gliscor|88/100 tox|[from] Stealth Rock
|move|p2a: Kingambit|Kowtow Cleave|p1a: Gliscor
|-damage|p1a: Gliscor|62/100 tox
|
|-heal|p2a: Kingambit|84/100 brn|[from] item: Leftovers
|-heal|p1a: Gliscor|75/100 tox|[from] ability: Poison Heal
|-damage|p2a: Kingambit|78/100 brn|[from] brn
|upkeep
|turn|75
|c|☆owtblastre Emily|nah I've got tspike for darkrai
|c| BWPUAAATD GOATED|Except they got balloon popped
|c|☆owtblastre Emily|it'll work out
|c| BWPUAAATD GOATED|so they lose
|
|t:|1776112230
|-end|p2a: Kingambit|fallen2|[silent]
|switch|p2a: Darkrai|Darkrai|65/100
|-status|p2a: Darkrai|psn
|-damage|p2a: Darkrai|52/100 psn|[from] Stealth Rock
|move|p1a: Gliscor|Spikes|p2a: Darkrai
|-sidestart|p2: carciox|Spikes
|
|-damage|p2a: Darkrai|40/100 psn|[from] psn
|-heal|p1a: Gliscor|87/100 tox|[from] ability: Poison Heal
|upkeep
|turn|76
|c| BWPUAAATD GOATED|okay yeah this is over
|l| BWPUAAATD GOATED
|c|☆owtblastre Emily|hell I could just tera water right here
|inactive|carciox has 30 seconds left.
|
|t:|1776112249
|-terastallize|p1a: Gliscor|Water
|move|p2a: Darkrai|Dark Pulse|p1a: Gliscor
|-damage|p1a: Gliscor|47/100 tox
|move|p1a: Gliscor|Earthquake|p2a: Darkrai
|-damage|p2a: Darkrai|0 fnt
|faint|p2a: Darkrai
|
|-heal|p1a: Gliscor|59/100 tox|[from] ability: Poison Heal
|upkeep
|inactive|carciox has 30 seconds left.
|l| timid nidoking
|inactive|carciox has 20 seconds left.
|c|☆carciox|Why no flinch???
|inactive|carciox has 15 seconds left.
|
|t:|1776112270
|switch|p2a: Gholdengo|Gholdengo|80/100
|-damage|p2a: Gholdengo|74/100|[from] Stealth Rock
|-damage|p2a: Gholdengo|62/100|[from] Spikes
|turn|77
|inactive|carciox has 25 seconds left this turn.
|c|☆owtblastre Emily|covert cloak buddy
|inactive|carciox has 20 seconds left.
|
|t:|1776112279
|switch|p2a: Kingambit|Kingambit, M|78/100 brn
|-damage|p2a: Kingambit|72/100 brn|[from] Stealth Rock
|-damage|p2a: Kingambit|60/100 brn|[from] Spikes
|-activate|p2a: Kingambit|ability: Supreme Overlord
|-start|p2a: Kingambit|fallen3|[silent]
|move|p1a: Gliscor|Earthquake|p2a: Kingambit
|-supereffective|p2a: Kingambit
|-crit|p2a: Kingambit
|-damage|p2a: Kingambit|0 fnt
|faint|p2a: Kingambit
|-end|p2a: Kingambit|fallen3|[silent]
|
|-heal|p1a: Gliscor|72/100 tox|[from] ability: Poison Heal
|upkeep
|inactive|carciox has 25 seconds left this turn.
|inactive|carciox has 20 seconds left.
|inactive|carciox has 15 seconds left.
|inactive|carciox has 10 seconds left.
|inactive|carciox has 5 seconds left.
|c|☆carciox|This is really the end large massacre
|-message|carciox lost due to inactivity.
|
|win|owtblastre Emily
|raw|owtblastre Emily's rating: 1454 &rarr; <strong>1472</strong><br />(+18 for winning)
|raw|carciox's rating: 1427 &rarr; <strong>1409</strong><br />(-18 for losing)
|c|☆carciox|So succulent
|c|☆carciox|Makes me wish desire abomination
|c|☆carciox|So abomimable
|c|☆carciox|Such heinous tachtique
|l|☆owtblastre Emily
|player|p1|
|c|☆carciox|So heinous
|c|☆carciox|My potency
|c|☆carciox|Farrouk
|c|☆carciox|Pashtun
|c|☆carciox|Al zinzalouk uallock
|l|☆carciox
|player|p2|
