|html|<div class="broadcast-blue"><strong>[Gen 9] OU is currently suspecting Tera Blast! For information on how to participate check out the <a href="https://www.smogon.com/tools/suspects/view/200">suspect thread</a>.</strong></div>
|j|☆monkeyman56678
|j|☆Spgdd
|t:|1776129210
|gametype|singles
|player|p1|monkeyman56678|1|1214
|player|p2|Spgdd|miku-water|1238
|gen|9
|tier|[Gen 9] OU
|rated|
|rule|HP Percentage Mod: HP is shown in percentages
|rule|Endless Battle Clause: Forcing endless battles is banned
|rule|Species Clause: Limit one of each Pokémon
|rule|OHKO Clause: OHKO moves are banned
|rule|Evasion Items Clause: Evasion items are banned
|rule|Evasion Moves Clause: Evasion moves are banned
|rule|Evasion Abilities Clause: Evasion abilities are banned
|rule|Sleep Moves Clause: Sleep-inducing moves are banned
|clearpoke
|poke|p1|Alomomola, M|
|poke|p1|Gliscor, M|
|poke|p1|Toxapex, M|
|poke|p1|Blissey, F|
|poke|p1|Skeledirge, F|
|poke|p1|Corviknight, F|
|poke|p2|Weezing, M|
|poke|p2|Magmar, M|
|poke|p2|Cresselia, F|
|poke|p2|Alomomola, F|
|poke|p2|Lurantis, F|
|poke|p2|Garganacl, M|
|teampreview
|inactive|Battle timer is ON: inactive players will automatically lose when time's up. (requested by Spgdd)
|
|t:|1776129223
|teamsize|p1|6
|teamsize|p2|6
|start
|switch|p1a: Gliscor|Gliscor, M|100/100
|switch|p2a: Garganacl|Garganacl, M, shiny|100/100
|turn|1
|
|t:|1776129230
|move|p1a: Gliscor|Knock Off|p2a: Garganacl
|-damage|p2a: Garganacl|86/100
|-enditem|p2a: Garganacl|Leftovers|[from] move: Knock Off|[of] p1a: Gliscor
|move|p2a: Garganacl|Salt Cure|p1a: Gliscor
|-damage|p1a: Gliscor|92/100
|-start|p1a: Gliscor|Salt Cure
|
|-damage|p1a: Gliscor|79/100|[from] Salt Cure
|-status|p1a: Gliscor|tox|[from] item: Toxic Orb
|upkeep
|turn|2
|
|t:|1776129241
|move|p1a: Gliscor|Earthquake|p2a: Garganacl
|-supereffective|p2a: Garganacl
|-damage|p2a: Garganacl|44/100
|move|p2a: Garganacl|Avalanche|p1a: Gliscor
|-supereffective|p1a: Gliscor
|-damage|p1a: Gliscor|9/100 tox
|
|-heal|p1a: Gliscor|22/100 tox|[from] ability: Poison Heal
|-damage|p1a: Gliscor|9/100 tox|[from] Salt Cure
|upkeep
|turn|3
|
|t:|1776129258
|switch|p1a: Skeledirge|Skeledirge, F|100/100
|move|p2a: Garganacl|Recover|p2a: Garganacl
|-heal|p2a: Garganacl|94/100
|
|upkeep
|turn|4
|
|t:|1776129266
|move|p1a: Skeledirge|Will-O-Wisp|p2a: Garganacl
|-immune|p2a: Garganacl|[from] ability: Purifying Salt
|move|p2a: Garganacl|Salt Cure|p1a: Skeledirge
|-supereffective|p1a: Skeledirge
|-damage|p1a: Skeledirge|84/100
|-start|p1a: Skeledirge|Salt Cure
|
|-damage|p1a: Skeledirge|72/100|[from] Salt Cure
|upkeep
|turn|5
|
|t:|1776129278
|switch|p1a: Toxapex|Toxapex, M|100/100
|move|p2a: Garganacl|Salt Cure|p1a: Toxapex
|-damage|p1a: Toxapex|92/100
|-start|p1a: Toxapex|Salt Cure
|
|-damage|p1a: Toxapex|67/100|[from] Salt Cure
|upkeep
|turn|6
|
|t:|1776129289
|move|p1a: Toxapex|Surf|p2a: Garganacl
|-supereffective|p2a: Garganacl
|-damage|p2a: Garganacl|70/100
|move|p2a: Garganacl|Salt Cure|p1a: Toxapex
|-damage|p1a: Toxapex|59/100
|
|-damage|p1a: Toxapex|34/100|[from] Salt Cure
|upkeep
|turn|7
|
|t:|1776129298
|switch|p1a: Alomomola|Alomomola, M|100/100
|move|p2a: Garganacl|Salt Cure|p1a: Alomomola
|-damage|p1a: Alomomola|93/100
|-start|p1a: Alomomola|Salt Cure
|
|-damage|p1a: Alomomola|68/100|[from] Salt Cure
|upkeep
|turn|8
|
|t:|1776129307
|switch|p1a: Toxapex|Toxapex, M|67/100
|move|p2a: Garganacl|Recover|p2a: Garganacl
|-heal|p2a: Garganacl|100/100
|
|upkeep
|turn|9
|
|t:|1776129314
|switch|p1a: Alomomola|Alomomola, M|100/100
|move|p2a: Garganacl|Salt Cure|p1a: Alomomola
|-damage|p1a: Alomomola|94/100
|-start|p1a: Alomomola|Salt Cure
|
|-damage|p1a: Alomomola|69/100|[from] Salt Cure
|upkeep
|turn|10
|
|t:|1776129325
|switch|p1a: Toxapex|Toxapex, M|100/100
|switch|p2a: Weezing|Weezing, M, shiny|100/100
|
|upkeep
|turn|11
|
|t:|1776129333
|switch|p1a: Alomomola|Alomomola, M|100/100
|move|p2a: Weezing|Dark Pulse|p1a: Alomomola
|-damage|p1a: Alomomola|80/100
|
|upkeep
|turn|12
|
|t:|1776129341
|move|p1a: Alomomola|Wish|p1a: Alomomola
|move|p2a: Weezing|Dark Pulse|p1a: Alomomola
|-damage|p1a: Alomomola|60/100
|
|upkeep
|turn|13
|
|t:|1776129349
|switch|p2a: Garganacl|Garganacl, M, shiny|100/100
|move|p1a: Alomomola|Scald|p2a: Garganacl
|-supereffective|p2a: Garganacl
|-damage|p2a: Garganacl|81/100
|
|-heal|p1a: Alomomola|100/100|[from] move: Wish|[wisher] Alomomola
|upkeep
|turn|14
|
|t:|1776129359
|move|p1a: Alomomola|Flip Turn|p2a: Garganacl
|-supereffective|p2a: Garganacl
|-damage|p2a: Garganacl|60/100
|
|t:|1776129366
|switch|p1a: Toxapex|Toxapex, M|100/100|[from] Flip Turn
|move|p2a: Garganacl|Salt Cure|p1a: Toxapex
|-damage|p1a: Toxapex|92/100
|-start|p1a: Toxapex|Salt Cure
|
|-damage|p1a: Toxapex|67/100|[from] Salt Cure
|upkeep
|turn|15
|
|t:|1776129376
|switch|p1a: Alomomola|Alomomola, M|100/100
|move|p2a: Garganacl|Recover|p2a: Garganacl
|-heal|p2a: Garganacl|100/100
|
|upkeep
|turn|16
|
|t:|1776129390
|switch|p2a: Cresselia|Cresselia, F, shiny|100/100
|move|p1a: Alomomola|Flip Turn|p2a: Cresselia
|-damage|p2a: Cresselia|91/100
|
|t:|1776129395
|switch|p1a: Blissey|Blissey, F|100/100|[from] Flip Turn
|
|upkeep
|turn|17
|
|t:|1776129403
|move|p2a: Cresselia|Charge Beam|p1a: Blissey
|-damage|p1a: Blissey|97/100
|-boost|p2a: Cresselia|spa|1
|move|p1a: Blissey|Stealth Rock|p2a: Cresselia
|-sidestart|p2: Spgdd|move: Stealth Rock
|
|upkeep
|turn|18
|
|t:|1776129410
|move|p2a: Cresselia|Charge Beam|p1a: Blissey
|-damage|p1a: Blissey|91/100
|move|p1a: Blissey|Thunder Wave|p2a: Cresselia
|-status|p2a: Cresselia|par
|
|upkeep
|turn|19
|
|t:|1776129416
|move|p1a: Blissey|Seismic Toss|p2a: Cresselia
|-damage|p2a: Cresselia|68/100 par
|move|p2a: Cresselia|Charge Beam|p1a: Blissey
|-damage|p1a: Blissey|84/100
|-boost|p2a: Cresselia|spa|1
|
|upkeep
|turn|20
|
|t:|1776129424
|move|p1a: Blissey|Seismic Toss|p2a: Cresselia
|-damage|p2a: Cresselia|46/100 par
|move|p2a: Cresselia|Charge Beam|p1a: Blissey
|-damage|p1a: Blissey|75/100
|-boost|p2a: Cresselia|spa|1
|
|upkeep
|turn|21
|
|t:|1776129432
|move|p1a: Blissey|Seismic Toss|p2a: Cresselia
|-damage|p2a: Cresselia|23/100 par
|move|p2a: Cresselia|Psyshock|p1a: Blissey
|-damage|p1a: Blissey|0 fnt
|faint|p1a: Blissey
|
|upkeep
|
|t:|1776129438
|switch|p1a: Gliscor|Gliscor, M|9/100 tox
|turn|22
|
|t:|1776129443
|move|p1a: Gliscor|Knock Off|p2a: Cresselia
|-supereffective|p2a: Cresselia
|-damage|p2a: Cresselia|0 fnt
|-enditem|p2a: Cresselia|Assault Vest|[from] move: Knock Off|[of] p1a: Gliscor
|faint|p2a: Cresselia
|
|-heal|p1a: Gliscor|22/100 tox|[from] ability: Poison Heal
|upkeep
|
|t:|1776129456
|switch|p2a: Garganacl|Garganacl, M, shiny|100/100
|-damage|p2a: Garganacl|88/100|[from] Stealth Rock
|turn|23
|
|t:|1776129461
|move|p1a: Gliscor|Protect|p1a: Gliscor
|-singleturn|p1a: Gliscor|Protect
|move|p2a: Garganacl|Salt Cure|p1a: Gliscor
|-activate|p1a: Gliscor|move: Protect
|
|-heal|p1a: Gliscor|34/100 tox|[from] ability: Poison Heal
|upkeep
|turn|24
|
|t:|1776129470
|switch|p1a: Alomomola|Alomomola, M|100/100
|move|p2a: Garganacl|Salt Cure|p1a: Alomomola
|-damage|p1a: Alomomola|94/100
|-start|p1a: Alomomola|Salt Cure
|
|-damage|p1a: Alomomola|69/100|[from] Salt Cure
|upkeep
|turn|25
|
|t:|1776129483
|switch|p1a: Toxapex|Toxapex, M|99/100
|switch|p2a: Lurantis|Lurantis, F, shiny|100/100
|-damage|p2a: Lurantis|88/100|[from] Stealth Rock
|
|upkeep
|turn|26
|
|t:|1776129494
|move|p2a: Lurantis|Leaf Storm|p1a: Toxapex
|-damage|p1a: Toxapex|71/100
|-boost|p2a: Lurantis|spa|2
|-heal|p2a: Lurantis|91/100|[from] item: Shell Bell|[of] p1a: Toxapex
|move|p1a: Toxapex|Toxic|p2a: Lurantis
|-status|p2a: Lurantis|tox
|
|-damage|p2a: Lurantis|85/100 tox|[from] psn
|upkeep
|turn|27
|
|t:|1776129504
|switch|p1a: Skeledirge|Skeledirge, F|72/100
|move|p2a: Lurantis|Leaf Storm|p1a: Skeledirge
|-resisted|p1a: Skeledirge
|-damage|p1a: Skeledirge|52/100
|-boost|p2a: Lurantis|spa|2
|-heal|p2a: Lurantis|88/100 tox|[from] item: Shell Bell|[of] p1a: Skeledirge
|
|-damage|p2a: Lurantis|76/100 tox|[from] psn
|upkeep
|turn|28
|
|t:|1776129516
|move|p1a: Skeledirge|Slack Off|p1a: Skeledirge
|-heal|p1a: Skeledirge|100/100
|move|p2a: Lurantis|Defog|p1a: Skeledirge
|-unboost|p1a: Skeledirge|evasion|1
|-sideend|p2: Spgdd|Stealth Rock|[from] move: Defog|[of] p2a: Lurantis
|
|-damage|p2a: Lurantis|57/100 tox|[from] psn
|upkeep
|turn|29
|
|t:|1776129534
|switch|p2a: Garganacl|Garganacl, M, shiny|88/100
|move|p1a: Skeledirge|Torch Song|p2a: Garganacl
|-resisted|p2a: Garganacl
|-damage|p2a: Garganacl|79/100
|-boost|p1a: Skeledirge|spa|1
|
|upkeep
|turn|30
|
|t:|1776129542
|switch|p1a: Toxapex|Toxapex, M|100/100
|move|p2a: Garganacl|Salt Cure|p1a: Toxapex
|-damage|p1a: Toxapex|92/100
|-start|p1a: Toxapex|Salt Cure
|
|-damage|p1a: Toxapex|67/100|[from] Salt Cure
|upkeep
|turn|31
|
|t:|1776129554
|switch|p1a: Alomomola|Alomomola, M|100/100
|switch|p2a: Magmar|Magmar, M, shiny|100/100
|
|upkeep
|turn|32
|
|t:|1776129562
|move|p2a: Magmar|Will-O-Wisp|p1a: Alomomola
|-status|p1a: Alomomola|brn
|move|p1a: Alomomola|Flip Turn|p2a: Magmar
|-supereffective|p2a: Magmar
|-damage|p2a: Magmar|88/100
|
|t:|1776129565
|switch|p1a: Gliscor|Gliscor, M|34/100 tox|[from] Flip Turn
|
|-heal|p1a: Gliscor|47/100 tox|[from] ability: Poison Heal
|upkeep
|turn|33
|
|t:|1776129578
|move|p1a: Gliscor|Protect|p1a: Gliscor
|-singleturn|p1a: Gliscor|Protect
|move|p2a: Magmar|Roar|p1a: Gliscor
|drag|p1a: Skeledirge|Skeledirge, F|100/100
|
|upkeep
|turn|34
|
|t:|1776129590
|switch|p2a: Garganacl|Garganacl, M, shiny|79/100
|switch|p1a: Gliscor|Gliscor, M|47/100 tox
|
|-heal|p1a: Gliscor|59/100 tox|[from] ability: Poison Heal
|upkeep
|turn|35
|
|t:|1776129599
|move|p1a: Gliscor|Protect|p1a: Gliscor
|-singleturn|p1a: Gliscor|Protect
|move|p2a: Garganacl|Salt Cure|p1a: Gliscor
|-activate|p1a: Gliscor|move: Protect
|
|-heal|p1a: Gliscor|72/100 tox|[from] ability: Poison Heal
|upkeep
|turn|36
|
|t:|1776129613
|switch|p1a: Alomomola|Alomomola, M|100/100 brn
|move|p2a: Garganacl|Salt Cure|p1a: Alomomola
|-damage|p1a: Alomomola|92/100 brn
|-start|p1a: Alomomola|Salt Cure
|
|-damage|p1a: Alomomola|86/100 brn|[from] brn
|-damage|p1a: Alomomola|61/100 brn|[from] Salt Cure
|upkeep
|turn|37
|
|t:|1776129623
|switch|p2a: Alomomola|Alomomola, F, shiny|100/100
|move|p1a: Alomomola|Flip Turn|p2a: Alomomola
|-resisted|p2a: Alomomola
|-damage|p2a: Alomomola|98/100
|
|t:|1776129632
|switch|p1a: Skeledirge|Skeledirge, F|100/100|[from] Flip Turn
|
|upkeep
|turn|38
|
|t:|1776129640
|switch|p1a: Toxapex|Toxapex, M|100/100
|move|p2a: Alomomola|Wish|p2a: Alomomola
|
|upkeep
|turn|39
|
|t:|1776129647
|move|p2a: Alomomola|Flip Turn|p1a: Toxapex
|-resisted|p1a: Toxapex
|-damage|p1a: Toxapex|96/100
|
|t:|1776129652
|switch|p2a: Garganacl|Garganacl, M, shiny|79/100|[from] Flip Turn
|move|p1a: Toxapex|Toxic|p2a: Garganacl
|-immune|p2a: Garganacl|[from] ability: Purifying Salt
|
|-heal|p2a: Garganacl|100/100|[from] move: Wish|[wisher] Alomomola
|upkeep
|turn|40
|
|t:|1776129672
|switch|p2a: Alomomola|Alomomola, F, shiny|100/100
|move|p1a: Toxapex|Surf|p2a: Alomomola
|-resisted|p2a: Alomomola
|-damage|p2a: Alomomola|94/100
|
|upkeep
|turn|41
|
|t:|1776129688
|move|p2a: Alomomola|Flip Turn|p1a: Toxapex
|-resisted|p1a: Toxapex
|-damage|p1a: Toxapex|91/100
|
|t:|1776129696
|switch|p2a: Garganacl|Garganacl, M, shiny|100/100|[from] Flip Turn
|move|p1a: Toxapex|Toxic|p2a: Garganacl
|-immune|p2a: Garganacl|[from] ability: Purifying Salt
|
|upkeep
|turn|42
|
|t:|1776129712
|switch|p1a: Alomomola|Alomomola, M|95/100 brn
|switch|p2a: Alomomola|Alomomola, F, shiny|100/100
|
|-damage|p1a: Alomomola|89/100 brn|[from] brn
|upkeep
|turn|43
|inactive|Spgdd has 120 seconds left.
|
|t:|1776129727
|switch|p1a: Toxapex|Toxapex, M|100/100
|move|p2a: Alomomola|Wish|p2a: Alomomola
|
|upkeep
|turn|44
|
|t:|1776129734
|switch|p1a: Gliscor|Gliscor, M|72/100 tox
|move|p2a: Alomomola|Flip Turn|p1a: Gliscor
|-supereffective|p1a: Gliscor
|-damage|p1a: Gliscor|54/100 tox
|
|t:|1776129742
|switch|p2a: Garganacl|Garganacl, M, shiny|100/100|[from] Flip Turn
|
|-heal|p1a: Gliscor|67/100 tox|[from] ability: Poison Heal
|upkeep
|turn|45
|
|t:|1776129752
|move|p1a: Gliscor|Protect|p1a: Gliscor
|-singleturn|p1a: Gliscor|Protect
|move|p2a: Garganacl|Avalanche|p1a: Gliscor
|-activate|p1a: Gliscor|move: Protect
|
|-heal|p1a: Gliscor|79/100 tox|[from] ability: Poison Heal
|upkeep
|turn|46
|
|t:|1776129764
|switch|p1a: Alomomola|Alomomola, M|100/100 brn
|move|p2a: Garganacl|Salt Cure|p1a: Alomomola
|-damage|p1a: Alomomola|94/100 brn
|-start|p1a: Alomomola|Salt Cure
|
|-damage|p1a: Alomomola|88/100 brn|[from] brn
|-damage|p1a: Alomomola|63/100 brn|[from] Salt Cure
|upkeep
|turn|47
|
|t:|1776129777
|switch|p1a: Toxapex|Toxapex, M|100/100
|switch|p2a: Alomomola|Alomomola, F, shiny|100/100
|
|upkeep
|turn|48
|
|t:|1776129789
|switch|p1a: Alomomola|Alomomola, M|96/100 brn
|move|p2a: Alomomola|Flip Turn|p1a: Alomomola
|-resisted|p1a: Alomomola
|-damage|p1a: Alomomola|92/100 brn
|inactive|Spgdd has 120 seconds left.
|
|t:|1776129800
|switch|p2a: Weezing|Weezing, M, shiny|100/100|[from] Flip Turn
|
|-damage|p1a: Alomomola|86/100 brn|[from] brn
|upkeep
|turn|49
|
|t:|1776129810
|move|p1a: Alomomola|Flip Turn|p2a: Weezing
|-crit|p2a: Weezing
|-damage|p2a: Weezing|92/100
|
|t:|1776129819
|switch|p1a: Skeledirge|Skeledirge, F|100/100|[from] Flip Turn
|move|p2a: Weezing|Dark Pulse|p1a: Skeledirge
|-supereffective|p1a: Skeledirge
|-damage|p1a: Skeledirge|65/100
|
|-heal|p2a: Weezing|98/100|[from] item: Black Sludge
|upkeep
|turn|50
|
|t:|1776129829
|switch|p1a: Toxapex|Toxapex, M|100/100
|move|p2a: Weezing|Toxic|p1a: Toxapex
|-immune|p1a: Toxapex
|
|-heal|p2a: Weezing|100/100|[from] item: Black Sludge
|upkeep
|turn|51
|
|t:|1776129837
|move|p2a: Weezing|Dark Pulse|p1a: Toxapex
|-damage|p1a: Toxapex|87/100
|move|p1a: Toxapex|Surf|p2a: Weezing
|-damage|p2a: Weezing|83/100
|
|-heal|p2a: Weezing|89/100|[from] item: Black Sludge
|upkeep
|turn|52
|
|t:|1776129847
|move|p2a: Weezing|Dark Pulse|p1a: Toxapex
|-damage|p1a: Toxapex|73/100
|cant|p1a: Toxapex|flinch
|
|-heal|p2a: Weezing|95/100|[from] item: Black Sludge
|upkeep
|turn|53
|
|t:|1776129856
|switch|p1a: Gliscor|Gliscor, M|79/100 tox
|move|p2a: Weezing|Dark Pulse|p1a: Gliscor
|-damage|p1a: Gliscor|59/100 tox
|
|-heal|p2a: Weezing|100/100|[from] item: Black Sludge
|-heal|p1a: Gliscor|72/100 tox|[from] ability: Poison Heal
|upkeep
|turn|54
|
|t:|1776129866
|move|p1a: Gliscor|Knock Off|p2a: Weezing
|-damage|p2a: Weezing|83/100
|-enditem|p2a: Weezing|Black Sludge|[from] move: Knock Off|[of] p1a: Gliscor
|move|p2a: Weezing|Venoshock|p1a: Gliscor
|-resisted|p1a: Gliscor
|-damage|p1a: Gliscor|47/100 tox
|
|-heal|p1a: Gliscor|59/100 tox|[from] ability: Poison Heal
|upkeep
|turn|55
|
|t:|1776129878
|move|p1a: Gliscor|Protect|p1a: Gliscor
|-singleturn|p1a: Gliscor|Protect
|move|p2a: Weezing|Venoshock|p1a: Gliscor
|-activate|p1a: Gliscor|move: Protect
|
|-heal|p1a: Gliscor|72/100 tox|[from] ability: Poison Heal
|upkeep
|turn|56
|
|t:|1776129894
|switch|p1a: Toxapex|Toxapex, M|100/100
|move|p2a: Weezing|Venoshock|p1a: Toxapex
|-resisted|p1a: Toxapex
|-damage|p1a: Toxapex|93/100
|
|upkeep
|turn|57
|
|t:|1776129915
|move|p2a: Weezing|Dark Pulse|p1a: Toxapex
|-damage|p1a: Toxapex|80/100
|cant|p1a: Toxapex|flinch
|
|upkeep
|turn|58
|
|t:|1776129922
|move|p2a: Weezing|Dark Pulse|p1a: Toxapex
|-damage|p1a: Toxapex|68/100
|move|p1a: Toxapex|Surf|p2a: Weezing
|-damage|p2a: Weezing|65/100
|
|upkeep
|turn|59
|
|t:|1776129929
|move|p2a: Weezing|Dark Pulse|p1a: Toxapex
|-damage|p1a: Toxapex|54/100
|move|p1a: Toxapex|Surf|p2a: Weezing
|-damage|p2a: Weezing|48/100
|
|upkeep
|turn|60
|
|t:|1776129937
|move|p2a: Weezing|Dark Pulse|p1a: Toxapex
|-damage|p1a: Toxapex|41/100
|move|p1a: Toxapex|Recover|p1a: Toxapex
|-heal|p1a: Toxapex|92/100
|
|upkeep
|turn|61
|j| BLK DG
|
|t:|1776129944
|move|p2a: Weezing|Pain Split|p1a: Toxapex
|-sethp|p1a: Toxapex|70/100|[from] move: Pain Split|[silent]
|-sethp|p2a: Weezing|69/100|[from] move: Pain Split
|move|p1a: Toxapex|Surf|p2a: Weezing
|-damage|p2a: Weezing|49/100
|
|upkeep
|turn|62
|
|t:|1776129954
|move|p2a: Weezing|Pain Split|p1a: Toxapex
|-sethp|p1a: Toxapex|60/100|[from] move: Pain Split|[silent]
|-sethp|p2a: Weezing|59/100|[from] move: Pain Split
|move|p1a: Toxapex|Surf|p2a: Weezing
|-damage|p2a: Weezing|41/100
|
|upkeep
|turn|63
|inactive|monkeyman56678 has 120 seconds left.
|
|t:|1776129985
|switch|p1a: Skeledirge|Skeledirge, F|65/100
|move|p2a: Weezing|Dark Pulse|p1a: Skeledirge
|-supereffective|p1a: Skeledirge
|-damage|p1a: Skeledirge|30/100
|
|upkeep
|turn|64
|
|t:|1776129992
|move|p1a: Skeledirge|Slack Off|p1a: Skeledirge
|-heal|p1a: Skeledirge|80/100
|move|p2a: Weezing|Dark Pulse|p1a: Skeledirge
|-supereffective|p1a: Skeledirge
|-damage|p1a: Skeledirge|44/100
|
|upkeep
|turn|65
|
|t:|1776130000
|move|p1a: Skeledirge|Will-O-Wisp|p2a: Weezing|[miss]
|-miss|p1a: Skeledirge|p2a: Weezing
|move|p2a: Weezing|Pain Split|p1a: Skeledirge
|-sethp|p1a: Skeledirge|37/100|[from] move: Pain Split|[silent]
|-sethp|p2a: Weezing|50/100|[from] move: Pain Split
|
|upkeep
|turn|66
|l| BLK DG
|
|t:|1776130011
|move|p1a: Skeledirge|Will-O-Wisp|p2a: Weezing|[miss]
|-miss|p1a: Skeledirge|p2a: Weezing
|move|p2a: Weezing|Dark Pulse|p1a: Skeledirge
|-supereffective|p1a: Skeledirge
|-damage|p1a: Skeledirge|6/100
|
|upkeep
|turn|67
|
|t:|1776130018
|switch|p1a: Alomomola|Alomomola, M|100/100 brn
|move|p2a: Weezing|Dark Pulse|p1a: Alomomola
|-damage|p1a: Alomomola|82/100 brn
|
|-damage|p1a: Alomomola|76/100 brn|[from] brn
|upkeep
|turn|68
|
|t:|1776130027
|move|p1a: Alomomola|Wish|p1a: Alomomola
|move|p2a: Weezing|Pain Split|p1a: Alomomola
|-sethp|p1a: Alomomola|52/100 brn|[from] move: Pain Split|[silent]
|-sethp|p2a: Weezing|90/100|[from] move: Pain Split
|
|-damage|p1a: Alomomola|46/100 brn|[from] brn
|upkeep
|turn|69
|
|t:|1776130035
|move|p1a: Alomomola|Flip Turn|p2a: Weezing
|-damage|p2a: Weezing|83/100
|
|t:|1776130040
|switch|p1a: Skeledirge|Skeledirge, F|6/100|[from] Flip Turn
|move|p2a: Weezing|Venoshock|p1a: Skeledirge
|-resisted|p1a: Skeledirge
|-damage|p1a: Skeledirge|0 fnt
|faint|p1a: Skeledirge
|
|upkeep
|-message|monkeyman56678 forfeited.
|
|win|Spgdd
|raw|monkeyman56678's rating: 1214 &rarr; <strong>1191</strong><br />(-23 for losing)
|raw|Spgdd's rating: 1238 &rarr; <strong>1261</strong><br />(+23 for winning)
|l|☆monkeyman56678
|player|p1|
