|html|<div class="broadcast-blue"><strong>[Gen 9] OU is currently suspecting Tera Blast! For information on how to participate check out the <a href="https://www.smogon.com/tools/suspects/view/200">suspect thread</a>.</strong></div>
|j|☆Spinach5409*
|j|☆meio_potato
|t:|1776110747
|gametype|singles
|player|p1|Spinach5409*|266|1358
|player|p2|meio_potato|hilda-wonderlauncher|1431
|gen|9
|tier|[Gen 9] OU
|rated|
|rule|HP Percentage Mod: HP is shown in percentages
|rule|Endless Battle Clause: Forcing endless battles is banned
|rule|Species Clause: Limit one of each Pokémon
|rule|OHKO Clause: OHKO moves are banned
|rule|Evasion Items Clause: Evasion items are banned
|rule|Evasion Moves Clause: Evasion moves are banned
|rule|Evasion Abilities Clause: Evasion abilities are banned
|rule|Sleep Moves Clause: Sleep-inducing moves are banned
|clearpoke
|poke|p1|Kyurem|
|poke|p1|Samurott-Hisui, M|
|poke|p1|Great Tusk|
|poke|p1|Dragapult, F|
|poke|p1|Kingambit, F|
|poke|p1|Zapdos|
|poke|p2|Latias, F|
|poke|p2|Polteageist|
|poke|p2|Zamazenta-*|
|poke|p2|Kingambit, M|
|poke|p2|Ogerpon-Wellspring, F|
|poke|p2|Iron Moth|
|teampreview
|inactive|Battle timer is ON: inactive players will automatically lose when time's up. (requested by meio_potato)
|
|t:|1776110758
|teamsize|p1|6
|teamsize|p2|6
|start
|switch|p1a: Zapdos|Zapdos|100/100
|switch|p2a: Latias|Latias, F|100/100
|turn|1
|
|t:|1776110762
|move|p2a: Latias|Agility|p2a: Latias
|-boost|p2a: Latias|spe|2
|move|p1a: Zapdos|Hurricane|p2a: Latias|[miss]
|-miss|p1a: Zapdos|p2a: Latias
|
|upkeep
|turn|2
|
|t:|1776110766
|move|p2a: Latias|Calm Mind|p2a: Latias
|-boost|p2a: Latias|spa|1
|-boost|p2a: Latias|spd|1
|move|p1a: Zapdos|Hurricane|p2a: Latias
|-damage|p2a: Latias|60/100
|
|upkeep
|turn|3
|
|t:|1776110771
|move|p2a: Latias|Calm Mind|p2a: Latias
|-boost|p2a: Latias|spa|1
|-boost|p2a: Latias|spd|1
|move|p1a: Zapdos|Hurricane|p2a: Latias|[miss]
|-miss|p1a: Zapdos|p2a: Latias
|
|upkeep
|turn|4
|
|t:|1776110773
|move|p2a: Latias|Stored Power|p1a: Zapdos
|-damage|p1a: Zapdos|28/100
|move|p1a: Zapdos|Hurricane|p2a: Latias
|-damage|p2a: Latias|30/100
|
|upkeep
|turn|5
|
|t:|1776110778
|move|p2a: Latias|Stored Power|p1a: Zapdos
|-damage|p1a: Zapdos|0 fnt
|faint|p1a: Zapdos
|
|upkeep
|
|t:|1776110780
|switch|p1a: Kingambit|Kingambit, F|100/100
|-activate|p1a: Kingambit|ability: Supreme Overlord
|-start|p1a: Kingambit|fallen1|[silent]
|turn|6
|
|t:|1776110782
|move|p2a: Latias|Draining Kiss|p1a: Kingambit
|-damage|p1a: Kingambit|75/100
|-heal|p2a: Latias|56/100|[from] drain|[of] p1a: Kingambit
|move|p1a: Kingambit|Kowtow Cleave|p2a: Latias
|-supereffective|p2a: Latias
|-damage|p2a: Latias|0 fnt
|faint|p2a: Latias
|
|upkeep
|
|t:|1776110789
|switch|p2a: Kingambit|Kingambit, M|100/100
|turn|7
|
|t:|1776110792
|move|p2a: Kingambit|Low Kick|p1a: Kingambit
|-supereffective|p1a: Kingambit
|-damage|p1a: Kingambit|0 fnt
|faint|p1a: Kingambit
|-end|p1a: Kingambit|fallen1|[silent]
|
|upkeep
|
|t:|1776110803
|switch|p1a: Samurott|Samurott-Hisui, M|100/100
|turn|8
|
|t:|1776110809
|switch|p2a: Zamazenta|Zamazenta|100/100
|-ability|p2a: Zamazenta|Dauntless Shield|boost
|-boost|p2a: Zamazenta|def|1
|move|p1a: Samurott|Sacred Sword|p2a: Zamazenta
|-damage|p2a: Zamazenta|49/100
|-damage|p1a: Samurott|91/100|[from] item: Life Orb
|
|-heal|p2a: Zamazenta|55/100|[from] item: Leftovers
|upkeep
|turn|9
|
|t:|1776110816
|move|p2a: Zamazenta|Iron Defense|p2a: Zamazenta
|-boost|p2a: Zamazenta|def|2
|move|p1a: Samurott|Sacred Sword|p2a: Zamazenta
|-damage|p2a: Zamazenta|3/100
|-damage|p1a: Samurott|81/100|[from] item: Life Orb
|
|-heal|p2a: Zamazenta|9/100|[from] item: Leftovers
|upkeep
|turn|10
|
|t:|1776110819
|move|p2a: Zamazenta|Body Press|p1a: Samurott
|-supereffective|p1a: Samurott
|-damage|p1a: Samurott|0 fnt
|faint|p1a: Samurott
|
|-heal|p2a: Zamazenta|15/100|[from] item: Leftovers
|upkeep
|
|t:|1776110822
|switch|p1a: Dragapult|Dragapult, F|100/100
|turn|11
|
|t:|1776110826
|move|p1a: Dragapult|Shadow Ball|p2a: Zamazenta
|-damage|p2a: Zamazenta|0 fnt
|faint|p2a: Zamazenta
|
|upkeep
|
|t:|1776110832
|switch|p2a: Kingambit|Kingambit, M|100/100
|turn|12
|
|t:|1776110835
|switch|p1a: Great Tusk|Great Tusk|100/100
|move|p2a: Kingambit|Iron Head|p1a: Great Tusk
|-damage|p1a: Great Tusk|73/100
|
|upkeep
|turn|13
|
|t:|1776110838
|-terastallize|p2a: Kingambit|Ghost
|move|p2a: Kingambit|Iron Head|p1a: Great Tusk
|-damage|p1a: Great Tusk|45/100
|move|p1a: Great Tusk|Close Combat|p2a: Kingambit
|-immune|p2a: Kingambit
|
|upkeep
|turn|14
|
|t:|1776110844
|move|p2a: Kingambit|Swords Dance|p2a: Kingambit
|-boost|p2a: Kingambit|atk|2
|move|p1a: Great Tusk|Earthquake|p2a: Kingambit
|-damage|p2a: Kingambit|50/100
|
|-heal|p2a: Kingambit|56/100|[from] item: Leftovers
|upkeep
|turn|15
|
|t:|1776110850
|move|p2a: Kingambit|Iron Head|p1a: Great Tusk
|-damage|p1a: Great Tusk|0 fnt
|faint|p1a: Great Tusk
|-end|p1a: Great Tusk|Protosynthesis|[silent]
|
|-heal|p2a: Kingambit|62/100|[from] item: Leftovers
|upkeep
|
|t:|1776110859
|switch|p1a: Dragapult|Dragapult, F|100/100
|turn|16
|
|t:|1776110862
|-terastallize|p1a: Dragapult|Steel
|move|p2a: Kingambit|Sucker Punch|p1a: Dragapult
|-damage|p1a: Dragapult|0 fnt
|faint|p1a: Dragapult
|
|-heal|p2a: Kingambit|69/100|[from] item: Leftovers
|upkeep
|-message|Spinach5409* forfeited.
|
|win|meio_potato
|raw|Spinach5409*'s rating: 1358 &rarr; <strong>1342</strong><br />(-16 for losing)
|raw|meio_potato's rating: 1431 &rarr; <strong>1447</strong><br />(+16 for winning)
|l|☆Spinach5409*
|player|p1|
