|html|<div class="broadcast-blue"><strong>[Gen 9] OU is currently suspecting Tera Blast! For information on how to participate check out the <a href="https://www.smogon.com/tools/suspects/view/200">suspect thread</a>.</strong></div>
|j|☆Jonthan Ringo
|j|☆Paper Harlot
|t:|1776103977
|gametype|singles
|player|p1|Jonthan Ringo|lucas|1341
|player|p2|Paper Harlot|iris-gen5bw2|1325
|gen|9
|tier|[Gen 9] OU
|rated|
|rule|HP Percentage Mod: HP is shown in percentages
|rule|Endless Battle Clause: Forcing endless battles is banned
|rule|Species Clause: Limit one of each Pokémon
|rule|OHKO Clause: OHKO moves are banned
|rule|Evasion Items Clause: Evasion items are banned
|rule|Evasion Moves Clause: Evasion moves are banned
|rule|Evasion Abilities Clause: Evasion abilities are banned
|rule|Sleep Moves Clause: Sleep-inducing moves are banned
|clearpoke
|poke|p1|Samurott-Hisui, F|
|poke|p1|Iron Moth|
|poke|p1|Great Tusk|
|poke|p1|Zapdos|
|poke|p1|Indeedee-F, F|
|poke|p1|Grafaiai, F|
|poke|p2|Tornadus-Therian, M|
|poke|p2|Raging Bolt|
|poke|p2|Kingambit, F|
|poke|p2|Gholdengo|
|poke|p2|Iron Treads|
|poke|p2|Garganacl, M|
|teampreview
|inactive|Battle timer is ON: inactive players will automatically lose when time's up. (requested by Jonthan Ringo)
|
|t:|1776103986
|teamsize|p1|6
|teamsize|p2|6
|start
|switch|p1a: Zapdos|Zapdos|100/100
|switch|p2a: Tortelloni|Tornadus-Therian, M|100/100
|turn|1
|
|t:|1776103992
|switch|p2a: I'm a huge DonFan|Iron Treads, shiny|100/100
|move|p1a: Zapdos|U-turn|p2a: I'm a huge DonFan
|-resisted|p2a: I'm a huge DonFan
|-crit|p2a: I'm a huge DonFan
|-damage|p2a: I'm a huge DonFan|92/100
|
|t:|1776104002
|switch|p1a: Samurott|Samurott-Hisui, F|100/100|[from] U-turn
|
|-heal|p2a: I'm a huge DonFan|98/100|[from] item: Leftovers
|upkeep
|turn|2
|inactive|Paper Harlot has 120 seconds left.
|inactive|Paper Harlot has 90 seconds left.
|inactive|Paper Harlot has 60 seconds left.
|inactive|Paper Harlot has 30 seconds left.
|inactive|Paper Harlot has 20 seconds left.
|
|t:|1776104135
|-end|p2a: I'm a huge DonFan|Quark Drive|[silent]
|switch|p2a: Raging Bolt|Raging Bolt|100/100
|move|p1a: Samurott|Flip Turn|p2a: Raging Bolt
|-resisted|p2a: Raging Bolt
|-crit|p2a: Raging Bolt
|-damage|p2a: Raging Bolt|87/100
|
|t:|1776104146
|switch|p1a: Grafaiai|Grafaiai, F|100/100|[from] Flip Turn
|
|-heal|p2a: Raging Bolt|93/100|[from] item: Leftovers
|upkeep
|turn|3
|inactive|Paper Harlot has 30 seconds left.
|
|t:|1776104157
|move|p2a: Raging Bolt|Thunderclap|p1a: Grafaiai
|-damage|p1a: Grafaiai|47/100
|move|p1a: Grafaiai|Double-Edge|p2a: Raging Bolt
|-damage|p2a: Raging Bolt|50/100
|-damage|p1a: Grafaiai|27/100|[from] Recoil
|
|-heal|p2a: Raging Bolt|56/100|[from] item: Leftovers
|upkeep
|turn|4
|
|t:|1776104170
|switch|p1a: Indeedee|Indeedee-F, F|100/100
|-fieldstart|move: Psychic Terrain|[from] ability: Psychic Surge|[of] p1a: Indeedee
|move|p2a: Raging Bolt|Calm Mind|p2a: Raging Bolt
|-boost|p2a: Raging Bolt|spa|1
|-boost|p2a: Raging Bolt|spd|1
|
|-heal|p2a: Raging Bolt|62/100|[from] item: Leftovers
|upkeep
|turn|5
|
|t:|1776104175
|move|p1a: Indeedee|Draining Kiss|p2a: Raging Bolt
|-supereffective|p2a: Raging Bolt
|-damage|p2a: Raging Bolt|49/100
|move|p2a: Raging Bolt|Thunderbolt|p1a: Indeedee
|-damage|p1a: Indeedee|44/100
|-status|p1a: Indeedee|par
|
|-heal|p2a: Raging Bolt|55/100|[from] item: Leftovers
|upkeep
|turn|6
|
|t:|1776104180
|move|p2a: Raging Bolt|Calm Mind|p2a: Raging Bolt
|-boost|p2a: Raging Bolt|spa|1
|-boost|p2a: Raging Bolt|spd|1
|move|p1a: Indeedee|Healing Wish|p1a: Indeedee
|faint|p1a: Indeedee
|
|-heal|p2a: Raging Bolt|61/100|[from] item: Leftovers
|upkeep
|
|t:|1776104182
|switch|p1a: Grafaiai|Grafaiai, F|27/100
|-heal|p1a: Grafaiai|100/100|[from] move: Healing Wish
|-enditem|p1a: Grafaiai|Psychic Seed
|-boost|p1a: Grafaiai|spd|1|[from] item: Psychic Seed
|turn|7
|
|t:|1776104190
|move|p1a: Grafaiai|Swords Dance|p1a: Grafaiai
|-boost|p1a: Grafaiai|atk|2
|move|p2a: Raging Bolt|Thunderbolt|p1a: Grafaiai
|-damage|p1a: Grafaiai|4/100
|
|-heal|p2a: Raging Bolt|67/100|[from] item: Leftovers
|upkeep
|turn|8
|
|t:|1776104200
|move|p1a: Grafaiai|Poison Jab|p2a: Raging Bolt
|-damage|p2a: Raging Bolt|13/100
|-status|p2a: Raging Bolt|psn
|move|p2a: Raging Bolt|Thunderbolt|p1a: Grafaiai
|-damage|p1a: Grafaiai|0 fnt
|faint|p1a: Grafaiai
|
|-heal|p2a: Raging Bolt|20/100 psn|[from] item: Leftovers
|-damage|p2a: Raging Bolt|7/100 psn|[from] psn
|upkeep
|
|t:|1776104209
|switch|p1a: Samurott|Samurott-Hisui, F|100/100
|turn|9
|
|t:|1776104221
|move|p1a: Samurott|Ceaseless Edge|p2a: Raging Bolt
|-damage|p2a: Raging Bolt|0 fnt
|-sidestart|p2: Paper Harlot|Spikes
|faint|p2a: Raging Bolt
|-end|p2a: Raging Bolt|Protosynthesis|[silent]
|
|upkeep
|
|t:|1776104226
|switch|p2a: Tortelloni|Tornadus-Therian, M|100/100
|turn|10
|
|t:|1776104231
|move|p2a: Tortelloni|Bleakwind Storm|p1a: Samurott
|-damage|p1a: Samurott|42/100
|move|p1a: Samurott|Ceaseless Edge|p2a: Tortelloni
|-damage|p2a: Tortelloni|50/100
|-sidestart|p2: Paper Harlot|Spikes
|
|upkeep
|turn|11
|inactive|Paper Harlot has 90 seconds left.
|
|t:|1776104237
|switch|p1a: Zapdos|Zapdos|100/100
|move|p2a: Tortelloni|Bleakwind Storm|p1a: Zapdos
|-resisted|p1a: Zapdos
|-damage|p1a: Zapdos|65/100
|-unboost|p1a: Zapdos|spe|1
|
|-heal|p1a: Zapdos|72/100|[from] item: Leftovers
|-fieldend|move: Psychic Terrain
|upkeep
|turn|12
|
|t:|1776104245
|switch|p2a: I'm a huge DonFan|Iron Treads, shiny|98/100
|-damage|p2a: I'm a huge DonFan|82/100|[from] Spikes
|move|p1a: Zapdos|U-turn|p2a: I'm a huge DonFan
|-resisted|p2a: I'm a huge DonFan
|-damage|p2a: I'm a huge DonFan|76/100
|
|t:|1776104252
|switch|p1a: Iron Moth|Iron Moth|100/100|[from] U-turn
|-enditem|p1a: Iron Moth|Booster Energy
|-activate|p1a: Iron Moth|ability: Quark Drive|[fromitem]
|-start|p1a: Iron Moth|quarkdrivespe
|
|-heal|p2a: I'm a huge DonFan|82/100|[from] item: Leftovers
|upkeep
|turn|13
|
|t:|1776104258
|-terastallize|p1a: Iron Moth|Grass
|move|p1a: Iron Moth|Fiery Dance|p2a: I'm a huge DonFan
|-supereffective|p2a: I'm a huge DonFan
|-damage|p2a: I'm a huge DonFan|20/100
|move|p2a: I'm a huge DonFan|Rapid Spin|p1a: Iron Moth
|-damage|p1a: Iron Moth|82/100
|-boost|p2a: I'm a huge DonFan|spe|1
|-sideend|p2: Paper Harlot|Spikes|[from] move: Rapid Spin|[of] p2a: I'm a huge DonFan
|
|-heal|p2a: I'm a huge DonFan|26/100|[from] item: Leftovers
|upkeep
|turn|14
|
|t:|1776104272
|move|p1a: Iron Moth|Fiery Dance|p2a: I'm a huge DonFan
|-supereffective|p2a: I'm a huge DonFan
|-damage|p2a: I'm a huge DonFan|0 fnt
|-boost|p1a: Iron Moth|spa|1
|faint|p2a: I'm a huge DonFan
|-end|p2a: I'm a huge DonFan|Quark Drive|[silent]
|
|upkeep
|
|t:|1776104275
|switch|p2a: Tortelloni|Tornadus-Therian, M|83/100
|turn|15
|
|t:|1776104278
|move|p1a: Iron Moth|Sludge Wave|p2a: Tortelloni
|-damage|p2a: Tortelloni|0 fnt
|faint|p2a: Tortelloni
|
|upkeep
|inactive|Paper Harlot has 120 seconds left.
|
|t:|1776104285
|switch|p2a: Queso|Gholdengo, shiny|100/100
|-item|p2a: Queso|Air Balloon
|turn|16
|
|t:|1776104291
|move|p1a: Iron Moth|Fiery Dance|p2a: Queso
|-supereffective|p2a: Queso
|-damage|p2a: Queso|0 fnt
|-boost|p1a: Iron Moth|spa|1
|-enditem|p2a: Queso|Air Balloon
|faint|p2a: Queso
|
|upkeep
|
|t:|1776104294
|switch|p2a: Ekaterina|Kingambit, F, shiny|100/100
|-activate|p2a: Ekaterina|ability: Supreme Overlord
|-start|p2a: Ekaterina|fallen4|[silent]
|turn|17
|
|t:|1776104300
|move|p2a: Ekaterina|Sucker Punch|p1a: Iron Moth
|-damage|p1a: Iron Moth|0 fnt
|faint|p1a: Iron Moth
|-end|p1a: Iron Moth|Quark Drive|[silent]
|
|upkeep
|
|t:|1776104303
|switch|p1a: Great Tusk|Great Tusk|100/100
|-enditem|p1a: Great Tusk|Booster Energy
|-activate|p1a: Great Tusk|ability: Protosynthesis|[fromitem]
|-start|p1a: Great Tusk|protosynthesisspe
|turn|18
|
|t:|1776104310
|-terastallize|p2a: Ekaterina|Fairy
|move|p1a: Great Tusk|Bulk Up|p1a: Great Tusk
|-boost|p1a: Great Tusk|atk|1
|-boost|p1a: Great Tusk|def|1
|move|p2a: Ekaterina|Swords Dance|p2a: Ekaterina
|-boost|p2a: Ekaterina|atk|2
|
|upkeep
|turn|19
|
|t:|1776104319
|move|p1a: Great Tusk|Headlong Rush|p2a: Ekaterina
|-damage|p2a: Ekaterina|41/100
|-unboost|p1a: Great Tusk|def|1
|-unboost|p1a: Great Tusk|spd|1
|move|p2a: Ekaterina|Iron Head|p1a: Great Tusk
|-damage|p1a: Great Tusk|25/100
|
|-heal|p2a: Ekaterina|47/100|[from] item: Leftovers
|upkeep
|turn|20
|
|t:|1776104330
|move|p2a: Ekaterina|Sucker Punch|p1a: Great Tusk
|-resisted|p1a: Great Tusk
|-damage|p1a: Great Tusk|0 fnt
|faint|p1a: Great Tusk
|-end|p1a: Great Tusk|Protosynthesis|[silent]
|
|-heal|p2a: Ekaterina|53/100|[from] item: Leftovers
|upkeep
|
|t:|1776104335
|switch|p1a: Zapdos|Zapdos|72/100
|turn|21
|
|t:|1776104339
|move|p2a: Ekaterina|Sucker Punch||[still]
|-fail|p2a: Ekaterina
|move|p1a: Zapdos|Thunder Wave|p2a: Ekaterina
|-status|p2a: Ekaterina|par
|
|-heal|p1a: Zapdos|78/100|[from] item: Leftovers
|-heal|p2a: Ekaterina|59/100 par|[from] item: Leftovers
|upkeep
|turn|22
|
|t:|1776104344
|move|p1a: Zapdos|Hurricane|p2a: Ekaterina|[miss]
|-miss|p1a: Zapdos|p2a: Ekaterina
|move|p2a: Ekaterina|Substitute|p2a: Ekaterina
|-start|p2a: Ekaterina|Substitute
|-damage|p2a: Ekaterina|34/100 par
|
|-heal|p1a: Zapdos|84/100|[from] item: Leftovers
|-heal|p2a: Ekaterina|41/100 par|[from] item: Leftovers
|upkeep
|turn|23
|
|t:|1776104364
|cant|p2a: Ekaterina|par
|move|p1a: Zapdos|Hurricane|p2a: Ekaterina|[miss]
|-miss|p1a: Zapdos|p2a: Ekaterina
|
|-heal|p1a: Zapdos|90/100|[from] item: Leftovers
|-heal|p2a: Ekaterina|47/100 par|[from] item: Leftovers
|upkeep
|turn|24
|
|t:|1776104368
|move|p2a: Ekaterina|Sucker Punch|p1a: Zapdos
|-crit|p1a: Zapdos
|-damage|p1a: Zapdos|0 fnt
|faint|p1a: Zapdos
|
|-heal|p2a: Ekaterina|53/100 par|[from] item: Leftovers
|upkeep
|c|☆Paper Harlot|sorry
|c|☆Jonthan Ringo|Luckiest player alive
|
|t:|1776104390
|switch|p1a: Samurott|Samurott-Hisui, F|42/100
|turn|25
|c|☆Paper Harlot|Hurricane is 50% accurate to be fair
|c|☆Jonthan Ringo|70
|
|t:|1776104406
|move|p1a: Samurott|Razor Shell|p2a: Ekaterina
|-end|p2a: Ekaterina|Substitute
|move|p2a: Ekaterina|Iron Head|p1a: Samurott
|-resisted|p1a: Samurott
|-damage|p1a: Samurott|0 fnt
|faint|p1a: Samurott
|
|win|Paper Harlot
|raw|Jonthan Ringo's rating: 1341 &rarr; <strong>1320</strong><br />(-21 for losing)
|raw|Paper Harlot's rating: 1325 &rarr; <strong>1346</strong><br />(+21 for winning)
|l|☆Jonthan Ringo
|player|p1|
|c|☆Paper Harlot|if it isn't 100% accurate it is 50% accurate
|l|☆Paper Harlot
|player|p2|
