|html|<div class="broadcast-blue"><strong>[Gen 9] OU is currently suspecting Tera Blast! For information on how to participate check out the <a href="https://www.smogon.com/tools/suspects/view/200">suspect thread</a>.</strong></div>
|j|☆TacoTheReaper
|j|☆eserraba
|t:|1776031783
|gametype|singles
|player|p1|TacoTheReaper|elesa|1108
|player|p2|eserraba|2|1130
|gen|9
|tier|[Gen 9] OU
|rated|
|rule|HP Percentage Mod: HP is shown in percentages
|rule|Endless Battle Clause: Forcing endless battles is banned
|rule|Species Clause: Limit one of each Pokémon
|rule|OHKO Clause: OHKO moves are banned
|rule|Evasion Items Clause: Evasion items are banned
|rule|Evasion Moves Clause: Evasion moves are banned
|rule|Evasion Abilities Clause: Evasion abilities are banned
|rule|Sleep Moves Clause: Sleep-inducing moves are banned
|clearpoke
|poke|p1|Slither Wing|
|poke|p1|Ninetales-Alola, F|
|poke|p1|Slowking-Galar, M|
|poke|p1|Whimsicott, F|
|poke|p1|Primarina, F|
|poke|p1|Brute Bonnet|
|poke|p2|Masquerain, M|
|poke|p2|Eelektross, F|
|poke|p2|Shiftry, F|
|poke|p2|Volbeat, M|
|poke|p2|Seviper, F|
|poke|p2|Golduck, F|
|teampreview
|inactive|Battle timer is ON: inactive players will automatically lose when time's up. (requested by eserraba)
|inactive|TacoTheReaper also wants the timer to be on.
|j| ohko_smeargle
|
|t:|1776031794
|teamsize|p1|6
|teamsize|p2|6
|start
|switch|p1a: Ninetales|Ninetales-Alola, F|100/100
|switch|p2a: Seviper|Seviper, F|100/100
|-weather|Snowscape|[from] ability: Snow Warning|[of] p1a: Ninetales
|turn|1
|
|t:|1776031805
|move|p2a: Seviper|Switcheroo|p1a: Ninetales
|-activate|p2a: Seviper|move: Trick|[of] p1a: Ninetales
|-item|p1a: Ninetales|Choice Scarf|[from] move: Switcheroo
|-item|p2a: Seviper|Light Clay|[from] move: Switcheroo
|move|p1a: Ninetales|Aurora Veil|p1a: Ninetales
|-sidestart|p1: TacoTheReaper|move: Aurora Veil
|
|-weather|Snowscape|[upkeep]
|upkeep
|turn|2
|
|t:|1776031825
|switch|p1a: Brute Bonnet|Brute Bonnet|100/100
|move|p2a: Seviper|Flamethrower|p1a: Brute Bonnet
|-supereffective|p1a: Brute Bonnet
|-damage|p1a: Brute Bonnet|82/100
|
|-weather|Snowscape|[upkeep]
|upkeep
|turn|3
|
|t:|1776031839
|switch|p2a: Masquerain|Masquerain, M|100/100
|-ability|p2a: Masquerain|Intimidate|boost
|-unboost|p1a: Brute Bonnet|atk|1
|move|p1a: Brute Bonnet|Payback|p2a: Masquerain
|-damage|p2a: Masquerain|60/100
|
|-weather|Snowscape|[upkeep]
|upkeep
|turn|4
|
|t:|1776031851
|-end|p1a: Brute Bonnet|Protosynthesis|[silent]
|switch|p1a: Slowking|Slowking-Galar, M|100/100
|move|p2a: Masquerain|Quiver Dance|p2a: Masquerain
|-boost|p2a: Masquerain|spa|1
|-boost|p2a: Masquerain|spd|1
|-boost|p2a: Masquerain|spe|1
|
|-weather|Snowscape|[upkeep]
|upkeep
|turn|5
|
|t:|1776031867
|-terastallize|p2a: Masquerain|Ground
|move|p2a: Masquerain|Quiver Dance|p2a: Masquerain
|-boost|p2a: Masquerain|spa|1
|-boost|p2a: Masquerain|spd|1
|-boost|p2a: Masquerain|spe|1
|move|p1a: Slowking|Ice Beam|p2a: Masquerain
|-supereffective|p2a: Masquerain
|-damage|p2a: Masquerain|26/100
|
|-weather|none
|-sideend|p1: TacoTheReaper|move: Aurora Veil
|upkeep
|turn|6
|
|t:|1776031876
|move|p2a: Masquerain|Mud Shot|p1a: Slowking
|-supereffective|p1a: Slowking
|-damage|p1a: Slowking|27/100
|-unboost|p1a: Slowking|spe|1
|move|p1a: Slowking|Ice Beam|p2a: Masquerain
|-supereffective|p2a: Masquerain
|-damage|p2a: Masquerain|0 fnt
|faint|p2a: Masquerain
|
|upkeep
|
|t:|1776031885
|switch|p2a: Seviper|Seviper, F|100/100
|turn|7
|
|t:|1776031897
|switch|p1a: Brute Bonnet|Brute Bonnet|82/100
|move|p2a: Seviper|Earthquake|p1a: Brute Bonnet
|-resisted|p1a: Brute Bonnet
|-damage|p1a: Brute Bonnet|72/100
|
|upkeep
|turn|8
|
|t:|1776031903
|move|p2a: Seviper|Flamethrower|p1a: Brute Bonnet
|-supereffective|p1a: Brute Bonnet
|-damage|p1a: Brute Bonnet|36/100
|move|p1a: Brute Bonnet|Payback|p2a: Seviper
|-damage|p2a: Seviper|0 fnt
|faint|p2a: Seviper
|
|upkeep
|
|t:|1776031913
|switch|p2a: Eelektross|Eelektross, F|100/100
|turn|9
|
|t:|1776031918
|move|p1a: Brute Bonnet|Payback|p2a: Eelektross
|-damage|p2a: Eelektross|66/100
|move|p2a: Eelektross|U-turn|p1a: Brute Bonnet
|-supereffective|p1a: Brute Bonnet
|-damage|p1a: Brute Bonnet|0 fnt
|faint|p1a: Brute Bonnet
|-end|p1a: Brute Bonnet|Protosynthesis|[silent]
|
|t:|1776031930
|switch|p2a: Volbeat|Volbeat, M|100/100|[from] U-turn
|
|upkeep
|
|t:|1776031937
|switch|p1a: Ninetales|Ninetales-Alola, F|100/100
|-weather|Snowscape|[from] ability: Snow Warning|[of] p1a: Ninetales
|turn|10
|
|t:|1776031943
|switch|p2a: Golduck|Golduck, F|100/100
|-ability|p2a: Golduck|Cloud Nine
|move|p1a: Ninetales|Aurora Veil||[still]
|-fail|p1a: Ninetales
|
|-weather|Snowscape|[upkeep]
|upkeep
|turn|11
|
|t:|1776031951
|switch|p1a: Primarina|Primarina, F|100/100
|move|p2a: Golduck|Psychic Noise|p1a: Primarina
|-damage|p1a: Primarina|82/100
|-start|p1a: Primarina|move: Heal Block
|
|-weather|Snowscape|[upkeep]
|upkeep
|turn|12
|
|t:|1776031960
|switch|p2a: Volbeat|Volbeat, M|100/100
|move|p1a: Primarina|Calm Mind|p1a: Primarina
|-boost|p1a: Primarina|spa|1
|-boost|p1a: Primarina|spd|1
|
|-weather|Snowscape|[upkeep]
|-end|p1a: Primarina|move: Heal Block
|upkeep
|turn|13
|
|t:|1776031967
|move|p2a: Volbeat|Encore|p1a: Primarina
|-start|p1a: Primarina|Encore
|move|p1a: Primarina|Calm Mind|p1a: Primarina
|-boost|p1a: Primarina|spa|1
|-boost|p1a: Primarina|spd|1
|
|-weather|Snowscape|[upkeep]
|-heal|p1a: Primarina|88/100|[from] item: Leftovers
|upkeep
|turn|14
|
|t:|1776031974
|move|p2a: Volbeat|Light Screen|p2a: Volbeat
|-sidestart|p2: eserraba|move: Light Screen
|move|p1a: Primarina|Calm Mind|p1a: Primarina
|-boost|p1a: Primarina|spa|1
|-boost|p1a: Primarina|spd|1
|
|-weather|none
|-heal|p1a: Primarina|94/100|[from] item: Leftovers
|upkeep
|turn|15
|
|t:|1776031980
|move|p2a: Volbeat|Tailwind|p2a: Volbeat
|-sidestart|p2: eserraba|move: Tailwind
|move|p1a: Primarina|Calm Mind|p1a: Primarina
|-boost|p1a: Primarina|spa|1
|-boost|p1a: Primarina|spd|1
|
|-heal|p1a: Primarina|100/100|[from] item: Leftovers
|-end|p1a: Primarina|Encore
|upkeep
|turn|16
|
|t:|1776031987
|move|p2a: Volbeat|Encore|p1a: Primarina
|-start|p1a: Primarina|Encore
|move|p1a: Primarina|Calm Mind|p1a: Primarina
|-boost|p1a: Primarina|spa|1
|-boost|p1a: Primarina|spd|1
|
|upkeep
|turn|17
|
|t:|1776031993
|switch|p2a: Shiftry|Shiftry, F|100/100
|-ability|p2a: Shiftry|Wind Rider|boost
|-boost|p2a: Shiftry|atk|1
|move|p1a: Primarina|Calm Mind|p1a: Primarina
|-boost|p1a: Primarina|spa|1
|-boost|p1a: Primarina|spd|1
|
|upkeep
|turn|18
|
|t:|1776032001
|-terastallize|p1a: Primarina|Poison
|move|p2a: Shiftry|Leaf Blade|p1a: Primarina
|-resisted|p1a: Primarina
|-damage|p1a: Primarina|65/100
|move|p1a: Primarina|Calm Mind|p1a: Primarina
|-boost|p1a: Primarina|spa|0
|-boost|p1a: Primarina|spd|0
|
|-heal|p1a: Primarina|71/100|[from] item: Leftovers
|-end|p1a: Primarina|Encore
|-sideend|p2: eserraba|move: Light Screen
|-sideend|p2: eserraba|move: Tailwind
|upkeep
|turn|19
|
|t:|1776032015
|move|p2a: Shiftry|Sucker Punch|p1a: Primarina
|-damage|p1a: Primarina|14/100
|move|p1a: Primarina|Draining Kiss|p2a: Shiftry
|-supereffective|p2a: Shiftry
|-enditem|p2a: Shiftry|Focus Sash
|-damage|p2a: Shiftry|1/100
|-heal|p1a: Primarina|89/100|[from] drain|[of] p2a: Shiftry
|
|-heal|p1a: Primarina|95/100|[from] item: Leftovers
|upkeep
|turn|20
|
|t:|1776032026
|switch|p2a: Volbeat|Volbeat, M|100/100
|move|p1a: Primarina|Draining Kiss|p2a: Volbeat
|-damage|p2a: Volbeat|0 fnt
|-heal|p1a: Primarina|100/100|[from] drain|[of] p2a: Volbeat
|faint|p2a: Volbeat
|
|upkeep
|
|t:|1776032035
|switch|p2a: Golduck|Golduck, F|100/100
|-ability|p2a: Golduck|Cloud Nine
|turn|21
|
|t:|1776032039
|move|p2a: Golduck|Psychic Noise|p1a: Primarina
|-supereffective|p1a: Primarina
|-damage|p1a: Primarina|91/100
|-start|p1a: Primarina|move: Heal Block
|cant|p1a: Primarina|move: Heal Block|Draining Kiss
|
|upkeep
|turn|22
|
|t:|1776032046
|move|p2a: Golduck|Nasty Plot|p2a: Golduck
|-boost|p2a: Golduck|spa|2
|move|p1a: Primarina|Psychic|p2a: Golduck
|-damage|p2a: Golduck|0 fnt
|faint|p2a: Golduck
|
|-end|p1a: Primarina|move: Heal Block
|upkeep
|
|t:|1776032054
|switch|p2a: Shiftry|Shiftry, F|1/100
|turn|23
|
|t:|1776032057
|move|p2a: Shiftry|Explosion|p1a: Primarina
|-damage|p1a: Primarina|0 fnt
|faint|p2a: Shiftry
|faint|p1a: Primarina
|
|upkeep
|
|t:|1776032066
|switch|p2a: Eelektross|Eelektross, F|66/100
|switch|p1a: Whimsicott|Whimsicott, F|100/100
|turn|24
|
|t:|1776032072
|move|p1a: Whimsicott|Sunny Day|p1a: Whimsicott
|-weather|SunnyDay
|move|p2a: Eelektross|U-turn|p1a: Whimsicott
|-damage|p1a: Whimsicott|60/100
|
|-weather|SunnyDay|[upkeep]
|upkeep
|turn|25
|
|t:|1776032080
|move|p1a: Whimsicott|Encore|p2a: Eelektross
|-start|p2a: Eelektross|Encore
|move|p2a: Eelektross|U-turn|p1a: Whimsicott
|-damage|p1a: Whimsicott|22/100
|
|-weather|SunnyDay|[upkeep]
|upkeep
|turn|26
|
|t:|1776032085
|move|p1a: Whimsicott|U-turn|p2a: Eelektross
|-damage|p2a: Eelektross|55/100
|
|t:|1776032086
|switch|p1a: Slither Wing|Slither Wing, shiny|100/100|[from] U-turn
|-activate|p1a: Slither Wing|ability: Protosynthesis
|-start|p1a: Slither Wing|protosynthesisatk
|move|p2a: Eelektross|U-turn|p1a: Slither Wing
|-resisted|p1a: Slither Wing
|-damage|p1a: Slither Wing|87/100
|
|-weather|SunnyDay|[upkeep]
|upkeep
|turn|27
|
|t:|1776032095
|move|p1a: Slither Wing|First Impression|p2a: Eelektross
|-damage|p2a: Eelektross|0 fnt
|faint|p2a: Eelektross
|-damage|p1a: Slither Wing|77/100|[from] item: Life Orb
|
|win|TacoTheReaper
|raw|TacoTheReaper's rating: 1108 &rarr; <strong>1135</strong><br />(+27 for winning)
|raw|eserraba's rating: 1130 &rarr; <strong>1103</strong><br />(-27 for losing)
|l| ohko_smeargle
|l|☆TacoTheReaper
|player|p1|
|l|☆eserraba
|player|p2|
