|html|<div class="broadcast-blue"><strong>[Gen 9] OU is currently suspecting Tera Blast! For information on how to participate check out the <a href="https://www.smogon.com/tools/suspects/view/200">suspect thread</a>.</strong></div>
|j|‽chlord\
|j|☆atriwme
|t:|1776098435
|gametype|singles
|player|p1|chlord\|102|1186
|player|p2|atriwme|dawn|1188
|gen|9
|tier|[Gen 9] OU
|rated|
|rule|HP Percentage Mod: HP is shown in percentages
|rule|Endless Battle Clause: Forcing endless battles is banned
|rule|Species Clause: Limit one of each Pokémon
|rule|OHKO Clause: OHKO moves are banned
|rule|Evasion Items Clause: Evasion items are banned
|rule|Evasion Moves Clause: Evasion moves are banned
|rule|Evasion Abilities Clause: Evasion abilities are banned
|rule|Sleep Moves Clause: Sleep-inducing moves are banned
|clearpoke
|poke|p1|Hydrapple, F|
|poke|p1|Great Tusk|
|poke|p1|Iron Valiant|
|poke|p1|Kingambit, M|
|poke|p1|Zapdos|
|poke|p1|Slowking-Galar, M|
|poke|p2|Tyranitar, F|
|poke|p2|Excadrill, M|
|poke|p2|Hydrapple, F|
|poke|p2|Heatran, F|
|poke|p2|Keldeo-Resolute|
|poke|p2|Tornadus-Therian, M|
|teampreview
|inactive|Battle timer is ON: inactive players will automatically lose when time's up. (requested by atriwme)
|
|t:|1776098452
|teamsize|p1|6
|teamsize|p2|6
|start
|switch|p1a: Slowking|Slowking-Galar, M|100/100
|switch|p2a: Keldeo|Keldeo-Resolute|100/100
|turn|1
|
|t:|1776098456
|move|p2a: Keldeo|Flip Turn|p1a: Slowking
|-damage|p1a: Slowking|85/100
|
|t:|1776098459
|switch|p2a: Tyranitar|Tyranitar, F, shiny|100/100|[from] Flip Turn
|-weather|Sandstorm|[from] ability: Sand Stream|[of] p2a: Tyranitar
|move|p1a: Slowking|Thunder Wave|p2a: Tyranitar
|-status|p2a: Tyranitar|par
|
|-weather|Sandstorm|[upkeep]
|-damage|p1a: Slowking|79/100|[from] Sandstorm
|upkeep
|turn|2
|
|t:|1776098475
|move|p2a: Tyranitar|Ice Punch|p1a: Slowking
|-damage|p1a: Slowking|33/100
|-prepare|p1a: Slowking|Chilly Reception|[premajor]
|move|p1a: Slowking|Chilly Reception|p1a: Slowking
|-weather|Snowscape
|
|t:|1776098483
|switch|p1a: Iron Valiant|Iron Valiant|100/100|[from] Chilly Reception
|
|-weather|Snowscape|[upkeep]
|upkeep
|turn|3
|
|t:|1776098497
|switch|p2a: Tornadus|Tornadus-Therian, M|100/100
|move|p1a: Iron Valiant|Close Combat|p2a: Tornadus
|-resisted|p2a: Tornadus
|-damage|p2a: Tornadus|69/100
|-unboost|p1a: Iron Valiant|def|1
|-unboost|p1a: Iron Valiant|spd|1
|
|-weather|Snowscape|[upkeep]
|upkeep
|turn|4
|
|t:|1776098517
|-end|p1a: Iron Valiant|Quark Drive|[silent]
|switch|p1a: Slowking|Slowking-Galar, M|66/100
|move|p2a: Tornadus|U-turn|p1a: Slowking
|-damage|p1a: Slowking|52/100
|
|t:|1776098523
|switch|p2a: Tyranitar|Tyranitar, F, shiny|100/100 par|[from] U-turn
|-weather|Sandstorm|[from] ability: Sand Stream|[of] p2a: Tyranitar
|
|-weather|Sandstorm|[upkeep]
|-damage|p1a: Slowking|46/100|[from] Sandstorm
|upkeep
|turn|5
|
|t:|1776098530
|move|p2a: Tyranitar|Knock Off|p1a: Slowking
|-supereffective|p1a: Slowking
|-damage|p1a: Slowking|0 fnt
|-enditem|p1a: Slowking|Heavy-Duty Boots|[from] move: Knock Off|[of] p2a: Tyranitar
|faint|p1a: Slowking
|
|-weather|Sandstorm|[upkeep]
|upkeep
|
|t:|1776098537
|switch|p1a: Hydrapple|Hydrapple, F|100/100
|turn|6
|
|t:|1776098554
|move|p1a: Hydrapple|Infestation|p2a: Tyranitar
|-supereffective|p2a: Tyranitar
|-damage|p2a: Tyranitar|94/100 par
|-activate|p2a: Tyranitar|move: Infestation|[of] p1a: Hydrapple
|cant|p2a: Tyranitar|par
|
|-weather|Sandstorm|[upkeep]
|-damage|p1a: Hydrapple|94/100|[from] Sandstorm
|-damage|p2a: Tyranitar|82/100 par|[from] move: Infestation|[partiallytrapped]
|upkeep
|turn|7
|
|t:|1776098560
|switch|p1a: Iron Valiant|Iron Valiant|100/100
|move|p2a: Tyranitar|Knock Off|p1a: Iron Valiant
|-resisted|p1a: Iron Valiant
|-damage|p1a: Iron Valiant|75/100
|-enditem|p1a: Iron Valiant|Choice Scarf|[from] move: Knock Off|[of] p2a: Tyranitar
|
|-weather|Sandstorm|[upkeep]
|-damage|p1a: Iron Valiant|69/100|[from] Sandstorm
|-end|p2a: Tyranitar|Infestation|[partiallytrapped]|[silent]
|upkeep
|turn|8
|
|t:|1776098568
|switch|p2a: Tornadus|Tornadus-Therian, M|100/100
|move|p1a: Iron Valiant|Close Combat|p2a: Tornadus
|-resisted|p2a: Tornadus
|-damage|p2a: Tornadus|70/100
|-unboost|p1a: Iron Valiant|def|1
|-unboost|p1a: Iron Valiant|spd|1
|
|-weather|none
|upkeep
|turn|9
|
|t:|1776098573
|move|p2a: Tornadus|Taunt|p1a: Iron Valiant
|-start|p1a: Iron Valiant|move: Taunt
|move|p1a: Iron Valiant|Close Combat|p2a: Tornadus
|-resisted|p2a: Tornadus
|-crit|p2a: Tornadus
|-damage|p2a: Tornadus|21/100
|-unboost|p1a: Iron Valiant|def|1
|-unboost|p1a: Iron Valiant|spd|1
|
|upkeep
|turn|10
|
|t:|1776098581
|-end|p1a: Iron Valiant|Quark Drive|[silent]
|switch|p1a: Hydrapple|Hydrapple, F|100/100
|move|p2a: Tornadus|Bleakwind Storm|p1a: Hydrapple
|-supereffective|p1a: Hydrapple
|-damage|p1a: Hydrapple|64/100
|-unboost|p1a: Hydrapple|spe|1
|
|upkeep
|turn|11
|
|t:|1776098586
|move|p2a: Tornadus|U-turn|p1a: Hydrapple
|-supereffective|p1a: Hydrapple
|-damage|p1a: Hydrapple|44/100
|
|t:|1776098592
|switch|p2a: Heatran|Heatran, F|100/100|[from] U-turn
|move|p1a: Hydrapple|Fickle Beam|p2a: Heatran
|-resisted|p2a: Heatran
|-damage|p2a: Heatran|90/100
|
|-heal|p2a: Heatran|96/100|[from] item: Leftovers
|upkeep
|turn|12
|
|t:|1776098601
|-terastallize|p1a: Hydrapple|Fairy
|move|p2a: Heatran|Stealth Rock|p1a: Hydrapple
|-sidestart|p1: chlord\|move: Stealth Rock
|move|p1a: Hydrapple|Earth Power|p2a: Heatran
|-supereffective|p2a: Heatran
|-damage|p2a: Heatran|33/100
|-unboost|p2a: Heatran|spd|1
|
|-heal|p2a: Heatran|39/100|[from] item: Leftovers
|upkeep
|turn|13
|
|t:|1776098622
|move|p2a: Heatran|Flash Cannon|p1a: Hydrapple
|-supereffective|p1a: Hydrapple
|-damage|p1a: Hydrapple|11/100
|move|p1a: Hydrapple|Earth Power|p2a: Heatran
|-supereffective|p2a: Heatran
|-damage|p2a: Heatran|0 fnt
|faint|p2a: Heatran
|
|upkeep
|
|t:|1776098636
|switch|p2a: Tyranitar|Tyranitar, F, shiny|82/100 par
|-weather|Sandstorm|[from] ability: Sand Stream|[of] p2a: Tyranitar
|turn|14
|
|t:|1776098644
|move|p1a: Hydrapple|Giga Drain|p2a: Tyranitar
|-supereffective|p2a: Tyranitar
|-damage|p2a: Tyranitar|46/100 par
|-heal|p1a: Hydrapple|28/100|[from] drain|[of] p2a: Tyranitar
|move|p2a: Tyranitar|Ice Punch|p1a: Hydrapple
|-damage|p1a: Hydrapple|0 fnt
|faint|p1a: Hydrapple
|
|-weather|Sandstorm|[upkeep]
|upkeep
|
|t:|1776098656
|switch|p1a: Iron Valiant|Iron Valiant|69/100
|-damage|p1a: Iron Valiant|62/100|[from] Stealth Rock
|turn|15
|
|t:|1776098665
|switch|p2a: Tornadus|Tornadus-Therian, M|55/100
|move|p1a: Iron Valiant|Close Combat|p2a: Tornadus
|-resisted|p2a: Tornadus
|-damage|p2a: Tornadus|19/100
|-unboost|p1a: Iron Valiant|def|1
|-unboost|p1a: Iron Valiant|spd|1
|
|-weather|Sandstorm|[upkeep]
|-damage|p2a: Tornadus|13/100|[from] Sandstorm
|-damage|p1a: Iron Valiant|56/100|[from] Sandstorm
|upkeep
|turn|16
|
|t:|1776098670
|move|p2a: Tornadus|Bleakwind Storm|p1a: Iron Valiant
|-supereffective|p1a: Iron Valiant
|-damage|p1a: Iron Valiant|0 fnt
|faint|p1a: Iron Valiant
|-end|p1a: Iron Valiant|Quark Drive|[silent]
|
|-weather|Sandstorm|[upkeep]
|-damage|p2a: Tornadus|7/100|[from] Sandstorm
|upkeep
|
|t:|1776098691
|switch|p1a: Zapdos|Zapdos|100/100
|turn|17
|
|t:|1776098699
|switch|p2a: Hydrapple|Hydrapple, F|100/100
|move|p1a: Zapdos|U-turn|p2a: Hydrapple
|-supereffective|p2a: Hydrapple
|-damage|p2a: Hydrapple|87/100
|-damage|p1a: Zapdos|84/100|[from] item: Rocky Helmet|[of] p2a: Hydrapple
|
|t:|1776098703
|switch|p1a: Kingambit|Kingambit, M|100/100|[from] U-turn
|-damage|p1a: Kingambit|94/100|[from] Stealth Rock
|-activate|p1a: Kingambit|ability: Supreme Overlord
|-start|p1a: Kingambit|fallen3|[silent]
|
|-weather|Sandstorm|[upkeep]
|-damage|p2a: Hydrapple|80/100|[from] Sandstorm
|-heal|p1a: Kingambit|100/100|[from] item: Leftovers
|upkeep
|turn|18
|
|t:|1776098711
|move|p1a: Kingambit|Swords Dance|p1a: Kingambit
|-boost|p1a: Kingambit|atk|2
|move|p2a: Hydrapple|Earth Power|p1a: Kingambit
|-supereffective|p1a: Kingambit
|-damage|p1a: Kingambit|47/100
|
|-weather|none
|-heal|p1a: Kingambit|53/100|[from] item: Leftovers
|upkeep
|turn|19
|
|t:|1776098721
|move|p1a: Kingambit|Kowtow Cleave|p2a: Hydrapple
|-damage|p2a: Hydrapple|9/100
|-damage|p1a: Kingambit|36/100|[from] item: Rocky Helmet|[of] p2a: Hydrapple
|move|p2a: Hydrapple|Earth Power|p1a: Kingambit
|-supereffective|p1a: Kingambit
|-damage|p1a: Kingambit|0 fnt
|faint|p1a: Kingambit
|-end|p1a: Kingambit|fallen3|[silent]
|
|upkeep
|
|t:|1776098723
|switch|p1a: Great Tusk|Great Tusk|100/100
|turn|20
|
|t:|1776098734
|switch|p2a: Tyranitar|Tyranitar, F, shiny|46/100 par
|-weather|Sandstorm|[from] ability: Sand Stream|[of] p2a: Tyranitar
|move|p1a: Great Tusk|Rapid Spin|p2a: Tyranitar
|-resisted|p2a: Tyranitar
|-damage|p2a: Tyranitar|40/100 par
|-boost|p1a: Great Tusk|spe|1
|-sideend|p1: chlord\|Stealth Rock|[from] move: Rapid Spin|[of] p1a: Great Tusk
|
|-weather|Sandstorm|[upkeep]
|upkeep
|turn|21
|
|t:|1776098743
|move|p1a: Great Tusk|Headlong Rush|p2a: Tyranitar
|-supereffective|p2a: Tyranitar
|-crit|p2a: Tyranitar
|-damage|p2a: Tyranitar|0 fnt
|-unboost|p1a: Great Tusk|def|1
|-unboost|p1a: Great Tusk|spd|1
|faint|p2a: Tyranitar
|
|-weather|Sandstorm|[upkeep]
|upkeep
|
|t:|1776098747
|switch|p2a: Excadrill|Excadrill, M, shiny|100/100
|-item|p2a: Excadrill|Air Balloon
|turn|22
|
|t:|1776098753
|-terastallize|p2a: Excadrill|Ghost
|move|p2a: Excadrill|Swords Dance|p2a: Excadrill
|-boost|p2a: Excadrill|atk|2
|move|p1a: Great Tusk|Close Combat|p2a: Excadrill
|-immune|p2a: Excadrill
|
|-weather|Sandstorm|[upkeep]
|upkeep
|turn|23
|
|t:|1776098766
|move|p2a: Excadrill|Earthquake|p1a: Great Tusk
|-damage|p1a: Great Tusk|0 fnt
|faint|p1a: Great Tusk
|-end|p1a: Great Tusk|Protosynthesis|[silent]
|
|-weather|Sandstorm|[upkeep]
|upkeep
|
|t:|1776098768
|switch|p1a: Zapdos|Zapdos|84/100
|turn|24
|
|t:|1776098774
|move|p2a: Excadrill|Iron Head|p1a: Zapdos
|-resisted|p1a: Zapdos
|-damage|p1a: Zapdos|41/100
|move|p1a: Zapdos|Hurricane|p2a: Excadrill
|-damage|p2a: Excadrill|35/100
|-enditem|p2a: Excadrill|Air Balloon
|
|-weather|none
|upkeep
|turn|25
|inactive|chlord\ has 120 seconds left.
|
|t:|1776098822
|move|p1a: Zapdos|Roost|p1a: Zapdos
|-heal|p1a: Zapdos|92/100
|-singleturn|p1a: Zapdos|move: Roost
|move|p2a: Excadrill|Iron Head|p1a: Zapdos
|-resisted|p1a: Zapdos
|-damage|p1a: Zapdos|49/100
|
|upkeep
|turn|26
|
|t:|1776098831
|move|p1a: Zapdos|Discharge|p2a: Excadrill
|-damage|p2a: Excadrill|0 fnt
|faint|p2a: Excadrill
|
|upkeep
|
|t:|1776098836
|switch|p2a: Hydrapple|Hydrapple, F|43/100
|turn|27
|
|t:|1776098843
|switch|p2a: Tornadus|Tornadus-Therian, M|40/100
|move|p1a: Zapdos|Roost|p1a: Zapdos
|-heal|p1a: Zapdos|99/100
|-singleturn|p1a: Zapdos|move: Roost
|
|upkeep
|turn|28
|
|t:|1776098847
|move|p2a: Tornadus|Taunt|p1a: Zapdos
|-start|p1a: Zapdos|move: Taunt
|move|p1a: Zapdos|Discharge|p2a: Tornadus
|-supereffective|p2a: Tornadus
|-damage|p2a: Tornadus|0 fnt
|faint|p2a: Tornadus
|
|upkeep
|
|t:|1776098850
|switch|p2a: Hydrapple|Hydrapple, F|76/100
|turn|29
|
|t:|1776098854
|move|p1a: Zapdos|Hurricane|p2a: Hydrapple
|-supereffective|p2a: Hydrapple
|-damage|p2a: Hydrapple|0 fnt
|faint|p2a: Hydrapple
|
|upkeep
|
|t:|1776098857
|switch|p2a: Keldeo|Keldeo-Resolute|100/100
|turn|30
|
|t:|1776098861
|move|p1a: Zapdos|Hurricane|p2a: Keldeo
|-supereffective|p2a: Keldeo
|-crit|p2a: Keldeo
|-damage|p2a: Keldeo|0 fnt
|faint|p2a: Keldeo
|
|win|chlord\
|raw|chlord\'s rating: 1186 &rarr; <strong>1211</strong><br />(+25 for winning)
|raw|atriwme's rating: 1188 &rarr; <strong>1163</strong><br />(-25 for losing)
