|html|<div class="broadcast-blue"><strong>[Gen 9] OU is currently suspecting Tera Blast! For information on how to participate check out the <a href="https://www.smogon.com/tools/suspects/view/200">suspect thread</a>.</strong></div>
|j|☆AC_Shade
|j|☆P1k7
|t:|1776100089
|gametype|singles
|player|p1|AC_Shade|nobunaga-conquest|1567
|player|p2|P1k7|266|1514
|gen|9
|tier|[Gen 9] OU
|rated|
|rule|HP Percentage Mod: HP is shown in percentages
|rule|Endless Battle Clause: Forcing endless battles is banned
|rule|Species Clause: Limit one of each Pokémon
|rule|OHKO Clause: OHKO moves are banned
|rule|Evasion Items Clause: Evasion items are banned
|rule|Evasion Moves Clause: Evasion moves are banned
|rule|Evasion Abilities Clause: Evasion abilities are banned
|rule|Sleep Moves Clause: Sleep-inducing moves are banned
|clearpoke
|poke|p1|Entei|
|poke|p1|Hatterene, F|
|poke|p1|Tornadus-Therian, M|
|poke|p1|Great Tusk|
|poke|p1|Dragonite, M|
|poke|p1|Kingambit, M|
|poke|p2|Darkrai|
|poke|p2|Raging Bolt|
|poke|p2|Great Tusk|
|poke|p2|Pecharunt|
|poke|p2|Moltres|
|poke|p2|Garganacl, M|
|teampreview
|inactive|Battle timer is ON: inactive players will automatically lose when time's up. (requested by P1k7)
|
|t:|1776100114
|teamsize|p1|6
|teamsize|p2|6
|start
|switch|p1a: Tornadus|Tornadus-Therian, M|100/100
|switch|p2a: Garganacl|Garganacl, M|100/100
|turn|1
|
|t:|1776100125
|switch|p2a: Raging Bolt|Raging Bolt|100/100
|move|p1a: Tornadus|Knock Off|p2a: Raging Bolt
|-damage|p2a: Raging Bolt|81/100
|-enditem|p2a: Raging Bolt|Assault Vest|[from] move: Knock Off|[of] p1a: Tornadus
|
|upkeep
|turn|2
|
|t:|1776100131
|move|p1a: Tornadus|U-turn|p2a: Raging Bolt
|-damage|p2a: Raging Bolt|67/100
|
|t:|1776100133
|switch|p1a: Hatterene|Hatterene, F|100/100|[from] U-turn
|move|p2a: Raging Bolt|Dragon Pulse|p1a: Hatterene
|-immune|p1a: Hatterene
|
|upkeep
|turn|3
|
|t:|1776100136
|move|p2a: Raging Bolt|Volt Switch|p1a: Hatterene
|-damage|p1a: Hatterene|57/100
|
|t:|1776100146
|-end|p2a: Raging Bolt|Protosynthesis|[silent]
|switch|p2a: Garganacl|Garganacl, M|100/100|[from] Volt Switch
|move|p1a: Hatterene|Draining Kiss|p2a: Garganacl
|-damage|p2a: Garganacl|79/100
|-heal|p1a: Hatterene|78/100|[from] drain|[of] p2a: Garganacl
|
|-heal|p2a: Garganacl|85/100|[from] item: Leftovers
|upkeep
|turn|4
|
|t:|1776100152
|move|p1a: Hatterene|Future Sight|p2a: Garganacl
|-start|p1a: Hatterene|move: Future Sight
|move|p2a: Garganacl|Salt Cure|p1a: Hatterene
|-damage|p1a: Hatterene|67/100
|
|-heal|p2a: Garganacl|91/100|[from] item: Leftovers
|upkeep
|turn|5
|
|t:|1776100164
|move|p1a: Hatterene|Draining Kiss|p2a: Garganacl
|-damage|p2a: Garganacl|72/100
|-heal|p1a: Hatterene|85/100|[from] drain|[of] p2a: Garganacl
|move|p2a: Garganacl|Salt Cure|p1a: Hatterene
|-damage|p1a: Hatterene|75/100
|
|-heal|p2a: Garganacl|78/100|[from] item: Leftovers
|upkeep
|turn|6
|
|t:|1776100168
|move|p1a: Hatterene|Psychic Noise|p2a: Garganacl
|-damage|p2a: Garganacl|48/100
|-start|p2a: Garganacl|move: Heal Block
|move|p2a: Garganacl|Salt Cure|p1a: Hatterene
|-damage|p1a: Hatterene|64/100
|
|-end|p2a: Garganacl|move: Future Sight
|-damage|p2a: Garganacl|2/100
|upkeep
|turn|7
|
|t:|1776100176
|move|p2a: Garganacl|Protect|p2a: Garganacl
|-singleturn|p2a: Garganacl|Protect
|move|p1a: Hatterene|Draining Kiss|p2a: Garganacl
|-activate|p2a: Garganacl|move: Protect
|
|-end|p2a: Garganacl|move: Heal Block
|upkeep
|turn|8
|
|t:|1776100184
|switch|p2a: Moltres|Moltres|100/100
|move|p1a: Hatterene|Draining Kiss|p2a: Moltres
|-resisted|p2a: Moltres
|-damage|p2a: Moltres|92/100
|-heal|p1a: Hatterene|72/100|[from] drain|[of] p2a: Moltres
|
|upkeep
|turn|9
|
|t:|1776100195
|switch|p1a: Entei|Entei|100/100
|move|p2a: Moltres|Roar|p1a: Entei
|drag|p1a: Great Tusk|Great Tusk|100/100
|
|upkeep
|turn|10
|
|t:|1776100201
|-end|p1a: Great Tusk|Protosynthesis|[silent]
|switch|p1a: Entei|Entei|100/100
|move|p2a: Moltres|Roar|p1a: Entei
|drag|p1a: Hatterene|Hatterene, F|72/100
|
|upkeep
|turn|11
|
|t:|1776100204
|switch|p1a: Entei|Entei|100/100
|move|p2a: Moltres|Roar|p1a: Entei
|drag|p1a: Kingambit|Kingambit, M|100/100
|
|upkeep
|turn|12
|
|t:|1776100208
|-end|p1a: Kingambit|fallenundefined|[silent]
|switch|p1a: Entei|Entei|100/100
|move|p2a: Moltres|U-turn|p1a: Entei
|-resisted|p1a: Entei
|-damage|p1a: Entei|92/100
|
|t:|1776100217
|switch|p2a: Darkrai|Darkrai|100/100|[from] U-turn
|
|upkeep
|turn|13
|
|t:|1776100237
|-terastallize|p2a: Darkrai|Dark
|move|p2a: Darkrai|Dark Pulse|p1a: Entei
|-damage|p1a: Entei|0 fnt
|faint|p1a: Entei
|
|upkeep
|
|t:|1776100245
|switch|p1a: Tornadus|Tornadus-Therian, M|100/100
|turn|14
|
|t:|1776100249
|switch|p2a: Garganacl|Garganacl, M|2/100
|move|p1a: Tornadus|U-turn|p2a: Garganacl
|-damage|p2a: Garganacl|0 fnt
|faint|p2a: Garganacl
|
|t:|1776100254
|switch|p1a: Great Tusk|Great Tusk|100/100|[from] U-turn
|
|upkeep
|
|t:|1776100260
|switch|p2a: Moltres|Moltres|92/100
|turn|15
|
|t:|1776100265
|-end|p1a: Great Tusk|Protosynthesis|[silent]
|switch|p1a: Tornadus|Tornadus-Therian, M|100/100
|move|p2a: Moltres|U-turn|p1a: Tornadus
|-resisted|p1a: Tornadus
|-damage|p1a: Tornadus|91/100
|
|t:|1776100268
|switch|p2a: Raging Bolt|Raging Bolt|67/100|[from] U-turn
|
|upkeep
|turn|16
|
|t:|1776100275
|move|p1a: Tornadus|U-turn|p2a: Raging Bolt
|-damage|p2a: Raging Bolt|54/100
|
|t:|1776100277
|switch|p1a: Great Tusk|Great Tusk|100/100|[from] U-turn
|move|p2a: Raging Bolt|Volt Switch|p1a: Great Tusk
|-immune|p1a: Great Tusk
|
|upkeep
|turn|17
|
|t:|1776100282
|-end|p2a: Raging Bolt|Protosynthesis|[silent]
|switch|p2a: Moltres|Moltres|92/100
|move|p1a: Great Tusk|Stealth Rock|p2a: Moltres
|-sidestart|p2: P1k7|move: Stealth Rock
|
|upkeep
|turn|18
|
|t:|1776100288
|-end|p1a: Great Tusk|Protosynthesis|[silent]
|switch|p1a: Tornadus|Tornadus-Therian, M|100/100
|move|p2a: Moltres|Flamethrower|p1a: Tornadus
|-damage|p1a: Tornadus|77/100
|
|upkeep
|turn|19
|
|t:|1776100293
|switch|p2a: Raging Bolt|Raging Bolt|54/100
|-damage|p2a: Raging Bolt|42/100|[from] Stealth Rock
|move|p1a: Tornadus|Bleakwind Storm|p2a: Raging Bolt
|-resisted|p2a: Raging Bolt
|-damage|p2a: Raging Bolt|26/100
|
|upkeep
|turn|20
|
|t:|1776100299
|move|p2a: Raging Bolt|Thunderclap|p1a: Tornadus
|-supereffective|p1a: Tornadus
|-damage|p1a: Tornadus|24/100
|move|p1a: Tornadus|U-turn|p2a: Raging Bolt
|-damage|p2a: Raging Bolt|11/100
|
|t:|1776100302
|switch|p1a: Great Tusk|Great Tusk|100/100|[from] U-turn
|
|upkeep
|turn|21
|
|t:|1776100310
|move|p1a: Great Tusk|Headlong Rush|p2a: Raging Bolt
|-supereffective|p2a: Raging Bolt
|-damage|p2a: Raging Bolt|0 fnt
|-unboost|p1a: Great Tusk|def|1
|-unboost|p1a: Great Tusk|spd|1
|faint|p2a: Raging Bolt
|-end|p2a: Raging Bolt|Protosynthesis|[silent]
|
|upkeep
|
|t:|1776100317
|switch|p2a: Darkrai|Darkrai, tera:Dark|100/100
|-damage|p2a: Darkrai|88/100|[from] Stealth Rock
|turn|22
|inactive|P1k7 has 120 seconds left.
|
|t:|1776100349
|-end|p1a: Great Tusk|Protosynthesis|[silent]
|switch|p1a: Kingambit|Kingambit, M|100/100
|-activate|p1a: Kingambit|ability: Supreme Overlord
|-start|p1a: Kingambit|fallen1|[silent]
|move|p2a: Darkrai|Dark Pulse|p1a: Kingambit
|-resisted|p1a: Kingambit
|-damage|p1a: Kingambit|56/100
|
|-heal|p1a: Kingambit|62/100|[from] item: Leftovers
|upkeep
|turn|23
|
|t:|1776100359
|switch|p2a: Great Tusk|Great Tusk|100/100
|-end|p1a: Kingambit|fallen1|[silent]
|switch|p1a: Tornadus|Tornadus-Therian, M|57/100
|
|upkeep
|turn|24
|
|t:|1776100366
|-end|p2a: Great Tusk|Protosynthesis|[silent]
|switch|p2a: Moltres|Moltres|92/100
|move|p1a: Tornadus|Bleakwind Storm|p2a: Moltres
|-damage|p2a: Moltres|63/100
|-unboost|p2a: Moltres|spe|1
|
|upkeep
|turn|25
|
|t:|1776100384
|move|p1a: Tornadus|Knock Off|p2a: Moltres
|-damage|p2a: Moltres|39/100
|-enditem|p2a: Moltres|Heavy-Duty Boots|[from] move: Knock Off|[of] p1a: Tornadus
|move|p2a: Moltres|Roost|p2a: Moltres
|-heal|p2a: Moltres|89/100
|-singleturn|p2a: Moltres|move: Roost
|
|upkeep
|turn|26
|
|t:|1776100391
|move|p1a: Tornadus|Bleakwind Storm|p2a: Moltres
|-damage|p2a: Moltres|63/100
|move|p2a: Moltres|U-turn|p1a: Tornadus
|-resisted|p1a: Tornadus
|-damage|p1a: Tornadus|48/100
|
|t:|1776100393
|switch|p2a: Darkrai|Darkrai, tera:Dark|88/100|[from] U-turn
|-damage|p2a: Darkrai|76/100|[from] Stealth Rock
|
|upkeep
|turn|27
|
|t:|1776100401
|switch|p1a: Kingambit|Kingambit, M|62/100
|-activate|p1a: Kingambit|ability: Supreme Overlord
|-start|p1a: Kingambit|fallen1|[silent]
|move|p2a: Darkrai|Dark Pulse|p1a: Kingambit
|-resisted|p1a: Kingambit
|-damage|p1a: Kingambit|16/100
|
|-heal|p1a: Kingambit|22/100|[from] item: Leftovers
|upkeep
|turn|28
|
|t:|1776100412
|switch|p2a: Great Tusk|Great Tusk|100/100
|move|p1a: Kingambit|Sucker Punch||[still]
|-fail|p1a: Kingambit
|
|-heal|p1a: Kingambit|28/100|[from] item: Leftovers
|upkeep
|turn|29
|
|t:|1776100416
|-end|p1a: Kingambit|fallen1|[silent]
|switch|p1a: Hatterene|Hatterene, F|72/100
|move|p2a: Great Tusk|Rapid Spin|p1a: Hatterene
|-damage|p1a: Hatterene|58/100
|-boost|p2a: Great Tusk|spe|1
|-sideend|p2: P1k7|Stealth Rock|[from] move: Rapid Spin|[of] p2a: Great Tusk
|
|upkeep
|turn|30
|
|t:|1776100425
|-end|p2a: Great Tusk|Protosynthesis|[silent]
|switch|p2a: Moltres|Moltres|63/100
|move|p1a: Hatterene|Future Sight|p2a: Moltres
|-start|p1a: Hatterene|move: Future Sight
|
|upkeep
|turn|31
|
|t:|1776100433
|switch|p1a: Tornadus|Tornadus-Therian, M|81/100
|move|p2a: Moltres|Roost|p2a: Moltres
|-heal|p2a: Moltres|100/100
|-singleturn|p2a: Moltres|move: Roost
|
|upkeep
|turn|32
|
|t:|1776100437
|move|p1a: Tornadus|Bleakwind Storm|p2a: Moltres|[miss]
|-miss|p1a: Tornadus|p2a: Moltres
|move|p2a: Moltres|U-turn|p1a: Tornadus
|-resisted|p1a: Tornadus
|-damage|p1a: Tornadus|72/100
|
|t:|1776100439
|switch|p2a: Darkrai|Darkrai, tera:Dark|76/100|[from] U-turn
|
|-end|p2a: Darkrai|move: Future Sight
|-immune|p2a: Darkrai
|upkeep
|turn|33
|
|t:|1776100467
|switch|p2a: Moltres|Moltres|100/100
|move|p1a: Tornadus|U-turn|p2a: Moltres
|-resisted|p2a: Moltres
|-damage|p2a: Moltres|97/100
|-status|p1a: Tornadus|brn|[from] ability: Flame Body|[of] p2a: Moltres
|
|t:|1776100471
|switch|p1a: Great Tusk|Great Tusk|100/100|[from] U-turn
|
|upkeep
|turn|34
|
|t:|1776100479
|move|p1a: Great Tusk|Stealth Rock|p2a: Moltres
|-sidestart|p2: P1k7|move: Stealth Rock
|move|p2a: Moltres|Flamethrower|p1a: Great Tusk
|-damage|p1a: Great Tusk|56/100
|
|upkeep
|turn|35
|
|t:|1776100483
|-end|p1a: Great Tusk|Protosynthesis|[silent]
|switch|p1a: Tornadus|Tornadus-Therian, M|100/100 brn
|move|p2a: Moltres|Flamethrower|p1a: Tornadus
|-damage|p1a: Tornadus|74/100 brn
|
|-damage|p1a: Tornadus|68/100 brn|[from] brn
|upkeep
|turn|36
|
|t:|1776100490
|move|p1a: Tornadus|Bleakwind Storm|p2a: Moltres
|-damage|p2a: Moltres|67/100
|move|p2a: Moltres|Roar|p1a: Tornadus
|drag|p1a: Great Tusk|Great Tusk|56/100
|
|upkeep
|turn|37
|
|t:|1776100495
|-end|p1a: Great Tusk|Protosynthesis|[silent]
|switch|p1a: Hatterene|Hatterene, F|58/100
|move|p2a: Moltres|Roost|p2a: Moltres
|-heal|p2a: Moltres|100/100
|-singleturn|p2a: Moltres|move: Roost
|
|upkeep
|turn|38
|
|t:|1776100499
|move|p1a: Hatterene|Pain Split|p2a: Moltres
|-sethp|p2a: Moltres|74/100|[from] move: Pain Split|[silent]
|-sethp|p1a: Hatterene|91/100|[from] move: Pain Split
|move|p2a: Moltres|Roar|p1a: Hatterene
|move|p1a: Hatterene|Roar|p2a: Moltres|[from] ability: Magic Bounce
|drag|p2a: Great Tusk|Great Tusk|100/100
|
|upkeep
|turn|39
|
|t:|1776100510
|move|p2a: Great Tusk|Rapid Spin|p1a: Hatterene
|-damage|p1a: Hatterene|76/100
|-boost|p2a: Great Tusk|spe|1
|-sideend|p2: P1k7|Stealth Rock|[from] move: Rapid Spin|[of] p2a: Great Tusk
|move|p1a: Hatterene|Psychic Noise|p2a: Great Tusk
|-supereffective|p2a: Great Tusk
|-damage|p2a: Great Tusk|0 fnt
|faint|p2a: Great Tusk
|-end|p2a: Great Tusk|Protosynthesis|[silent]
|
|upkeep
|
|t:|1776100514
|switch|p2a: Darkrai|Darkrai, tera:Dark|76/100
|turn|40
|
|t:|1776100522
|switch|p1a: Kingambit|Kingambit, M|28/100
|-activate|p1a: Kingambit|ability: Supreme Overlord
|-start|p1a: Kingambit|fallen1|[silent]
|move|p2a: Darkrai|Dark Pulse|p1a: Kingambit
|-resisted|p1a: Kingambit
|-damage|p1a: Kingambit|0 fnt
|faint|p1a: Kingambit
|-end|p1a: Kingambit|fallen1|[silent]
|
|upkeep
|
|t:|1776100525
|switch|p1a: Tornadus|Tornadus-Therian, M|100/100 brn
|turn|41
|
|t:|1776100545
|move|p2a: Darkrai|Dark Pulse|p1a: Tornadus
|-damage|p1a: Tornadus|42/100 brn
|move|p1a: Tornadus|U-turn|p2a: Darkrai
|-supereffective|p2a: Darkrai
|-damage|p2a: Darkrai|57/100
|
|t:|1776100557
|switch|p1a: Great Tusk|Great Tusk|56/100|[from] U-turn
|
|upkeep
|turn|42
|
|t:|1776100570
|move|p2a: Darkrai|Dark Pulse|p1a: Great Tusk
|-resisted|p1a: Great Tusk
|-damage|p1a: Great Tusk|0 fnt
|faint|p1a: Great Tusk
|-end|p1a: Great Tusk|Protosynthesis|[silent]
|
|upkeep
|
|t:|1776100595
|switch|p1a: Tornadus|Tornadus-Therian, M|75/100 brn
|turn|43
|
|t:|1776100598
|move|p2a: Darkrai|Dark Pulse|p1a: Tornadus
|-damage|p1a: Tornadus|11/100 brn
|move|p1a: Tornadus|Bleakwind Storm|p2a: Darkrai
|-damage|p2a: Darkrai|8/100
|
|-damage|p1a: Tornadus|5/100 brn|[from] brn
|upkeep
|turn|44
|
|t:|1776100605
|move|p2a: Darkrai|Dark Pulse|p1a: Tornadus
|-damage|p1a: Tornadus|0 fnt
|faint|p1a: Tornadus
|
|upkeep
|
|t:|1776100607
|switch|p1a: Dragonite|Dragonite, M|100/100
|turn|45
|
|t:|1776100609
|switch|p2a: Moltres|Moltres|74/100
|move|p1a: Dragonite|Dragon Dance|p1a: Dragonite
|-boost|p1a: Dragonite|atk|1
|-boost|p1a: Dragonite|spe|1
|
|upkeep
|turn|46
|
|t:|1776100616
|move|p1a: Dragonite|Dragon Dance|p1a: Dragonite
|-boost|p1a: Dragonite|atk|1
|-boost|p1a: Dragonite|spe|1
|move|p2a: Moltres|Roar|p1a: Dragonite
|drag|p1a: Hatterene|Hatterene, F|76/100
|
|upkeep
|turn|47
|
|t:|1776100627
|move|p1a: Hatterene|Future Sight|p2a: Moltres
|-start|p1a: Hatterene|move: Future Sight
|move|p2a: Moltres|Roar|p1a: Hatterene
|move|p1a: Hatterene|Roar|p2a: Moltres|[from] ability: Magic Bounce
|drag|p2a: Darkrai|Darkrai, tera:Dark|8/100
|
|upkeep
|turn|48
|
|t:|1776100633
|move|p2a: Darkrai|Dark Pulse|p1a: Hatterene
|-damage|p1a: Hatterene|0 fnt
|faint|p1a: Hatterene
|
|upkeep
|
|t:|1776100634
|switch|p1a: Dragonite|Dragonite, M|100/100
|turn|49
|
|t:|1776100636
|move|p2a: Darkrai|Dark Pulse|p1a: Dragonite
|-damage|p1a: Dragonite|59/100
|move|p1a: Dragonite|Dragon Dance|p1a: Dragonite
|-boost|p1a: Dragonite|atk|1
|-boost|p1a: Dragonite|spe|1
|
|-end|p2a: Darkrai|move: Future Sight
|-immune|p2a: Darkrai
|-heal|p1a: Dragonite|65/100|[from] item: Leftovers
|upkeep
|turn|50
|
|t:|1776100641
|move|p1a: Dragonite|Earthquake|p2a: Darkrai
|-damage|p2a: Darkrai|0 fnt
|faint|p2a: Darkrai
|
|-heal|p1a: Dragonite|71/100|[from] item: Leftovers
|upkeep
|
|t:|1776100648
|switch|p2a: Pecharunt|Pecharunt|100/100
|turn|51
|
|t:|1776100651
|move|p1a: Dragonite|Earthquake|p2a: Pecharunt
|-supereffective|p2a: Pecharunt
|-damage|p2a: Pecharunt|53/100
|move|p2a: Pecharunt|Malignant Chain|p1a: Dragonite
|-damage|p1a: Dragonite|37/100
|
|-heal|p1a: Dragonite|44/100|[from] item: Leftovers
|upkeep
|turn|52
|
|t:|1776100659
|move|p1a: Dragonite|Earthquake|p2a: Pecharunt
|-supereffective|p2a: Pecharunt
|-damage|p2a: Pecharunt|1/100
|move|p2a: Pecharunt|Malignant Chain|p1a: Dragonite
|-damage|p1a: Dragonite|10/100
|-status|p1a: Dragonite|tox
|-start|p1a: Dragonite|confusion|[from] ability: Poison Puppeteer|[of] p2a: Pecharunt
|
|-heal|p1a: Dragonite|16/100 tox|[from] item: Leftovers
|-damage|p1a: Dragonite|10/100 tox|[from] psn
|upkeep
|turn|53
|
|t:|1776100675
|switch|p2a: Moltres|Moltres|74/100
|-terastallize|p1a: Dragonite|Flying
|-activate|p1a: Dragonite|confusion
|move|p1a: Dragonite|Tera Blast|p2a: Moltres|[anim] Tera Blast Flying
|-damage|p2a: Moltres|0 fnt
|faint|p2a: Moltres
|
|-heal|p1a: Dragonite|16/100 tox|[from] item: Leftovers
|-damage|p1a: Dragonite|4/100 tox|[from] psn
|upkeep
|
|t:|1776100678
|switch|p2a: Pecharunt|Pecharunt|1/100
|turn|54
|
|t:|1776100681
|-activate|p1a: Dragonite|confusion
|-damage|p1a: Dragonite|0 fnt|[from] confusion
|faint|p1a: Dragonite
|
|win|P1k7
|raw|AC_Shade's rating: 1567 &rarr; <strong>1544</strong><br />(-23 for losing)
|raw|P1k7's rating: 1514 &rarr; <strong>1537</strong><br />(+23 for winning)
|c|☆P1k7|Gg
|l|☆AC_Shade
|player|p1|
|l|☆P1k7
|player|p2|
