|html|<div class="broadcast-blue"><strong>[Gen 9] OU is currently suspecting Volcarona! For information on how to participate check out the <a href="https://www.smogon.com/tools/suspects/view/208">suspect thread</a>.</strong></div>
|j|☆Fieshand
|j|☆YOSHlNlAN
|t:|1778510324
|gametype|singles
|player|p1|Fieshand|clair|1498
|player|p2|YOSHlNlAN|richboy|1500
|gen|9
|tier|[Gen 9] OU
|rated|
|rule|HP Percentage Mod: HP is shown in percentages
|rule|Endless Battle Clause: Forcing endless battles is banned
|rule|Species Clause: Limit one of each Pokémon
|rule|OHKO Clause: OHKO moves are banned
|rule|Evasion Items Clause: Evasion items are banned
|rule|Evasion Moves Clause: Evasion moves are banned
|rule|Evasion Abilities Clause: Evasion abilities are banned
|rule|Sleep Moves Clause: Sleep-inducing moves are banned
|clearpoke
|poke|p1|Darkrai|
|poke|p1|Gliscor, M|
|poke|p1|Alomomola, F|
|poke|p1|Corviknight, F|
|poke|p1|Pecharunt|
|poke|p1|Iron Valiant|
|poke|p2|Corviknight, M|
|poke|p2|Darkrai|
|poke|p2|Heatran, M|
|poke|p2|Zapdos|
|poke|p2|Primarina, F|
|poke|p2|Metagross|
|teampreview
|inactive|Battle timer is ON: inactive players will automatically lose when time's up. (requested by YOSHlNlAN)
|inactive|Fieshand also wants the timer to be on.
|inactive|YOSHlNlAN has 120 seconds left.
|
|t:|1778510355
|teamsize|p1|6
|teamsize|p2|6
|start
|switch|p1a: Alomomola|Alomomola, F|100/100
|switch|p2a: Darkrai|Darkrai|100/100
|turn|1
|
|t:|1778510362
|move|p2a: Darkrai|Dark Pulse|p1a: Alomomola
|-damage|p1a: Alomomola|77/100
|move|p1a: Alomomola|Body Slam|p2a: Darkrai
|-damage|p2a: Darkrai|81/100
|
|upkeep
|turn|2
|
|t:|1778510371
|switch|p2a: Zapdos|Zapdos|100/100
|move|p1a: Alomomola|Flip Turn|p2a: Zapdos
|-damage|p2a: Zapdos|89/100
|
|t:|1778510374
|switch|p1a: Gliscor|Gliscor, M|100/100|[from] Flip Turn
|
|-status|p1a: Gliscor|tox|[from] item: Toxic Orb
|upkeep
|turn|3
|
|t:|1778510376
|switch|p2a: Darkrai|Darkrai|81/100
|move|p1a: Gliscor|Stealth Rock|p2a: Darkrai
|-sidestart|p2: YOSHlNlAN|move: Stealth Rock
|
|upkeep
|turn|4
|
|t:|1778510379
|switch|p1a: Alomomola|Alomomola, F|100/100
|move|p2a: Darkrai|Nasty Plot|p2a: Darkrai
|-boost|p2a: Darkrai|spa|2
|
|upkeep
|turn|5
|
|t:|1778510384
|move|p2a: Darkrai|Dark Pulse|p1a: Alomomola
|-damage|p1a: Alomomola|46/100
|move|p1a: Alomomola|Play Rough|p2a: Darkrai
|-supereffective|p2a: Darkrai
|-damage|p2a: Darkrai|34/100
|
|upkeep
|turn|6
|
|t:|1778510397
|switch|p1a: Iron Valiant|Iron Valiant|100/100
|move|p2a: Darkrai|Dark Pulse|p1a: Iron Valiant
|-resisted|p1a: Iron Valiant
|-damage|p1a: Iron Valiant|55/100
|
|upkeep
|turn|7
|
|t:|1778510404
|switch|p2a: Primarina|Primarina, F|100/100
|-damage|p2a: Primarina|88/100|[from] Stealth Rock
|move|p1a: Iron Valiant|Vacuum Wave|p2a: Primarina
|-resisted|p2a: Primarina
|-damage|p2a: Primarina|81/100
|
|upkeep
|turn|8
|
|t:|1778510408
|-end|p1a: Iron Valiant|Quark Drive|[silent]
|switch|p1a: Alomomola|Alomomola, F|80/100
|move|p2a: Primarina|Moonblast|p1a: Alomomola
|-damage|p1a: Alomomola|56/100
|
|upkeep
|turn|9
|
|t:|1778510412
|move|p2a: Primarina|Moonblast|p1a: Alomomola
|-damage|p1a: Alomomola|36/100
|-unboost|p1a: Alomomola|spa|1
|move|p1a: Alomomola|Flip Turn|p2a: Primarina
|-resisted|p2a: Primarina
|-damage|p2a: Primarina|71/100
|
|t:|1778510418
|switch|p1a: Iron Valiant|Iron Valiant|55/100|[from] Flip Turn
|
|upkeep
|turn|10
|
|t:|1778510420
|move|p1a: Iron Valiant|Thunderbolt|p2a: Primarina
|-supereffective|p2a: Primarina
|-damage|p2a: Primarina|20/100
|move|p2a: Primarina|Moonblast|p1a: Iron Valiant
|-supereffective|p1a: Iron Valiant
|-damage|p1a: Iron Valiant|0 fnt
|faint|p1a: Iron Valiant
|-end|p1a: Iron Valiant|Quark Drive|[silent]
|
|upkeep
|
|t:|1778510426
|switch|p1a: Alomomola|Alomomola, F|69/100
|turn|11
|
|t:|1778510427
|move|p2a: Primarina|Moonblast|p1a: Alomomola
|-damage|p1a: Alomomola|46/100
|move|p1a: Alomomola|Flip Turn|p2a: Primarina
|-resisted|p2a: Primarina
|-damage|p2a: Primarina|10/100
|
|t:|1778510430
|switch|p1a: Darkrai|Darkrai|100/100|[from] Flip Turn
|
|upkeep
|turn|12
|
|t:|1778510433
|move|p1a: Darkrai|Dark Pulse|p2a: Primarina
|-resisted|p2a: Primarina
|-damage|p2a: Primarina|0 fnt
|faint|p2a: Primarina
|
|upkeep
|
|t:|1778510437
|switch|p2a: Metagross|Metagross, shiny|100/100
|-damage|p2a: Metagross|94/100|[from] Stealth Rock
|turn|13
|
|t:|1778510441
|switch|p1a: Corviknight|Corviknight, F|100/100
|-ability|p1a: Corviknight|Pressure
|-terastallize|p2a: Metagross|Steel
|move|p2a: Metagross|Meteor Mash|p1a: Corviknight
|-resisted|p1a: Corviknight
|-damage|p1a: Corviknight|70/100
|
|upkeep
|turn|14
|
|t:|1778510446
|move|p2a: Metagross|Meteor Mash|p1a: Corviknight
|-resisted|p1a: Corviknight
|-damage|p1a: Corviknight|36/100
|-boost|p2a: Metagross|atk|1
|move|p1a: Corviknight|Body Press|p2a: Metagross
|-supereffective|p2a: Metagross
|-damage|p2a: Metagross|55/100
|
|upkeep
|turn|15
|
|t:|1778510465
|move|p2a: Metagross|Meteor Mash|p1a: Corviknight
|-resisted|p1a: Corviknight
|-damage|p1a: Corviknight|0 fnt
|faint|p1a: Corviknight
|
|upkeep
|
|t:|1778510466
|switch|p1a: Darkrai|Darkrai|100/100
|turn|16
|
|t:|1778510471
|move|p1a: Darkrai|Dark Pulse|p2a: Metagross
|-damage|p2a: Metagross|0 fnt
|faint|p2a: Metagross
|
|upkeep
|
|t:|1778510474
|switch|p2a: Darkrai|Darkrai|34/100
|-damage|p2a: Darkrai|22/100|[from] Stealth Rock
|turn|17
|
|t:|1778510480
|-terastallize|p1a: Darkrai|Dark
|move|p1a: Darkrai|Sucker Punch|p2a: Darkrai
|-resisted|p2a: Darkrai
|-damage|p2a: Darkrai|0 fnt
|faint|p2a: Darkrai
|
|upkeep
|-message|YOSHlNlAN forfeited.
|
|win|Fieshand
|raw|Fieshand's rating: 1498 &rarr; <strong>1518</strong><br />(+20 for winning)
|raw|YOSHlNlAN's rating: 1500 &rarr; <strong>1480</strong><br />(-20 for losing)
|l|☆Fieshand
|player|p1|
