|html|<div class="broadcast-blue"><strong>[Gen 9] OU is currently suspecting Tera Blast! For information on how to participate check out the <a href="https://www.smogon.com/tools/suspects/view/200">suspect thread</a>.</strong></div>
|j|☆AlienXotic
|j|☆Sencopion
|t:|1776305048
|gametype|singles
|player|p1|AlienXotic|265|1406
|player|p2|Sencopion|roxie|1366
|gen|9
|tier|[Gen 9] OU
|rated|
|rule|HP Percentage Mod: HP is shown in percentages
|rule|Endless Battle Clause: Forcing endless battles is banned
|rule|Species Clause: Limit one of each Pokémon
|rule|OHKO Clause: OHKO moves are banned
|rule|Evasion Items Clause: Evasion items are banned
|rule|Evasion Moves Clause: Evasion moves are banned
|rule|Evasion Abilities Clause: Evasion abilities are banned
|rule|Sleep Moves Clause: Sleep-inducing moves are banned
|clearpoke
|poke|p1|Slither Wing|
|poke|p1|Ninetales, M|
|poke|p1|Walking Wake|
|poke|p1|Iron Moth|
|poke|p1|Hatterene, F|
|poke|p1|Blaziken, F|
|poke|p2|Darkrai|
|poke|p2|Ceruledge, F|
|poke|p2|Hatterene, F|
|poke|p2|Gliscor, F|
|poke|p2|Samurott-Hisui, M|
|poke|p2|Corviknight, M|
|teampreview
|inactive|Battle timer is ON: inactive players will automatically lose when time's up. (requested by Sencopion)
|c|☆AlienXotic|gg
|
|t:|1776305066
|teamsize|p1|6
|teamsize|p2|6
|start
|switch|p1a: Aruarian|Ninetales, M, shiny|100/100
|switch|p2a: Ceruledge|Ceruledge, F|100/100
|-weather|SunnyDay|[from] ability: Drought|[of] p1a: Aruarian
|turn|1
|
|t:|1776305086
|switch|p1a: Renewal|Walking Wake|100/100
|-activate|p1a: Renewal|ability: Protosynthesis
|-start|p1a: Renewal|protosynthesisspe
|move|p2a: Ceruledge|Swords Dance|p2a: Ceruledge
|-boost|p2a: Ceruledge|atk|2
|
|-weather|SunnyDay|[upkeep]
|upkeep
|turn|2
|
|t:|1776305094
|move|p1a: Renewal|Hydro Steam|p2a: Ceruledge
|-supereffective|p2a: Ceruledge
|-enditem|p2a: Ceruledge|Focus Sash
|-damage|p2a: Ceruledge|1/100
|move|p2a: Ceruledge|Poltergeist|p1a: Renewal
|-activate|p1a: Renewal|move: Poltergeist|Choice Specs
|-damage|p1a: Renewal|0 fnt
|faint|p1a: Renewal
|-end|p1a: Renewal|Protosynthesis|[silent]
|
|-weather|SunnyDay|[upkeep]
|upkeep
|
|t:|1776305111
|switch|p1a: Beru|Slither Wing, shiny|100/100
|-activate|p1a: Beru|ability: Protosynthesis
|-start|p1a: Beru|protosynthesisatk
|turn|3
|
|t:|1776305116
|switch|p2a: Corviknight|Corviknight, M|100/100
|-ability|p2a: Corviknight|Pressure
|move|p1a: Beru|First Impression|p2a: Corviknight
|-resisted|p2a: Corviknight
|-damage|p2a: Corviknight|86/100
|-damage|p1a: Beru|84/100|[from] item: Rocky Helmet|[of] p2a: Corviknight
|
|-weather|SunnyDay|[upkeep]
|upkeep
|turn|4
|
|t:|1776305131
|-end|p1a: Beru|Protosynthesis|[silent]
|switch|p1a: Covet&Lust|Hatterene, F, shiny|100/100
|switch|p2a: Gliscor|Gliscor, F|100/100
|
|-weather|SunnyDay|[upkeep]
|-status|p2a: Gliscor|tox|[from] item: Toxic Orb
|upkeep
|turn|5
|
|t:|1776305157
|switch|p2a: Samurott|Samurott-Hisui, M|100/100
|move|p1a: Covet&Lust|Draining Kiss|p2a: Samurott
|-supereffective|p2a: Samurott
|-damage|p2a: Samurott|69/100
|
|-weather|SunnyDay|[upkeep]
|upkeep
|turn|6
|inactive|AlienXotic has 120 seconds left.
|
|t:|1776305185
|move|p2a: Samurott|Ceaseless Edge|p1a: Covet&Lust|[miss]
|-miss|p2a: Samurott|p1a: Covet&Lust
|move|p1a: Covet&Lust|Nuzzle|p2a: Samurott
|-supereffective|p2a: Samurott
|-damage|p2a: Samurott|61/100
|-status|p2a: Samurott|par
|
|-weather|SunnyDay|[upkeep]
|upkeep
|turn|7
|
|t:|1776305193
|move|p2a: Samurott|Ceaseless Edge|p1a: Covet&Lust
|-crit|p1a: Covet&Lust
|-damage|p1a: Covet&Lust|51/100
|-sidestart|p1: AlienXotic|Spikes
|-enditem|p1a: Covet&Lust|Eject Button
|
|t:|1776305204
|switch|p1a: Beru|Slither Wing, shiny|84/100
|-damage|p1a: Beru|72/100|[from] Spikes
|-activate|p1a: Beru|ability: Protosynthesis
|-start|p1a: Beru|protosynthesisatk
|
|-weather|SunnyDay|[upkeep]
|upkeep
|turn|8
|
|t:|1776305213
|switch|p2a: Gliscor|Gliscor, F|100/100 tox
|move|p1a: Beru|U-turn|p2a: Gliscor
|-resisted|p2a: Gliscor
|-damage|p2a: Gliscor|74/100 tox
|inactive|AlienXotic has 120 seconds left.
|
|t:|1776305222
|-end|p1a: Beru|Protosynthesis|[silent]
|switch|p1a: Covet&Lust|Hatterene, F, shiny|51/100|[from] U-turn
|-damage|p1a: Covet&Lust|39/100|[from] Spikes
|
|-weather|none
|-heal|p2a: Gliscor|87/100 tox|[from] ability: Poison Heal
|upkeep
|turn|9
|
|t:|1776305229
|move|p2a: Gliscor|Earthquake|p1a: Covet&Lust
|-damage|p1a: Covet&Lust|10/100
|move|p1a: Covet&Lust|Draining Kiss|p2a: Gliscor
|-crit|p2a: Gliscor
|-damage|p2a: Gliscor|43/100 tox
|-heal|p1a: Covet&Lust|46/100|[from] drain|[of] p2a: Gliscor
|
|-heal|p2a: Gliscor|56/100 tox|[from] ability: Poison Heal
|upkeep
|turn|10
|
|t:|1776305237
|move|p2a: Gliscor|Protect|p2a: Gliscor
|-singleturn|p2a: Gliscor|Protect
|move|p1a: Covet&Lust|Draining Kiss|p2a: Gliscor
|-activate|p2a: Gliscor|move: Protect
|
|-heal|p2a: Gliscor|68/100 tox|[from] ability: Poison Heal
|upkeep
|turn|11
|
|t:|1776305249
|switch|p2a: Corviknight|Corviknight, M|86/100
|-ability|p2a: Corviknight|Pressure
|move|p1a: Covet&Lust|Draining Kiss|p2a: Corviknight
|-resisted|p2a: Corviknight
|-damage|p2a: Corviknight|75/100
|-heal|p1a: Covet&Lust|57/100|[from] drain|[of] p2a: Corviknight
|-damage|p1a: Covet&Lust|40/100|[from] item: Rocky Helmet|[of] p2a: Corviknight
|
|upkeep
|turn|12
|
|t:|1776305259
|move|p2a: Corviknight|U-turn|p1a: Covet&Lust
|-damage|p1a: Covet&Lust|29/100
|
|t:|1776305263
|switch|p2a: Gliscor|Gliscor, F|68/100 tox|[from] U-turn
|move|p1a: Covet&Lust|Mystical Fire|p2a: Gliscor
|-crit|p2a: Gliscor
|-damage|p2a: Gliscor|26/100 tox
|-unboost|p2a: Gliscor|spa|1
|
|-heal|p2a: Gliscor|39/100 tox|[from] ability: Poison Heal
|upkeep
|turn|13
|
|t:|1776305279
|move|p2a: Gliscor|Protect|p2a: Gliscor
|-singleturn|p2a: Gliscor|Protect
|move|p1a: Covet&Lust|Psychic Noise|p2a: Gliscor
|-activate|p2a: Gliscor|move: Protect
|
|-heal|p2a: Gliscor|51/100 tox|[from] ability: Poison Heal
|upkeep
|turn|14
|
|t:|1776305299
|switch|p2a: Samurott|Samurott-Hisui, M|61/100 par
|move|p1a: Covet&Lust|Psychic Noise|p2a: Samurott
|-immune|p2a: Samurott
|
|upkeep
|turn|15
|
|t:|1776305305
|move|p2a: Samurott|Ceaseless Edge|p1a: Covet&Lust
|-damage|p1a: Covet&Lust|0 fnt
|-sidestart|p1: AlienXotic|Spikes
|faint|p1a: Covet&Lust
|
|upkeep
|
|t:|1776305308
|switch|p1a: Aruarian|Ninetales, M, shiny|100/100
|-damage|p1a: Aruarian|84/100|[from] Spikes
|-weather|SunnyDay|[from] ability: Drought|[of] p1a: Aruarian
|turn|16
|
|t:|1776305313
|switch|p1a: Beru|Slither Wing, shiny|72/100
|-damage|p1a: Beru|55/100|[from] Spikes
|-activate|p1a: Beru|ability: Protosynthesis
|-start|p1a: Beru|protosynthesisatk
|cant|p2a: Samurott|par
|
|-weather|SunnyDay|[upkeep]
|upkeep
|turn|17
|inactive|Sencopion has 120 seconds left.
|
|t:|1776305346
|switch|p2a: Gliscor|Gliscor, F|51/100 tox
|move|p1a: Beru|U-turn|p2a: Gliscor
|-resisted|p2a: Gliscor
|-damage|p2a: Gliscor|27/100 tox
|
|t:|1776305361
|-end|p1a: Beru|Protosynthesis|[silent]
|switch|p1a: The better one?|Iron Moth|100/100|[from] U-turn
|-damage|p1a: The better one?|84/100|[from] Spikes
|-enditem|p1a: The better one?|Booster Energy
|-activate|p1a: The better one?|ability: Quark Drive|[fromitem]
|-start|p1a: The better one?|quarkdrivespe
|
|-weather|SunnyDay|[upkeep]
|-heal|p2a: Gliscor|40/100 tox|[from] ability: Poison Heal
|upkeep
|turn|18
|
|t:|1776305375
|-terastallize|p1a: The better one?|Fairy
|move|p1a: The better one?|Fiery Dance|p2a: Gliscor
|-damage|p2a: Gliscor|0 fnt
|-boost|p1a: The better one?|spa|1
|faint|p2a: Gliscor
|
|-weather|SunnyDay|[upkeep]
|upkeep
|inactive|Sencopion has 120 seconds left.
|
|t:|1776305399
|switch|p2a: Hatterene|Hatterene, F|100/100
|turn|19
|
|t:|1776305405
|-terastallize|p2a: Hatterene|Water
|move|p1a: The better one?|Sludge Wave|p2a: Hatterene
|-damage|p2a: Hatterene|30/100
|move|p2a: Hatterene|Nuzzle|p1a: The better one?
|-damage|p1a: The better one?|78/100
|-status|p1a: The better one?|par
|
|-weather|SunnyDay|[upkeep]
|upkeep
|turn|20
|inactive|Sencopion has 120 seconds left.
|inactive|Sencopion has 90 seconds left.
|
|t:|1776305450
|move|p1a: The better one?|Fiery Dance|p2a: Hatterene
|-resisted|p2a: Hatterene
|-damage|p2a: Hatterene|0 fnt
|-boost|p1a: The better one?|spa|1
|faint|p2a: Hatterene
|
|-weather|SunnyDay|[upkeep]
|upkeep
|inactive|Sencopion has 90 seconds left.
|
|t:|1776305457
|switch|p2a: Darkrai|Darkrai|100/100
|turn|21
|
|t:|1776305461
|move|p2a: Darkrai|Sludge Bomb|p1a: The better one?
|-supereffective|p1a: The better one?
|-damage|p1a: The better one?|0 fnt
|faint|p1a: The better one?
|-end|p1a: The better one?|Quark Drive|[silent]
|
|-weather|SunnyDay|[upkeep]
|upkeep
|
|t:|1776305479
|switch|p1a: Beru|Slither Wing, shiny|55/100
|-damage|p1a: Beru|39/100|[from] Spikes
|-activate|p1a: Beru|ability: Protosynthesis
|-start|p1a: Beru|protosynthesisatk
|turn|22
|
|t:|1776305493
|move|p2a: Darkrai|Sludge Bomb|p1a: Beru
|-damage|p1a: Beru|3/100
|move|p1a: Beru|Close Combat|p2a: Darkrai
|-supereffective|p2a: Darkrai
|-damage|p2a: Darkrai|0 fnt
|-unboost|p1a: Beru|def|1
|-unboost|p1a: Beru|spd|1
|faint|p2a: Darkrai
|
|-weather|SunnyDay|[upkeep]
|upkeep
|
|t:|1776305504
|switch|p2a: Ceruledge|Ceruledge, F|1/100
|turn|23
|inactive|Sencopion has 90 seconds left.
|
|t:|1776305531
|-end|p1a: Beru|Protosynthesis|[silent]
|switch|p1a: Sizzlin' Hot Wings|Blaziken, F, shiny|100/100
|-damage|p1a: Sizzlin' Hot Wings|84/100|[from] Spikes
|move|p2a: Ceruledge|Poltergeist|p1a: Sizzlin' Hot Wings
|-activate|p1a: Sizzlin' Hot Wings|move: Poltergeist|Life Orb
|-damage|p1a: Sizzlin' Hot Wings|3/100
|
|-weather|none
|upkeep
|turn|24
|
|t:|1776305539
|move|p1a: Sizzlin' Hot Wings|Protect|p1a: Sizzlin' Hot Wings
|-singleturn|p1a: Sizzlin' Hot Wings|Protect
|move|p2a: Ceruledge|Shadow Sneak|p1a: Sizzlin' Hot Wings
|-activate|p1a: Sizzlin' Hot Wings|move: Protect
|
|-ability|p1a: Sizzlin' Hot Wings|Speed Boost|boost
|-boost|p1a: Sizzlin' Hot Wings|spe|1
|upkeep
|turn|25
|
|t:|1776305545
|move|p2a: Ceruledge|Shadow Sneak|p1a: Sizzlin' Hot Wings
|-damage|p1a: Sizzlin' Hot Wings|0 fnt
|faint|p1a: Sizzlin' Hot Wings
|
|upkeep
|
|t:|1776305548
|switch|p1a: Beru|Slither Wing, shiny|3/100
|-damage|p1a: Beru|0 fnt|[from] Spikes
|faint|p1a: Beru
|-end|p1a: Beru|Protosynthesis|[silent]
|
|t:|1776305550
|switch|p1a: Aruarian|Ninetales, M, shiny|84/100
|-damage|p1a: Aruarian|67/100|[from] Spikes
|-weather|SunnyDay|[from] ability: Drought|[of] p1a: Aruarian
|turn|26
|inactive|Sencopion has 120 seconds left.
|
|t:|1776305561
|move|p2a: Ceruledge|Shadow Sneak|p1a: Aruarian
|-damage|p1a: Aruarian|41/100
|move|p1a: Aruarian|Overheat|p2a: Ceruledge
|-resisted|p2a: Ceruledge
|-damage|p2a: Ceruledge|0 fnt
|-unboost|p1a: Aruarian|spa|2
|faint|p2a: Ceruledge
|
|-weather|SunnyDay|[upkeep]
|upkeep
|
|t:|1776305564
|switch|p2a: Samurott|Samurott-Hisui, M|61/100 par
|turn|27
|c|☆Sencopion|indeed, gg
|inactive|Sencopion has 120 seconds left.
|
|t:|1776305575
|move|p1a: Aruarian|Overheat|p2a: Samurott
|-resisted|p2a: Samurott
|-damage|p2a: Samurott|50/100 par
|-unboost|p1a: Aruarian|spa|2
|cant|p2a: Samurott|par
|
|-weather|SunnyDay|[upkeep]
|upkeep
|turn|28
|
|t:|1776305580
|move|p1a: Aruarian|Overheat|p2a: Samurott|[miss]
|-miss|p1a: Aruarian|p2a: Samurott
|move|p2a: Samurott|Razor Shell|p1a: Aruarian
|-supereffective|p1a: Aruarian
|-damage|p1a: Aruarian|0 fnt
|faint|p1a: Aruarian
|
|win|Sencopion
|raw|AlienXotic's rating: 1406 &rarr; <strong>1384</strong><br />(-22 for losing)
|raw|Sencopion's rating: 1366 &rarr; <strong>1388</strong><br />(+22 for winning)
|l|☆AlienXotic
|player|p1|
