|html|<div class="broadcast-blue"><strong>[Gen 9] OU is currently suspecting Tera Blast! For information on how to participate check out the <a href="https://www.smogon.com/tools/suspects/view/200">suspect thread</a>.</strong></div>
|j|☆teamrocketty
|j|☆saimeee
|t:|1776031733
|gametype|singles
|player|p1|teamrocketty|2|1119
|player|p2|saimeee|ethan|1071
|gen|9
|tier|[Gen 9] OU
|rated|
|rule|HP Percentage Mod: HP is shown in percentages
|rule|Endless Battle Clause: Forcing endless battles is banned
|rule|Species Clause: Limit one of each Pokémon
|rule|OHKO Clause: OHKO moves are banned
|rule|Evasion Items Clause: Evasion items are banned
|rule|Evasion Moves Clause: Evasion moves are banned
|rule|Evasion Abilities Clause: Evasion abilities are banned
|rule|Sleep Moves Clause: Sleep-inducing moves are banned
|clearpoke
|poke|p1|Feraligatr, M|
|poke|p1|Skeledirge, M|
|poke|p1|Krookodile, M|
|poke|p1|Garchomp, M|
|poke|p1|Scizor, M|
|poke|p1|Ceruledge, M|
|poke|p2|Enamorus, F|
|poke|p2|Rotom-Wash|
|poke|p2|Kingambit, M|
|poke|p2|Gliscor, M|
|poke|p2|Chesnaught, M|
|poke|p2|Heatran, M|
|teampreview
|inactive|Battle timer is ON: inactive players will automatically lose when time's up. (requested by saimeee)
|
|t:|1776031762
|teamsize|p1|6
|teamsize|p2|6
|start
|switch|p1a: Garchomp|Garchomp, M|100/100
|switch|p2a: Alphonse|Rotom-Wash, shiny|100/100
|turn|1
|
|t:|1776031771
|move|p1a: Garchomp|Stealth Rock|p2a: Alphonse
|-sidestart|p2: saimeee|move: Stealth Rock
|move|p2a: Alphonse|Will-O-Wisp|p1a: Garchomp
|-status|p1a: Garchomp|brn
|
|-damage|p1a: Garchomp|94/100 brn|[from] brn
|upkeep
|turn|2
|
|t:|1776031782
|move|p1a: Garchomp|Spikes|p2a: Alphonse
|-sidestart|p2: saimeee|Spikes
|move|p2a: Alphonse|Hydro Pump|p1a: Garchomp|[miss]
|-miss|p2a: Alphonse|p1a: Garchomp
|
|-damage|p1a: Garchomp|88/100 brn|[from] brn
|upkeep
|turn|3
|
|t:|1776031790
|move|p1a: Garchomp|Spikes|p2a: Alphonse
|-sidestart|p2: saimeee|Spikes
|move|p2a: Alphonse|Hydro Pump|p1a: Garchomp|[miss]
|-miss|p2a: Alphonse|p1a: Garchomp
|
|-damage|p1a: Garchomp|82/100 brn|[from] brn
|upkeep
|turn|4
|
|t:|1776031798
|move|p1a: Garchomp|Spikes|p2a: Alphonse
|-sidestart|p2: saimeee|Spikes
|move|p2a: Alphonse|Hydro Pump|p1a: Garchomp
|-damage|p1a: Garchomp|42/100 brn
|
|-damage|p1a: Garchomp|36/100 brn|[from] brn
|upkeep
|turn|5
|
|t:|1776031806
|move|p2a: Alphonse|Hydro Pump|p1a: Garchomp
|-damage|p1a: Garchomp|0 fnt
|faint|p1a: Garchomp
|
|upkeep
|
|t:|1776031813
|switch|p1a: Feraligatr|Feraligatr, M|100/100
|turn|6
|
|t:|1776031828
|move|p1a: Feraligatr|Dragon Dance|p1a: Feraligatr
|-boost|p1a: Feraligatr|atk|1
|-boost|p1a: Feraligatr|spe|1
|move|p2a: Alphonse|Volt Switch|p1a: Feraligatr
|-supereffective|p1a: Feraligatr
|-damage|p1a: Feraligatr|40/100
|
|t:|1776031839
|switch|p2a: Wally|Heatran, M, shiny|100/100|[from] Volt Switch
|-damage|p2a: Wally|88/100|[from] Stealth Rock
|-damage|p2a: Wally|63/100|[from] Spikes
|
|-heal|p2a: Wally|69/100|[from] item: Leftovers
|upkeep
|turn|7
|inactive|teamrocketty has 120 seconds left.
|
|t:|1776031871
|-terastallize|p2a: Wally|Grass
|move|p1a: Feraligatr|Liquidation|p2a: Wally
|-resisted|p2a: Wally
|-damage|p2a: Wally|26/100
|move|p2a: Wally|Tera Blast|p1a: Feraligatr|[anim] Tera Blast Grass
|-supereffective|p1a: Feraligatr
|-damage|p1a: Feraligatr|0 fnt
|faint|p1a: Feraligatr
|
|-heal|p2a: Wally|32/100|[from] item: Leftovers
|upkeep
|inactive|teamrocketty has 120 seconds left.
|
|t:|1776031880
|switch|p1a: Scizor|Scizor, M|100/100
|turn|8
|
|t:|1776031888
|-terastallize|p1a: Scizor|Water
|move|p2a: Wally|Magma Storm|p1a: Scizor
|-resisted|p1a: Scizor
|-damage|p1a: Scizor|77/100
|-activate|p1a: Scizor|move: Magma Storm|[of] p2a: Wally
|move|p1a: Scizor|U-turn|p2a: Wally
|-supereffective|p2a: Wally
|-damage|p2a: Wally|0 fnt
|faint|p2a: Wally
|inactive|teamrocketty has 120 seconds left.
|
|t:|1776031904
|switch|p1a: Ceruledge|Ceruledge, M, shiny|100/100|[from] U-turn
|
|upkeep
|
|t:|1776031926
|switch|p2a: Führer|Gliscor, M, shiny|100/100
|-damage|p2a: Führer|88/100|[from] Stealth Rock
|turn|9
|
|t:|1776031935
|switch|p1a: Scizor|Scizor, M, tera:Water|77/100
|move|p2a: Führer|Protect||[still]
|-fail|p2a: Führer
|
|-status|p2a: Führer|tox|[from] item: Toxic Orb
|upkeep
|turn|10
|
|t:|1776031948
|move|p2a: Führer|Substitute|p2a: Führer
|-start|p2a: Führer|Substitute
|-damage|p2a: Führer|63/100 tox
|move|p1a: Scizor|Dual Wingbeat|p2a: Führer
|-activate|p2a: Führer|move: Substitute|[damage]
|-end|p2a: Führer|Substitute
|-hitcount|p2a: Führer|2
|
|-heal|p2a: Führer|76/100 tox|[from] ability: Poison Heal
|upkeep
|turn|11
|
|t:|1776031958
|move|p2a: Führer|Earthquake|p1a: Scizor
|-damage|p1a: Scizor|43/100
|move|p1a: Scizor|Dual Wingbeat|p2a: Führer
|-damage|p2a: Führer|57/100 tox
|-damage|p2a: Führer|39/100 tox
|-hitcount|p2a: Führer|2
|
|-heal|p2a: Führer|51/100 tox|[from] ability: Poison Heal
|upkeep
|turn|12
|
|t:|1776031966
|move|p2a: Führer|Protect|p2a: Führer
|-singleturn|p2a: Führer|Protect
|move|p1a: Scizor|Dual Wingbeat|p2a: Führer
|-activate|p2a: Führer|move: Protect
|
|-heal|p2a: Führer|64/100 tox|[from] ability: Poison Heal
|upkeep
|turn|13
|
|t:|1776031979
|move|p2a: Führer|Earthquake|p1a: Scizor
|-damage|p1a: Scizor|12/100
|move|p1a: Scizor|Dual Wingbeat|p2a: Führer
|-damage|p2a: Führer|47/100 tox
|-damage|p2a: Führer|30/100 tox
|-hitcount|p2a: Führer|2
|
|-heal|p2a: Führer|43/100 tox|[from] ability: Poison Heal
|upkeep
|turn|14
|
|t:|1776031987
|move|p2a: Führer|Earthquake|p1a: Scizor
|-damage|p1a: Scizor|0 fnt
|faint|p1a: Scizor
|
|-heal|p2a: Führer|55/100 tox|[from] ability: Poison Heal
|upkeep
|
|t:|1776031993
|switch|p1a: Ceruledge|Ceruledge, M, shiny|100/100
|turn|15
|
|t:|1776031999
|move|p2a: Führer|Protect|p2a: Führer
|-singleturn|p2a: Führer|Protect
|move|p1a: Ceruledge|Swords Dance|p1a: Ceruledge
|-boost|p1a: Ceruledge|atk|2
|
|-heal|p2a: Führer|67/100 tox|[from] ability: Poison Heal
|upkeep
|turn|16
|
|t:|1776032015
|move|p1a: Ceruledge|Swords Dance|p1a: Ceruledge
|-boost|p1a: Ceruledge|atk|2
|move|p2a: Führer|Substitute|p2a: Führer
|-start|p2a: Führer|Substitute
|-damage|p2a: Führer|43/100 tox
|
|-heal|p2a: Führer|55/100 tox|[from] ability: Poison Heal
|upkeep
|turn|17
|
|t:|1776032029
|move|p1a: Ceruledge|Bitter Blade|p2a: Führer
|-end|p2a: Führer|Substitute
|move|p2a: Führer|Knock Off|p1a: Ceruledge
|-supereffective|p1a: Ceruledge
|-damage|p1a: Ceruledge|46/100
|-enditem|p1a: Ceruledge|Focus Sash|[from] move: Knock Off|[of] p2a: Führer
|
|-heal|p2a: Führer|67/100 tox|[from] ability: Poison Heal
|upkeep
|turn|18
|
|t:|1776032039
|move|p1a: Ceruledge|Bitter Blade|p2a: Führer
|-damage|p2a: Führer|0 fnt
|-heal|p1a: Ceruledge|86/100|[from] drain|[of] p2a: Führer
|faint|p2a: Führer
|
|upkeep
|
|t:|1776032043
|switch|p2a: Alphonse|Rotom-Wash, shiny|100/100
|-damage|p2a: Alphonse|88/100|[from] Stealth Rock
|turn|19
|
|t:|1776032058
|move|p1a: Ceruledge|Shadow Sneak|p2a: Alphonse
|-damage|p2a: Alphonse|29/100
|move|p2a: Alphonse|Hydro Pump|p1a: Ceruledge
|-supereffective|p1a: Ceruledge
|-damage|p1a: Ceruledge|0 fnt
|faint|p1a: Ceruledge
|
|-heal|p2a: Alphonse|35/100|[from] item: Leftovers
|upkeep
|
|t:|1776032064
|switch|p1a: Krookodile|Krookodile, M|100/100
|turn|20
|
|t:|1776032069
|move|p1a: Krookodile|Gunk Shot|p2a: Alphonse
|-damage|p2a: Alphonse|0 fnt
|faint|p2a: Alphonse
|-ability|p1a: Krookodile|Moxie|boost
|-boost|p1a: Krookodile|atk|1
|
|upkeep
|
|t:|1776032075
|switch|p2a: Virgin|Enamorus, F|100/100
|-damage|p2a: Virgin|76/100|[from] Stealth Rock
|turn|21
|
|t:|1776032079
|move|p2a: Virgin|Moonblast|p1a: Krookodile
|-supereffective|p1a: Krookodile
|-damage|p1a: Krookodile|0 fnt
|faint|p1a: Krookodile
|
|upkeep
|
|t:|1776032081
|switch|p1a: Skeledirge|Skeledirge, M|100/100
|turn|22
|
|t:|1776032090
|switch|p2a: Chesnaught|Chesnaught, M, shiny|100/100
|-damage|p2a: Chesnaught|94/100|[from] Stealth Rock
|-damage|p2a: Chesnaught|70/100|[from] Spikes
|move|p1a: Skeledirge|Torch Song|p2a: Chesnaught
|-supereffective|p2a: Chesnaught
|-damage|p2a: Chesnaught|2/100
|-boost|p1a: Skeledirge|spa|1
|
|upkeep
|turn|23
|
|t:|1776032101
|move|p1a: Skeledirge|Torch Song|p2a: Chesnaught
|-supereffective|p2a: Chesnaught
|-damage|p2a: Chesnaught|0 fnt
|-boost|p1a: Skeledirge|spa|1
|faint|p2a: Chesnaught
|
|upkeep
|
|t:|1776032107
|switch|p2a: Virgin|Enamorus, F|76/100
|-damage|p2a: Virgin|51/100|[from] Stealth Rock
|turn|24
|
|t:|1776032112
|move|p2a: Virgin|Earth Power|p1a: Skeledirge
|-supereffective|p1a: Skeledirge
|-crit|p1a: Skeledirge
|-damage|p1a: Skeledirge|7/100
|move|p1a: Skeledirge|Torch Song|p2a: Virgin
|-damage|p2a: Virgin|0 fnt
|-boost|p1a: Skeledirge|spa|1
|faint|p2a: Virgin
|
|upkeep
|
|t:|1776032116
|switch|p2a: Yeezy|Kingambit, M|100/100
|-damage|p2a: Yeezy|94/100|[from] Stealth Rock
|-damage|p2a: Yeezy|69/100|[from] Spikes
|-activate|p2a: Yeezy|ability: Supreme Overlord
|-start|p2a: Yeezy|fallen5|[silent]
|turn|25
|
|t:|1776032118
|move|p2a: Yeezy|Sucker Punch||[still]
|-fail|p2a: Yeezy
|move|p1a: Skeledirge|Slack Off|p1a: Skeledirge
|-heal|p1a: Skeledirge|57/100
|
|upkeep
|turn|26
|
|t:|1776032126
|move|p1a: Skeledirge|Slack Off|p1a: Skeledirge
|-heal|p1a: Skeledirge|100/100
|move|p2a: Yeezy|Kowtow Cleave|p1a: Skeledirge
|-supereffective|p1a: Skeledirge
|-damage|p1a: Skeledirge|0 fnt
|faint|p1a: Skeledirge
|
|win|saimeee
|raw|teamrocketty's rating: 1119 &rarr; <strong>1091</strong><br />(-28 for losing)
|raw|saimeee's rating: 1071 &rarr; <strong>1104</strong><br />(+33 for winning)
|l|☆saimeee
|player|p2|
|l|☆teamrocketty
|player|p1|
