|html|<div class="broadcast-blue"><strong>[Gen 9] OU is currently suspecting Tera Blast! For information on how to participate check out the <a href="https://www.smogon.com/tools/suspects/view/200">suspect thread</a>.</strong></div>
|j|☆WannaBeABalla14
|j|☆ChampyDampyPhone
|t:|1776312533
|gametype|singles
|player|p1|WannaBeABalla14|ruinmaniac|1064
|player|p2|ChampyDampyPhone|acetrainer-gen4|1040
|gen|9
|tier|[Gen 9] OU
|rated|
|rule|HP Percentage Mod: HP is shown in percentages
|rule|Endless Battle Clause: Forcing endless battles is banned
|rule|Species Clause: Limit one of each Pokémon
|rule|OHKO Clause: OHKO moves are banned
|rule|Evasion Items Clause: Evasion items are banned
|rule|Evasion Moves Clause: Evasion moves are banned
|rule|Evasion Abilities Clause: Evasion abilities are banned
|rule|Sleep Moves Clause: Sleep-inducing moves are banned
|clearpoke
|poke|p1|Leafeon, F|
|poke|p1|Torterra, M|
|poke|p1|Sceptile, F|
|poke|p1|Whimsicott, F|
|poke|p1|Venusaur, M|
|poke|p1|Gogoat, F|
|poke|p2|Conkeldurr, M|
|poke|p2|Cinderace, M|
|poke|p2|Dragonite, M|
|poke|p2|Milotic, F|
|poke|p2|Serperior, M|
|poke|p2|Kingambit, M|
|teampreview
|
|t:|1776312538
|teamsize|p1|6
|teamsize|p2|6
|start
|switch|p1a: Torterra|Torterra, M|100/100
|switch|p2a: Conkeldurr|Conkeldurr, M|100/100
|turn|1
|inactive|Battle timer is ON: inactive players will automatically lose when time's up. (requested by ChampyDampyPhone)
|
|t:|1776312549
|move|p1a: Torterra|Earth Power|p2a: Conkeldurr
|-damage|p2a: Conkeldurr|72/100
|move|p2a: Conkeldurr|Knock Off|p1a: Torterra
|-damage|p1a: Torterra|70/100
|-enditem|p1a: Torterra|Leftovers|[from] move: Knock Off|[of] p2a: Conkeldurr
|
|-status|p2a: Conkeldurr|brn|[from] item: Flame Orb
|upkeep
|turn|2
|
|t:|1776312559
|move|p1a: Torterra|Earth Power|p2a: Conkeldurr
|-damage|p2a: Conkeldurr|44/100 brn
|move|p2a: Conkeldurr|Facade|p1a: Torterra
|-damage|p1a: Torterra|6/100
|
|-damage|p2a: Conkeldurr|38/100 brn|[from] brn
|upkeep
|turn|3
|
|t:|1776312568
|move|p2a: Conkeldurr|Mach Punch|p1a: Torterra
|-damage|p1a: Torterra|0 fnt
|faint|p1a: Torterra
|
|-damage|p2a: Conkeldurr|32/100 brn|[from] brn
|upkeep
|
|t:|1776312576
|switch|p1a: Sceptile|Sceptile, F|100/100
|turn|4
|
|t:|1776312585
|move|p1a: Sceptile|Earthquake|p2a: Conkeldurr
|-damage|p2a: Conkeldurr|11/100 brn
|move|p2a: Conkeldurr|Facade|p1a: Sceptile
|-enditem|p1a: Sceptile|Focus Sash
|-damage|p1a: Sceptile|1/100
|
|-damage|p2a: Conkeldurr|5/100 brn|[from] brn
|upkeep
|turn|5
|
|t:|1776312595
|move|p2a: Conkeldurr|Mach Punch|p1a: Sceptile
|-damage|p1a: Sceptile|0 fnt
|faint|p1a: Sceptile
|
|-damage|p2a: Conkeldurr|0 fnt|[from] brn
|faint|p2a: Conkeldurr
|upkeep
|
|t:|1776312602
|switch|p1a: Leafeon|Leafeon, F|100/100
|switch|p2a: Cinderace|Cinderace, M|100/100
|turn|6
|
|t:|1776312612
|move|p2a: Cinderace|Pyro Ball|p1a: Leafeon
|-supereffective|p1a: Leafeon
|-damage|p1a: Leafeon|7/100
|move|p1a: Leafeon|Knock Off|p2a: Cinderace
|-damage|p2a: Cinderace|58/100
|-enditem|p2a: Cinderace|Heavy-Duty Boots|[from] move: Knock Off|[of] p1a: Leafeon
|
|-heal|p1a: Leafeon|13/100|[from] item: Leftovers
|upkeep
|turn|7
|
|t:|1776312621
|move|p2a: Cinderace|Pyro Ball|p1a: Leafeon
|-supereffective|p1a: Leafeon
|-damage|p1a: Leafeon|0 fnt
|faint|p1a: Leafeon
|
|upkeep
|
|t:|1776312626
|switch|p1a: Whimsicott|Whimsicott, F|100/100
|turn|8
|
|t:|1776312630
|move|p1a: Whimsicott|Substitute|p1a: Whimsicott
|-start|p1a: Whimsicott|Substitute
|-damage|p1a: Whimsicott|75/100
|move|p2a: Cinderace|Pyro Ball|p1a: Whimsicott
|-supereffective|p1a: Whimsicott
|-end|p1a: Whimsicott|Substitute
|
|-heal|p1a: Whimsicott|81/100|[from] item: Leftovers
|upkeep
|turn|9
|
|t:|1776312638
|move|p1a: Whimsicott|Protect|p1a: Whimsicott
|-singleturn|p1a: Whimsicott|Protect
|move|p2a: Cinderace|Pyro Ball|p1a: Whimsicott
|-activate|p1a: Whimsicott|move: Protect
|
|-heal|p1a: Whimsicott|87/100|[from] item: Leftovers
|upkeep
|turn|10
|
|t:|1776312646
|move|p1a: Whimsicott|Substitute|p1a: Whimsicott
|-start|p1a: Whimsicott|Substitute
|-damage|p1a: Whimsicott|62/100
|move|p2a: Cinderace|Pyro Ball|p1a: Whimsicott
|-supereffective|p1a: Whimsicott
|-end|p1a: Whimsicott|Substitute
|
|-heal|p1a: Whimsicott|68/100|[from] item: Leftovers
|upkeep
|turn|11
|
|t:|1776312655
|move|p1a: Whimsicott|Leech Seed|p2a: Cinderace
|-start|p2a: Cinderace|move: Leech Seed
|move|p2a: Cinderace|Pyro Ball|p1a: Whimsicott
|-supereffective|p1a: Whimsicott
|-damage|p1a: Whimsicott|0 fnt
|faint|p1a: Whimsicott
|
|upkeep
|
|t:|1776312664
|switch|p1a: Gogoat|Gogoat, F|100/100
|turn|12
|
|t:|1776312667
|move|p2a: Cinderace|U-turn|p1a: Gogoat
|-start|p2a: Cinderace|typechange|Bug|[from] ability: Libero
|-supereffective|p1a: Gogoat
|-crit|p1a: Gogoat
|-damage|p1a: Gogoat|0 fnt
|-damage|p2a: Cinderace|41/100|[from] item: Rocky Helmet|[of] p1a: Gogoat
|faint|p1a: Gogoat
|
|t:|1776312675
|switch|p2a: Dragonite|Dragonite, M|100/100|[from] U-turn
|
|upkeep
|
|t:|1776312678
|switch|p1a: Venusaur|Venusaur, M|100/100
|turn|13
|
|t:|1776312682
|move|p2a: Dragonite|Dragon Dance|p2a: Dragonite
|-boost|p2a: Dragonite|atk|1
|-boost|p2a: Dragonite|spe|1
|move|p1a: Venusaur|Sludge Bomb|p2a: Dragonite
|-damage|p2a: Dragonite|63/100
|
|upkeep
|turn|14
|
|t:|1776312690
|-terastallize|p2a: Dragonite|Normal
|move|p2a: Dragonite|Extreme Speed|p1a: Venusaur
|-damage|p1a: Venusaur|0 fnt
|faint|p1a: Venusaur
|-damage|p2a: Dragonite|53/100|[from] item: Life Orb
|
|win|ChampyDampyPhone
|raw|WannaBeABalla14's rating: 1064 &rarr; <strong>1043</strong><br />(-21 for losing)
|raw|ChampyDampyPhone's rating: 1040 &rarr; <strong>1076</strong><br />(+36 for winning)
|l|☆WannaBeABalla14
|player|p1|
