|html|<div class="broadcast-blue"><strong>[Gen 9] OU is currently suspecting Tera Blast! For information on how to participate check out the <a href="https://www.smogon.com/tools/suspects/view/200">suspect thread</a>.</strong></div>
|j|☆xamorke2111
|j|☆Darchblue
|t:|1776111572
|gametype|singles
|player|p1|xamorke2111|gambler|1181
|player|p2|Darchblue|169|1150
|gen|9
|tier|[Gen 9] OU
|rated|
|rule|HP Percentage Mod: HP is shown in percentages
|rule|Endless Battle Clause: Forcing endless battles is banned
|rule|Species Clause: Limit one of each Pokémon
|rule|OHKO Clause: OHKO moves are banned
|rule|Evasion Items Clause: Evasion items are banned
|rule|Evasion Moves Clause: Evasion moves are banned
|rule|Evasion Abilities Clause: Evasion abilities are banned
|rule|Sleep Moves Clause: Sleep-inducing moves are banned
|clearpoke
|poke|p1|Kyurem|
|poke|p1|Iron Crown|
|poke|p1|Great Tusk|
|poke|p1|Typhlosion, F|
|poke|p1|Alomomola, M|
|poke|p1|Ribombee, M|
|poke|p2|Staraptor, M|
|poke|p2|Talonflame, M|
|poke|p2|Primarina, F|
|poke|p2|Rillaboom, M|
|poke|p2|Darkrai|
|poke|p2|Florges-White, F|
|teampreview
|
|t:|1776111602
|teamsize|p1|6
|teamsize|p2|6
|start
|switch|p1a: Kyurem|Kyurem|100/100
|switch|p2a: Talonflame|Talonflame, M|100/100
|-ability|p1a: Kyurem|Pressure
|turn|1
|
|t:|1776111609
|move|p2a: Talonflame|Tailwind|p2a: Talonflame
|-sidestart|p2: Darchblue|move: Tailwind
|move|p1a: Kyurem|Psychic|p2a: Talonflame
|-damage|p2a: Talonflame|63/100
|
|upkeep
|turn|2
|
|t:|1776111617
|move|p2a: Talonflame|U-turn|p1a: Kyurem
|-damage|p1a: Kyurem|88/100
|
|t:|1776111623
|switch|p2a: Darkrai|Darkrai|100/100|[from] U-turn
|move|p1a: Kyurem|Psychic|p2a: Darkrai
|-immune|p2a: Darkrai
|
|upkeep
|turn|3
|
|t:|1776111632
|-terastallize|p1a: Kyurem|Fairy
|move|p2a: Darkrai|Nasty Plot|p2a: Darkrai
|-boost|p2a: Darkrai|spa|2
|move|p1a: Kyurem|Tera Blast|p2a: Darkrai|[anim] Tera Blast Fairy
|-supereffective|p2a: Darkrai
|-damage|p2a: Darkrai|0 fnt
|faint|p2a: Darkrai
|
|upkeep
|
|t:|1776111642
|switch|p2a: Staraptor|Staraptor, M|100/100
|turn|4
|
|t:|1776111647
|move|p2a: Staraptor|Brave Bird|p1a: Kyurem
|-damage|p1a: Kyurem|0 fnt
|faint|p1a: Kyurem
|-damage|p2a: Staraptor|64/100|[from] Recoil
|
|-sideend|p2: Darchblue|move: Tailwind
|upkeep
|
|t:|1776111662
|switch|p1a: Typhlosion|Typhlosion, F|100/100
|turn|5
|
|t:|1776111667
|switch|p2a: Talonflame|Talonflame, M|63/100
|move|p1a: Typhlosion|Eruption|p2a: Talonflame
|-resisted|p2a: Talonflame
|-damage|p2a: Talonflame|17/100
|
|upkeep
|turn|6
|
|t:|1776111677
|move|p1a: Typhlosion|Eruption|p2a: Talonflame
|-resisted|p2a: Talonflame
|-damage|p2a: Talonflame|0 fnt
|faint|p2a: Talonflame
|
|upkeep
|
|t:|1776111684
|switch|p2a: Primarina|Primarina, F|100/100
|turn|7
|
|t:|1776111689
|switch|p1a: Alomomola|Alomomola, M|100/100
|move|p2a: Primarina|Flip Turn|p1a: Alomomola
|-resisted|p1a: Alomomola
|-damage|p1a: Alomomola|95/100
|
|t:|1776111696
|switch|p2a: Rillaboom|Rillaboom, M|100/100|[from] Flip Turn
|-fieldstart|move: Grassy Terrain|[from] ability: Grassy Surge|[of] p2a: Rillaboom
|
|-heal|p1a: Alomomola|100/100|[from] Grassy Terrain
|upkeep
|turn|8
|
|t:|1776111705
|switch|p1a: Great Tusk|Great Tusk|100/100
|move|p2a: Rillaboom|U-turn|p1a: Great Tusk
|-resisted|p1a: Great Tusk
|-damage|p1a: Great Tusk|95/100
|-damage|p2a: Rillaboom|84/100|[from] item: Rocky Helmet|[of] p1a: Great Tusk
|
|t:|1776111713
|switch|p2a: Staraptor|Staraptor, M|64/100|[from] U-turn
|
|-heal|p1a: Great Tusk|100/100|[from] Grassy Terrain
|upkeep
|turn|9
|
|t:|1776111724
|move|p2a: Staraptor|Brave Bird|p1a: Great Tusk
|-supereffective|p1a: Great Tusk
|-damage|p1a: Great Tusk|0 fnt
|-damage|p2a: Staraptor|47/100|[from] item: Rocky Helmet|[of] p1a: Great Tusk
|faint|p1a: Great Tusk
|-end|p1a: Great Tusk|Protosynthesis|[silent]
|-damage|p2a: Staraptor|1/100|[from] Recoil
|
|upkeep
|
|t:|1776111739
|switch|p1a: Ribombee|Ribombee, M|100/100
|turn|10
|
|t:|1776111747
|switch|p2a: Florges|Florges-White, F|100/100
|move|p1a: Ribombee|Moonblast|p2a: Florges
|-crit|p2a: Florges
|-damage|p2a: Florges|46/100
|
|-heal|p2a: Florges|52/100|[from] Grassy Terrain
|-heal|p2a: Florges|59/100|[from] item: Leftovers
|upkeep
|turn|11
|
|t:|1776111760
|-terastallize|p2a: Florges|Grass
|move|p1a: Ribombee|Moonblast|p2a: Florges
|-damage|p2a: Florges|19/100
|move|p2a: Florges|Calm Mind|p2a: Florges
|-boost|p2a: Florges|spa|1
|-boost|p2a: Florges|spd|1
|
|-heal|p2a: Florges|25/100|[from] Grassy Terrain
|-heal|p2a: Florges|31/100|[from] item: Leftovers
|-fieldend|move: Grassy Terrain
|upkeep
|turn|12
|
|t:|1776111772
|move|p1a: Ribombee|Moonblast|p2a: Florges
|-damage|p2a: Florges|6/100
|move|p2a: Florges|Draining Kiss|p1a: Ribombee
|-damage|p1a: Ribombee|48/100
|-heal|p2a: Florges|35/100|[from] drain|[of] p1a: Ribombee
|
|-heal|p2a: Florges|41/100|[from] item: Leftovers
|upkeep
|turn|13
|
|t:|1776111782
|move|p1a: Ribombee|Moonblast|p2a: Florges
|-damage|p2a: Florges|17/100
|move|p2a: Florges|Draining Kiss|p1a: Ribombee
|-damage|p1a: Ribombee|0 fnt
|-heal|p2a: Florges|43/100|[from] drain|[of] p1a: Ribombee
|faint|p1a: Ribombee
|
|-heal|p2a: Florges|49/100|[from] item: Leftovers
|upkeep
|
|t:|1776111786
|switch|p1a: Typhlosion|Typhlosion, F|100/100
|turn|14
|
|t:|1776111797
|move|p1a: Typhlosion|Eruption|p2a: Florges
|-supereffective|p2a: Florges
|-damage|p2a: Florges|0 fnt
|faint|p2a: Florges
|
|upkeep
|
|t:|1776111800
|switch|p2a: Primarina|Primarina, F|100/100
|turn|15
|
|t:|1776111840
|move|p1a: Typhlosion|Eruption|p2a: Primarina
|-resisted|p2a: Primarina
|-damage|p2a: Primarina|72/100
|move|p2a: Primarina|Calm Mind|p2a: Primarina
|-boost|p2a: Primarina|spa|1
|-boost|p2a: Primarina|spd|1
|
|-heal|p2a: Primarina|78/100|[from] item: Leftovers
|upkeep
|turn|16
|
|t:|1776111883
|switch|p1a: Alomomola|Alomomola, M|100/100
|move|p2a: Primarina|Calm Mind|p2a: Primarina
|-boost|p2a: Primarina|spa|1
|-boost|p2a: Primarina|spd|1
|
|-heal|p2a: Primarina|84/100|[from] item: Leftovers
|upkeep
|turn|17
|inactive|Battle timer is ON: inactive players will automatically lose when time's up. (requested by Darchblue)
|
|t:|1776111894
|move|p1a: Alomomola|Body Slam|p2a: Primarina
|-damage|p2a: Primarina|58/100
|move|p2a: Primarina|Moonblast|p1a: Alomomola
|-damage|p1a: Alomomola|15/100
|
|-heal|p2a: Primarina|64/100|[from] item: Leftovers
|upkeep
|turn|18
|
|t:|1776111906
|move|p1a: Alomomola|Body Slam|p2a: Primarina
|-damage|p2a: Primarina|38/100
|-status|p2a: Primarina|par
|cant|p2a: Primarina|par
|
|-heal|p2a: Primarina|44/100 par|[from] item: Leftovers
|upkeep
|turn|19
|
|t:|1776111916
|move|p1a: Alomomola|Body Slam|p2a: Primarina
|-damage|p2a: Primarina|14/100 par
|move|p2a: Primarina|Moonblast|p1a: Alomomola
|-damage|p1a: Alomomola|0 fnt
|faint|p1a: Alomomola
|
|-heal|p2a: Primarina|20/100 par|[from] item: Leftovers
|upkeep
|
|t:|1776111923
|switch|p1a: Typhlosion|Typhlosion, F|100/100
|turn|20
|
|t:|1776111929
|move|p1a: Typhlosion|Eruption|p2a: Primarina
|-resisted|p2a: Primarina
|-damage|p2a: Primarina|6/100 par
|move|p2a: Primarina|Alluring Voice|p1a: Typhlosion
|-supereffective|p1a: Typhlosion
|-damage|p1a: Typhlosion|0 fnt
|faint|p1a: Typhlosion
|
|-heal|p2a: Primarina|12/100 par|[from] item: Leftovers
|upkeep
|
|t:|1776111935
|switch|p1a: Iron Crown|Iron Crown|100/100
|-enditem|p1a: Iron Crown|Booster Energy
|-activate|p1a: Iron Crown|ability: Quark Drive|[fromitem]
|-start|p1a: Iron Crown|quarkdrivespa
|turn|21
|
|t:|1776111948
|move|p1a: Iron Crown|Tachyon Cutter|p2a: Primarina
|-damage|p2a: Primarina|0 fnt
|faint|p2a: Primarina
|-hitcount|p2: Primarina|1
|
|upkeep
|
|t:|1776111953
|switch|p2a: Staraptor|Staraptor, M|1/100
|turn|22
|
|t:|1776111961
|move|p2a: Staraptor|Brave Bird|p1a: Iron Crown
|-resisted|p1a: Iron Crown
|-damage|p1a: Iron Crown|48/100
|-damage|p2a: Staraptor|0 fnt|[from] Recoil
|faint|p2a: Staraptor
|move|p1a: Iron Crown|Tachyon Cutter|p2: Staraptor|[notarget]
|-fail|p1a: Iron Crown
|
|upkeep
|
|t:|1776111970
|switch|p2a: Rillaboom|Rillaboom, M|84/100
|-fieldstart|move: Grassy Terrain|[from] ability: Grassy Surge|[of] p2a: Rillaboom
|turn|23
|inactive|xamorke2111 has 120 seconds left.
|inactive|xamorke2111 has 90 seconds left.
|
|t:|1776112042
|move|p1a: Iron Crown|Tachyon Cutter|p2a: Rillaboom
|-damage|p2a: Rillaboom|37/100
|-damage|p2a: Rillaboom|0 fnt
|faint|p2a: Rillaboom
|-hitcount|p2: Rillaboom|2
|
|win|xamorke2111
|raw|xamorke2111's rating: 1181 &rarr; <strong>1204</strong><br />(+23 for winning)
|raw|Darchblue's rating: 1150 &rarr; <strong>1127</strong><br />(-23 for losing)
|l|☆Darchblue
|player|p2|
|l|☆xamorke2111
|player|p1|
