|html|<div class="broadcast-blue"><strong>[Gen 9] OU is currently suspecting Tera Blast! For information on how to participate check out the <a href="https://www.smogon.com/tools/suspects/view/200">suspect thread</a>.</strong></div>
|j|☆EMVV
|j|☆Marvin gaye y
|t:|1776044400
|gametype|singles
|player|p1|EMVV|gambler|1118
|player|p2|Marvin gaye y|265|1260
|gen|9
|tier|[Gen 9] OU
|rated|
|rule|HP Percentage Mod: HP is shown in percentages
|rule|Endless Battle Clause: Forcing endless battles is banned
|rule|Species Clause: Limit one of each Pokémon
|rule|OHKO Clause: OHKO moves are banned
|rule|Evasion Items Clause: Evasion items are banned
|rule|Evasion Moves Clause: Evasion moves are banned
|rule|Evasion Abilities Clause: Evasion abilities are banned
|rule|Sleep Moves Clause: Sleep-inducing moves are banned
|clearpoke
|poke|p1|Chesnaught, F|
|poke|p1|Gliscor, M|
|poke|p1|Primarina, M|
|poke|p1|Corviknight, M|
|poke|p1|Goodra, F|
|poke|p1|Houndoom, F|
|poke|p2|Glimmora, M|
|poke|p2|Keldeo-Resolute|
|poke|p2|Iron Boulder|
|poke|p2|Garganacl, M|
|poke|p2|Dragapult, M|
|poke|p2|Incineroar, F|
|teampreview
|inactive|Battle timer is ON: inactive players will automatically lose when time's up. (requested by EMVV)
|
|t:|1776044406
|teamsize|p1|6
|teamsize|p2|6
|start
|switch|p1a: Gliscor|Gliscor, M|100/100
|switch|p2a: Incineroar|Incineroar, F|100/100
|-ability|p2a: Incineroar|Intimidate|boost
|-unboost|p1a: Gliscor|atk|1
|turn|1
|
|t:|1776044414
|move|p1a: Gliscor|Protect|p1a: Gliscor
|-singleturn|p1a: Gliscor|Protect
|move|p2a: Incineroar|Knock Off|p1a: Gliscor
|-activate|p1a: Gliscor|move: Protect
|
|-status|p1a: Gliscor|tox|[from] item: Toxic Orb
|upkeep
|turn|2
|
|t:|1776044425
|switch|p2a: Garganacl|Garganacl, M|100/100
|move|p1a: Gliscor|Stealth Rock|p2a: Garganacl
|-sidestart|p2: Marvin gaye y|move: Stealth Rock
|
|upkeep
|turn|3
|
|t:|1776044440
|switch|p1a: Primarina|Primarina, M|100/100
|move|p2a: Garganacl|Iron Defense|p2a: Garganacl
|-boost|p2a: Garganacl|def|2
|
|upkeep
|turn|4
|
|t:|1776044446
|move|p1a: Primarina|Hyper Voice|p2a: Garganacl
|-supereffective|p2a: Garganacl
|-damage|p2a: Garganacl|18/100
|move|p2a: Garganacl|Salt Cure|p1a: Primarina
|-damage|p1a: Primarina|84/100
|-start|p1a: Primarina|Salt Cure
|
|-heal|p1a: Primarina|90/100|[from] item: Leftovers
|-heal|p2a: Garganacl|24/100|[from] item: Leftovers
|-damage|p1a: Primarina|65/100|[from] Salt Cure
|upkeep
|turn|5
|
|t:|1776044457
|move|p1a: Primarina|Hyper Voice|p2a: Garganacl
|-supereffective|p2a: Garganacl
|-damage|p2a: Garganacl|0 fnt
|faint|p2a: Garganacl
|
|-heal|p1a: Primarina|71/100|[from] item: Leftovers
|-damage|p1a: Primarina|46/100|[from] Salt Cure
|upkeep
|
|t:|1776044466
|switch|p2a: Glimmora|Glimmora, M|100/100
|-damage|p2a: Glimmora|88/100|[from] Stealth Rock
|-item|p2a: Glimmora|Air Balloon
|turn|6
|
|t:|1776044472
|switch|p1a: Gliscor|Gliscor, M|100/100 tox
|move|p2a: Glimmora|Mortal Spin|p1a: Gliscor
|-resisted|p1a: Gliscor
|-damage|p1a: Gliscor|98/100 tox
|-sideend|p2: Marvin gaye y|Stealth Rock|[from] move: Mortal Spin|[of] p2a: Glimmora
|
|-heal|p1a: Gliscor|100/100 tox|[from] ability: Poison Heal
|upkeep
|turn|7
|
|t:|1776044483
|switch|p2a: Keldeo|Keldeo-Resolute|100/100
|move|p1a: Gliscor|Knock Off|p2a: Keldeo
|-resisted|p2a: Keldeo
|-damage|p2a: Keldeo|86/100
|-ability|p2a: Keldeo|Justified|boost
|-boost|p2a: Keldeo|atk|1
|-enditem|p2a: Keldeo|Expert Belt|[from] move: Knock Off|[of] p1a: Gliscor
|
|upkeep
|turn|8
|
|t:|1776044492
|move|p1a: Gliscor|Protect|p1a: Gliscor
|-singleturn|p1a: Gliscor|Protect
|move|p2a: Keldeo|Hydro Pump|p1a: Gliscor
|-activate|p1a: Gliscor|move: Protect
|
|upkeep
|turn|9
|
|t:|1776044499
|switch|p1a: Chesnaught|Chesnaught, F|100/100
|move|p2a: Keldeo|Hydro Pump|p1a: Chesnaught
|-resisted|p1a: Chesnaught
|-damage|p1a: Chesnaught|70/100
|
|-heal|p1a: Chesnaught|76/100|[from] item: Leftovers
|upkeep
|turn|10
|
|t:|1776044509
|move|p2a: Keldeo|Air Slash|p1a: Chesnaught
|-supereffective|p1a: Chesnaught
|-damage|p1a: Chesnaught|0 fnt
|faint|p1a: Chesnaught
|
|upkeep
|
|t:|1776044513
|switch|p1a: Corviknight|Corviknight, M|100/100
|turn|11
|
|t:|1776044517
|switch|p2a: Incineroar|Incineroar, F|100/100
|-ability|p2a: Incineroar|Intimidate|boost
|-ability|p1a: Corviknight|Mirror Armor
|-unboost|p2a: Incineroar|atk|1
|move|p1a: Corviknight|Brave Bird|p2a: Incineroar
|-damage|p2a: Incineroar|62/100
|-damage|p1a: Corviknight|84/100|[from] item: Rocky Helmet|[of] p2a: Incineroar
|-damage|p1a: Corviknight|73/100|[from] Recoil
|
|-heal|p1a: Corviknight|79/100|[from] item: Leftovers
|upkeep
|turn|12
|
|t:|1776044532
|switch|p1a: Gliscor|Gliscor, M|100/100 tox
|move|p2a: Incineroar|Overheat|p1a: Gliscor
|-damage|p1a: Gliscor|37/100 tox
|-unboost|p2a: Incineroar|spa|2
|
|-heal|p1a: Gliscor|49/100 tox|[from] ability: Poison Heal
|upkeep
|turn|13
|
|t:|1776044542
|move|p1a: Gliscor|Protect|p1a: Gliscor
|-singleturn|p1a: Gliscor|Protect
|move|p2a: Incineroar|Parting Shot|p1a: Gliscor
|-activate|p1a: Gliscor|move: Protect
|
|-heal|p1a: Gliscor|61/100 tox|[from] ability: Poison Heal
|upkeep
|turn|14
|
|t:|1776044551
|move|p1a: Gliscor|Stealth Rock|p2a: Incineroar
|-sidestart|p2: Marvin gaye y|move: Stealth Rock
|move|p2a: Incineroar|Parting Shot|p1a: Gliscor
|-unboost|p1a: Gliscor|atk|1
|-unboost|p1a: Gliscor|spa|1
|
|t:|1776044559
|switch|p2a: Keldeo|Keldeo-Resolute|86/100|[from] Parting Shot
|-damage|p2a: Keldeo|80/100|[from] Stealth Rock
|
|-heal|p1a: Gliscor|74/100 tox|[from] ability: Poison Heal
|upkeep
|turn|15
|
|t:|1776044569
|switch|p1a: Primarina|Primarina, M|46/100
|move|p2a: Keldeo|Hydro Pump|p1a: Primarina
|-resisted|p1a: Primarina
|-damage|p1a: Primarina|18/100
|
|-heal|p1a: Primarina|24/100|[from] item: Leftovers
|upkeep
|turn|16
|
|t:|1776044580
|move|p2a: Keldeo|Air Slash|p1a: Primarina
|-damage|p1a: Primarina|0 fnt
|faint|p1a: Primarina
|
|upkeep
|
|t:|1776044585
|switch|p1a: Corviknight|Corviknight, M|79/100
|turn|17
|
|t:|1776044591
|move|p2a: Keldeo|Hydro Pump|p1a: Corviknight
|-damage|p1a: Corviknight|23/100
|move|p1a: Corviknight|Brave Bird|p2a: Keldeo
|-supereffective|p2a: Keldeo
|-damage|p2a: Keldeo|5/100
|-damage|p1a: Corviknight|3/100|[from] Recoil
|
|-heal|p1a: Corviknight|9/100|[from] item: Leftovers
|upkeep
|turn|18
|
|t:|1776044602
|switch|p1a: Goodra|Goodra, F|100/100
|move|p2a: Keldeo|Secret Sword|p1a: Goodra
|-damage|p1a: Goodra|39/100
|
|upkeep
|turn|19
|
|t:|1776044608
|move|p2a: Keldeo|Secret Sword|p1a: Goodra
|-damage|p1a: Goodra|0 fnt
|faint|p1a: Goodra
|
|upkeep
|-message|EMVV forfeited.
|
|win|Marvin gaye y
|raw|EMVV's rating: 1118 &rarr; <strong>1103</strong><br />(-15 for losing)
|raw|Marvin gaye y's rating: 1260 &rarr; <strong>1275</strong><br />(+15 for winning)
