|html|<div class="broadcast-blue"><strong>[Gen 9] OU is currently suspecting Tera Blast! For information on how to participate check out the <a href="https://www.smogon.com/tools/suspects/view/200">suspect thread</a>.</strong></div>
|j|☆kkkuroi
|j|☆Kaidekaida
|t:|1776124539
|gametype|singles
|player|p1|kkkuroi|marlon|
|player|p2|Kaidekaida|swimmerf-gen4dp|
|gen|9
|tier|[Gen 9] OU
|rule|HP Percentage Mod: HP is shown in percentages
|rule|Endless Battle Clause: Forcing endless battles is banned
|rule|Species Clause: Limit one of each Pokémon
|rule|OHKO Clause: OHKO moves are banned
|rule|Evasion Items Clause: Evasion items are banned
|rule|Evasion Moves Clause: Evasion moves are banned
|rule|Evasion Abilities Clause: Evasion abilities are banned
|rule|Sleep Moves Clause: Sleep-inducing moves are banned
|clearpoke
|poke|p1|Slither Wing|
|poke|p1|Ninetales, M|
|poke|p1|Walking Wake|
|poke|p1|Iron Moth|
|poke|p1|Hatterene, F|
|poke|p1|Blaziken, F|
|poke|p2|Dragonite, M|
|poke|p2|Kingambit, M|
|poke|p2|Gholdengo|
|poke|p2|Ogerpon-Wellspring, F|
|poke|p2|Iron Valiant|
|poke|p2|Raging Bolt|
|teampreview
|
|t:|1776124581
|teamsize|p1|6
|teamsize|p2|6
|start
|switch|p1a: Renewal|Walking Wake|100/100
|switch|p2a: Prepucio|Dragonite, M|100/100
|turn|1
|
|t:|1776124599
|-terastallize|p2a: Prepucio|Normal
|move|p1a: Renewal|Flip Turn|p2a: Prepucio
|-damage|p2a: Prepucio|91/100
|
|t:|1776124620
|-end|p1a: Renewal|Protosynthesis|[silent]
|switch|p1a: Beru|Slither Wing|100/100|[from] Flip Turn
|move|p2a: Prepucio|Dragon Claw|p1a: Beru
|-damage|p1a: Beru|35/100
|
|upkeep
|turn|2
|
|t:|1776124651
|move|p2a: Prepucio|Extreme Speed|p1a: Beru
|-damage|p1a: Beru|0 fnt
|faint|p1a: Beru
|-end|p1a: Beru|Protosynthesis|[silent]
|
|upkeep
|
|t:|1776124658
|switch|p1a: Aruarian|Ninetales, M, shiny|100/100
|-weather|SunnyDay|[from] ability: Drought|[of] p1a: Aruarian
|turn|3
|
|t:|1776124668
|move|p1a: Aruarian|Will-O-Wisp|p2a: Prepucio
|-status|p2a: Prepucio|brn
|move|p2a: Prepucio|Earthquake|p1a: Aruarian
|-supereffective|p1a: Aruarian
|-damage|p1a: Aruarian|56/100
|
|-weather|SunnyDay|[upkeep]
|-damage|p2a: Prepucio|85/100 brn|[from] brn
|upkeep
|turn|4
|
|t:|1776124704
|switch|p1a: Renewal|Walking Wake|100/100
|-activate|p1a: Renewal|ability: Protosynthesis
|-start|p1a: Renewal|protosynthesisspe
|move|p2a: Prepucio|Dragon Dance|p2a: Prepucio
|-boost|p2a: Prepucio|atk|1
|-boost|p2a: Prepucio|spe|1
|
|-weather|SunnyDay|[upkeep]
|-damage|p2a: Prepucio|79/100 brn|[from] brn
|upkeep
|turn|5
|
|t:|1776124722
|move|p1a: Renewal|Flamethrower|p2a: Prepucio
|-damage|p2a: Prepucio|11/100 brn
|move|p2a: Prepucio|Dragon Dance|p2a: Prepucio
|-boost|p2a: Prepucio|atk|1
|-boost|p2a: Prepucio|spe|1
|
|-weather|SunnyDay|[upkeep]
|-damage|p2a: Prepucio|5/100 brn|[from] brn
|upkeep
|turn|6
|
|t:|1776124739
|move|p1a: Renewal|Flamethrower|p2a: Prepucio
|-damage|p2a: Prepucio|0 fnt
|faint|p2a: Prepucio
|
|-weather|SunnyDay|[upkeep]
|upkeep
|
|t:|1776124744
|switch|p2a: Pucio|Iron Valiant, shiny|100/100
|-enditem|p2a: Pucio|Booster Energy
|-activate|p2a: Pucio|ability: Quark Drive|[fromitem]
|-start|p2a: Pucio|quarkdrivespe
|turn|7
|
|t:|1776124760
|-end|p1a: Renewal|Protosynthesis|[silent]
|switch|p1a: Covet&Lust|Hatterene, F, shiny|100/100
|move|p2a: Pucio|Calm Mind|p2a: Pucio
|-boost|p2a: Pucio|spa|1
|-boost|p2a: Pucio|spd|1
|
|-weather|SunnyDay|[upkeep]
|upkeep
|turn|8
|
|t:|1776124773
|move|p2a: Pucio|Shadow Ball|p1a: Covet&Lust
|-supereffective|p1a: Covet&Lust
|-damage|p1a: Covet&Lust|11/100
|-enditem|p1a: Covet&Lust|Eject Button
|
|t:|1776124785
|switch|p1a: Aruarian|Ninetales, M, shiny|56/100
|
|-weather|SunnyDay|[upkeep]
|upkeep
|turn|9
|
|t:|1776124793
|switch|p1a: Covet&Lust|Hatterene, F, shiny|11/100
|move|p2a: Pucio|Aura Sphere|p1a: Covet&Lust
|-resisted|p1a: Covet&Lust
|-damage|p1a: Covet&Lust|0 fnt
|faint|p1a: Covet&Lust
|
|-weather|SunnyDay|[upkeep]
|upkeep
|
|t:|1776124813
|switch|p1a: Renewal|Walking Wake|100/100
|-activate|p1a: Renewal|ability: Protosynthesis
|-start|p1a: Renewal|protosynthesisspe
|turn|10
|
|t:|1776124827
|move|p2a: Pucio|Moonblast|p1a: Renewal
|-supereffective|p1a: Renewal
|-damage|p1a: Renewal|0 fnt
|faint|p1a: Renewal
|-end|p1a: Renewal|Protosynthesis|[silent]
|
|-weather|none
|upkeep
|
|t:|1776124834
|switch|p1a: Aruarian|Ninetales, M, shiny|56/100
|-weather|SunnyDay|[from] ability: Drought|[of] p1a: Aruarian
|turn|11
|
|t:|1776124844
|move|p2a: Pucio|Aura Sphere|p1a: Aruarian
|-damage|p1a: Aruarian|0 fnt
|faint|p1a: Aruarian
|
|-weather|SunnyDay|[upkeep]
|upkeep
|
|t:|1776124850
|switch|p1a: The better one?|Iron Moth|100/100
|-enditem|p1a: The better one?|Booster Energy
|-activate|p1a: The better one?|ability: Quark Drive|[fromitem]
|-start|p1a: The better one?|quarkdrivespe
|turn|12
|
|t:|1776124862
|move|p2a: Pucio|Shadow Ball|p1a: The better one?
|-damage|p1a: The better one?|61/100
|move|p1a: The better one?|Sludge Wave|p2a: Pucio
|-supereffective|p2a: Pucio
|-damage|p2a: Pucio|0 fnt
|faint|p2a: Pucio
|-end|p2a: Pucio|Quark Drive|[silent]
|
|-weather|SunnyDay|[upkeep]
|upkeep
|
|t:|1776124873
|switch|p2a: Titi|Ogerpon-Wellspring, F|100/100
|turn|13
|
|t:|1776124880
|move|p1a: The better one?|Sludge Wave|p2a: Titi
|-supereffective|p2a: Titi
|-damage|p2a: Titi|0 fnt
|faint|p2a: Titi
|
|-weather|SunnyDay|[upkeep]
|upkeep
|
|t:|1776124885
|switch|p2a: Kai Cenat|Gholdengo|100/100
|-item|p2a: Kai Cenat|Air Balloon
|turn|14
|
|t:|1776124896
|switch|p2a: Raging Bolt|Raging Bolt|100/100
|-activate|p2a: Raging Bolt|ability: Protosynthesis
|-start|p2a: Raging Bolt|protosynthesisspa
|move|p1a: The better one?|Fiery Dance|p2a: Raging Bolt
|-resisted|p2a: Raging Bolt
|-damage|p2a: Raging Bolt|74/100
|-boost|p1a: The better one?|spa|1
|
|-weather|SunnyDay|[upkeep]
|upkeep
|turn|15
|
|t:|1776124915
|move|p1a: The better one?|Dazzling Gleam|p2a: Raging Bolt
|-supereffective|p2a: Raging Bolt
|-damage|p2a: Raging Bolt|2/100
|move|p2a: Raging Bolt|Draco Meteor|p1a: The better one?
|-damage|p1a: The better one?|0 fnt
|-unboost|p2a: Raging Bolt|spa|2
|faint|p1a: The better one?
|-end|p1a: The better one?|Quark Drive|[silent]
|
|-weather|SunnyDay|[upkeep]
|upkeep
|
|t:|1776124926
|switch|p1a: Sizzlin' Hot Wings|Blaziken, F, shiny|100/100
|turn|16
|
|t:|1776124939
|move|p1a: Sizzlin' Hot Wings|Protect|p1a: Sizzlin' Hot Wings
|-singleturn|p1a: Sizzlin' Hot Wings|Protect
|move|p2a: Raging Bolt|Thunderclap||[still]
|-fail|p2a: Raging Bolt
|
|-weather|SunnyDay|[upkeep]
|-ability|p1a: Sizzlin' Hot Wings|Speed Boost|boost
|-boost|p1a: Sizzlin' Hot Wings|spe|1
|upkeep
|turn|17
|
|t:|1776124951
|move|p2a: Raging Bolt|Thunderclap|p1a: Sizzlin' Hot Wings
|-damage|p1a: Sizzlin' Hot Wings|61/100
|move|p1a: Sizzlin' Hot Wings|Close Combat|p2a: Raging Bolt
|-damage|p2a: Raging Bolt|0 fnt
|-unboost|p1a: Sizzlin' Hot Wings|def|1
|-unboost|p1a: Sizzlin' Hot Wings|spd|1
|faint|p2a: Raging Bolt
|-end|p2a: Raging Bolt|Protosynthesis|[silent]
|-damage|p1a: Sizzlin' Hot Wings|51/100|[from] item: Life Orb
|
|-weather|SunnyDay|[upkeep]
|-ability|p1a: Sizzlin' Hot Wings|Speed Boost|boost
|-boost|p1a: Sizzlin' Hot Wings|spe|1
|upkeep
|
|t:|1776124955
|switch|p2a: Kai Cenat|Gholdengo|100/100
|-item|p2a: Kai Cenat|Air Balloon
|turn|18
|
|t:|1776124969
|move|p1a: Sizzlin' Hot Wings|Flare Blitz|p2a: Kai Cenat
|-supereffective|p2a: Kai Cenat
|-damage|p2a: Kai Cenat|0 fnt
|-enditem|p2a: Kai Cenat|Air Balloon
|faint|p2a: Kai Cenat
|-damage|p1a: Sizzlin' Hot Wings|17/100|[from] Recoil
|-damage|p1a: Sizzlin' Hot Wings|7/100|[from] item: Life Orb
|
|-weather|none
|-ability|p1a: Sizzlin' Hot Wings|Speed Boost|boost
|-boost|p1a: Sizzlin' Hot Wings|spe|1
|upkeep
|
|t:|1776124972
|switch|p2a: Postpucio|Kingambit, M|100/100
|-activate|p2a: Postpucio|ability: Supreme Overlord
|-start|p2a: Postpucio|fallen5|[silent]
|turn|19
|
|t:|1776124985
|move|p1a: Sizzlin' Hot Wings|Swords Dance|p1a: Sizzlin' Hot Wings
|-boost|p1a: Sizzlin' Hot Wings|atk|2
|move|p2a: Postpucio|Kowtow Cleave|p1a: Sizzlin' Hot Wings
|-resisted|p1a: Sizzlin' Hot Wings
|-damage|p1a: Sizzlin' Hot Wings|0 fnt
|faint|p1a: Sizzlin' Hot Wings
|
|win|Kaidekaida
