|html|<div class="broadcast-blue"><strong>[Gen 9] OU is currently suspecting Tera Blast! For information on how to participate check out the <a href="https://www.smogon.com/tools/suspects/view/200">suspect thread</a>.</strong></div>
|j|☆Galaxy-ice789
|j|☆SuchA_Nerd
|t:|1776045771
|gametype|singles
|player|p1|Galaxy-ice789|cilan|1171
|player|p2|SuchA_Nerd|101|1196
|gen|9
|tier|[Gen 9] OU
|rated|
|rule|HP Percentage Mod: HP is shown in percentages
|rule|Endless Battle Clause: Forcing endless battles is banned
|rule|Species Clause: Limit one of each Pokémon
|rule|OHKO Clause: OHKO moves are banned
|rule|Evasion Items Clause: Evasion items are banned
|rule|Evasion Moves Clause: Evasion moves are banned
|rule|Evasion Abilities Clause: Evasion abilities are banned
|rule|Sleep Moves Clause: Sleep-inducing moves are banned
|clearpoke
|poke|p1|Keldeo-Resolute|
|poke|p1|Gastrodon, M|
|poke|p1|Bombirdier, F|
|poke|p1|Electrode-Hisui|
|poke|p1|Cinderace, F|
|poke|p1|Ambipom, F|
|poke|p2|Tyranitar, M|
|poke|p2|Gliscor, F|
|poke|p2|Gastrodon-East, F|
|poke|p2|Corviknight, M|
|poke|p2|Glimmora, M|
|poke|p2|Hippowdon, M|
|teampreview
|inactive|Battle timer is ON: inactive players will automatically lose when time's up. (requested by SuchA_Nerd)
|
|t:|1776045779
|teamsize|p1|6
|teamsize|p2|6
|start
|switch|p1a: Amy|Ambipom, F, shiny|100/100
|switch|p2a: Glimmora|Glimmora, M|100/100
|turn|1
|
|t:|1776045790
|move|p1a: Amy|Fake Out|p2a: Glimmora
|-resisted|p2a: Glimmora
|-damage|p2a: Glimmora|80/100
|-activate|p2a: Glimmora|ability: Toxic Debris
|-sidestart|p1: Galaxy-ice789|move: Toxic Spikes
|-damage|p1a: Amy|91/100|[from] item: Life Orb
|cant|p2a: Glimmora|flinch
|
|upkeep
|turn|2
|
|t:|1776045800
|move|p1a: Amy|Triple Axel|p2a: Glimmora
|-damage|p2a: Glimmora|66/100
|-activate|p2a: Glimmora|ability: Toxic Debris
|-sidestart|p1: Galaxy-ice789|move: Toxic Spikes
|-damage|p2a: Glimmora|40/100
|-damage|p2a: Glimmora|1/100
|-hitcount|p2a: Glimmora|3
|-damage|p1a: Amy|81/100|[from] item: Life Orb
|move|p2a: Glimmora|Sludge Wave|p1a: Amy
|-damage|p1a: Amy|14/100
|
|upkeep
|turn|3
|
|t:|1776045815
|switch|p2a: Hippowdon|Hippowdon, M|100/100
|-weather|Sandstorm|[from] ability: Sand Stream|[of] p2a: Hippowdon
|move|p1a: Amy|Trailblaze|p2a: Hippowdon
|-supereffective|p2a: Hippowdon
|-damage|p2a: Hippowdon|71/100
|-boost|p1a: Amy|spe|1
|-damage|p1a: Amy|4/100|[from] item: Life Orb
|
|-weather|Sandstorm|[upkeep]
|-damage|p1a: Amy|0 fnt|[from] Sandstorm
|faint|p1a: Amy
|upkeep
|
|t:|1776045829
|switch|p1a: Cinderela|Cinderace, F, shiny|100/100
|turn|4
|
|t:|1776045836
|move|p1a: Cinderela|High Jump Kick|p2a: Hippowdon
|-start|p1a: Cinderela|typechange|Fighting|[from] ability: Libero
|-damage|p2a: Hippowdon|39/100
|move|p2a: Hippowdon|Earthquake|p1a: Cinderela
|-damage|p1a: Cinderela|58/100
|
|-weather|Sandstorm|[upkeep]
|-damage|p1a: Cinderela|51/100|[from] Sandstorm
|upkeep
|turn|5
|
|t:|1776045847
|move|p1a: Cinderela|Pyro Ball|p2a: Hippowdon
|-damage|p2a: Hippowdon|20/100
|move|p2a: Hippowdon|Slack Off|p2a: Hippowdon
|-heal|p2a: Hippowdon|70/100
|
|-weather|Sandstorm|[upkeep]
|-damage|p1a: Cinderela|45/100|[from] Sandstorm
|upkeep
|turn|6
|
|t:|1776045856
|switch|p1a: Brandi|Bombirdier, F, shiny|100/100
|move|p2a: Hippowdon|Earthquake|p1a: Brandi
|-immune|p1a: Brandi
|
|-weather|Sandstorm|[upkeep]
|-damage|p1a: Brandi|94/100|[from] Sandstorm
|upkeep
|turn|7
|
|t:|1776045865
|move|p1a: Brandi|Dual Wingbeat|p2a: Hippowdon
|-damage|p2a: Hippowdon|60/100
|-damage|p2a: Hippowdon|50/100
|-hitcount|p2a: Hippowdon|2
|-damage|p1a: Brandi|85/100|[from] item: Life Orb
|move|p2a: Hippowdon|Body Press|p1a: Brandi
|-damage|p1a: Brandi|50/100
|
|-weather|Sandstorm|[upkeep]
|-damage|p1a: Brandi|44/100|[from] Sandstorm
|upkeep
|turn|8
|
|t:|1776045877
|move|p1a: Brandi|Rock Slide|p2a: Hippowdon
|-resisted|p2a: Hippowdon
|-damage|p2a: Hippowdon|40/100
|-damage|p1a: Brandi|34/100|[from] item: Life Orb
|move|p2a: Hippowdon|Slack Off|p2a: Hippowdon
|-heal|p2a: Hippowdon|90/100
|
|-weather|Sandstorm|[upkeep]
|-damage|p1a: Brandi|28/100|[from] Sandstorm
|upkeep
|turn|9
|
|t:|1776045888
|move|p1a: Brandi|Dual Wingbeat|p2a: Hippowdon
|-damage|p2a: Hippowdon|78/100
|-damage|p2a: Hippowdon|66/100
|-hitcount|p2a: Hippowdon|2
|-damage|p1a: Brandi|18/100|[from] item: Life Orb
|move|p2a: Hippowdon|Whirlwind|p1a: Brandi
|drag|p1a: Cinderela|Cinderace, F, shiny|45/100
|
|-weather|Sandstorm|[upkeep]
|-damage|p1a: Cinderela|39/100|[from] Sandstorm
|upkeep
|turn|10
|
|t:|1776045900
|move|p1a: Cinderela|Court Change|p1a: Cinderela
|-start|p1a: Cinderela|typechange|Normal|[from] ability: Libero
|-swapsideconditions
|-activate|p1a: Cinderela|move: Court Change
|move|p2a: Hippowdon|Slack Off|p2a: Hippowdon
|-heal|p2a: Hippowdon|100/100
|
|-weather|none
|upkeep
|turn|11
|
|t:|1776045908
|switch|p1a: Brandi|Bombirdier, F, shiny|18/100
|move|p2a: Hippowdon|Body Press|p1a: Brandi
|-damage|p1a: Brandi|0 fnt
|faint|p1a: Brandi
|
|upkeep
|
|t:|1776045915
|switch|p1a: Kail|Keldeo-Resolute|100/100
|turn|12
|
|t:|1776045924
|switch|p2a: Glimmora|Glimmora, M|1/100
|-sideend|p2: SuchA_Nerd|move: Toxic Spikes|[of] p2a: Glimmora
|move|p1a: Kail|Icy Wind|p2a: Glimmora
|-damage|p2a: Glimmora|0 fnt
|faint|p2a: Glimmora
|
|upkeep
|
|t:|1776045935
|switch|p2a: Tyranitar|Tyranitar, M|100/100
|-weather|Sandstorm|[from] ability: Sand Stream|[of] p2a: Tyranitar
|turn|13
|
|t:|1776045941
|switch|p2a: Gastrodon|Gastrodon-East, F|100/100
|move|p1a: Kail|Secret Sword|p2a: Gastrodon
|-damage|p2a: Gastrodon|58/100
|
|-weather|Sandstorm|[upkeep]
|-damage|p1a: Kail|94/100|[from] Sandstorm
|-heal|p2a: Gastrodon|64/100|[from] item: Leftovers
|upkeep
|turn|14
|
|t:|1776045953
|move|p1a: Kail|Secret Sword|p2a: Gastrodon
|-damage|p2a: Gastrodon|23/100
|move|p2a: Gastrodon|Recover|p2a: Gastrodon
|-heal|p2a: Gastrodon|73/100
|
|-weather|Sandstorm|[upkeep]
|-damage|p1a: Kail|88/100|[from] Sandstorm
|-heal|p2a: Gastrodon|79/100|[from] item: Leftovers
|upkeep
|turn|15
|
|t:|1776045964
|move|p1a: Kail|Air Slash|p2a: Gastrodon
|-damage|p2a: Gastrodon|64/100
|move|p2a: Gastrodon|Spikes|p1a: Kail
|-sidestart|p1: Galaxy-ice789|Spikes
|
|-weather|Sandstorm|[upkeep]
|-damage|p1a: Kail|82/100|[from] Sandstorm
|-heal|p2a: Gastrodon|70/100|[from] item: Leftovers
|upkeep
|turn|16
|
|t:|1776045975
|move|p1a: Kail|Air Slash|p2a: Gastrodon
|-damage|p2a: Gastrodon|53/100
|move|p2a: Gastrodon|Recover|p2a: Gastrodon
|-heal|p2a: Gastrodon|100/100
|
|-weather|Sandstorm|[upkeep]
|-damage|p1a: Kail|76/100|[from] Sandstorm
|upkeep
|turn|17
|
|t:|1776045984
|move|p1a: Kail|Icy Wind|p2a: Gastrodon
|-damage|p2a: Gastrodon|90/100
|-unboost|p2a: Gastrodon|spe|1
|move|p2a: Gastrodon|Whirlpool|p1a: Kail
|-resisted|p1a: Kail
|-damage|p1a: Kail|70/100
|-activate|p1a: Kail|move: Whirlpool|[of] p2a: Gastrodon
|
|-weather|Sandstorm|[upkeep]
|-damage|p1a: Kail|64/100|[from] Sandstorm
|-heal|p2a: Gastrodon|96/100|[from] item: Leftovers
|-damage|p1a: Kail|52/100|[from] move: Whirlpool|[partiallytrapped]
|upkeep
|turn|18
|
|t:|1776046005
|move|p1a: Kail|Secret Sword|p2a: Gastrodon
|-damage|p2a: Gastrodon|54/100
|move|p2a: Gastrodon|Clear Smog|p1a: Kail
|-damage|p1a: Kail|40/100
|-clearboost|p1a: Kail
|
|-weather|Sandstorm|[upkeep]
|-damage|p1a: Kail|34/100|[from] Sandstorm
|-heal|p2a: Gastrodon|60/100|[from] item: Leftovers
|-damage|p1a: Kail|21/100|[from] move: Whirlpool|[partiallytrapped]
|upkeep
|turn|19
|
|t:|1776046018
|move|p1a: Kail|Secret Sword|p2a: Gastrodon
|-damage|p2a: Gastrodon|17/100
|move|p2a: Gastrodon|Recover|p2a: Gastrodon
|-heal|p2a: Gastrodon|67/100
|
|-weather|Sandstorm|[upkeep]
|-damage|p1a: Kail|15/100|[from] Sandstorm
|-heal|p2a: Gastrodon|73/100|[from] item: Leftovers
|-damage|p1a: Kail|3/100|[from] move: Whirlpool|[partiallytrapped]
|upkeep
|turn|20
|
|t:|1776046029
|move|p1a: Kail|Secret Sword|p2a: Gastrodon
|-crit|p2a: Gastrodon
|-damage|p2a: Gastrodon|3/100
|move|p2a: Gastrodon|Recover|p2a: Gastrodon
|-heal|p2a: Gastrodon|53/100
|
|-weather|none
|-heal|p2a: Gastrodon|59/100|[from] item: Leftovers
|-damage|p1a: Kail|0 fnt|[from] move: Whirlpool|[partiallytrapped]
|faint|p1a: Kail
|upkeep
|
|t:|1776046036
|switch|p1a: Elen|Electrode-Hisui, shiny|100/100
|-damage|p1a: Elen|88/100|[from] Spikes
|turn|21
|
|t:|1776046052
|switch|p2a: Hippowdon|Hippowdon, M|100/100
|-weather|Sandstorm|[from] ability: Sand Stream|[of] p2a: Hippowdon
|move|p1a: Elen|Energy Ball|p2a: Hippowdon
|-supereffective|p2a: Hippowdon
|-damage|p2a: Hippowdon|3/100
|-damage|p1a: Elen|78/100|[from] item: Life Orb
|
|-weather|Sandstorm|[upkeep]
|-damage|p1a: Elen|72/100|[from] Sandstorm
|upkeep
|turn|22
|
|t:|1776046066
|move|p1a: Elen|Energy Ball|p2a: Hippowdon
|-supereffective|p2a: Hippowdon
|-damage|p2a: Hippowdon|0 fnt
|faint|p2a: Hippowdon
|-damage|p1a: Elen|62/100|[from] item: Life Orb
|
|-weather|Sandstorm|[upkeep]
|-damage|p1a: Elen|56/100|[from] Sandstorm
|upkeep
|
|t:|1776046078
|switch|p2a: Corviknight|Corviknight, M|100/100
|-ability|p2a: Corviknight|Pressure
|turn|23
|
|t:|1776046089
|move|p1a: Elen|Discharge|p2a: Corviknight
|-supereffective|p2a: Corviknight
|-damage|p2a: Corviknight|18/100
|-damage|p1a: Elen|47/100|[from] item: Life Orb
|move|p2a: Corviknight|Body Press|p1a: Elen
|-damage|p1a: Elen|9/100
|
|-weather|Sandstorm|[upkeep]
|-damage|p1a: Elen|3/100|[from] Sandstorm
|upkeep
|turn|24
|
|t:|1776046101
|move|p1a: Elen|Explosion|p2a: Corviknight
|-resisted|p2a: Corviknight
|-damage|p2a: Corviknight|7/100
|faint|p1a: Elen
|move|p2a: Corviknight|Brave Bird|p1: Elen|[notarget]
|-fail|p2a: Corviknight
|
|-weather|Sandstorm|[upkeep]
|upkeep
|
|t:|1776046106
|switch|p1a: Cinderela|Cinderace, F, shiny|39/100
|turn|25
|
|t:|1776046111
|move|p1a: Cinderela|Pyro Ball|p2a: Corviknight
|-supereffective|p2a: Corviknight
|-damage|p2a: Corviknight|0 fnt
|faint|p2a: Corviknight
|
|-weather|Sandstorm|[upkeep]
|-damage|p1a: Cinderela|33/100|[from] Sandstorm
|upkeep
|
|t:|1776046118
|switch|p2a: Gliscor|Gliscor, F|100/100
|turn|26
|
|t:|1776046125
|move|p2a: Gliscor|Swords Dance|p2a: Gliscor
|-boost|p2a: Gliscor|atk|2
|move|p1a: Cinderela|Pyro Ball|p2a: Gliscor
|-damage|p2a: Gliscor|44/100
|-status|p2a: Gliscor|brn
|
|-weather|Sandstorm|[upkeep]
|-damage|p1a: Cinderela|26/100|[from] Sandstorm
|-damage|p2a: Gliscor|38/100 brn|[from] brn
|upkeep
|turn|27
|
|t:|1776046137
|move|p1a: Cinderela|Sucker Punch|p2a: Gliscor
|-start|p1a: Cinderela|typechange|Dark|[from] ability: Libero
|-damage|p2a: Gliscor|5/100 brn
|move|p2a: Gliscor|Earthquake|p1a: Cinderela
|-damage|p1a: Cinderela|0 fnt
|faint|p1a: Cinderela
|
|-weather|Sandstorm|[upkeep]
|-damage|p2a: Gliscor|0 fnt|[from] brn
|faint|p2a: Gliscor
|upkeep
|
|t:|1776046158
|switch|p2a: Gastrodon|Gastrodon-East, F|59/100
|switch|p1a: Gary|Gastrodon, M, shiny|100/100
|-damage|p1a: Gary|88/100|[from] Spikes
|turn|28
|
|t:|1776046167
|move|p1a: Gary|Sludge Bomb|p2a: Gastrodon
|-resisted|p2a: Gastrodon
|-damage|p2a: Gastrodon|51/100
|move|p2a: Gastrodon|Clear Smog|p1a: Gary
|-resisted|p1a: Gary
|-damage|p1a: Gary|83/100
|-clearboost|p1a: Gary
|
|-weather|none
|-heal|p1a: Gary|89/100|[from] item: Leftovers
|-heal|p2a: Gastrodon|57/100|[from] item: Leftovers
|upkeep
|turn|29
|
|t:|1776046180
|move|p1a: Gary|Sludge Bomb|p2a: Gastrodon
|-resisted|p2a: Gastrodon
|-damage|p2a: Gastrodon|49/100
|move|p2a: Gastrodon|Recover|p2a: Gastrodon
|-heal|p2a: Gastrodon|99/100
|
|-heal|p1a: Gary|96/100|[from] item: Leftovers
|-heal|p2a: Gastrodon|100/100|[from] item: Leftovers
|upkeep
|turn|30
|
|t:|1776046191
|switch|p2a: Tyranitar|Tyranitar, M|100/100
|-weather|Sandstorm|[from] ability: Sand Stream|[of] p2a: Tyranitar
|move|p1a: Gary|Sludge Bomb|p2a: Tyranitar
|-resisted|p2a: Tyranitar
|-damage|p2a: Tyranitar|96/100
|
|-weather|Sandstorm|[upkeep]
|-heal|p1a: Gary|100/100|[from] item: Leftovers
|upkeep
|turn|31
|
|t:|1776046203
|move|p2a: Tyranitar|Knock Off|p1a: Gary
|-damage|p1a: Gary|58/100
|-enditem|p1a: Gary|Leftovers|[from] move: Knock Off|[of] p2a: Tyranitar
|move|p1a: Gary|Earth Power|p2a: Tyranitar
|-supereffective|p2a: Tyranitar
|-damage|p2a: Tyranitar|66/100
|
|-weather|Sandstorm|[upkeep]
|upkeep
|turn|32
|
|t:|1776046218
|move|p2a: Tyranitar|Knock Off|p1a: Gary
|-damage|p1a: Gary|27/100
|move|p1a: Gary|Recover|p1a: Gary
|-heal|p1a: Gary|77/100
|
|-weather|Sandstorm|[upkeep]
|upkeep
|turn|33
|
|t:|1776046225
|move|p2a: Tyranitar|Knock Off|p1a: Gary
|-damage|p1a: Gary|48/100
|move|p1a: Gary|Earth Power|p2a: Tyranitar
|-supereffective|p2a: Tyranitar
|-crit|p2a: Tyranitar
|-damage|p2a: Tyranitar|21/100
|
|-weather|Sandstorm|[upkeep]
|upkeep
|turn|34
|
|t:|1776046233
|move|p2a: Tyranitar|Knock Off|p1a: Gary
|-damage|p1a: Gary|19/100
|move|p1a: Gary|Recover|p1a: Gary
|-heal|p1a: Gary|69/100
|
|-weather|Sandstorm|[upkeep]
|upkeep
|turn|35
|
|t:|1776046241
|move|p2a: Tyranitar|Knock Off|p1a: Gary
|-damage|p1a: Gary|39/100
|move|p1a: Gary|Recover|p1a: Gary
|-heal|p1a: Gary|89/100
|
|-weather|Sandstorm|[upkeep]
|upkeep
|turn|36
|
|t:|1776046248
|move|p2a: Tyranitar|Knock Off|p1a: Gary
|-damage|p1a: Gary|61/100
|move|p1a: Gary|Earth Power|p2a: Tyranitar
|-supereffective|p2a: Tyranitar
|-damage|p2a: Tyranitar|0 fnt
|faint|p2a: Tyranitar
|
|-weather|Sandstorm|[upkeep]
|upkeep
|
|t:|1776046257
|switch|p2a: Gastrodon|Gastrodon-East, F|100/100
|turn|37
|
|t:|1776046263
|move|p1a: Gary|Sludge Bomb|p2a: Gastrodon
|-resisted|p2a: Gastrodon
|-damage|p2a: Gastrodon|93/100
|move|p2a: Gastrodon|Clear Smog|p1a: Gary
|-resisted|p1a: Gary
|-crit|p1a: Gary
|-damage|p1a: Gary|54/100
|-clearboost|p1a: Gary
|
|-weather|none
|-heal|p2a: Gastrodon|99/100|[from] item: Leftovers
|upkeep
|turn|38
|-message|SuchA_Nerd forfeited.
|
|win|Galaxy-ice789
|raw|Galaxy-ice789's rating: 1171 &rarr; <strong>1198</strong><br />(+27 for winning)
|raw|SuchA_Nerd's rating: 1196 &rarr; <strong>1169</strong><br />(-27 for losing)
|l|☆SuchA_Nerd
|player|p2|
|l|☆Galaxy-ice789
|player|p1|
