|html|<div class="broadcast-blue"><strong>[Gen 9] OU is currently suspecting Tera Blast! For information on how to participate check out the <a href="https://www.smogon.com/tools/suspects/view/200">suspect thread</a>.</strong></div>
|j|☆mlgbd
|j|☆STONE CHAI
|t:|1776074875
|gametype|singles
|player|p1|mlgbd|n|1442
|player|p2|STONE CHAI|266|1445
|gen|9
|tier|[Gen 9] OU
|rated|
|rule|HP Percentage Mod: HP is shown in percentages
|rule|Endless Battle Clause: Forcing endless battles is banned
|rule|Species Clause: Limit one of each Pokémon
|rule|OHKO Clause: OHKO moves are banned
|rule|Evasion Items Clause: Evasion items are banned
|rule|Evasion Moves Clause: Evasion moves are banned
|rule|Evasion Abilities Clause: Evasion abilities are banned
|rule|Sleep Moves Clause: Sleep-inducing moves are banned
|clearpoke
|poke|p1|Vikavolt, M|
|poke|p1|Pecharunt|
|poke|p1|Iron Moth|
|poke|p1|Kyurem|
|poke|p1|Great Tusk|
|poke|p1|Ogerpon-Cornerstone, F|
|poke|p2|Tinkaton, F|
|poke|p2|Ogerpon, F|
|poke|p2|Great Tusk|
|poke|p2|Pecharunt|
|poke|p2|Alomomola, M|
|poke|p2|Hydreigon, M|
|teampreview
|inactive|Battle timer is ON: inactive players will automatically lose when time's up. (requested by mlgbd)
|
|t:|1776074894
|teamsize|p1|6
|teamsize|p2|6
|start
|switch|p1a: 猜猜是谁不会飞🤔|Vikavolt, M|100/100
|switch|p2a: Smile.exe|Tinkaton, F, shiny|100/100
|-item|p2a: Smile.exe|Air Balloon
|turn|1
|
|t:|1776074902
|move|p2a: Smile.exe|Stealth Rock|p1a: 猜猜是谁不会飞🤔
|-sidestart|p1: mlgbd|move: Stealth Rock
|move|p1a: 猜猜是谁不会飞🤔|Thunder Wave|p2a: Smile.exe
|-status|p2a: Smile.exe|par
|
|upkeep
|turn|2
|
|t:|1776074906
|move|p2a: Smile.exe|Encore|p1a: 猜猜是谁不会飞🤔
|-start|p1a: 猜猜是谁不会飞🤔|Encore
|move|p1a: 猜猜是谁不会飞🤔|Thunder Wave|p2a: Smile.exe|[miss]
|-miss|p1a: 猜猜是谁不会飞🤔|p2a: Smile.exe
|
|upkeep
|turn|3
|
|t:|1776074911
|switch|p2a: Behemoth|Great Tusk, shiny|100/100
|switch|p1a: 宝宝你是一块香香软软的蓝莓小蛋糕🥺|Great Tusk|100/100
|
|upkeep
|turn|4
|
|t:|1776074921
|move|p2a: Behemoth|Ice Spinner|p1a: 宝宝你是一块香香软软的蓝莓小蛋糕🥺
|-supereffective|p1a: 宝宝你是一块香香软软的蓝莓小蛋糕🥺
|-damage|p1a: 宝宝你是一块香香软软的蓝莓小蛋糕🥺|63/100
|move|p1a: 宝宝你是一块香香软软的蓝莓小蛋糕🥺|Rapid Spin|p2a: Behemoth
|-crit|p2a: Behemoth
|-damage|p2a: Behemoth|83/100
|-boost|p1a: 宝宝你是一块香香软软的蓝莓小蛋糕🥺|spe|1
|-sideend|p1: mlgbd|Stealth Rock|[from] move: Rapid Spin|[of] p1a: 宝宝你是一块香香软软的蓝莓小蛋糕🥺
|
|upkeep
|turn|5
|
|t:|1776074928
|move|p1a: 宝宝你是一块香香软软的蓝莓小蛋糕🥺|Ice Spinner|p2a: Behemoth
|-supereffective|p2a: Behemoth
|-damage|p2a: Behemoth|42/100
|move|p2a: Behemoth|Ice Spinner|p1a: 宝宝你是一块香香软软的蓝莓小蛋糕🥺
|-supereffective|p1a: 宝宝你是一块香香软软的蓝莓小蛋糕🥺
|-damage|p1a: 宝宝你是一块香香软软的蓝莓小蛋糕🥺|19/100
|
|upkeep
|turn|6
|
|t:|1776074934
|-end|p2a: Behemoth|Protosynthesis|[silent]
|switch|p2a: Overseer|Pecharunt|100/100
|move|p1a: 宝宝你是一块香香软软的蓝莓小蛋糕🥺|Ice Spinner|p2a: Overseer
|-damage|p2a: Overseer|88/100
|-damage|p1a: 宝宝你是一块香香软软的蓝莓小蛋糕🥺|3/100|[from] item: Rocky Helmet|[of] p2a: Overseer
|
|upkeep
|turn|7
|
|t:|1776074945
|move|p1a: 宝宝你是一块香香软软的蓝莓小蛋糕🥺|Headlong Rush|p2a: Overseer
|-supereffective|p2a: Overseer
|-damage|p2a: Overseer|25/100
|-unboost|p1a: 宝宝你是一块香香软软的蓝莓小蛋糕🥺|def|1
|-unboost|p1a: 宝宝你是一块香香软软的蓝莓小蛋糕🥺|spd|1
|-damage|p1a: 宝宝你是一块香香软软的蓝莓小蛋糕🥺|0 fnt|[from] item: Rocky Helmet|[of] p2a: Overseer
|faint|p1a: 宝宝你是一块香香软软的蓝莓小蛋糕🥺
|-end|p1a: 宝宝你是一块香香软软的蓝莓小蛋糕🥺|Protosynthesis|[silent]
|move|p2a: Overseer|Shadow Ball|p1: 宝宝你是一块香香软软的蓝莓小蛋糕🥺|[notarget]
|-fail|p2a: Overseer
|
|upkeep
|
|t:|1776074965
|switch|p1a: 猜猜是谁不会飞🤔|Vikavolt, M|100/100
|turn|8
|
|t:|1776074973
|move|p2a: Overseer|Parting Shot|p1a: 猜猜是谁不会飞🤔
|-unboost|p1a: 猜猜是谁不会飞🤔|atk|1
|-unboost|p1a: 猜猜是谁不会飞🤔|spa|1
|
|t:|1776074991
|switch|p2a: Pisces|Alomomola, M, shiny|100/100|[from] Parting Shot
|move|p1a: 猜猜是谁不会飞🤔|Sticky Web|p2a: Pisces
|-sidestart|p2: STONE CHAI|move: Sticky Web
|
|upkeep
|turn|9
|
|t:|1776074998
|move|p1a: 猜猜是谁不会飞🤔|Thunderbolt|p2a: Pisces
|-supereffective|p2a: Pisces
|-damage|p2a: Pisces|61/100
|move|p2a: Pisces|Mirror Coat|p1a: 猜猜是谁不会飞🤔
|-enditem|p1a: 猜猜是谁不会飞🤔|Focus Sash
|-damage|p1a: 猜猜是谁不会飞🤔|1/100
|
|upkeep
|turn|10
|
|t:|1776075004
|move|p2a: Pisces|Aqua Jet|p1a: 猜猜是谁不会飞🤔
|-damage|p1a: 猜猜是谁不会飞🤔|0 fnt
|faint|p1a: 猜猜是谁不会飞🤔
|
|upkeep
|
|t:|1776075020
|switch|p1a: 究竟是什么实力居然能一直留在ou😨|Kyurem|100/100
|-ability|p1a: 究竟是什么实力居然能一直留在ou😨|Pressure
|turn|11
|
|t:|1776075033
|move|p1a: 究竟是什么实力居然能一直留在ou😨|Freeze-Dry|p2a: Pisces
|-supereffective|p2a: Pisces
|-damage|p2a: Pisces|21/100
|move|p2a: Pisces|Flip Turn|p1a: 究竟是什么实力居然能一直留在ou😨
|-resisted|p1a: 究竟是什么实力居然能一直留在ou😨
|-damage|p1a: 究竟是什么实力居然能一直留在ou😨|93/100
|
|t:|1776075050
|switch|p2a: Behemoth|Great Tusk, shiny|42/100|[from] Flip Turn
|
|upkeep
|turn|12
|
|t:|1776075057
|move|p2a: Behemoth|Headlong Rush|p1a: 究竟是什么实力居然能一直留在ou😨
|-damage|p1a: 究竟是什么实力居然能一直留在ou😨|39/100
|-unboost|p2a: Behemoth|def|1
|-unboost|p2a: Behemoth|spd|1
|move|p1a: 究竟是什么实力居然能一直留在ou😨|Freeze-Dry|p2a: Behemoth
|-supereffective|p2a: Behemoth
|-damage|p2a: Behemoth|0 fnt
|faint|p2a: Behemoth
|-end|p2a: Behemoth|Protosynthesis|[silent]
|
|upkeep
|
|t:|1776075075
|switch|p2a: Hybrid|Hydreigon, M, shiny|100/100
|turn|13
|
|t:|1776075079
|-terastallize|p1a: 究竟是什么实力居然能一直留在ou😨|Fairy
|move|p2a: Hybrid|Flash Cannon|p1a: 究竟是什么实力居然能一直留在ou😨
|-supereffective|p1a: 究竟是什么实力居然能一直留在ou😨
|-damage|p1a: 究竟是什么实力居然能一直留在ou😨|0 fnt
|faint|p1a: 究竟是什么实力居然能一直留在ou😨
|
|upkeep
|
|t:|1776075102
|switch|p1a: 机智的蛾企🤓|Iron Moth|100/100
|-enditem|p1a: 机智的蛾企🤓|Booster Energy
|-activate|p1a: 机智的蛾企🤓|ability: Quark Drive|[fromitem]
|-start|p1a: 机智的蛾企🤓|quarkdrivespa
|turn|14
|
|t:|1776075112
|switch|p2a: Overseer|Pecharunt|25/100
|-activate|p2a: Overseer|move: Sticky Web
|-unboost|p2a: Overseer|spe|1
|move|p1a: 机智的蛾企🤓|Fiery Dance|p2a: Overseer
|-crit|p2a: Overseer
|-damage|p2a: Overseer|0 fnt
|-boost|p1a: 机智的蛾企🤓|spa|1
|faint|p2a: Overseer
|
|upkeep
|
|t:|1776075122
|switch|p2a: Pisces|Alomomola, M, shiny|55/100
|-activate|p2a: Pisces|move: Sticky Web
|-unboost|p2a: Pisces|spe|1
|turn|15
|
|t:|1776075147
|move|p1a: 机智的蛾企🤓|Energy Ball|p2a: Pisces
|-supereffective|p2a: Pisces
|-damage|p2a: Pisces|0 fnt
|faint|p2a: Pisces
|
|upkeep
|
|t:|1776075158
|switch|p2a: Anonymous|Ogerpon, F|100/100
|-activate|p2a: Anonymous|move: Sticky Web
|-unboost|p2a: Anonymous|spe|1
|-ability|p2a: Anonymous|Defiant|boost
|-boost|p2a: Anonymous|atk|2
|turn|16
|
|t:|1776075163
|-terastallize|p2a: Anonymous|Grass
|detailschange|p2a: Anonymous|Ogerpon-Teal-Tera, F, tera:Grass
|-ability|p2a: Anonymous|Embody Aspect (Teal)|boost
|-boost|p2a: Anonymous|spe|1
|move|p1a: 机智的蛾企🤓|Fiery Dance|p2a: Anonymous
|-supereffective|p2a: Anonymous
|-damage|p2a: Anonymous|0 fnt
|faint|p2a: Anonymous
|detailschange|p2: Anonymous|Ogerpon, F|[silent]
|
|upkeep
|
|t:|1776075173
|switch|p2a: Hybrid|Hydreigon, M, shiny|100/100
|turn|17
|
|t:|1776075177
|move|p1a: 机智的蛾企🤓|Dazzling Gleam|p2a: Hybrid
|-supereffective|p2a: Hybrid
|-damage|p2a: Hybrid|0 fnt
|faint|p2a: Hybrid
|
|upkeep
|
|t:|1776075182
|switch|p2a: Smile.exe|Tinkaton, F, shiny|100/100 par
|-item|p2a: Smile.exe|Air Balloon
|turn|18
|
|t:|1776075186
|move|p1a: 机智的蛾企🤓|Fiery Dance|p2a: Smile.exe
|-supereffective|p2a: Smile.exe
|-damage|p2a: Smile.exe|0 fnt
|-enditem|p2a: Smile.exe|Air Balloon
|faint|p2a: Smile.exe
|
|win|mlgbd
|raw|mlgbd's rating: 1442 &rarr; <strong>1462</strong><br />(+20 for winning)
|raw|STONE CHAI's rating: 1445 &rarr; <strong>1425</strong><br />(-20 for losing)
|l|☆STONE CHAI
|player|p2|
