|html|<div class="broadcast-blue"><strong>[Gen 9] OU is currently suspecting Tera Blast! For information on how to participate check out the <a href="https://www.smogon.com/tools/suspects/view/200">suspect thread</a>.</strong></div>
|j|☆Great_angel
|j|☆BrokenSand
|t:|1776089217
|gametype|singles
|player|p1|Great_angel|266|1079
|player|p2|BrokenSand|101|1000
|gen|9
|tier|[Gen 9] OU
|rated|
|rule|HP Percentage Mod: HP is shown in percentages
|rule|Endless Battle Clause: Forcing endless battles is banned
|rule|Species Clause: Limit one of each Pokémon
|rule|OHKO Clause: OHKO moves are banned
|rule|Evasion Items Clause: Evasion items are banned
|rule|Evasion Moves Clause: Evasion moves are banned
|rule|Evasion Abilities Clause: Evasion abilities are banned
|rule|Sleep Moves Clause: Sleep-inducing moves are banned
|clearpoke
|poke|p1|Diancie|
|poke|p1|Armarouge, M|
|poke|p1|Goodra-Hisui, F|
|poke|p1|Weavile, M|
|poke|p1|Corviknight, F|
|poke|p1|Garchomp, F|
|poke|p2|Seviper, M|
|poke|p2|Arbok, M|
|poke|p2|Serperior, F|
|poke|p2|Sandaconda, M|
|poke|p2|Milotic, F|
|poke|p2|Eelektross, F|
|teampreview
|inactive|Battle timer is ON: inactive players will automatically lose when time's up. (requested by Great_angel)
|
|t:|1776089225
|teamsize|p1|6
|teamsize|p2|6
|start
|switch|p1a: Diancie|Diancie|100/100
|switch|p2a: Eelektross|Eelektross, F|100/100
|turn|1
|
|t:|1776089240
|move|p1a: Diancie|Reflect|p1a: Diancie
|-sidestart|p1: Great_angel|Reflect
|move|p2a: Eelektross|Knock Off|p1a: Diancie
|-resisted|p1a: Diancie
|-damage|p1a: Diancie|96/100
|-enditem|p1a: Diancie|Leftovers|[from] move: Knock Off|[of] p2a: Eelektross
|
|upkeep
|turn|2
|
|t:|1776089250
|move|p1a: Diancie|Stealth Rock|p2a: Eelektross
|-sidestart|p2: BrokenSand|move: Stealth Rock
|move|p2a: Eelektross|Volt Switch|p1a: Diancie
|-damage|p1a: Diancie|75/100
|
|t:|1776089257
|switch|p2a: Sandaconda|Sandaconda, M|100/100|[from] Volt Switch
|-damage|p2a: Sandaconda|94/100|[from] Stealth Rock
|
|upkeep
|turn|3
|
|t:|1776089268
|switch|p1a: Goodra|Goodra-Hisui, F|100/100
|move|p2a: Sandaconda|Glare|p1a: Goodra
|-status|p1a: Goodra|par
|
|upkeep
|turn|4
|
|t:|1776089274
|move|p2a: Sandaconda|Stealth Rock|p1a: Goodra
|-sidestart|p1: Great_angel|move: Stealth Rock
|cant|p1a: Goodra|par
|
|upkeep
|turn|5
|
|t:|1776089278
|move|p2a: Sandaconda|Rock Tomb|p1a: Goodra
|-resisted|p1a: Goodra
|-damage|p1a: Goodra|97/100 par
|-unboost|p1a: Goodra|spe|1
|move|p1a: Goodra|Ice Beam|p2a: Sandaconda
|-supereffective|p2a: Sandaconda
|-damage|p2a: Sandaconda|11/100
|
|-sideend|p1: Great_angel|Reflect
|upkeep
|turn|6
|
|t:|1776089288
|switch|p1a: Armarouge|Armarouge, M|100/100
|-damage|p1a: Armarouge|76/100|[from] Stealth Rock
|move|p2a: Sandaconda|Rest|p2a: Sandaconda
|-status|p2a: Sandaconda|slp|[from] move: Rest
|-heal|p2a: Sandaconda|100/100 slp|[silent]
|
|-activate|p2a: Sandaconda|ability: Shed Skin
|-curestatus|p2a: Sandaconda|slp|[msg]
|upkeep
|turn|7
|
|t:|1776089298
|move|p1a: Armarouge|Will-O-Wisp|p2a: Sandaconda
|-status|p2a: Sandaconda|brn
|move|p2a: Sandaconda|Rock Tomb|p1a: Armarouge
|-supereffective|p1a: Armarouge
|-damage|p1a: Armarouge|62/100
|-unboost|p1a: Armarouge|spe|1
|-ability|p1a: Armarouge|Weak Armor|boost
|-unboost|p1a: Armarouge|def|1
|-boost|p1a: Armarouge|spe|2
|
|-damage|p2a: Sandaconda|94/100 brn|[from] brn
|upkeep
|turn|8
|
|t:|1776089310
|switch|p1a: Goodra|Goodra-Hisui, F|97/100 par
|-damage|p1a: Goodra|91/100 par|[from] Stealth Rock
|move|p2a: Sandaconda|Glare|p1a: Goodra
|-fail|p1a: Goodra|par
|
|-activate|p2a: Sandaconda|ability: Shed Skin
|-curestatus|p2a: Sandaconda|brn|[msg]
|upkeep
|turn|9
|
|t:|1776089328
|switch|p2a: Milotic|Milotic, F|100/100
|-damage|p2a: Milotic|88/100|[from] Stealth Rock
|cant|p1a: Goodra|par
|
|-status|p2a: Milotic|brn|[from] item: Flame Orb
|upkeep
|turn|10
|
|t:|1776089341
|move|p2a: Milotic|Ice Beam|p1a: Goodra
|-damage|p1a: Goodra|81/100 par
|cant|p1a: Goodra|par
|
|-damage|p2a: Milotic|82/100 brn|[from] brn
|upkeep
|turn|11
|
|t:|1776089351
|move|p2a: Milotic|Draining Kiss|p1a: Goodra
|-damage|p1a: Goodra|77/100 par
|-heal|p2a: Milotic|86/100 brn|[from] drain|[of] p1a: Goodra
|-ability|p1a: Goodra|Gooey
|-unboost|p2a: Milotic|spe|1
|cant|p1a: Goodra|par
|
|-damage|p2a: Milotic|79/100 brn|[from] brn
|upkeep
|turn|12
|
|t:|1776089364
|switch|p2a: Seviper|Seviper, M|100/100
|-damage|p2a: Seviper|88/100|[from] Stealth Rock
|move|p1a: Goodra|Dragon Tail|p2a: Seviper|[miss]
|-miss|p1a: Goodra|p2a: Seviper
|
|upkeep
|turn|13
|inactive|Great_angel has 120 seconds left.
|l|☆Great_angel
|inactive|Great_angel disconnected and has a minute to reconnect!
|player|p1|
|j|☆Great_angel
|inactive|Great_angel reconnected and has 100 seconds left.
|player|p1|Great_angel|266|
|
|t:|1776089420
|switch|p1a: Diancie|Diancie|75/100
|-damage|p1a: Diancie|62/100|[from] Stealth Rock
|move|p2a: Seviper|Flamethrower|p1a: Diancie
|-resisted|p1a: Diancie
|-damage|p1a: Diancie|54/100
|
|upkeep
|turn|14
|inactive|BrokenSand has 120 seconds left.
|
|t:|1776089451
|move|p2a: Seviper|Flamethrower|p1a: Diancie
|-resisted|p1a: Diancie
|-crit|p1a: Diancie
|-damage|p1a: Diancie|42/100
|move|p1a: Diancie|Diamond Storm|p2a: Seviper
|-damage|p2a: Seviper|21/100
|-boost|p1a: Diancie|def|2
|
|upkeep
|turn|15
|
|t:|1776089460
|switch|p2a: Sandaconda|Sandaconda, M|94/100
|-damage|p2a: Sandaconda|88/100|[from] Stealth Rock
|move|p1a: Diancie|Diamond Storm|p2a: Sandaconda
|-resisted|p2a: Sandaconda
|-damage|p2a: Sandaconda|79/100
|-boost|p1a: Diancie|def|2
|
|upkeep
|turn|16
|
|t:|1776089468
|move|p2a: Sandaconda|Glare|p1a: Diancie
|-status|p1a: Diancie|par
|cant|p1a: Diancie|par
|
|upkeep
|turn|17
|inactive|BrokenSand has 120 seconds left.
|
|t:|1776089474
|move|p2a: Sandaconda|Rock Tomb|p1a: Diancie
|-damage|p1a: Diancie|38/100 par
|move|p1a: Diancie|Reflect|p1a: Diancie
|-sidestart|p1: Great_angel|Reflect
|
|upkeep
|turn|18
|
|t:|1776089479
|move|p2a: Sandaconda|Rock Tomb|p1a: Diancie
|-damage|p1a: Diancie|36/100 par
|move|p1a: Diancie|Body Press|p2a: Sandaconda
|-damage|p2a: Sandaconda|28/100
|-damage|p1a: Diancie|20/100 par|[from] item: Rocky Helmet|[of] p2a: Sandaconda
|
|upkeep
|turn|19
|
|t:|1776089487
|move|p2a: Sandaconda|Rest|p2a: Sandaconda
|-status|p2a: Sandaconda|slp|[from] move: Rest
|-heal|p2a: Sandaconda|100/100 slp|[silent]
|move|p1a: Diancie|Body Press|p2a: Sandaconda
|-damage|p2a: Sandaconda|45/100 slp
|-damage|p1a: Diancie|3/100 par|[from] item: Rocky Helmet|[of] p2a: Sandaconda
|
|-activate|p2a: Sandaconda|ability: Shed Skin
|-curestatus|p2a: Sandaconda|slp|[msg]
|upkeep
|turn|20
|
|t:|1776089498
|move|p2a: Sandaconda|Rest|p2a: Sandaconda
|-status|p2a: Sandaconda|slp|[from] move: Rest
|-heal|p2a: Sandaconda|100/100 slp|[silent]
|cant|p1a: Diancie|par
|
|-activate|p2a: Sandaconda|ability: Shed Skin
|-curestatus|p2a: Sandaconda|slp|[msg]
|upkeep
|turn|21
|
|t:|1776089505
|move|p2a: Sandaconda|Rock Tomb|p1a: Diancie
|-damage|p1a: Diancie|1/100 par
|move|p1a: Diancie|Body Press|p2a: Sandaconda
|-damage|p2a: Sandaconda|48/100
|-damage|p1a: Diancie|0 fnt|[from] item: Rocky Helmet|[of] p2a: Sandaconda
|faint|p1a: Diancie
|
|-sideend|p1: Great_angel|Reflect
|upkeep
|
|t:|1776089509
|switch|p1a: Weavile|Weavile, M|100/100
|-ability|p1a: Weavile|Pressure
|turn|22
|
|t:|1776089518
|switch|p1a: Goodra|Goodra-Hisui, F|77/100 par
|-damage|p1a: Goodra|70/100 par|[from] Stealth Rock
|-terastallize|p2a: Sandaconda|Steel
|move|p2a: Sandaconda|Glare|p1a: Goodra
|-fail|p1a: Goodra|par
|
|upkeep
|turn|23
|
|t:|1776089530
|switch|p2a: Eelektross|Eelektross, F|100/100
|-damage|p2a: Eelektross|88/100|[from] Stealth Rock
|move|p1a: Goodra|Flamethrower|p2a: Eelektross
|-damage|p2a: Eelektross|66/100
|-status|p2a: Eelektross|brn
|
|-damage|p2a: Eelektross|60/100 brn|[from] brn
|upkeep
|turn|24
|
|t:|1776089541
|switch|p1a: Garchomp|Garchomp, F|100/100
|-damage|p1a: Garchomp|94/100|[from] Stealth Rock
|move|p2a: Eelektross|Knock Off|p1a: Garchomp
|-damage|p1a: Garchomp|86/100
|-damage|p2a: Eelektross|48/100 brn|[from] ability: Rough Skin|[of] p1a: Garchomp
|-damage|p2a: Eelektross|31/100 brn|[from] item: Rocky Helmet|[of] p1a: Garchomp
|-enditem|p1a: Garchomp|Rocky Helmet|[from] move: Knock Off|[of] p2a: Eelektross
|
|-damage|p2a: Eelektross|25/100 brn|[from] brn
|upkeep
|turn|25
|
|t:|1776089552
|move|p1a: Garchomp|Spikes|p2a: Eelektross
|-sidestart|p2: BrokenSand|Spikes
|move|p2a: Eelektross|Giga Drain|p1a: Garchomp
|-damage|p1a: Garchomp|65/100
|-heal|p2a: Eelektross|37/100 brn|[from] drain|[of] p1a: Garchomp
|
|-damage|p2a: Eelektross|31/100 brn|[from] brn
|upkeep
|turn|26
|
|t:|1776089559
|move|p1a: Garchomp|Spikes|p2a: Eelektross
|-sidestart|p2: BrokenSand|Spikes
|move|p2a: Eelektross|Giga Drain|p1a: Garchomp
|-damage|p1a: Garchomp|43/100
|-heal|p2a: Eelektross|44/100 brn|[from] drain|[of] p1a: Garchomp
|
|-damage|p2a: Eelektross|37/100 brn|[from] brn
|upkeep
|turn|27
|
|t:|1776089568
|move|p1a: Garchomp|Spikes|p2a: Eelektross
|-sidestart|p2: BrokenSand|Spikes
|move|p2a: Eelektross|Giga Drain|p1a: Garchomp
|-damage|p1a: Garchomp|21/100
|-heal|p2a: Eelektross|50/100 brn|[from] drain|[of] p1a: Garchomp
|
|-damage|p2a: Eelektross|44/100 brn|[from] brn
|upkeep
|turn|28
|
|t:|1776089575
|move|p2a: Eelektross|Giga Drain|p1a: Garchomp
|-damage|p1a: Garchomp|0 fnt
|-heal|p2a: Eelektross|55/100 brn|[from] drain|[of] p1a: Garchomp
|faint|p1a: Garchomp
|
|-damage|p2a: Eelektross|49/100 brn|[from] brn
|upkeep
|
|t:|1776089584
|switch|p1a: Goodra|Goodra-Hisui, F|70/100 par
|-damage|p1a: Goodra|64/100 par|[from] Stealth Rock
|turn|29
|
|t:|1776089588
|move|p2a: Eelektross|Flamethrower|p1a: Goodra
|-damage|p1a: Goodra|52/100 par
|move|p1a: Goodra|Dragon Tail|p2a: Eelektross
|-damage|p2a: Eelektross|28/100 brn
|drag|p2a: Sandaconda|Sandaconda, M, tera:Steel|48/100
|-damage|p2a: Sandaconda|42/100|[from] Stealth Rock
|-damage|p2a: Sandaconda|17/100|[from] Spikes
|
|upkeep
|turn|30
|
|t:|1776089596
|move|p2a: Sandaconda|Rest|p2a: Sandaconda
|-status|p2a: Sandaconda|slp|[from] move: Rest
|-heal|p2a: Sandaconda|100/100 slp|[silent]
|move|p1a: Goodra|Flamethrower|p2a: Sandaconda
|-supereffective|p2a: Sandaconda
|-damage|p2a: Sandaconda|16/100 slp
|
|upkeep
|turn|31
|
|t:|1776089604
|cant|p2a: Sandaconda|slp
|move|p1a: Goodra|Flamethrower|p2a: Sandaconda
|-supereffective|p2a: Sandaconda
|-damage|p2a: Sandaconda|0 fnt
|faint|p2a: Sandaconda
|
|upkeep
|
|t:|1776089611
|switch|p2a: Arbok|Arbok, M|100/100
|-damage|p2a: Arbok|88/100|[from] Stealth Rock
|-damage|p2a: Arbok|63/100|[from] Spikes
|-ability|p2a: Arbok|Intimidate|boost
|-unboost|p1a: Goodra|atk|1
|turn|32
|
|t:|1776089617
|move|p2a: Arbok|Earthquake|p1a: Goodra
|-supereffective|p1a: Goodra
|-damage|p1a: Goodra|0 fnt
|faint|p1a: Goodra
|
|-heal|p2a: Arbok|70/100|[from] item: Black Sludge
|upkeep
|
|t:|1776089624
|switch|p1a: Corviknight|Corviknight, F|100/100
|-damage|p1a: Corviknight|88/100|[from] Stealth Rock
|-ability|p1a: Corviknight|Pressure
|turn|33
|
|t:|1776089639
|switch|p2a: Seviper|Seviper, M|21/100
|-damage|p2a: Seviper|8/100|[from] Stealth Rock
|-damage|p2a: Seviper|0 fnt|[from] Spikes
|faint|p2a: Seviper
|move|p1a: Corviknight|Brave Bird|p2: Seviper|[notarget]
|-fail|p1a: Corviknight
|
|upkeep
|
|t:|1776089652
|switch|p2a: Milotic|Milotic, F|79/100 brn
|-damage|p2a: Milotic|67/100 brn|[from] Stealth Rock
|-damage|p2a: Milotic|42/100 brn|[from] Spikes
|turn|34
|
|t:|1776089657
|move|p2a: Milotic|Scald|p1a: Corviknight
|-damage|p1a: Corviknight|61/100
|move|p1a: Corviknight|Brave Bird|p2a: Milotic
|-damage|p2a: Milotic|24/100 brn
|-damage|p1a: Corviknight|55/100|[from] Recoil
|
|-damage|p2a: Milotic|18/100 brn|[from] brn
|upkeep
|turn|35
|
|t:|1776089665
|move|p2a: Milotic|Scald|p1a: Corviknight
|-damage|p1a: Corviknight|30/100
|-status|p1a: Corviknight|brn
|move|p1a: Corviknight|Roost|p1a: Corviknight
|-heal|p1a: Corviknight|80/100 brn
|-singleturn|p1a: Corviknight|move: Roost
|
|-damage|p2a: Milotic|11/100 brn|[from] brn
|-damage|p1a: Corviknight|74/100 brn|[from] brn
|upkeep
|turn|36
|
|t:|1776089675
|move|p2a: Milotic|Scald|p1a: Corviknight
|-crit|p1a: Corviknight
|-damage|p1a: Corviknight|30/100 brn
|move|p1a: Corviknight|Brave Bird|p2a: Milotic
|-damage|p2a: Milotic|2/100 brn
|-damage|p1a: Corviknight|27/100 brn|[from] Recoil
|
|-damage|p2a: Milotic|0 fnt|[from] brn
|faint|p2a: Milotic
|-damage|p1a: Corviknight|21/100 brn|[from] brn
|upkeep
|
|t:|1776089691
|switch|p2a: Eelektross|Eelektross, F|28/100 brn
|-damage|p2a: Eelektross|15/100 brn|[from] Stealth Rock
|turn|37
|
|t:|1776089697
|move|p1a: Corviknight|Roost|p1a: Corviknight
|-heal|p1a: Corviknight|71/100 brn
|-singleturn|p1a: Corviknight|move: Roost
|move|p2a: Eelektross|Flamethrower|p1a: Corviknight
|-supereffective|p1a: Corviknight
|-damage|p1a: Corviknight|12/100 brn
|
|-damage|p1a: Corviknight|6/100 brn|[from] brn
|-damage|p2a: Eelektross|9/100 brn|[from] brn
|upkeep
|turn|38
|
|t:|1776089706
|move|p1a: Corviknight|Roost|p1a: Corviknight
|-heal|p1a: Corviknight|56/100 brn
|-singleturn|p1a: Corviknight|move: Roost
|move|p2a: Eelektross|Flamethrower|p1a: Corviknight
|-supereffective|p1a: Corviknight
|-damage|p1a: Corviknight|0 fnt
|faint|p1a: Corviknight
|
|-damage|p2a: Eelektross|3/100 brn|[from] brn
|upkeep
|
|t:|1776089709
|switch|p1a: Weavile|Weavile, M|100/100
|-ability|p1a: Weavile|Pressure
|turn|39
|
|t:|1776089723
|move|p1a: Weavile|Knock Off|p2a: Eelektross
|-damage|p2a: Eelektross|0 fnt
|-enditem|p2a: Eelektross|Assault Vest|[from] move: Knock Off|[of] p1a: Weavile
|faint|p2a: Eelektross
|
|upkeep
|
|t:|1776089733
|switch|p2a: Arbok|Arbok, M|70/100
|-damage|p2a: Arbok|57/100|[from] Stealth Rock
|-damage|p2a: Arbok|33/100|[from] Spikes
|-ability|p2a: Arbok|Intimidate|boost
|-unboost|p1a: Weavile|atk|1
|turn|40
|
|t:|1776089743
|switch|p1a: Armarouge|Armarouge, M|62/100
|-damage|p1a: Armarouge|37/100|[from] Stealth Rock
|move|p2a: Arbok|Gunk Shot|p1a: Armarouge
|-damage|p1a: Armarouge|0 fnt
|faint|p1a: Armarouge
|
|-heal|p2a: Arbok|39/100|[from] item: Black Sludge
|upkeep
|
|t:|1776089744
|switch|p1a: Weavile|Weavile, M|100/100
|-ability|p1a: Weavile|Pressure
|turn|41
|
|t:|1776089757
|move|p1a: Weavile|Knock Off|p2a: Arbok
|-damage|p2a: Arbok|0 fnt
|-enditem|p2a: Arbok|Black Sludge|[from] move: Knock Off|[of] p1a: Weavile
|faint|p2a: Arbok
|
|upkeep
|
|t:|1776089762
|switch|p2a: Serperior|Serperior, F|100/100
|-damage|p2a: Serperior|88/100|[from] Stealth Rock
|-damage|p2a: Serperior|63/100|[from] Spikes
|turn|42
|
|t:|1776089769
|move|p1a: Weavile|Triple Axel|p2a: Serperior
|-supereffective|p2a: Serperior
|-damage|p2a: Serperior|40/100
|-supereffective|p2a: Serperior
|-damage|p2a: Serperior|0 fnt
|faint|p2a: Serperior
|-hitcount|p2: Serperior|2
|
|win|Great_angel
|raw|Great_angel's rating: 1079 &rarr; <strong>1101</strong><br />(+22 for winning)
|raw|BrokenSand's rating: 1000 &rarr; <strong>1000</strong><br />(+0 for losing)
|l|☆BrokenSand
|player|p2|
|l|☆Great_angel
|player|p1|
|j|☆Great_angel
|player|p1|Great_angel|266|
|l|☆Great_angel
|player|p1|
|j|☆Great_angel
|player|p1|Great_angel|266|
