|html|<div class="broadcast-blue"><strong>[Gen 9] OU is currently suspecting Tera Blast! For information on how to participate check out the <a href="https://www.smogon.com/tools/suspects/view/200">suspect thread</a>.</strong></div>
|j|☆Gwergou
|j|‽pigeon_lmao
|t:|1776107208
|gametype|singles
|player|p1|Gwergou|swimmer-gen4|1327
|player|p2|pigeon_lmao|265|1274
|gen|9
|tier|[Gen 9] OU
|rated|
|rule|HP Percentage Mod: HP is shown in percentages
|rule|Endless Battle Clause: Forcing endless battles is banned
|rule|Species Clause: Limit one of each Pokémon
|rule|OHKO Clause: OHKO moves are banned
|rule|Evasion Items Clause: Evasion items are banned
|rule|Evasion Moves Clause: Evasion moves are banned
|rule|Evasion Abilities Clause: Evasion abilities are banned
|rule|Sleep Moves Clause: Sleep-inducing moves are banned
|clearpoke
|poke|p1|Garganacl, M|
|poke|p1|Sinistcha|
|poke|p1|Gliscor, M|
|poke|p1|Zamazenta-*|
|poke|p1|Umbreon, M|
|poke|p1|Clefable, M|
|poke|p2|Lilligant, F|
|poke|p2|Greninja-*, M|
|poke|p2|Sylveon, F|
|poke|p2|Gliscor, M|
|poke|p2|Dragonite, M|
|poke|p2|Tentacruel, M|
|teampreview
|inactive|Battle timer is ON: inactive players will automatically lose when time's up. (requested by pigeon_lmao)
|inactive|Gwergou also wants the timer to be on.
|
|t:|1776107212
|teamsize|p1|6
|teamsize|p2|6
|start
|switch|p1a: Umbreon|Umbreon, M, shiny|100/100
|switch|p2a: Gliscor|Gliscor, M|100/100
|turn|1
|
|t:|1776107220
|move|p2a: Gliscor|Toxic|p1a: Umbreon
|-status|p1a: Umbreon|tox
|-activate|p1a: Umbreon|ability: Synchronize
|-status|p2a: Gliscor|tox
|move|p1a: Umbreon|Thunder Wave|p2a: Gliscor
|-immune|p2a: Gliscor
|
|-damage|p1a: Umbreon|94/100 tox|[from] psn
|upkeep
|turn|2
|
|t:|1776107231
|move|p2a: Gliscor|Stealth Rock|p1a: Umbreon
|-sidestart|p1: Gwergou|move: Stealth Rock
|move|p1a: Umbreon|Foul Play|p2a: Gliscor
|-damage|p2a: Gliscor|79/100 tox
|
|-heal|p1a: Umbreon|100/100 tox|[from] item: Leftovers
|-heal|p2a: Gliscor|91/100 tox|[from] ability: Poison Heal
|-damage|p1a: Umbreon|88/100 tox|[from] psn
|upkeep
|turn|3
|
|t:|1776107242
|switch|p1a: Salt Is Bad|Garganacl, M|100/100
|-damage|p1a: Salt Is Bad|88/100|[from] Stealth Rock
|move|p2a: Gliscor|Earthquake|p1a: Salt Is Bad
|-supereffective|p1a: Salt Is Bad
|-damage|p1a: Salt Is Bad|48/100
|
|-heal|p1a: Salt Is Bad|54/100|[from] item: Leftovers
|-heal|p2a: Gliscor|100/100 tox|[from] ability: Poison Heal
|upkeep
|turn|4
|
|t:|1776107258
|-terastallize|p1a: Salt Is Bad|Water
|move|p2a: Gliscor|Earthquake|p1a: Salt Is Bad
|-damage|p1a: Salt Is Bad|33/100
|move|p1a: Salt Is Bad|Salt Cure|p2a: Gliscor
|-damage|p2a: Gliscor|91/100 tox
|-start|p2a: Gliscor|Salt Cure
|
|-heal|p1a: Salt Is Bad|39/100|[from] item: Leftovers
|-heal|p2a: Gliscor|100/100 tox|[from] ability: Poison Heal
|-damage|p2a: Gliscor|88/100 tox|[from] Salt Cure
|upkeep
|turn|5
|
|t:|1776107271
|move|p2a: Gliscor|Earthquake|p1a: Salt Is Bad
|-damage|p1a: Salt Is Bad|18/100
|move|p1a: Salt Is Bad|Recover|p1a: Salt Is Bad
|-heal|p1a: Salt Is Bad|68/100
|
|-heal|p1a: Salt Is Bad|74/100|[from] item: Leftovers
|-heal|p2a: Gliscor|100/100 tox|[from] ability: Poison Heal
|-damage|p2a: Gliscor|88/100 tox|[from] Salt Cure
|upkeep
|turn|6
|
|t:|1776107284
|move|p2a: Gliscor|Earthquake|p1a: Salt Is Bad
|-damage|p1a: Salt Is Bad|54/100
|move|p1a: Salt Is Bad|Stealth Rock|p2a: Gliscor
|-sidestart|p2: pigeon_lmao|move: Stealth Rock
|
|-heal|p1a: Salt Is Bad|60/100|[from] item: Leftovers
|-heal|p2a: Gliscor|100/100 tox|[from] ability: Poison Heal
|-damage|p2a: Gliscor|88/100 tox|[from] Salt Cure
|upkeep
|turn|7
|
|t:|1776107295
|move|p2a: Gliscor|Earthquake|p1a: Salt Is Bad
|-damage|p1a: Salt Is Bad|37/100
|move|p1a: Salt Is Bad|Recover|p1a: Salt Is Bad
|-heal|p1a: Salt Is Bad|87/100
|
|-heal|p1a: Salt Is Bad|93/100|[from] item: Leftovers
|-heal|p2a: Gliscor|100/100 tox|[from] ability: Poison Heal
|-damage|p2a: Gliscor|88/100 tox|[from] Salt Cure
|upkeep
|turn|8
|
|t:|1776107317
|switch|p1a: Good boy|Zamazenta, shiny|100/100
|-damage|p1a: Good boy|94/100|[from] Stealth Rock
|-ability|p1a: Good boy|Dauntless Shield|boost
|-boost|p1a: Good boy|def|1
|move|p2a: Gliscor|Earthquake|p1a: Good boy
|-damage|p1a: Good boy|79/100
|
|-heal|p1a: Good boy|85/100|[from] item: Leftovers
|-heal|p2a: Gliscor|100/100 tox|[from] ability: Poison Heal
|-damage|p2a: Gliscor|88/100 tox|[from] Salt Cure
|upkeep
|turn|9
|
|t:|1776107330
|switch|p2a: Tentacruel|Tentacruel, M|100/100
|-damage|p2a: Tentacruel|88/100|[from] Stealth Rock
|move|p1a: Good boy|Substitute|p1a: Good boy
|-start|p1a: Good boy|Substitute
|-damage|p1a: Good boy|60/100
|
|-heal|p1a: Good boy|66/100|[from] item: Leftovers
|upkeep
|turn|10
|
|t:|1776107340
|move|p1a: Good boy|Body Press|p2a: Tentacruel
|-resisted|p2a: Tentacruel
|-damage|p2a: Tentacruel|51/100
|move|p2a: Tentacruel|Rapid Spin|p1a: Good boy
|-activate|p1a: Good boy|move: Substitute|[damage]
|-sideend|p2: pigeon_lmao|Stealth Rock|[from] move: Rapid Spin|[of] p2a: Tentacruel
|-boost|p2a: Tentacruel|spe|1
|
|-heal|p1a: Good boy|72/100|[from] item: Leftovers
|upkeep
|turn|11
|
|t:|1776107352
|move|p1a: Good boy|Iron Defense|p1a: Good boy
|-boost|p1a: Good boy|def|2
|move|p2a: Tentacruel|Chilling Water|p1a: Good boy
|-activate|p1a: Good boy|move: Substitute|[damage]
|
|-heal|p1a: Good boy|78/100|[from] item: Leftovers
|upkeep
|turn|12
|
|t:|1776107360
|move|p1a: Good boy|Iron Defense|p1a: Good boy
|-boost|p1a: Good boy|def|2
|move|p2a: Tentacruel|Sludge Wave|p1a: Good boy
|-end|p1a: Good boy|Substitute
|
|-heal|p1a: Good boy|85/100|[from] item: Leftovers
|upkeep
|turn|13
|
|t:|1776107370
|move|p1a: Good boy|Substitute|p1a: Good boy
|-start|p1a: Good boy|Substitute
|-damage|p1a: Good boy|60/100
|move|p2a: Tentacruel|Knock Off|p1a: Good boy
|-resisted|p1a: Good boy
|-activate|p1a: Good boy|move: Substitute|[damage]
|
|-heal|p1a: Good boy|66/100|[from] item: Leftovers
|upkeep
|turn|14
|
|t:|1776107381
|move|p1a: Good boy|Body Press|p2a: Tentacruel
|-resisted|p2a: Tentacruel
|-damage|p2a: Tentacruel|0 fnt
|faint|p2a: Tentacruel
|
|-heal|p1a: Good boy|72/100|[from] item: Leftovers
|upkeep
|
|t:|1776107389
|switch|p2a: Sylveon|Sylveon, F|100/100
|turn|15
|
|t:|1776107400
|move|p1a: Good boy|Body Press|p2a: Sylveon
|-resisted|p2a: Sylveon
|-damage|p2a: Sylveon|56/100
|move|p2a: Sylveon|Hyper Voice|p1a: Good boy
|-supereffective|p1a: Good boy
|-damage|p1a: Good boy|4/100
|
|-heal|p1a: Good boy|10/100|[from] item: Leftovers
|-heal|p2a: Sylveon|62/100|[from] item: Leftovers
|upkeep
|turn|16
|
|t:|1776107410
|move|p1a: Good boy|Body Press|p2a: Sylveon
|-resisted|p2a: Sylveon
|-damage|p2a: Sylveon|12/100
|move|p2a: Sylveon|Hyper Voice|p1a: Good boy
|-supereffective|p1a: Good boy
|-damage|p1a: Good boy|0 fnt
|faint|p1a: Good boy
|
|-heal|p2a: Sylveon|18/100|[from] item: Leftovers
|upkeep
|
|t:|1776107421
|switch|p1a: Skrrrt|Clefable, M|100/100
|-damage|p1a: Skrrrt|88/100|[from] Stealth Rock
|turn|17
|
|t:|1776107431
|switch|p2a: Gliscor|Gliscor, M|88/100 tox
|move|p1a: Skrrrt|Thunder Wave|p2a: Gliscor
|-immune|p2a: Gliscor
|
|-heal|p1a: Skrrrt|94/100|[from] item: Leftovers
|-heal|p2a: Gliscor|100/100 tox|[from] ability: Poison Heal
|upkeep
|turn|18
|
|t:|1776107441
|switch|p1a: Pew Pew|Gliscor, M, shiny|100/100
|-damage|p1a: Pew Pew|88/100|[from] Stealth Rock
|move|p2a: Gliscor|Toxic|p1a: Pew Pew|[miss]
|-miss|p2a: Gliscor|p1a: Pew Pew
|
|-status|p1a: Pew Pew|tox|[from] item: Toxic Orb
|upkeep
|turn|19
|
|t:|1776107458
|switch|p1a: Salt Is Bad|Garganacl, M, tera:Water|93/100
|-damage|p1a: Salt Is Bad|81/100|[from] Stealth Rock
|move|p2a: Gliscor|Protect||[still]
|-fail|p2a: Gliscor
|
|-heal|p1a: Salt Is Bad|87/100|[from] item: Leftovers
|upkeep
|turn|20
|
|t:|1776107469
|switch|p2a: Lilligant|Lilligant, F|100/100
|move|p1a: Salt Is Bad|Salt Cure|p2a: Lilligant
|-damage|p2a: Lilligant|81/100
|-start|p2a: Lilligant|Salt Cure
|
|-heal|p2a: Lilligant|87/100|[from] item: Leftovers
|-heal|p1a: Salt Is Bad|93/100|[from] item: Leftovers
|-damage|p2a: Lilligant|75/100|[from] Salt Cure
|upkeep
|turn|21
|
|t:|1776107481
|move|p2a: Lilligant|Leech Seed|p1a: Salt Is Bad
|-start|p1a: Salt Is Bad|move: Leech Seed
|move|p1a: Salt Is Bad|Stealth Rock|p2a: Lilligant
|-sidestart|p2: pigeon_lmao|move: Stealth Rock
|
|-heal|p2a: Lilligant|81/100|[from] item: Leftovers
|-heal|p1a: Salt Is Bad|99/100|[from] item: Leftovers
|-damage|p1a: Salt Is Bad|87/100|[from] Leech Seed|[of] p2a: Lilligant
|-heal|p2a: Lilligant|98/100|[silent]
|-damage|p2a: Lilligant|86/100|[from] Salt Cure
|upkeep
|turn|22
|
|t:|1776107491
|move|p1a: Salt Is Bad|Protect|p1a: Salt Is Bad
|-singleturn|p1a: Salt Is Bad|Protect
|move|p2a: Lilligant|Quiver Dance|p2a: Lilligant
|-boost|p2a: Lilligant|spa|1
|-boost|p2a: Lilligant|spd|1
|-boost|p2a: Lilligant|spe|1
|
|-heal|p2a: Lilligant|92/100|[from] item: Leftovers
|-heal|p1a: Salt Is Bad|93/100|[from] item: Leftovers
|-damage|p1a: Salt Is Bad|81/100|[from] Leech Seed|[of] p2a: Lilligant
|-heal|p2a: Lilligant|100/100|[silent]
|-damage|p2a: Lilligant|88/100|[from] Salt Cure
|upkeep
|turn|23
|
|t:|1776107504
|switch|p1a: Skrrrt|Clefable, M|94/100
|-damage|p1a: Skrrrt|82/100|[from] Stealth Rock
|move|p2a: Lilligant|Quiver Dance|p2a: Lilligant
|-boost|p2a: Lilligant|spa|1
|-boost|p2a: Lilligant|spd|1
|-boost|p2a: Lilligant|spe|1
|
|-heal|p2a: Lilligant|94/100|[from] item: Leftovers
|-heal|p1a: Skrrrt|88/100|[from] item: Leftovers
|-damage|p2a: Lilligant|82/100|[from] Salt Cure
|upkeep
|turn|24
|
|t:|1776107516
|move|p2a: Lilligant|Giga Drain|p1a: Skrrrt
|-damage|p1a: Skrrrt|52/100
|-heal|p2a: Lilligant|100/100|[from] drain|[of] p1a: Skrrrt
|move|p1a: Skrrrt|Thunder Wave|p2a: Lilligant
|-status|p2a: Lilligant|par
|
|-heal|p1a: Skrrrt|58/100|[from] item: Leftovers
|-damage|p2a: Lilligant|88/100 par|[from] Salt Cure
|upkeep
|turn|25
|
|t:|1776107530
|move|p2a: Lilligant|Giga Drain|p1a: Skrrrt
|-damage|p1a: Skrrrt|19/100
|-heal|p2a: Lilligant|100/100 par|[from] drain|[of] p1a: Skrrrt
|move|p1a: Skrrrt|Moonlight|p1a: Skrrrt
|-heal|p1a: Skrrrt|69/100
|
|-heal|p1a: Skrrrt|75/100|[from] item: Leftovers
|-damage|p2a: Lilligant|88/100 par|[from] Salt Cure
|upkeep
|turn|26
|
|t:|1776107540
|move|p2a: Lilligant|Leech Seed|p1a: Skrrrt
|-start|p1a: Skrrrt|move: Leech Seed
|move|p1a: Skrrrt|Calm Mind|p1a: Skrrrt
|-boost|p1a: Skrrrt|spa|1
|-boost|p1a: Skrrrt|spd|1
|
|-heal|p2a: Lilligant|94/100 par|[from] item: Leftovers
|-heal|p1a: Skrrrt|81/100|[from] item: Leftovers
|-damage|p1a: Skrrrt|69/100|[from] Leech Seed|[of] p2a: Lilligant
|-heal|p2a: Lilligant|100/100 par|[silent]
|-damage|p2a: Lilligant|88/100 par|[from] Salt Cure
|upkeep
|turn|27
|
|t:|1776107551
|move|p2a: Lilligant|Quiver Dance|p2a: Lilligant
|-boost|p2a: Lilligant|spa|1
|-boost|p2a: Lilligant|spd|1
|-boost|p2a: Lilligant|spe|1
|move|p1a: Skrrrt|Calm Mind|p1a: Skrrrt
|-boost|p1a: Skrrrt|spa|1
|-boost|p1a: Skrrrt|spd|1
|
|-heal|p2a: Lilligant|94/100 par|[from] item: Leftovers
|-heal|p1a: Skrrrt|75/100|[from] item: Leftovers
|-damage|p1a: Skrrrt|62/100|[from] Leech Seed|[of] p2a: Lilligant
|-heal|p2a: Lilligant|100/100 par|[silent]
|-damage|p2a: Lilligant|88/100 par|[from] Salt Cure
|upkeep
|turn|28
|
|t:|1776107566
|move|p2a: Lilligant|Quiver Dance|p2a: Lilligant
|-boost|p2a: Lilligant|spa|1
|-boost|p2a: Lilligant|spd|1
|-boost|p2a: Lilligant|spe|1
|move|p1a: Skrrrt|Calm Mind|p1a: Skrrrt
|-boost|p1a: Skrrrt|spa|1
|-boost|p1a: Skrrrt|spd|1
|
|-heal|p2a: Lilligant|94/100 par|[from] item: Leftovers
|-heal|p1a: Skrrrt|69/100|[from] item: Leftovers
|-damage|p1a: Skrrrt|56/100|[from] Leech Seed|[of] p2a: Lilligant
|-heal|p2a: Lilligant|100/100 par|[silent]
|-damage|p2a: Lilligant|88/100 par|[from] Salt Cure
|upkeep
|turn|29
|
|t:|1776107577
|move|p2a: Lilligant|Quiver Dance|p2a: Lilligant
|-boost|p2a: Lilligant|spa|1
|-boost|p2a: Lilligant|spd|1
|-boost|p2a: Lilligant|spe|1
|move|p1a: Skrrrt|Calm Mind|p1a: Skrrrt
|-boost|p1a: Skrrrt|spa|1
|-boost|p1a: Skrrrt|spd|1
|
|-heal|p2a: Lilligant|94/100 par|[from] item: Leftovers
|-heal|p1a: Skrrrt|62/100|[from] item: Leftovers
|-damage|p1a: Skrrrt|50/100|[from] Leech Seed|[of] p2a: Lilligant
|-heal|p2a: Lilligant|100/100 par|[silent]
|-damage|p2a: Lilligant|88/100 par|[from] Salt Cure
|upkeep
|turn|30
|
|t:|1776107593
|move|p2a: Lilligant|Quiver Dance|p2a: Lilligant
|-boost|p2a: Lilligant|spa|1
|-boost|p2a: Lilligant|spd|1
|-boost|p2a: Lilligant|spe|1
|move|p1a: Skrrrt|Moonlight|p1a: Skrrrt
|-heal|p1a: Skrrrt|99/100
|
|-heal|p2a: Lilligant|94/100 par|[from] item: Leftovers
|-heal|p1a: Skrrrt|100/100|[from] item: Leftovers
|-damage|p1a: Skrrrt|88/100|[from] Leech Seed|[of] p2a: Lilligant
|-heal|p2a: Lilligant|100/100 par|[silent]
|-damage|p2a: Lilligant|88/100 par|[from] Salt Cure
|upkeep
|turn|31
|
|t:|1776107606
|cant|p2a: Lilligant|par
|move|p1a: Skrrrt|Calm Mind|p1a: Skrrrt
|-boost|p1a: Skrrrt|spa|1
|-boost|p1a: Skrrrt|spd|1
|
|-heal|p2a: Lilligant|94/100 par|[from] item: Leftovers
|-heal|p1a: Skrrrt|94/100|[from] item: Leftovers
|-damage|p1a: Skrrrt|82/100|[from] Leech Seed|[of] p2a: Lilligant
|-heal|p2a: Lilligant|100/100 par|[silent]
|-damage|p2a: Lilligant|88/100 par|[from] Salt Cure
|upkeep
|turn|32
|
|t:|1776107617
|cant|p2a: Lilligant|par
|move|p1a: Skrrrt|Calm Mind|p1a: Skrrrt
|-boost|p1a: Skrrrt|spa|1
|-boost|p1a: Skrrrt|spd|1
|
|-heal|p2a: Lilligant|94/100 par|[from] item: Leftovers
|-heal|p1a: Skrrrt|88/100|[from] item: Leftovers
|-damage|p1a: Skrrrt|75/100|[from] Leech Seed|[of] p2a: Lilligant
|-heal|p2a: Lilligant|100/100 par|[silent]
|-damage|p2a: Lilligant|88/100 par|[from] Salt Cure
|upkeep
|turn|33
|
|t:|1776107636
|cant|p2a: Lilligant|par
|move|p1a: Skrrrt|Moonblast|p2a: Lilligant
|-damage|p2a: Lilligant|0 fnt
|faint|p2a: Lilligant
|
|-heal|p1a: Skrrrt|81/100|[from] item: Leftovers
|upkeep
|
|t:|1776107652
|switch|p2a: Dragonite|Dragonite, M|100/100
|turn|34
|
|t:|1776107656
|-terastallize|p2a: Dragonite|Steel
|move|p2a: Dragonite|Iron Head|p1a: Skrrrt
|-supereffective|p1a: Skrrrt
|-damage|p1a: Skrrrt|6/100
|move|p1a: Skrrrt|Moonblast|p2a: Dragonite
|-resisted|p2a: Dragonite
|-damage|p2a: Dragonite|67/100
|-unboost|p2a: Dragonite|spa|1
|
|-heal|p1a: Skrrrt|12/100|[from] item: Leftovers
|-damage|p1a: Skrrrt|0 fnt|[from] Leech Seed|[of] p2a: Dragonite
|-heal|p2a: Dragonite|82/100|[silent]
|faint|p1a: Skrrrt
|upkeep
|
|t:|1776107675
|switch|p1a: Umbreon|Umbreon, M, shiny|88/100 tox
|-damage|p1a: Umbreon|76/100 tox|[from] Stealth Rock
|turn|35
|
|t:|1776107684
|move|p2a: Dragonite|Outrage|p1a: Umbreon
|-damage|p1a: Umbreon|23/100 tox
|move|p1a: Umbreon|Thunder Wave|p2a: Dragonite|[miss]
|-miss|p1a: Umbreon|p2a: Dragonite
|
|-heal|p1a: Umbreon|29/100 tox|[from] item: Leftovers
|-damage|p1a: Umbreon|23/100 tox|[from] psn
|upkeep
|turn|36
|
|t:|1776107704
|move|p2a: Dragonite|Outrage|p1a: Umbreon|[from] lockedmove
|-damage|p1a: Umbreon|0 fnt
|faint|p1a: Umbreon
|-start|p2a: Dragonite|confusion|[fatigue]
|
|upkeep
|
|t:|1776107711
|switch|p1a: Pew Pew|Gliscor, M, shiny|88/100 tox
|-damage|p1a: Pew Pew|75/100 tox|[from] Stealth Rock
|turn|37
|
|t:|1776107725
|switch|p2a: Gliscor|Gliscor, M|100/100 tox
|-damage|p2a: Gliscor|88/100 tox|[from] Stealth Rock
|move|p1a: Pew Pew|Substitute|p1a: Pew Pew
|-start|p1a: Pew Pew|Substitute
|-damage|p1a: Pew Pew|50/100 tox
|
|-heal|p2a: Gliscor|100/100 tox|[from] ability: Poison Heal
|-heal|p1a: Pew Pew|63/100 tox|[from] ability: Poison Heal
|upkeep
|turn|38
|
|t:|1776107738
|move|p2a: Gliscor|Protect|p2a: Gliscor
|-singleturn|p2a: Gliscor|Protect
|move|p1a: Pew Pew|Knock Off|p2a: Gliscor
|-activate|p2a: Gliscor|move: Protect
|
|-heal|p1a: Pew Pew|75/100 tox|[from] ability: Poison Heal
|upkeep
|turn|39
|
|t:|1776107748
|switch|p1a: Touching Grass|Sinistcha|100/100
|move|p2a: Gliscor|Protect||[still]
|-fail|p2a: Gliscor
|
|upkeep
|turn|40
|
|t:|1776107760
|switch|p2a: Sylveon|Sylveon, F|18/100
|-damage|p2a: Sylveon|5/100|[from] Stealth Rock
|move|p1a: Touching Grass|Strength Sap|p2a: Sylveon
|-unboost|p2a: Sylveon|atk|1
|
|-heal|p2a: Sylveon|11/100|[from] item: Leftovers
|upkeep
|turn|41
|
|t:|1776107779
|move|p2a: Sylveon|Protect|p2a: Sylveon
|-singleturn|p2a: Sylveon|Protect
|move|p1a: Touching Grass|Matcha Gotcha|p2a: Sylveon
|-activate|p2a: Sylveon|move: Protect
|
|-heal|p2a: Sylveon|18/100|[from] item: Leftovers
|upkeep
|turn|42
|
|t:|1776107788
|move|p1a: Touching Grass|Calm Mind|p1a: Touching Grass
|-boost|p1a: Touching Grass|spa|1
|-boost|p1a: Touching Grass|spd|1
|move|p2a: Sylveon|Wish|p2a: Sylveon
|
|-heal|p2a: Sylveon|24/100|[from] item: Leftovers
|upkeep
|turn|43
|
|t:|1776107795
|move|p2a: Sylveon|Protect|p2a: Sylveon
|-singleturn|p2a: Sylveon|Protect
|move|p1a: Touching Grass|Calm Mind|p1a: Touching Grass
|-boost|p1a: Touching Grass|spa|1
|-boost|p1a: Touching Grass|spd|1
|
|-heal|p2a: Sylveon|74/100|[from] move: Wish|[wisher] Sylveon
|-heal|p2a: Sylveon|80/100|[from] item: Leftovers
|upkeep
|turn|44
|
|t:|1776107806
|move|p1a: Touching Grass|Calm Mind|p1a: Touching Grass
|-boost|p1a: Touching Grass|spa|1
|-boost|p1a: Touching Grass|spd|1
|move|p2a: Sylveon|Calm Mind|p2a: Sylveon
|-boost|p2a: Sylveon|spa|1
|-boost|p2a: Sylveon|spd|1
|
|-heal|p2a: Sylveon|86/100|[from] item: Leftovers
|upkeep
|turn|45
|
|t:|1776107815
|move|p1a: Touching Grass|Matcha Gotcha|p2a: Sylveon
|-damage|p2a: Sylveon|49/100
|move|p2a: Sylveon|Calm Mind|p2a: Sylveon
|-boost|p2a: Sylveon|spa|1
|-boost|p2a: Sylveon|spd|1
|
|-heal|p2a: Sylveon|55/100|[from] item: Leftovers
|upkeep
|turn|46
|
|t:|1776107825
|move|p1a: Touching Grass|Calm Mind|p1a: Touching Grass
|-boost|p1a: Touching Grass|spa|1
|-boost|p1a: Touching Grass|spd|1
|move|p2a: Sylveon|Calm Mind|p2a: Sylveon
|-boost|p2a: Sylveon|spa|1
|-boost|p2a: Sylveon|spd|1
|
|-heal|p2a: Sylveon|61/100|[from] item: Leftovers
|upkeep
|turn|47
|
|t:|1776107834
|move|p1a: Touching Grass|Matcha Gotcha|p2a: Sylveon
|-damage|p2a: Sylveon|36/100
|move|p2a: Sylveon|Calm Mind|p2a: Sylveon
|-boost|p2a: Sylveon|spa|1
|-boost|p2a: Sylveon|spd|1
|
|-heal|p2a: Sylveon|42/100|[from] item: Leftovers
|upkeep
|turn|48
|
|t:|1776107843
|move|p1a: Touching Grass|Calm Mind|p1a: Touching Grass
|-boost|p1a: Touching Grass|spa|1
|-boost|p1a: Touching Grass|spd|1
|move|p2a: Sylveon|Calm Mind|p2a: Sylveon
|-boost|p2a: Sylveon|spa|1
|-boost|p2a: Sylveon|spd|1
|
|-heal|p2a: Sylveon|48/100|[from] item: Leftovers
|upkeep
|turn|49
|
|t:|1776107852
|move|p1a: Touching Grass|Calm Mind|p1a: Touching Grass
|-boost|p1a: Touching Grass|spa|1
|-boost|p1a: Touching Grass|spd|1
|move|p2a: Sylveon|Calm Mind|p2a: Sylveon
|-boost|p2a: Sylveon|spa|1
|-boost|p2a: Sylveon|spd|1
|
|-heal|p2a: Sylveon|55/100|[from] item: Leftovers
|upkeep
|turn|50
|
|t:|1776107861
|move|p1a: Touching Grass|Matcha Gotcha|p2a: Sylveon
|-damage|p2a: Sylveon|34/100
|move|p2a: Sylveon|Wish|p2a: Sylveon
|
|-heal|p2a: Sylveon|40/100|[from] item: Leftovers
|upkeep
|turn|51
|
|t:|1776107871
|move|p1a: Touching Grass|Matcha Gotcha|p2a: Sylveon
|-damage|p2a: Sylveon|19/100
|-status|p2a: Sylveon|brn
|move|p2a: Sylveon|Hyper Voice|p1a: Touching Grass
|-damage|p1a: Touching Grass|55/100
|
|-heal|p2a: Sylveon|69/100 brn|[from] move: Wish|[wisher] Sylveon
|-heal|p2a: Sylveon|75/100 brn|[from] item: Leftovers
|-damage|p2a: Sylveon|69/100 brn|[from] brn
|upkeep
|turn|52
|
|t:|1776107887
|switch|p1a: Pew Pew|Gliscor, M, shiny|75/100 tox
|-damage|p1a: Pew Pew|63/100 tox|[from] Stealth Rock
|move|p2a: Sylveon|Hyper Voice|p1a: Pew Pew
|-damage|p1a: Pew Pew|0 fnt
|faint|p1a: Pew Pew
|
|-heal|p2a: Sylveon|75/100 brn|[from] item: Leftovers
|-damage|p2a: Sylveon|69/100 brn|[from] brn
|upkeep
|
|t:|1776107899
|switch|p1a: Salt Is Bad|Garganacl, M, tera:Water|81/100
|-damage|p1a: Salt Is Bad|68/100|[from] Stealth Rock
|turn|53
|
|t:|1776107904
|move|p1a: Salt Is Bad|Protect|p1a: Salt Is Bad
|-singleturn|p1a: Salt Is Bad|Protect
|move|p2a: Sylveon|Hyper Voice|p1a: Salt Is Bad
|-activate|p1a: Salt Is Bad|move: Protect
|
|-heal|p2a: Sylveon|75/100 brn|[from] item: Leftovers
|-heal|p1a: Salt Is Bad|75/100|[from] item: Leftovers
|-damage|p2a: Sylveon|69/100 brn|[from] brn
|upkeep
|turn|54
|
|t:|1776107914
|move|p2a: Sylveon|Hyper Voice|p1a: Salt Is Bad
|-damage|p1a: Salt Is Bad|0 fnt
|faint|p1a: Salt Is Bad
|
|-heal|p2a: Sylveon|75/100 brn|[from] item: Leftovers
|-damage|p2a: Sylveon|69/100 brn|[from] brn
|upkeep
|-message|Gwergou forfeited.
|
|win|pigeon_lmao
|raw|Gwergou's rating: 1327 &rarr; <strong>1304</strong><br />(-23 for losing)
|raw|pigeon_lmao's rating: 1274 &rarr; <strong>1303</strong><br />(+29 for winning)
|l|☆Gwergou
|player|p1|
|l|‽pigeon_lmao
|player|p2|
