|html|<div class="broadcast-blue"><strong>[Gen 9] OU is currently suspecting Tera Blast! For information on how to participate check out the <a href="https://www.smogon.com/tools/suspects/view/200">suspect thread</a>.</strong></div>
|j|☆coast ghost
|j|☆mathismathin
|t:|1776304331
|gametype|singles
|player|p1|coast ghost|gambler|1555
|player|p2|mathismathin|bugsy-masters|1620
|gen|9
|tier|[Gen 9] OU
|rated|
|rule|HP Percentage Mod: HP is shown in percentages
|rule|Endless Battle Clause: Forcing endless battles is banned
|rule|Species Clause: Limit one of each Pokémon
|rule|OHKO Clause: OHKO moves are banned
|rule|Evasion Items Clause: Evasion items are banned
|rule|Evasion Moves Clause: Evasion moves are banned
|rule|Evasion Abilities Clause: Evasion abilities are banned
|rule|Sleep Moves Clause: Sleep-inducing moves are banned
|clearpoke
|poke|p1|Chesnaught, M|
|poke|p1|Kyurem|
|poke|p1|Primarina, F|
|poke|p1|Dragonite, F|
|poke|p1|Enamorus, F|
|poke|p1|Iron Treads|
|poke|p2|Wyrdeer, M|
|poke|p2|Persian-Alola, F|
|poke|p2|Arboliva, F|
|poke|p2|Articuno|
|poke|p2|Spiritomb, F|
|poke|p2|Mesprit|
|teampreview
|
|t:|1776304350
|teamsize|p1|6
|teamsize|p2|6
|start
|switch|p1a: Kyurem|Kyurem|100/100
|switch|p2a: Wyrdeer|Wyrdeer, M|100/100
|-ability|p1a: Kyurem|Pressure
|-ability|p2a: Wyrdeer|Intimidate|boost
|-unboost|p1a: Kyurem|atk|1
|turn|1
|inactive|Battle timer is ON: inactive players will automatically lose when time's up. (requested by mathismathin)
|
|t:|1776304359
|switch|p1a: Chesnaught|Chesnaught, M|100/100
|switch|p2a: Articuno|Articuno|100/100
|-ability|p2a: Articuno|Pressure
|
|upkeep
|turn|2
|
|t:|1776304366
|switch|p1a: Primarina|Primarina, F|100/100
|move|p2a: Articuno|Freeze-Dry|p1a: Primarina
|-supereffective|p1a: Primarina
|-damage|p1a: Primarina|71/100
|
|upkeep
|turn|3
|
|t:|1776304372
|move|p2a: Articuno|Light Screen|p2a: Articuno
|-sidestart|p2: mathismathin|move: Light Screen
|move|p1a: Primarina|Moonblast|p2a: Articuno
|-damage|p2a: Articuno|86/100
|
|upkeep
|turn|4
|
|t:|1776304384
|switch|p1a: Iron Treads|Iron Treads|100/100
|move|p2a: Articuno|Freeze-Dry|p1a: Iron Treads
|-damage|p1a: Iron Treads|65/100
|
|-heal|p1a: Iron Treads|71/100|[from] item: Leftovers
|upkeep
|turn|5
|
|t:|1776304391
|move|p1a: Iron Treads|Knock Off|p2a: Articuno
|-damage|p2a: Articuno|58/100
|-enditem|p2a: Articuno|Heavy-Duty Boots|[from] move: Knock Off|[of] p1a: Iron Treads
|move|p2a: Articuno|Freeze-Dry|p1a: Iron Treads
|-damage|p1a: Iron Treads|38/100
|
|-heal|p1a: Iron Treads|44/100|[from] item: Leftovers
|upkeep
|turn|6
|
|t:|1776304398
|move|p1a: Iron Treads|Stealth Rock|p2a: Articuno
|-sidestart|p2: mathismathin|move: Stealth Rock
|move|p2a: Articuno|Freeze-Dry|p1a: Iron Treads
|-damage|p1a: Iron Treads|10/100
|
|-heal|p1a: Iron Treads|17/100|[from] item: Leftovers
|upkeep
|turn|7
|
|t:|1776304404
|-end|p1a: Iron Treads|Quark Drive|[silent]
|switch|p1a: Kyurem|Kyurem|100/100
|-ability|p1a: Kyurem|Pressure
|move|p2a: Articuno|Roost|p2a: Articuno
|-heal|p2a: Articuno|100/100
|-singleturn|p2a: Articuno|move: Roost
|
|-sideend|p2: mathismathin|move: Light Screen
|upkeep
|turn|8
|
|t:|1776304415
|move|p1a: Kyurem|Draco Meteor|p2a: Articuno|[miss]
|-miss|p1a: Kyurem|p2a: Articuno
|move|p2a: Articuno|Light Screen|p2a: Articuno
|-sidestart|p2: mathismathin|move: Light Screen
|
|upkeep
|turn|9
|
|t:|1776304423
|move|p1a: Kyurem|Draco Meteor|p2a: Articuno
|-damage|p2a: Articuno|74/100
|-unboost|p1a: Kyurem|spa|2
|move|p2a: Articuno|Freeze-Dry|p1a: Kyurem
|-damage|p1a: Kyurem|79/100
|
|upkeep
|turn|10
|
|t:|1776304447
|-terastallize|p1a: Kyurem|Ice
|move|p1a: Kyurem|Draco Meteor|p2a: Articuno
|-crit|p2a: Articuno
|-damage|p2a: Articuno|0 fnt
|-unboost|p1a: Kyurem|spa|2
|faint|p2a: Articuno
|
|upkeep
|
|t:|1776304462
|switch|p2a: Wyrdeer|Wyrdeer, M|100/100
|-damage|p2a: Wyrdeer|88/100|[from] Stealth Rock
|-ability|p2a: Wyrdeer|Intimidate|boost
|-unboost|p1a: Kyurem|atk|1
|turn|11
|inactive|coast ghost has 120 seconds left.
|
|t:|1776304497
|switch|p1a: Chesnaught|Chesnaught, M|100/100
|move|p2a: Wyrdeer|Psychic Noise|p1a: Chesnaught
|-supereffective|p1a: Chesnaught
|-damage|p1a: Chesnaught|20/100
|-start|p1a: Chesnaught|move: Heal Block
|
|-heal|p2a: Wyrdeer|94/100|[from] item: Leftovers
|upkeep
|turn|12
|
|t:|1776304513
|switch|p1a: Primarina|Primarina, F|71/100
|move|p2a: Wyrdeer|Calm Mind|p2a: Wyrdeer
|-boost|p2a: Wyrdeer|spa|1
|-boost|p2a: Wyrdeer|spd|1
|
|-heal|p2a: Wyrdeer|99/100|[from] item: Leftovers
|-sideend|p2: mathismathin|move: Light Screen
|upkeep
|turn|13
|
|t:|1776304520
|move|p1a: Primarina|Moonblast|p2a: Wyrdeer
|-damage|p2a: Wyrdeer|52/100
|move|p2a: Wyrdeer|Calm Mind|p2a: Wyrdeer
|-boost|p2a: Wyrdeer|spa|1
|-boost|p2a: Wyrdeer|spd|1
|
|-heal|p2a: Wyrdeer|58/100|[from] item: Leftovers
|upkeep
|turn|14
|
|t:|1776304525
|move|p1a: Primarina|Psychic Noise|p2a: Wyrdeer
|-resisted|p2a: Wyrdeer
|-damage|p2a: Wyrdeer|50/100
|-start|p2a: Wyrdeer|move: Heal Block
|move|p2a: Wyrdeer|Thunder|p1a: Primarina
|-supereffective|p1a: Primarina
|-damage|p1a: Primarina|0 fnt
|faint|p1a: Primarina
|
|upkeep
|
|t:|1776304533
|switch|p1a: Iron Treads|Iron Treads|17/100
|turn|15
|
|t:|1776304538
|switch|p2a: Persian|Persian-Alola, F|100/100
|-damage|p2a: Persian|88/100|[from] Stealth Rock
|move|p1a: Iron Treads|Knock Off|p2a: Persian
|-resisted|p2a: Persian
|-damage|p2a: Persian|78/100
|-enditem|p2a: Persian|Leftovers|[from] move: Knock Off|[of] p1a: Iron Treads
|
|-heal|p1a: Iron Treads|23/100|[from] item: Leftovers
|upkeep
|turn|16
|
|t:|1776304548
|-end|p1a: Iron Treads|Quark Drive|[silent]
|switch|p1a: Enamorus|Enamorus, F|100/100
|move|p2a: Persian|Foul Play|p1a: Enamorus
|-resisted|p1a: Enamorus
|-damage|p1a: Enamorus|73/100
|
|upkeep
|turn|17
|
|t:|1776304562
|switch|p2a: Mesprit|Mesprit|100/100
|-damage|p2a: Mesprit|88/100|[from] Stealth Rock
|move|p1a: Enamorus|Moonblast|p2a: Mesprit
|-damage|p2a: Mesprit|47/100
|-unboost|p2a: Mesprit|spa|1
|
|upkeep
|turn|18
|
|t:|1776304574
|move|p1a: Enamorus|Moonblast|p2a: Mesprit
|-damage|p2a: Mesprit|9/100
|-unboost|p2a: Mesprit|spa|1
|move|p2a: Mesprit|Stealth Rock|p1a: Enamorus
|-sidestart|p1: coast ghost|move: Stealth Rock
|
|upkeep
|turn|19
|
|t:|1776304580
|move|p1a: Enamorus|Moonblast|p2a: Mesprit
|-damage|p2a: Mesprit|0 fnt
|faint|p2a: Mesprit
|
|upkeep
|
|t:|1776304582
|switch|p2a: Arboliva|Arboliva, F|100/100
|-damage|p2a: Arboliva|88/100|[from] Stealth Rock
|turn|20
|
|t:|1776304595
|move|p1a: Enamorus|Moonblast|p2a: Arboliva
|-damage|p2a: Arboliva|58/100
|-unboost|p2a: Arboliva|spa|1
|-fieldstart|move: Grassy Terrain|[from] ability: Seed Sower|[of] p2a: Arboliva
|move|p2a: Arboliva|Mirror Coat|p1a: Enamorus
|-damage|p1a: Enamorus|3/100
|
|-heal|p2a: Arboliva|64/100|[from] Grassy Terrain
|upkeep
|turn|21
|
|t:|1776304607
|switch|p1a: Chesnaught|Chesnaught, M|20/100
|-damage|p1a: Chesnaught|14/100|[from] Stealth Rock
|move|p2a: Arboliva|Giga Drain|p1a: Chesnaught
|-resisted|p1a: Chesnaught
|-damage|p1a: Chesnaught|0 fnt
|-heal|p2a: Arboliva|72/100|[from] drain|[of] p1a: Chesnaught
|faint|p1a: Chesnaught
|
|-heal|p2a: Arboliva|78/100|[from] Grassy Terrain
|upkeep
|
|t:|1776304613
|switch|p1a: Dragonite|Dragonite, F|100/100
|turn|22
|
|t:|1776304618
|switch|p2a: Spiritomb|Spiritomb, F|100/100
|-damage|p2a: Spiritomb|88/100|[from] Stealth Rock
|move|p1a: Dragonite|Dragon Dance|p1a: Dragonite
|-boost|p1a: Dragonite|atk|1
|-boost|p1a: Dragonite|spe|1
|
|-heal|p2a: Spiritomb|94/100|[from] Grassy Terrain
|-heal|p2a: Spiritomb|100/100|[from] item: Leftovers
|upkeep
|turn|23
|
|t:|1776304633
|switch|p1a: Kyurem|Kyurem, tera:Ice|79/100
|-damage|p1a: Kyurem|54/100|[from] Stealth Rock
|-ability|p1a: Kyurem|Pressure
|move|p2a: Spiritomb|Will-O-Wisp|p1a: Kyurem
|-status|p1a: Kyurem|brn
|
|-heal|p1a: Kyurem|60/100 brn|[from] Grassy Terrain
|-damage|p1a: Kyurem|54/100 brn|[from] brn
|upkeep
|turn|24
|
|t:|1776304641
|switch|p2a: Wyrdeer|Wyrdeer, M|50/100
|-damage|p2a: Wyrdeer|37/100|[from] Stealth Rock
|-ability|p2a: Wyrdeer|Intimidate|boost
|-unboost|p1a: Kyurem|atk|1
|move|p1a: Kyurem|Ice Beam|p2a: Wyrdeer
|-damage|p2a: Wyrdeer|0 fnt
|faint|p2a: Wyrdeer
|
|-heal|p1a: Kyurem|60/100 brn|[from] Grassy Terrain
|-damage|p1a: Kyurem|54/100 brn|[from] brn
|-fieldend|move: Grassy Terrain
|upkeep
|
|t:|1776304648
|switch|p2a: Arboliva|Arboliva, F|78/100
|-damage|p2a: Arboliva|65/100|[from] Stealth Rock
|turn|25
|
|t:|1776304665
|-terastallize|p2a: Arboliva|Fire
|move|p1a: Kyurem|Ice Beam|p2a: Arboliva
|-resisted|p2a: Arboliva
|-damage|p2a: Arboliva|33/100
|-status|p2a: Arboliva|frz
|-fieldstart|move: Grassy Terrain|[from] ability: Seed Sower|[of] p2a: Arboliva
|-curestatus|p2a: Arboliva|frz|[msg]
|move|p2a: Arboliva|Giga Drain|p1a: Kyurem
|-crit|p1a: Kyurem
|-damage|p1a: Kyurem|0 fnt
|-heal|p2a: Arboliva|64/100|[from] drain|[of] p1a: Kyurem
|faint|p1a: Kyurem
|
|-heal|p2a: Arboliva|70/100|[from] Grassy Terrain
|upkeep
|
|t:|1776304677
|switch|p1a: Iron Treads|Iron Treads|23/100
|-damage|p1a: Iron Treads|20/100|[from] Stealth Rock
|turn|26
|
|t:|1776304689
|move|p1a: Iron Treads|Rapid Spin|p2a: Arboliva
|-damage|p2a: Arboliva|52/100
|-boost|p1a: Iron Treads|spe|1
|-sideend|p1: coast ghost|Stealth Rock|[from] move: Rapid Spin|[of] p1a: Iron Treads
|move|p2a: Arboliva|Giga Drain|p1a: Iron Treads
|-crit|p1a: Iron Treads
|-damage|p1a: Iron Treads|0 fnt
|-heal|p2a: Arboliva|62/100|[from] drain|[of] p1a: Iron Treads
|faint|p1a: Iron Treads
|-end|p1a: Iron Treads|Quark Drive|[silent]
|
|-heal|p2a: Arboliva|68/100|[from] Grassy Terrain
|upkeep
|
|t:|1776304696
|switch|p1a: Dragonite|Dragonite, F|100/100
|turn|27
|
|t:|1776304702
|switch|p2a: Spiritomb|Spiritomb, F|100/100
|-damage|p2a: Spiritomb|88/100|[from] Stealth Rock
|move|p1a: Dragonite|Dragon Dance|p1a: Dragonite
|-boost|p1a: Dragonite|atk|1
|-boost|p1a: Dragonite|spe|1
|
|-heal|p2a: Spiritomb|94/100|[from] Grassy Terrain
|-heal|p2a: Spiritomb|100/100|[from] item: Leftovers
|upkeep
|turn|28
|
|t:|1776304707
|move|p1a: Dragonite|Ice Spinner|p2a: Spiritomb
|-damage|p2a: Spiritomb|62/100
|-fieldend|move: Grassy Terrain
|move|p2a: Spiritomb|Will-O-Wisp|p1a: Dragonite
|-status|p1a: Dragonite|brn
|
|-heal|p2a: Spiritomb|69/100|[from] item: Leftovers
|-damage|p1a: Dragonite|94/100 brn|[from] brn
|upkeep
|turn|29
|
|t:|1776304712
|move|p1a: Dragonite|Dragon Dance|p1a: Dragonite
|-boost|p1a: Dragonite|atk|1
|-boost|p1a: Dragonite|spe|1
|move|p2a: Spiritomb|Dark Pulse|p1a: Dragonite
|-damage|p1a: Dragonite|68/100 brn
|
|-heal|p2a: Spiritomb|75/100|[from] item: Leftovers
|-damage|p1a: Dragonite|62/100 brn|[from] brn
|upkeep
|turn|30
|
|t:|1776304723
|move|p1a: Dragonite|Ice Spinner|p2a: Spiritomb
|-damage|p2a: Spiritomb|52/100
|move|p2a: Spiritomb|Dark Pulse|p1a: Dragonite
|-damage|p1a: Dragonite|33/100 brn
|
|-heal|p2a: Spiritomb|59/100|[from] item: Leftovers
|-damage|p1a: Dragonite|27/100 brn|[from] brn
|upkeep
|turn|31
|
|t:|1776304727
|move|p1a: Dragonite|Earthquake|p2a: Spiritomb
|-damage|p2a: Spiritomb|28/100
|move|p2a: Spiritomb|Dark Pulse|p1a: Dragonite
|-damage|p1a: Dragonite|0 fnt
|faint|p1a: Dragonite
|
|-heal|p2a: Spiritomb|35/100|[from] item: Leftovers
|upkeep
|
|t:|1776304731
|switch|p1a: Enamorus|Enamorus, F|3/100
|turn|32
|
|t:|1776304732
|move|p1a: Enamorus|Moonblast|p2a: Spiritomb
|-supereffective|p2a: Spiritomb
|-damage|p2a: Spiritomb|0 fnt
|faint|p2a: Spiritomb
|
|upkeep
|
|t:|1776304734
|switch|p2a: Arboliva|Arboliva, F, tera:Fire|68/100
|-damage|p2a: Arboliva|43/100|[from] Stealth Rock
|turn|33
|
|t:|1776304736
|move|p1a: Enamorus|Moonblast|p2a: Arboliva
|-resisted|p2a: Arboliva
|-damage|p2a: Arboliva|28/100
|-fieldstart|move: Grassy Terrain|[from] ability: Seed Sower|[of] p2a: Arboliva
|move|p2a: Arboliva|Tera Blast|p1a: Enamorus|[anim] Tera Blast Fire
|-damage|p1a: Enamorus|0 fnt
|faint|p1a: Enamorus
|
|win|mathismathin
|raw|coast ghost's rating: 1555 &rarr; <strong>1539</strong><br />(-16 for losing)
|raw|mathismathin's rating: 1620 &rarr; <strong>1636</strong><br />(+16 for winning)
