|html|<div class="broadcast-blue"><strong>[Gen 9] OU is currently suspecting Tera Blast! For information on how to participate check out the <a href="https://www.smogon.com/tools/suspects/view/200">suspect thread</a>.</strong></div>
|j|☆xamorke2111
|j|☆giolpii
|t:|1776032968
|gametype|singles
|player|p1|xamorke2111|gambler|1285
|player|p2|giolpii|ghetsis-gen5bw|1310
|gen|9
|tier|[Gen 9] OU
|rated|
|rule|HP Percentage Mod: HP is shown in percentages
|rule|Endless Battle Clause: Forcing endless battles is banned
|rule|Species Clause: Limit one of each Pokémon
|rule|OHKO Clause: OHKO moves are banned
|rule|Evasion Items Clause: Evasion items are banned
|rule|Evasion Moves Clause: Evasion moves are banned
|rule|Evasion Abilities Clause: Evasion abilities are banned
|rule|Sleep Moves Clause: Sleep-inducing moves are banned
|clearpoke
|poke|p1|Typhlosion-Hisui, M|
|poke|p1|Torkoal, M|
|poke|p1|Walking Wake|
|poke|p1|Venusaur, M|
|poke|p1|Cinderace, F|
|poke|p1|Kyurem|
|poke|p2|Ninetales, M|
|poke|p2|Great Tusk|
|poke|p2|Walking Wake|
|poke|p2|Lilligant-Hisui, F|
|poke|p2|Raging Bolt|
|poke|p2|Slowking-Galar, F|
|teampreview
|
|t:|1776032987
|teamsize|p1|6
|teamsize|p2|6
|start
|switch|p1a: Walking Wake|Walking Wake|100/100
|switch|p2a: Walking Wake|Walking Wake|100/100
|turn|1
|
|t:|1776032994
|-terastallize|p1a: Walking Wake|Fairy
|move|p1a: Walking Wake|Draco Meteor|p2a: Walking Wake
|-supereffective|p2a: Walking Wake
|-crit|p2a: Walking Wake
|-damage|p2a: Walking Wake|0 fnt
|-unboost|p1a: Walking Wake|spa|2
|faint|p2a: Walking Wake
|-end|p2a: Walking Wake|Protosynthesis|[silent]
|-damage|p1a: Walking Wake|91/100|[from] item: Life Orb
|
|upkeep
|
|t:|1776033002
|switch|p2a: Ninetales|Ninetales, M|100/100
|-weather|SunnyDay|[from] ability: Drought|[of] p2a: Ninetales
|-activate|p1a: Walking Wake|ability: Protosynthesis
|-start|p1a: Walking Wake|protosynthesisspe
|turn|2
|
|t:|1776033012
|-end|p1a: Walking Wake|Protosynthesis|[silent]
|switch|p1a: Cinderace|Cinderace, F|100/100
|switch|p2a: Slowking|Slowking-Galar, F|100/100
|
|-weather|SunnyDay|[upkeep]
|upkeep
|turn|3
|
|t:|1776033025
|move|p1a: Cinderace|Flare Blitz|p2a: Slowking
|-damage|p2a: Slowking|9/100
|-damage|p1a: Cinderace|61/100|[from] Recoil
|move|p2a: Slowking|Sludge Bomb|p1a: Cinderace
|-damage|p1a: Cinderace|0 fnt
|faint|p1a: Cinderace
|
|-weather|SunnyDay|[upkeep]
|upkeep
|
|t:|1776033034
|switch|p1a: Typhlosion|Typhlosion-Hisui, M|100/100
|-item|p2a: Slowking|Assault Vest|[from] ability: Frisk|[of] p1a: Typhlosion
|turn|4
|
|t:|1776033042
|switch|p2a: Great Tusk|Great Tusk|100/100
|-activate|p2a: Great Tusk|ability: Protosynthesis
|-start|p2a: Great Tusk|protosynthesisspe
|move|p1a: Typhlosion|Eruption|p2a: Great Tusk
|-damage|p2a: Great Tusk|0 fnt
|faint|p2a: Great Tusk
|-end|p2a: Great Tusk|Protosynthesis|[silent]
|
|-weather|SunnyDay|[upkeep]
|upkeep
|
|t:|1776033054
|switch|p2a: Raging Bolt|Raging Bolt|100/100
|-activate|p2a: Raging Bolt|ability: Protosynthesis
|-start|p2a: Raging Bolt|protosynthesisspa
|turn|5
|
|t:|1776033081
|switch|p1a: Torkoal|Torkoal, M|100/100
|move|p2a: Raging Bolt|Thunderbolt|p1a: Torkoal
|-damage|p1a: Torkoal|43/100
|
|-weather|SunnyDay|[upkeep]
|-heal|p1a: Torkoal|49/100|[from] item: Leftovers
|upkeep
|turn|6
|
|t:|1776033092
|move|p2a: Raging Bolt|Calm Mind|p2a: Raging Bolt
|-boost|p2a: Raging Bolt|spa|1
|-boost|p2a: Raging Bolt|spd|1
|move|p1a: Torkoal|Scorching Sands|p2a: Raging Bolt
|-supereffective|p2a: Raging Bolt
|-damage|p2a: Raging Bolt|81/100
|-status|p2a: Raging Bolt|brn
|
|-weather|SunnyDay|[upkeep]
|-heal|p1a: Torkoal|56/100|[from] item: Leftovers
|-damage|p2a: Raging Bolt|75/100 brn|[from] brn
|upkeep
|turn|7
|
|t:|1776033101
|move|p2a: Raging Bolt|Thunderbolt|p1a: Torkoal
|-damage|p1a: Torkoal|0 fnt
|faint|p1a: Torkoal
|
|-weather|SunnyDay|[upkeep]
|-damage|p2a: Raging Bolt|69/100 brn|[from] brn
|upkeep
|
|t:|1776033117
|switch|p1a: Kyurem|Kyurem|100/100
|-ability|p1a: Kyurem|Pressure
|turn|8
|
|t:|1776033121
|switch|p1a: Walking Wake|Walking Wake, tera:Fairy|91/100
|-activate|p1a: Walking Wake|ability: Protosynthesis
|-start|p1a: Walking Wake|protosynthesisspa
|-terastallize|p2a: Raging Bolt|Fairy
|move|p2a: Raging Bolt|Dragon Pulse|p1a: Walking Wake
|-immune|p1a: Walking Wake
|
|-weather|SunnyDay|[upkeep]
|-damage|p2a: Raging Bolt|63/100 brn|[from] brn
|upkeep
|turn|9
|
|t:|1776033201
|move|p2a: Raging Bolt|Thunderclap|p1a: Walking Wake
|-crit|p1a: Walking Wake
|-damage|p1a: Walking Wake|0 fnt
|faint|p1a: Walking Wake
|-end|p1a: Walking Wake|Protosynthesis|[silent]
|
|-weather|none
|-end|p2a: Raging Bolt|Protosynthesis
|-damage|p2a: Raging Bolt|57/100 brn|[from] brn
|upkeep
|c|☆xamorke2111|lol
|
|t:|1776033226
|switch|p1a: Venusaur|Venusaur, M|100/100
|turn|10
|
|t:|1776033239
|move|p1a: Venusaur|Earth Power|p2a: Raging Bolt
|-damage|p2a: Raging Bolt|31/100 brn
|-damage|p1a: Venusaur|91/100|[from] item: Life Orb
|move|p2a: Raging Bolt|Calm Mind|p2a: Raging Bolt
|-boost|p2a: Raging Bolt|spa|1
|-boost|p2a: Raging Bolt|spd|1
|
|-damage|p2a: Raging Bolt|25/100 brn|[from] brn
|upkeep
|turn|11
|
|t:|1776033248
|move|p1a: Venusaur|Earth Power|p2a: Raging Bolt
|-damage|p2a: Raging Bolt|7/100 brn
|-damage|p1a: Venusaur|81/100|[from] item: Life Orb
|move|p2a: Raging Bolt|Dragon Pulse|p1a: Venusaur
|-damage|p1a: Venusaur|0 fnt
|faint|p1a: Venusaur
|
|-damage|p2a: Raging Bolt|1/100 brn|[from] brn
|upkeep
|
|t:|1776033265
|switch|p1a: Typhlosion|Typhlosion-Hisui, M|100/100
|-item|p2a: Raging Bolt|Heavy-Duty Boots|[from] ability: Frisk|[of] p1a: Typhlosion
|turn|12
|
|t:|1776033271
|switch|p1a: Kyurem|Kyurem|100/100
|-ability|p1a: Kyurem|Pressure
|move|p2a: Raging Bolt|Thunderclap||[still]
|-fail|p2a: Raging Bolt
|
|-damage|p2a: Raging Bolt|0 fnt|[from] brn
|faint|p2a: Raging Bolt
|-end|p2a: Raging Bolt|Protosynthesis|[silent]
|upkeep
|
|t:|1776033275
|switch|p2a: Ninetales|Ninetales, M|100/100
|-weather|SunnyDay|[from] ability: Drought|[of] p2a: Ninetales
|turn|13
|
|t:|1776033282
|move|p2a: Ninetales|Will-O-Wisp|p1a: Kyurem
|-status|p1a: Kyurem|brn
|move|p1a: Kyurem|Dragon Pulse|p2a: Ninetales
|-damage|p2a: Ninetales|56/100
|
|-weather|SunnyDay|[upkeep]
|-damage|p1a: Kyurem|94/100 brn|[from] brn
|upkeep
|turn|14
|
|t:|1776033289
|move|p2a: Ninetales|Overheat|p1a: Kyurem
|-damage|p1a: Kyurem|39/100 brn
|-unboost|p2a: Ninetales|spa|2
|move|p1a: Kyurem|Dragon Pulse|p2a: Ninetales
|-damage|p2a: Ninetales|12/100
|
|-weather|SunnyDay|[upkeep]
|-damage|p1a: Kyurem|33/100 brn|[from] brn
|upkeep
|turn|15
|
|t:|1776033295
|move|p2a: Ninetales|Healing Wish|p2a: Ninetales
|faint|p2a: Ninetales
|move|p1a: Kyurem|Dragon Pulse|p2: Ninetales|[notarget]
|-fail|p1a: Kyurem
|
|-weather|SunnyDay|[upkeep]
|-damage|p1a: Kyurem|27/100 brn|[from] brn
|upkeep
|
|t:|1776033296
|switch|p2a: Slowking|Slowking-Galar, F|42/100
|-heal|p2a: Slowking|100/100|[from] move: Healing Wish
|turn|16
|
|t:|1776033301
|move|p1a: Kyurem|Dragon Pulse|p2a: Slowking
|-crit|p2a: Slowking
|-damage|p2a: Slowking|64/100
|move|p2a: Slowking|Sludge Bomb|p1a: Kyurem
|-damage|p1a: Kyurem|0 fnt
|faint|p1a: Kyurem
|
|-weather|SunnyDay|[upkeep]
|upkeep
|
|t:|1776033305
|switch|p1a: Typhlosion|Typhlosion-Hisui, M|100/100
|-item|p2a: Slowking|Assault Vest|[from] ability: Frisk|[of] p1a: Typhlosion
|turn|17
|
|t:|1776033311
|move|p1a: Typhlosion|Eruption|p2a: Slowking
|-damage|p2a: Slowking|7/100
|move|p2a: Slowking|Psyshock|p1a: Typhlosion
|-damage|p1a: Typhlosion|42/100
|
|-weather|SunnyDay|[upkeep]
|upkeep
|turn|18
|
|t:|1776033316
|move|p1a: Typhlosion|Eruption|p2a: Slowking
|-damage|p2a: Slowking|0 fnt
|faint|p2a: Slowking
|
|-weather|SunnyDay|[upkeep]
|upkeep
|
|t:|1776033319
|switch|p2a: Lilligant|Lilligant-Hisui, F|100/100
|turn|19
|
|t:|1776033323
|move|p2a: Lilligant|Solar Blade||[still]
|-prepare|p2a: Lilligant|Solar Blade
|-anim|p2a: Lilligant|Solar Blade|p1a: Typhlosion
|-resisted|p1a: Typhlosion
|-damage|p1a: Typhlosion|0 fnt
|faint|p1a: Typhlosion
|-damage|p2a: Lilligant|91/100|[from] item: Life Orb
|
|win|giolpii
|raw|xamorke2111's rating: 1285 &rarr; <strong>1262</strong><br />(-23 for losing)
|raw|giolpii's rating: 1310 &rarr; <strong>1329</strong><br />(+19 for winning)
|l|☆giolpii
|player|p2|
|l|☆xamorke2111
|player|p1|
