|html|<div class="broadcast-blue"><strong>[Gen 9] OU is currently suspecting Tera Blast! For information on how to participate check out the <a href="https://www.smogon.com/tools/suspects/view/200">suspect thread</a>.</strong></div>
|j|☆Harmful Waste
|j|☆InklingChicoUssbbw
|t:|1776263102
|gametype|singles
|player|p1|Harmful Waste|bugcatcher-gen4dp|1040
|player|p2|InklingChicoUssbbw|waiter-gen4dp|1077
|gen|9
|tier|[Gen 9] OU
|rated|
|rule|HP Percentage Mod: HP is shown in percentages
|rule|Endless Battle Clause: Forcing endless battles is banned
|rule|Species Clause: Limit one of each Pokémon
|rule|OHKO Clause: OHKO moves are banned
|rule|Evasion Items Clause: Evasion items are banned
|rule|Evasion Moves Clause: Evasion moves are banned
|rule|Evasion Abilities Clause: Evasion abilities are banned
|rule|Sleep Moves Clause: Sleep-inducing moves are banned
|clearpoke
|poke|p1|Polteageist|
|poke|p1|Toxapex, M|
|poke|p1|Rabsca, M|
|poke|p1|Drifblim, M|
|poke|p1|Ditto|
|poke|p2|Mew|
|poke|p2|Great Tusk|
|poke|p2|Gliscor, M|
|poke|p2|Dondozo, M|
|poke|p2|Kingambit, F|
|poke|p2|Cloyster, F|
|teampreview
|c|☆InklingChicoUssbbw|Mmmm
|c|☆InklingChicoUssbbw|Very SuS
|
|t:|1776263119
|teamsize|p1|5
|teamsize|p2|6
|start
|switch|p1a: 新传奇|Polteageist|100/100
|switch|p2a: Kingambit|Kingambit, F|100/100
|turn|1
|
|t:|1776263127
|-terastallize|p1a: 新传奇|Fighting
|move|p1a: 新传奇|Tera Blast|p2a: Kingambit|[anim] Tera Blast Fighting
|-supereffective|p2a: Kingambit
|-damage|p2a: Kingambit|0 fnt
|faint|p2a: Kingambit
|-end|p2a: Kingambit|fallenundefined|[silent]
|
|upkeep
|
|t:|1776263134
|switch|p2a: Gliscor|Gliscor, M|100/100
|turn|2
|
|t:|1776263138
|move|p1a: 新传奇|Shell Smash|p1a: 新传奇
|-unboost|p1a: 新传奇|def|1
|-unboost|p1a: 新传奇|spd|1
|-boost|p1a: 新传奇|atk|2
|-boost|p1a: 新传奇|spa|2
|-boost|p1a: 新传奇|spe|2
|move|p2a: Gliscor|Earthquake|p1a: 新传奇
|-enditem|p1a: 新传奇|Focus Sash
|-damage|p1a: 新传奇|1/100
|-ability|p1a: 新传奇|Weak Armor|boost
|-unboost|p1a: 新传奇|def|1
|-boost|p1a: 新传奇|spe|2
|
|-status|p2a: Gliscor|tox|[from] item: Toxic Orb
|upkeep
|turn|3
|
|t:|1776263152
|switch|p2a: Dondozo|Dondozo, M|100/100
|move|p1a: 新传奇|Stored Power|p2a: Dondozo
|-damage|p2a: Dondozo|34/100
|
|-heal|p2a: Dondozo|40/100|[from] item: Leftovers
|upkeep
|turn|4
|
|t:|1776263161
|move|p1a: 新传奇|Stored Power|p2a: Dondozo
|-damage|p2a: Dondozo|0 fnt
|faint|p2a: Dondozo
|
|upkeep
|
|t:|1776263166
|switch|p2a: Mew|Mew|100/100
|turn|5
|
|t:|1776263174
|move|p1a: 新传奇|Protect|p1a: 新传奇
|-singleturn|p1a: 新传奇|Protect
|move|p2a: Mew|Will-O-Wisp|p1a: 新传奇
|-activate|p1a: 新传奇|move: Protect
|
|upkeep
|turn|6
|
|t:|1776263185
|move|p1a: 新传奇|Stored Power|p2a: Mew
|-resisted|p2a: Mew
|-damage|p2a: Mew|47/100
|move|p2a: Mew|Will-O-Wisp|p1a: 新传奇
|-status|p1a: 新传奇|brn
|
|-damage|p1a: 新传奇|0 fnt|[from] brn
|faint|p1a: 新传奇
|upkeep
|
|t:|1776263196
|switch|p1a: 小鸟壁纸|Drifblim, M|100/100
|turn|7
|
|t:|1776263201
|move|p2a: Mew|Taunt|p1a: 小鸟壁纸
|-start|p1a: 小鸟壁纸|move: Taunt
|cant|p1a: 小鸟壁纸|move: Taunt|Tailwind
|
|upkeep
|turn|8
|
|t:|1776263208
|switch|p1a: 海螺桌面|Toxapex, M|100/100
|move|p2a: Mew|Will-O-Wisp|p1a: 海螺桌面
|-status|p1a: 海螺桌面|brn
|
|-damage|p1a: 海螺桌面|94/100 brn|[from] brn
|upkeep
|turn|9
|
|t:|1776263217
|switch|p2a: Gliscor|Gliscor, M|100/100 tox
|move|p1a: 海螺桌面|Infestation|p2a: Gliscor
|-resisted|p2a: Gliscor
|-damage|p2a: Gliscor|99/100 tox
|-activate|p2a: Gliscor|move: Infestation|[of] p1a: 海螺桌面
|
|-heal|p1a: 海螺桌面|100/100 brn|[from] item: Leftovers
|-heal|p2a: Gliscor|100/100 tox|[from] ability: Poison Heal
|-damage|p1a: 海螺桌面|94/100 brn|[from] brn
|-damage|p2a: Gliscor|88/100 tox|[from] move: Infestation|[partiallytrapped]
|upkeep
|turn|10
|
|t:|1776263231
|switch|p1a: 小鸟壁纸|Drifblim, M|100/100
|move|p2a: Gliscor|Swords Dance|p2a: Gliscor
|-boost|p2a: Gliscor|atk|2
|
|-heal|p2a: Gliscor|100/100 tox|[from] ability: Poison Heal
|-end|p2a: Gliscor|Infestation|[partiallytrapped]|[silent]
|upkeep
|turn|11
|
|t:|1776263240
|move|p1a: 小鸟壁纸|Tailwind|p1a: 小鸟壁纸
|-sidestart|p1: Harmful Waste|move: Tailwind
|move|p2a: Gliscor|Ice Fang|p1a: 小鸟壁纸
|-supereffective|p1a: 小鸟壁纸
|-enditem|p1a: 小鸟壁纸|Focus Sash
|-damage|p1a: 小鸟壁纸|1/100
|
|upkeep
|turn|12
|
|t:|1776263252
|switch|p2a: Mew|Mew|47/100
|move|p1a: 小鸟壁纸|Destiny Bond|p1a: 小鸟壁纸
|-singlemove|p1a: 小鸟壁纸|Destiny Bond
|
|upkeep
|turn|13
|
|t:|1776263259
|move|p1a: 小鸟壁纸|Protect|p1a: 小鸟壁纸
|-singleturn|p1a: 小鸟壁纸|Protect
|move|p2a: Mew|Taunt|p1a: 小鸟壁纸
|-activate|p1a: 小鸟壁纸|move: Protect
|
|upkeep
|turn|14
|
|t:|1776263266
|switch|p1a: 海螺桌面|Toxapex, M|100/100 brn
|move|p2a: Mew|Taunt|p1a: 海螺桌面
|-start|p1a: 海螺桌面|move: Taunt
|
|-damage|p1a: 海螺桌面|94/100 brn|[from] brn
|-sideend|p1: Harmful Waste|move: Tailwind
|upkeep
|turn|15
|
|t:|1776263276
|move|p2a: Mew|Scary Face|p1a: 海螺桌面
|-unboost|p1a: 海螺桌面|spe|2
|move|p1a: 海螺桌面|Infestation|p2a: Mew
|-supereffective|p2a: Mew
|-damage|p2a: Mew|42/100
|-activate|p2a: Mew|move: Infestation|[of] p1a: 海螺桌面
|
|-heal|p1a: 海螺桌面|100/100 brn|[from] item: Leftovers
|-damage|p1a: 海螺桌面|94/100 brn|[from] brn
|-damage|p2a: Mew|29/100|[from] move: Infestation|[partiallytrapped]
|upkeep
|turn|16
|
|t:|1776263290
|move|p2a: Mew|Transform|p1a: 海螺桌面
|-transform|p2a: Mew|p1a: 海螺桌面
|move|p1a: 海螺桌面|Infestation|p2a: Mew
|-resisted|p2a: Mew
|-damage|p2a: Mew|29/100
|
|-heal|p1a: 海螺桌面|100/100 brn|[from] item: Leftovers
|-damage|p1a: 海螺桌面|94/100 brn|[from] brn
|-damage|p2a: Mew|16/100|[from] move: Infestation|[partiallytrapped]
|-end|p1a: 海螺桌面|move: Taunt
|upkeep
|turn|17
|
|t:|1776263306
|switch|p1a: 小鸟壁纸|Drifblim, M|1/100
|move|p2a: Mew|Baneful Bunker||[still]
|-fail|p2a: Mew
|
|-end|p2a: Mew|Infestation|[partiallytrapped]|[silent]
|upkeep
|turn|18
|
|t:|1776263315
|move|p1a: 小鸟壁纸|Destiny Bond|p1a: 小鸟壁纸
|-singlemove|p1a: 小鸟壁纸|Destiny Bond
|move|p2a: Mew|Infestation|p1a: 小鸟壁纸
|-resisted|p1a: 小鸟壁纸
|-damage|p1a: 小鸟壁纸|0 fnt
|faint|p1a: 小鸟壁纸
|-activate|p1a: 小鸟壁纸|move: Destiny Bond
|faint|p2a: Mew
|
|upkeep
|
|t:|1776263328
|switch|p2a: Great Tusk|Great Tusk|100/100
|switch|p1a: 橘子浏览器|Rabsca, M|100/100
|turn|19
|
|t:|1776263366
|-terastallize|p2a: Great Tusk|Ground
|move|p2a: Great Tusk|Earthquake|p1a: 橘子浏览器
|-resisted|p1a: 橘子浏览器
|-damage|p1a: 橘子浏览器|66/100
|move|p1a: 橘子浏览器|Revival Blessing|p1a: 橘子浏览器
|
|t:|1776263372
|-heal|p1: 小鸟壁纸|50/100|[from] move: Revival Blessing
|
|upkeep
|turn|20
|
|t:|1776263377
|move|p2a: Great Tusk|Ice Spinner|p1a: 橘子浏览器
|-damage|p1a: 橘子浏览器|35/100
|move|p1a: 橘子浏览器|Rest|p1a: 橘子浏览器
|-status|p1a: 橘子浏览器|slp|[from] move: Rest
|-heal|p1a: 橘子浏览器|100/100 slp|[silent]
|
|upkeep
|turn|21
|
|t:|1776263385
|move|p2a: Great Tusk|Bulk Up|p2a: Great Tusk
|-boost|p2a: Great Tusk|atk|1
|-boost|p2a: Great Tusk|def|1
|cant|p1a: 橘子浏览器|slp
|move|p1a: 橘子浏览器|Sleep Talk|p1a: 橘子浏览器
|move|p1a: 橘子浏览器|Revival Blessing|p1a: 橘子浏览器|[from] move: Sleep Talk
|
|t:|1776263391
|-heal|p1: 新传奇|50/100|[from] move: Revival Blessing
|
|upkeep
|turn|22
|c|☆InklingChicoUssbbw|WAIT
|c|☆InklingChicoUssbbw|HOW
|c|☆InklingChicoUssbbw|Revival blessing only have 1 pp
|
|t:|1776263422
|switch|p1a: 海螺桌面|Toxapex, M|100/100 brn
|move|p2a: Great Tusk|Earthquake|p1a: 海螺桌面
|-supereffective|p1a: 海螺桌面
|-damage|p1a: 海螺桌面|0 fnt
|faint|p1a: 海螺桌面
|
|upkeep
|
|t:|1776263429
|switch|p1a: 橘子浏览器|Rabsca, M|100/100 slp
|turn|23
|
|t:|1776263438
|move|p2a: Great Tusk|Earthquake|p1a: 橘子浏览器
|-resisted|p1a: 橘子浏览器
|-damage|p1a: 橘子浏览器|43/100 slp
|cant|p1a: 橘子浏览器|slp
|
|upkeep
|turn|24
|
|t:|1776263446
|switch|p1a: 小鸟壁纸|Drifblim, M|50/100
|move|p2a: Great Tusk|Earthquake|p1a: 小鸟壁纸
|-immune|p1a: 小鸟壁纸
|
|upkeep
|turn|25
|
|t:|1776263453
|move|p1a: 小鸟壁纸|Destiny Bond|p1a: 小鸟壁纸
|-singlemove|p1a: 小鸟壁纸|Destiny Bond
|move|p2a: Great Tusk|Ice Spinner|p1a: 小鸟壁纸
|-supereffective|p1a: 小鸟壁纸
|-damage|p1a: 小鸟壁纸|0 fnt
|faint|p1a: 小鸟壁纸
|-activate|p1a: 小鸟壁纸|move: Destiny Bond
|faint|p2a: Great Tusk
|-end|p2a: Great Tusk|Protosynthesis|[silent]
|
|upkeep
|
|t:|1776263463
|switch|p1a: 新传奇|Polteageist|50/100
|switch|p2a: Cloyster|Cloyster, F|100/100
|turn|26
|
|t:|1776263469
|move|p1a: 新传奇|Shell Smash|p1a: 新传奇
|-unboost|p1a: 新传奇|def|1
|-unboost|p1a: 新传奇|spd|1
|-boost|p1a: 新传奇|atk|2
|-boost|p1a: 新传奇|spa|2
|-boost|p1a: 新传奇|spe|2
|move|p2a: Cloyster|Icicle Spear|p1a: 新传奇
|-damage|p1a: 新传奇|20/100
|-ability|p1a: 新传奇|Weak Armor|boost
|-unboost|p1a: 新传奇|def|1
|-boost|p1a: 新传奇|spe|2
|-damage|p1a: 新传奇|0 fnt
|faint|p1a: 新传奇
|-hitcount|p1: 新传奇|2
|
|upkeep
|
|t:|1776263481
|switch|p1a: 西瓜视频|Ditto|100/100
|-transform|p1a: 西瓜视频|p2a: Cloyster|[from] ability: Imposter
|turn|27
|
|t:|1776263493
|switch|p1a: 橘子浏览器|Rabsca, M|43/100 slp
|move|p2a: Cloyster|Rock Blast|p1a: 橘子浏览器
|-supereffective|p1a: 橘子浏览器
|-damage|p1a: 橘子浏览器|29/100 slp
|-supereffective|p1a: 橘子浏览器
|-damage|p1a: 橘子浏览器|17/100 slp
|-supereffective|p1a: 橘子浏览器
|-damage|p1a: 橘子浏览器|4/100 slp
|-supereffective|p1a: 橘子浏览器
|-damage|p1a: 橘子浏览器|0 fnt
|faint|p1a: 橘子浏览器
|-hitcount|p1: 橘子浏览器|4
|
|upkeep
|-message|Harmful Waste forfeited.
|
|win|InklingChicoUssbbw
|raw|Harmful Waste's rating: 1040 &rarr; <strong>1026</strong><br />(-14 for losing)
|raw|InklingChicoUssbbw's rating: 1077 &rarr; <strong>1102</strong><br />(+25 for winning)
|c|☆InklingChicoUssbbw|GG
|c|☆InklingChicoUssbbw|You team REALLY is very SuS
|c|☆InklingChicoUssbbw|But hey, it's original
