|html|<div class="broadcast-blue"><strong>[Gen 9] OU is currently suspecting Tera Blast! For information on how to participate check out the <a href="https://www.smogon.com/tools/suspects/view/200">suspect thread</a>.</strong></div>
|j|☆Beetterfly
|j|☆hornedivysaur
|t:|1776060665
|gametype|singles
|player|p1|Beetterfly|medium|1088
|player|p2|hornedivysaur|ethan|1117
|gen|9
|tier|[Gen 9] OU
|rated|
|rule|HP Percentage Mod: HP is shown in percentages
|rule|Endless Battle Clause: Forcing endless battles is banned
|rule|Species Clause: Limit one of each Pokémon
|rule|OHKO Clause: OHKO moves are banned
|rule|Evasion Items Clause: Evasion items are banned
|rule|Evasion Moves Clause: Evasion moves are banned
|rule|Evasion Abilities Clause: Evasion abilities are banned
|rule|Sleep Moves Clause: Sleep-inducing moves are banned
|clearpoke
|poke|p1|Alomomola, F|
|poke|p1|Dragapult, F|
|poke|p1|Whimsicott, M|
|poke|p1|Landorus-Therian, M|
|poke|p1|Heatran, M|
|poke|p1|Jirachi|
|poke|p2|Slowking-Galar, M|
|poke|p2|Great Tusk|
|poke|p2|Weavile, M|
|poke|p2|Glimmora, M|
|poke|p2|Primarina, F|
|poke|p2|Kingambit, F|
|teampreview
|
|t:|1776060674
|teamsize|p1|6
|teamsize|p2|6
|start
|switch|p1a: Whimsicott|Whimsicott, M|100/100
|switch|p2a: Jack|Great Tusk|100/100
|-enditem|p2a: Jack|Booster Energy
|-activate|p2a: Jack|ability: Protosynthesis|[fromitem]
|-start|p2a: Jack|protosynthesisatk
|turn|1
|
|t:|1776060687
|move|p1a: Whimsicott|Moonblast|p2a: Jack
|-supereffective|p2a: Jack
|-damage|p2a: Jack|0 fnt
|faint|p2a: Jack
|-end|p2a: Jack|Protosynthesis|[silent]
|
|upkeep
|
|t:|1776060695
|switch|p2a: Glowking|Slowking-Galar, M, shiny|100/100
|turn|2
|
|t:|1776060704
|switch|p1a: Alomomola|Alomomola, F|100/100
|move|p2a: Glowking|Sludge Bomb|p1a: Alomomola
|-damage|p1a: Alomomola|52/100
|
|-heal|p1a: Alomomola|58/100|[from] item: Leftovers
|upkeep
|turn|3
|inactive|Battle timer is ON: inactive players will automatically lose when time's up. (requested by hornedivysaur)
|
|t:|1776060710
|move|p1a: Alomomola|Protect|p1a: Alomomola
|-singleturn|p1a: Alomomola|Protect
|move|p2a: Glowking|Sludge Bomb|p1a: Alomomola
|-activate|p1a: Alomomola|move: Protect
|
|-heal|p1a: Alomomola|65/100|[from] item: Leftovers
|upkeep
|turn|4
|
|t:|1776060714
|move|p1a: Alomomola|Wish|p1a: Alomomola
|move|p2a: Glowking|Sludge Bomb|p1a: Alomomola
|-damage|p1a: Alomomola|21/100
|
|-heal|p1a: Alomomola|27/100|[from] item: Leftovers
|upkeep
|turn|5
|
|t:|1776060720
|switch|p2a: Glimmora|Glimmora, M|100/100
|move|p1a: Alomomola|Scald|p2a: Glimmora
|-supereffective|p2a: Glimmora
|-damage|p2a: Glimmora|62/100
|-status|p2a: Glimmora|brn
|
|-heal|p1a: Alomomola|77/100|[from] move: Wish|[wisher] Alomomola
|-heal|p2a: Glimmora|68/100 brn|[from] item: Leftovers
|-heal|p1a: Alomomola|84/100|[from] item: Leftovers
|-damage|p2a: Glimmora|62/100 brn|[from] brn
|upkeep
|turn|6
|
|t:|1776060726
|move|p2a: Glimmora|Mortal Spin|p1a: Alomomola
|-damage|p1a: Alomomola|82/100
|-status|p1a: Alomomola|psn
|move|p1a: Alomomola|Flip Turn|p2a: Glimmora
|-supereffective|p2a: Glimmora
|-damage|p2a: Glimmora|25/100 brn
|-activate|p2a: Glimmora|ability: Toxic Debris
|-sidestart|p1: Beetterfly|move: Toxic Spikes
|
|t:|1776060738
|switch|p1a: Landorus|Landorus-Therian, M|100/100|[from] Flip Turn
|-ability|p1a: Landorus|Intimidate|boost
|-unboost|p2a: Glimmora|atk|1
|
|-heal|p2a: Glimmora|31/100 brn|[from] item: Leftovers
|-damage|p2a: Glimmora|25/100 brn|[from] brn
|upkeep
|turn|7
|
|t:|1776060746
|move|p2a: Glimmora|Protect|p2a: Glimmora
|-singleturn|p2a: Glimmora|Protect
|move|p1a: Landorus|Stealth Rock|p2a: Glimmora
|-sidestart|p2: hornedivysaur|move: Stealth Rock
|
|-heal|p2a: Glimmora|31/100 brn|[from] item: Leftovers
|-damage|p2a: Glimmora|25/100 brn|[from] brn
|upkeep
|turn|8
|
|t:|1776060752
|move|p1a: Landorus|U-turn|p2a: Glimmora
|-resisted|p2a: Glimmora
|-damage|p2a: Glimmora|8/100 brn
|-activate|p2a: Glimmora|ability: Toxic Debris
|-sidestart|p1: Beetterfly|move: Toxic Spikes
|
|t:|1776060759
|switch|p1a: Whimsicott|Whimsicott, M|100/100|[from] U-turn
|-status|p1a: Whimsicott|tox
|move|p2a: Glimmora|Mortal Spin|p1a: Whimsicott
|-supereffective|p1a: Whimsicott
|-damage|p1a: Whimsicott|88/100 tox
|-sideend|p2: hornedivysaur|Stealth Rock|[from] move: Mortal Spin|[of] p2a: Glimmora
|
|-heal|p2a: Glimmora|14/100 brn|[from] item: Leftovers
|-damage|p1a: Whimsicott|82/100 tox|[from] psn
|-damage|p2a: Glimmora|8/100 brn|[from] brn
|upkeep
|turn|9
|
|t:|1776060770
|move|p1a: Whimsicott|U-turn|p2a: Glimmora
|-resisted|p2a: Glimmora
|-damage|p2a: Glimmora|2/100 brn
|
|t:|1776060775
|switch|p1a: Alomomola|Alomomola, F|100/100 psn|[from] U-turn
|move|p2a: Glimmora|Spikes|p1a: Alomomola
|-sidestart|p1: Beetterfly|Spikes
|
|-heal|p2a: Glimmora|8/100 brn|[from] item: Leftovers
|-damage|p1a: Alomomola|88/100 psn|[from] psn
|-damage|p2a: Glimmora|2/100 brn|[from] brn
|upkeep
|turn|10
|
|t:|1776060792
|move|p2a: Glimmora|Earth Power|p1a: Alomomola
|-damage|p1a: Alomomola|54/100 psn
|move|p1a: Alomomola|Flip Turn|p2a: Glimmora
|-supereffective|p2a: Glimmora
|-damage|p2a: Glimmora|0 fnt
|faint|p2a: Glimmora
|
|t:|1776060796
|switch|p1a: Whimsicott|Whimsicott, M|82/100 tox|[from] Flip Turn
|-damage|p1a: Whimsicott|70/100 tox|[from] Spikes
|
|-damage|p1a: Whimsicott|64/100 tox|[from] psn
|upkeep
|
|t:|1776060809
|switch|p2a: Weavile|Weavile, M|100/100
|-ability|p2a: Weavile|Pressure
|turn|11
|
|t:|1776060814
|move|p1a: Whimsicott|Switcheroo|p2a: Weavile
|-hint|Since gen 7, Dark is immune to Prankster moves.
|-immune|p2a: Weavile
|move|p2a: Weavile|Ice Shard|p1a: Whimsicott
|-supereffective|p1a: Whimsicott
|-damage|p1a: Whimsicott|0 fnt
|faint|p1a: Whimsicott
|-damage|p2a: Weavile|91/100|[from] item: Life Orb
|
|upkeep
|
|t:|1776060826
|switch|p1a: Jirachi|Jirachi|100/100
|-damage|p1a: Jirachi|88/100|[from] Spikes
|turn|12
|
|t:|1776060835
|move|p1a: Jirachi|Fire Punch|p2a: Weavile
|-supereffective|p2a: Weavile
|-damage|p2a: Weavile|15/100
|move|p2a: Weavile|Knock Off|p1a: Jirachi
|-supereffective|p1a: Jirachi
|-damage|p1a: Jirachi|0 fnt
|-enditem|p1a: Jirachi|Choice Scarf|[from] move: Knock Off|[of] p2a: Weavile
|faint|p1a: Jirachi
|-damage|p2a: Weavile|5/100|[from] item: Life Orb
|
|upkeep
|
|t:|1776060847
|switch|p1a: Heatran|Heatran, M|100/100
|-damage|p1a: Heatran|88/100|[from] Spikes
|turn|13
|
|t:|1776060860
|move|p1a: Heatran|Scorching Sands|p2a: Weavile
|-damage|p2a: Weavile|0 fnt
|faint|p2a: Weavile
|
|upkeep
|
|t:|1776060868
|switch|p2a: Primarina|Primarina, F|100/100
|turn|14
|
|t:|1776060872
|-terastallize|p1a: Heatran|Grass
|move|p1a: Heatran|Scorching Sands|p2a: Primarina
|-damage|p2a: Primarina|76/100
|-status|p2a: Primarina|brn
|move|p2a: Primarina|Calm Mind|p2a: Primarina
|-boost|p2a: Primarina|spa|1
|-boost|p2a: Primarina|spd|1
|
|-heal|p2a: Primarina|82/100 brn|[from] item: Leftovers
|-damage|p2a: Primarina|76/100 brn|[from] brn
|upkeep
|turn|15
|
|t:|1776060888
|switch|p1a: Alomomola|Alomomola, F|87/100 psn
|-damage|p1a: Alomomola|75/100 psn|[from] Spikes
|move|p2a: Primarina|Calm Mind|p2a: Primarina
|-boost|p2a: Primarina|spa|1
|-boost|p2a: Primarina|spd|1
|
|-heal|p2a: Primarina|82/100 brn|[from] item: Leftovers
|-heal|p1a: Alomomola|81/100 psn|[from] item: Leftovers
|-damage|p1a: Alomomola|69/100 psn|[from] psn
|-damage|p2a: Primarina|76/100 brn|[from] brn
|upkeep
|turn|16
|
|t:|1776060893
|move|p2a: Primarina|Draining Kiss|p1a: Alomomola
|-damage|p1a: Alomomola|14/100 psn
|-heal|p2a: Primarina|100/100 brn|[from] drain|[of] p1a: Alomomola
|move|p1a: Alomomola|Wish|p1a: Alomomola
|
|-heal|p1a: Alomomola|20/100 psn|[from] item: Leftovers
|-damage|p1a: Alomomola|8/100 psn|[from] psn
|-damage|p2a: Primarina|94/100 brn|[from] brn
|upkeep
|turn|17
|
|t:|1776060898
|move|p2a: Primarina|Calm Mind|p2a: Primarina
|-boost|p2a: Primarina|spa|1
|-boost|p2a: Primarina|spd|1
|move|p1a: Alomomola|Flip Turn|p2a: Primarina
|-resisted|p2a: Primarina
|-damage|p2a: Primarina|85/100 brn
|
|t:|1776060903
|switch|p1a: Dragapult|Dragapult, F|100/100|[from] Flip Turn
|-status|p1a: Dragapult|tox
|-damage|p1a: Dragapult|88/100 tox|[from] Spikes
|
|-heal|p1a: Dragapult|100/100 tox|[from] move: Wish|[wisher] Alomomola
|-heal|p2a: Primarina|91/100 brn|[from] item: Leftovers
|-damage|p1a: Dragapult|95/100 tox|[from] psn
|-damage|p2a: Primarina|85/100 brn|[from] brn
|upkeep
|turn|18
|
|t:|1776060908
|move|p1a: Dragapult|Phantom Force||[still]
|-prepare|p1a: Dragapult|Phantom Force
|move|p2a: Primarina|Draining Kiss|p1a: Dragapult|[miss]
|-miss|p2a: Primarina|p1a: Dragapult
|
|-heal|p1a: Dragapult|100/100 tox|[from] item: Leftovers
|-heal|p2a: Primarina|91/100 brn|[from] item: Leftovers
|-damage|p1a: Dragapult|89/100 tox|[from] psn
|-damage|p2a: Primarina|85/100 brn|[from] brn
|upkeep
|turn|19
|
|t:|1776060917
|move|p1a: Dragapult|Phantom Force|p2a: Primarina|[from] lockedmove
|-damage|p2a: Primarina|23/100 brn
|move|p2a: Primarina|Draining Kiss|p1a: Dragapult
|-supereffective|p1a: Dragapult
|-damage|p1a: Dragapult|0 fnt
|-heal|p2a: Primarina|86/100 brn|[from] drain|[of] p1a: Dragapult
|faint|p1a: Dragapult
|
|-heal|p2a: Primarina|92/100 brn|[from] item: Leftovers
|-damage|p2a: Primarina|86/100 brn|[from] brn
|upkeep
|-message|Beetterfly forfeited.
|
|win|hornedivysaur
|raw|Beetterfly's rating: 1088 &rarr; <strong>1067</strong><br />(-21 for losing)
|raw|hornedivysaur's rating: 1117 &rarr; <strong>1140</strong><br />(+23 for winning)
|l|☆Beetterfly
|player|p1|
|l|☆hornedivysaur
|player|p2|
