|html|<div class="broadcast-blue"><strong>[Gen 9] OU is currently suspecting Volcarona! For information on how to participate check out the <a href="https://www.smogon.com/tools/suspects/view/208">suspect thread</a>.</strong></div>
|j|☆TwinkleLittleStars
|j|☆zxrkawa
|t:|1778497816
|gametype|singles
|player|p1|TwinkleLittleStars|alec-anime|1567
|player|p2|zxrkawa|elesa|1495
|gen|9
|tier|[Gen 9] OU
|rated|
|rule|HP Percentage Mod: HP is shown in percentages
|rule|Endless Battle Clause: Forcing endless battles is banned
|rule|Species Clause: Limit one of each Pokémon
|rule|OHKO Clause: OHKO moves are banned
|rule|Evasion Items Clause: Evasion items are banned
|rule|Evasion Moves Clause: Evasion moves are banned
|rule|Evasion Abilities Clause: Evasion abilities are banned
|rule|Sleep Moves Clause: Sleep-inducing moves are banned
|clearpoke
|poke|p1|Regieleki|
|poke|p1|Deoxys-Speed|
|poke|p1|Latias, F|
|poke|p1|Great Tusk|
|poke|p1|Kingambit, M|
|poke|p1|Ogerpon-Cornerstone, F|
|poke|p2|Meowscarada, F|
|poke|p2|Pecharunt|
|poke|p2|Enamorus, F|
|poke|p2|Iron Treads|
|poke|p2|Skarmory, F|
|poke|p2|Slowking, M|
|teampreview
|inactive|Battle timer is ON: inactive players will automatically lose when time's up. (requested by zxrkawa)
|
|t:|1778497825
|teamsize|p1|6
|teamsize|p2|6
|start
|switch|p1a: Regieleki|Regieleki|100/100
|switch|p2a: Iron Treads|Iron Treads|100/100
|turn|1
|
|t:|1778497830
|move|p1a: Regieleki|Light Screen|p1a: Regieleki
|-sidestart|p1: TwinkleLittleStars|move: Light Screen
|move|p2a: Iron Treads|Stealth Rock|p1a: Regieleki
|-sidestart|p1: TwinkleLittleStars|move: Stealth Rock
|
|upkeep
|turn|2
|
|t:|1778497833
|move|p1a: Regieleki|Reflect|p1a: Regieleki
|-sidestart|p1: TwinkleLittleStars|Reflect
|move|p2a: Iron Treads|Earthquake|p1a: Regieleki
|-supereffective|p1a: Regieleki
|-damage|p1a: Regieleki|26/100
|
|upkeep
|turn|3
|
|t:|1778497838
|move|p1a: Regieleki|Explosion|p2a: Iron Treads
|-resisted|p2a: Iron Treads
|-crit|p2a: Iron Treads
|-damage|p2a: Iron Treads|60/100
|faint|p1a: Regieleki
|move|p2a: Iron Treads|Knock Off|p1: Regieleki|[notarget]
|-fail|p2a: Iron Treads
|
|-heal|p2a: Iron Treads|66/100|[from] item: Leftovers
|upkeep
|
|t:|1778497842
|switch|p1a: Latias|Latias, F|100/100
|-damage|p1a: Latias|88/100|[from] Stealth Rock
|turn|4
|
|t:|1778497846
|move|p1a: Latias|Calm Mind|p1a: Latias
|-boost|p1a: Latias|spa|1
|-boost|p1a: Latias|spd|1
|move|p2a: Iron Treads|Knock Off|p1a: Latias
|-supereffective|p1a: Latias
|-damage|p1a: Latias|67/100
|-enditem|p1a: Latias|Weakness Policy
|-boost|p1a: Latias|atk|2|[from] item: Weakness Policy
|-boost|p1a: Latias|spa|2|[from] item: Weakness Policy
|
|-heal|p2a: Iron Treads|72/100|[from] item: Leftovers
|upkeep
|turn|5
|
|t:|1778497849
|-end|p2a: Iron Treads|Quark Drive|[silent]
|switch|p2a: Slowking|Slowking, M|100/100
|move|p1a: Latias|Agility|p1a: Latias
|-boost|p1a: Latias|spe|2
|
|upkeep
|turn|6
|
|t:|1778497860
|move|p1a: Latias|Stored Power|p2a: Slowking
|-resisted|p2a: Slowking
|-damage|p2a: Slowking|60/100
|move|p2a: Slowking|Psyshock|p1a: Latias
|-resisted|p1a: Latias
|-damage|p1a: Latias|61/100
|
|upkeep
|turn|7
|
|t:|1778497875
|move|p1a: Latias|Agility|p1a: Latias
|-boost|p1a: Latias|spe|2
|move|p2a: Slowking|Scald|p1a: Latias
|-resisted|p1a: Latias
|-damage|p1a: Latias|57/100
|-status|p1a: Latias|brn
|
|-damage|p1a: Latias|51/100 brn|[from] brn
|upkeep
|turn|8
|
|t:|1778497890
|move|p1a: Latias|Stored Power|p2a: Slowking
|-resisted|p2a: Slowking
|-damage|p2a: Slowking|11/100
|move|p2a: Slowking|Psyshock|p1a: Latias
|-resisted|p1a: Latias
|-damage|p1a: Latias|45/100 brn
|
|-damage|p1a: Latias|39/100 brn|[from] brn
|-sideend|p1: TwinkleLittleStars|move: Light Screen
|upkeep
|turn|9
|
|t:|1778497907
|move|p1a: Latias|Stored Power|p2a: Slowking
|-resisted|p2a: Slowking
|-damage|p2a: Slowking|0 fnt
|faint|p2a: Slowking
|
|-damage|p1a: Latias|33/100 brn|[from] brn
|-sideend|p1: TwinkleLittleStars|Reflect
|upkeep
|
|t:|1778497910
|switch|p2a: Pecharunt|Pecharunt|100/100
|turn|10
|
|t:|1778497916
|-terastallize|p2a: Pecharunt|Dark
|move|p1a: Latias|Stored Power|p2a: Pecharunt
|-immune|p2a: Pecharunt
|move|p2a: Pecharunt|Foul Play|p1a: Latias
|-supereffective|p1a: Latias
|-damage|p1a: Latias|0 fnt
|faint|p1a: Latias
|
|upkeep
|
|t:|1778497924
|switch|p1a: Great Tusk|Great Tusk|100/100
|-damage|p1a: Great Tusk|97/100|[from] Stealth Rock
|-enditem|p1a: Great Tusk|Booster Energy
|-activate|p1a: Great Tusk|ability: Protosynthesis|[fromitem]
|-start|p1a: Great Tusk|protosynthesisspe
|turn|11
|
|t:|1778497936
|switch|p2a: Enamorus|Enamorus, F|100/100
|move|p1a: Great Tusk|Bulk Up|p1a: Great Tusk
|-boost|p1a: Great Tusk|atk|1
|-boost|p1a: Great Tusk|def|1
|
|upkeep
|turn|12
|
|t:|1778497940
|-terastallize|p1a: Great Tusk|Steel
|move|p2a: Enamorus|Moonblast|p1a: Great Tusk
|-resisted|p1a: Great Tusk
|-damage|p1a: Great Tusk|60/100
|move|p1a: Great Tusk|Ice Spinner|p2a: Enamorus
|-supereffective|p2a: Enamorus
|-damage|p2a: Enamorus|0 fnt
|faint|p2a: Enamorus
|
|upkeep
|
|t:|1778497950
|switch|p2a: Skarmory|Skarmory, F|100/100
|turn|13
|
|t:|1778497956
|move|p1a: Great Tusk|Knock Off|p2a: Skarmory
|-damage|p2a: Skarmory|73/100
|-enditem|p2a: Skarmory|Covert Cloak|[from] move: Knock Off|[of] p1a: Great Tusk
|move|p2a: Skarmory|Iron Defense|p2a: Skarmory
|-boost|p2a: Skarmory|def|2
|
|upkeep
|turn|14
|
|t:|1778497961
|move|p1a: Great Tusk|Bulk Up|p1a: Great Tusk
|-boost|p1a: Great Tusk|atk|1
|-boost|p1a: Great Tusk|def|1
|move|p2a: Skarmory|Body Press|p1a: Great Tusk
|-supereffective|p1a: Great Tusk
|-damage|p1a: Great Tusk|25/100
|
|upkeep
|turn|15
|
|t:|1778497967
|move|p1a: Great Tusk|Close Combat|p2a: Skarmory
|-damage|p2a: Skarmory|40/100
|-unboost|p1a: Great Tusk|def|1
|-unboost|p1a: Great Tusk|spd|1
|move|p2a: Skarmory|Body Press|p1a: Great Tusk
|-supereffective|p1a: Great Tusk
|-damage|p1a: Great Tusk|0 fnt
|faint|p1a: Great Tusk
|-end|p1a: Great Tusk|Protosynthesis|[silent]
|
|upkeep
|
|t:|1778497972
|switch|p1a: Deoxys|Deoxys-Speed|100/100
|-damage|p1a: Deoxys|88/100|[from] Stealth Rock
|-ability|p1a: Deoxys|Pressure
|turn|16
|
|t:|1778497982
|switch|p2a: Meowscarada|Meowscarada, F|100/100
|move|p1a: Deoxys|Focus Blast|p2a: Meowscarada
|-supereffective|p2a: Meowscarada
|-damage|p2a: Meowscarada|0 fnt
|faint|p2a: Meowscarada
|-damage|p1a: Deoxys|78/100|[from] item: Life Orb
|
|upkeep
|
|t:|1778497992
|switch|p2a: Iron Treads|Iron Treads|72/100
|turn|17
|
|t:|1778497995
|move|p1a: Deoxys|Focus Blast|p2a: Iron Treads|[miss]
|-miss|p1a: Deoxys|p2a: Iron Treads
|move|p2a: Iron Treads|Knock Off|p1a: Deoxys
|-supereffective|p1a: Deoxys
|-damage|p1a: Deoxys|3/100
|-enditem|p1a: Deoxys|Life Orb|[from] move: Knock Off|[of] p2a: Iron Treads
|
|-heal|p2a: Iron Treads|78/100|[from] item: Leftovers
|upkeep
|turn|18
|
|t:|1778498003
|move|p1a: Deoxys|Focus Blast|p2a: Iron Treads|[miss]
|-miss|p1a: Deoxys|p2a: Iron Treads
|move|p2a: Iron Treads|Rapid Spin|p1a: Deoxys
|-damage|p1a: Deoxys|0 fnt
|-boost|p2a: Iron Treads|spe|1
|faint|p1a: Deoxys
|
|-heal|p2a: Iron Treads|84/100|[from] item: Leftovers
|upkeep
|
|t:|1778498008
|switch|p1a: Kingambit|Kingambit, M|100/100
|-damage|p1a: Kingambit|94/100|[from] Stealth Rock
|-activate|p1a: Kingambit|ability: Supreme Overlord
|-start|p1a: Kingambit|fallen4|[silent]
|turn|19
|
|t:|1778498012
|move|p2a: Iron Treads|Earthquake|p1a: Kingambit
|-supereffective|p1a: Kingambit
|-damage|p1a: Kingambit|27/100
|move|p1a: Kingambit|Kowtow Cleave|p2a: Iron Treads
|-damage|p2a: Iron Treads|28/100
|
|-heal|p2a: Iron Treads|34/100|[from] item: Leftovers
|-heal|p1a: Kingambit|34/100|[from] item: Leftovers
|upkeep
|turn|20
|
|t:|1778498023
|move|p2a: Iron Treads|Stealth Rock||[still]
|-fail|p2a: Iron Treads
|move|p1a: Kingambit|Kowtow Cleave|p2a: Iron Treads
|-damage|p2a: Iron Treads|0 fnt
|faint|p2a: Iron Treads
|-end|p2a: Iron Treads|Quark Drive|[silent]
|
|-heal|p1a: Kingambit|40/100|[from] item: Leftovers
|upkeep
|
|t:|1778498029
|switch|p2a: Skarmory|Skarmory, F|40/100
|turn|21
|
|t:|1778498032
|move|p2a: Skarmory|Roost|p2a: Skarmory
|-heal|p2a: Skarmory|90/100
|-singleturn|p2a: Skarmory|move: Roost
|move|p1a: Kingambit|Kowtow Cleave|p2a: Skarmory
|-damage|p2a: Skarmory|46/100
|
|-heal|p1a: Kingambit|46/100|[from] item: Leftovers
|upkeep
|turn|22
|
|t:|1778498036
|move|p2a: Skarmory|Iron Defense|p2a: Skarmory
|-boost|p2a: Skarmory|def|2
|move|p1a: Kingambit|Swords Dance|p1a: Kingambit
|-boost|p1a: Kingambit|atk|2
|
|-heal|p1a: Kingambit|52/100|[from] item: Leftovers
|upkeep
|turn|23
|
|t:|1778498042
|move|p1a: Kingambit|Sucker Punch||[still]
|-fail|p1a: Kingambit
|move|p2a: Skarmory|Roost|p2a: Skarmory
|-heal|p2a: Skarmory|96/100
|-singleturn|p2a: Skarmory|move: Roost
|
|-heal|p1a: Kingambit|58/100|[from] item: Leftovers
|upkeep
|turn|24
|-message|TwinkleLittleStars forfeited.
|
|win|zxrkawa
|raw|TwinkleLittleStars's rating: 1567 &rarr; <strong>1543</strong><br />(-24 for losing)
|raw|zxrkawa's rating: 1495 &rarr; <strong>1519</strong><br />(+24 for winning)
|l|☆TwinkleLittleStars
|player|p1|
|c|☆zxrkawa|gg
