|html|<div class="broadcast-blue"><strong>[Gen 9] OU is currently suspecting Tera Blast! For information on how to participate check out the <a href="https://www.smogon.com/tools/suspects/view/200">suspect thread</a>.</strong></div>
|j|☆The Quaggie Boys
|j|☆jerimin
|t:|1776133064
|gametype|singles
|player|p1|The Quaggie Boys|ingo|1105
|player|p2|jerimin|roxie|1068
|gen|9
|tier|[Gen 9] OU
|rated|
|rule|HP Percentage Mod: HP is shown in percentages
|rule|Endless Battle Clause: Forcing endless battles is banned
|rule|Species Clause: Limit one of each Pokémon
|rule|OHKO Clause: OHKO moves are banned
|rule|Evasion Items Clause: Evasion items are banned
|rule|Evasion Moves Clause: Evasion moves are banned
|rule|Evasion Abilities Clause: Evasion abilities are banned
|rule|Sleep Moves Clause: Sleep-inducing moves are banned
|clearpoke
|poke|p1|Quagsire, F|
|poke|p1|Camerupt, M|
|poke|p1|Hatterene, F|
|poke|p1|Hoopa-Unbound|
|poke|p1|Diancie|
|poke|p1|Necrozma|
|poke|p2|Dondozo, M|
|poke|p2|Blissey, F|
|poke|p2|Corviknight, F|
|poke|p2|Weezing-Galar, F|
|poke|p2|Gliscor, F|
|poke|p2|Toxapex, F|
|teampreview
|inactive|Battle timer is ON: inactive players will automatically lose when time's up. (requested by jerimin)
|inactive|The Quaggie Boys also wants the timer to be on.
|
|t:|1776133088
|teamsize|p1|6
|teamsize|p2|6
|start
|switch|p1a: Hatterene|Hatterene, F|100/100
|switch|p2a: Weezing|Weezing-Galar, F|100/100
|-ability|p2a: Weezing|Neutralizing Gas
|turn|1
|
|t:|1776133107
|move|p2a: Weezing|Toxic Spikes|p1a: Hatterene
|-sidestart|p1: The Quaggie Boys|move: Toxic Spikes
|move|p1a: Hatterene|Trick Room|p1a: Hatterene
|-fieldstart|move: Trick Room|[of] p1a: Hatterene
|
|upkeep
|turn|2
|
|t:|1776133121
|move|p1a: Hatterene|Psyshock|p2a: Weezing
|-supereffective|p2a: Weezing
|-damage|p2a: Weezing|16/100
|-damage|p1a: Hatterene|91/100|[from] item: Life Orb
|move|p2a: Weezing|Toxic Spikes|p1a: Hatterene
|-sidestart|p1: The Quaggie Boys|move: Toxic Spikes
|
|upkeep
|turn|3
|
|t:|1776133129
|move|p1a: Hatterene|Mystical Fire|p2a: Weezing
|-damage|p2a: Weezing|0 fnt
|faint|p2a: Weezing
|-end|p2a: Weezing|ability: Neutralizing Gas
|-damage|p1a: Hatterene|81/100|[from] item: Life Orb
|
|upkeep
|
|t:|1776133151
|switch|p2a: Blissey|Blissey, F|100/100
|turn|4
|
|t:|1776133155
|move|p1a: Hatterene|Psyshock|p2a: Blissey
|-damage|p2a: Blissey|40/100
|-damage|p1a: Hatterene|71/100|[from] item: Life Orb
|move|p2a: Blissey|Calm Mind|p2a: Blissey
|-boost|p2a: Blissey|spa|1
|-boost|p2a: Blissey|spd|1
|
|-heal|p2a: Blissey|46/100|[from] item: Leftovers
|upkeep
|turn|5
|
|t:|1776133165
|move|p1a: Hatterene|Psyshock|p2a: Blissey
|-damage|p2a: Blissey|0 fnt
|faint|p2a: Blissey
|-damage|p1a: Hatterene|62/100|[from] item: Life Orb
|
|-fieldend|move: Trick Room
|upkeep
|inactive|jerimin has 120 seconds left.
|
|t:|1776133192
|switch|p2a: Gliscor|Gliscor, F|100/100
|turn|6
|
|t:|1776133196
|move|p2a: Gliscor|Knock Off|p1a: Hatterene
|-damage|p1a: Hatterene|37/100
|-enditem|p1a: Hatterene|Life Orb|[from] move: Knock Off|[of] p2a: Gliscor
|move|p1a: Hatterene|Trick Room|p1a: Hatterene
|-fieldstart|move: Trick Room|[of] p1a: Hatterene
|
|-status|p2a: Gliscor|tox|[from] item: Toxic Orb
|upkeep
|turn|7
|
|t:|1776133210
|move|p1a: Hatterene|Draining Kiss|p2a: Gliscor
|-damage|p2a: Gliscor|73/100 tox
|-heal|p1a: Hatterene|60/100|[from] drain|[of] p2a: Gliscor
|move|p2a: Gliscor|Knock Off|p1a: Hatterene
|-damage|p1a: Hatterene|43/100
|
|-heal|p2a: Gliscor|86/100 tox|[from] ability: Poison Heal
|upkeep
|turn|8
|
|t:|1776133220
|move|p1a: Hatterene|Draining Kiss|p2a: Gliscor
|-crit|p2a: Gliscor
|-damage|p2a: Gliscor|46/100 tox
|-heal|p1a: Hatterene|76/100|[from] drain|[of] p2a: Gliscor
|move|p2a: Gliscor|Earthquake|p1a: Hatterene
|-damage|p1a: Hatterene|36/100
|
|-heal|p2a: Gliscor|59/100 tox|[from] ability: Poison Heal
|upkeep
|turn|9
|
|t:|1776133232
|move|p2a: Gliscor|Protect|p2a: Gliscor
|-singleturn|p2a: Gliscor|Protect
|move|p1a: Hatterene|Draining Kiss|p2a: Gliscor
|-activate|p2a: Gliscor|move: Protect
|
|-heal|p2a: Gliscor|71/100 tox|[from] ability: Poison Heal
|upkeep
|turn|10
|
|t:|1776133243
|move|p1a: Hatterene|Draining Kiss|p2a: Gliscor
|-damage|p2a: Gliscor|47/100 tox
|-heal|p1a: Hatterene|56/100|[from] drain|[of] p2a: Gliscor
|move|p2a: Gliscor|Knock Off|p1a: Hatterene
|-damage|p1a: Hatterene|40/100
|
|-heal|p2a: Gliscor|60/100 tox|[from] ability: Poison Heal
|-fieldend|move: Trick Room
|upkeep
|turn|11
|
|t:|1776133253
|move|p2a: Gliscor|Knock Off|p1a: Hatterene
|-damage|p1a: Hatterene|25/100
|move|p1a: Hatterene|Trick Room|p1a: Hatterene
|-fieldstart|move: Trick Room|[of] p1a: Hatterene
|
|-heal|p2a: Gliscor|72/100 tox|[from] ability: Poison Heal
|upkeep
|turn|12
|
|t:|1776133272
|move|p1a: Hatterene|Psyshock|p2a: Gliscor
|-damage|p2a: Gliscor|37/100 tox
|move|p2a: Gliscor|Knock Off|p1a: Hatterene
|-damage|p1a: Hatterene|10/100
|
|-heal|p2a: Gliscor|50/100 tox|[from] ability: Poison Heal
|upkeep
|turn|13
|
|t:|1776133287
|move|p1a: Hatterene|Psyshock|p2a: Gliscor
|-damage|p2a: Gliscor|12/100 tox
|move|p2a: Gliscor|Knock Off|p1a: Hatterene
|-damage|p1a: Hatterene|0 fnt
|faint|p1a: Hatterene
|
|-heal|p2a: Gliscor|25/100 tox|[from] ability: Poison Heal
|upkeep
|
|t:|1776133295
|switch|p1a: Necrozma|Necrozma|100/100
|-status|p1a: Necrozma|tox
|turn|14
|
|t:|1776133302
|move|p2a: Gliscor|Protect|p2a: Gliscor
|-singleturn|p2a: Gliscor|Protect
|move|p1a: Necrozma|Photon Geyser|p2a: Gliscor
|-activate|p2a: Gliscor|move: Protect
|
|-damage|p1a: Necrozma|94/100 tox|[from] psn
|-heal|p2a: Gliscor|37/100 tox|[from] ability: Poison Heal
|upkeep
|turn|15
|
|t:|1776133327
|move|p1a: Necrozma|Meteor Beam||[still]
|-prepare|p1a: Necrozma|Meteor Beam
|-boost|p1a: Necrozma|spa|1
|-enditem|p1a: Necrozma|Power Herb
|-anim|p1a: Necrozma|Meteor Beam|p2a: Gliscor|[miss]
|-miss|p1a: Necrozma|p2a: Gliscor
|move|p2a: Gliscor|Knock Off|p1a: Necrozma
|-supereffective|p1a: Necrozma
|-damage|p1a: Necrozma|76/100 tox
|
|-damage|p1a: Necrozma|64/100 tox|[from] psn
|-heal|p2a: Gliscor|50/100 tox|[from] ability: Poison Heal
|-fieldend|move: Trick Room
|upkeep
|turn|16
|inactive|jerimin has 120 seconds left.
|
|t:|1776133343
|move|p2a: Gliscor|Protect|p2a: Gliscor
|-singleturn|p2a: Gliscor|Protect
|move|p1a: Necrozma|Trick Room|p1a: Necrozma
|-fieldstart|move: Trick Room|[of] p1a: Necrozma
|
|-damage|p1a: Necrozma|45/100 tox|[from] psn
|-heal|p2a: Gliscor|62/100 tox|[from] ability: Poison Heal
|upkeep
|turn|17
|inactive|jerimin has 120 seconds left.
|
|t:|1776133365
|move|p1a: Necrozma|Photon Geyser|p2a: Gliscor
|-damage|p2a: Gliscor|0 fnt
|faint|p2a: Gliscor
|
|-damage|p1a: Necrozma|21/100 tox|[from] psn
|upkeep
|
|t:|1776133375
|switch|p2a: Toxapex|Toxapex, F|100/100
|turn|18
|
|t:|1776133383
|move|p2a: Toxapex|Haze|p2a: Toxapex
|-clearallboost
|move|p1a: Necrozma|Photon Geyser|p2a: Toxapex
|-supereffective|p2a: Toxapex
|-crit|p2a: Toxapex
|-damage|p2a: Toxapex|0 fnt
|faint|p2a: Toxapex
|
|-damage|p1a: Necrozma|0 fnt|[from] psn
|faint|p1a: Necrozma
|upkeep
|
|t:|1776133404
|switch|p2a: Corviknight|Corviknight, F|100/100
|switch|p1a: Camerupt|Camerupt, M, shiny|100/100
|-status|p1a: Camerupt|tox
|-ability|p2a: Corviknight|Pressure
|turn|19
|
|t:|1776133417
|switch|p2a: Dondozo|Dondozo, M|100/100
|-terastallize|p1a: Camerupt|Fire
|move|p1a: Camerupt|Eruption|p2a: Dondozo
|-resisted|p2a: Dondozo
|-damage|p2a: Dondozo|45/100
|
|-heal|p2a: Dondozo|51/100|[from] item: Leftovers
|-damage|p1a: Camerupt|94/100 tox|[from] psn
|upkeep
|turn|20
|
|t:|1776133431
|move|p1a: Camerupt|Eruption|p2a: Dondozo
|-resisted|p2a: Dondozo
|-damage|p2a: Dondozo|0 fnt
|faint|p2a: Dondozo
|
|-damage|p1a: Camerupt|82/100 tox|[from] psn
|-fieldend|move: Trick Room
|upkeep
|
|t:|1776133439
|switch|p2a: Corviknight|Corviknight, F|100/100
|-ability|p2a: Corviknight|Pressure
|turn|21
|
|t:|1776133447
|switch|p1a: Hoopa|Hoopa-Unbound|100/100
|-status|p1a: Hoopa|tox
|move|p2a: Corviknight|Iron Defense|p2a: Corviknight
|-boost|p2a: Corviknight|def|2
|
|-damage|p1a: Hoopa|95/100 tox|[from] psn
|upkeep
|turn|22
|
|t:|1776133459
|move|p2a: Corviknight|Body Press|p1a: Hoopa
|-damage|p1a: Hoopa|19/100 tox
|move|p1a: Hoopa|Trick Room|p1a: Hoopa
|-fieldstart|move: Trick Room|[of] p1a: Hoopa
|
|-damage|p1a: Hoopa|7/100 tox|[from] psn
|upkeep
|turn|23
|-message|jerimin forfeited.
|
|win|The Quaggie Boys
|raw|The Quaggie Boys's rating: 1105 &rarr; <strong>1127</strong><br />(+22 for winning)
|raw|jerimin's rating: 1068 &rarr; <strong>1050</strong><br />(-18 for losing)
|l|☆jerimin
|player|p2|
