|html|<div class="broadcast-blue"><strong>[Gen 9] OU is currently suspecting Tera Blast! For information on how to participate check out the <a href="https://www.smogon.com/tools/suspects/view/200">suspect thread</a>.</strong></div>
|j|☆mothfox
|j|☆mlgpiglord
|t:|1776268397
|gametype|singles
|player|p1|mothfox|colress|1363
|player|p2|mlgpiglord|n|1416
|gen|9
|tier|[Gen 9] OU
|rated|
|rule|HP Percentage Mod: HP is shown in percentages
|rule|Endless Battle Clause: Forcing endless battles is banned
|rule|Species Clause: Limit one of each Pokémon
|rule|OHKO Clause: OHKO moves are banned
|rule|Evasion Items Clause: Evasion items are banned
|rule|Evasion Moves Clause: Evasion moves are banned
|rule|Evasion Abilities Clause: Evasion abilities are banned
|rule|Sleep Moves Clause: Sleep-inducing moves are banned
|clearpoke
|poke|p1|Corviknight, M|
|poke|p1|Gliscor, M|
|poke|p1|Blissey, F|
|poke|p1|Dondozo, M|
|poke|p1|Toxapex, F|
|poke|p1|Weezing-Galar, F|
|poke|p2|Serperior, M|
|poke|p2|Indeedee, M|
|poke|p2|Staraptor, M|
|poke|p2|Blaziken, M|
|poke|p2|Mamoswine, M|
|poke|p2|Ditto|
|teampreview
|inactive|Battle timer is ON: inactive players will automatically lose when time's up. (requested by mothfox)
|
|t:|1776268410
|teamsize|p1|6
|teamsize|p2|6
|start
|switch|p1a: Blob|Blissey, F|100/100
|switch|p2a: Serperior|Serperior, M|100/100
|turn|1
|
|t:|1776268417
|switch|p2a: Mamoswine|Mamoswine, M|100/100
|move|p1a: Blob|Stealth Rock|p2a: Mamoswine
|-sidestart|p2: mlgpiglord|move: Stealth Rock
|
|upkeep
|turn|2
|
|t:|1776268438
|switch|p1a: Dondozo|Dondozo, M|100/100
|move|p2a: Mamoswine|Stealth Rock|p1a: Dondozo
|-sidestart|p1: mothfox|move: Stealth Rock
|
|upkeep
|turn|3
|
|t:|1776268444
|move|p2a: Mamoswine|Earthquake|p1a: Dondozo
|-damage|p1a: Dondozo|68/100
|-damage|p2a: Mamoswine|91/100|[from] item: Life Orb
|move|p1a: Dondozo|Body Press|p2a: Mamoswine
|-supereffective|p2a: Mamoswine
|-damage|p2a: Mamoswine|23/100
|
|upkeep
|turn|4
|
|t:|1776268453
|move|p2a: Mamoswine|Earthquake|p1a: Dondozo
|-damage|p1a: Dondozo|35/100
|-damage|p2a: Mamoswine|14/100|[from] item: Life Orb
|move|p1a: Dondozo|Body Press|p2a: Mamoswine
|-supereffective|p2a: Mamoswine
|-damage|p2a: Mamoswine|0 fnt
|faint|p2a: Mamoswine
|
|upkeep
|
|t:|1776268456
|switch|p2a: Blaziken|Blaziken, M|100/100
|-damage|p2a: Blaziken|88/100|[from] Stealth Rock
|turn|5
|
|t:|1776268472
|switch|p1a: Toxapex|Toxapex, F|100/100
|move|p2a: Blaziken|Close Combat|p1a: Toxapex
|-resisted|p1a: Toxapex
|-damage|p1a: Toxapex|81/100
|-unboost|p2a: Blaziken|def|1
|-unboost|p2a: Blaziken|spd|1
|
|-ability|p2a: Blaziken|Speed Boost|boost
|-boost|p2a: Blaziken|spe|1
|upkeep
|turn|6
|
|t:|1776268482
|move|p2a: Blaziken|Knock Off|p1a: Toxapex
|-damage|p1a: Toxapex|60/100
|-enditem|p1a: Toxapex|Heavy-Duty Boots|[from] move: Knock Off|[of] p2a: Blaziken
|move|p1a: Toxapex|Toxic|p2a: Blaziken
|-status|p2a: Blaziken|tox
|
|-damage|p2a: Blaziken|82/100 tox|[from] psn
|-ability|p2a: Blaziken|Speed Boost|boost
|-boost|p2a: Blaziken|spe|1
|upkeep
|turn|7
|
|t:|1776268494
|switch|p2a: Indeedee|Indeedee, M|100/100
|-damage|p2a: Indeedee|88/100|[from] Stealth Rock
|-fieldstart|move: Psychic Terrain|[from] ability: Psychic Surge|[of] p2a: Indeedee
|move|p1a: Toxapex|Recover|p1a: Toxapex
|-heal|p1a: Toxapex|100/100
|
|upkeep
|turn|8
|
|t:|1776268502
|switch|p1a: Blob|Blissey, F|100/100
|move|p2a: Indeedee|Expanding Force|p1a: Blob
|-damage|p1a: Blob|78/100
|
|upkeep
|turn|9
|
|t:|1776268508
|switch|p2a: Blaziken|Blaziken, M|82/100 tox
|-damage|p2a: Blaziken|70/100 tox|[from] Stealth Rock
|move|p1a: Blob|Shadow Ball|p2a: Blaziken
|-damage|p2a: Blaziken|46/100 tox
|
|-damage|p2a: Blaziken|40/100 tox|[from] psn
|upkeep
|turn|10
|
|t:|1776268518
|switch|p1a: Toxapex|Toxapex, F|100/100
|-damage|p1a: Toxapex|88/100|[from] Stealth Rock
|move|p2a: Blaziken|Close Combat|p1a: Toxapex
|-resisted|p1a: Toxapex
|-damage|p1a: Toxapex|69/100
|-unboost|p2a: Blaziken|def|1
|-unboost|p2a: Blaziken|spd|1
|
|-damage|p2a: Blaziken|28/100 tox|[from] psn
|-ability|p2a: Blaziken|Speed Boost|boost
|-boost|p2a: Blaziken|spe|1
|upkeep
|turn|11
|
|t:|1776268536
|move|p2a: Blaziken|Fire Punch|p1a: Toxapex
|-resisted|p1a: Toxapex
|-damage|p1a: Toxapex|57/100
|move|p1a: Toxapex|Recover|p1a: Toxapex
|-heal|p1a: Toxapex|100/100
|
|-damage|p2a: Blaziken|10/100 tox|[from] psn
|-fieldend|move: Psychic Terrain
|-ability|p2a: Blaziken|Speed Boost|boost
|-boost|p2a: Blaziken|spe|1
|upkeep
|turn|12
|
|t:|1776268545
|move|p2a: Blaziken|Close Combat|p1a: Toxapex
|-resisted|p1a: Toxapex
|-damage|p1a: Toxapex|79/100
|-unboost|p2a: Blaziken|def|1
|-unboost|p2a: Blaziken|spd|1
|move|p1a: Toxapex|Poison Jab|p2a: Blaziken
|-damage|p2a: Blaziken|0 fnt
|faint|p2a: Blaziken
|
|upkeep
|
|t:|1776268548
|switch|p2a: Serperior|Serperior, M|100/100
|-damage|p2a: Serperior|88/100|[from] Stealth Rock
|turn|13
|
|t:|1776268561
|switch|p1a: Smokestack|Weezing-Galar, F|100/100
|-ability|p1a: Smokestack|Neutralizing Gas
|move|p2a: Serperior|Leaf Storm|p1a: Smokestack
|-resisted|p1a: Smokestack
|-damage|p1a: Smokestack|70/100
|-unboost|p2a: Serperior|spa|2
|
|upkeep
|turn|14
|
|t:|1776268572
|switch|p2a: Indeedee|Indeedee, M|88/100
|-damage|p2a: Indeedee|76/100|[from] Stealth Rock
|move|p1a: Smokestack|Sludge Bomb|p2a: Indeedee
|-damage|p2a: Indeedee|39/100
|
|upkeep
|turn|15
|
|t:|1776268589
|-end|p1a: Smokestack|ability: Neutralizing Gas
|-fieldstart|move: Psychic Terrain|[from] ability: Psychic Surge|[of] p2a: Indeedee
|switch|p1a: Blob|Blissey, F|78/100
|move|p2a: Indeedee|Expanding Force|p1a: Blob
|-damage|p1a: Blob|56/100
|
|upkeep
|turn|16
|
|t:|1776268597
|move|p2a: Indeedee|Expanding Force|p1a: Blob
|-damage|p1a: Blob|31/100
|move|p1a: Blob|Soft-Boiled|p1a: Blob
|-heal|p1a: Blob|81/100
|
|upkeep
|turn|17
|
|t:|1776268604
|move|p2a: Indeedee|Expanding Force|p1a: Blob
|-damage|p1a: Blob|59/100
|move|p1a: Blob|Calm Mind|p1a: Blob
|-boost|p1a: Blob|spa|1
|-boost|p1a: Blob|spd|1
|
|upkeep
|turn|18
|
|t:|1776268615
|move|p2a: Indeedee|Expanding Force|p1a: Blob
|-damage|p1a: Blob|44/100
|move|p1a: Blob|Calm Mind|p1a: Blob
|-boost|p1a: Blob|spa|1
|-boost|p1a: Blob|spd|1
|
|upkeep
|turn|19
|
|t:|1776268621
|move|p2a: Indeedee|Expanding Force|p1a: Blob
|-damage|p1a: Blob|33/100
|move|p1a: Blob|Soft-Boiled|p1a: Blob
|-heal|p1a: Blob|83/100
|
|-fieldend|move: Psychic Terrain
|upkeep
|turn|20
|
|t:|1776268628
|move|p2a: Indeedee|Expanding Force|p1a: Blob
|-damage|p1a: Blob|77/100
|move|p1a: Blob|Calm Mind|p1a: Blob
|-boost|p1a: Blob|spa|1
|-boost|p1a: Blob|spd|1
|
|upkeep
|turn|21
|inactive|mothfox has 120 seconds left.
|
|t:|1776268659
|switch|p2a: Staraptor|Staraptor, M|100/100
|-damage|p2a: Staraptor|76/100|[from] Stealth Rock
|move|p1a: Blob|Calm Mind|p1a: Blob
|-boost|p1a: Blob|spa|1
|-boost|p1a: Blob|spd|1
|
|upkeep
|turn|22
|inactive|mothfox has 120 seconds left.
|
|t:|1776268670
|switch|p1a: Toxapex|Toxapex, F|100/100
|-damage|p1a: Toxapex|88/100|[from] Stealth Rock
|move|p2a: Staraptor|Brave Bird|p1a: Toxapex
|-damage|p1a: Toxapex|22/100
|-damage|p2a: Staraptor|55/100|[from] Recoil
|
|upkeep
|turn|23
|
|t:|1776268680
|switch|p1a: Corviknight|Corviknight, M|100/100
|-damage|p1a: Corviknight|88/100|[from] Stealth Rock
|-ability|p1a: Corviknight|Pressure
|move|p2a: Staraptor|Brave Bird|p1a: Corviknight
|-resisted|p1a: Corviknight
|-damage|p1a: Corviknight|49/100
|-damage|p2a: Staraptor|38/100|[from] item: Rocky Helmet|[of] p1a: Corviknight
|-damage|p2a: Staraptor|21/100|[from] Recoil
|
|upkeep
|turn|24
|inactive|mothfox has 120 seconds left.
|
|t:|1776268712
|switch|p1a: Dondozo|Dondozo, M|35/100
|move|p2a: Staraptor|Brave Bird|p1a: Dondozo
|-damage|p1a: Dondozo|0 fnt
|faint|p1a: Dondozo
|-damage|p2a: Staraptor|3/100|[from] Recoil
|
|upkeep
|
|t:|1776268723
|switch|p1a: Corviknight|Corviknight, M|49/100
|-damage|p1a: Corviknight|36/100|[from] Stealth Rock
|-ability|p1a: Corviknight|Pressure
|turn|25
|inactive|mothfox has 90 seconds left.
|
|t:|1776268745
|switch|p1a: Toxapex|Toxapex, F|55/100
|-damage|p1a: Toxapex|43/100|[from] Stealth Rock
|move|p2a: Staraptor|Brave Bird|p1a: Toxapex
|-damage|p1a: Toxapex|0 fnt
|faint|p1a: Toxapex
|-damage|p2a: Staraptor|0 fnt|[from] Recoil
|faint|p2a: Staraptor
|
|upkeep
|inactive|mothfox has 90 seconds left.
|
|t:|1776268756
|switch|p2a: Indeedee|Indeedee, M|39/100
|switch|p1a: Gliscor|Gliscor, M|100/100
|-damage|p2a: Indeedee|27/100|[from] Stealth Rock
|-fieldstart|move: Psychic Terrain|[from] ability: Psychic Surge|[of] p2a: Indeedee
|-damage|p1a: Gliscor|88/100|[from] Stealth Rock
|turn|26
|inactive|mothfox has 90 seconds left.
|
|t:|1776268767
|move|p2a: Indeedee|Expanding Force|p1a: Gliscor
|-damage|p1a: Gliscor|31/100
|move|p1a: Gliscor|Knock Off|p2a: Indeedee
|-supereffective|p2a: Indeedee
|-damage|p2a: Indeedee|0 fnt
|-enditem|p2a: Indeedee|Choice Scarf|[from] move: Knock Off|[of] p1a: Gliscor
|faint|p2a: Indeedee
|
|-status|p1a: Gliscor|tox|[from] item: Toxic Orb
|upkeep
|
|t:|1776268770
|switch|p2a: Serperior|Serperior, M|88/100
|-damage|p2a: Serperior|76/100|[from] Stealth Rock
|turn|27
|
|t:|1776268778
|switch|p1a: Smokestack|Weezing-Galar, F|70/100
|-ability|p1a: Smokestack|Neutralizing Gas
|move|p2a: Serperior|Leaf Storm|p1a: Smokestack
|-resisted|p1a: Smokestack
|-damage|p1a: Smokestack|39/100
|-unboost|p2a: Serperior|spa|2
|
|upkeep
|turn|28
|
|t:|1776268788
|-terastallize|p2a: Serperior|Fire
|move|p2a: Serperior|Tera Blast|p1a: Smokestack|[anim] Tera Blast Fire
|-damage|p1a: Smokestack|25/100
|move|p1a: Smokestack|Pain Split|p2a: Serperior
|-sethp|p2a: Serperior|52/100|[from] move: Pain Split|[silent]
|-sethp|p1a: Smokestack|46/100|[from] move: Pain Split
|
|upkeep
|turn|29
|
|t:|1776268807
|switch|p2a: Ditto|Ditto|100/100
|-damage|p2a: Ditto|88/100|[from] Stealth Rock
|move|p1a: Smokestack|Sludge Bomb|p2a: Ditto
|-damage|p2a: Ditto|36/100
|
|upkeep
|turn|30
|
|t:|1776268815
|move|p2a: Ditto|Transform|p1a: Smokestack
|-transform|p2a: Ditto|p1a: Smokestack
|move|p1a: Smokestack|Sludge Bomb|p2a: Ditto
|-damage|p2a: Ditto|0 fnt
|faint|p2a: Ditto
|
|-fieldend|move: Psychic Terrain
|upkeep
|
|t:|1776268818
|switch|p2a: Serperior|Serperior, M, tera:Fire|52/100
|-damage|p2a: Serperior|28/100|[from] Stealth Rock
|turn|31
|c|☆mothfox|gg
|l|☆mlgpiglord
|inactive|mlgpiglord disconnected and has a minute to reconnect!
|player|p2|
|
|t:|1776268828
|move|p2a: Serperior|Tera Blast|p1a: Smokestack|[anim] Tera Blast Fire
|-damage|p1a: Smokestack|8/100
|move|p1a: Smokestack|Sludge Bomb|p2a: Serperior
|-damage|p2a: Serperior|5/100
|
|upkeep
|turn|32
|inactive|mothfox has 120 seconds left.
|inactive|mlgpiglord has 30 seconds to reconnect!
|inactive|mlgpiglord has 20 seconds to reconnect!
|inactive|mlgpiglord has 15 seconds to reconnect!
|inactive|mlgpiglord has 10 seconds to reconnect!
|inactive|mlgpiglord has 5 seconds to reconnect!
|-message|mlgpiglord lost due to inactivity.
|
|win|mothfox
|raw|mothfox's rating: 1363 &rarr; <strong>1386</strong><br />(+23 for winning)
|raw|mlgpiglord's rating: 1416 &rarr; <strong>1393</strong><br />(-23 for losing)
