|html|<div class="broadcast-blue"><strong>[Gen 9] OU is currently suspecting Tera Blast! For information on how to participate check out the <a href="https://www.smogon.com/tools/suspects/view/200">suspect thread</a>.</strong></div>
|j|☆iZayrox
|j|☆flygon_is_the_goat
|t:|1776069529
|gametype|singles
|player|p1|iZayrox|169|1080
|player|p2|flygon_is_the_goat|170|1105
|gen|9
|tier|[Gen 9] OU
|rated|
|rule|HP Percentage Mod: HP is shown in percentages
|rule|Endless Battle Clause: Forcing endless battles is banned
|rule|Species Clause: Limit one of each Pokémon
|rule|OHKO Clause: OHKO moves are banned
|rule|Evasion Items Clause: Evasion items are banned
|rule|Evasion Moves Clause: Evasion moves are banned
|rule|Evasion Abilities Clause: Evasion abilities are banned
|rule|Sleep Moves Clause: Sleep-inducing moves are banned
|clearpoke
|poke|p1|Tropius, M|
|poke|p1|Ceruledge, F|
|poke|p1|Indeedee, M|
|poke|p1|Gliscor, M|
|poke|p1|Kingambit, F|
|poke|p1|Clefable, F|
|poke|p2|Barraskewda, F|
|poke|p2|Pelipper, F|
|poke|p2|Toxicroak, M|
|poke|p2|Iron Treads|
|poke|p2|Hatterene, F|
|poke|p2|Thundurus-Therian, M|
|teampreview
|inactive|Battle timer is ON: inactive players will automatically lose when time's up. (requested by iZayrox)
|
|t:|1776069540
|teamsize|p1|6
|teamsize|p2|6
|start
|switch|p1a: Gliscor|Gliscor, M|100/100
|switch|p2a: PEEKO|Pelipper, F|100/100
|-weather|RainDance|[from] ability: Drizzle|[of] p2a: PEEKO
|turn|1
|
|t:|1776069549
|switch|p2a: $1.65 canned tuna|Barraskewda, F|100/100
|move|p1a: Gliscor|Toxic|p2a: $1.65 canned tuna
|-status|p2a: $1.65 canned tuna|tox
|
|-weather|RainDance|[upkeep]
|-damage|p2a: $1.65 canned tuna|94/100 tox|[from] psn
|-status|p1a: Gliscor|tox|[from] item: Toxic Orb
|upkeep
|turn|2
|
|t:|1776069560
|move|p2a: $1.65 canned tuna|Liquidation|p1a: Gliscor
|-supereffective|p1a: Gliscor
|-damage|p1a: Gliscor|0 fnt
|faint|p1a: Gliscor
|
|-weather|RainDance|[upkeep]
|-damage|p2a: $1.65 canned tuna|82/100 tox|[from] psn
|upkeep
|
|t:|1776069570
|switch|p1a: Tropius|Tropius, M|100/100
|turn|3
|
|t:|1776069579
|switch|p2a: joe biden|Thundurus-Therian, M|100/100
|move|p1a: Tropius|Leech Seed|p2a: joe biden
|-start|p2a: joe biden|move: Leech Seed
|
|-weather|RainDance|[upkeep]
|-damage|p2a: joe biden|88/100|[from] Leech Seed|[of] p1a: Tropius
|upkeep
|turn|4
|
|t:|1776069588
|move|p2a: joe biden|Sludge Bomb|p1a: Tropius
|-supereffective|p1a: Tropius
|-damage|p1a: Tropius|45/100
|-enditem|p1a: Tropius|Sitrus Berry|[eat]
|-heal|p1a: Tropius|70/100|[from] item: Sitrus Berry
|move|p1a: Tropius|Substitute|p1a: Tropius
|-start|p1a: Tropius|Substitute
|-damage|p1a: Tropius|45/100
|
|-weather|RainDance|[upkeep]
|-damage|p2a: joe biden|76/100|[from] Leech Seed|[of] p1a: Tropius
|-heal|p1a: Tropius|55/100|[silent]
|upkeep
|turn|5
|
|t:|1776069600
|switch|p2a: babayaga|Hatterene, F|100/100
|move|p1a: Tropius|Protect||[still]
|-fail|p1a: Tropius
|
|-weather|RainDance|[upkeep]
|upkeep
|turn|6
|
|t:|1776069608
|move|p1a: Tropius|Leech Seed|p2a: babayaga
|move|p2a: babayaga|Leech Seed|p1a: Tropius|[from] ability: Magic Bounce
|-immune|p1a: Tropius
|move|p2a: babayaga|Psychic Noise|p1a: Tropius
|-damage|p1a: Tropius|30/100
|-start|p1a: Tropius|move: Heal Block
|
|-weather|RainDance|[upkeep]
|upkeep
|turn|7
|-message|iZayrox forfeited.
|
|win|flygon_is_the_goat
|raw|iZayrox's rating: 1080 &rarr; <strong>1060</strong><br />(-20 for losing)
|raw|flygon_is_the_goat's rating: 1105 &rarr; <strong>1128</strong><br />(+23 for winning)
|l|☆iZayrox
|player|p1|
|l|☆flygon_is_the_goat
|player|p2|
