|html|<div class="broadcast-blue"><strong>[Gen 9] OU is currently suspecting Tera Blast! For information on how to participate check out the <a href="https://www.smogon.com/tools/suspects/view/200">suspect thread</a>.</strong></div>
|j|☆Ken2x
|j|☆1017 gucci
|t:|1776264088
|gametype|singles
|player|p1|Ken2x|ltsurge|1032
|player|p2|1017 gucci|burglar|1007
|gen|9
|tier|[Gen 9] OU
|rated|
|rule|HP Percentage Mod: HP is shown in percentages
|rule|Endless Battle Clause: Forcing endless battles is banned
|rule|Species Clause: Limit one of each Pokémon
|rule|OHKO Clause: OHKO moves are banned
|rule|Evasion Items Clause: Evasion items are banned
|rule|Evasion Moves Clause: Evasion moves are banned
|rule|Evasion Abilities Clause: Evasion abilities are banned
|rule|Sleep Moves Clause: Sleep-inducing moves are banned
|clearpoke
|poke|p1|Infernape, M|
|poke|p1|Venusaur, F|
|poke|p1|Magnezone|
|poke|p1|Blastoise, F|
|poke|p1|Tinkaton, F|
|poke|p1|Dedenne, F|
|poke|p2|Darkrai|
|poke|p2|Sandaconda, M|
|poke|p2|Quaquaval, F|
|poke|p2|Scizor, M|
|poke|p2|Regigigas|
|poke|p2|Latios, M|
|teampreview
|
|t:|1776264099
|teamsize|p1|6
|teamsize|p2|6
|start
|switch|p1a: Dedenne|Dedenne, F, shiny|100/100
|switch|p2a: Regigigas|Regigigas|100/100
|-start|p2a: Regigigas|ability: Slow Start
|turn|1
|
|t:|1776264108
|move|p1a: Dedenne|Light Screen|p1a: Dedenne
|-sidestart|p1: Ken2x|move: Light Screen
|move|p2a: Regigigas|Confuse Ray|p1a: Dedenne
|-start|p1a: Dedenne|confusion
|
|upkeep
|turn|2
|
|t:|1776264116
|-activate|p1a: Dedenne|confusion
|move|p1a: Dedenne|Substitute|p1a: Dedenne
|-start|p1a: Dedenne|Substitute
|-damage|p1a: Dedenne|76/100
|move|p2a: Regigigas|Knock Off|p1a: Dedenne
|-resisted|p1a: Dedenne
|-activate|p1a: Dedenne|move: Substitute|[damage]
|
|upkeep
|turn|3
|
|t:|1776264135
|switch|p2a: Sandaconda|Sandaconda, M|100/100
|-terastallize|p1a: Dedenne|Electric
|-activate|p1a: Dedenne|confusion
|-damage|p1a: Dedenne|60/100|[from] confusion
|
|upkeep
|turn|4
|
|t:|1776264143
|-end|p1a: Dedenne|confusion
|move|p1a: Dedenne|Nuzzle|p2a: Sandaconda
|-immune|p2a: Sandaconda
|move|p2a: Sandaconda|Earthquake|p1a: Dedenne
|-supereffective|p1a: Dedenne
|-end|p1a: Dedenne|Substitute
|
|upkeep
|turn|5
|
|t:|1776264151
|move|p1a: Dedenne|Light Screen||[still]
|-fail|p1a: Dedenne
|move|p2a: Sandaconda|Coil|p2a: Sandaconda
|-boost|p2a: Sandaconda|atk|1
|-boost|p2a: Sandaconda|def|1
|-boost|p2a: Sandaconda|accuracy|1
|
|-sideend|p1: Ken2x|move: Light Screen
|upkeep
|turn|6
|
|t:|1776264164
|switch|p1a: Venusaur|Venusaur, F, shiny|100/100
|move|p2a: Sandaconda|Earthquake|p1a: Venusaur
|-damage|p1a: Venusaur|24/100
|
|-heal|p1a: Venusaur|30/100|[from] item: Leftovers
|upkeep
|turn|7
|
|t:|1776264173
|move|p1a: Venusaur|Giga Drain|p2a: Sandaconda
|-supereffective|p2a: Sandaconda
|-damage|p2a: Sandaconda|38/100
|-heal|p1a: Venusaur|66/100|[from] drain|[of] p2a: Sandaconda
|-weather|Sandstorm|[from] ability: Sand Spit|[of] p2a: Sandaconda
|move|p2a: Sandaconda|Earthquake|p1a: Venusaur
|-damage|p1a: Venusaur|0 fnt
|faint|p1a: Venusaur
|
|-weather|Sandstorm|[upkeep]
|-heal|p2a: Sandaconda|44/100|[from] item: Leftovers
|upkeep
|
|t:|1776264184
|switch|p1a: Blastoise|Blastoise, F|100/100
|turn|8
|
|t:|1776264203
|move|p2a: Sandaconda|Glare|p1a: Blastoise
|-status|p1a: Blastoise|par
|cant|p1a: Blastoise|par
|
|-weather|Sandstorm|[upkeep]
|-damage|p1a: Blastoise|94/100 par|[from] Sandstorm
|-heal|p2a: Sandaconda|50/100|[from] item: Leftovers
|-heal|p1a: Blastoise|100/100 par|[from] item: Leftovers
|upkeep
|turn|9
|
|t:|1776264212
|switch|p2a: Regigigas|Regigigas|100/100
|-start|p2a: Regigigas|ability: Slow Start
|move|p1a: Blastoise|Aqua Tail|p2a: Regigigas
|-damage|p2a: Regigigas|80/100
|
|-weather|Sandstorm|[upkeep]
|-damage|p2a: Regigigas|74/100|[from] Sandstorm
|-damage|p1a: Blastoise|94/100 par|[from] Sandstorm
|-heal|p2a: Regigigas|80/100|[from] item: Leftovers
|-heal|p1a: Blastoise|100/100 par|[from] item: Leftovers
|upkeep
|turn|10
|
|t:|1776264223
|move|p2a: Regigigas|Confuse Ray|p1a: Blastoise
|-start|p1a: Blastoise|confusion
|-activate|p1a: Blastoise|confusion
|cant|p1a: Blastoise|par
|
|-weather|Sandstorm|[upkeep]
|-damage|p2a: Regigigas|74/100|[from] Sandstorm
|-damage|p1a: Blastoise|94/100 par|[from] Sandstorm
|-heal|p2a: Regigigas|80/100|[from] item: Leftovers
|-heal|p1a: Blastoise|100/100 par|[from] item: Leftovers
|upkeep
|turn|11
|
|t:|1776264244
|move|p2a: Regigigas|Knock Off|p1a: Blastoise
|-damage|p1a: Blastoise|85/100 par
|-enditem|p1a: Blastoise|Leftovers|[from] move: Knock Off|[of] p2a: Regigigas
|-end|p1a: Blastoise|confusion
|move|p1a: Blastoise|Rain Dance|p1a: Blastoise
|-weather|RainDance
|
|-weather|RainDance|[upkeep]
|-heal|p1a: Blastoise|91/100 par|[from] ability: Rain Dish
|-heal|p2a: Regigigas|87/100|[from] item: Leftovers
|upkeep
|turn|12
|
|t:|1776264254
|move|p2a: Regigigas|Confuse Ray|p1a: Blastoise
|-start|p1a: Blastoise|confusion
|-activate|p1a: Blastoise|confusion
|-damage|p1a: Blastoise|84/100 par|[from] confusion
|
|-weather|RainDance|[upkeep]
|-heal|p1a: Blastoise|90/100 par|[from] ability: Rain Dish
|-heal|p2a: Regigigas|93/100|[from] item: Leftovers
|upkeep
|turn|13
|
|t:|1776264267
|move|p2a: Regigigas|Drain Punch|p1a: Blastoise
|-damage|p1a: Blastoise|78/100 par
|-heal|p2a: Regigigas|98/100|[from] drain|[of] p1a: Blastoise
|-activate|p1a: Blastoise|confusion
|-damage|p1a: Blastoise|70/100 par|[from] confusion
|
|-weather|RainDance|[upkeep]
|-heal|p1a: Blastoise|76/100 par|[from] ability: Rain Dish
|-heal|p2a: Regigigas|100/100|[from] item: Leftovers
|upkeep
|turn|14
|
|t:|1776264303
|switch|p2a: Darkrai|Darkrai, shiny|100/100
|-activate|p1a: Blastoise|confusion
|cant|p1a: Blastoise|par
|
|-weather|RainDance|[upkeep]
|-heal|p1a: Blastoise|82/100 par|[from] ability: Rain Dish
|upkeep
|turn|15
|
|t:|1776264311
|move|p2a: Darkrai|Thunder|p1a: Blastoise
|-supereffective|p1a: Blastoise
|-damage|p1a: Blastoise|13/100 par
|-damage|p2a: Darkrai|91/100|[from] item: Life Orb
|-end|p1a: Blastoise|confusion
|cant|p1a: Blastoise|par
|
|-weather|none
|upkeep
|turn|16
|
|t:|1776264328
|switch|p1a: Tinkaton|Tinkaton, F, shiny|100/100
|-ability|p1a: Tinkaton|Mold Breaker
|move|p2a: Darkrai|Dark Pulse|p1a: Tinkaton
|-resisted|p1a: Tinkaton
|-damage|p1a: Tinkaton|73/100
|-damage|p2a: Darkrai|81/100|[from] item: Life Orb
|
|-heal|p1a: Tinkaton|80/100|[from] item: Leftovers
|upkeep
|turn|17
|
|t:|1776264352
|switch|p2a: Regigigas|Regigigas|100/100
|-start|p2a: Regigigas|ability: Slow Start
|move|p1a: Tinkaton|Play Rough|p2a: Regigigas
|-damage|p2a: Regigigas|77/100
|
|-heal|p1a: Tinkaton|86/100|[from] item: Leftovers
|-heal|p2a: Regigigas|83/100|[from] item: Leftovers
|upkeep
|turn|18
|
|t:|1776264362
|move|p1a: Tinkaton|Gigaton Hammer|p2a: Regigigas
|-damage|p2a: Regigigas|37/100
|move|p2a: Regigigas|Confuse Ray|p1a: Tinkaton
|-start|p1a: Tinkaton|confusion
|
|-heal|p1a: Tinkaton|92/100|[from] item: Leftovers
|-heal|p2a: Regigigas|43/100|[from] item: Leftovers
|upkeep
|turn|19
|
|t:|1776264374
|-activate|p1a: Tinkaton|confusion
|-damage|p1a: Tinkaton|79/100|[from] confusion
|move|p2a: Regigigas|Thunder Wave|p1a: Tinkaton
|-status|p1a: Tinkaton|par
|
|-heal|p1a: Tinkaton|85/100 par|[from] item: Leftovers
|-heal|p2a: Regigigas|49/100|[from] item: Leftovers
|upkeep
|turn|20
|
|t:|1776264381
|-activate|p1a: Tinkaton|confusion
|move|p1a: Tinkaton|Knock Off|p2a: Regigigas
|-damage|p2a: Regigigas|32/100
|-enditem|p2a: Regigigas|Leftovers|[from] move: Knock Off|[of] p1a: Tinkaton
|move|p2a: Regigigas|Knock Off|p1a: Tinkaton
|-resisted|p1a: Tinkaton
|-damage|p1a: Tinkaton|73/100 par
|-enditem|p1a: Tinkaton|Leftovers|[from] move: Knock Off|[of] p2a: Regigigas
|
|upkeep
|turn|21
|
|t:|1776264389
|-activate|p1a: Tinkaton|confusion
|move|p1a: Tinkaton|Gigaton Hammer|p2a: Regigigas
|-damage|p2a: Regigigas|0 fnt
|faint|p2a: Regigigas
|-end|p2a: Regigigas|Slow Start|[silent]
|
|upkeep
|
|t:|1776264403
|switch|p2a: Sandaconda|Sandaconda, M|50/100
|turn|22
|-message|1017 gucci forfeited.
|
|win|Ken2x
|raw|Ken2x's rating: 1032 &rarr; <strong>1065</strong><br />(+33 for winning)
|raw|1017 gucci's rating: 1007 &rarr; <strong>1000</strong><br />(-7 for losing)
|l|☆1017 gucci
|player|p2|
|c|☆Ken2x|wow
