|html|<div class="broadcast-blue"><strong>[Gen 9] OU is currently suspecting Tera Blast! For information on how to participate check out the <a href="https://www.smogon.com/tools/suspects/view/200">suspect thread</a>.</strong></div>
|j|☆Yappyy
|j|☆TOMBDADDY
|t:|1776200855
|gametype|singles
|player|p1|Yappyy|steven|1526
|player|p2|TOMBDADDY|unknown|1592
|gen|9
|tier|[Gen 9] OU
|rated|
|rule|HP Percentage Mod: HP is shown in percentages
|rule|Endless Battle Clause: Forcing endless battles is banned
|rule|Species Clause: Limit one of each Pokémon
|rule|OHKO Clause: OHKO moves are banned
|rule|Evasion Items Clause: Evasion items are banned
|rule|Evasion Moves Clause: Evasion moves are banned
|rule|Evasion Abilities Clause: Evasion abilities are banned
|rule|Sleep Moves Clause: Sleep-inducing moves are banned
|clearpoke
|poke|p1|Heatran, F|
|poke|p1|Rillaboom, F|
|poke|p1|Samurott-Hisui, M|
|poke|p1|Great Tusk|
|poke|p1|Pecharunt|
|poke|p1|Weavile, M|
|poke|p2|Dragapult, F|
|poke|p2|Alomomola, F|
|poke|p2|Ting-Lu|
|poke|p2|Kyurem|
|poke|p2|Weezing-Galar, M|
|poke|p2|Corviknight, M|
|teampreview
|inactive|Battle timer is ON: inactive players will automatically lose when time's up. (requested by Yappyy)
|
|t:|1776200865
|teamsize|p1|6
|teamsize|p2|6
|start
|switch|p1a: Heatran|Heatran, F|100/100
|switch|p2a: Alomomola|Alomomola, F|100/100
|turn|1
|
|t:|1776200869
|move|p1a: Heatran|Stealth Rock|p2a: Alomomola
|-sidestart|p2: TOMBDADDY|move: Stealth Rock
|move|p2a: Alomomola|Flip Turn|p1a: Heatran
|-supereffective|p1a: Heatran
|-damage|p1a: Heatran|75/100
|
|t:|1776200875
|switch|p2a: Ting-Lu|Ting-Lu|100/100|[from] Flip Turn
|-damage|p2a: Ting-Lu|94/100|[from] Stealth Rock
|-ability|p2a: Ting-Lu|Vessel of Ruin
|
|-heal|p1a: Heatran|81/100|[from] item: Leftovers
|-heal|p2a: Ting-Lu|100/100|[from] item: Leftovers
|upkeep
|turn|2
|
|t:|1776200882
|switch|p1a: Rillaboom|Rillaboom, F|100/100
|-fieldstart|move: Grassy Terrain|[from] ability: Grassy Surge|[of] p1a: Rillaboom
|move|p2a: Ting-Lu|Ruination|p1a: Rillaboom
|-damage|p1a: Rillaboom|51/100
|
|-heal|p1a: Rillaboom|57/100|[from] Grassy Terrain
|upkeep
|turn|3
|
|t:|1776200887
|switch|p2a: Corviknight|Corviknight, M|100/100
|-damage|p2a: Corviknight|88/100|[from] Stealth Rock
|-ability|p2a: Corviknight|Pressure
|move|p1a: Rillaboom|U-turn|p2a: Corviknight
|-resisted|p2a: Corviknight
|-damage|p2a: Corviknight|79/100
|
|t:|1776200892
|switch|p1a: Heatran|Heatran, F|81/100|[from] U-turn
|
|-heal|p1a: Heatran|88/100|[from] Grassy Terrain
|-heal|p1a: Heatran|94/100|[from] item: Leftovers
|-heal|p2a: Corviknight|86/100|[from] item: Leftovers
|upkeep
|turn|4
|
|t:|1776200912
|switch|p1a: Rillaboom|Rillaboom, F|57/100
|switch|p2a: Kyurem|Kyurem|100/100
|-damage|p2a: Kyurem|76/100|[from] Stealth Rock
|-ability|p2a: Kyurem|Pressure
|
|-heal|p2a: Kyurem|82/100|[from] Grassy Terrain
|-heal|p2a: Kyurem|88/100|[from] item: Leftovers
|-heal|p1a: Rillaboom|63/100|[from] Grassy Terrain
|upkeep
|turn|5
|
|t:|1776200919
|switch|p1a: Weavile|Weavile, M|100/100
|move|p2a: Kyurem|Freeze-Dry|p1a: Weavile
|-resisted|p1a: Weavile
|-damage|p1a: Weavile|76/100
|
|-heal|p1a: Weavile|82/100|[from] Grassy Terrain
|-heal|p2a: Kyurem|94/100|[from] Grassy Terrain
|-heal|p2a: Kyurem|99/100|[from] item: Leftovers
|upkeep
|turn|6
|
|t:|1776200927
|move|p1a: Weavile|Knock Off|p2a: Kyurem
|-damage|p2a: Kyurem|52/100
|-enditem|p2a: Kyurem|Leftovers|[from] move: Knock Off|[of] p1a: Weavile
|move|p2a: Kyurem|Flash Cannon|p1a: Weavile
|-supereffective|p1a: Weavile
|-damage|p1a: Weavile|11/100
|
|-heal|p1a: Weavile|17/100|[from] Grassy Terrain
|-heal|p2a: Kyurem|58/100|[from] Grassy Terrain
|-fieldend|move: Grassy Terrain
|upkeep
|turn|7
|
|t:|1776200944
|move|p1a: Weavile|Low Kick|p2a: Kyurem
|-supereffective|p2a: Kyurem
|-damage|p2a: Kyurem|0 fnt
|faint|p2a: Kyurem
|
|upkeep
|
|t:|1776200950
|switch|p2a: Weezing|Weezing-Galar, M|100/100
|-ability|p2a: Weezing|Neutralizing Gas
|-damage|p2a: Weezing|88/100|[from] Stealth Rock
|turn|8
|
|t:|1776200956
|switch|p1a: Heatran|Heatran, F|94/100
|move|p2a: Weezing|Defog|p1a: Heatran
|-unboost|p1a: Heatran|evasion|1
|-sideend|p2: TOMBDADDY|Stealth Rock|[from] move: Defog|[of] p2a: Weezing
|
|-heal|p2a: Weezing|94/100|[from] item: Leftovers
|-heal|p1a: Heatran|99/100|[from] item: Leftovers
|upkeep
|turn|9
|
|t:|1776200966
|-end|p2a: Weezing|ability: Neutralizing Gas
|switch|p2a: Alomomola|Alomomola, F|100/100
|move|p1a: Heatran|Stealth Rock|p2a: Alomomola
|-sidestart|p2: TOMBDADDY|move: Stealth Rock
|
|-heal|p1a: Heatran|100/100|[from] item: Leftovers
|upkeep
|turn|10
|
|t:|1776200970
|switch|p1a: Pecharunt|Pecharunt|100/100
|move|p2a: Alomomola|Flip Turn|p1a: Pecharunt
|-damage|p1a: Pecharunt|93/100
|-damage|p2a: Alomomola|84/100|[from] item: Rocky Helmet|[of] p1a: Pecharunt
|
|t:|1776200976
|switch|p2a: Dragapult|Dragapult, F|100/100|[from] Flip Turn
|-damage|p2a: Dragapult|88/100|[from] Stealth Rock
|
|upkeep
|turn|11
|
|t:|1776200982
|switch|p1a: Heatran|Heatran, F|100/100
|-terastallize|p2a: Dragapult|Ghost
|move|p2a: Dragapult|Tera Blast|p1a: Heatran|[anim] Tera Blast Ghost
|-damage|p1a: Heatran|31/100
|
|-heal|p1a: Heatran|37/100|[from] item: Leftovers
|upkeep
|turn|12
|
|t:|1776200992
|switch|p1a: Samurott|Samurott-Hisui, M|100/100
|move|p2a: Dragapult|Tera Blast|p1a: Samurott|[anim] Tera Blast Ghost
|-resisted|p1a: Samurott
|-damage|p1a: Samurott|51/100
|
|upkeep
|turn|13
|
|t:|1776200997
|switch|p2a: Alomomola|Alomomola, F|100/100
|-damage|p2a: Alomomola|88/100|[from] Stealth Rock
|move|p1a: Samurott|Flip Turn|p2a: Alomomola
|-resisted|p2a: Alomomola
|-damage|p2a: Alomomola|80/100
|-damage|p1a: Samurott|34/100|[from] item: Rocky Helmet|[of] p2a: Alomomola
|
|t:|1776201004
|switch|p1a: Rillaboom|Rillaboom, F|63/100|[from] Flip Turn
|-fieldstart|move: Grassy Terrain|[from] ability: Grassy Surge|[of] p1a: Rillaboom
|
|-heal|p1a: Rillaboom|69/100|[from] Grassy Terrain
|-heal|p2a: Alomomola|87/100|[from] Grassy Terrain
|upkeep
|turn|14
|
|t:|1776201007
|move|p2a: Alomomola|Protect|p2a: Alomomola
|-singleturn|p2a: Alomomola|Protect
|move|p1a: Rillaboom|Knock Off|p2a: Alomomola
|-activate|p2a: Alomomola|move: Protect
|
|-heal|p1a: Rillaboom|75/100|[from] Grassy Terrain
|-heal|p2a: Alomomola|93/100|[from] Grassy Terrain
|upkeep
|turn|15
|
|t:|1776201010
|move|p1a: Rillaboom|Knock Off|p2a: Alomomola
|-damage|p2a: Alomomola|64/100
|-damage|p1a: Rillaboom|59/100|[from] item: Rocky Helmet|[of] p2a: Alomomola
|-enditem|p2a: Alomomola|Rocky Helmet|[from] move: Knock Off|[of] p1a: Rillaboom
|move|p2a: Alomomola|Flip Turn|p1a: Rillaboom
|-resisted|p1a: Rillaboom
|-damage|p1a: Rillaboom|52/100
|
|t:|1776201013
|switch|p2a: Dragapult|Dragapult, F, tera:Ghost|88/100|[from] Flip Turn
|-damage|p2a: Dragapult|76/100|[from] Stealth Rock
|
|-heal|p2a: Dragapult|82/100|[from] Grassy Terrain
|-heal|p1a: Rillaboom|58/100|[from] Grassy Terrain
|upkeep
|turn|16
|
|t:|1776201027
|switch|p1a: Samurott|Samurott-Hisui, M|34/100
|move|p2a: Dragapult|Tera Blast|p1a: Samurott|[anim] Tera Blast Ghost
|-resisted|p1a: Samurott
|-damage|p1a: Samurott|0 fnt
|faint|p1a: Samurott
|
|-heal|p2a: Dragapult|88/100|[from] Grassy Terrain
|upkeep
|
|t:|1776201031
|switch|p1a: Great Tusk|Great Tusk|100/100
|turn|17
|
|t:|1776201035
|switch|p2a: Corviknight|Corviknight, M|86/100
|-damage|p2a: Corviknight|73/100|[from] Stealth Rock
|-ability|p2a: Corviknight|Pressure
|move|p1a: Great Tusk|Knock Off|p2a: Corviknight
|-damage|p2a: Corviknight|47/100
|-enditem|p2a: Corviknight|Leftovers|[from] move: Knock Off|[of] p1a: Great Tusk
|
|-fieldend|move: Grassy Terrain
|upkeep
|turn|18
|
|t:|1776201047
|-end|p1a: Great Tusk|Protosynthesis|[silent]
|switch|p1a: Pecharunt|Pecharunt|93/100
|move|p2a: Corviknight|Defog|p1a: Pecharunt
|-unboost|p1a: Pecharunt|evasion|1
|-sideend|p2: TOMBDADDY|Stealth Rock|[from] move: Defog|[of] p2a: Corviknight
|
|upkeep
|turn|19
|
|t:|1776201051
|move|p1a: Pecharunt|Parting Shot|p2a: Corviknight
|-unboost|p2a: Corviknight|atk|1
|-unboost|p2a: Corviknight|spa|1
|
|t:|1776201054
|switch|p1a: Great Tusk|Great Tusk|100/100|[from] Parting Shot
|move|p2a: Corviknight|Roost|p2a: Corviknight
|-heal|p2a: Corviknight|97/100
|-singleturn|p2a: Corviknight|move: Roost
|
|upkeep
|turn|20
|
|t:|1776201058
|-end|p1a: Great Tusk|Protosynthesis|[silent]
|switch|p1a: Pecharunt|Pecharunt|93/100
|move|p2a: Corviknight|U-turn|p1a: Pecharunt
|-resisted|p1a: Pecharunt
|-damage|p1a: Pecharunt|92/100
|-damage|p2a: Corviknight|80/100|[from] item: Rocky Helmet|[of] p1a: Pecharunt
|
|t:|1776201068
|switch|p2a: Dragapult|Dragapult, F, tera:Ghost|88/100|[from] U-turn
|
|upkeep
|turn|21
|
|t:|1776201073
|move|p2a: Dragapult|U-turn|p1a: Pecharunt
|-resisted|p1a: Pecharunt
|-damage|p1a: Pecharunt|88/100
|-damage|p2a: Dragapult|71/100|[from] item: Rocky Helmet|[of] p1a: Pecharunt
|
|t:|1776201089
|switch|p2a: Weezing|Weezing-Galar, M|94/100|[from] U-turn
|-ability|p2a: Weezing|Neutralizing Gas
|move|p1a: Pecharunt|Shadow Ball|p2a: Weezing
|-damage|p2a: Weezing|59/100
|-unboost|p2a: Weezing|spd|1
|
|-heal|p2a: Weezing|65/100|[from] item: Leftovers
|upkeep
|turn|22
|
|t:|1776201099
|move|p1a: Pecharunt|Shadow Ball|p2a: Weezing
|-damage|p2a: Weezing|16/100
|move|p2a: Weezing|Will-O-Wisp|p1a: Pecharunt
|-status|p1a: Pecharunt|brn
|
|-heal|p2a: Weezing|22/100|[from] item: Leftovers
|-damage|p1a: Pecharunt|82/100 brn|[from] brn
|upkeep
|turn|23
|
|t:|1776201106
|-end|p2a: Weezing|ability: Neutralizing Gas
|switch|p2a: Corviknight|Corviknight, M|80/100
|-ability|p2a: Corviknight|Pressure
|move|p1a: Pecharunt|Parting Shot|p2a: Corviknight
|-unboost|p2a: Corviknight|atk|1
|-unboost|p2a: Corviknight|spa|1
|
|t:|1776201111
|switch|p1a: Heatran|Heatran, F|37/100|[from] Parting Shot
|
|-heal|p1a: Heatran|44/100|[from] item: Leftovers
|upkeep
|turn|24
|
|t:|1776201121
|switch|p2a: Alomomola|Alomomola, F|97/100
|move|p1a: Heatran|Magma Storm|p2a: Alomomola
|-resisted|p2a: Alomomola
|-damage|p2a: Alomomola|73/100
|-activate|p2a: Alomomola|move: Magma Storm|[of] p1a: Heatran
|
|-heal|p1a: Heatran|50/100|[from] item: Leftovers
|-damage|p2a: Alomomola|60/100|[from] move: Magma Storm|[partiallytrapped]
|upkeep
|turn|25
|
|t:|1776201125
|move|p1a: Heatran|Protect|p1a: Heatran
|-singleturn|p1a: Heatran|Protect
|move|p2a: Alomomola|Flip Turn|p1a: Heatran
|-activate|p1a: Heatran|move: Protect
|
|-heal|p1a: Heatran|56/100|[from] item: Leftovers
|-damage|p2a: Alomomola|48/100|[from] move: Magma Storm|[partiallytrapped]
|upkeep
|turn|26
|
|t:|1776201130
|move|p1a: Heatran|Stealth Rock|p2a: Alomomola
|-sidestart|p2: TOMBDADDY|move: Stealth Rock
|move|p2a: Alomomola|Flip Turn|p1a: Heatran
|-supereffective|p1a: Heatran
|-damage|p1a: Heatran|29/100
|
|t:|1776201132
|switch|p2a: Dragapult|Dragapult, F, tera:Ghost|71/100|[from] Flip Turn
|-damage|p2a: Dragapult|59/100|[from] Stealth Rock
|
|-heal|p1a: Heatran|35/100|[from] item: Leftovers
|upkeep
|turn|27
|
|t:|1776201136
|switch|p1a: Weavile|Weavile, M|17/100
|move|p2a: Dragapult|Tera Blast|p1a: Weavile|[anim] Tera Blast Ghost
|-resisted|p1a: Weavile
|-damage|p1a: Weavile|0 fnt
|faint|p1a: Weavile
|
|upkeep
|
|t:|1776201138
|switch|p1a: Pecharunt|Pecharunt|82/100 brn
|turn|28
|
|t:|1776201143
|switch|p2a: Corviknight|Corviknight, M|80/100
|-damage|p2a: Corviknight|68/100|[from] Stealth Rock
|-ability|p2a: Corviknight|Pressure
|move|p1a: Pecharunt|Shadow Ball|p2a: Corviknight
|-damage|p2a: Corviknight|50/100
|
|-damage|p1a: Pecharunt|76/100 brn|[from] brn
|upkeep
|turn|29
|
|t:|1776201150
|move|p1a: Pecharunt|Recover|p1a: Pecharunt
|-heal|p1a: Pecharunt|100/100 brn
|move|p2a: Corviknight|Defog|p1a: Pecharunt
|-unboost|p1a: Pecharunt|evasion|1
|-sideend|p2: TOMBDADDY|Stealth Rock|[from] move: Defog|[of] p2a: Corviknight
|
|-damage|p1a: Pecharunt|94/100 brn|[from] brn
|upkeep
|turn|30
|
|t:|1776201155
|move|p1a: Pecharunt|Shadow Ball|p2a: Corviknight
|-damage|p2a: Corviknight|34/100
|move|p2a: Corviknight|Roost|p2a: Corviknight
|-heal|p2a: Corviknight|84/100
|-singleturn|p2a: Corviknight|move: Roost
|
|-damage|p1a: Pecharunt|88/100 brn|[from] brn
|upkeep
|turn|31
|
|t:|1776201158
|move|p1a: Pecharunt|Parting Shot|p2a: Corviknight
|-unboost|p2a: Corviknight|atk|1
|-unboost|p2a: Corviknight|spa|1
|
|t:|1776201176
|switch|p1a: Heatran|Heatran, F|35/100|[from] Parting Shot
|move|p2a: Corviknight|U-turn|p1a: Heatran
|-resisted|p1a: Heatran
|-crit|p1a: Heatran
|-damage|p1a: Heatran|31/100
|
|t:|1776201179
|switch|p2a: Dragapult|Dragapult, F, tera:Ghost|59/100|[from] U-turn
|
|-heal|p1a: Heatran|37/100|[from] item: Leftovers
|upkeep
|turn|32
|
|t:|1776201183
|move|p2a: Dragapult|Tera Blast|p1a: Heatran|[anim] Tera Blast Ghost
|-damage|p1a: Heatran|0 fnt
|faint|p1a: Heatran
|
|upkeep
|
|t:|1776201186
|switch|p1a: Rillaboom|Rillaboom, F|58/100
|-fieldstart|move: Grassy Terrain|[from] ability: Grassy Surge|[of] p1a: Rillaboom
|turn|33
|
|t:|1776201190
|switch|p2a: Weezing|Weezing-Galar, M|22/100
|-ability|p2a: Weezing|Neutralizing Gas
|move|p1a: Rillaboom|U-turn|p2a: Weezing
|-resisted|p2a: Weezing
|-damage|p2a: Weezing|14/100
|
|t:|1776201194
|switch|p1a: Pecharunt|Pecharunt|88/100 brn|[from] U-turn
|
|-heal|p1a: Pecharunt|94/100 brn|[from] Grassy Terrain
|-heal|p2a: Weezing|20/100|[from] Grassy Terrain
|-heal|p2a: Weezing|26/100|[from] item: Leftovers
|-damage|p1a: Pecharunt|88/100 brn|[from] brn
|upkeep
|turn|34
|
|t:|1776201198
|move|p2a: Weezing|Protect|p2a: Weezing
|-singleturn|p2a: Weezing|Protect
|move|p1a: Pecharunt|Malignant Chain|p2a: Weezing
|-activate|p2a: Weezing|move: Protect
|
|-heal|p1a: Pecharunt|94/100 brn|[from] Grassy Terrain
|-heal|p2a: Weezing|32/100|[from] Grassy Terrain
|-heal|p2a: Weezing|38/100|[from] item: Leftovers
|-damage|p1a: Pecharunt|88/100 brn|[from] brn
|upkeep
|turn|35
|-message|Yappyy forfeited.
|
|win|TOMBDADDY
|raw|Yappyy's rating: 1526 &rarr; <strong>1510</strong><br />(-16 for losing)
|raw|TOMBDADDY's rating: 1592 &rarr; <strong>1608</strong><br />(+16 for winning)
|l|☆Yappyy
|player|p1|
|j|☆Yappyy
|player|p1|Yappyy|steven|
|l|☆Yappyy
|player|p1|
