|html|<div class="broadcast-blue"><strong>[Gen 9] OU is currently suspecting Tera Blast! For information on how to participate check out the <a href="https://www.smogon.com/tools/suspects/view/200">suspect thread</a>.</strong></div>
|j|☆looniertunes
|j|☆Anchor9
|t:|1776056039
|gametype|singles
|player|p1|looniertunes|cynthia|1525
|player|p2|Anchor9|silver|1507
|gen|9
|tier|[Gen 9] OU
|rated|
|rule|HP Percentage Mod: HP is shown in percentages
|rule|Endless Battle Clause: Forcing endless battles is banned
|rule|Species Clause: Limit one of each Pokémon
|rule|OHKO Clause: OHKO moves are banned
|rule|Evasion Items Clause: Evasion items are banned
|rule|Evasion Moves Clause: Evasion moves are banned
|rule|Evasion Abilities Clause: Evasion abilities are banned
|rule|Sleep Moves Clause: Sleep-inducing moves are banned
|clearpoke
|poke|p1|Sinistcha|
|poke|p1|Corviknight, F|
|poke|p1|Tyranitar, F|
|poke|p1|Excadrill, M|
|poke|p1|Ceruledge, F|
|poke|p1|Primarina, M|
|poke|p2|Araquanid, M|
|poke|p2|Ampharos, F|
|poke|p2|Dragonite, F|
|poke|p2|Gholdengo|
|poke|p2|Kyurem|
|poke|p2|Great Tusk|
|teampreview
|inactive|Battle timer is ON: inactive players will automatically lose when time's up. (requested by Anchor9)
|
|t:|1776056052
|teamsize|p1|6
|teamsize|p2|6
|start
|switch|p1a: Primarina|Primarina, M|100/100
|switch|p2a: Araquanid|Araquanid, M|100/100
|turn|1
|
|t:|1776056056
|move|p1a: Primarina|Moonblast|p2a: Araquanid
|-damage|p2a: Araquanid|59/100
|move|p2a: Araquanid|Sticky Web|p1a: Primarina
|-sidestart|p1: looniertunes|move: Sticky Web
|
|upkeep
|turn|2
|
|t:|1776056060
|move|p1a: Primarina|Flip Turn|p2a: Araquanid
|-resisted|p2a: Araquanid
|-damage|p2a: Araquanid|51/100
|
|t:|1776056063
|switch|p1a: Corviknight|Corviknight, F|100/100|[from] Flip Turn
|-ability|p1a: Corviknight|Pressure
|move|p2a: Araquanid|Endeavor|p1a: Corviknight
|-damage|p1a: Corviknight|43/100
|-damage|p2a: Araquanid|35/100|[from] item: Rocky Helmet|[of] p1a: Corviknight
|
|upkeep
|turn|3
|
|t:|1776056074
|move|p1a: Corviknight|Roost|p1a: Corviknight
|-heal|p1a: Corviknight|93/100
|-singleturn|p1a: Corviknight|move: Roost
|move|p2a: Araquanid|Surf|p1a: Corviknight
|-damage|p1a: Corviknight|42/100
|
|upkeep
|turn|4
|
|t:|1776056078
|move|p1a: Corviknight|Defog|p2a: Araquanid
|-unboost|p2a: Araquanid|evasion|1
|-sideend|p1: looniertunes|Sticky Web|[from] move: Defog|[of] p1a: Corviknight
|move|p2a: Araquanid|Surf|p1a: Corviknight
|-damage|p1a: Corviknight|0 fnt
|faint|p1a: Corviknight
|
|upkeep
|
|t:|1776056082
|switch|p1a: Primarina|Primarina, M|100/100
|turn|5
|
|t:|1776056110
|move|p1a: Primarina|Moonblast|p2a: Araquanid
|-damage|p2a: Araquanid|0 fnt
|faint|p2a: Araquanid
|
|upkeep
|
|t:|1776056118
|switch|p2a: Dragonite|Dragonite, F|100/100
|turn|6
|
|t:|1776056147
|move|p2a: Dragonite|Dragon Dance|p2a: Dragonite
|-boost|p2a: Dragonite|atk|1
|-boost|p2a: Dragonite|spe|1
|move|p1a: Primarina|Moonblast|p2a: Dragonite
|-supereffective|p2a: Dragonite
|-damage|p2a: Dragonite|46/100
|-unboost|p2a: Dragonite|spa|1
|
|upkeep
|turn|7
|
|t:|1776056152
|move|p2a: Dragonite|Earthquake|p1a: Primarina
|-damage|p1a: Primarina|14/100
|move|p1a: Primarina|Moonblast|p2a: Dragonite
|-supereffective|p2a: Dragonite
|-damage|p2a: Dragonite|0 fnt
|faint|p2a: Dragonite
|
|upkeep
|
|t:|1776056157
|switch|p2a: Gholdengo|Gholdengo|100/100
|-item|p2a: Gholdengo|Air Balloon
|turn|8
|
|t:|1776056166
|move|p2a: Gholdengo|Shadow Ball|p1a: Primarina
|-damage|p1a: Primarina|0 fnt
|faint|p1a: Primarina
|
|upkeep
|
|t:|1776056172
|switch|p1a: Tyranitar|Tyranitar, F|100/100
|-weather|Sandstorm|[from] ability: Sand Stream|[of] p1a: Tyranitar
|turn|9
|
|t:|1776056176
|move|p2a: Gholdengo|Focus Blast|p1a: Tyranitar
|-supereffective|p1a: Tyranitar
|-damage|p1a: Tyranitar|34/100
|move|p1a: Tyranitar|Knock Off|p2a: Gholdengo
|-supereffective|p2a: Gholdengo
|-crit|p2a: Gholdengo
|-damage|p2a: Gholdengo|0 fnt
|-enditem|p2a: Gholdengo|Air Balloon
|faint|p2a: Gholdengo
|
|-weather|Sandstorm|[upkeep]
|upkeep
|
|t:|1776056186
|switch|p2a: Kyurem|Kyurem|100/100
|-ability|p2a: Kyurem|Pressure
|turn|10
|
|t:|1776056190
|move|p2a: Kyurem|Icicle Spear|p1a: Tyranitar
|-damage|p1a: Tyranitar|24/100
|-damage|p1a: Tyranitar|12/100
|-damage|p1a: Tyranitar|2/100
|-hitcount|p1a: Tyranitar|3
|move|p1a: Tyranitar|Thunder Wave|p2a: Kyurem
|-status|p2a: Kyurem|par
|
|-weather|Sandstorm|[upkeep]
|-damage|p2a: Kyurem|94/100 par|[from] Sandstorm
|upkeep
|turn|11
|
|t:|1776056199
|move|p2a: Kyurem|Icicle Spear|p1a: Tyranitar
|-damage|p1a: Tyranitar|0 fnt
|faint|p1a: Tyranitar
|-hitcount|p1: Tyranitar|1
|
|-weather|Sandstorm|[upkeep]
|-damage|p2a: Kyurem|88/100 par|[from] Sandstorm
|upkeep
|
|t:|1776056211
|switch|p1a: Ceruledge|Ceruledge, F|100/100
|turn|12
|
|t:|1776056215
|move|p1a: Ceruledge|Swords Dance|p1a: Ceruledge
|-boost|p1a: Ceruledge|atk|2
|cant|p2a: Kyurem|par
|
|-weather|Sandstorm|[upkeep]
|-damage|p1a: Ceruledge|94/100|[from] Sandstorm
|-damage|p2a: Kyurem|82/100 par|[from] Sandstorm
|upkeep
|turn|13
|
|t:|1776056218
|move|p1a: Ceruledge|Bitter Blade|p2a: Kyurem
|-damage|p2a: Kyurem|0 fnt
|-heal|p1a: Ceruledge|100/100|[from] drain|[of] p2a: Kyurem
|faint|p2a: Kyurem
|-damage|p1a: Ceruledge|91/100|[from] item: Life Orb
|
|-weather|Sandstorm|[upkeep]
|-damage|p1a: Ceruledge|84/100|[from] Sandstorm
|upkeep
|
|t:|1776056223
|switch|p2a: Great Tusk|Great Tusk|100/100
|-enditem|p2a: Great Tusk|Booster Energy
|-activate|p2a: Great Tusk|ability: Protosynthesis|[fromitem]
|-start|p2a: Great Tusk|protosynthesisspe
|turn|14
|
|t:|1776056230
|move|p2a: Great Tusk|Bulk Up|p2a: Great Tusk
|-boost|p2a: Great Tusk|atk|1
|-boost|p2a: Great Tusk|def|1
|move|p1a: Ceruledge|Bitter Blade|p2a: Great Tusk
|-damage|p2a: Great Tusk|47/100
|-heal|p1a: Ceruledge|100/100|[from] drain|[of] p2a: Great Tusk
|-damage|p1a: Ceruledge|91/100|[from] item: Life Orb
|
|-weather|Sandstorm|[upkeep]
|-damage|p1a: Ceruledge|84/100|[from] Sandstorm
|upkeep
|turn|15
|
|t:|1776056238
|move|p1a: Ceruledge|Shadow Sneak|p2a: Great Tusk
|-damage|p2a: Great Tusk|23/100
|-damage|p1a: Ceruledge|74/100|[from] item: Life Orb
|move|p2a: Great Tusk|Headlong Rush|p1a: Ceruledge
|-supereffective|p1a: Ceruledge
|-damage|p1a: Ceruledge|0 fnt
|-unboost|p2a: Great Tusk|def|1
|-unboost|p2a: Great Tusk|spd|1
|faint|p1a: Ceruledge
|
|-weather|Sandstorm|[upkeep]
|upkeep
|
|t:|1776056242
|switch|p1a: Excadrill|Excadrill, M|100/100
|-item|p1a: Excadrill|Air Balloon
|turn|16
|
|t:|1776056248
|move|p1a: Excadrill|Earthquake|p2a: Great Tusk
|-damage|p2a: Great Tusk|0 fnt
|faint|p2a: Great Tusk
|-end|p2a: Great Tusk|Protosynthesis|[silent]
|
|-weather|none
|upkeep
|
|t:|1776056249
|switch|p2a: Ampharos|Ampharos, F|100/100
|turn|17
|-message|Anchor9 forfeited.
|
|win|looniertunes
|raw|looniertunes's rating: 1525 &rarr; <strong>1544</strong><br />(+19 for winning)
|raw|Anchor9's rating: 1507 &rarr; <strong>1488</strong><br />(-19 for losing)
|l|☆Anchor9
|player|p2|
|l|☆looniertunes
|player|p1|
