|html|<div class="broadcast-blue"><strong>[Gen 9] OU is currently suspecting Tera Blast! For information on how to participate check out the <a href="https://www.smogon.com/tools/suspects/view/200">suspect thread</a>.</strong></div>
|j|☆mothfox
|j|‽Give Me Your Coil
|t:|1776268157
|gametype|singles
|player|p1|mothfox|colress|1345
|player|p2|Give Me Your Coil|ryme|1302
|gen|9
|tier|[Gen 9] OU
|rated|
|rule|HP Percentage Mod: HP is shown in percentages
|rule|Endless Battle Clause: Forcing endless battles is banned
|rule|Species Clause: Limit one of each Pokémon
|rule|OHKO Clause: OHKO moves are banned
|rule|Evasion Items Clause: Evasion items are banned
|rule|Evasion Moves Clause: Evasion moves are banned
|rule|Evasion Abilities Clause: Evasion abilities are banned
|rule|Sleep Moves Clause: Sleep-inducing moves are banned
|clearpoke
|poke|p1|Corviknight, F|
|poke|p1|Gliscor, M|
|poke|p1|Blissey, F|
|poke|p1|Dondozo, M|
|poke|p1|Toxapex, M|
|poke|p1|Weezing-Galar, M|
|poke|p2|Glimmora, F|
|poke|p2|Cresselia, F|
|poke|p2|Dragonite, M|
|poke|p2|Kingambit, M|
|poke|p2|Zamazenta-*|
|poke|p2|Primarina, F|
|teampreview
|inactive|Battle timer is ON: inactive players will automatically lose when time's up. (requested by mothfox)
|c|☆mothfox|glhf
|
|t:|1776268174
|teamsize|p1|6
|teamsize|p2|6
|start
|switch|p1a: Smokestack|Weezing-Galar, M|100/100
|switch|p2a: Glimmora|Glimmora, F|100/100
|-ability|p1a: Smokestack|Neutralizing Gas
|turn|1
|
|t:|1776268184
|-end|p1a: Smokestack|ability: Neutralizing Gas
|switch|p1a: Gliscor|Gliscor, M|100/100
|move|p2a: Glimmora|Stealth Rock|p1a: Gliscor
|-sidestart|p1: mothfox|move: Stealth Rock
|
|-status|p1a: Gliscor|tox|[from] item: Toxic Orb
|upkeep
|turn|2
|
|t:|1776268195
|switch|p2a: Cresselia|Cresselia, F|100/100
|move|p1a: Gliscor|Spikes|p2a: Cresselia
|-sidestart|p2: Give Me Your Coil|Spikes
|
|upkeep
|turn|3
|
|t:|1776268204
|move|p1a: Gliscor|Knock Off|p2a: Cresselia
|-supereffective|p2a: Cresselia
|-damage|p2a: Cresselia|79/100
|-enditem|p2a: Cresselia|Eject Button|[from] move: Knock Off|[of] p1a: Gliscor
|move|p2a: Cresselia|Ice Beam|p1a: Gliscor
|-supereffective|p1a: Gliscor
|-damage|p1a: Gliscor|44/100 tox
|
|-heal|p1a: Gliscor|56/100 tox|[from] ability: Poison Heal
|upkeep
|turn|4
|
|t:|1776268220
|switch|p2a: Glimmora|Glimmora, F|100/100
|-damage|p2a: Glimmora|88/100|[from] Spikes
|move|p1a: Gliscor|Protect||[still]
|-fail|p1a: Gliscor
|
|-heal|p1a: Gliscor|69/100 tox|[from] ability: Poison Heal
|upkeep
|turn|5
|
|t:|1776268230
|move|p2a: Glimmora|Mortal Spin|p1a: Gliscor
|-resisted|p1a: Gliscor
|-damage|p1a: Gliscor|66/100 tox
|-sideend|p2: Give Me Your Coil|Spikes|[from] move: Mortal Spin|[of] p2a: Glimmora
|move|p1a: Gliscor|Spikes|p2a: Glimmora
|-sidestart|p2: Give Me Your Coil|Spikes
|
|-heal|p1a: Gliscor|79/100 tox|[from] ability: Poison Heal
|upkeep
|turn|6
|
|t:|1776268241
|move|p2a: Glimmora|Power Gem|p1a: Gliscor
|-damage|p1a: Gliscor|49/100 tox
|move|p1a: Gliscor|Knock Off|p2a: Glimmora
|-damage|p2a: Glimmora|72/100
|-activate|p2a: Glimmora|ability: Toxic Debris
|-sidestart|p1: mothfox|move: Toxic Spikes
|-enditem|p2a: Glimmora|Red Card|[from] move: Knock Off|[of] p1a: Gliscor
|
|-heal|p1a: Gliscor|62/100 tox|[from] ability: Poison Heal
|upkeep
|turn|7
|
|t:|1776268257
|move|p2a: Glimmora|Power Gem|p1a: Gliscor
|-damage|p1a: Gliscor|30/100 tox
|move|p1a: Gliscor|Spikes|p2a: Glimmora
|-sidestart|p2: Give Me Your Coil|Spikes
|
|-heal|p1a: Gliscor|43/100 tox|[from] ability: Poison Heal
|upkeep
|turn|8
|
|t:|1776268268
|move|p2a: Glimmora|Power Gem|p1a: Gliscor
|-damage|p1a: Gliscor|14/100 tox
|move|p1a: Gliscor|Spikes|p2a: Glimmora
|-sidestart|p2: Give Me Your Coil|Spikes
|
|-heal|p1a: Gliscor|26/100 tox|[from] ability: Poison Heal
|upkeep
|turn|9
|
|t:|1776268276
|move|p1a: Gliscor|Protect|p1a: Gliscor
|-singleturn|p1a: Gliscor|Protect
|move|p2a: Glimmora|Mortal Spin|p1a: Gliscor
|-activate|p1a: Gliscor|move: Protect
|
|-heal|p1a: Gliscor|39/100 tox|[from] ability: Poison Heal
|upkeep
|turn|10
|
|t:|1776268290
|move|p2a: Glimmora|Power Gem|p1a: Gliscor
|-damage|p1a: Gliscor|8/100 tox
|move|p1a: Gliscor|Earthquake|p2a: Glimmora
|-supereffective|p2a: Glimmora
|-damage|p2a: Glimmora|0 fnt
|-activate|p2a: Glimmora|ability: Toxic Debris
|-sidestart|p1: mothfox|move: Toxic Spikes
|faint|p2a: Glimmora
|
|-heal|p1a: Gliscor|21/100 tox|[from] ability: Poison Heal
|upkeep
|
|t:|1776268299
|switch|p2a: Dragonite|Dragonite, M|100/100
|turn|11
|
|t:|1776268307
|switch|p1a: Toxapex|Toxapex, M|100/100
|-sideend|p1: mothfox|move: Toxic Spikes|[of] p1a: Toxapex
|move|p2a: Dragonite|Dragon Dance|p2a: Dragonite
|-boost|p2a: Dragonite|atk|1
|-boost|p2a: Dragonite|spe|1
|
|upkeep
|turn|12
|
|t:|1776268315
|move|p2a: Dragonite|Dragon Claw|p1a: Toxapex
|-crit|p1a: Toxapex
|-damage|p1a: Toxapex|33/100
|move|p1a: Toxapex|Haze|p1a: Toxapex
|-clearallboost
|
|upkeep
|turn|13
|
|t:|1776268322
|switch|p1a: Dondozo|Dondozo, M|100/100
|move|p2a: Dragonite|Dragon Dance|p2a: Dragonite
|-boost|p2a: Dragonite|atk|1
|-boost|p2a: Dragonite|spe|1
|
|upkeep
|turn|14
|
|t:|1776268329
|move|p2a: Dragonite|Fire Punch|p1a: Dondozo
|-resisted|p1a: Dondozo
|-damage|p1a: Dondozo|94/100
|move|p1a: Dondozo|Avalanche|p2a: Dragonite
|-supereffective|p2a: Dragonite
|-damage|p2a: Dragonite|38/100
|
|upkeep
|turn|15
|
|t:|1776268339
|-terastallize|p2a: Dragonite|Fire
|move|p2a: Dragonite|Dragon Claw|p1a: Dondozo
|-damage|p1a: Dondozo|74/100
|move|p1a: Dondozo|Avalanche|p2a: Dragonite
|-resisted|p2a: Dragonite
|-damage|p2a: Dragonite|23/100
|
|upkeep
|turn|16
|
|t:|1776268351
|move|p2a: Dragonite|Dragon Claw|p1a: Dondozo
|-damage|p1a: Dondozo|54/100
|move|p1a: Dondozo|Body Press|p2a: Dragonite
|-damage|p2a: Dragonite|0 fnt
|faint|p2a: Dragonite
|
|upkeep
|-message|Give Me Your Coil forfeited.
|
|win|mothfox
|raw|mothfox's rating: 1345 &rarr; <strong>1363</strong><br />(+18 for winning)
|raw|Give Me Your Coil's rating: 1302 &rarr; <strong>1284</strong><br />(-18 for losing)
