|html|<div class="broadcast-blue"><strong>[Gen 9] OU is currently suspecting Tera Blast! For information on how to participate check out the <a href="https://www.smogon.com/tools/suspects/view/200">suspect thread</a>.</strong></div>
|j|☆horridhenry123
|j|☆corigible
|t:|1776085649
|gametype|singles
|player|p1|horridhenry123|hoopster|1216
|player|p2|corigible|winona|1128
|gen|9
|tier|[Gen 9] OU
|rated|
|rule|HP Percentage Mod: HP is shown in percentages
|rule|Endless Battle Clause: Forcing endless battles is banned
|rule|Species Clause: Limit one of each Pokémon
|rule|OHKO Clause: OHKO moves are banned
|rule|Evasion Items Clause: Evasion items are banned
|rule|Evasion Moves Clause: Evasion moves are banned
|rule|Evasion Abilities Clause: Evasion abilities are banned
|rule|Sleep Moves Clause: Sleep-inducing moves are banned
|clearpoke
|poke|p1|Crawdaunt, F|
|poke|p1|Zangoose, M|
|poke|p1|Araquanid, F|
|poke|p1|Glimmora, F|
|poke|p1|Darkrai|
|poke|p1|Oricorio-Sensu, F|
|poke|p2|Ribombee, F|
|poke|p2|Quaquaval, F|
|poke|p2|Oricorio-Pom-Pom, F|
|poke|p2|Jirachi|
|poke|p2|Sinistcha-Masterpiece|
|poke|p2|Glimmora, F|
|teampreview
|inactive|Battle timer is ON: inactive players will automatically lose when time's up. (requested by corigible)
|
|t:|1776085658
|teamsize|p1|6
|teamsize|p2|6
|start
|switch|p1a: Araquanid|Araquanid, F|100/100
|switch|p2a: Ribombee|Ribombee, F|100/100
|turn|1
|
|t:|1776085665
|move|p2a: Ribombee|Sticky Web|p1a: Araquanid
|-sidestart|p1: horridhenry123|move: Sticky Web
|move|p1a: Araquanid|Liquidation|p2a: Ribombee
|-enditem|p2a: Ribombee|Focus Sash
|-damage|p2a: Ribombee|1/100
|
|upkeep
|turn|2
|
|t:|1776085678
|switch|p2a: Sinistcha|Sinistcha-Masterpiece|100/100
|move|p1a: Araquanid|Leech Life|p2a: Sinistcha
|-damage|p2a: Sinistcha|78/100
|-damage|p1a: Araquanid|84/100|[from] item: Rocky Helmet|[of] p2a: Sinistcha
|
|upkeep
|turn|3
|
|t:|1776085691
|switch|p1a: Glimmora|Glimmora, F|100/100
|-activate|p1a: Glimmora|move: Sticky Web
|-unboost|p1a: Glimmora|spe|1
|move|p2a: Sinistcha|Strength Sap|p1a: Glimmora
|-unboost|p1a: Glimmora|atk|1
|-heal|p2a: Sinistcha|100/100
|
|upkeep
|turn|4
|
|t:|1776085696
|switch|p2a: Jirachi|Jirachi|100/100
|move|p1a: Glimmora|Mortal Spin|p2a: Jirachi
|-immune|p2a: Jirachi
|
|upkeep
|turn|5
|
|t:|1776085710
|switch|p1a: Crawdaunt|Crawdaunt, F|100/100
|-activate|p1a: Crawdaunt|move: Sticky Web
|-unboost|p1a: Crawdaunt|spe|1
|move|p2a: Jirachi|Iron Head|p1a: Crawdaunt
|-resisted|p1a: Crawdaunt
|-crit|p1a: Crawdaunt
|-damage|p1a: Crawdaunt|55/100
|
|upkeep
|turn|6
|
|t:|1776085720
|switch|p2a: Sinistcha|Sinistcha-Masterpiece|100/100
|move|p1a: Crawdaunt|Dragon Dance|p1a: Crawdaunt
|-boost|p1a: Crawdaunt|atk|1
|-boost|p1a: Crawdaunt|spe|1
|
|upkeep
|turn|7
|
|t:|1776085734
|move|p1a: Crawdaunt|Dragon Dance|p1a: Crawdaunt
|-boost|p1a: Crawdaunt|atk|1
|-boost|p1a: Crawdaunt|spe|1
|move|p2a: Sinistcha|Strength Sap|p1a: Crawdaunt
|-unboost|p1a: Crawdaunt|atk|1
|
|upkeep
|turn|8
|
|t:|1776085740
|move|p1a: Crawdaunt|Knock Off|p2a: Sinistcha
|-supereffective|p2a: Sinistcha
|-damage|p2a: Sinistcha|0 fnt
|-damage|p1a: Crawdaunt|39/100|[from] item: Rocky Helmet|[of] p2a: Sinistcha
|-enditem|p2a: Sinistcha|Rocky Helmet|[from] move: Knock Off|[of] p1a: Crawdaunt
|faint|p2a: Sinistcha
|-damage|p1a: Crawdaunt|29/100|[from] item: Life Orb
|
|upkeep
|
|t:|1776085745
|switch|p2a: Ribombee|Ribombee, F|1/100
|turn|9
|
|t:|1776085749
|move|p1a: Crawdaunt|Aqua Jet|p2a: Ribombee
|-damage|p2a: Ribombee|0 fnt
|faint|p2a: Ribombee
|-damage|p1a: Crawdaunt|20/100|[from] item: Life Orb
|
|upkeep
|
|t:|1776085755
|switch|p2a: Jirachi|Jirachi|100/100
|turn|10
|
|t:|1776085759
|move|p2a: Jirachi|U-turn|p1a: Crawdaunt
|-supereffective|p1a: Crawdaunt
|-damage|p1a: Crawdaunt|0 fnt
|faint|p1a: Crawdaunt
|
|t:|1776085765
|switch|p2a: Quaquaval|Quaquaval, F|100/100|[from] U-turn
|
|upkeep
|
|t:|1776085772
|switch|p1a: Oricorio|Oricorio-Sensu, F|100/100
|turn|11
|
|t:|1776085781
|switch|p2a: Oricorio|Oricorio-Pom-Pom, F|100/100
|move|p1a: Oricorio|Hurricane|p2a: Oricorio
|-resisted|p2a: Oricorio
|-damage|p2a: Oricorio|61/100
|
|upkeep
|turn|12
|
|t:|1776085804
|switch|p1a: Darkrai|Darkrai|100/100
|-activate|p1a: Darkrai|move: Sticky Web
|-unboost|p1a: Darkrai|spe|1
|move|p2a: Oricorio|Quiver Dance|p2a: Oricorio
|-boost|p2a: Oricorio|spa|1
|-boost|p2a: Oricorio|spd|1
|-boost|p2a: Oricorio|spe|1
|
|upkeep
|turn|13
|
|t:|1776085810
|move|p2a: Oricorio|Alluring Voice|p1a: Darkrai
|-supereffective|p1a: Darkrai
|-damage|p1a: Darkrai|0 fnt
|faint|p1a: Darkrai
|
|upkeep
|
|t:|1776085814
|switch|p1a: Glimmora|Glimmora, F|100/100
|-activate|p1a: Glimmora|move: Sticky Web
|-unboost|p1a: Glimmora|spe|1
|turn|14
|
|t:|1776085819
|-terastallize|p2a: Oricorio|Ground
|move|p2a: Oricorio|Revelation Dance|p1a: Glimmora
|-supereffective|p1a: Glimmora
|-enditem|p1a: Glimmora|Focus Sash
|-damage|p1a: Glimmora|1/100
|move|p1a: Glimmora|Mortal Spin|p2a: Oricorio
|-resisted|p2a: Oricorio
|-damage|p2a: Oricorio|55/100
|-status|p2a: Oricorio|psn
|-sideend|p1: horridhenry123|Sticky Web|[from] move: Mortal Spin|[of] p1a: Glimmora
|
|-damage|p2a: Oricorio|43/100 psn|[from] psn
|upkeep
|turn|15
|
|t:|1776085830
|move|p2a: Oricorio|Air Slash|p1a: Glimmora
|-resisted|p1a: Glimmora
|-damage|p1a: Glimmora|0 fnt
|faint|p1a: Glimmora
|
|-damage|p2a: Oricorio|31/100 psn|[from] psn
|upkeep
|
|t:|1776085832
|switch|p1a: Araquanid|Araquanid, F|84/100
|turn|16
|
|t:|1776085836
|-terastallize|p1a: Araquanid|Steel
|move|p2a: Oricorio|Air Slash|p1a: Araquanid
|-resisted|p1a: Araquanid
|-damage|p1a: Araquanid|63/100
|cant|p1a: Araquanid|flinch
|
|-damage|p2a: Oricorio|18/100 psn|[from] psn
|upkeep
|turn|17
|
|t:|1776085847
|switch|p1a: Oricorio|Oricorio-Sensu, F|100/100
|move|p2a: Oricorio|Revelation Dance|p1a: Oricorio
|-immune|p1a: Oricorio
|
|-damage|p2a: Oricorio|6/100 psn|[from] psn
|upkeep
|turn|18
|
|t:|1776085859
|move|p2a: Oricorio|Air Slash|p1a: Oricorio|[miss]
|-miss|p2a: Oricorio|p1a: Oricorio
|move|p1a: Oricorio|Quiver Dance|p1a: Oricorio
|-boost|p1a: Oricorio|spa|1
|-boost|p1a: Oricorio|spd|1
|-boost|p1a: Oricorio|spe|1
|-activate|p2a: Oricorio|ability: Dancer
|move|p2a: Oricorio|Quiver Dance|p2a: Oricorio|[from] ability: Dancer
|-boost|p2a: Oricorio|spa|1
|-boost|p2a: Oricorio|spd|1
|-boost|p2a: Oricorio|spe|1
|
|-damage|p2a: Oricorio|0 fnt|[from] psn
|faint|p2a: Oricorio
|upkeep
|
|t:|1776085863
|switch|p2a: Glimmora|Glimmora, F|100/100
|turn|19
|
|t:|1776085875
|move|p1a: Oricorio|Revelation Dance|p2a: Glimmora
|-damage|p2a: Glimmora|14/100
|move|p2a: Glimmora|Power Gem|p1a: Oricorio
|-supereffective|p1a: Oricorio
|-damage|p1a: Oricorio|19/100
|
|upkeep
|turn|20
|
|t:|1776085885
|move|p1a: Oricorio|Revelation Dance|p2a: Glimmora
|-damage|p2a: Glimmora|0 fnt
|faint|p2a: Glimmora
|
|upkeep
|
|t:|1776085890
|switch|p2a: Jirachi|Jirachi|100/100
|turn|21
|
|t:|1776085896
|move|p2a: Jirachi|Iron Head|p1a: Oricorio
|-damage|p1a: Oricorio|0 fnt
|faint|p1a: Oricorio
|
|upkeep
|
|t:|1776085911
|switch|p1a: Araquanid|Araquanid, F, tera:Steel|63/100
|turn|22
|
|t:|1776085915
|move|p2a: Jirachi|Iron Head|p1a: Araquanid
|-resisted|p1a: Araquanid
|-damage|p1a: Araquanid|38/100
|cant|p1a: Araquanid|flinch
|
|upkeep
|turn|23
|
|t:|1776085919
|move|p2a: Jirachi|Iron Head|p1a: Araquanid
|-resisted|p1a: Araquanid
|-damage|p1a: Araquanid|12/100
|cant|p1a: Araquanid|flinch
|
|upkeep
|turn|24
|
|t:|1776085924
|move|p2a: Jirachi|Iron Head|p1a: Araquanid
|-resisted|p1a: Araquanid
|-damage|p1a: Araquanid|0 fnt
|faint|p1a: Araquanid
|
|upkeep
|
|t:|1776085926
|switch|p1a: Zangoose|Zangoose, M|100/100
|turn|25
|
|t:|1776085930
|move|p1a: Zangoose|Protect|p1a: Zangoose
|-singleturn|p1a: Zangoose|Protect
|move|p2a: Jirachi|Iron Head|p1a: Zangoose
|-activate|p1a: Zangoose|move: Protect
|
|-status|p1a: Zangoose|tox|[from] item: Toxic Orb
|upkeep
|turn|26
|
|t:|1776085934
|move|p2a: Jirachi|Iron Head|p1a: Zangoose
|-crit|p1a: Zangoose
|-damage|p1a: Zangoose|3/100 tox
|cant|p1a: Zangoose|flinch
|
|-damage|p1a: Zangoose|0 fnt|[from] psn
|faint|p1a: Zangoose
|
|win|corigible
|raw|horridhenry123's rating: 1216 &rarr; <strong>1185</strong><br />(-31 for losing)
|raw|corigible's rating: 1128 &rarr; <strong>1159</strong><br />(+31 for winning)
|l|☆horridhenry123
|player|p1|
|l|☆corigible
|player|p2|
