|html|<div class="broadcast-blue"><strong>[Gen 9] OU is currently suspecting Tera Blast! For information on how to participate check out the <a href="https://www.smogon.com/tools/suspects/view/200">suspect thread</a>.</strong></div>
|j|☆jujibalaoshi001
|j|☆toporotto
|t:|1776168181
|gametype|singles
|player|p1|jujibalaoshi001|265|1156
|player|p2|toporotto|colress|1193
|gen|9
|tier|[Gen 9] OU
|rated|
|rule|HP Percentage Mod: HP is shown in percentages
|rule|Endless Battle Clause: Forcing endless battles is banned
|rule|Species Clause: Limit one of each Pokémon
|rule|OHKO Clause: OHKO moves are banned
|rule|Evasion Items Clause: Evasion items are banned
|rule|Evasion Moves Clause: Evasion moves are banned
|rule|Evasion Abilities Clause: Evasion abilities are banned
|rule|Sleep Moves Clause: Sleep-inducing moves are banned
|clearpoke
|poke|p1|Kyurem|
|poke|p1|Ninetales-Alola, M|
|poke|p1|Polteageist|
|poke|p1|Ogerpon-Cornerstone, F|
|poke|p1|Iron Treads|
|poke|p1|Weezing-Galar, F|
|poke|p2|Gholdengo|
|poke|p2|Ting-Lu|
|poke|p2|Alomomola, F|
|poke|p2|Deoxys-Speed|
|poke|p2|Cyclizar, F|
|poke|p2|Blissey, F|
|teampreview
|inactive|Battle timer is ON: inactive players will automatically lose when time's up. (requested by toporotto)
|
|t:|1776168197
|teamsize|p1|6
|teamsize|p2|6
|start
|switch|p1a: Iron Treads|Iron Treads|100/100
|switch|p2a: Ting-Lu|Ting-Lu|100/100
|-ability|p2a: Ting-Lu|Vessel of Ruin
|-enditem|p1a: Iron Treads|Booster Energy
|-activate|p1a: Iron Treads|ability: Quark Drive|[fromitem]
|-start|p1a: Iron Treads|quarkdrivespe
|turn|1
|
|t:|1776168206
|-end|p1a: Iron Treads|Quark Drive|[silent]
|switch|p1a: Ninetales|Ninetales-Alola, M|100/100
|-weather|Snowscape|[from] ability: Snow Warning|[of] p1a: Ninetales
|move|p2a: Ting-Lu|Stealth Rock|p1a: Ninetales
|-sidestart|p1: jujibalaoshi001|move: Stealth Rock
|
|-weather|Snowscape|[upkeep]
|upkeep
|turn|2
|
|t:|1776168213
|move|p1a: Ninetales|Encore|p2a: Ting-Lu
|-start|p2a: Ting-Lu|Encore
|move|p2a: Ting-Lu|Stealth Rock||[still]
|-fail|p2a: Ting-Lu
|
|-weather|Snowscape|[upkeep]
|upkeep
|turn|3
|
|t:|1776168218
|switch|p2a: Gholdengo|Gholdengo|100/100
|move|p1a: Ninetales|Aurora Veil|p1a: Ninetales
|-sidestart|p1: jujibalaoshi001|move: Aurora Veil
|
|-weather|Snowscape|[upkeep]
|upkeep
|turn|4
|
|t:|1776168225
|switch|p1a: Iron Treads|Iron Treads|100/100
|-damage|p1a: Iron Treads|97/100|[from] Stealth Rock
|move|p2a: Gholdengo|Nasty Plot|p2a: Gholdengo
|-boost|p2a: Gholdengo|spa|2
|
|-weather|Snowscape|[upkeep]
|upkeep
|turn|5
|
|t:|1776168234
|move|p1a: Iron Treads|Earth Power|p2a: Gholdengo
|-supereffective|p2a: Gholdengo
|-damage|p2a: Gholdengo|38/100
|move|p2a: Gholdengo|Shadow Ball|p1a: Iron Treads
|-damage|p1a: Iron Treads|36/100
|
|-weather|none
|-heal|p2a: Gholdengo|44/100|[from] item: Leftovers
|upkeep
|turn|6
|
|t:|1776168248
|switch|p2a: Ting-Lu|Ting-Lu|100/100
|-ability|p2a: Ting-Lu|Vessel of Ruin
|move|p1a: Iron Treads|Earth Power|p2a: Ting-Lu
|-crit|p2a: Ting-Lu
|-damage|p2a: Ting-Lu|71/100
|
|-heal|p2a: Ting-Lu|77/100|[from] item: Leftovers
|upkeep
|turn|7
|
|t:|1776168265
|-end|p1a: Iron Treads|Quark Drive|[silent]
|switch|p1a: Weezing|Weezing-Galar, F|100/100
|-ability|p1a: Weezing|Neutralizing Gas
|-damage|p1a: Weezing|88/100|[from] Stealth Rock
|move|p2a: Ting-Lu|Spikes|p1a: Weezing
|-sidestart|p1: jujibalaoshi001|Spikes
|
|-heal|p2a: Ting-Lu|84/100|[from] item: Leftovers
|upkeep
|turn|8
|
|t:|1776168285
|move|p1a: Weezing|Strange Steam|p2a: Ting-Lu
|-supereffective|p2a: Ting-Lu
|-damage|p2a: Ting-Lu|0 fnt
|faint|p2a: Ting-Lu
|
|upkeep
|
|t:|1776168292
|switch|p2a: Deoxys|Deoxys-Speed|100/100
|turn|9
|
|t:|1776168301
|move|p2a: Deoxys|Nasty Plot|p2a: Deoxys
|-boost|p2a: Deoxys|spa|2
|move|p1a: Weezing|Strange Steam|p2a: Deoxys
|-damage|p2a: Deoxys|25/100
|-start|p2a: Deoxys|confusion
|
|upkeep
|turn|10
|
|t:|1776168308
|-activate|p2a: Deoxys|confusion
|move|p2a: Deoxys|Psycho Boost|p1a: Weezing
|-supereffective|p1a: Weezing
|-damage|p1a: Weezing|0 fnt
|-unboost|p2a: Deoxys|spa|2
|faint|p1a: Weezing
|-end|p1a: Weezing|ability: Neutralizing Gas
|-ability|p2a: Deoxys|Pressure
|-damage|p2a: Deoxys|15/100|[from] item: Life Orb
|
|-sideend|p1: jujibalaoshi001|move: Aurora Veil
|upkeep
|
|t:|1776168324
|switch|p1a: Ninetales|Ninetales-Alola, M|100/100
|-damage|p1a: Ninetales|76/100|[from] Stealth Rock
|-damage|p1a: Ninetales|64/100|[from] Spikes
|-weather|Snowscape|[from] ability: Snow Warning|[of] p1a: Ninetales
|turn|11
|
|t:|1776168328
|-activate|p2a: Deoxys|confusion
|-damage|p2a: Deoxys|3/100|[from] confusion
|move|p1a: Ninetales|Aurora Veil|p1a: Ninetales
|-sidestart|p1: jujibalaoshi001|move: Aurora Veil
|
|-weather|Snowscape|[upkeep]
|upkeep
|turn|12
|
|t:|1776168339
|switch|p1a: Ogerpon|Ogerpon-Cornerstone, F|100/100
|-damage|p1a: Ogerpon|88/100|[from] Stealth Rock
|-damage|p1a: Ogerpon|76/100|[from] Spikes
|-activate|p2a: Deoxys|confusion
|-damage|p2a: Deoxys|0 fnt|[from] confusion
|faint|p2a: Deoxys
|
|-weather|Snowscape|[upkeep]
|upkeep
|
|t:|1776168361
|switch|p2a: Cyclizar|Cyclizar, F|100/100
|turn|13
|
|t:|1776168367
|move|p2a: Cyclizar|U-turn|p1a: Ogerpon
|-supereffective|p1a: Ogerpon
|-damage|p1a: Ogerpon|56/100
|
|t:|1776168370
|switch|p2a: Alomomola|Alomomola, F|100/100|[from] U-turn
|move|p1a: Ogerpon|Swords Dance|p1a: Ogerpon
|-boost|p1a: Ogerpon|atk|2
|
|-weather|Snowscape|[upkeep]
|upkeep
|turn|14
|
|t:|1776168377
|move|p1a: Ogerpon|Power Whip|p2a: Alomomola
|-supereffective|p2a: Alomomola
|-damage|p2a: Alomomola|0 fnt
|-damage|p1a: Ogerpon|39/100|[from] item: Rocky Helmet|[of] p2a: Alomomola
|faint|p2a: Alomomola
|
|-weather|Snowscape|[upkeep]
|upkeep
|
|t:|1776168380
|switch|p2a: Cyclizar|Cyclizar, F|100/100
|turn|15
|
|t:|1776168388
|move|p2a: Cyclizar|Draco Meteor|p1a: Ogerpon
|-damage|p1a: Ogerpon|10/100
|-unboost|p2a: Cyclizar|spa|2
|move|p1a: Ogerpon|Ivy Cudgel|p2a: Cyclizar|[anim] Ivy Cudgel Rock
|-damage|p2a: Cyclizar|0 fnt
|faint|p2a: Cyclizar
|
|-weather|none
|upkeep
|
|t:|1776168397
|switch|p2a: Gholdengo|Gholdengo|44/100
|turn|16
|
|t:|1776168400
|move|p1a: Ogerpon|Ivy Cudgel|p2a: Gholdengo|[anim] Ivy Cudgel Rock
|-resisted|p2a: Gholdengo
|-damage|p2a: Gholdengo|0 fnt
|faint|p2a: Gholdengo
|
|upkeep
|
|t:|1776168403
|switch|p2a: Blissey|Blissey, F|100/100
|turn|17
|
|t:|1776168410
|-terastallize|p1a: Ogerpon|Rock
|detailschange|p1a: Ogerpon|Ogerpon-Cornerstone-Tera, F, tera:Rock
|-ability|p1a: Ogerpon|Embody Aspect (Cornerstone)|boost
|-boost|p1a: Ogerpon|def|1
|move|p1a: Ogerpon|Ivy Cudgel|p2a: Blissey|[anim] Ivy Cudgel Rock
|-damage|p2a: Blissey|0 fnt
|faint|p2a: Blissey
|
|win|jujibalaoshi001
|raw|jujibalaoshi001's rating: 1156 &rarr; <strong>1184</strong><br />(+28 for winning)
|raw|toporotto's rating: 1193 &rarr; <strong>1165</strong><br />(-28 for losing)
|l|☆toporotto
|player|p2|
