|html|<div class="broadcast-blue"><strong>[Gen 9] OU is currently suspecting Tera Blast! For information on how to participate check out the <a href="https://www.smogon.com/tools/suspects/view/200">suspect thread</a>.</strong></div>
|j|☆just an oreo
|j|☆vzn.exe
|t:|1776086448
|gametype|singles
|player|p1|just an oreo|juggler|1448
|player|p2|vzn.exe|lusamine-nihilego|1515
|gen|9
|tier|[Gen 9] OU
|rated|
|rule|HP Percentage Mod: HP is shown in percentages
|rule|Endless Battle Clause: Forcing endless battles is banned
|rule|Species Clause: Limit one of each Pokémon
|rule|OHKO Clause: OHKO moves are banned
|rule|Evasion Items Clause: Evasion items are banned
|rule|Evasion Moves Clause: Evasion moves are banned
|rule|Evasion Abilities Clause: Evasion abilities are banned
|rule|Sleep Moves Clause: Sleep-inducing moves are banned
|clearpoke
|poke|p1|Primarina, F|
|poke|p1|Darkrai|
|poke|p1|Ogerpon-Cornerstone, F|
|poke|p1|Heatran, F|
|poke|p1|Raging Bolt|
|poke|p1|Great Tusk|
|poke|p2|Primarina, M|
|poke|p2|Great Tusk|
|poke|p2|Enamorus, F|
|poke|p2|Slowking-Galar, M|
|poke|p2|Ogerpon, F|
|poke|p2|Kingambit, M|
|teampreview
|
|t:|1776086466
|teamsize|p1|6
|teamsize|p2|6
|start
|switch|p1a: Great Tusk|Great Tusk|100/100
|switch|p2a: Anonymous|Ogerpon, F|100/100
|turn|1
|inactive|Battle timer is ON: inactive players will automatically lose when time's up. (requested by vzn.exe)
|
|t:|1776086483
|move|p2a: Anonymous|Ivy Cudgel|p1a: Great Tusk
|-supereffective|p1a: Great Tusk
|-damage|p1a: Great Tusk|9/100
|move|p1a: Great Tusk|Rapid Spin|p2a: Anonymous
|-damage|p2a: Anonymous|82/100
|-boost|p1a: Great Tusk|spe|1
|
|upkeep
|turn|2
|c|☆just an oreo|Glhf
|
|t:|1776086500
|switch|p2a: Behemoth|Great Tusk, shiny|100/100
|move|p1a: Great Tusk|Close Combat|p2a: Behemoth
|-damage|p2a: Behemoth|65/100
|-unboost|p1a: Great Tusk|def|1
|-unboost|p1a: Great Tusk|spd|1
|-damage|p1a: Great Tusk|0 fnt|[from] item: Rocky Helmet|[of] p2a: Behemoth
|faint|p1a: Great Tusk
|-end|p1a: Great Tusk|Protosynthesis|[silent]
|
|upkeep
|
|t:|1776086514
|switch|p1a: Darkrai|Darkrai|100/100
|turn|3
|
|t:|1776086531
|-end|p2a: Behemoth|Protosynthesis|[silent]
|switch|p2a: Celestine|Primarina, M, shiny|100/100
|move|p1a: Darkrai|Ice Beam|p2a: Celestine
|-resisted|p2a: Celestine
|-damage|p2a: Celestine|80/100
|-status|p2a: Celestine|frz
|-damage|p1a: Darkrai|91/100|[from] item: Life Orb
|
|-heal|p2a: Celestine|86/100 frz|[from] item: Leftovers
|upkeep
|turn|4
|
|t:|1776086548
|switch|p2a: Mantra|Slowking-Galar, M, shiny|100/100
|move|p1a: Darkrai|Sludge Bomb|p2a: Mantra
|-resisted|p2a: Mantra
|-damage|p2a: Mantra|88/100
|-damage|p1a: Darkrai|81/100|[from] item: Life Orb
|
|upkeep
|turn|5
|
|t:|1776086566
|switch|p1a: Heatran|Heatran, F|100/100
|-item|p1a: Heatran|Air Balloon
|move|p2a: Mantra|Sludge Bomb|p1a: Heatran
|-immune|p1a: Heatran
|
|upkeep
|turn|6
|inactive|vzn.exe has 120 seconds left.
|
|t:|1776086582
|switch|p2a: Celestine|Primarina, M, shiny|86/100 frz
|move|p1a: Heatran|Earth Power|p2a: Celestine
|-damage|p2a: Celestine|58/100 frz
|-unboost|p2a: Celestine|spd|1
|
|-heal|p2a: Celestine|64/100 frz|[from] item: Leftovers
|upkeep
|turn|7
|inactive|vzn.exe has 120 seconds left.
|
|t:|1776086600
|cant|p2a: Celestine|frz
|move|p1a: Heatran|Flash Cannon|p2a: Celestine
|-damage|p2a: Celestine|0 fnt
|faint|p2a: Celestine
|
|upkeep
|
|t:|1776086617
|switch|p2a: Anonymous|Ogerpon, F|82/100
|turn|8
|
|t:|1776086634
|move|p2a: Anonymous|U-turn|p1a: Heatran
|-resisted|p1a: Heatran
|-damage|p1a: Heatran|94/100
|-enditem|p1a: Heatran|Air Balloon
|inactive|vzn.exe has 90 seconds left.
|
|t:|1776086651
|switch|p2a: Behemoth|Great Tusk, shiny|65/100|[from] U-turn
|move|p1a: Heatran|Lava Plume|p2a: Behemoth
|-damage|p2a: Behemoth|0 fnt
|faint|p2a: Behemoth
|-end|p2a: Behemoth|Protosynthesis|[silent]
|
|upkeep
|inactive|vzn.exe has 90 seconds left.
|
|t:|1776086660
|switch|p2a: Gin|Enamorus, F, shiny|100/100
|turn|9
|
|t:|1776086669
|switch|p1a: Primarina|Primarina, F|100/100
|move|p2a: Gin|Earth Power|p1a: Primarina
|-damage|p1a: Primarina|66/100
|
|-heal|p1a: Primarina|72/100|[from] item: Leftovers
|upkeep
|turn|10
|inactive|vzn.exe has 90 seconds left.
|
|t:|1776086687
|switch|p2a: Mantra|Slowking-Galar, M, shiny|100/100
|move|p1a: Primarina|Calm Mind|p1a: Primarina
|-boost|p1a: Primarina|spa|1
|-boost|p1a: Primarina|spd|1
|
|-heal|p1a: Primarina|78/100|[from] item: Leftovers
|upkeep
|turn|11
|inactive|vzn.exe has 90 seconds left.
|
|t:|1776086703
|move|p1a: Primarina|Calm Mind|p1a: Primarina
|-boost|p1a: Primarina|spa|1
|-boost|p1a: Primarina|spd|1
|move|p2a: Mantra|Sludge Bomb|p1a: Primarina
|-supereffective|p1a: Primarina
|-damage|p1a: Primarina|47/100
|-status|p1a: Primarina|psn
|
|-heal|p1a: Primarina|53/100 psn|[from] item: Leftovers
|-damage|p1a: Primarina|41/100 psn|[from] psn
|upkeep
|turn|12
|inactive|vzn.exe has 90 seconds left.
|
|t:|1776086721
|move|p1a: Primarina|Psychic Noise|p2a: Mantra
|-damage|p2a: Mantra|55/100
|-start|p2a: Mantra|move: Heal Block
|move|p2a: Mantra|Sludge Bomb|p1a: Primarina
|-supereffective|p1a: Primarina
|-damage|p1a: Primarina|9/100 psn
|
|-heal|p1a: Primarina|15/100 psn|[from] item: Leftovers
|-damage|p1a: Primarina|3/100 psn|[from] psn
|upkeep
|turn|13
|
|t:|1776086743
|switch|p2a: Anonymous|Ogerpon, F|82/100
|move|p1a: Primarina|Psychic Noise|p2a: Anonymous
|-resisted|p2a: Anonymous
|-damage|p2a: Anonymous|35/100
|-start|p2a: Anonymous|move: Heal Block
|
|-heal|p1a: Primarina|9/100 psn|[from] item: Leftovers
|-damage|p1a: Primarina|0 fnt|[from] psn
|faint|p1a: Primarina
|upkeep
|
|t:|1776086747
|switch|p1a: Darkrai|Darkrai|81/100
|turn|14
|
|t:|1776086764
|switch|p2a: Overgod|Kingambit, M, shiny|100/100
|-activate|p2a: Overgod|ability: Supreme Overlord
|-start|p2a: Overgod|fallen2|[silent]
|move|p1a: Darkrai|Dark Pulse|p2a: Overgod
|-resisted|p2a: Overgod
|-damage|p2a: Overgod|73/100
|-damage|p1a: Darkrai|71/100|[from] item: Life Orb
|
|-heal|p2a: Overgod|80/100|[from] item: Leftovers
|upkeep
|turn|15
|
|t:|1776086773
|-end|p2a: Overgod|fallen2|[silent]
|switch|p2a: Gin|Enamorus, F, shiny|100/100
|move|p1a: Darkrai|Will-O-Wisp|p2a: Gin
|-status|p2a: Gin|brn
|
|-damage|p2a: Gin|94/100 brn|[from] brn
|upkeep
|turn|16
|
|t:|1776086782
|move|p2a: Gin|Moonblast|p1a: Darkrai
|-supereffective|p1a: Darkrai
|-damage|p1a: Darkrai|0 fnt
|faint|p1a: Darkrai
|
|-damage|p2a: Gin|88/100 brn|[from] brn
|upkeep
|
|t:|1776086785
|switch|p1a: Raging Bolt|Raging Bolt|100/100
|-enditem|p1a: Raging Bolt|Booster Energy
|-activate|p1a: Raging Bolt|ability: Protosynthesis|[fromitem]
|-start|p1a: Raging Bolt|protosynthesisspa
|turn|17
|inactive|vzn.exe has 90 seconds left.
|
|t:|1776086801
|switch|p2a: Overgod|Kingambit, M, shiny|80/100
|-activate|p2a: Overgod|ability: Supreme Overlord
|-start|p2a: Overgod|fallen2|[silent]
|move|p1a: Raging Bolt|Discharge|p2a: Overgod
|-damage|p2a: Overgod|27/100
|-status|p2a: Overgod|par
|
|-heal|p2a: Overgod|33/100 par|[from] item: Leftovers
|upkeep
|turn|18
|inactive|vzn.exe has 90 seconds left.
|
|t:|1776086819
|move|p1a: Raging Bolt|Thunderclap|p2a: Overgod
|-damage|p2a: Overgod|0 fnt
|faint|p2a: Overgod
|-end|p2a: Overgod|fallen2|[silent]
|
|upkeep
|
|t:|1776086836
|switch|p2a: Mantra|Slowking-Galar, M, shiny|88/100
|turn|19
|
|t:|1776086853
|move|p1a: Raging Bolt|Draco Meteor|p2a: Mantra|[miss]
|-miss|p1a: Raging Bolt|p2a: Mantra
|move|p2a: Mantra|Ice Beam|p1a: Raging Bolt
|-supereffective|p1a: Raging Bolt
|-damage|p1a: Raging Bolt|63/100
|
|upkeep
|turn|20
|
|t:|1776086862
|move|p1a: Raging Bolt|Discharge|p2a: Mantra
|-damage|p2a: Mantra|58/100
|-status|p2a: Mantra|par
|move|p2a: Mantra|Sludge Bomb|p1a: Raging Bolt
|-damage|p1a: Raging Bolt|34/100
|
|upkeep
|turn|21
|
|t:|1776086872
|-end|p1a: Raging Bolt|Protosynthesis|[silent]
|switch|p1a: Heatran|Heatran, F|94/100
|move|p2a: Mantra|Ice Beam|p1a: Heatran
|-resisted|p1a: Heatran
|-damage|p1a: Heatran|90/100
|
|upkeep
|turn|22
|
|t:|1776086881
|move|p1a: Heatran|Flash Cannon|p2a: Mantra
|-damage|p2a: Mantra|37/100 par
|move|p2a: Mantra|Ice Beam|p1a: Heatran
|-resisted|p1a: Heatran
|-damage|p1a: Heatran|85/100
|
|upkeep
|turn|23
|
|t:|1776086890
|move|p1a: Heatran|Earth Power|p2a: Mantra
|-supereffective|p2a: Mantra
|-damage|p2a: Mantra|6/100 par
|move|p2a: Mantra|Ice Beam|p1a: Heatran
|-resisted|p1a: Heatran
|-damage|p1a: Heatran|80/100
|
|upkeep
|turn|24
|inactive|vzn.exe has 90 seconds left.
|
|t:|1776086899
|switch|p2a: Anonymous|Ogerpon, F|35/100
|move|p1a: Heatran|Lava Plume|p2a: Anonymous
|-supereffective|p2a: Anonymous
|-damage|p2a: Anonymous|0 fnt
|faint|p2a: Anonymous
|
|upkeep
|inactive|vzn.exe has 90 seconds left.
|
|t:|1776086907
|switch|p2a: Mantra|Slowking-Galar, M, shiny|39/100 par
|turn|25
|
|t:|1776086916
|move|p1a: Heatran|Earth Power|p2a: Mantra
|-supereffective|p2a: Mantra
|-crit|p2a: Mantra
|-damage|p2a: Mantra|0 fnt
|faint|p2a: Mantra
|
|upkeep
|
|t:|1776086923
|switch|p2a: Gin|Enamorus, F, shiny|88/100 brn
|turn|26
|
|t:|1776086932
|move|p2a: Gin|Earth Power|p1a: Heatran
|-supereffective|p1a: Heatran
|-damage|p1a: Heatran|0 fnt
|faint|p1a: Heatran
|
|-damage|p2a: Gin|82/100 brn|[from] brn
|upkeep
|
|t:|1776086936
|switch|p1a: Ogerpon|Ogerpon-Cornerstone, F|100/100
|turn|27
|
|t:|1776086946
|move|p2a: Gin|Earth Power|p1a: Ogerpon
|-damage|p1a: Ogerpon|57/100
|move|p1a: Ogerpon|Ivy Cudgel|p2a: Gin|[anim] Ivy Cudgel Rock
|-supereffective|p2a: Gin
|-damage|p2a: Gin|0 fnt
|faint|p2a: Gin
|
|win|just an oreo
|raw|just an oreo's rating: 1448 &rarr; <strong>1472</strong><br />(+24 for winning)
|raw|vzn.exe's rating: 1515 &rarr; <strong>1491</strong><br />(-24 for losing)
