|html|<div class="broadcast-blue"><strong>[Gen 9] OU is currently suspecting Tera Blast! For information on how to participate check out the <a href="https://www.smogon.com/tools/suspects/view/200">suspect thread</a>.</strong></div>
|j|☆kjojon
|j|☆Skibidi_Sigma1
|t:|1776053569
|gametype|singles
|player|p1|kjojon|brock|1042
|player|p2|Skibidi_Sigma1|roughneck-gen4|1074
|gen|9
|tier|[Gen 9] OU
|rated|
|rule|HP Percentage Mod: HP is shown in percentages
|rule|Endless Battle Clause: Forcing endless battles is banned
|rule|Species Clause: Limit one of each Pokémon
|rule|OHKO Clause: OHKO moves are banned
|rule|Evasion Items Clause: Evasion items are banned
|rule|Evasion Moves Clause: Evasion moves are banned
|rule|Evasion Abilities Clause: Evasion abilities are banned
|rule|Sleep Moves Clause: Sleep-inducing moves are banned
|clearpoke
|poke|p1|Gardevoir, F|
|poke|p1|Decidueye-Hisui, F|
|poke|p1|Necrozma|
|poke|p1|Duraludon, M|
|poke|p1|Hitmontop, M|
|poke|p1|Porygon-Z|
|poke|p2|Hydrapple, M|
|poke|p2|Tyranitar, F|
|poke|p2|Moltres|
|poke|p2|Zamazenta-*|
|poke|p2|Slowking-Galar, F|
|poke|p2|Excadrill, F|
|teampreview
|
|t:|1776053594
|teamsize|p1|6
|teamsize|p2|6
|start
|switch|p1a: PoyPee|Porygon-Z, shiny|100/100
|switch|p2a: Hydrapple|Hydrapple, M|100/100
|turn|1
|
|t:|1776053616
|move|p1a: PoyPee|Ice Beam|p2a: Hydrapple
|-supereffective|p2a: Hydrapple
|-damage|p2a: Hydrapple|0 fnt
|faint|p2a: Hydrapple
|
|upkeep
|
|t:|1776053622
|switch|p2a: Zamazenta|Zamazenta|100/100
|-ability|p2a: Zamazenta|Dauntless Shield|boost
|-boost|p2a: Zamazenta|def|1
|turn|2
|
|t:|1776053633
|switch|p1a: Xodium|Gardevoir, F, shiny|100/100
|-ability|p1a: Xodium|Dauntless Shield|Trace|[from] ability: Trace|[of] p2a: Zamazenta
|-ability|p1a: Xodium|Dauntless Shield|boost
|-boost|p1a: Xodium|def|1
|move|p2a: Zamazenta|Body Press|p1a: Xodium
|-resisted|p1a: Xodium
|-damage|p1a: Xodium|83/100
|
|upkeep
|turn|3
|
|t:|1776053656
|-terastallize|p2a: Zamazenta|Fire
|move|p1a: Xodium|Moonblast|p2a: Zamazenta
|-resisted|p2a: Zamazenta
|-damage|p2a: Zamazenta|80/100
|move|p2a: Zamazenta|Crunch|p1a: Xodium
|-damage|p1a: Xodium|57/100
|
|-heal|p2a: Zamazenta|86/100|[from] item: Leftovers
|upkeep
|turn|4
|
|t:|1776053678
|switch|p1a: Sagittarius|Decidueye-Hisui, F|100/100
|move|p2a: Zamazenta|Iron Defense|p2a: Zamazenta
|-boost|p2a: Zamazenta|def|2
|
|-heal|p2a: Zamazenta|92/100|[from] item: Leftovers
|upkeep
|turn|5
|inactive|Battle timer is ON: inactive players will automatically lose when time's up. (requested by kjojon)
|
|t:|1776053704
|move|p2a: Zamazenta|Body Press|p1a: Sagittarius
|-damage|p1a: Sagittarius|0 fnt
|faint|p1a: Sagittarius
|
|-heal|p2a: Zamazenta|98/100|[from] item: Leftovers
|upkeep
|
|t:|1776053717
|switch|p1a: Xodium|Gardevoir, F, shiny|57/100
|-ability|p1a: Xodium|Dauntless Shield|Trace|[from] ability: Trace|[of] p2a: Zamazenta
|turn|6
|
|t:|1776053729
|move|p1a: Xodium|Psychic|p2a: Zamazenta
|-damage|p2a: Zamazenta|59/100
|move|p2a: Zamazenta|Crunch|p1a: Xodium
|-damage|p1a: Xodium|23/100
|
|-heal|p2a: Zamazenta|65/100|[from] item: Leftovers
|upkeep
|turn|7
|
|t:|1776053737
|move|p1a: Xodium|Psychic|p2a: Zamazenta
|-damage|p2a: Zamazenta|23/100
|move|p2a: Zamazenta|Crunch|p1a: Xodium
|-damage|p1a: Xodium|0 fnt
|faint|p1a: Xodium
|
|-heal|p2a: Zamazenta|29/100|[from] item: Leftovers
|upkeep
|
|t:|1776053751
|switch|p1a: Garfiel|Hitmontop, M|100/100
|turn|8
|
|t:|1776053768
|move|p1a: Garfiel|Fake Out|p2a: Zamazenta
|-damage|p2a: Zamazenta|24/100
|cant|p2a: Zamazenta|flinch
|
|-heal|p2a: Zamazenta|30/100|[from] item: Leftovers
|upkeep
|turn|9
|
|t:|1776053778
|move|p1a: Garfiel|Mach Punch|p2a: Zamazenta
|-damage|p2a: Zamazenta|20/100
|move|p2a: Zamazenta|Body Press|p1a: Garfiel
|-damage|p1a: Garfiel|0 fnt
|faint|p1a: Garfiel
|
|-heal|p2a: Zamazenta|26/100|[from] item: Leftovers
|upkeep
|
|t:|1776053794
|switch|p1a: R-Pyrite|Necrozma, shiny|100/100
|turn|10
|
|t:|1776053815
|move|p2a: Zamazenta|Crunch|p1a: R-Pyrite
|-supereffective|p1a: R-Pyrite
|-damage|p1a: R-Pyrite|66/100
|-enditem|p1a: R-Pyrite|Weakness Policy
|-boost|p1a: R-Pyrite|atk|2|[from] item: Weakness Policy
|-boost|p1a: R-Pyrite|spa|2|[from] item: Weakness Policy
|move|p1a: R-Pyrite|Dragon Dance|p1a: R-Pyrite
|-boost|p1a: R-Pyrite|atk|1
|-boost|p1a: R-Pyrite|spe|1
|
|-heal|p2a: Zamazenta|32/100|[from] item: Leftovers
|upkeep
|turn|11
|
|t:|1776053827
|move|p2a: Zamazenta|Crunch|p1a: R-Pyrite
|-supereffective|p1a: R-Pyrite
|-damage|p1a: R-Pyrite|30/100
|move|p1a: R-Pyrite|Photon Geyser|p2a: Zamazenta
|-damage|p2a: Zamazenta|0 fnt
|faint|p2a: Zamazenta
|
|upkeep
|
|t:|1776053840
|switch|p2a: Tyranitar|Tyranitar, F|100/100
|-weather|Sandstorm|[from] ability: Sand Stream|[of] p2a: Tyranitar
|turn|12
|
|t:|1776053846
|move|p1a: R-Pyrite|Brick Break|p2a: Tyranitar
|-supereffective|p2a: Tyranitar
|-damage|p2a: Tyranitar|0 fnt
|faint|p2a: Tyranitar
|
|-weather|Sandstorm|[upkeep]
|-damage|p1a: R-Pyrite|24/100|[from] Sandstorm
|upkeep
|
|t:|1776053863
|switch|p2a: Excadrill|Excadrill, F|100/100
|-item|p2a: Excadrill|Air Balloon
|turn|13
|
|t:|1776053868
|move|p2a: Excadrill|Earthquake|p1a: R-Pyrite
|-damage|p1a: R-Pyrite|0 fnt
|faint|p1a: R-Pyrite
|
|-weather|Sandstorm|[upkeep]
|upkeep
|
|t:|1776053872
|switch|p1a: PoyPee|Porygon-Z, shiny|100/100
|turn|14
|
|t:|1776053892
|move|p2a: Excadrill|Earthquake|p1a: PoyPee
|-damage|p1a: PoyPee|32/100
|move|p1a: PoyPee|Tri Attack|p2a: Excadrill
|-resisted|p2a: Excadrill
|-damage|p2a: Excadrill|61/100
|-enditem|p2a: Excadrill|Air Balloon
|
|-weather|Sandstorm|[upkeep]
|-damage|p1a: PoyPee|26/100|[from] Sandstorm
|upkeep
|turn|15
|
|t:|1776053901
|move|p2a: Excadrill|Earthquake|p1a: PoyPee
|-damage|p1a: PoyPee|0 fnt
|faint|p1a: PoyPee
|
|-weather|Sandstorm|[upkeep]
|upkeep
|
|t:|1776053904
|switch|p1a: Babylon|Duraludon, M, shiny|100/100
|turn|16
|
|t:|1776053915
|-terastallize|p1a: Babylon|Flying
|move|p2a: Excadrill|Earthquake|p1a: Babylon
|-immune|p1a: Babylon
|move|p1a: Babylon|Dragon Pulse|p2a: Excadrill
|-resisted|p2a: Excadrill
|-damage|p2a: Excadrill|27/100
|
|-weather|Sandstorm|[upkeep]
|-damage|p1a: Babylon|95/100|[from] Sandstorm
|upkeep
|turn|17
|
|t:|1776053927
|move|p2a: Excadrill|Iron Head|p1a: Babylon
|-damage|p1a: Babylon|67/100
|move|p1a: Babylon|Dragon Pulse|p2a: Excadrill
|-resisted|p2a: Excadrill
|-damage|p2a: Excadrill|0 fnt
|faint|p2a: Excadrill
|
|-weather|Sandstorm|[upkeep]
|-damage|p1a: Babylon|61/100|[from] Sandstorm
|upkeep
|
|t:|1776053940
|switch|p2a: Moltres|Moltres|100/100
|turn|18
|
|t:|1776053943
|move|p1a: Babylon|Thunderbolt|p2a: Moltres
|-supereffective|p2a: Moltres
|-damage|p2a: Moltres|35/100
|move|p2a: Moltres|Flamethrower|p1a: Babylon
|-damage|p1a: Babylon|14/100
|
|-weather|Sandstorm|[upkeep]
|-damage|p1a: Babylon|8/100|[from] Sandstorm
|-damage|p2a: Moltres|29/100|[from] Sandstorm
|upkeep
|turn|19
|
|t:|1776053955
|move|p1a: Babylon|Thunderbolt|p2a: Moltres
|-supereffective|p2a: Moltres
|-damage|p2a: Moltres|0 fnt
|faint|p2a: Moltres
|
|-weather|none
|upkeep
|
|t:|1776053961
|switch|p2a: Slowking|Slowking-Galar, F|100/100
|turn|20
|c|☆kjojon|gg's
|
|t:|1776053975
|move|p1a: Babylon|Dragon Pulse|p2a: Slowking
|-damage|p2a: Slowking|74/100
|move|p2a: Slowking|Ice Beam|p1a: Babylon
|-supereffective|p1a: Babylon
|-damage|p1a: Babylon|0 fnt
|faint|p1a: Babylon
|
|win|Skibidi_Sigma1
|raw|kjojon's rating: 1042 &rarr; <strong>1027</strong><br />(-15 for losing)
|raw|Skibidi_Sigma1's rating: 1074 &rarr; <strong>1100</strong><br />(+26 for winning)
|c|☆Skibidi_Sigma1|gg
