|html|<div class="broadcast-blue"><strong>[Gen 9] OU is currently suspecting Tera Blast! For information on how to participate check out the <a href="https://www.smogon.com/tools/suspects/view/200">suspect thread</a>.</strong></div>
|j|☆sometimesstandard
|j|☆BFromTheMFBay
|t:|1776046444
|gametype|singles
|player|p1|sometimesstandard|1|1470
|player|p2|BFromTheMFBay|265|1452
|gen|9
|tier|[Gen 9] OU
|rated|
|rule|HP Percentage Mod: HP is shown in percentages
|rule|Endless Battle Clause: Forcing endless battles is banned
|rule|Species Clause: Limit one of each Pokémon
|rule|OHKO Clause: OHKO moves are banned
|rule|Evasion Items Clause: Evasion items are banned
|rule|Evasion Moves Clause: Evasion moves are banned
|rule|Evasion Abilities Clause: Evasion abilities are banned
|rule|Sleep Moves Clause: Sleep-inducing moves are banned
|clearpoke
|poke|p1|Heracross, M|
|poke|p1|Dragapult, F|
|poke|p1|Thundurus-Therian, M|
|poke|p1|Primarina, M|
|poke|p1|Espeon, F|
|poke|p1|Arcanine-Hisui, M|
|poke|p2|Primarina, M|
|poke|p2|Great Tusk|
|poke|p2|Enamorus, F|
|poke|p2|Slowking-Galar, M|
|poke|p2|Ogerpon, F|
|poke|p2|Kingambit, M|
|teampreview
|c|☆BFromTheMFBay|hf
|inactive|Battle timer is ON: inactive players will automatically lose when time's up. (requested by BFromTheMFBay)
|
|t:|1776046481
|teamsize|p1|6
|teamsize|p2|6
|start
|switch|p1a: Primarina|Primarina, M|100/100
|switch|p2a: Anonymous|Ogerpon, F|100/100
|turn|1
|
|t:|1776046497
|switch|p1a: Heracross|Heracross, M|100/100
|move|p2a: Anonymous|Ivy Cudgel|p1a: Heracross
|-resisted|p1a: Heracross
|-damage|p1a: Heracross|47/100
|
|upkeep
|turn|2
|
|t:|1776046518
|move|p1a: Heracross|Megahorn|p2a: Anonymous|[miss]
|-miss|p1a: Heracross|p2a: Anonymous
|move|p2a: Anonymous|Ivy Cudgel|p1a: Heracross
|-resisted|p1a: Heracross
|-damage|p1a: Heracross|0 fnt
|faint|p1a: Heracross
|
|upkeep
|c|☆sometimesstandard|u2
|inactive|sometimesstandard has 120 seconds left.
|
|t:|1776046544
|switch|p1a: Thundurus|Thundurus-Therian, M|100/100
|turn|3
|
|t:|1776046561
|move|p2a: Anonymous|Ivy Cudgel|p1a: Thundurus
|-resisted|p1a: Thundurus
|-damage|p1a: Thundurus|49/100
|move|p1a: Thundurus|Volt Switch|p2a: Anonymous
|-resisted|p2a: Anonymous
|-damage|p2a: Anonymous|69/100
|
|t:|1776046573
|switch|p1a: Dragapult|Dragapult, F|100/100|[from] Volt Switch
|
|upkeep
|turn|4
|
|t:|1776046589
|move|p1a: Dragapult|U-turn|p2a: Anonymous
|-supereffective|p2a: Anonymous
|-damage|p2a: Anonymous|0 fnt
|faint|p2a: Anonymous
|inactive|sometimesstandard has 120 seconds left.
|
|t:|1776046613
|switch|p1a: Espeon|Espeon, F|100/100|[from] U-turn
|
|upkeep
|inactive|BFromTheMFBay has 120 seconds left.
|
|t:|1776046629
|switch|p2a: Overgod|Kingambit, M, shiny|100/100
|-activate|p2a: Overgod|ability: Supreme Overlord
|-start|p2a: Overgod|fallen1|[silent]
|turn|5
|inactive|BFromTheMFBay has 120 seconds left.
|
|t:|1776046645
|move|p1a: Espeon|Trick|p2a: Overgod
|-activate|p1a: Espeon|move: Trick|[of] p2a: Overgod
|-item|p2a: Overgod|Choice Scarf|[from] move: Trick
|-item|p1a: Espeon|Leftovers|[from] move: Trick
|move|p2a: Overgod|Iron Head|p1a: Espeon
|-damage|p1a: Espeon|7/100
|
|-heal|p1a: Espeon|13/100|[from] item: Leftovers
|upkeep
|turn|6
|inactive|BFromTheMFBay has 120 seconds left.
|
|t:|1776046663
|-end|p2a: Overgod|fallen1|[silent]
|switch|p2a: Mantra|Slowking-Galar, M, shiny|100/100
|move|p1a: Espeon|Alluring Voice|p2a: Mantra
|-resisted|p2a: Mantra
|-damage|p2a: Mantra|93/100
|
|-heal|p1a: Espeon|19/100|[from] item: Leftovers
|upkeep
|turn|7
|
|t:|1776046679
|move|p1a: Espeon|Shadow Ball|p2a: Mantra
|-supereffective|p2a: Mantra
|-damage|p2a: Mantra|64/100
|move|p2a: Mantra|Sludge Bomb|p1a: Espeon
|-damage|p1a: Espeon|0 fnt
|faint|p1a: Espeon
|
|upkeep
|
|t:|1776046692
|switch|p1a: Arcanine|Arcanine-Hisui, M|100/100
|turn|8
|
|t:|1776046708
|switch|p2a: Behemoth|Great Tusk, shiny|100/100
|move|p1a: Arcanine|Flare Blitz|p2a: Behemoth
|-damage|p2a: Behemoth|33/100
|-damage|p1a: Arcanine|84/100|[from] item: Rocky Helmet|[of] p2a: Behemoth
|
|upkeep
|turn|9
|
|t:|1776046726
|move|p2a: Behemoth|Headlong Rush|p1a: Arcanine
|-supereffective|p1a: Arcanine
|-damage|p1a: Arcanine|0 fnt
|-unboost|p2a: Behemoth|def|1
|-unboost|p2a: Behemoth|spd|1
|faint|p1a: Arcanine
|
|upkeep
|inactive|sometimesstandard has 120 seconds left.
|
|t:|1776046745
|switch|p1a: Dragapult|Dragapult, F|100/100
|turn|10
|inactive|sometimesstandard has 120 seconds left.
|
|t:|1776046765
|-end|p2a: Behemoth|Protosynthesis|[silent]
|switch|p2a: Mantra|Slowking-Galar, M, shiny|97/100
|move|p1a: Dragapult|Dragon Darts|p2a: Mantra
|-damage|p2a: Mantra|72/100
|-anim|p1a: Dragapult|Dragon Darts|p2a: Mantra
|-damage|p2a: Mantra|47/100
|
|upkeep
|turn|11
|inactive|sometimesstandard has 120 seconds left.
|
|t:|1776046785
|switch|p1a: Primarina|Primarina, M|100/100
|switch|p2a: Overgod|Kingambit, M, shiny|100/100
|-activate|p2a: Overgod|ability: Supreme Overlord
|-start|p2a: Overgod|fallen1|[silent]
|
|upkeep
|turn|12
|inactive|BFromTheMFBay has 90 seconds left.
|
|t:|1776046801
|move|p2a: Overgod|Iron Head|p1a: Primarina
|-damage|p1a: Primarina|41/100
|move|p1a: Primarina|Surf|p2a: Overgod
|-damage|p2a: Overgod|51/100
|
|upkeep
|turn|13
|inactive|BFromTheMFBay has 90 seconds left.
|
|t:|1776046819
|-terastallize|p1a: Primarina|Water
|move|p2a: Overgod|Iron Head|p1a: Primarina
|-resisted|p1a: Primarina
|-damage|p1a: Primarina|8/100
|move|p1a: Primarina|Surf|p2a: Overgod
|-damage|p2a: Overgod|0 fnt
|faint|p2a: Overgod
|-end|p2a: Overgod|fallen1|[silent]
|
|upkeep
|
|t:|1776046835
|switch|p2a: Gin|Enamorus, F, shiny|100/100
|turn|14
|
|t:|1776046850
|move|p2a: Gin|Moonblast|p1a: Primarina
|-damage|p1a: Primarina|0 fnt
|faint|p1a: Primarina
|
|upkeep
|inactive|sometimesstandard has 120 seconds left.
|
|t:|1776046862
|switch|p1a: Dragapult|Dragapult, F|100/100
|turn|15
|-message|sometimesstandard forfeited.
|
|win|BFromTheMFBay
|raw|sometimesstandard's rating: 1470 &rarr; <strong>1449</strong><br />(-21 for losing)
|raw|BFromTheMFBay's rating: 1452 &rarr; <strong>1473</strong><br />(+21 for winning)
|l|☆sometimesstandard
|player|p1|
|c|☆BFromTheMFBay|gg
|l|☆BFromTheMFBay
|player|p2|
