|html|<div class="broadcast-blue"><strong>[Gen 9] OU is currently suspecting Tera Blast! For information on how to participate check out the <a href="https://www.smogon.com/tools/suspects/view/200">suspect thread</a>.</strong></div>
|j|☆xRikox
|j|☆HildaBeast23
|t:|1776058564
|gametype|singles
|player|p1|xRikox|swimmerf|1072
|player|p2|HildaBeast23|1|1083
|gen|9
|tier|[Gen 9] OU
|rated|
|rule|HP Percentage Mod: HP is shown in percentages
|rule|Endless Battle Clause: Forcing endless battles is banned
|rule|Species Clause: Limit one of each Pokémon
|rule|OHKO Clause: OHKO moves are banned
|rule|Evasion Items Clause: Evasion items are banned
|rule|Evasion Moves Clause: Evasion moves are banned
|rule|Evasion Abilities Clause: Evasion abilities are banned
|rule|Sleep Moves Clause: Sleep-inducing moves are banned
|clearpoke
|poke|p1|Toxapex, F|
|poke|p1|Gliscor, F|
|poke|p1|Cinderace, F|
|poke|p1|Blissey, F|
|poke|p1|Dragapult, F|
|poke|p1|Mimikyu, F|
|poke|p2|Zoroark, M|
|poke|p2|Flygon, M|
|poke|p2|Galvantula, M|
|poke|p2|Lapras, M|
|poke|p2|Tsareena, F|
|poke|p2|Grafaiai, M|
|teampreview
|j| ohko_smeargle
|inactive|Battle timer is ON: inactive players will automatically lose when time's up. (requested by xRikox)
|
|t:|1776058578
|teamsize|p1|6
|teamsize|p2|6
|start
|switch|p1a: Mimikyu|Mimikyu, F|100/100
|switch|p2a: Flygon|Flygon, M|100/100
|turn|1
|
|t:|1776058593
|switch|p2a: Lapras|Lapras, M|100/100
|move|p1a: Mimikyu|Swords Dance|p1a: Mimikyu
|-boost|p1a: Mimikyu|atk|2
|
|upkeep
|turn|2
|
|t:|1776058600
|move|p1a: Mimikyu|Swords Dance|p1a: Mimikyu
|-boost|p1a: Mimikyu|atk|2
|move|p2a: Lapras|Chilling Water|p1a: Mimikyu
|-activate|p1a: Mimikyu|ability: Disguise
|-damage|p1a: Mimikyu|100/100
|-unboost|p1a: Mimikyu|atk|1
|detailschange|p1a: Mimikyu|Mimikyu-Busted, F
|-damage|p1a: Mimikyu|88/100|[from] pokemon: Mimikyu-Busted
|
|upkeep
|turn|3
|
|t:|1776058613
|move|p1a: Mimikyu|Shadow Sneak|p2a: Lapras
|-damage|p2a: Lapras|67/100
|move|p2a: Lapras|Perish Song|p2a: Lapras
|-start|p1a: Mimikyu|perish3|[silent]
|-start|p2a: Lapras|perish3|[silent]
|-fieldactivate|move: Perish Song
|
|-heal|p2a: Lapras|74/100|[from] item: Leftovers
|-start|p1a: Mimikyu|perish3
|-start|p2a: Lapras|perish3
|upkeep
|turn|4
|
|t:|1776058632
|-terastallize|p1a: Mimikyu|Ghost
|move|p1a: Mimikyu|Swords Dance|p1a: Mimikyu
|-boost|p1a: Mimikyu|atk|2
|move|p2a: Lapras|Life Dew|p2a: Lapras
|-heal|p2a: Lapras|99/100
|
|-heal|p2a: Lapras|100/100|[from] item: Leftovers
|-start|p1a: Mimikyu|perish2
|-start|p2a: Lapras|perish2
|upkeep
|turn|5
|
|t:|1776058647
|move|p1a: Mimikyu|Shadow Sneak|p2a: Lapras
|-damage|p2a: Lapras|40/100
|move|p2a: Lapras|Life Dew|p2a: Lapras
|-heal|p2a: Lapras|66/100
|
|-heal|p2a: Lapras|72/100|[from] item: Leftovers
|-start|p1a: Mimikyu|perish1
|-start|p2a: Lapras|perish1
|upkeep
|turn|6
|
|t:|1776058662
|switch|p1a: Cinderace|Cinderace, F|100/100
|switch|p2a: Grafaiai|Grafaiai, M|100/100
|
|upkeep
|turn|7
|
|t:|1776058677
|move|p2a: Grafaiai|Parting Shot|p1a: Cinderace
|-unboost|p1a: Cinderace|atk|1
|-unboost|p1a: Cinderace|spa|1
|
|t:|1776058681
|switch|p2a: Flygon|Flygon, M|100/100|[from] Parting Shot
|move|p1a: Cinderace|Pyro Ball|p2a: Flygon
|-resisted|p2a: Flygon
|-damage|p2a: Flygon|69/100
|-status|p2a: Flygon|brn
|-damage|p1a: Cinderace|91/100|[from] item: Life Orb
|
|-damage|p2a: Flygon|62/100 brn|[from] brn
|upkeep
|turn|8
|
|t:|1776058703
|switch|p1a: Gliscor|Gliscor, F|100/100
|move|p2a: Flygon|Dragon Dance|p2a: Flygon
|-boost|p2a: Flygon|atk|1
|-boost|p2a: Flygon|spe|1
|
|-damage|p2a: Flygon|56/100 brn|[from] brn
|-status|p1a: Gliscor|tox|[from] item: Toxic Orb
|upkeep
|turn|9
|
|t:|1776058715
|switch|p2a: Lapras|Lapras, M|72/100
|move|p1a: Gliscor|Poison Jab|p2a: Lapras
|-damage|p2a: Lapras|56/100
|
|-heal|p2a: Lapras|62/100|[from] item: Leftovers
|upkeep
|turn|10
|
|t:|1776058724
|move|p1a: Gliscor|Toxic Spikes|p2a: Lapras
|-sidestart|p2: HildaBeast23|move: Toxic Spikes
|move|p2a: Lapras|Perish Song|p2a: Lapras
|-start|p1a: Gliscor|perish3|[silent]
|-start|p2a: Lapras|perish3|[silent]
|-fieldactivate|move: Perish Song
|
|-heal|p2a: Lapras|68/100|[from] item: Leftovers
|-start|p1a: Gliscor|perish3
|-start|p2a: Lapras|perish3
|upkeep
|turn|11
|
|t:|1776058735
|move|p1a: Gliscor|Earthquake|p2a: Lapras
|-damage|p2a: Lapras|35/100
|move|p2a: Lapras|Icy Wind|p1a: Gliscor
|-supereffective|p1a: Gliscor
|-damage|p1a: Gliscor|28/100 tox
|-unboost|p1a: Gliscor|spe|1
|
|-heal|p2a: Lapras|42/100|[from] item: Leftovers
|-heal|p1a: Gliscor|41/100 tox|[from] ability: Poison Heal
|-start|p2a: Lapras|perish2
|-start|p1a: Gliscor|perish2
|upkeep
|turn|12
|
|t:|1776058755
|switch|p1a: Toxapex|Toxapex, F|100/100
|move|p2a: Lapras|Life Dew|p2a: Lapras
|-heal|p2a: Lapras|67/100
|
|-heal|p2a: Lapras|73/100|[from] item: Leftovers
|-start|p2a: Lapras|perish1
|upkeep
|turn|13
|
|t:|1776058766
|move|p2a: Lapras|Perish Song|p2a: Lapras
|-start|p1a: Toxapex|perish3|[silent]
|-fieldactivate|move: Perish Song
|move|p1a: Toxapex|Toxic|p2a: Lapras
|-status|p2a: Lapras|tox
|
|-heal|p2a: Lapras|79/100 tox|[from] item: Leftovers
|-damage|p2a: Lapras|73/100 tox|[from] psn
|-start|p2a: Lapras|perish0
|-start|p1a: Toxapex|perish3
|faint|p2a: Lapras
|upkeep
|
|t:|1776058772
|switch|p2a: Grafaiai|Grafaiai, M|100/100
|-sideend|p2: HildaBeast23|move: Toxic Spikes|[of] p2a: Grafaiai
|turn|14
|
|t:|1776058785
|move|p2a: Grafaiai|Knock Off|p1a: Toxapex
|-damage|p1a: Toxapex|82/100
|-enditem|p1a: Toxapex|Leftovers|[from] move: Knock Off|[of] p2a: Grafaiai
|move|p1a: Toxapex|Toxic|p2a: Grafaiai
|-immune|p2a: Grafaiai
|
|-start|p1a: Toxapex|perish2
|upkeep
|turn|15
|
|t:|1776058798
|switch|p1a: Gliscor|Gliscor, F|41/100 tox
|move|p2a: Grafaiai|Knock Off|p1a: Gliscor
|-damage|p1a: Gliscor|21/100 tox
|-enditem|p1a: Gliscor|Toxic Orb|[from] move: Knock Off|[of] p2a: Grafaiai
|
|-heal|p1a: Gliscor|34/100 tox|[from] ability: Poison Heal
|upkeep
|turn|16
|
|t:|1776058812
|move|p2a: Grafaiai|Parting Shot|p1a: Gliscor
|-unboost|p1a: Gliscor|atk|1
|-unboost|p1a: Gliscor|spa|1
|
|t:|1776058821
|switch|p2a: Tsareena|Tsareena, F|100/100|[from] Parting Shot
|move|p1a: Gliscor|Earthquake|p2a: Tsareena
|-resisted|p2a: Tsareena
|-damage|p2a: Tsareena|86/100
|
|-heal|p1a: Gliscor|46/100 tox|[from] ability: Poison Heal
|upkeep
|turn|17
|
|t:|1776058838
|switch|p1a: Dragapult|Dragapult, F|100/100
|move|p2a: Tsareena|Rapid Spin|p1a: Dragapult
|-immune|p1a: Dragapult
|
|upkeep
|turn|18
|
|t:|1776058846
|move|p1a: Dragapult|Dragon Darts|p2a: Tsareena
|-damage|p2a: Tsareena|55/100
|-anim|p1a: Dragapult|Dragon Darts|p2a: Tsareena
|-damage|p2a: Tsareena|26/100
|move|p2a: Tsareena|Triple Axel|p1a: Dragapult
|-supereffective|p1a: Dragapult
|-damage|p1a: Dragapult|78/100
|-supereffective|p1a: Dragapult
|-damage|p1a: Dragapult|42/100
|-supereffective|p1a: Dragapult
|-damage|p1a: Dragapult|0 fnt
|faint|p1a: Dragapult
|-hitcount|p1: Dragapult|3
|
|upkeep
|
|t:|1776058860
|switch|p1a: Mimikyu|Mimikyu-Busted, F, tera:Ghost|88/100
|turn|19
|
|t:|1776058868
|move|p1a: Mimikyu|Swords Dance|p1a: Mimikyu
|-boost|p1a: Mimikyu|atk|2
|move|p2a: Tsareena|Trop Kick|p1a: Mimikyu
|-damage|p1a: Mimikyu|24/100
|-unboost|p1a: Mimikyu|atk|1
|
|upkeep
|turn|20
|
|t:|1776058877
|switch|p2a: Grafaiai|Grafaiai, M|100/100
|move|p1a: Mimikyu|Shadow Sneak|p2a: Grafaiai
|-immune|p2a: Grafaiai
|
|upkeep
|turn|21
|
|t:|1776058888
|move|p2a: Grafaiai|Knock Off|p1a: Mimikyu
|-supereffective|p1a: Mimikyu
|-damage|p1a: Mimikyu|0 fnt
|-enditem|p1a: Mimikyu|Weakness Policy|[from] move: Knock Off|[of] p2a: Grafaiai
|faint|p1a: Mimikyu
|
|upkeep
|
|t:|1776058897
|switch|p1a: Cinderace|Cinderace, F|91/100
|turn|22
|
|t:|1776058922
|move|p2a: Grafaiai|Parting Shot|p1a: Cinderace
|-unboost|p1a: Cinderace|atk|1
|-unboost|p1a: Cinderace|spa|1
|
|t:|1776058928
|switch|p2a: Flygon|Flygon, M|100/100|[from] Parting Shot
|move|p1a: Cinderace|Pyro Ball|p2a: Flygon
|-damage|p2a: Flygon|0 fnt
|replace|p2a: Zoroark|Zoroark, M
|-end|p2a: Zoroark|Illusion
|faint|p2a: Zoroark
|-damage|p1a: Cinderace|81/100|[from] item: Life Orb
|
|upkeep
|
|t:|1776058940
|switch|p2a: Flygon|Flygon, M|56/100 brn
|turn|23
|
|t:|1776058947
|move|p1a: Cinderace|Pyro Ball|p2a: Flygon
|-resisted|p2a: Flygon
|-damage|p2a: Flygon|28/100 brn
|-damage|p1a: Cinderace|71/100|[from] item: Life Orb
|move|p2a: Flygon|Earthquake|p1a: Cinderace
|-supereffective|p1a: Cinderace
|-damage|p1a: Cinderace|10/100
|
|-damage|p2a: Flygon|22/100 brn|[from] brn
|upkeep
|turn|24
|
|t:|1776058958
|move|p1a: Cinderace|Pyro Ball|p2a: Flygon
|-resisted|p2a: Flygon
|-damage|p2a: Flygon|0 fnt
|faint|p2a: Flygon
|-damage|p1a: Cinderace|0 fnt|[from] item: Life Orb
|faint|p1a: Cinderace
|
|upkeep
|
|t:|1776058970
|switch|p1a: Toxapex|Toxapex, F|100/100
|switch|p2a: Grafaiai|Grafaiai, M|100/100
|turn|25
|
|t:|1776058985
|move|p2a: Grafaiai|Parting Shot|p1a: Toxapex
|-unboost|p1a: Toxapex|atk|1
|-unboost|p1a: Toxapex|spa|1
|
|t:|1776058990
|switch|p2a: Tsareena|Tsareena, F|26/100|[from] Parting Shot
|move|p1a: Toxapex|Surf|p2a: Tsareena
|-resisted|p2a: Tsareena
|-damage|p2a: Tsareena|19/100
|-enditem|p2a: Tsareena|Liechi Berry|[eat]
|-boost|p2a: Tsareena|atk|1|[from] item: Liechi Berry
|
|upkeep
|turn|26
|
|t:|1776059001
|move|p1a: Toxapex|Baneful Bunker|p1a: Toxapex
|-singleturn|p1a: Toxapex|move: Protect
|move|p2a: Tsareena|Trop Kick|p1a: Toxapex
|-activate|p1a: Toxapex|move: Protect
|-status|p2a: Tsareena|psn
|
|-damage|p2a: Tsareena|7/100 psn|[from] psn
|upkeep
|turn|27
|
|t:|1776059013
|move|p2a: Tsareena|Trop Kick|p1a: Toxapex
|-damage|p1a: Toxapex|62/100
|-unboost|p1a: Toxapex|atk|1
|move|p1a: Toxapex|Recover|p1a: Toxapex
|-heal|p1a: Toxapex|100/100
|
|-damage|p2a: Tsareena|0 fnt|[from] psn
|faint|p2a: Tsareena
|upkeep
|
|t:|1776059022
|switch|p2a: Galvantula|Galvantula, M|100/100
|turn|28
|
|t:|1776059029
|move|p2a: Galvantula|Energy Ball|p1a: Toxapex
|-damage|p1a: Toxapex|72/100
|move|p1a: Toxapex|Toxic|p2a: Galvantula
|-status|p2a: Galvantula|tox
|
|-damage|p2a: Galvantula|94/100 tox|[from] psn
|upkeep
|turn|29
|
|t:|1776059039
|switch|p2a: Grafaiai|Grafaiai, M|100/100
|move|p1a: Toxapex|Recover|p1a: Toxapex
|-heal|p1a: Toxapex|100/100
|
|upkeep
|turn|30
|
|t:|1776059046
|move|p2a: Grafaiai|Parting Shot|p1a: Toxapex
|-unboost|p1a: Toxapex|atk|1
|-unboost|p1a: Toxapex|spa|1
|
|t:|1776059048
|switch|p2a: Galvantula|Galvantula, M|94/100 tox|[from] Parting Shot
|move|p1a: Toxapex|Surf|p2a: Galvantula
|-damage|p2a: Galvantula|76/100 tox
|
|-damage|p2a: Galvantula|70/100 tox|[from] psn
|upkeep
|turn|31
|
|t:|1776059059
|-terastallize|p2a: Galvantula|Electric
|move|p1a: Toxapex|Baneful Bunker|p1a: Toxapex
|-singleturn|p1a: Toxapex|move: Protect
|move|p2a: Galvantula|Thunder|p1a: Toxapex
|-activate|p1a: Toxapex|move: Protect
|
|-damage|p2a: Galvantula|58/100 tox|[from] psn
|upkeep
|turn|32
|
|t:|1776059073
|switch|p2a: Grafaiai|Grafaiai, M|100/100
|move|p1a: Toxapex|Recover||[still]
|-fail|p1a: Toxapex|heal
|
|upkeep
|turn|33
|
|t:|1776059081
|move|p2a: Grafaiai|Parting Shot|p1a: Toxapex
|-unboost|p1a: Toxapex|atk|1
|-unboost|p1a: Toxapex|spa|1
|
|t:|1776059083
|switch|p2a: Galvantula|Galvantula, M, tera:Electric|58/100 tox|[from] Parting Shot
|move|p1a: Toxapex|Surf|p2a: Galvantula
|-damage|p2a: Galvantula|43/100 tox
|
|-damage|p2a: Galvantula|37/100 tox|[from] psn
|upkeep
|turn|34
|
|t:|1776059093
|move|p1a: Toxapex|Baneful Bunker|p1a: Toxapex
|-singleturn|p1a: Toxapex|move: Protect
|move|p2a: Galvantula|Thunder|p1a: Toxapex
|-activate|p1a: Toxapex|move: Protect
|
|-damage|p2a: Galvantula|25/100 tox|[from] psn
|upkeep
|turn|35
|
|t:|1776059104
|move|p2a: Galvantula|Thunder|p1a: Toxapex
|-supereffective|p1a: Toxapex
|-crit|p1a: Toxapex
|-damage|p1a: Toxapex|0 fnt
|faint|p1a: Toxapex
|
|-damage|p2a: Galvantula|7/100 tox|[from] psn
|upkeep
|
|t:|1776059113
|switch|p1a: Gliscor|Gliscor, F|46/100 tox
|turn|36
|
|t:|1776059117
|switch|p2a: Grafaiai|Grafaiai, M|100/100
|move|p1a: Gliscor|Protect||[still]
|-fail|p1a: Gliscor
|
|-heal|p1a: Gliscor|59/100 tox|[from] ability: Poison Heal
|upkeep
|turn|37
|
|t:|1776059127
|switch|p1a: Blissey|Blissey, F|100/100
|move|p2a: Grafaiai|Knock Off|p1a: Blissey
|-damage|p1a: Blissey|44/100
|-damage|p2a: Grafaiai|84/100|[from] item: Rocky Helmet|[of] p1a: Blissey
|-enditem|p1a: Blissey|Rocky Helmet|[from] move: Knock Off|[of] p2a: Grafaiai
|
|upkeep
|turn|38
|
|t:|1776059139
|move|p1a: Blissey|Protect|p1a: Blissey
|-singleturn|p1a: Blissey|Protect
|move|p2a: Grafaiai|Knock Off|p1a: Blissey
|-activate|p1a: Blissey|move: Protect
|
|upkeep
|turn|39
|
|t:|1776059146
|move|p2a: Grafaiai|Knock Off|p1a: Blissey
|-damage|p1a: Blissey|12/100
|move|p1a: Blissey|Soft-Boiled|p1a: Blissey
|-heal|p1a: Blissey|62/100
|
|upkeep
|turn|40
|
|t:|1776059154
|move|p2a: Grafaiai|Switcheroo|p1a: Blissey
|-activate|p2a: Grafaiai|move: Trick|[of] p1a: Blissey
|-item|p1a: Blissey|Toxic Orb|[from] move: Switcheroo
|-enditem|p2a: Grafaiai|Toxic Orb|[silent]|[from] move: Switcheroo
|move|p1a: Blissey|Seismic Toss|p2a: Grafaiai
|-damage|p2a: Grafaiai|47/100
|
|-status|p1a: Blissey|tox|[from] item: Toxic Orb
|upkeep
|turn|41
|
|t:|1776059164
|move|p2a: Grafaiai|Knock Off|p1a: Blissey
|-damage|p1a: Blissey|7/100 tox
|-enditem|p1a: Blissey|Toxic Orb|[from] move: Knock Off|[of] p2a: Grafaiai
|move|p1a: Blissey|Soft-Boiled|p1a: Blissey
|-heal|p1a: Blissey|57/100 tox
|
|-damage|p1a: Blissey|50/100 tox|[from] psn
|upkeep
|turn|42
|
|t:|1776059177
|move|p2a: Grafaiai|Knock Off|p1a: Blissey
|-damage|p1a: Blissey|18/100 tox
|move|p1a: Blissey|Seismic Toss|p2a: Grafaiai
|-damage|p2a: Grafaiai|9/100
|
|-damage|p1a: Blissey|6/100 tox|[from] psn
|upkeep
|turn|43
|
|t:|1776059187
|move|p2a: Grafaiai|Knock Off|p1a: Blissey
|-damage|p1a: Blissey|0 fnt
|faint|p1a: Blissey
|
|upkeep
|
|t:|1776059192
|switch|p1a: Gliscor|Gliscor, F|59/100 tox
|turn|44
|
|t:|1776059200
|move|p1a: Gliscor|Protect|p1a: Gliscor
|-singleturn|p1a: Gliscor|Protect
|move|p2a: Grafaiai|Knock Off|p1a: Gliscor
|-activate|p1a: Gliscor|move: Protect
|
|-heal|p1a: Gliscor|71/100 tox|[from] ability: Poison Heal
|upkeep
|turn|45
|
|t:|1776059209
|move|p2a: Grafaiai|Knock Off|p1a: Gliscor
|-damage|p1a: Gliscor|56/100 tox
|move|p1a: Gliscor|Earthquake|p2a: Grafaiai
|-supereffective|p2a: Grafaiai
|-damage|p2a: Grafaiai|0 fnt
|faint|p2a: Grafaiai
|
|-heal|p1a: Gliscor|69/100 tox|[from] ability: Poison Heal
|upkeep
|
|t:|1776059215
|switch|p2a: Galvantula|Galvantula, M, tera:Electric|7/100 tox
|turn|46
|
|t:|1776059223
|move|p1a: Gliscor|Protect|p1a: Gliscor
|-singleturn|p1a: Gliscor|Protect
|move|p2a: Galvantula|Energy Ball|p1a: Gliscor
|-activate|p1a: Gliscor|move: Protect
|
|-damage|p2a: Galvantula|1/100 tox|[from] psn
|-heal|p1a: Gliscor|81/100 tox|[from] ability: Poison Heal
|upkeep
|turn|47
|
|t:|1776059239
|move|p2a: Galvantula|Energy Ball|p1a: Gliscor
|-damage|p1a: Gliscor|39/100 tox
|move|p1a: Gliscor|Earthquake|p2a: Galvantula
|-supereffective|p2a: Galvantula
|-damage|p2a: Galvantula|0 fnt
|faint|p2a: Galvantula
|
|win|xRikox
|raw|xRikox's rating: 1072 &rarr; <strong>1102</strong><br />(+30 for winning)
|raw|HildaBeast23's rating: 1083 &rarr; <strong>1060</strong><br />(-23 for losing)
|l| ohko_smeargle
|l|☆HildaBeast23
|player|p2|
|l|☆xRikox
|player|p1|
