|html|<div class="broadcast-blue"><strong>[Gen 9] OU is currently suspecting Volcarona! For information on how to participate check out the <a href="https://www.smogon.com/tools/suspects/view/208">suspect thread</a>.</strong></div>
|j|☆arturohdez
|j|☆Auburn Hills
|t:|1778505794
|gametype|singles
|player|p1|arturohdez|lucas|1758
|player|p2|Auburn Hills|alder|1844
|gen|9
|tier|[Gen 9] OU
|rated|
|rule|HP Percentage Mod: HP is shown in percentages
|rule|Endless Battle Clause: Forcing endless battles is banned
|rule|Species Clause: Limit one of each Pokémon
|rule|OHKO Clause: OHKO moves are banned
|rule|Evasion Items Clause: Evasion items are banned
|rule|Evasion Moves Clause: Evasion moves are banned
|rule|Evasion Abilities Clause: Evasion abilities are banned
|rule|Sleep Moves Clause: Sleep-inducing moves are banned
|clearpoke
|poke|p1|Hatterene, F|
|poke|p1|Dragonite, F|
|poke|p1|Kingambit, M|
|poke|p1|Ogerpon-Cornerstone, F|
|poke|p1|Iron Treads|
|poke|p1|Volcarona, M|
|poke|p2|Iron Moth|
|poke|p2|Umbreon, F|
|poke|p2|Garchomp, F|
|poke|p2|Glimmora, F|
|poke|p2|Gholdengo|
|poke|p2|Dragonite, F|
|teampreview
|
|t:|1778505812
|teamsize|p1|6
|teamsize|p2|6
|start
|switch|p1a: Ogerpon|Ogerpon-Cornerstone, F|100/100
|switch|p2a: Julia Jacklin|Glimmora, F|100/100
|turn|1
|
|t:|1778505821
|move|p1a: Ogerpon|Trailblaze|p2a: Julia Jacklin
|-damage|p2a: Julia Jacklin|63/100
|-boost|p1a: Ogerpon|spe|1
|-activate|p2a: Julia Jacklin|ability: Toxic Debris
|-sidestart|p1: arturohdez|move: Toxic Spikes
|move|p2a: Julia Jacklin|Sludge Wave|p1a: Ogerpon
|-damage|p1a: Ogerpon|39/100
|
|upkeep
|turn|2
|
|t:|1778505829
|switch|p2a: Smino|Gholdengo|100/100
|move|p1a: Ogerpon|Ivy Cudgel|p2a: Smino|[anim] Ivy Cudgel Rock
|-resisted|p2a: Smino
|-damage|p2a: Smino|68/100
|
|upkeep
|turn|3
|
|t:|1778505843
|switch|p1a: Iron Treads|Iron Treads|100/100
|-enditem|p1a: Iron Treads|Booster Energy
|-activate|p1a: Iron Treads|ability: Quark Drive|[fromitem]
|-start|p1a: Iron Treads|quarkdrivespe
|move|p2a: Smino|Make It Rain|p1a: Iron Treads
|-resisted|p1a: Iron Treads
|-damage|p1a: Iron Treads|59/100
|-unboost|p2a: Smino|spa|1
|
|upkeep
|turn|4
|
|t:|1778505852
|switch|p2a: Elucid|Dragonite, F|100/100
|move|p1a: Iron Treads|Rapid Spin|p2a: Elucid
|-damage|p2a: Elucid|92/100
|-boost|p1a: Iron Treads|spe|1
|-sideend|p1: arturohdez|Toxic Spikes|[from] move: Rapid Spin|[of] p1a: Iron Treads
|
|upkeep
|turn|5
|
|t:|1778505856
|switch|p2a: Alvvays|Umbreon, F|100/100
|move|p1a: Iron Treads|Ice Spinner|p2a: Alvvays
|-damage|p2a: Alvvays|80/100
|
|-heal|p2a: Alvvays|86/100|[from] item: Leftovers
|upkeep
|turn|6
|inactive|Battle timer is ON: inactive players will automatically lose when time's up. (requested by arturohdez)
|
|t:|1778505861
|move|p1a: Iron Treads|Stealth Rock|p2a: Alvvays
|-sidestart|p2: Auburn Hills|move: Stealth Rock
|move|p2a: Alvvays|Foul Play|p1a: Iron Treads
|-damage|p1a: Iron Treads|19/100
|
|-heal|p2a: Alvvays|92/100|[from] item: Leftovers
|upkeep
|turn|7
|
|t:|1778505876
|-end|p1a: Iron Treads|Quark Drive|[silent]
|switch|p1a: Volcarona|Volcarona, M|100/100
|move|p2a: Alvvays|Wish|p2a: Alvvays
|
|-heal|p2a: Alvvays|98/100|[from] item: Leftovers
|upkeep
|turn|8
|
|t:|1778505886
|move|p1a: Volcarona|Substitute|p1a: Volcarona
|-start|p1a: Volcarona|Substitute
|-damage|p1a: Volcarona|76/100
|move|p2a: Alvvays|Thunder Wave||[still]
|-fail|p2a: Alvvays
|
|-heal|p2a: Alvvays|100/100|[from] move: Wish|[wisher] Alvvays
|-heal|p1a: Volcarona|82/100|[from] item: Leftovers
|upkeep
|turn|9
|
|t:|1778505891
|switch|p2a: Rat Tally|Garchomp, F|100/100
|-damage|p2a: Rat Tally|94/100|[from] Stealth Rock
|move|p1a: Volcarona|Quiver Dance|p1a: Volcarona
|-boost|p1a: Volcarona|spa|1
|-boost|p1a: Volcarona|spd|1
|-boost|p1a: Volcarona|spe|1
|
|-heal|p1a: Volcarona|88/100|[from] item: Leftovers
|upkeep
|turn|10
|
|t:|1778505898
|move|p1a: Volcarona|Flamethrower|p2a: Rat Tally
|-resisted|p2a: Rat Tally
|-damage|p2a: Rat Tally|48/100
|move|p2a: Rat Tally|Scale Shot|p1a: Volcarona
|-activate|p1a: Volcarona|move: Substitute|[damage]
|-end|p1a: Volcarona|Substitute
|-damage|p1a: Volcarona|66/100
|-damage|p1a: Volcarona|45/100
|-damage|p1a: Volcarona|26/100
|-hitcount|p1a: Volcarona|5
|-unboost|p2a: Rat Tally|def|1
|-boost|p2a: Rat Tally|spe|1
|
|-heal|p1a: Volcarona|32/100|[from] item: Leftovers
|upkeep
|turn|11
|
|t:|1778505915
|move|p2a: Rat Tally|Earthquake|p1a: Volcarona
|-damage|p1a: Volcarona|0 fnt
|faint|p1a: Volcarona
|
|upkeep
|inactive|arturohdez has 120 seconds left.
|
|t:|1778505936
|switch|p1a: Dragonite|Dragonite, F|100/100
|turn|12
|
|t:|1778505940
|move|p1a: Dragonite|Extreme Speed|p2a: Rat Tally
|-damage|p2a: Rat Tally|0 fnt
|-damage|p1a: Dragonite|88/100|[from] ability: Rough Skin|[of] p2a: Rat Tally
|faint|p2a: Rat Tally
|-damage|p1a: Dragonite|78/100|[from] item: Life Orb
|
|upkeep
|
|t:|1778505945
|switch|p2a: Julia Jacklin|Glimmora, F|63/100
|-damage|p2a: Julia Jacklin|51/100|[from] Stealth Rock
|turn|13
|inactive|arturohdez has 120 seconds left.
|
|t:|1778505979
|switch|p1a: Hatterene|Hatterene, F|100/100
|move|p2a: Julia Jacklin|Earth Power|p1a: Hatterene
|-damage|p1a: Hatterene|69/100
|
|upkeep
|turn|14
|inactive|arturohdez has 120 seconds left.
|
|t:|1778505987
|switch|p1a: Iron Treads|Iron Treads|19/100
|move|p2a: Julia Jacklin|Sludge Wave|p1a: Iron Treads
|-immune|p1a: Iron Treads
|
|upkeep
|turn|15
|
|t:|1778505994
|move|p1a: Iron Treads|Earthquake|p2a: Julia Jacklin
|-supereffective|p2a: Julia Jacklin
|-damage|p2a: Julia Jacklin|0 fnt
|-activate|p2a: Julia Jacklin|ability: Toxic Debris
|-sidestart|p1: arturohdez|move: Toxic Spikes
|faint|p2a: Julia Jacklin
|
|upkeep
|
|t:|1778506003
|switch|p2a: Carly Rae|Iron Moth|100/100
|-damage|p2a: Carly Rae|76/100|[from] Stealth Rock
|-enditem|p2a: Carly Rae|Booster Energy
|-activate|p2a: Carly Rae|ability: Quark Drive|[fromitem]
|-start|p2a: Carly Rae|quarkdrivespe
|turn|16
|inactive|arturohdez has 120 seconds left.
|
|t:|1778506030
|-end|p1a: Iron Treads|Quark Drive|[silent]
|switch|p1a: Dragonite|Dragonite, F|78/100
|move|p2a: Carly Rae|Fiery Dance|p1a: Dragonite
|-resisted|p1a: Dragonite
|-damage|p1a: Dragonite|56/100
|-boost|p2a: Carly Rae|spa|1
|
|upkeep
|turn|17
|inactive|arturohdez has 120 seconds left.
|
|t:|1778506037
|move|p1a: Dragonite|Extreme Speed|p2a: Carly Rae
|-damage|p2a: Carly Rae|15/100
|-damage|p1a: Dragonite|46/100|[from] item: Life Orb
|move|p2a: Carly Rae|Dazzling Gleam|p1a: Dragonite
|-supereffective|p1a: Dragonite
|-damage|p1a: Dragonite|0 fnt
|faint|p1a: Dragonite
|
|upkeep
|inactive|arturohdez has 120 seconds left.
|
|t:|1778506048
|switch|p1a: Kingambit|Kingambit, M|100/100
|-activate|p1a: Kingambit|ability: Supreme Overlord
|-start|p1a: Kingambit|fallen2|[silent]
|turn|18
|
|t:|1778506052
|move|p1a: Kingambit|Sucker Punch||[still]
|-fail|p1a: Kingambit
|move|p2a: Carly Rae|Morning Sun|p2a: Carly Rae
|-heal|p2a: Carly Rae|65/100
|
|upkeep
|turn|19
|
|t:|1778506059
|-terastallize|p2a: Carly Rae|Fairy
|move|p2a: Carly Rae|Fiery Dance|p1a: Kingambit
|-supereffective|p1a: Kingambit
|-damage|p1a: Kingambit|0 fnt
|-boost|p2a: Carly Rae|spa|1
|faint|p1a: Kingambit
|-end|p1a: Kingambit|fallen2|[silent]
|
|upkeep
|inactive|arturohdez has 120 seconds left.
|
|t:|1778506074
|switch|p1a: Hatterene|Hatterene, F|69/100
|-status|p1a: Hatterene|psn
|turn|20
|j| rexa2
|
|t:|1778506078
|-terastallize|p1a: Hatterene|Flying
|move|p2a: Carly Rae|Fiery Dance|p1a: Hatterene
|-damage|p1a: Hatterene|0 fnt
|faint|p1a: Hatterene
|
|upkeep
|-message|arturohdez forfeited.
|
|win|Auburn Hills
|raw|arturohdez's rating: 1758 &rarr; <strong>1743</strong><br />(-15 for losing)
|raw|Auburn Hills's rating: 1844 &rarr; <strong>1859</strong><br />(+15 for winning)
|l|☆arturohdez
|player|p1|
|l|☆Auburn Hills
|player|p2|
|l| rexa2
