|html|<div class="broadcast-blue"><strong>[Gen 9] OU is currently suspecting Tera Blast! For information on how to participate check out the <a href="https://www.smogon.com/tools/suspects/view/200">suspect thread</a>.</strong></div>
|j|☆pokemonkorea co kr
|j|☆stuchie
|t:|1776323139
|gametype|singles
|player|p1|pokemonkorea co kr|#bltxrufflets|1411
|player|p2|stuchie|cheryl|1360
|gen|9
|tier|[Gen 9] OU
|rated|
|rule|HP Percentage Mod: HP is shown in percentages
|rule|Endless Battle Clause: Forcing endless battles is banned
|rule|Species Clause: Limit one of each Pokémon
|rule|OHKO Clause: OHKO moves are banned
|rule|Evasion Items Clause: Evasion items are banned
|rule|Evasion Moves Clause: Evasion moves are banned
|rule|Evasion Abilities Clause: Evasion abilities are banned
|rule|Sleep Moves Clause: Sleep-inducing moves are banned
|clearpoke
|poke|p1|Deoxys-Speed|
|poke|p1|Azumarill, F|
|poke|p1|Haxorus, M|
|poke|p1|Rotom-Heat|
|poke|p1|Mimikyu, M|
|poke|p1|Great Tusk|
|poke|p2|Ting-Lu|
|poke|p2|Zamazenta-*|
|poke|p2|Ogerpon-Wellspring, F|
|poke|p2|Dragonite, F|
|poke|p2|Gholdengo|
|poke|p2|Iron Treads|
|teampreview
|inactive|Battle timer is ON: inactive players will automatically lose when time's up. (requested by stuchie)
|
|t:|1776323147
|teamsize|p1|6
|teamsize|p2|6
|start
|switch|p1a: Deoxys|Deoxys-Speed|100/100
|switch|p2a: Ting-Lu|Ting-Lu|100/100
|-ability|p1a: Deoxys|Pressure
|-ability|p2a: Ting-Lu|Vessel of Ruin
|turn|1
|
|t:|1776323155
|move|p1a: Deoxys|Taunt|p2a: Ting-Lu
|-start|p2a: Ting-Lu|move: Taunt
|cant|p2a: Ting-Lu|move: Taunt|Stealth Rock
|
|upkeep
|turn|2
|
|t:|1776323160
|move|p1a: Deoxys|Skill Swap|p2a: Ting-Lu
|-activate|p1a: Deoxys|Skill Swap|Vessel of Ruin|Pressure|[of] p2a: Ting-Lu
|-ability|p2a: Ting-Lu|Pressure
|-ability|p1a: Deoxys|Vessel of Ruin
|move|p2a: Ting-Lu|Ruination|p1a: Deoxys
|-damage|p1a: Deoxys|51/100
|
|upkeep
|turn|3
|inactive|stuchie has 120 seconds left.
|
|t:|1776323208
|switch|p2a: Iron Treads|Iron Treads|100/100
|-item|p2a: Iron Treads|Air Balloon
|move|p1a: Deoxys|Stealth Rock|p2a: Iron Treads
|-sidestart|p2: stuchie|move: Stealth Rock
|
|upkeep
|turn|4
|
|t:|1776323217
|switch|p1a: Great Tusk|Great Tusk|100/100
|-enditem|p1a: Great Tusk|Booster Energy
|-activate|p1a: Great Tusk|ability: Protosynthesis|[fromitem]
|-start|p1a: Great Tusk|protosynthesisatk
|move|p2a: Iron Treads|Knock Off|p1a: Great Tusk
|-resisted|p1a: Great Tusk
|-damage|p1a: Great Tusk|94/100
|
|upkeep
|turn|5
|inactive|stuchie has 90 seconds left.
|
|t:|1776323250
|move|p2a: Iron Treads|Rapid Spin|p1a: Great Tusk
|-damage|p1a: Great Tusk|84/100
|-boost|p2a: Iron Treads|spe|1
|-sideend|p2: stuchie|Stealth Rock|[from] move: Rapid Spin|[of] p2a: Iron Treads
|move|p1a: Great Tusk|Close Combat|p2a: Iron Treads
|-supereffective|p2a: Iron Treads
|-damage|p2a: Iron Treads|0 fnt
|-unboost|p1a: Great Tusk|def|1
|-unboost|p1a: Great Tusk|spd|1
|-enditem|p2a: Iron Treads|Air Balloon
|faint|p2a: Iron Treads
|-end|p2a: Iron Treads|Quark Drive|[silent]
|
|upkeep
|inactive|stuchie has 90 seconds left.
|
|t:|1776323261
|switch|p2a: Gholdengo|Gholdengo|100/100
|turn|6
|inactive|stuchie has 90 seconds left.
|
|t:|1776323285
|-end|p1a: Great Tusk|Protosynthesis|[silent]
|switch|p1a: Deoxys|Deoxys-Speed|51/100
|-ability|p1a: Deoxys|Pressure
|move|p2a: Gholdengo|Shadow Ball|p1a: Deoxys
|-supereffective|p1a: Deoxys
|-damage|p1a: Deoxys|0 fnt
|faint|p1a: Deoxys
|
|upkeep
|
|t:|1776323292
|switch|p1a: Mimikyu|Mimikyu, M|100/100
|turn|7
|inactive|stuchie has 90 seconds left.
|
|t:|1776323301
|switch|p2a: Ting-Lu|Ting-Lu|100/100
|-ability|p2a: Ting-Lu|Vessel of Ruin
|move|p1a: Mimikyu|Swords Dance|p1a: Mimikyu
|-boost|p1a: Mimikyu|atk|2
|
|upkeep
|turn|8
|
|t:|1776323307
|move|p1a: Mimikyu|Play Rough|p2a: Ting-Lu
|-supereffective|p2a: Ting-Lu
|-damage|p2a: Ting-Lu|16/100
|-enditem|p2a: Ting-Lu|Red Card|[of] p1a: Mimikyu
|drag|p1a: Great Tusk|Great Tusk|84/100
|move|p2a: Ting-Lu|Whirlwind|p1a: Great Tusk
|-end|p1a: Great Tusk|Protosynthesis|[silent]
|drag|p1a: Azumarill|Azumarill, F|100/100
|
|upkeep
|turn|9
|inactive|stuchie has 90 seconds left.
|
|t:|1776323345
|move|p1a: Azumarill|Play Rough|p2a: Ting-Lu
|-supereffective|p2a: Ting-Lu
|-damage|p2a: Ting-Lu|0 fnt
|faint|p2a: Ting-Lu
|
|upkeep
|inactive|stuchie has 60 seconds left.
|
|t:|1776323368
|switch|p2a: Zamazenta|Zamazenta|100/100
|-ability|p2a: Zamazenta|Dauntless Shield|boost
|-boost|p2a: Zamazenta|def|1
|turn|10
|
|t:|1776323371
|move|p2a: Zamazenta|Iron Defense|p2a: Zamazenta
|-boost|p2a: Zamazenta|def|2
|move|p1a: Azumarill|Play Rough|p2a: Zamazenta|[miss]
|-miss|p1a: Azumarill|p2a: Zamazenta
|
|upkeep
|turn|11
|
|t:|1776323382
|move|p2a: Zamazenta|Crunch|p1a: Azumarill
|-resisted|p1a: Azumarill
|-damage|p1a: Azumarill|88/100
|move|p1a: Azumarill|Belly Drum|p1a: Azumarill
|-damage|p1a: Azumarill|38/100
|-setboost|p1a: Azumarill|atk|6|[from] move: Belly Drum
|-enditem|p1a: Azumarill|Sitrus Berry|[eat]
|-heal|p1a: Azumarill|63/100|[from] item: Sitrus Berry
|
|upkeep
|turn|12
|inactive|stuchie has 60 seconds left.
|inactive|stuchie has 30 seconds left.
|inactive|stuchie has 20 seconds left.
|
|t:|1776323437
|move|p2a: Zamazenta|Body Press|p1a: Azumarill
|-resisted|p1a: Azumarill
|-damage|p1a: Azumarill|2/100
|move|p1a: Azumarill|Play Rough|p2a: Zamazenta
|-supereffective|p2a: Zamazenta
|-damage|p2a: Zamazenta|0 fnt
|faint|p2a: Zamazenta
|
|upkeep
|inactive|stuchie has 25 seconds left this turn.
|inactive|stuchie has 20 seconds left.
|
|t:|1776323444
|switch|p2a: Ogerpon|Ogerpon-Wellspring, F|100/100
|turn|13
|inactive|stuchie has 30 seconds left this turn.
|
|t:|1776323459
|move|p2a: Ogerpon|Ivy Cudgel|p1a: Azumarill|[anim] Ivy Cudgel Water
|-resisted|p1a: Azumarill
|-damage|p1a: Azumarill|0 fnt
|faint|p1a: Azumarill
|
|upkeep
|
|t:|1776323463
|switch|p1a: Haxorus|Haxorus, M|100/100
|-ability|p1a: Haxorus|Mold Breaker
|turn|14
|inactive|stuchie has 30 seconds left.
|inactive|stuchie has 20 seconds left.
|inactive|stuchie has 15 seconds left.
|inactive|stuchie has 10 seconds left.
|inactive|stuchie has 5 seconds left.
|
|t:|1776323504
|move|p2a: Ogerpon|Taunt|p1a: Haxorus
|-start|p1a: Haxorus|move: Taunt
|move|p1a: Haxorus|Scale Shot|p2a: Ogerpon
|-damage|p2a: Ogerpon|83/100
|-damage|p2a: Ogerpon|66/100
|-damage|p2a: Ogerpon|46/100
|-damage|p2a: Ogerpon|28/100
|-hitcount|p2a: Ogerpon|4
|-unboost|p1a: Haxorus|def|1
|-boost|p1a: Haxorus|spe|1
|
|upkeep
|turn|15
|inactive|stuchie has 15 seconds left this turn.
|inactive|stuchie has 10 seconds left.
|
|t:|1776323509
|move|p1a: Haxorus|Scale Shot|p2a: Ogerpon
|-damage|p2a: Ogerpon|8/100
|-damage|p2a: Ogerpon|0 fnt
|faint|p2a: Ogerpon
|-hitcount|p2: Ogerpon|2
|-unboost|p1a: Haxorus|def|1
|-boost|p1a: Haxorus|spe|1
|
|upkeep
|inactive|stuchie has 15 seconds left this turn.
|inactive|stuchie has 10 seconds left.
|
|t:|1776323516
|switch|p2a: Dragonite|Dragonite, F|100/100
|turn|16
|inactive|stuchie has 20 seconds left this turn.
|
|t:|1776323529
|-terastallize|p2a: Dragonite|Fairy
|move|p1a: Haxorus|Poison Jab|p2a: Dragonite
|-supereffective|p2a: Dragonite
|-crit|p2a: Dragonite
|-damage|p2a: Dragonite|32/100
|move|p2a: Dragonite|Dragon Dance|p2a: Dragonite
|-boost|p2a: Dragonite|atk|1
|-boost|p2a: Dragonite|spe|1
|
|-end|p1a: Haxorus|move: Taunt
|upkeep
|turn|17
|inactive|stuchie has 30 seconds left this turn.
|inactive|stuchie has 20 seconds left.
|
|t:|1776323540
|switch|p2a: Gholdengo|Gholdengo|100/100
|move|p1a: Haxorus|Poison Jab|p2a: Gholdengo
|-immune|p2a: Gholdengo
|
|upkeep
|turn|18
|inactive|stuchie has 30 seconds left this turn.
|
|t:|1776323546
|move|p1a: Haxorus|Scale Shot|p2a: Gholdengo
|-resisted|p2a: Gholdengo
|-crit|p2a: Gholdengo
|-damage|p2a: Gholdengo|88/100
|-resisted|p2a: Gholdengo
|-damage|p2a: Gholdengo|80/100
|-resisted|p2a: Gholdengo
|-damage|p2a: Gholdengo|72/100
|-resisted|p2a: Gholdengo
|-damage|p2a: Gholdengo|63/100
|-hitcount|p2a: Gholdengo|4
|-unboost|p1a: Haxorus|def|1
|-boost|p1a: Haxorus|spe|1
|move|p2a: Gholdengo|Make It Rain|p1a: Haxorus
|-damage|p1a: Haxorus|2/100
|-unboost|p2a: Gholdengo|spa|1
|
|upkeep
|turn|19
|
|t:|1776323554
|move|p1a: Haxorus|Scale Shot|p2a: Gholdengo
|-resisted|p2a: Gholdengo
|-damage|p2a: Gholdengo|55/100
|-resisted|p2a: Gholdengo
|-damage|p2a: Gholdengo|47/100
|-resisted|p2a: Gholdengo
|-damage|p2a: Gholdengo|40/100
|-resisted|p2a: Gholdengo
|-damage|p2a: Gholdengo|31/100
|-hitcount|p2a: Gholdengo|4
|-unboost|p1a: Haxorus|def|1
|-boost|p1a: Haxorus|spe|1
|move|p2a: Gholdengo|Make It Rain|p1a: Haxorus
|-damage|p1a: Haxorus|0 fnt
|-unboost|p2a: Gholdengo|spa|1
|faint|p1a: Haxorus
|
|upkeep
|
|t:|1776323563
|switch|p1a: Rotom|Rotom-Heat|100/100
|turn|20
|
|t:|1776323578
|move|p2a: Gholdengo|Make It Rain|p1a: Rotom
|-resisted|p1a: Rotom
|-damage|p1a: Rotom|89/100
|-unboost|p2a: Gholdengo|spa|1
|move|p1a: Rotom|Substitute|p1a: Rotom
|-start|p1a: Rotom|Substitute
|-damage|p1a: Rotom|64/100
|
|upkeep
|turn|21
|
|t:|1776323581
|move|p2a: Gholdengo|Make It Rain|p1a: Rotom
|-resisted|p1a: Rotom
|-activate|p1a: Rotom|move: Substitute|[damage]
|-unboost|p2a: Gholdengo|spa|1
|move|p1a: Rotom|Nasty Plot|p1a: Rotom
|-boost|p1a: Rotom|spa|2
|
|upkeep
|turn|22
|
|t:|1776323584
|move|p2a: Gholdengo|Make It Rain|p1a: Rotom
|-resisted|p1a: Rotom
|-activate|p1a: Rotom|move: Substitute|[damage]
|-unboost|p2a: Gholdengo|spa|1
|move|p1a: Rotom|Thunderbolt|p2a: Gholdengo
|-damage|p2a: Gholdengo|0 fnt
|faint|p2a: Gholdengo
|
|upkeep
|inactive|stuchie has 60 seconds left.
|-message|stuchie forfeited.
|
|win|pokemonkorea co kr
|raw|pokemonkorea co kr's rating: 1411 &rarr; <strong>1428</strong><br />(+17 for winning)
|raw|stuchie's rating: 1360 &rarr; <strong>1343</strong><br />(-17 for losing)
|l|☆stuchie
|player|p2|
