|html|<div class="broadcast-blue"><strong>[Gen 9] OU is currently suspecting Tera Blast! For information on how to participate check out the <a href="https://www.smogon.com/tools/suspects/view/200">suspect thread</a>.</strong></div>
|j|☆Bien gay444
|j|☆karimero24
|t:|1776054647
|gametype|singles
|player|p1|Bien gay444|firebreather|1106
|player|p2|karimero24|169|1089
|gen|9
|tier|[Gen 9] OU
|rated|
|rule|HP Percentage Mod: HP is shown in percentages
|rule|Endless Battle Clause: Forcing endless battles is banned
|rule|Species Clause: Limit one of each Pokémon
|rule|OHKO Clause: OHKO moves are banned
|rule|Evasion Items Clause: Evasion items are banned
|rule|Evasion Moves Clause: Evasion moves are banned
|rule|Evasion Abilities Clause: Evasion abilities are banned
|rule|Sleep Moves Clause: Sleep-inducing moves are banned
|clearpoke
|poke|p1|Maushold|
|poke|p1|Gholdengo|
|poke|p1|Great Tusk|
|poke|p1|Dragapult, M|
|poke|p1|Kingambit, M|
|poke|p1|Iron Valiant|
|poke|p2|Metagross|
|poke|p2|Ribombee, F|
|poke|p2|Whiscash, F|
|poke|p2|Clodsire, F|
|poke|p2|Dragapult, F|
|poke|p2|Infernape, M|
|teampreview
|
|t:|1776054671
|teamsize|p1|6
|teamsize|p2|6
|start
|switch|p1a: Nordestinos|Maushold, shiny|100/100
|switch|p2a: Ribombee|Ribombee, F, shiny|100/100
|turn|1
|
|t:|1776054677
|-terastallize|p1a: Nordestinos|Normal
|move|p2a: Ribombee|Sticky Web|p1a: Nordestinos
|-sidestart|p1: Bien gay444|move: Sticky Web
|move|p1a: Nordestinos|Population Bomb|p2a: Ribombee
|-damage|p2a: Ribombee|69/100
|-damage|p2a: Ribombee|40/100
|-damage|p2a: Ribombee|12/100
|-hitcount|p2a: Ribombee|3
|
|upkeep
|turn|2
|
|t:|1776054691
|move|p2a: Ribombee|Moonblast|p1a: Nordestinos
|-damage|p1a: Nordestinos|45/100
|-unboost|p1a: Nordestinos|spa|1
|move|p1a: Nordestinos|Population Bomb|p2a: Ribombee
|-damage|p2a: Ribombee|0 fnt
|faint|p2a: Ribombee
|-hitcount|p2: Ribombee|1
|
|upkeep
|
|t:|1776054721
|switch|p2a: Metagross|Metagross, shiny|100/100
|turn|3
|
|t:|1776054730
|switch|p1a: Safado|Dragapult, M|100/100
|-activate|p1a: Safado|move: Sticky Web
|-unboost|p1a: Safado|spe|1
|move|p2a: Metagross|Trailblaze|p1a: Safado
|-resisted|p1a: Safado
|-damage|p1a: Safado|86/100
|-boost|p2a: Metagross|spe|1
|
|upkeep
|turn|4
|
|t:|1776054744
|move|p1a: Safado|Phantom Force||[still]
|-prepare|p1a: Safado|Phantom Force
|move|p2a: Metagross|Knock Off|p1a: Safado|[miss]
|-miss|p2a: Metagross|p1a: Safado
|
|upkeep
|turn|5
|
|t:|1776054757
|move|p1a: Safado|Phantom Force|p2a: Metagross|[from] lockedmove
|-supereffective|p2a: Metagross
|-damage|p2a: Metagross|9/100
|-enditem|p2a: Metagross|Weakness Policy
|-boost|p2a: Metagross|atk|2|[from] item: Weakness Policy
|-boost|p2a: Metagross|spa|2|[from] item: Weakness Policy
|move|p2a: Metagross|Knock Off|p1a: Safado
|-supereffective|p1a: Safado
|-damage|p1a: Safado|0 fnt
|-enditem|p1a: Safado|Choice Band|[from] move: Knock Off|[of] p2a: Metagross
|faint|p1a: Safado
|
|upkeep
|
|t:|1776054769
|switch|p1a: Buster gold|Gholdengo|100/100
|-activate|p1a: Buster gold|move: Sticky Web
|-unboost|p1a: Buster gold|spe|1
|turn|6
|
|t:|1776054773
|move|p2a: Metagross|Knock Off|p1a: Buster gold
|-supereffective|p1a: Buster gold
|-damage|p1a: Buster gold|0 fnt
|-enditem|p1a: Buster gold|Choice Specs|[from] move: Knock Off|[of] p2a: Metagross
|faint|p1a: Buster gold
|
|upkeep
|
|t:|1776054781
|switch|p1a: Shogun|Kingambit, M|100/100
|-activate|p1a: Shogun|move: Sticky Web
|-unboost|p1a: Shogun|spe|1
|-activate|p1a: Shogun|ability: Supreme Overlord
|-start|p1a: Shogun|fallen2|[silent]
|turn|7
|
|t:|1776054794
|move|p1a: Shogun|Sucker Punch|p2a: Metagross
|-supereffective|p2a: Metagross
|-damage|p2a: Metagross|0 fnt
|faint|p2a: Metagross
|
|upkeep
|
|t:|1776054807
|switch|p2a: Infernape|Infernape, M, shiny|100/100
|turn|8
|
|t:|1776054820
|-end|p1a: Shogun|fallen2|[silent]
|switch|p1a: Espada shin|Iron Valiant|100/100
|-activate|p1a: Espada shin|move: Sticky Web
|-unboost|p1a: Espada shin|spe|1
|-enditem|p1a: Espada shin|Booster Energy
|-activate|p1a: Espada shin|ability: Quark Drive|[fromitem]
|-start|p1a: Espada shin|quarkdrivespa
|move|p2a: Infernape|Drain Punch|p1a: Espada shin
|-resisted|p1a: Espada shin
|-crit|p1a: Espada shin
|-damage|p1a: Espada shin|49/100
|-damage|p2a: Infernape|91/100|[from] item: Life Orb
|
|upkeep
|turn|9
|
|t:|1776054837
|-terastallize|p2a: Infernape|Fire
|move|p2a: Infernape|Drain Punch|p1a: Espada shin
|-resisted|p1a: Espada shin
|-damage|p1a: Espada shin|14/100
|-heal|p2a: Infernape|100/100|[from] drain|[of] p1a: Espada shin
|-damage|p2a: Infernape|91/100|[from] item: Life Orb
|move|p1a: Espada shin|Psyshock|p2a: Infernape
|-damage|p2a: Infernape|37/100
|
|upkeep
|turn|10
|
|t:|1776054848
|move|p2a: Infernape|Drain Punch|p1a: Espada shin
|-resisted|p1a: Espada shin
|-damage|p1a: Espada shin|0 fnt
|-heal|p2a: Infernape|44/100|[from] drain|[of] p1a: Espada shin
|faint|p1a: Espada shin
|-end|p1a: Espada shin|Quark Drive|[silent]
|-damage|p2a: Infernape|34/100|[from] item: Life Orb
|
|upkeep
|
|t:|1776054855
|switch|p1a: Suamãe|Great Tusk, shiny|100/100
|-activate|p1a: Suamãe|move: Sticky Web
|-unboost|p1a: Suamãe|spe|1
|turn|11
|
|t:|1776054860
|move|p2a: Infernape|Knock Off|p1a: Suamãe
|-resisted|p1a: Suamãe
|-damage|p1a: Suamãe|86/100
|-enditem|p1a: Suamãe|Leftovers|[from] move: Knock Off|[of] p2a: Infernape
|-damage|p2a: Infernape|24/100|[from] item: Life Orb
|move|p1a: Suamãe|Headlong Rush|p2a: Infernape
|-supereffective|p2a: Infernape
|-damage|p2a: Infernape|0 fnt
|-unboost|p1a: Suamãe|def|1
|-unboost|p1a: Suamãe|spd|1
|faint|p2a: Infernape
|
|upkeep
|
|t:|1776054872
|switch|p2a: Clodsire|Clodsire, F, shiny|100/100
|turn|12
|
|t:|1776054876
|move|p1a: Suamãe|Ice Spinner|p2a: Clodsire
|-supereffective|p2a: Clodsire
|-damage|p2a: Clodsire|36/100
|move|p2a: Clodsire|Toxic|p1a: Suamãe
|-status|p1a: Suamãe|tox
|
|-heal|p2a: Clodsire|42/100|[from] item: Black Sludge
|-damage|p1a: Suamãe|80/100 tox|[from] psn
|upkeep
|turn|13
|
|t:|1776054886
|switch|p2a: Whiscash|Whiscash, F|100/100
|move|p1a: Suamãe|Ice Spinner|p2a: Whiscash
|-damage|p2a: Whiscash|81/100
|
|-heal|p2a: Whiscash|87/100|[from] item: Leftovers
|-damage|p1a: Suamãe|68/100 tox|[from] psn
|upkeep
|turn|14
|
|t:|1776054902
|move|p1a: Suamãe|Ice Spinner|p2a: Whiscash
|-damage|p2a: Whiscash|68/100
|move|p2a: Whiscash|Spikes|p1a: Suamãe
|-sidestart|p1: Bien gay444|Spikes
|
|-heal|p2a: Whiscash|74/100|[from] item: Leftovers
|-damage|p1a: Suamãe|49/100 tox|[from] psn
|upkeep
|turn|15
|
|t:|1776054914
|move|p1a: Suamãe|Ice Spinner|p2a: Whiscash
|-damage|p2a: Whiscash|55/100
|move|p2a: Whiscash|Spikes|p1a: Suamãe
|-sidestart|p1: Bien gay444|Spikes
|
|-heal|p2a: Whiscash|61/100|[from] item: Leftovers
|-damage|p1a: Suamãe|24/100 tox|[from] psn
|upkeep
|turn|16
|
|t:|1776054926
|move|p1a: Suamãe|Ice Spinner|p2a: Whiscash
|-damage|p2a: Whiscash|40/100
|move|p2a: Whiscash|Spikes|p1a: Suamãe
|-sidestart|p1: Bien gay444|Spikes
|
|-heal|p2a: Whiscash|46/100|[from] item: Leftovers
|-damage|p1a: Suamãe|0 fnt|[from] psn
|faint|p1a: Suamãe
|-end|p1a: Suamãe|Protosynthesis|[silent]
|upkeep
|
|t:|1776054929
|switch|p1a: Nordestinos|Maushold, shiny, tera:Normal|45/100
|-activate|p1a: Nordestinos|move: Sticky Web
|-unboost|p1a: Nordestinos|spe|1
|-damage|p1a: Nordestinos|21/100|[from] Spikes
|turn|17
|
|t:|1776054941
|move|p1a: Nordestinos|Population Bomb|p2a: Whiscash|[miss]
|-miss|p1a: Nordestinos|p2a: Whiscash
|move|p2a: Whiscash|Stealth Rock|p1a: Nordestinos
|-sidestart|p1: Bien gay444|move: Stealth Rock
|
|-heal|p2a: Whiscash|52/100|[from] item: Leftovers
|upkeep
|turn|18
|
|t:|1776054952
|move|p1a: Nordestinos|Population Bomb|p2a: Whiscash
|-damage|p2a: Whiscash|42/100
|-damage|p2a: Whiscash|30/100
|-damage|p2a: Whiscash|20/100
|-damage|p2a: Whiscash|10/100
|-damage|p2a: Whiscash|0 fnt
|faint|p2a: Whiscash
|-hitcount|p2: Whiscash|5
|
|upkeep
|
|t:|1776054967
|switch|p2a: Dragapult|Dragapult, F|100/100
|turn|19
|
|t:|1776054977
|move|p2a: Dragapult|Flamethrower|p1a: Nordestinos
|-damage|p1a: Nordestinos|0 fnt
|faint|p1a: Nordestinos
|
|upkeep
|
|t:|1776054980
|switch|p1a: Shogun|Kingambit, M|100/100
|-activate|p1a: Shogun|move: Sticky Web
|-unboost|p1a: Shogun|spe|1
|-damage|p1a: Shogun|75/100|[from] Spikes
|-damage|p1a: Shogun|69/100|[from] Stealth Rock
|-activate|p1a: Shogun|ability: Supreme Overlord
|-start|p1a: Shogun|fallen5|[silent]
|turn|20
|
|t:|1776054987
|move|p1a: Shogun|Sucker Punch|p2a: Dragapult
|-supereffective|p2a: Dragapult
|-damage|p2a: Dragapult|0 fnt
|faint|p2a: Dragapult
|
|upkeep
|
|t:|1776054992
|switch|p2a: Clodsire|Clodsire, F, shiny|42/100
|turn|21
|
|t:|1776055001
|move|p1a: Shogun|Sucker Punch||[still]
|-fail|p1a: Shogun
|move|p2a: Clodsire|Recover|p2a: Clodsire
|-heal|p2a: Clodsire|92/100
|
|-heal|p2a: Clodsire|98/100|[from] item: Black Sludge
|upkeep
|turn|22
|
|t:|1776055010
|move|p1a: Shogun|Kowtow Cleave|p2a: Clodsire
|-damage|p2a: Clodsire|0 fnt
|faint|p2a: Clodsire
|
|win|Bien gay444
|raw|Bien gay444's rating: 1106 &rarr; <strong>1130</strong><br />(+24 for winning)
|raw|karimero24's rating: 1089 &rarr; <strong>1067</strong><br />(-22 for losing)
|l|☆karimero24
|player|p2|
|l|☆Bien gay444
|player|p1|
