|html|<div class="broadcast-blue"><strong>[Gen 9] OU is currently suspecting Tera Blast! For information on how to participate check out the <a href="https://www.smogon.com/tools/suspects/view/200">suspect thread</a>.</strong></div>
|j|☆SempervivumSunwave
|j|☆TJinthehouse2007
|t:|1776035510
|gametype|singles
|player|p1|SempervivumSunwave|veteranf|1228
|player|p2|TJinthehouse2007|wallace|1297
|gen|9
|tier|[Gen 9] OU
|rated|
|rule|HP Percentage Mod: HP is shown in percentages
|rule|Endless Battle Clause: Forcing endless battles is banned
|rule|Species Clause: Limit one of each Pokémon
|rule|OHKO Clause: OHKO moves are banned
|rule|Evasion Items Clause: Evasion items are banned
|rule|Evasion Moves Clause: Evasion moves are banned
|rule|Evasion Abilities Clause: Evasion abilities are banned
|rule|Sleep Moves Clause: Sleep-inducing moves are banned
|clearpoke
|poke|p1|Primarina, F|
|poke|p1|Glimmora, F|
|poke|p1|Dragapult, F|
|poke|p1|Corviknight, F|
|poke|p1|Grimmsnarl, M|
|poke|p1|Ceruledge, M|
|poke|p2|Tatsugiri, F|
|poke|p2|Ogerpon, F|
|poke|p2|Iron Valiant|
|poke|p2|Kingambit, M|
|poke|p2|Iron Moth|
|poke|p2|Gliscor, F|
|teampreview
|inactive|Battle timer is ON: inactive players will automatically lose when time's up. (requested by SempervivumSunwave)
|
|t:|1776035557
|teamsize|p1|6
|teamsize|p2|6
|start
|switch|p1a: Glimmora|Glimmora, F|100/100
|switch|p2a: Tatsugiri|Tatsugiri, F|100/100
|turn|1
|
|t:|1776035560
|move|p2a: Tatsugiri|Hydro Pump|p1a: Glimmora
|-supereffective|p1a: Glimmora
|-enditem|p1a: Glimmora|Focus Sash
|-damage|p1a: Glimmora|1/100
|move|p1a: Glimmora|Sludge Bomb|p2a: Tatsugiri
|-damage|p2a: Tatsugiri|41/100
|
|upkeep
|turn|2
|
|t:|1776035566
|switch|p1a: Primarina|Primarina, F, shiny|100/100
|move|p2a: Tatsugiri|Hydro Pump|p1a: Primarina
|-resisted|p1a: Primarina
|-damage|p1a: Primarina|77/100
|
|-heal|p1a: Primarina|83/100|[from] item: Leftovers
|upkeep
|turn|3
|
|t:|1776035589
|switch|p2a: Ogerpon|Ogerpon, F|100/100
|move|p1a: Primarina|Calm Mind|p1a: Primarina
|-boost|p1a: Primarina|spa|1
|-boost|p1a: Primarina|spd|1
|
|-heal|p1a: Primarina|89/100|[from] item: Leftovers
|upkeep
|turn|4
|
|t:|1776035604
|switch|p1a: Glimmora|Glimmora, F|1/100
|move|p2a: Ogerpon|Ivy Cudgel|p1a: Glimmora
|-damage|p1a: Glimmora|0 fnt
|-activate|p1a: Glimmora|ability: Toxic Debris
|-sidestart|p2: TJinthehouse2007|move: Toxic Spikes
|faint|p1a: Glimmora
|
|upkeep
|
|t:|1776035611
|switch|p1a: Ceruledge|Ceruledge, M|100/100
|turn|5
|inactive|TJinthehouse2007 has 120 seconds left.
|
|t:|1776035645
|switch|p2a: Iron Moth|Iron Moth|100/100
|-sideend|p2: TJinthehouse2007|move: Toxic Spikes|[of] p2a: Iron Moth
|move|p1a: Ceruledge|Swords Dance|p1a: Ceruledge
|-boost|p1a: Ceruledge|atk|2
|
|upkeep
|turn|6
|inactive|TJinthehouse2007 has 120 seconds left.
|
|t:|1776035652
|move|p2a: Iron Moth|Sludge Wave|p1a: Ceruledge
|-resisted|p1a: Ceruledge
|-damage|p1a: Ceruledge|62/100
|-damage|p2a: Iron Moth|91/100|[from] item: Life Orb
|move|p1a: Ceruledge|Psycho Cut|p2a: Iron Moth
|-supereffective|p2a: Iron Moth
|-damage|p2a: Iron Moth|0 fnt
|faint|p2a: Iron Moth
|-end|p2a: Iron Moth|Quark Drive|[silent]
|
|upkeep
|inactive|TJinthehouse2007 has 120 seconds left.
|
|t:|1776035660
|switch|p2a: Gliscor|Gliscor, F|100/100
|turn|7
|inactive|TJinthehouse2007 has 120 seconds left.
|
|t:|1776035671
|move|p1a: Ceruledge|Bitter Blade|p2a: Gliscor
|-damage|p2a: Gliscor|26/100
|-heal|p1a: Ceruledge|100/100|[from] drain|[of] p2a: Gliscor
|move|p2a: Gliscor|Knock Off|p1a: Ceruledge
|-supereffective|p1a: Ceruledge
|-damage|p1a: Ceruledge|38/100
|-ability|p1a: Ceruledge|Weak Armor|boost
|-unboost|p1a: Ceruledge|def|1
|-boost|p1a: Ceruledge|spe|2
|-enditem|p1a: Ceruledge|Focus Sash|[from] move: Knock Off|[of] p2a: Gliscor
|
|-status|p2a: Gliscor|tox|[from] item: Toxic Orb
|upkeep
|turn|8
|inactive|TJinthehouse2007 has 120 seconds left.
|
|t:|1776035689
|move|p1a: Ceruledge|Bitter Blade|p2a: Gliscor
|-damage|p2a: Gliscor|0 fnt
|-heal|p1a: Ceruledge|54/100|[from] drain|[of] p2a: Gliscor
|faint|p2a: Gliscor
|
|upkeep
|
|t:|1776035697
|switch|p2a: Kingambit|Kingambit, M|100/100
|-activate|p2a: Kingambit|ability: Supreme Overlord
|-start|p2a: Kingambit|fallen2|[silent]
|turn|9
|inactive|TJinthehouse2007 has 120 seconds left.
|
|t:|1776035710
|move|p2a: Kingambit|Sucker Punch|p1a: Ceruledge
|-supereffective|p1a: Ceruledge
|-damage|p1a: Ceruledge|0 fnt
|faint|p1a: Ceruledge
|
|upkeep
|
|t:|1776035714
|switch|p1a: Grimmsnarl|Grimmsnarl, M|100/100
|turn|10
|
|t:|1776035717
|move|p2a: Kingambit|Iron Head|p1a: Grimmsnarl
|-supereffective|p1a: Grimmsnarl
|-damage|p1a: Grimmsnarl|0 fnt
|faint|p1a: Grimmsnarl
|
|upkeep
|
|t:|1776035720
|switch|p1a: Corviknight|Corviknight, F|100/100
|turn|11
|
|t:|1776035729
|move|p2a: Kingambit|Kowtow Cleave|p1a: Corviknight
|-damage|p1a: Corviknight|41/100
|move|p1a: Corviknight|Bulk Up|p1a: Corviknight
|-boost|p1a: Corviknight|atk|1
|-boost|p1a: Corviknight|def|1
|
|-heal|p1a: Corviknight|47/100|[from] item: Leftovers
|upkeep
|turn|12
|
|t:|1776035734
|move|p2a: Kingambit|Kowtow Cleave|p1a: Corviknight
|-damage|p1a: Corviknight|7/100
|move|p1a: Corviknight|Roost|p1a: Corviknight
|-heal|p1a: Corviknight|57/100
|-singleturn|p1a: Corviknight|move: Roost
|
|-heal|p1a: Corviknight|63/100|[from] item: Leftovers
|upkeep
|turn|13
|
|t:|1776035754
|move|p2a: Kingambit|Swords Dance|p2a: Kingambit
|-boost|p2a: Kingambit|atk|2
|move|p1a: Corviknight|Roost|p1a: Corviknight
|-heal|p1a: Corviknight|100/100
|-singleturn|p1a: Corviknight|move: Roost
|
|upkeep
|turn|14
|
|t:|1776035758
|move|p2a: Kingambit|Kowtow Cleave|p1a: Corviknight
|-damage|p1a: Corviknight|26/100
|move|p1a: Corviknight|Bulk Up|p1a: Corviknight
|-boost|p1a: Corviknight|atk|1
|-boost|p1a: Corviknight|def|1
|
|-heal|p1a: Corviknight|32/100|[from] item: Leftovers
|upkeep
|turn|15
|
|t:|1776035762
|move|p2a: Kingambit|Kowtow Cleave|p1a: Corviknight
|-crit|p1a: Corviknight
|-damage|p1a: Corviknight|0 fnt
|faint|p1a: Corviknight
|
|upkeep
|
|t:|1776035769
|switch|p1a: Dragapult|Dragapult, F, shiny|100/100
|turn|16
|
|t:|1776035774
|-terastallize|p1a: Dragapult|Poison
|move|p2a: Kingambit|Sucker Punch|p1a: Dragapult
|-damage|p1a: Dragapult|0 fnt
|faint|p1a: Dragapult
|
|upkeep
|
|t:|1776035777
|switch|p1a: Primarina|Primarina, F, shiny|89/100
|turn|17
|
|t:|1776035779
|move|p2a: Kingambit|Iron Head|p1a: Primarina
|-damage|p1a: Primarina|0 fnt
|faint|p1a: Primarina
|
|win|TJinthehouse2007
|raw|SempervivumSunwave's rating: 1228 &rarr; <strong>1208</strong><br />(-20 for losing)
|raw|TJinthehouse2007's rating: 1297 &rarr; <strong>1317</strong><br />(+20 for winning)
|l|☆SempervivumSunwave
|player|p1|
|l|☆TJinthehouse2007
|player|p2|
