|html|<div class="broadcast-blue"><strong>[Gen 9] OU is currently suspecting Tera Blast! For information on how to participate check out the <a href="https://www.smogon.com/tools/suspects/view/200">suspect thread</a>.</strong></div>
|j|☆qizrad
|j|☆tuanquewang
|t:|1776169430
|gametype|singles
|player|p1|qizrad|sage|1764
|player|p2|tuanquewang|backersf|1733
|gen|9
|tier|[Gen 9] OU
|rated|
|rule|HP Percentage Mod: HP is shown in percentages
|rule|Endless Battle Clause: Forcing endless battles is banned
|rule|Species Clause: Limit one of each Pokémon
|rule|OHKO Clause: OHKO moves are banned
|rule|Evasion Items Clause: Evasion items are banned
|rule|Evasion Moves Clause: Evasion moves are banned
|rule|Evasion Abilities Clause: Evasion abilities are banned
|rule|Sleep Moves Clause: Sleep-inducing moves are banned
|clearpoke
|poke|p1|Araquanid, F|
|poke|p1|Ceruledge, M|
|poke|p1|Enamorus, F|
|poke|p1|Iron Treads|
|poke|p1|Kingambit, F|
|poke|p1|Pecharunt|
|poke|p2|Slowking-Galar, M|
|poke|p2|Scizor, M|
|poke|p2|Hydrapple, F|
|poke|p2|Cinderace, M|
|poke|p2|Sandy Shocks|
|poke|p2|Alomomola, F|
|teampreview
|inactive|Battle timer is ON: inactive players will automatically lose when time's up. (requested by qizrad)
|inactive|tuanquewang also wants the timer to be on.
|
|t:|1776169444
|teamsize|p1|6
|teamsize|p2|6
|start
|switch|p1a: Goddess|Enamorus, F|100/100
|switch|p2a: Cinderace|Cinderace, M|100/100
|turn|1
|
|t:|1776169450
|switch|p2a: Slowking|Slowking-Galar, M|100/100
|move|p1a: Goddess|Earth Power|p2a: Slowking
|-supereffective|p2a: Slowking
|-damage|p2a: Slowking|37/100
|
|-heal|p2a: Slowking|43/100|[from] item: Black Sludge
|upkeep
|turn|2
|
|t:|1776169459
|switch|p2a: Hydrapple|Hydrapple, F, shiny|100/100
|move|p1a: Goddess|Earth Power|p2a: Hydrapple
|-resisted|p2a: Hydrapple
|-damage|p2a: Hydrapple|74/100
|
|upkeep
|turn|3
|
|t:|1776169483
|switch|p1a: Bewitched|Pecharunt|100/100
|-item|p1a: Bewitched|Air Balloon
|move|p2a: Hydrapple|Leaf Storm|p1a: Bewitched
|-resisted|p1a: Bewitched
|-damage|p1a: Bewitched|37/100
|-unboost|p2a: Hydrapple|spa|2
|-enditem|p1a: Bewitched|Air Balloon
|
|upkeep
|turn|4
|inactive|qizrad has 120 seconds left.
|
|t:|1776169509
|switch|p1a: Nocturne|Ceruledge, M|100/100
|switch|p2a: Slowking|Slowking-Galar, M|76/100
|
|-heal|p2a: Slowking|82/100|[from] item: Black Sludge
|upkeep
|turn|5
|inactive|qizrad has 120 seconds left.
|
|t:|1776169517
|move|p1a: Nocturne|Poltergeist|p2a: Slowking
|-activate|p2a: Slowking|move: Poltergeist|Black Sludge
|-supereffective|p2a: Slowking
|-damage|p2a: Slowking|0 fnt
|faint|p2a: Slowking
|-damage|p1a: Nocturne|91/100|[from] item: Life Orb
|
|upkeep
|
|t:|1776169523
|switch|p2a: Sandy Shocks|Sandy Shocks, shiny|100/100
|turn|6
|inactive|qizrad has 120 seconds left.
|
|t:|1776169545
|switch|p1a: Misty|Araquanid, F|100/100
|move|p2a: Sandy Shocks|Volt Switch|p1a: Misty
|-supereffective|p1a: Misty
|-damage|p1a: Misty|39/100
|
|t:|1776169560
|-end|p2a: Sandy Shocks|Protosynthesis|[silent]
|switch|p2a: Cinderace|Cinderace, M|100/100|[from] Volt Switch
|
|upkeep
|turn|7
|
|t:|1776169566
|move|p2a: Cinderace|Pyro Ball|p1a: Misty
|-damage|p1a: Misty|7/100
|move|p1a: Misty|Surf|p2a: Cinderace
|-supereffective|p2a: Cinderace
|-damage|p2a: Cinderace|0 fnt
|faint|p2a: Cinderace
|
|upkeep
|
|t:|1776169576
|switch|p2a: Scizor|Scizor, M|100/100
|turn|8
|
|t:|1776169580
|switch|p1a: Nocturne|Ceruledge, M|91/100
|move|p2a: Scizor|Bullet Punch|p1a: Nocturne
|-resisted|p1a: Nocturne
|-damage|p1a: Nocturne|58/100
|-ability|p1a: Nocturne|Weak Armor|boost
|-unboost|p1a: Nocturne|def|1
|-boost|p1a: Nocturne|spe|2
|
|upkeep
|turn|9
|
|t:|1776169592
|-terastallize|p2a: Scizor|Steel
|move|p2a: Scizor|Bullet Punch|p1a: Nocturne
|-resisted|p1a: Nocturne
|-damage|p1a: Nocturne|0 fnt
|faint|p1a: Nocturne
|
|upkeep
|
|t:|1776169618
|switch|p1a: Promise|Iron Treads|100/100
|-enditem|p1a: Promise|Booster Energy
|-activate|p1a: Promise|ability: Quark Drive|[fromitem]
|-start|p1a: Promise|quarkdrivespe
|turn|10
|
|t:|1776169626
|switch|p2a: Hydrapple|Hydrapple, F, shiny|100/100
|move|p1a: Promise|Earth Power|p2a: Hydrapple
|-resisted|p2a: Hydrapple
|-damage|p2a: Hydrapple|85/100
|-unboost|p2a: Hydrapple|spd|1
|
|upkeep
|turn|11
|j| nelsoNJ
|j| amazingdirt
|inactive|qizrad has 120 seconds left.
|
|t:|1776169652
|move|p1a: Promise|Stealth Rock|p2a: Hydrapple
|-sidestart|p2: tuanquewang|move: Stealth Rock
|move|p2a: Hydrapple|Hydro Pump|p1a: Promise
|-supereffective|p1a: Promise
|-crit|p1a: Promise
|-damage|p1a: Promise|0 fnt
|faint|p1a: Promise
|-end|p1a: Promise|Quark Drive|[silent]
|
|upkeep
|
|t:|1776169658
|switch|p1a: Misty|Araquanid, F|7/100
|turn|12
|-enditem|p1a: Misty|Custap Berry|[eat]
|-activate|p1a: Misty|item: Custap Berry|[consumed]
|
|t:|1776169664
|move|p1a: Misty|Sticky Web|p2a: Hydrapple
|-sidestart|p2: tuanquewang|move: Sticky Web
|move|p2a: Hydrapple|Hydro Pump|p1a: Misty
|-resisted|p1a: Misty
|-damage|p1a: Misty|0 fnt
|faint|p1a: Misty
|
|upkeep
|
|t:|1776169671
|switch|p1a: Goddess|Enamorus, F|100/100
|turn|13
|
|t:|1776169675
|switch|p2a: Alomomola|Alomomola, F|100/100
|-damage|p2a: Alomomola|88/100|[from] Stealth Rock
|-activate|p2a: Alomomola|move: Sticky Web
|-unboost|p2a: Alomomola|spe|1
|move|p1a: Goddess|Moonblast|p2a: Alomomola
|-damage|p2a: Alomomola|0 fnt
|faint|p2a: Alomomola
|
|upkeep
|
|t:|1776169688
|switch|p2a: Scizor|Scizor, M, tera:Steel|100/100
|-damage|p2a: Scizor|94/100|[from] Stealth Rock
|-activate|p2a: Scizor|move: Sticky Web
|-unboost|p2a: Scizor|spe|1
|turn|14
|
|t:|1776169702
|switch|p1a: Bewitched|Pecharunt|37/100
|move|p2a: Scizor|U-turn|p1a: Bewitched
|-resisted|p1a: Bewitched
|-damage|p1a: Bewitched|26/100
|
|t:|1776169704
|switch|p2a: Sandy Shocks|Sandy Shocks, shiny|100/100|[from] U-turn
|-damage|p2a: Sandy Shocks|94/100|[from] Stealth Rock
|-activate|p2a: Sandy Shocks|move: Sticky Web
|-unboost|p2a: Sandy Shocks|spe|1
|
|upkeep
|turn|15
|
|t:|1776169721
|move|p1a: Bewitched|Destiny Bond|p1a: Bewitched
|-singlemove|p1a: Bewitched|Destiny Bond
|move|p2a: Sandy Shocks|Earth Power|p1a: Bewitched
|-supereffective|p1a: Bewitched
|-damage|p1a: Bewitched|0 fnt
|faint|p1a: Bewitched
|-activate|p1a: Bewitched|move: Destiny Bond
|faint|p2a: Sandy Shocks
|-end|p2a: Sandy Shocks|Protosynthesis|[silent]
|
|upkeep
|l| amazingdirt
|j| amazingdirt
|j| igottimetoplay
|l| igottimetoplay
|inactive|qizrad has 120 seconds left.
|
|t:|1776169748
|switch|p1a: Trouble|Kingambit, F|100/100
|switch|p2a: Scizor|Scizor, M, tera:Steel|94/100
|-activate|p1a: Trouble|ability: Supreme Overlord
|-start|p1a: Trouble|fallen4|[silent]
|-damage|p2a: Scizor|88/100|[from] Stealth Rock
|-activate|p2a: Scizor|move: Sticky Web
|-unboost|p2a: Scizor|spe|1
|turn|16
|inactive|qizrad has 120 seconds left.
|
|t:|1776169766
|-terastallize|p1a: Trouble|Dark
|move|p1a: Trouble|Kowtow Cleave|p2a: Scizor
|-damage|p2a: Scizor|0 fnt
|faint|p2a: Scizor
|
|upkeep
|-message|tuanquewang forfeited.
|
|win|qizrad
|raw|qizrad's rating: 1764 &rarr; <strong>1782</strong><br />(+18 for winning)
|raw|tuanquewang's rating: 1733 &rarr; <strong>1715</strong><br />(-18 for losing)
|l|☆tuanquewang
|player|p2|
|l| amazingdirt
