|html|<div class="broadcast-blue"><strong>[Gen 9] OU is currently suspecting Tera Blast! For information on how to participate check out the <a href="https://www.smogon.com/tools/suspects/view/200">suspect thread</a>.</strong></div>
|j|☆sharkerthantheteal
|j|☆ZHA1
|t:|1776213330
|gametype|singles
|player|p1|sharkerthantheteal|cynthia-gen4|1195
|player|p2|ZHA1|red|1244
|gen|9
|tier|[Gen 9] OU
|rated|
|rule|HP Percentage Mod: HP is shown in percentages
|rule|Endless Battle Clause: Forcing endless battles is banned
|rule|Species Clause: Limit one of each Pokémon
|rule|OHKO Clause: OHKO moves are banned
|rule|Evasion Items Clause: Evasion items are banned
|rule|Evasion Moves Clause: Evasion moves are banned
|rule|Evasion Abilities Clause: Evasion abilities are banned
|rule|Sleep Moves Clause: Sleep-inducing moves are banned
|clearpoke
|poke|p1|Hatterene, F|
|poke|p1|Diancie|
|poke|p1|Ursaluna, F|
|poke|p1|Iron Hands|
|poke|p1|Azumarill, F|
|poke|p1|Armarouge, M|
|poke|p2|Glimmora, F|
|poke|p2|Kingambit, M|
|poke|p2|Dragonite, F|
|poke|p2|Corviknight, F|
|poke|p2|Rotom-Wash|
|poke|p2|Great Tusk|
|teampreview
|
|t:|1776213337
|teamsize|p1|6
|teamsize|p2|6
|start
|switch|p1a: Hatterene|Hatterene, F|100/100
|switch|p2a: Glimmora|Glimmora, F|100/100
|turn|1
|inactive|Battle timer is ON: inactive players will automatically lose when time's up. (requested by ZHA1)
|
|t:|1776213403
|move|p2a: Glimmora|Mortal Spin|p1a: Hatterene
|-supereffective|p1a: Hatterene
|-damage|p1a: Hatterene|87/100
|-status|p1a: Hatterene|psn
|move|p1a: Hatterene|Trick Room|p1a: Hatterene
|-fieldstart|move: Trick Room|[of] p1a: Hatterene
|
|-damage|p1a: Hatterene|75/100 psn|[from] psn
|upkeep
|turn|2
|
|t:|1776213420
|move|p1a: Hatterene|Psychic Terrain|p1a: Hatterene
|-fieldstart|move: Psychic Terrain
|move|p2a: Glimmora|Earth Power|p1a: Hatterene
|-damage|p1a: Hatterene|41/100 psn
|
|-damage|p1a: Hatterene|29/100 psn|[from] psn
|upkeep
|turn|3
|
|t:|1776213426
|move|p1a: Hatterene|Healing Wish|p1a: Hatterene
|faint|p1a: Hatterene
|move|p2a: Glimmora|Earth Power|p1: Hatterene|[notarget]
|-fail|p2a: Glimmora
|
|upkeep
|
|t:|1776213431
|switch|p1a: Armarouge|Armarouge, M|100/100
|turn|4
|
|t:|1776213438
|move|p1a: Armarouge|Expanding Force|p2a: Glimmora
|-supereffective|p2a: Glimmora
|-enditem|p2a: Glimmora|Focus Sash
|-damage|p2a: Glimmora|1/100
|move|p2a: Glimmora|Earth Power|p1a: Armarouge
|-supereffective|p1a: Armarouge
|-damage|p1a: Armarouge|33/100
|-enditem|p1a: Armarouge|Weakness Policy
|-boost|p1a: Armarouge|atk|2|[from] item: Weakness Policy
|-boost|p1a: Armarouge|spa|2|[from] item: Weakness Policy
|
|upkeep
|turn|5
|
|t:|1776213457
|move|p1a: Armarouge|Expanding Force|p2a: Glimmora
|-supereffective|p2a: Glimmora
|-damage|p2a: Glimmora|0 fnt
|faint|p2a: Glimmora
|
|-fieldend|move: Trick Room
|upkeep
|
|t:|1776213466
|switch|p2a: Corviknight|Corviknight, F|100/100
|turn|6
|
|t:|1776213470
|move|p2a: Corviknight|Body Press|p1a: Armarouge
|-resisted|p1a: Armarouge
|-damage|p1a: Armarouge|23/100
|move|p1a: Armarouge|Trick Room|p1a: Armarouge
|-fieldstart|move: Trick Room|[of] p1a: Armarouge
|
|-fieldend|move: Psychic Terrain
|upkeep
|turn|7
|
|t:|1776213480
|switch|p2a: Rotom|Rotom-Wash|100/100
|move|p1a: Armarouge|Armor Cannon|p2a: Rotom
|-resisted|p2a: Rotom
|-damage|p2a: Rotom|14/100
|-unboost|p1a: Armarouge|def|1
|-unboost|p1a: Armarouge|spd|1
|
|upkeep
|turn|8
|
|t:|1776213492
|move|p1a: Armarouge|Expanding Force|p2a: Rotom
|-damage|p2a: Rotom|0 fnt
|faint|p2a: Rotom
|
|upkeep
|
|t:|1776213497
|switch|p2a: Great Tusk|Great Tusk|100/100
|-enditem|p2a: Great Tusk|Booster Energy
|-activate|p2a: Great Tusk|ability: Protosynthesis|[fromitem]
|-start|p2a: Great Tusk|protosynthesisatk
|turn|9
|
|t:|1776213504
|move|p1a: Armarouge|Expanding Force|p2a: Great Tusk
|-supereffective|p2a: Great Tusk
|-damage|p2a: Great Tusk|0 fnt
|faint|p2a: Great Tusk
|-end|p2a: Great Tusk|Protosynthesis|[silent]
|
|upkeep
|
|t:|1776213511
|switch|p2a: Dragonite|Dragonite, F|100/100
|turn|10
|
|t:|1776213517
|-terastallize|p2a: Dragonite|Normal
|move|p2a: Dragonite|Extreme Speed|p1a: Armarouge
|-damage|p1a: Armarouge|0 fnt
|faint|p1a: Armarouge
|
|-fieldend|move: Trick Room
|upkeep
|j| GruesomeLovelies
|
|t:|1776213524
|switch|p1a: Diancie|Diancie|100/100
|turn|11
|
|t:|1776213528
|move|p2a: Dragonite|Dragon Dance|p2a: Dragonite
|-boost|p2a: Dragonite|atk|1
|-boost|p2a: Dragonite|spe|1
|move|p1a: Diancie|Trick Room|p1a: Diancie
|-fieldstart|move: Trick Room|[of] p1a: Diancie
|
|upkeep
|turn|12
|
|t:|1776213534
|move|p1a: Diancie|Diamond Storm|p2a: Dragonite
|-damage|p2a: Dragonite|75/100
|-boost|p1a: Diancie|def|2
|move|p2a: Dragonite|Dragon Dance|p2a: Dragonite
|-boost|p2a: Dragonite|atk|1
|-boost|p2a: Dragonite|spe|1
|
|upkeep
|turn|13
|
|t:|1776213551
|move|p1a: Diancie|Diamond Storm|p2a: Dragonite
|-damage|p2a: Dragonite|25/100
|move|p2a: Dragonite|Earthquake|p1a: Diancie
|-supereffective|p1a: Diancie
|-damage|p1a: Diancie|42/100
|
|upkeep
|turn|14
|
|t:|1776213562
|move|p2a: Dragonite|Extreme Speed|p1a: Diancie
|-resisted|p1a: Diancie
|-damage|p1a: Diancie|25/100
|move|p1a: Diancie|Body Press|p2a: Dragonite
|-supereffective|p2a: Dragonite
|-damage|p2a: Dragonite|0 fnt
|faint|p2a: Dragonite
|
|upkeep
|
|t:|1776213572
|switch|p2a: Kingambit|Kingambit, M|100/100
|-activate|p2a: Kingambit|ability: Supreme Overlord
|-start|p2a: Kingambit|fallen4|[silent]
|turn|15
|
|t:|1776213577
|move|p2a: Kingambit|Sucker Punch|p1a: Diancie
|-resisted|p1a: Diancie
|-damage|p1a: Diancie|10/100
|move|p1a: Diancie|Body Press|p2a: Kingambit
|-supereffective|p2a: Kingambit
|-damage|p2a: Kingambit|0 fnt
|faint|p2a: Kingambit
|-end|p2a: Kingambit|fallen4|[silent]
|
|-fieldend|move: Trick Room
|upkeep
|
|t:|1776213585
|switch|p2a: Corviknight|Corviknight, F|100/100
|turn|16
|
|t:|1776213589
|switch|p1a: Ursaluna|Ursaluna, F|100/100
|move|p2a: Corviknight|Body Press|p1a: Ursaluna
|-supereffective|p1a: Ursaluna
|-damage|p1a: Ursaluna|81/100
|
|-status|p1a: Ursaluna|brn|[from] item: Flame Orb
|upkeep
|turn|17
|
|t:|1776213597
|move|p2a: Corviknight|Iron Defense|p2a: Corviknight
|-boost|p2a: Corviknight|def|2
|move|p1a: Ursaluna|Facade|p2a: Corviknight
|-resisted|p2a: Corviknight
|-damage|p2a: Corviknight|81/100
|-damage|p1a: Ursaluna|64/100 brn|[from] item: Rocky Helmet|[of] p2a: Corviknight
|
|-damage|p1a: Ursaluna|58/100 brn|[from] brn
|upkeep
|turn|18
|
|t:|1776213609
|switch|p1a: Diancie|Diancie|10/100
|-heal|p1a: Diancie|100/100|[from] move: Healing Wish
|move|p2a: Corviknight|Iron Defense|p2a: Corviknight
|-boost|p2a: Corviknight|def|2
|
|upkeep
|turn|19
|
|t:|1776213621
|-terastallize|p1a: Diancie|Fairy
|move|p2a: Corviknight|Body Press|p1a: Diancie
|-resisted|p1a: Diancie
|-damage|p1a: Diancie|79/100
|move|p1a: Diancie|Diamond Storm|p2a: Corviknight
|-damage|p2a: Corviknight|68/100
|-boost|p1a: Diancie|def|2
|
|upkeep
|turn|20
|
|t:|1776213629
|move|p2a: Corviknight|Body Press|p1a: Diancie
|-resisted|p1a: Diancie
|-damage|p1a: Diancie|67/100
|move|p1a: Diancie|Diamond Storm|p2a: Corviknight
|-damage|p2a: Corviknight|55/100
|
|upkeep
|turn|21
|
|t:|1776213635
|move|p2a: Corviknight|Iron Defense|p2a: Corviknight
|-boost|p2a: Corviknight|def|2
|move|p1a: Diancie|Trick Room|p1a: Diancie
|-fieldstart|move: Trick Room|[of] p1a: Diancie
|
|upkeep
|turn|22
|
|t:|1776213642
|move|p1a: Diancie|Diamond Storm|p2a: Corviknight
|-damage|p2a: Corviknight|45/100
|move|p2a: Corviknight|Roost|p2a: Corviknight
|-heal|p2a: Corviknight|95/100
|-singleturn|p2a: Corviknight|move: Roost
|
|upkeep
|turn|23
|
|t:|1776213651
|move|p1a: Diancie|Diamond Storm|p2a: Corviknight
|-damage|p2a: Corviknight|85/100
|move|p2a: Corviknight|Body Press|p1a: Diancie
|-resisted|p1a: Diancie
|-damage|p1a: Diancie|51/100
|
|upkeep
|turn|24
|
|t:|1776213657
|move|p1a: Diancie|Diamond Storm|p2a: Corviknight
|-damage|p2a: Corviknight|74/100
|move|p2a: Corviknight|U-turn|p1a: Diancie
|-resisted|p1a: Diancie
|-damage|p1a: Diancie|48/100
|
|upkeep
|turn|25
|
|t:|1776213675
|move|p1a: Diancie|Body Press|p2a: Corviknight
|-damage|p2a: Corviknight|64/100
|-damage|p1a: Diancie|32/100|[from] item: Rocky Helmet|[of] p2a: Corviknight
|move|p2a: Corviknight|Body Press|p1a: Diancie
|-resisted|p1a: Diancie
|-damage|p1a: Diancie|16/100
|
|-fieldend|move: Trick Room
|upkeep
|turn|26
|
|t:|1776213683
|move|p2a: Corviknight|Body Press|p1a: Diancie
|-resisted|p1a: Diancie
|-damage|p1a: Diancie|2/100
|move|p1a: Diancie|Trick Room|p1a: Diancie
|-fieldstart|move: Trick Room|[of] p1a: Diancie
|
|upkeep
|turn|27
|
|t:|1776213689
|move|p1a: Diancie|Diamond Storm|p2a: Corviknight
|-damage|p2a: Corviknight|54/100
|-boost|p1a: Diancie|def|2
|move|p2a: Corviknight|Body Press|p1a: Diancie
|-resisted|p1a: Diancie
|-crit|p1a: Diancie
|-damage|p1a: Diancie|0 fnt
|faint|p1a: Diancie
|
|upkeep
|
|t:|1776213698
|switch|p1a: Azumarill|Azumarill, F|100/100
|turn|28
|
|t:|1776213704
|move|p1a: Azumarill|Belly Drum|p1a: Azumarill
|-damage|p1a: Azumarill|50/100
|-setboost|p1a: Azumarill|atk|6|[from] move: Belly Drum
|move|p2a: Corviknight|Roost|p2a: Corviknight
|-heal|p2a: Corviknight|100/100
|-singleturn|p2a: Corviknight|move: Roost
|
|upkeep
|turn|29
|
|t:|1776213714
|move|p1a: Azumarill|Liquidation|p2a: Corviknight
|-damage|p2a: Corviknight|52/100
|-damage|p1a: Azumarill|34/100|[from] item: Rocky Helmet|[of] p2a: Corviknight
|move|p2a: Corviknight|Body Press|p1a: Azumarill
|-resisted|p1a: Azumarill
|-damage|p1a: Azumarill|0 fnt
|faint|p1a: Azumarill
|
|upkeep
|
|t:|1776213726
|switch|p1a: Iron Hands|Iron Hands|100/100
|turn|30
|
|t:|1776213732
|move|p1a: Iron Hands|Wild Charge|p2a: Corviknight
|-supereffective|p2a: Corviknight
|-damage|p2a: Corviknight|31/100
|-damage|p1a: Iron Hands|84/100|[from] item: Rocky Helmet|[of] p2a: Corviknight
|-damage|p1a: Iron Hands|79/100|[from] Recoil
|move|p2a: Corviknight|Roost|p2a: Corviknight
|-heal|p2a: Corviknight|81/100
|-singleturn|p2a: Corviknight|move: Roost
|
|-fieldend|move: Trick Room
|upkeep
|turn|31
|
|t:|1776213744
|move|p2a: Corviknight|Roost|p2a: Corviknight
|-heal|p2a: Corviknight|100/100
|-singleturn|p2a: Corviknight|move: Roost
|move|p1a: Iron Hands|Wild Charge|p2a: Corviknight
|-damage|p2a: Corviknight|90/100
|-damage|p1a: Iron Hands|63/100|[from] item: Rocky Helmet|[of] p2a: Corviknight
|-damage|p1a: Iron Hands|60/100|[from] Recoil
|
|upkeep
|turn|32
|
|t:|1776213757
|move|p2a: Corviknight|Body Press|p1a: Iron Hands
|-damage|p1a: Iron Hands|11/100
|move|p1a: Iron Hands|Ice Punch|p2a: Corviknight
|-damage|p2a: Corviknight|84/100
|-damage|p1a: Iron Hands|0 fnt|[from] item: Rocky Helmet|[of] p2a: Corviknight
|faint|p1a: Iron Hands
|-end|p1a: Iron Hands|Quark Drive|[silent]
|
|upkeep
|
|t:|1776213764
|switch|p1a: Ursaluna|Ursaluna, F|58/100 brn
|turn|33
|
|t:|1776213766
|move|p2a: Corviknight|Body Press|p1a: Ursaluna
|-supereffective|p1a: Ursaluna
|-damage|p1a: Ursaluna|0 fnt
|faint|p1a: Ursaluna
|
|win|ZHA1
|raw|sharkerthantheteal's rating: 1195 &rarr; <strong>1174</strong><br />(-21 for losing)
|raw|ZHA1's rating: 1244 &rarr; <strong>1265</strong><br />(+21 for winning)
|c|☆sharkerthantheteal|lol gg
|l|☆ZHA1
|player|p2|
|l|☆sharkerthantheteal
|player|p1|
