|html|<div class="broadcast-blue"><strong>[Gen 9] OU is currently suspecting Tera Blast! For information on how to participate check out the <a href="https://www.smogon.com/tools/suspects/view/200">suspect thread</a>.</strong></div>
|j|☆ninomiya07
|j|☆Aimsss
|t:|1776036607
|gametype|singles
|player|p1|ninomiya07|2|1487
|player|p2|Aimsss|102|1455
|gen|9
|tier|[Gen 9] OU
|rated|
|rule|HP Percentage Mod: HP is shown in percentages
|rule|Endless Battle Clause: Forcing endless battles is banned
|rule|Species Clause: Limit one of each Pokémon
|rule|OHKO Clause: OHKO moves are banned
|rule|Evasion Items Clause: Evasion items are banned
|rule|Evasion Moves Clause: Evasion moves are banned
|rule|Evasion Abilities Clause: Evasion abilities are banned
|rule|Sleep Moves Clause: Sleep-inducing moves are banned
|clearpoke
|poke|p1|Darkrai|
|poke|p1|Great Tusk|
|poke|p1|Alomomola, F|
|poke|p1|Muk-Alola, F|
|poke|p1|Dragapult, F|
|poke|p1|Zapdos-Galar|
|poke|p2|Dragapult, M|
|poke|p2|Kingambit, M|
|poke|p2|Hawlucha, F|
|poke|p2|Glimmora, F|
|poke|p2|Chesnaught, F|
|poke|p2|Gallade, M|
|teampreview
|
|t:|1776036632
|teamsize|p1|6
|teamsize|p2|6
|start
|switch|p1a: Zapdos|Zapdos-Galar|100/100
|switch|p2a: Gallade|Gallade, M, shiny|100/100
|turn|1
|
|t:|1776036641
|switch|p2a: Glimmora|Glimmora, F|100/100
|-item|p2a: Glimmora|Air Balloon
|move|p1a: Zapdos|Brave Bird|p2a: Glimmora
|-resisted|p2a: Glimmora
|-damage|p2a: Glimmora|68/100
|-activate|p2a: Glimmora|ability: Toxic Debris
|-sidestart|p1: ninomiya07|move: Toxic Spikes
|-enditem|p2a: Glimmora|Air Balloon
|-damage|p1a: Zapdos|89/100|[from] Recoil
|
|upkeep
|turn|2
|
|t:|1776036673
|switch|p1a: Muk|Muk-Alola, F|100/100
|-sideend|p1: ninomiya07|move: Toxic Spikes|[of] p1a: Muk
|move|p2a: Glimmora|Energy Ball|p1a: Muk
|-resisted|p1a: Muk
|-damage|p1a: Muk|94/100
|
|upkeep
|turn|3
|
|t:|1776036690
|switch|p1a: Alomomola|Alomomola, F|100/100
|move|p2a: Glimmora|Stealth Rock|p1a: Alomomola
|-sidestart|p1: ninomiya07|move: Stealth Rock
|
|upkeep
|turn|4
|
|t:|1776036696
|move|p2a: Glimmora|Mortal Spin|p1a: Alomomola
|-damage|p1a: Alomomola|98/100
|-status|p1a: Alomomola|psn
|-damage|p2a: Glimmora|51/100|[from] item: Rocky Helmet|[of] p1a: Alomomola
|move|p1a: Alomomola|Flip Turn|p2a: Glimmora
|-supereffective|p2a: Glimmora
|-damage|p2a: Glimmora|16/100
|-activate|p2a: Glimmora|ability: Toxic Debris
|-sidestart|p1: ninomiya07|move: Toxic Spikes
|
|t:|1776036707
|switch|p1a: Muk|Muk-Alola, F|94/100|[from] Flip Turn
|-damage|p1a: Muk|82/100|[from] Stealth Rock
|-sideend|p1: ninomiya07|move: Toxic Spikes|[of] p1a: Muk
|
|upkeep
|turn|5
|
|t:|1776036713
|move|p2a: Glimmora|Sludge Bomb|p1a: Muk
|-resisted|p1a: Muk
|-damage|p1a: Muk|72/100
|move|p1a: Muk|Drain Punch|p2a: Glimmora
|-damage|p2a: Glimmora|0 fnt
|-heal|p1a: Muk|79/100|[from] drain|[of] p2a: Glimmora
|-activate|p2a: Glimmora|ability: Toxic Debris
|-sidestart|p1: ninomiya07|move: Toxic Spikes
|faint|p2a: Glimmora
|
|upkeep
|
|t:|1776036755
|switch|p2a: Dragapult|Dragapult, M|100/100
|turn|6
|
|t:|1776036759
|move|p2a: Dragapult|Will-O-Wisp|p1a: Muk
|-status|p1a: Muk|brn
|move|p1a: Muk|Knock Off|p2a: Dragapult
|-supereffective|p2a: Dragapult
|-damage|p2a: Dragapult|52/100
|-enditem|p2a: Dragapult|Heavy-Duty Boots|[from] move: Knock Off|[of] p1a: Muk
|
|-damage|p1a: Muk|72/100 brn|[from] brn
|upkeep
|turn|7
|
|t:|1776036770
|move|p2a: Dragapult|Hex|p1a: Muk
|-resisted|p1a: Muk
|-damage|p1a: Muk|62/100 brn
|move|p1a: Muk|Poison Jab|p2a: Dragapult
|-resisted|p2a: Dragapult
|-damage|p2a: Dragapult|42/100
|-status|p2a: Dragapult|psn|[from] ability: Poison Touch|[of] p1a: Muk
|
|-damage|p2a: Dragapult|29/100 psn|[from] psn
|-damage|p1a: Muk|56/100 brn|[from] brn
|upkeep
|turn|8
|
|t:|1776036782
|move|p2a: Dragapult|Dragon Darts|p1a: Muk
|-damage|p1a: Muk|33/100 brn
|-anim|p2a: Dragapult|Dragon Darts|p1a: Muk
|-damage|p1a: Muk|11/100 brn
|move|p1a: Muk|Knock Off|p2a: Dragapult
|-supereffective|p2a: Dragapult
|-damage|p2a: Dragapult|0 fnt
|faint|p2a: Dragapult
|
|-damage|p1a: Muk|5/100 brn|[from] brn
|upkeep
|
|t:|1776036802
|switch|p2a: Gallade|Gallade, M, shiny|100/100
|turn|9
|
|t:|1776036818
|move|p2a: Gallade|Agility|p2a: Gallade
|-boost|p2a: Gallade|spe|2
|move|p1a: Muk|Knock Off|p2a: Gallade
|-damage|p2a: Gallade|70/100
|-enditem|p2a: Gallade|Sitrus Berry|[from] move: Knock Off|[of] p1a: Muk
|
|-damage|p1a: Muk|0 fnt|[from] brn
|faint|p1a: Muk
|upkeep
|
|t:|1776036836
|switch|p1a: Alomomola|Alomomola, F|100/100 psn
|-damage|p1a: Alomomola|88/100 psn|[from] Stealth Rock
|turn|10
|
|t:|1776036841
|move|p2a: Gallade|Psycho Cut|p1a: Alomomola
|-damage|p1a: Alomomola|58/100 psn
|move|p1a: Alomomola|Flip Turn|p2a: Gallade
|-damage|p2a: Gallade|41/100
|
|t:|1776036848
|switch|p1a: Great Tusk|Great Tusk|100/100|[from] Flip Turn
|-damage|p1a: Great Tusk|98/100|[from] Stealth Rock
|-status|p1a: Great Tusk|psn
|-enditem|p1a: Great Tusk|Booster Energy
|-activate|p1a: Great Tusk|ability: Protosynthesis|[fromitem]
|-start|p1a: Great Tusk|protosynthesisatk
|
|-damage|p1a: Great Tusk|85/100 psn|[from] psn
|upkeep
|turn|11
|
|t:|1776036868
|-terastallize|p1a: Great Tusk|Fire
|move|p2a: Gallade|Psycho Cut|p1a: Great Tusk
|-damage|p1a: Great Tusk|43/100 psn
|move|p1a: Great Tusk|Headlong Rush|p2a: Gallade
|-damage|p2a: Gallade|0 fnt
|-unboost|p1a: Great Tusk|def|1
|-unboost|p1a: Great Tusk|spd|1
|faint|p2a: Gallade
|
|-damage|p1a: Great Tusk|31/100 psn|[from] psn
|upkeep
|
|t:|1776036882
|switch|p2a: Hawlucha|Hawlucha, F|100/100
|turn|12
|
|t:|1776036892
|move|p2a: Hawlucha|Swords Dance|p2a: Hawlucha
|-boost|p2a: Hawlucha|atk|2
|move|p1a: Great Tusk|Ice Spinner|p2a: Hawlucha
|-supereffective|p2a: Hawlucha
|-damage|p2a: Hawlucha|0 fnt
|faint|p2a: Hawlucha
|
|-damage|p1a: Great Tusk|18/100 psn|[from] psn
|upkeep
|
|t:|1776036905
|switch|p2a: Kingambit|Kingambit, M|100/100
|turn|13
|
|t:|1776036908
|move|p2a: Kingambit|Sucker Punch|p1a: Great Tusk
|-damage|p1a: Great Tusk|0 fnt
|faint|p1a: Great Tusk
|-end|p1a: Great Tusk|Protosynthesis|[silent]
|
|upkeep
|
|t:|1776036914
|switch|p1a: Dragapult|Dragapult, F|100/100
|-damage|p1a: Dragapult|88/100|[from] Stealth Rock
|-status|p1a: Dragapult|psn
|turn|14
|
|t:|1776036919
|move|p1a: Dragapult|Will-O-Wisp|p2a: Kingambit
|-status|p2a: Kingambit|brn
|-enditem|p2a: Kingambit|Rawst Berry|[eat]
|-curestatus|p2a: Kingambit|brn|[msg]
|move|p2a: Kingambit|Substitute|p2a: Kingambit
|-start|p2a: Kingambit|Substitute
|-damage|p2a: Kingambit|76/100
|
|-damage|p1a: Dragapult|76/100 psn|[from] psn
|upkeep
|turn|15
|
|t:|1776036930
|move|p1a: Dragapult|Draco Meteor|p2a: Kingambit
|-resisted|p2a: Kingambit
|-damage|p2a: Kingambit|47/100
|-unboost|p1a: Dragapult|spa|2
|move|p2a: Kingambit|Iron Head|p1a: Dragapult
|-damage|p1a: Dragapult|12/100 psn
|
|-damage|p1a: Dragapult|0 fnt|[from] psn
|faint|p1a: Dragapult
|upkeep
|
|t:|1776036937
|switch|p1a: Alomomola|Alomomola, F|92/100 psn
|-damage|p1a: Alomomola|79/100 psn|[from] Stealth Rock
|turn|16
|
|t:|1776036945
|move|p1a: Alomomola|Scald|p2a: Kingambit
|-activate|p2a: Kingambit|move: Substitute|[damage]
|move|p2a: Kingambit|Swords Dance|p2a: Kingambit
|-boost|p2a: Kingambit|atk|2
|
|-damage|p1a: Alomomola|67/100 psn|[from] psn
|upkeep
|turn|17
|
|t:|1776036957
|move|p2a: Kingambit|Sucker Punch|p1a: Alomomola
|-damage|p1a: Alomomola|23/100 psn
|-damage|p2a: Kingambit|31/100|[from] item: Rocky Helmet|[of] p1a: Alomomola
|move|p1a: Alomomola|Flip Turn|p2a: Kingambit
|-end|p2a: Kingambit|Substitute
|
|t:|1776036961
|switch|p1a: Zapdos|Zapdos-Galar|89/100|[from] Flip Turn
|-damage|p1a: Zapdos|77/100|[from] Stealth Rock
|
|upkeep
|turn|18
|
|t:|1776036985
|move|p2a: Kingambit|Sucker Punch|p1a: Zapdos
|-resisted|p1a: Zapdos
|-damage|p1a: Zapdos|29/100
|move|p1a: Zapdos|Brave Bird|p2a: Kingambit
|-resisted|p2a: Kingambit
|-damage|p2a: Kingambit|7/100
|-damage|p1a: Zapdos|20/100|[from] Recoil
|
|upkeep
|turn|19
|
|t:|1776036993
|move|p2a: Kingambit|Sucker Punch|p1a: Zapdos
|-resisted|p1a: Zapdos
|-damage|p1a: Zapdos|0 fnt
|faint|p1a: Zapdos
|
|upkeep
|
|t:|1776036996
|switch|p1a: Alomomola|Alomomola, F|56/100 psn
|-damage|p1a: Alomomola|44/100 psn|[from] Stealth Rock
|turn|20
|
|t:|1776037002
|move|p1a: Alomomola|Wish|p1a: Alomomola
|move|p2a: Kingambit|Swords Dance|p2a: Kingambit
|-boost|p2a: Kingambit|atk|2
|
|-damage|p1a: Alomomola|32/100 psn|[from] psn
|upkeep
|turn|21
|
|t:|1776037009
|move|p1a: Alomomola|Protect|p1a: Alomomola
|-singleturn|p1a: Alomomola|Protect
|move|p2a: Kingambit|Iron Head|p1a: Alomomola
|-activate|p1a: Alomomola|move: Protect
|
|-heal|p1a: Alomomola|82/100 psn|[from] move: Wish|[wisher] Alomomola
|-damage|p1a: Alomomola|69/100 psn|[from] psn
|upkeep
|turn|22
|
|t:|1776037019
|move|p2a: Kingambit|Sucker Punch|p1a: Alomomola
|-damage|p1a: Alomomola|4/100 psn
|-damage|p2a: Kingambit|0 fnt|[from] item: Rocky Helmet|[of] p1a: Alomomola
|faint|p2a: Kingambit
|move|p1a: Alomomola|Scald|p2: Kingambit|[notarget]
|-fail|p1a: Alomomola
|
|-damage|p1a: Alomomola|0 fnt|[from] psn
|faint|p1a: Alomomola
|upkeep
|
|t:|1776037029
|switch|p1a: Darkrai|Darkrai|100/100
|switch|p2a: Chesnaught|Chesnaught, F|100/100
|-damage|p1a: Darkrai|88/100|[from] Stealth Rock
|-status|p1a: Darkrai|psn
|turn|23
|
|t:|1776037038
|-terastallize|p2a: Chesnaught|Water
|move|p1a: Darkrai|Ice Beam|p2a: Chesnaught
|-resisted|p2a: Chesnaught
|-damage|p2a: Chesnaught|88/100
|move|p2a: Chesnaught|Drain Punch|p1a: Darkrai
|-supereffective|p1a: Darkrai
|-damage|p1a: Darkrai|17/100 psn
|-heal|p2a: Chesnaught|100/100|[from] drain|[of] p1a: Darkrai
|
|-damage|p1a: Darkrai|4/100 psn|[from] psn
|upkeep
|turn|24
|
|t:|1776037050
|move|p1a: Darkrai|Dark Pulse|p2a: Chesnaught
|-damage|p2a: Chesnaught|67/100
|move|p2a: Chesnaught|Leech Seed|p1a: Darkrai
|-start|p1a: Darkrai|move: Leech Seed
|
|-damage|p1a: Darkrai|0 fnt|[from] Leech Seed|[of] p2a: Chesnaught
|-heal|p2a: Chesnaught|70/100|[silent]
|faint|p1a: Darkrai
|
|win|Aimsss
|raw|ninomiya07's rating: 1487 &rarr; <strong>1465</strong><br />(-22 for losing)
|raw|Aimsss's rating: 1455 &rarr; <strong>1477</strong><br />(+22 for winning)
|l|☆ninomiya07
|player|p1|
|l|☆Aimsss
|player|p2|
