|html|<div class="broadcast-blue"><strong>[Gen 9] OU is currently suspecting Tera Blast! For information on how to participate check out the <a href="https://www.smogon.com/tools/suspects/view/200">suspect thread</a>.</strong></div>
|j|☆Shattersong
|j|☆Flinch Burninand
|t:|1776088105
|gametype|singles
|player|p1|Shattersong|wattson|1352
|player|p2|Flinch Burninand|veteran|1399
|gen|9
|tier|[Gen 9] OU
|rated|
|rule|HP Percentage Mod: HP is shown in percentages
|rule|Endless Battle Clause: Forcing endless battles is banned
|rule|Species Clause: Limit one of each Pokémon
|rule|OHKO Clause: OHKO moves are banned
|rule|Evasion Items Clause: Evasion items are banned
|rule|Evasion Moves Clause: Evasion moves are banned
|rule|Evasion Abilities Clause: Evasion abilities are banned
|rule|Sleep Moves Clause: Sleep-inducing moves are banned
|clearpoke
|poke|p1|Ninetales, F|
|poke|p1|Scovillain, M|
|poke|p1|Glimmora, F|
|poke|p1|Raging Bolt|
|poke|p1|Kingambit, F|
|poke|p1|Quaquaval, M|
|poke|p2|Dragonite, M|
|poke|p2|Samurott-Hisui, M|
|poke|p2|Clefable, M|
|poke|p2|Gliscor, F|
|poke|p2|Gholdengo|
|poke|p2|Zamazenta-*|
|teampreview
|inactive|Battle timer is ON: inactive players will automatically lose when time's up. (requested by Shattersong)
|
|t:|1776088129
|teamsize|p1|6
|teamsize|p2|6
|start
|switch|p1a: Seadall|Quaquaval, M|100/100
|switch|p2a: Gliscor|Gliscor, F|100/100
|turn|1
|
|t:|1776088136
|switch|p2a: Clefable|Clefable, M|100/100
|move|p1a: Seadall|Aqua Step|p2a: Clefable
|-damage|p2a: Clefable|73/100
|-boost|p1a: Seadall|spe|1
|-damage|p1a: Seadall|84/100|[from] item: Rocky Helmet|[of] p2a: Clefable
|
|upkeep
|turn|2
|
|t:|1776088144
|switch|p1a: Jewel|Glimmora, F, shiny|100/100
|move|p2a: Clefable|Stealth Rock|p1a: Jewel
|-sidestart|p1: Shattersong|move: Stealth Rock
|
|upkeep
|turn|3
|
|t:|1776088152
|switch|p2a: Gliscor|Gliscor, F|100/100
|move|p1a: Jewel|Rock Polish|p1a: Jewel
|-boost|p1a: Jewel|spe|2
|
|-status|p2a: Gliscor|tox|[from] item: Toxic Orb
|upkeep
|turn|4
|
|t:|1776088163
|move|p1a: Jewel|Meteor Beam||[still]
|-prepare|p1a: Jewel|Meteor Beam
|-boost|p1a: Jewel|spa|1
|-enditem|p1a: Jewel|Power Herb
|-anim|p1a: Jewel|Meteor Beam|p2a: Gliscor
|-damage|p2a: Gliscor|3/100 tox
|move|p2a: Gliscor|Swords Dance|p2a: Gliscor
|-boost|p2a: Gliscor|atk|2
|
|-heal|p2a: Gliscor|16/100 tox|[from] ability: Poison Heal
|upkeep
|turn|5
|
|t:|1776088174
|move|p2a: Gliscor|Protect|p2a: Gliscor
|-singleturn|p2a: Gliscor|Protect
|move|p1a: Jewel|Sludge Bomb|p2a: Gliscor
|-activate|p2a: Gliscor|move: Protect
|
|-heal|p2a: Gliscor|28/100 tox|[from] ability: Poison Heal
|upkeep
|turn|6
|
|t:|1776088182
|switch|p2a: Gholdengo|Gholdengo|100/100
|move|p1a: Jewel|Sludge Bomb|p2a: Gholdengo
|-immune|p2a: Gholdengo
|
|upkeep
|turn|7
|
|t:|1776088189
|switch|p2a: Gliscor|Gliscor, F|28/100 tox
|move|p1a: Jewel|Earth Power|p2a: Gliscor
|-immune|p2a: Gliscor
|
|-heal|p2a: Gliscor|41/100 tox|[from] ability: Poison Heal
|upkeep
|turn|8
|
|t:|1776088197
|move|p2a: Gliscor|Protect|p2a: Gliscor
|-singleturn|p2a: Gliscor|Protect
|move|p1a: Jewel|Meteor Beam||[still]
|-prepare|p1a: Jewel|Meteor Beam
|-boost|p1a: Jewel|spa|1
|
|-heal|p2a: Gliscor|53/100 tox|[from] ability: Poison Heal
|upkeep
|turn|9
|
|t:|1776088210
|switch|p2a: Gholdengo|Gholdengo|100/100
|move|p1a: Jewel|Meteor Beam|p2a: Gholdengo|[from] lockedmove
|-resisted|p2a: Gholdengo
|-damage|p2a: Gholdengo|17/100
|
|upkeep
|turn|10
|
|t:|1776088220
|move|p1a: Jewel|Earth Power|p2a: Gholdengo
|-supereffective|p2a: Gholdengo
|-damage|p2a: Gholdengo|0 fnt
|faint|p2a: Gholdengo
|
|upkeep
|-message|Flinch Burninand forfeited.
|
|win|Shattersong
|raw|Shattersong's rating: 1352 &rarr; <strong>1373</strong><br />(+21 for winning)
|raw|Flinch Burninand's rating: 1378 &rarr; <strong>1357</strong><br />(-21 for losing)
|l|☆Flinch Burninand
|player|p2|
