|html|<div class="broadcast-blue"><strong>[Gen 9] OU is currently suspecting Tera Blast! For information on how to participate check out the <a href="https://www.smogon.com/tools/suspects/view/200">suspect thread</a>.</strong></div>
|j|☆P1k7
|j|☆Yox7460
|t:|1776094956
|gametype|singles
|player|p1|P1k7|266|1477
|player|p2|Yox7460|n|1438
|gen|9
|tier|[Gen 9] OU
|rated|
|rule|HP Percentage Mod: HP is shown in percentages
|rule|Endless Battle Clause: Forcing endless battles is banned
|rule|Species Clause: Limit one of each Pokémon
|rule|OHKO Clause: OHKO moves are banned
|rule|Evasion Items Clause: Evasion items are banned
|rule|Evasion Moves Clause: Evasion moves are banned
|rule|Evasion Abilities Clause: Evasion abilities are banned
|rule|Sleep Moves Clause: Sleep-inducing moves are banned
|clearpoke
|poke|p1|Darkrai|
|poke|p1|Raging Bolt|
|poke|p1|Great Tusk|
|poke|p1|Pecharunt|
|poke|p1|Moltres|
|poke|p1|Garganacl, F|
|poke|p2|Landorus-Therian, M|
|poke|p2|Scizor, F|
|poke|p2|Primarina, M|
|poke|p2|Raging Bolt|
|poke|p2|Pecharunt|
|poke|p2|Iron Valiant|
|teampreview
|inactive|Battle timer is ON: inactive players will automatically lose when time's up. (requested by Yox7460)
|inactive|P1k7 also wants the timer to be on.
|inactive|P1k7 has 120 seconds left.
|
|t:|1776094995
|teamsize|p1|6
|teamsize|p2|6
|start
|switch|p1a: Garganacl|Garganacl, F|100/100
|switch|p2a: Primarina|Primarina, M, shiny|100/100
|turn|1
|
|t:|1776095000
|-terastallize|p1a: Garganacl|Water
|move|p2a: Primarina|Sparkling Aria|p1a: Garganacl
|-resisted|p1a: Garganacl
|-damage|p1a: Garganacl|77/100
|move|p1a: Garganacl|Salt Cure|p2a: Primarina
|-damage|p2a: Primarina|81/100
|-start|p2a: Primarina|Salt Cure
|
|-heal|p1a: Garganacl|83/100|[from] item: Leftovers
|-damage|p2a: Primarina|56/100|[from] Salt Cure
|upkeep
|turn|2
|
|t:|1776095014
|switch|p2a: Raging Bolt|Raging Bolt|100/100
|-enditem|p2a: Raging Bolt|Booster Energy
|-activate|p2a: Raging Bolt|ability: Protosynthesis|[fromitem]
|-start|p2a: Raging Bolt|protosynthesisspa
|move|p1a: Garganacl|Stealth Rock|p2a: Raging Bolt
|-sidestart|p2: Yox7460|move: Stealth Rock
|
|-heal|p1a: Garganacl|89/100|[from] item: Leftovers
|upkeep
|turn|3
|
|t:|1776095025
|switch|p1a: Great Tusk|Great Tusk|100/100
|move|p2a: Raging Bolt|Dragon Pulse|p1a: Great Tusk
|-damage|p1a: Great Tusk|0 fnt
|faint|p1a: Great Tusk
|-end|p1a: Great Tusk|Protosynthesis|[silent]
|
|upkeep
|
|t:|1776095038
|switch|p1a: Raging Bolt|Raging Bolt|100/100
|turn|4
|
|t:|1776095043
|-terastallize|p2a: Raging Bolt|Fairy
|move|p2a: Raging Bolt|Dragon Pulse|p1a: Raging Bolt
|-supereffective|p1a: Raging Bolt
|-damage|p1a: Raging Bolt|27/100
|move|p1a: Raging Bolt|Dragon Pulse|p2a: Raging Bolt
|-immune|p2a: Raging Bolt
|
|upkeep
|turn|5
|
|t:|1776095051
|move|p1a: Raging Bolt|Thunderclap|p2a: Raging Bolt
|-damage|p2a: Raging Bolt|58/100
|move|p2a: Raging Bolt|Thunderbolt|p1a: Raging Bolt
|-resisted|p1a: Raging Bolt
|-damage|p1a: Raging Bolt|17/100
|
|upkeep
|turn|6
|
|t:|1776095056
|move|p1a: Raging Bolt|Thunderclap|p2a: Raging Bolt
|-damage|p2a: Raging Bolt|16/100
|move|p2a: Raging Bolt|Dragon Pulse|p1a: Raging Bolt
|-supereffective|p1a: Raging Bolt
|-damage|p1a: Raging Bolt|0 fnt
|faint|p1a: Raging Bolt
|-end|p1a: Raging Bolt|Protosynthesis|[silent]
|
|upkeep
|inactive|P1k7 has 120 seconds left.
|
|t:|1776095089
|switch|p1a: Darkrai|Darkrai|100/100
|turn|7
|
|t:|1776095092
|move|p2a: Raging Bolt|Thunderclap|p1a: Darkrai
|-damage|p1a: Darkrai|25/100
|move|p1a: Darkrai|Sludge Bomb|p2a: Raging Bolt
|-supereffective|p2a: Raging Bolt
|-damage|p2a: Raging Bolt|0 fnt
|faint|p2a: Raging Bolt
|-end|p2a: Raging Bolt|Protosynthesis|[silent]
|
|upkeep
|
|t:|1776095098
|switch|p2a: Scizor|Scizor, F|100/100
|-damage|p2a: Scizor|88/100|[from] Stealth Rock
|turn|8
|
|t:|1776095102
|switch|p1a: Pecharunt|Pecharunt|100/100
|move|p2a: Scizor|Knock Off|p1a: Pecharunt
|-supereffective|p1a: Pecharunt
|-damage|p1a: Pecharunt|66/100
|-damage|p2a: Scizor|72/100|[from] item: Rocky Helmet|[of] p1a: Pecharunt
|-enditem|p1a: Pecharunt|Rocky Helmet|[from] move: Knock Off|[of] p2a: Scizor
|
|-heal|p2a: Scizor|78/100|[from] item: Leftovers
|upkeep
|turn|9
|
|t:|1776095111
|move|p1a: Pecharunt|Recover|p1a: Pecharunt
|-heal|p1a: Pecharunt|100/100
|move|p2a: Scizor|Swords Dance|p2a: Scizor
|-boost|p2a: Scizor|atk|2
|
|-heal|p2a: Scizor|84/100|[from] item: Leftovers
|upkeep
|turn|10
|
|t:|1776095120
|move|p1a: Pecharunt|Parting Shot|p2a: Scizor
|-unboost|p2a: Scizor|atk|1
|-unboost|p2a: Scizor|spa|1
|
|t:|1776095124
|switch|p1a: Moltres|Moltres|100/100|[from] Parting Shot
|move|p2a: Scizor|Knock Off|p1a: Moltres
|-damage|p1a: Moltres|37/100
|-status|p2a: Scizor|brn|[from] ability: Flame Body|[of] p1a: Moltres
|-enditem|p1a: Moltres|Heavy-Duty Boots|[from] move: Knock Off|[of] p2a: Scizor
|
|-heal|p2a: Scizor|90/100 brn|[from] item: Leftovers
|-damage|p2a: Scizor|84/100 brn|[from] brn
|upkeep
|turn|11
|
|t:|1776095136
|switch|p2a: Landorus|Landorus-Therian, M|100/100
|-damage|p2a: Landorus|88/100|[from] Stealth Rock
|-ability|p2a: Landorus|Intimidate|boost
|-unboost|p1a: Moltres|atk|1
|move|p1a: Moltres|Roost|p1a: Moltres
|-heal|p1a: Moltres|87/100
|-singleturn|p1a: Moltres|move: Roost
|
|-heal|p2a: Landorus|94/100|[from] item: Leftovers
|upkeep
|turn|12
|
|t:|1776095146
|switch|p1a: Garganacl|Garganacl, F, tera:Water|89/100
|move|p2a: Landorus|Stealth Rock|p1a: Garganacl
|-sidestart|p1: P1k7|move: Stealth Rock
|
|-heal|p2a: Landorus|99/100|[from] item: Leftovers
|-heal|p1a: Garganacl|96/100|[from] item: Leftovers
|upkeep
|turn|13
|
|t:|1776095152
|move|p2a: Landorus|U-turn|p1a: Garganacl
|-damage|p1a: Garganacl|85/100
|
|t:|1776095156
|switch|p2a: Pecharunt|Pecharunt|100/100|[from] U-turn
|move|p1a: Garganacl|Salt Cure|p2a: Pecharunt
|-damage|p2a: Pecharunt|92/100
|-start|p2a: Pecharunt|Salt Cure
|
|-heal|p1a: Garganacl|91/100|[from] item: Leftovers
|-damage|p2a: Pecharunt|79/100|[from] Salt Cure
|upkeep
|turn|14
|
|t:|1776095169
|move|p2a: Pecharunt|Parting Shot|p1a: Garganacl
|-unboost|p1a: Garganacl|atk|1
|-unboost|p1a: Garganacl|spa|1
|
|t:|1776095173
|switch|p2a: Scizor|Scizor, F|84/100 brn|[from] Parting Shot
|-damage|p2a: Scizor|72/100 brn|[from] Stealth Rock
|move|p1a: Garganacl|Salt Cure|p2a: Scizor
|-damage|p2a: Scizor|61/100 brn
|-start|p2a: Scizor|Salt Cure
|
|-heal|p2a: Scizor|68/100 brn|[from] item: Leftovers
|-heal|p1a: Garganacl|97/100|[from] item: Leftovers
|-damage|p2a: Scizor|61/100 brn|[from] brn
|-damage|p2a: Scizor|37/100 brn|[from] Salt Cure
|upkeep
|turn|15
|
|t:|1776095185
|switch|p2a: Landorus|Landorus-Therian, M|99/100
|-damage|p2a: Landorus|88/100|[from] Stealth Rock
|-ability|p2a: Landorus|Intimidate|boost
|-unboost|p1a: Garganacl|atk|1
|move|p1a: Garganacl|Salt Cure|p2a: Landorus
|-damage|p2a: Landorus|81/100
|-start|p2a: Landorus|Salt Cure
|
|-heal|p2a: Landorus|87/100|[from] item: Leftovers
|-heal|p1a: Garganacl|100/100|[from] item: Leftovers
|-damage|p2a: Landorus|75/100|[from] Salt Cure
|upkeep
|turn|16
|
|t:|1776095196
|move|p1a: Garganacl|Protect|p1a: Garganacl
|-singleturn|p1a: Garganacl|Protect
|move|p2a: Landorus|U-turn|p1a: Garganacl
|-activate|p1a: Garganacl|move: Protect
|
|-heal|p2a: Landorus|81/100|[from] item: Leftovers
|-damage|p2a: Landorus|69/100|[from] Salt Cure
|upkeep
|turn|17
|
|t:|1776095203
|move|p2a: Landorus|U-turn|p1a: Garganacl
|-damage|p1a: Garganacl|89/100
|
|t:|1776095217
|switch|p2a: Pecharunt|Pecharunt|79/100|[from] U-turn
|move|p1a: Garganacl|Salt Cure|p2a: Pecharunt
|-damage|p2a: Pecharunt|75/100
|-start|p2a: Pecharunt|Salt Cure
|
|-heal|p1a: Garganacl|95/100|[from] item: Leftovers
|-damage|p2a: Pecharunt|63/100|[from] Salt Cure
|upkeep
|turn|18
|
|t:|1776095235
|switch|p2a: Landorus|Landorus-Therian, M|69/100
|-damage|p2a: Landorus|56/100|[from] Stealth Rock
|-ability|p2a: Landorus|Intimidate|boost
|-unboost|p1a: Garganacl|atk|1
|move|p1a: Garganacl|Stealth Rock||[still]
|-fail|p1a: Garganacl
|
|-heal|p2a: Landorus|62/100|[from] item: Leftovers
|-heal|p1a: Garganacl|100/100|[from] item: Leftovers
|upkeep
|turn|19
|
|t:|1776095244
|move|p2a: Landorus|Earthquake|p1a: Garganacl
|-damage|p1a: Garganacl|77/100
|move|p1a: Garganacl|Salt Cure|p2a: Landorus
|-damage|p2a: Landorus|57/100
|-start|p2a: Landorus|Salt Cure
|
|-heal|p2a: Landorus|63/100|[from] item: Leftovers
|-heal|p1a: Garganacl|83/100|[from] item: Leftovers
|-damage|p2a: Landorus|51/100|[from] Salt Cure
|upkeep
|turn|20
|
|t:|1776095253
|move|p1a: Garganacl|Protect|p1a: Garganacl
|-singleturn|p1a: Garganacl|Protect
|move|p2a: Landorus|Taunt|p1a: Garganacl
|-activate|p1a: Garganacl|move: Protect
|
|-heal|p2a: Landorus|57/100|[from] item: Leftovers
|-heal|p1a: Garganacl|89/100|[from] item: Leftovers
|-damage|p2a: Landorus|45/100|[from] Salt Cure
|upkeep
|turn|21
|
|t:|1776095261
|move|p2a: Landorus|Earthquake|p1a: Garganacl
|-damage|p1a: Garganacl|63/100
|move|p1a: Garganacl|Salt Cure|p2a: Landorus
|-damage|p2a: Landorus|39/100
|
|-heal|p2a: Landorus|45/100|[from] item: Leftovers
|-heal|p1a: Garganacl|69/100|[from] item: Leftovers
|-damage|p2a: Landorus|33/100|[from] Salt Cure
|upkeep
|turn|22
|
|t:|1776095269
|move|p1a: Garganacl|Protect|p1a: Garganacl
|-singleturn|p1a: Garganacl|Protect
|move|p2a: Landorus|Taunt|p1a: Garganacl
|-activate|p1a: Garganacl|move: Protect
|
|-heal|p2a: Landorus|39/100|[from] item: Leftovers
|-heal|p1a: Garganacl|75/100|[from] item: Leftovers
|-damage|p2a: Landorus|26/100|[from] Salt Cure
|upkeep
|turn|23
|
|t:|1776095277
|switch|p1a: Moltres|Moltres|87/100
|-damage|p1a: Moltres|37/100|[from] Stealth Rock
|move|p2a: Landorus|Earthquake|p1a: Moltres
|-immune|p1a: Moltres
|
|-heal|p2a: Landorus|32/100|[from] item: Leftovers
|-damage|p2a: Landorus|20/100|[from] Salt Cure
|upkeep
|turn|24
|
|t:|1776095285
|move|p2a: Landorus|Taunt|p1a: Moltres
|-start|p1a: Moltres|move: Taunt
|cant|p1a: Moltres|move: Taunt|Roost
|
|-heal|p2a: Landorus|26/100|[from] item: Leftovers
|-damage|p2a: Landorus|14/100|[from] Salt Cure
|upkeep
|turn|25
|
|t:|1776095294
|move|p2a: Landorus|Stealth Rock||[still]
|-fail|p2a: Landorus
|move|p1a: Moltres|U-turn|p2a: Landorus
|-resisted|p2a: Landorus
|-damage|p2a: Landorus|6/100
|
|t:|1776095303
|switch|p1a: Garganacl|Garganacl, F, tera:Water|75/100|[from] U-turn
|-damage|p1a: Garganacl|63/100|[from] Stealth Rock
|
|-heal|p2a: Landorus|12/100|[from] item: Leftovers
|-heal|p1a: Garganacl|69/100|[from] item: Leftovers
|-damage|p2a: Landorus|0 fnt|[from] Salt Cure
|faint|p2a: Landorus
|upkeep
|
|t:|1776095311
|switch|p2a: Scizor|Scizor, F|37/100 brn
|-damage|p2a: Scizor|24/100 brn|[from] Stealth Rock
|turn|26
|
|t:|1776095316
|move|p1a: Garganacl|Protect|p1a: Garganacl
|-singleturn|p1a: Garganacl|Protect
|move|p2a: Scizor|Knock Off|p1a: Garganacl
|-activate|p1a: Garganacl|move: Protect
|
|-heal|p2a: Scizor|30/100 brn|[from] item: Leftovers
|-heal|p1a: Garganacl|75/100|[from] item: Leftovers
|-damage|p2a: Scizor|24/100 brn|[from] brn
|upkeep
|turn|27
|
|t:|1776095324
|switch|p1a: Pecharunt|Pecharunt|100/100
|-damage|p1a: Pecharunt|88/100|[from] Stealth Rock
|move|p2a: Scizor|Knock Off|p1a: Pecharunt
|-supereffective|p1a: Pecharunt
|-damage|p1a: Pecharunt|77/100
|
|-heal|p2a: Scizor|30/100 brn|[from] item: Leftovers
|-damage|p2a: Scizor|24/100 brn|[from] brn
|upkeep
|turn|28
|
|t:|1776095335
|switch|p2a: Pecharunt|Pecharunt|63/100
|move|p1a: Pecharunt|Recover|p1a: Pecharunt
|-heal|p1a: Pecharunt|100/100
|
|upkeep
|turn|29
|
|t:|1776095346
|switch|p1a: Garganacl|Garganacl, F, tera:Water|75/100
|-damage|p1a: Garganacl|63/100|[from] Stealth Rock
|move|p2a: Pecharunt|Shadow Ball|p1a: Garganacl
|-damage|p1a: Garganacl|52/100
|
|-heal|p1a: Garganacl|58/100|[from] item: Leftovers
|upkeep
|turn|30
|
|t:|1776095354
|move|p2a: Pecharunt|Shadow Ball|p1a: Garganacl
|-damage|p1a: Garganacl|47/100
|move|p1a: Garganacl|Recover|p1a: Garganacl
|-heal|p1a: Garganacl|97/100
|
|-heal|p1a: Garganacl|100/100|[from] item: Leftovers
|upkeep
|turn|31
|
|t:|1776095361
|move|p2a: Pecharunt|Shadow Ball|p1a: Garganacl
|-damage|p1a: Garganacl|90/100
|-unboost|p1a: Garganacl|spd|1
|move|p1a: Garganacl|Salt Cure|p2a: Pecharunt
|-damage|p2a: Pecharunt|55/100
|-start|p2a: Pecharunt|Salt Cure
|
|-heal|p1a: Garganacl|96/100|[from] item: Leftovers
|-damage|p2a: Pecharunt|42/100|[from] Salt Cure
|upkeep
|turn|32
|
|t:|1776095374
|move|p1a: Garganacl|Protect|p1a: Garganacl
|-singleturn|p1a: Garganacl|Protect
|move|p2a: Pecharunt|Shadow Ball|p1a: Garganacl
|-activate|p1a: Garganacl|move: Protect
|
|-heal|p1a: Garganacl|100/100|[from] item: Leftovers
|-damage|p2a: Pecharunt|30/100|[from] Salt Cure
|upkeep
|turn|33
|
|t:|1776095384
|switch|p1a: Pecharunt|Pecharunt|100/100
|-damage|p1a: Pecharunt|88/100|[from] Stealth Rock
|move|p2a: Pecharunt|Shadow Ball|p1a: Pecharunt
|-supereffective|p1a: Pecharunt
|-damage|p1a: Pecharunt|38/100
|
|-damage|p2a: Pecharunt|17/100|[from] Salt Cure
|upkeep
|turn|34
|
|t:|1776095400
|switch|p1a: Garganacl|Garganacl, F, tera:Water|100/100
|-damage|p1a: Garganacl|88/100|[from] Stealth Rock
|move|p2a: Pecharunt|Recover|p2a: Pecharunt
|-heal|p2a: Pecharunt|68/100
|
|-heal|p1a: Garganacl|94/100|[from] item: Leftovers
|-damage|p2a: Pecharunt|55/100|[from] Salt Cure
|upkeep
|turn|35
|
|t:|1776095413
|move|p2a: Pecharunt|Parting Shot|p1a: Garganacl
|-unboost|p1a: Garganacl|atk|1
|-unboost|p1a: Garganacl|spa|1
|
|t:|1776095416
|switch|p2a: Scizor|Scizor, F|24/100 brn|[from] Parting Shot
|-damage|p2a: Scizor|12/100 brn|[from] Stealth Rock
|move|p1a: Garganacl|Stealth Rock||[still]
|-fail|p1a: Garganacl
|
|-heal|p2a: Scizor|18/100 brn|[from] item: Leftovers
|-heal|p1a: Garganacl|100/100|[from] item: Leftovers
|-damage|p2a: Scizor|12/100 brn|[from] brn
|upkeep
|turn|36
|
|t:|1776095427
|move|p1a: Garganacl|Protect|p1a: Garganacl
|-singleturn|p1a: Garganacl|Protect
|move|p2a: Scizor|Knock Off|p1a: Garganacl
|-activate|p1a: Garganacl|move: Protect
|
|-heal|p2a: Scizor|18/100 brn|[from] item: Leftovers
|-damage|p2a: Scizor|12/100 brn|[from] brn
|upkeep
|turn|37
|
|t:|1776095435
|switch|p2a: Primarina|Primarina, M, shiny|56/100
|-damage|p2a: Primarina|43/100|[from] Stealth Rock
|switch|p1a: Moltres|Moltres|37/100
|-damage|p1a: Moltres|0 fnt|[from] Stealth Rock
|faint|p1a: Moltres
|
|upkeep
|
|t:|1776095443
|switch|p1a: Garganacl|Garganacl, F, tera:Water|100/100
|-damage|p1a: Garganacl|88/100|[from] Stealth Rock
|turn|38
|
|t:|1776095448
|move|p2a: Primarina|Moonblast|p1a: Garganacl
|-damage|p1a: Garganacl|43/100
|move|p1a: Garganacl|Salt Cure|p2a: Primarina
|-damage|p2a: Primarina|25/100
|-start|p2a: Primarina|Salt Cure
|
|-heal|p1a: Garganacl|50/100|[from] item: Leftovers
|-damage|p2a: Primarina|0 fnt|[from] Salt Cure
|faint|p2a: Primarina
|upkeep
|
|t:|1776095458
|switch|p2a: Iron Valiant|Iron Valiant|100/100
|-damage|p2a: Iron Valiant|94/100|[from] Stealth Rock
|-enditem|p2a: Iron Valiant|Booster Energy
|-activate|p2a: Iron Valiant|ability: Quark Drive|[fromitem]
|-start|p2a: Iron Valiant|quarkdrivespe
|turn|39
|
|t:|1776095467
|move|p2a: Iron Valiant|Moonblast|p1a: Garganacl
|-damage|p1a: Garganacl|5/100
|move|p1a: Garganacl|Salt Cure|p2a: Iron Valiant
|-resisted|p2a: Iron Valiant
|-damage|p2a: Iron Valiant|85/100
|-start|p2a: Iron Valiant|Salt Cure
|
|-heal|p1a: Garganacl|12/100|[from] item: Leftovers
|-damage|p2a: Iron Valiant|73/100|[from] Salt Cure
|upkeep
|turn|40
|
|t:|1776095475
|move|p1a: Garganacl|Protect|p1a: Garganacl
|-singleturn|p1a: Garganacl|Protect
|move|p2a: Iron Valiant|Moonblast|p1a: Garganacl
|-activate|p1a: Garganacl|move: Protect
|
|-heal|p1a: Garganacl|18/100|[from] item: Leftovers
|-damage|p2a: Iron Valiant|60/100|[from] Salt Cure
|upkeep
|turn|41
|
|t:|1776095486
|switch|p1a: Darkrai|Darkrai|25/100
|-damage|p1a: Darkrai|13/100|[from] Stealth Rock
|move|p2a: Iron Valiant|Psyshock|p1a: Darkrai
|-immune|p1a: Darkrai
|
|-damage|p2a: Iron Valiant|48/100|[from] Salt Cure
|upkeep
|turn|42
|
|t:|1776095506
|switch|p1a: Pecharunt|Pecharunt|38/100
|-damage|p1a: Pecharunt|25/100|[from] Stealth Rock
|move|p2a: Iron Valiant|Moonblast|p1a: Pecharunt
|-resisted|p1a: Pecharunt
|-damage|p1a: Pecharunt|3/100
|
|-damage|p2a: Iron Valiant|35/100|[from] Salt Cure
|upkeep
|turn|43
|
|t:|1776095514
|move|p2a: Iron Valiant|Moonblast|p1a: Pecharunt
|-resisted|p1a: Pecharunt
|-damage|p1a: Pecharunt|0 fnt
|faint|p1a: Pecharunt
|
|-damage|p2a: Iron Valiant|23/100|[from] Salt Cure
|upkeep
|
|t:|1776095518
|switch|p1a: Garganacl|Garganacl, F, tera:Water|18/100
|-damage|p1a: Garganacl|5/100|[from] Stealth Rock
|turn|44
|
|t:|1776095522
|move|p1a: Garganacl|Protect|p1a: Garganacl
|-singleturn|p1a: Garganacl|Protect
|move|p2a: Iron Valiant|Moonblast|p1a: Garganacl
|-activate|p1a: Garganacl|move: Protect
|
|-heal|p1a: Garganacl|12/100|[from] item: Leftovers
|-damage|p2a: Iron Valiant|10/100|[from] Salt Cure
|upkeep
|turn|45
|
|t:|1776095533
|move|p1a: Garganacl|Protect||[still]
|-fail|p1a: Garganacl
|move|p2a: Iron Valiant|Moonblast|p1a: Garganacl
|-damage|p1a: Garganacl|0 fnt
|faint|p1a: Garganacl
|
|-damage|p2a: Iron Valiant|0 fnt|[from] Salt Cure
|faint|p2a: Iron Valiant
|-end|p2a: Iron Valiant|Quark Drive|[silent]
|upkeep
|c|☆P1k7|Gg
|
|t:|1776095541
|switch|p2a: Scizor|Scizor, F|12/100 brn
|switch|p1a: Darkrai|Darkrai|13/100
|-damage|p1a: Darkrai|0 fnt|[from] Stealth Rock
|faint|p1a: Darkrai
|
|win|Yox7460
|raw|P1k7's rating: 1477 &rarr; <strong>1455</strong><br />(-22 for losing)
|raw|Yox7460's rating: 1438 &rarr; <strong>1460</strong><br />(+22 for winning)
|l|☆P1k7
|player|p1|
|c|☆Yox7460|hahahahaha
|c|☆Yox7460|jokes on you
