|html|<div class="broadcast-blue"><strong>[Gen 9] OU is currently suspecting Tera Blast! For information on how to participate check out the <a href="https://www.smogon.com/tools/suspects/view/200">suspect thread</a>.</strong></div>
|j|☆cachowcapow
|j|☆tokiwa kano
|t:|1776169327
|gametype|singles
|player|p1|cachowcapow|2|1653
|player|p2|tokiwa kano|acetrainerf|1684
|gen|9
|tier|[Gen 9] OU
|rated|
|rule|HP Percentage Mod: HP is shown in percentages
|rule|Endless Battle Clause: Forcing endless battles is banned
|rule|Species Clause: Limit one of each Pokémon
|rule|OHKO Clause: OHKO moves are banned
|rule|Evasion Items Clause: Evasion items are banned
|rule|Evasion Moves Clause: Evasion moves are banned
|rule|Evasion Abilities Clause: Evasion abilities are banned
|rule|Sleep Moves Clause: Sleep-inducing moves are banned
|clearpoke
|poke|p1|Darkrai|
|poke|p1|Zapdos|
|poke|p1|Maushold-Four|
|poke|p1|Cinderace, F|
|poke|p1|Hatterene, F|
|poke|p1|Dragapult, M|
|poke|p2|Primarina, M|
|poke|p2|Iron Crown|
|poke|p2|Glimmora, M|
|poke|p2|Gholdengo|
|poke|p2|Landorus-Therian, M|
|poke|p2|Kyurem|
|teampreview
|inactive|Battle timer is ON: inactive players will automatically lose when time's up. (requested by tokiwa kano)
|
|t:|1776169342
|teamsize|p1|6
|teamsize|p2|6
|start
|switch|p1a: Darkrai|Darkrai|100/100
|switch|p2a: Primarina|Primarina, M|100/100
|turn|1
|
|t:|1776169350
|move|p1a: Darkrai|Thunder Wave|p2a: Primarina
|-status|p2a: Primarina|par
|move|p2a: Primarina|Moonblast|p1a: Darkrai
|-supereffective|p1a: Darkrai
|-damage|p1a: Darkrai|0 fnt
|faint|p1a: Darkrai
|
|upkeep
|
|t:|1776169353
|switch|p1a: Cinderace|Cinderace, F|100/100
|turn|2
|
|t:|1776169357
|switch|p2a: Glimmora|Glimmora, M|100/100
|move|p1a: Cinderace|Pyro Ball|p2a: Glimmora
|-resisted|p2a: Glimmora
|-damage|p2a: Glimmora|62/100
|-activate|p2a: Glimmora|ability: Toxic Debris
|-sidestart|p1: cachowcapow|move: Toxic Spikes
|-enditem|p2a: Glimmora|Red Card|[of] p1a: Cinderace
|drag|p1a: Maushold|Maushold-Four|100/100
|-status|p1a: Maushold|psn
|
|-damage|p1a: Maushold|88/100 psn|[from] psn
|upkeep
|turn|3
|
|t:|1776169362
|move|p1a: Maushold|Tidy Up|p1a: Maushold
|-sideend|p1: cachowcapow|Toxic Spikes
|-activate|p1a: Maushold|move: Tidy Up
|-boost|p1a: Maushold|atk|1
|-boost|p1a: Maushold|spe|1
|move|p2a: Glimmora|Power Gem|p1a: Maushold
|-damage|p1a: Maushold|37/100 psn
|
|-damage|p1a: Maushold|25/100 psn|[from] psn
|upkeep
|turn|4
|
|t:|1776169368
|switch|p2a: Landorus|Landorus-Therian, M|100/100
|-ability|p2a: Landorus|Intimidate|boost
|-unboost|p1a: Maushold|atk|1
|move|p1a: Maushold|Population Bomb|p2a: Landorus
|-damage|p2a: Landorus|90/100
|-damage|p1a: Maushold|8/100 psn|[from] item: Rocky Helmet|[of] p2a: Landorus
|-damage|p2a: Landorus|79/100
|-damage|p1a: Maushold|0 fnt|[from] item: Rocky Helmet|[of] p2a: Landorus
|faint|p1a: Maushold
|-hitcount|p2a: Landorus|2
|
|upkeep
|
|t:|1776169372
|switch|p1a: Cinderace|Cinderace, F|100/100
|turn|5
|
|t:|1776169375
|switch|p2a: Glimmora|Glimmora, M|62/100
|-terastallize|p1a: Cinderace|Fire
|move|p1a: Cinderace|Pyro Ball|p2a: Glimmora
|-resisted|p2a: Glimmora
|-damage|p2a: Glimmora|12/100
|-activate|p2a: Glimmora|ability: Toxic Debris
|-sidestart|p1: cachowcapow|move: Toxic Spikes
|
|upkeep
|turn|6
|
|t:|1776169378
|move|p1a: Cinderace|Pyro Ball|p2a: Glimmora
|-resisted|p2a: Glimmora
|-damage|p2a: Glimmora|0 fnt
|-activate|p2a: Glimmora|ability: Toxic Debris
|-sidestart|p1: cachowcapow|move: Toxic Spikes
|faint|p2a: Glimmora
|
|upkeep
|
|t:|1776169380
|switch|p2a: Landorus|Landorus-Therian, M|79/100
|-ability|p2a: Landorus|Intimidate|boost
|-unboost|p1a: Cinderace|atk|1
|turn|7
|
|t:|1776169384
|move|p1a: Cinderace|Pyro Ball|p2a: Landorus
|-damage|p2a: Landorus|3/100
|-status|p2a: Landorus|brn
|move|p2a: Landorus|Earthquake|p1a: Cinderace
|-supereffective|p1a: Cinderace
|-damage|p1a: Cinderace|34/100
|
|-damage|p2a: Landorus|0 fnt|[from] brn
|faint|p2a: Landorus
|upkeep
|
|t:|1776169390
|switch|p2a: Gholdengo|Gholdengo|100/100
|turn|8
|
|t:|1776169396
|move|p2a: Gholdengo|Shadow Ball|p1a: Cinderace
|-damage|p1a: Cinderace|0 fnt
|faint|p1a: Cinderace
|
|upkeep
|
|t:|1776169399
|switch|p1a: Zapdos|Zapdos|100/100
|turn|9
|
|t:|1776169403
|switch|p2a: Kyurem|Kyurem|100/100
|-ability|p2a: Kyurem|Pressure
|move|p1a: Zapdos|Volt Switch|p2a: Kyurem
|-resisted|p2a: Kyurem
|-damage|p2a: Kyurem|84/100
|
|t:|1776169405
|switch|p1a: Hatterene|Hatterene, F|100/100|[from] Volt Switch
|-status|p1a: Hatterene|tox
|
|-damage|p1a: Hatterene|95/100 tox|[from] psn
|upkeep
|turn|10
|
|t:|1776169409
|switch|p2a: Primarina|Primarina, M|100/100 par
|move|p1a: Hatterene|Calm Mind|p1a: Hatterene
|-boost|p1a: Hatterene|spa|1
|-boost|p1a: Hatterene|spd|1
|
|-damage|p1a: Hatterene|83/100 tox|[from] psn
|upkeep
|turn|11
|
|t:|1776169415
|move|p1a: Hatterene|Calm Mind|p1a: Hatterene
|-boost|p1a: Hatterene|spa|1
|-boost|p1a: Hatterene|spd|1
|move|p2a: Primarina|Flip Turn|p1a: Hatterene
|-damage|p1a: Hatterene|68/100 tox
|
|t:|1776169425
|switch|p2a: Iron Crown|Iron Crown|100/100|[from] Flip Turn
|-enditem|p2a: Iron Crown|Booster Energy
|-activate|p2a: Iron Crown|ability: Quark Drive|[fromitem]
|-start|p2a: Iron Crown|quarkdrivespe
|
|-damage|p1a: Hatterene|50/100 tox|[from] psn
|upkeep
|turn|12
|
|t:|1776169431
|move|p2a: Iron Crown|Tachyon Cutter|p1a: Hatterene
|-supereffective|p1a: Hatterene
|-damage|p1a: Hatterene|25/100 tox
|-supereffective|p1a: Hatterene
|-damage|p1a: Hatterene|2/100 tox
|-hitcount|p1a: Hatterene|2
|move|p1a: Hatterene|Shadow Ball|p2a: Iron Crown
|-supereffective|p2a: Iron Crown
|-damage|p2a: Iron Crown|15/100
|
|-damage|p1a: Hatterene|0 fnt|[from] psn
|faint|p1a: Hatterene
|upkeep
|
|t:|1776169436
|switch|p1a: Zapdos|Zapdos|100/100
|turn|13
|
|t:|1776169438
|move|p2a: Iron Crown|Psyshock|p1a: Zapdos
|-damage|p1a: Zapdos|72/100
|move|p1a: Zapdos|Volt Switch|p2a: Iron Crown
|-damage|p2a: Iron Crown|0 fnt
|faint|p2a: Iron Crown
|-end|p2a: Iron Crown|Quark Drive|[silent]
|
|t:|1776169441
|switch|p1a: Dragapult|Dragapult, M|100/100|[from] Volt Switch
|-status|p1a: Dragapult|tox
|
|-damage|p1a: Dragapult|95/100 tox|[from] psn
|upkeep
|-message|cachowcapow forfeited.
|
|win|tokiwa kano
|raw|cachowcapow's rating: 1676 &rarr; <strong>1656</strong><br />(-20 for losing)
|raw|tokiwa kano's rating: 1684 &rarr; <strong>1704</strong><br />(+20 for winning)
|l|☆cachowcapow
|player|p1|
