|html|<div class="broadcast-blue"><strong>[Gen 9] OU is currently suspecting Tera Blast! For information on how to participate check out the <a href="https://www.smogon.com/tools/suspects/view/200">suspect thread</a>.</strong></div>
|j|☆mio3777
|j|☆bludsconio
|t:|1776092129
|gametype|singles
|player|p1|mio3777|170|1800
|player|p2|bludsconio|266|1770
|gen|9
|tier|[Gen 9] OU
|rated|
|rule|HP Percentage Mod: HP is shown in percentages
|rule|Endless Battle Clause: Forcing endless battles is banned
|rule|Species Clause: Limit one of each Pokémon
|rule|OHKO Clause: OHKO moves are banned
|rule|Evasion Items Clause: Evasion items are banned
|rule|Evasion Moves Clause: Evasion moves are banned
|rule|Evasion Abilities Clause: Evasion abilities are banned
|rule|Sleep Moves Clause: Sleep-inducing moves are banned
|clearpoke
|poke|p1|Indeedee, M|
|poke|p1|Polteageist-Antique|
|poke|p1|Cinderace, F|
|poke|p1|Armarouge, M|
|poke|p1|Hawlucha, F|
|poke|p1|Hatterene, F|
|poke|p2|Glimmora, M|
|poke|p2|Kyurem|
|poke|p2|Great Tusk|
|poke|p2|Ogerpon-Wellspring, F|
|poke|p2|Enamorus, F|
|poke|p2|Kingambit, M|
|teampreview
|
|t:|1776092153
|teamsize|p1|6
|teamsize|p2|6
|start
|switch|p1a: Indeedee|Indeedee, M|100/100
|switch|p2a: Kingambit|Kingambit, M|100/100
|-fieldstart|move: Psychic Terrain|[from] ability: Psychic Surge|[of] p1a: Indeedee
|turn|1
|
|t:|1776092163
|switch|p1a: Armarouge|Armarouge, M|100/100
|move|p2a: Kingambit|Kowtow Cleave|p1a: Armarouge
|-supereffective|p1a: Armarouge
|-crit|p1a: Armarouge
|-enditem|p1a: Armarouge|Focus Sash
|-damage|p1a: Armarouge|1/100
|-ability|p1a: Armarouge|Weak Armor|boost
|-unboost|p1a: Armarouge|def|1
|-boost|p1a: Armarouge|spe|2
|
|upkeep
|turn|2
|inactive|Battle timer is ON: inactive players will automatically lose when time's up. (requested by mio3777)
|
|t:|1776092174
|-end|p2a: Kingambit|fallenundefined|[silent]
|switch|p2a: Glimmora|Glimmora, M|100/100
|move|p1a: Armarouge|Armor Cannon|p2a: Glimmora
|-resisted|p2a: Glimmora
|-damage|p2a: Glimmora|68/100
|-unboost|p1a: Armarouge|def|1
|-unboost|p1a: Armarouge|spd|1
|-enditem|p2a: Glimmora|Red Card|[of] p1a: Armarouge
|drag|p1a: Polteageist|Polteageist-Antique|100/100
|
|upkeep
|turn|3
|inactive|bludsconio has 120 seconds left.
|
|t:|1776092225
|switch|p1a: Hatterene|Hatterene, F|100/100
|move|p2a: Glimmora|Mortal Spin|p1a: Hatterene
|-supereffective|p1a: Hatterene
|-damage|p1a: Hatterene|87/100
|-status|p1a: Hatterene|psn
|
|-damage|p1a: Hatterene|74/100 psn|[from] psn
|upkeep
|turn|4
|
|t:|1776092243
|switch|p2a: Ogerpon|Ogerpon-Wellspring, F|100/100
|move|p1a: Hatterene|Mystical Fire|p2a: Ogerpon
|-damage|p2a: Ogerpon|66/100
|-unboost|p2a: Ogerpon|spa|1
|
|-damage|p1a: Hatterene|62/100 psn|[from] psn
|upkeep
|turn|5
|
|t:|1776092255
|move|p2a: Ogerpon|Ivy Cudgel|p1a: Hatterene|[anim] Ivy Cudgel Water
|-damage|p1a: Hatterene|0 fnt
|faint|p1a: Hatterene
|
|upkeep
|
|t:|1776092260
|switch|p1a: Armarouge|Armarouge, M|1/100
|turn|6
|
|t:|1776092267
|move|p1a: Armarouge|Endure|p1a: Armarouge
|-singleturn|p1a: Armarouge|move: Endure
|move|p2a: Ogerpon|Encore|p1a: Armarouge
|-start|p1a: Armarouge|Encore
|
|upkeep
|turn|7
|
|t:|1776092277
|move|p1a: Armarouge|Endure|p1a: Armarouge
|-singleturn|p1a: Armarouge|move: Endure
|move|p2a: Ogerpon|Ivy Cudgel|p1a: Armarouge|[anim] Ivy Cudgel Water
|-supereffective|p1a: Armarouge
|-activate|p1a: Armarouge|move: Endure
|-damage|p1a: Armarouge|1/100
|-ability|p1a: Armarouge|Weak Armor|boost
|-unboost|p1a: Armarouge|def|1
|-boost|p1a: Armarouge|spe|2
|
|upkeep
|turn|8
|
|t:|1776092289
|move|p1a: Armarouge|Endure||[still]
|-fail|p1a: Armarouge
|move|p2a: Ogerpon|Ivy Cudgel|p1a: Armarouge|[anim] Ivy Cudgel Water
|-supereffective|p1a: Armarouge
|-damage|p1a: Armarouge|0 fnt
|faint|p1a: Armarouge
|
|-fieldend|move: Psychic Terrain
|upkeep
|
|t:|1776092296
|switch|p1a: Indeedee|Indeedee, M|100/100
|-fieldstart|move: Psychic Terrain|[from] ability: Psychic Surge|[of] p1a: Indeedee
|turn|9
|
|t:|1776092304
|move|p2a: Ogerpon|Ivy Cudgel|p1a: Indeedee|[anim] Ivy Cudgel Water
|-damage|p1a: Indeedee|5/100
|move|p1a: Indeedee|Expanding Force|p2a: Ogerpon
|-damage|p2a: Ogerpon|0 fnt
|faint|p2a: Ogerpon
|
|upkeep
|inactive|bludsconio has 120 seconds left.
|
|t:|1776092331
|switch|p2a: Kingambit|Kingambit, M|100/100
|-activate|p2a: Kingambit|ability: Supreme Overlord
|-start|p2a: Kingambit|fallen1|[silent]
|turn|10
|inactive|bludsconio has 120 seconds left.
|
|t:|1776092350
|switch|p1a: Cinderace|Cinderace, F|100/100
|-end|p2a: Kingambit|fallen1|[silent]
|switch|p2a: Glimmora|Glimmora, M|68/100
|
|upkeep
|turn|11
|
|t:|1776092359
|switch|p1a: Hawlucha|Hawlucha, F|100/100
|-enditem|p1a: Hawlucha|Psychic Seed
|-boost|p1a: Hawlucha|spd|1|[from] item: Psychic Seed
|move|p2a: Glimmora|Stealth Rock|p1a: Hawlucha
|-sidestart|p1: mio3777|move: Stealth Rock
|
|upkeep
|turn|12
|inactive|bludsconio has 120 seconds left.
|
|t:|1776092384
|move|p1a: Hawlucha|Swords Dance|p1a: Hawlucha
|-boost|p1a: Hawlucha|atk|2
|move|p2a: Glimmora|Mortal Spin|p1a: Hawlucha
|-damage|p1a: Hawlucha|92/100
|-status|p1a: Hawlucha|psn
|
|-damage|p1a: Hawlucha|80/100 psn|[from] psn
|upkeep
|turn|13
|inactive|bludsconio has 120 seconds left.
|
|t:|1776092392
|move|p1a: Hawlucha|Close Combat|p2a: Glimmora
|-damage|p2a: Glimmora|0 fnt
|-unboost|p1a: Hawlucha|def|1
|-unboost|p1a: Hawlucha|spd|1
|-activate|p2a: Glimmora|ability: Toxic Debris
|-sidestart|p1: mio3777|move: Toxic Spikes
|faint|p2a: Glimmora
|
|-damage|p1a: Hawlucha|67/100 psn|[from] psn
|upkeep
|inactive|bludsconio has 120 seconds left.
|
|t:|1776092408
|switch|p2a: Kingambit|Kingambit, M|100/100
|-activate|p2a: Kingambit|ability: Supreme Overlord
|-start|p2a: Kingambit|fallen2|[silent]
|turn|14
|
|t:|1776092415
|-terastallize|p2a: Kingambit|Fairy
|move|p1a: Hawlucha|Close Combat|p2a: Kingambit
|-resisted|p2a: Kingambit
|-damage|p2a: Kingambit|60/100
|-unboost|p1a: Hawlucha|def|1
|-unboost|p1a: Hawlucha|spd|1
|move|p2a: Kingambit|Iron Head|p1a: Hawlucha
|-damage|p1a: Hawlucha|0 fnt
|faint|p1a: Hawlucha
|
|-heal|p2a: Kingambit|66/100|[from] item: Leftovers
|upkeep
|
|t:|1776092426
|switch|p1a: Cinderace|Cinderace, F|100/100
|turn|15
|inactive|bludsconio has 120 seconds left.
|
|t:|1776092439
|-end|p2a: Kingambit|fallen2|[silent]
|switch|p2a: Great Tusk|Great Tusk|100/100
|-enditem|p2a: Great Tusk|Booster Energy
|-activate|p2a: Great Tusk|ability: Protosynthesis|[fromitem]
|-start|p2a: Great Tusk|protosynthesisspe
|move|p1a: Cinderace|Court Change|p1a: Cinderace
|-start|p1a: Cinderace|typechange|Normal|[from] ability: Libero
|-swapsideconditions
|-activate|p1a: Cinderace|move: Court Change
|
|upkeep
|turn|16
|inactive|bludsconio has 120 seconds left.
|
|t:|1776092463
|-terastallize|p1a: Cinderace|Ghost
|move|p2a: Great Tusk|Taunt|p1a: Cinderace
|-start|p1a: Cinderace|move: Taunt
|move|p1a: Cinderace|Pyro Ball|p2a: Great Tusk
|-damage|p2a: Great Tusk|80/100
|
|-fieldend|move: Psychic Terrain
|upkeep
|turn|17
|inactive|bludsconio has 120 seconds left.
|j| Puyu paz
|
|t:|1776092476
|switch|p1a: Indeedee|Indeedee, M|5/100
|-fieldstart|move: Psychic Terrain|[from] ability: Psychic Surge|[of] p1a: Indeedee
|move|p2a: Great Tusk|Bulk Up|p2a: Great Tusk
|-boost|p2a: Great Tusk|atk|1
|-boost|p2a: Great Tusk|def|1
|
|upkeep
|turn|18
|inactive|bludsconio has 120 seconds left.
|
|t:|1776092489
|switch|p1a: Cinderace|Cinderace, F, tera:Ghost|100/100
|move|p2a: Great Tusk|Earthquake|p1a: Cinderace
|-damage|p1a: Cinderace|21/100
|
|upkeep
|turn|19
|inactive|bludsconio has 120 seconds left.
|
|t:|1776092496
|move|p2a: Great Tusk|Earthquake|p1a: Cinderace
|-damage|p1a: Cinderace|0 fnt
|faint|p1a: Cinderace
|
|upkeep
|
|t:|1776092501
|switch|p1a: Polteageist|Polteageist-Antique|100/100
|turn|20
|
|t:|1776092504
|move|p2a: Great Tusk|Taunt|p1a: Polteageist
|-start|p1a: Polteageist|move: Taunt
|cant|p1a: Polteageist|move: Taunt|Shell Smash
|
|upkeep
|turn|21
|
|t:|1776092510
|move|p2a: Great Tusk|Earthquake|p1a: Polteageist
|-enditem|p1a: Polteageist|Focus Sash
|-damage|p1a: Polteageist|1/100
|-ability|p1a: Polteageist|Weak Armor|boost
|-unboost|p1a: Polteageist|def|1
|-boost|p1a: Polteageist|spe|2
|move|p1a: Polteageist|Shadow Ball|p2a: Great Tusk
|-damage|p2a: Great Tusk|22/100
|
|upkeep
|turn|22
|
|t:|1776092519
|move|p1a: Polteageist|Shadow Ball|p2a: Great Tusk
|-damage|p2a: Great Tusk|0 fnt
|faint|p2a: Great Tusk
|-end|p2a: Great Tusk|Protosynthesis|[silent]
|
|-end|p1a: Polteageist|move: Taunt
|upkeep
|
|t:|1776092528
|switch|p2a: Enamorus|Enamorus, F|100/100
|-damage|p2a: Enamorus|76/100|[from] Stealth Rock
|turn|23
|
|t:|1776092534
|move|p1a: Polteageist|Shell Smash|p1a: Polteageist
|-unboost|p1a: Polteageist|def|1
|-unboost|p1a: Polteageist|spd|1
|-boost|p1a: Polteageist|atk|2
|-boost|p1a: Polteageist|spa|2
|-boost|p1a: Polteageist|spe|2
|move|p2a: Enamorus|Moonblast|p1a: Polteageist
|-damage|p1a: Polteageist|0 fnt
|faint|p1a: Polteageist
|
|upkeep
|-message|mio3777 forfeited.
|
|win|bludsconio
|raw|mio3777's rating: 1800 &rarr; <strong>1778</strong><br />(-22 for losing)
|raw|bludsconio's rating: 1770 &rarr; <strong>1792</strong><br />(+22 for winning)
|l|☆mio3777
|player|p1|
|l|☆bludsconio
|player|p2|
|l| Puyu paz
