|html|<div class="broadcast-blue"><strong>[Gen 9] OU is currently suspecting Volcarona! For information on how to participate check out the <a href="https://www.smogon.com/tools/suspects/view/208">suspect thread</a>.</strong></div>
|j|☆Weehorn Man
|j|☆DoDouno
|t:|1778504327
|gametype|singles
|player|p1|Weehorn Man|102|1372
|player|p2|DoDouno|psychic|1382
|gen|9
|tier|[Gen 9] OU
|rated|
|rule|HP Percentage Mod: HP is shown in percentages
|rule|Endless Battle Clause: Forcing endless battles is banned
|rule|Species Clause: Limit one of each Pokémon
|rule|OHKO Clause: OHKO moves are banned
|rule|Evasion Items Clause: Evasion items are banned
|rule|Evasion Moves Clause: Evasion moves are banned
|rule|Evasion Abilities Clause: Evasion abilities are banned
|rule|Sleep Moves Clause: Sleep-inducing moves are banned
|clearpoke
|poke|p1|Great Tusk|
|poke|p1|Pecharunt|
|poke|p1|Iron Valiant|
|poke|p1|Iron Crown|
|poke|p1|Samurott-Hisui, M|
|poke|p1|Dragonite, M|
|poke|p2|Gholdengo|
|poke|p2|Deoxys-Speed|
|poke|p2|Samurott-Hisui, F|
|poke|p2|Iron Valiant|
|poke|p2|Dragonite, F|
|poke|p2|Glimmora, F|
|teampreview
|inactive|Battle timer is ON: inactive players will automatically lose when time's up. (requested by Weehorn Man)
|
|t:|1778504374
|teamsize|p1|6
|teamsize|p2|6
|start
|switch|p1a: Samurott|Samurott-Hisui, M, shiny|100/100
|switch|p2a: Goatmorea|Glimmora, F|100/100
|turn|1
|
|t:|1778504381
|move|p2a: Goatmorea|Meteor Beam||[still]
|-prepare|p2a: Goatmorea|Meteor Beam
|-boost|p2a: Goatmorea|spa|1
|-enditem|p2a: Goatmorea|Power Herb
|-anim|p2a: Goatmorea|Meteor Beam|p1a: Samurott
|-damage|p1a: Samurott|0 fnt
|faint|p1a: Samurott
|
|upkeep
|
|t:|1778504391
|switch|p1a: Iron Crown|Iron Crown|100/100
|turn|2
|
|t:|1778504401
|move|p1a: Iron Crown|Tachyon Cutter|p2a: Goatmorea
|-supereffective|p2a: Goatmorea
|-damage|p2a: Goatmorea|36/100
|-supereffective|p2a: Goatmorea
|-damage|p2a: Goatmorea|0 fnt
|faint|p2a: Goatmorea
|-hitcount|p2: Goatmorea|2
|
|upkeep
|
|t:|1778504415
|switch|p2a: ben|Deoxys-Speed|100/100
|-ability|p2a: ben|Pressure
|turn|3
|
|t:|1778504424
|move|p2a: ben|Light Screen|p2a: ben
|-sidestart|p2: DoDouno|move: Light Screen
|move|p1a: Iron Crown|Tachyon Cutter|p2a: ben
|-damage|p2a: ben|86/100
|-crit|p2a: ben
|-damage|p2a: ben|39/100
|-hitcount|p2a: ben|2
|
|upkeep
|turn|4
|
|t:|1778504430
|move|p2a: ben|Reflect|p2a: ben
|-sidestart|p2: DoDouno|Reflect
|move|p1a: Iron Crown|Tachyon Cutter|p2a: ben
|-crit|p2a: ben
|-damage|p2a: ben|0 fnt
|faint|p2a: ben
|-hitcount|p2: ben|1
|
|upkeep
|
|t:|1778504444
|switch|p2a: Goldengo|Gholdengo|100/100
|-item|p2a: Goldengo|Air Balloon
|turn|5
|
|t:|1778504449
|move|p1a: Iron Crown|Volt Switch|p2a: Goldengo
|-damage|p2a: Goldengo|88/100
|-enditem|p2a: Goldengo|Air Balloon
|
|t:|1778504466
|-end|p1a: Iron Crown|Quark Drive|[silent]
|switch|p1a: Pecharunt|Pecharunt|100/100|[from] Volt Switch
|move|p2a: Goldengo|Nasty Plot|p2a: Goldengo
|-boost|p2a: Goldengo|spa|2
|
|upkeep
|turn|6
|
|t:|1778504473
|move|p2a: Goldengo|Shadow Ball|p1a: Pecharunt
|-supereffective|p1a: Pecharunt
|-damage|p1a: Pecharunt|0 fnt
|faint|p1a: Pecharunt
|
|upkeep
|inactive|Weehorn Man has 120 seconds left.
|
|t:|1778504501
|switch|p1a: Dragonite|Dragonite, M, shiny|100/100
|turn|7
|
|t:|1778504511
|move|p1a: Dragonite|Earthquake|p2a: Goldengo
|-supereffective|p2a: Goldengo
|-damage|p2a: Goldengo|44/100
|move|p2a: Goldengo|Shadow Ball|p1a: Dragonite
|-damage|p1a: Dragonite|53/100
|-unboost|p1a: Dragonite|spd|1
|
|upkeep
|turn|8
|
|t:|1778504518
|move|p1a: Dragonite|Earthquake|p2a: Goldengo
|-supereffective|p2a: Goldengo
|-damage|p2a: Goldengo|5/100
|move|p2a: Goldengo|Shadow Ball|p1a: Dragonite
|-damage|p1a: Dragonite|0 fnt
|faint|p1a: Dragonite
|
|upkeep
|
|t:|1778504523
|switch|p1a: Iron Crown|Iron Crown|100/100
|turn|9
|
|t:|1778504546
|move|p1a: Iron Crown|Tachyon Cutter|p2a: Goldengo
|-resisted|p2a: Goldengo
|-damage|p2a: Goldengo|0 fnt
|faint|p2a: Goldengo
|-hitcount|p2: Goldengo|1
|
|upkeep
|inactive|DoDouno has 120 seconds left.
|
|t:|1778504563
|switch|p2a: spikes-za-hut|Samurott-Hisui, F|100/100
|turn|10
|
|t:|1778504568
|-end|p1a: Iron Crown|Quark Drive|[silent]
|switch|p1a: Iron Valiant|Iron Valiant, shiny|100/100
|move|p2a: spikes-za-hut|Ceaseless Edge|p1a: Iron Valiant|[miss]
|-miss|p2a: spikes-za-hut|p1a: Iron Valiant
|
|-sideend|p2: DoDouno|move: Light Screen
|upkeep
|turn|11
|
|t:|1778504575
|move|p1a: Iron Valiant|Moonblast|p2a: spikes-za-hut
|-supereffective|p2a: spikes-za-hut
|-enditem|p2a: spikes-za-hut|Focus Sash
|-damage|p2a: spikes-za-hut|1/100
|move|p2a: spikes-za-hut|Razor Shell|p1a: Iron Valiant
|-damage|p1a: Iron Valiant|32/100
|-unboost|p1a: Iron Valiant|def|1
|
|-sideend|p2: DoDouno|Reflect
|upkeep
|turn|12
|
|t:|1778504587
|move|p2a: spikes-za-hut|Sucker Punch|p1a: Iron Valiant
|-resisted|p1a: Iron Valiant
|-damage|p1a: Iron Valiant|16/100
|move|p1a: Iron Valiant|Moonblast|p2a: spikes-za-hut
|-supereffective|p2a: spikes-za-hut
|-damage|p2a: spikes-za-hut|0 fnt
|faint|p2a: spikes-za-hut
|
|upkeep
|
|t:|1778504596
|switch|p2a: chief|Iron Valiant|100/100
|-enditem|p2a: chief|Booster Energy
|-activate|p2a: chief|ability: Quark Drive|[fromitem]
|-start|p2a: chief|quarkdrivespe
|turn|13
|
|t:|1778504608
|-end|p1a: Iron Valiant|Quark Drive|[silent]
|switch|p1a: Iron Crown|Iron Crown|100/100
|move|p2a: chief|Shadow Ball|p1a: Iron Crown
|-supereffective|p1a: Iron Crown
|-damage|p1a: Iron Crown|66/100
|
|upkeep
|turn|14
|inactive|DoDouno has 120 seconds left.
|
|t:|1778504642
|-end|p2a: chief|Quark Drive|[silent]
|switch|p2a: green teen|Dragonite, F|100/100
|move|p1a: Iron Crown|Tachyon Cutter|p2a: green teen
|-damage|p2a: green teen|88/100
|-damage|p2a: green teen|61/100
|-hitcount|p2a: green teen|2
|
|upkeep
|turn|15
|
|t:|1778504655
|-end|p1a: Iron Crown|Quark Drive|[silent]
|switch|p1a: Great Tusk|Great Tusk, shiny|100/100
|move|p2a: green teen|Dragon Dance|p2a: green teen
|-boost|p2a: green teen|atk|1
|-boost|p2a: green teen|spe|1
|
|upkeep
|turn|16
|
|t:|1778504663
|move|p2a: green teen|Scale Shot|p1a: Great Tusk
|-damage|p1a: Great Tusk|84/100
|-damage|p1a: Great Tusk|67/100
|-damage|p1a: Great Tusk|51/100
|-damage|p1a: Great Tusk|34/100
|-damage|p1a: Great Tusk|18/100
|-hitcount|p1a: Great Tusk|5
|-unboost|p2a: green teen|def|1
|-boost|p2a: green teen|spe|1
|move|p1a: Great Tusk|Ice Spinner|p2a: green teen
|-supereffective|p2a: green teen
|-damage|p2a: green teen|0 fnt
|faint|p2a: green teen
|
|upkeep
|
|t:|1778504677
|switch|p2a: chief|Iron Valiant|100/100
|turn|17
|
|t:|1778504684
|move|p2a: chief|Shadow Ball|p1a: Great Tusk
|-damage|p1a: Great Tusk|0 fnt
|faint|p1a: Great Tusk
|-end|p1a: Great Tusk|Protosynthesis|[silent]
|
|upkeep
|
|t:|1778504695
|switch|p1a: Iron Crown|Iron Crown|66/100
|turn|18
|
|t:|1778504698
|-terastallize|p2a: chief|Ghost
|-terastallize|p1a: Iron Crown|Steel
|move|p2a: chief|Shadow Ball|p1a: Iron Crown
|-damage|p1a: Iron Crown|38/100
|move|p1a: Iron Crown|Tachyon Cutter|p2a: chief
|-damage|p2a: chief|41/100
|-damage|p2a: chief|0 fnt
|faint|p2a: chief
|-end|p2a: chief|Quark Drive|[silent]
|-hitcount|p2: chief|2
|
|win|Weehorn Man
|raw|Weehorn Man's rating: 1372 &rarr; <strong>1393</strong><br />(+21 for winning)
|raw|DoDouno's rating: 1382 &rarr; <strong>1361</strong><br />(-21 for losing)
