|html|<div class="broadcast-blue"><strong>[Gen 9] OU is currently suspecting Volcarona! For information on how to participate check out the <a href="https://www.smogon.com/tools/suspects/view/208">suspect thread</a>.</strong></div>
|j|‽mrbungleberry
|j|☆rampo836
|t:|1778504418
|gametype|singles
|player|p1|mrbungleberry|170|1186
|player|p2|rampo836|brawly|1168
|gen|9
|tier|[Gen 9] OU
|rated|
|rule|HP Percentage Mod: HP is shown in percentages
|rule|Endless Battle Clause: Forcing endless battles is banned
|rule|Species Clause: Limit one of each Pokémon
|rule|OHKO Clause: OHKO moves are banned
|rule|Evasion Items Clause: Evasion items are banned
|rule|Evasion Moves Clause: Evasion moves are banned
|rule|Evasion Abilities Clause: Evasion abilities are banned
|rule|Sleep Moves Clause: Sleep-inducing moves are banned
|clearpoke
|poke|p1|Zapdos|
|poke|p1|Pelipper, M|
|poke|p1|Barraskewda, M|
|poke|p1|Glimmora, F|
|poke|p1|Raging Bolt|
|poke|p1|Kingambit, F|
|poke|p2|Masquerain, F|
|poke|p2|Blaziken, F|
|poke|p2|Greninja-*, M|
|poke|p2|Malamar, M|
|poke|p2|Latias, F|
|poke|p2|Great Tusk|
|teampreview
|inactive|Battle timer is ON: inactive players will automatically lose when time's up. (requested by rampo836)
|
|t:|1778504427
|teamsize|p1|6
|teamsize|p2|6
|start
|switch|p1a: Glimmora|Glimmora, F|100/100
|switch|p2a: Masquerain|Masquerain, F|100/100
|-ability|p2a: Masquerain|Intimidate|boost
|-unboost|p1a: Glimmora|atk|1
|turn|1
|
|t:|1778504434
|move|p1a: Glimmora|Stealth Rock|p2a: Masquerain
|-sidestart|p2: rampo836|move: Stealth Rock
|move|p2a: Masquerain|Quiver Dance|p2a: Masquerain
|-boost|p2a: Masquerain|spa|1
|-boost|p2a: Masquerain|spd|1
|-boost|p2a: Masquerain|spe|1
|
|upkeep
|turn|2
|
|t:|1778504442
|move|p2a: Masquerain|Ice Beam|p1a: Glimmora
|-damage|p1a: Glimmora|43/100
|move|p1a: Glimmora|Power Gem|p2a: Masquerain
|-supereffective|p2a: Masquerain
|-crit|p2a: Masquerain
|-enditem|p2a: Masquerain|Focus Sash
|-damage|p2a: Masquerain|1/100
|
|upkeep
|turn|3
|
|t:|1778504454
|move|p2a: Masquerain|Ice Beam|p1a: Glimmora
|-damage|p1a: Glimmora|0 fnt
|faint|p1a: Glimmora
|
|upkeep
|
|t:|1778504460
|switch|p1a: Pelipper|Pelipper, M|100/100
|-weather|RainDance|[from] ability: Drizzle|[of] p1a: Pelipper
|turn|4
|
|t:|1778504468
|move|p2a: Masquerain|Ice Beam|p1a: Pelipper
|-damage|p1a: Pelipper|38/100
|move|p1a: Pelipper|Weather Ball|p2a: Masquerain
|-damage|p2a: Masquerain|0 fnt
|faint|p2a: Masquerain
|
|-weather|RainDance|[upkeep]
|upkeep
|
|t:|1778504477
|switch|p2a: Great Tusk|Great Tusk|100/100
|-damage|p2a: Great Tusk|98/100|[from] Stealth Rock
|-enditem|p2a: Great Tusk|Booster Energy
|-activate|p2a: Great Tusk|ability: Protosynthesis|[fromitem]
|-start|p2a: Great Tusk|protosynthesisatk
|turn|5
|
|t:|1778504484
|move|p2a: Great Tusk|Rapid Spin|p1a: Pelipper
|-damage|p1a: Pelipper|18/100
|-boost|p2a: Great Tusk|spe|1
|-sideend|p2: rampo836|Stealth Rock|[from] move: Rapid Spin|[of] p2a: Great Tusk
|move|p1a: Pelipper|Weather Ball|p2a: Great Tusk
|-supereffective|p2a: Great Tusk
|-damage|p2a: Great Tusk|0 fnt
|faint|p2a: Great Tusk
|-end|p2a: Great Tusk|Protosynthesis|[silent]
|
|-weather|RainDance|[upkeep]
|upkeep
|
|t:|1778504494
|switch|p2a: Greninja|Greninja, M|100/100
|turn|6
|
|t:|1778504499
|move|p2a: Greninja|Dark Pulse|p1a: Pelipper
|-crit|p1a: Pelipper
|-damage|p1a: Pelipper|0 fnt
|faint|p1a: Pelipper
|-ability|p2a: Greninja|Battle Bond|boost
|-boost|p2a: Greninja|atk|1
|-boost|p2a: Greninja|spa|1
|-boost|p2a: Greninja|spe|1
|-activate|p2a: Greninja|ability: Battle Bond
|-damage|p2a: Greninja|91/100|[from] item: Life Orb
|
|-weather|RainDance|[upkeep]
|upkeep
|
|t:|1778504507
|switch|p1a: Barraskewda|Barraskewda, M|100/100
|turn|7
|
|t:|1778504513
|move|p1a: Barraskewda|Close Combat|p2a: Greninja
|-supereffective|p2a: Greninja
|-damage|p2a: Greninja|0 fnt
|-unboost|p1a: Barraskewda|def|1
|-unboost|p1a: Barraskewda|spd|1
|faint|p2a: Greninja
|
|-weather|RainDance|[upkeep]
|upkeep
|
|t:|1778504523
|switch|p2a: Latias|Latias, F|100/100
|turn|8
|
|t:|1778504528
|switch|p1a: Zapdos|Zapdos|100/100
|move|p2a: Latias|Energy Ball|p1a: Zapdos
|-resisted|p1a: Zapdos
|-damage|p1a: Zapdos|84/100
|
|-weather|RainDance|[upkeep]
|upkeep
|turn|9
|
|t:|1778504536
|move|p2a: Latias|Mist Ball|p1a: Zapdos
|-damage|p1a: Zapdos|26/100
|-unboost|p1a: Zapdos|spa|1
|move|p1a: Zapdos|Hurricane|p2a: Latias
|-damage|p2a: Latias|69/100
|
|-weather|RainDance|[upkeep]
|upkeep
|turn|10
|
|t:|1778504547
|move|p2a: Latias|Mist Ball|p1a: Zapdos
|-damage|p1a: Zapdos|0 fnt
|faint|p1a: Zapdos
|
|-weather|RainDance|[upkeep]
|upkeep
|
|t:|1778504553
|switch|p1a: Barraskewda|Barraskewda, M|100/100
|turn|11
|
|t:|1778504560
|-terastallize|p1a: Barraskewda|Water
|move|p1a: Barraskewda|Liquidation|p2a: Latias
|-resisted|p2a: Latias
|-damage|p2a: Latias|0 fnt
|faint|p2a: Latias
|
|-weather|none
|upkeep
|
|t:|1778504566
|switch|p2a: Malamar|Malamar, M|100/100
|turn|12
|
|t:|1778504569
|move|p1a: Barraskewda|Liquidation|p2a: Malamar
|-damage|p2a: Malamar|15/100
|move|p2a: Malamar|Superpower|p1a: Barraskewda
|-damage|p1a: Barraskewda|30/100
|-boost|p2a: Malamar|atk|1
|-boost|p2a: Malamar|def|1
|
|-heal|p2a: Malamar|22/100|[from] item: Leftovers
|upkeep
|turn|13
|
|t:|1778504581
|move|p1a: Barraskewda|Liquidation|p2a: Malamar
|-damage|p2a: Malamar|0 fnt
|faint|p2a: Malamar
|
|upkeep
|
|t:|1778504584
|switch|p2a: Blaziken|Blaziken, F|100/100
|turn|14
|
|t:|1778504590
|move|p2a: Blaziken|Protect|p2a: Blaziken
|-singleturn|p2a: Blaziken|Protect
|move|p1a: Barraskewda|Liquidation|p2a: Blaziken
|-activate|p2a: Blaziken|move: Protect
|
|-ability|p2a: Blaziken|Speed Boost|boost
|-boost|p2a: Blaziken|spe|1
|upkeep
|turn|15
|
|t:|1778504600
|move|p2a: Blaziken|Close Combat|p1a: Barraskewda
|-damage|p1a: Barraskewda|0 fnt
|-unboost|p2a: Blaziken|def|1
|-unboost|p2a: Blaziken|spd|1
|faint|p1a: Barraskewda
|
|-ability|p2a: Blaziken|Speed Boost|boost
|-boost|p2a: Blaziken|spe|1
|upkeep
|
|t:|1778504614
|switch|p1a: Raging Bolt|Raging Bolt|100/100
|-enditem|p1a: Raging Bolt|Booster Energy
|-activate|p1a: Raging Bolt|ability: Protosynthesis|[fromitem]
|-start|p1a: Raging Bolt|protosynthesisspa
|turn|16
|
|t:|1778504622
|move|p1a: Raging Bolt|Thunderclap|p2a: Blaziken
|-crit|p2a: Blaziken
|-damage|p2a: Blaziken|0 fnt
|faint|p2a: Blaziken
|
|win|mrbungleberry
|raw|mrbungleberry's rating: 1186 &rarr; <strong>1210</strong><br />(+24 for winning)
|raw|rampo836's rating: 1168 &rarr; <strong>1144</strong><br />(-24 for losing)
|l|☆rampo836
|player|p2|
