|html|<div class="broadcast-blue"><strong>[Gen 9] OU is currently suspecting Volcarona! For information on how to participate check out the <a href="https://www.smogon.com/tools/suspects/view/208">suspect thread</a>.</strong></div>
|j|☆Diabolo_framboises
|j|☆diddlediddle
|t:|1778498370
|gametype|singles
|player|p1|Diabolo_framboises|265|1312
|player|p2|diddlediddle|swimmerf|1225
|gen|9
|tier|[Gen 9] OU
|rated|
|rule|HP Percentage Mod: HP is shown in percentages
|rule|Endless Battle Clause: Forcing endless battles is banned
|rule|Species Clause: Limit one of each Pokémon
|rule|OHKO Clause: OHKO moves are banned
|rule|Evasion Items Clause: Evasion items are banned
|rule|Evasion Moves Clause: Evasion moves are banned
|rule|Evasion Abilities Clause: Evasion abilities are banned
|rule|Sleep Moves Clause: Sleep-inducing moves are banned
|clearpoke
|poke|p1|Ribombee, M|
|poke|p1|Volcarona, F|
|poke|p1|Serperior, M|
|poke|p1|Iron Valiant|
|poke|p1|Kingambit, M|
|poke|p1|Dragonite, M|
|poke|p2|Cacturne, M|
|poke|p2|Sandy Shocks|
|poke|p2|Hawlucha, F|
|poke|p2|Zoroark-Hisui, M|
|poke|p2|Heatran, F|
|poke|p2|Maushold-Four|
|teampreview
|inactive|Battle timer is ON: inactive players will automatically lose when time's up. (requested by Diabolo_framboises)
|
|t:|1778498387
|teamsize|p1|6
|teamsize|p2|6
|start
|switch|p1a: Ribombee|Ribombee, M|100/100
|switch|p2a: Maushold|Maushold-Four|100/100
|turn|1
|
|t:|1778498400
|move|p1a: Ribombee|Sticky Web|p2a: Maushold
|-sidestart|p2: diddlediddle|move: Sticky Web
|move|p2a: Maushold|Tidy Up|p2a: Maushold
|-sideend|p2: diddlediddle|Sticky Web
|-activate|p2a: Maushold|move: Tidy Up
|-boost|p2a: Maushold|atk|1
|-boost|p2a: Maushold|spe|1
|
|upkeep
|turn|2
|
|t:|1778498414
|switch|p1a: Iron Valiant|Iron Valiant|100/100
|-enditem|p1a: Iron Valiant|Booster Energy
|-activate|p1a: Iron Valiant|ability: Quark Drive|[fromitem]
|-start|p1a: Iron Valiant|quarkdrivespe
|move|p2a: Maushold|Population Bomb|p1a: Iron Valiant
|-damage|p1a: Iron Valiant|79/100
|-damage|p1a: Iron Valiant|56/100
|-damage|p1a: Iron Valiant|36/100
|-damage|p1a: Iron Valiant|14/100
|-damage|p1a: Iron Valiant|0 fnt
|faint|p1a: Iron Valiant
|-end|p1a: Iron Valiant|Quark Drive|[silent]
|-hitcount|p1: Iron Valiant|5
|
|upkeep
|inactive|Diabolo_framboises has 120 seconds left.
|
|t:|1778498469
|switch|p1a: Kingambit|Kingambit, M|100/100
|-activate|p1a: Kingambit|ability: Supreme Overlord
|-start|p1a: Kingambit|fallen1|[silent]
|turn|3
|
|t:|1778498477
|move|p2a: Maushold|Population Bomb|p1a: Kingambit
|-resisted|p1a: Kingambit
|-crit|p1a: Kingambit
|-damage|p1a: Kingambit|90/100
|-resisted|p1a: Kingambit
|-damage|p1a: Kingambit|83/100
|-resisted|p1a: Kingambit
|-damage|p1a: Kingambit|76/100
|-resisted|p1a: Kingambit
|-damage|p1a: Kingambit|69/100
|-resisted|p1a: Kingambit
|-damage|p1a: Kingambit|61/100
|-resisted|p1a: Kingambit
|-damage|p1a: Kingambit|54/100
|-resisted|p1a: Kingambit
|-damage|p1a: Kingambit|48/100
|-resisted|p1a: Kingambit
|-damage|p1a: Kingambit|40/100
|-resisted|p1a: Kingambit
|-damage|p1a: Kingambit|33/100
|-resisted|p1a: Kingambit
|-damage|p1a: Kingambit|26/100
|-hitcount|p1a: Kingambit|10
|move|p1a: Kingambit|Swords Dance|p1a: Kingambit
|-boost|p1a: Kingambit|atk|2
|
|upkeep
|turn|4
|inactive|Diabolo_framboises has 90 seconds left.
|
|t:|1778498503
|move|p1a: Kingambit|Sucker Punch||[still]
|-fail|p1a: Kingambit
|move|p2a: Maushold|Encore|p1a: Kingambit
|-start|p1a: Kingambit|Encore
|
|upkeep
|turn|5
|
|t:|1778498510
|move|p1a: Kingambit|Sucker Punch|p2a: Maushold
|-damage|p2a: Maushold|0 fnt
|faint|p2a: Maushold
|-damage|p1a: Kingambit|16/100|[from] item: Life Orb
|
|upkeep
|
|t:|1778498520
|switch|p2a: Hawlucha|Hawlucha, F|100/100
|turn|6
|
|t:|1778498524
|move|p2a: Hawlucha|Upper Hand|p1a: Kingambit
|-supereffective|p1a: Kingambit
|-damage|p1a: Kingambit|0 fnt
|faint|p1a: Kingambit
|-end|p1a: Kingambit|fallen1|[silent]
|
|upkeep
|
|t:|1778498543
|switch|p1a: Dragonite|Dragonite, M|100/100
|turn|7
|
|t:|1778498550
|switch|p2a: Cacturne|Cacturne, M|100/100
|move|p1a: Dragonite|Dragon Dance|p1a: Dragonite
|-boost|p1a: Dragonite|atk|1
|-boost|p1a: Dragonite|spe|1
|
|upkeep
|turn|8
|
|t:|1778498561
|move|p1a: Dragonite|Ice Spinner|p2a: Cacturne
|-supereffective|p2a: Cacturne
|-enditem|p2a: Cacturne|Focus Sash
|-damage|p2a: Cacturne|1/100
|move|p2a: Cacturne|Counter|p1a: Dragonite
|-damage|p1a: Dragonite|0 fnt
|faint|p1a: Dragonite
|
|upkeep
|
|t:|1778498570
|switch|p1a: Ribombee|Ribombee, M|100/100
|turn|9
|
|t:|1778498583
|switch|p2a: Heatran|Heatran, F|100/100
|move|p1a: Ribombee|Moonblast|p2a: Heatran
|-resisted|p2a: Heatran
|-damage|p2a: Heatran|92/100
|-unboost|p2a: Heatran|spa|1
|
|upkeep
|turn|10
|
|t:|1778498593
|move|p1a: Ribombee|Sticky Web|p2a: Heatran
|-sidestart|p2: diddlediddle|move: Sticky Web
|move|p2a: Heatran|Stealth Rock|p1a: Ribombee
|-sidestart|p1: Diabolo_framboises|move: Stealth Rock
|
|upkeep
|turn|11
|inactive|Diabolo_framboises has 120 seconds left.
|
|t:|1778498599
|switch|p2a: Cacturne|Cacturne, M|1/100
|-activate|p2a: Cacturne|move: Sticky Web
|-unboost|p2a: Cacturne|spe|1
|move|p1a: Ribombee|Stun Spore|p2a: Cacturne
|-immune|p2a: Cacturne
|
|upkeep
|turn|12
|inactive|Diabolo_framboises has 120 seconds left.
|
|t:|1778498610
|move|p1a: Ribombee|Moonblast|p2a: Cacturne
|-supereffective|p2a: Cacturne
|-damage|p2a: Cacturne|0 fnt
|faint|p2a: Cacturne
|
|upkeep
|
|t:|1778498620
|switch|p2a: Hawlucha|Hawlucha, F|100/100
|turn|13
|
|t:|1778498626
|move|p2a: Hawlucha|Endure|p2a: Hawlucha
|-singleturn|p2a: Hawlucha|move: Endure
|move|p1a: Ribombee|Moonblast|p2a: Hawlucha
|-supereffective|p2a: Hawlucha
|-activate|p2a: Hawlucha|move: Endure
|-damage|p2a: Hawlucha|1/100
|-unboost|p2a: Hawlucha|spa|1
|-enditem|p2a: Hawlucha|Liechi Berry|[eat]
|-boost|p2a: Hawlucha|atk|1|[from] item: Liechi Berry
|
|upkeep
|turn|14
|c|☆diddlediddle|You played yourself - DJ Khaled
|
|t:|1778498645
|move|p2a: Hawlucha|Acrobatics|p1a: Ribombee
|-supereffective|p1a: Ribombee
|-enditem|p1a: Ribombee|Focus Sash
|-damage|p1a: Ribombee|1/100
|move|p1a: Ribombee|Psychic Noise|p2a: Hawlucha
|-supereffective|p2a: Hawlucha
|-damage|p2a: Hawlucha|0 fnt
|faint|p2a: Hawlucha
|
|upkeep
|c|☆diddlediddle|I played myself - me
|
|t:|1778498660
|switch|p2a: Heatran|Heatran, F|92/100
|-activate|p2a: Heatran|move: Sticky Web
|-unboost|p2a: Heatran|spe|1
|turn|15
|
|t:|1778498670
|move|p1a: Ribombee|Stun Spore|p2a: Heatran
|-status|p2a: Heatran|par
|cant|p2a: Heatran|par
|
|upkeep
|turn|16
|
|t:|1778498678
|move|p1a: Ribombee|Psychic Noise|p2a: Heatran
|-resisted|p2a: Heatran
|-damage|p2a: Heatran|84/100 par
|-start|p2a: Heatran|move: Heal Block
|cant|p2a: Heatran|par
|
|upkeep
|turn|17
|
|t:|1778498686
|move|p1a: Ribombee|Psychic Noise|p2a: Heatran
|-resisted|p2a: Heatran
|-damage|p2a: Heatran|75/100 par
|move|p2a: Heatran|Flamethrower|p1a: Ribombee
|-supereffective|p1a: Ribombee
|-crit|p1a: Ribombee
|-damage|p1a: Ribombee|0 fnt
|faint|p1a: Ribombee
|
|-end|p2a: Heatran|move: Heal Block
|upkeep
|
|t:|1778498698
|switch|p1a: Volcarona|Volcarona, F|100/100
|turn|18
|
|t:|1778498709
|-terastallize|p2a: Heatran|Flying
|move|p1a: Volcarona|Quiver Dance|p1a: Volcarona
|-boost|p1a: Volcarona|spa|1
|-boost|p1a: Volcarona|spd|1
|-boost|p1a: Volcarona|spe|1
|move|p2a: Heatran|Flamethrower|p1a: Volcarona
|-damage|p1a: Volcarona|55/100
|
|upkeep
|turn|19
|inactive|Diabolo_framboises has 120 seconds left.
|
|t:|1778498740
|move|p1a: Volcarona|Quiver Dance|p1a: Volcarona
|-boost|p1a: Volcarona|spa|1
|-boost|p1a: Volcarona|spd|1
|-boost|p1a: Volcarona|spe|1
|move|p2a: Heatran|Flamethrower|p1a: Volcarona
|-damage|p1a: Volcarona|22/100
|
|upkeep
|turn|20
|
|t:|1778498748
|move|p1a: Volcarona|Giga Drain|p2a: Heatran
|-resisted|p2a: Heatran
|-damage|p2a: Heatran|58/100 par
|-heal|p1a: Volcarona|31/100|[from] drain|[of] p2a: Heatran
|move|p2a: Heatran|Flamethrower|p1a: Volcarona
|-damage|p1a: Volcarona|0 fnt
|faint|p1a: Volcarona
|
|upkeep
|c|☆diddlediddle|Lmaoooo
|
|t:|1778498757
|switch|p1a: Serperior|Serperior, M|100/100
|-damage|p1a: Serperior|88/100|[from] Stealth Rock
|turn|21
|
|t:|1778498767
|move|p1a: Serperior|Leaf Storm|p2a: Heatran
|-resisted|p2a: Heatran
|-damage|p2a: Heatran|33/100 par
|-boost|p1a: Serperior|spa|2
|move|p2a: Heatran|Flamethrower|p1a: Serperior
|-supereffective|p1a: Serperior
|-damage|p1a: Serperior|0 fnt
|faint|p1a: Serperior
|
|win|diddlediddle
|raw|Diabolo_framboises's rating: 1312 &rarr; <strong>1287</strong><br />(-25 for losing)
|raw|diddlediddle's rating: 1225 &rarr; <strong>1256</strong><br />(+31 for winning)
|l|☆Diabolo_framboises
|player|p1|
|l|☆diddlediddle
|player|p2|
