|html|<div class="broadcast-blue"><strong>[Gen 9] OU is currently suspecting Tera Blast! For information on how to participate check out the <a href="https://www.smogon.com/tools/suspects/view/200">suspect thread</a>.</strong></div>
|j|☆EmerilLagass
|j|☆TOMBDADDY
|t:|1776213249
|gametype|singles
|player|p1|EmerilLagass|266|1552
|player|p2|TOMBDADDY|unknown|1558
|gen|9
|tier|[Gen 9] OU
|rated|
|rule|HP Percentage Mod: HP is shown in percentages
|rule|Endless Battle Clause: Forcing endless battles is banned
|rule|Species Clause: Limit one of each Pokémon
|rule|OHKO Clause: OHKO moves are banned
|rule|Evasion Items Clause: Evasion items are banned
|rule|Evasion Moves Clause: Evasion moves are banned
|rule|Evasion Abilities Clause: Evasion abilities are banned
|rule|Sleep Moves Clause: Sleep-inducing moves are banned
|clearpoke
|poke|p1|Slowking-Galar, F|
|poke|p1|Ting-Lu|
|poke|p1|Hydrapple, M|
|poke|p1|Corviknight, M|
|poke|p1|Cinderace, F|
|poke|p1|Dondozo, F|
|poke|p2|Dragapult, F|
|poke|p2|Alomomola, F|
|poke|p2|Ting-Lu|
|poke|p2|Kyurem|
|poke|p2|Weezing-Galar, M|
|poke|p2|Corviknight, M|
|teampreview
|j| ohko_smeargle
|inactive|Battle timer is ON: inactive players will automatically lose when time's up. (requested by EmerilLagass)
|
|t:|1776213263
|teamsize|p1|6
|teamsize|p2|6
|start
|switch|p1a: Slowking|Slowking-Galar, F|100/100
|switch|p2a: Dragapult|Dragapult, F|100/100
|turn|1
|
|t:|1776213271
|switch|p1a: Ting-Lu|Ting-Lu|100/100
|-ability|p1a: Ting-Lu|Vessel of Ruin
|-terastallize|p2a: Dragapult|Ghost
|move|p2a: Dragapult|Tera Blast|p1a: Ting-Lu|[anim] Tera Blast Ghost
|-resisted|p1a: Ting-Lu
|-damage|p1a: Ting-Lu|80/100
|
|-heal|p1a: Ting-Lu|86/100|[from] item: Leftovers
|upkeep
|turn|2
|
|t:|1776213284
|switch|p2a: Kyurem|Kyurem|100/100
|-ability|p2a: Kyurem|Pressure
|move|p1a: Ting-Lu|Payback|p2a: Kyurem
|-damage|p2a: Kyurem|82/100
|
|-heal|p2a: Kyurem|88/100|[from] item: Leftovers
|-heal|p1a: Ting-Lu|93/100|[from] item: Leftovers
|upkeep
|turn|3
|
|t:|1776213295
|switch|p1a: Corviknight|Corviknight, M, shiny|100/100
|-ability|p1a: Corviknight|Pressure
|move|p2a: Kyurem|Substitute|p2a: Kyurem
|-start|p2a: Kyurem|Substitute
|-damage|p2a: Kyurem|63/100
|
|-heal|p2a: Kyurem|69/100|[from] item: Leftovers
|upkeep
|turn|4
|
|t:|1776213301
|move|p2a: Kyurem|Freeze-Dry|p1a: Corviknight
|-damage|p1a: Corviknight|67/100
|move|p1a: Corviknight|Body Press|p2a: Kyurem
|-supereffective|p2a: Kyurem
|-end|p2a: Kyurem|Substitute
|
|-heal|p2a: Kyurem|75/100|[from] item: Leftovers
|upkeep
|turn|5
|
|t:|1776213310
|switch|p2a: Weezing|Weezing-Galar, M|100/100
|-ability|p2a: Weezing|Neutralizing Gas
|move|p1a: Corviknight|Iron Defense|p1a: Corviknight
|-boost|p1a: Corviknight|def|2
|
|upkeep
|turn|6
|
|t:|1776213318
|switch|p1a: Slowking|Slowking-Galar, F|100/100
|move|p2a: Weezing|Will-O-Wisp|p1a: Slowking
|-status|p1a: Slowking|brn
|
|-damage|p1a: Slowking|94/100 brn|[from] brn
|upkeep
|turn|7
|
|t:|1776213324
|-end|p2a: Weezing|ability: Neutralizing Gas
|switch|p2a: Ting-Lu|Ting-Lu|100/100
|-ability|p2a: Ting-Lu|Vessel of Ruin
|move|p1a: Slowking|Psychic Noise|p2a: Ting-Lu
|-immune|p2a: Ting-Lu
|
|-heal|p1a: Slowking|100/100 brn|[from] item: Black Sludge
|-damage|p1a: Slowking|94/100 brn|[from] brn
|upkeep
|turn|8
|
|t:|1776213329
|switch|p2a: Weezing|Weezing-Galar, M|100/100
|-ability|p2a: Weezing|Neutralizing Gas
|move|p1a: Slowking|Trick|p2a: Weezing
|-activate|p1a: Slowking|move: Trick|[of] p2a: Weezing
|-item|p2a: Weezing|Black Sludge|[from] move: Trick
|-item|p1a: Slowking|Leftovers|[from] move: Trick
|
|-heal|p1a: Slowking|100/100 brn|[from] item: Leftovers
|-damage|p1a: Slowking|94/100 brn|[from] brn
|upkeep
|turn|9
|
|t:|1776213341
|-end|p2a: Weezing|ability: Neutralizing Gas
|switch|p2a: Ting-Lu|Ting-Lu|100/100
|-ability|p2a: Ting-Lu|Vessel of Ruin
|move|p1a: Slowking|Psychic Noise|p2a: Ting-Lu
|-immune|p2a: Ting-Lu
|
|-heal|p1a: Slowking|100/100 brn|[from] item: Leftovers
|-damage|p1a: Slowking|94/100 brn|[from] brn
|upkeep
|turn|10
|
|t:|1776213351
|switch|p1a: Dondozo|Dondozo, F|100/100
|move|p2a: Ting-Lu|Ruination|p1a: Dondozo
|-damage|p1a: Dondozo|50/100
|
|-heal|p1a: Dondozo|57/100|[from] item: Leftovers
|upkeep
|turn|11
|
|t:|1776213360
|switch|p2a: Kyurem|Kyurem|75/100
|-ability|p2a: Kyurem|Pressure
|move|p1a: Dondozo|Curse|p1a: Dondozo
|-unboost|p1a: Dondozo|spe|1
|-boost|p1a: Dondozo|atk|1
|-boost|p1a: Dondozo|def|1
|
|-heal|p2a: Kyurem|82/100|[from] item: Leftovers
|-heal|p1a: Dondozo|63/100|[from] item: Leftovers
|upkeep
|turn|12
|
|t:|1776213367
|switch|p1a: Cinderace|Cinderace, F|100/100
|move|p2a: Kyurem|Substitute|p2a: Kyurem
|-start|p2a: Kyurem|Substitute
|-damage|p2a: Kyurem|57/100
|
|-heal|p2a: Kyurem|63/100|[from] item: Leftovers
|upkeep
|turn|13
|
|t:|1776213370
|move|p1a: Cinderace|Pyro Ball|p2a: Kyurem
|-end|p2a: Kyurem|Substitute
|move|p2a: Kyurem|Earth Power|p1a: Cinderace
|-supereffective|p1a: Cinderace
|-damage|p1a: Cinderace|19/100
|
|-heal|p2a: Kyurem|69/100|[from] item: Leftovers
|upkeep
|turn|14
|
|t:|1776213375
|switch|p2a: Alomomola|Alomomola, F|100/100
|move|p1a: Cinderace|Pyro Ball|p2a: Alomomola
|-resisted|p2a: Alomomola
|-damage|p2a: Alomomola|80/100
|
|upkeep
|turn|15
|
|t:|1776213379
|switch|p1a: Hydrapple|Hydrapple, M|100/100
|move|p2a: Alomomola|Flip Turn|p1a: Hydrapple
|-resisted|p1a: Hydrapple
|-crit|p1a: Hydrapple
|-damage|p1a: Hydrapple|97/100
|
|t:|1776213389
|switch|p2a: Dragapult|Dragapult, F, tera:Ghost|100/100|[from] Flip Turn
|
|-heal|p1a: Hydrapple|100/100|[from] item: Leftovers
|upkeep
|turn|16
|
|t:|1776213396
|switch|p1a: Ting-Lu|Ting-Lu|93/100
|-ability|p1a: Ting-Lu|Vessel of Ruin
|move|p2a: Dragapult|U-turn|p1a: Ting-Lu
|-supereffective|p1a: Ting-Lu
|-crit|p1a: Ting-Lu
|-damage|p1a: Ting-Lu|39/100
|-message|EmerilLagass forfeited.
|
|win|TOMBDADDY
|raw|EmerilLagass's rating: 1552 &rarr; <strong>1532</strong><br />(-20 for losing)
|raw|TOMBDADDY's rating: 1558 &rarr; <strong>1578</strong><br />(+20 for winning)
|l|☆EmerilLagass
|player|p1|
|l| ohko_smeargle
