|html|<div class="broadcast-blue"><strong>[Gen 9] OU is currently suspecting Volcarona! For information on how to participate check out the <a href="https://www.smogon.com/tools/suspects/view/208">suspect thread</a>.</strong></div>
|j|☆mathismathin
|j|☆CelticsCforChamps
|t:|1778499935
|gametype|singles
|player|p1|mathismathin|lucas|1569
|player|p2|CelticsCforChamps|lance|1621
|gen|9
|tier|[Gen 9] OU
|rated|
|rule|HP Percentage Mod: HP is shown in percentages
|rule|Endless Battle Clause: Forcing endless battles is banned
|rule|Species Clause: Limit one of each Pokémon
|rule|OHKO Clause: OHKO moves are banned
|rule|Evasion Items Clause: Evasion items are banned
|rule|Evasion Moves Clause: Evasion moves are banned
|rule|Evasion Abilities Clause: Evasion abilities are banned
|rule|Sleep Moves Clause: Sleep-inducing moves are banned
|clearpoke
|poke|p1|Dudunsparce-*, M|
|poke|p1|Volcarona, M|
|poke|p1|Dragapult, M|
|poke|p1|Great Tusk|
|poke|p1|Zapdos|
|poke|p1|Fezandipiti, M|
|poke|p2|Torkoal, F|
|poke|p2|Walking Wake|
|poke|p2|Scizor, F|
|poke|p2|Great Tusk|
|poke|p2|Hatterene, F|
|poke|p2|Venusaur, F|
|teampreview
|
|t:|1778499984
|teamsize|p1|6
|teamsize|p2|6
|start
|switch|p1a: Volcarona|Volcarona, M|100/100
|switch|p2a: Scizor|Scizor, F|100/100
|turn|1
|
|t:|1778500011
|move|p1a: Volcarona|Fire Blast|p2a: Scizor
|-supereffective|p2a: Scizor
|-damage|p2a: Scizor|0 fnt
|faint|p2a: Scizor
|-damage|p1a: Volcarona|91/100|[from] item: Life Orb
|
|upkeep
|c|☆CelticsCforChamps|oh someone know what they are doing lol
|c|☆CelticsCforChamps|didnt want to get swept
|
|t:|1778500033
|switch|p2a: Walking Wake|Walking Wake|100/100
|turn|2
|c|☆CelticsCforChamps|gl hf
|c|☆mathismathin|u2
|
|t:|1778500057
|switch|p1a: Dudunsparce|Dudunsparce-Three-Segment, M|100/100
|move|p2a: Walking Wake|Flip Turn|p1a: Dudunsparce
|-damage|p1a: Dudunsparce|88/100
|
|t:|1778500064
|-end|p2a: Walking Wake|Protosynthesis|[silent]
|switch|p2a: Great Tusk|Great Tusk|100/100|[from] Flip Turn
|
|-heal|p1a: Dudunsparce|94/100|[from] item: Leftovers
|upkeep
|turn|3
|
|t:|1778500069
|switch|p1a: Zapdos|Zapdos|100/100
|move|p2a: Great Tusk|Close Combat|p1a: Zapdos
|-resisted|p1a: Zapdos
|-damage|p1a: Zapdos|76/100
|-unboost|p2a: Great Tusk|def|1
|-unboost|p2a: Great Tusk|spd|1
|
|upkeep
|turn|4
|
|t:|1778500077
|-end|p2a: Great Tusk|Protosynthesis|[silent]
|switch|p2a: Hatterene|Hatterene, F|100/100
|move|p1a: Zapdos|U-turn|p2a: Hatterene
|-damage|p2a: Hatterene|84/100
|
|t:|1778500084
|switch|p1a: Dudunsparce|Dudunsparce-Three-Segment, M|94/100|[from] U-turn
|
|-heal|p1a: Dudunsparce|99/100|[from] item: Leftovers
|upkeep
|turn|5
|
|t:|1778500091
|move|p1a: Dudunsparce|Calm Mind|p1a: Dudunsparce
|-boost|p1a: Dudunsparce|spa|1
|-boost|p1a: Dudunsparce|spd|1
|move|p2a: Hatterene|Nuzzle|p1a: Dudunsparce
|-damage|p1a: Dudunsparce|97/100
|-status|p1a: Dudunsparce|par
|
|-heal|p1a: Dudunsparce|100/100 par|[from] item: Leftovers
|upkeep
|turn|6
|
|t:|1778500101
|move|p2a: Hatterene|Psyshock|p1a: Dudunsparce
|-damage|p1a: Dudunsparce|66/100 par
|move|p1a: Dudunsparce|Boomburst|p2a: Hatterene
|-damage|p2a: Hatterene|33/100
|
|-heal|p1a: Dudunsparce|72/100 par|[from] item: Leftovers
|upkeep
|turn|7
|
|t:|1778500127
|switch|p2a: Great Tusk|Great Tusk|100/100
|move|p1a: Dudunsparce|Roost|p1a: Dudunsparce
|-heal|p1a: Dudunsparce|100/100 par
|-singleturn|p1a: Dudunsparce|move: Roost
|
|upkeep
|turn|8
|c|☆CelticsCforChamps|sparce has roost lol
|
|t:|1778500153
|move|p2a: Great Tusk|Knock Off|p1a: Dudunsparce
|-damage|p1a: Dudunsparce|76/100 par
|-ability|p1a: Dudunsparce|Rattled|boost
|-boost|p1a: Dudunsparce|spe|1
|-enditem|p1a: Dudunsparce|Leftovers|[from] move: Knock Off|[of] p2a: Great Tusk
|cant|p1a: Dudunsparce|par
|
|upkeep
|turn|9
|c|☆mathismathin|ya
|
|t:|1778500161
|-end|p2a: Great Tusk|Protosynthesis|[silent]
|switch|p2a: Hatterene|Hatterene, F|33/100
|switch|p1a: Zapdos|Zapdos|76/100
|
|upkeep
|turn|10
|c|☆mathismathin|hes a cool dude
|
|t:|1778500168
|move|p1a: Zapdos|Hurricane|p2a: Hatterene
|-damage|p2a: Hatterene|5/100
|-start|p2a: Hatterene|confusion
|-activate|p2a: Hatterene|confusion
|move|p2a: Hatterene|Draining Kiss|p1a: Zapdos
|-damage|p1a: Zapdos|49/100
|-heal|p2a: Hatterene|29/100|[from] drain|[of] p1a: Zapdos
|
|upkeep
|turn|11
|
|t:|1778500177
|switch|p2a: Torkoal|Torkoal, F|100/100
|-weather|SunnyDay|[from] ability: Drought|[of] p2a: Torkoal
|move|p1a: Zapdos|Roost|p1a: Zapdos
|-heal|p1a: Zapdos|99/100
|-singleturn|p1a: Zapdos|move: Roost
|
|-weather|SunnyDay|[upkeep]
|upkeep
|turn|12
|
|t:|1778500187
|switch|p2a: Hatterene|Hatterene, F|29/100
|move|p1a: Zapdos|U-turn|p2a: Hatterene
|-damage|p2a: Hatterene|15/100
|
|t:|1778500213
|switch|p1a: Dragapult|Dragapult, M|100/100|[from] U-turn
|
|-weather|SunnyDay|[upkeep]
|upkeep
|turn|13
|
|t:|1778500221
|move|p1a: Dragapult|U-turn|p2a: Hatterene
|-damage|p2a: Hatterene|0 fnt
|faint|p2a: Hatterene
|c|☆CelticsCforChamps|banded
|
|t:|1778500264
|switch|p1a: Volcarona|Volcarona, M|91/100|[from] U-turn
|
|-weather|SunnyDay|[upkeep]
|upkeep
|
|t:|1778500268
|switch|p2a: Walking Wake|Walking Wake|100/100
|-activate|p2a: Walking Wake|ability: Protosynthesis
|-start|p2a: Walking Wake|protosynthesisspe
|turn|14
|
|t:|1778500282
|switch|p1a: Dudunsparce|Dudunsparce-Three-Segment, M|76/100 par
|move|p2a: Walking Wake|Weather Ball|p1a: Dudunsparce
|-damage|p1a: Dudunsparce|0 fnt
|faint|p1a: Dudunsparce
|
|-weather|SunnyDay|[upkeep]
|upkeep
|
|t:|1778500284
|switch|p1a: Dragapult|Dragapult, M|100/100
|turn|15
|
|t:|1778500296
|-end|p2a: Walking Wake|Protosynthesis|[silent]
|switch|p2a: Venusaur|Venusaur, F|100/100
|move|p1a: Dragapult|U-turn|p2a: Venusaur
|-damage|p2a: Venusaur|72/100
|
|t:|1778500301
|switch|p1a: Volcarona|Volcarona, M|91/100|[from] U-turn
|
|-weather|SunnyDay|[upkeep]
|upkeep
|turn|16
|
|t:|1778500308
|move|p2a: Venusaur|Weather Ball|p1a: Volcarona
|-damage|p1a: Volcarona|22/100
|-damage|p2a: Venusaur|62/100|[from] item: Life Orb
|move|p1a: Volcarona|Fire Blast|p2a: Venusaur
|-supereffective|p2a: Venusaur
|-damage|p2a: Venusaur|0 fnt
|faint|p2a: Venusaur
|-damage|p1a: Volcarona|12/100|[from] item: Life Orb
|
|-weather|SunnyDay|[upkeep]
|upkeep
|
|t:|1778500322
|switch|p2a: Great Tusk|Great Tusk|100/100
|-activate|p2a: Great Tusk|ability: Protosynthesis
|-start|p2a: Great Tusk|protosynthesisatk
|turn|17
|
|t:|1778500332
|move|p2a: Great Tusk|Ice Spinner|p1a: Volcarona
|-resisted|p1a: Volcarona
|-damage|p1a: Volcarona|0 fnt
|-status|p2a: Great Tusk|brn|[from] ability: Flame Body|[of] p1a: Volcarona
|faint|p1a: Volcarona
|
|-weather|SunnyDay|[upkeep]
|-damage|p2a: Great Tusk|94/100 brn|[from] brn
|upkeep
|c|☆CelticsCforChamps|no!!!!
|
|t:|1778500339
|switch|p1a: Fezandipiti|Fezandipiti, M|100/100
|turn|18
|c|☆mathismathin|unfort
|c|☆CelticsCforChamps|damn it lol
|
|t:|1778500347
|move|p2a: Great Tusk|Ice Spinner|p1a: Fezandipiti
|-damage|p1a: Fezandipiti|76/100
|move|p1a: Fezandipiti|Swords Dance|p1a: Fezandipiti
|-boost|p1a: Fezandipiti|atk|2
|
|-weather|none
|-end|p2a: Great Tusk|Protosynthesis
|-damage|p2a: Great Tusk|88/100 brn|[from] brn
|upkeep
|turn|19
|
|t:|1778500357
|-end|p2a: Great Tusk|Protosynthesis|[silent]
|switch|p2a: Torkoal|Torkoal, F|100/100
|-weather|SunnyDay|[from] ability: Drought|[of] p2a: Torkoal
|move|p1a: Fezandipiti|Swords Dance|p1a: Fezandipiti
|-boost|p1a: Fezandipiti|atk|2
|
|-weather|SunnyDay|[upkeep]
|upkeep
|turn|20
|
|t:|1778500365
|move|p1a: Fezandipiti|Beat Up|p2a: Torkoal
|-damage|p2a: Torkoal|88/100
|-damage|p2a: Torkoal|75/100
|-damage|p2a: Torkoal|59/100
|-damage|p2a: Torkoal|45/100
|-hitcount|p2a: Torkoal|4
|-damage|p1a: Fezandipiti|66/100|[from] item: Life Orb
|move|p2a: Torkoal|Lava Plume|p1a: Fezandipiti
|-damage|p1a: Fezandipiti|34/100
|-status|p1a: Fezandipiti|brn
|
|-weather|SunnyDay|[upkeep]
|-damage|p1a: Fezandipiti|28/100 brn|[from] brn
|upkeep
|turn|21
|
|t:|1778500380
|switch|p2a: Great Tusk|Great Tusk|88/100 brn
|-activate|p2a: Great Tusk|ability: Protosynthesis
|-start|p2a: Great Tusk|protosynthesisatk
|move|p1a: Fezandipiti|Roost|p1a: Fezandipiti
|-heal|p1a: Fezandipiti|78/100 brn
|-singleturn|p1a: Fezandipiti|move: Roost
|
|-weather|SunnyDay|[upkeep]
|-damage|p2a: Great Tusk|82/100 brn|[from] brn
|-damage|p1a: Fezandipiti|72/100 brn|[from] brn
|upkeep
|turn|22
|
|t:|1778500394
|switch|p1a: Zapdos|Zapdos|99/100
|move|p2a: Great Tusk|Headlong Rush|p1a: Zapdos
|-immune|p1a: Zapdos
|
|-weather|SunnyDay|[upkeep]
|-damage|p2a: Great Tusk|76/100 brn|[from] brn
|upkeep
|turn|23
|
|t:|1778500403
|-end|p2a: Great Tusk|Protosynthesis|[silent]
|switch|p2a: Walking Wake|Walking Wake|100/100
|-activate|p2a: Walking Wake|ability: Protosynthesis
|-start|p2a: Walking Wake|protosynthesisspe
|move|p1a: Zapdos|U-turn|p2a: Walking Wake
|-damage|p2a: Walking Wake|85/100
|
|t:|1778500406
|switch|p1a: Dragapult|Dragapult, M|100/100|[from] U-turn
|
|-weather|SunnyDay|[upkeep]
|upkeep
|turn|24
|
|t:|1778500416
|move|p1a: Dragapult|U-turn|p2a: Walking Wake
|-damage|p2a: Walking Wake|62/100
|
|t:|1778500418
|switch|p1a: Fezandipiti|Fezandipiti, M|72/100 brn|[from] U-turn
|move|p2a: Walking Wake|Dragon Pulse|p1a: Fezandipiti
|-immune|p1a: Fezandipiti
|
|-weather|SunnyDay|[upkeep]
|-damage|p1a: Fezandipiti|66/100 brn|[from] brn
|upkeep
|turn|25
|c|☆CelticsCforChamps|oh
|c|☆CelticsCforChamps|yeah scarf pult is good
|
|t:|1778500433
|-end|p2a: Walking Wake|Protosynthesis|[silent]
|switch|p2a: Great Tusk|Great Tusk|76/100 brn
|-activate|p2a: Great Tusk|ability: Protosynthesis
|-start|p2a: Great Tusk|protosynthesisatk
|move|p1a: Fezandipiti|Play Rough|p2a: Great Tusk
|-supereffective|p2a: Great Tusk
|-damage|p2a: Great Tusk|42/100 brn
|-damage|p1a: Fezandipiti|56/100 brn|[from] item: Life Orb
|
|-weather|SunnyDay|[upkeep]
|-damage|p2a: Great Tusk|36/100 brn|[from] brn
|-damage|p1a: Fezandipiti|50/100 brn|[from] brn
|upkeep
|turn|26
|
|t:|1778500444
|switch|p1a: Zapdos|Zapdos|99/100
|move|p2a: Great Tusk|Knock Off|p1a: Zapdos
|-damage|p1a: Zapdos|84/100
|-enditem|p1a: Zapdos|Heavy-Duty Boots|[from] move: Knock Off|[of] p2a: Great Tusk
|
|-weather|none
|-end|p2a: Great Tusk|Protosynthesis
|-damage|p2a: Great Tusk|30/100 brn|[from] brn
|upkeep
|turn|27
|
|t:|1778500453
|move|p2a: Great Tusk|Knock Off|p1a: Zapdos
|-damage|p1a: Zapdos|76/100
|move|p1a: Zapdos|Discharge|p2a: Great Tusk
|-immune|p2a: Great Tusk
|
|-damage|p2a: Great Tusk|24/100 brn|[from] brn
|upkeep
|turn|28
|j| foxi4
|
|t:|1778500461
|move|p2a: Great Tusk|Knock Off|p1a: Zapdos
|-damage|p1a: Zapdos|68/100
|move|p1a: Zapdos|Hurricane|p2a: Great Tusk
|-supereffective|p2a: Great Tusk
|-damage|p2a: Great Tusk|0 fnt
|faint|p2a: Great Tusk
|-end|p2a: Great Tusk|Protosynthesis|[silent]
|
|upkeep
|
|t:|1778500468
|switch|p2a: Walking Wake|Walking Wake|62/100
|turn|29
|
|t:|1778500472
|-terastallize|p2a: Walking Wake|Water
|move|p2a: Walking Wake|Hydro Steam|p1a: Zapdos
|-damage|p1a: Zapdos|0 fnt
|faint|p1a: Zapdos
|
|upkeep
|
|t:|1778500474
|switch|p1a: Dragapult|Dragapult, M|100/100
|turn|30
|
|t:|1778500480
|-end|p2a: Walking Wake|Protosynthesis|[silent]
|switch|p2a: Torkoal|Torkoal, F|45/100
|-weather|SunnyDay|[from] ability: Drought|[of] p2a: Torkoal
|move|p1a: Dragapult|U-turn|p2a: Torkoal
|-resisted|p2a: Torkoal
|-damage|p2a: Torkoal|39/100
|
|t:|1778500482
|switch|p1a: Great Tusk|Great Tusk|100/100|[from] U-turn
|-activate|p1a: Great Tusk|ability: Protosynthesis
|-start|p1a: Great Tusk|protosynthesisatk
|
|-weather|SunnyDay|[upkeep]
|upkeep
|turn|31
|
|t:|1778500492
|move|p1a: Great Tusk|Headlong Rush|p2a: Torkoal
|-supereffective|p2a: Torkoal
|-damage|p2a: Torkoal|0 fnt
|-unboost|p1a: Great Tusk|def|1
|-unboost|p1a: Great Tusk|spd|1
|faint|p2a: Torkoal
|
|-weather|SunnyDay|[upkeep]
|upkeep
|
|t:|1778500498
|switch|p2a: Walking Wake|Walking Wake, tera:Water|62/100
|-activate|p2a: Walking Wake|ability: Protosynthesis
|-start|p2a: Walking Wake|protosynthesisspe
|turn|32
|c|☆CelticsCforChamps|i dont think i have a chance
|
|t:|1778500516
|move|p2a: Walking Wake|Hydro Steam|p1a: Great Tusk
|-supereffective|p1a: Great Tusk
|-damage|p1a: Great Tusk|0 fnt
|faint|p1a: Great Tusk
|-end|p1a: Great Tusk|Protosynthesis|[silent]
|
|-weather|SunnyDay|[upkeep]
|upkeep
|
|t:|1778500517
|switch|p1a: Dragapult|Dragapult, M|100/100
|turn|33
|
|t:|1778500522
|move|p1a: Dragapult|U-turn|p2a: Walking Wake
|-damage|p2a: Walking Wake|39/100
|c|☆mathismathin|gg
|
|t:|1778500524
|switch|p1a: Fezandipiti|Fezandipiti, M|50/100 brn|[from] U-turn
|move|p2a: Walking Wake|Hydro Steam|p1a: Fezandipiti
|-damage|p1a: Fezandipiti|0 fnt
|faint|p1a: Fezandipiti
|
|-weather|SunnyDay|[upkeep]
|upkeep
|
|t:|1778500526
|switch|p1a: Dragapult|Dragapult, M|100/100
|turn|34
|c|☆CelticsCforChamps|gg
|
|t:|1778500534
|move|p1a: Dragapult|Dragon Darts|p2a: Walking Wake
|-damage|p2a: Walking Wake|17/100
|-anim|p1a: Dragapult|Dragon Darts|p2a: Walking Wake
|-damage|p2a: Walking Wake|0 fnt
|faint|p2a: Walking Wake
|-end|p2a: Walking Wake|Protosynthesis|[silent]
|
|win|mathismathin
|raw|mathismathin's rating: 1548 &rarr; <strong>1572</strong><br />(+24 for winning)
|raw|CelticsCforChamps's rating: 1621 &rarr; <strong>1597</strong><br />(-24 for losing)
