|html|<div class="broadcast-blue"><strong>[Gen 9] OU is currently suspecting Tera Blast! For information on how to participate check out the <a href="https://www.smogon.com/tools/suspects/view/200">suspect thread</a>.</strong></div>
|j|☆randomguy606060
|j|☆WooTB
|t:|1776069025
|gametype|singles
|player|p1|randomguy606060|170|1301
|player|p2|WooTB|palmer|1340
|gen|9
|tier|[Gen 9] OU
|rated|
|rule|HP Percentage Mod: HP is shown in percentages
|rule|Endless Battle Clause: Forcing endless battles is banned
|rule|Species Clause: Limit one of each Pokémon
|rule|OHKO Clause: OHKO moves are banned
|rule|Evasion Items Clause: Evasion items are banned
|rule|Evasion Moves Clause: Evasion moves are banned
|rule|Evasion Abilities Clause: Evasion abilities are banned
|rule|Sleep Moves Clause: Sleep-inducing moves are banned
|clearpoke
|poke|p1|Weezing-Galar, M|
|poke|p1|Tornadus-Therian, M|
|poke|p1|Ting-Lu|
|poke|p1|Alomomola, F|
|poke|p1|Hoopa-Unbound|
|poke|p1|Amoonguss, M|
|poke|p2|Gliscor, M|
|poke|p2|Blissey, F|
|poke|p2|Dondozo, F|
|poke|p2|Clodsire, M|
|poke|p2|Ting-Lu|
|poke|p2|Talonflame, M|
|teampreview
|
|t:|1776069034
|teamsize|p1|6
|teamsize|p2|6
|start
|switch|p1a: Hoopa|Hoopa-Unbound|100/100
|switch|p2a: Gliscor|Gliscor, M|100/100
|turn|1
|
|t:|1776069042
|move|p2a: Gliscor|Protect|p2a: Gliscor
|-singleturn|p2a: Gliscor|Protect
|move|p1a: Hoopa|Knock Off|p2a: Gliscor
|-activate|p2a: Gliscor|move: Protect
|
|-status|p2a: Gliscor|tox|[from] item: Toxic Orb
|upkeep
|turn|2
|
|t:|1776069049
|switch|p1a: Weezing|Weezing-Galar, M|100/100
|-ability|p1a: Weezing|Neutralizing Gas
|move|p2a: Gliscor|Knock Off|p1a: Weezing
|-resisted|p1a: Weezing
|-damage|p1a: Weezing|94/100
|-enditem|p1a: Weezing|Heavy-Duty Boots|[from] move: Knock Off|[of] p2a: Gliscor
|
|-damage|p2a: Gliscor|94/100 tox|[from] psn
|upkeep
|turn|3
|
|t:|1776069090
|move|p2a: Gliscor|Earthquake|p1a: Weezing
|-supereffective|p1a: Weezing
|-damage|p1a: Weezing|50/100
|move|p1a: Weezing|Will-O-Wisp||[still]
|-fail|p1a: Weezing
|
|-damage|p2a: Gliscor|82/100 tox|[from] psn
|upkeep
|turn|4
|
|t:|1776069101
|-end|p1a: Weezing|ability: Neutralizing Gas
|switch|p1a: Tornadus|Tornadus-Therian, M|100/100
|move|p2a: Gliscor|Earthquake|p1a: Tornadus
|-immune|p1a: Tornadus
|
|-heal|p2a: Gliscor|94/100 tox|[from] ability: Poison Heal
|upkeep
|turn|5
|
|t:|1776069111
|move|p1a: Tornadus|U-turn|p2a: Gliscor
|-resisted|p2a: Gliscor
|-damage|p2a: Gliscor|89/100 tox
|
|t:|1776069113
|switch|p1a: Weezing|Weezing-Galar, M|50/100|[from] U-turn
|-ability|p1a: Weezing|Neutralizing Gas
|move|p2a: Gliscor|Toxic|p1a: Weezing
|-immune|p1a: Weezing
|
|-damage|p2a: Gliscor|64/100 tox|[from] psn
|upkeep
|turn|6
|
|t:|1776069136
|switch|p2a: Clodsire|Clodsire, M|100/100
|-end|p1a: Weezing|ability: Neutralizing Gas
|switch|p1a: Amoonguss|Amoonguss, M|100/100
|
|upkeep
|turn|7
|
|t:|1776069148
|switch|p1a: Alomomola|Alomomola, F|100/100
|switch|p2a: Gliscor|Gliscor, M|64/100 tox
|
|-heal|p2a: Gliscor|77/100 tox|[from] ability: Poison Heal
|upkeep
|turn|8
|
|t:|1776069160
|move|p2a: Gliscor|Toxic|p1a: Alomomola
|-status|p1a: Alomomola|tox
|move|p1a: Alomomola|Flip Turn|p2a: Gliscor
|-supereffective|p2a: Gliscor
|-damage|p2a: Gliscor|52/100 tox
|
|t:|1776069166
|switch|p1a: Hoopa|Hoopa-Unbound|100/100|[from] Flip Turn
|
|-heal|p2a: Gliscor|65/100 tox|[from] ability: Poison Heal
|upkeep
|turn|9
|
|t:|1776069173
|move|p2a: Gliscor|Protect|p2a: Gliscor
|-singleturn|p2a: Gliscor|Protect
|move|p1a: Hoopa|Hyperspace Fury|p2a: Gliscor
|-activate|p2a: Gliscor|move: Hyperspace Fury|[broken]
|-damage|p2a: Gliscor|1/100 tox
|-unboost|p1a: Hoopa|def|1
|
|-heal|p2a: Gliscor|13/100 tox|[from] ability: Poison Heal
|upkeep
|turn|10
|
|t:|1776069181
|switch|p2a: Dondozo|Dondozo, F|100/100
|move|p1a: Hoopa|Hyperspace Fury|p2a: Dondozo
|-damage|p2a: Dondozo|56/100
|-unboost|p1a: Hoopa|def|1
|
|-heal|p2a: Dondozo|63/100|[from] item: Leftovers
|upkeep
|turn|11
|
|t:|1776069201
|switch|p1a: Alomomola|Alomomola, F|100/100 tox
|move|p2a: Dondozo|Rest|p2a: Dondozo
|-status|p2a: Dondozo|slp|[from] move: Rest
|-heal|p2a: Dondozo|100/100 slp|[silent]
|
|-damage|p1a: Alomomola|94/100 tox|[from] psn
|upkeep
|turn|12
|
|t:|1776069207
|switch|p2a: Ting-Lu|Ting-Lu|100/100
|-ability|p2a: Ting-Lu|Vessel of Ruin
|move|p1a: Alomomola|Wish|p1a: Alomomola
|
|-damage|p1a: Alomomola|82/100 tox|[from] psn
|upkeep
|turn|13
|
|t:|1776069211
|move|p2a: Ting-Lu|Spikes|p1a: Alomomola
|-sidestart|p1: randomguy606060|Spikes
|move|p1a: Alomomola|Flip Turn|p2a: Ting-Lu
|-supereffective|p2a: Ting-Lu
|-damage|p2a: Ting-Lu|85/100
|
|t:|1776069215
|switch|p1a: Weezing|Weezing-Galar, M|50/100|[from] Flip Turn
|-ability|p1a: Weezing|Neutralizing Gas
|-damage|p1a: Weezing|38/100|[from] Spikes
|
|-heal|p1a: Weezing|100/100|[from] move: Wish|[wisher] Alomomola
|-heal|p2a: Ting-Lu|92/100|[from] item: Leftovers
|upkeep
|turn|14
|
|t:|1776069223
|move|p1a: Weezing|Defog|p2a: Ting-Lu
|-unboost|p2a: Ting-Lu|evasion|1
|-sideend|p1: randomguy606060|Spikes|[from] move: Defog|[of] p1a: Weezing
|move|p2a: Ting-Lu|Ruination|p1a: Weezing|[miss]
|-miss|p2a: Ting-Lu|p1a: Weezing
|
|-heal|p2a: Ting-Lu|98/100|[from] item: Leftovers
|upkeep
|turn|15
|
|t:|1776069228
|move|p1a: Weezing|Will-O-Wisp|p2a: Ting-Lu
|-status|p2a: Ting-Lu|brn
|move|p2a: Ting-Lu|Ruination|p1a: Weezing
|-damage|p1a: Weezing|50/100
|
|-heal|p2a: Ting-Lu|100/100 brn|[from] item: Leftovers
|-damage|p2a: Ting-Lu|94/100 brn|[from] brn
|upkeep
|turn|16
|
|t:|1776069237
|move|p1a: Weezing|Pain Split|p2a: Ting-Lu
|-sethp|p2a: Ting-Lu|64/100 brn|[from] move: Pain Split|[silent]
|-sethp|p1a: Weezing|98/100|[from] move: Pain Split
|move|p2a: Ting-Lu|Spikes|p1a: Weezing
|-sidestart|p1: randomguy606060|Spikes
|
|-heal|p2a: Ting-Lu|70/100 brn|[from] item: Leftovers
|-damage|p2a: Ting-Lu|64/100 brn|[from] brn
|upkeep
|turn|17
|
|t:|1776069257
|-end|p1a: Weezing|ability: Neutralizing Gas
|-ability|p2a: Ting-Lu|Vessel of Ruin
|switch|p1a: Ting-Lu|Ting-Lu|100/100
|-damage|p1a: Ting-Lu|88/100|[from] Spikes
|-ability|p1a: Ting-Lu|Vessel of Ruin
|move|p2a: Ting-Lu|Ruination|p1a: Ting-Lu
|-damage|p1a: Ting-Lu|44/100
|
|-heal|p1a: Ting-Lu|50/100|[from] item: Leftovers
|-heal|p2a: Ting-Lu|70/100 brn|[from] item: Leftovers
|-damage|p2a: Ting-Lu|64/100 brn|[from] brn
|upkeep
|turn|18
|
|t:|1776069266
|move|p1a: Ting-Lu|Stealth Rock|p2a: Ting-Lu
|-sidestart|p2: WooTB|move: Stealth Rock
|move|p2a: Ting-Lu|Spikes|p1a: Ting-Lu
|-sidestart|p1: randomguy606060|Spikes
|
|-heal|p1a: Ting-Lu|57/100|[from] item: Leftovers
|-heal|p2a: Ting-Lu|70/100 brn|[from] item: Leftovers
|-damage|p2a: Ting-Lu|64/100 brn|[from] brn
|upkeep
|turn|19
|
|t:|1776069273
|switch|p1a: Alomomola|Alomomola, F|100/100 tox
|move|p2a: Ting-Lu|Spikes|p1a: Alomomola
|-sidestart|p1: randomguy606060|Spikes
|
|-heal|p2a: Ting-Lu|70/100 brn|[from] item: Leftovers
|-damage|p1a: Alomomola|94/100 tox|[from] psn
|-damage|p2a: Ting-Lu|64/100 brn|[from] brn
|upkeep
|turn|20
|
|t:|1776069277
|move|p2a: Ting-Lu|Ruination|p1a: Alomomola
|-damage|p1a: Alomomola|48/100 tox
|move|p1a: Alomomola|Flip Turn|p2a: Ting-Lu
|-supereffective|p2a: Ting-Lu
|-damage|p2a: Ting-Lu|48/100 brn
|
|t:|1776069288
|switch|p1a: Weezing|Weezing-Galar, M|98/100|[from] Flip Turn
|-ability|p1a: Weezing|Neutralizing Gas
|-damage|p1a: Weezing|73/100|[from] Spikes
|
|-heal|p2a: Ting-Lu|55/100 brn|[from] item: Leftovers
|-damage|p2a: Ting-Lu|48/100 brn|[from] brn
|upkeep
|turn|21
|
|t:|1776069318
|-end|p1a: Weezing|ability: Neutralizing Gas
|-ability|p2a: Ting-Lu|Vessel of Ruin
|switch|p1a: Alomomola|Alomomola, F|81/100 tox
|move|p2a: Ting-Lu|Spikes||[still]
|-fail|p2a: Ting-Lu
|
|-heal|p2a: Ting-Lu|55/100 brn|[from] item: Leftovers
|-damage|p1a: Alomomola|75/100 tox|[from] psn
|-damage|p2a: Ting-Lu|48/100 brn|[from] brn
|upkeep
|turn|22
|
|t:|1776069327
|move|p2a: Ting-Lu|Ruination|p1a: Alomomola
|-damage|p1a: Alomomola|38/100 tox
|move|p1a: Alomomola|Flip Turn|p2a: Ting-Lu
|-supereffective|p2a: Ting-Lu
|-damage|p2a: Ting-Lu|33/100 brn
|
|t:|1776069336
|switch|p1a: Tornadus|Tornadus-Therian, M|100/100|[from] Flip Turn
|
|-heal|p2a: Ting-Lu|39/100 brn|[from] item: Leftovers
|-damage|p2a: Ting-Lu|33/100 brn|[from] brn
|upkeep
|turn|23
|
|t:|1776069342
|move|p1a: Tornadus|Knock Off|p2a: Ting-Lu
|-resisted|p2a: Ting-Lu
|-damage|p2a: Ting-Lu|29/100 brn
|-enditem|p2a: Ting-Lu|Leftovers|[from] move: Knock Off|[of] p1a: Tornadus
|move|p2a: Ting-Lu|Rest|p2a: Ting-Lu
|-status|p2a: Ting-Lu|slp|[from] move: Rest
|-heal|p2a: Ting-Lu|100/100 slp|[silent]
|
|upkeep
|turn|24
|
|t:|1776069357
|switch|p2a: Clodsire|Clodsire, M|100/100
|-damage|p2a: Clodsire|94/100|[from] Stealth Rock
|move|p1a: Tornadus|U-turn|p2a: Clodsire
|-resisted|p2a: Clodsire
|-damage|p2a: Clodsire|87/100
|
|t:|1776069362
|switch|p1a: Hoopa|Hoopa-Unbound|100/100|[from] U-turn
|-damage|p1a: Hoopa|76/100|[from] Spikes
|
|-heal|p2a: Clodsire|93/100|[from] item: Leftovers
|upkeep
|turn|25
|
|t:|1776069370
|switch|p2a: Dondozo|Dondozo, F|100/100 slp
|-damage|p2a: Dondozo|88/100 slp|[from] Stealth Rock
|move|p1a: Hoopa|Hyperspace Fury|p2a: Dondozo
|-damage|p2a: Dondozo|47/100 slp
|-unboost|p1a: Hoopa|def|1
|
|-heal|p2a: Dondozo|54/100 slp|[from] item: Leftovers
|upkeep
|turn|26
|
|t:|1776069376
|move|p1a: Hoopa|Hyperspace Fury|p2a: Dondozo
|-damage|p2a: Dondozo|11/100 slp
|-unboost|p1a: Hoopa|def|1
|cant|p2a: Dondozo|slp
|move|p2a: Dondozo|Sleep Talk|p2a: Dondozo
|move|p2a: Dondozo|Body Press|p1a: Hoopa|[from] move: Sleep Talk
|-damage|p1a: Hoopa|32/100
|
|-heal|p2a: Dondozo|17/100 slp|[from] item: Leftovers
|upkeep
|turn|27
|
|t:|1776069403
|switch|p2a: Ting-Lu|Ting-Lu|100/100 slp
|-damage|p2a: Ting-Lu|94/100 slp|[from] Stealth Rock
|-ability|p2a: Ting-Lu|Vessel of Ruin
|move|p1a: Hoopa|Hyperspace Fury|p2a: Ting-Lu
|-resisted|p2a: Ting-Lu
|-damage|p2a: Ting-Lu|74/100 slp
|-unboost|p1a: Hoopa|def|1
|
|upkeep
|turn|28
|
|t:|1776069418
|switch|p1a: Weezing|Weezing-Galar, M|73/100
|-ability|p1a: Weezing|Neutralizing Gas
|-damage|p1a: Weezing|48/100|[from] Spikes
|cant|p2a: Ting-Lu|slp
|
|upkeep
|turn|29
|
|t:|1776069423
|move|p1a: Weezing|Pain Split|p2a: Ting-Lu
|-sethp|p2a: Ting-Lu|52/100 slp|[from] move: Pain Split|[silent]
|-sethp|p1a: Weezing|80/100|[from] move: Pain Split
|cant|p2a: Ting-Lu|slp
|
|upkeep
|turn|30
|
|t:|1776069428
|move|p1a: Weezing|Will-O-Wisp||[still]
|-fail|p1a: Weezing
|-curestatus|p2a: Ting-Lu|slp|[msg]
|move|p2a: Ting-Lu|Earthquake|p1a: Weezing
|-supereffective|p1a: Weezing
|-damage|p1a: Weezing|36/100
|
|upkeep
|turn|31
|
|t:|1776069446
|-terastallize|p1a: Weezing|Grass
|move|p1a: Weezing|Defog|p2a: Ting-Lu
|-unboost|p2a: Ting-Lu|evasion|1
|-sideend|p2: WooTB|Stealth Rock|[from] move: Defog|[of] p1a: Weezing
|-sideend|p1: randomguy606060|Spikes|[from] move: Defog|[of] p1a: Weezing
|move|p2a: Ting-Lu|Earthquake|p1a: Weezing
|-resisted|p1a: Weezing
|-damage|p1a: Weezing|24/100
|
|upkeep
|turn|32
|
|t:|1776069455
|-end|p1a: Weezing|ability: Neutralizing Gas
|-ability|p2a: Ting-Lu|Vessel of Ruin
|switch|p1a: Alomomola|Alomomola, F|71/100 tox
|move|p2a: Ting-Lu|Spikes|p1a: Alomomola
|-sidestart|p1: randomguy606060|Spikes
|
|-damage|p1a: Alomomola|65/100 tox|[from] psn
|upkeep
|turn|33
|
|t:|1776069462
|move|p2a: Ting-Lu|Spikes|p1a: Alomomola
|-sidestart|p1: randomguy606060|Spikes
|move|p1a: Alomomola|Wish|p1a: Alomomola
|
|-damage|p1a: Alomomola|52/100 tox|[from] psn
|upkeep
|turn|34
|
|t:|1776069466
|move|p2a: Ting-Lu|Spikes|p1a: Alomomola
|-sidestart|p1: randomguy606060|Spikes
|move|p1a: Alomomola|Flip Turn|p2a: Ting-Lu
|-supereffective|p2a: Ting-Lu
|-damage|p2a: Ting-Lu|38/100
|
|t:|1776069470
|switch|p1a: Weezing|Weezing-Galar, M, tera:Grass|24/100|[from] Flip Turn
|-ability|p1a: Weezing|Neutralizing Gas
|-damage|p1a: Weezing|0 fnt|[from] Spikes
|faint|p1a: Weezing
|-end|p1a: Weezing|ability: Neutralizing Gas
|-ability|p2a: Ting-Lu|Vessel of Ruin
|
|upkeep
|-message|randomguy606060 forfeited.
|
|win|WooTB
|raw|randomguy606060's rating: 1301 &rarr; <strong>1283</strong><br />(-18 for losing)
|raw|WooTB's rating: 1340 &rarr; <strong>1358</strong><br />(+18 for winning)
|l|☆randomguy606060
|player|p1|
|l|☆WooTB
|player|p2|
