|html|<div class="broadcast-blue"><strong>[Gen 9] OU is currently suspecting Tera Blast! For information on how to participate check out the <a href="https://www.smogon.com/tools/suspects/view/200">suspect thread</a>.</strong></div>
|j|☆pokenoob123p
|j|☆MarcElf22
|t:|1776131276
|gametype|singles
|player|p1|pokenoob123p|266|
|player|p2|MarcElf22|hilbert-wonderlauncher|
|gen|9
|tier|[Gen 9] OU
|rule|HP Percentage Mod: HP is shown in percentages
|rule|Endless Battle Clause: Forcing endless battles is banned
|rule|Species Clause: Limit one of each Pokémon
|rule|OHKO Clause: OHKO moves are banned
|rule|Evasion Items Clause: Evasion items are banned
|rule|Evasion Moves Clause: Evasion moves are banned
|rule|Evasion Abilities Clause: Evasion abilities are banned
|rule|Sleep Moves Clause: Sleep-inducing moves are banned
|clearpoke
|poke|p1|Cinccino, F|
|poke|p1|Snorlax, F|
|poke|p1|Ursaluna, F|
|poke|p1|Deoxys-Speed|
|poke|p1|Iron Valiant|
|poke|p1|Corviknight, F|
|poke|p2|Weavile, F|
|poke|p2|Meowscarada, F|
|poke|p2|Umbreon, F|
|poke|p2|Toxapex, F|
|poke|p2|Gengar, F|
|poke|p2|Salazzle, F|
|teampreview
|
|t:|1776131290
|teamsize|p1|6
|teamsize|p2|6
|start
|switch|p1a: Deoxys|Deoxys-Speed|100/100
|switch|p2a: Mercy|Toxapex, F|100/100
|-ability|p1a: Deoxys|Pressure
|turn|1
|c|☆pokenoob123p|mercy
|
|t:|1776131340
|move|p2a: Mercy|Baneful Bunker|p2a: Mercy
|-singleturn|p2a: Mercy|move: Protect
|move|p1a: Deoxys|Psycho Boost|p2a: Mercy
|-activate|p2a: Mercy|move: Protect
|
|upkeep
|turn|2
|
|t:|1776131354
|switch|p2a: Miss Magician|Meowscarada, F, shiny|100/100
|move|p1a: Deoxys|Psycho Boost|p2a: Miss Magician
|-immune|p2a: Miss Magician
|
|upkeep
|turn|3
|
|t:|1776131430
|move|p1a: Deoxys|Protect|p1a: Deoxys
|-singleturn|p1a: Deoxys|Protect
|move|p2a: Miss Magician|Knock Off|p1a: Deoxys
|-start|p2a: Miss Magician|typechange|Dark|[from] ability: Protean
|-activate|p1a: Deoxys|move: Protect
|
|upkeep
|turn|4
|
|t:|1776131456
|-terastallize|p1a: Deoxys|Fairy
|move|p1a: Deoxys|Flash Cannon|p2a: Miss Magician
|-damage|p2a: Miss Magician|64/100
|move|p2a: Miss Magician|Knock Off|p1a: Deoxys
|-resisted|p1a: Deoxys
|-damage|p1a: Deoxys|49/100
|-enditem|p1a: Deoxys|Leftovers|[from] move: Knock Off|[of] p2a: Miss Magician
|
|upkeep
|turn|5
|
|t:|1776131470
|move|p1a: Deoxys|Flash Cannon|p2a: Miss Magician
|-damage|p2a: Miss Magician|29/100
|move|p2a: Miss Magician|Knock Off|p1a: Deoxys
|-resisted|p1a: Deoxys
|-damage|p1a: Deoxys|13/100
|
|upkeep
|turn|6
|
|t:|1776131476
|switch|p2a: Kirsche|Umbreon, F|100/100
|move|p1a: Deoxys|Flash Cannon|p2a: Kirsche
|-damage|p2a: Kirsche|84/100
|-unboost|p2a: Kirsche|spd|1
|
|-heal|p2a: Kirsche|90/100|[from] item: Leftovers
|upkeep
|turn|7
|c|☆MarcElf22|-_-
|c|☆pokenoob123p|meow
|
|t:|1776131502
|move|p2a: Kirsche|Protect|p2a: Kirsche
|-singleturn|p2a: Kirsche|Protect
|move|p1a: Deoxys|Flash Cannon|p2a: Kirsche
|-activate|p2a: Kirsche|move: Protect
|
|-heal|p2a: Kirsche|96/100|[from] item: Leftovers
|upkeep
|turn|8
|
|t:|1776131517
|switch|p2a: Mercy|Toxapex, F|100/100
|move|p1a: Deoxys|Protect||[still]
|-fail|p1a: Deoxys
|
|upkeep
|turn|9
|
|t:|1776131526
|move|p1a: Deoxys|Psycho Boost|p2a: Mercy
|-supereffective|p2a: Mercy
|-damage|p2a: Mercy|8/100
|-unboost|p1a: Deoxys|spa|2
|move|p2a: Mercy|Icy Wind|p1a: Deoxys
|-damage|p1a: Deoxys|1/100
|-unboost|p1a: Deoxys|spe|1
|
|-heal|p2a: Mercy|14/100|[from] item: Black Sludge
|upkeep
|turn|10
|
|t:|1776131539
|move|p2a: Mercy|Baneful Bunker|p2a: Mercy
|-singleturn|p2a: Mercy|move: Protect
|move|p1a: Deoxys|Flash Cannon|p2a: Mercy
|-activate|p2a: Mercy|move: Protect
|
|-heal|p2a: Mercy|20/100|[from] item: Black Sludge
|upkeep
|turn|11
|
|t:|1776131576
|switch|p2a: Kirsche|Umbreon, F|96/100
|move|p1a: Deoxys|Flash Cannon|p2a: Kirsche
|-damage|p2a: Kirsche|87/100
|
|-heal|p2a: Kirsche|93/100|[from] item: Leftovers
|upkeep
|turn|12
|
|t:|1776131588
|move|p1a: Deoxys|Protect|p1a: Deoxys
|-singleturn|p1a: Deoxys|Protect
|move|p2a: Kirsche|Wish|p2a: Kirsche
|
|-heal|p2a: Kirsche|99/100|[from] item: Leftovers
|upkeep
|turn|13
|
|t:|1776131603
|move|p1a: Deoxys|Psycho Boost|p2a: Kirsche
|-immune|p2a: Kirsche
|move|p2a: Kirsche|Toxic|p1a: Deoxys
|-status|p1a: Deoxys|tox
|
|-heal|p2a: Kirsche|100/100|[from] move: Wish|[wisher] Kirsche
|-damage|p1a: Deoxys|0 fnt|[from] psn
|faint|p1a: Deoxys
|upkeep
|c|☆pokenoob123p|ok i thoguht you would switch
|
|t:|1776131635
|switch|p1a: Ursaluna|Ursaluna, F|100/100
|turn|14
|
|t:|1776131641
|move|p2a: Kirsche|Toxic|p1a: Ursaluna
|-status|p1a: Ursaluna|tox
|move|p1a: Ursaluna|Bulk Up|p1a: Ursaluna
|-boost|p1a: Ursaluna|atk|1
|-boost|p1a: Ursaluna|def|1
|
|-damage|p1a: Ursaluna|94/100 tox|[from] psn
|upkeep
|turn|15
|
|t:|1776131676
|move|p2a: Kirsche|Foul Play|p1a: Ursaluna
|-damage|p1a: Ursaluna|54/100 tox
|move|p1a: Ursaluna|Drain Punch|p2a: Kirsche
|-supereffective|p2a: Kirsche
|-damage|p2a: Kirsche|16/100
|-heal|p1a: Ursaluna|89/100 tox|[from] drain|[of] p2a: Kirsche
|
|-heal|p2a: Kirsche|22/100|[from] item: Leftovers
|-damage|p1a: Ursaluna|77/100 tox|[from] psn
|upkeep
|turn|16
|
|t:|1776131687
|move|p2a: Kirsche|Protect|p2a: Kirsche
|-singleturn|p2a: Kirsche|Protect
|move|p1a: Ursaluna|Drain Punch|p2a: Kirsche
|-activate|p2a: Kirsche|move: Protect
|
|-heal|p2a: Kirsche|28/100|[from] item: Leftovers
|-damage|p1a: Ursaluna|58/100 tox|[from] psn
|upkeep
|turn|17
|
|t:|1776131734
|switch|p2a: Outlast|Gengar, F|100/100
|move|p1a: Ursaluna|Bulk Up|p1a: Ursaluna
|-boost|p1a: Ursaluna|atk|1
|-boost|p1a: Ursaluna|def|1
|
|-damage|p1a: Ursaluna|33/100 tox|[from] psn
|upkeep
|turn|18
|c|☆MarcElf22|dang
|c|☆MarcElf22|read that switch huh
|c|☆pokenoob123p|yeah
|c|☆pokenoob123p|but now my existence is pointless with outlast here
|c|☆MarcElf22|I could have pulled something bold and wished on your face you know
|c|☆MarcElf22|lol
|c|☆pokenoob123p|i would ahve prefered that
|c|☆MarcElf22|should have had Scrappy Facade
|c|☆pokenoob123p|whsts that?
|
|t:|1776131797
|switch|p1a: Snorlax|Snorlax, F|100/100
|move|p2a: Outlast|Venoshock|p1a: Snorlax
|-damage|p1a: Snorlax|76/100
|-damage|p2a: Outlast|91/100|[from] item: Life Orb
|
|upkeep
|turn|19
|c|☆MarcElf22|you do realized if you kept bulking up, foul play got stronger
|c|☆MarcElf22|Scrappy is an ability that let's normal and fighting attacks hit ghosts
|
|t:|1776131827
|move|p2a: Outlast|Destiny Bond|p2a: Outlast
|-singlemove|p2a: Outlast|Destiny Bond
|move|p1a: Snorlax|Shadow Ball|p2a: Outlast
|-supereffective|p2a: Outlast
|-damage|p2a: Outlast|49/100
|-unboost|p2a: Outlast|spd|1
|-start|p1a: Snorlax|Disable|Shadow Ball|[from] ability: Cursed Body|[of] p2a: Outlast
|
|upkeep
|turn|20
|c|☆pokenoob123p|i see
|c|☆pokenoob123p|smart
|c|☆pokenoob123p|i need that
|
|t:|1776131872
|switch|p1a: Iron Valiant|Iron Valiant|100/100
|move|p2a: Outlast|Venoshock|p1a: Iron Valiant
|-supereffective|p1a: Iron Valiant
|-damage|p1a: Iron Valiant|0 fnt
|faint|p1a: Iron Valiant
|-end|p1a: Iron Valiant|Quark Drive|[silent]
|-damage|p2a: Outlast|39/100|[from] item: Life Orb
|
|upkeep
|
|t:|1776131880
|switch|p1a: Corviknight|Corviknight, F|100/100
|turn|21
|c|☆MarcElf22|I look away and one of the threats is dead lol
|
|t:|1776131932
|switch|p2a: Mercy|Toxapex, F|20/100
|move|p1a: Corviknight|Nasty Plot|p1a: Corviknight
|-boost|p1a: Corviknight|spa|2
|
|-heal|p2a: Mercy|26/100|[from] item: Black Sludge
|upkeep
|turn|22
|c|☆pokenoob123p|yep
|
|t:|1776132010
|move|p1a: Corviknight|Air Slash|p2a: Mercy
|-damage|p2a: Mercy|0 fnt
|faint|p2a: Mercy
|-damage|p1a: Corviknight|91/100|[from] item: Life Orb
|
|upkeep
|
|t:|1776132075
|switch|p2a: Salazzle|Salazzle, F, shiny|100/100
|turn|23
|
|t:|1776132082
|move|p2a: Salazzle|Overheat|p1a: Corviknight
|-supereffective|p1a: Corviknight
|-damage|p1a: Corviknight|0 fnt
|-unboost|p2a: Salazzle|spa|2
|faint|p1a: Corviknight
|
|upkeep
|
|t:|1776132091
|switch|p1a: Ursaluna|Ursaluna, F|33/100 tox
|turn|24
|c|☆MarcElf22|was REALLY tempted to toxic there and torture you for a bit, but didn't wanna risk it biting me in the butt
|c|☆MarcElf22|so I went with Overheat
|
|t:|1776132118
|move|p2a: Salazzle|Venoshock|p1a: Ursaluna
|-resisted|p1a: Ursaluna
|-damage|p1a: Ursaluna|18/100 tox
|move|p1a: Ursaluna|Facade|p2a: Salazzle
|-enditem|p2a: Salazzle|Focus Sash
|-damage|p2a: Salazzle|1/100
|
|-damage|p1a: Ursaluna|12/100 tox|[from] psn
|upkeep
|turn|25
|
|t:|1776132134
|switch|p1a: Snorlax|Snorlax, F|76/100
|move|p2a: Salazzle|Venoshock|p1a: Snorlax
|-damage|p1a: Snorlax|65/100
|
|upkeep
|turn|26
|c|☆MarcElf22|that -2 Spa is really annoying
|
|t:|1776132150
|switch|p2a: Outlast|Gengar, F|39/100
|move|p1a: Snorlax|Rest|p1a: Snorlax
|-status|p1a: Snorlax|slp|[from] move: Rest
|-heal|p1a: Snorlax|100/100 slp|[silent]
|
|upkeep
|turn|27
|
|t:|1776132161
|switch|p1a: Cinccino|Cinccino, F|100/100
|move|p2a: Outlast|Dream Eater|p1a: Cinccino
|-immune|p1a: Cinccino
|
|upkeep
|turn|28
|c|☆MarcElf22|nice switch
|
|t:|1776132180
|move|p1a: Cinccino|Triple Axel|p2a: Outlast
|-damage|p2a: Outlast|28/100
|-start|p1a: Cinccino|Disable|Triple Axel|[from] ability: Cursed Body|[of] p2a: Outlast
|-damage|p2a: Outlast|7/100
|-damage|p2a: Outlast|0 fnt
|faint|p2a: Outlast
|-hitcount|p2: Outlast|3
|
|upkeep
|c|☆MarcElf22|dang lol
|c|☆MarcElf22|went for the kill
|c|☆MarcElf22|Thought, you'd Tidy Up a bit first
|
|t:|1776132208
|switch|p2a: Miss Magician|Meowscarada, F, shiny|29/100
|turn|29
|c|☆pokenoob123p|nothing to clean
|c|☆MarcElf22|Doesn't stop this species
|
|t:|1776132225
|move|p2a: Miss Magician|U-turn|p1a: Cinccino
|-start|p2a: Miss Magician|typechange|Bug|[from] ability: Protean
|-damage|p1a: Cinccino|20/100
|c|☆MarcElf22|that's why It'd be one of my first catches if I ever get isekaid to Pokemon
|c|☆MarcElf22|good house cleaner
|
|t:|1776132254
|switch|p2a: Salazzle|Salazzle, F, shiny|1/100|[from] U-turn
|move|p1a: Cinccino|Rock Blast|p2a: Salazzle
|-supereffective|p2a: Salazzle
|-damage|p2a: Salazzle|0 fnt
|faint|p2a: Salazzle
|-hitcount|p2: Salazzle|1
|
|upkeep
|c|☆pokenoob123p|yep
|
|t:|1776132266
|switch|p2a: Miss Magician|Meowscarada, F, shiny|29/100
|turn|30
|
|t:|1776132291
|move|p2a: Miss Magician|U-turn|p1a: Cinccino
|-start|p2a: Miss Magician|typechange|Bug|[from] ability: Protean
|-crit|p1a: Cinccino
|-damage|p1a: Cinccino|0 fnt
|faint|p1a: Cinccino
|
|t:|1776132306
|switch|p2a: Princess|Weavile, F|100/100|[from] U-turn
|-ability|p2a: Princess|Pressure
|
|upkeep
|
|t:|1776132318
|switch|p1a: Snorlax|Snorlax, F|100/100 slp
|turn|31
|c|☆MarcElf22|Imma make a new team after this
|c|☆pokenoob123p|imma code after this, we want a working camera and movments
|
|t:|1776132358
|move|p2a: Princess|Swords Dance|p2a: Princess
|-boost|p2a: Princess|atk|2
|cant|p1a: Snorlax|slp
|move|p1a: Snorlax|Sleep Talk|p1a: Snorlax
|move|p1a: Snorlax|Rest||[from] move: Sleep Talk|[still]
|-fail|p1a: Snorlax
|
|upkeep
|turn|32
|
|t:|1776132367
|move|p2a: Princess|Swords Dance|p2a: Princess
|-boost|p2a: Princess|atk|2
|cant|p1a: Snorlax|slp
|move|p1a: Snorlax|Sleep Talk|p1a: Snorlax
|move|p1a: Snorlax|Shadow Ball|p2a: Princess|[from] move: Sleep Talk
|-resisted|p2a: Princess
|-damage|p2a: Princess|92/100
|-unboost|p2a: Princess|spd|1
|
|upkeep
|turn|33
|
|t:|1776132384
|move|p2a: Princess|Knock Off|p1a: Snorlax
|-damage|p1a: Snorlax|1/100 slp
|-damage|p2a: Princess|75/100|[from] item: Rocky Helmet|[of] p1a: Snorlax
|-enditem|p1a: Snorlax|Rocky Helmet|[from] move: Knock Off|[of] p2a: Princess
|-curestatus|p1a: Snorlax|slp|[msg]
|move|p1a: Snorlax|Body Press|p2a: Princess
|-supereffective|p2a: Princess
|-damage|p2a: Princess|0 fnt
|faint|p2a: Princess
|
|upkeep
|c|☆pokenoob123p|wow
|c|☆MarcElf22|1 health and a dream this one
|
|t:|1776132397
|switch|p2a: Miss Magician|Meowscarada, F, shiny|29/100
|turn|34
|c|☆MarcElf22|always sleeping too'
|
|t:|1776132422
|move|p2a: Miss Magician|Quick Attack|p1a: Snorlax
|-start|p2a: Miss Magician|typechange|Normal|[from] ability: Protean
|-damage|p1a: Snorlax|0 fnt
|faint|p1a: Snorlax
|
|upkeep
|c|☆pokenoob123p|gg
|
|t:|1776132430
|switch|p1a: Ursaluna|Ursaluna, F|12/100 tox
|turn|35
|c|☆MarcElf22|I know you don't have priority, but I wasn't gonna risk it
|
|t:|1776132435
|move|p2a: Miss Magician|Quick Attack|p1a: Ursaluna
|-damage|p1a: Ursaluna|0 fnt
|faint|p1a: Ursaluna
|
|win|MarcElf22
|c|☆MarcElf22|I'll message you if it's ready
|c|☆pokenoob123p|i m gonna code now, ssee you later
