|html|<div class="broadcast-blue"><strong>[Gen 9] OU is currently suspecting Tera Blast! For information on how to participate check out the <a href="https://www.smogon.com/tools/suspects/view/200">suspect thread</a>.</strong></div>
|j|☆waterser
|j|☆ANOTHERDAYWILLCOME
|t:|1776040564
|gametype|singles
|player|p1|waterser|lucas-gen4pt|1414
|player|p2|ANOTHERDAYWILLCOME|1|1443
|gen|9
|tier|[Gen 9] OU
|rated|
|rule|HP Percentage Mod: HP is shown in percentages
|rule|Endless Battle Clause: Forcing endless battles is banned
|rule|Species Clause: Limit one of each Pokémon
|rule|OHKO Clause: OHKO moves are banned
|rule|Evasion Items Clause: Evasion items are banned
|rule|Evasion Moves Clause: Evasion moves are banned
|rule|Evasion Abilities Clause: Evasion abilities are banned
|rule|Sleep Moves Clause: Sleep-inducing moves are banned
|clearpoke
|poke|p1|Great Tusk|
|poke|p1|Gliscor, M|
|poke|p1|Primarina, F|
|poke|p1|Dragonite, M|
|poke|p1|Kingambit, M|
|poke|p1|Gholdengo|
|poke|p2|Slowking-Galar, F|
|poke|p2|Porygon-Z|
|poke|p2|Meowscarada, F|
|poke|p2|Skeledirge, F|
|poke|p2|Weavile, F|
|poke|p2|Corviknight, M|
|teampreview
|inactive|Battle timer is ON: inactive players will automatically lose when time's up. (requested by waterser)
|
|t:|1776040571
|teamsize|p1|6
|teamsize|p2|6
|start
|switch|p1a: Great Tusk|Great Tusk|100/100
|switch|p2a: Meowscarada|Meowscarada, F|100/100
|turn|1
|
|t:|1776040580
|move|p2a: Meowscarada|U-turn|p1a: Great Tusk
|-start|p2a: Meowscarada|typechange|Bug|[from] ability: Protean
|-resisted|p1a: Great Tusk
|-damage|p1a: Great Tusk|86/100
|
|t:|1776040585
|switch|p2a: Corviknight|Corviknight, M|100/100|[from] U-turn
|-ability|p2a: Corviknight|Pressure
|move|p1a: Great Tusk|Stealth Rock|p2a: Corviknight
|-sidestart|p2: ANOTHERDAYWILLCOME|move: Stealth Rock
|
|-heal|p1a: Great Tusk|92/100|[from] item: Leftovers
|upkeep
|turn|2
|
|t:|1776040590
|-end|p1a: Great Tusk|Protosynthesis|[silent]
|switch|p1a: Gliscor|Gliscor, M, shiny|100/100
|move|p2a: Corviknight|U-turn|p1a: Gliscor
|-resisted|p1a: Gliscor
|-damage|p1a: Gliscor|95/100
|
|t:|1776040603
|switch|p2a: Meowscarada|Meowscarada, F|100/100|[from] U-turn
|-damage|p2a: Meowscarada|88/100|[from] Stealth Rock
|
|-status|p1a: Gliscor|tox|[from] item: Toxic Orb
|upkeep
|turn|3
|
|t:|1776040607
|move|p2a: Meowscarada|Triple Axel|p1a: Gliscor
|-start|p2a: Meowscarada|typechange|Ice|[from] ability: Protean
|-supereffective|p1a: Gliscor
|-damage|p1a: Gliscor|54/100 tox
|-supereffective|p1a: Gliscor
|-damage|p1a: Gliscor|0 fnt
|faint|p1a: Gliscor
|-hitcount|p1: Gliscor|2
|
|upkeep
|
|t:|1776040615
|switch|p1a: Kingambit|Kingambit, M|100/100
|-activate|p1a: Kingambit|ability: Supreme Overlord
|-start|p1a: Kingambit|fallen1|[silent]
|turn|4
|
|t:|1776040620
|switch|p2a: Corviknight|Corviknight, M|100/100
|-ability|p2a: Corviknight|Pressure
|move|p1a: Kingambit|Swords Dance|p1a: Kingambit
|-boost|p1a: Kingambit|atk|2
|
|upkeep
|turn|5
|
|t:|1776040628
|move|p1a: Kingambit|Kowtow Cleave|p2a: Corviknight
|-damage|p2a: Corviknight|23/100
|move|p2a: Corviknight|Defog|p1a: Kingambit
|-unboost|p1a: Kingambit|evasion|1
|-sideend|p2: ANOTHERDAYWILLCOME|Stealth Rock|[from] move: Defog|[of] p2a: Corviknight
|
|upkeep
|turn|6
|
|t:|1776040634
|move|p1a: Kingambit|Kowtow Cleave|p2a: Corviknight
|-damage|p2a: Corviknight|0 fnt
|faint|p2a: Corviknight
|
|upkeep
|
|t:|1776040636
|switch|p2a: Skeledirge|Skeledirge, F|100/100
|turn|7
|
|t:|1776040642
|-end|p1a: Kingambit|fallen1|[silent]
|switch|p1a: Primarina|Primarina, F|100/100
|-terastallize|p2a: Skeledirge|Steel
|move|p2a: Skeledirge|Torch Song|p1a: Primarina
|-resisted|p1a: Primarina
|-damage|p1a: Primarina|91/100
|-boost|p2a: Skeledirge|spa|1
|
|upkeep
|turn|8
|
|t:|1776040652
|switch|p2a: Slowking|Slowking-Galar, F|100/100
|move|p1a: Primarina|Surf|p2a: Slowking
|-damage|p2a: Slowking|72/100
|
|upkeep
|turn|9
|
|t:|1776040656
|move|p1a: Primarina|Psychic Noise|p2a: Slowking
|-damage|p2a: Slowking|55/100
|-start|p2a: Slowking|move: Heal Block
|-prepare|p2a: Slowking|Chilly Reception|[premajor]
|move|p2a: Slowking|Chilly Reception|p2a: Slowking
|-weather|Snowscape
|
|t:|1776040659
|switch|p2a: Meowscarada|Meowscarada, F|88/100|[from] Chilly Reception
|
|-weather|Snowscape|[upkeep]
|upkeep
|turn|10
|
|t:|1776040665
|move|p2a: Meowscarada|U-turn|p1a: Primarina
|-start|p2a: Meowscarada|typechange|Bug|[from] ability: Protean
|-resisted|p1a: Primarina
|-damage|p1a: Primarina|56/100
|
|t:|1776040667
|switch|p2a: Slowking|Slowking-Galar, F|88/100|[from] U-turn
|move|p1a: Primarina|Moonblast|p2a: Slowking
|-resisted|p2a: Slowking
|-damage|p2a: Slowking|73/100
|-unboost|p2a: Slowking|spa|1
|
|-weather|Snowscape|[upkeep]
|upkeep
|turn|11
|
|t:|1776040672
|move|p1a: Primarina|Flip Turn|p2a: Slowking
|-damage|p2a: Slowking|57/100
|
|t:|1776040676
|switch|p1a: Great Tusk|Great Tusk|92/100|[from] Flip Turn
|-prepare|p2a: Slowking|Chilly Reception|[premajor]
|move|p2a: Slowking|Chilly Reception|p2a: Slowking
|
|t:|1776040683
|switch|p2a: Porygon-Z|Porygon-Z|100/100|[from] Chilly Reception
|-ability|p2a: Porygon-Z|Download|boost
|-boost|p2a: Porygon-Z|spa|1
|
|-weather|Snowscape|[upkeep]
|-heal|p1a: Great Tusk|98/100|[from] item: Leftovers
|upkeep
|turn|12
|
|t:|1776040700
|-end|p1a: Great Tusk|Protosynthesis|[silent]
|switch|p1a: Gholdengo|Gholdengo|100/100
|move|p2a: Porygon-Z|Shadow Ball|p1a: Gholdengo
|-supereffective|p1a: Gholdengo
|-damage|p1a: Gholdengo|0 fnt
|faint|p1a: Gholdengo
|
|-weather|Snowscape|[upkeep]
|upkeep
|
|t:|1776040715
|switch|p1a: Kingambit|Kingambit, M|100/100
|-activate|p1a: Kingambit|ability: Supreme Overlord
|-start|p1a: Kingambit|fallen2|[silent]
|turn|13
|
|t:|1776040739
|switch|p2a: Skeledirge|Skeledirge, F, tera:Steel|100/100
|move|p1a: Kingambit|Low Kick|p2a: Skeledirge
|-supereffective|p2a: Skeledirge
|-damage|p2a: Skeledirge|28/100
|
|-weather|none
|upkeep
|turn|14
|
|t:|1776040745
|move|p1a: Kingambit|Low Kick|p2a: Skeledirge
|-supereffective|p2a: Skeledirge
|-damage|p2a: Skeledirge|0 fnt
|faint|p2a: Skeledirge
|
|upkeep
|
|t:|1776040751
|switch|p2a: Porygon-Z|Porygon-Z|100/100
|-ability|p2a: Porygon-Z|Download|boost
|-boost|p2a: Porygon-Z|spa|1
|turn|15
|
|t:|1776040756
|-end|p1a: Kingambit|fallen2|[silent]
|switch|p1a: Primarina|Primarina, F|56/100
|move|p2a: Porygon-Z|Thunderbolt|p1a: Primarina
|-supereffective|p1a: Primarina
|-damage|p1a: Primarina|0 fnt
|faint|p1a: Primarina
|
|upkeep
|
|t:|1776040761
|switch|p1a: Great Tusk|Great Tusk|98/100
|turn|16
|
|t:|1776040765
|switch|p2a: Slowking|Slowking-Galar, F|91/100
|move|p1a: Great Tusk|Stealth Rock|p2a: Slowking
|-sidestart|p2: ANOTHERDAYWILLCOME|move: Stealth Rock
|
|-heal|p1a: Great Tusk|100/100|[from] item: Leftovers
|upkeep
|turn|17
|
|t:|1776040768
|move|p1a: Great Tusk|Headlong Rush|p2a: Slowking
|-supereffective|p2a: Slowking
|-damage|p2a: Slowking|0 fnt
|-unboost|p1a: Great Tusk|def|1
|-unboost|p1a: Great Tusk|spd|1
|faint|p2a: Slowking
|
|upkeep
|
|t:|1776040776
|switch|p2a: Weavile|Weavile, F|100/100
|-damage|p2a: Weavile|76/100|[from] Stealth Rock
|-ability|p2a: Weavile|Pressure
|turn|18
|
|t:|1776040779
|move|p2a: Weavile|Triple Axel|p1a: Great Tusk
|-supereffective|p1a: Great Tusk
|-damage|p1a: Great Tusk|81/100
|-supereffective|p1a: Great Tusk
|-damage|p1a: Great Tusk|41/100
|-supereffective|p1a: Great Tusk
|-damage|p1a: Great Tusk|0 fnt
|faint|p1a: Great Tusk
|-end|p1a: Great Tusk|Protosynthesis|[silent]
|-hitcount|p1: Great Tusk|3
|
|upkeep
|
|t:|1776040783
|switch|p1a: Kingambit|Kingambit, M|100/100
|-activate|p1a: Kingambit|ability: Supreme Overlord
|-start|p1a: Kingambit|fallen4|[silent]
|turn|19
|
|t:|1776040787
|-terastallize|p1a: Kingambit|Ghost
|move|p2a: Weavile|Triple Axel|p1a: Kingambit
|-damage|p1a: Kingambit|92/100
|-damage|p1a: Kingambit|76/100
|-damage|p1a: Kingambit|48/100
|-hitcount|p1a: Kingambit|3
|move|p1a: Kingambit|Low Kick|p2a: Weavile
|-supereffective|p2a: Weavile
|-damage|p2a: Weavile|0 fnt
|faint|p2a: Weavile
|
|upkeep
|
|t:|1776040793
|switch|p2a: Meowscarada|Meowscarada, F|88/100
|-damage|p2a: Meowscarada|76/100|[from] Stealth Rock
|turn|20
|
|t:|1776040803
|move|p1a: Kingambit|Sucker Punch|p2a: Meowscarada
|-resisted|p2a: Meowscarada
|-damage|p2a: Meowscarada|23/100
|move|p2a: Meowscarada|Triple Axel|p1a: Kingambit
|-start|p2a: Meowscarada|typechange|Ice|[from] ability: Protean
|-damage|p1a: Kingambit|35/100
|-damage|p1a: Kingambit|10/100
|-damage|p1a: Kingambit|0 fnt
|faint|p1a: Kingambit
|-end|p1a: Kingambit|fallen4|[silent]
|-hitcount|p1: Kingambit|3
|
|upkeep
|
|t:|1776040808
|switch|p1a: Dragonite|Dragonite, M|100/100
|turn|21
|
|t:|1776040810
|move|p1a: Dragonite|Extreme Speed|p2a: Meowscarada
|-damage|p2a: Meowscarada|0 fnt
|faint|p2a: Meowscarada
|
|upkeep
|
|t:|1776040812
|switch|p2a: Porygon-Z|Porygon-Z|100/100
|-damage|p2a: Porygon-Z|88/100|[from] Stealth Rock
|-ability|p2a: Porygon-Z|Download|boost
|-boost|p2a: Porygon-Z|atk|1
|turn|22
|
|t:|1776040815
|move|p1a: Dragonite|Extreme Speed|p2a: Porygon-Z
|-damage|p2a: Porygon-Z|40/100
|move|p2a: Porygon-Z|Ice Beam|p1a: Dragonite
|-supereffective|p1a: Dragonite
|-damage|p1a: Dragonite|0 fnt
|faint|p1a: Dragonite
|
|win|ANOTHERDAYWILLCOME
|raw|waterser's rating: 1414 &rarr; <strong>1396</strong><br />(-18 for losing)
|raw|ANOTHERDAYWILLCOME's rating: 1443 &rarr; <strong>1461</strong><br />(+18 for winning)
|l|☆waterser
|player|p1|
|l|☆ANOTHERDAYWILLCOME
|player|p2|
