|html|<div class="broadcast-blue"><strong>[Gen 9] OU is currently suspecting Volcarona! For information on how to participate check out the <a href="https://www.smogon.com/tools/suspects/view/208">suspect thread</a>.</strong></div>
|j|☆bengalsfan1
|j|☆YumeKasumi76
|t:|1778505954
|gametype|singles
|player|p1|bengalsfan1|101|1530
|player|p2|YumeKasumi76|266|1498
|gen|9
|tier|[Gen 9] OU
|rated|
|rule|HP Percentage Mod: HP is shown in percentages
|rule|Endless Battle Clause: Forcing endless battles is banned
|rule|Species Clause: Limit one of each Pokémon
|rule|OHKO Clause: OHKO moves are banned
|rule|Evasion Items Clause: Evasion items are banned
|rule|Evasion Moves Clause: Evasion moves are banned
|rule|Evasion Abilities Clause: Evasion abilities are banned
|rule|Sleep Moves Clause: Sleep-inducing moves are banned
|clearpoke
|poke|p1|Volcanion|
|poke|p1|Thundurus-Therian, M|
|poke|p1|Scream Tail|
|poke|p1|Iron Treads|
|poke|p1|Lokix, M|
|poke|p1|Dragonite, M|
|poke|p2|Cobalion|
|poke|p2|Weezing-Galar, M|
|poke|p2|Lokix, F|
|poke|p2|Arboliva, M|
|poke|p2|Ceruledge, F|
|poke|p2|Latios, M|
|teampreview
|
|t:|1778505969
|teamsize|p1|6
|teamsize|p2|6
|start
|switch|p1a: Thundurus|Thundurus-Therian, M|100/100
|switch|p2a: M'affald|Weezing-Galar, M|100/100
|-ability|p2a: M'affald|Neutralizing Gas
|turn|1
|inactive|Battle timer is ON: inactive players will automatically lose when time's up. (requested by YumeKasumi76)
|
|t:|1778505977
|-end|p2a: M'affald|ability: Neutralizing Gas
|switch|p2a: Pantheon|Arboliva, M|100/100
|move|p1a: Thundurus|Psychic|p2a: Pantheon
|-damage|p2a: Pantheon|81/100
|-fieldstart|move: Grassy Terrain|[from] ability: Seed Sower|[of] p2a: Pantheon
|
|-heal|p2a: Pantheon|87/100|[from] Grassy Terrain
|upkeep
|turn|2
|
|t:|1778505989
|move|p1a: Thundurus|Sludge Bomb|p2a: Pantheon
|-supereffective|p2a: Pantheon
|-damage|p2a: Pantheon|45/100
|move|p2a: Pantheon|Earth Power|p1a: Thundurus
|-immune|p1a: Thundurus
|
|-heal|p2a: Pantheon|51/100|[from] Grassy Terrain
|upkeep
|turn|3
|
|t:|1778506004
|move|p1a: Thundurus|Volt Switch|p2a: Pantheon
|-resisted|p2a: Pantheon
|-damage|p2a: Pantheon|40/100
|
|t:|1778506011
|switch|p1a: Lokix|Lokix, M|100/100|[from] Volt Switch
|move|p2a: Pantheon|Mirror Coat|p1a: Lokix
|-immune|p1a: Lokix
|
|-heal|p2a: Pantheon|46/100|[from] Grassy Terrain
|upkeep
|turn|4
|
|t:|1778506026
|switch|p2a: Ironhyde|Cobalion|100/100
|move|p1a: Lokix|U-turn|p2a: Ironhyde
|-resisted|p2a: Ironhyde
|-damage|p2a: Ironhyde|91/100
|-damage|p1a: Lokix|84/100|[from] item: Rocky Helmet|[of] p2a: Ironhyde
|
|t:|1778506034
|switch|p1a: Volcanion|Volcanion|100/100|[from] U-turn
|
|-heal|p2a: Ironhyde|97/100|[from] Grassy Terrain
|upkeep
|turn|5
|
|t:|1778506043
|move|p2a: Ironhyde|Volt Switch|p1a: Volcanion
|-supereffective|p1a: Volcanion
|-damage|p1a: Volcanion|78/100
|
|t:|1778506045
|switch|p2a: Jalter|Ceruledge, F|100/100|[from] Volt Switch
|move|p1a: Volcanion|Flamethrower|p2a: Jalter
|-start|p2a: Jalter|ability: Flash Fire
|
|-heal|p1a: Volcanion|85/100|[from] Grassy Terrain
|-fieldend|move: Grassy Terrain
|upkeep
|turn|6
|
|t:|1778506055
|move|p2a: Jalter|Poltergeist|p1a: Volcanion
|-activate|p1a: Volcanion|move: Poltergeist|Assault Vest
|-damage|p1a: Volcanion|45/100
|move|p1a: Volcanion|Steam Eruption|p2a: Jalter
|-supereffective|p2a: Jalter
|-damage|p2a: Jalter|0 fnt
|faint|p2a: Jalter
|
|upkeep
|
|t:|1778506058
|switch|p2a: Satsuki|Lokix, F, shiny|100/100
|turn|7
|
|t:|1778506068
|switch|p1a: Iron Treads|Iron Treads|100/100
|move|p2a: Satsuki|U-turn|p1a: Iron Treads
|-resisted|p1a: Iron Treads
|-damage|p1a: Iron Treads|59/100
|
|t:|1778506071
|switch|p2a: Ironhyde|Cobalion|97/100|[from] U-turn
|
|-heal|p1a: Iron Treads|65/100|[from] item: Leftovers
|upkeep
|turn|8
|
|t:|1778506083
|move|p1a: Iron Treads|Earthquake|p2a: Ironhyde
|-supereffective|p2a: Ironhyde
|-damage|p2a: Ironhyde|42/100
|move|p2a: Ironhyde|Stealth Rock|p1a: Iron Treads
|-sidestart|p1: bengalsfan1|move: Stealth Rock
|
|-heal|p1a: Iron Treads|71/100|[from] item: Leftovers
|upkeep
|turn|9
|-message|YumeKasumi76 forfeited.
|
|win|bengalsfan1
|raw|bengalsfan1's rating: 1530 &rarr; <strong>1548</strong><br />(+18 for winning)
|raw|YumeKasumi76's rating: 1498 &rarr; <strong>1480</strong><br />(-18 for losing)
|l|☆YumeKasumi76
|player|p2|
|l|☆bengalsfan1
|player|p1|
|j|☆bengalsfan1
|player|p1|bengalsfan1|101|
|l|☆bengalsfan1
|player|p1|
