|html|<div class="broadcast-blue"><strong>[Gen 9] OU is currently suspecting Tera Blast! For information on how to participate check out the <a href="https://www.smogon.com/tools/suspects/view/200">suspect thread</a>.</strong></div>
|j|☆tokiwakano
|j|☆than0304
|t:|1776142080
|gametype|singles
|player|p1|tokiwakano|acetrainerf|1624
|player|p2|than0304|n-masters3|1665
|gen|9
|tier|[Gen 9] OU
|rated|
|rule|HP Percentage Mod: HP is shown in percentages
|rule|Endless Battle Clause: Forcing endless battles is banned
|rule|Species Clause: Limit one of each Pokémon
|rule|OHKO Clause: OHKO moves are banned
|rule|Evasion Items Clause: Evasion items are banned
|rule|Evasion Moves Clause: Evasion moves are banned
|rule|Evasion Abilities Clause: Evasion abilities are banned
|rule|Sleep Moves Clause: Sleep-inducing moves are banned
|clearpoke
|poke|p1|Great Tusk|
|poke|p1|Slowking-Galar, M|
|poke|p1|Corviknight, F|
|poke|p1|Clefable, F|
|poke|p1|Samurott-Hisui, M|
|poke|p1|Dragapult, F|
|poke|p2|Landorus-Therian, M|
|poke|p2|Hoopa-Unbound|
|poke|p2|Slowking-Galar, F|
|poke|p2|Zamazenta-*|
|poke|p2|Kyurem|
|poke|p2|Cinderace, F|
|teampreview
|inactive|Battle timer is ON: inactive players will automatically lose when time's up. (requested by than0304)
|
|t:|1776142091
|teamsize|p1|6
|teamsize|p2|6
|start
|switch|p1a: Dragapult|Dragapult, F|100/100
|switch|p2a: Dr. K|Kyurem, shiny|100/100
|-ability|p2a: Dr. K|Pressure
|turn|1
|
|t:|1776142099
|switch|p1a: Slowking|Slowking-Galar, M|100/100
|move|p2a: Dr. K|Ice Beam|p1a: Slowking
|-damage|p1a: Slowking|79/100
|
|upkeep
|turn|2
|
|t:|1776142108
|switch|p2a: Poopa-Unbound|Hoopa-Unbound|100/100
|switch|p1a: Dragapult|Dragapult, F|100/100
|
|upkeep
|turn|3
|
|t:|1776142112
|switch|p2a: Calrissian|Landorus-Therian, M, shiny|100/100
|-ability|p2a: Calrissian|Intimidate|boost
|-fail|p1a: Dragapult|unboost|[from] ability: Clear Body|[of] p1a: Dragapult
|move|p1a: Dragapult|U-turn|p2a: Calrissian
|-resisted|p2a: Calrissian
|-damage|p2a: Calrissian|95/100
|-damage|p1a: Dragapult|84/100|[from] item: Rocky Helmet|[of] p2a: Calrissian
|
|t:|1776142116
|switch|p1a: Great Tusk|Great Tusk|100/100|[from] U-turn
|
|upkeep
|turn|4
|
|t:|1776142119
|move|p1a: Great Tusk|Ice Spinner|p2a: Calrissian
|-supereffective|p2a: Calrissian
|-damage|p2a: Calrissian|23/100
|-damage|p1a: Great Tusk|84/100|[from] item: Rocky Helmet|[of] p2a: Calrissian
|move|p2a: Calrissian|U-turn|p1a: Great Tusk
|-resisted|p1a: Great Tusk
|-damage|p1a: Great Tusk|76/100
|
|t:|1776142122
|switch|p2a: Dr. K|Kyurem, shiny|100/100|[from] U-turn
|-ability|p2a: Dr. K|Pressure
|
|-heal|p1a: Great Tusk|82/100|[from] item: Leftovers
|upkeep
|turn|5
|
|t:|1776142126
|-end|p1a: Great Tusk|Protosynthesis|[silent]
|switch|p1a: Slowking|Slowking-Galar, M|100/100
|move|p2a: Dr. K|Ice Beam|p1a: Slowking
|-damage|p1a: Slowking|77/100
|
|upkeep
|turn|6
|
|t:|1776142130
|switch|p1a: Corviknight|Corviknight, F|100/100
|-ability|p1a: Corviknight|Pressure
|move|p2a: Dr. K|Ice Beam|p1a: Corviknight
|-damage|p1a: Corviknight|58/100
|
|upkeep
|turn|7
|
|t:|1776142133
|move|p2a: Dr. K|Ice Beam|p1a: Corviknight
|-damage|p1a: Corviknight|14/100
|move|p1a: Corviknight|Roost|p1a: Corviknight
|-heal|p1a: Corviknight|64/100
|-singleturn|p1a: Corviknight|move: Roost
|
|upkeep
|turn|8
|
|t:|1776142138
|switch|p2a: Calrissian|Landorus-Therian, M, shiny|23/100
|-ability|p2a: Calrissian|Intimidate|boost
|-unboost|p1a: Corviknight|atk|1
|move|p1a: Corviknight|Roost|p1a: Corviknight
|-heal|p1a: Corviknight|100/100
|-singleturn|p1a: Corviknight|move: Roost
|
|upkeep
|turn|9
|
|t:|1776142142
|switch|p1a: Great Tusk|Great Tusk|82/100
|move|p2a: Calrissian|Taunt|p1a: Great Tusk
|-start|p1a: Great Tusk|move: Taunt
|
|-heal|p1a: Great Tusk|88/100|[from] item: Leftovers
|upkeep
|turn|10
|
|t:|1776142146
|switch|p2a: Dr. K|Kyurem, shiny|100/100
|-ability|p2a: Dr. K|Pressure
|move|p1a: Great Tusk|Ice Spinner|p2a: Dr. K
|-damage|p2a: Dr. K|75/100
|
|-heal|p1a: Great Tusk|95/100|[from] item: Leftovers
|upkeep
|turn|11
|
|t:|1776142150
|switch|p2a: Poopa-Unbound|Hoopa-Unbound|100/100
|-end|p1a: Great Tusk|Protosynthesis|[silent]
|switch|p1a: Slowking|Slowking-Galar, M|100/100
|
|upkeep
|turn|12
|
|t:|1776142153
|switch|p1a: Corviknight|Corviknight, F|100/100
|-ability|p1a: Corviknight|Pressure
|move|p2a: Poopa-Unbound|Knock Off|p1a: Corviknight
|-damage|p1a: Corviknight|71/100
|-damage|p2a: Poopa-Unbound|84/100|[from] item: Rocky Helmet|[of] p1a: Corviknight
|-enditem|p1a: Corviknight|Rocky Helmet|[from] move: Knock Off|[of] p2a: Poopa-Unbound
|
|upkeep
|turn|13
|
|t:|1776142156
|move|p2a: Poopa-Unbound|Thunderbolt|p1a: Corviknight
|-supereffective|p1a: Corviknight
|-damage|p1a: Corviknight|0 fnt
|faint|p1a: Corviknight
|
|upkeep
|
|t:|1776142161
|switch|p1a: Dragapult|Dragapult, F|84/100
|turn|14
|
|t:|1776142174
|switch|p2a: Calrissian|Landorus-Therian, M, shiny|23/100
|-ability|p2a: Calrissian|Intimidate|boost
|-fail|p1a: Dragapult|unboost|[from] ability: Clear Body|[of] p1a: Dragapult
|move|p1a: Dragapult|U-turn|p2a: Calrissian
|-resisted|p2a: Calrissian
|-damage|p2a: Calrissian|17/100
|-damage|p1a: Dragapult|68/100|[from] item: Rocky Helmet|[of] p2a: Calrissian
|
|t:|1776142178
|switch|p1a: Great Tusk|Great Tusk|95/100|[from] U-turn
|
|-heal|p1a: Great Tusk|100/100|[from] item: Leftovers
|upkeep
|turn|15
|inactive|than0304 has 120 seconds left.
|
|t:|1776142222
|move|p1a: Great Tusk|Close Combat|p2a: Calrissian
|-resisted|p2a: Calrissian
|-damage|p2a: Calrissian|0 fnt
|-unboost|p1a: Great Tusk|def|1
|-unboost|p1a: Great Tusk|spd|1
|-damage|p1a: Great Tusk|84/100|[from] item: Rocky Helmet|[of] p2a: Calrissian
|faint|p2a: Calrissian
|
|-heal|p1a: Great Tusk|90/100|[from] item: Leftovers
|upkeep
|
|t:|1776142231
|switch|p2a: Dr. K|Kyurem, shiny|75/100
|-ability|p2a: Dr. K|Pressure
|turn|16
|
|t:|1776142237
|-end|p1a: Great Tusk|Protosynthesis|[silent]
|switch|p1a: Slowking|Slowking-Galar, M|100/100
|-terastallize|p2a: Dr. K|Ground
|move|p2a: Dr. K|Earth Power|p1a: Slowking
|-supereffective|p1a: Slowking
|-damage|p1a: Slowking|53/100
|
|upkeep
|turn|17
|
|t:|1776142247
|move|p2a: Dr. K|Earth Power|p1a: Slowking
|-supereffective|p1a: Slowking
|-damage|p1a: Slowking|6/100
|move|p1a: Slowking|Ice Beam|p2a: Dr. K
|-supereffective|p2a: Dr. K
|-damage|p2a: Dr. K|23/100
|
|upkeep
|turn|18
|
|t:|1776142253
|switch|p1a: Samurott|Samurott-Hisui, M|100/100
|move|p2a: Dr. K|Earth Power|p1a: Samurott
|-damage|p1a: Samurott|35/100
|
|upkeep
|turn|19
|
|t:|1776142259
|move|p1a: Samurott|Aqua Jet|p2a: Dr. K
|-supereffective|p2a: Dr. K
|-damage|p2a: Dr. K|0 fnt
|faint|p2a: Dr. K
|
|upkeep
|
|t:|1776142264
|switch|p2a: danger dog|Zamazenta, shiny|100/100
|-ability|p2a: danger dog|Dauntless Shield|boost
|-boost|p2a: danger dog|def|1
|turn|20
|
|t:|1776142267
|switch|p1a: Slowking|Slowking-Galar, M|39/100
|move|p2a: danger dog|Body Press|p1a: Slowking
|-resisted|p1a: Slowking
|-damage|p1a: Slowking|27/100
|
|upkeep
|turn|21
|
|t:|1776142270
|switch|p1a: Clefable|Clefable, F|100/100
|move|p2a: danger dog|Crunch|p1a: Clefable
|-resisted|p1a: Clefable
|-damage|p1a: Clefable|92/100
|-unboost|p1a: Clefable|def|1
|
|-heal|p1a: Clefable|98/100|[from] item: Leftovers
|upkeep
|turn|22
|
|t:|1776142274
|switch|p1a: Slowking|Slowking-Galar, M|61/100
|move|p2a: danger dog|Heavy Slam|p1a: Slowking
|-damage|p1a: Slowking|45/100
|
|upkeep
|turn|23
|
|t:|1776142278
|switch|p2a: Poopa-Unbound|Hoopa-Unbound|84/100
|switch|p1a: Clefable|Clefable, F|98/100
|
|-heal|p1a: Clefable|100/100|[from] item: Leftovers
|upkeep
|turn|24
|
|t:|1776142288
|move|p2a: Poopa-Unbound|Psychic Noise|p1a: Clefable
|-damage|p1a: Clefable|58/100
|-start|p1a: Clefable|move: Heal Block
|move|p1a: Clefable|Moonblast|p2a: Poopa-Unbound
|-supereffective|p2a: Poopa-Unbound
|-damage|p2a: Poopa-Unbound|50/100
|-unboost|p2a: Poopa-Unbound|spa|1
|
|upkeep
|turn|25
|
|t:|1776142297
|switch|p2a: Pulisic|Cinderace, F, shiny|100/100
|switch|p1a: Samurott|Samurott-Hisui, M|35/100
|
|upkeep
|turn|26
|
|t:|1776142300
|move|p1a: Samurott|Aqua Jet|p2a: Pulisic
|-supereffective|p2a: Pulisic
|-damage|p2a: Pulisic|48/100
|move|p2a: Pulisic|U-turn|p1a: Samurott
|-start|p2a: Pulisic|typechange|Bug|[from] ability: Libero
|-supereffective|p1a: Samurott
|-damage|p1a: Samurott|0 fnt
|faint|p1a: Samurott
|
|t:|1776142305
|switch|p2a: danger dog|Zamazenta, shiny|100/100|[from] U-turn
|
|upkeep
|
|t:|1776142308
|switch|p1a: Clefable|Clefable, F|58/100
|turn|27
|
|t:|1776142316
|switch|p1a: Slowking|Slowking-Galar, M|78/100
|move|p2a: danger dog|Heavy Slam|p1a: Slowking
|-damage|p1a: Slowking|60/100
|
|upkeep
|turn|28
|
|t:|1776142319
|move|p2a: danger dog|Crunch|p1a: Slowking
|-supereffective|p1a: Slowking
|-damage|p1a: Slowking|14/100
|-unboost|p1a: Slowking|def|1
|move|p1a: Slowking|Sludge Bomb|p2a: danger dog
|-damage|p2a: danger dog|70/100
|
|-heal|p2a: danger dog|76/100|[from] item: Leftovers
|upkeep
|turn|29
|
|t:|1776142327
|switch|p1a: Clefable|Clefable, F|58/100
|move|p2a: danger dog|Heavy Slam|p1a: Clefable
|-supereffective|p1a: Clefable
|-damage|p1a: Clefable|7/100
|
|-heal|p2a: danger dog|82/100|[from] item: Leftovers
|-heal|p1a: Clefable|13/100|[from] item: Leftovers
|upkeep
|turn|30
|
|t:|1776142333
|move|p2a: danger dog|Heavy Slam|p1a: Clefable
|-supereffective|p1a: Clefable
|-damage|p1a: Clefable|0 fnt
|faint|p1a: Clefable
|
|-heal|p2a: danger dog|89/100|[from] item: Leftovers
|upkeep
|
|t:|1776142339
|switch|p1a: Dragapult|Dragapult, F|68/100
|turn|31
|
|t:|1776142342
|-terastallize|p1a: Dragapult|Ghost
|move|p1a: Dragapult|Shadow Ball|p2a: danger dog
|-damage|p2a: danger dog|29/100
|move|p2a: danger dog|Crunch|p1a: Dragapult
|-supereffective|p1a: Dragapult
|-damage|p1a: Dragapult|9/100
|
|-heal|p2a: danger dog|36/100|[from] item: Leftovers
|upkeep
|turn|32
|
|t:|1776142348
|switch|p2a: The King|Slowking-Galar, F, shiny|100/100
|move|p1a: Dragapult|Shadow Ball|p2a: The King
|-supereffective|p2a: The King
|-damage|p2a: The King|22/100
|
|upkeep
|turn|33
|
|t:|1776142351
|move|p1a: Dragapult|Shadow Ball|p2a: The King
|-supereffective|p2a: The King
|-damage|p2a: The King|0 fnt
|faint|p2a: The King
|
|upkeep
|
|t:|1776142352
|switch|p2a: Pulisic|Cinderace, F, shiny|48/100
|turn|34
|
|t:|1776142356
|move|p2a: Pulisic|Sucker Punch|p1a: Dragapult
|-start|p2a: Pulisic|typechange|Dark|[from] ability: Libero
|-supereffective|p1a: Dragapult
|-damage|p1a: Dragapult|0 fnt
|faint|p1a: Dragapult
|
|upkeep
|
|t:|1776142357
|switch|p1a: Great Tusk|Great Tusk|90/100
|turn|35
|
|t:|1776142362
|move|p2a: Pulisic|U-turn|p1a: Great Tusk
|-resisted|p1a: Great Tusk
|-damage|p1a: Great Tusk|82/100
|
|t:|1776142364
|switch|p2a: danger dog|Zamazenta, shiny|36/100|[from] U-turn
|move|p1a: Great Tusk|Rapid Spin|p2a: danger dog
|-damage|p2a: danger dog|23/100
|-boost|p1a: Great Tusk|spe|1
|
|-heal|p1a: Great Tusk|88/100|[from] item: Leftovers
|-heal|p2a: danger dog|29/100|[from] item: Leftovers
|upkeep
|turn|36
|
|t:|1776142368
|move|p1a: Great Tusk|Headlong Rush|p2a: danger dog
|-damage|p2a: danger dog|0 fnt
|-unboost|p1a: Great Tusk|def|1
|-unboost|p1a: Great Tusk|spd|1
|faint|p2a: danger dog
|
|-heal|p1a: Great Tusk|94/100|[from] item: Leftovers
|upkeep
|-message|than0304 forfeited.
|
|win|tokiwakano
|raw|tokiwakano's rating: 1624 &rarr; <strong>1646</strong><br />(+22 for winning)
|raw|than0304's rating: 1665 &rarr; <strong>1643</strong><br />(-22 for losing)
|l|☆than0304
|player|p2|
