|html|<div class="broadcast-blue"><strong>[Gen 9] OU is currently suspecting Tera Blast! For information on how to participate check out the <a href="https://www.smogon.com/tools/suspects/view/200">suspect thread</a>.</strong></div>
|j|☆fat chud seal
|j|☆Helen_chuffe
|t:|1776067994
|gametype|singles
|player|p1|fat chud seal|266|1149
|player|p2|Helen_chuffe|lucas|1108
|gen|9
|tier|[Gen 9] OU
|rated|
|rule|HP Percentage Mod: HP is shown in percentages
|rule|Endless Battle Clause: Forcing endless battles is banned
|rule|Species Clause: Limit one of each Pokémon
|rule|OHKO Clause: OHKO moves are banned
|rule|Evasion Items Clause: Evasion items are banned
|rule|Evasion Moves Clause: Evasion moves are banned
|rule|Evasion Abilities Clause: Evasion abilities are banned
|rule|Sleep Moves Clause: Sleep-inducing moves are banned
|clearpoke
|poke|p1|Reuniclus, M|
|poke|p1|Corviknight, F|
|poke|p1|Ceruledge, F|
|poke|p1|Zarude|
|poke|p1|Iron Valiant|
|poke|p1|Barraskewda, F|
|poke|p2|Clefable, F|
|poke|p2|Blissey, F|
|poke|p2|Garganacl, M|
|poke|p2|Corviknight, M|
|poke|p2|Gliscor, M|
|poke|p2|Alomomola, F|
|teampreview
|
|t:|1776068001
|teamsize|p1|6
|teamsize|p2|6
|start
|switch|p1a: Doohickey|Barraskewda, F|100/100
|switch|p2a: Alomomola|Alomomola, F, shiny|100/100
|turn|1
|
|t:|1776068008
|move|p1a: Doohickey|Flip Turn|p2a: Alomomola
|-resisted|p2a: Alomomola
|-damage|p2a: Alomomola|82/100
|
|t:|1776068012
|switch|p1a: Thingamebob|Reuniclus, M|100/100|[from] Flip Turn
|move|p2a: Alomomola|Flip Turn|p1a: Thingamebob
|-damage|p1a: Thingamebob|84/100
|
|t:|1776068022
|switch|p2a: Blissey|Blissey, F, shiny|100/100|[from] Flip Turn
|
|upkeep
|turn|2
|
|t:|1776068026
|move|p2a: Blissey|Stealth Rock|p1a: Thingamebob
|-sidestart|p1: fat chud seal|move: Stealth Rock
|move|p1a: Thingamebob|Trick|p2a: Blissey
|-activate|p1a: Thingamebob|move: Trick|[of] p2a: Blissey
|-item|p2a: Blissey|Sticky Barb|[from] move: Trick
|-item|p1a: Thingamebob|Heavy-Duty Boots|[from] move: Trick
|
|-damage|p2a: Blissey|88/100|[from] item: Sticky Barb
|upkeep
|turn|3
|
|t:|1776068049
|move|p2a: Blissey|Seismic Toss|p1a: Thingamebob
|-damage|p1a: Thingamebob|60/100
|move|p1a: Thingamebob|Thunder Wave|p2a: Blissey
|-status|p2a: Blissey|par
|
|-damage|p2a: Blissey|76/100 par|[from] item: Sticky Barb
|upkeep
|turn|4
|
|t:|1776068057
|move|p1a: Thingamebob|Recover|p1a: Thingamebob
|-heal|p1a: Thingamebob|100/100
|move|p2a: Blissey|Seismic Toss|p1a: Thingamebob
|-damage|p1a: Thingamebob|77/100
|
|-damage|p2a: Blissey|63/100 par|[from] item: Sticky Barb
|upkeep
|turn|5
|
|t:|1776068065
|switch|p1a: Doodad|Corviknight, F|100/100
|-damage|p1a: Doodad|88/100|[from] Stealth Rock
|move|p2a: Blissey|Heal Bell|p2a: Blissey
|-activate|p2a: Blissey|move: Heal Bell
|-curestatus|p2a: Blissey|par|[msg]
|
|-heal|p1a: Doodad|94/100|[from] item: Leftovers
|-damage|p2a: Blissey|51/100|[from] item: Sticky Barb
|upkeep
|turn|6
|
|t:|1776068077
|move|p1a: Doodad|Defog|p2a: Blissey
|-unboost|p2a: Blissey|evasion|1
|-sideend|p1: fat chud seal|Stealth Rock|[from] move: Defog|[of] p1a: Doodad
|move|p2a: Blissey|Seismic Toss|p1a: Doodad
|-damage|p1a: Doodad|69/100
|
|-heal|p1a: Doodad|75/100|[from] item: Leftovers
|-damage|p2a: Blissey|38/100|[from] item: Sticky Barb
|upkeep
|turn|7
|
|t:|1776068089
|switch|p1a: Doohickey|Barraskewda, F|100/100
|move|p2a: Blissey|Soft-Boiled|p2a: Blissey
|-heal|p2a: Blissey|88/100
|
|-damage|p2a: Blissey|76/100|[from] item: Sticky Barb
|upkeep
|turn|8
|
|t:|1776068095
|move|p1a: Doohickey|Close Combat|p2a: Blissey
|-supereffective|p2a: Blissey
|-damage|p2a: Blissey|0 fnt
|-unboost|p1a: Doohickey|def|1
|-unboost|p1a: Doohickey|spd|1
|faint|p2a: Blissey
|
|upkeep
|
|t:|1776068103
|switch|p2a: Gliscor|Gliscor, M, shiny|100/100
|turn|9
|
|t:|1776068110
|switch|p1a: whatchamacallit|Zarude|100/100
|move|p2a: Gliscor|Protect||[still]
|-fail|p2a: Gliscor
|
|-status|p2a: Gliscor|tox|[from] item: Toxic Orb
|upkeep
|turn|10
|
|t:|1776068121
|move|p1a: whatchamacallit|Knock Off|p2a: Gliscor
|-damage|p2a: Gliscor|68/100 tox
|-enditem|p2a: Gliscor|Toxic Orb|[from] move: Knock Off|[of] p1a: whatchamacallit
|move|p2a: Gliscor|Toxic|p1a: whatchamacallit
|-status|p1a: whatchamacallit|tox
|
|-damage|p1a: whatchamacallit|94/100 tox|[from] psn
|-heal|p2a: Gliscor|81/100 tox|[from] ability: Poison Heal
|upkeep
|turn|11
|
|t:|1776068134
|switch|p1a: Thingamebob|Reuniclus, M|77/100
|move|p2a: Gliscor|Substitute|p2a: Gliscor
|-start|p2a: Gliscor|Substitute
|-damage|p2a: Gliscor|56/100 tox
|
|-heal|p2a: Gliscor|68/100 tox|[from] ability: Poison Heal
|upkeep
|turn|12
|
|t:|1776068142
|move|p2a: Gliscor|Toxic|p1a: Thingamebob
|-status|p1a: Thingamebob|tox
|move|p1a: Thingamebob|Psychic Noise|p2a: Gliscor
|-damage|p2a: Gliscor|25/100 tox
|-start|p2a: Gliscor|move: Heal Block
|
|upkeep
|turn|13
|
|t:|1776068176
|move|p2a: Gliscor|Protect|p2a: Gliscor
|-singleturn|p2a: Gliscor|Protect
|move|p1a: Thingamebob|Psychic Noise|p2a: Gliscor
|-activate|p2a: Gliscor|move: Protect
|
|-end|p2a: Gliscor|move: Heal Block
|upkeep
|turn|14
|
|t:|1776068188
|move|p2a: Gliscor|Crabhammer|p1a: Thingamebob
|-damage|p1a: Thingamebob|54/100 tox
|move|p1a: Thingamebob|Psychic Noise|p2a: Gliscor
|-damage|p2a: Gliscor|0 fnt
|faint|p2a: Gliscor
|
|upkeep
|
|t:|1776068193
|switch|p2a: Clefable|Clefable, F, shiny|100/100
|turn|15
|
|t:|1776068203
|move|p2a: Clefable|Cosmic Power|p2a: Clefable
|-boost|p2a: Clefable|def|1
|-boost|p2a: Clefable|spd|1
|move|p1a: Thingamebob|Recover|p1a: Thingamebob
|-heal|p1a: Thingamebob|100/100 tox
|
|upkeep
|turn|16
|
|t:|1776068210
|move|p2a: Clefable|Cosmic Power|p2a: Clefable
|-boost|p2a: Clefable|def|1
|-boost|p2a: Clefable|spd|1
|move|p1a: Thingamebob|Thunder Wave|p2a: Clefable
|-status|p2a: Clefable|par
|
|upkeep
|turn|17
|
|t:|1776068252
|move|p1a: Thingamebob|Psychic Noise|p2a: Clefable
|-damage|p2a: Clefable|89/100 par
|-start|p2a: Clefable|move: Heal Block
|move|p2a: Clefable|Cosmic Power|p2a: Clefable
|-boost|p2a: Clefable|def|1
|-boost|p2a: Clefable|spd|1
|
|upkeep
|turn|18
|
|t:|1776068270
|move|p1a: Thingamebob|Psychic Noise|p2a: Clefable
|-damage|p2a: Clefable|80/100 par
|move|p2a: Clefable|Stored Power|p1a: Thingamebob
|-resisted|p1a: Thingamebob
|-crit|p1a: Thingamebob
|-damage|p1a: Thingamebob|84/100 tox
|
|-end|p2a: Clefable|move: Heal Block
|upkeep
|turn|19
|
|t:|1776068279
|move|p1a: Thingamebob|Psychic Noise|p2a: Clefable
|-damage|p2a: Clefable|71/100 par
|-start|p2a: Clefable|move: Heal Block
|move|p2a: Clefable|Stored Power|p1a: Thingamebob
|-resisted|p1a: Thingamebob
|-damage|p1a: Thingamebob|74/100 tox
|
|upkeep
|turn|20
|
|t:|1776068297
|move|p1a: Thingamebob|Psychic Noise|p2a: Clefable
|-damage|p2a: Clefable|61/100 par
|move|p2a: Clefable|Cosmic Power|p2a: Clefable
|-boost|p2a: Clefable|def|1
|-boost|p2a: Clefable|spd|1
|
|-end|p2a: Clefable|move: Heal Block
|upkeep
|turn|21
|
|t:|1776068306
|move|p1a: Thingamebob|Psychic Noise|p2a: Clefable
|-damage|p2a: Clefable|53/100 par
|-start|p2a: Clefable|move: Heal Block
|move|p2a: Clefable|Cosmic Power|p2a: Clefable
|-boost|p2a: Clefable|def|1
|-boost|p2a: Clefable|spd|1
|
|upkeep
|turn|22
|
|t:|1776068317
|move|p1a: Thingamebob|Psychic Noise|p2a: Clefable
|-damage|p2a: Clefable|47/100 par
|move|p2a: Clefable|Stored Power|p1a: Thingamebob
|-resisted|p1a: Thingamebob
|-damage|p1a: Thingamebob|58/100 tox
|
|-end|p2a: Clefable|move: Heal Block
|upkeep
|turn|23
|
|t:|1776068326
|move|p1a: Thingamebob|Recover|p1a: Thingamebob
|-heal|p1a: Thingamebob|100/100 tox
|move|p2a: Clefable|Moonlight|p2a: Clefable
|-heal|p2a: Clefable|97/100 par
|
|-heal|p2a: Clefable|100/100 par|[from] item: Leftovers
|upkeep
|turn|24
|
|t:|1776068333
|move|p1a: Thingamebob|Psychic Noise|p2a: Clefable
|-damage|p2a: Clefable|94/100 par
|-start|p2a: Clefable|move: Heal Block
|move|p2a: Clefable|Cosmic Power|p2a: Clefable
|-boost|p2a: Clefable|def|1
|-boost|p2a: Clefable|spd|1
|
|upkeep
|turn|25
|
|t:|1776068341
|move|p1a: Thingamebob|Psychic Noise|p2a: Clefable
|-damage|p2a: Clefable|88/100 par
|move|p2a: Clefable|Stored Power|p1a: Thingamebob
|-resisted|p1a: Thingamebob
|-damage|p1a: Thingamebob|81/100 tox
|
|-end|p2a: Clefable|move: Heal Block
|upkeep
|turn|26
|
|t:|1776068350
|move|p1a: Thingamebob|Psychic Noise|p2a: Clefable
|-damage|p2a: Clefable|82/100 par
|-start|p2a: Clefable|move: Heal Block
|cant|p2a: Clefable|par
|
|upkeep
|turn|27
|
|t:|1776068362
|move|p1a: Thingamebob|Psychic Noise|p2a: Clefable
|-damage|p2a: Clefable|77/100 par
|move|p2a: Clefable|Ice Beam|p1a: Thingamebob
|-damage|p1a: Thingamebob|66/100 tox
|
|-end|p2a: Clefable|move: Heal Block
|upkeep
|turn|28
|
|t:|1776068372
|move|p1a: Thingamebob|Psychic Noise|p2a: Clefable
|-damage|p2a: Clefable|70/100 par
|-start|p2a: Clefable|move: Heal Block
|move|p2a: Clefable|Stored Power|p1a: Thingamebob
|-resisted|p1a: Thingamebob
|-damage|p1a: Thingamebob|44/100 tox
|
|upkeep
|turn|29
|
|t:|1776068380
|move|p1a: Thingamebob|Recover|p1a: Thingamebob
|-heal|p1a: Thingamebob|94/100 tox
|move|p2a: Clefable|Stored Power|p1a: Thingamebob
|-resisted|p1a: Thingamebob
|-damage|p1a: Thingamebob|75/100 tox
|
|-end|p2a: Clefable|move: Heal Block
|upkeep
|turn|30
|
|t:|1776068396
|move|p1a: Thingamebob|Trick|p2a: Clefable
|-activate|p1a: Thingamebob|move: Trick|[of] p2a: Clefable
|-item|p2a: Clefable|Heavy-Duty Boots|[from] move: Trick
|-item|p1a: Thingamebob|Leftovers|[from] move: Trick
|cant|p2a: Clefable|par
|
|-heal|p1a: Thingamebob|81/100 tox|[from] item: Leftovers
|upkeep
|turn|31
|
|t:|1776068402
|move|p1a: Thingamebob|Psychic Noise|p2a: Clefable
|-damage|p2a: Clefable|64/100 par
|-start|p2a: Clefable|move: Heal Block
|move|p2a: Clefable|Stored Power|p1a: Thingamebob
|-resisted|p1a: Thingamebob
|-damage|p1a: Thingamebob|62/100 tox
|
|-heal|p1a: Thingamebob|68/100 tox|[from] item: Leftovers
|upkeep
|turn|32
|
|t:|1776068414
|move|p1a: Thingamebob|Thunder Wave|p2a: Clefable
|-fail|p2a: Clefable|par
|move|p2a: Clefable|Stored Power|p1a: Thingamebob
|-resisted|p1a: Thingamebob
|-damage|p1a: Thingamebob|49/100 tox
|
|-heal|p1a: Thingamebob|55/100 tox|[from] item: Leftovers
|-end|p2a: Clefable|move: Heal Block
|upkeep
|turn|33
|
|t:|1776068422
|move|p1a: Thingamebob|Recover|p1a: Thingamebob
|-heal|p1a: Thingamebob|100/100 tox
|move|p2a: Clefable|Stored Power|p1a: Thingamebob
|-resisted|p1a: Thingamebob
|-damage|p1a: Thingamebob|82/100 tox
|
|-heal|p1a: Thingamebob|88/100 tox|[from] item: Leftovers
|upkeep
|turn|34
|-message|Helen_chuffe forfeited.
|
|win|fat chud seal
|raw|fat chud seal's rating: 1149 &rarr; <strong>1171</strong><br />(+22 for winning)
|raw|Helen_chuffe's rating: 1108 &rarr; <strong>1086</strong><br />(-22 for losing)
|l|☆Helen_chuffe
|player|p2|
|l|☆fat chud seal
|player|p1|
