|html|<div class="broadcast-blue"><strong>[Gen 9] OU is currently suspecting Volcarona! For information on how to participate check out the <a href="https://www.smogon.com/tools/suspects/view/208">suspect thread</a>.</strong></div>
|j|☆Oooppplllop
|j|☆Shuu0908
|t:|1778504169
|gametype|singles
|player|p1|Oooppplllop|misty-gen2|1445
|player|p2|Shuu0908|n|1417
|gen|9
|tier|[Gen 9] OU
|rated|
|rule|HP Percentage Mod: HP is shown in percentages
|rule|Endless Battle Clause: Forcing endless battles is banned
|rule|Species Clause: Limit one of each Pokémon
|rule|OHKO Clause: OHKO moves are banned
|rule|Evasion Items Clause: Evasion items are banned
|rule|Evasion Moves Clause: Evasion moves are banned
|rule|Evasion Abilities Clause: Evasion abilities are banned
|rule|Sleep Moves Clause: Sleep-inducing moves are banned
|clearpoke
|poke|p1|Volcarona, M|
|poke|p1|Ogerpon-Wellspring, F|
|poke|p1|Kingambit, M|
|poke|p1|Dragonite, M|
|poke|p1|Gholdengo|
|poke|p1|Regieleki|
|poke|p2|Venusaur, M|
|poke|p2|Kingambit, M|
|poke|p2|Landorus-Therian, M|
|poke|p2|Regieleki|
|poke|p2|Ninetales, M|
|poke|p2|Walking Wake|
|teampreview
|inactive|Battle timer is ON: inactive players will automatically lose when time's up. (requested by Oooppplllop)
|
|t:|1778504179
|teamsize|p1|6
|teamsize|p2|6
|start
|switch|p1a: Regieleki|Regieleki|100/100
|switch|p2a: Mozilla|Ninetales, M, shiny|100/100
|-weather|SunnyDay|[from] ability: Drought|[of] p2a: Mozilla
|turn|1
|
|t:|1778504188
|move|p1a: Regieleki|Light Screen|p1a: Regieleki
|-sidestart|p1: Oooppplllop|move: Light Screen
|move|p2a: Mozilla|Scorching Sands|p1a: Regieleki
|-supereffective|p1a: Regieleki
|-damage|p1a: Regieleki|71/100
|
|-weather|SunnyDay|[upkeep]
|upkeep
|turn|2
|
|t:|1778504195
|move|p1a: Regieleki|Reflect|p1a: Regieleki
|-sidestart|p1: Oooppplllop|Reflect
|move|p2a: Mozilla|Encore|p1a: Regieleki
|-start|p1a: Regieleki|Encore
|
|-weather|SunnyDay|[upkeep]
|upkeep
|turn|3
|
|t:|1778504203
|switch|p1a: Volcarona|Volcarona, M|100/100
|move|p2a: Mozilla|Will-O-Wisp|p1a: Volcarona
|-immune|p1a: Volcarona
|
|-weather|SunnyDay|[upkeep]
|upkeep
|turn|4
|
|t:|1778504210
|switch|p2a: Hell's Angel|Walking Wake|100/100
|-activate|p2a: Hell's Angel|ability: Protosynthesis
|-start|p2a: Hell's Angel|protosynthesisspe
|move|p1a: Volcarona|Quiver Dance|p1a: Volcarona
|-boost|p1a: Volcarona|spa|1
|-boost|p1a: Volcarona|spd|1
|-boost|p1a: Volcarona|spe|1
|
|-weather|SunnyDay|[upkeep]
|upkeep
|turn|5
|
|t:|1778504219
|move|p2a: Hell's Angel|Hydro Steam|p1a: Volcarona
|-supereffective|p1a: Volcarona
|-damage|p1a: Volcarona|44/100
|-damage|p2a: Hell's Angel|91/100|[from] item: Life Orb
|move|p1a: Volcarona|Quiver Dance|p1a: Volcarona
|-boost|p1a: Volcarona|spa|1
|-boost|p1a: Volcarona|spd|1
|-boost|p1a: Volcarona|spe|1
|
|-weather|SunnyDay|[upkeep]
|upkeep
|turn|6
|
|t:|1778504228
|-terastallize|p2a: Hell's Angel|Dragon
|move|p1a: Volcarona|Giga Drain|p2a: Hell's Angel
|-resisted|p2a: Hell's Angel
|-damage|p2a: Hell's Angel|61/100
|-heal|p1a: Volcarona|60/100|[from] drain|[of] p2a: Hell's Angel
|move|p2a: Hell's Angel|Hydro Steam|p1a: Volcarona
|-supereffective|p1a: Volcarona
|-damage|p1a: Volcarona|17/100
|-damage|p2a: Hell's Angel|51/100|[from] item: Life Orb
|
|-weather|SunnyDay|[upkeep]
|upkeep
|turn|7
|
|t:|1778504239
|move|p1a: Volcarona|Bug Buzz|p2a: Hell's Angel
|-damage|p2a: Hell's Angel|0 fnt
|faint|p2a: Hell's Angel
|-end|p2a: Hell's Angel|Protosynthesis|[silent]
|
|-weather|SunnyDay|[upkeep]
|upkeep
|
|t:|1778504244
|switch|p2a: Whiplash|Regieleki, shiny|100/100
|turn|8
|
|t:|1778504248
|move|p1a: Volcarona|Giga Drain|p2a: Whiplash
|-damage|p2a: Whiplash|4/100
|-heal|p1a: Volcarona|63/100|[from] drain|[of] p2a: Whiplash
|move|p2a: Whiplash|Volt Switch|p1a: Volcarona
|-damage|p1a: Volcarona|53/100
|
|t:|1778504253
|switch|p2a: Enten|Landorus-Therian, M, shiny|100/100|[from] Volt Switch
|-ability|p2a: Enten|Intimidate|boost
|-unboost|p1a: Volcarona|atk|1
|
|-weather|none
|-sideend|p1: Oooppplllop|move: Light Screen
|upkeep
|turn|9
|
|t:|1778504258
|move|p1a: Volcarona|Giga Drain|p2a: Enten
|-damage|p2a: Enten|33/100
|-heal|p1a: Volcarona|87/100|[from] drain|[of] p2a: Enten
|move|p2a: Enten|Earthquake|p1a: Volcarona
|-damage|p1a: Volcarona|53/100
|
|-sideend|p1: Oooppplllop|Reflect
|upkeep
|turn|10
|
|t:|1778504264
|move|p1a: Volcarona|Giga Drain|p2a: Enten
|-damage|p2a: Enten|0 fnt
|-heal|p1a: Volcarona|70/100|[from] drain|[of] p2a: Enten
|faint|p2a: Enten
|
|upkeep
|
|t:|1778504267
|switch|p2a: Mozilla|Ninetales, M, shiny|100/100
|-weather|SunnyDay|[from] ability: Drought|[of] p2a: Mozilla
|turn|11
|
|t:|1778504272
|move|p1a: Volcarona|Fiery Dance|p2a: Mozilla
|-resisted|p2a: Mozilla
|-damage|p2a: Mozilla|35/100
|-boost|p1a: Volcarona|spa|1
|move|p2a: Mozilla|Overheat|p1a: Volcarona
|-damage|p1a: Volcarona|29/100
|-unboost|p2a: Mozilla|spa|2
|
|-weather|SunnyDay|[upkeep]
|upkeep
|turn|12
|
|t:|1778504277
|move|p1a: Volcarona|Fiery Dance|p2a: Mozilla
|-resisted|p2a: Mozilla
|-damage|p2a: Mozilla|0 fnt
|faint|p2a: Mozilla
|
|-weather|SunnyDay|[upkeep]
|upkeep
|
|t:|1778504279
|switch|p2a: Overgod|Kingambit, M, shiny|100/100
|-activate|p2a: Overgod|ability: Supreme Overlord
|-start|p2a: Overgod|fallen3|[silent]
|-item|p2a: Overgod|Air Balloon
|turn|13
|
|t:|1778504284
|move|p2a: Overgod|Sucker Punch|p1a: Volcarona
|-damage|p1a: Volcarona|0 fnt
|faint|p1a: Volcarona
|
|-weather|SunnyDay|[upkeep]
|upkeep
|
|t:|1778504288
|switch|p1a: Regieleki|Regieleki|71/100
|turn|14
|
|t:|1778504290
|-end|p2a: Overgod|fallen3|[silent]
|switch|p2a: Whiplash|Regieleki, shiny|4/100
|move|p1a: Regieleki|Reflect|p1a: Regieleki
|-sidestart|p1: Oooppplllop|Reflect
|
|-weather|SunnyDay|[upkeep]
|upkeep
|turn|15
|
|t:|1778504296
|switch|p2a: Rex|Venusaur, M, shiny|100/100
|move|p1a: Regieleki|Light Screen|p1a: Regieleki
|-sidestart|p1: Oooppplllop|move: Light Screen
|
|-weather|SunnyDay|[upkeep]
|upkeep
|turn|16
|
|t:|1778504300
|switch|p1a: Gholdengo|Gholdengo|100/100
|-item|p1a: Gholdengo|Air Balloon
|move|p2a: Rex|Growth|p2a: Rex
|-boost|p2a: Rex|atk|2
|-boost|p2a: Rex|spa|2
|
|-weather|SunnyDay|[upkeep]
|upkeep
|turn|17
|
|t:|1778504303
|move|p2a: Rex|Weather Ball|p1a: Gholdengo
|-supereffective|p1a: Gholdengo
|-damage|p1a: Gholdengo|0 fnt
|-enditem|p1a: Gholdengo|Air Balloon
|faint|p1a: Gholdengo
|-damage|p2a: Rex|91/100|[from] item: Life Orb
|
|-weather|SunnyDay|[upkeep]
|upkeep
|
|t:|1778504306
|switch|p1a: Ogerpon|Ogerpon-Wellspring, F|100/100
|turn|18
|
|t:|1778504313
|move|p2a: Rex|Giga Drain|p1a: Ogerpon
|-damage|p1a: Ogerpon|54/100
|-heal|p2a: Rex|100/100|[from] drain|[of] p1a: Ogerpon
|-damage|p2a: Rex|91/100|[from] item: Life Orb
|move|p1a: Ogerpon|Knock Off|p2a: Rex
|-damage|p2a: Rex|37/100
|-enditem|p2a: Rex|Life Orb|[from] move: Knock Off|[of] p1a: Ogerpon
|
|-weather|none
|upkeep
|turn|19
|
|t:|1778504321
|move|p1a: Ogerpon|Ivy Cudgel|p2a: Rex|[anim] Ivy Cudgel Water
|-resisted|p2a: Rex
|-damage|p2a: Rex|0 fnt
|faint|p2a: Rex
|
|upkeep
|
|t:|1778504326
|switch|p2a: Whiplash|Regieleki, shiny|4/100
|turn|20
|
|t:|1778504331
|move|p2a: Whiplash|Volt Switch|p1a: Ogerpon
|-damage|p1a: Ogerpon|32/100
|
|t:|1778504333
|switch|p2a: Overgod|Kingambit, M, shiny|100/100|[from] Volt Switch
|-activate|p2a: Overgod|ability: Supreme Overlord
|-start|p2a: Overgod|fallen4|[silent]
|-item|p2a: Overgod|Air Balloon
|move|p1a: Ogerpon|Trailblaze|p2a: Overgod
|-resisted|p2a: Overgod
|-damage|p2a: Overgod|87/100
|-boost|p1a: Ogerpon|spe|1
|-enditem|p2a: Overgod|Air Balloon
|
|upkeep
|turn|21
|-message|Shuu0908 forfeited.
|
|win|Oooppplllop
|raw|Oooppplllop's rating: 1445 &rarr; <strong>1463</strong><br />(+18 for winning)
|raw|Shuu0908's rating: 1417 &rarr; <strong>1399</strong><br />(-18 for losing)
|l|☆Shuu0908
|player|p2|
|l|☆Oooppplllop
|player|p1|
