|html|<div class="broadcast-blue"><strong>[Gen 9] OU is currently suspecting Tera Blast! For information on how to participate check out the <a href="https://www.smogon.com/tools/suspects/view/200">suspect thread</a>.</strong></div>
|j|☆Blastoise_Choice
|j|☆than0304
|t:|1776136311
|gametype|singles
|player|p1|Blastoise_Choice|101|1548
|player|p2|than0304|n-masters3|1588
|gen|9
|tier|[Gen 9] OU
|rated|
|rule|HP Percentage Mod: HP is shown in percentages
|rule|Endless Battle Clause: Forcing endless battles is banned
|rule|Species Clause: Limit one of each Pokémon
|rule|OHKO Clause: OHKO moves are banned
|rule|Evasion Items Clause: Evasion items are banned
|rule|Evasion Moves Clause: Evasion moves are banned
|rule|Evasion Abilities Clause: Evasion abilities are banned
|rule|Sleep Moves Clause: Sleep-inducing moves are banned
|clearpoke
|poke|p1|Hydrapple, M|
|poke|p1|Tyranitar, F|
|poke|p1|Moltres|
|poke|p1|Zamazenta-*|
|poke|p1|Slowking-Galar, F|
|poke|p1|Excadrill, F|
|poke|p2|Landorus-Therian, M|
|poke|p2|Hoopa-Unbound|
|poke|p2|Slowking-Galar, M|
|poke|p2|Zamazenta-*|
|poke|p2|Kyurem|
|poke|p2|Cinderace, M|
|teampreview
|inactive|Battle timer is ON: inactive players will automatically lose when time's up. (requested by than0304)
|
|t:|1776136319
|teamsize|p1|6
|teamsize|p2|6
|start
|switch|p1a: Moltres|Moltres|100/100
|switch|p2a: The King|Slowking-Galar, M, shiny|100/100
|turn|1
|c|☆Blastoise_Choice|hf
|inactive|Blastoise_Choice also wants the timer to be on.
|c|☆than0304|gl
|
|t:|1776136325
|move|p1a: Moltres|U-turn|p2a: The King
|-damage|p2a: The King|86/100
|
|t:|1776136333
|switch|p1a: Tyranitar|Tyranitar, F|100/100|[from] U-turn
|-weather|Sandstorm|[from] ability: Sand Stream|[of] p1a: Tyranitar
|-prepare|p2a: The King|Chilly Reception|[premajor]
|move|p2a: The King|Chilly Reception|p2a: The King
|-weather|Snowscape
|
|t:|1776136340
|switch|p2a: Calrissian|Landorus-Therian, M, shiny|100/100|[from] Chilly Reception
|-ability|p2a: Calrissian|Intimidate|boost
|-unboost|p1a: Tyranitar|atk|1
|
|-weather|Snowscape|[upkeep]
|upkeep
|turn|2
|
|t:|1776136347
|move|p2a: Calrissian|Earthquake|p1a: Tyranitar
|-supereffective|p1a: Tyranitar
|-damage|p1a: Tyranitar|34/100
|move|p1a: Tyranitar|Stealth Rock|p2a: Calrissian
|-sidestart|p2: than0304|move: Stealth Rock
|
|-weather|Snowscape|[upkeep]
|upkeep
|turn|3
|
|t:|1776136369
|switch|p1a: Zamazenta|Zamazenta|100/100
|-ability|p1a: Zamazenta|Dauntless Shield|boost
|-boost|p1a: Zamazenta|def|1
|move|p2a: Calrissian|U-turn|p1a: Zamazenta
|-resisted|p1a: Zamazenta
|-damage|p1a: Zamazenta|95/100
|
|t:|1776136371
|switch|p2a: The King|Slowking-Galar, M, shiny|100/100|[from] U-turn
|
|-weather|Snowscape|[upkeep]
|-heal|p1a: Zamazenta|100/100|[from] item: Leftovers
|upkeep
|turn|4
|
|t:|1776136377
|switch|p1a: Tyranitar|Tyranitar, F|34/100
|-weather|Sandstorm|[from] ability: Sand Stream|[of] p1a: Tyranitar
|move|p2a: The King|Future Sight|p1a: Tyranitar
|-start|p2a: The King|move: Future Sight
|
|-weather|Sandstorm|[upkeep]
|-damage|p2a: The King|94/100|[from] Sandstorm
|upkeep
|turn|5
|
|t:|1776136384
|switch|p2a: Calrissian|Landorus-Therian, M, shiny|100/100
|-damage|p2a: Calrissian|88/100|[from] Stealth Rock
|-ability|p2a: Calrissian|Intimidate|boost
|-unboost|p1a: Tyranitar|atk|1
|move|p1a: Tyranitar|Knock Off|p2a: Calrissian
|-damage|p2a: Calrissian|68/100
|-damage|p1a: Tyranitar|17/100|[from] item: Rocky Helmet|[of] p2a: Calrissian
|-enditem|p2a: Calrissian|Rocky Helmet|[from] move: Knock Off|[of] p1a: Tyranitar
|
|-weather|Sandstorm|[upkeep]
|upkeep
|turn|6
|
|t:|1776136391
|move|p2a: Calrissian|U-turn|p1a: Tyranitar
|-supereffective|p1a: Tyranitar
|-damage|p1a: Tyranitar|0 fnt
|faint|p1a: Tyranitar
|
|t:|1776136394
|switch|p2a: Pulisic|Cinderace, M, shiny|100/100|[from] U-turn
|
|-weather|Sandstorm|[upkeep]
|-damage|p2a: Pulisic|95/100|[from] Sandstorm
|-hint|Future Sight did not hit because the target is fainted.
|upkeep
|
|t:|1776136400
|switch|p1a: Excadrill|Excadrill, F|100/100
|-item|p1a: Excadrill|Air Balloon
|turn|7
|
|t:|1776136407
|move|p2a: Pulisic|Sucker Punch|p1a: Excadrill
|-start|p2a: Pulisic|typechange|Dark|[from] ability: Libero
|-damage|p1a: Excadrill|55/100
|-enditem|p1a: Excadrill|Air Balloon
|move|p1a: Excadrill|Earthquake|p2a: Pulisic
|-damage|p2a: Pulisic|16/100
|
|-weather|Sandstorm|[upkeep]
|-damage|p2a: Pulisic|10/100|[from] Sandstorm
|upkeep
|turn|8
|
|t:|1776136414
|switch|p2a: Calrissian|Landorus-Therian, M, shiny|68/100
|-damage|p2a: Calrissian|55/100|[from] Stealth Rock
|-ability|p2a: Calrissian|Intimidate|boost
|-unboost|p1a: Excadrill|atk|1
|move|p1a: Excadrill|Iron Head|p2a: Calrissian
|-damage|p2a: Calrissian|35/100
|
|-weather|Sandstorm|[upkeep]
|upkeep
|turn|9
|
|t:|1776136421
|switch|p1a: Zamazenta|Zamazenta|100/100
|move|p2a: Calrissian|Earthquake|p1a: Zamazenta
|-damage|p1a: Zamazenta|66/100
|
|-weather|Sandstorm|[upkeep]
|-damage|p1a: Zamazenta|60/100|[from] Sandstorm
|-heal|p1a: Zamazenta|66/100|[from] item: Leftovers
|upkeep
|turn|10
|
|t:|1776136428
|move|p1a: Zamazenta|Iron Defense|p1a: Zamazenta
|-boost|p1a: Zamazenta|def|2
|move|p2a: Calrissian|Taunt|p1a: Zamazenta
|-start|p1a: Zamazenta|move: Taunt
|
|-weather|Sandstorm|[upkeep]
|-damage|p1a: Zamazenta|60/100|[from] Sandstorm
|-heal|p1a: Zamazenta|66/100|[from] item: Leftovers
|upkeep
|turn|11
|
|t:|1776136432
|move|p1a: Zamazenta|Body Press|p2a: Calrissian
|-resisted|p2a: Calrissian
|-damage|p2a: Calrissian|10/100
|move|p2a: Calrissian|U-turn|p1a: Zamazenta
|-resisted|p1a: Zamazenta
|-damage|p1a: Zamazenta|62/100
|
|t:|1776136435
|switch|p2a: The King|Slowking-Galar, M, shiny|100/100|[from] U-turn
|
|-weather|none
|-heal|p1a: Zamazenta|68/100|[from] item: Leftovers
|upkeep
|turn|12
|
|t:|1776136441
|move|p1a: Zamazenta|Crunch|p2a: The King
|-supereffective|p2a: The King
|-damage|p2a: The King|58/100
|move|p2a: The King|Future Sight|p1a: Zamazenta
|-start|p2a: The King|move: Future Sight
|
|-heal|p1a: Zamazenta|74/100|[from] item: Leftovers
|upkeep
|turn|13
|
|t:|1776136449
|move|p1a: Zamazenta|Crunch|p2a: The King
|-supereffective|p2a: The King
|-damage|p2a: The King|10/100
|-prepare|p2a: The King|Chilly Reception|[premajor]
|move|p2a: The King|Chilly Reception|p2a: The King
|-weather|Snowscape
|
|t:|1776136453
|switch|p2a: Calrissian|Landorus-Therian, M, shiny|10/100|[from] Chilly Reception
|-damage|p2a: Calrissian|0 fnt|[from] Stealth Rock
|faint|p2a: Calrissian
|
|-weather|Snowscape|[upkeep]
|-heal|p1a: Zamazenta|80/100|[from] item: Leftovers
|-end|p1a: Zamazenta|move: Taunt
|upkeep
|
|t:|1776136460
|switch|p2a: danger dog|Zamazenta, shiny|100/100
|-damage|p2a: danger dog|94/100|[from] Stealth Rock
|-ability|p2a: danger dog|Dauntless Shield|boost
|-boost|p2a: danger dog|def|1
|turn|14
|
|t:|1776136466
|-terastallize|p1a: Zamazenta|Fire
|move|p1a: Zamazenta|Body Press|p2a: danger dog
|-damage|p2a: danger dog|56/100
|move|p2a: danger dog|Iron Defense|p2a: danger dog
|-boost|p2a: danger dog|def|2
|
|-weather|Snowscape|[upkeep]
|-end|p1a: Zamazenta|move: Future Sight
|-damage|p1a: Zamazenta|42/100
|-heal|p1a: Zamazenta|48/100|[from] item: Leftovers
|-heal|p2a: danger dog|62/100|[from] item: Leftovers
|upkeep
|turn|15
|
|t:|1776136473
|move|p2a: danger dog|Iron Defense|p2a: danger dog
|-boost|p2a: danger dog|def|2
|move|p1a: Zamazenta|Roar|p2a: danger dog
|drag|p2a: Pulisic|Cinderace, M, shiny|10/100
|
|-weather|Snowscape|[upkeep]
|-heal|p1a: Zamazenta|54/100|[from] item: Leftovers
|upkeep
|turn|16
|
|t:|1776136480
|move|p1a: Zamazenta|Iron Defense|p1a: Zamazenta
|-boost|p1a: Zamazenta|def|2
|move|p2a: Pulisic|Court Change|p2a: Pulisic
|-start|p2a: Pulisic|typechange|Normal|[from] ability: Libero
|-swapsideconditions
|-activate|p2a: Pulisic|move: Court Change
|
|-weather|Snowscape|[upkeep]
|-heal|p1a: Zamazenta|60/100|[from] item: Leftovers
|upkeep
|turn|17
|
|t:|1776136486
|move|p1a: Zamazenta|Body Press|p2a: Pulisic
|-supereffective|p2a: Pulisic
|-damage|p2a: Pulisic|0 fnt
|faint|p2a: Pulisic
|
|-weather|none
|-heal|p1a: Zamazenta|66/100|[from] item: Leftovers
|upkeep
|
|t:|1776136488
|switch|p2a: Dr. K|Kyurem, shiny|100/100
|-ability|p2a: Dr. K|Pressure
|turn|18
|
|t:|1776136495
|-terastallize|p2a: Dr. K|Ground
|move|p2a: Dr. K|Earth Power|p1a: Zamazenta
|-supereffective|p1a: Zamazenta
|-damage|p1a: Zamazenta|0 fnt
|faint|p1a: Zamazenta
|
|upkeep
|
|t:|1776136502
|switch|p1a: Moltres|Moltres|100/100
|turn|19
|
|t:|1776136509
|switch|p2a: The King|Slowking-Galar, M, shiny|44/100
|move|p1a: Moltres|Flamethrower|p2a: The King
|-damage|p2a: The King|22/100
|
|upkeep
|turn|20
|
|t:|1776136516
|switch|p2a: Dr. K|Kyurem, shiny, tera:Ground|100/100
|-ability|p2a: Dr. K|Pressure
|move|p1a: Moltres|Flamethrower|p2a: Dr. K
|-crit|p2a: Dr. K
|-damage|p2a: Dr. K|49/100
|
|upkeep
|turn|21
|
|t:|1776136523
|switch|p2a: The King|Slowking-Galar, M, shiny|55/100
|move|p1a: Moltres|Flamethrower|p2a: The King
|-damage|p2a: The King|35/100
|
|upkeep
|turn|22
|
|t:|1776136530
|move|p1a: Moltres|Flamethrower|p2a: The King
|-damage|p2a: The King|12/100
|-prepare|p2a: The King|Chilly Reception|[premajor]
|move|p2a: The King|Chilly Reception|p2a: The King
|-weather|Snowscape
|
|t:|1776136533
|switch|p2a: Poopa-Unbound|Hoopa-Unbound|100/100|[from] Chilly Reception
|
|-weather|Snowscape|[upkeep]
|upkeep
|turn|23
|
|t:|1776136540
|move|p1a: Moltres|Flamethrower|p2a: Poopa-Unbound
|-damage|p2a: Poopa-Unbound|81/100
|move|p2a: Poopa-Unbound|Knock Off|p1a: Moltres
|-damage|p1a: Moltres|66/100
|-enditem|p1a: Moltres|Heavy-Duty Boots|[from] move: Knock Off|[of] p2a: Poopa-Unbound
|
|-weather|Snowscape|[upkeep]
|upkeep
|turn|24
|
|t:|1776136548
|move|p1a: Moltres|U-turn|p2a: Poopa-Unbound
|-supereffective|p2a: Poopa-Unbound
|-damage|p2a: Poopa-Unbound|16/100
|
|t:|1776136555
|switch|p1a: Hydrapple|Hydrapple, M|100/100|[from] U-turn
|move|p2a: Poopa-Unbound|Thunderbolt|p1a: Hydrapple
|-resisted|p1a: Hydrapple
|-damage|p1a: Hydrapple|91/100
|
|-weather|Snowscape|[upkeep]
|upkeep
|turn|25
|
|t:|1776136561
|move|p2a: Poopa-Unbound|Knock Off|p1a: Hydrapple
|-damage|p1a: Hydrapple|58/100
|-enditem|p1a: Hydrapple|Heavy-Duty Boots|[from] move: Knock Off|[of] p2a: Poopa-Unbound
|move|p1a: Hydrapple|Fickle Beam|p2a: Poopa-Unbound|[anim] Fickle Beam All Out
|-activate|p1a: Hydrapple|move: Fickle Beam
|-damage|p2a: Poopa-Unbound|0 fnt
|faint|p2a: Poopa-Unbound
|
|-weather|Snowscape|[upkeep]
|upkeep
|
|t:|1776136566
|switch|p2a: Dr. K|Kyurem, shiny, tera:Ground|49/100
|-ability|p2a: Dr. K|Pressure
|turn|26
|
|t:|1776136572
|switch|p1a: Slowking|Slowking-Galar, F|100/100
|-damage|p1a: Slowking|88/100|[from] Stealth Rock
|move|p2a: Dr. K|Ice Beam|p1a: Slowking
|-damage|p1a: Slowking|62/100
|
|-weather|none
|upkeep
|turn|27
|
|t:|1776136579
|switch|p2a: The King|Slowking-Galar, M, shiny|46/100
|move|p1a: Slowking|Ice Beam|p2a: The King
|-damage|p2a: The King|31/100
|
|upkeep
|turn|28
|
|t:|1776136586
|move|p1a: Slowking|Ice Beam|p2a: The King
|-damage|p2a: The King|18/100
|-prepare|p2a: The King|Chilly Reception|[premajor]
|move|p2a: The King|Chilly Reception|p2a: The King
|-weather|Snowscape
|
|t:|1776136588
|switch|p2a: danger dog|Zamazenta, shiny|62/100|[from] Chilly Reception
|
|-weather|Snowscape|[upkeep]
|-heal|p2a: danger dog|69/100|[from] item: Leftovers
|upkeep
|turn|29
|
|t:|1776136595
|move|p2a: danger dog|Crunch|p1a: Slowking
|-supereffective|p1a: Slowking
|-damage|p1a: Slowking|26/100
|move|p1a: Slowking|Psyshock|p2a: danger dog
|-supereffective|p2a: danger dog
|-damage|p2a: danger dog|24/100
|
|-weather|Snowscape|[upkeep]
|-heal|p2a: danger dog|30/100|[from] item: Leftovers
|upkeep
|turn|30
|
|t:|1776136602
|move|p2a: danger dog|Crunch|p1a: Slowking
|-supereffective|p1a: Slowking
|-damage|p1a: Slowking|0 fnt
|faint|p1a: Slowking
|
|-weather|Snowscape|[upkeep]
|-heal|p2a: danger dog|36/100|[from] item: Leftovers
|upkeep
|
|t:|1776136609
|switch|p1a: Excadrill|Excadrill, F|55/100
|-damage|p1a: Excadrill|52/100|[from] Stealth Rock
|turn|31
|
|t:|1776136615
|switch|p1a: Hydrapple|Hydrapple, M|91/100
|-damage|p1a: Hydrapple|79/100|[from] Stealth Rock
|move|p2a: danger dog|Body Press|p1a: Hydrapple
|-damage|p1a: Hydrapple|57/100
|
|-weather|Snowscape|[upkeep]
|-heal|p2a: danger dog|42/100|[from] item: Leftovers
|upkeep
|turn|32
|
|t:|1776136619
|switch|p1a: Excadrill|Excadrill, F|52/100
|-damage|p1a: Excadrill|49/100|[from] Stealth Rock
|move|p2a: danger dog|Iron Defense|p2a: danger dog
|-boost|p2a: danger dog|def|2
|
|-weather|none
|-heal|p2a: danger dog|48/100|[from] item: Leftovers
|upkeep
|turn|33
|
|t:|1776136622
|switch|p1a: Moltres|Moltres|66/100
|-damage|p1a: Moltres|16/100|[from] Stealth Rock
|move|p2a: danger dog|Body Press|p1a: Moltres
|-resisted|p1a: Moltres
|-damage|p1a: Moltres|0 fnt
|faint|p1a: Moltres
|
|-heal|p2a: danger dog|55/100|[from] item: Leftovers
|upkeep
|
|t:|1776136626
|switch|p1a: Hydrapple|Hydrapple, M|90/100
|-damage|p1a: Hydrapple|78/100|[from] Stealth Rock
|turn|34
|
|t:|1776136629
|move|p2a: danger dog|Body Press|p1a: Hydrapple
|-damage|p1a: Hydrapple|34/100
|move|p1a: Hydrapple|Fickle Beam|p2a: danger dog
|-crit|p2a: danger dog
|-damage|p2a: danger dog|12/100
|
|-heal|p2a: danger dog|18/100|[from] item: Leftovers
|upkeep
|turn|35
|
|t:|1776136633
|switch|p1a: Excadrill|Excadrill, F|49/100
|-damage|p1a: Excadrill|46/100|[from] Stealth Rock
|move|p2a: danger dog|Body Press|p1a: Excadrill
|-supereffective|p1a: Excadrill
|-damage|p1a: Excadrill|0 fnt
|faint|p1a: Excadrill
|
|-heal|p2a: danger dog|24/100|[from] item: Leftovers
|upkeep
|
|t:|1776136636
|switch|p1a: Hydrapple|Hydrapple, M|67/100
|-damage|p1a: Hydrapple|55/100|[from] Stealth Rock
|turn|36
|
|t:|1776136642
|move|p2a: danger dog|Body Press|p1a: Hydrapple
|-damage|p1a: Hydrapple|17/100
|move|p1a: Hydrapple|Earth Power|p2a: danger dog
|-damage|p2a: danger dog|3/100
|
|-heal|p2a: danger dog|10/100|[from] item: Leftovers
|upkeep
|turn|37
|
|t:|1776136646
|move|p2a: danger dog|Body Press|p1a: Hydrapple
|-damage|p1a: Hydrapple|0 fnt
|faint|p1a: Hydrapple
|
|win|than0304
|raw|Blastoise_Choice's rating: 1548 &rarr; <strong>1530</strong><br />(-18 for losing)
|raw|than0304's rating: 1588 &rarr; <strong>1606</strong><br />(+18 for winning)
|c|☆Blastoise_Choice|gg
