|html|<div class="broadcast-blue"><strong>[Gen 9] OU is currently suspecting Tera Blast! For information on how to participate check out the <a href="https://www.smogon.com/tools/suspects/view/200">suspect thread</a>.</strong></div>
|j|☆rasb
|j|☆curship
|t:|1776189689
|gametype|singles
|player|p1|rasb|101|1395
|player|p2|curship|170|1373
|gen|9
|tier|[Gen 9] OU
|rated|
|rule|HP Percentage Mod: HP is shown in percentages
|rule|Endless Battle Clause: Forcing endless battles is banned
|rule|Species Clause: Limit one of each Pokémon
|rule|OHKO Clause: OHKO moves are banned
|rule|Evasion Items Clause: Evasion items are banned
|rule|Evasion Moves Clause: Evasion moves are banned
|rule|Evasion Abilities Clause: Evasion abilities are banned
|rule|Sleep Moves Clause: Sleep-inducing moves are banned
|clearpoke
|poke|p1|Great Tusk|
|poke|p1|Gholdengo|
|poke|p1|Scizor, F|
|poke|p1|Pecharunt|
|poke|p1|Raging Bolt|
|poke|p1|Moltres|
|poke|p2|Torkoal, F|
|poke|p2|Venusaur, M|
|poke|p2|Raging Bolt|
|poke|p2|Great Tusk|
|poke|p2|Hatterene, F|
|poke|p2|Walking Wake|
|teampreview
|inactive|Battle timer is ON: inactive players will automatically lose when time's up. (requested by rasb)
|
|t:|1776189699
|teamsize|p1|6
|teamsize|p2|6
|start
|switch|p1a: Raging Bolt|Raging Bolt|100/100
|switch|p2a: Torkoal|Torkoal, F|100/100
|-weather|SunnyDay|[from] ability: Drought|[of] p2a: Torkoal
|-activate|p1a: Raging Bolt|ability: Protosynthesis
|-start|p1a: Raging Bolt|protosynthesisspa
|turn|1
|
|t:|1776189713
|switch|p2a: Hatterene|Hatterene, F|100/100
|move|p1a: Raging Bolt|Thunderbolt|p2a: Hatterene
|-damage|p2a: Hatterene|27/100
|-enditem|p2a: Hatterene|Eject Button
|
|t:|1776189724
|switch|p2a: Venusaur|Venusaur, M|100/100
|
|-weather|SunnyDay|[upkeep]
|upkeep
|turn|2
|
|t:|1776189733
|move|p2a: Venusaur|Sludge Bomb|p1a: Raging Bolt
|-damage|p1a: Raging Bolt|52/100
|-damage|p2a: Venusaur|91/100|[from] item: Life Orb
|move|p1a: Raging Bolt|Draco Meteor|p2a: Venusaur
|-crit|p2a: Venusaur
|-damage|p2a: Venusaur|0 fnt
|-unboost|p1a: Raging Bolt|spa|2
|faint|p2a: Venusaur
|
|-weather|SunnyDay|[upkeep]
|-heal|p1a: Raging Bolt|58/100|[from] item: Leftovers
|upkeep
|
|t:|1776189741
|switch|p2a: Raging Bolt|Raging Bolt|100/100
|-activate|p2a: Raging Bolt|ability: Protosynthesis
|-start|p2a: Raging Bolt|protosynthesisspa
|turn|3
|
|t:|1776189760
|-end|p1a: Raging Bolt|Protosynthesis|[silent]
|switch|p1a: Gholdengo|Gholdengo|100/100
|-item|p1a: Gholdengo|Air Balloon
|-terastallize|p2a: Raging Bolt|Fairy
|move|p2a: Raging Bolt|Calm Mind|p2a: Raging Bolt
|-boost|p2a: Raging Bolt|spa|1
|-boost|p2a: Raging Bolt|spd|1
|
|-weather|SunnyDay|[upkeep]
|upkeep
|turn|4
|
|t:|1776189766
|move|p2a: Raging Bolt|Thunderclap|p1a: Gholdengo
|-damage|p1a: Gholdengo|28/100
|-enditem|p1a: Gholdengo|Air Balloon
|move|p1a: Gholdengo|Make It Rain|p2a: Raging Bolt
|-supereffective|p2a: Raging Bolt
|-damage|p2a: Raging Bolt|17/100
|-unboost|p1a: Gholdengo|spa|1
|
|-weather|SunnyDay|[upkeep]
|upkeep
|turn|5
|
|t:|1776189773
|move|p2a: Raging Bolt|Dragon Pulse|p1a: Gholdengo
|-resisted|p1a: Gholdengo
|-damage|p1a: Gholdengo|0 fnt
|faint|p1a: Gholdengo
|
|-weather|SunnyDay|[upkeep]
|upkeep
|
|t:|1776189776
|switch|p1a: Scizor|Scizor, F|100/100
|turn|6
|
|t:|1776189780
|move|p2a: Raging Bolt|Thunderclap|p1a: Scizor
|-damage|p1a: Scizor|12/100
|move|p1a: Scizor|Bullet Punch|p2a: Raging Bolt
|-supereffective|p2a: Raging Bolt
|-damage|p2a: Raging Bolt|0 fnt
|faint|p2a: Raging Bolt
|-end|p2a: Raging Bolt|Protosynthesis|[silent]
|
|-weather|SunnyDay|[upkeep]
|upkeep
|
|t:|1776189787
|switch|p2a: Great Tusk|Great Tusk|100/100
|-activate|p2a: Great Tusk|ability: Protosynthesis
|-start|p2a: Great Tusk|protosynthesisatk
|turn|7
|
|t:|1776189792
|switch|p1a: Great Tusk|Great Tusk|100/100
|-activate|p1a: Great Tusk|ability: Protosynthesis
|-start|p1a: Great Tusk|protosynthesisatk
|move|p2a: Great Tusk|Rapid Spin|p1a: Great Tusk
|-damage|p1a: Great Tusk|84/100
|-boost|p2a: Great Tusk|spe|1
|
|-weather|SunnyDay|[upkeep]
|upkeep
|turn|8
|
|t:|1776189798
|move|p2a: Great Tusk|Ice Spinner|p1a: Great Tusk
|-supereffective|p1a: Great Tusk
|-damage|p1a: Great Tusk|32/100
|move|p1a: Great Tusk|Ice Spinner|p2a: Great Tusk
|-supereffective|p2a: Great Tusk
|-crit|p2a: Great Tusk
|-damage|p2a: Great Tusk|13/100
|
|-weather|none
|-end|p2a: Great Tusk|Protosynthesis
|-end|p1a: Great Tusk|Protosynthesis
|upkeep
|-enditem|p2a: Great Tusk|Booster Energy
|-activate|p2a: Great Tusk|ability: Protosynthesis|[fromitem]
|-start|p2a: Great Tusk|protosynthesisspe
|-enditem|p1a: Great Tusk|Booster Energy
|-activate|p1a: Great Tusk|ability: Protosynthesis|[fromitem]
|-start|p1a: Great Tusk|protosynthesisatk
|turn|9
|
|t:|1776189808
|-end|p1a: Great Tusk|Protosynthesis|[silent]
|switch|p1a: Pecharunt|Pecharunt|100/100
|move|p2a: Great Tusk|Ice Spinner|p1a: Pecharunt
|-damage|p1a: Pecharunt|88/100
|
|upkeep
|turn|10
|
|t:|1776189812
|move|p2a: Great Tusk|Headlong Rush|p1a: Pecharunt
|-supereffective|p1a: Pecharunt
|-damage|p1a: Pecharunt|29/100
|-unboost|p2a: Great Tusk|def|1
|-unboost|p2a: Great Tusk|spd|1
|move|p1a: Pecharunt|Hex|p2a: Great Tusk
|-damage|p2a: Great Tusk|0 fnt
|faint|p2a: Great Tusk
|-end|p2a: Great Tusk|Protosynthesis|[silent]
|
|upkeep
|
|t:|1776189817
|switch|p2a: Torkoal|Torkoal, F|100/100
|-weather|SunnyDay|[from] ability: Drought|[of] p2a: Torkoal
|turn|11
|
|t:|1776189823
|move|p1a: Pecharunt|Toxic|p2a: Torkoal
|-status|p2a: Torkoal|tox
|-start|p2a: Torkoal|confusion|[from] ability: Poison Puppeteer|[of] p1a: Pecharunt
|-activate|p2a: Torkoal|confusion
|move|p2a: Torkoal|Lava Plume|p1a: Pecharunt
|-damage|p1a: Pecharunt|0 fnt
|faint|p1a: Pecharunt
|
|-weather|SunnyDay|[upkeep]
|-damage|p2a: Torkoal|94/100 tox|[from] psn
|upkeep
|
|t:|1776189827
|switch|p1a: Raging Bolt|Raging Bolt|58/100
|-activate|p1a: Raging Bolt|ability: Protosynthesis
|-start|p1a: Raging Bolt|protosynthesisspa
|turn|12
|
|t:|1776189830
|switch|p2a: Hatterene|Hatterene, F|27/100
|move|p1a: Raging Bolt|Calm Mind|p1a: Raging Bolt
|-boost|p1a: Raging Bolt|spa|1
|-boost|p1a: Raging Bolt|spd|1
|
|-weather|SunnyDay|[upkeep]
|-heal|p1a: Raging Bolt|64/100|[from] item: Leftovers
|upkeep
|turn|13
|
|t:|1776189837
|move|p1a: Raging Bolt|Thunderbolt|p2a: Hatterene
|-damage|p2a: Hatterene|0 fnt
|faint|p2a: Hatterene
|
|-weather|SunnyDay|[upkeep]
|-heal|p1a: Raging Bolt|71/100|[from] item: Leftovers
|upkeep
|
|t:|1776189839
|switch|p2a: Walking Wake|Walking Wake|100/100
|-activate|p2a: Walking Wake|ability: Protosynthesis
|-start|p2a: Walking Wake|protosynthesisspe
|turn|14
|
|t:|1776189845
|-terastallize|p1a: Raging Bolt|Fairy
|move|p2a: Walking Wake|Dragon Pulse|p1a: Raging Bolt
|-immune|p1a: Raging Bolt
|move|p1a: Raging Bolt|Thunderbolt|p2a: Walking Wake
|-damage|p2a: Walking Wake|0 fnt
|faint|p2a: Walking Wake
|-end|p2a: Walking Wake|Protosynthesis|[silent]
|
|-weather|SunnyDay|[upkeep]
|-heal|p1a: Raging Bolt|77/100|[from] item: Leftovers
|upkeep
|-message|curship forfeited.
|
|win|rasb
|raw|rasb's rating: 1395 &rarr; <strong>1414</strong><br />(+19 for winning)
|raw|curship's rating: 1373 &rarr; <strong>1354</strong><br />(-19 for losing)
