|html|<div class="broadcast-blue"><strong>[Gen 9] OU is currently suspecting Volcarona! For information on how to participate check out the <a href="https://www.smogon.com/tools/suspects/view/208">suspect thread</a>.</strong></div>
|j|☆Apprentice Dogwood
|j|☆wendeltheweak
|t:|1778506576
|gametype|singles
|player|p1|Apprentice Dogwood|brock|1122
|player|p2|wendeltheweak|266|1107
|gen|9
|tier|[Gen 9] OU
|rated|
|rule|HP Percentage Mod: HP is shown in percentages
|rule|Endless Battle Clause: Forcing endless battles is banned
|rule|Species Clause: Limit one of each Pokémon
|rule|OHKO Clause: OHKO moves are banned
|rule|Evasion Items Clause: Evasion items are banned
|rule|Evasion Moves Clause: Evasion moves are banned
|rule|Evasion Abilities Clause: Evasion abilities are banned
|rule|Sleep Moves Clause: Sleep-inducing moves are banned
|clearpoke
|poke|p1|Infernape, M|
|poke|p1|Blaziken, M|
|poke|p1|Emboar, M|
|poke|p1|Charizard, F|
|poke|p1|Cinderace, M|
|poke|p1|Delphox, F|
|poke|p2|Ivysaur, F|
|poke|p2|Thwackey, F|
|poke|p2|Pikachu, M|
|poke|p2|Combusken, M|
|poke|p2|Wartortle, M|
|poke|p2|Torracat, F|
|teampreview
|inactive|Battle timer is ON: inactive players will automatically lose when time's up. (requested by Apprentice Dogwood)
|
|t:|1778506593
|teamsize|p1|6
|teamsize|p2|6
|start
|switch|p1a: Emboar|Emboar, M|100/100
|switch|p2a: Wartortle|Wartortle, M|100/100
|turn|1
|c|☆Apprentice Dogwood|Very nice tesm dude
|c|☆Apprentice Dogwood|*team
|
|t:|1778506607
|-terastallize|p2a: Wartortle|Water
|move|p2a: Wartortle|Water Spout|p1a: Emboar
|-supereffective|p1a: Emboar
|-crit|p1a: Emboar
|-damage|p1a: Emboar|0 fnt
|faint|p1a: Emboar
|
|upkeep
|
|t:|1778506631
|switch|p1a: Blaziken|Blaziken, M|100/100
|turn|2
|c|☆wendeltheweak|Thank you
|c|☆wendeltheweak|I'm doing only second stage Evo starters
|inactive|wendeltheweak has 120 seconds left.
|
|t:|1778506673
|switch|p2a: Pikachu|Pikachu, M|100/100
|move|p1a: Blaziken|Thunder Punch|p2a: Pikachu
|-ability|p2a: Pikachu|Lightning Rod|boost
|-boost|p2a: Pikachu|spa|1
|
|-ability|p1a: Blaziken|Speed Boost|boost
|-boost|p1a: Blaziken|spe|1
|upkeep
|turn|3
|
|t:|1778506681
|move|p1a: Blaziken|Flare Blitz|p2a: Pikachu
|-damage|p2a: Pikachu|0 fnt
|faint|p2a: Pikachu
|-damage|p1a: Blaziken|77/100|[from] Recoil
|
|-heal|p1a: Blaziken|83/100|[from] item: Leftovers
|-ability|p1a: Blaziken|Speed Boost|boost
|-boost|p1a: Blaziken|spe|1
|upkeep
|
|t:|1778506689
|switch|p2a: Torracat|Torracat, F|100/100
|-ability|p2a: Torracat|Intimidate|boost
|-unboost|p1a: Blaziken|atk|1
|turn|4
|c|☆Apprentice Dogwood|I see
|
|t:|1778506704
|move|p1a: Blaziken|Protect|p1a: Blaziken
|-singleturn|p1a: Blaziken|Protect
|move|p2a: Torracat|Fake Out|p1a: Blaziken
|-activate|p1a: Blaziken|move: Protect
|
|-heal|p1a: Blaziken|89/100|[from] item: Leftovers
|-ability|p1a: Blaziken|Speed Boost|boost
|-boost|p1a: Blaziken|spe|1
|upkeep
|turn|5
|
|t:|1778506715
|move|p1a: Blaziken|Close Combat|p2a: Torracat
|-damage|p2a: Torracat|11/100
|-unboost|p1a: Blaziken|def|1
|-unboost|p1a: Blaziken|spd|1
|move|p2a: Torracat|Flare Blitz|p1a: Blaziken
|-resisted|p1a: Blaziken
|-damage|p1a: Blaziken|34/100
|-damage|p2a: Torracat|0 fnt|[from] Recoil
|faint|p2a: Torracat
|
|-heal|p1a: Blaziken|40/100|[from] item: Leftovers
|-ability|p1a: Blaziken|Speed Boost|boost
|-boost|p1a: Blaziken|spe|1
|upkeep
|inactive|wendeltheweak has 120 seconds left.
|
|t:|1778506730
|switch|p2a: Thwackey|Thwackey, F|100/100
|-fieldstart|move: Grassy Terrain|[from] ability: Grassy Surge|[of] p2a: Thwackey
|turn|6
|
|t:|1778506735
|move|p1a: Blaziken|Protect|p1a: Blaziken
|-singleturn|p1a: Blaziken|Protect
|move|p2a: Thwackey|Grassy Glide|p1a: Blaziken
|-activate|p1a: Blaziken|move: Protect
|
|-heal|p1a: Blaziken|46/100|[from] Grassy Terrain
|-heal|p1a: Blaziken|52/100|[from] item: Leftovers
|-ability|p1a: Blaziken|Speed Boost|boost
|-boost|p1a: Blaziken|spe|1
|upkeep
|turn|7
|
|t:|1778506743
|move|p2a: Thwackey|Grassy Glide|p1a: Blaziken
|-resisted|p1a: Blaziken
|-crit|p1a: Blaziken
|-damage|p1a: Blaziken|0 fnt
|faint|p1a: Blaziken
|-damage|p2a: Thwackey|91/100|[from] item: Life Orb
|
|-heal|p2a: Thwackey|97/100|[from] Grassy Terrain
|upkeep
|
|t:|1778506753
|switch|p1a: Infernape|Infernape, M|100/100
|turn|8
|
|t:|1778506758
|move|p1a: Infernape|Fire Blast|p2a: Thwackey
|-supereffective|p2a: Thwackey
|-damage|p2a: Thwackey|0 fnt
|faint|p2a: Thwackey
|-damage|p1a: Infernape|91/100|[from] item: Life Orb
|
|-heal|p1a: Infernape|97/100|[from] Grassy Terrain
|upkeep
|
|t:|1778506781
|switch|p2a: Combusken|Combusken, M|100/100
|turn|9
|
|t:|1778506786
|move|p2a: Combusken|Protect|p2a: Combusken
|-singleturn|p2a: Combusken|Protect
|move|p1a: Infernape|Aura Sphere|p2a: Combusken
|-activate|p2a: Combusken|move: Protect
|
|-heal|p1a: Infernape|100/100|[from] Grassy Terrain
|-ability|p2a: Combusken|Speed Boost|boost
|-boost|p2a: Combusken|spe|1
|upkeep
|turn|10
|
|t:|1778506793
|move|p1a: Infernape|Aura Sphere|p2a: Combusken
|-damage|p2a: Combusken|10/100
|-damage|p1a: Infernape|91/100|[from] item: Life Orb
|move|p2a: Combusken|Swords Dance|p2a: Combusken
|-boost|p2a: Combusken|atk|2
|
|-heal|p1a: Infernape|97/100|[from] Grassy Terrain
|-heal|p2a: Combusken|17/100|[from] Grassy Terrain
|-fieldend|move: Grassy Terrain
|-ability|p2a: Combusken|Speed Boost|boost
|-boost|p2a: Combusken|spe|1
|upkeep
|turn|11
|
|t:|1778506805
|move|p2a: Combusken|Protect|p2a: Combusken
|-singleturn|p2a: Combusken|Protect
|move|p1a: Infernape|Aura Sphere|p2a: Combusken
|-activate|p2a: Combusken|move: Protect
|
|-ability|p2a: Combusken|Speed Boost|boost
|-boost|p2a: Combusken|spe|1
|upkeep
|turn|12
|
|t:|1778506825
|move|p2a: Combusken|Close Combat|p1a: Infernape
|-damage|p1a: Infernape|0 fnt
|-unboost|p2a: Combusken|def|1
|-unboost|p2a: Combusken|spd|1
|faint|p1a: Infernape
|
|-ability|p2a: Combusken|Speed Boost|boost
|-boost|p2a: Combusken|spe|1
|upkeep
|
|t:|1778506831
|switch|p1a: Cinderace|Cinderace, M|100/100
|turn|13
|
|t:|1778506837
|move|p2a: Combusken|Protect|p2a: Combusken
|-singleturn|p2a: Combusken|Protect
|move|p1a: Cinderace|Sucker Punch||[still]
|-fail|p1a: Cinderace
|
|-ability|p2a: Combusken|Speed Boost|boost
|-boost|p2a: Combusken|spe|1
|upkeep
|turn|14
|
|t:|1778506845
|move|p1a: Cinderace|Sucker Punch||[still]
|-fail|p1a: Cinderace
|move|p2a: Combusken|Swords Dance|p2a: Combusken
|-boost|p2a: Combusken|atk|2
|
|-ability|p2a: Combusken|Speed Boost|boost
|-boost|p2a: Combusken|spe|1
|upkeep
|turn|15
|
|t:|1778506848
|move|p2a: Combusken|Protect|p2a: Combusken
|-singleturn|p2a: Combusken|Protect
|move|p1a: Cinderace|Sucker Punch||[still]
|-fail|p1a: Cinderace
|
|upkeep
|turn|16
|
|t:|1778506854
|move|p1a: Cinderace|Sucker Punch||[still]
|-fail|p1a: Cinderace
|move|p2a: Combusken|Swords Dance|p2a: Combusken
|-boost|p2a: Combusken|atk|2
|
|upkeep
|turn|17
|
|t:|1778506860
|move|p2a: Combusken|Protect|p2a: Combusken
|-singleturn|p2a: Combusken|Protect
|move|p1a: Cinderace|Sucker Punch||[still]
|-fail|p1a: Cinderace
|
|upkeep
|turn|18
|
|t:|1778506869
|move|p2a: Combusken|Protect||[still]
|-fail|p2a: Combusken
|move|p1a: Cinderace|Pyro Ball|p2a: Combusken|[miss]
|-miss|p1a: Cinderace|p2a: Combusken
|
|upkeep
|turn|19
|
|t:|1778506876
|move|p2a: Combusken|Protect|p2a: Combusken
|-singleturn|p2a: Combusken|Protect
|move|p1a: Cinderace|Sucker Punch||[still]
|-fail|p1a: Cinderace
|
|upkeep
|turn|20
|
|t:|1778506883
|move|p1a: Cinderace|Sucker Punch|p2a: Combusken
|-start|p1a: Cinderace|typechange|Dark|[from] ability: Libero
|-resisted|p2a: Combusken
|-damage|p2a: Combusken|0 fnt
|faint|p2a: Combusken
|
|upkeep
|
|t:|1778506886
|switch|p2a: Ivysaur|Ivysaur, F|100/100
|turn|21
|
|t:|1778506892
|move|p1a: Cinderace|Pyro Ball|p2a: Ivysaur
|-supereffective|p2a: Ivysaur
|-damage|p2a: Ivysaur|42/100
|move|p2a: Ivysaur|Leech Seed|p1a: Cinderace
|-start|p1a: Cinderace|move: Leech Seed
|
|-damage|p1a: Cinderace|88/100|[from] Leech Seed|[of] p2a: Ivysaur
|-heal|p2a: Ivysaur|54/100|[silent]
|upkeep
|turn|22
|
|t:|1778506899
|switch|p1a: Delphox|Delphox, F|100/100
|move|p2a: Ivysaur|Protect||[still]
|-fail|p2a: Ivysaur
|
|upkeep
|turn|23
|
|t:|1778506910
|move|p1a: Delphox|Encore|p2a: Ivysaur
|-start|p2a: Ivysaur|Encore
|move|p2a: Ivysaur|Protect||[still]
|-fail|p2a: Ivysaur
|
|upkeep
|turn|24
|
|t:|1778506916
|switch|p1a: Charizard|Charizard, F|100/100
|move|p2a: Ivysaur|Protect||[still]
|-fail|p2a: Ivysaur
|
|upkeep
|turn|25
|
|t:|1778506920
|move|p2a: Ivysaur|Protect|p2a: Ivysaur
|-singleturn|p2a: Ivysaur|Protect
|move|p1a: Charizard|Solar Beam||[still]
|-prepare|p1a: Charizard|Solar Beam
|
|-end|p2a: Ivysaur|Encore
|upkeep
|turn|26
|
|t:|1778506930
|move|p1a: Charizard|Solar Beam|p2a: Ivysaur|[from] lockedmove
|-resisted|p2a: Ivysaur
|-damage|p2a: Ivysaur|47/100
|move|p2a: Ivysaur|Leech Seed|p1a: Charizard
|-start|p1a: Charizard|move: Leech Seed
|
|-damage|p1a: Charizard|88/100|[from] Leech Seed|[of] p2a: Ivysaur
|-heal|p2a: Ivysaur|58/100|[silent]
|upkeep
|turn|27
|
|t:|1778506935
|switch|p1a: Cinderace|Cinderace, M|88/100
|move|p2a: Ivysaur|Toxic|p1a: Cinderace
|-status|p1a: Cinderace|tox
|
|-damage|p1a: Cinderace|82/100 tox|[from] psn
|upkeep
|turn|28
|
|t:|1778506940
|move|p2a: Ivysaur|Protect|p2a: Ivysaur
|-singleturn|p2a: Ivysaur|Protect
|move|p1a: Cinderace|U-turn|p2a: Ivysaur
|-start|p1a: Cinderace|typechange|Bug|[from] ability: Libero
|-activate|p2a: Ivysaur|move: Protect
|
|-damage|p1a: Cinderace|70/100 tox|[from] psn
|upkeep
|turn|29
|
|t:|1778506950
|move|p1a: Cinderace|Pyro Ball|p2a: Ivysaur
|-supereffective|p2a: Ivysaur
|-damage|p2a: Ivysaur|0 fnt
|faint|p2a: Ivysaur
|
|-damage|p1a: Cinderace|52/100 tox|[from] psn
|upkeep
|
|t:|1778506952
|switch|p2a: Wartortle|Wartortle, M, tera:Water|100/100
|turn|30
|
|t:|1778506956
|move|p1a: Cinderace|U-turn|p2a: Wartortle
|-damage|p2a: Wartortle|45/100
|
|t:|1778506963
|switch|p1a: Delphox|Delphox, F|100/100|[from] U-turn
|move|p2a: Wartortle|Water Spout|p1a: Delphox
|-supereffective|p1a: Delphox
|-damage|p1a: Delphox|29/100
|
|upkeep
|turn|31
|
|t:|1778506979
|move|p1a: Delphox|Mystical Fire|p2a: Wartortle
|-resisted|p2a: Wartortle
|-damage|p2a: Wartortle|15/100
|-unboost|p2a: Wartortle|spa|1
|move|p2a: Wartortle|Water Spout|p1a: Delphox
|-supereffective|p1a: Delphox
|-damage|p1a: Delphox|7/100
|
|upkeep
|turn|32
|c|☆wendeltheweak|Gg
|c|☆Apprentice Dogwood|Gg
|
|t:|1778506993
|move|p1a: Delphox|Mystical Fire|p2a: Wartortle
|-resisted|p2a: Wartortle
|-damage|p2a: Wartortle|0 fnt
|faint|p2a: Wartortle
|
|win|Apprentice Dogwood
|raw|Apprentice Dogwood's rating: 1122 &rarr; <strong>1146</strong><br />(+24 for winning)
|raw|wendeltheweak's rating: 1107 &rarr; <strong>1083</strong><br />(-24 for losing)
|l|☆wendeltheweak
|player|p2|
|l|☆Apprentice Dogwood
|player|p1|
