|html|<div class="broadcast-blue"><strong>[Gen 9] OU is currently suspecting Volcarona! For information on how to participate check out the <a href="https://www.smogon.com/tools/suspects/view/208">suspect thread</a>.</strong></div>
|j|☆Abigcamel
|j|☆no ratings
|t:|1778512028
|gametype|singles
|player|p1|Abigcamel|morty|1599
|player|p2|no ratings|policeman-gen4|1514
|gen|9
|tier|[Gen 9] OU
|rated|
|rule|HP Percentage Mod: HP is shown in percentages
|rule|Endless Battle Clause: Forcing endless battles is banned
|rule|Species Clause: Limit one of each Pokémon
|rule|OHKO Clause: OHKO moves are banned
|rule|Evasion Items Clause: Evasion items are banned
|rule|Evasion Moves Clause: Evasion moves are banned
|rule|Evasion Abilities Clause: Evasion abilities are banned
|rule|Sleep Moves Clause: Sleep-inducing moves are banned
|clearpoke
|poke|p1|Tornadus-Therian, M|
|poke|p1|Hatterene, F|
|poke|p1|Iron Treads|
|poke|p1|Darkrai|
|poke|p1|Pecharunt|
|poke|p1|Blaziken, F|
|poke|p2|Hydrapple, M|
|poke|p2|Tyranitar, F|
|poke|p2|Moltres|
|poke|p2|Zamazenta-*|
|poke|p2|Slowking-Galar, F|
|poke|p2|Excadrill, F|
|teampreview
|inactive|Battle timer is ON: inactive players will automatically lose when time's up. (requested by Abigcamel)
|
|t:|1778512046
|teamsize|p1|6
|teamsize|p2|6
|start
|switch|p1a: Blaziken|Blaziken, F|100/100
|switch|p2a: Moltres|Moltres|100/100
|turn|1
|
|t:|1778512056
|switch|p2a: Tyranitar|Tyranitar, F|100/100
|-weather|Sandstorm|[from] ability: Sand Stream|[of] p2a: Tyranitar
|move|p1a: Blaziken|Knock Off|p2a: Tyranitar
|-resisted|p2a: Tyranitar
|-damage|p2a: Tyranitar|86/100
|-enditem|p2a: Tyranitar|Smooth Rock|[from] move: Knock Off|[of] p1a: Blaziken
|
|-weather|Sandstorm|[upkeep]
|-damage|p1a: Blaziken|95/100|[from] Sandstorm
|-ability|p1a: Blaziken|Speed Boost|boost
|-boost|p1a: Blaziken|spe|1
|upkeep
|turn|2
|
|t:|1778512080
|switch|p2a: Slowking|Slowking-Galar, F|100/100
|move|p1a: Blaziken|Close Combat|p2a: Slowking
|-resisted|p2a: Slowking
|-damage|p2a: Slowking|88/100
|-unboost|p1a: Blaziken|def|1
|-unboost|p1a: Blaziken|spd|1
|
|-weather|Sandstorm|[upkeep]
|-damage|p1a: Blaziken|89/100|[from] Sandstorm
|-damage|p2a: Slowking|82/100|[from] Sandstorm
|-ability|p1a: Blaziken|Speed Boost|boost
|-boost|p1a: Blaziken|spe|1
|upkeep
|turn|3
|
|t:|1778512087
|move|p1a: Blaziken|Knock Off|p2a: Slowking
|-supereffective|p2a: Slowking
|-damage|p2a: Slowking|32/100
|-enditem|p2a: Slowking|Assault Vest|[from] move: Knock Off|[of] p1a: Blaziken
|move|p2a: Slowking|Psyshock|p1a: Blaziken
|-supereffective|p1a: Blaziken
|-damage|p1a: Blaziken|0 fnt
|faint|p1a: Blaziken
|
|-weather|Sandstorm|[upkeep]
|-damage|p2a: Slowking|26/100|[from] Sandstorm
|upkeep
|
|t:|1778512091
|switch|p1a: Darkrai|Darkrai|100/100
|turn|4
|j| Sprakenheit
|
|t:|1778512099
|switch|p1a: Iron Treads|Iron Treads|100/100
|switch|p2a: Tyranitar|Tyranitar, F|86/100
|
|-weather|Sandstorm|[upkeep]
|upkeep
|turn|5
|
|t:|1778512110
|move|p1a: Iron Treads|Stealth Rock|p2a: Tyranitar
|-sidestart|p2: no ratings|move: Stealth Rock
|move|p2a: Tyranitar|Knock Off|p1a: Iron Treads
|-damage|p1a: Iron Treads|69/100
|-enditem|p1a: Iron Treads|Leftovers|[from] move: Knock Off|[of] p2a: Tyranitar
|
|-weather|Sandstorm|[upkeep]
|upkeep
|turn|6
|
|t:|1778512137
|switch|p2a: Excadrill|Excadrill, F|100/100
|-damage|p2a: Excadrill|97/100|[from] Stealth Rock
|-item|p2a: Excadrill|Air Balloon
|move|p1a: Iron Treads|Earthquake|p2a: Excadrill
|-immune|p2a: Excadrill
|
|-weather|Sandstorm|[upkeep]
|upkeep
|turn|7
|
|t:|1778512157
|move|p2a: Excadrill|Iron Head|p1a: Iron Treads
|-resisted|p1a: Iron Treads
|-damage|p1a: Iron Treads|52/100
|move|p1a: Iron Treads|Rapid Spin|p2a: Excadrill
|-resisted|p2a: Excadrill
|-damage|p2a: Excadrill|89/100
|-boost|p1a: Iron Treads|spe|1
|-enditem|p2a: Excadrill|Air Balloon
|
|-weather|Sandstorm|[upkeep]
|upkeep
|turn|8
|
|t:|1778512170
|-end|p1a: Iron Treads|Quark Drive|[silent]
|switch|p1a: Tornadus|Tornadus-Therian, M|100/100
|move|p2a: Excadrill|Earthquake|p1a: Tornadus
|-immune|p1a: Tornadus
|
|-weather|none
|upkeep
|turn|9
|
|t:|1778512175
|switch|p1a: Pecharunt|Pecharunt|100/100
|switch|p2a: Tyranitar|Tyranitar, F|86/100
|-damage|p2a: Tyranitar|73/100|[from] Stealth Rock
|-weather|Sandstorm|[from] ability: Sand Stream|[of] p2a: Tyranitar
|
|-weather|Sandstorm|[upkeep]
|-damage|p1a: Pecharunt|94/100|[from] Sandstorm
|upkeep
|turn|10
|
|t:|1778512180
|move|p1a: Pecharunt|Parting Shot|p2a: Tyranitar
|-unboost|p2a: Tyranitar|atk|1
|-unboost|p2a: Tyranitar|spa|1
|
|t:|1778512184
|switch|p1a: Hatterene|Hatterene, F|100/100|[from] Parting Shot
|move|p2a: Tyranitar|Stealth Rock|p1a: Hatterene
|move|p1a: Hatterene|Stealth Rock||[from] ability: Magic Bounce|[still]
|-fail|p1a: Hatterene
|
|-weather|Sandstorm|[upkeep]
|-damage|p1a: Hatterene|95/100|[from] Sandstorm
|upkeep
|turn|11
|
|t:|1778512189
|move|p2a: Tyranitar|Knock Off|p1a: Hatterene
|-damage|p1a: Hatterene|72/100
|-damage|p2a: Tyranitar|57/100|[from] item: Rocky Helmet|[of] p1a: Hatterene
|-enditem|p1a: Hatterene|Rocky Helmet|[from] move: Knock Off|[of] p2a: Tyranitar
|move|p1a: Hatterene|Draining Kiss|p2a: Tyranitar
|-supereffective|p2a: Tyranitar
|-damage|p2a: Tyranitar|36/100
|-heal|p1a: Hatterene|92/100|[from] drain|[of] p2a: Tyranitar
|
|-weather|Sandstorm|[upkeep]
|-damage|p1a: Hatterene|86/100|[from] Sandstorm
|upkeep
|turn|12
|
|t:|1778512217
|switch|p2a: Slowking|Slowking-Galar, F|59/100
|-damage|p2a: Slowking|47/100|[from] Stealth Rock
|move|p1a: Hatterene|Nuzzle|p2a: Slowking
|-crit|p2a: Slowking
|-damage|p2a: Slowking|42/100
|-status|p2a: Slowking|par
|
|-weather|Sandstorm|[upkeep]
|-damage|p1a: Hatterene|80/100|[from] Sandstorm
|-damage|p2a: Slowking|36/100 par|[from] Sandstorm
|upkeep
|turn|13
|
|t:|1778512235
|switch|p1a: Iron Treads|Iron Treads|52/100
|switch|p2a: Excadrill|Excadrill, F|89/100
|-damage|p2a: Excadrill|86/100|[from] Stealth Rock
|
|-weather|none
|upkeep
|turn|14
|
|t:|1778512241
|move|p2a: Excadrill|Rapid Spin|p1a: Iron Treads
|-resisted|p1a: Iron Treads
|-damage|p1a: Iron Treads|45/100
|-boost|p2a: Excadrill|spe|1
|-sideend|p2: no ratings|Stealth Rock|[from] move: Rapid Spin|[of] p2a: Excadrill
|move|p1a: Iron Treads|Earthquake|p2a: Excadrill
|-supereffective|p2a: Excadrill
|-damage|p2a: Excadrill|0 fnt
|faint|p2a: Excadrill
|
|upkeep
|
|t:|1778512256
|switch|p2a: Zamazenta|Zamazenta|100/100
|-ability|p2a: Zamazenta|Dauntless Shield|boost
|-boost|p2a: Zamazenta|def|1
|turn|15
|
|t:|1778512270
|move|p2a: Zamazenta|Crunch|p1a: Iron Treads
|-damage|p1a: Iron Treads|29/100
|move|p1a: Iron Treads|Knock Off|p2a: Zamazenta
|-resisted|p2a: Zamazenta
|-damage|p2a: Zamazenta|94/100
|-enditem|p2a: Zamazenta|Leftovers|[from] move: Knock Off|[of] p1a: Iron Treads
|
|upkeep
|turn|16
|
|t:|1778512275
|-end|p1a: Iron Treads|Quark Drive|[silent]
|switch|p1a: Pecharunt|Pecharunt|94/100
|move|p2a: Zamazenta|Crunch|p1a: Pecharunt
|-supereffective|p1a: Pecharunt
|-damage|p1a: Pecharunt|75/100
|
|upkeep
|turn|17
|l| Sprakenheit
|
|t:|1778512279
|switch|p2a: Slowking|Slowking-Galar, F|70/100 par
|move|p1a: Pecharunt|Malignant Chain|p2a: Slowking
|-resisted|p2a: Slowking
|-damage|p2a: Slowking|56/100 par
|
|upkeep
|turn|18
|
|t:|1778512282
|switch|p2a: Tyranitar|Tyranitar, F|36/100
|-weather|Sandstorm|[from] ability: Sand Stream|[of] p2a: Tyranitar
|move|p1a: Pecharunt|Parting Shot|p2a: Tyranitar
|-unboost|p2a: Tyranitar|atk|1
|-unboost|p2a: Tyranitar|spa|1
|
|t:|1778512286
|switch|p1a: Iron Treads|Iron Treads|29/100|[from] Parting Shot
|
|-weather|Sandstorm|[upkeep]
|upkeep
|turn|19
|
|t:|1778512290
|switch|p2a: Moltres|Moltres|100/100
|move|p1a: Iron Treads|Earthquake|p2a: Moltres
|-immune|p2a: Moltres
|
|-weather|Sandstorm|[upkeep]
|-damage|p2a: Moltres|94/100|[from] Sandstorm
|upkeep
|turn|20
|
|t:|1778512301
|-end|p1a: Iron Treads|Quark Drive|[silent]
|switch|p1a: Tornadus|Tornadus-Therian, M|100/100
|move|p2a: Moltres|Flamethrower|p1a: Tornadus
|-damage|p1a: Tornadus|50/100
|
|-weather|Sandstorm|[upkeep]
|-damage|p1a: Tornadus|44/100|[from] Sandstorm
|-damage|p2a: Moltres|88/100|[from] Sandstorm
|upkeep
|turn|21
|
|t:|1778512305
|move|p1a: Tornadus|Bleakwind Storm|p2a: Moltres
|-damage|p2a: Moltres|31/100
|-damage|p1a: Tornadus|34/100|[from] item: Life Orb
|move|p2a: Moltres|Flamethrower|p1a: Tornadus
|-damage|p1a: Tornadus|0 fnt
|faint|p1a: Tornadus
|
|-weather|Sandstorm|[upkeep]
|-damage|p2a: Moltres|25/100|[from] Sandstorm
|upkeep
|
|t:|1778512309
|switch|p1a: Darkrai|Darkrai|100/100
|turn|22
|
|t:|1778512319
|move|p1a: Darkrai|Ice Beam|p2a: Moltres
|-damage|p2a: Moltres|0 fnt
|faint|p2a: Moltres
|
|-weather|none
|upkeep
|
|t:|1778512321
|switch|p2a: Tyranitar|Tyranitar, F|36/100
|-weather|Sandstorm|[from] ability: Sand Stream|[of] p2a: Tyranitar
|turn|23
|
|t:|1778512333
|switch|p1a: Iron Treads|Iron Treads|29/100
|move|p2a: Tyranitar|Knock Off|p1a: Iron Treads
|-damage|p1a: Iron Treads|4/100
|
|-weather|Sandstorm|[upkeep]
|upkeep
|turn|24
|
|t:|1778512344
|switch|p2a: Hydrapple|Hydrapple, M|100/100
|move|p1a: Iron Treads|Earthquake|p2a: Hydrapple
|-resisted|p2a: Hydrapple
|-damage|p2a: Hydrapple|89/100
|
|-weather|Sandstorm|[upkeep]
|-damage|p2a: Hydrapple|83/100|[from] Sandstorm
|upkeep
|turn|25
|
|t:|1778512354
|move|p1a: Iron Treads|Stealth Rock|p2a: Hydrapple
|-sidestart|p2: no ratings|move: Stealth Rock
|move|p2a: Hydrapple|Giga Drain|p1a: Iron Treads
|-damage|p1a: Iron Treads|0 fnt
|-heal|p2a: Hydrapple|85/100|[from] drain|[of] p1a: Iron Treads
|faint|p1a: Iron Treads
|-end|p1a: Iron Treads|Quark Drive|[silent]
|
|-weather|Sandstorm|[upkeep]
|-damage|p2a: Hydrapple|79/100|[from] Sandstorm
|upkeep
|
|t:|1778512358
|switch|p1a: Darkrai|Darkrai|100/100
|turn|26
|
|t:|1778512362
|switch|p2a: Slowking|Slowking-Galar, F|90/100 par
|-damage|p2a: Slowking|77/100 par|[from] Stealth Rock
|move|p1a: Darkrai|Dark Pulse|p2a: Slowking
|-supereffective|p2a: Slowking
|-damage|p2a: Slowking|12/100 par
|
|-weather|Sandstorm|[upkeep]
|-damage|p1a: Darkrai|94/100|[from] Sandstorm
|-damage|p2a: Slowking|6/100 par|[from] Sandstorm
|upkeep
|turn|27
|
|t:|1778512371
|switch|p2a: Zamazenta|Zamazenta|94/100
|-damage|p2a: Zamazenta|88/100|[from] Stealth Rock
|move|p1a: Darkrai|Ice Beam|p2a: Zamazenta
|-damage|p2a: Zamazenta|59/100
|
|-weather|none
|upkeep
|turn|28
|
|t:|1778512379
|switch|p1a: Pecharunt|Pecharunt|75/100
|move|p2a: Zamazenta|Body Press|p1a: Pecharunt
|-immune|p1a: Pecharunt
|
|upkeep
|turn|29
|
|t:|1778512384
|switch|p2a: Slowking|Slowking-Galar, F|40/100 par
|-damage|p2a: Slowking|27/100 par|[from] Stealth Rock
|move|p1a: Pecharunt|Parting Shot|p2a: Slowking
|-unboost|p2a: Slowking|atk|1
|-unboost|p2a: Slowking|spa|1
|
|t:|1778512386
|switch|p1a: Darkrai|Darkrai|94/100|[from] Parting Shot
|
|upkeep
|turn|30
|
|t:|1778512394
|switch|p2a: Tyranitar|Tyranitar, F|36/100
|-damage|p2a: Tyranitar|24/100|[from] Stealth Rock
|-weather|Sandstorm|[from] ability: Sand Stream|[of] p2a: Tyranitar
|move|p1a: Darkrai|Dark Pulse|p2a: Tyranitar
|-resisted|p2a: Tyranitar
|-damage|p2a: Tyranitar|15/100
|
|-weather|Sandstorm|[upkeep]
|-damage|p1a: Darkrai|88/100|[from] Sandstorm
|upkeep
|turn|31
|
|t:|1778512404
|move|p1a: Darkrai|Ice Beam|p2a: Tyranitar
|-damage|p2a: Tyranitar|2/100
|move|p2a: Tyranitar|Knock Off|p1a: Darkrai
|-resisted|p1a: Darkrai
|-damage|p1a: Darkrai|60/100
|-enditem|p1a: Darkrai|Heavy-Duty Boots|[from] move: Knock Off|[of] p2a: Tyranitar
|
|-weather|Sandstorm|[upkeep]
|-damage|p1a: Darkrai|54/100|[from] Sandstorm
|upkeep
|turn|32
|
|t:|1778512410
|move|p1a: Darkrai|Dark Pulse|p2a: Tyranitar
|-resisted|p2a: Tyranitar
|-damage|p2a: Tyranitar|0 fnt
|faint|p2a: Tyranitar
|
|-weather|Sandstorm|[upkeep]
|-damage|p1a: Darkrai|47/100|[from] Sandstorm
|upkeep
|
|t:|1778512413
|switch|p2a: Zamazenta|Zamazenta|59/100
|-damage|p2a: Zamazenta|53/100|[from] Stealth Rock
|turn|33
|
|t:|1778512420
|switch|p1a: Hatterene|Hatterene, F|80/100
|move|p2a: Zamazenta|Body Press|p1a: Hatterene
|-resisted|p1a: Hatterene
|-damage|p1a: Hatterene|72/100
|
|-weather|Sandstorm|[upkeep]
|-damage|p2a: Zamazenta|47/100|[from] Sandstorm
|-damage|p1a: Hatterene|66/100|[from] Sandstorm
|upkeep
|turn|34
|
|t:|1778512426
|move|p2a: Zamazenta|Crunch|p1a: Hatterene
|-damage|p1a: Hatterene|48/100
|move|p1a: Hatterene|Psychic Noise|p2a: Zamazenta
|-supereffective|p2a: Zamazenta
|-damage|p2a: Zamazenta|0 fnt
|faint|p2a: Zamazenta
|
|-weather|none
|upkeep
|
|t:|1778512430
|switch|p2a: Slowking|Slowking-Galar, F|61/100 par
|-damage|p2a: Slowking|48/100 par|[from] Stealth Rock
|turn|35
|
|t:|1778512434
|move|p1a: Hatterene|Psychic Noise|p2a: Slowking
|-damage|p2a: Slowking|20/100 par
|-start|p2a: Slowking|move: Heal Block
|move|p2a: Slowking|Sludge Bomb|p1a: Hatterene
|-supereffective|p1a: Hatterene
|-damage|p1a: Hatterene|0 fnt
|faint|p1a: Hatterene
|
|upkeep
|
|t:|1778512438
|switch|p1a: Darkrai|Darkrai|47/100
|turn|36
|
|t:|1778512450
|move|p1a: Darkrai|Dark Pulse|p2a: Slowking
|-supereffective|p2a: Slowking
|-damage|p2a: Slowking|0 fnt
|faint|p2a: Slowking
|
|upkeep
|
|t:|1778512452
|switch|p2a: Hydrapple|Hydrapple, M|100/100
|turn|37
|
|t:|1778512468
|-terastallize|p2a: Hydrapple|Poison
|move|p1a: Darkrai|Dark Pulse|p2a: Hydrapple
|-damage|p2a: Hydrapple|54/100
|move|p2a: Hydrapple|Fickle Beam|p1a: Darkrai|[anim] Fickle Beam All Out
|-activate|p2a: Hydrapple|move: Fickle Beam
|-damage|p1a: Darkrai|0 fnt
|faint|p1a: Darkrai
|
|upkeep
|
|t:|1778512473
|switch|p1a: Pecharunt|Pecharunt|75/100
|turn|38
|
|t:|1778512479
|-terastallize|p1a: Pecharunt|Dark
|move|p1a: Pecharunt|Foul Play|p2a: Hydrapple
|-damage|p2a: Hydrapple|40/100
|move|p2a: Hydrapple|Nasty Plot|p2a: Hydrapple
|-boost|p2a: Hydrapple|spa|2
|
|upkeep
|turn|39
|
|t:|1778512484
|move|p1a: Pecharunt|Foul Play|p2a: Hydrapple
|-damage|p2a: Hydrapple|28/100
|move|p2a: Hydrapple|Fickle Beam|p1a: Pecharunt|[anim] Fickle Beam All Out
|-activate|p2a: Hydrapple|move: Fickle Beam
|-damage|p1a: Pecharunt|0 fnt
|faint|p1a: Pecharunt
|
|win|no ratings
|raw|Abigcamel's rating: 1599 &rarr; <strong>1574</strong><br />(-25 for losing)
|raw|no ratings's rating: 1514 &rarr; <strong>1539</strong><br />(+25 for winning)
|l|☆Abigcamel
|player|p1|
