|html|<div class="broadcast-blue"><strong>[Gen 9] OU is currently suspecting Tera Blast! For information on how to participate check out the <a href="https://www.smogon.com/tools/suspects/view/200">suspect thread</a>.</strong></div>
|j|☆asasdfdasfdsaf
|j|☆DestrozaVeganos
|t:|1776053100
|gametype|singles
|player|p1|asasdfdasfdsaf|101|1228
|player|p2|DestrozaVeganos|pokemonbreeder-gen4|1197
|gen|9
|tier|[Gen 9] OU
|rated|
|rule|HP Percentage Mod: HP is shown in percentages
|rule|Endless Battle Clause: Forcing endless battles is banned
|rule|Species Clause: Limit one of each Pokémon
|rule|OHKO Clause: OHKO moves are banned
|rule|Evasion Items Clause: Evasion items are banned
|rule|Evasion Moves Clause: Evasion moves are banned
|rule|Evasion Abilities Clause: Evasion abilities are banned
|rule|Sleep Moves Clause: Sleep-inducing moves are banned
|clearpoke
|poke|p1|Ribombee, F|
|poke|p1|Cinderace, F|
|poke|p1|Serperior, F|
|poke|p1|Milotic, F|
|poke|p1|Kingambit, F|
|poke|p1|Gothitelle, F|
|poke|p2|Dragapult, F|
|poke|p2|Gholdengo|
|poke|p2|Glimmora, F|
|poke|p2|Garganacl, M|
|poke|p2|Rotom-Wash|
|poke|p2|Ogerpon-Wellspring, F|
|teampreview
|inactive|Battle timer is ON: inactive players will automatically lose when time's up. (requested by asasdfdasfdsaf)
|
|t:|1776053120
|teamsize|p1|6
|teamsize|p2|6
|start
|switch|p1a: Ribombee|Ribombee, F|100/100
|switch|p2a: Dragapult|Dragapult, F|100/100
|turn|1
|
|t:|1776053136
|move|p2a: Dragapult|U-turn|p1a: Ribombee
|-resisted|p1a: Ribombee
|-damage|p1a: Ribombee|78/100
|
|t:|1776053144
|switch|p2a: Glimmora|Glimmora, F|100/100|[from] U-turn
|move|p1a: Ribombee|Sticky Web|p2a: Glimmora
|-sidestart|p2: DestrozaVeganos|move: Sticky Web
|
|upkeep
|turn|2
|
|t:|1776053156
|switch|p1a: Kingambit|Kingambit, F|100/100
|move|p2a: Glimmora|Mortal Spin|p1a: Kingambit
|-immune|p1a: Kingambit
|
|upkeep
|turn|3
|
|t:|1776053162
|move|p2a: Glimmora|Stealth Rock|p1a: Kingambit
|-sidestart|p1: asasdfdasfdsaf|move: Stealth Rock
|move|p1a: Kingambit|Swords Dance|p1a: Kingambit
|-boost|p1a: Kingambit|atk|2
|
|upkeep
|turn|4
|
|t:|1776053172
|move|p2a: Glimmora|Memento|p1a: Kingambit
|-unboost|p1a: Kingambit|atk|2
|-ability|p1a: Kingambit|Defiant|boost
|-boost|p1a: Kingambit|atk|2
|-unboost|p1a: Kingambit|spa|2
|-ability|p1a: Kingambit|Defiant|boost
|-boost|p1a: Kingambit|atk|2
|faint|p2a: Glimmora
|move|p1a: Kingambit|Kowtow Cleave|p2: Glimmora|[notarget]
|-fail|p1a: Kingambit
|
|upkeep
|
|t:|1776053180
|switch|p2a: Garganacl|Garganacl, M|100/100
|-activate|p2a: Garganacl|move: Sticky Web
|-unboost|p2a: Garganacl|spe|1
|turn|5
|
|t:|1776053199
|-terastallize|p2a: Garganacl|Poison
|move|p1a: Kingambit|Low Kick|p2a: Garganacl
|-resisted|p2a: Garganacl
|-damage|p2a: Garganacl|58/100
|move|p2a: Garganacl|Salt Cure|p1a: Kingambit
|-resisted|p1a: Kingambit
|-damage|p1a: Kingambit|96/100
|-start|p1a: Kingambit|Salt Cure
|
|-heal|p2a: Garganacl|65/100|[from] item: Leftovers
|-damage|p1a: Kingambit|71/100|[from] Salt Cure
|upkeep
|turn|6
|
|t:|1776053211
|move|p1a: Kingambit|Kowtow Cleave|p2a: Garganacl
|-damage|p2a: Garganacl|0 fnt
|faint|p2a: Garganacl
|
|-damage|p1a: Kingambit|46/100|[from] Salt Cure
|upkeep
|
|t:|1776053226
|switch|p2a: Dragapult|Dragapult, F|100/100
|-activate|p2a: Dragapult|move: Sticky Web
|-unboost|p2a: Dragapult|spe|1
|turn|7
|
|t:|1776053251
|switch|p2a: Rotom|Rotom-Wash|100/100
|move|p1a: Kingambit|Kowtow Cleave|p2a: Rotom
|-damage|p2a: Rotom|0 fnt
|faint|p2a: Rotom
|
|-damage|p1a: Kingambit|21/100|[from] Salt Cure
|upkeep
|
|t:|1776053256
|switch|p2a: Dragapult|Dragapult, F|100/100
|-activate|p2a: Dragapult|move: Sticky Web
|-unboost|p2a: Dragapult|spe|1
|turn|8
|
|t:|1776053265
|move|p1a: Kingambit|Sucker Punch|p2a: Dragapult
|-supereffective|p2a: Dragapult
|-damage|p2a: Dragapult|0 fnt
|faint|p2a: Dragapult
|
|-damage|p1a: Kingambit|0 fnt|[from] Salt Cure
|faint|p1a: Kingambit
|upkeep
|
|t:|1776053269
|switch|p2a: Ogerpon|Ogerpon-Wellspring, F|100/100
|switch|p1a: Cinderace|Cinderace, F|100/100
|-damage|p1a: Cinderace|76/100|[from] Stealth Rock
|-activate|p2a: Ogerpon|move: Sticky Web
|-unboost|p2a: Ogerpon|spe|1
|turn|9
|
|t:|1776053285
|move|p1a: Cinderace|Taunt|p2a: Ogerpon
|-start|p2a: Ogerpon|move: Taunt
|move|p2a: Ogerpon|Ivy Cudgel|p1a: Cinderace|[anim] Ivy Cudgel Water
|-supereffective|p1a: Cinderace
|-crit|p1a: Cinderace
|-damage|p1a: Cinderace|0 fnt
|faint|p1a: Cinderace
|
|upkeep
|
|t:|1776053296
|switch|p1a: Serperior|Serperior, F|100/100
|-damage|p1a: Serperior|88/100|[from] Stealth Rock
|turn|10
|
|t:|1776053304
|move|p1a: Serperior|Leaf Storm|p2a: Ogerpon
|-damage|p2a: Ogerpon|39/100
|-boost|p1a: Serperior|spa|2
|move|p2a: Ogerpon|U-turn|p1a: Serperior
|-supereffective|p1a: Serperior
|-damage|p1a: Serperior|13/100
|
|t:|1776053309
|switch|p2a: Gholdengo|Gholdengo|100/100|[from] U-turn
|-activate|p2a: Gholdengo|move: Sticky Web
|-unboost|p2a: Gholdengo|spe|1
|
|-heal|p1a: Serperior|19/100|[from] item: Leftovers
|upkeep
|turn|11
|inactive|asasdfdasfdsaf has 120 seconds left.
|
|t:|1776053340
|-terastallize|p1a: Serperior|Electric
|move|p1a: Serperior|Tera Blast|p2a: Gholdengo|[anim] Tera Blast Electric
|-damage|p2a: Gholdengo|32/100
|move|p2a: Gholdengo|Shadow Ball|p1a: Serperior
|-damage|p1a: Serperior|0 fnt
|faint|p1a: Serperior
|
|upkeep
|inactive|asasdfdasfdsaf has 120 seconds left.
|
|t:|1776053367
|switch|p1a: Milotic|Milotic, F|100/100
|-damage|p1a: Milotic|88/100|[from] Stealth Rock
|turn|12
|
|t:|1776053371
|switch|p1a: Gothitelle|Gothitelle, F|100/100
|-damage|p1a: Gothitelle|88/100|[from] Stealth Rock
|move|p2a: Gholdengo|Recover|p2a: Gholdengo
|-heal|p2a: Gholdengo|82/100
|
|upkeep
|turn|13
|
|t:|1776053379
|move|p2a: Gholdengo|Shadow Ball|p1a: Gothitelle
|-supereffective|p1a: Gothitelle
|-damage|p1a: Gothitelle|4/100
|move|p1a: Gothitelle|Trick Room|p1a: Gothitelle
|-fieldstart|move: Trick Room|[of] p1a: Gothitelle
|
|upkeep
|turn|14
|
|t:|1776053391
|move|p1a: Gothitelle|Dark Pulse|p2a: Gholdengo
|-supereffective|p2a: Gholdengo
|-damage|p2a: Gholdengo|1/100
|-damage|p1a: Gothitelle|0 fnt|[from] item: Life Orb
|faint|p1a: Gothitelle
|move|p2a: Gholdengo|Shadow Ball|p1: Gothitelle|[notarget]
|-fail|p2a: Gholdengo
|
|upkeep
|
|t:|1776053398
|switch|p1a: Milotic|Milotic, F|88/100
|-damage|p1a: Milotic|76/100|[from] Stealth Rock
|turn|15
|
|t:|1776053406
|move|p1a: Milotic|Ice Beam|p2a: Gholdengo
|-resisted|p2a: Gholdengo
|-damage|p2a: Gholdengo|0 fnt
|faint|p2a: Gholdengo
|-damage|p1a: Milotic|66/100|[from] item: Life Orb
|
|upkeep
|
|t:|1776053409
|switch|p2a: Ogerpon|Ogerpon-Wellspring, F|39/100
|-activate|p2a: Ogerpon|move: Sticky Web
|-unboost|p2a: Ogerpon|spe|1
|turn|16
|
|t:|1776053414
|move|p1a: Milotic|Ice Beam|p2a: Ogerpon
|-damage|p2a: Ogerpon|0 fnt
|faint|p2a: Ogerpon
|-damage|p1a: Milotic|56/100|[from] item: Life Orb
|
|win|asasdfdasfdsaf
|raw|asasdfdasfdsaf's rating: 1228 &rarr; <strong>1251</strong><br />(+23 for winning)
|raw|DestrozaVeganos's rating: 1197 &rarr; <strong>1174</strong><br />(-23 for losing)
|l|☆DestrozaVeganos
|player|p2|
|l|☆asasdfdasfdsaf
|player|p1|
