|html|<div class="broadcast-blue"><strong>[Gen 9] OU is currently suspecting Tera Blast! For information on how to participate check out the <a href="https://www.smogon.com/tools/suspects/view/200">suspect thread</a>.</strong></div>
|j|☆Daybrick
|j|☆GauMongTo
|t:|1776063521
|gametype|singles
|player|p1|Daybrick|2|1569
|player|p2|GauMongTo|101|1712
|gen|9
|tier|[Gen 9] OU
|rated|
|rule|HP Percentage Mod: HP is shown in percentages
|rule|Endless Battle Clause: Forcing endless battles is banned
|rule|Species Clause: Limit one of each Pokémon
|rule|OHKO Clause: OHKO moves are banned
|rule|Evasion Items Clause: Evasion items are banned
|rule|Evasion Moves Clause: Evasion moves are banned
|rule|Evasion Abilities Clause: Evasion abilities are banned
|rule|Sleep Moves Clause: Sleep-inducing moves are banned
|clearpoke
|poke|p1|Rillaboom, F|
|poke|p1|Serperior, M|
|poke|p1|Heatran, M|
|poke|p1|Gholdengo|
|poke|p1|Zamazenta-*|
|poke|p1|Great Tusk|
|poke|p2|Dragonite, F|
|poke|p2|Hatterene, F|
|poke|p2|Weavile, M|
|poke|p2|Ogerpon-Wellspring, F|
|poke|p2|Kingambit, M|
|poke|p2|Great Tusk|
|teampreview
|inactive|Battle timer is ON: inactive players will automatically lose when time's up. (requested by Daybrick)
|j| kamenriderzayu
|
|t:|1776063551
|teamsize|p1|6
|teamsize|p2|6
|start
|switch|p1a: Zamazenta|Zamazenta|100/100
|switch|p2a: Hello .RAW-Z|Weavile, M|100/100
|-ability|p1a: Zamazenta|Dauntless Shield|boost
|-boost|p1a: Zamazenta|def|1
|turn|1
|
|t:|1776063565
|switch|p2a: Vent de l'est|Hatterene, F|100/100
|move|p1a: Zamazenta|Close Combat|p2a: Vent de l'est
|-resisted|p2a: Vent de l'est
|-damage|p2a: Vent de l'est|83/100
|-unboost|p1a: Zamazenta|def|1
|-unboost|p1a: Zamazenta|spd|1
|-damage|p1a: Zamazenta|84/100|[from] item: Rocky Helmet|[of] p2a: Vent de l'est
|-damage|p1a: Zamazenta|74/100|[from] item: Life Orb
|
|upkeep
|turn|2
|
|t:|1776063572
|switch|p1a: Heatran|Heatran, M|100/100
|-item|p1a: Heatran|Air Balloon
|switch|p2a: Z-machine|Great Tusk|100/100
|
|upkeep
|turn|3
|
|t:|1776063576
|move|p2a: Z-machine|Close Combat|p1a: Heatran
|-supereffective|p1a: Heatran
|-damage|p1a: Heatran|2/100
|-unboost|p2a: Z-machine|def|1
|-unboost|p2a: Z-machine|spd|1
|-enditem|p1a: Heatran|Air Balloon
|move|p1a: Heatran|Magma Storm|p2a: Z-machine
|-damage|p2a: Z-machine|58/100
|-activate|p2a: Z-machine|move: Magma Storm|[of] p1a: Heatran
|
|-damage|p2a: Z-machine|46/100|[from] move: Magma Storm|[partiallytrapped]
|upkeep
|turn|4
|
|t:|1776063588
|switch|p1a: Gholdengo|Gholdengo|100/100
|move|p2a: Z-machine|Ice Spinner|p1a: Gholdengo
|-resisted|p1a: Gholdengo
|-damage|p1a: Gholdengo|86/100
|
|-end|p2a: Z-machine|Magma Storm|[partiallytrapped]|[silent]
|upkeep
|turn|5
|
|t:|1776063596
|-end|p2a: Z-machine|Protosynthesis|[silent]
|switch|p2a: PrinceDeSangMêlé|Kingambit, M|100/100
|switch|p1a: Rillaboom|Rillaboom, F|100/100
|-fieldstart|move: Grassy Terrain|[from] ability: Grassy Surge|[of] p1a: Rillaboom
|
|upkeep
|turn|6
|
|t:|1776063603
|switch|p1a: Zamazenta|Zamazenta|74/100
|move|p2a: PrinceDeSangMêlé|Kowtow Cleave|p1a: Zamazenta
|-resisted|p1a: Zamazenta
|-damage|p1a: Zamazenta|49/100
|
|-heal|p1a: Zamazenta|55/100|[from] Grassy Terrain
|upkeep
|turn|7
|
|t:|1776063610
|switch|p1a: Gholdengo|Gholdengo|86/100
|-enditem|p1a: Gholdengo|Grassy Seed
|-boost|p1a: Gholdengo|def|1|[from] item: Grassy Seed
|-end|p2a: PrinceDeSangMêlé|fallenundefined|[silent]
|switch|p2a: Vent de l'est|Hatterene, F|83/100
|
|-heal|p1a: Gholdengo|92/100|[from] Grassy Terrain
|-heal|p2a: Vent de l'est|89/100|[from] Grassy Terrain
|upkeep
|turn|8
|
|t:|1776063614
|move|p1a: Gholdengo|Nasty Plot|p1a: Gholdengo
|-boost|p1a: Gholdengo|spa|2
|move|p2a: Vent de l'est|Nuzzle|p1a: Gholdengo
|-damage|p1a: Gholdengo|90/100
|-status|p1a: Gholdengo|par
|
|-heal|p1a: Gholdengo|96/100 par|[from] Grassy Terrain
|-heal|p2a: Vent de l'est|95/100|[from] Grassy Terrain
|upkeep
|turn|9
|
|t:|1776063621
|switch|p2a: PrinceDeSangMêlé|Kingambit, M|100/100
|cant|p1a: Gholdengo|par
|
|-heal|p1a: Gholdengo|100/100 par|[from] Grassy Terrain
|-fieldend|move: Grassy Terrain
|upkeep
|turn|10
|
|t:|1776063636
|move|p2a: PrinceDeSangMêlé|Swords Dance|p2a: PrinceDeSangMêlé
|-boost|p2a: PrinceDeSangMêlé|atk|2
|cant|p1a: Gholdengo|par
|
|upkeep
|turn|11
|
|t:|1776063641
|move|p2a: PrinceDeSangMêlé|Kowtow Cleave|p1a: Gholdengo
|-supereffective|p1a: Gholdengo
|-damage|p1a: Gholdengo|0 fnt
|faint|p1a: Gholdengo
|
|upkeep
|-message|Daybrick forfeited.
|
|win|GauMongTo
|raw|Daybrick's rating: 1569 &rarr; <strong>1557</strong><br />(-12 for losing)
|raw|GauMongTo's rating: 1712 &rarr; <strong>1724</strong><br />(+12 for winning)
|l|☆Daybrick
|player|p1|
|l| kamenriderzayu
|l|☆GauMongTo
|player|p2|
