|html|<div class="broadcast-blue"><strong>[Gen 9] OU is currently suspecting Tera Blast! For information on how to participate check out the <a href="https://www.smogon.com/tools/suspects/view/200">suspect thread</a>.</strong></div>
|j|☆UR FUKN RAPlST692
|j|‽pijkeopd
|t:|1776171341
|gametype|singles
|player|p1|UR FUKN RAPlST692|265|1073
|player|p2|pijkeopd|169|1085
|gen|9
|tier|[Gen 9] OU
|rated|
|rule|HP Percentage Mod: HP is shown in percentages
|rule|Endless Battle Clause: Forcing endless battles is banned
|rule|Species Clause: Limit one of each Pokémon
|rule|OHKO Clause: OHKO moves are banned
|rule|Evasion Items Clause: Evasion items are banned
|rule|Evasion Moves Clause: Evasion moves are banned
|rule|Evasion Abilities Clause: Evasion abilities are banned
|rule|Sleep Moves Clause: Sleep-inducing moves are banned
|clearpoke
|poke|p1|Grimmsnarl, M|
|poke|p1|Hariyama, F|
|poke|p1|Iron Hands|
|poke|p1|Kingambit, F|
|poke|p1|Enamorus-Therian, F|
|poke|p1|Slowbro-Galar, M|
|poke|p2|Regidrago|
|poke|p2|Iron Valiant|
|poke|p2|Rotom-Wash|
|poke|p2|Corviknight, M|
|poke|p2|Gholdengo|
|poke|p2|Great Tusk|
|teampreview
|
|t:|1776171360
|teamsize|p1|6
|teamsize|p2|6
|start
|switch|p1a: Grimmsnarl|Grimmsnarl, M, shiny|100/100
|switch|p2a: Great Tusk|Great Tusk|100/100
|turn|1
|
|t:|1776171389
|move|p1a: Grimmsnarl|Reflect|p1a: Grimmsnarl
|-sidestart|p1: UR FUKN RAPlST692|Reflect
|move|p2a: Great Tusk|Stealth Rock|p1a: Grimmsnarl
|-sidestart|p1: UR FUKN RAPlST692|move: Stealth Rock
|
|upkeep
|turn|2
|
|t:|1776171396
|-end|p2a: Great Tusk|Protosynthesis|[silent]
|switch|p2a: Regidrago|Regidrago|100/100
|move|p1a: Grimmsnarl|Light Screen|p1a: Grimmsnarl
|-sidestart|p1: UR FUKN RAPlST692|move: Light Screen
|
|upkeep
|turn|3
|j| ZykAgar
|
|t:|1776171409
|switch|p2a: Corviknight|Corviknight, M|100/100
|-ability|p2a: Corviknight|Pressure
|switch|p1a: Enamorus|Enamorus-Therian, F, shiny|100/100
|-damage|p1a: Enamorus|76/100|[from] Stealth Rock
|
|upkeep
|turn|4
|inactive|Battle timer is ON: inactive players will automatically lose when time's up. (requested by UR FUKN RAPlST692)
|
|t:|1776171431
|move|p2a: Corviknight|Brave Bird|p1a: Enamorus
|-damage|p1a: Enamorus|59/100
|-damage|p2a: Corviknight|96/100|[from] Recoil
|move|p1a: Enamorus|Calm Mind|p1a: Enamorus
|-boost|p1a: Enamorus|spa|1
|-boost|p1a: Enamorus|spd|1
|
|upkeep
|turn|5
|
|t:|1776171444
|switch|p2a: Gholdengo|Gholdengo|100/100
|move|p1a: Enamorus|Mystical Fire|p2a: Gholdengo
|-supereffective|p2a: Gholdengo
|-damage|p2a: Gholdengo|0 fnt
|faint|p2a: Gholdengo
|
|upkeep
|
|t:|1776171451
|switch|p2a: Corviknight|Corviknight, M|96/100
|-ability|p2a: Corviknight|Pressure
|turn|6
|
|t:|1776171464
|move|p2a: Corviknight|Defog|p1a: Enamorus
|-unboost|p1a: Enamorus|evasion|1
|-sideend|p1: UR FUKN RAPlST692|Reflect
|-sideend|p1: UR FUKN RAPlST692|move: Light Screen
|-sideend|p1: UR FUKN RAPlST692|Stealth Rock|[from] move: Defog|[of] p2a: Corviknight
|move|p1a: Enamorus|Mystical Fire|p2a: Corviknight
|-supereffective|p2a: Corviknight
|-damage|p2a: Corviknight|23/100
|-unboost|p2a: Corviknight|spa|1
|
|upkeep
|turn|7
|
|t:|1776171478
|move|p2a: Corviknight|Roost|p2a: Corviknight
|-heal|p2a: Corviknight|73/100
|-singleturn|p2a: Corviknight|move: Roost
|move|p1a: Enamorus|Mystical Fire|p2a: Corviknight
|-supereffective|p2a: Corviknight
|-damage|p2a: Corviknight|0 fnt
|faint|p2a: Corviknight
|
|upkeep
|
|t:|1776171487
|switch|p2a: Great Tusk|Great Tusk|100/100
|turn|8
|
|t:|1776171497
|-end|p2a: Great Tusk|Protosynthesis|[silent]
|switch|p2a: Rotom|Rotom-Wash|100/100
|move|p1a: Enamorus|Moonblast|p2a: Rotom
|-damage|p2a: Rotom|5/100
|-unboost|p2a: Rotom|spa|1
|
|-heal|p2a: Rotom|11/100|[from] item: Leftovers
|upkeep
|turn|9
|-activate|p1a: Enamorus|item: Quick Claw
|
|t:|1776171509
|-terastallize|p2a: Rotom|Electric
|move|p1a: Enamorus|Moonblast|p2a: Rotom
|-damage|p2a: Rotom|0 fnt
|faint|p2a: Rotom
|
|upkeep
|
|t:|1776171522
|switch|p2a: Great Tusk|Great Tusk|100/100
|turn|10
|
|t:|1776171530
|move|p2a: Great Tusk|Rapid Spin|p1a: Enamorus
|-damage|p1a: Enamorus|45/100
|-boost|p2a: Great Tusk|spe|1
|move|p1a: Enamorus|Moonblast|p2a: Great Tusk
|-supereffective|p2a: Great Tusk
|-damage|p2a: Great Tusk|0 fnt
|faint|p2a: Great Tusk
|-end|p2a: Great Tusk|Protosynthesis|[silent]
|
|upkeep
|
|t:|1776171537
|switch|p2a: Iron Valiant|Iron Valiant|100/100
|-enditem|p2a: Iron Valiant|Booster Energy
|-activate|p2a: Iron Valiant|ability: Quark Drive|[fromitem]
|-start|p2a: Iron Valiant|quarkdrivespe
|turn|11
|
|t:|1776171548
|move|p2a: Iron Valiant|Moonblast|p1a: Enamorus
|-damage|p1a: Enamorus|19/100
|move|p1a: Enamorus|Moonblast|p2a: Iron Valiant
|-supereffective|p2a: Iron Valiant
|-damage|p2a: Iron Valiant|0 fnt
|faint|p2a: Iron Valiant
|-end|p2a: Iron Valiant|Quark Drive|[silent]
|
|upkeep
|
|t:|1776171556
|switch|p2a: Regidrago|Regidrago|100/100
|turn|12
|
|t:|1776171560
|move|p2a: Regidrago|Earth Power|p1a: Enamorus
|-immune|p1a: Enamorus
|move|p1a: Enamorus|Moonblast|p2a: Regidrago
|-supereffective|p2a: Regidrago
|-damage|p2a: Regidrago|0 fnt
|faint|p2a: Regidrago
|
|win|UR FUKN RAPlST692
|raw|UR FUKN RAPlST692's rating: 1073 &rarr; <strong>1103</strong><br />(+30 for winning)
|raw|pijkeopd's rating: 1085 &rarr; <strong>1061</strong><br />(-24 for losing)
|l|‽pijkeopd
|player|p2|
