|html|<div class="broadcast-blue"><strong>[Gen 9] OU is currently suspecting Tera Blast! For information on how to participate check out the <a href="https://www.smogon.com/tools/suspects/view/200">suspect thread</a>.</strong></div>
|j|☆Akinlele
|j|☆fuckdhelmis000
|t:|1776276540
|gametype|singles
|player|p1|Akinlele|rocketgrunt|1261
|player|p2|fuckdhelmis000|dawn|1213
|gen|9
|tier|[Gen 9] OU
|rated|
|rule|HP Percentage Mod: HP is shown in percentages
|rule|Endless Battle Clause: Forcing endless battles is banned
|rule|Species Clause: Limit one of each Pokémon
|rule|OHKO Clause: OHKO moves are banned
|rule|Evasion Items Clause: Evasion items are banned
|rule|Evasion Moves Clause: Evasion moves are banned
|rule|Evasion Abilities Clause: Evasion abilities are banned
|rule|Sleep Moves Clause: Sleep-inducing moves are banned
|clearpoke
|poke|p1|Salamence, F|
|poke|p1|Klefki, F|
|poke|p1|Cyclizar, M|
|poke|p1|Ogerpon-Wellspring, F|
|poke|p1|Arcanine-Hisui, F|
|poke|p1|Sinistcha|
|poke|p2|Ceruledge, F|
|poke|p2|Indeedee, M|
|poke|p2|Hatterene, F|
|poke|p2|Great Tusk|
|poke|p2|Dragonite, F|
|poke|p2|Deoxys-Speed|
|teampreview
|inactive|Battle timer is ON: inactive players will automatically lose when time's up. (requested by fuckdhelmis000)
|
|t:|1776276551
|teamsize|p1|6
|teamsize|p2|6
|start
|switch|p1a: pancake|Klefki, F, shiny|100/100
|switch|p2a: Indeedee|Indeedee, M|100/100
|-fieldstart|move: Psychic Terrain|[from] ability: Psychic Surge|[of] p2a: Indeedee
|turn|1
|
|t:|1776276562
|switch|p2a: Ceruledge|Ceruledge, F|100/100
|move|p1a: pancake|Light Screen|p1a: pancake
|-sidestart|p1: Akinlele|move: Light Screen
|
|upkeep
|turn|2
|
|t:|1776276573
|move|p1a: pancake|Reflect|p1a: pancake
|-sidestart|p1: Akinlele|Reflect
|move|p2a: Ceruledge|Swords Dance|p2a: Ceruledge
|-boost|p2a: Ceruledge|atk|2
|
|upkeep
|turn|3
|
|t:|1776276579
|switch|p1a: I'm a Matcha N|Sinistcha|100/100
|move|p2a: Ceruledge|Swords Dance|p2a: Ceruledge
|-boost|p2a: Ceruledge|atk|2
|
|upkeep
|turn|4
|
|t:|1776276584
|-terastallize|p1a: I'm a Matcha N|Fairy
|move|p2a: Ceruledge|Poltergeist|p1a: I'm a Matcha N
|-activate|p1a: I'm a Matcha N|move: Poltergeist|Leftovers
|-damage|p1a: I'm a Matcha N|41/100
|move|p1a: I'm a Matcha N|Strength Sap|p2a: Ceruledge
|-unboost|p2a: Ceruledge|atk|1
|-heal|p1a: I'm a Matcha N|100/100
|
|upkeep
|turn|5
|
|t:|1776276595
|switch|p2a: Hatterene|Hatterene, F|100/100
|move|p1a: I'm a Matcha N|Strength Sap|p2a: Hatterene
|move|p2a: Hatterene|Strength Sap|p1a: I'm a Matcha N|[from] ability: Magic Bounce
|-unboost|p1a: I'm a Matcha N|atk|1
|
|upkeep
|turn|6
|
|t:|1776276599
|move|p1a: I'm a Matcha N|Calm Mind|p1a: I'm a Matcha N
|-boost|p1a: I'm a Matcha N|spa|1
|-boost|p1a: I'm a Matcha N|spd|1
|move|p2a: Hatterene|Nuzzle|p1a: I'm a Matcha N
|-damage|p1a: I'm a Matcha N|99/100
|-status|p1a: I'm a Matcha N|par
|
|-heal|p1a: I'm a Matcha N|100/100 par|[from] item: Leftovers
|upkeep
|turn|7
|
|t:|1776276605
|move|p2a: Hatterene|Psychic Noise|p1a: I'm a Matcha N
|-damage|p1a: I'm a Matcha N|84/100 par
|-start|p1a: I'm a Matcha N|move: Heal Block
|move|p1a: I'm a Matcha N|Calm Mind|p1a: I'm a Matcha N
|-boost|p1a: I'm a Matcha N|spa|1
|-boost|p1a: I'm a Matcha N|spd|1
|
|upkeep
|turn|8
|
|t:|1776276611
|move|p2a: Hatterene|Psychic Noise|p1a: I'm a Matcha N
|-damage|p1a: I'm a Matcha N|72/100 par
|move|p1a: I'm a Matcha N|Shadow Ball|p2a: Hatterene
|-supereffective|p2a: Hatterene
|-damage|p2a: Hatterene|0 fnt
|faint|p2a: Hatterene
|
|-end|p1a: I'm a Matcha N|move: Heal Block
|-sideend|p1: Akinlele|move: Light Screen
|-fieldend|move: Psychic Terrain
|upkeep
|
|t:|1776276628
|switch|p2a: Dragonite|Dragonite, F|100/100
|turn|9
|
|t:|1776276631
|move|p2a: Dragonite|Dragon Dance|p2a: Dragonite
|-boost|p2a: Dragonite|atk|1
|-boost|p2a: Dragonite|spe|1
|move|p1a: I'm a Matcha N|Strength Sap|p2a: Dragonite
|-unboost|p2a: Dragonite|atk|1
|-heal|p1a: I'm a Matcha N|100/100 par
|
|-sideend|p1: Akinlele|Reflect
|upkeep
|turn|10
|
|t:|1776276638
|move|p2a: Dragonite|Dragon Dance|p2a: Dragonite
|-boost|p2a: Dragonite|atk|1
|-boost|p2a: Dragonite|spe|1
|move|p1a: I'm a Matcha N|Strength Sap|p2a: Dragonite
|-unboost|p2a: Dragonite|atk|1
|
|upkeep
|turn|11
|
|t:|1776276643
|move|p2a: Dragonite|Dragon Dance|p2a: Dragonite
|-boost|p2a: Dragonite|atk|1
|-boost|p2a: Dragonite|spe|1
|move|p1a: I'm a Matcha N|Shadow Ball|p2a: Dragonite
|-damage|p2a: Dragonite|69/100
|
|upkeep
|turn|12
|
|t:|1776276653
|move|p2a: Dragonite|Earthquake|p1a: I'm a Matcha N
|-damage|p1a: I'm a Matcha N|61/100 par
|move|p1a: I'm a Matcha N|Strength Sap|p2a: Dragonite
|-unboost|p2a: Dragonite|atk|1
|-heal|p1a: I'm a Matcha N|100/100 par
|
|upkeep
|turn|13
|
|t:|1776276658
|move|p2a: Dragonite|Roost|p2a: Dragonite
|-heal|p2a: Dragonite|100/100
|-singleturn|p2a: Dragonite|move: Roost
|move|p1a: I'm a Matcha N|Calm Mind|p1a: I'm a Matcha N
|-boost|p1a: I'm a Matcha N|spa|1
|-boost|p1a: I'm a Matcha N|spd|1
|
|upkeep
|turn|14
|
|t:|1776276665
|move|p2a: Dragonite|Dragon Dance|p2a: Dragonite
|-boost|p2a: Dragonite|atk|1
|-boost|p2a: Dragonite|spe|1
|move|p1a: I'm a Matcha N|Strength Sap|p2a: Dragonite
|-unboost|p2a: Dragonite|atk|1
|
|upkeep
|turn|15
|
|t:|1776276669
|move|p2a: Dragonite|Dragon Dance|p2a: Dragonite
|-boost|p2a: Dragonite|atk|1
|-boost|p2a: Dragonite|spe|1
|move|p1a: I'm a Matcha N|Calm Mind|p1a: I'm a Matcha N
|-boost|p1a: I'm a Matcha N|spa|1
|-boost|p1a: I'm a Matcha N|spd|1
|
|upkeep
|turn|16
|c|☆fuckdhelmis000|Why did I paralyse this
|c|☆Akinlele|lol
|inactive|fuckdhelmis000 has 120 seconds left.
|c|☆fuckdhelmis000|Holy fuckin jesus
|
|t:|1776276706
|move|p2a: Dragonite|Dragon Dance|p2a: Dragonite
|-boost|p2a: Dragonite|atk|1
|-boost|p2a: Dragonite|spe|1
|move|p1a: I'm a Matcha N|Strength Sap|p2a: Dragonite
|-unboost|p2a: Dragonite|atk|1
|
|upkeep
|turn|17
|inactive|fuckdhelmis000 has 120 seconds left.
|
|t:|1776276718
|move|p2a: Dragonite|Dragon Dance|p2a: Dragonite
|-boost|p2a: Dragonite|atk|1
|-boost|p2a: Dragonite|spe|0
|move|p1a: I'm a Matcha N|Strength Sap|p2a: Dragonite
|-unboost|p2a: Dragonite|atk|1
|
|upkeep
|turn|18
|
|t:|1776276723
|move|p2a: Dragonite|Dragon Dance|p2a: Dragonite
|-boost|p2a: Dragonite|atk|1
|-boost|p2a: Dragonite|spe|0
|move|p1a: I'm a Matcha N|Shadow Ball|p2a: Dragonite
|-damage|p2a: Dragonite|54/100
|
|upkeep
|turn|19
|inactive|fuckdhelmis000 has 120 seconds left.
|
|t:|1776276768
|move|p2a: Dragonite|Earthquake|p1a: I'm a Matcha N
|-damage|p1a: I'm a Matcha N|45/100 par
|move|p1a: I'm a Matcha N|Shadow Ball|p2a: Dragonite
|-damage|p2a: Dragonite|0 fnt
|faint|p2a: Dragonite
|
|-heal|p1a: I'm a Matcha N|51/100 par|[from] item: Leftovers
|upkeep
|c|☆fuckdhelmis000|I fuckin cant
|inactive|fuckdhelmis000 has 90 seconds left.
|
|t:|1776276779
|switch|p2a: Indeedee|Indeedee, M|100/100
|-fieldstart|move: Psychic Terrain|[from] ability: Psychic Surge|[of] p2a: Indeedee
|turn|20
|
|t:|1776276789
|move|p2a: Indeedee|Encore|p1a: I'm a Matcha N
|-start|p1a: I'm a Matcha N|Encore
|move|p1a: I'm a Matcha N|Shadow Ball|p2a: Indeedee
|-immune|p2a: Indeedee
|
|-heal|p1a: I'm a Matcha N|57/100 par|[from] item: Leftovers
|upkeep
|turn|21
|c|☆Akinlele|nice
|
|t:|1776276805
|switch|p2a: Ceruledge|Ceruledge, F|100/100
|move|p1a: I'm a Matcha N|Shadow Ball|p2a: Ceruledge
|-supereffective|p2a: Ceruledge
|-enditem|p2a: Ceruledge|Focus Sash
|-damage|p2a: Ceruledge|1/100
|
|-heal|p1a: I'm a Matcha N|63/100 par|[from] item: Leftovers
|upkeep
|turn|22
|c|☆Akinlele|not nice
|c|☆Akinlele|crazy
|inactive|fuckdhelmis000 has 90 seconds left.
|c|☆fuckdhelmis000|Can this get paralysed?
|c|☆fuckdhelmis000|Like plz
|c|☆fuckdhelmis000|Plz
|c|☆Akinlele|thats a crazy gamble lol
|c|☆Akinlele|you were fine with indeedee out
|inactive|fuckdhelmis000 has 60 seconds left.
|c|☆fuckdhelmis000|Yeah, I thought you would switch
|c|☆fuckdhelmis000|Bcz why would you suck this
|c|☆fuckdhelmis000|Sack
|c|☆fuckdhelmis000|Fuck
|inactive|fuckdhelmis000 has 30 seconds left.
|
|t:|1776276885
|move|p2a: Ceruledge|Bitter Blade|p1a: I'm a Matcha N
|-damage|p1a: I'm a Matcha N|47/100 par
|-heal|p2a: Ceruledge|11/100|[from] drain|[of] p1a: I'm a Matcha N
|move|p1a: I'm a Matcha N|Shadow Ball|p2a: Ceruledge
|-supereffective|p2a: Ceruledge
|-damage|p2a: Ceruledge|0 fnt
|faint|p2a: Ceruledge
|
|-heal|p1a: I'm a Matcha N|53/100 par|[from] item: Leftovers
|-end|p1a: I'm a Matcha N|Encore
|upkeep
|inactive|fuckdhelmis000 has 30 seconds left.
|c|☆Akinlele|why would I throw away 3s when encore has 7 uses and shadow has 19
|c|☆Akinlele|;)
|inactive|fuckdhelmis000 has 20 seconds left.
|inactive|fuckdhelmis000 has 15 seconds left.
|c|☆fuckdhelmis000|I can't believe this
|c|☆Akinlele|gg
|-message|fuckdhelmis000 forfeited.
|
|win|Akinlele
|raw|Akinlele's rating: 1261 &rarr; <strong>1283</strong><br />(+22 for winning)
|raw|fuckdhelmis000's rating: 1213 &rarr; <strong>1191</strong><br />(-22 for losing)
|l|☆fuckdhelmis000
|player|p2|
|l|☆Akinlele
|player|p1|
|j|☆fuckdhelmis000
|player|p2|fuckdhelmis000|dawn|
