|html|<div class="broadcast-blue"><strong>[Gen 9] OU is currently suspecting Tera Blast! For information on how to participate check out the <a href="https://www.smogon.com/tools/suspects/view/200">suspect thread</a>.</strong></div>
|j|☆2345c
|j|☆Napoleon2
|t:|1776347991
|gametype|singles
|player|p1|2345c|266|1000
|player|p2|Napoleon2|hilbert-wonderlauncher|1000
|gen|9
|tier|[Gen 9] OU
|rated|
|rule|HP Percentage Mod: HP is shown in percentages
|rule|Endless Battle Clause: Forcing endless battles is banned
|rule|Species Clause: Limit one of each Pokémon
|rule|OHKO Clause: OHKO moves are banned
|rule|Evasion Items Clause: Evasion items are banned
|rule|Evasion Moves Clause: Evasion moves are banned
|rule|Evasion Abilities Clause: Evasion abilities are banned
|rule|Sleep Moves Clause: Sleep-inducing moves are banned
|clearpoke
|poke|p1|Blastoise, M|
|poke|p1|Snorlax, F|
|poke|p1|Mew|
|poke|p1|Torkoal, M|
|poke|p1|Latias, F|
|poke|p1|Gengar, M|
|poke|p2|Grimmsnarl, M|
|poke|p2|Samurott-Hisui, M|
|poke|p2|Meowscarada, F|
|poke|p2|Clodsire, F|
|poke|p2|Sylveon, M|
|poke|p2|Maushold|
|teampreview
|
|t:|1776348001
|teamsize|p1|6
|teamsize|p2|6
|start
|switch|p1a: Gengar|Gengar, M|100/100
|switch|p2a: Grimmsnarl|Grimmsnarl, M|100/100
|turn|1
|
|t:|1776348012
|move|p2a: Grimmsnarl|Light Screen|p2a: Grimmsnarl
|-sidestart|p2: Napoleon2|move: Light Screen
|move|p1a: Gengar|Gunk Shot|p2a: Grimmsnarl
|-supereffective|p2a: Grimmsnarl
|-damage|p2a: Grimmsnarl|10/100
|-status|p2a: Grimmsnarl|psn
|
|-damage|p2a: Grimmsnarl|0 fnt|[from] psn
|faint|p2a: Grimmsnarl
|upkeep
|
|t:|1776348025
|switch|p2a: Clodsire|Clodsire, F|100/100
|turn|2
|
|t:|1776348037
|move|p1a: Gengar|Shadow Ball|p2a: Clodsire
|-damage|p2a: Clodsire|91/100
|move|p2a: Clodsire|Stealth Rock|p1a: Gengar
|-sidestart|p1: 2345c|move: Stealth Rock
|
|upkeep
|turn|3
|
|t:|1776348047
|switch|p1a: Torkoal|Torkoal, M|100/100
|move|p2a: Clodsire|Toxic Spikes|p1a: Torkoal
|-sidestart|p1: 2345c|move: Toxic Spikes
|
|upkeep
|turn|4
|
|t:|1776348057
|move|p1a: Torkoal|Fire Blast|p2a: Clodsire
|-damage|p2a: Clodsire|83/100
|-status|p2a: Clodsire|brn
|move|p2a: Clodsire|Spikes|p1a: Torkoal
|-sidestart|p1: 2345c|Spikes
|
|-damage|p2a: Clodsire|77/100 brn|[from] brn
|upkeep
|turn|5
|
|t:|1776348070
|switch|p2a: Samurott|Samurott-Hisui, M|100/100
|move|p1a: Torkoal|Overheat|p2a: Samurott
|-resisted|p2a: Samurott
|-damage|p2a: Samurott|86/100
|-unboost|p1a: Torkoal|spa|2
|
|upkeep
|turn|6
|
|t:|1776348085
|move|p2a: Samurott|Flip Turn|p1a: Torkoal
|-supereffective|p1a: Torkoal
|-damage|p1a: Torkoal|49/100
|
|t:|1776348093
|switch|p2a: Clodsire|Clodsire, F|77/100 brn|[from] Flip Turn
|move|p1a: Torkoal|Body Slam|p2a: Clodsire
|-damage|p2a: Clodsire|51/100 brn
|
|-damage|p2a: Clodsire|45/100 brn|[from] brn
|upkeep
|-enditem|p2a: Clodsire|Sitrus Berry|[eat]
|-heal|p2a: Clodsire|70/100 brn|[from] item: Sitrus Berry
|turn|7
|
|t:|1776348105
|switch|p1a: Latias|Latias, F|100/100
|-damage|p1a: Latias|88/100|[from] Stealth Rock
|switch|p2a: Samurott|Samurott-Hisui, M|86/100
|
|upkeep
|turn|8
|
|t:|1776348116
|move|p1a: Latias|Dragon Claw|p2a: Samurott
|-damage|p2a: Samurott|43/100
|move|p2a: Samurott|Night Slash|p1a: Latias
|-supereffective|p1a: Latias
|-damage|p1a: Latias|0 fnt
|faint|p1a: Latias
|
|-sideend|p2: Napoleon2|move: Light Screen
|upkeep
|
|t:|1776348127
|switch|p1a: Blastoise|Blastoise, M|100/100
|-damage|p1a: Blastoise|88/100|[from] Stealth Rock
|-status|p1a: Blastoise|psn
|-damage|p1a: Blastoise|76/100 psn|[from] Spikes
|turn|9
|
|t:|1776348136
|move|p2a: Samurott|Flip Turn|p1a: Blastoise
|-resisted|p1a: Blastoise
|-damage|p1a: Blastoise|61/100 psn
|
|t:|1776348141
|switch|p2a: Maushold|Maushold|100/100|[from] Flip Turn
|move|p1a: Blastoise|Weather Ball|p2a: Maushold
|-damage|p2a: Maushold|85/100
|
|-damage|p1a: Blastoise|48/100 psn|[from] psn
|upkeep
|turn|10
|
|t:|1776348154
|switch|p1a: Snorlax|Snorlax, F|100/100
|-damage|p1a: Snorlax|88/100|[from] Stealth Rock
|-status|p1a: Snorlax|psn
|-damage|p1a: Snorlax|76/100 psn|[from] Spikes
|move|p2a: Maushold|Bullet Seed|p1a: Snorlax
|-damage|p1a: Snorlax|67/100 psn
|-damage|p1a: Snorlax|58/100 psn
|-damage|p1a: Snorlax|49/100 psn
|-damage|p1a: Snorlax|40/100 psn
|-hitcount|p1a: Snorlax|4
|
|-heal|p1a: Snorlax|46/100 psn|[from] item: Leftovers
|-damage|p1a: Snorlax|34/100 psn|[from] psn
|upkeep
|turn|11
|
|t:|1776348172
|move|p2a: Maushold|Population Bomb|p1a: Snorlax
|-damage|p1a: Snorlax|23/100 psn
|-damage|p1a: Snorlax|12/100 psn
|-damage|p1a: Snorlax|1/100 psn
|-damage|p1a: Snorlax|0 fnt
|faint|p1a: Snorlax
|-hitcount|p1: Snorlax|4
|
|upkeep
|
|t:|1776348182
|switch|p1a: Gengar|Gengar, M|100/100
|-damage|p1a: Gengar|88/100|[from] Stealth Rock
|-sideend|p1: 2345c|move: Toxic Spikes|[of] p1a: Gengar
|-damage|p1a: Gengar|76/100|[from] Spikes
|turn|12
|
|t:|1776348198
|move|p2a: Maushold|Bullet Seed|p1a: Gengar
|-resisted|p1a: Gengar
|-damage|p1a: Gengar|66/100
|-start|p2a: Maushold|Disable|Bullet Seed|[from] ability: Cursed Body|[of] p1a: Gengar
|-resisted|p1a: Gengar
|-damage|p1a: Gengar|58/100
|-resisted|p1a: Gengar
|-damage|p1a: Gengar|49/100
|-resisted|p1a: Gengar
|-damage|p1a: Gengar|41/100
|-hitcount|p1a: Gengar|4
|move|p1a: Gengar|Gunk Shot|p2a: Maushold
|-damage|p2a: Maushold|25/100
|
|upkeep
|turn|13
|
|t:|1776348212
|move|p2a: Maushold|U-turn|p1a: Gengar
|-resisted|p1a: Gengar
|-damage|p1a: Gengar|32/100
|-damage|p2a: Maushold|9/100|[from] item: Rocky Helmet|[of] p1a: Gengar
|
|t:|1776348222
|switch|p2a: Samurott|Samurott-Hisui, M|43/100|[from] U-turn
|move|p1a: Gengar|Gunk Shot|p2a: Samurott
|-damage|p2a: Samurott|0 fnt
|faint|p2a: Samurott
|
|upkeep
|
|t:|1776348230
|switch|p2a: Meowscarada|Meowscarada, F|100/100
|turn|14
|
|t:|1776348270
|move|p2a: Meowscarada|Knock Off|p1a: Gengar
|-start|p2a: Meowscarada|typechange|Dark|[from] ability: Protean
|-supereffective|p1a: Gengar
|-crit|p1a: Gengar
|-damage|p1a: Gengar|0 fnt
|-damage|p2a: Meowscarada|84/100|[from] item: Rocky Helmet|[of] p1a: Gengar
|-enditem|p1a: Gengar|Rocky Helmet|[from] move: Knock Off|[of] p2a: Meowscarada
|faint|p1a: Gengar
|
|upkeep
|
|t:|1776348280
|switch|p1a: Torkoal|Torkoal, M|49/100
|turn|15
|
|t:|1776348286
|move|p2a: Meowscarada|U-turn|p1a: Torkoal
|-resisted|p1a: Torkoal
|-damage|p1a: Torkoal|38/100
|
|t:|1776348290
|switch|p2a: Sylveon|Sylveon, M|100/100|[from] U-turn
|move|p1a: Torkoal|Overheat|p2a: Sylveon|[miss]
|-miss|p1a: Torkoal|p2a: Sylveon
|
|upkeep
|turn|16
|
|t:|1776348316
|move|p2a: Sylveon|Misty Terrain|p2a: Sylveon
|-fieldstart|move: Misty Terrain
|move|p1a: Torkoal|Heat Wave|p2a: Sylveon
|-damage|p2a: Sylveon|80/100
|
|upkeep
|turn|17
|
|t:|1776348332
|move|p2a: Sylveon|Moonblast|p1a: Torkoal
|-resisted|p1a: Torkoal
|-damage|p1a: Torkoal|0 fnt
|faint|p1a: Torkoal
|
|upkeep
|
|t:|1776348338
|switch|p1a: Mew|Mew|100/100
|-damage|p1a: Mew|88/100|[from] Stealth Rock
|-item|p1a: Mew|Air Balloon
|turn|18
|
|t:|1776348347
|move|p1a: Mew|Psychic|p2a: Sylveon
|-damage|p2a: Sylveon|52/100
|move|p2a: Sylveon|Moonblast|p1a: Mew
|-damage|p1a: Mew|42/100
|-enditem|p1a: Mew|Air Balloon
|
|upkeep
|turn|19
|
|t:|1776348356
|switch|p1a: Blastoise|Blastoise, M|48/100 psn
|-damage|p1a: Blastoise|36/100 psn|[from] Stealth Rock
|-damage|p1a: Blastoise|24/100 psn|[from] Spikes
|move|p2a: Sylveon|Moonblast|p1a: Blastoise
|-damage|p1a: Blastoise|0 fnt
|faint|p1a: Blastoise
|
|upkeep
|
|t:|1776348364
|switch|p1a: Mew|Mew|42/100
|-damage|p1a: Mew|30/100|[from] Stealth Rock
|-damage|p1a: Mew|18/100|[from] Spikes
|turn|20
|
|t:|1776348370
|move|p1a: Mew|Psychic|p2a: Sylveon
|-damage|p2a: Sylveon|25/100
|-enditem|p2a: Sylveon|Sitrus Berry|[eat]
|-heal|p2a: Sylveon|49/100|[from] item: Sitrus Berry
|move|p2a: Sylveon|Moonblast|p1a: Mew
|-damage|p1a: Mew|0 fnt
|faint|p1a: Mew
|
|win|Napoleon2
|raw|2345c's rating: 1000 &rarr; <strong>1000</strong><br />(+0 for losing)
|raw|Napoleon2's rating: 1000 &rarr; <strong>1040</strong><br />(+40 for winning)
|l|☆2345c
|player|p1|
