|html|<div class="broadcast-blue"><strong>[Gen 9] OU is currently suspecting Volcarona! For information on how to participate check out the <a href="https://www.smogon.com/tools/suspects/view/208">suspect thread</a>.</strong></div>
|j|☆toon emperor
|j|☆dragonmaster441
|t:|1778512787
|gametype|singles
|player|p1|toon emperor|crasherwake|1193
|player|p2|dragonmaster441|acetrainerf-gen4|1232
|gen|9
|tier|[Gen 9] OU
|rated|
|rule|HP Percentage Mod: HP is shown in percentages
|rule|Endless Battle Clause: Forcing endless battles is banned
|rule|Species Clause: Limit one of each Pokémon
|rule|OHKO Clause: OHKO moves are banned
|rule|Evasion Items Clause: Evasion items are banned
|rule|Evasion Moves Clause: Evasion moves are banned
|rule|Evasion Abilities Clause: Evasion abilities are banned
|rule|Sleep Moves Clause: Sleep-inducing moves are banned
|clearpoke
|poke|p1|Volcarona, M|
|poke|p1|Rillaboom, M|
|poke|p1|Hatterene, F|
|poke|p1|Great Tusk|
|poke|p1|Ogerpon-Wellspring, F|
|poke|p1|Glimmora, M|
|poke|p2|Alomomola, M|
|poke|p2|Clefable, F|
|poke|p2|Ceruledge, F|
|poke|p2|Corviknight, F|
|poke|p2|Azumarill, M|
|poke|p2|Sinistcha|
|teampreview
|inactive|Battle timer is ON: inactive players will automatically lose when time's up. (requested by dragonmaster441)
|inactive|toon emperor also wants the timer to be on.
|c|☆dragonmaster441|hf
|c|☆toon emperor|U2
|
|t:|1778512796
|teamsize|p1|6
|teamsize|p2|6
|start
|switch|p1a: Rillaboom|Rillaboom, M|100/100
|switch|p2a: Alomomola|Alomomola, M|100/100
|-fieldstart|move: Grassy Terrain|[from] ability: Grassy Surge|[of] p1a: Rillaboom
|turn|1
|
|t:|1778512801
|move|p2a: Alomomola|Protect|p2a: Alomomola
|-singleturn|p2a: Alomomola|Protect
|move|p1a: Rillaboom|U-turn|p2a: Alomomola
|-activate|p2a: Alomomola|move: Protect
|
|upkeep
|turn|2
|
|t:|1778512810
|switch|p2a: Ceruledge|Ceruledge, F|100/100
|move|p1a: Rillaboom|U-turn|p2a: Ceruledge
|-resisted|p2a: Ceruledge
|-damage|p2a: Ceruledge|92/100
|-ability|p2a: Ceruledge|Weak Armor|boost
|-unboost|p2a: Ceruledge|def|1
|-boost|p2a: Ceruledge|spe|2
|
|t:|1778512822
|switch|p1a: Glimmora|Glimmora, M|100/100|[from] U-turn
|
|-heal|p2a: Ceruledge|98/100|[from] Grassy Terrain
|upkeep
|turn|3
|
|t:|1778512833
|switch|p2a: Corviknight|Corviknight, F|100/100
|-ability|p2a: Corviknight|Pressure
|move|p1a: Glimmora|Meteor Beam||[still]
|-prepare|p1a: Glimmora|Meteor Beam
|-boost|p1a: Glimmora|spa|1
|-enditem|p1a: Glimmora|Power Herb
|-anim|p1a: Glimmora|Meteor Beam|p2a: Corviknight|[miss]
|-miss|p1a: Glimmora|p2a: Corviknight
|
|upkeep
|turn|4
|
|t:|1778512846
|switch|p2a: Alomomola|Alomomola, M|100/100
|move|p1a: Glimmora|Stealth Rock|p2a: Alomomola
|-sidestart|p2: dragonmaster441|move: Stealth Rock
|
|upkeep
|turn|5
|
|t:|1778512852
|move|p1a: Glimmora|Mortal Spin|p2a: Alomomola
|-damage|p2a: Alomomola|98/100
|-status|p2a: Alomomola|psn
|move|p2a: Alomomola|Scald|p1a: Glimmora
|-supereffective|p1a: Glimmora
|-damage|p1a: Glimmora|63/100
|
|-heal|p1a: Glimmora|70/100|[from] Grassy Terrain
|-heal|p2a: Alomomola|100/100 psn|[from] Grassy Terrain
|-damage|p2a: Alomomola|88/100 psn|[from] psn
|upkeep
|turn|6
|
|t:|1778512859
|move|p1a: Glimmora|Earth Power|p2a: Alomomola
|-crit|p2a: Alomomola
|-damage|p2a: Alomomola|6/100 psn
|move|p2a: Alomomola|Scald|p1a: Glimmora
|-supereffective|p1a: Glimmora
|-damage|p1a: Glimmora|30/100
|-status|p1a: Glimmora|brn
|
|-heal|p1a: Glimmora|37/100 brn|[from] Grassy Terrain
|-heal|p2a: Alomomola|12/100 psn|[from] Grassy Terrain
|-damage|p2a: Alomomola|0 fnt|[from] psn
|faint|p2a: Alomomola
|-damage|p1a: Glimmora|30/100 brn|[from] brn
|upkeep
|
|t:|1778512878
|switch|p2a: Sinistcha|Sinistcha|100/100
|-damage|p2a: Sinistcha|88/100|[from] Stealth Rock
|turn|7
|
|t:|1778512884
|move|p1a: Glimmora|Mortal Spin|p2a: Sinistcha
|-damage|p2a: Sinistcha|85/100
|-status|p2a: Sinistcha|psn
|move|p2a: Sinistcha|Matcha Gotcha|p1a: Glimmora
|-damage|p1a: Glimmora|0 fnt
|-heal|p2a: Sinistcha|100/100 psn|[from] drain|[of] p1a: Glimmora
|faint|p1a: Glimmora
|
|-damage|p2a: Sinistcha|88/100 psn|[from] psn
|upkeep
|
|t:|1778512893
|switch|p1a: Volcarona|Volcarona, M|100/100
|-enditem|p1a: Volcarona|Grassy Seed
|-boost|p1a: Volcarona|def|1|[from] item: Grassy Seed
|turn|8
|
|t:|1778512902
|move|p1a: Volcarona|Substitute|p1a: Volcarona
|-start|p1a: Volcarona|Substitute
|-damage|p1a: Volcarona|76/100
|move|p2a: Sinistcha|Calm Mind|p2a: Sinistcha
|-boost|p2a: Sinistcha|spa|1
|-boost|p2a: Sinistcha|spd|1
|
|-heal|p1a: Volcarona|82/100|[from] Grassy Terrain
|-heal|p2a: Sinistcha|94/100 psn|[from] Grassy Terrain
|-damage|p2a: Sinistcha|82/100 psn|[from] psn
|-fieldend|move: Grassy Terrain
|upkeep
|turn|9
|
|t:|1778512906
|move|p1a: Volcarona|Quiver Dance|p1a: Volcarona
|-boost|p1a: Volcarona|spa|1
|-boost|p1a: Volcarona|spd|1
|-boost|p1a: Volcarona|spe|1
|move|p2a: Sinistcha|Scald|p1a: Volcarona
|-supereffective|p1a: Volcarona
|-end|p1a: Volcarona|Substitute
|
|-damage|p2a: Sinistcha|69/100 psn|[from] psn
|upkeep
|turn|10
|
|t:|1778512914
|-terastallize|p2a: Sinistcha|Water
|move|p1a: Volcarona|Fiery Dance|p2a: Sinistcha
|-resisted|p2a: Sinistcha
|-damage|p2a: Sinistcha|56/100 psn
|-boost|p1a: Volcarona|spa|1
|move|p2a: Sinistcha|Scald|p1a: Volcarona
|-supereffective|p1a: Volcarona
|-damage|p1a: Volcarona|0 fnt
|faint|p1a: Volcarona
|
|-damage|p2a: Sinistcha|44/100 psn|[from] psn
|upkeep
|
|t:|1778512916
|switch|p1a: Rillaboom|Rillaboom, M|100/100
|-fieldstart|move: Grassy Terrain|[from] ability: Grassy Surge|[of] p1a: Rillaboom
|turn|11
|
|t:|1778512926
|switch|p2a: Corviknight|Corviknight, F|100/100
|-damage|p2a: Corviknight|88/100|[from] Stealth Rock
|-ability|p2a: Corviknight|Pressure
|move|p1a: Rillaboom|Grassy Glide|p2a: Corviknight
|-resisted|p2a: Corviknight
|-damage|p2a: Corviknight|80/100
|
|-heal|p2a: Corviknight|86/100|[from] item: Leftovers
|upkeep
|turn|12
|
|t:|1778512938
|switch|p1a: Hatterene|Hatterene, F|100/100
|-enditem|p1a: Hatterene|Grassy Seed
|-boost|p1a: Hatterene|def|1|[from] item: Grassy Seed
|move|p2a: Corviknight|Bulk Up|p2a: Corviknight
|-boost|p2a: Corviknight|atk|1
|-boost|p2a: Corviknight|def|1
|
|-heal|p2a: Corviknight|93/100|[from] item: Leftovers
|upkeep
|turn|13
|
|t:|1778512944
|move|p2a: Corviknight|Brave Bird|p1a: Hatterene
|-damage|p1a: Hatterene|70/100
|-damage|p2a: Corviknight|85/100|[from] Recoil
|move|p1a: Hatterene|Mystical Fire|p2a: Corviknight
|-supereffective|p2a: Corviknight
|-damage|p2a: Corviknight|56/100
|-unboost|p2a: Corviknight|spa|1
|
|-heal|p2a: Corviknight|62/100|[from] item: Leftovers
|-heal|p1a: Hatterene|76/100|[from] Grassy Terrain
|upkeep
|turn|14
|
|t:|1778512955
|move|p2a: Corviknight|Bulk Up|p2a: Corviknight
|-boost|p2a: Corviknight|atk|1
|-boost|p2a: Corviknight|def|1
|move|p1a: Hatterene|Calm Mind|p1a: Hatterene
|-boost|p1a: Hatterene|spa|1
|-boost|p1a: Hatterene|spd|1
|
|-heal|p2a: Corviknight|68/100|[from] item: Leftovers
|-heal|p1a: Hatterene|82/100|[from] Grassy Terrain
|upkeep
|turn|15
|
|t:|1778512963
|move|p2a: Corviknight|Bulk Up|p2a: Corviknight
|-boost|p2a: Corviknight|atk|1
|-boost|p2a: Corviknight|def|1
|move|p1a: Hatterene|Mystical Fire|p2a: Corviknight
|-supereffective|p2a: Corviknight
|-damage|p2a: Corviknight|22/100
|-unboost|p2a: Corviknight|spa|1
|
|-heal|p2a: Corviknight|28/100|[from] item: Leftovers
|-heal|p1a: Hatterene|88/100|[from] Grassy Terrain
|upkeep
|turn|16
|
|t:|1778512969
|move|p2a: Corviknight|Brave Bird|p1a: Hatterene
|-damage|p1a: Hatterene|36/100
|-damage|p2a: Corviknight|15/100|[from] Recoil
|move|p1a: Hatterene|Mystical Fire|p2a: Corviknight
|-supereffective|p2a: Corviknight
|-damage|p2a: Corviknight|0 fnt
|faint|p2a: Corviknight
|
|-heal|p1a: Hatterene|42/100|[from] Grassy Terrain
|upkeep
|
|t:|1778512977
|switch|p2a: Azumarill|Azumarill, M|100/100
|-damage|p2a: Azumarill|88/100|[from] Stealth Rock
|turn|17
|
|t:|1778512985
|move|p2a: Azumarill|Knock Off|p1a: Hatterene
|-damage|p1a: Hatterene|17/100
|move|p1a: Hatterene|Draining Kiss|p2a: Azumarill
|-damage|p2a: Azumarill|56/100
|-heal|p1a: Hatterene|48/100|[from] drain|[of] p2a: Azumarill
|
|-heal|p2a: Azumarill|62/100|[from] Grassy Terrain
|-heal|p1a: Hatterene|54/100|[from] Grassy Terrain
|upkeep
|turn|18
|
|t:|1778512993
|switch|p2a: Ceruledge|Ceruledge, F|98/100
|-damage|p2a: Ceruledge|73/100|[from] Stealth Rock
|move|p1a: Hatterene|Draining Kiss|p2a: Ceruledge
|-resisted|p2a: Ceruledge
|-damage|p2a: Ceruledge|54/100
|-heal|p1a: Hatterene|68/100|[from] drain|[of] p2a: Ceruledge
|
|-heal|p2a: Ceruledge|60/100|[from] Grassy Terrain
|-heal|p1a: Hatterene|74/100|[from] Grassy Terrain
|-fieldend|move: Grassy Terrain
|upkeep
|turn|19
|
|t:|1778513003
|move|p2a: Ceruledge|Poltergeist||[still]
|-fail|p2a: Ceruledge
|move|p1a: Hatterene|Stored Power|p2a: Ceruledge
|-damage|p2a: Ceruledge|0 fnt
|faint|p2a: Ceruledge
|
|upkeep
|
|t:|1778513009
|switch|p2a: Azumarill|Azumarill, M|62/100
|-damage|p2a: Azumarill|50/100|[from] Stealth Rock
|turn|20
|
|t:|1778513012
|move|p2a: Azumarill|Play Rough|p1a: Hatterene
|-damage|p1a: Hatterene|25/100
|move|p1a: Hatterene|Draining Kiss|p2a: Azumarill
|-damage|p2a: Azumarill|17/100
|-heal|p1a: Hatterene|56/100|[from] drain|[of] p2a: Azumarill
|
|upkeep
|turn|21
|
|t:|1778513018
|move|p2a: Azumarill|Play Rough|p1a: Hatterene
|-damage|p1a: Hatterene|8/100
|move|p1a: Hatterene|Draining Kiss|p2a: Azumarill
|-crit|p2a: Azumarill
|-damage|p2a: Azumarill|0 fnt
|-heal|p1a: Hatterene|24/100|[from] drain|[of] p2a: Azumarill
|faint|p2a: Azumarill
|
|upkeep
|
|t:|1778513026
|switch|p2a: Clefable|Clefable, F|100/100
|turn|22
|
|t:|1778513029
|move|p2a: Clefable|Moonblast|p1a: Hatterene
|-damage|p1a: Hatterene|1/100
|move|p1a: Hatterene|Draining Kiss|p2a: Clefable
|-damage|p2a: Clefable|79/100
|-heal|p1a: Hatterene|21/100|[from] drain|[of] p2a: Clefable
|
|-heal|p2a: Clefable|85/100|[from] item: Leftovers
|upkeep
|turn|23
|
|t:|1778513035
|move|p2a: Clefable|Moonblast|p1a: Hatterene
|-damage|p1a: Hatterene|0 fnt
|faint|p1a: Hatterene
|
|-heal|p2a: Clefable|91/100|[from] item: Leftovers
|upkeep
|
|t:|1778513038
|switch|p1a: Rillaboom|Rillaboom, M|100/100
|-fieldstart|move: Grassy Terrain|[from] ability: Grassy Surge|[of] p1a: Rillaboom
|turn|24
|
|t:|1778513042
|move|p1a: Rillaboom|Knock Off|p2a: Clefable
|-resisted|p2a: Clefable
|-damage|p2a: Clefable|71/100
|-enditem|p2a: Clefable|Leftovers|[from] move: Knock Off|[of] p1a: Rillaboom
|move|p2a: Clefable|Thunder Wave|p1a: Rillaboom
|-status|p1a: Rillaboom|par
|
|-heal|p2a: Clefable|77/100|[from] Grassy Terrain
|upkeep
|turn|25
|
|t:|1778513050
|move|p2a: Clefable|Moonblast|p1a: Rillaboom
|-damage|p1a: Rillaboom|64/100 par
|-unboost|p1a: Rillaboom|spa|1
|move|p1a: Rillaboom|U-turn|p2a: Clefable
|-resisted|p2a: Clefable
|-damage|p2a: Clefable|63/100
|
|t:|1778513052
|switch|p1a: Ogerpon|Ogerpon-Wellspring, F|100/100|[from] U-turn
|
|-heal|p2a: Clefable|69/100|[from] Grassy Terrain
|upkeep
|turn|26
|
|t:|1778513060
|move|p1a: Ogerpon|Power Whip|p2a: Clefable
|-damage|p2a: Clefable|0 fnt
|faint|p2a: Clefable
|
|upkeep
|
|t:|1778513063
|switch|p2a: Sinistcha|Sinistcha, tera:Water|44/100 psn
|-damage|p2a: Sinistcha|31/100 psn|[from] Stealth Rock
|turn|27
|
|t:|1778513066
|move|p1a: Ogerpon|Power Whip|p2a: Sinistcha
|-supereffective|p2a: Sinistcha
|-damage|p2a: Sinistcha|0 fnt
|faint|p2a: Sinistcha
|
|win|toon emperor
|raw|toon emperor's rating: 1193 &rarr; <strong>1221</strong><br />(+28 for winning)
|raw|dragonmaster441's rating: 1232 &rarr; <strong>1204</strong><br />(-28 for losing)
