|html|<div class="broadcast-blue"><strong>[Gen 9] OU is currently suspecting Tera Blast! For information on how to participate check out the <a href="https://www.smogon.com/tools/suspects/view/200">suspect thread</a>.</strong></div>
|j|☆nhmoula
|j|☆chandaleswaggins
|t:|1776040295
|gametype|singles
|player|p1|nhmoula|lyra|1161
|player|p2|chandaleswaggins|volkner|1157
|gen|9
|tier|[Gen 9] OU
|rated|
|rule|HP Percentage Mod: HP is shown in percentages
|rule|Endless Battle Clause: Forcing endless battles is banned
|rule|Species Clause: Limit one of each Pokémon
|rule|OHKO Clause: OHKO moves are banned
|rule|Evasion Items Clause: Evasion items are banned
|rule|Evasion Moves Clause: Evasion moves are banned
|rule|Evasion Abilities Clause: Evasion abilities are banned
|rule|Sleep Moves Clause: Sleep-inducing moves are banned
|clearpoke
|poke|p1|Pikachu, M|
|poke|p1|Gliscor, F|
|poke|p1|Azumarill, M|
|poke|p1|Ceruledge, M|
|poke|p1|Excadrill, M|
|poke|p1|Tyranitar, F|
|poke|p2|Araquanid, M|
|poke|p2|Cinderace, F|
|poke|p2|Hatterene, F|
|poke|p2|Enamorus, F|
|poke|p2|Kingambit, F|
|poke|p2|Dragapult, M|
|teampreview
|
|t:|1776040299
|teamsize|p1|6
|teamsize|p2|6
|start
|switch|p1a: gozila|Tyranitar, F|100/100
|switch|p2a: Enamorus|Enamorus, F|100/100
|-weather|Sandstorm|[from] ability: Sand Stream|[of] p1a: gozila
|turn|1
|
|t:|1776040311
|move|p2a: Enamorus|Superpower|p1a: gozila
|-supereffective|p1a: gozila
|-damage|p1a: gozila|0 fnt
|-boost|p2a: Enamorus|atk|1
|-boost|p2a: Enamorus|def|1
|faint|p1a: gozila
|
|-weather|Sandstorm|[upkeep]
|-damage|p2a: Enamorus|94/100|[from] Sandstorm
|-heal|p2a: Enamorus|100/100|[from] item: Leftovers
|upkeep
|
|t:|1776040326
|switch|p1a: Hermano juan|Excadrill, M|100/100
|turn|2
|
|t:|1776040358
|move|p1a: Hermano juan|Iron Head|p2a: Enamorus
|-supereffective|p2a: Enamorus
|-damage|p2a: Enamorus|0 fnt
|faint|p2a: Enamorus
|
|-weather|Sandstorm|[upkeep]
|upkeep
|
|t:|1776040362
|switch|p2a: Araquanid|Araquanid, M|100/100
|turn|3
|
|t:|1776040369
|move|p1a: Hermano juan|Rapid Spin|p2a: Araquanid
|-damage|p2a: Araquanid|81/100
|-boost|p1a: Hermano juan|spe|1
|move|p2a: Araquanid|Liquidation|p1a: Hermano juan
|-supereffective|p1a: Hermano juan
|-damage|p1a: Hermano juan|0 fnt
|faint|p1a: Hermano juan
|
|-weather|Sandstorm|[upkeep]
|-damage|p2a: Araquanid|75/100|[from] Sandstorm
|upkeep
|
|t:|1776040378
|switch|p1a: THE HONORED ONE|Pikachu, M|100/100
|turn|4
|
|t:|1776040400
|-terastallize|p2a: Araquanid|Poison
|move|p1a: THE HONORED ONE|Volt Tackle|p2a: Araquanid
|-damage|p2a: Araquanid|0 fnt
|faint|p2a: Araquanid
|-damage|p1a: THE HONORED ONE|61/100|[from] Recoil
|
|-weather|Sandstorm|[upkeep]
|-damage|p1a: THE HONORED ONE|55/100|[from] Sandstorm
|upkeep
|
|t:|1776040404
|switch|p2a: Cinderace|Cinderace, F|100/100
|turn|5
|
|t:|1776040410
|move|p2a: Cinderace|Pyro Ball|p1a: THE HONORED ONE
|-damage|p1a: THE HONORED ONE|0 fnt
|faint|p1a: THE HONORED ONE
|
|-weather|Sandstorm|[upkeep]
|-damage|p2a: Cinderace|95/100|[from] Sandstorm
|upkeep
|
|t:|1776040416
|switch|p1a: Lil bro|Gliscor, F|100/100
|turn|6
|
|t:|1776040421
|move|p1a: Lil bro|Protect|p1a: Lil bro
|-singleturn|p1a: Lil bro|Protect
|move|p2a: Cinderace|Pyro Ball|p1a: Lil bro
|-activate|p1a: Lil bro|move: Protect
|
|-weather|Sandstorm|[upkeep]
|-damage|p2a: Cinderace|89/100|[from] Sandstorm
|-status|p1a: Lil bro|tox|[from] item: Toxic Orb
|upkeep
|turn|7
|
|t:|1776040435
|move|p2a: Cinderace|Pyro Ball|p1a: Lil bro
|-damage|p1a: Lil bro|65/100 tox
|move|p1a: Lil bro|Toxic|p2a: Cinderace
|-status|p2a: Cinderace|tox
|
|-weather|Sandstorm|[upkeep]
|-damage|p2a: Cinderace|83/100 tox|[from] Sandstorm
|-damage|p2a: Cinderace|77/100 tox|[from] psn
|-heal|p1a: Lil bro|77/100 tox|[from] ability: Poison Heal
|upkeep
|turn|8
|
|t:|1776040443
|move|p1a: Lil bro|Protect|p1a: Lil bro
|-singleturn|p1a: Lil bro|Protect
|move|p2a: Cinderace|Pyro Ball|p1a: Lil bro
|-activate|p1a: Lil bro|move: Protect
|
|-weather|none
|-damage|p2a: Cinderace|65/100 tox|[from] psn
|-heal|p1a: Lil bro|89/100 tox|[from] ability: Poison Heal
|upkeep
|turn|9
|
|t:|1776040451
|move|p2a: Cinderace|Pyro Ball|p1a: Lil bro
|-damage|p1a: Lil bro|58/100 tox
|move|p1a: Lil bro|Knock Off|p2a: Cinderace
|-damage|p2a: Cinderace|35/100 tox
|-enditem|p2a: Cinderace|Wide Lens|[from] move: Knock Off|[of] p1a: Lil bro
|
|-damage|p2a: Cinderace|17/100 tox|[from] psn
|-heal|p1a: Lil bro|70/100 tox|[from] ability: Poison Heal
|upkeep
|turn|10
|
|t:|1776040461
|switch|p2a: Dragapult|Dragapult, M|100/100
|move|p1a: Lil bro|Protect||[still]
|-fail|p1a: Lil bro
|
|-heal|p1a: Lil bro|83/100 tox|[from] ability: Poison Heal
|upkeep
|turn|11
|
|t:|1776040467
|move|p2a: Dragapult|Draco Meteor|p1a: Lil bro|[miss]
|-miss|p2a: Dragapult|p1a: Lil bro
|move|p1a: Lil bro|Knock Off|p2a: Dragapult
|-supereffective|p2a: Dragapult
|-damage|p2a: Dragapult|45/100
|-enditem|p2a: Dragapult|Life Orb|[from] move: Knock Off|[of] p1a: Lil bro
|
|-heal|p1a: Lil bro|95/100 tox|[from] ability: Poison Heal
|upkeep
|turn|12
|
|t:|1776040476
|move|p1a: Lil bro|Protect|p1a: Lil bro
|-singleturn|p1a: Lil bro|Protect
|move|p2a: Dragapult|Draco Meteor|p1a: Lil bro
|-activate|p1a: Lil bro|move: Protect
|
|-heal|p1a: Lil bro|100/100 tox|[from] ability: Poison Heal
|upkeep
|turn|13
|
|t:|1776040488
|move|p2a: Dragapult|Shadow Ball|p1a: Lil bro
|-damage|p1a: Lil bro|59/100 tox
|-unboost|p1a: Lil bro|spd|1
|move|p1a: Lil bro|Knock Off|p2a: Dragapult
|-supereffective|p2a: Dragapult
|-damage|p2a: Dragapult|9/100
|
|-heal|p1a: Lil bro|71/100 tox|[from] ability: Poison Heal
|upkeep
|turn|14
|
|t:|1776040501
|move|p1a: Lil bro|Protect|p1a: Lil bro
|-singleturn|p1a: Lil bro|Protect
|move|p2a: Dragapult|Draco Meteor|p1a: Lil bro
|-activate|p1a: Lil bro|move: Protect
|
|-heal|p1a: Lil bro|84/100 tox|[from] ability: Poison Heal
|upkeep
|turn|15
|
|t:|1776040509
|move|p2a: Dragapult|Shadow Ball|p1a: Lil bro
|-damage|p1a: Lil bro|15/100 tox
|move|p1a: Lil bro|Knock Off|p2a: Dragapult
|-supereffective|p2a: Dragapult
|-damage|p2a: Dragapult|0 fnt
|faint|p2a: Dragapult
|
|-heal|p1a: Lil bro|28/100 tox|[from] ability: Poison Heal
|upkeep
|
|t:|1776040513
|switch|p2a: Hatterene|Hatterene, F|100/100
|turn|16
|
|t:|1776040519
|move|p1a: Lil bro|Protect|p1a: Lil bro
|-singleturn|p1a: Lil bro|Protect
|move|p2a: Hatterene|Psychic|p1a: Lil bro
|-activate|p1a: Lil bro|move: Protect
|
|-heal|p1a: Lil bro|40/100 tox|[from] ability: Poison Heal
|upkeep
|turn|17
|
|t:|1776040526
|move|p1a: Lil bro|Knock Off|p2a: Hatterene
|-damage|p2a: Hatterene|78/100
|-enditem|p2a: Hatterene|Leftovers|[from] move: Knock Off|[of] p1a: Lil bro
|move|p2a: Hatterene|Psychic|p1a: Lil bro
|-damage|p1a: Lil bro|0 fnt
|faint|p1a: Lil bro
|
|upkeep
|
|t:|1776040535
|switch|p1a: Big burger|Azumarill, M|100/100
|turn|18
|
|t:|1776040540
|move|p1a: Big burger|Belly Drum|p1a: Big burger
|-damage|p1a: Big burger|50/100
|-setboost|p1a: Big burger|atk|6|[from] move: Belly Drum
|-enditem|p1a: Big burger|Sitrus Berry|[eat]
|-heal|p1a: Big burger|75/100|[from] item: Sitrus Berry
|move|p2a: Hatterene|Healing Wish|p2a: Hatterene
|faint|p2a: Hatterene
|
|upkeep
|
|t:|1776040548
|switch|p2a: Cinderace|Cinderace, F|17/100 tox
|-heal|p2a: Cinderace|100/100|[from] move: Healing Wish
|turn|19
|
|t:|1776040552
|-terastallize|p1a: Big burger|Water
|move|p1a: Big burger|Aqua Jet|p2a: Cinderace
|-supereffective|p2a: Cinderace
|-damage|p2a: Cinderace|0 fnt
|faint|p2a: Cinderace
|
|upkeep
|
|t:|1776040557
|switch|p2a: Kingambit|Kingambit, F, shiny|100/100
|-activate|p2a: Kingambit|ability: Supreme Overlord
|-start|p2a: Kingambit|fallen5|[silent]
|turn|20
|
|t:|1776040562
|move|p2a: Kingambit|Sucker Punch|p1a: Big burger
|-damage|p1a: Big burger|0 fnt
|faint|p1a: Big burger
|
|upkeep
|
|t:|1776040566
|switch|p1a: useless boy|Ceruledge, M|100/100
|turn|21
|
|t:|1776040568
|move|p2a: Kingambit|Sucker Punch|p1a: useless boy
|-supereffective|p1a: useless boy
|-enditem|p1a: useless boy|Focus Sash
|-damage|p1a: useless boy|1/100
|-ability|p1a: useless boy|Weak Armor|boost
|-unboost|p1a: useless boy|def|1
|-boost|p1a: useless boy|spe|2
|move|p1a: useless boy|Bitter Blade|p2a: Kingambit
|-supereffective|p2a: Kingambit
|-crit|p2a: Kingambit
|-damage|p2a: Kingambit|0 fnt
|-heal|p1a: useless boy|67/100|[from] drain|[of] p2a: Kingambit
|faint|p2a: Kingambit
|-end|p2a: Kingambit|fallen5|[silent]
|
|win|nhmoula
|raw|nhmoula's rating: 1161 &rarr; <strong>1186</strong><br />(+25 for winning)
|raw|chandaleswaggins's rating: 1157 &rarr; <strong>1132</strong><br />(-25 for losing)
|l|☆chandaleswaggins
|player|p2|
|l|☆nhmoula
|player|p1|
