|html|<div class="broadcast-blue"><strong>[Gen 9] OU is currently suspecting Tera Blast! For information on how to participate check out the <a href="https://www.smogon.com/tools/suspects/view/200">suspect thread</a>.</strong></div>
|j|☆TolaSix
|j|☆kulaan mey
|t:|1776109033
|gametype|singles
|player|p1|TolaSix|infielder|1285
|player|p2|kulaan mey|scientist-gen4|1290
|gen|9
|tier|[Gen 9] OU
|rated|
|rule|HP Percentage Mod: HP is shown in percentages
|rule|Endless Battle Clause: Forcing endless battles is banned
|rule|Species Clause: Limit one of each Pokémon
|rule|OHKO Clause: OHKO moves are banned
|rule|Evasion Items Clause: Evasion items are banned
|rule|Evasion Moves Clause: Evasion moves are banned
|rule|Evasion Abilities Clause: Evasion abilities are banned
|rule|Sleep Moves Clause: Sleep-inducing moves are banned
|clearpoke
|poke|p1|Tinkaton, F|
|poke|p1|Great Tusk|
|poke|p1|Garganacl, F|
|poke|p1|Keldeo-Resolute|
|poke|p1|Zapdos|
|poke|p1|Dragapult, F|
|poke|p2|Incineroar, M|
|poke|p2|Darkrai|
|poke|p2|Rhyperior, M|
|poke|p2|Ting-Lu|
|poke|p2|Kyurem|
|poke|p2|Slowking, M|
|teampreview
|inactive|Battle timer is ON: inactive players will automatically lose when time's up. (requested by TolaSix)
|
|t:|1776109049
|teamsize|p1|6
|teamsize|p2|6
|start
|switch|p1a: Great Tusk|Great Tusk|100/100
|switch|p2a: Slowking|Slowking, M, shiny|100/100
|turn|1
|
|t:|1776109072
|-end|p1a: Great Tusk|Protosynthesis|[silent]
|switch|p1a: Tinkaton|Tinkaton, F|100/100
|-ability|p1a: Tinkaton|Mold Breaker
|-item|p1a: Tinkaton|Air Balloon
|move|p2a: Slowking|Scald|p1a: Tinkaton
|-damage|p1a: Tinkaton|76/100
|-enditem|p1a: Tinkaton|Air Balloon
|
|upkeep
|turn|2
|
|t:|1776109082
|switch|p2a: Incineroar|Incineroar, M, shiny|100/100
|-ability|p2a: Incineroar|Intimidate|boost
|-unboost|p1a: Tinkaton|atk|1
|move|p1a: Tinkaton|Stealth Rock|p2a: Incineroar
|-sidestart|p2: kulaan mey|move: Stealth Rock
|
|upkeep
|turn|3
|
|t:|1776109086
|move|p1a: Tinkaton|Thunder Wave|p2a: Incineroar
|-status|p2a: Incineroar|par
|move|p2a: Incineroar|Will-O-Wisp|p1a: Tinkaton|[miss]
|-miss|p2a: Incineroar|p1a: Tinkaton
|
|upkeep
|turn|4
|
|t:|1776109096
|switch|p1a: Garganacl|Garganacl, F|100/100
|move|p2a: Incineroar|Parting Shot|p1a: Garganacl
|-unboost|p1a: Garganacl|atk|1
|-unboost|p1a: Garganacl|spa|1
|
|t:|1776109105
|switch|p2a: Darkrai|Darkrai|100/100|[from] Parting Shot
|-damage|p2a: Darkrai|88/100|[from] Stealth Rock
|
|upkeep
|turn|5
|
|t:|1776109116
|-terastallize|p1a: Garganacl|Water
|move|p2a: Darkrai|Trick|p1a: Garganacl
|-activate|p2a: Darkrai|move: Trick|[of] p1a: Garganacl
|-item|p1a: Garganacl|Choice Specs|[from] move: Trick
|-item|p2a: Darkrai|Leftovers|[from] move: Trick
|move|p1a: Garganacl|Curse|p1a: Garganacl
|-unboost|p1a: Garganacl|spe|1
|-boost|p1a: Garganacl|atk|1
|-boost|p1a: Garganacl|def|1
|
|-heal|p2a: Darkrai|94/100|[from] item: Leftovers
|upkeep
|turn|6
|
|t:|1776109129
|switch|p1a: Tinkaton|Tinkaton, F|76/100
|-ability|p1a: Tinkaton|Mold Breaker
|move|p2a: Darkrai|Dark Pulse|p1a: Tinkaton
|-resisted|p1a: Tinkaton
|-damage|p1a: Tinkaton|59/100
|
|-heal|p2a: Darkrai|99/100|[from] item: Leftovers
|upkeep
|turn|7
|
|t:|1776109137
|switch|p2a: Incineroar|Incineroar, M, shiny|100/100 par
|-ability|p2a: Incineroar|Intimidate|boost
|-unboost|p1a: Tinkaton|atk|1
|move|p1a: Tinkaton|Gigaton Hammer|p2a: Incineroar
|-resisted|p2a: Incineroar
|-damage|p2a: Incineroar|90/100 par
|
|upkeep
|turn|8
|
|t:|1776109146
|switch|p1a: Zapdos|Zapdos|100/100
|move|p2a: Incineroar|Parting Shot|p1a: Zapdos
|-unboost|p1a: Zapdos|atk|1
|-unboost|p1a: Zapdos|spa|1
|
|t:|1776109150
|switch|p2a: Rhyperior|Rhyperior, M|100/100|[from] Parting Shot
|-damage|p2a: Rhyperior|94/100|[from] Stealth Rock
|
|-heal|p2a: Rhyperior|100/100|[from] item: Leftovers
|upkeep
|turn|9
|
|t:|1776109154
|switch|p1a: Great Tusk|Great Tusk|100/100
|move|p2a: Rhyperior|Heat Crash|p1a: Great Tusk
|-damage|p1a: Great Tusk|89/100
|
|upkeep
|turn|10
|
|t:|1776109167
|switch|p2a: Slowking|Slowking, M, shiny|100/100
|move|p1a: Great Tusk|Close Combat|p2a: Slowking
|-resisted|p2a: Slowking
|-damage|p2a: Slowking|80/100
|-unboost|p1a: Great Tusk|def|1
|-unboost|p1a: Great Tusk|spd|1
|
|upkeep
|turn|11
|
|t:|1776109174
|-end|p1a: Great Tusk|Protosynthesis|[silent]
|switch|p1a: Tinkaton|Tinkaton, F|59/100
|-ability|p1a: Tinkaton|Mold Breaker
|move|p2a: Slowking|Future Sight|p1a: Tinkaton
|-start|p2a: Slowking|move: Future Sight
|
|upkeep
|turn|12
|
|t:|1776109179
|switch|p2a: Incineroar|Incineroar, M, shiny|90/100 par
|-ability|p2a: Incineroar|Intimidate|boost
|-unboost|p1a: Tinkaton|atk|1
|move|p1a: Tinkaton|Thunder Wave|p2a: Incineroar
|-fail|p2a: Incineroar|par
|
|upkeep
|turn|13
|
|t:|1776109186
|switch|p1a: Zapdos|Zapdos|100/100
|cant|p2a: Incineroar|par
|
|-end|p1a: Zapdos|move: Future Sight
|-damage|p1a: Zapdos|63/100
|upkeep
|turn|14
|
|t:|1776109194
|switch|p1a: Garganacl|Garganacl, F, tera:Water|100/100
|move|p2a: Incineroar|Knock Off|p1a: Garganacl
|-damage|p1a: Garganacl|73/100
|-enditem|p1a: Garganacl|Choice Specs|[from] move: Knock Off|[of] p2a: Incineroar
|
|upkeep
|turn|15
|
|t:|1776109201
|move|p1a: Garganacl|Curse|p1a: Garganacl
|-unboost|p1a: Garganacl|spe|1
|-boost|p1a: Garganacl|atk|1
|-boost|p1a: Garganacl|def|1
|move|p2a: Incineroar|Parting Shot|p1a: Garganacl
|-unboost|p1a: Garganacl|atk|1
|-unboost|p1a: Garganacl|spa|1
|
|t:|1776109205
|switch|p2a: Kyurem|Kyurem|100/100|[from] Parting Shot
|-ability|p2a: Kyurem|Pressure
|
|upkeep
|turn|16
|
|t:|1776109215
|switch|p1a: Tinkaton|Tinkaton, F|59/100
|-ability|p1a: Tinkaton|Mold Breaker
|move|p2a: Kyurem|Freeze-Dry|p1a: Tinkaton
|-resisted|p1a: Tinkaton
|-damage|p1a: Tinkaton|43/100
|
|upkeep
|turn|17
|
|t:|1776109223
|switch|p2a: Incineroar|Incineroar, M, shiny|90/100 par
|-ability|p2a: Incineroar|Intimidate|boost
|-unboost|p1a: Tinkaton|atk|1
|move|p1a: Tinkaton|Gigaton Hammer|p2a: Incineroar
|-resisted|p2a: Incineroar
|-damage|p2a: Incineroar|80/100 par
|
|upkeep
|turn|18
|
|t:|1776109233
|switch|p1a: Zapdos|Zapdos|63/100
|cant|p2a: Incineroar|par
|
|upkeep
|turn|19
|c|☆kulaan mey|bruh
|
|t:|1776109239
|move|p1a: Zapdos|Roost|p1a: Zapdos
|-heal|p1a: Zapdos|100/100
|-singleturn|p1a: Zapdos|move: Roost
|cant|p2a: Incineroar|par
|
|upkeep
|turn|20
|
|t:|1776109246
|move|p1a: Zapdos|Hurricane|p2a: Incineroar
|-damage|p2a: Incineroar|35/100 par
|cant|p2a: Incineroar|par
|
|upkeep
|turn|21
|
|t:|1776109250
|switch|p2a: Rhyperior|Rhyperior, M|100/100
|-damage|p2a: Rhyperior|94/100|[from] Stealth Rock
|move|p1a: Zapdos|Volt Switch|p2a: Rhyperior
|-immune|p2a: Rhyperior
|
|-heal|p2a: Rhyperior|100/100|[from] item: Leftovers
|upkeep
|turn|22
|
|t:|1776109255
|switch|p1a: Garganacl|Garganacl, F, tera:Water|73/100
|move|p2a: Rhyperior|Stealth Rock|p1a: Garganacl
|-sidestart|p1: TolaSix|move: Stealth Rock
|
|upkeep
|turn|23
|
|t:|1776109260
|switch|p2a: Slowking|Slowking, M, shiny|100/100
|move|p1a: Garganacl|Salt Cure|p2a: Slowking
|-damage|p2a: Slowking|90/100
|-start|p2a: Slowking|Salt Cure
|
|-damage|p2a: Slowking|65/100|[from] Salt Cure
|upkeep
|turn|24
|
|t:|1776109269
|move|p1a: Garganacl|Recover|p1a: Garganacl
|-heal|p1a: Garganacl|100/100
|-prepare|p2a: Slowking|Chilly Reception|[premajor]
|move|p2a: Slowking|Chilly Reception|p2a: Slowking
|-weather|Snowscape
|
|t:|1776109277
|switch|p2a: Kyurem|Kyurem|100/100|[from] Chilly Reception
|-ability|p2a: Kyurem|Pressure
|
|-weather|Snowscape|[upkeep]
|upkeep
|turn|25
|
|t:|1776109290
|switch|p1a: Tinkaton|Tinkaton, F|43/100
|-damage|p1a: Tinkaton|37/100|[from] Stealth Rock
|-ability|p1a: Tinkaton|Mold Breaker
|move|p2a: Kyurem|Freeze-Dry|p1a: Tinkaton
|-resisted|p1a: Tinkaton
|-damage|p1a: Tinkaton|21/100
|
|-weather|Snowscape|[upkeep]
|upkeep
|turn|26
|
|t:|1776109295
|switch|p2a: Incineroar|Incineroar, M, shiny|35/100 par
|-ability|p2a: Incineroar|Intimidate|boost
|-unboost|p1a: Tinkaton|atk|1
|move|p1a: Tinkaton|Gigaton Hammer|p2a: Incineroar
|-resisted|p2a: Incineroar
|-damage|p2a: Incineroar|26/100 par
|
|-weather|Snowscape|[upkeep]
|upkeep
|turn|27
|
|t:|1776109308
|switch|p1a: Zapdos|Zapdos|100/100
|cant|p2a: Incineroar|par
|
|-weather|Snowscape|[upkeep]
|upkeep
|turn|28
|
|t:|1776109314
|move|p1a: Zapdos|Hurricane|p2a: Incineroar|[miss]
|-miss|p1a: Zapdos|p2a: Incineroar
|cant|p2a: Incineroar|par
|
|-weather|none
|upkeep
|turn|29
|c|☆kulaan mey|...
|
|t:|1776109344
|switch|p2a: Rhyperior|Rhyperior, M|100/100
|-damage|p2a: Rhyperior|94/100|[from] Stealth Rock
|move|p1a: Zapdos|Volt Switch|p2a: Rhyperior
|-immune|p2a: Rhyperior
|
|-heal|p2a: Rhyperior|100/100|[from] item: Leftovers
|upkeep
|turn|30
|
|t:|1776109353
|switch|p1a: Great Tusk|Great Tusk|89/100
|move|p2a: Rhyperior|High Horsepower|p1a: Great Tusk
|-damage|p1a: Great Tusk|50/100
|
|upkeep
|turn|31
|
|t:|1776109359
|switch|p2a: Slowking|Slowking, M, shiny|99/100
|move|p1a: Great Tusk|Rapid Spin|p2a: Slowking
|-damage|p2a: Slowking|86/100
|-boost|p1a: Great Tusk|spe|1
|-sideend|p1: TolaSix|Stealth Rock|[from] move: Rapid Spin|[of] p1a: Great Tusk
|
|upkeep
|turn|32
|
|t:|1776109371
|-end|p1a: Great Tusk|Protosynthesis|[silent]
|switch|p1a: Tinkaton|Tinkaton, F|21/100
|-ability|p1a: Tinkaton|Mold Breaker
|move|p2a: Slowking|Scald|p1a: Tinkaton
|-damage|p1a: Tinkaton|0 fnt
|faint|p1a: Tinkaton
|
|upkeep
|inactive|TolaSix has 120 seconds left.
|
|t:|1776109392
|switch|p1a: Dragapult|Dragapult, F|100/100
|turn|33
|
|t:|1776109401
|switch|p2a: Ting-Lu|Ting-Lu, shiny|100/100
|-damage|p2a: Ting-Lu|94/100|[from] Stealth Rock
|-ability|p2a: Ting-Lu|Vessel of Ruin
|move|p1a: Dragapult|Dragon Darts|p2a: Ting-Lu
|-damage|p2a: Ting-Lu|85/100
|-anim|p1a: Dragapult|Dragon Darts|p2a: Ting-Lu
|-damage|p2a: Ting-Lu|75/100
|
|-heal|p2a: Ting-Lu|81/100|[from] item: Leftovers
|upkeep
|turn|34
|
|t:|1776109412
|move|p1a: Dragapult|U-turn|p2a: Ting-Lu
|-supereffective|p2a: Ting-Lu
|-damage|p2a: Ting-Lu|64/100
|
|t:|1776109415
|switch|p1a: Great Tusk|Great Tusk|50/100|[from] U-turn
|move|p2a: Ting-Lu|Spikes|p1a: Great Tusk
|-sidestart|p1: TolaSix|Spikes
|
|-heal|p2a: Ting-Lu|70/100|[from] item: Leftovers
|upkeep
|turn|35
|
|t:|1776109420
|switch|p2a: Slowking|Slowking, M, shiny|100/100
|move|p1a: Great Tusk|Rapid Spin|p2a: Slowking
|-damage|p2a: Slowking|89/100
|-boost|p1a: Great Tusk|spe|1
|-sideend|p1: TolaSix|Spikes|[from] move: Rapid Spin|[of] p1a: Great Tusk
|
|upkeep
|turn|36
|
|t:|1776109427
|-end|p1a: Great Tusk|Protosynthesis|[silent]
|switch|p1a: Zapdos|Zapdos|100/100
|move|p2a: Slowking|Future Sight|p1a: Zapdos
|-start|p2a: Slowking|move: Future Sight
|
|upkeep
|turn|37
|
|t:|1776109434
|move|p1a: Zapdos|Hurricane|p2a: Slowking
|-damage|p2a: Slowking|52/100
|-prepare|p2a: Slowking|Chilly Reception|[premajor]
|move|p2a: Slowking|Chilly Reception|p2a: Slowking
|-weather|Snowscape
|
|t:|1776109440
|switch|p2a: Kyurem|Kyurem|100/100|[from] Chilly Reception
|-ability|p2a: Kyurem|Pressure
|
|-weather|Snowscape|[upkeep]
|upkeep
|turn|38
|
|t:|1776109454
|move|p2a: Kyurem|Draco Meteor|p1a: Zapdos
|-damage|p1a: Zapdos|34/100
|-unboost|p2a: Kyurem|spa|2
|move|p1a: Zapdos|Thunder Wave|p2a: Kyurem
|-status|p2a: Kyurem|par
|
|-weather|Snowscape|[upkeep]
|-end|p1a: Zapdos|move: Future Sight
|-damage|p1a: Zapdos|0 fnt
|faint|p1a: Zapdos
|upkeep
|
|t:|1776109468
|switch|p1a: Dragapult|Dragapult, F|100/100
|turn|39
|
|t:|1776109476
|switch|p2a: Slowking|Slowking, M, shiny|85/100
|move|p1a: Dragapult|Hex|p2a: Slowking
|-supereffective|p2a: Slowking
|-damage|p2a: Slowking|46/100
|
|-weather|Snowscape|[upkeep]
|upkeep
|turn|40
|
|t:|1776109485
|move|p1a: Dragapult|Dragon Darts|p2a: Slowking
|-damage|p2a: Slowking|28/100
|-anim|p1a: Dragapult|Dragon Darts|p2a: Slowking
|-damage|p2a: Slowking|12/100
|move|p2a: Slowking|Thunder Wave|p1a: Dragapult
|-status|p1a: Dragapult|par
|
|-weather|Snowscape|[upkeep]
|upkeep
|turn|41
|
|t:|1776109494
|switch|p2a: Ting-Lu|Ting-Lu, shiny|70/100
|-damage|p2a: Ting-Lu|64/100|[from] Stealth Rock
|-ability|p2a: Ting-Lu|Vessel of Ruin
|cant|p1a: Dragapult|par
|
|-weather|none
|-heal|p2a: Ting-Lu|70/100|[from] item: Leftovers
|upkeep
|turn|42
|
|t:|1776109502
|cant|p1a: Dragapult|par
|move|p2a: Ting-Lu|Earthquake|p1a: Dragapult
|-damage|p1a: Dragapult|49/100 par
|
|-heal|p2a: Ting-Lu|76/100|[from] item: Leftovers
|upkeep
|turn|43
|
|t:|1776109505
|move|p1a: Dragapult|Will-O-Wisp|p2a: Ting-Lu
|-status|p2a: Ting-Lu|brn
|move|p2a: Ting-Lu|Earthquake|p1a: Dragapult
|-damage|p1a: Dragapult|21/100 par
|
|-heal|p2a: Ting-Lu|82/100 brn|[from] item: Leftovers
|-damage|p2a: Ting-Lu|76/100 brn|[from] brn
|upkeep
|turn|44
|
|t:|1776109515
|cant|p1a: Dragapult|par
|move|p2a: Ting-Lu|Spikes|p1a: Dragapult
|-sidestart|p1: TolaSix|Spikes
|
|-heal|p2a: Ting-Lu|82/100 brn|[from] item: Leftovers
|-damage|p2a: Ting-Lu|76/100 brn|[from] brn
|upkeep
|turn|45
|
|t:|1776109517
|move|p1a: Dragapult|U-turn|p2a: Ting-Lu
|-supereffective|p2a: Ting-Lu
|-damage|p2a: Ting-Lu|58/100 brn
|
|t:|1776109522
|switch|p1a: Great Tusk|Great Tusk|50/100|[from] U-turn
|move|p2a: Ting-Lu|Spikes|p1a: Great Tusk
|-sidestart|p1: TolaSix|Spikes
|
|-heal|p2a: Ting-Lu|64/100 brn|[from] item: Leftovers
|-damage|p2a: Ting-Lu|58/100 brn|[from] brn
|upkeep
|turn|46
|
|t:|1776109527
|switch|p2a: Slowking|Slowking, M, shiny|46/100
|move|p1a: Great Tusk|Rapid Spin|p2a: Slowking
|-damage|p2a: Slowking|34/100
|-boost|p1a: Great Tusk|spe|1
|-sideend|p1: TolaSix|Spikes|[from] move: Rapid Spin|[of] p1a: Great Tusk
|
|upkeep
|turn|47
|
|t:|1776109532
|move|p1a: Great Tusk|Headlong Rush|p2a: Slowking
|-damage|p2a: Slowking|0 fnt
|-unboost|p1a: Great Tusk|def|1
|-unboost|p1a: Great Tusk|spd|1
|faint|p2a: Slowking
|
|upkeep
|
|t:|1776109540
|switch|p2a: Rhyperior|Rhyperior, M|100/100
|-damage|p2a: Rhyperior|94/100|[from] Stealth Rock
|turn|48
|
|t:|1776109544
|move|p1a: Great Tusk|Headlong Rush|p2a: Rhyperior
|-supereffective|p2a: Rhyperior
|-damage|p2a: Rhyperior|28/100
|-unboost|p1a: Great Tusk|def|1
|-unboost|p1a: Great Tusk|spd|1
|move|p2a: Rhyperior|High Horsepower|p1a: Great Tusk
|-damage|p1a: Great Tusk|0 fnt
|faint|p1a: Great Tusk
|-end|p1a: Great Tusk|Protosynthesis|[silent]
|
|-heal|p2a: Rhyperior|34/100|[from] item: Leftovers
|upkeep
|
|t:|1776109562
|switch|p1a: Keldeo|Keldeo-Resolute|100/100
|turn|49
|
|t:|1776109568
|switch|p2a: Incineroar|Incineroar, M, shiny|26/100 par
|-ability|p2a: Incineroar|Intimidate|boost
|-unboost|p1a: Keldeo|atk|1
|move|p1a: Keldeo|Secret Sword|p2a: Incineroar
|-supereffective|p2a: Incineroar
|-damage|p2a: Incineroar|0 fnt
|faint|p2a: Incineroar
|
|upkeep
|
|t:|1776109589
|switch|p2a: Ting-Lu|Ting-Lu, shiny|58/100 brn
|-damage|p2a: Ting-Lu|51/100 brn|[from] Stealth Rock
|-ability|p2a: Ting-Lu|Vessel of Ruin
|turn|50
|
|t:|1776109594
|-terastallize|p2a: Ting-Lu|Ghost
|move|p1a: Keldeo|Secret Sword|p2a: Ting-Lu
|-immune|p2a: Ting-Lu
|move|p2a: Ting-Lu|Ruination|p1a: Keldeo
|-damage|p1a: Keldeo|51/100
|-ability|p1a: Keldeo|Justified|boost
|-boost|p1a: Keldeo|atk|1
|
|-heal|p2a: Ting-Lu|58/100 brn|[from] item: Leftovers
|-damage|p2a: Ting-Lu|51/100 brn|[from] brn
|upkeep
|turn|51
|
|t:|1776109598
|switch|p1a: Dragapult|Dragapult, F|21/100 par
|move|p2a: Ting-Lu|Spikes|p1a: Dragapult
|-sidestart|p1: TolaSix|Spikes
|
|-heal|p2a: Ting-Lu|58/100 brn|[from] item: Leftovers
|-damage|p2a: Ting-Lu|51/100 brn|[from] brn
|upkeep
|turn|52
|
|t:|1776109603
|switch|p2a: Rhyperior|Rhyperior, M|34/100
|-damage|p2a: Rhyperior|28/100|[from] Stealth Rock
|cant|p1a: Dragapult|par
|
|-heal|p2a: Rhyperior|34/100|[from] item: Leftovers
|upkeep
|turn|53
|
|t:|1776109607
|move|p1a: Dragapult|Will-O-Wisp|p2a: Rhyperior
|-status|p2a: Rhyperior|brn
|move|p2a: Rhyperior|Stealth Rock|p1a: Dragapult
|-sidestart|p1: TolaSix|move: Stealth Rock
|
|-heal|p2a: Rhyperior|40/100 brn|[from] item: Leftovers
|-damage|p2a: Rhyperior|34/100 brn|[from] brn
|upkeep
|turn|54
|
|t:|1776109612
|move|p1a: Dragapult|Hex|p2a: Rhyperior
|-damage|p2a: Rhyperior|0 fnt
|faint|p2a: Rhyperior
|
|upkeep
|
|t:|1776109637
|switch|p2a: Kyurem|Kyurem|100/100 par
|-ability|p2a: Kyurem|Pressure
|turn|55
|
|t:|1776109663
|cant|p1a: Dragapult|par
|move|p2a: Kyurem|Freeze-Dry|p1a: Dragapult
|-supereffective|p1a: Dragapult
|-damage|p1a: Dragapult|0 fnt
|faint|p1a: Dragapult
|
|upkeep
|
|t:|1776109668
|switch|p1a: Keldeo|Keldeo-Resolute|51/100
|-damage|p1a: Keldeo|38/100|[from] Spikes
|-damage|p1a: Keldeo|32/100|[from] Stealth Rock
|turn|56
|
|t:|1776109675
|move|p1a: Keldeo|Secret Sword|p2a: Kyurem
|-supereffective|p2a: Kyurem
|-damage|p2a: Kyurem|0 fnt
|faint|p2a: Kyurem
|
|upkeep
|
|t:|1776109678
|switch|p2a: Ting-Lu|Ting-Lu, shiny, tera:Ghost|51/100 brn
|-damage|p2a: Ting-Lu|39/100 brn|[from] Stealth Rock
|-ability|p2a: Ting-Lu|Vessel of Ruin
|turn|57
|
|t:|1776109684
|switch|p1a: Garganacl|Garganacl, F, tera:Water|100/100
|-damage|p1a: Garganacl|88/100|[from] Spikes
|-damage|p1a: Garganacl|76/100|[from] Stealth Rock
|move|p2a: Ting-Lu|Spikes|p1a: Garganacl
|-sidestart|p1: TolaSix|Spikes
|
|-heal|p2a: Ting-Lu|45/100 brn|[from] item: Leftovers
|-damage|p2a: Ting-Lu|39/100 brn|[from] brn
|upkeep
|turn|58
|
|t:|1776109693
|move|p2a: Ting-Lu|Spikes|p1a: Garganacl
|-sidestart|p1: TolaSix|Spikes
|move|p1a: Garganacl|Salt Cure|p2a: Ting-Lu
|-damage|p2a: Ting-Lu|32/100 brn
|-start|p2a: Ting-Lu|Salt Cure
|
|-heal|p2a: Ting-Lu|39/100 brn|[from] item: Leftovers
|-damage|p2a: Ting-Lu|32/100 brn|[from] brn
|-damage|p2a: Ting-Lu|20/100 brn|[from] Salt Cure
|upkeep
|turn|59
|
|t:|1776109705
|move|p1a: Garganacl|Recover|p1a: Garganacl
|-heal|p1a: Garganacl|100/100
|move|p2a: Ting-Lu|Whirlwind|p1a: Garganacl
|drag|p1a: Keldeo|Keldeo-Resolute|32/100
|-damage|p1a: Keldeo|7/100|[from] Spikes
|-damage|p1a: Keldeo|1/100|[from] Stealth Rock
|
|-heal|p2a: Ting-Lu|26/100 brn|[from] item: Leftovers
|-damage|p2a: Ting-Lu|20/100 brn|[from] brn
|-damage|p2a: Ting-Lu|8/100 brn|[from] Salt Cure
|upkeep
|turn|60
|
|t:|1776109722
|move|p1a: Keldeo|Surf|p2a: Ting-Lu
|-damage|p2a: Ting-Lu|0 fnt
|faint|p2a: Ting-Lu
|
|upkeep
|
|t:|1776109724
|switch|p2a: Darkrai|Darkrai|99/100
|-damage|p2a: Darkrai|88/100|[from] Stealth Rock
|turn|61
|
|t:|1776109729
|move|p2a: Darkrai|Dark Pulse|p1a: Keldeo
|-resisted|p1a: Keldeo
|-damage|p1a: Keldeo|0 fnt
|faint|p1a: Keldeo
|
|-heal|p2a: Darkrai|94/100|[from] item: Leftovers
|upkeep
|
|t:|1776109732
|switch|p1a: Garganacl|Garganacl, F, tera:Water|100/100
|-damage|p1a: Garganacl|76/100|[from] Spikes
|-damage|p1a: Garganacl|63/100|[from] Stealth Rock
|turn|62
|
|t:|1776109738
|move|p2a: Darkrai|Dark Pulse|p1a: Garganacl
|-damage|p1a: Garganacl|33/100
|move|p1a: Garganacl|Recover|p1a: Garganacl
|-heal|p1a: Garganacl|83/100
|
|-heal|p2a: Darkrai|99/100|[from] item: Leftovers
|upkeep
|turn|63
|
|t:|1776109743
|move|p2a: Darkrai|Dark Pulse|p1a: Garganacl
|-damage|p1a: Garganacl|55/100
|move|p1a: Garganacl|Salt Cure|p2a: Darkrai
|-damage|p2a: Darkrai|81/100
|-start|p2a: Darkrai|Salt Cure
|
|-heal|p2a: Darkrai|87/100|[from] item: Leftovers
|-damage|p2a: Darkrai|75/100|[from] Salt Cure
|upkeep
|turn|64
|
|t:|1776109748
|move|p2a: Darkrai|Dark Pulse|p1a: Garganacl
|-damage|p1a: Garganacl|26/100
|move|p1a: Garganacl|Recover|p1a: Garganacl
|-heal|p1a: Garganacl|76/100
|
|-heal|p2a: Darkrai|81/100|[from] item: Leftovers
|-damage|p2a: Darkrai|68/100|[from] Salt Cure
|upkeep
|turn|65
|
|t:|1776109754
|move|p2a: Darkrai|Dark Pulse|p1a: Garganacl
|-damage|p1a: Garganacl|47/100
|move|p1a: Garganacl|Avalanche|p2a: Darkrai
|-damage|p2a: Darkrai|31/100
|
|-heal|p2a: Darkrai|37/100|[from] item: Leftovers
|-damage|p2a: Darkrai|24/100|[from] Salt Cure
|upkeep
|turn|66
|
|t:|1776109762
|move|p2a: Darkrai|Dark Pulse|p1a: Garganacl
|-damage|p1a: Garganacl|17/100
|move|p1a: Garganacl|Recover|p1a: Garganacl
|-heal|p1a: Garganacl|67/100
|
|-heal|p2a: Darkrai|30/100|[from] item: Leftovers
|-damage|p2a: Darkrai|18/100|[from] Salt Cure
|upkeep
|turn|67
|
|t:|1776109770
|move|p2a: Darkrai|Dark Pulse|p1a: Garganacl
|-damage|p1a: Garganacl|41/100
|move|p1a: Garganacl|Avalanche|p2a: Darkrai
|-damage|p2a: Darkrai|0 fnt
|faint|p2a: Darkrai
|
|win|TolaSix
|raw|TolaSix's rating: 1285 &rarr; <strong>1310</strong><br />(+25 for winning)
|raw|kulaan mey's rating: 1290 &rarr; <strong>1265</strong><br />(-25 for losing)
