|html|<div class="broadcast-blue"><strong>[Gen 9] OU is currently suspecting Tera Blast! For information on how to participate check out the <a href="https://www.smogon.com/tools/suspects/view/200">suspect thread</a>.</strong></div>
|j|☆teamskullenoxa
|j|☆Blastoise_Choice
|t:|1776111289
|gametype|singles
|player|p1|teamskullenoxa|169|1525
|player|p2|Blastoise_Choice|benga|1652
|gen|9
|tier|[Gen 9] OU
|rated|
|rule|HP Percentage Mod: HP is shown in percentages
|rule|Endless Battle Clause: Forcing endless battles is banned
|rule|Species Clause: Limit one of each Pokémon
|rule|OHKO Clause: OHKO moves are banned
|rule|Evasion Items Clause: Evasion items are banned
|rule|Evasion Moves Clause: Evasion moves are banned
|rule|Evasion Abilities Clause: Evasion abilities are banned
|rule|Sleep Moves Clause: Sleep-inducing moves are banned
|clearpoke
|poke|p1|Typhlosion-Hisui, M|
|poke|p1|Hatterene, F|
|poke|p1|Torkoal, F|
|poke|p1|Lilligant-Hisui, F|
|poke|p1|Landorus-Therian, M|
|poke|p1|Walking Wake|
|poke|p2|Hydrapple, M|
|poke|p2|Tyranitar, F|
|poke|p2|Moltres|
|poke|p2|Zamazenta-*|
|poke|p2|Slowking-Galar, M|
|poke|p2|Excadrill, F|
|teampreview
|c|☆Blastoise_Choice|hf
|inactive|Battle timer is ON: inactive players will automatically lose when time's up. (requested by Blastoise_Choice)
|inactive|teamskullenoxa has 120 seconds left.
|inactive|teamskullenoxa has 90 seconds left.
|
|t:|1776111364
|teamsize|p1|6
|teamsize|p2|6
|start
|switch|p1a: Walking Wake|Walking Wake|100/100
|switch|p2a: Slowking|Slowking-Galar, M|100/100
|turn|1
|
|t:|1776111370
|-end|p1a: Walking Wake|Protosynthesis|[silent]
|switch|p1a: Landorus|Landorus-Therian, M|100/100
|-ability|p1a: Landorus|Intimidate|boost
|-unboost|p2a: Slowking|atk|1
|move|p2a: Slowking|Sludge Bomb|p1a: Landorus
|-resisted|p1a: Landorus
|-damage|p1a: Landorus|77/100
|-status|p1a: Landorus|psn
|
|-damage|p1a: Landorus|64/100 psn|[from] psn
|upkeep
|turn|2
|j| bbrread
|
|t:|1776111377
|move|p1a: Landorus|Stone Edge|p2a: Slowking
|-damage|p2a: Slowking|74/100
|move|p2a: Slowking|Ice Beam|p1a: Landorus
|-supereffective|p1a: Landorus
|-damage|p1a: Landorus|0 fnt
|faint|p1a: Landorus
|
|upkeep
|
|t:|1776111383
|switch|p1a: Typhlosion|Typhlosion-Hisui, M|100/100
|turn|3
|
|t:|1776111389
|switch|p1a: Torkoal|Torkoal, F|100/100
|-weather|SunnyDay|[from] ability: Drought|[of] p1a: Torkoal
|switch|p2a: Tyranitar|Tyranitar, F|100/100
|-weather|Sandstorm|[from] ability: Sand Stream|[of] p2a: Tyranitar
|
|-weather|Sandstorm|[upkeep]
|-damage|p1a: Torkoal|94/100|[from] Sandstorm
|upkeep
|turn|4
|
|t:|1776111395
|move|p2a: Tyranitar|Knock Off|p1a: Torkoal
|-damage|p1a: Torkoal|64/100
|-enditem|p1a: Torkoal|Heat Rock|[from] move: Knock Off|[of] p2a: Tyranitar
|move|p1a: Torkoal|Body Press|p2a: Tyranitar
|-supereffective|p2a: Tyranitar
|-damage|p2a: Tyranitar|18/100
|
|-weather|Sandstorm|[upkeep]
|-damage|p1a: Torkoal|58/100|[from] Sandstorm
|upkeep
|turn|5
|
|t:|1776111404
|switch|p1a: Hatterene|Hatterene, F|100/100
|move|p2a: Tyranitar|Knock Off|p1a: Hatterene
|-damage|p1a: Hatterene|61/100
|-enditem|p1a: Hatterene|Eject Button|[from] move: Knock Off|[of] p2a: Tyranitar
|
|-weather|Sandstorm|[upkeep]
|-damage|p1a: Hatterene|55/100|[from] Sandstorm
|upkeep
|turn|6
|
|t:|1776111412
|switch|p2a: Slowking|Slowking-Galar, M|100/100
|move|p1a: Hatterene|Dazzling Gleam|p2a: Slowking
|-resisted|p2a: Slowking
|-damage|p2a: Slowking|91/100
|
|-weather|Sandstorm|[upkeep]
|-damage|p1a: Hatterene|49/100|[from] Sandstorm
|-damage|p2a: Slowking|85/100|[from] Sandstorm
|upkeep
|turn|7
|
|t:|1776111419
|move|p1a: Hatterene|Nuzzle|p2a: Slowking
|-damage|p2a: Slowking|82/100
|-status|p2a: Slowking|par
|move|p2a: Slowking|Sludge Bomb|p1a: Hatterene
|-supereffective|p1a: Hatterene
|-damage|p1a: Hatterene|0 fnt
|faint|p1a: Hatterene
|
|-weather|Sandstorm|[upkeep]
|-damage|p2a: Slowking|76/100 par|[from] Sandstorm
|upkeep
|inactive|teamskullenoxa has 120 seconds left.
|
|t:|1776111451
|switch|p1a: Typhlosion|Typhlosion-Hisui, M|100/100
|turn|8
|
|t:|1776111457
|switch|p1a: Lilligant|Lilligant-Hisui, F|100/100
|move|p2a: Slowking|Psyshock|p1a: Lilligant
|-supereffective|p1a: Lilligant
|-damage|p1a: Lilligant|18/100
|
|-weather|Sandstorm|[upkeep]
|-damage|p1a: Lilligant|12/100|[from] Sandstorm
|-damage|p2a: Slowking|70/100 par|[from] Sandstorm
|upkeep
|turn|9
|
|t:|1776111465
|switch|p2a: Zamazenta|Zamazenta|100/100
|-ability|p2a: Zamazenta|Dauntless Shield|boost
|-boost|p2a: Zamazenta|def|1
|move|p1a: Lilligant|Triple Axel|p2a: Zamazenta
|-damage|p2a: Zamazenta|97/100
|-damage|p2a: Zamazenta|90/100
|-hitcount|p2a: Zamazenta|2
|
|-weather|Sandstorm|[upkeep]
|-damage|p2a: Zamazenta|84/100|[from] Sandstorm
|-damage|p1a: Lilligant|6/100|[from] Sandstorm
|-heal|p2a: Zamazenta|90/100|[from] item: Leftovers
|upkeep
|turn|10
|
|t:|1776111475
|switch|p1a: Torkoal|Torkoal, F|58/100
|-weather|SunnyDay|[from] ability: Drought|[of] p1a: Torkoal
|move|p2a: Zamazenta|Crunch|p1a: Torkoal
|-damage|p1a: Torkoal|42/100
|-unboost|p1a: Torkoal|def|1
|
|-weather|SunnyDay|[upkeep]
|-heal|p2a: Zamazenta|96/100|[from] item: Leftovers
|upkeep
|turn|11
|
|t:|1776111482
|switch|p1a: Typhlosion|Typhlosion-Hisui, M|100/100
|move|p2a: Zamazenta|Crunch|p1a: Typhlosion
|-supereffective|p1a: Typhlosion
|-damage|p1a: Typhlosion|36/100
|
|-weather|SunnyDay|[upkeep]
|-heal|p2a: Zamazenta|100/100|[from] item: Leftovers
|upkeep
|turn|12
|
|t:|1776111489
|switch|p1a: Walking Wake|Walking Wake|100/100
|-activate|p1a: Walking Wake|ability: Protosynthesis
|-start|p1a: Walking Wake|protosynthesisspa
|move|p2a: Zamazenta|Crunch|p1a: Walking Wake
|-damage|p1a: Walking Wake|75/100
|
|-weather|SunnyDay|[upkeep]
|upkeep
|turn|13
|
|t:|1776111506
|-terastallize|p1a: Walking Wake|Water
|move|p1a: Walking Wake|Hydro Steam|p2a: Zamazenta
|-damage|p2a: Zamazenta|0 fnt
|faint|p2a: Zamazenta
|
|-weather|SunnyDay|[upkeep]
|upkeep
|
|t:|1776111512
|switch|p2a: Hydrapple|Hydrapple, M|100/100
|turn|14
|
|t:|1776111518
|-end|p1a: Walking Wake|Protosynthesis|[silent]
|switch|p1a: Typhlosion|Typhlosion-Hisui, M|36/100
|move|p2a: Hydrapple|Fickle Beam|p1a: Typhlosion
|-damage|p1a: Typhlosion|0 fnt
|faint|p1a: Typhlosion
|
|-weather|none
|upkeep
|
|t:|1776111520
|switch|p1a: Lilligant|Lilligant-Hisui, F|6/100
|turn|15
|
|t:|1776111526
|switch|p2a: Tyranitar|Tyranitar, F|18/100
|-weather|Sandstorm|[from] ability: Sand Stream|[of] p2a: Tyranitar
|move|p1a: Lilligant|Triple Axel|p2a: Tyranitar
|-damage|p2a: Tyranitar|13/100
|-hitcount|p2a: Tyranitar|1
|
|-weather|Sandstorm|[upkeep]
|-damage|p1a: Lilligant|0 fnt|[from] Sandstorm
|faint|p1a: Lilligant
|upkeep
|
|t:|1776111530
|switch|p1a: Walking Wake|Walking Wake, tera:Water|75/100
|turn|16
|
|t:|1776111536
|move|p1a: Walking Wake|Dragon Pulse|p2a: Tyranitar
|-damage|p2a: Tyranitar|0 fnt
|faint|p2a: Tyranitar
|
|-weather|Sandstorm|[upkeep]
|-damage|p1a: Walking Wake|69/100|[from] Sandstorm
|upkeep
|l| bbrread
|
|t:|1776111542
|switch|p2a: Hydrapple|Hydrapple, M|100/100
|turn|17
|
|t:|1776111548
|move|p1a: Walking Wake|Dragon Pulse|p2a: Hydrapple
|-supereffective|p2a: Hydrapple
|-damage|p2a: Hydrapple|9/100
|move|p2a: Hydrapple|Earth Power|p1a: Walking Wake
|-damage|p1a: Walking Wake|40/100
|
|-weather|Sandstorm|[upkeep]
|-damage|p1a: Walking Wake|34/100|[from] Sandstorm
|-damage|p2a: Hydrapple|2/100|[from] Sandstorm
|upkeep
|turn|18
|
|t:|1776111555
|switch|p2a: Slowking|Slowking-Galar, M|100/100 par
|move|p1a: Walking Wake|Dragon Pulse|p2a: Slowking
|-damage|p2a: Slowking|74/100 par
|
|-weather|Sandstorm|[upkeep]
|-damage|p1a: Walking Wake|28/100|[from] Sandstorm
|-damage|p2a: Slowking|68/100 par|[from] Sandstorm
|upkeep
|turn|19
|
|t:|1776111561
|-end|p1a: Walking Wake|Protosynthesis|[silent]
|switch|p1a: Torkoal|Torkoal, F|42/100
|-weather|SunnyDay|[from] ability: Drought|[of] p1a: Torkoal
|cant|p2a: Slowking|par
|
|-weather|SunnyDay|[upkeep]
|upkeep
|turn|20
|
|t:|1776111567
|switch|p1a: Walking Wake|Walking Wake, tera:Water|28/100
|-activate|p1a: Walking Wake|ability: Protosynthesis
|-start|p1a: Walking Wake|protosynthesisspa
|move|p2a: Slowking|Sludge Bomb|p1a: Walking Wake
|-crit|p1a: Walking Wake
|-damage|p1a: Walking Wake|0 fnt
|faint|p1a: Walking Wake
|-end|p1a: Walking Wake|Protosynthesis|[silent]
|
|-weather|SunnyDay|[upkeep]
|upkeep
|-message|teamskullenoxa forfeited.
|
|win|Blastoise_Choice
|raw|teamskullenoxa's rating: 1525 &rarr; <strong>1512</strong><br />(-13 for losing)
|raw|Blastoise_Choice's rating: 1652 &rarr; <strong>1665</strong><br />(+13 for winning)
|c|☆Blastoise_Choice|gg
|l|☆teamskullenoxa
|player|p1|
