|j|☆encore21768768
|j|☆Abyssal Bot
|t:|1776265112
|gametype|singles
|player|p1|encore21768768|265|
|player|p2|Abyssal Bot|supernerd|
|teamsize|p1|6
|teamsize|p2|6
|gen|9
|tier|[Gen 9] OU
|rule|Species Clause: Limit one of each Pokémon
|rule|OHKO Clause: OHKO moves are banned
|rule|Evasion Items Clause: Evasion items are banned
|rule|Evasion Moves Clause: Evasion moves are banned
|rule|Endless Battle Clause: Forcing endless battles is banned
|rule|HP Percentage Mod: HP is shown in percentages
|rule|Sleep Moves Clause: Sleep-inducing moves are banned
|clearpoke
|poke|p1|Smeargle, F|
|poke|p1|Garganacl, F|
|poke|p1|Gholdengo|
|poke|p1|Houndstone, M|
|poke|p1|Excadrill, M|
|poke|p1|Zamazenta-*|
|poke|p2|Gliscor, M|
|poke|p2|Alomomola, M|
|poke|p2|Gholdengo|
|poke|p2|Hoopa-Unbound|
|poke|p2|Cinderace, M|
|poke|p2|Zamazenta-*|
|teampreview
|c|☆Abyssal Bot|**WARNING**: Expect much hax.
|inactive|Battle timer is ON: inactive players will automatically lose when time's up. (requested by Abyssal Bot)
|j|*Turbo Bottttt
|
|t:|1776265126
|start
|switch|p1a: Smeargle|Smeargle, F|100/100
|switch|p2a: Alomomola|Alomomola, M|100/100
|turn|1
|
|t:|1776265131
|switch|p2a: Gholdengo|Gholdengo|100/100
|move|p1a: Smeargle|Poltergeist|p2a: Gholdengo
|-activate|p2a: Gholdengo|move: Poltergeist|Choice Scarf
|-supereffective|p2a: Gholdengo
|-damage|p2a: Gholdengo|65/100
|
|upkeep
|turn|2
|
|t:|1776265137
|switch|p1a: Excadrill|Excadrill, M|100/100
|move|p2a: Gholdengo|Focus Blast|p1a: Excadrill
|-supereffective|p1a: Excadrill
|-damage|p1a: Excadrill|0
|faint|p1a: Excadrill
|
|upkeep
|
|t:|1776265145
|switch|p1a: Gholdengo|Gholdengo|100/100
|turn|3
|
|t:|1776265146
|switch|p2a: Cinderace|Cinderace, M|100/100
|move|p1a: Gholdengo|Shadow Ball|p2a: Cinderace
|-damage|p2a: Cinderace|40/100
|
|upkeep
|turn|4
|
|t:|1776265149
|switch|p1a: Garganacl|Garganacl, F|100/100
|move|p2a: Cinderace|Pyro Ball|p1a: Garganacl
|-resisted|p1a: Garganacl
|-damage|p1a: Garganacl|79/100
|
|upkeep
|turn|5
|
|t:|1776265151
|move|p2a: Cinderace|Will-O-Wisp|p1a: Garganacl
|-immune|p1a: Garganacl|[from] ability: Purifying Salt
|move|p1a: Garganacl|Sandstorm|p1a: Garganacl
|-weather|Sandstorm
|
|-weather|Sandstorm|[upkeep]
|-damage|p2a: Cinderace|34/100|[from] Sandstorm|[of] p1a: Garganacl
|upkeep
|turn|6
|
|t:|1776265153
|move|p2a: Cinderace|Pyro Ball|p1a: Garganacl
|-resisted|p1a: Garganacl
|-damage|p1a: Garganacl|59/100
|move|p1a: Garganacl|Stealth Rock|p2a: Cinderace
|-sidestart|p2: Abyssal Bot|move: Stealth Rock
|
|-weather|Sandstorm|[upkeep]
|-damage|p2a: Cinderace|28/100|[from] Sandstorm|[of] p1a: Garganacl
|upkeep
|turn|7
|
|t:|1776265155
|move|p2a: Cinderace|Sucker Punch|p1a: Garganacl
|-start|p2a: Cinderace|typechange|Dark|[from] ability: Libero
|-damage|p1a: Garganacl|36/100
|move|p1a: Garganacl|Salt Cure|p2a: Cinderace
|-damage|p2a: Cinderace|8/100
|-start|p2a: Cinderace|Salt Cure
|
|-weather|Sandstorm|[upkeep]
|-damage|p2a: Cinderace|2/100|[from] Sandstorm|[of] p1a: Garganacl
|-damage|p2a: Cinderace|0|[from] Salt Cure|[of] p1a: Garganacl
|faint|p2a: Cinderace
|upkeep
|
|t:|1776265155
|switch|p2a: Gholdengo|Gholdengo|65/100
|-damage|p2a: Gholdengo|59/100|[from] Stealth Rock|[of] p1a: Garganacl
|turn|8
|
|t:|1776265157
|move|p2a: Gholdengo|Make It Rain|p1a: Garganacl
|-supereffective|p1a: Garganacl
|-damage|p1a: Garganacl|0
|-unboost|p2a: Gholdengo|spa|1
|faint|p1a: Garganacl
|
|-weather|Sandstorm|[upkeep]
|upkeep
|
|t:|1776265161
|switch|p1a: Houndstone|Houndstone, M|100/100
|turn|9
|
|t:|1776265163
|move|p1a: Houndstone|Poltergeist|p2a: Gholdengo|[miss]
|-miss|p1a: Houndstone|p2a: Gholdengo
|move|p2a: Gholdengo|Make It Rain|p1a: Houndstone
|-damage|p1a: Houndstone|52/100
|-unboost|p2a: Gholdengo|spa|1
|
|-weather|Sandstorm|[upkeep]
|upkeep
|turn|10
|c|☆Abyssal Bot|I had warned you about hax!! HAHAHA
|
|t:|1776265165
|move|p1a: Houndstone|Poltergeist|p2a: Gholdengo
|-activate|p2a: Gholdengo|move: Poltergeist|Choice Scarf
|-supereffective|p2a: Gholdengo
|-damage|p2a: Gholdengo|0
|faint|p2a: Gholdengo
|-damage|p1a: Houndstone|42/100|[from] item: Life Orb
|
|-weather|Sandstorm|[upkeep]
|upkeep
|
|t:|1776265165
|switch|p2a: Hoopa|Hoopa-Unbound|100/100
|-damage|p2a: Hoopa|88/100|[from] Stealth Rock|[of] p1: Garganacl
|turn|11
|
|t:|1776265168
|move|p1a: Houndstone|Destiny Bond|p1a: Houndstone
|-singlemove|p1a: Houndstone|Destiny Bond
|move|p2a: Hoopa|Knock Off|p1a: Houndstone
|-supereffective|p1a: Houndstone
|-damage|p1a: Houndstone|0
|-enditem|p1a: Houndstone|Life Orb|[from] move: Knock Off|[of] p2a: Hoopa
|faint|p1a: Houndstone
|-activate|p1a: Houndstone|move: Destiny Bond
|faint|p2a: Hoopa
|
|-weather|Sandstorm|[upkeep]
|upkeep
|
|t:|1776265173
|switch|p1a: Gholdengo|Gholdengo|100/100
|switch|p2a: Gliscor|Gliscor, M|100/100
|-damage|p2a: Gliscor|88/100|[from] Stealth Rock|[of] p1: Garganacl
|turn|12
|
|t:|1776265175
|move|p1a: Gholdengo|Nasty Plot|p1a: Gholdengo
|-boost|p1a: Gholdengo|spa|2
|move|p2a: Gliscor|Earthquake|p1a: Gholdengo
|-supereffective|p1a: Gholdengo
|-damage|p1a: Gholdengo|26/100
|
|-weather|none
|-status|p2a: Gliscor|tox|[from] item: Toxic Orb
|upkeep
|turn|13
|
|t:|1776265182
|move|p1a: Gholdengo|Shadow Ball|p2a: Gliscor
|-damage|p2a: Gliscor|17/100 tox
|move|p2a: Gliscor|Earthquake|p1a: Gholdengo
|-supereffective|p1a: Gholdengo
|-damage|p1a: Gholdengo|0
|faint|p1a: Gholdengo
|
|-heal|p2a: Gliscor|30/100 tox|[from] ability: Poison Heal
|upkeep
|
|t:|1776265186
|switch|p1a: Zamazenta|Zamazenta|100/100
|-ability|p1a: Zamazenta|Dauntless Shield|boost
|-boost|p1a: Zamazenta|def|1
|turn|14
|
|t:|1776265187
|move|p2a: Gliscor|Protect|p2a: Gliscor
|-singleturn|p2a: Gliscor|Protect
|move|p1a: Zamazenta|Iron Defense|p1a: Zamazenta
|-boost|p1a: Zamazenta|def|2
|
|-heal|p2a: Gliscor|42/100 tox|[from] ability: Poison Heal
|upkeep
|turn|15
|
|t:|1776265189
|move|p1a: Zamazenta|Iron Defense|p1a: Zamazenta
|-boost|p1a: Zamazenta|def|2
|move|p2a: Gliscor|Earthquake|p1a: Zamazenta
|-damage|p1a: Zamazenta|93/100
|
|-heal|p2a: Gliscor|55/100 tox|[from] ability: Poison Heal
|upkeep
|turn|16
|
|t:|1776265190
|move|p1a: Zamazenta|Body Press|p2a: Gliscor
|-resisted|p2a: Gliscor
|-damage|p2a: Gliscor|8/100 tox
|move|p2a: Gliscor|Earthquake|p1a: Zamazenta
|-damage|p1a: Zamazenta|84/100
|
|-heal|p2a: Gliscor|20/100 tox|[from] ability: Poison Heal
|upkeep
|turn|17
|
|t:|1776265193
|move|p2a: Gliscor|Protect|p2a: Gliscor
|-singleturn|p2a: Gliscor|Protect
|move|p1a: Zamazenta|Crunch|p2a: Gliscor
|-activate|p2a: Gliscor|move: Protect
|
|-heal|p2a: Gliscor|33/100 tox|[from] ability: Poison Heal
|upkeep
|turn|18
|
|t:|1776265195
|move|p1a: Zamazenta|Body Press|p2a: Gliscor
|-resisted|p2a: Gliscor
|-damage|p2a: Gliscor|0 tox
|faint|p2a: Gliscor
|
|upkeep
|
|t:|1776265195
|switch|p2a: Zamazenta|Zamazenta|100/100
|-damage|p2a: Zamazenta|95/100|[from] Stealth Rock|[of] p1: Garganacl
|-ability|p2a: Zamazenta|Dauntless Shield|boost
|-boost|p2a: Zamazenta|def|1
|turn|19
|
|t:|1776265196
|move|p1a: Zamazenta|Body Press|p2a: Zamazenta
|-damage|p2a: Zamazenta|40/100
|move|p2a: Zamazenta|Roar|p1a: Zamazenta
|drag|p1a: Smeargle|Smeargle, F|100/100
|
|-heal|p2a: Zamazenta|46/100|[from] item: Leftovers
|upkeep
|turn|20
|
|t:|1776265202
|move|p2a: Zamazenta|Body Press|p1a: Smeargle
|-supereffective|p1a: Smeargle
|-enditem|p1a: Smeargle|Focus Sash
|-damage|p1a: Smeargle|1/100
|move|p1a: Smeargle|Endeavor|p2a: Zamazenta
|-damage|p2a: Zamazenta|1/100
|
|-heal|p2a: Zamazenta|7/100|[from] item: Leftovers
|upkeep
|turn|21
|
|t:|1776265205
|move|p1a: Smeargle|Extreme Speed|p2a: Zamazenta
|-damage|p2a: Zamazenta|0
|faint|p2a: Zamazenta
|
|upkeep
|
|t:|1776265205
|switch|p2a: Alomomola|Alomomola, M|100/100
|-damage|p2a: Alomomola|88/100|[from] Stealth Rock|[of] p1: Garganacl
|turn|22
|
|t:|1776265208
|move|p1a: Smeargle|Endeavor|p2a: Alomomola
|-damage|p2a: Alomomola|1/100
|-enditem|p2a: Alomomola|Red Card|[of] p1a: Smeargle
|drag|p1a: Zamazenta|Zamazenta|84/100
|move|p2a: Alomomola|Flip Turn|p1a: Zamazenta
|-damage|p1a: Zamazenta|70/100
|
|upkeep
|turn|23
|
|t:|1776265211
|move|p1a: Zamazenta|Stone Edge|p2a: Alomomola|[miss]
|-miss|p1a: Zamazenta|p2a: Alomomola
|move|p2a: Alomomola|Flip Turn|p1a: Zamazenta
|-damage|p1a: Zamazenta|57/100
|
|upkeep
|turn|24
|c|☆Abyssal Bot|I had warned you about hax!! HAHAHA
|
|t:|1776265213
|move|p2a: Alomomola|Protect|p2a: Alomomola
|-singleturn|p2a: Alomomola|Protect
|move|p1a: Zamazenta|Stone Edge|p2a: Alomomola
|-activate|p2a: Alomomola|move: Protect
|
|upkeep
|turn|25
|
|t:|1776265215
|move|p1a: Zamazenta|Stone Edge|p2a: Alomomola
|-crit|p2a: Alomomola
|-damage|p2a: Alomomola|0
|faint|p2a: Alomomola
|
|win|encore21768768
|c|☆Abyssal Bot|Oh crap, that crit...
|c|☆Abyssal Bot|Oh, I lost. Good Game.
|l|☆Abyssal Bot
|player|p2|
|l|*Turbo Bottttt
