|html|<div class="broadcast-blue"><strong>[Gen 9] OU is currently suspecting Tera Blast! For information on how to participate check out the <a href="https://www.smogon.com/tools/suspects/view/200">suspect thread</a>.</strong></div>
|j|☆ImAceISwear
|j|☆detroitking
|t:|1776295390
|gametype|singles
|player|p1|ImAceISwear|265|1107
|player|p2|detroitking|waitress-gen4|1068
|gen|9
|tier|[Gen 9] OU
|rated|
|rule|HP Percentage Mod: HP is shown in percentages
|rule|Endless Battle Clause: Forcing endless battles is banned
|rule|Species Clause: Limit one of each Pokémon
|rule|OHKO Clause: OHKO moves are banned
|rule|Evasion Items Clause: Evasion items are banned
|rule|Evasion Moves Clause: Evasion moves are banned
|rule|Evasion Abilities Clause: Evasion abilities are banned
|rule|Sleep Moves Clause: Sleep-inducing moves are banned
|clearpoke
|poke|p1|Tinkaton, F|
|poke|p1|Samurott-Hisui, F|
|poke|p1|Blaziken, M|
|poke|p1|Gliscor, F|
|poke|p1|Conkeldurr, M|
|poke|p1|Deoxys-Speed|
|poke|p2|Ribombee, M|
|poke|p2|Drifblim, M|
|poke|p2|Incineroar, M|
|poke|p2|Hydreigon, F|
|poke|p2|Chansey, F|
|poke|p2|Excadrill, M|
|teampreview
|
|t:|1776295398
|teamsize|p1|6
|teamsize|p2|6
|start
|switch|p1a: Conkeldurr|Conkeldurr, M|100/100
|switch|p2a: Roak|Incineroar, M, shiny|100/100
|-ability|p2a: Roak|Intimidate|boost
|-unboost|p1a: Conkeldurr|atk|1
|turn|1
|
|t:|1776295413
|move|p2a: Roak|Will-O-Wisp|p1a: Conkeldurr
|-status|p1a: Conkeldurr|brn
|move|p1a: Conkeldurr|Knock Off|p2a: Roak
|-resisted|p2a: Roak
|-damage|p2a: Roak|87/100
|-damage|p1a: Conkeldurr|84/100 brn|[from] item: Rocky Helmet|[of] p2a: Roak
|-enditem|p2a: Roak|Rocky Helmet|[from] move: Knock Off|[of] p1a: Conkeldurr
|
|-damage|p1a: Conkeldurr|78/100 brn|[from] brn
|upkeep
|turn|2
|
|t:|1776295425
|move|p2a: Roak|Parting Shot|p1a: Conkeldurr
|-unboost|p1a: Conkeldurr|atk|1
|-unboost|p1a: Conkeldurr|spa|1
|
|t:|1776295429
|switch|p2a: Drift King|Drifblim, M, shiny|100/100|[from] Parting Shot
|move|p1a: Conkeldurr|Facade|p2a: Drift King
|-immune|p2a: Drift King
|
|-damage|p1a: Conkeldurr|72/100 brn|[from] brn
|upkeep
|turn|3
|
|t:|1776295447
|switch|p1a: Gliscor|Gliscor, F|100/100
|move|p2a: Drift King|Calm Mind|p2a: Drift King
|-boost|p2a: Drift King|spa|1
|-boost|p2a: Drift King|spd|1
|
|-status|p1a: Gliscor|tox|[from] item: Toxic Orb
|upkeep
|turn|4
|
|t:|1776295456
|move|p1a: Gliscor|Swords Dance|p1a: Gliscor
|-boost|p1a: Gliscor|atk|2
|move|p2a: Drift King|Calm Mind|p2a: Drift King
|-boost|p2a: Drift King|spa|1
|-boost|p2a: Drift King|spd|1
|
|upkeep
|turn|5
|
|t:|1776295464
|move|p1a: Gliscor|Swords Dance|p1a: Gliscor
|-boost|p1a: Gliscor|atk|2
|move|p2a: Drift King|Strength Sap|p1a: Gliscor
|-unboost|p1a: Gliscor|atk|1
|
|upkeep
|turn|6
|
|t:|1776295472
|move|p1a: Gliscor|Crabhammer|p2a: Drift King
|-damage|p2a: Drift King|0 fnt
|faint|p2a: Drift King
|
|upkeep
|
|t:|1776295478
|switch|p2a: Roak|Incineroar, M, shiny|87/100
|-ability|p2a: Roak|Intimidate|boost
|-unboost|p1a: Gliscor|atk|1
|turn|7
|
|t:|1776295483
|move|p1a: Gliscor|Earthquake|p2a: Roak
|-supereffective|p2a: Roak
|-damage|p2a: Roak|0 fnt
|faint|p2a: Roak
|
|upkeep
|
|t:|1776295490
|switch|p2a: Bugonia|Hydreigon, F, shiny|100/100
|turn|8
|
|t:|1776295494
|move|p2a: Bugonia|Surf|p1a: Gliscor
|-supereffective|p1a: Gliscor
|-damage|p1a: Gliscor|6/100 tox
|move|p1a: Gliscor|Earthquake|p2a: Bugonia
|-immune|p2a: Bugonia|[from] ability: Levitate
|
|-heal|p1a: Gliscor|19/100 tox|[from] ability: Poison Heal
|upkeep
|turn|9
|
|t:|1776295504
|switch|p1a: Samurott|Samurott-Hisui, F|100/100
|move|p2a: Bugonia|Surf|p1a: Samurott
|-resisted|p1a: Samurott
|-damage|p1a: Samurott|72/100
|
|upkeep
|turn|10
|
|t:|1776295515
|switch|p2a: Tumbalatumba|Chansey, F|100/100
|move|p1a: Samurott|Fling|p2a: Tumbalatumba
|-damage|p2a: Tumbalatumba|79/100
|-status|p2a: Tumbalatumba|psn
|-enditem|p1a: Samurott|Poison Barb|[from] move: Fling
|
|-damage|p2a: Tumbalatumba|66/100 psn|[from] psn
|upkeep
|turn|11
|
|t:|1776295537
|move|p1a: Samurott|Ceaseless Edge|p2a: Tumbalatumba
|-damage|p2a: Tumbalatumba|36/100 psn
|-sidestart|p2: detroitking|Spikes
|move|p2a: Tumbalatumba|Thunder Wave|p1a: Samurott
|-status|p1a: Samurott|par
|
|-damage|p2a: Tumbalatumba|23/100 psn|[from] psn
|upkeep
|turn|12
|
|t:|1776295546
|move|p1a: Samurott|Ceaseless Edge|p2a: Tumbalatumba
|-damage|p2a: Tumbalatumba|0 fnt
|-sidestart|p2: detroitking|Spikes
|faint|p2a: Tumbalatumba
|
|upkeep
|
|t:|1776295549
|switch|p2a: Tsunami|Excadrill, M, shiny|100/100
|-damage|p2a: Tsunami|84/100|[from] Spikes
|-ability|p2a: Tsunami|Mold Breaker
|turn|13
|
|t:|1776295559
|move|p2a: Tsunami|Swords Dance|p2a: Tsunami
|-boost|p2a: Tsunami|atk|2
|move|p1a: Samurott|Aqua Cutter|p2a: Tsunami
|-supereffective|p2a: Tsunami
|-damage|p2a: Tsunami|0 fnt
|faint|p2a: Tsunami
|
|upkeep
|
|t:|1776295568
|switch|p2a: Bugonia|Hydreigon, F, shiny|100/100
|turn|14
|
|t:|1776295577
|move|p2a: Bugonia|Draco Meteor|p1a: Samurott|[miss]
|-miss|p2a: Bugonia|p1a: Samurott
|move|p1a: Samurott|Air Slash|p2a: Bugonia
|-damage|p2a: Bugonia|73/100
|
|upkeep
|turn|15
|
|t:|1776295593
|switch|p1a: Tinkaton|Tinkaton, F|100/100
|-ability|p1a: Tinkaton|Mold Breaker
|move|p2a: Bugonia|Draco Meteor|p1a: Tinkaton
|-immune|p1a: Tinkaton
|
|upkeep
|turn|16
|-message|detroitking forfeited.
|
|win|ImAceISwear
|raw|ImAceISwear's rating: 1107 &rarr; <strong>1129</strong><br />(+22 for winning)
|raw|detroitking's rating: 1068 &rarr; <strong>1050</strong><br />(-18 for losing)
|l|☆detroitking
|player|p2|
|c|☆ImAceISwear|ggwp
