|html|<div class="broadcast-blue"><strong>[Gen 9] OU is currently suspecting Tera Blast! For information on how to participate check out the <a href="https://www.smogon.com/tools/suspects/view/200">suspect thread</a>.</strong></div>
|j|☆sixludicolos
|j|☆lololooopp
|t:|1776067344
|gametype|singles
|player|p1|sixludicolos|roxie|1226
|player|p2|lololooopp|cyrus|1186
|gen|9
|tier|[Gen 9] OU
|rated|
|rule|HP Percentage Mod: HP is shown in percentages
|rule|Endless Battle Clause: Forcing endless battles is banned
|rule|Species Clause: Limit one of each Pokémon
|rule|OHKO Clause: OHKO moves are banned
|rule|Evasion Items Clause: Evasion items are banned
|rule|Evasion Moves Clause: Evasion moves are banned
|rule|Evasion Abilities Clause: Evasion abilities are banned
|rule|Sleep Moves Clause: Sleep-inducing moves are banned
|clearpoke
|poke|p1|Pelipper, M|
|poke|p1|Hatterene, F|
|poke|p1|Iron Treads|
|poke|p1|Toxicroak, M|
|poke|p1|Barraskewda, M|
|poke|p1|Zapdos|
|poke|p2|Tyranitar, F|
|poke|p2|Iron Valiant|
|poke|p2|Rillaboom, F|
|poke|p2|Garchomp, M|
|poke|p2|Kingambit, F|
|poke|p2|Scizor, F|
|teampreview
|
|t:|1776067348
|teamsize|p1|6
|teamsize|p2|6
|start
|switch|p1a: Nigel|Pelipper, M, shiny|100/100
|switch|p2a: Tyranitar|Tyranitar, F|100/100
|-weather|Sandstorm|[from] ability: Sand Stream|[of] p2a: Tyranitar
|-weather|RainDance|[from] ability: Drizzle|[of] p1a: Nigel
|turn|1
|
|t:|1776067362
|move|p2a: Tyranitar|Dragon Dance|p2a: Tyranitar
|-boost|p2a: Tyranitar|atk|1
|-boost|p2a: Tyranitar|spe|1
|move|p1a: Nigel|U-turn|p2a: Tyranitar
|-supereffective|p2a: Tyranitar
|-damage|p2a: Tyranitar|85/100
|
|t:|1776067368
|switch|p1a: Aguilar|Barraskewda, M, shiny|100/100|[from] U-turn
|
|-weather|RainDance|[upkeep]
|-heal|p2a: Tyranitar|91/100|[from] item: Leftovers
|upkeep
|turn|2
|
|t:|1776067378
|-terastallize|p1a: Aguilar|Water
|move|p1a: Aguilar|Liquidation|p2a: Tyranitar
|-supereffective|p2a: Tyranitar
|-damage|p2a: Tyranitar|0 fnt
|faint|p2a: Tyranitar
|
|-weather|RainDance|[upkeep]
|upkeep
|
|t:|1776067381
|switch|p2a: Rillaboom|Rillaboom, F|100/100
|-fieldstart|move: Grassy Terrain|[from] ability: Grassy Surge|[of] p2a: Rillaboom
|turn|3
|
|t:|1776067390
|switch|p1a: Virgil|Zapdos|100/100
|move|p2a: Rillaboom|Wood Hammer|p1a: Virgil
|-resisted|p1a: Virgil
|-damage|p1a: Virgil|40/100
|-damage|p2a: Rillaboom|85/100|[from] Recoil
|
|-weather|RainDance|[upkeep]
|-heal|p2a: Rillaboom|91/100|[from] Grassy Terrain
|upkeep
|turn|4
|
|t:|1776067401
|move|p1a: Virgil|Hurricane|p2a: Rillaboom
|-supereffective|p2a: Rillaboom
|-damage|p2a: Rillaboom|0 fnt
|faint|p2a: Rillaboom
|
|-weather|RainDance|[upkeep]
|upkeep
|
|t:|1776067405
|switch|p2a: Scizor|Scizor, F|100/100
|turn|5
|
|t:|1776067410
|move|p2a: Scizor|Bullet Punch|p1a: Virgil
|-resisted|p1a: Virgil
|-damage|p1a: Virgil|21/100
|move|p1a: Virgil|Hurricane|p2a: Scizor
|-damage|p2a: Scizor|0 fnt
|faint|p2a: Scizor
|
|-weather|RainDance|[upkeep]
|upkeep
|
|t:|1776067415
|switch|p2a: Iron Valiant|Iron Valiant|100/100
|-enditem|p2a: Iron Valiant|Booster Energy
|-activate|p2a: Iron Valiant|ability: Quark Drive|[fromitem]
|-start|p2a: Iron Valiant|quarkdrivespa
|turn|6
|c|☆sixludicolos|my friends say dont fear the reaper
|c|☆sixludicolos|i fear it all the same
|
|t:|1776067458
|switch|p1a: Cipher|Hatterene, F|100/100
|move|p2a: Iron Valiant|Moonblast|p1a: Cipher
|-damage|p1a: Cipher|35/100
|-enditem|p1a: Cipher|Eject Button
|
|t:|1776067464
|switch|p1a: Aguilar|Barraskewda, M, shiny, tera:Water|100/100
|
|-weather|RainDance|[upkeep]
|upkeep
|turn|7
|
|t:|1776067470
|move|p1a: Aguilar|Liquidation|p2a: Iron Valiant
|-damage|p2a: Iron Valiant|0 fnt
|faint|p2a: Iron Valiant
|-end|p2a: Iron Valiant|Quark Drive|[silent]
|
|-weather|RainDance|[upkeep]
|-fieldend|move: Grassy Terrain
|upkeep
|
|t:|1776067476
|switch|p2a: Kingambit|Kingambit, F|100/100
|-activate|p2a: Kingambit|ability: Supreme Overlord
|-start|p2a: Kingambit|fallen4|[silent]
|-item|p2a: Kingambit|Air Balloon
|turn|8
|
|t:|1776067483
|switch|p1a: Nigel|Pelipper, M, shiny|100/100
|move|p2a: Kingambit|Swords Dance|p2a: Kingambit
|-boost|p2a: Kingambit|atk|2
|
|-weather|none
|upkeep
|turn|9
|
|t:|1776067491
|move|p2a: Kingambit|Sucker Punch|p1a: Nigel
|-damage|p1a: Nigel|5/100
|move|p1a: Nigel|Knock Off|p2a: Kingambit
|-resisted|p2a: Kingambit
|-damage|p2a: Kingambit|96/100
|-enditem|p2a: Kingambit|Air Balloon
|
|upkeep
|turn|10
|
|t:|1776067500
|switch|p1a: Cipher|Hatterene, F|35/100
|move|p2a: Kingambit|Iron Head|p1a: Cipher
|-supereffective|p1a: Cipher
|-damage|p1a: Cipher|0 fnt
|faint|p1a: Cipher
|
|upkeep
|
|t:|1776067507
|switch|p1a: Nigel|Pelipper, M, shiny|5/100
|-weather|RainDance|[from] ability: Drizzle|[of] p1a: Nigel
|turn|11
|
|t:|1776067512
|switch|p1a: Abram|Iron Treads|100/100
|move|p2a: Kingambit|Sucker Punch||[still]
|-fail|p2a: Kingambit
|
|-weather|RainDance|[upkeep]
|upkeep
|turn|12
|
|t:|1776067521
|move|p1a: Abram|Earthquake|p2a: Kingambit
|-supereffective|p2a: Kingambit
|-damage|p2a: Kingambit|43/100
|move|p2a: Kingambit|Low Kick|p1a: Abram
|-supereffective|p1a: Abram
|-damage|p1a: Abram|0 fnt
|faint|p1a: Abram
|-end|p1a: Abram|Quark Drive|[silent]
|
|-weather|RainDance|[upkeep]
|upkeep
|
|t:|1776067540
|switch|p1a: Aguilar|Barraskewda, M, shiny, tera:Water|100/100
|turn|13
|c|☆sixludicolos|but are they right?
|c|☆sixludicolos|Should I really not be fearing death?
|
|t:|1776067568
|move|p1a: Aguilar|Aqua Jet|p2a: Kingambit
|-damage|p2a: Kingambit|0 fnt
|faint|p2a: Kingambit
|-end|p2a: Kingambit|fallen4|[silent]
|
|-weather|RainDance|[upkeep]
|upkeep
|
|t:|1776067572
|switch|p2a: Garchomp|Garchomp, M|100/100
|turn|14
|c|☆sixludicolos|Would you even know?
|c|☆sixludicolos|Why am I even talking to you.
|
|t:|1776067599
|switch|p1a: Tajiri|Toxicroak, M, shiny|100/100
|move|p2a: Garchomp|Scale Shot|p1a: Tajiri
|-damage|p1a: Tajiri|89/100
|-damage|p1a: Tajiri|76/100
|-damage|p1a: Tajiri|64/100
|-damage|p1a: Tajiri|52/100
|-crit|p1a: Tajiri
|-damage|p1a: Tajiri|32/100
|-hitcount|p1a: Tajiri|5
|-unboost|p2a: Garchomp|def|1
|-boost|p2a: Garchomp|spe|1
|
|-weather|RainDance|[upkeep]
|-heal|p1a: Tajiri|45/100|[from] ability: Dry Skin
|-heal|p1a: Tajiri|51/100|[from] item: Leftovers
|upkeep
|turn|15
|
|t:|1776067608
|move|p2a: Garchomp|Earthquake|p1a: Tajiri
|-supereffective|p1a: Tajiri
|-damage|p1a: Tajiri|0 fnt
|faint|p1a: Tajiri
|
|-weather|RainDance|[upkeep]
|upkeep
|
|t:|1776067616
|switch|p1a: Aguilar|Barraskewda, M, shiny, tera:Water|100/100
|turn|16
|
|t:|1776067624
|move|p1a: Aguilar|Liquidation|p2a: Garchomp
|-damage|p2a: Garchomp|0 fnt
|-damage|p1a: Aguilar|88/100|[from] ability: Rough Skin|[of] p2a: Garchomp
|faint|p2a: Garchomp
|
|win|sixludicolos
|raw|sixludicolos's rating: 1226 &rarr; <strong>1248</strong><br />(+22 for winning)
|raw|lololooopp's rating: 1186 &rarr; <strong>1164</strong><br />(-22 for losing)
|l|☆lololooopp
|player|p2|
|c|☆sixludicolos|Do you fear the reaper?
