|html|<div class="broadcast-blue"><strong>[Gen 9] OU is currently suspecting Tera Blast! For information on how to participate check out the <a href="https://www.smogon.com/tools/suspects/view/200">suspect thread</a>.</strong></div>
|j|☆Calad Lux
|j|☆t7pu
|t:|1776054888
|gametype|singles
|player|p1|Calad Lux|red|1195
|player|p2|t7pu|1|1219
|gen|9
|tier|[Gen 9] OU
|rated|
|rule|HP Percentage Mod: HP is shown in percentages
|rule|Endless Battle Clause: Forcing endless battles is banned
|rule|Species Clause: Limit one of each Pokémon
|rule|OHKO Clause: OHKO moves are banned
|rule|Evasion Items Clause: Evasion items are banned
|rule|Evasion Moves Clause: Evasion moves are banned
|rule|Evasion Abilities Clause: Evasion abilities are banned
|rule|Sleep Moves Clause: Sleep-inducing moves are banned
|clearpoke
|poke|p1|Glimmora, M|
|poke|p1|Great Tusk|
|poke|p1|Lokix, F|
|poke|p1|Iron Moth|
|poke|p1|Gyarados, M|
|poke|p1|Scizor, F|
|poke|p2|Ninetales-Alola, F|
|poke|p2|Kyurem|
|poke|p2|Rillaboom, F|
|poke|p2|Manaphy|
|poke|p2|Iron Valiant|
|poke|p2|Iron Moth|
|teampreview
|j| ohko_smeargle
|
|t:|1776054906
|teamsize|p1|6
|teamsize|p2|6
|start
|switch|p1a: Glimmora|Glimmora, M|100/100
|switch|p2a: Ninetales|Ninetales-Alola, F|100/100
|-weather|Snowscape|[from] ability: Snow Warning|[of] p2a: Ninetales
|turn|1
|
|t:|1776054919
|move|p2a: Ninetales|Aurora Veil|p2a: Ninetales
|-sidestart|p2: t7pu|move: Aurora Veil
|move|p1a: Glimmora|Sludge Wave|p2a: Ninetales
|-supereffective|p2a: Ninetales
|-damage|p2a: Ninetales|44/100
|-status|p2a: Ninetales|psn
|
|-weather|Snowscape|[upkeep]
|-damage|p2a: Ninetales|31/100 psn|[from] psn
|upkeep
|turn|2
|
|t:|1776054936
|switch|p2a: Iron Moth|Iron Moth|100/100
|-enditem|p2a: Iron Moth|Booster Energy
|-activate|p2a: Iron Moth|ability: Quark Drive|[fromitem]
|-start|p2a: Iron Moth|quarkdrivespe
|move|p1a: Glimmora|Power Gem|p2a: Iron Moth
|-supereffective|p2a: Iron Moth
|-damage|p2a: Iron Moth|54/100
|
|-weather|Snowscape|[upkeep]
|upkeep
|turn|3
|
|t:|1776054964
|-end|p2a: Iron Moth|Quark Drive|[silent]
|switch|p2a: Manaphy|Manaphy|100/100
|move|p1a: Glimmora|Power Gem|p2a: Manaphy
|-damage|p2a: Manaphy|82/100
|
|-weather|Snowscape|[upkeep]
|upkeep
|turn|4
|
|t:|1776054975
|move|p1a: Glimmora|Mortal Spin|p2a: Manaphy
|-damage|p2a: Manaphy|80/100
|-status|p2a: Manaphy|psn
|move|p2a: Manaphy|Scald|p1a: Glimmora
|-supereffective|p1a: Glimmora
|-damage|p1a: Glimmora|26/100
|-status|p1a: Glimmora|brn
|
|-weather|Snowscape|[upkeep]
|-damage|p2a: Manaphy|68/100 psn|[from] psn
|-damage|p1a: Glimmora|20/100 brn|[from] brn
|upkeep
|turn|5
|
|t:|1776054993
|move|p1a: Glimmora|Stealth Rock|p2a: Manaphy
|-sidestart|p2: t7pu|move: Stealth Rock
|move|p2a: Manaphy|Scald|p1a: Glimmora
|-supereffective|p1a: Glimmora
|-damage|p1a: Glimmora|0 fnt
|faint|p1a: Glimmora
|
|-weather|none
|-damage|p2a: Manaphy|56/100 psn|[from] psn
|upkeep
|
|t:|1776055011
|switch|p1a: Gyarados|Gyarados, M|100/100
|-ability|p1a: Gyarados|Intimidate|boost
|-unboost|p2a: Manaphy|atk|1
|turn|6
|
|t:|1776055028
|switch|p2a: Rillaboom|Rillaboom, F|100/100
|-damage|p2a: Rillaboom|88/100|[from] Stealth Rock
|-fieldstart|move: Grassy Terrain|[from] ability: Grassy Surge|[of] p2a: Rillaboom
|move|p1a: Gyarados|Earthquake|p2a: Rillaboom
|-resisted|p2a: Rillaboom
|-damage|p2a: Rillaboom|84/100
|
|-heal|p2a: Rillaboom|90/100|[from] Grassy Terrain
|upkeep
|turn|7
|
|t:|1776055071
|switch|p2a: Iron Valiant|Iron Valiant|100/100
|-damage|p2a: Iron Valiant|94/100|[from] Stealth Rock
|switch|p1a: Lokix|Lokix, F|100/100
|
|-heal|p2a: Iron Valiant|100/100|[from] Grassy Terrain
|upkeep
|turn|8
|
|t:|1776055087
|switch|p1a: Gyarados|Gyarados, M|100/100
|-ability|p1a: Gyarados|Intimidate|boost
|-unboost|p2a: Iron Valiant|atk|1
|move|p2a: Iron Valiant|Moonblast|p1a: Gyarados
|-damage|p1a: Gyarados|54/100
|
|-sideend|p2: t7pu|move: Aurora Veil
|upkeep
|turn|9
|
|t:|1776055102
|move|p2a: Iron Valiant|Moonblast|p1a: Gyarados
|-damage|p1a: Gyarados|10/100
|move|p1a: Gyarados|Waterfall|p2a: Iron Valiant
|-damage|p2a: Iron Valiant|46/100
|
|-heal|p2a: Iron Valiant|52/100|[from] Grassy Terrain
|upkeep
|turn|10
|
|t:|1776055111
|move|p2a: Iron Valiant|Moonblast|p1a: Gyarados
|-damage|p1a: Gyarados|0 fnt
|faint|p1a: Gyarados
|
|-heal|p2a: Iron Valiant|59/100|[from] Grassy Terrain
|upkeep
|
|t:|1776055121
|switch|p1a: Great Tusk|Great Tusk|100/100
|turn|11
|
|t:|1776055130
|move|p2a: Iron Valiant|Moonblast|p1a: Great Tusk
|-supereffective|p1a: Great Tusk
|-damage|p1a: Great Tusk|0 fnt
|faint|p1a: Great Tusk
|-end|p1a: Great Tusk|Protosynthesis|[silent]
|
|-heal|p2a: Iron Valiant|65/100|[from] Grassy Terrain
|upkeep
|
|t:|1776055138
|switch|p1a: Scizor|Scizor, F|100/100
|turn|12
|
|t:|1776055170
|-end|p2a: Iron Valiant|Quark Drive|[silent]
|switch|p2a: Iron Moth|Iron Moth|54/100
|-damage|p2a: Iron Moth|29/100|[from] Stealth Rock
|move|p1a: Scizor|Swords Dance|p1a: Scizor
|-boost|p1a: Scizor|atk|2
|
|-heal|p2a: Iron Moth|35/100|[from] Grassy Terrain
|upkeep
|turn|13
|
|t:|1776055180
|move|p1a: Scizor|Bullet Punch|p2a: Iron Moth
|-resisted|p2a: Iron Moth
|-damage|p2a: Iron Moth|0 fnt
|faint|p2a: Iron Moth
|-end|p2a: Iron Moth|Quark Drive|[silent]
|
|-fieldend|move: Grassy Terrain
|upkeep
|
|t:|1776055218
|switch|p2a: Ninetales|Ninetales-Alola, F|31/100 psn
|-damage|p2a: Ninetales|6/100 psn|[from] Stealth Rock
|-weather|Snowscape|[from] ability: Snow Warning|[of] p2a: Ninetales
|turn|14
|
|t:|1776055235
|move|p2a: Ninetales|Aurora Veil|p2a: Ninetales
|-sidestart|p2: t7pu|move: Aurora Veil
|move|p1a: Scizor|Swords Dance|p1a: Scizor
|-boost|p1a: Scizor|atk|2
|
|-weather|Snowscape|[upkeep]
|-damage|p2a: Ninetales|0 fnt|[from] psn
|faint|p2a: Ninetales
|upkeep
|
|t:|1776055246
|switch|p2a: Kyurem|Kyurem|100/100
|-damage|p2a: Kyurem|76/100|[from] Stealth Rock
|-ability|p2a: Kyurem|Pressure
|turn|15
|
|t:|1776055256
|-terastallize|p2a: Kyurem|Fire
|move|p1a: Scizor|Bullet Punch|p2a: Kyurem
|-resisted|p2a: Kyurem
|-damage|p2a: Kyurem|53/100
|move|p2a: Kyurem|Tera Blast|p1a: Scizor|[anim] Tera Blast Fire
|-supereffective|p1a: Scizor
|-damage|p1a: Scizor|0 fnt
|faint|p1a: Scizor
|
|-weather|Snowscape|[upkeep]
|upkeep
|
|t:|1776055275
|switch|p1a: Lokix|Lokix, F|100/100
|turn|16
|
|t:|1776055284
|move|p1a: Lokix|First Impression|p2a: Kyurem
|-resisted|p2a: Kyurem
|-damage|p2a: Kyurem|24/100
|-damage|p1a: Lokix|91/100|[from] item: Life Orb
|move|p2a: Kyurem|Dragon Dance|p2a: Kyurem
|-boost|p2a: Kyurem|atk|1
|-boost|p2a: Kyurem|spe|1
|
|-weather|Snowscape|[upkeep]
|upkeep
|turn|17
|
|t:|1776055294
|move|p1a: Lokix|Sucker Punch|p2a: Kyurem
|-damage|p2a: Kyurem|2/100
|-damage|p1a: Lokix|81/100|[from] item: Life Orb
|move|p2a: Kyurem|Tera Blast|p1a: Lokix|[anim] Tera Blast Fire
|-supereffective|p1a: Lokix
|-damage|p1a: Lokix|0 fnt
|faint|p1a: Lokix
|
|-weather|Snowscape|[upkeep]
|upkeep
|
|t:|1776055305
|switch|p1a: Iron Moth|Iron Moth|100/100
|turn|18
|
|t:|1776055317
|-terastallize|p1a: Iron Moth|Fire
|move|p2a: Kyurem|Scale Shot|p1a: Iron Moth
|-damage|p1a: Iron Moth|66/100
|-damage|p1a: Iron Moth|31/100
|-damage|p1a: Iron Moth|0 fnt
|faint|p1a: Iron Moth
|-end|p1a: Iron Moth|Quark Drive|[silent]
|-hitcount|p1: Iron Moth|3
|
|win|t7pu
|raw|Calad Lux's rating: 1195 &rarr; <strong>1172</strong><br />(-23 for losing)
|raw|t7pu's rating: 1219 &rarr; <strong>1242</strong><br />(+23 for winning)
|l| ohko_smeargle
|l|☆Calad Lux
|player|p1|
