|html|<div class="broadcast-blue"><strong>[Gen 9] OU is currently suspecting Tera Blast! For information on how to participate check out the <a href="https://www.smogon.com/tools/suspects/view/200">suspect thread</a>.</strong></div>
|j|☆ChiefTriceracop
|j|☆Dragonzord6
|t:|1776104622
|gametype|singles
|player|p1|ChiefTriceracop|fisherman-gen4|1487
|player|p2|Dragonzord6|2|1425
|gen|9
|tier|[Gen 9] OU
|rated|
|rule|HP Percentage Mod: HP is shown in percentages
|rule|Endless Battle Clause: Forcing endless battles is banned
|rule|Species Clause: Limit one of each Pokémon
|rule|OHKO Clause: OHKO moves are banned
|rule|Evasion Items Clause: Evasion items are banned
|rule|Evasion Moves Clause: Evasion moves are banned
|rule|Evasion Abilities Clause: Evasion abilities are banned
|rule|Sleep Moves Clause: Sleep-inducing moves are banned
|clearpoke
|poke|p1|Haxorus, M|
|poke|p1|Corviknight, M|
|poke|p1|Bronzong|
|poke|p1|Moltres|
|poke|p1|Darkrai|
|poke|p1|Pecharunt|
|poke|p2|Pelipper, M|
|poke|p2|Barraskewda, M|
|poke|p2|Kingdra, M|
|poke|p2|Raging Bolt|
|poke|p2|Kingambit, F|
|poke|p2|Zamazenta-*|
|teampreview
|inactive|Battle timer is ON: inactive players will automatically lose when time's up. (requested by ChiefTriceracop)
|
|t:|1776104628
|teamsize|p1|6
|teamsize|p2|6
|start
|switch|p1a: Bronzong|Bronzong|100/100
|switch|p2a: Pelipper|Pelipper, M, shiny|100/100
|-weather|RainDance|[from] ability: Drizzle|[of] p2a: Pelipper
|turn|1
|
|t:|1776104652
|switch|p2a: Raging Bolt|Raging Bolt|100/100
|move|p1a: Bronzong|Stealth Rock|p2a: Raging Bolt
|-sidestart|p2: Dragonzord6|move: Stealth Rock
|
|-weather|RainDance|[upkeep]
|upkeep
|turn|2
|inactive|ChiefTriceracop has 120 seconds left.
|
|t:|1776104684
|move|p2a: Raging Bolt|Thunder|p1a: Bronzong
|-damage|p1a: Bronzong|58/100
|move|p1a: Bronzong|Psychic Noise|p2a: Raging Bolt
|-damage|p2a: Raging Bolt|88/100
|-start|p2a: Raging Bolt|move: Heal Block
|
|-weather|RainDance|[upkeep]
|-heal|p1a: Bronzong|65/100|[from] item: Leftovers
|upkeep
|turn|3
|inactive|ChiefTriceracop has 120 seconds left.
|
|t:|1776104698
|move|p1a: Bronzong|Protect|p1a: Bronzong
|-singleturn|p1a: Bronzong|Protect
|move|p2a: Raging Bolt|Weather Ball|p1a: Bronzong
|-activate|p1a: Bronzong|move: Protect
|
|-weather|RainDance|[upkeep]
|-heal|p1a: Bronzong|71/100|[from] item: Leftovers
|-end|p2a: Raging Bolt|move: Heal Block
|upkeep
|turn|4
|
|t:|1776104707
|move|p2a: Raging Bolt|Thunder|p1a: Bronzong
|-damage|p1a: Bronzong|25/100
|move|p1a: Bronzong|Psychic Noise|p2a: Raging Bolt
|-damage|p2a: Raging Bolt|75/100
|-start|p2a: Raging Bolt|move: Heal Block
|
|-weather|RainDance|[upkeep]
|-heal|p1a: Bronzong|31/100|[from] item: Leftovers
|upkeep
|turn|5
|
|t:|1776104718
|move|p2a: Raging Bolt|Thunder|p1a: Bronzong
|-damage|p1a: Bronzong|0 fnt
|faint|p1a: Bronzong
|
|-weather|RainDance|[upkeep]
|-end|p2a: Raging Bolt|move: Heal Block
|upkeep
|
|t:|1776104721
|switch|p1a: Darkrai|Darkrai|100/100
|turn|6
|
|t:|1776104730
|move|p1a: Darkrai|Ice Beam|p2a: Raging Bolt
|-supereffective|p2a: Raging Bolt
|-damage|p2a: Raging Bolt|40/100
|move|p2a: Raging Bolt|Thunder|p1a: Darkrai
|-damage|p1a: Darkrai|12/100
|
|-weather|RainDance|[upkeep]
|upkeep
|turn|7
|
|t:|1776104741
|move|p2a: Raging Bolt|Thunderclap||[still]
|-fail|p2a: Raging Bolt
|move|p1a: Darkrai|Will-O-Wisp|p2a: Raging Bolt
|-status|p2a: Raging Bolt|brn
|
|-weather|RainDance|[upkeep]
|-damage|p2a: Raging Bolt|34/100 brn|[from] brn
|upkeep
|turn|8
|
|t:|1776104750
|move|p1a: Darkrai|Will-O-Wisp|p2a: Raging Bolt
|-fail|p2a: Raging Bolt|brn
|move|p2a: Raging Bolt|Weather Ball|p1a: Darkrai
|-damage|p1a: Darkrai|0 fnt
|faint|p1a: Darkrai
|
|-weather|none
|-damage|p2a: Raging Bolt|28/100 brn|[from] brn
|upkeep
|
|t:|1776104762
|switch|p1a: Haxorus|Haxorus, M|100/100
|-ability|p1a: Haxorus|Mold Breaker
|turn|9
|
|t:|1776104780
|-terastallize|p2a: Raging Bolt|Fairy
|move|p1a: Haxorus|Earthquake|p2a: Raging Bolt
|-damage|p2a: Raging Bolt|0 fnt
|faint|p2a: Raging Bolt
|-end|p2a: Raging Bolt|Protosynthesis|[silent]
|
|upkeep
|
|t:|1776104786
|switch|p2a: Pelipper|Pelipper, M, shiny|100/100
|-damage|p2a: Pelipper|76/100|[from] Stealth Rock
|-weather|RainDance|[from] ability: Drizzle|[of] p2a: Pelipper
|turn|10
|
|t:|1776104792
|move|p1a: Haxorus|Dragon Dance|p1a: Haxorus
|-boost|p1a: Haxorus|atk|1
|-boost|p1a: Haxorus|spe|1
|move|p2a: Pelipper|U-turn|p1a: Haxorus
|-crit|p1a: Haxorus
|-damage|p1a: Haxorus|84/100
|
|t:|1776104806
|switch|p2a: Kingdra|Kingdra, M, shiny|100/100|[from] U-turn
|-damage|p2a: Kingdra|88/100|[from] Stealth Rock
|
|-weather|RainDance|[upkeep]
|upkeep
|turn|11
|
|t:|1776104821
|-terastallize|p1a: Haxorus|Steel
|move|p2a: Kingdra|Weather Ball|p1a: Haxorus
|-damage|p1a: Haxorus|0 fnt
|faint|p1a: Haxorus
|
|-weather|RainDance|[upkeep]
|upkeep
|-message|ChiefTriceracop forfeited.
|
|win|Dragonzord6
|raw|ChiefTriceracop's rating: 1487 &rarr; <strong>1463</strong><br />(-24 for losing)
|raw|Dragonzord6's rating: 1425 &rarr; <strong>1449</strong><br />(+24 for winning)
|l|☆ChiefTriceracop
|player|p1|
