|html|<div class="broadcast-blue"><strong>[Gen 9] OU is currently suspecting Tera Blast! For information on how to participate check out the <a href="https://www.smogon.com/tools/suspects/view/200">suspect thread</a>.</strong></div>
|j|☆Exilos
|j|☆oijughjk
|t:|1776057597
|gametype|singles
|player|p1|Exilos|iono-masters|1157
|player|p2|oijughjk|shauntal|1172
|gen|9
|tier|[Gen 9] OU
|rated|
|rule|HP Percentage Mod: HP is shown in percentages
|rule|Endless Battle Clause: Forcing endless battles is banned
|rule|Species Clause: Limit one of each Pokémon
|rule|OHKO Clause: OHKO moves are banned
|rule|Evasion Items Clause: Evasion items are banned
|rule|Evasion Moves Clause: Evasion moves are banned
|rule|Evasion Abilities Clause: Evasion abilities are banned
|rule|Sleep Moves Clause: Sleep-inducing moves are banned
|clearpoke
|poke|p1|Pecharunt|
|poke|p1|Mew|
|poke|p1|Iron Valiant|
|poke|p1|Bellibolt, F|
|poke|p1|Dragonite, F|
|poke|p1|Zamazenta-*|
|poke|p2|Samurott-Hisui, M|
|poke|p2|Dragapult, M|
|poke|p2|Kingambit, F|
|poke|p2|Great Tusk|
|poke|p2|Iron Valiant|
|poke|p2|Iron Crown|
|teampreview
|inactive|Battle timer is ON: inactive players will automatically lose when time's up. (requested by Exilos)
|inactive|oijughjk has 120 seconds left.
|
|t:|1776057651
|teamsize|p1|6
|teamsize|p2|6
|start
|switch|p1a: Pecharunt|Pecharunt|100/100
|switch|p2a: Dragapult|Dragapult, M, shiny|100/100
|turn|1
|
|t:|1776057679
|move|p2a: Dragapult|Shadow Ball|p1a: Pecharunt
|-supereffective|p1a: Pecharunt
|-damage|p1a: Pecharunt|0 fnt
|faint|p1a: Pecharunt
|
|upkeep
|
|t:|1776057689
|switch|p1a: Bellibolt|Bellibolt, F|100/100
|turn|2
|
|t:|1776057706
|move|p2a: Dragapult|Shadow Ball|p1a: Bellibolt
|-damage|p1a: Bellibolt|65/100
|-unboost|p1a: Bellibolt|spd|1
|-start|p1a: Bellibolt|Charge|Shadow Ball|[from] ability: Electromorphosis
|move|p1a: Bellibolt|Chilling Water|p2a: Dragapult
|-resisted|p2a: Dragapult
|-damage|p2a: Dragapult|92/100
|-unboost|p2a: Dragapult|atk|1
|
|upkeep
|turn|3
|
|t:|1776057721
|move|p2a: Dragapult|Shadow Ball|p1a: Bellibolt
|-damage|p1a: Bellibolt|7/100
|-start|p1a: Bellibolt|Charge|Shadow Ball|[from] ability: Electromorphosis
|move|p1a: Bellibolt|Discharge|p2a: Dragapult
|-resisted|p2a: Dragapult
|-damage|p2a: Dragapult|55/100
|-end|p1a: Bellibolt|Charge|[silent]
|
|upkeep
|turn|4
|
|t:|1776057736
|move|p2a: Dragapult|Shadow Ball|p1a: Bellibolt
|-damage|p1a: Bellibolt|0 fnt
|faint|p1a: Bellibolt
|
|upkeep
|
|t:|1776057738
|switch|p1a: Zamazenta|Zamazenta|100/100
|-ability|p1a: Zamazenta|Dauntless Shield|boost
|-boost|p1a: Zamazenta|def|1
|turn|5
|
|t:|1776057763
|move|p1a: Zamazenta|Crunch|p2a: Dragapult
|-supereffective|p2a: Dragapult
|-damage|p2a: Dragapult|0 fnt
|faint|p2a: Dragapult
|
|upkeep
|inactive|oijughjk has 120 seconds left.
|
|t:|1776057776
|switch|p2a: Iron Valiant|Iron Valiant, shiny|100/100
|-enditem|p2a: Iron Valiant|Booster Energy
|-activate|p2a: Iron Valiant|ability: Quark Drive|[fromitem]
|-start|p2a: Iron Valiant|quarkdrivespe
|turn|6
|inactive|oijughjk has 120 seconds left.
|
|t:|1776057789
|move|p2a: Iron Valiant|Moonblast|p1a: Zamazenta
|-supereffective|p1a: Zamazenta
|-damage|p1a: Zamazenta|54/100
|move|p1a: Zamazenta|Heavy Slam|p2a: Iron Valiant
|-supereffective|p2a: Iron Valiant
|-damage|p2a: Iron Valiant|0 fnt
|faint|p2a: Iron Valiant
|-end|p2a: Iron Valiant|Quark Drive|[silent]
|
|upkeep
|inactive|oijughjk has 120 seconds left.
|
|t:|1776057802
|switch|p2a: Iron Crown|Iron Crown|100/100
|turn|7
|inactive|oijughjk has 120 seconds left.
|
|t:|1776057808
|move|p1a: Zamazenta|Crunch|p2a: Iron Crown
|-supereffective|p2a: Iron Crown
|-damage|p2a: Iron Crown|44/100
|move|p2a: Iron Crown|Psychic Noise|p1a: Zamazenta
|-supereffective|p1a: Zamazenta
|-damage|p1a: Zamazenta|5/100
|-start|p1a: Zamazenta|move: Heal Block
|
|upkeep
|turn|8
|inactive|oijughjk has 120 seconds left.
|
|t:|1776057820
|-terastallize|p2a: Iron Crown|Fighting
|move|p1a: Zamazenta|Crunch|p2a: Iron Crown
|-resisted|p2a: Iron Crown
|-damage|p2a: Iron Crown|30/100
|move|p2a: Iron Crown|Psychic Noise|p1a: Zamazenta
|-supereffective|p1a: Zamazenta
|-damage|p1a: Zamazenta|0 fnt
|faint|p1a: Zamazenta
|
|upkeep
|
|t:|1776057832
|switch|p1a: Iron Valiant|Iron Valiant|100/100
|-enditem|p1a: Iron Valiant|Booster Energy
|-activate|p1a: Iron Valiant|ability: Quark Drive|[fromitem]
|-start|p1a: Iron Valiant|quarkdrivespe
|turn|9
|inactive|oijughjk has 120 seconds left.
|
|t:|1776057853
|move|p1a: Iron Valiant|Moonblast|p2a: Iron Crown
|-supereffective|p2a: Iron Crown
|-damage|p2a: Iron Crown|0 fnt
|faint|p2a: Iron Crown
|-end|p2a: Iron Crown|Quark Drive|[silent]
|
|upkeep
|
|t:|1776057869
|switch|p2a: Kingambit|Kingambit, F|100/100
|-activate|p2a: Kingambit|ability: Supreme Overlord
|-start|p2a: Kingambit|fallen3|[silent]
|-item|p2a: Kingambit|Air Balloon
|turn|10
|
|t:|1776057884
|move|p1a: Iron Valiant|Moonblast|p2a: Kingambit
|-damage|p2a: Kingambit|45/100
|-enditem|p2a: Kingambit|Air Balloon
|move|p2a: Kingambit|Iron Head|p1a: Iron Valiant
|-supereffective|p1a: Iron Valiant
|-damage|p1a: Iron Valiant|0 fnt
|faint|p1a: Iron Valiant
|-end|p1a: Iron Valiant|Quark Drive|[silent]
|
|upkeep
|
|t:|1776057891
|switch|p1a: Mew|Mew, shiny|100/100
|turn|11
|
|t:|1776057904
|-terastallize|p1a: Mew|Fairy
|move|p1a: Mew|Close Combat|p2a: Kingambit
|-supereffective|p2a: Kingambit
|-damage|p2a: Kingambit|0 fnt
|-unboost|p1a: Mew|def|1
|-unboost|p1a: Mew|spd|1
|faint|p2a: Kingambit
|-end|p2a: Kingambit|fallen3|[silent]
|
|upkeep
|
|t:|1776057914
|switch|p2a: Great Tusk|Great Tusk|100/100
|turn|12
|
|t:|1776057928
|switch|p1a: Dragonite|Dragonite, F|100/100
|move|p2a: Great Tusk|Bulk Up|p2a: Great Tusk
|-boost|p2a: Great Tusk|atk|1
|-boost|p2a: Great Tusk|def|1
|
|upkeep
|turn|13
|
|t:|1776057947
|move|p2a: Great Tusk|Ice Spinner|p1a: Dragonite
|-supereffective|p1a: Dragonite
|-damage|p1a: Dragonite|31/100
|move|p1a: Dragonite|Dragon Tail|p2a: Great Tusk
|-damage|p2a: Great Tusk|89/100
|-end|p2a: Great Tusk|Protosynthesis|[silent]
|drag|p2a: Samurott|Samurott-Hisui, M, shiny|100/100
|
|upkeep
|turn|14
|inactive|oijughjk has 90 seconds left.
|inactive|oijughjk has 60 seconds left.
|
|t:|1776058008
|move|p1a: Dragonite|Extreme Speed|p2a: Samurott
|-damage|p2a: Samurott|68/100
|move|p2a: Samurott|Knock Off|p1a: Dragonite
|-damage|p1a: Dragonite|0 fnt
|-enditem|p1a: Dragonite|Heavy-Duty Boots|[from] move: Knock Off|[of] p2a: Samurott
|faint|p1a: Dragonite
|
|upkeep
|
|t:|1776058015
|switch|p1a: Mew|Mew, shiny, tera:Fairy|100/100
|turn|15
|
|t:|1776058022
|move|p1a: Mew|Close Combat|p2a: Samurott
|-supereffective|p2a: Samurott
|-damage|p2a: Samurott|0 fnt
|-unboost|p1a: Mew|def|1
|-unboost|p1a: Mew|spd|1
|faint|p2a: Samurott
|
|upkeep
|
|t:|1776058028
|switch|p2a: Great Tusk|Great Tusk|89/100
|turn|16
|inactive|oijughjk has 60 seconds left.
|
|t:|1776058054
|move|p1a: Mew|Close Combat|p2a: Great Tusk
|-damage|p2a: Great Tusk|69/100
|-unboost|p1a: Mew|def|1
|-unboost|p1a: Mew|spd|1
|move|p2a: Great Tusk|Bulk Up|p2a: Great Tusk
|-boost|p2a: Great Tusk|atk|1
|-boost|p2a: Great Tusk|def|1
|
|-heal|p2a: Great Tusk|75/100|[from] item: Leftovers
|upkeep
|turn|17
|
|t:|1776058063
|move|p1a: Mew|Close Combat|p2a: Great Tusk
|-damage|p2a: Great Tusk|62/100
|-unboost|p1a: Mew|def|1
|-unboost|p1a: Mew|spd|1
|move|p2a: Great Tusk|Earthquake|p1a: Mew
|-damage|p1a: Mew|0 fnt
|faint|p1a: Mew
|
|win|oijughjk
|raw|Exilos's rating: 1157 &rarr; <strong>1133</strong><br />(-24 for losing)
|raw|oijughjk's rating: 1172 &rarr; <strong>1196</strong><br />(+24 for winning)
|l|☆Exilos
|player|p1|
|l|☆oijughjk
|player|p2|
