|html|<div class="broadcast-blue"><strong>[Gen 9] OU is currently suspecting Tera Blast! For information on how to participate check out the <a href="https://www.smogon.com/tools/suspects/view/200">suspect thread</a>.</strong></div>
|j|☆samsung television
|j|☆GGS_Chuddius
|t:|1776059401
|gametype|singles
|player|p1|samsung television|pokemonranger|1386
|player|p2|GGS_Chuddius|1|1407
|gen|9
|tier|[Gen 9] OU
|rated|
|rule|HP Percentage Mod: HP is shown in percentages
|rule|Endless Battle Clause: Forcing endless battles is banned
|rule|Species Clause: Limit one of each Pokémon
|rule|OHKO Clause: OHKO moves are banned
|rule|Evasion Items Clause: Evasion items are banned
|rule|Evasion Moves Clause: Evasion moves are banned
|rule|Evasion Abilities Clause: Evasion abilities are banned
|rule|Sleep Moves Clause: Sleep-inducing moves are banned
|clearpoke
|poke|p1|Cinderace, M|
|poke|p1|Dragapult, F|
|poke|p1|Ting-Lu|
|poke|p1|Ogerpon, F|
|poke|p1|Slowking-Galar, M|
|poke|p1|Zapdos|
|poke|p2|Dondozo, M|
|poke|p2|Blissey, F|
|poke|p2|Corviknight, F|
|poke|p2|Gliscor, F|
|poke|p2|Toxapex, M|
|poke|p2|Weezing-Galar, M|
|teampreview
|
|t:|1776059429
|teamsize|p1|6
|teamsize|p2|6
|start
|switch|p1a: Ogerpon|Ogerpon, F|100/100
|switch|p2a: Blissey|Blissey, F|100/100
|turn|1
|
|t:|1776059443
|switch|p2a: Corviknight|Corviknight, F|100/100
|-ability|p2a: Corviknight|Pressure
|move|p1a: Ogerpon|Knock Off|p2a: Corviknight
|-damage|p2a: Corviknight|81/100
|-enditem|p2a: Corviknight|Leftovers|[from] move: Knock Off|[of] p1a: Ogerpon
|
|upkeep
|turn|2
|
|t:|1776059453
|move|p1a: Ogerpon|U-turn|p2a: Corviknight
|-resisted|p2a: Corviknight
|-damage|p2a: Corviknight|77/100
|
|t:|1776059456
|switch|p1a: Cinderace|Cinderace, M|100/100|[from] U-turn
|move|p2a: Corviknight|Iron Defense|p2a: Corviknight
|-boost|p2a: Corviknight|def|2
|
|upkeep
|turn|3
|
|t:|1776059462
|switch|p2a: Dondozo|Dondozo, M|100/100
|move|p1a: Cinderace|U-turn|p2a: Dondozo
|-start|p1a: Cinderace|typechange|Bug|[from] ability: Libero
|-damage|p2a: Dondozo|86/100
|
|t:|1776059474
|switch|p1a: Zapdos|Zapdos, shiny|100/100|[from] U-turn
|
|-heal|p2a: Dondozo|92/100|[from] item: Leftovers
|upkeep
|turn|4
|inactive|Battle timer is ON: inactive players will automatically lose when time's up. (requested by GGS_Chuddius)
|
|t:|1776059509
|switch|p1a: Dragapult|Dragapult, F|100/100
|switch|p2a: Blissey|Blissey, F|100/100
|
|upkeep
|turn|5
|
|t:|1776059516
|move|p1a: Dragapult|Dragon Darts|p2a: Blissey
|-damage|p2a: Blissey|77/100
|-anim|p1a: Dragapult|Dragon Darts|p2a: Blissey
|-damage|p2a: Blissey|55/100
|move|p2a: Blissey|Stealth Rock|p1a: Dragapult
|-sidestart|p1: samsung television|move: Stealth Rock
|
|-heal|p2a: Blissey|62/100|[from] item: Leftovers
|upkeep
|turn|6
|
|t:|1776059525
|move|p1a: Dragapult|U-turn|p2a: Blissey
|-damage|p2a: Blissey|40/100
|
|t:|1776059528
|switch|p1a: Cinderace|Cinderace, M|100/100|[from] U-turn
|move|p2a: Blissey|Soft-Boiled|p2a: Blissey
|-heal|p2a: Blissey|90/100
|
|-heal|p2a: Blissey|96/100|[from] item: Leftovers
|upkeep
|turn|7
|
|t:|1776059536
|switch|p2a: Dondozo|Dondozo, M|92/100
|move|p1a: Cinderace|Pyro Ball|p2a: Dondozo
|-resisted|p2a: Dondozo
|-damage|p2a: Dondozo|79/100
|
|-heal|p2a: Dondozo|85/100|[from] item: Leftovers
|upkeep
|turn|8
|
|t:|1776059547
|move|p1a: Cinderace|U-turn|p2a: Dondozo
|-start|p1a: Cinderace|typechange|Bug|[from] ability: Libero
|-damage|p2a: Dondozo|69/100
|
|t:|1776059550
|switch|p1a: Slowking|Slowking-Galar, M|100/100|[from] U-turn
|move|p2a: Dondozo|Body Press|p1a: Slowking
|-resisted|p1a: Slowking
|-damage|p1a: Slowking|93/100
|
|-heal|p2a: Dondozo|76/100|[from] item: Leftovers
|upkeep
|turn|9
|
|t:|1776059565
|switch|p2a: Blissey|Blissey, F|96/100
|move|p1a: Slowking|Future Sight|p2a: Blissey
|-start|p1a: Slowking|move: Future Sight
|
|-heal|p2a: Blissey|100/100|[from] item: Leftovers
|upkeep
|turn|10
|
|t:|1776059576
|move|p2a: Blissey|Seismic Toss|p1a: Slowking
|-damage|p1a: Slowking|68/100
|-prepare|p1a: Slowking|Chilly Reception|[premajor]
|move|p1a: Slowking|Chilly Reception|p1a: Slowking
|-weather|Snowscape
|
|t:|1776059591
|switch|p1a: Cinderace|Cinderace, M|100/100|[from] Chilly Reception
|
|-weather|Snowscape|[upkeep]
|upkeep
|turn|11
|inactive|GGS_Chuddius has 120 seconds left.
|
|t:|1776059637
|switch|p2a: Dondozo|Dondozo, M|76/100
|move|p1a: Cinderace|Gunk Shot|p2a: Dondozo|[miss]
|-start|p1a: Cinderace|typechange|Poison|[from] ability: Libero
|-miss|p1a: Cinderace|p2a: Dondozo
|
|-weather|Snowscape|[upkeep]
|-end|p2a: Dondozo|move: Future Sight
|-damage|p2a: Dondozo|34/100
|-heal|p2a: Dondozo|41/100|[from] item: Leftovers
|upkeep
|turn|12
|
|t:|1776059649
|move|p1a: Cinderace|Court Change|p1a: Cinderace
|-swapsideconditions
|-activate|p1a: Cinderace|move: Court Change
|move|p2a: Dondozo|Rest|p2a: Dondozo
|-status|p2a: Dondozo|slp|[from] move: Rest
|-heal|p2a: Dondozo|100/100 slp|[silent]
|
|-weather|Snowscape|[upkeep]
|upkeep
|turn|13
|
|t:|1776059658
|move|p1a: Cinderace|U-turn|p2a: Dondozo
|-damage|p2a: Dondozo|90/100 slp
|
|t:|1776059660
|switch|p1a: Slowking|Slowking-Galar, M|100/100|[from] U-turn
|cant|p2a: Dondozo|slp
|move|p2a: Dondozo|Sleep Talk|p2a: Dondozo
|move|p2a: Dondozo|Body Press|p1a: Slowking|[from] move: Sleep Talk
|-resisted|p1a: Slowking
|-damage|p1a: Slowking|94/100
|
|-weather|Snowscape|[upkeep]
|-heal|p2a: Dondozo|96/100 slp|[from] item: Leftovers
|upkeep
|turn|14
|inactive|GGS_Chuddius has 120 seconds left.
|
|t:|1776059679
|switch|p2a: Blissey|Blissey, F|100/100
|-damage|p2a: Blissey|88/100|[from] Stealth Rock
|move|p1a: Slowking|Future Sight|p2a: Blissey
|-start|p1a: Slowking|move: Future Sight
|
|-weather|none
|-heal|p2a: Blissey|94/100|[from] item: Leftovers
|upkeep
|turn|15
|
|t:|1776059689
|move|p2a: Blissey|Seismic Toss|p1a: Slowking
|-damage|p1a: Slowking|68/100
|-prepare|p1a: Slowking|Chilly Reception|[premajor]
|move|p1a: Slowking|Chilly Reception|p1a: Slowking
|-weather|Snowscape
|
|t:|1776059693
|switch|p1a: Cinderace|Cinderace, M|100/100|[from] Chilly Reception
|
|-weather|Snowscape|[upkeep]
|-heal|p2a: Blissey|100/100|[from] item: Leftovers
|upkeep
|turn|16
|inactive|GGS_Chuddius has 120 seconds left.
|
|t:|1776059705
|switch|p2a: Gliscor|Gliscor, F|100/100
|-damage|p2a: Gliscor|88/100|[from] Stealth Rock
|move|p1a: Cinderace|Gunk Shot|p2a: Gliscor
|-start|p1a: Cinderace|typechange|Poison|[from] ability: Libero
|-resisted|p2a: Gliscor
|-damage|p2a: Gliscor|63/100
|
|-weather|Snowscape|[upkeep]
|-end|p2a: Gliscor|move: Future Sight
|-damage|p2a: Gliscor|22/100
|-status|p2a: Gliscor|tox|[from] item: Toxic Orb
|upkeep
|turn|17
|inactive|GGS_Chuddius has 120 seconds left.
|
|t:|1776059718
|move|p2a: Gliscor|Protect|p2a: Gliscor
|-singleturn|p2a: Gliscor|Protect
|move|p1a: Cinderace|Pyro Ball|p2a: Gliscor
|-activate|p2a: Gliscor|move: Protect
|
|-weather|Snowscape|[upkeep]
|-heal|p2a: Gliscor|35/100 tox|[from] ability: Poison Heal
|upkeep
|turn|18
|inactive|GGS_Chuddius has 120 seconds left.
|
|t:|1776059753
|-terastallize|p1a: Cinderace|Fire
|move|p1a: Cinderace|Pyro Ball|p2a: Gliscor
|-damage|p2a: Gliscor|0 fnt
|faint|p2a: Gliscor
|
|-weather|Snowscape|[upkeep]
|upkeep
|-message|GGS_Chuddius forfeited.
|
|win|samsung television
|raw|samsung television's rating: 1386 &rarr; <strong>1407</strong><br />(+21 for winning)
|raw|GGS_Chuddius's rating: 1407 &rarr; <strong>1386</strong><br />(-21 for losing)
|l|☆GGS_Chuddius
|player|p2|
