|html|<div class="broadcast-blue"><strong>[Gen 9] OU is currently suspecting Tera Blast! For information on how to participate check out the <a href="https://www.smogon.com/tools/suspects/view/200">suspect thread</a>.</strong></div>
|j|☆KnightKnaveSpy
|j|☆rekka auto
|t:|1776063945
|gametype|singles
|player|p1|KnightKnaveSpy|2|1583
|player|p2|rekka auto|drayden|1616
|gen|9
|tier|[Gen 9] OU
|rated|
|rule|HP Percentage Mod: HP is shown in percentages
|rule|Endless Battle Clause: Forcing endless battles is banned
|rule|Species Clause: Limit one of each Pokémon
|rule|OHKO Clause: OHKO moves are banned
|rule|Evasion Items Clause: Evasion items are banned
|rule|Evasion Moves Clause: Evasion moves are banned
|rule|Evasion Abilities Clause: Evasion abilities are banned
|rule|Sleep Moves Clause: Sleep-inducing moves are banned
|clearpoke
|poke|p1|Samurott-Hisui, F|
|poke|p1|Blaziken, M|
|poke|p1|Kingambit, M|
|poke|p1|Raging Bolt|
|poke|p1|Ogerpon-Wellspring, F|
|poke|p1|Greninja-*, M|
|poke|p2|Rotom-Wash|
|poke|p2|Meowscarada, F|
|poke|p2|Ting-Lu|
|poke|p2|Gholdengo|
|poke|p2|Comfey, F|
|poke|p2|Dragonite, M|
|teampreview
|inactive|Battle timer is ON: inactive players will automatically lose when time's up. (requested by rekka auto)
|
|t:|1776063954
|teamsize|p1|6
|teamsize|p2|6
|start
|switch|p1a: Samurott|Samurott-Hisui, F|100/100
|switch|p2a: Meowscarada|Meowscarada, F|100/100
|turn|1
|
|t:|1776063956
|move|p2a: Meowscarada|U-turn|p1a: Samurott
|-start|p2a: Meowscarada|typechange|Bug|[from] ability: Protean
|-supereffective|p1a: Samurott
|-damage|p1a: Samurott|23/100
|
|t:|1776063962
|switch|p2a: Rotom|Rotom-Wash|100/100|[from] U-turn
|move|p1a: Samurott|Ceaseless Edge|p2a: Rotom
|-damage|p2a: Rotom|45/100
|-sidestart|p2: rekka auto|Spikes
|
|upkeep
|turn|2
|
|t:|1776063968
|move|p2a: Rotom|Volt Switch|p1a: Samurott
|-supereffective|p1a: Samurott
|-damage|p1a: Samurott|0 fnt
|faint|p1a: Samurott
|
|t:|1776063978
|switch|p2a: Dragonite|Dragonite, M|100/100|[from] Volt Switch
|
|upkeep
|
|t:|1776063982
|switch|p1a: Ogerpon|Ogerpon-Wellspring, F|100/100
|turn|3
|
|t:|1776063988
|move|p1a: Ogerpon|U-turn|p2a: Dragonite
|-resisted|p2a: Dragonite
|-damage|p2a: Dragonite|93/100
|
|t:|1776063991
|switch|p1a: Raging Bolt|Raging Bolt|100/100|[from] U-turn
|-item|p1a: Raging Bolt|Air Balloon
|move|p2a: Dragonite|Dragon Dance|p2a: Dragonite
|-boost|p2a: Dragonite|atk|1
|-boost|p2a: Dragonite|spe|1
|
|upkeep
|turn|4
|
|t:|1776064004
|move|p2a: Dragonite|Extreme Speed|p1a: Raging Bolt
|-damage|p1a: Raging Bolt|65/100
|-enditem|p1a: Raging Bolt|Air Balloon
|move|p1a: Raging Bolt|Draco Meteor|p2a: Dragonite
|-supereffective|p2a: Dragonite
|-damage|p2a: Dragonite|0 fnt
|-unboost|p1a: Raging Bolt|spa|2
|faint|p2a: Dragonite
|
|upkeep
|
|t:|1776064017
|switch|p2a: Ting-Lu|Ting-Lu|100/100
|-damage|p2a: Ting-Lu|88/100|[from] Spikes
|-ability|p2a: Ting-Lu|Vessel of Ruin
|turn|5
|
|t:|1776064019
|-end|p1a: Raging Bolt|Protosynthesis|[silent]
|switch|p1a: Ogerpon|Ogerpon-Wellspring, F|100/100
|move|p2a: Ting-Lu|Stealth Rock|p1a: Ogerpon
|-sidestart|p1: KnightKnaveSpy|move: Stealth Rock
|
|-heal|p2a: Ting-Lu|94/100|[from] item: Leftovers
|upkeep
|turn|6
|
|t:|1776064022
|move|p1a: Ogerpon|Ivy Cudgel|p2a: Ting-Lu|[anim] Ivy Cudgel Water
|-supereffective|p2a: Ting-Lu
|-damage|p2a: Ting-Lu|25/100
|move|p2a: Ting-Lu|Spikes|p1a: Ogerpon
|-sidestart|p1: KnightKnaveSpy|Spikes
|
|-heal|p2a: Ting-Lu|32/100|[from] item: Leftovers
|upkeep
|turn|7
|
|t:|1776064027
|move|p1a: Ogerpon|Ivy Cudgel|p2a: Ting-Lu|[anim] Ivy Cudgel Water
|-supereffective|p2a: Ting-Lu
|-crit|p2a: Ting-Lu
|-damage|p2a: Ting-Lu|0 fnt
|faint|p2a: Ting-Lu
|
|upkeep
|
|t:|1776064030
|switch|p2a: Meowscarada|Meowscarada, F|100/100
|turn|8
|
|t:|1776064040
|switch|p1a: Blaziken|Blaziken, M|100/100
|-damage|p1a: Blaziken|88/100|[from] Stealth Rock
|-damage|p1a: Blaziken|76/100|[from] Spikes
|move|p2a: Meowscarada|U-turn|p1a: Blaziken
|-start|p2a: Meowscarada|typechange|Bug|[from] ability: Protean
|-resisted|p1a: Blaziken
|-damage|p1a: Blaziken|63/100
|
|t:|1776064047
|switch|p2a: Comfey|Comfey, F|100/100|[from] U-turn
|-damage|p2a: Comfey|88/100|[from] Spikes
|
|-heal|p1a: Blaziken|69/100|[from] item: Leftovers
|upkeep
|turn|9
|
|t:|1776064050
|move|p1a: Blaziken|Flare Blitz|p2a: Comfey
|-damage|p2a: Comfey|15/100
|-damage|p1a: Blaziken|44/100|[from] Recoil
|move|p2a: Comfey|Calm Mind|p2a: Comfey
|-boost|p2a: Comfey|spa|1
|-boost|p2a: Comfey|spd|1
|
|-heal|p1a: Blaziken|50/100|[from] item: Leftovers
|-ability|p1a: Blaziken|Speed Boost|boost
|-boost|p1a: Blaziken|spe|1
|upkeep
|turn|10
|
|t:|1776064053
|move|p2a: Comfey|Draining Kiss|p1a: Blaziken
|-damage|p1a: Blaziken|0 fnt
|-heal|p2a: Comfey|52/100|[from] drain|[of] p1a: Blaziken
|faint|p1a: Blaziken
|-damage|p2a: Comfey|42/100|[from] item: Life Orb
|
|upkeep
|
|t:|1776064055
|switch|p1a: Kingambit|Kingambit, M|100/100
|-damage|p1a: Kingambit|94/100|[from] Stealth Rock
|-damage|p1a: Kingambit|82/100|[from] Spikes
|-activate|p1a: Kingambit|ability: Supreme Overlord
|-start|p1a: Kingambit|fallen2|[silent]
|turn|11
|
|t:|1776064062
|-terastallize|p2a: Comfey|Ground
|-terastallize|p1a: Kingambit|Ghost
|move|p2a: Comfey|Tera Blast|p1a: Kingambit|[anim] Tera Blast Ground
|-damage|p1a: Kingambit|23/100
|-damage|p2a: Comfey|32/100|[from] item: Life Orb
|move|p1a: Kingambit|Iron Head|p2a: Comfey
|-damage|p2a: Comfey|0 fnt
|faint|p2a: Comfey
|
|upkeep
|
|t:|1776064069
|switch|p2a: Meowscarada|Meowscarada, F|100/100
|turn|12
|
|t:|1776064087
|move|p1a: Kingambit|Sucker Punch|p2a: Meowscarada
|-resisted|p2a: Meowscarada
|-damage|p2a: Meowscarada|53/100
|move|p2a: Meowscarada|Knock Off|p1a: Kingambit
|-start|p2a: Meowscarada|typechange|Dark|[from] ability: Protean
|-supereffective|p1a: Kingambit
|-damage|p1a: Kingambit|0 fnt
|-enditem|p1a: Kingambit|Dread Plate|[from] move: Knock Off|[of] p2a: Meowscarada
|faint|p1a: Kingambit
|-end|p1a: Kingambit|fallen2|[silent]
|
|upkeep
|
|t:|1776064099
|switch|p1a: Raging Bolt|Raging Bolt|65/100
|-damage|p1a: Raging Bolt|52/100|[from] Stealth Rock
|-damage|p1a: Raging Bolt|40/100|[from] Spikes
|turn|13
|
|t:|1776064104
|move|p2a: Meowscarada|Triple Axel|p1a: Raging Bolt
|-supereffective|p1a: Raging Bolt
|-damage|p1a: Raging Bolt|30/100
|-supereffective|p1a: Raging Bolt
|-damage|p1a: Raging Bolt|10/100
|-supereffective|p1a: Raging Bolt
|-damage|p1a: Raging Bolt|0 fnt
|faint|p1a: Raging Bolt
|-end|p1a: Raging Bolt|Protosynthesis|[silent]
|-hitcount|p1: Raging Bolt|3
|
|upkeep
|-message|KnightKnaveSpy forfeited.
|
|win|rekka auto
|raw|KnightKnaveSpy's rating: 1583 &rarr; <strong>1565</strong><br />(-18 for losing)
|raw|rekka auto's rating: 1616 &rarr; <strong>1634</strong><br />(+18 for winning)
|l|☆KnightKnaveSpy
|player|p1|
|l|☆rekka auto
|player|p2|
