|html|<div class="broadcast-blue"><strong>[Gen 9] OU is currently suspecting Tera Blast! For information on how to participate check out the <a href="https://www.smogon.com/tools/suspects/view/200">suspect thread</a>.</strong></div>
|j|☆waweisi
|j|☆leguilleretsmogogo
|t:|1776175557
|gametype|singles
|player|p1|waweisi|102|1174
|player|p2|leguilleretsmogogo|brendan-gen3|1151
|gen|9
|tier|[Gen 9] OU
|rated|
|rule|HP Percentage Mod: HP is shown in percentages
|rule|Endless Battle Clause: Forcing endless battles is banned
|rule|Species Clause: Limit one of each Pokémon
|rule|OHKO Clause: OHKO moves are banned
|rule|Evasion Items Clause: Evasion items are banned
|rule|Evasion Moves Clause: Evasion moves are banned
|rule|Evasion Abilities Clause: Evasion abilities are banned
|rule|Sleep Moves Clause: Sleep-inducing moves are banned
|clearpoke
|poke|p1|Iron Treads|
|poke|p1|Pelipper, M|
|poke|p1|Mimikyu, F|
|poke|p1|Raging Bolt|
|poke|p1|Clodsire, M|
|poke|p1|Basculegion, M|
|poke|p2|Sableye, M|
|poke|p2|Clodsire, F|
|poke|p2|Metagross|
|poke|p2|Weezing-Galar, M|
|poke|p2|Iron Moth|
|poke|p2|Hawlucha, M|
|teampreview
|inactive|Battle timer is ON: inactive players will automatically lose when time's up. (requested by leguilleretsmogogo)
|inactive|waweisi also wants the timer to be on.
|
|t:|1776175574
|teamsize|p1|6
|teamsize|p2|6
|start
|switch|p1a: 再睡觉一次|Clodsire, M|100/100
|switch|p2a: Iron Moth|Iron Moth|100/100
|-enditem|p2a: Iron Moth|Booster Energy
|-activate|p2a: Iron Moth|ability: Quark Drive|[fromitem]
|-start|p2a: Iron Moth|quarkdrivespe
|turn|1
|
|t:|1776175586
|move|p2a: Iron Moth|Electric Terrain|p2a: Iron Moth
|-fieldstart|move: Electric Terrain
|move|p1a: 再睡觉一次|Stealth Rock|p2a: Iron Moth
|-sidestart|p2: leguilleretsmogogo|move: Stealth Rock
|
|upkeep
|turn|2
|
|t:|1776175593
|move|p2a: Iron Moth|Energy Ball|p1a: 再睡觉一次
|-damage|p1a: 再睡觉一次|79/100
|move|p1a: 再睡觉一次|Toxic|p2a: Iron Moth
|-immune|p2a: Iron Moth
|
|upkeep
|turn|3
|
|t:|1776175600
|move|p2a: Iron Moth|Fiery Dance|p1a: 再睡觉一次
|-damage|p1a: 再睡觉一次|51/100
|-boost|p2a: Iron Moth|spa|1
|move|p1a: 再睡觉一次|Earthquake|p2a: Iron Moth
|-supereffective|p2a: Iron Moth
|-damage|p2a: Iron Moth|0 fnt
|faint|p2a: Iron Moth
|-end|p2a: Iron Moth|Quark Drive|[silent]
|
|upkeep
|
|t:|1776175609
|switch|p2a: Hawlucha|Hawlucha, M|100/100
|-damage|p2a: Hawlucha|88/100|[from] Stealth Rock
|-enditem|p2a: Hawlucha|Electric Seed
|-boost|p2a: Hawlucha|def|1|[from] item: Electric Seed
|turn|4
|
|t:|1776175621
|switch|p1a: 再雨天一次|Pelipper, M|100/100
|-weather|RainDance|[from] ability: Drizzle|[of] p1a: 再雨天一次
|move|p2a: Hawlucha|Acrobatics|p1a: 再雨天一次
|-damage|p1a: 再雨天一次|62/100
|
|-weather|RainDance|[upkeep]
|upkeep
|turn|5
|
|t:|1776175635
|switch|p2a: Thérèse|Clodsire, F|100/100
|-damage|p2a: Thérèse|94/100|[from] Stealth Rock
|move|p1a: 再雨天一次|Roost|p1a: 再雨天一次
|-heal|p1a: 再雨天一次|100/100
|-singleturn|p1a: 再雨天一次|move: Roost
|
|-weather|RainDance|[upkeep]
|-heal|p2a: Thérèse|100/100|[from] item: Black Sludge
|-fieldend|move: Electric Terrain
|upkeep
|turn|6
|
|t:|1776175649
|move|p1a: 再雨天一次|U-turn|p2a: Thérèse
|-resisted|p2a: Thérèse
|-damage|p2a: Thérèse|96/100
|
|t:|1776175655
|switch|p1a: 再旋转一次|Iron Treads|100/100|[from] U-turn
|move|p2a: Thérèse|Toxic|p1a: 再旋转一次
|-immune|p1a: 再旋转一次
|
|-weather|RainDance|[upkeep]
|-heal|p2a: Thérèse|100/100|[from] item: Black Sludge
|upkeep
|turn|7
|
|t:|1776175667
|switch|p2a: Mr.Monopoly|Weezing-Galar, M|100/100
|-damage|p2a: Mr.Monopoly|88/100|[from] Stealth Rock
|move|p1a: 再旋转一次|Ice Spinner|p2a: Mr.Monopoly
|-damage|p2a: Mr.Monopoly|72/100
|-damage|p1a: 再旋转一次|84/100|[from] item: Rocky Helmet|[of] p2a: Mr.Monopoly
|
|-weather|RainDance|[upkeep]
|upkeep
|turn|8
|
|t:|1776175684
|move|p1a: 再旋转一次|Earthquake|p2a: Mr.Monopoly
|-immune|p2a: Mr.Monopoly|[from] ability: Levitate
|move|p2a: Mr.Monopoly|Defog|p1a: 再旋转一次
|-unboost|p1a: 再旋转一次|evasion|1
|-sideend|p2: leguilleretsmogogo|Stealth Rock|[from] move: Defog|[of] p2a: Mr.Monopoly
|
|-weather|RainDance|[upkeep]
|upkeep
|turn|9
|
|t:|1776175695
|move|p1a: 再旋转一次|Iron Head|p2a: Mr.Monopoly
|-supereffective|p2a: Mr.Monopoly
|-damage|p2a: Mr.Monopoly|24/100
|-damage|p1a: 再旋转一次|67/100|[from] item: Rocky Helmet|[of] p2a: Mr.Monopoly
|move|p2a: Mr.Monopoly|Flamethrower|p1a: 再旋转一次
|-supereffective|p1a: 再旋转一次
|-damage|p1a: 再旋转一次|49/100
|
|-weather|RainDance|[upkeep]
|upkeep
|turn|10
|
|t:|1776175712
|move|p1a: 再旋转一次|Iron Head|p2a: Mr.Monopoly
|-supereffective|p2a: Mr.Monopoly
|-damage|p2a: Mr.Monopoly|0 fnt
|-damage|p1a: 再旋转一次|32/100|[from] item: Rocky Helmet|[of] p2a: Mr.Monopoly
|faint|p2a: Mr.Monopoly
|
|-weather|RainDance|[upkeep]
|upkeep
|
|t:|1776175722
|switch|p2a: Hawlucha|Hawlucha, M|88/100
|turn|11
|
|t:|1776175738
|-end|p1a: 再旋转一次|Quark Drive|[silent]
|switch|p1a: 再迅雷一次|Raging Bolt|100/100
|move|p2a: Hawlucha|Swords Dance|p2a: Hawlucha
|-boost|p2a: Hawlucha|atk|2
|
|-weather|none
|upkeep
|turn|12
|
|t:|1776175749
|switch|p2a: Thérèse|Clodsire, F|100/100
|move|p1a: 再迅雷一次|Thunderclap||[still]
|-fail|p1a: 再迅雷一次
|
|upkeep
|turn|13
|
|t:|1776175758
|-end|p1a: 再迅雷一次|Protosynthesis|[silent]
|switch|p1a: 再睡觉一次|Clodsire, M|51/100
|move|p2a: Thérèse|Earthquake|p1a: 再睡觉一次
|-supereffective|p1a: 再睡觉一次
|-damage|p1a: 再睡觉一次|7/100
|
|upkeep
|turn|14
|
|t:|1776175765
|switch|p1a: 再雨天一次|Pelipper, M|100/100
|-weather|RainDance|[from] ability: Drizzle|[of] p1a: 再雨天一次
|move|p2a: Thérèse|Earthquake|p1a: 再雨天一次
|-immune|p1a: 再雨天一次
|
|-weather|RainDance|[upkeep]
|upkeep
|turn|15
|
|t:|1776175775
|move|p1a: 再雨天一次|U-turn|p2a: Thérèse
|-resisted|p2a: Thérèse
|-damage|p2a: Thérèse|96/100
|
|t:|1776175783
|switch|p1a: 再睡觉一次|Clodsire, M|7/100|[from] U-turn
|move|p2a: Thérèse|Toxic|p1a: 再睡觉一次
|-immune|p1a: 再睡觉一次
|
|-weather|RainDance|[upkeep]
|-heal|p2a: Thérèse|100/100|[from] item: Black Sludge
|upkeep
|turn|16
|
|t:|1776175793
|move|p2a: Thérèse|Earthquake|p1a: 再睡觉一次
|-supereffective|p1a: 再睡觉一次
|-damage|p1a: 再睡觉一次|0 fnt
|faint|p1a: 再睡觉一次
|
|-weather|RainDance|[upkeep]
|upkeep
|
|t:|1776175801
|switch|p1a: 再剑舞一次|Mimikyu, F|100/100
|turn|17
|
|t:|1776175825
|switch|p2a: Le Petit Gobelin|Sableye, M|100/100
|-terastallize|p1a: 再剑舞一次|Poison
|move|p1a: 再剑舞一次|Swords Dance|p1a: 再剑舞一次
|-boost|p1a: 再剑舞一次|atk|2
|
|-weather|RainDance|[upkeep]
|upkeep
|turn|18
|
|t:|1776175843
|switch|p1a: 再旋转一次|Iron Treads|32/100
|move|p2a: Le Petit Gobelin|Encore||[still]
|-fail|p2a: Le Petit Gobelin
|
|-weather|RainDance|[upkeep]
|upkeep
|turn|19
|
|t:|1776175855
|move|p1a: 再旋转一次|Iron Head|p2a: Le Petit Gobelin
|-damage|p2a: Le Petit Gobelin|62/100
|-damage|p1a: 再旋转一次|16/100|[from] item: Rocky Helmet|[of] p2a: Le Petit Gobelin
|move|p2a: Le Petit Gobelin|Knock Off|p1a: 再旋转一次
|-damage|p1a: 再旋转一次|0 fnt
|-enditem|p1a: 再旋转一次|Assault Vest|[from] move: Knock Off|[of] p2a: Le Petit Gobelin
|faint|p1a: 再旋转一次
|-end|p1a: 再旋转一次|Quark Drive|[silent]
|
|-weather|RainDance|[upkeep]
|upkeep
|
|t:|1776175868
|switch|p1a: 再迅雷一次|Raging Bolt|100/100
|turn|20
|
|t:|1776175875
|switch|p2a: Thérèse|Clodsire, F|100/100
|move|p1a: 再迅雷一次|Dragon Pulse|p2a: Thérèse
|-damage|p2a: Thérèse|75/100
|
|-weather|RainDance|[upkeep]
|-heal|p2a: Thérèse|82/100|[from] item: Black Sludge
|upkeep
|turn|21
|
|t:|1776175891
|move|p1a: 再迅雷一次|Dragon Pulse|p2a: Thérèse
|-damage|p2a: Thérèse|55/100
|move|p2a: Thérèse|Earthquake|p1a: 再迅雷一次
|-supereffective|p1a: 再迅雷一次
|-damage|p1a: 再迅雷一次|56/100
|
|-weather|none
|-heal|p2a: Thérèse|61/100|[from] item: Black Sludge
|upkeep
|turn|22
|
|t:|1776175900
|-end|p1a: 再迅雷一次|Protosynthesis|[silent]
|switch|p1a: 再雨天一次|Pelipper, M|100/100
|-weather|RainDance|[from] ability: Drizzle|[of] p1a: 再雨天一次
|move|p2a: Thérèse|Recover|p2a: Thérèse
|-heal|p2a: Thérèse|100/100
|
|-weather|RainDance|[upkeep]
|upkeep
|turn|23
|
|t:|1776175909
|move|p1a: 再雨天一次|U-turn|p2a: Thérèse
|-resisted|p2a: Thérèse
|-damage|p2a: Thérèse|96/100
|
|t:|1776175912
|switch|p1a: 再剑舞一次|Mimikyu, F, tera:Poison|100/100|[from] U-turn
|move|p2a: Thérèse|Earthquake|p1a: 再剑舞一次
|-activate|p1a: 再剑舞一次|ability: Disguise
|-damage|p1a: 再剑舞一次|100/100
|detailschange|p1a: 再剑舞一次|Mimikyu-Busted, F, tera:Poison
|-damage|p1a: 再剑舞一次|88/100|[from] pokemon: Mimikyu-Busted
|-enditem|p1a: 再剑舞一次|Red Card|[of] p2a: Thérèse
|drag|p2a: Le Petit Gobelin|Sableye, M|62/100
|
|-weather|RainDance|[upkeep]
|upkeep
|turn|24
|
|t:|1776175926
|move|p1a: 再剑舞一次|Play Rough|p2a: Le Petit Gobelin|[miss]
|-miss|p1a: 再剑舞一次|p2a: Le Petit Gobelin
|move|p2a: Le Petit Gobelin|Knock Off|p1a: 再剑舞一次
|-damage|p1a: 再剑舞一次|61/100
|
|-weather|RainDance|[upkeep]
|upkeep
|turn|25
|
|t:|1776175943
|move|p1a: 再剑舞一次|Play Rough|p2a: Le Petit Gobelin
|-supereffective|p2a: Le Petit Gobelin
|-damage|p2a: Le Petit Gobelin|0 fnt
|-damage|p1a: 再剑舞一次|44/100|[from] item: Rocky Helmet|[of] p2a: Le Petit Gobelin
|faint|p2a: Le Petit Gobelin
|
|-weather|RainDance|[upkeep]
|upkeep
|
|t:|1776175952
|switch|p2a: Thérèse|Clodsire, F|96/100
|turn|26
|
|t:|1776175965
|move|p1a: 再剑舞一次|Destiny Bond|p1a: 再剑舞一次
|-singlemove|p1a: 再剑舞一次|Destiny Bond
|move|p2a: Thérèse|Earthquake|p1a: 再剑舞一次
|-supereffective|p1a: 再剑舞一次
|-damage|p1a: 再剑舞一次|0 fnt
|faint|p1a: 再剑舞一次
|-activate|p1a: 再剑舞一次|move: Destiny Bond
|faint|p2a: Thérèse
|
|-weather|RainDance|[upkeep]
|upkeep
|
|t:|1776175980
|switch|p1a: 再迅雷一次|Raging Bolt|56/100
|switch|p2a: Hawlucha|Hawlucha, M|88/100
|turn|27
|
|t:|1776175993
|switch|p2a: Bulldozer|Metagross, shiny|100/100
|move|p1a: 再迅雷一次|Thunderclap||[still]
|-fail|p1a: 再迅雷一次
|
|-weather|RainDance|[upkeep]
|upkeep
|turn|28
|
|t:|1776176005
|-terastallize|p2a: Bulldozer|Ground
|move|p2a: Bulldozer|Earthquake|p1a: 再迅雷一次
|-supereffective|p1a: 再迅雷一次
|-damage|p1a: 再迅雷一次|0 fnt
|faint|p1a: 再迅雷一次
|-end|p1a: 再迅雷一次|Protosynthesis|[silent]
|-damage|p2a: Bulldozer|91/100|[from] item: Life Orb
|
|-weather|RainDance|[upkeep]
|upkeep
|
|t:|1776176013
|switch|p1a: 再扫墓一次|Basculegion, M|100/100
|turn|29
|
|t:|1776176022
|move|p2a: Bulldozer|Bullet Punch|p1a: 再扫墓一次
|-resisted|p1a: 再扫墓一次
|-damage|p1a: 再扫墓一次|79/100
|-damage|p2a: Bulldozer|81/100|[from] item: Life Orb
|move|p1a: 再扫墓一次|Wave Crash|p2a: Bulldozer
|-supereffective|p2a: Bulldozer
|-damage|p2a: Bulldozer|0 fnt
|faint|p2a: Bulldozer
|-damage|p1a: 再扫墓一次|57/100|[from] Recoil
|
|-weather|none
|upkeep
|
|t:|1776176034
|switch|p2a: Hawlucha|Hawlucha, M|88/100
|turn|30
|
|t:|1776176038
|switch|p1a: 再雨天一次|Pelipper, M|100/100
|-weather|RainDance|[from] ability: Drizzle|[of] p1a: 再雨天一次
|move|p2a: Hawlucha|Swords Dance|p2a: Hawlucha
|-boost|p2a: Hawlucha|atk|2
|
|-weather|RainDance|[upkeep]
|upkeep
|turn|31
|
|t:|1776176051
|move|p2a: Hawlucha|Thunder Punch|p1a: 再雨天一次
|-supereffective|p1a: 再雨天一次
|-damage|p1a: 再雨天一次|0 fnt
|faint|p1a: 再雨天一次
|
|-weather|RainDance|[upkeep]
|upkeep
|
|t:|1776176057
|switch|p1a: 再扫墓一次|Basculegion, M|57/100
|turn|32
|
|t:|1776176063
|move|p1a: 再扫墓一次|Liquidation|p2a: Hawlucha
|-crit|p2a: Hawlucha
|-damage|p2a: Hawlucha|0 fnt
|faint|p2a: Hawlucha
|
|win|waweisi
|raw|waweisi's rating: 1174 &rarr; <strong>1197</strong><br />(+23 for winning)
|raw|leguilleretsmogogo's rating: 1151 &rarr; <strong>1128</strong><br />(-23 for losing)
|l|☆leguilleretsmogogo
|player|p2|
