|html|<div class="broadcast-blue"><strong>[Gen 9] OU is currently suspecting Tera Blast! For information on how to participate check out the <a href="https://www.smogon.com/tools/suspects/view/200">suspect thread</a>.</strong></div>
|j|☆GODKUD
|j|☆Leaboteabo
|t:|1776043290
|gametype|singles
|player|p1|GODKUD|ghetsis-gen5bw|1402
|player|p2|Leaboteabo|101|1401
|gen|9
|tier|[Gen 9] OU
|rated|
|rule|HP Percentage Mod: HP is shown in percentages
|rule|Endless Battle Clause: Forcing endless battles is banned
|rule|Species Clause: Limit one of each Pokémon
|rule|OHKO Clause: OHKO moves are banned
|rule|Evasion Items Clause: Evasion items are banned
|rule|Evasion Moves Clause: Evasion moves are banned
|rule|Evasion Abilities Clause: Evasion abilities are banned
|rule|Sleep Moves Clause: Sleep-inducing moves are banned
|clearpoke
|poke|p1|Feraligatr, F|
|poke|p1|Conkeldurr, M|
|poke|p1|Rampardos, F|
|poke|p1|Haxorus, F|
|poke|p1|Deoxys-Speed|
|poke|p1|Tornadus-Therian, M|
|poke|p2|Leavanny, F|
|poke|p2|Gholdengo|
|poke|p2|Hatterene, F|
|poke|p2|Moltres|
|poke|p2|Walking Wake|
|poke|p2|Sandy Shocks|
|teampreview
|inactive|Battle timer is ON: inactive players will automatically lose when time's up. (requested by Leaboteabo)
|
|t:|1776043300
|teamsize|p1|6
|teamsize|p2|6
|start
|switch|p1a: Deoxys|Deoxys-Speed|100/100
|switch|p2a: Sandy Shocks|Sandy Shocks|100/100
|-ability|p1a: Deoxys|Pressure
|turn|1
|inactive|Leaboteabo has 120 seconds left.
|
|t:|1776043334
|-end|p2a: Sandy Shocks|Protosynthesis|[silent]
|switch|p2a: Hatterene|Hatterene, F|100/100
|move|p1a: Deoxys|Light Screen|p1a: Deoxys
|-sidestart|p1: GODKUD|move: Light Screen
|
|upkeep
|turn|2
|
|t:|1776043348
|switch|p1a: Rampardos|Rampardos, F|100/100
|-ability|p1a: Rampardos|Mold Breaker
|move|p2a: Hatterene|Nuzzle|p1a: Rampardos
|-damage|p1a: Rampardos|95/100
|-status|p1a: Rampardos|par
|
|upkeep
|turn|3
|
|t:|1776043361
|switch|p2a: Walking Wake|Walking Wake|100/100
|move|p1a: Rampardos|Earthquake|p2a: Walking Wake
|-damage|p2a: Walking Wake|54/100
|
|upkeep
|turn|4
|
|t:|1776043372
|move|p2a: Walking Wake|Surf|p1a: Rampardos
|-supereffective|p1a: Rampardos
|-damage|p1a: Rampardos|12/100 par
|-enditem|p1a: Rampardos|Salac Berry|[eat]
|-boost|p1a: Rampardos|spe|1|[from] item: Salac Berry
|cant|p1a: Rampardos|par
|
|upkeep
|turn|5
|
|t:|1776043380
|move|p2a: Walking Wake|Flip Turn|p1a: Rampardos
|-supereffective|p1a: Rampardos
|-damage|p1a: Rampardos|0 fnt
|faint|p1a: Rampardos
|
|t:|1776043385
|-end|p2a: Walking Wake|Protosynthesis|[silent]
|switch|p2a: Leavanny|Leavanny, F|100/100|[from] Flip Turn
|
|upkeep
|
|t:|1776043393
|switch|p1a: Haxorus|Haxorus, F|100/100
|-ability|p1a: Haxorus|Mold Breaker
|turn|6
|
|t:|1776043398
|move|p2a: Leavanny|Triple Axel|p1a: Haxorus|[miss]
|-miss|p2a: Leavanny|p1a: Haxorus
|move|p1a: Haxorus|Swords Dance|p1a: Haxorus
|-boost|p1a: Haxorus|atk|2
|
|upkeep
|turn|7
|
|t:|1776043404
|-terastallize|p1a: Haxorus|Poison
|move|p2a: Leavanny|Triple Axel|p1a: Haxorus
|-damage|p1a: Haxorus|92/100
|-damage|p1a: Haxorus|75/100
|-damage|p1a: Haxorus|50/100
|-hitcount|p1a: Haxorus|3
|move|p1a: Haxorus|Scale Shot|p2a: Leavanny
|-damage|p2a: Leavanny|62/100
|-damage|p2a: Leavanny|19/100
|-crit|p2a: Leavanny
|-damage|p2a: Leavanny|0 fnt
|faint|p2a: Leavanny
|-hitcount|p2: Leavanny|3
|-unboost|p1a: Haxorus|def|1
|-boost|p1a: Haxorus|spe|1
|
|upkeep
|inactive|Leaboteabo has 120 seconds left.
|
|t:|1776043436
|switch|p2a: Gholdengo|Gholdengo|100/100
|-item|p2a: Gholdengo|Air Balloon
|turn|8
|inactive|Leaboteabo has 120 seconds left.
|
|t:|1776043452
|-terastallize|p2a: Gholdengo|Fairy
|move|p1a: Haxorus|Scale Shot|p2a: Gholdengo
|-immune|p2a: Gholdengo
|move|p2a: Gholdengo|Make It Rain|p1a: Haxorus
|-damage|p1a: Haxorus|3/100
|-unboost|p2a: Gholdengo|spa|1
|
|-sideend|p1: GODKUD|move: Light Screen
|upkeep
|turn|9
|inactive|Leaboteabo has 120 seconds left.
|
|t:|1776043466
|move|p1a: Haxorus|Poison Jab|p2a: Gholdengo
|-supereffective|p2a: Gholdengo
|-damage|p2a: Gholdengo|0 fnt
|-enditem|p2a: Gholdengo|Air Balloon
|faint|p2a: Gholdengo
|
|upkeep
|inactive|Leaboteabo has 120 seconds left.
|
|t:|1776043476
|switch|p2a: Sandy Shocks|Sandy Shocks|100/100
|turn|10
|
|t:|1776043484
|move|p1a: Haxorus|Earthquake|p2a: Sandy Shocks
|-supereffective|p2a: Sandy Shocks
|-damage|p2a: Sandy Shocks|0 fnt
|faint|p2a: Sandy Shocks
|-end|p2a: Sandy Shocks|Protosynthesis|[silent]
|
|upkeep
|-message|Leaboteabo forfeited.
|
|win|GODKUD
|raw|GODKUD's rating: 1402 &rarr; <strong>1422</strong><br />(+20 for winning)
|raw|Leaboteabo's rating: 1401 &rarr; <strong>1381</strong><br />(-20 for losing)
|l|☆Leaboteabo
|player|p2|
|l|☆GODKUD
|player|p1|
