|j|☆encore21768768
|j|☆Abyssal Bot
|t:|1776075440
|gametype|singles
|player|p1|encore21768768|265|
|player|p2|Abyssal Bot|supernerd|
|teamsize|p1|6
|teamsize|p2|6
|gen|9
|tier|[Gen 9] OU
|rule|Species Clause: Limit one of each Pokémon
|rule|OHKO Clause: OHKO moves are banned
|rule|Evasion Items Clause: Evasion items are banned
|rule|Evasion Moves Clause: Evasion moves are banned
|rule|Endless Battle Clause: Forcing endless battles is banned
|rule|HP Percentage Mod: HP is shown in percentages
|rule|Sleep Moves Clause: Sleep-inducing moves are banned
|clearpoke
|poke|p1|Bombirdier, M|
|poke|p1|Chimecho, M|
|poke|p1|Appletun, M|
|poke|p1|Morpeko, M|
|poke|p1|Dondozo, M|
|poke|p1|Dragonite, F|
|poke|p2|Gholdengo|
|poke|p2|Ting-Lu|
|poke|p2|Deoxys-Speed|
|poke|p2|Garganacl, F|
|poke|p2|Ogerpon, F|
|poke|p2|Gliscor, M|
|teampreview
|c|☆Abyssal Bot|Good Luck and Have Fun my Friend!
|inactive|Battle timer is ON: inactive players will automatically lose when time's up. (requested by Abyssal Bot)
|j|*Turbo Bottttt
|
|t:|1776075444
|start
|switch|p1a: Morpeko|Morpeko, M|100/100
|switch|p2a: Gliscor|Gliscor, M|100/100
|turn|1
|
|t:|1776075448
|move|p1a: Morpeko|Ice Fang|p2a: Gliscor
|-supereffective|p2a: Gliscor
|-damage|p2a: Gliscor|24/100
|-status|p2a: Gliscor|frz
|-damage|p1a: Morpeko|91/100|[from] item: Life Orb
|-curestatus|p2a: Gliscor|frz|[msg]
|move|p2a: Gliscor|Toxic|p1a: Morpeko
|-status|p1a: Morpeko|tox
|
|-damage|p1a: Morpeko|85/100 tox|[from] psn|[of] p2a: Gliscor
|-status|p2a: Gliscor|tox|[from] item: Toxic Orb
|-formechange|p1a: Morpeko|Morpeko-Hangry||[from] ability: Hunger Switch
|upkeep
|turn|2
|
|t:|1776075453
|move|p2a: Gliscor|Protect|p2a: Gliscor
|-singleturn|p2a: Gliscor|Protect
|move|p1a: Morpeko|Aura Wheel|p2a: Gliscor
|-activate|p2a: Gliscor|move: Protect
|
|-damage|p1a: Morpeko|72/100 tox|[from] psn|[of] p2a: Gliscor
|-heal|p2a: Gliscor|36/100 tox|[from] ability: Poison Heal
|-formechange|p1a: Morpeko|Morpeko||[from] ability: Hunger Switch
|upkeep
|turn|3
|
|t:|1776075460
|move|p1a: Morpeko|Ice Fang|p2a: Gliscor
|-supereffective|p2a: Gliscor
|-damage|p2a: Gliscor|0 tox
|faint|p2a: Gliscor
|-damage|p1a: Morpeko|62/100 tox|[from] item: Life Orb
|
|-damage|p1a: Morpeko|44/100 tox|[from] psn|[of] p2: Gliscor
|-formechange|p1a: Morpeko|Morpeko-Hangry||[from] ability: Hunger Switch
|upkeep
|
|t:|1776075460
|switch|p2a: Ting-Lu|Ting-Lu|100/100
|-ability|p2a: Ting-Lu|Vessel of Ruin
|turn|4
|
|t:|1776075463
|move|p1a: Morpeko|Brick Break|p2a: Ting-Lu
|-supereffective|p2a: Ting-Lu
|-damage|p2a: Ting-Lu|72/100
|-damage|p1a: Morpeko|34/100 tox|[from] item: Life Orb
|move|p2a: Ting-Lu|Earthquake|p1a: Morpeko
|-supereffective|p1a: Morpeko
|-damage|p1a: Morpeko|0 tox
|faint|p1a: Morpeko
|
|upkeep
|
|t:|1776075470
|switch|p1a: Dragonite|Dragonite, F|100/100
|turn|5
|
|t:|1776075474
|switch|p2a: Gholdengo|Gholdengo|100/100
|move|p1a: Dragonite|Dragon Dance|p1a: Dragonite
|-boost|p1a: Dragonite|atk|1
|-boost|p1a: Dragonite|spe|1
|
|upkeep
|turn|6
|
|t:|1776075477
|move|p1a: Dragonite|Fire Punch|p2a: Gholdengo
|-supereffective|p2a: Gholdengo
|-damage|p2a: Gholdengo|38/100
|move|p2a: Gholdengo|Thunder Wave|p1a: Dragonite|[miss]
|-miss|p2a: Gholdengo|p1a: Dragonite
|
|upkeep
|turn|7
|c|☆Abyssal Bot|Uh Gholdengo, you're as blind as Deino...
|
|t:|1776075481
|move|p1a: Dragonite|Dragon Dance|p1a: Dragonite
|-boost|p1a: Dragonite|atk|1
|-boost|p1a: Dragonite|spe|1
|move|p2a: Gholdengo|Recover|p2a: Gholdengo
|-heal|p2a: Gholdengo|88/100
|
|upkeep
|turn|8
|
|t:|1776075485
|move|p1a: Dragonite|Dragon Dance|p1a: Dragonite
|-boost|p1a: Dragonite|atk|1
|-boost|p1a: Dragonite|spe|1
|move|p2a: Gholdengo|Hex|p1a: Dragonite
|-damage|p1a: Dragonite|86/100
|
|upkeep
|turn|9
|
|t:|1776075489
|move|p1a: Dragonite|Fire Punch|p2a: Gholdengo
|-supereffective|p2a: Gholdengo
|-damage|p2a: Gholdengo|0
|faint|p2a: Gholdengo
|
|upkeep
|
|t:|1776075489
|switch|p2a: Garganacl|Garganacl, F|100/100
|turn|10
|
|t:|1776075491
|move|p2a: Garganacl|Protect|p2a: Garganacl
|-singleturn|p2a: Garganacl|Protect
|move|p1a: Dragonite|Scale Shot|p2a: Garganacl
|-activate|p2a: Garganacl|move: Protect
|
|upkeep
|turn|11
|
|t:|1776075492
|move|p1a: Dragonite|Scale Shot|p2a: Garganacl|[miss]
|-miss|p1a: Dragonite|p2a: Garganacl
|move|p2a: Garganacl|Stealth Rock|p1a: Dragonite
|-sidestart|p1: encore21768768|move: Stealth Rock
|
|upkeep
|turn|12
|c|☆Abyssal Bot|That thing needs an eye doctor
|
|t:|1776075494
|move|p1a: Dragonite|Encore|p2a: Garganacl
|-start|p2a: Garganacl|Encore
|move|p2a: Garganacl|Stealth Rock||[still]
|-fail|p2a: Garganacl
|
|upkeep
|turn|13
|
|t:|1776075496
|switch|p2a: Deoxys|Deoxys-Speed|100/100
|-ability|p2a: Deoxys|Pressure
|move|p1a: Dragonite|Scale Shot|p2a: Deoxys
|-damage|p2a: Deoxys|41/100
|-damage|p2a: Deoxys|0
|faint|p2a: Deoxys
|-hitcount|p2: Deoxys|2
|-unboost|p1a: Dragonite|def|1
|-boost|p1a: Dragonite|spe|1
|
|upkeep
|
|t:|1776075496
|switch|p2a: Ting-Lu|Ting-Lu|72/100
|-ability|p2a: Ting-Lu|Vessel of Ruin
|turn|14
|
|t:|1776075498
|move|p1a: Dragonite|Scale Shot|p2a: Ting-Lu
|-crit|p2a: Ting-Lu
|-damage|p2a: Ting-Lu|43/100
|-damage|p2a: Ting-Lu|25/100
|-damage|p2a: Ting-Lu|7/100
|-damage|p2a: Ting-Lu|0
|faint|p2a: Ting-Lu
|-hitcount|p2: Ting-Lu|4
|-unboost|p1a: Dragonite|def|1
|-boost|p1a: Dragonite|spe|1
|
|upkeep
|c|☆Abyssal Bot|Oh crap, that crit...
|
|t:|1776075498
|switch|p2a: Ogerpon|Ogerpon, F|100/100
|turn|15
|
|t:|1776075501
|move|p1a: Dragonite|Encore||[still]
|-fail|p1a: Dragonite
|move|p2a: Ogerpon|Encore||[still]
|-fail|p2a: Ogerpon
|
|upkeep
|turn|16
|
|t:|1776075504
|move|p1a: Dragonite|Encore||[still]
|-fail|p1a: Dragonite
|move|p2a: Ogerpon|Knock Off|p1a: Dragonite
|-damage|p1a: Dragonite|20/100
|-enditem|p1a: Dragonite|Loaded Dice|[from] move: Knock Off|[of] p2a: Ogerpon
|
|upkeep
|turn|17
|
|t:|1776075508
|move|p1a: Dragonite|Dragon Dance|p1a: Dragonite
|-boost|p1a: Dragonite|atk|1
|-boost|p1a: Dragonite|spe|1
|move|p2a: Ogerpon|Ivy Cudgel|p1a: Dragonite
|-resisted|p1a: Dragonite
|-damage|p1a: Dragonite|0
|faint|p1a: Dragonite
|
|upkeep
|
|t:|1776075518
|switch|p1a: Chimecho|Chimecho, M|100/100
|-damage|p1a: Chimecho|88/100|[from] Stealth Rock|[of] p2: Garganacl
|turn|18
|
|t:|1776075522
|move|p2a: Ogerpon|Ivy Cudgel|p1a: Chimecho
|-damage|p1a: Chimecho|36/100
|move|p1a: Chimecho|Trick Room|p1a: Chimecho
|-fieldstart|move: Trick Room|[of] p1a: Chimecho
|
|upkeep
|turn|19
|
|t:|1776075524
|move|p1a: Chimecho|Psychic Noise|p2a: Ogerpon
|-damage|p2a: Ogerpon|48/100
|-start|p2a: Ogerpon|move: Heal Block
|-damage|p1a: Chimecho|26/100|[from] item: Life Orb
|move|p2a: Ogerpon|Knock Off|p1a: Chimecho
|-supereffective|p1a: Chimecho
|-damage|p1a: Chimecho|0
|-enditem|p1a: Chimecho|Life Orb|[from] move: Knock Off|[of] p2a: Ogerpon
|faint|p1a: Chimecho
|
|upkeep
|
|t:|1776075530
|switch|p1a: Appletun|Appletun, M|100/100
|-damage|p1a: Appletun|88/100|[from] Stealth Rock|[of] p2: Garganacl
|turn|20
|
|t:|1776075535
|move|p1a: Appletun|Dragon Pulse|p2a: Ogerpon
|-damage|p2a: Ogerpon|11/100
|move|p2a: Ogerpon|U-turn|p1a: Appletun
|-supereffective|p1a: Appletun
|-damage|p1a: Appletun|56/100
|
|t:|1776075535
|switch|p2a: Garganacl|Garganacl, F|100/100|[from] U-turn
|
|upkeep
|turn|21
|
|t:|1776075545
|switch|p2a: Ogerpon|Ogerpon, F|11/100
|move|p1a: Appletun|Apple Acid|p2a: Ogerpon
|-resisted|p2a: Ogerpon
|-damage|p2a: Ogerpon|0
|faint|p2a: Ogerpon
|
|upkeep
|
|t:|1776075545
|switch|p2a: Garganacl|Garganacl, F|100/100
|turn|22
|
|t:|1776075547
|move|p2a: Garganacl|Protect|p2a: Garganacl
|-singleturn|p2a: Garganacl|Protect
|move|p1a: Appletun|Apple Acid|p2a: Garganacl
|-activate|p2a: Garganacl|move: Protect
|
|-fieldend|move: Trick Room
|upkeep
|turn|23
|
|t:|1776075549
|move|p2a: Garganacl|Salt Cure|p1a: Appletun
|-damage|p1a: Appletun|47/100
|-start|p1a: Appletun|Salt Cure
|move|p1a: Appletun|Apple Acid|p2a: Garganacl
|-supereffective|p2a: Garganacl
|-damage|p2a: Garganacl|54/100
|-unboost|p2a: Garganacl|spd|1
|
|-heal|p2a: Garganacl|61/100|[from] item: Leftovers
|-damage|p1a: Appletun|34/100|[from] Salt Cure|[of] p2a: Garganacl
|upkeep
|turn|24
|
|t:|1776075552
|move|p2a: Garganacl|Salt Cure|p1a: Appletun
|-damage|p1a: Appletun|26/100
|move|p1a: Appletun|Apple Acid|p2a: Garganacl
|-supereffective|p2a: Garganacl
|-damage|p2a: Garganacl|0
|faint|p2a: Garganacl
|
|win|encore21768768
|c|☆Abyssal Bot|This loss doesn't matter, because I'm just a bot.
|l|☆Abyssal Bot
|player|p2|
|l|*Turbo Bottttt
