|html|<div class="broadcast-blue"><strong>[Gen 9] OU is currently suspecting Volcarona! For information on how to participate check out the <a href="https://www.smogon.com/tools/suspects/view/208">suspect thread</a>.</strong></div>
|j|☆Sirbadong
|j|☆poemu sannn
|t:|1778504285
|gametype|singles
|player|p1|Sirbadong|2|1117
|player|p2|poemu sannn|lass-gen4dp|1085
|gen|9
|tier|[Gen 9] OU
|rated|
|rule|HP Percentage Mod: HP is shown in percentages
|rule|Endless Battle Clause: Forcing endless battles is banned
|rule|Species Clause: Limit one of each Pokémon
|rule|OHKO Clause: OHKO moves are banned
|rule|Evasion Items Clause: Evasion items are banned
|rule|Evasion Moves Clause: Evasion moves are banned
|rule|Evasion Abilities Clause: Evasion abilities are banned
|rule|Sleep Moves Clause: Sleep-inducing moves are banned
|clearpoke
|poke|p1|Weavile, M|
|poke|p1|Avalugg, F|
|poke|p1|Cloyster, M|
|poke|p1|Mamoswine, M|
|poke|p1|Kyurem|
|poke|p1|Delibird, L1, M|
|poke|p2|Slowking-Galar, F|
|poke|p2|Darkrai|
|poke|p2|Great Tusk|
|poke|p2|Kingambit, M|
|poke|p2|Iron Valiant|
|poke|p2|Alomomola, M|
|teampreview
|inactive|Battle timer is ON: inactive players will automatically lose when time's up. (requested by Sirbadong)
|
|t:|1778504311
|teamsize|p1|6
|teamsize|p2|6
|start
|switch|p1a: Weavile|Weavile, M|100/100
|switch|p2a: donphan alt|Great Tusk|100/100
|-ability|p1a: Weavile|Pressure
|turn|1
|
|t:|1778504322
|-end|p2a: donphan alt|Protosynthesis|[silent]
|switch|p2a: fsh|Alomomola, M|100/100
|move|p1a: Weavile|Fake Out|p2a: fsh
|-damage|p2a: fsh|93/100
|
|upkeep
|turn|2
|
|t:|1778504330
|move|p1a: Weavile|Knock Off|p2a: fsh
|-damage|p2a: fsh|67/100
|-enditem|p2a: fsh|Heavy-Duty Boots|[from] move: Knock Off|[of] p1a: Weavile
|move|p2a: fsh|Flip Turn|p1a: Weavile
|-damage|p1a: Weavile|73/100
|
|t:|1778504337
|switch|p2a: Iron Valiant|Iron Valiant|100/100|[from] Flip Turn
|
|upkeep
|turn|3
|
|t:|1778504343
|move|p1a: Weavile|Knock Off|p2a: Iron Valiant
|-resisted|p2a: Iron Valiant
|-damage|p2a: Iron Valiant|84/100
|-enditem|p2a: Iron Valiant|Choice Band|[from] move: Knock Off|[of] p1a: Weavile
|move|p2a: Iron Valiant|Close Combat|p1a: Weavile
|-supereffective|p1a: Weavile
|-damage|p1a: Weavile|0 fnt
|-unboost|p2a: Iron Valiant|def|1
|-unboost|p2a: Iron Valiant|spd|1
|faint|p1a: Weavile
|
|upkeep
|
|t:|1778504355
|switch|p1a: Cloyster|Cloyster, M|100/100
|turn|4
|
|t:|1778504364
|-end|p2a: Iron Valiant|Quark Drive|[silent]
|switch|p2a: king|Slowking-Galar, F|100/100
|-terastallize|p1a: Cloyster|Poison
|move|p1a: Cloyster|Shell Smash|p1a: Cloyster
|-unboost|p1a: Cloyster|def|1
|-unboost|p1a: Cloyster|spd|1
|-boost|p1a: Cloyster|atk|2
|-boost|p1a: Cloyster|spa|2
|-boost|p1a: Cloyster|spe|2
|-enditem|p1a: Cloyster|White Herb
|-clearnegativeboost|p1a: Cloyster|[silent]
|
|upkeep
|turn|5
|
|t:|1778504376
|move|p1a: Cloyster|Drill Run|p2a: king
|-supereffective|p2a: king
|-damage|p2a: king|18/100
|move|p2a: king|Future Sight|p1a: Cloyster
|-start|p2a: king|move: Future Sight
|
|-heal|p2a: king|24/100|[from] item: Leftovers
|upkeep
|turn|6
|
|t:|1778504386
|switch|p2a: donphan alt|Great Tusk|100/100
|move|p1a: Cloyster|Icicle Spear|p2a: donphan alt
|-supereffective|p2a: donphan alt
|-damage|p2a: donphan alt|77/100
|-supereffective|p2a: donphan alt
|-damage|p2a: donphan alt|55/100
|-supereffective|p2a: donphan alt
|-damage|p2a: donphan alt|31/100
|-supereffective|p2a: donphan alt
|-damage|p2a: donphan alt|10/100
|-supereffective|p2a: donphan alt
|-damage|p2a: donphan alt|0 fnt
|faint|p2a: donphan alt
|-end|p2a: donphan alt|Protosynthesis|[silent]
|-hitcount|p2: donphan alt|5
|
|upkeep
|
|t:|1778504395
|switch|p2a: damn|Kingambit, M|100/100
|-activate|p2a: damn|ability: Supreme Overlord
|-start|p2a: damn|fallen1|[silent]
|turn|7
|inactive|poemu sannn has 120 seconds left.
|
|t:|1778504428
|move|p2a: damn|Sucker Punch|p1a: Cloyster
|-damage|p1a: Cloyster|57/100
|move|p1a: Cloyster|Drill Run|p2a: damn
|-supereffective|p2a: damn
|-damage|p2a: damn|33/100
|
|-end|p1a: Cloyster|move: Future Sight
|-supereffective|p1a: Cloyster
|-damage|p1a: Cloyster|0 fnt
|faint|p1a: Cloyster
|upkeep
|
|t:|1778504443
|switch|p1a: Mamoswine|Mamoswine, M|100/100
|turn|8
|
|t:|1778504447
|-end|p2a: damn|fallen1|[silent]
|switch|p2a: fsh|Alomomola, M|99/100
|move|p1a: Mamoswine|Earthquake|p2a: fsh
|-damage|p2a: fsh|71/100
|
|upkeep
|turn|9
|
|t:|1778504457
|switch|p1a: Avalugg|Avalugg, F|100/100
|move|p2a: fsh|Wish|p2a: fsh
|
|upkeep
|turn|10
|
|t:|1778504465
|move|p2a: fsh|Flip Turn|p1a: Avalugg
|-damage|p1a: Avalugg|93/100
|
|t:|1778504473
|switch|p2a: king|Slowking-Galar, F|58/100|[from] Flip Turn
|move|p1a: Avalugg|Body Press|p2a: king
|-resisted|p2a: king
|-damage|p2a: king|49/100
|
|-heal|p2a: king|100/100|[from] move: Wish|[wisher] fsh
|upkeep
|turn|11
|
|t:|1778504484
|move|p1a: Avalugg|Recover|p1a: Avalugg
|-heal|p1a: Avalugg|100/100
|move|p2a: king|Future Sight|p1a: Avalugg
|-start|p2a: king|move: Future Sight
|
|upkeep
|turn|12
|
|t:|1778504491
|move|p2a: king|Sludge Bomb|p1a: Avalugg
|-damage|p1a: Avalugg|50/100
|-status|p1a: Avalugg|psn
|move|p1a: Avalugg|Mirror Coat|p2a: king
|-damage|p2a: king|0 fnt
|faint|p2a: king
|
|-damage|p1a: Avalugg|38/100 psn|[from] psn
|upkeep
|
|t:|1778504500
|switch|p2a: goodnight|Darkrai|100/100
|turn|13
|
|t:|1778504504
|-terastallize|p2a: goodnight|Poison
|move|p2a: goodnight|Nasty Plot|p2a: goodnight
|-boost|p2a: goodnight|spa|2
|move|p1a: Avalugg|Body Press|p2a: goodnight
|-resisted|p2a: goodnight
|-damage|p2a: goodnight|74/100
|
|-end|p1a: Avalugg|move: Future Sight
|-damage|p1a: Avalugg|0 fnt
|faint|p1a: Avalugg
|upkeep
|
|t:|1778504517
|switch|p1a: Delibird|Delibird, L1, M|100/100
|turn|14
|
|t:|1778504524
|move|p2a: goodnight|Nasty Plot|p2a: goodnight
|-boost|p2a: goodnight|spa|2
|move|p1a: Delibird|Endeavor|p2a: goodnight
|-damage|p2a: goodnight|5/100
|
|upkeep
|turn|15
|inactive|poemu sannn has 120 seconds left.
|
|t:|1778504578
|switch|p2a: fsh|Alomomola, M|100/100
|move|p1a: Delibird|Endeavor|p2a: fsh
|-damage|p2a: fsh|3/100
|
|upkeep
|turn|16
|
|t:|1778504594
|move|p2a: fsh|Wish|p2a: fsh
|move|p1a: Delibird|Endeavor|p2a: fsh
|-immune|p2a: fsh
|
|upkeep
|turn|17
|
|t:|1778504600
|move|p2a: fsh|Protect|p2a: fsh
|-singleturn|p2a: fsh|Protect
|move|p1a: Delibird|Endeavor|p2a: fsh
|-activate|p2a: fsh|move: Protect
|
|-heal|p2a: fsh|53/100|[from] move: Wish|[wisher] fsh
|upkeep
|turn|18
|
|t:|1778504610
|move|p2a: fsh|Flip Turn|p1a: Delibird
|-enditem|p1a: Delibird|Focus Sash
|-damage|p1a: Delibird|9/100
|
|t:|1778504616
|switch|p2a: damn|Kingambit, M|33/100|[from] Flip Turn
|-activate|p2a: damn|ability: Supreme Overlord
|-start|p2a: damn|fallen2|[silent]
|move|p1a: Delibird|Endeavor|p2a: damn
|-damage|p2a: damn|1/100
|
|upkeep
|turn|19
|
|t:|1778504626
|move|p2a: damn|Sucker Punch|p1a: Delibird
|-damage|p1a: Delibird|0 fnt
|faint|p1a: Delibird
|
|upkeep
|
|t:|1778504631
|switch|p1a: Mamoswine|Mamoswine, M|100/100
|turn|20
|
|t:|1778504635
|-end|p2a: damn|fallen2|[silent]
|switch|p2a: fsh|Alomomola, M|86/100
|move|p1a: Mamoswine|Ice Shard|p2a: fsh
|-resisted|p2a: fsh
|-damage|p2a: fsh|80/100
|
|upkeep
|turn|21
|
|t:|1778504643
|move|p1a: Mamoswine|Trailblaze|p2a: fsh
|-supereffective|p2a: fsh
|-damage|p2a: fsh|58/100
|-boost|p1a: Mamoswine|spe|1
|move|p2a: fsh|Wish|p2a: fsh
|
|upkeep
|turn|22
|
|t:|1778504652
|switch|p1a: Kyurem|Kyurem|100/100
|-ability|p1a: Kyurem|Pressure
|move|p2a: fsh|Flip Turn|p1a: Kyurem
|-resisted|p1a: Kyurem
|-damage|p1a: Kyurem|93/100
|
|t:|1778504659
|switch|p2a: Iron Valiant|Iron Valiant|84/100|[from] Flip Turn
|
|-heal|p2a: Iron Valiant|100/100|[from] move: Wish|[wisher] fsh
|-heal|p1a: Kyurem|99/100|[from] item: Leftovers
|upkeep
|turn|23
|
|t:|1778504668
|move|p2a: Iron Valiant|Close Combat|p1a: Kyurem
|-supereffective|p1a: Kyurem
|-damage|p1a: Kyurem|0 fnt
|-unboost|p2a: Iron Valiant|def|1
|-unboost|p2a: Iron Valiant|spd|1
|faint|p1a: Kyurem
|
|upkeep
|-message|Sirbadong forfeited.
|
|win|poemu sannn
|raw|Sirbadong's rating: 1117 &rarr; <strong>1090</strong><br />(-27 for losing)
|raw|poemu sannn's rating: 1085 &rarr; <strong>1115</strong><br />(+30 for winning)
|l|☆Sirbadong
|player|p1|
|l|☆poemu sannn
|player|p2|
