|html|<div class="broadcast-blue"><strong>[Gen 9] OU is currently suspecting Tera Blast! For information on how to participate check out the <a href="https://www.smogon.com/tools/suspects/view/200">suspect thread</a>.</strong></div>
|j|☆treinermachine
|j|☆micahyari
|t:|1776270164
|gametype|singles
|player|p1|treinermachine|169|1000
|player|p2|micahyari|roxie|1000
|gen|9
|tier|[Gen 9] OU
|rated|
|rule|HP Percentage Mod: HP is shown in percentages
|rule|Endless Battle Clause: Forcing endless battles is banned
|rule|Species Clause: Limit one of each Pokémon
|rule|OHKO Clause: OHKO moves are banned
|rule|Evasion Items Clause: Evasion items are banned
|rule|Evasion Moves Clause: Evasion moves are banned
|rule|Evasion Abilities Clause: Evasion abilities are banned
|rule|Sleep Moves Clause: Sleep-inducing moves are banned
|clearpoke
|poke|p1|Dondozo, F|
|poke|p1|Hatterene, F|
|poke|p1|Garganacl, M|
|poke|p1|Ursaluna, F|
|poke|p1|Slowking-Galar, F|
|poke|p1|Ting-Lu|
|poke|p2|Dragapult, M|
|poke|p2|Dragonite, F|
|poke|p2|Glimmora, M|
|poke|p2|Great Tusk|
|poke|p2|Landorus-Therian, M|
|poke|p2|Zamazenta-*|
|teampreview
|inactive|Battle timer is ON: inactive players will automatically lose when time's up. (requested by micahyari)
|
|t:|1776270177
|teamsize|p1|6
|teamsize|p2|6
|start
|switch|p1a: Hatterene|Hatterene, F|100/100
|switch|p2a: Glimmora|Glimmora, M|100/100
|turn|1
|
|t:|1776270193
|-terastallize|p1a: Hatterene|Psychic
|move|p2a: Glimmora|Stealth Rock|p1a: Hatterene
|move|p1a: Hatterene|Stealth Rock|p2a: Glimmora|[from] ability: Magic Bounce
|-sidestart|p2: micahyari|move: Stealth Rock
|move|p1a: Hatterene|Trick Room|p1a: Hatterene
|-fieldstart|move: Trick Room|[of] p1a: Hatterene
|
|upkeep
|turn|2
|inactive|treinermachine has 120 seconds left.
|
|t:|1776270218
|switch|p1a: Dondozo|Dondozo, F|100/100
|move|p2a: Glimmora|Mortal Spin|p1a: Dondozo
|-damage|p1a: Dondozo|97/100
|-status|p1a: Dondozo|psn
|-sideend|p2: micahyari|Stealth Rock|[from] move: Mortal Spin|[of] p2a: Glimmora
|
|-heal|p1a: Dondozo|100/100 psn|[from] item: Leftovers
|-damage|p1a: Dondozo|88/100 psn|[from] psn
|upkeep
|turn|3
|inactive|treinermachine has 120 seconds left.
|
|t:|1776270231
|move|p1a: Dondozo|Body Press|p2a: Glimmora
|-damage|p2a: Glimmora|73/100
|-activate|p2a: Glimmora|ability: Toxic Debris
|-sidestart|p1: treinermachine|move: Toxic Spikes
|move|p2a: Glimmora|Stealth Rock|p1a: Dondozo
|-sidestart|p1: treinermachine|move: Stealth Rock
|
|-heal|p1a: Dondozo|94/100 psn|[from] item: Leftovers
|-damage|p1a: Dondozo|82/100 psn|[from] psn
|upkeep
|turn|4
|inactive|treinermachine has 120 seconds left.
|
|t:|1776270243
|move|p1a: Dondozo|Body Press|p2a: Glimmora
|-damage|p2a: Glimmora|46/100
|-activate|p2a: Glimmora|ability: Toxic Debris
|-sidestart|p1: treinermachine|move: Toxic Spikes
|move|p2a: Glimmora|Spikes|p1a: Dondozo
|-sidestart|p1: treinermachine|Spikes
|
|-heal|p1a: Dondozo|88/100 psn|[from] item: Leftovers
|-damage|p1a: Dondozo|75/100 psn|[from] psn
|upkeep
|turn|5
|inactive|treinermachine has 120 seconds left.
|
|t:|1776270256
|switch|p2a: Dragapult|Dragapult, M|100/100
|move|p1a: Dondozo|Body Press|p2a: Dragapult
|-immune|p2a: Dragapult
|
|-heal|p1a: Dondozo|81/100 psn|[from] item: Leftovers
|-damage|p1a: Dondozo|69/100 psn|[from] psn
|-fieldend|move: Trick Room
|upkeep
|turn|6
|inactive|treinermachine has 120 seconds left.
|
|t:|1776270280
|switch|p1a: Slowking|Slowking-Galar, F|100/100
|-sideend|p1: treinermachine|move: Toxic Spikes|[of] p1a: Slowking
|-damage|p1a: Slowking|88/100|[from] Stealth Rock
|-damage|p1a: Slowking|76/100|[from] Spikes
|move|p2a: Dragapult|Dragon Darts|p1a: Slowking
|-damage|p1a: Slowking|36/100
|-anim|p2a: Dragapult|Dragon Darts|p1a: Slowking
|-damage|p1a: Slowking|0 fnt
|faint|p1a: Slowking
|
|upkeep
|
|t:|1776270294
|switch|p1a: Hatterene|Hatterene, F, tera:Psychic|100/100
|-damage|p1a: Hatterene|88/100|[from] Stealth Rock
|-damage|p1a: Hatterene|76/100|[from] Spikes
|turn|7
|
|t:|1776270305
|move|p2a: Dragapult|Dragon Darts|p1a: Hatterene
|-damage|p1a: Hatterene|32/100
|-anim|p2a: Dragapult|Dragon Darts|p1a: Hatterene
|-damage|p1a: Hatterene|0 fnt
|faint|p1a: Hatterene
|
|upkeep
|
|t:|1776270313
|switch|p1a: Garganacl|Garganacl, M|100/100
|-damage|p1a: Garganacl|88/100|[from] Stealth Rock
|-damage|p1a: Garganacl|76/100|[from] Spikes
|turn|8
|
|t:|1776270322
|move|p2a: Dragapult|Dragon Darts|p1a: Garganacl
|-damage|p1a: Garganacl|61/100
|-anim|p2a: Dragapult|Dragon Darts|p1a: Garganacl
|-damage|p1a: Garganacl|45/100
|move|p1a: Garganacl|Salt Cure|p2a: Dragapult
|-damage|p2a: Dragapult|78/100
|-start|p2a: Dragapult|Salt Cure
|
|-damage|p2a: Dragapult|65/100|[from] Salt Cure
|upkeep
|turn|9
|inactive|treinermachine has 120 seconds left.
|
|t:|1776270334
|move|p1a: Garganacl|Protect|p1a: Garganacl
|-singleturn|p1a: Garganacl|Protect
|move|p2a: Dragapult|Dragon Darts|p1a: Garganacl
|-activate|p1a: Garganacl|move: Protect
|
|-damage|p2a: Dragapult|53/100|[from] Salt Cure
|upkeep
|turn|10
|inactive|treinermachine has 120 seconds left.
|
|t:|1776270347
|switch|p1a: Dondozo|Dondozo, F|69/100 psn
|-damage|p1a: Dondozo|56/100 psn|[from] Stealth Rock
|-damage|p1a: Dondozo|44/100 psn|[from] Spikes
|move|p2a: Dragapult|Dragon Darts|p1a: Dondozo
|-damage|p1a: Dondozo|31/100 psn
|-anim|p2a: Dragapult|Dragon Darts|p1a: Dondozo
|-damage|p1a: Dondozo|17/100 psn
|
|-heal|p1a: Dondozo|23/100 psn|[from] item: Leftovers
|-damage|p1a: Dondozo|11/100 psn|[from] psn
|-damage|p2a: Dragapult|41/100|[from] Salt Cure
|upkeep
|turn|11
|inactive|treinermachine has 120 seconds left.
|
|t:|1776270363
|move|p1a: Dondozo|Protect|p1a: Dondozo
|-singleturn|p1a: Dondozo|Protect
|move|p2a: Dragapult|Dragon Darts|p1a: Dondozo
|-activate|p1a: Dondozo|move: Protect
|
|-heal|p1a: Dondozo|17/100 psn|[from] item: Leftovers
|-damage|p1a: Dondozo|4/100 psn|[from] psn
|-damage|p2a: Dragapult|29/100|[from] Salt Cure
|upkeep
|turn|12
|
|t:|1776270374
|move|p1a: Dondozo|Protect|p1a: Dondozo
|-singleturn|p1a: Dondozo|Protect
|move|p2a: Dragapult|Dragon Darts|p1a: Dondozo
|-activate|p1a: Dondozo|move: Protect
|
|-heal|p1a: Dondozo|10/100 psn|[from] item: Leftovers
|-damage|p1a: Dondozo|0 fnt|[from] psn
|faint|p1a: Dondozo
|-damage|p2a: Dragapult|16/100|[from] Salt Cure
|upkeep
|
|t:|1776270386
|switch|p1a: Ursaluna|Ursaluna, F|100/100
|-damage|p1a: Ursaluna|94/100|[from] Stealth Rock
|-damage|p1a: Ursaluna|82/100|[from] Spikes
|turn|13
|
|t:|1776270396
|move|p2a: Dragapult|Dragon Darts|p1a: Ursaluna
|-damage|p1a: Ursaluna|60/100
|-anim|p2a: Dragapult|Dragon Darts|p1a: Ursaluna
|-damage|p1a: Ursaluna|38/100
|move|p1a: Ursaluna|Play Rough|p2a: Dragapult
|-supereffective|p2a: Dragapult
|-damage|p2a: Dragapult|0 fnt
|faint|p2a: Dragapult
|
|-status|p1a: Ursaluna|brn|[from] item: Flame Orb
|upkeep
|
|t:|1776270419
|switch|p2a: Great Tusk|Great Tusk|100/100
|-enditem|p2a: Great Tusk|Booster Energy
|-activate|p2a: Great Tusk|ability: Protosynthesis|[fromitem]
|-start|p2a: Great Tusk|protosynthesisatk
|turn|14
|inactive|treinermachine has 120 seconds left.
|
|t:|1776270428
|-terastallize|p2a: Great Tusk|Fairy
|move|p2a: Great Tusk|Close Combat|p1a: Ursaluna
|-supereffective|p1a: Ursaluna
|-damage|p1a: Ursaluna|0 fnt
|-unboost|p2a: Great Tusk|def|1
|-unboost|p2a: Great Tusk|spd|1
|faint|p1a: Ursaluna
|
|upkeep
|inactive|treinermachine has 120 seconds left.
|
|t:|1776270438
|switch|p1a: Ting-Lu|Ting-Lu|100/100
|-damage|p1a: Ting-Lu|94/100|[from] Stealth Rock
|-damage|p1a: Ting-Lu|82/100|[from] Spikes
|-ability|p1a: Ting-Lu|Vessel of Ruin
|turn|15
|
|t:|1776270447
|move|p2a: Great Tusk|Bulk Up|p2a: Great Tusk
|-boost|p2a: Great Tusk|atk|1
|-boost|p2a: Great Tusk|def|1
|move|p1a: Ting-Lu|Dark Pulse|p2a: Great Tusk
|-resisted|p2a: Great Tusk
|-damage|p2a: Great Tusk|85/100
|
|upkeep
|turn|16
|
|t:|1776270457
|move|p2a: Great Tusk|Bulk Up|p2a: Great Tusk
|-boost|p2a: Great Tusk|atk|1
|-boost|p2a: Great Tusk|def|1
|move|p1a: Ting-Lu|Earthquake|p2a: Great Tusk
|-damage|p2a: Great Tusk|63/100
|
|upkeep
|turn|17
|
|t:|1776270465
|move|p2a: Great Tusk|Close Combat|p1a: Ting-Lu
|-supereffective|p1a: Ting-Lu
|-damage|p1a: Ting-Lu|0 fnt
|-unboost|p2a: Great Tusk|def|1
|-unboost|p2a: Great Tusk|spd|1
|-damage|p2a: Great Tusk|46/100|[from] item: Rocky Helmet|[of] p1a: Ting-Lu
|faint|p1a: Ting-Lu
|
|upkeep
|
|t:|1776270474
|switch|p1a: Garganacl|Garganacl, M|45/100
|-damage|p1a: Garganacl|33/100|[from] Stealth Rock
|-damage|p1a: Garganacl|20/100|[from] Spikes
|turn|18
|
|t:|1776270478
|move|p2a: Great Tusk|Close Combat|p1a: Garganacl
|-supereffective|p1a: Garganacl
|-damage|p1a: Garganacl|0 fnt
|-unboost|p2a: Great Tusk|def|1
|-unboost|p2a: Great Tusk|spd|1
|faint|p1a: Garganacl
|
|win|micahyari
|raw|treinermachine's rating: 1000 &rarr; <strong>1000</strong><br />(+0 for losing)
|raw|micahyari's rating: 1000 &rarr; <strong>1040</strong><br />(+40 for winning)
