|html|<div class="broadcast-blue"><strong>[Gen 9] OU is currently suspecting Tera Blast! For information on how to participate check out the <a href="https://www.smogon.com/tools/suspects/view/200">suspect thread</a>.</strong></div>
|j|☆u too slowbro
|j|☆rex27128
|t:|1776060265
|gametype|singles
|player|p1|u too slowbro|265|1076
|player|p2|rex27128|ruinmaniac|1085
|gen|9
|tier|[Gen 9] OU
|rated|
|rule|HP Percentage Mod: HP is shown in percentages
|rule|Endless Battle Clause: Forcing endless battles is banned
|rule|Species Clause: Limit one of each Pokémon
|rule|OHKO Clause: OHKO moves are banned
|rule|Evasion Items Clause: Evasion items are banned
|rule|Evasion Moves Clause: Evasion moves are banned
|rule|Evasion Abilities Clause: Evasion abilities are banned
|rule|Sleep Moves Clause: Sleep-inducing moves are banned
|clearpoke
|poke|p1|Lucario, M|
|poke|p1|Great Tusk|
|poke|p1|Rotom-Heat|
|poke|p1|Clodsire, M|
|poke|p1|Noivern, M|
|poke|p1|Toxtricity, M|
|poke|p2|Porygon2|
|poke|p2|Walking Wake|
|poke|p2|Infernape, M|
|poke|p2|Vileplume, F|
|poke|p2|Weavile, F|
|poke|p2|Kingambit, F|
|teampreview
|inactive|Battle timer is ON: inactive players will automatically lose when time's up. (requested by u too slowbro)
|
|t:|1776060281
|teamsize|p1|6
|teamsize|p2|6
|start
|switch|p1a: Great Tusk|Great Tusk, shiny|100/100
|switch|p2a: Porygon2|Porygon2|100/100
|-ability|p2a: Porygon2|Download|boost
|-boost|p2a: Porygon2|spa|1
|turn|1
|
|t:|1776060290
|-terastallize|p2a: Porygon2|Ghost
|move|p1a: Great Tusk|Stealth Rock|p2a: Porygon2
|-sidestart|p2: rex27128|move: Stealth Rock
|move|p2a: Porygon2|Ice Beam|p1a: Great Tusk
|-supereffective|p1a: Great Tusk
|-damage|p1a: Great Tusk|0 fnt
|faint|p1a: Great Tusk
|-end|p1a: Great Tusk|Protosynthesis|[silent]
|
|upkeep
|
|t:|1776060308
|switch|p1a: Rotom|Rotom-Heat, shiny|100/100
|turn|2
|
|t:|1776060318
|move|p1a: Rotom|Will-O-Wisp|p2a: Porygon2
|-status|p2a: Porygon2|brn
|move|p2a: Porygon2|Shadow Ball|p1a: Rotom
|-damage|p1a: Rotom|39/100
|
|-damage|p2a: Porygon2|95/100 brn|[from] brn
|upkeep
|turn|3
|
|t:|1776060328
|move|p1a: Rotom|Overheat|p2a: Porygon2
|-damage|p2a: Porygon2|66/100 brn
|-unboost|p1a: Rotom|spa|2
|move|p2a: Porygon2|Shadow Ball|p1a: Rotom
|-damage|p1a: Rotom|0 fnt
|faint|p1a: Rotom
|
|-damage|p2a: Porygon2|60/100 brn|[from] brn
|upkeep
|
|t:|1776060335
|switch|p1a: Lucario|Lucario, M, shiny|100/100
|turn|4
|
|t:|1776060342
|move|p1a: Lucario|Crunch|p2a: Porygon2
|-supereffective|p2a: Porygon2
|-damage|p2a: Porygon2|19/100 brn
|-unboost|p2a: Porygon2|def|1
|-damage|p1a: Lucario|91/100|[from] item: Life Orb
|move|p2a: Porygon2|Shadow Ball|p1a: Lucario
|-damage|p1a: Lucario|0 fnt
|faint|p1a: Lucario
|
|-damage|p2a: Porygon2|13/100 brn|[from] brn
|upkeep
|
|t:|1776060351
|switch|p1a: Noivern|Noivern, M, shiny|100/100
|turn|5
|
|t:|1776060357
|move|p1a: Noivern|Flamethrower|p2a: Porygon2
|-damage|p2a: Porygon2|0 fnt
|faint|p2a: Porygon2
|
|upkeep
|
|t:|1776060364
|switch|p2a: Weavile|Weavile, F|100/100
|-damage|p2a: Weavile|75/100|[from] Stealth Rock
|-ability|p2a: Weavile|Pressure
|turn|6
|
|t:|1776060370
|move|p2a: Weavile|Fake Out|p1a: Noivern
|-damage|p1a: Noivern|83/100
|cant|p1a: Noivern|flinch
|
|upkeep
|turn|7
|
|t:|1776060381
|move|p1a: Noivern|Flamethrower|p2a: Weavile
|-supereffective|p2a: Weavile
|-damage|p2a: Weavile|0 fnt
|faint|p2a: Weavile
|
|upkeep
|
|t:|1776060387
|switch|p2a: Walking Wake|Walking Wake|100/100
|-damage|p2a: Walking Wake|88/100|[from] Stealth Rock
|-enditem|p2a: Walking Wake|Booster Energy
|-activate|p2a: Walking Wake|ability: Protosynthesis|[fromitem]
|-start|p2a: Walking Wake|protosynthesisspa
|turn|8
|
|t:|1776060394
|switch|p1a: Clodsire|Clodsire, M, shiny|100/100
|move|p2a: Walking Wake|Dragon Pulse|p1a: Clodsire
|-damage|p1a: Clodsire|71/100
|
|-heal|p1a: Clodsire|78/100|[from] item: Leftovers
|upkeep
|turn|9
|
|t:|1776060414
|move|p2a: Walking Wake|Dragon Pulse|p1a: Clodsire
|-damage|p1a: Clodsire|46/100
|move|p1a: Clodsire|Toxic|p2a: Walking Wake
|-status|p2a: Walking Wake|tox
|
|-heal|p1a: Clodsire|52/100|[from] item: Leftovers
|-damage|p2a: Walking Wake|82/100 tox|[from] psn
|upkeep
|turn|10
|
|t:|1776060424
|move|p2a: Walking Wake|Dragon Pulse|p1a: Clodsire
|-damage|p1a: Clodsire|23/100
|move|p1a: Clodsire|Recover|p1a: Clodsire
|-heal|p1a: Clodsire|73/100
|
|-heal|p1a: Clodsire|79/100|[from] item: Leftovers
|-damage|p2a: Walking Wake|70/100 tox|[from] psn
|upkeep
|turn|11
|
|t:|1776060436
|move|p2a: Walking Wake|Tera Blast|p1a: Clodsire
|-damage|p1a: Clodsire|60/100
|move|p1a: Clodsire|Spikes|p2a: Walking Wake
|-sidestart|p2: rex27128|Spikes
|
|-heal|p1a: Clodsire|66/100|[from] item: Leftovers
|-damage|p2a: Walking Wake|52/100 tox|[from] psn
|upkeep
|turn|12
|-message|rex27128 forfeited.
|
|win|u too slowbro
|raw|u too slowbro's rating: 1076 &rarr; <strong>1105</strong><br />(+29 for winning)
|raw|rex27128's rating: 1085 &rarr; <strong>1062</strong><br />(-23 for losing)
|l|☆rex27128
|player|p2|
|l|☆u too slowbro
|player|p1|
