|html|<div class="broadcast-blue"><strong>[Gen 9] OU is currently suspecting Volcarona! For information on how to participate check out the <a href="https://www.smogon.com/tools/suspects/view/208">suspect thread</a>.</strong></div>
|j|☆zermoon
|j|☆MARINE LE...
|t:|1778505769
|gametype|singles
|player|p1|zermoon|red|1140
|player|p2|MARINE LE...|palmer|1191
|gen|9
|tier|[Gen 9] OU
|rated|
|rule|HP Percentage Mod: HP is shown in percentages
|rule|Endless Battle Clause: Forcing endless battles is banned
|rule|Species Clause: Limit one of each Pokémon
|rule|OHKO Clause: OHKO moves are banned
|rule|Evasion Items Clause: Evasion items are banned
|rule|Evasion Moves Clause: Evasion moves are banned
|rule|Evasion Abilities Clause: Evasion abilities are banned
|rule|Sleep Moves Clause: Sleep-inducing moves are banned
|clearpoke
|poke|p1|Pikachu-Partner, M|
|poke|p1|Charizard, M|
|poke|p1|Venusaur, M|
|poke|p1|Blastoise, M|
|poke|p1|Lapras, M|
|poke|p1|Snorlax, M|
|poke|p2|Greninja-*, M|
|poke|p2|Gardevoir, F|
|poke|p2|Excadrill, F|
|poke|p2|Weavile, M|
|poke|p2|Moltres|
|poke|p2|Haxorus, F|
|teampreview
|c|☆MARINE LE...|tuff
|c|☆MARINE LE...|team
|
|t:|1778505790
|teamsize|p1|6
|teamsize|p2|6
|start
|switch|p1a: Snorlax|Snorlax, M|100/100
|switch|p2a: Excadrill|Excadrill, F|100/100
|-ability|p2a: Excadrill|Mold Breaker
|turn|1
|
|t:|1778505800
|move|p2a: Excadrill|Stealth Rock|p1a: Snorlax
|-sidestart|p1: zermoon|move: Stealth Rock
|move|p1a: Snorlax|Earthquake|p2a: Excadrill
|-supereffective|p2a: Excadrill
|-enditem|p2a: Excadrill|Focus Sash
|-damage|p2a: Excadrill|1/100
|
|upkeep
|turn|2
|
|t:|1778505816
|move|p2a: Excadrill|Earthquake|p1a: Snorlax
|-damage|p1a: Snorlax|55/100
|move|p1a: Snorlax|Earthquake|p2a: Excadrill
|-supereffective|p2a: Excadrill
|-damage|p2a: Excadrill|0 fnt
|faint|p2a: Excadrill
|
|upkeep
|
|t:|1778505824
|switch|p2a: Moltres|Moltres|100/100
|turn|3
|
|t:|1778505829
|move|p2a: Moltres|Will-O-Wisp|p1a: Snorlax
|-status|p1a: Snorlax|brn
|move|p1a: Snorlax|Body Slam|p2a: Moltres
|-damage|p2a: Moltres|87/100
|-status|p2a: Moltres|par
|
|-damage|p1a: Snorlax|49/100 brn|[from] brn
|upkeep
|turn|4
|
|t:|1778505851
|move|p2a: Moltres|Flamethrower|p1a: Snorlax
|-damage|p1a: Snorlax|38/100 brn
|move|p1a: Snorlax|Body Slam|p2a: Moltres
|-damage|p2a: Moltres|71/100 par
|
|-damage|p1a: Snorlax|32/100 brn|[from] brn
|upkeep
|turn|5
|
|t:|1778505862
|cant|p2a: Moltres|par
|move|p1a: Snorlax|Rest|p1a: Snorlax
|-status|p1a: Snorlax|slp|[from] move: Rest
|-heal|p1a: Snorlax|100/100 slp|[silent]
|
|upkeep
|turn|6
|
|t:|1778505873
|move|p2a: Moltres|U-turn|p1a: Snorlax
|-damage|p1a: Snorlax|88/100 slp
|
|t:|1778505877
|switch|p2a: Weavile|Weavile, M|100/100|[from] U-turn
|-ability|p2a: Weavile|Pressure
|cant|p1a: Snorlax|slp
|move|p1a: Snorlax|Sleep Talk|p1a: Snorlax
|move|p1a: Snorlax|Earthquake|p2a: Weavile|[from] move: Sleep Talk
|-damage|p2a: Weavile|38/100
|
|upkeep
|turn|7
|
|t:|1778505893
|move|p2a: Weavile|Low Kick|p1a: Snorlax
|-supereffective|p1a: Snorlax
|-enditem|p1a: Snorlax|Chople Berry|[eat]
|-enditem|p1a: Snorlax|Chople Berry|[weaken]
|-damage|p1a: Snorlax|49/100 slp
|cant|p1a: Snorlax|slp
|move|p1a: Snorlax|Sleep Talk|p1a: Snorlax
|move|p1a: Snorlax|Rest||[from] move: Sleep Talk|[still]
|-fail|p1a: Snorlax
|
|upkeep
|turn|8
|
|t:|1778505907
|move|p2a: Weavile|Low Kick|p1a: Snorlax
|-supereffective|p1a: Snorlax
|-damage|p1a: Snorlax|0 fnt
|faint|p1a: Snorlax
|
|upkeep
|
|t:|1778505917
|switch|p1a: Charizard|Charizard, M|100/100
|-damage|p1a: Charizard|51/100|[from] Stealth Rock
|turn|9
|
|t:|1778505934
|move|p1a: Charizard|Heat Wave|p2a: Weavile
|-supereffective|p2a: Weavile
|-damage|p2a: Weavile|0 fnt
|faint|p2a: Weavile
|
|upkeep
|
|t:|1778505941
|switch|p2a: Greninja|Greninja, M|100/100
|turn|10
|
|t:|1778505955
|switch|p1a: Venusaur|Venusaur, M|100/100
|-damage|p1a: Venusaur|88/100|[from] Stealth Rock
|move|p2a: Greninja|Water Shuriken|p1a: Venusaur
|-resisted|p1a: Venusaur
|-damage|p1a: Venusaur|85/100
|-resisted|p1a: Venusaur
|-damage|p1a: Venusaur|82/100
|-hitcount|p1a: Venusaur|2
|-damage|p2a: Greninja|91/100|[from] item: Life Orb
|
|-heal|p1a: Venusaur|88/100|[from] item: Black Sludge
|upkeep
|turn|11
|
|t:|1778505968
|-terastallize|p2a: Greninja|Poison
|move|p2a: Greninja|Ice Beam|p1a: Venusaur
|-supereffective|p1a: Venusaur
|-damage|p1a: Venusaur|43/100
|-damage|p2a: Greninja|81/100|[from] item: Life Orb
|move|p1a: Venusaur|Leech Seed|p2a: Greninja
|-start|p2a: Greninja|move: Leech Seed
|
|-heal|p1a: Venusaur|49/100|[from] item: Black Sludge
|-damage|p2a: Greninja|69/100|[from] Leech Seed|[of] p1a: Venusaur
|-heal|p1a: Venusaur|58/100|[silent]
|upkeep
|turn|12
|inactive|Battle timer is ON: inactive players will automatically lose when time's up. (requested by MARINE LE...)
|
|t:|1778505981
|switch|p2a: Moltres|Moltres|71/100 par
|move|p1a: Venusaur|Protect||[still]
|-fail|p1a: Venusaur
|
|-heal|p1a: Venusaur|64/100|[from] item: Black Sludge
|upkeep
|turn|13
|
|t:|1778506002
|switch|p1a: Blastoise|Blastoise, M|100/100
|-damage|p1a: Blastoise|88/100|[from] Stealth Rock
|cant|p2a: Moltres|par
|
|upkeep
|turn|14
|
|t:|1778506031
|switch|p2a: Gardevoir|Gardevoir, F|100/100
|move|p1a: Blastoise|Shell Smash|p1a: Blastoise
|-unboost|p1a: Blastoise|def|1
|-unboost|p1a: Blastoise|spd|1
|-boost|p1a: Blastoise|atk|2
|-boost|p1a: Blastoise|spa|2
|-boost|p1a: Blastoise|spe|2
|-enditem|p1a: Blastoise|White Herb
|-clearnegativeboost|p1a: Blastoise|[silent]
|
|upkeep
|turn|15
|
|t:|1778506046
|move|p1a: Blastoise|Surf|p2a: Gardevoir
|-damage|p2a: Gardevoir|23/100
|move|p2a: Gardevoir|Thunderbolt|p1a: Blastoise
|-supereffective|p1a: Blastoise
|-crit|p1a: Blastoise
|-damage|p1a: Blastoise|0 fnt
|faint|p1a: Blastoise
|
|upkeep
|
|t:|1778506057
|switch|p1a: Pikachu|Pikachu-Partner, M|100/100
|-damage|p1a: Pikachu|88/100|[from] Stealth Rock
|turn|16
|
|t:|1778506076
|switch|p2a: Haxorus|Haxorus, F|100/100
|-ability|p2a: Haxorus|Mold Breaker
|move|p1a: Pikachu|Fake Out|p2a: Haxorus
|-damage|p2a: Haxorus|90/100
|
|-heal|p2a: Haxorus|96/100|[from] item: Leftovers
|upkeep
|turn|17
|inactive|zermoon has 120 seconds left.
|
|t:|1778506097
|switch|p1a: Lapras|Lapras, M|100/100
|-damage|p1a: Lapras|75/100|[from] Stealth Rock
|move|p2a: Haxorus|Dragon Dance|p2a: Haxorus
|-boost|p2a: Haxorus|atk|1
|-boost|p2a: Haxorus|spe|1
|
|-heal|p2a: Haxorus|100/100|[from] item: Leftovers
|-heal|p1a: Lapras|82/100|[from] item: Leftovers
|upkeep
|turn|18
|inactive|zermoon has 120 seconds left.
|
|t:|1778506113
|move|p2a: Haxorus|Iron Head|p1a: Lapras
|-damage|p1a: Lapras|34/100
|move|p1a: Lapras|Reflect|p1a: Lapras
|-sidestart|p1: zermoon|Reflect
|
|-heal|p1a: Lapras|40/100|[from] item: Leftovers
|upkeep
|turn|19
|
|t:|1778506125
|move|p2a: Haxorus|Dragon Claw|p1a: Lapras
|-damage|p1a: Lapras|8/100
|move|p1a: Lapras|Perish Song|p1a: Lapras
|-start|p1a: Lapras|perish3|[silent]
|-start|p2a: Haxorus|perish3|[silent]
|-fieldactivate|move: Perish Song
|
|-heal|p1a: Lapras|15/100|[from] item: Leftovers
|-start|p2a: Haxorus|perish3
|-start|p1a: Lapras|perish3
|upkeep
|turn|20
|
|t:|1778506136
|switch|p2a: Greninja|Greninja, M, tera:Poison|69/100
|move|p1a: Lapras|Whirlpool|p2a: Greninja|[miss]
|-miss|p1a: Lapras|p2a: Greninja
|
|-heal|p1a: Lapras|21/100|[from] item: Leftovers
|-start|p1a: Lapras|perish2
|upkeep
|turn|21
|
|t:|1778506146
|move|p1a: Lapras|Protect|p1a: Lapras
|-singleturn|p1a: Lapras|Protect
|move|p2a: Greninja|Dark Pulse|p1a: Lapras
|-activate|p1a: Lapras|move: Protect
|
|-heal|p1a: Lapras|27/100|[from] item: Leftovers
|-start|p1a: Lapras|perish1
|upkeep
|turn|22
|
|t:|1778506159
|switch|p1a: Venusaur|Venusaur, M|64/100
|-damage|p1a: Venusaur|52/100|[from] Stealth Rock
|move|p2a: Greninja|Dark Pulse|p1a: Venusaur
|-damage|p1a: Venusaur|18/100
|-damage|p2a: Greninja|59/100|[from] item: Life Orb
|
|-heal|p1a: Venusaur|24/100|[from] item: Black Sludge
|-sideend|p1: zermoon|Reflect
|upkeep
|turn|23
|
|t:|1778506175
|move|p1a: Venusaur|Protect|p1a: Venusaur
|-singleturn|p1a: Venusaur|Protect
|move|p2a: Greninja|Ice Beam|p1a: Venusaur
|-activate|p1a: Venusaur|move: Protect
|
|-heal|p1a: Venusaur|30/100|[from] item: Black Sludge
|upkeep
|turn|24
|
|t:|1778506185
|move|p2a: Greninja|Ice Beam|p1a: Venusaur
|-supereffective|p1a: Venusaur
|-damage|p1a: Venusaur|0 fnt
|faint|p1a: Venusaur
|-ability|p2a: Greninja|Battle Bond|boost
|-boost|p2a: Greninja|atk|1
|-boost|p2a: Greninja|spa|1
|-boost|p2a: Greninja|spe|1
|-activate|p2a: Greninja|ability: Battle Bond
|-damage|p2a: Greninja|49/100|[from] item: Life Orb
|
|upkeep
|inactive|zermoon has 90 seconds left.
|
|t:|1778506206
|switch|p1a: Pikachu|Pikachu-Partner, M|88/100
|-damage|p1a: Pikachu|76/100|[from] Stealth Rock
|turn|25
|
|t:|1778506214
|move|p1a: Pikachu|Fake Out|p2a: Greninja
|-damage|p2a: Greninja|36/100
|cant|p2a: Greninja|flinch
|
|upkeep
|turn|26
|
|t:|1778506222
|move|p2a: Greninja|Water Shuriken|p1a: Pikachu
|-damage|p1a: Pikachu|42/100
|-damage|p1a: Pikachu|9/100
|-damage|p1a: Pikachu|0 fnt
|faint|p1a: Pikachu
|-hitcount|p1: Pikachu|3
|-damage|p2a: Greninja|26/100|[from] item: Life Orb
|
|upkeep
|
|t:|1778506231
|switch|p1a: Charizard|Charizard, M|51/100
|-damage|p1a: Charizard|1/100|[from] Stealth Rock
|turn|27
|
|t:|1778506236
|move|p2a: Greninja|Water Shuriken|p1a: Charizard
|-supereffective|p1a: Charizard
|-damage|p1a: Charizard|0 fnt
|faint|p1a: Charizard
|-hitcount|p1: Charizard|1
|-damage|p2a: Greninja|16/100|[from] item: Life Orb
|
|upkeep
|-message|zermoon forfeited.
|
|win|MARINE LE...
|raw|zermoon's rating: 1140 &rarr; <strong>1119</strong><br />(-21 for losing)
|raw|MARINE LE...'s rating: 1191 &rarr; <strong>1212</strong><br />(+21 for winning)
|l|☆zermoon
|player|p1|
|l|☆MARINE LE...
|player|p2|
