|html|<div class="broadcast-blue"><strong>[Gen 9] OU is currently suspecting Tera Blast! For information on how to participate check out the <a href="https://www.smogon.com/tools/suspects/view/200">suspect thread</a>.</strong></div>
|j|☆AKGD
|j|☆realbreadhours
|t:|1776301052
|gametype|singles
|player|p1|AKGD|hilbert|1381
|player|p2|realbreadhours|clair|1339
|gen|9
|tier|[Gen 9] OU
|rated|
|rule|HP Percentage Mod: HP is shown in percentages
|rule|Endless Battle Clause: Forcing endless battles is banned
|rule|Species Clause: Limit one of each Pokémon
|rule|OHKO Clause: OHKO moves are banned
|rule|Evasion Items Clause: Evasion items are banned
|rule|Evasion Moves Clause: Evasion moves are banned
|rule|Evasion Abilities Clause: Evasion abilities are banned
|rule|Sleep Moves Clause: Sleep-inducing moves are banned
|clearpoke
|poke|p1|Dragapult, F|
|poke|p1|Raging Bolt|
|poke|p1|Iron Moth|
|poke|p1|Great Tusk|
|poke|p1|Ogerpon-Wellspring, F|
|poke|p1|Landorus-Therian, M|
|poke|p2|Glimmora, F|
|poke|p2|Gholdengo|
|poke|p2|Dragonite, F|
|poke|p2|Zapdos|
|poke|p2|Primarina, M|
|poke|p2|Kingambit, M|
|teampreview
|inactive|Battle timer is ON: inactive players will automatically lose when time's up. (requested by AKGD)
|inactive|realbreadhours has 120 seconds left.
|
|t:|1776301096
|teamsize|p1|6
|teamsize|p2|6
|start
|switch|p1a: Landorus|Landorus-Therian, M|100/100
|switch|p2a: Glimmora|Glimmora, F|100/100
|-ability|p1a: Landorus|Intimidate|boost
|-unboost|p2a: Glimmora|atk|1
|turn|1
|-activate|p1a: Landorus|item: Quick Claw
|
|t:|1776301110
|move|p1a: Landorus|Rock Slide|p2a: Glimmora
|-damage|p2a: Glimmora|64/100
|-activate|p2a: Glimmora|ability: Toxic Debris
|-sidestart|p1: AKGD|move: Toxic Spikes
|move|p2a: Glimmora|Stealth Rock|p1a: Landorus
|-sidestart|p1: AKGD|move: Stealth Rock
|
|upkeep
|turn|2
|-activate|p1a: Landorus|item: Quick Claw
|
|t:|1776301127
|move|p1a: Landorus|Earthquake|p2a: Glimmora
|-supereffective|p2a: Glimmora
|-damage|p2a: Glimmora|0 fnt
|-activate|p2a: Glimmora|ability: Toxic Debris
|-sidestart|p1: AKGD|move: Toxic Spikes
|faint|p2a: Glimmora
|
|upkeep
|
|t:|1776301145
|switch|p2a: Primarina|Primarina, M|100/100
|turn|3
|
|t:|1776301161
|switch|p1a: Raging Bolt|Raging Bolt|100/100
|-status|p1a: Raging Bolt|tox
|-damage|p1a: Raging Bolt|88/100 tox|[from] Stealth Rock
|-enditem|p1a: Raging Bolt|Booster Energy
|-activate|p1a: Raging Bolt|ability: Protosynthesis|[fromitem]
|-start|p1a: Raging Bolt|protosynthesisspa
|move|p2a: Primarina|Substitute|p2a: Primarina
|-start|p2a: Primarina|Substitute
|-damage|p2a: Primarina|76/100
|
|-heal|p2a: Primarina|82/100|[from] item: Leftovers
|-damage|p1a: Raging Bolt|82/100 tox|[from] psn
|upkeep
|turn|4
|
|t:|1776301176
|move|p1a: Raging Bolt|Thunderbolt|p2a: Primarina
|-supereffective|p2a: Primarina
|-end|p2a: Primarina|Substitute
|move|p2a: Primarina|Draining Kiss|p1a: Raging Bolt
|-supereffective|p1a: Raging Bolt
|-damage|p1a: Raging Bolt|28/100 tox
|-heal|p2a: Primarina|100/100|[from] drain|[of] p1a: Raging Bolt
|
|-damage|p1a: Raging Bolt|16/100 tox|[from] psn
|upkeep
|turn|5
|inactive|realbreadhours has 120 seconds left.
|
|t:|1776301214
|switch|p2a: Zapdos|Zapdos|100/100
|move|p1a: Raging Bolt|Thunderbolt|p2a: Zapdos
|-damage|p2a: Zapdos|21/100
|
|-damage|p1a: Raging Bolt|0 fnt|[from] psn
|faint|p1a: Raging Bolt
|-end|p1a: Raging Bolt|Protosynthesis|[silent]
|upkeep
|
|t:|1776301229
|switch|p1a: Great Tusk|Great Tusk|100/100
|-status|p1a: Great Tusk|tox
|-damage|p1a: Great Tusk|98/100 tox|[from] Stealth Rock
|-enditem|p1a: Great Tusk|Booster Energy
|-activate|p1a: Great Tusk|ability: Protosynthesis|[fromitem]
|-start|p1a: Great Tusk|protosynthesisatk
|turn|6
|inactive|AKGD has 120 seconds left.
|
|t:|1776301248
|move|p2a: Zapdos|Hurricane|p1a: Great Tusk
|-supereffective|p1a: Great Tusk
|-damage|p1a: Great Tusk|0 fnt
|faint|p1a: Great Tusk
|-end|p1a: Great Tusk|Protosynthesis|[silent]
|
|upkeep
|inactive|AKGD has 120 seconds left.
|
|t:|1776301257
|switch|p1a: Landorus|Landorus-Therian, M|100/100
|-damage|p1a: Landorus|88/100|[from] Stealth Rock
|-ability|p1a: Landorus|Intimidate|boost
|-unboost|p2a: Zapdos|atk|1
|turn|7
|inactive|AKGD has 120 seconds left.
|
|t:|1776301270
|move|p2a: Zapdos|Roost|p2a: Zapdos
|-heal|p2a: Zapdos|71/100
|-singleturn|p2a: Zapdos|move: Roost
|move|p1a: Landorus|Smack Down|p2a: Zapdos
|-damage|p2a: Zapdos|48/100
|
|upkeep
|turn|8
|inactive|AKGD has 120 seconds left.
|
|t:|1776301287
|switch|p2a: Dragonite|Dragonite, F|100/100
|move|p1a: Landorus|Smack Down|p2a: Dragonite
|-supereffective|p2a: Dragonite
|-damage|p2a: Dragonite|80/100
|-start|p2a: Dragonite|Smack Down
|
|upkeep
|turn|9
|inactive|AKGD has 120 seconds left.
|
|t:|1776301303
|move|p1a: Landorus|Rock Slide|p2a: Dragonite
|-supereffective|p2a: Dragonite
|-damage|p2a: Dragonite|17/100
|cant|p2a: Dragonite|flinch
|
|upkeep
|turn|10
|inactive|AKGD has 120 seconds left.
|
|t:|1776301311
|move|p1a: Landorus|Smack Down|p2a: Dragonite
|-supereffective|p2a: Dragonite
|-damage|p2a: Dragonite|0 fnt
|faint|p2a: Dragonite
|
|upkeep
|
|t:|1776301315
|switch|p2a: Primarina|Primarina, M|100/100
|turn|11
|inactive|AKGD has 120 seconds left.
|
|t:|1776301334
|move|p1a: Landorus|Earthquake|p2a: Primarina
|-damage|p2a: Primarina|27/100
|move|p2a: Primarina|Substitute|p2a: Primarina
|-start|p2a: Primarina|Substitute
|-damage|p2a: Primarina|2/100
|
|-heal|p2a: Primarina|8/100|[from] item: Leftovers
|upkeep
|turn|12
|
|t:|1776301343
|move|p1a: Landorus|Earthquake|p2a: Primarina
|-crit|p2a: Primarina
|-end|p2a: Primarina|Substitute
|move|p2a: Primarina|Hyper Voice|p1a: Landorus
|-supereffective|p1a: Landorus
|-damage|p1a: Landorus|0 fnt
|faint|p1a: Landorus
|
|-heal|p2a: Primarina|14/100|[from] item: Leftovers
|upkeep
|inactive|AKGD has 120 seconds left.
|
|t:|1776301356
|switch|p1a: Iron Moth|Iron Moth|100/100
|-sideend|p1: AKGD|move: Toxic Spikes|[of] p1a: Iron Moth
|-damage|p1a: Iron Moth|76/100|[from] Stealth Rock
|-enditem|p1a: Iron Moth|Booster Energy
|-activate|p1a: Iron Moth|ability: Quark Drive|[fromitem]
|-start|p1a: Iron Moth|quarkdrivespe
|turn|13
|inactive|AKGD has 120 seconds left.
|
|t:|1776301366
|move|p1a: Iron Moth|Fiery Dance|p2a: Primarina
|-resisted|p2a: Primarina
|-damage|p2a: Primarina|0 fnt
|faint|p2a: Primarina
|
|upkeep
|
|t:|1776301376
|switch|p2a: Zapdos|Zapdos|48/100
|turn|14
|
|t:|1776301383
|move|p1a: Iron Moth|Fiery Dance|p2a: Zapdos
|-damage|p2a: Zapdos|0 fnt
|-boost|p1a: Iron Moth|spa|1
|faint|p2a: Zapdos
|
|upkeep
|
|t:|1776301388
|switch|p2a: Gholdengo|Gholdengo|100/100
|-item|p2a: Gholdengo|Air Balloon
|turn|15
|
|t:|1776301395
|move|p1a: Iron Moth|Fiery Dance|p2a: Gholdengo
|-supereffective|p2a: Gholdengo
|-damage|p2a: Gholdengo|0 fnt
|-boost|p1a: Iron Moth|spa|1
|-enditem|p2a: Gholdengo|Air Balloon
|faint|p2a: Gholdengo
|
|upkeep
|
|t:|1776301398
|switch|p2a: Kingambit|Kingambit, M|100/100
|-activate|p2a: Kingambit|ability: Supreme Overlord
|-start|p2a: Kingambit|fallen5|[silent]
|turn|16
|
|t:|1776301408
|move|p2a: Kingambit|Sucker Punch|p1a: Iron Moth
|-damage|p1a: Iron Moth|0 fnt
|faint|p1a: Iron Moth
|-end|p1a: Iron Moth|Quark Drive|[silent]
|
|upkeep
|
|t:|1776301418
|switch|p1a: Ogerpon|Ogerpon-Wellspring, F|100/100
|-damage|p1a: Ogerpon|88/100|[from] Stealth Rock
|turn|17
|
|t:|1776301429
|-terastallize|p1a: Ogerpon|Water
|detailschange|p1a: Ogerpon|Ogerpon-Wellspring-Tera, F, tera:Water
|-ability|p1a: Ogerpon|Embody Aspect (Wellspring)|boost
|-boost|p1a: Ogerpon|spd|1
|move|p1a: Ogerpon|Ivy Cudgel|p2a: Kingambit|[anim] Ivy Cudgel Water
|-damage|p2a: Kingambit|41/100
|move|p2a: Kingambit|Kowtow Cleave|p1a: Ogerpon
|-damage|p1a: Ogerpon|0 fnt
|faint|p1a: Ogerpon
|detailschange|p1: Ogerpon|Ogerpon-Wellspring, F|[silent]
|
|upkeep
|
|t:|1776301440
|switch|p1a: Dragjet|Dragapult, F|100/100
|-damage|p1a: Dragjet|88/100|[from] Stealth Rock
|turn|18
|
|t:|1776301452
|move|p2a: Kingambit|Sucker Punch||[still]
|-fail|p2a: Kingambit
|move|p1a: Dragjet|Dragon Dance|p1a: Dragjet
|-boost|p1a: Dragjet|atk|1
|-boost|p1a: Dragjet|spe|1
|
|upkeep
|turn|19
|inactive|AKGD has 120 seconds left.
|
|t:|1776301479
|move|p1a: Dragjet|Flamethrower|p2a: Kingambit
|-supereffective|p2a: Kingambit
|-crit|p2a: Kingambit
|-damage|p2a: Kingambit|0 fnt
|faint|p2a: Kingambit
|-end|p2a: Kingambit|fallen5|[silent]
|
|win|AKGD
|raw|AKGD's rating: 1381 &rarr; <strong>1400</strong><br />(+19 for winning)
|raw|realbreadhours's rating: 1356 &rarr; <strong>1337</strong><br />(-19 for losing)
|c|☆AKGD|GG
|l|☆realbreadhours
|player|p2|
|c|☆AKGD|Omg
|c|☆AKGD|I actually predicted
