|html|<div class="broadcast-blue"><strong>[Gen 9] OU is currently suspecting Tera Blast! For information on how to participate check out the <a href="https://www.smogon.com/tools/suspects/view/200">suspect thread</a>.</strong></div>
|j|☆Jaidonsonc11kodak
|j|☆CH3KO1999
|t:|1776281756
|gametype|singles
|player|p1|Jaidonsonc11kodak|169|1046
|player|p2|CH3KO1999|102|1076
|gen|9
|tier|[Gen 9] OU
|rated|
|rule|HP Percentage Mod: HP is shown in percentages
|rule|Endless Battle Clause: Forcing endless battles is banned
|rule|Species Clause: Limit one of each Pokémon
|rule|OHKO Clause: OHKO moves are banned
|rule|Evasion Items Clause: Evasion items are banned
|rule|Evasion Moves Clause: Evasion moves are banned
|rule|Evasion Abilities Clause: Evasion abilities are banned
|rule|Sleep Moves Clause: Sleep-inducing moves are banned
|clearpoke
|poke|p1|Cinderace, F|
|poke|p1|Alomomola, M|
|poke|p1|Hydrapple, M|
|poke|p1|Araquanid, F|
|poke|p1|Kingambit, F|
|poke|p1|Iron Treads|
|poke|p2|Ceruledge, M|
|poke|p2|Moltres-Galar|
|poke|p2|Clodsire, M|
|poke|p2|Primarina, M|
|poke|p2|Incineroar, M|
|poke|p2|Rillaboom, F|
|teampreview
|inactive|Battle timer is ON: inactive players will automatically lose when time's up. (requested by CH3KO1999)
|c|☆Jaidonsonc11kodak|My hg picked me team
|c|☆Jaidonsonc11kodak|chill on me
|
|t:|1776281776
|teamsize|p1|6
|teamsize|p2|6
|start
|switch|p1a: Cinderace|Cinderace, F, shiny|100/100
|switch|p2a: Rillaboom|Rillaboom, F|100/100
|-fieldstart|move: Grassy Terrain|[from] ability: Grassy Surge|[of] p2a: Rillaboom
|turn|1
|c|☆Jaidonsonc11kodak|She knows the meta
|
|t:|1776281785
|switch|p2a: Incineroar|Incineroar, M|100/100
|-ability|p2a: Incineroar|Intimidate|boost
|-unboost|p1a: Cinderace|atk|1
|move|p1a: Cinderace|U-turn|p2a: Incineroar
|-start|p1a: Cinderace|typechange|Bug|[from] ability: Libero
|-damage|p2a: Incineroar|79/100
|
|t:|1776281798
|switch|p1a: Alomomola|Alomomola, M|100/100|[from] U-turn
|
|-heal|p2a: Incineroar|85/100|[from] Grassy Terrain
|upkeep
|turn|2
|
|t:|1776281808
|move|p1a: Alomomola|Flip Turn|p2a: Incineroar
|-supereffective|p2a: Incineroar
|-damage|p2a: Incineroar|56/100
|
|t:|1776281812
|switch|p1a: Araquanid|Araquanid, F|100/100|[from] Flip Turn
|move|p2a: Incineroar|Parting Shot|p1a: Araquanid
|-unboost|p1a: Araquanid|atk|1
|-unboost|p1a: Araquanid|spa|1
|
|t:|1776281826
|switch|p2a: Moltres|Moltres-Galar|100/100|[from] Parting Shot
|
|upkeep
|turn|3
|
|t:|1776281842
|move|p2a: Moltres|Fiery Wrath|p1a: Araquanid
|-damage|p1a: Araquanid|69/100
|move|p1a: Araquanid|Liquidation|p2a: Moltres
|-damage|p2a: Moltres|63/100
|
|-heal|p1a: Araquanid|75/100|[from] Grassy Terrain
|upkeep
|turn|4
|
|t:|1776281861
|move|p2a: Moltres|Nasty Plot|p2a: Moltres
|-boost|p2a: Moltres|spa|2
|move|p1a: Araquanid|Liquidation|p2a: Moltres
|-damage|p2a: Moltres|25/100
|-enditem|p2a: Moltres|Salac Berry|[eat]
|-boost|p2a: Moltres|spe|1|[from] item: Salac Berry
|-ability|p2a: Moltres|Berserk|boost
|-boost|p2a: Moltres|spa|1
|
|-heal|p1a: Araquanid|81/100|[from] Grassy Terrain
|upkeep
|turn|5
|
|t:|1776281878
|move|p2a: Moltres|Air Slash|p1a: Araquanid
|-supereffective|p1a: Araquanid
|-damage|p1a: Araquanid|0 fnt
|faint|p1a: Araquanid
|
|upkeep
|
|t:|1776281884
|switch|p1a: Cinderace|Cinderace, F, shiny|100/100
|turn|6
|
|t:|1776281892
|move|p1a: Cinderace|U-turn|p2a: Moltres
|-start|p1a: Cinderace|typechange|Bug|[from] ability: Libero
|-damage|p2a: Moltres|0 fnt
|faint|p2a: Moltres
|inactive|Jaidonsonc11kodak has 120 seconds left.
|
|t:|1776281907
|switch|p1a: Hydrapple|Hydrapple, M, shiny|100/100|[from] U-turn
|
|upkeep
|
|t:|1776281913
|switch|p2a: Primarina|Primarina, M|100/100
|turn|7
|inactive|Jaidonsonc11kodak has 120 seconds left.
|
|t:|1776281958
|move|p2a: Primarina|Ice Beam|p1a: Hydrapple
|-supereffective|p1a: Hydrapple
|-damage|p1a: Hydrapple|11/100
|move|p1a: Hydrapple|Earth Power|p2a: Primarina
|-damage|p2a: Primarina|81/100
|
|-heal|p2a: Primarina|87/100|[from] Grassy Terrain
|-heal|p1a: Hydrapple|17/100|[from] Grassy Terrain
|upkeep
|turn|8
|
|t:|1776281978
|switch|p1a: Alomomola|Alomomola, M|100/100
|move|p2a: Primarina|Surf|p1a: Alomomola
|-resisted|p1a: Alomomola
|-damage|p1a: Alomomola|76/100
|
|-heal|p2a: Primarina|93/100|[from] Grassy Terrain
|-heal|p1a: Alomomola|82/100|[from] Grassy Terrain
|-heal|p1a: Alomomola|89/100|[from] item: Leftovers
|-fieldend|move: Grassy Terrain
|upkeep
|turn|9
|inactive|Jaidonsonc11kodak has 90 seconds left.
|
|t:|1776282004
|move|p2a: Primarina|Moonblast|p1a: Alomomola
|-damage|p1a: Alomomola|38/100
|move|p1a: Alomomola|Wish|p1a: Alomomola
|
|-heal|p1a: Alomomola|44/100|[from] item: Leftovers
|upkeep
|turn|10
|
|t:|1776282016
|move|p1a: Alomomola|Protect|p1a: Alomomola
|-singleturn|p1a: Alomomola|Protect
|move|p2a: Primarina|Moonblast|p1a: Alomomola
|-activate|p1a: Alomomola|move: Protect
|
|-heal|p1a: Alomomola|94/100|[from] move: Wish|[wisher] Alomomola
|-heal|p1a: Alomomola|100/100|[from] item: Leftovers
|upkeep
|turn|11
|inactive|Jaidonsonc11kodak has 90 seconds left.
|
|t:|1776282027
|move|p2a: Primarina|Moonblast|p1a: Alomomola
|-damage|p1a: Alomomola|52/100
|-unboost|p1a: Alomomola|spa|1
|move|p1a: Alomomola|Flip Turn|p2a: Primarina
|-resisted|p2a: Primarina
|-damage|p2a: Primarina|83/100
|
|t:|1776282038
|switch|p1a: Iron Treads|Iron Treads|100/100|[from] Flip Turn
|-enditem|p1a: Iron Treads|Booster Energy
|-activate|p1a: Iron Treads|ability: Quark Drive|[fromitem]
|-start|p1a: Iron Treads|quarkdriveatk
|
|upkeep
|turn|12
|
|t:|1776282050
|move|p1a: Iron Treads|Supercell Slam|p2a: Primarina
|-supereffective|p2a: Primarina
|-damage|p2a: Primarina|0 fnt
|faint|p2a: Primarina
|
|upkeep
|
|t:|1776282058
|switch|p2a: Rillaboom|Rillaboom, F|100/100
|-fieldstart|move: Grassy Terrain|[from] ability: Grassy Surge|[of] p2a: Rillaboom
|turn|13
|inactive|Jaidonsonc11kodak has 90 seconds left.
|
|t:|1776282069
|-end|p1a: Iron Treads|Quark Drive|[silent]
|switch|p1a: Hydrapple|Hydrapple, M, shiny|50/100
|move|p2a: Rillaboom|Wood Hammer|p1a: Hydrapple
|-resisted|p1a: Hydrapple
|-damage|p1a: Hydrapple|34/100
|-damage|p2a: Rillaboom|95/100|[from] Recoil
|
|-heal|p2a: Rillaboom|100/100|[from] Grassy Terrain
|-heal|p1a: Hydrapple|40/100|[from] Grassy Terrain
|upkeep
|turn|14
|inactive|Jaidonsonc11kodak has 90 seconds left.
|
|t:|1776282082
|move|p2a: Rillaboom|U-turn|p1a: Hydrapple
|-supereffective|p1a: Hydrapple
|-damage|p1a: Hydrapple|1/100
|
|t:|1776282085
|switch|p2a: Ceruledge|Ceruledge, M|100/100|[from] U-turn
|move|p1a: Hydrapple|Fickle Beam|p2a: Ceruledge
|-damage|p2a: Ceruledge|48/100
|
|-heal|p2a: Ceruledge|54/100|[from] Grassy Terrain
|-heal|p1a: Hydrapple|7/100|[from] Grassy Terrain
|upkeep
|turn|15
|inactive|Jaidonsonc11kodak has 90 seconds left.
|
|t:|1776282096
|move|p2a: Ceruledge|Swords Dance|p2a: Ceruledge
|-boost|p2a: Ceruledge|atk|2
|move|p1a: Hydrapple|Earth Power|p2a: Ceruledge
|-supereffective|p2a: Ceruledge
|-crit|p2a: Ceruledge
|-damage|p2a: Ceruledge|0 fnt
|faint|p2a: Ceruledge
|
|-heal|p1a: Hydrapple|13/100|[from] Grassy Terrain
|upkeep
|
|t:|1776282116
|switch|p2a: Clodsire|Clodsire, M|100/100
|turn|16
|inactive|CH3KO1999 has 120 seconds left.
|l|☆CH3KO1999
|inactive|CH3KO1999 disconnected and has a minute to reconnect!
|player|p2|
|inactive|CH3KO1999 has 30 seconds to reconnect!
|inactive|CH3KO1999 has 20 seconds to reconnect!
|inactive|CH3KO1999 has 15 seconds to reconnect!
|inactive|CH3KO1999 has 10 seconds to reconnect!
|l|☆Jaidonsonc11kodak
|inactive|Jaidonsonc11kodak disconnected and has a minute to reconnect!
|player|p1|
|inactive|CH3KO1999 has 5 seconds to reconnect!
|-message|CH3KO1999 lost due to inactivity.
|
|win|Jaidonsonc11kodak
|raw|Jaidonsonc11kodak's rating: 1046 &rarr; <strong>1082</strong><br />(+36 for winning)
|raw|CH3KO1999's rating: 1076 &rarr; <strong>1053</strong><br />(-23 for losing)
|j|☆Jaidonsonc11kodak
|player|p1|Jaidonsonc11kodak|169|
|l|☆Jaidonsonc11kodak
|player|p1|
|j|☆Jaidonsonc11kodak
|player|p1|Jaidonsonc11kodak|169|
