|html|<div class="broadcast-blue"><strong>[Gen 9] OU is currently suspecting Tera Blast! For information on how to participate check out the <a href="https://www.smogon.com/tools/suspects/view/200">suspect thread</a>.</strong></div>
|j|☆jardinier05
|j|☆coletade_oleo
|t:|1776079569
|gametype|singles
|player|p1|jardinier05|1|1250
|player|p2|coletade_oleo|bruno|1218
|gen|9
|tier|[Gen 9] OU
|rated|
|rule|HP Percentage Mod: HP is shown in percentages
|rule|Endless Battle Clause: Forcing endless battles is banned
|rule|Species Clause: Limit one of each Pokémon
|rule|OHKO Clause: OHKO moves are banned
|rule|Evasion Items Clause: Evasion items are banned
|rule|Evasion Moves Clause: Evasion moves are banned
|rule|Evasion Abilities Clause: Evasion abilities are banned
|rule|Sleep Moves Clause: Sleep-inducing moves are banned
|clearpoke
|poke|p1|Venusaur, M|
|poke|p1|Ninetales, F|
|poke|p1|Landorus-Therian, M|
|poke|p1|Zamazenta-*|
|poke|p1|Samurott-Hisui, F|
|poke|p1|Weezing-Galar, F|
|poke|p2|Toxtricity-Low-Key, M|
|poke|p2|Charjabug, F|
|poke|p2|Azelf|
|poke|p2|Ceruledge, F|
|poke|p2|Samurott-Hisui, F|
|poke|p2|Sinistcha-Masterpiece|
|teampreview
|
|t:|1776079585
|teamsize|p1|6
|teamsize|p2|6
|start
|switch|p1a: Landorus|Landorus-Therian, M|100/100
|switch|p2a: Charjabug|Charjabug, F|100/100
|-ability|p1a: Landorus|Intimidate|boost
|-unboost|p2a: Charjabug|atk|1
|turn|1
|
|t:|1776079598
|move|p1a: Landorus|Stone Edge|p2a: Charjabug
|-supereffective|p2a: Charjabug
|-damage|p2a: Charjabug|58/100
|move|p2a: Charjabug|Sticky Web|p1a: Landorus
|-sidestart|p1: jardinier05|move: Sticky Web
|
|upkeep
|turn|2
|
|t:|1776079610
|move|p1a: Landorus|Stone Edge|p2a: Charjabug
|-supereffective|p2a: Charjabug
|-damage|p2a: Charjabug|21/100
|move|p2a: Charjabug|Electric Terrain|p2a: Charjabug
|-fieldstart|move: Electric Terrain
|
|upkeep
|turn|3
|
|t:|1776079624
|switch|p2a: Samurott|Samurott-Hisui, F|100/100
|move|p1a: Landorus|Earthquake|p2a: Samurott
|-damage|p2a: Samurott|26/100
|
|upkeep
|turn|4
|
|t:|1776079636
|move|p1a: Landorus|U-turn|p2a: Samurott
|-supereffective|p2a: Samurott
|-damage|p2a: Samurott|0 fnt
|faint|p2a: Samurott
|
|t:|1776079638
|switch|p1a: Weezing|Weezing-Galar, F|100/100|[from] U-turn
|
|upkeep
|
|t:|1776079651
|switch|p2a: Azelf|Azelf|100/100
|turn|5
|inactive|Battle timer is ON: inactive players will automatically lose when time's up. (requested by coletade_oleo)
|c|☆jardinier05|To many weakness to ground type
|
|t:|1776079683
|switch|p1a: Samurott|Samurott-Hisui, F|100/100
|-activate|p1a: Samurott|move: Sticky Web
|-unboost|p1a: Samurott|spe|1
|move|p2a: Azelf|Mystical Power|p1a: Samurott
|-immune|p1a: Samurott
|
|upkeep
|turn|6
|
|t:|1776079691
|switch|p2a: Charjabug|Charjabug, F|21/100
|move|p1a: Samurott|Knock Off|p2a: Charjabug
|-damage|p2a: Charjabug|0 fnt
|-enditem|p2a: Charjabug|Eviolite|[from] move: Knock Off|[of] p1a: Samurott
|faint|p2a: Charjabug
|
|-fieldend|move: Electric Terrain
|upkeep
|
|t:|1776079699
|switch|p2a: Toxtricity|Toxtricity-Low-Key, M|100/100
|turn|7
|
|t:|1776079712
|move|p2a: Toxtricity|Overdrive|p1a: Samurott
|-supereffective|p1a: Samurott
|-damage|p1a: Samurott|0 fnt
|faint|p1a: Samurott
|
|upkeep
|
|t:|1776079716
|switch|p1a: Landorus|Landorus-Therian, M|100/100
|-ability|p1a: Landorus|Intimidate|boost
|-unboost|p2a: Toxtricity|atk|1
|turn|8
|
|t:|1776079721
|switch|p2a: Ceruledge|Ceruledge, F|100/100
|-item|p2a: Ceruledge|Air Balloon
|move|p1a: Landorus|Earthquake|p2a: Ceruledge
|-immune|p2a: Ceruledge
|
|upkeep
|turn|9
|
|t:|1776079728
|move|p1a: Landorus|Stone Edge|p2a: Ceruledge
|-supereffective|p2a: Ceruledge
|-damage|p2a: Ceruledge|10/100
|-enditem|p2a: Ceruledge|Air Balloon
|move|p2a: Ceruledge|Bulk Up|p2a: Ceruledge
|-boost|p2a: Ceruledge|atk|1
|-boost|p2a: Ceruledge|def|1
|
|upkeep
|turn|10
|
|t:|1776079736
|move|p2a: Ceruledge|Shadow Sneak|p1a: Landorus
|-damage|p1a: Landorus|60/100
|move|p1a: Landorus|U-turn|p2a: Ceruledge
|-resisted|p2a: Ceruledge
|-damage|p2a: Ceruledge|5/100
|
|t:|1776079740
|switch|p1a: Weezing|Weezing-Galar, F|100/100|[from] U-turn
|
|upkeep
|turn|11
|
|t:|1776079753
|move|p2a: Ceruledge|Bitter Blade|p1a: Weezing
|-damage|p1a: Weezing|35/100
|-heal|p2a: Ceruledge|36/100|[from] drain|[of] p1a: Weezing
|move|p1a: Weezing|Defog|p2a: Ceruledge
|-unboost|p2a: Ceruledge|evasion|1
|-sideend|p1: jardinier05|Sticky Web|[from] move: Defog|[of] p1a: Weezing
|
|-heal|p1a: Weezing|41/100|[from] item: Black Sludge
|upkeep
|turn|12
|
|t:|1776079763
|move|p2a: Ceruledge|Bitter Blade|p1a: Weezing
|-damage|p1a: Weezing|0 fnt
|-heal|p2a: Ceruledge|55/100|[from] drain|[of] p1a: Weezing
|faint|p1a: Weezing
|
|upkeep
|
|t:|1776079770
|switch|p1a: Landorus|Landorus-Therian, M|60/100
|-ability|p1a: Landorus|Intimidate|boost
|-unboost|p2a: Ceruledge|atk|1
|turn|13
|
|t:|1776079775
|move|p1a: Landorus|Earthquake|p2a: Ceruledge
|-supereffective|p2a: Ceruledge
|-damage|p2a: Ceruledge|0 fnt
|faint|p2a: Ceruledge
|
|-heal|p1a: Landorus|66/100|[from] item: Leftovers
|upkeep
|
|t:|1776079780
|switch|p2a: Sinistcha|Sinistcha-Masterpiece|100/100
|turn|14
|
|t:|1776079791
|move|p1a: Landorus|U-turn|p2a: Sinistcha
|-damage|p2a: Sinistcha|76/100
|
|t:|1776079794
|switch|p1a: Ninetales|Ninetales, F|100/100|[from] U-turn
|-weather|SunnyDay|[from] ability: Drought|[of] p1a: Ninetales
|move|p2a: Sinistcha|Scald|p1a: Ninetales
|-supereffective|p1a: Ninetales
|-damage|p1a: Ninetales|56/100
|
|-weather|SunnyDay|[upkeep]
|upkeep
|turn|15
|
|t:|1776079805
|switch|p2a: Azelf|Azelf|100/100
|move|p1a: Ninetales|Overheat|p2a: Azelf|[miss]
|-miss|p1a: Ninetales|p2a: Azelf
|
|-weather|SunnyDay|[upkeep]
|upkeep
|turn|16
|
|t:|1776079813
|-terastallize|p2a: Azelf|Psychic
|move|p2a: Azelf|Mystical Power|p1a: Ninetales
|-damage|p1a: Ninetales|0 fnt
|-boost|p2a: Azelf|spa|1
|faint|p1a: Ninetales
|
|-weather|SunnyDay|[upkeep]
|upkeep
|
|t:|1776079823
|switch|p1a: Landorus|Landorus-Therian, M|66/100
|-ability|p1a: Landorus|Intimidate|boost
|-unboost|p2a: Azelf|atk|1
|turn|17
|
|t:|1776079826
|move|p2a: Azelf|Mystical Power|p1a: Landorus
|-damage|p1a: Landorus|0 fnt
|-boost|p2a: Azelf|spa|1
|faint|p1a: Landorus
|
|-weather|SunnyDay|[upkeep]
|upkeep
|
|t:|1776079831
|switch|p1a: Zamazenta|Zamazenta|100/100
|-ability|p1a: Zamazenta|Dauntless Shield|boost
|-boost|p1a: Zamazenta|def|1
|turn|18
|
|t:|1776079836
|-terastallize|p1a: Zamazenta|Steel
|move|p1a: Zamazenta|Heavy Slam|p2a: Azelf
|-damage|p2a: Azelf|9/100
|move|p2a: Azelf|Mystical Power|p1a: Zamazenta
|-resisted|p1a: Zamazenta
|-damage|p1a: Zamazenta|32/100
|-boost|p2a: Azelf|spa|1
|
|-weather|SunnyDay|[upkeep]
|-heal|p1a: Zamazenta|39/100|[from] item: Leftovers
|upkeep
|turn|19
|
|t:|1776079848
|move|p1a: Zamazenta|Heavy Slam|p2a: Azelf
|-damage|p2a: Azelf|0 fnt
|faint|p2a: Azelf
|
|-weather|SunnyDay|[upkeep]
|-heal|p1a: Zamazenta|45/100|[from] item: Leftovers
|upkeep
|
|t:|1776079852
|switch|p2a: Sinistcha|Sinistcha-Masterpiece|76/100
|turn|20
|
|t:|1776079858
|switch|p1a: Venusaur|Venusaur, M|100/100
|move|p2a: Sinistcha|Shadow Ball|p1a: Venusaur
|-damage|p1a: Venusaur|29/100
|
|-weather|SunnyDay|[upkeep]
|upkeep
|turn|21
|
|t:|1776079862
|move|p1a: Venusaur|Weather Ball|p2a: Sinistcha
|-supereffective|p2a: Sinistcha
|-damage|p2a: Sinistcha|0 fnt
|faint|p2a: Sinistcha
|-damage|p1a: Venusaur|19/100|[from] item: Life Orb
|
|-weather|none
|upkeep
|
|t:|1776079866
|switch|p2a: Toxtricity|Toxtricity-Low-Key, M|100/100
|turn|22
|
|t:|1776079874
|move|p2a: Toxtricity|Overdrive|p1a: Venusaur
|-resisted|p1a: Venusaur
|-damage|p1a: Venusaur|0 fnt
|faint|p1a: Venusaur
|
|upkeep
|
|t:|1776079877
|switch|p1a: Zamazenta|Zamazenta, tera:Steel|45/100
|turn|23
|
|t:|1776079884
|move|p2a: Toxtricity|Overdrive|p1a: Zamazenta
|-damage|p1a: Zamazenta|2/100
|move|p1a: Zamazenta|Crunch|p2a: Toxtricity
|-damage|p2a: Toxtricity|60/100
|
|-heal|p1a: Zamazenta|8/100|[from] item: Leftovers
|upkeep
|turn|24
|
|t:|1776079889
|move|p2a: Toxtricity|Overdrive|p1a: Zamazenta
|-damage|p1a: Zamazenta|0 fnt
|faint|p1a: Zamazenta
|
|win|coletade_oleo
|raw|jardinier05's rating: 1250 &rarr; <strong>1223</strong><br />(-27 for losing)
|raw|coletade_oleo's rating: 1218 &rarr; <strong>1245</strong><br />(+27 for winning)
|l|☆jardinier05
|player|p1|
