|html|<div class="broadcast-blue"><strong>[Gen 9] OU is currently suspecting Volcarona! For information on how to participate check out the <a href="https://www.smogon.com/tools/suspects/view/208">suspect thread</a>.</strong></div>
|j|☆cycyrobotv
|j|☆Lifeof2J
|t:|1778515400
|gametype|singles
|player|p1|cycyrobotv|1|1366
|player|p2|Lifeof2J|2|1355
|gen|9
|tier|[Gen 9] OU
|rated|
|rule|HP Percentage Mod: HP is shown in percentages
|rule|Endless Battle Clause: Forcing endless battles is banned
|rule|Species Clause: Limit one of each Pokémon
|rule|OHKO Clause: OHKO moves are banned
|rule|Evasion Items Clause: Evasion items are banned
|rule|Evasion Moves Clause: Evasion moves are banned
|rule|Evasion Abilities Clause: Evasion abilities are banned
|rule|Sleep Moves Clause: Sleep-inducing moves are banned
|clearpoke
|poke|p1|Yanmega, M|
|poke|p1|Gholdengo|
|poke|p1|Scizor, F|
|poke|p1|Great Tusk|
|poke|p1|Raging Bolt|
|poke|p1|Ogerpon-Wellspring, F|
|poke|p2|Dragonite, M|
|poke|p2|Great Tusk|
|poke|p2|Iron Crown|
|poke|p2|Iron Moth|
|poke|p2|Ogerpon, F|
|poke|p2|Primarina, M|
|teampreview
|
|t:|1778515420
|teamsize|p1|6
|teamsize|p2|6
|start
|switch|p1a: Gholdengo|Gholdengo|100/100
|switch|p2a: Ogerpon|Ogerpon, F|100/100
|turn|1
|
|t:|1778515429
|move|p1a: Gholdengo|Make It Rain|p2a: Ogerpon
|-damage|p2a: Ogerpon|27/100
|-unboost|p1a: Gholdengo|spa|1
|move|p2a: Ogerpon|Knock Off|p1a: Gholdengo
|-supereffective|p1a: Gholdengo
|-damage|p1a: Gholdengo|0 fnt
|-enditem|p1a: Gholdengo|Choice Scarf|[from] move: Knock Off|[of] p2a: Ogerpon
|faint|p1a: Gholdengo
|
|upkeep
|
|t:|1778515443
|switch|p1a: za warudo|Scizor, F|100/100
|turn|2
|
|t:|1778515452
|switch|p2a: Great Tusk|Great Tusk|100/100
|move|p1a: za warudo|Swords Dance|p1a: za warudo
|-boost|p1a: za warudo|atk|2
|
|upkeep
|turn|3
|
|t:|1778515465
|move|p1a: za warudo|Bullet Punch|p2a: Great Tusk
|-damage|p2a: Great Tusk|51/100
|-damage|p1a: za warudo|84/100|[from] item: Rocky Helmet|[of] p2a: Great Tusk
|move|p2a: Great Tusk|Headlong Rush|p1a: za warudo
|-damage|p1a: za warudo|11/100
|-unboost|p2a: Great Tusk|def|1
|-unboost|p2a: Great Tusk|spd|1
|
|upkeep
|turn|4
|
|t:|1778515487
|-end|p2a: Great Tusk|Protosynthesis|[silent]
|switch|p2a: Iron Moth|Iron Moth|100/100
|-enditem|p2a: Iron Moth|Booster Energy
|-activate|p2a: Iron Moth|ability: Quark Drive|[fromitem]
|-start|p2a: Iron Moth|quarkdrivespe
|move|p1a: za warudo|Bullet Punch|p2a: Iron Moth
|-resisted|p2a: Iron Moth
|-damage|p2a: Iron Moth|51/100
|
|upkeep
|turn|5
|
|t:|1778515494
|-end|p2a: Iron Moth|Quark Drive|[silent]
|switch|p2a: Great Tusk|Great Tusk|51/100
|-terastallize|p1a: za warudo|Steel
|move|p1a: za warudo|Bullet Punch|p2a: Great Tusk
|-damage|p2a: Great Tusk|0 fnt
|-damage|p1a: za warudo|0 fnt|[from] item: Rocky Helmet|[of] p2a: Great Tusk
|faint|p2a: Great Tusk
|-end|p2a: Great Tusk|Protosynthesis|[silent]
|faint|p1a: za warudo
|
|upkeep
|
|t:|1778515521
|switch|p2a: Dragonite|Dragonite, M|100/100
|switch|p1a: ishmeal|Great Tusk|100/100
|-enditem|p1a: ishmeal|Booster Energy
|-activate|p1a: ishmeal|ability: Protosynthesis|[fromitem]
|-start|p1a: ishmeal|protosynthesisatk
|turn|6
|
|t:|1778515532
|switch|p2a: Primarina|Primarina, M|100/100
|move|p1a: ishmeal|Stealth Rock|p2a: Primarina
|-sidestart|p2: Lifeof2J|move: Stealth Rock
|
|upkeep
|turn|7
|
|t:|1778515545
|move|p1a: ishmeal|Headlong Rush|p2a: Primarina
|-damage|p2a: Primarina|39/100
|-unboost|p1a: ishmeal|def|1
|-unboost|p1a: ishmeal|spd|1
|move|p2a: Primarina|Psychic Noise|p1a: ishmeal
|-supereffective|p1a: ishmeal
|-damage|p1a: ishmeal|0 fnt
|faint|p1a: ishmeal
|-end|p1a: ishmeal|Protosynthesis|[silent]
|
|-heal|p2a: Primarina|45/100|[from] item: Leftovers
|upkeep
|
|t:|1778515558
|switch|p1a: call it|Raging Bolt|100/100
|-enditem|p1a: call it|Booster Energy
|-activate|p1a: call it|ability: Protosynthesis|[fromitem]
|-start|p1a: call it|protosynthesisspa
|turn|8
|
|t:|1778515569
|move|p1a: call it|Thunderbolt|p2a: Primarina
|-supereffective|p2a: Primarina
|-damage|p2a: Primarina|0 fnt
|faint|p2a: Primarina
|
|upkeep
|
|t:|1778515581
|switch|p2a: Iron Moth|Iron Moth|51/100
|-damage|p2a: Iron Moth|26/100|[from] Stealth Rock
|turn|9
|
|t:|1778515586
|move|p1a: call it|Thunderclap||[still]
|-fail|p1a: call it
|move|p2a: Iron Moth|Substitute|p2a: Iron Moth
|-start|p2a: Iron Moth|Substitute
|-damage|p2a: Iron Moth|1/100
|
|upkeep
|turn|10
|
|t:|1778515589
|move|p2a: Iron Moth|Sludge Wave|p1a: call it
|-damage|p1a: call it|58/100
|move|p1a: call it|Thunderbolt|p2a: Iron Moth
|-end|p2a: Iron Moth|Substitute
|
|upkeep
|turn|11
|
|t:|1778515598
|move|p2a: Iron Moth|Substitute|p2a: Iron Moth
|-fail|p2a: Iron Moth|move: Substitute|[weak]
|move|p1a: call it|Thunderbolt|p2a: Iron Moth
|-damage|p2a: Iron Moth|0 fnt
|faint|p2a: Iron Moth
|-end|p2a: Iron Moth|Quark Drive|[silent]
|
|upkeep
|
|t:|1778515603
|switch|p2a: Dragonite|Dragonite, M|100/100
|-damage|p2a: Dragonite|76/100|[from] Stealth Rock
|turn|12
|
|t:|1778515610
|move|p2a: Dragonite|Earthquake|p1a: call it
|-supereffective|p1a: call it
|-damage|p1a: call it|0 fnt
|faint|p1a: call it
|-end|p1a: call it|Protosynthesis|[silent]
|
|upkeep
|
|t:|1778515631
|switch|p1a: fuckass|Ogerpon-Wellspring, F|100/100
|turn|13
|
|t:|1778515636
|switch|p2a: Iron Crown|Iron Crown|100/100
|-damage|p2a: Iron Crown|94/100|[from] Stealth Rock
|move|p1a: fuckass|Play Rough|p2a: Iron Crown
|-resisted|p2a: Iron Crown
|-crit|p2a: Iron Crown
|-damage|p2a: Iron Crown|67/100
|
|upkeep
|turn|14
|
|t:|1778515645
|move|p1a: fuckass|Ivy Cudgel|p2a: Iron Crown|[anim] Ivy Cudgel Water
|-damage|p2a: Iron Crown|0 fnt
|faint|p2a: Iron Crown
|-end|p2a: Iron Crown|Quark Drive|[silent]
|
|upkeep
|
|t:|1778515651
|switch|p2a: Ogerpon|Ogerpon, F|27/100
|-damage|p2a: Ogerpon|15/100|[from] Stealth Rock
|turn|15
|
|t:|1778515656
|-terastallize|p2a: Ogerpon|Grass
|detailschange|p2a: Ogerpon|Ogerpon-Teal-Tera, F, tera:Grass
|-ability|p2a: Ogerpon|Embody Aspect (Teal)|boost
|-boost|p2a: Ogerpon|spe|1
|move|p2a: Ogerpon|U-turn|p1a: fuckass
|-supereffective|p1a: fuckass
|-damage|p1a: fuckass|16/100
|
|t:|1778515662
|switch|p2a: Dragonite|Dragonite, M|76/100|[from] U-turn
|-damage|p2a: Dragonite|51/100|[from] Stealth Rock
|move|p1a: fuckass|Ivy Cudgel|p2a: Dragonite|[anim] Ivy Cudgel Water
|-resisted|p2a: Dragonite
|-crit|p2a: Dragonite
|-damage|p2a: Dragonite|5/100
|
|upkeep
|turn|16
|
|t:|1778515673
|move|p2a: Dragonite|Extreme Speed|p1a: fuckass
|-damage|p1a: fuckass|0 fnt
|faint|p1a: fuckass
|
|upkeep
|
|t:|1778515675
|switch|p1a: the GOAT|Yanmega, M, shiny|100/100
|turn|17
|
|t:|1778515690
|move|p1a: the GOAT|Protect|p1a: the GOAT
|-singleturn|p1a: the GOAT|Protect
|move|p2a: Dragonite|Extreme Speed|p1a: the GOAT
|-activate|p1a: the GOAT|move: Protect
|
|-ability|p1a: the GOAT|Speed Boost|boost
|-boost|p1a: the GOAT|spe|1
|upkeep
|turn|18
|
|t:|1778515699
|move|p2a: Dragonite|Extreme Speed|p1a: the GOAT
|-damage|p1a: the GOAT|43/100
|move|p1a: the GOAT|Bug Buzz|p2a: Dragonite
|-resisted|p2a: Dragonite
|-damage|p2a: Dragonite|0 fnt
|faint|p2a: Dragonite
|-damage|p1a: the GOAT|33/100|[from] item: Life Orb
|
|-ability|p1a: the GOAT|Speed Boost|boost
|-boost|p1a: the GOAT|spe|1
|upkeep
|
|t:|1778515702
|switch|p2a: Ogerpon|Ogerpon-Teal-Tera, F, tera:Grass|15/100
|-damage|p2a: Ogerpon|3/100|[from] Stealth Rock
|-ability|p2a: Ogerpon|Embody Aspect (Teal)|boost
|-boost|p2a: Ogerpon|spe|1
|turn|19
|
|t:|1778515707
|move|p1a: the GOAT|Protect|p1a: the GOAT
|-singleturn|p1a: the GOAT|Protect
|move|p2a: Ogerpon|Knock Off|p1a: the GOAT
|-activate|p1a: the GOAT|move: Protect
|
|-ability|p1a: the GOAT|Speed Boost|boost
|-boost|p1a: the GOAT|spe|1
|upkeep
|turn|20
|
|t:|1778515711
|move|p1a: the GOAT|Bug Buzz|p2a: Ogerpon
|-supereffective|p2a: Ogerpon
|-damage|p2a: Ogerpon|0 fnt
|faint|p2a: Ogerpon
|detailschange|p2: Ogerpon|Ogerpon, F|[silent]
|-damage|p1a: the GOAT|23/100|[from] item: Life Orb
|
|win|cycyrobotv
|raw|cycyrobotv's rating: 1366 &rarr; <strong>1385</strong><br />(+19 for winning)
|raw|Lifeof2J's rating: 1355 &rarr; <strong>1336</strong><br />(-19 for losing)
|l|☆cycyrobotv
|player|p1|
|j|☆cycyrobotv
|player|p1|cycyrobotv|1|
|l|☆cycyrobotv
|player|p1|
|l|☆Lifeof2J
|player|p2|
