|html|<div class="broadcast-blue"><strong>[Gen 9] OU is currently suspecting Tera Blast! For information on how to participate check out the <a href="https://www.smogon.com/tools/suspects/view/200">suspect thread</a>.</strong></div>
|j|☆huybulonae
|j|☆raymesq456
|t:|1776330529
|gametype|singles
|player|p1|huybulonae|2|1040
|player|p2|raymesq456|lance|1011
|gen|9
|tier|[Gen 9] OU
|rated|
|rule|HP Percentage Mod: HP is shown in percentages
|rule|Endless Battle Clause: Forcing endless battles is banned
|rule|Species Clause: Limit one of each Pokémon
|rule|OHKO Clause: OHKO moves are banned
|rule|Evasion Items Clause: Evasion items are banned
|rule|Evasion Moves Clause: Evasion moves are banned
|rule|Evasion Abilities Clause: Evasion abilities are banned
|rule|Sleep Moves Clause: Sleep-inducing moves are banned
|clearpoke
|poke|p1|Glimmora, M|
|poke|p1|Incineroar, F|
|poke|p1|Rotom-Wash|
|poke|p1|Dragapult, M|
|poke|p1|Landorus-Therian, M|
|poke|p1|Garganacl, M|
|poke|p2|Umbreon, M|
|poke|p2|Zamazenta-*|
|poke|p2|Mimikyu, M|
|poke|p2|Swampert, M|
|poke|p2|Barraskewda, F|
|poke|p2|Hatterene, F|
|teampreview
|
|t:|1776330539
|teamsize|p1|6
|teamsize|p2|6
|start
|switch|p1a: Glimmora|Glimmora, M|100/100
|switch|p2a: Umbreon|Umbreon, M|100/100
|turn|1
|
|t:|1776330557
|switch|p2a: Swampert|Swampert, M|100/100
|move|p1a: Glimmora|Stealth Rock|p2a: Swampert
|-sidestart|p2: raymesq456|move: Stealth Rock
|
|upkeep
|turn|2
|
|t:|1776330566
|move|p1a: Glimmora|Toxic Spikes|p2a: Swampert
|-sidestart|p2: raymesq456|move: Toxic Spikes
|move|p2a: Swampert|Liquidation|p1a: Glimmora
|-supereffective|p1a: Glimmora
|-damage|p1a: Glimmora|39/100
|-activate|p1a: Glimmora|ability: Toxic Debris
|-sidestart|p2: raymesq456|move: Toxic Spikes
|
|upkeep
|turn|3
|
|t:|1776330575
|move|p1a: Glimmora|Earth Power|p2a: Swampert
|-damage|p2a: Swampert|78/100
|move|p2a: Swampert|Liquidation|p1a: Glimmora
|-supereffective|p1a: Glimmora
|-damage|p1a: Glimmora|0 fnt
|faint|p1a: Glimmora
|
|-heal|p2a: Swampert|84/100|[from] item: Leftovers
|upkeep
|
|t:|1776330585
|switch|p1a: Rotom|Rotom-Wash|100/100
|turn|4
|
|t:|1776330602
|-terastallize|p1a: Rotom|Electric
|move|p1a: Rotom|Volt Switch|p2a: Swampert
|-immune|p2a: Swampert
|move|p2a: Swampert|Poison Jab|p1a: Rotom
|-damage|p1a: Rotom|67/100
|
|-heal|p1a: Rotom|74/100|[from] item: Leftovers
|-heal|p2a: Swampert|90/100|[from] item: Leftovers
|upkeep
|turn|5
|
|t:|1776330623
|move|p1a: Rotom|Hydro Pump|p2a: Swampert|[miss]
|-miss|p1a: Rotom|p2a: Swampert
|move|p2a: Swampert|Poison Jab|p1a: Rotom
|-damage|p1a: Rotom|43/100
|
|-heal|p1a: Rotom|49/100|[from] item: Leftovers
|-heal|p2a: Swampert|96/100|[from] item: Leftovers
|upkeep
|turn|6
|
|t:|1776330634
|switch|p1a: Dragapult|Dragapult, M|100/100
|move|p2a: Swampert|Poison Jab|p1a: Dragapult
|-resisted|p1a: Dragapult
|-damage|p1a: Dragapult|85/100
|
|-heal|p2a: Swampert|100/100|[from] item: Leftovers
|upkeep
|turn|7
|
|t:|1776330645
|move|p1a: Dragapult|Draco Meteor|p2a: Swampert
|-damage|p2a: Swampert|49/100
|-unboost|p1a: Dragapult|spa|2
|move|p2a: Swampert|Ice Beam|p1a: Dragapult
|-supereffective|p1a: Dragapult
|-damage|p1a: Dragapult|32/100
|
|-heal|p2a: Swampert|55/100|[from] item: Leftovers
|upkeep
|turn|8
|
|t:|1776330656
|move|p1a: Dragapult|Draco Meteor|p2a: Swampert
|-damage|p2a: Swampert|31/100
|-unboost|p1a: Dragapult|spa|2
|move|p2a: Swampert|Ice Beam|p1a: Dragapult
|-supereffective|p1a: Dragapult
|-damage|p1a: Dragapult|0 fnt
|faint|p1a: Dragapult
|
|-heal|p2a: Swampert|37/100|[from] item: Leftovers
|upkeep
|
|t:|1776330668
|switch|p1a: Landorus|Landorus-Therian, M, shiny|100/100
|-ability|p1a: Landorus|Intimidate|boost
|-unboost|p2a: Swampert|atk|1
|turn|9
|
|t:|1776330675
|move|p1a: Landorus|Protect|p1a: Landorus
|-singleturn|p1a: Landorus|Protect
|move|p2a: Swampert|Liquidation|p1a: Landorus
|-activate|p1a: Landorus|move: Protect
|
|-heal|p2a: Swampert|43/100|[from] item: Leftovers
|upkeep
|turn|10
|
|t:|1776330684
|move|p1a: Landorus|Outrage|p2a: Swampert
|-damage|p2a: Swampert|0 fnt
|faint|p2a: Swampert
|-damage|p1a: Landorus|91/100|[from] item: Life Orb
|
|upkeep
|
|t:|1776330693
|switch|p2a: Barraskewda|Barraskewda, F|100/100
|-damage|p2a: Barraskewda|88/100|[from] Stealth Rock
|-status|p2a: Barraskewda|tox
|turn|11
|
|t:|1776330713
|move|p2a: Barraskewda|Liquidation|p1a: Landorus
|-supereffective|p1a: Landorus
|-damage|p1a: Landorus|0 fnt
|faint|p1a: Landorus
|-damage|p2a: Barraskewda|78/100 tox|[from] item: Life Orb
|
|-damage|p2a: Barraskewda|72/100 tox|[from] psn
|upkeep
|
|t:|1776330723
|switch|p1a: Rotom|Rotom-Wash, tera:Electric|49/100
|turn|12
|
|t:|1776330729
|move|p2a: Barraskewda|Close Combat|p1a: Rotom
|-damage|p1a: Rotom|0 fnt
|-unboost|p2a: Barraskewda|def|1
|-unboost|p2a: Barraskewda|spd|1
|faint|p1a: Rotom
|-damage|p2a: Barraskewda|62/100 tox|[from] item: Life Orb
|
|-damage|p2a: Barraskewda|50/100 tox|[from] psn
|upkeep
|
|t:|1776330739
|switch|p1a: Garganacl|Garganacl, M, shiny|100/100
|turn|13
|
|t:|1776330744
|move|p2a: Barraskewda|Liquidation|p1a: Garganacl
|-supereffective|p1a: Garganacl
|-damage|p1a: Garganacl|31/100
|-damage|p2a: Barraskewda|40/100 tox|[from] item: Life Orb
|move|p1a: Garganacl|Hyper Beam|p2a: Barraskewda
|-damage|p2a: Barraskewda|0 fnt
|-mustrecharge|p1a: Garganacl
|faint|p2a: Barraskewda
|-damage|p1a: Garganacl|21/100|[from] item: Life Orb
|
|upkeep
|inactive|Battle timer is ON: inactive players will automatically lose when time's up. (requested by huybulonae)
|
|t:|1776330758
|switch|p2a: Zamazenta|Zamazenta|100/100
|-damage|p2a: Zamazenta|94/100|[from] Stealth Rock
|-status|p2a: Zamazenta|tox
|-ability|p2a: Zamazenta|Dauntless Shield|boost
|-boost|p2a: Zamazenta|def|1
|turn|14
|inactiveoff|Battle timer is now OFF.
|
|t:|1776330767
|move|p2a: Zamazenta|Close Combat|p1a: Garganacl
|-supereffective|p1a: Garganacl
|-damage|p1a: Garganacl|0 fnt
|-unboost|p2a: Zamazenta|def|1
|-unboost|p2a: Zamazenta|spd|1
|faint|p1a: Garganacl
|
|-damage|p2a: Zamazenta|88/100 tox|[from] psn
|upkeep
|
|t:|1776330777
|switch|p1a: Incineroar|Incineroar, F|100/100
|-ability|p1a: Incineroar|Intimidate|boost
|-unboost|p2a: Zamazenta|atk|1
|turn|15
|
|t:|1776330785
|move|p2a: Zamazenta|Close Combat|p1a: Incineroar
|-supereffective|p1a: Incineroar
|-damage|p1a: Incineroar|11/100
|-unboost|p2a: Zamazenta|def|1
|-unboost|p2a: Zamazenta|spd|1
|move|p1a: Incineroar|Flare Blitz|p2a: Zamazenta
|-damage|p2a: Zamazenta|0 fnt
|faint|p2a: Zamazenta
|-damage|p1a: Incineroar|0 fnt|[from] Recoil
|faint|p1a: Incineroar
|
|win|raymesq456
|raw|huybulonae's rating: 1040 &rarr; <strong>1023</strong><br />(-17 for losing)
|raw|raymesq456's rating: 1011 &rarr; <strong>1053</strong><br />(+42 for winning)
|l|☆huybulonae
|player|p1|
