|html|<div class="broadcast-blue"><strong>[Gen 9] OU is currently suspecting Volcarona! For information on how to participate check out the <a href="https://www.smogon.com/tools/suspects/view/208">suspect thread</a>.</strong></div>
|j|☆zelfish
|j|☆MARINE LE...
|t:|1778510351
|gametype|singles
|player|p1|zelfish|alder|1285
|player|p2|MARINE LE...|palmer|1261
|gen|9
|tier|[Gen 9] OU
|rated|
|rule|HP Percentage Mod: HP is shown in percentages
|rule|Endless Battle Clause: Forcing endless battles is banned
|rule|Species Clause: Limit one of each Pokémon
|rule|OHKO Clause: OHKO moves are banned
|rule|Evasion Items Clause: Evasion items are banned
|rule|Evasion Moves Clause: Evasion moves are banned
|rule|Evasion Abilities Clause: Evasion abilities are banned
|rule|Sleep Moves Clause: Sleep-inducing moves are banned
|clearpoke
|poke|p1|Torkoal, M|
|poke|p1|Walking Wake|
|poke|p1|Great Tusk|
|poke|p1|Lokix, F|
|poke|p1|Gholdengo|
|poke|p1|Dragonite, F|
|poke|p2|Greninja-*, M|
|poke|p2|Gardevoir, M|
|poke|p2|Excadrill, M|
|poke|p2|Weavile, F|
|poke|p2|Moltres|
|poke|p2|Haxorus, F|
|teampreview
|
|t:|1778510359
|teamsize|p1|6
|teamsize|p2|6
|start
|switch|p1a: Torkoal|Torkoal, M|100/100
|switch|p2a: Excadrill|Excadrill, M|100/100
|-ability|p2a: Excadrill|Mold Breaker
|-weather|SunnyDay|[from] ability: Drought|[of] p1a: Torkoal
|turn|1
|
|t:|1778510364
|move|p2a: Excadrill|Earthquake|p1a: Torkoal
|-supereffective|p1a: Torkoal
|-damage|p1a: Torkoal|43/100
|move|p1a: Torkoal|Flamethrower|p2a: Excadrill
|-supereffective|p2a: Excadrill
|-enditem|p2a: Excadrill|Focus Sash
|-damage|p2a: Excadrill|1/100
|
|-weather|SunnyDay|[upkeep]
|upkeep
|turn|2
|
|t:|1778510379
|switch|p1a: Walking Wake|Walking Wake|100/100
|-activate|p1a: Walking Wake|ability: Protosynthesis
|-start|p1a: Walking Wake|protosynthesisspe
|move|p2a: Excadrill|Stealth Rock|p1a: Walking Wake
|-sidestart|p1: zelfish|move: Stealth Rock
|
|-weather|SunnyDay|[upkeep]
|upkeep
|turn|3
|
|t:|1778510385
|move|p1a: Walking Wake|Hydro Steam|p2a: Excadrill
|-supereffective|p2a: Excadrill
|-damage|p2a: Excadrill|0 fnt
|faint|p2a: Excadrill
|
|-weather|SunnyDay|[upkeep]
|upkeep
|inactive|Battle timer is ON: inactive players will automatically lose when time's up. (requested by zelfish)
|
|t:|1778510401
|switch|p2a: Gardevoir|Gardevoir, M|100/100
|turn|4
|
|t:|1778510405
|-terastallize|p1a: Walking Wake|Water
|move|p1a: Walking Wake|Hydro Steam|p2a: Gardevoir
|-damage|p2a: Gardevoir|0 fnt
|faint|p2a: Gardevoir
|
|-weather|SunnyDay|[upkeep]
|upkeep
|inactive|MARINE LE... has 120 seconds left.
|
|t:|1778510443
|switch|p2a: Haxorus|Haxorus, F|100/100
|-ability|p2a: Haxorus|Mold Breaker
|turn|5
|inactive|MARINE LE... has 120 seconds left.
|inactive|MARINE LE... has 90 seconds left.
|
|t:|1778510497
|-terastallize|p2a: Haxorus|Water
|move|p1a: Walking Wake|Hydro Steam|p2a: Haxorus
|-resisted|p2a: Haxorus
|-damage|p2a: Haxorus|5/100
|move|p2a: Haxorus|Dragon Claw|p1a: Walking Wake
|-damage|p1a: Walking Wake|46/100
|
|-weather|SunnyDay|[upkeep]
|-heal|p2a: Haxorus|11/100|[from] item: Leftovers
|upkeep
|turn|6
|
|t:|1778510506
|move|p1a: Walking Wake|Hydro Steam|p2a: Haxorus
|-resisted|p2a: Haxorus
|-damage|p2a: Haxorus|0 fnt
|faint|p2a: Haxorus
|
|-weather|SunnyDay|[upkeep]
|upkeep
|
|t:|1778510513
|switch|p2a: Moltres|Moltres|100/100
|turn|7
|inactive|MARINE LE... has 90 seconds left.
|
|t:|1778510529
|switch|p2a: Greninja|Greninja, M|100/100
|move|p1a: Walking Wake|Hydro Steam|p2a: Greninja
|-resisted|p2a: Greninja
|-damage|p2a: Greninja|3/100
|
|-weather|SunnyDay|[upkeep]
|upkeep
|turn|8
|
|t:|1778510535
|move|p2a: Greninja|Water Shuriken|p1a: Walking Wake
|-resisted|p1a: Walking Wake
|-damage|p1a: Walking Wake|44/100
|-resisted|p1a: Walking Wake
|-damage|p1a: Walking Wake|41/100
|-resisted|p1a: Walking Wake
|-damage|p1a: Walking Wake|39/100
|-hitcount|p1a: Walking Wake|3
|-damage|p2a: Greninja|0 fnt|[from] item: Life Orb
|faint|p2a: Greninja
|move|p1a: Walking Wake|Hydro Steam|p2: Greninja|[notarget]
|-fail|p1a: Walking Wake
|
|-weather|none
|-end|p1a: Walking Wake|Protosynthesis
|upkeep
|
|t:|1778510540
|switch|p2a: Weavile|Weavile, F|100/100
|-ability|p2a: Weavile|Pressure
|turn|9
|inactive|MARINE LE... has 90 seconds left.
|
|t:|1778510559
|-end|p1a: Walking Wake|Protosynthesis|[silent]
|switch|p1a: Torkoal|Torkoal, M|43/100
|-damage|p1a: Torkoal|18/100|[from] Stealth Rock
|-weather|SunnyDay|[from] ability: Drought|[of] p1a: Torkoal
|move|p2a: Weavile|Knock Off|p1a: Torkoal
|-damage|p1a: Torkoal|0 fnt
|-enditem|p1a: Torkoal|Heat Rock|[from] move: Knock Off|[of] p2a: Weavile
|faint|p1a: Torkoal
|
|-weather|SunnyDay|[upkeep]
|upkeep
|
|t:|1778510569
|switch|p1a: Walking Wake|Walking Wake, tera:Water|39/100
|-damage|p1a: Walking Wake|27/100|[from] Stealth Rock
|-activate|p1a: Walking Wake|ability: Protosynthesis
|-start|p1a: Walking Wake|protosynthesisspe
|turn|10
|
|t:|1778510573
|move|p1a: Walking Wake|Hydro Steam|p2a: Weavile
|-damage|p2a: Weavile|0 fnt
|faint|p2a: Weavile
|
|-weather|SunnyDay|[upkeep]
|upkeep
|
|t:|1778510576
|switch|p2a: Moltres|Moltres|100/100
|turn|11
|
|t:|1778510580
|move|p1a: Walking Wake|Hydro Steam|p2a: Moltres
|-supereffective|p2a: Moltres
|-damage|p2a: Moltres|0 fnt
|faint|p2a: Moltres
|
|win|zelfish
|raw|zelfish's rating: 1285 &rarr; <strong>1308</strong><br />(+23 for winning)
|raw|MARINE LE...'s rating: 1261 &rarr; <strong>1238</strong><br />(-23 for losing)
|l|☆MARINE LE...
|player|p2|
|l|☆zelfish
|player|p1|
