|html|<div class="broadcast-blue"><strong>[Gen 9] OU is currently suspecting Tera Blast! For information on how to participate check out the <a href="https://www.smogon.com/tools/suspects/view/200">suspect thread</a>.</strong></div>
|j|☆Fucomix
|j|☆JasperHatton
|t:|1776070159
|gametype|singles
|player|p1|Fucomix|veteran|1087
|player|p2|JasperHatton|palmer|1141
|gen|9
|tier|[Gen 9] OU
|rated|
|rule|HP Percentage Mod: HP is shown in percentages
|rule|Endless Battle Clause: Forcing endless battles is banned
|rule|Species Clause: Limit one of each Pokémon
|rule|OHKO Clause: OHKO moves are banned
|rule|Evasion Items Clause: Evasion items are banned
|rule|Evasion Moves Clause: Evasion moves are banned
|rule|Evasion Abilities Clause: Evasion abilities are banned
|rule|Sleep Moves Clause: Sleep-inducing moves are banned
|clearpoke
|poke|p1|Quagsire, F|
|poke|p1|Feraligatr, M|
|poke|p1|Muk, M|
|poke|p1|Mightyena, M|
|poke|p1|Noctowl, F|
|poke|p1|Magcargo, M|
|poke|p2|Houndoom, M|
|poke|p2|Lucario, M|
|poke|p2|Gardevoir, F|
|poke|p2|Garchomp, M|
|poke|p2|Leavanny, F|
|poke|p2|Gengar, F|
|teampreview
|j| hitconfirmer
|l| hitconfirmer
|
|t:|1776070178
|teamsize|p1|6
|teamsize|p2|6
|start
|switch|p1a: Magcargo|Magcargo, M|100/100
|switch|p2a: Garchomp|Garchomp, M|100/100
|turn|1
|
|t:|1776070191
|move|p2a: Garchomp|Earthquake|p1a: Magcargo
|-supereffective|p1a: Magcargo
|-enditem|p1a: Magcargo|Focus Sash
|-damage|p1a: Magcargo|1/100
|move|p1a: Magcargo|Stealth Rock|p2a: Garchomp
|-sidestart|p2: JasperHatton|move: Stealth Rock
|
|upkeep
|turn|2
|
|t:|1776070203
|switch|p1a: Noctowl|Noctowl, F|100/100
|move|p2a: Garchomp|Earthquake|p1a: Noctowl
|-immune|p1a: Noctowl
|
|upkeep
|turn|3
|
|t:|1776070210
|move|p2a: Garchomp|Dragon Claw|p1a: Noctowl
|-damage|p1a: Noctowl|60/100
|move|p1a: Noctowl|Moonblast|p2a: Garchomp
|-supereffective|p2a: Garchomp
|-damage|p2a: Garchomp|58/100
|
|-heal|p1a: Noctowl|66/100|[from] item: Leftovers
|upkeep
|turn|4
|
|t:|1776070219
|move|p2a: Garchomp|Dragon Claw|p1a: Noctowl
|-damage|p1a: Noctowl|29/100
|move|p1a: Noctowl|Moonblast|p2a: Garchomp
|-supereffective|p2a: Garchomp
|-damage|p2a: Garchomp|18/100
|-unboost|p2a: Garchomp|spa|1
|
|-heal|p1a: Noctowl|35/100|[from] item: Leftovers
|upkeep
|turn|5
|
|t:|1776070245
|move|p2a: Garchomp|Dragon Claw|p1a: Noctowl
|-damage|p1a: Noctowl|0 fnt
|faint|p1a: Noctowl
|
|upkeep
|
|t:|1776070250
|switch|p1a: Feraligatr|Feraligatr, M|100/100
|turn|6
|inactive|Battle timer is ON: inactive players will automatically lose when time's up. (requested by Fucomix)
|
|t:|1776070266
|-terastallize|p2a: Garchomp|Water
|move|p1a: Feraligatr|Aqua Jet|p2a: Garchomp
|-resisted|p2a: Garchomp
|-damage|p2a: Garchomp|6/100
|-damage|p1a: Feraligatr|88/100|[from] ability: Rough Skin|[of] p2a: Garchomp
|-damage|p1a: Feraligatr|72/100|[from] item: Rocky Helmet|[of] p2a: Garchomp
|move|p2a: Garchomp|Earthquake|p1a: Feraligatr
|-damage|p1a: Feraligatr|21/100
|
|upkeep
|turn|7
|
|t:|1776070277
|move|p1a: Feraligatr|Aqua Jet|p2a: Garchomp
|-resisted|p2a: Garchomp
|-damage|p2a: Garchomp|0 fnt
|-damage|p1a: Feraligatr|9/100|[from] ability: Rough Skin|[of] p2a: Garchomp
|-damage|p1a: Feraligatr|0 fnt|[from] item: Rocky Helmet|[of] p2a: Garchomp
|faint|p2a: Garchomp
|faint|p1a: Feraligatr
|
|upkeep
|
|t:|1776070295
|switch|p2a: Leavanny|Leavanny, F|100/100
|switch|p1a: Mightyena|Mightyena, M|100/100
|-damage|p2a: Leavanny|76/100|[from] Stealth Rock
|turn|8
|
|t:|1776070303
|move|p2a: Leavanny|X-Scissor|p1a: Mightyena
|-supereffective|p1a: Mightyena
|-damage|p1a: Mightyena|0 fnt
|faint|p1a: Mightyena
|
|upkeep
|
|t:|1776070308
|switch|p1a: Magcargo|Magcargo, M|1/100
|turn|9
|
|t:|1776070312
|move|p2a: Leavanny|Knock Off|p1a: Magcargo
|-damage|p1a: Magcargo|0 fnt
|faint|p1a: Magcargo
|
|upkeep
|
|t:|1776070316
|switch|p1a: Muk|Muk, M|100/100
|turn|10
|
|t:|1776070322
|switch|p2a: Lucario|Lucario, M|100/100
|-damage|p2a: Lucario|98/100|[from] Stealth Rock
|move|p1a: Muk|Gunk Shot|p2a: Lucario
|-immune|p2a: Lucario
|
|upkeep
|turn|11
|
|t:|1776070328
|move|p2a: Lucario|Earthquake|p1a: Muk
|-supereffective|p1a: Muk
|-damage|p1a: Muk|35/100
|-damage|p2a: Lucario|88/100|[from] item: Life Orb
|move|p1a: Muk|Fire Punch|p2a: Lucario
|-supereffective|p2a: Lucario
|-damage|p2a: Lucario|25/100
|
|-heal|p1a: Muk|41/100|[from] item: Leftovers
|upkeep
|turn|12
|
|t:|1776070339
|switch|p1a: Saitama|Quagsire, F|100/100
|move|p2a: Lucario|Earthquake|p1a: Saitama
|-damage|p1a: Saitama|69/100
|-damage|p2a: Lucario|15/100|[from] item: Life Orb
|
|-heal|p1a: Saitama|75/100|[from] item: Leftovers
|upkeep
|turn|13
|
|t:|1776070348
|move|p2a: Lucario|Ice Punch|p1a: Saitama
|-damage|p1a: Saitama|53/100
|-damage|p2a: Lucario|5/100|[from] item: Life Orb
|move|p1a: Saitama|Recover|p1a: Saitama
|-heal|p1a: Saitama|100/100
|
|upkeep
|turn|14
|
|t:|1776070355
|move|p2a: Lucario|Aura Sphere|p1a: Saitama
|-damage|p1a: Saitama|57/100
|-damage|p2a: Lucario|0 fnt|[from] item: Life Orb
|faint|p2a: Lucario
|move|p1a: Saitama|Curse|p1a: Saitama
|-unboost|p1a: Saitama|spe|1
|-boost|p1a: Saitama|atk|1
|-boost|p1a: Saitama|def|1
|
|-heal|p1a: Saitama|63/100|[from] item: Leftovers
|upkeep
|
|t:|1776070362
|switch|p2a: Gengar|Gengar, F|100/100
|-damage|p2a: Gengar|88/100|[from] Stealth Rock
|turn|15
|
|t:|1776070369
|-terastallize|p1a: Saitama|Steel
|move|p2a: Gengar|Energy Ball|p1a: Saitama
|-resisted|p1a: Saitama
|-damage|p1a: Saitama|48/100
|move|p1a: Saitama|Recover|p1a: Saitama
|-heal|p1a: Saitama|98/100
|
|-heal|p1a: Saitama|100/100|[from] item: Leftovers
|upkeep
|turn|16
|
|t:|1776070381
|move|p2a: Gengar|Shadow Ball|p1a: Saitama
|-damage|p1a: Saitama|63/100
|move|p1a: Saitama|Amnesia|p1a: Saitama
|-boost|p1a: Saitama|spd|2
|
|-heal|p1a: Saitama|69/100|[from] item: Leftovers
|upkeep
|turn|17
|
|t:|1776070389
|move|p2a: Gengar|Shadow Ball|p1a: Saitama
|-damage|p1a: Saitama|50/100
|move|p1a: Saitama|Amnesia|p1a: Saitama
|-boost|p1a: Saitama|spd|2
|
|-heal|p1a: Saitama|56/100|[from] item: Leftovers
|upkeep
|turn|18
|
|t:|1776070400
|switch|p2a: Houndoom|Houndoom, M|100/100
|-damage|p2a: Houndoom|76/100|[from] Stealth Rock
|move|p1a: Saitama|Recover|p1a: Saitama
|-heal|p1a: Saitama|100/100
|
|upkeep
|turn|19
|
|t:|1776070407
|switch|p1a: Muk|Muk, M|41/100
|move|p2a: Houndoom|Flamethrower|p1a: Muk
|-damage|p1a: Muk|12/100
|
|-heal|p1a: Muk|18/100|[from] item: Leftovers
|upkeep
|turn|20
|
|t:|1776070414
|move|p2a: Houndoom|Flamethrower|p1a: Muk
|-crit|p1a: Muk
|-damage|p1a: Muk|0 fnt
|faint|p1a: Muk
|
|upkeep
|
|t:|1776070419
|switch|p1a: Saitama|Quagsire, F, tera:Steel|100/100
|turn|21
|
|t:|1776070422
|move|p2a: Houndoom|Flamethrower|p1a: Saitama
|-supereffective|p1a: Saitama
|-damage|p1a: Saitama|21/100
|move|p1a: Saitama|Amnesia|p1a: Saitama
|-boost|p1a: Saitama|spd|2
|
|-heal|p1a: Saitama|27/100|[from] item: Leftovers
|upkeep
|turn|22
|
|t:|1776070430
|move|p2a: Houndoom|Flamethrower|p1a: Saitama
|-supereffective|p1a: Saitama
|-damage|p1a: Saitama|0 fnt
|faint|p1a: Saitama
|
|win|JasperHatton
|raw|Fucomix's rating: 1087 &rarr; <strong>1068</strong><br />(-19 for losing)
|raw|JasperHatton's rating: 1141 &rarr; <strong>1162</strong><br />(+21 for winning)
|l|☆Fucomix
|player|p1|
|l|☆JasperHatton
|player|p2|
