|html|<div class="broadcast-blue"><strong>[Gen 9] OU is currently suspecting Tera Blast! For information on how to participate check out the <a href="https://www.smogon.com/tools/suspects/view/200">suspect thread</a>.</strong></div>
|j|☆Cycling ovo
|j|☆cachowcapow
|t:|1776054655
|gametype|singles
|player|p1|Cycling ovo|wallace|1419
|player|p2|cachowcapow|102|1467
|gen|9
|tier|[Gen 9] OU
|rated|
|rule|HP Percentage Mod: HP is shown in percentages
|rule|Endless Battle Clause: Forcing endless battles is banned
|rule|Species Clause: Limit one of each Pokémon
|rule|OHKO Clause: OHKO moves are banned
|rule|Evasion Items Clause: Evasion items are banned
|rule|Evasion Moves Clause: Evasion moves are banned
|rule|Evasion Abilities Clause: Evasion abilities are banned
|rule|Sleep Moves Clause: Sleep-inducing moves are banned
|clearpoke
|poke|p1|Iron Moth|
|poke|p1|Gliscor, F|
|poke|p1|Hatterene, F|
|poke|p1|Ogerpon-Wellspring, F|
|poke|p1|Raging Bolt|
|poke|p1|Zamazenta-*|
|poke|p2|Dragapult, F|
|poke|p2|Slither Wing|
|poke|p2|Maushold-Four|
|poke|p2|Mew|
|poke|p2|Weavile, M|
|poke|p2|Alomomola, F|
|teampreview
|
|t:|1776054678
|teamsize|p1|6
|teamsize|p2|6
|start
|switch|p1a: Iron Moth|Iron Moth|100/100
|switch|p2a: Weavile|Weavile, M|100/100
|-enditem|p1a: Iron Moth|Booster Energy
|-activate|p1a: Iron Moth|ability: Quark Drive|[fromitem]
|-start|p1a: Iron Moth|quarkdrivespe
|turn|1
|inactive|Battle timer is ON: inactive players will automatically lose when time's up. (requested by Cycling ovo)
|
|t:|1776054686
|switch|p2a: Alomomola|Alomomola, F|100/100
|move|p1a: Iron Moth|Fiery Dance|p2a: Alomomola
|-resisted|p2a: Alomomola
|-damage|p2a: Alomomola|90/100
|
|upkeep
|turn|2
|
|t:|1776054697
|move|p1a: Iron Moth|Toxic Spikes|p2a: Alomomola
|-sidestart|p2: cachowcapow|move: Toxic Spikes
|move|p2a: Alomomola|Body Slam|p1a: Iron Moth
|-damage|p1a: Iron Moth|75/100
|-status|p1a: Iron Moth|par
|
|upkeep
|turn|3
|
|t:|1776054718
|move|p2a: Alomomola|Flip Turn|p1a: Iron Moth
|-supereffective|p1a: Iron Moth
|-damage|p1a: Iron Moth|27/100 par
|
|t:|1776054727
|switch|p2a: Maushold|Maushold-Four|100/100|[from] Flip Turn
|-status|p2a: Maushold|psn
|move|p1a: Iron Moth|Whirlwind|p2a: Maushold
|drag|p2a: Slither Wing|Slither Wing, shiny|100/100
|-status|p2a: Slither Wing|psn
|
|-damage|p2a: Slither Wing|88/100 psn|[from] psn
|upkeep
|turn|4
|
|t:|1776054739
|move|p1a: Iron Moth|Fiery Dance|p2a: Slither Wing
|-supereffective|p2a: Slither Wing
|-damage|p2a: Slither Wing|19/100 psn
|move|p2a: Slither Wing|U-turn|p1a: Iron Moth
|-resisted|p1a: Iron Moth
|-damage|p1a: Iron Moth|14/100 par
|
|t:|1776054743
|-end|p2a: Slither Wing|Protosynthesis|[silent]
|switch|p2a: Maushold|Maushold-Four|100/100 psn|[from] U-turn
|
|-damage|p2a: Maushold|88/100 psn|[from] psn
|upkeep
|turn|5
|
|t:|1776054750
|move|p2a: Maushold|Tidy Up|p2a: Maushold
|-sideend|p2: cachowcapow|Toxic Spikes
|-activate|p2a: Maushold|move: Tidy Up
|-boost|p2a: Maushold|atk|1
|-boost|p2a: Maushold|spe|1
|cant|p1a: Iron Moth|par
|
|-damage|p2a: Maushold|76/100 psn|[from] psn
|upkeep
|turn|6
|
|t:|1776054757
|move|p2a: Maushold|Population Bomb|p1a: Iron Moth
|-damage|p1a: Iron Moth|0 fnt
|faint|p1a: Iron Moth
|-end|p1a: Iron Moth|Quark Drive|[silent]
|-hitcount|p1: Iron Moth|1
|
|-damage|p2a: Maushold|63/100 psn|[from] psn
|upkeep
|
|t:|1776054764
|switch|p1a: Zamazenta|Zamazenta|100/100
|-ability|p1a: Zamazenta|Dauntless Shield|boost
|-boost|p1a: Zamazenta|def|1
|turn|7
|
|t:|1776054770
|move|p2a: Maushold|Population Bomb|p1a: Zamazenta
|-damage|p1a: Zamazenta|91/100
|-damage|p1a: Zamazenta|82/100
|-damage|p1a: Zamazenta|73/100
|-damage|p1a: Zamazenta|64/100
|-damage|p1a: Zamazenta|55/100
|-damage|p1a: Zamazenta|47/100
|-damage|p1a: Zamazenta|38/100
|-damage|p1a: Zamazenta|30/100
|-damage|p1a: Zamazenta|20/100
|-damage|p1a: Zamazenta|11/100
|-hitcount|p1a: Zamazenta|10
|move|p1a: Zamazenta|Close Combat|p2a: Maushold
|-supereffective|p2a: Maushold
|-damage|p2a: Maushold|0 fnt
|-unboost|p1a: Zamazenta|def|1
|-unboost|p1a: Zamazenta|spd|1
|faint|p2a: Maushold
|
|upkeep
|
|t:|1776054783
|switch|p2a: Mew|Mew|100/100
|turn|8
|
|t:|1776054812
|move|p1a: Zamazenta|Reflect|p1a: Zamazenta
|-sidestart|p1: Cycling ovo|Reflect
|move|p2a: Mew|Agility|p2a: Mew
|-boost|p2a: Mew|spe|2
|
|upkeep
|turn|9
|
|t:|1776054817
|move|p2a: Mew|Calm Mind|p2a: Mew
|-boost|p2a: Mew|spa|1
|-boost|p2a: Mew|spd|1
|move|p1a: Zamazenta|Light Screen|p1a: Zamazenta
|-sidestart|p1: Cycling ovo|move: Light Screen
|
|upkeep
|turn|10
|
|t:|1776054828
|switch|p1a: Ogerpon|Ogerpon-Wellspring, F|100/100
|move|p2a: Mew|Calm Mind|p2a: Mew
|-boost|p2a: Mew|spa|1
|-boost|p2a: Mew|spd|1
|
|upkeep
|turn|11
|
|t:|1776054841
|-terastallize|p1a: Ogerpon|Water
|detailschange|p1a: Ogerpon|Ogerpon-Wellspring-Tera, F, tera:Water
|-ability|p1a: Ogerpon|Embody Aspect (Wellspring)|boost
|-boost|p1a: Ogerpon|spd|1
|move|p2a: Mew|Calm Mind|p2a: Mew
|-boost|p2a: Mew|spa|1
|-boost|p2a: Mew|spd|1
|move|p1a: Ogerpon|Ivy Cudgel|p2a: Mew|[anim] Ivy Cudgel Water
|-damage|p2a: Mew|46/100
|
|upkeep
|turn|12
|
|t:|1776054862
|move|p2a: Mew|Stored Power|p1a: Ogerpon
|-damage|p1a: Ogerpon|45/100
|move|p1a: Ogerpon|Ivy Cudgel|p2a: Mew|[anim] Ivy Cudgel Water
|-damage|p2a: Mew|0 fnt
|faint|p2a: Mew
|
|upkeep
|inactive|cachowcapow has 120 seconds left.
|
|t:|1776054878
|switch|p2a: Dragapult|Dragapult, F|100/100
|turn|13
|inactive|Cycling ovo has 120 seconds left.
|
|t:|1776054904
|switch|p1a: Hatterene|Hatterene, F|100/100
|move|p2a: Dragapult|Will-O-Wisp|p1a: Hatterene
|move|p1a: Hatterene|Will-O-Wisp|p2a: Dragapult|[from] ability: Magic Bounce
|-status|p2a: Dragapult|brn
|
|-damage|p2a: Dragapult|95/100 brn|[from] brn
|upkeep
|turn|14
|inactive|Cycling ovo has 120 seconds left.
|
|t:|1776054915
|move|p2a: Dragapult|Hex|p1a: Hatterene
|-supereffective|p1a: Hatterene
|-damage|p1a: Hatterene|44/100
|move|p1a: Hatterene|Draining Kiss|p2a: Dragapult
|-supereffective|p2a: Dragapult
|-damage|p2a: Dragapult|30/100 brn
|-heal|p1a: Hatterene|93/100|[from] drain|[of] p2a: Dragapult
|
|-heal|p1a: Hatterene|99/100|[from] item: Leftovers
|-damage|p2a: Dragapult|24/100 brn|[from] brn
|upkeep
|turn|15
|
|t:|1776054925
|move|p2a: Dragapult|Hex|p1a: Hatterene
|-supereffective|p1a: Hatterene
|-damage|p1a: Hatterene|42/100
|move|p1a: Hatterene|Draining Kiss|p2a: Dragapult
|-supereffective|p2a: Dragapult
|-damage|p2a: Dragapult|0 fnt
|-heal|p1a: Hatterene|59/100|[from] drain|[of] p2a: Dragapult
|faint|p2a: Dragapult
|
|-heal|p1a: Hatterene|65/100|[from] item: Leftovers
|-sideend|p1: Cycling ovo|Reflect
|upkeep
|
|t:|1776054935
|switch|p2a: Weavile|Weavile, M|100/100
|turn|16
|
|t:|1776054948
|-terastallize|p2a: Weavile|Ice
|move|p2a: Weavile|Triple Axel|p1a: Hatterene
|-damage|p1a: Hatterene|50/100
|-damage|p1a: Hatterene|14/100
|-damage|p1a: Hatterene|0 fnt
|faint|p1a: Hatterene
|-hitcount|p1: Hatterene|3
|
|-sideend|p1: Cycling ovo|move: Light Screen
|upkeep
|
|t:|1776054963
|switch|p1a: Zamazenta|Zamazenta|11/100
|turn|17
|
|t:|1776054967
|switch|p2a: Slither Wing|Slither Wing, shiny|19/100 psn
|move|p1a: Zamazenta|Close Combat|p2a: Slither Wing
|-resisted|p2a: Slither Wing
|-damage|p2a: Slither Wing|1/100 psn
|-unboost|p1a: Zamazenta|def|1
|-unboost|p1a: Zamazenta|spd|1
|-damage|p1a: Zamazenta|0 fnt|[from] item: Rocky Helmet|[of] p2a: Slither Wing
|faint|p1a: Zamazenta
|
|-damage|p2a: Slither Wing|0 fnt|[from] psn
|faint|p2a: Slither Wing
|-end|p2a: Slither Wing|Protosynthesis|[silent]
|upkeep
|
|t:|1776054982
|switch|p1a: Raging Bolt|Raging Bolt|100/100
|switch|p2a: Weavile|Weavile, M, tera:Ice|100/100
|-enditem|p1a: Raging Bolt|Booster Energy
|-activate|p1a: Raging Bolt|ability: Protosynthesis|[fromitem]
|-start|p1a: Raging Bolt|protosynthesisspa
|turn|18
|
|t:|1776054994
|move|p1a: Raging Bolt|Thunderclap|p2a: Weavile
|-damage|p2a: Weavile|30/100
|move|p2a: Weavile|Triple Axel|p1a: Raging Bolt
|-supereffective|p1a: Raging Bolt
|-damage|p1a: Raging Bolt|65/100
|-supereffective|p1a: Raging Bolt
|-damage|p1a: Raging Bolt|0 fnt
|faint|p1a: Raging Bolt
|-end|p1a: Raging Bolt|Protosynthesis|[silent]
|-hitcount|p1: Raging Bolt|2
|
|upkeep
|
|t:|1776055003
|switch|p1a: Ogerpon|Ogerpon-Wellspring-Tera, F, tera:Water|45/100
|-ability|p1a: Ogerpon|Embody Aspect (Wellspring)|boost
|-boost|p1a: Ogerpon|spd|1
|turn|19
|
|t:|1776055011
|move|p2a: Weavile|Triple Axel|p1a: Ogerpon
|-resisted|p1a: Ogerpon
|-damage|p1a: Ogerpon|32/100
|-resisted|p1a: Ogerpon
|-damage|p1a: Ogerpon|4/100
|-resisted|p1a: Ogerpon
|-damage|p1a: Ogerpon|0 fnt
|faint|p1a: Ogerpon
|detailschange|p1: Ogerpon|Ogerpon-Wellspring, F|[silent]
|-hitcount|p1: Ogerpon|3
|
|upkeep
|
|t:|1776055023
|switch|p1a: Gliscor|Gliscor, F|100/100
|turn|20
|
|t:|1776055027
|move|p2a: Weavile|Triple Axel|p1a: Gliscor
|-supereffective|p1a: Gliscor
|-damage|p1a: Gliscor|33/100
|-supereffective|p1a: Gliscor
|-damage|p1a: Gliscor|0 fnt
|faint|p1a: Gliscor
|-hitcount|p1: Gliscor|2
|
|win|cachowcapow
|raw|Cycling ovo's rating: 1419 &rarr; <strong>1403</strong><br />(-16 for losing)
|raw|cachowcapow's rating: 1484 &rarr; <strong>1500</strong><br />(+16 for winning)
|l|☆cachowcapow
|player|p2|
|l|☆Cycling ovo
|player|p1|
