|html|<div class="broadcast-blue"><strong>[Gen 9] OU is currently suspecting Tera Blast! For information on how to participate check out the <a href="https://www.smogon.com/tools/suspects/view/200">suspect thread</a>.</strong></div>
|j|☆dummydraedon
|j|☆FunnyMonke
|t:|1776033176
|gametype|singles
|player|p1|dummydraedon|265|1430
|player|p2|FunnyMonke|swimmer-gen4|1455
|gen|9
|tier|[Gen 9] OU
|rated|
|rule|HP Percentage Mod: HP is shown in percentages
|rule|Endless Battle Clause: Forcing endless battles is banned
|rule|Species Clause: Limit one of each Pokémon
|rule|OHKO Clause: OHKO moves are banned
|rule|Evasion Items Clause: Evasion items are banned
|rule|Evasion Moves Clause: Evasion moves are banned
|rule|Evasion Abilities Clause: Evasion abilities are banned
|rule|Sleep Moves Clause: Sleep-inducing moves are banned
|clearpoke
|poke|p1|Vaporeon, F|
|poke|p1|Tinkaton, F|
|poke|p1|Pelipper, M|
|poke|p1|Excadrill, M|
|poke|p1|Barraskewda, M|
|poke|p1|Zoroark-Hisui, M|
|poke|p2|Kingambit, F|
|poke|p2|Deoxys-Speed|
|poke|p2|Great Tusk|
|poke|p2|Dragonite, M|
|poke|p2|Iron Moth|
|poke|p2|Primarina, M|
|teampreview
|inactive|Battle timer is ON: inactive players will automatically lose when time's up. (requested by FunnyMonke)
|
|t:|1776033205
|teamsize|p1|6
|teamsize|p2|6
|start
|switch|p1a: I smash vap|Tinkaton, F, shiny|100/100
|switch|p2a: Siren|Primarina, M|100/100
|turn|1
|
|t:|1776033230
|switch|p2a: Anomаly|Iron Moth|100/100
|-enditem|p2a: Anomаly|Booster Energy
|-activate|p2a: Anomаly|ability: Quark Drive|[fromitem]
|-start|p2a: Anomаly|quarkdrivespe
|move|p1a: I smash vap|Trick|p2a: Anomаly
|-activate|p1a: I smash vap|move: Trick|[of] p2a: Anomаly
|-item|p2a: Anomаly|Choice Scarf|[from] move: Trick
|-enditem|p1a: I smash vap|Choice Scarf|[silent]|[from] move: Trick
|
|upkeep
|turn|2
|
|t:|1776033248
|switch|p1a: vap|Vaporeon, F|100/100
|move|p2a: Anomаly|Toxic Spikes|p1a: vap
|-sidestart|p1: dummydraedon|move: Toxic Spikes
|
|upkeep
|turn|3
|
|t:|1776033258
|-end|p2a: Anomаly|Quark Drive|[silent]
|switch|p2a: Siren|Primarina, M|100/100
|move|p1a: vap|Scald|p2a: Siren
|-resisted|p2a: Siren
|-crit|p2a: Siren
|-damage|p2a: Siren|86/100
|
|upkeep
|turn|4
|
|t:|1776033262
|-terastallize|p1a: vap|Poison
|move|p2a: Siren|Moonblast|p1a: vap
|-resisted|p1a: vap
|-damage|p1a: vap|82/100
|-unboost|p1a: vap|spa|1
|move|p1a: vap|Scald|p2a: Siren
|-resisted|p2a: Siren
|-damage|p2a: Siren|80/100
|-status|p2a: Siren|brn
|
|-heal|p1a: vap|88/100|[from] item: Leftovers
|-damage|p2a: Siren|74/100 brn|[from] brn
|upkeep
|turn|5
|
|t:|1776033270
|switch|p1a: I smash vap|Tinkaton, F, shiny|100/100
|-ability|p1a: I smash vap|Mold Breaker
|move|p2a: Siren|Psychic Noise|p1a: I smash vap
|-resisted|p1a: I smash vap
|-damage|p1a: I smash vap|91/100
|-start|p1a: I smash vap|move: Heal Block
|
|-damage|p2a: Siren|68/100 brn|[from] brn
|upkeep
|turn|6
|
|t:|1776033284
|move|p2a: Siren|Surf|p1a: I smash vap
|-damage|p1a: I smash vap|56/100
|move|p1a: I smash vap|Stealth Rock|p2a: Siren
|-sidestart|p2: FunnyMonke|move: Stealth Rock
|
|-damage|p2a: Siren|61/100 brn|[from] brn
|-end|p1a: I smash vap|move: Heal Block
|upkeep
|turn|7
|
|t:|1776033294
|move|p1a: I smash vap|Encore|p2a: Siren
|-start|p2a: Siren|Encore
|move|p2a: Siren|Surf|p1a: I smash vap
|-damage|p1a: I smash vap|23/100
|
|-heal|p1a: I smash vap|29/100|[from] item: Leftovers
|-damage|p2a: Siren|55/100 brn|[from] brn
|upkeep
|turn|8
|
|t:|1776033297
|switch|p1a: vap|Vaporeon, F, tera:Poison|88/100
|-sideend|p1: dummydraedon|move: Toxic Spikes|[of] p1a: vap
|move|p2a: Siren|Surf|p1a: vap
|-heal|p1a: vap|100/100|[from] ability: Water Absorb|[of] p2a: Siren
|
|-damage|p2a: Siren|49/100 brn|[from] brn
|upkeep
|turn|9
|
|t:|1776033306
|move|p2a: Siren|Surf|p1a: vap
|-immune|p1a: vap|[from] ability: Water Absorb
|move|p1a: vap|Wish|p1a: vap
|
|-damage|p2a: Siren|43/100 brn|[from] brn
|-end|p2a: Siren|Encore
|upkeep
|turn|10
|
|t:|1776033311
|switch|p1a: I smash vap|Tinkaton, F, shiny|29/100
|-ability|p1a: I smash vap|Mold Breaker
|move|p2a: Siren|Psychic Noise|p1a: I smash vap
|-resisted|p1a: I smash vap
|-damage|p1a: I smash vap|20/100
|-start|p1a: I smash vap|move: Heal Block
|
|-damage|p2a: Siren|36/100 brn|[from] brn
|upkeep
|turn|11
|
|t:|1776033316
|switch|p1a: vap|Vaporeon, F, tera:Poison|100/100
|move|p2a: Siren|Moonblast|p1a: vap
|-resisted|p1a: vap
|-damage|p1a: vap|79/100
|-unboost|p1a: vap|spa|1
|
|-heal|p1a: vap|86/100|[from] item: Leftovers
|-damage|p2a: Siren|30/100 brn|[from] brn
|upkeep
|turn|12
|
|t:|1776033319
|move|p2a: Siren|Psychic Noise|p1a: vap
|-supereffective|p1a: vap
|-crit|p1a: vap
|-damage|p1a: vap|18/100
|-start|p1a: vap|move: Heal Block
|move|p1a: vap|Scald|p2a: Siren
|-resisted|p2a: Siren
|-damage|p2a: Siren|24/100 brn
|
|-damage|p2a: Siren|17/100 brn|[from] brn
|upkeep
|turn|13
|
|t:|1776033325
|move|p2a: Siren|Psychic Noise|p1a: vap
|-supereffective|p1a: vap
|-damage|p1a: vap|0 fnt
|faint|p1a: vap
|
|-damage|p2a: Siren|11/100 brn|[from] brn
|upkeep
|c|☆dummydraedon|i may have blundered
|
|t:|1776033341
|switch|p1a: bird in vap|Pelipper, M|100/100
|-weather|RainDance|[from] ability: Drizzle|[of] p1a: bird in vap
|turn|14
|
|t:|1776033347
|move|p1a: bird in vap|Hurricane|p2a: Siren
|-damage|p2a: Siren|0 fnt
|faint|p2a: Siren
|
|-weather|RainDance|[upkeep]
|upkeep
|
|t:|1776033373
|switch|p2a: Anomаly|Iron Moth|100/100
|-damage|p2a: Anomаly|76/100|[from] Stealth Rock
|turn|15
|
|t:|1776033380
|move|p2a: Anomаly|Sludge Wave|p1a: bird in vap
|-damage|p1a: bird in vap|23/100
|-status|p1a: bird in vap|psn
|move|p1a: bird in vap|Hurricane|p2a: Anomаly
|-damage|p2a: Anomаly|24/100
|-start|p2a: Anomаly|confusion
|
|-weather|RainDance|[upkeep]
|-damage|p1a: bird in vap|10/100 psn|[from] psn
|upkeep
|turn|16
|
|t:|1776033386
|switch|p1a: I smash vap|Tinkaton, F, shiny|20/100
|-ability|p1a: I smash vap|Mold Breaker
|-activate|p2a: Anomаly|confusion
|move|p2a: Anomаly|Sludge Wave|p1a: I smash vap
|-immune|p1a: I smash vap
|
|-weather|RainDance|[upkeep]
|-heal|p1a: I smash vap|26/100|[from] item: Leftovers
|upkeep
|turn|17
|
|t:|1776033393
|-end|p2a: Anomаly|Quark Drive|[silent]
|switch|p2a: Anomaly|Great Tusk|100/100
|-damage|p2a: Anomaly|98/100|[from] Stealth Rock
|-enditem|p2a: Anomaly|Booster Energy
|-activate|p2a: Anomaly|ability: Protosynthesis|[fromitem]
|-start|p2a: Anomaly|protosynthesisatk
|move|p1a: I smash vap|Thunder Wave|p2a: Anomaly
|-immune|p2a: Anomaly
|
|-weather|RainDance|[upkeep]
|-heal|p1a: I smash vap|32/100|[from] item: Leftovers
|upkeep
|turn|18
|
|t:|1776033398
|switch|p1a: bird in vap|Pelipper, M|100/100
|move|p2a: Anomaly|Rapid Spin|p1a: bird in vap
|-immune|p1a: bird in vap
|
|-weather|none
|upkeep
|turn|19
|inactive|FunnyMonke has 120 seconds left.
|
|t:|1776033441
|-end|p2a: Anomaly|Protosynthesis|[silent]
|switch|p2a: Yoshi|Dragonite, M, shiny|100/100
|-damage|p2a: Yoshi|76/100|[from] Stealth Rock
|move|p1a: bird in vap|Will-O-Wisp|p2a: Yoshi
|-status|p2a: Yoshi|brn
|
|-damage|p2a: Yoshi|70/100 brn|[from] brn
|upkeep
|turn|20
|
|t:|1776033451
|move|p1a: bird in vap|Hex|p2a: Yoshi
|-damage|p2a: Yoshi|0 fnt
|faint|p2a: Yoshi
|
|upkeep
|
|t:|1776033468
|switch|p2a: Moebius|Deoxys-Speed|100/100
|-damage|p2a: Moebius|88/100|[from] Stealth Rock
|-ability|p2a: Moebius|Pressure
|turn|21
|
|t:|1776033475
|move|p2a: Moebius|Psycho Boost|p1a: bird in vap
|-damage|p1a: bird in vap|0 fnt
|-unboost|p2a: Moebius|spa|2
|replace|p1a: i think im vap|Zoroark-Hisui, M
|-end|p1a: i think im vap|Illusion
|faint|p1a: i think im vap
|-damage|p2a: Moebius|78/100|[from] item: Life Orb
|
|upkeep
|
|t:|1776033481
|switch|p1a: I smash vap|Tinkaton, F, shiny|32/100
|-ability|p1a: I smash vap|Mold Breaker
|turn|22
|inactive|FunnyMonke has 120 seconds left.
|
|t:|1776033495
|switch|p2a: Anomaly|Great Tusk|98/100
|-damage|p2a: Anomaly|95/100|[from] Stealth Rock
|switch|p1a: bird in vap|Pelipper, M|10/100 psn
|-weather|RainDance|[from] ability: Drizzle|[of] p1a: bird in vap
|
|-weather|RainDance|[upkeep]
|-damage|p1a: bird in vap|0 fnt|[from] psn
|faint|p1a: bird in vap
|upkeep
|
|t:|1776033498
|switch|p1a: fish in vap|Barraskewda, M|100/100
|turn|23
|inactive|FunnyMonke has 120 seconds left.
|
|t:|1776033510
|-terastallize|p2a: Anomaly|Steel
|move|p1a: fish in vap|Liquidation|p2a: Anomaly
|-damage|p2a: Anomaly|22/100
|-damage|p1a: fish in vap|91/100|[from] item: Life Orb
|move|p2a: Anomaly|Rapid Spin|p1a: fish in vap
|-damage|p1a: fish in vap|55/100
|-boost|p2a: Anomaly|spe|1
|-sideend|p2: FunnyMonke|Stealth Rock|[from] move: Rapid Spin|[of] p2a: Anomaly
|
|-weather|RainDance|[upkeep]
|upkeep
|turn|24
|inactive|FunnyMonke has 120 seconds left.
|
|t:|1776033525
|move|p1a: fish in vap|Close Combat|p2a: Anomaly
|-supereffective|p2a: Anomaly
|-damage|p2a: Anomaly|0 fnt
|-unboost|p1a: fish in vap|def|1
|-unboost|p1a: fish in vap|spd|1
|faint|p2a: Anomaly
|-end|p2a: Anomaly|Protosynthesis|[silent]
|-damage|p1a: fish in vap|45/100|[from] item: Life Orb
|
|-weather|RainDance|[upkeep]
|upkeep
|
|t:|1776033540
|switch|p2a: Meruem|Kingambit, F|100/100
|-activate|p2a: Meruem|ability: Supreme Overlord
|-start|p2a: Meruem|fallen3|[silent]
|turn|25
|l|☆dummydraedon
|inactive|dummydraedon disconnected and has a minute to reconnect!
|player|p1|
|j|☆dummydraedon
|inactive|dummydraedon reconnected and has 135 seconds left.
|player|p1|dummydraedon|265|
|
|t:|1776033562
|switch|p1a: I smash vap|Tinkaton, F, shiny|32/100
|-ability|p1a: I smash vap|Mold Breaker
|move|p2a: Meruem|Sucker Punch||[still]
|-fail|p2a: Meruem
|
|-weather|RainDance|[upkeep]
|-heal|p1a: I smash vap|38/100|[from] item: Leftovers
|upkeep
|turn|26
|
|t:|1776033567
|move|p1a: I smash vap|Thunder Wave|p2a: Meruem
|-status|p2a: Meruem|par
|move|p2a: Meruem|Iron Head|p1a: I smash vap
|-damage|p1a: I smash vap|0 fnt
|faint|p1a: I smash vap
|
|-weather|none
|upkeep
|
|t:|1776033572
|switch|p1a: digging in vap|Excadrill, M, shiny|100/100
|-ability|p1a: digging in vap|Mold Breaker
|-item|p1a: digging in vap|Air Balloon
|turn|27
|inactive|FunnyMonke has 120 seconds left.
|
|t:|1776033578
|move|p1a: digging in vap|Swords Dance|p1a: digging in vap
|-boost|p1a: digging in vap|atk|2
|move|p2a: Meruem|Kowtow Cleave|p1a: digging in vap
|-damage|p1a: digging in vap|12/100
|-enditem|p1a: digging in vap|Air Balloon
|
|upkeep
|turn|28
|
|t:|1776033586
|move|p2a: Meruem|Sucker Punch||[still]
|-fail|p2a: Meruem
|move|p1a: digging in vap|Swords Dance|p1a: digging in vap
|-boost|p1a: digging in vap|atk|2
|
|upkeep
|turn|29
|
|t:|1776033590
|move|p2a: Meruem|Sucker Punch|p1a: digging in vap
|-damage|p1a: digging in vap|0 fnt
|faint|p1a: digging in vap
|
|upkeep
|c|☆dummydraedon|gg
|
|t:|1776033597
|switch|p1a: fish in vap|Barraskewda, M|45/100
|turn|30
|j| noots666
|
|t:|1776033604
|cant|p2a: Meruem|par
|move|p1a: fish in vap|Close Combat|p2a: Meruem
|-supereffective|p2a: Meruem
|-crit|p2a: Meruem
|-damage|p2a: Meruem|0 fnt
|-unboost|p1a: fish in vap|def|1
|-unboost|p1a: fish in vap|spd|1
|faint|p2a: Meruem
|-end|p2a: Meruem|fallen3|[silent]
|-damage|p1a: fish in vap|35/100|[from] item: Life Orb
|
|upkeep
|
|t:|1776033610
|switch|p2a: Moebius|Deoxys-Speed|78/100
|-ability|p2a: Moebius|Pressure
|turn|31
|l|☆dummydraedon
|inactive|dummydraedon disconnected and has a minute to reconnect!
|player|p1|
|j|☆dummydraedon
|inactive|dummydraedon reconnected and has 135 seconds left.
|player|p1|dummydraedon|265|
|
|t:|1776033630
|move|p1a: fish in vap|Aqua Jet|p2a: Moebius
|-damage|p2a: Moebius|34/100
|-damage|p1a: fish in vap|25/100|[from] item: Life Orb
|move|p2a: Moebius|Shadow Ball|p1a: fish in vap
|-damage|p1a: fish in vap|0 fnt
|faint|p1a: fish in vap
|-damage|p2a: Moebius|24/100|[from] item: Life Orb
|
|win|FunnyMonke
|raw|dummydraedon's rating: 1430 &rarr; <strong>1411</strong><br />(-19 for losing)
|raw|FunnyMonke's rating: 1455 &rarr; <strong>1474</strong><br />(+19 for winning)
|c|☆dummydraedon|gg
|c|☆FunnyMonke|gg
|l|☆FunnyMonke
|player|p2|
|l|☆dummydraedon
|player|p1|
