|html|<div class="broadcast-blue"><strong>[Gen 9] OU is currently suspecting Tera Blast! For information on how to participate check out the <a href="https://www.smogon.com/tools/suspects/view/200">suspect thread</a>.</strong></div>
|j|☆Tekapkmn
|j|☆nyck771
|t:|1776150203
|gametype|singles
|player|p1|Tekapkmn|265|1374
|player|p2|nyck771|red|1312
|gen|9
|tier|[Gen 9] OU
|rated|
|rule|HP Percentage Mod: HP is shown in percentages
|rule|Endless Battle Clause: Forcing endless battles is banned
|rule|Species Clause: Limit one of each Pokémon
|rule|OHKO Clause: OHKO moves are banned
|rule|Evasion Items Clause: Evasion items are banned
|rule|Evasion Moves Clause: Evasion moves are banned
|rule|Evasion Abilities Clause: Evasion abilities are banned
|rule|Sleep Moves Clause: Sleep-inducing moves are banned
|clearpoke
|poke|p1|Scizor, F|
|poke|p1|Gliscor, F|
|poke|p1|Corviknight, F|
|poke|p1|Slowking-Galar, M|
|poke|p1|Meowscarada, F|
|poke|p1|Garganacl, F|
|poke|p2|Garganacl, F|
|poke|p2|Primarina, M|
|poke|p2|Gholdengo|
|poke|p2|Blaziken, F|
|poke|p2|Rillaboom, M|
|poke|p2|Weezing-Galar, M|
|teampreview
|c|☆nyck771|glhf
|inactive|Battle timer is ON: inactive players will automatically lose when time's up. (requested by Tekapkmn)
|
|t:|1776150225
|teamsize|p1|6
|teamsize|p2|6
|start
|switch|p1a: Gliscor|Gliscor, F|100/100
|switch|p2a: Primarina|Primarina, M|100/100
|turn|1
|
|t:|1776150232
|switch|p1a: Slowking|Slowking-Galar, M|100/100
|move|p2a: Primarina|Substitute|p2a: Primarina
|-start|p2a: Primarina|Substitute
|-damage|p2a: Primarina|75/100
|
|-heal|p2a: Primarina|82/100|[from] item: Leftovers
|upkeep
|turn|2
|
|t:|1776150239
|move|p2a: Primarina|Calm Mind|p2a: Primarina
|-boost|p2a: Primarina|spa|1
|-boost|p2a: Primarina|spd|1
|move|p1a: Slowking|Sludge Bomb|p2a: Primarina
|-supereffective|p2a: Primarina
|-end|p2a: Primarina|Substitute
|
|-heal|p2a: Primarina|88/100|[from] item: Leftovers
|upkeep
|turn|3
|
|t:|1776150247
|move|p2a: Primarina|Calm Mind|p2a: Primarina
|-boost|p2a: Primarina|spa|1
|-boost|p2a: Primarina|spd|1
|move|p1a: Slowking|Ice Beam|p2a: Primarina
|-resisted|p2a: Primarina
|-damage|p2a: Primarina|81/100
|
|-heal|p2a: Primarina|87/100|[from] item: Leftovers
|upkeep
|turn|4
|
|t:|1776150257
|switch|p1a: Scizor|Scizor, F|100/100
|move|p2a: Primarina|Substitute|p2a: Primarina
|-start|p2a: Primarina|Substitute
|-damage|p2a: Primarina|62/100
|
|-heal|p2a: Primarina|68/100|[from] item: Leftovers
|upkeep
|turn|5
|
|t:|1776150264
|move|p1a: Scizor|Bullet Punch|p2a: Primarina
|-end|p2a: Primarina|Substitute
|move|p2a: Primarina|Psychic Noise|p1a: Scizor
|-damage|p1a: Scizor|16/100
|-start|p1a: Scizor|move: Heal Block
|
|-heal|p2a: Primarina|74/100|[from] item: Leftovers
|upkeep
|turn|6
|
|t:|1776150274
|-terastallize|p1a: Scizor|Steel
|move|p1a: Scizor|Bullet Punch|p2a: Primarina
|-damage|p2a: Primarina|13/100
|move|p2a: Primarina|Draining Kiss|p1a: Scizor
|-resisted|p1a: Scizor
|-damage|p1a: Scizor|0 fnt
|-heal|p2a: Primarina|22/100|[from] drain|[of] p1a: Scizor
|faint|p1a: Scizor
|
|-heal|p2a: Primarina|29/100|[from] item: Leftovers
|upkeep
|
|t:|1776150283
|switch|p1a: Meowscarada|Meowscarada, F|100/100
|turn|7
|
|t:|1776150289
|move|p1a: Meowscarada|Flower Trick|p2a: Primarina
|-start|p1a: Meowscarada|typechange|Grass|[from] ability: Protean
|-supereffective|p2a: Primarina
|-crit|p2a: Primarina
|-damage|p2a: Primarina|0 fnt
|faint|p2a: Primarina
|
|upkeep
|
|t:|1776150294
|switch|p2a: Rillaboom|Rillaboom, M|100/100
|-fieldstart|move: Grassy Terrain|[from] ability: Grassy Surge|[of] p2a: Rillaboom
|turn|8
|
|t:|1776150301
|switch|p1a: Gliscor|Gliscor, F|100/100
|move|p2a: Rillaboom|U-turn|p1a: Gliscor
|-resisted|p1a: Gliscor
|-damage|p1a: Gliscor|88/100
|
|t:|1776150311
|switch|p2a: Weezing|Weezing-Galar, M|100/100|[from] U-turn
|-ability|p2a: Weezing|Neutralizing Gas
|
|-status|p1a: Gliscor|tox|[from] item: Toxic Orb
|upkeep
|turn|9
|
|t:|1776150318
|move|p1a: Gliscor|Knock Off|p2a: Weezing
|-resisted|p2a: Weezing
|-damage|p2a: Weezing|93/100
|-enditem|p2a: Weezing|Heavy-Duty Boots|[from] move: Knock Off|[of] p1a: Gliscor
|move|p2a: Weezing|Sludge Bomb|p1a: Gliscor
|-resisted|p1a: Gliscor
|-damage|p1a: Gliscor|69/100 tox
|
|-heal|p2a: Weezing|99/100|[from] Grassy Terrain
|-damage|p1a: Gliscor|63/100 tox|[from] psn
|upkeep
|turn|10
|
|t:|1776150334
|switch|p1a: Slowking|Slowking-Galar, M|100/100
|move|p2a: Weezing|Sludge Bomb|p1a: Slowking
|-resisted|p1a: Slowking
|-damage|p1a: Slowking|93/100
|
|-heal|p2a: Weezing|100/100|[from] Grassy Terrain
|-heal|p1a: Slowking|99/100|[from] Grassy Terrain
|upkeep
|turn|11
|
|t:|1776150351
|-end|p2a: Weezing|ability: Neutralizing Gas
|switch|p2a: Gholdengo|Gholdengo|100/100
|move|p1a: Slowking|Flamethrower|p2a: Gholdengo
|-supereffective|p2a: Gholdengo
|-damage|p2a: Gholdengo|23/100
|
|-heal|p2a: Gholdengo|29/100|[from] Grassy Terrain
|-heal|p1a: Slowking|100/100|[from] Grassy Terrain
|upkeep
|turn|12
|
|t:|1776150363
|move|p2a: Gholdengo|Shadow Ball|p1a: Slowking
|-supereffective|p1a: Slowking
|-damage|p1a: Slowking|55/100
|-unboost|p1a: Slowking|spd|1
|move|p1a: Slowking|Psychic|p2a: Gholdengo
|-resisted|p2a: Gholdengo
|-damage|p2a: Gholdengo|4/100
|
|-heal|p2a: Gholdengo|10/100|[from] Grassy Terrain
|-heal|p1a: Slowking|61/100|[from] Grassy Terrain
|-fieldend|move: Grassy Terrain
|upkeep
|turn|13
|
|t:|1776150376
|switch|p1a: Meowscarada|Meowscarada, F|100/100
|move|p2a: Gholdengo|Shadow Ball|p1a: Meowscarada
|-resisted|p1a: Meowscarada
|-damage|p1a: Meowscarada|70/100
|
|upkeep
|turn|14
|
|t:|1776150387
|switch|p2a: Blaziken|Blaziken, F|100/100
|move|p1a: Meowscarada|Triple Axel|p2a: Blaziken
|-start|p1a: Meowscarada|typechange|Ice|[from] ability: Protean
|-resisted|p2a: Blaziken
|-damage|p2a: Blaziken|89/100
|-resisted|p2a: Blaziken
|-damage|p2a: Blaziken|66/100
|-resisted|p2a: Blaziken
|-damage|p2a: Blaziken|33/100
|-hitcount|p2a: Blaziken|3
|
|upkeep
|turn|15
|
|t:|1776150401
|switch|p1a: Gliscor|Gliscor, F|63/100 tox
|move|p2a: Blaziken|Close Combat|p1a: Gliscor
|-resisted|p1a: Gliscor
|-damage|p1a: Gliscor|36/100 tox
|-unboost|p2a: Blaziken|def|1
|-unboost|p2a: Blaziken|spd|1
|-damage|p2a: Blaziken|23/100|[from] item: Life Orb
|
|-heal|p1a: Gliscor|49/100 tox|[from] ability: Poison Heal
|-ability|p2a: Blaziken|Speed Boost|boost
|-boost|p2a: Blaziken|spe|1
|upkeep
|turn|16
|
|t:|1776150413
|move|p2a: Blaziken|Flare Blitz|p1a: Gliscor
|-damage|p1a: Gliscor|0 fnt
|faint|p1a: Gliscor
|-damage|p2a: Blaziken|5/100|[from] Recoil
|-damage|p2a: Blaziken|0 fnt|[from] item: Life Orb
|faint|p2a: Blaziken
|
|upkeep
|
|t:|1776150423
|switch|p2a: Gholdengo|Gholdengo|10/100
|switch|p1a: Garganacl|Garganacl, F|100/100
|turn|17
|
|t:|1776150429
|move|p2a: Gholdengo|Make It Rain|p1a: Garganacl
|-supereffective|p1a: Garganacl
|-damage|p1a: Garganacl|19/100
|-unboost|p2a: Gholdengo|spa|1
|move|p1a: Garganacl|Stealth Rock|p2a: Gholdengo
|-sidestart|p2: nyck771|move: Stealth Rock
|
|-heal|p1a: Garganacl|25/100|[from] item: Leftovers
|upkeep
|turn|18
|
|t:|1776150438
|switch|p1a: Slowking|Slowking-Galar, M|94/100
|move|p2a: Gholdengo|Make It Rain|p1a: Slowking
|-damage|p1a: Slowking|74/100
|-unboost|p2a: Gholdengo|spa|1
|
|upkeep
|turn|19
|
|t:|1776150446
|switch|p2a: Garganacl|Garganacl, F|100/100
|-damage|p2a: Garganacl|88/100|[from] Stealth Rock
|move|p1a: Slowking|Psychic|p2a: Garganacl
|-damage|p2a: Garganacl|58/100
|
|-heal|p2a: Garganacl|65/100|[from] item: Leftovers
|upkeep
|turn|20
|
|t:|1776150457
|switch|p1a: Garganacl|Garganacl, F|25/100
|move|p2a: Garganacl|Stealth Rock|p1a: Garganacl
|-sidestart|p1: Tekapkmn|move: Stealth Rock
|
|-heal|p1a: Garganacl|31/100|[from] item: Leftovers
|-heal|p2a: Garganacl|71/100|[from] item: Leftovers
|upkeep
|turn|21
|
|t:|1776150465
|move|p1a: Garganacl|Recover|p1a: Garganacl
|-heal|p1a: Garganacl|81/100
|move|p2a: Garganacl|Salt Cure|p1a: Garganacl
|-damage|p1a: Garganacl|72/100
|-start|p1a: Garganacl|Salt Cure
|
|-heal|p2a: Garganacl|77/100|[from] item: Leftovers
|-heal|p1a: Garganacl|78/100|[from] item: Leftovers
|-damage|p1a: Garganacl|66/100|[from] Salt Cure
|upkeep
|turn|22
|
|t:|1776150474
|move|p2a: Garganacl|Protect|p2a: Garganacl
|-singleturn|p2a: Garganacl|Protect
|move|p1a: Garganacl|Salt Cure|p2a: Garganacl
|-activate|p2a: Garganacl|move: Protect
|
|-heal|p2a: Garganacl|83/100|[from] item: Leftovers
|-heal|p1a: Garganacl|72/100|[from] item: Leftovers
|-damage|p1a: Garganacl|59/100|[from] Salt Cure
|upkeep
|turn|23
|
|t:|1776150483
|move|p1a: Garganacl|Salt Cure|p2a: Garganacl
|-damage|p2a: Garganacl|75/100
|-start|p2a: Garganacl|Salt Cure
|move|p2a: Garganacl|Salt Cure|p1a: Garganacl
|-damage|p1a: Garganacl|51/100
|
|-heal|p2a: Garganacl|81/100|[from] item: Leftovers
|-heal|p1a: Garganacl|57/100|[from] item: Leftovers
|-damage|p1a: Garganacl|44/100|[from] Salt Cure
|-damage|p2a: Garganacl|69/100|[from] Salt Cure
|upkeep
|turn|24
|
|t:|1776150495
|switch|p2a: Gholdengo|Gholdengo|10/100
|-damage|p2a: Gholdengo|4/100|[from] Stealth Rock
|move|p1a: Garganacl|Recover|p1a: Garganacl
|-heal|p1a: Garganacl|94/100
|
|-heal|p1a: Garganacl|100/100|[from] item: Leftovers
|-damage|p1a: Garganacl|88/100|[from] Salt Cure
|upkeep
|turn|25
|
|t:|1776150505
|switch|p1a: Slowking|Slowking-Galar, M|100/100
|-damage|p1a: Slowking|88/100|[from] Stealth Rock
|move|p2a: Gholdengo|Make It Rain|p1a: Slowking
|-damage|p1a: Slowking|57/100
|-unboost|p2a: Gholdengo|spa|1
|
|upkeep
|turn|26
|
|t:|1776150516
|move|p2a: Gholdengo|Make It Rain|p1a: Slowking
|-damage|p1a: Slowking|34/100
|-unboost|p2a: Gholdengo|spa|1
|move|p1a: Slowking|Psychic|p2a: Gholdengo
|-resisted|p2a: Gholdengo
|-damage|p2a: Gholdengo|0 fnt
|faint|p2a: Gholdengo
|
|upkeep
|
|t:|1776150523
|switch|p2a: Rillaboom|Rillaboom, M|100/100
|-damage|p2a: Rillaboom|88/100|[from] Stealth Rock
|-fieldstart|move: Grassy Terrain|[from] ability: Grassy Surge|[of] p2a: Rillaboom
|turn|27
|
|t:|1776150531
|switch|p1a: Corviknight|Corviknight, F|100/100
|-damage|p1a: Corviknight|88/100|[from] Stealth Rock
|-ability|p1a: Corviknight|Pressure
|move|p2a: Rillaboom|U-turn|p1a: Corviknight
|-resisted|p1a: Corviknight
|-damage|p1a: Corviknight|82/100
|-damage|p2a: Rillaboom|72/100|[from] item: Rocky Helmet|[of] p1a: Corviknight
|
|t:|1776150541
|switch|p2a: Weezing|Weezing-Galar, M|100/100|[from] U-turn
|-ability|p2a: Weezing|Neutralizing Gas
|-damage|p2a: Weezing|88/100|[from] Stealth Rock
|
|-heal|p2a: Weezing|94/100|[from] Grassy Terrain
|upkeep
|turn|28
|
|t:|1776150549
|switch|p1a: Slowking|Slowking-Galar, M|67/100
|-damage|p1a: Slowking|55/100|[from] Stealth Rock
|move|p2a: Weezing|Will-O-Wisp|p1a: Slowking
|-status|p1a: Slowking|brn
|
|-heal|p2a: Weezing|99/100|[from] Grassy Terrain
|-heal|p1a: Slowking|61/100 brn|[from] Grassy Terrain
|-damage|p1a: Slowking|55/100 brn|[from] brn
|upkeep
|turn|29
|
|t:|1776150559
|move|p2a: Weezing|Defog|p1a: Slowking
|-unboost|p1a: Slowking|evasion|1
|-sideend|p1: Tekapkmn|Stealth Rock|[from] move: Defog|[of] p2a: Weezing
|-sideend|p2: nyck771|Stealth Rock|[from] move: Defog|[of] p2a: Weezing
|-fieldend|move: Grassy Terrain
|move|p1a: Slowking|Psychic|p2a: Weezing
|-supereffective|p2a: Weezing
|-damage|p2a: Weezing|0 fnt
|faint|p2a: Weezing
|-end|p2a: Weezing|ability: Neutralizing Gas
|
|-damage|p1a: Slowking|49/100 brn|[from] brn
|upkeep
|
|t:|1776150564
|switch|p2a: Rillaboom|Rillaboom, M|72/100
|-fieldstart|move: Grassy Terrain|[from] ability: Grassy Surge|[of] p2a: Rillaboom
|turn|30
|
|t:|1776150575
|switch|p1a: Corviknight|Corviknight, F|82/100
|-ability|p1a: Corviknight|Pressure
|-terastallize|p2a: Rillaboom|Grass
|move|p2a: Rillaboom|Wood Hammer|p1a: Corviknight
|-resisted|p1a: Corviknight
|-crit|p1a: Corviknight
|-damage|p1a: Corviknight|46/100
|-damage|p2a: Rillaboom|55/100|[from] item: Rocky Helmet|[of] p1a: Corviknight
|-damage|p2a: Rillaboom|41/100|[from] Recoil
|
|-heal|p2a: Rillaboom|47/100|[from] Grassy Terrain
|upkeep
|turn|31
|
|t:|1776150588
|switch|p2a: Garganacl|Garganacl, F|69/100
|move|p1a: Corviknight|Body Press|p2a: Garganacl
|-supereffective|p2a: Garganacl
|-damage|p2a: Garganacl|36/100
|
|-heal|p2a: Garganacl|42/100|[from] Grassy Terrain
|-heal|p2a: Garganacl|48/100|[from] item: Leftovers
|upkeep
|turn|32
|
|t:|1776150597
|move|p1a: Corviknight|Roost|p1a: Corviknight
|-heal|p1a: Corviknight|96/100
|-singleturn|p1a: Corviknight|move: Roost
|move|p2a: Garganacl|Salt Cure|p1a: Corviknight
|-resisted|p1a: Corviknight
|-damage|p1a: Corviknight|92/100
|-start|p1a: Corviknight|Salt Cure
|
|-heal|p1a: Corviknight|98/100|[from] Grassy Terrain
|-heal|p2a: Garganacl|54/100|[from] Grassy Terrain
|-heal|p2a: Garganacl|61/100|[from] item: Leftovers
|-damage|p1a: Corviknight|73/100|[from] Salt Cure
|upkeep
|turn|33
|
|t:|1776150612
|switch|p1a: Meowscarada|Meowscarada, F|70/100
|move|p2a: Garganacl|Protect||[still]
|-fail|p2a: Garganacl
|
|-heal|p1a: Meowscarada|76/100|[from] Grassy Terrain
|-heal|p2a: Garganacl|67/100|[from] Grassy Terrain
|-heal|p2a: Garganacl|73/100|[from] item: Leftovers
|upkeep
|turn|34
|
|t:|1776150621
|move|p1a: Meowscarada|Triple Axel|p2a: Garganacl|[miss]
|-start|p1a: Meowscarada|typechange|Ice|[from] ability: Protean
|-miss|p1a: Meowscarada|p2a: Garganacl
|move|p2a: Garganacl|Salt Cure|p1a: Meowscarada
|-supereffective|p1a: Meowscarada
|-damage|p1a: Meowscarada|32/100
|-start|p1a: Meowscarada|Salt Cure
|
|-heal|p1a: Meowscarada|38/100|[from] Grassy Terrain
|-heal|p2a: Garganacl|79/100|[from] Grassy Terrain
|-heal|p2a: Garganacl|85/100|[from] item: Leftovers
|-damage|p1a: Meowscarada|26/100|[from] Salt Cure
|-fieldend|move: Grassy Terrain
|upkeep
|turn|35
|
|t:|1776150635
|move|p1a: Meowscarada|Triple Axel|p2a: Garganacl
|-damage|p2a: Garganacl|76/100
|-damage|p2a: Garganacl|59/100
|-damage|p2a: Garganacl|31/100
|-hitcount|p2a: Garganacl|3
|move|p2a: Garganacl|Salt Cure|p1a: Meowscarada
|-supereffective|p1a: Meowscarada
|-damage|p1a: Meowscarada|0 fnt
|faint|p1a: Meowscarada
|
|-heal|p2a: Garganacl|37/100|[from] item: Leftovers
|upkeep
|
|t:|1776150646
|switch|p1a: Corviknight|Corviknight, F|73/100
|-ability|p1a: Corviknight|Pressure
|turn|36
|
|t:|1776150653
|move|p2a: Garganacl|Protect|p2a: Garganacl
|-singleturn|p2a: Garganacl|Protect
|move|p1a: Corviknight|Body Press|p2a: Garganacl
|-activate|p2a: Garganacl|move: Protect
|
|-heal|p2a: Garganacl|43/100|[from] item: Leftovers
|upkeep
|turn|37
|
|t:|1776150665
|switch|p1a: Garganacl|Garganacl, F|88/100
|move|p2a: Garganacl|Recover|p2a: Garganacl
|-heal|p2a: Garganacl|93/100
|
|-heal|p2a: Garganacl|99/100|[from] item: Leftovers
|-heal|p1a: Garganacl|94/100|[from] item: Leftovers
|upkeep
|turn|38
|
|t:|1776150674
|switch|p2a: Rillaboom|Rillaboom, M, tera:Grass|47/100
|-fieldstart|move: Grassy Terrain|[from] ability: Grassy Surge|[of] p2a: Rillaboom
|move|p1a: Garganacl|Stealth Rock|p2a: Rillaboom
|-sidestart|p2: nyck771|move: Stealth Rock
|
|-heal|p2a: Rillaboom|54/100|[from] Grassy Terrain
|-heal|p1a: Garganacl|99/100|[from] Grassy Terrain
|-heal|p1a: Garganacl|100/100|[from] item: Leftovers
|upkeep
|turn|39
|
|t:|1776150683
|switch|p1a: Corviknight|Corviknight, F|73/100
|-ability|p1a: Corviknight|Pressure
|move|p2a: Rillaboom|Wood Hammer|p1a: Corviknight
|-resisted|p1a: Corviknight
|-damage|p1a: Corviknight|47/100
|-damage|p2a: Rillaboom|37/100|[from] item: Rocky Helmet|[of] p1a: Corviknight
|-damage|p2a: Rillaboom|27/100|[from] Recoil
|
|-heal|p2a: Rillaboom|33/100|[from] Grassy Terrain
|upkeep
|turn|40
|
|t:|1776150694
|switch|p2a: Garganacl|Garganacl, F|99/100
|-damage|p2a: Garganacl|87/100|[from] Stealth Rock
|move|p1a: Corviknight|Iron Defense|p1a: Corviknight
|-boost|p1a: Corviknight|def|2
|
|-heal|p2a: Garganacl|93/100|[from] Grassy Terrain
|-heal|p2a: Garganacl|99/100|[from] item: Leftovers
|upkeep
|turn|41
|
|t:|1776150705
|switch|p1a: Garganacl|Garganacl, F|100/100
|move|p2a: Garganacl|Salt Cure|p1a: Garganacl
|-damage|p1a: Garganacl|91/100
|-start|p1a: Garganacl|Salt Cure
|
|-heal|p1a: Garganacl|97/100|[from] Grassy Terrain
|-heal|p2a: Garganacl|100/100|[from] Grassy Terrain
|-heal|p1a: Garganacl|100/100|[from] item: Leftovers
|-damage|p1a: Garganacl|88/100|[from] Salt Cure
|upkeep
|turn|42
|
|t:|1776150716
|move|p1a: Garganacl|Salt Cure|p2a: Garganacl
|-damage|p2a: Garganacl|92/100
|-start|p2a: Garganacl|Salt Cure
|move|p2a: Garganacl|Stealth Rock|p1a: Garganacl
|-sidestart|p1: Tekapkmn|move: Stealth Rock
|
|-heal|p1a: Garganacl|94/100|[from] Grassy Terrain
|-heal|p2a: Garganacl|98/100|[from] Grassy Terrain
|-heal|p2a: Garganacl|100/100|[from] item: Leftovers
|-heal|p1a: Garganacl|99/100|[from] item: Leftovers
|-damage|p2a: Garganacl|88/100|[from] Salt Cure
|-damage|p1a: Garganacl|88/100|[from] Salt Cure
|-fieldend|move: Grassy Terrain
|upkeep
|turn|43
|
|t:|1776150728
|switch|p2a: Rillaboom|Rillaboom, M, tera:Grass|33/100
|-damage|p2a: Rillaboom|21/100|[from] Stealth Rock
|-fieldstart|move: Grassy Terrain|[from] ability: Grassy Surge|[of] p2a: Rillaboom
|switch|p1a: Slowking|Slowking-Galar, M|82/100 brn
|-damage|p1a: Slowking|69/100 brn|[from] Stealth Rock
|
|-heal|p2a: Rillaboom|27/100|[from] Grassy Terrain
|-heal|p1a: Slowking|75/100 brn|[from] Grassy Terrain
|-damage|p1a: Slowking|69/100 brn|[from] brn
|upkeep
|turn|44
|
|t:|1776150741
|switch|p1a: Corviknight|Corviknight, F|47/100
|-damage|p1a: Corviknight|35/100|[from] Stealth Rock
|-ability|p1a: Corviknight|Pressure
|move|p2a: Rillaboom|Knock Off|p1a: Corviknight
|-damage|p1a: Corviknight|4/100
|-damage|p2a: Rillaboom|11/100|[from] item: Rocky Helmet|[of] p1a: Corviknight
|-enditem|p1a: Corviknight|Rocky Helmet|[from] move: Knock Off|[of] p2a: Rillaboom
|
|-heal|p2a: Rillaboom|17/100|[from] Grassy Terrain
|upkeep
|turn|45
|
|t:|1776150754
|move|p2a: Rillaboom|Knock Off|p1a: Corviknight
|-damage|p1a: Corviknight|0 fnt
|faint|p1a: Corviknight
|
|-heal|p2a: Rillaboom|23/100|[from] Grassy Terrain
|upkeep
|
|t:|1776150760
|switch|p1a: Slowking|Slowking-Galar, M|100/100 brn
|-damage|p1a: Slowking|88/100 brn|[from] Stealth Rock
|turn|46
|
|t:|1776150767
|switch|p1a: Garganacl|Garganacl, F|88/100
|-damage|p1a: Garganacl|75/100|[from] Stealth Rock
|move|p2a: Rillaboom|Knock Off|p1a: Garganacl
|-damage|p1a: Garganacl|38/100
|-enditem|p1a: Garganacl|Leftovers|[from] move: Knock Off|[of] p2a: Rillaboom
|
|-heal|p2a: Rillaboom|29/100|[from] Grassy Terrain
|-heal|p1a: Garganacl|44/100|[from] Grassy Terrain
|upkeep
|turn|47
|
|t:|1776150777
|switch|p2a: Garganacl|Garganacl, F|88/100
|-damage|p2a: Garganacl|76/100|[from] Stealth Rock
|move|p1a: Garganacl|Recover|p1a: Garganacl
|-heal|p1a: Garganacl|94/100
|
|-heal|p2a: Garganacl|82/100|[from] Grassy Terrain
|-heal|p1a: Garganacl|100/100|[from] Grassy Terrain
|-heal|p2a: Garganacl|88/100|[from] item: Leftovers
|-fieldend|move: Grassy Terrain
|upkeep
|turn|48
|
|t:|1776150790
|move|p1a: Garganacl|Salt Cure|p2a: Garganacl
|-damage|p2a: Garganacl|78/100
|-start|p2a: Garganacl|Salt Cure
|move|p2a: Garganacl|Salt Cure|p1a: Garganacl
|-damage|p1a: Garganacl|91/100
|-start|p1a: Garganacl|Salt Cure
|
|-heal|p2a: Garganacl|84/100|[from] item: Leftovers
|-damage|p2a: Garganacl|72/100|[from] Salt Cure
|-damage|p1a: Garganacl|79/100|[from] Salt Cure
|upkeep
|turn|49
|
|t:|1776150800
|switch|p1a: Slowking|Slowking-Galar, M|100/100 brn
|-damage|p1a: Slowking|88/100 brn|[from] Stealth Rock
|move|p2a: Garganacl|Salt Cure|p1a: Slowking
|-damage|p1a: Slowking|70/100 brn
|-start|p1a: Slowking|Salt Cure
|
|-heal|p2a: Garganacl|78/100|[from] item: Leftovers
|-damage|p1a: Slowking|64/100 brn|[from] brn
|-damage|p2a: Garganacl|66/100|[from] Salt Cure
|-damage|p1a: Slowking|52/100 brn|[from] Salt Cure
|upkeep
|turn|50
|
|t:|1776150811
|switch|p1a: Garganacl|Garganacl, F|79/100
|-damage|p1a: Garganacl|66/100|[from] Stealth Rock
|move|p2a: Garganacl|Salt Cure|p1a: Garganacl
|-damage|p1a: Garganacl|56/100
|-start|p1a: Garganacl|Salt Cure
|
|-heal|p2a: Garganacl|72/100|[from] item: Leftovers
|-damage|p1a: Garganacl|44/100|[from] Salt Cure
|-damage|p2a: Garganacl|60/100|[from] Salt Cure
|upkeep
|turn|51
|
|t:|1776150822
|move|p1a: Garganacl|Iron Defense|p1a: Garganacl
|-boost|p1a: Garganacl|def|2
|move|p2a: Garganacl|Salt Cure|p1a: Garganacl
|-damage|p1a: Garganacl|39/100
|
|-heal|p2a: Garganacl|66/100|[from] item: Leftovers
|-damage|p2a: Garganacl|53/100|[from] Salt Cure
|-damage|p1a: Garganacl|26/100|[from] Salt Cure
|upkeep
|turn|52
|
|t:|1776150830
|move|p1a: Garganacl|Recover|p1a: Garganacl
|-heal|p1a: Garganacl|77/100
|move|p2a: Garganacl|Recover|p2a: Garganacl
|-heal|p2a: Garganacl|100/100
|
|-damage|p1a: Garganacl|64/100|[from] Salt Cure
|-damage|p2a: Garganacl|88/100|[from] Salt Cure
|upkeep
|turn|53
|
|t:|1776150837
|switch|p2a: Rillaboom|Rillaboom, M, tera:Grass|29/100
|-damage|p2a: Rillaboom|17/100|[from] Stealth Rock
|-fieldstart|move: Grassy Terrain|[from] ability: Grassy Surge|[of] p2a: Rillaboom
|move|p1a: Garganacl|Iron Defense|p1a: Garganacl
|-boost|p1a: Garganacl|def|2
|
|-heal|p2a: Rillaboom|23/100|[from] Grassy Terrain
|-heal|p1a: Garganacl|70/100|[from] Grassy Terrain
|-damage|p1a: Garganacl|58/100|[from] Salt Cure
|upkeep
|turn|54
|
|t:|1776150864
|move|p2a: Rillaboom|Wood Hammer|p1a: Garganacl
|-supereffective|p1a: Garganacl
|-crit|p1a: Garganacl
|-damage|p1a: Garganacl|0 fnt
|faint|p1a: Garganacl
|-damage|p2a: Rillaboom|1/100|[from] Recoil
|
|-heal|p2a: Rillaboom|8/100|[from] Grassy Terrain
|upkeep
|
|t:|1776150871
|switch|p1a: Slowking|Slowking-Galar, M|85/100 brn
|-damage|p1a: Slowking|72/100 brn|[from] Stealth Rock
|turn|55
|
|t:|1776150875
|move|p2a: Rillaboom|Wood Hammer|p1a: Slowking
|-resisted|p1a: Slowking
|-damage|p1a: Slowking|0 fnt
|faint|p1a: Slowking
|-damage|p2a: Rillaboom|0 fnt|[from] Recoil
|faint|p2a: Rillaboom
|
|win|nyck771
|raw|Tekapkmn's rating: 1374 &rarr; <strong>1350</strong><br />(-24 for losing)
|raw|nyck771's rating: 1312 &rarr; <strong>1336</strong><br />(+24 for winning)
|c|☆nyck771|gg
