|html|<div class="broadcast-blue"><strong>[Gen 9] OU is currently suspecting Tera Blast! For information on how to participate check out the <a href="https://www.smogon.com/tools/suspects/view/200">suspect thread</a>.</strong></div>
|j|☆InkyDarkPenguin
|j|☆geckoflaquee
|t:|1776289980
|gametype|singles
|player|p1|InkyDarkPenguin|allister-masters|1479
|player|p2|geckoflaquee|iris|1383
|gen|9
|tier|[Gen 9] OU
|rated|
|rule|HP Percentage Mod: HP is shown in percentages
|rule|Endless Battle Clause: Forcing endless battles is banned
|rule|Species Clause: Limit one of each Pokémon
|rule|OHKO Clause: OHKO moves are banned
|rule|Evasion Items Clause: Evasion items are banned
|rule|Evasion Moves Clause: Evasion moves are banned
|rule|Evasion Abilities Clause: Evasion abilities are banned
|rule|Sleep Moves Clause: Sleep-inducing moves are banned
|clearpoke
|poke|p1|Corviknight, M|
|poke|p1|Pecharunt|
|poke|p1|Ogerpon-Wellspring, F|
|poke|p1|Iron Valiant|
|poke|p1|Ting-Lu|
|poke|p1|Dragapult, F|
|poke|p2|Torkoal, F|
|poke|p2|Walking Wake|
|poke|p2|Venusaur, F|
|poke|p2|Great Tusk|
|poke|p2|Slither Wing|
|poke|p2|Raging Bolt|
|teampreview
|inactive|Battle timer is ON: inactive players will automatically lose when time's up. (requested by InkyDarkPenguin)
|
|t:|1776289988
|teamsize|p1|6
|teamsize|p2|6
|start
|switch|p1a: Pecharunt|Pecharunt|100/100
|switch|p2a: Torkoal|Torkoal, F, shiny|100/100
|-weather|SunnyDay|[from] ability: Drought|[of] p2a: Torkoal
|turn|1
|
|t:|1776289992
|move|p1a: Pecharunt|Malignant Chain|p2a: Torkoal
|-damage|p2a: Torkoal|63/100
|-status|p2a: Torkoal|tox
|-start|p2a: Torkoal|confusion|[from] ability: Poison Puppeteer|[of] p1a: Pecharunt
|-activate|p2a: Torkoal|confusion
|move|p2a: Torkoal|Eruption|p1a: Pecharunt
|-damage|p1a: Pecharunt|42/100
|
|-weather|SunnyDay|[upkeep]
|-damage|p2a: Torkoal|57/100 tox|[from] psn
|upkeep
|turn|2
|
|t:|1776289999
|switch|p2a: Slither Wing|Slither Wing|100/100
|-activate|p2a: Slither Wing|ability: Protosynthesis
|-start|p2a: Slither Wing|protosynthesisatk
|move|p1a: Pecharunt|Recover|p1a: Pecharunt
|-heal|p1a: Pecharunt|92/100
|
|-weather|SunnyDay|[upkeep]
|upkeep
|turn|3
|
|t:|1776290003
|-terastallize|p2a: Slither Wing|Bug
|move|p2a: Slither Wing|First Impression|p1a: Pecharunt
|-resisted|p1a: Pecharunt
|-damage|p1a: Pecharunt|77/100
|move|p1a: Pecharunt|Parting Shot|p2a: Slither Wing
|-unboost|p2a: Slither Wing|atk|1
|-unboost|p2a: Slither Wing|spa|1
|
|t:|1776290015
|switch|p1a: Dragapult|Dragapult, F|100/100|[from] Parting Shot
|
|-weather|SunnyDay|[upkeep]
|upkeep
|turn|4
|
|t:|1776290036
|-end|p2a: Slither Wing|Protosynthesis|[silent]
|switch|p2a: Raging Bolt|Raging Bolt|100/100
|-activate|p2a: Raging Bolt|ability: Protosynthesis
|-start|p2a: Raging Bolt|protosynthesisspa
|move|p1a: Dragapult|Will-O-Wisp|p2a: Raging Bolt|[miss]
|-miss|p1a: Dragapult|p2a: Raging Bolt
|
|-weather|SunnyDay|[upkeep]
|upkeep
|turn|5
|
|t:|1776290048
|-end|p2a: Raging Bolt|Protosynthesis|[silent]
|switch|p2a: Slither Wing|Slither Wing, tera:Bug|100/100
|-activate|p2a: Slither Wing|ability: Protosynthesis
|-start|p2a: Slither Wing|protosynthesisatk
|move|p1a: Dragapult|Dragon Darts|p2a: Slither Wing
|-damage|p2a: Slither Wing|73/100
|-anim|p1a: Dragapult|Dragon Darts|p2a: Slither Wing
|-damage|p2a: Slither Wing|47/100
|
|-weather|SunnyDay|[upkeep]
|upkeep
|turn|6
|
|t:|1776290055
|switch|p1a: Pecharunt|Pecharunt|77/100
|move|p2a: Slither Wing|Flare Blitz|p1a: Pecharunt
|-damage|p1a: Pecharunt|12/100
|-damage|p2a: Slither Wing|21/100|[from] Recoil
|
|-weather|SunnyDay|[upkeep]
|upkeep
|turn|7
|
|t:|1776290059
|move|p2a: Slither Wing|Flare Blitz|p1a: Pecharunt
|-damage|p1a: Pecharunt|0 fnt
|faint|p1a: Pecharunt
|-damage|p2a: Slither Wing|16/100|[from] Recoil
|
|-weather|SunnyDay|[upkeep]
|upkeep
|
|t:|1776290070
|switch|p1a: Dragapult|Dragapult, F|100/100
|turn|8
|
|t:|1776290074
|-end|p2a: Slither Wing|Protosynthesis|[silent]
|switch|p2a: Torkoal|Torkoal, F, shiny|57/100 tox
|move|p1a: Dragapult|Dragon Darts|p2a: Torkoal
|-damage|p2a: Torkoal|41/100 tox
|-anim|p1a: Dragapult|Dragon Darts|p2a: Torkoal
|-damage|p2a: Torkoal|24/100 tox
|
|-weather|none
|-damage|p2a: Torkoal|17/100 tox|[from] psn
|upkeep
|turn|9
|
|t:|1776290079
|switch|p2a: Great Tusk|Great Tusk|100/100
|move|p1a: Dragapult|Dragon Darts|p2a: Great Tusk
|-damage|p2a: Great Tusk|88/100
|-anim|p1a: Dragapult|Dragon Darts|p2a: Great Tusk
|-damage|p2a: Great Tusk|75/100
|
|-heal|p2a: Great Tusk|82/100|[from] item: Leftovers
|upkeep
|turn|10
|
|t:|1776290084
|-end|p2a: Great Tusk|Protosynthesis|[silent]
|switch|p2a: Torkoal|Torkoal, F, shiny|17/100 tox
|-weather|SunnyDay|[from] ability: Drought|[of] p2a: Torkoal
|move|p1a: Dragapult|Will-O-Wisp||[still]
|-fail|p1a: Dragapult
|
|-weather|SunnyDay|[upkeep]
|-damage|p2a: Torkoal|11/100 tox|[from] psn
|upkeep
|turn|11
|
|t:|1776290091
|switch|p2a: Great Tusk|Great Tusk|82/100
|-activate|p2a: Great Tusk|ability: Protosynthesis
|-start|p2a: Great Tusk|protosynthesisspe
|move|p1a: Dragapult|Hex|p2a: Great Tusk
|-damage|p2a: Great Tusk|46/100
|
|-weather|SunnyDay|[upkeep]
|-heal|p2a: Great Tusk|52/100|[from] item: Leftovers
|upkeep
|turn|12
|
|t:|1776290097
|move|p2a: Great Tusk|Headlong Rush|p1a: Dragapult
|-damage|p1a: Dragapult|32/100
|-unboost|p2a: Great Tusk|def|1
|-unboost|p2a: Great Tusk|spd|1
|move|p1a: Dragapult|Will-O-Wisp|p2a: Great Tusk
|-status|p2a: Great Tusk|brn
|
|-weather|SunnyDay|[upkeep]
|-heal|p2a: Great Tusk|59/100 brn|[from] item: Leftovers
|-damage|p2a: Great Tusk|52/100 brn|[from] brn
|upkeep
|turn|13
|
|t:|1776290102
|-end|p2a: Great Tusk|Protosynthesis|[silent]
|switch|p2a: Slither Wing|Slither Wing, tera:Bug|16/100
|-activate|p2a: Slither Wing|ability: Protosynthesis
|-start|p2a: Slither Wing|protosynthesisatk
|switch|p1a: Corviknight|Corviknight, M, shiny|100/100
|-ability|p1a: Corviknight|Pressure
|
|-weather|SunnyDay|[upkeep]
|upkeep
|turn|14
|
|t:|1776290112
|switch|p1a: Ting-Lu|Ting-Lu|100/100
|-ability|p1a: Ting-Lu|Vessel of Ruin
|move|p2a: Slither Wing|Flare Blitz|p1a: Ting-Lu
|-damage|p1a: Ting-Lu|23/100
|-damage|p2a: Slither Wing|0 fnt|[from] Recoil
|faint|p2a: Slither Wing
|-end|p2a: Slither Wing|Protosynthesis|[silent]
|
|-weather|SunnyDay|[upkeep]
|-heal|p1a: Ting-Lu|29/100|[from] item: Leftovers
|upkeep
|
|t:|1776290117
|switch|p2a: Walking Wake|Walking Wake|100/100
|-activate|p2a: Walking Wake|ability: Protosynthesis
|-start|p2a: Walking Wake|protosynthesisspe
|turn|15
|
|t:|1776290125
|switch|p1a: Ogerpon|Ogerpon-Wellspring, F|100/100
|move|p2a: Walking Wake|Flamethrower|p1a: Ogerpon
|-damage|p1a: Ogerpon|18/100
|
|-weather|SunnyDay|[upkeep]
|upkeep
|turn|16
|
|t:|1776290131
|switch|p1a: Ting-Lu|Ting-Lu|29/100
|-ability|p1a: Ting-Lu|Vessel of Ruin
|move|p2a: Walking Wake|Flamethrower|p1a: Ting-Lu
|-damage|p1a: Ting-Lu|4/100
|
|-weather|SunnyDay|[upkeep]
|-heal|p1a: Ting-Lu|10/100|[from] item: Leftovers
|upkeep
|turn|17
|
|t:|1776290135
|switch|p1a: Ogerpon|Ogerpon-Wellspring, F|18/100
|move|p2a: Walking Wake|Flamethrower|p1a: Ogerpon
|-damage|p1a: Ogerpon|0 fnt
|faint|p1a: Ogerpon
|
|-weather|none
|-end|p2a: Walking Wake|Protosynthesis
|upkeep
|
|t:|1776290136
|switch|p1a: Iron Valiant|Iron Valiant|100/100
|turn|18
|
|t:|1776290140
|-end|p2a: Walking Wake|Protosynthesis|[silent]
|switch|p2a: Torkoal|Torkoal, F, shiny|11/100 tox
|-weather|SunnyDay|[from] ability: Drought|[of] p2a: Torkoal
|move|p1a: Iron Valiant|Moonblast|p2a: Torkoal
|-resisted|p2a: Torkoal
|-damage|p2a: Torkoal|0 fnt
|faint|p2a: Torkoal
|
|-weather|SunnyDay|[upkeep]
|upkeep
|
|t:|1776290143
|switch|p2a: Walking Wake|Walking Wake|100/100
|-activate|p2a: Walking Wake|ability: Protosynthesis
|-start|p2a: Walking Wake|protosynthesisspe
|turn|19
|
|t:|1776290148
|-end|p1a: Iron Valiant|Quark Drive|[silent]
|switch|p1a: Corviknight|Corviknight, M, shiny|100/100
|-ability|p1a: Corviknight|Pressure
|move|p2a: Walking Wake|Hydro Steam|p1a: Corviknight
|-damage|p1a: Corviknight|13/100
|
|-weather|SunnyDay|[upkeep]
|upkeep
|turn|20
|
|t:|1776290150
|move|p2a: Walking Wake|Hydro Steam|p1a: Corviknight
|-damage|p1a: Corviknight|0 fnt
|faint|p1a: Corviknight
|
|-weather|SunnyDay|[upkeep]
|upkeep
|
|t:|1776290153
|switch|p1a: Dragapult|Dragapult, F|32/100
|turn|21
|
|t:|1776290155
|move|p2a: Walking Wake|Hydro Steam|p1a: Dragapult
|-resisted|p1a: Dragapult
|-damage|p1a: Dragapult|0 fnt
|faint|p1a: Dragapult
|
|-weather|SunnyDay|[upkeep]
|upkeep
|
|t:|1776290157
|switch|p1a: Ting-Lu|Ting-Lu|10/100
|-ability|p1a: Ting-Lu|Vessel of Ruin
|turn|22
|
|t:|1776290160
|-terastallize|p1a: Ting-Lu|Water
|move|p2a: Walking Wake|Hydro Steam|p1a: Ting-Lu
|-resisted|p1a: Ting-Lu
|-damage|p1a: Ting-Lu|0 fnt
|faint|p1a: Ting-Lu
|
|-weather|SunnyDay|[upkeep]
|upkeep
|
|t:|1776290165
|switch|p1a: Iron Valiant|Iron Valiant|100/100
|turn|23
|
|t:|1776290167
|move|p2a: Walking Wake|Hydro Steam|p1a: Iron Valiant
|-damage|p1a: Iron Valiant|0 fnt
|faint|p1a: Iron Valiant
|-end|p1a: Iron Valiant|Quark Drive|[silent]
|
|win|geckoflaquee
|raw|InkyDarkPenguin's rating: 1479 &rarr; <strong>1454</strong><br />(-25 for losing)
|raw|geckoflaquee's rating: 1383 &rarr; <strong>1408</strong><br />(+25 for winning)
|l|☆geckoflaquee
|player|p2|
