|html|<div class="broadcast-blue"><strong>[Gen 9] OU is currently suspecting Tera Blast! For information on how to participate check out the <a href="https://www.smogon.com/tools/suspects/view/200">suspect thread</a>.</strong></div>
|j|☆virtualrez
|j|☆Acegan
|t:|1776068094
|gametype|singles
|player|p1|virtualrez|clerkf|1202
|player|p2|Acegan|n|1287
|gen|9
|tier|[Gen 9] OU
|rated|
|rule|HP Percentage Mod: HP is shown in percentages
|rule|Endless Battle Clause: Forcing endless battles is banned
|rule|Species Clause: Limit one of each Pokémon
|rule|OHKO Clause: OHKO moves are banned
|rule|Evasion Items Clause: Evasion items are banned
|rule|Evasion Moves Clause: Evasion moves are banned
|rule|Evasion Abilities Clause: Evasion abilities are banned
|rule|Sleep Moves Clause: Sleep-inducing moves are banned
|clearpoke
|poke|p1|Staraptor, F|
|poke|p1|Iron Treads|
|poke|p1|Raging Bolt|
|poke|p1|Keldeo-Resolute|
|poke|p1|Deoxys-Speed|
|poke|p1|Whimsicott, F|
|poke|p2|Pelipper, F|
|poke|p2|Basculegion, M|
|poke|p2|Raging Bolt|
|poke|p2|Kingdra, M|
|poke|p2|Ogerpon-Wellspring, F|
|poke|p2|Corviknight, F|
|teampreview
|
|t:|1776068120
|teamsize|p1|6
|teamsize|p2|6
|start
|switch|p1a: Raging Bolt|Raging Bolt|100/100
|switch|p2a: Pelipper|Pelipper, F, shiny|100/100
|-weather|RainDance|[from] ability: Drizzle|[of] p2a: Pelipper
|turn|1
|
|t:|1776068133
|switch|p2a: Kingdra|Kingdra, M, shiny|100/100
|move|p1a: Raging Bolt|Volt Switch|p2a: Kingdra
|-damage|p2a: Kingdra|63/100
|
|t:|1776068171
|-end|p1a: Raging Bolt|Protosynthesis|[silent]
|switch|p1a: Whimsicott|Whimsicott, F|100/100|[from] Volt Switch
|
|-weather|RainDance|[upkeep]
|upkeep
|turn|2
|
|t:|1776068186
|move|p1a: Whimsicott|Substitute|p1a: Whimsicott
|-start|p1a: Whimsicott|Substitute
|-damage|p1a: Whimsicott|76/100
|move|p2a: Kingdra|Ice Beam|p1a: Whimsicott
|-supereffective|p1a: Whimsicott
|-end|p1a: Whimsicott|Substitute
|
|-weather|RainDance|[upkeep]
|-heal|p1a: Whimsicott|82/100|[from] item: Leftovers
|upkeep
|turn|3
|
|t:|1776068223
|move|p1a: Whimsicott|Encore|p2a: Kingdra
|-start|p2a: Kingdra|Encore
|move|p2a: Kingdra|Ice Beam|p1a: Whimsicott
|-supereffective|p1a: Whimsicott
|-damage|p1a: Whimsicott|0 fnt
|faint|p1a: Whimsicott
|
|-weather|RainDance|[upkeep]
|upkeep
|
|t:|1776068230
|switch|p1a: Raging Bolt|Raging Bolt|100/100
|turn|4
|
|t:|1776068235
|move|p1a: Raging Bolt|Thunderclap|p2a: Kingdra
|-damage|p2a: Kingdra|21/100
|move|p2a: Kingdra|Ice Beam|p1a: Raging Bolt
|-supereffective|p1a: Raging Bolt
|-damage|p1a: Raging Bolt|14/100
|
|-weather|RainDance|[upkeep]
|upkeep
|turn|5
|
|t:|1776068249
|switch|p2a: Ogerpon|Ogerpon-Wellspring, F|100/100
|move|p1a: Raging Bolt|Thunderclap||[still]
|-fail|p1a: Raging Bolt
|
|-weather|RainDance|[upkeep]
|upkeep
|turn|6
|
|t:|1776068262
|move|p2a: Ogerpon|Horn Leech|p1a: Raging Bolt
|-resisted|p1a: Raging Bolt
|-damage|p1a: Raging Bolt|0 fnt
|faint|p1a: Raging Bolt
|-end|p1a: Raging Bolt|Protosynthesis|[silent]
|
|-weather|RainDance|[upkeep]
|upkeep
|
|t:|1776068278
|switch|p1a: Keldeo|Keldeo-Resolute|100/100
|turn|7
|
|t:|1776068290
|-terastallize|p2a: Ogerpon|Water
|detailschange|p2a: Ogerpon|Ogerpon-Wellspring-Tera, F, tera:Water
|-ability|p2a: Ogerpon|Embody Aspect (Wellspring)|boost
|-boost|p2a: Ogerpon|spd|1
|move|p2a: Ogerpon|Swords Dance|p2a: Ogerpon
|-boost|p2a: Ogerpon|atk|2
|move|p1a: Keldeo|Flip Turn|p2a: Ogerpon
|-resisted|p2a: Ogerpon
|-damage|p2a: Ogerpon|87/100
|
|t:|1776068308
|switch|p1a: Iron Treads|Iron Treads|100/100|[from] Flip Turn
|
|-weather|RainDance|[upkeep]
|upkeep
|turn|8
|-message|virtualrez forfeited.
|
|win|Acegan
|raw|virtualrez's rating: 1202 &rarr; <strong>1183</strong><br />(-19 for losing)
|raw|Acegan's rating: 1287 &rarr; <strong>1306</strong><br />(+19 for winning)
|l|☆virtualrez
|player|p1|
|l|☆Acegan
|player|p2|
