|html|<div class="broadcast-blue"><strong>[Gen 9] OU is currently suspecting Tera Blast! For information on how to participate check out the <a href="https://www.smogon.com/tools/suspects/view/200">suspect thread</a>.</strong></div>
|j|‽sunbia
|j|☆nodduh
|t:|1776089419
|gametype|singles
|player|p1|sunbia|170|1238
|player|p2|nodduh|worker|1281
|gen|9
|tier|[Gen 9] OU
|rated|
|rule|HP Percentage Mod: HP is shown in percentages
|rule|Endless Battle Clause: Forcing endless battles is banned
|rule|Species Clause: Limit one of each Pokémon
|rule|OHKO Clause: OHKO moves are banned
|rule|Evasion Items Clause: Evasion items are banned
|rule|Evasion Moves Clause: Evasion moves are banned
|rule|Evasion Abilities Clause: Evasion abilities are banned
|rule|Sleep Moves Clause: Sleep-inducing moves are banned
|clearpoke
|poke|p1|Meowscarada, F|
|poke|p1|Pecharunt|
|poke|p1|Enamorus, F|
|poke|p1|Iron Treads|
|poke|p1|Skarmory, F|
|poke|p1|Slowking, M|
|poke|p2|Galvantula, F|
|poke|p2|Haunter, F|
|poke|p2|Ceruledge, F|
|poke|p2|Corviknight, F|
|poke|p2|Iron Treads|
|poke|p2|Iron Valiant|
|teampreview
|inactive|Battle timer is ON: inactive players will automatically lose when time's up. (requested by sunbia)
|
|t:|1776089425
|teamsize|p1|6
|teamsize|p2|6
|start
|switch|p1a: Meowscarada|Meowscarada, F|100/100
|switch|p2a: Kyoka|Galvantula, F, shiny|100/100
|turn|1
|
|t:|1776089430
|move|p1a: Meowscarada|U-turn|p2a: Kyoka
|-start|p1a: Meowscarada|typechange|Bug|[from] ability: Protean
|-damage|p2a: Kyoka|38/100
|
|t:|1776089433
|switch|p1a: Iron Treads|Iron Treads|100/100|[from] U-turn
|-enditem|p1a: Iron Treads|Booster Energy
|-activate|p1a: Iron Treads|ability: Quark Drive|[fromitem]
|-start|p1a: Iron Treads|quarkdrivespe
|move|p2a: Kyoka|Bug Buzz|p1a: Iron Treads
|-resisted|p1a: Iron Treads
|-damage|p1a: Iron Treads|76/100
|
|upkeep
|turn|2
|
|t:|1776089442
|switch|p2a: Freakster|Haunter, F, shiny|100/100
|move|p1a: Iron Treads|Earthquake|p2a: Freakster
|-immune|p2a: Freakster|[from] ability: Levitate
|
|upkeep
|turn|3
|
|t:|1776089450
|move|p1a: Iron Treads|Knock Off|p2a: Freakster
|-supereffective|p2a: Freakster
|-damage|p2a: Freakster|0 fnt
|-enditem|p2a: Freakster|Life Orb|[from] move: Knock Off|[of] p1a: Iron Treads
|faint|p2a: Freakster
|
|upkeep
|
|t:|1776089461
|switch|p2a: Von|Iron Valiant, shiny|100/100
|-enditem|p2a: Von|Booster Energy
|-activate|p2a: Von|ability: Quark Drive|[fromitem]
|-start|p2a: Von|quarkdrivespe
|turn|4
|
|t:|1776089468
|move|p2a: Von|Aura Sphere|p1a: Iron Treads
|-supereffective|p1a: Iron Treads
|-damage|p1a: Iron Treads|0 fnt
|faint|p1a: Iron Treads
|-end|p1a: Iron Treads|Quark Drive|[silent]
|
|upkeep
|
|t:|1776089473
|switch|p1a: Slowking|Slowking, M|100/100
|turn|5
|
|t:|1776089478
|move|p2a: Von|Shadow Ball|p1a: Slowking
|-supereffective|p1a: Slowking
|-damage|p1a: Slowking|76/100
|-unboost|p1a: Slowking|spd|1
|move|p1a: Slowking|Future Sight|p2a: Von
|-start|p1a: Slowking|move: Future Sight
|
|upkeep
|turn|6
|
|t:|1776089487
|switch|p1a: Skarmory|Skarmory, F|100/100
|move|p2a: Von|Shadow Ball|p1a: Skarmory
|-damage|p1a: Skarmory|67/100
|
|upkeep
|turn|7
|
|t:|1776089496
|-end|p2a: Von|Quark Drive|[silent]
|switch|p2a: Knights|Corviknight, F, shiny|100/100
|switch|p1a: Slowking|Slowking, M|100/100
|
|-end|p2a: Knights|move: Future Sight
|-resisted|p2a: Knights
|-damage|p2a: Knights|78/100
|upkeep
|turn|8
|
|t:|1776089507
|switch|p2a: Treads|Iron Treads, shiny|100/100
|-enditem|p2a: Treads|Booster Energy
|-activate|p2a: Treads|ability: Quark Drive|[fromitem]
|-start|p2a: Treads|quarkdrivespe
|move|p1a: Slowking|Fire Blast|p2a: Treads
|-supereffective|p2a: Treads
|-damage|p2a: Treads|26/100
|
|upkeep
|turn|9
|
|t:|1776089518
|switch|p1a: Skarmory|Skarmory, F|67/100
|move|p2a: Treads|Earthquake|p1a: Skarmory
|-immune|p1a: Skarmory
|
|upkeep
|turn|10
|
|t:|1776089522
|move|p2a: Treads|Ice Spinner|p1a: Skarmory
|-damage|p1a: Skarmory|51/100
|move|p1a: Skarmory|Iron Defense|p1a: Skarmory
|-boost|p1a: Skarmory|def|2
|
|upkeep
|turn|11
|
|t:|1776089529
|move|p2a: Treads|Ice Spinner|p1a: Skarmory
|-damage|p1a: Skarmory|42/100
|move|p1a: Skarmory|Roost|p1a: Skarmory
|-heal|p1a: Skarmory|92/100
|-singleturn|p1a: Skarmory|move: Roost
|
|upkeep
|turn|12
|
|t:|1776089534
|move|p2a: Treads|Ice Spinner|p1a: Skarmory
|-damage|p1a: Skarmory|84/100
|move|p1a: Skarmory|Stealth Rock|p2a: Treads
|-sidestart|p2: nodduh|move: Stealth Rock
|
|upkeep
|turn|13
|
|t:|1776089540
|move|p2a: Treads|Rapid Spin|p1a: Skarmory
|-resisted|p1a: Skarmory
|-damage|p1a: Skarmory|81/100
|-boost|p2a: Treads|spe|1
|-sideend|p2: nodduh|Stealth Rock|[from] move: Rapid Spin|[of] p2a: Treads
|move|p1a: Skarmory|Body Press|p2a: Treads
|-supereffective|p2a: Treads
|-damage|p2a: Treads|0 fnt
|faint|p2a: Treads
|-end|p2a: Treads|Quark Drive|[silent]
|
|upkeep
|
|t:|1776089547
|switch|p2a: Kyoka|Galvantula, F, shiny|38/100
|turn|14
|
|t:|1776089550
|move|p2a: Kyoka|Thunder|p1a: Skarmory
|-supereffective|p1a: Skarmory
|-damage|p1a: Skarmory|0 fnt
|faint|p1a: Skarmory
|
|upkeep
|
|t:|1776089560
|switch|p1a: Meowscarada|Meowscarada, F|100/100
|turn|15
|
|t:|1776089568
|switch|p2a: Knights|Corviknight, F, shiny|78/100
|move|p1a: Meowscarada|Triple Axel|p2a: Knights
|-start|p1a: Meowscarada|typechange|Ice|[from] ability: Protean
|-damage|p2a: Knights|71/100
|-damage|p1a: Meowscarada|84/100|[from] item: Rocky Helmet|[of] p2a: Knights
|-damage|p2a: Knights|58/100
|-damage|p1a: Meowscarada|68/100|[from] item: Rocky Helmet|[of] p2a: Knights
|-damage|p2a: Knights|42/100
|-damage|p1a: Meowscarada|51/100|[from] item: Rocky Helmet|[of] p2a: Knights
|-hitcount|p2a: Knights|3
|
|upkeep
|turn|16
|
|t:|1776089573
|switch|p1a: Pecharunt|Pecharunt|100/100
|move|p2a: Knights|Roost|p2a: Knights
|-heal|p2a: Knights|92/100
|-singleturn|p2a: Knights|move: Roost
|
|upkeep
|turn|17
|
|t:|1776089578
|move|p1a: Pecharunt|Shadow Ball|p2a: Knights
|-damage|p2a: Knights|69/100
|-ability|p2a: Knights|Mirror Armor
|-unboost|p1a: Pecharunt|spd|1
|move|p2a: Knights|Steel Wing|p1a: Pecharunt
|-damage|p1a: Pecharunt|91/100
|-damage|p2a: Knights|52/100|[from] item: Rocky Helmet|[of] p1a: Pecharunt
|
|upkeep
|turn|18
|
|t:|1776089586
|switch|p1a: Enamorus|Enamorus, F|100/100
|move|p2a: Knights|Steel Wing|p1a: Enamorus
|-supereffective|p1a: Enamorus
|-damage|p1a: Enamorus|27/100
|
|upkeep
|turn|19
|
|t:|1776089591
|move|p1a: Enamorus|Mystical Fire|p2a: Knights
|-supereffective|p2a: Knights
|-crit|p2a: Knights
|-damage|p2a: Knights|0 fnt
|faint|p2a: Knights
|
|upkeep
|
|t:|1776089598
|switch|p2a: Von|Iron Valiant, shiny|100/100
|turn|20
|
|t:|1776089603
|switch|p1a: Pecharunt|Pecharunt|91/100
|move|p2a: Von|Shadow Ball|p1a: Pecharunt
|-supereffective|p1a: Pecharunt
|-damage|p1a: Pecharunt|42/100
|
|upkeep
|turn|21
|
|t:|1776089609
|move|p2a: Von|Shadow Ball|p1a: Pecharunt
|-supereffective|p1a: Pecharunt
|-crit|p1a: Pecharunt
|-damage|p1a: Pecharunt|0 fnt
|faint|p1a: Pecharunt
|
|upkeep
|
|t:|1776089614
|switch|p1a: Meowscarada|Meowscarada, F|51/100
|turn|22
|
|t:|1776089642
|switch|p1a: Slowking|Slowking, M|100/100
|move|p2a: Von|Moonblast|p1a: Slowking
|-damage|p1a: Slowking|77/100
|-unboost|p1a: Slowking|spa|1
|
|upkeep
|turn|23
|
|t:|1776089651
|-end|p2a: Von|Quark Drive|[silent]
|switch|p2a: Tashigi|Ceruledge, F, shiny|100/100
|move|p1a: Slowking|Future Sight|p2a: Tashigi
|-start|p1a: Slowking|move: Future Sight
|
|upkeep
|turn|24
|
|t:|1776089660
|move|p2a: Tashigi|Flame Charge|p1a: Slowking
|-resisted|p1a: Slowking
|-damage|p1a: Slowking|64/100
|-boost|p2a: Tashigi|spe|1
|move|p1a: Slowking|Scald|p2a: Tashigi
|-supereffective|p2a: Tashigi
|-damage|p2a: Tashigi|64/100
|-enditem|p2a: Tashigi|Weakness Policy
|-boost|p2a: Tashigi|atk|2|[from] item: Weakness Policy
|-boost|p2a: Tashigi|spa|2|[from] item: Weakness Policy
|
|upkeep
|turn|25
|
|t:|1776089674
|move|p2a: Tashigi|Poltergeist|p1a: Slowking
|-activate|p1a: Slowking|move: Poltergeist|Assault Vest
|-supereffective|p1a: Slowking
|-damage|p1a: Slowking|0 fnt
|faint|p1a: Slowking
|
|-end|p2a: Tashigi|move: Future Sight
|-damage|p2a: Tashigi|20/100
|upkeep
|
|t:|1776089679
|switch|p1a: Meowscarada|Meowscarada, F|51/100
|turn|26
|
|t:|1776089684
|move|p1a: Meowscarada|Knock Off|p2a: Tashigi
|-start|p1a: Meowscarada|typechange|Dark|[from] ability: Protean
|-supereffective|p2a: Tashigi
|-damage|p2a: Tashigi|0 fnt
|faint|p2a: Tashigi
|
|upkeep
|
|t:|1776089689
|switch|p2a: Von|Iron Valiant, shiny|100/100
|turn|27
|
|t:|1776089694
|move|p1a: Meowscarada|Knock Off|p2a: Von
|-resisted|p2a: Von
|-damage|p2a: Von|89/100
|move|p2a: Von|Moonblast|p1a: Meowscarada
|-supereffective|p1a: Meowscarada
|-damage|p1a: Meowscarada|0 fnt
|faint|p1a: Meowscarada
|
|upkeep
|
|t:|1776089698
|switch|p1a: Enamorus|Enamorus, F|27/100
|turn|28
|c|☆nodduh|ggs
|
|t:|1776089713
|-terastallize|p1a: Enamorus|Fairy
|move|p1a: Enamorus|Moonblast|p2a: Von
|-supereffective|p2a: Von
|-crit|p2a: Von
|-damage|p2a: Von|0 fnt
|faint|p2a: Von
|-end|p2a: Von|Quark Drive|[silent]
|
|upkeep
|
|t:|1776089717
|switch|p2a: Kyoka|Galvantula, F, shiny|38/100
|turn|29
|
|t:|1776089721
|move|p1a: Enamorus|Moonblast|p2a: Kyoka
|-damage|p2a: Kyoka|0 fnt
|faint|p2a: Kyoka
|
|win|sunbia
|raw|sunbia's rating: 1238 &rarr; <strong>1266</strong><br />(+28 for winning)
|raw|nodduh's rating: 1281 &rarr; <strong>1253</strong><br />(-28 for losing)
|l|☆nodduh
|player|p2|
|l|‽sunbia
|player|p1|
