|html|<div class="broadcast-blue"><strong>[Gen 9] OU is currently suspecting Tera Blast! For information on how to participate check out the <a href="https://www.smogon.com/tools/suspects/view/200">suspect thread</a>.</strong></div>
|j|☆FearlyVGC
|j|☆1234321com
|t:|1776236389
|gametype|singles
|player|p1|FearlyVGC|koga|1286
|player|p2|1234321com|265|1334
|gen|9
|tier|[Gen 9] OU
|rated|
|rule|HP Percentage Mod: HP is shown in percentages
|rule|Endless Battle Clause: Forcing endless battles is banned
|rule|Species Clause: Limit one of each Pokémon
|rule|OHKO Clause: OHKO moves are banned
|rule|Evasion Items Clause: Evasion items are banned
|rule|Evasion Moves Clause: Evasion moves are banned
|rule|Evasion Abilities Clause: Evasion abilities are banned
|rule|Sleep Moves Clause: Sleep-inducing moves are banned
|clearpoke
|poke|p1|Dragapult, F|
|poke|p1|Landorus-Therian, M|
|poke|p1|Corviknight, M|
|poke|p1|Heatran, F|
|poke|p1|Primarina, M|
|poke|p1|Rillaboom, F|
|poke|p2|Landorus-Therian, M|
|poke|p2|Iron Moth|
|poke|p2|Greninja-*, M|
|poke|p2|Great Tusk|
|poke|p2|Rillaboom, M|
|poke|p2|Iron Valiant|
|teampreview
|inactive|Battle timer is ON: inactive players will automatically lose when time's up. (requested by FearlyVGC)
|
|t:|1776236404
|teamsize|p1|6
|teamsize|p2|6
|start
|switch|p1a: Dragapult|Dragapult, F|100/100
|switch|p2a: Landorus|Landorus-Therian, M|100/100
|-ability|p2a: Landorus|Intimidate|boost
|-fail|p1a: Dragapult|unboost|[from] ability: Clear Body|[of] p1a: Dragapult
|turn|1
|
|t:|1776236417
|switch|p2a: Iron Valiant|Iron Valiant|100/100
|-enditem|p2a: Iron Valiant|Booster Energy
|-activate|p2a: Iron Valiant|ability: Quark Drive|[fromitem]
|-start|p2a: Iron Valiant|quarkdrivespe
|move|p1a: Dragapult|Dragon Darts|p2a: Iron Valiant
|-immune|p2a: Iron Valiant
|
|upkeep
|turn|2
|
|t:|1776236435
|switch|p1a: Rillaboom|Rillaboom, F|100/100
|-fieldstart|move: Grassy Terrain|[from] ability: Grassy Surge|[of] p1a: Rillaboom
|move|p2a: Iron Valiant|Aura Sphere|p1a: Rillaboom
|-damage|p1a: Rillaboom|75/100
|
|-heal|p1a: Rillaboom|82/100|[from] Grassy Terrain
|upkeep
|turn|3
|
|t:|1776236447
|-end|p2a: Iron Valiant|Quark Drive|[silent]
|switch|p2a: Landorus|Landorus-Therian, M|100/100
|-ability|p2a: Landorus|Intimidate|boost
|-unboost|p1a: Rillaboom|atk|1
|move|p1a: Rillaboom|Fake Out|p2a: Landorus
|-damage|p2a: Landorus|91/100
|-damage|p1a: Rillaboom|65/100|[from] item: Rocky Helmet|[of] p2a: Landorus
|
|-heal|p1a: Rillaboom|71/100|[from] Grassy Terrain
|upkeep
|turn|4
|
|t:|1776236456
|switch|p1a: Corviknight|Corviknight, M|100/100
|move|p2a: Landorus|Stealth Rock|p1a: Corviknight
|-sidestart|p1: FearlyVGC|move: Stealth Rock
|
|upkeep
|turn|5
|
|t:|1776236460
|move|p2a: Landorus|Taunt|p1a: Corviknight
|-start|p1a: Corviknight|move: Taunt
|cant|p1a: Corviknight|move: Taunt|Defog
|
|upkeep
|turn|6
|
|t:|1776236473
|move|p2a: Landorus|Taunt||[still]
|-fail|p2a: Landorus
|move|p1a: Corviknight|U-turn|p2a: Landorus
|-resisted|p2a: Landorus
|-damage|p2a: Landorus|83/100
|-damage|p1a: Corviknight|84/100|[from] item: Rocky Helmet|[of] p2a: Landorus
|
|t:|1776236477
|switch|p1a: Dragapult|Dragapult, F|100/100|[from] U-turn
|-damage|p1a: Dragapult|88/100|[from] Stealth Rock
|
|-heal|p1a: Dragapult|94/100|[from] Grassy Terrain
|-fieldend|move: Grassy Terrain
|upkeep
|turn|7
|
|t:|1776236487
|-terastallize|p1a: Dragapult|Ghost
|move|p1a: Dragapult|Tera Blast|p2a: Landorus|[anim] Tera Blast Ghost
|-damage|p2a: Landorus|0 fnt
|faint|p2a: Landorus
|
|upkeep
|
|t:|1776236506
|switch|p2a: Iron Moth|Iron Moth|100/100
|turn|8
|
|t:|1776236509
|move|p2a: Iron Moth|Fiery Dance|p1a: Dragapult
|-damage|p1a: Dragapult|29/100
|move|p1a: Dragapult|Tera Blast|p2a: Iron Moth|[anim] Tera Blast Ghost
|-damage|p2a: Iron Moth|0 fnt
|faint|p2a: Iron Moth
|-end|p2a: Iron Moth|Quark Drive|[silent]
|
|upkeep
|
|t:|1776236518
|switch|p2a: Greninja|Greninja, M|100/100
|turn|9
|
|t:|1776236522
|switch|p1a: Primarina|Primarina, M|100/100
|-damage|p1a: Primarina|88/100|[from] Stealth Rock
|move|p2a: Greninja|Water Shuriken|p1a: Primarina
|-resisted|p1a: Primarina
|-damage|p1a: Primarina|86/100
|-resisted|p1a: Primarina
|-damage|p1a: Primarina|83/100
|-resisted|p1a: Primarina
|-damage|p1a: Primarina|80/100
|-resisted|p1a: Primarina
|-crit|p1a: Primarina
|-damage|p1a: Primarina|76/100
|-hitcount|p1a: Primarina|4
|
|-heal|p1a: Primarina|82/100|[from] item: Leftovers
|upkeep
|turn|10
|
|t:|1776236527
|switch|p2a: Rillaboom|Rillaboom, M|100/100
|-fieldstart|move: Grassy Terrain|[from] ability: Grassy Surge|[of] p2a: Rillaboom
|move|p1a: Primarina|Flip Turn|p2a: Rillaboom
|-resisted|p2a: Rillaboom
|-damage|p2a: Rillaboom|94/100
|
|t:|1776236530
|switch|p1a: Heatran|Heatran, F|100/100|[from] Flip Turn
|-damage|p1a: Heatran|88/100|[from] Stealth Rock
|
|-heal|p2a: Rillaboom|99/100|[from] Grassy Terrain
|-heal|p2a: Rillaboom|100/100|[from] item: Leftovers
|-heal|p1a: Heatran|94/100|[from] Grassy Terrain
|-heal|p1a: Heatran|100/100|[from] item: Leftovers
|upkeep
|turn|11
|
|t:|1776236544
|-terastallize|p2a: Rillaboom|Fire
|move|p2a: Rillaboom|Knock Off|p1a: Heatran
|-damage|p1a: Heatran|71/100
|-enditem|p1a: Heatran|Leftovers|[from] move: Knock Off|[of] p2a: Rillaboom
|move|p1a: Heatran|Will-O-Wisp|p2a: Rillaboom
|-immune|p2a: Rillaboom
|
|-heal|p1a: Heatran|78/100|[from] Grassy Terrain
|upkeep
|turn|12
|
|t:|1776236562
|move|p2a: Rillaboom|U-turn|p1a: Heatran
|-resisted|p1a: Heatran
|-damage|p1a: Heatran|73/100
|
|t:|1776236565
|switch|p2a: Greninja|Greninja, M|100/100|[from] U-turn
|move|p1a: Heatran|Magma Storm|p2a: Greninja
|-resisted|p2a: Greninja
|-damage|p2a: Greninja|62/100
|-activate|p2a: Greninja|move: Magma Storm|[of] p1a: Heatran
|
|-heal|p2a: Greninja|68/100|[from] Grassy Terrain
|-heal|p1a: Heatran|79/100|[from] Grassy Terrain
|-damage|p2a: Greninja|55/100|[from] move: Magma Storm|[partiallytrapped]
|upkeep
|turn|13
|
|t:|1776236572
|switch|p1a: Primarina|Primarina, M|82/100
|-damage|p1a: Primarina|69/100|[from] Stealth Rock
|move|p2a: Greninja|Water Shuriken|p1a: Primarina
|-resisted|p1a: Primarina
|-damage|p1a: Primarina|67/100
|-resisted|p1a: Primarina
|-damage|p1a: Primarina|64/100
|-resisted|p1a: Primarina
|-damage|p1a: Primarina|61/100
|-resisted|p1a: Primarina
|-damage|p1a: Primarina|58/100
|-resisted|p1a: Primarina
|-damage|p1a: Primarina|56/100
|-hitcount|p1a: Primarina|5
|
|-heal|p2a: Greninja|61/100|[from] Grassy Terrain
|-heal|p1a: Primarina|62/100|[from] Grassy Terrain
|-heal|p1a: Primarina|68/100|[from] item: Leftovers
|-end|p2a: Greninja|Magma Storm|[partiallytrapped]|[silent]
|upkeep
|turn|14
|
|t:|1776236585
|move|p2a: Greninja|Grass Knot|p1a: Primarina
|-supereffective|p1a: Primarina
|-damage|p1a: Primarina|28/100
|move|p1a: Primarina|Flip Turn|p2a: Greninja
|-resisted|p2a: Greninja
|-damage|p2a: Greninja|50/100
|
|t:|1776236590
|switch|p1a: Landorus|Landorus-Therian, M|100/100|[from] Flip Turn
|-damage|p1a: Landorus|88/100|[from] Stealth Rock
|-ability|p1a: Landorus|Intimidate|boost
|-unboost|p2a: Greninja|atk|1
|
|-heal|p2a: Greninja|56/100|[from] Grassy Terrain
|-fieldend|move: Grassy Terrain
|upkeep
|turn|15
|
|t:|1776236595
|move|p1a: Landorus|U-turn|p2a: Greninja
|-supereffective|p2a: Greninja
|-damage|p2a: Greninja|0 fnt
|faint|p2a: Greninja
|
|t:|1776236600
|switch|p1a: Rillaboom|Rillaboom, F|71/100|[from] U-turn
|-damage|p1a: Rillaboom|59/100|[from] Stealth Rock
|-fieldstart|move: Grassy Terrain|[from] ability: Grassy Surge|[of] p1a: Rillaboom
|
|-heal|p1a: Rillaboom|65/100|[from] Grassy Terrain
|upkeep
|
|t:|1776236611
|switch|p2a: Rillaboom|Rillaboom, M, tera:Fire|100/100
|turn|16
|
|t:|1776236615
|move|p1a: Rillaboom|U-turn|p2a: Rillaboom
|-resisted|p2a: Rillaboom
|-damage|p2a: Rillaboom|90/100
|
|t:|1776236618
|switch|p1a: Heatran|Heatran, F|79/100|[from] U-turn
|-damage|p1a: Heatran|67/100|[from] Stealth Rock
|move|p2a: Rillaboom|Tera Blast|p1a: Heatran|[anim] Tera Blast Fire
|-start|p1a: Heatran|ability: Flash Fire
|
|-heal|p2a: Rillaboom|97/100|[from] Grassy Terrain
|-heal|p2a: Rillaboom|100/100|[from] item: Leftovers
|-heal|p1a: Heatran|73/100|[from] Grassy Terrain
|upkeep
|turn|17
|
|t:|1776236623
|move|p2a: Rillaboom|U-turn|p1a: Heatran
|-resisted|p1a: Heatran
|-damage|p1a: Heatran|68/100
|
|t:|1776236627
|switch|p2a: Great Tusk|Great Tusk|100/100|[from] U-turn
|move|p1a: Heatran|Magma Storm|p2a: Great Tusk
|-damage|p2a: Great Tusk|49/100
|-activate|p2a: Great Tusk|move: Magma Storm|[of] p1a: Heatran
|
|-heal|p2a: Great Tusk|55/100|[from] Grassy Terrain
|-heal|p1a: Heatran|74/100|[from] Grassy Terrain
|-damage|p2a: Great Tusk|42/100|[from] move: Magma Storm|[partiallytrapped]
|upkeep
|turn|18
|
|t:|1776236633
|-end|p1a: Heatran|ability: Flash Fire|[silent]
|switch|p1a: Landorus|Landorus-Therian, M|88/100
|-damage|p1a: Landorus|76/100|[from] Stealth Rock
|-ability|p1a: Landorus|Intimidate|boost
|-unboost|p2a: Great Tusk|atk|1
|move|p2a: Great Tusk|Close Combat|p1a: Landorus
|-resisted|p1a: Landorus
|-damage|p1a: Landorus|48/100
|-unboost|p2a: Great Tusk|def|1
|-unboost|p2a: Great Tusk|spd|1
|
|-heal|p2a: Great Tusk|49/100|[from] Grassy Terrain
|-end|p2a: Great Tusk|Magma Storm|[partiallytrapped]|[silent]
|upkeep
|turn|19
|
|t:|1776236644
|move|p1a: Landorus|Earthquake|p2a: Great Tusk
|-damage|p2a: Great Tusk|17/100
|move|p2a: Great Tusk|Knock Off|p1a: Landorus
|-damage|p1a: Landorus|21/100
|-enditem|p1a: Landorus|Choice Scarf|[from] move: Knock Off|[of] p2a: Great Tusk
|
|-heal|p2a: Great Tusk|23/100|[from] Grassy Terrain
|-fieldend|move: Grassy Terrain
|upkeep
|turn|20
|
|t:|1776236648
|move|p1a: Landorus|U-turn|p2a: Great Tusk
|-resisted|p2a: Great Tusk
|-damage|p2a: Great Tusk|6/100
|
|t:|1776236651
|switch|p1a: Corviknight|Corviknight, M|84/100|[from] U-turn
|-damage|p1a: Corviknight|72/100|[from] Stealth Rock
|move|p2a: Great Tusk|Rapid Spin|p1a: Corviknight
|-resisted|p1a: Corviknight
|-damage|p1a: Corviknight|68/100
|-boost|p2a: Great Tusk|spe|1
|-damage|p2a: Great Tusk|0 fnt|[from] item: Rocky Helmet|[of] p1a: Corviknight
|faint|p2a: Great Tusk
|-end|p2a: Great Tusk|Protosynthesis|[silent]
|
|upkeep
|
|t:|1776236657
|switch|p2a: Iron Valiant|Iron Valiant|100/100
|turn|21
|
|t:|1776236659
|move|p2a: Iron Valiant|Thunderbolt|p1a: Corviknight
|-supereffective|p1a: Corviknight
|-damage|p1a: Corviknight|20/100
|-status|p1a: Corviknight|par
|cant|p1a: Corviknight|par
|
|upkeep
|turn|22
|
|t:|1776236664
|move|p2a: Iron Valiant|Thunderbolt|p1a: Corviknight
|-supereffective|p1a: Corviknight
|-crit|p1a: Corviknight
|-damage|p1a: Corviknight|0 fnt
|faint|p1a: Corviknight
|
|upkeep
|
|t:|1776236668
|switch|p1a: Rillaboom|Rillaboom, F|65/100
|-damage|p1a: Rillaboom|53/100|[from] Stealth Rock
|-fieldstart|move: Grassy Terrain|[from] ability: Grassy Surge|[of] p1a: Rillaboom
|turn|23
|
|t:|1776236675
|move|p1a: Rillaboom|Fake Out|p2a: Iron Valiant
|-damage|p2a: Iron Valiant|82/100
|cant|p2a: Iron Valiant|flinch
|
|-heal|p2a: Iron Valiant|88/100|[from] Grassy Terrain
|-heal|p1a: Rillaboom|59/100|[from] Grassy Terrain
|upkeep
|turn|24
|
|t:|1776236679
|-end|p2a: Iron Valiant|Quark Drive|[silent]
|switch|p2a: Rillaboom|Rillaboom, M, tera:Fire|100/100
|move|p1a: Rillaboom|Wood Hammer|p2a: Rillaboom
|-resisted|p2a: Rillaboom
|-damage|p2a: Rillaboom|63/100
|-damage|p1a: Rillaboom|46/100|[from] Recoil
|
|-heal|p1a: Rillaboom|52/100|[from] Grassy Terrain
|-heal|p2a: Rillaboom|70/100|[from] Grassy Terrain
|-heal|p2a: Rillaboom|76/100|[from] item: Leftovers
|upkeep
|turn|25
|
|t:|1776236685
|move|p1a: Rillaboom|U-turn|p2a: Rillaboom
|-resisted|p2a: Rillaboom
|-damage|p2a: Rillaboom|66/100
|
|t:|1776236687
|switch|p1a: Heatran|Heatran, F|74/100|[from] U-turn
|-damage|p1a: Heatran|62/100|[from] Stealth Rock
|move|p2a: Rillaboom|Knock Off|p1a: Heatran
|-damage|p1a: Heatran|42/100
|
|-heal|p2a: Rillaboom|72/100|[from] Grassy Terrain
|-heal|p2a: Rillaboom|78/100|[from] item: Leftovers
|-heal|p1a: Heatran|48/100|[from] Grassy Terrain
|upkeep
|turn|26
|
|t:|1776236693
|move|p2a: Rillaboom|U-turn|p1a: Heatran
|-resisted|p1a: Heatran
|-damage|p1a: Heatran|42/100
|
|t:|1776236694
|switch|p2a: Iron Valiant|Iron Valiant|88/100|[from] U-turn
|move|p1a: Heatran|Magma Storm|p2a: Iron Valiant|[miss]
|-miss|p1a: Heatran|p2a: Iron Valiant
|
|-heal|p2a: Iron Valiant|95/100|[from] Grassy Terrain
|-heal|p1a: Heatran|49/100|[from] Grassy Terrain
|upkeep
|turn|27
|
|t:|1776236699
|move|p2a: Iron Valiant|Aura Sphere|p1a: Heatran
|-supereffective|p1a: Heatran
|-damage|p1a: Heatran|0 fnt
|faint|p1a: Heatran
|
|-heal|p2a: Iron Valiant|100/100|[from] Grassy Terrain
|-fieldend|move: Grassy Terrain
|upkeep
|
|t:|1776236702
|switch|p1a: Dragapult|Dragapult, F, tera:Ghost|29/100
|-damage|p1a: Dragapult|16/100|[from] Stealth Rock
|turn|28
|
|t:|1776236710
|move|p1a: Dragapult|Tera Blast|p2a: Iron Valiant|[anim] Tera Blast Ghost
|-damage|p2a: Iron Valiant|0 fnt
|faint|p2a: Iron Valiant
|-end|p2a: Iron Valiant|Quark Drive|[silent]
|
|upkeep
|
|t:|1776236711
|switch|p2a: Rillaboom|Rillaboom, M, tera:Fire|78/100
|-fieldstart|move: Grassy Terrain|[from] ability: Grassy Surge|[of] p2a: Rillaboom
|turn|29
|
|t:|1776236713
|move|p2a: Rillaboom|Grassy Glide|p1a: Dragapult
|-damage|p1a: Dragapult|0 fnt
|faint|p1a: Dragapult
|
|-heal|p2a: Rillaboom|84/100|[from] Grassy Terrain
|-heal|p2a: Rillaboom|90/100|[from] item: Leftovers
|upkeep
|
|t:|1776236717
|switch|p1a: Landorus|Landorus-Therian, M|21/100
|-damage|p1a: Landorus|8/100|[from] Stealth Rock
|-ability|p1a: Landorus|Intimidate|boost
|-unboost|p2a: Rillaboom|atk|1
|turn|30
|
|t:|1776236725
|move|p2a: Rillaboom|Grassy Glide|p1a: Landorus
|-damage|p1a: Landorus|0 fnt
|faint|p1a: Landorus
|
|-heal|p2a: Rillaboom|97/100|[from] Grassy Terrain
|-heal|p2a: Rillaboom|100/100|[from] item: Leftovers
|upkeep
|
|t:|1776236729
|switch|p1a: Primarina|Primarina, M|28/100
|-damage|p1a: Primarina|16/100|[from] Stealth Rock
|turn|31
|
|t:|1776236732
|move|p1a: Primarina|Protect|p1a: Primarina
|-singleturn|p1a: Primarina|Protect
|move|p2a: Rillaboom|Grassy Glide|p1a: Primarina
|-activate|p1a: Primarina|move: Protect
|
|-heal|p1a: Primarina|22/100|[from] Grassy Terrain
|-heal|p1a: Primarina|28/100|[from] item: Leftovers
|upkeep
|turn|32
|
|t:|1776236737
|move|p2a: Rillaboom|Grassy Glide|p1a: Primarina
|-supereffective|p1a: Primarina
|-damage|p1a: Primarina|0 fnt
|faint|p1a: Primarina
|
|upkeep
|
|t:|1776236739
|switch|p1a: Rillaboom|Rillaboom, F|52/100
|-damage|p1a: Rillaboom|40/100|[from] Stealth Rock
|turn|33
|
|t:|1776236741
|move|p1a: Rillaboom|Fake Out|p2a: Rillaboom
|-damage|p2a: Rillaboom|87/100
|cant|p2a: Rillaboom|flinch
|
|-heal|p2a: Rillaboom|93/100|[from] Grassy Terrain
|-heal|p1a: Rillaboom|46/100|[from] Grassy Terrain
|-heal|p2a: Rillaboom|99/100|[from] item: Leftovers
|-fieldend|move: Grassy Terrain
|upkeep
|turn|34
|
|t:|1776236743
|move|p1a: Rillaboom|Wood Hammer|p2a: Rillaboom
|-resisted|p2a: Rillaboom
|-damage|p2a: Rillaboom|72/100
|-damage|p1a: Rillaboom|36/100|[from] Recoil
|move|p2a: Rillaboom|Tera Blast|p1a: Rillaboom|[anim] Tera Blast Fire
|-supereffective|p1a: Rillaboom
|-damage|p1a: Rillaboom|0 fnt
|faint|p1a: Rillaboom
|
|win|1234321com
|raw|FearlyVGC's rating: 1286 &rarr; <strong>1264</strong><br />(-22 for losing)
|raw|1234321com's rating: 1334 &rarr; <strong>1351</strong><br />(+17 for winning)
|l|☆FearlyVGC
|player|p1|
