|html|<div class="broadcast-blue"><strong>[Gen 9] OU is currently suspecting Tera Blast! For information on how to participate check out the <a href="https://www.smogon.com/tools/suspects/view/200">suspect thread</a>.</strong></div>
|j|☆honguitohola
|j|☆Tatamii1
|t:|1776089692
|gametype|singles
|player|p1|honguitohola|101|1264
|player|p2|Tatamii1|drayden|1321
|gen|9
|tier|[Gen 9] OU
|rated|
|rule|HP Percentage Mod: HP is shown in percentages
|rule|Endless Battle Clause: Forcing endless battles is banned
|rule|Species Clause: Limit one of each Pokémon
|rule|OHKO Clause: OHKO moves are banned
|rule|Evasion Items Clause: Evasion items are banned
|rule|Evasion Moves Clause: Evasion moves are banned
|rule|Evasion Abilities Clause: Evasion abilities are banned
|rule|Sleep Moves Clause: Sleep-inducing moves are banned
|clearpoke
|poke|p1|Hydrapple, M|
|poke|p1|Tyranitar, F|
|poke|p1|Moltres|
|poke|p1|Zamazenta-*|
|poke|p1|Slowking-Galar, F|
|poke|p1|Excadrill, F|
|poke|p2|Ninetales-Alola, M|
|poke|p2|Sandslash-Alola, M|
|poke|p2|Typhlosion-Hisui, F|
|poke|p2|Zoroark, F|
|poke|p2|Rhydon, M|
|poke|p2|Rotom-Heat|
|teampreview
|
|t:|1776089726
|teamsize|p1|6
|teamsize|p2|6
|start
|switch|p1a: Moltres|Moltres|100/100
|switch|p2a: Chaleur Tournante|Rotom-Heat|100/100
|turn|1
|
|t:|1776089735
|move|p1a: Moltres|U-turn|p2a: Chaleur Tournante
|-resisted|p2a: Chaleur Tournante
|-damage|p2a: Chaleur Tournante|95/100
|
|t:|1776089739
|switch|p1a: Slowking|Slowking-Galar, F|100/100|[from] U-turn
|move|p2a: Chaleur Tournante|Volt Switch|p1a: Slowking
|-damage|p1a: Slowking|87/100
|
|t:|1776089753
|switch|p2a: Sans Rancune !|Typhlosion-Hisui, F, shiny|100/100|[from] Volt Switch
|
|upkeep
|turn|2
|
|t:|1776089777
|switch|p1a: Tyranitar|Tyranitar, F|100/100
|-weather|Sandstorm|[from] ability: Sand Stream|[of] p1a: Tyranitar
|move|p2a: Sans Rancune !|Dark Pulse|p1a: Tyranitar
|-resisted|p1a: Tyranitar
|-crit|p1a: Tyranitar
|-damage|p1a: Tyranitar|88/100
|
|-weather|Sandstorm|[upkeep]
|-damage|p2a: Sans Rancune !|94/100|[from] Sandstorm
|upkeep
|turn|3
|
|t:|1776089785
|move|p2a: Sans Rancune !|Focus Blast|p1a: Tyranitar
|-supereffective|p1a: Tyranitar
|-damage|p1a: Tyranitar|24/100
|move|p1a: Tyranitar|Stealth Rock|p2a: Sans Rancune !
|-sidestart|p2: Tatamii1|move: Stealth Rock
|
|-weather|Sandstorm|[upkeep]
|-damage|p2a: Sans Rancune !|88/100|[from] Sandstorm
|upkeep
|turn|4
|
|t:|1776089798
|switch|p1a: Moltres|Moltres|100/100
|move|p2a: Sans Rancune !|Focus Blast|p1a: Moltres
|-resisted|p1a: Moltres
|-damage|p1a: Moltres|82/100
|
|-weather|Sandstorm|[upkeep]
|-damage|p2a: Sans Rancune !|82/100|[from] Sandstorm
|-damage|p1a: Moltres|76/100|[from] Sandstorm
|upkeep
|turn|5
|
|t:|1776089806
|move|p2a: Sans Rancune !|Dark Pulse|p1a: Moltres
|-damage|p1a: Moltres|33/100
|cant|p1a: Moltres|flinch
|
|-weather|Sandstorm|[upkeep]
|-damage|p2a: Sans Rancune !|76/100|[from] Sandstorm
|-damage|p1a: Moltres|27/100|[from] Sandstorm
|upkeep
|turn|6
|
|t:|1776089812
|switch|p1a: Zamazenta|Zamazenta|100/100
|-ability|p1a: Zamazenta|Dauntless Shield|boost
|-boost|p1a: Zamazenta|def|1
|move|p2a: Sans Rancune !|Dark Pulse|p1a: Zamazenta
|-resisted|p1a: Zamazenta
|-damage|p1a: Zamazenta|80/100
|
|-weather|Sandstorm|[upkeep]
|-damage|p1a: Zamazenta|74/100|[from] Sandstorm
|-damage|p2a: Sans Rancune !|70/100|[from] Sandstorm
|-heal|p1a: Zamazenta|80/100|[from] item: Leftovers
|upkeep
|turn|7
|
|t:|1776089842
|move|p1a: Zamazenta|Crunch|p2a: Sans Rancune !
|-resisted|p2a: Sans Rancune !
|-damage|p2a: Sans Rancune !|50/100
|replace|p2a: Emokid|Zoroark, F
|-end|p2a: Emokid|Illusion
|-enditem|p2a: Emokid|Eject Button
|
|t:|1776089848
|switch|p2a: Chaleur Tournante|Rotom-Heat|95/100
|
|-weather|Sandstorm|[upkeep]
|-damage|p1a: Zamazenta|74/100|[from] Sandstorm
|-damage|p2a: Chaleur Tournante|89/100|[from] Sandstorm
|-heal|p1a: Zamazenta|80/100|[from] item: Leftovers
|upkeep
|turn|8
|
|t:|1776089858
|move|p1a: Zamazenta|Body Press|p2a: Chaleur Tournante
|-damage|p2a: Chaleur Tournante|43/100
|move|p2a: Chaleur Tournante|Will-O-Wisp|p1a: Zamazenta
|-status|p1a: Zamazenta|brn
|
|-weather|Sandstorm|[upkeep]
|-damage|p1a: Zamazenta|74/100 brn|[from] Sandstorm
|-damage|p2a: Chaleur Tournante|37/100|[from] Sandstorm
|-heal|p1a: Zamazenta|80/100 brn|[from] item: Leftovers
|-damage|p1a: Zamazenta|74/100 brn|[from] brn
|upkeep
|turn|9
|
|t:|1776089863
|move|p1a: Zamazenta|Body Press|p2a: Chaleur Tournante
|-damage|p2a: Chaleur Tournante|14/100
|move|p2a: Chaleur Tournante|Pain Split|p1a: Zamazenta
|-sethp|p1a: Zamazenta|44/100 brn|[from] move: Pain Split|[silent]
|-sethp|p2a: Chaleur Tournante|47/100|[from] move: Pain Split
|
|-weather|none
|-heal|p1a: Zamazenta|50/100 brn|[from] item: Leftovers
|-damage|p1a: Zamazenta|44/100 brn|[from] brn
|upkeep
|turn|10
|inactive|Battle timer is ON: inactive players will automatically lose when time's up. (requested by honguitohola)
|
|t:|1776089875
|switch|p2a: Sans Rancune !|Typhlosion-Hisui, F, shiny|100/100
|-damage|p2a: Sans Rancune !|76/100|[from] Stealth Rock
|move|p1a: Zamazenta|Roar|p2a: Sans Rancune !
|drag|p2a: Chaleur Tournante|Rotom-Heat|50/100
|-damage|p2a: Chaleur Tournante|38/100|[from] Stealth Rock
|
|-heal|p1a: Zamazenta|50/100 brn|[from] item: Leftovers
|-damage|p1a: Zamazenta|44/100 brn|[from] brn
|upkeep
|turn|11
|
|t:|1776089890
|move|p1a: Zamazenta|Body Press|p2a: Chaleur Tournante
|-supereffective|p2a: Chaleur Tournante
|-damage|p2a: Chaleur Tournante|0 fnt
|replace|p2a: Emokid|Zoroark, F
|-end|p2a: Emokid|Illusion
|faint|p2a: Emokid
|
|-heal|p1a: Zamazenta|50/100 brn|[from] item: Leftovers
|-damage|p1a: Zamazenta|44/100 brn|[from] brn
|upkeep
|inactive|Tatamii1 has 120 seconds left.
|
|t:|1776089918
|switch|p2a: Pelle à Neige|Ninetales-Alola, M|100/100
|-damage|p2a: Pelle à Neige|76/100|[from] Stealth Rock
|-weather|Snowscape|[from] ability: Snow Warning|[of] p2a: Pelle à Neige
|turn|12
|
|t:|1776089936
|switch|p1a: Tyranitar|Tyranitar, F|24/100
|-weather|Sandstorm|[from] ability: Sand Stream|[of] p1a: Tyranitar
|move|p2a: Pelle à Neige|Aurora Veil||[still]
|-fail|p2a: Pelle à Neige
|
|-weather|Sandstorm|[upkeep]
|-damage|p2a: Pelle à Neige|70/100|[from] Sandstorm
|upkeep
|turn|13
|
|t:|1776089944
|switch|p1a: Excadrill|Excadrill, F|100/100
|-item|p1a: Excadrill|Air Balloon
|move|p2a: Pelle à Neige|Moonblast|p1a: Excadrill
|-resisted|p1a: Excadrill
|-damage|p1a: Excadrill|76/100
|-enditem|p1a: Excadrill|Air Balloon
|
|-weather|Sandstorm|[upkeep]
|-damage|p2a: Pelle à Neige|64/100|[from] Sandstorm
|upkeep
|turn|14
|
|t:|1776089952
|switch|p2a: Sans Rancune !|Typhlosion-Hisui, F, shiny|76/100
|-damage|p2a: Sans Rancune !|51/100|[from] Stealth Rock
|move|p1a: Excadrill|Swords Dance|p1a: Excadrill
|-boost|p1a: Excadrill|atk|2
|
|-weather|Sandstorm|[upkeep]
|-damage|p2a: Sans Rancune !|45/100|[from] Sandstorm
|upkeep
|turn|15
|
|t:|1776089964
|move|p1a: Excadrill|Earthquake|p2a: Sans Rancune !
|-supereffective|p2a: Sans Rancune !
|-damage|p2a: Sans Rancune !|0 fnt
|faint|p2a: Sans Rancune !
|
|-weather|Sandstorm|[upkeep]
|upkeep
|
|t:|1776089968
|switch|p2a: Pelle à Neige|Ninetales-Alola, M|64/100
|-damage|p2a: Pelle à Neige|39/100|[from] Stealth Rock
|-weather|Snowscape|[from] ability: Snow Warning|[of] p2a: Pelle à Neige
|turn|16
|
|t:|1776089974
|move|p2a: Pelle à Neige|Moonblast|p1a: Excadrill
|-resisted|p1a: Excadrill
|-damage|p1a: Excadrill|51/100
|move|p1a: Excadrill|Iron Head|p2a: Pelle à Neige
|-supereffective|p2a: Pelle à Neige
|-damage|p2a: Pelle à Neige|0 fnt
|faint|p2a: Pelle à Neige
|
|-weather|Snowscape|[upkeep]
|upkeep
|
|t:|1776089978
|switch|p2a: Sale Blaireau|Sandslash-Alola, M|100/100
|-damage|p2a: Sale Blaireau|88/100|[from] Stealth Rock
|turn|17
|
|t:|1776089989
|move|p2a: Sale Blaireau|Triple Axel|p1a: Excadrill
|-damage|p1a: Excadrill|41/100
|-damage|p1a: Excadrill|23/100
|-damage|p1a: Excadrill|0 fnt
|faint|p1a: Excadrill
|-hitcount|p1: Excadrill|3
|
|-weather|Snowscape|[upkeep]
|-heal|p2a: Sale Blaireau|94/100|[from] item: Leftovers
|upkeep
|
|t:|1776090009
|switch|p1a: Moltres|Moltres|27/100
|turn|18
|
|t:|1776090013
|move|p2a: Sale Blaireau|Triple Axel|p1a: Moltres
|-damage|p1a: Moltres|22/100
|-damage|p1a: Moltres|13/100
|-damage|p1a: Moltres|0 fnt
|faint|p1a: Moltres
|-hitcount|p1: Moltres|3
|
|-weather|Snowscape|[upkeep]
|-heal|p2a: Sale Blaireau|100/100|[from] item: Leftovers
|upkeep
|
|t:|1776090020
|switch|p1a: Slowking|Slowking-Galar, F|100/100
|turn|19
|
|t:|1776090030
|switch|p2a: Chaleur Tournante|Rotom-Heat|47/100
|move|p1a: Slowking|Flamethrower|p2a: Chaleur Tournante
|-resisted|p2a: Chaleur Tournante
|-damage|p2a: Chaleur Tournante|35/100
|
|-weather|Snowscape|[upkeep]
|upkeep
|turn|20
|
|t:|1776090037
|move|p2a: Chaleur Tournante|Pain Split|p1a: Slowking
|-sethp|p1a: Slowking|64/100|[from] move: Pain Split|[silent]
|-sethp|p2a: Chaleur Tournante|82/100|[from] move: Pain Split
|move|p1a: Slowking|Sludge Bomb|p2a: Chaleur Tournante
|-damage|p2a: Chaleur Tournante|44/100
|
|-weather|Snowscape|[upkeep]
|upkeep
|turn|21
|
|t:|1776090044
|move|p2a: Chaleur Tournante|Will-O-Wisp|p1a: Slowking|[miss]
|-miss|p2a: Chaleur Tournante|p1a: Slowking
|move|p1a: Slowking|Sludge Bomb|p2a: Chaleur Tournante
|-damage|p2a: Chaleur Tournante|5/100
|
|-weather|Snowscape|[upkeep]
|upkeep
|turn|22
|
|t:|1776090057
|move|p2a: Chaleur Tournante|Pain Split|p1a: Slowking
|-sethp|p1a: Slowking|34/100|[from] move: Pain Split|[silent]
|-sethp|p2a: Chaleur Tournante|43/100|[from] move: Pain Split
|move|p1a: Slowking|Sludge Bomb|p2a: Chaleur Tournante
|-damage|p2a: Chaleur Tournante|8/100
|
|-weather|Snowscape|[upkeep]
|upkeep
|turn|23
|
|t:|1776090064
|move|p2a: Chaleur Tournante|Overheat|p1a: Slowking
|-damage|p1a: Slowking|8/100
|-unboost|p2a: Chaleur Tournante|spa|2
|move|p1a: Slowking|Sludge Bomb|p2a: Chaleur Tournante
|-damage|p2a: Chaleur Tournante|0 fnt
|faint|p2a: Chaleur Tournante
|
|-weather|none
|upkeep
|
|t:|1776090068
|switch|p2a: L'ancêtre|Rhydon, M|100/100
|-damage|p2a: L'ancêtre|95/100|[from] Stealth Rock
|turn|24
|
|t:|1776090087
|switch|p1a: Zamazenta|Zamazenta|44/100 brn
|move|p2a: L'ancêtre|Rock Polish|p2a: L'ancêtre
|-boost|p2a: L'ancêtre|spe|2
|
|-heal|p1a: Zamazenta|50/100 brn|[from] item: Leftovers
|-damage|p1a: Zamazenta|44/100 brn|[from] brn
|upkeep
|turn|25
|
|t:|1776090092
|move|p1a: Zamazenta|Body Press|p2a: L'ancêtre
|-supereffective|p2a: L'ancêtre
|-damage|p2a: L'ancêtre|72/100
|move|p2a: L'ancêtre|Swords Dance|p2a: L'ancêtre
|-boost|p2a: L'ancêtre|atk|2
|
|-heal|p1a: Zamazenta|50/100 brn|[from] item: Leftovers
|-damage|p1a: Zamazenta|44/100 brn|[from] brn
|upkeep
|turn|26
|
|t:|1776090105
|move|p1a: Zamazenta|Body Press|p2a: L'ancêtre
|-supereffective|p2a: L'ancêtre
|-damage|p2a: L'ancêtre|50/100
|move|p2a: L'ancêtre|Earthquake|p1a: Zamazenta
|-damage|p1a: Zamazenta|0 fnt
|faint|p1a: Zamazenta
|
|upkeep
|
|t:|1776090112
|switch|p1a: Hydrapple|Hydrapple, M, shiny|100/100
|turn|27
|
|t:|1776090123
|-terastallize|p2a: L'ancêtre|Dragon
|move|p2a: L'ancêtre|Stone Edge|p1a: Hydrapple
|-crit|p1a: Hydrapple
|-damage|p1a: Hydrapple|12/100
|move|p1a: Hydrapple|Giga Drain|p2a: L'ancêtre
|-resisted|p2a: L'ancêtre
|-damage|p2a: L'ancêtre|31/100
|-heal|p1a: Hydrapple|20/100|[from] drain|[of] p2a: L'ancêtre
|
|upkeep
|turn|28
|
|t:|1776090137
|move|p2a: L'ancêtre|Earthquake|p1a: Hydrapple
|-resisted|p1a: Hydrapple
|-damage|p1a: Hydrapple|0 fnt
|faint|p1a: Hydrapple
|
|upkeep
|
|t:|1776090139
|switch|p1a: Tyranitar|Tyranitar, F|24/100
|-weather|Sandstorm|[from] ability: Sand Stream|[of] p1a: Tyranitar
|turn|29
|
|t:|1776090144
|move|p2a: L'ancêtre|Earthquake|p1a: Tyranitar
|-supereffective|p1a: Tyranitar
|-damage|p1a: Tyranitar|0 fnt
|faint|p1a: Tyranitar
|
|-weather|Sandstorm|[upkeep]
|-damage|p2a: L'ancêtre|25/100|[from] Sandstorm
|upkeep
|-message|honguitohola forfeited.
|
|win|Tatamii1
|raw|honguitohola's rating: 1264 &rarr; <strong>1243</strong><br />(-21 for losing)
|raw|Tatamii1's rating: 1321 &rarr; <strong>1338</strong><br />(+17 for winning)
|l|☆honguitohola
|player|p1|
|l|☆Tatamii1
|player|p2|
