|html|<div class="broadcast-blue"><strong>[Gen 9] OU is currently suspecting Tera Blast! For information on how to participate check out the <a href="https://www.smogon.com/tools/suspects/view/200">suspect thread</a>.</strong></div>
|j|☆bigmanbigmanpants
|j|☆Jesusoft
|t:|1776113402
|gametype|singles
|player|p1|bigmanbigmanpants|koga-lgpe|1125
|player|p2|Jesusoft|101|1135
|gen|9
|tier|[Gen 9] OU
|rated|
|rule|HP Percentage Mod: HP is shown in percentages
|rule|Endless Battle Clause: Forcing endless battles is banned
|rule|Species Clause: Limit one of each Pokémon
|rule|OHKO Clause: OHKO moves are banned
|rule|Evasion Items Clause: Evasion items are banned
|rule|Evasion Moves Clause: Evasion moves are banned
|rule|Evasion Abilities Clause: Evasion abilities are banned
|rule|Sleep Moves Clause: Sleep-inducing moves are banned
|clearpoke
|poke|p1|Porygon2|
|poke|p1|Reuniclus, F|
|poke|p1|Rampardos, M|
|poke|p1|Ting-Lu|
|poke|p1|Bronzong|
|poke|p1|Glastrier|
|poke|p2|Metagross|
|poke|p2|Blaziken, F|
|poke|p2|Swampert, F|
|poke|p2|Gholdengo|
|poke|p2|Electrode-Hisui|
|poke|p2|Dusknoir, M|
|teampreview
|inactive|Battle timer is ON: inactive players will automatically lose when time's up. (requested by bigmanbigmanpants)
|
|t:|1776113415
|teamsize|p1|6
|teamsize|p2|6
|start
|switch|p1a: Porygon2|Porygon2|100/100
|switch|p2a: Gholdengo|Gholdengo, shiny|100/100
|-ability|p1a: Porygon2|Download|boost
|-boost|p1a: Porygon2|spa|1
|turn|1
|
|t:|1776113423
|move|p2a: Gholdengo|Nasty Plot|p2a: Gholdengo
|-boost|p2a: Gholdengo|spa|2
|move|p1a: Porygon2|Trick Room|p1a: Porygon2
|-fieldstart|move: Trick Room|[of] p1a: Porygon2
|
|upkeep
|turn|2
|
|t:|1776113427
|switch|p1a: Ting-Lu|Ting-Lu|100/100
|-ability|p1a: Ting-Lu|Vessel of Ruin
|move|p2a: Gholdengo|Nasty Plot|p2a: Gholdengo
|-boost|p2a: Gholdengo|spa|2
|
|upkeep
|turn|3
|
|t:|1776113435
|move|p1a: Ting-Lu|Earthquake|p2a: Gholdengo
|-supereffective|p2a: Gholdengo
|-damage|p2a: Gholdengo|0 fnt
|faint|p2a: Gholdengo
|
|upkeep
|
|t:|1776113445
|switch|p2a: Swampert|Swampert, F|100/100
|turn|4
|
|t:|1776113449
|move|p1a: Ting-Lu|Earthquake|p2a: Swampert
|-damage|p2a: Swampert|33/100
|move|p2a: Swampert|Waterfall|p1a: Ting-Lu
|-supereffective|p1a: Ting-Lu
|-damage|p1a: Ting-Lu|24/100
|
|upkeep
|turn|5
|
|t:|1776113458
|move|p1a: Ting-Lu|Earthquake|p2a: Swampert
|-damage|p2a: Swampert|0 fnt
|faint|p2a: Swampert
|
|-fieldend|move: Trick Room
|upkeep
|
|t:|1776113464
|switch|p2a: Electrode|Electrode-Hisui|100/100
|turn|6
|
|t:|1776113470
|switch|p1a: Porygon2|Porygon2|100/100
|-ability|p1a: Porygon2|Download|boost
|-boost|p1a: Porygon2|atk|1
|move|p2a: Electrode|Giga Drain|p1a: Porygon2
|-damage|p1a: Porygon2|86/100
|
|upkeep
|turn|7
|
|t:|1776113478
|move|p2a: Electrode|Discharge|p1a: Porygon2
|-damage|p1a: Porygon2|70/100
|move|p1a: Porygon2|Trick Room|p1a: Porygon2
|-fieldstart|move: Trick Room|[of] p1a: Porygon2
|
|upkeep
|turn|8
|
|t:|1776113491
|switch|p1a: Glastrier|Glastrier|100/100
|move|p2a: Electrode|Giga Drain|p1a: Glastrier
|-damage|p1a: Glastrier|78/100
|
|upkeep
|turn|9
|
|t:|1776113499
|move|p1a: Glastrier|Swords Dance|p1a: Glastrier
|-boost|p1a: Glastrier|atk|2
|move|p2a: Electrode|Thunder Wave|p1a: Glastrier
|-status|p1a: Glastrier|par
|
|upkeep
|turn|10
|
|t:|1776113505
|move|p1a: Glastrier|Icicle Crash|p2a: Electrode
|-supereffective|p2a: Electrode
|-crit|p2a: Electrode
|-damage|p2a: Electrode|0 fnt
|faint|p2a: Electrode
|-ability|p1a: Glastrier|Chilling Neigh|boost
|-boost|p1a: Glastrier|atk|1
|
|upkeep
|
|t:|1776113518
|switch|p2a: Blaziken|Blaziken, F|100/100
|turn|11
|
|t:|1776113522
|move|p2a: Blaziken|Protect|p2a: Blaziken
|-singleturn|p2a: Blaziken|Protect
|cant|p1a: Glastrier|par
|
|-fieldend|move: Trick Room
|-ability|p2a: Blaziken|Speed Boost|boost
|-boost|p2a: Blaziken|spe|1
|upkeep
|turn|12
|
|t:|1776113529
|move|p2a: Blaziken|Bulk Up|p2a: Blaziken
|-boost|p2a: Blaziken|atk|1
|-boost|p2a: Blaziken|def|1
|move|p1a: Glastrier|High Horsepower|p2a: Blaziken
|-supereffective|p2a: Blaziken
|-damage|p2a: Blaziken|0 fnt
|faint|p2a: Blaziken
|-ability|p1a: Glastrier|Chilling Neigh|boost
|-boost|p1a: Glastrier|atk|1
|
|upkeep
|
|t:|1776113537
|switch|p2a: Metagross|Metagross|100/100
|turn|13
|inactive|bigmanbigmanpants has 120 seconds left.
|c|☆bigmanbigmanpants|https://pastebin.com/w6CaNE4n
|
|t:|1776113586
|move|p2a: Metagross|Meteor Mash|p1a: Glastrier
|-supereffective|p1a: Glastrier
|-damage|p1a: Glastrier|8/100 par
|cant|p1a: Glastrier|par
|
|upkeep
|turn|14
|
|t:|1776113592
|move|p2a: Metagross|Meteor Mash|p1a: Glastrier
|-supereffective|p1a: Glastrier
|-damage|p1a: Glastrier|0 fnt
|faint|p1a: Glastrier
|
|upkeep
|
|t:|1776113607
|switch|p1a: Reuniclus|Reuniclus, F|100/100
|turn|15
|
|t:|1776113612
|move|p2a: Metagross|Meteor Mash|p1a: Reuniclus
|-damage|p1a: Reuniclus|50/100
|move|p1a: Reuniclus|Trick Room|p1a: Reuniclus
|-fieldstart|move: Trick Room|[of] p1a: Reuniclus
|
|upkeep
|turn|16
|
|t:|1776113617
|-terastallize|p1a: Reuniclus|Fighting
|move|p1a: Reuniclus|Focus Blast|p2a: Metagross
|-damage|p2a: Metagross|27/100
|move|p2a: Metagross|Meteor Mash|p1a: Reuniclus
|-damage|p1a: Reuniclus|0 fnt
|-boost|p2a: Metagross|atk|1
|faint|p1a: Reuniclus
|
|upkeep
|
|t:|1776113625
|switch|p1a: Rampardos|Rampardos, M|100/100
|turn|17
|
|t:|1776113634
|move|p2a: Metagross|Bullet Punch|p1a: Rampardos
|-supereffective|p1a: Rampardos
|-damage|p1a: Rampardos|4/100
|move|p1a: Rampardos|Earthquake|p2a: Metagross
|-supereffective|p2a: Metagross
|-damage|p2a: Metagross|0 fnt
|faint|p2a: Metagross
|-damage|p1a: Rampardos|0 fnt|[from] item: Life Orb
|faint|p1a: Rampardos
|
|upkeep
|inactive|bigmanbigmanpants has 120 seconds left.
|
|t:|1776113653
|switch|p1a: Ting-Lu|Ting-Lu|24/100
|switch|p2a: Dusknoir|Dusknoir, M|100/100
|-ability|p1a: Ting-Lu|Vessel of Ruin
|-ability|p2a: Dusknoir|Pressure
|turn|18
|
|t:|1776113666
|-terastallize|p2a: Dusknoir|Normal
|move|p1a: Ting-Lu|Earthquake|p2a: Dusknoir
|-damage|p2a: Dusknoir|19/100
|move|p2a: Dusknoir|Leech Life|p1a: Ting-Lu
|-supereffective|p1a: Ting-Lu
|-damage|p1a: Ting-Lu|0 fnt
|-heal|p2a: Dusknoir|45/100|[from] drain|[of] p1a: Ting-Lu
|faint|p1a: Ting-Lu
|-damage|p2a: Dusknoir|35/100|[from] item: Life Orb
|
|upkeep
|
|t:|1776113680
|switch|p1a: Bronzong|Bronzong|100/100
|turn|19
|
|t:|1776113684
|move|p1a: Bronzong|Meteor Beam||[still]
|-prepare|p1a: Bronzong|Meteor Beam
|-boost|p1a: Bronzong|spa|1
|-enditem|p1a: Bronzong|Power Herb
|-anim|p1a: Bronzong|Meteor Beam|p2a: Dusknoir
|-damage|p2a: Dusknoir|0 fnt
|faint|p2a: Dusknoir
|
|win|bigmanbigmanpants
|raw|bigmanbigmanpants's rating: 1125 &rarr; <strong>1151</strong><br />(+26 for winning)
|raw|Jesusoft's rating: 1135 &rarr; <strong>1109</strong><br />(-26 for losing)
|c|☆bigmanbigmanpants|https://pastebin.com/w6CaNE4n
|l|☆Jesusoft
|player|p2|
|l|☆bigmanbigmanpants
|player|p1|
