|j|☆wwwwwth
|j|☆fuecocofan6789
|inactive|Battle timer is ON: inactive players will automatically lose when time's up.
|t:|1776168426
|gametype|singles
|player|p1|wwwwwth|chase|
|player|p2|fuecocofan6789|miku-flying|
|gen|9
|tier|[Gen 9] OU
|rated|Tournament battle
|rule|HP Percentage Mod: HP is shown in percentages
|rule|Endless Battle Clause: Forcing endless battles is banned
|rule|Species Clause: Limit one of each Pokémon
|rule|OHKO Clause: OHKO moves are banned
|rule|Evasion Items Clause: Evasion items are banned
|rule|Evasion Moves Clause: Evasion moves are banned
|rule|Evasion Abilities Clause: Evasion abilities are banned
|rule|Sleep Moves Clause: Sleep-inducing moves are banned
|raw|<div class="infobox"><details class="readmore" open><summary><strong>3 custom rules:</strong></summary> -blissey, -wailord, -wobbuffet</details></div>
|clearpoke
|poke|p1|Greninja-*, M|
|poke|p1|Rhyperior, F|
|poke|p1|Jirachi|
|poke|p1|Maushold|
|poke|p1|Golduck, M|
|poke|p1|Persian, M|
|poke|p2|Greninja-*, F|
|poke|p2|Rhyperior, F|
|poke|p2|Jirachi|
|poke|p2|Maushold|
|poke|p2|Golduck, F|
|poke|p2|Persian, F|
|teampreview
|inactive|wwwwwth also wants the timer to be on.
|j|*Lady Monita 
|j| Baddieprathikmon
|j| 6026_Dark
|
|t:|1776168438
|teamsize|p1|6
|teamsize|p2|6
|start
|switch|p1a: Golduck|Golduck, M|100/100
|switch|p2a: Rhyperior|Rhyperior, F|100/100
|-ability|p1a: Golduck|Cloud Nine
|turn|1
|c| Baddieprathikmon|No alolan persian
|
|t:|1776168450
|-terastallize|p2a: Rhyperior|Ground
|move|p1a: Golduck|Grass Knot|p2a: Rhyperior
|-supereffective|p2a: Rhyperior
|-damage|p2a: Rhyperior|38/100
|-enditem|p2a: Rhyperior|Weakness Policy
|-boost|p2a: Rhyperior|atk|2|[from] item: Weakness Policy
|-boost|p2a: Rhyperior|spa|2|[from] item: Weakness Policy
|move|p2a: Rhyperior|Rock Polish|p2a: Rhyperior
|-boost|p2a: Rhyperior|spe|2
|
|upkeep
|turn|2
|c|☆fuecocofan6789|honestly
|c|☆fuecocofan6789|i forgot you could do that
|c|☆fuecocofan6789|regular better tho
|
|t:|1776168477
|switch|p1a: Persian|Persian, M|100/100
|move|p2a: Rhyperior|Earthquake|p1a: Persian
|-damage|p1a: Persian|0 fnt
|faint|p1a: Persian
|
|upkeep
|
|t:|1776168482
|switch|p1a: Greninja|Greninja, M|100/100
|turn|3
|
|t:|1776168484
|move|p2a: Rhyperior|Earthquake|p1a: Greninja
|-enditem|p1a: Greninja|Focus Sash
|-damage|p1a: Greninja|1/100
|move|p1a: Greninja|Surf|p2a: Rhyperior
|-supereffective|p2a: Rhyperior
|-damage|p2a: Rhyperior|0 fnt
|faint|p2a: Rhyperior
|-ability|p1a: Greninja|Battle Bond|boost
|-boost|p1a: Greninja|atk|1
|-boost|p1a: Greninja|spa|1
|-boost|p1a: Greninja|spe|1
|-activate|p1a: Greninja|ability: Battle Bond
|
|upkeep
|
|t:|1776168490
|switch|p2a: Persian|Persian, F|100/100
|turn|4
|j| elitemasterjames
|
|t:|1776168492
|switch|p1a: Rhyperior|Rhyperior, F|100/100
|move|p2a: Persian|Fake Out|p1a: Rhyperior
|-resisted|p1a: Rhyperior
|-damage|p1a: Rhyperior|91/100
|
|upkeep
|turn|5
|
|t:|1776168495
|move|p2a: Persian|Trailblaze|p1a: Rhyperior
|-supereffective|p1a: Rhyperior
|-damage|p1a: Rhyperior|53/100
|-boost|p2a: Persian|spe|1
|-enditem|p1a: Rhyperior|Weakness Policy
|-boost|p1a: Rhyperior|atk|2|[from] item: Weakness Policy
|-boost|p1a: Rhyperior|spa|2|[from] item: Weakness Policy
|move|p1a: Rhyperior|Rock Polish|p1a: Rhyperior
|-boost|p1a: Rhyperior|spe|2
|
|upkeep
|turn|6
|
|t:|1776168500
|-terastallize|p1a: Rhyperior|Steel
|move|p2a: Persian|Trailblaze|p1a: Rhyperior
|-resisted|p1a: Rhyperior
|-damage|p1a: Rhyperior|46/100
|-boost|p2a: Persian|spe|1
|move|p1a: Rhyperior|Earthquake|p2a: Persian
|-damage|p2a: Persian|0 fnt
|faint|p2a: Persian
|
|upkeep
|c|☆fuecocofan6789|gangy what
|
|t:|1776168516
|switch|p2a: Jirachi|Jirachi|100/100
|turn|7
|
|t:|1776168518
|move|p2a: Jirachi|Trick|p1a: Rhyperior
|-activate|p2a: Jirachi|move: Trick|[of] p1a: Rhyperior
|-item|p1a: Rhyperior|Choice Scarf|[from] move: Trick
|-enditem|p2a: Jirachi|Choice Scarf|[silent]|[from] move: Trick
|move|p1a: Rhyperior|Earthquake|p2a: Jirachi
|-supereffective|p2a: Jirachi
|-damage|p2a: Jirachi|0 fnt
|faint|p2a: Jirachi
|
|upkeep
|
|t:|1776168526
|switch|p2a: Golduck|Golduck, F|100/100
|turn|8
|
|t:|1776168529
|move|p1a: Rhyperior|Earthquake|p2a: Golduck
|-damage|p2a: Golduck|0 fnt
|faint|p2a: Golduck
|
|upkeep
|l| Baddieprathikmon
|
|t:|1776168531
|switch|p2a: Greninja|Greninja, F|100/100
|turn|9
|
|t:|1776168535
|move|p1a: Rhyperior|Earthquake|p2a: Greninja
|-damage|p2a: Greninja|0 fnt
|faint|p2a: Greninja
|
|upkeep
|c|☆fuecocofan6789|ggwp
|l| 6026_Dark
|c|☆wwwwwth|Gg
|c|☆fuecocofan6789|it seems we all agree what the best rhy set is lol
|
|t:|1776168552
|switch|p2a: Maushold|Maushold|100/100
|turn|10
|c|☆wwwwwth|For sure
|c|☆wwwwwth|I shouldve used rockblast though
|c|☆wwwwwth|For sash gren
|j| 6026_Dark
|
|t:|1776168572
|move|p1a: Rhyperior|Earthquake|p2a: Maushold
|-crit|p2a: Maushold
|-damage|p2a: Maushold|0 fnt
|faint|p2a: Maushold
|
|win|wwwwwth
|n|☆wwwwwth|wwwwwth
|n|☆fuecocofan6789|fuecocofan6789
|n|*Lady Monita |ladymonita
|n| elitemasterjames|elitemasterjames
|n| 6026_Dark|6026dark
