|html|<div class="broadcast-blue"><strong>[Gen 9] OU is currently suspecting Tera Blast! For information on how to participate check out the <a href="https://www.smogon.com/tools/suspects/view/200">suspect thread</a>.</strong></div>
|j|☆GYM LEADER ZAI
|j|☆ashmer06
|t:|1776320350
|gametype|singles
|player|p1|GYM LEADER ZAI|marshal|1633
|player|p2|ashmer06|169|1693
|gen|9
|tier|[Gen 9] OU
|rated|
|rule|HP Percentage Mod: HP is shown in percentages
|rule|Endless Battle Clause: Forcing endless battles is banned
|rule|Species Clause: Limit one of each Pokémon
|rule|OHKO Clause: OHKO moves are banned
|rule|Evasion Items Clause: Evasion items are banned
|rule|Evasion Moves Clause: Evasion moves are banned
|rule|Evasion Abilities Clause: Evasion abilities are banned
|rule|Sleep Moves Clause: Sleep-inducing moves are banned
|clearpoke
|poke|p1|Iron Valiant|
|poke|p1|Zamazenta-*|
|poke|p1|Okidogi, M|
|poke|p1|Hawlucha, F|
|poke|p1|Iron Hands|
|poke|p1|Kommo-o, M|
|poke|p2|Pincurchin, M|
|poke|p2|Iron Valiant|
|poke|p2|Iron Crown|
|poke|p2|Hawlucha, M|
|poke|p2|Iron Hands|
|poke|p2|Hatterene, F|
|teampreview
|inactive|Battle timer is ON: inactive players will automatically lose when time's up. (requested by GYM LEADER ZAI)
|j| Kyurem
|
|t:|1776320372
|teamsize|p1|6
|teamsize|p2|6
|start
|switch|p1a: Iron Hands|Iron Hands|100/100
|switch|p2a: Iron Crown|Iron Crown|100/100
|turn|1
|
|t:|1776320378
|-terastallize|p1a: Iron Hands|Ground
|move|p2a: Iron Crown|Volt Switch|p1a: Iron Hands
|-immune|p1a: Iron Hands
|move|p1a: Iron Hands|Earthquake|p2a: Iron Crown
|-supereffective|p2a: Iron Crown
|-damage|p2a: Iron Crown|0 fnt
|faint|p2a: Iron Crown
|-end|p2a: Iron Crown|Quark Drive|[silent]
|
|upkeep
|
|t:|1776320386
|switch|p2a: Hawlucha|Hawlucha, M|100/100
|turn|2
|
|t:|1776320394
|move|p2a: Hawlucha|Encore|p1a: Iron Hands
|-start|p1a: Iron Hands|Encore
|move|p1a: Iron Hands|Earthquake|p2a: Hawlucha
|-immune|p2a: Hawlucha
|
|upkeep
|turn|3
|
|t:|1776320403
|-end|p1a: Iron Hands|Quark Drive|[silent]
|switch|p1a: Iron Valiant|Iron Valiant|100/100
|-enditem|p1a: Iron Valiant|Booster Energy
|-activate|p1a: Iron Valiant|ability: Quark Drive|[fromitem]
|-start|p1a: Iron Valiant|quarkdrivespe
|move|p2a: Hawlucha|Close Combat|p1a: Iron Valiant
|-resisted|p1a: Iron Valiant
|-damage|p1a: Iron Valiant|68/100
|-unboost|p2a: Hawlucha|def|1
|-unboost|p2a: Hawlucha|spd|1
|
|upkeep
|turn|4
|
|t:|1776320410
|switch|p2a: Hatterene|Hatterene, F|100/100
|move|p1a: Iron Valiant|Moonblast|p2a: Hatterene
|-damage|p2a: Hatterene|53/100
|
|upkeep
|turn|5
|
|t:|1776320426
|move|p1a: Iron Valiant|Moonblast|p2a: Hatterene
|-damage|p2a: Hatterene|8/100
|move|p2a: Hatterene|Draining Kiss|p1a: Iron Valiant
|-supereffective|p1a: Iron Valiant
|-damage|p1a: Iron Valiant|0 fnt
|-heal|p2a: Hatterene|54/100|[from] drain|[of] p1a: Iron Valiant
|faint|p1a: Iron Valiant
|-end|p1a: Iron Valiant|Quark Drive|[silent]
|
|upkeep
|
|t:|1776320436
|switch|p1a: Okidogi|Okidogi, M|100/100
|turn|6
|
|t:|1776320439
|move|p1a: Okidogi|Poison Jab|p2a: Hatterene
|-supereffective|p2a: Hatterene
|-damage|p2a: Hatterene|0 fnt
|-damage|p1a: Okidogi|84/100|[from] item: Rocky Helmet|[of] p2a: Hatterene
|faint|p2a: Hatterene
|
|upkeep
|
|t:|1776320442
|switch|p2a: Pincurchin|Pincurchin, M|100/100
|-fieldstart|move: Electric Terrain|[from] ability: Electric Surge|[of] p2a: Pincurchin
|turn|7
|
|t:|1776320447
|switch|p1a: Iron Hands|Iron Hands, tera:Ground|100/100
|-activate|p1a: Iron Hands|ability: Quark Drive
|-start|p1a: Iron Hands|quarkdriveatk
|move|p2a: Pincurchin|Spikes|p1a: Iron Hands
|-sidestart|p1: GYM LEADER ZAI|Spikes
|
|upkeep
|turn|8
|
|t:|1776320464
|move|p1a: Iron Hands|Earthquake|p2a: Pincurchin
|-supereffective|p2a: Pincurchin
|-damage|p2a: Pincurchin|0 fnt
|faint|p2a: Pincurchin
|
|upkeep
|
|t:|1776320467
|switch|p2a: Hawlucha|Hawlucha, M|100/100
|-enditem|p2a: Hawlucha|Electric Seed
|-boost|p2a: Hawlucha|def|1|[from] item: Electric Seed
|turn|9
|
|t:|1776320487
|-end|p1a: Iron Hands|Quark Drive|[silent]
|switch|p1a: Kommo-o|Kommo-o, M|100/100
|-damage|p1a: Kommo-o|88/100|[from] Spikes
|move|p2a: Hawlucha|Swords Dance|p2a: Hawlucha
|-boost|p2a: Hawlucha|atk|2
|
|upkeep
|turn|10
|
|t:|1776320497
|move|p2a: Hawlucha|Acrobatics|p1a: Kommo-o
|-supereffective|p1a: Kommo-o
|-damage|p1a: Kommo-o|0 fnt
|faint|p1a: Kommo-o
|
|upkeep
|
|t:|1776320510
|switch|p1a: Zamazenta|Zamazenta|100/100
|-damage|p1a: Zamazenta|88/100|[from] Spikes
|-ability|p1a: Zamazenta|Dauntless Shield|boost
|-boost|p1a: Zamazenta|def|1
|turn|11
|
|t:|1776320516
|move|p2a: Hawlucha|Acrobatics|p1a: Zamazenta
|-supereffective|p1a: Zamazenta
|-damage|p1a: Zamazenta|9/100
|move|p1a: Zamazenta|Body Press|p2a: Hawlucha
|-resisted|p2a: Hawlucha
|-damage|p2a: Hawlucha|74/100
|
|-heal|p1a: Zamazenta|15/100|[from] item: Leftovers
|upkeep
|turn|12
|
|t:|1776320522
|move|p2a: Hawlucha|Encore|p1a: Zamazenta
|-start|p1a: Zamazenta|Encore
|move|p1a: Zamazenta|Body Press|p2a: Hawlucha
|-resisted|p2a: Hawlucha
|-damage|p2a: Hawlucha|50/100
|
|-heal|p1a: Zamazenta|21/100|[from] item: Leftovers
|upkeep
|turn|13
|
|t:|1776320524
|move|p2a: Hawlucha|Swords Dance|p2a: Hawlucha
|-boost|p2a: Hawlucha|atk|2
|move|p1a: Zamazenta|Body Press|p2a: Hawlucha
|-resisted|p2a: Hawlucha
|-damage|p2a: Hawlucha|26/100
|
|-heal|p1a: Zamazenta|27/100|[from] item: Leftovers
|upkeep
|turn|14
|
|t:|1776320529
|move|p2a: Hawlucha|Acrobatics|p1a: Zamazenta
|-supereffective|p1a: Zamazenta
|-damage|p1a: Zamazenta|0 fnt
|faint|p1a: Zamazenta
|
|-fieldend|move: Electric Terrain
|upkeep
|
|t:|1776320535
|switch|p1a: Hawlucha|Hawlucha, F|100/100
|turn|15
|
|t:|1776320538
|move|p1a: Hawlucha|Endure|p1a: Hawlucha
|-singleturn|p1a: Hawlucha|move: Endure
|move|p2a: Hawlucha|Acrobatics|p1a: Hawlucha
|-supereffective|p1a: Hawlucha
|-activate|p1a: Hawlucha|move: Endure
|-damage|p1a: Hawlucha|1/100
|-enditem|p1a: Hawlucha|Liechi Berry|[eat]
|-boost|p1a: Hawlucha|atk|1|[from] item: Liechi Berry
|
|upkeep
|turn|16
|
|t:|1776320541
|move|p1a: Hawlucha|Acrobatics|p2a: Hawlucha
|-supereffective|p2a: Hawlucha
|-damage|p2a: Hawlucha|0 fnt
|faint|p2a: Hawlucha
|
|upkeep
|
|t:|1776320545
|switch|p2a: Iron Hands|Iron Hands|100/100
|turn|17
|
|t:|1776320549
|move|p1a: Hawlucha|Reversal|p2a: Iron Hands
|-damage|p2a: Iron Hands|4/100
|move|p2a: Iron Hands|Volt Switch|p1a: Hawlucha
|-supereffective|p1a: Hawlucha
|-damage|p1a: Hawlucha|0 fnt
|faint|p1a: Hawlucha
|
|t:|1776320552
|-end|p2a: Iron Hands|Quark Drive|[silent]
|switch|p2a: Iron Valiant|Iron Valiant|100/100|[from] Volt Switch
|
|upkeep
|
|t:|1776320557
|switch|p1a: Okidogi|Okidogi, M|84/100
|-damage|p1a: Okidogi|72/100|[from] Spikes
|turn|18
|
|t:|1776320569
|-terastallize|p2a: Iron Valiant|Dark
|move|p2a: Iron Valiant|Thunderbolt|p1a: Okidogi
|-damage|p1a: Okidogi|47/100
|-damage|p2a: Iron Valiant|91/100|[from] item: Life Orb
|move|p1a: Okidogi|Poison Jab|p2a: Iron Valiant
|-damage|p2a: Iron Valiant|35/100
|
|upkeep
|turn|19
|
|t:|1776320576
|move|p2a: Iron Valiant|Moonblast|p1a: Okidogi
|-damage|p1a: Okidogi|8/100
|-unboost|p1a: Okidogi|spa|1
|-damage|p2a: Iron Valiant|25/100|[from] item: Life Orb
|move|p1a: Okidogi|Drain Punch|p2a: Iron Valiant
|-supereffective|p2a: Iron Valiant
|-crit|p2a: Iron Valiant
|-damage|p2a: Iron Valiant|0 fnt
|-heal|p1a: Okidogi|19/100|[from] drain|[of] p2a: Iron Valiant
|faint|p2a: Iron Valiant
|-end|p2a: Iron Valiant|Quark Drive|[silent]
|
|upkeep
|
|t:|1776320580
|switch|p2a: Iron Hands|Iron Hands|4/100
|turn|20
|
|t:|1776320584
|move|p1a: Okidogi|Drain Punch|p2a: Iron Hands
|-damage|p2a: Iron Hands|0 fnt
|-heal|p1a: Okidogi|22/100|[from] drain|[of] p2a: Iron Hands
|faint|p2a: Iron Hands
|-end|p2a: Iron Hands|Quark Drive|[silent]
|
|win|GYM LEADER ZAI
|raw|GYM LEADER ZAI's rating: 1633 &rarr; <strong>1656</strong><br />(+23 for winning)
|raw|ashmer06's rating: 1693 &rarr; <strong>1670</strong><br />(-23 for losing)
|l|☆ashmer06
|player|p2|
|l|☆GYM LEADER ZAI
|player|p1|
