|html|<div class="broadcast-blue"><strong>[Gen 9] OU is currently suspecting Tera Blast! For information on how to participate check out the <a href="https://www.smogon.com/tools/suspects/view/200">suspect thread</a>.</strong></div>
|j|☆Rising Ursaring
|j|☆treeshhhh
|t:|1776164935
|gametype|singles
|player|p1|Rising Ursaring|burglar|1443
|player|p2|treeshhhh|1|1482
|gen|9
|tier|[Gen 9] OU
|rated|
|rule|HP Percentage Mod: HP is shown in percentages
|rule|Endless Battle Clause: Forcing endless battles is banned
|rule|Species Clause: Limit one of each Pokémon
|rule|OHKO Clause: OHKO moves are banned
|rule|Evasion Items Clause: Evasion items are banned
|rule|Evasion Moves Clause: Evasion moves are banned
|rule|Evasion Abilities Clause: Evasion abilities are banned
|rule|Sleep Moves Clause: Sleep-inducing moves are banned
|clearpoke
|poke|p1|Darkrai|
|poke|p1|Zamazenta-*|
|poke|p1|Salazzle, F|
|poke|p1|Weezing-Galar, M|
|poke|p1|Krookodile, F|
|poke|p1|Hatterene, F|
|poke|p2|Slowking-Galar, F|
|poke|p2|Tornadus-Therian, M|
|poke|p2|Cinderace, F|
|poke|p2|Lokix, M|
|poke|p2|Hydrapple, F|
|poke|p2|Great Tusk|
|teampreview
|inactive|Battle timer is ON: inactive players will automatically lose when time's up. (requested by Rising Ursaring)
|
|t:|1776164959
|teamsize|p1|6
|teamsize|p2|6
|start
|switch|p1a: Salazzle|Salazzle, F|100/100
|switch|p2a: Tornadus|Tornadus-Therian, M|100/100
|turn|1
|
|t:|1776164969
|move|p1a: Salazzle|Substitute|p1a: Salazzle
|-start|p1a: Salazzle|Substitute
|-damage|p1a: Salazzle|76/100
|move|p2a: Tornadus|Bleakwind Storm|p1a: Salazzle
|-end|p1a: Salazzle|Substitute
|
|-heal|p1a: Salazzle|82/100|[from] item: Black Sludge
|upkeep
|turn|2
|
|t:|1776164977
|move|p1a: Salazzle|Toxic|p2a: Tornadus
|-status|p2a: Tornadus|tox
|move|p2a: Tornadus|Knock Off|p1a: Salazzle
|-damage|p1a: Salazzle|51/100
|-enditem|p1a: Salazzle|Black Sludge|[from] move: Knock Off|[of] p2a: Tornadus
|
|-damage|p2a: Tornadus|94/100 tox|[from] psn
|upkeep
|turn|3
|
|t:|1776164985
|move|p1a: Salazzle|Protect|p1a: Salazzle
|-singleturn|p1a: Salazzle|Protect
|move|p2a: Tornadus|Bleakwind Storm|p1a: Salazzle
|-activate|p1a: Salazzle|move: Protect
|
|-damage|p2a: Tornadus|82/100 tox|[from] psn
|upkeep
|turn|4
|
|t:|1776164991
|switch|p1a: Hatterene|Hatterene, F|100/100
|move|p2a: Tornadus|Bleakwind Storm|p1a: Hatterene
|-damage|p1a: Hatterene|60/100
|
|-heal|p1a: Hatterene|66/100|[from] item: Leftovers
|-damage|p2a: Tornadus|64/100 tox|[from] psn
|upkeep
|turn|5
|
|t:|1776164997
|move|p2a: Tornadus|U-turn|p1a: Hatterene
|-damage|p1a: Hatterene|54/100
|
|t:|1776165000
|switch|p2a: Slowking|Slowking-Galar, F|100/100|[from] U-turn
|move|p1a: Hatterene|Calm Mind|p1a: Hatterene
|-boost|p1a: Hatterene|spa|1
|-boost|p1a: Hatterene|spd|1
|
|-heal|p1a: Hatterene|60/100|[from] item: Leftovers
|upkeep
|turn|6
|
|t:|1776165007
|switch|p1a: Krookodile|Krookodile, F|100/100
|move|p2a: Slowking|Sludge Bomb|p1a: Krookodile
|-resisted|p1a: Krookodile
|-crit|p1a: Krookodile
|-damage|p1a: Krookodile|68/100
|
|upkeep
|turn|7
|
|t:|1776165011
|switch|p2a: Great Tusk|Great Tusk|100/100
|move|p1a: Krookodile|Knock Off|p2a: Great Tusk
|-resisted|p2a: Great Tusk
|-damage|p2a: Great Tusk|85/100
|-damage|p1a: Krookodile|51/100|[from] item: Rocky Helmet|[of] p2a: Great Tusk
|-enditem|p2a: Great Tusk|Rocky Helmet|[from] move: Knock Off|[of] p1a: Krookodile
|
|upkeep
|turn|8
|
|t:|1776165019
|switch|p1a: Weezing|Weezing-Galar, M|100/100
|-ability|p1a: Weezing|Neutralizing Gas
|move|p2a: Great Tusk|Stealth Rock|p1a: Weezing
|-sidestart|p1: Rising Ursaring|move: Stealth Rock
|
|upkeep
|turn|9
|
|t:|1776165026
|-end|p2a: Great Tusk|Protosynthesis|[silent]
|switch|p2a: Slowking|Slowking-Galar, F|100/100
|move|p1a: Weezing|Defog|p2a: Slowking
|-unboost|p2a: Slowking|evasion|1
|-sideend|p1: Rising Ursaring|Stealth Rock|[from] move: Defog|[of] p1a: Weezing
|
|upkeep
|turn|10
|
|t:|1776165032
|-end|p1a: Weezing|ability: Neutralizing Gas
|switch|p1a: Krookodile|Krookodile, F|51/100
|-prepare|p2a: Slowking|Chilly Reception|[premajor]
|move|p2a: Slowking|Chilly Reception|p2a: Slowking
|-weather|Snowscape
|
|t:|1776165037
|switch|p2a: Lokix|Lokix, M|100/100|[from] Chilly Reception
|
|-weather|Snowscape|[upkeep]
|upkeep
|turn|11
|
|t:|1776165042
|switch|p1a: Weezing|Weezing-Galar, M|100/100
|-ability|p1a: Weezing|Neutralizing Gas
|move|p2a: Lokix|First Impression|p1a: Weezing
|-resisted|p1a: Weezing
|-damage|p1a: Weezing|89/100
|
|-weather|Snowscape|[upkeep]
|upkeep
|turn|12
|
|t:|1776165051
|switch|p2a: Slowking|Slowking-Galar, F|100/100
|move|p1a: Weezing|Sludge Bomb|p2a: Slowking
|-resisted|p2a: Slowking
|-damage|p2a: Slowking|89/100
|
|-weather|Snowscape|[upkeep]
|upkeep
|turn|13
|
|t:|1776165056
|-end|p1a: Weezing|ability: Neutralizing Gas
|switch|p1a: Salazzle|Salazzle, F|51/100
|move|p2a: Slowking|Toxic|p1a: Salazzle
|-immune|p1a: Salazzle
|
|-weather|Snowscape|[upkeep]
|upkeep
|turn|14
|
|t:|1776165061
|switch|p2a: Tornadus|Tornadus-Therian, M|97/100 tox
|move|p1a: Salazzle|Substitute|p1a: Salazzle
|-start|p1a: Salazzle|Substitute
|-damage|p1a: Salazzle|26/100
|
|-weather|none
|-damage|p2a: Tornadus|91/100 tox|[from] psn
|upkeep
|turn|15
|
|t:|1776165067
|move|p1a: Salazzle|Protect|p1a: Salazzle
|-singleturn|p1a: Salazzle|Protect
|move|p2a: Tornadus|Bleakwind Storm|p1a: Salazzle
|-activate|p1a: Salazzle|move: Protect
|
|-damage|p2a: Tornadus|79/100 tox|[from] psn
|upkeep
|turn|16
|
|t:|1776165074
|move|p1a: Salazzle|Flamethrower|p2a: Tornadus
|-damage|p2a: Tornadus|61/100 tox
|move|p2a: Tornadus|Bleakwind Storm|p1a: Salazzle|[miss]
|-miss|p2a: Tornadus|p1a: Salazzle
|
|-damage|p2a: Tornadus|42/100 tox|[from] psn
|upkeep
|turn|17
|
|t:|1776165083
|switch|p2a: Cinderace|Cinderace, F|100/100
|move|p1a: Salazzle|Protect||[still]
|-fail|p1a: Salazzle
|
|upkeep
|turn|18
|
|t:|1776165087
|move|p1a: Salazzle|Protect|p1a: Salazzle
|-singleturn|p1a: Salazzle|Protect
|move|p2a: Cinderace|Pyro Ball|p1a: Salazzle
|-activate|p1a: Salazzle|move: Protect
|
|upkeep
|turn|19
|
|t:|1776165090
|move|p2a: Cinderace|U-turn|p1a: Salazzle
|-resisted|p1a: Salazzle
|-activate|p1a: Salazzle|move: Substitute|[damage]
|
|t:|1776165093
|switch|p2a: Tornadus|Tornadus-Therian, M|76/100 tox|[from] U-turn
|move|p1a: Salazzle|Toxic|p2a: Tornadus
|-fail|p2a: Tornadus|tox
|
|-damage|p2a: Tornadus|69/100 tox|[from] psn
|upkeep
|turn|20
|
|t:|1776165097
|switch|p2a: Cinderace|Cinderace, F|100/100
|move|p1a: Salazzle|Protect||[still]
|-fail|p1a: Salazzle
|
|upkeep
|turn|21
|
|t:|1776165103
|move|p1a: Salazzle|Protect|p1a: Salazzle
|-singleturn|p1a: Salazzle|Protect
|move|p2a: Cinderace|U-turn|p1a: Salazzle
|-activate|p1a: Salazzle|move: Protect
|
|upkeep
|turn|22
|
|t:|1776165105
|move|p2a: Cinderace|U-turn|p1a: Salazzle
|-resisted|p1a: Salazzle
|-crit|p1a: Salazzle
|-activate|p1a: Salazzle|move: Substitute|[damage]
|
|t:|1776165108
|switch|p2a: Tornadus|Tornadus-Therian, M|100/100 tox|[from] U-turn
|move|p1a: Salazzle|Substitute|p1a: Salazzle
|-fail|p1a: Salazzle|move: Substitute
|
|-damage|p2a: Tornadus|94/100 tox|[from] psn
|upkeep
|turn|23
|
|t:|1776165111
|move|p1a: Salazzle|Flamethrower|p2a: Tornadus
|-damage|p2a: Tornadus|76/100 tox
|move|p2a: Tornadus|Knock Off|p1a: Salazzle
|-end|p1a: Salazzle|Substitute
|
|-damage|p2a: Tornadus|64/100 tox|[from] psn
|upkeep
|turn|24
|
|t:|1776165116
|move|p1a: Salazzle|Protect|p1a: Salazzle
|-singleturn|p1a: Salazzle|Protect
|move|p2a: Tornadus|Knock Off|p1a: Salazzle
|-activate|p1a: Salazzle|move: Protect
|
|-damage|p2a: Tornadus|45/100 tox|[from] psn
|upkeep
|turn|25
|
|t:|1776165129
|move|p1a: Salazzle|Toxic|p2a: Tornadus
|-fail|p2a: Tornadus|tox
|move|p2a: Tornadus|Knock Off|p1a: Salazzle
|-damage|p1a: Salazzle|6/100
|
|-damage|p2a: Tornadus|21/100 tox|[from] psn
|upkeep
|turn|26
|
|t:|1776165134
|switch|p2a: Slowking|Slowking-Galar, F|100/100
|move|p1a: Salazzle|Protect||[still]
|-fail|p1a: Salazzle
|
|upkeep
|turn|27
|
|t:|1776165140
|switch|p2a: Tornadus|Tornadus-Therian, M|54/100 tox
|move|p1a: Salazzle|Toxic|p2a: Tornadus
|-fail|p2a: Tornadus|tox
|
|-damage|p2a: Tornadus|48/100 tox|[from] psn
|upkeep
|turn|28
|
|t:|1776165145
|move|p1a: Salazzle|Toxic|p2a: Tornadus
|-fail|p2a: Tornadus|tox
|move|p2a: Tornadus|Knock Off|p1a: Salazzle
|-damage|p1a: Salazzle|0 fnt
|faint|p1a: Salazzle
|
|-damage|p2a: Tornadus|36/100 tox|[from] psn
|upkeep
|
|t:|1776165150
|switch|p1a: Krookodile|Krookodile, F|51/100
|turn|29
|
|t:|1776165153
|switch|p2a: Great Tusk|Great Tusk|85/100
|move|p1a: Krookodile|Aqua Tail|p2a: Great Tusk
|-supereffective|p2a: Great Tusk
|-damage|p2a: Great Tusk|49/100
|
|upkeep
|turn|30
|
|t:|1776165167
|switch|p1a: Weezing|Weezing-Galar, M|89/100
|-ability|p1a: Weezing|Neutralizing Gas
|move|p2a: Great Tusk|Ice Spinner|p1a: Weezing
|-damage|p1a: Weezing|73/100
|
|upkeep
|turn|31
|
|t:|1776165177
|-end|p2a: Great Tusk|Protosynthesis|[silent]
|switch|p2a: Slowking|Slowking-Galar, F|100/100
|-end|p1a: Weezing|ability: Neutralizing Gas
|switch|p1a: Krookodile|Krookodile, F|51/100
|
|upkeep
|turn|32
|
|t:|1776165183
|switch|p2a: Hydrapple|Hydrapple, F|100/100
|move|p1a: Krookodile|Knock Off|p2a: Hydrapple
|-damage|p2a: Hydrapple|59/100
|-enditem|p2a: Hydrapple|Life Orb|[from] move: Knock Off|[of] p1a: Krookodile
|
|upkeep
|turn|33
|
|t:|1776165190
|switch|p1a: Hatterene|Hatterene, F|60/100
|move|p2a: Hydrapple|Leaf Storm|p1a: Hatterene
|-damage|p1a: Hatterene|0 fnt
|-unboost|p2a: Hydrapple|spa|2
|faint|p1a: Hatterene
|
|upkeep
|
|t:|1776165194
|switch|p1a: Zamazenta|Zamazenta|100/100
|-ability|p1a: Zamazenta|Dauntless Shield|boost
|-boost|p1a: Zamazenta|def|1
|turn|34
|
|t:|1776165198
|switch|p2a: Cinderace|Cinderace, F|100/100
|move|p1a: Zamazenta|Iron Defense|p1a: Zamazenta
|-boost|p1a: Zamazenta|def|2
|
|upkeep
|turn|35
|
|t:|1776165204
|-terastallize|p1a: Zamazenta|Fire
|-terastallize|p2a: Cinderace|Ghost
|move|p1a: Zamazenta|Iron Defense|p1a: Zamazenta
|-boost|p1a: Zamazenta|def|2
|move|p2a: Cinderace|Will-O-Wisp|p1a: Zamazenta
|-immune|p1a: Zamazenta
|
|upkeep
|turn|36
|
|t:|1776165208
|move|p1a: Zamazenta|Crunch|p2a: Cinderace
|-supereffective|p2a: Cinderace
|-damage|p2a: Cinderace|53/100
|move|p2a: Cinderace|U-turn|p1a: Zamazenta
|-resisted|p1a: Zamazenta
|-damage|p1a: Zamazenta|98/100
|
|t:|1776165222
|switch|p2a: Slowking|Slowking-Galar, F|100/100|[from] U-turn
|
|-heal|p1a: Zamazenta|100/100|[from] item: Leftovers
|upkeep
|turn|37
|
|t:|1776165225
|move|p1a: Zamazenta|Crunch|p2a: Slowking
|-supereffective|p2a: Slowking
|-enditem|p2a: Slowking|Colbur Berry|[eat]
|-enditem|p2a: Slowking|Colbur Berry|[weaken]
|-damage|p2a: Slowking|86/100
|-unboost|p2a: Slowking|def|1
|move|p2a: Slowking|Toxic|p1a: Zamazenta
|-status|p1a: Zamazenta|tox
|
|-damage|p1a: Zamazenta|94/100 tox|[from] psn
|upkeep
|turn|38
|
|t:|1776165230
|move|p1a: Zamazenta|Crunch|p2a: Slowking
|-supereffective|p2a: Slowking
|-damage|p2a: Slowking|37/100
|-unboost|p2a: Slowking|def|1
|move|p2a: Slowking|Psychic Noise|p1a: Zamazenta
|-damage|p1a: Zamazenta|72/100 tox
|-start|p1a: Zamazenta|move: Heal Block
|
|-damage|p1a: Zamazenta|60/100 tox|[from] psn
|upkeep
|turn|39
|
|t:|1776165234
|switch|p2a: Great Tusk|Great Tusk|49/100
|move|p1a: Zamazenta|Body Press|p2a: Great Tusk
|-damage|p2a: Great Tusk|0 fnt
|faint|p2a: Great Tusk
|-end|p2a: Great Tusk|Protosynthesis|[silent]
|
|-damage|p1a: Zamazenta|41/100 tox|[from] psn
|-end|p1a: Zamazenta|move: Heal Block
|upkeep
|
|t:|1776165237
|switch|p2a: Slowking|Slowking-Galar, F|71/100
|turn|40
|
|t:|1776165241
|move|p1a: Zamazenta|Crunch|p2a: Slowking
|-supereffective|p2a: Slowking
|-damage|p2a: Slowking|39/100
|move|p2a: Slowking|Psychic Noise|p1a: Zamazenta
|-damage|p1a: Zamazenta|20/100 tox
|-start|p1a: Zamazenta|move: Heal Block
|
|-damage|p1a: Zamazenta|0 fnt|[from] psn
|faint|p1a: Zamazenta
|upkeep
|
|t:|1776165252
|switch|p1a: Darkrai|Darkrai|100/100
|turn|41
|
|t:|1776165270
|switch|p2a: Cinderace|Cinderace, F, tera:Ghost|53/100
|move|p1a: Darkrai|Dark Pulse|p2a: Cinderace
|-supereffective|p2a: Cinderace
|-damage|p2a: Cinderace|0 fnt
|faint|p2a: Cinderace
|
|upkeep
|
|t:|1776165273
|switch|p2a: Lokix|Lokix, M|100/100
|turn|42
|
|t:|1776165275
|switch|p1a: Weezing|Weezing-Galar, M|73/100
|-ability|p1a: Weezing|Neutralizing Gas
|move|p2a: Lokix|U-turn|p1a: Weezing
|-resisted|p1a: Weezing
|-damage|p1a: Weezing|65/100
|
|t:|1776165278
|switch|p2a: Slowking|Slowking-Galar, F|73/100|[from] U-turn
|
|upkeep
|turn|43
|
|t:|1776165284
|-end|p1a: Weezing|ability: Neutralizing Gas
|switch|p1a: Krookodile|Krookodile, F|51/100
|-prepare|p2a: Slowking|Chilly Reception|[premajor]
|move|p2a: Slowking|Chilly Reception|p2a: Slowking
|-weather|Snowscape
|
|t:|1776165294
|switch|p2a: Hydrapple|Hydrapple, F|93/100|[from] Chilly Reception
|
|-weather|Snowscape|[upkeep]
|upkeep
|turn|44
|
|t:|1776165298
|move|p1a: Krookodile|Close Combat|p2a: Hydrapple
|-damage|p2a: Hydrapple|59/100
|-unboost|p1a: Krookodile|def|1
|-unboost|p1a: Krookodile|spd|1
|move|p2a: Hydrapple|Earth Power|p1a: Krookodile
|-damage|p1a: Krookodile|0 fnt
|faint|p1a: Krookodile
|
|-weather|Snowscape|[upkeep]
|upkeep
|
|t:|1776165301
|switch|p1a: Darkrai|Darkrai|100/100
|turn|45
|
|t:|1776165307
|switch|p2a: Slowking|Slowking-Galar, F|100/100
|move|p1a: Darkrai|Sludge Bomb|p2a: Slowking
|-resisted|p2a: Slowking
|-damage|p2a: Slowking|87/100
|
|-weather|Snowscape|[upkeep]
|upkeep
|turn|46
|
|t:|1776165311
|move|p1a: Darkrai|Dark Pulse|p2a: Slowking
|-supereffective|p2a: Slowking
|-damage|p2a: Slowking|20/100
|-prepare|p2a: Slowking|Chilly Reception|[premajor]
|move|p2a: Slowking|Chilly Reception|p2a: Slowking
|
|t:|1776165317
|switch|p2a: Hydrapple|Hydrapple, F|93/100|[from] Chilly Reception
|
|-weather|Snowscape|[upkeep]
|upkeep
|turn|47
|
|t:|1776165320
|move|p1a: Darkrai|Ice Beam|p2a: Hydrapple
|-supereffective|p2a: Hydrapple
|-damage|p2a: Hydrapple|0 fnt
|faint|p2a: Hydrapple
|
|-weather|none
|upkeep
|
|t:|1776165324
|switch|p2a: Lokix|Lokix, M|100/100
|turn|48
|
|t:|1776165329
|switch|p1a: Weezing|Weezing-Galar, M|65/100
|-ability|p1a: Weezing|Neutralizing Gas
|move|p2a: Lokix|U-turn|p1a: Weezing
|-resisted|p1a: Weezing
|-damage|p1a: Weezing|57/100
|
|t:|1776165333
|switch|p2a: Slowking|Slowking-Galar, F|54/100|[from] U-turn
|
|upkeep
|turn|49
|
|t:|1776165340
|move|p1a: Weezing|Will-O-Wisp|p2a: Slowking
|-status|p2a: Slowking|brn
|-prepare|p2a: Slowking|Chilly Reception|[premajor]
|move|p2a: Slowking|Chilly Reception|p2a: Slowking
|-weather|Snowscape
|
|t:|1776165343
|switch|p2a: Tornadus|Tornadus-Therian, M|69/100 tox|[from] Chilly Reception
|
|-weather|Snowscape|[upkeep]
|-damage|p2a: Tornadus|63/100 tox|[from] psn
|upkeep
|turn|50
|
|t:|1776165349
|move|p2a: Tornadus|Bleakwind Storm|p1a: Weezing
|-damage|p1a: Weezing|3/100
|-unboost|p1a: Weezing|spe|1
|move|p1a: Weezing|Pain Split|p2a: Tornadus
|-sethp|p2a: Tornadus|33/100 tox|[from] move: Pain Split|[silent]
|-sethp|p1a: Weezing|36/100|[from] move: Pain Split
|
|-weather|Snowscape|[upkeep]
|-damage|p2a: Tornadus|21/100 tox|[from] psn
|upkeep
|turn|51
|
|t:|1776165354
|-end|p1a: Weezing|ability: Neutralizing Gas
|switch|p1a: Darkrai|Darkrai|100/100
|move|p2a: Tornadus|Bleakwind Storm|p1a: Darkrai
|-damage|p1a: Darkrai|53/100
|-unboost|p1a: Darkrai|spe|1
|
|-weather|Snowscape|[upkeep]
|-heal|p1a: Darkrai|59/100|[from] item: Leftovers
|-damage|p2a: Tornadus|2/100 tox|[from] psn
|upkeep
|turn|52
|
|t:|1776165359
|switch|p2a: Lokix|Lokix, M|100/100
|switch|p1a: Weezing|Weezing-Galar, M|36/100
|-ability|p1a: Weezing|Neutralizing Gas
|
|-weather|Snowscape|[upkeep]
|upkeep
|turn|53
|
|t:|1776165362
|move|p2a: Lokix|U-turn|p1a: Weezing
|-resisted|p1a: Weezing
|-damage|p1a: Weezing|27/100
|
|t:|1776165365
|switch|p2a: Slowking|Slowking-Galar, F|54/100 brn|[from] U-turn
|move|p1a: Weezing|Pain Split|p2a: Slowking
|-sethp|p2a: Slowking|38/100 brn|[from] move: Pain Split|[silent]
|-sethp|p1a: Weezing|45/100|[from] move: Pain Split
|
|-weather|none
|-damage|p2a: Slowking|32/100 brn|[from] brn
|upkeep
|turn|54
|
|t:|1776165369
|-end|p1a: Weezing|ability: Neutralizing Gas
|switch|p1a: Darkrai|Darkrai|59/100
|move|p2a: Slowking|Sludge Bomb|p1a: Darkrai
|-damage|p1a: Darkrai|17/100
|
|-heal|p1a: Darkrai|23/100|[from] item: Leftovers
|-damage|p2a: Slowking|26/100 brn|[from] brn
|upkeep
|turn|55
|
|t:|1776165373
|switch|p2a: Lokix|Lokix, M|100/100
|move|p1a: Darkrai|Dark Pulse|p2a: Lokix
|-resisted|p2a: Lokix
|-damage|p2a: Lokix|59/100
|
|-heal|p1a: Darkrai|29/100|[from] item: Leftovers
|upkeep
|turn|56
|
|t:|1776165377
|move|p1a: Darkrai|Sludge Bomb|p2a: Lokix
|-crit|p2a: Lokix
|-damage|p2a: Lokix|0 fnt
|faint|p2a: Lokix
|
|-heal|p1a: Darkrai|35/100|[from] item: Leftovers
|upkeep
|
|t:|1776165380
|switch|p2a: Tornadus|Tornadus-Therian, M|36/100 tox
|turn|57
|c|☆Rising Ursaring|gg
|
|t:|1776165386
|switch|p2a: Slowking|Slowking-Galar, F|60/100 brn
|move|p1a: Darkrai|Ice Beam|p2a: Slowking
|-damage|p2a: Slowking|34/100 brn
|
|-heal|p1a: Darkrai|41/100|[from] item: Leftovers
|-damage|p2a: Slowking|28/100 brn|[from] brn
|upkeep
|turn|58
|
|t:|1776165391
|move|p1a: Darkrai|Dark Pulse|p2a: Slowking
|-supereffective|p2a: Slowking
|-damage|p2a: Slowking|0 fnt
|faint|p2a: Slowking
|
|-heal|p1a: Darkrai|47/100|[from] item: Leftovers
|upkeep
|
|t:|1776165393
|switch|p2a: Tornadus|Tornadus-Therian, M|69/100 tox
|turn|59
|
|t:|1776165396
|switch|p1a: Weezing|Weezing-Galar, M|45/100
|-ability|p1a: Weezing|Neutralizing Gas
|move|p2a: Tornadus|Bleakwind Storm|p1a: Weezing
|-damage|p1a: Weezing|0 fnt
|faint|p1a: Weezing
|-end|p1a: Weezing|ability: Neutralizing Gas
|
|-damage|p2a: Tornadus|63/100 tox|[from] psn
|upkeep
|
|t:|1776165400
|switch|p1a: Darkrai|Darkrai|47/100
|turn|60
|
|t:|1776165405
|move|p1a: Darkrai|Ice Beam|p2a: Tornadus
|-supereffective|p2a: Tornadus
|-damage|p2a: Tornadus|29/100 tox
|move|p2a: Tornadus|Bleakwind Storm|p1a: Darkrai
|-damage|p1a: Darkrai|0 fnt
|faint|p1a: Darkrai
|
|win|treeshhhh
|raw|Rising Ursaring's rating: 1443 &rarr; <strong>1425</strong><br />(-18 for losing)
|raw|treeshhhh's rating: 1482 &rarr; <strong>1500</strong><br />(+18 for winning)
|c|☆Rising Ursaring|DAMN
