|html|<div class="broadcast-blue"><strong>[Gen 9] OU is currently suspecting Tera Blast! For information on how to participate check out the <a href="https://www.smogon.com/tools/suspects/view/200">suspect thread</a>.</strong></div>
|j|☆Teefryingpan
|j|☆fat chuds inc.
|t:|1776115422
|gametype|singles
|player|p1|Teefryingpan|102|1681
|player|p2|fat chuds inc.|collector|1620
|gen|9
|tier|[Gen 9] OU
|rated|
|rule|HP Percentage Mod: HP is shown in percentages
|rule|Endless Battle Clause: Forcing endless battles is banned
|rule|Species Clause: Limit one of each Pokémon
|rule|OHKO Clause: OHKO moves are banned
|rule|Evasion Items Clause: Evasion items are banned
|rule|Evasion Moves Clause: Evasion moves are banned
|rule|Evasion Abilities Clause: Evasion abilities are banned
|rule|Sleep Moves Clause: Sleep-inducing moves are banned
|clearpoke
|poke|p1|Samurott-Hisui, F|
|poke|p1|Dragapult, M|
|poke|p1|Enamorus, F|
|poke|p1|Scizor, M|
|poke|p1|Iron Treads|
|poke|p1|Ogerpon-Wellspring, F|
|poke|p2|Grimmsnarl, M|
|poke|p2|Veluza, F|
|poke|p2|Great Tusk|
|poke|p2|Dragonite, F|
|poke|p2|Iron Moth|
|poke|p2|Maushold|
|teampreview
|inactive|Battle timer is ON: inactive players will automatically lose when time's up. (requested by Teefryingpan)
|
|t:|1776115433
|teamsize|p1|6
|teamsize|p2|6
|start
|switch|p1a: Scizor|Scizor, M|100/100
|switch|p2a: Maushold|Maushold|100/100
|turn|1
|
|t:|1776115438
|switch|p2a: Iron Moth|Iron Moth|100/100
|-enditem|p2a: Iron Moth|Booster Energy
|-activate|p2a: Iron Moth|ability: Quark Drive|[fromitem]
|-start|p2a: Iron Moth|quarkdrivespe
|move|p1a: Scizor|U-turn|p2a: Iron Moth
|-resisted|p2a: Iron Moth
|-damage|p2a: Iron Moth|81/100
|
|t:|1776115446
|switch|p1a: Ogerpon|Ogerpon-Wellspring, F|100/100|[from] U-turn
|
|upkeep
|turn|2
|
|t:|1776115449
|move|p2a: Iron Moth|Sludge Wave|p1a: Ogerpon
|-supereffective|p1a: Ogerpon
|-damage|p1a: Ogerpon|0 fnt
|faint|p1a: Ogerpon
|
|upkeep
|
|t:|1776115455
|switch|p1a: Enamorus|Enamorus, F|100/100
|turn|3
|
|t:|1776115459
|move|p2a: Iron Moth|Sludge Wave|p1a: Enamorus
|-supereffective|p1a: Enamorus
|-damage|p1a: Enamorus|0 fnt
|faint|p1a: Enamorus
|
|upkeep
|
|t:|1776115461
|switch|p1a: Dragapult|Dragapult, M|100/100
|turn|4
|
|t:|1776115467
|-terastallize|p1a: Dragapult|Fairy
|move|p2a: Iron Moth|Dazzling Gleam|p1a: Dragapult
|-damage|p1a: Dragapult|66/100
|move|p1a: Dragapult|Draco Meteor|p2a: Iron Moth
|-damage|p2a: Iron Moth|0 fnt
|-unboost|p1a: Dragapult|spa|2
|faint|p2a: Iron Moth
|-end|p2a: Iron Moth|Quark Drive|[silent]
|
|upkeep
|j| Cameltony000
|
|t:|1776115485
|switch|p2a: Veluza|Veluza, F|100/100
|-ability|p2a: Veluza|Mold Breaker
|turn|5
|
|t:|1776115492
|switch|p1a: Samurott|Samurott-Hisui, F|100/100
|move|p2a: Veluza|Fillet Away|p2a: Veluza
|-boost|p2a: Veluza|atk|2
|-boost|p2a: Veluza|spa|2
|-boost|p2a: Veluza|spe|2
|-damage|p2a: Veluza|50/100
|
|-heal|p2a: Veluza|57/100|[from] item: Leftovers
|upkeep
|turn|6
|
|t:|1776115498
|move|p1a: Samurott|Sucker Punch||[still]
|-fail|p1a: Samurott
|move|p2a: Veluza|Pain Split|p1a: Samurott
|-sethp|p1a: Samurott|83/100|[from] move: Pain Split|[silent]
|-sethp|p2a: Veluza|72/100|[from] move: Pain Split
|
|-heal|p2a: Veluza|78/100|[from] item: Leftovers
|upkeep
|turn|7
|
|t:|1776115511
|-terastallize|p2a: Veluza|Poison
|move|p2a: Veluza|Liquidation|p1a: Samurott
|-resisted|p1a: Samurott
|-damage|p1a: Samurott|45/100
|-damage|p2a: Veluza|62/100|[from] item: Rocky Helmet|[of] p1a: Samurott
|move|p1a: Samurott|Ceaseless Edge|p2a: Veluza
|-damage|p2a: Veluza|5/100
|-sidestart|p2: fat chuds inc.|Spikes
|
|-heal|p2a: Veluza|11/100|[from] item: Leftovers
|upkeep
|turn|8
|
|t:|1776115522
|move|p2a: Veluza|Pain Split|p1a: Samurott
|-sethp|p1a: Samurott|29/100|[from] move: Pain Split|[silent]
|-sethp|p2a: Veluza|25/100|[from] move: Pain Split
|move|p1a: Samurott|Ceaseless Edge|p2a: Veluza
|-damage|p2a: Veluza|0 fnt
|-sidestart|p2: fat chuds inc.|Spikes
|faint|p2a: Veluza
|
|upkeep
|
|t:|1776115529
|switch|p2a: Maushold|Maushold|100/100
|-damage|p2a: Maushold|84/100|[from] Spikes
|turn|9
|l|☆Teefryingpan
|inactive|Teefryingpan disconnected and has a minute to reconnect!
|player|p1|
|inactive|Teefryingpan has 30 seconds to reconnect!
|inactive|Teefryingpan has 20 seconds to reconnect!
|inactive|Teefryingpan has 15 seconds to reconnect!
|inactive|Teefryingpan has 10 seconds to reconnect!
|inactive|Teefryingpan has 5 seconds to reconnect!
|-message|Teefryingpan lost due to inactivity.
|
|win|fat chuds inc.
|raw|Teefryingpan's rating: 1681 &rarr; <strong>1658</strong><br />(-23 for losing)
|raw|fat chuds inc.'s rating: 1620 &rarr; <strong>1643</strong><br />(+23 for winning)
|l|☆fat chuds inc.
|player|p2|
|j|☆Teefryingpan
|player|p1|Teefryingpan|102|
