|html|<div class="broadcast-blue"><strong>[Gen 9] OU is currently suspecting Tera Blast! For information on how to participate check out the <a href="https://www.smogon.com/tools/suspects/view/200">suspect thread</a>.</strong></div>
|j|☆max4coast
|j|☆Discobr
|t:|1776113014
|gametype|singles
|player|p1|max4coast|guitarist|1067
|player|p2|Discobr|1|1000
|gen|9
|tier|[Gen 9] OU
|rated|
|rule|HP Percentage Mod: HP is shown in percentages
|rule|Endless Battle Clause: Forcing endless battles is banned
|rule|Species Clause: Limit one of each Pokémon
|rule|OHKO Clause: OHKO moves are banned
|rule|Evasion Items Clause: Evasion items are banned
|rule|Evasion Moves Clause: Evasion moves are banned
|rule|Evasion Abilities Clause: Evasion abilities are banned
|rule|Sleep Moves Clause: Sleep-inducing moves are banned
|clearpoke
|poke|p1|Salamence, M|
|poke|p1|Meowscarada, F|
|poke|p1|Sylveon, F|
|poke|p1|Rotom-Wash|
|poke|p1|Ceruledge, F|
|poke|p1|Bronzong|
|poke|p2|Glimmora, F|
|poke|p2|Gholdengo|
|poke|p2|Landorus-Therian, M|
|poke|p2|Samurott-Hisui, M|
|poke|p2|Rillaboom, F|
|poke|p2|Iron Valiant|
|teampreview
|
|t:|1776113022
|teamsize|p1|6
|teamsize|p2|6
|start
|switch|p1a: Salad|Salamence, M|100/100
|switch|p2a: Glimmora|Glimmora, F|100/100
|-ability|p1a: Salad|Intimidate|boost
|-unboost|p2a: Glimmora|atk|1
|turn|1
|
|t:|1776113033
|move|p2a: Glimmora|Stealth Rock|p1a: Salad
|-sidestart|p1: max4coast|move: Stealth Rock
|move|p1a: Salad|Tailwind|p1a: Salad
|-sidestart|p1: max4coast|move: Tailwind
|
|upkeep
|turn|2
|
|t:|1776113041
|move|p1a: Salad|Dragon Dance|p1a: Salad
|-boost|p1a: Salad|atk|1
|-boost|p1a: Salad|spe|1
|move|p2a: Glimmora|Gunk Shot|p1a: Salad|[miss]
|-miss|p2a: Glimmora|p1a: Salad
|
|upkeep
|turn|3
|
|t:|1776113056
|switch|p2a: Landorus|Landorus-Therian, M|100/100
|-ability|p2a: Landorus|Intimidate|boost
|-unboost|p1a: Salad|atk|1
|move|p1a: Salad|Dragon Dance|p1a: Salad
|-boost|p1a: Salad|atk|1
|-boost|p1a: Salad|spe|1
|
|upkeep
|turn|4
|
|t:|1776113074
|move|p1a: Salad|Aerial Ace|p2a: Landorus
|-crit|p2a: Landorus
|-damage|p2a: Landorus|14/100
|move|p2a: Landorus|Stone Edge|p1a: Salad
|-supereffective|p1a: Salad
|-damage|p1a: Salad|19/100
|
|-heal|p2a: Landorus|20/100|[from] item: Leftovers
|-sideend|p1: max4coast|move: Tailwind
|upkeep
|turn|5
|
|t:|1776113085
|move|p1a: Salad|Aerial Ace|p2a: Landorus
|-damage|p2a: Landorus|0 fnt
|faint|p2a: Landorus
|
|upkeep
|
|t:|1776113093
|switch|p2a: Samurott|Samurott-Hisui, M|100/100
|turn|6
|
|t:|1776113109
|switch|p1a: Maria|Meowscarada, F, shiny|100/100
|-damage|p1a: Maria|88/100|[from] Stealth Rock
|move|p2a: Samurott|Sucker Punch||[still]
|-fail|p2a: Samurott
|
|upkeep
|turn|7
|
|t:|1776113137
|switch|p2a: Iron Valiant|Iron Valiant|100/100
|-enditem|p2a: Iron Valiant|Booster Energy
|-activate|p2a: Iron Valiant|ability: Quark Drive|[fromitem]
|-start|p2a: Iron Valiant|quarkdrivespe
|move|p1a: Maria|Flower Trick|p2a: Iron Valiant
|-crit|p2a: Iron Valiant
|-damage|p2a: Iron Valiant|22/100
|
|upkeep
|turn|8
|
|t:|1776113164
|switch|p1a: Jade|Bronzong|100/100
|-damage|p1a: Jade|94/100|[from] Stealth Rock
|move|p2a: Iron Valiant|Moonblast|p1a: Jade
|-resisted|p1a: Jade
|-damage|p1a: Jade|75/100
|
|upkeep
|turn|9
|
|t:|1776113178
|move|p2a: Iron Valiant|Knock Off|p1a: Jade
|-supereffective|p1a: Jade
|-damage|p1a: Jade|40/100
|-enditem|p1a: Jade|Light Clay|[from] move: Knock Off|[of] p2a: Iron Valiant
|move|p1a: Jade|Stealth Rock|p2a: Iron Valiant
|-sidestart|p2: Discobr|move: Stealth Rock
|
|upkeep
|turn|10
|
|t:|1776113194
|switch|p1a: Céleste|Sylveon, F|100/100
|-damage|p1a: Céleste|88/100|[from] Stealth Rock
|move|p2a: Iron Valiant|Encore||[still]
|-fail|p2a: Iron Valiant
|
|-heal|p1a: Céleste|94/100|[from] item: Leftovers
|upkeep
|turn|11
|
|t:|1776113209
|-end|p2a: Iron Valiant|Quark Drive|[silent]
|switch|p2a: Gholdengo|Gholdengo|100/100
|move|p1a: Céleste|Wish|p1a: Céleste
|
|-heal|p1a: Céleste|100/100|[from] item: Leftovers
|upkeep
|turn|12
|
|t:|1776113234
|switch|p1a: Scoria|Ceruledge, F, shiny|100/100
|-damage|p1a: Scoria|76/100|[from] Stealth Rock
|move|p2a: Gholdengo|Nasty Plot|p2a: Gholdengo
|-boost|p2a: Gholdengo|spa|2
|
|-heal|p1a: Scoria|100/100|[from] move: Wish|[wisher] Céleste
|upkeep
|turn|13
|
|t:|1776113249
|-terastallize|p2a: Gholdengo|Normal
|move|p1a: Scoria|Bitter Blade|p2a: Gholdengo
|-damage|p2a: Gholdengo|52/100
|move|p2a: Gholdengo|Shadow Ball|p1a: Scoria
|-supereffective|p1a: Scoria
|-damage|p1a: Scoria|0 fnt
|faint|p1a: Scoria
|
|upkeep
|
|t:|1776113261
|switch|p1a: Maria|Meowscarada, F, shiny|88/100
|-damage|p1a: Maria|76/100|[from] Stealth Rock
|turn|14
|
|t:|1776113267
|move|p1a: Maria|Hone Claws|p1a: Maria
|-boost|p1a: Maria|atk|1
|-boost|p1a: Maria|accuracy|1
|move|p2a: Gholdengo|Recover|p2a: Gholdengo
|-heal|p2a: Gholdengo|100/100
|
|upkeep
|turn|15
|
|t:|1776113276
|move|p1a: Maria|Flower Trick|p2a: Gholdengo
|-crit|p2a: Gholdengo
|-damage|p2a: Gholdengo|6/100
|move|p2a: Gholdengo|Make It Rain|p1a: Maria
|-damage|p1a: Maria|0 fnt
|-unboost|p2a: Gholdengo|spa|1
|faint|p1a: Maria
|
|upkeep
|
|t:|1776113294
|switch|p1a: Céleste|Sylveon, F|100/100
|-damage|p1a: Céleste|88/100|[from] Stealth Rock
|turn|16
|
|t:|1776113299
|move|p2a: Gholdengo|Recover|p2a: Gholdengo
|-heal|p2a: Gholdengo|56/100
|move|p1a: Céleste|Wish|p1a: Céleste
|
|-heal|p1a: Céleste|94/100|[from] item: Leftovers
|upkeep
|turn|17
|
|t:|1776113314
|switch|p1a: Jade|Bronzong|40/100
|-damage|p1a: Jade|34/100|[from] Stealth Rock
|move|p2a: Gholdengo|Make It Rain|p1a: Jade
|-resisted|p1a: Jade
|-damage|p1a: Jade|0 fnt
|-unboost|p2a: Gholdengo|spa|1
|faint|p1a: Jade
|
|upkeep
|
|t:|1776113323
|switch|p1a: Salad|Salamence, M|19/100
|-ability|p1a: Salad|Intimidate|boost
|-unboost|p2a: Gholdengo|atk|1
|turn|18
|
|t:|1776113331
|move|p2a: Gholdengo|Recover|p2a: Gholdengo
|-heal|p2a: Gholdengo|100/100
|move|p1a: Salad|Earthquake|p2a: Gholdengo
|-crit|p2a: Gholdengo
|-damage|p2a: Gholdengo|38/100
|
|upkeep
|turn|19
|
|t:|1776113357
|move|p2a: Gholdengo|Make It Rain|p1a: Salad
|-damage|p1a: Salad|0 fnt
|-unboost|p2a: Gholdengo|spa|1
|faint|p1a: Salad
|
|upkeep
|
|t:|1776113363
|switch|p1a: Fork|Rotom-Wash|100/100
|-damage|p1a: Fork|88/100|[from] Stealth Rock
|turn|20
|
|t:|1776113371
|move|p2a: Gholdengo|Recover|p2a: Gholdengo
|-heal|p2a: Gholdengo|88/100
|move|p1a: Fork|Will-O-Wisp|p2a: Gholdengo
|-immune|p2a: Gholdengo|[from] ability: Good as Gold
|
|upkeep
|turn|21
|
|t:|1776113381
|move|p2a: Gholdengo|Nasty Plot|p2a: Gholdengo
|-boost|p2a: Gholdengo|spa|2
|move|p1a: Fork|Hydro Pump|p2a: Gholdengo
|-damage|p2a: Gholdengo|41/100
|
|upkeep
|turn|22
|
|t:|1776113390
|move|p2a: Gholdengo|Recover|p2a: Gholdengo
|-heal|p2a: Gholdengo|91/100
|move|p1a: Fork|Hydro Pump|p2a: Gholdengo|[miss]
|-miss|p1a: Fork|p2a: Gholdengo
|
|upkeep
|turn|23
|
|t:|1776113396
|move|p2a: Gholdengo|Shadow Ball|p1a: Fork
|-damage|p1a: Fork|36/100
|-unboost|p1a: Fork|spd|1
|-enditem|p1a: Fork|Sitrus Berry|[eat]
|-heal|p1a: Fork|61/100|[from] item: Sitrus Berry
|move|p1a: Fork|Hydro Pump|p2a: Gholdengo
|-damage|p2a: Gholdengo|42/100
|
|upkeep
|turn|24
|
|t:|1776113406
|move|p2a: Gholdengo|Recover|p2a: Gholdengo
|-heal|p2a: Gholdengo|92/100
|move|p1a: Fork|Will-O-Wisp|p2a: Gholdengo
|-immune|p2a: Gholdengo|[from] ability: Good as Gold
|
|upkeep
|turn|25
|c|☆max4coast|im so dumbdfsjivn
|
|t:|1776113423
|move|p2a: Gholdengo|Nasty Plot|p2a: Gholdengo
|-boost|p2a: Gholdengo|spa|2
|move|p1a: Fork|Hydro Pump|p2a: Gholdengo
|-damage|p2a: Gholdengo|48/100
|
|upkeep
|turn|26
|
|t:|1776113431
|move|p2a: Gholdengo|Shadow Ball|p1a: Fork
|-damage|p1a: Fork|0 fnt
|faint|p1a: Fork
|
|upkeep
|
|t:|1776113435
|switch|p1a: Céleste|Sylveon, F|94/100
|-damage|p1a: Céleste|82/100|[from] Stealth Rock
|turn|27
|
|t:|1776113441
|move|p2a: Gholdengo|Make It Rain|p1a: Céleste
|-supereffective|p1a: Céleste
|-damage|p1a: Céleste|0 fnt
|-unboost|p2a: Gholdengo|spa|1
|faint|p1a: Céleste
|
|win|Discobr
|raw|max4coast's rating: 1067 &rarr; <strong>1043</strong><br />(-24 for losing)
|raw|Discobr's rating: 1000 &rarr; <strong>1048</strong><br />(+48 for winning)
|l|☆max4coast
|player|p1|
