|html|<div class="broadcast-blue"><strong>[Gen 9] OU is currently suspecting Tera Blast! For information on how to participate check out the <a href="https://www.smogon.com/tools/suspects/view/200">suspect thread</a>.</strong></div>
|j|☆luispaja
|j|☆enigma96
|t:|1776055257
|gametype|singles
|player|p1|luispaja|dancer|1218
|player|p2|enigma96|jogger|1166
|gen|9
|tier|[Gen 9] OU
|rated|
|rule|HP Percentage Mod: HP is shown in percentages
|rule|Endless Battle Clause: Forcing endless battles is banned
|rule|Species Clause: Limit one of each Pokémon
|rule|OHKO Clause: OHKO moves are banned
|rule|Evasion Items Clause: Evasion items are banned
|rule|Evasion Moves Clause: Evasion moves are banned
|rule|Evasion Abilities Clause: Evasion abilities are banned
|rule|Sleep Moves Clause: Sleep-inducing moves are banned
|clearpoke
|poke|p1|Iron Hands|
|poke|p1|Arcanine-Hisui, M|
|poke|p1|Iron Valiant|
|poke|p1|Ogerpon-Wellspring, F|
|poke|p1|Corviknight, F|
|poke|p1|Sandy Shocks|
|poke|p2|Incineroar, M|
|poke|p2|Meowscarada, M|
|poke|p2|Luxray, M|
|poke|p2|Espeon, M|
|poke|p2|Pyroar, M|
|poke|p2|Persian-Alola, M|
|teampreview
|inactive|Battle timer is ON: inactive players will automatically lose when time's up. (requested by luispaja)
|
|t:|1776055281
|teamsize|p1|6
|teamsize|p2|6
|start
|switch|p1a: Sandy Shocks|Sandy Shocks|100/100
|switch|p2a: Meowscarada|Meowscarada, M, shiny|100/100
|turn|1
|
|t:|1776055291
|-end|p1a: Sandy Shocks|Protosynthesis|[silent]
|switch|p1a: Arcanine|Arcanine-Hisui, M|100/100
|-ability|p1a: Arcanine|Intimidate|boost
|-unboost|p2a: Meowscarada|atk|1
|move|p2a: Meowscarada|U-turn|p1a: Arcanine
|-start|p2a: Meowscarada|typechange|Bug|[from] ability: Protean
|-resisted|p1a: Arcanine
|-damage|p1a: Arcanine|87/100
|inactive|enigma96 has 120 seconds left.
|
|t:|1776055336
|switch|p2a: Espeon|Espeon, M|100/100|[from] U-turn
|
|upkeep
|turn|2
|
|t:|1776055348
|move|p2a: Espeon|Psychic|p1a: Arcanine
|-damage|p1a: Arcanine|0 fnt
|faint|p1a: Arcanine
|
|upkeep
|
|t:|1776055357
|switch|p1a: Ogerpon|Ogerpon-Wellspring, F|100/100
|turn|3
|inactive|enigma96 has 120 seconds left.
|
|t:|1776055387
|switch|p2a: Persian|Persian-Alola, M, shiny|100/100
|move|p1a: Ogerpon|Trailblaze|p2a: Persian
|-damage|p2a: Persian|71/100
|-boost|p1a: Ogerpon|spe|1
|-damage|p1a: Ogerpon|84/100|[from] item: Rocky Helmet|[of] p2a: Persian
|
|upkeep
|turn|4
|
|t:|1776055399
|move|p1a: Ogerpon|Ivy Cudgel|p2a: Persian|[anim] Ivy Cudgel Water
|-crit|p2a: Persian
|-damage|p2a: Persian|0 fnt
|faint|p2a: Persian
|
|upkeep
|inactive|enigma96 has 90 seconds left.
|
|t:|1776055433
|switch|p2a: Meowscarada|Meowscarada, M, shiny|100/100
|turn|5
|
|t:|1776055453
|switch|p1a: Corviknight|Corviknight, F|100/100
|move|p2a: Meowscarada|U-turn|p1a: Corviknight
|-start|p2a: Meowscarada|typechange|Bug|[from] ability: Protean
|-resisted|p1a: Corviknight
|-damage|p1a: Corviknight|94/100
|-damage|p2a: Meowscarada|84/100|[from] item: Rocky Helmet|[of] p1a: Corviknight
|inactive|enigma96 has 60 seconds left.
|
|t:|1776055473
|switch|p2a: Pyroar|Pyroar, M|100/100|[from] U-turn
|-ability|p2a: Pyroar|Unnerve
|
|upkeep
|turn|6
|
|t:|1776055488
|switch|p2a: Meowscarada|Meowscarada, M, shiny|84/100
|switch|p1a: Sandy Shocks|Sandy Shocks|100/100
|
|upkeep
|turn|7
|
|t:|1776055499
|-end|p1a: Sandy Shocks|Protosynthesis|[silent]
|switch|p1a: Corviknight|Corviknight, F|94/100
|move|p2a: Meowscarada|Triple Axel|p1a: Corviknight
|-start|p2a: Meowscarada|typechange|Ice|[from] ability: Protean
|-damage|p1a: Corviknight|86/100
|-damage|p2a: Meowscarada|68/100|[from] item: Rocky Helmet|[of] p1a: Corviknight
|-damage|p1a: Corviknight|72/100
|-damage|p2a: Meowscarada|51/100|[from] item: Rocky Helmet|[of] p1a: Corviknight
|-damage|p1a: Corviknight|51/100
|-damage|p2a: Meowscarada|35/100|[from] item: Rocky Helmet|[of] p1a: Corviknight
|-hitcount|p1a: Corviknight|3
|
|upkeep
|turn|8
|
|t:|1776055516
|switch|p2a: Pyroar|Pyroar, M|100/100
|-ability|p2a: Pyroar|Unnerve
|move|p1a: Corviknight|Roost|p1a: Corviknight
|-heal|p1a: Corviknight|100/100
|-singleturn|p1a: Corviknight|move: Roost
|
|upkeep
|turn|9
|
|t:|1776055538
|switch|p1a: Iron Valiant|Iron Valiant|100/100
|-enditem|p1a: Iron Valiant|Booster Energy
|-activate|p1a: Iron Valiant|ability: Quark Drive|[fromitem]
|-start|p1a: Iron Valiant|quarkdrivespe
|move|p2a: Pyroar|Flamethrower|p1a: Iron Valiant
|-damage|p1a: Iron Valiant|25/100
|
|upkeep
|turn|10
|
|t:|1776055547
|move|p1a: Iron Valiant|Aura Sphere|p2a: Pyroar
|-supereffective|p2a: Pyroar
|-damage|p2a: Pyroar|16/100
|move|p2a: Pyroar|Flamethrower|p1a: Iron Valiant
|-damage|p1a: Iron Valiant|0 fnt
|faint|p1a: Iron Valiant
|-end|p1a: Iron Valiant|Quark Drive|[silent]
|
|upkeep
|
|t:|1776055558
|switch|p1a: Ogerpon|Ogerpon-Wellspring, F|84/100
|turn|11
|inactive|enigma96 has 30 seconds left.
|inactive|enigma96 has 20 seconds left.
|
|t:|1776055595
|move|p2a: Pyroar|Flamethrower|p1a: Ogerpon
|-damage|p1a: Ogerpon|32/100
|move|p1a: Ogerpon|Trailblaze|p2a: Pyroar
|-resisted|p2a: Pyroar
|-damage|p2a: Pyroar|0 fnt
|-boost|p1a: Ogerpon|spe|1
|faint|p2a: Pyroar
|
|upkeep
|inactive|enigma96 has 25 seconds left this turn.
|inactive|enigma96 has 20 seconds left.
|
|t:|1776055604
|switch|p2a: Meowscarada|Meowscarada, M, shiny|35/100
|turn|12
|inactive|enigma96 has 30 seconds left this turn.
|
|t:|1776055608
|switch|p2a: Luxray|Luxray, M|100/100
|move|p1a: Ogerpon|Ivy Cudgel|p2a: Luxray|[anim] Ivy Cudgel Water
|-damage|p2a: Luxray|12/100
|
|-status|p2a: Luxray|brn|[from] item: Flame Orb
|upkeep
|turn|13
|inactive|enigma96 has 30 seconds left.
|
|t:|1776055623
|move|p1a: Ogerpon|Trailblaze|p2a: Luxray
|-damage|p2a: Luxray|0 fnt
|-boost|p1a: Ogerpon|spe|1
|faint|p2a: Luxray
|
|upkeep
|inactive|enigma96 has 30 seconds left this turn.
|
|t:|1776055630
|switch|p2a: Meowscarada|Meowscarada, M, shiny|35/100
|turn|14
|
|t:|1776055634
|move|p1a: Ogerpon|Ivy Cudgel|p2a: Meowscarada|[anim] Ivy Cudgel Water
|-resisted|p2a: Meowscarada
|-damage|p2a: Meowscarada|0 fnt
|faint|p2a: Meowscarada
|
|upkeep
|
|t:|1776055640
|switch|p2a: Incineroar|Incineroar, M, shiny|100/100
|-ability|p2a: Incineroar|Intimidate|boost
|-unboost|p1a: Ogerpon|atk|1
|turn|15
|
|t:|1776055649
|move|p1a: Ogerpon|Ivy Cudgel|p2a: Incineroar|[anim] Ivy Cudgel Water
|-supereffective|p2a: Incineroar
|-damage|p2a: Incineroar|8/100
|move|p2a: Incineroar|Drain Punch|p1a: Ogerpon
|-damage|p1a: Ogerpon|0 fnt
|-heal|p2a: Incineroar|23/100|[from] drain|[of] p1a: Ogerpon
|faint|p1a: Ogerpon
|
|upkeep
|
|t:|1776055658
|switch|p1a: Sandy Shocks|Sandy Shocks|100/100
|turn|16
|inactive|enigma96 has 30 seconds left.
|
|t:|1776055687
|move|p1a: Sandy Shocks|Earth Power|p2a: Incineroar
|-supereffective|p2a: Incineroar
|-damage|p2a: Incineroar|0 fnt
|faint|p2a: Incineroar
|
|upkeep
|inactive|enigma96 has 30 seconds left.
|
|t:|1776055702
|switch|p2a: Espeon|Espeon, M|100/100
|turn|17
|inactive|enigma96 has 30 seconds left.
|
|t:|1776055712
|-terastallize|p1a: Sandy Shocks|Steel
|move|p2a: Espeon|Psychic|p1a: Sandy Shocks
|-resisted|p1a: Sandy Shocks
|-damage|p1a: Sandy Shocks|53/100
|move|p1a: Sandy Shocks|Flash Cannon|p2a: Espeon
|-damage|p2a: Espeon|47/100
|
|upkeep
|turn|18
|
|t:|1776055721
|move|p2a: Espeon|Psychic|p1a: Sandy Shocks
|-resisted|p1a: Sandy Shocks
|-damage|p1a: Sandy Shocks|6/100
|move|p1a: Sandy Shocks|Flash Cannon|p2a: Espeon
|-damage|p2a: Espeon|0 fnt
|faint|p2a: Espeon
|
|win|luispaja
|raw|luispaja's rating: 1218 &rarr; <strong>1239</strong><br />(+21 for winning)
|raw|enigma96's rating: 1166 &rarr; <strong>1145</strong><br />(-21 for losing)
|l|☆luispaja
|player|p1|
|l|☆enigma96
|player|p2|
