|html|<div class="broadcast-blue"><strong>[Gen 9] OU is currently suspecting Tera Blast! For information on how to participate check out the <a href="https://www.smogon.com/tools/suspects/view/200">suspect thread</a>.</strong></div>
|j|☆Igoodnamename
|j|☆Alx12
|t:|1776096616
|gametype|singles
|player|p1|Igoodnamename|170|1737
|player|p2|Alx12|skier|1726
|gen|9
|tier|[Gen 9] OU
|rated|
|rule|HP Percentage Mod: HP is shown in percentages
|rule|Endless Battle Clause: Forcing endless battles is banned
|rule|Species Clause: Limit one of each Pokémon
|rule|OHKO Clause: OHKO moves are banned
|rule|Evasion Items Clause: Evasion items are banned
|rule|Evasion Moves Clause: Evasion moves are banned
|rule|Evasion Abilities Clause: Evasion abilities are banned
|rule|Sleep Moves Clause: Sleep-inducing moves are banned
|clearpoke
|poke|p1|Glimmora, M|
|poke|p1|Regidrago|
|poke|p1|Darkrai|
|poke|p1|Ogerpon-Wellspring, F|
|poke|p1|Dragapult, F|
|poke|p1|Zamazenta-*|
|poke|p2|Iron Crown|
|poke|p2|Deoxys-Speed|
|poke|p2|Ting-Lu|
|poke|p2|Pecharunt|
|poke|p2|Iron Valiant|
|poke|p2|Dragonite, M|
|teampreview
|
|t:|1776096628
|teamsize|p1|6
|teamsize|p2|6
|start
|switch|p1a: Dragapult|Dragapult, F|100/100
|switch|p2a: Deoxys|Deoxys-Speed|100/100
|-ability|p2a: Deoxys|Pressure
|turn|1
|
|t:|1776096641
|move|p2a: Deoxys|Knock Off|p1a: Dragapult
|-supereffective|p1a: Dragapult
|-damage|p1a: Dragapult|0 fnt
|-enditem|p1a: Dragapult|Choice Specs|[from] move: Knock Off|[of] p2a: Deoxys
|faint|p1a: Dragapult
|-damage|p2a: Deoxys|91/100|[from] item: Life Orb
|
|upkeep
|
|t:|1776096645
|switch|p1a: Ogerpon|Ogerpon-Wellspring, F|100/100
|turn|2
|
|t:|1776096648
|move|p2a: Deoxys|Poison Jab|p1a: Ogerpon
|-supereffective|p1a: Ogerpon
|-damage|p1a: Ogerpon|19/100
|-damage|p2a: Deoxys|81/100|[from] item: Life Orb
|move|p1a: Ogerpon|Knock Off|p2a: Deoxys
|-supereffective|p2a: Deoxys
|-crit|p2a: Deoxys
|-damage|p2a: Deoxys|0 fnt
|-enditem|p2a: Deoxys|Life Orb|[from] move: Knock Off|[of] p1a: Ogerpon
|faint|p2a: Deoxys
|
|upkeep
|
|t:|1776096671
|switch|p2a: Dragonite|Dragonite, M|100/100
|turn|3
|
|t:|1776096675
|switch|p1a: Zamazenta|Zamazenta|100/100
|-ability|p1a: Zamazenta|Dauntless Shield|boost
|-boost|p1a: Zamazenta|def|1
|move|p2a: Dragonite|Extreme Speed|p1a: Zamazenta
|-damage|p1a: Zamazenta|86/100
|
|-heal|p1a: Zamazenta|92/100|[from] item: Leftovers
|upkeep
|turn|4
|
|t:|1776096678
|switch|p2a: Pecharunt|Pecharunt|100/100
|move|p1a: Zamazenta|Crunch|p2a: Pecharunt
|-supereffective|p2a: Pecharunt
|-damage|p2a: Pecharunt|75/100
|-unboost|p2a: Pecharunt|def|1
|
|-heal|p1a: Zamazenta|98/100|[from] item: Leftovers
|upkeep
|turn|5
|
|t:|1776096683
|switch|p1a: Glimmora|Glimmora, M|100/100
|switch|p2a: Ting-Lu|Ting-Lu|100/100
|-ability|p2a: Ting-Lu|Vessel of Ruin
|
|upkeep
|turn|6
|
|t:|1776096701
|-terastallize|p1a: Glimmora|Ghost
|move|p1a: Glimmora|Mortal Spin|p2a: Ting-Lu
|-resisted|p2a: Ting-Lu
|-damage|p2a: Ting-Lu|99/100
|-status|p2a: Ting-Lu|psn
|-damage|p1a: Glimmora|84/100|[from] item: Rocky Helmet|[of] p2a: Ting-Lu
|move|p2a: Ting-Lu|Spikes|p1a: Glimmora
|-sidestart|p1: Igoodnamename|Spikes
|
|-damage|p2a: Ting-Lu|86/100 psn|[from] psn
|upkeep
|turn|7
|
|t:|1776096708
|switch|p2a: Iron Crown|Iron Crown|100/100
|move|p1a: Glimmora|Stealth Rock|p2a: Iron Crown
|-sidestart|p2: Alx12|move: Stealth Rock
|
|upkeep
|turn|8
|
|t:|1776096715
|move|p2a: Iron Crown|Tachyon Cutter|p1a: Glimmora
|-damage|p1a: Glimmora|37/100
|-damage|p1a: Glimmora|0 fnt
|faint|p1a: Glimmora
|-hitcount|p1: Glimmora|2
|
|upkeep
|
|t:|1776096718
|switch|p1a: Darkrai|Darkrai|100/100
|-damage|p1a: Darkrai|88/100|[from] Spikes
|turn|9
|
|t:|1776096721
|move|p1a: Darkrai|Dark Pulse|p2a: Iron Crown
|-supereffective|p2a: Iron Crown
|-damage|p2a: Iron Crown|0 fnt
|faint|p2a: Iron Crown
|-end|p2a: Iron Crown|Quark Drive|[silent]
|
|upkeep
|
|t:|1776096736
|switch|p2a: Ting-Lu|Ting-Lu|86/100 psn
|-damage|p2a: Ting-Lu|80/100 psn|[from] Stealth Rock
|-ability|p2a: Ting-Lu|Vessel of Ruin
|turn|10
|
|t:|1776096740
|move|p1a: Darkrai|Nasty Plot|p1a: Darkrai
|-boost|p1a: Darkrai|spa|2
|move|p2a: Ting-Lu|Stealth Rock|p1a: Darkrai
|-sidestart|p1: Igoodnamename|move: Stealth Rock
|
|-damage|p2a: Ting-Lu|68/100 psn|[from] psn
|upkeep
|turn|11
|
|t:|1776096743
|move|p1a: Darkrai|Ice Beam|p2a: Ting-Lu
|-supereffective|p2a: Ting-Lu
|-damage|p2a: Ting-Lu|4/100 psn
|move|p2a: Ting-Lu|Whirlwind|p1a: Darkrai
|drag|p1a: Zamazenta|Zamazenta|98/100
|-damage|p1a: Zamazenta|86/100|[from] Spikes
|-damage|p1a: Zamazenta|79/100|[from] Stealth Rock
|
|-heal|p1a: Zamazenta|86/100|[from] item: Leftovers
|-damage|p2a: Ting-Lu|0 fnt|[from] psn
|faint|p2a: Ting-Lu
|upkeep
|
|t:|1776096747
|switch|p2a: Pecharunt|Pecharunt|75/100
|turn|12
|
|t:|1776096752
|switch|p1a: Darkrai|Darkrai|88/100
|-damage|p1a: Darkrai|76/100|[from] Spikes
|-damage|p1a: Darkrai|63/100|[from] Stealth Rock
|move|p2a: Pecharunt|Malignant Chain|p1a: Darkrai
|-damage|p1a: Darkrai|23/100
|-status|p1a: Darkrai|tox
|-start|p1a: Darkrai|confusion|[from] ability: Poison Puppeteer|[of] p2a: Pecharunt
|
|-damage|p1a: Darkrai|17/100 tox|[from] psn
|upkeep
|turn|13
|
|t:|1776096769
|switch|p2a: Dragonite|Dragonite, M|100/100
|-activate|p1a: Darkrai|confusion
|-damage|p1a: Darkrai|6/100 tox|[from] confusion
|
|-damage|p1a: Darkrai|0 fnt|[from] psn
|faint|p1a: Darkrai
|upkeep
|
|t:|1776096778
|switch|p1a: Regidrago|Regidrago|100/100
|-damage|p1a: Regidrago|88/100|[from] Spikes
|-damage|p1a: Regidrago|76/100|[from] Stealth Rock
|turn|14
|
|t:|1776096789
|move|p2a: Dragonite|Extreme Speed|p1a: Regidrago
|-crit|p1a: Regidrago
|-damage|p1a: Regidrago|25/100
|move|p1a: Regidrago|Explosion|p2a: Dragonite
|-damage|p2a: Dragonite|52/100
|faint|p1a: Regidrago
|
|upkeep
|
|t:|1776096800
|switch|p1a: Zamazenta|Zamazenta|86/100
|-damage|p1a: Zamazenta|73/100|[from] Spikes
|-damage|p1a: Zamazenta|67/100|[from] Stealth Rock
|turn|15
|
|t:|1776096806
|move|p1a: Zamazenta|Crunch|p2a: Dragonite
|-damage|p2a: Dragonite|31/100
|-unboost|p2a: Dragonite|def|1
|move|p2a: Dragonite|Dragon Dance|p2a: Dragonite
|-boost|p2a: Dragonite|atk|1
|-boost|p2a: Dragonite|spe|1
|
|-heal|p1a: Zamazenta|73/100|[from] item: Leftovers
|upkeep
|turn|16
|
|t:|1776096811
|move|p1a: Zamazenta|Crunch|p2a: Dragonite
|-damage|p2a: Dragonite|0 fnt
|faint|p2a: Dragonite
|
|-heal|p1a: Zamazenta|79/100|[from] item: Leftovers
|upkeep
|
|t:|1776096816
|switch|p2a: Iron Valiant|Iron Valiant|100/100
|-damage|p2a: Iron Valiant|94/100|[from] Stealth Rock
|-enditem|p2a: Iron Valiant|Booster Energy
|-activate|p2a: Iron Valiant|ability: Quark Drive|[fromitem]
|-start|p2a: Iron Valiant|quarkdrivespe
|turn|17
|
|t:|1776096822
|move|p2a: Iron Valiant|Moonblast|p1a: Zamazenta
|-supereffective|p1a: Zamazenta
|-damage|p1a: Zamazenta|2/100
|-unboost|p1a: Zamazenta|spa|1
|move|p1a: Zamazenta|Roar|p2a: Iron Valiant
|-end|p2a: Iron Valiant|Quark Drive|[silent]
|drag|p2a: Pecharunt|Pecharunt|75/100
|
|-heal|p1a: Zamazenta|8/100|[from] item: Leftovers
|upkeep
|turn|18
|
|t:|1776096826
|move|p1a: Zamazenta|Crunch|p2a: Pecharunt
|-supereffective|p2a: Pecharunt
|-damage|p2a: Pecharunt|51/100
|move|p2a: Pecharunt|Shadow Ball|p1a: Zamazenta
|-damage|p1a: Zamazenta|0 fnt
|faint|p1a: Zamazenta
|
|upkeep
|
|t:|1776096829
|switch|p1a: Ogerpon|Ogerpon-Wellspring, F|19/100
|-damage|p1a: Ogerpon|7/100|[from] Spikes
|-damage|p1a: Ogerpon|0 fnt|[from] Stealth Rock
|faint|p1a: Ogerpon
|
|win|Alx12
|raw|Igoodnamename's rating: 1737 &rarr; <strong>1716</strong><br />(-21 for losing)
|raw|Alx12's rating: 1726 &rarr; <strong>1747</strong><br />(+21 for winning)
|l|☆Igoodnamename
|player|p1|
|l|☆Alx12
|player|p2|
