|html|<div class="broadcast-blue"><strong>[Gen 9] OU is currently suspecting Tera Blast! For information on how to participate check out the <a href="https://www.smogon.com/tools/suspects/view/200">suspect thread</a>.</strong></div>
|j|☆xxcrosbyxx
|j|☆LightAstro
|t:|1776042207
|gametype|singles
|player|p1|xxcrosbyxx|1|1170
|player|p2|LightAstro|preschoolerf|1169
|gen|9
|tier|[Gen 9] OU
|rated|
|rule|HP Percentage Mod: HP is shown in percentages
|rule|Endless Battle Clause: Forcing endless battles is banned
|rule|Species Clause: Limit one of each Pokémon
|rule|OHKO Clause: OHKO moves are banned
|rule|Evasion Items Clause: Evasion items are banned
|rule|Evasion Moves Clause: Evasion moves are banned
|rule|Evasion Abilities Clause: Evasion abilities are banned
|rule|Sleep Moves Clause: Sleep-inducing moves are banned
|clearpoke
|poke|p1|Torkoal, F|
|poke|p1|Walking Wake|
|poke|p1|Kingambit, M|
|poke|p1|Zapdos|
|poke|p1|Slither Wing|
|poke|p1|Alomomola, F|
|poke|p2|Blaziken, M|
|poke|p2|Swampert, M|
|poke|p2|Metagross|
|poke|p2|Eelektross, F|
|poke|p2|Serperior, F|
|poke|p2|Salamence, M|
|teampreview
|inactive|Battle timer is ON: inactive players will automatically lose when time's up. (requested by xxcrosbyxx)
|
|t:|1776042211
|teamsize|p1|6
|teamsize|p2|6
|start
|switch|p1a: Zapdos|Zapdos|100/100
|switch|p2a: Eelektross|Eelektross, F|100/100
|turn|1
|
|t:|1776042219
|move|p1a: Zapdos|Volt Switch|p2a: Eelektross
|-resisted|p2a: Eelektross
|-damage|p2a: Eelektross|84/100
|
|t:|1776042225
|switch|p1a: Torkoal|Torkoal, F|100/100|[from] Volt Switch
|-weather|SunnyDay|[from] ability: Drought|[of] p1a: Torkoal
|move|p2a: Eelektross|Knock Off|p1a: Torkoal
|-damage|p1a: Torkoal|74/100
|-enditem|p1a: Torkoal|Heat Rock|[from] move: Knock Off|[of] p2a: Eelektross
|-damage|p2a: Eelektross|74/100|[from] item: Life Orb
|
|-weather|SunnyDay|[upkeep]
|upkeep
|turn|2
|
|t:|1776042239
|switch|p1a: Slither Wing|Slither Wing|100/100
|-activate|p1a: Slither Wing|ability: Protosynthesis
|-start|p1a: Slither Wing|protosynthesisatk
|move|p2a: Eelektross|Liquidation|p1a: Slither Wing
|-damage|p1a: Slither Wing|74/100
|-damage|p2a: Eelektross|64/100|[from] item: Life Orb
|
|-weather|SunnyDay|[upkeep]
|upkeep
|turn|3
|
|t:|1776042249
|move|p1a: Slither Wing|Earthquake|p2a: Eelektross
|-immune|p2a: Eelektross|[from] ability: Levitate
|move|p2a: Eelektross|Fire Punch|p1a: Slither Wing
|-supereffective|p1a: Slither Wing
|-damage|p1a: Slither Wing|0 fnt
|faint|p1a: Slither Wing
|-end|p1a: Slither Wing|Protosynthesis|[silent]
|-damage|p2a: Eelektross|54/100|[from] item: Life Orb
|
|-weather|SunnyDay|[upkeep]
|upkeep
|
|t:|1776042259
|switch|p1a: Walking Wake|Walking Wake|100/100
|-activate|p1a: Walking Wake|ability: Protosynthesis
|-start|p1a: Walking Wake|protosynthesisspe
|turn|4
|
|t:|1776042266
|move|p1a: Walking Wake|Hydro Steam|p2a: Eelektross
|-damage|p2a: Eelektross|0 fnt
|faint|p2a: Eelektross
|
|-weather|SunnyDay|[upkeep]
|upkeep
|
|t:|1776042282
|switch|p2a: Serperior|Serperior, F|100/100
|turn|5
|
|t:|1776042291
|move|p1a: Walking Wake|Flamethrower|p2a: Serperior
|-supereffective|p2a: Serperior
|-crit|p2a: Serperior
|-damage|p2a: Serperior|0 fnt
|faint|p2a: Serperior
|
|-weather|SunnyDay|[upkeep]
|upkeep
|
|t:|1776042308
|switch|p2a: Swampert|Swampert, M|100/100
|turn|6
|
|t:|1776042324
|move|p1a: Walking Wake|Hydro Steam|p2a: Swampert
|-crit|p2a: Swampert
|-damage|p2a: Swampert|15/100
|move|p2a: Swampert|Stealth Rock|p1a: Walking Wake
|-sidestart|p1: xxcrosbyxx|move: Stealth Rock
|
|-weather|SunnyDay|[upkeep]
|-heal|p2a: Swampert|21/100|[from] item: Leftovers
|upkeep
|turn|7
|
|t:|1776042345
|move|p1a: Walking Wake|Hydro Steam|p2a: Swampert
|-damage|p2a: Swampert|0 fnt
|faint|p2a: Swampert
|
|-weather|SunnyDay|[upkeep]
|upkeep
|inactive|LightAstro has 120 seconds left.
|
|t:|1776042361
|switch|p2a: Salamence|Salamence, M|100/100
|-ability|p2a: Salamence|Intimidate|boost
|-unboost|p1a: Walking Wake|atk|1
|turn|8
|inactive|LightAstro has 120 seconds left.
|
|t:|1776042383
|-terastallize|p2a: Salamence|Flying
|move|p1a: Walking Wake|Draco Meteor|p2a: Salamence
|-damage|p2a: Salamence|24/100
|-unboost|p1a: Walking Wake|spa|2
|move|p2a: Salamence|Dragon Dance|p2a: Salamence
|-boost|p2a: Salamence|atk|1
|-boost|p2a: Salamence|spe|1
|
|-weather|none
|-end|p1a: Walking Wake|Protosynthesis
|upkeep
|turn|9
|
|t:|1776042396
|-end|p1a: Walking Wake|Protosynthesis|[silent]
|switch|p1a: Alomomola|Alomomola, F|100/100
|-damage|p1a: Alomomola|88/100|[from] Stealth Rock
|move|p2a: Salamence|Outrage|p1a: Alomomola
|-damage|p1a: Alomomola|19/100
|-damage|p2a: Salamence|8/100|[from] item: Rocky Helmet|[of] p1a: Alomomola
|-damage|p2a: Salamence|0 fnt|[from] item: Life Orb
|faint|p2a: Salamence
|
|upkeep
|
|t:|1776042415
|switch|p2a: Metagross|Metagross, shiny|100/100
|-item|p2a: Metagross|Air Balloon
|turn|10
|
|t:|1776042430
|switch|p1a: Zapdos|Zapdos|100/100
|move|p2a: Metagross|Meteor Mash|p1a: Zapdos
|-resisted|p1a: Zapdos
|-crit|p1a: Zapdos
|-damage|p1a: Zapdos|77/100
|
|upkeep
|turn|11
|
|t:|1776042443
|move|p2a: Metagross|Meteor Mash|p1a: Zapdos
|-resisted|p1a: Zapdos
|-damage|p1a: Zapdos|60/100
|-boost|p2a: Metagross|atk|1
|-status|p2a: Metagross|par|[from] ability: Static|[of] p1a: Zapdos
|move|p1a: Zapdos|Thunder Wave|p2a: Metagross|[miss]
|-miss|p1a: Zapdos|p2a: Metagross
|
|upkeep
|turn|12
|
|t:|1776042454
|move|p1a: Zapdos|Hurricane|p2a: Metagross|[miss]
|-miss|p1a: Zapdos|p2a: Metagross
|move|p2a: Metagross|Meteor Mash|p1a: Zapdos
|-resisted|p1a: Zapdos
|-damage|p1a: Zapdos|33/100
|
|upkeep
|turn|13
|
|t:|1776042461
|move|p1a: Zapdos|Roost|p1a: Zapdos
|-heal|p1a: Zapdos|83/100
|-singleturn|p1a: Zapdos|move: Roost
|move|p2a: Metagross|Meteor Mash|p1a: Zapdos
|-resisted|p1a: Zapdos
|-damage|p1a: Zapdos|59/100
|
|upkeep
|turn|14
|
|t:|1776042471
|move|p1a: Zapdos|Hurricane|p2a: Metagross|[miss]
|-miss|p1a: Zapdos|p2a: Metagross
|move|p2a: Metagross|Meteor Mash|p1a: Zapdos
|-resisted|p1a: Zapdos
|-damage|p1a: Zapdos|32/100
|
|upkeep
|turn|15
|
|t:|1776042478
|move|p1a: Zapdos|Roost|p1a: Zapdos
|-heal|p1a: Zapdos|82/100
|-singleturn|p1a: Zapdos|move: Roost
|move|p2a: Metagross|Meteor Mash|p1a: Zapdos
|-resisted|p1a: Zapdos
|-damage|p1a: Zapdos|57/100
|
|upkeep
|turn|16
|inactive|LightAstro has 120 seconds left.
|
|t:|1776042486
|move|p1a: Zapdos|Hurricane|p2a: Metagross
|-resisted|p2a: Metagross
|-damage|p2a: Metagross|75/100 par
|-enditem|p2a: Metagross|Air Balloon
|move|p2a: Metagross|Meteor Mash|p1a: Zapdos
|-resisted|p1a: Zapdos
|-damage|p1a: Zapdos|31/100
|
|upkeep
|turn|17
|inactive|LightAstro has 120 seconds left.
|
|t:|1776042496
|move|p1a: Zapdos|Roost|p1a: Zapdos
|-heal|p1a: Zapdos|81/100
|-singleturn|p1a: Zapdos|move: Roost
|move|p2a: Metagross|Meteor Mash|p1a: Zapdos
|-resisted|p1a: Zapdos
|-damage|p1a: Zapdos|56/100
|
|upkeep
|turn|18
|inactive|LightAstro has 120 seconds left.
|
|t:|1776042507
|move|p1a: Zapdos|Hurricane|p2a: Metagross
|-resisted|p2a: Metagross
|-damage|p2a: Metagross|46/100 par
|cant|p2a: Metagross|par
|
|upkeep
|turn|19
|
|t:|1776042514
|move|p1a: Zapdos|Hurricane|p2a: Metagross
|-resisted|p2a: Metagross
|-damage|p2a: Metagross|20/100 par
|move|p2a: Metagross|Meteor Mash|p1a: Zapdos
|-resisted|p1a: Zapdos
|-damage|p1a: Zapdos|30/100
|
|upkeep
|turn|20
|
|t:|1776042524
|move|p2a: Metagross|Bullet Punch|p1a: Zapdos
|-resisted|p1a: Zapdos
|-damage|p1a: Zapdos|18/100
|move|p1a: Zapdos|Roost|p1a: Zapdos
|-heal|p1a: Zapdos|68/100
|-singleturn|p1a: Zapdos|move: Roost
|
|upkeep
|turn|21
|
|t:|1776042532
|move|p1a: Zapdos|Volt Switch|p2a: Metagross
|-damage|p2a: Metagross|0 fnt
|faint|p2a: Metagross
|
|t:|1776042538
|switch|p1a: Torkoal|Torkoal, F|74/100|[from] Volt Switch
|-damage|p1a: Torkoal|49/100|[from] Stealth Rock
|-weather|SunnyDay|[from] ability: Drought|[of] p1a: Torkoal
|
|-weather|SunnyDay|[upkeep]
|upkeep
|
|t:|1776042545
|switch|p2a: Blaziken|Blaziken, M|100/100
|-item|p2a: Blaziken|Air Balloon
|turn|22
|
|t:|1776042553
|switch|p1a: Zapdos|Zapdos|68/100
|move|p2a: Blaziken|Detect||[still]
|-fail|p2a: Blaziken
|
|-weather|SunnyDay|[upkeep]
|-ability|p2a: Blaziken|Speed Boost|boost
|-boost|p2a: Blaziken|spe|1
|upkeep
|turn|23
|
|t:|1776042567
|move|p2a: Blaziken|Swords Dance|p2a: Blaziken
|-boost|p2a: Blaziken|atk|2
|move|p1a: Zapdos|Thunder Wave|p2a: Blaziken
|-status|p2a: Blaziken|par
|
|-weather|SunnyDay|[upkeep]
|-ability|p2a: Blaziken|Speed Boost|boost
|-boost|p2a: Blaziken|spe|1
|upkeep
|turn|24
|
|t:|1776042581
|move|p2a: Blaziken|Fire Punch|p1a: Zapdos
|-damage|p1a: Zapdos|0 fnt
|faint|p1a: Zapdos
|
|-weather|SunnyDay|[upkeep]
|-ability|p2a: Blaziken|Speed Boost|boost
|-boost|p2a: Blaziken|spe|1
|upkeep
|
|t:|1776042590
|switch|p1a: Walking Wake|Walking Wake|100/100
|-damage|p1a: Walking Wake|88/100|[from] Stealth Rock
|-activate|p1a: Walking Wake|ability: Protosynthesis
|-start|p1a: Walking Wake|protosynthesisspe
|turn|25
|
|t:|1776042599
|move|p2a: Blaziken|Detect|p2a: Blaziken
|-singleturn|p2a: Blaziken|Protect
|move|p1a: Walking Wake|Hydro Steam|p2a: Blaziken
|-activate|p2a: Blaziken|move: Protect
|
|-weather|none
|-end|p1a: Walking Wake|Protosynthesis
|-ability|p2a: Blaziken|Speed Boost|boost
|-boost|p2a: Blaziken|spe|1
|upkeep
|turn|26
|
|t:|1776042610
|move|p2a: Blaziken|Close Combat|p1a: Walking Wake
|-damage|p1a: Walking Wake|0 fnt
|-unboost|p2a: Blaziken|def|1
|-unboost|p2a: Blaziken|spd|1
|faint|p1a: Walking Wake
|-end|p1a: Walking Wake|Protosynthesis|[silent]
|
|-ability|p2a: Blaziken|Speed Boost|boost
|-boost|p2a: Blaziken|spe|1
|upkeep
|
|t:|1776042619
|switch|p1a: Alomomola|Alomomola, F|52/100
|-damage|p1a: Alomomola|40/100|[from] Stealth Rock
|turn|27
|
|t:|1776042625
|cant|p2a: Blaziken|par
|move|p1a: Alomomola|Wish|p1a: Alomomola
|
|-ability|p2a: Blaziken|Speed Boost|boost
|-boost|p2a: Blaziken|spe|1
|upkeep
|turn|28
|
|t:|1776042632
|move|p1a: Alomomola|Protect|p1a: Alomomola
|-singleturn|p1a: Alomomola|Protect
|move|p2a: Blaziken|Close Combat|p1a: Alomomola
|-activate|p1a: Alomomola|move: Protect
|
|-heal|p1a: Alomomola|90/100|[from] move: Wish|[wisher] Alomomola
|upkeep
|turn|29
|
|t:|1776042641
|cant|p2a: Blaziken|par
|move|p1a: Alomomola|Wish|p1a: Alomomola
|
|upkeep
|turn|30
|
|t:|1776042647
|move|p2a: Blaziken|Close Combat|p1a: Alomomola
|-damage|p1a: Alomomola|17/100
|-unboost|p2a: Blaziken|def|1
|-unboost|p2a: Blaziken|spd|1
|-damage|p2a: Blaziken|84/100 par|[from] item: Rocky Helmet|[of] p1a: Alomomola
|move|p1a: Alomomola|Scald|p2a: Blaziken
|-supereffective|p2a: Blaziken
|-damage|p2a: Blaziken|0 fnt
|-enditem|p2a: Blaziken|Air Balloon
|faint|p2a: Blaziken
|
|win|xxcrosbyxx
|raw|xxcrosbyxx's rating: 1170 &rarr; <strong>1195</strong><br />(+25 for winning)
|raw|LightAstro's rating: 1169 &rarr; <strong>1144</strong><br />(-25 for losing)
|l|☆LightAstro
|player|p2|
|l|☆xxcrosbyxx
|player|p1|
