|html|<div class="broadcast-blue"><strong>[Gen 9] OU is currently suspecting Tera Blast! For information on how to participate check out the <a href="https://www.smogon.com/tools/suspects/view/200">suspect thread</a>.</strong></div>
|j|☆Skiddris
|j|☆Testteambill
|t:|1776068953
|gametype|singles
|player|p1|Skiddris|artist|1515
|player|p2|Testteambill|169|1564
|gen|9
|tier|[Gen 9] OU
|rated|
|rule|HP Percentage Mod: HP is shown in percentages
|rule|Endless Battle Clause: Forcing endless battles is banned
|rule|Species Clause: Limit one of each Pokémon
|rule|OHKO Clause: OHKO moves are banned
|rule|Evasion Items Clause: Evasion items are banned
|rule|Evasion Moves Clause: Evasion moves are banned
|rule|Evasion Abilities Clause: Evasion abilities are banned
|rule|Sleep Moves Clause: Sleep-inducing moves are banned
|clearpoke
|poke|p1|Ribombee, M|
|poke|p1|Cinderace, M|
|poke|p1|Serperior, M|
|poke|p1|Mimikyu, F|
|poke|p1|Dragapult, M|
|poke|p1|Bisharp, F|
|poke|p2|Tinkaton, F|
|poke|p2|Serperior, M|
|poke|p2|Indeedee, M|
|poke|p2|Araquanid, F|
|poke|p2|Great Tusk|
|poke|p2|Hawlucha, F|
|teampreview
|inactive|Battle timer is ON: inactive players will automatically lose when time's up. (requested by Skiddris)
|j| ohko_smeargle
|
|t:|1776068959
|teamsize|p1|6
|teamsize|p2|6
|start
|switch|p1a: Sticky goes Brrr|Ribombee, M, shiny|100/100
|switch|p2a: Araquanid|Araquanid, F, shiny|100/100
|turn|1
|
|t:|1776068966
|move|p1a: Sticky goes Brrr|Sticky Web|p2a: Araquanid
|-sidestart|p2: Testteambill|move: Sticky Web
|move|p2a: Araquanid|Liquidation|p1a: Sticky goes Brrr
|-enditem|p1a: Sticky goes Brrr|Focus Sash
|-damage|p1a: Sticky goes Brrr|1/100
|
|upkeep
|turn|2
|
|t:|1776068973
|move|p1a: Sticky goes Brrr|Moonblast|p2a: Araquanid
|-crit|p2a: Araquanid
|-damage|p2a: Araquanid|56/100
|move|p2a: Araquanid|Sticky Web|p1a: Sticky goes Brrr
|-sidestart|p1: Skiddris|move: Sticky Web
|
|upkeep
|turn|3
|
|t:|1776068977
|move|p1a: Sticky goes Brrr|Moonblast|p2a: Araquanid
|-damage|p2a: Araquanid|25/100
|move|p2a: Araquanid|Lunge|p1a: Sticky goes Brrr
|-resisted|p1a: Sticky goes Brrr
|-damage|p1a: Sticky goes Brrr|0 fnt
|faint|p1a: Sticky goes Brrr
|
|upkeep
|
|t:|1776068990
|switch|p1a: Hmmm so cozy|Serperior, M|100/100
|-activate|p1a: Hmmm so cozy|move: Sticky Web
|-boost|p1a: Hmmm so cozy|spe|1
|turn|4
|-enditem|p2a: Araquanid|Custap Berry|[eat]
|-activate|p2a: Araquanid|item: Custap Berry|[consumed]
|
|t:|1776068995
|move|p2a: Araquanid|Lunge|p1a: Hmmm so cozy
|-supereffective|p1a: Hmmm so cozy
|-damage|p1a: Hmmm so cozy|20/100
|-boost|p1a: Hmmm so cozy|atk|1
|move|p1a: Hmmm so cozy|Leaf Storm|p2a: Araquanid
|-damage|p2a: Araquanid|0 fnt
|-boost|p1a: Hmmm so cozy|spa|2
|faint|p2a: Araquanid
|
|-heal|p1a: Hmmm so cozy|26/100|[from] item: Leftovers
|upkeep
|
|t:|1776069019
|switch|p2a: Tinkaton|Tinkaton, F, shiny|100/100
|-item|p2a: Tinkaton|Air Balloon
|turn|5
|
|t:|1776069025
|-terastallize|p1a: Hmmm so cozy|Fire
|move|p1a: Hmmm so cozy|Tera Blast|p2a: Tinkaton|[anim] Tera Blast Fire
|-supereffective|p2a: Tinkaton
|-damage|p2a: Tinkaton|0 fnt
|-enditem|p2a: Tinkaton|Air Balloon
|faint|p2a: Tinkaton
|
|-heal|p1a: Hmmm so cozy|32/100|[from] item: Leftovers
|upkeep
|
|t:|1776069044
|switch|p2a: Indeedee|Indeedee, M, shiny|100/100
|-activate|p2a: Indeedee|move: Sticky Web
|-unboost|p2a: Indeedee|spe|1
|-fieldstart|move: Psychic Terrain|[from] ability: Psychic Surge|[of] p2a: Indeedee
|turn|6
|
|t:|1776069054
|move|p1a: Hmmm so cozy|Leaf Storm|p2a: Indeedee|[miss]
|-miss|p1a: Hmmm so cozy|p2a: Indeedee
|move|p2a: Indeedee|Expanding Force|p1a: Hmmm so cozy
|-damage|p1a: Hmmm so cozy|0 fnt
|faint|p1a: Hmmm so cozy
|
|upkeep
|
|t:|1776069058
|switch|p1a: why no kingambit?|Bisharp, F|100/100
|-activate|p1a: why no kingambit?|move: Sticky Web
|-unboost|p1a: why no kingambit?|spe|1
|-ability|p1a: why no kingambit?|Defiant|boost
|-boost|p1a: why no kingambit?|atk|2
|turn|7
|
|t:|1776069065
|switch|p2a: Great Tusk|Great Tusk, shiny|100/100
|move|p1a: why no kingambit?|Throat Chop|p2a: Great Tusk
|-resisted|p2a: Great Tusk
|-damage|p2a: Great Tusk|67/100
|-start|p2a: Great Tusk|Throat Chop|[silent]
|
|upkeep
|turn|8
|
|t:|1776069075
|switch|p1a: B-2 Spirit|Dragapult, M|100/100
|-activate|p1a: B-2 Spirit|move: Sticky Web
|-fail|p1a: B-2 Spirit|unboost|[from] ability: Clear Body|[of] p1a: B-2 Spirit
|move|p2a: Great Tusk|Headlong Rush|p1a: B-2 Spirit
|-damage|p1a: B-2 Spirit|0 fnt
|-unboost|p2a: Great Tusk|def|1
|-unboost|p2a: Great Tusk|spd|1
|faint|p1a: B-2 Spirit
|
|-end|p2a: Great Tusk|Throat Chop|[silent]
|upkeep
|
|t:|1776069099
|switch|p1a: Introvert boy|Mimikyu, F|100/100
|-activate|p1a: Introvert boy|move: Sticky Web
|-unboost|p1a: Introvert boy|spe|1
|turn|9
|
|t:|1776069110
|-end|p2a: Great Tusk|Protosynthesis|[silent]
|switch|p2a: Indeedee|Indeedee, M, shiny|100/100
|-activate|p2a: Indeedee|move: Sticky Web
|-unboost|p2a: Indeedee|spe|1
|move|p1a: Introvert boy|Play Rough|p2a: Indeedee
|-damage|p2a: Indeedee|28/100
|
|upkeep
|turn|10
|
|t:|1776069120
|switch|p2a: Great Tusk|Great Tusk, shiny|67/100
|move|p1a: Introvert boy|Shadow Claw|p2a: Great Tusk
|-damage|p2a: Great Tusk|45/100
|
|-fieldend|move: Psychic Terrain
|upkeep
|turn|11
|
|t:|1776069128
|move|p2a: Great Tusk|Ice Spinner|p1a: Introvert boy
|-activate|p1a: Introvert boy|ability: Disguise
|-damage|p1a: Introvert boy|100/100
|detailschange|p1a: Introvert boy|Mimikyu-Busted, F
|-damage|p1a: Introvert boy|88/100|[from] pokemon: Mimikyu-Busted
|-enditem|p1a: Introvert boy|Red Card|[of] p2a: Great Tusk
|-end|p2a: Great Tusk|Protosynthesis|[silent]
|drag|p2a: Serperior|Serperior, M, shiny|100/100
|-activate|p2a: Serperior|move: Sticky Web
|-boost|p2a: Serperior|spe|1
|move|p1a: Introvert boy|Play Rough|p2a: Serperior
|-damage|p2a: Serperior|53/100
|
|-heal|p2a: Serperior|59/100|[from] item: Leftovers
|upkeep
|turn|12
|
|t:|1776069148
|switch|p1a: VendVoiture|Cinderace, M|100/100
|move|p2a: Serperior|Leaf Storm|p1a: VendVoiture
|-resisted|p1a: VendVoiture
|-damage|p1a: VendVoiture|66/100
|-boost|p2a: Serperior|spa|2
|
|-heal|p2a: Serperior|65/100|[from] item: Leftovers
|upkeep
|turn|13
|
|t:|1776069162
|switch|p2a: Great Tusk|Great Tusk, shiny|45/100
|move|p1a: VendVoiture|Pyro Ball|p2a: Great Tusk
|-damage|p2a: Great Tusk|3/100
|-status|p2a: Great Tusk|brn
|
|-damage|p2a: Great Tusk|0 fnt|[from] brn
|faint|p2a: Great Tusk
|-end|p2a: Great Tusk|Protosynthesis|[silent]
|upkeep
|
|t:|1776069171
|switch|p2a: Serperior|Serperior, M, shiny|65/100
|-activate|p2a: Serperior|move: Sticky Web
|-boost|p2a: Serperior|spe|1
|turn|14
|
|t:|1776069175
|move|p2a: Serperior|Glare|p1a: VendVoiture
|-status|p1a: VendVoiture|par
|move|p1a: VendVoiture|Pyro Ball|p2a: Serperior|[miss]
|-miss|p1a: VendVoiture|p2a: Serperior
|
|-heal|p2a: Serperior|72/100|[from] item: Leftovers
|upkeep
|turn|15
|
|t:|1776069185
|-terastallize|p2a: Serperior|Water
|move|p2a: Serperior|Leaf Storm|p1a: VendVoiture
|-resisted|p1a: VendVoiture
|-damage|p1a: VendVoiture|33/100 par
|-boost|p2a: Serperior|spa|2
|cant|p1a: VendVoiture|par
|
|-heal|p2a: Serperior|78/100|[from] item: Leftovers
|upkeep
|turn|16
|
|t:|1776069200
|move|p2a: Serperior|Leaf Storm|p1a: VendVoiture
|-resisted|p1a: VendVoiture
|-damage|p1a: VendVoiture|0 fnt
|-boost|p2a: Serperior|spa|2
|faint|p1a: VendVoiture
|
|-heal|p2a: Serperior|84/100|[from] item: Leftovers
|upkeep
|
|t:|1776069203
|switch|p1a: why no kingambit?|Bisharp, F|100/100
|-activate|p1a: why no kingambit?|move: Sticky Web
|-unboost|p1a: why no kingambit?|spe|1
|-ability|p1a: why no kingambit?|Defiant|boost
|-boost|p1a: why no kingambit?|atk|2
|turn|17
|
|t:|1776069209
|move|p1a: why no kingambit?|Sucker Punch||[still]
|-fail|p1a: why no kingambit?
|move|p2a: Serperior|Substitute|p2a: Serperior
|-start|p2a: Serperior|Substitute
|-damage|p2a: Serperior|59/100
|
|-heal|p2a: Serperior|65/100|[from] item: Leftovers
|upkeep
|turn|18
|
|t:|1776069215
|move|p2a: Serperior|Leech Seed|p1a: why no kingambit?
|-start|p1a: why no kingambit?|move: Leech Seed
|move|p1a: why no kingambit?|Throat Chop|p2a: Serperior
|-end|p2a: Serperior|Substitute
|
|-heal|p2a: Serperior|72/100|[from] item: Leftovers
|-damage|p1a: why no kingambit?|88/100|[from] Leech Seed|[of] p2a: Serperior
|-heal|p2a: Serperior|85/100|[silent]
|upkeep
|turn|19
|
|t:|1776069223
|move|p2a: Serperior|Substitute|p2a: Serperior
|-start|p2a: Serperior|Substitute
|-damage|p2a: Serperior|60/100
|move|p1a: why no kingambit?|Throat Chop|p2a: Serperior
|-end|p2a: Serperior|Substitute
|
|-heal|p2a: Serperior|66/100|[from] item: Leftovers
|-damage|p1a: why no kingambit?|76/100|[from] Leech Seed|[of] p2a: Serperior
|-heal|p2a: Serperior|79/100|[silent]
|upkeep
|turn|20
|
|t:|1776069226
|move|p2a: Serperior|Substitute|p2a: Serperior
|-start|p2a: Serperior|Substitute
|-damage|p2a: Serperior|54/100
|move|p1a: why no kingambit?|Throat Chop|p2a: Serperior
|-crit|p2a: Serperior
|-end|p2a: Serperior|Substitute
|
|-heal|p2a: Serperior|61/100|[from] item: Leftovers
|-damage|p1a: why no kingambit?|64/100|[from] Leech Seed|[of] p2a: Serperior
|-heal|p2a: Serperior|74/100|[silent]
|upkeep
|turn|21
|
|t:|1776069232
|switch|p1a: Introvert boy|Mimikyu-Busted, F|88/100
|-activate|p1a: Introvert boy|move: Sticky Web
|-unboost|p1a: Introvert boy|spe|1
|move|p2a: Serperior|Substitute|p2a: Serperior
|-start|p2a: Serperior|Substitute
|-damage|p2a: Serperior|49/100
|
|-heal|p2a: Serperior|55/100|[from] item: Leftovers
|upkeep
|turn|22
|
|t:|1776069237
|move|p2a: Serperior|Leaf Storm|p1a: Introvert boy
|-damage|p1a: Introvert boy|0 fnt
|-boost|p2a: Serperior|spa|2
|faint|p1a: Introvert boy
|
|-heal|p2a: Serperior|61/100|[from] item: Leftovers
|upkeep
|
|t:|1776069241
|switch|p1a: why no kingambit?|Bisharp, F|64/100
|-activate|p1a: why no kingambit?|move: Sticky Web
|-unboost|p1a: why no kingambit?|spe|1
|-ability|p1a: why no kingambit?|Defiant|boost
|-boost|p1a: why no kingambit?|atk|2
|turn|23
|
|t:|1776069244
|move|p2a: Serperior|Leaf Storm|p1a: why no kingambit?
|-resisted|p1a: why no kingambit?
|-damage|p1a: why no kingambit?|0 fnt
|faint|p1a: why no kingambit?
|
|win|Testteambill
|raw|Skiddris's rating: 1515 &rarr; <strong>1498</strong><br />(-17 for losing)
|raw|Testteambill's rating: 1564 &rarr; <strong>1581</strong><br />(+17 for winning)
|l| ohko_smeargle
|c|☆Skiddris|gg
|l|☆Skiddris
|player|p1|
|l|☆Testteambill
|player|p2|
