|html|<div class="broadcast-blue"><strong>[Gen 9] OU is currently suspecting Tera Blast! For information on how to participate check out the <a href="https://www.smogon.com/tools/suspects/view/200">suspect thread</a>.</strong></div>
|j|☆TOXICccccccccccccc
|j|☆paaseiland
|t:|1776213978
|gametype|singles
|player|p1|TOXICccccccccccccc|preschooler|1367
|player|p2|paaseiland|chuck|1414
|gen|9
|tier|[Gen 9] OU
|rated|
|rule|HP Percentage Mod: HP is shown in percentages
|rule|Endless Battle Clause: Forcing endless battles is banned
|rule|Species Clause: Limit one of each Pokémon
|rule|OHKO Clause: OHKO moves are banned
|rule|Evasion Items Clause: Evasion items are banned
|rule|Evasion Moves Clause: Evasion moves are banned
|rule|Evasion Abilities Clause: Evasion abilities are banned
|rule|Sleep Moves Clause: Sleep-inducing moves are banned
|clearpoke
|poke|p1|Ogerpon-Wellspring, F|
|poke|p1|Heatran, M|
|poke|p1|Goodra-Hisui, F|
|poke|p1|Thundurus-Therian, M|
|poke|p1|Orthworm, M|
|poke|p1|Grimmsnarl, M|
|poke|p2|Ninetales-Alola, F|
|poke|p2|Blastoise, M|
|poke|p2|Indeedee, M|
|poke|p2|Cinderace, M|
|poke|p2|Torterra, M|
|poke|p2|Polteageist-Antique|
|teampreview
|inactive|Battle timer is ON: inactive players will automatically lose when time's up. (requested by paaseiland)
|inactive|TOXICccccccccccccc also wants the timer to be on.
|
|t:|1776214004
|teamsize|p1|6
|teamsize|p2|6
|start
|switch|p1a: Orthworm|Orthworm, M|100/100
|switch|p2a: Ninetales|Ninetales-Alola, F|100/100
|-weather|Snowscape|[from] ability: Snow Warning|[of] p2a: Ninetales
|turn|1
|
|t:|1776214007
|move|p2a: Ninetales|Aurora Veil|p2a: Ninetales
|-sidestart|p2: paaseiland|move: Aurora Veil
|move|p1a: Orthworm|Spikes|p2a: Ninetales
|-sidestart|p2: paaseiland|Spikes
|
|-weather|Snowscape|[upkeep]
|upkeep
|turn|2
|
|t:|1776214015
|switch|p1a: Heatran|Heatran, M|100/100
|move|p2a: Ninetales|Encore||[still]
|-fail|p2a: Ninetales
|
|-weather|Snowscape|[upkeep]
|upkeep
|turn|3
|
|t:|1776214021
|switch|p2a: Blastoise|Blastoise, M|100/100
|-damage|p2a: Blastoise|88/100|[from] Spikes
|move|p1a: Heatran|Magma Storm|p2a: Blastoise|[miss]
|-miss|p1a: Heatran|p2a: Blastoise
|
|-weather|Snowscape|[upkeep]
|upkeep
|turn|4
|
|t:|1776214041
|move|p2a: Blastoise|Shell Smash|p2a: Blastoise
|-unboost|p2a: Blastoise|def|1
|-unboost|p2a: Blastoise|spd|1
|-boost|p2a: Blastoise|atk|2
|-boost|p2a: Blastoise|spa|2
|-boost|p2a: Blastoise|spe|2
|-enditem|p2a: Blastoise|White Herb
|-clearnegativeboost|p2a: Blastoise|[silent]
|move|p1a: Heatran|Magma Storm|p2a: Blastoise
|-resisted|p2a: Blastoise
|-damage|p2a: Blastoise|77/100
|-activate|p2a: Blastoise|move: Magma Storm|[of] p1a: Heatran
|
|-weather|Snowscape|[upkeep]
|-damage|p2a: Blastoise|65/100|[from] move: Magma Storm|[partiallytrapped]
|upkeep
|turn|5
|
|t:|1776214050
|move|p1a: Heatran|Protect|p1a: Heatran
|-singleturn|p1a: Heatran|Protect
|move|p2a: Blastoise|Aura Sphere|p1a: Heatran
|-activate|p1a: Heatran|move: Protect
|
|-weather|none
|-damage|p2a: Blastoise|53/100|[from] move: Magma Storm|[partiallytrapped]
|upkeep
|turn|6
|
|t:|1776214064
|switch|p1a: Grimmsnarl|Grimmsnarl, M|100/100
|move|p2a: Blastoise|Surf|p1a: Grimmsnarl
|-damage|p1a: Grimmsnarl|10/100
|
|-end|p2a: Blastoise|Magma Storm|[partiallytrapped]|[silent]
|upkeep
|turn|7
|
|t:|1776214069
|move|p1a: Grimmsnarl|Thunder Wave|p2a: Blastoise
|-status|p2a: Blastoise|par
|move|p2a: Blastoise|Ice Beam|p1a: Grimmsnarl
|-damage|p1a: Grimmsnarl|0 fnt
|faint|p1a: Grimmsnarl
|
|upkeep
|
|t:|1776214093
|switch|p1a: Thundurus|Thundurus-Therian, M|100/100
|turn|8
|
|t:|1776214101
|move|p1a: Thundurus|Volt Switch|p2a: Blastoise
|-supereffective|p2a: Blastoise
|-damage|p2a: Blastoise|2/100 par
|
|t:|1776214107
|switch|p1a: Ogerpon|Ogerpon-Wellspring, F|100/100|[from] Volt Switch
|move|p2a: Blastoise|Ice Beam|p1a: Ogerpon
|-damage|p1a: Ogerpon|36/100
|
|-sideend|p2: paaseiland|move: Aurora Veil
|upkeep
|turn|9
|
|t:|1776214113
|move|p1a: Ogerpon|U-turn|p2a: Blastoise
|-damage|p2a: Blastoise|0 fnt
|faint|p2a: Blastoise
|
|t:|1776214120
|switch|p1a: Heatran|Heatran, M|100/100|[from] U-turn
|
|upkeep
|
|t:|1776214140
|switch|p2a: Cinderace|Cinderace, M|100/100
|turn|10
|
|t:|1776214146
|move|p2a: Cinderace|Court Change|p2a: Cinderace
|-swapsideconditions
|-activate|p2a: Cinderace|move: Court Change
|move|p1a: Heatran|Stealth Rock|p2a: Cinderace
|-sidestart|p2: paaseiland|move: Stealth Rock
|
|upkeep
|turn|11
|
|t:|1776214157
|move|p1a: Heatran|Protect|p1a: Heatran
|-singleturn|p1a: Heatran|Protect
|move|p2a: Cinderace|U-turn|p1a: Heatran
|-activate|p1a: Heatran|move: Protect
|
|upkeep
|turn|12
|
|t:|1776214165
|move|p2a: Cinderace|U-turn|p1a: Heatran
|-resisted|p1a: Heatran
|-damage|p1a: Heatran|96/100
|
|t:|1776214167
|switch|p2a: Polteageist|Polteageist-Antique|100/100|[from] U-turn
|-damage|p2a: Polteageist|88/100|[from] Stealth Rock
|move|p1a: Heatran|Magma Storm|p2a: Polteageist
|-damage|p2a: Polteageist|34/100
|-activate|p2a: Polteageist|move: Magma Storm|[of] p1a: Heatran
|
|-heal|p1a: Heatran|100/100|[from] item: Leftovers
|-damage|p2a: Polteageist|22/100|[from] move: Magma Storm|[partiallytrapped]
|upkeep
|turn|13
|
|t:|1776214174
|move|p2a: Polteageist|Shadow Ball|p1a: Heatran
|-damage|p1a: Heatran|71/100
|move|p1a: Heatran|Earth Power|p2a: Polteageist
|-damage|p2a: Polteageist|0 fnt
|faint|p2a: Polteageist
|
|-heal|p1a: Heatran|77/100|[from] item: Leftovers
|upkeep
|
|t:|1776214178
|switch|p2a: Ninetales|Ninetales-Alola, F|100/100
|-damage|p2a: Ninetales|76/100|[from] Stealth Rock
|-weather|Snowscape|[from] ability: Snow Warning|[of] p2a: Ninetales
|turn|14
|
|t:|1776214181
|move|p2a: Ninetales|Aurora Veil|p2a: Ninetales
|-sidestart|p2: paaseiland|move: Aurora Veil
|move|p1a: Heatran|Magma Storm|p2a: Ninetales|[miss]
|-miss|p1a: Heatran|p2a: Ninetales
|
|-weather|Snowscape|[upkeep]
|-heal|p1a: Heatran|83/100|[from] item: Leftovers
|upkeep
|turn|15
|
|t:|1776214187
|move|p2a: Ninetales|Encore|p1a: Heatran
|-start|p1a: Heatran|Encore
|move|p1a: Heatran|Magma Storm|p2a: Ninetales|[miss]
|-miss|p1a: Heatran|p2a: Ninetales
|
|-weather|Snowscape|[upkeep]
|-heal|p1a: Heatran|90/100|[from] item: Leftovers
|upkeep
|turn|16
|
|t:|1776214193
|move|p2a: Ninetales|Moonblast|p1a: Heatran
|-resisted|p1a: Heatran
|-damage|p1a: Heatran|84/100
|move|p1a: Heatran|Magma Storm|p2a: Ninetales|[miss]
|-miss|p1a: Heatran|p2a: Ninetales
|
|-weather|Snowscape|[upkeep]
|-heal|p1a: Heatran|90/100|[from] item: Leftovers
|upkeep
|turn|17
|
|t:|1776214197
|move|p2a: Ninetales|Moonblast|p1a: Heatran
|-resisted|p1a: Heatran
|-damage|p1a: Heatran|85/100
|-unboost|p1a: Heatran|spa|1
|move|p1a: Heatran|Magma Storm|p2a: Ninetales
|-supereffective|p2a: Ninetales
|-damage|p2a: Ninetales|44/100
|-activate|p2a: Ninetales|move: Magma Storm|[of] p1a: Heatran
|
|-weather|Snowscape|[upkeep]
|-heal|p1a: Heatran|91/100|[from] item: Leftovers
|-damage|p2a: Ninetales|32/100|[from] move: Magma Storm|[partiallytrapped]
|-end|p1a: Heatran|Encore
|upkeep
|turn|18
|
|t:|1776214200
|move|p1a: Heatran|Protect|p1a: Heatran
|-singleturn|p1a: Heatran|Protect
|move|p2a: Ninetales|Encore|p1a: Heatran
|-activate|p1a: Heatran|move: Protect
|
|-weather|none
|-heal|p1a: Heatran|97/100|[from] item: Leftovers
|-damage|p2a: Ninetales|20/100|[from] move: Magma Storm|[partiallytrapped]
|upkeep
|turn|19
|
|t:|1776214203
|move|p2a: Ninetales|Encore|p1a: Heatran
|-start|p1a: Heatran|Encore
|move|p1a: Heatran|Protect||[still]
|-fail|p1a: Heatran
|
|-heal|p1a: Heatran|100/100|[from] item: Leftovers
|-damage|p2a: Ninetales|7/100|[from] move: Magma Storm|[partiallytrapped]
|upkeep
|turn|20
|
|t:|1776214206
|move|p1a: Heatran|Protect|p1a: Heatran
|-singleturn|p1a: Heatran|Protect
|move|p2a: Ninetales|Moonblast|p1a: Heatran
|-activate|p1a: Heatran|move: Protect
|
|-damage|p2a: Ninetales|0 fnt|[from] move: Magma Storm|[partiallytrapped]
|faint|p2a: Ninetales
|upkeep
|
|t:|1776214208
|switch|p2a: Torterra|Torterra, M|100/100
|-damage|p2a: Torterra|94/100|[from] Stealth Rock
|turn|21
|
|t:|1776214216
|switch|p1a: Orthworm|Orthworm, M|100/100
|-damage|p1a: Orthworm|88/100|[from] Spikes
|-terastallize|p2a: Torterra|Rock
|move|p2a: Torterra|Shell Smash|p2a: Torterra
|-unboost|p2a: Torterra|def|1
|-unboost|p2a: Torterra|spd|1
|-boost|p2a: Torterra|atk|2
|-boost|p2a: Torterra|spa|2
|-boost|p2a: Torterra|spe|2
|
|-heal|p1a: Orthworm|94/100|[from] item: Leftovers
|-sideend|p2: paaseiland|move: Aurora Veil
|upkeep
|turn|22
|
|t:|1776214222
|move|p2a: Torterra|Rock Blast|p1a: Orthworm|[miss]
|-miss|p2a: Torterra|p1a: Orthworm
|move|p1a: Orthworm|Iron Defense|p1a: Orthworm
|-boost|p1a: Orthworm|def|2
|
|-heal|p1a: Orthworm|99/100|[from] item: Leftovers
|upkeep
|turn|23
|
|t:|1776214225
|move|p2a: Torterra|Headlong Rush|p1a: Orthworm
|-heal|p1a: Orthworm|100/100|[from] ability: Earth Eater|[of] p2a: Torterra
|move|p1a: Orthworm|Body Press|p2a: Torterra
|-supereffective|p2a: Torterra
|-damage|p2a: Torterra|0 fnt
|faint|p2a: Torterra
|
|upkeep
|-message|paaseiland forfeited.
|
|win|TOXICccccccccccccc
|raw|TOXICccccccccccccc's rating: 1367 &rarr; <strong>1390</strong><br />(+23 for winning)
|raw|paaseiland's rating: 1414 &rarr; <strong>1391</strong><br />(-23 for losing)
|l|☆paaseiland
|player|p2|
