|html|<div class="broadcast-blue"><strong>[Gen 9] OU is currently suspecting Tera Blast! For information on how to participate check out the <a href="https://www.smogon.com/tools/suspects/view/200">suspect thread</a>.</strong></div>
|j|☆MiahOD
|j|☆BAzz Barge
|t:|1776297301
|gametype|singles
|player|p1|MiahOD|marlon|1287
|player|p2|BAzz Barge|benga|1311
|gen|9
|tier|[Gen 9] OU
|rated|
|rule|HP Percentage Mod: HP is shown in percentages
|rule|Endless Battle Clause: Forcing endless battles is banned
|rule|Species Clause: Limit one of each Pokémon
|rule|OHKO Clause: OHKO moves are banned
|rule|Evasion Items Clause: Evasion items are banned
|rule|Evasion Moves Clause: Evasion moves are banned
|rule|Evasion Abilities Clause: Evasion abilities are banned
|rule|Sleep Moves Clause: Sleep-inducing moves are banned
|clearpoke
|poke|p1|Glimmora, F|
|poke|p1|Rillaboom, M|
|poke|p1|Ogerpon, F|
|poke|p1|Gholdengo|
|poke|p1|Samurott-Hisui, M|
|poke|p1|Raging Bolt|
|poke|p2|Tyranitar, F|
|poke|p2|Excadrill, M|
|poke|p2|Ogerpon-Cornerstone, F|
|poke|p2|Dragapult, F|
|poke|p2|Moltres|
|poke|p2|Corviknight, M|
|teampreview
|inactive|Battle timer is ON: inactive players will automatically lose when time's up. (requested by MiahOD)
|
|t:|1776297319
|teamsize|p1|6
|teamsize|p2|6
|start
|switch|p1a: Samurott|Samurott-Hisui, M, shiny|100/100
|switch|p2a: Tyranitar|Tyranitar, F|100/100
|-weather|Sandstorm|[from] ability: Sand Stream|[of] p2a: Tyranitar
|turn|1
|
|t:|1776297334
|move|p1a: Samurott|Flip Turn|p2a: Tyranitar
|-supereffective|p2a: Tyranitar
|-damage|p2a: Tyranitar|51/100
|
|t:|1776297342
|switch|p1a: Rillaboom|Rillaboom, M, shiny|100/100|[from] Flip Turn
|-fieldstart|move: Grassy Terrain|[from] ability: Grassy Surge|[of] p1a: Rillaboom
|move|p2a: Tyranitar|Thunder Wave|p1a: Rillaboom
|-status|p1a: Rillaboom|par
|
|-weather|Sandstorm|[upkeep]
|-damage|p1a: Rillaboom|94/100 par|[from] Sandstorm
|-heal|p2a: Tyranitar|58/100|[from] Grassy Terrain
|-heal|p1a: Rillaboom|100/100 par|[from] Grassy Terrain
|upkeep
|turn|2
|
|t:|1776297353
|switch|p2a: Moltres|Moltres|100/100
|move|p1a: Rillaboom|Swords Dance|p1a: Rillaboom
|-boost|p1a: Rillaboom|atk|2
|
|-weather|Sandstorm|[upkeep]
|-damage|p2a: Moltres|94/100|[from] Sandstorm
|-damage|p1a: Rillaboom|94/100 par|[from] Sandstorm
|-heal|p1a: Rillaboom|100/100 par|[from] Grassy Terrain
|upkeep
|turn|3
|
|t:|1776297362
|switch|p1a: Raging Bolt|Raging Bolt|100/100
|-enditem|p1a: Raging Bolt|Booster Energy
|-activate|p1a: Raging Bolt|ability: Protosynthesis|[fromitem]
|-start|p1a: Raging Bolt|protosynthesisspa
|move|p2a: Moltres|Flamethrower|p1a: Raging Bolt
|-resisted|p1a: Raging Bolt
|-damage|p1a: Raging Bolt|85/100
|
|-weather|Sandstorm|[upkeep]
|-damage|p1a: Raging Bolt|78/100|[from] Sandstorm
|-damage|p2a: Moltres|88/100|[from] Sandstorm
|-heal|p1a: Raging Bolt|85/100|[from] Grassy Terrain
|upkeep
|turn|4
|
|t:|1776297378
|switch|p2a: Excadrill|Excadrill, M|100/100
|move|p1a: Raging Bolt|Dragon Pulse|p2a: Excadrill
|-resisted|p2a: Excadrill
|-damage|p2a: Excadrill|60/100
|
|-weather|Sandstorm|[upkeep]
|-damage|p1a: Raging Bolt|78/100|[from] Sandstorm
|-heal|p2a: Excadrill|66/100|[from] Grassy Terrain
|-heal|p1a: Raging Bolt|85/100|[from] Grassy Terrain
|upkeep
|turn|5
|
|t:|1776297395
|-end|p1a: Raging Bolt|Protosynthesis|[silent]
|switch|p1a: Ogerpon|Ogerpon, F|100/100
|move|p2a: Excadrill|Swords Dance|p2a: Excadrill
|-boost|p2a: Excadrill|atk|2
|
|-weather|Sandstorm|[upkeep]
|-damage|p1a: Ogerpon|95/100|[from] Sandstorm
|-heal|p2a: Excadrill|72/100|[from] Grassy Terrain
|-heal|p1a: Ogerpon|100/100|[from] Grassy Terrain
|-fieldend|move: Grassy Terrain
|upkeep
|turn|6
|
|t:|1776297409
|-terastallize|p2a: Excadrill|Fire
|move|p2a: Excadrill|Tera Blast|p1a: Ogerpon|[anim] Tera Blast Fire
|-supereffective|p1a: Ogerpon
|-damage|p1a: Ogerpon|0 fnt
|faint|p1a: Ogerpon
|-damage|p2a: Excadrill|62/100|[from] item: Life Orb
|
|-weather|Sandstorm|[upkeep]
|upkeep
|
|t:|1776297415
|switch|p1a: Samurott|Samurott-Hisui, M, shiny|100/100
|turn|7
|
|t:|1776297425
|move|p2a: Excadrill|Earthquake|p1a: Samurott
|-damage|p1a: Samurott|0 fnt
|faint|p1a: Samurott
|-damage|p2a: Excadrill|52/100|[from] item: Life Orb
|
|-weather|Sandstorm|[upkeep]
|upkeep
|
|t:|1776297441
|switch|p1a: Raging Bolt|Raging Bolt|85/100
|turn|8
|
|t:|1776297449
|-terastallize|p1a: Raging Bolt|Fairy
|move|p2a: Excadrill|Swords Dance|p2a: Excadrill
|-boost|p2a: Excadrill|atk|2
|move|p1a: Raging Bolt|Calm Mind|p1a: Raging Bolt
|-boost|p1a: Raging Bolt|spa|1
|-boost|p1a: Raging Bolt|spd|1
|
|-weather|none
|upkeep
|turn|9
|
|t:|1776297458
|move|p1a: Raging Bolt|Thunderclap|p2a: Excadrill
|-damage|p2a: Excadrill|0 fnt
|faint|p2a: Excadrill
|
|upkeep
|
|t:|1776297472
|switch|p2a: Tyranitar|Tyranitar, F|58/100
|-weather|Sandstorm|[from] ability: Sand Stream|[of] p2a: Tyranitar
|turn|10
|
|t:|1776297480
|move|p1a: Raging Bolt|Thunderbolt|p2a: Tyranitar
|-damage|p2a: Tyranitar|24/100
|move|p2a: Tyranitar|Thunder Wave|p1a: Raging Bolt
|-status|p1a: Raging Bolt|par
|
|-weather|Sandstorm|[upkeep]
|-damage|p1a: Raging Bolt|78/100 par|[from] Sandstorm
|upkeep
|turn|11
|
|t:|1776297491
|move|p2a: Tyranitar|Stealth Rock|p1a: Raging Bolt
|-sidestart|p1: MiahOD|move: Stealth Rock
|cant|p1a: Raging Bolt|par
|
|-weather|Sandstorm|[upkeep]
|-damage|p1a: Raging Bolt|72/100 par|[from] Sandstorm
|upkeep
|turn|12
|
|t:|1776297497
|move|p2a: Tyranitar|Earthquake|p1a: Raging Bolt
|-damage|p1a: Raging Bolt|46/100 par
|move|p1a: Raging Bolt|Calm Mind|p1a: Raging Bolt
|-boost|p1a: Raging Bolt|spa|1
|-boost|p1a: Raging Bolt|spd|1
|
|-weather|Sandstorm|[upkeep]
|-damage|p1a: Raging Bolt|39/100 par|[from] Sandstorm
|upkeep
|turn|13
|
|t:|1776297504
|move|p1a: Raging Bolt|Thunderclap|p2a: Tyranitar
|-damage|p2a: Tyranitar|0 fnt
|faint|p2a: Tyranitar
|
|-weather|Sandstorm|[upkeep]
|-damage|p1a: Raging Bolt|33/100 par|[from] Sandstorm
|upkeep
|
|t:|1776297520
|switch|p2a: Ogerpon|Ogerpon-Cornerstone, F|100/100
|turn|14
|
|t:|1776297526
|move|p2a: Ogerpon|Encore|p1a: Raging Bolt
|-start|p1a: Raging Bolt|Encore
|cant|p1a: Raging Bolt|par
|
|-weather|Sandstorm|[upkeep]
|-damage|p1a: Raging Bolt|27/100 par|[from] Sandstorm
|upkeep
|turn|15
|
|t:|1776297535
|-end|p1a: Raging Bolt|Protosynthesis|[silent]
|switch|p1a: Glimmora|Glimmora, F, shiny|100/100
|-damage|p1a: Glimmora|88/100|[from] Stealth Rock
|move|p2a: Ogerpon|Swords Dance|p2a: Ogerpon
|-boost|p2a: Ogerpon|atk|2
|
|-weather|Sandstorm|[upkeep]
|upkeep
|turn|16
|
|t:|1776297542
|move|p2a: Ogerpon|Ivy Cudgel|p1a: Glimmora|[anim] Ivy Cudgel Rock
|-crit|p1a: Glimmora
|-damage|p1a: Glimmora|0 fnt
|-activate|p1a: Glimmora|ability: Toxic Debris
|-sidestart|p2: BAzz Barge|move: Toxic Spikes
|faint|p1a: Glimmora
|
|-weather|Sandstorm|[upkeep]
|upkeep
|
|t:|1776297548
|switch|p1a: Rillaboom|Rillaboom, M, shiny|100/100 par
|-damage|p1a: Rillaboom|88/100 par|[from] Stealth Rock
|-fieldstart|move: Grassy Terrain|[from] ability: Grassy Surge|[of] p1a: Rillaboom
|turn|17
|
|t:|1776297561
|move|p1a: Rillaboom|Grassy Glide|p2a: Ogerpon
|-damage|p2a: Ogerpon|29/100
|-damage|p1a: Rillaboom|78/100 par|[from] item: Life Orb
|move|p2a: Ogerpon|Ivy Cudgel|p1a: Rillaboom|[anim] Ivy Cudgel Rock
|-crit|p1a: Rillaboom
|-damage|p1a: Rillaboom|0 fnt
|faint|p1a: Rillaboom
|
|-weather|none
|-heal|p2a: Ogerpon|35/100|[from] Grassy Terrain
|upkeep
|
|t:|1776297569
|switch|p1a: Gholdengo|Gholdengo, shiny|100/100
|-damage|p1a: Gholdengo|94/100|[from] Stealth Rock
|-enditem|p1a: Gholdengo|Grassy Seed
|-boost|p1a: Gholdengo|def|1|[from] item: Grassy Seed
|turn|18
|
|t:|1776297581
|move|p2a: Ogerpon|Ivy Cudgel|p1a: Gholdengo|[anim] Ivy Cudgel Rock
|-resisted|p1a: Gholdengo
|-damage|p1a: Gholdengo|70/100
|move|p1a: Gholdengo|Make It Rain|p2a: Ogerpon
|-supereffective|p2a: Ogerpon
|-damage|p2a: Ogerpon|0 fnt
|-unboost|p1a: Gholdengo|spa|1
|faint|p2a: Ogerpon
|
|-heal|p1a: Gholdengo|76/100|[from] Grassy Terrain
|upkeep
|
|t:|1776297595
|switch|p2a: Dragapult|Dragapult, F|100/100
|-status|p2a: Dragapult|psn
|turn|19
|
|t:|1776297603
|move|p2a: Dragapult|Shadow Ball|p1a: Gholdengo
|-supereffective|p1a: Gholdengo
|-damage|p1a: Gholdengo|0 fnt
|faint|p1a: Gholdengo
|
|-damage|p2a: Dragapult|88/100 psn|[from] psn
|upkeep
|
|t:|1776297606
|switch|p1a: Raging Bolt|Raging Bolt, tera:Fairy|27/100 par
|-damage|p1a: Raging Bolt|15/100 par|[from] Stealth Rock
|turn|20
|
|t:|1776297612
|cant|p1a: Raging Bolt|par
|move|p2a: Dragapult|Shadow Ball|p1a: Raging Bolt
|-damage|p1a: Raging Bolt|0 fnt
|faint|p1a: Raging Bolt
|-end|p1a: Raging Bolt|Protosynthesis|[silent]
|
|win|BAzz Barge
|raw|MiahOD's rating: 1287 &rarr; <strong>1264</strong><br />(-23 for losing)
|raw|BAzz Barge's rating: 1311 &rarr; <strong>1330</strong><br />(+19 for winning)
|l|☆MiahOD
|player|p1|
