|html|<div class="broadcast-blue"><strong>[Gen 9] OU is currently suspecting Tera Blast! For information on how to participate check out the <a href="https://www.smogon.com/tools/suspects/view/200">suspect thread</a>.</strong></div>
|j|☆64wasian
|j|☆Testitify
|t:|1776091183
|gametype|singles
|player|p1|64wasian|170|1387
|player|p2|Testitify|ltsurge|1402
|gen|9
|tier|[Gen 9] OU
|rated|
|rule|HP Percentage Mod: HP is shown in percentages
|rule|Endless Battle Clause: Forcing endless battles is banned
|rule|Species Clause: Limit one of each Pokémon
|rule|OHKO Clause: OHKO moves are banned
|rule|Evasion Items Clause: Evasion items are banned
|rule|Evasion Moves Clause: Evasion moves are banned
|rule|Evasion Abilities Clause: Evasion abilities are banned
|rule|Sleep Moves Clause: Sleep-inducing moves are banned
|clearpoke
|poke|p1|Mew|
|poke|p1|Ceruledge, M|
|poke|p1|Glimmora, M|
|poke|p1|Raging Bolt|
|poke|p1|Goodra-Hisui, F|
|poke|p1|Donphan, F|
|poke|p2|Ogerpon, F|
|poke|p2|Great Tusk|
|poke|p2|Dragapult, M|
|poke|p2|Primarina, M|
|poke|p2|Moltres|
|poke|p2|Gholdengo|
|teampreview
|inactive|Battle timer is ON: inactive players will automatically lose when time's up. (requested by Testitify)
|
|t:|1776091195
|teamsize|p1|6
|teamsize|p2|6
|start
|switch|p1a: Raging Bolt|Raging Bolt|100/100
|switch|p2a: Ogerpon|Ogerpon, F|100/100
|-enditem|p1a: Raging Bolt|Booster Energy
|-activate|p1a: Raging Bolt|ability: Protosynthesis|[fromitem]
|-start|p1a: Raging Bolt|protosynthesisspa
|turn|1
|
|t:|1776091203
|move|p2a: Ogerpon|U-turn|p1a: Raging Bolt
|-damage|p1a: Raging Bolt|70/100
|
|t:|1776091207
|switch|p2a: Great Tusk|Great Tusk|100/100|[from] U-turn
|move|p1a: Raging Bolt|Calm Mind|p1a: Raging Bolt
|-boost|p1a: Raging Bolt|spa|1
|-boost|p1a: Raging Bolt|spd|1
|
|upkeep
|turn|2
|
|t:|1776091213
|-terastallize|p1a: Raging Bolt|Fairy
|move|p2a: Great Tusk|Headlong Rush|p1a: Raging Bolt
|-damage|p1a: Raging Bolt|25/100
|-unboost|p2a: Great Tusk|def|1
|-unboost|p2a: Great Tusk|spd|1
|move|p1a: Raging Bolt|Dragon Pulse|p2a: Great Tusk
|-damage|p2a: Great Tusk|0 fnt
|faint|p2a: Great Tusk
|-end|p2a: Great Tusk|Protosynthesis|[silent]
|
|upkeep
|
|t:|1776091221
|switch|p2a: Ogerpon|Ogerpon, F|100/100
|turn|3
|
|t:|1776091227
|move|p1a: Raging Bolt|Thunderclap|p2a: Ogerpon
|-resisted|p2a: Ogerpon
|-damage|p2a: Ogerpon|55/100
|move|p2a: Ogerpon|Ivy Cudgel|p1a: Raging Bolt
|-damage|p1a: Raging Bolt|0 fnt
|faint|p1a: Raging Bolt
|-end|p1a: Raging Bolt|Protosynthesis|[silent]
|
|upkeep
|
|t:|1776091237
|switch|p1a: Ceruledge|Ceruledge, M|100/100
|turn|4
|
|t:|1776091240
|switch|p2a: Moltres|Moltres|100/100
|move|p1a: Ceruledge|Swords Dance|p1a: Ceruledge
|-boost|p1a: Ceruledge|atk|2
|
|upkeep
|turn|5
|
|t:|1776091247
|move|p1a: Ceruledge|Shadow Sneak|p2a: Moltres
|-damage|p2a: Moltres|66/100
|move|p2a: Moltres|Hurricane|p1a: Ceruledge|[miss]
|-miss|p2a: Moltres|p1a: Ceruledge
|
|upkeep
|turn|6
|
|t:|1776091256
|switch|p1a: Goodra|Goodra-Hisui, F|100/100
|move|p2a: Moltres|Roost|p2a: Moltres
|-heal|p2a: Moltres|100/100
|-singleturn|p2a: Moltres|move: Roost
|
|upkeep
|turn|7
|
|t:|1776091265
|move|p2a: Moltres|U-turn|p1a: Goodra
|-resisted|p1a: Goodra
|-crit|p1a: Goodra
|-damage|p1a: Goodra|90/100
|
|t:|1776091267
|switch|p2a: Ogerpon|Ogerpon, F|55/100|[from] U-turn
|move|p1a: Goodra|Dragon Tail|p2a: Ogerpon
|-damage|p2a: Ogerpon|28/100
|drag|p2a: Moltres|Moltres|100/100
|
|-heal|p1a: Goodra|96/100|[from] item: Leftovers
|upkeep
|turn|8
|
|t:|1776091276
|switch|p1a: Donphan|Donphan, F|100/100
|move|p2a: Moltres|U-turn|p1a: Donphan
|-damage|p1a: Donphan|92/100
|
|t:|1776091279
|switch|p2a: Ogerpon|Ogerpon, F|28/100|[from] U-turn
|
|-heal|p1a: Donphan|98/100|[from] item: Leftovers
|upkeep
|turn|9
|
|t:|1776091293
|move|p2a: Ogerpon|Ivy Cudgel|p1a: Donphan
|-supereffective|p1a: Donphan
|-damage|p1a: Donphan|9/100
|move|p1a: Donphan|Stealth Rock|p2a: Ogerpon
|-sidestart|p2: Testitify|move: Stealth Rock
|
|-heal|p1a: Donphan|15/100|[from] item: Leftovers
|upkeep
|turn|10
|
|t:|1776091303
|move|p2a: Ogerpon|Ivy Cudgel|p1a: Donphan
|-supereffective|p1a: Donphan
|-damage|p1a: Donphan|0 fnt
|faint|p1a: Donphan
|
|upkeep
|
|t:|1776091317
|switch|p1a: Mew|Mew|100/100
|turn|11
|
|t:|1776091320
|move|p2a: Ogerpon|Ivy Cudgel|p1a: Mew
|-damage|p1a: Mew|21/100
|move|p1a: Mew|Dragon Dance|p1a: Mew
|-boost|p1a: Mew|atk|1
|-boost|p1a: Mew|spe|1
|
|upkeep
|turn|12
|
|t:|1776091327
|switch|p2a: Moltres|Moltres|100/100
|move|p1a: Mew|Psychic Fangs|p2a: Moltres
|-damage|p2a: Moltres|45/100
|
|upkeep
|turn|13
|
|t:|1776091332
|move|p1a: Mew|Psychic Fangs|p2a: Moltres
|-damage|p2a: Moltres|0 fnt
|faint|p2a: Moltres
|
|upkeep
|
|t:|1776091335
|switch|p2a: Gholdengo|Gholdengo|100/100
|-damage|p2a: Gholdengo|94/100|[from] Stealth Rock
|turn|14
|
|t:|1776091344
|move|p1a: Mew|Psychic Fangs|p2a: Gholdengo
|-resisted|p2a: Gholdengo
|-damage|p2a: Gholdengo|62/100
|move|p2a: Gholdengo|Shadow Ball|p1a: Mew
|-supereffective|p1a: Mew
|-damage|p1a: Mew|0 fnt
|faint|p1a: Mew
|
|upkeep
|
|t:|1776091357
|switch|p1a: Glimmora|Glimmora, M|100/100
|turn|15
|
|t:|1776091362
|switch|p2a: Ogerpon|Ogerpon, F|28/100
|-damage|p2a: Ogerpon|16/100|[from] Stealth Rock
|move|p1a: Glimmora|Earth Power|p2a: Ogerpon
|-resisted|p2a: Ogerpon
|-damage|p2a: Ogerpon|0 fnt
|faint|p2a: Ogerpon
|
|upkeep
|
|t:|1776091366
|switch|p2a: Gholdengo|Gholdengo|62/100
|-damage|p2a: Gholdengo|56/100|[from] Stealth Rock
|turn|16
|
|t:|1776091376
|-terastallize|p2a: Gholdengo|Fairy
|move|p2a: Gholdengo|Shadow Ball|p1a: Glimmora
|-damage|p1a: Glimmora|41/100
|-unboost|p1a: Glimmora|spd|1
|move|p1a: Glimmora|Earth Power|p2a: Gholdengo
|-damage|p2a: Gholdengo|20/100
|
|upkeep
|turn|17
|
|t:|1776091385
|move|p2a: Gholdengo|Shadow Ball|p1a: Glimmora
|-damage|p1a: Glimmora|0 fnt
|faint|p1a: Glimmora
|
|upkeep
|
|t:|1776091393
|switch|p1a: Ceruledge|Ceruledge, M|100/100
|turn|18
|
|t:|1776091406
|switch|p2a: Primarina|Primarina, M|100/100
|-damage|p2a: Primarina|88/100|[from] Stealth Rock
|move|p1a: Ceruledge|Shadow Sneak|p2a: Primarina
|-damage|p2a: Primarina|63/100
|
|upkeep
|turn|19
|
|t:|1776091420
|switch|p1a: Goodra|Goodra-Hisui, F|96/100
|move|p2a: Primarina|Sparkling Aria|p1a: Goodra
|-resisted|p1a: Goodra
|-damage|p1a: Goodra|83/100
|
|-heal|p1a: Goodra|89/100|[from] item: Leftovers
|upkeep
|turn|20
|
|t:|1776091430
|switch|p2a: Dragapult|Dragapult, M|100/100
|-damage|p2a: Dragapult|88/100|[from] Stealth Rock
|move|p1a: Goodra|Heavy Slam|p2a: Dragapult
|-damage|p2a: Dragapult|25/100
|
|-heal|p1a: Goodra|95/100|[from] item: Leftovers
|upkeep
|turn|21
|
|t:|1776091441
|move|p1a: Goodra|Protect|p1a: Goodra
|-singleturn|p1a: Goodra|Protect
|move|p2a: Dragapult|Dragon Darts|p1a: Goodra
|-activate|p1a: Goodra|move: Protect
|
|-heal|p1a: Goodra|100/100|[from] item: Leftovers
|upkeep
|turn|22
|
|t:|1776091447
|move|p2a: Dragapult|Dragon Darts|p1a: Goodra
|-damage|p1a: Goodra|73/100
|-anim|p2a: Dragapult|Dragon Darts|p1a: Goodra
|-damage|p1a: Goodra|47/100
|-damage|p2a: Dragapult|15/100|[from] item: Life Orb
|move|p1a: Goodra|Heavy Slam|p2a: Dragapult
|-damage|p2a: Dragapult|0 fnt
|faint|p2a: Dragapult
|
|-heal|p1a: Goodra|53/100|[from] item: Leftovers
|upkeep
|
|t:|1776091453
|switch|p2a: Gholdengo|Gholdengo, tera:Fairy|20/100
|-damage|p2a: Gholdengo|7/100|[from] Stealth Rock
|turn|23
|
|t:|1776091460
|move|p1a: Goodra|Protect|p1a: Goodra
|-singleturn|p1a: Goodra|Protect
|move|p2a: Gholdengo|Focus Blast|p1a: Goodra
|-activate|p1a: Goodra|move: Protect
|
|-heal|p1a: Goodra|59/100|[from] item: Leftovers
|upkeep
|turn|24
|
|t:|1776091466
|switch|p2a: Primarina|Primarina, M|63/100
|-damage|p2a: Primarina|51/100|[from] Stealth Rock
|switch|p1a: Ceruledge|Ceruledge, M|100/100
|
|upkeep
|turn|25
|
|t:|1776091478
|switch|p1a: Goodra|Goodra-Hisui, F|59/100
|move|p2a: Primarina|Sparkling Aria|p1a: Goodra
|-resisted|p1a: Goodra
|-damage|p1a: Goodra|46/100
|
|-heal|p1a: Goodra|52/100|[from] item: Leftovers
|upkeep
|turn|26
|
|t:|1776091489
|move|p1a: Goodra|Protect|p1a: Goodra
|-singleturn|p1a: Goodra|Protect
|move|p2a: Primarina|Draining Kiss|p1a: Goodra
|-activate|p1a: Goodra|move: Protect
|
|-heal|p1a: Goodra|58/100|[from] item: Leftovers
|upkeep
|turn|27
|
|t:|1776091496
|move|p1a: Goodra|Heavy Slam|p2a: Primarina
|-damage|p2a: Primarina|5/100
|move|p2a: Primarina|Draining Kiss|p1a: Goodra
|-damage|p1a: Goodra|44/100
|-heal|p2a: Primarina|16/100|[from] drain|[of] p1a: Goodra
|
|-heal|p1a: Goodra|50/100|[from] item: Leftovers
|upkeep
|turn|28
|-message|Testitify forfeited.
|
|win|64wasian
|raw|64wasian's rating: 1387 &rarr; <strong>1408</strong><br />(+21 for winning)
|raw|Testitify's rating: 1402 &rarr; <strong>1381</strong><br />(-21 for losing)
|l|☆Testitify
|player|p2|
|l|☆64wasian
|player|p1|
