|html|<div class="broadcast-blue"><strong>[Gen 9] OU is currently suspecting Tera Blast! For information on how to participate check out the <a href="https://www.smogon.com/tools/suspects/view/200">suspect thread</a>.</strong></div>
|j|☆eros maniac
|j|☆twoflowersluggage
|t:|1776093590
|gametype|singles
|player|p1|eros maniac|hilbert-wonderlauncher|1599
|player|p2|twoflowersluggage|pokefan-gen6|1552
|gen|9
|tier|[Gen 9] OU
|rated|
|rule|HP Percentage Mod: HP is shown in percentages
|rule|Endless Battle Clause: Forcing endless battles is banned
|rule|Species Clause: Limit one of each Pokémon
|rule|OHKO Clause: OHKO moves are banned
|rule|Evasion Items Clause: Evasion items are banned
|rule|Evasion Moves Clause: Evasion moves are banned
|rule|Evasion Abilities Clause: Evasion abilities are banned
|rule|Sleep Moves Clause: Sleep-inducing moves are banned
|clearpoke
|poke|p1|Dragapult, F|
|poke|p1|Clodsire, F|
|poke|p1|Cinderace, M|
|poke|p1|Corviknight, F|
|poke|p1|Porygon-Z|
|poke|p1|Alomomola, M|
|poke|p2|Hatterene, F|
|poke|p2|Ursaluna, M|
|poke|p2|Porygon2|
|poke|p2|Cresselia, F|
|poke|p2|Iron Hands|
|poke|p2|Volcanion|
|teampreview
|inactive|Battle timer is ON: inactive players will automatically lose when time's up. (requested by eros maniac)
|j| Monkey D MinMin
|inactive|twoflowersluggage has 120 seconds left.
|
|t:|1776093644
|teamsize|p1|6
|teamsize|p2|6
|start
|switch|p1a: Porygon-Z|Porygon-Z|100/100
|switch|p2a: Ursaluna|Ursaluna, M|100/100
|-ability|p1a: Porygon-Z|Download|boost
|-boost|p1a: Porygon-Z|spa|1
|turn|1
|
|t:|1776093653
|move|p2a: Ursaluna|Protect|p2a: Ursaluna
|-singleturn|p2a: Ursaluna|Protect
|move|p1a: Porygon-Z|Tera Blast|p2a: Ursaluna
|-activate|p2a: Ursaluna|move: Protect
|
|-status|p2a: Ursaluna|brn|[from] item: Flame Orb
|upkeep
|turn|2
|
|t:|1776093664
|move|p1a: Porygon-Z|Tera Blast|p2a: Ursaluna
|-damage|p2a: Ursaluna|16/100 brn
|move|p2a: Ursaluna|Facade|p1a: Porygon-Z
|-damage|p1a: Porygon-Z|0 fnt
|faint|p1a: Porygon-Z
|
|-damage|p2a: Ursaluna|10/100 brn|[from] brn
|upkeep
|
|t:|1776093668
|switch|p1a: Dragapult|Dragapult, F|100/100
|turn|3
|
|t:|1776093676
|switch|p2a: Cresselia|Cresselia, F, shiny|100/100
|move|p1a: Dragapult|U-turn|p2a: Cresselia
|-supereffective|p2a: Cresselia
|-damage|p2a: Cresselia|66/100
|
|t:|1776093683
|switch|p1a: Cinderace|Cinderace, M|100/100|[from] U-turn
|
|upkeep
|turn|4
|inactive|twoflowersluggage has 120 seconds left.
|
|t:|1776093714
|move|p1a: Cinderace|U-turn|p2a: Cresselia
|-start|p1a: Cinderace|typechange|Bug|[from] ability: Libero
|-supereffective|p2a: Cresselia
|-damage|p2a: Cresselia|30/100
|
|t:|1776093719
|switch|p1a: Dragapult|Dragapult, F|100/100|[from] U-turn
|move|p2a: Cresselia|Trick Room|p2a: Cresselia
|-fieldstart|move: Trick Room|[of] p2a: Cresselia
|
|upkeep
|turn|5
|
|t:|1776093723
|switch|p1a: Alomomola|Alomomola, M|100/100
|move|p2a: Cresselia|Lunar Dance|p2a: Cresselia
|faint|p2a: Cresselia
|
|upkeep
|
|t:|1776093729
|switch|p2a: Iron Hands|Iron Hands|100/100
|-enditem|p2a: Iron Hands|Booster Energy
|-activate|p2a: Iron Hands|ability: Quark Drive|[fromitem]
|-start|p2a: Iron Hands|quarkdriveatk
|turn|6
|
|t:|1776093734
|switch|p1a: Clodsire|Clodsire, F, shiny|100/100
|move|p2a: Iron Hands|Swords Dance|p2a: Iron Hands
|-boost|p2a: Iron Hands|atk|2
|
|upkeep
|turn|7
|
|t:|1776093742
|move|p1a: Clodsire|Recover||[still]
|-fail|p1a: Clodsire|heal
|move|p2a: Iron Hands|Ice Punch|p1a: Clodsire
|-supereffective|p1a: Clodsire
|-damage|p1a: Clodsire|5/100
|
|upkeep
|turn|8
|
|t:|1776093750
|move|p1a: Clodsire|Recover|p1a: Clodsire
|-heal|p1a: Clodsire|56/100
|move|p2a: Iron Hands|Ice Punch|p1a: Clodsire
|-supereffective|p1a: Clodsire
|-damage|p1a: Clodsire|0 fnt
|faint|p1a: Clodsire
|
|-fieldend|move: Trick Room
|upkeep
|-message|eros maniac forfeited.
|
|win|twoflowersluggage
|raw|eros maniac's rating: 1599 &rarr; <strong>1576</strong><br />(-23 for losing)
|raw|twoflowersluggage's rating: 1552 &rarr; <strong>1575</strong><br />(+23 for winning)
|l|☆eros maniac
|player|p1|
|l|☆twoflowersluggage
|player|p2|
