|html|<div class="broadcast-blue"><strong>[Gen 9] OU is currently suspecting Tera Blast! For information on how to participate check out the <a href="https://www.smogon.com/tools/suspects/view/200">suspect thread</a>.</strong></div>
|j|☆Billwack123
|j|☆vzn.exe
|t:|1776090745
|gametype|singles
|player|p1|Billwack123|shadowtriad|1483
|player|p2|vzn.exe|lusamine-nihilego|1528
|gen|9
|tier|[Gen 9] OU
|rated|
|rule|HP Percentage Mod: HP is shown in percentages
|rule|Endless Battle Clause: Forcing endless battles is banned
|rule|Species Clause: Limit one of each Pokémon
|rule|OHKO Clause: OHKO moves are banned
|rule|Evasion Items Clause: Evasion items are banned
|rule|Evasion Moves Clause: Evasion moves are banned
|rule|Evasion Abilities Clause: Evasion abilities are banned
|rule|Sleep Moves Clause: Sleep-inducing moves are banned
|clearpoke
|poke|p1|Hoopa-Unbound|
|poke|p1|Zamazenta-*|
|poke|p1|Iron Moth|
|poke|p1|Kyurem|
|poke|p1|Dragonite, M|
|poke|p1|Great Tusk|
|poke|p2|Garganacl, F|
|poke|p2|Darkrai|
|poke|p2|Great Tusk|
|poke|p2|Hatterene, F|
|poke|p2|Tornadus-Therian, M|
|poke|p2|Dragonite, M|
|teampreview
|inactive|Battle timer is ON: inactive players will automatically lose when time's up. (requested by Billwack123)
|
|t:|1776090763
|teamsize|p1|6
|teamsize|p2|6
|start
|switch|p1a: Iron Moth|Iron Moth|100/100
|switch|p2a: Garganacl|Garganacl, F|100/100
|-enditem|p1a: Iron Moth|Booster Energy
|-activate|p1a: Iron Moth|ability: Quark Drive|[fromitem]
|-start|p1a: Iron Moth|quarkdrivespe
|turn|1
|inactive|vzn.exe also wants the timer to be on.
|
|t:|1776090780
|-end|p1a: Iron Moth|Quark Drive|[silent]
|switch|p1a: Great Tusk|Great Tusk|100/100
|-enditem|p1a: Great Tusk|Booster Energy
|-activate|p1a: Great Tusk|ability: Protosynthesis|[fromitem]
|-start|p1a: Great Tusk|protosynthesisatk
|move|p2a: Garganacl|Stealth Rock|p1a: Great Tusk
|-sidestart|p1: Billwack123|move: Stealth Rock
|
|upkeep
|turn|2
|
|t:|1776090797
|switch|p2a: Hatterene|Hatterene, F|100/100
|move|p1a: Great Tusk|Rapid Spin|p2a: Hatterene
|-damage|p2a: Hatterene|82/100
|-boost|p1a: Great Tusk|spe|1
|-damage|p1a: Great Tusk|84/100|[from] item: Rocky Helmet|[of] p2a: Hatterene
|-sideend|p1: Billwack123|Stealth Rock|[from] move: Rapid Spin|[of] p1a: Great Tusk
|
|upkeep
|turn|3
|
|t:|1776090814
|move|p1a: Great Tusk|Headlong Rush|p2a: Hatterene
|-damage|p2a: Hatterene|14/100
|-unboost|p1a: Great Tusk|def|1
|-unboost|p1a: Great Tusk|spd|1
|-damage|p1a: Great Tusk|68/100|[from] item: Rocky Helmet|[of] p2a: Hatterene
|move|p2a: Hatterene|Dazzling Gleam|p1a: Great Tusk
|-supereffective|p1a: Great Tusk
|-damage|p1a: Great Tusk|0 fnt
|faint|p1a: Great Tusk
|-end|p1a: Great Tusk|Protosynthesis|[silent]
|
|upkeep
|inactive|Billwack123 has 120 seconds left.
|
|t:|1776090849
|switch|p1a: Iron Moth|Iron Moth|100/100
|turn|4
|
|t:|1776090866
|switch|p2a: Garganacl|Garganacl, F|100/100
|move|p1a: Iron Moth|Fiery Dance|p2a: Garganacl
|-resisted|p2a: Garganacl
|-damage|p2a: Garganacl|86/100
|
|-heal|p2a: Garganacl|92/100|[from] item: Leftovers
|upkeep
|turn|5
|inactive|vzn.exe has 120 seconds left.
|
|t:|1776090883
|-end|p1a: Iron Moth|Quark Drive|[silent]
|switch|p1a: Hoopa|Hoopa-Unbound|100/100
|move|p2a: Garganacl|Stealth Rock|p1a: Hoopa
|-sidestart|p1: Billwack123|move: Stealth Rock
|
|-heal|p2a: Garganacl|98/100|[from] item: Leftovers
|upkeep
|turn|6
|inactive|vzn.exe has 120 seconds left.
|
|t:|1776090900
|move|p1a: Hoopa|Trick|p2a: Garganacl
|-activate|p1a: Hoopa|move: Trick|[of] p2a: Garganacl
|-item|p2a: Garganacl|Choice Scarf|[from] move: Trick
|-item|p1a: Hoopa|Leftovers|[from] move: Trick
|move|p2a: Garganacl|Salt Cure|p1a: Hoopa
|-damage|p1a: Hoopa|73/100
|-start|p1a: Hoopa|Salt Cure
|
|-heal|p1a: Hoopa|79/100|[from] item: Leftovers
|-damage|p1a: Hoopa|66/100|[from] Salt Cure
|upkeep
|turn|7
|inactive|vzn.exe has 120 seconds left.
|
|t:|1776090917
|move|p1a: Hoopa|Drain Punch|p2a: Garganacl
|-supereffective|p2a: Garganacl
|-damage|p2a: Garganacl|54/100
|-heal|p1a: Hoopa|96/100|[from] drain|[of] p2a: Garganacl
|move|p2a: Garganacl|Salt Cure|p1a: Hoopa
|-damage|p1a: Hoopa|71/100
|
|-heal|p1a: Hoopa|77/100|[from] item: Leftovers
|-damage|p1a: Hoopa|65/100|[from] Salt Cure
|upkeep
|turn|8
|
|t:|1776090935
|switch|p2a: Hatterene|Hatterene, F|14/100
|move|p1a: Hoopa|Drain Punch|p2a: Hatterene
|-resisted|p2a: Hatterene
|-damage|p2a: Hatterene|7/100
|-heal|p1a: Hoopa|68/100|[from] drain|[of] p2a: Hatterene
|-damage|p1a: Hoopa|52/100|[from] item: Rocky Helmet|[of] p2a: Hatterene
|
|-heal|p1a: Hoopa|58/100|[from] item: Leftovers
|-damage|p1a: Hoopa|45/100|[from] Salt Cure
|upkeep
|turn|9
|
|t:|1776090952
|move|p1a: Hoopa|Psychic Noise|p2a: Hatterene
|-resisted|p2a: Hatterene
|-damage|p2a: Hatterene|0 fnt
|faint|p2a: Hatterene
|
|-heal|p1a: Hoopa|51/100|[from] item: Leftovers
|-damage|p1a: Hoopa|39/100|[from] Salt Cure
|upkeep
|
|t:|1776090961
|switch|p2a: Great Tusk|Great Tusk|100/100
|-enditem|p2a: Great Tusk|Booster Energy
|-activate|p2a: Great Tusk|ability: Protosynthesis|[fromitem]
|-start|p2a: Great Tusk|protosynthesisatk
|turn|10
|
|t:|1776090969
|move|p2a: Great Tusk|Headlong Rush|p1a: Hoopa
|-crit|p1a: Hoopa
|-damage|p1a: Hoopa|0 fnt
|-unboost|p2a: Great Tusk|def|1
|-unboost|p2a: Great Tusk|spd|1
|faint|p1a: Hoopa
|
|upkeep
|
|t:|1776090972
|switch|p1a: Zamazenta|Zamazenta|100/100
|-damage|p1a: Zamazenta|94/100|[from] Stealth Rock
|-ability|p1a: Zamazenta|Dauntless Shield|boost
|-boost|p1a: Zamazenta|def|1
|turn|11
|
|t:|1776090989
|-end|p2a: Great Tusk|Protosynthesis|[silent]
|switch|p2a: Tornadus|Tornadus-Therian, M, shiny|100/100
|move|p1a: Zamazenta|Body Press|p2a: Tornadus
|-resisted|p2a: Tornadus
|-damage|p2a: Tornadus|69/100
|
|-heal|p1a: Zamazenta|100/100|[from] item: Leftovers
|upkeep
|turn|12
|
|t:|1776091006
|switch|p1a: Kyurem|Kyurem|100/100
|-damage|p1a: Kyurem|76/100|[from] Stealth Rock
|-ability|p1a: Kyurem|Pressure
|move|p2a: Tornadus|Bleakwind Storm|p1a: Kyurem
|-damage|p1a: Kyurem|53/100
|
|upkeep
|turn|13
|
|t:|1776091023
|move|p2a: Tornadus|U-turn|p1a: Kyurem
|-damage|p1a: Kyurem|40/100
|inactive|vzn.exe has 90 seconds left.
|
|t:|1776091040
|switch|p2a: Darkrai|Darkrai|100/100|[from] U-turn
|move|p1a: Kyurem|Ice Beam|p2a: Darkrai
|-damage|p2a: Darkrai|34/100
|
|upkeep
|turn|14
|inactive|vzn.exe has 90 seconds left.
|
|t:|1776091057
|move|p2a: Darkrai|Focus Blast|p1a: Kyurem|[miss]
|-miss|p2a: Darkrai|p1a: Kyurem
|move|p1a: Kyurem|Ice Beam|p2a: Darkrai
|-damage|p2a: Darkrai|0 fnt
|faint|p2a: Darkrai
|
|upkeep
|c|☆Billwack123|oof
|
|t:|1776091074
|switch|p2a: Great Tusk|Great Tusk|100/100
|turn|15
|
|t:|1776091091
|move|p1a: Kyurem|Ice Beam|p2a: Great Tusk
|-supereffective|p2a: Great Tusk
|-damage|p2a: Great Tusk|0 fnt
|faint|p2a: Great Tusk
|-end|p2a: Great Tusk|Protosynthesis|[silent]
|
|upkeep
|inactive|vzn.exe has 60 seconds left.
|
|t:|1776091107
|switch|p2a: Garganacl|Garganacl, F|54/100
|turn|16
|inactive|vzn.exe has 60 seconds left.
|
|t:|1776091124
|move|p1a: Kyurem|Earth Power|p2a: Garganacl
|-supereffective|p2a: Garganacl
|-damage|p2a: Garganacl|10/100
|move|p2a: Garganacl|Salt Cure|p1a: Kyurem
|-supereffective|p1a: Kyurem
|-damage|p1a: Kyurem|13/100
|-start|p1a: Kyurem|Salt Cure
|
|-damage|p1a: Kyurem|0 fnt|[from] Salt Cure
|faint|p1a: Kyurem
|upkeep
|
|t:|1776091131
|switch|p1a: Iron Moth|Iron Moth|100/100
|-damage|p1a: Iron Moth|76/100|[from] Stealth Rock
|turn|17
|inactive|vzn.exe has 60 seconds left.
|
|t:|1776091148
|switch|p2a: Tornadus|Tornadus-Therian, M, shiny|100/100
|move|p1a: Iron Moth|Fiery Dance|p2a: Tornadus
|-damage|p2a: Tornadus|72/100
|
|upkeep
|turn|18
|
|t:|1776091166
|move|p2a: Tornadus|Bleakwind Storm|p1a: Iron Moth
|-damage|p1a: Iron Moth|39/100
|move|p1a: Iron Moth|Sludge Wave|p2a: Tornadus
|-damage|p2a: Tornadus|40/100
|
|upkeep
|turn|19
|
|t:|1776091175
|move|p2a: Tornadus|U-turn|p1a: Iron Moth
|-resisted|p1a: Iron Moth
|-damage|p1a: Iron Moth|34/100
|
|t:|1776091185
|switch|p2a: Garganacl|Garganacl, F|10/100|[from] U-turn
|move|p1a: Iron Moth|Sludge Wave|p2a: Garganacl
|-resisted|p2a: Garganacl
|-damage|p2a: Garganacl|0 fnt
|faint|p2a: Garganacl
|
|upkeep
|
|t:|1776091194
|switch|p2a: Tornadus|Tornadus-Therian, M, shiny|74/100
|turn|20
|
|t:|1776091203
|move|p2a: Tornadus|Bleakwind Storm|p1a: Iron Moth
|-damage|p1a: Iron Moth|0 fnt
|faint|p1a: Iron Moth
|-end|p1a: Iron Moth|Quark Drive|[silent]
|
|upkeep
|
|t:|1776091205
|switch|p1a: Dragonite|Dragonite, M|100/100
|turn|21
|
|t:|1776091214
|move|p2a: Tornadus|Knock Off|p1a: Dragonite
|-damage|p1a: Dragonite|88/100
|-enditem|p1a: Dragonite|Heavy-Duty Boots|[from] move: Knock Off|[of] p2a: Tornadus
|move|p1a: Dragonite|Dragon Dance|p1a: Dragonite
|-boost|p1a: Dragonite|atk|1
|-boost|p1a: Dragonite|spe|1
|
|upkeep
|turn|22
|inactive|vzn.exe has 60 seconds left.
|
|t:|1776091231
|-terastallize|p1a: Dragonite|Flying
|move|p1a: Dragonite|Tera Blast|p2a: Tornadus|[anim] Tera Blast Flying
|-damage|p2a: Tornadus|0 fnt
|faint|p2a: Tornadus
|
|upkeep
|inactive|vzn.exe has 60 seconds left.
|
|t:|1776091245
|switch|p2a: Dragonite|Dragonite, M|100/100
|turn|23
|inactive|vzn.exe has 60 seconds left.
|
|t:|1776091261
|move|p2a: Dragonite|Extreme Speed|p1a: Dragonite
|-crit|p1a: Dragonite
|-damage|p1a: Dragonite|26/100
|move|p1a: Dragonite|Tera Blast|p2a: Dragonite|[anim] Tera Blast Flying
|-damage|p2a: Dragonite|53/100
|
|upkeep
|turn|24
|
|t:|1776091277
|move|p1a: Dragonite|Extreme Speed|p2a: Dragonite
|-damage|p2a: Dragonite|9/100
|move|p2a: Dragonite|Extreme Speed|p1a: Dragonite
|-damage|p1a: Dragonite|0 fnt
|faint|p1a: Dragonite
|
|upkeep
|
|t:|1776091281
|switch|p1a: Zamazenta|Zamazenta|100/100
|-damage|p1a: Zamazenta|94/100|[from] Stealth Rock
|turn|25
|
|t:|1776091284
|move|p1a: Zamazenta|Crunch|p2a: Dragonite
|-damage|p2a: Dragonite|0 fnt
|faint|p2a: Dragonite
|
|win|Billwack123
|raw|Billwack123's rating: 1483 &rarr; <strong>1506</strong><br />(+23 for winning)
|raw|vzn.exe's rating: 1528 &rarr; <strong>1505</strong><br />(-23 for losing)
