|html|<div class="broadcast-blue"><strong>[Gen 9] OU is currently suspecting Tera Blast! For information on how to participate check out the <a href="https://www.smogon.com/tools/suspects/view/200">suspect thread</a>.</strong></div>
|j|☆Tunderboltz
|j|☆davey scatino
|t:|1776285512
|gametype|singles
|player|p1|Tunderboltz|drayton|1584
|player|p2|davey scatino|lucas|1532
|gen|9
|tier|[Gen 9] OU
|rated|
|rule|HP Percentage Mod: HP is shown in percentages
|rule|Endless Battle Clause: Forcing endless battles is banned
|rule|Species Clause: Limit one of each Pokémon
|rule|OHKO Clause: OHKO moves are banned
|rule|Evasion Items Clause: Evasion items are banned
|rule|Evasion Moves Clause: Evasion moves are banned
|rule|Evasion Abilities Clause: Evasion abilities are banned
|rule|Sleep Moves Clause: Sleep-inducing moves are banned
|clearpoke
|poke|p1|Haxorus, M|
|poke|p1|Hatterene, F|
|poke|p1|Samurott-Hisui, M|
|poke|p1|Garchomp, M|
|poke|p1|Gholdengo|
|poke|p1|Iron Moth|
|poke|p2|Manaphy|
|poke|p2|Clodsire, M|
|poke|p2|Great Tusk|
|poke|p2|Zamazenta-*|
|poke|p2|Darkrai|
|poke|p2|Lokix, F|
|teampreview
|inactive|Battle timer is ON: inactive players will automatically lose when time's up. (requested by davey scatino)
|inactive|Tunderboltz also wants the timer to be on.
|
|t:|1776285539
|teamsize|p1|6
|teamsize|p2|6
|start
|switch|p1a: Vergil|Garchomp, M|100/100
|switch|p2a: Bully|Darkrai|100/100
|turn|1
|
|t:|1776285547
|switch|p1a: Miles|Gholdengo|100/100
|move|p2a: Bully|Ice Beam|p1a: Miles
|-resisted|p1a: Miles
|-damage|p1a: Miles|82/100
|
|upkeep
|turn|2
|
|t:|1776285556
|switch|p2a: Clodie|Clodsire, M|100/100
|move|p1a: Miles|Trick|p2a: Clodie
|-activate|p1a: Miles|move: Trick|[of] p2a: Clodie
|-item|p2a: Clodie|Choice Scarf|[from] move: Trick
|-item|p1a: Miles|Leftovers|[from] move: Trick
|
|-heal|p1a: Miles|88/100|[from] item: Leftovers
|upkeep
|turn|3
|
|t:|1776285562
|switch|p1a: Teresa|Hatterene, F|100/100
|move|p2a: Clodie|Stealth Rock|p1a: Teresa
|move|p1a: Teresa|Stealth Rock|p2a: Clodie|[from] ability: Magic Bounce
|-sidestart|p2: davey scatino|move: Stealth Rock
|
|upkeep
|turn|4
|
|t:|1776285571
|switch|p2a: the don|Great Tusk|100/100
|-damage|p2a: the don|98/100|[from] Stealth Rock
|move|p1a: Teresa|Calm Mind|p1a: Teresa
|-boost|p1a: Teresa|spa|1
|-boost|p1a: Teresa|spd|1
|
|-heal|p2a: the don|100/100|[from] item: Leftovers
|upkeep
|turn|5
|
|t:|1776285578
|move|p2a: the don|Rapid Spin|p1a: Teresa
|-damage|p1a: Teresa|88/100
|-boost|p2a: the don|spe|1
|-sideend|p2: davey scatino|Stealth Rock|[from] move: Rapid Spin|[of] p2a: the don
|move|p1a: Teresa|Draining Kiss|p2a: the don
|-supereffective|p2a: the don
|-damage|p2a: the don|17/100
|-heal|p1a: Teresa|100/100|[from] drain|[of] p2a: the don
|
|-heal|p2a: the don|23/100|[from] item: Leftovers
|upkeep
|turn|6
|
|t:|1776285585
|move|p2a: the don|Knock Off|p1a: Teresa
|-damage|p1a: Teresa|77/100
|-enditem|p1a: Teresa|Leftovers|[from] move: Knock Off|[of] p2a: the don
|move|p1a: Teresa|Draining Kiss|p2a: the don
|-supereffective|p2a: the don
|-crit|p2a: the don
|-damage|p2a: the don|0 fnt
|-heal|p1a: Teresa|100/100|[from] drain|[of] p2a: the don
|faint|p2a: the don
|-end|p2a: the don|Protosynthesis|[silent]
|
|upkeep
|
|t:|1776285599
|switch|p2a: Bubbles|Manaphy|100/100
|turn|7
|
|t:|1776285610
|move|p2a: Bubbles|Take Heart|p2a: Bubbles
|-boost|p2a: Bubbles|spa|1
|-boost|p2a: Bubbles|spd|1
|move|p1a: Teresa|Calm Mind|p1a: Teresa
|-boost|p1a: Teresa|spa|1
|-boost|p1a: Teresa|spd|1
|
|upkeep
|turn|8
|
|t:|1776285612
|move|p2a: Bubbles|Take Heart|p2a: Bubbles
|-boost|p2a: Bubbles|spa|1
|-boost|p2a: Bubbles|spd|1
|move|p1a: Teresa|Calm Mind|p1a: Teresa
|-boost|p1a: Teresa|spa|1
|-boost|p1a: Teresa|spd|1
|
|upkeep
|turn|9
|
|t:|1776285614
|move|p2a: Bubbles|Take Heart|p2a: Bubbles
|-boost|p2a: Bubbles|spa|1
|-boost|p2a: Bubbles|spd|1
|move|p1a: Teresa|Psyshock|p2a: Bubbles
|-damage|p2a: Bubbles|39/100
|
|-heal|p2a: Bubbles|45/100|[from] item: Leftovers
|upkeep
|turn|10
|
|t:|1776285632
|-terastallize|p1a: Teresa|Water
|move|p2a: Bubbles|Scald|p1a: Teresa
|-resisted|p1a: Teresa
|-crit|p1a: Teresa
|-damage|p1a: Teresa|51/100
|move|p1a: Teresa|Psyshock|p2a: Bubbles
|-damage|p2a: Bubbles|0 fnt
|faint|p2a: Bubbles
|
|upkeep
|c|☆Tunderboltz|ah I knew it
|
|t:|1776285641
|switch|p2a: ON SIGHT|Lokix, F|100/100
|turn|11
|c|☆Tunderboltz|I knew the game would try to defeat force here
|
|t:|1776285648
|move|p2a: ON SIGHT|First Impression|p1a: Teresa
|-damage|p1a: Teresa|6/100
|-damage|p2a: ON SIGHT|91/100|[from] item: Life Orb
|move|p1a: Teresa|Draining Kiss|p2a: ON SIGHT
|-supereffective|p2a: ON SIGHT
|-damage|p2a: ON SIGHT|0 fnt
|-heal|p1a: Teresa|66/100|[from] drain|[of] p2a: ON SIGHT
|faint|p2a: ON SIGHT
|
|upkeep
|
|t:|1776285661
|switch|p2a: Bully|Darkrai|100/100
|turn|12
|
|t:|1776285669
|move|p2a: Bully|Trick|p1a: Teresa
|-activate|p2a: Bully|move: Trick|[of] p1a: Teresa
|-item|p1a: Teresa|Choice Scarf|[from] move: Trick
|-enditem|p2a: Bully|Choice Scarf|[silent]|[from] move: Trick
|move|p1a: Teresa|Draining Kiss|p2a: Bully
|-supereffective|p2a: Bully
|-damage|p2a: Bully|0 fnt
|-heal|p1a: Teresa|100/100|[from] drain|[of] p2a: Bully
|faint|p2a: Bully
|
|upkeep
|
|t:|1776285673
|switch|p2a: BDGE|Zamazenta|100/100
|-ability|p2a: BDGE|Dauntless Shield|boost
|-boost|p2a: BDGE|def|1
|turn|13
|
|t:|1776285686
|-terastallize|p2a: BDGE|Steel
|move|p2a: BDGE|Iron Defense|p2a: BDGE
|-boost|p2a: BDGE|def|2
|move|p1a: Teresa|Draining Kiss|p2a: BDGE
|-resisted|p2a: BDGE
|-damage|p2a: BDGE|77/100
|
|-heal|p2a: BDGE|83/100|[from] item: Leftovers
|upkeep
|turn|14
|
|t:|1776285692
|switch|p1a: Vergil|Garchomp, M|100/100
|move|p2a: BDGE|Iron Defense|p2a: BDGE
|-boost|p2a: BDGE|def|2
|
|-heal|p2a: BDGE|89/100|[from] item: Leftovers
|upkeep
|turn|15
|
|t:|1776285700
|move|p2a: BDGE|Body Press|p1a: Vergil
|-damage|p1a: Vergil|0 fnt
|-damage|p2a: BDGE|77/100|[from] ability: Rough Skin|[of] p1a: Vergil
|-damage|p2a: BDGE|60/100|[from] item: Rocky Helmet|[of] p1a: Vergil
|faint|p1a: Vergil
|
|-heal|p2a: BDGE|66/100|[from] item: Leftovers
|upkeep
|
|t:|1776285705
|switch|p1a: Miles|Gholdengo|88/100
|turn|16
|
|t:|1776285712
|move|p2a: BDGE|Crunch|p1a: Miles
|-supereffective|p1a: Miles
|-damage|p1a: Miles|35/100
|move|p1a: Miles|Focus Blast|p2a: BDGE
|-supereffective|p2a: BDGE
|-damage|p2a: BDGE|0 fnt
|faint|p2a: BDGE
|
|-heal|p1a: Miles|41/100|[from] item: Leftovers
|upkeep
|
|t:|1776285717
|switch|p2a: Clodie|Clodsire, M|100/100
|turn|17
|
|t:|1776285723
|move|p1a: Miles|Shadow Ball|p2a: Clodie
|-damage|p2a: Clodie|77/100
|move|p2a: Clodie|Earthquake|p1a: Miles
|-supereffective|p1a: Miles
|-damage|p1a: Miles|0 fnt
|faint|p1a: Miles
|
|upkeep
|
|t:|1776285747
|switch|p1a: Raiden|Haxorus, M, shiny|100/100
|-ability|p1a: Raiden|Mold Breaker
|turn|18
|
|t:|1776285750
|move|p1a: Raiden|Scale Shot|p2a: Clodie
|-damage|p2a: Clodie|62/100
|-damage|p2a: Clodie|46/100
|-damage|p2a: Clodie|31/100
|-damage|p2a: Clodie|15/100
|-damage|p2a: Clodie|0 fnt
|faint|p2a: Clodie
|-hitcount|p2: Clodie|5
|
|win|Tunderboltz
|raw|Tunderboltz's rating: 1602 &rarr; <strong>1618</strong><br />(+16 for winning)
|raw|davey scatino's rating: 1532 &rarr; <strong>1516</strong><br />(-16 for losing)
|l|☆davey scatino
|player|p2|
|c|☆Tunderboltz|gg
