|html|<div class="broadcast-blue"><strong>[Gen 9] OU is currently suspecting Tera Blast! For information on how to participate check out the <a href="https://www.smogon.com/tools/suspects/view/200">suspect thread</a>.</strong></div>
|j|☆cncom
|j|☆srobbied
|t:|1776046691
|gametype|singles
|player|p1|cncom|266|1405
|player|p2|srobbied|1|1463
|gen|9
|tier|[Gen 9] OU
|rated|
|rule|HP Percentage Mod: HP is shown in percentages
|rule|Endless Battle Clause: Forcing endless battles is banned
|rule|Species Clause: Limit one of each Pokémon
|rule|OHKO Clause: OHKO moves are banned
|rule|Evasion Items Clause: Evasion items are banned
|rule|Evasion Moves Clause: Evasion moves are banned
|rule|Evasion Abilities Clause: Evasion abilities are banned
|rule|Sleep Moves Clause: Sleep-inducing moves are banned
|clearpoke
|poke|p1|Gliscor, M|
|poke|p1|Heatran, M|
|poke|p1|Sinistcha|
|poke|p1|Corviknight, M|
|poke|p1|Tentacruel, M|
|poke|p1|Darkrai|
|poke|p2|Ceruledge, M|
|poke|p2|Pelipper, M|
|poke|p2|Hoopa-Unbound|
|poke|p2|Rillaboom, M|
|poke|p2|Raging Bolt|
|poke|p2|Great Tusk|
|teampreview
|inactive|Battle timer is ON: inactive players will automatically lose when time's up. (requested by cncom)
|inactive|srobbied has 120 seconds left.
|
|t:|1776046727
|teamsize|p1|6
|teamsize|p2|6
|start
|switch|p1a: Gliskibidi|Gliscor, M|100/100
|switch|p2a: Pelipper|Pelipper, M, shiny|100/100
|-weather|RainDance|[from] ability: Drizzle|[of] p2a: Pelipper
|turn|1
|
|t:|1776046736
|move|p1a: Gliskibidi|Protect|p1a: Gliskibidi
|-singleturn|p1a: Gliskibidi|Protect
|move|p2a: Pelipper|Weather Ball|p1a: Gliskibidi
|-activate|p1a: Gliskibidi|move: Protect
|
|-weather|RainDance|[upkeep]
|-status|p1a: Gliskibidi|tox|[from] item: Toxic Orb
|upkeep
|turn|2
|
|t:|1776046746
|switch|p1a: The Squiddler|Tentacruel, M, shiny|100/100
|switch|p2a: Hoopa|Hoopa-Unbound|100/100
|
|-weather|RainDance|[upkeep]
|upkeep
|turn|3
|
|t:|1776046755
|move|p1a: The Squiddler|Surf|p2a: Hoopa
|-damage|p2a: Hoopa|57/100
|move|p2a: Hoopa|Hyperspace Fury|p1a: The Squiddler
|-damage|p1a: The Squiddler|0 fnt
|-unboost|p2a: Hoopa|def|1
|faint|p1a: The Squiddler
|
|-weather|RainDance|[upkeep]
|upkeep
|
|t:|1776046772
|switch|p1a: Gliskibidi|Gliscor, M|100/100 tox
|turn|4
|
|t:|1776046784
|switch|p2a: Pelipper|Pelipper, M, shiny|100/100
|move|p1a: Gliskibidi|Earthquake|p2a: Pelipper
|-immune|p2a: Pelipper
|
|-weather|RainDance|[upkeep]
|upkeep
|turn|5
|
|t:|1776046809
|move|p1a: Gliskibidi|Protect|p1a: Gliskibidi
|-singleturn|p1a: Gliskibidi|Protect
|move|p2a: Pelipper|Ice Beam|p1a: Gliskibidi
|-activate|p1a: Gliskibidi|move: Protect
|
|-weather|none
|upkeep
|turn|6
|
|t:|1776046820
|switch|p1a: Hephaepstein|Heatran, M|100/100
|move|p2a: Pelipper|Ice Beam|p1a: Hephaepstein
|-resisted|p1a: Hephaepstein
|-crit|p1a: Hephaepstein
|-damage|p1a: Hephaepstein|90/100
|
|-heal|p1a: Hephaepstein|97/100|[from] item: Leftovers
|upkeep
|turn|7
|
|t:|1776046834
|switch|p2a: Ceruledge|Ceruledge, M, shiny|100/100
|move|p1a: Hephaepstein|Stealth Rock|p2a: Ceruledge
|-sidestart|p2: srobbied|move: Stealth Rock
|
|-heal|p1a: Hephaepstein|100/100|[from] item: Leftovers
|upkeep
|turn|8
|inactive|srobbied has 120 seconds left.
|
|t:|1776046857
|switch|p2a: Pelipper|Pelipper, M, shiny|100/100
|-damage|p2a: Pelipper|76/100|[from] Stealth Rock
|-weather|RainDance|[from] ability: Drizzle|[of] p2a: Pelipper
|move|p1a: Hephaepstein|Earth Power|p2a: Pelipper
|-immune|p2a: Pelipper
|
|-weather|RainDance|[upkeep]
|upkeep
|turn|9
|inactive|srobbied has 120 seconds left.
|
|t:|1776046880
|switch|p1a: Charlie Kirsch|Sinistcha|100/100
|move|p2a: Pelipper|Weather Ball|p1a: Charlie Kirsch
|-resisted|p1a: Charlie Kirsch
|-damage|p1a: Charlie Kirsch|36/100
|
|-weather|RainDance|[upkeep]
|upkeep
|turn|10
|
|t:|1776046891
|move|p1a: Charlie Kirsch|Matcha Gotcha|p2a: Pelipper
|-damage|p2a: Pelipper|33/100
|-heal|p1a: Charlie Kirsch|56/100|[from] drain|[of] p2a: Pelipper
|move|p2a: Pelipper|Weather Ball|p1a: Charlie Kirsch
|-resisted|p1a: Charlie Kirsch
|-damage|p1a: Charlie Kirsch|0 fnt
|faint|p1a: Charlie Kirsch
|
|-weather|RainDance|[upkeep]
|upkeep
|
|t:|1776046902
|switch|p1a: DreamNotFound|Darkrai|100/100
|turn|11
|inactive|srobbied has 120 seconds left.
|inactive|srobbied has 90 seconds left.
|
|t:|1776046954
|switch|p2a: Great Tusk|Great Tusk|100/100
|-damage|p2a: Great Tusk|97/100|[from] Stealth Rock
|move|p1a: DreamNotFound|Dark Pulse|p2a: Great Tusk
|-resisted|p2a: Great Tusk
|-damage|p2a: Great Tusk|62/100
|
|-weather|RainDance|[upkeep]
|upkeep
|turn|12
|
|t:|1776046968
|move|p1a: DreamNotFound|Ice Beam|p2a: Great Tusk
|-supereffective|p2a: Great Tusk
|-damage|p2a: Great Tusk|0 fnt
|faint|p2a: Great Tusk
|-end|p2a: Great Tusk|Protosynthesis|[silent]
|
|-weather|none
|upkeep
|
|t:|1776046989
|switch|p2a: Rillaboom|Rillaboom, M, shiny|100/100
|-damage|p2a: Rillaboom|88/100|[from] Stealth Rock
|-fieldstart|move: Grassy Terrain|[from] ability: Grassy Surge|[of] p2a: Rillaboom
|turn|13
|inactive|srobbied has 60 seconds left.
|
|t:|1776047005
|switch|p1a: Hephaepstein|Heatran, M|100/100
|switch|p2a: Pelipper|Pelipper, M, shiny|33/100
|-damage|p2a: Pelipper|8/100|[from] Stealth Rock
|-weather|RainDance|[from] ability: Drizzle|[of] p2a: Pelipper
|
|-weather|RainDance|[upkeep]
|upkeep
|turn|14
|inactive|srobbied has 60 seconds left.
|
|t:|1776047016
|move|p1a: Hephaepstein|Magma Storm|p2a: Pelipper
|-resisted|p2a: Pelipper
|-damage|p2a: Pelipper|0 fnt
|faint|p2a: Pelipper
|
|-weather|RainDance|[upkeep]
|upkeep
|inactive|srobbied has 60 seconds left.
|inactive|srobbied has 30 seconds left.
|
|t:|1776047052
|switch|p2a: Hoopa|Hoopa-Unbound|57/100
|-damage|p2a: Hoopa|44/100|[from] Stealth Rock
|turn|15
|
|t:|1776047065
|move|p2a: Hoopa|Hyperspace Fury|p1a: Hephaepstein
|-damage|p1a: Hephaepstein|13/100
|-unboost|p2a: Hoopa|def|1
|move|p1a: Hephaepstein|Will-O-Wisp|p2a: Hoopa
|-status|p2a: Hoopa|brn
|
|-weather|RainDance|[upkeep]
|-heal|p2a: Hoopa|50/100 brn|[from] Grassy Terrain
|-heal|p1a: Hephaepstein|19/100|[from] Grassy Terrain
|-heal|p1a: Hephaepstein|26/100|[from] item: Leftovers
|-damage|p2a: Hoopa|44/100 brn|[from] brn
|upkeep
|turn|16
|
|t:|1776047078
|switch|p1a: Gliskibidi|Gliscor, M|100/100 tox
|move|p2a: Hoopa|Hyperspace Fury|p1a: Gliskibidi
|-crit|p1a: Gliskibidi
|-damage|p1a: Gliskibidi|45/100 tox
|-unboost|p2a: Hoopa|def|1
|
|-weather|RainDance|[upkeep]
|-heal|p2a: Hoopa|50/100 brn|[from] Grassy Terrain
|-heal|p1a: Gliskibidi|58/100 tox|[from] ability: Poison Heal
|-damage|p2a: Hoopa|44/100 brn|[from] brn
|upkeep
|turn|17
|inactive|srobbied has 30 seconds left.
|inactive|srobbied has 20 seconds left.
|
|t:|1776047105
|move|p1a: Gliskibidi|Earthquake|p2a: Hoopa
|-damage|p2a: Hoopa|0 fnt
|faint|p2a: Hoopa
|
|-weather|none
|-heal|p1a: Gliskibidi|70/100 tox|[from] ability: Poison Heal
|-fieldend|move: Grassy Terrain
|upkeep
|inactive|srobbied has 25 seconds left this turn.
|inactive|srobbied has 20 seconds left.
|inactive|srobbied has 15 seconds left.
|inactive|srobbied has 10 seconds left.
|
|t:|1776047123
|switch|p2a: Rillaboom|Rillaboom, M, shiny|88/100
|-damage|p2a: Rillaboom|76/100|[from] Stealth Rock
|-fieldstart|move: Grassy Terrain|[from] ability: Grassy Surge|[of] p2a: Rillaboom
|turn|18
|inactive|srobbied has 20 seconds left this turn.
|inactive|srobbied has 15 seconds left.
|
|t:|1776047133
|move|p1a: Gliskibidi|Protect|p1a: Gliskibidi
|-singleturn|p1a: Gliskibidi|Protect
|move|p2a: Rillaboom|Swords Dance|p2a: Rillaboom
|-boost|p2a: Rillaboom|atk|2
|
|-heal|p2a: Rillaboom|82/100|[from] Grassy Terrain
|-heal|p1a: Gliskibidi|83/100 tox|[from] ability: Poison Heal
|upkeep
|turn|19
|inactive|srobbied has 25 seconds left this turn.
|inactive|srobbied has 20 seconds left.
|
|t:|1776047152
|-terastallize|p2a: Rillaboom|Grass
|move|p2a: Rillaboom|Grassy Glide|p1a: Gliskibidi
|-damage|p1a: Gliskibidi|0 fnt
|faint|p1a: Gliskibidi
|-damage|p2a: Rillaboom|72/100|[from] item: Life Orb
|
|-heal|p2a: Rillaboom|78/100|[from] Grassy Terrain
|upkeep
|
|t:|1776047160
|switch|p1a: MEGA KNIGHT|Corviknight, M|100/100
|-ability|p1a: MEGA KNIGHT|Pressure
|turn|20
|inactive|srobbied has 30 seconds left.
|inactive|srobbied has 20 seconds left.
|
|t:|1776047176
|switch|p2a: Ceruledge|Ceruledge, M, shiny|100/100
|-damage|p2a: Ceruledge|76/100|[from] Stealth Rock
|move|p1a: MEGA KNIGHT|Iron Defense|p1a: MEGA KNIGHT
|-boost|p1a: MEGA KNIGHT|def|2
|
|-heal|p2a: Ceruledge|82/100|[from] Grassy Terrain
|upkeep
|turn|21
|inactive|srobbied has 30 seconds left this turn.
|inactive|srobbied has 20 seconds left.
|
|t:|1776047191
|switch|p2a: Raging Bolt|Raging Bolt|100/100
|-damage|p2a: Raging Bolt|88/100|[from] Stealth Rock
|move|p1a: MEGA KNIGHT|U-turn|p2a: Raging Bolt
|-damage|p2a: Raging Bolt|76/100
|
|t:|1776047197
|switch|p1a: DreamNotFound|Darkrai|100/100|[from] U-turn
|
|-heal|p2a: Raging Bolt|82/100|[from] Grassy Terrain
|upkeep
|turn|22
|inactive|srobbied has 30 seconds left.
|
|t:|1776047205
|move|p2a: Raging Bolt|Thunderclap|p1a: DreamNotFound
|-damage|p1a: DreamNotFound|14/100
|-damage|p2a: Raging Bolt|72/100|[from] item: Life Orb
|move|p1a: DreamNotFound|Ice Beam|p2a: Raging Bolt
|-supereffective|p2a: Raging Bolt
|-damage|p2a: Raging Bolt|22/100
|
|-heal|p1a: DreamNotFound|20/100|[from] Grassy Terrain
|-heal|p2a: Raging Bolt|28/100|[from] Grassy Terrain
|-fieldend|move: Grassy Terrain
|upkeep
|turn|23
|inactive|srobbied has 30 seconds left.
|
|t:|1776047218
|switch|p1a: Hephaepstein|Heatran, M|26/100
|move|p2a: Raging Bolt|Thunderclap||[still]
|-fail|p2a: Raging Bolt
|
|-heal|p1a: Hephaepstein|32/100|[from] item: Leftovers
|upkeep
|turn|24
|
|t:|1776047222
|move|p1a: Hephaepstein|Earth Power|p2a: Raging Bolt
|-supereffective|p2a: Raging Bolt
|-damage|p2a: Raging Bolt|0 fnt
|faint|p2a: Raging Bolt
|-end|p2a: Raging Bolt|Protosynthesis|[silent]
|
|-heal|p1a: Hephaepstein|38/100|[from] item: Leftovers
|upkeep
|
|t:|1776047234
|switch|p2a: Ceruledge|Ceruledge, M, shiny|82/100
|-damage|p2a: Ceruledge|57/100|[from] Stealth Rock
|turn|25
|
|t:|1776047241
|move|p2a: Ceruledge|Close Combat|p1a: Hephaepstein
|-supereffective|p1a: Hephaepstein
|-damage|p1a: Hephaepstein|0 fnt
|-unboost|p2a: Ceruledge|def|1
|-unboost|p2a: Ceruledge|spd|1
|faint|p1a: Hephaepstein
|-damage|p2a: Ceruledge|47/100|[from] item: Life Orb
|
|upkeep
|
|t:|1776047264
|switch|p1a: DreamNotFound|Darkrai|20/100
|turn|26
|
|t:|1776047273
|move|p2a: Ceruledge|Shadow Sneak|p1a: DreamNotFound
|-resisted|p1a: DreamNotFound
|-damage|p1a: DreamNotFound|2/100
|-damage|p2a: Ceruledge|37/100|[from] item: Life Orb
|move|p1a: DreamNotFound|Dark Pulse|p2a: Ceruledge
|-supereffective|p2a: Ceruledge
|-damage|p2a: Ceruledge|0 fnt
|faint|p2a: Ceruledge
|
|upkeep
|
|t:|1776047276
|switch|p2a: Rillaboom|Rillaboom, M, shiny, tera:Grass|78/100
|-damage|p2a: Rillaboom|66/100|[from] Stealth Rock
|-fieldstart|move: Grassy Terrain|[from] ability: Grassy Surge|[of] p2a: Rillaboom
|turn|27
|
|t:|1776047285
|move|p2a: Rillaboom|Grassy Glide|p1a: DreamNotFound
|-damage|p1a: DreamNotFound|0 fnt
|faint|p1a: DreamNotFound
|-damage|p2a: Rillaboom|56/100|[from] item: Life Orb
|
|-heal|p2a: Rillaboom|62/100|[from] Grassy Terrain
|upkeep
|
|t:|1776047287
|switch|p1a: MEGA KNIGHT|Corviknight, M|100/100
|-ability|p1a: MEGA KNIGHT|Pressure
|turn|28
|-message|srobbied forfeited.
|
|win|cncom
|raw|cncom's rating: 1405 &rarr; <strong>1428</strong><br />(+23 for winning)
|raw|srobbied's rating: 1463 &rarr; <strong>1440</strong><br />(-23 for losing)
|l|☆srobbied
|player|p2|
|l|☆cncom
|player|p1|
