|html|<div class="broadcast-blue"><strong>[Gen 9] OU is currently suspecting Tera Blast! For information on how to participate check out the <a href="https://www.smogon.com/tools/suspects/view/200">suspect thread</a>.</strong></div>
|j|☆NoIdeas4Names
|j|☆esotericsnail
|t:|1776116683
|gametype|singles
|player|p1|NoIdeas4Names|266|1197
|player|p2|esotericsnail|1|1203
|gen|9
|tier|[Gen 9] OU
|rated|
|rule|HP Percentage Mod: HP is shown in percentages
|rule|Endless Battle Clause: Forcing endless battles is banned
|rule|Species Clause: Limit one of each Pokémon
|rule|OHKO Clause: OHKO moves are banned
|rule|Evasion Items Clause: Evasion items are banned
|rule|Evasion Moves Clause: Evasion moves are banned
|rule|Evasion Abilities Clause: Evasion abilities are banned
|rule|Sleep Moves Clause: Sleep-inducing moves are banned
|clearpoke
|poke|p1|Ursaluna, M|
|poke|p1|Rillaboom, M|
|poke|p1|Hawlucha, M|
|poke|p1|Zamazenta-*|
|poke|p1|Hatterene, F|
|poke|p1|Gholdengo|
|poke|p2|Ninetales-Alola, M|
|poke|p2|Kyurem|
|poke|p2|Zamazenta-*|
|poke|p2|Darkrai|
|poke|p2|Hatterene, F|
|poke|p2|Dragonite, F|
|teampreview
|inactive|Battle timer is ON: inactive players will automatically lose when time's up. (requested by esotericsnail)
|
|t:|1776116703
|teamsize|p1|6
|teamsize|p2|6
|start
|switch|p1a: Rillaboom|Rillaboom, M|100/100
|switch|p2a: Ninetales|Ninetales-Alola, M|100/100
|-weather|Snowscape|[from] ability: Snow Warning|[of] p2a: Ninetales
|-fieldstart|move: Grassy Terrain|[from] ability: Grassy Surge|[of] p1a: Rillaboom
|turn|1
|
|t:|1776116723
|switch|p1a: Gholdengo|Gholdengo|100/100
|-item|p1a: Gholdengo|Air Balloon
|move|p2a: Ninetales|Aurora Veil|p2a: Ninetales
|-sidestart|p2: esotericsnail|move: Aurora Veil
|
|-weather|Snowscape|[upkeep]
|upkeep
|turn|2
|inactive|esotericsnail has 120 seconds left.
|
|t:|1776116755
|switch|p2a: Darkrai|Darkrai|100/100
|move|p1a: Gholdengo|Nasty Plot|p1a: Gholdengo
|-boost|p1a: Gholdengo|spa|2
|
|-weather|Snowscape|[upkeep]
|upkeep
|turn|3
|inactive|esotericsnail has 120 seconds left.
|
|t:|1776116767
|-terastallize|p1a: Gholdengo|Fairy
|move|p2a: Darkrai|Dark Pulse|p1a: Gholdengo
|-resisted|p1a: Gholdengo
|-damage|p1a: Gholdengo|74/100
|-enditem|p1a: Gholdengo|Air Balloon
|move|p1a: Gholdengo|Focus Blast|p2a: Darkrai
|-supereffective|p2a: Darkrai
|-crit|p2a: Darkrai
|-damage|p2a: Darkrai|0 fnt
|faint|p2a: Darkrai
|
|-weather|Snowscape|[upkeep]
|-heal|p1a: Gholdengo|80/100|[from] Grassy Terrain
|upkeep
|inactive|esotericsnail has 120 seconds left.
|
|t:|1776116794
|switch|p2a: Hatterene|Hatterene, F|100/100
|turn|4
|inactive|NoIdeas4Names has 120 seconds left.
|
|t:|1776116828
|-terastallize|p2a: Hatterene|Water
|move|p1a: Gholdengo|Make It Rain|p2a: Hatterene
|-resisted|p2a: Hatterene
|-damage|p2a: Hatterene|65/100
|-unboost|p1a: Gholdengo|spa|1
|move|p2a: Hatterene|Calm Mind|p2a: Hatterene
|-boost|p2a: Hatterene|spa|1
|-boost|p2a: Hatterene|spd|1
|
|-weather|Snowscape|[upkeep]
|-heal|p1a: Gholdengo|86/100|[from] Grassy Terrain
|-heal|p2a: Hatterene|71/100|[from] Grassy Terrain
|-heal|p2a: Hatterene|77/100|[from] item: Leftovers
|upkeep
|turn|5
|inactive|NoIdeas4Names has 120 seconds left.
|
|t:|1776116845
|move|p1a: Gholdengo|Nasty Plot|p1a: Gholdengo
|-boost|p1a: Gholdengo|spa|2
|move|p2a: Hatterene|Calm Mind|p2a: Hatterene
|-boost|p2a: Hatterene|spa|1
|-boost|p2a: Hatterene|spd|1
|
|-weather|none
|-heal|p1a: Gholdengo|92/100|[from] Grassy Terrain
|-heal|p2a: Hatterene|83/100|[from] Grassy Terrain
|-heal|p2a: Hatterene|89/100|[from] item: Leftovers
|-fieldend|move: Grassy Terrain
|upkeep
|turn|6
|
|t:|1776116848
|move|p1a: Gholdengo|Shadow Ball|p2a: Hatterene
|-damage|p2a: Hatterene|60/100
|move|p2a: Hatterene|Calm Mind|p2a: Hatterene
|-boost|p2a: Hatterene|spa|1
|-boost|p2a: Hatterene|spd|1
|
|-heal|p2a: Hatterene|66/100|[from] item: Leftovers
|upkeep
|turn|7
|
|t:|1776116854
|move|p1a: Gholdengo|Shadow Ball|p2a: Hatterene
|-damage|p2a: Hatterene|43/100
|-unboost|p2a: Hatterene|spd|1
|move|p2a: Hatterene|Mystical Fire|p1a: Gholdengo
|-damage|p1a: Gholdengo|32/100
|-unboost|p1a: Gholdengo|spa|1
|
|-heal|p2a: Hatterene|49/100|[from] item: Leftovers
|upkeep
|turn|8
|
|t:|1776116860
|move|p1a: Gholdengo|Shadow Ball|p2a: Hatterene
|-damage|p2a: Hatterene|28/100
|move|p2a: Hatterene|Draining Kiss|p1a: Gholdengo
|-damage|p1a: Gholdengo|0 fnt
|-heal|p2a: Hatterene|52/100|[from] drain|[of] p1a: Gholdengo
|faint|p1a: Gholdengo
|
|-heal|p2a: Hatterene|58/100|[from] item: Leftovers
|-sideend|p2: esotericsnail|move: Aurora Veil
|upkeep
|
|t:|1776116879
|switch|p1a: Rillaboom|Rillaboom, M|100/100
|-fieldstart|move: Grassy Terrain|[from] ability: Grassy Surge|[of] p1a: Rillaboom
|turn|9
|
|t:|1776116888
|switch|p2a: Ninetales|Ninetales-Alola, M|100/100
|-weather|Snowscape|[from] ability: Snow Warning|[of] p2a: Ninetales
|move|p1a: Rillaboom|Wood Hammer|p2a: Ninetales
|-damage|p2a: Ninetales|2/100
|-damage|p1a: Rillaboom|67/100|[from] Recoil
|
|-weather|Snowscape|[upkeep]
|-heal|p2a: Ninetales|8/100|[from] Grassy Terrain
|-heal|p1a: Rillaboom|74/100|[from] Grassy Terrain
|upkeep
|turn|10
|
|t:|1776116899
|move|p2a: Ninetales|Aurora Veil|p2a: Ninetales
|-sidestart|p2: esotericsnail|move: Aurora Veil
|move|p1a: Rillaboom|Wood Hammer|p2a: Ninetales
|-damage|p2a: Ninetales|0 fnt
|faint|p2a: Ninetales
|-damage|p1a: Rillaboom|71/100|[from] Recoil
|
|-weather|Snowscape|[upkeep]
|-heal|p1a: Rillaboom|77/100|[from] Grassy Terrain
|upkeep
|
|t:|1776116903
|switch|p2a: Kyurem|Kyurem|100/100
|-ability|p2a: Kyurem|Pressure
|turn|11
|
|t:|1776116908
|switch|p1a: Zamazenta|Zamazenta|100/100
|-ability|p1a: Zamazenta|Dauntless Shield|boost
|-boost|p1a: Zamazenta|def|1
|move|p2a: Kyurem|Dragon Dance|p2a: Kyurem
|-boost|p2a: Kyurem|atk|1
|-boost|p2a: Kyurem|spe|1
|
|-weather|Snowscape|[upkeep]
|upkeep
|turn|12
|
|t:|1776116931
|move|p2a: Kyurem|Icicle Spear|p1a: Zamazenta
|-damage|p1a: Zamazenta|92/100
|-crit|p1a: Zamazenta
|-damage|p1a: Zamazenta|71/100
|-damage|p1a: Zamazenta|62/100
|-damage|p1a: Zamazenta|53/100
|-hitcount|p1a: Zamazenta|4
|move|p1a: Zamazenta|Iron Defense|p1a: Zamazenta
|-boost|p1a: Zamazenta|def|2
|
|-weather|Snowscape|[upkeep]
|-heal|p1a: Zamazenta|60/100|[from] Grassy Terrain
|-heal|p1a: Zamazenta|66/100|[from] item: Leftovers
|upkeep
|turn|13
|
|t:|1776116946
|move|p2a: Kyurem|Icicle Spear|p1a: Zamazenta
|-damage|p1a: Zamazenta|60/100
|-damage|p1a: Zamazenta|55/100
|-damage|p1a: Zamazenta|49/100
|-damage|p1a: Zamazenta|43/100
|-damage|p1a: Zamazenta|37/100
|-hitcount|p1a: Zamazenta|5
|move|p1a: Zamazenta|Body Press|p2a: Kyurem
|-supereffective|p2a: Kyurem
|-damage|p2a: Kyurem|50/100
|
|-weather|none
|-heal|p2a: Kyurem|56/100|[from] Grassy Terrain
|-heal|p1a: Zamazenta|43/100|[from] Grassy Terrain
|-heal|p1a: Zamazenta|49/100|[from] item: Leftovers
|-fieldend|move: Grassy Terrain
|upkeep
|turn|14
|
|t:|1776116956
|move|p2a: Kyurem|Icicle Spear|p1a: Zamazenta
|-damage|p1a: Zamazenta|44/100
|-damage|p1a: Zamazenta|38/100
|-damage|p1a: Zamazenta|31/100
|-damage|p1a: Zamazenta|26/100
|-damage|p1a: Zamazenta|20/100
|-hitcount|p1a: Zamazenta|5
|move|p1a: Zamazenta|Iron Defense|p1a: Zamazenta
|-boost|p1a: Zamazenta|def|2
|
|-heal|p1a: Zamazenta|26/100|[from] item: Leftovers
|upkeep
|turn|15
|
|t:|1776116975
|switch|p2a: Zamazenta|Zamazenta|100/100
|-ability|p2a: Zamazenta|Dauntless Shield|boost
|-boost|p2a: Zamazenta|def|1
|move|p1a: Zamazenta|Body Press|p2a: Zamazenta
|-damage|p2a: Zamazenta|71/100
|
|-heal|p1a: Zamazenta|32/100|[from] item: Leftovers
|upkeep
|turn|16
|
|t:|1776116983
|move|p2a: Zamazenta|Iron Defense|p2a: Zamazenta
|-boost|p2a: Zamazenta|def|2
|move|p1a: Zamazenta|Body Press|p2a: Zamazenta
|-damage|p2a: Zamazenta|52/100
|
|-heal|p1a: Zamazenta|38/100|[from] item: Leftovers
|upkeep
|turn|17
|
|t:|1776116988
|move|p2a: Zamazenta|Iron Defense|p2a: Zamazenta
|-boost|p2a: Zamazenta|def|2
|move|p1a: Zamazenta|Body Press|p2a: Zamazenta
|-damage|p2a: Zamazenta|39/100
|
|-heal|p1a: Zamazenta|44/100|[from] item: Leftovers
|-sideend|p2: esotericsnail|move: Aurora Veil
|upkeep
|turn|18
|
|t:|1776116994
|move|p2a: Zamazenta|Rest|p2a: Zamazenta
|-status|p2a: Zamazenta|slp|[from] move: Rest
|-heal|p2a: Zamazenta|100/100 slp|[silent]
|-enditem|p2a: Zamazenta|Chesto Berry|[eat]
|-curestatus|p2a: Zamazenta|slp|[msg]
|move|p1a: Zamazenta|Body Press|p2a: Zamazenta
|-damage|p2a: Zamazenta|72/100
|
|-heal|p1a: Zamazenta|50/100|[from] item: Leftovers
|upkeep
|turn|19
|
|t:|1776117001
|move|p2a: Zamazenta|Body Press|p1a: Zamazenta
|-damage|p1a: Zamazenta|25/100
|move|p1a: Zamazenta|Body Press|p2a: Zamazenta
|-damage|p2a: Zamazenta|45/100
|
|-heal|p1a: Zamazenta|31/100|[from] item: Leftovers
|upkeep
|turn|20
|
|t:|1776117008
|move|p2a: Zamazenta|Body Press|p1a: Zamazenta
|-damage|p1a: Zamazenta|5/100
|move|p1a: Zamazenta|Body Press|p2a: Zamazenta
|-crit|p2a: Zamazenta
|-damage|p2a: Zamazenta|0 fnt
|faint|p2a: Zamazenta
|
|-heal|p1a: Zamazenta|11/100|[from] item: Leftovers
|upkeep
|
|t:|1776117011
|switch|p2a: Dragonite|Dragonite, F|100/100
|turn|21
|
|t:|1776117019
|move|p2a: Dragonite|Extreme Speed|p1a: Zamazenta
|-damage|p1a: Zamazenta|5/100
|move|p1a: Zamazenta|Roar|p2a: Dragonite
|drag|p2a: Hatterene|Hatterene, F, tera:Water|58/100
|
|-heal|p1a: Zamazenta|11/100|[from] item: Leftovers
|-heal|p2a: Hatterene|64/100|[from] item: Leftovers
|upkeep
|turn|22
|
|t:|1776117036
|move|p1a: Zamazenta|Body Press|p2a: Hatterene
|-damage|p2a: Hatterene|0 fnt
|faint|p2a: Hatterene
|
|-heal|p1a: Zamazenta|18/100|[from] item: Leftovers
|upkeep
|-message|esotericsnail forfeited.
|
|win|NoIdeas4Names
|raw|NoIdeas4Names's rating: 1197 &rarr; <strong>1222</strong><br />(+25 for winning)
|raw|esotericsnail's rating: 1203 &rarr; <strong>1178</strong><br />(-25 for losing)
|l|☆esotericsnail
|player|p2|
