|html|<div class="broadcast-blue"><strong>[Gen 9] OU is currently suspecting Tera Blast! For information on how to participate check out the <a href="https://www.smogon.com/tools/suspects/view/200">suspect thread</a>.</strong></div>
|j|☆raymesq456
|j|☆Bk.png
|t:|1776248427
|gametype|singles
|player|p1|raymesq456|lance|1003
|player|p2|Bk.png|265|1013
|gen|9
|tier|[Gen 9] OU
|rated|
|rule|HP Percentage Mod: HP is shown in percentages
|rule|Endless Battle Clause: Forcing endless battles is banned
|rule|Species Clause: Limit one of each Pokémon
|rule|OHKO Clause: OHKO moves are banned
|rule|Evasion Items Clause: Evasion items are banned
|rule|Evasion Moves Clause: Evasion moves are banned
|rule|Evasion Abilities Clause: Evasion abilities are banned
|rule|Sleep Moves Clause: Sleep-inducing moves are banned
|clearpoke
|poke|p1|Umbreon, M|
|poke|p1|Deoxys-Speed|
|poke|p1|Blissey, F|
|poke|p1|Samurott-Hisui, M|
|poke|p1|Moltres|
|poke|p1|Hatterene, F|
|poke|p2|Gyarados, M|
|poke|p2|Snorlax, M|
|poke|p2|Lucario, M|
|poke|p2|Electrode|
|poke|p2|Dragapult, M|
|poke|p2|Deoxys-Speed|
|teampreview
|
|t:|1776248435
|teamsize|p1|6
|teamsize|p2|6
|start
|switch|p1a: Umbreon|Umbreon, M|100/100
|switch|p2a: Electrode|Electrode, shiny|100/100
|turn|1
|
|t:|1776248444
|move|p2a: Electrode|Supercell Slam|p1a: Umbreon
|-damage|p1a: Umbreon|76/100
|move|p1a: Umbreon|Toxic|p2a: Electrode
|-status|p2a: Electrode|tox
|
|-damage|p2a: Electrode|94/100 tox|[from] psn
|upkeep
|turn|2
|
|t:|1776248453
|move|p2a: Electrode|Thunderbolt|p1a: Umbreon
|-damage|p1a: Umbreon|58/100
|move|p1a: Umbreon|Substitute|p1a: Umbreon
|-start|p1a: Umbreon|Substitute
|-damage|p1a: Umbreon|33/100
|
|-heal|p2a: Electrode|100/100 tox|[from] item: Leftovers
|-damage|p2a: Electrode|88/100 tox|[from] psn
|upkeep
|turn|3
|
|t:|1776248463
|move|p2a: Electrode|Light Screen|p2a: Electrode
|-sidestart|p2: Bk.png|move: Light Screen
|move|p1a: Umbreon|Wish|p1a: Umbreon
|
|-heal|p2a: Electrode|94/100 tox|[from] item: Leftovers
|-damage|p2a: Electrode|76/100 tox|[from] psn
|upkeep
|turn|4
|
|t:|1776248477
|move|p1a: Umbreon|Protect|p1a: Umbreon
|-singleturn|p1a: Umbreon|Protect
|move|p2a: Electrode|Thunderbolt|p1a: Umbreon
|-activate|p1a: Umbreon|move: Protect
|
|-heal|p1a: Umbreon|83/100|[from] move: Wish|[wisher] Umbreon
|-heal|p2a: Electrode|82/100 tox|[from] item: Leftovers
|-damage|p2a: Electrode|58/100 tox|[from] psn
|upkeep
|turn|5
|
|t:|1776248492
|switch|p2a: Gyarados|Gyarados, M, shiny|100/100
|move|p1a: Umbreon|Protect||[still]
|-fail|p1a: Umbreon
|
|upkeep
|turn|6
|
|t:|1776248499
|move|p2a: Gyarados|Dark Pulse|p1a: Umbreon
|-resisted|p1a: Umbreon
|-activate|p1a: Umbreon|move: Substitute|[damage]
|move|p1a: Umbreon|Toxic|p2a: Gyarados
|-status|p2a: Gyarados|tox
|
|-damage|p2a: Gyarados|94/100 tox|[from] psn
|upkeep
|turn|7
|
|t:|1776248509
|move|p1a: Umbreon|Protect|p1a: Umbreon
|-singleturn|p1a: Umbreon|Protect
|move|p2a: Gyarados|Aqua Tail|p1a: Umbreon
|-activate|p1a: Umbreon|move: Protect
|
|-heal|p2a: Gyarados|100/100 tox|[from] item: Leftovers
|-damage|p2a: Gyarados|88/100 tox|[from] psn
|-sideend|p2: Bk.png|move: Light Screen
|upkeep
|turn|8
|
|t:|1776248533
|move|p2a: Gyarados|Dragon Dance|p2a: Gyarados
|-boost|p2a: Gyarados|atk|1
|-boost|p2a: Gyarados|spe|1
|move|p1a: Umbreon|Substitute|p1a: Umbreon
|-fail|p1a: Umbreon|move: Substitute
|
|-heal|p2a: Gyarados|94/100 tox|[from] item: Leftovers
|-damage|p2a: Gyarados|76/100 tox|[from] psn
|upkeep
|turn|9
|
|t:|1776248548
|move|p1a: Umbreon|Protect|p1a: Umbreon
|-singleturn|p1a: Umbreon|Protect
|move|p2a: Gyarados|Dragon Dance|p2a: Gyarados
|-boost|p2a: Gyarados|atk|1
|-boost|p2a: Gyarados|spe|1
|
|-heal|p2a: Gyarados|82/100 tox|[from] item: Leftovers
|-damage|p2a: Gyarados|58/100 tox|[from] psn
|upkeep
|turn|10
|
|t:|1776248560
|move|p2a: Gyarados|Dragon Dance|p2a: Gyarados
|-boost|p2a: Gyarados|atk|1
|-boost|p2a: Gyarados|spe|1
|move|p1a: Umbreon|Wish|p1a: Umbreon
|
|-heal|p2a: Gyarados|64/100 tox|[from] item: Leftovers
|-damage|p2a: Gyarados|34/100 tox|[from] psn
|upkeep
|turn|11
|
|t:|1776248572
|move|p1a: Umbreon|Protect|p1a: Umbreon
|-singleturn|p1a: Umbreon|Protect
|move|p2a: Gyarados|Double-Edge|p1a: Umbreon
|-activate|p1a: Umbreon|move: Protect
|
|-heal|p1a: Umbreon|100/100|[from] move: Wish|[wisher] Umbreon
|-heal|p2a: Gyarados|40/100 tox|[from] item: Leftovers
|-damage|p2a: Gyarados|4/100 tox|[from] psn
|upkeep
|turn|12
|
|t:|1776248588
|move|p2a: Gyarados|Dragon Dance|p2a: Gyarados
|-boost|p2a: Gyarados|atk|1
|-boost|p2a: Gyarados|spe|1
|move|p1a: Umbreon|Substitute|p1a: Umbreon
|-fail|p1a: Umbreon|move: Substitute
|
|-heal|p2a: Gyarados|10/100 tox|[from] item: Leftovers
|-damage|p2a: Gyarados|0 fnt|[from] psn
|faint|p2a: Gyarados
|upkeep
|
|t:|1776248599
|switch|p2a: Deoxys|Deoxys-Speed, shiny|100/100
|-ability|p2a: Deoxys|Pressure
|turn|13
|
|t:|1776248614
|move|p2a: Deoxys|Ice Punch|p1a: Umbreon
|-activate|p1a: Umbreon|move: Substitute|[damage]
|move|p1a: Umbreon|Toxic|p2a: Deoxys
|-status|p2a: Deoxys|tox
|
|-damage|p2a: Deoxys|94/100 tox|[from] psn
|upkeep
|turn|14
|
|t:|1776248624
|move|p1a: Umbreon|Protect|p1a: Umbreon
|-singleturn|p1a: Umbreon|Protect
|move|p2a: Deoxys|Grass Knot|p1a: Umbreon
|-activate|p1a: Umbreon|move: Protect
|
|-heal|p2a: Deoxys|100/100 tox|[from] item: Leftovers
|-damage|p2a: Deoxys|88/100 tox|[from] psn
|upkeep
|turn|15
|
|t:|1776248640
|move|p2a: Deoxys|Extreme Speed|p1a: Umbreon
|-end|p1a: Umbreon|Substitute
|move|p1a: Umbreon|Substitute|p1a: Umbreon
|-start|p1a: Umbreon|Substitute
|-damage|p1a: Umbreon|76/100
|
|-heal|p2a: Deoxys|94/100 tox|[from] item: Leftovers
|-damage|p2a: Deoxys|76/100 tox|[from] psn
|upkeep
|turn|16
|
|t:|1776248651
|move|p1a: Umbreon|Protect|p1a: Umbreon
|-singleturn|p1a: Umbreon|Protect
|move|p2a: Deoxys|Extreme Speed|p1a: Umbreon
|-activate|p1a: Umbreon|move: Protect
|
|-heal|p2a: Deoxys|82/100 tox|[from] item: Leftovers
|-damage|p2a: Deoxys|57/100 tox|[from] psn
|upkeep
|turn|17
|
|t:|1776248662
|move|p1a: Umbreon|Protect|p1a: Umbreon
|-singleturn|p1a: Umbreon|Protect
|move|p2a: Deoxys|Extreme Speed|p1a: Umbreon
|-activate|p1a: Umbreon|move: Protect
|
|-heal|p2a: Deoxys|63/100 tox|[from] item: Leftovers
|-damage|p2a: Deoxys|32/100 tox|[from] psn
|upkeep
|turn|18
|
|t:|1776248674
|-terastallize|p2a: Deoxys|Psychic
|move|p1a: Umbreon|Protect||[still]
|-fail|p1a: Umbreon
|move|p2a: Deoxys|Ice Punch|p1a: Umbreon
|-activate|p1a: Umbreon|move: Substitute|[damage]
|
|-heal|p2a: Deoxys|38/100 tox|[from] item: Leftovers
|-damage|p2a: Deoxys|1/100 tox|[from] psn
|upkeep
|turn|19
|
|t:|1776248689
|switch|p2a: Lucario|Lucario, M, shiny|100/100
|move|p1a: Umbreon|Wish|p1a: Umbreon
|
|upkeep
|turn|20
|
|t:|1776248698
|move|p2a: Lucario|High Jump Kick|p1a: Umbreon|[miss]
|-miss|p2a: Lucario|p1a: Umbreon
|-damage|p2a: Lucario|51/100|[from] highjumpkick
|move|p1a: Umbreon|Substitute|p1a: Umbreon
|-fail|p1a: Umbreon|move: Substitute
|
|-heal|p1a: Umbreon|100/100|[from] move: Wish|[wisher] Umbreon
|-heal|p2a: Lucario|57/100|[from] item: Leftovers
|upkeep
|turn|21
|
|t:|1776248741
|move|p2a: Lucario|Aura Sphere|p1a: Umbreon
|-supereffective|p1a: Umbreon
|-end|p1a: Umbreon|Substitute
|move|p1a: Umbreon|Toxic|p2a: Lucario
|-immune|p2a: Lucario
|
|-heal|p2a: Lucario|63/100|[from] item: Leftovers
|upkeep
|turn|22
|
|t:|1776248753
|switch|p1a: Moltres|Moltres|100/100
|-ability|p1a: Moltres|Pressure
|move|p2a: Lucario|Aura Sphere|p1a: Moltres
|-resisted|p1a: Moltres
|-damage|p1a: Moltres|83/100
|
|-heal|p2a: Lucario|69/100|[from] item: Leftovers
|upkeep
|turn|23
|
|t:|1776248778
|move|p2a: Lucario|Extreme Speed|p1a: Moltres
|-damage|p1a: Moltres|63/100
|move|p1a: Moltres|Fire Blast|p2a: Lucario
|-supereffective|p2a: Lucario
|-damage|p2a: Lucario|0 fnt
|faint|p2a: Lucario
|
|upkeep
|
|t:|1776248785
|switch|p2a: Snorlax|Snorlax, M, shiny|100/100
|turn|24
|
|t:|1776248791
|move|p1a: Moltres|Brave Bird|p2a: Snorlax
|-damage|p2a: Snorlax|51/100
|-damage|p1a: Moltres|41/100|[from] Recoil
|move|p2a: Snorlax|Shadow Ball|p1a: Moltres
|-damage|p1a: Moltres|28/100
|
|-heal|p2a: Snorlax|57/100|[from] item: Leftovers
|upkeep
|turn|25
|
|t:|1776248802
|move|p1a: Moltres|Brave Bird|p2a: Snorlax
|-damage|p2a: Snorlax|15/100
|-damage|p1a: Moltres|9/100|[from] Recoil
|move|p2a: Snorlax|Body Slam|p1a: Moltres
|-damage|p1a: Moltres|0 fnt
|faint|p1a: Moltres
|
|-heal|p2a: Snorlax|21/100|[from] item: Leftovers
|upkeep
|
|t:|1776248813
|switch|p1a: Deoxys|Deoxys-Speed|100/100
|-ability|p1a: Deoxys|Pressure
|turn|26
|
|t:|1776248824
|switch|p2a: Dragapult|Dragapult, M, shiny|100/100
|move|p1a: Deoxys|Extreme Speed|p2a: Dragapult
|-immune|p2a: Dragapult
|
|upkeep
|turn|27
|
|t:|1776248834
|move|p1a: Deoxys|Ice Beam|p2a: Dragapult
|-supereffective|p2a: Dragapult
|-damage|p2a: Dragapult|46/100
|move|p2a: Dragapult|Reflect|p2a: Dragapult
|-sidestart|p2: Bk.png|Reflect
|
|-heal|p2a: Dragapult|53/100|[from] item: Leftovers
|upkeep
|turn|28
|
|t:|1776248864
|switch|p1a: Blissey|Blissey, F|100/100
|move|p2a: Dragapult|Sucker Punch||[still]
|-fail|p2a: Dragapult
|
|-heal|p2a: Dragapult|59/100|[from] item: Leftovers
|upkeep
|turn|29
|
|t:|1776248877
|move|p2a: Dragapult|Reflect||[still]
|-fail|p2a: Dragapult
|move|p1a: Blissey|Blizzard|p2a: Dragapult|[miss]
|-miss|p1a: Blissey|p2a: Dragapult
|
|-heal|p2a: Dragapult|65/100|[from] item: Leftovers
|upkeep
|turn|30
|
|t:|1776248902
|move|p2a: Dragapult|Dragon Dance|p2a: Dragapult
|-boost|p2a: Dragapult|atk|1
|-boost|p2a: Dragapult|spe|1
|move|p1a: Blissey|Blizzard|p2a: Dragapult|[miss]
|-miss|p1a: Blissey|p2a: Dragapult
|
|-heal|p2a: Dragapult|71/100|[from] item: Leftovers
|upkeep
|turn|31
|
|t:|1776248912
|move|p2a: Dragapult|Shadow Ball|p1a: Blissey
|-immune|p1a: Blissey
|move|p1a: Blissey|Blizzard|p2a: Dragapult
|-supereffective|p2a: Dragapult
|-damage|p2a: Dragapult|18/100
|
|-heal|p2a: Dragapult|24/100|[from] item: Leftovers
|-sideend|p2: Bk.png|Reflect
|upkeep
|turn|32
|
|t:|1776248927
|move|p2a: Dragapult|Dragon Dance|p2a: Dragapult
|-boost|p2a: Dragapult|atk|1
|-boost|p2a: Dragapult|spe|1
|move|p1a: Blissey|Blizzard|p2a: Dragapult
|-supereffective|p2a: Dragapult
|-damage|p2a: Dragapult|0 fnt
|faint|p2a: Dragapult
|
|upkeep
|
|t:|1776248935
|switch|p2a: Electrode|Electrode, shiny|58/100 tox
|turn|33
|
|t:|1776248942
|move|p2a: Electrode|Supercell Slam|p1a: Blissey
|-damage|p1a: Blissey|43/100
|move|p1a: Blissey|Thunderbolt|p2a: Electrode
|-resisted|p2a: Electrode
|-damage|p2a: Electrode|43/100 tox
|
|-heal|p2a: Electrode|49/100 tox|[from] item: Leftovers
|-heal|p1a: Blissey|49/100|[from] item: Leftovers
|-damage|p2a: Electrode|43/100 tox|[from] psn
|upkeep
|turn|34
|
|t:|1776248957
|move|p2a: Electrode|Thunderbolt|p1a: Blissey
|-damage|p1a: Blissey|40/100
|move|p1a: Blissey|Blizzard|p2a: Electrode
|-damage|p2a: Electrode|7/100 tox
|
|-heal|p2a: Electrode|14/100 tox|[from] item: Leftovers
|-heal|p1a: Blissey|46/100|[from] item: Leftovers
|-damage|p2a: Electrode|1/100 tox|[from] psn
|upkeep
|turn|35
|
|t:|1776248972
|move|p2a: Electrode|Light Screen|p2a: Electrode
|-sidestart|p2: Bk.png|move: Light Screen
|move|p1a: Blissey|Zen Headbutt|p2a: Electrode
|-damage|p2a: Electrode|0 fnt
|faint|p2a: Electrode
|
|-heal|p1a: Blissey|53/100|[from] item: Leftovers
|upkeep
|-message|Bk.png forfeited.
|
|win|raymesq456
|raw|raymesq456's rating: 1003 &rarr; <strong>1044</strong><br />(+41 for winning)
|raw|Bk.png's rating: 1013 &rarr; <strong>1001</strong><br />(-12 for losing)
|l|☆Bk.png
|player|p2|
