|html|<div class="broadcast-blue"><strong>[Gen 9] OU is currently suspecting Tera Blast! For information on how to participate check out the <a href="https://www.smogon.com/tools/suspects/view/200">suspect thread</a>.</strong></div>
|j|☆RogerBuster
|j|☆mathismathin
|t:|1776122588
|gametype|singles
|player|p1|RogerBuster|winona|1585
|player|p2|mathismathin|bugsy-masters|1668
|gen|9
|tier|[Gen 9] OU
|rated|
|rule|HP Percentage Mod: HP is shown in percentages
|rule|Endless Battle Clause: Forcing endless battles is banned
|rule|Species Clause: Limit one of each Pokémon
|rule|OHKO Clause: OHKO moves are banned
|rule|Evasion Items Clause: Evasion items are banned
|rule|Evasion Moves Clause: Evasion moves are banned
|rule|Evasion Abilities Clause: Evasion abilities are banned
|rule|Sleep Moves Clause: Sleep-inducing moves are banned
|clearpoke
|poke|p1|Abomasnow, F|
|poke|p1|Cloyster, F|
|poke|p1|Krookodile, F|
|poke|p1|Blastoise, F|
|poke|p1|Munkidori, M|
|poke|p1|Thundurus-Therian, M|
|poke|p2|Garchomp, M|
|poke|p2|Tinkaton, F|
|poke|p2|Hydrapple, M|
|poke|p2|Maushold-Four|
|poke|p2|Moltres|
|poke|p2|Okidogi, M|
|teampreview
|inactive|Battle timer is ON: inactive players will automatically lose when time's up. (requested by RogerBuster)
|
|t:|1776122613
|teamsize|p1|6
|teamsize|p2|6
|start
|switch|p1a: Krookodile|Krookodile, F|100/100
|switch|p2a: Tinkaton|Tinkaton, F|100/100
|-ability|p1a: Krookodile|Intimidate|boost
|-unboost|p2a: Tinkaton|atk|1
|-ability|p2a: Tinkaton|Mold Breaker
|turn|1
|
|t:|1776122626
|switch|p2a: Moltres|Moltres|100/100
|move|p1a: Krookodile|Earthquake|p2a: Moltres
|-immune|p2a: Moltres
|
|upkeep
|turn|2
|
|t:|1776122653
|move|p1a: Krookodile|Stealth Rock|p2a: Moltres
|-sidestart|p2: mathismathin|move: Stealth Rock
|move|p2a: Moltres|Fire Blast|p1a: Krookodile
|-damage|p1a: Krookodile|18/100
|
|-heal|p1a: Krookodile|24/100|[from] item: Leftovers
|upkeep
|turn|3
|inactive|RogerBuster has 120 seconds left.
|
|t:|1776122669
|switch|p1a: Blastoise|Blastoise, F|100/100
|move|p2a: Moltres|Scorching Sands|p1a: Blastoise
|-damage|p1a: Blastoise|75/100
|-status|p1a: Blastoise|brn
|
|-damage|p1a: Blastoise|69/100 brn|[from] brn
|upkeep
|turn|4
|inactive|RogerBuster has 120 seconds left.
|
|t:|1776122688
|move|p2a: Moltres|Hurricane|p1a: Blastoise
|-damage|p1a: Blastoise|18/100 brn
|move|p1a: Blastoise|Shell Smash|p1a: Blastoise
|-unboost|p1a: Blastoise|def|1
|-unboost|p1a: Blastoise|spd|1
|-boost|p1a: Blastoise|atk|2
|-boost|p1a: Blastoise|spa|2
|-boost|p1a: Blastoise|spe|2
|
|-damage|p1a: Blastoise|12/100 brn|[from] brn
|upkeep
|turn|5
|inactive|RogerBuster has 120 seconds left.
|
|t:|1776122698
|switch|p2a: Hydrapple|Hydrapple, M|100/100
|-damage|p2a: Hydrapple|88/100|[from] Stealth Rock
|move|p1a: Blastoise|Dark Pulse|p2a: Hydrapple
|-damage|p2a: Hydrapple|36/100
|
|-damage|p1a: Blastoise|5/100 brn|[from] brn
|upkeep
|turn|6
|
|t:|1776122705
|switch|p2a: Tinkaton|Tinkaton, F|100/100
|-damage|p2a: Tinkaton|94/100|[from] Stealth Rock
|-ability|p2a: Tinkaton|Mold Breaker
|move|p1a: Blastoise|Surf|p2a: Tinkaton
|-damage|p2a: Tinkaton|9/100
|
|-heal|p2a: Tinkaton|15/100|[from] item: Leftovers
|-damage|p1a: Blastoise|0 fnt|[from] brn
|faint|p1a: Blastoise
|upkeep
|inactive|RogerBuster has 120 seconds left.
|
|t:|1776122732
|switch|p1a: Munkidori|Munkidori, M|100/100
|turn|7
|
|t:|1776122739
|move|p1a: Munkidori|Shadow Ball|p2a: Tinkaton
|-damage|p2a: Tinkaton|0 fnt
|faint|p2a: Tinkaton
|
|upkeep
|
|t:|1776122743
|switch|p2a: Maushold|Maushold-Four|100/100
|-damage|p2a: Maushold|88/100|[from] Stealth Rock
|turn|8
|inactive|RogerBuster has 120 seconds left.
|
|t:|1776122748
|switch|p1a: Abomasnow|Abomasnow, F|100/100
|-weather|Snowscape|[from] ability: Snow Warning|[of] p1a: Abomasnow
|move|p2a: Maushold|Population Bomb|p1a: Abomasnow
|-damage|p1a: Abomasnow|92/100
|-damage|p1a: Abomasnow|84/100
|-damage|p1a: Abomasnow|74/100
|-damage|p1a: Abomasnow|66/100
|-damage|p1a: Abomasnow|58/100
|-damage|p1a: Abomasnow|49/100
|-damage|p1a: Abomasnow|40/100
|-damage|p1a: Abomasnow|32/100
|-damage|p1a: Abomasnow|24/100
|-damage|p1a: Abomasnow|16/100
|-hitcount|p1a: Abomasnow|10
|
|-weather|Snowscape|[upkeep]
|upkeep
|turn|9
|inactive|RogerBuster has 120 seconds left.
|
|t:|1776122766
|move|p2a: Maushold|Tidy Up|p2a: Maushold
|-sideend|p2: mathismathin|Stealth Rock
|-activate|p2a: Maushold|move: Tidy Up
|-boost|p2a: Maushold|atk|1
|-boost|p2a: Maushold|spe|1
|move|p1a: Abomasnow|Aurora Veil|p1a: Abomasnow
|-sidestart|p1: RogerBuster|move: Aurora Veil
|
|-weather|Snowscape|[upkeep]
|upkeep
|turn|10
|inactive|RogerBuster has 120 seconds left.
|
|t:|1776122773
|move|p2a: Maushold|Encore|p1a: Abomasnow
|-start|p1a: Abomasnow|Encore
|move|p1a: Abomasnow|Aurora Veil||[still]
|-fail|p1a: Abomasnow
|
|-weather|Snowscape|[upkeep]
|upkeep
|turn|11
|
|t:|1776122779
|switch|p1a: Cloyster|Cloyster, F|100/100
|move|p2a: Maushold|Tidy Up|p2a: Maushold
|-boost|p2a: Maushold|atk|1
|-boost|p2a: Maushold|spe|1
|
|-weather|Snowscape|[upkeep]
|upkeep
|turn|12
|inactive|RogerBuster has 120 seconds left.
|
|t:|1776122799
|move|p2a: Maushold|Population Bomb|p1a: Cloyster
|-damage|p1a: Cloyster|95/100
|-damage|p1a: Cloyster|89/100
|-damage|p1a: Cloyster|84/100
|-damage|p1a: Cloyster|78/100
|-damage|p1a: Cloyster|72/100
|-damage|p1a: Cloyster|66/100
|-damage|p1a: Cloyster|61/100
|-damage|p1a: Cloyster|55/100
|-damage|p1a: Cloyster|49/100
|-damage|p1a: Cloyster|43/100
|-hitcount|p1a: Cloyster|10
|move|p1a: Cloyster|Icicle Spear|p2a: Maushold
|-damage|p2a: Maushold|69/100
|-damage|p2a: Maushold|51/100
|-damage|p2a: Maushold|32/100
|-damage|p2a: Maushold|13/100
|-damage|p2a: Maushold|0 fnt
|faint|p2a: Maushold
|-hitcount|p2: Maushold|5
|
|-weather|none
|upkeep
|
|t:|1776122823
|switch|p2a: Okidogi|Okidogi, M|100/100
|turn|13
|
|t:|1776122835
|move|p2a: Okidogi|Bulk Up|p2a: Okidogi
|-boost|p2a: Okidogi|atk|1
|-boost|p2a: Okidogi|def|1
|move|p1a: Cloyster|Shell Smash|p1a: Cloyster
|-unboost|p1a: Cloyster|def|1
|-unboost|p1a: Cloyster|spd|1
|-boost|p1a: Cloyster|atk|2
|-boost|p1a: Cloyster|spa|2
|-boost|p1a: Cloyster|spe|2
|-enditem|p1a: Cloyster|White Herb
|-clearnegativeboost|p1a: Cloyster|[silent]
|
|upkeep
|turn|14
|
|t:|1776122845
|-terastallize|p1a: Cloyster|Ice
|-terastallize|p2a: Okidogi|Ice
|move|p1a: Cloyster|Icicle Spear|p2a: Okidogi
|-resisted|p2a: Okidogi
|-damage|p2a: Okidogi|92/100
|-resisted|p2a: Okidogi
|-damage|p2a: Okidogi|84/100
|-resisted|p2a: Okidogi
|-damage|p2a: Okidogi|75/100
|-resisted|p2a: Okidogi
|-damage|p2a: Okidogi|67/100
|-resisted|p2a: Okidogi
|-damage|p2a: Okidogi|59/100
|-hitcount|p2a: Okidogi|5
|move|p2a: Okidogi|Bulk Up|p2a: Okidogi
|-boost|p2a: Okidogi|atk|1
|-boost|p2a: Okidogi|def|1
|
|-heal|p2a: Okidogi|65/100|[from] item: Leftovers
|upkeep
|turn|15
|
|t:|1776122861
|move|p1a: Cloyster|Rock Blast|p2a: Okidogi
|-supereffective|p2a: Okidogi
|-damage|p2a: Okidogi|52/100
|-supereffective|p2a: Okidogi
|-damage|p2a: Okidogi|39/100
|-supereffective|p2a: Okidogi
|-damage|p2a: Okidogi|27/100
|-supereffective|p2a: Okidogi
|-damage|p2a: Okidogi|14/100
|-supereffective|p2a: Okidogi
|-damage|p2a: Okidogi|1/100
|-hitcount|p2a: Okidogi|5
|move|p2a: Okidogi|Drain Punch|p1a: Cloyster
|-supereffective|p1a: Cloyster
|-damage|p1a: Cloyster|0 fnt
|-heal|p2a: Okidogi|16/100|[from] drain|[of] p1a: Cloyster
|faint|p1a: Cloyster
|
|-heal|p2a: Okidogi|22/100|[from] item: Leftovers
|upkeep
|inactive|RogerBuster has 120 seconds left.
|
|t:|1776122877
|switch|p1a: Munkidori|Munkidori, M|100/100
|turn|16
|
|t:|1776122882
|move|p1a: Munkidori|Psychic Noise|p2a: Okidogi
|-damage|p2a: Okidogi|0 fnt
|faint|p2a: Okidogi
|
|-sideend|p1: RogerBuster|move: Aurora Veil
|upkeep
|
|t:|1776122885
|switch|p2a: Garchomp|Garchomp, M|100/100
|turn|17
|
|t:|1776122892
|switch|p1a: Krookodile|Krookodile, F|24/100
|-ability|p1a: Krookodile|Intimidate|boost
|-unboost|p2a: Garchomp|atk|1
|move|p2a: Garchomp|Scale Shot|p1a: Krookodile
|-damage|p1a: Krookodile|7/100
|-damage|p1a: Krookodile|0 fnt
|faint|p1a: Krookodile
|-hitcount|p1: Krookodile|2
|-unboost|p2a: Garchomp|def|1
|-boost|p2a: Garchomp|spe|1
|-damage|p2a: Garchomp|91/100|[from] item: Life Orb
|
|upkeep
|inactive|RogerBuster has 120 seconds left.
|
|t:|1776122916
|switch|p1a: Thundurus|Thundurus-Therian, M|100/100
|turn|18
|
|t:|1776122922
|move|p2a: Garchomp|Swords Dance|p2a: Garchomp
|-boost|p2a: Garchomp|atk|2
|move|p1a: Thundurus|Tera Blast|p2a: Garchomp
|-damage|p2a: Garchomp|57/100
|
|upkeep
|turn|19
|
|t:|1776122928
|move|p2a: Garchomp|Scale Shot|p1a: Thundurus
|-damage|p1a: Thundurus|66/100
|-damage|p1a: Thundurus|27/100
|-damage|p1a: Thundurus|0 fnt
|faint|p1a: Thundurus
|-hitcount|p1: Thundurus|3
|-unboost|p2a: Garchomp|def|1
|-boost|p2a: Garchomp|spe|1
|-damage|p2a: Garchomp|48/100|[from] item: Life Orb
|
|upkeep
|
|t:|1776122937
|switch|p1a: Abomasnow|Abomasnow, F|16/100
|-weather|Snowscape|[from] ability: Snow Warning|[of] p1a: Abomasnow
|turn|20
|
|t:|1776122953
|move|p1a: Abomasnow|Ice Shard|p2a: Garchomp
|-supereffective|p2a: Garchomp
|-damage|p2a: Garchomp|0 fnt
|faint|p2a: Garchomp
|
|-weather|Snowscape|[upkeep]
|upkeep
|
|t:|1776122957
|switch|p2a: Moltres|Moltres|100/100
|turn|21
|
|t:|1776122960
|move|p2a: Moltres|Fire Blast|p1a: Abomasnow|[miss]
|-miss|p2a: Moltres|p1a: Abomasnow
|move|p1a: Abomasnow|Aurora Veil|p1a: Abomasnow
|-sidestart|p1: RogerBuster|move: Aurora Veil
|
|-weather|Snowscape|[upkeep]
|upkeep
|turn|22
|
|t:|1776122965
|move|p2a: Moltres|Fire Blast|p1a: Abomasnow
|-supereffective|p1a: Abomasnow
|-damage|p1a: Abomasnow|0 fnt
|faint|p1a: Abomasnow
|
|-weather|Snowscape|[upkeep]
|upkeep
|
|t:|1776122970
|switch|p1a: Munkidori|Munkidori, M|100/100
|turn|23
|
|t:|1776122973
|move|p1a: Munkidori|Sludge Wave|p2a: Moltres
|-damage|p2a: Moltres|47/100
|move|p2a: Moltres|Scorching Sands|p1a: Munkidori
|-supereffective|p1a: Munkidori
|-damage|p1a: Munkidori|73/100
|
|-weather|Snowscape|[upkeep]
|upkeep
|turn|24
|
|t:|1776122979
|move|p1a: Munkidori|Sludge Wave|p2a: Moltres
|-damage|p2a: Moltres|0 fnt
|faint|p2a: Moltres
|
|-weather|none
|upkeep
|
|t:|1776122984
|switch|p2a: Hydrapple|Hydrapple, M|69/100
|turn|25
|
|t:|1776122986
|move|p1a: Munkidori|Sludge Wave|p2a: Hydrapple
|-supereffective|p2a: Hydrapple
|-damage|p2a: Hydrapple|0 fnt
|faint|p2a: Hydrapple
|
|win|RogerBuster
|raw|RogerBuster's rating: 1585 &rarr; <strong>1610</strong><br />(+25 for winning)
|raw|mathismathin's rating: 1668 &rarr; <strong>1643</strong><br />(-25 for losing)
