|html|<div class="broadcast-blue"><strong>[Gen 9] OU is currently suspecting Volcarona! For information on how to participate check out the <a href="https://www.smogon.com/tools/suspects/view/208">suspect thread</a>.</strong></div>
|j|☆Yuri098
|j|☆QuackingGaming
|t:|1778509417
|gametype|singles
|player|p1|Yuri098|1|1212
|player|p2|QuackingGaming|shauntal|1235
|gen|9
|tier|[Gen 9] OU
|rated|
|rule|HP Percentage Mod: HP is shown in percentages
|rule|Endless Battle Clause: Forcing endless battles is banned
|rule|Species Clause: Limit one of each Pokémon
|rule|OHKO Clause: OHKO moves are banned
|rule|Evasion Items Clause: Evasion items are banned
|rule|Evasion Moves Clause: Evasion moves are banned
|rule|Evasion Abilities Clause: Evasion abilities are banned
|rule|Sleep Moves Clause: Sleep-inducing moves are banned
|clearpoke
|poke|p1|Dragapult, M|
|poke|p1|Heatran, M|
|poke|p1|Gyarados, M|
|poke|p1|Primarina, F|
|poke|p1|Great Tusk|
|poke|p1|Gholdengo|
|poke|p2|Kyurem|
|poke|p2|Iron Valiant|
|poke|p2|Gholdengo|
|poke|p2|Glimmora, F|
|poke|p2|Ogerpon-Wellspring, F|
|poke|p2|Heatran, M|
|teampreview
|inactive|Battle timer is ON: inactive players will automatically lose when time's up. (requested by QuackingGaming)
|c|☆QuackingGaming|Glhf
|
|t:|1778509431
|teamsize|p1|6
|teamsize|p2|6
|start
|switch|p1a: Gyarados|Gyarados, M|100/100
|switch|p2a: Heatran|Heatran, M|100/100
|-ability|p1a: Gyarados|Intimidate|boost
|-unboost|p2a: Heatran|atk|1
|turn|1
|
|t:|1778509440
|move|p1a: Gyarados|Waterfall|p2a: Heatran
|-supereffective|p2a: Heatran
|-damage|p2a: Heatran|23/100
|move|p2a: Heatran|Stealth Rock|p1a: Gyarados
|-sidestart|p1: Yuri098|move: Stealth Rock
|
|-heal|p2a: Heatran|29/100|[from] item: Leftovers
|upkeep
|turn|2
|
|t:|1778509449
|switch|p2a: Arakune|Ogerpon-Wellspring, F|100/100
|move|p1a: Gyarados|Waterfall|p2a: Arakune
|-immune|p2a: Arakune|[from] ability: Water Absorb
|
|upkeep
|turn|3
|inactive|Yuri098 has 120 seconds left.
|
|t:|1778509487
|switch|p1a: Heatran|Heatran, M, shiny|100/100
|-damage|p1a: Heatran|88/100|[from] Stealth Rock
|-item|p1a: Heatran|Air Balloon
|move|p2a: Arakune|Horn Leech|p1a: Heatran
|-resisted|p1a: Heatran
|-damage|p1a: Heatran|76/100
|-enditem|p1a: Heatran|Air Balloon
|
|upkeep
|turn|4
|inactive|Yuri098 has 120 seconds left.
|
|t:|1778509500
|-terastallize|p1a: Heatran|Grass
|move|p2a: Arakune|U-turn|p1a: Heatran
|-supereffective|p1a: Heatran
|-damage|p1a: Heatran|24/100
|
|t:|1778509508
|switch|p2a: Racist|Gholdengo|100/100|[from] U-turn
|-item|p2a: Racist|Air Balloon
|move|p1a: Heatran|Magma Storm|p2a: Racist|[miss]
|-miss|p1a: Heatran|p2a: Racist
|
|upkeep
|turn|5
|
|t:|1778509519
|move|p2a: Racist|Shadow Ball|p1a: Heatran
|-damage|p1a: Heatran|0 fnt
|faint|p1a: Heatran
|
|upkeep
|inactive|Yuri098 has 120 seconds left.
|
|t:|1778509534
|switch|p1a: Dragapult|Dragapult, M|100/100
|-damage|p1a: Dragapult|88/100|[from] Stealth Rock
|turn|6
|
|t:|1778509539
|move|p1a: Dragapult|Phantom Force||[still]
|-prepare|p1a: Dragapult|Phantom Force
|move|p2a: Racist|Shadow Ball|p1a: Dragapult|[miss]
|-miss|p2a: Racist|p1a: Dragapult
|
|upkeep
|turn|7
|
|t:|1778509549
|move|p1a: Dragapult|Phantom Force|p2a: Racist|[from] lockedmove
|-supereffective|p2a: Racist
|-damage|p2a: Racist|0 fnt
|-enditem|p2a: Racist|Air Balloon
|faint|p2a: Racist
|
|upkeep
|
|t:|1778509566
|switch|p2a: Arakune|Ogerpon-Wellspring, F|100/100
|turn|8
|
|t:|1778509582
|switch|p1a: Gyarados|Gyarados, M|100/100
|-ability|p1a: Gyarados|Intimidate|boost
|-unboost|p2a: Arakune|atk|1
|move|p2a: Arakune|Play Rough|p1a: Gyarados
|-damage|p1a: Gyarados|71/100
|
|upkeep
|turn|9
|
|t:|1778509604
|move|p2a: Arakune|Horn Leech|p1a: Gyarados
|-damage|p1a: Gyarados|37/100
|move|p1a: Gyarados|Avalanche|p2a: Arakune
|-damage|p2a: Arakune|44/100
|
|upkeep
|turn|10
|
|t:|1778509612
|move|p2a: Arakune|U-turn|p1a: Gyarados
|-resisted|p1a: Gyarados
|-damage|p1a: Gyarados|26/100
|
|t:|1778509616
|switch|p2a: Heatran|Heatran, M|29/100|[from] U-turn
|move|p1a: Gyarados|Crunch|p2a: Heatran
|-damage|p2a: Heatran|5/100
|
|-heal|p2a: Heatran|11/100|[from] item: Leftovers
|upkeep
|turn|11
|
|t:|1778509627
|move|p1a: Gyarados|Crunch|p2a: Heatran
|-damage|p2a: Heatran|0 fnt
|faint|p2a: Heatran
|
|upkeep
|
|t:|1778509630
|switch|p2a: Glimmora|Glimmora, F|100/100
|turn|12
|
|t:|1778509632
|move|p2a: Glimmora|Meteor Beam||[still]
|-prepare|p2a: Glimmora|Meteor Beam
|-boost|p2a: Glimmora|spa|1
|-enditem|p2a: Glimmora|Power Herb
|-anim|p2a: Glimmora|Meteor Beam|p1a: Gyarados
|-supereffective|p1a: Gyarados
|-damage|p1a: Gyarados|0 fnt
|faint|p1a: Gyarados
|
|upkeep
|
|t:|1778509643
|switch|p1a: Great Tusk|Great Tusk|100/100
|-damage|p1a: Great Tusk|98/100|[from] Stealth Rock
|turn|13
|
|t:|1778509652
|move|p2a: Glimmora|Energy Ball|p1a: Great Tusk
|-supereffective|p1a: Great Tusk
|-damage|p1a: Great Tusk|0 fnt
|faint|p1a: Great Tusk
|-end|p1a: Great Tusk|Protosynthesis|[silent]
|
|upkeep
|
|t:|1778509664
|switch|p1a: Dragapult|Dragapult, M|88/100
|-damage|p1a: Dragapult|76/100|[from] Stealth Rock
|turn|14
|l|☆Yuri098
|inactive|Yuri098 disconnected and has a minute to reconnect!
|player|p1|
|
|t:|1778509677
|move|p1a: Dragapult|Dragon Darts|p2a: Glimmora
|-damage|p2a: Glimmora|51/100
|-activate|p2a: Glimmora|ability: Toxic Debris
|-sidestart|p1: Yuri098|move: Toxic Spikes
|-anim|p1a: Dragapult|Dragon Darts|p2a: Glimmora
|-crit|p2a: Glimmora
|-damage|p2a: Glimmora|0 fnt
|-activate|p2a: Glimmora|ability: Toxic Debris
|-sidestart|p1: Yuri098|move: Toxic Spikes
|faint|p2a: Glimmora
|
|upkeep
|j|☆Yuri098
|inactive|Yuri098 reconnected.
|player|p1|Yuri098|1|
|
|t:|1778509688
|switch|p2a: Arakune|Ogerpon-Wellspring, F|44/100
|turn|15
|
|t:|1778509698
|switch|p2a: Hakumen|Iron Valiant|100/100
|-enditem|p2a: Hakumen|Booster Energy
|-activate|p2a: Hakumen|ability: Quark Drive|[fromitem]
|-start|p2a: Hakumen|quarkdrivespe
|move|p1a: Dragapult|Dragon Darts|p2a: Hakumen
|-immune|p2a: Hakumen
|
|upkeep
|turn|16
|
|t:|1778509708
|switch|p1a: Gholdengo|Gholdengo|100/100
|-damage|p1a: Gholdengo|94/100|[from] Stealth Rock
|-item|p1a: Gholdengo|Air Balloon
|move|p2a: Hakumen|Calm Mind|p2a: Hakumen
|-boost|p2a: Hakumen|spa|1
|-boost|p2a: Hakumen|spd|1
|
|upkeep
|turn|17
|
|t:|1778509714
|move|p2a: Hakumen|Shadow Ball|p1a: Gholdengo
|-supereffective|p1a: Gholdengo
|-damage|p1a: Gholdengo|6/100
|-enditem|p1a: Gholdengo|Air Balloon
|move|p1a: Gholdengo|Make It Rain|p2a: Hakumen
|-supereffective|p2a: Hakumen
|-damage|p2a: Hakumen|0 fnt
|-unboost|p1a: Gholdengo|spa|1
|faint|p2a: Hakumen
|-end|p2a: Hakumen|Quark Drive|[silent]
|
|upkeep
|
|t:|1778509723
|switch|p2a: Arakune|Ogerpon-Wellspring, F|44/100
|turn|18
|
|t:|1778509739
|move|p2a: Arakune|Ivy Cudgel|p1a: Gholdengo|[anim] Ivy Cudgel Water
|-damage|p1a: Gholdengo|0 fnt
|faint|p1a: Gholdengo
|
|upkeep
|
|t:|1778509743
|switch|p1a: Dragapult|Dragapult, M|76/100
|-damage|p1a: Dragapult|64/100|[from] Stealth Rock
|-status|p1a: Dragapult|tox
|turn|19
|
|t:|1778509749
|move|p1a: Dragapult|Sucker Punch|p2a: Arakune
|-damage|p2a: Arakune|0 fnt
|faint|p2a: Arakune
|
|-damage|p1a: Dragapult|58/100 tox|[from] psn
|upkeep
|
|t:|1778509751
|switch|p2a: Dr Wingle Wongle|Kyurem|100/100
|-ability|p2a: Dr Wingle Wongle|Pressure
|turn|20
|
|t:|1778509757
|switch|p1a: Primarina|Primarina, F, shiny|100/100
|-damage|p1a: Primarina|88/100|[from] Stealth Rock
|-status|p1a: Primarina|tox
|move|p2a: Dr Wingle Wongle|Freeze-Dry|p1a: Primarina
|-supereffective|p1a: Primarina
|-crit|p1a: Primarina
|-damage|p1a: Primarina|0 fnt
|faint|p1a: Primarina
|
|upkeep
|
|t:|1778509759
|switch|p1a: Dragapult|Dragapult, M|58/100 tox
|-damage|p1a: Dragapult|45/100 tox|[from] Stealth Rock
|turn|21
|l|☆Yuri098
|inactive|Yuri098 disconnected and has a minute to reconnect!
|player|p1|
|c|☆QuackingGaming|Gg
|j|☆Yuri098
|inactive|Yuri098 reconnected.
|player|p1|Yuri098|1|
|
|t:|1778509778
|move|p1a: Dragapult|Dragon Darts|p2a: Dr Wingle Wongle
|-supereffective|p2a: Dr Wingle Wongle
|-damage|p2a: Dr Wingle Wongle|18/100
|-anim|p1a: Dragapult|Dragon Darts|p2a: Dr Wingle Wongle
|-supereffective|p2a: Dr Wingle Wongle
|-damage|p2a: Dr Wingle Wongle|0 fnt
|faint|p2a: Dr Wingle Wongle
|
|win|Yuri098
|raw|Yuri098's rating: 1212 &rarr; <strong>1239</strong><br />(+27 for winning)
|raw|QuackingGaming's rating: 1235 &rarr; <strong>1208</strong><br />(-27 for losing)
|c|☆QuackingGaming|Gg
|l|☆Yuri098
|player|p1|
|l|☆QuackingGaming
|player|p2|
