|html|<div class="broadcast-blue"><strong>[Gen 9] OU is currently suspecting Tera Blast! For information on how to participate check out the <a href="https://www.smogon.com/tools/suspects/view/200">suspect thread</a>.</strong></div>
|j|☆fuzzyju
|j|☆AMZK
|t:|1776053929
|gametype|singles
|player|p1|fuzzyju|gentleman-gen4dp|1441
|player|p2|AMZK|swimmer-gen4dp|1441
|gen|9
|tier|[Gen 9] OU
|rated|
|rule|HP Percentage Mod: HP is shown in percentages
|rule|Endless Battle Clause: Forcing endless battles is banned
|rule|Species Clause: Limit one of each Pokémon
|rule|OHKO Clause: OHKO moves are banned
|rule|Evasion Items Clause: Evasion items are banned
|rule|Evasion Moves Clause: Evasion moves are banned
|rule|Evasion Abilities Clause: Evasion abilities are banned
|rule|Sleep Moves Clause: Sleep-inducing moves are banned
|clearpoke
|poke|p1|Azumarill, M|
|poke|p1|Rillaboom, M|
|poke|p1|Pecharunt|
|poke|p1|Glimmora, M|
|poke|p1|Samurott-Hisui, M|
|poke|p1|Latios, M|
|poke|p2|Iron Treads|
|poke|p2|Skeledirge, M|
|poke|p2|Raging Bolt|
|poke|p2|Ogerpon-Wellspring, F|
|poke|p2|Landorus-Therian, M|
|poke|p2|Zamazenta-*|
|teampreview
|
|t:|1776053936
|teamsize|p1|6
|teamsize|p2|6
|start
|switch|p1a: Lego Layer|Samurott-Hisui, M|100/100
|switch|p2a: Iron Treads|Iron Treads|100/100
|turn|1
|
|t:|1776053941
|move|p1a: Lego Layer|Flip Turn|p2a: Iron Treads
|-supereffective|p2a: Iron Treads
|-damage|p2a: Iron Treads|61/100
|
|t:|1776053951
|switch|p1a: Specs|Latios, M|100/100|[from] Flip Turn
|move|p2a: Iron Treads|Volt Switch|p1a: Specs
|-resisted|p1a: Specs
|-damage|p1a: Specs|95/100
|inactive|Battle timer is ON: inactive players will automatically lose when time's up. (requested by fuzzyju)
|
|t:|1776053967
|-end|p2a: Iron Treads|Quark Drive|[silent]
|switch|p2a: Ogerpon|Ogerpon-Wellspring, F|100/100|[from] Volt Switch
|
|upkeep
|turn|2
|
|t:|1776053975
|move|p2a: Ogerpon|U-turn|p1a: Specs
|-supereffective|p1a: Specs
|-damage|p1a: Specs|22/100
|
|t:|1776053978
|switch|p2a: Iron Treads|Iron Treads|61/100|[from] U-turn
|move|p1a: Specs|Luster Purge|p2a: Iron Treads
|-resisted|p2a: Iron Treads
|-damage|p2a: Iron Treads|42/100
|
|upkeep
|turn|3
|
|t:|1776053990
|switch|p1a: Gengar but Good|Pecharunt|100/100
|move|p2a: Iron Treads|Knock Off|p1a: Gengar but Good
|-supereffective|p1a: Gengar but Good
|-damage|p1a: Gengar but Good|78/100
|-enditem|p1a: Gengar but Good|Heavy-Duty Boots|[from] move: Knock Off|[of] p2a: Iron Treads
|
|upkeep
|turn|4
|inactive|AMZK has 120 seconds left.
|
|t:|1776054041
|move|p2a: Iron Treads|Volt Switch|p1a: Gengar but Good
|-damage|p1a: Gengar but Good|67/100
|
|t:|1776054044
|-end|p2a: Iron Treads|Quark Drive|[silent]
|switch|p2a: Landorus|Landorus-Therian, M|100/100|[from] Volt Switch
|-ability|p2a: Landorus|Intimidate|boost
|-unboost|p1a: Gengar but Good|atk|1
|move|p1a: Gengar but Good|Parting Shot|p2a: Landorus
|-unboost|p2a: Landorus|atk|1
|-unboost|p2a: Landorus|spa|1
|inactive|fuzzyju has 120 seconds left.
|
|t:|1776054097
|switch|p1a: Lego Layer|Samurott-Hisui, M|100/100|[from] Parting Shot
|
|upkeep
|turn|5
|
|t:|1776054117
|switch|p2a: Ogerpon|Ogerpon-Wellspring, F|100/100
|move|p1a: Lego Layer|Ceaseless Edge|p2a: Ogerpon
|-damage|p2a: Ogerpon|43/100
|-sidestart|p2: AMZK|Spikes
|
|upkeep
|turn|6
|
|t:|1776054123
|move|p1a: Lego Layer|Ceaseless Edge|p2a: Ogerpon
|-damage|p2a: Ogerpon|0 fnt
|-sidestart|p2: AMZK|Spikes
|faint|p2a: Ogerpon
|
|upkeep
|
|t:|1776054133
|switch|p2a: Zamazenta|Zamazenta|100/100
|-damage|p2a: Zamazenta|84/100|[from] Spikes
|-ability|p2a: Zamazenta|Dauntless Shield|boost
|-boost|p2a: Zamazenta|def|1
|turn|7
|
|t:|1776054137
|switch|p1a: Gengar but Good|Pecharunt|67/100
|move|p2a: Zamazenta|Crunch|p1a: Gengar but Good
|-supereffective|p1a: Gengar but Good
|-damage|p1a: Gengar but Good|37/100
|-unboost|p1a: Gengar but Good|def|1
|-damage|p2a: Zamazenta|74/100|[from] item: Life Orb
|
|upkeep
|turn|8
|
|t:|1776054142
|move|p2a: Zamazenta|Crunch|p1a: Gengar but Good
|-supereffective|p1a: Gengar but Good
|-damage|p1a: Gengar but Good|0 fnt
|faint|p1a: Gengar but Good
|-damage|p2a: Zamazenta|64/100|[from] item: Life Orb
|
|upkeep
|
|t:|1776054160
|switch|p1a: Rabbi Rabbit|Azumarill, M|100/100
|turn|9
|
|t:|1776054176
|move|p2a: Zamazenta|Stone Edge|p1a: Rabbi Rabbit|[miss]
|-miss|p2a: Zamazenta|p1a: Rabbi Rabbit
|move|p1a: Rabbi Rabbit|Play Rough|p2a: Zamazenta
|-supereffective|p2a: Zamazenta
|-damage|p2a: Zamazenta|0 fnt
|faint|p2a: Zamazenta
|
|upkeep
|
|t:|1776054180
|switch|p2a: Raging Bolt|Raging Bolt|100/100
|-damage|p2a: Raging Bolt|84/100|[from] Spikes
|-enditem|p2a: Raging Bolt|Booster Energy
|-activate|p2a: Raging Bolt|ability: Protosynthesis|[fromitem]
|-start|p2a: Raging Bolt|protosynthesisspa
|turn|10
|
|t:|1776054191
|-terastallize|p1a: Rabbi Rabbit|Steel
|move|p1a: Rabbi Rabbit|Belly Drum|p1a: Rabbi Rabbit
|-damage|p1a: Rabbi Rabbit|50/100
|-setboost|p1a: Rabbi Rabbit|atk|6|[from] move: Belly Drum
|-enditem|p1a: Rabbi Rabbit|Sitrus Berry|[eat]
|-heal|p1a: Rabbi Rabbit|75/100|[from] item: Sitrus Berry
|move|p2a: Raging Bolt|Thunderbolt|p1a: Rabbi Rabbit
|-damage|p1a: Rabbi Rabbit|0 fnt
|faint|p1a: Rabbi Rabbit
|
|upkeep
|
|t:|1776054207
|switch|p1a: Specs|Latios, M|22/100
|turn|11
|
|t:|1776054222
|move|p2a: Raging Bolt|Thunderclap|p1a: Specs
|-resisted|p1a: Specs
|-damage|p1a: Specs|0 fnt
|faint|p1a: Specs
|
|upkeep
|
|t:|1776054227
|switch|p1a: Poop Trap 💩|Glimmora, M|100/100
|turn|12
|
|t:|1776054231
|move|p1a: Poop Trap 💩|Meteor Beam||[still]
|-prepare|p1a: Poop Trap 💩|Meteor Beam
|-boost|p1a: Poop Trap 💩|spa|1
|-enditem|p1a: Poop Trap 💩|Power Herb
|-anim|p1a: Poop Trap 💩|Meteor Beam|p2a: Raging Bolt
|-damage|p2a: Raging Bolt|8/100
|move|p2a: Raging Bolt|Thunderbolt|p1a: Poop Trap 💩
|-damage|p1a: Poop Trap 💩|14/100
|
|upkeep
|turn|13
|
|t:|1776054236
|move|p2a: Raging Bolt|Thunderclap|p1a: Poop Trap 💩
|-damage|p1a: Poop Trap 💩|0 fnt
|faint|p1a: Poop Trap 💩
|
|upkeep
|
|t:|1776054239
|switch|p1a: DK|Rillaboom, M|100/100
|-fieldstart|move: Grassy Terrain|[from] ability: Grassy Surge|[of] p1a: DK
|turn|14
|
|t:|1776054243
|-end|p2a: Raging Bolt|Protosynthesis|[silent]
|switch|p2a: Iron Treads|Iron Treads|42/100
|-damage|p2a: Iron Treads|25/100|[from] Spikes
|move|p1a: DK|U-turn|p2a: Iron Treads
|-resisted|p2a: Iron Treads
|-damage|p2a: Iron Treads|11/100
|
|t:|1776054247
|switch|p1a: Lego Layer|Samurott-Hisui, M|100/100|[from] U-turn
|
|-heal|p2a: Iron Treads|17/100|[from] Grassy Terrain
|upkeep
|turn|15
|
|t:|1776054250
|move|p1a: Lego Layer|Ceaseless Edge|p2a: Iron Treads
|-damage|p2a: Iron Treads|0 fnt
|-sidestart|p2: AMZK|Spikes
|faint|p2a: Iron Treads
|-end|p2a: Iron Treads|Quark Drive|[silent]
|
|upkeep
|
|t:|1776054255
|switch|p2a: Landorus|Landorus-Therian, M|100/100
|-ability|p2a: Landorus|Intimidate|boost
|-unboost|p1a: Lego Layer|atk|1
|turn|16
|
|t:|1776054258
|switch|p1a: DK|Rillaboom, M|100/100
|move|p2a: Landorus|Swords Dance|p2a: Landorus
|-boost|p2a: Landorus|atk|2
|
|upkeep
|turn|17
|
|t:|1776054262
|move|p2a: Landorus|Stone Edge|p1a: DK
|-damage|p1a: DK|22/100
|move|p1a: DK|Wood Hammer|p2a: Landorus
|-damage|p2a: Landorus|0 fnt
|-damage|p1a: DK|5/100|[from] item: Rocky Helmet|[of] p2a: Landorus
|faint|p2a: Landorus
|-damage|p1a: DK|0 fnt|[from] Recoil
|faint|p1a: DK
|
|upkeep
|
|t:|1776054267
|switch|p2a: Raging Bolt|Raging Bolt|8/100
|switch|p1a: Lego Layer|Samurott-Hisui, M|100/100
|-damage|p2a: Raging Bolt|0 fnt|[from] Spikes
|faint|p2a: Raging Bolt
|-end|p2a: Raging Bolt|Protosynthesis|[silent]
|
|t:|1776054269
|switch|p2a: Skeledirge|Skeledirge, M|100/100
|-damage|p2a: Skeledirge|76/100|[from] Spikes
|turn|18
|
|t:|1776054274
|-terastallize|p2a: Skeledirge|Fairy
|move|p1a: Lego Layer|Ceaseless Edge|p2a: Skeledirge
|-resisted|p2a: Skeledirge
|-damage|p2a: Skeledirge|59/100
|move|p2a: Skeledirge|Alluring Voice|p1a: Lego Layer
|-supereffective|p1a: Lego Layer
|-damage|p1a: Lego Layer|0 fnt
|faint|p1a: Lego Layer
|
|win|AMZK
|raw|fuzzyju's rating: 1441 &rarr; <strong>1421</strong><br />(-20 for losing)
|raw|AMZK's rating: 1441 &rarr; <strong>1461</strong><br />(+20 for winning)
|l|☆fuzzyju
|player|p1|
|l|☆AMZK
|player|p2|
