|html|<div class="broadcast-blue"><strong>[Gen 9] OU is currently suspecting Tera Blast! For information on how to participate check out the <a href="https://www.smogon.com/tools/suspects/view/200">suspect thread</a>.</strong></div>
|j|☆kaimyo
|j|☆Mawile441
|t:|1776102505
|gametype|singles
|player|p1|kaimyo|cynthia|1462
|player|p2|Mawile441|265|1462
|gen|9
|tier|[Gen 9] OU
|rated|
|rule|HP Percentage Mod: HP is shown in percentages
|rule|Endless Battle Clause: Forcing endless battles is banned
|rule|Species Clause: Limit one of each Pokémon
|rule|OHKO Clause: OHKO moves are banned
|rule|Evasion Items Clause: Evasion items are banned
|rule|Evasion Moves Clause: Evasion moves are banned
|rule|Evasion Abilities Clause: Evasion abilities are banned
|rule|Sleep Moves Clause: Sleep-inducing moves are banned
|clearpoke
|poke|p1|Samurott-Hisui, F|
|poke|p1|Zamazenta-*|
|poke|p1|Rillaboom, F|
|poke|p1|Hawlucha, M|
|poke|p1|Skeledirge, M|
|poke|p1|Iron Valiant|
|poke|p2|Kingambit, F|
|poke|p2|Zapdos|
|poke|p2|Walking Wake|
|poke|p2|Skarmory, F|
|poke|p2|Alomomola, M|
|poke|p2|Lilligant-Hisui, F|
|teampreview
|inactive|Battle timer is ON: inactive players will automatically lose when time's up. (requested by Mawile441)
|inactive|kaimyo also wants the timer to be on.
|
|t:|1776102523
|teamsize|p1|6
|teamsize|p2|6
|start
|switch|p1a: Samurott|Samurott-Hisui, F|100/100
|switch|p2a: Lilligant|Lilligant-Hisui, F, shiny|100/100
|turn|1
|
|t:|1776102546
|switch|p1a: Skeledirge|Skeledirge, M|100/100
|switch|p2a: Alomomola|Alomomola, M, shiny|100/100
|
|upkeep
|turn|2
|
|t:|1776102558
|move|p1a: Skeledirge|Torch Song|p2a: Alomomola
|-resisted|p2a: Alomomola
|-crit|p2a: Alomomola
|-damage|p2a: Alomomola|60/100
|-boost|p1a: Skeledirge|spa|1
|move|p2a: Alomomola|Flip Turn|p1a: Skeledirge
|-supereffective|p1a: Skeledirge
|-crit|p1a: Skeledirge
|-damage|p1a: Skeledirge|0 fnt
|faint|p1a: Skeledirge
|
|t:|1776102573
|switch|p2a: Lilligant|Lilligant-Hisui, F, shiny|100/100|[from] Flip Turn
|
|upkeep
|
|t:|1776102583
|switch|p1a: Iron Valiant|Iron Valiant|100/100
|-enditem|p1a: Iron Valiant|Booster Energy
|-activate|p1a: Iron Valiant|ability: Quark Drive|[fromitem]
|-start|p1a: Iron Valiant|quarkdrivespe
|turn|3
|inactive|Mawile441 has 120 seconds left.
|
|t:|1776102619
|switch|p2a: Walking Wake|Walking Wake|100/100
|move|p1a: Iron Valiant|Moonblast|p2a: Walking Wake
|-supereffective|p2a: Walking Wake
|-damage|p2a: Walking Wake|63/100
|-unboost|p2a: Walking Wake|spa|1
|
|upkeep
|turn|4
|inactive|Mawile441 has 120 seconds left.
|inactive|kaimyo has 120 seconds left.
|
|t:|1776102663
|move|p1a: Iron Valiant|Close Combat|p2a: Walking Wake
|-damage|p2a: Walking Wake|9/100
|-unboost|p1a: Iron Valiant|def|1
|-unboost|p1a: Iron Valiant|spd|1
|move|p2a: Walking Wake|Scald|p1a: Iron Valiant
|-damage|p1a: Iron Valiant|29/100
|
|upkeep
|turn|5
|
|t:|1776102671
|move|p1a: Iron Valiant|Moonblast|p2a: Walking Wake
|-supereffective|p2a: Walking Wake
|-damage|p2a: Walking Wake|0 fnt
|faint|p2a: Walking Wake
|-end|p2a: Walking Wake|Protosynthesis|[silent]
|
|upkeep
|inactive|Mawile441 has 120 seconds left.
|
|t:|1776102683
|switch|p2a: Alomomola|Alomomola, M, shiny|94/100
|turn|6
|inactive|kaimyo has 120 seconds left.
|
|t:|1776102691
|move|p1a: Iron Valiant|Moonblast|p2a: Alomomola
|-damage|p2a: Alomomola|41/100
|-unboost|p2a: Alomomola|spa|1
|move|p2a: Alomomola|Flip Turn|p1a: Iron Valiant
|-crit|p1a: Iron Valiant
|-damage|p1a: Iron Valiant|0 fnt
|faint|p1a: Iron Valiant
|-end|p1a: Iron Valiant|Quark Drive|[silent]
|
|t:|1776102698
|switch|p2a: Lilligant|Lilligant-Hisui, F, shiny|100/100|[from] Flip Turn
|
|upkeep
|
|t:|1776102704
|switch|p1a: Zamazenta|Zamazenta|100/100
|-ability|p1a: Zamazenta|Dauntless Shield|boost
|-boost|p1a: Zamazenta|def|1
|turn|7
|
|t:|1776102709
|switch|p2a: Zapdos|Zapdos, shiny|100/100
|move|p1a: Zamazenta|Iron Defense|p1a: Zamazenta
|-boost|p1a: Zamazenta|def|2
|
|upkeep
|turn|8
|
|t:|1776102716
|move|p2a: Zapdos|Hurricane|p1a: Zamazenta
|-supereffective|p1a: Zamazenta
|-damage|p1a: Zamazenta|0 fnt
|faint|p1a: Zamazenta
|-damage|p2a: Zapdos|91/100|[from] item: Life Orb
|
|upkeep
|
|t:|1776102731
|switch|p1a: Rillaboom|Rillaboom, F|100/100
|-fieldstart|move: Grassy Terrain|[from] ability: Grassy Surge|[of] p1a: Rillaboom
|turn|9
|
|t:|1776102735
|move|p1a: Rillaboom|Grassy Glide|p2a: Zapdos
|-resisted|p2a: Zapdos
|-damage|p2a: Zapdos|69/100
|move|p2a: Zapdos|Heat Wave|p1a: Rillaboom
|-supereffective|p1a: Rillaboom
|-damage|p1a: Rillaboom|0 fnt
|faint|p1a: Rillaboom
|-damage|p2a: Zapdos|59/100|[from] item: Life Orb
|
|upkeep
|
|t:|1776102748
|switch|p1a: Samurott|Samurott-Hisui, F|100/100
|turn|10
|
|t:|1776102755
|move|p1a: Samurott|Ceaseless Edge|p2a: Zapdos
|-damage|p2a: Zapdos|0 fnt
|-status|p1a: Samurott|par|[from] ability: Static|[of] p2a: Zapdos
|-sidestart|p2: Mawile441|Spikes
|faint|p2a: Zapdos
|
|upkeep
|
|t:|1776102761
|switch|p2a: Lilligant|Lilligant-Hisui, F, shiny|100/100
|turn|11
|
|t:|1776102765
|move|p2a: Lilligant|Ice Spinner|p1a: Samurott
|-resisted|p1a: Samurott
|-damage|p1a: Samurott|79/100 par
|-fieldend|move: Grassy Terrain
|cant|p1a: Samurott|par
|
|upkeep
|turn|12
|
|t:|1776102770
|move|p2a: Lilligant|Close Combat|p1a: Samurott
|-supereffective|p1a: Samurott
|-damage|p1a: Samurott|0 fnt
|-unboost|p2a: Lilligant|def|1
|-unboost|p2a: Lilligant|spd|1
|faint|p1a: Samurott
|
|upkeep
|
|t:|1776102772
|switch|p1a: Hawlucha|Hawlucha, M|100/100
|turn|13
|
|t:|1776102786
|move|p2a: Lilligant|Defog|p1a: Hawlucha
|-unboost|p1a: Hawlucha|evasion|1
|-sideend|p2: Mawile441|Spikes|[from] move: Defog|[of] p2a: Lilligant
|move|p1a: Hawlucha|Acrobatics|p2a: Lilligant
|-supereffective|p2a: Lilligant
|-damage|p2a: Lilligant|0 fnt
|faint|p2a: Lilligant
|
|upkeep
|
|t:|1776102793
|switch|p2a: Alomomola|Alomomola, M, shiny|74/100
|turn|14
|
|t:|1776102796
|move|p1a: Hawlucha|Swords Dance|p1a: Hawlucha
|-boost|p1a: Hawlucha|atk|2
|move|p2a: Alomomola|Flip Turn|p1a: Hawlucha
|-damage|p1a: Hawlucha|45/100
|
|t:|1776102801
|switch|p2a: Kingambit|Kingambit, F, shiny|100/100|[from] Flip Turn
|
|upkeep
|turn|15
|
|t:|1776102812
|move|p1a: Hawlucha|Swords Dance|p1a: Hawlucha
|-boost|p1a: Hawlucha|atk|2
|move|p2a: Kingambit|Iron Head|p1a: Hawlucha
|-crit|p1a: Hawlucha
|-damage|p1a: Hawlucha|0 fnt
|faint|p1a: Hawlucha
|
|win|Mawile441
|raw|kaimyo's rating: 1462 &rarr; <strong>1442</strong><br />(-20 for losing)
|raw|Mawile441's rating: 1462 &rarr; <strong>1482</strong><br />(+20 for winning)
|l|☆kaimyo
|player|p1|
|l|☆Mawile441
|player|p2|
