|html|<div class="broadcast-blue"><strong>[Gen 9] OU is currently suspecting Tera Blast! For information on how to participate check out the <a href="https://www.smogon.com/tools/suspects/view/200">suspect thread</a>.</strong></div>
|j|‽flyatnight1234
|j|☆Randomcan42
|t:|1776091866
|gametype|singles
|player|p1|flyatnight1234|1|1372
|player|p2|Randomcan42|170|1361
|gen|9
|tier|[Gen 9] OU
|rated|
|rule|HP Percentage Mod: HP is shown in percentages
|rule|Endless Battle Clause: Forcing endless battles is banned
|rule|Species Clause: Limit one of each Pokémon
|rule|OHKO Clause: OHKO moves are banned
|rule|Evasion Items Clause: Evasion items are banned
|rule|Evasion Moves Clause: Evasion moves are banned
|rule|Evasion Abilities Clause: Evasion abilities are banned
|rule|Sleep Moves Clause: Sleep-inducing moves are banned
|clearpoke
|poke|p1|Garchomp, F|
|poke|p1|Cloyster, F|
|poke|p1|Ninetales-Alola, M|
|poke|p1|Magnezone|
|poke|p1|Kyurem|
|poke|p1|Mew|
|poke|p2|Alomomola, F|
|poke|p2|Registeel|
|poke|p2|Cyclizar, F|
|poke|p2|Dragonite, F|
|poke|p2|Dudunsparce-*, F|
|poke|p2|Moltres-Galar|
|teampreview
|inactive|Battle timer is ON: inactive players will automatically lose when time's up. (requested by Randomcan42)
|inactive|flyatnight1234 has 120 seconds left.
|
|t:|1776091905
|teamsize|p1|6
|teamsize|p2|6
|start
|switch|p1a: Garchomp|Garchomp, F|100/100
|switch|p2a: Cyclizar|Cyclizar, F|100/100
|turn|1
|
|t:|1776091931
|move|p2a: Cyclizar|Outrage|p1a: Garchomp
|-supereffective|p1a: Garchomp
|-damage|p1a: Garchomp|9/100
|-damage|p2a: Cyclizar|88/100|[from] ability: Rough Skin|[of] p1a: Garchomp
|move|p1a: Garchomp|Outrage|p2a: Cyclizar
|-supereffective|p2a: Cyclizar
|-damage|p2a: Cyclizar|0 fnt
|faint|p2a: Cyclizar
|
|upkeep
|
|t:|1776091936
|switch|p2a: Alomomola|Alomomola, F|100/100
|turn|2
|
|t:|1776091942
|move|p1a: Garchomp|Outrage|p2a: Alomomola|[from] lockedmove
|-damage|p2a: Alomomola|44/100
|-damage|p1a: Garchomp|0 fnt|[from] item: Rocky Helmet|[of] p2a: Alomomola
|faint|p1a: Garchomp
|move|p2a: Alomomola|Wish|p2a: Alomomola
|
|upkeep
|inactive|flyatnight1234 has 120 seconds left.
|
|t:|1776091977
|switch|p1a: Magnezone|Magnezone|100/100
|turn|3
|inactive|flyatnight1234 has 120 seconds left.
|
|t:|1776091986
|switch|p2a: Registeel|Registeel|100/100
|move|p1a: Magnezone|Thunder Wave|p2a: Registeel
|-status|p2a: Registeel|par
|
|upkeep
|turn|4
|inactive|flyatnight1234 has 120 seconds left.
|
|t:|1776091999
|move|p1a: Magnezone|Reflect|p1a: Magnezone
|-sidestart|p1: flyatnight1234|Reflect
|cant|p2a: Registeel|par
|
|upkeep
|turn|5
|
|t:|1776092003
|move|p1a: Magnezone|Volt Switch|p2a: Registeel
|-damage|p2a: Registeel|86/100 par
|
|t:|1776092013
|switch|p1a: Kyurem|Kyurem|100/100|[from] Volt Switch
|-ability|p1a: Kyurem|Pressure
|cant|p2a: Registeel|par
|
|upkeep
|turn|6
|
|t:|1776092027
|switch|p1a: Mew|Mew|100/100
|move|p2a: Registeel|Iron Head|p1a: Mew
|-damage|p1a: Mew|88/100
|
|-heal|p1a: Mew|94/100|[from] item: Leftovers
|upkeep
|turn|7
|
|t:|1776092039
|switch|p2a: Moltres|Moltres-Galar|100/100
|move|p1a: Mew|Calm Mind|p1a: Mew
|-boost|p1a: Mew|spa|1
|-boost|p1a: Mew|spd|1
|
|-heal|p1a: Mew|99/100|[from] item: Leftovers
|upkeep
|turn|8
|
|t:|1776092063
|move|p1a: Mew|Flamethrower|p2a: Moltres
|-damage|p2a: Moltres|75/100
|move|p2a: Moltres|Agility|p2a: Moltres
|-boost|p2a: Moltres|spe|2
|
|-heal|p2a: Moltres|81/100|[from] item: Leftovers
|-heal|p1a: Mew|100/100|[from] item: Leftovers
|-sideend|p1: flyatnight1234|Reflect
|upkeep
|turn|9
|
|t:|1776092072
|move|p2a: Moltres|Nasty Plot|p2a: Moltres
|-boost|p2a: Moltres|spa|2
|move|p1a: Mew|Calm Mind|p1a: Mew
|-boost|p1a: Mew|spa|1
|-boost|p1a: Mew|spd|1
|
|-heal|p2a: Moltres|87/100|[from] item: Leftovers
|upkeep
|turn|10
|
|t:|1776092085
|-terastallize|p1a: Mew|Fairy
|move|p2a: Moltres|Nasty Plot|p2a: Moltres
|-boost|p2a: Moltres|spa|2
|move|p1a: Mew|Calm Mind|p1a: Mew
|-boost|p1a: Mew|spa|1
|-boost|p1a: Mew|spd|1
|
|-heal|p2a: Moltres|94/100|[from] item: Leftovers
|upkeep
|turn|11
|inactive|flyatnight1234 has 120 seconds left.
|inactive|flyatnight1234 has 90 seconds left.
|
|t:|1776092154
|move|p2a: Moltres|Fiery Wrath|p1a: Mew
|-resisted|p1a: Mew
|-damage|p1a: Mew|86/100
|cant|p1a: Mew|flinch
|
|-heal|p2a: Moltres|99/100|[from] item: Leftovers
|-heal|p1a: Mew|92/100|[from] item: Leftovers
|upkeep
|turn|12
|
|t:|1776092171
|move|p2a: Moltres|Nasty Plot|p2a: Moltres
|-boost|p2a: Moltres|spa|2
|move|p1a: Mew|Flamethrower|p2a: Moltres
|-damage|p2a: Moltres|58/100
|
|-heal|p2a: Moltres|64/100|[from] item: Leftovers
|-heal|p1a: Mew|98/100|[from] item: Leftovers
|upkeep
|turn|13
|
|t:|1776092180
|-terastallize|p2a: Moltres|Dark
|move|p2a: Moltres|Fiery Wrath|p1a: Mew
|-resisted|p1a: Mew
|-damage|p1a: Mew|69/100
|move|p1a: Mew|Calm Mind|p1a: Mew
|-boost|p1a: Mew|spa|1
|-boost|p1a: Mew|spd|1
|
|-heal|p2a: Moltres|70/100|[from] item: Leftovers
|-heal|p1a: Mew|75/100|[from] item: Leftovers
|upkeep
|turn|14
|
|t:|1776092191
|move|p2a: Moltres|Fiery Wrath|p1a: Mew
|-resisted|p1a: Mew
|-damage|p1a: Mew|52/100
|cant|p1a: Mew|flinch
|
|-heal|p2a: Moltres|76/100|[from] item: Leftovers
|-heal|p1a: Mew|58/100|[from] item: Leftovers
|upkeep
|turn|15
|
|t:|1776092199
|move|p2a: Moltres|Fiery Wrath|p1a: Mew
|-resisted|p1a: Mew
|-damage|p1a: Mew|34/100
|move|p1a: Mew|Aura Sphere|p2a: Moltres
|-supereffective|p2a: Moltres
|-crit|p2a: Moltres
|-damage|p2a: Moltres|0 fnt
|faint|p2a: Moltres
|
|-heal|p1a: Mew|40/100|[from] item: Leftovers
|upkeep
|
|t:|1776092208
|switch|p2a: Registeel|Registeel|86/100 par
|turn|16
|
|t:|1776092212
|move|p1a: Mew|Aura Sphere|p2a: Registeel
|-supereffective|p2a: Registeel
|-damage|p2a: Registeel|24/100 par
|move|p2a: Registeel|Iron Head|p1a: Mew
|-supereffective|p1a: Mew
|-damage|p1a: Mew|0 fnt
|faint|p1a: Mew
|
|upkeep
|inactive|flyatnight1234 has 90 seconds left.
|
|t:|1776092237
|switch|p1a: Magnezone|Magnezone|100/100
|turn|17
|inactive|flyatnight1234 has 90 seconds left.
|
|t:|1776092244
|move|p1a: Magnezone|Volt Switch|p2a: Registeel
|-damage|p2a: Registeel|9/100 par
|inactive|flyatnight1234 has 90 seconds left.
|
|t:|1776092250
|switch|p1a: Ninetales|Ninetales-Alola, M|100/100|[from] Volt Switch
|-weather|Snowscape|[from] ability: Snow Warning|[of] p1a: Ninetales
|move|p2a: Registeel|Earthquake|p1a: Ninetales
|-damage|p1a: Ninetales|74/100
|
|-weather|Snowscape|[upkeep]
|upkeep
|turn|18
|inactive|flyatnight1234 has 90 seconds left.
|
|t:|1776092263
|move|p1a: Ninetales|Dark Pulse|p2a: Registeel
|-damage|p2a: Registeel|0 fnt
|faint|p2a: Registeel
|
|-weather|Snowscape|[upkeep]
|upkeep
|
|t:|1776092266
|switch|p2a: Dudunsparce|Dudunsparce, F|100/100
|turn|19
|
|t:|1776092273
|switch|p1a: Magnezone|Magnezone|100/100
|move|p2a: Dudunsparce|Glare|p1a: Magnezone
|-immune|p1a: Magnezone
|
|-weather|Snowscape|[upkeep]
|upkeep
|turn|20
|
|t:|1776092283
|move|p1a: Magnezone|Thunder Wave|p2a: Dudunsparce
|-status|p2a: Dudunsparce|par
|move|p2a: Dudunsparce|Body Press|p1a: Magnezone
|-supereffective|p1a: Magnezone
|-damage|p1a: Magnezone|66/100
|
|-weather|Snowscape|[upkeep]
|-heal|p1a: Magnezone|72/100|[from] item: Leftovers
|upkeep
|turn|21
|
|t:|1776092295
|move|p1a: Magnezone|Reflect|p1a: Magnezone
|-sidestart|p1: flyatnight1234|Reflect
|cant|p2a: Dudunsparce|par
|
|-weather|none
|-heal|p1a: Magnezone|78/100|[from] item: Leftovers
|upkeep
|turn|22
|
|t:|1776092301
|move|p1a: Magnezone|Volt Switch|p2a: Dudunsparce
|-damage|p2a: Dudunsparce|69/100 par
|inactive|flyatnight1234 has 90 seconds left.
|
|t:|1776092321
|switch|p1a: Ninetales|Ninetales-Alola, M|74/100|[from] Volt Switch
|-weather|Snowscape|[from] ability: Snow Warning|[of] p1a: Ninetales
|move|p2a: Dudunsparce|Body Press|p1a: Ninetales
|-damage|p1a: Ninetales|64/100
|
|-weather|Snowscape|[upkeep]
|-heal|p2a: Dudunsparce|75/100 par|[from] item: Leftovers
|upkeep
|turn|23
|inactive|flyatnight1234 has 90 seconds left.
|
|t:|1776092339
|move|p1a: Ninetales|Moonblast|p2a: Dudunsparce
|-crit|p2a: Dudunsparce
|-damage|p2a: Dudunsparce|0 fnt
|faint|p2a: Dudunsparce
|
|-weather|Snowscape|[upkeep]
|upkeep
|
|t:|1776092342
|switch|p2a: Dragonite|Dragonite, F|100/100
|turn|24
|
|t:|1776092347
|move|p1a: Ninetales|Moonblast|p2a: Dragonite
|-supereffective|p2a: Dragonite
|-damage|p2a: Dragonite|57/100
|move|p2a: Dragonite|Dragon Dance|p2a: Dragonite
|-boost|p2a: Dragonite|atk|1
|-boost|p2a: Dragonite|spe|1
|
|-weather|Snowscape|[upkeep]
|-heal|p2a: Dragonite|63/100|[from] item: Leftovers
|upkeep
|turn|25
|
|t:|1776092356
|move|p1a: Ninetales|Moonblast|p2a: Dragonite
|-supereffective|p2a: Dragonite
|-damage|p2a: Dragonite|0 fnt
|faint|p2a: Dragonite
|
|-weather|Snowscape|[upkeep]
|-sideend|p1: flyatnight1234|Reflect
|upkeep
|-message|Randomcan42 forfeited.
|
|win|flyatnight1234
|raw|flyatnight1234's rating: 1372 &rarr; <strong>1391</strong><br />(+19 for winning)
|raw|Randomcan42's rating: 1361 &rarr; <strong>1342</strong><br />(-19 for losing)
|l|☆Randomcan42
|player|p2|
|l|‽flyatnight1234
|player|p1|
