|html|<div class="broadcast-blue"><strong>[Gen 9] OU is currently suspecting Volcarona! For information on how to participate check out the <a href="https://www.smogon.com/tools/suspects/view/208">suspect thread</a>.</strong></div>
|j|☆canelo casper
|j|☆zermoon
|t:|1778506694
|gametype|singles
|player|p1|canelo casper|265|1153
|player|p2|zermoon|red|1091
|gen|9
|tier|[Gen 9] OU
|rated|
|rule|HP Percentage Mod: HP is shown in percentages
|rule|Endless Battle Clause: Forcing endless battles is banned
|rule|Species Clause: Limit one of each Pokémon
|rule|OHKO Clause: OHKO moves are banned
|rule|Evasion Items Clause: Evasion items are banned
|rule|Evasion Moves Clause: Evasion moves are banned
|rule|Evasion Abilities Clause: Evasion abilities are banned
|rule|Sleep Moves Clause: Sleep-inducing moves are banned
|clearpoke
|poke|p1|Azumarill, M|
|poke|p1|Scizor, F|
|poke|p1|Grimmsnarl, M|
|poke|p1|Ogerpon, F|
|poke|p1|Iron Treads|
|poke|p1|Haxorus, F|
|poke|p2|Pikachu-Partner, M|
|poke|p2|Charizard, M|
|poke|p2|Venusaur, M|
|poke|p2|Blastoise, M|
|poke|p2|Lapras, M|
|poke|p2|Snorlax, M|
|teampreview
|
|t:|1778506711
|teamsize|p1|6
|teamsize|p2|6
|start
|switch|p1a: Grimmsnarl|Grimmsnarl, M|100/100
|switch|p2a: Charizard|Charizard, M|100/100
|turn|1
|
|t:|1778506720
|move|p1a: Grimmsnarl|Reflect|p1a: Grimmsnarl
|-sidestart|p1: canelo casper|Reflect
|move|p2a: Charizard|Heat Wave|p1a: Grimmsnarl
|-damage|p1a: Grimmsnarl|65/100
|
|upkeep
|turn|2
|
|t:|1778506726
|move|p1a: Grimmsnarl|Light Screen|p1a: Grimmsnarl
|-sidestart|p1: canelo casper|move: Light Screen
|move|p2a: Charizard|Heat Wave|p1a: Grimmsnarl
|-damage|p1a: Grimmsnarl|48/100
|
|upkeep
|turn|3
|
|t:|1778506732
|move|p1a: Grimmsnarl|Thunder Wave|p2a: Charizard|[miss]
|-miss|p1a: Grimmsnarl|p2a: Charizard
|move|p2a: Charizard|Heat Wave|p1a: Grimmsnarl
|-damage|p1a: Grimmsnarl|29/100
|
|upkeep
|turn|4
|
|t:|1778506741
|switch|p2a: Pikachu|Pikachu-Partner, M|100/100
|move|p1a: Grimmsnarl|Parting Shot|p2a: Pikachu
|-unboost|p2a: Pikachu|atk|1
|-unboost|p2a: Pikachu|spa|1
|
|t:|1778506748
|switch|p1a: Baby|Haxorus, F, shiny|100/100|[from] Parting Shot
|-ability|p1a: Baby|Mold Breaker
|
|upkeep
|turn|5
|
|t:|1778506759
|move|p1a: Baby|Earthquake|p2a: Pikachu
|-supereffective|p2a: Pikachu
|-enditem|p2a: Pikachu|Focus Sash
|-damage|p2a: Pikachu|1/100
|move|p2a: Pikachu|Endeavor|p1a: Baby
|-damage|p1a: Baby|1/100
|
|upkeep
|turn|6
|
|t:|1778506770
|move|p2a: Pikachu|Quick Attack|p1a: Baby
|-damage|p1a: Baby|0 fnt
|faint|p1a: Baby
|
|upkeep
|
|t:|1778506776
|switch|p1a: Azumarill|Azumarill, M|100/100
|turn|7
|
|t:|1778506792
|switch|p2a: Venusaur|Venusaur, M|100/100
|move|p1a: Azumarill|Aqua Jet|p2a: Venusaur
|-resisted|p2a: Venusaur
|-damage|p2a: Venusaur|87/100
|
|-heal|p2a: Venusaur|93/100|[from] item: Black Sludge
|upkeep
|turn|8
|
|t:|1778506801
|-terastallize|p1a: Azumarill|Grass
|move|p1a: Azumarill|Belly Drum|p1a: Azumarill
|-damage|p1a: Azumarill|50/100
|-setboost|p1a: Azumarill|atk|6|[from] move: Belly Drum
|-enditem|p1a: Azumarill|Sitrus Berry|[eat]
|-heal|p1a: Azumarill|75/100|[from] item: Sitrus Berry
|move|p2a: Venusaur|Leech Seed|p1a: Azumarill
|-immune|p1a: Azumarill
|
|-heal|p2a: Venusaur|99/100|[from] item: Black Sludge
|-sideend|p1: canelo casper|Reflect
|upkeep
|turn|9
|
|t:|1778506816
|move|p2a: Venusaur|Protect|p2a: Venusaur
|-singleturn|p2a: Venusaur|Protect
|move|p1a: Azumarill|Aqua Jet|p2a: Venusaur
|-activate|p2a: Venusaur|move: Protect
|
|-heal|p2a: Venusaur|100/100|[from] item: Black Sludge
|-sideend|p1: canelo casper|move: Light Screen
|upkeep
|turn|10
|
|t:|1778506830
|move|p1a: Azumarill|Aqua Jet|p2a: Venusaur
|-resisted|p2a: Venusaur
|-damage|p2a: Venusaur|43/100
|move|p2a: Venusaur|Toxic|p1a: Azumarill
|-status|p1a: Azumarill|tox
|
|-heal|p2a: Venusaur|49/100|[from] item: Black Sludge
|-damage|p1a: Azumarill|69/100 tox|[from] psn
|upkeep
|turn|11
|
|t:|1778506841
|move|p2a: Venusaur|Protect|p2a: Venusaur
|-singleturn|p2a: Venusaur|Protect
|move|p1a: Azumarill|Aqua Jet|p2a: Venusaur
|-activate|p2a: Venusaur|move: Protect
|
|-heal|p2a: Venusaur|55/100|[from] item: Black Sludge
|-damage|p1a: Azumarill|57/100 tox|[from] psn
|upkeep
|turn|12
|
|t:|1778506855
|switch|p2a: Lapras|Lapras, M|100/100
|move|p1a: Azumarill|Knock Off|p2a: Lapras
|-crit|p2a: Lapras
|-damage|p2a: Lapras|0 fnt
|-enditem|p2a: Lapras|Leftovers|[from] move: Knock Off|[of] p1a: Azumarill
|faint|p2a: Lapras
|
|-damage|p1a: Azumarill|39/100 tox|[from] psn
|upkeep
|
|t:|1778506867
|switch|p2a: Venusaur|Venusaur, M|55/100
|turn|13
|
|t:|1778506871
|move|p2a: Venusaur|Protect|p2a: Venusaur
|-singleturn|p2a: Venusaur|Protect
|move|p1a: Azumarill|Knock Off|p2a: Venusaur
|-activate|p2a: Venusaur|move: Protect
|
|-heal|p2a: Venusaur|61/100|[from] item: Black Sludge
|-damage|p1a: Azumarill|14/100 tox|[from] psn
|upkeep
|turn|14
|
|t:|1778506883
|move|p2a: Venusaur|Protect|p2a: Venusaur
|-singleturn|p2a: Venusaur|Protect
|move|p1a: Azumarill|Knock Off|p2a: Venusaur
|-activate|p2a: Venusaur|move: Protect
|
|-heal|p2a: Venusaur|68/100|[from] item: Black Sludge
|-damage|p1a: Azumarill|0 fnt|[from] psn
|faint|p1a: Azumarill
|upkeep
|
|t:|1778506891
|switch|p1a: Grimmsnarl|Grimmsnarl, M|29/100
|turn|15
|
|t:|1778506897
|move|p1a: Grimmsnarl|Light Screen|p1a: Grimmsnarl
|-sidestart|p1: canelo casper|move: Light Screen
|move|p2a: Venusaur|Leech Seed|p1a: Grimmsnarl
|-start|p1a: Grimmsnarl|move: Leech Seed
|
|-heal|p2a: Venusaur|74/100|[from] item: Black Sludge
|-damage|p1a: Grimmsnarl|16/100|[from] Leech Seed|[of] p2a: Venusaur
|-heal|p2a: Venusaur|87/100|[silent]
|upkeep
|turn|16
|
|t:|1778506906
|move|p1a: Grimmsnarl|Thunder Wave|p2a: Venusaur
|-status|p2a: Venusaur|par
|cant|p2a: Venusaur|par
|
|-heal|p2a: Venusaur|93/100 par|[from] item: Black Sludge
|-damage|p1a: Grimmsnarl|4/100|[from] Leech Seed|[of] p2a: Venusaur
|-heal|p2a: Venusaur|100/100 par|[silent]
|upkeep
|turn|17
|
|t:|1778506917
|move|p1a: Grimmsnarl|Reflect|p1a: Grimmsnarl
|-sidestart|p1: canelo casper|Reflect
|move|p2a: Venusaur|Toxic|p1a: Grimmsnarl
|-status|p1a: Grimmsnarl|tox
|
|-damage|p1a: Grimmsnarl|0 fnt|[from] Leech Seed|[of] p2a: Venusaur
|faint|p1a: Grimmsnarl
|upkeep
|
|t:|1778506923
|switch|p1a: Iron Treads|Iron Treads|100/100
|turn|18
|
|t:|1778506930
|move|p1a: Iron Treads|Knock Off|p2a: Venusaur
|-damage|p2a: Venusaur|65/100 par
|-enditem|p2a: Venusaur|Black Sludge|[from] move: Knock Off|[of] p1a: Iron Treads
|move|p2a: Venusaur|Leech Seed|p1a: Iron Treads
|-start|p1a: Iron Treads|move: Leech Seed
|
|-damage|p1a: Iron Treads|88/100|[from] Leech Seed|[of] p2a: Venusaur
|-heal|p2a: Venusaur|76/100 par|[silent]
|upkeep
|turn|19
|
|t:|1778506940
|move|p2a: Venusaur|Protect|p2a: Venusaur
|-singleturn|p2a: Venusaur|Protect
|move|p1a: Iron Treads|Earthquake|p2a: Venusaur
|-activate|p2a: Venusaur|move: Protect
|
|-damage|p1a: Iron Treads|76/100|[from] Leech Seed|[of] p2a: Venusaur
|-heal|p2a: Venusaur|87/100 par|[silent]
|upkeep
|turn|20
|
|t:|1778506950
|move|p1a: Iron Treads|Stealth Rock|p2a: Venusaur
|-sidestart|p2: zermoon|move: Stealth Rock
|move|p2a: Venusaur|Knock Off|p1a: Iron Treads
|-damage|p1a: Iron Treads|68/100
|-enditem|p1a: Iron Treads|Focus Sash|[from] move: Knock Off|[of] p2a: Venusaur
|
|-damage|p1a: Iron Treads|55/100|[from] Leech Seed|[of] p2a: Venusaur
|-heal|p2a: Venusaur|98/100 par|[silent]
|upkeep
|turn|21
|
|t:|1778506961
|move|p2a: Venusaur|Protect|p2a: Venusaur
|-singleturn|p2a: Venusaur|Protect
|move|p1a: Iron Treads|Earthquake|p2a: Venusaur
|-activate|p2a: Venusaur|move: Protect
|
|-damage|p1a: Iron Treads|43/100|[from] Leech Seed|[of] p2a: Venusaur
|-heal|p2a: Venusaur|100/100 par|[silent]
|upkeep
|turn|22
|
|t:|1778506974
|move|p1a: Iron Treads|Earthquake|p2a: Venusaur
|-damage|p2a: Venusaur|51/100 par
|cant|p2a: Venusaur|par
|
|-damage|p1a: Iron Treads|30/100|[from] Leech Seed|[of] p2a: Venusaur
|-heal|p2a: Venusaur|62/100 par|[silent]
|-sideend|p1: canelo casper|move: Light Screen
|upkeep
|turn|23
|
|t:|1778506985
|cant|p2a: Venusaur|par
|move|p1a: Iron Treads|Earthquake|p2a: Venusaur
|-damage|p2a: Venusaur|7/100 par
|
|-damage|p1a: Iron Treads|18/100|[from] Leech Seed|[of] p2a: Venusaur
|-heal|p2a: Venusaur|18/100 par|[silent]
|upkeep
|turn|24
|
|t:|1778506994
|move|p2a: Venusaur|Protect|p2a: Venusaur
|-singleturn|p2a: Venusaur|Protect
|move|p1a: Iron Treads|Earthquake|p2a: Venusaur
|-activate|p2a: Venusaur|move: Protect
|
|-damage|p1a: Iron Treads|5/100|[from] Leech Seed|[of] p2a: Venusaur
|-heal|p2a: Venusaur|29/100 par|[silent]
|-sideend|p1: canelo casper|Reflect
|upkeep
|turn|25
|
|t:|1778507004
|move|p2a: Venusaur|Protect||[still]
|-fail|p2a: Venusaur
|move|p1a: Iron Treads|Earthquake|p2a: Venusaur
|-damage|p2a: Venusaur|0 fnt
|faint|p2a: Venusaur
|
|upkeep
|
|t:|1778507019
|switch|p2a: Charizard|Charizard, M|100/100
|-damage|p2a: Charizard|51/100|[from] Stealth Rock
|turn|26
|
|t:|1778507028
|move|p2a: Charizard|Heat Wave|p1a: Iron Treads
|-supereffective|p1a: Iron Treads
|-crit|p1a: Iron Treads
|-damage|p1a: Iron Treads|0 fnt
|faint|p1a: Iron Treads
|-end|p1a: Iron Treads|Quark Drive|[silent]
|
|upkeep
|
|t:|1778507035
|switch|p1a: Ogerpon|Ogerpon, F|100/100
|turn|27
|
|t:|1778507040
|move|p2a: Charizard|Heat Wave|p1a: Ogerpon
|-supereffective|p1a: Ogerpon
|-damage|p1a: Ogerpon|0 fnt
|faint|p1a: Ogerpon
|
|upkeep
|-message|canelo casper forfeited.
|
|win|zermoon
|raw|canelo casper's rating: 1153 &rarr; <strong>1124</strong><br />(-29 for losing)
|raw|zermoon's rating: 1091 &rarr; <strong>1122</strong><br />(+31 for winning)
|l|☆canelo casper
|player|p1|
|l|☆zermoon
|player|p2|
