|html|<div class="broadcast-blue"><strong>[Gen 9] OU is currently suspecting Tera Blast! For information on how to participate check out the <a href="https://www.smogon.com/tools/suspects/view/200">suspect thread</a>.</strong></div>
|j|☆shady523
|j|☆tobarash
|t:|1776190376
|gametype|singles
|player|p1|shady523|cynthia-gen4|1205
|player|p2|tobarash|ghetsis|1145
|gen|9
|tier|[Gen 9] OU
|rated|
|rule|HP Percentage Mod: HP is shown in percentages
|rule|Endless Battle Clause: Forcing endless battles is banned
|rule|Species Clause: Limit one of each Pokémon
|rule|OHKO Clause: OHKO moves are banned
|rule|Evasion Items Clause: Evasion items are banned
|rule|Evasion Moves Clause: Evasion moves are banned
|rule|Evasion Abilities Clause: Evasion abilities are banned
|rule|Sleep Moves Clause: Sleep-inducing moves are banned
|clearpoke
|poke|p1|Hatterene, F|
|poke|p1|Farigiraf, M|
|poke|p1|Mimikyu, F|
|poke|p1|Slither Wing|
|poke|p1|Ursaluna, F|
|poke|p1|Torkoal, M|
|poke|p2|Okidogi, M|
|poke|p2|Dragapult, M|
|poke|p2|Landorus-Therian, M|
|poke|p2|Gholdengo|
|poke|p2|Hatterene, F|
|poke|p2|Darkrai|
|teampreview
|
|t:|1776190401
|teamsize|p1|6
|teamsize|p2|6
|start
|switch|p1a: Hatterene|Hatterene, F|100/100
|switch|p2a: Landorus|Landorus-Therian, M|100/100
|-ability|p2a: Landorus|Intimidate|boost
|-unboost|p1a: Hatterene|atk|1
|turn|1
|
|t:|1776190431
|move|p2a: Landorus|Earthquake|p1a: Hatterene
|-damage|p1a: Hatterene|42/100
|move|p1a: Hatterene|Trick Room|p1a: Hatterene
|-fieldstart|move: Trick Room|[of] p1a: Hatterene
|
|upkeep
|turn|2
|inactive|Battle timer is ON: inactive players will automatically lose when time's up. (requested by shady523)
|
|t:|1776190438
|move|p1a: Hatterene|Healing Wish|p1a: Hatterene
|faint|p1a: Hatterene
|move|p2a: Landorus|U-turn|p1: Hatterene|[notarget]
|-fail|p2a: Landorus
|
|upkeep
|
|t:|1776190440
|switch|p1a: Ursaluna|Ursaluna, F|100/100
|turn|3
|
|t:|1776190446
|move|p1a: Ursaluna|Swords Dance|p1a: Ursaluna
|-boost|p1a: Ursaluna|atk|2
|move|p2a: Landorus|Stealth Rock|p1a: Ursaluna
|-sidestart|p1: shady523|move: Stealth Rock
|
|-status|p1a: Ursaluna|brn|[from] item: Flame Orb
|upkeep
|turn|4
|
|t:|1776190463
|move|p1a: Ursaluna|Facade|p2a: Landorus
|-crit|p2a: Landorus
|-damage|p2a: Landorus|0 fnt
|faint|p2a: Landorus
|
|-damage|p1a: Ursaluna|94/100 brn|[from] brn
|upkeep
|
|t:|1776190483
|switch|p2a: Okidogi|Okidogi, M|100/100
|turn|5
|
|t:|1776190489
|move|p1a: Ursaluna|Earthquake|p2a: Okidogi
|-supereffective|p2a: Okidogi
|-damage|p2a: Okidogi|0 fnt
|faint|p2a: Okidogi
|
|-damage|p1a: Ursaluna|88/100 brn|[from] brn
|-fieldend|move: Trick Room
|upkeep
|
|t:|1776190492
|switch|p2a: Dragapult|Dragapult, M|100/100
|turn|6
|
|t:|1776190497
|move|p2a: Dragapult|Dragon Dance|p2a: Dragapult
|-boost|p2a: Dragapult|atk|1
|-boost|p2a: Dragapult|spe|1
|move|p1a: Ursaluna|Crunch|p2a: Dragapult
|-supereffective|p2a: Dragapult
|-enditem|p2a: Dragapult|Focus Sash
|-damage|p2a: Dragapult|1/100
|-unboost|p2a: Dragapult|def|1
|
|-damage|p1a: Ursaluna|82/100 brn|[from] brn
|upkeep
|turn|7
|
|t:|1776190505
|move|p2a: Dragapult|Dragon Darts|p1a: Ursaluna
|-damage|p1a: Ursaluna|52/100 brn
|-anim|p2a: Dragapult|Dragon Darts|p1a: Ursaluna
|-damage|p1a: Ursaluna|23/100 brn
|move|p1a: Ursaluna|Crunch|p2a: Dragapult
|-supereffective|p2a: Dragapult
|-damage|p2a: Dragapult|0 fnt
|faint|p2a: Dragapult
|
|-damage|p1a: Ursaluna|17/100 brn|[from] brn
|upkeep
|
|t:|1776190515
|switch|p2a: Gholdengo|Gholdengo|100/100
|turn|8
|
|t:|1776190521
|move|p2a: Gholdengo|Psychic|p1a: Ursaluna
|-damage|p1a: Ursaluna|0 fnt
|faint|p1a: Ursaluna
|
|upkeep
|
|t:|1776190525
|switch|p1a: Mimikyu|Mimikyu, F|100/100
|-damage|p1a: Mimikyu|88/100|[from] Stealth Rock
|turn|9
|
|t:|1776190532
|move|p2a: Gholdengo|Flash Cannon|p1a: Mimikyu
|-activate|p1a: Mimikyu|ability: Disguise
|-damage|p1a: Mimikyu|88/100
|detailschange|p1a: Mimikyu|Mimikyu-Busted, F
|-damage|p1a: Mimikyu|76/100|[from] pokemon: Mimikyu-Busted
|move|p1a: Mimikyu|Trick Room|p1a: Mimikyu
|-fieldstart|move: Trick Room|[of] p1a: Mimikyu
|
|upkeep
|turn|10
|
|t:|1776190546
|move|p1a: Mimikyu|Shadow Sneak|p2a: Gholdengo
|-supereffective|p2a: Gholdengo
|-damage|p2a: Gholdengo|50/100
|-damage|p1a: Mimikyu|66/100|[from] item: Life Orb
|move|p2a: Gholdengo|Flash Cannon|p1a: Mimikyu
|-supereffective|p1a: Mimikyu
|-damage|p1a: Mimikyu|0 fnt
|faint|p1a: Mimikyu
|
|upkeep
|
|t:|1776190549
|switch|p1a: Torkoal|Torkoal, M|100/100
|-damage|p1a: Torkoal|75/100|[from] Stealth Rock
|-weather|SunnyDay|[from] ability: Drought|[of] p1a: Torkoal
|turn|11
|
|t:|1776190557
|move|p1a: Torkoal|Eruption|p2a: Gholdengo
|-supereffective|p2a: Gholdengo
|-damage|p2a: Gholdengo|0 fnt
|faint|p2a: Gholdengo
|
|-weather|SunnyDay|[upkeep]
|upkeep
|
|t:|1776190560
|switch|p2a: Hatterene|Hatterene, F|100/100
|turn|12
|
|t:|1776190567
|move|p1a: Torkoal|Eruption|p2a: Hatterene
|-damage|p2a: Hatterene|0 fnt
|faint|p2a: Hatterene
|
|-weather|SunnyDay|[upkeep]
|upkeep
|
|t:|1776190570
|switch|p2a: Darkrai|Darkrai|100/100
|turn|13
|
|t:|1776190573
|-terastallize|p1a: Torkoal|Fire
|move|p1a: Torkoal|Eruption|p2a: Darkrai
|-damage|p2a: Darkrai|0 fnt
|faint|p2a: Darkrai
|
|win|shady523
|raw|shady523's rating: 1205 &rarr; <strong>1226</strong><br />(+21 for winning)
|raw|tobarash's rating: 1145 &rarr; <strong>1124</strong><br />(-21 for losing)
|l|☆tobarash
|player|p2|
