|html|<div class="broadcast-blue"><strong>[Gen 9] OU is currently suspecting Tera Blast! For information on how to participate check out the <a href="https://www.smogon.com/tools/suspects/view/200">suspect thread</a>.</strong></div>
|j|☆TOMBDADDY
|j|☆Gu2025
|t:|1776208423
|gametype|singles
|player|p1|TOMBDADDY|unknown|1506
|player|p2|Gu2025|rood|1446
|gen|9
|tier|[Gen 9] OU
|rated|
|rule|HP Percentage Mod: HP is shown in percentages
|rule|Endless Battle Clause: Forcing endless battles is banned
|rule|Species Clause: Limit one of each Pokémon
|rule|OHKO Clause: OHKO moves are banned
|rule|Evasion Items Clause: Evasion items are banned
|rule|Evasion Moves Clause: Evasion moves are banned
|rule|Evasion Abilities Clause: Evasion abilities are banned
|rule|Sleep Moves Clause: Sleep-inducing moves are banned
|clearpoke
|poke|p1|Dragapult, F|
|poke|p1|Alomomola, F|
|poke|p1|Ting-Lu|
|poke|p1|Kyurem|
|poke|p1|Weezing-Galar, M|
|poke|p1|Corviknight, M|
|poke|p2|Zapdos|
|poke|p2|Rillaboom, M|
|poke|p2|Gholdengo|
|poke|p2|Great Tusk|
|poke|p2|Kingambit, M|
|poke|p2|Kyurem|
|teampreview
|
|t:|1776208464
|teamsize|p1|6
|teamsize|p2|6
|start
|switch|p1a: Corviknight|Corviknight, M|100/100
|switch|p2a: Zapdos|Zapdos|100/100
|-ability|p1a: Corviknight|Pressure
|turn|1
|
|t:|1776208486
|switch|p1a: Ting-Lu|Ting-Lu|100/100
|-ability|p1a: Ting-Lu|Vessel of Ruin
|move|p2a: Zapdos|Volt Switch|p1a: Ting-Lu
|-immune|p1a: Ting-Lu
|
|upkeep
|turn|2
|inactive|Battle timer is ON: inactive players will automatically lose when time's up. (requested by Gu2025)
|
|t:|1776208499
|switch|p2a: Rillaboom|Rillaboom, M|100/100
|-fieldstart|move: Grassy Terrain|[from] ability: Grassy Surge|[of] p2a: Rillaboom
|move|p1a: Ting-Lu|Stealth Rock|p2a: Rillaboom
|-sidestart|p2: Gu2025|move: Stealth Rock
|
|upkeep
|turn|3
|
|t:|1776208508
|switch|p1a: Weezing|Weezing-Galar, M|100/100
|-ability|p1a: Weezing|Neutralizing Gas
|move|p2a: Rillaboom|Knock Off|p1a: Weezing
|-resisted|p1a: Weezing
|-damage|p1a: Weezing|80/100
|-enditem|p1a: Weezing|Leftovers|[from] move: Knock Off|[of] p2a: Rillaboom
|
|-heal|p1a: Weezing|86/100|[from] Grassy Terrain
|upkeep
|turn|4
|
|t:|1776208524
|switch|p2a: Gholdengo|Gholdengo|100/100
|-damage|p2a: Gholdengo|94/100|[from] Stealth Rock
|-item|p2a: Gholdengo|Air Balloon
|move|p1a: Weezing|Will-O-Wisp|p2a: Gholdengo
|-status|p2a: Gholdengo|brn
|
|-heal|p1a: Weezing|92/100|[from] Grassy Terrain
|-damage|p2a: Gholdengo|88/100 brn|[from] brn
|upkeep
|turn|5
|
|t:|1776208545
|-end|p1a: Weezing|ability: Neutralizing Gas
|switch|p1a: Ting-Lu|Ting-Lu|100/100
|-ability|p1a: Ting-Lu|Vessel of Ruin
|move|p2a: Gholdengo|Make It Rain|p1a: Ting-Lu
|-damage|p1a: Ting-Lu|72/100
|-unboost|p2a: Gholdengo|spa|1
|
|-heal|p1a: Ting-Lu|79/100|[from] Grassy Terrain
|-heal|p1a: Ting-Lu|85/100|[from] item: Leftovers
|-damage|p2a: Gholdengo|82/100 brn|[from] brn
|upkeep
|turn|6
|inactive|Gu2025 has 120 seconds left.
|
|t:|1776208565
|switch|p2a: Great Tusk|Great Tusk|100/100
|-damage|p2a: Great Tusk|98/100|[from] Stealth Rock
|move|p1a: Ting-Lu|Ruination|p2a: Great Tusk|[miss]
|-miss|p1a: Ting-Lu|p2a: Great Tusk
|
|-heal|p2a: Great Tusk|100/100|[from] Grassy Terrain
|-heal|p1a: Ting-Lu|91/100|[from] Grassy Terrain
|-heal|p1a: Ting-Lu|97/100|[from] item: Leftovers
|-fieldend|move: Grassy Terrain
|upkeep
|turn|7
|inactive|Gu2025 has 120 seconds left.
|
|t:|1776208578
|switch|p1a: Alomomola|Alomomola, F|100/100
|move|p2a: Great Tusk|Knock Off|p1a: Alomomola
|-damage|p1a: Alomomola|86/100
|-damage|p2a: Great Tusk|84/100|[from] item: Rocky Helmet|[of] p1a: Alomomola
|-enditem|p1a: Alomomola|Rocky Helmet|[from] move: Knock Off|[of] p2a: Great Tusk
|
|-heal|p2a: Great Tusk|90/100|[from] item: Leftovers
|upkeep
|turn|8
|
|t:|1776208588
|move|p2a: Great Tusk|Rapid Spin|p1a: Alomomola
|-damage|p1a: Alomomola|78/100
|-boost|p2a: Great Tusk|spe|1
|-sideend|p2: Gu2025|Stealth Rock|[from] move: Rapid Spin|[of] p2a: Great Tusk
|move|p1a: Alomomola|Flip Turn|p2a: Great Tusk
|-supereffective|p2a: Great Tusk
|-crit|p2a: Great Tusk
|-damage|p2a: Great Tusk|67/100
|
|t:|1776208593
|switch|p1a: Weezing|Weezing-Galar, M|92/100|[from] Flip Turn
|-ability|p1a: Weezing|Neutralizing Gas
|
|-heal|p2a: Great Tusk|73/100|[from] item: Leftovers
|upkeep
|turn|9
|
|t:|1776208607
|-end|p2a: Great Tusk|Protosynthesis|[silent]
|switch|p2a: Kyurem|Kyurem|100/100
|move|p1a: Weezing|Will-O-Wisp|p2a: Kyurem
|-status|p2a: Kyurem|brn
|
|-damage|p2a: Kyurem|94/100 brn|[from] brn
|upkeep
|turn|10
|
|t:|1776208623
|-end|p1a: Weezing|ability: Neutralizing Gas
|-ability|p2a: Kyurem|Pressure
|switch|p1a: Corviknight|Corviknight, M|100/100
|-ability|p1a: Corviknight|Pressure
|move|p2a: Kyurem|Ice Beam|p1a: Corviknight
|-damage|p1a: Corviknight|63/100
|
|-heal|p1a: Corviknight|70/100|[from] item: Leftovers
|-damage|p2a: Kyurem|88/100 brn|[from] brn
|upkeep
|turn|11
|
|t:|1776208637
|switch|p2a: Zapdos|Zapdos|100/100
|move|p1a: Corviknight|Roost|p1a: Corviknight
|-heal|p1a: Corviknight|100/100
|-singleturn|p1a: Corviknight|move: Roost
|
|upkeep
|turn|12
|
|t:|1776208655
|switch|p2a: Rillaboom|Rillaboom, M|100/100
|-fieldstart|move: Grassy Terrain|[from] ability: Grassy Surge|[of] p2a: Rillaboom
|switch|p1a: Kyurem|Kyurem|100/100
|-ability|p1a: Kyurem|Pressure
|
|upkeep
|turn|13
|inactive|Gu2025 has 120 seconds left.
|
|t:|1776208671
|switch|p2a: Gholdengo|Gholdengo|82/100 brn
|-item|p2a: Gholdengo|Air Balloon
|move|p1a: Kyurem|Substitute|p1a: Kyurem
|-start|p1a: Kyurem|Substitute
|-damage|p1a: Kyurem|76/100
|
|-heal|p1a: Kyurem|82/100|[from] Grassy Terrain
|-heal|p1a: Kyurem|88/100|[from] item: Leftovers
|-damage|p2a: Gholdengo|76/100 brn|[from] brn
|upkeep
|turn|14
|inactive|Gu2025 has 120 seconds left.
|
|t:|1776208685
|move|p1a: Kyurem|Freeze-Dry|p2a: Gholdengo
|-resisted|p2a: Gholdengo
|-damage|p2a: Gholdengo|57/100 brn
|-enditem|p2a: Gholdengo|Air Balloon
|move|p2a: Gholdengo|Shadow Ball|p1a: Kyurem
|-end|p1a: Kyurem|Substitute
|
|-heal|p1a: Kyurem|94/100|[from] Grassy Terrain
|-heal|p1a: Kyurem|99/100|[from] item: Leftovers
|-heal|p2a: Gholdengo|63/100 brn|[from] Grassy Terrain
|-damage|p2a: Gholdengo|57/100 brn|[from] brn
|upkeep
|turn|15
|inactive|Gu2025 has 120 seconds left.
|inactive|Gu2025 has 90 seconds left.
|
|t:|1776208730
|move|p1a: Kyurem|Substitute|p1a: Kyurem
|-start|p1a: Kyurem|Substitute
|-damage|p1a: Kyurem|75/100
|move|p2a: Gholdengo|Shadow Ball|p1a: Kyurem
|-end|p1a: Kyurem|Substitute
|
|-heal|p1a: Kyurem|82/100|[from] Grassy Terrain
|-heal|p1a: Kyurem|88/100|[from] item: Leftovers
|-heal|p2a: Gholdengo|63/100 brn|[from] Grassy Terrain
|-damage|p2a: Gholdengo|57/100 brn|[from] brn
|upkeep
|turn|16
|inactive|Gu2025 has 90 seconds left.
|
|t:|1776208747
|move|p1a: Kyurem|Substitute|p1a: Kyurem
|-start|p1a: Kyurem|Substitute
|-damage|p1a: Kyurem|63/100
|move|p2a: Gholdengo|Shadow Ball|p1a: Kyurem
|-end|p1a: Kyurem|Substitute
|
|-heal|p1a: Kyurem|69/100|[from] Grassy Terrain
|-heal|p1a: Kyurem|75/100|[from] item: Leftovers
|-heal|p2a: Gholdengo|63/100 brn|[from] Grassy Terrain
|-damage|p2a: Gholdengo|57/100 brn|[from] brn
|-fieldend|move: Grassy Terrain
|upkeep
|turn|17
|inactive|Gu2025 has 90 seconds left.
|
|t:|1776208767
|move|p1a: Kyurem|Earth Power|p2a: Gholdengo
|-supereffective|p2a: Gholdengo
|-damage|p2a: Gholdengo|0 fnt
|faint|p2a: Gholdengo
|
|-heal|p1a: Kyurem|81/100|[from] item: Leftovers
|upkeep
|
|t:|1776208778
|switch|p2a: Kyurem|Kyurem|88/100 brn
|-ability|p2a: Kyurem|Pressure
|turn|18
|
|t:|1776208793
|switch|p1a: Corviknight|Corviknight, M|100/100
|-ability|p1a: Corviknight|Pressure
|move|p2a: Kyurem|Draco Meteor|p1a: Corviknight
|-resisted|p1a: Corviknight
|-crit|p1a: Corviknight
|-damage|p1a: Corviknight|64/100
|-unboost|p2a: Kyurem|spa|2
|
|-heal|p1a: Corviknight|70/100|[from] item: Leftovers
|-damage|p2a: Kyurem|82/100 brn|[from] brn
|upkeep
|turn|19
|
|t:|1776208810
|switch|p2a: Zapdos|Zapdos|100/100
|move|p1a: Corviknight|Roost|p1a: Corviknight
|-heal|p1a: Corviknight|100/100
|-singleturn|p1a: Corviknight|move: Roost
|
|upkeep
|turn|20
|
|t:|1776208821
|switch|p1a: Ting-Lu|Ting-Lu|97/100
|-ability|p1a: Ting-Lu|Vessel of Ruin
|move|p2a: Zapdos|Hurricane|p1a: Ting-Lu
|-damage|p1a: Ting-Lu|78/100
|
|-heal|p1a: Ting-Lu|84/100|[from] item: Leftovers
|upkeep
|turn|21
|inactive|Gu2025 has 60 seconds left.
|
|t:|1776208854
|switch|p2a: Great Tusk|Great Tusk|73/100
|move|p1a: Ting-Lu|Stealth Rock|p2a: Great Tusk
|-sidestart|p2: Gu2025|move: Stealth Rock
|
|-heal|p2a: Great Tusk|79/100|[from] item: Leftovers
|-heal|p1a: Ting-Lu|90/100|[from] item: Leftovers
|upkeep
|turn|22
|
|t:|1776208865
|switch|p1a: Alomomola|Alomomola, F|100/100
|move|p2a: Great Tusk|Stealth Rock|p1a: Alomomola
|-sidestart|p1: TOMBDADDY|move: Stealth Rock
|
|-heal|p2a: Great Tusk|85/100|[from] item: Leftovers
|upkeep
|turn|23
|inactive|Gu2025 has 60 seconds left.
|
|t:|1776208900
|-end|p2a: Great Tusk|Protosynthesis|[silent]
|switch|p2a: Zapdos|Zapdos|100/100
|move|p1a: Alomomola|Flip Turn|p2a: Zapdos
|-damage|p2a: Zapdos|89/100
|
|t:|1776208910
|switch|p1a: Ting-Lu|Ting-Lu|90/100|[from] Flip Turn
|-damage|p1a: Ting-Lu|84/100|[from] Stealth Rock
|-ability|p1a: Ting-Lu|Vessel of Ruin
|
|-heal|p1a: Ting-Lu|90/100|[from] item: Leftovers
|upkeep
|turn|24
|inactive|Gu2025 has 30 seconds left.
|
|t:|1776208932
|move|p2a: Zapdos|Hurricane|p1a: Ting-Lu
|-damage|p1a: Ting-Lu|70/100
|-start|p1a: Ting-Lu|confusion
|-activate|p1a: Ting-Lu|confusion
|move|p1a: Ting-Lu|Ruination|p2a: Zapdos
|-damage|p2a: Zapdos|45/100
|
|-heal|p1a: Ting-Lu|76/100|[from] item: Leftovers
|upkeep
|turn|25
|inactive|Gu2025 has 30 seconds left.
|
|t:|1776208948
|move|p2a: Zapdos|Roost|p2a: Zapdos
|-heal|p2a: Zapdos|95/100
|-singleturn|p2a: Zapdos|move: Roost
|-activate|p1a: Ting-Lu|confusion
|move|p1a: Ting-Lu|Earthquake|p2a: Zapdos
|-supereffective|p2a: Zapdos
|-damage|p2a: Zapdos|37/100
|
|-heal|p1a: Ting-Lu|82/100|[from] item: Leftovers
|upkeep
|turn|26
|inactive|Gu2025 has 30 seconds left.
|inactive|Gu2025 has 20 seconds left.
|inactive|Gu2025 has 15 seconds left.
|inactive|Gu2025 has 10 seconds left.
|inactive|Gu2025 has 5 seconds left.
|-message|Gu2025 lost due to inactivity.
|
|win|TOMBDADDY
|raw|TOMBDADDY's rating: 1506 &rarr; <strong>1523</strong><br />(+17 for winning)
|raw|Gu2025's rating: 1446 &rarr; <strong>1429</strong><br />(-17 for losing)
|l|☆Gu2025
|player|p2|
