|html|<div class="broadcast-blue"><strong>[Gen 9] OU is currently suspecting Volcarona! For information on how to participate check out the <a href="https://www.smogon.com/tools/suspects/view/208">suspect thread</a>.</strong></div>
|j|☆Yousu123
|j|☆Gentlecine
|t:|1778501880
|gametype|singles
|player|p1|Yousu123|bruno|1321
|player|p2|Gentlecine|brycenman|1278
|gen|9
|tier|[Gen 9] OU
|rated|
|rule|HP Percentage Mod: HP is shown in percentages
|rule|Endless Battle Clause: Forcing endless battles is banned
|rule|Species Clause: Limit one of each Pokémon
|rule|OHKO Clause: OHKO moves are banned
|rule|Evasion Items Clause: Evasion items are banned
|rule|Evasion Moves Clause: Evasion moves are banned
|rule|Evasion Abilities Clause: Evasion abilities are banned
|rule|Sleep Moves Clause: Sleep-inducing moves are banned
|clearpoke
|poke|p1|Ogerpon, F|
|poke|p1|Garganacl, M|
|poke|p1|Iron Treads|
|poke|p1|Slowbro, M|
|poke|p1|Latios, M|
|poke|p1|Rillaboom, M|
|poke|p2|Blissey, F|
|poke|p2|Dondozo, M|
|poke|p2|Gliscor, M|
|poke|p2|Toxapex, F|
|poke|p2|Clefable, M|
|poke|p2|Corviknight, F|
|teampreview
|inactive|Battle timer is ON: inactive players will automatically lose when time's up. (requested by Gentlecine)
|inactive|Yousu123 also wants the timer to be on.
|
|t:|1778501893
|teamsize|p1|6
|teamsize|p2|6
|start
|switch|p1a: Iron Treads|Iron Treads|100/100
|switch|p2a: Corviknight|Corviknight, F|100/100
|-ability|p2a: Corviknight|Pressure
|turn|1
|
|t:|1778501902
|move|p1a: Iron Treads|Stealth Rock|p2a: Corviknight
|-sidestart|p2: Gentlecine|move: Stealth Rock
|move|p2a: Corviknight|Brave Bird|p1a: Iron Treads
|-resisted|p1a: Iron Treads
|-damage|p1a: Iron Treads|85/100
|-damage|p2a: Corviknight|96/100|[from] Recoil
|
|upkeep
|turn|2
|
|t:|1778501914
|-end|p1a: Iron Treads|Quark Drive|[silent]
|switch|p1a: Garganacl|Garganacl, M|100/100
|move|p2a: Corviknight|Defog|p1a: Garganacl
|-unboost|p1a: Garganacl|evasion|1
|-sideend|p2: Gentlecine|Stealth Rock|[from] move: Defog|[of] p2a: Corviknight
|
|upkeep
|turn|3
|
|t:|1778501924
|switch|p2a: Gliscor|Gliscor, M|100/100
|move|p1a: Garganacl|Salt Cure|p2a: Gliscor
|-damage|p2a: Gliscor|91/100
|-start|p2a: Gliscor|Salt Cure
|
|-damage|p2a: Gliscor|79/100|[from] Salt Cure
|-status|p2a: Gliscor|tox|[from] item: Toxic Orb
|upkeep
|turn|4
|
|t:|1778501935
|move|p2a: Gliscor|Knock Off|p1a: Garganacl
|-crit|p1a: Garganacl
|-damage|p1a: Garganacl|83/100
|-enditem|p1a: Garganacl|Leftovers|[from] move: Knock Off|[of] p2a: Gliscor
|move|p1a: Garganacl|Iron Defense|p1a: Garganacl
|-boost|p1a: Garganacl|def|2
|
|-heal|p2a: Gliscor|91/100 tox|[from] ability: Poison Heal
|-damage|p2a: Gliscor|79/100 tox|[from] Salt Cure
|upkeep
|turn|5
|inactive|Yousu123 has 120 seconds left.
|
|t:|1778501970
|switch|p2a: Clefable|Clefable, M|100/100
|move|p1a: Garganacl|Iron Defense|p1a: Garganacl
|-boost|p1a: Garganacl|def|2
|
|upkeep
|turn|6
|
|t:|1778501981
|move|p2a: Clefable|Calm Mind|p2a: Clefable
|-boost|p2a: Clefable|spa|1
|-boost|p2a: Clefable|spd|1
|move|p1a: Garganacl|Body Press|p2a: Clefable
|-resisted|p2a: Clefable
|-damage|p2a: Clefable|86/100
|
|-heal|p2a: Clefable|92/100|[from] item: Leftovers
|upkeep
|turn|7
|
|t:|1778501990
|switch|p1a: Ogerpon|Ogerpon, F|100/100
|move|p2a: Clefable|Calm Mind|p2a: Clefable
|-boost|p2a: Clefable|spa|1
|-boost|p2a: Clefable|spd|1
|-enditem|p1a: Ogerpon|Mirror Herb
|-boost|p1a: Ogerpon|spa|1|[from] item: Mirror Herb
|-boost|p1a: Ogerpon|spd|1|[from] item: Mirror Herb
|
|-heal|p2a: Clefable|98/100|[from] item: Leftovers
|upkeep
|turn|8
|
|t:|1778502000
|move|p1a: Ogerpon|Encore|p2a: Clefable
|-start|p2a: Clefable|Encore
|move|p2a: Clefable|Calm Mind|p2a: Clefable
|-boost|p2a: Clefable|spa|1
|-boost|p2a: Clefable|spd|1
|
|-heal|p2a: Clefable|100/100|[from] item: Leftovers
|upkeep
|turn|9
|
|t:|1778502014
|switch|p2a: Corviknight|Corviknight, F|96/100
|-ability|p2a: Corviknight|Pressure
|move|p1a: Ogerpon|Swords Dance|p1a: Ogerpon
|-boost|p1a: Ogerpon|atk|2
|
|upkeep
|turn|10
|
|t:|1778502024
|switch|p1a: Slowbro|Slowbro, M, shiny|100/100
|move|p2a: Corviknight|Brave Bird|p1a: Slowbro
|-damage|p1a: Slowbro|78/100
|-damage|p2a: Corviknight|89/100|[from] Recoil
|
|upkeep
|turn|11
|
|t:|1778502031
|move|p2a: Corviknight|U-turn|p1a: Slowbro
|-supereffective|p1a: Slowbro
|-damage|p1a: Slowbro|61/100
|
|t:|1778502036
|switch|p2a: Blissey|Blissey, F|100/100|[from] U-turn
|move|p1a: Slowbro|Future Sight|p2a: Blissey
|-start|p1a: Slowbro|move: Future Sight
|
|upkeep
|turn|12
|
|t:|1778502044
|move|p2a: Blissey|Stealth Rock|p1a: Slowbro
|-sidestart|p1: Yousu123|move: Stealth Rock
|move|p1a: Slowbro|Body Press|p2a: Blissey
|-supereffective|p2a: Blissey
|-crit|p2a: Blissey
|-damage|p2a: Blissey|14/100
|
|upkeep
|turn|13
|
|t:|1778502057
|-terastallize|p2a: Blissey|Fairy
|move|p2a: Blissey|Soft-Boiled|p2a: Blissey
|-heal|p2a: Blissey|64/100
|move|p1a: Slowbro|Scald|p2a: Blissey
|-damage|p2a: Blissey|54/100
|
|-end|p2a: Blissey|move: Future Sight
|-damage|p2a: Blissey|41/100
|upkeep
|turn|14
|
|t:|1778502072
|switch|p1a: Iron Treads|Iron Treads|85/100
|move|p2a: Blissey|Soft-Boiled|p2a: Blissey
|-heal|p2a: Blissey|91/100
|
|upkeep
|turn|15
|
|t:|1778502081
|switch|p2a: Gliscor|Gliscor, M|79/100 tox
|move|p1a: Iron Treads|Stealth Rock|p2a: Gliscor
|-sidestart|p2: Gentlecine|move: Stealth Rock
|
|-heal|p2a: Gliscor|91/100 tox|[from] ability: Poison Heal
|upkeep
|turn|16
|
|t:|1778502089
|-end|p1a: Iron Treads|Quark Drive|[silent]
|switch|p1a: Garganacl|Garganacl, M|83/100
|-damage|p1a: Garganacl|71/100|[from] Stealth Rock
|move|p2a: Gliscor|Earthquake|p1a: Garganacl
|-supereffective|p1a: Garganacl
|-damage|p1a: Garganacl|32/100
|
|-heal|p2a: Gliscor|100/100 tox|[from] ability: Poison Heal
|upkeep
|turn|17
|
|t:|1778502101
|switch|p1a: Latios|Latios, M, shiny|100/100
|-damage|p1a: Latios|88/100|[from] Stealth Rock
|move|p2a: Gliscor|Earthquake|p1a: Latios
|-immune|p1a: Latios|[from] ability: Levitate
|
|upkeep
|turn|18
|
|t:|1778502112
|move|p1a: Latios|Trick|p2a: Gliscor
|-activate|p1a: Latios|move: Trick|[of] p2a: Gliscor
|-item|p2a: Gliscor|Choice Scarf|[from] move: Trick
|-item|p1a: Latios|Toxic Orb|[from] move: Trick
|move|p2a: Gliscor|Knock Off|p1a: Latios
|-supereffective|p1a: Latios
|-damage|p1a: Latios|26/100
|-enditem|p1a: Latios|Toxic Orb|[from] move: Knock Off|[of] p2a: Gliscor
|
|upkeep
|turn|19
|
|t:|1778502130
|switch|p1a: Garganacl|Garganacl, M|32/100
|-damage|p1a: Garganacl|19/100|[from] Stealth Rock
|move|p2a: Gliscor|Knock Off|p1a: Garganacl
|-damage|p1a: Garganacl|12/100
|
|upkeep
|turn|20
|
|t:|1778502140
|switch|p2a: Clefable|Clefable, M|100/100
|-damage|p2a: Clefable|88/100|[from] Stealth Rock
|move|p1a: Garganacl|Recover|p1a: Garganacl
|-heal|p1a: Garganacl|62/100
|
|-heal|p2a: Clefable|94/100|[from] item: Leftovers
|upkeep
|turn|21
|
|t:|1778502152
|switch|p1a: Iron Treads|Iron Treads|85/100
|move|p2a: Clefable|Moonblast|p1a: Iron Treads
|-resisted|p1a: Iron Treads
|-damage|p1a: Iron Treads|66/100
|
|-heal|p2a: Clefable|99/100|[from] item: Leftovers
|upkeep
|turn|22
|
|t:|1778502161
|switch|p2a: Corviknight|Corviknight, F|89/100
|-damage|p2a: Corviknight|77/100|[from] Stealth Rock
|-ability|p2a: Corviknight|Pressure
|move|p1a: Iron Treads|Rapid Spin|p2a: Corviknight
|-resisted|p2a: Corviknight
|-damage|p2a: Corviknight|71/100
|-boost|p1a: Iron Treads|spe|1
|-damage|p1a: Iron Treads|49/100|[from] item: Rocky Helmet|[of] p2a: Corviknight
|-sideend|p1: Yousu123|Stealth Rock|[from] move: Rapid Spin|[of] p1a: Iron Treads
|
|upkeep
|turn|23
|
|t:|1778502179
|-end|p1a: Iron Treads|Quark Drive|[silent]
|switch|p1a: Latios|Latios, M, shiny|26/100
|move|p2a: Corviknight|Defog|p1a: Latios
|-unboost|p1a: Latios|evasion|1
|-sideend|p2: Gentlecine|Stealth Rock|[from] move: Defog|[of] p2a: Corviknight
|
|upkeep
|turn|24
|
|t:|1778502187
|switch|p2a: Gliscor|Gliscor, M|100/100 tox
|move|p1a: Latios|Luster Purge|p2a: Gliscor
|-damage|p2a: Gliscor|37/100 tox
|-unboost|p2a: Gliscor|spd|1
|
|-heal|p2a: Gliscor|50/100 tox|[from] ability: Poison Heal
|upkeep
|turn|25
|
|t:|1778502197
|switch|p2a: Blissey|Blissey, F, tera:Fairy|91/100
|move|p1a: Latios|Luster Purge|p2a: Blissey
|-damage|p2a: Blissey|77/100
|-unboost|p2a: Blissey|spd|1
|
|upkeep
|turn|26
|
|t:|1778502207
|move|p1a: Latios|Luster Purge|p2a: Blissey
|-damage|p2a: Blissey|53/100
|move|p2a: Blissey|Seismic Toss|p1a: Latios
|-damage|p1a: Latios|0 fnt
|faint|p1a: Latios
|
|upkeep
|
|t:|1778502218
|switch|p1a: Rillaboom|Rillaboom, M|100/100
|-fieldstart|move: Grassy Terrain|[from] ability: Grassy Surge|[of] p1a: Rillaboom
|turn|27
|
|t:|1778502223
|switch|p2a: Corviknight|Corviknight, F|71/100
|-ability|p2a: Corviknight|Pressure
|move|p1a: Rillaboom|Knock Off|p2a: Corviknight
|-damage|p2a: Corviknight|48/100
|-damage|p1a: Rillaboom|84/100|[from] item: Rocky Helmet|[of] p2a: Corviknight
|-enditem|p2a: Corviknight|Rocky Helmet|[from] move: Knock Off|[of] p1a: Rillaboom
|
|-heal|p1a: Rillaboom|90/100|[from] Grassy Terrain
|upkeep
|turn|28
|
|t:|1778502235
|move|p1a: Rillaboom|U-turn|p2a: Corviknight
|-resisted|p2a: Corviknight
|-damage|p2a: Corviknight|44/100
|
|t:|1778502239
|switch|p1a: Garganacl|Garganacl, M|62/100|[from] U-turn
|move|p2a: Corviknight|Roost|p2a: Corviknight
|-heal|p2a: Corviknight|94/100
|-singleturn|p2a: Corviknight|move: Roost
|
|-heal|p2a: Corviknight|99/100|[from] Grassy Terrain
|-heal|p1a: Garganacl|68/100|[from] Grassy Terrain
|upkeep
|turn|29
|
|t:|1778502252
|switch|p1a: Iron Treads|Iron Treads|49/100
|move|p2a: Corviknight|U-turn|p1a: Iron Treads
|-resisted|p1a: Iron Treads
|-damage|p1a: Iron Treads|43/100
|
|t:|1778502257
|switch|p2a: Gliscor|Gliscor, M|50/100 tox|[from] U-turn
|
|-heal|p1a: Iron Treads|49/100|[from] Grassy Terrain
|-heal|p2a: Gliscor|62/100 tox|[from] ability: Poison Heal
|upkeep
|turn|30
|
|t:|1778502265
|move|p2a: Gliscor|Earthquake|p1a: Iron Treads
|-supereffective|p1a: Iron Treads
|-damage|p1a: Iron Treads|24/100
|move|p1a: Iron Treads|Ice Spinner|p2a: Gliscor
|-supereffective|p2a: Gliscor
|-damage|p2a: Gliscor|0 fnt
|-fieldend|move: Grassy Terrain
|faint|p2a: Gliscor
|
|upkeep
|
|t:|1778502283
|switch|p2a: Dondozo|Dondozo, M|100/100
|turn|31
|
|t:|1778502289
|-end|p1a: Iron Treads|Quark Drive|[silent]
|switch|p1a: Rillaboom|Rillaboom, M|90/100
|-fieldstart|move: Grassy Terrain|[from] ability: Grassy Surge|[of] p1a: Rillaboom
|move|p2a: Dondozo|Waterfall|p1a: Rillaboom
|-resisted|p1a: Rillaboom
|-damage|p1a: Rillaboom|78/100
|
|-heal|p1a: Rillaboom|84/100|[from] Grassy Terrain
|upkeep
|turn|32
|
|t:|1778502301
|switch|p2a: Corviknight|Corviknight, F|99/100
|-ability|p2a: Corviknight|Pressure
|move|p1a: Rillaboom|Grassy Glide|p2a: Corviknight
|-resisted|p2a: Corviknight
|-crit|p2a: Corviknight
|-damage|p2a: Corviknight|91/100
|
|-heal|p1a: Rillaboom|90/100|[from] Grassy Terrain
|upkeep
|turn|33
|
|t:|1778502312
|move|p1a: Rillaboom|U-turn|p2a: Corviknight
|-resisted|p2a: Corviknight
|-damage|p2a: Corviknight|87/100
|
|t:|1778502315
|switch|p1a: Slowbro|Slowbro, M, shiny|94/100|[from] U-turn
|move|p2a: Corviknight|Brave Bird|p1a: Slowbro
|-crit|p1a: Slowbro
|-damage|p1a: Slowbro|59/100
|-damage|p2a: Corviknight|76/100|[from] Recoil
|
|-heal|p1a: Slowbro|66/100|[from] Grassy Terrain
|upkeep
|turn|34
|
|t:|1778502326
|move|p2a: Corviknight|U-turn|p1a: Slowbro
|-supereffective|p1a: Slowbro
|-damage|p1a: Slowbro|48/100
|
|t:|1778502328
|switch|p2a: Toxapex|Toxapex, F|100/100|[from] U-turn
|move|p1a: Slowbro|Future Sight|p2a: Toxapex
|-start|p1a: Slowbro|move: Future Sight
|
|-heal|p1a: Slowbro|55/100|[from] Grassy Terrain
|upkeep
|turn|35
|
|t:|1778502338
|switch|p1a: Iron Treads|Iron Treads|24/100
|move|p2a: Toxapex|Toxic|p1a: Iron Treads
|-immune|p1a: Iron Treads
|
|-heal|p1a: Iron Treads|30/100|[from] Grassy Terrain
|-fieldend|move: Grassy Terrain
|upkeep
|turn|36
|
|t:|1778502348
|switch|p2a: Corviknight|Corviknight, F|76/100
|-ability|p2a: Corviknight|Pressure
|move|p1a: Iron Treads|Ice Spinner|p2a: Corviknight
|-damage|p2a: Corviknight|61/100
|
|-end|p2a: Corviknight|move: Future Sight
|-resisted|p2a: Corviknight
|-damage|p2a: Corviknight|39/100
|upkeep
|turn|37
|
|t:|1778502366
|-end|p1a: Iron Treads|Quark Drive|[silent]
|switch|p1a: Slowbro|Slowbro, M, shiny|88/100
|move|p2a: Corviknight|Roost|p2a: Corviknight
|-heal|p2a: Corviknight|89/100
|-singleturn|p2a: Corviknight|move: Roost
|
|upkeep
|turn|38
|
|t:|1778502373
|move|p2a: Corviknight|U-turn|p1a: Slowbro
|-supereffective|p1a: Slowbro
|-damage|p1a: Slowbro|69/100
|
|t:|1778502376
|switch|p2a: Toxapex|Toxapex, F|100/100|[from] U-turn
|move|p1a: Slowbro|Flamethrower|p2a: Toxapex
|-resisted|p2a: Toxapex
|-damage|p2a: Toxapex|91/100
|
|-heal|p2a: Toxapex|97/100|[from] item: Black Sludge
|upkeep
|turn|39
|
|t:|1778502386
|switch|p1a: Garganacl|Garganacl, M|68/100
|move|p2a: Toxapex|Hydro Pump|p1a: Garganacl
|-supereffective|p1a: Garganacl
|-damage|p1a: Garganacl|33/100
|
|-heal|p2a: Toxapex|100/100|[from] item: Black Sludge
|upkeep
|turn|40
|
|t:|1778502396
|switch|p2a: Clefable|Clefable, M|99/100
|move|p1a: Garganacl|Recover|p1a: Garganacl
|-heal|p1a: Garganacl|83/100
|
|-heal|p2a: Clefable|100/100|[from] item: Leftovers
|upkeep
|turn|41
|
|t:|1778502404
|move|p2a: Clefable|Moonblast|p1a: Garganacl
|-damage|p1a: Garganacl|54/100
|move|p1a: Garganacl|Salt Cure|p2a: Clefable
|-damage|p2a: Clefable|87/100
|-start|p2a: Clefable|Salt Cure
|
|-heal|p2a: Clefable|93/100|[from] item: Leftovers
|-damage|p2a: Clefable|80/100|[from] Salt Cure
|upkeep
|turn|42
|
|t:|1778502415
|switch|p1a: Rillaboom|Rillaboom, M|90/100
|-fieldstart|move: Grassy Terrain|[from] ability: Grassy Surge|[of] p1a: Rillaboom
|move|p2a: Clefable|Calm Mind|p2a: Clefable
|-boost|p2a: Clefable|spa|1
|-boost|p2a: Clefable|spd|1
|
|-heal|p1a: Rillaboom|96/100|[from] Grassy Terrain
|-heal|p2a: Clefable|86/100|[from] Grassy Terrain
|-heal|p2a: Clefable|92/100|[from] item: Leftovers
|-damage|p2a: Clefable|80/100|[from] Salt Cure
|upkeep
|turn|43
|
|t:|1778502427
|switch|p2a: Corviknight|Corviknight, F|89/100
|-ability|p2a: Corviknight|Pressure
|move|p1a: Rillaboom|Wood Hammer|p2a: Corviknight
|-resisted|p2a: Corviknight
|-damage|p2a: Corviknight|76/100
|-damage|p1a: Rillaboom|91/100|[from] Recoil
|
|-heal|p1a: Rillaboom|97/100|[from] Grassy Terrain
|upkeep
|turn|44
|
|t:|1778502438
|move|p1a: Rillaboom|U-turn|p2a: Corviknight
|-resisted|p2a: Corviknight
|-damage|p2a: Corviknight|72/100
|
|t:|1778502443
|switch|p1a: Slowbro|Slowbro, M, shiny|100/100|[from] U-turn
|move|p2a: Corviknight|Brave Bird|p1a: Slowbro
|-damage|p1a: Slowbro|76/100
|-damage|p2a: Corviknight|64/100|[from] Recoil
|
|-heal|p1a: Slowbro|82/100|[from] Grassy Terrain
|upkeep
|turn|45
|
|t:|1778502453
|move|p2a: Corviknight|U-turn|p1a: Slowbro
|-supereffective|p1a: Slowbro
|-damage|p1a: Slowbro|66/100
|
|t:|1778502456
|switch|p2a: Toxapex|Toxapex, F|100/100|[from] U-turn
|move|p1a: Slowbro|Future Sight|p2a: Toxapex
|-start|p1a: Slowbro|move: Future Sight
|
|-heal|p1a: Slowbro|72/100|[from] Grassy Terrain
|upkeep
|turn|46
|
|t:|1778502465
|switch|p1a: Rillaboom|Rillaboom, M|97/100
|move|p2a: Toxapex|Hydro Pump|p1a: Rillaboom
|-resisted|p1a: Rillaboom
|-damage|p1a: Rillaboom|90/100
|
|-heal|p1a: Rillaboom|96/100|[from] Grassy Terrain
|-fieldend|move: Grassy Terrain
|upkeep
|turn|47
|
|t:|1778502476
|switch|p2a: Corviknight|Corviknight, F|64/100
|-ability|p2a: Corviknight|Pressure
|move|p1a: Rillaboom|U-turn|p2a: Corviknight
|-resisted|p2a: Corviknight
|-damage|p2a: Corviknight|60/100
|
|t:|1778502484
|switch|p1a: Slowbro|Slowbro, M, shiny|100/100|[from] U-turn
|
|-end|p2a: Corviknight|move: Future Sight
|-resisted|p2a: Corviknight
|-damage|p2a: Corviknight|40/100
|upkeep
|turn|48
|
|t:|1778502492
|move|p2a: Corviknight|Roost|p2a: Corviknight
|-heal|p2a: Corviknight|90/100
|-singleturn|p2a: Corviknight|move: Roost
|move|p1a: Slowbro|Future Sight|p2a: Corviknight
|-start|p1a: Slowbro|move: Future Sight
|
|upkeep
|turn|49
|
|t:|1778502500
|switch|p1a: Iron Treads|Iron Treads|30/100
|move|p2a: Corviknight|U-turn|p1a: Iron Treads
|-resisted|p1a: Iron Treads
|-damage|p1a: Iron Treads|24/100
|
|t:|1778502505
|switch|p2a: Toxapex|Toxapex, F|100/100|[from] U-turn
|
|upkeep
|turn|50
|
|t:|1778502510
|move|p1a: Iron Treads|Earthquake|p2a: Toxapex
|-supereffective|p2a: Toxapex
|-damage|p2a: Toxapex|42/100
|move|p2a: Toxapex|Hydro Pump|p1a: Iron Treads
|-supereffective|p1a: Iron Treads
|-damage|p1a: Iron Treads|0 fnt
|faint|p1a: Iron Treads
|-end|p1a: Iron Treads|Quark Drive|[silent]
|
|-end|p2a: Toxapex|move: Future Sight
|-supereffective|p2a: Toxapex
|-damage|p2a: Toxapex|0 fnt
|faint|p2a: Toxapex
|upkeep
|
|t:|1778502528
|switch|p1a: Slowbro|Slowbro, M, shiny|100/100
|switch|p2a: Clefable|Clefable, M|80/100
|turn|51
|
|t:|1778502534
|switch|p1a: Rillaboom|Rillaboom, M|96/100
|-fieldstart|move: Grassy Terrain|[from] ability: Grassy Surge|[of] p1a: Rillaboom
|move|p2a: Clefable|Calm Mind|p2a: Clefable
|-boost|p2a: Clefable|spa|1
|-boost|p2a: Clefable|spd|1
|
|-heal|p1a: Rillaboom|100/100|[from] Grassy Terrain
|-heal|p2a: Clefable|86/100|[from] Grassy Terrain
|-heal|p2a: Clefable|92/100|[from] item: Leftovers
|upkeep
|turn|52
|
|t:|1778502546
|switch|p2a: Corviknight|Corviknight, F|90/100
|-ability|p2a: Corviknight|Pressure
|move|p1a: Rillaboom|Wood Hammer|p2a: Corviknight
|-resisted|p2a: Corviknight
|-damage|p2a: Corviknight|77/100
|-damage|p1a: Rillaboom|96/100|[from] Recoil
|
|-heal|p1a: Rillaboom|100/100|[from] Grassy Terrain
|upkeep
|turn|53
|
|t:|1778502559
|move|p1a: Rillaboom|U-turn|p2a: Corviknight
|-resisted|p2a: Corviknight
|-damage|p2a: Corviknight|74/100
|
|t:|1778502568
|switch|p1a: Slowbro|Slowbro, M, shiny|100/100|[from] U-turn
|move|p2a: Corviknight|U-turn|p1a: Slowbro
|-supereffective|p1a: Slowbro
|-damage|p1a: Slowbro|84/100
|
|t:|1778502574
|switch|p2a: Blissey|Blissey, F, tera:Fairy|53/100|[from] U-turn
|
|-heal|p2a: Blissey|59/100|[from] Grassy Terrain
|-heal|p1a: Slowbro|90/100|[from] Grassy Terrain
|upkeep
|turn|54
|
|t:|1778502581
|move|p2a: Blissey|Stealth Rock|p1a: Slowbro
|-sidestart|p1: Yousu123|move: Stealth Rock
|move|p1a: Slowbro|Future Sight|p2a: Blissey
|-start|p1a: Slowbro|move: Future Sight
|
|-heal|p2a: Blissey|65/100|[from] Grassy Terrain
|-heal|p1a: Slowbro|96/100|[from] Grassy Terrain
|upkeep
|turn|55
|
|t:|1778502590
|switch|p1a: Garganacl|Garganacl, M|54/100
|-damage|p1a: Garganacl|41/100|[from] Stealth Rock
|move|p2a: Blissey|Seismic Toss|p1a: Garganacl
|-damage|p1a: Garganacl|15/100
|
|-heal|p2a: Blissey|72/100|[from] Grassy Terrain
|-heal|p1a: Garganacl|21/100|[from] Grassy Terrain
|-fieldend|move: Grassy Terrain
|upkeep
|turn|56
|
|t:|1778502602
|move|p2a: Blissey|Seismic Toss|p1a: Garganacl
|-damage|p1a: Garganacl|0 fnt
|faint|p1a: Garganacl
|
|-end|p2a: Blissey|move: Future Sight
|-damage|p2a: Blissey|57/100
|upkeep
|
|t:|1778502606
|switch|p1a: Ogerpon|Ogerpon, F|100/100
|-damage|p1a: Ogerpon|88/100|[from] Stealth Rock
|turn|57
|
|t:|1778502613
|switch|p2a: Corviknight|Corviknight, F|74/100
|-ability|p2a: Corviknight|Pressure
|move|p1a: Ogerpon|Ivy Cudgel|p2a: Corviknight
|-resisted|p2a: Corviknight
|-damage|p2a: Corviknight|66/100
|
|upkeep
|turn|58
|
|t:|1778502627
|switch|p1a: Slowbro|Slowbro, M, shiny|100/100
|-damage|p1a: Slowbro|88/100|[from] Stealth Rock
|move|p2a: Corviknight|Brave Bird|p1a: Slowbro
|-damage|p1a: Slowbro|66/100
|-damage|p2a: Corviknight|59/100|[from] Recoil
|
|upkeep
|turn|59
|
|t:|1778502638
|move|p2a: Corviknight|Roost|p2a: Corviknight
|-heal|p2a: Corviknight|100/100
|-singleturn|p2a: Corviknight|move: Roost
|move|p1a: Slowbro|Future Sight|p2a: Corviknight
|-start|p1a: Slowbro|move: Future Sight
|
|upkeep
|turn|60
|
|t:|1778502646
|move|p2a: Corviknight|U-turn|p1a: Slowbro
|-supereffective|p1a: Slowbro
|-damage|p1a: Slowbro|48/100
|
|t:|1778502652
|switch|p2a: Blissey|Blissey, F, tera:Fairy|57/100|[from] U-turn
|move|p1a: Slowbro|Body Press|p2a: Blissey
|-resisted|p2a: Blissey
|-damage|p2a: Blissey|42/100
|
|upkeep
|turn|61
|
|t:|1778502668
|switch|p1a: Rillaboom|Rillaboom, M|100/100
|-damage|p1a: Rillaboom|88/100|[from] Stealth Rock
|-fieldstart|move: Grassy Terrain|[from] ability: Grassy Surge|[of] p1a: Rillaboom
|move|p2a: Blissey|Soft-Boiled|p2a: Blissey
|-heal|p2a: Blissey|92/100
|
|-end|p2a: Blissey|move: Future Sight
|-damage|p2a: Blissey|78/100
|-heal|p1a: Rillaboom|94/100|[from] Grassy Terrain
|-heal|p2a: Blissey|84/100|[from] Grassy Terrain
|upkeep
|turn|62
|-message|Yousu123 forfeited.
|
|win|Gentlecine
|raw|Yousu123's rating: 1321 &rarr; <strong>1299</strong><br />(-22 for losing)
|raw|Gentlecine's rating: 1278 &rarr; <strong>1306</strong><br />(+28 for winning)
|l|☆Yousu123
|player|p1|
|l|☆Gentlecine
|player|p2|
