|html|<div class="broadcast-blue"><strong>[Gen 9] OU is currently suspecting Tera Blast! For information on how to participate check out the <a href="https://www.smogon.com/tools/suspects/view/200">suspect thread</a>.</strong></div>
|j|☆makitalover
|j|☆cuimingzhing
|t:|1776209214
|gametype|singles
|player|p1|makitalover|pokemonbreederf-gen4|1109
|player|p2|cuimingzhing|hilbert|1084
|gen|9
|tier|[Gen 9] OU
|rated|
|rule|HP Percentage Mod: HP is shown in percentages
|rule|Endless Battle Clause: Forcing endless battles is banned
|rule|Species Clause: Limit one of each Pokémon
|rule|OHKO Clause: OHKO moves are banned
|rule|Evasion Items Clause: Evasion items are banned
|rule|Evasion Moves Clause: Evasion moves are banned
|rule|Evasion Abilities Clause: Evasion abilities are banned
|rule|Sleep Moves Clause: Sleep-inducing moves are banned
|clearpoke
|poke|p1|Scizor, F|
|poke|p1|Ogerpon-Wellspring, F|
|poke|p1|Gliscor, M|
|poke|p1|Great Tusk|
|poke|p1|Kingambit, M|
|poke|p1|Iron Moth|
|poke|p2|Blissey, F|
|poke|p2|Skarmory, F|
|poke|p2|Amoonguss, F|
|poke|p2|Corviknight, M|
|poke|p2|Porygon2|
|poke|p2|Hydreigon, F|
|teampreview
|inactive|Battle timer is ON: inactive players will automatically lose when time's up. (requested by cuimingzhing)
|
|t:|1776209217
|teamsize|p1|6
|teamsize|p2|6
|start
|switch|p1a: Great Tusk|Great Tusk|100/100
|switch|p2a: Blissey|Blissey, F|100/100
|-enditem|p1a: Great Tusk|Booster Energy
|-activate|p1a: Great Tusk|ability: Protosynthesis|[fromitem]
|-start|p1a: Great Tusk|protosynthesisatk
|turn|1
|
|t:|1776209225
|move|p1a: Great Tusk|Stealth Rock|p2a: Blissey
|-sidestart|p2: cuimingzhing|move: Stealth Rock
|move|p2a: Blissey|Alluring Voice|p1a: Great Tusk
|-supereffective|p1a: Great Tusk
|-damage|p1a: Great Tusk|59/100
|
|upkeep
|turn|2
|
|t:|1776209232
|move|p1a: Great Tusk|Bulk Up|p1a: Great Tusk
|-boost|p1a: Great Tusk|atk|1
|-boost|p1a: Great Tusk|def|1
|move|p2a: Blissey|Alluring Voice|p1a: Great Tusk
|-supereffective|p1a: Great Tusk
|-damage|p1a: Great Tusk|24/100
|-start|p1a: Great Tusk|confusion
|
|upkeep
|turn|3
|
|t:|1776209242
|-activate|p1a: Great Tusk|confusion
|move|p1a: Great Tusk|Close Combat|p2a: Blissey
|-supereffective|p2a: Blissey
|-damage|p2a: Blissey|0 fnt
|-unboost|p1a: Great Tusk|def|1
|-unboost|p1a: Great Tusk|spd|1
|faint|p2a: Blissey
|
|upkeep
|
|t:|1776209250
|switch|p2a: Porygon2|Porygon2|100/100
|-damage|p2a: Porygon2|88/100|[from] Stealth Rock
|turn|4
|
|t:|1776209255
|-activate|p1a: Great Tusk|confusion
|move|p1a: Great Tusk|Close Combat|p2a: Porygon2
|-supereffective|p2a: Porygon2
|-damage|p2a: Porygon2|0 fnt
|-unboost|p1a: Great Tusk|def|1
|-unboost|p1a: Great Tusk|spd|1
|faint|p2a: Porygon2
|
|upkeep
|
|t:|1776209260
|switch|p2a: Skarmory|Skarmory, F|100/100
|-damage|p2a: Skarmory|88/100|[from] Stealth Rock
|turn|5
|
|t:|1776209266
|-end|p1a: Great Tusk|confusion
|move|p1a: Great Tusk|Knock Off|p2a: Skarmory
|-damage|p2a: Skarmory|56/100
|-damage|p1a: Great Tusk|7/100|[from] item: Rocky Helmet|[of] p2a: Skarmory
|-enditem|p2a: Skarmory|Rocky Helmet|[from] move: Knock Off|[of] p1a: Great Tusk
|move|p2a: Skarmory|Brave Bird|p1a: Great Tusk
|-supereffective|p1a: Great Tusk
|-damage|p1a: Great Tusk|0 fnt
|faint|p1a: Great Tusk
|-end|p1a: Great Tusk|Protosynthesis|[silent]
|-damage|p2a: Skarmory|53/100|[from] Recoil
|
|upkeep
|
|t:|1776209279
|switch|p1a: Iron Moth|Iron Moth|100/100
|-enditem|p1a: Iron Moth|Booster Energy
|-activate|p1a: Iron Moth|ability: Quark Drive|[fromitem]
|-start|p1a: Iron Moth|quarkdrivespa
|turn|6
|
|t:|1776209290
|move|p1a: Iron Moth|Discharge|p2a: Skarmory
|-supereffective|p2a: Skarmory
|-damage|p2a: Skarmory|0 fnt
|faint|p2a: Skarmory
|
|upkeep
|
|t:|1776209294
|switch|p2a: Hydreigon|Hydreigon, F|100/100
|-damage|p2a: Hydreigon|88/100|[from] Stealth Rock
|turn|7
|
|t:|1776209302
|move|p2a: Hydreigon|Draco Meteor|p1a: Iron Moth
|-damage|p1a: Iron Moth|21/100
|-unboost|p2a: Hydreigon|spa|2
|-damage|p2a: Hydreigon|78/100|[from] item: Life Orb
|move|p1a: Iron Moth|Hurricane|p2a: Hydreigon
|-damage|p2a: Hydreigon|16/100
|
|upkeep
|turn|8
|
|t:|1776209312
|move|p2a: Hydreigon|Dark Pulse|p1a: Iron Moth
|-crit|p1a: Iron Moth
|-damage|p1a: Iron Moth|0 fnt
|faint|p1a: Iron Moth
|-end|p1a: Iron Moth|Quark Drive|[silent]
|-damage|p2a: Hydreigon|6/100|[from] item: Life Orb
|
|upkeep
|
|t:|1776209318
|switch|p1a: Ogerpon|Ogerpon-Wellspring, F|100/100
|turn|9
|
|t:|1776209323
|move|p2a: Hydreigon|Protect|p2a: Hydreigon
|-singleturn|p2a: Hydreigon|Protect
|move|p1a: Ogerpon|Swords Dance|p1a: Ogerpon
|-boost|p1a: Ogerpon|atk|2
|
|upkeep
|turn|10
|
|t:|1776209330
|move|p2a: Hydreigon|Draco Meteor|p1a: Ogerpon|[miss]
|-miss|p2a: Hydreigon|p1a: Ogerpon
|move|p1a: Ogerpon|Swords Dance|p1a: Ogerpon
|-boost|p1a: Ogerpon|atk|2
|
|upkeep
|turn|11
|
|t:|1776209337
|move|p2a: Hydreigon|Draco Meteor|p1a: Ogerpon
|-crit|p1a: Ogerpon
|-damage|p1a: Ogerpon|0 fnt
|-unboost|p2a: Hydreigon|spa|2
|faint|p1a: Ogerpon
|-damage|p2a: Hydreigon|0 fnt|[from] item: Life Orb
|faint|p2a: Hydreigon
|
|upkeep
|
|t:|1776209346
|switch|p2a: Amoonguss|Amoonguss, F|100/100
|switch|p1a: Muriçoca|Gliscor, M|100/100
|-damage|p2a: Amoonguss|88/100|[from] Stealth Rock
|turn|12
|
|t:|1776209360
|move|p1a: Muriçoca|Stone Edge|p2a: Amoonguss
|-damage|p2a: Amoonguss|65/100
|move|p2a: Amoonguss|Giga Drain|p1a: Muriçoca
|-damage|p1a: Muriçoca|69/100
|-heal|p2a: Amoonguss|75/100|[from] drain|[of] p1a: Muriçoca
|
|-heal|p2a: Amoonguss|82/100|[from] item: Leftovers
|-status|p1a: Muriçoca|tox|[from] item: Toxic Orb
|upkeep
|turn|13
|
|t:|1776209372
|-terastallize|p2a: Amoonguss|Grass
|move|p1a: Muriçoca|Earthquake|p2a: Amoonguss
|-resisted|p2a: Amoonguss
|-damage|p2a: Amoonguss|66/100
|move|p2a: Amoonguss|Giga Drain|p1a: Muriçoca
|-damage|p1a: Muriçoca|27/100 tox
|-heal|p2a: Amoonguss|80/100|[from] drain|[of] p1a: Muriçoca
|
|-heal|p2a: Amoonguss|87/100|[from] item: Leftovers
|-heal|p1a: Muriçoca|40/100 tox|[from] ability: Poison Heal
|upkeep
|turn|14
|
|t:|1776209387
|switch|p1a: Tesora|Scizor, F, shiny|100/100
|move|p2a: Amoonguss|Giga Drain|p1a: Tesora
|-resisted|p1a: Tesora
|-damage|p1a: Tesora|91/100
|-heal|p2a: Amoonguss|90/100|[from] drain|[of] p1a: Tesora
|
|-heal|p2a: Amoonguss|97/100|[from] item: Leftovers
|upkeep
|turn|15
|l|☆cuimingzhing
|inactive|cuimingzhing disconnected and has a minute to reconnect!
|player|p2|
|inactive|cuimingzhing has 30 seconds to reconnect!
|inactive|cuimingzhing has 20 seconds to reconnect!
|inactive|cuimingzhing has 15 seconds to reconnect!
|inactive|cuimingzhing has 10 seconds to reconnect!
|inactive|cuimingzhing has 5 seconds to reconnect!
|-message|cuimingzhing lost due to inactivity.
|
|win|makitalover
|raw|makitalover's rating: 1109 &rarr; <strong>1132</strong><br />(+23 for winning)
|raw|cuimingzhing's rating: 1084 &rarr; <strong>1063</strong><br />(-21 for losing)
