|html|<div class="broadcast-blue"><strong>[Gen 9] OU is currently suspecting Tera Blast! For information on how to participate check out the <a href="https://www.smogon.com/tools/suspects/view/200">suspect thread</a>.</strong></div>
|j|☆sam699
|j|☆dont test me fan
|t:|1776056920
|gametype|singles
|player|p1|sam699|zinzolin|1449
|player|p2|dont test me fan|red|1470
|gen|9
|tier|[Gen 9] OU
|rated|
|rule|HP Percentage Mod: HP is shown in percentages
|rule|Endless Battle Clause: Forcing endless battles is banned
|rule|Species Clause: Limit one of each Pokémon
|rule|OHKO Clause: OHKO moves are banned
|rule|Evasion Items Clause: Evasion items are banned
|rule|Evasion Moves Clause: Evasion moves are banned
|rule|Evasion Abilities Clause: Evasion abilities are banned
|rule|Sleep Moves Clause: Sleep-inducing moves are banned
|clearpoke
|poke|p1|Walking Wake|
|poke|p1|Heatran, F|
|poke|p1|Rillaboom, M|
|poke|p1|Clefable, M|
|poke|p1|Zapdos|
|poke|p1|Great Tusk|
|poke|p2|Araquanid, F|
|poke|p2|Gholdengo|
|poke|p2|Glimmora, M|
|poke|p2|Dragonite, M|
|poke|p2|Great Tusk|
|poke|p2|Iron Valiant|
|teampreview
|inactive|Battle timer is ON: inactive players will automatically lose when time's up. (requested by sam699)
|
|t:|1776056982
|teamsize|p1|6
|teamsize|p2|6
|start
|switch|p1a: Zapdos|Zapdos|100/100
|switch|p2a: Araquanid|Araquanid, F, shiny|100/100
|turn|1
|inactive|dont test me fan has 120 seconds left.
|inactive|dont test me fan has 90 seconds left.
|
|t:|1776057054
|move|p1a: Zapdos|Volt Switch|p2a: Araquanid
|-supereffective|p2a: Araquanid
|-damage|p2a: Araquanid|60/100
|-enditem|p2a: Araquanid|Red Card|[of] p1a: Zapdos
|drag|p1a: Great Tusk|Great Tusk|100/100
|move|p2a: Araquanid|Sticky Web|p1a: Great Tusk
|-sidestart|p1: sam699|move: Sticky Web
|
|upkeep
|turn|2
|inactive|sam699 has 120 seconds left.
|
|t:|1776057088
|-terastallize|p2a: Araquanid|Ghost
|move|p1a: Great Tusk|Headlong Rush|p2a: Araquanid
|-damage|p2a: Araquanid|0 fnt
|-unboost|p1a: Great Tusk|def|1
|-unboost|p1a: Great Tusk|spd|1
|faint|p2a: Araquanid
|
|upkeep
|
|t:|1776057091
|switch|p2a: Iron Valiant|Iron Valiant|100/100
|-enditem|p2a: Iron Valiant|Booster Energy
|-activate|p2a: Iron Valiant|ability: Quark Drive|[fromitem]
|-start|p2a: Iron Valiant|quarkdrivespe
|turn|3
|
|t:|1776057097
|-end|p1a: Great Tusk|Protosynthesis|[silent]
|switch|p1a: Zapdos|Zapdos|100/100
|move|p2a: Iron Valiant|Close Combat|p1a: Zapdos
|-resisted|p1a: Zapdos
|-crit|p1a: Zapdos
|-damage|p1a: Zapdos|75/100
|-unboost|p2a: Iron Valiant|def|1
|-unboost|p2a: Iron Valiant|spd|1
|
|upkeep
|turn|4
|
|t:|1776057104
|move|p2a: Iron Valiant|Moonblast|p1a: Zapdos
|-damage|p1a: Zapdos|27/100
|move|p1a: Zapdos|Hurricane|p2a: Iron Valiant
|-supereffective|p2a: Iron Valiant
|-damage|p2a: Iron Valiant|0 fnt
|faint|p2a: Iron Valiant
|-end|p2a: Iron Valiant|Quark Drive|[silent]
|
|upkeep
|
|t:|1776057109
|switch|p2a: Gholdengo|Gholdengo, shiny|100/100
|-item|p2a: Gholdengo|Air Balloon
|turn|5
|
|t:|1776057114
|move|p2a: Gholdengo|Shadow Ball|p1a: Zapdos
|-damage|p1a: Zapdos|0 fnt
|faint|p1a: Zapdos
|
|upkeep
|
|t:|1776057124
|switch|p1a: Heatran|Heatran, F|100/100
|-activate|p1a: Heatran|move: Sticky Web
|-unboost|p1a: Heatran|spe|1
|turn|6
|
|t:|1776057127
|switch|p2a: Great Tusk|Great Tusk, shiny|100/100
|-enditem|p2a: Great Tusk|Booster Energy
|-activate|p2a: Great Tusk|ability: Protosynthesis|[fromitem]
|-start|p2a: Great Tusk|protosynthesisatk
|move|p1a: Heatran|Magma Storm|p2a: Great Tusk
|-damage|p2a: Great Tusk|15/100
|-activate|p2a: Great Tusk|move: Magma Storm|[of] p1a: Heatran
|
|-damage|p2a: Great Tusk|2/100|[from] move: Magma Storm|[partiallytrapped]
|upkeep
|turn|7
|
|t:|1776057135
|move|p1a: Heatran|Protect|p1a: Heatran
|-singleturn|p1a: Heatran|Protect
|move|p2a: Great Tusk|Headlong Rush|p1a: Heatran
|-activate|p1a: Heatran|move: Protect
|
|-damage|p2a: Great Tusk|0 fnt|[from] move: Magma Storm|[partiallytrapped]
|faint|p2a: Great Tusk
|-end|p2a: Great Tusk|Protosynthesis|[silent]
|upkeep
|
|t:|1776057138
|switch|p2a: Glimmora|Glimmora, M, shiny|100/100
|turn|8
|
|t:|1776057158
|move|p1a: Heatran|Protect|p1a: Heatran
|-singleturn|p1a: Heatran|Protect
|move|p2a: Glimmora|Meteor Beam||[still]
|-prepare|p2a: Glimmora|Meteor Beam
|-boost|p2a: Glimmora|spa|1
|-enditem|p2a: Glimmora|Power Herb
|-anim|p2a: Glimmora|Meteor Beam|p1a: Heatran
|-activate|p1a: Heatran|move: Protect
|
|upkeep
|turn|9
|
|t:|1776057167
|move|p2a: Glimmora|Earth Power|p1a: Heatran
|-supereffective|p1a: Heatran
|-damage|p1a: Heatran|0 fnt
|faint|p1a: Heatran
|
|upkeep
|
|t:|1776057174
|switch|p1a: Walking Wake|Walking Wake|100/100
|-activate|p1a: Walking Wake|move: Sticky Web
|-unboost|p1a: Walking Wake|spe|1
|turn|10
|inactive|dont test me fan has 120 seconds left.
|
|t:|1776057218
|move|p2a: Glimmora|Dazzling Gleam|p1a: Walking Wake
|-supereffective|p1a: Walking Wake
|-damage|p1a: Walking Wake|5/100
|move|p1a: Walking Wake|Scald|p2a: Glimmora
|-supereffective|p2a: Glimmora
|-damage|p2a: Glimmora|0 fnt
|faint|p2a: Glimmora
|-damage|p1a: Walking Wake|0 fnt|[from] item: Life Orb
|faint|p1a: Walking Wake
|-end|p1a: Walking Wake|Protosynthesis|[silent]
|
|upkeep
|
|t:|1776057238
|switch|p1a: Rillaboom|Rillaboom, M|100/100
|switch|p2a: Gholdengo|Gholdengo, shiny|100/100
|-item|p2a: Gholdengo|Air Balloon
|-activate|p1a: Rillaboom|move: Sticky Web
|-unboost|p1a: Rillaboom|spe|1
|-fieldstart|move: Grassy Terrain|[from] ability: Grassy Surge|[of] p1a: Rillaboom
|turn|11
|
|t:|1776057242
|move|p2a: Gholdengo|Shadow Ball|p1a: Rillaboom
|-damage|p1a: Rillaboom|44/100
|move|p1a: Rillaboom|Knock Off|p2a: Gholdengo
|-supereffective|p2a: Gholdengo
|-damage|p2a: Gholdengo|0 fnt
|-enditem|p2a: Gholdengo|Air Balloon
|faint|p2a: Gholdengo
|
|-heal|p1a: Rillaboom|50/100|[from] Grassy Terrain
|upkeep
|
|t:|1776057245
|switch|p2a: Dragonite|Dragonite, M, shiny|100/100
|turn|12
|
|t:|1776057249
|switch|p1a: Clefable|Clefable, M|100/100
|-activate|p1a: Clefable|move: Sticky Web
|-unboost|p1a: Clefable|spe|1
|move|p2a: Dragonite|Dragon Dance|p2a: Dragonite
|-boost|p2a: Dragonite|atk|1
|-boost|p2a: Dragonite|spe|1
|
|upkeep
|turn|13
|
|t:|1776057256
|move|p2a: Dragonite|Dragon Dance|p2a: Dragonite
|-boost|p2a: Dragonite|atk|1
|-boost|p2a: Dragonite|spe|1
|move|p1a: Clefable|Moonblast|p2a: Dragonite
|-supereffective|p2a: Dragonite
|-damage|p2a: Dragonite|74/100
|
|upkeep
|turn|14
|
|t:|1776057259
|move|p2a: Dragonite|Roost|p2a: Dragonite
|-heal|p2a: Dragonite|100/100
|-singleturn|p2a: Dragonite|move: Roost
|move|p1a: Clefable|Moonblast|p2a: Dragonite
|-supereffective|p2a: Dragonite
|-damage|p2a: Dragonite|73/100
|
|-heal|p2a: Dragonite|80/100|[from] Grassy Terrain
|upkeep
|turn|15
|
|t:|1776057262
|move|p2a: Dragonite|Roost|p2a: Dragonite
|-heal|p2a: Dragonite|100/100
|-singleturn|p2a: Dragonite|move: Roost
|move|p1a: Clefable|Moonblast|p2a: Dragonite
|-supereffective|p2a: Dragonite
|-damage|p2a: Dragonite|71/100
|-unboost|p2a: Dragonite|spa|1
|
|-heal|p2a: Dragonite|77/100|[from] Grassy Terrain
|-fieldend|move: Grassy Terrain
|upkeep
|turn|16
|
|t:|1776057266
|move|p2a: Dragonite|Earthquake|p1a: Clefable
|-damage|p1a: Clefable|22/100
|move|p1a: Clefable|Thunder Wave|p2a: Dragonite|[miss]
|-miss|p1a: Clefable|p2a: Dragonite
|
|-heal|p1a: Clefable|28/100|[from] item: Leftovers
|upkeep
|turn|17
|
|t:|1776057270
|move|p2a: Dragonite|Earthquake|p1a: Clefable
|-damage|p1a: Clefable|0 fnt
|faint|p1a: Clefable
|
|upkeep
|
|t:|1776057274
|switch|p1a: Great Tusk|Great Tusk|100/100
|-activate|p1a: Great Tusk|move: Sticky Web
|-unboost|p1a: Great Tusk|spe|1
|turn|18
|
|t:|1776057280
|move|p2a: Dragonite|Earthquake|p1a: Great Tusk
|-damage|p1a: Great Tusk|45/100
|move|p1a: Great Tusk|Bulk Up|p1a: Great Tusk
|-boost|p1a: Great Tusk|atk|1
|-boost|p1a: Great Tusk|def|1
|
|upkeep
|turn|19
|
|t:|1776057287
|move|p2a: Dragonite|Earthquake|p1a: Great Tusk
|-damage|p1a: Great Tusk|9/100
|move|p1a: Great Tusk|Close Combat|p2a: Dragonite
|-resisted|p2a: Dragonite
|-crit|p2a: Dragonite
|-damage|p2a: Dragonite|14/100
|-unboost|p1a: Great Tusk|def|1
|-unboost|p1a: Great Tusk|spd|1
|
|upkeep
|turn|20
|
|t:|1776057301
|move|p2a: Dragonite|Roost|p2a: Dragonite
|-heal|p2a: Dragonite|64/100
|-singleturn|p2a: Dragonite|move: Roost
|move|p1a: Great Tusk|Close Combat|p2a: Dragonite
|-damage|p2a: Dragonite|0 fnt
|-unboost|p1a: Great Tusk|def|1
|-unboost|p1a: Great Tusk|spd|1
|faint|p2a: Dragonite
|
|win|sam699
|raw|sam699's rating: 1449 &rarr; <strong>1470</strong><br />(+21 for winning)
|raw|dont test me fan's rating: 1470 &rarr; <strong>1449</strong><br />(-21 for losing)
|l|☆dont test me fan
|player|p2|
|l|☆sam699
|player|p1|
