|html|<div class="broadcast-blue"><strong>[Gen 9] OU is currently suspecting Tera Blast! For information on how to participate check out the <a href="https://www.smogon.com/tools/suspects/view/200">suspect thread</a>.</strong></div>
|j|☆Chrisfeb1992
|j|☆pgeyaoi
|t:|1776164489
|gametype|singles
|player|p1|Chrisfeb1992|101|1428
|player|p2|pgeyaoi|roxie|1432
|gen|9
|tier|[Gen 9] OU
|rated|
|rule|HP Percentage Mod: HP is shown in percentages
|rule|Endless Battle Clause: Forcing endless battles is banned
|rule|Species Clause: Limit one of each Pokémon
|rule|OHKO Clause: OHKO moves are banned
|rule|Evasion Items Clause: Evasion items are banned
|rule|Evasion Moves Clause: Evasion moves are banned
|rule|Evasion Abilities Clause: Evasion abilities are banned
|rule|Sleep Moves Clause: Sleep-inducing moves are banned
|clearpoke
|poke|p1|Torkoal, M|
|poke|p1|Walking Wake|
|poke|p1|Deoxys-Speed|
|poke|p1|Zamazenta-*|
|poke|p1|Cinderace, M|
|poke|p1|Ceruledge, F|
|poke|p2|Hatterene, F|
|poke|p2|Ursaluna, M|
|poke|p2|Porygon2|
|poke|p2|Cresselia, F|
|poke|p2|Iron Hands|
|poke|p2|Volcanion|
|teampreview
|j| ohko_smeargle
|
|t:|1776164498
|teamsize|p1|6
|teamsize|p2|6
|start
|switch|p1a: Deoxys|Deoxys-Speed|100/100
|switch|p2a: Brand|Hatterene, F, shiny|100/100
|-ability|p1a: Deoxys|Pressure
|turn|1
|
|t:|1776164513
|move|p1a: Deoxys|Light Screen|p1a: Deoxys
|-sidestart|p1: Chrisfeb1992|move: Light Screen
|move|p2a: Brand|Trick Room|p2a: Brand
|-fieldstart|move: Trick Room|[of] p2a: Brand
|
|upkeep
|turn|2
|
|t:|1776164526
|switch|p2a: Mann|Ursaluna, M|100/100
|move|p1a: Deoxys|Reflect|p1a: Deoxys
|-sidestart|p1: Chrisfeb1992|Reflect
|
|-status|p2a: Mann|brn|[from] item: Flame Orb
|upkeep
|turn|3
|
|t:|1776164535
|move|p2a: Mann|Facade|p1a: Deoxys
|-damage|p1a: Deoxys|22/100
|move|p1a: Deoxys|Psycho Boost|p2a: Mann
|-damage|p2a: Mann|58/100 brn
|-unboost|p1a: Deoxys|spa|2
|
|-damage|p2a: Mann|52/100 brn|[from] brn
|upkeep
|turn|4
|
|t:|1776164548
|switch|p1a: Torkoal|Torkoal, M|100/100
|-weather|SunnyDay|[from] ability: Drought|[of] p1a: Torkoal
|move|p2a: Mann|Fire Punch|p1a: Torkoal
|-resisted|p1a: Torkoal
|-damage|p1a: Torkoal|92/100
|
|-weather|SunnyDay|[upkeep]
|-damage|p2a: Mann|46/100 brn|[from] brn
|upkeep
|turn|5
|
|t:|1776164559
|move|p2a: Mann|Protect|p2a: Mann
|-singleturn|p2a: Mann|Protect
|move|p1a: Torkoal|Lava Plume|p2a: Mann
|-activate|p2a: Mann|move: Protect
|
|-weather|SunnyDay|[upkeep]
|-damage|p2a: Mann|40/100 brn|[from] brn
|-fieldend|move: Trick Room
|upkeep
|turn|6
|
|t:|1776164570
|switch|p2a: Saturn|Volcanion|100/100
|move|p1a: Torkoal|Stealth Rock|p2a: Saturn
|-sidestart|p2: pgeyaoi|move: Stealth Rock
|
|-weather|SunnyDay|[upkeep]
|upkeep
|turn|7
|
|t:|1776164579
|switch|p1a: Walking Wake|Walking Wake|100/100
|-activate|p1a: Walking Wake|ability: Protosynthesis
|-start|p1a: Walking Wake|protosynthesisspe
|move|p2a: Saturn|Earth Power|p1a: Walking Wake
|-damage|p1a: Walking Wake|70/100
|
|-weather|SunnyDay|[upkeep]
|upkeep
|turn|8
|
|t:|1776164592
|switch|p2a: Brand|Hatterene, F, shiny|100/100
|-damage|p2a: Brand|88/100|[from] Stealth Rock
|move|p1a: Walking Wake|Dragon Pulse|p2a: Brand
|-immune|p2a: Brand
|
|-weather|SunnyDay|[upkeep]
|-sideend|p1: Chrisfeb1992|move: Light Screen
|upkeep
|turn|9
|
|t:|1776164603
|-end|p1a: Walking Wake|Protosynthesis|[silent]
|switch|p1a: Ceruledge|Ceruledge, F|100/100
|move|p2a: Brand|Trick Room|p2a: Brand
|-fieldstart|move: Trick Room|[of] p2a: Brand
|
|-weather|SunnyDay|[upkeep]
|-sideend|p1: Chrisfeb1992|Reflect
|upkeep
|turn|10
|
|t:|1776164610
|move|p2a: Brand|Healing Wish|p2a: Brand
|faint|p2a: Brand
|move|p1a: Ceruledge|Swords Dance|p1a: Ceruledge
|-boost|p1a: Ceruledge|atk|2
|
|-weather|SunnyDay|[upkeep]
|upkeep
|
|t:|1776164628
|switch|p2a: Mann|Ursaluna, M|40/100 brn
|-heal|p2a: Mann|100/100|[from] move: Healing Wish
|-damage|p2a: Mann|94/100|[from] Stealth Rock
|turn|11
|
|t:|1776164636
|move|p2a: Mann|Protect|p2a: Mann
|-singleturn|p2a: Mann|Protect
|move|p1a: Ceruledge|Bitter Blade|p2a: Mann
|-activate|p2a: Mann|move: Protect
|
|-weather|none
|-status|p2a: Mann|brn|[from] item: Flame Orb
|upkeep
|turn|12
|
|t:|1776164645
|move|p2a: Mann|Headlong Rush|p1a: Ceruledge
|-supereffective|p1a: Ceruledge
|-enditem|p1a: Ceruledge|Focus Sash
|-damage|p1a: Ceruledge|1/100
|-unboost|p2a: Mann|def|1
|-unboost|p2a: Mann|spd|1
|-ability|p1a: Ceruledge|Weak Armor|boost
|-unboost|p1a: Ceruledge|def|1
|-boost|p1a: Ceruledge|spe|2
|move|p1a: Ceruledge|Bitter Blade|p2a: Mann
|-damage|p2a: Mann|6/100 brn
|-heal|p1a: Ceruledge|71/100|[from] drain|[of] p2a: Mann
|
|-damage|p2a: Mann|0 fnt|[from] brn
|faint|p2a: Mann
|upkeep
|
|t:|1776164651
|switch|p2a: CASE|Iron Hands|100/100
|-damage|p2a: CASE|94/100|[from] Stealth Rock
|-enditem|p2a: CASE|Booster Energy
|-activate|p2a: CASE|ability: Quark Drive|[fromitem]
|-start|p2a: CASE|quarkdriveatk
|turn|13
|
|t:|1776164671
|switch|p1a: Torkoal|Torkoal, M|92/100
|-weather|SunnyDay|[from] ability: Drought|[of] p1a: Torkoal
|move|p2a: CASE|Wild Charge|p1a: Torkoal
|-crit|p1a: Torkoal
|-damage|p1a: Torkoal|37/100
|-damage|p2a: CASE|85/100|[from] Recoil
|
|-weather|SunnyDay|[upkeep]
|-fieldend|move: Trick Room
|upkeep
|turn|14
|
|t:|1776164682
|-end|p2a: CASE|Quark Drive|[silent]
|switch|p2a: Miller|Cresselia, F, shiny|100/100
|-damage|p2a: Miller|88/100|[from] Stealth Rock
|switch|p1a: Ceruledge|Ceruledge, F|71/100
|
|-weather|SunnyDay|[upkeep]
|upkeep
|turn|15
|
|t:|1776164691
|-terastallize|p1a: Ceruledge|Ghost
|move|p1a: Ceruledge|Poltergeist|p2a: Miller
|-activate|p2a: Miller|move: Poltergeist|Mental Herb
|-supereffective|p2a: Miller
|-damage|p2a: Miller|10/100
|move|p2a: Miller|Trick Room|p2a: Miller
|-fieldstart|move: Trick Room|[of] p2a: Miller
|
|-weather|SunnyDay|[upkeep]
|upkeep
|turn|16
|
|t:|1776164701
|move|p2a: Miller|Lunar Dance|p2a: Miller
|faint|p2a: Miller
|move|p1a: Ceruledge|Swords Dance|p1a: Ceruledge
|-boost|p1a: Ceruledge|atk|2
|
|-weather|SunnyDay|[upkeep]
|upkeep
|
|t:|1776164709
|switch|p2a: Saturn|Volcanion|100/100
|-heal|p2a: Saturn|100/100|[from] move: Lunar Dance
|-damage|p2a: Saturn|76/100|[from] Stealth Rock
|turn|17
|
|t:|1776164717
|switch|p1a: Torkoal|Torkoal, M|37/100
|move|p2a: Saturn|Flamethrower|p1a: Torkoal
|-resisted|p1a: Torkoal
|-damage|p1a: Torkoal|0 fnt
|faint|p1a: Torkoal
|
|-weather|SunnyDay|[upkeep]
|upkeep
|
|t:|1776164727
|switch|p1a: Walking Wake|Walking Wake|70/100
|-activate|p1a: Walking Wake|ability: Protosynthesis
|-start|p1a: Walking Wake|protosynthesisspe
|turn|18
|
|t:|1776164746
|move|p2a: Saturn|Flamethrower|p1a: Walking Wake
|-resisted|p1a: Walking Wake
|-damage|p1a: Walking Wake|39/100
|move|p1a: Walking Wake|Dragon Pulse|p2a: Saturn
|-damage|p2a: Saturn|10/100
|
|-weather|SunnyDay|[upkeep]
|upkeep
|turn|19
|
|t:|1776164754
|move|p2a: Saturn|Flamethrower|p1a: Walking Wake
|-resisted|p1a: Walking Wake
|-damage|p1a: Walking Wake|8/100
|move|p1a: Walking Wake|Dragon Pulse|p2a: Saturn
|-damage|p2a: Saturn|0 fnt
|faint|p2a: Saturn
|
|-weather|SunnyDay|[upkeep]
|-fieldend|move: Trick Room
|upkeep
|
|t:|1776164757
|switch|p2a: TARS|Porygon2|100/100
|-damage|p2a: TARS|88/100|[from] Stealth Rock
|-ability|p2a: TARS|Download|boost
|-boost|p2a: TARS|spa|1
|turn|20
|
|t:|1776164768
|-end|p1a: Walking Wake|Protosynthesis|[silent]
|switch|p1a: Ceruledge|Ceruledge, F, tera:Ghost|71/100
|move|p2a: TARS|Trick Room|p2a: TARS
|-fieldstart|move: Trick Room|[of] p2a: TARS
|
|-weather|none
|upkeep
|turn|21
|
|t:|1776164776
|-terastallize|p2a: TARS|Ground
|move|p2a: TARS|Tera Blast|p1a: Ceruledge|[anim] Tera Blast Ground
|-damage|p1a: Ceruledge|7/100
|move|p1a: Ceruledge|Bitter Blade|p2a: TARS
|-damage|p2a: TARS|57/100
|-heal|p1a: Ceruledge|27/100|[from] drain|[of] p2a: TARS
|
|upkeep
|turn|22
|
|t:|1776164787
|move|p1a: Ceruledge|Shadow Sneak|p2a: TARS
|-damage|p2a: TARS|38/100
|move|p2a: TARS|Tera Blast|p1a: Ceruledge|[anim] Tera Blast Ground
|-damage|p1a: Ceruledge|0 fnt
|faint|p1a: Ceruledge
|
|upkeep
|
|t:|1776164796
|switch|p1a: Cinderace|Cinderace, M|100/100
|turn|23
|
|t:|1776164801
|switch|p1a: Deoxys|Deoxys-Speed|22/100
|-ability|p1a: Deoxys|Pressure
|move|p2a: TARS|Tera Blast|p1a: Deoxys|[anim] Tera Blast Ground
|-crit|p1a: Deoxys
|-damage|p1a: Deoxys|0 fnt
|faint|p1a: Deoxys
|
|upkeep
|
|t:|1776164814
|switch|p1a: Zamazenta|Zamazenta|100/100
|-ability|p1a: Zamazenta|Dauntless Shield|boost
|-boost|p1a: Zamazenta|def|1
|turn|24
|
|t:|1776164820
|move|p2a: TARS|Hyper Beam|p1a: Zamazenta
|-damage|p1a: Zamazenta|0 fnt
|-mustrecharge|p2a: TARS
|faint|p1a: Zamazenta
|
|-fieldend|move: Trick Room
|upkeep
|
|t:|1776164827
|switch|p1a: Walking Wake|Walking Wake|8/100
|turn|25
|
|t:|1776164831
|move|p1a: Walking Wake|Hydro Steam|p2a: TARS
|-supereffective|p2a: TARS
|-damage|p2a: TARS|0 fnt
|faint|p2a: TARS
|
|upkeep
|
|t:|1776164833
|switch|p2a: CASE|Iron Hands|85/100
|-damage|p2a: CASE|79/100|[from] Stealth Rock
|turn|26
|
|t:|1776164840
|move|p1a: Walking Wake|Hydro Steam|p2a: CASE
|-damage|p2a: CASE|28/100
|move|p2a: CASE|Drain Punch|p1a: Walking Wake
|-damage|p1a: Walking Wake|0 fnt
|-heal|p2a: CASE|31/100|[from] drain|[of] p1a: Walking Wake
|faint|p1a: Walking Wake
|-end|p1a: Walking Wake|Protosynthesis|[silent]
|
|upkeep
|
|t:|1776164849
|switch|p1a: Cinderace|Cinderace, M|100/100
|turn|27
|
|t:|1776164854
|move|p1a: Cinderace|Will-O-Wisp|p2a: CASE
|-status|p2a: CASE|brn
|move|p2a: CASE|Drain Punch|p1a: Cinderace
|-damage|p1a: Cinderace|69/100
|-heal|p2a: CASE|40/100 brn|[from] drain|[of] p1a: Cinderace
|
|-damage|p2a: CASE|34/100 brn|[from] brn
|upkeep
|turn|28
|
|t:|1776164864
|move|p1a: Cinderace|Pyro Ball|p2a: CASE
|-damage|p2a: CASE|0 fnt
|faint|p2a: CASE
|-end|p2a: CASE|Quark Drive|[silent]
|
|win|Chrisfeb1992
|raw|Chrisfeb1992's rating: 1428 &rarr; <strong>1448</strong><br />(+20 for winning)
|raw|pgeyaoi's rating: 1432 &rarr; <strong>1412</strong><br />(-20 for losing)
|l| ohko_smeargle
|l|☆pgeyaoi
|player|p2|
