|html|<div class="broadcast-blue"><strong>[Gen 9] OU is currently suspecting Tera Blast! For information on how to participate check out the <a href="https://www.smogon.com/tools/suspects/view/200">suspect thread</a>.</strong></div>
|j|☆Sohai0721
|j|☆CilenTreeco
|t:|1776062592
|gametype|singles
|player|p1|Sohai0721|265|1110
|player|p2|CilenTreeco|2|1120
|gen|9
|tier|[Gen 9] OU
|rated|
|rule|HP Percentage Mod: HP is shown in percentages
|rule|Endless Battle Clause: Forcing endless battles is banned
|rule|Species Clause: Limit one of each Pokémon
|rule|OHKO Clause: OHKO moves are banned
|rule|Evasion Items Clause: Evasion items are banned
|rule|Evasion Moves Clause: Evasion moves are banned
|rule|Evasion Abilities Clause: Evasion abilities are banned
|rule|Sleep Moves Clause: Sleep-inducing moves are banned
|clearpoke
|poke|p1|Garganacl, F|
|poke|p1|Landorus-Therian, M|
|poke|p1|Clefable, M|
|poke|p1|Corviknight, F|
|poke|p1|Ditto|
|poke|p1|Conkeldurr, F|
|poke|p2|Azumarill, M|
|poke|p2|Corviknight, F|
|poke|p2|Mesprit|
|poke|p2|Klefki, F|
|poke|p2|Lucario, F|
|poke|p2|Dragonite, F|
|teampreview
|
|t:|1776062598
|teamsize|p1|6
|teamsize|p2|6
|start
|switch|p1a: Garganacl|Garganacl, F|100/100
|switch|p2a: Klefki|Klefki, F|100/100
|turn|1
|
|t:|1776062603
|move|p2a: Klefki|Switcheroo|p1a: Garganacl
|-activate|p2a: Klefki|move: Trick|[of] p1a: Garganacl
|-item|p1a: Garganacl|Choice Scarf|[from] move: Switcheroo
|-item|p2a: Klefki|Leftovers|[from] move: Switcheroo
|move|p1a: Garganacl|Salt Cure|p2a: Klefki
|-resisted|p2a: Klefki
|-damage|p2a: Klefki|95/100
|-start|p2a: Klefki|Salt Cure
|
|-heal|p2a: Klefki|100/100|[from] item: Leftovers
|-damage|p2a: Klefki|76/100|[from] Salt Cure
|upkeep
|turn|2
|
|t:|1776062613
|move|p2a: Klefki|Magic Room|p2a: Klefki
|-fieldstart|move: Magic Room|[of] p2a: Klefki
|move|p1a: Garganacl|Salt Cure|p2a: Klefki
|-resisted|p2a: Klefki
|-damage|p2a: Klefki|70/100
|
|-damage|p2a: Klefki|45/100|[from] Salt Cure
|upkeep
|turn|3
|
|t:|1776062633
|move|p2a: Klefki|Reflect|p2a: Klefki
|-sidestart|p2: CilenTreeco|Reflect
|move|p1a: Garganacl|Stealth Rock|p2a: Klefki
|-sidestart|p2: CilenTreeco|move: Stealth Rock
|
|-damage|p2a: Klefki|21/100|[from] Salt Cure
|upkeep
|turn|4
|
|t:|1776062643
|move|p2a: Klefki|Light Screen|p2a: Klefki
|-sidestart|p2: CilenTreeco|move: Light Screen
|move|p1a: Garganacl|Salt Cure|p2a: Klefki
|-resisted|p2a: Klefki
|-damage|p2a: Klefki|18/100
|
|-damage|p2a: Klefki|0 fnt|[from] Salt Cure
|faint|p2a: Klefki
|upkeep
|
|t:|1776062651
|switch|p2a: Lucario|Lucario, F|100/100
|-damage|p2a: Lucario|98/100|[from] Stealth Rock
|turn|5
|
|t:|1776062657
|move|p2a: Lucario|Nasty Plot|p2a: Lucario
|-boost|p2a: Lucario|spa|2
|move|p1a: Garganacl|Salt Cure|p2a: Lucario
|-resisted|p2a: Lucario
|-crit|p2a: Lucario
|-damage|p2a: Lucario|89/100
|-start|p2a: Lucario|Salt Cure
|
|-damage|p2a: Lucario|64/100|[from] Salt Cure
|upkeep
|turn|6
|
|t:|1776062669
|move|p1a: Garganacl|Protect|p1a: Garganacl
|-singleturn|p1a: Garganacl|Protect
|move|p2a: Lucario|Aura Sphere|p1a: Garganacl
|-activate|p1a: Garganacl|move: Protect
|
|-damage|p2a: Lucario|40/100|[from] Salt Cure
|-fieldend|move: Magic Room|[of] p2: Klefki
|upkeep
|turn|7
|
|t:|1776062678
|switch|p1a: Clefable|Clefable, M|100/100
|move|p2a: Lucario|Aura Sphere|p1a: Clefable
|-resisted|p1a: Clefable
|-damage|p1a: Clefable|71/100
|
|-heal|p1a: Clefable|77/100|[from] item: Leftovers
|-damage|p2a: Lucario|15/100|[from] Salt Cure
|-sideend|p2: CilenTreeco|Reflect
|upkeep
|turn|8
|-message|CilenTreeco forfeited.
|
|win|Sohai0721
|raw|Sohai0721's rating: 1110 &rarr; <strong>1136</strong><br />(+26 for winning)
|raw|CilenTreeco's rating: 1120 &rarr; <strong>1094</strong><br />(-26 for losing)
|l|☆CilenTreeco
|player|p2|
|l|☆Sohai0721
|player|p1|
