|html|<div class="broadcast-blue"><strong>[Gen 9] OU is currently suspecting Tera Blast! For information on how to participate check out the <a href="https://www.smogon.com/tools/suspects/view/200">suspect thread</a>.</strong></div>
|j|☆castillo919
|j|☆solum888
|t:|1776057079
|gametype|singles
|player|p1|castillo919|102|1076
|player|p2|solum888|palmer|1066
|gen|9
|tier|[Gen 9] OU
|rated|
|rule|HP Percentage Mod: HP is shown in percentages
|rule|Endless Battle Clause: Forcing endless battles is banned
|rule|Species Clause: Limit one of each Pokémon
|rule|OHKO Clause: OHKO moves are banned
|rule|Evasion Items Clause: Evasion items are banned
|rule|Evasion Moves Clause: Evasion moves are banned
|rule|Evasion Abilities Clause: Evasion abilities are banned
|rule|Sleep Moves Clause: Sleep-inducing moves are banned
|clearpoke
|poke|p1|Grimmsnarl, M|
|poke|p1|Alomomola, M|
|poke|p1|Deoxys-Speed|
|poke|p1|Kommo-o, F|
|poke|p1|Gliscor, F|
|poke|p1|Talonflame, M|
|poke|p2|Hatterene, F|
|poke|p2|Ting-Lu|
|poke|p2|Dondozo, F|
|poke|p2|Brambleghast, F|
|poke|p2|Meowscarada, M|
|poke|p2|Blaziken, F|
|teampreview
|j| ohko_smeargle
|
|t:|1776057115
|teamsize|p1|6
|teamsize|p2|6
|start
|switch|p1a: Talonflame|Talonflame, M|100/100
|switch|p2a: Meowscarada|Meowscarada, M, shiny|100/100
|turn|1
|
|t:|1776057130
|switch|p2a: Dondozo|Dondozo, F, shiny|100/100
|move|p1a: Talonflame|Fly||[still]
|-prepare|p1a: Talonflame|Fly
|
|upkeep
|turn|2
|
|t:|1776057139
|move|p1a: Talonflame|Fly|p2a: Dondozo|[from] lockedmove
|-damage|p2a: Dondozo|90/100
|move|p2a: Dondozo|Curse|p2a: Dondozo
|-unboost|p2a: Dondozo|spe|1
|-boost|p2a: Dondozo|atk|1
|-boost|p2a: Dondozo|def|1
|
|-heal|p2a: Dondozo|96/100|[from] item: Leftovers
|upkeep
|turn|3
|
|t:|1776057158
|switch|p1a: Alomomola|Alomomola, M|100/100
|move|p2a: Dondozo|Curse|p2a: Dondozo
|-unboost|p2a: Dondozo|spe|1
|-boost|p2a: Dondozo|atk|1
|-boost|p2a: Dondozo|def|1
|
|-heal|p2a: Dondozo|100/100|[from] item: Leftovers
|upkeep
|turn|4
|
|t:|1776057183
|move|p1a: Alomomola|Flip Turn|p2a: Dondozo
|-resisted|p2a: Dondozo
|-damage|p2a: Dondozo|99/100
|
|t:|1776057188
|switch|p1a: Grimmsnarl|Grimmsnarl, M|100/100|[from] Flip Turn
|move|p2a: Dondozo|Body Press|p1a: Grimmsnarl
|-damage|p1a: Grimmsnarl|52/100
|
|-heal|p1a: Grimmsnarl|58/100|[from] item: Leftovers
|-heal|p2a: Dondozo|100/100|[from] item: Leftovers
|upkeep
|turn|5
|
|t:|1776057198
|switch|p2a: Hatterene|Hatterene, F, shiny|100/100
|move|p1a: Grimmsnarl|Reflect|p1a: Grimmsnarl
|-sidestart|p1: castillo919|Reflect
|
|-heal|p1a: Grimmsnarl|64/100|[from] item: Leftovers
|upkeep
|turn|6
|
|t:|1776057218
|switch|p1a: Gliscor|Gliscor, F|100/100
|move|p2a: Hatterene|Trick Room|p2a: Hatterene
|-fieldstart|move: Trick Room|[of] p2a: Hatterene
|
|upkeep
|turn|7
|
|t:|1776057235
|move|p2a: Hatterene|Future Sight|p1a: Gliscor
|-start|p2a: Hatterene|move: Future Sight
|move|p1a: Gliscor|Toxic|p2a: Hatterene
|move|p2a: Hatterene|Toxic|p1a: Gliscor|[from] ability: Magic Bounce
|-status|p1a: Gliscor|tox
|
|upkeep
|turn|8
|
|t:|1776057251
|switch|p1a: Alomomola|Alomomola, M|100/100
|move|p2a: Hatterene|Dazzling Gleam|p1a: Alomomola
|-damage|p1a: Alomomola|65/100
|
|upkeep
|turn|9
|
|t:|1776057259
|move|p2a: Hatterene|Dazzling Gleam|p1a: Alomomola
|-damage|p1a: Alomomola|31/100
|move|p1a: Alomomola|Light Screen|p1a: Alomomola
|-sidestart|p1: castillo919|move: Light Screen
|
|-end|p1a: Alomomola|move: Future Sight
|-damage|p1a: Alomomola|4/100
|-sideend|p1: castillo919|Reflect
|upkeep
|turn|10
|
|t:|1776057290
|switch|p1a: Deoxys|Deoxys-Speed|100/100
|-ability|p1a: Deoxys|Pressure
|move|p2a: Hatterene|Dazzling Gleam|p1a: Deoxys
|-damage|p1a: Deoxys|70/100
|
|-fieldend|move: Trick Room
|upkeep
|turn|11
|
|t:|1776057317
|switch|p1a: Kommo-o|Kommo-o, F|100/100
|move|p2a: Hatterene|Trick Room|p2a: Hatterene
|-fieldstart|move: Trick Room|[of] p2a: Hatterene
|
|upkeep
|turn|12
|
|t:|1776057331
|-terastallize|p1a: Kommo-o|Steel
|move|p2a: Hatterene|Dazzling Gleam|p1a: Kommo-o
|-resisted|p1a: Kommo-o
|-damage|p1a: Kommo-o|86/100
|move|p1a: Kommo-o|Poison Jab|p2a: Hatterene
|-supereffective|p2a: Hatterene
|-damage|p2a: Hatterene|48/100
|
|-heal|p2a: Hatterene|54/100|[from] item: Leftovers
|upkeep
|turn|13
|
|t:|1776057369
|switch|p2a: Dondozo|Dondozo, F, shiny|100/100
|move|p1a: Kommo-o|Poison Jab|p2a: Dondozo
|-damage|p2a: Dondozo|91/100
|
|-heal|p2a: Dondozo|97/100|[from] item: Leftovers
|-sideend|p1: castillo919|move: Light Screen
|upkeep
|turn|14
|
|t:|1776057403
|switch|p1a: Grimmsnarl|Grimmsnarl, M|64/100
|-terastallize|p2a: Dondozo|Fighting
|move|p2a: Dondozo|Body Press|p1a: Grimmsnarl
|-crit|p1a: Grimmsnarl
|-damage|p1a: Grimmsnarl|15/100
|
|-heal|p2a: Dondozo|100/100|[from] item: Leftovers
|-heal|p1a: Grimmsnarl|21/100|[from] item: Leftovers
|upkeep
|turn|15
|
|t:|1776057414
|move|p1a: Grimmsnarl|Fake Out|p2a: Dondozo
|-damage|p2a: Dondozo|96/100
|cant|p2a: Dondozo|flinch
|
|-heal|p2a: Dondozo|100/100|[from] item: Leftovers
|-heal|p1a: Grimmsnarl|27/100|[from] item: Leftovers
|-fieldend|move: Trick Room
|upkeep
|turn|16
|
|t:|1776057426
|move|p1a: Grimmsnarl|Reflect|p1a: Grimmsnarl
|-sidestart|p1: castillo919|Reflect
|move|p2a: Dondozo|Body Press|p1a: Grimmsnarl
|-damage|p1a: Grimmsnarl|9/100
|
|-heal|p1a: Grimmsnarl|15/100|[from] item: Leftovers
|upkeep
|turn|17
|
|t:|1776057434
|move|p1a: Grimmsnarl|Parting Shot|p2a: Dondozo
|-unboost|p2a: Dondozo|atk|1
|-unboost|p2a: Dondozo|spa|1
|
|t:|1776057437
|switch|p1a: Alomomola|Alomomola, M|37/100|[from] Parting Shot
|move|p2a: Dondozo|Body Press|p1a: Alomomola
|-damage|p1a: Alomomola|22/100
|
|upkeep
|turn|18
|
|t:|1776057446
|switch|p2a: Hatterene|Hatterene, F, shiny|54/100
|move|p1a: Alomomola|Wish|p1a: Alomomola
|
|-heal|p2a: Hatterene|60/100|[from] item: Leftovers
|upkeep
|turn|19
|
|t:|1776057461
|switch|p1a: Kommo-o|Kommo-o, F, tera:Steel|86/100
|move|p2a: Hatterene|Future Sight|p1a: Kommo-o
|-start|p2a: Hatterene|move: Future Sight
|
|-heal|p1a: Kommo-o|100/100|[from] move: Wish|[wisher] Alomomola
|-heal|p2a: Hatterene|66/100|[from] item: Leftovers
|upkeep
|turn|20
|
|t:|1776057478
|switch|p2a: Dondozo|Dondozo, F, shiny, tera:Fighting|100/100
|move|p1a: Kommo-o|Poison Jab|p2a: Dondozo
|-damage|p2a: Dondozo|90/100
|
|-heal|p2a: Dondozo|97/100|[from] item: Leftovers
|-sideend|p1: castillo919|Reflect
|upkeep
|turn|21
|
|t:|1776057491
|switch|p1a: Gliscor|Gliscor, F|100/100 tox
|move|p2a: Dondozo|Body Press|p1a: Gliscor
|-resisted|p1a: Gliscor
|-damage|p1a: Gliscor|89/100 tox
|
|-end|p1a: Gliscor|move: Future Sight
|-damage|p1a: Gliscor|1/100 tox
|-heal|p1a: Gliscor|7/100 tox|[from] item: Leftovers
|-heal|p2a: Dondozo|100/100|[from] item: Leftovers
|-heal|p1a: Gliscor|20/100 tox|[from] ability: Poison Heal
|upkeep
|turn|22
|
|t:|1776057505
|move|p1a: Gliscor|Protect|p1a: Gliscor
|-singleturn|p1a: Gliscor|Protect
|move|p2a: Dondozo|Body Press|p1a: Gliscor
|-activate|p1a: Gliscor|move: Protect
|
|-heal|p1a: Gliscor|26/100 tox|[from] item: Leftovers
|-heal|p1a: Gliscor|38/100 tox|[from] ability: Poison Heal
|upkeep
|turn|23
|
|t:|1776057520
|move|p1a: Gliscor|Earthquake|p2a: Dondozo
|-damage|p2a: Dondozo|84/100
|move|p2a: Dondozo|Body Press|p1a: Gliscor
|-resisted|p1a: Gliscor
|-damage|p1a: Gliscor|26/100 tox
|
|-heal|p1a: Gliscor|32/100 tox|[from] item: Leftovers
|-heal|p2a: Dondozo|91/100|[from] item: Leftovers
|-heal|p1a: Gliscor|45/100 tox|[from] ability: Poison Heal
|upkeep
|turn|24
|
|t:|1776057545
|switch|p2a: Brambleghast|Brambleghast, F|100/100
|move|p1a: Gliscor|Toxic|p2a: Brambleghast|[miss]
|-miss|p1a: Gliscor|p2a: Brambleghast
|
|-heal|p1a: Gliscor|51/100 tox|[from] item: Leftovers
|-heal|p1a: Gliscor|63/100 tox|[from] ability: Poison Heal
|upkeep
|turn|25
|
|t:|1776057558
|move|p1a: Gliscor|Protect|p1a: Gliscor
|-singleturn|p1a: Gliscor|Protect
|move|p2a: Brambleghast|Spikes|p1a: Gliscor
|-sidestart|p1: castillo919|Spikes
|
|-heal|p1a: Gliscor|70/100 tox|[from] item: Leftovers
|-heal|p1a: Gliscor|82/100 tox|[from] ability: Poison Heal
|upkeep
|turn|26
|
|t:|1776057577
|move|p2a: Brambleghast|Poltergeist|p1a: Gliscor
|-activate|p1a: Gliscor|move: Poltergeist|Leftovers
|-damage|p1a: Gliscor|54/100 tox
|move|p1a: Gliscor|Toxic|p2a: Brambleghast
|-status|p2a: Brambleghast|tox
|
|-heal|p1a: Gliscor|60/100 tox|[from] item: Leftovers
|-damage|p2a: Brambleghast|94/100 tox|[from] psn
|-heal|p1a: Gliscor|73/100 tox|[from] ability: Poison Heal
|upkeep
|turn|27
|
|t:|1776057591
|move|p2a: Brambleghast|Spikes|p1a: Gliscor
|-sidestart|p1: castillo919|Spikes
|move|p1a: Gliscor|Earthquake|p2a: Brambleghast
|-resisted|p2a: Brambleghast
|-damage|p2a: Brambleghast|72/100 tox
|
|-heal|p1a: Gliscor|79/100 tox|[from] item: Leftovers
|-damage|p2a: Brambleghast|60/100 tox|[from] psn
|-heal|p1a: Gliscor|91/100 tox|[from] ability: Poison Heal
|upkeep
|turn|28
|
|t:|1776057602
|move|p2a: Brambleghast|Spikes|p1a: Gliscor
|-sidestart|p1: castillo919|Spikes
|move|p1a: Gliscor|Earthquake|p2a: Brambleghast
|-resisted|p2a: Brambleghast
|-damage|p2a: Brambleghast|36/100 tox
|
|-heal|p1a: Gliscor|98/100 tox|[from] item: Leftovers
|-damage|p2a: Brambleghast|18/100 tox|[from] psn
|-heal|p1a: Gliscor|100/100 tox|[from] ability: Poison Heal
|upkeep
|turn|29
|
|t:|1776057613
|move|p2a: Brambleghast|Strength Sap|p1a: Gliscor
|-unboost|p1a: Gliscor|atk|1
|-heal|p2a: Brambleghast|90/100 tox
|move|p1a: Gliscor|Earthquake|p2a: Brambleghast
|-resisted|p2a: Brambleghast
|-damage|p2a: Brambleghast|75/100 tox
|
|-damage|p2a: Brambleghast|51/100 tox|[from] psn
|upkeep
|turn|30
|
|t:|1776057631
|switch|p2a: Hatterene|Hatterene, F, shiny|66/100
|move|p1a: Gliscor|Toxic|p2a: Hatterene
|move|p2a: Hatterene|Toxic|p1a: Gliscor|[from] ability: Magic Bounce
|-fail|p1a: Gliscor|tox
|
|-heal|p2a: Hatterene|72/100|[from] item: Leftovers
|upkeep
|turn|31
|
|t:|1776057643
|move|p1a: Gliscor|Earthquake|p2a: Hatterene
|-damage|p2a: Hatterene|49/100
|move|p2a: Hatterene|Trick Room|p2a: Hatterene
|-fieldstart|move: Trick Room|[of] p2a: Hatterene
|
|-heal|p2a: Hatterene|55/100|[from] item: Leftovers
|upkeep
|turn|32
|
|t:|1776057658
|move|p1a: Gliscor|Protect|p1a: Gliscor
|-singleturn|p1a: Gliscor|Protect
|move|p2a: Hatterene|Future Sight|p1a: Gliscor
|-start|p2a: Hatterene|move: Future Sight
|
|-heal|p2a: Hatterene|61/100|[from] item: Leftovers
|upkeep
|turn|33
|
|t:|1776057680
|switch|p2a: Dondozo|Dondozo, F, shiny, tera:Fighting|91/100
|move|p1a: Gliscor|Earthquake|p2a: Dondozo
|-damage|p2a: Dondozo|77/100
|
|-heal|p2a: Dondozo|83/100|[from] item: Leftovers
|upkeep
|turn|34
|
|t:|1776057775
|switch|p2a: Meowscarada|Meowscarada, M, shiny|100/100
|switch|p1a: Grimmsnarl|Grimmsnarl, M|15/100
|-damage|p1a: Grimmsnarl|0 fnt|[from] Spikes
|faint|p1a: Grimmsnarl
|
|-hint|Future Sight did not hit because the target is fainted.
|upkeep
|
|t:|1776057792
|switch|p1a: Talonflame|Talonflame, M|100/100
|turn|35
|
|t:|1776057821
|switch|p2a: Ting-Lu|Ting-Lu, shiny|100/100
|-ability|p2a: Ting-Lu|Vessel of Ruin
|move|p1a: Talonflame|Fly||[still]
|-prepare|p1a: Talonflame|Fly
|
|-fieldend|move: Trick Room
|upkeep
|turn|36
|
|t:|1776057830
|move|p1a: Talonflame|Fly|p2a: Ting-Lu|[from] lockedmove
|-damage|p2a: Ting-Lu|86/100
|move|p2a: Ting-Lu|Rock Slide|p1a: Talonflame
|-supereffective|p1a: Talonflame
|-damage|p1a: Talonflame|33/100
|
|-heal|p2a: Ting-Lu|92/100|[from] item: Leftovers
|upkeep
|turn|37
|
|t:|1776057848
|move|p1a: Talonflame|Defog|p2a: Ting-Lu
|-unboost|p2a: Ting-Lu|evasion|1
|-sideend|p1: castillo919|Spikes|[from] move: Defog|[of] p1a: Talonflame
|move|p2a: Ting-Lu|Rock Slide|p1a: Talonflame
|-supereffective|p1a: Talonflame
|-damage|p1a: Talonflame|0 fnt
|faint|p1a: Talonflame
|
|-heal|p2a: Ting-Lu|98/100|[from] item: Leftovers
|upkeep
|
|t:|1776057873
|switch|p1a: Gliscor|Gliscor, F|100/100 tox
|turn|38
|
|t:|1776057890
|switch|p2a: Hatterene|Hatterene, F, shiny|61/100
|move|p1a: Gliscor|Earthquake|p2a: Hatterene
|-damage|p2a: Hatterene|23/100
|
|-heal|p2a: Hatterene|29/100|[from] item: Leftovers
|upkeep
|turn|39
|
|t:|1776057904
|switch|p2a: Dondozo|Dondozo, F, shiny, tera:Fighting|83/100
|move|p1a: Gliscor|Earthquake|p2a: Dondozo
|-damage|p2a: Dondozo|69/100
|
|-heal|p2a: Dondozo|75/100|[from] item: Leftovers
|upkeep
|turn|40
|
|t:|1776057913
|move|p1a: Gliscor|Toxic|p2a: Dondozo
|-status|p2a: Dondozo|tox
|move|p2a: Dondozo|Curse|p2a: Dondozo
|-unboost|p2a: Dondozo|spe|1
|-boost|p2a: Dondozo|atk|1
|-boost|p2a: Dondozo|def|1
|
|-heal|p2a: Dondozo|82/100 tox|[from] item: Leftovers
|-damage|p2a: Dondozo|75/100 tox|[from] psn
|upkeep
|turn|41
|
|t:|1776057931
|move|p1a: Gliscor|Earthquake|p2a: Dondozo
|-damage|p2a: Dondozo|65/100 tox
|move|p2a: Dondozo|Curse|p2a: Dondozo
|-unboost|p2a: Dondozo|spe|1
|-boost|p2a: Dondozo|atk|1
|-boost|p2a: Dondozo|def|1
|
|-heal|p2a: Dondozo|71/100 tox|[from] item: Leftovers
|-damage|p2a: Dondozo|59/100 tox|[from] psn
|upkeep
|turn|42
|
|t:|1776057943
|move|p1a: Gliscor|Crabhammer|p2a: Dondozo
|-damage|p2a: Dondozo|54/100 tox
|move|p2a: Dondozo|Curse|p2a: Dondozo
|-unboost|p2a: Dondozo|spe|1
|-boost|p2a: Dondozo|atk|1
|-boost|p2a: Dondozo|def|1
|
|-heal|p2a: Dondozo|60/100 tox|[from] item: Leftovers
|-damage|p2a: Dondozo|42/100 tox|[from] psn
|upkeep
|turn|43
|
|t:|1776057956
|move|p1a: Gliscor|Crabhammer|p2a: Dondozo
|-damage|p2a: Dondozo|38/100 tox
|move|p2a: Dondozo|Body Press|p1a: Gliscor
|-resisted|p1a: Gliscor
|-damage|p1a: Gliscor|66/100 tox
|
|-heal|p1a: Gliscor|73/100 tox|[from] item: Leftovers
|-heal|p2a: Dondozo|44/100 tox|[from] item: Leftovers
|-heal|p1a: Gliscor|85/100 tox|[from] ability: Poison Heal
|-damage|p2a: Dondozo|19/100 tox|[from] psn
|upkeep
|turn|44
|
|t:|1776057973
|move|p1a: Gliscor|Crabhammer|p2a: Dondozo|[miss]
|-miss|p1a: Gliscor|p2a: Dondozo
|move|p2a: Dondozo|Rest|p2a: Dondozo
|-status|p2a: Dondozo|slp|[from] move: Rest
|-heal|p2a: Dondozo|100/100 slp|[silent]
|
|-heal|p1a: Gliscor|91/100 tox|[from] item: Leftovers
|-heal|p1a: Gliscor|100/100 tox|[from] ability: Poison Heal
|upkeep
|turn|45
|
|t:|1776057987
|switch|p1a: Deoxys|Deoxys-Speed|70/100
|-ability|p1a: Deoxys|Pressure
|switch|p2a: Meowscarada|Meowscarada, M, shiny|100/100
|
|upkeep
|turn|46
|
|t:|1776057999
|switch|p1a: Gliscor|Gliscor, F|100/100 tox
|move|p2a: Meowscarada|Sucker Punch||[still]
|-fail|p2a: Meowscarada
|
|upkeep
|turn|47
|
|t:|1776058023
|switch|p2a: Hatterene|Hatterene, F, shiny|29/100
|move|p1a: Gliscor|Toxic|p2a: Hatterene
|move|p2a: Hatterene|Toxic|p1a: Gliscor|[from] ability: Magic Bounce
|-fail|p1a: Gliscor|tox
|
|-heal|p2a: Hatterene|35/100|[from] item: Leftovers
|upkeep
|turn|48
|
|t:|1776058038
|move|p1a: Gliscor|Earthquake|p2a: Hatterene
|-damage|p2a: Hatterene|0 fnt
|faint|p2a: Hatterene
|
|upkeep
|
|t:|1776058044
|switch|p2a: Meowscarada|Meowscarada, M, shiny|100/100
|turn|49
|
|t:|1776058059
|move|p1a: Gliscor|Protect|p1a: Gliscor
|-singleturn|p1a: Gliscor|Protect
|move|p2a: Meowscarada|Knock Off|p1a: Gliscor
|-start|p2a: Meowscarada|typechange|Dark|[from] ability: Protean
|-activate|p1a: Gliscor|move: Protect
|
|upkeep
|turn|50
|
|t:|1776058079
|switch|p1a: Kommo-o|Kommo-o, F, tera:Steel|100/100
|move|p2a: Meowscarada|Knock Off|p1a: Kommo-o
|-damage|p1a: Kommo-o|41/100
|-enditem|p1a: Kommo-o|Punching Glove|[from] move: Knock Off|[of] p2a: Meowscarada
|
|upkeep
|turn|51
|
|t:|1776058107
|switch|p2a: Dondozo|Dondozo, F, shiny, tera:Fighting|100/100 slp
|move|p1a: Kommo-o|Drain Punch|p2a: Dondozo
|-damage|p2a: Dondozo|86/100 slp
|-heal|p1a: Kommo-o|54/100|[from] drain|[of] p2a: Dondozo
|
|-heal|p2a: Dondozo|92/100 slp|[from] item: Leftovers
|upkeep
|turn|52
|
|t:|1776058136
|switch|p1a: Deoxys|Deoxys-Speed|70/100
|-ability|p1a: Deoxys|Pressure
|cant|p2a: Dondozo|slp
|move|p2a: Dondozo|Sleep Talk|p2a: Dondozo
|move|p2a: Dondozo|Curse|p2a: Dondozo|[from] move: Sleep Talk
|-unboost|p2a: Dondozo|spe|1
|-boost|p2a: Dondozo|atk|1
|-boost|p2a: Dondozo|def|1
|
|-heal|p2a: Dondozo|98/100 slp|[from] item: Leftovers
|upkeep
|turn|53
|
|t:|1776058156
|switch|p2a: Ting-Lu|Ting-Lu, shiny|98/100
|-ability|p2a: Ting-Lu|Vessel of Ruin
|move|p1a: Deoxys|Ice Beam|p2a: Ting-Lu
|-supereffective|p2a: Ting-Lu
|-crit|p2a: Ting-Lu
|-damage|p2a: Ting-Lu|65/100
|
|-heal|p2a: Ting-Lu|71/100|[from] item: Leftovers
|upkeep
|turn|54
|
|t:|1776058185
|switch|p1a: Gliscor|Gliscor, F|100/100 tox
|move|p2a: Ting-Lu|Protect||[still]
|-fail|p2a: Ting-Lu
|
|-heal|p2a: Ting-Lu|78/100|[from] item: Leftovers
|upkeep
|turn|55
|
|t:|1776058217
|switch|p1a: Deoxys|Deoxys-Speed|70/100
|-ability|p1a: Deoxys|Pressure
|switch|p2a: Brambleghast|Brambleghast, F|51/100 tox
|
|-damage|p2a: Brambleghast|45/100 tox|[from] psn
|upkeep
|turn|56
|
|t:|1776058251
|switch|p2a: Dondozo|Dondozo, F, shiny, tera:Fighting|98/100 slp
|move|p1a: Deoxys|Ice Beam|p2a: Dondozo
|-damage|p2a: Dondozo|73/100 slp
|
|-heal|p2a: Dondozo|79/100 slp|[from] item: Leftovers
|upkeep
|turn|57
|
|t:|1776058260
|move|p1a: Deoxys|Psycho Boost|p2a: Dondozo
|-supereffective|p2a: Dondozo
|-damage|p2a: Dondozo|0 fnt
|-unboost|p1a: Deoxys|spa|2
|faint|p2a: Dondozo
|
|upkeep
|
|t:|1776058289
|switch|p2a: Meowscarada|Meowscarada, M, shiny|100/100
|turn|58
|
|t:|1776058300
|switch|p1a: Alomomola|Alomomola, M|56/100
|move|p2a: Meowscarada|Sucker Punch||[still]
|-fail|p2a: Meowscarada
|
|upkeep
|turn|59
|
|t:|1776058309
|switch|p2a: Blaziken|Blaziken, F|100/100
|move|p1a: Alomomola|Flip Turn|p2a: Blaziken
|-supereffective|p2a: Blaziken
|-damage|p2a: Blaziken|48/100
|
|t:|1776058323
|switch|p1a: Gliscor|Gliscor, F|100/100 tox|[from] Flip Turn
|
|upkeep
|turn|60
|
|t:|1776058359
|move|p2a: Blaziken|Swords Dance|p2a: Blaziken
|-boost|p2a: Blaziken|atk|2
|move|p1a: Gliscor|Toxic|p2a: Blaziken
|-status|p2a: Blaziken|tox
|
|-damage|p2a: Blaziken|42/100 tox|[from] psn
|-ability|p2a: Blaziken|Speed Boost|boost
|-boost|p2a: Blaziken|spe|1
|upkeep
|turn|61
|
|t:|1776058384
|switch|p2a: Meowscarada|Meowscarada, M, shiny|100/100
|move|p1a: Gliscor|Crabhammer|p2a: Meowscarada
|-resisted|p2a: Meowscarada
|-damage|p2a: Meowscarada|82/100
|
|upkeep
|turn|62
|
|t:|1776058395
|move|p1a: Gliscor|Protect|p1a: Gliscor
|-singleturn|p1a: Gliscor|Protect
|move|p2a: Meowscarada|Knock Off|p1a: Gliscor
|-start|p2a: Meowscarada|typechange|Dark|[from] ability: Protean
|-activate|p1a: Gliscor|move: Protect
|
|upkeep
|turn|63
|
|t:|1776058414
|switch|p2a: Blaziken|Blaziken, F|42/100 tox
|move|p1a: Gliscor|Toxic|p2a: Blaziken
|-fail|p2a: Blaziken|tox
|
|-damage|p2a: Blaziken|36/100 tox|[from] psn
|upkeep
|turn|64
|
|t:|1776058432
|move|p2a: Blaziken|Close Combat|p1a: Gliscor
|-resisted|p1a: Gliscor
|-damage|p1a: Gliscor|81/100 tox
|-unboost|p2a: Blaziken|def|1
|-unboost|p2a: Blaziken|spd|1
|move|p1a: Gliscor|Crabhammer|p2a: Blaziken
|-supereffective|p2a: Blaziken
|-damage|p2a: Blaziken|0 fnt
|faint|p2a: Blaziken
|
|-heal|p1a: Gliscor|87/100 tox|[from] item: Leftovers
|-heal|p1a: Gliscor|99/100 tox|[from] ability: Poison Heal
|upkeep
|c|☆solum888|gg
|
|t:|1776058452
|switch|p2a: Meowscarada|Meowscarada, M, shiny|82/100
|turn|65
|
|t:|1776058474
|move|p1a: Gliscor|Protect|p1a: Gliscor
|-singleturn|p1a: Gliscor|Protect
|move|p2a: Meowscarada|Knock Off|p1a: Gliscor
|-start|p2a: Meowscarada|typechange|Dark|[from] ability: Protean
|-activate|p1a: Gliscor|move: Protect
|
|-heal|p1a: Gliscor|100/100 tox|[from] item: Leftovers
|upkeep
|turn|66
|
|t:|1776058486
|move|p2a: Meowscarada|Knock Off|p1a: Gliscor
|-damage|p1a: Gliscor|55/100 tox
|-enditem|p1a: Gliscor|Leftovers|[from] move: Knock Off|[of] p2a: Meowscarada
|move|p1a: Gliscor|Toxic|p2a: Meowscarada
|-status|p2a: Meowscarada|tox
|
|-damage|p2a: Meowscarada|76/100 tox|[from] psn
|-heal|p1a: Gliscor|67/100 tox|[from] ability: Poison Heal
|upkeep
|turn|67
|
|t:|1776058500
|move|p2a: Meowscarada|Knock Off|p1a: Gliscor
|-damage|p1a: Gliscor|41/100 tox
|move|p1a: Gliscor|Earthquake|p2a: Meowscarada
|-damage|p2a: Meowscarada|25/100 tox
|
|-damage|p2a: Meowscarada|13/100 tox|[from] psn
|-heal|p1a: Gliscor|53/100 tox|[from] ability: Poison Heal
|upkeep
|turn|68
|
|t:|1776058513
|switch|p2a: Brambleghast|Brambleghast, F|45/100 tox
|move|p1a: Gliscor|Protect||[still]
|-fail|p1a: Gliscor
|
|-damage|p2a: Brambleghast|39/100 tox|[from] psn
|-heal|p1a: Gliscor|66/100 tox|[from] ability: Poison Heal
|upkeep
|turn|69
|
|t:|1776058538
|switch|p1a: Kommo-o|Kommo-o, F, tera:Steel|54/100
|move|p2a: Brambleghast|Strength Sap|p1a: Kommo-o
|-unboost|p1a: Kommo-o|atk|1
|-heal|p2a: Brambleghast|100/100 tox
|
|-damage|p2a: Brambleghast|88/100 tox|[from] psn
|upkeep
|turn|70
|
|t:|1776058558
|move|p2a: Brambleghast|Poltergeist||[still]
|-fail|p2a: Brambleghast
|move|p1a: Kommo-o|Throat Chop|p2a: Brambleghast
|-supereffective|p2a: Brambleghast
|-damage|p2a: Brambleghast|43/100 tox
|-start|p2a: Brambleghast|Throat Chop|[silent]
|
|-damage|p2a: Brambleghast|24/100 tox|[from] psn
|upkeep
|turn|71
|
|t:|1776058578
|move|p2a: Brambleghast|Poltergeist||[still]
|-fail|p2a: Brambleghast
|move|p1a: Kommo-o|Throat Chop|p2a: Brambleghast
|-supereffective|p2a: Brambleghast
|-damage|p2a: Brambleghast|0 fnt
|faint|p2a: Brambleghast
|
|upkeep
|
|t:|1776058591
|switch|p2a: Meowscarada|Meowscarada, M, shiny|13/100 tox
|turn|72
|
|t:|1776058600
|move|p2a: Meowscarada|Knock Off|p1a: Kommo-o
|-start|p2a: Meowscarada|typechange|Dark|[from] ability: Protean
|-damage|p1a: Kommo-o|11/100
|move|p1a: Kommo-o|Drain Punch|p2a: Meowscarada
|-supereffective|p2a: Meowscarada
|-damage|p2a: Meowscarada|0 fnt
|-heal|p1a: Kommo-o|18/100|[from] drain|[of] p2a: Meowscarada
|faint|p2a: Meowscarada
|
|upkeep
|
|t:|1776058609
|switch|p2a: Ting-Lu|Ting-Lu, shiny|78/100
|-ability|p2a: Ting-Lu|Vessel of Ruin
|turn|73
|
|t:|1776058616
|move|p1a: Kommo-o|Drain Punch|p2a: Ting-Lu
|-supereffective|p2a: Ting-Lu
|-damage|p2a: Ting-Lu|53/100
|-heal|p1a: Kommo-o|40/100|[from] drain|[of] p2a: Ting-Lu
|move|p2a: Ting-Lu|Earthquake|p1a: Kommo-o
|-supereffective|p1a: Kommo-o
|-damage|p1a: Kommo-o|0 fnt
|faint|p1a: Kommo-o
|
|-heal|p2a: Ting-Lu|59/100|[from] item: Leftovers
|upkeep
|
|t:|1776058628
|switch|p1a: Gliscor|Gliscor, F|66/100 tox
|turn|74
|
|t:|1776058643
|move|p1a: Gliscor|Toxic|p2a: Ting-Lu
|-status|p2a: Ting-Lu|tox
|move|p2a: Ting-Lu|Rock Slide|p1a: Gliscor
|-damage|p1a: Gliscor|54/100 tox
|
|-heal|p2a: Ting-Lu|65/100 tox|[from] item: Leftovers
|-heal|p1a: Gliscor|67/100 tox|[from] ability: Poison Heal
|-damage|p2a: Ting-Lu|59/100 tox|[from] psn
|upkeep
|turn|75
|
|t:|1776058656
|move|p1a: Gliscor|Crabhammer|p2a: Ting-Lu
|-supereffective|p2a: Ting-Lu
|-damage|p2a: Ting-Lu|36/100 tox
|move|p2a: Ting-Lu|Rock Slide|p1a: Gliscor
|-damage|p1a: Gliscor|56/100 tox
|
|-heal|p2a: Ting-Lu|42/100 tox|[from] item: Leftovers
|-heal|p1a: Gliscor|68/100 tox|[from] ability: Poison Heal
|-damage|p2a: Ting-Lu|29/100 tox|[from] psn
|upkeep
|turn|76
|
|t:|1776058668
|move|p1a: Gliscor|Crabhammer|p2a: Ting-Lu
|-supereffective|p2a: Ting-Lu
|-damage|p2a: Ting-Lu|7/100 tox
|move|p2a: Ting-Lu|Rock Slide|p1a: Gliscor
|-damage|p1a: Gliscor|57/100 tox
|
|-heal|p2a: Ting-Lu|13/100 tox|[from] item: Leftovers
|-heal|p1a: Gliscor|70/100 tox|[from] ability: Poison Heal
|-damage|p2a: Ting-Lu|0 fnt|[from] psn
|faint|p2a: Ting-Lu
|
|win|castillo919
|raw|castillo919's rating: 1076 &rarr; <strong>1104</strong><br />(+28 for winning)
|raw|solum888's rating: 1066 &rarr; <strong>1047</strong><br />(-19 for losing)
|l| ohko_smeargle
|c|☆solum888|gg
|l|☆solum888
|player|p2|
