|html|<div class="broadcast-blue"><strong>[Gen 9] OU is currently suspecting Volcarona! For information on how to participate check out the <a href="https://www.smogon.com/tools/suspects/view/208">suspect thread</a>.</strong></div>
|j|☆xp180
|j|☆karmasiren
|t:|1778507032
|gametype|singles
|player|p1|xp180|101|1592
|player|p2|karmasiren|skyla|1537
|gen|9
|tier|[Gen 9] OU
|rated|
|rule|HP Percentage Mod: HP is shown in percentages
|rule|Endless Battle Clause: Forcing endless battles is banned
|rule|Species Clause: Limit one of each Pokémon
|rule|OHKO Clause: OHKO moves are banned
|rule|Evasion Items Clause: Evasion items are banned
|rule|Evasion Moves Clause: Evasion moves are banned
|rule|Evasion Abilities Clause: Evasion abilities are banned
|rule|Sleep Moves Clause: Sleep-inducing moves are banned
|clearpoke
|poke|p1|Araquanid, M|
|poke|p1|Gholdengo|
|poke|p1|Raging Bolt|
|poke|p1|Iron Valiant|
|poke|p1|Ceruledge, F|
|poke|p1|Deoxys-Speed|
|poke|p2|Staraptor, F|
|poke|p2|Alomomola, F|
|poke|p2|Clodsire, F|
|poke|p2|Corviknight, M|
|poke|p2|Gliscor, F|
|poke|p2|Goodra-Hisui, F|
|teampreview
|inactive|Battle timer is ON: inactive players will automatically lose when time's up. (requested by karmasiren)
|
|t:|1778507040
|teamsize|p1|6
|teamsize|p2|6
|start
|switch|p1a: Araquanid|Araquanid, M|100/100
|switch|p2a: Staraptor|Staraptor, F|100/100
|turn|1
|
|t:|1778507056
|move|p2a: Staraptor|Brave Bird|p1a: Araquanid
|-supereffective|p1a: Araquanid
|-damage|p1a: Araquanid|0 fnt
|faint|p1a: Araquanid
|-damage|p2a: Staraptor|64/100|[from] Recoil
|
|upkeep
|
|t:|1778507060
|switch|p1a: Raging Bolt|Raging Bolt|100/100
|-enditem|p1a: Raging Bolt|Booster Energy
|-activate|p1a: Raging Bolt|ability: Protosynthesis|[fromitem]
|-start|p1a: Raging Bolt|protosynthesisspa
|turn|2
|
|t:|1778507066
|switch|p2a: Clodsire|Clodsire, F|100/100
|move|p1a: Raging Bolt|Calm Mind|p1a: Raging Bolt
|-boost|p1a: Raging Bolt|spa|1
|-boost|p1a: Raging Bolt|spd|1
|
|upkeep
|turn|3
|
|t:|1778507069
|move|p1a: Raging Bolt|Calm Mind|p1a: Raging Bolt
|-boost|p1a: Raging Bolt|spa|1
|-boost|p1a: Raging Bolt|spd|1
|move|p2a: Clodsire|Toxic|p1a: Raging Bolt
|-status|p1a: Raging Bolt|tox
|
|-damage|p1a: Raging Bolt|94/100 tox|[from] psn
|upkeep
|turn|4
|
|t:|1778507074
|move|p1a: Raging Bolt|Dragon Pulse|p2a: Clodsire
|-damage|p2a: Clodsire|71/100
|move|p2a: Clodsire|Stealth Rock|p1a: Raging Bolt
|-sidestart|p1: xp180|move: Stealth Rock
|
|-damage|p1a: Raging Bolt|82/100 tox|[from] psn
|upkeep
|turn|5
|
|t:|1778507081
|-end|p1a: Raging Bolt|Protosynthesis|[silent]
|switch|p1a: Gholdengo|Gholdengo|100/100
|-damage|p1a: Gholdengo|94/100|[from] Stealth Rock
|-item|p1a: Gholdengo|Air Balloon
|move|p2a: Clodsire|Recover|p2a: Clodsire
|-heal|p2a: Clodsire|100/100
|
|upkeep
|turn|6
|
|t:|1778507089
|switch|p2a: Staraptor|Staraptor, F|64/100
|move|p1a: Gholdengo|Nasty Plot|p1a: Gholdengo
|-boost|p1a: Gholdengo|spa|2
|
|upkeep
|turn|7
|
|t:|1778507093
|move|p2a: Staraptor|U-turn|p1a: Gholdengo
|-resisted|p1a: Gholdengo
|-damage|p1a: Gholdengo|85/100
|-enditem|p1a: Gholdengo|Air Balloon
|
|t:|1778507099
|switch|p2a: Clodsire|Clodsire, F|100/100|[from] U-turn
|move|p1a: Gholdengo|Shadow Ball|p2a: Clodsire
|-damage|p2a: Clodsire|74/100
|
|upkeep
|turn|8
|
|t:|1778507102
|-terastallize|p1a: Gholdengo|Flying
|move|p1a: Gholdengo|Make It Rain|p2a: Clodsire
|-damage|p2a: Clodsire|39/100
|-unboost|p1a: Gholdengo|spa|1
|move|p2a: Clodsire|Earthquake|p1a: Gholdengo
|-immune|p1a: Gholdengo
|
|upkeep
|turn|9
|
|t:|1778507112
|move|p1a: Gholdengo|Make It Rain|p2a: Clodsire
|-damage|p2a: Clodsire|0 fnt
|-unboost|p1a: Gholdengo|spa|1
|faint|p2a: Clodsire
|
|upkeep
|
|t:|1778507118
|switch|p2a: Staraptor|Staraptor, F|64/100
|turn|10
|
|t:|1778507130
|move|p2a: Staraptor|Brave Bird|p1a: Gholdengo
|-damage|p1a: Gholdengo|0 fnt
|faint|p1a: Gholdengo
|-damage|p2a: Staraptor|36/100|[from] Recoil
|
|upkeep
|
|t:|1778507138
|switch|p1a: Deoxys|Deoxys-Speed|100/100
|-damage|p1a: Deoxys|88/100|[from] Stealth Rock
|-ability|p1a: Deoxys|Pressure
|turn|11
|
|t:|1778507145
|switch|p2a: Corviknight|Corviknight, M|100/100
|-ability|p2a: Corviknight|Pressure
|move|p1a: Deoxys|Ice Beam|p2a: Corviknight
|-damage|p2a: Corviknight|64/100
|-damage|p1a: Deoxys|79/100|[from] item: Life Orb
|
|upkeep
|turn|12
|
|t:|1778507150
|switch|p1a: Ceruledge|Ceruledge, F|100/100
|-damage|p1a: Ceruledge|76/100|[from] Stealth Rock
|move|p2a: Corviknight|Roost|p2a: Corviknight
|-heal|p2a: Corviknight|100/100
|-singleturn|p2a: Corviknight|move: Roost
|
|upkeep
|turn|13
|
|t:|1778507154
|switch|p2a: Gliscor|Gliscor, F|100/100
|move|p1a: Ceruledge|Swords Dance|p1a: Ceruledge
|-boost|p1a: Ceruledge|atk|2
|
|-status|p2a: Gliscor|tox|[from] item: Toxic Orb
|upkeep
|turn|14
|
|t:|1778507165
|move|p1a: Ceruledge|Bitter Blade|p2a: Gliscor
|-damage|p2a: Gliscor|37/100 tox
|-heal|p1a: Ceruledge|100/100|[from] drain|[of] p2a: Gliscor
|move|p2a: Gliscor|Knock Off|p1a: Ceruledge
|-supereffective|p1a: Ceruledge
|-damage|p1a: Ceruledge|41/100
|-ability|p1a: Ceruledge|Weak Armor|boost
|-unboost|p1a: Ceruledge|def|1
|-boost|p1a: Ceruledge|spe|2
|-enditem|p1a: Ceruledge|Focus Sash|[from] move: Knock Off|[of] p2a: Gliscor
|
|-heal|p2a: Gliscor|49/100 tox|[from] ability: Poison Heal
|upkeep
|turn|15
|
|t:|1778507184
|move|p2a: Gliscor|Protect|p2a: Gliscor
|-singleturn|p2a: Gliscor|Protect
|move|p1a: Ceruledge|Bitter Blade|p2a: Gliscor
|-activate|p2a: Gliscor|move: Protect
|
|-heal|p2a: Gliscor|62/100 tox|[from] ability: Poison Heal
|upkeep
|turn|16
|
|t:|1778507192
|move|p1a: Ceruledge|Bitter Blade|p2a: Gliscor
|-damage|p2a: Gliscor|0 fnt
|-heal|p1a: Ceruledge|79/100|[from] drain|[of] p2a: Gliscor
|faint|p2a: Gliscor
|
|upkeep
|
|t:|1778507194
|switch|p2a: Staraptor|Staraptor, F|36/100
|turn|17
|
|t:|1778507202
|move|p1a: Ceruledge|Bitter Blade|p2a: Staraptor
|-damage|p2a: Staraptor|0 fnt
|-heal|p1a: Ceruledge|97/100|[from] drain|[of] p2a: Staraptor
|faint|p2a: Staraptor
|
|upkeep
|-message|karmasiren forfeited.
|
|win|xp180
|raw|xp180's rating: 1592 &rarr; <strong>1609</strong><br />(+17 for winning)
|raw|karmasiren's rating: 1537 &rarr; <strong>1520</strong><br />(-17 for losing)
|l|☆karmasiren
|player|p2|
|l|☆xp180
|player|p1|
