|html|<div class="broadcast-blue"><strong>[Gen 9] OU is currently suspecting Tera Blast! For information on how to participate check out the <a href="https://www.smogon.com/tools/suspects/view/200">suspect thread</a>.</strong></div>
|j|☆coslada rey
|j|☆kjojon
|t:|1776267498
|gametype|singles
|player|p1|coslada rey|ltsurge|1157
|player|p2|kjojon|brock|1167
|gen|9
|tier|[Gen 9] OU
|rated|
|rule|HP Percentage Mod: HP is shown in percentages
|rule|Endless Battle Clause: Forcing endless battles is banned
|rule|Species Clause: Limit one of each Pokémon
|rule|OHKO Clause: OHKO moves are banned
|rule|Evasion Items Clause: Evasion items are banned
|rule|Evasion Moves Clause: Evasion moves are banned
|rule|Evasion Abilities Clause: Evasion abilities are banned
|rule|Sleep Moves Clause: Sleep-inducing moves are banned
|clearpoke
|poke|p1|Great Tusk|
|poke|p1|Gliscor, F|
|poke|p1|Bisharp, M|
|poke|p1|Rotom-Wash|
|poke|p1|Heatran, F|
|poke|p1|Dragapult, F|
|poke|p2|Gardevoir, F|
|poke|p2|Cinderace, F|
|poke|p2|Duraludon, M|
|poke|p2|Hitmontop, M|
|poke|p2|Necrozma|
|poke|p2|Porygon-Z|
|teampreview
|
|t:|1776267508
|teamsize|p1|6
|teamsize|p2|6
|start
|switch|p1a: Great Tusk|Great Tusk|100/100
|switch|p2a: PoyPee|Porygon-Z, shiny|100/100
|-enditem|p1a: Great Tusk|Booster Energy
|-activate|p1a: Great Tusk|ability: Protosynthesis|[fromitem]
|-start|p1a: Great Tusk|protosynthesisdef
|turn|1
|
|t:|1776267516
|move|p2a: PoyPee|Ice Beam|p1a: Great Tusk
|-supereffective|p1a: Great Tusk
|-damage|p1a: Great Tusk|0 fnt
|faint|p1a: Great Tusk
|-end|p1a: Great Tusk|Protosynthesis|[silent]
|
|upkeep
|
|t:|1776267528
|switch|p1a: Heatran|Heatran, F|100/100
|-item|p1a: Heatran|Air Balloon
|turn|2
|
|t:|1776267535
|move|p2a: PoyPee|Tri Attack|p1a: Heatran
|-resisted|p1a: Heatran
|-damage|p1a: Heatran|82/100
|-status|p1a: Heatran|par
|-enditem|p1a: Heatran|Air Balloon
|move|p1a: Heatran|Magma Storm|p2a: PoyPee|[miss]
|-miss|p1a: Heatran|p2a: PoyPee
|
|upkeep
|turn|3
|
|t:|1776267546
|move|p2a: PoyPee|Nasty Plot|p2a: PoyPee
|-boost|p2a: PoyPee|spa|2
|move|p1a: Heatran|Magma Storm|p2a: PoyPee
|-damage|p2a: PoyPee|47/100
|-activate|p2a: PoyPee|move: Magma Storm|[of] p1a: Heatran
|
|-damage|p2a: PoyPee|35/100|[from] move: Magma Storm|[partiallytrapped]
|upkeep
|turn|4
|
|t:|1776267556
|move|p2a: PoyPee|Tri Attack|p1a: Heatran
|-resisted|p1a: Heatran
|-damage|p1a: Heatran|40/100 par
|move|p1a: Heatran|Taunt|p2a: PoyPee
|-start|p2a: PoyPee|move: Taunt
|
|-damage|p2a: PoyPee|23/100|[from] move: Magma Storm|[partiallytrapped]
|upkeep
|-enditem|p2a: PoyPee|Salac Berry|[eat]
|-boost|p2a: PoyPee|spe|1|[from] item: Salac Berry
|turn|5
|
|t:|1776267570
|move|p2a: PoyPee|Tri Attack|p1a: Heatran
|-resisted|p1a: Heatran
|-damage|p1a: Heatran|3/100 par
|move|p1a: Heatran|Earth Power|p2a: PoyPee
|-damage|p2a: PoyPee|0 fnt
|faint|p2a: PoyPee
|
|upkeep
|inactive|Battle timer is ON: inactive players will automatically lose when time's up. (requested by coslada rey)
|
|t:|1776267580
|switch|p2a: Garfiel|Hitmontop, M|100/100
|turn|6
|
|t:|1776267587
|move|p2a: Garfiel|Fake Out|p1a: Heatran
|-resisted|p1a: Heatran
|-damage|p1a: Heatran|0 fnt
|faint|p1a: Heatran
|
|upkeep
|
|t:|1776267596
|switch|p1a: Gliscor|Gliscor, F|100/100
|turn|7
|
|t:|1776267604
|move|p1a: Gliscor|Substitute|p1a: Gliscor
|-start|p1a: Gliscor|Substitute
|-damage|p1a: Gliscor|75/100
|move|p2a: Garfiel|Rapid Spin|p1a: Gliscor
|-activate|p1a: Gliscor|move: Substitute|[damage]
|-boost|p2a: Garfiel|spe|1
|
|-status|p1a: Gliscor|tox|[from] item: Toxic Orb
|upkeep
|turn|8
|
|t:|1776267613
|move|p2a: Garfiel|Rapid Spin|p1a: Gliscor
|-end|p1a: Gliscor|Substitute
|-boost|p2a: Garfiel|spe|1
|move|p1a: Gliscor|Toxic|p2a: Garfiel
|-status|p2a: Garfiel|tox
|
|-damage|p2a: Garfiel|94/100 tox|[from] psn
|-heal|p1a: Gliscor|88/100 tox|[from] ability: Poison Heal
|upkeep
|turn|9
|inactive|coslada rey has 120 seconds left.
|
|t:|1776267648
|move|p2a: Garfiel|Triple Axel|p1a: Gliscor
|-supereffective|p1a: Gliscor
|-damage|p1a: Gliscor|58/100 tox
|-supereffective|p1a: Gliscor
|-damage|p1a: Gliscor|10/100 tox
|-supereffective|p1a: Gliscor
|-damage|p1a: Gliscor|0 fnt
|faint|p1a: Gliscor
|-hitcount|p1: Gliscor|3
|
|-damage|p2a: Garfiel|82/100 tox|[from] psn
|upkeep
|inactive|coslada rey has 120 seconds left.
|
|t:|1776267661
|switch|p1a: Bisharp|Bisharp, M|100/100
|turn|10
|
|t:|1776267667
|-terastallize|p1a: Bisharp|Ghost
|move|p2a: Garfiel|Mach Punch|p1a: Bisharp
|-immune|p1a: Bisharp
|move|p1a: Bisharp|Swords Dance|p1a: Bisharp
|-boost|p1a: Bisharp|atk|2
|
|-damage|p2a: Garfiel|64/100 tox|[from] psn
|upkeep
|turn|11
|
|t:|1776267679
|move|p2a: Garfiel|Triple Axel|p1a: Bisharp
|-damage|p1a: Bisharp|92/100
|-damage|p1a: Bisharp|75/100
|-damage|p1a: Bisharp|48/100
|-hitcount|p1a: Bisharp|3
|move|p1a: Bisharp|Swords Dance|p1a: Bisharp
|-boost|p1a: Bisharp|atk|2
|
|-damage|p2a: Garfiel|39/100 tox|[from] psn
|upkeep
|turn|12
|
|t:|1776267692
|move|p1a: Bisharp|Sucker Punch|p2a: Garfiel
|-resisted|p2a: Garfiel
|-damage|p2a: Garfiel|0 fnt
|faint|p2a: Garfiel
|
|upkeep
|
|t:|1776267699
|switch|p2a: Joao|Cinderace, F, shiny|100/100
|turn|13
|
|t:|1776267708
|move|p2a: Joao|Sucker Punch|p1a: Bisharp
|-start|p2a: Joao|typechange|Dark|[from] ability: Libero
|-supereffective|p1a: Bisharp
|-damage|p1a: Bisharp|0 fnt
|faint|p1a: Bisharp
|
|upkeep
|
|t:|1776267715
|switch|p1a: Rotom|Rotom-Wash|100/100
|turn|14
|
|t:|1776267721
|switch|p2a: R-Pyrite|Necrozma, shiny|100/100
|move|p1a: Rotom|Hydro Pump|p2a: R-Pyrite
|-damage|p2a: R-Pyrite|55/100
|
|upkeep
|turn|15
|
|t:|1776267739
|move|p2a: R-Pyrite|Dragon Dance|p2a: R-Pyrite
|-boost|p2a: R-Pyrite|atk|1
|-boost|p2a: R-Pyrite|spe|1
|move|p1a: Rotom|Volt Switch|p2a: R-Pyrite
|-damage|p2a: R-Pyrite|28/100
|
|t:|1776267750
|switch|p1a: Dragapult|Dragapult, F|100/100|[from] Volt Switch
|
|upkeep
|turn|16
|
|t:|1776267779
|-terastallize|p2a: R-Pyrite|Normal
|move|p1a: Dragapult|Shadow Ball|p2a: R-Pyrite
|-immune|p2a: R-Pyrite
|move|p2a: R-Pyrite|Dragon Dance|p2a: R-Pyrite
|-boost|p2a: R-Pyrite|atk|1
|-boost|p2a: R-Pyrite|spe|1
|
|upkeep
|turn|17
|
|t:|1776267789
|switch|p1a: Rotom|Rotom-Wash|100/100
|move|p2a: R-Pyrite|Shadow Claw|p1a: Rotom
|-damage|p1a: Rotom|62/100
|
|upkeep
|turn|18
|
|t:|1776267795
|move|p2a: R-Pyrite|Photon Geyser|p1a: Rotom
|-damage|p1a: Rotom|0 fnt
|faint|p1a: Rotom
|
|upkeep
|
|t:|1776267801
|switch|p1a: Dragapult|Dragapult, F|100/100
|turn|19
|
|t:|1776267809
|move|p2a: R-Pyrite|Shadow Claw|p1a: Dragapult
|-supereffective|p1a: Dragapult
|-damage|p1a: Dragapult|0 fnt
|faint|p1a: Dragapult
|
|win|kjojon
|raw|coslada rey's rating: 1157 &rarr; <strong>1133</strong><br />(-24 for losing)
|raw|kjojon's rating: 1167 &rarr; <strong>1191</strong><br />(+24 for winning)
|c|☆kjojon|gg's
