|html|<div class="broadcast-blue"><strong>[Gen 9] OU is currently suspecting Tera Blast! For information on how to participate check out the <a href="https://www.smogon.com/tools/suspects/view/200">suspect thread</a>.</strong></div>
|j|☆bsmcreeper
|j|☆arnoldtheseventh
|t:|1776103501
|gametype|singles
|player|p1|bsmcreeper|169|1496
|player|p2|arnoldtheseventh|cynthia-masters4|1491
|gen|9
|tier|[Gen 9] OU
|rated|
|rule|HP Percentage Mod: HP is shown in percentages
|rule|Endless Battle Clause: Forcing endless battles is banned
|rule|Species Clause: Limit one of each Pokémon
|rule|OHKO Clause: OHKO moves are banned
|rule|Evasion Items Clause: Evasion items are banned
|rule|Evasion Moves Clause: Evasion moves are banned
|rule|Evasion Abilities Clause: Evasion abilities are banned
|rule|Sleep Moves Clause: Sleep-inducing moves are banned
|clearpoke
|poke|p1|Zamazenta-*|
|poke|p1|Ceruledge, F|
|poke|p1|Corviknight, F|
|poke|p1|Slowking-Galar, M|
|poke|p1|Raging Bolt|
|poke|p1|Meowscarada, M|
|poke|p2|Kingambit, F|
|poke|p2|Raging Bolt|
|poke|p2|Tornadus-Therian, M|
|poke|p2|Iron Valiant|
|poke|p2|Great Tusk|
|poke|p2|Gholdengo|
|teampreview
|inactive|Battle timer is ON: inactive players will automatically lose when time's up. (requested by arnoldtheseventh)
|
|t:|1776103532
|teamsize|p1|6
|teamsize|p2|6
|start
|switch|p1a: Meowscarada|Meowscarada, M|100/100
|switch|p2a: Kākāpō?|Tornadus-Therian, M, shiny|100/100
|turn|1
|
|t:|1776103540
|switch|p2a: The Queen|Kingambit, F, shiny|100/100
|-item|p2a: The Queen|Air Balloon
|move|p1a: Meowscarada|Triple Axel|p2a: The Queen
|-start|p1a: Meowscarada|typechange|Ice|[from] ability: Protean
|-resisted|p2a: The Queen
|-damage|p2a: The Queen|97/100
|-enditem|p2a: The Queen|Air Balloon
|-hitcount|p2a: The Queen|1
|
|upkeep
|turn|2
|
|t:|1776103557
|move|p1a: Meowscarada|U-turn|p2a: The Queen
|-damage|p2a: The Queen|82/100
|
|t:|1776103562
|switch|p1a: Corviknight|Corviknight, F|100/100|[from] U-turn
|-ability|p1a: Corviknight|Pressure
|move|p2a: The Queen|Iron Head|p1a: Corviknight
|-resisted|p1a: Corviknight
|-damage|p1a: Corviknight|86/100
|-damage|p2a: The Queen|65/100|[from] item: Rocky Helmet|[of] p1a: Corviknight
|
|upkeep
|turn|3
|
|t:|1776103568
|-end|p2a: The Queen|fallenundefined|[silent]
|switch|p2a: Aegislash part 2|Gholdengo|100/100
|move|p1a: Corviknight|U-turn|p2a: Aegislash part 2
|-resisted|p2a: Aegislash part 2
|-damage|p2a: Aegislash part 2|97/100
|
|t:|1776103577
|switch|p1a: Zamazenta|Zamazenta|100/100|[from] U-turn
|-ability|p1a: Zamazenta|Dauntless Shield|boost
|-boost|p1a: Zamazenta|def|1
|
|upkeep
|turn|4
|
|t:|1776103583
|move|p1a: Zamazenta|Crunch|p2a: Aegislash part 2
|-supereffective|p2a: Aegislash part 2
|-damage|p2a: Aegislash part 2|17/100
|move|p2a: Aegislash part 2|Nasty Plot|p2a: Aegislash part 2
|-boost|p2a: Aegislash part 2|spa|2
|
|upkeep
|turn|5
|c|☆arnoldtheseventh|what.
|c|☆arnoldtheseventh|80????????????
|c|☆arnoldtheseventh|how the fuck did it do 80
|c|☆bsmcreeper|big dog
|inactive|arnoldtheseventh has 120 seconds left.
|c|☆arnoldtheseventh|banded adamant max attack highroll???
|c|☆arnoldtheseventh|like what
|
|t:|1776103629
|switch|p2a: Donphan (old)|Great Tusk|100/100
|move|p1a: Zamazenta|Crunch|p2a: Donphan (old)
|-resisted|p2a: Donphan (old)
|-damage|p2a: Donphan (old)|88/100
|-damage|p1a: Zamazenta|84/100|[from] item: Rocky Helmet|[of] p2a: Donphan (old)
|
|upkeep
|turn|6
|c|☆bsmcreeper|something of the sort
|
|t:|1776103636
|switch|p1a: Corviknight|Corviknight, F|86/100
|-ability|p1a: Corviknight|Pressure
|move|p2a: Donphan (old)|Stealth Rock|p1a: Corviknight
|-sidestart|p1: bsmcreeper|move: Stealth Rock
|
|upkeep
|turn|7
|
|t:|1776103643
|-end|p2a: Donphan (old)|Protosynthesis|[silent]
|switch|p2a: Kākāpō?|Tornadus-Therian, M, shiny|100/100
|move|p1a: Corviknight|Brave Bird|p2a: Kākāpō?
|-damage|p2a: Kākāpō?|61/100
|-damage|p1a: Corviknight|74/100|[from] Recoil
|
|upkeep
|turn|8
|
|t:|1776103648
|switch|p1a: Slowking|Slowking-Galar, M|100/100
|move|p2a: Kākāpō?|U-turn|p1a: Slowking
|-damage|p1a: Slowking|86/100
|
|t:|1776103651
|switch|p2a: Aegislash part 2|Gholdengo|17/100|[from] U-turn
|
|upkeep
|turn|9
|
|t:|1776103659
|switch|p1a: Zamazenta|Zamazenta|84/100
|-damage|p1a: Zamazenta|78/100|[from] Stealth Rock
|move|p2a: Aegislash part 2|Recover|p2a: Aegislash part 2
|-heal|p2a: Aegislash part 2|67/100
|
|upkeep
|turn|10
|
|t:|1776103668
|switch|p1a: Corviknight|Corviknight, F|74/100
|-damage|p1a: Corviknight|62/100|[from] Stealth Rock
|-ability|p1a: Corviknight|Pressure
|switch|p2a: Donphan (old)|Great Tusk|88/100
|
|upkeep
|turn|11
|
|t:|1776103674
|-end|p2a: Donphan (old)|Protosynthesis|[silent]
|switch|p2a: Kākāpō?|Tornadus-Therian, M, shiny|94/100
|move|p1a: Corviknight|Defog|p2a: Kākāpō?
|-unboost|p2a: Kākāpō?|evasion|1
|-sideend|p1: bsmcreeper|Stealth Rock|[from] move: Defog|[of] p1a: Corviknight
|
|upkeep
|turn|12
|
|t:|1776103678
|move|p2a: Kākāpō?|Heat Wave|p1a: Corviknight
|-supereffective|p1a: Corviknight
|-damage|p1a: Corviknight|15/100
|move|p1a: Corviknight|Roost|p1a: Corviknight
|-heal|p1a: Corviknight|65/100
|-singleturn|p1a: Corviknight|move: Roost
|
|upkeep
|turn|13
|
|t:|1776103685
|move|p2a: Kākāpō?|Heat Wave|p1a: Corviknight
|-supereffective|p1a: Corviknight
|-damage|p1a: Corviknight|22/100
|move|p1a: Corviknight|Roost|p1a: Corviknight
|-heal|p1a: Corviknight|72/100
|-singleturn|p1a: Corviknight|move: Roost
|
|upkeep
|turn|14
|
|t:|1776103690
|move|p2a: Kākāpō?|U-turn|p1a: Corviknight
|-resisted|p1a: Corviknight
|-damage|p1a: Corviknight|70/100
|-damage|p2a: Kākāpō?|78/100|[from] item: Rocky Helmet|[of] p1a: Corviknight
|
|t:|1776103691
|switch|p2a: Aegislash part 2|Gholdengo|67/100|[from] U-turn
|move|p1a: Corviknight|Roost|p1a: Corviknight
|-heal|p1a: Corviknight|100/100
|-singleturn|p1a: Corviknight|move: Roost
|
|upkeep
|turn|15
|
|t:|1776103697
|move|p2a: Aegislash part 2|Shadow Ball|p1a: Corviknight
|-crit|p1a: Corviknight
|-damage|p1a: Corviknight|37/100
|move|p1a: Corviknight|U-turn|p2a: Aegislash part 2
|-resisted|p2a: Aegislash part 2
|-damage|p2a: Aegislash part 2|63/100
|
|t:|1776103718
|switch|p1a: Meowscarada|Meowscarada, M|100/100|[from] U-turn
|
|upkeep
|turn|16
|
|t:|1776103724
|switch|p2a: The Queen|Kingambit, F, shiny|65/100
|move|p1a: Meowscarada|U-turn|p2a: The Queen
|-start|p1a: Meowscarada|typechange|Bug|[from] ability: Protean
|-damage|p2a: The Queen|42/100
|
|t:|1776103734
|switch|p1a: Corviknight|Corviknight, F|37/100|[from] U-turn
|-ability|p1a: Corviknight|Pressure
|
|upkeep
|turn|17
|
|t:|1776103743
|move|p1a: Corviknight|Roost|p1a: Corviknight
|-heal|p1a: Corviknight|87/100
|-singleturn|p1a: Corviknight|move: Roost
|move|p2a: The Queen|Kowtow Cleave|p1a: Corviknight
|-damage|p1a: Corviknight|57/100
|-damage|p2a: The Queen|26/100|[from] item: Rocky Helmet|[of] p1a: Corviknight
|
|upkeep
|turn|18
|
|t:|1776103747
|-end|p2a: The Queen|fallenundefined|[silent]
|switch|p2a: Aegislash part 2|Gholdengo|63/100
|move|p1a: Corviknight|Roost|p1a: Corviknight
|-heal|p1a: Corviknight|100/100
|-singleturn|p1a: Corviknight|move: Roost
|
|upkeep
|turn|19
|
|t:|1776103752
|move|p2a: Aegislash part 2|Recover|p2a: Aegislash part 2
|-heal|p2a: Aegislash part 2|100/100
|move|p1a: Corviknight|U-turn|p2a: Aegislash part 2
|-resisted|p2a: Aegislash part 2
|-damage|p2a: Aegislash part 2|97/100
|
|t:|1776103766
|switch|p1a: Zamazenta|Zamazenta|78/100|[from] U-turn
|
|upkeep
|turn|20
|
|t:|1776103776
|switch|p2a: Donphan (old)|Great Tusk|88/100
|move|p1a: Zamazenta|Crunch|p2a: Donphan (old)
|-resisted|p2a: Donphan (old)
|-damage|p2a: Donphan (old)|75/100
|-damage|p1a: Zamazenta|61/100|[from] item: Rocky Helmet|[of] p2a: Donphan (old)
|
|upkeep
|turn|21
|
|t:|1776103782
|switch|p1a: Meowscarada|Meowscarada, M|100/100
|move|p2a: Donphan (old)|Stealth Rock|p1a: Meowscarada
|-sidestart|p1: bsmcreeper|move: Stealth Rock
|
|upkeep
|turn|22
|
|t:|1776103796
|-end|p2a: Donphan (old)|Protosynthesis|[silent]
|switch|p2a: The Queen|Kingambit, F, shiny|26/100
|move|p1a: Meowscarada|Flower Trick|p2a: The Queen
|-start|p1a: Meowscarada|typechange|Grass|[from] ability: Protean
|-resisted|p2a: The Queen
|-crit|p2a: The Queen
|-damage|p2a: The Queen|7/100
|
|upkeep
|turn|23
|
|t:|1776103808
|move|p2a: The Queen|Sucker Punch|p1a: Meowscarada
|-damage|p1a: Meowscarada|36/100
|move|p1a: Meowscarada|Flower Trick|p2a: The Queen
|-resisted|p2a: The Queen
|-crit|p2a: The Queen
|-damage|p2a: The Queen|0 fnt
|faint|p2a: The Queen
|-end|p2a: The Queen|fallenundefined|[silent]
|
|upkeep
|
|t:|1776103815
|switch|p2a: Kākāpō?|Tornadus-Therian, M, shiny|100/100
|turn|24
|
|t:|1776103819
|move|p1a: Meowscarada|Triple Axel|p2a: Kākāpō?
|-supereffective|p2a: Kākāpō?
|-damage|p2a: Kākāpō?|84/100
|-supereffective|p2a: Kākāpō?
|-damage|p2a: Kākāpō?|48/100
|-supereffective|p2a: Kākāpō?
|-damage|p2a: Kākāpō?|0 fnt
|faint|p2a: Kākāpō?
|-hitcount|p2: Kākāpō?|3
|
|upkeep
|c|☆arnoldtheseventh|oh
|c|☆arnoldtheseventh|thought meow is usually choiced
|
|t:|1776103839
|switch|p2a: Donphan (old)|Great Tusk|75/100
|turn|25
|c|☆bsmcreeper|expert belt
|
|t:|1776103851
|move|p1a: Meowscarada|Flower Trick|p2a: Donphan (old)
|-supereffective|p2a: Donphan (old)
|-crit|p2a: Donphan (old)
|-damage|p2a: Donphan (old)|5/100
|move|p2a: Donphan (old)|Rapid Spin|p1a: Meowscarada
|-damage|p1a: Meowscarada|11/100
|-boost|p2a: Donphan (old)|spe|1
|
|upkeep
|turn|26
|
|t:|1776103860
|move|p1a: Meowscarada|Sucker Punch|p2a: Donphan (old)
|-resisted|p2a: Donphan (old)
|-damage|p2a: Donphan (old)|0 fnt
|-damage|p1a: Meowscarada|0 fnt|[from] item: Rocky Helmet|[of] p2a: Donphan (old)
|faint|p2a: Donphan (old)
|-end|p2a: Donphan (old)|Protosynthesis|[silent]
|faint|p1a: Meowscarada
|
|upkeep
|c|☆arnoldtheseventh|expert belt is crazy
|
|t:|1776103884
|switch|p1a: Slowking|Slowking-Galar, M|100/100
|switch|p2a: Long Neck Tiger|Raging Bolt|100/100
|-enditem|p2a: Long Neck Tiger|Booster Energy
|-activate|p2a: Long Neck Tiger|ability: Protosynthesis|[fromitem]
|-start|p2a: Long Neck Tiger|protosynthesisspa
|turn|27
|
|t:|1776103893
|move|p2a: Long Neck Tiger|Calm Mind|p2a: Long Neck Tiger
|-boost|p2a: Long Neck Tiger|spa|1
|-boost|p2a: Long Neck Tiger|spd|1
|-prepare|p1a: Slowking|Chilly Reception|[premajor]
|move|p1a: Slowking|Chilly Reception|p1a: Slowking
|-weather|Snowscape
|
|t:|1776103916
|switch|p1a: Raging Bolt|Raging Bolt|100/100|[from] Chilly Reception
|-damage|p1a: Raging Bolt|88/100|[from] Stealth Rock
|-enditem|p1a: Raging Bolt|Booster Energy
|-activate|p1a: Raging Bolt|ability: Protosynthesis|[fromitem]
|-start|p1a: Raging Bolt|protosynthesisspa
|
|-weather|Snowscape|[upkeep]
|upkeep
|turn|28
|
|t:|1776103923
|-terastallize|p1a: Raging Bolt|Ground
|move|p2a: Long Neck Tiger|Dragon Pulse|p1a: Raging Bolt
|-damage|p1a: Raging Bolt|11/100
|move|p1a: Raging Bolt|Tera Blast|p2a: Long Neck Tiger|[anim] Tera Blast Ground
|-supereffective|p2a: Long Neck Tiger
|-damage|p2a: Long Neck Tiger|31/100
|
|-weather|Snowscape|[upkeep]
|upkeep
|turn|29
|
|t:|1776103934
|move|p1a: Raging Bolt|Thunderclap|p2a: Long Neck Tiger
|-resisted|p2a: Long Neck Tiger
|-damage|p2a: Long Neck Tiger|23/100
|move|p2a: Long Neck Tiger|Dragon Pulse|p1a: Raging Bolt
|-damage|p1a: Raging Bolt|0 fnt
|faint|p1a: Raging Bolt
|-end|p1a: Raging Bolt|Protosynthesis|[silent]
|
|-weather|Snowscape|[upkeep]
|upkeep
|
|t:|1776103943
|switch|p1a: Corviknight|Corviknight, F|100/100
|-damage|p1a: Corviknight|88/100|[from] Stealth Rock
|-ability|p1a: Corviknight|Pressure
|turn|30
|
|t:|1776103949
|move|p2a: Long Neck Tiger|Thunderbolt|p1a: Corviknight
|-supereffective|p1a: Corviknight
|-damage|p1a: Corviknight|0 fnt
|faint|p1a: Corviknight
|
|-weather|Snowscape|[upkeep]
|upkeep
|
|t:|1776103955
|switch|p1a: Ceruledge|Ceruledge, F|100/100
|-damage|p1a: Ceruledge|75/100|[from] Stealth Rock
|turn|31
|
|t:|1776103961
|move|p1a: Ceruledge|Shadow Sneak|p2a: Long Neck Tiger
|-damage|p2a: Long Neck Tiger|5/100
|move|p2a: Long Neck Tiger|Thunderbolt|p1a: Ceruledge
|-crit|p1a: Ceruledge
|-damage|p1a: Ceruledge|0 fnt
|faint|p1a: Ceruledge
|
|-weather|none
|upkeep
|
|t:|1776103965
|switch|p1a: Zamazenta|Zamazenta|61/100
|-damage|p1a: Zamazenta|55/100|[from] Stealth Rock
|turn|32
|
|t:|1776103967
|move|p2a: Long Neck Tiger|Thunderclap|p1a: Zamazenta
|-damage|p1a: Zamazenta|0 fnt
|faint|p1a: Zamazenta
|
|upkeep
|-message|bsmcreeper forfeited.
|
|win|arnoldtheseventh
|raw|bsmcreeper's rating: 1496 &rarr; <strong>1476</strong><br />(-20 for losing)
|raw|arnoldtheseventh's rating: 1491 &rarr; <strong>1511</strong><br />(+20 for winning)
|l|☆bsmcreeper
|player|p1|
|c|☆arnoldtheseventh|w bolt
