|html|<div class="broadcast-blue"><strong>[Gen 9] OU is currently suspecting Tera Blast! For information on how to participate check out the <a href="https://www.smogon.com/tools/suspects/view/200">suspect thread</a>.</strong></div>
|j|☆Dov Aloof
|j|☆infectious melody
|t:|1776276904
|gametype|singles
|player|p1|Dov Aloof|2|1609
|player|p2|infectious melody|miku-flying|1584
|gen|9
|tier|[Gen 9] OU
|rated|
|rule|HP Percentage Mod: HP is shown in percentages
|rule|Endless Battle Clause: Forcing endless battles is banned
|rule|Species Clause: Limit one of each Pokémon
|rule|OHKO Clause: OHKO moves are banned
|rule|Evasion Items Clause: Evasion items are banned
|rule|Evasion Moves Clause: Evasion moves are banned
|rule|Evasion Abilities Clause: Evasion abilities are banned
|rule|Sleep Moves Clause: Sleep-inducing moves are banned
|clearpoke
|poke|p1|Mew|
|poke|p1|Kingambit, F|
|poke|p1|Hoopa-Unbound|
|poke|p1|Hatterene, F|
|poke|p1|Vaporeon, M|
|poke|p1|Revavroom, M|
|poke|p2|Kyurem|
|poke|p2|Slowking-Galar, F|
|poke|p2|Ogerpon-Wellspring, F|
|poke|p2|Great Tusk|
|poke|p2|Alomomola, M|
|poke|p2|Lokix, M|
|teampreview
|inactive|Battle timer is ON: inactive players will automatically lose when time's up. (requested by Dov Aloof)
|j| I registered this
|
|t:|1776276930
|teamsize|p1|6
|teamsize|p2|6
|start
|switch|p1a: PROGENITOR|Mew|100/100
|switch|p2a: Lokix|Lokix, M|100/100
|turn|1
|
|t:|1776276940
|move|p1a: PROGENITOR|Stealth Rock|p2a: Lokix
|-sidestart|p2: infectious melody|move: Stealth Rock
|move|p2a: Lokix|U-turn|p1a: PROGENITOR
|-supereffective|p1a: PROGENITOR
|-damage|p1a: PROGENITOR|11/100
|
|t:|1776276950
|switch|p2a: Ogerpon|Ogerpon-Wellspring, F|100/100|[from] U-turn
|-damage|p2a: Ogerpon|88/100|[from] Stealth Rock
|
|upkeep
|turn|2
|
|t:|1776276957
|switch|p1a: PLEASE DONT|Hatterene, F|100/100
|move|p2a: Ogerpon|Knock Off|p1a: PLEASE DONT
|-crit|p1a: PLEASE DONT
|-damage|p1a: PLEASE DONT|50/100
|-enditem|p1a: PLEASE DONT|Leftovers|[from] move: Knock Off|[of] p2a: Ogerpon
|
|upkeep
|turn|3
|j| samurajen
|
|t:|1776276962
|move|p2a: Ogerpon|Ivy Cudgel|p1a: PLEASE DONT|[anim] Ivy Cudgel Water
|-damage|p1a: PLEASE DONT|0 fnt
|faint|p1a: PLEASE DONT
|
|upkeep
|
|t:|1776276967
|switch|p1a: PERFECT SPIN|Revavroom, M|100/100
|-item|p1a: PERFECT SPIN|Air Balloon
|turn|4
|
|t:|1776276975
|switch|p2a: Great Tusk|Great Tusk|100/100
|move|p1a: PERFECT SPIN|Shift Gear|p1a: PERFECT SPIN
|-boost|p1a: PERFECT SPIN|spe|2
|-boost|p1a: PERFECT SPIN|atk|1
|
|upkeep
|turn|5
|
|t:|1776276981
|move|p1a: PERFECT SPIN|Iron Head|p2a: Great Tusk
|-damage|p2a: Great Tusk|55/100
|move|p2a: Great Tusk|Rapid Spin|p1a: PERFECT SPIN
|-resisted|p1a: PERFECT SPIN
|-damage|p1a: PERFECT SPIN|90/100
|-boost|p2a: Great Tusk|spe|1
|-enditem|p1a: PERFECT SPIN|Air Balloon
|-sideend|p2: infectious melody|Stealth Rock|[from] move: Rapid Spin|[of] p2a: Great Tusk
|
|upkeep
|turn|6
|
|t:|1776276986
|move|p1a: PERFECT SPIN|Iron Head|p2a: Great Tusk
|-damage|p2a: Great Tusk|14/100
|cant|p2a: Great Tusk|flinch
|
|upkeep
|turn|7
|
|t:|1776276994
|move|p1a: PERFECT SPIN|High Horsepower|p2a: Great Tusk
|-damage|p2a: Great Tusk|0 fnt
|faint|p2a: Great Tusk
|-end|p2a: Great Tusk|Protosynthesis|[silent]
|
|upkeep
|
|t:|1776277002
|switch|p2a: Alomomola|Alomomola, M|100/100
|turn|8
|
|t:|1776277004
|move|p1a: PERFECT SPIN|High Horsepower|p2a: Alomomola
|-damage|p2a: Alomomola|71/100
|-enditem|p2a: Alomomola|Eject Button
|
|t:|1776277007
|switch|p2a: Slowking|Slowking-Galar, F|100/100
|
|upkeep
|turn|9
|j| rexa2
|
|t:|1776277011
|switch|p2a: Alomomola|Alomomola, M|100/100
|move|p1a: PERFECT SPIN|Shift Gear|p1a: PERFECT SPIN
|-boost|p1a: PERFECT SPIN|spe|2
|-boost|p1a: PERFECT SPIN|atk|1
|
|upkeep
|turn|10
|
|t:|1776277013
|move|p1a: PERFECT SPIN|High Horsepower|p2a: Alomomola
|-damage|p2a: Alomomola|64/100
|move|p2a: Alomomola|Tickle|p1a: PERFECT SPIN
|-unboost|p1a: PERFECT SPIN|atk|1
|-unboost|p1a: PERFECT SPIN|def|1
|
|upkeep
|turn|11
|
|t:|1776277016
|move|p1a: PERFECT SPIN|High Horsepower|p2a: Alomomola
|-crit|p2a: Alomomola
|-damage|p2a: Alomomola|20/100
|move|p2a: Alomomola|Tickle|p1a: PERFECT SPIN
|-unboost|p1a: PERFECT SPIN|atk|1
|-unboost|p1a: PERFECT SPIN|def|1
|
|upkeep
|turn|12
|
|t:|1776277024
|move|p1a: PERFECT SPIN|Shift Gear|p1a: PERFECT SPIN
|-boost|p1a: PERFECT SPIN|spe|2
|-boost|p1a: PERFECT SPIN|atk|1
|move|p2a: Alomomola|Flip Turn|p1a: PERFECT SPIN
|-damage|p1a: PERFECT SPIN|51/100
|
|t:|1776277031
|switch|p2a: Lokix|Lokix, M|100/100|[from] Flip Turn
|
|upkeep
|turn|13
|j| 0RickMountStrong
|
|t:|1776277035
|move|p2a: Lokix|First Impression|p1a: PERFECT SPIN
|-resisted|p1a: PERFECT SPIN
|-damage|p1a: PERFECT SPIN|0 fnt
|faint|p1a: PERFECT SPIN
|
|upkeep
|
|t:|1776277037
|switch|p1a: PROGENITOR|Mew|11/100
|turn|14
|
|t:|1776277049
|switch|p2a: Kyurem|Kyurem|100/100
|-ability|p2a: Kyurem|Pressure
|move|p1a: PROGENITOR|Stealth Rock|p2a: Kyurem
|-sidestart|p2: infectious melody|move: Stealth Rock
|
|upkeep
|turn|15
|
|t:|1776277052
|move|p1a: PROGENITOR|Misty Explosion|p2a: Kyurem
|-supereffective|p2a: Kyurem
|-damage|p2a: Kyurem|58/100
|faint|p1a: PROGENITOR
|move|p2a: Kyurem|Substitute|p2a: Kyurem
|-start|p2a: Kyurem|Substitute
|-damage|p2a: Kyurem|33/100
|
|-heal|p2a: Kyurem|40/100|[from] item: Leftovers
|upkeep
|
|t:|1776277058
|switch|p1a: LOUD|Hoopa-Unbound|100/100
|turn|16
|
|t:|1776277070
|move|p1a: LOUD|Dark Pulse|p2a: Kyurem
|-end|p2a: Kyurem|Substitute
|move|p2a: Kyurem|Freeze-Dry|p1a: LOUD
|-damage|p1a: LOUD|68/100
|
|-heal|p2a: Kyurem|46/100|[from] item: Leftovers
|upkeep
|turn|17
|
|t:|1776277078
|move|p2a: Kyurem|Protect|p2a: Kyurem
|-singleturn|p2a: Kyurem|Protect
|move|p1a: LOUD|Dark Pulse|p2a: Kyurem
|-activate|p2a: Kyurem|move: Protect
|
|-heal|p2a: Kyurem|52/100|[from] item: Leftovers
|upkeep
|turn|18
|
|t:|1776277085
|move|p1a: LOUD|Dark Pulse|p2a: Kyurem
|-damage|p2a: Kyurem|9/100
|move|p2a: Kyurem|Freeze-Dry|p1a: LOUD
|-damage|p1a: LOUD|34/100
|
|-heal|p2a: Kyurem|15/100|[from] item: Leftovers
|upkeep
|turn|19
|l| I registered this
|
|t:|1776277102
|switch|p2a: Slowking|Slowking-Galar, F|100/100
|-damage|p2a: Slowking|88/100|[from] Stealth Rock
|move|p1a: LOUD|Dark Pulse|p2a: Slowking
|-supereffective|p2a: Slowking
|-damage|p2a: Slowking|33/100
|-enditem|p2a: Slowking|Eject Button
|
|t:|1776277104
|switch|p2a: Lokix|Lokix, M|100/100
|-damage|p2a: Lokix|76/100|[from] Stealth Rock
|
|upkeep
|turn|20
|
|t:|1776277107
|switch|p1a: FUCK ALOMAMOLA|Vaporeon, M|100/100
|move|p2a: Lokix|First Impression|p1a: FUCK ALOMAMOLA
|-damage|p1a: FUCK ALOMAMOLA|50/100
|
|upkeep
|turn|21
|
|t:|1776277112
|switch|p2a: Ogerpon|Ogerpon-Wellspring, F|88/100
|-damage|p2a: Ogerpon|76/100|[from] Stealth Rock
|move|p1a: FUCK ALOMAMOLA|Wish|p1a: FUCK ALOMAMOLA
|
|upkeep
|turn|22
|
|t:|1776277123
|-terastallize|p1a: FUCK ALOMAMOLA|Poison
|move|p1a: FUCK ALOMAMOLA|Protect|p1a: FUCK ALOMAMOLA
|-singleturn|p1a: FUCK ALOMAMOLA|Protect
|move|p2a: Ogerpon|Swords Dance|p2a: Ogerpon
|-boost|p2a: Ogerpon|atk|2
|
|-heal|p1a: FUCK ALOMAMOLA|99/100|[from] move: Wish|[wisher] FUCK ALOMAMOLA
|upkeep
|turn|23
|
|t:|1776277131
|move|p2a: Ogerpon|Knock Off|p1a: FUCK ALOMAMOLA
|-damage|p1a: FUCK ALOMAMOLA|45/100
|-enditem|p1a: FUCK ALOMAMOLA|Heavy-Duty Boots|[from] move: Knock Off|[of] p2a: Ogerpon
|move|p1a: FUCK ALOMAMOLA|Wish|p1a: FUCK ALOMAMOLA
|
|upkeep
|turn|24
|
|t:|1776277136
|switch|p1a: LOUD|Hoopa-Unbound|34/100
|move|p2a: Ogerpon|Swords Dance|p2a: Ogerpon
|-boost|p2a: Ogerpon|atk|2
|
|-heal|p1a: LOUD|100/100|[from] move: Wish|[wisher] FUCK ALOMAMOLA
|upkeep
|turn|25
|
|t:|1776277143
|move|p1a: LOUD|Psyshock|p2a: Ogerpon
|-damage|p2a: Ogerpon|5/100
|move|p2a: Ogerpon|Ivy Cudgel|p1a: LOUD|[anim] Ivy Cudgel Water
|-damage|p1a: LOUD|0 fnt
|faint|p1a: LOUD
|
|upkeep
|
|t:|1776277145
|switch|p1a: PANCAKED|Kingambit, F|100/100
|-activate|p1a: PANCAKED|ability: Supreme Overlord
|-start|p1a: PANCAKED|fallen4|[silent]
|turn|26
|
|t:|1776277149
|move|p1a: PANCAKED|Sucker Punch|p2a: Ogerpon
|-damage|p2a: Ogerpon|0 fnt
|faint|p2a: Ogerpon
|
|upkeep
|
|t:|1776277167
|switch|p2a: Alomomola|Alomomola, M|53/100
|-damage|p2a: Alomomola|41/100|[from] Stealth Rock
|turn|27
|
|t:|1776277173
|move|p1a: PANCAKED|Kowtow Cleave|p2a: Alomomola
|-damage|p2a: Alomomola|5/100
|move|p2a: Alomomola|Tickle|p1a: PANCAKED
|-unboost|p1a: PANCAKED|atk|1
|-unboost|p1a: PANCAKED|def|1
|
|upkeep
|turn|28
|
|t:|1776277188
|switch|p2a: Kyurem|Kyurem|15/100
|-damage|p2a: Kyurem|0 fnt|[from] Stealth Rock
|faint|p2a: Kyurem
|move|p1a: PANCAKED|Kowtow Cleave|p2: Kyurem|[notarget]
|-fail|p1a: PANCAKED
|
|upkeep
|
|t:|1776277190
|switch|p2a: Lokix|Lokix, M|76/100
|-damage|p2a: Lokix|51/100|[from] Stealth Rock
|turn|29
|
|t:|1776277192
|-end|p1a: PANCAKED|fallen4|[silent]
|switch|p1a: FUCK ALOMAMOLA|Vaporeon, M, tera:Poison|45/100
|-terastallize|p2a: Lokix|Bug
|move|p2a: Lokix|First Impression|p1a: FUCK ALOMAMOLA
|-resisted|p1a: FUCK ALOMAMOLA
|-damage|p1a: FUCK ALOMAMOLA|0 fnt
|faint|p1a: FUCK ALOMAMOLA
|
|upkeep
|
|t:|1776277196
|switch|p1a: PANCAKED|Kingambit, F|100/100
|-activate|p1a: PANCAKED|ability: Supreme Overlord
|-start|p1a: PANCAKED|fallen5|[silent]
|turn|30
|
|t:|1776277203
|switch|p2a: Alomomola|Alomomola, M|38/100
|-damage|p2a: Alomomola|26/100|[from] Stealth Rock
|move|p1a: PANCAKED|Swords Dance|p1a: PANCAKED
|-boost|p1a: PANCAKED|atk|2
|
|upkeep
|turn|31
|
|t:|1776277205
|switch|p2a: Slowking|Slowking-Galar, F|66/100
|-damage|p2a: Slowking|54/100|[from] Stealth Rock
|move|p1a: PANCAKED|Kowtow Cleave|p2a: Slowking
|-supereffective|p2a: Slowking
|-damage|p2a: Slowking|0 fnt
|faint|p2a: Slowking
|
|upkeep
|
|t:|1776277209
|switch|p2a: Alomomola|Alomomola, M|59/100
|-damage|p2a: Alomomola|47/100|[from] Stealth Rock
|turn|32
|
|t:|1776277211
|move|p1a: PANCAKED|Kowtow Cleave|p2a: Alomomola
|-damage|p2a: Alomomola|0 fnt
|faint|p2a: Alomomola
|
|upkeep
|-message|infectious melody forfeited.
|
|win|Dov Aloof
|raw|Dov Aloof's rating: 1609 &rarr; <strong>1628</strong><br />(+19 for winning)
|raw|infectious melody's rating: 1584 &rarr; <strong>1565</strong><br />(-19 for losing)
|l|☆infectious melody
|player|p2|
|c|☆Dov Aloof|gg
|c|☆Dov Aloof|thank you audience.
