|html|<div class="broadcast-blue"><strong>[Gen 9] OU is currently suspecting Tera Blast! For information on how to participate check out the <a href="https://www.smogon.com/tools/suspects/view/200">suspect thread</a>.</strong></div>
|j|☆parking lot demon
|j|☆DeathMelMetal
|t:|1776043440
|gametype|singles
|player|p1|parking lot demon|lady-gen4|1454
|player|p2|DeathMelMetal|roxie|1494
|gen|9
|tier|[Gen 9] OU
|rated|
|rule|HP Percentage Mod: HP is shown in percentages
|rule|Endless Battle Clause: Forcing endless battles is banned
|rule|Species Clause: Limit one of each Pokémon
|rule|OHKO Clause: OHKO moves are banned
|rule|Evasion Items Clause: Evasion items are banned
|rule|Evasion Moves Clause: Evasion moves are banned
|rule|Evasion Abilities Clause: Evasion abilities are banned
|rule|Sleep Moves Clause: Sleep-inducing moves are banned
|clearpoke
|poke|p1|Hatterene, F|
|poke|p1|Farigiraf, F|
|poke|p1|Mimikyu, M|
|poke|p1|Slither Wing|
|poke|p1|Ursaluna, M|
|poke|p1|Torkoal, F|
|poke|p2|Mamoswine, M|
|poke|p2|Primarina, F|
|poke|p2|Cinderace, M|
|poke|p2|Empoleon, M|
|poke|p2|Landorus-Therian, M|
|poke|p2|Muk-Alola, M|
|teampreview
|inactive|Battle timer is ON: inactive players will automatically lose when time's up. (requested by parking lot demon)
|
|t:|1776043446
|teamsize|p1|6
|teamsize|p2|6
|start
|switch|p1a: Hatterene|Hatterene, F|100/100
|switch|p2a: Mamoswine|Mamoswine, M|100/100
|turn|1
|
|t:|1776043450
|move|p2a: Mamoswine|Earthquake|p1a: Hatterene
|-damage|p1a: Hatterene|11/100
|move|p1a: Hatterene|Trick Room|p1a: Hatterene
|-fieldstart|move: Trick Room|[of] p1a: Hatterene
|
|upkeep
|turn|2
|
|t:|1776043459
|switch|p2a: Muk|Muk-Alola, M|100/100
|move|p1a: Hatterene|Misty Explosion|p2a: Muk
|-damage|p2a: Muk|76/100
|faint|p1a: Hatterene
|
|upkeep
|
|t:|1776043461
|switch|p1a: Torkoal|Torkoal, F|100/100
|-weather|SunnyDay|[from] ability: Drought|[of] p1a: Torkoal
|turn|3
|
|t:|1776043465
|-terastallize|p1a: Torkoal|Fire
|move|p1a: Torkoal|Eruption|p2a: Muk
|-damage|p2a: Muk|3/100
|move|p2a: Muk|Poison Fang|p1a: Torkoal
|-damage|p1a: Torkoal|86/100
|
|-weather|SunnyDay|[upkeep]
|upkeep
|turn|4
|
|t:|1776043475
|move|p2a: Muk|Shadow Sneak|p1a: Torkoal
|-damage|p1a: Torkoal|78/100
|move|p1a: Torkoal|Eruption|p2a: Muk
|-damage|p2a: Muk|0 fnt
|faint|p2a: Muk
|
|-weather|SunnyDay|[upkeep]
|upkeep
|
|t:|1776043496
|switch|p2a: Empoleon|Empoleon, M|100/100
|turn|5
|
|t:|1776043498
|move|p1a: Torkoal|Eruption|p2a: Empoleon
|-damage|p2a: Empoleon|3/100
|move|p2a: Empoleon|Roost|p2a: Empoleon
|-heal|p2a: Empoleon|53/100
|-singleturn|p2a: Empoleon|move: Roost
|
|-weather|SunnyDay|[upkeep]
|-heal|p2a: Empoleon|59/100|[from] item: Leftovers
|-fieldend|move: Trick Room
|upkeep
|turn|6
|
|t:|1776043507
|switch|p1a: Slither Wing|Slither Wing|100/100
|-activate|p1a: Slither Wing|ability: Protosynthesis
|-start|p1a: Slither Wing|protosynthesisatk
|move|p2a: Empoleon|Hydro Pump|p1a: Slither Wing
|-damage|p1a: Slither Wing|79/100
|
|-weather|SunnyDay|[upkeep]
|-heal|p2a: Empoleon|65/100|[from] item: Leftovers
|upkeep
|turn|7
|
|t:|1776043515
|switch|p2a: Landorus|Landorus-Therian, M|100/100
|-ability|p2a: Landorus|Intimidate|boost
|-unboost|p1a: Slither Wing|atk|1
|move|p1a: Slither Wing|Close Combat|p2a: Landorus
|-resisted|p2a: Landorus
|-damage|p2a: Landorus|59/100
|-unboost|p1a: Slither Wing|def|1
|-unboost|p1a: Slither Wing|spd|1
|-damage|p1a: Slither Wing|63/100|[from] item: Rocky Helmet|[of] p2a: Landorus
|
|-weather|none
|-end|p1a: Slither Wing|Protosynthesis
|upkeep
|turn|8
|
|t:|1776043529
|move|p2a: Landorus|Stealth Rock|p1a: Slither Wing
|-sidestart|p1: parking lot demon|move: Stealth Rock
|move|p1a: Slither Wing|Close Combat|p2a: Landorus
|-resisted|p2a: Landorus
|-damage|p2a: Landorus|25/100
|-unboost|p1a: Slither Wing|def|1
|-unboost|p1a: Slither Wing|spd|1
|-damage|p1a: Slither Wing|46/100|[from] item: Rocky Helmet|[of] p2a: Landorus
|
|upkeep
|turn|9
|
|t:|1776043533
|move|p2a: Landorus|Scorching Sands|p1a: Slither Wing
|-resisted|p1a: Slither Wing
|-damage|p1a: Slither Wing|24/100
|move|p1a: Slither Wing|Close Combat|p2a: Landorus
|-resisted|p2a: Landorus
|-crit|p2a: Landorus
|-damage|p2a: Landorus|0 fnt
|-unboost|p1a: Slither Wing|def|1
|-unboost|p1a: Slither Wing|spd|1
|-damage|p1a: Slither Wing|7/100|[from] item: Rocky Helmet|[of] p2a: Landorus
|faint|p2a: Landorus
|
|upkeep
|
|t:|1776043553
|switch|p2a: Cinderace|Cinderace, M|100/100
|turn|10
|
|t:|1776043572
|move|p2a: Cinderace|U-turn|p1a: Slither Wing
|-resisted|p1a: Slither Wing
|-damage|p1a: Slither Wing|0 fnt
|faint|p1a: Slither Wing
|-end|p1a: Slither Wing|Protosynthesis|[silent]
|
|t:|1776043576
|switch|p2a: Mamoswine|Mamoswine, M|100/100|[from] U-turn
|
|upkeep
|
|t:|1776043580
|switch|p1a: Mimikyu|Mimikyu, M|100/100
|-damage|p1a: Mimikyu|88/100|[from] Stealth Rock
|turn|11
|
|t:|1776043592
|move|p2a: Mamoswine|Icicle Crash|p1a: Mimikyu
|-activate|p1a: Mimikyu|ability: Disguise
|-damage|p1a: Mimikyu|88/100
|detailschange|p1a: Mimikyu|Mimikyu-Busted, M
|-damage|p1a: Mimikyu|76/100|[from] pokemon: Mimikyu-Busted
|cant|p1a: Mimikyu|flinch
|
|upkeep
|turn|12
|
|t:|1776043603
|move|p2a: Mamoswine|Icicle Crash|p1a: Mimikyu
|-damage|p1a: Mimikyu|0 fnt
|faint|p1a: Mimikyu
|
|upkeep
|
|t:|1776043606
|switch|p1a: Farigiraf|Farigiraf, F|100/100
|-damage|p1a: Farigiraf|88/100|[from] Stealth Rock
|turn|13
|
|t:|1776043616
|-terastallize|p2a: Mamoswine|Ice
|move|p2a: Mamoswine|Icicle Crash|p1a: Farigiraf
|-damage|p1a: Farigiraf|0 fnt
|faint|p1a: Farigiraf
|
|upkeep
|-message|parking lot demon forfeited.
|
|win|DeathMelMetal
|raw|parking lot demon's rating: 1454 &rarr; <strong>1436</strong><br />(-18 for losing)
|raw|DeathMelMetal's rating: 1494 &rarr; <strong>1512</strong><br />(+18 for winning)
|l|☆parking lot demon
|player|p1|
|l|☆DeathMelMetal
|player|p2|
|j|☆DeathMelMetal
|player|p2|DeathMelMetal|roxie|
