|html|<div class="broadcast-blue"><strong>[Gen 9] OU is currently suspecting Tera Blast! For information on how to participate check out the <a href="https://www.smogon.com/tools/suspects/view/200">suspect thread</a>.</strong></div>
|j|☆SharpyPokyI
|j|☆The Dragon Lair
|t:|1776032891
|gametype|singles
|player|p1|SharpyPokyI|brycenman|1115
|player|p2|The Dragon Lair|ghetsis-gen5bw|1140
|gen|9
|tier|[Gen 9] OU
|rated|
|rule|HP Percentage Mod: HP is shown in percentages
|rule|Endless Battle Clause: Forcing endless battles is banned
|rule|Species Clause: Limit one of each Pokémon
|rule|OHKO Clause: OHKO moves are banned
|rule|Evasion Items Clause: Evasion items are banned
|rule|Evasion Moves Clause: Evasion moves are banned
|rule|Evasion Abilities Clause: Evasion abilities are banned
|rule|Sleep Moves Clause: Sleep-inducing moves are banned
|clearpoke
|poke|p1|Dragonite, M|
|poke|p1|Gholdengo|
|poke|p1|Regidrago|
|poke|p1|Scizor, M|
|poke|p1|Ting-Lu|
|poke|p1|Weezing-Galar, M|
|poke|p2|Kingdra, F|
|poke|p2|Pelipper, M|
|poke|p2|Barraskewda, M|
|poke|p2|Drednaw, M|
|poke|p2|Politoed, M|
|poke|p2|Ludicolo, F|
|teampreview
|
|t:|1776032894
|teamsize|p1|6
|teamsize|p2|6
|start
|switch|p1a: Bowl bull|Ting-Lu|100/100
|switch|p2a: Pelipper|Pelipper, M|100/100
|-weather|RainDance|[from] ability: Drizzle|[of] p2a: Pelipper
|-ability|p1a: Bowl bull|Vessel of Ruin
|turn|1
|
|t:|1776032904
|move|p2a: Pelipper|Weather Ball|p1a: Bowl bull
|-supereffective|p1a: Bowl bull
|-damage|p1a: Bowl bull|44/100
|move|p1a: Bowl bull|Stealth Rock|p2a: Pelipper
|-sidestart|p2: The Dragon Lair|move: Stealth Rock
|
|-weather|RainDance|[upkeep]
|-heal|p1a: Bowl bull|50/100|[from] item: Leftovers
|upkeep
|turn|2
|
|t:|1776032917
|switch|p1a: MY LUNGS|Weezing-Galar, M|100/100
|-ability|p1a: MY LUNGS|Neutralizing Gas
|move|p2a: Pelipper|Weather Ball|p1a: MY LUNGS
|-damage|p1a: MY LUNGS|7/100
|
|-weather|RainDance|[upkeep]
|upkeep
|turn|3
|inactive|Battle timer is ON: inactive players will automatically lose when time's up. (requested by The Dragon Lair)
|
|t:|1776032929
|move|p2a: Pelipper|Weather Ball|p1a: MY LUNGS
|-damage|p1a: MY LUNGS|0 fnt
|faint|p1a: MY LUNGS
|-end|p1a: MY LUNGS|ability: Neutralizing Gas
|
|-weather|RainDance|[upkeep]
|upkeep
|
|t:|1776032937
|switch|p1a: Money money money|Gholdengo|100/100
|turn|4
|
|t:|1776032941
|move|p1a: Money money money|Thunderbolt|p2a: Pelipper
|-supereffective|p2a: Pelipper
|-damage|p2a: Pelipper|0 fnt
|faint|p2a: Pelipper
|
|-weather|RainDance|[upkeep]
|upkeep
|
|t:|1776032958
|switch|p2a: Drednaw|Drednaw, M|100/100
|-damage|p2a: Drednaw|88/100|[from] Stealth Rock
|turn|5
|
|t:|1776032964
|-terastallize|p2a: Drednaw|Grass
|move|p2a: Drednaw|Shell Smash|p2a: Drednaw
|-unboost|p2a: Drednaw|def|1
|-unboost|p2a: Drednaw|spd|1
|-boost|p2a: Drednaw|atk|2
|-boost|p2a: Drednaw|spa|2
|-boost|p2a: Drednaw|spe|2
|move|p1a: Money money money|Thunderbolt|p2a: Drednaw
|-resisted|p2a: Drednaw
|-damage|p2a: Drednaw|50/100
|
|-weather|RainDance|[upkeep]
|upkeep
|turn|6
|
|t:|1776032985
|move|p2a: Drednaw|Liquidation|p1a: Money money money
|-damage|p1a: Money money money|0 fnt
|faint|p1a: Money money money
|
|-weather|RainDance|[upkeep]
|upkeep
|
|t:|1776032992
|switch|p1a: Bug|Scizor, M|100/100
|turn|7
|
|t:|1776033003
|switch|p2a: Kingdra|Kingdra, F|100/100
|-damage|p2a: Kingdra|88/100|[from] Stealth Rock
|move|p1a: Bug|Bullet Punch|p2a: Kingdra
|-resisted|p2a: Kingdra
|-crit|p2a: Kingdra
|-damage|p2a: Kingdra|42/100
|
|-weather|RainDance|[upkeep]
|upkeep
|turn|8
|
|t:|1776033012
|move|p1a: Bug|Bullet Punch|p2a: Kingdra
|-resisted|p2a: Kingdra
|-damage|p2a: Kingdra|9/100
|move|p2a: Kingdra|Scald|p1a: Bug
|-damage|p1a: Bug|6/100
|-damage|p2a: Kingdra|0 fnt|[from] item: Life Orb
|faint|p2a: Kingdra
|
|-weather|none
|upkeep
|
|t:|1776033014
|switch|p2a: Politoed|Politoed, M|100/100
|-damage|p2a: Politoed|88/100|[from] Stealth Rock
|-weather|RainDance|[from] ability: Drizzle|[of] p2a: Politoed
|turn|9
|
|t:|1776033031
|switch|p1a: Zoldo|Dragonite, M|100/100
|move|p2a: Politoed|Ice Beam|p1a: Zoldo
|-supereffective|p1a: Zoldo
|-damage|p1a: Zoldo|49/100
|
|-weather|RainDance|[upkeep]
|upkeep
|turn|10
|
|t:|1776033043
|-terastallize|p1a: Zoldo|Normal
|move|p1a: Zoldo|Roost|p1a: Zoldo
|-heal|p1a: Zoldo|99/100
|move|p2a: Politoed|Ice Beam|p1a: Zoldo
|-damage|p1a: Zoldo|71/100
|
|-weather|RainDance|[upkeep]
|upkeep
|turn|11
|
|t:|1776033053
|move|p1a: Zoldo|Dragon Dance|p1a: Zoldo
|-boost|p1a: Zoldo|atk|1
|-boost|p1a: Zoldo|spe|1
|move|p2a: Politoed|Surf|p1a: Zoldo
|-damage|p1a: Zoldo|9/100
|
|-weather|RainDance|[upkeep]
|upkeep
|turn|12
|
|t:|1776033061
|move|p1a: Zoldo|Extreme Speed|p2a: Politoed
|-damage|p2a: Politoed|8/100
|move|p2a: Politoed|Surf|p1a: Zoldo
|-damage|p1a: Zoldo|0 fnt
|faint|p1a: Zoldo
|
|-weather|RainDance|[upkeep]
|upkeep
|
|t:|1776033070
|switch|p1a: Bug|Scizor, M|6/100
|turn|13
|
|t:|1776033073
|move|p1a: Bug|Bullet Punch|p2a: Politoed
|-resisted|p2a: Politoed
|-damage|p2a: Politoed|0 fnt
|faint|p2a: Politoed
|
|-weather|RainDance|[upkeep]
|upkeep
|
|t:|1776033076
|switch|p2a: Ludicolo|Ludicolo, F|100/100
|-damage|p2a: Ludicolo|88/100|[from] Stealth Rock
|turn|14
|
|t:|1776033086
|switch|p1a: Steven|Regidrago|100/100
|move|p2a: Ludicolo|Fake Out|p1a: Steven
|-damage|p1a: Steven|93/100
|
|-weather|RainDance|[upkeep]
|upkeep
|turn|15
|
|t:|1776033102
|move|p2a: Ludicolo|Leech Seed|p1a: Steven|[miss]
|-miss|p2a: Ludicolo|p1a: Steven
|move|p1a: Steven|Dragon Energy|p2a: Ludicolo
|-damage|p2a: Ludicolo|0 fnt
|faint|p2a: Ludicolo
|
|-weather|RainDance|[upkeep]
|upkeep
|
|t:|1776033106
|switch|p2a: Drednaw|Drednaw, M, tera:Grass|50/100
|-damage|p2a: Drednaw|38/100|[from] Stealth Rock
|turn|16
|
|t:|1776033113
|move|p2a: Drednaw|Ice Fang|p1a: Steven
|-supereffective|p1a: Steven
|-damage|p1a: Steven|40/100
|move|p1a: Steven|Dragon Energy|p2a: Drednaw
|-damage|p2a: Drednaw|0 fnt
|faint|p2a: Drednaw
|
|-weather|none
|upkeep
|
|t:|1776033119
|switch|p2a: Barraskewda|Barraskewda, M|100/100
|-damage|p2a: Barraskewda|88/100|[from] Stealth Rock
|turn|17
|
|t:|1776033125
|move|p1a: Steven|Dragon Energy|p2a: Barraskewda
|-damage|p2a: Barraskewda|6/100
|move|p2a: Barraskewda|Liquidation|p1a: Steven
|-resisted|p1a: Steven
|-damage|p1a: Steven|9/100
|-damage|p2a: Barraskewda|0 fnt|[from] item: Life Orb
|faint|p2a: Barraskewda
|
|win|SharpyPokyI
|raw|SharpyPokyI's rating: 1115 &rarr; <strong>1142</strong><br />(+27 for winning)
|raw|The Dragon Lair's rating: 1140 &rarr; <strong>1113</strong><br />(-27 for losing)
|l|☆SharpyPokyI
|player|p1|
