|html|<div class="broadcast-blue"><strong>[Gen 9] OU is currently suspecting Volcarona! For information on how to participate check out the <a href="https://www.smogon.com/tools/suspects/view/208">suspect thread</a>.</strong></div>
|j|☆hyxerin
|j|‽oxlerd11
|t:|1778511975
|gametype|singles
|player|p1|hyxerin|hilda|1146
|player|p2|oxlerd11|drayden|1119
|gen|9
|tier|[Gen 9] OU
|rated|
|rule|HP Percentage Mod: HP is shown in percentages
|rule|Endless Battle Clause: Forcing endless battles is banned
|rule|Species Clause: Limit one of each Pokémon
|rule|OHKO Clause: OHKO moves are banned
|rule|Evasion Items Clause: Evasion items are banned
|rule|Evasion Moves Clause: Evasion moves are banned
|rule|Evasion Abilities Clause: Evasion abilities are banned
|rule|Sleep Moves Clause: Sleep-inducing moves are banned
|clearpoke
|poke|p1|Hydrapple, M|
|poke|p1|Gliscor, M|
|poke|p1|Slowking-Galar, M|
|poke|p1|Cinderace, M|
|poke|p1|Kingambit, M|
|poke|p1|Iron Valiant|
|poke|p2|Kyurem|
|poke|p2|Slowking-Galar, M|
|poke|p2|Great Tusk|
|poke|p2|Corviknight, F|
|poke|p2|Ogerpon-Wellspring, F|
|poke|p2|Ceruledge, M|
|teampreview
|
|t:|1778511984
|teamsize|p1|6
|teamsize|p2|6
|start
|switch|p1a: Slowking|Slowking-Galar, M|100/100
|switch|p2a: Great Tusk|Great Tusk|100/100
|turn|1
|
|t:|1778511999
|-end|p2a: Great Tusk|Protosynthesis|[silent]
|switch|p2a: Ceruledge|Ceruledge, M|100/100
|move|p1a: Slowking|Psychic Noise|p2a: Ceruledge
|-damage|p2a: Ceruledge|66/100
|-start|p2a: Ceruledge|move: Heal Block
|
|upkeep
|turn|2
|
|t:|1778512008
|move|p2a: Ceruledge|Shadow Sneak|p1a: Slowking
|-supereffective|p1a: Slowking
|-damage|p1a: Slowking|50/100
|move|p1a: Slowking|Whirlpool|p2a: Ceruledge
|-supereffective|p2a: Ceruledge
|-damage|p2a: Ceruledge|44/100
|-activate|p2a: Ceruledge|move: Whirlpool|[of] p1a: Slowking
|
|-damage|p2a: Ceruledge|31/100|[from] move: Whirlpool|[partiallytrapped]
|-end|p2a: Ceruledge|move: Heal Block
|upkeep
|turn|3
|
|t:|1778512031
|switch|p1a: Iron Valiant|Iron Valiant|100/100
|-enditem|p1a: Iron Valiant|Booster Energy
|-activate|p1a: Iron Valiant|ability: Quark Drive|[fromitem]
|-start|p1a: Iron Valiant|quarkdrivespe
|move|p2a: Ceruledge|Shadow Sneak|p1a: Iron Valiant
|-damage|p1a: Iron Valiant|55/100
|
|-end|p2a: Ceruledge|Whirlpool|[partiallytrapped]|[silent]
|upkeep
|turn|4
|
|t:|1778512041
|-terastallize|p2a: Ceruledge|Ghost
|move|p2a: Ceruledge|Shadow Sneak|p1a: Iron Valiant
|-damage|p1a: Iron Valiant|0 fnt
|faint|p1a: Iron Valiant
|-end|p1a: Iron Valiant|Quark Drive|[silent]
|
|upkeep
|
|t:|1778512060
|switch|p1a: Hydrapple|Hydrapple, M, shiny|100/100
|turn|5
|
|t:|1778512066
|switch|p2a: Corviknight|Corviknight, F|100/100
|-ability|p2a: Corviknight|Pressure
|move|p1a: Hydrapple|Giga Drain|p2a: Corviknight
|-resisted|p2a: Corviknight
|-damage|p2a: Corviknight|88/100
|-damage|p1a: Hydrapple|91/100|[from] item: Life Orb
|
|upkeep
|turn|6
|
|t:|1778512085
|switch|p1a: Cinderace|Cinderace, M|100/100
|move|p2a: Corviknight|Brave Bird|p1a: Cinderace
|-damage|p1a: Cinderace|44/100
|-damage|p2a: Corviknight|74/100|[from] Recoil
|
|upkeep
|turn|7
|
|t:|1778512094
|switch|p2a: Great Tusk|Great Tusk|100/100
|move|p1a: Cinderace|Pyro Ball|p2a: Great Tusk
|-damage|p2a: Great Tusk|55/100
|
|upkeep
|turn|8
|
|t:|1778512101
|move|p1a: Cinderace|Pyro Ball|p2a: Great Tusk
|-damage|p2a: Great Tusk|12/100
|move|p2a: Great Tusk|Stealth Rock|p1a: Cinderace
|-sidestart|p1: hyxerin|move: Stealth Rock
|
|upkeep
|turn|9
|
|t:|1778512110
|-end|p2a: Great Tusk|Protosynthesis|[silent]
|switch|p2a: Ceruledge|Ceruledge, M, tera:Ghost|31/100
|move|p1a: Cinderace|Pyro Ball|p2a: Ceruledge
|-start|p2a: Ceruledge|ability: Flash Fire
|
|upkeep
|turn|10
|
|t:|1778512120
|move|p1a: Cinderace|Sucker Punch|p2a: Ceruledge
|-start|p1a: Cinderace|typechange|Dark|[from] ability: Libero
|-supereffective|p2a: Ceruledge
|-damage|p2a: Ceruledge|0 fnt
|faint|p2a: Ceruledge
|
|upkeep
|
|t:|1778512132
|switch|p2a: Kyurem|Kyurem|100/100
|-ability|p2a: Kyurem|Pressure
|turn|11
|l|‽oxlerd11
|player|p2|
|inactive|Battle timer is ON: inactive players will automatically lose when time's up. (requested by hyxerin)
|j|‽oxlerd11
|inactive|oxlerd11 reconnected and has 150 seconds left.
|player|p2|oxlerd11|drayden|
|n|‽oxlerd11|oxlerd11
|
|t:|1778512173
|move|p1a: Cinderace|U-turn|p2a: Kyurem
|-damage|p2a: Kyurem|77/100
|
|t:|1778512179
|switch|p1a: Slowking|Slowking-Galar, M|83/100|[from] U-turn
|-damage|p1a: Slowking|71/100|[from] Stealth Rock
|move|p2a: Kyurem|Freeze-Dry|p1a: Slowking
|-damage|p1a: Slowking|41/100
|
|upkeep
|turn|12
|
|t:|1778512196
|switch|p2a: Slowking|Slowking-Galar, M|100/100
|move|p1a: Slowking|Sludge Wave|p2a: Slowking
|-resisted|p2a: Slowking
|-crit|p2a: Slowking
|-damage|p2a: Slowking|86/100
|
|-heal|p2a: Slowking|92/100|[from] item: Leftovers
|upkeep
|turn|13
|
|t:|1778512206
|move|p1a: Slowking|Psychic Noise|p2a: Slowking
|-damage|p2a: Slowking|74/100
|-start|p2a: Slowking|move: Heal Block
|-prepare|p2a: Slowking|Chilly Reception|[premajor]
|move|p2a: Slowking|Chilly Reception|p2a: Slowking
|-weather|Snowscape
|
|t:|1778512226
|switch|p2a: Kyurem|Kyurem|77/100|[from] Chilly Reception
|-ability|p2a: Kyurem|Pressure
|
|-weather|Snowscape|[upkeep]
|upkeep
|turn|14
|inactive|hyxerin has 120 seconds left.
|
|t:|1778512258
|switch|p1a: Cinderace|Cinderace, M|44/100
|move|p2a: Kyurem|Blizzard|p1a: Cinderace
|-resisted|p1a: Cinderace
|-damage|p1a: Cinderace|0 fnt
|faint|p1a: Cinderace
|
|-weather|Snowscape|[upkeep]
|upkeep
|inactive|hyxerin has 120 seconds left.
|
|t:|1778512273
|switch|p1a: Kingambit|Kingambit, M, shiny|100/100
|-damage|p1a: Kingambit|94/100|[from] Stealth Rock
|-activate|p1a: Kingambit|ability: Supreme Overlord
|-start|p1a: Kingambit|fallen2|[silent]
|-item|p1a: Kingambit|Air Balloon
|turn|15
|
|t:|1778512282
|switch|p2a: Great Tusk|Great Tusk|12/100
|move|p1a: Kingambit|Low Kick|p2a: Great Tusk
|-crit|p2a: Great Tusk
|-damage|p2a: Great Tusk|0 fnt
|-damage|p1a: Kingambit|78/100|[from] item: Rocky Helmet|[of] p2a: Great Tusk
|faint|p2a: Great Tusk
|-end|p2a: Great Tusk|Protosynthesis|[silent]
|
|-weather|Snowscape|[upkeep]
|upkeep
|
|t:|1778512292
|switch|p2a: Corviknight|Corviknight, F|74/100
|-ability|p2a: Corviknight|Pressure
|turn|16
|inactive|hyxerin has 120 seconds left.
|
|t:|1778512303
|move|p1a: Kingambit|Low Kick|p2a: Corviknight
|-damage|p2a: Corviknight|52/100
|-damage|p1a: Kingambit|61/100|[from] item: Rocky Helmet|[of] p2a: Corviknight
|move|p2a: Corviknight|Body Press|p1a: Kingambit
|-supereffective|p1a: Kingambit
|-damage|p1a: Kingambit|0 fnt
|-enditem|p1a: Kingambit|Air Balloon
|faint|p1a: Kingambit
|-end|p1a: Kingambit|fallen2|[silent]
|
|-weather|Snowscape|[upkeep]
|upkeep
|inactive|hyxerin has 120 seconds left.
|
|t:|1778512320
|switch|p1a: Gliscor|Gliscor, M|100/100
|-damage|p1a: Gliscor|88/100|[from] Stealth Rock
|turn|17
|
|t:|1778512326
|move|p1a: Gliscor|Knock Off|p2a: Corviknight
|-damage|p2a: Corviknight|37/100
|-damage|p1a: Gliscor|72/100|[from] item: Rocky Helmet|[of] p2a: Corviknight
|-enditem|p2a: Corviknight|Rocky Helmet|[from] move: Knock Off|[of] p1a: Gliscor
|move|p2a: Corviknight|Roost|p2a: Corviknight
|-heal|p2a: Corviknight|87/100
|-singleturn|p2a: Corviknight|move: Roost
|
|-weather|none
|-status|p1a: Gliscor|tox|[from] item: Toxic Orb
|upkeep
|turn|18
|inactive|hyxerin has 120 seconds left.
|
|t:|1778512339
|move|p1a: Gliscor|Earthquake|p2a: Corviknight
|-immune|p2a: Corviknight
|move|p2a: Corviknight|U-turn|p1a: Gliscor
|-resisted|p1a: Gliscor
|-damage|p1a: Gliscor|65/100 tox
|
|t:|1778512344
|switch|p2a: Slowking|Slowking-Galar, M|100/100|[from] U-turn
|
|-heal|p1a: Gliscor|77/100 tox|[from] ability: Poison Heal
|upkeep
|turn|19
|
|t:|1778512358
|move|p1a: Gliscor|Protect|p1a: Gliscor
|-singleturn|p1a: Gliscor|Protect
|-prepare|p2a: Slowking|Chilly Reception|[premajor]
|move|p2a: Slowking|Chilly Reception|p2a: Slowking
|-weather|Snowscape
|
|t:|1778512365
|switch|p2a: Kyurem|Kyurem|77/100|[from] Chilly Reception
|-ability|p2a: Kyurem|Pressure
|
|-weather|Snowscape|[upkeep]
|-heal|p1a: Gliscor|90/100 tox|[from] ability: Poison Heal
|upkeep
|turn|20
|inactive|hyxerin has 120 seconds left.
|inactive|hyxerin has 90 seconds left.
|
|t:|1778512421
|switch|p1a: Slowking|Slowking-Galar, M|74/100
|-damage|p1a: Slowking|62/100|[from] Stealth Rock
|move|p2a: Kyurem|Blizzard|p1a: Slowking
|-damage|p1a: Slowking|14/100
|
|-weather|Snowscape|[upkeep]
|upkeep
|turn|21
|
|t:|1778512432
|move|p2a: Kyurem|Blizzard|p1a: Slowking
|-damage|p1a: Slowking|0 fnt
|faint|p1a: Slowking
|
|-weather|Snowscape|[upkeep]
|upkeep
|
|t:|1778512436
|switch|p1a: Hydrapple|Hydrapple, M, shiny|100/100
|-damage|p1a: Hydrapple|88/100|[from] Stealth Rock
|turn|22
|
|t:|1778512443
|move|p2a: Kyurem|Blizzard|p1a: Hydrapple
|-supereffective|p1a: Hydrapple
|-damage|p1a: Hydrapple|0 fnt
|faint|p1a: Hydrapple
|
|-weather|Snowscape|[upkeep]
|upkeep
|
|t:|1778512445
|switch|p1a: Gliscor|Gliscor, M|90/100 tox
|-damage|p1a: Gliscor|77/100 tox|[from] Stealth Rock
|turn|23
|
|t:|1778512454
|switch|p2a: Slowking|Slowking-Galar, M|100/100
|move|p1a: Gliscor|Protect||[still]
|-fail|p1a: Gliscor
|
|-weather|none
|-heal|p1a: Gliscor|90/100 tox|[from] ability: Poison Heal
|upkeep
|turn|24
|
|t:|1778512463
|move|p1a: Gliscor|Earthquake|p2a: Slowking
|-supereffective|p2a: Slowking
|-damage|p2a: Slowking|12/100
|-prepare|p2a: Slowking|Chilly Reception|[premajor]
|move|p2a: Slowking|Chilly Reception|p2a: Slowking
|-weather|Snowscape
|
|t:|1778512492
|switch|p2a: Kyurem|Kyurem|77/100|[from] Chilly Reception
|-ability|p2a: Kyurem|Pressure
|
|-weather|Snowscape|[upkeep]
|-heal|p1a: Gliscor|100/100 tox|[from] ability: Poison Heal
|upkeep
|turn|25
|
|t:|1778512503
|move|p2a: Kyurem|Blizzard|p1a: Gliscor
|-supereffective|p1a: Gliscor
|-crit|p1a: Gliscor
|-damage|p1a: Gliscor|0 fnt
|faint|p1a: Gliscor
|
|win|oxlerd11
|raw|hyxerin's rating: 1146 &rarr; <strong>1119</strong><br />(-27 for losing)
|raw|oxlerd11's rating: 1119 &rarr; <strong>1146</strong><br />(+27 for winning)
