|html|<div class="broadcast-blue"><strong>[Gen 9] OU is currently suspecting Tera Blast! For information on how to participate check out the <a href="https://www.smogon.com/tools/suspects/view/200">suspect thread</a>.</strong></div>
|j|☆ColonelMustang899
|j|☆Jsparxs
|t:|1776117729
|gametype|singles
|player|p1|ColonelMustang899|2|1410
|player|p2|Jsparxs|169|1376
|gen|9
|tier|[Gen 9] OU
|rated|
|rule|HP Percentage Mod: HP is shown in percentages
|rule|Endless Battle Clause: Forcing endless battles is banned
|rule|Species Clause: Limit one of each Pokémon
|rule|OHKO Clause: OHKO moves are banned
|rule|Evasion Items Clause: Evasion items are banned
|rule|Evasion Moves Clause: Evasion moves are banned
|rule|Evasion Abilities Clause: Evasion abilities are banned
|rule|Sleep Moves Clause: Sleep-inducing moves are banned
|clearpoke
|poke|p1|Tornadus, M|
|poke|p1|Politoed, F|
|poke|p1|Barraskewda, F|
|poke|p1|Tentacruel, F|
|poke|p1|Basculegion-F, F|
|poke|p1|Scizor, F|
|poke|p2|Cobalion|
|poke|p2|Zamazenta-*|
|poke|p2|Iron Valiant|
|poke|p2|Gallade, M|
|poke|p2|Kommo-o, M|
|poke|p2|Okidogi, M|
|teampreview
|c|☆Jsparxs|glhf
|
|t:|1776117769
|teamsize|p1|6
|teamsize|p2|6
|start
|switch|p1a: Scizor|Scizor, F|100/100
|switch|p2a: Gallade|Gallade, M|100/100
|turn|1
|
|t:|1776117776
|switch|p2a: Cobalion|Cobalion|100/100
|move|p1a: Scizor|Bullet Punch|p2a: Cobalion
|-resisted|p2a: Cobalion
|-damage|p2a: Cobalion|81/100
|-damage|p1a: Scizor|84/100|[from] item: Rocky Helmet|[of] p2a: Cobalion
|-damage|p1a: Scizor|74/100|[from] item: Life Orb
|
|upkeep
|turn|2
|
|t:|1776117789
|switch|p1a: Politoed|Politoed, F|100/100
|-weather|RainDance|[from] ability: Drizzle|[of] p1a: Politoed
|move|p2a: Cobalion|Thunder Wave|p1a: Politoed
|-status|p1a: Politoed|par
|
|-weather|RainDance|[upkeep]
|upkeep
|turn|3
|
|t:|1776117796
|move|p2a: Cobalion|Stealth Rock|p1a: Politoed
|-sidestart|p1: ColonelMustang899|move: Stealth Rock
|move|p1a: Politoed|Whirlpool|p2a: Cobalion
|-damage|p2a: Cobalion|58/100
|-activate|p2a: Cobalion|move: Whirlpool|[of] p1a: Politoed
|
|-weather|RainDance|[upkeep]
|-damage|p2a: Cobalion|46/100|[from] move: Whirlpool|[partiallytrapped]
|upkeep
|turn|4
|
|t:|1776117803
|move|p2a: Cobalion|Close Combat|p1a: Politoed
|-damage|p1a: Politoed|46/100 par
|-unboost|p2a: Cobalion|def|1
|-unboost|p2a: Cobalion|spd|1
|move|p1a: Politoed|Weather Ball|p2a: Cobalion
|-damage|p2a: Cobalion|0 fnt
|faint|p2a: Cobalion
|
|-weather|RainDance|[upkeep]
|-heal|p1a: Politoed|52/100 par|[from] item: Leftovers
|upkeep
|
|t:|1776117831
|switch|p2a: Kommo-o|Kommo-o, M|100/100
|turn|5
|
|t:|1776117836
|move|p2a: Kommo-o|Clangorous Soul|p2a: Kommo-o
|-boost|p2a: Kommo-o|atk|1
|-boost|p2a: Kommo-o|def|1
|-boost|p2a: Kommo-o|spa|1
|-boost|p2a: Kommo-o|spd|1
|-boost|p2a: Kommo-o|spe|1
|-damage|p2a: Kommo-o|68/100
|-enditem|p2a: Kommo-o|Throat Spray
|-boost|p2a: Kommo-o|spa|1|[from] item: Throat Spray
|move|p1a: Politoed|Weather Ball|p2a: Kommo-o
|-immune|p2a: Kommo-o|[from] ability: Bulletproof
|
|-weather|RainDance|[upkeep]
|-heal|p1a: Politoed|58/100 par|[from] item: Leftovers
|upkeep
|turn|6
|
|t:|1776117849
|move|p2a: Kommo-o|Boomburst|p1a: Politoed
|-damage|p1a: Politoed|6/100 par
|move|p1a: Politoed|Whirlpool|p2a: Kommo-o|[miss]
|-miss|p1a: Politoed|p2a: Kommo-o
|
|-weather|none
|-heal|p1a: Politoed|12/100 par|[from] item: Leftovers
|upkeep
|turn|7
|
|t:|1776117869
|move|p2a: Kommo-o|Boomburst|p1a: Politoed
|-damage|p1a: Politoed|0 fnt
|faint|p1a: Politoed
|
|upkeep
|
|t:|1776117876
|switch|p1a: Tornadus|Tornadus, M|100/100
|-damage|p1a: Tornadus|76/100|[from] Stealth Rock
|turn|8
|c|☆Jsparxs|!dt tornadus
|c|☆Jsparxs|/raw <div class="message"><ul class="utilichart"><li class="result"><span class="col numcol">NU</span> <span class="col iconcol"><psicon pokemon="tornadus"/></span> <span class="col pokemonnamecol" style="white-space:nowrap"><a href="https://dex.pokemonshowdown.com/pokemon/tornadus" target="_blank">Tornadus</a></span> <span class="col typecol"><img src="https://play.pokemonshowdown.com/sprites/types/Flying.png" alt="Flying" height="14" width="32"></span> <span style="float:left;min-height:26px"><span class="col abilitycol">Prankster</span><span class="col abilitycol"><em>Defiant</em></span></span><span style="float:left;min-height:26px"><span class="col statcol"><em>HP</em><br />79</span> <span class="col statcol"><em>Atk</em><br />115</span> <span class="col statcol"><em>Def</em><br />70</span> <span class="col statcol"><em>SpA</em><br />125</span> <span class="col statcol"><em>SpD</em><br />80</span> <span class="col statcol"><em>Spe</em><br />111</span> <span class="col bstcol"><em>BST<br />580</em></span> </span></li><li style="clear:both"></li></ul></div>
|c|☆Jsparxs|/raw <font size="1"><font color="#686868">Dex#:</font> 641&nbsp;|&ThickSpace;<font color="#686868">Gen:</font> 5&nbsp;|&ThickSpace;<font color="#686868">Height:</font> 1.5 m&nbsp;|&ThickSpace;<font color="#686868">Weight:</font> 63 kg <em>(80 BP)</em>&nbsp;|&ThickSpace;<font color="#686868">Dex Colour:</font> Green&nbsp;|&ThickSpace;<font color="#686868">Egg Group(s):</font> Undiscovered&nbsp;|&ThickSpace;<font color="#686868">Does Not Evolve</font></font>

|
|t:|1776117900
|move|p1a: Tornadus|Rain Dance|p1a: Tornadus
|-weather|RainDance
|move|p2a: Kommo-o|Boomburst|p1a: Tornadus
|-damage|p1a: Tornadus|0 fnt
|faint|p1a: Tornadus
|
|-weather|RainDance|[upkeep]
|upkeep
|
|t:|1776117939
|switch|p1a: Basculegion|Basculegion-F, F|100/100
|-damage|p1a: Basculegion|88/100|[from] Stealth Rock
|turn|9
|
|t:|1776117946
|-terastallize|p1a: Basculegion|Water
|move|p1a: Basculegion|Surf|p2a: Kommo-o
|-resisted|p2a: Kommo-o
|-damage|p2a: Kommo-o|19/100
|move|p2a: Kommo-o|Clanging Scales|p1a: Basculegion
|-damage|p1a: Basculegion|0 fnt
|faint|p1a: Basculegion
|-unboost|p2a: Kommo-o|def|1
|
|-weather|RainDance|[upkeep]
|upkeep
|
|t:|1776117956
|switch|p1a: Barraskewda|Barraskewda, F|100/100
|-damage|p1a: Barraskewda|88/100|[from] Stealth Rock
|turn|10
|
|t:|1776117961
|move|p1a: Barraskewda|Liquidation|p2a: Kommo-o
|-resisted|p2a: Kommo-o
|-damage|p2a: Kommo-o|0 fnt
|faint|p2a: Kommo-o
|
|-weather|RainDance|[upkeep]
|upkeep
|
|t:|1776117973
|switch|p2a: Zamazenta|Zamazenta|100/100
|-ability|p2a: Zamazenta|Dauntless Shield|boost
|-boost|p2a: Zamazenta|def|1
|turn|11
|
|t:|1776117983
|move|p1a: Barraskewda|Liquidation|p2a: Zamazenta
|-damage|p2a: Zamazenta|42/100
|move|p2a: Zamazenta|Body Press|p1a: Barraskewda
|-damage|p1a: Barraskewda|0 fnt
|faint|p1a: Barraskewda
|
|-weather|RainDance|[upkeep]
|-heal|p2a: Zamazenta|48/100|[from] item: Leftovers
|upkeep
|
|t:|1776117992
|switch|p1a: Tentacruel|Tentacruel, F|100/100
|-damage|p1a: Tentacruel|88/100|[from] Stealth Rock
|turn|12
|
|t:|1776118001
|move|p2a: Zamazenta|Body Press|p1a: Tentacruel
|-resisted|p1a: Tentacruel
|-damage|p1a: Tentacruel|58/100
|move|p1a: Tentacruel|Rapid Spin|p2a: Zamazenta
|-damage|p2a: Zamazenta|44/100
|-boost|p1a: Tentacruel|spe|1
|-sideend|p1: ColonelMustang899|Stealth Rock|[from] move: Rapid Spin|[of] p1a: Tentacruel
|
|-weather|RainDance|[upkeep]
|-heal|p2a: Zamazenta|50/100|[from] item: Leftovers
|upkeep
|turn|13
|
|t:|1776118010
|move|p1a: Tentacruel|Knock Off|p2a: Zamazenta
|-resisted|p2a: Zamazenta
|-damage|p2a: Zamazenta|46/100
|-enditem|p2a: Zamazenta|Leftovers|[from] move: Knock Off|[of] p1a: Tentacruel
|move|p2a: Zamazenta|Roar|p1a: Tentacruel
|drag|p1a: Scizor|Scizor, F|74/100
|
|-weather|RainDance|[upkeep]
|upkeep
|turn|14
|
|t:|1776118023
|move|p2a: Zamazenta|Iron Defense|p2a: Zamazenta
|-boost|p2a: Zamazenta|def|2
|move|p1a: Scizor|U-turn|p2a: Zamazenta
|-resisted|p2a: Zamazenta
|-damage|p2a: Zamazenta|38/100
|-damage|p1a: Scizor|64/100|[from] item: Life Orb
|
|t:|1776118030
|switch|p1a: Tentacruel|Tentacruel, F|58/100|[from] U-turn
|
|-weather|RainDance|[upkeep]
|upkeep
|turn|15
|
|t:|1776118035
|move|p2a: Zamazenta|Body Press|p1a: Tentacruel
|-resisted|p1a: Tentacruel
|-damage|p1a: Tentacruel|0 fnt
|faint|p1a: Tentacruel
|
|-weather|none
|upkeep
|
|t:|1776118040
|switch|p1a: Scizor|Scizor, F|64/100
|turn|16
|c|☆Jsparxs|ggs
|
|t:|1776118056
|move|p1a: Scizor|Bullet Punch|p2a: Zamazenta
|-damage|p2a: Zamazenta|24/100
|-damage|p1a: Scizor|54/100|[from] item: Life Orb
|move|p2a: Zamazenta|Body Press|p1a: Scizor
|-damage|p1a: Scizor|0 fnt
|faint|p1a: Scizor
|
|win|Jsparxs
|raw|ColonelMustang899's rating: 1410 &rarr; <strong>1388</strong><br />(-22 for losing)
|raw|Jsparxs's rating: 1376 &rarr; <strong>1398</strong><br />(+22 for winning)
|l|☆Jsparxs
|player|p2|
