|html|<div class="broadcast-blue"><strong>[Gen 9] OU is currently suspecting Tera Blast! For information on how to participate check out the <a href="https://www.smogon.com/tools/suspects/view/200">suspect thread</a>.</strong></div>
|j|☆Dripple3000
|j|☆summmm
|t:|1776039218
|gametype|singles
|player|p1|Dripple3000|ingo|1532
|player|p2|summmm|2|1565
|gen|9
|tier|[Gen 9] OU
|rated|
|rule|HP Percentage Mod: HP is shown in percentages
|rule|Endless Battle Clause: Forcing endless battles is banned
|rule|Species Clause: Limit one of each Pokémon
|rule|OHKO Clause: OHKO moves are banned
|rule|Evasion Items Clause: Evasion items are banned
|rule|Evasion Moves Clause: Evasion moves are banned
|rule|Evasion Abilities Clause: Evasion abilities are banned
|rule|Sleep Moves Clause: Sleep-inducing moves are banned
|clearpoke
|poke|p1|Pelipper, F|
|poke|p1|Barraskewda, M|
|poke|p1|Iron Treads|
|poke|p1|Overqwil, M|
|poke|p1|Raging Bolt|
|poke|p1|Kingambit, F|
|poke|p2|Ogerpon-Wellspring, F|
|poke|p2|Pecharunt|
|poke|p2|Great Tusk|
|poke|p2|Iron Crown|
|poke|p2|Landorus-Therian, M|
|poke|p2|Samurott-Hisui, F|
|teampreview
|inactive|Battle timer is ON: inactive players will automatically lose when time's up. (requested by Dripple3000)
|
|t:|1776039228
|teamsize|p1|6
|teamsize|p2|6
|start
|switch|p1a: Nigel|Pelipper, F, shiny|100/100
|switch|p2a: Iron Crown|Iron Crown|100/100
|-weather|RainDance|[from] ability: Drizzle|[of] p1a: Nigel
|turn|1
|
|t:|1776039233
|switch|p1a: Nelly|Iron Treads|100/100
|-enditem|p1a: Nelly|Booster Energy
|-activate|p1a: Nelly|ability: Quark Drive|[fromitem]
|-start|p1a: Nelly|quarkdrivespe
|move|p2a: Iron Crown|Volt Switch|p1a: Nelly
|-immune|p1a: Nelly
|
|-weather|RainDance|[upkeep]
|upkeep
|turn|2
|
|t:|1776039240
|-end|p2a: Iron Crown|Quark Drive|[silent]
|switch|p2a: Great Tusk|Great Tusk|100/100
|-enditem|p2a: Great Tusk|Booster Energy
|-activate|p2a: Great Tusk|ability: Protosynthesis|[fromitem]
|-start|p2a: Great Tusk|protosynthesisspe
|move|p1a: Nelly|Stealth Rock|p2a: Great Tusk
|-sidestart|p2: summmm|move: Stealth Rock
|
|-weather|RainDance|[upkeep]
|upkeep
|turn|3
|
|t:|1776039253
|move|p1a: Nelly|Earth Power|p2a: Great Tusk
|-damage|p2a: Great Tusk|54/100
|move|p2a: Great Tusk|Knock Off|p1a: Nelly
|-damage|p1a: Nelly|85/100
|
|-weather|RainDance|[upkeep]
|upkeep
|turn|4
|
|t:|1776039265
|move|p1a: Nelly|Steel Beam|p2a: Great Tusk
|-damage|p2a: Great Tusk|0 fnt
|-damage|p1a: Nelly|34/100|[from] steelbeam
|faint|p2a: Great Tusk
|-end|p2a: Great Tusk|Protosynthesis|[silent]
|
|-weather|RainDance|[upkeep]
|upkeep
|
|t:|1776039273
|switch|p2a: Samurott|Samurott-Hisui, F|100/100
|-damage|p2a: Samurott|88/100|[from] Stealth Rock
|turn|5
|
|t:|1776039282
|move|p1a: Nelly|Earth Power|p2a: Samurott
|-damage|p2a: Samurott|59/100
|move|p2a: Samurott|Ceaseless Edge|p1a: Nelly
|-damage|p1a: Nelly|0 fnt
|-sidestart|p1: Dripple3000|Spikes
|faint|p1a: Nelly
|-end|p1a: Nelly|Quark Drive|[silent]
|
|-weather|RainDance|[upkeep]
|upkeep
|
|t:|1776039301
|switch|p1a: Kinta|Overqwil, M|100/100
|-damage|p1a: Kinta|88/100|[from] Spikes
|turn|6
|
|t:|1776039312
|move|p1a: Kinta|Gunk Shot|p2a: Samurott
|-damage|p2a: Samurott|0 fnt
|faint|p2a: Samurott
|-damage|p1a: Kinta|78/100|[from] item: Life Orb
|
|-weather|RainDance|[upkeep]
|upkeep
|
|t:|1776039317
|switch|p2a: Landorus|Landorus-Therian, M|100/100
|-damage|p2a: Landorus|88/100|[from] Stealth Rock
|-ability|p2a: Landorus|Intimidate|boost
|-unboost|p1a: Kinta|atk|1
|turn|7
|
|t:|1776039325
|-terastallize|p1a: Kinta|Water
|move|p1a: Kinta|Liquidation|p2a: Landorus
|-supereffective|p2a: Landorus
|-damage|p2a: Landorus|0 fnt
|faint|p2a: Landorus
|-damage|p1a: Kinta|69/100|[from] item: Life Orb
|
|-weather|RainDance|[upkeep]
|upkeep
|
|t:|1776039340
|switch|p2a: Pecharunt|Pecharunt|100/100
|-damage|p2a: Pecharunt|88/100|[from] Stealth Rock
|turn|8
|
|t:|1776039345
|move|p1a: Kinta|Swords Dance|p1a: Kinta
|-boost|p1a: Kinta|atk|2
|move|p2a: Pecharunt|Malignant Chain|p1a: Kinta
|-damage|p1a: Kinta|18/100
|
|-weather|none
|upkeep
|turn|9
|
|t:|1776039355
|move|p1a: Kinta|Crunch|p2a: Pecharunt
|-supereffective|p2a: Pecharunt
|-damage|p2a: Pecharunt|15/100
|-damage|p1a: Kinta|2/100|[from] item: Rocky Helmet|[of] p2a: Pecharunt
|-damage|p1a: Kinta|0 fnt|[from] item: Life Orb
|faint|p1a: Kinta
|move|p2a: Pecharunt|Malignant Chain|p1: Kinta|[notarget]
|-fail|p2a: Pecharunt
|
|upkeep
|
|t:|1776039358
|switch|p1a: Nigel|Pelipper, F, shiny|100/100
|-weather|RainDance|[from] ability: Drizzle|[of] p1a: Nigel
|turn|10
|
|t:|1776039367
|move|p2a: Pecharunt|Recover|p2a: Pecharunt
|-heal|p2a: Pecharunt|65/100
|move|p1a: Nigel|Hurricane|p2a: Pecharunt
|-damage|p2a: Pecharunt|26/100
|
|-weather|RainDance|[upkeep]
|upkeep
|turn|11
|
|t:|1776039375
|move|p2a: Pecharunt|Recover|p2a: Pecharunt
|-heal|p2a: Pecharunt|76/100
|move|p1a: Nigel|Hurricane|p2a: Pecharunt
|-damage|p2a: Pecharunt|41/100
|
|-weather|RainDance|[upkeep]
|upkeep
|turn|12
|
|t:|1776039378
|move|p2a: Pecharunt|Recover|p2a: Pecharunt
|-heal|p2a: Pecharunt|91/100
|move|p1a: Nigel|Weather Ball|p2a: Pecharunt
|-damage|p2a: Pecharunt|45/100
|
|-weather|RainDance|[upkeep]
|upkeep
|turn|13
|
|t:|1776039383
|move|p2a: Pecharunt|Recover|p2a: Pecharunt
|-heal|p2a: Pecharunt|95/100
|move|p1a: Nigel|Weather Ball|p2a: Pecharunt
|-damage|p2a: Pecharunt|42/100
|
|-weather|RainDance|[upkeep]
|upkeep
|turn|14
|
|t:|1776039388
|move|p2a: Pecharunt|Recover|p2a: Pecharunt
|-heal|p2a: Pecharunt|92/100
|move|p1a: Nigel|Weather Ball|p2a: Pecharunt
|-damage|p2a: Pecharunt|41/100
|
|-weather|RainDance|[upkeep]
|upkeep
|turn|15
|
|t:|1776039401
|move|p2a: Pecharunt|Recover|p2a: Pecharunt
|-heal|p2a: Pecharunt|91/100
|move|p1a: Nigel|Hurricane|p2a: Pecharunt
|-crit|p2a: Pecharunt
|-damage|p2a: Pecharunt|39/100
|
|-weather|RainDance|[upkeep]
|upkeep
|turn|16
|
|t:|1776039406
|move|p2a: Pecharunt|Recover|p2a: Pecharunt
|-heal|p2a: Pecharunt|89/100
|move|p1a: Nigel|Weather Ball|p2a: Pecharunt
|-damage|p2a: Pecharunt|38/100
|
|-weather|RainDance|[upkeep]
|upkeep
|turn|17
|
|t:|1776039412
|move|p2a: Pecharunt|Recover|p2a: Pecharunt
|-heal|p2a: Pecharunt|88/100
|move|p1a: Nigel|Weather Ball|p2a: Pecharunt
|-damage|p2a: Pecharunt|39/100
|
|-weather|none
|upkeep
|turn|18
|
|t:|1776039422
|switch|p1a: Little Foot|Raging Bolt|100/100
|-damage|p1a: Little Foot|88/100|[from] Spikes
|-enditem|p1a: Little Foot|Booster Energy
|-activate|p1a: Little Foot|ability: Protosynthesis|[fromitem]
|-start|p1a: Little Foot|protosynthesisspa
|move|p2a: Pecharunt|Malignant Chain|p1a: Little Foot
|-damage|p1a: Little Foot|60/100
|-status|p1a: Little Foot|tox
|-start|p1a: Little Foot|confusion|[from] ability: Poison Puppeteer|[of] p2a: Pecharunt
|
|-damage|p1a: Little Foot|53/100 tox|[from] psn
|upkeep
|turn|19
|
|t:|1776039430
|-activate|p1a: Little Foot|confusion
|move|p1a: Little Foot|Thunder|p2a: Pecharunt
|-damage|p2a: Pecharunt|0 fnt
|faint|p2a: Pecharunt
|
|-damage|p1a: Little Foot|41/100 tox|[from] psn
|upkeep
|
|t:|1776039438
|switch|p2a: Iron Crown|Iron Crown|100/100
|-damage|p2a: Iron Crown|94/100|[from] Stealth Rock
|turn|20
|
|t:|1776039446
|-activate|p1a: Little Foot|confusion
|-damage|p1a: Little Foot|36/100 tox|[from] confusion
|move|p2a: Iron Crown|Psyshock|p1a: Little Foot
|-damage|p1a: Little Foot|0 fnt
|faint|p1a: Little Foot
|-end|p1a: Little Foot|Protosynthesis|[silent]
|
|upkeep
|
|t:|1776039450
|switch|p1a: Nigel|Pelipper, F, shiny|100/100
|-weather|RainDance|[from] ability: Drizzle|[of] p1a: Nigel
|turn|21
|
|t:|1776039460
|move|p2a: Iron Crown|Psyshock|p1a: Nigel
|-damage|p1a: Nigel|53/100
|move|p1a: Nigel|U-turn|p2a: Iron Crown
|-damage|p2a: Iron Crown|84/100
|
|t:|1776039474
|switch|p1a: Nobunaga|Kingambit, F, shiny|100/100|[from] U-turn
|-damage|p1a: Nobunaga|88/100|[from] Spikes
|-activate|p1a: Nobunaga|ability: Supreme Overlord
|-start|p1a: Nobunaga|fallen3|[silent]
|
|-weather|RainDance|[upkeep]
|-heal|p1a: Nobunaga|94/100|[from] item: Leftovers
|upkeep
|turn|22
|
|t:|1776039477
|-end|p2a: Iron Crown|Quark Drive|[silent]
|switch|p2a: Ogerpon|Ogerpon-Wellspring, F|100/100
|-damage|p2a: Ogerpon|88/100|[from] Stealth Rock
|move|p1a: Nobunaga|Sucker Punch||[still]
|-fail|p1a: Nobunaga
|
|-weather|RainDance|[upkeep]
|-heal|p1a: Nobunaga|100/100|[from] item: Leftovers
|upkeep
|turn|23
|
|t:|1776039486
|move|p2a: Ogerpon|Ivy Cudgel|p1a: Nobunaga|[anim] Ivy Cudgel Water
|-crit|p1a: Nobunaga
|-damage|p1a: Nobunaga|17/100
|move|p1a: Nobunaga|Kowtow Cleave|p2a: Ogerpon
|-damage|p2a: Ogerpon|28/100
|
|-weather|RainDance|[upkeep]
|-heal|p1a: Nobunaga|23/100|[from] item: Leftovers
|upkeep
|turn|24
|
|t:|1776039492
|move|p1a: Nobunaga|Sucker Punch||[still]
|-fail|p1a: Nobunaga
|move|p2a: Ogerpon|Synthesis|p2a: Ogerpon
|-heal|p2a: Ogerpon|53/100
|
|-weather|RainDance|[upkeep]
|-heal|p1a: Nobunaga|29/100|[from] item: Leftovers
|upkeep
|turn|25
|
|t:|1776039497
|move|p1a: Nobunaga|Sucker Punch|p2a: Ogerpon
|-damage|p2a: Ogerpon|7/100
|move|p2a: Ogerpon|Ivy Cudgel|p1a: Nobunaga|[anim] Ivy Cudgel Water
|-damage|p1a: Nobunaga|0 fnt
|faint|p1a: Nobunaga
|-end|p1a: Nobunaga|fallen3|[silent]
|
|-weather|RainDance|[upkeep]
|upkeep
|
|t:|1776039504
|switch|p1a: Nigel|Pelipper, F, shiny|53/100
|turn|26
|
|t:|1776039511
|move|p2a: Ogerpon|Ivy Cudgel|p1a: Nigel|[anim] Ivy Cudgel Water
|-resisted|p1a: Nigel
|-damage|p1a: Nigel|21/100
|move|p1a: Nigel|Weather Ball|p2a: Ogerpon
|-heal|p2a: Ogerpon|32/100|[from] ability: Water Absorb|[of] p1a: Nigel
|
|-weather|RainDance|[upkeep]
|upkeep
|turn|27
|
|t:|1776039517
|move|p2a: Ogerpon|Ivy Cudgel|p1a: Nigel|[anim] Ivy Cudgel Water
|-resisted|p1a: Nigel
|-crit|p1a: Nigel
|-damage|p1a: Nigel|0 fnt
|faint|p1a: Nigel
|
|-weather|RainDance|[upkeep]
|upkeep
|
|t:|1776039526
|switch|p1a: Ghoti|Barraskewda, M|100/100
|-damage|p1a: Ghoti|88/100|[from] Spikes
|turn|28
|
|t:|1776039530
|move|p1a: Ghoti|Close Combat|p2a: Ogerpon
|-damage|p2a: Ogerpon|0 fnt
|-unboost|p1a: Ghoti|def|1
|-unboost|p1a: Ghoti|spd|1
|faint|p2a: Ogerpon
|
|-weather|none
|upkeep
|
|t:|1776039533
|switch|p2a: Iron Crown|Iron Crown|84/100
|-damage|p2a: Iron Crown|77/100|[from] Stealth Rock
|turn|29
|
|t:|1776039535
|move|p1a: Ghoti|Close Combat|p2a: Iron Crown
|-crit|p2a: Iron Crown
|-damage|p2a: Iron Crown|0 fnt
|-unboost|p1a: Ghoti|def|1
|-unboost|p1a: Ghoti|spd|1
|faint|p2a: Iron Crown
|-end|p2a: Iron Crown|Quark Drive|[silent]
|
|win|Dripple3000
|raw|Dripple3000's rating: 1532 &rarr; <strong>1554</strong><br />(+22 for winning)
|raw|summmm's rating: 1565 &rarr; <strong>1543</strong><br />(-22 for losing)
|l|☆summmm
|player|p2|
|l|☆Dripple3000
|player|p1|
