|html|<div class="broadcast-blue"><strong>[Gen 9] OU is currently suspecting Tera Blast! For information on how to participate check out the <a href="https://www.smogon.com/tools/suspects/view/200">suspect thread</a>.</strong></div>
|j|☆TJinthehouse2007
|j|☆Deimos8696
|t:|1776054277
|gametype|singles
|player|p1|TJinthehouse2007|wallace|1324
|player|p2|Deimos8696|miku-psychic|1308
|gen|9
|tier|[Gen 9] OU
|rated|
|rule|HP Percentage Mod: HP is shown in percentages
|rule|Endless Battle Clause: Forcing endless battles is banned
|rule|Species Clause: Limit one of each Pokémon
|rule|OHKO Clause: OHKO moves are banned
|rule|Evasion Items Clause: Evasion items are banned
|rule|Evasion Moves Clause: Evasion moves are banned
|rule|Evasion Abilities Clause: Evasion abilities are banned
|rule|Sleep Moves Clause: Sleep-inducing moves are banned
|clearpoke
|poke|p1|Tatsugiri, M|
|poke|p1|Ogerpon, F|
|poke|p1|Iron Valiant|
|poke|p1|Kingambit, F|
|poke|p1|Iron Moth|
|poke|p1|Gliscor, F|
|poke|p2|Yanmega, F|
|poke|p2|Garchomp, M|
|poke|p2|Hatterene, F|
|poke|p2|Zamazenta-*|
|poke|p2|Heatran, F|
|poke|p2|Clodsire, M|
|teampreview
|inactive|Battle timer is ON: inactive players will automatically lose when time's up. (requested by Deimos8696)
|
|t:|1776054305
|teamsize|p1|6
|teamsize|p2|6
|start
|switch|p1a: Gliscor|Gliscor, F|100/100
|switch|p2a: Garchomp|Garchomp, M|100/100
|turn|1
|
|t:|1776054334
|move|p2a: Garchomp|Stealth Rock|p1a: Gliscor
|-sidestart|p1: TJinthehouse2007|move: Stealth Rock
|move|p1a: Gliscor|Swords Dance|p1a: Gliscor
|-boost|p1a: Gliscor|atk|2
|
|-status|p1a: Gliscor|tox|[from] item: Toxic Orb
|upkeep
|turn|2
|
|t:|1776054361
|move|p1a: Gliscor|Earthquake|p2a: Garchomp
|-damage|p2a: Garchomp|29/100
|move|p2a: Garchomp|Dragon Tail|p1a: Gliscor
|-damage|p1a: Gliscor|76/100 tox
|drag|p1a: Iron Valiant|Iron Valiant|100/100
|-damage|p1a: Iron Valiant|94/100|[from] Stealth Rock
|-enditem|p1a: Iron Valiant|Booster Energy
|-activate|p1a: Iron Valiant|ability: Quark Drive|[fromitem]
|-start|p1a: Iron Valiant|quarkdrivespe
|
|upkeep
|turn|3
|
|t:|1776054370
|switch|p2a: Clodsire|Clodsire, M|100/100
|move|p1a: Iron Valiant|Moonblast|p2a: Clodsire
|-resisted|p2a: Clodsire
|-damage|p2a: Clodsire|87/100
|
|-heal|p2a: Clodsire|93/100|[from] item: Black Sludge
|upkeep
|turn|4
|
|t:|1776054380
|move|p1a: Iron Valiant|Knock Off|p2a: Clodsire
|-damage|p2a: Clodsire|61/100
|-enditem|p2a: Clodsire|Black Sludge|[from] move: Knock Off|[of] p1a: Iron Valiant
|move|p2a: Clodsire|Toxic|p1a: Iron Valiant
|-status|p1a: Iron Valiant|tox
|
|-damage|p1a: Iron Valiant|88/100 tox|[from] psn
|upkeep
|turn|5
|
|t:|1776054389
|-end|p1a: Iron Valiant|Quark Drive|[silent]
|switch|p1a: Gliscor|Gliscor, F|76/100 tox
|-damage|p1a: Gliscor|63/100 tox|[from] Stealth Rock
|move|p2a: Clodsire|Protect||[still]
|-fail|p2a: Clodsire
|
|-heal|p1a: Gliscor|76/100 tox|[from] ability: Poison Heal
|upkeep
|turn|6
|
|t:|1776054406
|switch|p2a: Yanmega|Yanmega, F|100/100
|move|p1a: Gliscor|Facade|p2a: Yanmega
|-damage|p2a: Yanmega|65/100
|
|-heal|p1a: Gliscor|88/100 tox|[from] ability: Poison Heal
|upkeep
|turn|7
|inactive|TJinthehouse2007 has 120 seconds left.
|
|t:|1776054457
|move|p2a: Yanmega|Bug Buzz|p1a: Gliscor
|-resisted|p1a: Gliscor
|-damage|p1a: Gliscor|36/100 tox
|move|p1a: Gliscor|Facade|p2a: Yanmega
|-damage|p2a: Yanmega|30/100
|
|-heal|p1a: Gliscor|49/100 tox|[from] ability: Poison Heal
|upkeep
|turn|8
|
|t:|1776054475
|switch|p1a: Iron Moth|Iron Moth|100/100
|-damage|p1a: Iron Moth|76/100|[from] Stealth Rock
|move|p2a: Yanmega|Bug Buzz|p1a: Iron Moth
|-resisted|p1a: Iron Moth
|-crit|p1a: Iron Moth
|-damage|p1a: Iron Moth|20/100
|
|upkeep
|turn|9
|
|t:|1776054493
|switch|p2a: Clodsire|Clodsire, M|61/100
|move|p1a: Iron Moth|Fiery Dance|p2a: Clodsire
|-damage|p2a: Clodsire|33/100
|-damage|p1a: Iron Moth|10/100|[from] item: Life Orb
|
|upkeep
|turn|10
|inactive|TJinthehouse2007 has 90 seconds left.
|
|t:|1776054518
|move|p1a: Iron Moth|Fiery Dance|p2a: Clodsire
|-damage|p2a: Clodsire|4/100
|-boost|p1a: Iron Moth|spa|1
|-damage|p1a: Iron Moth|0 fnt|[from] item: Life Orb
|faint|p1a: Iron Moth
|-end|p1a: Iron Moth|Quark Drive|[silent]
|move|p2a: Clodsire|Recover|p2a: Clodsire
|-heal|p2a: Clodsire|54/100
|
|upkeep
|inactive|TJinthehouse2007 has 90 seconds left.
|
|t:|1776054541
|switch|p1a: Tatsugiri|Tatsugiri, M|100/100
|-damage|p1a: Tatsugiri|88/100|[from] Stealth Rock
|turn|11
|
|t:|1776054569
|move|p1a: Tatsugiri|Rapid Spin|p2a: Clodsire
|-damage|p2a: Clodsire|47/100
|-boost|p1a: Tatsugiri|spe|1
|-sideend|p1: TJinthehouse2007|Stealth Rock|[from] move: Rapid Spin|[of] p1a: Tatsugiri
|move|p2a: Clodsire|Toxic|p1a: Tatsugiri
|-status|p1a: Tatsugiri|tox
|
|-damage|p1a: Tatsugiri|82/100 tox|[from] psn
|upkeep
|turn|12
|inactive|TJinthehouse2007 has 90 seconds left.
|
|t:|1776054580
|switch|p1a: Gliscor|Gliscor, F|49/100 tox
|move|p2a: Clodsire|Recover|p2a: Clodsire
|-heal|p2a: Clodsire|97/100
|
|-heal|p1a: Gliscor|61/100 tox|[from] ability: Poison Heal
|upkeep
|turn|13
|inactive|TJinthehouse2007 has 90 seconds left.
|inactive|Deimos8696 has 120 seconds left.
|
|t:|1776054607
|switch|p2a: Garchomp|Garchomp, M|29/100
|move|p1a: Gliscor|Knock Off|p2a: Garchomp
|-damage|p2a: Garchomp|7/100
|-damage|p1a: Gliscor|49/100 tox|[from] ability: Rough Skin|[of] p2a: Garchomp
|-damage|p1a: Gliscor|32/100 tox|[from] item: Rocky Helmet|[of] p2a: Garchomp
|-enditem|p2a: Garchomp|Rocky Helmet|[from] move: Knock Off|[of] p1a: Gliscor
|
|-heal|p1a: Gliscor|45/100 tox|[from] ability: Poison Heal
|upkeep
|turn|14
|inactive|TJinthehouse2007 has 90 seconds left.
|inactive|Deimos8696 has 120 seconds left.
|
|t:|1776054622
|move|p2a: Garchomp|Stealth Rock|p1a: Gliscor
|-sidestart|p1: TJinthehouse2007|move: Stealth Rock
|move|p1a: Gliscor|Earthquake|p2a: Garchomp
|-damage|p2a: Garchomp|0 fnt
|faint|p2a: Garchomp
|
|-heal|p1a: Gliscor|57/100 tox|[from] ability: Poison Heal
|upkeep
|inactive|Deimos8696 has 120 seconds left.
|
|t:|1776054631
|switch|p2a: Yanmega|Yanmega, F|30/100
|turn|15
|inactive|TJinthehouse2007 has 90 seconds left.
|inactive|TJinthehouse2007 has 60 seconds left.
|
|t:|1776054673
|switch|p1a: Ogerpon|Ogerpon, F|100/100
|-damage|p1a: Ogerpon|88/100|[from] Stealth Rock
|move|p2a: Yanmega|Bug Buzz|p1a: Ogerpon
|-supereffective|p1a: Ogerpon
|-damage|p1a: Ogerpon|0 fnt
|faint|p1a: Ogerpon
|
|upkeep
|inactive|TJinthehouse2007 has 60 seconds left.
|
|t:|1776054680
|switch|p1a: Tatsugiri|Tatsugiri, M|82/100 tox
|-damage|p1a: Tatsugiri|70/100 tox|[from] Stealth Rock
|turn|16
|
|t:|1776054687
|move|p1a: Tatsugiri|Hydro Pump|p2a: Yanmega
|-crit|p2a: Yanmega
|-damage|p2a: Yanmega|0 fnt
|faint|p2a: Yanmega
|
|-damage|p1a: Tatsugiri|64/100 tox|[from] psn
|upkeep
|
|t:|1776054693
|switch|p2a: Clodsire|Clodsire, M|97/100
|turn|17
|
|t:|1776054696
|move|p2a: Clodsire|Protect|p2a: Clodsire
|-singleturn|p2a: Clodsire|Protect
|move|p1a: Tatsugiri|Hydro Pump|p2a: Clodsire
|-activate|p2a: Clodsire|move: Protect
|
|-damage|p1a: Tatsugiri|51/100 tox|[from] psn
|upkeep
|turn|18
|
|t:|1776054720
|move|p1a: Tatsugiri|Hydro Pump|p2a: Clodsire
|-heal|p2a: Clodsire|100/100|[from] ability: Water Absorb|[of] p1a: Tatsugiri
|move|p2a: Clodsire|Earthquake|p1a: Tatsugiri
|-damage|p1a: Tatsugiri|0 fnt
|faint|p1a: Tatsugiri
|
|upkeep
|inactive|TJinthehouse2007 has 90 seconds left.
|
|t:|1776054726
|switch|p1a: Gliscor|Gliscor, F|57/100 tox
|-damage|p1a: Gliscor|45/100 tox|[from] Stealth Rock
|turn|19
|
|t:|1776054733
|move|p2a: Clodsire|Protect|p2a: Clodsire
|-singleturn|p2a: Clodsire|Protect
|move|p1a: Gliscor|Swords Dance|p1a: Gliscor
|-boost|p1a: Gliscor|atk|2
|
|-heal|p1a: Gliscor|57/100 tox|[from] ability: Poison Heal
|upkeep
|turn|20
|
|t:|1776054743
|switch|p2a: Hatterene|Hatterene, F|100/100
|move|p1a: Gliscor|Earthquake|p2a: Hatterene
|-damage|p2a: Hatterene|26/100
|
|-heal|p1a: Gliscor|70/100 tox|[from] ability: Poison Heal
|upkeep
|turn|21
|
|t:|1776054757
|move|p1a: Gliscor|Earthquake|p2a: Hatterene
|-damage|p2a: Hatterene|0 fnt
|faint|p2a: Hatterene
|
|-heal|p1a: Gliscor|82/100 tox|[from] ability: Poison Heal
|upkeep
|
|t:|1776054760
|switch|p2a: Heatran|Heatran, F|100/100
|-item|p2a: Heatran|Air Balloon
|turn|22
|
|t:|1776054764
|move|p1a: Gliscor|Knock Off|p2a: Heatran
|-damage|p2a: Heatran|64/100
|-enditem|p2a: Heatran|Air Balloon
|move|p2a: Heatran|Magma Storm|p1a: Gliscor
|-damage|p1a: Gliscor|33/100 tox
|-activate|p1a: Gliscor|move: Magma Storm|[of] p2a: Heatran
|
|-heal|p1a: Gliscor|45/100 tox|[from] ability: Poison Heal
|-damage|p1a: Gliscor|33/100 tox|[from] move: Magma Storm|[partiallytrapped]
|upkeep
|turn|23
|
|t:|1776054794
|-terastallize|p2a: Heatran|Flying
|move|p1a: Gliscor|Earthquake|p2a: Heatran
|-immune|p2a: Heatran
|move|p2a: Heatran|Flamethrower|p1a: Gliscor
|-damage|p1a: Gliscor|0 fnt
|faint|p1a: Gliscor
|
|upkeep
|inactive|TJinthehouse2007 has 90 seconds left.
|
|t:|1776054825
|switch|p1a: Iron Valiant|Iron Valiant|88/100 tox
|-damage|p1a: Iron Valiant|82/100 tox|[from] Stealth Rock
|turn|24
|inactive|TJinthehouse2007 has 90 seconds left.
|
|t:|1776054846
|move|p1a: Iron Valiant|Thunderbolt|p2a: Heatran
|-supereffective|p2a: Heatran
|-damage|p2a: Heatran|14/100
|move|p2a: Heatran|Flash Cannon|p1a: Iron Valiant
|-supereffective|p1a: Iron Valiant
|-crit|p1a: Iron Valiant
|-damage|p1a: Iron Valiant|0 fnt
|faint|p1a: Iron Valiant
|-end|p1a: Iron Valiant|Quark Drive|[silent]
|
|upkeep
|
|t:|1776054851
|switch|p1a: Kingambit|Kingambit, F|100/100
|-damage|p1a: Kingambit|94/100|[from] Stealth Rock
|-activate|p1a: Kingambit|ability: Supreme Overlord
|-start|p1a: Kingambit|fallen5|[silent]
|turn|25
|
|t:|1776054874
|-terastallize|p1a: Kingambit|Ghost
|move|p1a: Kingambit|Swords Dance|p1a: Kingambit
|-boost|p1a: Kingambit|atk|2
|move|p2a: Heatran|Magma Storm|p1a: Kingambit|[miss]
|-miss|p2a: Heatran|p1a: Kingambit
|
|upkeep
|turn|26
|j| ohko_smeargle
|
|t:|1776054891
|move|p1a: Kingambit|Iron Head|p2a: Heatran
|-damage|p2a: Heatran|0 fnt
|faint|p2a: Heatran
|
|upkeep
|
|t:|1776054892
|switch|p2a: Zamazenta|Zamazenta|100/100
|-ability|p2a: Zamazenta|Dauntless Shield|boost
|-boost|p2a: Zamazenta|def|1
|turn|27
|
|t:|1776054899
|move|p2a: Zamazenta|Iron Defense|p2a: Zamazenta
|-boost|p2a: Zamazenta|def|2
|move|p1a: Kingambit|Iron Head|p2a: Zamazenta
|-damage|p2a: Zamazenta|59/100
|
|upkeep
|turn|28
|
|t:|1776054907
|move|p2a: Zamazenta|Iron Defense|p2a: Zamazenta
|-boost|p2a: Zamazenta|def|2
|move|p1a: Kingambit|Iron Head|p2a: Zamazenta
|-damage|p2a: Zamazenta|30/100
|
|upkeep
|turn|29
|inactive|TJinthehouse2007 has 90 seconds left.
|
|t:|1776054914
|move|p2a: Zamazenta|Iron Head|p1a: Kingambit
|-crit|p1a: Kingambit
|-damage|p1a: Kingambit|59/100
|move|p1a: Kingambit|Iron Head|p2a: Zamazenta
|-damage|p2a: Zamazenta|0 fnt
|faint|p2a: Zamazenta
|
|upkeep
|
|t:|1776054920
|switch|p2a: Clodsire|Clodsire, M|100/100
|turn|30
|
|t:|1776054923
|move|p1a: Kingambit|Kowtow Cleave|p2a: Clodsire
|-damage|p2a: Clodsire|0 fnt
|faint|p2a: Clodsire
|
|win|TJinthehouse2007
|raw|TJinthehouse2007's rating: 1324 &rarr; <strong>1343</strong><br />(+19 for winning)
|raw|Deimos8696's rating: 1308 &rarr; <strong>1289</strong><br />(-19 for losing)
|l| ohko_smeargle
|l|☆Deimos8696
|player|p2|
|l|☆TJinthehouse2007
|player|p1|
