|html|<div class="broadcast-blue"><strong>[Gen 9] OU is currently suspecting Tera Blast! For information on how to participate check out the <a href="https://www.smogon.com/tools/suspects/view/200">suspect thread</a>.</strong></div>
|j|☆Honda Civic XII
|j|☆AkumaH1ro
|t:|1776088541
|gametype|singles
|player|p1|Honda Civic XII|collector|1322
|player|p2|AkumaH1ro|steven|1391
|gen|9
|tier|[Gen 9] OU
|rated|
|rule|HP Percentage Mod: HP is shown in percentages
|rule|Endless Battle Clause: Forcing endless battles is banned
|rule|Species Clause: Limit one of each Pokémon
|rule|OHKO Clause: OHKO moves are banned
|rule|Evasion Items Clause: Evasion items are banned
|rule|Evasion Moves Clause: Evasion moves are banned
|rule|Evasion Abilities Clause: Evasion abilities are banned
|rule|Sleep Moves Clause: Sleep-inducing moves are banned
|clearpoke
|poke|p1|Clefable, F|
|poke|p1|Dragonite, M|
|poke|p1|Snorlax, M|
|poke|p1|Lapras, M|
|poke|p1|Gengar, F|
|poke|p1|Hitmonlee, M|
|poke|p2|Gholdengo|
|poke|p2|Zamazenta-*|
|poke|p2|Rotom-Wash|
|poke|p2|Dragonite, F|
|poke|p2|Landorus-Therian, M|
|poke|p2|Rillaboom, M|
|teampreview
|
|t:|1776088549
|teamsize|p1|6
|teamsize|p2|6
|start
|switch|p1a: Lapras|Lapras, M|100/100
|switch|p2a: Landorus|Landorus-Therian, M|100/100
|-ability|p2a: Landorus|Intimidate|boost
|-unboost|p1a: Lapras|atk|1
|turn|1
|
|t:|1776088553
|move|p2a: Landorus|Stealth Rock|p1a: Lapras
|-sidestart|p1: Honda Civic XII|move: Stealth Rock
|move|p1a: Lapras|Freeze-Dry|p2a: Landorus
|-supereffective|p2a: Landorus
|-damage|p2a: Landorus|0 fnt
|faint|p2a: Landorus
|
|upkeep
|
|t:|1776088556
|switch|p2a: Rillaboom|Rillaboom, M|100/100
|-fieldstart|move: Grassy Terrain|[from] ability: Grassy Surge|[of] p2a: Rillaboom
|turn|2
|
|t:|1776088561
|switch|p1a: Clefable|Clefable, F|100/100
|move|p2a: Rillaboom|Fake Out|p1a: Clefable
|-damage|p1a: Clefable|90/100
|
|-heal|p1a: Clefable|96/100|[from] Grassy Terrain
|upkeep
|turn|3
|
|t:|1776088570
|switch|p2a: Gholdengo|Gholdengo|100/100
|move|p1a: Clefable|Knock Off|p2a: Gholdengo
|-supereffective|p2a: Gholdengo
|-damage|p2a: Gholdengo|62/100
|-enditem|p2a: Gholdengo|Choice Scarf|[from] move: Knock Off|[of] p1a: Clefable
|
|-heal|p2a: Gholdengo|68/100|[from] Grassy Terrain
|-heal|p1a: Clefable|100/100|[from] Grassy Terrain
|upkeep
|turn|4
|
|t:|1776088574
|switch|p1a: Snorlax|Snorlax, M|100/100
|-damage|p1a: Snorlax|88/100|[from] Stealth Rock
|move|p2a: Gholdengo|Make It Rain|p1a: Snorlax
|-damage|p1a: Snorlax|60/100
|-unboost|p2a: Gholdengo|spa|1
|
|-heal|p2a: Gholdengo|74/100|[from] Grassy Terrain
|-heal|p1a: Snorlax|66/100|[from] Grassy Terrain
|upkeep
|turn|5
|
|t:|1776088580
|move|p2a: Gholdengo|Trick|p1a: Snorlax
|-activate|p2a: Gholdengo|move: Trick|[of] p1a: Snorlax
|-enditem|p1a: Snorlax|Assault Vest|[silent]|[from] move: Trick
|-item|p2a: Gholdengo|Assault Vest|[from] move: Trick
|move|p1a: Snorlax|Body Slam|p2a: Gholdengo
|-immune|p2a: Gholdengo
|
|-heal|p2a: Gholdengo|80/100|[from] Grassy Terrain
|-heal|p1a: Snorlax|72/100|[from] Grassy Terrain
|upkeep
|turn|6
|
|t:|1776088590
|move|p2a: Gholdengo|Make It Rain|p1a: Snorlax
|-damage|p1a: Snorlax|45/100
|-unboost|p2a: Gholdengo|spa|1
|move|p1a: Snorlax|Heat Crash|p2a: Gholdengo
|-supereffective|p2a: Gholdengo
|-damage|p2a: Gholdengo|0 fnt
|faint|p2a: Gholdengo
|
|-heal|p1a: Snorlax|51/100|[from] Grassy Terrain
|-fieldend|move: Grassy Terrain
|upkeep
|
|t:|1776088596
|switch|p2a: Zamazenta|Zamazenta|100/100
|-ability|p2a: Zamazenta|Dauntless Shield|boost
|-boost|p2a: Zamazenta|def|1
|turn|7
|
|t:|1776088602
|switch|p1a: Clefable|Clefable, F|100/100
|move|p2a: Zamazenta|Iron Head|p1a: Clefable
|-supereffective|p1a: Clefable
|-damage|p1a: Clefable|45/100
|
|upkeep
|turn|8
|
|t:|1776088605
|move|p2a: Zamazenta|Iron Head|p1a: Clefable
|-supereffective|p1a: Clefable
|-damage|p1a: Clefable|0 fnt
|faint|p1a: Clefable
|
|upkeep
|
|t:|1776088608
|switch|p1a: Gengar|Gengar, F|100/100
|-damage|p1a: Gengar|88/100|[from] Stealth Rock
|turn|9
|
|t:|1776088613
|move|p1a: Gengar|Destiny Bond|p1a: Gengar
|-singlemove|p1a: Gengar|Destiny Bond
|move|p2a: Zamazenta|Iron Head|p1a: Gengar
|-damage|p1a: Gengar|17/100
|
|upkeep
|turn|10
|
|t:|1776088622
|switch|p2a: Rillaboom|Rillaboom, M|100/100
|-fieldstart|move: Grassy Terrain|[from] ability: Grassy Surge|[of] p2a: Rillaboom
|move|p1a: Gengar|Destiny Bond||[still]
|-fail|p1a: Gengar
|
|-heal|p1a: Gengar|23/100|[from] Grassy Terrain
|upkeep
|turn|11
|
|t:|1776088625
|switch|p1a: Dragonite|Dragonite, M|100/100
|move|p2a: Rillaboom|Grassy Glide|p1a: Dragonite
|-resisted|p1a: Dragonite
|-damage|p1a: Dragonite|96/100
|
|upkeep
|turn|12
|
|t:|1776088633
|move|p2a: Rillaboom|Knock Off|p1a: Dragonite
|-damage|p1a: Dragonite|60/100
|-enditem|p1a: Dragonite|Heavy-Duty Boots|[from] move: Knock Off|[of] p2a: Rillaboom
|move|p1a: Dragonite|Ice Spinner|p2a: Rillaboom
|-supereffective|p2a: Rillaboom
|-damage|p2a: Rillaboom|39/100
|-fieldend|move: Grassy Terrain
|
|upkeep
|turn|13
|
|t:|1776088639
|switch|p2a: Rotom|Rotom-Wash|100/100
|move|p1a: Dragonite|Roost|p1a: Dragonite
|-heal|p1a: Dragonite|100/100
|-singleturn|p1a: Dragonite|move: Roost
|
|upkeep
|turn|14
|
|t:|1776088641
|switch|p1a: Lapras|Lapras, M|100/100
|-damage|p1a: Lapras|76/100|[from] Stealth Rock
|move|p2a: Rotom|Will-O-Wisp|p1a: Lapras
|-status|p1a: Lapras|brn
|
|-heal|p1a: Lapras|82/100 brn|[from] item: Leftovers
|-damage|p1a: Lapras|76/100 brn|[from] brn
|upkeep
|turn|15
|
|t:|1776088646
|-terastallize|p1a: Lapras|Ground
|move|p2a: Rotom|Volt Switch|p1a: Lapras
|-immune|p1a: Lapras
|move|p1a: Lapras|Freeze-Dry|p2a: Rotom
|-supereffective|p2a: Rotom
|-damage|p2a: Rotom|39/100
|
|-heal|p2a: Rotom|46/100|[from] item: Leftovers
|-heal|p1a: Lapras|82/100 brn|[from] item: Leftovers
|-damage|p1a: Lapras|76/100 brn|[from] brn
|upkeep
|turn|16
|
|t:|1776088651
|move|p2a: Rotom|Hydro Pump|p1a: Lapras
|-heal|p1a: Lapras|100/100 brn|[from] ability: Water Absorb|[of] p2a: Rotom
|move|p1a: Lapras|Freeze-Dry|p2a: Rotom
|-supereffective|p2a: Rotom
|-damage|p2a: Rotom|0 fnt
|faint|p2a: Rotom
|
|-damage|p1a: Lapras|94/100 brn|[from] brn
|upkeep
|
|t:|1776088655
|switch|p2a: Rillaboom|Rillaboom, M|39/100
|-fieldstart|move: Grassy Terrain|[from] ability: Grassy Surge|[of] p2a: Rillaboom
|turn|17
|
|t:|1776088659
|switch|p1a: Dragonite|Dragonite, M|100/100
|-damage|p1a: Dragonite|75/100|[from] Stealth Rock
|move|p2a: Rillaboom|Fake Out|p1a: Dragonite
|-damage|p1a: Dragonite|62/100
|
|-heal|p2a: Rillaboom|45/100|[from] Grassy Terrain
|upkeep
|turn|18
|
|t:|1776088663
|switch|p2a: Dragonite|Dragonite, F|100/100
|move|p1a: Dragonite|Ice Spinner|p2a: Dragonite
|-supereffective|p2a: Dragonite
|-damage|p2a: Dragonite|0 fnt
|-fieldend|move: Grassy Terrain
|faint|p2a: Dragonite
|
|upkeep
|
|t:|1776088665
|switch|p2a: Zamazenta|Zamazenta|100/100
|turn|19
|
|t:|1776088669
|move|p2a: Zamazenta|Ice Fang|p1a: Dragonite
|-supereffective|p1a: Dragonite
|-damage|p1a: Dragonite|0 fnt
|faint|p1a: Dragonite
|
|upkeep
|
|t:|1776088678
|switch|p1a: Gengar|Gengar, F|23/100
|-damage|p1a: Gengar|10/100|[from] Stealth Rock
|turn|20
|
|t:|1776088682
|switch|p2a: Rillaboom|Rillaboom, M|45/100
|-fieldstart|move: Grassy Terrain|[from] ability: Grassy Surge|[of] p2a: Rillaboom
|move|p1a: Gengar|Trick|p2a: Rillaboom
|-activate|p1a: Gengar|move: Trick|[of] p2a: Rillaboom
|-item|p2a: Rillaboom|Choice Scarf|[from] move: Trick
|-item|p1a: Gengar|Assault Vest|[from] move: Trick
|
|-heal|p1a: Gengar|17/100|[from] Grassy Terrain
|-heal|p2a: Rillaboom|51/100|[from] Grassy Terrain
|upkeep
|turn|21
|
|t:|1776088692
|-terastallize|p2a: Rillaboom|Grass
|move|p2a: Rillaboom|Grassy Glide|p1a: Gengar
|-resisted|p1a: Gengar
|-damage|p1a: Gengar|0 fnt
|faint|p1a: Gengar
|
|-heal|p2a: Rillaboom|58/100|[from] Grassy Terrain
|upkeep
|
|t:|1776088698
|switch|p1a: Hitmonlee|Hitmonlee, M|100/100
|turn|22
|
|t:|1776088704
|move|p2a: Rillaboom|Grassy Glide|p1a: Hitmonlee
|-damage|p1a: Hitmonlee|0 fnt
|faint|p1a: Hitmonlee
|
|-heal|p2a: Rillaboom|64/100|[from] Grassy Terrain
|upkeep
|
|t:|1776088707
|switch|p1a: Lapras|Lapras, M, tera:Ground|94/100 brn
|-damage|p1a: Lapras|88/100 brn|[from] Stealth Rock
|turn|23
|
|t:|1776088709
|move|p2a: Rillaboom|Grassy Glide|p1a: Lapras
|-supereffective|p1a: Lapras
|-damage|p1a: Lapras|1/100 brn
|move|p1a: Lapras|Freeze-Dry|p2a: Rillaboom
|-supereffective|p2a: Rillaboom
|-damage|p2a: Rillaboom|0 fnt
|faint|p2a: Rillaboom
|
|-heal|p1a: Lapras|7/100 brn|[from] Grassy Terrain
|-heal|p1a: Lapras|13/100 brn|[from] item: Leftovers
|-damage|p1a: Lapras|7/100 brn|[from] brn
|upkeep
|
|t:|1776088713
|switch|p2a: Zamazenta|Zamazenta|100/100
|turn|24
|
|t:|1776088717
|move|p2a: Zamazenta|Close Combat|p1a: Lapras
|-damage|p1a: Lapras|0 fnt
|-unboost|p2a: Zamazenta|def|1
|-unboost|p2a: Zamazenta|spd|1
|faint|p1a: Lapras
|
|-fieldend|move: Grassy Terrain
|upkeep
|-message|Honda Civic XII forfeited.
|
|win|AkumaH1ro
|raw|Honda Civic XII's rating: 1322 &rarr; <strong>1306</strong><br />(-16 for losing)
|raw|AkumaH1ro's rating: 1391 &rarr; <strong>1407</strong><br />(+16 for winning)
|l|☆Honda Civic XII
|player|p1|
|l|☆AkumaH1ro
|player|p2|
