|html|<div class="broadcast-blue"><strong>[Gen 9] OU is currently suspecting Tera Blast! For information on how to participate check out the <a href="https://www.smogon.com/tools/suspects/view/200">suspect thread</a>.</strong></div>
|j|☆shushue
|j|☆saxsofunny
|t:|1776041802
|gametype|singles
|player|p1|shushue|102|1120
|player|p2|saxsofunny|harlequin|1163
|gen|9
|tier|[Gen 9] OU
|rated|
|rule|HP Percentage Mod: HP is shown in percentages
|rule|Endless Battle Clause: Forcing endless battles is banned
|rule|Species Clause: Limit one of each Pokémon
|rule|OHKO Clause: OHKO moves are banned
|rule|Evasion Items Clause: Evasion items are banned
|rule|Evasion Moves Clause: Evasion moves are banned
|rule|Evasion Abilities Clause: Evasion abilities are banned
|rule|Sleep Moves Clause: Sleep-inducing moves are banned
|clearpoke
|poke|p1|Tornadus-Therian, M|
|poke|p1|Iron Moth|
|poke|p1|Dragonite, M|
|poke|p1|Heatran, F|
|poke|p1|Clefable, M|
|poke|p1|Cinderace, M|
|poke|p2|Rillaboom, M|
|poke|p2|Dondozo, M|
|poke|p2|Cinderace, M|
|poke|p2|Garchomp, M|
|poke|p2|Iron Treads|
|poke|p2|Zapdos|
|teampreview
|inactive|Battle timer is ON: inactive players will automatically lose when time's up. (requested by saxsofunny)
|
|t:|1776041819
|teamsize|p1|6
|teamsize|p2|6
|start
|switch|p1a: Heatran|Heatran, F|100/100
|switch|p2a: Dondozo|Dondozo, M|100/100
|-item|p1a: Heatran|Air Balloon
|turn|1
|
|t:|1776041841
|move|p1a: Heatran|Stealth Rock|p2a: Dondozo
|-sidestart|p2: saxsofunny|move: Stealth Rock
|move|p2a: Dondozo|Wave Crash|p1a: Heatran
|-supereffective|p1a: Heatran
|-damage|p1a: Heatran|35/100
|-enditem|p1a: Heatran|Air Balloon
|-damage|p2a: Dondozo|82/100|[from] Recoil
|
|upkeep
|turn|2
|c|☆shushue|gl hf
|
|t:|1776041852
|move|p1a: Heatran|Will-O-Wisp|p2a: Dondozo|[miss]
|-miss|p1a: Heatran|p2a: Dondozo
|move|p2a: Dondozo|Earthquake|p1a: Heatran
|-supereffective|p1a: Heatran
|-damage|p1a: Heatran|0 fnt
|faint|p1a: Heatran
|
|upkeep
|inactive|shushue has 120 seconds left.
|
|t:|1776041891
|switch|p1a: Cinderace|Cinderace, M|100/100
|turn|3
|
|t:|1776041906
|move|p1a: Cinderace|Trailblaze|p2a: Dondozo
|-start|p1a: Cinderace|typechange|Grass|[from] ability: Libero
|-supereffective|p2a: Dondozo
|-damage|p2a: Dondozo|45/100
|-boost|p1a: Cinderace|spe|1
|-damage|p1a: Cinderace|91/100|[from] item: Life Orb
|move|p2a: Dondozo|Earthquake|p1a: Cinderace
|-resisted|p1a: Cinderace
|-crit|p1a: Cinderace
|-damage|p1a: Cinderace|68/100
|
|upkeep
|turn|4
|inactive|shushue has 120 seconds left.
|
|t:|1776041928
|move|p1a: Cinderace|High Jump Kick|p2a: Dondozo
|-damage|p2a: Dondozo|10/100
|-damage|p1a: Cinderace|58/100|[from] item: Life Orb
|move|p2a: Dondozo|Avalanche|p1a: Cinderace
|-supereffective|p1a: Cinderace
|-damage|p1a: Cinderace|0 fnt
|faint|p1a: Cinderace
|
|upkeep
|
|t:|1776041937
|switch|p1a: Dragonite|Dragonite, M|100/100
|turn|5
|
|t:|1776041949
|move|p1a: Dragonite|Dragon Dance|p1a: Dragonite
|-boost|p1a: Dragonite|atk|1
|-boost|p1a: Dragonite|spe|1
|move|p2a: Dondozo|Avalanche|p1a: Dragonite
|-supereffective|p1a: Dragonite
|-damage|p1a: Dragonite|67/100
|
|upkeep
|turn|6
|
|t:|1776041961
|move|p1a: Dragonite|Dragon Claw|p2a: Dondozo
|-damage|p2a: Dondozo|0 fnt
|faint|p2a: Dondozo
|
|upkeep
|inactive|saxsofunny has 120 seconds left.
|
|t:|1776042006
|switch|p2a: Rillaboom|Rillaboom, M|100/100
|-damage|p2a: Rillaboom|88/100|[from] Stealth Rock
|-fieldstart|move: Grassy Terrain|[from] ability: Grassy Surge|[of] p2a: Rillaboom
|turn|7
|
|t:|1776042017
|move|p2a: Rillaboom|Fake Out|p1a: Dragonite
|-crit|p1a: Dragonite
|-damage|p1a: Dragonite|38/100
|-damage|p2a: Rillaboom|78/100|[from] item: Life Orb
|cant|p1a: Dragonite|flinch
|
|-heal|p2a: Rillaboom|84/100|[from] Grassy Terrain
|upkeep
|turn|8
|
|t:|1776042035
|move|p1a: Dragonite|Dragon Claw|p2a: Rillaboom
|-damage|p2a: Rillaboom|15/100
|move|p2a: Rillaboom|Knock Off|p1a: Dragonite
|-damage|p1a: Dragonite|0 fnt
|-enditem|p1a: Dragonite|Heavy-Duty Boots|[from] move: Knock Off|[of] p2a: Rillaboom
|faint|p1a: Dragonite
|-damage|p2a: Rillaboom|5/100|[from] item: Life Orb
|
|-heal|p2a: Rillaboom|11/100|[from] Grassy Terrain
|upkeep
|
|t:|1776042049
|switch|p1a: Iron Moth|Iron Moth|100/100
|-enditem|p1a: Iron Moth|Booster Energy
|-activate|p1a: Iron Moth|ability: Quark Drive|[fromitem]
|-start|p1a: Iron Moth|quarkdrivespa
|turn|9
|
|t:|1776042078
|move|p2a: Rillaboom|Grassy Glide|p1a: Iron Moth
|-resisted|p1a: Iron Moth
|-damage|p1a: Iron Moth|80/100
|-damage|p2a: Rillaboom|1/100|[from] item: Life Orb
|move|p1a: Iron Moth|Fiery Dance|p2a: Rillaboom
|-supereffective|p2a: Rillaboom
|-damage|p2a: Rillaboom|0 fnt
|-boost|p1a: Iron Moth|spa|1
|faint|p2a: Rillaboom
|
|-heal|p1a: Iron Moth|86/100|[from] Grassy Terrain
|upkeep
|inactive|saxsofunny has 90 seconds left.
|
|t:|1776042102
|switch|p2a: Iron Treads|Iron Treads|100/100
|-damage|p2a: Iron Treads|97/100|[from] Stealth Rock
|-enditem|p2a: Iron Treads|Booster Energy
|-activate|p2a: Iron Treads|ability: Quark Drive|[fromitem]
|-start|p2a: Iron Treads|quarkdrivespe
|turn|10
|
|t:|1776042113
|-terastallize|p2a: Iron Treads|Ground
|-terastallize|p1a: Iron Moth|Fire
|move|p2a: Iron Treads|Earthquake|p1a: Iron Moth
|-supereffective|p1a: Iron Moth
|-damage|p1a: Iron Moth|0 fnt
|faint|p1a: Iron Moth
|-end|p1a: Iron Moth|Quark Drive|[silent]
|
|-heal|p2a: Iron Treads|100/100|[from] Grassy Terrain
|upkeep
|
|t:|1776042121
|switch|p1a: Clefable|Clefable, M|100/100
|turn|11
|
|t:|1776042125
|move|p2a: Iron Treads|Iron Head|p1a: Clefable
|-supereffective|p1a: Clefable
|-damage|p1a: Clefable|24/100
|move|p1a: Clefable|Sunny Day|p1a: Clefable
|-weather|SunnyDay
|
|-weather|SunnyDay|[upkeep]
|-heal|p1a: Clefable|30/100|[from] Grassy Terrain
|-heal|p1a: Clefable|36/100|[from] item: Leftovers
|-fieldend|move: Grassy Terrain
|upkeep
|turn|12
|
|t:|1776042134
|move|p2a: Iron Treads|Iron Head|p1a: Clefable
|-supereffective|p1a: Clefable
|-damage|p1a: Clefable|0 fnt
|faint|p1a: Clefable
|
|-weather|SunnyDay|[upkeep]
|upkeep
|
|t:|1776042137
|switch|p1a: Tornadus|Tornadus-Therian, M|100/100
|turn|13
|
|t:|1776042142
|move|p2a: Iron Treads|Volt Switch|p1a: Tornadus
|-supereffective|p1a: Tornadus
|-damage|p1a: Tornadus|77/100
|
|t:|1776042149
|-end|p2a: Iron Treads|Quark Drive|[silent]
|switch|p2a: Zapdos|Zapdos|100/100|[from] Volt Switch
|-damage|p2a: Zapdos|76/100|[from] Stealth Rock
|move|p1a: Tornadus|Heat Wave|p2a: Zapdos
|-damage|p2a: Zapdos|28/100
|
|-weather|SunnyDay|[upkeep]
|-heal|p1a: Tornadus|84/100|[from] item: Leftovers
|upkeep
|turn|14
|inactive|saxsofunny has 120 seconds left.
|
|t:|1776042162
|move|p2a: Zapdos|Thunderbolt|p1a: Tornadus
|-supereffective|p1a: Tornadus
|-crit|p1a: Tornadus
|-damage|p1a: Tornadus|0 fnt
|faint|p1a: Tornadus
|
|win|saxsofunny
|raw|shushue's rating: 1120 &rarr; <strong>1098</strong><br />(-22 for losing)
|raw|saxsofunny's rating: 1163 &rarr; <strong>1185</strong><br />(+22 for winning)
|c|☆shushue|gg
|c|☆saxsofunny|ggwp
|c|☆shushue|wp
|l|☆shushue
|player|p1|
