|html|<div class="broadcast-blue"><strong>[Gen 9] OU is currently suspecting Tera Blast! For information on how to participate check out the <a href="https://www.smogon.com/tools/suspects/view/200">suspect thread</a>.</strong></div>
|j|☆Anchor9
|j|☆optimalling
|t:|1776056731
|gametype|singles
|player|p1|Anchor9|silver|1414
|player|p2|optimalling|volkner|1450
|gen|9
|tier|[Gen 9] OU
|rated|
|rule|HP Percentage Mod: HP is shown in percentages
|rule|Endless Battle Clause: Forcing endless battles is banned
|rule|Species Clause: Limit one of each Pokémon
|rule|OHKO Clause: OHKO moves are banned
|rule|Evasion Items Clause: Evasion items are banned
|rule|Evasion Moves Clause: Evasion moves are banned
|rule|Evasion Abilities Clause: Evasion abilities are banned
|rule|Sleep Moves Clause: Sleep-inducing moves are banned
|clearpoke
|poke|p1|Araquanid, F|
|poke|p1|Ampharos, M|
|poke|p1|Dragonite, M|
|poke|p1|Gholdengo|
|poke|p1|Kyurem|
|poke|p1|Great Tusk|
|poke|p2|Heatran, M|
|poke|p2|Hydrapple, F|
|poke|p2|Blissey, F|
|poke|p2|Alomomola, F|
|poke|p2|Gliscor, M|
|poke|p2|Corviknight, M|
|teampreview
|inactive|Battle timer is ON: inactive players will automatically lose when time's up. (requested by Anchor9)
|
|t:|1776056753
|teamsize|p1|6
|teamsize|p2|6
|start
|switch|p1a: Araquanid|Araquanid, F|100/100
|switch|p2a: Hydrapple|Hydrapple, F|100/100
|turn|1
|
|t:|1776056757
|move|p2a: Hydrapple|Nasty Plot|p2a: Hydrapple
|-boost|p2a: Hydrapple|spa|2
|move|p1a: Araquanid|Sticky Web|p2a: Hydrapple
|-sidestart|p2: optimalling|move: Sticky Web
|
|upkeep
|turn|2
|
|t:|1776056778
|move|p2a: Hydrapple|Fickle Beam|p1a: Araquanid|[anim] Fickle Beam All Out
|-activate|p2a: Hydrapple|move: Fickle Beam
|-damage|p1a: Araquanid|5/100
|move|p1a: Araquanid|Endeavor|p2a: Hydrapple
|-damage|p2a: Hydrapple|4/100
|
|upkeep
|turn|3
|-enditem|p1a: Araquanid|Custap Berry|[eat]
|-activate|p1a: Araquanid|item: Custap Berry|[consumed]
|
|t:|1776056785
|switch|p2a: Alomomola|Alomomola, F|100/100
|move|p1a: Araquanid|Surf|p2a: Alomomola
|-resisted|p2a: Alomomola
|-damage|p2a: Alomomola|70/100
|
|upkeep
|turn|4
|
|t:|1776056792
|move|p2a: Alomomola|Flip Turn|p1a: Araquanid
|-resisted|p1a: Araquanid
|-damage|p1a: Araquanid|0 fnt
|faint|p1a: Araquanid
|
|t:|1776056795
|switch|p2a: Hydrapple|Hydrapple, F|38/100|[from] Flip Turn
|
|upkeep
|
|t:|1776056805
|switch|p1a: Dragonite|Dragonite, M|100/100
|turn|5
|
|t:|1776056814
|switch|p2a: Corviknight|Corviknight, M|100/100
|-ability|p2a: Corviknight|Pressure
|move|p1a: Dragonite|Ice Spinner|p2a: Corviknight
|-damage|p2a: Corviknight|81/100
|
|upkeep
|turn|6
|
|t:|1776056828
|move|p1a: Dragonite|Dragon Dance|p1a: Dragonite
|-boost|p1a: Dragonite|atk|1
|-boost|p1a: Dragonite|spe|1
|move|p2a: Corviknight|Iron Defense|p2a: Corviknight
|-boost|p2a: Corviknight|def|2
|
|upkeep
|turn|7
|
|t:|1776056832
|switch|p1a: Ampharos|Ampharos, M|100/100
|move|p2a: Corviknight|Body Press|p1a: Ampharos
|-damage|p1a: Ampharos|41/100
|
|upkeep
|turn|8
|
|t:|1776056837
|switch|p2a: Blissey|Blissey, F|100/100
|move|p1a: Ampharos|Meteor Beam||[still]
|-prepare|p1a: Ampharos|Meteor Beam
|-boost|p1a: Ampharos|spa|1
|-enditem|p1a: Ampharos|Power Herb
|-anim|p1a: Ampharos|Meteor Beam|p2a: Blissey
|-damage|p2a: Blissey|82/100
|
|upkeep
|turn|9
|
|t:|1776056846
|switch|p1a: Gholdengo|Gholdengo|100/100
|-item|p1a: Gholdengo|Air Balloon
|move|p2a: Blissey|Seismic Toss|p1a: Gholdengo
|-immune|p1a: Gholdengo
|
|upkeep
|turn|10
|
|t:|1776056849
|move|p1a: Gholdengo|Nasty Plot|p1a: Gholdengo
|-boost|p1a: Gholdengo|spa|2
|move|p2a: Blissey|Calm Mind|p2a: Blissey
|-boost|p2a: Blissey|spa|1
|-boost|p2a: Blissey|spd|1
|
|upkeep
|turn|11
|
|t:|1776056854
|-terastallize|p2a: Blissey|Dark
|move|p1a: Gholdengo|Nasty Plot|p1a: Gholdengo
|-boost|p1a: Gholdengo|spa|2
|move|p2a: Blissey|Flamethrower|p1a: Gholdengo
|-supereffective|p1a: Gholdengo
|-damage|p1a: Gholdengo|47/100
|-enditem|p1a: Gholdengo|Air Balloon
|
|upkeep
|turn|12
|
|t:|1776056857
|move|p1a: Gholdengo|Focus Blast|p2a: Blissey|[miss]
|-miss|p1a: Gholdengo|p2a: Blissey
|move|p2a: Blissey|Flamethrower|p1a: Gholdengo
|-supereffective|p1a: Gholdengo
|-damage|p1a: Gholdengo|0 fnt
|faint|p1a: Gholdengo
|
|upkeep
|c|☆optimalling|didn't kil btw
|inactive|Anchor9 has 120 seconds left.
|c|☆Anchor9|I don’t care I’ve procced para three times in a row from Static Zapdos
|inactive|Anchor9 has 90 seconds left.
|
|t:|1776056921
|switch|p1a: Great Tusk|Great Tusk|100/100
|-enditem|p1a: Great Tusk|Booster Energy
|-activate|p1a: Great Tusk|ability: Protosynthesis|[fromitem]
|-start|p1a: Great Tusk|protosynthesisspe
|turn|13
|
|t:|1776056926
|switch|p2a: Corviknight|Corviknight, M|81/100
|-ability|p2a: Corviknight|Pressure
|move|p1a: Great Tusk|Bulk Up|p1a: Great Tusk
|-boost|p1a: Great Tusk|atk|1
|-boost|p1a: Great Tusk|def|1
|
|upkeep
|turn|14
|
|t:|1776056938
|-end|p1a: Great Tusk|Protosynthesis|[silent]
|switch|p1a: Kyurem|Kyurem|100/100
|-ability|p1a: Kyurem|Pressure
|move|p2a: Corviknight|Iron Defense|p2a: Corviknight
|-boost|p2a: Corviknight|def|2
|
|upkeep
|turn|15
|
|t:|1776056941
|-terastallize|p1a: Kyurem|Ice
|move|p1a: Kyurem|Freeze-Dry|p2a: Corviknight
|-damage|p2a: Corviknight|29/100
|move|p2a: Corviknight|Body Press|p1a: Kyurem
|-supereffective|p1a: Kyurem
|-damage|p1a: Kyurem|0 fnt
|faint|p1a: Kyurem
|
|upkeep
|-message|Anchor9 forfeited.
|
|win|optimalling
|raw|Anchor9's rating: 1414 &rarr; <strong>1396</strong><br />(-18 for losing)
|raw|optimalling's rating: 1450 &rarr; <strong>1468</strong><br />(+18 for winning)
|l|☆Anchor9
|player|p1|
|l|☆optimalling
|player|p2|
