|html|<div class="broadcast-blue"><strong>[Gen 9] OU is currently suspecting Tera Blast! For information on how to participate check out the <a href="https://www.smogon.com/tools/suspects/view/200">suspect thread</a>.</strong></div>
|j|☆cachowcapow
|j|☆OP Earthquakes
|t:|1776166087
|gametype|singles
|player|p1|cachowcapow|2|1676
|player|p2|OP Earthquakes|giovanni-masters|1746
|gen|9
|tier|[Gen 9] OU
|rated|
|rule|HP Percentage Mod: HP is shown in percentages
|rule|Endless Battle Clause: Forcing endless battles is banned
|rule|Species Clause: Limit one of each Pokémon
|rule|OHKO Clause: OHKO moves are banned
|rule|Evasion Items Clause: Evasion items are banned
|rule|Evasion Moves Clause: Evasion moves are banned
|rule|Evasion Abilities Clause: Evasion abilities are banned
|rule|Sleep Moves Clause: Sleep-inducing moves are banned
|clearpoke
|poke|p1|Deoxys-Defense|
|poke|p1|Hatterene, F|
|poke|p1|Cinderace, F|
|poke|p1|Walking Wake|
|poke|p1|Torkoal, M|
|poke|p1|Great Tusk|
|poke|p2|Excadrill, M|
|poke|p2|Tyranitar, F|
|poke|p2|Kyurem|
|poke|p2|Hawlucha, F|
|poke|p2|Pawmot, F|
|poke|p2|Grimmsnarl, M|
|teampreview
|inactive|Battle timer is ON: inactive players will automatically lose when time's up. (requested by OP Earthquakes)
|j| ohko_smeargle
|c|☆OP Earthquakes|GLHF
|inactive|cachowcapow has 120 seconds left.
|
|t:|1776166120
|teamsize|p1|6
|teamsize|p2|6
|start
|switch|p1a: Hatterene|Hatterene, F|100/100
|switch|p2a: Grimmsnarl|Grimmsnarl, M|100/100
|turn|1
|j| fakedq2
|
|t:|1776166125
|switch|p2a: OP|Excadrill, M|100/100
|move|p1a: Hatterene|Nuzzle|p2a: OP
|-immune|p2a: OP
|
|upkeep
|turn|2
|
|t:|1776166133
|switch|p1a: Deoxys|Deoxys-Defense|100/100
|-ability|p1a: Deoxys|Pressure
|move|p2a: OP|Earthquake|p1a: Deoxys
|-damage|p1a: Deoxys|34/100
|
|-heal|p1a: Deoxys|41/100|[from] item: Leftovers
|upkeep
|turn|3
|
|t:|1776166137
|move|p2a: OP|Earthquake|p1a: Deoxys
|-damage|p1a: Deoxys|0 fnt
|faint|p1a: Deoxys
|
|upkeep
|
|t:|1776166139
|switch|p1a: Cinderace|Cinderace, F|100/100
|turn|4
|
|t:|1776166143
|-terastallize|p2a: OP|Fire
|move|p1a: Cinderace|High Jump Kick|p2a: OP
|-damage|p2a: OP|15/100
|move|p2a: OP|Earthquake|p1a: Cinderace
|-supereffective|p1a: Cinderace
|-damage|p1a: Cinderace|0 fnt
|faint|p1a: Cinderace
|
|upkeep
|
|t:|1776166147
|switch|p1a: Walking Wake|Walking Wake|100/100
|turn|5
|
|t:|1776166152
|switch|p2a: Itachi|Hawlucha, F, shiny|100/100
|-ability|p2a: Itachi|Mold Breaker
|move|p1a: Walking Wake|Flip Turn|p2a: Itachi
|-damage|p2a: Itachi|78/100
|-enditem|p2a: Itachi|Red Card|[of] p1a: Walking Wake
|-end|p1a: Walking Wake|Protosynthesis|[silent]
|drag|p1a: Hatterene|Hatterene, F|100/100
|
|upkeep
|turn|6
|j| coala rei
|
|t:|1776166180
|move|p2a: Itachi|Brave Bird|p1a: Hatterene
|-damage|p1a: Hatterene|56/100
|-damage|p2a: Itachi|63/100|[from] Recoil
|-enditem|p1a: Hatterene|Eject Button
|
|t:|1776166183
|switch|p1a: Torkoal|Torkoal, M|100/100
|-weather|SunnyDay|[from] ability: Drought|[of] p1a: Torkoal
|
|-weather|SunnyDay|[upkeep]
|upkeep
|turn|7
|
|t:|1776166190
|switch|p2a: The sandstorm|Tyranitar, F, shiny|100/100
|-weather|Sandstorm|[from] ability: Sand Stream|[of] p2a: The sandstorm
|switch|p1a: Great Tusk|Great Tusk|100/100
|
|-weather|Sandstorm|[upkeep]
|upkeep
|turn|8
|
|t:|1776166199
|switch|p2a: Itachi|Hawlucha, F, shiny|63/100
|-ability|p2a: Itachi|Mold Breaker
|move|p1a: Great Tusk|Rapid Spin|p2a: Itachi
|-damage|p2a: Itachi|38/100
|-boost|p1a: Great Tusk|spe|1
|
|-weather|Sandstorm|[upkeep]
|-damage|p2a: Itachi|32/100|[from] Sandstorm
|upkeep
|turn|9
|
|t:|1776166207
|move|p1a: Great Tusk|Ice Spinner|p2a: Itachi
|-supereffective|p2a: Itachi
|-damage|p2a: Itachi|0 fnt
|faint|p2a: Itachi
|
|-weather|Sandstorm|[upkeep]
|upkeep
|
|t:|1776166213
|switch|p2a: Grimmsnarl|Grimmsnarl, M|100/100
|turn|10
|
|t:|1776166218
|move|p2a: Grimmsnarl|Reflect|p2a: Grimmsnarl
|-sidestart|p2: OP Earthquakes|Reflect
|move|p1a: Great Tusk|Rapid Spin|p2a: Grimmsnarl
|-damage|p2a: Grimmsnarl|90/100
|-boost|p1a: Great Tusk|spe|1
|
|-weather|Sandstorm|[upkeep]
|-damage|p2a: Grimmsnarl|84/100|[from] Sandstorm
|upkeep
|turn|11
|
|t:|1776166223
|switch|p2a: Frieza|Kyurem, shiny|100/100
|-ability|p2a: Frieza|Pressure
|move|p1a: Great Tusk|Rapid Spin|p2a: Frieza
|-damage|p2a: Frieza|92/100
|-boost|p1a: Great Tusk|spe|1
|
|-weather|Sandstorm|[upkeep]
|-damage|p2a: Frieza|86/100|[from] Sandstorm
|upkeep
|turn|12
|j| jlstthudoyoy6ps4
|
|t:|1776166228
|move|p1a: Great Tusk|Close Combat|p2a: Frieza
|-supereffective|p2a: Frieza
|-damage|p2a: Frieza|29/100
|-unboost|p1a: Great Tusk|def|1
|-unboost|p1a: Great Tusk|spd|1
|move|p2a: Frieza|Freeze-Dry|p1a: Great Tusk
|-supereffective|p1a: Great Tusk
|-damage|p1a: Great Tusk|0 fnt
|faint|p1a: Great Tusk
|-end|p1a: Great Tusk|Protosynthesis|[silent]
|
|-weather|Sandstorm|[upkeep]
|-damage|p2a: Frieza|22/100|[from] Sandstorm
|upkeep
|
|t:|1776166240
|switch|p1a: Torkoal|Torkoal, M|100/100
|-weather|SunnyDay|[from] ability: Drought|[of] p1a: Torkoal
|turn|13
|
|t:|1776166244
|switch|p1a: Walking Wake|Walking Wake|100/100
|-activate|p1a: Walking Wake|ability: Protosynthesis
|-start|p1a: Walking Wake|protosynthesisspe
|move|p2a: Frieza|Earth Power|p1a: Walking Wake
|-crit|p1a: Walking Wake
|-damage|p1a: Walking Wake|39/100
|
|-weather|SunnyDay|[upkeep]
|upkeep
|turn|14
|
|t:|1776166250
|switch|p2a: The sandstorm|Tyranitar, F, shiny|100/100
|-weather|Sandstorm|[from] ability: Sand Stream|[of] p2a: The sandstorm
|-end|p1a: Walking Wake|Protosynthesis
|move|p1a: Walking Wake|Hydro Steam|p2a: The sandstorm
|-supereffective|p2a: The sandstorm
|-damage|p2a: The sandstorm|23/100
|
|-weather|Sandstorm|[upkeep]
|-damage|p1a: Walking Wake|33/100|[from] Sandstorm
|upkeep
|turn|15
|
|t:|1776166261
|switch|p2a: Frieza|Kyurem, shiny|22/100
|-ability|p2a: Frieza|Pressure
|move|p1a: Walking Wake|Hydro Steam|p2a: Frieza
|-resisted|p2a: Frieza
|-damage|p2a: Frieza|0 fnt
|faint|p2a: Frieza
|
|-weather|Sandstorm|[upkeep]
|-damage|p1a: Walking Wake|27/100|[from] Sandstorm
|upkeep
|
|t:|1776166266
|switch|p2a: OP|Excadrill, M, tera:Fire|15/100
|turn|16
|
|t:|1776166279
|-end|p1a: Walking Wake|Protosynthesis|[silent]
|switch|p1a: Torkoal|Torkoal, M|100/100
|-weather|SunnyDay|[from] ability: Drought|[of] p1a: Torkoal
|move|p2a: OP|Earthquake|p1a: Torkoal
|-supereffective|p1a: Torkoal
|-damage|p1a: Torkoal|0 fnt
|faint|p1a: Torkoal
|
|-weather|SunnyDay|[upkeep]
|upkeep
|
|t:|1776166280
|switch|p1a: Walking Wake|Walking Wake|27/100
|-activate|p1a: Walking Wake|ability: Protosynthesis
|-start|p1a: Walking Wake|protosynthesisspe
|turn|17
|
|t:|1776166284
|switch|p2a: The sandstorm|Tyranitar, F, shiny|23/100
|-weather|Sandstorm|[from] ability: Sand Stream|[of] p2a: The sandstorm
|-end|p1a: Walking Wake|Protosynthesis
|move|p1a: Walking Wake|Hydro Steam|p2a: The sandstorm
|-supereffective|p2a: The sandstorm
|-damage|p2a: The sandstorm|0 fnt
|faint|p2a: The sandstorm
|
|-weather|Sandstorm|[upkeep]
|-damage|p1a: Walking Wake|21/100|[from] Sandstorm
|-sideend|p2: OP Earthquakes|Reflect
|upkeep
|-message|cachowcapow forfeited.
|
|win|OP Earthquakes
|raw|cachowcapow's rating: 1700 &rarr; <strong>1683</strong><br />(-17 for losing)
|raw|OP Earthquakes's rating: 1746 &rarr; <strong>1763</strong><br />(+17 for winning)
|l|☆cachowcapow
|player|p1|
|l| ohko_smeargle
