|html|<div class="broadcast-blue"><strong>[Gen 9] OU is currently suspecting Tera Blast! For information on how to participate check out the <a href="https://www.smogon.com/tools/suspects/view/200">suspect thread</a>.</strong></div>
|j|☆fadafaewr
|j|☆The Quaggie Boys
|t:|1776132436
|gametype|singles
|player|p1|fadafaewr|jasmine-masters2|1040
|player|p2|The Quaggie Boys|ingo|1045
|gen|9
|tier|[Gen 9] OU
|rated|
|rule|HP Percentage Mod: HP is shown in percentages
|rule|Endless Battle Clause: Forcing endless battles is banned
|rule|Species Clause: Limit one of each Pokémon
|rule|OHKO Clause: OHKO moves are banned
|rule|Evasion Items Clause: Evasion items are banned
|rule|Evasion Moves Clause: Evasion moves are banned
|rule|Evasion Abilities Clause: Evasion abilities are banned
|rule|Sleep Moves Clause: Sleep-inducing moves are banned
|clearpoke
|poke|p1|Ribombee, F|
|poke|p1|Gholdengo|
|poke|p1|Gliscor, F|
|poke|p1|Hatterene, F|
|poke|p1|Meowscarada, F|
|poke|p1|Dragapult, F|
|poke|p2|Quagsire, M|
|poke|p2|Camerupt, F|
|poke|p2|Hatterene, F|
|poke|p2|Hoopa-Unbound|
|poke|p2|Diancie|
|poke|p2|Necrozma|
|teampreview
|inactive|Battle timer is ON: inactive players will automatically lose when time's up. (requested by The Quaggie Boys)
|inactive|fadafaewr also wants the timer to be on.
|
|t:|1776132452
|teamsize|p1|6
|teamsize|p2|6
|start
|switch|p1a: barry b. benson|Ribombee, F|100/100
|switch|p2a: Necrozma|Necrozma|100/100
|turn|1
|
|t:|1776132460
|move|p1a: barry b. benson|Stun Spore|p2a: Necrozma
|-status|p2a: Necrozma|par
|move|p2a: Necrozma|Trick Room|p2a: Necrozma
|-fieldstart|move: Trick Room|[of] p2a: Necrozma
|
|upkeep
|turn|2
|
|t:|1776132468
|move|p2a: Necrozma|Meteor Beam||[still]
|-prepare|p2a: Necrozma|Meteor Beam
|-boost|p2a: Necrozma|spa|1
|-enditem|p2a: Necrozma|Power Herb
|-anim|p2a: Necrozma|Meteor Beam|p1a: barry b. benson
|-supereffective|p1a: barry b. benson
|-enditem|p1a: barry b. benson|Focus Sash
|-damage|p1a: barry b. benson|1/100
|move|p1a: barry b. benson|Sticky Web|p2a: Necrozma
|-sidestart|p2: The Quaggie Boys|move: Sticky Web
|
|upkeep
|turn|3
|
|t:|1776132478
|cant|p2a: Necrozma|par
|move|p1a: barry b. benson|Moonblast|p2a: Necrozma
|-damage|p2a: Necrozma|60/100 par
|
|upkeep
|turn|4
|
|t:|1776132485
|move|p2a: Necrozma|Heat Wave|p1a: barry b. benson
|-supereffective|p1a: barry b. benson
|-damage|p1a: barry b. benson|0 fnt
|faint|p1a: barry b. benson
|
|upkeep
|
|t:|1776132492
|switch|p1a: hi glimmora!|Hatterene, F|100/100
|turn|5
|
|t:|1776132499
|move|p2a: Necrozma|Meteor Beam||[still]
|-prepare|p2a: Necrozma|Meteor Beam
|-boost|p2a: Necrozma|spa|1
|move|p1a: hi glimmora!|Calm Mind|p1a: hi glimmora!
|-boost|p1a: hi glimmora!|spa|1
|-boost|p1a: hi glimmora!|spd|1
|
|-fieldend|move: Trick Room
|upkeep
|turn|6
|
|t:|1776132508
|move|p1a: hi glimmora!|Draining Kiss|p2a: Necrozma
|-damage|p2a: Necrozma|29/100 par
|move|p2a: Necrozma|Meteor Beam|p1a: hi glimmora!|[from] lockedmove
|-damage|p1a: hi glimmora!|38/100
|
|-heal|p1a: hi glimmora!|44/100|[from] item: Leftovers
|upkeep
|turn|7
|
|t:|1776132521
|move|p1a: hi glimmora!|Draining Kiss|p2a: Necrozma
|-damage|p2a: Necrozma|0 fnt
|-heal|p1a: hi glimmora!|71/100|[from] drain|[of] p2a: Necrozma
|faint|p2a: Necrozma
|
|-heal|p1a: hi glimmora!|77/100|[from] item: Leftovers
|upkeep
|
|t:|1776132529
|switch|p2a: Quagsire|Quagsire, M, shiny|100/100
|-activate|p2a: Quagsire|move: Sticky Web
|-unboost|p2a: Quagsire|spe|1
|turn|8
|
|t:|1776132535
|move|p1a: hi glimmora!|Draining Kiss|p2a: Quagsire
|-damage|p2a: Quagsire|75/100
|-heal|p1a: hi glimmora!|100/100|[from] drain|[of] p2a: Quagsire
|move|p2a: Quagsire|Earthquake|p1a: hi glimmora!
|-damage|p1a: hi glimmora!|45/100
|
|-heal|p1a: hi glimmora!|51/100|[from] item: Leftovers
|upkeep
|turn|9
|
|t:|1776132543
|move|p1a: hi glimmora!|Draining Kiss|p2a: Quagsire
|-damage|p2a: Quagsire|49/100
|-heal|p1a: hi glimmora!|76/100|[from] drain|[of] p2a: Quagsire
|move|p2a: Quagsire|Earthquake|p1a: hi glimmora!
|-damage|p1a: hi glimmora!|26/100
|
|-heal|p1a: hi glimmora!|32/100|[from] item: Leftovers
|upkeep
|turn|10
|
|t:|1776132552
|move|p1a: hi glimmora!|Draining Kiss|p2a: Quagsire
|-damage|p2a: Quagsire|20/100
|-heal|p1a: hi glimmora!|59/100|[from] drain|[of] p2a: Quagsire
|move|p2a: Quagsire|Earthquake|p1a: hi glimmora!
|-damage|p1a: hi glimmora!|8/100
|
|-heal|p1a: hi glimmora!|14/100|[from] item: Leftovers
|upkeep
|turn|11
|
|t:|1776132560
|move|p1a: hi glimmora!|Draining Kiss|p2a: Quagsire
|-damage|p2a: Quagsire|0 fnt
|-heal|p1a: hi glimmora!|33/100|[from] drain|[of] p2a: Quagsire
|faint|p2a: Quagsire
|
|-heal|p1a: hi glimmora!|39/100|[from] item: Leftovers
|upkeep
|
|t:|1776132568
|switch|p2a: Hoopa|Hoopa-Unbound|100/100
|-activate|p2a: Hoopa|move: Sticky Web
|-unboost|p2a: Hoopa|spe|1
|turn|12
|
|t:|1776132573
|move|p2a: Hoopa|Hyperspace Fury|p1a: hi glimmora!
|-damage|p1a: hi glimmora!|0 fnt
|-unboost|p2a: Hoopa|def|1
|faint|p1a: hi glimmora!
|-damage|p2a: Hoopa|91/100|[from] item: Life Orb
|
|upkeep
|
|t:|1776132581
|switch|p1a: r_34 fan fav|Meowscarada, F|100/100
|turn|13
|
|t:|1776132591
|switch|p2a: Camerupt|Camerupt, F, shiny|100/100
|-activate|p2a: Camerupt|move: Sticky Web
|-unboost|p2a: Camerupt|spe|1
|move|p1a: r_34 fan fav|U-turn|p2a: Camerupt
|-start|p1a: r_34 fan fav|typechange|Bug|[from] ability: Protean
|-resisted|p2a: Camerupt
|-damage|p2a: Camerupt|80/100
|
|t:|1776132602
|switch|p1a: last seen in iran|Dragapult, F|100/100|[from] U-turn
|
|upkeep
|turn|14
|
|t:|1776132608
|move|p1a: last seen in iran|Hydro Pump|p2a: Camerupt
|-supereffective|p2a: Camerupt
|-damage|p2a: Camerupt|0 fnt
|faint|p2a: Camerupt
|
|upkeep
|
|t:|1776132616
|switch|p2a: Hoopa|Hoopa-Unbound|91/100
|-activate|p2a: Hoopa|move: Sticky Web
|-unboost|p2a: Hoopa|spe|1
|turn|15
|
|t:|1776132622
|switch|p1a: masochism enjoyer|Gliscor, F|100/100
|move|p2a: Hoopa|Trick Room|p2a: Hoopa
|-fieldstart|move: Trick Room|[of] p2a: Hoopa
|
|-status|p1a: masochism enjoyer|tox|[from] item: Toxic Orb
|upkeep
|turn|16
|
|t:|1776132629
|move|p2a: Hoopa|Psychic|p1a: masochism enjoyer
|-damage|p1a: masochism enjoyer|20/100 tox
|-unboost|p1a: masochism enjoyer|spd|1
|-damage|p2a: Hoopa|81/100|[from] item: Life Orb
|move|p1a: masochism enjoyer|Earthquake|p2a: Hoopa
|-damage|p2a: Hoopa|32/100
|
|-heal|p1a: masochism enjoyer|32/100 tox|[from] ability: Poison Heal
|upkeep
|turn|17
|
|t:|1776132640
|move|p1a: masochism enjoyer|Protect|p1a: masochism enjoyer
|-singleturn|p1a: masochism enjoyer|Protect
|move|p2a: Hoopa|Hyperspace Fury|p1a: masochism enjoyer
|-activate|p1a: masochism enjoyer|move: Hyperspace Fury|[broken]
|-damage|p1a: masochism enjoyer|0 fnt
|-unboost|p2a: Hoopa|def|1
|faint|p1a: masochism enjoyer
|-damage|p2a: Hoopa|22/100|[from] item: Life Orb
|
|upkeep
|
|t:|1776132661
|switch|p1a: r_34 fan fav|Meowscarada, F|100/100
|turn|18
|
|t:|1776132665
|move|p2a: Hoopa|Drain Punch|p1a: r_34 fan fav
|-supereffective|p1a: r_34 fan fav
|-damage|p1a: r_34 fan fav|0 fnt
|-heal|p2a: Hoopa|66/100|[from] drain|[of] p1a: r_34 fan fav
|faint|p1a: r_34 fan fav
|-damage|p2a: Hoopa|56/100|[from] item: Life Orb
|
|upkeep
|
|t:|1776132672
|switch|p1a: last seen in iran|Dragapult, F|100/100
|turn|19
|
|t:|1776132677
|move|p2a: Hoopa|Hyperspace Fury|p1a: last seen in iran
|-supereffective|p1a: last seen in iran
|-damage|p1a: last seen in iran|0 fnt
|-unboost|p2a: Hoopa|def|1
|faint|p1a: last seen in iran
|-damage|p2a: Hoopa|46/100|[from] item: Life Orb
|
|-fieldend|move: Trick Room
|upkeep
|
|t:|1776132684
|switch|p1a: jëw|Gholdengo|100/100
|-item|p1a: jëw|Air Balloon
|turn|20
|
|t:|1776132689
|move|p1a: jëw|Shadow Ball|p2a: Hoopa
|-damage|p2a: Hoopa|10/100
|move|p2a: Hoopa|Trick Room|p2a: Hoopa
|-fieldstart|move: Trick Room|[of] p2a: Hoopa
|
|upkeep
|turn|21
|
|t:|1776132698
|move|p2a: Hoopa|Hyperspace Fury|p1a: jëw
|-supereffective|p1a: jëw
|-damage|p1a: jëw|0 fnt
|-unboost|p2a: Hoopa|def|1
|-enditem|p1a: jëw|Air Balloon
|faint|p1a: jëw
|-damage|p2a: Hoopa|0 fnt|[from] item: Life Orb
|faint|p2a: Hoopa
|
|win|The Quaggie Boys
|raw|fadafaewr's rating: 1040 &rarr; <strong>1024</strong><br />(-16 for losing)
|raw|The Quaggie Boys's rating: 1045 &rarr; <strong>1078</strong><br />(+33 for winning)
|l|☆fadafaewr
|player|p1|
|n|!The Quaggie Boys|thequaggieboys
