|html|<div class="broadcast-blue"><strong>[Gen 9] OU is currently suspecting Tera Blast! For information on how to participate check out the <a href="https://www.smogon.com/tools/suspects/view/200">suspect thread</a>.</strong></div>
|j|☆CrYMoDzZ
|j|☆JJann2
|t:|1776072455
|gametype|singles
|player|p1|CrYMoDzZ|byron|1287
|player|p2|JJann2|nate|1347
|gen|9
|tier|[Gen 9] OU
|rated|
|rule|HP Percentage Mod: HP is shown in percentages
|rule|Endless Battle Clause: Forcing endless battles is banned
|rule|Species Clause: Limit one of each Pokémon
|rule|OHKO Clause: OHKO moves are banned
|rule|Evasion Items Clause: Evasion items are banned
|rule|Evasion Moves Clause: Evasion moves are banned
|rule|Evasion Abilities Clause: Evasion abilities are banned
|rule|Sleep Moves Clause: Sleep-inducing moves are banned
|clearpoke
|poke|p1|Kingambit, M|
|poke|p1|Heatran, M|
|poke|p1|Gholdengo|
|poke|p1|Iron Treads|
|poke|p1|Metagross|
|poke|p1|Corviknight, M|
|poke|p2|Heatran, F|
|poke|p2|Quaquaval, M|
|poke|p2|Zamazenta-*|
|poke|p2|Darkrai|
|poke|p2|Zapdos|
|poke|p2|Hatterene, F|
|teampreview
|inactive|Battle timer is ON: inactive players will automatically lose when time's up. (requested by JJann2)
|
|t:|1776072465
|teamsize|p1|6
|teamsize|p2|6
|start
|switch|p1a: Heatran|Heatran, M|100/100
|switch|p2a: Heatran|Heatran, F|100/100
|-item|p1a: Heatran|Air Balloon
|-item|p2a: Heatran|Air Balloon
|turn|1
|
|t:|1776072480
|switch|p1a: Corviknight|Corviknight, M|100/100
|move|p2a: Heatran|Stealth Rock|p1a: Corviknight
|-sidestart|p1: CrYMoDzZ|move: Stealth Rock
|
|upkeep
|turn|2
|
|t:|1776072485
|move|p2a: Heatran|Magma Storm|p1a: Corviknight|[miss]
|-miss|p2a: Heatran|p1a: Corviknight
|move|p1a: Corviknight|Body Press|p2a: Heatran
|-supereffective|p2a: Heatran
|-damage|p2a: Heatran|62/100
|-enditem|p2a: Heatran|Air Balloon
|
|upkeep
|turn|3
|
|t:|1776072491
|switch|p1a: Heatran|Heatran, M|100/100
|-damage|p1a: Heatran|88/100|[from] Stealth Rock
|-item|p1a: Heatran|Air Balloon
|move|p2a: Heatran|Magma Storm|p1a: Heatran
|-start|p1a: Heatran|ability: Flash Fire
|
|upkeep
|turn|4
|
|t:|1776072497
|move|p1a: Heatran|Earth Power|p2a: Heatran
|-supereffective|p2a: Heatran
|-damage|p2a: Heatran|0 fnt
|faint|p2a: Heatran
|
|upkeep
|
|t:|1776072501
|switch|p2a: Quaquaval|Quaquaval, M|100/100
|turn|5
|
|t:|1776072521
|-terastallize|p1a: Heatran|Grass
|move|p2a: Quaquaval|Knock Off|p1a: Heatran
|-damage|p1a: Heatran|56/100
|-enditem|p1a: Heatran|Air Balloon
|move|p1a: Heatran|Magma Storm|p2a: Quaquaval|[miss]
|-miss|p1a: Heatran|p2a: Quaquaval
|
|upkeep
|turn|6
|
|t:|1776072541
|move|p2a: Quaquaval|Liquidation|p1a: Heatran
|-resisted|p1a: Heatran
|-damage|p1a: Heatran|34/100
|-unboost|p1a: Heatran|def|1
|move|p1a: Heatran|Magma Storm|p2a: Quaquaval
|-resisted|p2a: Quaquaval
|-damage|p2a: Quaquaval|45/100
|-activate|p2a: Quaquaval|move: Magma Storm|[of] p1a: Heatran
|
|-damage|p2a: Quaquaval|32/100|[from] move: Magma Storm|[partiallytrapped]
|upkeep
|turn|7
|
|t:|1776072552
|move|p1a: Heatran|Protect|p1a: Heatran
|-singleturn|p1a: Heatran|Protect
|move|p2a: Quaquaval|Close Combat|p1a: Heatran
|-activate|p1a: Heatran|move: Protect
|
|-damage|p2a: Quaquaval|20/100|[from] move: Magma Storm|[partiallytrapped]
|upkeep
|turn|8
|inactive|JJann2 has 120 seconds left.
|
|t:|1776072587
|-end|p1a: Heatran|ability: Flash Fire|[silent]
|switch|p1a: Gholdengo|Gholdengo|100/100
|-damage|p1a: Gholdengo|94/100|[from] Stealth Rock
|move|p2a: Quaquaval|Close Combat|p1a: Gholdengo
|-immune|p1a: Gholdengo
|
|-end|p2a: Quaquaval|Magma Storm|[partiallytrapped]|[silent]
|upkeep
|turn|9
|
|t:|1776072595
|move|p1a: Gholdengo|Dazzling Gleam|p2a: Quaquaval
|-supereffective|p2a: Quaquaval
|-damage|p2a: Quaquaval|0 fnt
|faint|p2a: Quaquaval
|
|upkeep
|
|t:|1776072600
|switch|p2a: Darkrai|Darkrai|100/100
|turn|10
|
|t:|1776072604
|switch|p1a: Corviknight|Corviknight, M|100/100
|-damage|p1a: Corviknight|88/100|[from] Stealth Rock
|-terastallize|p2a: Darkrai|Poison
|move|p2a: Darkrai|Nasty Plot|p2a: Darkrai
|-boost|p2a: Darkrai|spa|2
|
|-heal|p1a: Corviknight|94/100|[from] item: Leftovers
|upkeep
|turn|11
|
|t:|1776072613
|move|p2a: Darkrai|Dark Pulse|p1a: Corviknight
|-damage|p1a: Corviknight|26/100
|move|p1a: Corviknight|Drill Peck|p2a: Darkrai
|-damage|p2a: Darkrai|70/100
|
|-heal|p1a: Corviknight|32/100|[from] item: Leftovers
|upkeep
|turn|12
|
|t:|1776072622
|move|p2a: Darkrai|Dark Pulse|p1a: Corviknight
|-damage|p1a: Corviknight|0 fnt
|faint|p1a: Corviknight
|
|upkeep
|
|t:|1776072624
|switch|p1a: Iron Treads|Iron Treads|100/100
|-damage|p1a: Iron Treads|97/100|[from] Stealth Rock
|-enditem|p1a: Iron Treads|Booster Energy
|-activate|p1a: Iron Treads|ability: Quark Drive|[fromitem]
|-start|p1a: Iron Treads|quarkdriveatk
|turn|13
|
|t:|1776072629
|move|p2a: Darkrai|Focus Blast|p1a: Iron Treads
|-supereffective|p1a: Iron Treads
|-damage|p1a: Iron Treads|0 fnt
|faint|p1a: Iron Treads
|-end|p1a: Iron Treads|Quark Drive|[silent]
|
|upkeep
|
|t:|1776072638
|switch|p1a: Gholdengo|Gholdengo|94/100
|-damage|p1a: Gholdengo|88/100|[from] Stealth Rock
|turn|14
|
|t:|1776072644
|move|p1a: Gholdengo|Make It Rain|p2a: Darkrai
|-damage|p2a: Darkrai|0 fnt
|-unboost|p1a: Gholdengo|spa|1
|faint|p2a: Darkrai
|
|upkeep
|
|t:|1776072649
|switch|p2a: Zamazenta|Zamazenta|100/100
|-ability|p2a: Zamazenta|Dauntless Shield|boost
|-boost|p2a: Zamazenta|def|1
|turn|15
|
|t:|1776072656
|switch|p1a: Heatran|Heatran, M, tera:Grass|34/100
|-damage|p1a: Heatran|21/100|[from] Stealth Rock
|move|p2a: Zamazenta|Crunch|p1a: Heatran
|-damage|p1a: Heatran|0 fnt
|faint|p1a: Heatran
|
|upkeep
|
|t:|1776072664
|switch|p1a: Metagross|Metagross|100/100
|-damage|p1a: Metagross|95/100|[from] Stealth Rock
|turn|16
|
|t:|1776072669
|move|p2a: Zamazenta|Crunch|p1a: Metagross
|-supereffective|p1a: Metagross
|-damage|p1a: Metagross|39/100
|move|p1a: Metagross|Psychic Fangs|p2a: Zamazenta
|-supereffective|p2a: Zamazenta
|-damage|p2a: Zamazenta|43/100
|
|upkeep
|turn|17
|
|t:|1776072674
|move|p2a: Zamazenta|Crunch|p1a: Metagross
|-supereffective|p1a: Metagross
|-damage|p1a: Metagross|0 fnt
|faint|p1a: Metagross
|
|upkeep
|
|t:|1776072676
|switch|p1a: Gholdengo|Gholdengo|88/100
|-damage|p1a: Gholdengo|82/100|[from] Stealth Rock
|turn|18
|
|t:|1776072679
|move|p1a: Gholdengo|Make It Rain|p2a: Zamazenta
|-damage|p2a: Zamazenta|0 fnt
|-unboost|p1a: Gholdengo|spa|1
|faint|p2a: Zamazenta
|
|upkeep
|
|t:|1776072683
|switch|p2a: Zapdos|Zapdos|100/100
|turn|19
|
|t:|1776072687
|switch|p1a: Kingambit|Kingambit, M|100/100
|-damage|p1a: Kingambit|94/100|[from] Stealth Rock
|-activate|p1a: Kingambit|ability: Supreme Overlord
|-start|p1a: Kingambit|fallen4|[silent]
|move|p2a: Zapdos|Heat Wave|p1a: Kingambit
|-supereffective|p1a: Kingambit
|-crit|p1a: Kingambit
|-damage|p1a: Kingambit|0 fnt
|faint|p1a: Kingambit
|-end|p1a: Kingambit|fallen4|[silent]
|
|upkeep
|
|t:|1776072693
|switch|p1a: Gholdengo|Gholdengo|82/100
|-damage|p1a: Gholdengo|76/100|[from] Stealth Rock
|turn|20
|
|t:|1776072698
|move|p1a: Gholdengo|Shadow Ball|p2a: Zapdos
|-damage|p2a: Zapdos|46/100
|-unboost|p2a: Zapdos|spd|1
|move|p2a: Zapdos|Heat Wave|p1a: Gholdengo
|-supereffective|p1a: Gholdengo
|-damage|p1a: Gholdengo|0 fnt
|faint|p1a: Gholdengo
|
|win|JJann2
|raw|CrYMoDzZ's rating: 1287 &rarr; <strong>1266</strong><br />(-21 for losing)
|raw|JJann2's rating: 1347 &rarr; <strong>1364</strong><br />(+17 for winning)
|l|☆CrYMoDzZ
|player|p1|
|l|☆JJann2
|player|p2|
