|html|<div class="broadcast-blue"><strong>[Gen 9] OU is currently suspecting Tera Blast! For information on how to participate check out the <a href="https://www.smogon.com/tools/suspects/view/200">suspect thread</a>.</strong></div>
|j|☆brrbrr1
|j|☆RandomPhantom27
|t:|1776092482
|gametype|singles
|player|p1|brrbrr1|101|1218
|player|p2|RandomPhantom27|alder|1271
|gen|9
|tier|[Gen 9] OU
|rated|
|rule|HP Percentage Mod: HP is shown in percentages
|rule|Endless Battle Clause: Forcing endless battles is banned
|rule|Species Clause: Limit one of each Pokémon
|rule|OHKO Clause: OHKO moves are banned
|rule|Evasion Items Clause: Evasion items are banned
|rule|Evasion Moves Clause: Evasion moves are banned
|rule|Evasion Abilities Clause: Evasion abilities are banned
|rule|Sleep Moves Clause: Sleep-inducing moves are banned
|clearpoke
|poke|p1|Sandslash-Alola, F|
|poke|p1|Ninetales-Alola, M|
|poke|p1|Rotom-Wash|
|poke|p1|Gliscor, M|
|poke|p1|Hitmontop, M|
|poke|p1|Slowking-Galar, M|
|poke|p2|Scizor, M|
|poke|p2|Dragapult, F|
|poke|p2|Gliscor, M|
|poke|p2|Iron Valiant|
|poke|p2|Cinderace, F|
|poke|p2|Greninja-*, M|
|teampreview
|
|t:|1776092501
|teamsize|p1|6
|teamsize|p2|6
|start
|switch|p1a: Gliscor|Gliscor, M, shiny|100/100
|switch|p2a: Dragapult|Dragapult, F|100/100
|turn|1
|
|t:|1776092508
|move|p2a: Dragapult|Dragon Darts|p1a: Gliscor
|-damage|p1a: Gliscor|74/100
|-anim|p2a: Dragapult|Dragon Darts|p1a: Gliscor
|-damage|p1a: Gliscor|47/100
|-damage|p2a: Dragapult|91/100|[from] item: Life Orb
|move|p1a: Gliscor|Toxic|p2a: Dragapult
|-status|p2a: Dragapult|tox
|
|-damage|p2a: Dragapult|85/100 tox|[from] psn
|-status|p1a: Gliscor|tox|[from] item: Toxic Orb
|upkeep
|turn|2
|
|t:|1776092516
|switch|p1a: Ninetales|Ninetales-Alola, M|100/100
|-weather|Snowscape|[from] ability: Snow Warning|[of] p1a: Ninetales
|move|p2a: Dragapult|Phantom Force||[still]
|-prepare|p2a: Dragapult|Phantom Force
|
|-weather|Snowscape|[upkeep]
|-damage|p2a: Dragapult|73/100 tox|[from] psn
|upkeep
|turn|3
|
|t:|1776092524
|move|p2a: Dragapult|Phantom Force|p1a: Ninetales|[from] lockedmove
|-damage|p1a: Ninetales|45/100
|-damage|p2a: Dragapult|63/100 tox|[from] item: Life Orb
|move|p1a: Ninetales|Aurora Veil|p1a: Ninetales
|-sidestart|p1: brrbrr1|move: Aurora Veil
|
|-weather|Snowscape|[upkeep]
|-damage|p2a: Dragapult|45/100 tox|[from] psn
|upkeep
|turn|4
|
|t:|1776092548
|switch|p1a: Rotom|Rotom-Wash|100/100
|move|p2a: Dragapult|Phantom Force||[still]
|-prepare|p2a: Dragapult|Phantom Force
|
|-weather|Snowscape|[upkeep]
|-damage|p2a: Dragapult|21/100 tox|[from] psn
|upkeep
|turn|5
|
|t:|1776092559
|move|p2a: Dragapult|Phantom Force|p1a: Rotom|[from] lockedmove
|-damage|p1a: Rotom|54/100
|-damage|p2a: Dragapult|11/100 tox|[from] item: Life Orb
|move|p1a: Rotom|Dark Pulse|p2a: Dragapult
|-supereffective|p2a: Dragapult
|-damage|p2a: Dragapult|0 fnt
|faint|p2a: Dragapult
|
|-weather|Snowscape|[upkeep]
|upkeep
|inactive|Battle timer is ON: inactive players will automatically lose when time's up. (requested by brrbrr1)
|inactive|RandomPhantom27 has 120 seconds left.
|
|t:|1776092605
|switch|p2a: Gliscor|Gliscor, M, shiny|100/100
|turn|6
|
|t:|1776092610
|switch|p1a: Gliscor|Gliscor, M, shiny|47/100 tox
|move|p2a: Gliscor|Protect||[still]
|-fail|p2a: Gliscor
|
|-weather|Snowscape|[upkeep]
|-heal|p1a: Gliscor|60/100 tox|[from] ability: Poison Heal
|-status|p2a: Gliscor|tox|[from] item: Toxic Orb
|upkeep
|turn|7
|
|t:|1776092616
|move|p2a: Gliscor|Swords Dance|p2a: Gliscor
|-boost|p2a: Gliscor|atk|2
|move|p1a: Gliscor|Stealth Rock|p2a: Gliscor
|-sidestart|p2: RandomPhantom27|move: Stealth Rock
|
|-weather|Snowscape|[upkeep]
|-heal|p1a: Gliscor|72/100 tox|[from] ability: Poison Heal
|-sideend|p1: brrbrr1|move: Aurora Veil
|upkeep
|turn|8
|
|t:|1776092621
|-terastallize|p2a: Gliscor|Normal
|move|p1a: Gliscor|U-turn|p2a: Gliscor
|-damage|p2a: Gliscor|89/100 tox
|
|t:|1776092628
|switch|p1a: Slowking|Slowking-Galar, M, shiny|100/100|[from] U-turn
|move|p2a: Gliscor|Facade|p1a: Slowking
|-damage|p1a: Slowking|28/100
|
|-weather|Snowscape|[upkeep]
|-heal|p1a: Slowking|34/100|[from] item: Black Sludge
|-heal|p2a: Gliscor|100/100 tox|[from] ability: Poison Heal
|upkeep
|turn|9
|
|t:|1776092644
|switch|p1a: Gliscor|Gliscor, M, shiny|72/100 tox
|move|p2a: Gliscor|Earthquake|p1a: Gliscor
|-immune|p1a: Gliscor
|
|-weather|none
|-heal|p1a: Gliscor|85/100 tox|[from] ability: Poison Heal
|upkeep
|turn|10
|
|t:|1776092648
|move|p2a: Gliscor|Facade|p1a: Gliscor
|-damage|p1a: Gliscor|17/100 tox
|move|p1a: Gliscor|Earthquake|p2a: Gliscor
|-damage|p2a: Gliscor|76/100 tox
|
|-heal|p2a: Gliscor|89/100 tox|[from] ability: Poison Heal
|-heal|p1a: Gliscor|29/100 tox|[from] ability: Poison Heal
|upkeep
|turn|11
|
|t:|1776092660
|move|p1a: Gliscor|Earthquake|p2a: Gliscor
|-crit|p2a: Gliscor
|-damage|p2a: Gliscor|48/100 tox
|move|p2a: Gliscor|Facade|p1a: Gliscor
|-damage|p1a: Gliscor|0 fnt
|faint|p1a: Gliscor
|
|-heal|p2a: Gliscor|60/100 tox|[from] ability: Poison Heal
|upkeep
|
|t:|1776092664
|switch|p1a: Hitmontop|Hitmontop, M, shiny|100/100
|turn|12
|
|t:|1776092669
|move|p2a: Gliscor|Protect|p2a: Gliscor
|-singleturn|p2a: Gliscor|Protect
|move|p1a: Hitmontop|Mach Punch|p2a: Gliscor
|-activate|p2a: Gliscor|move: Protect
|
|-heal|p2a: Gliscor|73/100 tox|[from] ability: Poison Heal
|upkeep
|turn|13
|
|t:|1776092678
|move|p1a: Hitmontop|Mach Punch|p2a: Gliscor
|-supereffective|p2a: Gliscor
|-damage|p2a: Gliscor|13/100 tox
|-damage|p1a: Hitmontop|91/100|[from] item: Life Orb
|move|p2a: Gliscor|Facade|p1a: Hitmontop
|-damage|p1a: Hitmontop|0 fnt
|faint|p1a: Hitmontop
|
|-heal|p2a: Gliscor|25/100 tox|[from] ability: Poison Heal
|upkeep
|
|t:|1776092683
|switch|p1a: Ninetales|Ninetales-Alola, M|45/100
|-weather|Snowscape|[from] ability: Snow Warning|[of] p1a: Ninetales
|turn|14
|
|t:|1776092687
|move|p2a: Gliscor|Protect|p2a: Gliscor
|-singleturn|p2a: Gliscor|Protect
|move|p1a: Ninetales|Aurora Veil|p1a: Ninetales
|-sidestart|p1: brrbrr1|move: Aurora Veil
|
|-weather|Snowscape|[upkeep]
|-heal|p2a: Gliscor|38/100 tox|[from] ability: Poison Heal
|upkeep
|turn|15
|
|t:|1776092691
|move|p1a: Ninetales|Encore|p2a: Gliscor
|-start|p2a: Gliscor|Encore
|move|p2a: Gliscor|Protect||[still]
|-fail|p2a: Gliscor
|
|-weather|Snowscape|[upkeep]
|-heal|p2a: Gliscor|50/100 tox|[from] ability: Poison Heal
|upkeep
|turn|16
|
|t:|1776092694
|switch|p1a: Sandslash|Sandslash-Alola, F|100/100
|move|p2a: Gliscor|Protect||[still]
|-fail|p2a: Gliscor
|
|-weather|Snowscape|[upkeep]
|-heal|p2a: Gliscor|63/100 tox|[from] ability: Poison Heal
|upkeep
|turn|17
|
|t:|1776092698
|move|p2a: Gliscor|Protect|p2a: Gliscor
|-singleturn|p2a: Gliscor|Protect
|move|p1a: Sandslash|Swords Dance|p1a: Sandslash
|-boost|p1a: Sandslash|atk|2
|
|-weather|Snowscape|[upkeep]
|-heal|p2a: Gliscor|75/100 tox|[from] ability: Poison Heal
|-end|p2a: Gliscor|Encore
|upkeep
|turn|18
|
|t:|1776092707
|move|p1a: Sandslash|Icicle Spear|p2a: Gliscor
|-damage|p2a: Gliscor|56/100 tox
|-damage|p2a: Gliscor|37/100 tox
|-damage|p2a: Gliscor|18/100 tox
|-damage|p2a: Gliscor|0 fnt
|faint|p2a: Gliscor
|-hitcount|p2: Gliscor|4
|
|-weather|Snowscape|[upkeep]
|-sideend|p1: brrbrr1|move: Aurora Veil
|upkeep
|
|t:|1776092711
|switch|p2a: Cinderace|Cinderace, F|100/100
|-damage|p2a: Cinderace|76/100|[from] Stealth Rock
|turn|19
|
|t:|1776092719
|move|p1a: Sandslash|Earthquake|p2a: Cinderace
|-supereffective|p2a: Cinderace
|-damage|p2a: Cinderace|0 fnt
|faint|p2a: Cinderace
|
|-weather|Snowscape|[upkeep]
|upkeep
|
|t:|1776092724
|switch|p2a: Iron Valiant|Iron Valiant|100/100
|-damage|p2a: Iron Valiant|94/100|[from] Stealth Rock
|-enditem|p2a: Iron Valiant|Booster Energy
|-activate|p2a: Iron Valiant|ability: Quark Drive|[fromitem]
|-start|p2a: Iron Valiant|quarkdrivespe
|turn|20
|
|t:|1776092730
|-terastallize|p1a: Sandslash|Water
|move|p2a: Iron Valiant|Close Combat|p1a: Sandslash
|-damage|p1a: Sandslash|44/100
|-unboost|p2a: Iron Valiant|def|1
|-unboost|p2a: Iron Valiant|spd|1
|move|p1a: Sandslash|Iron Head|p2a: Iron Valiant
|-supereffective|p2a: Iron Valiant
|-damage|p2a: Iron Valiant|0 fnt
|faint|p2a: Iron Valiant
|-end|p2a: Iron Valiant|Quark Drive|[silent]
|
|-weather|Snowscape|[upkeep]
|upkeep
|
|t:|1776092740
|switch|p2a: Greninja|Greninja, M|100/100
|-damage|p2a: Greninja|88/100|[from] Stealth Rock
|turn|21
|
|t:|1776092749
|move|p1a: Sandslash|Earthquake|p2a: Greninja
|-damage|p2a: Greninja|0 fnt
|faint|p2a: Greninja
|
|-weather|none
|upkeep
|
|t:|1776092753
|switch|p2a: Scizor|Scizor, M|100/100
|-damage|p2a: Scizor|88/100|[from] Stealth Rock
|turn|22
|
|t:|1776092758
|move|p1a: Sandslash|Earthquake|p2a: Scizor
|-damage|p2a: Scizor|22/100
|move|p2a: Scizor|Swords Dance|p2a: Scizor
|-boost|p2a: Scizor|atk|2
|
|upkeep
|turn|23
|
|t:|1776092761
|move|p2a: Scizor|Bullet Punch|p1a: Sandslash
|-resisted|p1a: Sandslash
|-damage|p1a: Sandslash|2/100
|-damage|p2a: Scizor|12/100|[from] item: Life Orb
|move|p1a: Sandslash|Earthquake|p2a: Scizor
|-damage|p2a: Scizor|0 fnt
|faint|p2a: Scizor
|
|win|brrbrr1
|raw|brrbrr1's rating: 1218 &rarr; <strong>1247</strong><br />(+29 for winning)
|raw|RandomPhantom27's rating: 1271 &rarr; <strong>1242</strong><br />(-29 for losing)
|l|☆RandomPhantom27
|player|p2|
|l|☆brrbrr1
|player|p1|
