|html|<div class="broadcast-blue"><strong>[Gen 9] OU is currently suspecting Tera Blast! For information on how to participate check out the <a href="https://www.smogon.com/tools/suspects/view/200">suspect thread</a>.</strong></div>
|j|☆jakebrocador
|j|☆thrvgc
|t:|1776088496
|gametype|singles
|player|p1|jakebrocador|alder|1400
|player|p2|thrvgc|chuck|1394
|gen|9
|tier|[Gen 9] OU
|rated|
|rule|HP Percentage Mod: HP is shown in percentages
|rule|Endless Battle Clause: Forcing endless battles is banned
|rule|Species Clause: Limit one of each Pokémon
|rule|OHKO Clause: OHKO moves are banned
|rule|Evasion Items Clause: Evasion items are banned
|rule|Evasion Moves Clause: Evasion moves are banned
|rule|Evasion Abilities Clause: Evasion abilities are banned
|rule|Sleep Moves Clause: Sleep-inducing moves are banned
|clearpoke
|poke|p1|Pelipper, M|
|poke|p1|Manaphy|
|poke|p1|Bruxish, F|
|poke|p1|Overqwil, F|
|poke|p1|Raging Bolt|
|poke|p1|Iron Treads|
|poke|p2|Samurott-Hisui, F|
|poke|p2|Kingambit, M|
|poke|p2|Zapdos|
|poke|p2|Zamazenta-*|
|poke|p2|Great Tusk|
|poke|p2|Ceruledge, F|
|teampreview
|inactive|Battle timer is ON: inactive players will automatically lose when time's up. (requested by thrvgc)
|
|t:|1776088514
|teamsize|p1|6
|teamsize|p2|6
|start
|switch|p1a: Pelipper|Pelipper, M|100/100
|switch|p2a: Samurott|Samurott-Hisui, F|100/100
|-weather|RainDance|[from] ability: Drizzle|[of] p1a: Pelipper
|turn|1
|
|t:|1776088520
|move|p2a: Samurott|Ceaseless Edge|p1a: Pelipper
|-damage|p1a: Pelipper|68/100
|-sidestart|p1: jakebrocador|Spikes
|move|p1a: Pelipper|U-turn|p2a: Samurott
|-supereffective|p2a: Samurott
|-damage|p2a: Samurott|79/100
|
|t:|1776088528
|switch|p1a: Raging Bolt|Raging Bolt|100/100|[from] U-turn
|-damage|p1a: Raging Bolt|88/100|[from] Spikes
|-enditem|p1a: Raging Bolt|Booster Energy
|-activate|p1a: Raging Bolt|ability: Protosynthesis|[fromitem]
|-start|p1a: Raging Bolt|protosynthesisspa
|
|-weather|RainDance|[upkeep]
|upkeep
|turn|2
|
|t:|1776088539
|move|p2a: Samurott|Ceaseless Edge|p1a: Raging Bolt
|-damage|p1a: Raging Bolt|48/100
|-sidestart|p1: jakebrocador|Spikes
|move|p1a: Raging Bolt|Weather Ball|p2a: Samurott
|-resisted|p2a: Samurott
|-damage|p2a: Samurott|21/100
|
|-weather|RainDance|[upkeep]
|upkeep
|turn|3
|
|t:|1776088542
|move|p1a: Raging Bolt|Thunderclap|p2a: Samurott
|-supereffective|p2a: Samurott
|-damage|p2a: Samurott|0 fnt
|faint|p2a: Samurott
|
|-weather|RainDance|[upkeep]
|upkeep
|
|t:|1776088556
|switch|p2a: Great Tusk|Great Tusk|100/100
|turn|4
|
|t:|1776088569
|-end|p1a: Raging Bolt|Protosynthesis|[silent]
|switch|p1a: Manaphy|Manaphy|100/100
|-damage|p1a: Manaphy|84/100|[from] Spikes
|move|p2a: Great Tusk|Stealth Rock|p1a: Manaphy
|-sidestart|p1: jakebrocador|move: Stealth Rock
|
|-weather|RainDance|[upkeep]
|upkeep
|turn|5
|
|t:|1776088599
|-end|p2a: Great Tusk|Protosynthesis|[silent]
|switch|p2a: Zamazenta|Zamazenta|100/100
|-ability|p2a: Zamazenta|Dauntless Shield|boost
|-boost|p2a: Zamazenta|def|1
|move|p1a: Manaphy|Surf|p2a: Zamazenta
|-damage|p2a: Zamazenta|39/100
|
|-weather|RainDance|[upkeep]
|upkeep
|turn|6
|
|t:|1776088613
|move|p2a: Zamazenta|Close Combat|p1a: Manaphy
|-damage|p1a: Manaphy|7/100
|-unboost|p2a: Zamazenta|def|1
|-unboost|p2a: Zamazenta|spd|1
|-damage|p2a: Zamazenta|29/100|[from] item: Life Orb
|move|p1a: Manaphy|Surf|p2a: Zamazenta
|-damage|p2a: Zamazenta|0 fnt
|faint|p2a: Zamazenta
|
|-weather|RainDance|[upkeep]
|upkeep
|
|t:|1776088623
|switch|p2a: Kingambit|Kingambit, M|100/100
|-activate|p2a: Kingambit|ability: Supreme Overlord
|-start|p2a: Kingambit|fallen2|[silent]
|turn|7
|inactive|thrvgc has 120 seconds left.
|
|t:|1776088642
|move|p2a: Kingambit|Sucker Punch||[still]
|-fail|p2a: Kingambit
|move|p1a: Manaphy|Tail Glow|p1a: Manaphy
|-boost|p1a: Manaphy|spa|3
|
|-weather|RainDance|[upkeep]
|upkeep
|turn|8
|
|t:|1776088645
|move|p2a: Kingambit|Sucker Punch||[still]
|-fail|p2a: Kingambit
|move|p1a: Manaphy|Tail Glow|p1a: Manaphy
|-boost|p1a: Manaphy|spa|3
|
|-weather|none
|upkeep
|turn|9
|
|t:|1776088649
|move|p2a: Kingambit|Sucker Punch||[still]
|-fail|p2a: Kingambit
|move|p1a: Manaphy|Tail Glow|p1a: Manaphy
|-boost|p1a: Manaphy|spa|0
|
|upkeep
|turn|10
|
|t:|1776088653
|move|p1a: Manaphy|Tail Glow|p1a: Manaphy
|-boost|p1a: Manaphy|spa|0
|move|p2a: Kingambit|Kowtow Cleave|p1a: Manaphy
|-damage|p1a: Manaphy|0 fnt
|faint|p1a: Manaphy
|
|upkeep
|
|t:|1776088658
|switch|p1a: Pelipper|Pelipper, M|68/100
|-damage|p1a: Pelipper|43/100|[from] Stealth Rock
|-weather|RainDance|[from] ability: Drizzle|[of] p1a: Pelipper
|turn|11
|
|t:|1776088663
|move|p2a: Kingambit|Sucker Punch|p1a: Pelipper
|-damage|p1a: Pelipper|6/100
|move|p1a: Pelipper|U-turn|p2a: Kingambit
|-damage|p2a: Kingambit|93/100
|
|t:|1776088665
|switch|p1a: Iron Treads|Iron Treads|100/100|[from] U-turn
|-damage|p1a: Iron Treads|84/100|[from] Spikes
|-damage|p1a: Iron Treads|81/100|[from] Stealth Rock
|-enditem|p1a: Iron Treads|Booster Energy
|-activate|p1a: Iron Treads|ability: Quark Drive|[fromitem]
|-start|p1a: Iron Treads|quarkdrivespe
|
|-weather|RainDance|[upkeep]
|-heal|p2a: Kingambit|99/100|[from] item: Leftovers
|upkeep
|turn|12
|
|t:|1776088676
|-end|p2a: Kingambit|fallen2|[silent]
|switch|p2a: Zapdos|Zapdos|100/100
|move|p1a: Iron Treads|Rapid Spin|p2a: Zapdos
|-damage|p2a: Zapdos|91/100
|-boost|p1a: Iron Treads|spe|1
|-sideend|p1: jakebrocador|Spikes|[from] move: Rapid Spin|[of] p1a: Iron Treads
|-sideend|p1: jakebrocador|Stealth Rock|[from] move: Rapid Spin|[of] p1a: Iron Treads
|
|-weather|RainDance|[upkeep]
|upkeep
|turn|13
|
|t:|1776088682
|move|p1a: Iron Treads|Stealth Rock|p2a: Zapdos
|-sidestart|p2: thrvgc|move: Stealth Rock
|move|p2a: Zapdos|Hurricane|p1a: Iron Treads
|-resisted|p1a: Iron Treads
|-damage|p1a: Iron Treads|57/100
|
|-weather|RainDance|[upkeep]
|upkeep
|turn|14
|
|t:|1776088689
|move|p1a: Iron Treads|Knock Off|p2a: Zapdos
|-damage|p2a: Zapdos|74/100
|-enditem|p2a: Zapdos|Heavy-Duty Boots|[from] move: Knock Off|[of] p1a: Iron Treads
|move|p2a: Zapdos|Hurricane|p1a: Iron Treads
|-resisted|p1a: Iron Treads
|-damage|p1a: Iron Treads|35/100
|
|-weather|RainDance|[upkeep]
|upkeep
|turn|15
|
|t:|1776088708
|-end|p1a: Iron Treads|Quark Drive|[silent]
|switch|p1a: Overqwil|Overqwil, F|100/100
|move|p2a: Zapdos|Hurricane|p1a: Overqwil
|-damage|p1a: Overqwil|32/100
|-start|p1a: Overqwil|confusion
|
|-weather|RainDance|[upkeep]
|upkeep
|turn|16
|
|t:|1776088715
|-activate|p1a: Overqwil|confusion
|move|p1a: Overqwil|Gunk Shot|p2a: Zapdos
|-crit|p2a: Zapdos
|-damage|p2a: Zapdos|0 fnt
|faint|p2a: Zapdos
|-damage|p1a: Overqwil|22/100|[from] item: Life Orb
|
|-weather|RainDance|[upkeep]
|upkeep
|
|t:|1776088729
|switch|p2a: Great Tusk|Great Tusk|100/100
|-damage|p2a: Great Tusk|98/100|[from] Stealth Rock
|turn|17
|
|t:|1776088740
|-terastallize|p2a: Great Tusk|Water
|-activate|p1a: Overqwil|confusion
|move|p1a: Overqwil|Liquidation|p2a: Great Tusk
|-resisted|p2a: Great Tusk
|-damage|p2a: Great Tusk|82/100
|-damage|p1a: Overqwil|5/100|[from] item: Rocky Helmet|[of] p2a: Great Tusk
|-damage|p1a: Overqwil|0 fnt|[from] item: Life Orb
|faint|p1a: Overqwil
|move|p2a: Great Tusk|Rapid Spin|p1: Overqwil|[notarget]
|-fail|p2a: Great Tusk
|
|-weather|RainDance|[upkeep]
|upkeep
|
|t:|1776088746
|switch|p1a: Raging Bolt|Raging Bolt|48/100
|turn|18
|
|t:|1776088760
|move|p1a: Raging Bolt|Thunderclap|p2a: Great Tusk
|-supereffective|p2a: Great Tusk
|-damage|p2a: Great Tusk|0 fnt
|faint|p2a: Great Tusk
|-end|p2a: Great Tusk|Protosynthesis|[silent]
|
|-weather|none
|upkeep
|
|t:|1776088771
|switch|p2a: Kingambit|Kingambit, M|99/100
|-damage|p2a: Kingambit|93/100|[from] Stealth Rock
|-activate|p2a: Kingambit|ability: Supreme Overlord
|-start|p2a: Kingambit|fallen4|[silent]
|turn|19
|
|t:|1776088778
|-end|p1a: Raging Bolt|Protosynthesis|[silent]
|switch|p1a: Pelipper|Pelipper, M|6/100
|-weather|RainDance|[from] ability: Drizzle|[of] p1a: Pelipper
|move|p2a: Kingambit|Kowtow Cleave|p1a: Pelipper
|-damage|p1a: Pelipper|0 fnt
|faint|p1a: Pelipper
|
|-weather|RainDance|[upkeep]
|-heal|p2a: Kingambit|99/100|[from] item: Leftovers
|upkeep
|
|t:|1776088781
|switch|p1a: Bruxish|Bruxish, F|100/100
|turn|20
|
|t:|1776088785
|-terastallize|p1a: Bruxish|Water
|move|p2a: Kingambit|Sucker Punch||[still]
|cant|p1a: Bruxish|ability: Dazzling|Sucker Punch|[of] p2a: Kingambit
|move|p1a: Bruxish|Wave Crash|p2a: Kingambit
|-damage|p2a: Kingambit|4/100
|-damage|p1a: Bruxish|62/100|[from] Recoil
|
|-weather|RainDance|[upkeep]
|-heal|p2a: Kingambit|10/100|[from] item: Leftovers
|upkeep
|turn|21
|
|t:|1776088792
|move|p1a: Bruxish|Wave Crash|p2a: Kingambit
|-damage|p2a: Kingambit|0 fnt
|faint|p2a: Kingambit
|-end|p2a: Kingambit|fallen4|[silent]
|-damage|p1a: Bruxish|58/100|[from] Recoil
|
|-weather|RainDance|[upkeep]
|upkeep
|
|t:|1776088794
|switch|p2a: Ceruledge|Ceruledge, F|100/100
|-damage|p2a: Ceruledge|76/100|[from] Stealth Rock
|turn|22
|
|t:|1776088797
|move|p1a: Bruxish|Wave Crash|p2a: Ceruledge
|-supereffective|p2a: Ceruledge
|-damage|p2a: Ceruledge|0 fnt
|faint|p2a: Ceruledge
|-damage|p1a: Bruxish|32/100|[from] Recoil
|
|win|jakebrocador
|raw|jakebrocador's rating: 1400 &rarr; <strong>1420</strong><br />(+20 for winning)
|raw|thrvgc's rating: 1394 &rarr; <strong>1374</strong><br />(-20 for losing)
|l|☆thrvgc
|player|p2|
|l|☆jakebrocador
|player|p1|
