|inactive|Battle timer is ON: inactive players will automatically lose when time's up.
|t:|1776333763
|gametype|singles
|player|p1|SpyOP|266|
|player|p2|truthankamon|dancer|
|gen|9
|tier|[Gen 9] OU
|rule|HP Percentage Mod: HP is shown in percentages
|rule|Endless Battle Clause: Forcing endless battles is banned
|rule|Species Clause: Limit one of each Pokémon
|rule|OHKO Clause: OHKO moves are banned
|rule|Evasion Items Clause: Evasion items are banned
|rule|Evasion Moves Clause: Evasion moves are banned
|rule|Evasion Abilities Clause: Evasion abilities are banned
|rule|Sleep Moves Clause: Sleep-inducing moves are banned
|clearpoke
|poke|p1|Dondozo, F|
|poke|p1|Blissey, F|
|poke|p1|Gliscor, F|
|poke|p1|Toxapex, M|
|poke|p1|Mandibuzz, F|
|poke|p1|Talonflame, M|
|poke|p2|Torkoal, M|
|poke|p2|Raging Bolt|
|poke|p2|Walking Wake|
|poke|p2|Great Tusk|
|poke|p2|Hatterene, F|
|poke|p2|Slither Wing|
|teampreview
|c|☆SpyOP|hf
|inactive|SpyOP has 270 seconds left.
|inactive|truthankamon has 270 seconds left.
|c|☆truthankamon|hf
|inactive|SpyOP has 240 seconds left.
|inactive|SpyOP has 210 seconds left.
|inactive|SpyOP has 180 seconds left.
|
|t:|1776333886
|teamsize|p1|6
|teamsize|p2|6
|start
|switch|p1a: Gliscor|Gliscor, F|100/100
|switch|p2a: 10 packs deep|Torkoal, M|100/100
|-weather|SunnyDay|[from] ability: Drought|[of] p2a: 10 packs deep
|turn|1
|c|+F-00|truthankamon 🧿🧿🧿🧿🧿
|inactive|truthankamon has 270 seconds left.
|inactive|truthankamon has 240 seconds left.
|inactive|SpyOP has 240 seconds left.
|
|t:|1776333974
|switch|p2a: Gyatt in the hat|Hatterene, F|100/100
|move|p1a: Gliscor|Protect||[still]
|-fail|p1a: Gliscor
|
|-weather|SunnyDay|[upkeep]
|-status|p1a: Gliscor|tox|[from] item: Toxic Orb
|upkeep
|turn|2
|inactive|SpyOP has 210 seconds left.
|
|t:|1776334008
|move|p1a: Gliscor|Knock Off|p2a: Gyatt in the hat
|-damage|p2a: Gyatt in the hat|84/100
|-enditem|p2a: Gyatt in the hat|Eject Button|[from] move: Knock Off|[of] p1a: Gliscor
|move|p2a: Gyatt in the hat|Psychic Noise|p1a: Gliscor
|-damage|p1a: Gliscor|72/100 tox
|-start|p1a: Gliscor|move: Heal Block
|
|-weather|SunnyDay|[upkeep]
|upkeep
|turn|3
|
|t:|1776334017
|move|p1a: Gliscor|Earthquake|p2a: Gyatt in the hat
|-damage|p2a: Gyatt in the hat|57/100
|move|p2a: Gyatt in the hat|Psychic Noise|p1a: Gliscor
|-damage|p1a: Gliscor|43/100 tox
|
|-weather|SunnyDay|[upkeep]
|-end|p1a: Gliscor|move: Heal Block
|upkeep
|turn|4
|
|t:|1776334022
|switch|p2a: Dangerous flaps|Slither Wing|100/100
|-activate|p2a: Dangerous flaps|ability: Protosynthesis
|-start|p2a: Dangerous flaps|protosynthesisdef
|move|p1a: Gliscor|Protect||[still]
|-fail|p1a: Gliscor
|
|-weather|SunnyDay|[upkeep]
|-heal|p1a: Gliscor|56/100 tox|[from] ability: Poison Heal
|upkeep
|turn|5
|inactive|SpyOP has 210 seconds left.
|
|t:|1776334075
|move|p1a: Gliscor|Protect|p1a: Gliscor
|-singleturn|p1a: Gliscor|Protect
|move|p2a: Dangerous flaps|U-turn|p1a: Gliscor
|-activate|p1a: Gliscor|move: Protect
|
|-weather|SunnyDay|[upkeep]
|-heal|p1a: Gliscor|68/100 tox|[from] ability: Poison Heal
|upkeep
|turn|6
|
|t:|1776334081
|-end|p2a: Dangerous flaps|Protosynthesis|[silent]
|switch|p2a: Gyatt in the hat|Hatterene, F|57/100
|move|p1a: Gliscor|Earthquake|p2a: Gyatt in the hat
|-damage|p2a: Gyatt in the hat|32/100
|
|-weather|SunnyDay|[upkeep]
|-heal|p1a: Gliscor|81/100 tox|[from] ability: Poison Heal
|upkeep
|turn|7
|
|t:|1776334084
|move|p1a: Gliscor|Earthquake|p2a: Gyatt in the hat
|-damage|p2a: Gyatt in the hat|5/100
|move|p2a: Gyatt in the hat|Pain Split|p1a: Gliscor
|-sethp|p1a: Gliscor|43/100 tox|[from] move: Pain Split|[silent]
|-sethp|p2a: Gyatt in the hat|47/100|[from] move: Pain Split
|
|-weather|SunnyDay|[upkeep]
|-heal|p1a: Gliscor|55/100 tox|[from] ability: Poison Heal
|upkeep
|turn|8
|
|t:|1776334097
|switch|p2a: Waking Bad|Walking Wake|100/100
|-activate|p2a: Waking Bad|ability: Protosynthesis
|-start|p2a: Waking Bad|protosynthesisspe
|move|p1a: Gliscor|Earthquake|p2a: Waking Bad
|-damage|p2a: Waking Bad|63/100
|
|-weather|none
|-end|p2a: Waking Bad|Protosynthesis
|-heal|p1a: Gliscor|68/100 tox|[from] ability: Poison Heal
|upkeep
|turn|9
|
|t:|1776334101
|move|p1a: Gliscor|Protect|p1a: Gliscor
|-singleturn|p1a: Gliscor|Protect
|move|p2a: Waking Bad|Hydro Steam|p1a: Gliscor
|-activate|p1a: Gliscor|move: Protect
|
|-heal|p1a: Gliscor|80/100 tox|[from] ability: Poison Heal
|upkeep
|turn|10
|
|t:|1776334110
|-end|p2a: Waking Bad|Protosynthesis|[silent]
|switch|p2a: 10 packs deep|Torkoal, M|100/100
|-weather|SunnyDay|[from] ability: Drought|[of] p2a: 10 packs deep
|switch|p1a: Toxapex|Toxapex, M|100/100
|
|-weather|SunnyDay|[upkeep]
|upkeep
|turn|11
|
|t:|1776334115
|switch|p2a: Gyatt in the hat|Hatterene, F|47/100
|move|p1a: Toxapex|Toxic Spikes|p2a: Gyatt in the hat
|move|p2a: Gyatt in the hat|Toxic Spikes|p1a: Toxapex|[from] ability: Magic Bounce
|-sidestart|p1: SpyOP|move: Toxic Spikes
|
|-weather|SunnyDay|[upkeep]
|upkeep
|turn|12
|
|t:|1776334119
|move|p1a: Toxapex|Sludge Bomb|p2a: Gyatt in the hat
|-supereffective|p2a: Gyatt in the hat
|-damage|p2a: Gyatt in the hat|11/100
|-status|p2a: Gyatt in the hat|psn
|move|p2a: Gyatt in the hat|Pain Split|p1a: Toxapex
|-sethp|p1a: Toxapex|56/100|[from] move: Pain Split|[silent]
|-sethp|p2a: Gyatt in the hat|53/100 psn|[from] move: Pain Split
|
|-weather|SunnyDay|[upkeep]
|-heal|p1a: Toxapex|62/100|[from] item: Leftovers
|-damage|p2a: Gyatt in the hat|41/100 psn|[from] psn
|upkeep
|turn|13
|
|t:|1776334127
|switch|p1a: Mandibuzz|Mandibuzz, F|100/100
|switch|p2a: Throat goat|Raging Bolt|100/100
|-activate|p2a: Throat goat|ability: Protosynthesis
|-start|p2a: Throat goat|protosynthesisspa
|
|-weather|SunnyDay|[upkeep]
|upkeep
|turn|14
|
|t:|1776334146
|switch|p1a: Blissey|Blissey, F|100/100
|-status|p1a: Blissey|psn
|-terastallize|p2a: Throat goat|Fire
|move|p2a: Throat goat|Weather Ball|p1a: Blissey
|-damage|p1a: Blissey|51/100 psn
|
|-weather|SunnyDay|[upkeep]
|-heal|p1a: Blissey|58/100 psn|[from] item: Leftovers
|-damage|p1a: Blissey|45/100 psn|[from] psn
|upkeep
|turn|15
|inactive|SpyOP has 240 seconds left.
|
|t:|1776334174
|-curestatus|p1a: Blissey|psn|[from] ability: Natural Cure
|switch|p1a: Toxapex|Toxapex, M|95/100
|-sideend|p1: SpyOP|move: Toxic Spikes|[of] p1a: Toxapex
|move|p2a: Throat goat|Weather Ball|p1a: Toxapex
|-resisted|p1a: Toxapex
|-damage|p1a: Toxapex|37/100
|
|-weather|SunnyDay|[upkeep]
|-heal|p1a: Toxapex|44/100|[from] item: Leftovers
|upkeep
|turn|16
|inactive|SpyOP has 240 seconds left.
|
|t:|1776334203
|switch|p1a: Dondozo|Dondozo, F|100/100
|move|p2a: Throat goat|Weather Ball|p1a: Dondozo
|-resisted|p1a: Dondozo
|-damage|p1a: Dondozo|20/100
|
|-weather|SunnyDay|[upkeep]
|-heal|p1a: Dondozo|26/100|[from] item: Leftovers
|upkeep
|turn|17
|
|t:|1776334213
|switch|p1a: Toxapex|Toxapex, M|77/100
|move|p2a: Throat goat|Weather Ball|p1a: Toxapex
|-resisted|p1a: Toxapex
|-damage|p1a: Toxapex|22/100
|
|-weather|none
|-end|p2a: Throat goat|Protosynthesis
|-heal|p1a: Toxapex|28/100|[from] item: Leftovers
|upkeep
|turn|18
|
|t:|1776334218
|-end|p2a: Throat goat|Protosynthesis|[silent]
|switch|p2a: 10 packs deep|Torkoal, M|100/100
|-weather|SunnyDay|[from] ability: Drought|[of] p2a: 10 packs deep
|switch|p1a: Blissey|Blissey, F|45/100
|
|-weather|SunnyDay|[upkeep]
|-heal|p1a: Blissey|51/100|[from] item: Leftovers
|upkeep
|turn|19
|
|t:|1776334224
|switch|p2a: Old and horny|Great Tusk|100/100
|-activate|p2a: Old and horny|ability: Protosynthesis
|-start|p2a: Old and horny|protosynthesisatk
|move|p1a: Blissey|Soft-Boiled|p1a: Blissey
|-heal|p1a: Blissey|100/100
|
|-weather|SunnyDay|[upkeep]
|upkeep
|turn|20
|inactive|SpyOP has 240 seconds left.
|
|t:|1776334250
|-end|p2a: Old and horny|Protosynthesis|[silent]
|switch|p2a: Throat goat|Raging Bolt, tera:Fire|100/100
|-activate|p2a: Throat goat|ability: Protosynthesis
|-start|p2a: Throat goat|protosynthesisspa
|switch|p1a: Talonflame|Talonflame, M|100/100
|
|-weather|SunnyDay|[upkeep]
|upkeep
|turn|21
|inactive|SpyOP has 240 seconds left.
|inactive|SpyOP has 210 seconds left.
|inactive|SpyOP has 180 seconds left.
|
|t:|1776334350
|switch|p1a: Blissey|Blissey, F|100/100
|move|p2a: Throat goat|Weather Ball|p1a: Blissey
|-damage|p1a: Blissey|46/100
|
|-weather|SunnyDay|[upkeep]
|-heal|p1a: Blissey|53/100|[from] item: Leftovers
|upkeep
|turn|22
|inactive|SpyOP has 150 seconds left.
|inactive|SpyOP has 120 seconds left.
|inactive|SpyOP has 90 seconds left.
|
|t:|1776334435
|switch|p1a: Dondozo|Dondozo, F|26/100
|move|p2a: Throat goat|Weather Ball|p1a: Dondozo
|-resisted|p1a: Dondozo
|-damage|p1a: Dondozo|0 fnt
|faint|p1a: Dondozo
|
|-weather|SunnyDay|[upkeep]
|upkeep
|inactive|SpyOP has 60 seconds left.
|inactive|SpyOP has 30 seconds left.
|
|t:|1776334494
|switch|p1a: Toxapex|Toxapex, M|61/100
|turn|23
|
|t:|1776334501
|-end|p2a: Throat goat|Protosynthesis|[silent]
|switch|p2a: Old and horny|Great Tusk|100/100
|-activate|p2a: Old and horny|ability: Protosynthesis
|-start|p2a: Old and horny|protosynthesisatk
|move|p1a: Toxapex|Toxic Spikes|p2a: Old and horny
|-sidestart|p2: truthankamon|move: Toxic Spikes
|
|-weather|SunnyDay|[upkeep]
|-heal|p1a: Toxapex|67/100|[from] item: Leftovers
|upkeep
|turn|24
|
|t:|1776334507
|switch|p1a: Talonflame|Talonflame, M|100/100
|move|p2a: Old and horny|Rapid Spin|p1a: Talonflame
|-damage|p1a: Talonflame|77/100
|-boost|p2a: Old and horny|spe|1
|-sideend|p2: truthankamon|Toxic Spikes|[from] move: Rapid Spin|[of] p2a: Old and horny
|
|-weather|SunnyDay|[upkeep]
|upkeep
|turn|25
|
|t:|1776334513
|switch|p1a: Toxapex|Toxapex, M|100/100
|move|p2a: Old and horny|Rock Slide|p1a: Toxapex
|-damage|p1a: Toxapex|74/100
|
|-weather|none
|-end|p2a: Old and horny|Protosynthesis
|-heal|p1a: Toxapex|80/100|[from] item: Leftovers
|upkeep
|turn|26
|
|t:|1776334528
|-end|p2a: Old and horny|Protosynthesis|[silent]
|switch|p2a: 10 packs deep|Torkoal, M|100/100
|-weather|SunnyDay|[from] ability: Drought|[of] p2a: 10 packs deep
|switch|p1a: Gliscor|Gliscor, F|80/100 tox
|
|-weather|SunnyDay|[upkeep]
|-heal|p1a: Gliscor|93/100 tox|[from] ability: Poison Heal
|upkeep
|turn|27
|
|t:|1776334538
|switch|p2a: Dangerous flaps|Slither Wing|100/100
|-activate|p2a: Dangerous flaps|ability: Protosynthesis
|-start|p2a: Dangerous flaps|protosynthesisdef
|move|p1a: Gliscor|Earthquake|p2a: Dangerous flaps
|-resisted|p2a: Dangerous flaps
|-damage|p2a: Dangerous flaps|89/100
|
|-weather|SunnyDay|[upkeep]
|-heal|p1a: Gliscor|100/100 tox|[from] ability: Poison Heal
|upkeep
|turn|28
|
|t:|1776334541
|move|p2a: Dangerous flaps|U-turn|p1a: Gliscor
|-resisted|p1a: Gliscor
|-damage|p1a: Gliscor|89/100 tox
|
|t:|1776334553
|-end|p2a: Dangerous flaps|Protosynthesis|[silent]
|switch|p2a: Waking Bad|Walking Wake|63/100|[from] U-turn
|-activate|p2a: Waking Bad|ability: Protosynthesis
|-start|p2a: Waking Bad|protosynthesisspe
|move|p1a: Gliscor|Spikes|p2a: Waking Bad
|-sidestart|p2: truthankamon|Spikes
|
|-weather|SunnyDay|[upkeep]
|-heal|p1a: Gliscor|100/100 tox|[from] ability: Poison Heal
|upkeep
|turn|29
|
|t:|1776334558
|move|p1a: Gliscor|Protect|p1a: Gliscor
|-singleturn|p1a: Gliscor|Protect
|move|p2a: Waking Bad|Hydro Steam|p1a: Gliscor
|-activate|p1a: Gliscor|move: Protect
|
|-weather|SunnyDay|[upkeep]
|upkeep
|turn|30
|
|t:|1776334565
|switch|p1a: Toxapex|Toxapex, M|100/100
|move|p2a: Waking Bad|Flip Turn|p1a: Toxapex
|-resisted|p1a: Toxapex
|-damage|p1a: Toxapex|98/100
|
|t:|1776334569
|-end|p2a: Waking Bad|Protosynthesis|[silent]
|switch|p2a: Throat goat|Raging Bolt, tera:Fire|100/100|[from] Flip Turn
|-damage|p2a: Throat goat|88/100|[from] Spikes
|-activate|p2a: Throat goat|ability: Protosynthesis
|-start|p2a: Throat goat|protosynthesisspa
|
|-weather|SunnyDay|[upkeep]
|-heal|p1a: Toxapex|100/100|[from] item: Leftovers
|upkeep
|turn|31
|inactive|SpyOP has 90 seconds left.
|
|t:|1776334583
|switch|p1a: Mandibuzz|Mandibuzz, F|100/100
|move|p2a: Throat goat|Weather Ball|p1a: Mandibuzz
|-damage|p1a: Mandibuzz|0 fnt
|faint|p1a: Mandibuzz
|
|-weather|SunnyDay|[upkeep]
|upkeep
|inactive|SpyOP has 90 seconds left.
|
|t:|1776334593
|switch|p1a: Gliscor|Gliscor, F|100/100 tox
|turn|32
|
|t:|1776334607
|-end|p2a: Throat goat|Protosynthesis|[silent]
|switch|p2a: Old and horny|Great Tusk|100/100
|-damage|p2a: Old and horny|88/100|[from] Spikes
|-activate|p2a: Old and horny|ability: Protosynthesis
|-start|p2a: Old and horny|protosynthesisatk
|move|p1a: Gliscor|Protect||[still]
|-fail|p1a: Gliscor
|
|-weather|SunnyDay|[upkeep]
|upkeep
|turn|33
|
|t:|1776334612
|move|p1a: Gliscor|Protect|p1a: Gliscor
|-singleturn|p1a: Gliscor|Protect
|move|p2a: Old and horny|Rapid Spin|p1a: Gliscor
|-activate|p1a: Gliscor|move: Protect
|
|-weather|none
|-end|p2a: Old and horny|Protosynthesis
|upkeep
|turn|34
|
|t:|1776334629
|switch|p1a: Toxapex|Toxapex, M|100/100
|move|p2a: Old and horny|Rapid Spin|p1a: Toxapex
|-damage|p1a: Toxapex|87/100
|-boost|p2a: Old and horny|spe|1
|-sideend|p2: truthankamon|Spikes|[from] move: Rapid Spin|[of] p2a: Old and horny
|
|-heal|p1a: Toxapex|94/100|[from] item: Leftovers
|upkeep
|turn|35
|
|t:|1776334634
|-end|p2a: Old and horny|Protosynthesis|[silent]
|switch|p2a: 10 packs deep|Torkoal, M|100/100
|-weather|SunnyDay|[from] ability: Drought|[of] p2a: 10 packs deep
|switch|p1a: Talonflame|Talonflame, M|77/100
|
|-weather|SunnyDay|[upkeep]
|upkeep
|turn|36
|
|t:|1776334642
|switch|p1a: Toxapex|Toxapex, M|100/100
|move|p2a: 10 packs deep|Stealth Rock|p1a: Toxapex
|-sidestart|p1: SpyOP|move: Stealth Rock
|
|-weather|SunnyDay|[upkeep]
|upkeep
|turn|37
|
|t:|1776334660
|move|p1a: Toxapex|Toxic Spikes|p2a: 10 packs deep
|-sidestart|p2: truthankamon|move: Toxic Spikes
|move|p2a: 10 packs deep|Earthquake|p1a: Toxapex
|-supereffective|p1a: Toxapex
|-damage|p1a: Toxapex|72/100
|
|-weather|SunnyDay|[upkeep]
|-heal|p1a: Toxapex|78/100|[from] item: Leftovers
|upkeep
|turn|38
|
|t:|1776334675
|switch|p2a: Throat goat|Raging Bolt, tera:Fire|88/100
|-status|p2a: Throat goat|psn
|-activate|p2a: Throat goat|ability: Protosynthesis
|-start|p2a: Throat goat|protosynthesisspa
|move|p1a: Toxapex|Sludge Bomb|p2a: Throat goat
|-damage|p2a: Throat goat|68/100 psn
|
|-weather|SunnyDay|[upkeep]
|-heal|p1a: Toxapex|85/100|[from] item: Leftovers
|-damage|p2a: Throat goat|56/100 psn|[from] psn
|upkeep
|turn|39
|
|t:|1776334690
|switch|p1a: Blissey|Blissey, F|53/100
|-damage|p1a: Blissey|40/100|[from] Stealth Rock
|move|p2a: Throat goat|Draco Meteor|p1a: Blissey
|-damage|p1a: Blissey|0 fnt
|-unboost|p2a: Throat goat|spa|2
|faint|p1a: Blissey
|
|-weather|SunnyDay|[upkeep]
|-damage|p2a: Throat goat|44/100 psn|[from] psn
|upkeep
|
|t:|1776334696
|switch|p1a: Gliscor|Gliscor, F|100/100 tox
|-damage|p1a: Gliscor|88/100 tox|[from] Stealth Rock
|turn|40
|
|t:|1776334705
|-end|p2a: Throat goat|Protosynthesis|[silent]
|switch|p2a: Old and horny|Great Tusk|88/100
|-status|p2a: Old and horny|psn
|-activate|p2a: Old and horny|ability: Protosynthesis
|-start|p2a: Old and horny|protosynthesisatk
|switch|p1a: Toxapex|Toxapex, M|100/100
|-damage|p1a: Toxapex|88/100|[from] Stealth Rock
|
|-weather|SunnyDay|[upkeep]
|-heal|p1a: Toxapex|94/100|[from] item: Leftovers
|-damage|p2a: Old and horny|76/100 psn|[from] psn
|upkeep
|turn|41
|
|t:|1776334715
|-terastallize|p1a: Toxapex|Ghost
|move|p2a: Old and horny|Rapid Spin|p1a: Toxapex
|-immune|p1a: Toxapex
|move|p1a: Toxapex|Surf|p2a: Old and horny
|-supereffective|p2a: Old and horny
|-damage|p2a: Old and horny|60/100 psn
|
|-weather|SunnyDay|[upkeep]
|-heal|p1a: Toxapex|100/100|[from] item: Leftovers
|-damage|p2a: Old and horny|47/100 psn|[from] psn
|upkeep
|turn|42
|
|t:|1776334729
|-end|p2a: Old and horny|Protosynthesis|[silent]
|switch|p2a: Gyatt in the hat|Hatterene, F|41/100 psn
|move|p1a: Toxapex|Recover||[still]
|-fail|p1a: Toxapex|heal
|
|-weather|none
|-damage|p2a: Gyatt in the hat|29/100 psn|[from] psn
|upkeep
|turn|43
|
|t:|1776334732
|switch|p2a: 10 packs deep|Torkoal, M|100/100
|-status|p2a: 10 packs deep|psn
|-weather|SunnyDay|[from] ability: Drought|[of] p2a: 10 packs deep
|move|p1a: Toxapex|Sludge Bomb|p2a: 10 packs deep
|-damage|p2a: 10 packs deep|78/100 psn
|
|-weather|SunnyDay|[upkeep]
|-damage|p2a: 10 packs deep|65/100 psn|[from] psn
|upkeep
|turn|44
|
|t:|1776334738
|switch|p2a: Gyatt in the hat|Hatterene, F|29/100 psn
|move|p1a: Toxapex|Surf|p2a: Gyatt in the hat
|-damage|p2a: Gyatt in the hat|19/100 psn
|
|-weather|SunnyDay|[upkeep]
|-damage|p2a: Gyatt in the hat|7/100 psn|[from] psn
|upkeep
|turn|45
|
|t:|1776334742
|move|p1a: Toxapex|Sludge Bomb|p2a: Gyatt in the hat
|-supereffective|p2a: Gyatt in the hat
|-damage|p2a: Gyatt in the hat|0 fnt
|faint|p2a: Gyatt in the hat
|
|-weather|SunnyDay|[upkeep]
|upkeep
|
|t:|1776334744
|switch|p2a: Throat goat|Raging Bolt, tera:Fire|44/100 psn
|-activate|p2a: Throat goat|ability: Protosynthesis
|-start|p2a: Throat goat|protosynthesisspa
|turn|46
|inactive|SpyOP has 150 seconds left.
|inactive|SpyOP has 120 seconds left.
|
|t:|1776334812
|switch|p1a: Gliscor|Gliscor, F|88/100 tox
|-damage|p1a: Gliscor|75/100 tox|[from] Stealth Rock
|move|p2a: Throat goat|Weather Ball|p1a: Gliscor
|-damage|p1a: Gliscor|0 fnt
|faint|p1a: Gliscor
|
|-weather|SunnyDay|[upkeep]
|-damage|p2a: Throat goat|31/100 psn|[from] psn
|upkeep
|
|t:|1776334814
|switch|p1a: Talonflame|Talonflame, M|77/100
|turn|47
|
|t:|1776334824
|move|p1a: Talonflame|Overheat|p2a: Throat goat
|-resisted|p2a: Throat goat
|-damage|p2a: Throat goat|8/100 psn
|-unboost|p1a: Talonflame|spa|2
|move|p2a: Throat goat|Weather Ball|p1a: Talonflame
|-resisted|p1a: Talonflame
|-damage|p1a: Talonflame|0 fnt
|faint|p1a: Talonflame
|
|-weather|SunnyDay|[upkeep]
|-damage|p2a: Throat goat|0 fnt|[from] psn
|faint|p2a: Throat goat
|-end|p2a: Throat goat|Protosynthesis|[silent]
|upkeep
|
|t:|1776334829
|switch|p1a: Toxapex|Toxapex, M, tera:Ghost|100/100
|switch|p2a: Dangerous flaps|Slither Wing|89/100
|-status|p2a: Dangerous flaps|psn
|-damage|p1a: Toxapex|88/100|[from] Stealth Rock
|-activate|p2a: Dangerous flaps|ability: Protosynthesis
|-start|p2a: Dangerous flaps|protosynthesisdef
|turn|48
|
|t:|1776334834
|move|p2a: Dangerous flaps|Will-O-Wisp|p1a: Toxapex
|-status|p1a: Toxapex|brn
|move|p1a: Toxapex|Recover|p1a: Toxapex
|-heal|p1a: Toxapex|100/100 brn
|
|-weather|SunnyDay|[upkeep]
|-damage|p2a: Dangerous flaps|77/100 psn|[from] psn
|-damage|p1a: Toxapex|94/100 brn|[from] brn
|upkeep
|turn|49
|
|t:|1776334840
|move|p2a: Dangerous flaps|U-turn|p1a: Toxapex
|-resisted|p1a: Toxapex
|-damage|p1a: Toxapex|83/100 brn
|
|t:|1776334842
|-end|p2a: Dangerous flaps|Protosynthesis|[silent]
|switch|p2a: Old and horny|Great Tusk|47/100 psn|[from] U-turn
|-activate|p2a: Old and horny|ability: Protosynthesis
|-start|p2a: Old and horny|protosynthesisatk
|move|p1a: Toxapex|Sludge Bomb|p2a: Old and horny
|-resisted|p2a: Old and horny
|-damage|p2a: Old and horny|38/100 psn
|
|-weather|SunnyDay|[upkeep]
|-heal|p1a: Toxapex|90/100 brn|[from] item: Leftovers
|-damage|p2a: Old and horny|26/100 psn|[from] psn
|-damage|p1a: Toxapex|83/100 brn|[from] brn
|upkeep
|turn|50
|
|t:|1776334845
|move|p2a: Old and horny|Headlong Rush|p1a: Toxapex
|-damage|p1a: Toxapex|18/100 brn
|-unboost|p2a: Old and horny|def|1
|-unboost|p2a: Old and horny|spd|1
|move|p1a: Toxapex|Recover|p1a: Toxapex
|-heal|p1a: Toxapex|68/100 brn
|
|-weather|none
|-end|p2a: Old and horny|Protosynthesis
|-heal|p1a: Toxapex|75/100 brn|[from] item: Leftovers
|-damage|p2a: Old and horny|13/100 psn|[from] psn
|-damage|p1a: Toxapex|68/100 brn|[from] brn
|upkeep
|turn|51
|
|t:|1776334852
|-end|p2a: Old and horny|Protosynthesis|[silent]
|switch|p2a: 10 packs deep|Torkoal, M|65/100 psn
|-weather|SunnyDay|[from] ability: Drought|[of] p2a: 10 packs deep
|move|p1a: Toxapex|Recover|p1a: Toxapex
|-heal|p1a: Toxapex|100/100 brn
|
|-weather|SunnyDay|[upkeep]
|-damage|p2a: 10 packs deep|53/100 psn|[from] psn
|-damage|p1a: Toxapex|94/100 brn|[from] brn
|upkeep
|turn|52
|inactive|SpyOP has 180 seconds left.
|
|t:|1776334859
|move|p1a: Toxapex|Surf|p2a: 10 packs deep
|-supereffective|p2a: 10 packs deep
|-damage|p2a: 10 packs deep|29/100 psn
|move|p2a: 10 packs deep|Overheat|p1a: Toxapex|[miss]
|-miss|p2a: 10 packs deep|p1a: Toxapex
|
|-weather|SunnyDay|[upkeep]
|-heal|p1a: Toxapex|100/100 brn|[from] item: Leftovers
|-damage|p2a: 10 packs deep|16/100 psn|[from] psn
|-damage|p1a: Toxapex|94/100 brn|[from] brn
|upkeep
|turn|53
|
|t:|1776334864
|move|p1a: Toxapex|Toxic Spikes|p2a: 10 packs deep
|-sidestart|p2: truthankamon|move: Toxic Spikes
|move|p2a: 10 packs deep|Overheat|p1a: Toxapex|[miss]
|-miss|p2a: 10 packs deep|p1a: Toxapex
|
|-weather|SunnyDay|[upkeep]
|-heal|p1a: Toxapex|100/100 brn|[from] item: Leftovers
|-damage|p2a: 10 packs deep|4/100 psn|[from] psn
|-damage|p1a: Toxapex|94/100 brn|[from] brn
|upkeep
|turn|54
|
|t:|1776334870
|move|p1a: Toxapex|Surf|p2a: 10 packs deep
|-supereffective|p2a: 10 packs deep
|-damage|p2a: 10 packs deep|0 fnt
|faint|p2a: 10 packs deep
|
|-weather|SunnyDay|[upkeep]
|-heal|p1a: Toxapex|100/100 brn|[from] item: Leftovers
|-damage|p1a: Toxapex|94/100 brn|[from] brn
|upkeep
|
|t:|1776334873
|switch|p2a: Old and horny|Great Tusk|13/100 psn
|-activate|p2a: Old and horny|ability: Protosynthesis
|-start|p2a: Old and horny|protosynthesisatk
|turn|55
|
|t:|1776334879
|move|p2a: Old and horny|Headlong Rush|p1a: Toxapex
|-damage|p1a: Toxapex|28/100 brn
|-unboost|p2a: Old and horny|def|1
|-unboost|p2a: Old and horny|spd|1
|move|p1a: Toxapex|Recover|p1a: Toxapex
|-heal|p1a: Toxapex|78/100 brn
|
|-weather|SunnyDay|[upkeep]
|-heal|p1a: Toxapex|84/100 brn|[from] item: Leftovers
|-damage|p2a: Old and horny|1/100 psn|[from] psn
|-damage|p1a: Toxapex|78/100 brn|[from] brn
|upkeep
|turn|56
|
|t:|1776334882
|move|p2a: Old and horny|Headlong Rush|p1a: Toxapex
|-damage|p1a: Toxapex|8/100 brn
|-unboost|p2a: Old and horny|def|1
|-unboost|p2a: Old and horny|spd|1
|move|p1a: Toxapex|Recover|p1a: Toxapex
|-heal|p1a: Toxapex|58/100 brn
|
|-weather|SunnyDay|[upkeep]
|-heal|p1a: Toxapex|64/100 brn|[from] item: Leftovers
|-damage|p2a: Old and horny|0 fnt|[from] psn
|faint|p2a: Old and horny
|-end|p2a: Old and horny|Protosynthesis|[silent]
|-damage|p1a: Toxapex|58/100 brn|[from] brn
|upkeep
|
|t:|1776334886
|switch|p2a: Waking Bad|Walking Wake|63/100
|-status|p2a: Waking Bad|tox
|-activate|p2a: Waking Bad|ability: Protosynthesis
|-start|p2a: Waking Bad|protosynthesisspe
|turn|57
|
|t:|1776334890
|move|p2a: Waking Bad|Hydro Steam|p1a: Toxapex
|-damage|p1a: Toxapex|9/100 brn
|move|p1a: Toxapex|Recover|p1a: Toxapex
|-heal|p1a: Toxapex|59/100 brn
|
|-weather|SunnyDay|[upkeep]
|-heal|p1a: Toxapex|66/100 brn|[from] item: Leftovers
|-damage|p2a: Waking Bad|57/100 tox|[from] psn
|-damage|p1a: Toxapex|59/100 brn|[from] brn
|upkeep
|turn|58
|
|t:|1776334897
|move|p2a: Waking Bad|Hydro Steam|p1a: Toxapex
|-damage|p1a: Toxapex|13/100 brn
|move|p1a: Toxapex|Recover|p1a: Toxapex
|-heal|p1a: Toxapex|63/100 brn
|
|-weather|none
|-end|p2a: Waking Bad|Protosynthesis
|-heal|p1a: Toxapex|69/100 brn|[from] item: Leftovers
|-damage|p2a: Waking Bad|44/100 tox|[from] psn
|-damage|p1a: Toxapex|63/100 brn|[from] brn
|upkeep
|turn|59
|inactive|SpyOP has 240 seconds left.
|
|t:|1776334906
|move|p2a: Waking Bad|Draco Meteor|p1a: Toxapex
|-crit|p1a: Toxapex
|-damage|p1a: Toxapex|0 fnt
|-unboost|p2a: Waking Bad|spa|2
|faint|p1a: Toxapex
|
|win|truthankamon
|c|☆truthankamon|gg
|c|☆SpyOP|gg
