|html|<div class="broadcast-blue"><strong>[Gen 9] OU is currently suspecting Tera Blast! For information on how to participate check out the <a href="https://www.smogon.com/tools/suspects/view/200">suspect thread</a>.</strong></div>
|j|☆Pig Perfect
|j|☆swiggler
|t:|1776092584
|gametype|singles
|player|p1|Pig Perfect|workerice|1590
|player|p2|swiggler|bugcatcher-gen4dp|1658
|gen|9
|tier|[Gen 9] OU
|rated|
|rule|HP Percentage Mod: HP is shown in percentages
|rule|Endless Battle Clause: Forcing endless battles is banned
|rule|Species Clause: Limit one of each Pokémon
|rule|OHKO Clause: OHKO moves are banned
|rule|Evasion Items Clause: Evasion items are banned
|rule|Evasion Moves Clause: Evasion moves are banned
|rule|Evasion Abilities Clause: Evasion abilities are banned
|rule|Sleep Moves Clause: Sleep-inducing moves are banned
|clearpoke
|poke|p1|Iron Leaves|
|poke|p1|Iron Treads|
|poke|p1|Kingambit, F|
|poke|p1|Pawmot, F|
|poke|p1|Pincurchin, M|
|poke|p1|Raging Bolt|
|poke|p2|Ninetales, F|
|poke|p2|Cresselia, F|
|poke|p2|Raging Bolt|
|poke|p2|Iron Moth|
|poke|p2|Great Tusk|
|poke|p2|Walking Wake|
|teampreview
|inactive|Battle timer is ON: inactive players will automatically lose when time's up. (requested by swiggler)
|j| Metallic Symphony
|
|t:|1776092609
|teamsize|p1|6
|teamsize|p2|6
|start
|switch|p1a: Sew What?|Pincurchin, M|100/100
|switch|p2a: Great Tusk|Great Tusk|100/100
|-fieldstart|move: Electric Terrain|[from] ability: Electric Surge|[of] p1a: Sew What?
|turn|1
|
|t:|1776092625
|move|p2a: Great Tusk|Headlong Rush|p1a: Sew What?
|-supereffective|p1a: Sew What?
|-damage|p1a: Sew What?|16/100
|-unboost|p2a: Great Tusk|def|1
|-unboost|p2a: Great Tusk|spd|1
|move|p1a: Sew What?|Spikes|p2a: Great Tusk
|-sidestart|p2: swiggler|Spikes
|
|upkeep
|turn|2
|
|t:|1776092630
|switch|p1a: Iron Trunk|Iron Treads|100/100
|-item|p1a: Iron Trunk|Air Balloon
|-activate|p1a: Iron Trunk|ability: Quark Drive
|-start|p1a: Iron Trunk|quarkdrivespe
|move|p2a: Great Tusk|Rapid Spin|p1a: Iron Trunk
|-resisted|p1a: Iron Trunk
|-damage|p1a: Iron Trunk|94/100
|-boost|p2a: Great Tusk|spe|1
|-enditem|p1a: Iron Trunk|Air Balloon
|-sideend|p2: swiggler|Spikes|[from] move: Rapid Spin|[of] p2a: Great Tusk
|
|upkeep
|turn|3
|
|t:|1776092639
|-end|p2a: Great Tusk|Protosynthesis|[silent]
|switch|p2a: Cresselia|Cresselia, F|100/100
|move|p1a: Iron Trunk|Stealth Rock|p2a: Cresselia
|-sidestart|p2: swiggler|move: Stealth Rock
|
|upkeep
|turn|4
|
|t:|1776092651
|-end|p1a: Iron Trunk|Quark Drive|[silent]
|switch|p1a: *Leaves Game*|Iron Leaves|100/100
|-activate|p1a: *Leaves Game*|ability: Quark Drive
|-start|p1a: *Leaves Game*|quarkdrivespe
|move|p2a: Cresselia|Ice Beam|p1a: *Leaves Game*
|-supereffective|p1a: *Leaves Game*
|-damage|p1a: *Leaves Game*|70/100
|
|-heal|p1a: *Leaves Game*|76/100|[from] item: Leftovers
|upkeep
|turn|5
|
|t:|1776092656
|move|p1a: *Leaves Game*|Substitute|p1a: *Leaves Game*
|-start|p1a: *Leaves Game*|Substitute
|-damage|p1a: *Leaves Game*|51/100
|move|p2a: Cresselia|Thunder Wave||[still]
|-fail|p2a: Cresselia
|
|-heal|p1a: *Leaves Game*|58/100|[from] item: Leftovers
|upkeep
|turn|6
|
|t:|1776092659
|move|p1a: *Leaves Game*|Swords Dance|p1a: *Leaves Game*
|-boost|p1a: *Leaves Game*|atk|2
|move|p2a: Cresselia|Ice Beam|p1a: *Leaves Game*
|-supereffective|p1a: *Leaves Game*
|-end|p1a: *Leaves Game*|Substitute
|
|-heal|p1a: *Leaves Game*|64/100|[from] item: Leftovers
|upkeep
|turn|7
|
|t:|1776092667
|-terastallize|p1a: *Leaves Game*|Fighting
|move|p1a: *Leaves Game*|Substitute|p1a: *Leaves Game*
|-start|p1a: *Leaves Game*|Substitute
|-damage|p1a: *Leaves Game*|39/100
|move|p2a: Cresselia|Ice Beam|p1a: *Leaves Game*
|-activate|p1a: *Leaves Game*|move: Substitute|[damage]
|
|-heal|p1a: *Leaves Game*|45/100|[from] item: Leftovers
|upkeep
|turn|8
|
|t:|1776092679
|move|p1a: *Leaves Game*|Psyblade|p2a: Cresselia
|-resisted|p2a: Cresselia
|-damage|p2a: Cresselia|69/100
|-enditem|p2a: Cresselia|Eject Button
|
|t:|1776092702
|switch|p2a: Iron Moth|Iron Moth|100/100
|-damage|p2a: Iron Moth|76/100|[from] Stealth Rock
|-activate|p2a: Iron Moth|ability: Quark Drive
|-start|p2a: Iron Moth|quarkdrivespe
|
|-heal|p1a: *Leaves Game*|51/100|[from] item: Leftovers
|-fieldend|move: Electric Terrain
|-end|p2a: Iron Moth|Quark Drive
|-end|p1a: *Leaves Game*|Quark Drive
|upkeep
|-enditem|p2a: Iron Moth|Booster Energy
|-activate|p2a: Iron Moth|ability: Quark Drive|[fromitem]
|-start|p2a: Iron Moth|quarkdrivespe
|turn|9
|
|t:|1776092714
|move|p2a: Iron Moth|Fiery Dance|p1a: *Leaves Game*
|-end|p1a: *Leaves Game*|Substitute
|move|p1a: *Leaves Game*|Psyblade|p2a: Iron Moth
|-supereffective|p2a: Iron Moth
|-damage|p2a: Iron Moth|0 fnt
|faint|p2a: Iron Moth
|-end|p2a: Iron Moth|Quark Drive|[silent]
|
|-heal|p1a: *Leaves Game*|58/100|[from] item: Leftovers
|upkeep
|
|t:|1776092720
|switch|p2a: Ninetales|Ninetales, F|100/100
|-damage|p2a: Ninetales|76/100|[from] Stealth Rock
|-weather|SunnyDay|[from] ability: Drought|[of] p2a: Ninetales
|turn|10
|
|t:|1776092725
|-end|p1a: *Leaves Game*|Quark Drive|[silent]
|switch|p1a: Sew What?|Pincurchin, M|16/100
|-fieldstart|move: Electric Terrain|[from] ability: Electric Surge|[of] p1a: Sew What?
|move|p2a: Ninetales|Will-O-Wisp|p1a: Sew What?|[miss]
|-miss|p2a: Ninetales|p1a: Sew What?
|
|-weather|SunnyDay|[upkeep]
|upkeep
|turn|11
|
|t:|1776092730
|switch|p2a: Great Tusk|Great Tusk|100/100
|-damage|p2a: Great Tusk|97/100|[from] Stealth Rock
|-activate|p2a: Great Tusk|ability: Protosynthesis
|-start|p2a: Great Tusk|protosynthesisspe
|move|p1a: Sew What?|Memento|p2a: Great Tusk
|-unboost|p2a: Great Tusk|atk|2
|-unboost|p2a: Great Tusk|spa|2
|faint|p1a: Sew What?
|
|-weather|SunnyDay|[upkeep]
|upkeep
|
|t:|1776092732
|switch|p1a: *Leaves Game*|Iron Leaves, tera:Fighting|58/100
|-activate|p1a: *Leaves Game*|ability: Quark Drive
|-start|p1a: *Leaves Game*|quarkdrivespe
|turn|12
|
|t:|1776092741
|move|p1a: *Leaves Game*|Psyblade|p2a: Great Tusk
|-supereffective|p2a: Great Tusk
|-damage|p2a: Great Tusk|21/100
|-damage|p1a: *Leaves Game*|41/100|[from] item: Rocky Helmet|[of] p2a: Great Tusk
|move|p2a: Great Tusk|Headlong Rush|p1a: *Leaves Game*
|-damage|p1a: *Leaves Game*|13/100
|-unboost|p2a: Great Tusk|def|1
|-unboost|p2a: Great Tusk|spd|1
|
|-weather|SunnyDay|[upkeep]
|-heal|p1a: *Leaves Game*|20/100|[from] item: Leftovers
|upkeep
|turn|13
|
|t:|1776092745
|move|p1a: *Leaves Game*|Psyblade|p2a: Great Tusk
|-supereffective|p2a: Great Tusk
|-damage|p2a: Great Tusk|0 fnt
|-damage|p1a: *Leaves Game*|3/100|[from] item: Rocky Helmet|[of] p2a: Great Tusk
|faint|p2a: Great Tusk
|-end|p2a: Great Tusk|Protosynthesis|[silent]
|
|-weather|SunnyDay|[upkeep]
|-heal|p1a: *Leaves Game*|9/100|[from] item: Leftovers
|upkeep
|
|t:|1776092747
|switch|p2a: Raging Bolt|Raging Bolt|100/100
|-damage|p2a: Raging Bolt|88/100|[from] Stealth Rock
|-activate|p2a: Raging Bolt|ability: Protosynthesis
|-start|p2a: Raging Bolt|protosynthesisspa
|turn|14
|
|t:|1776092751
|-end|p1a: *Leaves Game*|Quark Drive|[silent]
|switch|p1a: Iron Trunk|Iron Treads|94/100
|-activate|p1a: Iron Trunk|ability: Quark Drive
|-start|p1a: Iron Trunk|quarkdrivespe
|move|p2a: Raging Bolt|Thunderclap||[still]
|-fail|p2a: Raging Bolt
|
|-weather|SunnyDay|[upkeep]
|upkeep
|turn|15
|
|t:|1776092754
|-terastallize|p2a: Raging Bolt|Fairy
|move|p1a: Iron Trunk|Earth Power|p2a: Raging Bolt
|-damage|p2a: Raging Bolt|53/100
|move|p2a: Raging Bolt|Weather Ball|p1a: Iron Trunk
|-supereffective|p1a: Iron Trunk
|-damage|p1a: Iron Trunk|0 fnt
|faint|p1a: Iron Trunk
|-end|p1a: Iron Trunk|Quark Drive|[silent]
|-damage|p2a: Raging Bolt|43/100|[from] item: Life Orb
|
|-weather|SunnyDay|[upkeep]
|upkeep
|
|t:|1776092758
|switch|p1a: Peak-Chu|Pawmot, F|100/100
|turn|16
|
|t:|1776092767
|move|p1a: Peak-Chu|Double Shock|p2a: Raging Bolt
|-damage|p2a: Raging Bolt|0 fnt
|-start|p1a: Peak-Chu|typechange|???/Fighting|[from] move: Double Shock
|faint|p2a: Raging Bolt
|-end|p2a: Raging Bolt|Protosynthesis|[silent]
|
|-weather|SunnyDay|[upkeep]
|upkeep
|
|t:|1776092772
|switch|p2a: Walking Wake|Walking Wake|100/100
|-damage|p2a: Walking Wake|88/100|[from] Stealth Rock
|-activate|p2a: Walking Wake|ability: Protosynthesis
|-start|p2a: Walking Wake|protosynthesisspa
|turn|17
|
|t:|1776092785
|switch|p1a: Necky's Nuts|Raging Bolt|100/100
|-activate|p1a: Necky's Nuts|ability: Protosynthesis
|-start|p1a: Necky's Nuts|protosynthesisspa
|move|p2a: Walking Wake|Dragon Pulse|p1a: Necky's Nuts
|-supereffective|p1a: Necky's Nuts
|-damage|p1a: Necky's Nuts|0 fnt
|faint|p1a: Necky's Nuts
|-end|p1a: Necky's Nuts|Protosynthesis|[silent]
|
|-weather|none
|-end|p2a: Walking Wake|Protosynthesis
|-fieldend|move: Electric Terrain
|upkeep
|
|t:|1776092788
|switch|p1a: So ein Mist!|Kingambit, F|100/100
|-activate|p1a: So ein Mist!|ability: Supreme Overlord
|-start|p1a: So ein Mist!|fallen3|[silent]
|turn|18
|
|t:|1776092796
|-end|p2a: Walking Wake|Protosynthesis|[silent]
|switch|p2a: Ninetales|Ninetales, F|76/100
|-damage|p2a: Ninetales|51/100|[from] Stealth Rock
|-weather|SunnyDay|[from] ability: Drought|[of] p2a: Ninetales
|move|p1a: So ein Mist!|Low Kick|p2a: Ninetales
|-damage|p2a: Ninetales|25/100
|
|-weather|SunnyDay|[upkeep]
|upkeep
|turn|19
|
|t:|1776092800
|-end|p1a: So ein Mist!|fallen3|[silent]
|switch|p1a: *Leaves Game*|Iron Leaves, tera:Fighting|9/100
|move|p2a: Ninetales|Will-O-Wisp|p1a: *Leaves Game*|[miss]
|-miss|p2a: Ninetales|p1a: *Leaves Game*
|
|-weather|SunnyDay|[upkeep]
|-heal|p1a: *Leaves Game*|15/100|[from] item: Leftovers
|upkeep
|turn|20
|
|t:|1776092807
|move|p2a: Ninetales|Will-O-Wisp|p1a: *Leaves Game*
|-status|p1a: *Leaves Game*|brn
|move|p1a: *Leaves Game*|Psyblade|p2a: Ninetales
|-damage|p2a: Ninetales|1/100
|
|-weather|SunnyDay|[upkeep]
|-heal|p1a: *Leaves Game*|22/100 brn|[from] item: Leftovers
|-damage|p1a: *Leaves Game*|15/100 brn|[from] brn
|upkeep
|turn|21
|
|t:|1776092814
|move|p2a: Ninetales|Healing Wish|p2a: Ninetales
|faint|p2a: Ninetales
|move|p1a: *Leaves Game*|Psyblade|p2: Ninetales|[notarget]
|-fail|p1a: *Leaves Game*
|
|-weather|SunnyDay|[upkeep]
|-heal|p1a: *Leaves Game*|22/100 brn|[from] item: Leftovers
|-damage|p1a: *Leaves Game*|15/100 brn|[from] brn
|upkeep
|
|t:|1776092819
|switch|p2a: Walking Wake|Walking Wake|88/100
|-heal|p2a: Walking Wake|100/100|[from] move: Healing Wish
|-damage|p2a: Walking Wake|88/100|[from] Stealth Rock
|-activate|p2a: Walking Wake|ability: Protosynthesis
|-start|p2a: Walking Wake|protosynthesisspa
|turn|22
|
|t:|1776092822
|move|p1a: *Leaves Game*|Close Combat|p2a: Walking Wake
|-damage|p2a: Walking Wake|56/100
|-unboost|p1a: *Leaves Game*|def|1
|-unboost|p1a: *Leaves Game*|spd|1
|move|p2a: Walking Wake|Weather Ball|p1a: *Leaves Game*
|-damage|p1a: *Leaves Game*|0 fnt
|faint|p1a: *Leaves Game*
|-end|p1a: *Leaves Game*|Quark Drive|[silent]
|
|-weather|SunnyDay|[upkeep]
|upkeep
|
|t:|1776092830
|switch|p1a: So ein Mist!|Kingambit, F|100/100
|-activate|p1a: So ein Mist!|ability: Supreme Overlord
|-start|p1a: So ein Mist!|fallen4|[silent]
|turn|23
|
|t:|1776092836
|-end|p2a: Walking Wake|Protosynthesis|[silent]
|switch|p2a: Cresselia|Cresselia, F|69/100
|-damage|p2a: Cresselia|56/100|[from] Stealth Rock
|move|p1a: So ein Mist!|Sucker Punch||[still]
|-fail|p1a: So ein Mist!
|
|-weather|SunnyDay|[upkeep]
|upkeep
|turn|24
|
|t:|1776092839
|move|p2a: Cresselia|Lunar Dance|p2a: Cresselia
|faint|p2a: Cresselia
|move|p1a: So ein Mist!|Iron Head|p2: Cresselia|[notarget]
|-fail|p1a: So ein Mist!
|
|-weather|SunnyDay|[upkeep]
|upkeep
|
|t:|1776092842
|switch|p2a: Walking Wake|Walking Wake|56/100
|-heal|p2a: Walking Wake|100/100|[from] move: Lunar Dance
|-damage|p2a: Walking Wake|88/100|[from] Stealth Rock
|-activate|p2a: Walking Wake|ability: Protosynthesis
|-start|p2a: Walking Wake|protosynthesisspa
|turn|25
|
|t:|1776092850
|move|p1a: So ein Mist!|Sucker Punch|p2a: Walking Wake
|-damage|p2a: Walking Wake|20/100
|move|p2a: Walking Wake|Hydro Steam|p1a: So ein Mist!
|-damage|p1a: So ein Mist!|0 fnt
|faint|p1a: So ein Mist!
|-end|p1a: So ein Mist!|fallen4|[silent]
|
|-weather|none
|-end|p2a: Walking Wake|Protosynthesis
|upkeep
|
|t:|1776092856
|switch|p1a: Peak-Chu|Pawmot, F|100/100
|turn|26
|
|t:|1776092860
|move|p1a: Peak-Chu|Mach Punch|p2a: Walking Wake
|-damage|p2a: Walking Wake|0 fnt
|faint|p2a: Walking Wake
|-end|p2a: Walking Wake|Protosynthesis|[silent]
|
|win|Pig Perfect
|raw|Pig Perfect's rating: 1590 &rarr; <strong>1614</strong><br />(+24 for winning)
|raw|swiggler's rating: 1658 &rarr; <strong>1634</strong><br />(-24 for losing)
|l|☆swiggler
|player|p2|
|c|☆Pig Perfect|gg
|l|☆Pig Perfect
|player|p1|
|l| Metallic Symphony
