|html|<div class="broadcast-blue"><strong>[Gen 9] OU is currently suspecting Volcarona! For information on how to participate check out the <a href="https://www.smogon.com/tools/suspects/view/208">suspect thread</a>.</strong></div>
|j|☆Sasori07
|j|☆ihateclodsire
|t:|1778505109
|gametype|singles
|player|p1|Sasori07|volkner|1542
|player|p2|ihateclodsire|elio|1495
|gen|9
|tier|[Gen 9] OU
|rated|
|rule|HP Percentage Mod: HP is shown in percentages
|rule|Endless Battle Clause: Forcing endless battles is banned
|rule|Species Clause: Limit one of each Pokémon
|rule|OHKO Clause: OHKO moves are banned
|rule|Evasion Items Clause: Evasion items are banned
|rule|Evasion Moves Clause: Evasion moves are banned
|rule|Evasion Abilities Clause: Evasion abilities are banned
|rule|Sleep Moves Clause: Sleep-inducing moves are banned
|clearpoke
|poke|p1|Garchomp, F|
|poke|p1|Corviknight, F|
|poke|p1|Pecharunt|
|poke|p1|Meowscarada, M|
|poke|p1|Primarina, F|
|poke|p1|Raging Bolt|
|poke|p2|Volcarona, F|
|poke|p2|Great Tusk|
|poke|p2|Azelf|
|poke|p2|Rillaboom, M|
|poke|p2|Iron Moth|
|poke|p2|Samurott-Hisui, F|
|teampreview
|inactive|Battle timer is ON: inactive players will automatically lose when time's up. (requested by ihateclodsire)
|
|t:|1778505123
|teamsize|p1|6
|teamsize|p2|6
|start
|switch|p1a: Primarina|Primarina, F|100/100
|switch|p2a: Azelf|Azelf|100/100
|turn|1
|
|t:|1778505131
|move|p2a: Azelf|Stealth Rock|p1a: Primarina
|-sidestart|p1: Sasori07|move: Stealth Rock
|move|p1a: Primarina|Moonblast|p2a: Azelf
|-damage|p2a: Azelf|40/100
|
|upkeep
|turn|2
|
|t:|1778505137
|switch|p1a: Corviknight|Corviknight, F|100/100
|-damage|p1a: Corviknight|88/100|[from] Stealth Rock
|-ability|p1a: Corviknight|Pressure
|move|p2a: Azelf|Explosion|p1a: Corviknight
|-resisted|p1a: Corviknight
|-damage|p1a: Corviknight|63/100
|faint|p2a: Azelf
|
|upkeep
|
|t:|1778505140
|switch|p2a: Iron Moth|Iron Moth|100/100
|-enditem|p2a: Iron Moth|Booster Energy
|-activate|p2a: Iron Moth|ability: Quark Drive|[fromitem]
|-start|p2a: Iron Moth|quarkdrivespe
|turn|3
|
|t:|1778505154
|switch|p1a: Garchomp|Garchomp, F|100/100
|-damage|p1a: Garchomp|94/100|[from] Stealth Rock
|move|p2a: Iron Moth|Fiery Dance|p1a: Garchomp
|-resisted|p1a: Garchomp
|-damage|p1a: Garchomp|72/100
|-boost|p2a: Iron Moth|spa|1
|
|upkeep
|turn|4
|
|t:|1778505161
|-terastallize|p2a: Iron Moth|Fairy
|move|p2a: Iron Moth|Dazzling Gleam|p1a: Garchomp
|-supereffective|p1a: Garchomp
|-damage|p1a: Garchomp|0 fnt
|faint|p1a: Garchomp
|
|upkeep
|
|t:|1778505168
|switch|p1a: Pecharunt|Pecharunt|100/100
|turn|5
|
|t:|1778505170
|move|p2a: Iron Moth|Fiery Dance|p1a: Pecharunt
|-damage|p1a: Pecharunt|45/100
|move|p1a: Pecharunt|Malignant Chain|p2a: Iron Moth
|-supereffective|p2a: Iron Moth
|-damage|p2a: Iron Moth|29/100
|-status|p2a: Iron Moth|tox
|-start|p2a: Iron Moth|confusion|[from] ability: Poison Puppeteer|[of] p1a: Pecharunt
|
|-damage|p2a: Iron Moth|23/100 tox|[from] psn
|upkeep
|turn|6
|
|t:|1778505181
|switch|p1a: Raging Bolt|Raging Bolt|100/100
|-damage|p1a: Raging Bolt|88/100|[from] Stealth Rock
|-activate|p2a: Iron Moth|confusion
|move|p2a: Iron Moth|Fiery Dance|p1a: Raging Bolt
|-resisted|p1a: Raging Bolt
|-damage|p1a: Raging Bolt|71/100
|
|-damage|p2a: Iron Moth|11/100 tox|[from] psn
|upkeep
|turn|7
|
|t:|1778505188
|move|p1a: Raging Bolt|Thunderclap|p2a: Iron Moth
|-damage|p2a: Iron Moth|0 fnt
|faint|p2a: Iron Moth
|-end|p2a: Iron Moth|Quark Drive|[silent]
|
|upkeep
|
|t:|1778505196
|switch|p2a: Great Tusk|Great Tusk|100/100
|turn|8
|
|t:|1778505198
|move|p2a: Great Tusk|Bulk Up|p2a: Great Tusk
|-boost|p2a: Great Tusk|atk|1
|-boost|p2a: Great Tusk|def|1
|move|p1a: Raging Bolt|Draco Meteor|p2a: Great Tusk
|-damage|p2a: Great Tusk|0 fnt
|-unboost|p1a: Raging Bolt|spa|2
|faint|p2a: Great Tusk
|-end|p2a: Great Tusk|Protosynthesis|[silent]
|
|upkeep
|
|t:|1778505200
|switch|p2a: Volcarona|Volcarona, F|100/100
|turn|9
|
|t:|1778505205
|move|p2a: Volcarona|Quiver Dance|p2a: Volcarona
|-boost|p2a: Volcarona|spa|1
|-boost|p2a: Volcarona|spd|1
|-boost|p2a: Volcarona|spe|1
|move|p1a: Raging Bolt|Volt Switch|p2a: Volcarona
|-damage|p2a: Volcarona|87/100
|
|t:|1778505209
|-end|p1a: Raging Bolt|Protosynthesis|[silent]
|switch|p1a: Corviknight|Corviknight, F|63/100|[from] Volt Switch
|-damage|p1a: Corviknight|51/100|[from] Stealth Rock
|-ability|p1a: Corviknight|Pressure
|
|-heal|p2a: Volcarona|94/100|[from] item: Leftovers
|upkeep
|turn|10
|
|t:|1778505211
|-terastallize|p1a: Corviknight|Dragon
|move|p2a: Volcarona|Substitute|p2a: Volcarona
|-start|p2a: Volcarona|Substitute
|-damage|p2a: Volcarona|69/100
|move|p1a: Corviknight|Brave Bird|p2a: Volcarona
|-supereffective|p2a: Volcarona
|-end|p2a: Volcarona|Substitute
|-damage|p1a: Corviknight|44/100|[from] Recoil|[of] p2a: Volcarona
|
|-heal|p2a: Volcarona|75/100|[from] item: Leftovers
|upkeep
|turn|11
|
|t:|1778505218
|move|p2a: Volcarona|Bug Buzz|p1a: Corviknight
|-damage|p1a: Corviknight|0 fnt
|faint|p1a: Corviknight
|
|-heal|p2a: Volcarona|81/100|[from] item: Leftovers
|upkeep
|
|t:|1778505220
|switch|p1a: Raging Bolt|Raging Bolt|71/100
|-damage|p1a: Raging Bolt|59/100|[from] Stealth Rock
|turn|12
|
|t:|1778505224
|move|p2a: Volcarona|Substitute|p2a: Volcarona
|-start|p2a: Volcarona|Substitute
|-damage|p2a: Volcarona|56/100
|move|p1a: Raging Bolt|Volt Switch|p2a: Volcarona
|-activate|p2a: Volcarona|move: Substitute|[damage]
|
|t:|1778505227
|-end|p1a: Raging Bolt|Protosynthesis|[silent]
|switch|p1a: Primarina|Primarina, F|100/100|[from] Volt Switch
|-damage|p1a: Primarina|88/100|[from] Stealth Rock
|
|-heal|p2a: Volcarona|62/100|[from] item: Leftovers
|-heal|p1a: Primarina|94/100|[from] item: Leftovers
|upkeep
|turn|13
|
|t:|1778505229
|move|p2a: Volcarona|Quiver Dance|p2a: Volcarona
|-boost|p2a: Volcarona|spa|1
|-boost|p2a: Volcarona|spd|1
|-boost|p2a: Volcarona|spe|1
|move|p1a: Primarina|Psychic Noise|p2a: Volcarona
|-supereffective|p2a: Volcarona
|-damage|p2a: Volcarona|33/100
|-start|p2a: Volcarona|move: Heal Block
|
|-heal|p1a: Primarina|100/100|[from] item: Leftovers
|upkeep
|turn|14
|
|t:|1778505234
|move|p2a: Volcarona|Bug Buzz|p1a: Primarina
|-resisted|p1a: Primarina
|-damage|p1a: Primarina|53/100
|-unboost|p1a: Primarina|spd|1
|move|p1a: Primarina|Psychic Noise|p2a: Volcarona
|-supereffective|p2a: Volcarona
|-damage|p2a: Volcarona|0 fnt
|faint|p2a: Volcarona
|
|-heal|p1a: Primarina|59/100|[from] item: Leftovers
|upkeep
|
|t:|1778505246
|switch|p2a: Rillaboom|Rillaboom, M|100/100
|-fieldstart|move: Grassy Terrain|[from] ability: Grassy Surge|[of] p2a: Rillaboom
|turn|15
|
|t:|1778505251
|move|p2a: Rillaboom|Swords Dance|p2a: Rillaboom
|-boost|p2a: Rillaboom|atk|2
|move|p1a: Primarina|Moonblast|p2a: Rillaboom
|-damage|p2a: Rillaboom|46/100
|
|-heal|p2a: Rillaboom|52/100|[from] Grassy Terrain
|-heal|p1a: Primarina|65/100|[from] Grassy Terrain
|-heal|p1a: Primarina|72/100|[from] item: Leftovers
|upkeep
|turn|16
|
|t:|1778505260
|move|p2a: Rillaboom|Grassy Glide|p1a: Primarina
|-supereffective|p1a: Primarina
|-damage|p1a: Primarina|0 fnt
|faint|p1a: Primarina
|-damage|p2a: Rillaboom|42/100|[from] item: Life Orb
|
|-heal|p2a: Rillaboom|48/100|[from] Grassy Terrain
|upkeep
|
|t:|1778505264
|switch|p1a: Raging Bolt|Raging Bolt|59/100
|-damage|p1a: Raging Bolt|46/100|[from] Stealth Rock
|turn|17
|
|t:|1778505274
|move|p1a: Raging Bolt|Thunderclap|p2a: Rillaboom
|-resisted|p2a: Rillaboom
|-damage|p2a: Rillaboom|20/100
|move|p2a: Rillaboom|Knock Off|p1a: Raging Bolt
|-damage|p1a: Raging Bolt|0 fnt
|-enditem|p1a: Raging Bolt|Assault Vest|[from] move: Knock Off|[of] p2a: Rillaboom
|faint|p1a: Raging Bolt
|-end|p1a: Raging Bolt|Protosynthesis|[silent]
|-damage|p2a: Rillaboom|10/100|[from] item: Life Orb
|
|-heal|p2a: Rillaboom|17/100|[from] Grassy Terrain
|upkeep
|
|t:|1778505283
|switch|p1a: Meowscarada|Meowscarada, M|100/100
|-damage|p1a: Meowscarada|88/100|[from] Stealth Rock
|turn|18
|
|t:|1778505285
|switch|p1a: Pecharunt|Pecharunt|45/100
|move|p2a: Rillaboom|Grassy Glide|p1a: Pecharunt
|-resisted|p1a: Pecharunt
|-damage|p1a: Pecharunt|21/100
|-damage|p2a: Rillaboom|7/100|[from] item: Life Orb
|
|-heal|p2a: Rillaboom|13/100|[from] Grassy Terrain
|-heal|p1a: Pecharunt|27/100|[from] Grassy Terrain
|upkeep
|turn|19
|
|t:|1778505308
|move|p2a: Rillaboom|Grassy Glide|p1a: Pecharunt
|-resisted|p1a: Pecharunt
|-crit|p1a: Pecharunt
|-damage|p1a: Pecharunt|0 fnt
|faint|p1a: Pecharunt
|-damage|p2a: Rillaboom|3/100|[from] item: Life Orb
|
|-heal|p2a: Rillaboom|9/100|[from] Grassy Terrain
|-fieldend|move: Grassy Terrain
|upkeep
|
|t:|1778505314
|switch|p1a: Meowscarada|Meowscarada, M|88/100
|-damage|p1a: Meowscarada|76/100|[from] Stealth Rock
|turn|20
|
|t:|1778505320
|move|p1a: Meowscarada|Flower Trick|p2a: Rillaboom
|-start|p1a: Meowscarada|typechange|Grass|[from] ability: Protean
|-resisted|p2a: Rillaboom
|-crit|p2a: Rillaboom
|-damage|p2a: Rillaboom|0 fnt
|faint|p2a: Rillaboom
|
|upkeep
|
|t:|1778505321
|switch|p2a: Samurott|Samurott-Hisui, F|100/100
|turn|21
|
|t:|1778505323
|move|p2a: Samurott|Sucker Punch|p1a: Meowscarada
|-damage|p1a: Meowscarada|6/100
|move|p1a: Meowscarada|Flower Trick|p2a: Samurott
|-supereffective|p2a: Samurott
|-crit|p2a: Samurott
|-damage|p2a: Samurott|0 fnt
|faint|p2a: Samurott
|
|win|Sasori07
|raw|Sasori07's rating: 1542 &rarr; <strong>1559</strong><br />(+17 for winning)
|raw|ihateclodsire's rating: 1495 &rarr; <strong>1478</strong><br />(-17 for losing)
|l|☆ihateclodsire
|player|p2|
|l|☆Sasori07
|player|p1|
