|html|<div class="broadcast-blue"><strong>[Gen 9] OU is currently suspecting Tera Blast! For information on how to participate check out the <a href="https://www.smogon.com/tools/suspects/view/200">suspect thread</a>.</strong></div>
|j|☆MarcElf22
|j|☆elmerbar
|t:|1776145638
|gametype|singles
|player|p1|MarcElf22|hilbert-wonderlauncher|1035
|player|p2|elmerbar|veteran|1059
|gen|9
|tier|[Gen 9] OU
|rated|
|rule|HP Percentage Mod: HP is shown in percentages
|rule|Endless Battle Clause: Forcing endless battles is banned
|rule|Species Clause: Limit one of each Pokémon
|rule|OHKO Clause: OHKO moves are banned
|rule|Evasion Items Clause: Evasion items are banned
|rule|Evasion Moves Clause: Evasion moves are banned
|rule|Evasion Abilities Clause: Evasion abilities are banned
|rule|Sleep Moves Clause: Sleep-inducing moves are banned
|clearpoke
|poke|p1|Flamigo, M|
|poke|p1|Clodsire, M|
|poke|p1|Scrafty, M|
|poke|p1|Garganacl, M|
|poke|p1|Skeledirge, F|
|poke|p1|Azumarill, F|
|poke|p2|Sceptile, F|
|poke|p2|Tyranitar, M|
|poke|p2|Rotom-Wash|
|poke|p2|Corviknight, F|
|poke|p2|Excadrill, F|
|poke|p2|Gyarados, M|
|teampreview
|
|t:|1776145655
|teamsize|p1|6
|teamsize|p2|6
|start
|switch|p1a: Takodachi|Clodsire, M|100/100
|switch|p2a: Tyranitar|Tyranitar, M, shiny|100/100
|-weather|Sandstorm|[from] ability: Sand Stream|[of] p2a: Tyranitar
|turn|1
|
|t:|1776145680
|switch|p2a: Excadrill|Excadrill, F, shiny|100/100
|-ability|p2a: Excadrill|Mold Breaker
|move|p1a: Takodachi|Toxic Spikes|p2a: Excadrill
|-sidestart|p2: elmerbar|move: Toxic Spikes
|
|-weather|Sandstorm|[upkeep]
|upkeep
|turn|2
|
|t:|1776145694
|move|p2a: Excadrill|Earthquake|p1a: Takodachi
|-supereffective|p1a: Takodachi
|-damage|p1a: Takodachi|0 fnt
|faint|p1a: Takodachi
|
|-weather|Sandstorm|[upkeep]
|upkeep
|
|t:|1776145708
|switch|p1a: Bubbles|Azumarill, F|100/100
|turn|3
|
|t:|1776145726
|switch|p2a: Rotom|Rotom-Wash, shiny|100/100
|move|p1a: Bubbles|Belly Drum|p1a: Bubbles
|-damage|p1a: Bubbles|50/100
|-setboost|p1a: Bubbles|atk|6|[from] move: Belly Drum
|-enditem|p1a: Bubbles|Sitrus Berry|[eat]
|-heal|p1a: Bubbles|75/100|[from] item: Sitrus Berry
|
|-weather|Sandstorm|[upkeep]
|-damage|p2a: Rotom|95/100|[from] Sandstorm
|-damage|p1a: Bubbles|69/100|[from] Sandstorm
|-heal|p2a: Rotom|100/100|[from] item: Leftovers
|upkeep
|turn|4
|
|t:|1776145752
|move|p1a: Bubbles|Aqua Jet|p2a: Rotom
|-resisted|p2a: Rotom
|-damage|p2a: Rotom|61/100
|move|p2a: Rotom|Volt Switch|p1a: Bubbles
|-supereffective|p1a: Bubbles
|-damage|p1a: Bubbles|6/100
|
|t:|1776145763
|switch|p2a: Gyarados|Gyarados, M, shiny|100/100|[from] Volt Switch
|-ability|p2a: Gyarados|Intimidate|boost
|-unboost|p1a: Bubbles|atk|1
|
|-weather|Sandstorm|[upkeep]
|-damage|p2a: Gyarados|94/100|[from] Sandstorm
|-damage|p1a: Bubbles|0 fnt|[from] Sandstorm
|faint|p1a: Bubbles
|upkeep
|
|t:|1776145776
|switch|p1a: RockSalt|Garganacl, M|100/100
|turn|5
|
|t:|1776145782
|move|p2a: Gyarados|Dragon Dance|p2a: Gyarados
|-boost|p2a: Gyarados|atk|1
|-boost|p2a: Gyarados|spe|1
|move|p1a: RockSalt|Hard Press|p2a: Gyarados
|-resisted|p2a: Gyarados
|-damage|p2a: Gyarados|77/100
|
|-weather|none
|upkeep
|turn|6
|
|t:|1776145793
|move|p2a: Gyarados|Dragon Dance|p2a: Gyarados
|-boost|p2a: Gyarados|atk|1
|-boost|p2a: Gyarados|spe|1
|move|p1a: RockSalt|Salt Cure|p2a: Gyarados
|-supereffective|p2a: Gyarados
|-damage|p2a: Gyarados|35/100
|-start|p2a: Gyarados|Salt Cure
|
|-damage|p2a: Gyarados|10/100|[from] Salt Cure
|upkeep
|turn|7
|
|t:|1776145807
|switch|p1a: Resting Face|Scrafty, M|100/100
|-ability|p1a: Resting Face|Intimidate|boost
|-unboost|p2a: Gyarados|atk|1
|move|p2a: Gyarados|Waterfall|p1a: Resting Face
|-damage|p1a: Resting Face|47/100
|
|-damage|p2a: Gyarados|0 fnt|[from] Salt Cure
|faint|p2a: Gyarados
|upkeep
|
|t:|1776145831
|switch|p2a: Corviknight|Corviknight, F, shiny|100/100
|-ability|p2a: Corviknight|Pressure
|turn|8
|
|t:|1776145861
|move|p2a: Corviknight|Brave Bird|p1a: Resting Face
|-supereffective|p1a: Resting Face
|-damage|p1a: Resting Face|0 fnt
|faint|p1a: Resting Face
|-damage|p2a: Corviknight|90/100|[from] Recoil
|
|upkeep
|
|t:|1776145866
|switch|p1a: TakaMori|Skeledirge, F, shiny|100/100
|turn|9
|
|t:|1776145881
|switch|p2a: Rotom|Rotom-Wash, shiny|61/100
|move|p1a: TakaMori|Torch Song|p2a: Rotom
|-resisted|p2a: Rotom
|-damage|p2a: Rotom|39/100
|-boost|p1a: TakaMori|spa|1
|-enditem|p1a: TakaMori|Throat Spray
|-boost|p1a: TakaMori|spa|1|[from] item: Throat Spray
|
|-heal|p2a: Rotom|45/100|[from] item: Leftovers
|upkeep
|turn|10
|
|t:|1776145900
|move|p2a: Rotom|Hydro Pump|p1a: TakaMori
|-supereffective|p1a: TakaMori
|-damage|p1a: TakaMori|13/100
|move|p1a: TakaMori|Shadow Ball|p2a: Rotom
|-damage|p2a: Rotom|0 fnt
|faint|p2a: Rotom
|
|upkeep
|
|t:|1776145923
|switch|p2a: Sceptile|Sceptile, F, shiny|100/100
|-status|p2a: Sceptile|psn
|turn|11
|
|t:|1776145934
|move|p2a: Sceptile|Dragon Pulse|p1a: TakaMori
|-damage|p1a: TakaMori|0 fnt
|faint|p1a: TakaMori
|-damage|p2a: Sceptile|91/100 psn|[from] item: Life Orb
|
|-damage|p2a: Sceptile|78/100 psn|[from] psn
|upkeep
|
|t:|1776145946
|switch|p1a: Pink Guy|Flamigo, M|100/100
|turn|12
|
|t:|1776145958
|move|p2a: Sceptile|Substitute|p2a: Sceptile
|-start|p2a: Sceptile|Substitute
|-damage|p2a: Sceptile|53/100 psn
|move|p1a: Pink Guy|Agility|p1a: Pink Guy
|-boost|p1a: Pink Guy|spe|2
|
|-damage|p2a: Sceptile|41/100 psn|[from] psn
|upkeep
|turn|13
|
|t:|1776145980
|move|p1a: Pink Guy|Roost||[still]
|-fail|p1a: Pink Guy|heal
|move|p2a: Sceptile|Dragon Pulse|p1a: Pink Guy
|-damage|p1a: Pink Guy|48/100
|-damage|p2a: Sceptile|31/100 psn|[from] item: Life Orb
|
|-damage|p2a: Sceptile|18/100 psn|[from] psn
|upkeep
|turn|14
|
|t:|1776145992
|move|p1a: Pink Guy|Roost|p1a: Pink Guy
|-heal|p1a: Pink Guy|98/100
|-singleturn|p1a: Pink Guy|move: Roost
|move|p2a: Sceptile|Dragon Pulse|p1a: Pink Guy
|-damage|p1a: Pink Guy|43/100
|-damage|p2a: Sceptile|8/100 psn|[from] item: Life Orb
|
|-damage|p2a: Sceptile|0 fnt|[from] psn
|faint|p2a: Sceptile
|upkeep
|
|t:|1776146008
|switch|p2a: Corviknight|Corviknight, F, shiny|90/100
|-ability|p2a: Corviknight|Pressure
|turn|15
|
|t:|1776146025
|move|p1a: Pink Guy|Close Combat|p2a: Corviknight
|-damage|p2a: Corviknight|51/100
|-unboost|p1a: Pink Guy|def|1
|-unboost|p1a: Pink Guy|spd|1
|-damage|p1a: Pink Guy|27/100|[from] item: Rocky Helmet|[of] p2a: Corviknight
|move|p2a: Corviknight|Brave Bird|p1a: Pink Guy
|-supereffective|p1a: Pink Guy
|-damage|p1a: Pink Guy|0 fnt
|faint|p1a: Pink Guy
|-damage|p2a: Corviknight|44/100|[from] Recoil
|
|upkeep
|
|t:|1776146040
|switch|p1a: RockSalt|Garganacl, M|100/100
|turn|16
|
|t:|1776146052
|-terastallize|p1a: RockSalt|Rock
|move|p2a: Corviknight|Defog|p1a: RockSalt
|-unboost|p1a: RockSalt|evasion|1
|-sideend|p2: elmerbar|Toxic Spikes|[from] move: Defog|[of] p2a: Corviknight
|move|p1a: RockSalt|Salt Cure|p2a: Corviknight
|-damage|p2a: Corviknight|22/100
|-start|p2a: Corviknight|Salt Cure
|
|-damage|p2a: Corviknight|0 fnt|[from] Salt Cure
|faint|p2a: Corviknight
|upkeep
|
|t:|1776146071
|switch|p2a: Tyranitar|Tyranitar, M, shiny|100/100
|-weather|Sandstorm|[from] ability: Sand Stream|[of] p2a: Tyranitar
|turn|17
|
|t:|1776146085
|move|p2a: Tyranitar|Stone Edge|p1a: RockSalt
|-damage|p1a: RockSalt|75/100
|move|p1a: RockSalt|Hard Press|p2a: Tyranitar
|-supereffective|p2a: Tyranitar
|-damage|p2a: Tyranitar|52/100
|
|-weather|Sandstorm|[upkeep]
|-heal|p2a: Tyranitar|59/100|[from] item: Leftovers
|upkeep
|turn|18
|
|t:|1776146095
|move|p2a: Tyranitar|Stone Edge|p1a: RockSalt
|-crit|p1a: RockSalt
|-damage|p1a: RockSalt|37/100
|move|p1a: RockSalt|Body Press|p2a: Tyranitar
|-supereffective|p2a: Tyranitar
|-damage|p2a: Tyranitar|0 fnt
|faint|p2a: Tyranitar
|
|-weather|Sandstorm|[upkeep]
|upkeep
|
|t:|1776146104
|switch|p2a: Excadrill|Excadrill, F, shiny|100/100
|-ability|p2a: Excadrill|Mold Breaker
|turn|19
|
|t:|1776146110
|move|p2a: Excadrill|Earthquake|p1a: RockSalt
|-supereffective|p1a: RockSalt
|-damage|p1a: RockSalt|0 fnt
|faint|p1a: RockSalt
|
|win|elmerbar
|raw|MarcElf22's rating: 1035 &rarr; <strong>1021</strong><br />(-14 for losing)
|raw|elmerbar's rating: 1059 &rarr; <strong>1088</strong><br />(+29 for winning)
|c|☆MarcElf22|gg
|l|☆elmerbar
|player|p2|
