|html|<div class="broadcast-blue"><strong>[Gen 9] OU is currently suspecting Tera Blast! For information on how to participate check out the <a href="https://www.smogon.com/tools/suspects/view/200">suspect thread</a>.</strong></div>
|j|☆justicebreakfast
|j|☆scrninjakai_sagnik
|t:|1776087431
|gametype|singles
|player|p1|justicebreakfast|rood|1133
|player|p2|scrninjakai_sagnik|2|1114
|gen|9
|tier|[Gen 9] OU
|rated|
|rule|HP Percentage Mod: HP is shown in percentages
|rule|Endless Battle Clause: Forcing endless battles is banned
|rule|Species Clause: Limit one of each Pokémon
|rule|OHKO Clause: OHKO moves are banned
|rule|Evasion Items Clause: Evasion items are banned
|rule|Evasion Moves Clause: Evasion moves are banned
|rule|Evasion Abilities Clause: Evasion abilities are banned
|rule|Sleep Moves Clause: Sleep-inducing moves are banned
|clearpoke
|poke|p1|Minior|
|poke|p1|Mimikyu, F|
|poke|p1|Ninetales-Alola, F|
|poke|p1|Greninja-*, M|
|poke|p1|Gholdengo|
|poke|p1|Slither Wing|
|poke|p2|Torkoal, M|
|poke|p2|Walking Wake|
|poke|p2|Great Tusk|
|poke|p2|Enamorus, F|
|poke|p2|Raging Bolt|
|poke|p2|Arcanine-Hisui, M|
|teampreview
|inactive|Battle timer is ON: inactive players will automatically lose when time's up. (requested by scrninjakai_sagnik)
|
|t:|1776087460
|teamsize|p1|6
|teamsize|p2|6
|start
|switch|p1a: Greninja|Greninja, M|100/100
|switch|p2a: Torkoal|Torkoal, M|100/100
|-weather|SunnyDay|[from] ability: Drought|[of] p2a: Torkoal
|turn|1
|
|t:|1776087468
|move|p1a: Greninja|Surf|p2a: Torkoal
|-start|p1a: Greninja|typechange|Water|[from] ability: Protean
|-supereffective|p2a: Torkoal
|-damage|p2a: Torkoal|50/100
|move|p2a: Torkoal|Will-O-Wisp|p1a: Greninja
|-status|p1a: Greninja|brn
|
|-weather|SunnyDay|[upkeep]
|-damage|p1a: Greninja|95/100 brn|[from] brn
|upkeep
|turn|2
|
|t:|1776087475
|switch|p2a: Walking Wake|Walking Wake|100/100
|-activate|p2a: Walking Wake|ability: Protosynthesis
|-start|p2a: Walking Wake|protosynthesisspa
|move|p1a: Greninja|Surf|p2a: Walking Wake
|-resisted|p2a: Walking Wake
|-damage|p2a: Walking Wake|93/100
|
|-weather|SunnyDay|[upkeep]
|-damage|p1a: Greninja|89/100 brn|[from] brn
|upkeep
|turn|3
|
|t:|1776087486
|switch|p1a: Slither Wing|Slither Wing|100/100
|-activate|p1a: Slither Wing|ability: Protosynthesis
|-start|p1a: Slither Wing|protosynthesisatk
|move|p2a: Walking Wake|Hydro Steam|p1a: Slither Wing
|-damage|p1a: Slither Wing|4/100
|
|-weather|SunnyDay|[upkeep]
|upkeep
|turn|4
|
|t:|1776087493
|-end|p2a: Walking Wake|Protosynthesis|[silent]
|switch|p2a: Arcanine|Arcanine-Hisui, M|100/100
|move|p1a: Slither Wing|First Impression|p2a: Arcanine
|-resisted|p2a: Arcanine
|-damage|p2a: Arcanine|65/100
|
|-weather|SunnyDay|[upkeep]
|upkeep
|turn|5
|
|t:|1776087503
|move|p2a: Arcanine|Extreme Speed|p1a: Slither Wing
|-damage|p1a: Slither Wing|0 fnt
|faint|p1a: Slither Wing
|-end|p1a: Slither Wing|Protosynthesis|[silent]
|
|-weather|SunnyDay|[upkeep]
|upkeep
|
|t:|1776087522
|switch|p1a: Gholdengo|Gholdengo|100/100
|turn|6
|c|☆scrninjakai_sagnik|!weak hisuian arcanine
|c| scrninjakai_sagnik|/raw <div class="infobox">Arcanine-Hisui (ignoring abilities):<br /><span class="message-effect-weak">Weaknesses</span>: Fighting, <b>Ground</b>, Rock, <b>Water</b><br /><span class="message-effect-resist">Resistances</span>: Bug, Fairy, <b>Fire</b>, Flying, Ice, Normal, Poison<br /><span class="message-effect-immune">Immunities</span>: Burn, Sandstorm damage</div>
|
|t:|1776087536
|switch|p2a: Great Tusk|Great Tusk|100/100
|-activate|p2a: Great Tusk|ability: Protosynthesis
|-start|p2a: Great Tusk|protosynthesisatk
|move|p1a: Gholdengo|Make It Rain|p2a: Great Tusk
|-damage|p2a: Great Tusk|50/100
|-unboost|p1a: Gholdengo|spa|1
|
|-weather|SunnyDay|[upkeep]
|upkeep
|turn|7
|
|t:|1776087549
|switch|p1a: Greninja|Greninja, M|89/100 brn
|move|p2a: Great Tusk|Headlong Rush|p1a: Greninja
|-damage|p1a: Greninja|0 fnt
|-unboost|p2a: Great Tusk|def|1
|-unboost|p2a: Great Tusk|spd|1
|faint|p1a: Greninja
|
|-weather|SunnyDay|[upkeep]
|upkeep
|
|t:|1776087552
|switch|p1a: Ninetales|Ninetales-Alola, F|100/100
|-weather|Snowscape|[from] ability: Snow Warning|[of] p1a: Ninetales
|-end|p2a: Great Tusk|Protosynthesis
|turn|8
|
|t:|1776087559
|-end|p2a: Great Tusk|Protosynthesis|[silent]
|switch|p2a: Torkoal|Torkoal, M|50/100
|-weather|SunnyDay|[from] ability: Drought|[of] p2a: Torkoal
|move|p1a: Ninetales|Aurora Veil||[still]
|-fail|p1a: Ninetales
|
|-weather|SunnyDay|[upkeep]
|upkeep
|turn|9
|
|t:|1776087570
|switch|p1a: Minior|Minior, shiny|100/100
|-formechange|p1a: Minior|Minior-Meteor||[from] ability: Shields Down
|move|p2a: Torkoal|Lava Plume|p1a: Minior
|-resisted|p1a: Minior
|-damage|p1a: Minior|78/100
|
|-weather|SunnyDay|[upkeep]
|upkeep
|turn|10
|
|t:|1776087586
|switch|p2a: Walking Wake|Walking Wake|93/100
|-activate|p2a: Walking Wake|ability: Protosynthesis
|-start|p2a: Walking Wake|protosynthesisspa
|move|p1a: Minior|Shell Smash|p1a: Minior
|-unboost|p1a: Minior|def|1
|-unboost|p1a: Minior|spd|1
|-boost|p1a: Minior|atk|2
|-boost|p1a: Minior|spa|2
|-boost|p1a: Minior|spe|2
|-enditem|p1a: Minior|White Herb
|-clearnegativeboost|p1a: Minior|[silent]
|
|-weather|SunnyDay|[upkeep]
|upkeep
|turn|11
|
|t:|1776087603
|move|p1a: Minior|Acrobatics|p2a: Walking Wake
|-damage|p2a: Walking Wake|9/100
|move|p2a: Walking Wake|Hydro Steam|p1a: Minior
|-supereffective|p1a: Minior
|-damage|p1a: Minior|0 fnt
|faint|p1a: Minior
|
|-weather|SunnyDay|[upkeep]
|upkeep
|
|t:|1776087609
|switch|p1a: Ninetales|Ninetales-Alola, F|100/100
|-weather|Snowscape|[from] ability: Snow Warning|[of] p1a: Ninetales
|-end|p2a: Walking Wake|Protosynthesis
|turn|12
|
|t:|1776087617
|-end|p2a: Walking Wake|Protosynthesis|[silent]
|switch|p2a: Torkoal|Torkoal, M|50/100
|-weather|SunnyDay|[from] ability: Drought|[of] p2a: Torkoal
|move|p1a: Ninetales|Freeze-Dry|p2a: Torkoal
|-resisted|p2a: Torkoal
|-damage|p2a: Torkoal|41/100
|
|-weather|SunnyDay|[upkeep]
|upkeep
|turn|13
|
|t:|1776087628
|move|p1a: Ninetales|Encore||[still]
|-fail|p1a: Ninetales
|move|p2a: Torkoal|Lava Plume|p1a: Ninetales
|-supereffective|p1a: Ninetales
|-crit|p1a: Ninetales
|-damage|p1a: Ninetales|0 fnt
|faint|p1a: Ninetales
|
|-weather|SunnyDay|[upkeep]
|upkeep
|
|t:|1776087635
|switch|p1a: Mimikyu|Mimikyu, F, shiny|100/100
|turn|14
|
|t:|1776087640
|move|p1a: Mimikyu|Swords Dance|p1a: Mimikyu
|-boost|p1a: Mimikyu|atk|2
|move|p2a: Torkoal|Lava Plume|p1a: Mimikyu
|-activate|p1a: Mimikyu|ability: Disguise
|-damage|p1a: Mimikyu|100/100
|detailschange|p1a: Mimikyu|Mimikyu-Busted, F, shiny
|-damage|p1a: Mimikyu|88/100|[from] pokemon: Mimikyu-Busted
|-enditem|p1a: Mimikyu|Red Card|[of] p2a: Torkoal
|drag|p2a: Enamorus|Enamorus, F|100/100
|
|-weather|SunnyDay|[upkeep]
|upkeep
|turn|15
|
|t:|1776087657
|move|p1a: Mimikyu|Shadow Claw|p2a: Enamorus
|-damage|p2a: Enamorus|14/100
|move|p2a: Enamorus|Moonblast|p1a: Mimikyu
|-damage|p1a: Mimikyu|10/100
|
|-weather|SunnyDay|[upkeep]
|upkeep
|turn|16
|
|t:|1776087686
|move|p1a: Mimikyu|Shadow Sneak|p2a: Enamorus
|-damage|p2a: Enamorus|0 fnt
|faint|p2a: Enamorus
|
|-weather|SunnyDay|[upkeep]
|upkeep
|
|t:|1776087691
|switch|p2a: Raging Bolt|Raging Bolt|100/100
|-activate|p2a: Raging Bolt|ability: Protosynthesis
|-start|p2a: Raging Bolt|protosynthesisspa
|turn|17
|
|t:|1776087700
|-terastallize|p2a: Raging Bolt|Fairy
|move|p1a: Mimikyu|Play Rough|p2a: Raging Bolt|[miss]
|-miss|p1a: Mimikyu|p2a: Raging Bolt
|move|p2a: Raging Bolt|Thunderbolt|p1a: Mimikyu
|-damage|p1a: Mimikyu|0 fnt
|faint|p1a: Mimikyu
|
|-weather|SunnyDay|[upkeep]
|upkeep
|
|t:|1776087702
|switch|p1a: Gholdengo|Gholdengo|100/100
|turn|18
|
|t:|1776087707
|-terastallize|p1a: Gholdengo|Fairy
|move|p2a: Raging Bolt|Thunderclap|p1a: Gholdengo
|-damage|p1a: Gholdengo|37/100
|move|p1a: Gholdengo|Make It Rain|p2a: Raging Bolt
|-supereffective|p2a: Raging Bolt
|-damage|p2a: Raging Bolt|0 fnt
|-unboost|p1a: Gholdengo|spa|1
|faint|p2a: Raging Bolt
|-end|p2a: Raging Bolt|Protosynthesis|[silent]
|
|-weather|SunnyDay|[upkeep]
|upkeep
|
|t:|1776087720
|switch|p2a: Walking Wake|Walking Wake|9/100
|-activate|p2a: Walking Wake|ability: Protosynthesis
|-start|p2a: Walking Wake|protosynthesisspa
|turn|19
|
|t:|1776087724
|move|p1a: Gholdengo|Make It Rain|p2a: Walking Wake
|-resisted|p2a: Walking Wake
|-damage|p2a: Walking Wake|0 fnt
|-unboost|p1a: Gholdengo|spa|1
|faint|p2a: Walking Wake
|-end|p2a: Walking Wake|Protosynthesis|[silent]
|
|-weather|none
|upkeep
|
|t:|1776087727
|switch|p2a: Arcanine|Arcanine-Hisui, M|65/100
|turn|20
|
|t:|1776087730
|move|p2a: Arcanine|Extreme Speed|p1a: Gholdengo
|-damage|p1a: Gholdengo|0 fnt
|faint|p1a: Gholdengo
|
|win|scrninjakai_sagnik
|raw|justicebreakfast's rating: 1133 &rarr; <strong>1107</strong><br />(-26 for losing)
|raw|scrninjakai_sagnik's rating: 1114 &rarr; <strong>1140</strong><br />(+26 for winning)
|l|☆justicebreakfast
|player|p1|
|l|☆scrninjakai_sagnik
|player|p2|
