|html|<div class="broadcast-blue"><strong>[Gen 9] OU is currently suspecting Tera Blast! For information on how to participate check out the <a href="https://www.smogon.com/tools/suspects/view/200">suspect thread</a>.</strong></div>
|j|☆Fucomix
|j|☆SnowieSoul
|t:|1776065491
|gametype|singles
|player|p1|Fucomix|veteran|1078
|player|p2|SnowieSoul|2|1100
|gen|9
|tier|[Gen 9] OU
|rated|
|rule|HP Percentage Mod: HP is shown in percentages
|rule|Endless Battle Clause: Forcing endless battles is banned
|rule|Species Clause: Limit one of each Pokémon
|rule|OHKO Clause: OHKO moves are banned
|rule|Evasion Items Clause: Evasion items are banned
|rule|Evasion Moves Clause: Evasion moves are banned
|rule|Evasion Abilities Clause: Evasion abilities are banned
|rule|Sleep Moves Clause: Sleep-inducing moves are banned
|clearpoke
|poke|p1|Quagsire, F|
|poke|p1|Feraligatr, F|
|poke|p1|Muk, M|
|poke|p1|Mightyena, M|
|poke|p1|Noctowl, M|
|poke|p1|Magcargo, M|
|poke|p2|Gliscor, F|
|poke|p2|Talonflame, M|
|poke|p2|Rillaboom, M|
|poke|p2|Dondozo, M|
|poke|p2|Gholdengo|
|poke|p2|Hatterene, F|
|teampreview
|inactive|Battle timer is ON: inactive players will automatically lose when time's up. (requested by Fucomix)
|
|t:|1776065524
|teamsize|p1|6
|teamsize|p2|6
|start
|switch|p1a: Magcargo|Magcargo, M|100/100
|switch|p2a: Dondozo|Dondozo, M|100/100
|turn|1
|
|t:|1776065532
|move|p2a: Dondozo|Curse|p2a: Dondozo
|-unboost|p2a: Dondozo|spe|1
|-boost|p2a: Dondozo|atk|1
|-boost|p2a: Dondozo|def|1
|move|p1a: Magcargo|Stealth Rock|p2a: Dondozo
|-sidestart|p2: SnowieSoul|move: Stealth Rock
|
|upkeep
|turn|2
|
|t:|1776065542
|move|p1a: Magcargo|Clear Smog|p2a: Dondozo
|-damage|p2a: Dondozo|89/100
|-clearboost|p2a: Dondozo
|move|p2a: Dondozo|Curse|p2a: Dondozo
|-unboost|p2a: Dondozo|spe|1
|-boost|p2a: Dondozo|atk|1
|-boost|p2a: Dondozo|def|1
|
|upkeep
|turn|3
|
|t:|1776065552
|move|p1a: Magcargo|Clear Smog|p2a: Dondozo
|-damage|p2a: Dondozo|78/100
|-clearboost|p2a: Dondozo
|move|p2a: Dondozo|Wave Crash|p1a: Magcargo
|-supereffective|p1a: Magcargo
|-enditem|p1a: Magcargo|Focus Sash
|-damage|p1a: Magcargo|1/100
|-status|p2a: Dondozo|brn|[from] ability: Flame Body|[of] p1a: Magcargo
|-damage|p2a: Dondozo|55/100 brn|[from] Recoil
|
|-damage|p2a: Dondozo|49/100 brn|[from] brn
|upkeep
|turn|4
|
|t:|1776065567
|move|p2a: Dondozo|Rest|p2a: Dondozo
|-status|p2a: Dondozo|slp|[from] move: Rest
|-heal|p2a: Dondozo|100/100 slp|[silent]
|-enditem|p2a: Dondozo|Chesto Berry|[eat]
|-curestatus|p2a: Dondozo|slp|[msg]
|move|p1a: Magcargo|Clear Smog|p2a: Dondozo
|-damage|p2a: Dondozo|90/100
|-clearboost|p2a: Dondozo
|
|upkeep
|turn|5
|
|t:|1776065582
|move|p2a: Dondozo|Wave Crash|p1a: Magcargo
|-supereffective|p1a: Magcargo
|-damage|p1a: Magcargo|0 fnt
|faint|p1a: Magcargo
|-damage|p2a: Dondozo|90/100|[from] Recoil
|
|upkeep
|
|t:|1776065596
|switch|p1a: Muk|Muk, M|100/100
|turn|6
|
|t:|1776065602
|-terastallize|p1a: Muk|Ghost
|move|p1a: Muk|Curse|p2a: Dondozo
|-start|p2a: Dondozo|Curse|[of] p1a: Muk
|-damage|p1a: Muk|50/100
|move|p2a: Dondozo|Curse|p2a: Dondozo
|-unboost|p2a: Dondozo|spe|1
|-boost|p2a: Dondozo|atk|1
|-boost|p2a: Dondozo|def|1
|
|-heal|p1a: Muk|57/100|[from] item: Leftovers
|-damage|p2a: Dondozo|65/100|[from] Curse
|upkeep
|turn|7
|inactive|Fucomix has 120 seconds left.
|
|t:|1776065644
|move|p1a: Muk|Gunk Shot|p2a: Dondozo
|-damage|p2a: Dondozo|48/100
|move|p2a: Dondozo|Wave Crash|p1a: Muk
|-damage|p1a: Muk|0 fnt
|faint|p1a: Muk
|-damage|p2a: Dondozo|31/100|[from] Recoil
|
|-damage|p2a: Dondozo|6/100|[from] Curse
|upkeep
|
|t:|1776065654
|switch|p1a: Mightyena|Mightyena, M|100/100
|turn|8
|
|t:|1776065661
|move|p1a: Mightyena|Thunder Fang|p2a: Dondozo
|-supereffective|p2a: Dondozo
|-damage|p2a: Dondozo|0 fnt
|faint|p2a: Dondozo
|
|-status|p1a: Mightyena|tox|[from] item: Toxic Orb
|upkeep
|
|t:|1776065675
|switch|p2a: Gholdengo|Gholdengo|100/100
|-damage|p2a: Gholdengo|94/100|[from] Stealth Rock
|turn|9
|inactive|Fucomix has 120 seconds left.
|
|t:|1776065685
|move|p1a: Mightyena|Sucker Punch|p2a: Gholdengo
|-supereffective|p2a: Gholdengo
|-damage|p2a: Gholdengo|35/100
|move|p2a: Gholdengo|Focus Blast|p1a: Mightyena
|-supereffective|p1a: Mightyena
|-damage|p1a: Mightyena|0 fnt
|faint|p1a: Mightyena
|
|upkeep
|inactive|Fucomix has 120 seconds left.
|
|t:|1776065695
|switch|p1a: Feraligatr|Feraligatr, F|100/100
|turn|10
|inactive|Fucomix has 120 seconds left.
|
|t:|1776065707
|move|p2a: Gholdengo|Shadow Ball|p1a: Feraligatr
|-damage|p1a: Feraligatr|56/100
|move|p1a: Feraligatr|Dragon Dance|p1a: Feraligatr
|-boost|p1a: Feraligatr|atk|1
|-boost|p1a: Feraligatr|spe|1
|
|upkeep
|turn|11
|
|t:|1776065715
|move|p1a: Feraligatr|Earthquake|p2a: Gholdengo
|-supereffective|p2a: Gholdengo
|-damage|p2a: Gholdengo|0 fnt
|faint|p2a: Gholdengo
|
|upkeep
|
|t:|1776065720
|switch|p2a: Rillaboom|Rillaboom, M|100/100
|-damage|p2a: Rillaboom|88/100|[from] Stealth Rock
|-fieldstart|move: Grassy Terrain|[from] ability: Grassy Surge|[of] p2a: Rillaboom
|turn|12
|
|t:|1776065737
|-terastallize|p2a: Rillaboom|Grass
|move|p2a: Rillaboom|Grassy Glide|p1a: Feraligatr
|-supereffective|p1a: Feraligatr
|-damage|p1a: Feraligatr|0 fnt
|faint|p1a: Feraligatr
|
|-heal|p2a: Rillaboom|94/100|[from] Grassy Terrain
|upkeep
|
|t:|1776065744
|switch|p1a: Noctowl|Noctowl, M|100/100
|turn|13
|
|t:|1776065755
|switch|p2a: Gliscor|Gliscor, F|100/100
|-damage|p2a: Gliscor|88/100|[from] Stealth Rock
|move|p1a: Noctowl|Psychic|p2a: Gliscor
|-damage|p2a: Gliscor|71/100
|
|-status|p2a: Gliscor|tox|[from] item: Toxic Orb
|upkeep
|turn|14
|
|t:|1776065768
|move|p2a: Gliscor|Facade|p1a: Noctowl
|-damage|p1a: Noctowl|74/100
|move|p1a: Noctowl|Calm Mind|p1a: Noctowl
|-boost|p1a: Noctowl|spa|1
|-boost|p1a: Noctowl|spd|1
|
|-heal|p1a: Noctowl|80/100|[from] item: Leftovers
|-heal|p2a: Gliscor|83/100 tox|[from] ability: Poison Heal
|upkeep
|turn|15
|
|t:|1776065780
|move|p2a: Gliscor|Swords Dance|p2a: Gliscor
|-boost|p2a: Gliscor|atk|2
|move|p1a: Noctowl|Psychic|p2a: Gliscor
|-damage|p2a: Gliscor|62/100 tox
|
|-heal|p1a: Noctowl|86/100|[from] item: Leftovers
|-heal|p2a: Gliscor|75/100 tox|[from] ability: Poison Heal
|upkeep
|turn|16
|
|t:|1776065791
|switch|p1a: Saitama|Quagsire, F|100/100
|move|p2a: Gliscor|Knock Off|p1a: Saitama
|-damage|p1a: Saitama|81/100
|-enditem|p1a: Saitama|Leftovers|[from] move: Knock Off|[of] p2a: Gliscor
|
|-heal|p1a: Saitama|87/100|[from] Grassy Terrain
|-heal|p2a: Gliscor|87/100 tox|[from] ability: Poison Heal
|-fieldend|move: Grassy Terrain
|upkeep
|turn|17
|
|t:|1776065802
|move|p2a: Gliscor|Facade|p1a: Saitama
|-crit|p1a: Saitama
|-damage|p1a: Saitama|43/100
|move|p1a: Saitama|Ice Punch|p2a: Gliscor
|-supereffective|p2a: Gliscor
|-damage|p2a: Gliscor|41/100 tox
|
|-heal|p2a: Gliscor|53/100 tox|[from] ability: Poison Heal
|upkeep
|turn|18
|
|t:|1776065819
|move|p2a: Gliscor|Facade|p1a: Saitama
|-damage|p1a: Saitama|15/100
|move|p1a: Saitama|Recover|p1a: Saitama
|-heal|p1a: Saitama|65/100
|
|-heal|p2a: Gliscor|66/100 tox|[from] ability: Poison Heal
|upkeep
|turn|19
|
|t:|1776065838
|move|p2a: Gliscor|Earthquake|p1a: Saitama
|-damage|p1a: Saitama|36/100
|move|p1a: Saitama|Recover|p1a: Saitama
|-heal|p1a: Saitama|86/100
|
|-heal|p2a: Gliscor|78/100 tox|[from] ability: Poison Heal
|upkeep
|turn|20
|
|t:|1776065855
|switch|p2a: Rillaboom|Rillaboom, M, tera:Grass|94/100
|-damage|p2a: Rillaboom|82/100|[from] Stealth Rock
|-fieldstart|move: Grassy Terrain|[from] ability: Grassy Surge|[of] p2a: Rillaboom
|move|p1a: Saitama|Curse|p1a: Saitama
|-unboost|p1a: Saitama|spe|1
|-boost|p1a: Saitama|atk|1
|-boost|p1a: Saitama|def|1
|
|-heal|p2a: Rillaboom|88/100|[from] Grassy Terrain
|-heal|p1a: Saitama|92/100|[from] Grassy Terrain
|upkeep
|turn|21
|
|t:|1776065868
|switch|p1a: Noctowl|Noctowl, M|86/100
|move|p2a: Rillaboom|Swords Dance|p2a: Rillaboom
|-boost|p2a: Rillaboom|atk|2
|
|-heal|p2a: Rillaboom|94/100|[from] Grassy Terrain
|-heal|p1a: Noctowl|92/100|[from] item: Leftovers
|upkeep
|turn|22
|
|t:|1776065878
|move|p2a: Rillaboom|Wood Hammer|p1a: Noctowl
|-resisted|p1a: Noctowl
|-damage|p1a: Noctowl|0 fnt
|faint|p1a: Noctowl
|-damage|p2a: Rillaboom|59/100|[from] Recoil
|
|-heal|p2a: Rillaboom|65/100|[from] Grassy Terrain
|upkeep
|-message|Fucomix forfeited.
|
|win|SnowieSoul
|raw|Fucomix's rating: 1078 &rarr; <strong>1058</strong><br />(-20 for losing)
|raw|SnowieSoul's rating: 1100 &rarr; <strong>1123</strong><br />(+23 for winning)
|l|☆Fucomix
|player|p1|
