|html|<div class="broadcast-blue"><strong>[Gen 9] OU is currently suspecting Tera Blast! For information on how to participate check out the <a href="https://www.smogon.com/tools/suspects/view/200">suspect thread</a>.</strong></div>
|j|☆6161kona
|j|☆AbsolutNOOB1.2
|t:|1776304144
|gametype|singles
|player|p1|6161kona|265|1000
|player|p2|AbsolutNOOB1.2|101|1018
|gen|9
|tier|[Gen 9] OU
|rated|
|rule|HP Percentage Mod: HP is shown in percentages
|rule|Endless Battle Clause: Forcing endless battles is banned
|rule|Species Clause: Limit one of each Pokémon
|rule|OHKO Clause: OHKO moves are banned
|rule|Evasion Items Clause: Evasion items are banned
|rule|Evasion Moves Clause: Evasion moves are banned
|rule|Evasion Abilities Clause: Evasion abilities are banned
|rule|Sleep Moves Clause: Sleep-inducing moves are banned
|clearpoke
|poke|p1|Kingambit, F|
|poke|p1|Tornadus-Therian, M|
|poke|p1|Corviknight, M|
|poke|p1|Enamorus, F|
|poke|p1|Iron Moth|
|poke|p1|Hatterene, F|
|poke|p2|Great Tusk|
|poke|p2|Brute Bonnet|
|poke|p2|Walking Wake|
|poke|p2|Torkoal, F|
|poke|p2|Raging Bolt|
|poke|p2|Jirachi|
|teampreview
|inactive|Battle timer is ON: inactive players will automatically lose when time's up. (requested by AbsolutNOOB1.2)
|inactive|6161kona has 120 seconds left.
|
|t:|1776304176
|teamsize|p1|6
|teamsize|p2|6
|start
|switch|p1a: Tornadus|Tornadus-Therian, M, shiny|100/100
|switch|p2a: Jirachi|Jirachi|100/100
|-item|p2a: Jirachi|Air Balloon
|turn|1
|
|t:|1776304185
|move|p1a: Tornadus|Tailwind|p1a: Tornadus
|-sidestart|p1: 6161kona|move: Tailwind
|move|p2a: Jirachi|Stealth Rock|p1a: Tornadus
|-sidestart|p1: 6161kona|move: Stealth Rock
|
|upkeep
|turn|2
|
|t:|1776304197
|switch|p1a: Hatterene|Hatterene, F|100/100
|-damage|p1a: Hatterene|88/100|[from] Stealth Rock
|move|p2a: Jirachi|Body Slam|p1a: Hatterene
|-damage|p1a: Hatterene|63/100
|-status|p1a: Hatterene|par
|
|-heal|p1a: Hatterene|69/100 par|[from] item: Leftovers
|upkeep
|turn|3
|
|t:|1776304214
|move|p2a: Jirachi|U-turn|p1a: Hatterene
|-damage|p1a: Hatterene|50/100 par
|
|t:|1776304220
|switch|p2a: Sunny|Torkoal, F|100/100|[from] U-turn
|-weather|SunnyDay|[from] ability: Drought|[of] p2a: Sunny
|move|p1a: Hatterene|Light Screen|p1a: Hatterene
|-sidestart|p1: 6161kona|move: Light Screen
|
|-weather|SunnyDay|[upkeep]
|-heal|p1a: Hatterene|56/100 par|[from] item: Leftovers
|upkeep
|turn|4
|
|t:|1776304241
|switch|p2a: Serpent-eau|Walking Wake|100/100
|-activate|p2a: Serpent-eau|ability: Protosynthesis
|-start|p2a: Serpent-eau|protosynthesisspa
|move|p1a: Hatterene|Trick Room|p1a: Hatterene
|-fieldstart|move: Trick Room|[of] p1a: Hatterene
|
|-weather|SunnyDay|[upkeep]
|-heal|p1a: Hatterene|62/100 par|[from] item: Leftovers
|-sideend|p1: 6161kona|move: Tailwind
|upkeep
|turn|5
|
|t:|1776304259
|-end|p2a: Serpent-eau|Protosynthesis|[silent]
|switch|p2a: Brute Bonnet|Brute Bonnet|100/100
|-activate|p2a: Brute Bonnet|ability: Protosynthesis
|-start|p2a: Brute Bonnet|protosynthesisatk
|cant|p1a: Hatterene|par
|
|-weather|SunnyDay|[upkeep]
|-heal|p1a: Hatterene|68/100 par|[from] item: Leftovers
|upkeep
|turn|6
|
|t:|1776304270
|move|p1a: Hatterene|Draining Kiss|p2a: Brute Bonnet
|-supereffective|p2a: Brute Bonnet
|-damage|p2a: Brute Bonnet|50/100
|-heal|p1a: Hatterene|100/100 par|[from] drain|[of] p2a: Brute Bonnet
|move|p2a: Brute Bonnet|Crunch|p1a: Hatterene
|-damage|p1a: Hatterene|34/100 par
|
|-weather|SunnyDay|[upkeep]
|-heal|p1a: Hatterene|40/100 par|[from] item: Leftovers
|-heal|p2a: Brute Bonnet|56/100|[from] item: Leftovers
|upkeep
|turn|7
|
|t:|1776304282
|move|p2a: Brute Bonnet|Sucker Punch|p1a: Hatterene
|-damage|p1a: Hatterene|0 fnt
|faint|p1a: Hatterene
|
|-weather|none
|-end|p2a: Brute Bonnet|Protosynthesis
|-heal|p2a: Brute Bonnet|62/100|[from] item: Leftovers
|-sideend|p1: 6161kona|move: Light Screen
|upkeep
|
|t:|1776304303
|switch|p1a: Corviknight|Corviknight, M, shiny|100/100
|-damage|p1a: Corviknight|88/100|[from] Stealth Rock
|turn|8
|
|t:|1776304317
|-end|p2a: Brute Bonnet|Protosynthesis|[silent]
|switch|p2a: Sunny|Torkoal, F|100/100
|-weather|SunnyDay|[from] ability: Drought|[of] p2a: Sunny
|move|p1a: Corviknight|U-turn|p2a: Sunny
|-resisted|p2a: Sunny
|-damage|p2a: Sunny|96/100
|
|t:|1776304331
|switch|p1a: Enamorus|Enamorus, F|100/100|[from] U-turn
|-damage|p1a: Enamorus|76/100|[from] Stealth Rock
|
|-weather|SunnyDay|[upkeep]
|-fieldend|move: Trick Room
|upkeep
|turn|9
|
|t:|1776304352
|move|p1a: Enamorus|Taunt|p2a: Sunny
|-start|p2a: Sunny|move: Taunt
|move|p2a: Sunny|Weather Ball|p1a: Enamorus
|-damage|p1a: Enamorus|7/100
|
|-weather|SunnyDay|[upkeep]
|upkeep
|turn|10
|
|t:|1776304361
|move|p1a: Enamorus|Draining Kiss|p2a: Sunny
|-resisted|p2a: Sunny
|-damage|p2a: Sunny|81/100
|-heal|p1a: Enamorus|20/100|[from] drain|[of] p2a: Sunny
|move|p2a: Sunny|Weather Ball|p1a: Enamorus
|-damage|p1a: Enamorus|0 fnt
|faint|p1a: Enamorus
|
|-weather|SunnyDay|[upkeep]
|upkeep
|inactive|6161kona has 120 seconds left.
|
|t:|1776304383
|switch|p1a: Iron Moth|Iron Moth, shiny|100/100
|-damage|p1a: Iron Moth|76/100|[from] Stealth Rock
|-enditem|p1a: Iron Moth|Booster Energy
|-activate|p1a: Iron Moth|ability: Quark Drive|[fromitem]
|-start|p1a: Iron Moth|quarkdrivespa
|turn|11
|inactive|6161kona has 120 seconds left.
|
|t:|1776304393
|switch|p2a: Serpent-eau|Walking Wake|100/100
|-activate|p2a: Serpent-eau|ability: Protosynthesis
|-start|p2a: Serpent-eau|protosynthesisspa
|move|p1a: Iron Moth|Meteor Beam||[still]
|-prepare|p1a: Iron Moth|Meteor Beam
|-boost|p1a: Iron Moth|spa|1
|
|-weather|SunnyDay|[upkeep]
|upkeep
|turn|12
|
|t:|1776304406
|move|p2a: Serpent-eau|Hydro Steam|p1a: Iron Moth
|-supereffective|p1a: Iron Moth
|-damage|p1a: Iron Moth|0 fnt
|faint|p1a: Iron Moth
|-end|p1a: Iron Moth|Quark Drive|[silent]
|
|-weather|none
|-end|p2a: Serpent-eau|Protosynthesis
|upkeep
|
|t:|1776304414
|switch|p1a: Kingambit|Kingambit, F|100/100
|-damage|p1a: Kingambit|94/100|[from] Stealth Rock
|turn|13
|
|t:|1776304429
|-end|p2a: Serpent-eau|Protosynthesis|[silent]
|switch|p2a: Sunny|Torkoal, F|81/100
|-weather|SunnyDay|[from] ability: Drought|[of] p2a: Sunny
|move|p1a: Kingambit|Swords Dance|p1a: Kingambit
|-boost|p1a: Kingambit|atk|2
|
|-weather|SunnyDay|[upkeep]
|upkeep
|turn|14
|
|t:|1776304439
|move|p1a: Kingambit|Sucker Punch|p2a: Sunny
|-damage|p2a: Sunny|20/100
|move|p2a: Sunny|Weather Ball|p1a: Kingambit
|-supereffective|p1a: Kingambit
|-damage|p1a: Kingambit|2/100
|
|-weather|SunnyDay|[upkeep]
|upkeep
|turn|15
|
|t:|1776304454
|switch|p2a: Brute Bonnet|Brute Bonnet|62/100
|-activate|p2a: Brute Bonnet|ability: Protosynthesis
|-start|p2a: Brute Bonnet|protosynthesisatk
|move|p1a: Kingambit|Sucker Punch||[still]
|-fail|p1a: Kingambit
|
|-weather|SunnyDay|[upkeep]
|-heal|p2a: Brute Bonnet|68/100|[from] item: Leftovers
|upkeep
|turn|16
|
|t:|1776304474
|move|p1a: Kingambit|Sucker Punch|p2a: Brute Bonnet
|-resisted|p2a: Brute Bonnet
|-damage|p2a: Brute Bonnet|28/100
|move|p2a: Brute Bonnet|Crunch|p1a: Kingambit
|-resisted|p1a: Kingambit
|-damage|p1a: Kingambit|0 fnt
|faint|p1a: Kingambit
|
|-weather|SunnyDay|[upkeep]
|-heal|p2a: Brute Bonnet|35/100|[from] item: Leftovers
|upkeep
|
|t:|1776304484
|switch|p1a: Tornadus|Tornadus-Therian, M, shiny|100/100
|-damage|p1a: Tornadus|76/100|[from] Stealth Rock
|turn|17
|
|t:|1776304495
|-end|p2a: Brute Bonnet|Protosynthesis|[silent]
|switch|p2a: Jirachi|Jirachi|100/100
|-item|p2a: Jirachi|Air Balloon
|move|p1a: Tornadus|Bleakwind Storm|p2a: Jirachi|[miss]
|-miss|p1a: Tornadus|p2a: Jirachi
|
|-weather|none
|upkeep
|turn|18
|
|t:|1776304507
|move|p1a: Tornadus|Tailwind|p1a: Tornadus
|-sidestart|p1: 6161kona|move: Tailwind
|move|p2a: Jirachi|Body Slam|p1a: Tornadus
|-damage|p1a: Tornadus|47/100
|
|upkeep
|turn|19
|
|t:|1776304516
|move|p1a: Tornadus|Bleakwind Storm|p2a: Jirachi
|-resisted|p2a: Jirachi
|-damage|p2a: Jirachi|77/100
|-enditem|p2a: Jirachi|Air Balloon
|-damage|p1a: Tornadus|38/100|[from] item: Life Orb
|move|p2a: Jirachi|Body Slam|p1a: Tornadus
|-damage|p1a: Tornadus|6/100
|
|upkeep
|turn|20
|
|t:|1776304528
|move|p1a: Tornadus|Extrasensory|p2a: Jirachi
|-resisted|p2a: Jirachi
|-damage|p2a: Jirachi|71/100
|-damage|p1a: Tornadus|0 fnt|[from] item: Life Orb
|faint|p1a: Tornadus
|move|p2a: Jirachi|Body Slam|p1: Tornadus|[notarget]
|-fail|p2a: Jirachi
|
|upkeep
|
|t:|1776304535
|switch|p1a: Corviknight|Corviknight, M, shiny|88/100
|-damage|p1a: Corviknight|76/100|[from] Stealth Rock
|turn|21
|
|t:|1776304544
|-terastallize|p1a: Corviknight|Flying
|move|p1a: Corviknight|Body Press|p2a: Jirachi
|-damage|p2a: Jirachi|54/100
|move|p2a: Jirachi|Body Slam|p1a: Corviknight
|-damage|p1a: Corviknight|62/100
|
|-sideend|p1: 6161kona|move: Tailwind
|upkeep
|turn|22
|
|t:|1776304556
|move|p2a: Jirachi|Body Slam|p1a: Corviknight
|-damage|p1a: Corviknight|50/100
|move|p1a: Corviknight|Roost|p1a: Corviknight
|-heal|p1a: Corviknight|99/100
|-hint|If a Terastallized Pokemon uses Roost, it remains Flying-type.
|
|upkeep
|turn|23
|
|t:|1776304564
|move|p2a: Jirachi|Wish|p2a: Jirachi
|move|p1a: Corviknight|Body Press|p2a: Jirachi
|-damage|p2a: Jirachi|36/100
|
|upkeep
|turn|24
|
|t:|1776304574
|move|p2a: Jirachi|U-turn|p1a: Corviknight
|-resisted|p1a: Corviknight
|-damage|p1a: Corviknight|94/100
|
|t:|1776304579
|switch|p2a: Sunny|Torkoal, F|20/100|[from] U-turn
|-weather|SunnyDay|[from] ability: Drought|[of] p2a: Sunny
|move|p1a: Corviknight|U-turn|p2a: Sunny
|-resisted|p2a: Sunny
|-damage|p2a: Sunny|16/100
|
|-weather|SunnyDay|[upkeep]
|-heal|p2a: Sunny|75/100|[from] move: Wish|[wisher] Jirachi
|upkeep
|turn|25
|
|t:|1776304592
|move|p1a: Corviknight|Body Press|p2a: Sunny
|-damage|p2a: Sunny|59/100
|move|p2a: Sunny|Weather Ball|p1a: Corviknight
|-damage|p1a: Corviknight|46/100
|
|-weather|SunnyDay|[upkeep]
|upkeep
|turn|26
|
|t:|1776304600
|move|p1a: Corviknight|Body Press|p2a: Sunny
|-damage|p2a: Sunny|43/100
|move|p2a: Sunny|Weather Ball|p1a: Corviknight
|-damage|p1a: Corviknight|0 fnt
|faint|p1a: Corviknight
|
|win|AbsolutNOOB1.2
|raw|6161kona's rating: 1000 &rarr; <strong>1000</strong><br />(+0 for losing)
|raw|AbsolutNOOB1.2's rating: 1018 &rarr; <strong>1053</strong><br />(+35 for winning)
|l|☆6161kona
|player|p1|
