|j|☆Pine Steven
|j|☆true black32
|inactive|Battle timer is ON: inactive players will automatically lose when time's up.
|t:|1776213190
|gametype|singles
|player|p1|Pine Steven|artist-gen4|
|player|p2|true black32|lucas|
|gen|9
|tier|[Gen 9] OU
|rated|Tournament battle
|rule|HP Percentage Mod: HP is shown in percentages
|rule|Endless Battle Clause: Forcing endless battles is banned
|rule|Species Clause: Limit one of each Pokémon
|rule|OHKO Clause: OHKO moves are banned
|rule|Evasion Items Clause: Evasion items are banned
|rule|Evasion Moves Clause: Evasion moves are banned
|rule|Evasion Abilities Clause: Evasion abilities are banned
|rule|Sleep Moves Clause: Sleep-inducing moves are banned
|rule|Item Clause: Limit 1 of each item
|raw|<div class="infobox"><details class="readmore"><summary><strong>60 custom rules:</strong></summary> -allitems, +blackbelt, +blackglasses, +brightpowder, +charcoal, +choicescarf, +dragonfang, +fairyfeather, +focusband, +focussash, +hardstone, +kingsrock, +leftovers, +lightball, +magnet, +mentalherb, +metalcoat, +miracleseed, +mysticwater, +nevermeltice, +poisonbarb, +quickclaw, +scopelens, +sharpbeak, +shellbell, +silkscarf, +silverpowder, +softsand, +spelltag, +twistedspoon, +whiteherb, +aspearberry, +babiriberry, +chartiberry, +cheriberry, +chestoberry, +chilanberry, +chopleberry, +cobaberry, +colburberry, +habanberry, +kasibberry, +kebiaberry, +leppaberry, +lumberry, +occaberry, +oranberry, +passhoberry, +payapaberry, +pechaberry, +persimberry, +rawstberry, +rindoberry, +roseliberry, +shucaberry, +sitrusberry, +tangaberry, +wacanberry, +yacheberry, Item Clause = 1</details></div>
|clearpoke
|poke|p1|Great Tusk|
|poke|p1|Walking Wake|
|poke|p1|Kingambit, F|
|poke|p1|Venusaur, M|
|poke|p1|Ninetales, M|
|poke|p1|Raging Bolt|
|poke|p2|Glimmora, M|
|poke|p2|Gholdengo|
|poke|p2|Cinderace, F|
|poke|p2|Garganacl, F|
|poke|p2|Ogerpon, F|
|poke|p2|Polteageist-Antique|
|teampreview
|c|☆Pine Steven|never played gen 9
|c|☆Pine Steven|here. we. go.
|
|t:|1776213214
|teamsize|p1|6
|teamsize|p2|6
|start
|switch|p1a: Ninetales|Ninetales, M|100/100
|switch|p2a: Polteageist|Polteageist-Antique|100/100
|-weather|SunnyDay|[from] ability: Drought|[of] p1a: Ninetales
|turn|1
|j| i am a dirt
|c|☆true black32|I forgot most of my items
|
|t:|1776213223
|move|p1a: Ninetales|Encore||[still]
|-fail|p1a: Ninetales
|move|p2a: Polteageist|Shell Smash|p2a: Polteageist
|-unboost|p2a: Polteageist|def|1
|-unboost|p2a: Polteageist|spd|1
|-boost|p2a: Polteageist|atk|2
|-boost|p2a: Polteageist|spa|2
|-boost|p2a: Polteageist|spe|2
|
|-weather|SunnyDay|[upkeep]
|upkeep
|turn|2
|c|☆Pine Steven|...
|
|t:|1776213233
|switch|p1a: Kingambit|Kingambit, F|100/100
|move|p2a: Polteageist|Shadow Ball|p1a: Kingambit
|-resisted|p1a: Kingambit
|-damage|p1a: Kingambit|49/100
|
|-weather|SunnyDay|[upkeep]
|upkeep
|turn|3
|l| i am a dirt
|
|t:|1776213240
|move|p1a: Kingambit|Sucker Punch|p2a: Polteageist
|-supereffective|p2a: Polteageist
|-enditem|p2a: Polteageist|Focus Sash
|-damage|p2a: Polteageist|1/100
|-ability|p2a: Polteageist|Weak Armor|boost
|-unboost|p2a: Polteageist|def|1
|-boost|p2a: Polteageist|spe|2
|move|p2a: Polteageist|Shadow Ball|p1a: Kingambit
|-resisted|p1a: Kingambit
|-damage|p1a: Kingambit|0 fnt
|faint|p1a: Kingambit
|-end|p1a: Kingambit|fallenundefined|[silent]
|
|-weather|SunnyDay|[upkeep]
|upkeep
|
|t:|1776213254
|switch|p1a: Venusaur|Venusaur, M|100/100
|turn|4
|c|☆true black32|I'm fast as fuck boy'ss
|
|t:|1776213266
|move|p2a: Polteageist|Shadow Ball|p1a: Venusaur
|-damage|p1a: Venusaur|0 fnt
|faint|p1a: Venusaur
|
|-weather|SunnyDay|[upkeep]
|upkeep
|j| pivotslophaxmaxxer
|c|☆Pine Steven|even chloro venu
|c|☆Pine Steven|thats insane
|
|t:|1776213277
|switch|p1a: Great Tusk|Great Tusk|100/100
|-activate|p1a: Great Tusk|ability: Protosynthesis
|-start|p1a: Great Tusk|protosynthesisatk
|turn|5
|c|☆true black32|fire
|c|☆Pine Steven|agency gods
|c|☆Pine Steven|be with me
|c|☆true black32|no
|-activate|p1a: Great Tusk|item: Quick Claw
|
|t:|1776213293
|move|p1a: Great Tusk|Headlong Rush|p2a: Polteageist
|-damage|p2a: Polteageist|0 fnt
|-unboost|p1a: Great Tusk|def|1
|-unboost|p1a: Great Tusk|spd|1
|faint|p2a: Polteageist
|
|-weather|none
|-end|p1a: Great Tusk|Protosynthesis
|upkeep
|c|☆Pine Steven|WOOOOO
|c|☆Pine Steven|WOOOOO
|c|☆Pine Steven|AHAHSAHS
|c|☆Pine Steven|sorry
|c|☆true black32|nahhhhhh
|
|t:|1776213305
|switch|p2a: Ogerpon|Ogerpon, F|100/100
|turn|6
|c| pivotslophaxmaxxer|omygodbruh
|
|t:|1776213314
|-end|p1a: Great Tusk|Protosynthesis|[silent]
|switch|p1a: Ninetales|Ninetales, M|100/100
|-weather|SunnyDay|[from] ability: Drought|[of] p1a: Ninetales
|move|p2a: Ogerpon|Ivy Cudgel|p1a: Ninetales
|-resisted|p1a: Ninetales
|-damage|p1a: Ninetales|72/100
|
|-weather|SunnyDay|[upkeep]
|upkeep
|turn|7
|c|☆true black32|bonk
|
|t:|1776213336
|switch|p1a: Walking Wake|Walking Wake|100/100
|-activate|p1a: Walking Wake|ability: Protosynthesis
|-start|p1a: Walking Wake|protosynthesisspe
|move|p2a: Ogerpon|U-turn|p1a: Walking Wake
|-damage|p1a: Walking Wake|76/100
|c|☆true black32|good bye
|
|t:|1776213350
|switch|p2a: Glimmora|Glimmora, M|100/100|[from] U-turn
|
|-weather|SunnyDay|[upkeep]
|-heal|p1a: Walking Wake|82/100|[from] item: Leftovers
|upkeep
|turn|8
|c|☆Pine Steven|never played this meta btw
|j| i am a dirt
|
|t:|1776213365
|move|p1a: Walking Wake|Hydro Steam|p2a: Glimmora
|-supereffective|p2a: Glimmora
|-damage|p2a: Glimmora|0 fnt
|faint|p2a: Glimmora
|
|-weather|SunnyDay|[upkeep]
|-heal|p1a: Walking Wake|88/100|[from] item: Leftovers
|upkeep
|c|☆true black32|I speed ran to make this team
|c| i am a dirt|pine steven
|
|t:|1776213373
|switch|p2a: Ogerpon|Ogerpon, F|100/100
|turn|9
|c|☆Pine Steven|yooo dirt
|c|☆Pine Steven|wassup
|c| i am a dirt|not much
|
|t:|1776213387
|-terastallize|p1a: Walking Wake|Ghost
|-terastallize|p2a: Ogerpon|Grass
|detailschange|p2a: Ogerpon|Ogerpon-Teal-Tera, F, tera:Grass
|-ability|p2a: Ogerpon|Embody Aspect (Teal)|boost
|-boost|p2a: Ogerpon|spe|1
|move|p2a: Ogerpon|Ivy Cudgel|p1a: Walking Wake
|-damage|p1a: Walking Wake|17/100
|move|p1a: Walking Wake|Flamethrower|p2a: Ogerpon
|-supereffective|p2a: Ogerpon
|-damage|p2a: Ogerpon|0 fnt
|faint|p2a: Ogerpon
|detailschange|p2: Ogerpon|Ogerpon, F|[silent]
|
|-weather|SunnyDay|[upkeep]
|-heal|p1a: Walking Wake|23/100|[from] item: Leftovers
|upkeep
|j|+fulls
|j| Mishsire
|j|#UnovX
|l| pivotslophaxmaxxer
|c|☆true black32|nooo
|
|t:|1776213400
|switch|p2a: Cinderace|Cinderace, F|100/100
|turn|10
|c|☆Pine Steven|nahhhh
|c|☆Pine Steven|the plays
|
|t:|1776213408
|move|p1a: Walking Wake|Hydro Steam|p2a: Cinderace
|-supereffective|p2a: Cinderace
|-damage|p2a: Cinderace|0 fnt
|faint|p2a: Cinderace
|
|-weather|none
|-end|p1a: Walking Wake|Protosynthesis
|-heal|p1a: Walking Wake|29/100|[from] item: Leftovers
|upkeep
|
|t:|1776213415
|switch|p2a: Gholdengo|Gholdengo|100/100
|turn|11
|
|t:|1776213425
|-end|p1a: Walking Wake|Protosynthesis|[silent]
|switch|p1a: Great Tusk|Great Tusk|100/100
|move|p2a: Gholdengo|Shadow Ball|p1a: Great Tusk
|-damage|p1a: Great Tusk|40/100
|
|upkeep
|turn|12
|c|☆true black32|gg
|c|☆true black32|????
|
|t:|1776213435
|move|p2a: Gholdengo|Protect|p2a: Gholdengo
|-singleturn|p2a: Gholdengo|Protect
|move|p1a: Great Tusk|Headlong Rush|p2a: Gholdengo
|-activate|p2a: Gholdengo|move: Protect
|
|upkeep
|turn|13
|c| i am a dirt|wake outsped
|c|☆true black32|miss
|c|☆true black32|pls
|c|☆true black32|pls
|c|☆true black32|pls
|c|☆Pine Steven|yh but flamethrower surely doesn't kill
|c|☆true black32|pls
|c|☆Pine Steven|idk this meta
|
|t:|1776213452
|move|p2a: Gholdengo|Shadow Ball|p1a: Great Tusk
|-damage|p1a: Great Tusk|0 fnt
|faint|p1a: Great Tusk
|-end|p1a: Great Tusk|Protosynthesis|[silent]
|
|upkeep
|
|t:|1776213457
|switch|p1a: Ninetales|Ninetales, M|72/100
|-weather|SunnyDay|[from] ability: Drought|[of] p1a: Ninetales
|turn|14
|c| i am a dirt|ghold dies to flamethrower
|c|☆true black32|yessss!!!!!!!!!!!!
|
|t:|1776213463
|move|p1a: Ninetales|Healing Wish|p1a: Ninetales
|faint|p1a: Ninetales
|move|p2a: Gholdengo|Shadow Ball|p1: Ninetales|[notarget]
|-fail|p2a: Gholdengo
|
|-weather|SunnyDay|[upkeep]
|upkeep
|
|t:|1776213467
|switch|p1a: Walking Wake|Walking Wake, tera:Ghost|29/100
|-heal|p1a: Walking Wake|100/100|[from] move: Healing Wish
|-activate|p1a: Walking Wake|ability: Protosynthesis
|-start|p1a: Walking Wake|protosynthesisspe
|turn|15
|c|☆true black32|?????
|
|t:|1776213475
|move|p1a: Walking Wake|Flamethrower|p2a: Gholdengo
|-supereffective|p2a: Gholdengo
|-damage|p2a: Gholdengo|0 fnt
|faint|p2a: Gholdengo
|
|-weather|SunnyDay|[upkeep]
|upkeep
|
|t:|1776213478
|switch|p2a: Garganacl|Garganacl, F|100/100
|turn|16
|
|t:|1776213484
|move|p2a: Garganacl|Protect|p2a: Garganacl
|-singleturn|p2a: Garganacl|Protect
|move|p1a: Walking Wake|Hydro Steam|p2a: Garganacl
|-activate|p2a: Garganacl|move: Protect
|
|-weather|SunnyDay|[upkeep]
|upkeep
|turn|17
|
|t:|1776213486
|move|p1a: Walking Wake|Hydro Steam|p2a: Garganacl
|-supereffective|p2a: Garganacl
|-damage|p2a: Garganacl|0 fnt
|faint|p2a: Garganacl
|
|win|Pine Steven
|n|☆Pine Steven|pinesteven
|n|☆true black32|trueblack32
|n| i am a dirt|iamadirt
|n| fulls|fulls
|n| Mishsire|mishsire
|n|+UnovX|unovx
|c|☆true black32|gg
|c| i am a dirt|healing wish does that
|c|☆Pine Steven|gg
|l| fulls
|c| i am a dirt|gg
|l| Mishsire
|l| i am a dirt
