|html|<div class="broadcast-blue"><strong>[Gen 9] OU is currently suspecting Tera Blast! For information on how to participate check out the <a href="https://www.smogon.com/tools/suspects/view/200">suspect thread</a>.</strong></div>
|j|☆vindalubeyond
|j|☆ljgkhfgjdfhs
|t:|1776307572
|gametype|singles
|player|p1|vindalubeyond|n|1061
|player|p2|ljgkhfgjdfhs|102|1041
|gen|9
|tier|[Gen 9] OU
|rated|
|rule|HP Percentage Mod: HP is shown in percentages
|rule|Endless Battle Clause: Forcing endless battles is banned
|rule|Species Clause: Limit one of each Pokémon
|rule|OHKO Clause: OHKO moves are banned
|rule|Evasion Items Clause: Evasion items are banned
|rule|Evasion Moves Clause: Evasion moves are banned
|rule|Evasion Abilities Clause: Evasion abilities are banned
|rule|Sleep Moves Clause: Sleep-inducing moves are banned
|clearpoke
|poke|p1|Kyurem|
|poke|p1|Moltres|
|poke|p1|Slowking-Galar, F|
|poke|p1|Kingambit, M|
|poke|p1|Ogerpon-Wellspring, F|
|poke|p1|Great Tusk|
|poke|p2|Dragapult, F|
|poke|p2|Overqwil, F|
|poke|p2|Gliscor, F|
|poke|p2|Greninja-*, M|
|poke|p2|Iron Moth|
|poke|p2|Clodsire, M|
|teampreview
|
|t:|1776307579
|teamsize|p1|6
|teamsize|p2|6
|start
|switch|p1a: Slowking|Slowking-Galar, F|100/100
|switch|p2a: Overqwil|Overqwil, F|100/100
|turn|1
|
|t:|1776307594
|move|p2a: Overqwil|Toxic Spikes|p1a: Slowking
|-sidestart|p1: vindalubeyond|move: Toxic Spikes
|move|p1a: Slowking|Psychic Noise|p2a: Overqwil
|-immune|p2a: Overqwil
|
|upkeep
|turn|2
|
|t:|1776307605
|move|p2a: Overqwil|Spikes|p1a: Slowking
|-sidestart|p1: vindalubeyond|Spikes
|-prepare|p1a: Slowking|Chilly Reception|[premajor]
|move|p1a: Slowking|Chilly Reception|p1a: Slowking
|-weather|Snowscape
|
|t:|1776307611
|switch|p1a: Great Tusk|Great Tusk|100/100|[from] Chilly Reception
|-status|p1a: Great Tusk|psn
|-damage|p1a: Great Tusk|88/100 psn|[from] Spikes
|-enditem|p1a: Great Tusk|Booster Energy
|-activate|p1a: Great Tusk|ability: Protosynthesis|[fromitem]
|-start|p1a: Great Tusk|protosynthesisatk
|
|-weather|Snowscape|[upkeep]
|-damage|p1a: Great Tusk|76/100 psn|[from] psn
|upkeep
|turn|3
|
|t:|1776307622
|switch|p2a: Greninja|Greninja, M|100/100
|move|p1a: Great Tusk|Rapid Spin|p2a: Greninja
|-damage|p2a: Greninja|67/100
|-boost|p1a: Great Tusk|spe|1
|-sideend|p1: vindalubeyond|Spikes|[from] move: Rapid Spin|[of] p1a: Great Tusk
|-sideend|p1: vindalubeyond|Toxic Spikes|[from] move: Rapid Spin|[of] p1a: Great Tusk
|
|-weather|Snowscape|[upkeep]
|-heal|p2a: Greninja|73/100|[from] item: Leftovers
|-damage|p1a: Great Tusk|63/100 psn|[from] psn
|upkeep
|turn|4
|
|t:|1776307637
|-end|p1a: Great Tusk|Protosynthesis|[silent]
|switch|p1a: Ogerpon|Ogerpon-Wellspring, F|100/100
|move|p2a: Greninja|Hydro Pump|p1a: Ogerpon
|-immune|p1a: Ogerpon|[from] ability: Water Absorb
|
|-weather|Snowscape|[upkeep]
|-heal|p2a: Greninja|79/100|[from] item: Leftovers
|upkeep
|turn|5
|
|t:|1776307650
|move|p1a: Ogerpon|Low Sweep|p2a: Greninja
|-supereffective|p2a: Greninja
|-damage|p2a: Greninja|5/100
|-unboost|p2a: Greninja|spe|1
|move|p2a: Greninja|U-turn|p1a: Ogerpon
|-supereffective|p1a: Ogerpon
|-damage|p1a: Ogerpon|57/100
|
|t:|1776307659
|switch|p2a: Iron Moth|Iron Moth|100/100|[from] U-turn
|-enditem|p2a: Iron Moth|Booster Energy
|-activate|p2a: Iron Moth|ability: Quark Drive|[fromitem]
|-start|p2a: Iron Moth|quarkdrivespe
|
|-weather|Snowscape|[upkeep]
|upkeep
|turn|6
|
|t:|1776307669
|-terastallize|p1a: Ogerpon|Water
|detailschange|p1a: Ogerpon|Ogerpon-Wellspring-Tera, F, tera:Water
|-ability|p1a: Ogerpon|Embody Aspect (Wellspring)|boost
|-boost|p1a: Ogerpon|spd|1
|move|p2a: Iron Moth|U-turn|p1a: Ogerpon
|-damage|p1a: Ogerpon|40/100
|
|t:|1776307678
|-end|p2a: Iron Moth|Quark Drive|[silent]
|switch|p2a: Clodsire|Clodsire, M|100/100|[from] U-turn
|move|p1a: Ogerpon|Ivy Cudgel|p2a: Clodsire|[anim] Ivy Cudgel Water
|-immune|p2a: Clodsire|[from] ability: Water Absorb
|
|-weather|none
|upkeep
|turn|7
|
|t:|1776307687
|move|p1a: Ogerpon|Horn Leech|p2a: Clodsire
|-damage|p2a: Clodsire|55/100
|-heal|p1a: Ogerpon|75/100|[from] drain|[of] p2a: Clodsire
|move|p2a: Clodsire|Toxic|p1a: Ogerpon
|-status|p1a: Ogerpon|tox
|
|-heal|p2a: Clodsire|61/100|[from] item: Leftovers
|-damage|p1a: Ogerpon|69/100 tox|[from] psn
|upkeep
|turn|8
|
|t:|1776307698
|move|p1a: Ogerpon|Horn Leech|p2a: Clodsire
|-damage|p2a: Clodsire|15/100
|-heal|p1a: Ogerpon|100/100 tox|[from] drain|[of] p2a: Clodsire
|move|p2a: Clodsire|Recover|p2a: Clodsire
|-heal|p2a: Clodsire|65/100
|
|-heal|p2a: Clodsire|72/100|[from] item: Leftovers
|-damage|p1a: Ogerpon|89/100 tox|[from] psn
|upkeep
|turn|9
|
|t:|1776307714
|switch|p1a: Gin|Kyurem|100/100
|-ability|p1a: Gin|Pressure
|move|p2a: Clodsire|Protect||[still]
|-fail|p2a: Clodsire
|
|-heal|p2a: Clodsire|78/100|[from] item: Leftovers
|upkeep
|turn|10
|
|t:|1776307736
|switch|p2a: Dragapult|Dragapult, F|100/100
|move|p1a: Gin|Freeze-Dry|p2a: Dragapult
|-supereffective|p2a: Dragapult
|-damage|p2a: Dragapult|22/100
|-start|p1a: Gin|Disable|Freeze-Dry|[from] ability: Cursed Body|[of] p2a: Dragapult
|
|-heal|p2a: Dragapult|28/100|[from] item: Leftovers
|upkeep
|turn|11
|
|t:|1776307757
|switch|p1a: Ogerpon|Ogerpon-Wellspring-Tera, F, tera:Water|89/100 tox
|-ability|p1a: Ogerpon|Embody Aspect (Wellspring)|boost
|-boost|p1a: Ogerpon|spd|1
|move|p2a: Dragapult|Draco Meteor|p1a: Ogerpon
|-damage|p1a: Ogerpon|56/100 tox
|-unboost|p2a: Dragapult|spa|2
|
|-heal|p2a: Dragapult|34/100|[from] item: Leftovers
|-damage|p1a: Ogerpon|50/100 tox|[from] psn
|upkeep
|turn|12
|
|t:|1776307774
|switch|p2a: Iron Moth|Iron Moth|100/100
|move|p1a: Ogerpon|Horn Leech|p2a: Iron Moth
|-resisted|p2a: Iron Moth
|-damage|p2a: Iron Moth|84/100
|-heal|p1a: Ogerpon|60/100 tox|[from] drain|[of] p2a: Iron Moth
|
|-damage|p1a: Ogerpon|48/100 tox|[from] psn
|upkeep
|turn|13
|
|t:|1776307786
|move|p1a: Ogerpon|Ivy Cudgel|p2a: Iron Moth|[anim] Ivy Cudgel Water
|-supereffective|p2a: Iron Moth
|-damage|p2a: Iron Moth|0 fnt
|faint|p2a: Iron Moth
|-end|p2a: Iron Moth|Quark Drive|[silent]
|
|-damage|p1a: Ogerpon|30/100 tox|[from] psn
|upkeep
|
|t:|1776307792
|switch|p2a: Clodsire|Clodsire, M|78/100
|turn|14
|
|t:|1776307798
|move|p2a: Clodsire|Protect|p2a: Clodsire
|-singleturn|p2a: Clodsire|Protect
|move|p1a: Ogerpon|Horn Leech|p2a: Clodsire
|-activate|p2a: Clodsire|move: Protect
|
|-heal|p2a: Clodsire|84/100|[from] item: Leftovers
|-damage|p1a: Ogerpon|6/100 tox|[from] psn
|upkeep
|turn|15
|
|t:|1776307810
|switch|p1a: Gin|Kyurem|100/100
|-ability|p1a: Gin|Pressure
|switch|p2a: Greninja|Greninja, M|5/100
|
|-heal|p2a: Greninja|11/100|[from] item: Leftovers
|upkeep
|turn|16
|
|t:|1776307832
|move|p2a: Greninja|Blizzard|p1a: Gin|[miss]
|-miss|p2a: Greninja|p1a: Gin
|move|p1a: Gin|Freeze-Dry|p2a: Greninja
|-supereffective|p2a: Greninja
|-damage|p2a: Greninja|0 fnt
|faint|p2a: Greninja
|
|upkeep
|
|t:|1776307841
|switch|p2a: Gliscor|Gliscor, F|100/100
|turn|17
|
|t:|1776307859
|move|p1a: Gin|Freeze-Dry|p2a: Gliscor
|-supereffective|p2a: Gliscor
|-damage|p2a: Gliscor|0 fnt
|faint|p2a: Gliscor
|
|upkeep
|
|t:|1776307865
|switch|p2a: Overqwil|Overqwil, F|100/100
|turn|18
|
|t:|1776307881
|switch|p1a: Kingambit|Kingambit, M|100/100
|move|p2a: Overqwil|Toxic Spikes|p1a: Kingambit
|-sidestart|p1: vindalubeyond|move: Toxic Spikes
|
|upkeep
|turn|19
|
|t:|1776307891
|move|p2a: Overqwil|Spikes|p1a: Kingambit
|-sidestart|p1: vindalubeyond|Spikes
|move|p1a: Kingambit|Iron Head|p2a: Overqwil
|-damage|p2a: Overqwil|58/100
|
|-heal|p2a: Overqwil|64/100|[from] item: Leftovers
|upkeep
|turn|20
|
|t:|1776307904
|move|p2a: Overqwil|Pain Split|p1a: Kingambit
|-sethp|p1a: Kingambit|82/100|[from] move: Pain Split|[silent]
|-sethp|p2a: Overqwil|82/100|[from] move: Pain Split
|move|p1a: Kingambit|Swords Dance|p1a: Kingambit
|-boost|p1a: Kingambit|atk|2
|
|-heal|p2a: Overqwil|88/100|[from] item: Leftovers
|-heal|p1a: Kingambit|89/100|[from] item: Leftovers
|upkeep
|turn|21
|
|t:|1776307914
|switch|p2a: Dragapult|Dragapult, F|34/100
|move|p1a: Kingambit|Iron Head|p2a: Dragapult
|-crit|p2a: Dragapult
|-damage|p2a: Dragapult|0 fnt
|-start|p1a: Kingambit|Disable|Iron Head|[from] ability: Cursed Body|[of] p2a: Dragapult
|faint|p2a: Dragapult
|
|-heal|p1a: Kingambit|95/100|[from] item: Leftovers
|upkeep
|
|t:|1776307924
|switch|p2a: Clodsire|Clodsire, M|84/100
|turn|22
|
|t:|1776307928
|-end|p1a: Kingambit|fallenundefined|[silent]
|switch|p1a: Great Tusk|Great Tusk|63/100 psn
|-damage|p1a: Great Tusk|51/100 psn|[from] Spikes
|move|p2a: Clodsire|Toxic||[still]
|-fail|p2a: Clodsire
|
|-heal|p2a: Clodsire|90/100|[from] item: Leftovers
|-damage|p1a: Great Tusk|39/100 psn|[from] psn
|upkeep
|turn|23
|
|t:|1776307938
|move|p2a: Clodsire|Protect|p2a: Clodsire
|-singleturn|p2a: Clodsire|Protect
|move|p1a: Great Tusk|Rapid Spin|p2a: Clodsire
|-activate|p2a: Clodsire|move: Protect
|
|-heal|p2a: Clodsire|97/100|[from] item: Leftovers
|-damage|p1a: Great Tusk|26/100 psn|[from] psn
|upkeep
|turn|24
|
|t:|1776307950
|move|p1a: Great Tusk|Rapid Spin|p2a: Clodsire
|-damage|p2a: Clodsire|77/100
|-boost|p1a: Great Tusk|spe|1
|-sideend|p1: vindalubeyond|Spikes|[from] move: Rapid Spin|[of] p1a: Great Tusk
|-sideend|p1: vindalubeyond|Toxic Spikes|[from] move: Rapid Spin|[of] p1a: Great Tusk
|move|p2a: Clodsire|Recover|p2a: Clodsire
|-heal|p2a: Clodsire|100/100
|
|-damage|p1a: Great Tusk|14/100 psn|[from] psn
|upkeep
|turn|25
|
|t:|1776307964
|-end|p1a: Great Tusk|Protosynthesis|[silent]
|switch|p1a: Gin|Kyurem|100/100
|-ability|p1a: Gin|Pressure
|move|p2a: Clodsire|Protect||[still]
|-fail|p2a: Clodsire
|
|upkeep
|turn|26
|
|t:|1776307976
|move|p1a: Gin|Freeze-Dry|p2a: Clodsire
|-supereffective|p2a: Clodsire
|-damage|p2a: Clodsire|47/100
|move|p2a: Clodsire|Toxic|p1a: Gin
|-status|p1a: Gin|tox
|
|-heal|p2a: Clodsire|54/100|[from] item: Leftovers
|-damage|p1a: Gin|94/100 tox|[from] psn
|upkeep
|turn|27
|
|t:|1776307986
|move|p1a: Gin|Freeze-Dry|p2a: Clodsire
|-supereffective|p2a: Clodsire
|-damage|p2a: Clodsire|2/100
|move|p2a: Clodsire|Recover|p2a: Clodsire
|-heal|p2a: Clodsire|52/100
|
|-heal|p2a: Clodsire|58/100|[from] item: Leftovers
|-damage|p1a: Gin|82/100 tox|[from] psn
|upkeep
|turn|28
|
|t:|1776308001
|move|p1a: Gin|Earth Power|p2a: Clodsire
|-supereffective|p2a: Clodsire
|-damage|p2a: Clodsire|16/100
|move|p2a: Clodsire|Recover|p2a: Clodsire
|-heal|p2a: Clodsire|66/100
|
|-heal|p2a: Clodsire|72/100|[from] item: Leftovers
|-damage|p1a: Gin|64/100 tox|[from] psn
|upkeep
|turn|29
|
|t:|1776308018
|switch|p1a: Kingambit|Kingambit, M|95/100
|move|p2a: Clodsire|Recover|p2a: Clodsire
|-heal|p2a: Clodsire|100/100
|
|-heal|p1a: Kingambit|100/100|[from] item: Leftovers
|upkeep
|turn|30
|
|t:|1776308032
|move|p1a: Kingambit|Iron Head|p2a: Clodsire
|-damage|p2a: Clodsire|45/100
|move|p2a: Clodsire|Toxic|p1a: Kingambit
|-immune|p1a: Kingambit
|
|-heal|p2a: Clodsire|51/100|[from] item: Leftovers
|upkeep
|turn|31
|
|t:|1776308041
|move|p2a: Clodsire|Protect|p2a: Clodsire
|-singleturn|p2a: Clodsire|Protect
|move|p1a: Kingambit|Swords Dance|p1a: Kingambit
|-boost|p1a: Kingambit|atk|2
|
|-heal|p2a: Clodsire|57/100|[from] item: Leftovers
|upkeep
|turn|32
|
|t:|1776308049
|move|p1a: Kingambit|Swords Dance|p1a: Kingambit
|-boost|p1a: Kingambit|atk|2
|move|p2a: Clodsire|Recover|p2a: Clodsire
|-heal|p2a: Clodsire|100/100
|
|upkeep
|turn|33
|
|t:|1776308059
|move|p1a: Kingambit|Swords Dance|p1a: Kingambit
|-boost|p1a: Kingambit|atk|2
|move|p2a: Clodsire|Toxic|p1a: Kingambit
|-immune|p1a: Kingambit
|
|upkeep
|turn|34
|
|t:|1776308066
|move|p1a: Kingambit|Iron Head|p2a: Clodsire
|-damage|p2a: Clodsire|0 fnt
|faint|p2a: Clodsire
|
|upkeep
|
|t:|1776308070
|switch|p2a: Overqwil|Overqwil, F|88/100
|turn|35
|
|t:|1776308075
|move|p1a: Kingambit|Sucker Punch||[still]
|-fail|p1a: Kingambit
|move|p2a: Overqwil|Pain Split|p1a: Kingambit
|-sethp|p1a: Kingambit|95/100|[from] move: Pain Split|[silent]
|-sethp|p2a: Overqwil|94/100|[from] move: Pain Split
|
|-heal|p2a: Overqwil|99/100|[from] item: Leftovers
|-heal|p1a: Kingambit|100/100|[from] item: Leftovers
|upkeep
|turn|36
|
|t:|1776308084
|move|p2a: Overqwil|Pain Split|p1a: Kingambit
|-sethp|p1a: Kingambit|100/100|[from] move: Pain Split|[silent]
|-sethp|p2a: Overqwil|99/100|[from] move: Pain Split
|move|p1a: Kingambit|Iron Head|p2a: Overqwil
|-damage|p2a: Overqwil|0 fnt
|faint|p2a: Overqwil
|
|win|vindalubeyond
|raw|vindalubeyond's rating: 1061 &rarr; <strong>1090</strong><br />(+29 for winning)
|raw|ljgkhfgjdfhs's rating: 1041 &rarr; <strong>1026</strong><br />(-15 for losing)
|l|☆ljgkhfgjdfhs
|player|p2|
|l|☆vindalubeyond
|player|p1|
|j|☆vindalubeyond
|player|p1|vindalubeyond|n|
