|html|<div class="broadcast-blue"><strong>[Gen 9] OU is currently suspecting Tera Blast! For information on how to participate check out the <a href="https://www.smogon.com/tools/suspects/view/200">suspect thread</a>.</strong></div>
|j|☆z3r0cool
|j|☆Dripple3000
|t:|1776211161
|gametype|singles
|player|p1|z3r0cool|lorelei-gen1|1570
|player|p2|Dripple3000|ingo|1631
|gen|9
|tier|[Gen 9] OU
|rated|
|rule|HP Percentage Mod: HP is shown in percentages
|rule|Endless Battle Clause: Forcing endless battles is banned
|rule|Species Clause: Limit one of each Pokémon
|rule|OHKO Clause: OHKO moves are banned
|rule|Evasion Items Clause: Evasion items are banned
|rule|Evasion Moves Clause: Evasion moves are banned
|rule|Evasion Abilities Clause: Evasion abilities are banned
|rule|Sleep Moves Clause: Sleep-inducing moves are banned
|clearpoke
|poke|p1|Tornadus-Therian, M|
|poke|p1|Hatterene, F|
|poke|p1|Cinderace, M|
|poke|p1|Kyurem|
|poke|p1|Great Tusk|
|poke|p1|Kingambit, F|
|poke|p2|Pelipper, F|
|poke|p2|Barraskewda, M|
|poke|p2|Iron Treads|
|poke|p2|Overqwil, M|
|poke|p2|Raging Bolt|
|poke|p2|Kingambit, M|
|teampreview
|inactive|Battle timer is ON: inactive players will automatically lose when time's up. (requested by Dripple3000)
|
|t:|1776211171
|teamsize|p1|6
|teamsize|p2|6
|start
|switch|p1a: Tornadus|Tornadus-Therian, M, shiny|100/100
|switch|p2a: Nigel|Pelipper, F, shiny|100/100
|-weather|RainDance|[from] ability: Drizzle|[of] p2a: Nigel
|turn|1
|c|☆z3r0cool|man every game against weather
|
|t:|1776211178
|move|p1a: Tornadus|Bleakwind Storm|p2a: Nigel
|-damage|p2a: Nigel|47/100
|move|p2a: Nigel|U-turn|p1a: Tornadus
|-resisted|p1a: Tornadus
|-damage|p1a: Tornadus|95/100
|c|☆Dripple3000|sorry lol
|
|t:|1776211188
|switch|p2a: Ghoti|Barraskewda, M|100/100|[from] U-turn
|
|-weather|RainDance|[upkeep]
|upkeep
|turn|2
|c|☆z3r0cool|it's fine
|inactive|z3r0cool has 120 seconds left.
|
|t:|1776211232
|switch|p1a: Cinderace|Cinderace, M, shiny|100/100
|-terastallize|p2a: Ghoti|Water
|move|p2a: Ghoti|Liquidation|p1a: Cinderace
|-supereffective|p1a: Cinderace
|-damage|p1a: Cinderace|0 fnt
|faint|p1a: Cinderace
|
|-weather|RainDance|[upkeep]
|upkeep
|
|t:|1776211257
|switch|p1a: Kyurem|Kyurem|100/100
|-ability|p1a: Kyurem|Pressure
|turn|3
|
|t:|1776211271
|switch|p2a: Nobunaga|Kingambit, M, shiny|100/100
|move|p1a: Kyurem|Freeze-Dry|p2a: Nobunaga
|-resisted|p2a: Nobunaga
|-damage|p2a: Nobunaga|81/100
|
|-weather|RainDance|[upkeep]
|-heal|p2a: Nobunaga|88/100|[from] item: Leftovers
|upkeep
|turn|4
|
|t:|1776211283
|switch|p1a: Great Tusk|Great Tusk, shiny|100/100
|move|p2a: Nobunaga|Iron Head|p1a: Great Tusk
|-damage|p1a: Great Tusk|63/100
|
|-weather|RainDance|[upkeep]
|-heal|p2a: Nobunaga|94/100|[from] item: Leftovers
|upkeep
|turn|5
|
|t:|1776211290
|move|p1a: Great Tusk|Stealth Rock|p2a: Nobunaga
|-sidestart|p2: Dripple3000|move: Stealth Rock
|move|p2a: Nobunaga|Iron Head|p1a: Great Tusk
|-damage|p1a: Great Tusk|31/100
|
|-weather|RainDance|[upkeep]
|-heal|p2a: Nobunaga|99/100|[from] item: Leftovers
|upkeep
|turn|6
|
|t:|1776211307
|move|p1a: Great Tusk|Headlong Rush|p2a: Nobunaga
|-supereffective|p2a: Nobunaga
|-damage|p2a: Nobunaga|12/100
|-unboost|p1a: Great Tusk|def|1
|-unboost|p1a: Great Tusk|spd|1
|move|p2a: Nobunaga|Iron Head|p1a: Great Tusk
|-damage|p1a: Great Tusk|0 fnt
|faint|p1a: Great Tusk
|-end|p1a: Great Tusk|Protosynthesis|[silent]
|
|-weather|RainDance|[upkeep]
|-heal|p2a: Nobunaga|18/100|[from] item: Leftovers
|upkeep
|inactive|z3r0cool has 90 seconds left.
|
|t:|1776211340
|switch|p1a: Kingambit|Kingambit, F|100/100
|-activate|p1a: Kingambit|ability: Supreme Overlord
|-start|p1a: Kingambit|fallen2|[silent]
|turn|7
|
|t:|1776211345
|move|p2a: Nobunaga|Swords Dance|p2a: Nobunaga
|-boost|p2a: Nobunaga|atk|2
|move|p1a: Kingambit|Swords Dance|p1a: Kingambit
|-boost|p1a: Kingambit|atk|2
|
|-weather|RainDance|[upkeep]
|-heal|p2a: Nobunaga|24/100|[from] item: Leftovers
|upkeep
|turn|8
|
|t:|1776211354
|move|p1a: Kingambit|Sucker Punch|p2a: Nobunaga
|-resisted|p2a: Nobunaga
|-damage|p2a: Nobunaga|0 fnt
|faint|p2a: Nobunaga
|-end|p2a: Nobunaga|fallenundefined|[silent]
|
|-weather|none
|upkeep
|
|t:|1776211381
|switch|p2a: Nigel|Pelipper, F, shiny|47/100
|-damage|p2a: Nigel|22/100|[from] Stealth Rock
|-weather|RainDance|[from] ability: Drizzle|[of] p2a: Nigel
|turn|9
|inactive|z3r0cool has 90 seconds left.
|
|t:|1776211410
|move|p1a: Kingambit|Kowtow Cleave|p2a: Nigel
|-damage|p2a: Nigel|0 fnt
|faint|p2a: Nigel
|
|-weather|RainDance|[upkeep]
|upkeep
|
|t:|1776211416
|switch|p2a: Little Foot|Raging Bolt|100/100
|-damage|p2a: Little Foot|88/100|[from] Stealth Rock
|-enditem|p2a: Little Foot|Booster Energy
|-activate|p2a: Little Foot|ability: Protosynthesis|[fromitem]
|-start|p2a: Little Foot|protosynthesisspa
|turn|10
|inactive|z3r0cool has 60 seconds left.
|
|t:|1776211465
|-end|p1a: Kingambit|fallen2|[silent]
|switch|p1a: Kyurem|Kyurem|100/100
|-ability|p1a: Kyurem|Pressure
|move|p2a: Little Foot|Thunder|p1a: Kyurem
|-resisted|p1a: Kyurem
|-damage|p1a: Kyurem|79/100
|
|-weather|RainDance|[upkeep]
|upkeep
|turn|11
|
|t:|1776211482
|move|p1a: Kyurem|Ice Beam|p2a: Little Foot
|-supereffective|p2a: Little Foot
|-damage|p2a: Little Foot|4/100
|move|p2a: Little Foot|Draco Meteor|p1a: Kyurem|[miss]
|-miss|p2a: Little Foot|p1a: Kyurem
|
|-weather|RainDance|[upkeep]
|upkeep
|turn|12
|
|t:|1776211490
|move|p2a: Little Foot|Thunderclap|p1a: Kyurem
|-resisted|p1a: Kyurem
|-damage|p1a: Kyurem|63/100
|move|p1a: Kyurem|Freeze-Dry|p2a: Little Foot
|-supereffective|p2a: Little Foot
|-damage|p2a: Little Foot|0 fnt
|faint|p2a: Little Foot
|-end|p2a: Little Foot|Protosynthesis|[silent]
|
|-weather|RainDance|[upkeep]
|upkeep
|
|t:|1776211493
|switch|p2a: Nelly|Iron Treads|100/100
|-damage|p2a: Nelly|97/100|[from] Stealth Rock
|-enditem|p2a: Nelly|Booster Energy
|-activate|p2a: Nelly|ability: Quark Drive|[fromitem]
|-start|p2a: Nelly|quarkdrivespe
|turn|13
|
|t:|1776211518
|switch|p1a: Tornadus|Tornadus-Therian, M, shiny|100/100
|move|p2a: Nelly|Steel Beam|p1a: Tornadus|[miss]
|-miss|p2a: Nelly|p1a: Tornadus
|-damage|p2a: Nelly|47/100|[from] steelbeam
|
|-weather|RainDance|[upkeep]
|upkeep
|turn|14
|inactive|z3r0cool has 30 seconds left.
|
|t:|1776211541
|move|p2a: Nelly|Stealth Rock|p1a: Tornadus
|-sidestart|p1: z3r0cool|move: Stealth Rock
|move|p1a: Tornadus|Bleakwind Storm|p2a: Nelly
|-resisted|p2a: Nelly
|-damage|p2a: Nelly|19/100
|-unboost|p2a: Nelly|spe|1
|
|-weather|RainDance|[upkeep]
|upkeep
|turn|15
|inactive|z3r0cool has 30 seconds left.
|
|t:|1776211556
|move|p1a: Tornadus|Knock Off|p2a: Nelly
|-damage|p2a: Nelly|8/100
|move|p2a: Nelly|Steel Beam|p1a: Tornadus
|-damage|p1a: Tornadus|66/100
|-damage|p2a: Nelly|0 fnt|[from] steelbeam
|faint|p2a: Nelly
|-end|p2a: Nelly|Quark Drive|[silent]
|
|-weather|RainDance|[upkeep]
|upkeep
|
|t:|1776211561
|switch|p2a: Kinta|Overqwil, M|100/100
|-damage|p2a: Kinta|88/100|[from] Stealth Rock
|turn|16
|inactive|z3r0cool has 30 seconds left.
|
|t:|1776211572
|move|p2a: Kinta|Gunk Shot|p1a: Tornadus
|-damage|p1a: Tornadus|0 fnt
|faint|p1a: Tornadus
|-damage|p2a: Kinta|78/100|[from] item: Life Orb
|
|-weather|none
|upkeep
|inactive|z3r0cool has 30 seconds left.
|inactive|z3r0cool has 20 seconds left.
|inactive|z3r0cool has 15 seconds left.
|inactive|z3r0cool has 10 seconds left.
|inactive|z3r0cool has 5 seconds left.
|
|t:|1776211604
|switch|p1a: Kingambit|Kingambit, F|100/100
|-damage|p1a: Kingambit|94/100|[from] Stealth Rock
|-activate|p1a: Kingambit|ability: Supreme Overlord
|-start|p1a: Kingambit|fallen3|[silent]
|turn|17
|inactive|z3r0cool has 15 seconds left this turn.
|inactive|z3r0cool has 10 seconds left.
|
|t:|1776211611
|move|p2a: Kinta|Liquidation|p1a: Kingambit
|-damage|p1a: Kingambit|68/100
|-damage|p2a: Kinta|69/100|[from] item: Life Orb
|move|p1a: Kingambit|Iron Head|p2a: Kinta
|-damage|p2a: Kinta|0 fnt
|faint|p2a: Kinta
|
|-heal|p1a: Kingambit|74/100|[from] item: Leftovers
|upkeep
|
|t:|1776211621
|switch|p2a: Ghoti|Barraskewda, M, tera:Water|100/100
|-damage|p2a: Ghoti|88/100|[from] Stealth Rock
|turn|18
|inactive|z3r0cool has 25 seconds left this turn.
|inactive|z3r0cool has 20 seconds left.
|
|t:|1776211628
|-end|p1a: Kingambit|fallen3|[silent]
|switch|p1a: Hatterene|Hatterene, F|100/100
|-damage|p1a: Hatterene|88/100|[from] Stealth Rock
|move|p2a: Ghoti|Liquidation|p1a: Hatterene
|-damage|p1a: Hatterene|11/100
|-damage|p2a: Ghoti|71/100|[from] item: Rocky Helmet|[of] p1a: Hatterene
|
|upkeep
|turn|19
|inactive|z3r0cool has 30 seconds left this turn.
|
|t:|1776211636
|move|p2a: Ghoti|Liquidation|p1a: Hatterene
|-damage|p1a: Hatterene|0 fnt
|-damage|p2a: Ghoti|55/100|[from] item: Rocky Helmet|[of] p1a: Hatterene
|faint|p1a: Hatterene
|
|upkeep
|inactive|z3r0cool has 30 seconds left this turn.
|
|t:|1776211643
|switch|p1a: Kyurem|Kyurem|63/100
|-damage|p1a: Kyurem|38/100|[from] Stealth Rock
|-ability|p1a: Kyurem|Pressure
|turn|20
|
|t:|1776211648
|move|p2a: Ghoti|Liquidation|p1a: Kyurem
|-resisted|p1a: Kyurem
|-crit|p1a: Kyurem
|-damage|p1a: Kyurem|0 fnt
|faint|p1a: Kyurem
|
|upkeep
|c|☆z3r0cool|lol crit
|c|☆z3r0cool|nice
|inactive|z3r0cool has 30 seconds left.
|
|t:|1776211658
|switch|p1a: Kingambit|Kingambit, F|74/100
|-damage|p1a: Kingambit|68/100|[from] Stealth Rock
|-activate|p1a: Kingambit|ability: Supreme Overlord
|-start|p1a: Kingambit|fallen5|[silent]
|turn|21
|
|t:|1776211665
|move|p1a: Kingambit|Sucker Punch|p2a: Ghoti
|-crit|p2a: Ghoti
|-damage|p2a: Ghoti|0 fnt
|faint|p2a: Ghoti
|
|win|z3r0cool
|raw|z3r0cool's rating: 1570 &rarr; <strong>1593</strong><br />(+23 for winning)
|raw|Dripple3000's rating: 1631 &rarr; <strong>1608</strong><br />(-23 for losing)
|c|☆z3r0cool|gg
|c|☆Dripple3000|gg
|l|☆Dripple3000
|player|p2|
|c|☆z3r0cool|funny meaningless crits
