|html|<div class="broadcast-blue"><strong>[Gen 9] OU is currently suspecting Volcarona! For information on how to participate check out the <a href="https://www.smogon.com/tools/suspects/view/208">suspect thread</a>.</strong></div>
|j|☆Testteambill
|j|☆aizennenr
|t:|1778499019
|gametype|singles
|player|p1|Testteambill|102|1620
|player|p2|aizennenr|2|1548
|gen|9
|tier|[Gen 9] OU
|rated|
|rule|HP Percentage Mod: HP is shown in percentages
|rule|Endless Battle Clause: Forcing endless battles is banned
|rule|Species Clause: Limit one of each Pokémon
|rule|OHKO Clause: OHKO moves are banned
|rule|Evasion Items Clause: Evasion items are banned
|rule|Evasion Moves Clause: Evasion moves are banned
|rule|Evasion Abilities Clause: Evasion abilities are banned
|rule|Sleep Moves Clause: Sleep-inducing moves are banned
|clearpoke
|poke|p1|Tinkaton, F|
|poke|p1|Serperior, M|
|poke|p1|Indeedee, M|
|poke|p1|Araquanid, M|
|poke|p1|Great Tusk|
|poke|p1|Hawlucha, M|
|poke|p2|Keldeo-Resolute|
|poke|p2|Tornadus-Therian, M|
|poke|p2|Hydrapple, F|
|poke|p2|Corviknight, F|
|poke|p2|Tyranitar, M|
|poke|p2|Excadrill, F|
|teampreview
|
|t:|1778499031
|teamsize|p1|6
|teamsize|p2|6
|start
|switch|p1a: Great Tusk|Great Tusk, shiny|100/100
|switch|p2a: Keldeo|Keldeo-Resolute|100/100
|turn|1
|
|t:|1778499039
|-end|p1a: Great Tusk|Protosynthesis|[silent]
|switch|p1a: Araquanid|Araquanid, M, shiny|100/100
|move|p2a: Keldeo|Surf|p1a: Araquanid
|-resisted|p1a: Araquanid
|-damage|p1a: Araquanid|75/100
|
|upkeep
|turn|2
|
|t:|1778499047
|switch|p2a: Corviknight|Corviknight, F|100/100
|-ability|p2a: Corviknight|Pressure
|move|p1a: Araquanid|Sticky Web|p2a: Corviknight
|-sidestart|p2: aizennenr|move: Sticky Web
|
|upkeep
|turn|3
|
|t:|1778499051
|move|p2a: Corviknight|Brave Bird|p1a: Araquanid
|-supereffective|p1a: Araquanid
|-damage|p1a: Araquanid|0 fnt
|faint|p1a: Araquanid
|-damage|p2a: Corviknight|80/100|[from] Recoil
|
|upkeep
|
|t:|1778499054
|switch|p1a: Tinkaton|Tinkaton, F, shiny|100/100
|-item|p1a: Tinkaton|Air Balloon
|turn|4
|
|t:|1778499057
|move|p1a: Tinkaton|Encore|p2a: Corviknight
|-start|p2a: Corviknight|Encore
|move|p2a: Corviknight|Brave Bird|p1a: Tinkaton
|-resisted|p1a: Tinkaton
|-damage|p1a: Tinkaton|86/100
|-enditem|p1a: Tinkaton|Air Balloon
|-damage|p2a: Corviknight|75/100|[from] Recoil
|-enditem|p2a: Corviknight|Rocky Helmet|[silent]|[from] ability: Pickpocket|[of] p2a: Corviknight
|-item|p1a: Tinkaton|Rocky Helmet|[from] ability: Pickpocket|[of] p2a: Corviknight
|
|upkeep
|turn|5
|
|t:|1778499074
|switch|p1a: Great Tusk|Great Tusk, shiny|100/100
|switch|p2a: Keldeo|Keldeo-Resolute|100/100
|-activate|p2a: Keldeo|move: Sticky Web
|-unboost|p2a: Keldeo|spe|1
|
|upkeep
|turn|6
|
|t:|1778499082
|-end|p1a: Great Tusk|Protosynthesis|[silent]
|switch|p1a: Serperior|Serperior, M, shiny|100/100
|move|p2a: Keldeo|Surf|p1a: Serperior
|-resisted|p1a: Serperior
|-damage|p1a: Serperior|57/100
|
|-heal|p1a: Serperior|63/100|[from] item: Leftovers
|upkeep
|turn|7
|
|t:|1778499091
|switch|p2a: Tornadus|Tornadus-Therian, M|100/100
|move|p1a: Serperior|Glare|p2a: Tornadus
|-status|p2a: Tornadus|par
|
|-heal|p1a: Serperior|70/100|[from] item: Leftovers
|upkeep
|turn|8
|
|t:|1778499096
|move|p1a: Serperior|Substitute|p1a: Serperior
|-start|p1a: Serperior|Substitute
|-damage|p1a: Serperior|45/100
|move|p2a: Tornadus|Bleakwind Storm|p1a: Serperior
|-supereffective|p1a: Serperior
|-end|p1a: Serperior|Substitute
|
|-heal|p1a: Serperior|51/100|[from] item: Leftovers
|upkeep
|turn|9
|
|t:|1778499099
|move|p1a: Serperior|Substitute|p1a: Serperior
|-start|p1a: Serperior|Substitute
|-damage|p1a: Serperior|26/100
|cant|p2a: Tornadus|par
|
|-heal|p1a: Serperior|32/100|[from] item: Leftovers
|upkeep
|turn|10
|
|t:|1778499104
|move|p1a: Serperior|Leech Seed|p2a: Tornadus
|-start|p2a: Tornadus|move: Leech Seed
|move|p2a: Tornadus|Heat Wave|p1a: Serperior
|-supereffective|p1a: Serperior
|-end|p1a: Serperior|Substitute
|
|-heal|p1a: Serperior|39/100|[from] item: Leftovers
|-damage|p2a: Tornadus|88/100 par|[from] Leech Seed|[of] p1a: Serperior
|-heal|p1a: Serperior|54/100|[silent]
|upkeep
|turn|11
|
|t:|1778499107
|move|p1a: Serperior|Substitute|p1a: Serperior
|-start|p1a: Serperior|Substitute
|-damage|p1a: Serperior|29/100
|move|p2a: Tornadus|U-turn|p1a: Serperior
|-supereffective|p1a: Serperior
|-end|p1a: Serperior|Substitute
|
|t:|1778499115
|switch|p2a: Tyranitar|Tyranitar, M|100/100|[from] U-turn
|-activate|p2a: Tyranitar|move: Sticky Web
|-unboost|p2a: Tyranitar|spe|1
|-weather|Sandstorm|[from] ability: Sand Stream|[of] p2a: Tyranitar
|
|-weather|Sandstorm|[upkeep]
|-damage|p1a: Serperior|23/100|[from] Sandstorm
|-heal|p1a: Serperior|29/100|[from] item: Leftovers
|upkeep
|turn|12
|
|t:|1778499123
|switch|p1a: Tinkaton|Tinkaton, F, shiny|86/100
|move|p2a: Tyranitar|Ice Beam|p1a: Tinkaton
|-resisted|p1a: Tinkaton
|-damage|p1a: Tinkaton|77/100
|
|-weather|Sandstorm|[upkeep]
|upkeep
|turn|13
|
|t:|1778499129
|switch|p2a: Excadrill|Excadrill, F|100/100
|-item|p2a: Excadrill|Air Balloon
|move|p1a: Tinkaton|Encore||[still]
|-fail|p1a: Tinkaton
|
|-weather|Sandstorm|[upkeep]
|upkeep
|turn|14
|
|t:|1778499136
|-terastallize|p1a: Tinkaton|Ghost
|move|p2a: Excadrill|Rapid Spin|p1a: Tinkaton
|-immune|p1a: Tinkaton
|move|p1a: Tinkaton|Knock Off|p2a: Excadrill
|-damage|p2a: Excadrill|76/100
|-enditem|p2a: Excadrill|Air Balloon
|
|-weather|Sandstorm|[upkeep]
|-damage|p1a: Tinkaton|71/100|[from] Sandstorm
|upkeep
|turn|15
|
|t:|1778499144
|move|p2a: Excadrill|Swords Dance|p2a: Excadrill
|-boost|p2a: Excadrill|atk|2
|move|p1a: Tinkaton|Stealth Rock|p2a: Excadrill
|-sidestart|p2: aizennenr|move: Stealth Rock
|
|-weather|Sandstorm|[upkeep]
|-damage|p1a: Tinkaton|64/100|[from] Sandstorm
|upkeep
|turn|16
|
|t:|1778499148
|move|p2a: Excadrill|Earthquake|p1a: Tinkaton
|-damage|p1a: Tinkaton|0 fnt
|faint|p1a: Tinkaton
|
|-weather|Sandstorm|[upkeep]
|upkeep
|
|t:|1778499163
|switch|p1a: Indeedee|Indeedee, M, shiny|100/100
|-fieldstart|move: Psychic Terrain|[from] ability: Psychic Surge|[of] p1a: Indeedee
|turn|17
|
|t:|1778499167
|switch|p1a: Hawlucha|Hawlucha, M, shiny|100/100
|-enditem|p1a: Hawlucha|Psychic Seed
|-boost|p1a: Hawlucha|spd|1|[from] item: Psychic Seed
|move|p2a: Excadrill|Rapid Spin|p1a: Hawlucha
|-damage|p1a: Hawlucha|47/100
|-boost|p2a: Excadrill|spe|1
|-sideend|p2: aizennenr|Stealth Rock|[from] move: Rapid Spin|[of] p2a: Excadrill
|-sideend|p2: aizennenr|Sticky Web|[from] move: Rapid Spin|[of] p2a: Excadrill
|
|-weather|Sandstorm|[upkeep]
|-damage|p1a: Hawlucha|41/100|[from] Sandstorm
|upkeep
|turn|18
|
|t:|1778499179
|move|p2a: Excadrill|Rapid Spin|p1a: Hawlucha
|-damage|p1a: Hawlucha|0 fnt
|-boost|p2a: Excadrill|spe|1
|faint|p1a: Hawlucha
|
|-weather|none
|upkeep
|
|t:|1778499181
|switch|p1a: Great Tusk|Great Tusk, shiny|100/100
|turn|19
|
|t:|1778499187
|-terastallize|p2a: Excadrill|Ghost
|move|p2a: Excadrill|Earthquake|p1a: Great Tusk
|-damage|p1a: Great Tusk|20/100
|move|p1a: Great Tusk|Headlong Rush|p2a: Excadrill
|-crit|p2a: Excadrill
|-damage|p2a: Excadrill|0 fnt
|-unboost|p1a: Great Tusk|def|1
|-unboost|p1a: Great Tusk|spd|1
|faint|p2a: Excadrill
|
|upkeep
|
|t:|1778499192
|switch|p2a: Keldeo|Keldeo-Resolute|100/100
|turn|20
|
|t:|1778499203
|-end|p1a: Great Tusk|Protosynthesis|[silent]
|switch|p1a: Indeedee|Indeedee, M, shiny|100/100
|move|p2a: Keldeo|Secret Sword|p1a: Indeedee
|-damage|p1a: Indeedee|0 fnt
|faint|p1a: Indeedee
|
|upkeep
|
|t:|1778499207
|switch|p1a: Serperior|Serperior, M, shiny|29/100
|turn|21
|
|t:|1778499216
|switch|p2a: Hydrapple|Hydrapple, F|100/100
|move|p1a: Serperior|Leaf Storm|p2a: Hydrapple
|-resisted|p2a: Hydrapple
|-damage|p2a: Hydrapple|89/100
|-boost|p1a: Serperior|spa|2
|
|-heal|p1a: Serperior|36/100|[from] item: Leftovers
|-fieldend|move: Psychic Terrain
|upkeep
|turn|22
|-message|Testteambill forfeited.
|
|win|aizennenr
|raw|Testteambill's rating: 1620 &rarr; <strong>1596</strong><br />(-24 for losing)
|raw|aizennenr's rating: 1548 &rarr; <strong>1572</strong><br />(+24 for winning)
|l|☆Testteambill
|player|p1|
|l|☆aizennenr
|player|p2|
