|html|<div class="broadcast-blue"><strong>[Gen 9] OU is currently suspecting Tera Blast! For information on how to participate check out the <a href="https://www.smogon.com/tools/suspects/view/200">suspect thread</a>.</strong></div>
|j|☆a jellyfish
|j|☆NebulaTrainer
|t:|1776038398
|gametype|singles
|player|p1|a jellyfish|bianca|1813
|player|p2|NebulaTrainer|cynthia-gen4|1718
|gen|9
|tier|[Gen 9] OU
|rated|
|rule|HP Percentage Mod: HP is shown in percentages
|rule|Endless Battle Clause: Forcing endless battles is banned
|rule|Species Clause: Limit one of each Pokémon
|rule|OHKO Clause: OHKO moves are banned
|rule|Evasion Items Clause: Evasion items are banned
|rule|Evasion Moves Clause: Evasion moves are banned
|rule|Evasion Abilities Clause: Evasion abilities are banned
|rule|Sleep Moves Clause: Sleep-inducing moves are banned
|clearpoke
|poke|p1|Raging Bolt|
|poke|p1|Zamazenta-*|
|poke|p1|Dragonite, M|
|poke|p1|Samurott-Hisui, F|
|poke|p1|Deoxys-Speed|
|poke|p1|Hatterene, F|
|poke|p2|Tornadus-Therian, M|
|poke|p2|Heatran, M|
|poke|p2|Hippowdon, M|
|poke|p2|Keldeo-Resolute|
|poke|p2|Excadrill, M|
|poke|p2|Hydrapple, F|
|teampreview
|inactive|Battle timer is ON: inactive players will automatically lose when time's up. (requested by a jellyfish)
|inactive|a jellyfish has 120 seconds left.
|j| darkrat18
|inactive|a jellyfish has 90 seconds left.
|
|t:|1776038465
|teamsize|p1|6
|teamsize|p2|6
|start
|switch|p1a: Dragonite|Dragonite, M, shiny|100/100
|switch|p2a: Heatran|Heatran, M, shiny|100/100
|turn|1
|j| wiiiu
|
|t:|1776038471
|switch|p2a: Hippowdon|Hippowdon, M, shiny|100/100
|-weather|Sandstorm|[from] ability: Sand Stream|[of] p2a: Hippowdon
|move|p1a: Dragonite|Dragon Dance|p1a: Dragonite
|-boost|p1a: Dragonite|atk|1
|-boost|p1a: Dragonite|spe|1
|
|-weather|Sandstorm|[upkeep]
|-damage|p1a: Dragonite|94/100|[from] Sandstorm
|upkeep
|turn|2
|j| nonchalantbufalant
|
|t:|1776038481
|move|p1a: Dragonite|Outrage|p2a: Hippowdon
|-damage|p2a: Hippowdon|42/100
|move|p2a: Hippowdon|Whirlwind|p1a: Dragonite
|drag|p1a: Zamazenta|Zamazenta|100/100
|-ability|p1a: Zamazenta|Dauntless Shield|boost
|-boost|p1a: Zamazenta|def|1
|
|-weather|Sandstorm|[upkeep]
|-damage|p1a: Zamazenta|94/100|[from] Sandstorm
|-heal|p1a: Zamazenta|100/100|[from] item: Leftovers
|upkeep
|turn|3
|
|t:|1776038493
|move|p1a: Zamazenta|Iron Defense|p1a: Zamazenta
|-boost|p1a: Zamazenta|def|2
|move|p2a: Hippowdon|Slack Off|p2a: Hippowdon
|-heal|p2a: Hippowdon|92/100
|
|-weather|Sandstorm|[upkeep]
|-damage|p1a: Zamazenta|94/100|[from] Sandstorm
|-heal|p1a: Zamazenta|100/100|[from] item: Leftovers
|upkeep
|turn|4
|
|t:|1776038502
|move|p1a: Zamazenta|Body Press|p2a: Hippowdon
|-damage|p2a: Hippowdon|51/100
|move|p2a: Hippowdon|Slack Off|p2a: Hippowdon
|-heal|p2a: Hippowdon|100/100
|
|-weather|Sandstorm|[upkeep]
|-damage|p1a: Zamazenta|94/100|[from] Sandstorm
|-heal|p1a: Zamazenta|100/100|[from] item: Leftovers
|upkeep
|turn|5
|
|t:|1776038515
|move|p1a: Zamazenta|Body Press|p2a: Hippowdon
|-crit|p2a: Hippowdon
|-damage|p2a: Hippowdon|41/100
|move|p2a: Hippowdon|Whirlwind|p1a: Zamazenta
|drag|p1a: Dragonite|Dragonite, M, shiny|94/100
|
|-weather|Sandstorm|[upkeep]
|-damage|p1a: Dragonite|88/100|[from] Sandstorm
|upkeep
|turn|6
|
|t:|1776038525
|move|p1a: Dragonite|Dragon Dance|p1a: Dragonite
|-boost|p1a: Dragonite|atk|1
|-boost|p1a: Dragonite|spe|1
|move|p2a: Hippowdon|Slack Off|p2a: Hippowdon
|-heal|p2a: Hippowdon|91/100
|
|-weather|Sandstorm|[upkeep]
|-damage|p1a: Dragonite|82/100|[from] Sandstorm
|upkeep
|turn|7
|
|t:|1776038534
|switch|p2a: Heatran|Heatran, M, shiny|100/100
|move|p1a: Dragonite|Outrage|p2a: Heatran
|-resisted|p2a: Heatran
|-damage|p2a: Heatran|56/100
|
|-weather|Sandstorm|[upkeep]
|-damage|p1a: Dragonite|76/100|[from] Sandstorm
|-heal|p2a: Heatran|62/100|[from] item: Leftovers
|upkeep
|turn|8
|
|t:|1776038544
|move|p1a: Dragonite|Outrage|p2a: Heatran|[from] lockedmove
|-resisted|p2a: Heatran
|-damage|p2a: Heatran|17/100
|-start|p1a: Dragonite|confusion|[fatigue]
|move|p2a: Heatran|Magma Storm|p1a: Dragonite
|-resisted|p1a: Dragonite
|-damage|p1a: Dragonite|54/100
|-activate|p1a: Dragonite|move: Magma Storm|[of] p2a: Heatran
|
|-weather|none
|-heal|p2a: Heatran|23/100|[from] item: Leftovers
|-damage|p1a: Dragonite|42/100|[from] move: Magma Storm|[partiallytrapped]
|upkeep
|turn|9
|
|t:|1776038556
|move|p2a: Heatran|Protect|p2a: Heatran
|-singleturn|p2a: Heatran|Protect
|-activate|p1a: Dragonite|confusion
|move|p1a: Dragonite|Outrage|p2a: Heatran
|-activate|p2a: Heatran|move: Protect
|
|-heal|p2a: Heatran|29/100|[from] item: Leftovers
|-damage|p1a: Dragonite|30/100|[from] move: Magma Storm|[partiallytrapped]
|upkeep
|turn|10
|
|t:|1776038566
|-activate|p1a: Dragonite|confusion
|move|p1a: Dragonite|Outrage|p2a: Heatran
|-resisted|p2a: Heatran
|-damage|p2a: Heatran|0 fnt
|faint|p2a: Heatran
|
|-end|p1a: Dragonite|Magma Storm|[partiallytrapped]|[silent]
|upkeep
|
|t:|1776038574
|switch|p2a: Hydrapple|Hydrapple, F, shiny|100/100
|turn|11
|
|t:|1776038577
|-terastallize|p2a: Hydrapple|Fairy
|-activate|p1a: Dragonite|confusion
|-damage|p1a: Dragonite|4/100|[from] confusion
|move|p2a: Hydrapple|Fickle Beam|p1a: Dragonite
|-supereffective|p1a: Dragonite
|-damage|p1a: Dragonite|0 fnt
|faint|p1a: Dragonite
|
|upkeep
|
|t:|1776038580
|switch|p1a: Deoxys|Deoxys-Speed, shiny|100/100
|-ability|p1a: Deoxys|Pressure
|turn|12
|
|t:|1776038596
|move|p1a: Deoxys|Taunt|p2a: Hydrapple
|-start|p2a: Hydrapple|move: Taunt
|cant|p2a: Hydrapple|move: Taunt|Nasty Plot
|
|upkeep
|turn|13
|
|t:|1776038601
|move|p1a: Deoxys|Light Screen|p1a: Deoxys
|-sidestart|p1: a jellyfish|move: Light Screen
|move|p2a: Hydrapple|Giga Drain|p1a: Deoxys
|-damage|p1a: Deoxys|74/100
|
|upkeep
|turn|14
|
|t:|1776038607
|switch|p2a: Hippowdon|Hippowdon, M, shiny|91/100
|-weather|Sandstorm|[from] ability: Sand Stream|[of] p2a: Hippowdon
|move|p1a: Deoxys|Reflect|p1a: Deoxys
|-sidestart|p1: a jellyfish|Reflect
|
|-weather|Sandstorm|[upkeep]
|-damage|p1a: Deoxys|67/100|[from] Sandstorm
|upkeep
|turn|15
|
|t:|1776038615
|switch|p2a: Tornadus|Tornadus-Therian, M, shiny|100/100
|move|p1a: Deoxys|Teleport|p1a: Deoxys
|
|t:|1776038626
|switch|p1a: Hatterene|Hatterene, F, shiny|100/100|[from] Teleport
|
|-weather|Sandstorm|[upkeep]
|-damage|p2a: Tornadus|94/100|[from] Sandstorm
|-damage|p1a: Hatterene|95/100|[from] Sandstorm
|-heal|p1a: Hatterene|100/100|[from] item: Leftovers
|upkeep
|turn|16
|
|t:|1776038634
|move|p2a: Tornadus|U-turn|p1a: Hatterene
|-damage|p1a: Hatterene|94/100
|
|t:|1776038637
|switch|p2a: Excadrill|Excadrill, M, shiny|100/100|[from] U-turn
|move|p1a: Hatterene|Calm Mind|p1a: Hatterene
|-boost|p1a: Hatterene|spa|1
|-boost|p1a: Hatterene|spd|1
|
|-weather|Sandstorm|[upkeep]
|-damage|p1a: Hatterene|88/100|[from] Sandstorm
|-heal|p1a: Hatterene|94/100|[from] item: Leftovers
|upkeep
|turn|17
|
|t:|1776038647
|-terastallize|p1a: Hatterene|Water
|move|p2a: Excadrill|Swords Dance|p2a: Excadrill
|-boost|p2a: Excadrill|atk|2
|move|p1a: Hatterene|Calm Mind|p1a: Hatterene
|-boost|p1a: Hatterene|spa|1
|-boost|p1a: Hatterene|spd|1
|
|-weather|Sandstorm|[upkeep]
|-damage|p1a: Hatterene|88/100|[from] Sandstorm
|-heal|p1a: Hatterene|94/100|[from] item: Leftovers
|upkeep
|turn|18
|
|t:|1776038664
|move|p2a: Excadrill|Earthquake|p1a: Hatterene
|-damage|p1a: Hatterene|38/100
|move|p1a: Hatterene|Draining Kiss|p2a: Excadrill
|-resisted|p2a: Excadrill
|-damage|p2a: Excadrill|63/100
|-heal|p1a: Hatterene|70/100|[from] drain|[of] p2a: Excadrill
|
|-weather|Sandstorm|[upkeep]
|-damage|p1a: Hatterene|64/100|[from] Sandstorm
|-heal|p2a: Excadrill|69/100|[from] item: Leftovers
|-heal|p1a: Hatterene|70/100|[from] item: Leftovers
|upkeep
|turn|19
|
|t:|1776038675
|move|p2a: Excadrill|Rapid Spin|p1a: Hatterene
|-crit|p1a: Hatterene
|-damage|p1a: Hatterene|11/100
|-boost|p2a: Excadrill|spe|1
|move|p1a: Hatterene|Stored Power|p2a: Excadrill
|-resisted|p2a: Excadrill
|-damage|p2a: Excadrill|0 fnt
|faint|p2a: Excadrill
|
|-weather|Sandstorm|[upkeep]
|-damage|p1a: Hatterene|5/100|[from] Sandstorm
|-heal|p1a: Hatterene|11/100|[from] item: Leftovers
|upkeep
|
|t:|1776038690
|switch|p2a: Hippowdon|Hippowdon, M, shiny|91/100
|turn|20
|
|t:|1776038693
|move|p2a: Hippowdon|Earthquake|p1a: Hatterene
|-crit|p1a: Hatterene
|-damage|p1a: Hatterene|0 fnt
|faint|p1a: Hatterene
|
|-weather|Sandstorm|[upkeep]
|-sideend|p1: a jellyfish|move: Light Screen
|upkeep
|
|t:|1776038707
|switch|p1a: Samurott|Samurott-Hisui, F|100/100
|turn|21
|
|t:|1776038714
|switch|p1a: Deoxys|Deoxys-Speed, shiny|67/100
|-ability|p1a: Deoxys|Pressure
|switch|p2a: Hydrapple|Hydrapple, F, shiny, tera:Fairy|100/100
|
|-weather|none
|-sideend|p1: a jellyfish|Reflect
|upkeep
|turn|22
|j| Jdcomix
|
|t:|1776038723
|move|p1a: Deoxys|Light Screen|p1a: Deoxys
|-sidestart|p1: a jellyfish|move: Light Screen
|move|p2a: Hydrapple|Giga Drain|p1a: Deoxys
|-damage|p1a: Deoxys|43/100
|
|upkeep
|turn|23
|
|t:|1776038729
|move|p1a: Deoxys|Taunt|p2a: Hydrapple
|-start|p2a: Hydrapple|move: Taunt
|move|p2a: Hydrapple|Fickle Beam|p1a: Deoxys|[anim] Fickle Beam All Out
|-activate|p2a: Hydrapple|move: Fickle Beam
|-damage|p1a: Deoxys|0 fnt
|faint|p1a: Deoxys
|
|upkeep
|
|t:|1776038732
|switch|p1a: Raging Bolt|Raging Bolt|100/100
|-enditem|p1a: Raging Bolt|Booster Energy
|-activate|p1a: Raging Bolt|ability: Protosynthesis|[fromitem]
|-start|p1a: Raging Bolt|protosynthesisspa
|turn|24
|
|t:|1776038740
|move|p1a: Raging Bolt|Calm Mind|p1a: Raging Bolt
|-boost|p1a: Raging Bolt|spa|1
|-boost|p1a: Raging Bolt|spd|1
|move|p2a: Hydrapple|Fickle Beam|p1a: Raging Bolt|[anim] Fickle Beam All Out
|-activate|p2a: Hydrapple|move: Fickle Beam
|-supereffective|p1a: Raging Bolt
|-damage|p1a: Raging Bolt|40/100
|
|upkeep
|turn|25
|
|t:|1776038749
|move|p1a: Raging Bolt|Calm Mind|p1a: Raging Bolt
|-boost|p1a: Raging Bolt|spa|1
|-boost|p1a: Raging Bolt|spd|1
|move|p2a: Hydrapple|Fickle Beam|p1a: Raging Bolt
|-supereffective|p1a: Raging Bolt
|-damage|p1a: Raging Bolt|19/100
|
|-end|p2a: Hydrapple|move: Taunt
|upkeep
|turn|26
|
|t:|1776038767
|switch|p2a: Hippowdon|Hippowdon, M, shiny|91/100
|-weather|Sandstorm|[from] ability: Sand Stream|[of] p2a: Hippowdon
|move|p1a: Raging Bolt|Thunderbolt|p2a: Hippowdon
|-immune|p2a: Hippowdon
|
|-weather|Sandstorm|[upkeep]
|-damage|p1a: Raging Bolt|13/100|[from] Sandstorm
|upkeep
|turn|27
|
|t:|1776038777
|switch|p2a: Tornadus|Tornadus-Therian, M, shiny|100/100
|move|p1a: Raging Bolt|Tera Blast|p2a: Tornadus
|-damage|p2a: Tornadus|46/100
|
|-weather|Sandstorm|[upkeep]
|-damage|p2a: Tornadus|40/100|[from] Sandstorm
|-damage|p1a: Raging Bolt|6/100|[from] Sandstorm
|upkeep
|turn|28
|
|t:|1776038787
|move|p2a: Tornadus|U-turn|p1a: Raging Bolt
|-damage|p1a: Raging Bolt|0 fnt
|faint|p1a: Raging Bolt
|-end|p1a: Raging Bolt|Protosynthesis|[silent]
|
|t:|1776038792
|switch|p2a: Hydrapple|Hydrapple, F, shiny, tera:Fairy|100/100|[from] U-turn
|
|-weather|Sandstorm|[upkeep]
|-damage|p2a: Hydrapple|94/100|[from] Sandstorm
|upkeep
|
|t:|1776038794
|switch|p1a: Samurott|Samurott-Hisui, F|100/100
|turn|29
|
|t:|1776038800
|move|p1a: Samurott|Swords Dance|p1a: Samurott
|-boost|p1a: Samurott|atk|2
|move|p2a: Hydrapple|Nasty Plot|p2a: Hydrapple
|-boost|p2a: Hydrapple|spa|2
|
|-weather|Sandstorm|[upkeep]
|-damage|p1a: Samurott|94/100|[from] Sandstorm
|-damage|p2a: Hydrapple|88/100|[from] Sandstorm
|-sideend|p1: a jellyfish|move: Light Screen
|upkeep
|turn|30
|
|t:|1776038809
|move|p1a: Samurott|Razor Shell|p2a: Hydrapple
|-damage|p2a: Hydrapple|8/100
|move|p2a: Hydrapple|Giga Drain|p1a: Samurott
|-supereffective|p1a: Samurott
|-damage|p1a: Samurott|0 fnt
|-heal|p2a: Hydrapple|45/100|[from] drain|[of] p1a: Samurott
|faint|p1a: Samurott
|
|-weather|Sandstorm|[upkeep]
|-damage|p2a: Hydrapple|38/100|[from] Sandstorm
|upkeep
|
|t:|1776038811
|switch|p1a: Zamazenta|Zamazenta|100/100
|turn|31
|
|t:|1776038823
|move|p1a: Zamazenta|Heavy Slam|p2a: Hydrapple
|-supereffective|p2a: Hydrapple
|-damage|p2a: Hydrapple|15/100
|move|p2a: Hydrapple|Giga Drain|p1a: Zamazenta
|-damage|p1a: Zamazenta|41/100
|-heal|p2a: Hydrapple|43/100|[from] drain|[of] p1a: Zamazenta
|
|-weather|Sandstorm|[upkeep]
|-damage|p1a: Zamazenta|35/100|[from] Sandstorm
|-damage|p2a: Hydrapple|37/100|[from] Sandstorm
|-heal|p1a: Zamazenta|41/100|[from] item: Leftovers
|upkeep
|turn|32
|-message|a jellyfish forfeited.
|
|win|NebulaTrainer
|raw|a jellyfish's rating: 1813 &rarr; <strong>1787</strong><br />(-26 for losing)
|raw|NebulaTrainer's rating: 1697 &rarr; <strong>1723</strong><br />(+26 for winning)
|l|☆a jellyfish
|player|p1|
|l| wiiiu
|l| Jdcomix
|l| nonchalantbufalant
|c|☆NebulaTrainer|Byeeeeee
|l| darkrat18
|l|☆NebulaTrainer
|player|p2|
