|html|<div class="broadcast-blue"><strong>[Gen 9] OU is currently suspecting Tera Blast! For information on how to participate check out the <a href="https://www.smogon.com/tools/suspects/view/200">suspect thread</a>.</strong></div>
|j|☆Alejandro57223
|j|☆Bien gay444
|t:|1776213111
|gametype|singles
|player|p1|Alejandro57223|169|1073
|player|p2|Bien gay444|firebreather|1125
|gen|9
|tier|[Gen 9] OU
|rated|
|rule|HP Percentage Mod: HP is shown in percentages
|rule|Endless Battle Clause: Forcing endless battles is banned
|rule|Species Clause: Limit one of each Pokémon
|rule|OHKO Clause: OHKO moves are banned
|rule|Evasion Items Clause: Evasion items are banned
|rule|Evasion Moves Clause: Evasion moves are banned
|rule|Evasion Abilities Clause: Evasion abilities are banned
|rule|Sleep Moves Clause: Sleep-inducing moves are banned
|clearpoke
|poke|p1|Smeargle, F|
|poke|p1|Magcargo, F|
|poke|p1|Ditto|
|poke|p1|Ribombee, M|
|poke|p1|Clodsire, F|
|poke|p1|Wigglytuff, M|
|poke|p2|Maushold|
|poke|p2|Gholdengo|
|poke|p2|Great Tusk|
|poke|p2|Dragapult, M|
|poke|p2|Kingambit, F|
|poke|p2|Iron Valiant|
|teampreview
|j| ohko_smeargle
|
|t:|1776213130
|teamsize|p1|6
|teamsize|p2|6
|start
|switch|p1a: Smeargle|Smeargle, F|100/100
|switch|p2a: Nordestinos|Maushold, shiny|100/100
|turn|1
|
|t:|1776213149
|-terastallize|p2a: Nordestinos|Normal
|move|p1a: Smeargle|Fake Out|p2a: Nordestinos
|-damage|p2a: Nordestinos|93/100
|cant|p2a: Nordestinos|flinch
|
|upkeep
|turn|2
|
|t:|1776213161
|move|p2a: Nordestinos|Population Bomb|p1a: Smeargle
|-damage|p1a: Smeargle|67/100
|-damage|p1a: Smeargle|28/100
|-damage|p1a: Smeargle|0 fnt
|faint|p1a: Smeargle
|-hitcount|p1: Smeargle|3
|
|upkeep
|
|t:|1776213178
|switch|p1a: Ditto|Ditto|100/100
|-transform|p1a: Ditto|p2a: Nordestinos|[from] ability: Imposter
|turn|3
|
|t:|1776213191
|move|p1a: Ditto|Population Bomb|p2a: Nordestinos
|-crit|p2a: Nordestinos
|-damage|p2a: Nordestinos|67/100
|-damage|p2a: Nordestinos|50/100
|-damage|p2a: Nordestinos|33/100
|-crit|p2a: Nordestinos
|-damage|p2a: Nordestinos|9/100
|-damage|p2a: Nordestinos|0 fnt
|faint|p2a: Nordestinos
|-hitcount|p2: Nordestinos|5
|
|upkeep
|
|t:|1776213202
|switch|p2a: Suamãe|Great Tusk, shiny|100/100
|turn|4
|
|t:|1776213211
|switch|p1a: Ribombee|Ribombee, M|100/100
|move|p2a: Suamãe|Close Combat|p1a: Ribombee
|-resisted|p1a: Ribombee
|-damage|p1a: Ribombee|71/100
|-unboost|p2a: Suamãe|def|1
|-unboost|p2a: Suamãe|spd|1
|
|upkeep
|turn|5
|
|t:|1776213222
|move|p1a: Ribombee|Stun Spore|p2a: Suamãe
|-status|p2a: Suamãe|par
|move|p2a: Suamãe|Ice Spinner|p1a: Ribombee
|-damage|p1a: Ribombee|12/100
|
|upkeep
|turn|6
|
|t:|1776213234
|move|p1a: Ribombee|Moonblast|p2a: Suamãe
|-supereffective|p2a: Suamãe
|-damage|p2a: Suamãe|0 fnt
|faint|p2a: Suamãe
|-end|p2a: Suamãe|Protosynthesis|[silent]
|
|upkeep
|
|t:|1776213251
|switch|p2a: Buster gold|Gholdengo|100/100
|turn|7
|
|t:|1776213262
|move|p1a: Ribombee|Tailwind|p1a: Ribombee
|-sidestart|p1: Alejandro57223|move: Tailwind
|move|p2a: Buster gold|Make It Rain|p1a: Ribombee
|-supereffective|p1a: Ribombee
|-damage|p1a: Ribombee|0 fnt
|-unboost|p2a: Buster gold|spa|1
|faint|p1a: Ribombee
|
|upkeep
|
|t:|1776213273
|switch|p1a: Magcargo|Magcargo, F|100/100
|turn|8
|
|t:|1776213277
|move|p1a: Magcargo|Shell Smash|p1a: Magcargo
|-unboost|p1a: Magcargo|def|1
|-unboost|p1a: Magcargo|spd|1
|-boost|p1a: Magcargo|atk|2
|-boost|p1a: Magcargo|spa|2
|-boost|p1a: Magcargo|spe|2
|move|p2a: Buster gold|Make It Rain|p1a: Magcargo
|-enditem|p1a: Magcargo|Focus Sash
|-damage|p1a: Magcargo|1/100
|-unboost|p2a: Buster gold|spa|1
|
|upkeep
|turn|9
|
|t:|1776213290
|move|p1a: Magcargo|Flamethrower|p2a: Buster gold
|-supereffective|p2a: Buster gold
|-damage|p2a: Buster gold|0 fnt
|faint|p2a: Buster gold
|
|upkeep
|
|t:|1776213295
|switch|p2a: Shogun|Kingambit, F|100/100
|-activate|p2a: Shogun|ability: Supreme Overlord
|-start|p2a: Shogun|fallen3|[silent]
|turn|10
|
|t:|1776213301
|move|p2a: Shogun|Sucker Punch|p1a: Magcargo
|-damage|p1a: Magcargo|0 fnt
|faint|p1a: Magcargo
|
|-sideend|p1: Alejandro57223|move: Tailwind
|upkeep
|
|t:|1776213308
|switch|p1a: Clodsire|Clodsire, F|100/100
|turn|11
|
|t:|1776213324
|move|p2a: Shogun|Swords Dance|p2a: Shogun
|-boost|p2a: Shogun|atk|2
|move|p1a: Clodsire|Earth Power|p2a: Shogun
|-supereffective|p2a: Shogun
|-damage|p2a: Shogun|68/100
|
|upkeep
|turn|12
|
|t:|1776213338
|move|p2a: Shogun|Swords Dance|p2a: Shogun
|-boost|p2a: Shogun|atk|2
|move|p1a: Clodsire|Earth Power|p2a: Shogun
|-supereffective|p2a: Shogun
|-damage|p2a: Shogun|38/100
|
|upkeep
|turn|13
|
|t:|1776213370
|-end|p2a: Shogun|fallen3|[silent]
|switch|p2a: Safado|Dragapult, M|100/100
|move|p1a: Clodsire|Earth Power|p2a: Safado
|-damage|p2a: Safado|78/100
|
|upkeep
|turn|14
|
|t:|1776213383
|move|p2a: Safado|Phantom Force||[still]
|-prepare|p2a: Safado|Phantom Force
|move|p1a: Clodsire|Sludge Wave|p2a: Safado|[miss]
|-miss|p1a: Clodsire|p2a: Safado
|
|upkeep
|turn|15
|
|t:|1776213389
|switch|p1a: Wigglytuff|Wigglytuff, M|100/100
|move|p2a: Safado|Phantom Force|p1a: Wigglytuff|[from] lockedmove
|-immune|p1a: Wigglytuff
|
|upkeep
|turn|16
|
|t:|1776213409
|switch|p2a: Espada shin|Iron Valiant|100/100
|-enditem|p2a: Espada shin|Booster Energy
|-activate|p2a: Espada shin|ability: Quark Drive|[fromitem]
|-start|p2a: Espada shin|quarkdrivespe
|move|p1a: Wigglytuff|Dazzling Gleam|p2a: Espada shin
|-supereffective|p2a: Espada shin
|-damage|p2a: Espada shin|0 fnt
|faint|p2a: Espada shin
|-end|p2a: Espada shin|Quark Drive|[silent]
|
|upkeep
|
|t:|1776213414
|switch|p2a: Shogun|Kingambit, F|38/100
|-activate|p2a: Shogun|ability: Supreme Overlord
|-start|p2a: Shogun|fallen4|[silent]
|turn|17
|
|t:|1776213450
|switch|p1a: Clodsire|Clodsire, F|100/100
|move|p2a: Shogun|Iron Head|p1a: Clodsire
|-damage|p1a: Clodsire|30/100
|
|-heal|p1a: Clodsire|36/100|[from] item: Leftovers
|upkeep
|turn|18
|
|t:|1776213470
|move|p2a: Shogun|Sucker Punch|p1a: Clodsire
|-damage|p1a: Clodsire|0 fnt
|faint|p1a: Clodsire
|
|upkeep
|
|t:|1776213475
|switch|p1a: Ditto|Ditto|100/100
|-transform|p1a: Ditto|p2a: Shogun|[from] ability: Imposter
|-activate|p1a: Ditto|ability: Supreme Overlord
|-start|p1a: Ditto|fallen4|[silent]
|turn|19
|
|t:|1776213493
|move|p2a: Shogun|Sucker Punch|p1a: Ditto
|-resisted|p1a: Ditto
|-damage|p1a: Ditto|65/100
|move|p1a: Ditto|Kowtow Cleave|p2a: Shogun
|-resisted|p2a: Shogun
|-damage|p2a: Shogun|15/100
|
|upkeep
|turn|20
|
|t:|1776213502
|-end|p2a: Shogun|fallen4|[silent]
|switch|p2a: Safado|Dragapult, M|78/100
|move|p1a: Ditto|Kowtow Cleave|p2a: Safado
|-supereffective|p2a: Safado
|-damage|p2a: Safado|0 fnt
|faint|p2a: Safado
|
|upkeep
|
|t:|1776213505
|switch|p2a: Shogun|Kingambit, F|15/100
|-activate|p2a: Shogun|ability: Supreme Overlord
|-start|p2a: Shogun|fallen5|[silent]
|turn|21
|
|t:|1776213513
|move|p1a: Ditto|Kowtow Cleave|p2a: Shogun
|-resisted|p2a: Shogun
|-damage|p2a: Shogun|0 fnt
|faint|p2a: Shogun
|-end|p2a: Shogun|fallen5|[silent]
|
|win|Alejandro57223
|raw|Alejandro57223's rating: 1073 &rarr; <strong>1106</strong><br />(+33 for winning)
|raw|Bien gay444's rating: 1125 &rarr; <strong>1096</strong><br />(-29 for losing)
|l| ohko_smeargle
|l|☆Bien gay444
|player|p2|
|l|☆Alejandro57223
|player|p1|
|j|☆Alejandro57223
|player|p1|Alejandro57223|169|
|l|☆Alejandro57223
|player|p1|
|j|☆Alejandro57223
|player|p1|Alejandro57223|169|
|l|☆Alejandro57223
|player|p1|
|j|☆Alejandro57223
|player|p1|Alejandro57223|169|
