|html|<div class="broadcast-blue"><strong>[Gen 9] OU is currently suspecting Tera Blast! For information on how to participate check out the <a href="https://www.smogon.com/tools/suspects/view/200">suspect thread</a>.</strong></div>
|j|☆V0ldy
|j|☆steall
|t:|1776106848
|gametype|singles
|player|p1|V0ldy|102|1643
|player|p2|steall|169|1701
|gen|9
|tier|[Gen 9] OU
|rated|
|rule|HP Percentage Mod: HP is shown in percentages
|rule|Endless Battle Clause: Forcing endless battles is banned
|rule|Species Clause: Limit one of each Pokémon
|rule|OHKO Clause: OHKO moves are banned
|rule|Evasion Items Clause: Evasion items are banned
|rule|Evasion Moves Clause: Evasion moves are banned
|rule|Evasion Abilities Clause: Evasion abilities are banned
|rule|Sleep Moves Clause: Sleep-inducing moves are banned
|clearpoke
|poke|p1|Indeedee, M|
|poke|p1|Hawlucha, M|
|poke|p1|Gallade, M|
|poke|p1|Armarouge, M|
|poke|p1|Polteageist-Antique|
|poke|p1|Excadrill, F|
|poke|p2|Raging Bolt|
|poke|p2|Ribombee, F|
|poke|p2|Gholdengo|
|poke|p2|Great Tusk|
|poke|p2|Ogerpon-Cornerstone, F|
|poke|p2|Ceruledge, M|
|teampreview
|
|t:|1776106869
|teamsize|p1|6
|teamsize|p2|6
|start
|switch|p1a: Excadrill|Excadrill, F|100/100
|switch|p2a: Ribombee|Ribombee, F, shiny|100/100
|-ability|p1a: Excadrill|Mold Breaker
|turn|1
|inactive|Battle timer is ON: inactive players will automatically lose when time's up. (requested by V0ldy)
|
|t:|1776106876
|move|p2a: Ribombee|Stun Spore|p1a: Excadrill|[miss]
|-miss|p2a: Ribombee|p1a: Excadrill
|move|p1a: Excadrill|Iron Head|p2a: Ribombee
|-supereffective|p2a: Ribombee
|-enditem|p2a: Ribombee|Focus Sash
|-damage|p2a: Ribombee|1/100
|
|upkeep
|turn|2
|
|t:|1776106883
|move|p2a: Ribombee|Stun Spore|p1a: Excadrill|[miss]
|-miss|p2a: Ribombee|p1a: Excadrill
|move|p1a: Excadrill|Rapid Spin|p2a: Ribombee
|-damage|p2a: Ribombee|0 fnt
|-boost|p1a: Excadrill|spe|1
|faint|p2a: Ribombee
|
|upkeep
|
|t:|1776106890
|switch|p2a: Great Tusk|Great Tusk, shiny|100/100
|-enditem|p2a: Great Tusk|Booster Energy
|-activate|p2a: Great Tusk|ability: Protosynthesis|[fromitem]
|-start|p2a: Great Tusk|protosynthesisatk
|turn|3
|
|t:|1776106895
|switch|p1a: Polteageist|Polteageist-Antique|100/100
|move|p2a: Great Tusk|Headlong Rush|p1a: Polteageist
|-enditem|p1a: Polteageist|Focus Sash
|-damage|p1a: Polteageist|1/100
|-unboost|p2a: Great Tusk|def|1
|-unboost|p2a: Great Tusk|spd|1
|-ability|p1a: Polteageist|Weak Armor|boost
|-unboost|p1a: Polteageist|def|1
|-boost|p1a: Polteageist|spe|2
|
|upkeep
|turn|4
|
|t:|1776106899
|-end|p2a: Great Tusk|Protosynthesis|[silent]
|switch|p2a: Gholdengo|Gholdengo, shiny|100/100
|-item|p2a: Gholdengo|Air Balloon
|move|p1a: Polteageist|Shadow Ball|p2a: Gholdengo
|-supereffective|p2a: Gholdengo
|-damage|p2a: Gholdengo|0 fnt
|-enditem|p2a: Gholdengo|Air Balloon
|faint|p2a: Gholdengo
|
|upkeep
|
|t:|1776106902
|switch|p2a: Ceruledge|Ceruledge, M, shiny|100/100
|turn|5
|
|t:|1776106905
|move|p1a: Polteageist|Shadow Ball|p2a: Ceruledge
|-supereffective|p2a: Ceruledge
|-enditem|p2a: Ceruledge|Focus Sash
|-damage|p2a: Ceruledge|1/100
|move|p2a: Ceruledge|Swords Dance|p2a: Ceruledge
|-boost|p2a: Ceruledge|atk|2
|
|upkeep
|turn|6
|
|t:|1776106911
|switch|p1a: Indeedee|Indeedee, M|100/100
|-fieldstart|move: Psychic Terrain|[from] ability: Psychic Surge|[of] p1a: Indeedee
|move|p2a: Ceruledge|Close Combat|p1a: Indeedee
|-damage|p1a: Indeedee|0 fnt
|-unboost|p2a: Ceruledge|def|1
|-unboost|p2a: Ceruledge|spd|1
|faint|p1a: Indeedee
|
|upkeep
|
|t:|1776106921
|switch|p1a: Armarouge|Armarouge, M|100/100
|turn|7
|
|t:|1776106928
|move|p1a: Armarouge|Endure|p1a: Armarouge
|-singleturn|p1a: Armarouge|move: Endure
|move|p2a: Ceruledge|Poltergeist|p1a: Armarouge
|-activate|p1a: Armarouge|move: Poltergeist|Weakness Policy
|-supereffective|p1a: Armarouge
|-activate|p1a: Armarouge|move: Endure
|-damage|p1a: Armarouge|1/100
|-ability|p1a: Armarouge|Weak Armor|boost
|-unboost|p1a: Armarouge|def|1
|-boost|p1a: Armarouge|spe|2
|-enditem|p1a: Armarouge|Weakness Policy
|-boost|p1a: Armarouge|atk|2|[from] item: Weakness Policy
|-boost|p1a: Armarouge|spa|2|[from] item: Weakness Policy
|
|upkeep
|turn|8
|
|t:|1776106933
|move|p1a: Armarouge|Expanding Force|p2a: Ceruledge
|-damage|p2a: Ceruledge|0 fnt
|faint|p2a: Ceruledge
|
|upkeep
|
|t:|1776106935
|switch|p2a: Ogerpon|Ogerpon-Cornerstone, F|100/100
|turn|9
|
|t:|1776106937
|move|p1a: Armarouge|Expanding Force|p2a: Ogerpon
|-ability|p2a: Ogerpon|Sturdy
|-damage|p2a: Ogerpon|1/100
|move|p2a: Ogerpon|Ivy Cudgel|p1a: Armarouge|[anim] Ivy Cudgel Rock
|-supereffective|p1a: Armarouge
|-damage|p1a: Armarouge|0 fnt
|faint|p1a: Armarouge
|
|upkeep
|
|t:|1776106945
|switch|p1a: Hawlucha|Hawlucha, M|100/100
|-enditem|p1a: Hawlucha|Psychic Seed
|-boost|p1a: Hawlucha|spd|1|[from] item: Psychic Seed
|turn|10
|
|t:|1776106952
|switch|p2a: Raging Bolt|Raging Bolt|100/100
|-enditem|p2a: Raging Bolt|Booster Energy
|-activate|p2a: Raging Bolt|ability: Protosynthesis|[fromitem]
|-start|p2a: Raging Bolt|protosynthesisspa
|move|p1a: Hawlucha|Acrobatics|p2a: Raging Bolt
|-resisted|p2a: Raging Bolt
|-damage|p2a: Raging Bolt|80/100
|
|upkeep
|turn|11
|
|t:|1776106961
|-end|p2a: Raging Bolt|Protosynthesis|[silent]
|switch|p2a: Great Tusk|Great Tusk, shiny|100/100
|move|p1a: Hawlucha|Close Combat|p2a: Great Tusk
|-damage|p2a: Great Tusk|66/100
|-unboost|p1a: Hawlucha|def|1
|-unboost|p1a: Hawlucha|spd|1
|
|upkeep
|turn|12
|-message|steall forfeited.
|
|win|V0ldy
|raw|V0ldy's rating: 1643 &rarr; <strong>1666</strong><br />(+23 for winning)
|raw|steall's rating: 1701 &rarr; <strong>1678</strong><br />(-23 for losing)
|l|☆steall
|player|p2|
|l|☆V0ldy
|player|p1|
