|html|<div class="broadcast-blue"><strong>[Gen 9] OU is currently suspecting Tera Blast! For information on how to participate check out the <a href="https://www.smogon.com/tools/suspects/view/200">suspect thread</a>.</strong></div>
|j|☆raichussuperfan
|j|☆Dripple3000
|t:|1776210746
|gametype|singles
|player|p1|raichussuperfan|266|1696
|player|p2|Dripple3000|ingo|1648
|gen|9
|tier|[Gen 9] OU
|rated|
|rule|HP Percentage Mod: HP is shown in percentages
|rule|Endless Battle Clause: Forcing endless battles is banned
|rule|Species Clause: Limit one of each Pokémon
|rule|OHKO Clause: OHKO moves are banned
|rule|Evasion Items Clause: Evasion items are banned
|rule|Evasion Moves Clause: Evasion moves are banned
|rule|Evasion Abilities Clause: Evasion abilities are banned
|rule|Sleep Moves Clause: Sleep-inducing moves are banned
|clearpoke
|poke|p1|Incineroar, M|
|poke|p1|Alomomola, M|
|poke|p1|Iron Crown|
|poke|p1|Ting-Lu|
|poke|p1|Amoonguss, F|
|poke|p1|Great Tusk|
|poke|p2|Pelipper, M|
|poke|p2|Barraskewda, F|
|poke|p2|Iron Treads|
|poke|p2|Overqwil, M|
|poke|p2|Raging Bolt|
|poke|p2|Kingambit, M|
|teampreview
|inactive|Battle timer is ON: inactive players will automatically lose when time's up. (requested by Dripple3000)
|
|t:|1776210757
|teamsize|p1|6
|teamsize|p2|6
|start
|switch|p1a: Iron Crown|Iron Crown|100/100
|switch|p2a: Nelly|Iron Treads|100/100
|-enditem|p2a: Nelly|Booster Energy
|-activate|p2a: Nelly|ability: Quark Drive|[fromitem]
|-start|p2a: Nelly|quarkdrivespe
|turn|1
|
|t:|1776210761
|move|p2a: Nelly|Earth Power|p1a: Iron Crown
|-supereffective|p1a: Iron Crown
|-damage|p1a: Iron Crown|54/100
|move|p1a: Iron Crown|Focus Blast|p2a: Nelly
|-supereffective|p2a: Nelly
|-damage|p2a: Nelly|0 fnt
|faint|p2a: Nelly
|-end|p2a: Nelly|Quark Drive|[silent]
|
|upkeep
|
|t:|1776210772
|switch|p2a: Ghoti|Barraskewda, F|100/100
|turn|2
|
|t:|1776210776
|-end|p1a: Iron Crown|Quark Drive|[silent]
|switch|p1a: Alomomola|Alomomola, M|100/100
|move|p2a: Ghoti|Flip Turn|p1a: Alomomola
|-resisted|p1a: Alomomola
|-damage|p1a: Alomomola|87/100
|-damage|p2a: Ghoti|84/100|[from] item: Rocky Helmet|[of] p1a: Alomomola
|
|t:|1776210786
|switch|p2a: Nigel|Pelipper, M, shiny|100/100|[from] Flip Turn
|-weather|RainDance|[from] ability: Drizzle|[of] p2a: Nigel
|
|-weather|RainDance|[upkeep]
|upkeep
|turn|3
|
|t:|1776210793
|move|p2a: Nigel|Hurricane|p1a: Alomomola
|-crit|p1a: Alomomola
|-damage|p1a: Alomomola|17/100
|move|p1a: Alomomola|Flip Turn|p2a: Nigel
|-resisted|p2a: Nigel
|-damage|p2a: Nigel|90/100
|
|t:|1776210797
|switch|p1a: Iron Crown|Iron Crown|54/100|[from] Flip Turn
|
|-weather|RainDance|[upkeep]
|upkeep
|turn|4
|
|t:|1776210808
|switch|p2a: Nobunaga|Kingambit, M, shiny|100/100
|-activate|p2a: Nobunaga|ability: Supreme Overlord
|-start|p2a: Nobunaga|fallen1|[silent]
|move|p1a: Iron Crown|Volt Switch|p2a: Nobunaga
|-damage|p2a: Nobunaga|79/100
|
|t:|1776210812
|-end|p1a: Iron Crown|Quark Drive|[silent]
|switch|p1a: Incineroar|Incineroar, M|100/100|[from] Volt Switch
|-ability|p1a: Incineroar|Intimidate|boost
|-unboost|p2a: Nobunaga|atk|1
|
|-weather|RainDance|[upkeep]
|-heal|p2a: Nobunaga|86/100|[from] item: Leftovers
|upkeep
|turn|5
|
|t:|1776210820
|move|p1a: Incineroar|Knock Off|p2a: Nobunaga
|-resisted|p2a: Nobunaga
|-damage|p2a: Nobunaga|71/100
|-enditem|p2a: Nobunaga|Leftovers|[from] move: Knock Off|[of] p1a: Incineroar
|move|p2a: Nobunaga|Swords Dance|p2a: Nobunaga
|-boost|p2a: Nobunaga|atk|2
|
|-weather|RainDance|[upkeep]
|upkeep
|turn|6
|
|t:|1776210829
|move|p1a: Incineroar|Will-O-Wisp|p2a: Nobunaga
|-status|p2a: Nobunaga|brn
|move|p2a: Nobunaga|Iron Head|p1a: Incineroar
|-resisted|p1a: Incineroar
|-damage|p1a: Incineroar|82/100
|
|-weather|RainDance|[upkeep]
|-heal|p1a: Incineroar|88/100|[from] item: Leftovers
|-damage|p2a: Nobunaga|65/100 brn|[from] brn
|upkeep
|turn|7
|
|t:|1776210835
|-end|p2a: Nobunaga|fallen1|[silent]
|switch|p2a: Little Foot|Raging Bolt|100/100
|-enditem|p2a: Little Foot|Booster Energy
|-activate|p2a: Little Foot|ability: Protosynthesis|[fromitem]
|-start|p2a: Little Foot|protosynthesisspa
|move|p1a: Incineroar|Parting Shot|p2a: Little Foot
|-unboost|p2a: Little Foot|atk|1
|-unboost|p2a: Little Foot|spa|1
|
|t:|1776210841
|switch|p1a: Great Tusk|Great Tusk|100/100|[from] Parting Shot
|
|-weather|RainDance|[upkeep]
|upkeep
|turn|8
|
|t:|1776210847
|-end|p1a: Great Tusk|Protosynthesis|[silent]
|switch|p1a: Ting-Lu|Ting-Lu|100/100
|-ability|p1a: Ting-Lu|Vessel of Ruin
|-terastallize|p2a: Little Foot|Fairy
|move|p2a: Little Foot|Weather Ball|p1a: Ting-Lu
|-supereffective|p1a: Ting-Lu
|-damage|p1a: Ting-Lu|57/100
|
|-weather|RainDance|[upkeep]
|-heal|p1a: Ting-Lu|64/100|[from] item: Leftovers
|upkeep
|turn|9
|
|t:|1776210855
|move|p2a: Little Foot|Weather Ball|p1a: Ting-Lu
|-supereffective|p1a: Ting-Lu
|-damage|p1a: Ting-Lu|20/100
|move|p1a: Ting-Lu|Ruination|p2a: Little Foot|[miss]
|-miss|p1a: Ting-Lu|p2a: Little Foot
|
|-weather|none
|-heal|p1a: Ting-Lu|27/100|[from] item: Leftovers
|upkeep
|turn|10
|
|t:|1776210860
|move|p2a: Little Foot|Draco Meteor|p1a: Ting-Lu
|-damage|p1a: Ting-Lu|0 fnt
|-unboost|p2a: Little Foot|spa|2
|faint|p1a: Ting-Lu
|
|upkeep
|
|t:|1776210863
|switch|p1a: Iron Crown|Iron Crown|54/100
|turn|11
|
|t:|1776210869
|-end|p2a: Little Foot|Protosynthesis|[silent]
|switch|p2a: Nobunaga|Kingambit, M, shiny|65/100 brn
|-activate|p2a: Nobunaga|ability: Supreme Overlord
|-start|p2a: Nobunaga|fallen1|[silent]
|move|p1a: Iron Crown|Tachyon Cutter|p2a: Nobunaga
|-resisted|p2a: Nobunaga
|-damage|p2a: Nobunaga|52/100 brn
|-resisted|p2a: Nobunaga
|-damage|p2a: Nobunaga|39/100 brn
|-hitcount|p2a: Nobunaga|2
|
|-damage|p2a: Nobunaga|33/100 brn|[from] brn
|upkeep
|turn|12
|
|t:|1776210874
|-end|p1a: Iron Crown|Quark Drive|[silent]
|switch|p1a: Incineroar|Incineroar, M|88/100
|-ability|p1a: Incineroar|Intimidate|boost
|-unboost|p2a: Nobunaga|atk|1
|move|p2a: Nobunaga|Kowtow Cleave|p1a: Incineroar
|-resisted|p1a: Incineroar
|-damage|p1a: Incineroar|79/100
|
|-heal|p1a: Incineroar|85/100|[from] item: Leftovers
|-damage|p2a: Nobunaga|26/100 brn|[from] brn
|upkeep
|turn|13
|
|t:|1776210881
|-end|p2a: Nobunaga|fallen1|[silent]
|switch|p2a: Nigel|Pelipper, M, shiny|90/100
|-weather|RainDance|[from] ability: Drizzle|[of] p2a: Nigel
|move|p1a: Incineroar|Parting Shot|p2a: Nigel
|-unboost|p2a: Nigel|atk|1
|-unboost|p2a: Nigel|spa|1
|
|t:|1776210884
|switch|p1a: Iron Crown|Iron Crown|54/100|[from] Parting Shot
|
|-weather|RainDance|[upkeep]
|upkeep
|turn|14
|
|t:|1776210886
|switch|p2a: Nobunaga|Kingambit, M, shiny|26/100 brn
|-activate|p2a: Nobunaga|ability: Supreme Overlord
|-start|p2a: Nobunaga|fallen1|[silent]
|move|p1a: Iron Crown|Volt Switch|p2a: Nobunaga
|-damage|p2a: Nobunaga|5/100 brn
|
|t:|1776210891
|-end|p1a: Iron Crown|Quark Drive|[silent]
|switch|p1a: Alomomola|Alomomola, M|51/100|[from] Volt Switch
|
|-weather|RainDance|[upkeep]
|-damage|p2a: Nobunaga|0 fnt|[from] brn
|faint|p2a: Nobunaga
|-end|p2a: Nobunaga|fallen1|[silent]
|upkeep
|
|t:|1776210905
|switch|p2a: Little Foot|Raging Bolt, tera:Fairy|100/100
|turn|15
|
|t:|1776210909
|move|p1a: Alomomola|Protect|p1a: Alomomola
|-singleturn|p1a: Alomomola|Protect
|move|p2a: Little Foot|Draco Meteor|p1a: Alomomola
|-activate|p1a: Alomomola|move: Protect
|
|-weather|RainDance|[upkeep]
|upkeep
|turn|16
|
|t:|1776210915
|switch|p1a: Amoonguss|Amoonguss, F|100/100
|move|p2a: Little Foot|Thunder|p1a: Amoonguss
|-resisted|p1a: Amoonguss
|-damage|p1a: Amoonguss|68/100
|
|-weather|RainDance|[upkeep]
|upkeep
|turn|17
|
|t:|1776210928
|switch|p1a: Incineroar|Incineroar, M|85/100
|-ability|p1a: Incineroar|Intimidate|boost
|-unboost|p2a: Little Foot|atk|1
|move|p2a: Little Foot|Draco Meteor|p1a: Incineroar
|-damage|p1a: Incineroar|30/100
|-unboost|p2a: Little Foot|spa|2
|
|-weather|RainDance|[upkeep]
|-heal|p1a: Incineroar|37/100|[from] item: Leftovers
|upkeep
|turn|18
|
|t:|1776210938
|switch|p1a: Amoonguss|Amoonguss, F|100/100
|move|p2a: Little Foot|Weather Ball|p1a: Amoonguss
|-resisted|p1a: Amoonguss
|-damage|p1a: Amoonguss|86/100
|
|-weather|RainDance|[upkeep]
|upkeep
|turn|19
|
|t:|1776210952
|switch|p1a: Incineroar|Incineroar, M|37/100
|-ability|p1a: Incineroar|Intimidate|boost
|-unboost|p2a: Little Foot|atk|1
|move|p2a: Little Foot|Thunder|p1a: Incineroar
|-damage|p1a: Incineroar|14/100
|
|-weather|RainDance|[upkeep]
|-heal|p1a: Incineroar|20/100|[from] item: Leftovers
|upkeep
|turn|20
|
|t:|1776210964
|switch|p1a: Iron Crown|Iron Crown|54/100
|move|p2a: Little Foot|Draco Meteor|p1a: Iron Crown|[miss]
|-miss|p2a: Little Foot|p1a: Iron Crown
|
|-weather|none
|upkeep
|turn|21
|
|t:|1776210973
|move|p1a: Iron Crown|Tachyon Cutter|p2a: Little Foot
|-supereffective|p2a: Little Foot
|-crit|p2a: Little Foot
|-damage|p2a: Little Foot|29/100
|-supereffective|p2a: Little Foot
|-damage|p2a: Little Foot|0 fnt
|faint|p2a: Little Foot
|-end|p2a: Little Foot|Protosynthesis|[silent]
|-hitcount|p2: Little Foot|2
|
|upkeep
|
|t:|1776210976
|switch|p2a: Nigel|Pelipper, M, shiny|90/100
|-weather|RainDance|[from] ability: Drizzle|[of] p2a: Nigel
|turn|22
|
|t:|1776210984
|move|p1a: Iron Crown|Volt Switch|p2a: Nigel
|-supereffective|p2a: Nigel
|-damage|p2a: Nigel|0 fnt
|faint|p2a: Nigel
|
|t:|1776210989
|-end|p1a: Iron Crown|Quark Drive|[silent]
|switch|p1a: Great Tusk|Great Tusk|100/100|[from] Volt Switch
|
|-weather|RainDance|[upkeep]
|upkeep
|
|t:|1776210992
|switch|p2a: Ghoti|Barraskewda, F|84/100
|turn|23
|
|t:|1776210995
|-end|p1a: Great Tusk|Protosynthesis|[silent]
|switch|p1a: Alomomola|Alomomola, M|84/100
|move|p2a: Ghoti|Flip Turn|p1a: Alomomola
|-resisted|p1a: Alomomola
|-damage|p1a: Alomomola|66/100
|-damage|p2a: Ghoti|67/100|[from] item: Rocky Helmet|[of] p1a: Alomomola
|
|t:|1776210997
|switch|p2a: Kinta|Overqwil, M|100/100|[from] Flip Turn
|
|-weather|RainDance|[upkeep]
|upkeep
|turn|24
|
|t:|1776211001
|move|p2a: Kinta|Swords Dance|p2a: Kinta
|-boost|p2a: Kinta|atk|2
|move|p1a: Alomomola|Flip Turn|p2a: Kinta
|-damage|p2a: Kinta|74/100
|
|t:|1776211005
|switch|p1a: Incineroar|Incineroar, M|20/100|[from] Flip Turn
|-ability|p1a: Incineroar|Intimidate|boost
|-unboost|p2a: Kinta|atk|1
|
|-weather|RainDance|[upkeep]
|-heal|p1a: Incineroar|26/100|[from] item: Leftovers
|upkeep
|turn|25
|
|t:|1776211014
|switch|p1a: Alomomola|Alomomola, M|99/100
|move|p2a: Kinta|Crunch|p1a: Alomomola
|-damage|p1a: Alomomola|57/100
|-damage|p2a: Kinta|57/100|[from] item: Rocky Helmet|[of] p1a: Alomomola
|-damage|p2a: Kinta|48/100|[from] item: Life Orb
|
|-weather|RainDance|[upkeep]
|upkeep
|turn|26
|
|t:|1776211018
|switch|p1a: Incineroar|Incineroar, M|26/100
|-ability|p1a: Incineroar|Intimidate|boost
|-unboost|p2a: Kinta|atk|1
|move|p2a: Kinta|Gunk Shot|p1a: Incineroar
|-damage|p1a: Incineroar|0 fnt
|faint|p1a: Incineroar
|-damage|p2a: Kinta|38/100|[from] item: Life Orb
|
|-weather|RainDance|[upkeep]
|upkeep
|
|t:|1776211026
|switch|p1a: Alomomola|Alomomola, M|91/100
|turn|27
|
|t:|1776211030
|move|p2a: Kinta|Swords Dance|p2a: Kinta
|-boost|p2a: Kinta|atk|2
|move|p1a: Alomomola|Flip Turn|p2a: Kinta
|-damage|p2a: Kinta|10/100
|
|t:|1776211032
|switch|p1a: Amoonguss|Amoonguss, F|100/100|[from] Flip Turn
|
|-weather|RainDance|[upkeep]
|upkeep
|turn|28
|
|t:|1776211037
|switch|p1a: Iron Crown|Iron Crown|54/100
|move|p2a: Kinta|Gunk Shot|p1a: Iron Crown
|-immune|p1a: Iron Crown
|
|-weather|RainDance|[upkeep]
|upkeep
|turn|29
|
|t:|1776211045
|move|p2a: Kinta|Crunch|p1a: Iron Crown
|-supereffective|p1a: Iron Crown
|-damage|p1a: Iron Crown|0 fnt
|faint|p1a: Iron Crown
|-end|p1a: Iron Crown|Quark Drive|[silent]
|-damage|p2a: Kinta|0 fnt|[from] item: Life Orb
|faint|p2a: Kinta
|
|-weather|none
|upkeep
|
|t:|1776211050
|switch|p1a: Amoonguss|Amoonguss, F|100/100
|switch|p2a: Ghoti|Barraskewda, F|67/100
|turn|30
|
|t:|1776211057
|move|p2a: Ghoti|Liquidation|p1a: Amoonguss
|-resisted|p1a: Amoonguss
|-damage|p1a: Amoonguss|77/100
|move|p1a: Amoonguss|Toxic|p2a: Ghoti
|-status|p2a: Ghoti|tox
|
|-damage|p2a: Ghoti|61/100 tox|[from] psn
|upkeep
|turn|31
|
|t:|1776211060
|switch|p1a: Alomomola|Alomomola, M|100/100
|move|p2a: Ghoti|Liquidation|p1a: Alomomola
|-resisted|p1a: Alomomola
|-crit|p1a: Alomomola
|-damage|p1a: Alomomola|74/100
|-unboost|p1a: Alomomola|def|1
|-damage|p2a: Ghoti|44/100 tox|[from] item: Rocky Helmet|[of] p1a: Alomomola
|
|-damage|p2a: Ghoti|32/100 tox|[from] psn
|upkeep
|turn|32
|c|☆Dripple3000|ggwp
|
|t:|1776211065
|move|p2a: Ghoti|Liquidation|p1a: Alomomola
|-resisted|p1a: Alomomola
|-damage|p1a: Alomomola|44/100
|-damage|p2a: Ghoti|16/100 tox|[from] item: Rocky Helmet|[of] p1a: Alomomola
|move|p1a: Alomomola|Flip Turn|p2a: Ghoti
|-resisted|p2a: Ghoti
|-damage|p2a: Ghoti|0 fnt
|faint|p2a: Ghoti
|
|win|raichussuperfan
|raw|raichussuperfan's rating: 1696 &rarr; <strong>1713</strong><br />(+17 for winning)
|raw|Dripple3000's rating: 1648 &rarr; <strong>1631</strong><br />(-17 for losing)
|l|☆raichussuperfan
|player|p1|
