|html|<div class="broadcast-blue"><strong>[Gen 9] OU is currently suspecting Tera Blast! For information on how to participate check out the <a href="https://www.smogon.com/tools/suspects/view/200">suspect thread</a>.</strong></div>
|j|☆louisgoestobrazil
|j|☆AgencyScientist007
|t:|1776084781
|gametype|singles
|player|p1|louisgoestobrazil|nemona-v|1154
|player|p2|AgencyScientist007|scientist-gen4|1205
|gen|9
|tier|[Gen 9] OU
|rated|
|rule|HP Percentage Mod: HP is shown in percentages
|rule|Endless Battle Clause: Forcing endless battles is banned
|rule|Species Clause: Limit one of each Pokémon
|rule|OHKO Clause: OHKO moves are banned
|rule|Evasion Items Clause: Evasion items are banned
|rule|Evasion Moves Clause: Evasion moves are banned
|rule|Evasion Abilities Clause: Evasion abilities are banned
|rule|Sleep Moves Clause: Sleep-inducing moves are banned
|clearpoke
|poke|p1|Darkrai|
|poke|p1|Pecharunt|
|poke|p1|Ogerpon-Wellspring, F|
|poke|p1|Excadrill, M|
|poke|p1|Kingambit, F|
|poke|p1|Great Tusk|
|poke|p2|Rillaboom, F|
|poke|p2|Ninetales, F|
|poke|p2|Heatran, F|
|poke|p2|Walking Wake|
|poke|p2|Great Tusk|
|poke|p2|Venusaur, F|
|teampreview
|inactive|Battle timer is ON: inactive players will automatically lose when time's up. (requested by louisgoestobrazil)
|c|☆louisgoestobrazil|glhf
|c|☆AgencyScientist007|glhf
|
|t:|1776084794
|teamsize|p1|6
|teamsize|p2|6
|start
|switch|p1a: Excadrill|Excadrill, M|100/100
|switch|p2a: Ninetales|Ninetales, F|100/100
|-weather|SunnyDay|[from] ability: Drought|[of] p2a: Ninetales
|-ability|p1a: Excadrill|Mold Breaker
|turn|1
|inactive|AgencyScientist007 has 120 seconds left.
|
|t:|1776084828
|switch|p2a: Great Tusk|Great Tusk|100/100
|-activate|p2a: Great Tusk|ability: Protosynthesis
|-start|p2a: Great Tusk|protosynthesisatk
|move|p1a: Excadrill|Stealth Rock|p2a: Great Tusk
|-sidestart|p2: AgencyScientist007|move: Stealth Rock
|
|-weather|SunnyDay|[upkeep]
|upkeep
|turn|2
|
|t:|1776084837
|move|p1a: Excadrill|Earthquake|p2a: Great Tusk
|-damage|p2a: Great Tusk|60/100
|move|p2a: Great Tusk|Stealth Rock|p1a: Excadrill
|-sidestart|p1: louisgoestobrazil|move: Stealth Rock
|
|-weather|SunnyDay|[upkeep]
|upkeep
|turn|3
|
|t:|1776084845
|move|p1a: Excadrill|Rapid Spin|p2a: Great Tusk
|-damage|p2a: Great Tusk|47/100
|-boost|p1a: Excadrill|spe|1
|-damage|p1a: Excadrill|84/100|[from] item: Rocky Helmet|[of] p2a: Great Tusk
|-sideend|p1: louisgoestobrazil|Stealth Rock|[from] move: Rapid Spin|[of] p1a: Excadrill
|move|p2a: Great Tusk|Rapid Spin|p1a: Excadrill
|-resisted|p1a: Excadrill
|-damage|p1a: Excadrill|68/100
|-boost|p2a: Great Tusk|spe|1
|-sideend|p2: AgencyScientist007|Stealth Rock|[from] move: Rapid Spin|[of] p2a: Great Tusk
|
|-weather|SunnyDay|[upkeep]
|upkeep
|turn|4
|
|t:|1776084860
|move|p1a: Excadrill|Rapid Spin|p2a: Great Tusk
|-damage|p2a: Great Tusk|33/100
|-boost|p1a: Excadrill|spe|1
|-damage|p1a: Excadrill|51/100|[from] item: Rocky Helmet|[of] p2a: Great Tusk
|move|p2a: Great Tusk|Temper Flare|p1a: Excadrill
|-supereffective|p1a: Excadrill
|-crit|p1a: Excadrill
|-damage|p1a: Excadrill|0 fnt
|faint|p1a: Excadrill
|
|-weather|SunnyDay|[upkeep]
|upkeep
|
|t:|1776084864
|switch|p1a: Darkrai|Darkrai|100/100
|turn|5
|
|t:|1776084875
|-end|p2a: Great Tusk|Protosynthesis|[silent]
|switch|p2a: Heatran|Heatran, F|100/100
|move|p1a: Darkrai|Dark Pulse|p2a: Heatran
|-damage|p2a: Heatran|57/100
|
|-weather|SunnyDay|[upkeep]
|upkeep
|turn|6
|
|t:|1776084887
|move|p1a: Darkrai|Dark Pulse|p2a: Heatran
|-damage|p2a: Heatran|17/100
|move|p2a: Heatran|Overheat|p1a: Darkrai
|-damage|p1a: Darkrai|0 fnt
|-unboost|p2a: Heatran|spa|2
|faint|p1a: Darkrai
|-enditem|p2a: Heatran|Eject Pack
|
|t:|1776084899
|switch|p2a: Rillaboom|Rillaboom, F|100/100
|-fieldstart|move: Grassy Terrain|[from] ability: Grassy Surge|[of] p2a: Rillaboom
|
|-weather|SunnyDay|[upkeep]
|upkeep
|
|t:|1776084904
|switch|p1a: Pecharunt|Pecharunt|100/100
|turn|7
|
|t:|1776084914
|switch|p2a: Heatran|Heatran, F|17/100
|move|p1a: Pecharunt|Malignant Chain|p2a: Heatran
|-immune|p2a: Heatran
|
|-weather|SunnyDay|[upkeep]
|-heal|p2a: Heatran|23/100|[from] Grassy Terrain
|upkeep
|turn|8
|
|t:|1776084919
|move|p1a: Pecharunt|Shadow Ball|p2a: Heatran
|-damage|p2a: Heatran|0 fnt
|faint|p2a: Heatran
|
|-weather|none
|upkeep
|inactive|AgencyScientist007 has 120 seconds left.
|
|t:|1776084954
|switch|p2a: Walking Wake|Walking Wake|100/100
|turn|9
|
|t:|1776084970
|move|p2a: Walking Wake|Draco Meteor|p1a: Pecharunt
|-damage|p1a: Pecharunt|0 fnt
|-unboost|p2a: Walking Wake|spa|2
|faint|p1a: Pecharunt
|
|upkeep
|
|t:|1776084980
|switch|p1a: Ogerpon|Ogerpon-Wellspring, F|100/100
|turn|10
|
|t:|1776084990
|move|p2a: Walking Wake|Draco Meteor|p1a: Ogerpon
|-damage|p1a: Ogerpon|39/100
|-unboost|p2a: Walking Wake|spa|2
|move|p1a: Ogerpon|Power Whip|p2a: Walking Wake
|-damage|p2a: Walking Wake|0 fnt
|faint|p2a: Walking Wake
|-end|p2a: Walking Wake|Protosynthesis|[silent]
|
|-heal|p1a: Ogerpon|45/100|[from] Grassy Terrain
|upkeep
|
|t:|1776085000
|switch|p2a: Rillaboom|Rillaboom, F|100/100
|turn|11
|
|t:|1776085005
|move|p2a: Rillaboom|Grassy Glide|p1a: Ogerpon
|-damage|p1a: Ogerpon|0 fnt
|faint|p1a: Ogerpon
|
|upkeep
|
|t:|1776085026
|switch|p1a: Great Tusk|Great Tusk|100/100
|-enditem|p1a: Great Tusk|Booster Energy
|-activate|p1a: Great Tusk|ability: Protosynthesis|[fromitem]
|-start|p1a: Great Tusk|protosynthesisspe
|turn|12
|inactive|AgencyScientist007 has 120 seconds left.
|
|t:|1776085062
|-terastallize|p1a: Great Tusk|Fire
|move|p2a: Rillaboom|Grassy Glide|p1a: Great Tusk
|-resisted|p1a: Great Tusk
|-damage|p1a: Great Tusk|88/100
|move|p1a: Great Tusk|Bulk Up|p1a: Great Tusk
|-boost|p1a: Great Tusk|atk|1
|-boost|p1a: Great Tusk|def|1
|
|-heal|p1a: Great Tusk|94/100|[from] Grassy Terrain
|upkeep
|turn|13
|inactive|AgencyScientist007 has 120 seconds left.
|inactive|AgencyScientist007 has 90 seconds left.
|inactive|AgencyScientist007 has 60 seconds left.
|c|☆louisgoestobrazil|whats with all these ohko alts watching low ladder games
|
|t:|1776085149
|switch|p2a: Great Tusk|Great Tusk|33/100
|move|p1a: Great Tusk|Bulk Up|p1a: Great Tusk
|-boost|p1a: Great Tusk|atk|1
|-boost|p1a: Great Tusk|def|1
|
|-heal|p1a: Great Tusk|99/100|[from] Grassy Terrain
|-heal|p2a: Great Tusk|39/100|[from] Grassy Terrain
|-fieldend|move: Grassy Terrain
|upkeep
|turn|14
|
|t:|1776085161
|move|p1a: Great Tusk|Ice Spinner|p2a: Great Tusk
|-supereffective|p2a: Great Tusk
|-damage|p2a: Great Tusk|0 fnt
|-damage|p1a: Great Tusk|84/100|[from] item: Rocky Helmet|[of] p2a: Great Tusk
|faint|p2a: Great Tusk
|-end|p2a: Great Tusk|Protosynthesis|[silent]
|
|upkeep
|
|t:|1776085165
|switch|p2a: Ninetales|Ninetales, F|100/100
|-weather|SunnyDay|[from] ability: Drought|[of] p2a: Ninetales
|turn|15
|
|t:|1776085179
|move|p1a: Great Tusk|Headlong Rush|p2a: Ninetales
|-supereffective|p2a: Ninetales
|-damage|p2a: Ninetales|0 fnt
|-unboost|p1a: Great Tusk|def|1
|-unboost|p1a: Great Tusk|spd|1
|faint|p2a: Ninetales
|
|-weather|SunnyDay|[upkeep]
|upkeep
|
|t:|1776085186
|switch|p2a: Venusaur|Venusaur, F|100/100
|turn|16
|
|t:|1776085206
|-end|p1a: Great Tusk|Protosynthesis|[silent]
|switch|p1a: Kingambit|Kingambit, F|100/100
|-activate|p1a: Kingambit|ability: Supreme Overlord
|-start|p1a: Kingambit|fallen4|[silent]
|-terastallize|p2a: Venusaur|Stellar
|move|p2a: Venusaur|Sludge Bomb|p1a: Kingambit
|-immune|p1a: Kingambit
|
|-weather|SunnyDay|[upkeep]
|upkeep
|turn|17
|
|t:|1776085215
|move|p1a: Kingambit|Sucker Punch||[still]
|-fail|p1a: Kingambit
|move|p2a: Venusaur|Growth|p2a: Venusaur
|-boost|p2a: Venusaur|atk|2
|-boost|p2a: Venusaur|spa|2
|
|-weather|SunnyDay|[upkeep]
|upkeep
|turn|18
|inactive|AgencyScientist007 has 60 seconds left.
|
|t:|1776085222
|move|p1a: Kingambit|Sucker Punch|p2a: Venusaur
|-damage|p2a: Venusaur|0 fnt
|faint|p2a: Venusaur
|
|-weather|SunnyDay|[upkeep]
|upkeep
|
|t:|1776085226
|switch|p2a: Rillaboom|Rillaboom, F|100/100
|-fieldstart|move: Grassy Terrain|[from] ability: Grassy Surge|[of] p2a: Rillaboom
|turn|19
|
|t:|1776085236
|move|p1a: Kingambit|Sucker Punch|p2a: Rillaboom
|-damage|p2a: Rillaboom|32/100
|move|p2a: Rillaboom|Wood Hammer|p1a: Kingambit
|-resisted|p1a: Kingambit
|-damage|p1a: Kingambit|67/100
|-damage|p2a: Rillaboom|21/100|[from] Recoil
|
|-weather|SunnyDay|[upkeep]
|-heal|p2a: Rillaboom|27/100|[from] Grassy Terrain
|-heal|p1a: Kingambit|73/100|[from] Grassy Terrain
|upkeep
|turn|20
|
|t:|1776085242
|move|p2a: Rillaboom|Wood Hammer|p1a: Kingambit
|-resisted|p1a: Kingambit
|-damage|p1a: Kingambit|37/100
|-damage|p2a: Rillaboom|16/100|[from] Recoil
|move|p1a: Kingambit|Kowtow Cleave|p2a: Rillaboom
|-damage|p2a: Rillaboom|0 fnt
|faint|p2a: Rillaboom
|
|win|louisgoestobrazil
|raw|louisgoestobrazil's rating: 1154 &rarr; <strong>1183</strong><br />(+29 for winning)
|raw|AgencyScientist007's rating: 1205 &rarr; <strong>1176</strong><br />(-29 for losing)
|c|☆AgencyScientist007|ggs
|c|☆louisgoestobrazil|gg
