|html|<div class="broadcast-blue"><strong>[Gen 9] OU is currently suspecting Tera Blast! For information on how to participate check out the <a href="https://www.smogon.com/tools/suspects/view/200">suspect thread</a>.</strong></div>
|j|☆Beetterfly
|j|☆zimbabwe2137
|t:|1776074012
|gametype|singles
|player|p1|Beetterfly|medium|1086
|player|p2|zimbabwe2137|101|1000
|gen|9
|tier|[Gen 9] OU
|rated|
|rule|HP Percentage Mod: HP is shown in percentages
|rule|Endless Battle Clause: Forcing endless battles is banned
|rule|Species Clause: Limit one of each Pokémon
|rule|OHKO Clause: OHKO moves are banned
|rule|Evasion Items Clause: Evasion items are banned
|rule|Evasion Moves Clause: Evasion moves are banned
|rule|Evasion Abilities Clause: Evasion abilities are banned
|rule|Sleep Moves Clause: Sleep-inducing moves are banned
|clearpoke
|poke|p1|Dragapult, M|
|poke|p1|Whimsicott, F|
|poke|p1|Heatran, M|
|poke|p1|Jirachi|
|poke|p1|Iron Treads|
|poke|p1|Ogerpon-Wellspring, F|
|poke|p2|Alomomola, M|
|poke|p2|Slowking-Galar, F|
|poke|p2|Great Tusk|
|poke|p2|Ogerpon-Wellspring, F|
|poke|p2|Rillaboom, M|
|poke|p2|Gholdengo|
|teampreview
|inactive|Battle timer is ON: inactive players will automatically lose when time's up. (requested by Beetterfly)
|
|t:|1776074036
|teamsize|p1|6
|teamsize|p2|6
|start
|switch|p1a: Whimsicott|Whimsicott, F|100/100
|switch|p2a: Great Tusk|Great Tusk|100/100
|turn|1
|
|t:|1776074050
|move|p1a: Whimsicott|Moonblast|p2a: Great Tusk
|-supereffective|p2a: Great Tusk
|-damage|p2a: Great Tusk|12/100
|move|p2a: Great Tusk|Stealth Rock|p1a: Whimsicott
|-sidestart|p1: Beetterfly|move: Stealth Rock
|
|-heal|p2a: Great Tusk|18/100|[from] item: Leftovers
|upkeep
|turn|2
|
|t:|1776074060
|-end|p2a: Great Tusk|Protosynthesis|[silent]
|switch|p2a: Slowking|Slowking-Galar, F|100/100
|move|p1a: Whimsicott|Moonblast|p2a: Slowking
|-resisted|p2a: Slowking
|-crit|p2a: Slowking
|-damage|p2a: Slowking|86/100
|-unboost|p2a: Slowking|spa|1
|
|-heal|p2a: Slowking|92/100|[from] item: Leftovers
|upkeep
|turn|3
|
|t:|1776074080
|switch|p1a: Jirachi|Jirachi|100/100
|-damage|p1a: Jirachi|94/100|[from] Stealth Rock
|move|p2a: Slowking|Sludge Bomb|p1a: Jirachi
|-immune|p1a: Jirachi
|
|-heal|p2a: Slowking|98/100|[from] item: Leftovers
|upkeep
|turn|4
|
|t:|1776074090
|move|p1a: Jirachi|Iron Head|p2a: Slowking
|-damage|p2a: Slowking|58/100
|move|p2a: Slowking|Thunder Wave|p1a: Jirachi
|-status|p1a: Jirachi|par
|
|-heal|p2a: Slowking|64/100|[from] item: Leftovers
|upkeep
|turn|5
|
|t:|1776074099
|move|p1a: Jirachi|Iron Head|p2a: Slowking
|-crit|p2a: Slowking
|-damage|p2a: Slowking|0 fnt
|faint|p2a: Slowking
|
|upkeep
|
|t:|1776074109
|switch|p2a: Alomomola|Alomomola, M|100/100
|turn|6
|
|t:|1776074119
|switch|p1a: Ogerpon|Ogerpon-Wellspring, F|100/100
|-damage|p1a: Ogerpon|88/100|[from] Stealth Rock
|move|p2a: Alomomola|Wish|p2a: Alomomola
|
|upkeep
|turn|7
|
|t:|1776074133
|switch|p2a: Ogerpon|Ogerpon-Wellspring, F|100/100
|move|p1a: Ogerpon|Swords Dance|p1a: Ogerpon
|-boost|p1a: Ogerpon|atk|2
|
|upkeep
|turn|8
|
|t:|1776074147
|move|p1a: Ogerpon|Horn Leech|p2a: Ogerpon
|-damage|p2a: Ogerpon|0 fnt
|-heal|p1a: Ogerpon|100/100|[from] drain|[of] p2a: Ogerpon
|faint|p2a: Ogerpon
|
|upkeep
|
|t:|1776074155
|switch|p2a: Rillaboom|Rillaboom, M|100/100
|-fieldstart|move: Grassy Terrain|[from] ability: Grassy Surge|[of] p2a: Rillaboom
|turn|9
|
|t:|1776074167
|switch|p1a: Whimsicott|Whimsicott, F|100/100
|-damage|p1a: Whimsicott|88/100|[from] Stealth Rock
|move|p2a: Rillaboom|U-turn|p1a: Whimsicott
|-damage|p1a: Whimsicott|51/100
|
|t:|1776074173
|switch|p2a: Gholdengo|Gholdengo|100/100|[from] U-turn
|-item|p2a: Gholdengo|Air Balloon
|
|-heal|p1a: Whimsicott|57/100|[from] Grassy Terrain
|upkeep
|turn|10
|
|t:|1776074193
|move|p1a: Whimsicott|U-turn|p2a: Gholdengo
|-resisted|p2a: Gholdengo
|-damage|p2a: Gholdengo|98/100
|-enditem|p2a: Gholdengo|Air Balloon
|
|t:|1776074198
|switch|p1a: Iron Treads|Iron Treads|100/100|[from] U-turn
|-damage|p1a: Iron Treads|97/100|[from] Stealth Rock
|-enditem|p1a: Iron Treads|Booster Energy
|-activate|p1a: Iron Treads|ability: Quark Drive|[fromitem]
|-start|p1a: Iron Treads|quarkdrivespe
|move|p2a: Gholdengo|Nasty Plot|p2a: Gholdengo
|-boost|p2a: Gholdengo|spa|2
|
|-heal|p1a: Iron Treads|100/100|[from] Grassy Terrain
|-heal|p2a: Gholdengo|100/100|[from] Grassy Terrain
|upkeep
|turn|11
|
|t:|1776074221
|move|p1a: Iron Treads|Ice Spinner|p2a: Gholdengo
|-resisted|p2a: Gholdengo
|-damage|p2a: Gholdengo|88/100
|-fieldend|move: Grassy Terrain
|move|p2a: Gholdengo|Shadow Ball|p1a: Iron Treads
|-damage|p1a: Iron Treads|0 fnt
|faint|p1a: Iron Treads
|-end|p1a: Iron Treads|Quark Drive|[silent]
|
|upkeep
|
|t:|1776074230
|switch|p1a: Heatran|Heatran, M|100/100
|-damage|p1a: Heatran|88/100|[from] Stealth Rock
|turn|12
|
|t:|1776074241
|switch|p2a: Alomomola|Alomomola, M|100/100
|move|p1a: Heatran|Scorching Sands|p2a: Alomomola
|-damage|p2a: Alomomola|77/100
|
|-heal|p2a: Alomomola|83/100|[from] item: Leftovers
|upkeep
|turn|13
|
|t:|1776074267
|switch|p1a: Whimsicott|Whimsicott, F|57/100
|-damage|p1a: Whimsicott|45/100|[from] Stealth Rock
|switch|p2a: Rillaboom|Rillaboom, M|100/100
|-fieldstart|move: Grassy Terrain|[from] ability: Grassy Surge|[of] p2a: Rillaboom
|
|-heal|p1a: Whimsicott|51/100|[from] Grassy Terrain
|upkeep
|turn|14
|
|t:|1776074281
|move|p1a: Whimsicott|Switcheroo|p2a: Rillaboom
|-activate|p1a: Whimsicott|move: Trick|[of] p2a: Rillaboom
|-item|p2a: Rillaboom|Choice Scarf|[from] move: Switcheroo
|-item|p1a: Whimsicott|Assault Vest|[from] move: Switcheroo
|move|p2a: Rillaboom|U-turn|p1a: Whimsicott
|-damage|p1a: Whimsicott|12/100
|inactive|zimbabwe2137 has 120 seconds left.
|
|t:|1776074293
|switch|p2a: Alomomola|Alomomola, M|100/100|[from] U-turn
|
|-heal|p1a: Whimsicott|18/100|[from] Grassy Terrain
|upkeep
|turn|15
|inactive|zimbabwe2137 has 120 seconds left.
|
|t:|1776074308
|move|p1a: Whimsicott|U-turn|p2a: Alomomola
|-damage|p2a: Alomomola|93/100
|
|t:|1776074317
|switch|p1a: Dragapult|Dragapult, M|100/100|[from] U-turn
|-damage|p1a: Dragapult|88/100|[from] Stealth Rock
|move|p2a: Alomomola|Wish|p2a: Alomomola
|
|-heal|p1a: Dragapult|94/100|[from] Grassy Terrain
|-heal|p1a: Dragapult|99/100|[from] item: Leftovers
|-heal|p2a: Alomomola|99/100|[from] Grassy Terrain
|-heal|p2a: Alomomola|100/100|[from] item: Leftovers
|upkeep
|turn|16
|inactive|zimbabwe2137 has 120 seconds left.
|
|t:|1776074342
|move|p1a: Dragapult|Dragon Dance|p1a: Dragapult
|-boost|p1a: Dragapult|atk|1
|-boost|p1a: Dragapult|spe|1
|move|p2a: Alomomola|Flip Turn|p1a: Dragapult
|-resisted|p1a: Dragapult
|-damage|p1a: Dragapult|89/100
|
|t:|1776074351
|switch|p2a: Gholdengo|Gholdengo|88/100|[from] Flip Turn
|
|-heal|p2a: Gholdengo|100/100|[from] move: Wish|[wisher] Alomomola
|-heal|p1a: Dragapult|95/100|[from] Grassy Terrain
|-heal|p1a: Dragapult|100/100|[from] item: Leftovers
|upkeep
|turn|17
|inactive|zimbabwe2137 has 120 seconds left.
|
|t:|1776074369
|move|p1a: Dragapult|Phantom Force||[still]
|-prepare|p1a: Dragapult|Phantom Force
|move|p2a: Gholdengo|Thunder Wave|p1a: Dragapult|[miss]
|-miss|p2a: Gholdengo|p1a: Dragapult
|
|-fieldend|move: Grassy Terrain
|upkeep
|turn|18
|
|t:|1776074379
|-terastallize|p2a: Gholdengo|Steel
|move|p1a: Dragapult|Phantom Force|p2a: Gholdengo|[from] lockedmove
|-damage|p2a: Gholdengo|26/100
|move|p2a: Gholdengo|Shadow Ball|p1a: Dragapult
|-supereffective|p1a: Dragapult
|-damage|p1a: Dragapult|0 fnt
|faint|p1a: Dragapult
|
|upkeep
|
|t:|1776074406
|switch|p1a: Heatran|Heatran, M|88/100
|-damage|p1a: Heatran|76/100|[from] Stealth Rock
|turn|19
|inactive|zimbabwe2137 has 120 seconds left.
|
|t:|1776074414
|switch|p2a: Alomomola|Alomomola, M|100/100
|move|p1a: Heatran|Scorching Sands|p2a: Alomomola
|-damage|p2a: Alomomola|79/100
|-status|p2a: Alomomola|brn
|
|-heal|p2a: Alomomola|85/100 brn|[from] item: Leftovers
|-damage|p2a: Alomomola|79/100 brn|[from] brn
|upkeep
|turn|20
|inactive|zimbabwe2137 has 120 seconds left.
|
|t:|1776074431
|switch|p1a: Ogerpon|Ogerpon-Wellspring, F|100/100
|-damage|p1a: Ogerpon|88/100|[from] Stealth Rock
|move|p2a: Alomomola|Wish|p2a: Alomomola
|
|-heal|p2a: Alomomola|85/100 brn|[from] item: Leftovers
|-damage|p2a: Alomomola|79/100 brn|[from] brn
|upkeep
|turn|21
|inactive|zimbabwe2137 has 120 seconds left.
|
|t:|1776074449
|switch|p1a: Heatran|Heatran, M|76/100
|-damage|p1a: Heatran|63/100|[from] Stealth Rock
|switch|p2a: Gholdengo|Gholdengo, tera:Steel|26/100
|
|-heal|p2a: Gholdengo|97/100|[from] move: Wish|[wisher] Alomomola
|upkeep
|turn|22
|
|t:|1776074464
|switch|p2a: Alomomola|Alomomola, M|100/100 brn
|move|p1a: Heatran|Magma Storm|p2a: Alomomola|[miss]
|-miss|p1a: Heatran|p2a: Alomomola
|
|-damage|p2a: Alomomola|94/100 brn|[from] brn
|upkeep
|turn|23
|
|t:|1776074479
|switch|p1a: Jirachi|Jirachi|94/100 par
|-damage|p1a: Jirachi|88/100 par|[from] Stealth Rock
|move|p2a: Alomomola|Wish|p2a: Alomomola
|
|-heal|p2a: Alomomola|100/100 brn|[from] item: Leftovers
|-damage|p2a: Alomomola|94/100 brn|[from] brn
|upkeep
|turn|24
|
|t:|1776074494
|move|p1a: Jirachi|Fire Punch|p2a: Alomomola
|-resisted|p2a: Alomomola
|-damage|p2a: Alomomola|86/100 brn
|move|p2a: Alomomola|Flip Turn|p1a: Jirachi
|-damage|p1a: Jirachi|80/100 par
|
|t:|1776074504
|switch|p2a: Great Tusk|Great Tusk|18/100|[from] Flip Turn
|
|-heal|p2a: Great Tusk|80/100|[from] move: Wish|[wisher] Alomomola
|-heal|p2a: Great Tusk|86/100|[from] item: Leftovers
|upkeep
|turn|25
|-message|Beetterfly forfeited.
|
|win|zimbabwe2137
|raw|Beetterfly's rating: 1086 &rarr; <strong>1058</strong><br />(-28 for losing)
|raw|zimbabwe2137's rating: 1000 &rarr; <strong>1050</strong><br />(+50 for winning)
|l|☆Beetterfly
|player|p1|
