|html|<div class="broadcast-blue"><strong>[Gen 9] OU is currently suspecting Tera Blast! For information on how to participate check out the <a href="https://www.smogon.com/tools/suspects/view/200">suspect thread</a>.</strong></div>
|j|☆BLESSEDBOY.Z7
|j|☆ColonelMustang899
|t:|1776117193
|gametype|singles
|player|p1|BLESSEDBOY.Z7|giovanni|1346
|player|p2|ColonelMustang899|2|1393
|gen|9
|tier|[Gen 9] OU
|rated|
|rule|HP Percentage Mod: HP is shown in percentages
|rule|Endless Battle Clause: Forcing endless battles is banned
|rule|Species Clause: Limit one of each Pokémon
|rule|OHKO Clause: OHKO moves are banned
|rule|Evasion Items Clause: Evasion items are banned
|rule|Evasion Moves Clause: Evasion moves are banned
|rule|Evasion Abilities Clause: Evasion abilities are banned
|rule|Sleep Moves Clause: Sleep-inducing moves are banned
|clearpoke
|poke|p1|Cresselia, F|
|poke|p1|Kingambit, F|
|poke|p1|Keldeo|
|poke|p1|Primarina, F|
|poke|p1|Garchomp, F|
|poke|p1|Dragapult, M|
|poke|p2|Tornadus, M|
|poke|p2|Politoed, M|
|poke|p2|Barraskewda, F|
|poke|p2|Tentacruel, F|
|poke|p2|Basculegion-F, F|
|poke|p2|Scizor, M|
|teampreview
|inactive|Battle timer is ON: inactive players will automatically lose when time's up. (requested by BLESSEDBOY.Z7)
|inactive|ColonelMustang899 has 120 seconds left.
|
|t:|1776117260
|teamsize|p1|6
|teamsize|p2|6
|start
|switch|p1a: Dragapult|Dragapult, M|100/100
|switch|p2a: Scizor|Scizor, M|100/100
|turn|1
|
|t:|1776117266
|move|p1a: Dragapult|Will-O-Wisp|p2a: Scizor|[miss]
|-miss|p1a: Dragapult|p2a: Scizor
|move|p2a: Scizor|U-turn|p1a: Dragapult
|-resisted|p1a: Dragapult
|-damage|p1a: Dragapult|64/100
|-damage|p2a: Scizor|91/100|[from] item: Life Orb
|
|t:|1776117275
|switch|p2a: Tentacruel|Tentacruel, F|100/100|[from] U-turn
|
|upkeep
|turn|2
|
|t:|1776117284
|move|p1a: Dragapult|U-turn|p2a: Tentacruel
|-resisted|p2a: Tentacruel
|-damage|p2a: Tentacruel|92/100
|
|t:|1776117299
|switch|p1a: Cresselia|Cresselia, F|100/100|[from] U-turn
|move|p2a: Tentacruel|Knock Off|p1a: Cresselia
|-supereffective|p1a: Cresselia
|-damage|p1a: Cresselia|83/100
|-enditem|p1a: Cresselia|Covert Cloak|[from] move: Knock Off|[of] p2a: Tentacruel
|
|upkeep
|turn|3
|
|t:|1776117310
|move|p2a: Tentacruel|Flip Turn|p1a: Cresselia
|-damage|p1a: Cresselia|76/100
|
|t:|1776117314
|switch|p2a: Politoed|Politoed, M|100/100|[from] Flip Turn
|-weather|RainDance|[from] ability: Drizzle|[of] p2a: Politoed
|move|p1a: Cresselia|Calm Mind|p1a: Cresselia
|-boost|p1a: Cresselia|spa|1
|-boost|p1a: Cresselia|spd|1
|
|-weather|RainDance|[upkeep]
|upkeep
|turn|4
|
|t:|1776117322
|move|p1a: Cresselia|Calm Mind|p1a: Cresselia
|-boost|p1a: Cresselia|spa|1
|-boost|p1a: Cresselia|spd|1
|move|p2a: Politoed|Whirlpool|p1a: Cresselia
|-damage|p1a: Cresselia|70/100
|-activate|p1a: Cresselia|move: Whirlpool|[of] p2a: Politoed
|
|-weather|RainDance|[upkeep]
|-damage|p1a: Cresselia|58/100|[from] move: Whirlpool|[partiallytrapped]
|upkeep
|turn|5
|
|t:|1776117331
|move|p1a: Cresselia|Stored Power|p2a: Politoed
|-damage|p2a: Politoed|63/100
|move|p2a: Politoed|Perish Song|p2a: Politoed
|-start|p1a: Cresselia|perish3|[silent]
|-start|p2a: Politoed|perish3|[silent]
|-fieldactivate|move: Perish Song
|
|-weather|RainDance|[upkeep]
|-heal|p2a: Politoed|69/100|[from] item: Leftovers
|-damage|p1a: Cresselia|45/100|[from] move: Whirlpool|[partiallytrapped]
|-start|p1a: Cresselia|perish3
|-start|p2a: Politoed|perish3
|upkeep
|turn|6
|
|t:|1776117340
|move|p1a: Cresselia|Moonlight|p1a: Cresselia
|-heal|p1a: Cresselia|70/100
|move|p2a: Politoed|Weather Ball|p1a: Cresselia
|-damage|p1a: Cresselia|55/100
|
|-weather|RainDance|[upkeep]
|-heal|p2a: Politoed|75/100|[from] item: Leftovers
|-damage|p1a: Cresselia|43/100|[from] move: Whirlpool|[partiallytrapped]
|-start|p1a: Cresselia|perish2
|-start|p2a: Politoed|perish2
|upkeep
|turn|7
|
|t:|1776117358
|move|p2a: Politoed|Protect|p2a: Politoed
|-singleturn|p2a: Politoed|Protect
|move|p1a: Cresselia|Moonlight|p1a: Cresselia
|-heal|p1a: Cresselia|68/100
|
|-weather|none
|-heal|p2a: Politoed|81/100|[from] item: Leftovers
|-damage|p1a: Cresselia|55/100|[from] move: Whirlpool|[partiallytrapped]
|-start|p1a: Cresselia|perish1
|-start|p2a: Politoed|perish1
|upkeep
|turn|8
|
|t:|1776117370
|switch|p2a: Scizor|Scizor, M|91/100
|move|p1a: Cresselia|Stored Power|p2a: Scizor
|-resisted|p2a: Scizor
|-damage|p2a: Scizor|57/100
|
|-end|p1a: Cresselia|Whirlpool|[partiallytrapped]
|-start|p1a: Cresselia|perish0
|upkeep
|faint|p1a: Cresselia
|
|t:|1776117376
|switch|p1a: Garchomp|Garchomp, F|100/100
|turn|9
|
|t:|1776117381
|move|p1a: Garchomp|Stealth Rock|p2a: Scizor
|-sidestart|p2: ColonelMustang899|move: Stealth Rock
|move|p2a: Scizor|U-turn|p1a: Garchomp
|-crit|p1a: Garchomp
|-damage|p1a: Garchomp|50/100
|-damage|p2a: Scizor|45/100|[from] ability: Rough Skin|[of] p1a: Garchomp
|-damage|p2a: Scizor|28/100|[from] item: Rocky Helmet|[of] p1a: Garchomp
|-damage|p2a: Scizor|19/100|[from] item: Life Orb
|
|t:|1776117405
|switch|p2a: Politoed|Politoed, M|81/100|[from] U-turn
|-damage|p2a: Politoed|69/100|[from] Stealth Rock
|-weather|RainDance|[from] ability: Drizzle|[of] p2a: Politoed
|
|-weather|RainDance|[upkeep]
|-heal|p2a: Politoed|75/100|[from] item: Leftovers
|upkeep
|turn|10
|
|t:|1776117426
|switch|p1a: Primarina|Primarina, F|100/100
|move|p2a: Politoed|Weather Ball|p1a: Primarina
|-resisted|p1a: Primarina
|-damage|p1a: Primarina|86/100
|
|-weather|RainDance|[upkeep]
|-heal|p2a: Politoed|81/100|[from] item: Leftovers
|upkeep
|turn|11
|
|t:|1776117436
|move|p1a: Primarina|Moonblast|p2a: Politoed
|-damage|p2a: Politoed|44/100
|-unboost|p2a: Politoed|spa|1
|move|p2a: Politoed|Whirlpool|p1a: Primarina
|-resisted|p1a: Primarina
|-damage|p1a: Primarina|82/100
|-activate|p1a: Primarina|move: Whirlpool|[of] p2a: Politoed
|
|-weather|RainDance|[upkeep]
|-heal|p2a: Politoed|50/100|[from] item: Leftovers
|-damage|p1a: Primarina|70/100|[from] move: Whirlpool|[partiallytrapped]
|upkeep
|turn|12
|
|t:|1776117450
|switch|p2a: Basculegion|Basculegion-F, F|100/100
|-damage|p2a: Basculegion|88/100|[from] Stealth Rock
|move|p1a: Primarina|Moonblast|p2a: Basculegion
|-damage|p2a: Basculegion|23/100
|
|-weather|RainDance|[upkeep]
|-end|p1a: Primarina|Whirlpool|[partiallytrapped]|[silent]
|upkeep
|turn|13
|
|t:|1776117459
|switch|p1a: Keldeo|Keldeo|100/100
|move|p2a: Basculegion|Surf|p1a: Keldeo
|-resisted|p1a: Keldeo
|-damage|p1a: Keldeo|48/100
|
|-weather|none
|upkeep
|turn|14
|
|t:|1776117479
|switch|p1a: Dragapult|Dragapult, M|64/100
|move|p2a: Basculegion|Surf|p1a: Dragapult
|-resisted|p1a: Dragapult
|-damage|p1a: Dragapult|22/100
|
|upkeep
|turn|15
|
|t:|1776117487
|move|p1a: Dragapult|Hex|p2a: Basculegion
|-supereffective|p2a: Basculegion
|-damage|p2a: Basculegion|0 fnt
|faint|p2a: Basculegion
|
|upkeep
|
|t:|1776117498
|switch|p2a: Tornadus|Tornadus, M|100/100
|-damage|p2a: Tornadus|76/100|[from] Stealth Rock
|turn|16
|
|t:|1776117505
|move|p2a: Tornadus|Rain Dance|p2a: Tornadus
|-weather|RainDance
|move|p1a: Dragapult|U-turn|p2a: Tornadus
|-resisted|p2a: Tornadus
|-damage|p2a: Tornadus|62/100
|
|t:|1776117510
|switch|p1a: Primarina|Primarina, F|70/100|[from] U-turn
|
|-weather|RainDance|[upkeep]
|upkeep
|turn|17
|
|t:|1776117518
|move|p2a: Tornadus|Hurricane|p1a: Primarina
|-damage|p1a: Primarina|34/100
|move|p1a: Primarina|Surf|p2a: Tornadus
|-damage|p2a: Tornadus|0 fnt
|faint|p2a: Tornadus
|
|-weather|RainDance|[upkeep]
|upkeep
|
|t:|1776117530
|switch|p2a: Barraskewda|Barraskewda, F|100/100
|-damage|p2a: Barraskewda|88/100|[from] Stealth Rock
|turn|18
|
|t:|1776117541
|move|p2a: Barraskewda|Liquidation|p1a: Primarina
|-resisted|p1a: Primarina
|-damage|p1a: Primarina|0 fnt
|faint|p1a: Primarina
|
|-weather|RainDance|[upkeep]
|upkeep
|
|t:|1776117552
|switch|p1a: Kingambit|Kingambit, F|100/100
|-activate|p1a: Kingambit|ability: Supreme Overlord
|-start|p1a: Kingambit|fallen2|[silent]
|turn|19
|
|t:|1776117560
|-terastallize|p2a: Barraskewda|Fighting
|move|p1a: Kingambit|Sucker Punch|p2a: Barraskewda
|-resisted|p2a: Barraskewda
|-damage|p2a: Barraskewda|42/100
|move|p2a: Barraskewda|Liquidation|p1a: Kingambit
|-damage|p1a: Kingambit|23/100
|-unboost|p1a: Kingambit|def|1
|
|-weather|RainDance|[upkeep]
|-heal|p1a: Kingambit|29/100|[from] item: Leftovers
|upkeep
|turn|20
|
|t:|1776117578
|switch|p2a: Tentacruel|Tentacruel, F|92/100
|-damage|p2a: Tentacruel|79/100|[from] Stealth Rock
|-end|p1a: Kingambit|fallen2|[silent]
|switch|p1a: Keldeo|Keldeo|48/100
|
|-weather|RainDance|[upkeep]
|upkeep
|turn|21
|
|t:|1776117591
|move|p1a: Keldeo|Flip Turn|p2a: Tentacruel
|-resisted|p2a: Tentacruel
|-damage|p2a: Tentacruel|68/100
|
|t:|1776117598
|switch|p1a: Dragapult|Dragapult, M|22/100|[from] Flip Turn
|move|p2a: Tentacruel|Rapid Spin|p1a: Dragapult
|-immune|p1a: Dragapult
|
|-weather|RainDance|[upkeep]
|upkeep
|turn|22
|
|t:|1776117606
|move|p1a: Dragapult|Will-O-Wisp|p2a: Tentacruel
|-status|p2a: Tentacruel|brn
|move|p2a: Tentacruel|Knock Off|p1a: Dragapult
|-supereffective|p1a: Dragapult
|-damage|p1a: Dragapult|0 fnt
|-enditem|p1a: Dragapult|Heavy-Duty Boots|[from] move: Knock Off|[of] p2a: Tentacruel
|faint|p1a: Dragapult
|
|-weather|RainDance|[upkeep]
|-damage|p2a: Tentacruel|62/100 brn|[from] brn
|upkeep
|
|t:|1776117627
|switch|p1a: Kingambit|Kingambit, F|29/100
|-activate|p1a: Kingambit|ability: Supreme Overlord
|-start|p1a: Kingambit|fallen3|[silent]
|turn|23
|
|t:|1776117631
|move|p1a: Kingambit|Sucker Punch|p2a: Tentacruel
|-damage|p2a: Tentacruel|4/100 brn
|move|p2a: Tentacruel|Rapid Spin|p1a: Kingambit
|-resisted|p1a: Kingambit
|-damage|p1a: Kingambit|27/100
|-boost|p2a: Tentacruel|spe|1
|-sideend|p2: ColonelMustang899|Stealth Rock|[from] move: Rapid Spin|[of] p2a: Tentacruel
|
|-weather|none
|-heal|p1a: Kingambit|33/100|[from] item: Leftovers
|-damage|p2a: Tentacruel|0 fnt|[from] brn
|faint|p2a: Tentacruel
|upkeep
|
|t:|1776117642
|switch|p2a: Politoed|Politoed, M|50/100
|-weather|RainDance|[from] ability: Drizzle|[of] p2a: Politoed
|turn|24
|
|t:|1776117650
|move|p2a: Politoed|Weather Ball|p1a: Kingambit
|-damage|p1a: Kingambit|0 fnt
|faint|p1a: Kingambit
|-end|p1a: Kingambit|fallen3|[silent]
|
|-weather|RainDance|[upkeep]
|-heal|p2a: Politoed|56/100|[from] item: Leftovers
|upkeep
|
|t:|1776117655
|switch|p1a: Keldeo|Keldeo|48/100
|turn|25
|
|t:|1776117673
|-terastallize|p1a: Keldeo|Water
|move|p1a: Keldeo|Surf|p2a: Politoed
|-resisted|p2a: Politoed
|-damage|p2a: Politoed|27/100
|move|p2a: Politoed|Weather Ball|p1a: Keldeo
|-resisted|p1a: Keldeo
|-damage|p1a: Keldeo|21/100
|
|-weather|RainDance|[upkeep]
|-heal|p2a: Politoed|33/100|[from] item: Leftovers
|upkeep
|turn|26
|
|t:|1776117684
|move|p1a: Keldeo|Surf|p2a: Politoed
|-resisted|p2a: Politoed
|-damage|p2a: Politoed|5/100
|move|p2a: Politoed|Weather Ball|p1a: Keldeo
|-resisted|p1a: Keldeo
|-crit|p1a: Keldeo
|-damage|p1a: Keldeo|0 fnt
|faint|p1a: Keldeo
|
|-weather|RainDance|[upkeep]
|-heal|p2a: Politoed|11/100|[from] item: Leftovers
|upkeep
|
|t:|1776117687
|switch|p1a: Garchomp|Garchomp, F|50/100
|turn|27
|
|t:|1776117699
|move|p1a: Garchomp|Earthquake|p2a: Politoed
|-damage|p2a: Politoed|0 fnt
|faint|p2a: Politoed
|
|-weather|RainDance|[upkeep]
|upkeep
|
|t:|1776117704
|switch|p2a: Barraskewda|Barraskewda, F, tera:Fighting|42/100
|turn|28
|
|t:|1776117714
|move|p2a: Barraskewda|Liquidation|p1a: Garchomp
|-damage|p1a: Garchomp|0 fnt
|-damage|p2a: Barraskewda|29/100|[from] ability: Rough Skin|[of] p1a: Garchomp
|-damage|p2a: Barraskewda|13/100|[from] item: Rocky Helmet|[of] p1a: Garchomp
|faint|p1a: Garchomp
|
|win|ColonelMustang899
|raw|BLESSEDBOY.Z7's rating: 1346 &rarr; <strong>1329</strong><br />(-17 for losing)
|raw|ColonelMustang899's rating: 1393 &rarr; <strong>1410</strong><br />(+17 for winning)
|l|☆BLESSEDBOY.Z7
|player|p1|
