|html|<div class="broadcast-blue"><strong>[Gen 9] OU is currently suspecting Tera Blast! For information on how to participate check out the <a href="https://www.smogon.com/tools/suspects/view/200">suspect thread</a>.</strong></div>
|j|☆ign28
|j|☆HIAFH
|t:|1776107153
|gametype|singles
|player|p1|ign28|palmer|1689
|player|p2|HIAFH|ingo|1576
|gen|9
|tier|[Gen 9] OU
|rated|
|rule|HP Percentage Mod: HP is shown in percentages
|rule|Endless Battle Clause: Forcing endless battles is banned
|rule|Species Clause: Limit one of each Pokémon
|rule|OHKO Clause: OHKO moves are banned
|rule|Evasion Items Clause: Evasion items are banned
|rule|Evasion Moves Clause: Evasion moves are banned
|rule|Evasion Abilities Clause: Evasion abilities are banned
|rule|Sleep Moves Clause: Sleep-inducing moves are banned
|clearpoke
|poke|p1|Deoxys-Speed|
|poke|p1|Dragonite, F|
|poke|p1|Glimmora, M|
|poke|p1|Kingambit, F|
|poke|p1|Ceruledge, F|
|poke|p1|Great Tusk|
|poke|p2|Excadrill, F|
|poke|p2|Tyranitar, M|
|poke|p2|Hydrapple, F|
|poke|p2|Alomomola, F|
|poke|p2|Hatterene, F|
|poke|p2|Zapdos|
|teampreview
|inactive|Battle timer is ON: inactive players will automatically lose when time's up. (requested by ign28)
|j| Toniow17
|
|t:|1776107165
|teamsize|p1|6
|teamsize|p2|6
|start
|switch|p1a: Glimmora|Glimmora, M|100/100
|switch|p2a: Tyranitar|Tyranitar, M|100/100
|-weather|Sandstorm|[from] ability: Sand Stream|[of] p2a: Tyranitar
|turn|1
|
|t:|1776107186
|move|p1a: Glimmora|Mortal Spin|p2a: Tyranitar
|-resisted|p2a: Tyranitar
|-damage|p2a: Tyranitar|98/100
|-status|p2a: Tyranitar|psn
|move|p2a: Tyranitar|Earthquake|p1a: Glimmora
|-supereffective|p1a: Glimmora
|-damage|p1a: Glimmora|0 fnt
|-activate|p1a: Glimmora|ability: Toxic Debris
|-sidestart|p2: HIAFH|move: Toxic Spikes
|faint|p1a: Glimmora
|
|-weather|Sandstorm|[upkeep]
|-damage|p2a: Tyranitar|86/100 psn|[from] psn
|upkeep
|l|☆ign28
|inactive|ign28 disconnected and has a minute to reconnect!
|player|p1|
|inactive|ign28 has 30 seconds to reconnect!
|inactive|ign28 has 20 seconds to reconnect!
|inactive|ign28 has 15 seconds to reconnect!
|inactive|ign28 has 10 seconds to reconnect!
|j|☆ign28
|inactive|ign28 reconnected and has 85 seconds left.
|player|p1|ign28|palmer|
|
|t:|1776107244
|switch|p1a: Great Tusk|Great Tusk|100/100
|-enditem|p1a: Great Tusk|Booster Energy
|-activate|p1a: Great Tusk|ability: Protosynthesis|[fromitem]
|-start|p1a: Great Tusk|protosynthesisspe
|turn|2
|
|t:|1776107260
|switch|p2a: Alomomola|Alomomola, F|100/100
|move|p1a: Great Tusk|Bulk Up|p1a: Great Tusk
|-boost|p1a: Great Tusk|atk|1
|-boost|p1a: Great Tusk|def|1
|
|-weather|Sandstorm|[upkeep]
|-damage|p2a: Alomomola|94/100|[from] Sandstorm
|upkeep
|turn|3
|
|t:|1776107270
|move|p1a: Great Tusk|Taunt|p2a: Alomomola
|-start|p2a: Alomomola|move: Taunt
|move|p2a: Alomomola|Scald|p1a: Great Tusk
|-supereffective|p1a: Great Tusk
|-damage|p1a: Great Tusk|70/100
|
|-weather|Sandstorm|[upkeep]
|-damage|p2a: Alomomola|88/100|[from] Sandstorm
|upkeep
|turn|4
|l|☆ign28
|inactive|ign28 disconnected and has a minute to reconnect!
|player|p1|
|j|☆ign28
|inactive|ign28 reconnected and has 90 seconds left.
|player|p1|ign28|palmer|
|l| Toniow17
|j| Negative Nathan
|
|t:|1776107299
|-end|p1a: Great Tusk|Protosynthesis|[silent]
|switch|p1a: Deoxys|Deoxys-Speed|100/100
|-ability|p1a: Deoxys|Pressure
|move|p2a: Alomomola|Scald|p1a: Deoxys
|-damage|p1a: Deoxys|81/100
|
|-weather|Sandstorm|[upkeep]
|-damage|p1a: Deoxys|75/100|[from] Sandstorm
|-damage|p2a: Alomomola|82/100|[from] Sandstorm
|upkeep
|turn|5
|
|t:|1776107309
|move|p1a: Deoxys|Nasty Plot|p1a: Deoxys
|-boost|p1a: Deoxys|spa|2
|move|p2a: Alomomola|Flip Turn|p1a: Deoxys
|-damage|p1a: Deoxys|50/100
|
|t:|1776107322
|switch|p2a: Hatterene|Hatterene, F|100/100|[from] Flip Turn
|-status|p2a: Hatterene|psn
|
|-weather|none
|-damage|p2a: Hatterene|88/100 psn|[from] psn
|upkeep
|turn|6
|
|t:|1776107330
|move|p1a: Deoxys|Shadow Ball|p2a: Hatterene
|-supereffective|p2a: Hatterene
|-damage|p2a: Hatterene|9/100 psn
|-damage|p1a: Deoxys|40/100|[from] item: Life Orb
|move|p2a: Hatterene|Psychic Noise|p1a: Deoxys
|-resisted|p1a: Deoxys
|-damage|p1a: Deoxys|17/100
|-start|p1a: Deoxys|move: Heal Block
|
|-damage|p2a: Hatterene|0 fnt|[from] psn
|faint|p2a: Hatterene
|upkeep
|
|t:|1776107347
|switch|p2a: Tyranitar|Tyranitar, M|86/100 psn
|-weather|Sandstorm|[from] ability: Sand Stream|[of] p2a: Tyranitar
|turn|7
|inactive|HIAFH has 120 seconds left.
|
|t:|1776107373
|switch|p2a: Zapdos|Zapdos|100/100
|move|p1a: Deoxys|Focus Blast|p2a: Zapdos
|-resisted|p2a: Zapdos
|-damage|p2a: Zapdos|47/100
|-damage|p1a: Deoxys|7/100|[from] item: Life Orb
|
|-weather|Sandstorm|[upkeep]
|-damage|p1a: Deoxys|1/100|[from] Sandstorm
|-damage|p2a: Zapdos|41/100|[from] Sandstorm
|-end|p1a: Deoxys|move: Heal Block
|upkeep
|turn|8
|inactive|HIAFH has 120 seconds left.
|
|t:|1776107392
|switch|p2a: Hydrapple|Hydrapple, F|100/100
|move|p1a: Deoxys|Shadow Ball|p2a: Hydrapple
|-damage|p2a: Hydrapple|35/100
|-damage|p1a: Deoxys|0 fnt|[from] item: Life Orb
|faint|p1a: Deoxys
|
|-weather|Sandstorm|[upkeep]
|-damage|p2a: Hydrapple|28/100|[from] Sandstorm
|upkeep
|inactive|ign28 has 90 seconds left.
|
|t:|1776107423
|switch|p1a: Ceruledge|Ceruledge, F|100/100
|-item|p1a: Ceruledge|Air Balloon
|turn|9
|inactive|HIAFH has 120 seconds left.
|
|t:|1776107435
|move|p1a: Ceruledge|Bitter Blade|p2a: Hydrapple
|-damage|p2a: Hydrapple|0 fnt
|faint|p2a: Hydrapple
|
|-weather|Sandstorm|[upkeep]
|-damage|p1a: Ceruledge|94/100|[from] Sandstorm
|upkeep
|
|t:|1776107443
|switch|p2a: Zapdos|Zapdos|41/100
|turn|10
|
|t:|1776107455
|move|p2a: Zapdos|Weather Ball|p1a: Ceruledge
|-supereffective|p1a: Ceruledge
|-damage|p1a: Ceruledge|0 fnt
|-enditem|p1a: Ceruledge|Air Balloon
|faint|p1a: Ceruledge
|
|-weather|Sandstorm|[upkeep]
|-damage|p2a: Zapdos|34/100|[from] Sandstorm
|upkeep
|
|t:|1776107463
|switch|p1a: Great Tusk|Great Tusk|70/100
|turn|11
|
|t:|1776107466
|switch|p2a: Alomomola|Alomomola, F|100/100
|move|p1a: Great Tusk|Stone Edge|p2a: Alomomola
|-damage|p2a: Alomomola|86/100
|
|-weather|none
|upkeep
|turn|12
|
|t:|1776107474
|-end|p1a: Great Tusk|Protosynthesis|[silent]
|switch|p1a: Kingambit|Kingambit, F|100/100
|-activate|p1a: Kingambit|ability: Supreme Overlord
|-start|p1a: Kingambit|fallen3|[silent]
|move|p2a: Alomomola|Wish|p2a: Alomomola
|
|upkeep
|turn|13
|inactive|ign28 has 120 seconds left.
|
|t:|1776107483
|move|p1a: Kingambit|Swords Dance|p1a: Kingambit
|-boost|p1a: Kingambit|atk|2
|move|p2a: Alomomola|Flip Turn|p1a: Kingambit
|-damage|p1a: Kingambit|87/100
|
|t:|1776107490
|switch|p2a: Excadrill|Excadrill, F|100/100|[from] Flip Turn
|
|-heal|p1a: Kingambit|93/100|[from] item: Leftovers
|upkeep
|turn|14
|
|t:|1776107499
|-terastallize|p2a: Excadrill|Dark
|move|p1a: Kingambit|Sucker Punch|p2a: Excadrill
|-resisted|p2a: Excadrill
|-damage|p2a: Excadrill|37/100
|move|p2a: Excadrill|Earthquake|p1a: Kingambit
|-supereffective|p1a: Kingambit
|-crit|p1a: Kingambit
|-damage|p1a: Kingambit|0 fnt
|faint|p1a: Kingambit
|-end|p1a: Kingambit|fallen3|[silent]
|
|upkeep
|
|t:|1776107509
|switch|p1a: Great Tusk|Great Tusk|70/100
|turn|15
|
|t:|1776107513
|switch|p2a: Alomomola|Alomomola, F|100/100
|move|p1a: Great Tusk|Headlong Rush|p2a: Alomomola
|-damage|p2a: Alomomola|72/100
|-unboost|p1a: Great Tusk|def|1
|-unboost|p1a: Great Tusk|spd|1
|
|upkeep
|turn|16
|
|t:|1776107522
|-end|p1a: Great Tusk|Protosynthesis|[silent]
|switch|p1a: Dragonite|Dragonite, F|100/100
|move|p2a: Alomomola|Wish|p2a: Alomomola
|
|upkeep
|turn|17
|
|t:|1776107527
|move|p1a: Dragonite|Encore|p2a: Alomomola
|-start|p2a: Alomomola|Encore
|move|p2a: Alomomola|Wish||[still]
|-fail|p2a: Alomomola
|
|-heal|p2a: Alomomola|100/100|[from] move: Wish|[wisher] Alomomola
|upkeep
|turn|18
|
|t:|1776107539
|switch|p2a: Tyranitar|Tyranitar, M|86/100 psn
|-weather|Sandstorm|[from] ability: Sand Stream|[of] p2a: Tyranitar
|move|p1a: Dragonite|Dragon Dance|p1a: Dragonite
|-boost|p1a: Dragonite|atk|1
|-boost|p1a: Dragonite|spe|1
|
|-weather|Sandstorm|[upkeep]
|-damage|p1a: Dragonite|94/100|[from] Sandstorm
|-damage|p2a: Tyranitar|73/100 psn|[from] psn
|upkeep
|turn|19
|
|t:|1776107555
|move|p1a: Dragonite|Earthquake|p2a: Tyranitar
|-supereffective|p2a: Tyranitar
|-crit|p2a: Tyranitar
|-damage|p2a: Tyranitar|0 fnt
|faint|p2a: Tyranitar
|
|-weather|Sandstorm|[upkeep]
|-damage|p1a: Dragonite|88/100|[from] Sandstorm
|upkeep
|
|t:|1776107563
|switch|p2a: Alomomola|Alomomola, F|100/100
|turn|20
|
|t:|1776107576
|move|p1a: Dragonite|Dragon Dance|p1a: Dragonite
|-boost|p1a: Dragonite|atk|1
|-boost|p1a: Dragonite|spe|1
|move|p2a: Alomomola|Play Rough|p1a: Dragonite
|-supereffective|p1a: Dragonite
|-crit|p1a: Dragonite
|-damage|p1a: Dragonite|30/100
|-unboost|p1a: Dragonite|atk|1
|
|-weather|Sandstorm|[upkeep]
|-damage|p1a: Dragonite|24/100|[from] Sandstorm
|-damage|p2a: Alomomola|94/100|[from] Sandstorm
|upkeep
|turn|21
|
|t:|1776107588
|-terastallize|p1a: Dragonite|Fairy
|move|p1a: Dragonite|Tera Blast|p2a: Alomomola|[anim] Tera Blast Fairy
|-damage|p2a: Alomomola|62/100
|move|p2a: Alomomola|Play Rough|p1a: Dragonite|[miss]
|-miss|p2a: Alomomola|p1a: Dragonite
|
|-weather|Sandstorm|[upkeep]
|-damage|p1a: Dragonite|18/100|[from] Sandstorm
|-damage|p2a: Alomomola|56/100|[from] Sandstorm
|upkeep
|turn|22
|
|t:|1776107599
|move|p1a: Dragonite|Dragon Dance|p1a: Dragonite
|-boost|p1a: Dragonite|atk|1
|-boost|p1a: Dragonite|spe|1
|move|p2a: Alomomola|Flip Turn|p1a: Dragonite
|-damage|p1a: Dragonite|0 fnt
|faint|p1a: Dragonite
|-message|ign28 forfeited.
|
|win|HIAFH
|raw|ign28's rating: 1689 &rarr; <strong>1663</strong><br />(-26 for losing)
|raw|HIAFH's rating: 1576 &rarr; <strong>1602</strong><br />(+26 for winning)
|l|☆ign28
|player|p1|
