|html|<div class="broadcast-blue"><strong>[Gen 9] OU is currently suspecting Tera Blast! For information on how to participate check out the <a href="https://www.smogon.com/tools/suspects/view/200">suspect thread</a>.</strong></div>
|j|☆untilting1877
|j|☆A Bread Sandwich
|t:|1776046665
|gametype|singles
|player|p1|untilting1877|2|1646
|player|p2|A Bread Sandwich|#umplivsupershaymin|1591
|gen|9
|tier|[Gen 9] OU
|rated|
|rule|HP Percentage Mod: HP is shown in percentages
|rule|Endless Battle Clause: Forcing endless battles is banned
|rule|Species Clause: Limit one of each Pokémon
|rule|OHKO Clause: OHKO moves are banned
|rule|Evasion Items Clause: Evasion items are banned
|rule|Evasion Moves Clause: Evasion moves are banned
|rule|Evasion Abilities Clause: Evasion abilities are banned
|rule|Sleep Moves Clause: Sleep-inducing moves are banned
|clearpoke
|poke|p1|Tornadus-Therian, M|
|poke|p1|Tinkaton, F|
|poke|p1|Slowking-Galar, F|
|poke|p1|Sinistcha|
|poke|p1|Weavile, F|
|poke|p1|Volcanion|
|poke|p2|Iron Moth|
|poke|p2|Gliscor, F|
|poke|p2|Hatterene, F|
|poke|p2|Ogerpon-Wellspring, F|
|poke|p2|Raging Bolt|
|poke|p2|Zamazenta-*|
|teampreview
|
|t:|1776046679
|teamsize|p1|6
|teamsize|p2|6
|start
|switch|p1a: Slowking|Slowking-Galar, F|100/100
|switch|p2a: Zamazenta|Zamazenta|100/100
|-ability|p2a: Zamazenta|Dauntless Shield|boost
|-boost|p2a: Zamazenta|def|1
|turn|1
|
|t:|1776046690
|move|p2a: Zamazenta|Light Screen|p2a: Zamazenta
|-sidestart|p2: A Bread Sandwich|move: Light Screen
|move|p1a: Slowking|Toxic Spikes|p2a: Zamazenta
|-sidestart|p2: A Bread Sandwich|move: Toxic Spikes
|
|upkeep
|turn|2
|j| chillncurry
|
|t:|1776046694
|move|p2a: Zamazenta|Reflect|p2a: Zamazenta
|-sidestart|p2: A Bread Sandwich|Reflect
|-prepare|p1a: Slowking|Chilly Reception|[premajor]
|move|p1a: Slowking|Chilly Reception|p1a: Slowking
|-weather|Snowscape
|
|t:|1776046698
|switch|p1a: Tinkaton|Tinkaton, F|100/100|[from] Chilly Reception
|-item|p1a: Tinkaton|Air Balloon
|
|-weather|Snowscape|[upkeep]
|upkeep
|turn|3
|
|t:|1776046703
|switch|p2a: Iron Moth|Iron Moth|100/100
|-sideend|p2: A Bread Sandwich|move: Toxic Spikes|[of] p2a: Iron Moth
|-enditem|p2a: Iron Moth|Booster Energy
|-activate|p2a: Iron Moth|ability: Quark Drive|[fromitem]
|-start|p2a: Iron Moth|quarkdrivespe
|move|p1a: Tinkaton|Thunder Wave|p2a: Iron Moth
|-status|p2a: Iron Moth|par
|
|-weather|Snowscape|[upkeep]
|upkeep
|turn|4
|
|t:|1776046708
|switch|p1a: Slowking|Slowking-Galar, F|100/100
|-end|p2a: Iron Moth|Quark Drive|[silent]
|switch|p2a: Gliscor|Gliscor, F|100/100
|
|-weather|Snowscape|[upkeep]
|-status|p2a: Gliscor|tox|[from] item: Toxic Orb
|upkeep
|turn|5
|
|t:|1776046714
|switch|p1a: Tinkaton|Tinkaton, F|100/100
|-item|p1a: Tinkaton|Air Balloon
|move|p2a: Gliscor|Swords Dance|p2a: Gliscor
|-boost|p2a: Gliscor|atk|2
|
|-weather|Snowscape|[upkeep]
|upkeep
|turn|6
|
|t:|1776046718
|move|p1a: Tinkaton|Encore|p2a: Gliscor
|-start|p2a: Gliscor|Encore
|move|p2a: Gliscor|Swords Dance|p2a: Gliscor
|-boost|p2a: Gliscor|atk|2
|
|-weather|none
|upkeep
|turn|7
|j| voy por todos
|
|t:|1776046724
|switch|p2a: Ogerpon|Ogerpon-Wellspring, F|100/100
|move|p1a: Tinkaton|Stealth Rock|p2a: Ogerpon
|-sidestart|p2: A Bread Sandwich|move: Stealth Rock
|
|upkeep
|turn|8
|
|t:|1776046728
|move|p2a: Ogerpon|Encore|p1a: Tinkaton
|-start|p1a: Tinkaton|Encore
|move|p1a: Tinkaton|Stealth Rock||[still]
|-fail|p1a: Tinkaton
|
|-sideend|p2: A Bread Sandwich|move: Light Screen
|upkeep
|turn|9
|
|t:|1776046736
|switch|p1a: Sinistcha|Sinistcha|100/100
|move|p2a: Ogerpon|Swords Dance|p2a: Ogerpon
|-boost|p2a: Ogerpon|atk|2
|
|-sideend|p2: A Bread Sandwich|Reflect
|upkeep
|turn|10
|
|t:|1776046744
|move|p2a: Ogerpon|Trailblaze|p1a: Sinistcha
|-resisted|p1a: Sinistcha
|-damage|p1a: Sinistcha|79/100
|-boost|p2a: Ogerpon|spe|1
|move|p1a: Sinistcha|Matcha Gotcha|p2a: Ogerpon
|-damage|p2a: Ogerpon|61/100
|-heal|p1a: Sinistcha|97/100|[from] drain|[of] p2a: Ogerpon
|
|upkeep
|turn|11
|
|t:|1776046756
|move|p2a: Ogerpon|Ivy Cudgel|p1a: Sinistcha|[anim] Ivy Cudgel Water
|-resisted|p1a: Sinistcha
|-damage|p1a: Sinistcha|53/100
|move|p1a: Sinistcha|Matcha Gotcha|p2a: Ogerpon|[miss]
|-miss|p1a: Sinistcha|p2a: Ogerpon
|
|upkeep
|turn|12
|
|t:|1776046768
|-terastallize|p2a: Ogerpon|Water
|detailschange|p2a: Ogerpon|Ogerpon-Wellspring-Tera, F, tera:Water
|-ability|p2a: Ogerpon|Embody Aspect (Wellspring)|boost
|-boost|p2a: Ogerpon|spd|1
|move|p2a: Ogerpon|Ivy Cudgel|p1a: Sinistcha|[anim] Ivy Cudgel Water
|-resisted|p1a: Sinistcha
|-damage|p1a: Sinistcha|0 fnt
|faint|p1a: Sinistcha
|
|upkeep
|j| Shucklepilled
|
|t:|1776046777
|switch|p1a: Volcanion|Volcanion|100/100
|turn|13
|
|t:|1776046784
|move|p2a: Ogerpon|Trailblaze|p1a: Volcanion
|-damage|p1a: Volcanion|61/100
|-boost|p2a: Ogerpon|spe|1
|move|p1a: Volcanion|Steam Eruption|p2a: Ogerpon
|-resisted|p2a: Ogerpon
|-damage|p2a: Ogerpon|43/100
|
|upkeep
|turn|14
|
|t:|1776046793
|move|p2a: Ogerpon|Trailblaze|p1a: Volcanion
|-damage|p1a: Volcanion|18/100
|-boost|p2a: Ogerpon|spe|1
|move|p1a: Volcanion|Steam Eruption|p2a: Ogerpon
|-resisted|p2a: Ogerpon
|-damage|p2a: Ogerpon|23/100
|
|upkeep
|turn|15
|
|t:|1776046798
|move|p2a: Ogerpon|Trailblaze|p1a: Volcanion
|-damage|p1a: Volcanion|0 fnt
|-boost|p2a: Ogerpon|spe|1
|faint|p1a: Volcanion
|
|upkeep
|
|t:|1776046800
|switch|p1a: Slowking|Slowking-Galar, F|100/100
|turn|16
|
|t:|1776046802
|-terastallize|p1a: Slowking|Water
|move|p2a: Ogerpon|Ivy Cudgel|p1a: Slowking|[anim] Ivy Cudgel Water
|-resisted|p1a: Slowking
|-damage|p1a: Slowking|13/100
|move|p1a: Slowking|Sludge Bomb|p2a: Ogerpon
|-damage|p2a: Ogerpon|0 fnt
|faint|p2a: Ogerpon
|detailschange|p2: Ogerpon|Ogerpon-Wellspring, F|[silent]
|
|upkeep
|
|t:|1776046814
|switch|p2a: Raging Bolt|Raging Bolt|100/100
|-damage|p2a: Raging Bolt|88/100|[from] Stealth Rock
|-enditem|p2a: Raging Bolt|Booster Energy
|-activate|p2a: Raging Bolt|ability: Protosynthesis|[fromitem]
|-start|p2a: Raging Bolt|protosynthesisspa
|turn|17
|
|t:|1776046819
|move|p2a: Raging Bolt|Calm Mind|p2a: Raging Bolt
|-boost|p2a: Raging Bolt|spa|1
|-boost|p2a: Raging Bolt|spd|1
|move|p1a: Slowking|Sludge Bomb|p2a: Raging Bolt
|-damage|p2a: Raging Bolt|68/100
|-status|p2a: Raging Bolt|psn
|
|-damage|p2a: Raging Bolt|56/100 psn|[from] psn
|upkeep
|turn|18
|
|t:|1776046822
|move|p2a: Raging Bolt|Thunderbolt|p1a: Slowking
|-supereffective|p1a: Slowking
|-damage|p1a: Slowking|0 fnt
|faint|p1a: Slowking
|
|-damage|p2a: Raging Bolt|43/100 psn|[from] psn
|upkeep
|
|t:|1776046824
|switch|p1a: Weavile|Weavile, F|100/100
|-ability|p1a: Weavile|Pressure
|turn|19
|
|t:|1776046826
|move|p2a: Raging Bolt|Thunderclap|p1a: Weavile
|-damage|p1a: Weavile|0 fnt
|faint|p1a: Weavile
|
|-damage|p2a: Raging Bolt|31/100 psn|[from] psn
|upkeep
|
|t:|1776046831
|switch|p1a: Tinkaton|Tinkaton, F|100/100
|-item|p1a: Tinkaton|Air Balloon
|turn|20
|
|t:|1776046839
|-end|p2a: Raging Bolt|Protosynthesis|[silent]
|switch|p2a: Iron Moth|Iron Moth|100/100 par
|-damage|p2a: Iron Moth|76/100 par|[from] Stealth Rock
|move|p1a: Tinkaton|Encore||[still]
|-fail|p1a: Tinkaton
|
|upkeep
|turn|21
|
|t:|1776046846
|move|p1a: Tinkaton|Gigaton Hammer|p2a: Iron Moth
|-resisted|p2a: Iron Moth
|-damage|p2a: Iron Moth|41/100 par
|move|p2a: Iron Moth|Fiery Dance|p1a: Tinkaton
|-supereffective|p1a: Tinkaton
|-crit|p1a: Tinkaton
|-damage|p1a: Tinkaton|0 fnt
|-boost|p2a: Iron Moth|spa|1
|-enditem|p1a: Tinkaton|Air Balloon
|faint|p1a: Tinkaton
|
|upkeep
|
|t:|1776046848
|switch|p1a: Tornadus|Tornadus-Therian, M|100/100
|turn|22
|
|t:|1776046854
|move|p1a: Tornadus|Bleakwind Storm|p2a: Iron Moth
|-damage|p2a: Iron Moth|0 fnt
|faint|p2a: Iron Moth
|-end|p2a: Iron Moth|Quark Drive|[silent]
|-damage|p1a: Tornadus|91/100|[from] item: Life Orb
|
|upkeep
|
|t:|1776046862
|switch|p2a: Zamazenta|Zamazenta|100/100
|-damage|p2a: Zamazenta|94/100|[from] Stealth Rock
|turn|23
|
|t:|1776046866
|move|p2a: Zamazenta|Light Screen|p2a: Zamazenta
|-sidestart|p2: A Bread Sandwich|move: Light Screen
|move|p1a: Tornadus|Nasty Plot|p1a: Tornadus
|-boost|p1a: Tornadus|spa|2
|
|upkeep
|turn|24
|
|t:|1776046869
|move|p2a: Zamazenta|Ice Fang|p1a: Tornadus
|-supereffective|p1a: Tornadus
|-damage|p1a: Tornadus|37/100
|move|p1a: Tornadus|Bleakwind Storm|p2a: Zamazenta
|-supereffective|p2a: Zamazenta
|-damage|p2a: Zamazenta|0 fnt
|faint|p2a: Zamazenta
|-damage|p1a: Tornadus|28/100|[from] item: Life Orb
|
|upkeep
|
|t:|1776046876
|switch|p2a: Gliscor|Gliscor, F|100/100 tox
|-damage|p2a: Gliscor|88/100 tox|[from] Stealth Rock
|turn|25
|
|t:|1776046878
|move|p1a: Tornadus|Bleakwind Storm|p2a: Gliscor
|-damage|p2a: Gliscor|5/100 tox
|-damage|p1a: Tornadus|18/100|[from] item: Life Orb
|move|p2a: Gliscor|Facade|p1a: Tornadus
|-damage|p1a: Tornadus|0 fnt
|faint|p1a: Tornadus
|
|win|A Bread Sandwich
|raw|untilting1877's rating: 1646 &rarr; <strong>1623</strong><br />(-23 for losing)
|raw|A Bread Sandwich's rating: 1591 &rarr; <strong>1614</strong><br />(+23 for winning)
|l|☆untilting1877
|player|p1|
|l| voy por todos
|l| Shucklepilled
