|html|<div class="broadcast-blue"><strong>[Gen 9] OU is currently suspecting Tera Blast! For information on how to participate check out the <a href="https://www.smogon.com/tools/suspects/view/200">suspect thread</a>.</strong></div>
|j|☆Zuifeng
|j|☆TOMBDADDY
|t:|1776215198
|gametype|singles
|player|p1|Zuifeng|li|1637
|player|p2|TOMBDADDY|unknown|1621
|gen|9
|tier|[Gen 9] OU
|rated|
|rule|HP Percentage Mod: HP is shown in percentages
|rule|Endless Battle Clause: Forcing endless battles is banned
|rule|Species Clause: Limit one of each Pokémon
|rule|OHKO Clause: OHKO moves are banned
|rule|Evasion Items Clause: Evasion items are banned
|rule|Evasion Moves Clause: Evasion moves are banned
|rule|Evasion Abilities Clause: Evasion abilities are banned
|rule|Sleep Moves Clause: Sleep-inducing moves are banned
|clearpoke
|poke|p1|Latios, M|
|poke|p1|Pecharunt|
|poke|p1|Ting-Lu|
|poke|p1|Dragonite, F|
|poke|p1|Dragapult, M|
|poke|p1|Weavile, M|
|poke|p2|Dragapult, F|
|poke|p2|Alomomola, F|
|poke|p2|Ting-Lu|
|poke|p2|Kyurem|
|poke|p2|Weezing-Galar, M|
|poke|p2|Corviknight, M|
|teampreview
|inactive|Battle timer is ON: inactive players will automatically lose when time's up. (requested by Zuifeng)
|inactive|Zuifeng has 120 seconds left.
|inactive|Zuifeng has 90 seconds left.
|
|t:|1776215261
|teamsize|p1|6
|teamsize|p2|6
|start
|switch|p1a: Ting-Lu|Ting-Lu|100/100
|switch|p2a: Dragapult|Dragapult, F|100/100
|-ability|p1a: Ting-Lu|Vessel of Ruin
|turn|1
|
|t:|1776215268
|move|p2a: Dragapult|Will-O-Wisp|p1a: Ting-Lu
|-status|p1a: Ting-Lu|brn
|move|p1a: Ting-Lu|Stealth Rock|p2a: Dragapult
|-sidestart|p2: TOMBDADDY|move: Stealth Rock
|
|-damage|p1a: Ting-Lu|94/100 brn|[from] brn
|upkeep
|turn|2
|
|t:|1776215279
|switch|p2a: Corviknight|Corviknight, M|100/100
|-damage|p2a: Corviknight|88/100|[from] Stealth Rock
|-ability|p2a: Corviknight|Pressure
|move|p1a: Ting-Lu|Spikes|p2a: Corviknight
|-sidestart|p2: TOMBDADDY|Spikes
|
|-heal|p1a: Ting-Lu|100/100 brn|[from] item: Leftovers
|-heal|p2a: Corviknight|94/100|[from] item: Leftovers
|-damage|p1a: Ting-Lu|94/100 brn|[from] brn
|upkeep
|turn|3
|
|t:|1776215284
|move|p1a: Ting-Lu|Ruination|p2a: Corviknight
|-damage|p2a: Corviknight|47/100
|move|p2a: Corviknight|Defog|p1a: Ting-Lu
|-unboost|p1a: Ting-Lu|evasion|1
|-sideend|p2: TOMBDADDY|Spikes|[from] move: Defog|[of] p2a: Corviknight
|-sideend|p2: TOMBDADDY|Stealth Rock|[from] move: Defog|[of] p2a: Corviknight
|
|-heal|p1a: Ting-Lu|100/100 brn|[from] item: Leftovers
|-heal|p2a: Corviknight|54/100|[from] item: Leftovers
|-damage|p1a: Ting-Lu|94/100 brn|[from] brn
|upkeep
|turn|4
|
|t:|1776215288
|switch|p1a: Dragapult|Dragapult, M|100/100
|move|p2a: Corviknight|U-turn|p1a: Dragapult
|-resisted|p1a: Dragapult
|-damage|p1a: Dragapult|91/100
|
|t:|1776215299
|switch|p2a: Weezing|Weezing-Galar, M|100/100|[from] U-turn
|-ability|p2a: Weezing|Neutralizing Gas
|
|upkeep
|turn|5
|
|t:|1776215307
|move|p2a: Weezing|Protect|p2a: Weezing
|-singleturn|p2a: Weezing|Protect
|move|p1a: Dragapult|Will-O-Wisp|p2a: Weezing
|-activate|p2a: Weezing|move: Protect
|
|upkeep
|turn|6
|
|t:|1776215312
|move|p1a: Dragapult|Will-O-Wisp|p2a: Weezing
|-status|p2a: Weezing|brn
|move|p2a: Weezing|Toxic|p1a: Dragapult
|-status|p1a: Dragapult|tox
|
|-damage|p1a: Dragapult|85/100 tox|[from] psn
|-damage|p2a: Weezing|94/100 brn|[from] brn
|upkeep
|turn|7
|
|t:|1776215318
|switch|p1a: Latios|Latios, M|100/100
|move|p2a: Weezing|Protect||[still]
|-fail|p2a: Weezing
|
|-heal|p2a: Weezing|100/100 brn|[from] item: Leftovers
|-damage|p2a: Weezing|94/100 brn|[from] brn
|upkeep
|turn|8
|
|t:|1776215336
|move|p1a: Latios|Psychic Noise|p2a: Weezing
|-supereffective|p2a: Weezing
|-damage|p2a: Weezing|0 fnt
|faint|p2a: Weezing
|-end|p2a: Weezing|ability: Neutralizing Gas
|
|upkeep
|
|t:|1776215340
|switch|p2a: Dragapult|Dragapult, F|100/100
|turn|9
|
|t:|1776215349
|switch|p1a: Ting-Lu|Ting-Lu|94/100 brn
|-ability|p1a: Ting-Lu|Vessel of Ruin
|-terastallize|p2a: Dragapult|Ghost
|move|p2a: Dragapult|Tera Blast|p1a: Ting-Lu|[anim] Tera Blast Ghost
|-resisted|p1a: Ting-Lu
|-crit|p1a: Ting-Lu
|-damage|p1a: Ting-Lu|63/100 brn
|
|-heal|p1a: Ting-Lu|69/100 brn|[from] item: Leftovers
|-damage|p1a: Ting-Lu|63/100 brn|[from] brn
|upkeep
|turn|10
|
|t:|1776215357
|switch|p2a: Corviknight|Corviknight, M|54/100
|-ability|p2a: Corviknight|Pressure
|move|p1a: Ting-Lu|Stealth Rock|p2a: Corviknight
|-sidestart|p2: TOMBDADDY|move: Stealth Rock
|
|-heal|p1a: Ting-Lu|69/100 brn|[from] item: Leftovers
|-heal|p2a: Corviknight|60/100|[from] item: Leftovers
|-damage|p1a: Ting-Lu|63/100 brn|[from] brn
|upkeep
|turn|11
|
|t:|1776215360
|switch|p1a: Latios|Latios, M|100/100
|move|p2a: Corviknight|Roost|p2a: Corviknight
|-heal|p2a: Corviknight|100/100
|-singleturn|p2a: Corviknight|move: Roost
|
|upkeep
|turn|12
|
|t:|1776215364
|move|p1a: Latios|Calm Mind|p1a: Latios
|-boost|p1a: Latios|spa|1
|-boost|p1a: Latios|spd|1
|move|p2a: Corviknight|U-turn|p1a: Latios
|-supereffective|p1a: Latios
|-crit|p1a: Latios
|-damage|p1a: Latios|42/100
|
|t:|1776215368
|switch|p2a: Dragapult|Dragapult, F, tera:Ghost|100/100|[from] U-turn
|-damage|p2a: Dragapult|88/100|[from] Stealth Rock
|
|upkeep
|turn|13
|
|t:|1776215380
|switch|p1a: Ting-Lu|Ting-Lu|63/100 brn
|-ability|p1a: Ting-Lu|Vessel of Ruin
|move|p2a: Dragapult|Tera Blast|p1a: Ting-Lu|[anim] Tera Blast Ghost
|-resisted|p1a: Ting-Lu
|-damage|p1a: Ting-Lu|41/100 brn
|
|-heal|p1a: Ting-Lu|48/100 brn|[from] item: Leftovers
|-damage|p1a: Ting-Lu|41/100 brn|[from] brn
|upkeep
|turn|14
|
|t:|1776215400
|switch|p2a: Kyurem|Kyurem|100/100
|-damage|p2a: Kyurem|76/100|[from] Stealth Rock
|-ability|p2a: Kyurem|Pressure
|switch|p1a: Latios|Latios, M|42/100
|
|-heal|p2a: Kyurem|82/100|[from] item: Leftovers
|upkeep
|turn|15
|
|t:|1776215406
|switch|p2a: Corviknight|Corviknight, M|100/100
|-damage|p2a: Corviknight|88/100|[from] Stealth Rock
|-ability|p2a: Corviknight|Pressure
|-terastallize|p1a: Latios|Steel
|move|p1a: Latios|Recover|p1a: Latios
|-heal|p1a: Latios|92/100
|
|-heal|p2a: Corviknight|94/100|[from] item: Leftovers
|upkeep
|turn|16
|
|t:|1776215414
|move|p1a: Latios|Calm Mind|p1a: Latios
|-boost|p1a: Latios|spa|1
|-boost|p1a: Latios|spd|1
|move|p2a: Corviknight|Defog|p1a: Latios
|-unboost|p1a: Latios|evasion|1
|-sideend|p2: TOMBDADDY|Stealth Rock|[from] move: Defog|[of] p2a: Corviknight
|
|-heal|p2a: Corviknight|100/100|[from] item: Leftovers
|upkeep
|turn|17
|
|t:|1776215418
|move|p1a: Latios|Psychic Noise|p2a: Corviknight
|-resisted|p2a: Corviknight
|-damage|p2a: Corviknight|78/100
|-start|p2a: Corviknight|move: Heal Block
|move|p2a: Corviknight|U-turn|p1a: Latios
|-resisted|p1a: Latios
|-damage|p1a: Latios|83/100
|
|t:|1776215421
|switch|p2a: Dragapult|Dragapult, F, tera:Ghost|88/100|[from] U-turn
|
|upkeep
|turn|18
|
|t:|1776215427
|switch|p1a: Ting-Lu|Ting-Lu|41/100 brn
|-ability|p1a: Ting-Lu|Vessel of Ruin
|move|p2a: Dragapult|Tera Blast|p1a: Ting-Lu|[anim] Tera Blast Ghost
|-resisted|p1a: Ting-Lu
|-damage|p1a: Ting-Lu|19/100 brn
|
|-heal|p1a: Ting-Lu|25/100 brn|[from] item: Leftovers
|-damage|p1a: Ting-Lu|19/100 brn|[from] brn
|upkeep
|turn|19
|
|t:|1776215430
|move|p2a: Dragapult|Tera Blast|p1a: Ting-Lu|[anim] Tera Blast Ghost
|-resisted|p1a: Ting-Lu
|-damage|p1a: Ting-Lu|0 fnt
|faint|p1a: Ting-Lu
|
|upkeep
|
|t:|1776215436
|switch|p1a: Weavile|Weavile, M|100/100
|-ability|p1a: Weavile|Pressure
|turn|20
|
|t:|1776215441
|switch|p2a: Alomomola|Alomomola, F|100/100
|switch|p1a: Pecharunt|Pecharunt|100/100
|
|upkeep
|turn|21
|
|t:|1776215450
|switch|p2a: Corviknight|Corviknight, M|78/100
|-ability|p2a: Corviknight|Pressure
|move|p1a: Pecharunt|Parting Shot|p2a: Corviknight
|-unboost|p2a: Corviknight|atk|1
|-unboost|p2a: Corviknight|spa|1
|
|t:|1776215457
|switch|p1a: Weavile|Weavile, M|100/100|[from] Parting Shot
|-ability|p1a: Weavile|Pressure
|
|-heal|p2a: Corviknight|84/100|[from] item: Leftovers
|upkeep
|turn|22
|
|t:|1776215463
|switch|p2a: Alomomola|Alomomola, F|100/100
|move|p1a: Weavile|Knock Off|p2a: Alomomola
|-damage|p2a: Alomomola|75/100
|-damage|p1a: Weavile|84/100|[from] item: Rocky Helmet|[of] p2a: Alomomola
|-enditem|p2a: Alomomola|Rocky Helmet|[from] move: Knock Off|[of] p1a: Weavile
|
|upkeep
|turn|23
|-message|Zuifeng forfeited.
|
|win|TOMBDADDY
|raw|Zuifeng's rating: 1637 &rarr; <strong>1616</strong><br />(-21 for losing)
|raw|TOMBDADDY's rating: 1621 &rarr; <strong>1642</strong><br />(+21 for winning)
|l|☆Zuifeng
|player|p1|
