|html|<div class="broadcast-blue"><strong>[Gen 9] OU is currently suspecting Tera Blast! For information on how to participate check out the <a href="https://www.smogon.com/tools/suspects/view/200">suspect thread</a>.</strong></div>
|j|☆uioijoim'0i0
|j|☆Craftyfox519
|t:|1776153792
|gametype|singles
|player|p1|uioijoim'0i0|cynthia-gen4|1203
|player|p2|Craftyfox519|red|1213
|gen|9
|tier|[Gen 9] OU
|rated|
|rule|HP Percentage Mod: HP is shown in percentages
|rule|Endless Battle Clause: Forcing endless battles is banned
|rule|Species Clause: Limit one of each Pokémon
|rule|OHKO Clause: OHKO moves are banned
|rule|Evasion Items Clause: Evasion items are banned
|rule|Evasion Moves Clause: Evasion moves are banned
|rule|Evasion Abilities Clause: Evasion abilities are banned
|rule|Sleep Moves Clause: Sleep-inducing moves are banned
|clearpoke
|poke|p1|Iron Treads|
|poke|p1|Dragapult, M|
|poke|p1|Great Tusk|
|poke|p1|Amoonguss, F|
|poke|p1|Avalugg, F|
|poke|p1|Inteleon, F|
|poke|p2|Iron Valiant|
|poke|p2|Dragonite, M|
|poke|p2|Great Tusk|
|poke|p2|Deoxys-Speed|
|poke|p2|Glimmora, M|
|poke|p2|Kingambit, F|
|teampreview
|inactive|Battle timer is ON: inactive players will automatically lose when time's up. (requested by Craftyfox519)
|inactive|uioijoim'0i0 also wants the timer to be on.
|
|t:|1776153798
|teamsize|p1|6
|teamsize|p2|6
|start
|switch|p1a: 铁迹迹|Iron Treads|100/100
|switch|p2a: Deoxys|Deoxys-Speed|100/100
|-ability|p2a: Deoxys|Pressure
|turn|1
|c|☆Craftyfox519|Gugugaga
|
|t:|1776153812
|move|p2a: Deoxys|Reflect|p2a: Deoxys
|-sidestart|p2: Craftyfox519|Reflect
|move|p1a: 铁迹迹|Stealth Rock|p2a: Deoxys
|-sidestart|p2: Craftyfox519|move: Stealth Rock
|
|upkeep
|turn|2
|
|t:|1776153823
|switch|p2a: Glimmora|Glimmora, M|100/100
|-damage|p2a: Glimmora|88/100|[from] Stealth Rock
|move|p1a: 铁迹迹|Earthquake|p2a: Glimmora
|-supereffective|p2a: Glimmora
|-damage|p2a: Glimmora|0 fnt
|-activate|p2a: Glimmora|ability: Toxic Debris
|-sidestart|p1: uioijoim'0i0|move: Toxic Spikes
|faint|p2a: Glimmora
|
|upkeep
|
|t:|1776153828
|switch|p2a: Dragonite|Dragonite, M|100/100
|-damage|p2a: Dragonite|76/100|[from] Stealth Rock
|turn|3
|
|t:|1776153837
|move|p1a: 铁迹迹|Ice Spinner|p2a: Dragonite
|-supereffective|p2a: Dragonite
|-damage|p2a: Dragonite|32/100
|move|p2a: Dragonite|Dragon Dance|p2a: Dragonite
|-boost|p2a: Dragonite|atk|1
|-boost|p2a: Dragonite|spe|1
|
|-heal|p2a: Dragonite|39/100|[from] item: Leftovers
|upkeep
|turn|4
|
|t:|1776153845
|-terastallize|p2a: Dragonite|Flying
|move|p2a: Dragonite|Dragon Dance|p2a: Dragonite
|-boost|p2a: Dragonite|atk|1
|-boost|p2a: Dragonite|spe|1
|move|p1a: 铁迹迹|Ice Spinner|p2a: Dragonite
|-supereffective|p2a: Dragonite
|-damage|p2a: Dragonite|18/100
|
|-heal|p2a: Dragonite|24/100|[from] item: Leftovers
|upkeep
|turn|5
|
|t:|1776153858
|move|p2a: Dragonite|Earthquake|p1a: 铁迹迹
|-supereffective|p1a: 铁迹迹
|-damage|p1a: 铁迹迹|0 fnt
|faint|p1a: 铁迹迹
|-end|p1a: 铁迹迹|Quark Drive|[silent]
|
|-heal|p2a: Dragonite|31/100|[from] item: Leftovers
|upkeep
|
|t:|1776153867
|switch|p1a: 太帅了|Amoonguss, F, shiny|100/100
|-sideend|p1: uioijoim'0i0|move: Toxic Spikes|[of] p1a: 太帅了
|turn|6
|
|t:|1776153880
|move|p2a: Dragonite|Tera Blast|p1a: 太帅了|[anim] Tera Blast Flying
|-supereffective|p1a: 太帅了
|-damage|p1a: 太帅了|0 fnt
|faint|p1a: 太帅了
|
|-heal|p2a: Dragonite|37/100|[from] item: Leftovers
|upkeep
|
|t:|1776153888
|switch|p1a: 亲子爱|Dragapult, M, shiny|100/100
|turn|7
|
|t:|1776153892
|move|p1a: 亲子爱|Sucker Punch|p2a: Dragonite
|-damage|p2a: Dragonite|18/100
|move|p2a: Dragonite|Tera Blast|p1a: 亲子爱|[anim] Tera Blast Flying
|-damage|p1a: 亲子爱|0 fnt
|faint|p1a: 亲子爱
|
|-heal|p2a: Dragonite|24/100|[from] item: Leftovers
|upkeep
|
|t:|1776153900
|switch|p1a: 避胜客|Inteleon, F|100/100
|turn|8
|
|t:|1776153905
|move|p2a: Dragonite|Tera Blast|p1a: 避胜客|[anim] Tera Blast Flying
|-enditem|p1a: 避胜客|Focus Sash
|-damage|p1a: 避胜客|1/100
|move|p1a: 避胜客|Ice Beam|p2a: Dragonite
|-supereffective|p2a: Dragonite
|-damage|p2a: Dragonite|0 fnt
|faint|p2a: Dragonite
|
|-sideend|p2: Craftyfox519|Reflect
|upkeep
|
|t:|1776153915
|switch|p2a: Iron Valiant|Iron Valiant|100/100
|-damage|p2a: Iron Valiant|94/100|[from] Stealth Rock
|-enditem|p2a: Iron Valiant|Booster Energy
|-activate|p2a: Iron Valiant|ability: Quark Drive|[fromitem]
|-start|p2a: Iron Valiant|quarkdrivespe
|turn|9
|
|t:|1776153922
|move|p2a: Iron Valiant|Moonblast|p1a: 避胜客
|-damage|p1a: 避胜客|0 fnt
|faint|p1a: 避胜客
|
|upkeep
|
|t:|1776153932
|switch|p1a: 冰！！！！！！！|Avalugg, F|100/100
|turn|10
|
|t:|1776153936
|move|p2a: Iron Valiant|Close Combat|p1a: 冰！！！！！！！
|-supereffective|p1a: 冰！！！！！！！
|-damage|p1a: 冰！！！！！！！|44/100
|-unboost|p2a: Iron Valiant|def|1
|-unboost|p2a: Iron Valiant|spd|1
|move|p1a: 冰！！！！！！！|Avalanche|p2a: Iron Valiant
|-damage|p2a: Iron Valiant|0 fnt
|faint|p2a: Iron Valiant
|-end|p2a: Iron Valiant|Quark Drive|[silent]
|
|-heal|p1a: 冰！！！！！！！|50/100|[from] item: Leftovers
|upkeep
|
|t:|1776153943
|switch|p2a: Great Tusk|Great Tusk|100/100
|-damage|p2a: Great Tusk|97/100|[from] Stealth Rock
|-enditem|p2a: Great Tusk|Booster Energy
|-activate|p2a: Great Tusk|ability: Protosynthesis|[fromitem]
|-start|p2a: Great Tusk|protosynthesisspe
|turn|11
|
|t:|1776153973
|move|p2a: Great Tusk|Head Smash|p1a: 冰！！！！！！！
|-supereffective|p1a: 冰！！！！！！！
|-damage|p1a: 冰！！！！！！！|8/100
|-damage|p2a: Great Tusk|80/100|[from] Recoil
|move|p1a: 冰！！！！！！！|Recover|p1a: 冰！！！！！！！
|-heal|p1a: 冰！！！！！！！|58/100
|
|-heal|p1a: 冰！！！！！！！|64/100|[from] item: Leftovers
|upkeep
|turn|12
|
|t:|1776153981
|move|p2a: Great Tusk|Bulk Up|p2a: Great Tusk
|-boost|p2a: Great Tusk|atk|1
|-boost|p2a: Great Tusk|def|1
|move|p1a: 冰！！！！！！！|Recover|p1a: 冰！！！！！！！
|-heal|p1a: 冰！！！！！！！|100/100
|
|upkeep
|turn|13
|
|t:|1776153989
|move|p2a: Great Tusk|Head Smash|p1a: 冰！！！！！！！
|-supereffective|p1a: 冰！！！！！！！
|-damage|p1a: 冰！！！！！！！|31/100
|-damage|p2a: Great Tusk|52/100|[from] Recoil
|move|p1a: 冰！！！！！！！|Avalanche|p2a: Great Tusk
|-supereffective|p2a: Great Tusk
|-damage|p2a: Great Tusk|1/100
|
|-heal|p1a: 冰！！！！！！！|38/100|[from] item: Leftovers
|upkeep
|turn|14
|n|!Craftyfox519|craftyfox519
|
|t:|1776154001
|move|p2a: Great Tusk|Head Smash|p1a: 冰！！！！！！！
|-supereffective|p1a: 冰！！！！！！！
|-damage|p1a: 冰！！！！！！！|0 fnt
|faint|p1a: 冰！！！！！！！
|-damage|p2a: Great Tusk|0 fnt|[from] Recoil
|faint|p2a: Great Tusk
|-end|p2a: Great Tusk|Protosynthesis|[silent]
|
|upkeep
|
|t:|1776154008
|switch|p2a: Deoxys|Deoxys-Speed|100/100
|switch|p1a: 智齿精|Great Tusk, shiny|100/100
|-damage|p2a: Deoxys|88/100|[from] Stealth Rock
|-ability|p2a: Deoxys|Pressure
|-enditem|p1a: 智齿精|Booster Energy
|-activate|p1a: 智齿精|ability: Protosynthesis|[fromitem]
|-start|p1a: 智齿精|protosynthesisatk
|turn|15
|
|t:|1776154016
|move|p2a: Deoxys|Psycho Boost|p1a: 智齿精
|-supereffective|p1a: 智齿精
|-damage|p1a: 智齿精|0 fnt
|-unboost|p2a: Deoxys|spa|2
|faint|p1a: 智齿精
|-end|p1a: 智齿精|Protosynthesis|[silent]
|
|win|Craftyfox519
