|html|<div class="broadcast-blue"><strong>[Gen 9] OU is currently suspecting Tera Blast! For information on how to participate check out the <a href="https://www.smogon.com/tools/suspects/view/200">suspect thread</a>.</strong></div>
|j|☆FraPokemon
|j|‽RN271498
|t:|1776351746
|gametype|singles
|player|p1|FraPokemon|steven|1007
|player|p2|RN271498|lucas|1051
|gen|9
|tier|[Gen 9] OU
|rated|
|rule|HP Percentage Mod: HP is shown in percentages
|rule|Endless Battle Clause: Forcing endless battles is banned
|rule|Species Clause: Limit one of each Pokémon
|rule|OHKO Clause: OHKO moves are banned
|rule|Evasion Items Clause: Evasion items are banned
|rule|Evasion Moves Clause: Evasion moves are banned
|rule|Evasion Abilities Clause: Evasion abilities are banned
|rule|Sleep Moves Clause: Sleep-inducing moves are banned
|clearpoke
|poke|p1|Glimmora, M|
|poke|p1|Hoopa-Unbound|
|poke|p1|Zamazenta-*|
|poke|p1|Kingambit, M|
|poke|p1|Great Tusk|
|poke|p1|Gholdengo|
|poke|p2|Garganacl, M|
|poke|p2|Gardevoir, M|
|poke|p2|Ceruledge, F|
|poke|p2|Raging Bolt|
|poke|p2|Meowscarada, F|
|poke|p2|Swampert, M|
|teampreview
|
|t:|1776351755
|teamsize|p1|6
|teamsize|p2|6
|start
|switch|p1a: Glimmora|Glimmora, M|100/100
|switch|p2a: Ceruledge|Ceruledge, F, shiny|100/100
|turn|1
|
|t:|1776351771
|move|p1a: Glimmora|Stealth Rock|p2a: Ceruledge
|-sidestart|p2: RN271498|move: Stealth Rock
|move|p2a: Ceruledge|Dragon Claw|p1a: Glimmora
|-damage|p1a: Glimmora|67/100
|-activate|p1a: Glimmora|ability: Toxic Debris
|-sidestart|p2: RN271498|move: Toxic Spikes
|
|upkeep
|turn|2
|
|t:|1776351780
|move|p1a: Glimmora|Spikes|p2a: Ceruledge
|-sidestart|p2: RN271498|Spikes
|move|p2a: Ceruledge|Poltergeist|p1a: Glimmora
|-activate|p1a: Glimmora|move: Poltergeist|Focus Sash
|-damage|p1a: Glimmora|0 fnt
|-activate|p1a: Glimmora|ability: Toxic Debris
|-sidestart|p2: RN271498|move: Toxic Spikes
|faint|p1a: Glimmora
|
|upkeep
|
|t:|1776351803
|switch|p1a: Hoopa|Hoopa-Unbound|100/100
|turn|3
|
|t:|1776351809
|move|p1a: Hoopa|Hyperspace Fury|p2a: Ceruledge
|-supereffective|p2a: Ceruledge
|-enditem|p2a: Ceruledge|Focus Sash
|-damage|p2a: Ceruledge|1/100
|-unboost|p1a: Hoopa|def|1
|-damage|p1a: Hoopa|91/100|[from] item: Life Orb
|move|p2a: Ceruledge|Poltergeist|p1a: Hoopa
|-activate|p1a: Hoopa|move: Poltergeist|Life Orb
|-damage|p1a: Hoopa|0 fnt
|faint|p1a: Hoopa
|
|upkeep
|
|t:|1776351824
|switch|p1a: Great Tusk|Great Tusk|100/100
|turn|4
|
|t:|1776351830
|move|p2a: Ceruledge|Flare Blitz|p1a: Great Tusk
|-damage|p1a: Great Tusk|68/100
|-damage|p2a: Ceruledge|0 fnt|[from] item: Rocky Helmet|[of] p1a: Great Tusk
|faint|p2a: Ceruledge
|move|p1a: Great Tusk|Knock Off|p2: Ceruledge|[notarget]
|-fail|p1a: Great Tusk
|
|upkeep
|
|t:|1776351836
|switch|p2a: Meowscarada|Meowscarada, F, shiny|100/100
|-damage|p2a: Meowscarada|88/100|[from] Stealth Rock
|-status|p2a: Meowscarada|tox
|-damage|p2a: Meowscarada|76/100 tox|[from] Spikes
|turn|5
|
|t:|1776351847
|move|p2a: Meowscarada|Flower Trick|p1a: Great Tusk
|-supereffective|p1a: Great Tusk
|-crit|p1a: Great Tusk
|-damage|p1a: Great Tusk|19/100
|move|p1a: Great Tusk|Ice Spinner|p2a: Meowscarada
|-supereffective|p2a: Meowscarada
|-damage|p2a: Meowscarada|8/100 tox
|
|-damage|p2a: Meowscarada|2/100 tox|[from] psn
|upkeep
|turn|6
|
|t:|1776351859
|-end|p1a: Great Tusk|Protosynthesis|[silent]
|switch|p1a: Gholdengo|Gholdengo|100/100
|-item|p1a: Gholdengo|Air Balloon
|move|p2a: Meowscarada|Flower Trick|p1a: Gholdengo
|-resisted|p1a: Gholdengo
|-crit|p1a: Gholdengo
|-damage|p1a: Gholdengo|62/100
|-enditem|p1a: Gholdengo|Air Balloon
|
|-damage|p2a: Meowscarada|0 fnt|[from] psn
|faint|p2a: Meowscarada
|upkeep
|
|t:|1776351877
|switch|p2a: Garganacl|Garganacl, M, shiny|100/100
|-damage|p2a: Garganacl|88/100|[from] Stealth Rock
|-status|p2a: Garganacl|tox
|-damage|p2a: Garganacl|76/100 tox|[from] Spikes
|turn|7
|
|t:|1776351888
|move|p1a: Gholdengo|Make It Rain|p2a: Garganacl
|-supereffective|p2a: Garganacl
|-damage|p2a: Garganacl|0 fnt
|-unboost|p1a: Gholdengo|spa|1
|faint|p2a: Garganacl
|
|upkeep
|
|t:|1776351894
|switch|p2a: Raging Bolt|Raging Bolt|100/100
|-damage|p2a: Raging Bolt|88/100|[from] Stealth Rock
|-status|p2a: Raging Bolt|tox
|-damage|p2a: Raging Bolt|76/100 tox|[from] Spikes
|-enditem|p2a: Raging Bolt|Booster Energy
|-activate|p2a: Raging Bolt|ability: Protosynthesis|[fromitem]
|-start|p2a: Raging Bolt|protosynthesisspa
|turn|8
|
|t:|1776351909
|switch|p1a: Zamazenta|Zamazenta|100/100
|-ability|p1a: Zamazenta|Dauntless Shield|boost
|-boost|p1a: Zamazenta|def|1
|move|p2a: Raging Bolt|Thunder|p1a: Zamazenta|[miss]
|-miss|p2a: Raging Bolt|p1a: Zamazenta
|
|-damage|p2a: Raging Bolt|69/100 tox|[from] psn
|upkeep
|turn|9
|
|t:|1776351920
|move|p1a: Zamazenta|Iron Defense|p1a: Zamazenta
|-boost|p1a: Zamazenta|def|2
|move|p2a: Raging Bolt|Dragon Pulse|p1a: Zamazenta
|-damage|p1a: Zamazenta|51/100
|
|-heal|p1a: Zamazenta|57/100|[from] item: Leftovers
|-damage|p2a: Raging Bolt|57/100 tox|[from] psn
|upkeep
|turn|10
|
|t:|1776351931
|move|p1a: Zamazenta|Body Press|p2a: Raging Bolt
|-damage|p2a: Raging Bolt|0 fnt
|faint|p2a: Raging Bolt
|-end|p2a: Raging Bolt|Protosynthesis|[silent]
|
|-heal|p1a: Zamazenta|63/100|[from] item: Leftovers
|upkeep
|
|t:|1776351939
|switch|p2a: Gardevoir|Gardevoir, M, shiny|100/100
|-damage|p2a: Gardevoir|88/100|[from] Stealth Rock
|-status|p2a: Gardevoir|tox
|-damage|p2a: Gardevoir|75/100 tox|[from] Spikes
|turn|11
|
|t:|1776351957
|move|p1a: Zamazenta|Substitute|p1a: Zamazenta
|-start|p1a: Zamazenta|Substitute
|-damage|p1a: Zamazenta|38/100
|move|p2a: Gardevoir|Psychic|p1a: Zamazenta
|-supereffective|p1a: Zamazenta
|-end|p1a: Zamazenta|Substitute
|
|-heal|p1a: Zamazenta|44/100|[from] item: Leftovers
|-heal|p2a: Gardevoir|82/100 tox|[from] item: Leftovers
|-damage|p2a: Gardevoir|75/100 tox|[from] psn
|upkeep
|turn|12
|
|t:|1776351969
|move|p1a: Zamazenta|Substitute|p1a: Zamazenta
|-start|p1a: Zamazenta|Substitute
|-damage|p1a: Zamazenta|19/100
|move|p2a: Gardevoir|Psychic|p1a: Zamazenta
|-supereffective|p1a: Zamazenta
|-end|p1a: Zamazenta|Substitute
|
|-heal|p1a: Zamazenta|25/100|[from] item: Leftovers
|-heal|p2a: Gardevoir|82/100 tox|[from] item: Leftovers
|-damage|p2a: Gardevoir|69/100 tox|[from] psn
|upkeep
|turn|13
|
|t:|1776351980
|switch|p1a: Great Tusk|Great Tusk|19/100
|move|p2a: Gardevoir|Psychic|p1a: Great Tusk
|-supereffective|p1a: Great Tusk
|-damage|p1a: Great Tusk|0 fnt
|faint|p1a: Great Tusk
|-end|p1a: Great Tusk|Protosynthesis|[silent]
|
|-heal|p2a: Gardevoir|75/100 tox|[from] item: Leftovers
|-damage|p2a: Gardevoir|57/100 tox|[from] psn
|upkeep
|
|t:|1776351993
|switch|p1a: Gholdengo|Gholdengo|62/100
|turn|14
|
|t:|1776351997
|move|p1a: Gholdengo|Shadow Ball|p2a: Gardevoir
|-supereffective|p2a: Gardevoir
|-damage|p2a: Gardevoir|0 fnt
|faint|p2a: Gardevoir
|
|upkeep
|
|t:|1776352002
|switch|p2a: Swampert|Swampert, M|100/100
|-damage|p2a: Swampert|94/100|[from] Stealth Rock
|-status|p2a: Swampert|tox
|-damage|p2a: Swampert|82/100 tox|[from] Spikes
|turn|15
|
|t:|1776352017
|switch|p1a: Zamazenta|Zamazenta|25/100
|move|p2a: Swampert|Earthquake|p1a: Zamazenta
|-damage|p1a: Zamazenta|0 fnt
|faint|p1a: Zamazenta
|
|-damage|p2a: Swampert|75/100 tox|[from] psn
|upkeep
|
|t:|1776352028
|switch|p1a: Gholdengo|Gholdengo|62/100
|turn|16
|
|t:|1776352038
|move|p1a: Gholdengo|Shadow Ball|p2a: Swampert
|-damage|p2a: Swampert|30/100 tox
|move|p2a: Swampert|Earthquake|p1a: Gholdengo
|-supereffective|p1a: Gholdengo
|-damage|p1a: Gholdengo|0 fnt
|faint|p1a: Gholdengo
|
|-damage|p2a: Swampert|17/100 tox|[from] psn
|upkeep
|
|t:|1776352049
|switch|p1a: Kingambit|Kingambit, M|100/100
|-activate|p1a: Kingambit|ability: Supreme Overlord
|-start|p1a: Kingambit|fallen5|[silent]
|turn|17
|
|t:|1776352059
|move|p1a: Kingambit|Sucker Punch|p2a: Swampert
|-damage|p2a: Swampert|0 fnt
|faint|p2a: Swampert
|
|win|FraPokemon
|raw|FraPokemon's rating: 1007 &rarr; <strong>1051</strong><br />(+44 for winning)
|raw|RN271498's rating: 1051 &rarr; <strong>1031</strong><br />(-20 for losing)
|l|‽RN271498
|player|p2|
