|html|<div class="broadcast-blue"><strong>[Gen 9] OU is currently suspecting Tera Blast! For information on how to participate check out the <a href="https://www.smogon.com/tools/suspects/view/200">suspect thread</a>.</strong></div>
|j|☆koreanbreakfast
|j|☆TAMMOHATER
|t:|1776040486
|gametype|singles
|player|p1|koreanbreakfast|wallace|1335
|player|p2|TAMMOHATER|firebreather|1411
|gen|9
|tier|[Gen 9] OU
|rated|
|rule|HP Percentage Mod: HP is shown in percentages
|rule|Endless Battle Clause: Forcing endless battles is banned
|rule|Species Clause: Limit one of each Pokémon
|rule|OHKO Clause: OHKO moves are banned
|rule|Evasion Items Clause: Evasion items are banned
|rule|Evasion Moves Clause: Evasion moves are banned
|rule|Evasion Abilities Clause: Evasion abilities are banned
|rule|Sleep Moves Clause: Sleep-inducing moves are banned
|clearpoke
|poke|p1|Primarina, M|
|poke|p1|Great Tusk|
|poke|p1|Kingambit, M|
|poke|p1|Slowking-Galar, M|
|poke|p1|Ogerpon, F|
|poke|p1|Enamorus, F|
|poke|p2|Rotom-Wash|
|poke|p2|Tinkaton, F|
|poke|p2|Latios, M|
|poke|p2|Ting-Lu|
|poke|p2|Pecharunt|
|poke|p2|Zamazenta-*|
|teampreview
|
|t:|1776040498
|teamsize|p1|6
|teamsize|p2|6
|start
|switch|p1a: Slowking|Slowking-Galar, M, shiny|100/100
|switch|p2a: Rotom|Rotom-Wash|100/100
|turn|1
|
|t:|1776040505
|move|p2a: Rotom|Volt Switch|p1a: Slowking
|-damage|p1a: Slowking|88/100
|
|t:|1776040507
|switch|p2a: Tinkaton|Tinkaton, F|100/100|[from] Volt Switch
|-ability|p2a: Tinkaton|Mold Breaker
|move|p1a: Slowking|Ice Beam|p2a: Tinkaton
|-resisted|p2a: Tinkaton
|-damage|p2a: Tinkaton|91/100
|
|-heal|p2a: Tinkaton|97/100|[from] item: Leftovers
|upkeep
|turn|2
|
|t:|1776040514
|switch|p2a: Rotom|Rotom-Wash|100/100
|move|p1a: Slowking|Flamethrower|p2a: Rotom
|-resisted|p2a: Rotom
|-damage|p2a: Rotom|90/100
|
|-heal|p2a: Rotom|96/100|[from] item: Leftovers
|upkeep
|turn|3
|
|t:|1776040518
|move|p2a: Rotom|Will-O-Wisp|p1a: Slowking
|-status|p1a: Slowking|brn
|move|p1a: Slowking|Psychic Noise|p2a: Rotom
|-damage|p2a: Rotom|64/100
|-start|p2a: Rotom|move: Heal Block
|
|-damage|p1a: Slowking|81/100 brn|[from] brn
|upkeep
|turn|4
|
|t:|1776040524
|move|p2a: Rotom|Pain Split|p1a: Slowking
|-sethp|p1a: Slowking|66/100 brn|[from] move: Pain Split|[silent]
|-sethp|p2a: Rotom|85/100|[from] move: Pain Split
|move|p1a: Slowking|Psychic Noise|p2a: Rotom
|-damage|p2a: Rotom|57/100
|
|-damage|p1a: Slowking|60/100 brn|[from] brn
|-end|p2a: Rotom|move: Heal Block
|upkeep
|turn|5
|
|t:|1776040528
|move|p2a: Rotom|Pain Split|p1a: Slowking
|-sethp|p1a: Slowking|52/100 brn|[from] move: Pain Split|[silent]
|-sethp|p2a: Rotom|67/100|[from] move: Pain Split
|move|p1a: Slowking|Psychic Noise|p2a: Rotom
|-damage|p2a: Rotom|35/100
|-start|p2a: Rotom|move: Heal Block
|
|-damage|p1a: Slowking|46/100 brn|[from] brn
|upkeep
|turn|6
|
|t:|1776040531
|move|p2a: Rotom|Pain Split|p1a: Slowking
|-sethp|p1a: Slowking|37/100 brn|[from] move: Pain Split|[silent]
|-sethp|p2a: Rotom|47/100|[from] move: Pain Split
|move|p1a: Slowking|Sludge Bomb|p2a: Rotom
|-damage|p2a: Rotom|12/100
|
|-damage|p1a: Slowking|31/100 brn|[from] brn
|-end|p2a: Rotom|move: Heal Block
|upkeep
|turn|7
|
|t:|1776040537
|move|p2a: Rotom|Volt Switch|p1a: Slowking
|-damage|p1a: Slowking|17/100 brn
|
|t:|1776040540
|switch|p2a: Tinkaton|Tinkaton, F|97/100|[from] Volt Switch
|-ability|p2a: Tinkaton|Mold Breaker
|move|p1a: Slowking|Psychic Noise|p2a: Tinkaton
|-resisted|p2a: Tinkaton
|-damage|p2a: Tinkaton|85/100
|-start|p2a: Tinkaton|move: Heal Block
|
|-damage|p1a: Slowking|10/100 brn|[from] brn
|upkeep
|turn|8
|
|t:|1776040548
|switch|p2a: Rotom|Rotom-Wash|12/100
|switch|p1a: Great Tusk|Great Tusk, shiny|100/100
|
|-heal|p2a: Rotom|19/100|[from] item: Leftovers
|upkeep
|turn|9
|
|t:|1776040563
|-end|p1a: Great Tusk|Protosynthesis|[silent]
|switch|p1a: Ogerpon|Ogerpon, F|100/100
|switch|p2a: Pecharunt|Pecharunt|100/100
|-item|p2a: Pecharunt|Air Balloon
|
|upkeep
|turn|10
|
|t:|1776040573
|move|p1a: Ogerpon|U-turn|p2a: Pecharunt
|-resisted|p2a: Pecharunt
|-damage|p2a: Pecharunt|95/100
|-enditem|p2a: Pecharunt|Air Balloon
|
|t:|1776040575
|switch|p1a: Kingambit|Kingambit, M, shiny|100/100|[from] U-turn
|move|p2a: Pecharunt|Malignant Chain|p1a: Kingambit
|-immune|p1a: Kingambit
|
|upkeep
|turn|11
|
|t:|1776040592
|switch|p2a: Zamazenta|Zamazenta|100/100
|-ability|p2a: Zamazenta|Dauntless Shield|boost
|-boost|p2a: Zamazenta|def|1
|-end|p1a: Kingambit|fallenundefined|[silent]
|switch|p1a: Primarina|Primarina, M, shiny|100/100
|
|upkeep
|turn|12
|
|t:|1776040596
|move|p2a: Zamazenta|Heavy Slam|p1a: Primarina
|-damage|p1a: Primarina|50/100
|move|p1a: Primarina|Whirlpool|p2a: Zamazenta
|-damage|p2a: Zamazenta|83/100
|-activate|p2a: Zamazenta|move: Whirlpool|[of] p1a: Primarina
|
|-heal|p1a: Primarina|56/100|[from] item: Leftovers
|-damage|p2a: Zamazenta|71/100|[from] move: Whirlpool|[partiallytrapped]
|upkeep
|turn|13
|
|t:|1776040601
|switch|p1a: Great Tusk|Great Tusk, shiny|100/100
|move|p2a: Zamazenta|Heavy Slam|p1a: Great Tusk
|-damage|p1a: Great Tusk|90/100
|-damage|p2a: Zamazenta|54/100|[from] item: Rocky Helmet|[of] p1a: Great Tusk
|
|-end|p2a: Zamazenta|Whirlpool|[partiallytrapped]|[silent]
|upkeep
|turn|14
|
|t:|1776040605
|switch|p2a: Latios|Latios, M|100/100
|move|p1a: Great Tusk|Stealth Rock|p2a: Latios
|-sidestart|p2: TAMMOHATER|move: Stealth Rock
|
|upkeep
|turn|15
|
|t:|1776040608
|-end|p1a: Great Tusk|Protosynthesis|[silent]
|switch|p1a: Kingambit|Kingambit, M, shiny|100/100
|move|p2a: Latios|Surf|p1a: Kingambit
|-damage|p1a: Kingambit|62/100
|-damage|p2a: Latios|91/100|[from] item: Life Orb
|
|-heal|p1a: Kingambit|68/100|[from] item: Leftovers
|upkeep
|turn|16
|
|t:|1776040611
|switch|p2a: Ting-Lu|Ting-Lu|100/100
|-damage|p2a: Ting-Lu|94/100|[from] Stealth Rock
|-ability|p2a: Ting-Lu|Vessel of Ruin
|move|p1a: Kingambit|Sucker Punch||[still]
|-fail|p1a: Kingambit
|
|-heal|p1a: Kingambit|74/100|[from] item: Leftovers
|upkeep
|turn|17
|
|t:|1776040613
|-end|p1a: Kingambit|fallenundefined|[silent]
|switch|p1a: Primarina|Primarina, M, shiny|56/100
|move|p2a: Ting-Lu|Spikes|p1a: Primarina
|-sidestart|p1: koreanbreakfast|Spikes
|
|-heal|p1a: Primarina|62/100|[from] item: Leftovers
|upkeep
|turn|18
|
|t:|1776040624
|move|p1a: Primarina|Moonblast|p2a: Ting-Lu
|-supereffective|p2a: Ting-Lu
|-damage|p2a: Ting-Lu|34/100
|move|p2a: Ting-Lu|Earthquake|p1a: Primarina
|-damage|p1a: Primarina|9/100
|
|-heal|p1a: Primarina|15/100|[from] item: Leftovers
|upkeep
|turn|19
|
|t:|1776040628
|switch|p2a: Rotom|Rotom-Wash|19/100
|-damage|p2a: Rotom|6/100|[from] Stealth Rock
|move|p1a: Primarina|Whirlpool|p2a: Rotom
|-resisted|p2a: Rotom
|-damage|p2a: Rotom|0 fnt
|faint|p2a: Rotom
|
|-heal|p1a: Primarina|21/100|[from] item: Leftovers
|upkeep
|
|t:|1776040631
|switch|p2a: Tinkaton|Tinkaton, F|85/100
|-damage|p2a: Tinkaton|79/100|[from] Stealth Rock
|-ability|p2a: Tinkaton|Mold Breaker
|turn|20
|
|t:|1776040634
|switch|p1a: Great Tusk|Great Tusk, shiny|90/100
|-damage|p1a: Great Tusk|78/100|[from] Spikes
|move|p2a: Tinkaton|Gigaton Hammer|p1a: Great Tusk
|-damage|p1a: Great Tusk|44/100
|
|-heal|p2a: Tinkaton|85/100|[from] item: Leftovers
|upkeep
|turn|21
|
|t:|1776040640
|switch|p2a: Pecharunt|Pecharunt|95/100
|-damage|p2a: Pecharunt|83/100|[from] Stealth Rock
|move|p1a: Great Tusk|Rapid Spin|p2a: Pecharunt
|-immune|p2a: Pecharunt
|
|upkeep
|turn|22
|
|t:|1776040644
|move|p2a: Pecharunt|Shadow Ball|p1a: Great Tusk
|-damage|p1a: Great Tusk|5/100
|move|p1a: Great Tusk|Headlong Rush|p2a: Pecharunt
|-supereffective|p2a: Pecharunt
|-damage|p2a: Pecharunt|9/100
|-unboost|p1a: Great Tusk|def|1
|-unboost|p1a: Great Tusk|spd|1
|
|upkeep
|turn|23
|
|t:|1776040651
|move|p2a: Pecharunt|Recover|p2a: Pecharunt
|-heal|p2a: Pecharunt|59/100
|move|p1a: Great Tusk|Headlong Rush|p2a: Pecharunt
|-supereffective|p2a: Pecharunt
|-damage|p2a: Pecharunt|0 fnt
|-unboost|p1a: Great Tusk|def|1
|-unboost|p1a: Great Tusk|spd|1
|faint|p2a: Pecharunt
|
|upkeep
|
|t:|1776040663
|switch|p2a: Latios|Latios, M|91/100
|-damage|p2a: Latios|78/100|[from] Stealth Rock
|turn|24
|
|t:|1776040666
|move|p2a: Latios|Surf|p1a: Great Tusk
|-supereffective|p1a: Great Tusk
|-damage|p1a: Great Tusk|0 fnt
|faint|p1a: Great Tusk
|-end|p1a: Great Tusk|Protosynthesis|[silent]
|-damage|p2a: Latios|68/100|[from] item: Life Orb
|
|upkeep
|
|t:|1776040692
|switch|p1a: Ogerpon|Ogerpon, F|100/100
|-damage|p1a: Ogerpon|88/100|[from] Spikes
|turn|25
|
|t:|1776040697
|-terastallize|p2a: Latios|Steel
|-terastallize|p1a: Ogerpon|Grass
|detailschange|p1a: Ogerpon|Ogerpon-Teal-Tera, F, tera:Grass
|-ability|p1a: Ogerpon|Embody Aspect (Teal)|boost
|-boost|p1a: Ogerpon|spe|1
|move|p1a: Ogerpon|U-turn|p2a: Latios
|-resisted|p2a: Latios
|-damage|p2a: Latios|43/100
|
|t:|1776040706
|switch|p1a: Enamorus|Enamorus, F, shiny|100/100|[from] U-turn
|move|p2a: Latios|Draco Meteor|p1a: Enamorus
|-immune|p1a: Enamorus
|
|upkeep
|turn|26
|
|t:|1776040716
|switch|p2a: Tinkaton|Tinkaton, F|85/100
|-damage|p2a: Tinkaton|79/100|[from] Stealth Rock
|-ability|p2a: Tinkaton|Mold Breaker
|move|p1a: Enamorus|Moonblast|p2a: Tinkaton
|-resisted|p2a: Tinkaton
|-damage|p2a: Tinkaton|56/100
|
|-heal|p2a: Tinkaton|62/100|[from] item: Leftovers
|upkeep
|turn|27
|
|t:|1776040721
|switch|p1a: Kingambit|Kingambit, M, shiny|74/100
|-damage|p1a: Kingambit|62/100|[from] Spikes
|-activate|p1a: Kingambit|ability: Supreme Overlord
|-start|p1a: Kingambit|fallen1|[silent]
|switch|p2a: Zamazenta|Zamazenta|54/100
|
|-heal|p1a: Kingambit|68/100|[from] item: Leftovers
|upkeep
|turn|28
|
|t:|1776040726
|move|p2a: Zamazenta|Heavy Slam|p1a: Kingambit
|-resisted|p1a: Kingambit
|-damage|p1a: Kingambit|63/100
|move|p1a: Kingambit|Iron Head|p2a: Zamazenta
|-damage|p2a: Zamazenta|8/100
|
|-heal|p1a: Kingambit|69/100|[from] item: Leftovers
|upkeep
|turn|29
|
|t:|1776040729
|move|p1a: Kingambit|Sucker Punch|p2a: Zamazenta
|-resisted|p2a: Zamazenta
|-damage|p2a: Zamazenta|0 fnt
|faint|p2a: Zamazenta
|
|-heal|p1a: Kingambit|76/100|[from] item: Leftovers
|upkeep
|-message|TAMMOHATER forfeited.
|
|win|koreanbreakfast
|raw|koreanbreakfast's rating: 1335 &rarr; <strong>1359</strong><br />(+24 for winning)
|raw|TAMMOHATER's rating: 1411 &rarr; <strong>1387</strong><br />(-24 for losing)
|l|☆TAMMOHATER
|player|p2|
