|html|<div class="broadcast-blue"><strong>[Gen 9] OU is currently suspecting Tera Blast! For information on how to participate check out the <a href="https://www.smogon.com/tools/suspects/view/200">suspect thread</a>.</strong></div>
|j|☆Goolaan16
|j|☆ckflowers
|t:|1776088698
|gametype|singles
|player|p1|Goolaan16|101|1260
|player|p2|ckflowers|rika|1284
|gen|9
|tier|[Gen 9] OU
|rated|
|rule|HP Percentage Mod: HP is shown in percentages
|rule|Endless Battle Clause: Forcing endless battles is banned
|rule|Species Clause: Limit one of each Pokémon
|rule|OHKO Clause: OHKO moves are banned
|rule|Evasion Items Clause: Evasion items are banned
|rule|Evasion Moves Clause: Evasion moves are banned
|rule|Evasion Abilities Clause: Evasion abilities are banned
|rule|Sleep Moves Clause: Sleep-inducing moves are banned
|clearpoke
|poke|p1|Ludicolo, F|
|poke|p1|Pelipper, M|
|poke|p1|Barraskewda, M|
|poke|p1|Iron Crown|
|poke|p1|Great Tusk|
|poke|p1|Moltres|
|poke|p2|Pecharunt|
|poke|p2|Darkrai|
|poke|p2|Primarina, F|
|poke|p2|Ogerpon-Wellspring, F|
|poke|p2|Iron Treads|
|poke|p2|Landorus-Therian, M|
|teampreview
|
|t:|1776088703
|teamsize|p1|6
|teamsize|p2|6
|start
|switch|p1a: Frida Khalo|Pelipper, M|100/100
|switch|p2a: Pecharunt|Pecharunt|100/100
|-weather|RainDance|[from] ability: Drizzle|[of] p1a: Frida Khalo
|turn|1
|inactive|Battle timer is ON: inactive players will automatically lose when time's up. (requested by ckflowers)
|
|t:|1776088714
|move|p2a: Pecharunt|Foul Play|p1a: Frida Khalo
|-damage|p1a: Frida Khalo|91/100
|move|p1a: Frida Khalo|U-turn|p2a: Pecharunt
|-resisted|p2a: Pecharunt
|-damage|p2a: Pecharunt|99/100
|
|t:|1776088721
|switch|p1a: Del Toro|Great Tusk|100/100|[from] U-turn
|-enditem|p1a: Del Toro|Booster Energy
|-activate|p1a: Del Toro|ability: Protosynthesis|[fromitem]
|-start|p1a: Del Toro|protosynthesisatk
|
|-weather|RainDance|[upkeep]
|upkeep
|turn|2
|
|t:|1776088733
|move|p1a: Del Toro|Ice Spinner|p2a: Pecharunt
|-damage|p2a: Pecharunt|83/100
|move|p2a: Pecharunt|Malignant Chain|p1a: Del Toro
|-resisted|p1a: Del Toro
|-damage|p1a: Del Toro|75/100
|-status|p1a: Del Toro|tox
|-start|p1a: Del Toro|confusion|[from] ability: Poison Puppeteer|[of] p2a: Pecharunt
|
|-weather|RainDance|[upkeep]
|-damage|p1a: Del Toro|69/100 tox|[from] psn
|upkeep
|turn|3
|
|t:|1776088746
|-activate|p1a: Del Toro|confusion
|-damage|p1a: Del Toro|60/100 tox|[from] confusion
|move|p2a: Pecharunt|Parting Shot|p1a: Del Toro
|-unboost|p1a: Del Toro|atk|1
|-unboost|p1a: Del Toro|spa|1
|
|t:|1776088752
|switch|p2a: Ogerpon|Ogerpon-Wellspring, F|100/100|[from] Parting Shot
|
|-weather|RainDance|[upkeep]
|-damage|p1a: Del Toro|47/100 tox|[from] psn
|upkeep
|turn|4
|
|t:|1776088759
|-end|p1a: Del Toro|Protosynthesis|[silent]
|switch|p1a: Frida Khalo|Pelipper, M|91/100
|move|p2a: Ogerpon|Spikes|p1a: Frida Khalo
|-sidestart|p1: Goolaan16|Spikes
|
|-weather|RainDance|[upkeep]
|upkeep
|turn|5
|
|t:|1776088767
|move|p2a: Ogerpon|Knock Off|p1a: Frida Khalo
|-damage|p1a: Frida Khalo|63/100
|-enditem|p1a: Frida Khalo|Damp Rock|[from] move: Knock Off|[of] p2a: Ogerpon
|move|p1a: Frida Khalo|Hurricane|p2a: Ogerpon
|-supereffective|p2a: Ogerpon
|-damage|p2a: Ogerpon|12/100
|
|-weather|RainDance|[upkeep]
|upkeep
|turn|6
|
|t:|1776088776
|move|p2a: Ogerpon|U-turn|p1a: Frida Khalo
|-resisted|p1a: Frida Khalo
|-damage|p1a: Frida Khalo|53/100
|
|t:|1776088784
|switch|p2a: Landorus|Landorus-Therian, M|100/100|[from] U-turn
|-ability|p2a: Landorus|Intimidate|boost
|-unboost|p1a: Frida Khalo|atk|1
|move|p1a: Frida Khalo|U-turn|p2a: Landorus
|-resisted|p2a: Landorus
|-crit|p2a: Landorus
|-damage|p2a: Landorus|93/100
|
|t:|1776088792
|switch|p1a: Speedy Gonzales|Barraskewda, M|100/100|[from] U-turn
|-damage|p1a: Speedy Gonzales|88/100|[from] Spikes
|
|-weather|RainDance|[upkeep]
|upkeep
|turn|7
|
|t:|1776088799
|switch|p2a: Ogerpon|Ogerpon-Wellspring, F|12/100
|move|p1a: Speedy Gonzales|Close Combat|p2a: Ogerpon
|-damage|p2a: Ogerpon|0 fnt
|-unboost|p1a: Speedy Gonzales|def|1
|-unboost|p1a: Speedy Gonzales|spd|1
|faint|p2a: Ogerpon
|
|-weather|RainDance|[upkeep]
|upkeep
|
|t:|1776088807
|switch|p2a: Primarina|Primarina, F|100/100
|turn|8
|
|t:|1776088819
|switch|p1a: Del Toro|Great Tusk|47/100 tox
|-damage|p1a: Del Toro|35/100 tox|[from] Spikes
|move|p2a: Primarina|Flip Turn|p1a: Del Toro
|-supereffective|p1a: Del Toro
|-damage|p1a: Del Toro|2/100 tox
|
|t:|1776088827
|switch|p2a: Landorus|Landorus-Therian, M|93/100|[from] Flip Turn
|-ability|p2a: Landorus|Intimidate|boost
|-unboost|p1a: Del Toro|atk|1
|
|-weather|none
|-damage|p1a: Del Toro|0 fnt|[from] psn
|faint|p1a: Del Toro
|-end|p1a: Del Toro|Protosynthesis|[silent]
|upkeep
|
|t:|1776088838
|switch|p1a: Speedy Gonzales|Barraskewda, M|88/100
|-damage|p1a: Speedy Gonzales|76/100|[from] Spikes
|turn|9
|
|t:|1776088843
|switch|p2a: Primarina|Primarina, F|100/100
|-terastallize|p1a: Speedy Gonzales|Water
|move|p1a: Speedy Gonzales|Liquidation|p2a: Primarina
|-resisted|p2a: Primarina
|-damage|p2a: Primarina|40/100
|-unboost|p2a: Primarina|def|1
|
|upkeep
|turn|10
|
|t:|1776088853
|move|p1a: Speedy Gonzales|Liquidation|p2a: Primarina
|-resisted|p2a: Primarina
|-damage|p2a: Primarina|0 fnt
|faint|p2a: Primarina
|
|upkeep
|
|t:|1776088859
|switch|p2a: Pecharunt|Pecharunt|83/100
|turn|11
|
|t:|1776088867
|switch|p1a: Sergio Perez|Iron Crown|100/100
|-damage|p1a: Sergio Perez|88/100|[from] Spikes
|move|p2a: Pecharunt|Malignant Chain|p1a: Sergio Perez
|-immune|p1a: Sergio Perez
|
|upkeep
|turn|12
|
|t:|1776088878
|move|p1a: Sergio Perez|Future Sight|p2a: Pecharunt
|-start|p1a: Sergio Perez|move: Future Sight
|move|p2a: Pecharunt|Parting Shot|p1a: Sergio Perez
|-unboost|p1a: Sergio Perez|atk|1
|-unboost|p1a: Sergio Perez|spa|1
|
|t:|1776088881
|switch|p2a: Darkrai|Darkrai|100/100|[from] Parting Shot
|
|upkeep
|turn|13
|
|t:|1776088887
|-terastallize|p2a: Darkrai|Dark
|move|p2a: Darkrai|Dark Pulse|p1a: Sergio Perez
|-supereffective|p1a: Sergio Perez
|-damage|p1a: Sergio Perez|0 fnt
|faint|p1a: Sergio Perez
|-end|p1a: Sergio Perez|Quark Drive|[silent]
|
|upkeep
|
|t:|1776088898
|switch|p1a: Frida Khalo|Pelipper, M|53/100
|-weather|RainDance|[from] ability: Drizzle|[of] p1a: Frida Khalo
|turn|14
|
|t:|1776088902
|move|p2a: Darkrai|Dark Pulse|p1a: Frida Khalo
|-damage|p1a: Frida Khalo|0 fnt
|faint|p1a: Frida Khalo
|
|-weather|RainDance|[upkeep]
|-end|p2a: Darkrai|move: Future Sight
|-immune|p2a: Darkrai
|upkeep
|
|t:|1776088910
|switch|p1a: Speedy Gonzales|Barraskewda, M, tera:Water|76/100
|-damage|p1a: Speedy Gonzales|64/100|[from] Spikes
|turn|15
|
|t:|1776088922
|switch|p2a: Landorus|Landorus-Therian, M|93/100
|-ability|p2a: Landorus|Intimidate|boost
|-unboost|p1a: Speedy Gonzales|atk|1
|move|p1a: Speedy Gonzales|Liquidation|p2a: Landorus
|-supereffective|p2a: Landorus
|-damage|p2a: Landorus|0 fnt
|faint|p2a: Landorus
|
|-weather|RainDance|[upkeep]
|upkeep
|
|t:|1776088925
|switch|p2a: Pecharunt|Pecharunt|83/100
|turn|16
|
|t:|1776088935
|move|p1a: Speedy Gonzales|Liquidation|p2a: Pecharunt
|-damage|p2a: Pecharunt|35/100
|move|p2a: Pecharunt|Malignant Chain|p1a: Speedy Gonzales
|-damage|p1a: Speedy Gonzales|0 fnt
|faint|p1a: Speedy Gonzales
|
|-weather|RainDance|[upkeep]
|upkeep
|
|t:|1776088944
|switch|p1a: El Chapo|Ludicolo, F|100/100
|-damage|p1a: El Chapo|88/100|[from] Spikes
|turn|17
|
|t:|1776088949
|move|p1a: El Chapo|Hydro Pump|p2a: Pecharunt
|-damage|p2a: Pecharunt|0 fnt
|faint|p2a: Pecharunt
|-damage|p1a: El Chapo|78/100|[from] item: Life Orb
|
|-weather|RainDance|[upkeep]
|upkeep
|
|t:|1776088952
|switch|p2a: Iron Treads|Iron Treads|100/100
|-enditem|p2a: Iron Treads|Booster Energy
|-activate|p2a: Iron Treads|ability: Quark Drive|[fromitem]
|-start|p2a: Iron Treads|quarkdrivespe
|turn|18
|
|t:|1776088961
|move|p2a: Iron Treads|Knock Off|p1a: El Chapo
|-damage|p1a: El Chapo|41/100
|-enditem|p1a: El Chapo|Life Orb|[from] move: Knock Off|[of] p2a: Iron Treads
|move|p1a: El Chapo|Hydro Pump|p2a: Iron Treads
|-supereffective|p2a: Iron Treads
|-damage|p2a: Iron Treads|0 fnt
|faint|p2a: Iron Treads
|-end|p2a: Iron Treads|Quark Drive|[silent]
|
|-weather|none
|upkeep
|
|t:|1776088966
|switch|p2a: Darkrai|Darkrai, tera:Dark|100/100
|turn|19
|
|t:|1776088974
|move|p2a: Darkrai|Dark Pulse|p1a: El Chapo
|-damage|p1a: El Chapo|0 fnt
|faint|p1a: El Chapo
|
|upkeep
|
|t:|1776088979
|switch|p1a: MkLeo|Moltres|100/100
|turn|20
|
|t:|1776088984
|move|p2a: Darkrai|Dark Pulse|p1a: MkLeo
|-damage|p1a: MkLeo|13/100
|move|p1a: MkLeo|U-turn|p2a: Darkrai
|-supereffective|p2a: Darkrai
|-crit|p2a: Darkrai
|-damage|p2a: Darkrai|46/100
|
|upkeep
|turn|21
|
|t:|1776088991
|move|p2a: Darkrai|Dark Pulse|p1a: MkLeo
|-damage|p1a: MkLeo|0 fnt
|faint|p1a: MkLeo
|
|win|ckflowers
|raw|Goolaan16's rating: 1260 &rarr; <strong>1237</strong><br />(-23 for losing)
|raw|ckflowers's rating: 1284 &rarr; <strong>1307</strong><br />(+23 for winning)
|l|☆Goolaan16
|player|p1|
|l|☆ckflowers
|player|p2|
