|html|<div class="broadcast-blue"><strong>[Gen 9] OU is currently suspecting Tera Blast! For information on how to participate check out the <a href="https://www.smogon.com/tools/suspects/view/200">suspect thread</a>.</strong></div>
|j|☆JoacoxC
|j|☆AKGD
|t:|1776308812
|gametype|singles
|player|p1|JoacoxC|cynthia|1343
|player|p2|AKGD|hilbert|1362
|gen|9
|tier|[Gen 9] OU
|rated|
|rule|HP Percentage Mod: HP is shown in percentages
|rule|Endless Battle Clause: Forcing endless battles is banned
|rule|Species Clause: Limit one of each Pokémon
|rule|OHKO Clause: OHKO moves are banned
|rule|Evasion Items Clause: Evasion items are banned
|rule|Evasion Moves Clause: Evasion moves are banned
|rule|Evasion Abilities Clause: Evasion abilities are banned
|rule|Sleep Moves Clause: Sleep-inducing moves are banned
|clearpoke
|poke|p1|Garchomp, F|
|poke|p1|Noivern, F|
|poke|p1|Scyther, F|
|poke|p1|Dragapult, F|
|poke|p1|Skeledirge, F|
|poke|p1|Quaquaval, M|
|poke|p2|Dragapult, F|
|poke|p2|Raging Bolt|
|poke|p2|Iron Moth|
|poke|p2|Great Tusk|
|poke|p2|Ogerpon-Wellspring, F|
|poke|p2|Landorus-Therian, M|
|teampreview
|inactive|Battle timer is ON: inactive players will automatically lose when time's up. (requested by AKGD)
|
|t:|1776308817
|teamsize|p1|6
|teamsize|p2|6
|start
|switch|p1a: Quaquaval|Quaquaval, M|100/100
|switch|p2a: Landorus|Landorus-Therian, M|100/100
|-ability|p2a: Landorus|Intimidate|boost
|-unboost|p1a: Quaquaval|atk|1
|turn|1
|
|t:|1776308835
|move|p2a: Landorus|U-turn|p1a: Quaquaval
|-resisted|p1a: Quaquaval
|-damage|p1a: Quaquaval|82/100
|
|t:|1776308841
|switch|p2a: Ogerpon|Ogerpon-Wellspring, F|100/100|[from] U-turn
|move|p1a: Quaquaval|Aqua Step|p2a: Ogerpon
|-immune|p2a: Ogerpon|[from] ability: Water Absorb
|
|upkeep
|turn|2
|
|t:|1776308854
|move|p2a: Ogerpon|Swords Dance|p2a: Ogerpon
|-boost|p2a: Ogerpon|atk|2
|move|p1a: Quaquaval|Close Combat|p2a: Ogerpon
|-damage|p2a: Ogerpon|38/100
|-unboost|p1a: Quaquaval|def|1
|-unboost|p1a: Quaquaval|spd|1
|-damage|p1a: Quaquaval|72/100|[from] item: Life Orb
|
|upkeep
|turn|3
|
|t:|1776308863
|move|p2a: Ogerpon|Horn Leech|p1a: Quaquaval
|-supereffective|p1a: Quaquaval
|-damage|p1a: Quaquaval|0 fnt
|-heal|p2a: Ogerpon|76/100|[from] drain|[of] p1a: Quaquaval
|faint|p1a: Quaquaval
|
|upkeep
|
|t:|1776308871
|switch|p1a: Dragapult|Dragapult, F|100/100
|turn|4
|
|t:|1776308879
|move|p1a: Dragapult|Will-O-Wisp|p2a: Ogerpon
|-status|p2a: Ogerpon|brn
|move|p2a: Ogerpon|Play Rough|p1a: Dragapult
|-supereffective|p1a: Dragapult
|-damage|p1a: Dragapult|10/100
|
|-damage|p2a: Ogerpon|70/100 brn|[from] brn
|upkeep
|turn|5
|
|t:|1776308892
|switch|p1a: Skeledirge|Skeledirge, F|100/100
|move|p2a: Ogerpon|Ivy Cudgel|p1a: Skeledirge|[anim] Ivy Cudgel Water
|-supereffective|p1a: Skeledirge
|-damage|p1a: Skeledirge|40/100
|
|-heal|p1a: Skeledirge|46/100|[from] item: Leftovers
|-damage|p2a: Ogerpon|64/100 brn|[from] brn
|upkeep
|turn|6
|
|t:|1776308903
|switch|p1a: Noivern|Noivern, F|100/100
|move|p2a: Ogerpon|Ivy Cudgel|p1a: Noivern|[anim] Ivy Cudgel Water
|-resisted|p1a: Noivern
|-damage|p1a: Noivern|59/100
|
|-damage|p2a: Ogerpon|58/100 brn|[from] brn
|upkeep
|turn|7
|
|t:|1776308917
|move|p1a: Noivern|Air Slash|p2a: Ogerpon
|-supereffective|p2a: Ogerpon
|-damage|p2a: Ogerpon|0 fnt
|faint|p2a: Ogerpon
|-damage|p1a: Noivern|49/100|[from] item: Life Orb
|
|upkeep
|
|t:|1776308925
|switch|p2a: Landorus|Landorus-Therian, M|100/100
|-ability|p2a: Landorus|Intimidate|boost
|-unboost|p1a: Noivern|atk|1
|turn|8
|
|t:|1776308934
|move|p1a: Noivern|Tailwind|p1a: Noivern
|-sidestart|p1: JoacoxC|move: Tailwind
|move|p2a: Landorus|Rock Slide|p1a: Noivern
|-supereffective|p1a: Noivern
|-damage|p1a: Noivern|0 fnt
|faint|p1a: Noivern
|
|upkeep
|
|t:|1776308941
|switch|p1a: Garchomp|Garchomp, F, shiny|100/100
|turn|9
|
|t:|1776308951
|move|p1a: Garchomp|Swords Dance|p1a: Garchomp
|-boost|p1a: Garchomp|atk|2
|move|p2a: Landorus|Earthquake|p1a: Garchomp
|-damage|p1a: Garchomp|46/100
|
|-heal|p1a: Garchomp|53/100|[from] item: Leftovers
|upkeep
|turn|10
|
|t:|1776308960
|move|p1a: Garchomp|Dragon Claw|p2a: Landorus
|-damage|p2a: Landorus|8/100
|move|p2a: Landorus|Earthquake|p1a: Garchomp
|-damage|p1a: Garchomp|0 fnt
|faint|p1a: Garchomp
|
|upkeep
|-message|JoacoxC forfeited.
|
|win|AKGD
|raw|JoacoxC's rating: 1343 &rarr; <strong>1324</strong><br />(-19 for losing)
|raw|AKGD's rating: 1362 &rarr; <strong>1381</strong><br />(+19 for winning)
|l|☆JoacoxC
|player|p1|
|c|☆AKGD|Gg
