|html|<div class="broadcast-blue"><strong>[Gen 9] OU is currently suspecting Tera Blast! For information on how to participate check out the <a href="https://www.smogon.com/tools/suspects/view/200">suspect thread</a>.</strong></div>
|j|☆champ bogar
|j|☆Blastoise_Choice
|t:|1776098584
|gametype|singles
|player|p1|champ bogar|cynthia-masters3|1746
|player|p2|Blastoise_Choice|benga|1794
|gen|9
|tier|[Gen 9] OU
|rated|
|rule|HP Percentage Mod: HP is shown in percentages
|rule|Endless Battle Clause: Forcing endless battles is banned
|rule|Species Clause: Limit one of each Pokémon
|rule|OHKO Clause: OHKO moves are banned
|rule|Evasion Items Clause: Evasion items are banned
|rule|Evasion Moves Clause: Evasion moves are banned
|rule|Evasion Abilities Clause: Evasion abilities are banned
|rule|Sleep Moves Clause: Sleep-inducing moves are banned
|clearpoke
|poke|p1|Garchomp, F|
|poke|p1|Darkrai|
|poke|p1|Deoxys-Speed|
|poke|p1|Clodsire, F|
|poke|p1|Corviknight, M|
|poke|p1|Cinderace, F|
|poke|p2|Garganacl, F|
|poke|p2|Darkrai|
|poke|p2|Great Tusk|
|poke|p2|Hatterene, F|
|poke|p2|Tornadus-Therian, M|
|poke|p2|Dragonite, M|
|teampreview
|inactive|Battle timer is ON: inactive players will automatically lose when time's up. (requested by champ bogar)
|j| imSilverLike
|
|t:|1776098593
|teamsize|p1|6
|teamsize|p2|6
|start
|switch|p1a: Clodsire|Clodsire, F|100/100
|switch|p2a: Darkrai|Darkrai|100/100
|turn|1
|c|☆Blastoise_Choice|hf
|inactive|Blastoise_Choice also wants the timer to be on.
|
|t:|1776098612
|move|p2a: Darkrai|Dark Pulse|p1a: Clodsire
|-damage|p1a: Clodsire|64/100
|move|p1a: Clodsire|Toxic|p2a: Darkrai
|-status|p2a: Darkrai|tox
|
|-heal|p1a: Clodsire|70/100|[from] item: Leftovers
|-damage|p2a: Darkrai|94/100 tox|[from] psn
|upkeep
|turn|2
|
|t:|1776098619
|switch|p2a: Hatterene|Hatterene, F|100/100
|move|p1a: Clodsire|Toxic|p2a: Hatterene
|move|p2a: Hatterene|Toxic|p1a: Clodsire|[from] ability: Magic Bounce
|-immune|p1a: Clodsire
|
|-heal|p1a: Clodsire|77/100|[from] item: Leftovers
|upkeep
|turn|3
|
|t:|1776098626
|move|p1a: Clodsire|Poison Jab|p2a: Hatterene
|-supereffective|p2a: Hatterene
|-damage|p2a: Hatterene|64/100
|-damage|p1a: Clodsire|60/100|[from] item: Rocky Helmet|[of] p2a: Hatterene
|move|p2a: Hatterene|Future Sight|p1a: Clodsire
|-start|p2a: Hatterene|move: Future Sight
|
|-heal|p1a: Clodsire|66/100|[from] item: Leftovers
|upkeep
|turn|4
|
|t:|1776098649
|move|p1a: Clodsire|Recover|p1a: Clodsire
|-heal|p1a: Clodsire|100/100
|move|p2a: Hatterene|Pain Split|p1a: Clodsire
|-sethp|p1a: Clodsire|72/100|[from] move: Pain Split|[silent]
|-sethp|p2a: Hatterene|100/100|[from] move: Pain Split
|
|-heal|p1a: Clodsire|78/100|[from] item: Leftovers
|upkeep
|turn|5
|j| imjeffboy
|
|t:|1776098652
|move|p1a: Clodsire|Poison Jab|p2a: Hatterene
|-supereffective|p2a: Hatterene
|-damage|p2a: Hatterene|66/100
|-status|p2a: Hatterene|psn
|-damage|p1a: Clodsire|61/100|[from] item: Rocky Helmet|[of] p2a: Hatterene
|move|p2a: Hatterene|Dazzling Gleam|p1a: Clodsire
|-resisted|p1a: Clodsire
|-damage|p1a: Clodsire|52/100
|
|-end|p1a: Clodsire|move: Future Sight
|-supereffective|p1a: Clodsire
|-damage|p1a: Clodsire|0 fnt
|faint|p1a: Clodsire
|-damage|p2a: Hatterene|54/100 psn|[from] psn
|upkeep
|
|t:|1776098671
|switch|p1a: Darkrai|Darkrai|100/100
|turn|6
|
|t:|1776098677
|move|p1a: Darkrai|Dark Pulse|p2a: Hatterene
|-damage|p2a: Hatterene|0 fnt
|faint|p2a: Hatterene
|
|upkeep
|
|t:|1776098684
|switch|p2a: Darkrai|Darkrai|94/100 tox
|turn|7
|
|t:|1776098690
|move|p2a: Darkrai|Dark Pulse|p1a: Darkrai
|-resisted|p1a: Darkrai
|-damage|p1a: Darkrai|58/100
|move|p1a: Darkrai|Dark Pulse|p2a: Darkrai
|-resisted|p2a: Darkrai
|-crit|p2a: Darkrai
|-damage|p2a: Darkrai|25/100 tox
|
|-damage|p2a: Darkrai|19/100 tox|[from] psn
|upkeep
|turn|8
|
|t:|1776098697
|move|p1a: Darkrai|Dark Pulse|p2a: Darkrai
|-resisted|p2a: Darkrai
|-damage|p2a: Darkrai|0 fnt
|faint|p2a: Darkrai
|
|upkeep
|
|t:|1776098703
|switch|p2a: Tornadus|Tornadus-Therian, M, shiny|100/100
|turn|9
|
|t:|1776098709
|move|p1a: Darkrai|Dark Pulse|p2a: Tornadus
|-damage|p2a: Tornadus|54/100
|move|p2a: Tornadus|U-turn|p1a: Darkrai
|-supereffective|p1a: Darkrai
|-damage|p1a: Darkrai|21/100
|
|t:|1776098716
|switch|p2a: Dragonite|Dragonite, M|100/100|[from] U-turn
|
|upkeep
|turn|10
|
|t:|1776098722
|switch|p1a: Corviknight|Corviknight, M|100/100
|-ability|p1a: Corviknight|Pressure
|move|p2a: Dragonite|Earthquake|p1a: Corviknight
|-immune|p1a: Corviknight
|
|upkeep
|turn|11
|
|t:|1776098735
|move|p2a: Dragonite|Dragon Dance|p2a: Dragonite
|-boost|p2a: Dragonite|atk|1
|-boost|p2a: Dragonite|spe|1
|move|p1a: Corviknight|U-turn|p2a: Dragonite
|-resisted|p2a: Dragonite
|-damage|p2a: Dragonite|97/100
|
|t:|1776098740
|switch|p1a: Garchomp|Garchomp, F|100/100|[from] U-turn
|
|upkeep
|turn|12
|
|t:|1776098746
|-terastallize|p1a: Garchomp|Fairy
|move|p2a: Dragonite|Earthquake|p1a: Garchomp
|-damage|p1a: Garchomp|60/100
|move|p1a: Garchomp|Dragon Tail|p2a: Dragonite
|-supereffective|p2a: Dragonite
|-damage|p2a: Dragonite|43/100
|drag|p2a: Garganacl|Garganacl, F|100/100
|
|upkeep
|turn|13
|
|t:|1776098754
|move|p1a: Garchomp|Earthquake|p2a: Garganacl
|-supereffective|p2a: Garganacl
|-damage|p2a: Garganacl|44/100
|move|p2a: Garganacl|Salt Cure|p1a: Garchomp
|-damage|p1a: Garchomp|51/100
|-start|p1a: Garchomp|Salt Cure
|
|-heal|p2a: Garganacl|50/100|[from] item: Leftovers
|-damage|p1a: Garchomp|39/100|[from] Salt Cure
|upkeep
|turn|14
|
|t:|1776098761
|switch|p1a: Darkrai|Darkrai|21/100
|-terastallize|p2a: Garganacl|Water
|move|p2a: Garganacl|Recover|p2a: Garganacl
|-heal|p2a: Garganacl|99/100
|
|-heal|p2a: Garganacl|100/100|[from] item: Leftovers
|upkeep
|turn|15
|
|t:|1776098768
|move|p1a: Darkrai|Trick|p2a: Garganacl
|-activate|p1a: Darkrai|move: Trick|[of] p2a: Garganacl
|-item|p2a: Garganacl|Choice Specs|[from] move: Trick
|-item|p1a: Darkrai|Leftovers|[from] move: Trick
|move|p2a: Garganacl|Salt Cure|p1a: Darkrai
|-damage|p1a: Darkrai|3/100
|-start|p1a: Darkrai|Salt Cure
|
|-heal|p1a: Darkrai|9/100|[from] item: Leftovers
|-damage|p1a: Darkrai|0 fnt|[from] Salt Cure
|faint|p1a: Darkrai
|upkeep
|
|t:|1776098772
|switch|p1a: Corviknight|Corviknight, M|100/100
|-ability|p1a: Corviknight|Pressure
|turn|16
|l| imSilverLike
|
|t:|1776098778
|move|p1a: Corviknight|Body Press|p2a: Garganacl
|-damage|p2a: Garganacl|84/100
|move|p2a: Garganacl|Salt Cure|p1a: Corviknight
|-damage|p1a: Corviknight|92/100
|-start|p1a: Corviknight|Salt Cure
|
|-damage|p1a: Corviknight|67/100|[from] Salt Cure
|upkeep
|turn|17
|
|t:|1776098787
|move|p1a: Corviknight|Roost|p1a: Corviknight
|-heal|p1a: Corviknight|100/100
|-singleturn|p1a: Corviknight|move: Roost
|move|p2a: Garganacl|Salt Cure|p1a: Corviknight
|-resisted|p1a: Corviknight
|-damage|p1a: Corviknight|96/100
|
|-damage|p1a: Corviknight|71/100|[from] Salt Cure
|upkeep
|turn|18
|c|☆Blastoise_Choice|is salt cure all i need?
|c|☆Blastoise_Choice|i hope so at this point
|
|t:|1776098804
|move|p1a: Corviknight|Roost|p1a: Corviknight
|-heal|p1a: Corviknight|100/100
|-singleturn|p1a: Corviknight|move: Roost
|move|p2a: Garganacl|Salt Cure|p1a: Corviknight
|-resisted|p1a: Corviknight
|-damage|p1a: Corviknight|96/100
|
|-damage|p1a: Corviknight|72/100|[from] Salt Cure
|upkeep
|turn|19
|
|t:|1776098810
|move|p1a: Corviknight|Body Press|p2a: Garganacl
|-damage|p2a: Garganacl|66/100
|move|p2a: Garganacl|Salt Cure|p1a: Corviknight
|-damage|p1a: Corviknight|63/100
|
|-damage|p1a: Corviknight|39/100|[from] Salt Cure
|upkeep
|turn|20
|
|t:|1776098816
|switch|p2a: Tornadus|Tornadus-Therian, M, shiny|87/100
|move|p1a: Corviknight|Roost|p1a: Corviknight
|-heal|p1a: Corviknight|89/100
|-singleturn|p1a: Corviknight|move: Roost
|
|-damage|p1a: Corviknight|64/100|[from] Salt Cure
|upkeep
|turn|21
|
|t:|1776098820
|move|p2a: Tornadus|Heat Wave|p1a: Corviknight
|-supereffective|p1a: Corviknight
|-damage|p1a: Corviknight|20/100
|move|p1a: Corviknight|U-turn|p2a: Tornadus
|-resisted|p2a: Tornadus
|-damage|p2a: Tornadus|78/100
|
|t:|1776098825
|switch|p1a: Cinderace|Cinderace, F|100/100|[from] U-turn
|
|upkeep
|turn|22
|
|t:|1776098831
|move|p2a: Tornadus|U-turn|p1a: Cinderace
|-resisted|p1a: Cinderace
|-damage|p1a: Cinderace|90/100
|
|t:|1776098839
|switch|p2a: Garganacl|Garganacl, F, tera:Water|66/100|[from] U-turn
|move|p1a: Cinderace|U-turn|p2a: Garganacl
|-start|p1a: Cinderace|typechange|Bug|[from] ability: Libero
|-damage|p2a: Garganacl|43/100
|
|t:|1776098842
|switch|p1a: Deoxys|Deoxys-Speed, shiny|100/100|[from] U-turn
|-ability|p1a: Deoxys|Pressure
|
|upkeep
|turn|23
|
|t:|1776098849
|move|p1a: Deoxys|Psycho Boost|p2a: Garganacl
|-damage|p2a: Garganacl|0 fnt
|-unboost|p1a: Deoxys|spa|2
|faint|p2a: Garganacl
|-damage|p1a: Deoxys|91/100|[from] item: Life Orb
|
|upkeep
|
|t:|1776098856
|switch|p2a: Dragonite|Dragonite, M|43/100
|turn|24
|
|t:|1776098862
|move|p2a: Dragonite|Extreme Speed|p1a: Deoxys
|-damage|p1a: Deoxys|35/100
|move|p1a: Deoxys|Ice Beam|p2a: Dragonite
|-supereffective|p2a: Dragonite
|-crit|p2a: Dragonite
|-damage|p2a: Dragonite|0 fnt
|faint|p2a: Dragonite
|-damage|p1a: Deoxys|25/100|[from] item: Life Orb
|
|upkeep
|
|t:|1776098869
|switch|p2a: Tornadus|Tornadus-Therian, M, shiny|100/100
|turn|25
|
|t:|1776098879
|switch|p1a: Garchomp|Garchomp, F, tera:Fairy|39/100
|move|p2a: Tornadus|Knock Off|p1a: Garchomp
|-resisted|p1a: Garchomp
|-damage|p1a: Garchomp|33/100
|-damage|p2a: Tornadus|88/100|[from] ability: Rough Skin|[of] p1a: Garchomp
|-damage|p2a: Tornadus|72/100|[from] item: Rocky Helmet|[of] p1a: Garchomp
|-enditem|p1a: Garchomp|Rocky Helmet|[from] move: Knock Off|[of] p2a: Tornadus
|
|upkeep
|turn|26
|
|t:|1776098885
|move|p2a: Tornadus|Bleakwind Storm|p1a: Garchomp
|-damage|p1a: Garchomp|0 fnt
|faint|p1a: Garchomp
|
|upkeep
|
|t:|1776098889
|switch|p1a: Cinderace|Cinderace, F|90/100
|turn|27
|
|t:|1776098896
|move|p2a: Tornadus|Bleakwind Storm|p1a: Cinderace
|-damage|p1a: Cinderace|35/100
|-unboost|p1a: Cinderace|spe|1
|move|p1a: Cinderace|Pyro Ball|p2a: Tornadus|[miss]
|-miss|p1a: Cinderace|p2a: Tornadus
|
|upkeep
|turn|28
|
|t:|1776098915
|move|p1a: Cinderace|Sucker Punch|p2a: Tornadus
|-start|p1a: Cinderace|typechange|Dark|[from] ability: Libero
|-damage|p2a: Tornadus|31/100
|move|p2a: Tornadus|Bleakwind Storm|p1a: Cinderace
|-damage|p1a: Cinderace|0 fnt
|faint|p1a: Cinderace
|
|upkeep
|
|t:|1776098917
|switch|p1a: Deoxys|Deoxys-Speed, shiny|25/100
|-ability|p1a: Deoxys|Pressure
|turn|29
|
|t:|1776098923
|switch|p2a: Great Tusk|Great Tusk|100/100
|-enditem|p2a: Great Tusk|Booster Energy
|-activate|p2a: Great Tusk|ability: Protosynthesis|[fromitem]
|-start|p2a: Great Tusk|protosynthesisatk
|move|p1a: Deoxys|Ice Beam|p2a: Great Tusk
|-supereffective|p2a: Great Tusk
|-damage|p2a: Great Tusk|2/100
|-damage|p1a: Deoxys|15/100|[from] item: Life Orb
|
|upkeep
|turn|30
|
|t:|1776098929
|move|p1a: Deoxys|Ice Beam|p2a: Great Tusk
|-supereffective|p2a: Great Tusk
|-damage|p2a: Great Tusk|0 fnt
|faint|p2a: Great Tusk
|-end|p2a: Great Tusk|Protosynthesis|[silent]
|-damage|p1a: Deoxys|5/100|[from] item: Life Orb
|
|upkeep
|
|t:|1776098935
|switch|p2a: Tornadus|Tornadus-Therian, M, shiny|64/100
|turn|31
|
|t:|1776098941
|move|p1a: Deoxys|Psycho Boost|p2a: Tornadus
|-damage|p2a: Tornadus|15/100
|-unboost|p1a: Deoxys|spa|2
|-damage|p1a: Deoxys|0 fnt|[from] item: Life Orb
|faint|p1a: Deoxys
|move|p2a: Tornadus|Heat Wave|p1: Deoxys|[notarget]
|-fail|p2a: Tornadus
|
|upkeep
|
|t:|1776098945
|switch|p1a: Corviknight|Corviknight, M|20/100
|-ability|p1a: Corviknight|Pressure
|turn|32
|
|t:|1776098949
|move|p2a: Tornadus|Heat Wave|p1a: Corviknight
|-supereffective|p1a: Corviknight
|-damage|p1a: Corviknight|0 fnt
|faint|p1a: Corviknight
|
|win|Blastoise_Choice
|raw|champ bogar's rating: 1746 &rarr; <strong>1729</strong><br />(-17 for losing)
|raw|Blastoise_Choice's rating: 1794 &rarr; <strong>1811</strong><br />(+17 for winning)
|c|☆Blastoise_Choice|gg
|l|☆champ bogar
|player|p1|
|l| imjeffboy
|l|☆Blastoise_Choice
|player|p2|
