|html|<div class="broadcast-blue"><strong>[Gen 9] OU is currently suspecting Tera Blast! For information on how to participate check out the <a href="https://www.smogon.com/tools/suspects/view/200">suspect thread</a>.</strong></div>
|j|☆kimchiii123
|j|☆prof. jubokko
|t:|1776169561
|gametype|singles
|player|p1|kimchiii123|266|1140
|player|p2|prof. jubokko|cyrus|1160
|gen|9
|tier|[Gen 9] OU
|rated|
|rule|HP Percentage Mod: HP is shown in percentages
|rule|Endless Battle Clause: Forcing endless battles is banned
|rule|Species Clause: Limit one of each Pokémon
|rule|OHKO Clause: OHKO moves are banned
|rule|Evasion Items Clause: Evasion items are banned
|rule|Evasion Moves Clause: Evasion moves are banned
|rule|Evasion Abilities Clause: Evasion abilities are banned
|rule|Sleep Moves Clause: Sleep-inducing moves are banned
|clearpoke
|poke|p1|Amoonguss, M|
|poke|p1|Galvantula, F|
|poke|p1|Metagross|
|poke|p1|Clefable, F|
|poke|p1|Great Tusk|
|poke|p1|Dragonite, F|
|poke|p2|Tyranitar, M|
|poke|p2|Pecharunt|
|poke|p2|Incineroar, M|
|poke|p2|Tropius, M|
|poke|p2|Gliscor, F|
|poke|p2|Corviknight, M|
|teampreview
|
|t:|1776169575
|teamsize|p1|6
|teamsize|p2|6
|start
|switch|p1a: Amoonguss|Amoonguss, M|100/100
|switch|p2a: Incineroar|Incineroar, M|100/100
|-ability|p2a: Incineroar|Intimidate|boost
|-unboost|p1a: Amoonguss|atk|1
|turn|1
|
|t:|1776169593
|switch|p1a: Clefable|Clefable, F|100/100
|move|p2a: Incineroar|Overheat|p1a: Clefable
|-damage|p1a: Clefable|71/100
|-unboost|p2a: Incineroar|spa|2
|
|-heal|p1a: Clefable|77/100|[from] item: Leftovers
|upkeep
|turn|2
|
|t:|1776169605
|move|p1a: Clefable|Thunder Wave|p2a: Incineroar
|-status|p2a: Incineroar|par
|move|p2a: Incineroar|Parting Shot|p1a: Clefable
|-unboost|p1a: Clefable|atk|1
|-unboost|p1a: Clefable|spa|1
|
|t:|1776169611
|switch|p2a: Gliscor|Gliscor, F|100/100|[from] Parting Shot
|
|-heal|p1a: Clefable|83/100|[from] item: Leftovers
|-status|p2a: Gliscor|tox|[from] item: Toxic Orb
|upkeep
|turn|3
|
|t:|1776169619
|move|p2a: Gliscor|Swords Dance|p2a: Gliscor
|-boost|p2a: Gliscor|atk|2
|move|p1a: Clefable|Stealth Rock|p2a: Gliscor
|-sidestart|p2: prof. jubokko|move: Stealth Rock
|
|-heal|p1a: Clefable|89/100|[from] item: Leftovers
|upkeep
|turn|4
|
|t:|1776169638
|switch|p1a: Metagross|Metagross, shiny|100/100
|move|p2a: Gliscor|Earthquake|p1a: Metagross
|-supereffective|p1a: Metagross
|-damage|p1a: Metagross|0 fnt
|faint|p1a: Metagross
|
|upkeep
|
|t:|1776169646
|switch|p1a: Dragonite|Dragonite, F|100/100
|turn|5
|
|t:|1776169661
|-terastallize|p2a: Gliscor|Water
|move|p1a: Dragonite|Dragon Dance|p1a: Dragonite
|-boost|p1a: Dragonite|atk|1
|-boost|p1a: Dragonite|spe|1
|move|p2a: Gliscor|Crabhammer|p1a: Dragonite
|-resisted|p1a: Dragonite
|-crit|p1a: Dragonite
|-damage|p1a: Dragonite|69/100
|
|upkeep
|turn|6
|
|t:|1776169676
|move|p1a: Dragonite|Earthquake|p2a: Gliscor
|-damage|p2a: Gliscor|66/100 tox
|move|p2a: Gliscor|Crabhammer|p1a: Dragonite
|-resisted|p1a: Dragonite
|-damage|p1a: Dragonite|34/100
|
|-heal|p2a: Gliscor|78/100 tox|[from] ability: Poison Heal
|upkeep
|turn|7
|
|t:|1776169685
|move|p1a: Dragonite|Earthquake|p2a: Gliscor
|-damage|p2a: Gliscor|44/100 tox
|move|p2a: Gliscor|Crabhammer|p1a: Dragonite
|-resisted|p1a: Dragonite
|-damage|p1a: Dragonite|0 fnt
|faint|p1a: Dragonite
|
|-heal|p2a: Gliscor|56/100 tox|[from] ability: Poison Heal
|upkeep
|
|t:|1776169695
|switch|p1a: Galvantula|Galvantula, F|100/100
|-ability|p1a: Galvantula|Unnerve
|turn|8
|
|t:|1776169701
|switch|p2a: Tyranitar|Tyranitar, M|100/100
|-damage|p2a: Tyranitar|88/100|[from] Stealth Rock
|-weather|Sandstorm|[from] ability: Sand Stream|[of] p2a: Tyranitar
|move|p1a: Galvantula|Thunderbolt|p2a: Tyranitar
|-damage|p2a: Tyranitar|72/100
|
|-weather|Sandstorm|[upkeep]
|-damage|p1a: Galvantula|94/100|[from] Sandstorm
|-heal|p2a: Tyranitar|78/100|[from] item: Leftovers
|upkeep
|turn|9
|
|t:|1776169715
|switch|p1a: Great Tusk|Great Tusk|100/100
|move|p2a: Tyranitar|Stone Edge|p1a: Great Tusk
|-resisted|p1a: Great Tusk
|-damage|p1a: Great Tusk|95/100
|
|-weather|Sandstorm|[upkeep]
|-heal|p1a: Great Tusk|100/100|[from] item: Leftovers
|-heal|p2a: Tyranitar|85/100|[from] item: Leftovers
|upkeep
|turn|10
|
|t:|1776169726
|switch|p2a: Incineroar|Incineroar, M|100/100 par
|-ability|p2a: Incineroar|Intimidate|boost
|-unboost|p1a: Great Tusk|atk|1
|move|p1a: Great Tusk|Ice Spinner|p2a: Incineroar
|-resisted|p2a: Incineroar
|-damage|p2a: Incineroar|95/100 par
|
|-weather|Sandstorm|[upkeep]
|-damage|p2a: Incineroar|89/100 par|[from] Sandstorm
|upkeep
|turn|11
|
|t:|1776169737
|move|p1a: Great Tusk|Close Combat|p2a: Incineroar
|-supereffective|p2a: Incineroar
|-damage|p2a: Incineroar|43/100 par
|-unboost|p1a: Great Tusk|def|1
|-unboost|p1a: Great Tusk|spd|1
|move|p2a: Incineroar|Parting Shot|p1a: Great Tusk
|-unboost|p1a: Great Tusk|atk|1
|-unboost|p1a: Great Tusk|spa|1
|
|t:|1776169745
|switch|p2a: Gliscor|Gliscor, F, tera:Water|56/100 tox|[from] Parting Shot
|-damage|p2a: Gliscor|44/100 tox|[from] Stealth Rock
|
|-weather|Sandstorm|[upkeep]
|-damage|p2a: Gliscor|38/100 tox|[from] Sandstorm
|-heal|p2a: Gliscor|50/100 tox|[from] ability: Poison Heal
|upkeep
|turn|12
|
|t:|1776169758
|move|p2a: Gliscor|Earthquake|p1a: Great Tusk
|-damage|p1a: Great Tusk|78/100
|move|p1a: Great Tusk|Earthquake|p2a: Gliscor
|-damage|p2a: Gliscor|36/100 tox
|
|-weather|none
|-heal|p1a: Great Tusk|84/100|[from] item: Leftovers
|-heal|p2a: Gliscor|48/100 tox|[from] ability: Poison Heal
|upkeep
|turn|13
|
|t:|1776169770
|-end|p1a: Great Tusk|Protosynthesis|[silent]
|switch|p1a: Galvantula|Galvantula, F|94/100
|-ability|p1a: Galvantula|Unnerve
|move|p2a: Gliscor|Earthquake|p1a: Galvantula
|-damage|p1a: Galvantula|28/100
|
|-heal|p2a: Gliscor|60/100 tox|[from] ability: Poison Heal
|upkeep
|turn|14
|
|t:|1776169781
|move|p2a: Gliscor|Protect|p2a: Gliscor
|-singleturn|p2a: Gliscor|Protect
|move|p1a: Galvantula|Volt Switch|p2a: Gliscor
|-activate|p2a: Gliscor|move: Protect
|
|-heal|p2a: Gliscor|73/100 tox|[from] ability: Poison Heal
|upkeep
|turn|15
|
|t:|1776169795
|switch|p1a: Amoonguss|Amoonguss, M|100/100
|switch|p2a: Tyranitar|Tyranitar, M|85/100
|-damage|p2a: Tyranitar|72/100|[from] Stealth Rock
|-weather|Sandstorm|[from] ability: Sand Stream|[of] p2a: Tyranitar
|
|-weather|Sandstorm|[upkeep]
|-damage|p1a: Amoonguss|94/100|[from] Sandstorm
|-heal|p2a: Tyranitar|78/100|[from] item: Leftovers
|-heal|p1a: Amoonguss|100/100|[from] item: Black Sludge
|upkeep
|turn|16
|
|t:|1776169809
|switch|p2a: Corviknight|Corviknight, M|100/100
|-damage|p2a: Corviknight|88/100|[from] Stealth Rock
|move|p1a: Amoonguss|Giga Drain|p2a: Corviknight
|-resisted|p2a: Corviknight
|-damage|p2a: Corviknight|83/100
|
|-weather|Sandstorm|[upkeep]
|-damage|p1a: Amoonguss|94/100|[from] Sandstorm
|-heal|p2a: Corviknight|89/100|[from] item: Leftovers
|-heal|p1a: Amoonguss|100/100|[from] item: Black Sludge
|upkeep
|turn|17
|
|t:|1776169824
|switch|p1a: Galvantula|Galvantula, F|28/100
|-ability|p1a: Galvantula|Unnerve
|move|p2a: Corviknight|Defog|p1a: Galvantula
|-unboost|p1a: Galvantula|evasion|1
|-sideend|p2: prof. jubokko|Stealth Rock|[from] move: Defog|[of] p2a: Corviknight
|
|-weather|Sandstorm|[upkeep]
|-damage|p1a: Galvantula|22/100|[from] Sandstorm
|-heal|p2a: Corviknight|95/100|[from] item: Leftovers
|upkeep
|turn|18
|
|t:|1776169835
|move|p1a: Galvantula|Thunderbolt|p2a: Corviknight
|-supereffective|p2a: Corviknight
|-damage|p2a: Corviknight|19/100
|move|p2a: Corviknight|U-turn|p1a: Galvantula
|-damage|p1a: Galvantula|0 fnt
|faint|p1a: Galvantula
|inactive|Battle timer is ON: inactive players will automatically lose when time's up. (requested by kimchiii123)
|
|t:|1776169850
|switch|p2a: Gliscor|Gliscor, F, tera:Water|73/100 tox|[from] U-turn
|
|-weather|Sandstorm|[upkeep]
|-damage|p2a: Gliscor|67/100 tox|[from] Sandstorm
|-heal|p2a: Gliscor|79/100 tox|[from] ability: Poison Heal
|upkeep
|
|t:|1776169858
|switch|p1a: Amoonguss|Amoonguss, M|100/100
|turn|19
|
|t:|1776169882
|switch|p2a: Corviknight|Corviknight, M|19/100
|move|p1a: Amoonguss|Giga Drain|p2a: Corviknight
|-resisted|p2a: Corviknight
|-damage|p2a: Corviknight|13/100
|
|-weather|none
|-heal|p2a: Corviknight|20/100|[from] item: Leftovers
|upkeep
|turn|20
|
|t:|1776169891
|switch|p1a: Clefable|Clefable, F|89/100
|move|p2a: Corviknight|Roost|p2a: Corviknight
|-heal|p2a: Corviknight|70/100
|-singleturn|p2a: Corviknight|move: Roost
|
|-heal|p2a: Corviknight|76/100|[from] item: Leftovers
|-heal|p1a: Clefable|95/100|[from] item: Leftovers
|upkeep
|turn|21
|
|t:|1776169916
|switch|p2a: Tyranitar|Tyranitar, M|78/100
|-weather|Sandstorm|[from] ability: Sand Stream|[of] p2a: Tyranitar
|switch|p1a: Great Tusk|Great Tusk|84/100
|
|-weather|Sandstorm|[upkeep]
|-heal|p1a: Great Tusk|90/100|[from] item: Leftovers
|-heal|p2a: Tyranitar|85/100|[from] item: Leftovers
|upkeep
|turn|22
|
|t:|1776169934
|switch|p2a: Incineroar|Incineroar, M|43/100 par
|-ability|p2a: Incineroar|Intimidate|boost
|-unboost|p1a: Great Tusk|atk|1
|move|p1a: Great Tusk|Earthquake|p2a: Incineroar
|-supereffective|p2a: Incineroar
|-damage|p2a: Incineroar|1/100 par
|
|-weather|Sandstorm|[upkeep]
|-damage|p2a: Incineroar|0 fnt|[from] Sandstorm
|faint|p2a: Incineroar
|-heal|p1a: Great Tusk|96/100|[from] item: Leftovers
|upkeep
|
|t:|1776169942
|switch|p2a: Gliscor|Gliscor, F, tera:Water|79/100 tox
|turn|23
|
|t:|1776169953
|move|p2a: Gliscor|Crabhammer|p1a: Great Tusk
|-supereffective|p1a: Great Tusk
|-damage|p1a: Great Tusk|60/100
|move|p1a: Great Tusk|Earthquake|p2a: Gliscor
|-damage|p2a: Gliscor|62/100 tox
|
|-weather|Sandstorm|[upkeep]
|-damage|p2a: Gliscor|56/100 tox|[from] Sandstorm
|-heal|p1a: Great Tusk|67/100|[from] item: Leftovers
|-heal|p2a: Gliscor|68/100 tox|[from] ability: Poison Heal
|upkeep
|turn|24
|
|t:|1776169966
|-end|p1a: Great Tusk|Protosynthesis|[silent]
|switch|p1a: Amoonguss|Amoonguss, M|100/100
|move|p2a: Gliscor|Crabhammer|p1a: Amoonguss
|-resisted|p1a: Amoonguss
|-crit|p1a: Amoonguss
|-damage|p1a: Amoonguss|81/100
|
|-weather|Sandstorm|[upkeep]
|-damage|p2a: Gliscor|62/100 tox|[from] Sandstorm
|-damage|p1a: Amoonguss|74/100|[from] Sandstorm
|-heal|p1a: Amoonguss|81/100|[from] item: Black Sludge
|-heal|p2a: Gliscor|75/100 tox|[from] ability: Poison Heal
|upkeep
|turn|25
|
|t:|1776169980
|switch|p2a: Corviknight|Corviknight, M|76/100
|switch|p1a: Clefable|Clefable, F|95/100
|
|-weather|none
|-heal|p2a: Corviknight|82/100|[from] item: Leftovers
|-heal|p1a: Clefable|100/100|[from] item: Leftovers
|upkeep
|turn|26
|
|t:|1776169992
|move|p2a: Corviknight|Iron Head|p1a: Clefable
|-supereffective|p1a: Clefable
|-damage|p1a: Clefable|52/100
|move|p1a: Clefable|Thunder Wave|p2a: Corviknight
|-status|p2a: Corviknight|par
|
|-heal|p1a: Clefable|58/100|[from] item: Leftovers
|-heal|p2a: Corviknight|88/100 par|[from] item: Leftovers
|upkeep
|turn|27
|
|t:|1776170003
|switch|p1a: Great Tusk|Great Tusk|67/100
|move|p2a: Corviknight|Iron Head|p1a: Great Tusk
|-damage|p1a: Great Tusk|56/100
|
|-heal|p1a: Great Tusk|62/100|[from] item: Leftovers
|-heal|p2a: Corviknight|95/100 par|[from] item: Leftovers
|upkeep
|turn|28
|
|t:|1776170013
|switch|p2a: Pecharunt|Pecharunt|100/100
|move|p1a: Great Tusk|Ice Spinner|p2a: Pecharunt
|-damage|p2a: Pecharunt|90/100
|-damage|p1a: Great Tusk|45/100|[from] item: Rocky Helmet|[of] p2a: Pecharunt
|
|-heal|p1a: Great Tusk|51/100|[from] item: Leftovers
|upkeep
|turn|29
|
|t:|1776170032
|switch|p2a: Tropius|Tropius, M|100/100
|move|p1a: Great Tusk|Earthquake|p2a: Tropius
|-immune|p2a: Tropius
|
|-heal|p1a: Great Tusk|58/100|[from] item: Leftovers
|upkeep
|turn|30
|
|t:|1776170042
|switch|p2a: Pecharunt|Pecharunt|90/100
|move|p1a: Great Tusk|Ice Spinner|p2a: Pecharunt
|-damage|p2a: Pecharunt|80/100
|-damage|p1a: Great Tusk|41/100|[from] item: Rocky Helmet|[of] p2a: Pecharunt
|
|-heal|p1a: Great Tusk|47/100|[from] item: Leftovers
|upkeep
|turn|31
|
|t:|1776170053
|move|p2a: Pecharunt|Parting Shot|p1a: Great Tusk
|-unboost|p1a: Great Tusk|atk|1
|-unboost|p1a: Great Tusk|spa|1
|
|t:|1776170057
|switch|p2a: Gliscor|Gliscor, F, tera:Water|75/100 tox|[from] Parting Shot
|move|p1a: Great Tusk|Earthquake|p2a: Gliscor
|-damage|p2a: Gliscor|56/100 tox
|
|-heal|p1a: Great Tusk|53/100|[from] item: Leftovers
|-heal|p2a: Gliscor|68/100 tox|[from] ability: Poison Heal
|upkeep
|turn|32
|
|t:|1776170068
|-end|p1a: Great Tusk|Protosynthesis|[silent]
|switch|p1a: Amoonguss|Amoonguss, M|100/100
|move|p2a: Gliscor|Swords Dance|p2a: Gliscor
|-boost|p2a: Gliscor|atk|2
|
|-heal|p2a: Gliscor|81/100 tox|[from] ability: Poison Heal
|upkeep
|turn|33
|
|t:|1776170078
|move|p2a: Gliscor|Earthquake|p1a: Amoonguss
|-damage|p1a: Amoonguss|55/100
|move|p1a: Amoonguss|Giga Drain|p2a: Gliscor
|-supereffective|p2a: Gliscor
|-damage|p2a: Gliscor|21/100 tox
|-heal|p1a: Amoonguss|80/100|[from] drain|[of] p2a: Gliscor
|
|-heal|p1a: Amoonguss|86/100|[from] item: Black Sludge
|-heal|p2a: Gliscor|33/100 tox|[from] ability: Poison Heal
|upkeep
|turn|34
|
|t:|1776170090
|switch|p2a: Corviknight|Corviknight, M|95/100 par
|move|p1a: Amoonguss|Toxic||[still]
|-fail|p1a: Amoonguss
|
|-heal|p1a: Amoonguss|92/100|[from] item: Black Sludge
|-heal|p2a: Corviknight|100/100 par|[from] item: Leftovers
|upkeep
|turn|35
|
|t:|1776170102
|switch|p1a: Great Tusk|Great Tusk|53/100
|cant|p2a: Corviknight|par
|
|-heal|p1a: Great Tusk|60/100|[from] item: Leftovers
|upkeep
|turn|36
|
|t:|1776170114
|move|p1a: Great Tusk|Ice Spinner|p2a: Corviknight
|-damage|p2a: Corviknight|85/100 par
|move|p2a: Corviknight|U-turn|p1a: Great Tusk
|-resisted|p1a: Great Tusk
|-damage|p1a: Great Tusk|56/100
|
|t:|1776170121
|switch|p2a: Gliscor|Gliscor, F, tera:Water|33/100 tox|[from] U-turn
|
|-heal|p1a: Great Tusk|62/100|[from] item: Leftovers
|-heal|p2a: Gliscor|46/100 tox|[from] ability: Poison Heal
|upkeep
|turn|37
|
|t:|1776170131
|switch|p2a: Tropius|Tropius, M|100/100
|-end|p1a: Great Tusk|Protosynthesis|[silent]
|switch|p1a: Amoonguss|Amoonguss, M|100/100
|
|upkeep
|turn|38
|
|t:|1776170139
|switch|p2a: Corviknight|Corviknight, M|85/100 par
|move|p1a: Amoonguss|Clear Smog|p2a: Corviknight
|-immune|p2a: Corviknight
|
|-heal|p2a: Corviknight|92/100 par|[from] item: Leftovers
|upkeep
|turn|39
|
|t:|1776170158
|switch|p1a: Great Tusk|Great Tusk|62/100
|cant|p2a: Corviknight|par
|
|-heal|p1a: Great Tusk|69/100|[from] item: Leftovers
|-heal|p2a: Corviknight|98/100 par|[from] item: Leftovers
|upkeep
|turn|40
|j| ohko_smeargle
|
|t:|1776170168
|move|p1a: Great Tusk|Close Combat|p2a: Corviknight
|-damage|p2a: Corviknight|68/100 par
|-unboost|p1a: Great Tusk|def|1
|-unboost|p1a: Great Tusk|spd|1
|move|p2a: Corviknight|U-turn|p1a: Great Tusk
|-resisted|p1a: Great Tusk
|-damage|p1a: Great Tusk|64/100
|
|t:|1776170176
|switch|p2a: Gliscor|Gliscor, F, tera:Water|46/100 tox|[from] U-turn
|
|-heal|p1a: Great Tusk|70/100|[from] item: Leftovers
|-heal|p2a: Gliscor|58/100 tox|[from] ability: Poison Heal
|upkeep
|turn|41
|
|t:|1776170185
|-end|p1a: Great Tusk|Protosynthesis|[silent]
|switch|p1a: Amoonguss|Amoonguss, M|100/100
|move|p2a: Gliscor|Crabhammer|p1a: Amoonguss
|-resisted|p1a: Amoonguss
|-damage|p1a: Amoonguss|88/100
|
|-heal|p1a: Amoonguss|95/100|[from] item: Black Sludge
|-heal|p2a: Gliscor|71/100 tox|[from] ability: Poison Heal
|upkeep
|turn|42
|
|t:|1776170194
|switch|p2a: Corviknight|Corviknight, M|68/100 par
|move|p1a: Amoonguss|Giga Drain|p2a: Corviknight
|-resisted|p2a: Corviknight
|-damage|p2a: Corviknight|63/100 par
|-heal|p1a: Amoonguss|97/100|[from] drain|[of] p2a: Corviknight
|
|-heal|p1a: Amoonguss|100/100|[from] item: Black Sludge
|-heal|p2a: Corviknight|69/100 par|[from] item: Leftovers
|upkeep
|turn|43
|c|☆kimchiii123|hah
|
|t:|1776170212
|switch|p2a: Tyranitar|Tyranitar, M|85/100
|-weather|Sandstorm|[from] ability: Sand Stream|[of] p2a: Tyranitar
|move|p1a: Amoonguss|Substitute|p1a: Amoonguss
|-start|p1a: Amoonguss|Substitute
|-damage|p1a: Amoonguss|75/100
|
|-weather|Sandstorm|[upkeep]
|-damage|p1a: Amoonguss|69/100|[from] Sandstorm
|-heal|p2a: Tyranitar|91/100|[from] item: Leftovers
|-heal|p1a: Amoonguss|75/100|[from] item: Black Sludge
|upkeep
|turn|44
|
|t:|1776170222
|move|p2a: Tyranitar|Stealth Rock|p1a: Amoonguss
|-sidestart|p1: kimchiii123|move: Stealth Rock
|move|p1a: Amoonguss|Giga Drain|p2a: Tyranitar
|-supereffective|p2a: Tyranitar
|-damage|p2a: Tyranitar|73/100
|-heal|p1a: Amoonguss|84/100|[from] drain|[of] p2a: Tyranitar
|
|-weather|Sandstorm|[upkeep]
|-damage|p1a: Amoonguss|78/100|[from] Sandstorm
|-heal|p2a: Tyranitar|79/100|[from] item: Leftovers
|-heal|p1a: Amoonguss|84/100|[from] item: Black Sludge
|upkeep
|turn|45
|
|t:|1776170233
|switch|p2a: Corviknight|Corviknight, M|69/100 par
|move|p1a: Amoonguss|Toxic||[still]
|-fail|p1a: Amoonguss
|
|-weather|Sandstorm|[upkeep]
|-damage|p1a: Amoonguss|78/100|[from] Sandstorm
|-heal|p1a: Amoonguss|84/100|[from] item: Black Sludge
|-heal|p2a: Corviknight|75/100 par|[from] item: Leftovers
|upkeep
|turn|46
|
|t:|1776170244
|switch|p1a: Great Tusk|Great Tusk|70/100
|-damage|p1a: Great Tusk|67/100|[from] Stealth Rock
|cant|p2a: Corviknight|par
|
|-weather|Sandstorm|[upkeep]
|-heal|p1a: Great Tusk|73/100|[from] item: Leftovers
|-heal|p2a: Corviknight|81/100 par|[from] item: Leftovers
|upkeep
|turn|47
|
|t:|1776170252
|move|p1a: Great Tusk|Rapid Spin|p2a: Corviknight
|-resisted|p2a: Corviknight
|-damage|p2a: Corviknight|77/100 par
|-boost|p1a: Great Tusk|spe|1
|-sideend|p1: kimchiii123|Stealth Rock|[from] move: Rapid Spin|[of] p1a: Great Tusk
|move|p2a: Corviknight|U-turn|p1a: Great Tusk
|-resisted|p1a: Great Tusk
|-damage|p1a: Great Tusk|70/100
|
|t:|1776170261
|switch|p2a: Gliscor|Gliscor, F, tera:Water|71/100 tox|[from] U-turn
|
|-weather|none
|-heal|p1a: Great Tusk|76/100|[from] item: Leftovers
|-heal|p2a: Gliscor|83/100 tox|[from] ability: Poison Heal
|upkeep
|turn|48
|
|t:|1776170275
|move|p1a: Great Tusk|Close Combat|p2a: Gliscor
|-damage|p2a: Gliscor|52/100 tox
|-unboost|p1a: Great Tusk|def|1
|-unboost|p1a: Great Tusk|spd|1
|move|p2a: Gliscor|Crabhammer|p1a: Great Tusk
|-supereffective|p1a: Great Tusk
|-damage|p1a: Great Tusk|26/100
|
|-heal|p1a: Great Tusk|32/100|[from] item: Leftovers
|-heal|p2a: Gliscor|65/100 tox|[from] ability: Poison Heal
|upkeep
|turn|49
|
|t:|1776170295
|-end|p1a: Great Tusk|Protosynthesis|[silent]
|switch|p1a: Amoonguss|Amoonguss, M|100/100
|move|p2a: Gliscor|Earthquake|p1a: Amoonguss
|-damage|p1a: Amoonguss|77/100
|
|-heal|p1a: Amoonguss|84/100|[from] item: Black Sludge
|-heal|p2a: Gliscor|77/100 tox|[from] ability: Poison Heal
|upkeep
|turn|50
|
|t:|1776170305
|switch|p2a: Corviknight|Corviknight, M|77/100 par
|move|p1a: Amoonguss|Giga Drain|p2a: Corviknight
|-resisted|p2a: Corviknight
|-damage|p2a: Corviknight|72/100 par
|-heal|p1a: Amoonguss|86/100|[from] drain|[of] p2a: Corviknight
|
|-heal|p1a: Amoonguss|92/100|[from] item: Black Sludge
|-heal|p2a: Corviknight|78/100 par|[from] item: Leftovers
|upkeep
|turn|51
|
|t:|1776170319
|move|p1a: Amoonguss|Substitute|p1a: Amoonguss
|-start|p1a: Amoonguss|Substitute
|-damage|p1a: Amoonguss|67/100
|move|p2a: Corviknight|U-turn|p1a: Amoonguss
|-activate|p1a: Amoonguss|move: Substitute|[damage]
|
|t:|1776170330
|switch|p2a: Pecharunt|Pecharunt|80/100|[from] U-turn
|
|-heal|p1a: Amoonguss|73/100|[from] item: Black Sludge
|upkeep
|turn|52
|
|t:|1776170338
|move|p2a: Pecharunt|Shadow Ball|p1a: Amoonguss
|-end|p1a: Amoonguss|Substitute
|move|p1a: Amoonguss|Giga Drain|p2a: Pecharunt
|-resisted|p2a: Pecharunt
|-damage|p2a: Pecharunt|69/100
|-heal|p1a: Amoonguss|78/100|[from] drain|[of] p2a: Pecharunt
|
|-heal|p1a: Amoonguss|85/100|[from] item: Black Sludge
|upkeep
|turn|53
|
|t:|1776170348
|switch|p1a: Great Tusk|Great Tusk|32/100
|move|p2a: Pecharunt|Shadow Ball|p1a: Great Tusk
|-damage|p1a: Great Tusk|0 fnt
|faint|p1a: Great Tusk
|-end|p1a: Great Tusk|Protosynthesis|[silent]
|
|upkeep
|c|☆kimchiii123|gg
|c|☆prof. jubokko|Gg
|-message|kimchiii123 forfeited.
|
|win|prof. jubokko
|raw|kimchiii123's rating: 1140 &rarr; <strong>1116</strong><br />(-24 for losing)
|raw|prof. jubokko's rating: 1160 &rarr; <strong>1184</strong><br />(+24 for winning)
|l|☆kimchiii123
|player|p1|
|l| ohko_smeargle
