|html|<div class="broadcast-blue"><strong>[Gen 9] OU is currently suspecting Volcarona! For information on how to participate check out the <a href="https://www.smogon.com/tools/suspects/view/208">suspect thread</a>.</strong></div>
|j|☆i will eat another
|j|☆bullfrawgs
|t:|1778501553
|gametype|singles
|player|p1|i will eat another|depotagent|1341
|player|p2|bullfrawgs|265|1377
|gen|9
|tier|[Gen 9] OU
|rated|
|rule|HP Percentage Mod: HP is shown in percentages
|rule|Endless Battle Clause: Forcing endless battles is banned
|rule|Species Clause: Limit one of each Pokémon
|rule|OHKO Clause: OHKO moves are banned
|rule|Evasion Items Clause: Evasion items are banned
|rule|Evasion Moves Clause: Evasion moves are banned
|rule|Evasion Abilities Clause: Evasion abilities are banned
|rule|Sleep Moves Clause: Sleep-inducing moves are banned
|clearpoke
|poke|p1|Breloom, M|
|poke|p1|Swinub, M|
|poke|p1|Iron Crown|
|poke|p1|Talonflame, M|
|poke|p1|Greninja-*, F|
|poke|p1|Glimmora, F|
|poke|p2|Volcarona, F|
|poke|p2|Samurott-Hisui, M|
|poke|p2|Hydrapple, F|
|poke|p2|Landorus-Therian, M|
|poke|p2|Great Tusk|
|poke|p2|Gholdengo|
|teampreview
|inactive|Battle timer is ON: inactive players will automatically lose when time's up. (requested by bullfrawgs)
|inactive|i will eat another also wants the timer to be on.
|
|t:|1778501578
|teamsize|p1|6
|teamsize|p2|6
|start
|switch|p1a: Breloom|Breloom, M|100/100
|switch|p2a: Landorus|Landorus-Therian, M|100/100
|-ability|p2a: Landorus|Intimidate|boost
|-unboost|p1a: Breloom|atk|1
|turn|1
|
|t:|1778501590
|switch|p1a: Glimmora|Glimmora, F|100/100
|move|p2a: Landorus|U-turn|p1a: Glimmora
|-resisted|p1a: Glimmora
|-damage|p1a: Glimmora|84/100
|-activate|p1a: Glimmora|ability: Toxic Debris
|-sidestart|p2: bullfrawgs|move: Toxic Spikes
|
|t:|1778501602
|switch|p2a: Great Tusk|Great Tusk|100/100|[from] U-turn
|
|upkeep
|turn|2
|
|t:|1778501607
|switch|p1a: Talonflame|Talonflame, M|100/100
|move|p2a: Great Tusk|Stealth Rock|p1a: Talonflame
|-sidestart|p1: i will eat another|move: Stealth Rock
|
|upkeep
|turn|3
|
|t:|1778501615
|-end|p2a: Great Tusk|Protosynthesis|[silent]
|switch|p2a: Landorus|Landorus-Therian, M|100/100
|-ability|p2a: Landorus|Intimidate|boost
|-unboost|p1a: Talonflame|atk|1
|move|p1a: Talonflame|Will-O-Wisp|p2a: Landorus
|-status|p2a: Landorus|brn
|
|-damage|p2a: Landorus|95/100 brn|[from] brn
|upkeep
|turn|4
|
|t:|1778501627
|move|p2a: Landorus|U-turn|p1a: Talonflame
|-resisted|p1a: Talonflame
|-damage|p1a: Talonflame|97/100
|
|t:|1778501632
|switch|p2a: Volcarona|Volcarona, F|100/100|[from] U-turn
|move|p1a: Talonflame|Flamethrower|p2a: Volcarona
|-damage|p2a: Volcarona|80/100
|
|upkeep
|turn|5
|
|t:|1778501650
|switch|p1a: Glimmora|Glimmora, F|84/100
|-damage|p1a: Glimmora|72/100|[from] Stealth Rock
|move|p2a: Volcarona|Quiver Dance|p2a: Volcarona
|-boost|p2a: Volcarona|spa|1
|-boost|p2a: Volcarona|spd|1
|-boost|p2a: Volcarona|spe|1
|
|upkeep
|turn|6
|
|t:|1778501656
|move|p2a: Volcarona|Psychic|p1a: Glimmora
|-supereffective|p1a: Glimmora
|-damage|p1a: Glimmora|0 fnt
|faint|p1a: Glimmora
|
|upkeep
|
|t:|1778501671
|switch|p1a: Breloom|Breloom, M|100/100
|-damage|p1a: Breloom|94/100|[from] Stealth Rock
|turn|7
|
|t:|1778501676
|-terastallize|p1a: Breloom|Ground
|move|p2a: Volcarona|Fiery Dance|p1a: Breloom
|-damage|p1a: Breloom|0 fnt
|faint|p1a: Breloom
|
|upkeep
|-message|i will eat another forfeited.
|
|win|bullfrawgs
|raw|i will eat another's rating: 1341 &rarr; <strong>1323</strong><br />(-18 for losing)
|raw|bullfrawgs's rating: 1377 &rarr; <strong>1395</strong><br />(+18 for winning)
|l|☆i will eat another
|player|p1|
|l|☆bullfrawgs
|player|p2|
