|html|<div class="broadcast-blue"><strong>[Gen 9] OU is currently suspecting Tera Blast! For information on how to participate check out the <a href="https://www.smogon.com/tools/suspects/view/200">suspect thread</a>.</strong></div>
|j|☆MauveMoth
|j|☆NeighborOik
|t:|1776051391
|gametype|singles
|player|p1|MauveMoth|bugcatcher-gen4dp|1058
|player|p2|NeighborOik|acetrainer-gen4dp|1029
|gen|9
|tier|[Gen 9] OU
|rated|
|rule|HP Percentage Mod: HP is shown in percentages
|rule|Endless Battle Clause: Forcing endless battles is banned
|rule|Species Clause: Limit one of each Pokémon
|rule|OHKO Clause: OHKO moves are banned
|rule|Evasion Items Clause: Evasion items are banned
|rule|Evasion Moves Clause: Evasion moves are banned
|rule|Evasion Abilities Clause: Evasion abilities are banned
|rule|Sleep Moves Clause: Sleep-inducing moves are banned
|clearpoke
|poke|p1|Scizor, M|
|poke|p1|Lokix, F|
|poke|p1|Venomoth, F|
|poke|p1|Yanmega, M|
|poke|p1|Araquanid, M|
|poke|p1|Ribombee, F|
|poke|p2|Samurott-Hisui, F|
|poke|p2|Great Tusk|
|poke|p2|Alomomola, M|
|poke|p2|Blaziken, F|
|poke|p2|Glimmora, F|
|poke|p2|Dragapult, M|
|teampreview
|inactive|Battle timer is ON: inactive players will automatically lose when time's up. (requested by MauveMoth)
|j| ohko_smeargle
|
|t:|1776051398
|teamsize|p1|6
|teamsize|p2|6
|start
|switch|p1a: Araquanid|Araquanid, M|100/100
|switch|p2a: Samurott|Samurott-Hisui, F|100/100
|turn|1
|
|t:|1776051406
|-terastallize|p2a: Samurott|Water
|move|p2a: Samurott|Ceaseless Edge|p1a: Araquanid
|-damage|p1a: Araquanid|45/100
|-sidestart|p1: MauveMoth|Spikes
|move|p1a: Araquanid|Sticky Web|p2a: Samurott
|-sidestart|p2: NeighborOik|move: Sticky Web
|
|upkeep
|turn|2
|
|t:|1776051423
|switch|p1a: Scizor|Scizor, M|100/100
|-damage|p1a: Scizor|88/100|[from] Spikes
|move|p2a: Samurott|Ceaseless Edge|p1a: Scizor
|-damage|p1a: Scizor|42/100
|-sidestart|p1: MauveMoth|Spikes
|
|upkeep
|turn|3
|
|t:|1776051436
|move|p2a: Samurott|Ceaseless Edge|p1a: Scizor
|-damage|p1a: Scizor|0 fnt
|-sidestart|p1: MauveMoth|Spikes
|faint|p1a: Scizor
|
|upkeep
|
|t:|1776051444
|switch|p1a: Lokix|Lokix, F|100/100
|turn|4
|
|t:|1776051454
|move|p1a: Lokix|First Impression|p2a: Samurott
|-damage|p2a: Samurott|56/100
|move|p2a: Samurott|Aqua Cutter|p1a: Lokix
|-crit|p1a: Lokix
|-damage|p1a: Lokix|0 fnt
|faint|p1a: Lokix
|
|upkeep
|
|t:|1776051464
|switch|p1a: Yanmega|Yanmega, M|100/100
|turn|5
|
|t:|1776051468
|move|p1a: Yanmega|Giga Drain|p2a: Samurott
|-supereffective|p2a: Samurott
|-damage|p2a: Samurott|0 fnt
|faint|p2a: Samurott
|
|-ability|p1a: Yanmega|Speed Boost|boost
|-boost|p1a: Yanmega|spe|1
|upkeep
|
|t:|1776051476
|switch|p2a: Blaziken|Blaziken, F|100/100
|-activate|p2a: Blaziken|move: Sticky Web
|-unboost|p2a: Blaziken|spe|1
|turn|6
|
|t:|1776051482
|move|p2a: Blaziken|Detect|p2a: Blaziken
|-singleturn|p2a: Blaziken|Protect
|move|p1a: Yanmega|Air Slash|p2a: Blaziken
|-activate|p2a: Blaziken|move: Protect
|
|-ability|p1a: Yanmega|Speed Boost|boost
|-boost|p1a: Yanmega|spe|1
|-ability|p2a: Blaziken|Speed Boost|boost
|-boost|p2a: Blaziken|spe|1
|upkeep
|turn|7
|
|t:|1776051503
|move|p1a: Yanmega|Air Slash|p2a: Blaziken
|-supereffective|p2a: Blaziken
|-enditem|p2a: Blaziken|Focus Sash
|-damage|p2a: Blaziken|1/100
|move|p2a: Blaziken|Swords Dance|p2a: Blaziken
|-boost|p2a: Blaziken|atk|2
|
|-ability|p1a: Yanmega|Speed Boost|boost
|-boost|p1a: Yanmega|spe|1
|-ability|p2a: Blaziken|Speed Boost|boost
|-boost|p2a: Blaziken|spe|1
|upkeep
|turn|8
|
|t:|1776051516
|move|p1a: Yanmega|Bug Buzz|p2a: Blaziken
|-resisted|p2a: Blaziken
|-damage|p2a: Blaziken|0 fnt
|faint|p2a: Blaziken
|
|-ability|p1a: Yanmega|Speed Boost|boost
|-boost|p1a: Yanmega|spe|1
|upkeep
|
|t:|1776051530
|switch|p2a: Great Tusk|Great Tusk|100/100
|-activate|p2a: Great Tusk|move: Sticky Web
|-unboost|p2a: Great Tusk|spe|1
|-enditem|p2a: Great Tusk|Booster Energy
|-activate|p2a: Great Tusk|ability: Protosynthesis|[fromitem]
|-start|p2a: Great Tusk|protosynthesisatk
|turn|9
|
|t:|1776051541
|move|p1a: Yanmega|Air Slash|p2a: Great Tusk|[miss]
|-miss|p1a: Yanmega|p2a: Great Tusk
|move|p2a: Great Tusk|Fire Fang|p1a: Yanmega|[miss]
|-miss|p2a: Great Tusk|p1a: Yanmega
|
|-ability|p1a: Yanmega|Speed Boost|boost
|-boost|p1a: Yanmega|spe|1
|upkeep
|turn|10
|
|t:|1776051550
|move|p1a: Yanmega|Air Slash|p2a: Great Tusk
|-supereffective|p2a: Great Tusk
|-damage|p2a: Great Tusk|5/100
|move|p2a: Great Tusk|Fire Fang|p1a: Yanmega
|-supereffective|p1a: Yanmega
|-damage|p1a: Yanmega|15/100
|
|-ability|p1a: Yanmega|Speed Boost|boost
|-boost|p1a: Yanmega|spe|1
|upkeep
|turn|11
|
|t:|1776051560
|move|p1a: Yanmega|Giga Drain|p2a: Great Tusk
|-supereffective|p2a: Great Tusk
|-damage|p2a: Great Tusk|0 fnt
|-heal|p1a: Yanmega|18/100|[from] drain|[of] p2a: Great Tusk
|faint|p2a: Great Tusk
|-end|p2a: Great Tusk|Protosynthesis|[silent]
|
|upkeep
|
|t:|1776051568
|switch|p2a: Glimmora|Glimmora, F|100/100
|-activate|p2a: Glimmora|move: Sticky Web
|-unboost|p2a: Glimmora|spe|1
|turn|12
|
|t:|1776051575
|move|p1a: Yanmega|Giga Drain|p2a: Glimmora
|-damage|p2a: Glimmora|70/100
|-heal|p1a: Yanmega|36/100|[from] drain|[of] p2a: Glimmora
|move|p2a: Glimmora|Flash Cannon|p1a: Yanmega
|-damage|p1a: Yanmega|0 fnt
|faint|p1a: Yanmega
|
|upkeep
|
|t:|1776051583
|switch|p1a: Araquanid|Araquanid, M|45/100
|-damage|p1a: Araquanid|20/100|[from] Spikes
|turn|13
|
|t:|1776051590
|move|p2a: Glimmora|Stealth Rock|p1a: Araquanid
|-sidestart|p1: MauveMoth|move: Stealth Rock
|move|p1a: Araquanid|Liquidation|p2a: Glimmora
|-supereffective|p2a: Glimmora
|-damage|p2a: Glimmora|0 fnt
|-damage|p1a: Araquanid|3/100|[from] item: Rocky Helmet|[of] p2a: Glimmora
|-activate|p2a: Glimmora|ability: Toxic Debris
|-sidestart|p1: MauveMoth|move: Toxic Spikes
|faint|p2a: Glimmora
|
|upkeep
|
|t:|1776051600
|switch|p2a: Dragapult|Dragapult, M|100/100
|-activate|p2a: Dragapult|move: Sticky Web
|-fail|p2a: Dragapult|unboost|[from] ability: Clear Body|[of] p2a: Dragapult
|turn|14
|
|t:|1776051608
|move|p2a: Dragapult|Dragon Darts|p1a: Araquanid
|-damage|p1a: Araquanid|0 fnt
|faint|p1a: Araquanid
|
|upkeep
|
|t:|1776051612
|switch|p1a: Venomoth|Venomoth, F|100/100
|-damage|p1a: Venomoth|76/100|[from] Spikes
|-damage|p1a: Venomoth|51/100|[from] Stealth Rock
|-sideend|p1: MauveMoth|move: Toxic Spikes|[of] p1a: Venomoth
|turn|15
|
|t:|1776051625
|move|p2a: Dragapult|Dragon Darts|p1a: Venomoth
|-damage|p1a: Venomoth|0 fnt
|faint|p1a: Venomoth
|
|upkeep
|
|t:|1776051629
|switch|p1a: Ribombee|Ribombee, F|100/100
|-damage|p1a: Ribombee|76/100|[from] Spikes
|-damage|p1a: Ribombee|51/100|[from] Stealth Rock
|turn|16
|
|t:|1776051637
|move|p2a: Dragapult|Dragon Darts|p1a: Ribombee
|-immune|p1a: Ribombee
|move|p1a: Ribombee|Moonblast|p2a: Dragapult
|-supereffective|p2a: Dragapult
|-damage|p2a: Dragapult|0 fnt
|faint|p2a: Dragapult
|
|upkeep
|
|t:|1776051644
|switch|p2a: Alomomola|Alomomola, M|100/100
|-activate|p2a: Alomomola|move: Sticky Web
|-unboost|p2a: Alomomola|spe|1
|turn|17
|
|t:|1776051652
|move|p1a: Ribombee|Quiver Dance|p1a: Ribombee
|-boost|p1a: Ribombee|spa|1
|-boost|p1a: Ribombee|spd|1
|-boost|p1a: Ribombee|spe|1
|move|p2a: Alomomola|Scald|p1a: Ribombee
|-damage|p1a: Ribombee|34/100
|
|upkeep
|turn|18
|
|t:|1776051660
|move|p1a: Ribombee|Quiver Dance|p1a: Ribombee
|-boost|p1a: Ribombee|spa|1
|-boost|p1a: Ribombee|spd|1
|-boost|p1a: Ribombee|spe|1
|move|p2a: Alomomola|Scald|p1a: Ribombee
|-damage|p1a: Ribombee|23/100
|
|upkeep
|turn|19
|
|t:|1776051669
|move|p1a: Ribombee|Quiver Dance|p1a: Ribombee
|-boost|p1a: Ribombee|spa|1
|-boost|p1a: Ribombee|spd|1
|-boost|p1a: Ribombee|spe|1
|move|p2a: Alomomola|Scald|p1a: Ribombee
|-damage|p1a: Ribombee|14/100
|
|upkeep
|turn|20
|
|t:|1776051679
|move|p1a: Ribombee|Stored Power|p2a: Alomomola
|-damage|p2a: Alomomola|0 fnt
|faint|p2a: Alomomola
|
|win|MauveMoth
|raw|MauveMoth's rating: 1058 &rarr; <strong>1087</strong><br />(+29 for winning)
|raw|NeighborOik's rating: 1029 &rarr; <strong>1016</strong><br />(-13 for losing)
|l| ohko_smeargle
|c|☆MauveMoth|gg
|l|☆NeighborOik
|player|p2|
