|html|<div class="broadcast-blue"><strong>[Gen 9] OU is currently suspecting Tera Blast! For information on how to participate check out the <a href="https://www.smogon.com/tools/suspects/view/200">suspect thread</a>.</strong></div>
|j|☆kjojon
|j|☆YuriBleh
|t:|1776197855
|gametype|singles
|player|p1|kjojon|brock|1073
|player|p2|YuriBleh|n|1077
|gen|9
|tier|[Gen 9] OU
|rated|
|rule|HP Percentage Mod: HP is shown in percentages
|rule|Endless Battle Clause: Forcing endless battles is banned
|rule|Species Clause: Limit one of each Pokémon
|rule|OHKO Clause: OHKO moves are banned
|rule|Evasion Items Clause: Evasion items are banned
|rule|Evasion Moves Clause: Evasion moves are banned
|rule|Evasion Abilities Clause: Evasion abilities are banned
|rule|Sleep Moves Clause: Sleep-inducing moves are banned
|clearpoke
|poke|p1|Weezing-Galar, F|
|poke|p1|Cinderace, F|
|poke|p1|Duraludon, M|
|poke|p1|Hitmontop, M|
|poke|p1|Necrozma|
|poke|p1|Porygon-Z|
|poke|p2|Walking Wake|
|poke|p2|Torkoal, F|
|poke|p2|Ceruledge, M|
|poke|p2|Great Tusk|
|poke|p2|Raging Bolt|
|poke|p2|Lilligant-Hisui, F|
|teampreview
|
|t:|1776197859
|teamsize|p1|6
|teamsize|p2|6
|start
|switch|p1a: PoyPee|Porygon-Z, shiny|100/100
|switch|p2a: Torkoal|Torkoal, F|100/100
|-weather|SunnyDay|[from] ability: Drought|[of] p2a: Torkoal
|turn|1
|
|t:|1776197868
|move|p1a: PoyPee|Tri Attack|p2a: Torkoal
|-damage|p2a: Torkoal|23/100
|move|p2a: Torkoal|Eruption|p1a: PoyPee
|-crit|p1a: PoyPee
|-damage|p1a: PoyPee|66/100
|
|-weather|SunnyDay|[upkeep]
|upkeep
|turn|2
|
|t:|1776197876
|switch|p2a: Walking Wake|Walking Wake|100/100
|-activate|p2a: Walking Wake|ability: Protosynthesis
|-start|p2a: Walking Wake|protosynthesisspe
|move|p1a: PoyPee|Tri Attack|p2a: Walking Wake
|-damage|p2a: Walking Wake|27/100
|
|-weather|SunnyDay|[upkeep]
|upkeep
|turn|3
|
|t:|1776197889
|move|p2a: Walking Wake|Hydro Steam|p1a: PoyPee
|-damage|p1a: PoyPee|0 fnt
|faint|p1a: PoyPee
|
|-weather|SunnyDay|[upkeep]
|upkeep
|
|t:|1776197893
|switch|p1a: Garfiel|Hitmontop, M|100/100
|turn|4
|
|t:|1776197896
|move|p1a: Garfiel|Fake Out|p2a: Walking Wake
|-damage|p2a: Walking Wake|5/100
|cant|p2a: Walking Wake|flinch
|
|-weather|SunnyDay|[upkeep]
|upkeep
|turn|5
|
|t:|1776197901
|move|p1a: Garfiel|Mach Punch|p2a: Walking Wake
|-damage|p2a: Walking Wake|0 fnt
|faint|p2a: Walking Wake
|-end|p2a: Walking Wake|Protosynthesis|[silent]
|
|-weather|none
|upkeep
|
|t:|1776197908
|switch|p2a: Torkoal|Torkoal, F|23/100
|-weather|SunnyDay|[from] ability: Drought|[of] p2a: Torkoal
|turn|6
|inactive|Battle timer is ON: inactive players will automatically lose when time's up. (requested by YuriBleh)
|
|t:|1776197947
|move|p2a: Torkoal|Protect|p2a: Torkoal
|-singleturn|p2a: Torkoal|Protect
|move|p1a: Garfiel|Mach Punch|p2a: Torkoal
|-activate|p2a: Torkoal|move: Protect
|
|-weather|SunnyDay|[upkeep]
|upkeep
|turn|7
|
|t:|1776197957
|move|p1a: Garfiel|Triple Axel|p2a: Torkoal
|-resisted|p2a: Torkoal
|-damage|p2a: Torkoal|20/100
|-resisted|p2a: Torkoal
|-damage|p2a: Torkoal|14/100
|-resisted|p2a: Torkoal
|-damage|p2a: Torkoal|5/100
|-hitcount|p2a: Torkoal|3
|move|p2a: Torkoal|Eruption|p1a: Garfiel
|-damage|p1a: Garfiel|96/100
|
|-weather|SunnyDay|[upkeep]
|upkeep
|turn|8
|inactive|YuriBleh has 120 seconds left.
|
|t:|1776197992
|move|p1a: Garfiel|Rapid Spin|p2a: Torkoal
|-damage|p2a: Torkoal|0 fnt
|-boost|p1a: Garfiel|spe|1
|faint|p2a: Torkoal
|
|-weather|SunnyDay|[upkeep]
|upkeep
|
|t:|1776198008
|switch|p2a: Raging Bolt|Raging Bolt|100/100
|-activate|p2a: Raging Bolt|ability: Protosynthesis
|-start|p2a: Raging Bolt|protosynthesisspa
|turn|9
|
|t:|1776198019
|move|p1a: Garfiel|Triple Axel|p2a: Raging Bolt
|-supereffective|p2a: Raging Bolt
|-damage|p2a: Raging Bolt|84/100
|-supereffective|p2a: Raging Bolt
|-damage|p2a: Raging Bolt|50/100
|-supereffective|p2a: Raging Bolt
|-damage|p2a: Raging Bolt|3/100
|-hitcount|p2a: Raging Bolt|3
|move|p2a: Raging Bolt|Calm Mind|p2a: Raging Bolt
|-boost|p2a: Raging Bolt|spa|1
|-boost|p2a: Raging Bolt|spd|1
|
|-weather|SunnyDay|[upkeep]
|-heal|p2a: Raging Bolt|9/100|[from] item: Leftovers
|upkeep
|turn|10
|
|t:|1776198030
|move|p1a: Garfiel|Mach Punch|p2a: Raging Bolt
|-damage|p2a: Raging Bolt|0 fnt
|faint|p2a: Raging Bolt
|-end|p2a: Raging Bolt|Protosynthesis|[silent]
|
|-weather|none
|upkeep
|-message|YuriBleh forfeited.
|
|win|kjojon
|raw|kjojon's rating: 1073 &rarr; <strong>1102</strong><br />(+29 for winning)
|raw|YuriBleh's rating: 1077 &rarr; <strong>1055</strong><br />(-22 for losing)
|l|☆YuriBleh
|player|p2|
