|html|<div class="broadcast-blue"><strong>[Gen 9] OU is currently suspecting Tera Blast! For information on how to participate check out the <a href="https://www.smogon.com/tools/suspects/view/200">suspect thread</a>.</strong></div>
|j|☆AyushXD
|j|☆BukitBatokBoss
|t:|1776236006
|gametype|singles
|player|p1|AyushXD|red-lgpe|1580
|player|p2|BukitBatokBoss|2|1632
|gen|9
|tier|[Gen 9] OU
|rated|
|rule|HP Percentage Mod: HP is shown in percentages
|rule|Endless Battle Clause: Forcing endless battles is banned
|rule|Species Clause: Limit one of each Pokémon
|rule|OHKO Clause: OHKO moves are banned
|rule|Evasion Items Clause: Evasion items are banned
|rule|Evasion Moves Clause: Evasion moves are banned
|rule|Evasion Abilities Clause: Evasion abilities are banned
|rule|Sleep Moves Clause: Sleep-inducing moves are banned
|clearpoke
|poke|p1|Kyurem|
|poke|p1|Cinderace, M|
|poke|p1|Tornadus-Therian, M|
|poke|p1|Hatterene, F|
|poke|p1|Great Tusk|
|poke|p1|Kingambit, F|
|poke|p2|Cinderace, F|
|poke|p2|Darkrai|
|poke|p2|Iron Valiant|
|poke|p2|Deoxys-Speed|
|poke|p2|Zamazenta-*|
|poke|p2|Dragonite, M|
|teampreview
|
|t:|1776236021
|teamsize|p1|6
|teamsize|p2|6
|start
|switch|p1a: Tornadus|Tornadus-Therian, M|100/100
|switch|p2a: Sigma|Zamazenta, shiny|100/100
|-ability|p2a: Sigma|Dauntless Shield|boost
|-boost|p2a: Sigma|def|1
|turn|1
|
|t:|1776236082
|move|p2a: Sigma|Ice Fang|p1a: Tornadus
|-supereffective|p1a: Tornadus
|-damage|p1a: Tornadus|23/100
|-damage|p2a: Sigma|91/100|[from] item: Life Orb
|move|p1a: Tornadus|Knock Off|p2a: Sigma
|-resisted|p2a: Sigma
|-damage|p2a: Sigma|85/100
|-enditem|p2a: Sigma|Life Orb|[from] move: Knock Off|[of] p1a: Tornadus
|
|upkeep
|turn|2
|
|t:|1776236101
|switch|p1a: Hatterene|Hatterene, F|100/100
|move|p2a: Sigma|Crunch|p1a: Hatterene
|-crit|p1a: Hatterene
|-damage|p1a: Hatterene|65/100
|
|-heal|p1a: Hatterene|71/100|[from] item: Leftovers
|upkeep
|turn|3
|
|t:|1776236114
|move|p2a: Sigma|Heavy Slam|p1a: Hatterene
|-supereffective|p1a: Hatterene
|-damage|p1a: Hatterene|0 fnt
|faint|p1a: Hatterene
|
|upkeep
|
|t:|1776236123
|switch|p1a: Tornadus|Tornadus-Therian, M|56/100
|turn|4
|
|t:|1776236129
|move|p2a: Sigma|Ice Fang|p1a: Tornadus
|-supereffective|p1a: Tornadus
|-damage|p1a: Tornadus|5/100
|cant|p1a: Tornadus|flinch
|
|upkeep
|turn|5
|
|t:|1776236136
|switch|p1a: Cinderace|Cinderace, M|100/100
|move|p2a: Sigma|Crunch|p1a: Cinderace
|-damage|p1a: Cinderace|58/100
|
|upkeep
|turn|6
|
|t:|1776236146
|switch|p1a: Great Tusk|Great Tusk|100/100
|move|p2a: Sigma|Close Combat|p1a: Great Tusk
|-damage|p1a: Great Tusk|58/100
|-unboost|p2a: Sigma|def|1
|-unboost|p2a: Sigma|spd|1
|-damage|p2a: Sigma|68/100|[from] item: Rocky Helmet|[of] p1a: Great Tusk
|
|upkeep
|turn|7
|
|t:|1776236157
|move|p2a: Sigma|Ice Fang|p1a: Great Tusk
|-supereffective|p1a: Great Tusk
|-damage|p1a: Great Tusk|30/100
|-damage|p2a: Sigma|52/100|[from] item: Rocky Helmet|[of] p1a: Great Tusk
|move|p1a: Great Tusk|Stealth Rock|p2a: Sigma
|-sidestart|p2: BukitBatokBoss|move: Stealth Rock
|
|upkeep
|turn|8
|
|t:|1776236165
|move|p2a: Sigma|Close Combat|p1a: Great Tusk
|-damage|p1a: Great Tusk|0 fnt
|-unboost|p2a: Sigma|def|1
|-unboost|p2a: Sigma|spd|1
|-damage|p2a: Sigma|35/100|[from] item: Rocky Helmet|[of] p1a: Great Tusk
|faint|p1a: Great Tusk
|-end|p1a: Great Tusk|Protosynthesis|[silent]
|
|upkeep
|
|t:|1776236167
|switch|p1a: Tornadus|Tornadus-Therian, M|38/100
|turn|9
|
|t:|1776236176
|switch|p1a: Kingambit|Kingambit, F|100/100
|-activate|p1a: Kingambit|ability: Supreme Overlord
|-start|p1a: Kingambit|fallen2|[silent]
|move|p2a: Sigma|Close Combat|p1a: Kingambit
|-supereffective|p1a: Kingambit
|-damage|p1a: Kingambit|0 fnt
|-unboost|p2a: Sigma|def|1
|-unboost|p2a: Sigma|spd|1
|faint|p1a: Kingambit
|-end|p1a: Kingambit|fallen2|[silent]
|
|upkeep
|
|t:|1776236179
|switch|p1a: Tornadus|Tornadus-Therian, M|71/100
|turn|10
|
|t:|1776236189
|move|p2a: Sigma|Ice Fang|p1a: Tornadus
|-supereffective|p1a: Tornadus
|-damage|p1a: Tornadus|11/100
|-status|p1a: Tornadus|frz
|-curestatus|p1a: Tornadus|frz|[msg]
|cant|p1a: Tornadus|flinch
|
|upkeep
|turn|11
|-message|AyushXD forfeited.
|
|win|BukitBatokBoss
|raw|AyushXD's rating: 1580 &rarr; <strong>1563</strong><br />(-17 for losing)
|raw|BukitBatokBoss's rating: 1632 &rarr; <strong>1649</strong><br />(+17 for winning)
|l|☆AyushXD
|player|p1|
