|html|<div class="broadcast-blue"><strong>[Gen 9] OU is currently suspecting Tera Blast! For information on how to participate check out the <a href="https://www.smogon.com/tools/suspects/view/200">suspect thread</a>.</strong></div>
|j|☆Sirpumpkinalot
|j|☆dummydraedon
|t:|1776031758
|gametype|singles
|player|p1|Sirpumpkinalot|guitarist-gen4|1413
|player|p2|dummydraedon|265|1344
|gen|9
|tier|[Gen 9] OU
|rated|
|rule|HP Percentage Mod: HP is shown in percentages
|rule|Endless Battle Clause: Forcing endless battles is banned
|rule|Species Clause: Limit one of each Pokémon
|rule|OHKO Clause: OHKO moves are banned
|rule|Evasion Items Clause: Evasion items are banned
|rule|Evasion Moves Clause: Evasion moves are banned
|rule|Evasion Abilities Clause: Evasion abilities are banned
|rule|Sleep Moves Clause: Sleep-inducing moves are banned
|clearpoke
|poke|p1|Goodra-Hisui, F|
|poke|p1|Alomomola, F|
|poke|p1|Great Tusk|
|poke|p1|Rillaboom, M|
|poke|p1|Heatran, M|
|poke|p1|Kommo-o, M|
|poke|p2|Vaporeon, F|
|poke|p2|Tinkaton, F|
|poke|p2|Pelipper, M|
|poke|p2|Excadrill, M|
|poke|p2|Barraskewda, M|
|poke|p2|Zoroark-Hisui, M|
|teampreview
|
|t:|1776031785
|teamsize|p1|6
|teamsize|p2|6
|start
|switch|p1a: Heatran|Heatran, M|100/100
|switch|p2a: I smash vap|Tinkaton, F, shiny|100/100
|turn|1
|
|t:|1776031794
|move|p2a: I smash vap|Trick|p1a: Heatran
|-activate|p2a: I smash vap|move: Trick|[of] p1a: Heatran
|-item|p1a: Heatran|Choice Scarf|[from] move: Trick
|-item|p2a: I smash vap|Leftovers|[from] move: Trick
|move|p1a: Heatran|Magma Storm|p2a: I smash vap|[miss]
|-miss|p1a: Heatran|p2a: I smash vap
|
|upkeep
|turn|2
|
|t:|1776031806
|switch|p2a: vap|Vaporeon, F|100/100
|move|p1a: Heatran|Magma Storm|p2a: vap
|-resisted|p2a: vap
|-damage|p2a: vap|79/100
|-activate|p2a: vap|move: Magma Storm|[of] p1a: Heatran
|
|-heal|p2a: vap|85/100|[from] item: Leftovers
|-damage|p2a: vap|73/100|[from] move: Magma Storm|[partiallytrapped]
|upkeep
|turn|3
|
|t:|1776031828
|switch|p1a: Alomomola|Alomomola, F|100/100
|move|p2a: vap|Wish|p2a: vap
|
|-heal|p2a: vap|79/100|[from] item: Leftovers
|-end|p2a: vap|Magma Storm|[partiallytrapped]|[silent]
|upkeep
|turn|4
|
|t:|1776031843
|move|p2a: vap|Scald|p1a: Alomomola
|-resisted|p1a: Alomomola
|-damage|p1a: Alomomola|82/100
|move|p1a: Alomomola|Wish|p1a: Alomomola
|
|-heal|p2a: vap|100/100|[from] move: Wish|[wisher] vap
|upkeep
|turn|5
|
|t:|1776031865
|switch|p1a: Rillaboom|Rillaboom, M|100/100
|-fieldstart|move: Grassy Terrain|[from] ability: Grassy Surge|[of] p1a: Rillaboom
|move|p2a: vap|Scald|p1a: Rillaboom
|-resisted|p1a: Rillaboom
|-damage|p1a: Rillaboom|80/100
|
|-heal|p1a: Rillaboom|100/100|[from] move: Wish|[wisher] Alomomola
|upkeep
|turn|6
|
|t:|1776031878
|-terastallize|p2a: vap|Poison
|move|p1a: Rillaboom|Wood Hammer|p2a: vap
|-resisted|p2a: vap
|-damage|p2a: vap|51/100
|-damage|p1a: Rillaboom|79/100|[from] Recoil
|move|p2a: vap|Scald|p1a: Rillaboom
|-resisted|p1a: Rillaboom
|-damage|p1a: Rillaboom|58/100
|
|-heal|p1a: Rillaboom|64/100|[from] Grassy Terrain
|-heal|p2a: vap|58/100|[from] Grassy Terrain
|-heal|p2a: vap|64/100|[from] item: Leftovers
|upkeep
|turn|7
|
|t:|1776031903
|switch|p1a: Heatran|Heatran, M|100/100
|move|p2a: vap|Wish|p2a: vap
|
|-heal|p2a: vap|70/100|[from] Grassy Terrain
|-heal|p2a: vap|76/100|[from] item: Leftovers
|upkeep
|turn|8
|
|t:|1776031913
|move|p1a: Heatran|Taunt|p2a: vap
|-start|p2a: vap|move: Taunt
|move|p2a: vap|Scald|p1a: Heatran
|-supereffective|p1a: Heatran
|-damage|p1a: Heatran|37/100
|
|-heal|p2a: vap|100/100|[from] move: Wish|[wisher] vap
|-heal|p1a: Heatran|43/100|[from] Grassy Terrain
|upkeep
|turn|9
|
|t:|1776031929
|switch|p1a: Goodra|Goodra-Hisui, F|100/100
|move|p2a: vap|Scald|p1a: Goodra
|-resisted|p1a: Goodra
|-crit|p1a: Goodra
|-damage|p1a: Goodra|91/100
|
|-heal|p1a: Goodra|97/100|[from] Grassy Terrain
|-fieldend|move: Grassy Terrain
|upkeep
|turn|10
|
|t:|1776031948
|move|p2a: vap|Scald|p1a: Goodra
|-resisted|p1a: Goodra
|-damage|p1a: Goodra|91/100
|move|p1a: Goodra|Flash Cannon|p2a: vap
|-crit|p2a: vap
|-damage|p2a: vap|52/100
|
|-heal|p2a: vap|59/100|[from] item: Leftovers
|-end|p2a: vap|move: Taunt
|upkeep
|turn|11
|
|t:|1776031960
|move|p2a: vap|Wish|p2a: vap
|move|p1a: Goodra|Knock Off|p2a: vap
|-damage|p2a: vap|42/100
|-enditem|p2a: vap|Leftovers|[from] move: Knock Off|[of] p1a: Goodra
|
|upkeep
|turn|12
|
|t:|1776031970
|move|p2a: vap|Scald|p1a: Goodra
|-resisted|p1a: Goodra
|-damage|p1a: Goodra|84/100
|-status|p1a: Goodra|brn
|move|p1a: Goodra|Draco Meteor|p2a: vap
|-damage|p2a: vap|0 fnt
|-unboost|p1a: Goodra|spa|2
|faint|p2a: vap
|
|-damage|p1a: Goodra|78/100 brn|[from] brn
|upkeep
|
|t:|1776031977
|switch|p2a: digging in vap|Excadrill, M, shiny|100/100
|-ability|p2a: digging in vap|Mold Breaker
|-item|p2a: digging in vap|Air Balloon
|turn|13
|
|t:|1776031988
|switch|p2a: bird in vap|Pelipper, M|100/100
|-weather|RainDance|[from] ability: Drizzle|[of] p2a: bird in vap
|switch|p1a: Alomomola|Alomomola, F|100/100
|
|-weather|RainDance|[upkeep]
|upkeep
|turn|14
|
|t:|1776031994
|move|p2a: bird in vap|Hurricane|p1a: Alomomola
|-damage|p1a: Alomomola|48/100
|-start|p1a: Alomomola|confusion
|-activate|p1a: Alomomola|confusion
|-damage|p1a: Alomomola|45/100|[from] confusion
|
|-weather|RainDance|[upkeep]
|upkeep
|turn|15
|
|t:|1776032009
|switch|p2a: I smash vap|Tinkaton, F, shiny|100/100
|-ability|p2a: I smash vap|Mold Breaker
|switch|p1a: Goodra|Goodra-Hisui, F|78/100 brn
|
|-weather|RainDance|[upkeep]
|-damage|p1a: Goodra|72/100 brn|[from] brn
|upkeep
|turn|16
|
|t:|1776032025
|switch|p1a: Alomomola|Alomomola, F|78/100
|move|p2a: I smash vap|Stealth Rock|p1a: Alomomola
|-sidestart|p1: Sirpumpkinalot|move: Stealth Rock
|
|-weather|RainDance|[upkeep]
|upkeep
|turn|17
|
|t:|1776032033
|move|p2a: I smash vap|Thunder Wave|p1a: Alomomola
|-status|p1a: Alomomola|par
|move|p1a: Alomomola|Flip Turn|p2a: I smash vap
|-damage|p2a: I smash vap|75/100
|
|t:|1776032041
|switch|p1a: Great Tusk|Great Tusk|100/100|[from] Flip Turn
|
|-weather|none
|-heal|p2a: I smash vap|81/100|[from] item: Leftovers
|upkeep
|turn|18
|
|t:|1776032057
|move|p1a: Great Tusk|Ice Spinner|p2a: I smash vap
|-resisted|p2a: I smash vap
|-damage|p2a: I smash vap|66/100
|move|p2a: I smash vap|Encore|p1a: Great Tusk
|-start|p1a: Great Tusk|Encore
|
|-heal|p2a: I smash vap|72/100|[from] item: Leftovers
|upkeep
|turn|19
|
|t:|1776032067
|-end|p1a: Great Tusk|Protosynthesis|[silent]
|switch|p1a: Heatran|Heatran, M|43/100
|-damage|p1a: Heatran|31/100|[from] Stealth Rock
|move|p2a: I smash vap|Knock Off|p1a: Heatran
|-damage|p1a: Heatran|12/100
|-enditem|p1a: Heatran|Choice Scarf|[from] move: Knock Off|[of] p2a: I smash vap
|
|-heal|p2a: I smash vap|78/100|[from] item: Leftovers
|upkeep
|turn|20
|
|t:|1776032083
|move|p1a: Heatran|Stealth Rock|p2a: I smash vap
|-sidestart|p2: dummydraedon|move: Stealth Rock
|move|p2a: I smash vap|Knock Off|p1a: Heatran
|-damage|p1a: Heatran|0 fnt
|faint|p1a: Heatran
|
|-heal|p2a: I smash vap|84/100|[from] item: Leftovers
|upkeep
|
|t:|1776032090
|switch|p1a: Great Tusk|Great Tusk|100/100
|turn|21
|
|t:|1776032101
|switch|p2a: bird in vap|Pelipper, M|100/100
|-damage|p2a: bird in vap|88/100|[from] Stealth Rock
|move|p1a: Great Tusk|Ice Spinner|p2a: bird in vap
|-damage|p2a: bird in vap|35/100
|replace|p2a: i think im vap|Zoroark-Hisui, M
|-end|p2a: i think im vap|Illusion
|
|-heal|p2a: i think im vap|41/100|[from] item: Leftovers
|upkeep
|turn|22
|
|t:|1776032112
|-end|p1a: Great Tusk|Protosynthesis|[silent]
|switch|p1a: Goodra|Goodra-Hisui, F|72/100 brn
|-damage|p1a: Goodra|66/100 brn|[from] Stealth Rock
|move|p2a: i think im vap|Will-O-Wisp|p1a: Goodra
|-fail|p1a: Goodra|brn
|
|-heal|p2a: i think im vap|47/100|[from] item: Leftovers
|-damage|p1a: Goodra|60/100 brn|[from] brn
|upkeep
|turn|23
|
|t:|1776032135
|move|p2a: i think im vap|Hex|p1a: Goodra
|-damage|p1a: Goodra|27/100 brn
|move|p1a: Goodra|Flamethrower|p2a: i think im vap
|-damage|p2a: i think im vap|0 fnt
|faint|p2a: i think im vap
|
|-damage|p1a: Goodra|21/100 brn|[from] brn
|upkeep
|
|t:|1776032143
|switch|p2a: digging in vap|Excadrill, M, shiny|100/100
|-damage|p2a: digging in vap|97/100|[from] Stealth Rock
|-ability|p2a: digging in vap|Mold Breaker
|-item|p2a: digging in vap|Air Balloon
|turn|24
|
|t:|1776032150
|move|p2a: digging in vap|Earthquake|p1a: Goodra
|-supereffective|p1a: Goodra
|-damage|p1a: Goodra|0 fnt
|faint|p1a: Goodra
|
|upkeep
|
|t:|1776032157
|switch|p1a: Great Tusk|Great Tusk|100/100
|turn|25
|
|t:|1776032161
|move|p2a: digging in vap|Rapid Spin|p1a: Great Tusk
|-damage|p1a: Great Tusk|87/100
|-boost|p2a: digging in vap|spe|1
|-sideend|p2: dummydraedon|Stealth Rock|[from] move: Rapid Spin|[of] p2a: digging in vap
|move|p1a: Great Tusk|Rapid Spin|p2a: digging in vap
|-resisted|p2a: digging in vap
|-damage|p2a: digging in vap|85/100
|-boost|p1a: Great Tusk|spe|1
|-enditem|p2a: digging in vap|Air Balloon
|-sideend|p1: Sirpumpkinalot|Stealth Rock|[from] move: Rapid Spin|[of] p1a: Great Tusk
|
|upkeep
|turn|26
|
|t:|1776032167
|switch|p2a: bird in vap|Pelipper, M|100/100
|-weather|RainDance|[from] ability: Drizzle|[of] p2a: bird in vap
|move|p1a: Great Tusk|Headlong Rush|p2a: bird in vap
|-immune|p2a: bird in vap
|
|-weather|RainDance|[upkeep]
|upkeep
|turn|27
|
|t:|1776032179
|-end|p1a: Great Tusk|Protosynthesis|[silent]
|switch|p1a: Alomomola|Alomomola, F|100/100 par
|move|p2a: bird in vap|Hurricane|p1a: Alomomola
|-damage|p1a: Alomomola|45/100 par
|
|-weather|RainDance|[upkeep]
|upkeep
|turn|28
|
|t:|1776032207
|switch|p1a: Great Tusk|Great Tusk|87/100
|move|p2a: bird in vap|Hurricane|p1a: Great Tusk
|-supereffective|p1a: Great Tusk
|-damage|p1a: Great Tusk|0 fnt
|faint|p1a: Great Tusk
|-end|p1a: Great Tusk|Protosynthesis|[silent]
|
|-weather|RainDance|[upkeep]
|upkeep
|
|t:|1776032225
|switch|p1a: Kommo-o|Kommo-o, M|100/100
|turn|29
|
|t:|1776032245
|-terastallize|p1a: Kommo-o|Ghost
|move|p2a: bird in vap|Hurricane|p1a: Kommo-o
|-crit|p1a: Kommo-o
|-damage|p1a: Kommo-o|18/100
|move|p1a: Kommo-o|Substitute|p1a: Kommo-o
|-fail|p1a: Kommo-o|move: Substitute|[weak]
|
|-weather|RainDance|[upkeep]
|-heal|p1a: Kommo-o|24/100|[from] item: Leftovers
|upkeep
|turn|30
|c|☆Sirpumpkinalot|nice
|c|☆dummydraedon|oo mb
|
|t:|1776032269
|move|p2a: bird in vap|Hurricane|p1a: Kommo-o
|-damage|p1a: Kommo-o|0 fnt
|faint|p1a: Kommo-o
|
|-weather|none
|upkeep
|
|t:|1776032278
|switch|p1a: Alomomola|Alomomola, F|78/100 par
|turn|31
|
|t:|1776032283
|switch|p2a: I smash vap|Tinkaton, F, shiny|84/100
|-ability|p2a: I smash vap|Mold Breaker
|move|p1a: Alomomola|Wish|p1a: Alomomola
|
|-heal|p2a: I smash vap|90/100|[from] item: Leftovers
|upkeep
|turn|32
|
|t:|1776032293
|move|p2a: I smash vap|Stealth Rock|p1a: Alomomola
|-sidestart|p1: Sirpumpkinalot|move: Stealth Rock
|move|p1a: Alomomola|Flip Turn|p2a: I smash vap
|-crit|p2a: I smash vap
|-damage|p2a: I smash vap|64/100
|
|t:|1776032298
|switch|p1a: Rillaboom|Rillaboom, M|64/100|[from] Flip Turn
|-damage|p1a: Rillaboom|52/100|[from] Stealth Rock
|-fieldstart|move: Grassy Terrain|[from] ability: Grassy Surge|[of] p1a: Rillaboom
|
|-heal|p1a: Rillaboom|100/100|[from] move: Wish|[wisher] Alomomola
|-heal|p2a: I smash vap|70/100|[from] Grassy Terrain
|-heal|p2a: I smash vap|76/100|[from] item: Leftovers
|upkeep
|turn|33
|
|t:|1776032307
|move|p1a: Rillaboom|Wood Hammer|p2a: I smash vap
|-resisted|p2a: I smash vap
|-damage|p2a: I smash vap|6/100
|-damage|p1a: Rillaboom|75/100|[from] Recoil
|move|p2a: I smash vap|Thunder Wave|p1a: Rillaboom|[miss]
|-miss|p2a: I smash vap|p1a: Rillaboom
|
|-heal|p1a: Rillaboom|81/100|[from] Grassy Terrain
|-heal|p2a: I smash vap|12/100|[from] Grassy Terrain
|-heal|p2a: I smash vap|18/100|[from] item: Leftovers
|upkeep
|turn|34
|
|t:|1776032314
|move|p1a: Rillaboom|Wood Hammer|p2a: I smash vap
|-resisted|p2a: I smash vap
|-damage|p2a: I smash vap|0 fnt
|faint|p2a: I smash vap
|-damage|p1a: Rillaboom|75/100|[from] Recoil
|
|-heal|p1a: Rillaboom|81/100|[from] Grassy Terrain
|upkeep
|
|t:|1776032317
|switch|p2a: bird in vap|Pelipper, M|100/100
|-weather|RainDance|[from] ability: Drizzle|[of] p2a: bird in vap
|turn|35
|
|t:|1776032338
|move|p2a: bird in vap|Hurricane|p1a: Rillaboom
|-supereffective|p1a: Rillaboom
|-damage|p1a: Rillaboom|0 fnt
|faint|p1a: Rillaboom
|
|-weather|RainDance|[upkeep]
|upkeep
|
|t:|1776032340
|switch|p1a: Alomomola|Alomomola, F|100/100 par
|-damage|p1a: Alomomola|88/100 par|[from] Stealth Rock
|turn|36
|c|☆Sirpumpkinalot|gg
|c|☆dummydraedon|gg]
|c|☆Sirpumpkinalot|scarf max spa pelliper is some shit i have never seen
|
|t:|1776032382
|move|p2a: bird in vap|Hurricane|p1a: Alomomola
|-damage|p1a: Alomomola|31/100 par
|cant|p1a: Alomomola|par
|
|-weather|RainDance|[upkeep]
|-heal|p1a: Alomomola|37/100 par|[from] Grassy Terrain
|-fieldend|move: Grassy Terrain
|upkeep
|turn|37
|c|☆dummydraedon|I love scarf peli
|
|t:|1776032387
|move|p2a: bird in vap|Hurricane|p1a: Alomomola
|-damage|p1a: Alomomola|0 fnt
|faint|p1a: Alomomola
|
|win|dummydraedon
|raw|Sirpumpkinalot's rating: 1413 &rarr; <strong>1390</strong><br />(-23 for losing)
|raw|dummydraedon's rating: 1364 &rarr; <strong>1387</strong><br />(+23 for winning)
|c|☆dummydraedon|gg have a good day :D
|c|☆Sirpumpkinalot|U TOO <3
|l|☆Sirpumpkinalot
|player|p1|
|l|☆dummydraedon
|player|p2|
