|html|<div class="broadcast-blue"><strong>[Gen 9] OU is currently suspecting Tera Blast! For information on how to participate check out the <a href="https://www.smogon.com/tools/suspects/view/200">suspect thread</a>.</strong></div>
|j|☆BFromTheMFBay
|j|☆leiteshow
|t:|1776038612
|gametype|singles
|player|p1|BFromTheMFBay|265|1430
|player|p2|leiteshow|yellow|1471
|gen|9
|tier|[Gen 9] OU
|rated|
|rule|HP Percentage Mod: HP is shown in percentages
|rule|Endless Battle Clause: Forcing endless battles is banned
|rule|Species Clause: Limit one of each Pokémon
|rule|OHKO Clause: OHKO moves are banned
|rule|Evasion Items Clause: Evasion items are banned
|rule|Evasion Moves Clause: Evasion moves are banned
|rule|Evasion Abilities Clause: Evasion abilities are banned
|rule|Sleep Moves Clause: Sleep-inducing moves are banned
|clearpoke
|poke|p1|Hydrapple, M|
|poke|p1|Tyranitar, F|
|poke|p1|Moltres|
|poke|p1|Zamazenta-*|
|poke|p1|Slowking-Galar, F|
|poke|p1|Excadrill, F|
|poke|p2|Pelipper, M|
|poke|p2|Raging Bolt|
|poke|p2|Overqwil, F|
|poke|p2|Barraskewda, F|
|poke|p2|Iron Treads|
|poke|p2|Kingambit, F|
|teampreview
|j| ohko_smeargle
|c|☆BFromTheMFBay|hf
|inactive|Battle timer is ON: inactive players will automatically lose when time's up. (requested by BFromTheMFBay)
|c|☆leiteshow|u2
|
|t:|1776038639
|teamsize|p1|6
|teamsize|p2|6
|start
|switch|p1a: Tyranitar|Tyranitar, F|100/100
|switch|p2a: Barraskewda|Barraskewda, F|100/100
|-weather|Sandstorm|[from] ability: Sand Stream|[of] p1a: Tyranitar
|turn|1
|
|t:|1776038655
|switch|p1a: Hydrapple|Hydrapple, M|100/100
|move|p2a: Barraskewda|Flip Turn|p1a: Hydrapple
|-resisted|p1a: Hydrapple
|-damage|p1a: Hydrapple|92/100
|
|t:|1776038669
|switch|p2a: Pelipper|Pelipper, M|100/100|[from] Flip Turn
|-weather|RainDance|[from] ability: Drizzle|[of] p2a: Pelipper
|
|-weather|RainDance|[upkeep]
|upkeep
|turn|2
|
|t:|1776038686
|switch|p1a: Tyranitar|Tyranitar, F|100/100
|-weather|Sandstorm|[from] ability: Sand Stream|[of] p1a: Tyranitar
|move|p2a: Pelipper|U-turn|p1a: Tyranitar
|-supereffective|p1a: Tyranitar
|-damage|p1a: Tyranitar|87/100
|
|t:|1776038698
|switch|p2a: Barraskewda|Barraskewda, F|100/100|[from] U-turn
|
|-weather|Sandstorm|[upkeep]
|-damage|p2a: Barraskewda|94/100|[from] Sandstorm
|upkeep
|turn|3
|
|t:|1776038714
|switch|p1a: Hydrapple|Hydrapple, M|100/100
|move|p2a: Barraskewda|Flip Turn|p1a: Hydrapple
|-resisted|p1a: Hydrapple
|-damage|p1a: Hydrapple|93/100
|
|t:|1776038738
|switch|p2a: Pelipper|Pelipper, M|100/100|[from] Flip Turn
|-weather|RainDance|[from] ability: Drizzle|[of] p2a: Pelipper
|
|-weather|RainDance|[upkeep]
|upkeep
|turn|4
|
|t:|1776038755
|switch|p1a: Tyranitar|Tyranitar, F|87/100
|-weather|Sandstorm|[from] ability: Sand Stream|[of] p1a: Tyranitar
|move|p2a: Pelipper|U-turn|p1a: Tyranitar
|-supereffective|p1a: Tyranitar
|-damage|p1a: Tyranitar|73/100
|
|t:|1776038768
|switch|p2a: Kingambit|Kingambit, F|100/100|[from] U-turn
|
|-weather|Sandstorm|[upkeep]
|upkeep
|turn|5
|
|t:|1776038784
|move|p1a: Tyranitar|Stealth Rock|p2a: Kingambit
|-sidestart|p2: leiteshow|move: Stealth Rock
|move|p2a: Kingambit|Swords Dance|p2a: Kingambit
|-boost|p2a: Kingambit|atk|2
|
|-weather|Sandstorm|[upkeep]
|upkeep
|turn|6
|
|t:|1776038801
|switch|p1a: Zamazenta|Zamazenta|100/100
|-ability|p1a: Zamazenta|Dauntless Shield|boost
|-boost|p1a: Zamazenta|def|1
|move|p2a: Kingambit|Kowtow Cleave|p1a: Zamazenta
|-resisted|p1a: Zamazenta
|-damage|p1a: Zamazenta|77/100
|
|-weather|Sandstorm|[upkeep]
|-damage|p1a: Zamazenta|71/100|[from] Sandstorm
|-heal|p1a: Zamazenta|77/100|[from] item: Leftovers
|upkeep
|turn|7
|inactive|leiteshow has 120 seconds left.
|
|t:|1776038826
|-end|p2a: Kingambit|fallenundefined|[silent]
|switch|p2a: Pelipper|Pelipper, M|100/100
|-damage|p2a: Pelipper|76/100|[from] Stealth Rock
|-weather|RainDance|[from] ability: Drizzle|[of] p2a: Pelipper
|move|p1a: Zamazenta|Body Press|p2a: Pelipper
|-resisted|p2a: Pelipper
|-damage|p2a: Pelipper|53/100
|
|-weather|RainDance|[upkeep]
|-heal|p1a: Zamazenta|83/100|[from] item: Leftovers
|upkeep
|turn|8
|inactive|leiteshow has 120 seconds left.
|inactive|BFromTheMFBay has 120 seconds left.
|
|t:|1776038844
|switch|p1a: Tyranitar|Tyranitar, F|73/100
|-weather|Sandstorm|[from] ability: Sand Stream|[of] p1a: Tyranitar
|move|p2a: Pelipper|U-turn|p1a: Tyranitar
|-supereffective|p1a: Tyranitar
|-damage|p1a: Tyranitar|58/100
|
|t:|1776038846
|switch|p2a: Iron Treads|Iron Treads|100/100|[from] U-turn
|-damage|p2a: Iron Treads|97/100|[from] Stealth Rock
|-enditem|p2a: Iron Treads|Booster Energy
|-activate|p2a: Iron Treads|ability: Quark Drive|[fromitem]
|-start|p2a: Iron Treads|quarkdrivespe
|
|-weather|Sandstorm|[upkeep]
|upkeep
|turn|9
|inactive|BFromTheMFBay has 120 seconds left.
|
|t:|1776038862
|switch|p1a: Hydrapple|Hydrapple, M|100/100
|move|p2a: Iron Treads|Rapid Spin|p1a: Hydrapple
|-damage|p1a: Hydrapple|94/100
|-boost|p2a: Iron Treads|spe|1
|-sideend|p2: leiteshow|Stealth Rock|[from] move: Rapid Spin|[of] p2a: Iron Treads
|
|-weather|Sandstorm|[upkeep]
|-damage|p1a: Hydrapple|88/100|[from] Sandstorm
|upkeep
|turn|10
|inactive|BFromTheMFBay has 120 seconds left.
|
|t:|1776038879
|move|p2a: Iron Treads|Stealth Rock|p1a: Hydrapple
|-sidestart|p1: BFromTheMFBay|move: Stealth Rock
|move|p1a: Hydrapple|Fickle Beam|p2a: Iron Treads
|-resisted|p2a: Iron Treads
|-damage|p2a: Iron Treads|73/100
|
|-weather|Sandstorm|[upkeep]
|-damage|p1a: Hydrapple|82/100|[from] Sandstorm
|upkeep
|turn|11
|inactive|BFromTheMFBay has 120 seconds left.
|
|t:|1776038896
|-end|p2a: Iron Treads|Quark Drive|[silent]
|switch|p2a: Pelipper|Pelipper, M|53/100
|-weather|RainDance|[from] ability: Drizzle|[of] p2a: Pelipper
|move|p1a: Hydrapple|Fickle Beam|p2a: Pelipper
|-damage|p2a: Pelipper|0 fnt
|faint|p2a: Pelipper
|
|-weather|RainDance|[upkeep]
|upkeep
|
|t:|1776038907
|switch|p2a: Overqwil|Overqwil, F|100/100
|turn|12
|inactive|BFromTheMFBay has 120 seconds left.
|
|t:|1776038923
|switch|p1a: Zamazenta|Zamazenta|83/100
|-damage|p1a: Zamazenta|77/100|[from] Stealth Rock
|move|p2a: Overqwil|Swords Dance|p2a: Overqwil
|-boost|p2a: Overqwil|atk|2
|
|-weather|RainDance|[upkeep]
|-heal|p1a: Zamazenta|83/100|[from] item: Leftovers
|upkeep
|turn|13
|
|t:|1776038940
|switch|p1a: Tyranitar|Tyranitar, F|58/100
|-damage|p1a: Tyranitar|45/100|[from] Stealth Rock
|-weather|Sandstorm|[from] ability: Sand Stream|[of] p1a: Tyranitar
|-terastallize|p2a: Overqwil|Water
|move|p2a: Overqwil|Liquidation|p1a: Tyranitar
|-supereffective|p1a: Tyranitar
|-damage|p1a: Tyranitar|0 fnt
|faint|p1a: Tyranitar
|-damage|p2a: Overqwil|91/100|[from] item: Life Orb
|
|-weather|Sandstorm|[upkeep]
|-damage|p2a: Overqwil|85/100|[from] Sandstorm
|upkeep
|
|t:|1776038957
|switch|p1a: Zamazenta|Zamazenta|83/100
|-damage|p1a: Zamazenta|77/100|[from] Stealth Rock
|turn|14
|inactive|BFromTheMFBay has 90 seconds left.
|
|t:|1776038974
|move|p1a: Zamazenta|Iron Defense|p1a: Zamazenta
|-boost|p1a: Zamazenta|def|2
|move|p2a: Overqwil|Gunk Shot|p1a: Zamazenta
|-damage|p1a: Zamazenta|18/100
|-status|p1a: Zamazenta|psn
|-damage|p2a: Overqwil|75/100|[from] item: Life Orb
|
|-weather|Sandstorm|[upkeep]
|-damage|p1a: Zamazenta|12/100 psn|[from] Sandstorm
|-damage|p2a: Overqwil|69/100|[from] Sandstorm
|-heal|p1a: Zamazenta|18/100 psn|[from] item: Leftovers
|-damage|p1a: Zamazenta|6/100 psn|[from] psn
|upkeep
|turn|15
|
|t:|1776038990
|switch|p2a: Raging Bolt|Raging Bolt|100/100
|-enditem|p2a: Raging Bolt|Booster Energy
|-activate|p2a: Raging Bolt|ability: Protosynthesis|[fromitem]
|-start|p2a: Raging Bolt|protosynthesisspa
|move|p1a: Zamazenta|Body Press|p2a: Raging Bolt
|-damage|p2a: Raging Bolt|39/100
|
|-weather|Sandstorm|[upkeep]
|-damage|p1a: Zamazenta|0 fnt|[from] Sandstorm
|-damage|p2a: Raging Bolt|33/100|[from] Sandstorm
|faint|p1a: Zamazenta
|upkeep
|inactive|BFromTheMFBay has 90 seconds left.
|
|t:|1776039007
|switch|p1a: Excadrill|Excadrill, F|100/100
|-damage|p1a: Excadrill|97/100|[from] Stealth Rock
|-item|p1a: Excadrill|Air Balloon
|turn|16
|inactive|BFromTheMFBay has 90 seconds left.
|
|t:|1776039023
|move|p1a: Excadrill|Earthquake|p2a: Raging Bolt
|-supereffective|p2a: Raging Bolt
|-damage|p2a: Raging Bolt|0 fnt
|faint|p2a: Raging Bolt
|-end|p2a: Raging Bolt|Protosynthesis|[silent]
|
|-weather|Sandstorm|[upkeep]
|upkeep
|
|t:|1776039034
|switch|p2a: Kingambit|Kingambit, F|100/100
|-activate|p2a: Kingambit|ability: Supreme Overlord
|-start|p2a: Kingambit|fallen2|[silent]
|turn|17
|inactive|BFromTheMFBay has 90 seconds left.
|
|t:|1776039050
|move|p1a: Excadrill|Earthquake|p2a: Kingambit
|-supereffective|p2a: Kingambit
|-damage|p2a: Kingambit|18/100
|move|p2a: Kingambit|Swords Dance|p2a: Kingambit
|-boost|p2a: Kingambit|atk|2
|
|-weather|Sandstorm|[upkeep]
|-heal|p2a: Kingambit|24/100|[from] item: Leftovers
|upkeep
|turn|18
|
|t:|1776039068
|switch|p1a: Moltres|Moltres|100/100
|move|p2a: Kingambit|Kowtow Cleave|p1a: Moltres
|-damage|p1a: Moltres|16/100
|
|-weather|Sandstorm|[upkeep]
|-damage|p1a: Moltres|10/100|[from] Sandstorm
|-heal|p2a: Kingambit|30/100|[from] item: Leftovers
|upkeep
|turn|19
|
|t:|1776039085
|move|p2a: Kingambit|Sucker Punch|p1a: Moltres
|-damage|p1a: Moltres|0 fnt
|faint|p1a: Moltres
|
|-weather|Sandstorm|[upkeep]
|-heal|p2a: Kingambit|36/100|[from] item: Leftovers
|upkeep
|
|t:|1776039095
|switch|p1a: Hydrapple|Hydrapple, M|100/100
|turn|20
|c|☆leiteshow|I apologize in advance if this flinches
|
|t:|1776039117
|move|p2a: Kingambit|Iron Head|p1a: Hydrapple
|-damage|p1a: Hydrapple|27/100
|move|p1a: Hydrapple|Earth Power|p2a: Kingambit
|-supereffective|p2a: Kingambit
|-damage|p2a: Kingambit|0 fnt
|faint|p2a: Kingambit
|-end|p2a: Kingambit|fallen2|[silent]
|
|-weather|none
|upkeep
|inactive|leiteshow has 120 seconds left.
|
|t:|1776039144
|switch|p2a: Overqwil|Overqwil, F, tera:Water|69/100
|turn|21
|
|t:|1776039153
|switch|p1a: Excadrill|Excadrill, F|97/100
|-damage|p1a: Excadrill|94/100|[from] Stealth Rock
|-item|p1a: Excadrill|Air Balloon
|move|p2a: Overqwil|Crunch|p1a: Excadrill
|-damage|p1a: Excadrill|11/100
|-unboost|p1a: Excadrill|def|1
|-enditem|p1a: Excadrill|Air Balloon
|-damage|p2a: Overqwil|59/100|[from] item: Life Orb
|
|upkeep
|turn|22
|inactive|BFromTheMFBay has 90 seconds left.
|inactive|leiteshow has 120 seconds left.
|
|t:|1776039172
|move|p1a: Excadrill|Earthquake|p2a: Overqwil
|-damage|p2a: Overqwil|0 fnt
|faint|p2a: Overqwil
|
|upkeep
|
|t:|1776039173
|switch|p2a: Iron Treads|Iron Treads|73/100
|turn|23
|inactive|leiteshow has 120 seconds left.
|inactive|BFromTheMFBay has 90 seconds left.
|
|t:|1776039189
|move|p2a: Iron Treads|Earth Power|p1a: Excadrill
|-supereffective|p1a: Excadrill
|-damage|p1a: Excadrill|0 fnt
|faint|p1a: Excadrill
|
|upkeep
|inactive|BFromTheMFBay has 90 seconds left.
|
|t:|1776039197
|switch|p1a: Hydrapple|Hydrapple, M|60/100
|turn|24
|
|t:|1776039205
|move|p2a: Iron Treads|Steel Beam|p1a: Hydrapple
|-damage|p1a: Hydrapple|9/100
|-damage|p2a: Iron Treads|23/100|[from] steelbeam
|move|p1a: Hydrapple|Nasty Plot|p1a: Hydrapple
|-boost|p1a: Hydrapple|spa|2
|
|upkeep
|turn|25
|
|t:|1776039214
|switch|p1a: Slowking|Slowking-Galar, F|100/100
|-damage|p1a: Slowking|88/100|[from] Stealth Rock
|move|p2a: Iron Treads|Earth Power|p1a: Slowking
|-supereffective|p1a: Slowking
|-damage|p1a: Slowking|48/100
|
|upkeep
|turn|26
|
|t:|1776039223
|move|p2a: Iron Treads|Earth Power|p1a: Slowking
|-supereffective|p1a: Slowking
|-damage|p1a: Slowking|12/100
|move|p1a: Slowking|Ice Beam|p2a: Iron Treads
|-damage|p2a: Iron Treads|0 fnt
|faint|p2a: Iron Treads
|-end|p2a: Iron Treads|Quark Drive|[silent]
|
|upkeep
|
|t:|1776039226
|switch|p2a: Barraskewda|Barraskewda, F|94/100
|turn|27
|
|t:|1776039240
|move|p2a: Barraskewda|Close Combat|p1a: Slowking
|-resisted|p1a: Slowking
|-damage|p1a: Slowking|0 fnt
|-unboost|p2a: Barraskewda|def|1
|-unboost|p2a: Barraskewda|spd|1
|faint|p1a: Slowking
|
|upkeep
|
|t:|1776039248
|switch|p1a: Hydrapple|Hydrapple, M|42/100
|turn|28
|
|t:|1776039253
|move|p2a: Barraskewda|Close Combat|p1a: Hydrapple
|-damage|p1a: Hydrapple|0 fnt
|-unboost|p2a: Barraskewda|def|1
|-unboost|p2a: Barraskewda|spd|1
|faint|p1a: Hydrapple
|
|win|leiteshow
|raw|BFromTheMFBay's rating: 1430 &rarr; <strong>1412</strong><br />(-18 for losing)
|raw|leiteshow's rating: 1471 &rarr; <strong>1489</strong><br />(+18 for winning)
|c|☆BFromTheMFBay|gg
|l|☆BFromTheMFBay
|player|p1|
|l| ohko_smeargle
|c|☆leiteshow|gg
