|html|<div class="broadcast-blue"><strong>[Gen 9] OU is currently suspecting Tera Blast! For information on how to participate check out the <a href="https://www.smogon.com/tools/suspects/view/200">suspect thread</a>.</strong></div>
|j|☆CallMeCarl43
|j|☆whgsosla6
|t:|1776075386
|gametype|singles
|player|p1|CallMeCarl43|ash-kalos|1128
|player|p2|whgsosla6|miku-ghost|1150
|gen|9
|tier|[Gen 9] OU
|rated|
|rule|HP Percentage Mod: HP is shown in percentages
|rule|Endless Battle Clause: Forcing endless battles is banned
|rule|Species Clause: Limit one of each Pokémon
|rule|OHKO Clause: OHKO moves are banned
|rule|Evasion Items Clause: Evasion items are banned
|rule|Evasion Moves Clause: Evasion moves are banned
|rule|Evasion Abilities Clause: Evasion abilities are banned
|rule|Sleep Moves Clause: Sleep-inducing moves are banned
|clearpoke
|poke|p1|Rillaboom, F|
|poke|p1|Corviknight, F|
|poke|p1|Gholdengo|
|poke|p1|Greninja-*, F|
|poke|p1|Great Tusk|
|poke|p1|Raging Bolt|
|poke|p2|Gholdengo|
|poke|p2|Thundurus, M|
|poke|p2|Zamazenta-*|
|poke|p2|Deoxys-Speed|
|poke|p2|Primarina, M|
|poke|p2|Porygon-Z|
|teampreview
|inactive|Battle timer is ON: inactive players will automatically lose when time's up. (requested by whgsosla6)
|j| ohko_smeargle
|
|t:|1776075396
|teamsize|p1|6
|teamsize|p2|6
|start
|switch|p1a: Greninja|Greninja, F|100/100
|switch|p2a: Deoxys|Deoxys-Speed|100/100
|-ability|p2a: Deoxys|Pressure
|turn|1
|
|t:|1776075401
|move|p2a: Deoxys|Stealth Rock|p1a: Greninja
|-sidestart|p1: CallMeCarl43|move: Stealth Rock
|move|p1a: Greninja|Dark Pulse|p2a: Deoxys
|-start|p1a: Greninja|typechange|Dark|[from] ability: Protean
|-supereffective|p2a: Deoxys
|-damage|p2a: Deoxys|2/100
|
|upkeep
|turn|2
|c|☆CallMeCarl43|wth
|c|☆CallMeCarl43|okat hold up
|inactive|CallMeCarl43 has 120 seconds left.
|c|☆CallMeCarl43|how, did deoxys speed, survive a super effective stab boosted, expert belt boosted
|c|☆CallMeCarl43|darkpulse?
|c|☆CallMeCarl43|that guy falls over if he was hit by a stiff breeze
|c|☆whgsosla6|Focus sash
|
|t:|1776075448
|move|p2a: Deoxys|Taunt|p1a: Greninja
|-start|p1a: Greninja|move: Taunt
|move|p1a: Greninja|Dark Pulse|p2a: Deoxys
|-supereffective|p2a: Deoxys
|-damage|p2a: Deoxys|0 fnt
|faint|p2a: Deoxys
|
|upkeep
|c|☆CallMeCarl43|he's 2 hp
|c|☆CallMeCarl43|the focus sash didn't even activate
|inactive|whgsosla6 has 120 seconds left.
|c|☆whgsosla6|Wtf yeah
|c|☆whgsosla6|Lmao wtff
|c|☆CallMeCarl43|did i just roll the lowest amount posisble to man?
|
|t:|1776075491
|switch|p2a: Thundurus|Thundurus, M|100/100
|turn|3
|
|t:|1776075497
|move|p1a: Greninja|U-turn|p2a: Thundurus
|-resisted|p2a: Thundurus
|-damage|p2a: Thundurus|89/100
|
|t:|1776075505
|switch|p1a: Great Tusk|Great Tusk|100/100|[from] U-turn
|-damage|p1a: Great Tusk|98/100|[from] Stealth Rock
|-enditem|p1a: Great Tusk|Booster Energy
|-activate|p1a: Great Tusk|ability: Protosynthesis|[fromitem]
|-start|p1a: Great Tusk|protosynthesisatk
|move|p2a: Thundurus|U-turn|p1a: Great Tusk
|-resisted|p1a: Great Tusk
|-damage|p1a: Great Tusk|89/100
|inactive|whgsosla6 has 120 seconds left.
|
|t:|1776075515
|switch|p2a: Gholdengo|Gholdengo|100/100|[from] U-turn
|
|upkeep
|turn|4
|
|t:|1776075522
|-terastallize|p2a: Gholdengo|Steel
|move|p2a: Gholdengo|Make It Rain|p1a: Great Tusk
|-damage|p1a: Great Tusk|0 fnt
|-unboost|p2a: Gholdengo|spa|1
|faint|p1a: Great Tusk
|-end|p1a: Great Tusk|Protosynthesis|[silent]
|
|upkeep
|
|t:|1776075529
|switch|p1a: Corviknight|Corviknight, F, shiny|100/100
|-damage|p1a: Corviknight|88/100|[from] Stealth Rock
|turn|5
|
|t:|1776075547
|switch|p2a: Thundurus|Thundurus, M|89/100
|move|p1a: Corviknight|Tailwind|p1a: Corviknight
|-sidestart|p1: CallMeCarl43|move: Tailwind
|
|-heal|p1a: Corviknight|94/100|[from] item: Leftovers
|upkeep
|turn|6
|
|t:|1776075566
|switch|p1a: Gholdengo|Gholdengo|100/100
|-damage|p1a: Gholdengo|94/100|[from] Stealth Rock
|move|p2a: Thundurus|Thunder Wave|p1a: Gholdengo
|-immune|p1a: Gholdengo|[from] ability: Good as Gold
|
|upkeep
|turn|7
|
|t:|1776075576
|move|p1a: Gholdengo|Power Gem|p2a: Thundurus
|-supereffective|p2a: Thundurus
|-damage|p2a: Thundurus|0 fnt
|faint|p2a: Thundurus
|
|upkeep
|
|t:|1776075583
|switch|p2a: Porygon-Z|Porygon-Z, shiny|100/100
|-ability|p2a: Porygon-Z|Download|boost
|-boost|p2a: Porygon-Z|spa|1
|turn|8
|
|t:|1776075592
|switch|p1a: Greninja|Greninja, F|100/100
|-damage|p1a: Greninja|88/100|[from] Stealth Rock
|move|p2a: Porygon-Z|Shadow Ball|p1a: Greninja
|-resisted|p1a: Greninja
|-damage|p1a: Greninja|51/100
|
|-sideend|p1: CallMeCarl43|move: Tailwind
|upkeep
|turn|9
|
|t:|1776075601
|move|p1a: Greninja|Hydro Pump|p2a: Porygon-Z|[miss]
|-start|p1a: Greninja|typechange|Water|[from] ability: Protean
|-miss|p1a: Greninja|p2a: Porygon-Z
|move|p2a: Porygon-Z|Tri Attack|p1a: Greninja
|-damage|p1a: Greninja|0 fnt
|faint|p1a: Greninja
|
|upkeep
|
|t:|1776075607
|switch|p1a: Raging Bolt|Raging Bolt|100/100
|-damage|p1a: Raging Bolt|88/100|[from] Stealth Rock
|-enditem|p1a: Raging Bolt|Booster Energy
|-activate|p1a: Raging Bolt|ability: Protosynthesis|[fromitem]
|-start|p1a: Raging Bolt|protosynthesisspa
|turn|10
|
|t:|1776075613
|move|p2a: Porygon-Z|Tri Attack|p1a: Raging Bolt
|-damage|p1a: Raging Bolt|28/100
|move|p1a: Raging Bolt|Draco Meteor|p2a: Porygon-Z
|-damage|p2a: Porygon-Z|2/100
|-unboost|p1a: Raging Bolt|spa|2
|
|upkeep
|turn|11
|
|t:|1776075621
|move|p1a: Raging Bolt|Thunderclap|p2a: Porygon-Z
|-damage|p2a: Porygon-Z|0 fnt
|faint|p2a: Porygon-Z
|
|upkeep
|
|t:|1776075628
|switch|p2a: Gholdengo|Gholdengo, tera:Steel|100/100
|turn|12
|c|☆CallMeCarl43|am i just rolling poorly or smth?
|c|☆CallMeCarl43|my protosynthesis boosted raging bolt didn't even ko a porygon z
|inactive|CallMeCarl43 has 120 seconds left.
|
|t:|1776075663
|-end|p1a: Raging Bolt|Protosynthesis|[silent]
|switch|p1a: Corviknight|Corviknight, F, shiny|94/100
|-damage|p1a: Corviknight|82/100|[from] Stealth Rock
|move|p2a: Gholdengo|Shadow Ball|p1a: Corviknight
|-damage|p1a: Corviknight|40/100
|
|-heal|p1a: Corviknight|46/100|[from] item: Leftovers
|upkeep
|turn|13
|c|☆whgsosla6|Nope it's av
|
|t:|1776075676
|move|p2a: Gholdengo|Shadow Ball|p1a: Corviknight
|-damage|p1a: Corviknight|0 fnt
|faint|p1a: Corviknight
|
|upkeep
|
|t:|1776075683
|switch|p1a: Gholdengo|Gholdengo|94/100
|-damage|p1a: Gholdengo|88/100|[from] Stealth Rock
|turn|14
|
|t:|1776075687
|move|p2a: Gholdengo|Shadow Ball|p1a: Gholdengo
|-supereffective|p1a: Gholdengo
|-damage|p1a: Gholdengo|0 fnt
|faint|p1a: Gholdengo
|
|upkeep
|
|t:|1776075690
|switch|p1a: Rillaboom|Rillaboom, F|100/100
|-damage|p1a: Rillaboom|88/100|[from] Stealth Rock
|-fieldstart|move: Grassy Terrain|[from] ability: Grassy Surge|[of] p1a: Rillaboom
|turn|15
|
|t:|1776075692
|move|p2a: Gholdengo|Shadow Ball|p1a: Rillaboom
|-damage|p1a: Rillaboom|40/100
|move|p1a: Rillaboom|Drain Punch|p2a: Gholdengo
|-supereffective|p2a: Gholdengo
|-crit|p2a: Gholdengo
|-damage|p2a: Gholdengo|6/100
|-heal|p1a: Rillaboom|77/100|[from] drain|[of] p2a: Gholdengo
|
|-heal|p2a: Gholdengo|12/100|[from] Grassy Terrain
|-heal|p1a: Rillaboom|83/100|[from] Grassy Terrain
|-heal|p1a: Rillaboom|89/100|[from] item: Leftovers
|upkeep
|turn|16
|
|t:|1776075699
|move|p1a: Rillaboom|Grassy Glide|p2a: Gholdengo
|-resisted|p2a: Gholdengo
|-damage|p2a: Gholdengo|0 fnt
|faint|p2a: Gholdengo
|
|-heal|p1a: Rillaboom|95/100|[from] Grassy Terrain
|-heal|p1a: Rillaboom|100/100|[from] item: Leftovers
|upkeep
|
|t:|1776075702
|switch|p2a: Zamazenta|Zamazenta|100/100
|-ability|p2a: Zamazenta|Dauntless Shield|boost
|-boost|p2a: Zamazenta|def|1
|turn|17
|
|t:|1776075707
|move|p2a: Zamazenta|Close Combat|p1a: Rillaboom
|-damage|p1a: Rillaboom|23/100
|-unboost|p2a: Zamazenta|def|1
|-unboost|p2a: Zamazenta|spd|1
|move|p1a: Rillaboom|Leech Seed|p2a: Zamazenta
|-start|p2a: Zamazenta|move: Leech Seed
|
|-heal|p1a: Rillaboom|29/100|[from] Grassy Terrain
|-heal|p1a: Rillaboom|35/100|[from] item: Leftovers
|-damage|p2a: Zamazenta|88/100|[from] Leech Seed|[of] p1a: Rillaboom
|-heal|p1a: Rillaboom|45/100|[silent]
|upkeep
|turn|18
|
|t:|1776075723
|switch|p1a: Raging Bolt|Raging Bolt|28/100
|-damage|p1a: Raging Bolt|16/100|[from] Stealth Rock
|move|p2a: Zamazenta|Close Combat|p1a: Raging Bolt
|-damage|p1a: Raging Bolt|0 fnt
|-unboost|p2a: Zamazenta|def|1
|-unboost|p2a: Zamazenta|spd|1
|faint|p1a: Raging Bolt
|-end|p1a: Raging Bolt|Protosynthesis|[silent]
|
|-heal|p2a: Zamazenta|94/100|[from] Grassy Terrain
|upkeep
|
|t:|1776075729
|switch|p1a: Rillaboom|Rillaboom, F|45/100
|-damage|p1a: Rillaboom|32/100|[from] Stealth Rock
|turn|19
|
|t:|1776075735
|move|p1a: Rillaboom|Grassy Glide|p2a: Zamazenta
|-damage|p2a: Zamazenta|33/100
|move|p2a: Zamazenta|Close Combat|p1a: Rillaboom
|-crit|p1a: Rillaboom
|-damage|p1a: Rillaboom|0 fnt
|-unboost|p2a: Zamazenta|def|1
|-unboost|p2a: Zamazenta|spd|1
|faint|p1a: Rillaboom
|
|win|whgsosla6
|raw|CallMeCarl43's rating: 1128 &rarr; <strong>1105</strong><br />(-23 for losing)
|raw|whgsosla6's rating: 1150 &rarr; <strong>1173</strong><br />(+23 for winning)
|l| ohko_smeargle
|c|☆CallMeCarl43|ggwp
|c|☆whgsosla6|Gg
|c|☆whgsosla6|Wtf was that deoxys part
|l|☆whgsosla6
|player|p2|
|l|☆CallMeCarl43
|player|p1|
|j| whgsosla
