|html|<div class="broadcast-blue"><strong>[Gen 9] OU is currently suspecting Tera Blast! For information on how to participate check out the <a href="https://www.smogon.com/tools/suspects/view/200">suspect thread</a>.</strong></div>
|j|☆Tesmon
|j|☆Juelz12
|t:|1776061065
|gametype|singles
|player|p1|Tesmon|steven|1109
|player|p2|Juelz12|2|1136
|gen|9
|tier|[Gen 9] OU
|rated|
|rule|HP Percentage Mod: HP is shown in percentages
|rule|Endless Battle Clause: Forcing endless battles is banned
|rule|Species Clause: Limit one of each Pokémon
|rule|OHKO Clause: OHKO moves are banned
|rule|Evasion Items Clause: Evasion items are banned
|rule|Evasion Moves Clause: Evasion moves are banned
|rule|Evasion Abilities Clause: Evasion abilities are banned
|rule|Sleep Moves Clause: Sleep-inducing moves are banned
|clearpoke
|poke|p1|Salamence, M|
|poke|p1|Scizor, M|
|poke|p1|Milotic, F|
|poke|p1|Sableye, M|
|poke|p1|Skarmory, M|
|poke|p1|Gastrodon, M|
|poke|p2|Weavile, F|
|poke|p2|Dragonite, F|
|poke|p2|Gengar, M|
|poke|p2|Rotom-Wash|
|poke|p2|Corviknight, M|
|poke|p2|Excadrill, F|
|teampreview
|
|t:|1776061068
|teamsize|p1|6
|teamsize|p2|6
|start
|switch|p1a: Milotic|Milotic, F|100/100
|switch|p2a: Weavile|Weavile, F|100/100
|-ability|p2a: Weavile|Pressure
|turn|1
|
|t:|1776061074
|switch|p1a: Skarmory|Skarmory, M|100/100
|move|p2a: Weavile|Knock Off|p1a: Skarmory
|-crit|p1a: Skarmory
|-damage|p1a: Skarmory|34/100
|-damage|p2a: Weavile|84/100|[from] item: Rocky Helmet|[of] p1a: Skarmory
|-enditem|p1a: Skarmory|Rocky Helmet|[from] move: Knock Off|[of] p2a: Weavile
|
|upkeep
|turn|2
|
|t:|1776061082
|move|p2a: Weavile|Knock Off|p1a: Skarmory
|-damage|p1a: Skarmory|4/100
|move|p1a: Skarmory|Roost|p1a: Skarmory
|-heal|p1a: Skarmory|54/100
|-singleturn|p1a: Skarmory|move: Roost
|
|upkeep
|turn|3
|
|t:|1776061089
|switch|p2a: Rotom|Rotom-Wash|100/100
|move|p1a: Skarmory|Roost|p1a: Skarmory
|-heal|p1a: Skarmory|100/100
|-singleturn|p1a: Skarmory|move: Roost
|
|upkeep
|turn|4
|
|t:|1776061095
|switch|p1a: Gastrodon|Gastrodon, M|100/100
|move|p2a: Rotom|Will-O-Wisp|p1a: Gastrodon
|-status|p1a: Gastrodon|brn
|
|-damage|p1a: Gastrodon|94/100 brn|[from] brn
|upkeep
|turn|5
|
|t:|1776061114
|move|p2a: Rotom|Pain Split|p1a: Gastrodon
|-sethp|p1a: Gastrodon|83/100 brn|[from] move: Pain Split|[silent]
|-sethp|p2a: Rotom|100/100|[from] move: Pain Split
|move|p1a: Gastrodon|Stealth Rock|p2a: Rotom
|-sidestart|p2: Juelz12|move: Stealth Rock
|
|-damage|p1a: Gastrodon|77/100 brn|[from] brn
|upkeep
|turn|6
|
|t:|1776061123
|switch|p2a: Corviknight|Corviknight, M|100/100
|-damage|p2a: Corviknight|88/100|[from] Stealth Rock
|-ability|p2a: Corviknight|Pressure
|move|p1a: Gastrodon|Ice Beam|p2a: Corviknight
|-damage|p2a: Corviknight|70/100
|
|-heal|p2a: Corviknight|76/100|[from] item: Leftovers
|-damage|p1a: Gastrodon|71/100 brn|[from] brn
|upkeep
|turn|7
|
|t:|1776061135
|switch|p1a: Milotic|Milotic, F|100/100
|move|p2a: Corviknight|Defog|p1a: Milotic
|-unboost|p1a: Milotic|evasion|1
|-ability|p1a: Milotic|Competitive|boost
|-boost|p1a: Milotic|spa|2
|-sideend|p2: Juelz12|Stealth Rock|[from] move: Defog|[of] p2a: Corviknight
|
|-heal|p2a: Corviknight|82/100|[from] item: Leftovers
|upkeep
|turn|8
|
|t:|1776061140
|move|p1a: Milotic|Scald|p2a: Corviknight
|-damage|p2a: Corviknight|33/100
|move|p2a: Corviknight|Roost|p2a: Corviknight
|-heal|p2a: Corviknight|83/100
|-singleturn|p2a: Corviknight|move: Roost
|
|-heal|p2a: Corviknight|90/100|[from] item: Leftovers
|upkeep
|turn|9
|
|t:|1776061162
|move|p1a: Milotic|Scald|p2a: Corviknight
|-damage|p2a: Corviknight|42/100
|-status|p2a: Corviknight|brn
|move|p2a: Corviknight|U-turn|p1a: Milotic
|-damage|p1a: Milotic|95/100
|
|t:|1776061176
|switch|p2a: Rotom|Rotom-Wash|100/100|[from] U-turn
|
|upkeep
|turn|10
|
|t:|1776061182
|move|p2a: Rotom|Volt Switch|p1a: Milotic
|-supereffective|p1a: Milotic
|-damage|p1a: Milotic|59/100
|
|t:|1776061191
|switch|p2a: Weavile|Weavile, F|84/100|[from] Volt Switch
|-ability|p2a: Weavile|Pressure
|move|p1a: Milotic|Scald|p2a: Weavile
|-damage|p2a: Weavile|11/100
|
|upkeep
|turn|11
|
|t:|1776061201
|switch|p1a: Skarmory|Skarmory, M|100/100
|move|p2a: Weavile|Knock Off|p1a: Skarmory
|-damage|p1a: Skarmory|71/100
|
|upkeep
|turn|12
|
|t:|1776061210
|switch|p2a: Dragonite|Dragonite, F|100/100
|move|p1a: Skarmory|Spikes|p2a: Dragonite
|-sidestart|p2: Juelz12|Spikes
|
|upkeep
|turn|13
|
|t:|1776061216
|switch|p1a: Sableye|Sableye, M|100/100
|move|p2a: Dragonite|Dragon Dance|p2a: Dragonite
|-boost|p2a: Dragonite|atk|1
|-boost|p2a: Dragonite|spe|1
|
|upkeep
|turn|14
|
|t:|1776061223
|move|p1a: Sableye|Encore|p2a: Dragonite
|-start|p2a: Dragonite|Encore
|move|p2a: Dragonite|Dragon Dance|p2a: Dragonite
|-boost|p2a: Dragonite|atk|1
|-boost|p2a: Dragonite|spe|1
|
|upkeep
|turn|15
|
|t:|1776061230
|move|p2a: Dragonite|Dragon Dance|p2a: Dragonite
|-boost|p2a: Dragonite|atk|1
|-boost|p2a: Dragonite|spe|1
|move|p1a: Sableye|Night Shade|p2a: Dragonite
|-damage|p2a: Dragonite|70/100
|
|upkeep
|turn|16
|
|t:|1776061238
|move|p2a: Dragonite|Dragon Dance|p2a: Dragonite
|-boost|p2a: Dragonite|atk|1
|-boost|p2a: Dragonite|spe|1
|move|p1a: Sableye|Night Shade|p2a: Dragonite
|-damage|p2a: Dragonite|39/100
|
|-end|p2a: Dragonite|Encore
|upkeep
|turn|17
|
|t:|1776061246
|move|p1a: Sableye|Encore|p2a: Dragonite
|-start|p2a: Dragonite|Encore
|move|p2a: Dragonite|Dragon Dance|p2a: Dragonite
|-boost|p2a: Dragonite|atk|1
|-boost|p2a: Dragonite|spe|1
|
|upkeep
|turn|18
|
|t:|1776061257
|switch|p2a: Corviknight|Corviknight, M|42/100 brn
|-ability|p2a: Corviknight|Pressure
|move|p1a: Sableye|Night Shade|p2a: Corviknight
|-damage|p2a: Corviknight|17/100 brn
|
|-heal|p2a: Corviknight|23/100 brn|[from] item: Leftovers
|-damage|p2a: Corviknight|17/100 brn|[from] brn
|upkeep
|turn|19
|
|t:|1776061281
|switch|p1a: Milotic|Milotic, F|59/100
|move|p2a: Corviknight|Roost|p2a: Corviknight
|-heal|p2a: Corviknight|67/100 brn
|-singleturn|p2a: Corviknight|move: Roost
|
|-heal|p2a: Corviknight|73/100 brn|[from] item: Leftovers
|-damage|p2a: Corviknight|67/100 brn|[from] brn
|upkeep
|turn|20
|
|t:|1776061298
|switch|p2a: Dragonite|Dragonite, F|39/100
|move|p1a: Milotic|Scald|p2a: Dragonite
|-resisted|p2a: Dragonite
|-damage|p2a: Dragonite|24/100
|
|upkeep
|turn|21
|
|t:|1776061308
|switch|p1a: Skarmory|Skarmory, M|71/100
|move|p2a: Dragonite|Earthquake|p1a: Skarmory
|-immune|p1a: Skarmory
|
|upkeep
|turn|22
|
|t:|1776061315
|move|p2a: Dragonite|Roost|p2a: Dragonite
|-heal|p2a: Dragonite|74/100
|-singleturn|p2a: Dragonite|move: Roost
|move|p1a: Skarmory|Spikes|p2a: Dragonite
|-sidestart|p2: Juelz12|Spikes
|
|upkeep
|turn|23
|
|t:|1776061324
|switch|p2a: Corviknight|Corviknight, M|67/100 brn
|-ability|p2a: Corviknight|Pressure
|switch|p1a: Sableye|Sableye, M|100/100
|
|-heal|p2a: Corviknight|73/100 brn|[from] item: Leftovers
|-damage|p2a: Corviknight|67/100 brn|[from] brn
|upkeep
|turn|24
|
|t:|1776061336
|switch|p1a: Milotic|Milotic, F|59/100
|move|p2a: Corviknight|Defog|p1a: Milotic
|-unboost|p1a: Milotic|evasion|1
|-ability|p1a: Milotic|Competitive|boost
|-boost|p1a: Milotic|spa|2
|-sideend|p2: Juelz12|Spikes|[from] move: Defog|[of] p2a: Corviknight
|
|-heal|p2a: Corviknight|73/100 brn|[from] item: Leftovers
|-damage|p2a: Corviknight|67/100 brn|[from] brn
|upkeep
|turn|25
|
|t:|1776061346
|move|p1a: Milotic|Scald|p2a: Corviknight
|-damage|p2a: Corviknight|20/100 brn
|move|p2a: Corviknight|U-turn|p1a: Milotic
|-damage|p1a: Milotic|54/100
|
|t:|1776061355
|switch|p2a: Rotom|Rotom-Wash|100/100|[from] U-turn
|
|upkeep
|turn|26
|
|t:|1776061361
|move|p2a: Rotom|Volt Switch|p1a: Milotic
|-supereffective|p1a: Milotic
|-damage|p1a: Milotic|20/100
|
|t:|1776061369
|switch|p2a: Dragonite|Dragonite, F|74/100|[from] Volt Switch
|move|p1a: Milotic|Mirror Coat|p2a: Dragonite
|-damage|p2a: Dragonite|0 fnt
|faint|p2a: Dragonite
|
|upkeep
|
|t:|1776061376
|switch|p2a: Weavile|Weavile, F|11/100
|-ability|p2a: Weavile|Pressure
|turn|27
|
|t:|1776061383
|switch|p1a: Skarmory|Skarmory, M|71/100
|move|p2a: Weavile|Knock Off|p1a: Skarmory
|-damage|p1a: Skarmory|43/100
|
|upkeep
|turn|28
|
|t:|1776061391
|switch|p2a: Corviknight|Corviknight, M|20/100 brn
|-ability|p2a: Corviknight|Pressure
|move|p1a: Skarmory|Roost|p1a: Skarmory
|-heal|p1a: Skarmory|93/100
|-singleturn|p1a: Skarmory|move: Roost
|
|-heal|p2a: Corviknight|26/100 brn|[from] item: Leftovers
|-damage|p2a: Corviknight|20/100 brn|[from] brn
|upkeep
|turn|29
|
|t:|1776061408
|move|p1a: Skarmory|Body Press|p2a: Corviknight
|-damage|p2a: Corviknight|0 fnt
|faint|p2a: Corviknight
|
|upkeep
|
|t:|1776061416
|switch|p2a: Rotom|Rotom-Wash|100/100
|turn|30
|
|t:|1776061420
|switch|p1a: Gastrodon|Gastrodon, M|71/100 brn
|move|p2a: Rotom|Will-O-Wisp|p1a: Gastrodon
|-fail|p1a: Gastrodon|brn
|
|-damage|p1a: Gastrodon|65/100 brn|[from] brn
|upkeep
|turn|31
|
|t:|1776061431
|move|p2a: Rotom|Hydro Pump|p1a: Gastrodon
|-ability|p1a: Gastrodon|Storm Drain|boost
|-boost|p1a: Gastrodon|spa|1
|move|p1a: Gastrodon|Stealth Rock|p2a: Rotom
|-sidestart|p2: Juelz12|move: Stealth Rock
|
|-damage|p1a: Gastrodon|58/100 brn|[from] brn
|upkeep
|turn|32
|
|t:|1776061442
|switch|p2a: Excadrill|Excadrill, F|100/100
|-damage|p2a: Excadrill|97/100|[from] Stealth Rock
|-ability|p2a: Excadrill|Mold Breaker
|-item|p2a: Excadrill|Air Balloon
|move|p1a: Gastrodon|Ice Beam|p2a: Excadrill
|-crit|p2a: Excadrill
|-damage|p2a: Excadrill|36/100
|-enditem|p2a: Excadrill|Air Balloon
|
|-damage|p1a: Gastrodon|52/100 brn|[from] brn
|upkeep
|turn|33
|
|t:|1776061462
|switch|p1a: Sableye|Sableye, M|100/100
|move|p2a: Excadrill|Earthquake|p1a: Sableye
|-damage|p1a: Sableye|40/100
|
|-heal|p1a: Sableye|46/100|[from] item: Leftovers
|upkeep
|turn|34
|
|t:|1776061476
|move|p1a: Sableye|Encore|p2a: Excadrill
|-start|p2a: Excadrill|Encore
|move|p2a: Excadrill|Earthquake|p1a: Sableye
|-damage|p1a: Sableye|0 fnt
|faint|p1a: Sableye
|
|upkeep
|
|t:|1776061485
|switch|p1a: Salamence|Salamence, M|100/100
|turn|35
|
|t:|1776061493
|move|p1a: Salamence|Dragon Dance|p1a: Salamence
|-boost|p1a: Salamence|atk|1
|-boost|p1a: Salamence|spe|1
|move|p2a: Excadrill|Earthquake|p1a: Salamence
|-immune|p1a: Salamence
|
|upkeep
|turn|36
|
|t:|1776061503
|switch|p2a: Rotom|Rotom-Wash|100/100
|-damage|p2a: Rotom|88/100|[from] Stealth Rock
|move|p1a: Salamence|Dragon Dance|p1a: Salamence
|-boost|p1a: Salamence|atk|1
|-boost|p1a: Salamence|spe|1
|
|-heal|p2a: Rotom|94/100|[from] item: Leftovers
|upkeep
|turn|37
|
|t:|1776061514
|move|p1a: Salamence|Rock Slide|p2a: Rotom
|-damage|p2a: Rotom|54/100
|cant|p2a: Rotom|flinch
|
|-heal|p2a: Rotom|60/100|[from] item: Leftovers
|upkeep
|turn|38
|
|t:|1776061520
|move|p1a: Salamence|Rock Slide|p2a: Rotom
|-damage|p2a: Rotom|15/100
|move|p2a: Rotom|Will-O-Wisp|p1a: Salamence|[miss]
|-miss|p2a: Rotom|p1a: Salamence
|
|-heal|p2a: Rotom|21/100|[from] item: Leftovers
|upkeep
|turn|39
|
|t:|1776061527
|move|p1a: Salamence|Rock Slide|p2a: Rotom
|-damage|p2a: Rotom|0 fnt
|faint|p2a: Rotom
|-ability|p1a: Salamence|Moxie|boost
|-boost|p1a: Salamence|atk|1
|
|upkeep
|
|t:|1776061530
|switch|p2a: Weavile|Weavile, F|11/100
|-damage|p2a: Weavile|0 fnt|[from] Stealth Rock
|faint|p2a: Weavile
|
|t:|1776061534
|switch|p2a: Gengar|Gengar, M|100/100
|-damage|p2a: Gengar|88/100|[from] Stealth Rock
|turn|40
|
|t:|1776061543
|move|p1a: Salamence|Dual Wingbeat|p2a: Gengar
|-damage|p2a: Gengar|0 fnt
|-start|p1a: Salamence|Disable|Dual Wingbeat|[from] ability: Cursed Body|[of] p2a: Gengar
|faint|p2a: Gengar
|-ability|p1a: Salamence|Moxie|boost
|-boost|p1a: Salamence|atk|1
|-hitcount|p2: Gengar|1
|
|upkeep
|-message|Juelz12 forfeited.
|
|win|Tesmon
|raw|Tesmon's rating: 1109 &rarr; <strong>1136</strong><br />(+27 for winning)
|raw|Juelz12's rating: 1136 &rarr; <strong>1109</strong><br />(-27 for losing)
|l|☆Juelz12
|player|p2|
|l|☆Tesmon
|player|p1|
