|html|<div class="broadcast-blue"><strong>[Gen 9] OU is currently suspecting Tera Blast! For information on how to participate check out the <a href="https://www.smogon.com/tools/suspects/view/200">suspect thread</a>.</strong></div>
|j|☆Fjir
|j|☆hayei
|t:|1776176091
|gametype|singles
|player|p1|Fjir|swimmer|1211
|player|p2|hayei|101|1199
|gen|9
|tier|[Gen 9] OU
|rated|
|rule|HP Percentage Mod: HP is shown in percentages
|rule|Endless Battle Clause: Forcing endless battles is banned
|rule|Species Clause: Limit one of each Pokémon
|rule|OHKO Clause: OHKO moves are banned
|rule|Evasion Items Clause: Evasion items are banned
|rule|Evasion Moves Clause: Evasion moves are banned
|rule|Evasion Abilities Clause: Evasion abilities are banned
|rule|Sleep Moves Clause: Sleep-inducing moves are banned
|clearpoke
|poke|p1|Excadrill, M|
|poke|p1|Volcanion|
|poke|p1|Toxicroak, F|
|poke|p1|Hatterene, F|
|poke|p1|Weavile, F|
|poke|p1|Zoroark-Hisui, F|
|poke|p2|Garchomp, F|
|poke|p2|Hatterene, F|
|poke|p2|Alomomola, M|
|poke|p2|Rillaboom, M|
|poke|p2|Skeledirge, F|
|poke|p2|Glimmora, F|
|teampreview
|inactive|Battle timer is ON: inactive players will automatically lose when time's up. (requested by hayei)
|
|t:|1776176109
|teamsize|p1|6
|teamsize|p2|6
|start
|switch|p1a: Gonna hurt|Weavile, F|100/100
|switch|p2a: Skeledirge|Skeledirge, F|100/100
|turn|1
|
|t:|1776176119
|switch|p1a: Not in my hair|Hatterene, F|100/100
|move|p2a: Skeledirge|Flame Charge|p1a: Not in my hair
|-damage|p1a: Not in my hair|86/100
|-boost|p2a: Skeledirge|spe|1
|-enditem|p1a: Not in my hair|Eject Button
|
|t:|1776176127
|switch|p1a: Big ben|Volcanion|100/100
|
|upkeep
|turn|2
|
|t:|1776176141
|switch|p2a: Rillaboom|Rillaboom, M|100/100
|-fieldstart|move: Grassy Terrain|[from] ability: Grassy Surge|[of] p2a: Rillaboom
|move|p1a: Big ben|Steam Eruption|p2a: Rillaboom
|-resisted|p2a: Rillaboom
|-damage|p2a: Rillaboom|80/100
|
|-heal|p2a: Rillaboom|86/100|[from] Grassy Terrain
|upkeep
|turn|3
|
|t:|1776176151
|switch|p1a: Harder daddy|Toxicroak, F, shiny|100/100
|move|p2a: Rillaboom|Knock Off|p1a: Harder daddy
|-resisted|p1a: Harder daddy
|-damage|p1a: Harder daddy|85/100
|-damage|p2a: Rillaboom|69/100|[from] item: Rocky Helmet|[of] p1a: Harder daddy
|-enditem|p1a: Harder daddy|Rocky Helmet|[from] move: Knock Off|[of] p2a: Rillaboom
|
|-heal|p2a: Rillaboom|75/100|[from] Grassy Terrain
|-heal|p1a: Harder daddy|91/100|[from] Grassy Terrain
|upkeep
|turn|4
|
|t:|1776176161
|move|p1a: Harder daddy|Knock Off|p2a: Rillaboom
|-crit|p2a: Rillaboom
|-damage|p2a: Rillaboom|44/100
|-enditem|p2a: Rillaboom|Assault Vest|[from] move: Knock Off|[of] p1a: Harder daddy
|move|p2a: Rillaboom|High Horsepower|p1a: Harder daddy
|-supereffective|p1a: Harder daddy
|-damage|p1a: Harder daddy|32/100
|
|-heal|p2a: Rillaboom|50/100|[from] Grassy Terrain
|-heal|p1a: Harder daddy|38/100|[from] Grassy Terrain
|upkeep
|turn|5
|
|t:|1776176170
|move|p2a: Rillaboom|High Horsepower|p1a: Harder daddy
|-supereffective|p1a: Harder daddy
|-damage|p1a: Harder daddy|0 fnt
|faint|p1a: Harder daddy
|
|-heal|p2a: Rillaboom|56/100|[from] Grassy Terrain
|upkeep
|
|t:|1776176173
|switch|p1a: Gonna hurt|Weavile, F|100/100
|turn|6
|
|t:|1776176179
|switch|p2a: Glimmora|Glimmora, F|100/100
|-terastallize|p1a: Gonna hurt|Ice
|move|p1a: Gonna hurt|Triple Axel|p2a: Glimmora
|-damage|p2a: Glimmora|82/100
|-activate|p2a: Glimmora|ability: Toxic Debris
|-sidestart|p1: Fjir|move: Toxic Spikes
|-crit|p2a: Glimmora
|-damage|p2a: Glimmora|26/100
|-activate|p2a: Glimmora|ability: Toxic Debris
|-sidestart|p1: Fjir|move: Toxic Spikes
|-damage|p2a: Glimmora|0 fnt
|faint|p2a: Glimmora
|-hitcount|p2: Glimmora|3
|
|-fieldend|move: Grassy Terrain
|upkeep
|
|t:|1776176201
|switch|p2a: Hatterene|Hatterene, F|100/100
|turn|7
|
|t:|1776176206
|move|p1a: Gonna hurt|Triple Axel|p2a: Hatterene|[miss]
|-miss|p1a: Gonna hurt|p2a: Hatterene
|move|p2a: Hatterene|Trick|p1a: Gonna hurt
|-activate|p2a: Hatterene|move: Trick|[of] p1a: Gonna hurt
|-item|p1a: Gonna hurt|Choice Scarf|[from] move: Trick
|-item|p2a: Hatterene|Choice Band|[from] move: Trick
|
|upkeep
|turn|8
|
|t:|1776176220
|switch|p2a: Skeledirge|Skeledirge, F|100/100
|move|p1a: Gonna hurt|Triple Axel|p2a: Skeledirge
|-resisted|p2a: Skeledirge
|-damage|p2a: Skeledirge|95/100
|-resisted|p2a: Skeledirge
|-damage|p2a: Skeledirge|83/100
|-hitcount|p2a: Skeledirge|2
|
|upkeep
|turn|9
|c|☆Fjir|Weavile you blind Motherfucker
|n|‽Fjir|fjir
|c|~|/log Fjir was locked from talking by Artemis. (☆Fjir: [[Pokemon]] you blind Motherfucker)
|c|~|/raw <small>This action was done automatically. Want to learn more about the AI? <a href="https://www.smogon.com/forums/threads/3570628/#post-9056769">Visit the information thread</a>.</small>
|-message|Fjir forfeited.
|
|win|hayei
