|html|<div class="broadcast-blue"><strong>[Gen 9] OU is currently suspecting Tera Blast! For information on how to participate check out the <a href="https://www.smogon.com/tools/suspects/view/200">suspect thread</a>.</strong></div>
|j|☆TOXICccccccccccccc
|j|☆Kouneko
|t:|1776091568
|gametype|singles
|player|p1|TOXICccccccccccccc|preschooler|1328
|player|p2|Kouneko|parasollady|1356
|gen|9
|tier|[Gen 9] OU
|rated|
|rule|HP Percentage Mod: HP is shown in percentages
|rule|Endless Battle Clause: Forcing endless battles is banned
|rule|Species Clause: Limit one of each Pokémon
|rule|OHKO Clause: OHKO moves are banned
|rule|Evasion Items Clause: Evasion items are banned
|rule|Evasion Moves Clause: Evasion moves are banned
|rule|Evasion Abilities Clause: Evasion abilities are banned
|rule|Sleep Moves Clause: Sleep-inducing moves are banned
|clearpoke
|poke|p1|Ogerpon-Wellspring, F|
|poke|p1|Heatran, M|
|poke|p1|Goodra-Hisui, F|
|poke|p1|Thundurus-Therian, M|
|poke|p1|Orthworm, M|
|poke|p1|Grimmsnarl, M|
|poke|p2|Ting-Lu|
|poke|p2|Keldeo-Resolute|
|poke|p2|Moltres|
|poke|p2|Heatran, F|
|poke|p2|Forretress, F|
|poke|p2|Hydrapple, M|
|teampreview
|inactive|Battle timer is ON: inactive players will automatically lose when time's up. (requested by TOXICccccccccccccc)
|
|t:|1776091580
|teamsize|p1|6
|teamsize|p2|6
|start
|switch|p1a: Ogerpon|Ogerpon-Wellspring, F|100/100
|switch|p2a: Keldeo|Keldeo-Resolute|100/100
|turn|1
|
|t:|1776091596
|switch|p2a: Hydrapple|Hydrapple, M|100/100
|move|p1a: Ogerpon|Horn Leech|p2a: Hydrapple
|-resisted|p2a: Hydrapple
|-damage|p2a: Hydrapple|93/100
|
|upkeep
|turn|2
|
|t:|1776091603
|move|p1a: Ogerpon|U-turn|p2a: Hydrapple
|-supereffective|p2a: Hydrapple
|-damage|p2a: Hydrapple|48/100
|
|t:|1776091609
|switch|p1a: Orthworm|Orthworm, M|100/100|[from] U-turn
|move|p2a: Hydrapple|Giga Drain|p1a: Orthworm
|-resisted|p1a: Orthworm
|-crit|p1a: Orthworm
|-damage|p1a: Orthworm|71/100
|-heal|p2a: Hydrapple|60/100|[from] drain|[of] p1a: Orthworm
|
|-heal|p1a: Orthworm|77/100|[from] item: Leftovers
|upkeep
|turn|3
|
|t:|1776091616
|switch|p2a: Moltres|Moltres|100/100
|move|p1a: Orthworm|Spikes|p2a: Moltres
|-sidestart|p2: Kouneko|Spikes
|
|-heal|p1a: Orthworm|83/100|[from] item: Leftovers
|upkeep
|turn|4
|
|t:|1776091620
|switch|p1a: Heatran|Heatran, M|100/100
|move|p2a: Moltres|Flamethrower|p1a: Heatran
|-start|p1a: Heatran|ability: Flash Fire
|
|upkeep
|turn|5
|
|t:|1776091624
|switch|p2a: Heatran|Heatran, F|100/100
|-damage|p2a: Heatran|88/100|[from] Spikes
|move|p1a: Heatran|Stealth Rock|p2a: Heatran
|-sidestart|p2: Kouneko|move: Stealth Rock
|
|-heal|p2a: Heatran|94/100|[from] item: Leftovers
|upkeep
|turn|6
|
|t:|1776091631
|-terastallize|p1a: Heatran|Grass
|move|p1a: Heatran|Earth Power|p2a: Heatran
|-supereffective|p2a: Heatran
|-damage|p2a: Heatran|29/100
|move|p2a: Heatran|Stealth Rock|p1a: Heatran
|-sidestart|p1: TOXICccccccccccccc|move: Stealth Rock
|
|-heal|p2a: Heatran|35/100|[from] item: Leftovers
|upkeep
|turn|7
|
|t:|1776091644
|switch|p2a: Moltres|Moltres|100/100
|move|p1a: Heatran|Earth Power|p2a: Moltres
|-immune|p2a: Moltres
|
|upkeep
|turn|8
|
|t:|1776091649
|move|p1a: Heatran|Magma Storm|p2a: Moltres|[miss]
|-miss|p1a: Heatran|p2a: Moltres
|move|p2a: Moltres|Roar|p1a: Heatran
|-end|p1a: Heatran|ability: Flash Fire|[silent]
|drag|p1a: Ogerpon|Ogerpon-Wellspring, F|100/100
|-damage|p1a: Ogerpon|88/100|[from] Stealth Rock
|
|upkeep
|turn|9
|
|t:|1776091653
|switch|p2a: Hydrapple|Hydrapple, M|94/100
|-damage|p2a: Hydrapple|81/100|[from] Spikes
|-damage|p2a: Hydrapple|69/100|[from] Stealth Rock
|move|p1a: Ogerpon|Ivy Cudgel|p2a: Hydrapple|[anim] Ivy Cudgel Water
|-resisted|p2a: Hydrapple
|-damage|p2a: Hydrapple|57/100
|
|upkeep
|turn|10
|
|t:|1776091658
|switch|p2a: Forretress|Forretress, F|100/100
|move|p1a: Ogerpon|U-turn|p2a: Forretress
|-resisted|p2a: Forretress
|-damage|p2a: Forretress|93/100
|
|t:|1776091661
|switch|p1a: Heatran|Heatran, M, tera:Grass|100/100|[from] U-turn
|-damage|p1a: Heatran|88/100|[from] Stealth Rock
|
|-heal|p1a: Heatran|94/100|[from] item: Leftovers
|upkeep
|turn|11
|
|t:|1776091691
|switch|p2a: Hydrapple|Hydrapple, M|90/100
|-damage|p2a: Hydrapple|78/100|[from] Spikes
|-damage|p2a: Hydrapple|66/100|[from] Stealth Rock
|move|p1a: Heatran|Magma Storm|p2a: Hydrapple
|-damage|p2a: Hydrapple|40/100
|-activate|p2a: Hydrapple|move: Magma Storm|[of] p1a: Heatran
|
|-heal|p1a: Heatran|100/100|[from] item: Leftovers
|-damage|p2a: Hydrapple|27/100|[from] move: Magma Storm|[partiallytrapped]
|upkeep
|turn|12
|
|t:|1776091698
|move|p1a: Heatran|Protect|p1a: Heatran
|-singleturn|p1a: Heatran|Protect
|move|p2a: Hydrapple|Dragon Tail|p1a: Heatran
|-activate|p1a: Heatran|move: Protect
|
|-damage|p2a: Hydrapple|15/100|[from] move: Magma Storm|[partiallytrapped]
|upkeep
|turn|13
|
|t:|1776091701
|move|p1a: Heatran|Magma Storm|p2a: Hydrapple|[miss]
|-miss|p1a: Heatran|p2a: Hydrapple
|move|p2a: Hydrapple|Fickle Beam|p1a: Heatran|[anim] Fickle Beam All Out
|-activate|p2a: Hydrapple|move: Fickle Beam
|-damage|p1a: Heatran|51/100
|
|-heal|p1a: Heatran|57/100|[from] item: Leftovers
|-damage|p2a: Hydrapple|3/100|[from] move: Magma Storm|[partiallytrapped]
|upkeep
|turn|14
|
|t:|1776091704
|move|p1a: Heatran|Protect|p1a: Heatran
|-singleturn|p1a: Heatran|Protect
|move|p2a: Hydrapple|Fickle Beam|p1a: Heatran
|-activate|p1a: Heatran|move: Protect
|
|-heal|p1a: Heatran|64/100|[from] item: Leftovers
|-damage|p2a: Hydrapple|0 fnt|[from] move: Magma Storm|[partiallytrapped]
|faint|p2a: Hydrapple
|upkeep
|
|t:|1776091709
|switch|p2a: Forretress|Forretress, F|93/100
|turn|15
|
|t:|1776091713
|move|p1a: Heatran|Magma Storm|p2a: Forretress
|-supereffective|p2a: Forretress
|-damage|p2a: Forretress|0 fnt
|faint|p2a: Forretress
|
|-heal|p1a: Heatran|70/100|[from] item: Leftovers
|upkeep
|-message|Kouneko forfeited.
|
|win|TOXICccccccccccccc
|raw|TOXICccccccccccccc's rating: 1328 &rarr; <strong>1350</strong><br />(+22 for winning)
|raw|Kouneko's rating: 1356 &rarr; <strong>1334</strong><br />(-22 for losing)
|l|☆Kouneko
|player|p2|
|l|☆TOXICccccccccccccc
|player|p1|
