|html|<div class="broadcast-blue"><strong>[Gen 9] OU is currently suspecting Tera Blast! For information on how to participate check out the <a href="https://www.smogon.com/tools/suspects/view/200">suspect thread</a>.</strong></div>
|j|☆Common Krookodile
|j|☆sohowboutde
|t:|1776048870
|gametype|singles
|player|p1|Common Krookodile|burglar|1549
|player|p2|sohowboutde|102|1521
|gen|9
|tier|[Gen 9] OU
|rated|
|rule|HP Percentage Mod: HP is shown in percentages
|rule|Endless Battle Clause: Forcing endless battles is banned
|rule|Species Clause: Limit one of each Pokémon
|rule|OHKO Clause: OHKO moves are banned
|rule|Evasion Items Clause: Evasion items are banned
|rule|Evasion Moves Clause: Evasion moves are banned
|rule|Evasion Abilities Clause: Evasion abilities are banned
|rule|Sleep Moves Clause: Sleep-inducing moves are banned
|clearpoke
|poke|p1|Pelipper, M|
|poke|p1|Hatterene, F|
|poke|p1|Iron Treads|
|poke|p1|Toxicroak, M|
|poke|p1|Barraskewda, M|
|poke|p1|Zapdos|
|poke|p2|Primarina, F|
|poke|p2|Great Tusk|
|poke|p2|Enamorus, F|
|poke|p2|Slowking-Galar, F|
|poke|p2|Ogerpon, F|
|poke|p2|Kingambit, M|
|teampreview
|c|☆Common Krookodile|glhf
|
|t:|1776048893
|teamsize|p1|6
|teamsize|p2|6
|start
|switch|p1a: Pelipper|Pelipper, M|100/100
|switch|p2a: Ogerpon|Ogerpon, F|100/100
|-weather|RainDance|[from] ability: Drizzle|[of] p1a: Pelipper
|turn|1
|
|t:|1776048898
|switch|p1a: Toxicroak|Toxicroak, M|100/100
|move|p2a: Ogerpon|Knock Off|p1a: Toxicroak
|-resisted|p1a: Toxicroak
|-damage|p1a: Toxicroak|77/100
|-damage|p2a: Ogerpon|84/100|[from] item: Rocky Helmet|[of] p1a: Toxicroak
|-enditem|p1a: Toxicroak|Rocky Helmet|[from] move: Knock Off|[of] p2a: Ogerpon
|
|-weather|RainDance|[upkeep]
|-heal|p1a: Toxicroak|89/100|[from] ability: Dry Skin
|upkeep
|turn|2
|
|t:|1776048903
|switch|p2a: Great Tusk|Great Tusk|100/100
|move|p1a: Toxicroak|Toxic|p2a: Great Tusk
|-status|p2a: Great Tusk|tox
|
|-weather|RainDance|[upkeep]
|-heal|p1a: Toxicroak|100/100|[from] ability: Dry Skin
|-damage|p2a: Great Tusk|94/100 tox|[from] psn
|upkeep
|turn|3
|
|t:|1776048906
|switch|p1a: Zapdos|Zapdos|100/100
|move|p2a: Great Tusk|Stealth Rock|p1a: Zapdos
|-sidestart|p1: Common Krookodile|move: Stealth Rock
|
|-weather|RainDance|[upkeep]
|-damage|p2a: Great Tusk|82/100 tox|[from] psn
|upkeep
|turn|4
|
|t:|1776048910
|-end|p2a: Great Tusk|Protosynthesis|[silent]
|switch|p2a: Slowking|Slowking-Galar, F|100/100
|move|p1a: Zapdos|Hurricane|p2a: Slowking
|-damage|p2a: Slowking|55/100
|-start|p2a: Slowking|confusion
|
|-weather|RainDance|[upkeep]
|upkeep
|turn|5
|
|t:|1776048915
|move|p1a: Zapdos|Hurricane|p2a: Slowking
|-damage|p2a: Slowking|9/100
|-activate|p2a: Slowking|confusion
|move|p2a: Slowking|Sludge Bomb|p1a: Zapdos
|-damage|p1a: Zapdos|63/100
|
|-weather|RainDance|[upkeep]
|upkeep
|turn|6
|
|t:|1776048921
|switch|p2a: Great Tusk|Great Tusk|82/100 tox
|move|p1a: Zapdos|Hurricane|p2a: Great Tusk
|-supereffective|p2a: Great Tusk
|-damage|p2a: Great Tusk|0 fnt
|faint|p2a: Great Tusk
|-end|p2a: Great Tusk|Protosynthesis|[silent]
|
|-weather|RainDance|[upkeep]
|upkeep
|
|t:|1776048925
|switch|p2a: Enamorus|Enamorus, F|100/100
|turn|7
|
|t:|1776048930
|switch|p1a: Iron Treads|Iron Treads|100/100
|-damage|p1a: Iron Treads|98/100|[from] Stealth Rock
|move|p2a: Enamorus|Moonblast|p1a: Iron Treads
|-resisted|p1a: Iron Treads
|-damage|p1a: Iron Treads|76/100
|
|-weather|RainDance|[upkeep]
|-heal|p1a: Iron Treads|82/100|[from] item: Leftovers
|upkeep
|turn|8
|
|t:|1776048934
|switch|p2a: Primarina|Primarina, F|100/100
|move|p1a: Iron Treads|Rapid Spin|p2a: Primarina
|-damage|p2a: Primarina|82/100
|-boost|p1a: Iron Treads|spe|1
|-sideend|p1: Common Krookodile|Stealth Rock|[from] move: Rapid Spin|[of] p1a: Iron Treads
|
|-weather|none
|-heal|p1a: Iron Treads|88/100|[from] item: Leftovers
|-heal|p2a: Primarina|88/100|[from] item: Leftovers
|upkeep
|turn|9
|
|t:|1776048936
|move|p1a: Iron Treads|Volt Switch|p2a: Primarina
|-supereffective|p2a: Primarina
|-damage|p2a: Primarina|63/100
|
|t:|1776048944
|-end|p1a: Iron Treads|Quark Drive|[silent]
|switch|p1a: Pelipper|Pelipper, M|100/100|[from] Volt Switch
|-weather|RainDance|[from] ability: Drizzle|[of] p1a: Pelipper
|move|p2a: Primarina|Psychic Noise|p1a: Pelipper
|-resisted|p1a: Pelipper
|-crit|p1a: Pelipper
|-damage|p1a: Pelipper|55/100
|-start|p1a: Pelipper|move: Heal Block
|
|-weather|RainDance|[upkeep]
|-heal|p2a: Primarina|69/100|[from] item: Leftovers
|upkeep
|turn|10
|
|t:|1776048950
|move|p2a: Primarina|Substitute|p2a: Primarina
|-start|p2a: Primarina|Substitute
|-damage|p2a: Primarina|44/100
|move|p1a: Pelipper|U-turn|p2a: Primarina
|-resisted|p2a: Primarina
|-activate|p2a: Primarina|move: Substitute|[damage]
|
|t:|1776048955
|switch|p1a: Zapdos|Zapdos|63/100|[from] U-turn
|
|-weather|RainDance|[upkeep]
|-heal|p2a: Primarina|50/100|[from] item: Leftovers
|upkeep
|turn|11
|
|t:|1776048958
|move|p1a: Zapdos|Volt Switch|p2a: Primarina
|-supereffective|p2a: Primarina
|-end|p2a: Primarina|Substitute
|
|t:|1776048962
|switch|p1a: Hatterene|Hatterene, F|100/100|[from] Volt Switch
|move|p2a: Primarina|Substitute|p2a: Primarina
|-start|p2a: Primarina|Substitute
|-damage|p2a: Primarina|25/100
|
|-weather|RainDance|[upkeep]
|-heal|p2a: Primarina|31/100|[from] item: Leftovers
|upkeep
|turn|12
|
|t:|1776048967
|move|p2a: Primarina|Psychic Noise|p1a: Hatterene
|-damage|p1a: Hatterene|40/100
|-start|p1a: Hatterene|move: Heal Block
|-enditem|p1a: Hatterene|Eject Button
|
|t:|1776048972
|switch|p1a: Toxicroak|Toxicroak, M|100/100
|
|-weather|RainDance|[upkeep]
|-heal|p2a: Primarina|37/100|[from] item: Leftovers
|upkeep
|turn|13
|
|t:|1776048976
|move|p1a: Toxicroak|Encore|p2a: Primarina
|-start|p2a: Primarina|Encore
|move|p2a: Primarina|Psychic Noise|p1a: Toxicroak
|-immune|p1a: Toxicroak|[from] ability: Dry Skin
|
|-weather|RainDance|[upkeep]
|-heal|p2a: Primarina|43/100|[from] item: Leftovers
|upkeep
|turn|14
|
|t:|1776048988
|switch|p2a: Enamorus|Enamorus, F|100/100
|move|p1a: Toxicroak|Drain Punch|p2a: Enamorus
|-resisted|p2a: Enamorus
|-damage|p2a: Enamorus|90/100
|
|-weather|RainDance|[upkeep]
|upkeep
|turn|15
|
|t:|1776048994
|switch|p1a: Hatterene|Hatterene, F|40/100
|move|p2a: Enamorus|Earth Power|p1a: Hatterene
|-damage|p1a: Hatterene|0 fnt
|faint|p1a: Hatterene
|
|-weather|RainDance|[upkeep]
|upkeep
|
|t:|1776048997
|switch|p1a: Barraskewda|Barraskewda, M|100/100
|turn|16
|
|t:|1776049002
|switch|p2a: Primarina|Primarina, F|43/100
|move|p1a: Barraskewda|Liquidation|p2a: Primarina
|-resisted|p2a: Primarina
|-damage|p2a: Primarina|0 fnt
|faint|p2a: Primarina
|
|-weather|none
|upkeep
|
|t:|1776049004
|switch|p2a: Ogerpon|Ogerpon, F|84/100
|turn|17
|
|t:|1776049022
|switch|p1a: Toxicroak|Toxicroak, M|100/100
|move|p2a: Ogerpon|Rock Tomb|p1a: Toxicroak
|-resisted|p1a: Toxicroak
|-damage|p1a: Toxicroak|88/100
|-unboost|p1a: Toxicroak|spe|1
|
|upkeep
|turn|18
|
|t:|1776049028
|switch|p2a: Slowking|Slowking-Galar, F|42/100
|move|p1a: Toxicroak|Toxic|p2a: Slowking
|-immune|p2a: Slowking
|
|upkeep
|turn|19
|
|t:|1776049033
|switch|p1a: Iron Treads|Iron Treads|88/100
|move|p2a: Slowking|Flamethrower|p1a: Iron Treads
|-supereffective|p1a: Iron Treads
|-damage|p1a: Iron Treads|50/100
|
|-heal|p1a: Iron Treads|56/100|[from] item: Leftovers
|upkeep
|turn|20
|
|t:|1776049036
|move|p1a: Iron Treads|Earthquake|p2a: Slowking
|-supereffective|p2a: Slowking
|-damage|p2a: Slowking|0 fnt
|faint|p2a: Slowking
|
|-heal|p1a: Iron Treads|62/100|[from] item: Leftovers
|upkeep
|
|t:|1776049081
|switch|p2a: Ogerpon|Ogerpon, F|84/100
|turn|21
|
|t:|1776049095
|move|p2a: Ogerpon|U-turn|p1a: Iron Treads
|-resisted|p1a: Iron Treads
|-damage|p1a: Iron Treads|49/100
|
|t:|1776049115
|switch|p2a: Enamorus|Enamorus, F|90/100|[from] U-turn
|move|p1a: Iron Treads|Volt Switch|p2a: Enamorus
|-supereffective|p2a: Enamorus
|-damage|p2a: Enamorus|54/100
|
|t:|1776049121
|-end|p1a: Iron Treads|Quark Drive|[silent]
|switch|p1a: Barraskewda|Barraskewda, M|100/100|[from] Volt Switch
|
|upkeep
|turn|22
|
|t:|1776049125
|move|p2a: Enamorus|Moonblast|p1a: Barraskewda
|-damage|p1a: Barraskewda|0 fnt
|faint|p1a: Barraskewda
|
|upkeep
|
|t:|1776049131
|switch|p1a: Iron Treads|Iron Treads|49/100
|turn|23
|
|t:|1776049135
|switch|p2a: Ogerpon|Ogerpon, F|84/100
|move|p1a: Iron Treads|Rapid Spin|p2a: Ogerpon
|-damage|p2a: Ogerpon|67/100
|-boost|p1a: Iron Treads|spe|1
|
|-heal|p1a: Iron Treads|55/100|[from] item: Leftovers
|upkeep
|turn|24
|
|t:|1776049137
|move|p1a: Iron Treads|Stealth Rock|p2a: Ogerpon
|-sidestart|p2: sohowboutde|move: Stealth Rock
|move|p2a: Ogerpon|Ivy Cudgel|p1a: Iron Treads
|-damage|p1a: Iron Treads|0 fnt
|faint|p1a: Iron Treads
|-end|p1a: Iron Treads|Quark Drive|[silent]
|
|upkeep
|
|t:|1776049142
|switch|p1a: Pelipper|Pelipper, M|55/100
|-weather|RainDance|[from] ability: Drizzle|[of] p1a: Pelipper
|turn|25
|
|t:|1776049144
|move|p2a: Ogerpon|Ivy Cudgel|p1a: Pelipper
|-crit|p1a: Pelipper
|-damage|p1a: Pelipper|0 fnt
|faint|p1a: Pelipper
|
|-weather|RainDance|[upkeep]
|upkeep
|
|t:|1776049147
|switch|p1a: Toxicroak|Toxicroak, M|88/100
|turn|26
|
|t:|1776049154
|switch|p1a: Zapdos|Zapdos|63/100
|move|p2a: Ogerpon|Ivy Cudgel|p1a: Zapdos
|-resisted|p1a: Zapdos
|-damage|p1a: Zapdos|19/100
|
|-weather|RainDance|[upkeep]
|upkeep
|turn|27
|
|t:|1776049159
|move|p2a: Ogerpon|Ivy Cudgel|p1a: Zapdos
|-resisted|p1a: Zapdos
|-damage|p1a: Zapdos|0 fnt
|faint|p1a: Zapdos
|
|-weather|RainDance|[upkeep]
|upkeep
|
|t:|1776049161
|switch|p1a: Toxicroak|Toxicroak, M|88/100
|turn|28
|
|t:|1776049164
|move|p2a: Ogerpon|Ivy Cudgel|p1a: Toxicroak
|-resisted|p1a: Toxicroak
|-damage|p1a: Toxicroak|56/100
|move|p1a: Toxicroak|Drain Punch|p2a: Ogerpon
|-damage|p2a: Ogerpon|34/100
|-heal|p1a: Toxicroak|69/100|[from] drain|[of] p2a: Ogerpon
|
|-weather|RainDance|[upkeep]
|-heal|p1a: Toxicroak|82/100|[from] ability: Dry Skin
|upkeep
|turn|29
|
|t:|1776049167
|move|p2a: Ogerpon|Ivy Cudgel|p1a: Toxicroak
|-resisted|p1a: Toxicroak
|-damage|p1a: Toxicroak|50/100
|move|p1a: Toxicroak|Drain Punch|p2a: Ogerpon
|-damage|p2a: Ogerpon|0 fnt
|-heal|p1a: Toxicroak|64/100|[from] drain|[of] p2a: Ogerpon
|faint|p2a: Ogerpon
|
|-weather|RainDance|[upkeep]
|-heal|p1a: Toxicroak|76/100|[from] ability: Dry Skin
|upkeep
|
|t:|1776049168
|switch|p2a: Enamorus|Enamorus, F|54/100
|-damage|p2a: Enamorus|30/100|[from] Stealth Rock
|turn|30
|
|t:|1776049178
|-terastallize|p1a: Toxicroak|Ghost
|move|p2a: Enamorus|Earth Power|p1a: Toxicroak
|-damage|p1a: Toxicroak|28/100
|move|p1a: Toxicroak|Knock Off|p2a: Enamorus
|-resisted|p2a: Enamorus
|-damage|p2a: Enamorus|12/100
|-enditem|p2a: Enamorus|Choice Scarf|[from] move: Knock Off|[of] p1a: Toxicroak
|
|-weather|RainDance|[upkeep]
|-heal|p1a: Toxicroak|41/100|[from] ability: Dry Skin
|upkeep
|turn|31
|
|t:|1776049185
|move|p2a: Enamorus|Moonblast|p1a: Toxicroak
|-damage|p1a: Toxicroak|0 fnt
|faint|p1a: Toxicroak
|
|win|sohowboutde
|raw|Common Krookodile's rating: 1549 &rarr; <strong>1527</strong><br />(-22 for losing)
|raw|sohowboutde's rating: 1521 &rarr; <strong>1543</strong><br />(+22 for winning)
|l|☆sohowboutde
|player|p2|
|l|☆Common Krookodile
|player|p1|
