|html|<div class="broadcast-blue"><strong>[Gen 9] OU is currently suspecting Volcarona! For information on how to participate check out the <a href="https://www.smogon.com/tools/suspects/view/208">suspect thread</a>.</strong></div>
|j|☆snorlaxated
|j|☆A$AP_Sayori
|t:|1778510656
|gametype|singles
|player|p1|snorlaxated|drayden|
|player|p2|A$AP_Sayori|mars|
|gen|9
|tier|[Gen 9] OU
|rule|HP Percentage Mod: HP is shown in percentages
|rule|Endless Battle Clause: Forcing endless battles is banned
|rule|Species Clause: Limit one of each Pokémon
|rule|OHKO Clause: OHKO moves are banned
|rule|Evasion Items Clause: Evasion items are banned
|rule|Evasion Moves Clause: Evasion moves are banned
|rule|Evasion Abilities Clause: Evasion abilities are banned
|rule|Sleep Moves Clause: Sleep-inducing moves are banned
|clearpoke
|poke|p1|Moltres-Galar|
|poke|p1|Gholdengo|
|poke|p1|Samurott-Hisui, F|
|poke|p1|Smeargle, F|
|poke|p1|Zamazenta-*|
|poke|p1|Deoxys-Speed|
|poke|p2|Gallade, M|
|poke|p2|Samurott-Hisui, M|
|poke|p2|Volcarona, F|
|poke|p2|Garganacl, M|
|poke|p2|Sylveon, F|
|poke|p2|Dragapult, M|
|teampreview
|inactive|Battle timer is ON: inactive players will automatically lose when time's up. (requested by snorlaxated)
|inactiveoff|Battle timer is now OFF.
|
|t:|1778510662
|teamsize|p1|6
|teamsize|p2|6
|start
|switch|p1a: Smeargle|Smeargle, F|100/100
|switch|p2a: Sylveon|Sylveon, F, shiny|100/100
|turn|1
|
|t:|1778510669
|move|p1a: Smeargle|No Retreat|p1a: Smeargle
|-boost|p1a: Smeargle|atk|1
|-boost|p1a: Smeargle|def|1
|-boost|p1a: Smeargle|spa|1
|-boost|p1a: Smeargle|spd|1
|-boost|p1a: Smeargle|spe|1
|-start|p1a: Smeargle|move: No Retreat
|move|p2a: Sylveon|Hyper Beam|p1a: Smeargle
|-damage|p1a: Smeargle|0 fnt
|-mustrecharge|p2a: Sylveon
|faint|p1a: Smeargle
|
|upkeep
|
|t:|1778510680
|switch|p1a: Zamazenta|Zamazenta|100/100
|-ability|p1a: Zamazenta|Dauntless Shield|boost
|-boost|p1a: Zamazenta|def|1
|turn|2
|
|t:|1778510693
|move|p1a: Zamazenta|Heavy Slam|p2a: Sylveon
|-supereffective|p2a: Sylveon
|-damage|p2a: Sylveon|8/100
|cant|p2a: Sylveon|recharge
|
|upkeep
|turn|3
|
|t:|1778510698
|move|p1a: Zamazenta|Heavy Slam|p2a: Sylveon
|-supereffective|p2a: Sylveon
|-damage|p2a: Sylveon|0 fnt
|faint|p2a: Sylveon
|
|upkeep
|
|t:|1778510706
|switch|p2a: Gallade|Gallade, M, shiny|100/100
|turn|4
|
|t:|1778510715
|switch|p1a: Moltres|Moltres-Galar|100/100
|move|p2a: Gallade|Psycho Cut|p1a: Moltres
|-immune|p1a: Moltres
|
|upkeep
|turn|5
|
|t:|1778510720
|move|p1a: Moltres|Agility|p1a: Moltres
|-boost|p1a: Moltres|spe|2
|move|p2a: Gallade|Sacred Sword|p1a: Moltres
|-damage|p1a: Moltres|0 fnt
|faint|p1a: Moltres
|-damage|p2a: Gallade|91/100|[from] item: Life Orb
|
|upkeep
|
|t:|1778510728
|switch|p1a: Gholdengo|Gholdengo|100/100
|turn|6
|
|t:|1778510744
|move|p1a: Gholdengo|Shadow Ball|p2a: Gallade
|-supereffective|p2a: Gallade
|-damage|p2a: Gallade|4/100
|move|p2a: Gallade|Aqua Cutter|p1a: Gholdengo
|-damage|p1a: Gholdengo|46/100
|-damage|p2a: Gallade|0 fnt|[from] item: Life Orb
|faint|p2a: Gallade
|
|upkeep
|
|t:|1778510750
|switch|p2a: Dragapult|Dragapult, M|100/100
|turn|7
|
|t:|1778510758
|move|p1a: Gholdengo|Shadow Ball|p2a: Dragapult
|-supereffective|p2a: Dragapult
|-damage|p2a: Dragapult|21/100
|move|p2a: Dragapult|Phantom Force||[still]
|-prepare|p2a: Dragapult|Phantom Force
|
|upkeep
|turn|8
|
|t:|1778510764
|switch|p1a: Samurott|Samurott-Hisui, F|100/100
|move|p2a: Dragapult|Phantom Force|p1a: Samurott|[from] lockedmove
|-resisted|p1a: Samurott
|-damage|p1a: Samurott|70/100
|
|upkeep
|turn|9
|
|t:|1778510774
|move|p2a: Dragapult|Dragon Darts|p1a: Samurott
|-damage|p1a: Samurott|37/100
|-anim|p2a: Dragapult|Dragon Darts|p1a: Samurott
|-damage|p1a: Samurott|5/100
|move|p1a: Samurott|Ceaseless Edge|p2a: Dragapult|[miss]
|-miss|p1a: Samurott|p2a: Dragapult
|
|upkeep
|turn|10
|
|t:|1778510779
|move|p2a: Dragapult|Dragon Darts|p1a: Samurott
|-damage|p1a: Samurott|0 fnt
|faint|p1a: Samurott
|
|upkeep
|
|t:|1778510783
|switch|p1a: Deoxys|Deoxys-Speed|100/100
|-ability|p1a: Deoxys|Pressure
|turn|11
|
|t:|1778510788
|move|p1a: Deoxys|Psycho Boost|p2a: Dragapult
|-damage|p2a: Dragapult|0 fnt
|-unboost|p1a: Deoxys|spa|2
|faint|p2a: Dragapult
|
|upkeep
|
|t:|1778510791
|switch|p2a: Volcarona|Volcarona, F, shiny|100/100
|turn|12
|
|t:|1778510798
|move|p1a: Deoxys|Light Screen|p1a: Deoxys
|-sidestart|p1: snorlaxated|move: Light Screen
|move|p2a: Volcarona|Bug Buzz|p1a: Deoxys
|-supereffective|p1a: Deoxys
|-damage|p1a: Deoxys|1/100
|
|upkeep
|turn|13
|
|t:|1778510803
|move|p1a: Deoxys|Reflect|p1a: Deoxys
|-sidestart|p1: snorlaxated|Reflect
|move|p2a: Volcarona|Bug Buzz|p1a: Deoxys
|-supereffective|p1a: Deoxys
|-damage|p1a: Deoxys|0 fnt
|faint|p1a: Deoxys
|
|upkeep
|
|t:|1778510806
|switch|p1a: Zamazenta|Zamazenta|100/100
|turn|14
|
|t:|1778510813
|switch|p2a: Garganacl|Garganacl, M|100/100
|move|p1a: Zamazenta|Iron Defense|p1a: Zamazenta
|-boost|p1a: Zamazenta|def|2
|
|upkeep
|turn|15
|
|t:|1778510817
|move|p1a: Zamazenta|Iron Defense|p1a: Zamazenta
|-boost|p1a: Zamazenta|def|2
|move|p2a: Garganacl|Salt Cure|p1a: Zamazenta
|-resisted|p1a: Zamazenta
|-damage|p1a: Zamazenta|99/100
|-start|p1a: Zamazenta|Salt Cure
|
|-heal|p1a: Zamazenta|100/100|[from] item: Leftovers
|-damage|p1a: Zamazenta|88/100|[from] Salt Cure
|upkeep
|turn|16
|
|t:|1778510832
|-terastallize|p2a: Garganacl|Water
|move|p1a: Zamazenta|Iron Defense|p1a: Zamazenta
|-boost|p1a: Zamazenta|def|2
|move|p2a: Garganacl|Earthquake|p1a: Zamazenta
|-damage|p1a: Zamazenta|86/100
|
|-heal|p1a: Zamazenta|92/100|[from] item: Leftovers
|-damage|p1a: Zamazenta|80/100|[from] Salt Cure
|upkeep
|turn|17
|
|t:|1778510836
|move|p1a: Zamazenta|Body Press|p2a: Garganacl
|-damage|p2a: Garganacl|13/100
|move|p2a: Garganacl|Earthquake|p1a: Zamazenta
|-damage|p1a: Zamazenta|78/100
|
|-heal|p1a: Zamazenta|84/100|[from] item: Leftovers
|-heal|p2a: Garganacl|19/100|[from] item: Leftovers
|-damage|p1a: Zamazenta|72/100|[from] Salt Cure
|upkeep
|turn|18
|
|t:|1778510839
|move|p1a: Zamazenta|Body Press|p2a: Garganacl
|-damage|p2a: Garganacl|0 fnt
|faint|p2a: Garganacl
|
|-heal|p1a: Zamazenta|78/100|[from] item: Leftovers
|-damage|p1a: Zamazenta|65/100|[from] Salt Cure
|upkeep
|
|t:|1778510840
|switch|p2a: Volcarona|Volcarona, F, shiny|100/100
|turn|19
|
|t:|1778510843
|move|p1a: Zamazenta|Body Press|p2a: Volcarona
|-resisted|p2a: Volcarona
|-damage|p2a: Volcarona|0 fnt
|faint|p2a: Volcarona
|
|-heal|p1a: Zamazenta|72/100|[from] item: Leftovers
|-damage|p1a: Zamazenta|59/100|[from] Salt Cure
|-sideend|p1: snorlaxated|move: Light Screen
|upkeep
|
|t:|1778510846
|switch|p2a: Samurott|Samurott-Hisui, M, shiny|100/100
|turn|20
|
|t:|1778510849
|move|p1a: Zamazenta|Body Press|p2a: Samurott
|-supereffective|p2a: Samurott
|-damage|p2a: Samurott|0 fnt
|faint|p2a: Samurott
|
|win|snorlaxated
