|html|<div class="broadcast-blue"><strong>[Gen 9] OU is currently suspecting Tera Blast! For information on how to participate check out the <a href="https://www.smogon.com/tools/suspects/view/200">suspect thread</a>.</strong></div>
|j|☆jadenyng
|j|☆Jesusoft
|t:|1776112612
|gametype|singles
|player|p1|jadenyng|brawly|1191
|player|p2|Jesusoft|101|1214
|gen|9
|tier|[Gen 9] OU
|rated|
|rule|HP Percentage Mod: HP is shown in percentages
|rule|Endless Battle Clause: Forcing endless battles is banned
|rule|Species Clause: Limit one of each Pokémon
|rule|OHKO Clause: OHKO moves are banned
|rule|Evasion Items Clause: Evasion items are banned
|rule|Evasion Moves Clause: Evasion moves are banned
|rule|Evasion Abilities Clause: Evasion abilities are banned
|rule|Sleep Moves Clause: Sleep-inducing moves are banned
|clearpoke
|poke|p1|Tornadus, M|
|poke|p1|Toxtricity, M|
|poke|p1|Iron Valiant|
|poke|p1|Arcanine-Hisui, M|
|poke|p1|Brambleghast, M|
|poke|p1|Hydreigon, M|
|poke|p2|Metagross|
|poke|p2|Blaziken, M|
|poke|p2|Swampert, F|
|poke|p2|Gholdengo|
|poke|p2|Electrode-Hisui|
|poke|p2|Dusknoir, M|
|teampreview
|inactive|Battle timer is ON: inactive players will automatically lose when time's up. (requested by jadenyng)
|
|t:|1776112623
|teamsize|p1|6
|teamsize|p2|6
|start
|switch|p1a: Iron Valiant|Iron Valiant, shiny|100/100
|switch|p2a: Electrode|Electrode-Hisui|100/100
|turn|1
|
|t:|1776112631
|move|p2a: Electrode|Thunder Wave|p1a: Iron Valiant|[miss]
|-miss|p2a: Electrode|p1a: Iron Valiant
|move|p1a: Iron Valiant|Moonblast|p2a: Electrode
|-damage|p2a: Electrode|0 fnt
|faint|p2a: Electrode
|
|upkeep
|
|t:|1776112640
|switch|p2a: Gholdengo|Gholdengo, shiny|100/100
|turn|2
|
|t:|1776112647
|-end|p1a: Iron Valiant|Quark Drive|[silent]
|switch|p1a: Hydreigon|Hydreigon, M, shiny|100/100
|move|p2a: Gholdengo|Nasty Plot|p2a: Gholdengo
|-boost|p2a: Gholdengo|spa|2
|
|upkeep
|turn|3
|
|t:|1776112652
|move|p1a: Hydreigon|Dark Pulse|p2a: Gholdengo
|-supereffective|p2a: Gholdengo
|-crit|p2a: Gholdengo
|-damage|p2a: Gholdengo|0 fnt
|faint|p2a: Gholdengo
|
|upkeep
|
|t:|1776112665
|switch|p2a: Blaziken|Blaziken, M|100/100
|turn|4
|
|t:|1776112670
|move|p2a: Blaziken|Protect|p2a: Blaziken
|-singleturn|p2a: Blaziken|Protect
|move|p1a: Hydreigon|Tailwind|p1a: Hydreigon
|-sidestart|p1: jadenyng|move: Tailwind
|
|-ability|p2a: Blaziken|Speed Boost|boost
|-boost|p2a: Blaziken|spe|1
|upkeep
|turn|5
|
|t:|1776112675
|move|p1a: Hydreigon|Draco Meteor|p2a: Blaziken
|-damage|p2a: Blaziken|6/100
|-unboost|p1a: Hydreigon|spa|2
|-enditem|p1a: Hydreigon|Eject Pack
|
|t:|1776112679
|switch|p1a: Brambleghast|Brambleghast, M, shiny|100/100
|-ability|p1a: Brambleghast|Wind Rider|boost
|-boost|p1a: Brambleghast|atk|1
|move|p2a: Blaziken|Bulk Up|p2a: Blaziken
|-boost|p2a: Blaziken|atk|1
|-boost|p2a: Blaziken|def|1
|
|-ability|p2a: Blaziken|Speed Boost|boost
|-boost|p2a: Blaziken|spe|1
|upkeep
|turn|6
|
|t:|1776112692
|move|p2a: Blaziken|Protect|p2a: Blaziken
|-singleturn|p2a: Blaziken|Protect
|move|p1a: Brambleghast|Shadow Sneak|p2a: Blaziken
|-activate|p2a: Blaziken|move: Protect
|
|-ability|p2a: Blaziken|Speed Boost|boost
|-boost|p2a: Blaziken|spe|1
|upkeep
|turn|7
|
|t:|1776112701
|move|p2a: Blaziken|Blaze Kick|p1a: Brambleghast
|-supereffective|p1a: Brambleghast
|-crit|p1a: Brambleghast
|-damage|p1a: Brambleghast|0 fnt
|faint|p1a: Brambleghast
|
|-sideend|p1: jadenyng|move: Tailwind
|-ability|p2a: Blaziken|Speed Boost|boost
|-boost|p2a: Blaziken|spe|1
|upkeep
|
|t:|1776112710
|switch|p1a: Iron Valiant|Iron Valiant, shiny|100/100
|turn|8
|
|t:|1776112717
|move|p1a: Iron Valiant|Vacuum Wave|p2a: Blaziken
|-crit|p2a: Blaziken
|-damage|p2a: Blaziken|0 fnt
|faint|p2a: Blaziken
|
|upkeep
|
|t:|1776112724
|switch|p2a: Metagross|Metagross|100/100
|turn|9
|
|t:|1776112728
|-end|p1a: Iron Valiant|Quark Drive|[silent]
|switch|p1a: Hydreigon|Hydreigon, M, shiny|100/100
|move|p2a: Metagross|Meteor Mash|p1a: Hydreigon|[miss]
|-miss|p2a: Metagross|p1a: Hydreigon
|
|upkeep
|turn|10
|
|t:|1776112733
|move|p1a: Hydreigon|Dark Pulse|p2a: Metagross
|-supereffective|p2a: Metagross
|-damage|p2a: Metagross|35/100
|move|p2a: Metagross|Meteor Mash|p1a: Hydreigon
|-damage|p1a: Hydreigon|43/100
|
|upkeep
|turn|11
|
|t:|1776112743
|move|p2a: Metagross|Bullet Punch|p1a: Hydreigon
|-damage|p1a: Hydreigon|15/100
|move|p1a: Hydreigon|Tailwind|p1a: Hydreigon
|-sidestart|p1: jadenyng|move: Tailwind
|
|upkeep
|turn|12
|
|t:|1776112747
|-terastallize|p1a: Hydreigon|Steel
|move|p2a: Metagross|Bullet Punch|p1a: Hydreigon
|-resisted|p1a: Hydreigon
|-damage|p1a: Hydreigon|2/100
|move|p1a: Hydreigon|Dark Pulse|p2a: Metagross
|-supereffective|p2a: Metagross
|-damage|p2a: Metagross|0 fnt
|faint|p2a: Metagross
|
|upkeep
|
|t:|1776112765
|switch|p2a: Swampert|Swampert, F|100/100
|turn|13
|
|t:|1776112773
|move|p1a: Hydreigon|Dark Pulse|p2a: Swampert
|-damage|p2a: Swampert|66/100
|move|p2a: Swampert|Waterfall|p1a: Hydreigon
|-damage|p1a: Hydreigon|0 fnt
|faint|p1a: Hydreigon
|
|upkeep
|
|t:|1776112781
|switch|p1a: Iron Valiant|Iron Valiant, shiny|100/100
|turn|14
|
|t:|1776112787
|move|p1a: Iron Valiant|Moonblast|p2a: Swampert
|-damage|p2a: Swampert|5/100
|move|p2a: Swampert|Earthquake|p1a: Iron Valiant
|-damage|p1a: Iron Valiant|31/100
|
|-sideend|p1: jadenyng|move: Tailwind
|upkeep
|turn|15
|
|t:|1776112794
|move|p1a: Iron Valiant|Moonblast|p2a: Swampert
|-damage|p2a: Swampert|0 fnt
|faint|p2a: Swampert
|
|upkeep
|
|t:|1776112797
|switch|p2a: Dusknoir|Dusknoir, M|100/100
|-ability|p2a: Dusknoir|Pressure
|turn|16
|
|t:|1776112804
|move|p1a: Iron Valiant|Moonblast|p2a: Dusknoir
|-damage|p2a: Dusknoir|24/100
|move|p2a: Dusknoir|Poltergeist|p1a: Iron Valiant
|-activate|p1a: Iron Valiant|move: Poltergeist|Choice Specs
|-damage|p1a: Iron Valiant|0 fnt
|faint|p1a: Iron Valiant
|-end|p1a: Iron Valiant|Quark Drive|[silent]
|-damage|p2a: Dusknoir|14/100|[from] item: Life Orb
|
|upkeep
|
|t:|1776112808
|switch|p1a: Arcanine|Arcanine-Hisui, M, shiny|100/100
|turn|17
|
|t:|1776112816
|move|p1a: Arcanine|Flare Blitz|p2a: Dusknoir
|-damage|p2a: Dusknoir|0 fnt
|faint|p2a: Dusknoir
|
|win|jadenyng
|raw|jadenyng's rating: 1191 &rarr; <strong>1218</strong><br />(+27 for winning)
|raw|Jesusoft's rating: 1214 &rarr; <strong>1187</strong><br />(-27 for losing)
|l|☆Jesusoft
|player|p2|
