|html|<div class="broadcast-blue"><strong>[Gen 9] OU is currently suspecting Tera Blast! For information on how to participate check out the <a href="https://www.smogon.com/tools/suspects/view/200">suspect thread</a>.</strong></div>
|j|☆jcdnb
|j|‽zeep vs zoop
|t:|1776215585
|gametype|singles
|player|p1|jcdnb|169|1796
|player|p2|zeep vs zoop|iris-gen5bw2|1797
|gen|9
|tier|[Gen 9] OU
|rated|
|rule|HP Percentage Mod: HP is shown in percentages
|rule|Endless Battle Clause: Forcing endless battles is banned
|rule|Species Clause: Limit one of each Pokémon
|rule|OHKO Clause: OHKO moves are banned
|rule|Evasion Items Clause: Evasion items are banned
|rule|Evasion Moves Clause: Evasion moves are banned
|rule|Evasion Abilities Clause: Evasion abilities are banned
|rule|Sleep Moves Clause: Sleep-inducing moves are banned
|clearpoke
|poke|p1|Rillaboom, M|
|poke|p1|Ogerpon-Wellspring, F|
|poke|p1|Great Tusk|
|poke|p1|Glimmora, F|
|poke|p1|Heatran, M|
|poke|p1|Hatterene, F|
|poke|p2|Zamazenta-*|
|poke|p2|Kingambit, F|
|poke|p2|Dragapult, M|
|poke|p2|Zapdos|
|poke|p2|Volcanion|
|poke|p2|Iron Treads|
|teampreview
|inactive|Battle timer is ON: inactive players will automatically lose when time's up. (requested by zeep vs zoop)
|
|t:|1776215611
|teamsize|p1|6
|teamsize|p2|6
|start
|switch|p1a: Great Tusk|Great Tusk|100/100
|switch|p2a: Volcanion|Volcanion|100/100
|turn|1
|
|t:|1776215618
|move|p2a: Volcanion|Steam Eruption|p1a: Great Tusk
|-supereffective|p1a: Great Tusk
|-damage|p1a: Great Tusk|28/100
|move|p1a: Great Tusk|Headlong Rush|p2a: Volcanion
|-supereffective|p2a: Volcanion
|-damage|p2a: Volcanion|5/100
|-unboost|p1a: Great Tusk|def|1
|-unboost|p1a: Great Tusk|spd|1
|
|upkeep
|turn|2
|j| Nyrkry
|
|t:|1776215644
|-end|p1a: Great Tusk|Protosynthesis|[silent]
|switch|p1a: Rillaboom|Rillaboom, M|100/100
|-fieldstart|move: Grassy Terrain|[from] ability: Grassy Surge|[of] p1a: Rillaboom
|move|p2a: Volcanion|Flamethrower|p1a: Rillaboom
|-supereffective|p1a: Rillaboom
|-damage|p1a: Rillaboom|0 fnt
|faint|p1a: Rillaboom
|
|-heal|p2a: Volcanion|11/100|[from] Grassy Terrain
|upkeep
|
|t:|1776215653
|switch|p1a: Ogerpon|Ogerpon-Wellspring, F|100/100
|turn|3
|
|t:|1776215658
|switch|p2a: Zapdos|Zapdos|100/100
|move|p1a: Ogerpon|Horn Leech|p2a: Zapdos
|-resisted|p2a: Zapdos
|-damage|p2a: Zapdos|83/100
|
|upkeep
|turn|4
|
|t:|1776215667
|-terastallize|p1a: Ogerpon|Water
|detailschange|p1a: Ogerpon|Ogerpon-Wellspring-Tera, F, tera:Water
|-ability|p1a: Ogerpon|Embody Aspect (Wellspring)|boost
|-boost|p1a: Ogerpon|spd|1
|move|p1a: Ogerpon|Swords Dance|p1a: Ogerpon
|-boost|p1a: Ogerpon|atk|2
|move|p2a: Zapdos|Volt Switch|p1a: Ogerpon
|-supereffective|p1a: Ogerpon
|-damage|p1a: Ogerpon|59/100
|
|t:|1776215689
|switch|p2a: Zamazenta|Zamazenta|100/100|[from] Volt Switch
|-ability|p2a: Zamazenta|Dauntless Shield|boost
|-boost|p2a: Zamazenta|def|1
|
|-heal|p1a: Ogerpon|65/100|[from] Grassy Terrain
|upkeep
|turn|5
|
|t:|1776215696
|move|p2a: Zamazenta|Iron Defense|p2a: Zamazenta
|-boost|p2a: Zamazenta|def|2
|move|p1a: Ogerpon|Ivy Cudgel|p2a: Zamazenta|[anim] Ivy Cudgel Water
|-damage|p2a: Zamazenta|63/100
|
|-heal|p2a: Zamazenta|70/100|[from] Grassy Terrain
|-heal|p2a: Zamazenta|76/100|[from] item: Leftovers
|-heal|p1a: Ogerpon|71/100|[from] Grassy Terrain
|upkeep
|turn|6
|
|t:|1776215706
|switch|p1a: Hatterene|Hatterene, F|100/100
|-enditem|p1a: Hatterene|Grassy Seed
|-boost|p1a: Hatterene|def|1|[from] item: Grassy Seed
|move|p2a: Zamazenta|Body Press|p1a: Hatterene
|-resisted|p1a: Hatterene
|-damage|p1a: Hatterene|85/100
|
|-heal|p2a: Zamazenta|82/100|[from] Grassy Terrain
|-heal|p2a: Zamazenta|88/100|[from] item: Leftovers
|-heal|p1a: Hatterene|91/100|[from] Grassy Terrain
|upkeep
|turn|7
|
|t:|1776215717
|switch|p2a: Volcanion|Volcanion|11/100
|move|p1a: Hatterene|Calm Mind|p1a: Hatterene
|-boost|p1a: Hatterene|spa|1
|-boost|p1a: Hatterene|spd|1
|
|-heal|p2a: Volcanion|16/100|[from] Grassy Terrain
|-heal|p1a: Hatterene|97/100|[from] Grassy Terrain
|upkeep
|turn|8
|
|t:|1776215724
|move|p2a: Volcanion|Sludge Bomb|p1a: Hatterene
|-supereffective|p1a: Hatterene
|-damage|p1a: Hatterene|62/100
|-status|p1a: Hatterene|psn
|move|p1a: Hatterene|Calm Mind|p1a: Hatterene
|-boost|p1a: Hatterene|spa|1
|-boost|p1a: Hatterene|spd|1
|
|-heal|p2a: Volcanion|22/100|[from] Grassy Terrain
|-heal|p1a: Hatterene|68/100 psn|[from] Grassy Terrain
|-damage|p1a: Hatterene|56/100 psn|[from] psn
|upkeep
|turn|9
|
|t:|1776215740
|move|p2a: Volcanion|Sludge Bomb|p1a: Hatterene
|-supereffective|p1a: Hatterene
|-damage|p1a: Hatterene|25/100 psn
|move|p1a: Hatterene|Draining Kiss|p2a: Volcanion
|-resisted|p2a: Volcanion
|-damage|p2a: Volcanion|0 fnt
|-heal|p1a: Hatterene|42/100 psn|[from] drain|[of] p2a: Volcanion
|faint|p2a: Volcanion
|
|-heal|p1a: Hatterene|48/100 psn|[from] Grassy Terrain
|-damage|p1a: Hatterene|35/100 psn|[from] psn
|-fieldend|move: Grassy Terrain
|upkeep
|
|t:|1776215744
|switch|p2a: Kingambit|Kingambit, F|100/100
|-activate|p2a: Kingambit|ability: Supreme Overlord
|-start|p2a: Kingambit|fallen1|[silent]
|turn|10
|
|t:|1776215762
|move|p2a: Kingambit|Kowtow Cleave|p1a: Hatterene
|-damage|p1a: Hatterene|0 fnt
|faint|p1a: Hatterene
|
|upkeep
|
|t:|1776215772
|switch|p1a: Glimmora|Glimmora, F|100/100
|turn|11
|
|t:|1776215775
|-end|p2a: Kingambit|fallen1|[silent]
|switch|p2a: Iron Treads|Iron Treads|100/100
|move|p1a: Glimmora|Stealth Rock|p2a: Iron Treads
|-sidestart|p2: zeep vs zoop|move: Stealth Rock
|
|upkeep
|turn|12
|j| akamaru
|
|t:|1776215780
|move|p2a: Iron Treads|Rapid Spin|p1a: Glimmora
|-resisted|p1a: Glimmora
|-damage|p1a: Glimmora|90/100
|-boost|p2a: Iron Treads|spe|1
|-activate|p1a: Glimmora|ability: Toxic Debris
|-sidestart|p2: zeep vs zoop|move: Toxic Spikes
|-sideend|p2: zeep vs zoop|Toxic Spikes|[from] move: Rapid Spin|[of] p2a: Iron Treads
|-sideend|p2: zeep vs zoop|Stealth Rock|[from] move: Rapid Spin|[of] p2a: Iron Treads
|move|p1a: Glimmora|Earth Power|p2a: Iron Treads
|-supereffective|p2a: Iron Treads
|-damage|p2a: Iron Treads|16/100
|
|-heal|p2a: Iron Treads|23/100|[from] item: Leftovers
|upkeep
|turn|13
|
|t:|1776215792
|switch|p1a: Ogerpon|Ogerpon-Wellspring-Tera, F, tera:Water|71/100
|-ability|p1a: Ogerpon|Embody Aspect (Wellspring)|boost
|-boost|p1a: Ogerpon|spd|1
|move|p2a: Iron Treads|Earthquake|p1a: Ogerpon
|-damage|p1a: Ogerpon|39/100
|
|-heal|p2a: Iron Treads|29/100|[from] item: Leftovers
|upkeep
|turn|14
|
|t:|1776215804
|move|p2a: Iron Treads|Stealth Rock|p1a: Ogerpon
|-sidestart|p1: jcdnb|move: Stealth Rock
|move|p1a: Ogerpon|Synthesis|p1a: Ogerpon
|-heal|p1a: Ogerpon|89/100
|
|-heal|p2a: Iron Treads|35/100|[from] item: Leftovers
|upkeep
|turn|15
|
|t:|1776215810
|move|p2a: Iron Treads|Earthquake|p1a: Ogerpon
|-damage|p1a: Ogerpon|55/100
|move|p1a: Ogerpon|Swords Dance|p1a: Ogerpon
|-boost|p1a: Ogerpon|atk|2
|
|-heal|p2a: Iron Treads|41/100|[from] item: Leftovers
|upkeep
|turn|16
|
|t:|1776215816
|move|p2a: Iron Treads|Earthquake|p1a: Ogerpon
|-damage|p1a: Ogerpon|21/100
|move|p1a: Ogerpon|Synthesis|p1a: Ogerpon
|-heal|p1a: Ogerpon|71/100
|
|-heal|p2a: Iron Treads|48/100|[from] item: Leftovers
|upkeep
|turn|17
|
|t:|1776215823
|move|p2a: Iron Treads|Earthquake|p1a: Ogerpon
|-damage|p1a: Ogerpon|34/100
|move|p1a: Ogerpon|Swords Dance|p1a: Ogerpon
|-boost|p1a: Ogerpon|atk|2
|
|-heal|p2a: Iron Treads|54/100|[from] item: Leftovers
|upkeep
|turn|18
|
|t:|1776215829
|move|p2a: Iron Treads|Earthquake|p1a: Ogerpon
|-damage|p1a: Ogerpon|0 fnt
|faint|p1a: Ogerpon
|detailschange|p1: Ogerpon|Ogerpon-Wellspring, F|[silent]
|
|-heal|p2a: Iron Treads|60/100|[from] item: Leftovers
|upkeep
|-message|jcdnb forfeited.
|
|win|zeep vs zoop
|raw|jcdnb's rating: 1796 &rarr; <strong>1775</strong><br />(-21 for losing)
|raw|zeep vs zoop's rating: 1779 &rarr; <strong>1800</strong><br />(+21 for winning)
|l|☆jcdnb
|player|p1|
