|html|<div class="broadcast-blue"><strong>[Gen 9] OU is currently suspecting Tera Blast! For information on how to participate check out the <a href="https://www.smogon.com/tools/suspects/view/200">suspect thread</a>.</strong></div>
|j|☆ar2carrasco
|j|☆absolsfists
|t:|1776060875
|gametype|singles
|player|p1|ar2carrasco|hugh|1103
|player|p2|absolsfists|169|1102
|gen|9
|tier|[Gen 9] OU
|rated|
|rule|HP Percentage Mod: HP is shown in percentages
|rule|Endless Battle Clause: Forcing endless battles is banned
|rule|Species Clause: Limit one of each Pokémon
|rule|OHKO Clause: OHKO moves are banned
|rule|Evasion Items Clause: Evasion items are banned
|rule|Evasion Moves Clause: Evasion moves are banned
|rule|Evasion Abilities Clause: Evasion abilities are banned
|rule|Sleep Moves Clause: Sleep-inducing moves are banned
|clearpoke
|poke|p1|Serperior, M|
|poke|p1|Corviknight, M|
|poke|p1|Pelipper, M|
|poke|p1|Overqwil, M|
|poke|p1|Gastrodon-East, M|
|poke|p1|Electivire, M|
|poke|p2|Slither Wing|
|poke|p2|Zamazenta-*|
|poke|p2|Ting-Lu|
|poke|p2|Alomomola, M|
|poke|p2|Iron Valiant|
|poke|p2|Corviknight, F|
|teampreview
|
|t:|1776060882
|teamsize|p1|6
|teamsize|p2|6
|start
|switch|p1a: Pelipper|Pelipper, M|100/100
|switch|p2a: Slither Wing|Slither Wing|100/100
|-weather|RainDance|[from] ability: Drizzle|[of] p1a: Pelipper
|-enditem|p2a: Slither Wing|Booster Energy
|-activate|p2a: Slither Wing|ability: Protosynthesis|[fromitem]
|-start|p2a: Slither Wing|protosynthesisatk
|turn|1
|j| Ome_34
|
|t:|1776060897
|move|p2a: Slither Wing|Wild Charge|p1a: Pelipper
|-supereffective|p1a: Pelipper
|-damage|p1a: Pelipper|0 fnt
|faint|p1a: Pelipper
|-damage|p2a: Slither Wing|75/100|[from] Recoil
|
|-weather|RainDance|[upkeep]
|upkeep
|
|t:|1776060907
|switch|p1a: Gastrodon|Gastrodon-East, M, shiny|100/100
|turn|2
|l| Ome_34
|
|t:|1776060949
|move|p2a: Slither Wing|U-turn|p1a: Gastrodon
|-damage|p1a: Gastrodon|50/100
|
|t:|1776060964
|-end|p2a: Slither Wing|Protosynthesis|[silent]
|switch|p2a: Zamazenta|Zamazenta|100/100|[from] U-turn
|-ability|p2a: Zamazenta|Dauntless Shield|boost
|-boost|p2a: Zamazenta|def|1
|move|p1a: Gastrodon|Muddy Water|p2a: Zamazenta
|-damage|p2a: Zamazenta|62/100
|-unboost|p2a: Zamazenta|accuracy|1
|
|-weather|RainDance|[upkeep]
|-heal|p2a: Zamazenta|69/100|[from] item: Leftovers
|-heal|p1a: Gastrodon|56/100|[from] item: Leftovers
|upkeep
|turn|3
|
|t:|1776060981
|move|p2a: Zamazenta|Crunch|p1a: Gastrodon
|-damage|p1a: Gastrodon|26/100
|-unboost|p1a: Gastrodon|def|1
|move|p1a: Gastrodon|Sludge Bomb|p2a: Zamazenta
|-damage|p2a: Zamazenta|51/100
|
|-weather|RainDance|[upkeep]
|-heal|p2a: Zamazenta|57/100|[from] item: Leftovers
|-heal|p1a: Gastrodon|32/100|[from] item: Leftovers
|upkeep
|turn|4
|
|t:|1776060992
|move|p2a: Zamazenta|Crunch|p1a: Gastrodon|[miss]
|-miss|p2a: Zamazenta|p1a: Gastrodon
|move|p1a: Gastrodon|Sludge Bomb|p2a: Zamazenta
|-damage|p2a: Zamazenta|38/100
|-status|p2a: Zamazenta|psn
|
|-weather|RainDance|[upkeep]
|-heal|p2a: Zamazenta|44/100 psn|[from] item: Leftovers
|-heal|p1a: Gastrodon|38/100|[from] item: Leftovers
|-damage|p2a: Zamazenta|32/100 psn|[from] psn
|upkeep
|turn|5
|
|t:|1776061005
|switch|p1a: Overqwil|Overqwil, M|100/100
|move|p2a: Zamazenta|Crunch|p1a: Overqwil
|-resisted|p1a: Overqwil
|-damage|p1a: Overqwil|87/100
|
|-weather|RainDance|[upkeep]
|-heal|p2a: Zamazenta|38/100 psn|[from] item: Leftovers
|-damage|p2a: Zamazenta|26/100 psn|[from] psn
|upkeep
|turn|6
|
|t:|1776061020
|move|p1a: Overqwil|Barb Barrage|p2a: Zamazenta
|-damage|p2a: Zamazenta|0 fnt
|faint|p2a: Zamazenta
|
|-weather|RainDance|[upkeep]
|upkeep
|
|t:|1776061031
|switch|p2a: Alomomola|Alomomola, M|100/100
|turn|7
|
|t:|1776061037
|move|p1a: Overqwil|Toxic|p2a: Alomomola
|-status|p2a: Alomomola|tox
|move|p2a: Alomomola|Wish|p2a: Alomomola
|
|-weather|RainDance|[upkeep]
|-damage|p2a: Alomomola|94/100 tox|[from] psn
|upkeep
|turn|8
|
|t:|1776061047
|move|p1a: Overqwil|Barb Barrage|p2a: Alomomola
|-damage|p2a: Alomomola|58/100 tox
|move|p2a: Alomomola|Scald|p1a: Overqwil
|-damage|p1a: Overqwil|54/100
|
|-weather|none
|-heal|p2a: Alomomola|100/100 tox|[from] move: Wish|[wisher] Alomomola
|-damage|p2a: Alomomola|88/100 tox|[from] psn
|upkeep
|turn|9
|
|t:|1776061069
|switch|p1a: Gastrodon|Gastrodon-East, M, shiny|38/100
|move|p2a: Alomomola|Flip Turn|p1a: Gastrodon
|-ability|p1a: Gastrodon|Storm Drain|boost
|-boost|p1a: Gastrodon|spa|1
|
|-heal|p1a: Gastrodon|44/100|[from] item: Leftovers
|-damage|p2a: Alomomola|70/100 tox|[from] psn
|upkeep
|turn|10
|
|t:|1776061085
|switch|p2a: Ting-Lu|Ting-Lu|100/100
|-ability|p2a: Ting-Lu|Vessel of Ruin
|move|p1a: Gastrodon|Muddy Water|p2a: Ting-Lu
|-supereffective|p2a: Ting-Lu
|-damage|p2a: Ting-Lu|56/100
|-unboost|p2a: Ting-Lu|accuracy|1
|
|-heal|p2a: Ting-Lu|62/100|[from] item: Leftovers
|-heal|p1a: Gastrodon|50/100|[from] item: Leftovers
|upkeep
|turn|11
|inactive|Battle timer is ON: inactive players will automatically lose when time's up. (requested by absolsfists)
|
|t:|1776061099
|move|p1a: Gastrodon|Muddy Water|p2a: Ting-Lu
|-supereffective|p2a: Ting-Lu
|-damage|p2a: Ting-Lu|16/100
|-unboost|p2a: Ting-Lu|accuracy|1
|move|p2a: Ting-Lu|Whirlwind|p1a: Gastrodon
|drag|p1a: Electivire|Electivire, M, shiny|100/100
|
|-heal|p2a: Ting-Lu|22/100|[from] item: Leftovers
|upkeep
|turn|12
|
|t:|1776061114
|switch|p2a: Corviknight|Corviknight, F|100/100
|move|p1a: Electivire|Ice Punch|p2a: Corviknight
|-damage|p2a: Corviknight|72/100
|-status|p2a: Corviknight|frz
|-damage|p1a: Electivire|84/100|[from] item: Rocky Helmet|[of] p2a: Corviknight
|
|upkeep
|turn|13
|
|t:|1776061130
|switch|p1a: Gastrodon|Gastrodon-East, M, shiny|50/100
|-curestatus|p2a: Corviknight|frz|[msg]
|move|p2a: Corviknight|Roost|p2a: Corviknight
|-heal|p2a: Corviknight|100/100
|-singleturn|p2a: Corviknight|move: Roost
|
|-heal|p1a: Gastrodon|56/100|[from] item: Leftovers
|upkeep
|turn|14
|
|t:|1776061142
|move|p2a: Corviknight|Brave Bird|p1a: Gastrodon
|-damage|p1a: Gastrodon|1/100
|-damage|p2a: Corviknight|77/100|[from] Recoil
|move|p1a: Gastrodon|Muddy Water|p2a: Corviknight
|-damage|p2a: Corviknight|46/100
|
|-heal|p1a: Gastrodon|7/100|[from] item: Leftovers
|upkeep
|turn|15
|
|t:|1776061158
|switch|p1a: Electivire|Electivire, M, shiny|84/100
|move|p2a: Corviknight|Roost|p2a: Corviknight
|-heal|p2a: Corviknight|96/100
|-singleturn|p2a: Corviknight|move: Roost
|
|upkeep
|turn|16
|
|t:|1776061167
|move|p1a: Electivire|Supercell Slam|p2a: Corviknight
|-supereffective|p2a: Corviknight
|-crit|p2a: Corviknight
|-damage|p2a: Corviknight|0 fnt
|-damage|p1a: Electivire|68/100|[from] item: Rocky Helmet|[of] p2a: Corviknight
|faint|p2a: Corviknight
|
|upkeep
|
|t:|1776061174
|switch|p2a: Alomomola|Alomomola, M|100/100 tox
|turn|17
|
|t:|1776061178
|switch|p2a: Ting-Lu|Ting-Lu|22/100
|-ability|p2a: Ting-Lu|Vessel of Ruin
|move|p1a: Electivire|Supercell Slam|p2a: Ting-Lu
|-immune|p2a: Ting-Lu
|-damage|p1a: Electivire|18/100|[from] supercellslam
|
|-heal|p2a: Ting-Lu|28/100|[from] item: Leftovers
|upkeep
|turn|18
|
|t:|1776061190
|switch|p1a: Corviknight|Corviknight, M|100/100
|-ability|p1a: Corviknight|Pressure
|move|p2a: Ting-Lu|Earthquake|p1a: Corviknight
|-immune|p1a: Corviknight
|
|-heal|p2a: Ting-Lu|34/100|[from] item: Leftovers
|upkeep
|turn|19
|
|t:|1776061204
|move|p1a: Corviknight|Brave Bird|p2a: Ting-Lu
|-damage|p2a: Ting-Lu|17/100
|-damage|p1a: Corviknight|93/100|[from] Recoil
|move|p2a: Ting-Lu|Stealth Rock|p1a: Corviknight
|-sidestart|p1: ar2carrasco|move: Stealth Rock
|
|-heal|p2a: Ting-Lu|23/100|[from] item: Leftovers
|upkeep
|turn|20
|
|t:|1776061214
|move|p1a: Corviknight|Iron Defense|p1a: Corviknight
|-boost|p1a: Corviknight|def|2
|move|p2a: Ting-Lu|Ruination|p1a: Corviknight
|-damage|p1a: Corviknight|47/100
|
|-heal|p2a: Ting-Lu|29/100|[from] item: Leftovers
|upkeep
|turn|21
|
|t:|1776061222
|move|p1a: Corviknight|Body Press|p2a: Ting-Lu
|-supereffective|p2a: Ting-Lu
|-damage|p2a: Ting-Lu|0 fnt
|faint|p2a: Ting-Lu
|
|upkeep
|
|t:|1776061227
|switch|p2a: Iron Valiant|Iron Valiant|100/100
|turn|22
|
|t:|1776061235
|move|p2a: Iron Valiant|Aura Sphere|p1a: Corviknight
|-damage|p1a: Corviknight|0 fnt
|faint|p1a: Corviknight
|-damage|p2a: Iron Valiant|90/100|[from] item: Life Orb
|
|upkeep
|
|t:|1776061247
|switch|p1a: Overqwil|Overqwil, M|54/100
|-damage|p1a: Overqwil|41/100|[from] Stealth Rock
|turn|23
|
|t:|1776061253
|move|p2a: Iron Valiant|Aura Sphere|p1a: Overqwil
|-damage|p1a: Overqwil|0 fnt
|faint|p1a: Overqwil
|-damage|p2a: Iron Valiant|80/100|[from] item: Life Orb
|
|upkeep
|
|t:|1776061263
|switch|p1a: Serperior|Serperior, M, shiny|100/100
|-damage|p1a: Serperior|88/100|[from] Stealth Rock
|turn|24
|
|t:|1776061284
|-end|p2a: Iron Valiant|Quark Drive|[silent]
|switch|p2a: Slither Wing|Slither Wing|75/100
|-terastallize|p1a: Serperior|Ground
|move|p1a: Serperior|Tera Blast|p2a: Slither Wing|[anim] Tera Blast Ground
|-resisted|p2a: Slither Wing
|-damage|p2a: Slither Wing|60/100
|
|-heal|p1a: Serperior|94/100|[from] item: Leftovers
|upkeep
|turn|25
|inactive|absolsfists has 120 seconds left.
|
|t:|1776061311
|move|p2a: Slither Wing|First Impression|p1a: Serperior
|-damage|p1a: Serperior|37/100
|move|p1a: Serperior|Leaf Storm|p2a: Slither Wing
|-resisted|p2a: Slither Wing
|-damage|p2a: Slither Wing|35/100
|-boost|p1a: Serperior|spa|2
|
|-heal|p1a: Serperior|43/100|[from] item: Leftovers
|upkeep
|turn|26
|inactive|absolsfists has 120 seconds left.
|
|t:|1776061334
|-terastallize|p2a: Slither Wing|Fire
|move|p1a: Serperior|Dragon Pulse|p2a: Slither Wing
|-damage|p2a: Slither Wing|0 fnt
|faint|p2a: Slither Wing
|-end|p2a: Slither Wing|Protosynthesis|[silent]
|
|-heal|p1a: Serperior|50/100|[from] item: Leftovers
|upkeep
|
|t:|1776061345
|switch|p2a: Iron Valiant|Iron Valiant|80/100
|turn|27
|
|t:|1776061355
|move|p2a: Iron Valiant|Moonblast|p1a: Serperior
|-damage|p1a: Serperior|0 fnt
|faint|p1a: Serperior
|-damage|p2a: Iron Valiant|70/100|[from] item: Life Orb
|
|upkeep
|
|t:|1776061361
|switch|p1a: Gastrodon|Gastrodon-East, M, shiny|7/100
|-damage|p1a: Gastrodon|1/100|[from] Stealth Rock
|turn|28
|
|t:|1776061366
|move|p2a: Iron Valiant|Moonblast|p1a: Gastrodon
|-damage|p1a: Gastrodon|0 fnt
|faint|p1a: Gastrodon
|-damage|p2a: Iron Valiant|60/100|[from] item: Life Orb
|
|upkeep
|
|t:|1776061373
|switch|p1a: Electivire|Electivire, M, shiny|18/100
|-damage|p1a: Electivire|5/100|[from] Stealth Rock
|turn|29
|inactive|absolsfists has 120 seconds left.
|
|t:|1776061391
|move|p2a: Iron Valiant|Aura Sphere|p1a: Electivire
|-damage|p1a: Electivire|0 fnt
|faint|p1a: Electivire
|-damage|p2a: Iron Valiant|50/100|[from] item: Life Orb
|
|win|absolsfists
|raw|ar2carrasco's rating: 1103 &rarr; <strong>1078</strong><br />(-25 for losing)
|raw|absolsfists's rating: 1102 &rarr; <strong>1127</strong><br />(+25 for winning)
|l|☆absolsfists
|player|p2|
|l|☆ar2carrasco
|player|p1|
