|j|☆encore21768768
|j|☆Abyssal Bot
|t:|1776104278
|gametype|singles
|player|p1|encore21768768|265|
|player|p2|Abyssal Bot|supernerd|
|teamsize|p1|6
|teamsize|p2|6
|gen|9
|tier|[Gen 9] OU
|rule|Species Clause: Limit one of each Pokémon
|rule|OHKO Clause: OHKO moves are banned
|rule|Evasion Items Clause: Evasion items are banned
|rule|Evasion Moves Clause: Evasion moves are banned
|rule|Endless Battle Clause: Forcing endless battles is banned
|rule|HP Percentage Mod: HP is shown in percentages
|rule|Sleep Moves Clause: Sleep-inducing moves are banned
|clearpoke
|poke|p1|Bombirdier, M|
|poke|p1|Toedscruel, M|
|poke|p1|Appletun, F|
|poke|p1|Morpeko, M|
|poke|p1|Dondozo, F|
|poke|p1|Dragonite, F|
|poke|p2|Gholdengo|
|poke|p2|Ting-Lu|
|poke|p2|Deoxys-Speed|
|poke|p2|Garganacl, M|
|poke|p2|Ogerpon, F|
|poke|p2|Gliscor, F|
|teampreview
|c|☆Abyssal Bot|Good Luck and Have Fun my Friend!
|inactive|Battle timer is ON: inactive players will automatically lose when time's up. (requested by Abyssal Bot)
|j|*Turbo Bottttt
|
|t:|1776104280
|start
|switch|p1a: Bombirdier|Bombirdier, M|100/100
|switch|p2a: Deoxys|Deoxys-Speed|100/100
|-ability|p2a: Deoxys|Pressure
|turn|1
|
|t:|1776104282
|move|p2a: Deoxys|Ice Beam|p1a: Bombirdier
|-supereffective|p1a: Bombirdier
|-damage|p1a: Bombirdier|30/100
|move|p1a: Bombirdier|Brave Bird|p2a: Deoxys
|-damage|p2a: Deoxys|0
|faint|p2a: Deoxys
|-damage|p1a: Bombirdier|2/100|[from] Recoil
|-damage|p1a: Bombirdier|0|[from] item: Life Orb
|faint|p1a: Bombirdier
|
|upkeep
|
|t:|1776104286
|switch|p2a: Ting-Lu|Ting-Lu|100/100
|switch|p1a: Toedscruel|Toedscruel, M|100/100
|-ability|p2a: Ting-Lu|Vessel of Ruin
|turn|2
|
|t:|1776104288
|switch|p2a: Ogerpon|Ogerpon, F|100/100
|move|p1a: Toedscruel|Trick Room|p1a: Toedscruel
|-fieldstart|move: Trick Room|[of] p1a: Toedscruel
|
|upkeep
|turn|3
|
|t:|1776104297
|switch|p1a: Appletun|Appletun, F|100/100
|move|p2a: Ogerpon|Encore||[still]
|-fail|p2a: Ogerpon
|
|upkeep
|turn|4
|
|t:|1776104300
|move|p1a: Appletun|Iron Defense|p1a: Appletun
|-boost|p1a: Appletun|def|2
|move|p2a: Ogerpon|U-turn|p1a: Appletun
|-supereffective|p1a: Appletun
|-damage|p1a: Appletun|85/100
|
|t:|1776104300
|switch|p2a: Gholdengo|Gholdengo|100/100|[from] U-turn
|
|upkeep
|turn|5
|
|t:|1776104304
|move|p1a: Appletun|Apple Acid|p2a: Gholdengo
|-resisted|p2a: Gholdengo
|-damage|p2a: Gholdengo|87/100
|-unboost|p2a: Gholdengo|spd|1
|move|p2a: Gholdengo|Focus Blast|p1a: Appletun|[miss]
|-miss|p2a: Gholdengo|p1a: Appletun
|
|upkeep
|turn|6
|c|☆Abyssal Bot|Uh Gholdengo, you're as blind as Deino...
|
|t:|1776104307
|move|p1a: Appletun|Apple Acid|p2a: Gholdengo
|-resisted|p2a: Gholdengo
|-damage|p2a: Gholdengo|67/100
|-unboost|p2a: Gholdengo|spd|1
|move|p2a: Gholdengo|Hex|p1a: Appletun
|-damage|p1a: Appletun|57/100
|
|-fieldend|move: Trick Room
|upkeep
|turn|7
|
|t:|1776104314
|move|p2a: Gholdengo|Recover|p2a: Gholdengo
|-heal|p2a: Gholdengo|100/100
|move|p1a: Appletun|Dragon Pulse|p2a: Gholdengo
|-resisted|p2a: Gholdengo
|-damage|p2a: Gholdengo|71/100
|
|upkeep
|turn|8
|
|t:|1776104316
|move|p2a: Gholdengo|Hex|p1a: Appletun
|-damage|p1a: Appletun|30/100
|move|p1a: Appletun|Apple Acid|p2a: Gholdengo
|-resisted|p2a: Gholdengo
|-damage|p2a: Gholdengo|43/100
|-unboost|p2a: Gholdengo|spd|1
|
|upkeep
|turn|9
|
|t:|1776104319
|move|p2a: Gholdengo|Focus Blast|p1a: Appletun
|-damage|p1a: Appletun|0
|faint|p1a: Appletun
|
|upkeep
|
|t:|1776104327
|switch|p1a: Morpeko|Morpeko, M|100/100
|turn|10
|
|t:|1776104330
|move|p1a: Morpeko|Aura Wheel|p2a: Gholdengo
|-damage|p2a: Gholdengo|1/100
|-boost|p1a: Morpeko|spe|1
|-damage|p1a: Morpeko|91/100|[from] item: Life Orb
|move|p2a: Gholdengo|Focus Blast|p1a: Morpeko
|-supereffective|p1a: Morpeko
|-damage|p1a: Morpeko|0
|faint|p1a: Morpeko
|
|upkeep
|
|t:|1776104339
|switch|p1a: Toedscruel|Toedscruel, M|100/100
|turn|11
|
|t:|1776104340
|switch|p2a: Ogerpon|Ogerpon, F|100/100
|move|p1a: Toedscruel|Trick Room|p1a: Toedscruel
|-fieldstart|move: Trick Room|[of] p1a: Toedscruel
|
|upkeep
|turn|12
|
|t:|1776104345
|move|p2a: Ogerpon|Ivy Cudgel|p1a: Toedscruel
|-damage|p1a: Toedscruel|41/100
|move|p1a: Toedscruel|Trick Room|p1a: Toedscruel
|-fieldend|move: Trick Room
|
|upkeep
|turn|13
|
|t:|1776104348
|move|p2a: Ogerpon|U-turn|p1a: Toedscruel
|-supereffective|p1a: Toedscruel
|-damage|p1a: Toedscruel|0
|faint|p1a: Toedscruel
|
|t:|1776104348
|switch|p2a: Gholdengo|Gholdengo|1/100|[from] U-turn
|
|upkeep
|
|t:|1776104358
|switch|p1a: Dragonite|Dragonite, F|100/100
|turn|14
|
|t:|1776104359
|move|p1a: Dragonite|Fire Punch|p2a: Gholdengo
|-supereffective|p2a: Gholdengo
|-damage|p2a: Gholdengo|0
|faint|p2a: Gholdengo
|
|upkeep
|
|t:|1776104359
|switch|p2a: Garganacl|Garganacl, M|100/100
|turn|15
|
|t:|1776104364
|move|p1a: Dragonite|Dragon Dance|p1a: Dragonite
|-boost|p1a: Dragonite|atk|1
|-boost|p1a: Dragonite|spe|1
|move|p2a: Garganacl|Stealth Rock|p1a: Dragonite
|-sidestart|p1: encore21768768|move: Stealth Rock
|
|upkeep
|turn|16
|
|t:|1776104366
|move|p2a: Garganacl|Protect|p2a: Garganacl
|-singleturn|p2a: Garganacl|Protect
|move|p1a: Dragonite|Encore|p2a: Garganacl
|-activate|p2a: Garganacl|move: Protect
|
|upkeep
|turn|17
|
|t:|1776104368
|move|p1a: Dragonite|Encore|p2a: Garganacl
|-start|p2a: Garganacl|Encore
|move|p2a: Garganacl|Protect||[still]
|-fail|p2a: Garganacl
|
|upkeep
|turn|18
|
|t:|1776104370
|switch|p2a: Gliscor|Gliscor, F|100/100
|move|p1a: Dragonite|Dragon Dance|p1a: Dragonite
|-boost|p1a: Dragonite|atk|1
|-boost|p1a: Dragonite|spe|1
|
|-status|p2a: Gliscor|tox|[from] item: Toxic Orb
|upkeep
|turn|19
|
|t:|1776104373
|switch|p2a: Garganacl|Garganacl, M|100/100
|move|p1a: Dragonite|Dragon Dance|p1a: Dragonite
|-boost|p1a: Dragonite|atk|1
|-boost|p1a: Dragonite|spe|1
|
|upkeep
|turn|20
|
|t:|1776104376
|move|p1a: Dragonite|Scale Shot|p2a: Garganacl
|-damage|p2a: Garganacl|81/100
|-damage|p2a: Garganacl|62/100
|-damage|p2a: Garganacl|42/100
|-damage|p2a: Garganacl|22/100
|-damage|p2a: Garganacl|2/100
|-hitcount|p2a: Garganacl|5
|-unboost|p1a: Dragonite|def|1
|-boost|p1a: Dragonite|spe|1
|move|p2a: Garganacl|Salt Cure|p1a: Dragonite
|-supereffective|p1a: Dragonite
|-damage|p1a: Dragonite|78/100
|-start|p1a: Dragonite|Salt Cure
|
|-heal|p2a: Garganacl|8/100|[from] item: Leftovers
|-damage|p1a: Dragonite|66/100|[from] Salt Cure|[of] p2a: Garganacl
|upkeep
|turn|21
|
|t:|1776104382
|move|p1a: Dragonite|Scale Shot|p2a: Garganacl
|-damage|p2a: Garganacl|0
|faint|p2a: Garganacl
|-hitcount|p2: Garganacl|1
|-unboost|p1a: Dragonite|def|1
|-boost|p1a: Dragonite|spe|1
|
|-damage|p1a: Dragonite|53/100|[from] Salt Cure|[of] p2: Garganacl
|upkeep
|
|t:|1776104382
|switch|p2a: Gliscor|Gliscor, F|100/100 tox
|turn|22
|
|t:|1776104384
|move|p1a: Dragonite|Scale Shot|p2a: Gliscor
|-damage|p2a: Gliscor|72/100 tox
|-damage|p2a: Gliscor|43/100 tox
|-damage|p2a: Gliscor|14/100 tox
|-damage|p2a: Gliscor|0 tox
|faint|p2a: Gliscor
|-hitcount|p2: Gliscor|4
|-unboost|p1a: Dragonite|def|1
|-boost|p1a: Dragonite|spe|1
|
|-damage|p1a: Dragonite|41/100|[from] Salt Cure|[of] p2: Garganacl
|upkeep
|
|t:|1776104384
|switch|p2a: Ogerpon|Ogerpon, F|100/100
|turn|23
|
|t:|1776104391
|move|p1a: Dragonite|Fire Punch|p2a: Ogerpon
|-supereffective|p2a: Ogerpon
|-damage|p2a: Ogerpon|0
|faint|p2a: Ogerpon
|
|-damage|p1a: Dragonite|29/100|[from] Salt Cure|[of] p2: Garganacl
|upkeep
|
|t:|1776104391
|switch|p2a: Ting-Lu|Ting-Lu|100/100
|-ability|p2a: Ting-Lu|Vessel of Ruin
|turn|24
|
|t:|1776104393
|move|p1a: Dragonite|Scale Shot|p2a: Ting-Lu
|-damage|p2a: Ting-Lu|82/100
|-crit|p2a: Ting-Lu
|-damage|p2a: Ting-Lu|53/100
|-damage|p2a: Ting-Lu|34/100
|-damage|p2a: Ting-Lu|14/100
|-damage|p2a: Ting-Lu|0
|faint|p2a: Ting-Lu
|-hitcount|p2: Ting-Lu|5
|
|win|encore21768768
|c|☆Abyssal Bot|I should be the one who gets hax ;-;
|c|☆Abyssal Bot|This loss doesn't matter, because I'm just a bot.
|l|☆Abyssal Bot
|player|p2|
|l|*Turbo Bottttt
