|html|<div class="broadcast-blue"><strong>[Gen 9] OU is currently suspecting Tera Blast! For information on how to participate check out the <a href="https://www.smogon.com/tools/suspects/view/200">suspect thread</a>.</strong></div>
|j|‽gdog6969
|j|☆ufayy
|t:|1776068535
|gametype|singles
|player|p1|gdog6969|169|1138
|player|p2|ufayy|1|1100
|gen|9
|tier|[Gen 9] OU
|rated|
|rule|HP Percentage Mod: HP is shown in percentages
|rule|Endless Battle Clause: Forcing endless battles is banned
|rule|Species Clause: Limit one of each Pokémon
|rule|OHKO Clause: OHKO moves are banned
|rule|Evasion Items Clause: Evasion items are banned
|rule|Evasion Moves Clause: Evasion moves are banned
|rule|Evasion Abilities Clause: Evasion abilities are banned
|rule|Sleep Moves Clause: Sleep-inducing moves are banned
|clearpoke
|poke|p1|Smeargle, M|
|poke|p1|Cinderace, M|
|poke|p1|Serperior, F|
|poke|p1|Ogerpon, F|
|poke|p1|Rillaboom, F|
|poke|p1|Kingambit, M|
|poke|p2|Brute Bonnet|
|poke|p2|Ceruledge, M|
|poke|p2|Gliscor, F|
|poke|p2|Hatterene, F|
|poke|p2|Rotom-Wash|
|poke|p2|Slither Wing|
|teampreview
|
|t:|1776068539
|teamsize|p1|6
|teamsize|p2|6
|start
|switch|p1a: Smeargle|Smeargle, M|100/100
|switch|p2a: Hatterene|Hatterene, F|100/100
|turn|1
|
|t:|1776068545
|move|p1a: Smeargle|Sticky Web|p2a: Hatterene
|move|p2a: Hatterene|Sticky Web|p1a: Smeargle|[from] ability: Magic Bounce
|-sidestart|p1: gdog6969|move: Sticky Web
|move|p2a: Hatterene|Thunder Wave|p1a: Smeargle
|-status|p1a: Smeargle|par
|
|upkeep
|turn|2
|
|t:|1776068578
|move|p1a: Smeargle|Nuzzle|p2a: Hatterene
|-damage|p2a: Hatterene|99/100
|-status|p2a: Hatterene|par
|move|p2a: Hatterene|Psychic Noise|p1a: Smeargle
|-damage|p1a: Smeargle|31/100 par
|-start|p1a: Smeargle|move: Heal Block
|
|upkeep
|turn|3
|
|t:|1776068586
|switch|p1a: Rillaboom|Rillaboom, F|100/100
|-activate|p1a: Rillaboom|move: Sticky Web
|-unboost|p1a: Rillaboom|spe|1
|-fieldstart|move: Grassy Terrain|[from] ability: Grassy Surge|[of] p1a: Rillaboom
|move|p2a: Hatterene|Psychic Noise|p1a: Rillaboom
|-damage|p1a: Rillaboom|54/100
|-start|p1a: Rillaboom|move: Heal Block
|
|-heal|p2a: Hatterene|100/100 par|[from] Grassy Terrain
|upkeep
|turn|4
|
|t:|1776068599
|move|p1a: Rillaboom|Knock Off|p2a: Hatterene
|-damage|p2a: Hatterene|61/100 par
|-enditem|p2a: Hatterene|Mental Herb|[from] move: Knock Off|[of] p1a: Rillaboom
|move|p2a: Hatterene|Thunder Wave|p1a: Rillaboom
|-status|p1a: Rillaboom|par
|
|-heal|p2a: Hatterene|67/100 par|[from] Grassy Terrain
|-end|p1a: Rillaboom|move: Heal Block
|upkeep
|turn|5
|
|t:|1776068609
|move|p1a: Rillaboom|U-turn|p2a: Hatterene
|-damage|p2a: Hatterene|41/100 par
|
|t:|1776068611
|switch|p1a: Serperior|Serperior, F|100/100|[from] U-turn
|-activate|p1a: Serperior|move: Sticky Web
|-boost|p1a: Serperior|spe|1
|move|p2a: Hatterene|Psychic Noise|p1a: Serperior
|-damage|p1a: Serperior|55/100
|-start|p1a: Serperior|move: Heal Block
|
|-heal|p2a: Hatterene|47/100 par|[from] Grassy Terrain
|upkeep
|turn|6
|
|t:|1776068628
|move|p1a: Serperior|Leaf Storm|p2a: Hatterene
|-damage|p2a: Hatterene|0 fnt
|-boost|p1a: Serperior|spa|2
|faint|p2a: Hatterene
|
|-end|p1a: Serperior|move: Heal Block
|upkeep
|
|t:|1776068643
|switch|p2a: Ceruledge|Ceruledge, M|100/100
|turn|7
|
|t:|1776068646
|-terastallize|p1a: Serperior|Fire
|-terastallize|p2a: Ceruledge|Fire
|move|p1a: Serperior|Leaf Storm|p2a: Ceruledge
|-resisted|p2a: Ceruledge
|-damage|p2a: Ceruledge|24/100
|-boost|p1a: Serperior|spa|2
|move|p2a: Ceruledge|Bitter Blade|p1a: Serperior
|-resisted|p1a: Serperior
|-damage|p1a: Serperior|0 fnt
|-heal|p2a: Ceruledge|52/100|[from] drain|[of] p1a: Serperior
|faint|p1a: Serperior
|
|-heal|p2a: Ceruledge|58/100|[from] Grassy Terrain
|upkeep
|
|t:|1776068660
|switch|p1a: Ogerpon|Ogerpon, F|100/100
|-activate|p1a: Ogerpon|move: Sticky Web
|-unboost|p1a: Ogerpon|spe|1
|-ability|p1a: Ogerpon|Defiant|boost
|-boost|p1a: Ogerpon|atk|2
|-enditem|p1a: Ogerpon|White Herb
|-clearnegativeboost|p1a: Ogerpon|[silent]
|turn|8
|
|t:|1776068677
|switch|p2a: Brute Bonnet|Brute Bonnet|100/100
|-enditem|p2a: Brute Bonnet|Booster Energy
|-activate|p2a: Brute Bonnet|ability: Protosynthesis|[fromitem]
|-start|p2a: Brute Bonnet|protosynthesisatk
|move|p1a: Ogerpon|Knock Off|p2a: Brute Bonnet
|-resisted|p2a: Brute Bonnet
|-damage|p2a: Brute Bonnet|83/100
|
|-heal|p2a: Brute Bonnet|89/100|[from] Grassy Terrain
|upkeep
|turn|9
|
|t:|1776068689
|move|p1a: Ogerpon|Ivy Cudgel|p2a: Brute Bonnet
|-resisted|p2a: Brute Bonnet
|-damage|p2a: Brute Bonnet|41/100
|move|p2a: Brute Bonnet|Crunch|p1a: Ogerpon
|-damage|p1a: Ogerpon|29/100
|
|-heal|p1a: Ogerpon|35/100|[from] Grassy Terrain
|-heal|p2a: Brute Bonnet|47/100|[from] Grassy Terrain
|upkeep
|turn|10
|
|t:|1776068701
|move|p2a: Brute Bonnet|Protect|p2a: Brute Bonnet
|-singleturn|p2a: Brute Bonnet|Protect
|move|p1a: Ogerpon|Ivy Cudgel|p2a: Brute Bonnet
|-activate|p2a: Brute Bonnet|move: Protect
|
|-heal|p1a: Ogerpon|41/100|[from] Grassy Terrain
|-heal|p2a: Brute Bonnet|54/100|[from] Grassy Terrain
|-fieldend|move: Grassy Terrain
|upkeep
|turn|11
|-message|gdog6969 forfeited.
|
|win|ufayy
|raw|gdog6969's rating: 1138 &rarr; <strong>1110</strong><br />(-28 for losing)
|raw|ufayy's rating: 1100 &rarr; <strong>1128</strong><br />(+28 for winning)
|l|‽gdog6969
|player|p1|
|l|☆ufayy
|player|p2|
