|html|<div class="broadcast-blue"><strong>[Gen 9] OU is currently suspecting Tera Blast! For information on how to participate check out the <a href="https://www.smogon.com/tools/suspects/view/200">suspect thread</a>.</strong></div>
|j|☆testingolem
|j|☆blowntopia
|t:|1776096489
|gametype|singles
|player|p1|testingolem|hiker-gen4|1543
|player|p2|blowntopia|265|1607
|gen|9
|tier|[Gen 9] OU
|rated|
|rule|HP Percentage Mod: HP is shown in percentages
|rule|Endless Battle Clause: Forcing endless battles is banned
|rule|Species Clause: Limit one of each Pokémon
|rule|OHKO Clause: OHKO moves are banned
|rule|Evasion Items Clause: Evasion items are banned
|rule|Evasion Moves Clause: Evasion moves are banned
|rule|Evasion Abilities Clause: Evasion abilities are banned
|rule|Sleep Moves Clause: Sleep-inducing moves are banned
|clearpoke
|poke|p1|Kingambit, M|
|poke|p1|Deoxys-Speed|
|poke|p1|Great Tusk|
|poke|p1|Primarina, F|
|poke|p1|Raging Bolt|
|poke|p1|Smeargle, F|
|poke|p2|Pelipper, F|
|poke|p2|Manaphy|
|poke|p2|Bruxish, F|
|poke|p2|Overqwil, F|
|poke|p2|Iron Treads|
|poke|p2|Raging Bolt|
|teampreview
|
|t:|1776096521
|teamsize|p1|6
|teamsize|p2|6
|start
|switch|p1a: Deoxys|Deoxys-Speed|100/100
|switch|p2a: Iron Treads|Iron Treads|100/100
|-ability|p1a: Deoxys|Pressure
|-enditem|p2a: Iron Treads|Booster Energy
|-activate|p2a: Iron Treads|ability: Quark Drive|[fromitem]
|-start|p2a: Iron Treads|quarkdrivespe
|turn|1
|
|t:|1776096524
|-terastallize|p1a: Deoxys|Fighting
|move|p1a: Deoxys|Superpower|p2a: Iron Treads
|-supereffective|p2a: Iron Treads
|-damage|p2a: Iron Treads|21/100
|-unboost|p1a: Deoxys|atk|1
|-unboost|p1a: Deoxys|def|1
|-damage|p1a: Deoxys|91/100|[from] item: Life Orb
|move|p2a: Iron Treads|Knock Off|p1a: Deoxys
|-resisted|p1a: Deoxys
|-damage|p1a: Deoxys|61/100
|-enditem|p1a: Deoxys|Life Orb|[from] move: Knock Off|[of] p2a: Iron Treads
|
|upkeep
|turn|2
|
|t:|1776096542
|-end|p2a: Iron Treads|Quark Drive|[silent]
|switch|p2a: Pelipper|Pelipper, F|100/100
|-weather|RainDance|[from] ability: Drizzle|[of] p2a: Pelipper
|move|p1a: Deoxys|Psycho Boost|p2a: Pelipper
|-damage|p2a: Pelipper|15/100
|-unboost|p1a: Deoxys|spa|2
|
|-weather|RainDance|[upkeep]
|upkeep
|turn|3
|
|t:|1776096553
|switch|p2a: Manaphy|Manaphy|100/100
|move|p1a: Deoxys|Knock Off|p2a: Manaphy
|-damage|p2a: Manaphy|87/100
|-enditem|p2a: Manaphy|Mystic Water|[from] move: Knock Off|[of] p1a: Deoxys
|
|-weather|RainDance|[upkeep]
|upkeep
|turn|4
|
|t:|1776096559
|switch|p1a: Primarina|Primarina, F|100/100
|move|p2a: Manaphy|Tail Glow|p2a: Manaphy
|-boost|p2a: Manaphy|spa|3
|
|-weather|RainDance|[upkeep]
|upkeep
|turn|5
|
|t:|1776096565
|-terastallize|p2a: Manaphy|Grass
|move|p2a: Manaphy|Energy Ball|p1a: Primarina
|-supereffective|p1a: Primarina
|-damage|p1a: Primarina|0 fnt
|faint|p1a: Primarina
|
|-weather|RainDance|[upkeep]
|upkeep
|
|t:|1776096570
|switch|p1a: Smeargle|Smeargle, F|100/100
|turn|6
|
|t:|1776096576
|move|p2a: Manaphy|Surf|p1a: Smeargle
|-enditem|p1a: Smeargle|Focus Sash
|-damage|p1a: Smeargle|1/100
|move|p1a: Smeargle|Endeavor|p2a: Manaphy
|-damage|p2a: Manaphy|1/100
|
|-weather|RainDance|[upkeep]
|upkeep
|turn|7
|
|t:|1776096583
|switch|p2a: Bruxish|Bruxish, F|100/100
|move|p1a: Smeargle|Extreme Speed||[still]
|cant|p2a: Bruxish|ability: Dazzling|Extreme Speed|[of] p1a: Smeargle
|
|-weather|RainDance|[upkeep]
|upkeep
|turn|8
|
|t:|1776096592
|move|p1a: Smeargle|Burning Bulwark|p1a: Smeargle
|-singleturn|p1a: Smeargle|move: Protect
|move|p2a: Bruxish|Flip Turn|p1a: Smeargle
|-activate|p1a: Smeargle|move: Protect
|-status|p2a: Bruxish|brn
|
|-weather|RainDance|[upkeep]
|-damage|p2a: Bruxish|94/100 brn|[from] brn
|upkeep
|turn|9
|
|t:|1776096600
|switch|p1a: Raging Bolt|Raging Bolt|100/100
|-enditem|p1a: Raging Bolt|Booster Energy
|-activate|p1a: Raging Bolt|ability: Protosynthesis|[fromitem]
|-start|p1a: Raging Bolt|protosynthesisspa
|move|p2a: Bruxish|Flip Turn|p1a: Raging Bolt
|-resisted|p1a: Raging Bolt
|-damage|p1a: Raging Bolt|92/100
|
|t:|1776096610
|switch|p2a: Iron Treads|Iron Treads|21/100|[from] Flip Turn
|
|-weather|none
|upkeep
|turn|10
|
|t:|1776096615
|-end|p1a: Raging Bolt|Protosynthesis|[silent]
|switch|p1a: Kingambit|Kingambit, M|100/100
|-activate|p1a: Kingambit|ability: Supreme Overlord
|-start|p1a: Kingambit|fallen1|[silent]
|-item|p1a: Kingambit|Air Balloon
|move|p2a: Iron Treads|Stealth Rock|p1a: Kingambit
|-sidestart|p1: testingolem|move: Stealth Rock
|
|upkeep
|turn|11
|
|t:|1776096625
|-end|p2a: Iron Treads|Quark Drive|[silent]
|switch|p2a: Raging Bolt|Raging Bolt|100/100
|-enditem|p2a: Raging Bolt|Booster Energy
|-activate|p2a: Raging Bolt|ability: Protosynthesis|[fromitem]
|-start|p2a: Raging Bolt|protosynthesisspa
|move|p1a: Kingambit|Sucker Punch||[still]
|-fail|p1a: Kingambit
|
|upkeep
|turn|12
|
|t:|1776096635
|move|p2a: Raging Bolt|Dragon Pulse|p1a: Kingambit
|-resisted|p1a: Kingambit
|-damage|p1a: Kingambit|64/100
|-enditem|p1a: Kingambit|Air Balloon
|move|p1a: Kingambit|Kowtow Cleave|p2a: Raging Bolt
|-damage|p2a: Raging Bolt|54/100
|
|upkeep
|turn|13
|
|t:|1776096643
|-end|p2a: Raging Bolt|Protosynthesis|[silent]
|switch|p2a: Pelipper|Pelipper, F|15/100
|-weather|RainDance|[from] ability: Drizzle|[of] p2a: Pelipper
|move|p1a: Kingambit|Sucker Punch||[still]
|-fail|p1a: Kingambit
|
|-weather|RainDance|[upkeep]
|upkeep
|turn|14
|
|t:|1776096648
|move|p2a: Pelipper|Roost|p2a: Pelipper
|-heal|p2a: Pelipper|65/100
|-singleturn|p2a: Pelipper|move: Roost
|move|p1a: Kingambit|Kowtow Cleave|p2a: Pelipper
|-crit|p2a: Pelipper
|-damage|p2a: Pelipper|0 fnt
|faint|p2a: Pelipper
|
|-weather|RainDance|[upkeep]
|upkeep
|
|t:|1776096659
|switch|p2a: Raging Bolt|Raging Bolt|54/100
|turn|15
|
|t:|1776096665
|move|p2a: Raging Bolt|Thunderclap|p1a: Kingambit
|-damage|p1a: Kingambit|24/100
|move|p1a: Kingambit|Kowtow Cleave|p2a: Raging Bolt
|-damage|p2a: Raging Bolt|9/100
|
|-weather|RainDance|[upkeep]
|upkeep
|turn|16
|
|t:|1776096675
|-end|p1a: Kingambit|fallen1|[silent]
|switch|p1a: Great Tusk|Great Tusk|100/100
|-damage|p1a: Great Tusk|98/100|[from] Stealth Rock
|-enditem|p1a: Great Tusk|Booster Energy
|-activate|p1a: Great Tusk|ability: Protosynthesis|[fromitem]
|-start|p1a: Great Tusk|protosynthesisspe
|move|p2a: Raging Bolt|Thunderclap||[still]
|-fail|p2a: Raging Bolt
|
|-weather|RainDance|[upkeep]
|upkeep
|turn|17
|
|t:|1776096678
|move|p1a: Great Tusk|Rapid Spin|p2a: Raging Bolt
|-crit|p2a: Raging Bolt
|-damage|p2a: Raging Bolt|0 fnt
|-boost|p1a: Great Tusk|spe|1
|-sideend|p1: testingolem|Stealth Rock|[from] move: Rapid Spin|[of] p1a: Great Tusk
|faint|p2a: Raging Bolt
|-end|p2a: Raging Bolt|Protosynthesis|[silent]
|
|-weather|RainDance|[upkeep]
|upkeep
|
|t:|1776096682
|switch|p2a: Overqwil|Overqwil, F|100/100
|turn|18
|
|t:|1776096686
|move|p1a: Great Tusk|Earthquake|p2a: Overqwil
|-supereffective|p2a: Overqwil
|-damage|p2a: Overqwil|0 fnt
|faint|p2a: Overqwil
|
|-weather|RainDance|[upkeep]
|upkeep
|-message|blowntopia forfeited.
|
|win|testingolem
|raw|testingolem's rating: 1543 &rarr; <strong>1567</strong><br />(+24 for winning)
|raw|blowntopia's rating: 1607 &rarr; <strong>1583</strong><br />(-24 for losing)
|l|☆blowntopia
|player|p2|
|l|☆testingolem
|player|p1|
