|html|<div class="broadcast-blue"><strong>[Gen 9] OU is currently suspecting Tera Blast! For information on how to participate check out the <a href="https://www.smogon.com/tools/suspects/view/200">suspect thread</a>.</strong></div>
|j|☆Igor Bigorno
|j|☆FearlyVGC
|t:|1776059159
|gametype|singles
|player|p1|Igor Bigorno|265|1281
|player|p2|FearlyVGC|koga|1336
|gen|9
|tier|[Gen 9] OU
|rated|
|rule|HP Percentage Mod: HP is shown in percentages
|rule|Endless Battle Clause: Forcing endless battles is banned
|rule|Species Clause: Limit one of each Pokémon
|rule|OHKO Clause: OHKO moves are banned
|rule|Evasion Items Clause: Evasion items are banned
|rule|Evasion Moves Clause: Evasion moves are banned
|rule|Evasion Abilities Clause: Evasion abilities are banned
|rule|Sleep Moves Clause: Sleep-inducing moves are banned
|clearpoke
|poke|p1|Iron Valiant|
|poke|p1|Pecharunt|
|poke|p1|Dragonite, M|
|poke|p1|Kingambit, M|
|poke|p1|Armarouge, F|
|poke|p1|Iron Treads|
|poke|p2|Dragapult, F|
|poke|p2|Landorus-Therian, M|
|poke|p2|Corviknight, F|
|poke|p2|Heatran, F|
|poke|p2|Primarina, M|
|poke|p2|Rillaboom, F|
|teampreview
|inactive|Battle timer is ON: inactive players will automatically lose when time's up. (requested by FearlyVGC)
|
|t:|1776059169
|teamsize|p1|6
|teamsize|p2|6
|start
|switch|p1a: Pecharunt|Pecharunt|100/100
|switch|p2a: Landorus|Landorus-Therian, M|100/100
|-ability|p2a: Landorus|Intimidate|boost
|-unboost|p1a: Pecharunt|atk|1
|turn|1
|
|t:|1776059179
|switch|p1a: Dragonite|Dragonite, M|100/100
|move|p2a: Landorus|Earthquake|p1a: Dragonite
|-immune|p1a: Dragonite
|
|upkeep
|turn|2
|
|t:|1776059186
|switch|p2a: Corviknight|Corviknight, F|100/100
|-ability|p2a: Corviknight|Pressure
|move|p1a: Dragonite|Ice Beam|p2a: Corviknight
|-damage|p2a: Corviknight|83/100
|
|upkeep
|turn|3
|
|t:|1776059194
|move|p1a: Dragonite|Thunder Wave|p2a: Corviknight
|-status|p2a: Corviknight|par
|move|p2a: Corviknight|Taunt|p1a: Dragonite
|-start|p1a: Dragonite|move: Taunt
|
|upkeep
|turn|4
|
|t:|1776059203
|switch|p1a: Iron Treads|Iron Treads|100/100
|move|p2a: Corviknight|U-turn|p1a: Iron Treads
|-resisted|p1a: Iron Treads
|-damage|p1a: Iron Treads|94/100
|
|t:|1776059210
|switch|p2a: Landorus|Landorus-Therian, M|100/100|[from] U-turn
|-ability|p2a: Landorus|Intimidate|boost
|-unboost|p1a: Iron Treads|atk|1
|
|-heal|p1a: Iron Treads|99/100|[from] item: Leftovers
|upkeep
|turn|5
|
|t:|1776059219
|move|p2a: Landorus|Rock Slide|p1a: Iron Treads
|-resisted|p1a: Iron Treads
|-damage|p1a: Iron Treads|94/100
|move|p1a: Iron Treads|Stealth Rock|p2a: Landorus
|-sidestart|p2: FearlyVGC|move: Stealth Rock
|
|-heal|p1a: Iron Treads|99/100|[from] item: Leftovers
|upkeep
|turn|6
|j| mayo1234567891
|
|t:|1776059233
|switch|p2a: Corviknight|Corviknight, F|83/100 par
|-damage|p2a: Corviknight|71/100 par|[from] Stealth Rock
|-ability|p2a: Corviknight|Pressure
|-end|p1a: Iron Treads|Quark Drive|[silent]
|switch|p1a: Dragonite|Dragonite, M|100/100
|
|upkeep
|turn|7
|l| mayo1234567891
|
|t:|1776059241
|move|p2a: Corviknight|Defog|p1a: Dragonite
|-unboost|p1a: Dragonite|evasion|1
|-sideend|p2: FearlyVGC|Stealth Rock|[from] move: Defog|[of] p2a: Corviknight
|move|p1a: Dragonite|Dragon Tail|p2a: Corviknight
|-resisted|p2a: Corviknight
|-damage|p2a: Corviknight|62/100 par
|-damage|p1a: Dragonite|84/100|[from] item: Rocky Helmet|[of] p2a: Corviknight
|drag|p2a: Primarina|Primarina, M|100/100
|
|upkeep
|turn|8
|
|t:|1776059253
|switch|p1a: Pecharunt|Pecharunt|100/100
|move|p2a: Primarina|Protect||[still]
|-fail|p2a: Primarina
|
|upkeep
|turn|9
|
|t:|1776059259
|switch|p2a: Corviknight|Corviknight, F|62/100 par
|-ability|p2a: Corviknight|Pressure
|move|p1a: Pecharunt|Toxic||[still]
|-fail|p1a: Pecharunt
|
|upkeep
|turn|10
|
|t:|1776059268
|move|p1a: Pecharunt|Hex|p2a: Corviknight
|-damage|p2a: Corviknight|31/100 par
|move|p2a: Corviknight|Roost|p2a: Corviknight
|-heal|p2a: Corviknight|81/100 par
|-singleturn|p2a: Corviknight|move: Roost
|
|upkeep
|turn|11
|
|t:|1776059276
|move|p1a: Pecharunt|Hex|p2a: Corviknight
|-damage|p2a: Corviknight|48/100 par
|move|p2a: Corviknight|U-turn|p1a: Pecharunt
|-resisted|p1a: Pecharunt
|-damage|p1a: Pecharunt|98/100
|
|t:|1776059283
|switch|p2a: Landorus|Landorus-Therian, M|100/100|[from] U-turn
|-ability|p2a: Landorus|Intimidate|boost
|-unboost|p1a: Pecharunt|atk|1
|
|upkeep
|turn|12
|
|t:|1776059288
|move|p2a: Landorus|U-turn|p1a: Pecharunt
|-resisted|p1a: Pecharunt
|-damage|p1a: Pecharunt|94/100
|
|t:|1776059291
|switch|p2a: Corviknight|Corviknight, F|48/100 par|[from] U-turn
|-ability|p2a: Corviknight|Pressure
|move|p1a: Pecharunt|Toxic||[still]
|-fail|p1a: Pecharunt
|
|upkeep
|turn|13
|
|t:|1776059299
|move|p1a: Pecharunt|Hex|p2a: Corviknight
|-damage|p2a: Corviknight|13/100 par
|cant|p2a: Corviknight|par
|
|upkeep
|turn|14
|
|t:|1776059318
|move|p1a: Pecharunt|Hex|p2a: Corviknight
|-damage|p2a: Corviknight|0 fnt
|faint|p2a: Corviknight
|
|upkeep
|
|t:|1776059324
|switch|p2a: Landorus|Landorus-Therian, M|100/100
|-ability|p2a: Landorus|Intimidate|boost
|-unboost|p1a: Pecharunt|atk|1
|turn|15
|
|t:|1776059329
|switch|p1a: Dragonite|Dragonite, M|84/100
|move|p2a: Landorus|Earthquake|p1a: Dragonite
|-immune|p1a: Dragonite
|
|upkeep
|turn|16
|
|t:|1776059336
|switch|p2a: Heatran|Heatran, F|100/100
|move|p1a: Dragonite|Roost|p1a: Dragonite
|-heal|p1a: Dragonite|100/100
|-singleturn|p1a: Dragonite|move: Roost
|
|upkeep
|turn|17
|
|t:|1776059343
|move|p2a: Heatran|Taunt|p1a: Dragonite
|-start|p1a: Dragonite|move: Taunt
|cant|p1a: Dragonite|move: Taunt|Thunder Wave
|
|upkeep
|turn|18
|
|t:|1776059348
|move|p2a: Heatran|Magma Storm|p1a: Dragonite|[miss]
|-miss|p2a: Heatran|p1a: Dragonite
|move|p1a: Dragonite|Dragon Tail|p2a: Heatran
|-resisted|p2a: Heatran
|-damage|p2a: Heatran|90/100
|drag|p2a: Landorus|Landorus-Therian, M|100/100
|-ability|p2a: Landorus|Intimidate|boost
|-unboost|p1a: Dragonite|atk|1
|
|upkeep
|turn|19
|
|t:|1776059358
|move|p2a: Landorus|Rock Slide|p1a: Dragonite
|-supereffective|p1a: Dragonite
|-damage|p1a: Dragonite|72/100
|cant|p1a: Dragonite|flinch
|
|-end|p1a: Dragonite|move: Taunt
|upkeep
|turn|20
|
|t:|1776059366
|switch|p2a: Primarina|Primarina, M|100/100
|move|p1a: Dragonite|Ice Beam|p2a: Primarina
|-resisted|p2a: Primarina
|-damage|p2a: Primarina|93/100
|-status|p2a: Primarina|frz
|
|-heal|p2a: Primarina|99/100 frz|[from] item: Leftovers
|upkeep
|turn|21
|
|t:|1776059376
|move|p1a: Dragonite|Roost|p1a: Dragonite
|-heal|p1a: Dragonite|100/100
|-singleturn|p1a: Dragonite|move: Roost
|cant|p2a: Primarina|frz
|
|-heal|p2a: Primarina|100/100 frz|[from] item: Leftovers
|upkeep
|turn|22
|
|t:|1776059385
|switch|p1a: Kingambit|Kingambit, M|100/100
|cant|p2a: Primarina|frz
|
|upkeep
|turn|23
|
|t:|1776059391
|move|p1a: Kingambit|Swords Dance|p1a: Kingambit
|-boost|p1a: Kingambit|atk|2
|-curestatus|p2a: Primarina|frz|[msg]
|move|p2a: Primarina|Whirlpool|p1a: Kingambit
|-damage|p1a: Kingambit|84/100
|-activate|p1a: Kingambit|move: Whirlpool|[of] p2a: Primarina
|
|-damage|p1a: Kingambit|72/100|[from] move: Whirlpool|[partiallytrapped]
|upkeep
|turn|24
|
|t:|1776059401
|move|p1a: Kingambit|Iron Head|p2a: Primarina
|-damage|p2a: Primarina|14/100
|move|p2a: Primarina|Perish Song|p2a: Primarina
|-start|p1a: Kingambit|perish3|[silent]
|-start|p2a: Primarina|perish3|[silent]
|-fieldactivate|move: Perish Song
|
|-heal|p2a: Primarina|20/100|[from] item: Leftovers
|-damage|p1a: Kingambit|60/100|[from] move: Whirlpool|[partiallytrapped]
|-start|p1a: Kingambit|perish3
|-start|p2a: Primarina|perish3
|upkeep
|turn|25
|
|t:|1776059411
|move|p2a: Primarina|Protect|p2a: Primarina
|-singleturn|p2a: Primarina|Protect
|move|p1a: Kingambit|Iron Head|p2a: Primarina
|-activate|p2a: Primarina|move: Protect
|
|-heal|p2a: Primarina|26/100|[from] item: Leftovers
|-damage|p1a: Kingambit|47/100|[from] move: Whirlpool|[partiallytrapped]
|-start|p1a: Kingambit|perish2
|-start|p2a: Primarina|perish2
|upkeep
|turn|26
|
|t:|1776059422
|move|p2a: Primarina|Protect|p2a: Primarina
|-singleturn|p2a: Primarina|Protect
|move|p1a: Kingambit|Iron Head|p2a: Primarina
|-activate|p2a: Primarina|move: Protect
|
|-heal|p2a: Primarina|32/100|[from] item: Leftovers
|-damage|p1a: Kingambit|35/100|[from] move: Whirlpool|[partiallytrapped]
|-start|p1a: Kingambit|perish1
|-start|p2a: Primarina|perish1
|upkeep
|turn|27
|
|t:|1776059436
|switch|p2a: Heatran|Heatran, F|90/100
|move|p1a: Kingambit|Iron Head|p2a: Heatran
|-resisted|p2a: Heatran
|-damage|p2a: Heatran|70/100
|
|-heal|p2a: Heatran|77/100|[from] item: Leftovers
|-end|p1a: Kingambit|Whirlpool|[partiallytrapped]
|-start|p1a: Kingambit|perish0
|upkeep
|faint|p1a: Kingambit
|-end|p1a: Kingambit|fallenundefined|[silent]
|
|t:|1776059446
|switch|p1a: Iron Treads|Iron Treads|99/100
|turn|28
|
|t:|1776059450
|switch|p2a: Landorus|Landorus-Therian, M|100/100
|-ability|p2a: Landorus|Intimidate|boost
|-unboost|p1a: Iron Treads|atk|1
|move|p1a: Iron Treads|Knock Off|p2a: Landorus
|-damage|p2a: Landorus|76/100
|-enditem|p2a: Landorus|Choice Scarf|[from] move: Knock Off|[of] p1a: Iron Treads
|
|-heal|p1a: Iron Treads|100/100|[from] item: Leftovers
|upkeep
|turn|29
|
|t:|1776059462
|move|p1a: Iron Treads|Stealth Rock|p2a: Landorus
|-sidestart|p2: FearlyVGC|move: Stealth Rock
|move|p2a: Landorus|Earthquake|p1a: Iron Treads
|-supereffective|p1a: Iron Treads
|-damage|p1a: Iron Treads|0 fnt
|faint|p1a: Iron Treads
|-end|p1a: Iron Treads|Quark Drive|[silent]
|
|upkeep
|
|t:|1776059469
|switch|p1a: Dragonite|Dragonite, M|100/100
|turn|30
|
|t:|1776059474
|switch|p2a: Heatran|Heatran, F|77/100
|-damage|p2a: Heatran|64/100|[from] Stealth Rock
|move|p1a: Dragonite|Ice Beam|p2a: Heatran
|-resisted|p2a: Heatran
|-damage|p2a: Heatran|60/100
|
|-heal|p2a: Heatran|67/100|[from] item: Leftovers
|upkeep
|turn|31
|
|t:|1776059498
|switch|p1a: Iron Valiant|Iron Valiant|100/100
|-enditem|p1a: Iron Valiant|Booster Energy
|-activate|p1a: Iron Valiant|ability: Quark Drive|[fromitem]
|-start|p1a: Iron Valiant|quarkdrivespe
|move|p2a: Heatran|Taunt|p1a: Iron Valiant
|-start|p1a: Iron Valiant|move: Taunt
|
|-heal|p2a: Heatran|73/100|[from] item: Leftovers
|upkeep
|turn|32
|
|t:|1776059509
|move|p1a: Iron Valiant|Aura Sphere|p2a: Heatran
|-supereffective|p2a: Heatran
|-damage|p2a: Heatran|18/100
|move|p2a: Heatran|Will-O-Wisp|p1a: Iron Valiant
|-status|p1a: Iron Valiant|brn
|
|-heal|p2a: Heatran|24/100|[from] item: Leftovers
|-damage|p1a: Iron Valiant|94/100 brn|[from] brn
|upkeep
|turn|33
|
|t:|1776059519
|switch|p2a: Primarina|Primarina, M|32/100
|-damage|p2a: Primarina|19/100|[from] Stealth Rock
|move|p1a: Iron Valiant|Shadow Ball|p2a: Primarina
|-damage|p2a: Primarina|0 fnt
|faint|p2a: Primarina
|
|-damage|p1a: Iron Valiant|88/100 brn|[from] brn
|-end|p1a: Iron Valiant|move: Taunt
|upkeep
|
|t:|1776059523
|switch|p2a: Rillaboom|Rillaboom, F|100/100
|-damage|p2a: Rillaboom|88/100|[from] Stealth Rock
|-fieldstart|move: Grassy Terrain|[from] ability: Grassy Surge|[of] p2a: Rillaboom
|turn|34
|
|t:|1776059535
|move|p2a: Rillaboom|Fake Out|p1a: Iron Valiant
|-damage|p1a: Iron Valiant|70/100 brn
|cant|p1a: Iron Valiant|flinch
|
|-heal|p1a: Iron Valiant|76/100 brn|[from] Grassy Terrain
|-heal|p2a: Rillaboom|94/100|[from] Grassy Terrain
|-damage|p1a: Iron Valiant|70/100 brn|[from] brn
|upkeep
|turn|35
|
|t:|1776059544
|-end|p1a: Iron Valiant|Quark Drive|[silent]
|switch|p1a: Pecharunt|Pecharunt|94/100
|move|p2a: Rillaboom|Wood Hammer|p1a: Pecharunt
|-resisted|p1a: Pecharunt
|-damage|p1a: Pecharunt|69/100
|-damage|p2a: Rillaboom|86/100|[from] Recoil
|
|-heal|p1a: Pecharunt|75/100|[from] Grassy Terrain
|-heal|p2a: Rillaboom|92/100|[from] Grassy Terrain
|upkeep
|turn|36
|
|t:|1776059554
|move|p1a: Pecharunt|Parting Shot|p2a: Rillaboom
|-unboost|p2a: Rillaboom|atk|1
|-unboost|p2a: Rillaboom|spa|1
|
|t:|1776059558
|switch|p1a: Win condition|Armarouge, F, shiny|100/100|[from] Parting Shot
|move|p2a: Rillaboom|U-turn|p1a: Win condition
|-damage|p1a: Win condition|88/100
|-ability|p1a: Win condition|Weak Armor|boost
|-unboost|p1a: Win condition|def|1
|-boost|p1a: Win condition|spe|2
|
|t:|1776059565
|switch|p2a: Heatran|Heatran, F|24/100|[from] U-turn
|-damage|p2a: Heatran|12/100|[from] Stealth Rock
|
|-heal|p1a: Win condition|94/100|[from] Grassy Terrain
|-heal|p1a: Win condition|99/100|[from] item: Leftovers
|-heal|p2a: Heatran|18/100|[from] Grassy Terrain
|-heal|p2a: Heatran|24/100|[from] item: Leftovers
|upkeep
|turn|37
|
|t:|1776059577
|move|p1a: Win condition|Calm Mind|p1a: Win condition
|-boost|p1a: Win condition|spa|1
|-boost|p1a: Win condition|spd|1
|move|p2a: Heatran|Earth Power|p1a: Win condition
|-supereffective|p1a: Win condition
|-damage|p1a: Win condition|68/100
|
|-heal|p1a: Win condition|74/100|[from] Grassy Terrain
|-heal|p1a: Win condition|80/100|[from] item: Leftovers
|-heal|p2a: Heatran|30/100|[from] Grassy Terrain
|-heal|p2a: Heatran|37/100|[from] item: Leftovers
|upkeep
|turn|38
|
|t:|1776059589
|move|p1a: Win condition|Calm Mind|p1a: Win condition
|-boost|p1a: Win condition|spa|1
|-boost|p1a: Win condition|spd|1
|move|p2a: Heatran|Taunt|p1a: Win condition
|-start|p1a: Win condition|move: Taunt
|
|-heal|p1a: Win condition|86/100|[from] Grassy Terrain
|-heal|p1a: Win condition|92/100|[from] item: Leftovers
|-heal|p2a: Heatran|43/100|[from] Grassy Terrain
|-heal|p2a: Heatran|49/100|[from] item: Leftovers
|-fieldend|move: Grassy Terrain
|upkeep
|turn|39
|
|t:|1776059602
|move|p1a: Win condition|Stored Power|p2a: Heatran
|-resisted|p2a: Heatran
|-damage|p2a: Heatran|10/100
|move|p2a: Heatran|Magma Storm|p1a: Win condition
|-resisted|p1a: Win condition
|-damage|p1a: Win condition|82/100
|-activate|p1a: Win condition|move: Magma Storm|[of] p2a: Heatran
|
|-heal|p1a: Win condition|88/100|[from] item: Leftovers
|-heal|p2a: Heatran|16/100|[from] item: Leftovers
|-damage|p1a: Win condition|76/100|[from] move: Magma Storm|[partiallytrapped]
|upkeep
|turn|40
|
|t:|1776059613
|move|p1a: Win condition|Stored Power|p2a: Heatran
|-resisted|p2a: Heatran
|-damage|p2a: Heatran|0 fnt
|faint|p2a: Heatran
|
|-heal|p1a: Win condition|82/100|[from] item: Leftovers
|-end|p1a: Win condition|Magma Storm|[partiallytrapped]|[silent]
|upkeep
|
|t:|1776059615
|switch|p2a: Rillaboom|Rillaboom, F|92/100
|-damage|p2a: Rillaboom|80/100|[from] Stealth Rock
|-fieldstart|move: Grassy Terrain|[from] ability: Grassy Surge|[of] p2a: Rillaboom
|turn|41
|
|t:|1776059626
|-terastallize|p1a: Win condition|Fairy
|move|p2a: Rillaboom|Fake Out|p1a: Win condition
|-damage|p1a: Win condition|68/100
|-ability|p1a: Win condition|Weak Armor|boost
|-unboost|p1a: Win condition|def|1
|-boost|p1a: Win condition|spe|2
|cant|p1a: Win condition|flinch
|
|-heal|p1a: Win condition|74/100|[from] Grassy Terrain
|-heal|p1a: Win condition|80/100|[from] item: Leftovers
|-heal|p2a: Rillaboom|86/100|[from] Grassy Terrain
|-end|p1a: Win condition|move: Taunt
|upkeep
|turn|42
|
|t:|1776059653
|-terastallize|p2a: Rillaboom|Fire
|move|p2a: Rillaboom|Grassy Glide|p1a: Win condition
|-damage|p1a: Win condition|28/100
|-ability|p1a: Win condition|Weak Armor|boost
|-unboost|p1a: Win condition|def|1
|-boost|p1a: Win condition|spe|2
|move|p1a: Win condition|Iron Defense|p1a: Win condition
|-boost|p1a: Win condition|def|2
|
|-heal|p1a: Win condition|34/100|[from] Grassy Terrain
|-heal|p1a: Win condition|40/100|[from] item: Leftovers
|-heal|p2a: Rillaboom|92/100|[from] Grassy Terrain
|upkeep
|turn|43
|
|t:|1776059667
|move|p2a: Rillaboom|Grassy Glide|p1a: Win condition
|-damage|p1a: Win condition|1/100
|-ability|p1a: Win condition|Weak Armor|boost
|-unboost|p1a: Win condition|def|1
|move|p1a: Win condition|Stored Power|p2a: Rillaboom
|-damage|p2a: Rillaboom|0 fnt
|faint|p2a: Rillaboom
|
|-heal|p1a: Win condition|7/100|[from] Grassy Terrain
|-heal|p1a: Win condition|14/100|[from] item: Leftovers
|upkeep
|
|t:|1776059673
|switch|p2a: Landorus|Landorus-Therian, M|76/100
|-damage|p2a: Landorus|64/100|[from] Stealth Rock
|-ability|p2a: Landorus|Intimidate|boost
|-unboost|p1a: Win condition|atk|1
|turn|44
|
|t:|1776059684
|move|p1a: Win condition|Stored Power|p2a: Landorus
|-damage|p2a: Landorus|0 fnt
|faint|p2a: Landorus
|
|-heal|p1a: Win condition|20/100|[from] Grassy Terrain
|-heal|p1a: Win condition|26/100|[from] item: Leftovers
|upkeep
|
|t:|1776059687
|switch|p2a: Dragapult|Dragapult, F|100/100
|-damage|p2a: Dragapult|88/100|[from] Stealth Rock
|turn|45
|-message|FearlyVGC forfeited.
|
|win|Igor Bigorno
|raw|Igor Bigorno's rating: 1281 &rarr; <strong>1310</strong><br />(+29 for winning)
|raw|FearlyVGC's rating: 1336 &rarr; <strong>1313</strong><br />(-23 for losing)
|l|☆FearlyVGC
|player|p2|
|l|☆Igor Bigorno
|player|p1|
