|html|<div class="broadcast-blue"><strong>[Gen 9] OU is currently suspecting Tera Blast! For information on how to participate check out the <a href="https://www.smogon.com/tools/suspects/view/200">suspect thread</a>.</strong></div>
|j|☆RoLi404
|j|☆Dr. Drake6782
|t:|1776054915
|gametype|singles
|player|p1|RoLi404|jacinthe|1708
|player|p2|Dr. Drake6782|hilbert-masters|1717
|gen|9
|tier|[Gen 9] OU
|rated|
|rule|HP Percentage Mod: HP is shown in percentages
|rule|Endless Battle Clause: Forcing endless battles is banned
|rule|Species Clause: Limit one of each Pokémon
|rule|OHKO Clause: OHKO moves are banned
|rule|Evasion Items Clause: Evasion items are banned
|rule|Evasion Moves Clause: Evasion moves are banned
|rule|Evasion Abilities Clause: Evasion abilities are banned
|rule|Sleep Moves Clause: Sleep-inducing moves are banned
|clearpoke
|poke|p1|Primarina, M|
|poke|p1|Great Tusk|
|poke|p1|Enamorus, F|
|poke|p1|Slowking-Galar, M|
|poke|p1|Ogerpon, F|
|poke|p1|Kingambit, M|
|poke|p2|Slowking-Galar, F|
|poke|p2|Ting-Lu|
|poke|p2|Hydrapple, M|
|poke|p2|Corviknight, F|
|poke|p2|Cinderace, M|
|poke|p2|Dondozo, F|
|teampreview
|inactive|Battle timer is ON: inactive players will automatically lose when time's up. (requested by Dr. Drake6782)
|inactive|RoLi404 also wants the timer to be on.
|j| samurajen
|
|t:|1776054939
|teamsize|p1|6
|teamsize|p2|6
|start
|switch|p1a: Anonymous|Ogerpon, F|100/100
|switch|p2a: Slowking|Slowking-Galar, F, shiny|100/100
|turn|1
|
|t:|1776054945
|move|p1a: Anonymous|Knock Off|p2a: Slowking
|-supereffective|p2a: Slowking
|-damage|p2a: Slowking|22/100
|-enditem|p2a: Slowking|Black Sludge|[from] move: Knock Off|[of] p1a: Anonymous
|move|p2a: Slowking|Toxic|p1a: Anonymous
|-status|p1a: Anonymous|tox
|
|-damage|p1a: Anonymous|95/100 tox|[from] psn
|upkeep
|turn|2
|
|t:|1776054950
|switch|p2a: Hydrapple|Hydrapple, M, shiny|100/100
|move|p1a: Anonymous|Knock Off|p2a: Hydrapple
|-damage|p2a: Hydrapple|71/100
|-enditem|p2a: Hydrapple|Leftovers|[from] move: Knock Off|[of] p1a: Anonymous
|
|-damage|p1a: Anonymous|83/100 tox|[from] psn
|upkeep
|turn|3
|j| NotFun=ThisGame
|
|t:|1776054954
|switch|p1a: Mantra|Slowking-Galar, M, shiny|100/100
|move|p2a: Hydrapple|Nasty Plot|p2a: Hydrapple
|-boost|p2a: Hydrapple|spa|2
|
|upkeep
|turn|4
|
|t:|1776054961
|switch|p2a: Ting-Lu|Ting-Lu|100/100
|-ability|p2a: Ting-Lu|Vessel of Ruin
|move|p1a: Mantra|Ice Beam|p2a: Ting-Lu
|-supereffective|p2a: Ting-Lu
|-damage|p2a: Ting-Lu|83/100
|
|-heal|p2a: Ting-Lu|89/100|[from] item: Leftovers
|upkeep
|turn|5
|
|t:|1776054968
|switch|p1a: Behemoth|Great Tusk, shiny|100/100
|move|p2a: Ting-Lu|Earthquake|p1a: Behemoth
|-damage|p1a: Behemoth|74/100
|
|-heal|p2a: Ting-Lu|95/100|[from] item: Leftovers
|upkeep
|turn|6
|
|t:|1776054971
|switch|p2a: Corviknight|Corviknight, F|100/100
|-ability|p2a: Corviknight|Pressure
|move|p1a: Behemoth|Stealth Rock|p2a: Corviknight
|-sidestart|p2: Dr. Drake6782|move: Stealth Rock
|
|upkeep
|turn|7
|
|t:|1776054983
|-end|p1a: Behemoth|Protosynthesis|[silent]
|switch|p1a: Mantra|Slowking-Galar, M, shiny|100/100
|move|p2a: Corviknight|Defog|p1a: Mantra
|-unboost|p1a: Mantra|evasion|1
|-sideend|p2: Dr. Drake6782|Stealth Rock|[from] move: Defog|[of] p2a: Corviknight
|
|upkeep
|turn|8
|
|t:|1776054996
|switch|p2a: Ting-Lu|Ting-Lu|95/100
|-ability|p2a: Ting-Lu|Vessel of Ruin
|move|p1a: Mantra|Flamethrower|p2a: Ting-Lu
|-damage|p2a: Ting-Lu|86/100
|
|-heal|p2a: Ting-Lu|92/100|[from] item: Leftovers
|upkeep
|turn|9
|
|t:|1776054999
|switch|p1a: Gin|Enamorus, F, shiny|100/100
|move|p2a: Ting-Lu|Payback|p1a: Gin
|-resisted|p1a: Gin
|-damage|p1a: Gin|85/100
|
|-heal|p2a: Ting-Lu|99/100|[from] item: Leftovers
|upkeep
|turn|10
|
|t:|1776055016
|switch|p2a: Slowking|Slowking-Galar, F, shiny|55/100
|move|p1a: Gin|Moonblast|p2a: Slowking
|-resisted|p2a: Slowking
|-damage|p2a: Slowking|33/100
|
|upkeep
|turn|11
|
|t:|1776055023
|move|p1a: Gin|Moonblast|p2a: Slowking
|-resisted|p2a: Slowking
|-damage|p2a: Slowking|10/100
|-unboost|p2a: Slowking|spa|1
|move|p2a: Slowking|Sludge Bomb|p1a: Gin
|-supereffective|p1a: Gin
|-damage|p1a: Gin|23/100
|
|upkeep
|turn|12
|
|t:|1776055029
|switch|p2a: Cinderace|Cinderace, M|100/100
|move|p1a: Gin|Moonblast|p2a: Cinderace
|-resisted|p2a: Cinderace
|-damage|p2a: Cinderace|66/100
|
|upkeep
|turn|13
|
|t:|1776055032
|switch|p1a: Celestine|Primarina, M, shiny|100/100
|move|p2a: Cinderace|Pyro Ball|p1a: Celestine
|-resisted|p1a: Celestine
|-damage|p1a: Celestine|64/100
|
|-heal|p1a: Celestine|70/100|[from] item: Leftovers
|upkeep
|turn|14
|
|t:|1776055040
|move|p2a: Cinderace|U-turn|p1a: Celestine
|-resisted|p1a: Celestine
|-damage|p1a: Celestine|57/100
|
|t:|1776055046
|switch|p2a: Slowking|Slowking-Galar, F, shiny|44/100|[from] U-turn
|move|p1a: Celestine|Psychic Noise|p2a: Slowking
|-damage|p2a: Slowking|10/100
|-start|p2a: Slowking|move: Heal Block
|
|-heal|p1a: Celestine|63/100|[from] item: Leftovers
|upkeep
|turn|15
|
|t:|1776055050
|switch|p2a: Ting-Lu|Ting-Lu|99/100
|-ability|p2a: Ting-Lu|Vessel of Ruin
|move|p1a: Celestine|Psychic Noise|p2a: Ting-Lu
|-supereffective|p2a: Ting-Lu
|-damage|p2a: Ting-Lu|66/100
|-start|p2a: Ting-Lu|move: Heal Block
|
|-heal|p1a: Celestine|69/100|[from] item: Leftovers
|upkeep
|turn|16
|
|t:|1776055056
|-terastallize|p2a: Ting-Lu|Poison
|move|p1a: Celestine|Moonblast|p2a: Ting-Lu
|-resisted|p2a: Ting-Lu
|-damage|p2a: Ting-Lu|55/100
|move|p2a: Ting-Lu|Earthquake|p1a: Celestine
|-damage|p1a: Celestine|12/100
|
|-heal|p1a: Celestine|18/100|[from] item: Leftovers
|-end|p2a: Ting-Lu|move: Heal Block
|upkeep
|turn|17
|
|t:|1776055063
|switch|p1a: Behemoth|Great Tusk, shiny|74/100
|move|p2a: Ting-Lu|Payback|p1a: Behemoth
|-resisted|p1a: Behemoth
|-damage|p1a: Behemoth|67/100
|-damage|p2a: Ting-Lu|38/100|[from] item: Rocky Helmet|[of] p1a: Behemoth
|
|-heal|p2a: Ting-Lu|44/100|[from] item: Leftovers
|upkeep
|turn|18
|
|t:|1776055068
|switch|p2a: Corviknight|Corviknight, F|100/100
|-ability|p2a: Corviknight|Pressure
|move|p1a: Behemoth|Stealth Rock|p2a: Corviknight
|-sidestart|p2: Dr. Drake6782|move: Stealth Rock
|
|upkeep
|turn|19
|
|t:|1776055073
|-end|p1a: Behemoth|Protosynthesis|[silent]
|switch|p1a: Mantra|Slowking-Galar, M, shiny|100/100
|move|p2a: Corviknight|Defog|p1a: Mantra
|-unboost|p1a: Mantra|evasion|1
|-sideend|p2: Dr. Drake6782|Stealth Rock|[from] move: Defog|[of] p2a: Corviknight
|
|upkeep
|turn|20
|
|t:|1776055077
|switch|p2a: Slowking|Slowking-Galar, F, shiny|43/100
|move|p1a: Mantra|Flamethrower|p2a: Slowking
|-damage|p2a: Slowking|26/100
|
|upkeep
|turn|21
|
|t:|1776055084
|switch|p2a: Ting-Lu|Ting-Lu, tera:Poison|44/100
|-ability|p2a: Ting-Lu|Vessel of Ruin
|move|p1a: Mantra|Psychic Noise|p2a: Ting-Lu
|-supereffective|p2a: Ting-Lu
|-damage|p2a: Ting-Lu|21/100
|-start|p2a: Ting-Lu|move: Heal Block
|
|upkeep
|turn|22
|j| PESWGG
|
|t:|1776055093
|switch|p2a: Cinderace|Cinderace, M|66/100
|move|p1a: Mantra|Psychic Noise|p2a: Cinderace
|-damage|p2a: Cinderace|29/100
|-start|p2a: Cinderace|move: Heal Block
|
|upkeep
|turn|23
|
|t:|1776055097
|move|p2a: Cinderace|Pyro Ball|p1a: Mantra
|-crit|p1a: Mantra
|-damage|p1a: Mantra|23/100
|move|p1a: Mantra|Psychic Noise|p2a: Cinderace
|-damage|p2a: Cinderace|0 fnt
|faint|p2a: Cinderace
|
|upkeep
|j| Monkey D MinMin
|
|t:|1776055100
|switch|p2a: Hydrapple|Hydrapple, M, shiny|100/100
|turn|24
|
|t:|1776055105
|switch|p1a: Gin|Enamorus, F, shiny|23/100
|move|p2a: Hydrapple|Earth Power|p1a: Gin
|-immune|p1a: Gin
|
|upkeep
|turn|25
|
|t:|1776055111
|switch|p2a: Slowking|Slowking-Galar, F, shiny|59/100
|move|p1a: Gin|Moonblast|p2a: Slowking
|-resisted|p2a: Slowking
|-damage|p2a: Slowking|40/100
|
|upkeep
|turn|26
|
|t:|1776055118
|switch|p1a: Mantra|Slowking-Galar, M, shiny|57/100
|move|p2a: Slowking|Sludge Bomb|p1a: Mantra
|-resisted|p1a: Mantra
|-damage|p1a: Mantra|48/100
|
|upkeep
|turn|27
|
|t:|1776055124
|switch|p2a: Hydrapple|Hydrapple, M, shiny|100/100
|move|p1a: Mantra|Ice Beam|p2a: Hydrapple
|-supereffective|p2a: Hydrapple
|-damage|p2a: Hydrapple|8/100
|
|upkeep
|turn|28
|
|t:|1776055127
|move|p2a: Hydrapple|Earth Power|p1a: Mantra
|-supereffective|p1a: Mantra
|-damage|p1a: Mantra|19/100
|move|p1a: Mantra|Ice Beam|p2a: Hydrapple
|-supereffective|p2a: Hydrapple
|-damage|p2a: Hydrapple|0 fnt
|faint|p2a: Hydrapple
|
|upkeep
|
|t:|1776055129
|switch|p2a: Slowking|Slowking-Galar, F, shiny|73/100
|turn|29
|
|t:|1776055133
|switch|p1a: Overgod|Kingambit, M, shiny|100/100
|move|p2a: Slowking|Psychic Noise|p1a: Overgod
|-immune|p1a: Overgod
|
|upkeep
|turn|30
|
|t:|1776055139
|-end|p1a: Overgod|fallenundefined|[silent]
|switch|p1a: Anonymous|Ogerpon, F|83/100 tox
|switch|p2a: Dondozo|Dondozo, F|100/100
|
|-damage|p1a: Anonymous|77/100 tox|[from] psn
|upkeep
|turn|31
|
|t:|1776055147
|switch|p2a: Corviknight|Corviknight, F|100/100
|-ability|p2a: Corviknight|Pressure
|move|p1a: Anonymous|Knock Off|p2a: Corviknight
|-damage|p2a: Corviknight|69/100
|-damage|p1a: Anonymous|60/100 tox|[from] item: Rocky Helmet|[of] p2a: Corviknight
|-enditem|p2a: Corviknight|Rocky Helmet|[from] move: Knock Off|[of] p1a: Anonymous
|
|-damage|p1a: Anonymous|48/100 tox|[from] psn
|upkeep
|turn|32
|
|t:|1776055150
|switch|p1a: Behemoth|Great Tusk, shiny|67/100
|move|p2a: Corviknight|Roost|p2a: Corviknight
|-heal|p2a: Corviknight|100/100
|-singleturn|p2a: Corviknight|move: Roost
|
|upkeep
|turn|33
|
|t:|1776055155
|-end|p1a: Behemoth|Protosynthesis|[silent]
|switch|p1a: Mantra|Slowking-Galar, M, shiny|52/100
|move|p2a: Corviknight|Iron Defense|p2a: Corviknight
|-boost|p2a: Corviknight|def|2
|
|upkeep
|turn|34
|
|t:|1776055160
|switch|p2a: Ting-Lu|Ting-Lu, tera:Poison|21/100
|-ability|p2a: Ting-Lu|Vessel of Ruin
|move|p1a: Mantra|Flamethrower|p2a: Ting-Lu
|-damage|p2a: Ting-Lu|11/100
|
|-heal|p2a: Ting-Lu|18/100|[from] item: Leftovers
|upkeep
|turn|35
|
|t:|1776055167
|switch|p1a: Gin|Enamorus, F, shiny|23/100
|move|p2a: Ting-Lu|Rest|p2a: Ting-Lu
|-status|p2a: Ting-Lu|slp|[from] move: Rest
|-heal|p2a: Ting-Lu|100/100 slp|[silent]
|
|upkeep
|turn|36
|
|t:|1776055172
|switch|p2a: Slowking|Slowking-Galar, F, shiny|100/100
|move|p1a: Gin|Earth Power|p2a: Slowking
|-supereffective|p2a: Slowking
|-damage|p2a: Slowking|48/100
|
|upkeep
|turn|37
|
|t:|1776055181
|switch|p1a: Celestine|Primarina, M, shiny|18/100
|switch|p2a: Corviknight|Corviknight, F|100/100
|-ability|p2a: Corviknight|Pressure
|
|-heal|p1a: Celestine|24/100|[from] item: Leftovers
|upkeep
|turn|38
|
|t:|1776055186
|move|p1a: Celestine|Psychic Noise|p2a: Corviknight
|-damage|p2a: Corviknight|58/100
|-start|p2a: Corviknight|move: Heal Block
|move|p2a: Corviknight|Body Press|p1a: Celestine
|-resisted|p1a: Celestine
|-damage|p1a: Celestine|6/100
|
|-heal|p1a: Celestine|12/100|[from] item: Leftovers
|upkeep
|turn|39
|
|t:|1776055190
|move|p1a: Celestine|Psychic Noise|p2a: Corviknight
|-damage|p2a: Corviknight|18/100
|move|p2a: Corviknight|Body Press|p1a: Celestine
|-resisted|p1a: Celestine
|-damage|p1a: Celestine|0 fnt
|faint|p1a: Celestine
|
|-end|p2a: Corviknight|move: Heal Block
|upkeep
|
|t:|1776055200
|switch|p1a: Anonymous|Ogerpon, F|48/100 tox
|turn|40
|l| samurajen
|
|t:|1776055204
|move|p1a: Anonymous|Knock Off|p2a: Corviknight
|-damage|p2a: Corviknight|0 fnt
|faint|p2a: Corviknight
|
|-damage|p1a: Anonymous|42/100 tox|[from] psn
|upkeep
|
|t:|1776055211
|switch|p2a: Slowking|Slowking-Galar, F, shiny|81/100
|turn|41
|
|t:|1776055218
|switch|p1a: Overgod|Kingambit, M, shiny|100/100
|-activate|p1a: Overgod|ability: Supreme Overlord
|-start|p1a: Overgod|fallen1|[silent]
|move|p2a: Slowking|Psychic Noise|p1a: Overgod
|-immune|p1a: Overgod
|
|upkeep
|turn|42
|
|t:|1776055223
|switch|p2a: Dondozo|Dondozo, F|100/100
|move|p1a: Overgod|Kowtow Cleave|p2a: Dondozo
|-damage|p2a: Dondozo|68/100
|
|-heal|p2a: Dondozo|74/100|[from] item: Leftovers
|upkeep
|turn|43
|
|t:|1776055238
|-end|p1a: Overgod|fallen1|[silent]
|switch|p1a: Mantra|Slowking-Galar, M, shiny|85/100
|move|p2a: Dondozo|Curse|p2a: Dondozo
|-unboost|p2a: Dondozo|spe|1
|-boost|p2a: Dondozo|atk|1
|-boost|p2a: Dondozo|def|1
|
|-heal|p2a: Dondozo|80/100|[from] item: Leftovers
|upkeep
|turn|44
|
|t:|1776055241
|move|p1a: Mantra|Psychic Noise|p2a: Dondozo
|-damage|p2a: Dondozo|61/100
|-start|p2a: Dondozo|move: Heal Block
|move|p2a: Dondozo|Liquidation|p1a: Mantra
|-damage|p1a: Mantra|54/100
|
|upkeep
|turn|45
|
|t:|1776055246
|move|p1a: Mantra|Sludge Bomb|p2a: Dondozo
|-damage|p2a: Dondozo|39/100
|move|p2a: Dondozo|Liquidation|p1a: Mantra
|-damage|p1a: Mantra|25/100
|
|-end|p2a: Dondozo|move: Heal Block
|upkeep
|turn|46
|
|t:|1776055254
|switch|p1a: Anonymous|Ogerpon, F|42/100 tox
|switch|p2a: Slowking|Slowking-Galar, F, shiny|100/100
|
|-damage|p1a: Anonymous|36/100 tox|[from] psn
|upkeep
|turn|47
|
|t:|1776055259
|move|p1a: Anonymous|U-turn|p2a: Slowking
|-damage|p2a: Slowking|75/100
|
|t:|1776055263
|switch|p1a: Overgod|Kingambit, M, shiny|100/100|[from] U-turn
|-activate|p1a: Overgod|ability: Supreme Overlord
|-start|p1a: Overgod|fallen1|[silent]
|move|p2a: Slowking|Psychic Noise|p1a: Overgod
|-immune|p1a: Overgod
|
|upkeep
|turn|48
|
|t:|1776055268
|switch|p2a: Ting-Lu|Ting-Lu, tera:Poison|100/100 slp
|-ability|p2a: Ting-Lu|Vessel of Ruin
|move|p1a: Overgod|Kowtow Cleave|p2a: Ting-Lu
|-damage|p2a: Ting-Lu|72/100 slp
|
|-heal|p2a: Ting-Lu|79/100 slp|[from] item: Leftovers
|upkeep
|turn|49
|
|t:|1776055271
|-end|p1a: Overgod|fallen1|[silent]
|switch|p1a: Gin|Enamorus, F, shiny|23/100
|cant|p2a: Ting-Lu|slp
|
|-heal|p2a: Ting-Lu|85/100 slp|[from] item: Leftovers
|upkeep
|turn|50
|
|t:|1776055274
|move|p1a: Gin|Earth Power|p2a: Ting-Lu
|-supereffective|p2a: Ting-Lu
|-damage|p2a: Ting-Lu|56/100 slp
|-unboost|p2a: Ting-Lu|spd|1
|cant|p2a: Ting-Lu|slp
|
|-heal|p2a: Ting-Lu|62/100 slp|[from] item: Leftovers
|upkeep
|turn|51
|
|t:|1776055277
|move|p1a: Gin|Earth Power|p2a: Ting-Lu
|-supereffective|p2a: Ting-Lu
|-damage|p2a: Ting-Lu|14/100 slp
|-unboost|p2a: Ting-Lu|spd|1
|-curestatus|p2a: Ting-Lu|slp|[msg]
|move|p2a: Ting-Lu|Payback|p1a: Gin
|-resisted|p1a: Gin
|-damage|p1a: Gin|0 fnt
|faint|p1a: Gin
|
|-heal|p2a: Ting-Lu|21/100|[from] item: Leftovers
|upkeep
|
|t:|1776055283
|switch|p1a: Behemoth|Great Tusk, shiny|67/100
|turn|52
|
|t:|1776055288
|switch|p2a: Slowking|Slowking-Galar, F, shiny|100/100
|move|p1a: Behemoth|Headlong Rush|p2a: Slowking
|-supereffective|p2a: Slowking
|-damage|p2a: Slowking|2/100
|-unboost|p1a: Behemoth|def|1
|-unboost|p1a: Behemoth|spd|1
|
|upkeep
|turn|53
|
|t:|1776055291
|move|p1a: Behemoth|Headlong Rush|p2a: Slowking
|-supereffective|p2a: Slowking
|-damage|p2a: Slowking|0 fnt
|-unboost|p1a: Behemoth|def|1
|-unboost|p1a: Behemoth|spd|1
|faint|p2a: Slowking
|
|upkeep
|
|t:|1776055293
|switch|p2a: Dondozo|Dondozo, F|39/100
|turn|54
|
|t:|1776055297
|-end|p1a: Behemoth|Protosynthesis|[silent]
|switch|p1a: Mantra|Slowking-Galar, M, shiny|58/100
|move|p2a: Dondozo|Rest|p2a: Dondozo
|-status|p2a: Dondozo|slp|[from] move: Rest
|-heal|p2a: Dondozo|100/100 slp|[silent]
|
|upkeep
|turn|55
|
|t:|1776055302
|cant|p2a: Dondozo|slp
|move|p2a: Dondozo|Sleep Talk|p2a: Dondozo
|move|p2a: Dondozo|Liquidation|p1a: Mantra|[from] move: Sleep Talk
|-damage|p1a: Mantra|38/100
|move|p1a: Mantra|Psychic Noise|p2a: Dondozo
|-damage|p2a: Dondozo|83/100 slp
|-start|p2a: Dondozo|move: Heal Block
|
|upkeep
|turn|56
|
|t:|1776055307
|switch|p1a: Anonymous|Ogerpon, F|36/100 tox
|cant|p2a: Dondozo|slp
|move|p2a: Dondozo|Sleep Talk|p2a: Dondozo
|move|p2a: Dondozo|Curse|p2a: Dondozo|[from] move: Sleep Talk
|-unboost|p2a: Dondozo|spe|1
|-boost|p2a: Dondozo|atk|1
|-boost|p2a: Dondozo|def|1
|
|-damage|p1a: Anonymous|30/100 tox|[from] psn
|-end|p2a: Dondozo|move: Heal Block
|upkeep
|turn|57
|
|t:|1776055311
|move|p1a: Anonymous|Ivy Cudgel|p2a: Dondozo
|-supereffective|p2a: Dondozo
|-damage|p2a: Dondozo|25/100 slp
|-curestatus|p2a: Dondozo|slp|[msg]
|move|p2a: Dondozo|Curse|p2a: Dondozo
|-unboost|p2a: Dondozo|spe|1
|-boost|p2a: Dondozo|atk|1
|-boost|p2a: Dondozo|def|1
|
|-heal|p2a: Dondozo|31/100|[from] item: Leftovers
|-damage|p1a: Anonymous|18/100 tox|[from] psn
|upkeep
|turn|58
|
|t:|1776055316
|move|p1a: Anonymous|Ivy Cudgel|p2a: Dondozo
|-supereffective|p2a: Dondozo
|-damage|p2a: Dondozo|0 fnt
|faint|p2a: Dondozo
|
|-damage|p1a: Anonymous|0 fnt|[from] psn
|faint|p1a: Anonymous
|upkeep
|
|t:|1776055321
|switch|p1a: Behemoth|Great Tusk, shiny|67/100
|switch|p2a: Ting-Lu|Ting-Lu, tera:Poison|21/100
|-ability|p2a: Ting-Lu|Vessel of Ruin
|turn|59
|-message|Dr. Drake6782 forfeited.
|
|win|RoLi404
|raw|RoLi404's rating: 1708 &rarr; <strong>1729</strong><br />(+21 for winning)
|raw|Dr. Drake6782's rating: 1717 &rarr; <strong>1696</strong><br />(-21 for losing)
|l|☆Dr. Drake6782
|player|p2|
|l|☆RoLi404
|player|p1|
|l| PESWGG
