|html|<div class="broadcast-blue"><strong>[Gen 9] OU is currently suspecting Volcarona! For information on how to participate check out the <a href="https://www.smogon.com/tools/suspects/view/208">suspect thread</a>.</strong></div>
|j|☆garg is back
|j|☆Bifld
|t:|1778501749
|gametype|singles
|player|p1|garg is back|ninjaboy|1417
|player|p2|Bifld|iono-masters|1487
|gen|9
|tier|[Gen 9] OU
|rated|
|rule|HP Percentage Mod: HP is shown in percentages
|rule|Endless Battle Clause: Forcing endless battles is banned
|rule|Species Clause: Limit one of each Pokémon
|rule|OHKO Clause: OHKO moves are banned
|rule|Evasion Items Clause: Evasion items are banned
|rule|Evasion Moves Clause: Evasion moves are banned
|rule|Evasion Abilities Clause: Evasion abilities are banned
|rule|Sleep Moves Clause: Sleep-inducing moves are banned
|clearpoke
|poke|p1|Weavile, M|
|poke|p1|Iron Moth|
|poke|p1|Great Tusk|
|poke|p1|Gholdengo|
|poke|p1|Rillaboom, F|
|poke|p1|Ogerpon-Wellspring, F|
|poke|p2|Weezing-Galar, M|
|poke|p2|Ogerpon, F|
|poke|p2|Skarmory, M|
|poke|p2|Alomomola, M|
|poke|p2|Clodsire, M|
|poke|p2|Hydreigon, M|
|teampreview
|inactive|Battle timer is ON: inactive players will automatically lose when time's up. (requested by Bifld)
|
|t:|1778501775
|teamsize|p1|6
|teamsize|p2|6
|start
|switch|p1a: Ogerpon|Ogerpon-Wellspring, F|100/100
|switch|p2a: Ogerpon|Ogerpon, F|100/100
|turn|1
|
|t:|1778501781
|switch|p1a: Iron Moth|Iron Moth|100/100
|-enditem|p1a: Iron Moth|Booster Energy
|-activate|p1a: Iron Moth|ability: Quark Drive|[fromitem]
|-start|p1a: Iron Moth|quarkdrivespe
|move|p2a: Ogerpon|U-turn|p1a: Iron Moth
|-resisted|p1a: Iron Moth
|-damage|p1a: Iron Moth|87/100
|
|t:|1778501785
|switch|p2a: Alomomola|Alomomola, M|100/100|[from] U-turn
|
|upkeep
|turn|2
|
|t:|1778501791
|-end|p1a: Iron Moth|Quark Drive|[silent]
|switch|p1a: Ogerpon|Ogerpon-Wellspring, F|100/100
|move|p2a: Alomomola|Flip Turn|p1a: Ogerpon
|-immune|p1a: Ogerpon|[from] ability: Water Absorb
|
|upkeep
|turn|3
|
|t:|1778501804
|switch|p2a: Skarmory|Skarmory, M|100/100
|move|p1a: Ogerpon|Spikes|p2a: Skarmory
|-sidestart|p2: Bifld|Spikes
|
|upkeep
|turn|4
|
|t:|1778501815
|switch|p1a: Gholdengo|Gholdengo|100/100
|move|p2a: Skarmory|Body Press|p1a: Gholdengo
|-immune|p1a: Gholdengo
|
|upkeep
|turn|5
|l|☆garg is back
|inactive|garg is back disconnected and has a minute to reconnect!
|player|p1|
|inactive|garg is back has 30 seconds to reconnect!
|j|☆garg is back
|inactive|garg is back reconnected and has 100 seconds left.
|player|p1|garg is back|ninjaboy|
|l|☆garg is back
|inactive|garg is back disconnected and has a minute to reconnect!
|player|p1|
|j|☆garg is back
|inactive|garg is back reconnected and has 95 seconds left.
|player|p1|garg is back|ninjaboy|
|inactive|garg is back has 90 seconds left.
|
|t:|1778501878
|switch|p1a: Ogerpon|Ogerpon-Wellspring, F|100/100
|switch|p2a: Alomomola|Alomomola, M|100/100
|-damage|p2a: Alomomola|88/100|[from] Spikes
|
|upkeep
|turn|6
|
|t:|1778501888
|switch|p2a: Weezing|Weezing-Galar, M|100/100
|-ability|p2a: Weezing|Neutralizing Gas
|move|p1a: Ogerpon|Spikes|p2a: Weezing
|-sidestart|p2: Bifld|Spikes
|
|upkeep
|turn|7
|
|t:|1778501891
|switch|p1a: Gholdengo|Gholdengo|100/100
|move|p2a: Weezing|Will-O-Wisp|p1a: Gholdengo
|-status|p1a: Gholdengo|brn
|
|-damage|p1a: Gholdengo|94/100 brn|[from] brn
|upkeep
|turn|8
|
|t:|1778501897
|-end|p2a: Weezing|ability: Neutralizing Gas
|switch|p2a: Clodsire|Clodsire, M|100/100
|-damage|p2a: Clodsire|84/100|[from] Spikes
|move|p1a: Gholdengo|Shadow Ball|p2a: Clodsire
|-damage|p2a: Clodsire|61/100
|
|-damage|p1a: Gholdengo|88/100 brn|[from] brn
|upkeep
|turn|9
|inactive|garg is back has 120 seconds left.
|
|t:|1778501904
|switch|p1a: Great Tusk|Great Tusk|100/100
|move|p2a: Clodsire|Recover|p2a: Clodsire
|-heal|p2a: Clodsire|100/100
|
|upkeep
|turn|10
|
|t:|1778501911
|switch|p2a: Skarmory|Skarmory, M|100/100
|move|p1a: Great Tusk|Headlong Rush|p2a: Skarmory
|-immune|p2a: Skarmory
|
|upkeep
|turn|11
|
|t:|1778501920
|switch|p2a: Weezing|Weezing-Galar, M|100/100
|-ability|p2a: Weezing|Neutralizing Gas
|move|p1a: Great Tusk|Stealth Rock|p2a: Weezing
|-sidestart|p2: Bifld|move: Stealth Rock
|
|upkeep
|turn|12
|
|t:|1778501927
|-end|p1a: Great Tusk|Protosynthesis|[silent]
|switch|p1a: Iron Moth|Iron Moth|87/100
|move|p2a: Weezing|Defog|p1a: Iron Moth
|-unboost|p1a: Iron Moth|evasion|1
|-sideend|p2: Bifld|Spikes|[from] move: Defog|[of] p2a: Weezing
|-sideend|p2: Bifld|Stealth Rock|[from] move: Defog|[of] p2a: Weezing
|
|upkeep
|turn|13
|
|t:|1778501932
|-end|p2a: Weezing|ability: Neutralizing Gas
|switch|p2a: Clodsire|Clodsire, M|100/100
|move|p1a: Iron Moth|Sludge Wave|p2a: Clodsire
|-resisted|p2a: Clodsire
|-damage|p2a: Clodsire|94/100
|
|upkeep
|turn|14
|-message|garg is back forfeited.
|
|win|Bifld
|raw|garg is back's rating: 1417 &rarr; <strong>1401</strong><br />(-16 for losing)
|raw|Bifld's rating: 1487 &rarr; <strong>1503</strong><br />(+16 for winning)
