|html|<div class="broadcast-blue"><strong>[Gen 9] OU is currently suspecting Tera Blast! For information on how to participate check out the <a href="https://www.smogon.com/tools/suspects/view/200">suspect thread</a>.</strong></div>
|j|☆sam2077
|j|☆Impersona
|t:|1776077667
|gametype|singles
|player|p1|sam2077|red|1313
|player|p2|Impersona|steven|1271
|gen|9
|tier|[Gen 9] OU
|rated|
|rule|HP Percentage Mod: HP is shown in percentages
|rule|Endless Battle Clause: Forcing endless battles is banned
|rule|Species Clause: Limit one of each Pokémon
|rule|OHKO Clause: OHKO moves are banned
|rule|Evasion Items Clause: Evasion items are banned
|rule|Evasion Moves Clause: Evasion moves are banned
|rule|Evasion Abilities Clause: Evasion abilities are banned
|rule|Sleep Moves Clause: Sleep-inducing moves are banned
|clearpoke
|poke|p1|Garchomp, M|
|poke|p1|Incineroar, M|
|poke|p1|Dragonite, M|
|poke|p1|Haxorus, M|
|poke|p1|Gholdengo|
|poke|p1|Gengar, M|
|poke|p2|Flygon, M|
|poke|p2|Breloom, M|
|poke|p2|Zapdos|
|poke|p2|Keldeo-Resolute|
|poke|p2|Tyranitar, M|
|poke|p2|Heatran, F|
|teampreview
|inactive|Battle timer is ON: inactive players will automatically lose when time's up. (requested by Impersona)
|inactive|Impersona has 120 seconds left.
|
|t:|1776077710
|teamsize|p1|6
|teamsize|p2|6
|start
|switch|p1a: Incineroar|Incineroar, M, shiny|100/100
|switch|p2a: Heatran|Heatran, F|100/100
|-ability|p1a: Incineroar|Intimidate|boost
|-unboost|p2a: Heatran|atk|1
|turn|1
|inactive|Impersona has 120 seconds left.
|
|t:|1776077747
|move|p2a: Heatran|Stealth Rock|p1a: Incineroar
|-sidestart|p1: sam2077|move: Stealth Rock
|move|p1a: Incineroar|Knock Off|p2a: Heatran
|-damage|p2a: Heatran|67/100
|-enditem|p2a: Heatran|Heavy-Duty Boots|[from] move: Knock Off|[of] p1a: Incineroar
|
|upkeep
|turn|2
|inactive|Impersona has 120 seconds left.
|
|t:|1776077755
|move|p2a: Heatran|Earth Power|p1a: Incineroar
|-supereffective|p1a: Incineroar
|-damage|p1a: Incineroar|65/100
|move|p1a: Incineroar|Parting Shot|p2a: Heatran
|-unboost|p2a: Heatran|atk|1
|-unboost|p2a: Heatran|spa|1
|
|t:|1776077784
|switch|p1a: Garchomp|Garchomp, M, shiny|100/100|[from] Parting Shot
|-damage|p1a: Garchomp|94/100|[from] Stealth Rock
|
|upkeep
|turn|3
|inactive|Impersona has 120 seconds left.
|
|t:|1776077820
|switch|p2a: Zapdos|Zapdos|100/100
|move|p1a: Garchomp|Stealth Rock|p2a: Zapdos
|-sidestart|p2: Impersona|move: Stealth Rock
|
|upkeep
|turn|4
|
|t:|1776077838
|move|p1a: Garchomp|Spikes|p2a: Zapdos
|-sidestart|p2: Impersona|Spikes
|move|p2a: Zapdos|Hurricane|p1a: Garchomp
|-damage|p1a: Garchomp|53/100
|
|upkeep
|turn|5
|
|t:|1776077847
|move|p1a: Garchomp|Spikes|p2a: Zapdos
|-sidestart|p2: Impersona|Spikes
|move|p2a: Zapdos|Hurricane|p1a: Garchomp
|-damage|p1a: Garchomp|10/100
|-start|p1a: Garchomp|confusion
|
|upkeep
|turn|6
|
|t:|1776077855
|-activate|p1a: Garchomp|confusion
|move|p1a: Garchomp|Spikes|p2a: Zapdos
|-sidestart|p2: Impersona|Spikes
|move|p2a: Zapdos|Hurricane|p1a: Garchomp|[miss]
|-miss|p2a: Zapdos|p1a: Garchomp
|
|upkeep
|turn|7
|inactive|Impersona has 120 seconds left.
|
|t:|1776077862
|move|p2a: Zapdos|Hurricane|p1a: Garchomp|[miss]
|-miss|p2a: Zapdos|p1a: Garchomp
|-activate|p1a: Garchomp|confusion
|-damage|p1a: Garchomp|0 fnt|[from] confusion
|faint|p1a: Garchomp
|
|upkeep
|
|t:|1776077874
|switch|p1a: Gholdengo|Gholdengo, shiny|100/100
|-damage|p1a: Gholdengo|94/100|[from] Stealth Rock
|-item|p1a: Gholdengo|Air Balloon
|turn|8
|
|t:|1776077881
|move|p1a: Gholdengo|Nasty Plot|p1a: Gholdengo
|-boost|p1a: Gholdengo|spa|2
|move|p2a: Zapdos|Discharge|p1a: Gholdengo
|-damage|p1a: Gholdengo|54/100
|-enditem|p1a: Gholdengo|Air Balloon
|
|upkeep
|turn|9
|
|t:|1776077894
|move|p1a: Gholdengo|Shadow Ball|p2a: Zapdos
|-damage|p2a: Zapdos|22/100
|move|p2a: Zapdos|Discharge|p1a: Gholdengo
|-damage|p1a: Gholdengo|14/100
|
|upkeep
|turn|10
|
|t:|1776077902
|move|p1a: Gholdengo|Shadow Ball|p2a: Zapdos
|-damage|p2a: Zapdos|0 fnt
|faint|p2a: Zapdos
|
|upkeep
|
|t:|1776077908
|switch|p2a: Flygon|Flygon, M|100/100
|-damage|p2a: Flygon|95/100|[from] Stealth Rock
|turn|11
|
|t:|1776077919
|move|p2a: Flygon|Outrage|p1a: Gholdengo
|-resisted|p1a: Gholdengo
|-damage|p1a: Gholdengo|0 fnt
|faint|p1a: Gholdengo
|
|upkeep
|
|t:|1776077932
|switch|p1a: Dragonite|Dragonite, M|100/100
|-damage|p1a: Dragonite|76/100|[from] Stealth Rock
|turn|12
|
|t:|1776077939
|-terastallize|p1a: Dragonite|Fairy
|move|p2a: Flygon|Outrage|p1a: Dragonite|[from] lockedmove
|-immune|p1a: Dragonite
|-start|p2a: Flygon|confusion|[fatigue]
|move|p1a: Dragonite|Dragon Dance|p1a: Dragonite
|-boost|p1a: Dragonite|atk|1
|-boost|p1a: Dragonite|spe|1
|
|upkeep
|turn|13
|
|t:|1776077959
|switch|p2a: Tyranitar|Tyranitar, M|100/100
|-damage|p2a: Tyranitar|88/100|[from] Stealth Rock
|-damage|p2a: Tyranitar|63/100|[from] Spikes
|-weather|Sandstorm|[from] ability: Sand Stream|[of] p2a: Tyranitar
|move|p1a: Dragonite|Dragon Dance|p1a: Dragonite
|-boost|p1a: Dragonite|atk|1
|-boost|p1a: Dragonite|spe|1
|
|-weather|Sandstorm|[upkeep]
|-damage|p1a: Dragonite|70/100|[from] Sandstorm
|upkeep
|turn|14
|
|t:|1776077975
|move|p1a: Dragonite|Scale Shot|p2a: Tyranitar
|-damage|p2a: Tyranitar|40/100
|-damage|p2a: Tyranitar|17/100
|-damage|p2a: Tyranitar|0 fnt
|faint|p2a: Tyranitar
|-hitcount|p2: Tyranitar|3
|-unboost|p1a: Dragonite|def|1
|-boost|p1a: Dragonite|spe|1
|
|-weather|Sandstorm|[upkeep]
|-damage|p1a: Dragonite|63/100|[from] Sandstorm
|upkeep
|inactive|Impersona has 120 seconds left.
|
|t:|1776077995
|switch|p2a: Heatran|Heatran, F|67/100
|-damage|p2a: Heatran|55/100|[from] Stealth Rock
|-damage|p2a: Heatran|30/100|[from] Spikes
|turn|15
|inactive|Impersona has 120 seconds left.
|
|t:|1776078005
|-terastallize|p2a: Heatran|Flying
|move|p1a: Dragonite|Scale Shot|p2a: Heatran
|-damage|p2a: Heatran|6/100
|-damage|p2a: Heatran|0 fnt
|faint|p2a: Heatran
|-hitcount|p2: Heatran|2
|-unboost|p1a: Dragonite|def|1
|-boost|p1a: Dragonite|spe|1
|
|-weather|Sandstorm|[upkeep]
|-damage|p1a: Dragonite|57/100|[from] Sandstorm
|upkeep
|-message|Impersona forfeited.
|
|win|sam2077
|raw|sam2077's rating: 1313 &rarr; <strong>1331</strong><br />(+18 for winning)
|raw|Impersona's rating: 1271 &rarr; <strong>1249</strong><br />(-22 for losing)
|l|☆Impersona
|player|p2|
|l|☆sam2077
|player|p1|
