|html|<div class="broadcast-blue"><strong>[Gen 9] OU is currently suspecting Volcarona! For information on how to participate check out the <a href="https://www.smogon.com/tools/suspects/view/208">suspect thread</a>.</strong></div>
|j|☆louwilliamzz
|j|☆vartholomeus
|t:|1778510767
|gametype|singles
|player|p1|louwilliamzz|169|1484
|player|p2|vartholomeus|gambler|1509
|gen|9
|tier|[Gen 9] OU
|rated|
|rule|HP Percentage Mod: HP is shown in percentages
|rule|Endless Battle Clause: Forcing endless battles is banned
|rule|Species Clause: Limit one of each Pokémon
|rule|OHKO Clause: OHKO moves are banned
|rule|Evasion Items Clause: Evasion items are banned
|rule|Evasion Moves Clause: Evasion moves are banned
|rule|Evasion Abilities Clause: Evasion abilities are banned
|rule|Sleep Moves Clause: Sleep-inducing moves are banned
|clearpoke
|poke|p1|Gliscor, M|
|poke|p1|Primarina, F|
|poke|p1|Scizor, M|
|poke|p1|Regieleki|
|poke|p1|Zamazenta-*|
|poke|p1|Moltres-Galar|
|poke|p2|Moltres|
|poke|p2|Kleavor, F|
|poke|p2|Greninja-*, M|
|poke|p2|Rillaboom, F|
|poke|p2|Iron Hands|
|poke|p2|Gholdengo|
|teampreview
|inactive|Battle timer is ON: inactive players will automatically lose when time's up. (requested by vartholomeus)
|
|t:|1778510778
|teamsize|p1|6
|teamsize|p2|6
|start
|switch|p1a: Regieleki|Regieleki|100/100
|switch|p2a: Klingk|Kleavor, F|100/100
|turn|1
|
|t:|1778510785
|move|p1a: Regieleki|Reflect|p1a: Regieleki
|-sidestart|p1: louwilliamzz|Reflect
|move|p2a: Klingk|Stone Axe|p1a: Regieleki
|-damage|p1a: Regieleki|52/100
|-sidestart|p1: louwilliamzz|move: Stealth Rock
|
|upkeep
|turn|2
|
|t:|1778510791
|move|p1a: Regieleki|Volt Switch|p2a: Klingk
|-damage|p2a: Klingk|53/100
|
|t:|1778510800
|switch|p1a: Primarina|Primarina, F, shiny|100/100|[from] Volt Switch
|-damage|p1a: Primarina|88/100|[from] Stealth Rock
|move|p2a: Klingk|Swords Dance|p2a: Klingk
|-boost|p2a: Klingk|atk|2
|
|-heal|p1a: Primarina|94/100|[from] item: Leftovers
|upkeep
|turn|3
|
|t:|1778510814
|move|p2a: Klingk|Stone Axe|p1a: Primarina
|-damage|p1a: Primarina|45/100
|move|p1a: Primarina|Psychic Noise|p2a: Klingk
|-supereffective|p2a: Klingk
|-damage|p2a: Klingk|0 fnt
|faint|p2a: Klingk
|
|-heal|p1a: Primarina|51/100|[from] item: Leftovers
|upkeep
|
|t:|1778510821
|switch|p2a: Rolla|Rillaboom, F|100/100
|-fieldstart|move: Grassy Terrain|[from] ability: Grassy Surge|[of] p2a: Rolla
|turn|4
|
|t:|1778510829
|switch|p1a: Scizor|Scizor, M|100/100
|-damage|p1a: Scizor|88/100|[from] Stealth Rock
|move|p2a: Rolla|Grassy Glide|p1a: Scizor
|-resisted|p1a: Scizor
|-damage|p1a: Scizor|83/100
|
|-heal|p1a: Scizor|89/100|[from] Grassy Terrain
|upkeep
|turn|5
|
|t:|1778510840
|switch|p2a: Maltro|Moltres|100/100
|move|p1a: Scizor|U-turn|p2a: Maltro
|-resisted|p2a: Maltro
|-damage|p2a: Maltro|90/100
|
|t:|1778510845
|switch|p1a: Regieleki|Regieleki|52/100|[from] U-turn
|-damage|p1a: Regieleki|40/100|[from] Stealth Rock
|
|-heal|p1a: Regieleki|46/100|[from] Grassy Terrain
|upkeep
|turn|6
|
|t:|1778510861
|switch|p2a: E.Honda|Iron Hands|100/100
|-enditem|p2a: E.Honda|Booster Energy
|-activate|p2a: E.Honda|ability: Quark Drive|[fromitem]
|-start|p2a: E.Honda|quarkdriveatk
|move|p1a: Regieleki|Rapid Spin|p2a: E.Honda
|-damage|p2a: E.Honda|92/100
|-boost|p1a: Regieleki|spe|1
|-sideend|p1: louwilliamzz|Stealth Rock|[from] move: Rapid Spin|[of] p1a: Regieleki
|
|-heal|p1a: Regieleki|52/100|[from] Grassy Terrain
|-heal|p2a: E.Honda|98/100|[from] Grassy Terrain
|upkeep
|turn|7
|
|t:|1778510884
|move|p1a: Regieleki|Volt Switch|p2a: E.Honda
|-resisted|p2a: E.Honda
|-damage|p2a: E.Honda|87/100
|
|t:|1778510890
|switch|p1a: Gliscor|Gliscor, M|100/100|[from] Volt Switch
|move|p2a: E.Honda|Swords Dance|p2a: E.Honda
|-boost|p2a: E.Honda|atk|2
|
|-heal|p2a: E.Honda|93/100|[from] Grassy Terrain
|-status|p1a: Gliscor|tox|[from] item: Toxic Orb
|upkeep
|turn|8
|inactive|louwilliamzz has 120 seconds left.
|
|t:|1778510918
|move|p1a: Gliscor|Protect|p1a: Gliscor
|-singleturn|p1a: Gliscor|Protect
|move|p2a: E.Honda|Ice Punch|p1a: Gliscor
|-activate|p1a: Gliscor|move: Protect
|
|-heal|p2a: E.Honda|99/100|[from] Grassy Terrain
|-sideend|p1: louwilliamzz|Reflect
|upkeep
|turn|9
|inactive|louwilliamzz has 120 seconds left.
|
|t:|1778510936
|-terastallize|p1a: Gliscor|Normal
|move|p1a: Gliscor|Earthquake|p2a: E.Honda
|-supereffective|p2a: E.Honda
|-damage|p2a: E.Honda|76/100
|move|p2a: E.Honda|Ice Punch|p1a: Gliscor
|-damage|p1a: Gliscor|42/100 tox
|
|-heal|p1a: Gliscor|48/100 tox|[from] Grassy Terrain
|-heal|p2a: E.Honda|82/100|[from] Grassy Terrain
|-heal|p1a: Gliscor|60/100 tox|[from] ability: Poison Heal
|upkeep
|turn|10
|
|t:|1778510965
|move|p1a: Gliscor|Facade|p2a: E.Honda
|-damage|p2a: E.Honda|52/100
|move|p2a: E.Honda|Swords Dance|p2a: E.Honda
|-boost|p2a: E.Honda|atk|2
|
|-heal|p1a: Gliscor|67/100 tox|[from] Grassy Terrain
|-heal|p2a: E.Honda|58/100|[from] Grassy Terrain
|-heal|p1a: Gliscor|79/100 tox|[from] ability: Poison Heal
|upkeep
|turn|11
|
|t:|1778510972
|move|p1a: Gliscor|Facade|p2a: E.Honda
|-damage|p2a: E.Honda|25/100
|move|p2a: E.Honda|Drain Punch|p1a: Gliscor
|-supereffective|p1a: Gliscor
|-damage|p1a: Gliscor|0 fnt
|-heal|p2a: E.Honda|56/100|[from] drain|[of] p1a: Gliscor
|faint|p1a: Gliscor
|
|-heal|p2a: E.Honda|62/100|[from] Grassy Terrain
|-fieldend|move: Grassy Terrain
|upkeep
|
|t:|1778510980
|switch|p1a: Regieleki|Regieleki|52/100
|turn|12
|
|t:|1778510983
|move|p1a: Regieleki|Reflect|p1a: Regieleki
|-sidestart|p1: louwilliamzz|Reflect
|move|p2a: E.Honda|Drain Punch|p1a: Regieleki
|-damage|p1a: Regieleki|0 fnt
|-heal|p2a: E.Honda|83/100|[from] drain|[of] p1a: Regieleki
|faint|p1a: Regieleki
|
|upkeep
|
|t:|1778510988
|switch|p1a: Zamazenta|Zamazenta|100/100
|-ability|p1a: Zamazenta|Dauntless Shield|boost
|-boost|p1a: Zamazenta|def|1
|turn|13
|
|t:|1778510993
|move|p2a: E.Honda|Drain Punch|p1a: Zamazenta
|-damage|p1a: Zamazenta|58/100
|-heal|p2a: E.Honda|100/100|[from] drain|[of] p1a: Zamazenta
|move|p1a: Zamazenta|Roar|p2a: E.Honda
|-end|p2a: E.Honda|Quark Drive|[silent]
|drag|p2a: Rolla|Rillaboom, F|100/100
|-fieldstart|move: Grassy Terrain|[from] ability: Grassy Surge|[of] p2a: Rolla
|
|-heal|p1a: Zamazenta|64/100|[from] Grassy Terrain
|-heal|p1a: Zamazenta|70/100|[from] item: Leftovers
|upkeep
|turn|14
|inactive|louwilliamzz has 120 seconds left.
|
|t:|1778511025
|switch|p1a: Scizor|Scizor, M|89/100
|switch|p2a: Maltro|Moltres|90/100
|
|-heal|p1a: Scizor|95/100|[from] Grassy Terrain
|upkeep
|turn|15
|
|t:|1778511032
|switch|p1a: Primarina|Primarina, F, shiny|51/100
|move|p2a: Maltro|Roar|p1a: Primarina
|drag|p1a: Scizor|Scizor, M|95/100
|
|-heal|p1a: Scizor|100/100|[from] Grassy Terrain
|upkeep
|turn|16
|
|t:|1778511040
|switch|p1a: Primarina|Primarina, F, shiny|51/100
|move|p2a: Maltro|U-turn|p1a: Primarina
|-resisted|p1a: Primarina
|-damage|p1a: Primarina|48/100
|
|t:|1778511047
|switch|p2a: E.Honda|Iron Hands|100/100|[from] U-turn
|
|-heal|p1a: Primarina|54/100|[from] Grassy Terrain
|-heal|p1a: Primarina|60/100|[from] item: Leftovers
|upkeep
|turn|17
|inactive|louwilliamzz has 120 seconds left.
|
|t:|1778511068
|-end|p2a: E.Honda|Quark Drive|[silent]
|switch|p2a: Maltro|Moltres|90/100
|move|p1a: Primarina|Draining Kiss|p2a: Maltro
|-resisted|p2a: Maltro
|-damage|p2a: Maltro|79/100
|-heal|p1a: Primarina|69/100|[from] drain|[of] p2a: Maltro
|-status|p1a: Primarina|brn|[from] ability: Flame Body|[of] p2a: Maltro
|
|-heal|p1a: Primarina|75/100 brn|[from] Grassy Terrain
|-heal|p1a: Primarina|81/100 brn|[from] item: Leftovers
|-damage|p1a: Primarina|75/100 brn|[from] brn
|upkeep
|turn|18
|
|t:|1778511074
|move|p2a: Maltro|U-turn|p1a: Primarina
|-resisted|p1a: Primarina
|-damage|p1a: Primarina|72/100 brn
|
|t:|1778511077
|switch|p2a: Rolla|Rillaboom, F|100/100|[from] U-turn
|move|p1a: Primarina|Psychic Noise|p2a: Rolla
|-resisted|p2a: Rolla
|-crit|p2a: Rolla
|-damage|p2a: Rolla|73/100
|-start|p2a: Rolla|move: Heal Block
|
|-heal|p1a: Primarina|78/100 brn|[from] Grassy Terrain
|-heal|p1a: Primarina|84/100 brn|[from] item: Leftovers
|-damage|p1a: Primarina|78/100 brn|[from] brn
|upkeep
|turn|19
|inactive|louwilliamzz has 120 seconds left.
|
|t:|1778511104
|switch|p1a: Scizor|Scizor, M|100/100
|move|p2a: Rolla|Knock Off|p1a: Scizor
|-damage|p1a: Scizor|82/100
|-enditem|p1a: Scizor|Choice Band|[from] move: Knock Off|[of] p2a: Rolla
|
|-heal|p1a: Scizor|88/100|[from] Grassy Terrain
|-end|p2a: Rolla|move: Heal Block
|-sideend|p1: louwilliamzz|Reflect
|upkeep
|turn|20
|
|t:|1778511122
|switch|p2a: Maltro|Moltres|79/100
|switch|p1a: Moltres|Moltres-Galar|100/100
|
|-fieldend|move: Grassy Terrain
|upkeep
|turn|21
|
|t:|1778511135
|move|p1a: Moltres|Agility|p1a: Moltres
|-boost|p1a: Moltres|spe|2
|move|p2a: Maltro|Roar|p1a: Moltres
|drag|p1a: Zamazenta|Zamazenta|70/100
|
|-heal|p1a: Zamazenta|77/100|[from] item: Leftovers
|upkeep
|turn|22
|
|t:|1778511145
|switch|p1a: Primarina|Primarina, F, shiny|78/100 brn
|move|p2a: Maltro|Flamethrower|p1a: Primarina
|-resisted|p1a: Primarina
|-damage|p1a: Primarina|63/100 brn
|
|-heal|p1a: Primarina|69/100 brn|[from] item: Leftovers
|-damage|p1a: Primarina|63/100 brn|[from] brn
|upkeep
|turn|23
|
|t:|1778511159
|move|p2a: Maltro|U-turn|p1a: Primarina
|-resisted|p1a: Primarina
|-damage|p1a: Primarina|57/100 brn
|
|t:|1778511162
|switch|p2a: Rolla|Rillaboom, F|73/100|[from] U-turn
|-fieldstart|move: Grassy Terrain|[from] ability: Grassy Surge|[of] p2a: Rolla
|move|p1a: Primarina|Substitute|p1a: Primarina
|-start|p1a: Primarina|Substitute
|-damage|p1a: Primarina|32/100 brn
|
|-heal|p2a: Rolla|80/100|[from] Grassy Terrain
|-heal|p1a: Primarina|38/100 brn|[from] Grassy Terrain
|-heal|p1a: Primarina|44/100 brn|[from] item: Leftovers
|-damage|p1a: Primarina|38/100 brn|[from] brn
|upkeep
|turn|24
|inactive|louwilliamzz has 120 seconds left.
|
|t:|1778511169
|move|p2a: Rolla|Grassy Glide|p1a: Primarina
|-supereffective|p1a: Primarina
|-end|p1a: Primarina|Substitute
|move|p1a: Primarina|Draining Kiss|p2a: Rolla
|-damage|p2a: Rolla|57/100
|-heal|p1a: Primarina|56/100 brn|[from] drain|[of] p2a: Rolla
|
|-heal|p2a: Rolla|63/100|[from] Grassy Terrain
|-heal|p1a: Primarina|62/100 brn|[from] Grassy Terrain
|-heal|p1a: Primarina|68/100 brn|[from] item: Leftovers
|-damage|p1a: Primarina|62/100 brn|[from] brn
|upkeep
|turn|25
|inactive|louwilliamzz has 120 seconds left.
|
|t:|1778511183
|switch|p1a: Zamazenta|Zamazenta|77/100
|move|p2a: Rolla|U-turn|p1a: Zamazenta
|-resisted|p1a: Zamazenta
|-damage|p1a: Zamazenta|68/100
|
|t:|1778511187
|switch|p2a: Mantequillo|Gholdengo|100/100|[from] U-turn
|
|-heal|p1a: Zamazenta|74/100|[from] Grassy Terrain
|-heal|p1a: Zamazenta|80/100|[from] item: Leftovers
|upkeep
|turn|26
|
|t:|1778511194
|move|p2a: Mantequillo|Trick|p1a: Zamazenta
|-activate|p2a: Mantequillo|move: Trick|[of] p1a: Zamazenta
|-item|p1a: Zamazenta|Choice Scarf|[from] move: Trick
|-item|p2a: Mantequillo|Leftovers|[from] move: Trick
|move|p1a: Zamazenta|Crunch|p2a: Mantequillo
|-supereffective|p2a: Mantequillo
|-damage|p2a: Mantequillo|49/100
|
|-heal|p1a: Zamazenta|86/100|[from] Grassy Terrain
|-heal|p2a: Mantequillo|55/100|[from] Grassy Terrain
|-heal|p2a: Mantequillo|61/100|[from] item: Leftovers
|upkeep
|turn|27
|
|t:|1778511208
|switch|p1a: Primarina|Primarina, F, shiny|62/100 brn
|switch|p2a: Suke|Greninja, M|100/100
|
|-heal|p1a: Primarina|68/100 brn|[from] Grassy Terrain
|-heal|p1a: Primarina|74/100 brn|[from] item: Leftovers
|-damage|p1a: Primarina|68/100 brn|[from] brn
|upkeep
|turn|28
|
|t:|1778511222
|switch|p1a: Scizor|Scizor, M|88/100
|-terastallize|p2a: Suke|Poison
|move|p2a: Suke|Sludge Wave|p1a: Scizor
|-immune|p1a: Scizor
|
|-heal|p1a: Scizor|94/100|[from] Grassy Terrain
|upkeep
|turn|29
|inactive|louwilliamzz has 120 seconds left.
|
|t:|1778511269
|switch|p2a: Maltro|Moltres|79/100
|move|p1a: Scizor|Knock Off|p2a: Maltro
|-damage|p2a: Maltro|54/100
|-status|p1a: Scizor|brn|[from] ability: Flame Body|[of] p2a: Maltro
|-enditem|p2a: Maltro|Heavy-Duty Boots|[from] move: Knock Off|[of] p1a: Scizor
|
|-heal|p1a: Scizor|100/100 brn|[from] Grassy Terrain
|-damage|p1a: Scizor|94/100 brn|[from] brn
|upkeep
|turn|30
|
|t:|1778511279
|move|p2a: Maltro|Roost|p2a: Maltro
|-heal|p2a: Maltro|100/100
|-singleturn|p2a: Maltro|move: Roost
|move|p1a: Scizor|U-turn|p2a: Maltro
|-resisted|p2a: Maltro
|-damage|p2a: Maltro|94/100
|
|t:|1778511283
|switch|p1a: Moltres|Moltres-Galar|100/100|[from] U-turn
|
|-heal|p2a: Maltro|99/100|[from] Grassy Terrain
|-fieldend|move: Grassy Terrain
|upkeep
|turn|31
|
|t:|1778511291
|move|p1a: Moltres|Fiery Wrath|p2a: Maltro
|-crit|p2a: Maltro
|-damage|p2a: Maltro|31/100
|move|p2a: Maltro|Roar|p1a: Moltres
|drag|p1a: Scizor|Scizor, M|94/100 brn
|
|-damage|p1a: Scizor|88/100 brn|[from] brn
|upkeep
|turn|32
|
|t:|1778511302
|move|p2a: Maltro|Roost|p2a: Maltro
|-heal|p2a: Maltro|81/100
|-singleturn|p2a: Maltro|move: Roost
|move|p1a: Scizor|U-turn|p2a: Maltro
|-resisted|p2a: Maltro
|-damage|p2a: Maltro|74/100
|
|t:|1778511305
|switch|p1a: Moltres|Moltres-Galar|100/100|[from] U-turn
|
|upkeep
|turn|33
|
|t:|1778511308
|move|p1a: Moltres|Fiery Wrath|p2a: Maltro
|-damage|p2a: Maltro|30/100
|move|p2a: Maltro|U-turn|p1a: Moltres
|-damage|p1a: Moltres|83/100
|
|t:|1778511314
|switch|p2a: E.Honda|Iron Hands|100/100|[from] U-turn
|
|upkeep
|turn|34
|
|t:|1778511328
|switch|p1a: Zamazenta|Zamazenta|86/100
|move|p2a: E.Honda|Swords Dance|p2a: E.Honda
|-boost|p2a: E.Honda|atk|2
|
|upkeep
|turn|35
|
|t:|1778511339
|move|p2a: E.Honda|Swords Dance|p2a: E.Honda
|-boost|p2a: E.Honda|atk|2
|move|p1a: Zamazenta|Roar|p2a: E.Honda
|-end|p2a: E.Honda|Quark Drive|[silent]
|drag|p2a: Mantequillo|Gholdengo|61/100
|
|-heal|p2a: Mantequillo|67/100|[from] item: Leftovers
|upkeep
|turn|36
|
|t:|1778511345
|switch|p1a: Scizor|Scizor, M|88/100 brn
|move|p2a: Mantequillo|Make It Rain|p1a: Scizor
|-resisted|p1a: Scizor
|-damage|p1a: Scizor|48/100 brn
|-unboost|p2a: Mantequillo|spa|1
|
|-heal|p2a: Mantequillo|73/100|[from] item: Leftovers
|-damage|p1a: Scizor|42/100 brn|[from] brn
|upkeep
|turn|37
|
|t:|1778511355
|switch|p2a: E.Honda|Iron Hands|100/100
|move|p1a: Scizor|U-turn|p2a: E.Honda
|-resisted|p2a: E.Honda
|-crit|p2a: E.Honda
|-damage|p2a: E.Honda|90/100
|
|t:|1778511366
|switch|p1a: Primarina|Primarina, F, shiny|68/100 brn|[from] U-turn
|
|-heal|p1a: Primarina|74/100 brn|[from] item: Leftovers
|-damage|p1a: Primarina|68/100 brn|[from] brn
|upkeep
|turn|38
|
|t:|1778511372
|-end|p2a: E.Honda|Quark Drive|[silent]
|switch|p2a: Mantequillo|Gholdengo|73/100
|move|p1a: Primarina|Draining Kiss|p2a: Mantequillo
|-resisted|p2a: Mantequillo
|-damage|p2a: Mantequillo|60/100
|-heal|p1a: Primarina|77/100 brn|[from] drain|[of] p2a: Mantequillo
|
|-heal|p2a: Mantequillo|67/100|[from] item: Leftovers
|-heal|p1a: Primarina|83/100 brn|[from] item: Leftovers
|-damage|p1a: Primarina|77/100 brn|[from] brn
|upkeep
|turn|39
|
|t:|1778511378
|switch|p1a: Scizor|Scizor, M|42/100 brn
|move|p2a: Mantequillo|Shadow Ball|p1a: Scizor
|-damage|p1a: Scizor|0 fnt
|faint|p1a: Scizor
|
|-heal|p2a: Mantequillo|73/100|[from] item: Leftovers
|upkeep
|
|t:|1778511384
|switch|p1a: Moltres|Moltres-Galar|83/100
|turn|40
|
|t:|1778511406
|switch|p2a: E.Honda|Iron Hands|90/100
|move|p1a: Moltres|Agility|p1a: Moltres
|-boost|p1a: Moltres|spe|2
|
|upkeep
|turn|41
|
|t:|1778511425
|move|p1a: Moltres|Air Slash|p2a: E.Honda
|-damage|p2a: E.Honda|59/100
|move|p2a: E.Honda|Thunder Punch|p1a: Moltres
|-supereffective|p1a: Moltres
|-crit|p1a: Moltres
|-damage|p1a: Moltres|0 fnt
|faint|p1a: Moltres
|
|upkeep
|
|t:|1778511431
|switch|p1a: Zamazenta|Zamazenta|86/100
|turn|42
|
|t:|1778511435
|-end|p2a: E.Honda|Quark Drive|[silent]
|switch|p2a: Maltro|Moltres|30/100
|move|p1a: Zamazenta|Body Press|p2a: Maltro
|-resisted|p2a: Maltro
|-damage|p2a: Maltro|17/100
|-status|p1a: Zamazenta|brn|[from] ability: Flame Body|[of] p2a: Maltro
|
|-damage|p1a: Zamazenta|80/100 brn|[from] brn
|upkeep
|turn|43
|
|t:|1778511439
|move|p1a: Zamazenta|Body Press|p2a: Maltro
|-resisted|p2a: Maltro
|-damage|p2a: Maltro|11/100
|move|p2a: Maltro|Roost|p2a: Maltro
|-heal|p2a: Maltro|61/100
|-singleturn|p2a: Maltro|move: Roost
|
|-damage|p1a: Zamazenta|74/100 brn|[from] brn
|upkeep
|turn|44
|
|t:|1778511446
|move|p1a: Zamazenta|Body Press|p2a: Maltro
|-resisted|p2a: Maltro
|-damage|p2a: Maltro|55/100
|move|p2a: Maltro|Flamethrower|p1a: Zamazenta
|-damage|p1a: Zamazenta|44/100 brn
|
|-damage|p1a: Zamazenta|38/100 brn|[from] brn
|upkeep
|turn|45
|
|t:|1778511453
|switch|p1a: Primarina|Primarina, F, shiny|77/100 brn
|move|p2a: Maltro|Roost|p2a: Maltro
|-heal|p2a: Maltro|100/100
|-singleturn|p2a: Maltro|move: Roost
|
|-heal|p1a: Primarina|83/100 brn|[from] item: Leftovers
|-damage|p1a: Primarina|77/100 brn|[from] brn
|upkeep
|turn|46
|
|t:|1778511469
|move|p1a: Primarina|Psychic Noise|p2a: Maltro
|-supereffective|p2a: Maltro
|-damage|p2a: Maltro|38/100
|-start|p2a: Maltro|move: Heal Block
|move|p2a: Maltro|Roar|p1a: Primarina
|drag|p1a: Zamazenta|Zamazenta|38/100 brn
|
|-damage|p1a: Zamazenta|31/100 brn|[from] brn
|upkeep
|turn|47
|
|t:|1778511479
|move|p1a: Zamazenta|Body Press|p2a: Maltro
|-resisted|p2a: Maltro
|-damage|p2a: Maltro|32/100
|move|p2a: Maltro|U-turn|p1a: Zamazenta
|-resisted|p1a: Zamazenta
|-damage|p1a: Zamazenta|27/100 brn
|
|t:|1778511483
|switch|p2a: Mantequillo|Gholdengo|73/100|[from] U-turn
|
|-heal|p2a: Mantequillo|79/100|[from] item: Leftovers
|-damage|p1a: Zamazenta|20/100 brn|[from] brn
|upkeep
|turn|48
|
|t:|1778511487
|move|p1a: Zamazenta|Body Press|p2a: Mantequillo
|-immune|p2a: Mantequillo
|move|p2a: Mantequillo|Shadow Ball|p1a: Zamazenta
|-damage|p1a: Zamazenta|0 fnt
|faint|p1a: Zamazenta
|
|-heal|p2a: Mantequillo|85/100|[from] item: Leftovers
|upkeep
|
|t:|1778511491
|switch|p1a: Primarina|Primarina, F, shiny|77/100 brn
|turn|49
|
|t:|1778511496
|move|p2a: Mantequillo|Shadow Ball|p1a: Primarina
|-damage|p1a: Primarina|43/100 brn
|move|p1a: Primarina|Psychic Noise|p2a: Mantequillo
|-damage|p2a: Mantequillo|47/100
|-start|p2a: Mantequillo|move: Heal Block
|
|-heal|p1a: Primarina|49/100 brn|[from] item: Leftovers
|-damage|p1a: Primarina|43/100 brn|[from] brn
|upkeep
|turn|50
|
|t:|1778511503
|move|p2a: Mantequillo|Make It Rain|p1a: Primarina
|-damage|p1a: Primarina|0 fnt
|-unboost|p2a: Mantequillo|spa|1
|faint|p1a: Primarina
|
|win|vartholomeus
|raw|louwilliamzz's rating: 1484 &rarr; <strong>1465</strong><br />(-19 for losing)
|raw|vartholomeus's rating: 1509 &rarr; <strong>1528</strong><br />(+19 for winning)
|l|☆louwilliamzz
|player|p1|
|l|☆vartholomeus
|player|p2|
