|html|<div class="broadcast-blue"><strong>[Gen 9] OU is currently suspecting Tera Blast! For information on how to participate check out the <a href="https://www.smogon.com/tools/suspects/view/200">suspect thread</a>.</strong></div>
|j|☆Waterutalkingabout
|j|☆nrkjr45
|t:|1776098365
|gametype|singles
|player|p1|Waterutalkingabout|101|1339
|player|p2|nrkjr45|volkner|1312
|gen|9
|tier|[Gen 9] OU
|rated|
|rule|HP Percentage Mod: HP is shown in percentages
|rule|Endless Battle Clause: Forcing endless battles is banned
|rule|Species Clause: Limit one of each Pokémon
|rule|OHKO Clause: OHKO moves are banned
|rule|Evasion Items Clause: Evasion items are banned
|rule|Evasion Moves Clause: Evasion moves are banned
|rule|Evasion Abilities Clause: Evasion abilities are banned
|rule|Sleep Moves Clause: Sleep-inducing moves are banned
|clearpoke
|poke|p1|Crabominable, F|
|poke|p1|Deoxys-Defense|
|poke|p1|Hoopa-Unbound|
|poke|p1|Ursaluna, M|
|poke|p1|Cinderace, F|
|poke|p1|Diancie|
|poke|p2|Polteageist|
|poke|p2|Maushold-Four|
|poke|p2|Quaquaval, M|
|poke|p2|Comfey, F|
|poke|p2|Iron Moth|
|poke|p2|Hydrapple, M|
|teampreview
|
|t:|1776098372
|teamsize|p1|6
|teamsize|p2|6
|start
|switch|p1a: Crabominable|Crabominable, F|100/100
|switch|p2a: Polteageist|Polteageist|100/100
|turn|1
|inactive|Battle timer is ON: inactive players will automatically lose when time's up. (requested by nrkjr45)
|
|t:|1776098381
|move|p2a: Polteageist|Shell Smash|p2a: Polteageist
|-unboost|p2a: Polteageist|def|1
|-unboost|p2a: Polteageist|spd|1
|-boost|p2a: Polteageist|atk|2
|-boost|p2a: Polteageist|spa|2
|-boost|p2a: Polteageist|spe|2
|move|p1a: Crabominable|Knock Off|p2a: Polteageist
|-supereffective|p2a: Polteageist
|-enditem|p2a: Polteageist|Focus Sash
|-damage|p2a: Polteageist|1/100
|-ability|p2a: Polteageist|Weak Armor|boost
|-unboost|p2a: Polteageist|def|1
|-boost|p2a: Polteageist|spe|2
|-damage|p1a: Crabominable|91/100|[from] item: Life Orb
|
|upkeep
|turn|2
|
|t:|1776098395
|move|p2a: Polteageist|Stored Power|p1a: Crabominable
|-supereffective|p1a: Crabominable
|-damage|p1a: Crabominable|0 fnt
|faint|p1a: Crabominable
|
|upkeep
|
|t:|1776098398
|switch|p1a: Cinderace|Cinderace, F|100/100
|turn|3
|
|t:|1776098401
|switch|p2a: Maushold|Maushold-Four|100/100
|move|p1a: Cinderace|Sucker Punch||[still]
|-fail|p1a: Cinderace
|
|upkeep
|turn|4
|
|t:|1776098407
|move|p1a: Cinderace|Pyro Ball|p2a: Maushold
|-damage|p2a: Maushold|16/100
|move|p2a: Maushold|Population Bomb|p1a: Cinderace
|-crit|p1a: Cinderace
|-damage|p1a: Cinderace|77/100
|-damage|p1a: Cinderace|62/100
|-damage|p1a: Cinderace|46/100
|-damage|p1a: Cinderace|31/100
|-damage|p1a: Cinderace|15/100
|-damage|p1a: Cinderace|0 fnt
|faint|p1a: Cinderace
|-hitcount|p1: Cinderace|6
|
|upkeep
|
|t:|1776098417
|switch|p1a: Diancie|Diancie|100/100
|turn|5
|
|t:|1776098424
|switch|p2a: Polteageist|Polteageist|1/100
|move|p1a: Diancie|Power Gem|p2a: Polteageist
|-damage|p2a: Polteageist|0 fnt
|faint|p2a: Polteageist
|
|upkeep
|
|t:|1776098427
|switch|p2a: Hydrapple|Hydrapple, M|100/100
|turn|6
|
|t:|1776098435
|switch|p1a: Deoxys|Deoxys-Defense|100/100
|-ability|p1a: Deoxys|Pressure
|move|p2a: Hydrapple|Nasty Plot|p2a: Hydrapple
|-boost|p2a: Hydrapple|spa|2
|
|upkeep
|turn|7
|
|t:|1776098444
|move|p2a: Hydrapple|Fickle Beam|p1a: Deoxys
|-damage|p1a: Deoxys|49/100
|move|p1a: Deoxys|Trick Room|p1a: Deoxys
|-fieldstart|move: Trick Room|[of] p1a: Deoxys
|
|upkeep
|turn|8
|
|t:|1776098449
|move|p2a: Hydrapple|Fickle Beam|p1a: Deoxys
|-damage|p1a: Deoxys|0 fnt
|faint|p1a: Deoxys
|
|upkeep
|
|t:|1776098453
|switch|p1a: Ursaluna|Ursaluna, M|100/100
|turn|9
|
|t:|1776098459
|move|p1a: Ursaluna|Bulk Up|p1a: Ursaluna
|-boost|p1a: Ursaluna|atk|1
|-boost|p1a: Ursaluna|def|1
|move|p2a: Hydrapple|Giga Drain|p1a: Ursaluna
|-supereffective|p1a: Ursaluna
|-damage|p1a: Ursaluna|0 fnt
|faint|p1a: Ursaluna
|
|upkeep
|
|t:|1776098462
|switch|p1a: Hoopa|Hoopa-Unbound|100/100
|turn|10
|
|t:|1776098465
|move|p2a: Hydrapple|Fickle Beam|p1a: Hoopa
|-damage|p1a: Hoopa|33/100
|move|p1a: Hoopa|Psychic|p2a: Hydrapple
|-damage|p2a: Hydrapple|17/100
|-damage|p1a: Hoopa|23/100|[from] item: Life Orb
|
|upkeep
|turn|11
|-message|Waterutalkingabout forfeited.
|
|win|nrkjr45
|raw|Waterutalkingabout's rating: 1339 &rarr; <strong>1317</strong><br />(-22 for losing)
|raw|nrkjr45's rating: 1312 &rarr; <strong>1334</strong><br />(+22 for winning)
|l|☆Waterutalkingabout
|player|p1|
|l|☆nrkjr45
|player|p2|
