|html|<div class="broadcast-blue"><strong>[Gen 9] OU is currently suspecting Tera Blast! For information on how to participate check out the <a href="https://www.smogon.com/tools/suspects/view/200">suspect thread</a>.</strong></div>
|j|☆Zerkue
|j|☆jdm75
|t:|1776196215
|gametype|singles
|player|p1|Zerkue|steven|1159
|player|p2|jdm75|170|1181
|gen|9
|tier|[Gen 9] OU
|rated|
|rule|HP Percentage Mod: HP is shown in percentages
|rule|Endless Battle Clause: Forcing endless battles is banned
|rule|Species Clause: Limit one of each Pokémon
|rule|OHKO Clause: OHKO moves are banned
|rule|Evasion Items Clause: Evasion items are banned
|rule|Evasion Moves Clause: Evasion moves are banned
|rule|Evasion Abilities Clause: Evasion abilities are banned
|rule|Sleep Moves Clause: Sleep-inducing moves are banned
|clearpoke
|poke|p1|Pecharunt|
|poke|p1|Regirock|
|poke|p1|Mew|
|poke|p1|Gliscor, M|
|poke|p1|Azumarill, M|
|poke|p1|Maushold|
|poke|p2|Gliscor, F|
|poke|p2|Zapdos|
|poke|p2|Whimsicott, F|
|poke|p2|Ursaluna, F|
|poke|p2|Kingambit, M|
|poke|p2|Hoopa-Unbound|
|teampreview
|
|t:|1776196240
|teamsize|p1|6
|teamsize|p2|6
|start
|switch|p1a: Maushold|Maushold|100/100
|switch|p2a: Zapdos|Zapdos|100/100
|turn|1
|
|t:|1776196247
|move|p1a: Maushold|Tidy Up|p1a: Maushold
|-boost|p1a: Maushold|atk|1
|-boost|p1a: Maushold|spe|1
|move|p2a: Zapdos|U-turn|p1a: Maushold
|-damage|p1a: Maushold|85/100
|
|t:|1776196252
|switch|p2a: Whimsicott|Whimsicott, F|100/100|[from] U-turn
|
|upkeep
|turn|2
|
|t:|1776196257
|move|p2a: Whimsicott|Encore|p1a: Maushold
|-start|p1a: Maushold|Encore
|move|p1a: Maushold|Tidy Up|p1a: Maushold
|-boost|p1a: Maushold|atk|1
|-boost|p1a: Maushold|spe|1
|
|upkeep
|turn|3
|
|t:|1776196264
|move|p1a: Maushold|Tidy Up|p1a: Maushold
|-boost|p1a: Maushold|atk|1
|-boost|p1a: Maushold|spe|1
|move|p2a: Whimsicott|U-turn|p1a: Maushold
|-damage|p1a: Maushold|70/100
|
|t:|1776196270
|switch|p2a: Ursaluna|Ursaluna, F|100/100|[from] U-turn
|
|-status|p2a: Ursaluna|brn|[from] item: Flame Orb
|upkeep
|turn|4
|
|t:|1776196278
|move|p1a: Maushold|Tidy Up|p1a: Maushold
|-boost|p1a: Maushold|atk|1
|-boost|p1a: Maushold|spe|1
|move|p2a: Ursaluna|Headlong Rush|p1a: Maushold
|-damage|p1a: Maushold|0 fnt
|-unboost|p2a: Ursaluna|def|1
|-unboost|p2a: Ursaluna|spd|1
|faint|p1a: Maushold
|
|-damage|p2a: Ursaluna|94/100 brn|[from] brn
|upkeep
|
|t:|1776196289
|switch|p1a: Azumarill|Azumarill, M|100/100
|turn|5
|
|t:|1776196293
|switch|p2a: Whimsicott|Whimsicott, F|100/100
|move|p1a: Azumarill|Belly Drum|p1a: Azumarill
|-damage|p1a: Azumarill|50/100
|-setboost|p1a: Azumarill|atk|6|[from] move: Belly Drum
|-enditem|p1a: Azumarill|Sitrus Berry|[eat]
|-heal|p1a: Azumarill|75/100|[from] item: Sitrus Berry
|
|upkeep
|turn|6
|
|t:|1776196303
|move|p2a: Whimsicott|Encore|p1a: Azumarill
|-start|p1a: Azumarill|Encore
|move|p1a: Azumarill|Belly Drum||[still]
|-fail|p1a: Azumarill
|
|upkeep
|turn|7
|
|t:|1776196311
|move|p2a: Whimsicott|Moonblast|p1a: Azumarill
|-crit|p1a: Azumarill
|-damage|p1a: Azumarill|17/100
|move|p1a: Azumarill|Belly Drum||[still]
|-fail|p1a: Azumarill
|
|upkeep
|turn|8
|
|t:|1776196321
|switch|p1a: Pecharunt|Pecharunt|100/100
|move|p2a: Whimsicott|Moonblast|p1a: Pecharunt
|-resisted|p1a: Pecharunt
|-damage|p1a: Pecharunt|80/100
|
|-heal|p1a: Pecharunt|86/100|[from] item: Leftovers
|upkeep
|turn|9
|
|t:|1776196332
|move|p2a: Whimsicott|U-turn|p1a: Pecharunt
|-resisted|p1a: Pecharunt
|-damage|p1a: Pecharunt|84/100
|
|t:|1776196335
|switch|p2a: Gliscor|Gliscor, F|100/100|[from] U-turn
|move|p1a: Pecharunt|Malignant Chain|p2a: Gliscor
|-resisted|p2a: Gliscor
|-damage|p2a: Gliscor|83/100
|
|-heal|p1a: Pecharunt|90/100|[from] item: Leftovers
|-status|p2a: Gliscor|tox|[from] item: Toxic Orb
|upkeep
|turn|10
|
|t:|1776196350
|switch|p1a: Gliscor|Gliscor, M|100/100
|move|p2a: Gliscor|Knock Off|p1a: Gliscor
|-damage|p1a: Gliscor|80/100
|-enditem|p1a: Gliscor|Toxic Orb|[from] move: Knock Off|[of] p2a: Gliscor
|
|-heal|p2a: Gliscor|95/100 tox|[from] ability: Poison Heal
|upkeep
|turn|11
|
|t:|1776196367
|switch|p1a: Azumarill|Azumarill, M|17/100
|move|p2a: Gliscor|Stealth Rock|p1a: Azumarill
|-sidestart|p1: Zerkue|move: Stealth Rock
|
|-heal|p2a: Gliscor|100/100 tox|[from] ability: Poison Heal
|upkeep
|turn|12
|
|t:|1776196377
|switch|p2a: Zapdos|Zapdos|100/100
|move|p1a: Azumarill|Aqua Jet|p2a: Zapdos
|-damage|p2a: Zapdos|84/100
|
|upkeep
|turn|13
|
|t:|1776196385
|move|p2a: Zapdos|Discharge|p1a: Azumarill
|-supereffective|p1a: Azumarill
|-damage|p1a: Azumarill|0 fnt
|faint|p1a: Azumarill
|
|upkeep
|
|t:|1776196391
|switch|p1a: Regirock|Regirock|100/100
|-damage|p1a: Regirock|88/100|[from] Stealth Rock
|turn|14
|
|t:|1776196395
|move|p2a: Zapdos|U-turn|p1a: Regirock
|-damage|p1a: Regirock|82/100
|
|t:|1776196398
|switch|p2a: Whimsicott|Whimsicott, F|100/100|[from] U-turn
|move|p1a: Regirock|Iron Defense|p1a: Regirock
|-boost|p1a: Regirock|def|2
|
|-heal|p1a: Regirock|88/100|[from] item: Leftovers
|upkeep
|turn|15
|
|t:|1776196410
|-terastallize|p1a: Regirock|Steel
|move|p2a: Whimsicott|Encore|p1a: Regirock
|-start|p1a: Regirock|Encore
|move|p1a: Regirock|Iron Defense|p1a: Regirock
|-boost|p1a: Regirock|def|2
|
|-heal|p1a: Regirock|94/100|[from] item: Leftovers
|upkeep
|turn|16
|
|t:|1776196421
|move|p2a: Whimsicott|Moonblast|p1a: Regirock
|-resisted|p1a: Regirock
|-damage|p1a: Regirock|76/100
|move|p1a: Regirock|Iron Defense|p1a: Regirock
|-boost|p1a: Regirock|def|2
|
|-heal|p1a: Regirock|82/100|[from] item: Leftovers
|upkeep
|turn|17
|
|t:|1776196429
|move|p2a: Whimsicott|Moonblast|p1a: Regirock
|-resisted|p1a: Regirock
|-damage|p1a: Regirock|63/100
|move|p1a: Regirock|Iron Defense|p1a: Regirock
|-boost|p1a: Regirock|def|0
|
|-heal|p1a: Regirock|69/100|[from] item: Leftovers
|-end|p1a: Regirock|Encore
|upkeep
|turn|18
|
|t:|1776196439
|move|p2a: Whimsicott|Encore|p1a: Regirock
|-start|p1a: Regirock|Encore
|move|p1a: Regirock|Iron Defense|p1a: Regirock
|-boost|p1a: Regirock|def|0
|
|-heal|p1a: Regirock|75/100|[from] item: Leftovers
|upkeep
|turn|19
|
|t:|1776196447
|move|p2a: Whimsicott|Moonblast|p1a: Regirock
|-resisted|p1a: Regirock
|-damage|p1a: Regirock|54/100
|move|p1a: Regirock|Iron Defense|p1a: Regirock
|-boost|p1a: Regirock|def|0
|
|-heal|p1a: Regirock|60/100|[from] item: Leftovers
|upkeep
|turn|20
|
|t:|1776196455
|move|p2a: Whimsicott|Moonblast|p1a: Regirock
|-resisted|p1a: Regirock
|-damage|p1a: Regirock|40/100
|move|p1a: Regirock|Iron Defense|p1a: Regirock
|-boost|p1a: Regirock|def|0
|
|-heal|p1a: Regirock|46/100|[from] item: Leftovers
|-end|p1a: Regirock|Encore
|upkeep
|turn|21
|
|t:|1776196464
|move|p2a: Whimsicott|Encore|p1a: Regirock
|-start|p1a: Regirock|Encore
|move|p1a: Regirock|Iron Defense|p1a: Regirock
|-boost|p1a: Regirock|def|0
|
|-heal|p1a: Regirock|52/100|[from] item: Leftovers
|upkeep
|turn|22
|
|t:|1776196472
|move|p2a: Whimsicott|Moonblast|p1a: Regirock
|-resisted|p1a: Regirock
|-damage|p1a: Regirock|33/100
|move|p1a: Regirock|Iron Defense|p1a: Regirock
|-boost|p1a: Regirock|def|0
|
|-heal|p1a: Regirock|39/100|[from] item: Leftovers
|upkeep
|turn|23
|
|t:|1776196480
|move|p2a: Whimsicott|Moonblast|p1a: Regirock
|-resisted|p1a: Regirock
|-damage|p1a: Regirock|20/100
|move|p1a: Regirock|Iron Defense|p1a: Regirock
|-boost|p1a: Regirock|def|0
|
|-heal|p1a: Regirock|26/100|[from] item: Leftovers
|-end|p1a: Regirock|Encore
|upkeep
|turn|24
|
|t:|1776196506
|move|p2a: Whimsicott|Encore|p1a: Regirock
|-start|p1a: Regirock|Encore
|move|p1a: Regirock|Iron Defense|p1a: Regirock
|-boost|p1a: Regirock|def|0
|
|-heal|p1a: Regirock|32/100|[from] item: Leftovers
|upkeep
|turn|25
|
|t:|1776196513
|move|p2a: Whimsicott|Moonblast|p1a: Regirock
|-resisted|p1a: Regirock
|-damage|p1a: Regirock|13/100
|move|p1a: Regirock|Iron Defense|p1a: Regirock
|-boost|p1a: Regirock|def|0
|
|-heal|p1a: Regirock|19/100|[from] item: Leftovers
|upkeep
|turn|26
|
|t:|1776196532
|move|p2a: Whimsicott|Moonblast|p1a: Regirock
|-resisted|p1a: Regirock
|-damage|p1a: Regirock|1/100
|move|p1a: Regirock|Iron Defense|p1a: Regirock
|-boost|p1a: Regirock|def|0
|
|-heal|p1a: Regirock|7/100|[from] item: Leftovers
|-end|p1a: Regirock|Encore
|upkeep
|turn|27
|
|t:|1776196543
|move|p2a: Whimsicott|Moonblast|p1a: Regirock
|-resisted|p1a: Regirock
|-crit|p1a: Regirock
|-damage|p1a: Regirock|0 fnt
|faint|p1a: Regirock
|
|upkeep
|
|t:|1776196549
|switch|p1a: Mew|Mew|100/100
|-damage|p1a: Mew|88/100|[from] Stealth Rock
|turn|28
|
|t:|1776196558
|move|p2a: Whimsicott|Moonblast|p1a: Mew
|-damage|p1a: Mew|62/100
|-unboost|p1a: Mew|spa|1
|move|p1a: Mew|Ice Beam|p2a: Whimsicott
|-supereffective|p2a: Whimsicott
|-damage|p2a: Whimsicott|45/100
|
|upkeep
|turn|29
|
|t:|1776196568
|move|p2a: Whimsicott|U-turn|p1a: Mew
|-supereffective|p1a: Mew
|-damage|p1a: Mew|41/100
|
|t:|1776196573
|switch|p2a: Hoopa|Hoopa-Unbound|100/100|[from] U-turn
|move|p1a: Mew|Overheat|p2a: Hoopa
|-damage|p2a: Hoopa|77/100
|-unboost|p1a: Mew|spa|2
|
|upkeep
|turn|30
|
|t:|1776196584
|switch|p1a: Gliscor|Gliscor, M|80/100
|-damage|p1a: Gliscor|68/100|[from] Stealth Rock
|move|p2a: Hoopa|Hyperspace Fury|p1a: Gliscor
|-damage|p1a: Gliscor|0 fnt
|-unboost|p2a: Hoopa|def|1
|faint|p1a: Gliscor
|-damage|p2a: Hoopa|67/100|[from] item: Life Orb
|
|upkeep
|
|t:|1776196597
|switch|p1a: Mew|Mew|41/100
|-damage|p1a: Mew|29/100|[from] Stealth Rock
|turn|31
|
|t:|1776196604
|move|p1a: Mew|Ice Beam|p2a: Hoopa
|-damage|p2a: Hoopa|44/100
|move|p2a: Hoopa|Hyperspace Fury|p1a: Mew
|-supereffective|p1a: Mew
|-damage|p1a: Mew|0 fnt
|-unboost|p2a: Hoopa|def|1
|faint|p1a: Mew
|-damage|p2a: Hoopa|34/100|[from] item: Life Orb
|
|upkeep
|-message|Zerkue forfeited.
|
|win|jdm75
|raw|Zerkue's rating: 1159 &rarr; <strong>1136</strong><br />(-23 for losing)
|raw|jdm75's rating: 1181 &rarr; <strong>1204</strong><br />(+23 for winning)
|l|☆Zerkue
|player|p1|
