|html|<div class="broadcast-blue"><strong>[Gen 9] OU is currently suspecting Tera Blast! For information on how to participate check out the <a href="https://www.smogon.com/tools/suspects/view/200">suspect thread</a>.</strong></div>
|j|☆CanaryKill
|j|☆Humerus_Skelepun
|t:|1776201025
|gametype|singles
|player|p1|CanaryKill|266|1480
|player|p2|Humerus_Skelepun|101|1523
|gen|9
|tier|[Gen 9] OU
|rated|
|rule|HP Percentage Mod: HP is shown in percentages
|rule|Endless Battle Clause: Forcing endless battles is banned
|rule|Species Clause: Limit one of each Pokémon
|rule|OHKO Clause: OHKO moves are banned
|rule|Evasion Items Clause: Evasion items are banned
|rule|Evasion Moves Clause: Evasion moves are banned
|rule|Evasion Abilities Clause: Evasion abilities are banned
|rule|Sleep Moves Clause: Sleep-inducing moves are banned
|clearpoke
|poke|p1|Dragapult, F|
|poke|p1|Samurott-Hisui, M|
|poke|p1|Landorus-Therian, M|
|poke|p1|Corviknight, F|
|poke|p1|Ogerpon, F|
|poke|p1|Slowking-Galar, F|
|poke|p2|Ting-Lu|
|poke|p2|Corviknight, F|
|poke|p2|Weezing-Galar, F|
|poke|p2|Rillaboom, F|
|poke|p2|Iron Crown|
|poke|p2|Hatterene, F|
|teampreview
|inactive|Battle timer is ON: inactive players will automatically lose when time's up. (requested by Humerus_Skelepun)
|inactive|CanaryKill also wants the timer to be on.
|j| ohko_smeargle
|
|t:|1776201047
|teamsize|p1|6
|teamsize|p2|6
|start
|switch|p1a: Samurott|Samurott-Hisui, M|100/100
|switch|p2a: Iron Crown|Iron Crown|100/100
|turn|1
|
|t:|1776201052
|move|p2a: Iron Crown|Volt Switch|p1a: Samurott
|-supereffective|p1a: Samurott
|-damage|p1a: Samurott|0 fnt
|faint|p1a: Samurott
|
|t:|1776201061
|-end|p2a: Iron Crown|Quark Drive|[silent]
|switch|p2a: Corviknight|Corviknight, F|100/100|[from] Volt Switch
|-ability|p2a: Corviknight|Pressure
|
|upkeep
|
|t:|1776201068
|switch|p1a: Dragapult|Dragapult, F|100/100
|turn|2
|
|t:|1776201081
|switch|p2a: Ting-Lu|Ting-Lu|100/100
|-ability|p2a: Ting-Lu|Vessel of Ruin
|move|p1a: Dragapult|Substitute|p1a: Dragapult
|-start|p1a: Dragapult|Substitute
|-damage|p1a: Dragapult|76/100
|
|upkeep
|turn|3
|
|t:|1776201104
|move|p1a: Dragapult|Dragon Darts|p2a: Ting-Lu
|-damage|p2a: Ting-Lu|86/100
|-anim|p1a: Dragapult|Dragon Darts|p2a: Ting-Lu
|-damage|p2a: Ting-Lu|72/100
|move|p2a: Ting-Lu|Stealth Rock|p1a: Dragapult
|-sidestart|p1: CanaryKill|move: Stealth Rock
|
|-heal|p2a: Ting-Lu|78/100|[from] item: Leftovers
|upkeep
|turn|4
|
|t:|1776201108
|move|p1a: Dragapult|Dragon Darts|p2a: Ting-Lu
|-damage|p2a: Ting-Lu|64/100
|-anim|p1a: Dragapult|Dragon Darts|p2a: Ting-Lu
|-damage|p2a: Ting-Lu|48/100
|move|p2a: Ting-Lu|Whirlwind|p1a: Dragapult
|drag|p1a: Landorus|Landorus-Therian, M|100/100
|-damage|p1a: Landorus|88/100|[from] Stealth Rock
|-ability|p1a: Landorus|Intimidate|boost
|-unboost|p2a: Ting-Lu|atk|1
|
|-heal|p2a: Ting-Lu|54/100|[from] item: Leftovers
|upkeep
|turn|5
|
|t:|1776201112
|switch|p2a: Hatterene|Hatterene, F|100/100
|move|p1a: Landorus|Stealth Rock|p2a: Hatterene
|move|p2a: Hatterene|Stealth Rock||[from] ability: Magic Bounce|[still]
|-fail|p2a: Hatterene
|
|upkeep
|turn|6
|
|t:|1776201133
|move|p1a: Landorus|U-turn|p2a: Hatterene
|-damage|p2a: Hatterene|83/100
|
|t:|1776201135
|switch|p1a: Slowking|Slowking-Galar, F|100/100|[from] U-turn
|move|p2a: Hatterene|Mystical Fire|p1a: Slowking
|-damage|p1a: Slowking|88/100
|-unboost|p1a: Slowking|spa|1
|
|-heal|p2a: Hatterene|89/100|[from] item: Leftovers
|upkeep
|turn|7
|
|t:|1776201140
|switch|p2a: Iron Crown|Iron Crown|100/100
|move|p1a: Slowking|Sludge Bomb|p2a: Iron Crown
|-immune|p2a: Iron Crown
|
|upkeep
|turn|8
|
|t:|1776201146
|move|p2a: Iron Crown|Tachyon Cutter|p1a: Slowking
|-damage|p1a: Slowking|65/100
|-crit|p1a: Slowking
|-damage|p1a: Slowking|31/100
|-hitcount|p1a: Slowking|2
|move|p1a: Slowking|Future Sight|p2a: Iron Crown
|-start|p1a: Slowking|move: Future Sight
|
|upkeep
|turn|9
|
|t:|1776201152
|switch|p1a: Corviknight|Corviknight, F|100/100
|-damage|p1a: Corviknight|88/100|[from] Stealth Rock
|move|p2a: Iron Crown|Tachyon Cutter|p1a: Corviknight
|-resisted|p1a: Corviknight
|-damage|p1a: Corviknight|71/100
|-resisted|p1a: Corviknight
|-damage|p1a: Corviknight|53/100
|-hitcount|p1a: Corviknight|2
|
|upkeep
|turn|10
|
|t:|1776201155
|move|p2a: Iron Crown|Tachyon Cutter|p1a: Corviknight
|-resisted|p1a: Corviknight
|-damage|p1a: Corviknight|35/100
|-resisted|p1a: Corviknight
|-damage|p1a: Corviknight|17/100
|-hitcount|p1a: Corviknight|2
|move|p1a: Corviknight|Roost|p1a: Corviknight
|-heal|p1a: Corviknight|67/100
|-singleturn|p1a: Corviknight|move: Roost
|
|-end|p2a: Iron Crown|move: Future Sight
|-resisted|p2a: Iron Crown
|-damage|p2a: Iron Crown|89/100
|upkeep
|turn|11
|
|t:|1776201160
|move|p2a: Iron Crown|Tachyon Cutter|p1a: Corviknight
|-resisted|p1a: Corviknight
|-damage|p1a: Corviknight|50/100
|-resisted|p1a: Corviknight
|-damage|p1a: Corviknight|31/100
|-hitcount|p1a: Corviknight|2
|move|p1a: Corviknight|Roost|p1a: Corviknight
|-heal|p1a: Corviknight|81/100
|-singleturn|p1a: Corviknight|move: Roost
|
|upkeep
|turn|12
|
|t:|1776201164
|move|p2a: Iron Crown|Tachyon Cutter|p1a: Corviknight
|-resisted|p1a: Corviknight
|-damage|p1a: Corviknight|64/100
|-resisted|p1a: Corviknight
|-damage|p1a: Corviknight|45/100
|-hitcount|p1a: Corviknight|2
|move|p1a: Corviknight|Defog|p2a: Iron Crown
|-unboost|p2a: Iron Crown|evasion|1
|-sideend|p1: CanaryKill|Stealth Rock|[from] move: Defog|[of] p1a: Corviknight
|
|upkeep
|turn|13
|
|t:|1776201172
|move|p2a: Iron Crown|Tachyon Cutter|p1a: Corviknight
|-resisted|p1a: Corviknight
|-damage|p1a: Corviknight|28/100
|-resisted|p1a: Corviknight
|-damage|p1a: Corviknight|8/100
|-hitcount|p1a: Corviknight|2
|move|p1a: Corviknight|U-turn|p2a: Iron Crown
|-damage|p2a: Iron Crown|74/100
|
|t:|1776201175
|switch|p1a: Dragapult|Dragapult, F|76/100|[from] U-turn
|
|upkeep
|turn|14
|
|t:|1776201179
|-terastallize|p2a: Iron Crown|Fighting
|move|p1a: Dragapult|Substitute|p1a: Dragapult
|-start|p1a: Dragapult|Substitute
|-damage|p1a: Dragapult|51/100
|move|p2a: Iron Crown|Tachyon Cutter|p1a: Dragapult
|-end|p1a: Dragapult|Substitute
|-damage|p1a: Dragapult|2/100
|-hitcount|p1a: Dragapult|2
|
|upkeep
|turn|15
|
|t:|1776201191
|switch|p1a: Corviknight|Corviknight, F|8/100
|-end|p2a: Iron Crown|Quark Drive|[silent]
|switch|p2a: Corviknight|Corviknight, F|100/100
|-ability|p2a: Corviknight|Pressure
|
|upkeep
|turn|16
|
|t:|1776201196
|move|p2a: Corviknight|Body Press|p1a: Corviknight
|-damage|p1a: Corviknight|0 fnt
|-damage|p2a: Corviknight|84/100|[from] item: Rocky Helmet|[of] p1a: Corviknight
|faint|p1a: Corviknight
|
|upkeep
|inactive|CanaryKill has 120 seconds left.
|
|t:|1776201227
|switch|p1a: Landorus|Landorus-Therian, M|88/100
|-ability|p1a: Landorus|Intimidate|boost
|-unboost|p2a: Corviknight|atk|1
|turn|17
|
|t:|1776201234
|switch|p2a: Hatterene|Hatterene, F|89/100
|move|p1a: Landorus|Taunt|p2a: Hatterene
|move|p2a: Hatterene|Taunt|p1a: Landorus|[from] ability: Magic Bounce
|-start|p1a: Landorus|move: Taunt
|
|-heal|p2a: Hatterene|95/100|[from] item: Leftovers
|upkeep
|turn|18
|
|t:|1776201246
|move|p1a: Landorus|U-turn|p2a: Hatterene
|-damage|p2a: Hatterene|79/100
|
|t:|1776201250
|switch|p1a: Slowking|Slowking-Galar, F|64/100|[from] U-turn
|move|p2a: Hatterene|Psychic Noise|p1a: Slowking
|-damage|p1a: Slowking|45/100
|-start|p1a: Slowking|move: Heal Block
|
|-heal|p2a: Hatterene|85/100|[from] item: Leftovers
|upkeep
|turn|19
|
|t:|1776201267
|switch|p2a: Iron Crown|Iron Crown, tera:Fighting|74/100
|move|p1a: Slowking|Sludge Bomb|p2a: Iron Crown
|-damage|p2a: Iron Crown|40/100
|-status|p2a: Iron Crown|psn
|
|-damage|p2a: Iron Crown|27/100 psn|[from] psn
|-end|p1a: Slowking|move: Heal Block
|upkeep
|turn|20
|
|t:|1776201274
|move|p2a: Iron Crown|Tachyon Cutter|p1a: Slowking
|-damage|p1a: Slowking|23/100
|-damage|p1a: Slowking|3/100
|-hitcount|p1a: Slowking|2
|-prepare|p1a: Slowking|Chilly Reception|[premajor]
|move|p1a: Slowking|Chilly Reception|p1a: Slowking
|-weather|Snowscape
|
|t:|1776201280
|switch|p1a: Dragapult|Dragapult, F|2/100|[from] Chilly Reception
|
|-weather|Snowscape|[upkeep]
|-damage|p2a: Iron Crown|15/100 psn|[from] psn
|upkeep
|turn|21
|
|t:|1776201284
|-end|p2a: Iron Crown|Quark Drive|[silent]
|switch|p2a: Corviknight|Corviknight, F|84/100
|-ability|p2a: Corviknight|Pressure
|move|p1a: Dragapult|Dragon Darts|p2a: Corviknight
|-resisted|p2a: Corviknight
|-damage|p2a: Corviknight|76/100
|-anim|p1a: Dragapult|Dragon Darts|p2a: Corviknight
|-resisted|p2a: Corviknight
|-damage|p2a: Corviknight|68/100
|
|-weather|Snowscape|[upkeep]
|upkeep
|turn|22
|
|t:|1776201289
|switch|p1a: Landorus|Landorus-Therian, M|88/100
|-ability|p1a: Landorus|Intimidate|boost
|-unboost|p2a: Corviknight|atk|1
|move|p2a: Corviknight|U-turn|p1a: Landorus
|-resisted|p1a: Landorus
|-damage|p1a: Landorus|83/100
|-damage|p2a: Corviknight|52/100|[from] item: Rocky Helmet|[of] p1a: Landorus
|
|t:|1776201291
|switch|p2a: Ting-Lu|Ting-Lu|54/100|[from] U-turn
|-ability|p2a: Ting-Lu|Vessel of Ruin
|
|-weather|Snowscape|[upkeep]
|-heal|p2a: Ting-Lu|60/100|[from] item: Leftovers
|upkeep
|turn|23
|
|t:|1776201295
|switch|p2a: Hatterene|Hatterene, F|85/100
|move|p1a: Landorus|U-turn|p2a: Hatterene
|-damage|p2a: Hatterene|67/100
|
|t:|1776201298
|switch|p1a: Dragapult|Dragapult, F|2/100|[from] U-turn
|
|-weather|Snowscape|[upkeep]
|-heal|p2a: Hatterene|73/100|[from] item: Leftovers
|upkeep
|turn|24
|
|t:|1776201302
|switch|p2a: Ting-Lu|Ting-Lu|60/100
|-ability|p2a: Ting-Lu|Vessel of Ruin
|-terastallize|p1a: Dragapult|Ghost
|move|p1a: Dragapult|Tera Blast|p2a: Ting-Lu|[anim] Tera Blast Ghost
|-resisted|p2a: Ting-Lu
|-damage|p2a: Ting-Lu|41/100
|
|-weather|none
|-heal|p2a: Ting-Lu|47/100|[from] item: Leftovers
|upkeep
|turn|25
|
|t:|1776201305
|switch|p1a: Landorus|Landorus-Therian, M|83/100
|-ability|p1a: Landorus|Intimidate|boost
|-unboost|p2a: Ting-Lu|atk|1
|move|p2a: Ting-Lu|Stealth Rock|p1a: Landorus
|-sidestart|p1: CanaryKill|move: Stealth Rock
|
|-heal|p2a: Ting-Lu|53/100|[from] item: Leftovers
|upkeep
|turn|26
|
|t:|1776201312
|switch|p2a: Hatterene|Hatterene, F|73/100
|move|p1a: Landorus|U-turn|p2a: Hatterene
|-damage|p2a: Hatterene|56/100
|
|t:|1776201314
|switch|p1a: Ogerpon|Ogerpon, F|100/100|[from] U-turn
|-damage|p1a: Ogerpon|88/100|[from] Stealth Rock
|
|-heal|p2a: Hatterene|62/100|[from] item: Leftovers
|upkeep
|turn|27
|
|t:|1776201325
|move|p1a: Ogerpon|Superpower|p2a: Hatterene
|-resisted|p2a: Hatterene
|-damage|p2a: Hatterene|51/100
|-unboost|p1a: Ogerpon|atk|1
|-unboost|p1a: Ogerpon|def|1
|move|p2a: Hatterene|Draining Kiss|p1a: Ogerpon
|-damage|p1a: Ogerpon|64/100
|-heal|p2a: Hatterene|68/100|[from] drain|[of] p1a: Ogerpon
|
|-heal|p2a: Hatterene|74/100|[from] item: Leftovers
|upkeep
|turn|28
|-message|CanaryKill forfeited.
|
|win|Humerus_Skelepun
|raw|CanaryKill's rating: 1480 &rarr; <strong>1462</strong><br />(-18 for losing)
|raw|Humerus_Skelepun's rating: 1523 &rarr; <strong>1541</strong><br />(+18 for winning)
|l|☆CanaryKill
|player|p1|
