|html|<div class="broadcast-blue"><strong>[Gen 9] OU is currently suspecting Tera Blast! For information on how to participate check out the <a href="https://www.smogon.com/tools/suspects/view/200">suspect thread</a>.</strong></div>
|j|☆okbomber
|j|☆phreshoatmeal
|t:|1776053747
|gametype|singles
|player|p1|okbomber|1|1554
|player|p2|phreshoatmeal|170|1618
|gen|9
|tier|[Gen 9] OU
|rated|
|rule|HP Percentage Mod: HP is shown in percentages
|rule|Endless Battle Clause: Forcing endless battles is banned
|rule|Species Clause: Limit one of each Pokémon
|rule|OHKO Clause: OHKO moves are banned
|rule|Evasion Items Clause: Evasion items are banned
|rule|Evasion Moves Clause: Evasion moves are banned
|rule|Evasion Abilities Clause: Evasion abilities are banned
|rule|Sleep Moves Clause: Sleep-inducing moves are banned
|clearpoke
|poke|p1|Iron Moth|
|poke|p1|Gliscor, M|
|poke|p1|Hatterene, F|
|poke|p1|Ogerpon-Wellspring, F|
|poke|p1|Raging Bolt|
|poke|p1|Zamazenta-*|
|poke|p2|Rotom-Heat|
|poke|p2|Kingambit, F|
|poke|p2|Gholdengo|
|poke|p2|Chesnaught, F|
|poke|p2|Dragonite, M|
|poke|p2|Clefable, F|
|teampreview
|inactive|Battle timer is ON: inactive players will automatically lose when time's up. (requested by okbomber)
|inactive|phreshoatmeal has 120 seconds left.
|
|t:|1776053805
|teamsize|p1|6
|teamsize|p2|6
|start
|switch|p1a: Zamazenta|Zamazenta|100/100
|switch|p2a: Dragonite|Dragonite, M|100/100
|-ability|p1a: Zamazenta|Dauntless Shield|boost
|-boost|p1a: Zamazenta|def|1
|turn|1
|
|t:|1776053826
|switch|p2a: Chesnaught|Chesnaught, F|100/100
|move|p1a: Zamazenta|Reflect|p1a: Zamazenta
|-sidestart|p1: okbomber|Reflect
|
|upkeep
|turn|2
|
|t:|1776053831
|move|p1a: Zamazenta|Light Screen|p1a: Zamazenta
|-sidestart|p1: okbomber|move: Light Screen
|move|p2a: Chesnaught|Knock Off|p1a: Zamazenta
|-resisted|p1a: Zamazenta
|-damage|p1a: Zamazenta|98/100
|-enditem|p1a: Zamazenta|Light Clay|[from] move: Knock Off|[of] p2a: Chesnaught
|
|upkeep
|turn|3
|
|t:|1776053843
|switch|p1a: Iron Moth|Iron Moth|100/100
|-enditem|p1a: Iron Moth|Booster Energy
|-activate|p1a: Iron Moth|ability: Quark Drive|[fromitem]
|-start|p1a: Iron Moth|quarkdrivespe
|move|p2a: Chesnaught|Knock Off|p1a: Iron Moth
|-damage|p1a: Iron Moth|89/100
|
|upkeep
|turn|4
|
|t:|1776053858
|switch|p2a: Dragonite|Dragonite, M|100/100
|move|p1a: Iron Moth|Sludge Wave|p2a: Dragonite
|-damage|p2a: Dragonite|75/100
|
|upkeep
|turn|5
|
|t:|1776053867
|move|p1a: Iron Moth|Toxic Spikes|p2a: Dragonite
|-sidestart|p2: phreshoatmeal|move: Toxic Spikes
|move|p2a: Dragonite|Roost|p2a: Dragonite
|-heal|p2a: Dragonite|100/100
|-singleturn|p2a: Dragonite|move: Roost
|
|upkeep
|turn|6
|
|t:|1776053872
|move|p1a: Iron Moth|Sludge Wave|p2a: Dragonite
|-damage|p2a: Dragonite|73/100
|move|p2a: Dragonite|Earthquake|p1a: Iron Moth
|-supereffective|p1a: Iron Moth
|-damage|p1a: Iron Moth|0 fnt
|faint|p1a: Iron Moth
|-end|p1a: Iron Moth|Quark Drive|[silent]
|
|upkeep
|inactive|okbomber has 120 seconds left.
|
|t:|1776053916
|switch|p1a: Raging Bolt|Raging Bolt|100/100
|-enditem|p1a: Raging Bolt|Booster Energy
|-activate|p1a: Raging Bolt|ability: Protosynthesis|[fromitem]
|-start|p1a: Raging Bolt|protosynthesisspa
|turn|7
|inactive|phreshoatmeal has 120 seconds left.
|
|t:|1776053953
|move|p2a: Dragonite|Roost|p2a: Dragonite
|-heal|p2a: Dragonite|100/100
|-singleturn|p2a: Dragonite|move: Roost
|move|p1a: Raging Bolt|Calm Mind|p1a: Raging Bolt
|-boost|p1a: Raging Bolt|spa|1
|-boost|p1a: Raging Bolt|spd|1
|
|upkeep
|turn|8
|
|t:|1776053958
|move|p2a: Dragonite|Dragon Dance|p2a: Dragonite
|-boost|p2a: Dragonite|atk|1
|-boost|p2a: Dragonite|spe|1
|move|p1a: Raging Bolt|Dragon Pulse|p2a: Dragonite
|-supereffective|p2a: Dragonite
|-damage|p2a: Dragonite|0 fnt
|faint|p2a: Dragonite
|
|-sideend|p1: okbomber|Reflect
|upkeep
|
|t:|1776053965
|switch|p2a: Gholdengo|Gholdengo|100/100
|turn|9
|
|t:|1776053968
|move|p2a: Gholdengo|Trick|p1a: Raging Bolt
|-activate|p2a: Gholdengo|move: Trick|[of] p1a: Raging Bolt
|-item|p1a: Raging Bolt|Choice Scarf|[from] move: Trick
|-enditem|p2a: Gholdengo|Choice Scarf|[silent]|[from] move: Trick
|move|p1a: Raging Bolt|Thunderbolt|p2a: Gholdengo
|-damage|p2a: Gholdengo|0 fnt
|faint|p2a: Gholdengo
|
|-sideend|p1: okbomber|move: Light Screen
|upkeep
|
|t:|1776053977
|switch|p2a: Rotom|Rotom-Heat|100/100
|turn|10
|
|t:|1776053980
|move|p1a: Raging Bolt|Thunderbolt|p2a: Rotom
|-resisted|p2a: Rotom
|-damage|p2a: Rotom|44/100
|move|p2a: Rotom|Nasty Plot|p2a: Rotom
|-boost|p2a: Rotom|spa|2
|
|upkeep
|turn|11
|-message|phreshoatmeal forfeited.
|
|win|okbomber
|raw|okbomber's rating: 1554 &rarr; <strong>1578</strong><br />(+24 for winning)
|raw|phreshoatmeal's rating: 1618 &rarr; <strong>1594</strong><br />(-24 for losing)
|l|☆phreshoatmeal
|player|p2|
