|html|<div class="broadcast-blue"><strong>[Gen 9] OU is currently suspecting Tera Blast! For information on how to participate check out the <a href="https://www.smogon.com/tools/suspects/view/200">suspect thread</a>.</strong></div>
|j|☆no vale do fim
|j|☆ghvbe
|t:|1776058430
|gametype|singles
|player|p1|no vale do fim|roxie|1147
|player|p2|ghvbe|steven|1120
|gen|9
|tier|[Gen 9] OU
|rated|
|rule|HP Percentage Mod: HP is shown in percentages
|rule|Endless Battle Clause: Forcing endless battles is banned
|rule|Species Clause: Limit one of each Pokémon
|rule|OHKO Clause: OHKO moves are banned
|rule|Evasion Items Clause: Evasion items are banned
|rule|Evasion Moves Clause: Evasion moves are banned
|rule|Evasion Abilities Clause: Evasion abilities are banned
|rule|Sleep Moves Clause: Sleep-inducing moves are banned
|clearpoke
|poke|p1|Clawitzer, M|
|poke|p1|Kingambit, M|
|poke|p1|Hitmonlee, M|
|poke|p1|Galvantula, M|
|poke|p1|Krookodile, M|
|poke|p1|Chandelure, M|
|poke|p2|Corviknight, M|
|poke|p2|Zamazenta-*|
|poke|p2|Kingambit, M|
|poke|p2|Gliscor, F|
|poke|p2|Ogerpon, F|
|poke|p2|Toxapex, M|
|teampreview
|
|t:|1776058444
|teamsize|p1|6
|teamsize|p2|6
|start
|switch|p1a: Lacoste|Krookodile, M|100/100
|switch|p2a: Ogerpon|Ogerpon, F|100/100
|turn|1
|l|☆no vale do fim
|player|p1|
|j|☆no vale do fim
|player|p1|no vale do fim|roxie|
|
|t:|1776058479
|move|p1a: Lacoste|Endure|p1a: Lacoste
|-singleturn|p1a: Lacoste|move: Endure
|move|p2a: Ogerpon|Ivy Cudgel|p1a: Lacoste
|-supereffective|p1a: Lacoste
|-crit|p1a: Lacoste
|-activate|p1a: Lacoste|move: Endure
|-damage|p1a: Lacoste|1/100
|-setboost|p1a: Lacoste|atk|6|[from] ability: Anger Point
|-enditem|p1a: Lacoste|Lansat Berry|[eat]
|-start|p1a: Lacoste|move: Focus Energy
|
|upkeep
|turn|2
|
|t:|1776058498
|move|p2a: Ogerpon|Ivy Cudgel|p1a: Lacoste
|-supereffective|p1a: Lacoste
|-damage|p1a: Lacoste|0 fnt
|faint|p1a: Lacoste
|
|upkeep
|
|t:|1776058507
|switch|p1a: Pernudo|Galvantula, M|100/100
|turn|3
|
|t:|1776058513
|move|p2a: Ogerpon|Swords Dance|p2a: Ogerpon
|-boost|p2a: Ogerpon|atk|2
|move|p1a: Pernudo|Thunder Wave|p2a: Ogerpon
|-status|p2a: Ogerpon|par
|
|upkeep
|turn|4
|l|☆no vale do fim
|player|p1|
|j|☆no vale do fim
|player|p1|no vale do fim|roxie|
|
|t:|1776058544
|move|p1a: Pernudo|Sticky Web|p2a: Ogerpon
|-sidestart|p2: ghvbe|move: Sticky Web
|cant|p2a: Ogerpon|par
|
|upkeep
|turn|5
|
|t:|1776058548
|move|p1a: Pernudo|Bug Buzz|p2a: Ogerpon
|-supereffective|p2a: Ogerpon
|-damage|p2a: Ogerpon|0 fnt
|faint|p2a: Ogerpon
|
|upkeep
|
|t:|1776058554
|switch|p2a: Gliscor|Gliscor, F|100/100
|turn|6
|
|t:|1776058572
|switch|p1a: Shadow|Chandelure, M|100/100
|move|p2a: Gliscor|Stealth Rock|p1a: Shadow
|-sidestart|p1: no vale do fim|move: Stealth Rock
|
|-status|p2a: Gliscor|tox|[from] item: Toxic Orb
|upkeep
|turn|7
|
|t:|1776058579
|move|p2a: Gliscor|Protect|p2a: Gliscor
|-singleturn|p2a: Gliscor|Protect
|move|p1a: Shadow|Shadow Ball|p2a: Gliscor
|-activate|p2a: Gliscor|move: Protect
|
|upkeep
|turn|8
|
|t:|1776058586
|move|p1a: Shadow|Shadow Ball|p2a: Gliscor
|-damage|p2a: Gliscor|49/100 tox
|-unboost|p2a: Gliscor|spd|1
|move|p2a: Gliscor|Earthquake|p1a: Shadow
|-supereffective|p1a: Shadow
|-damage|p1a: Shadow|2/100
|
|-heal|p2a: Gliscor|61/100 tox|[from] ability: Poison Heal
|upkeep
|turn|9
|
|t:|1776058595
|switch|p2a: Kingambit|Kingambit, M|100/100
|-activate|p2a: Kingambit|move: Sticky Web
|-unboost|p2a: Kingambit|spe|1
|-activate|p2a: Kingambit|ability: Supreme Overlord
|-start|p2a: Kingambit|fallen1|[silent]
|move|p1a: Shadow|Shadow Ball|p2a: Kingambit
|-resisted|p2a: Kingambit
|-damage|p2a: Kingambit|77/100
|
|upkeep
|turn|10
|
|t:|1776058607
|move|p2a: Kingambit|Sucker Punch||[still]
|-fail|p2a: Kingambit
|move|p1a: Shadow|Memento|p2a: Kingambit
|-unboost|p2a: Kingambit|atk|2
|-unboost|p2a: Kingambit|spa|2
|faint|p1a: Shadow
|
|upkeep
|
|t:|1776058624
|switch|p1a: Poseidon|Clawitzer, M|100/100
|-damage|p1a: Poseidon|88/100|[from] Stealth Rock
|turn|11
|
|t:|1776058647
|-end|p2a: Kingambit|fallen1|[silent]
|switch|p2a: Toxapex|Toxapex, M|100/100
|move|p1a: Poseidon|Aura Sphere|p2a: Toxapex
|-resisted|p2a: Toxapex
|-damage|p2a: Toxapex|84/100
|-damage|p1a: Poseidon|78/100|[from] item: Life Orb
|
|upkeep
|turn|12
|
|t:|1776058672
|move|p1a: Poseidon|Dragon Pulse|p2a: Toxapex
|-damage|p2a: Toxapex|50/100
|-damage|p1a: Poseidon|68/100|[from] item: Life Orb
|move|p2a: Toxapex|Surf|p1a: Poseidon
|-resisted|p1a: Poseidon
|-crit|p1a: Poseidon
|-damage|p1a: Poseidon|49/100
|
|upkeep
|turn|13
|
|t:|1776058678
|move|p1a: Poseidon|Dragon Pulse|p2a: Toxapex
|-damage|p2a: Toxapex|18/100
|-damage|p1a: Poseidon|39/100|[from] item: Life Orb
|move|p2a: Toxapex|Surf|p1a: Poseidon
|-resisted|p1a: Poseidon
|-damage|p1a: Poseidon|25/100
|
|upkeep
|turn|14
|
|t:|1776058683
|switch|p2a: Kingambit|Kingambit, M|77/100
|-activate|p2a: Kingambit|move: Sticky Web
|-unboost|p2a: Kingambit|spe|1
|-activate|p2a: Kingambit|ability: Supreme Overlord
|-start|p2a: Kingambit|fallen1|[silent]
|move|p1a: Poseidon|Dragon Pulse|p2a: Kingambit
|-resisted|p2a: Kingambit
|-damage|p2a: Kingambit|50/100
|-damage|p1a: Poseidon|16/100|[from] item: Life Orb
|
|upkeep
|turn|15
|
|t:|1776058687
|move|p2a: Kingambit|Sucker Punch|p1a: Poseidon
|-damage|p1a: Poseidon|0 fnt
|faint|p1a: Poseidon
|
|upkeep
|
|t:|1776058692
|switch|p1a: Pernudo|Galvantula, M|100/100
|-damage|p1a: Pernudo|76/100|[from] Stealth Rock
|turn|16
|
|t:|1776058695
|move|p2a: Kingambit|Sucker Punch||[still]
|-fail|p2a: Kingambit
|move|p1a: Pernudo|Thunder Wave|p2a: Kingambit
|-status|p2a: Kingambit|par
|
|upkeep
|turn|17
|
|t:|1776058699
|cant|p2a: Kingambit|par
|move|p1a: Pernudo|Bug Buzz|p2a: Kingambit
|-damage|p2a: Kingambit|7/100 par
|
|upkeep
|turn|18
|
|t:|1776058706
|move|p2a: Kingambit|Sucker Punch|p1a: Pernudo
|-damage|p1a: Pernudo|0 fnt
|faint|p1a: Pernudo
|
|upkeep
|
|t:|1776058713
|switch|p1a: Shogun|Kingambit, M|100/100
|-damage|p1a: Shogun|94/100|[from] Stealth Rock
|turn|19
|
|t:|1776058724
|move|p1a: Shogun|Swords Dance|p1a: Shogun
|-boost|p1a: Shogun|atk|2
|cant|p2a: Kingambit|par
|
|-heal|p1a: Shogun|100/100|[from] item: Leftovers
|upkeep
|turn|20
|
|t:|1776058735
|move|p1a: Shogun|Sucker Punch|p2a: Kingambit
|-resisted|p2a: Kingambit
|-damage|p2a: Kingambit|0 fnt
|faint|p2a: Kingambit
|-end|p2a: Kingambit|fallen1|[silent]
|
|upkeep
|
|t:|1776058738
|switch|p2a: Zamazenta|Zamazenta|100/100
|-activate|p2a: Zamazenta|move: Sticky Web
|-unboost|p2a: Zamazenta|spe|1
|-ability|p2a: Zamazenta|Dauntless Shield|boost
|-boost|p2a: Zamazenta|def|1
|turn|21
|
|t:|1776058743
|move|p1a: Shogun|Sucker Punch||[still]
|-fail|p1a: Shogun
|move|p2a: Zamazenta|Iron Defense|p2a: Zamazenta
|-boost|p2a: Zamazenta|def|2
|
|upkeep
|turn|22
|
|t:|1776058747
|move|p2a: Zamazenta|Body Press|p1a: Shogun
|-supereffective|p1a: Shogun
|-damage|p1a: Shogun|0 fnt
|faint|p1a: Shogun
|
|upkeep
|
|t:|1776058753
|switch|p1a: Rock lee|Hitmonlee, M, shiny|100/100
|-damage|p1a: Rock lee|94/100|[from] Stealth Rock
|turn|23
|
|t:|1776058758
|move|p1a: Rock lee|Endure|p1a: Rock lee
|-singleturn|p1a: Rock lee|move: Endure
|move|p2a: Zamazenta|Iron Defense|p2a: Zamazenta
|-boost|p2a: Zamazenta|def|2
|
|upkeep
|turn|24
|
|t:|1776058767
|move|p1a: Rock lee|Endure||[still]
|-fail|p1a: Rock lee
|move|p2a: Zamazenta|Body Press|p1a: Rock lee
|-damage|p1a: Rock lee|0 fnt
|faint|p1a: Rock lee
|
|win|ghvbe
|raw|no vale do fim's rating: 1147 &rarr; <strong>1120</strong><br />(-27 for losing)
|raw|ghvbe's rating: 1120 &rarr; <strong>1147</strong><br />(+27 for winning)
|l|☆no vale do fim
|player|p1|
|l|☆ghvbe
|player|p2|
