|html|<div class="broadcast-blue"><strong>[Gen 9] OU is currently suspecting Tera Blast! For information on how to participate check out the <a href="https://www.smogon.com/tools/suspects/view/200">suspect thread</a>.</strong></div>
|j|☆TracerBuzz
|j|☆SenjumaruShigarami
|t:|1776075985
|gametype|singles
|player|p1|TracerBuzz|101|1167
|player|p2|SenjumaruShigarami|cynthia-gen4|1178
|gen|9
|tier|[Gen 9] OU
|rated|
|rule|HP Percentage Mod: HP is shown in percentages
|rule|Endless Battle Clause: Forcing endless battles is banned
|rule|Species Clause: Limit one of each Pokémon
|rule|OHKO Clause: OHKO moves are banned
|rule|Evasion Items Clause: Evasion items are banned
|rule|Evasion Moves Clause: Evasion moves are banned
|rule|Evasion Abilities Clause: Evasion abilities are banned
|rule|Sleep Moves Clause: Sleep-inducing moves are banned
|clearpoke
|poke|p1|Clodsire, F|
|poke|p1|Hitmonlee, M|
|poke|p1|Cinderace, F|
|poke|p1|Salazzle, F|
|poke|p1|Latias, F|
|poke|p1|Zoroark, M|
|poke|p2|Arcanine-Hisui, M|
|poke|p2|Rotom-Wash|
|poke|p2|Great Tusk|
|poke|p2|Iron Crown|
|poke|p2|Weezing-Galar, F|
|poke|p2|Dragonite, F|
|teampreview
|inactive|Battle timer is ON: inactive players will automatically lose when time's up. (requested by TracerBuzz)
|
|t:|1776075999
|teamsize|p1|6
|teamsize|p2|6
|start
|switch|p1a: Latias|Latias, F, shiny|100/100
|switch|p2a: Rotom|Rotom-Wash|100/100
|turn|1
|
|t:|1776076009
|switch|p1a: Clodsire|Clodsire, F|100/100
|move|p2a: Rotom|Will-O-Wisp|p1a: Clodsire
|-status|p1a: Clodsire|brn
|
|-damage|p1a: Clodsire|94/100 brn|[from] brn
|upkeep
|turn|2
|
|t:|1776076024
|move|p2a: Rotom|Hydro Pump|p1a: Clodsire
|-heal|p1a: Clodsire|100/100 brn|[from] ability: Water Absorb|[of] p2a: Rotom
|move|p1a: Clodsire|Poison Jab|p2a: Rotom
|-damage|p2a: Rotom|89/100
|
|-heal|p2a: Rotom|95/100|[from] item: Leftovers
|-damage|p1a: Clodsire|94/100 brn|[from] brn
|upkeep
|turn|3
|
|t:|1776076040
|switch|p2a: Weezing|Weezing-Galar, F|100/100
|move|p1a: Clodsire|Earthquake|p2a: Weezing
|-immune|p2a: Weezing|[from] ability: Levitate
|
|-heal|p1a: Clodsire|100/100 brn|[from] item: Leftovers
|-damage|p1a: Clodsire|94/100 brn|[from] brn
|upkeep
|turn|4
|
|t:|1776076052
|move|p2a: Weezing|Dazzling Gleam|p1a: Clodsire
|-resisted|p1a: Clodsire
|-crit|p1a: Clodsire
|-damage|p1a: Clodsire|83/100 brn
|move|p1a: Clodsire|Poison Jab|p2a: Weezing
|-damage|p2a: Weezing|93/100
|
|-heal|p2a: Weezing|99/100|[from] item: Leftovers
|-heal|p1a: Clodsire|89/100 brn|[from] item: Leftovers
|-damage|p1a: Clodsire|83/100 brn|[from] brn
|upkeep
|turn|5
|
|t:|1776076063
|switch|p1a: Cinderace|Cinderace, F|100/100
|move|p2a: Weezing|Dazzling Gleam|p1a: Cinderace
|-resisted|p1a: Cinderace
|-damage|p1a: Cinderace|84/100
|
|-heal|p2a: Weezing|100/100|[from] item: Leftovers
|upkeep
|turn|6
|
|t:|1776076073
|move|p1a: Cinderace|U-turn|p2a: Weezing
|-start|p1a: Cinderace|typechange|Bug|[from] ability: Libero
|-resisted|p2a: Weezing
|-crit|p2a: Weezing
|-damage|p2a: Weezing|92/100
|
|t:|1776076084
|switch|p1a: Salazzle|Salazzle, F|100/100|[from] U-turn
|move|p2a: Weezing|Toxic|p1a: Salazzle
|-immune|p1a: Salazzle
|
|-heal|p2a: Weezing|98/100|[from] item: Leftovers
|upkeep
|turn|7
|
|t:|1776076092
|move|p2a: Weezing|Protect|p2a: Weezing
|-singleturn|p2a: Weezing|Protect
|move|p1a: Salazzle|Toxic|p2a: Weezing
|-activate|p2a: Weezing|move: Protect
|
|-heal|p2a: Weezing|100/100|[from] item: Leftovers
|upkeep
|turn|8
|
|t:|1776076098
|move|p1a: Salazzle|Toxic|p2a: Weezing
|-status|p2a: Weezing|tox
|move|p2a: Weezing|Dazzling Gleam|p1a: Salazzle
|-resisted|p1a: Salazzle
|-damage|p1a: Salazzle|92/100
|
|-heal|p1a: Salazzle|98/100|[from] item: Leftovers
|-damage|p2a: Weezing|95/100 tox|[from] psn
|upkeep
|turn|9
|
|t:|1776076112
|switch|p2a: Rotom|Rotom-Wash|95/100
|move|p1a: Salazzle|Encore||[still]
|-fail|p1a: Salazzle
|
|-heal|p1a: Salazzle|100/100|[from] item: Leftovers
|-heal|p2a: Rotom|100/100|[from] item: Leftovers
|upkeep
|turn|10
|
|t:|1776076119
|move|p1a: Salazzle|Substitute|p1a: Salazzle
|-start|p1a: Salazzle|Substitute
|-damage|p1a: Salazzle|75/100
|move|p2a: Rotom|Will-O-Wisp||[still]
|-fail|p2a: Rotom
|
|-heal|p1a: Salazzle|82/100|[from] item: Leftovers
|upkeep
|turn|11
|
|t:|1776076132
|move|p1a: Salazzle|Toxic|p2a: Rotom
|-status|p2a: Rotom|tox
|move|p2a: Rotom|Hydro Pump|p1a: Salazzle|[miss]
|-miss|p2a: Rotom|p1a: Salazzle
|
|-heal|p1a: Salazzle|88/100|[from] item: Leftovers
|-damage|p2a: Rotom|94/100 tox|[from] psn
|upkeep
|turn|12
|
|t:|1776076139
|move|p1a: Salazzle|Disable|p2a: Rotom
|-start|p2a: Rotom|Disable|Hydro Pump
|cant|p2a: Rotom|Disable|Hydro Pump
|
|-heal|p1a: Salazzle|94/100|[from] item: Leftovers
|-heal|p2a: Rotom|100/100 tox|[from] item: Leftovers
|-damage|p2a: Rotom|88/100 tox|[from] psn
|upkeep
|turn|13
|
|t:|1776076146
|move|p1a: Salazzle|Encore|p2a: Rotom
|-start|p2a: Rotom|Encore
|cant|p2a: Rotom|Disable|Hydro Pump
|
|-heal|p1a: Salazzle|99/100|[from] item: Leftovers
|-heal|p2a: Rotom|94/100 tox|[from] item: Leftovers
|-damage|p2a: Rotom|76/100 tox|[from] psn
|upkeep
|turn|14
|
|t:|1776076159
|switch|p2a: Arcanine|Arcanine-Hisui, M|100/100
|move|p1a: Salazzle|Substitute|p1a: Salazzle
|-fail|p1a: Salazzle|move: Substitute
|
|-heal|p1a: Salazzle|100/100|[from] item: Leftovers
|upkeep
|turn|15
|
|t:|1776076169
|move|p1a: Salazzle|Toxic|p2a: Arcanine
|-status|p2a: Arcanine|tox
|move|p2a: Arcanine|Double-Edge|p1a: Salazzle
|-end|p1a: Salazzle|Substitute
|
|-damage|p2a: Arcanine|94/100 tox|[from] psn
|upkeep
|turn|16
|
|t:|1776076176
|move|p1a: Salazzle|Substitute|p1a: Salazzle
|-start|p1a: Salazzle|Substitute
|-damage|p1a: Salazzle|75/100
|move|p2a: Arcanine|Double-Edge|p1a: Salazzle
|-end|p1a: Salazzle|Substitute
|
|-heal|p1a: Salazzle|82/100|[from] item: Leftovers
|-damage|p2a: Arcanine|82/100 tox|[from] psn
|upkeep
|turn|17
|
|t:|1776076180
|move|p1a: Salazzle|Disable|p2a: Arcanine
|-start|p2a: Arcanine|Disable|Double-Edge
|cant|p2a: Arcanine|Disable|Double-Edge
|
|-heal|p1a: Salazzle|88/100|[from] item: Leftovers
|-damage|p2a: Arcanine|64/100 tox|[from] psn
|upkeep
|turn|18
|
|t:|1776076186
|switch|p2a: Iron Crown|Iron Crown|100/100
|move|p1a: Salazzle|Encore||[still]
|-fail|p1a: Salazzle
|
|-heal|p1a: Salazzle|94/100|[from] item: Leftovers
|upkeep
|turn|19
|
|t:|1776076190
|move|p1a: Salazzle|Substitute|p1a: Salazzle
|-start|p1a: Salazzle|Substitute
|-damage|p1a: Salazzle|69/100
|move|p2a: Iron Crown|Calm Mind|p2a: Iron Crown
|-boost|p2a: Iron Crown|spa|1
|-boost|p2a: Iron Crown|spd|1
|
|-heal|p1a: Salazzle|75/100|[from] item: Leftovers
|upkeep
|turn|20
|
|t:|1776076195
|move|p1a: Salazzle|Encore|p2a: Iron Crown
|-start|p2a: Iron Crown|Encore
|move|p2a: Iron Crown|Calm Mind|p2a: Iron Crown
|-boost|p2a: Iron Crown|spa|1
|-boost|p2a: Iron Crown|spd|1
|
|-heal|p1a: Salazzle|81/100|[from] item: Leftovers
|upkeep
|turn|21
|
|t:|1776076202
|switch|p1a: Cinderace|Cinderace, F|100/100
|move|p2a: Iron Crown|Calm Mind|p2a: Iron Crown
|-boost|p2a: Iron Crown|spa|1
|-boost|p2a: Iron Crown|spd|1
|
|upkeep
|turn|22
|
|t:|1776076209
|-end|p2a: Iron Crown|Quark Drive|[silent]
|switch|p2a: Arcanine|Arcanine-Hisui, M|64/100 tox
|move|p1a: Cinderace|Swords Dance|p1a: Cinderace
|-boost|p1a: Cinderace|atk|2
|
|-damage|p2a: Arcanine|58/100 tox|[from] psn
|upkeep
|turn|23
|
|t:|1776076221
|-terastallize|p1a: Cinderace|Dark
|move|p1a: Cinderace|Sucker Punch|p2a: Arcanine
|-damage|p2a: Arcanine|0 fnt
|faint|p2a: Arcanine
|
|upkeep
|
|t:|1776076227
|switch|p2a: Rotom|Rotom-Wash|76/100 tox
|turn|24
|
|t:|1776076237
|move|p1a: Cinderace|Sucker Punch||[still]
|-fail|p1a: Cinderace
|move|p2a: Rotom|Will-O-Wisp|p1a: Cinderace
|-status|p1a: Cinderace|brn
|
|-heal|p2a: Rotom|82/100 tox|[from] item: Leftovers
|-damage|p2a: Rotom|76/100 tox|[from] psn
|-damage|p1a: Cinderace|94/100 brn|[from] brn
|upkeep
|turn|25
|
|t:|1776076241
|move|p1a: Cinderace|Knock Off|p2a: Rotom
|-damage|p2a: Rotom|7/100 tox
|-enditem|p2a: Rotom|Leftovers|[from] move: Knock Off|[of] p1a: Cinderace
|move|p2a: Rotom|Hydro Pump|p1a: Cinderace
|-damage|p1a: Cinderace|11/100 brn
|replace|p1a: Zoroark|Zoroark, M, shiny
|-end|p1a: Zoroark|Illusion
|
|-damage|p2a: Rotom|0 fnt|[from] psn
|faint|p2a: Rotom
|-damage|p1a: Zoroark|5/100 brn|[from] brn
|upkeep
|
|t:|1776076256
|switch|p2a: Great Tusk|Great Tusk|100/100
|turn|26
|
|t:|1776076260
|move|p1a: Zoroark|Aerial Ace|p2a: Great Tusk
|-supereffective|p2a: Great Tusk
|-damage|p2a: Great Tusk|75/100
|move|p2a: Great Tusk|Rapid Spin|p1a: Zoroark
|-damage|p1a: Zoroark|0 fnt
|-boost|p2a: Great Tusk|spe|1
|faint|p1a: Zoroark
|
|-heal|p2a: Great Tusk|81/100|[from] item: Leftovers
|upkeep
|
|t:|1776076265
|switch|p1a: Latias|Latias, F, shiny|100/100
|turn|27
|
|t:|1776076279
|-terastallize|p2a: Great Tusk|Ground
|move|p2a: Great Tusk|Ice Spinner|p1a: Latias
|-supereffective|p1a: Latias
|-damage|p1a: Latias|37/100
|move|p1a: Latias|Ice Beam|p2a: Great Tusk
|-supereffective|p2a: Great Tusk
|-damage|p2a: Great Tusk|0 fnt
|faint|p2a: Great Tusk
|-end|p2a: Great Tusk|Protosynthesis|[silent]
|
|upkeep
|
|t:|1776076288
|switch|p2a: Iron Crown|Iron Crown|100/100
|turn|28
|
|t:|1776076292
|move|p1a: Latias|Thunder|p2a: Iron Crown
|-damage|p2a: Iron Crown|69/100
|move|p2a: Iron Crown|Calm Mind|p2a: Iron Crown
|-boost|p2a: Iron Crown|spa|1
|-boost|p2a: Iron Crown|spd|1
|
|-heal|p2a: Iron Crown|76/100|[from] item: Leftovers
|upkeep
|turn|29
|
|t:|1776076297
|move|p1a: Latias|Psych Up|p2a: Iron Crown
|-copyboost|p1a: Latias|p2a: Iron Crown|[from] move: Psych Up
|move|p2a: Iron Crown|Calm Mind|p2a: Iron Crown
|-boost|p2a: Iron Crown|spa|1
|-boost|p2a: Iron Crown|spd|1
|
|-heal|p2a: Iron Crown|82/100|[from] item: Leftovers
|upkeep
|turn|30
|
|t:|1776076305
|move|p1a: Latias|Thunder|p2a: Iron Crown
|-damage|p2a: Iron Crown|54/100
|move|p2a: Iron Crown|Flash Cannon|p1a: Latias
|-damage|p1a: Latias|0 fnt
|faint|p1a: Latias
|
|-heal|p2a: Iron Crown|61/100|[from] item: Leftovers
|upkeep
|
|t:|1776076309
|switch|p1a: Hitmonlee|Hitmonlee, M|100/100
|turn|31
|
|t:|1776076315
|move|p1a: Hitmonlee|Endure|p1a: Hitmonlee
|-singleturn|p1a: Hitmonlee|move: Endure
|move|p2a: Iron Crown|Psyshock|p1a: Hitmonlee
|-supereffective|p1a: Hitmonlee
|-activate|p1a: Hitmonlee|move: Endure
|-damage|p1a: Hitmonlee|1/100
|-enditem|p1a: Hitmonlee|Liechi Berry|[eat]
|-boost|p1a: Hitmonlee|atk|1|[from] item: Liechi Berry
|
|-heal|p2a: Iron Crown|67/100|[from] item: Leftovers
|upkeep
|turn|32
|
|t:|1776076320
|move|p1a: Hitmonlee|Reversal|p2a: Iron Crown
|-damage|p2a: Iron Crown|0 fnt
|faint|p2a: Iron Crown
|-end|p2a: Iron Crown|Quark Drive|[silent]
|
|upkeep
|
|t:|1776076324
|switch|p2a: Weezing|Weezing-Galar, F|95/100 tox
|turn|33
|
|t:|1776076331
|switch|p1a: Salazzle|Salazzle, F|81/100
|move|p2a: Weezing|Dazzling Gleam|p1a: Salazzle
|-resisted|p1a: Salazzle
|-damage|p1a: Salazzle|72/100
|
|-heal|p1a: Salazzle|78/100|[from] item: Leftovers
|-heal|p2a: Weezing|100/100 tox|[from] item: Leftovers
|-damage|p2a: Weezing|95/100 tox|[from] psn
|upkeep
|turn|34
|
|t:|1776076340
|move|p1a: Salazzle|Substitute|p1a: Salazzle
|-start|p1a: Salazzle|Substitute
|-damage|p1a: Salazzle|53/100
|move|p2a: Weezing|Dazzling Gleam|p1a: Salazzle
|-resisted|p1a: Salazzle
|-activate|p1a: Salazzle|move: Substitute|[damage]
|
|-heal|p1a: Salazzle|59/100|[from] item: Leftovers
|-heal|p2a: Weezing|100/100 tox|[from] item: Leftovers
|-damage|p2a: Weezing|89/100 tox|[from] psn
|upkeep
|turn|35
|
|t:|1776076345
|move|p1a: Salazzle|Encore|p2a: Weezing
|-start|p2a: Weezing|Encore
|move|p2a: Weezing|Dazzling Gleam|p1a: Salazzle
|-resisted|p1a: Salazzle
|-activate|p1a: Salazzle|move: Substitute|[damage]
|
|-heal|p1a: Salazzle|65/100|[from] item: Leftovers
|-heal|p2a: Weezing|95/100 tox|[from] item: Leftovers
|-damage|p2a: Weezing|77/100 tox|[from] psn
|upkeep
|turn|36
|
|t:|1776076349
|move|p1a: Salazzle|Disable|p2a: Weezing
|-start|p2a: Weezing|Disable|Dazzling Gleam
|cant|p2a: Weezing|Disable|Dazzling Gleam
|
|-heal|p1a: Salazzle|71/100|[from] item: Leftovers
|-heal|p2a: Weezing|83/100 tox|[from] item: Leftovers
|-damage|p2a: Weezing|59/100 tox|[from] psn
|upkeep
|turn|37
|
|t:|1776076358
|move|p1a: Salazzle|Substitute|p1a: Salazzle
|-fail|p1a: Salazzle|move: Substitute
|-activate|p2a: Weezing|move: Struggle
|move|p2a: Weezing|Struggle|p1a: Salazzle
|-end|p1a: Salazzle|Substitute
|-damage|p2a: Weezing|33/100 tox|[from] recoil
|
|-heal|p1a: Salazzle|78/100|[from] item: Leftovers
|-heal|p2a: Weezing|39/100 tox|[from] item: Leftovers
|-damage|p2a: Weezing|9/100 tox|[from] psn
|-end|p2a: Weezing|Encore
|upkeep
|turn|38
|
|t:|1776076366
|move|p1a: Salazzle|Substitute|p1a: Salazzle
|-start|p1a: Salazzle|Substitute
|-damage|p1a: Salazzle|53/100
|move|p2a: Weezing|Clear Smog|p1a: Salazzle
|-resisted|p1a: Salazzle
|-activate|p1a: Salazzle|move: Substitute|[damage]
|
|-heal|p1a: Salazzle|59/100|[from] item: Leftovers
|-heal|p2a: Weezing|15/100 tox|[from] item: Leftovers
|-damage|p2a: Weezing|0 fnt|[from] psn
|faint|p2a: Weezing
|upkeep
|
|t:|1776076369
|switch|p2a: Dragonite|Dragonite, F|100/100
|turn|39
|
|t:|1776076375
|move|p1a: Salazzle|Disable||[still]
|-fail|p1a: Salazzle
|move|p2a: Dragonite|Dragon Dance|p2a: Dragonite
|-boost|p2a: Dragonite|atk|1
|-boost|p2a: Dragonite|spe|1
|
|-heal|p1a: Salazzle|65/100|[from] item: Leftovers
|upkeep
|turn|40
|
|t:|1776076385
|move|p2a: Dragonite|Dragon Claw|p1a: Salazzle
|-end|p1a: Salazzle|Substitute
|move|p1a: Salazzle|Encore|p2a: Dragonite
|-start|p2a: Dragonite|Encore
|
|-heal|p1a: Salazzle|71/100|[from] item: Leftovers
|upkeep
|turn|41
|
|t:|1776076391
|move|p2a: Dragonite|Dragon Claw|p1a: Salazzle
|-damage|p1a: Salazzle|0 fnt
|faint|p1a: Salazzle
|
|upkeep
|
|t:|1776076396
|switch|p1a: Hitmonlee|Hitmonlee, M|1/100
|turn|42
|
|t:|1776076399
|move|p2a: Dragonite|Dragon Claw|p1a: Hitmonlee
|-damage|p1a: Hitmonlee|0 fnt
|faint|p1a: Hitmonlee
|
|upkeep
|
|t:|1776076403
|switch|p1a: Clodsire|Clodsire, F|83/100 brn
|turn|43
|
|t:|1776076406
|move|p2a: Dragonite|Dragon Claw|p1a: Clodsire
|-damage|p1a: Clodsire|27/100 brn
|move|p1a: Clodsire|Counter|p2a: Dragonite
|-damage|p2a: Dragonite|0 fnt
|faint|p2a: Dragonite
|
|win|TracerBuzz
|raw|TracerBuzz's rating: 1167 &rarr; <strong>1193</strong><br />(+26 for winning)
|raw|SenjumaruShigarami's rating: 1178 &rarr; <strong>1152</strong><br />(-26 for losing)
|l|☆TracerBuzz
|player|p1|
|l|☆SenjumaruShigarami
|player|p2|
