|html|<div class="broadcast-blue"><strong>[Gen 9] OU is currently suspecting Tera Blast! For information on how to participate check out the <a href="https://www.smogon.com/tools/suspects/view/200">suspect thread</a>.</strong></div>
|j|☆mourning rmoon rn
|j|☆1200s chud
|t:|1776122727
|gametype|singles
|player|p1|mourning rmoon rn|lass-gen8|1602
|player|p2|1200s chud|drayton|1600
|gen|9
|tier|[Gen 9] OU
|rated|
|rule|HP Percentage Mod: HP is shown in percentages
|rule|Endless Battle Clause: Forcing endless battles is banned
|rule|Species Clause: Limit one of each Pokémon
|rule|OHKO Clause: OHKO moves are banned
|rule|Evasion Items Clause: Evasion items are banned
|rule|Evasion Moves Clause: Evasion moves are banned
|rule|Evasion Abilities Clause: Evasion abilities are banned
|rule|Sleep Moves Clause: Sleep-inducing moves are banned
|clearpoke
|poke|p1|Dragonite, M|
|poke|p1|Kingambit, F|
|poke|p1|Glimmora, M|
|poke|p1|Zamazenta-*|
|poke|p1|Ogerpon-Wellspring, F|
|poke|p1|Gholdengo|
|poke|p2|Araquanid, M|
|poke|p2|Landorus-Therian, M|
|poke|p2|Hatterene, F|
|poke|p2|Gholdengo|
|poke|p2|Dragonite, F|
|poke|p2|Darkrai|
|teampreview
|inactive|Battle timer is ON: inactive players will automatically lose when time's up. (requested by 1200s chud)
|inactive|mourning rmoon rn also wants the timer to be on.
|c|☆mourning rmoon rn|chudlarp 🥲
|c|☆1200s chud|its not a larp
|c|☆1200s chud|im chudmaxxingt
|inactive|1200s chud has 120 seconds left.
|
|t:|1776122764
|teamsize|p1|6
|teamsize|p2|6
|start
|switch|p1a: bad bitch pardon?|Glimmora, M|100/100
|switch|p2a: Araquanid|Araquanid, M|100/100
|turn|1
|c|☆mourning rmoon rn|hi chudmaxxingt
|
|t:|1776122775
|switch|p2a: Hatterene|Hatterene, F|100/100
|move|p1a: bad bitch pardon?|Power Gem|p2a: Hatterene
|-damage|p2a: Hatterene|78/100
|
|upkeep
|turn|2
|
|t:|1776122783
|move|p1a: bad bitch pardon?|Mortal Spin|p2a: Hatterene
|-supereffective|p2a: Hatterene
|-damage|p2a: Hatterene|65/100
|-status|p2a: Hatterene|psn
|move|p2a: Hatterene|Draining Kiss|p1a: bad bitch pardon?
|-resisted|p1a: bad bitch pardon?
|-damage|p1a: bad bitch pardon?|87/100
|-heal|p2a: Hatterene|77/100 psn|[from] drain|[of] p1a: bad bitch pardon?
|-enditem|p1a: bad bitch pardon?|Red Card|[of] p2a: Hatterene
|drag|p2a: Araquanid|Araquanid, M|100/100
|
|upkeep
|turn|3
|
|t:|1776122789
|switch|p2a: Hatterene|Hatterene, F|77/100 psn
|move|p1a: bad bitch pardon?|Power Gem|p2a: Hatterene
|-damage|p2a: Hatterene|55/100 psn
|
|-damage|p2a: Hatterene|43/100 psn|[from] psn
|upkeep
|turn|4
|
|t:|1776122793
|switch|p1a: ffragmentsofU|Gholdengo|100/100
|move|p2a: Hatterene|Psyshock|p1a: ffragmentsofU
|-resisted|p1a: ffragmentsofU
|-damage|p1a: ffragmentsofU|77/100
|
|-damage|p2a: Hatterene|31/100 psn|[from] psn
|upkeep
|turn|5
|c|☆1200s chud|icl
|c|☆mourning rmoon rn|then don't
|c|☆1200s chud|i meant to do draining kiss over psyshock that first turn
|
|t:|1776122817
|switch|p1a: bad bitch pardon?|Glimmora, M|87/100
|switch|p2a: Gholdengo|Gholdengo|100/100
|
|upkeep
|turn|6
|c|☆mourning rmoon rn|you did draining kiss
|c|☆mourning rmoon rn|wdym
|c|☆1200s chud|oh backgwards lol
|
|t:|1776122833
|move|p2a: Gholdengo|Make It Rain|p1a: bad bitch pardon?
|-supereffective|p1a: bad bitch pardon?
|-damage|p1a: bad bitch pardon?|0 fnt
|-unboost|p2a: Gholdengo|spa|1
|faint|p1a: bad bitch pardon?
|
|upkeep
|
|t:|1776122835
|switch|p1a: ADDRESS ME.|Ogerpon-Wellspring, F|100/100
|turn|7
|
|t:|1776122840
|switch|p2a: Araquanid|Araquanid, M|100/100
|move|p1a: ADDRESS ME.|Swords Dance|p1a: ADDRESS ME.
|-boost|p1a: ADDRESS ME.|atk|2
|
|upkeep
|turn|8
|
|t:|1776122844
|move|p1a: ADDRESS ME.|Trailblaze|p2a: Araquanid
|-damage|p2a: Araquanid|28/100
|-boost|p1a: ADDRESS ME.|spe|1
|move|p2a: Araquanid|Leech Life|p1a: ADDRESS ME.
|-supereffective|p1a: ADDRESS ME.
|-damage|p1a: ADDRESS ME.|0 fnt
|-heal|p2a: Araquanid|73/100|[from] drain|[of] p1a: ADDRESS ME.
|faint|p1a: ADDRESS ME.
|
|upkeep
|c|☆mourning rmoon rn|holy banded
|c|☆1200s chud|LMAO
|
|t:|1776122861
|switch|p1a: ffragmentsofU|Gholdengo|77/100
|turn|9
|
|t:|1776122868
|switch|p2a: Hatterene|Hatterene, F|31/100 psn
|move|p1a: ffragmentsofU|Shadow Ball|p2a: Hatterene
|-supereffective|p2a: Hatterene
|-damage|p2a: Hatterene|0 fnt
|faint|p2a: Hatterene
|
|upkeep
|
|t:|1776122870
|switch|p2a: Darkrai|Darkrai|100/100
|turn|10
|
|t:|1776122884
|switch|p1a: 2PHONEBABYKEEM|Kingambit, F|100/100
|-activate|p1a: 2PHONEBABYKEEM|ability: Supreme Overlord
|-start|p1a: 2PHONEBABYKEEM|fallen2|[silent]
|move|p2a: Darkrai|Will-O-Wisp|p1a: 2PHONEBABYKEEM
|-status|p1a: 2PHONEBABYKEEM|brn
|
|-damage|p1a: 2PHONEBABYKEEM|94/100 brn|[from] brn
|upkeep
|turn|11
|
|t:|1776122887
|move|p2a: Darkrai|Taunt|p1a: 2PHONEBABYKEEM
|-start|p1a: 2PHONEBABYKEEM|move: Taunt
|cant|p1a: 2PHONEBABYKEEM|move: Taunt|Swords Dance
|
|-heal|p1a: 2PHONEBABYKEEM|100/100 brn|[from] item: Leftovers
|-damage|p1a: 2PHONEBABYKEEM|94/100 brn|[from] brn
|upkeep
|turn|12
|
|t:|1776122894
|switch|p2a: Landorus|Landorus-Therian, M|100/100
|-ability|p2a: Landorus|Intimidate|boost
|-unboost|p1a: 2PHONEBABYKEEM|atk|1
|move|p1a: 2PHONEBABYKEEM|Iron Head|p2a: Landorus
|-damage|p2a: Landorus|82/100
|-damage|p1a: 2PHONEBABYKEEM|78/100 brn|[from] item: Rocky Helmet|[of] p2a: Landorus
|
|-heal|p1a: 2PHONEBABYKEEM|84/100 brn|[from] item: Leftovers
|-damage|p1a: 2PHONEBABYKEEM|78/100 brn|[from] brn
|upkeep
|turn|13
|
|t:|1776122901
|-end|p1a: 2PHONEBABYKEEM|fallen2|[silent]
|switch|p1a: ffragmentsofU|Gholdengo|77/100
|move|p2a: Landorus|U-turn|p1a: ffragmentsofU
|-resisted|p1a: ffragmentsofU
|-crit|p1a: ffragmentsofU
|-damage|p1a: ffragmentsofU|67/100
|
|t:|1776122907
|switch|p2a: Darkrai|Darkrai|100/100|[from] U-turn
|
|upkeep
|turn|14
|
|t:|1776122910
|move|p1a: ffragmentsofU|Make It Rain|p2a: Darkrai
|-damage|p2a: Darkrai|11/100
|-unboost|p1a: ffragmentsofU|spa|1
|move|p2a: Darkrai|Dark Pulse|p1a: ffragmentsofU
|-supereffective|p1a: ffragmentsofU
|-damage|p1a: ffragmentsofU|0 fnt
|faint|p1a: ffragmentsofU
|
|upkeep
|
|t:|1776122913
|switch|p1a: YACHTSICK|Zamazenta|100/100
|-ability|p1a: YACHTSICK|Dauntless Shield|boost
|-boost|p1a: YACHTSICK|def|1
|turn|15
|
|t:|1776122917
|move|p1a: YACHTSICK|Substitute|p1a: YACHTSICK
|-start|p1a: YACHTSICK|Substitute
|-damage|p1a: YACHTSICK|76/100
|move|p2a: Darkrai|Will-O-Wisp||[still]
|-fail|p2a: Darkrai
|
|-heal|p1a: YACHTSICK|82/100|[from] item: Leftovers
|upkeep
|turn|16
|
|t:|1776122919
|move|p1a: YACHTSICK|Iron Defense|p1a: YACHTSICK
|-boost|p1a: YACHTSICK|def|2
|move|p2a: Darkrai|Taunt|p1a: YACHTSICK
|-start|p1a: YACHTSICK|move: Taunt
|
|-heal|p1a: YACHTSICK|88/100|[from] item: Leftovers
|upkeep
|turn|17
|
|t:|1776122923
|switch|p2a: Landorus|Landorus-Therian, M|82/100
|-ability|p2a: Landorus|Intimidate|boost
|-immune|p1a: YACHTSICK
|move|p1a: YACHTSICK|Crunch|p2a: Landorus
|-damage|p2a: Landorus|61/100
|-unboost|p2a: Landorus|def|1
|-damage|p1a: YACHTSICK|72/100|[from] item: Rocky Helmet|[of] p2a: Landorus
|
|-heal|p1a: YACHTSICK|78/100|[from] item: Leftovers
|upkeep
|turn|18
|
|t:|1776122937
|move|p1a: YACHTSICK|Crunch|p2a: Landorus
|-damage|p2a: Landorus|31/100
|-damage|p1a: YACHTSICK|61/100|[from] item: Rocky Helmet|[of] p2a: Landorus
|move|p2a: Landorus|U-turn|p1a: YACHTSICK
|-resisted|p1a: YACHTSICK
|-activate|p1a: YACHTSICK|move: Substitute|[damage]
|
|t:|1776122945
|switch|p2a: Gholdengo|Gholdengo|100/100|[from] U-turn
|
|-heal|p1a: YACHTSICK|67/100|[from] item: Leftovers
|upkeep
|turn|19
|
|t:|1776122949
|move|p1a: YACHTSICK|Crunch|p2a: Gholdengo
|-supereffective|p2a: Gholdengo
|-damage|p2a: Gholdengo|56/100
|-unboost|p2a: Gholdengo|def|1
|move|p2a: Gholdengo|Shadow Ball|p1a: YACHTSICK
|-end|p1a: YACHTSICK|Substitute
|
|-heal|p1a: YACHTSICK|74/100|[from] item: Leftovers
|-end|p1a: YACHTSICK|move: Taunt
|upkeep
|turn|20
|
|t:|1776122957
|move|p1a: YACHTSICK|Substitute|p1a: YACHTSICK
|-start|p1a: YACHTSICK|Substitute
|-damage|p1a: YACHTSICK|49/100
|move|p2a: Gholdengo|Shadow Ball|p1a: YACHTSICK
|-end|p1a: YACHTSICK|Substitute
|
|-heal|p1a: YACHTSICK|55/100|[from] item: Leftovers
|upkeep
|turn|21
|
|t:|1776122968
|switch|p2a: Landorus|Landorus-Therian, M|31/100
|-ability|p2a: Landorus|Intimidate|boost
|-unboost|p1a: YACHTSICK|atk|1
|move|p1a: YACHTSICK|Crunch|p2a: Landorus
|-damage|p2a: Landorus|18/100
|-unboost|p2a: Landorus|def|1
|-damage|p1a: YACHTSICK|38/100|[from] item: Rocky Helmet|[of] p2a: Landorus
|
|-heal|p1a: YACHTSICK|45/100|[from] item: Leftovers
|upkeep
|turn|22
|
|t:|1776122974
|move|p1a: YACHTSICK|Substitute|p1a: YACHTSICK
|-start|p1a: YACHTSICK|Substitute
|-damage|p1a: YACHTSICK|20/100
|move|p2a: Landorus|Earthquake|p1a: YACHTSICK
|-activate|p1a: YACHTSICK|move: Substitute|[damage]
|
|-heal|p1a: YACHTSICK|26/100|[from] item: Leftovers
|upkeep
|turn|23
|
|t:|1776122977
|move|p1a: YACHTSICK|Body Press|p2a: Landorus
|-resisted|p2a: Landorus
|-damage|p2a: Landorus|0 fnt
|-damage|p1a: YACHTSICK|10/100|[from] item: Rocky Helmet|[of] p2a: Landorus
|faint|p2a: Landorus
|
|-heal|p1a: YACHTSICK|16/100|[from] item: Leftovers
|upkeep
|
|t:|1776122989
|switch|p2a: Araquanid|Araquanid, M|73/100
|turn|24
|
|t:|1776122991
|move|p1a: YACHTSICK|Body Press|p2a: Araquanid
|-resisted|p2a: Araquanid
|-damage|p2a: Araquanid|28/100
|move|p2a: Araquanid|Liquidation|p1a: YACHTSICK
|-end|p1a: YACHTSICK|Substitute
|
|-heal|p1a: YACHTSICK|22/100|[from] item: Leftovers
|upkeep
|turn|25
|
|t:|1776122993
|move|p1a: YACHTSICK|Body Press|p2a: Araquanid
|-resisted|p2a: Araquanid
|-damage|p2a: Araquanid|0 fnt
|faint|p2a: Araquanid
|
|-heal|p1a: YACHTSICK|28/100|[from] item: Leftovers
|upkeep
|
|t:|1776122995
|switch|p2a: Gholdengo|Gholdengo|56/100
|turn|26
|
|t:|1776122998
|move|p1a: YACHTSICK|Crunch|p2a: Gholdengo
|-supereffective|p2a: Gholdengo
|-damage|p2a: Gholdengo|24/100
|move|p2a: Gholdengo|Shadow Ball|p1a: YACHTSICK
|-damage|p1a: YACHTSICK|0 fnt
|faint|p1a: YACHTSICK
|
|upkeep
|
|t:|1776123000
|switch|p1a: AHHHHHH|Dragonite, M|100/100
|turn|27
|
|t:|1776123004
|move|p1a: AHHHHHH|Dragon Dance|p1a: AHHHHHH
|-boost|p1a: AHHHHHH|atk|1
|-boost|p1a: AHHHHHH|spe|1
|move|p2a: Gholdengo|Make It Rain|p1a: AHHHHHH
|-damage|p1a: AHHHHHH|53/100
|-unboost|p2a: Gholdengo|spa|1
|
|upkeep
|turn|28
|
|t:|1776123007
|move|p1a: AHHHHHH|Earthquake|p2a: Gholdengo
|-supereffective|p2a: Gholdengo
|-damage|p2a: Gholdengo|0 fnt
|faint|p2a: Gholdengo
|
|upkeep
|
|t:|1776123009
|switch|p2a: Dragonite|Dragonite, F|100/100
|turn|29
|
|t:|1776123017
|-terastallize|p2a: Dragonite|Flying
|move|p1a: AHHHHHH|Ice Spinner|p2a: Dragonite
|-supereffective|p2a: Dragonite
|-damage|p2a: Dragonite|53/100
|move|p2a: Dragonite|Tera Blast|p1a: AHHHHHH|[anim] Tera Blast Flying
|-damage|p1a: AHHHHHH|0 fnt
|faint|p1a: AHHHHHH
|
|upkeep
|
|t:|1776123019
|switch|p1a: 2PHONEBABYKEEM|Kingambit, F|78/100 brn
|-activate|p1a: 2PHONEBABYKEEM|ability: Supreme Overlord
|-start|p1a: 2PHONEBABYKEEM|fallen5|[silent]
|turn|30
|
|t:|1776123022
|move|p2a: Dragonite|Earthquake|p1a: 2PHONEBABYKEEM
|-supereffective|p1a: 2PHONEBABYKEEM
|-damage|p1a: 2PHONEBABYKEEM|24/100 brn
|move|p1a: 2PHONEBABYKEEM|Swords Dance|p1a: 2PHONEBABYKEEM
|-boost|p1a: 2PHONEBABYKEEM|atk|2
|
|-heal|p1a: 2PHONEBABYKEEM|31/100 brn|[from] item: Leftovers
|-damage|p1a: 2PHONEBABYKEEM|24/100 brn|[from] brn
|upkeep
|turn|31
|c|☆1200s chud|ggs!
|
|t:|1776123028
|move|p2a: Dragonite|Extreme Speed|p1a: 2PHONEBABYKEEM
|-resisted|p1a: 2PHONEBABYKEEM
|-damage|p1a: 2PHONEBABYKEEM|14/100 brn
|move|p1a: 2PHONEBABYKEEM|Kowtow Cleave|p2a: Dragonite
|-damage|p2a: Dragonite|0 fnt
|faint|p2a: Dragonite
|
|-heal|p1a: 2PHONEBABYKEEM|20/100 brn|[from] item: Leftovers
|-damage|p1a: 2PHONEBABYKEEM|14/100 brn|[from] brn
|upkeep
|
|t:|1776123030
|switch|p2a: Darkrai|Darkrai|11/100
|turn|32
|
|t:|1776123039
|move|p1a: 2PHONEBABYKEEM|Sucker Punch||[still]
|-fail|p1a: 2PHONEBABYKEEM
|move|p2a: Darkrai|Taunt|p1a: 2PHONEBABYKEEM
|-start|p1a: 2PHONEBABYKEEM|move: Taunt
|
|-heal|p1a: 2PHONEBABYKEEM|20/100 brn|[from] item: Leftovers
|-damage|p1a: 2PHONEBABYKEEM|14/100 brn|[from] brn
|upkeep
|turn|33
|
|t:|1776123042
|move|p1a: 2PHONEBABYKEEM|Sucker Punch||[still]
|-fail|p1a: 2PHONEBABYKEEM
|move|p2a: Darkrai|Will-O-Wisp|p1a: 2PHONEBABYKEEM
|-fail|p1a: 2PHONEBABYKEEM|brn
|
|-heal|p1a: 2PHONEBABYKEEM|20/100 brn|[from] item: Leftovers
|-damage|p1a: 2PHONEBABYKEEM|14/100 brn|[from] brn
|upkeep
|turn|34
|
|t:|1776123052
|move|p1a: 2PHONEBABYKEEM|Sucker Punch||[still]
|-fail|p1a: 2PHONEBABYKEEM
|move|p2a: Darkrai|Will-O-Wisp|p1a: 2PHONEBABYKEEM
|-fail|p1a: 2PHONEBABYKEEM|brn
|
|-heal|p1a: 2PHONEBABYKEEM|20/100 brn|[from] item: Leftovers
|-damage|p1a: 2PHONEBABYKEEM|14/100 brn|[from] brn
|upkeep
|turn|35
|
|t:|1776123054
|move|p1a: 2PHONEBABYKEEM|Sucker Punch||[still]
|-fail|p1a: 2PHONEBABYKEEM
|move|p2a: Darkrai|Will-O-Wisp|p1a: 2PHONEBABYKEEM
|-fail|p1a: 2PHONEBABYKEEM|brn
|
|-heal|p1a: 2PHONEBABYKEEM|20/100 brn|[from] item: Leftovers
|-damage|p1a: 2PHONEBABYKEEM|14/100 brn|[from] brn
|-end|p1a: 2PHONEBABYKEEM|move: Taunt
|upkeep
|turn|36
|
|t:|1776123055
|move|p1a: 2PHONEBABYKEEM|Sucker Punch||[still]
|-fail|p1a: 2PHONEBABYKEEM
|move|p2a: Darkrai|Will-O-Wisp|p1a: 2PHONEBABYKEEM
|-fail|p1a: 2PHONEBABYKEEM|brn
|
|-heal|p1a: 2PHONEBABYKEEM|20/100 brn|[from] item: Leftovers
|-damage|p1a: 2PHONEBABYKEEM|14/100 brn|[from] brn
|upkeep
|turn|37
|
|t:|1776123058
|move|p2a: Darkrai|Will-O-Wisp|p1a: 2PHONEBABYKEEM
|-fail|p1a: 2PHONEBABYKEEM|brn
|move|p1a: 2PHONEBABYKEEM|Kowtow Cleave|p2a: Darkrai
|-resisted|p2a: Darkrai
|-damage|p2a: Darkrai|0 fnt
|faint|p2a: Darkrai
|
|win|mourning rmoon rn
