|html|<div class="broadcast-blue"><strong>[Gen 9] OU is currently suspecting Tera Blast! For information on how to participate check out the <a href="https://www.smogon.com/tools/suspects/view/200">suspect thread</a>.</strong></div>
|j|☆Jihi1
|j|☆IC1
|t:|1776338602
|gametype|singles
|player|p1|Jihi1|ghetsis-gen5bw|1215
|player|p2|IC1|blackbelt-gen4dp|1259
|gen|9
|tier|[Gen 9] OU
|rated|
|rule|HP Percentage Mod: HP is shown in percentages
|rule|Endless Battle Clause: Forcing endless battles is banned
|rule|Species Clause: Limit one of each Pokémon
|rule|OHKO Clause: OHKO moves are banned
|rule|Evasion Items Clause: Evasion items are banned
|rule|Evasion Moves Clause: Evasion moves are banned
|rule|Evasion Abilities Clause: Evasion abilities are banned
|rule|Sleep Moves Clause: Sleep-inducing moves are banned
|clearpoke
|poke|p1|Forretress, F|
|poke|p1|Gliscor, M|
|poke|p1|Araquanid, M|
|poke|p1|Cinderace, M|
|poke|p1|Malamar, M|
|poke|p1|Serperior, M|
|poke|p2|Ogerpon-Wellspring, F|
|poke|p2|Kingambit, M|
|poke|p2|Landorus-Therian, M|
|poke|p2|Glimmora, F|
|poke|p2|Dragapult, M|
|poke|p2|Iron Valiant|
|teampreview
|inactive|Battle timer is ON: inactive players will automatically lose when time's up. (requested by Jihi1)
|
|t:|1776338608
|teamsize|p1|6
|teamsize|p2|6
|start
|switch|p1a: Araquanid|Araquanid, M, shiny|100/100
|switch|p2a: Landorus|Landorus-Therian, M|100/100
|-ability|p2a: Landorus|Intimidate|boost
|-unboost|p1a: Araquanid|atk|1
|turn|1
|inactive|IC1 has 120 seconds left.
|
|t:|1776338653
|move|p2a: Landorus|Stealth Rock|p1a: Araquanid
|-sidestart|p1: Jihi1|move: Stealth Rock
|move|p1a: Araquanid|Hydro Pump|p2a: Landorus|[miss]
|-miss|p1a: Araquanid|p2a: Landorus
|
|upkeep
|turn|2
|
|t:|1776338671
|switch|p2a: Glimmora|Glimmora, F|100/100
|move|p1a: Araquanid|Sticky Web|p2a: Glimmora
|-sidestart|p2: IC1|move: Sticky Web
|
|upkeep
|turn|3
|
|t:|1776338677
|move|p2a: Glimmora|Meteor Beam||[still]
|-prepare|p2a: Glimmora|Meteor Beam
|-boost|p2a: Glimmora|spa|1
|-enditem|p2a: Glimmora|Power Herb
|-anim|p2a: Glimmora|Meteor Beam|p1a: Araquanid
|-supereffective|p1a: Araquanid
|-damage|p1a: Araquanid|0 fnt
|faint|p1a: Araquanid
|
|upkeep
|
|t:|1776338694
|switch|p1a: Cinderace|Cinderace, M|100/100
|-damage|p1a: Cinderace|76/100|[from] Stealth Rock
|turn|4
|
|t:|1776338712
|move|p1a: Cinderace|Court Change|p1a: Cinderace
|-start|p1a: Cinderace|typechange|Normal|[from] ability: Libero
|-swapsideconditions
|-activate|p1a: Cinderace|move: Court Change
|move|p2a: Glimmora|Earth Power|p1a: Cinderace
|-damage|p1a: Cinderace|0 fnt
|faint|p1a: Cinderace
|
|upkeep
|
|t:|1776338723
|switch|p1a: Forretress|Forretress, F|100/100
|-activate|p1a: Forretress|move: Sticky Web
|-unboost|p1a: Forretress|spe|1
|turn|5
|
|t:|1776338741
|move|p2a: Glimmora|Spikes|p1a: Forretress
|-sidestart|p1: Jihi1|Spikes
|move|p1a: Forretress|Body Press|p2a: Glimmora
|-damage|p2a: Glimmora|64/100
|-activate|p2a: Glimmora|ability: Toxic Debris
|-sidestart|p1: Jihi1|move: Toxic Spikes
|
|upkeep
|turn|6
|
|t:|1776338753
|move|p2a: Glimmora|Spikes|p1a: Forretress
|-sidestart|p1: Jihi1|Spikes
|move|p1a: Forretress|Iron Defense|p1a: Forretress
|-boost|p1a: Forretress|def|2
|
|upkeep
|turn|7
|
|t:|1776338759
|move|p2a: Glimmora|Meteor Beam||[still]
|-prepare|p2a: Glimmora|Meteor Beam
|-boost|p2a: Glimmora|spa|1
|move|p1a: Forretress|Iron Defense|p1a: Forretress
|-boost|p1a: Forretress|def|2
|
|upkeep
|turn|8
|inactive|IC1 has 120 seconds left.
|
|t:|1776338764
|move|p2a: Glimmora|Meteor Beam|p1a: Forretress|[from] lockedmove
|-crit|p1a: Forretress
|-ability|p1a: Forretress|Sturdy
|-damage|p1a: Forretress|1/100
|move|p1a: Forretress|Body Press|p2a: Glimmora
|-damage|p2a: Glimmora|0 fnt
|-activate|p2a: Glimmora|ability: Toxic Debris
|-sidestart|p1: Jihi1|move: Toxic Spikes
|faint|p2a: Glimmora
|
|-heal|p1a: Forretress|7/100|[from] item: Leftovers
|upkeep
|inactive|IC1 has 120 seconds left.
|
|t:|1776338782
|switch|p2a: Landorus|Landorus-Therian, M|100/100
|-damage|p2a: Landorus|88/100|[from] Stealth Rock
|-ability|p2a: Landorus|Intimidate|boost
|-unboost|p1a: Forretress|atk|1
|turn|9
|
|t:|1776338789
|move|p2a: Landorus|Earthquake|p1a: Forretress
|-damage|p1a: Forretress|0 fnt
|faint|p1a: Forretress
|
|upkeep
|
|t:|1776338795
|switch|p1a: Malamar|Malamar, M|100/100
|-activate|p1a: Malamar|move: Sticky Web
|-boost|p1a: Malamar|spe|1
|-damage|p1a: Malamar|84/100|[from] Spikes
|-status|p1a: Malamar|tox
|turn|10
|
|t:|1776338803
|move|p2a: Landorus|Earthquake|p1a: Malamar
|-damage|p1a: Malamar|33/100 tox
|move|p1a: Malamar|Gravity|p1a: Malamar
|-fieldstart|move: Gravity
|
|-damage|p1a: Malamar|27/100 tox|[from] psn
|upkeep
|turn|11
|
|t:|1776338809
|move|p2a: Landorus|U-turn|p1a: Malamar
|-supereffective|p1a: Malamar
|-damage|p1a: Malamar|0 fnt
|faint|p1a: Malamar
|
|t:|1776338816
|switch|p2a: Dragapult|Dragapult, M|100/100|[from] U-turn
|-damage|p2a: Dragapult|88/100|[from] Stealth Rock
|
|upkeep
|
|t:|1776338819
|switch|p1a: Gliscor|Gliscor, M|100/100
|-activate|p1a: Gliscor|move: Sticky Web
|-unboost|p1a: Gliscor|spe|1
|-damage|p1a: Gliscor|84/100|[from] Spikes
|-status|p1a: Gliscor|tox
|turn|12
|
|t:|1776338827
|move|p2a: Dragapult|Draco Meteor|p1a: Gliscor
|-damage|p1a: Gliscor|0 fnt
|-unboost|p2a: Dragapult|spa|2
|faint|p1a: Gliscor
|
|upkeep
|
|t:|1776338830
|switch|p1a: Serperior|Serperior, M, shiny|100/100
|-activate|p1a: Serperior|move: Sticky Web
|-boost|p1a: Serperior|spe|1
|-damage|p1a: Serperior|84/100|[from] Spikes
|-status|p1a: Serperior|tox
|turn|13
|
|t:|1776338840
|switch|p2a: Landorus|Landorus-Therian, M|88/100
|-damage|p2a: Landorus|76/100|[from] Stealth Rock
|-ability|p2a: Landorus|Intimidate|boost
|-boost|p1a: Serperior|atk|1
|move|p1a: Serperior|Leaf Storm|p2a: Landorus
|-damage|p2a: Landorus|0 fnt
|-boost|p1a: Serperior|spa|2
|faint|p2a: Landorus
|
|-damage|p1a: Serperior|78/100 tox|[from] psn
|upkeep
|
|t:|1776338852
|switch|p2a: Iron Valiant|Iron Valiant|100/100
|-damage|p2a: Iron Valiant|94/100|[from] Stealth Rock
|-enditem|p2a: Iron Valiant|Booster Energy
|-activate|p2a: Iron Valiant|ability: Quark Drive|[fromitem]
|-start|p2a: Iron Valiant|quarkdrivespe
|turn|14
|
|t:|1776338864
|move|p2a: Iron Valiant|Knock Off|p1a: Serperior
|-damage|p1a: Serperior|37/100 tox
|-enditem|p1a: Serperior|Choice Specs|[from] move: Knock Off|[of] p2a: Iron Valiant
|move|p1a: Serperior|Leaf Storm|p2a: Iron Valiant
|-damage|p2a: Iron Valiant|0 fnt
|-boost|p1a: Serperior|spa|2
|faint|p2a: Iron Valiant
|-end|p2a: Iron Valiant|Quark Drive|[silent]
|
|-damage|p1a: Serperior|25/100 tox|[from] psn
|-fieldend|move: Gravity
|upkeep
|inactive|IC1 has 120 seconds left.
|inactive|IC1 has 90 seconds left.
|
|t:|1776338922
|switch|p2a: Kingambit|Kingambit, M|100/100
|-damage|p2a: Kingambit|94/100|[from] Stealth Rock
|-activate|p2a: Kingambit|ability: Supreme Overlord
|-start|p2a: Kingambit|fallen3|[silent]
|turn|15
|inactive|IC1 has 90 seconds left.
|
|t:|1776338929
|move|p2a: Kingambit|Sucker Punch|p1a: Serperior
|-damage|p1a: Serperior|0 fnt
|faint|p1a: Serperior
|
|win|IC1
|raw|Jihi1's rating: 1215 &rarr; <strong>1193</strong><br />(-22 for losing)
|raw|IC1's rating: 1259 &rarr; <strong>1281</strong><br />(+22 for winning)
|l|☆Jihi1
|player|p1|
|c|☆IC1|gg
