|html|<div class="broadcast-blue"><strong>[Gen 9] OU is currently suspecting Tera Blast! For information on how to participate check out the <a href="https://www.smogon.com/tools/suspects/view/200">suspect thread</a>.</strong></div>
|j|☆Keb+charlie
|j|☆hddkkjr6
|t:|1776250088
|gametype|singles
|player|p1|Keb+charlie|li|1000
|player|p2|hddkkjr6|gambler|1000
|gen|9
|tier|[Gen 9] OU
|rated|
|rule|HP Percentage Mod: HP is shown in percentages
|rule|Endless Battle Clause: Forcing endless battles is banned
|rule|Species Clause: Limit one of each Pokémon
|rule|OHKO Clause: OHKO moves are banned
|rule|Evasion Items Clause: Evasion items are banned
|rule|Evasion Moves Clause: Evasion moves are banned
|rule|Evasion Abilities Clause: Evasion abilities are banned
|rule|Sleep Moves Clause: Sleep-inducing moves are banned
|clearpoke
|poke|p1|Kommo-o, F|
|poke|p1|Corviknight, F|
|poke|p1|Politoed, F|
|poke|p1|Samurott-Hisui, F|
|poke|p1|Kingambit, F|
|poke|p1|Dragapult, M|
|poke|p2|Torkoal, M|
|poke|p2|Leafeon, F|
|poke|p2|Pelipper, F|
|poke|p2|Poliwrath, F|
|poke|p2|Grimmsnarl, M|
|poke|p2|Jirachi|
|teampreview
|inactive|Battle timer is ON: inactive players will automatically lose when time's up. (requested by Keb+charlie)
|
|t:|1776250097
|teamsize|p1|6
|teamsize|p2|6
|start
|switch|p1a: Kingambit|Kingambit, F|100/100
|switch|p2a: Torkoal|Torkoal, M|100/100
|-weather|SunnyDay|[from] ability: Drought|[of] p2a: Torkoal
|turn|1
|
|t:|1776250107
|move|p1a: Kingambit|Shadow Claw|p2a: Torkoal
|-damage|p2a: Torkoal|83/100
|move|p2a: Torkoal|Iron Defense|p2a: Torkoal
|-boost|p2a: Torkoal|def|2
|
|-weather|SunnyDay|[upkeep]
|-heal|p2a: Torkoal|89/100|[from] item: Leftovers
|upkeep
|turn|2
|
|t:|1776250124
|move|p1a: Kingambit|Iron Defense|p1a: Kingambit
|-boost|p1a: Kingambit|def|2
|move|p2a: Torkoal|Iron Defense|p2a: Torkoal
|-boost|p2a: Torkoal|def|2
|
|-weather|SunnyDay|[upkeep]
|-heal|p2a: Torkoal|95/100|[from] item: Leftovers
|upkeep
|turn|3
|
|t:|1776250134
|switch|p1a: Politoed|Politoed, F|100/100
|-terastallize|p2a: Torkoal|Fighting
|move|p2a: Torkoal|Body Press|p1a: Politoed
|-damage|p1a: Politoed|0 fnt
|faint|p1a: Politoed
|
|-weather|SunnyDay|[upkeep]
|-heal|p2a: Torkoal|100/100|[from] item: Leftovers
|upkeep
|
|t:|1776250144
|switch|p1a: Dragapult|Dragapult, M|100/100
|turn|4
|
|t:|1776250152
|move|p1a: Dragapult|Thunderbolt|p2a: Torkoal
|-damage|p2a: Torkoal|62/100
|move|p2a: Torkoal|Heat Wave|p1a: Dragapult|[miss]
|-miss|p2a: Torkoal|p1a: Dragapult
|
|-weather|SunnyDay|[upkeep]
|-heal|p2a: Torkoal|68/100|[from] item: Leftovers
|upkeep
|turn|5
|
|t:|1776250161
|move|p1a: Dragapult|Dragon Claw|p2a: Torkoal
|-damage|p2a: Torkoal|60/100
|move|p2a: Torkoal|Heat Wave|p1a: Dragapult
|-resisted|p1a: Dragapult
|-damage|p1a: Dragapult|64/100
|
|-weather|none
|-heal|p2a: Torkoal|66/100|[from] item: Leftovers
|upkeep
|turn|6
|inactive|Keb+charlie has 120 seconds left.
|
|t:|1776250199
|move|p1a: Dragapult|Thunderbolt|p2a: Torkoal
|-damage|p2a: Torkoal|29/100
|move|p2a: Torkoal|Heat Wave|p1a: Dragapult
|-resisted|p1a: Dragapult
|-damage|p1a: Dragapult|41/100
|
|-heal|p2a: Torkoal|35/100|[from] item: Leftovers
|upkeep
|turn|7
|inactive|Keb+charlie has 120 seconds left.
|
|t:|1776250208
|move|p1a: Dragapult|Thunderbolt|p2a: Torkoal
|-damage|p2a: Torkoal|0 fnt
|faint|p2a: Torkoal
|
|upkeep
|
|t:|1776250224
|switch|p2a: Jirachi|Jirachi|100/100
|turn|8
|
|t:|1776250231
|move|p2a: Jirachi|Ice Punch|p1a: Dragapult
|-supereffective|p1a: Dragapult
|-damage|p1a: Dragapult|0 fnt
|faint|p1a: Dragapult
|
|upkeep
|
|t:|1776250239
|switch|p1a: Kommo-o|Kommo-o, F|100/100
|turn|9
|
|t:|1776250244
|move|p2a: Jirachi|Ice Punch|p1a: Kommo-o
|-supereffective|p1a: Kommo-o
|-damage|p1a: Kommo-o|58/100
|-status|p1a: Kommo-o|frz
|cant|p1a: Kommo-o|frz
|
|upkeep
|turn|10
|
|t:|1776250253
|move|p2a: Jirachi|Ice Punch|p1a: Kommo-o
|-supereffective|p1a: Kommo-o
|-damage|p1a: Kommo-o|16/100 frz
|cant|p1a: Kommo-o|frz
|
|upkeep
|turn|11
|
|t:|1776250261
|switch|p1a: Kingambit|Kingambit, F|100/100
|move|p2a: Jirachi|Ice Punch|p1a: Kingambit
|-resisted|p1a: Kingambit
|-damage|p1a: Kingambit|92/100
|
|upkeep
|turn|12
|
|t:|1776250272
|switch|p2a: Poliwrath|Poliwrath, F|100/100
|move|p1a: Kingambit|Shadow Claw|p2a: Poliwrath
|-damage|p2a: Poliwrath|76/100
|-damage|p1a: Kingambit|75/100|[from] item: Rocky Helmet|[of] p2a: Poliwrath
|
|upkeep
|turn|13
|
|t:|1776250280
|move|p2a: Poliwrath|Bulk Up|p2a: Poliwrath
|-boost|p2a: Poliwrath|atk|1
|-boost|p2a: Poliwrath|def|1
|move|p1a: Kingambit|Iron Defense|p1a: Kingambit
|-boost|p1a: Kingambit|def|2
|
|upkeep
|turn|14
|
|t:|1776250292
|switch|p1a: Corviknight|Corviknight, F|100/100
|-ability|p1a: Corviknight|Pressure
|move|p2a: Poliwrath|Drain Punch|p1a: Corviknight
|-damage|p1a: Corviknight|56/100
|-heal|p2a: Poliwrath|100/100|[from] drain|[of] p1a: Corviknight
|
|upkeep
|turn|15
|
|t:|1776250304
|move|p1a: Corviknight|U-turn|p2a: Poliwrath
|-resisted|p2a: Poliwrath
|-damage|p2a: Poliwrath|95/100
|-damage|p1a: Corviknight|39/100|[from] item: Rocky Helmet|[of] p2a: Poliwrath
|
|t:|1776250309
|switch|p1a: Samurott|Samurott-Hisui, F|100/100|[from] U-turn
|move|p2a: Poliwrath|Drain Punch|p1a: Samurott
|-supereffective|p1a: Samurott
|-damage|p1a: Samurott|0 fnt
|-heal|p2a: Poliwrath|100/100|[from] drain|[of] p1a: Samurott
|faint|p1a: Samurott
|
|upkeep
|
|t:|1776250319
|switch|p1a: Kingambit|Kingambit, F|75/100
|turn|16
|
|t:|1776250324
|move|p2a: Poliwrath|Drain Punch|p1a: Kingambit
|-supereffective|p1a: Kingambit
|-damage|p1a: Kingambit|0 fnt
|faint|p1a: Kingambit
|
|upkeep
|
|t:|1776250330
|switch|p1a: Kommo-o|Kommo-o, F|16/100 frz
|turn|17
|
|t:|1776250335
|cant|p1a: Kommo-o|frz
|move|p2a: Poliwrath|Bulk Up|p2a: Poliwrath
|-boost|p2a: Poliwrath|atk|1
|-boost|p2a: Poliwrath|def|1
|
|upkeep
|turn|18
|
|t:|1776250343
|cant|p1a: Kommo-o|frz
|move|p2a: Poliwrath|Liquidation|p1a: Kommo-o
|-resisted|p1a: Kommo-o
|-damage|p1a: Kommo-o|0 fnt
|faint|p1a: Kommo-o
|
|upkeep
|
|t:|1776250349
|switch|p1a: Corviknight|Corviknight, F|39/100
|-ability|p1a: Corviknight|Pressure
|turn|19
|
|t:|1776250354
|move|p1a: Corviknight|Body Press|p2a: Poliwrath
|-damage|p2a: Poliwrath|89/100
|-damage|p1a: Corviknight|22/100|[from] item: Rocky Helmet|[of] p2a: Poliwrath
|move|p2a: Poliwrath|Liquidation|p1a: Corviknight
|-damage|p1a: Corviknight|0 fnt
|faint|p1a: Corviknight
|
|win|hddkkjr6
|raw|Keb+charlie's rating: 1000 &rarr; <strong>1000</strong><br />(+0 for losing)
|raw|hddkkjr6's rating: 1000 &rarr; <strong>1040</strong><br />(+40 for winning)
