|html|<div class="broadcast-blue"><strong>[Gen 9] OU is currently suspecting Tera Blast! For information on how to participate check out the <a href="https://www.smogon.com/tools/suspects/view/200">suspect thread</a>.</strong></div>
|j|☆snurke
|j|☆MightyTaggart
|t:|1776090896
|gametype|singles
|player|p1|snurke|sisandbro|1574
|player|p2|MightyTaggart|2|1618
|gen|9
|tier|[Gen 9] OU
|rated|
|rule|HP Percentage Mod: HP is shown in percentages
|rule|Endless Battle Clause: Forcing endless battles is banned
|rule|Species Clause: Limit one of each Pokémon
|rule|OHKO Clause: OHKO moves are banned
|rule|Evasion Items Clause: Evasion items are banned
|rule|Evasion Moves Clause: Evasion moves are banned
|rule|Evasion Abilities Clause: Evasion abilities are banned
|rule|Sleep Moves Clause: Sleep-inducing moves are banned
|clearpoke
|poke|p1|Manaphy|
|poke|p1|Vikavolt, F|
|poke|p1|Basculegion, M|
|poke|p1|Pelipper, M|
|poke|p1|Iron Treads|
|poke|p1|Overqwil, M|
|poke|p2|Hatterene, F|
|poke|p2|Maushold|
|poke|p2|Ceruledge, F|
|poke|p2|Ogerpon-Cornerstone, F|
|poke|p2|Dragonite, M|
|poke|p2|Mamoswine, F|
|teampreview
|inactive|Battle timer is ON: inactive players will automatically lose when time's up. (requested by MightyTaggart)
|
|t:|1776090943
|teamsize|p1|6
|teamsize|p2|6
|start
|switch|p1a: Iron Treads|Iron Treads, shiny|100/100
|switch|p2a: Mamoswine|Mamoswine, F|100/100
|turn|1
|
|t:|1776090949
|-end|p1a: Iron Treads|Quark Drive|[silent]
|switch|p1a: Pelipper|Pelipper, M, shiny|100/100
|-weather|RainDance|[from] ability: Drizzle|[of] p1a: Pelipper
|move|p2a: Mamoswine|Earthquake|p1a: Pelipper
|-immune|p1a: Pelipper
|
|-weather|RainDance|[upkeep]
|upkeep
|turn|2
|
|t:|1776090958
|move|p2a: Mamoswine|Stealth Rock|p1a: Pelipper
|-sidestart|p1: snurke|move: Stealth Rock
|move|p1a: Pelipper|U-turn|p2a: Mamoswine
|-crit|p2a: Mamoswine
|-damage|p2a: Mamoswine|85/100
|
|t:|1776090969
|switch|p1a: Basculegion|Basculegion, M, shiny|100/100|[from] U-turn
|-damage|p1a: Basculegion|88/100|[from] Stealth Rock
|
|-weather|RainDance|[upkeep]
|upkeep
|turn|3
|
|t:|1776090979
|move|p1a: Basculegion|Flip Turn|p2a: Mamoswine
|-supereffective|p2a: Mamoswine
|-damage|p2a: Mamoswine|0 fnt
|faint|p2a: Mamoswine
|
|t:|1776090986
|switch|p1a: Iron Treads|Iron Treads, shiny|100/100|[from] Flip Turn
|-damage|p1a: Iron Treads|98/100|[from] Stealth Rock
|
|-weather|RainDance|[upkeep]
|-heal|p1a: Iron Treads|100/100|[from] item: Leftovers
|upkeep
|
|t:|1776090995
|switch|p2a: Ceruledge|Ceruledge, F|100/100
|turn|4
|
|t:|1776091008
|move|p2a: Ceruledge|Swords Dance|p2a: Ceruledge
|-boost|p2a: Ceruledge|atk|2
|move|p1a: Iron Treads|Earthquake|p2a: Ceruledge
|-supereffective|p2a: Ceruledge
|-enditem|p2a: Ceruledge|Focus Sash
|-damage|p2a: Ceruledge|1/100
|-ability|p2a: Ceruledge|Weak Armor|boost
|-unboost|p2a: Ceruledge|def|1
|-boost|p2a: Ceruledge|spe|2
|
|-weather|RainDance|[upkeep]
|upkeep
|turn|5
|
|t:|1776091019
|move|p2a: Ceruledge|Close Combat|p1a: Iron Treads
|-supereffective|p1a: Iron Treads
|-damage|p1a: Iron Treads|0 fnt
|-unboost|p2a: Ceruledge|def|1
|-unboost|p2a: Ceruledge|spd|1
|faint|p1a: Iron Treads
|-end|p1a: Iron Treads|Quark Drive|[silent]
|
|-weather|RainDance|[upkeep]
|upkeep
|
|t:|1776091027
|switch|p1a: Basculegion|Basculegion, M, shiny|88/100
|-damage|p1a: Basculegion|76/100|[from] Stealth Rock
|turn|6
|
|t:|1776091036
|move|p2a: Ceruledge|Shadow Sneak|p1a: Basculegion
|-supereffective|p1a: Basculegion
|-damage|p1a: Basculegion|0 fnt
|faint|p1a: Basculegion
|
|-weather|RainDance|[upkeep]
|upkeep
|
|t:|1776091041
|switch|p1a: Overqwil|Overqwil, M, shiny|100/100
|-damage|p1a: Overqwil|88/100|[from] Stealth Rock
|turn|7
|
|t:|1776091051
|move|p2a: Ceruledge|Shadow Sneak|p1a: Overqwil
|-resisted|p1a: Overqwil
|-damage|p1a: Overqwil|63/100
|-damage|p2a: Ceruledge|0 fnt|[from] item: Rocky Helmet|[of] p1a: Overqwil
|faint|p2a: Ceruledge
|move|p1a: Overqwil|Crunch|p2: Ceruledge|[notarget]
|-fail|p1a: Overqwil
|
|-weather|RainDance|[upkeep]
|upkeep
|
|t:|1776091065
|switch|p2a: Dragonite|Dragonite, M|100/100
|turn|8
|
|t:|1776091070
|move|p1a: Overqwil|Spikes|p2a: Dragonite
|-sidestart|p2: MightyTaggart|Spikes
|move|p2a: Dragonite|Dragon Dance|p2a: Dragonite
|-boost|p2a: Dragonite|atk|1
|-boost|p2a: Dragonite|spe|1
|
|-weather|none
|upkeep
|turn|9
|
|t:|1776091078
|switch|p1a: Pelipper|Pelipper, M, shiny|100/100
|-damage|p1a: Pelipper|76/100|[from] Stealth Rock
|-weather|RainDance|[from] ability: Drizzle|[of] p1a: Pelipper
|move|p2a: Dragonite|Dragon Dance|p2a: Dragonite
|-boost|p2a: Dragonite|atk|1
|-boost|p2a: Dragonite|spe|1
|
|-weather|RainDance|[upkeep]
|upkeep
|turn|10
|inactive|MightyTaggart has 120 seconds left.
|l|☆MightyTaggart
|inactive|MightyTaggart disconnected and has a minute to reconnect!
|player|p2|
|j|☆MightyTaggart
|inactive|MightyTaggart reconnected and has 110 seconds left.
|player|p2|MightyTaggart|2|
|
|t:|1776091123
|move|p2a: Dragonite|Scale Shot|p1a: Pelipper
|-damage|p1a: Pelipper|54/100
|-damage|p1a: Pelipper|32/100
|-damage|p1a: Pelipper|10/100
|-damage|p1a: Pelipper|0 fnt
|faint|p1a: Pelipper
|-hitcount|p1: Pelipper|4
|-unboost|p2a: Dragonite|def|1
|-boost|p2a: Dragonite|spe|1
|
|-weather|RainDance|[upkeep]
|upkeep
|
|t:|1776091136
|switch|p1a: Vikavolt|Vikavolt, F, shiny|100/100
|-damage|p1a: Vikavolt|76/100|[from] Stealth Rock
|turn|11
|inactive|MightyTaggart has 120 seconds left.
|
|t:|1776091146
|-terastallize|p1a: Vikavolt|Steel
|move|p2a: Dragonite|Scale Shot|p1a: Vikavolt
|-resisted|p1a: Vikavolt
|-damage|p1a: Vikavolt|61/100
|-resisted|p1a: Vikavolt
|-crit|p1a: Vikavolt
|-damage|p1a: Vikavolt|39/100
|-resisted|p1a: Vikavolt
|-damage|p1a: Vikavolt|25/100
|-resisted|p1a: Vikavolt
|-damage|p1a: Vikavolt|11/100
|-hitcount|p1a: Vikavolt|4
|-unboost|p2a: Dragonite|def|1
|-boost|p2a: Dragonite|spe|1
|move|p1a: Vikavolt|Volt Switch|p2a: Dragonite
|-damage|p2a: Dragonite|81/100
|
|t:|1776091163
|switch|p1a: Manaphy|Manaphy, shiny|100/100|[from] Volt Switch
|-damage|p1a: Manaphy|88/100|[from] Stealth Rock
|
|-weather|RainDance|[upkeep]
|upkeep
|turn|12
|
|t:|1776091171
|move|p2a: Dragonite|Scale Shot|p1a: Manaphy
|-damage|p1a: Manaphy|59/100
|-damage|p1a: Manaphy|33/100
|-damage|p1a: Manaphy|5/100
|-damage|p1a: Manaphy|0 fnt
|faint|p1a: Manaphy
|-hitcount|p1: Manaphy|4
|-unboost|p2a: Dragonite|def|1
|-boost|p2a: Dragonite|spe|1
|
|-weather|RainDance|[upkeep]
|upkeep
|
|t:|1776091174
|switch|p1a: Overqwil|Overqwil, M, shiny|63/100
|-damage|p1a: Overqwil|51/100|[from] Stealth Rock
|turn|13
|
|t:|1776091189
|move|p2a: Dragonite|Scale Shot|p1a: Overqwil
|-damage|p1a: Overqwil|18/100
|-damage|p1a: Overqwil|0 fnt
|faint|p1a: Overqwil
|-hitcount|p1: Overqwil|2
|-unboost|p2a: Dragonite|def|1
|-boost|p2a: Dragonite|spe|1
|
|-weather|RainDance|[upkeep]
|upkeep
|-message|snurke forfeited.
|
|win|MightyTaggart
|raw|snurke's rating: 1574 &rarr; <strong>1557</strong><br />(-17 for losing)
|raw|MightyTaggart's rating: 1618 &rarr; <strong>1635</strong><br />(+17 for winning)
|l|☆MightyTaggart
|player|p2|
