|html|<div class="broadcast-blue"><strong>[Gen 9] OU is currently suspecting Tera Blast! For information on how to participate check out the <a href="https://www.smogon.com/tools/suspects/view/200">suspect thread</a>.</strong></div>
|j|☆CrYMoDzZ
|j|☆vryfast
|t:|1776084876
|gametype|singles
|player|p1|CrYMoDzZ|byron|1285
|player|p2|vryfast|2|1311
|gen|9
|tier|[Gen 9] OU
|rated|
|rule|HP Percentage Mod: HP is shown in percentages
|rule|Endless Battle Clause: Forcing endless battles is banned
|rule|Species Clause: Limit one of each Pokémon
|rule|OHKO Clause: OHKO moves are banned
|rule|Evasion Items Clause: Evasion items are banned
|rule|Evasion Moves Clause: Evasion moves are banned
|rule|Evasion Abilities Clause: Evasion abilities are banned
|rule|Sleep Moves Clause: Sleep-inducing moves are banned
|clearpoke
|poke|p1|Kingambit, F|
|poke|p1|Heatran, F|
|poke|p1|Gholdengo|
|poke|p1|Iron Treads|
|poke|p1|Metagross|
|poke|p1|Corviknight, F|
|poke|p2|Dragapult, F|
|poke|p2|Mudsdale, F|
|poke|p2|Corviknight, M|
|poke|p2|Primarina, M|
|poke|p2|Iron Moth|
|poke|p2|Goodra-Hisui, M|
|teampreview
|j| ohko_smeargle
|
|t:|1776084897
|teamsize|p1|6
|teamsize|p2|6
|start
|switch|p1a: Iron Treads|Iron Treads|100/100
|switch|p2a: Iron Moth|Iron Moth|100/100
|-enditem|p2a: Iron Moth|Booster Energy
|-activate|p2a: Iron Moth|ability: Quark Drive|[fromitem]
|-start|p2a: Iron Moth|quarkdrivespa
|-enditem|p1a: Iron Treads|Booster Energy
|-activate|p1a: Iron Treads|ability: Quark Drive|[fromitem]
|-start|p1a: Iron Treads|quarkdriveatk
|turn|1
|inactive|Battle timer is ON: inactive players will automatically lose when time's up. (requested by vryfast)
|
|t:|1776084927
|move|p2a: Iron Moth|Fiery Dance|p1a: Iron Treads
|-supereffective|p1a: Iron Treads
|-damage|p1a: Iron Treads|0 fnt
|faint|p1a: Iron Treads
|-end|p1a: Iron Treads|Quark Drive|[silent]
|
|upkeep
|
|t:|1776084931
|switch|p1a: Metagross|Metagross|100/100
|turn|2
|
|t:|1776084936
|switch|p1a: Heatran|Heatran, F|100/100
|-item|p1a: Heatran|Air Balloon
|move|p2a: Iron Moth|Fiery Dance|p1a: Heatran
|-start|p1a: Heatran|ability: Flash Fire
|
|upkeep
|turn|3
|
|t:|1776084959
|-end|p2a: Iron Moth|Quark Drive|[silent]
|switch|p2a: Goodra|Goodra-Hisui, M|100/100
|move|p1a: Heatran|Earth Power|p2a: Goodra
|-supereffective|p2a: Goodra
|-damage|p2a: Goodra|76/100
|
|upkeep
|turn|4
|
|t:|1776084965
|move|p1a: Heatran|Magma Storm|p2a: Goodra
|-damage|p2a: Goodra|41/100
|-activate|p2a: Goodra|move: Magma Storm|[of] p1a: Heatran
|move|p2a: Goodra|Knock Off|p1a: Heatran
|-damage|p1a: Heatran|82/100
|-enditem|p1a: Heatran|Air Balloon
|
|-damage|p2a: Goodra|28/100|[from] move: Magma Storm|[partiallytrapped]
|upkeep
|turn|5
|
|t:|1776084970
|move|p1a: Heatran|Protect|p1a: Heatran
|-singleturn|p1a: Heatran|Protect
|move|p2a: Goodra|Dragon Tail|p1a: Heatran
|-activate|p1a: Heatran|move: Protect
|
|-damage|p2a: Goodra|16/100|[from] move: Magma Storm|[partiallytrapped]
|upkeep
|turn|6
|
|t:|1776084975
|move|p1a: Heatran|Earth Power|p2a: Goodra
|-supereffective|p2a: Goodra
|-damage|p2a: Goodra|0 fnt
|faint|p2a: Goodra
|
|upkeep
|
|t:|1776084986
|switch|p2a: Primarina|Primarina, M|100/100
|turn|7
|
|t:|1776084996
|-terastallize|p1a: Heatran|Grass
|move|p2a: Primarina|Surf|p1a: Heatran
|-resisted|p1a: Heatran
|-damage|p1a: Heatran|55/100
|move|p1a: Heatran|Magma Storm|p2a: Primarina
|-resisted|p2a: Primarina
|-damage|p2a: Primarina|59/100
|-activate|p2a: Primarina|move: Magma Storm|[of] p1a: Heatran
|
|-damage|p2a: Primarina|46/100|[from] move: Magma Storm|[partiallytrapped]
|upkeep
|turn|8
|
|t:|1776085005
|move|p1a: Heatran|Protect|p1a: Heatran
|-singleturn|p1a: Heatran|Protect
|move|p2a: Primarina|Surf|p1a: Heatran
|-activate|p1a: Heatran|move: Protect
|
|-damage|p2a: Primarina|34/100|[from] move: Magma Storm|[partiallytrapped]
|upkeep
|turn|9
|
|t:|1776085011
|move|p2a: Primarina|Surf|p1a: Heatran
|-resisted|p1a: Heatran
|-damage|p1a: Heatran|29/100
|move|p1a: Heatran|Flash Cannon|p2a: Primarina
|-damage|p2a: Primarina|0 fnt
|faint|p2a: Primarina
|
|upkeep
|
|t:|1776085018
|switch|p2a: Dragapult|Dragapult, F|100/100
|turn|10
|
|t:|1776085021
|move|p1a: Heatran|Protect|p1a: Heatran
|-singleturn|p1a: Heatran|Protect
|move|p2a: Dragapult|Dragon Darts|p1a: Heatran
|-activate|p1a: Heatran|move: Protect
|
|upkeep
|turn|11
|
|t:|1776085030
|-end|p1a: Heatran|ability: Flash Fire|[silent]
|switch|p1a: Corviknight|Corviknight, F|100/100
|move|p2a: Dragapult|Dragon Darts|p1a: Corviknight
|-resisted|p1a: Corviknight
|-damage|p1a: Corviknight|91/100
|-anim|p2a: Dragapult|Dragon Darts|p1a: Corviknight
|-resisted|p1a: Corviknight
|-damage|p1a: Corviknight|81/100
|
|-heal|p1a: Corviknight|87/100|[from] item: Leftovers
|upkeep
|turn|12
|
|t:|1776085037
|switch|p2a: Mudsdale|Mudsdale, F|100/100
|move|p1a: Corviknight|Drill Peck|p2a: Mudsdale
|-damage|p2a: Mudsdale|84/100
|-damage|p1a: Corviknight|71/100|[from] item: Rocky Helmet|[of] p2a: Mudsdale
|-ability|p2a: Mudsdale|Stamina|boost
|-boost|p2a: Mudsdale|def|1
|
|-heal|p1a: Corviknight|77/100|[from] item: Leftovers
|upkeep
|turn|13
|
|t:|1776085045
|move|p1a: Corviknight|Bulk Up|p1a: Corviknight
|-boost|p1a: Corviknight|atk|1
|-boost|p1a: Corviknight|def|1
|move|p2a: Mudsdale|Stealth Rock|p1a: Corviknight
|-sidestart|p1: CrYMoDzZ|move: Stealth Rock
|
|-heal|p1a: Corviknight|83/100|[from] item: Leftovers
|upkeep
|turn|14
|
|t:|1776085050
|move|p1a: Corviknight|Bulk Up|p1a: Corviknight
|-boost|p1a: Corviknight|atk|1
|-boost|p1a: Corviknight|def|1
|move|p2a: Mudsdale|Roar|p1a: Corviknight
|drag|p1a: Heatran|Heatran, F, tera:Grass|29/100
|-damage|p1a: Heatran|17/100|[from] Stealth Rock
|
|upkeep
|turn|15
|
|t:|1776085057
|move|p1a: Heatran|Magma Storm|p2a: Mudsdale
|-damage|p2a: Mudsdale|26/100
|-activate|p2a: Mudsdale|move: Magma Storm|[of] p1a: Heatran
|-ability|p2a: Mudsdale|Stamina|boost
|-boost|p2a: Mudsdale|def|1
|move|p2a: Mudsdale|Body Press|p1a: Heatran
|-damage|p1a: Heatran|0 fnt
|faint|p1a: Heatran
|
|-end|p2a: Mudsdale|Magma Storm|[partiallytrapped]|[silent]
|upkeep
|
|t:|1776085068
|switch|p1a: Gholdengo|Gholdengo|100/100
|-damage|p1a: Gholdengo|94/100|[from] Stealth Rock
|turn|16
|
|t:|1776085075
|move|p1a: Gholdengo|Dazzling Gleam|p2a: Mudsdale
|-damage|p2a: Mudsdale|0 fnt
|faint|p2a: Mudsdale
|
|upkeep
|
|t:|1776085078
|switch|p2a: Iron Moth|Iron Moth|100/100
|turn|17
|
|t:|1776085085
|switch|p1a: Corviknight|Corviknight, F|83/100
|-damage|p1a: Corviknight|71/100|[from] Stealth Rock
|move|p2a: Iron Moth|Fiery Dance|p1a: Corviknight
|-supereffective|p1a: Corviknight
|-damage|p1a: Corviknight|0 fnt
|faint|p1a: Corviknight
|
|upkeep
|
|t:|1776085091
|switch|p1a: Metagross|Metagross|100/100
|-damage|p1a: Metagross|95/100|[from] Stealth Rock
|turn|18
|
|t:|1776085097
|move|p2a: Iron Moth|Fiery Dance|p1a: Metagross
|-supereffective|p1a: Metagross
|-damage|p1a: Metagross|14/100
|-boost|p2a: Iron Moth|spa|1
|move|p1a: Metagross|Earthquake|p2a: Iron Moth
|-supereffective|p2a: Iron Moth
|-damage|p2a: Iron Moth|0 fnt
|faint|p2a: Iron Moth
|-end|p2a: Iron Moth|Quark Drive|[silent]
|
|upkeep
|
|t:|1776085109
|switch|p2a: Dragapult|Dragapult, F|100/100
|turn|19
|
|t:|1776085113
|move|p1a: Metagross|Bullet Punch|p2a: Dragapult
|-damage|p2a: Dragapult|72/100
|move|p2a: Dragapult|U-turn|p1a: Metagross
|-damage|p1a: Metagross|0 fnt
|faint|p1a: Metagross
|
|t:|1776085116
|switch|p2a: Corviknight|Corviknight, M|100/100|[from] U-turn
|-ability|p2a: Corviknight|Pressure
|
|upkeep
|
|t:|1776085118
|switch|p1a: Gholdengo|Gholdengo|94/100
|-damage|p1a: Gholdengo|88/100|[from] Stealth Rock
|turn|20
|
|t:|1776085123
|move|p1a: Gholdengo|Trick|p2a: Corviknight
|-activate|p1a: Gholdengo|move: Trick|[of] p2a: Corviknight
|-item|p2a: Corviknight|Choice Scarf|[from] move: Trick
|-item|p1a: Gholdengo|Rocky Helmet|[from] move: Trick
|move|p2a: Corviknight|U-turn|p1a: Gholdengo
|-resisted|p1a: Gholdengo
|-damage|p1a: Gholdengo|84/100
|-damage|p2a: Corviknight|84/100|[from] item: Rocky Helmet|[of] p1a: Gholdengo
|
|t:|1776085129
|switch|p2a: Dragapult|Dragapult, F|72/100|[from] U-turn
|
|upkeep
|turn|21
|
|t:|1776085132
|move|p2a: Dragapult|Phantom Force||[still]
|-prepare|p2a: Dragapult|Phantom Force
|move|p1a: Gholdengo|Shadow Ball|p2a: Dragapult|[miss]
|-miss|p1a: Gholdengo|p2a: Dragapult
|
|upkeep
|turn|22
|
|t:|1776085137
|move|p2a: Dragapult|Phantom Force|p1a: Gholdengo|[from] lockedmove
|-supereffective|p1a: Gholdengo
|-damage|p1a: Gholdengo|0 fnt
|-damage|p2a: Dragapult|56/100|[from] item: Rocky Helmet|[of] p1a: Gholdengo
|faint|p1a: Gholdengo
|
|upkeep
|
|t:|1776085139
|switch|p1a: Kingambit|Kingambit, F|100/100
|-damage|p1a: Kingambit|94/100|[from] Stealth Rock
|-activate|p1a: Kingambit|ability: Supreme Overlord
|-start|p1a: Kingambit|fallen5|[silent]
|turn|23
|
|t:|1776085144
|switch|p2a: Corviknight|Corviknight, M|84/100
|-ability|p2a: Corviknight|Pressure
|move|p1a: Kingambit|Sucker Punch||[still]
|-fail|p1a: Kingambit
|
|upkeep
|turn|24
|
|t:|1776085150
|move|p2a: Corviknight|Body Press|p1a: Kingambit
|-supereffective|p1a: Kingambit
|-damage|p1a: Kingambit|8/100
|move|p1a: Kingambit|Swords Dance|p1a: Kingambit
|-boost|p1a: Kingambit|atk|2
|
|upkeep
|turn|25
|
|t:|1776085155
|move|p1a: Kingambit|Sucker Punch|p2a: Corviknight
|-damage|p2a: Corviknight|1/100
|move|p2a: Corviknight|Body Press|p1a: Kingambit
|-supereffective|p1a: Kingambit
|-damage|p1a: Kingambit|0 fnt
|faint|p1a: Kingambit
|-end|p1a: Kingambit|fallen5|[silent]
|
|win|vryfast
|raw|CrYMoDzZ's rating: 1285 &rarr; <strong>1262</strong><br />(-23 for losing)
|raw|vryfast's rating: 1311 &rarr; <strong>1330</strong><br />(+19 for winning)
|l| ohko_smeargle
|c|☆CrYMoDzZ|damn
|l|☆vryfast
|player|p2|
|l|☆CrYMoDzZ
|player|p1|
