|html|<div class="broadcast-blue"><strong>[Gen 9] OU is currently suspecting Tera Blast! For information on how to participate check out the <a href="https://www.smogon.com/tools/suspects/view/200">suspect thread</a>.</strong></div>
|j|☆Lokixkenuinely
|j|☆dalucu23
|t:|1776110870
|gametype|singles
|player|p1|Lokixkenuinely|2|1181
|player|p2|dalucu23|biker|1211
|gen|9
|tier|[Gen 9] OU
|rated|
|rule|HP Percentage Mod: HP is shown in percentages
|rule|Endless Battle Clause: Forcing endless battles is banned
|rule|Species Clause: Limit one of each Pokémon
|rule|OHKO Clause: OHKO moves are banned
|rule|Evasion Items Clause: Evasion items are banned
|rule|Evasion Moves Clause: Evasion moves are banned
|rule|Evasion Abilities Clause: Evasion abilities are banned
|rule|Sleep Moves Clause: Sleep-inducing moves are banned
|clearpoke
|poke|p1|Ursaluna, M|
|poke|p1|Iron Hands|
|poke|p1|Cresselia, F|
|poke|p1|Hoopa-Unbound|
|poke|p1|Hatterene, F|
|poke|p1|Crawdaunt, F|
|poke|p2|Pelipper, F|
|poke|p2|Barraskewda, F|
|poke|p2|Hydreigon, F|
|poke|p2|Dragapult, F|
|poke|p2|Volbeat, M|
|poke|p2|Tentacruel, F|
|teampreview
|inactive|Battle timer is ON: inactive players will automatically lose when time's up. (requested by dalucu23)
|inactive|dalucu23 has 120 seconds left.
|
|t:|1776110901
|teamsize|p1|6
|teamsize|p2|6
|start
|switch|p1a: Hoopa|Hoopa-Unbound|100/100
|switch|p2a: Volbeat|Volbeat, M|100/100
|turn|1
|
|t:|1776110918
|move|p2a: Volbeat|U-turn|p1a: Hoopa
|-supereffective|p1a: Hoopa
|-damage|p1a: Hoopa|0 fnt
|faint|p1a: Hoopa
|
|t:|1776110924
|switch|p2a: Pelipper|Pelipper, F|100/100|[from] U-turn
|-weather|RainDance|[from] ability: Drizzle|[of] p2a: Pelipper
|
|-weather|RainDance|[upkeep]
|upkeep
|
|t:|1776110937
|switch|p1a: Hatterene|Hatterene, F|100/100
|turn|2
|
|t:|1776110959
|move|p2a: Pelipper|U-turn|p1a: Hatterene
|-damage|p1a: Hatterene|91/100
|
|t:|1776110961
|switch|p2a: Tentacruel|Tentacruel, F|100/100|[from] U-turn
|move|p1a: Hatterene|Trick Room|p1a: Hatterene
|-fieldstart|move: Trick Room|[of] p1a: Hatterene
|
|-weather|RainDance|[upkeep]
|upkeep
|turn|3
|
|t:|1776110975
|switch|p1a: Iron Hands|Iron Hands|100/100
|-enditem|p1a: Iron Hands|Booster Energy
|-activate|p1a: Iron Hands|ability: Quark Drive|[fromitem]
|-start|p1a: Iron Hands|quarkdriveatk
|move|p2a: Tentacruel|Flip Turn|p1a: Iron Hands
|-damage|p1a: Iron Hands|79/100
|
|t:|1776110989
|switch|p2a: Hydreigon|Hydreigon, F|100/100|[from] Flip Turn
|
|-weather|RainDance|[upkeep]
|upkeep
|turn|4
|
|t:|1776110999
|switch|p2a: Tentacruel|Tentacruel, F|100/100
|move|p1a: Iron Hands|Drain Punch|p2a: Tentacruel
|-resisted|p2a: Tentacruel
|-damage|p2a: Tentacruel|58/100
|-damage|p1a: Iron Hands|65/100|[from] ability: Liquid Ooze|[of] p2a: Tentacruel
|
|-weather|RainDance|[upkeep]
|-heal|p2a: Tentacruel|64/100|[from] item: Leftovers
|upkeep
|turn|5
|
|t:|1776111010
|move|p1a: Iron Hands|Thunder Punch|p2a: Tentacruel
|-supereffective|p2a: Tentacruel
|-damage|p2a: Tentacruel|0 fnt
|faint|p2a: Tentacruel
|
|-weather|RainDance|[upkeep]
|upkeep
|
|t:|1776111031
|switch|p2a: Volbeat|Volbeat, M|100/100
|turn|6
|
|t:|1776111041
|move|p1a: Iron Hands|Thunder Punch|p2a: Volbeat
|-damage|p2a: Volbeat|17/100
|move|p2a: Volbeat|U-turn|p1a: Iron Hands
|-resisted|p1a: Iron Hands
|-damage|p1a: Iron Hands|58/100
|
|t:|1776111052
|switch|p2a: Barraskewda|Barraskewda, F|100/100|[from] U-turn
|
|-weather|RainDance|[upkeep]
|-fieldend|move: Trick Room
|upkeep
|turn|7
|
|t:|1776111069
|move|p2a: Barraskewda|Waterfall|p1a: Iron Hands
|-damage|p1a: Iron Hands|0 fnt
|faint|p1a: Iron Hands
|-end|p1a: Iron Hands|Quark Drive|[silent]
|
|-weather|RainDance|[upkeep]
|upkeep
|
|t:|1776111084
|switch|p1a: Cresselia|Cresselia, F|100/100
|turn|8
|
|t:|1776111089
|move|p2a: Barraskewda|Waterfall|p1a: Cresselia
|-damage|p1a: Cresselia|49/100
|move|p1a: Cresselia|Trick Room|p1a: Cresselia
|-fieldstart|move: Trick Room|[of] p1a: Cresselia
|
|-weather|none
|upkeep
|turn|9
|
|t:|1776111098
|switch|p1a: Crawdaunt|Crawdaunt, F|100/100
|move|p2a: Barraskewda|Waterfall|p1a: Crawdaunt
|-resisted|p1a: Crawdaunt
|-damage|p1a: Crawdaunt|64/100
|
|upkeep
|turn|10
|
|t:|1776111109
|move|p1a: Crawdaunt|Knock Off|p2a: Barraskewda
|-damage|p2a: Barraskewda|0 fnt
|-enditem|p2a: Barraskewda|Choice Band|[from] move: Knock Off|[of] p1a: Crawdaunt
|faint|p2a: Barraskewda
|
|upkeep
|
|t:|1776111119
|switch|p2a: Pelipper|Pelipper, F|100/100
|-weather|RainDance|[from] ability: Drizzle|[of] p2a: Pelipper
|turn|11
|
|t:|1776111141
|move|p1a: Crawdaunt|Knock Off|p2a: Pelipper
|-damage|p2a: Pelipper|0 fnt
|-enditem|p2a: Pelipper|Damp Rock|[from] move: Knock Off|[of] p1a: Crawdaunt
|faint|p2a: Pelipper
|
|-weather|RainDance|[upkeep]
|upkeep
|
|t:|1776111149
|switch|p2a: Volbeat|Volbeat, M|17/100
|turn|12
|
|t:|1776111154
|move|p1a: Crawdaunt|Knock Off|p2a: Volbeat
|-damage|p2a: Volbeat|0 fnt
|-enditem|p2a: Volbeat|Heavy-Duty Boots|[from] move: Knock Off|[of] p1a: Crawdaunt
|faint|p2a: Volbeat
|
|-weather|RainDance|[upkeep]
|-fieldend|move: Trick Room
|upkeep
|
|t:|1776111160
|switch|p2a: Dragapult|Dragapult, F|100/100
|turn|13
|
|t:|1776111187
|switch|p1a: Hatterene|Hatterene, F|91/100
|move|p2a: Dragapult|Shadow Ball|p1a: Hatterene
|-supereffective|p1a: Hatterene
|-damage|p1a: Hatterene|0 fnt
|faint|p1a: Hatterene
|
|-weather|RainDance|[upkeep]
|upkeep
|
|t:|1776111190
|switch|p1a: Crawdaunt|Crawdaunt, F|64/100
|turn|14
|
|t:|1776111203
|switch|p2a: Hydreigon|Hydreigon, F|100/100
|move|p1a: Crawdaunt|Knock Off|p2a: Hydreigon
|-resisted|p2a: Hydreigon
|-damage|p2a: Hydreigon|49/100
|-enditem|p2a: Hydreigon|Life Orb|[from] move: Knock Off|[of] p1a: Crawdaunt
|
|-weather|RainDance|[upkeep]
|upkeep
|turn|15
|
|t:|1776111215
|switch|p1a: Cresselia|Cresselia, F|49/100
|move|p2a: Hydreigon|Draco Meteor|p1a: Cresselia
|-damage|p1a: Cresselia|6/100
|-unboost|p2a: Hydreigon|spa|2
|
|-weather|RainDance|[upkeep]
|upkeep
|turn|16
|
|t:|1776111226
|switch|p1a: Rilla|Ursaluna, M|100/100
|move|p2a: Hydreigon|Dark Pulse|p1a: Rilla
|-damage|p1a: Rilla|84/100
|
|-weather|RainDance|[upkeep]
|-status|p1a: Rilla|brn|[from] item: Flame Orb
|upkeep
|turn|17
|
|t:|1776111235
|switch|p2a: Dragapult|Dragapult, F|100/100
|move|p1a: Rilla|Headlong Rush|p2a: Dragapult
|-damage|p2a: Dragapult|0 fnt
|-unboost|p1a: Rilla|def|1
|-unboost|p1a: Rilla|spd|1
|faint|p2a: Dragapult
|
|-weather|RainDance|[upkeep]
|-damage|p1a: Rilla|78/100 brn|[from] brn
|upkeep
|
|t:|1776111244
|switch|p2a: Hydreigon|Hydreigon, F|49/100
|turn|18
|
|t:|1776111251
|switch|p1a: Cresselia|Cresselia, F|6/100
|move|p2a: Hydreigon|Dark Pulse|p1a: Cresselia
|-supereffective|p1a: Cresselia
|-damage|p1a: Cresselia|0 fnt
|faint|p1a: Cresselia
|
|-weather|none
|upkeep
|
|t:|1776111256
|switch|p1a: Crawdaunt|Crawdaunt, F|64/100
|turn|19
|
|t:|1776111264
|-terastallize|p1a: Crawdaunt|Water
|move|p1a: Crawdaunt|Aqua Jet|p2a: Hydreigon
|-resisted|p2a: Hydreigon
|-damage|p2a: Hydreigon|26/100
|move|p2a: Hydreigon|Dark Pulse|p1a: Crawdaunt
|-damage|p1a: Crawdaunt|4/100
|
|upkeep
|turn|20
|
|t:|1776111272
|move|p1a: Crawdaunt|Aqua Jet|p2a: Hydreigon
|-resisted|p2a: Hydreigon
|-damage|p2a: Hydreigon|2/100
|move|p2a: Hydreigon|Dark Pulse|p1a: Crawdaunt
|-damage|p1a: Crawdaunt|0 fnt
|faint|p1a: Crawdaunt
|
|upkeep
|
|t:|1776111279
|switch|p1a: Rilla|Ursaluna, M|78/100 brn
|turn|21
|
|t:|1776111282
|move|p2a: Hydreigon|Draco Meteor|p1a: Rilla
|-damage|p1a: Rilla|25/100 brn
|-unboost|p2a: Hydreigon|spa|2
|move|p1a: Rilla|Facade|p2a: Hydreigon
|-damage|p2a: Hydreigon|0 fnt
|faint|p2a: Hydreigon
|
|win|Lokixkenuinely
|raw|Lokixkenuinely's rating: 1181 &rarr; <strong>1208</strong><br />(+27 for winning)
|raw|dalucu23's rating: 1211 &rarr; <strong>1184</strong><br />(-27 for losing)
|c|☆dalucu23|Gg
|l|☆Lokixkenuinely
|player|p1|
|l|☆dalucu23
|player|p2|
