|html|<div class="broadcast-blue"><strong>[Gen 9] OU is currently suspecting Volcarona! For information on how to participate check out the <a href="https://www.smogon.com/tools/suspects/view/208">suspect thread</a>.</strong></div>
|j|☆no ratings
|j|☆Zeehondvet
|t:|1778508058
|gametype|singles
|player|p1|no ratings|policeman-gen4|1442
|player|p2|Zeehondvet|2|1418
|gen|9
|tier|[Gen 9] OU
|rated|
|rule|HP Percentage Mod: HP is shown in percentages
|rule|Endless Battle Clause: Forcing endless battles is banned
|rule|Species Clause: Limit one of each Pokémon
|rule|OHKO Clause: OHKO moves are banned
|rule|Evasion Items Clause: Evasion items are banned
|rule|Evasion Moves Clause: Evasion moves are banned
|rule|Evasion Abilities Clause: Evasion abilities are banned
|rule|Sleep Moves Clause: Sleep-inducing moves are banned
|clearpoke
|poke|p1|Garchomp, F|
|poke|p1|Okidogi, M|
|poke|p1|Kingambit, F|
|poke|p1|Hatterene, F|
|poke|p1|Landorus-Therian, M|
|poke|p1|Ogerpon-Wellspring, F|
|poke|p2|Volcarona, F|
|poke|p2|Great Tusk|
|poke|p2|Zamazenta-*|
|poke|p2|Kyurem|
|poke|p2|Slowking-Galar, F|
|poke|p2|Ogerpon-Wellspring, F|
|teampreview
|
|t:|1778508075
|teamsize|p1|6
|teamsize|p2|6
|start
|switch|p1a: Garchomp|Garchomp, F|100/100
|switch|p2a: Zamazenta|Zamazenta|100/100
|-ability|p2a: Zamazenta|Dauntless Shield|boost
|-boost|p2a: Zamazenta|def|1
|turn|1
|
|t:|1778508085
|switch|p2a: Great Tusk|Great Tusk|100/100
|move|p1a: Garchomp|Stealth Rock|p2a: Great Tusk
|-sidestart|p2: Zeehondvet|move: Stealth Rock
|
|upkeep
|turn|2
|
|t:|1778508094
|move|p1a: Garchomp|Draco Meteor|p2a: Great Tusk
|-damage|p2a: Great Tusk|10/100
|-unboost|p1a: Garchomp|spa|2
|-damage|p1a: Garchomp|91/100|[from] item: Life Orb
|move|p2a: Great Tusk|Ice Spinner|p1a: Garchomp
|-supereffective|p1a: Garchomp
|-crit|p1a: Garchomp
|-damage|p1a: Garchomp|0 fnt
|-damage|p2a: Great Tusk|0 fnt|[from] ability: Rough Skin|[of] p1a: Garchomp
|faint|p1a: Garchomp
|faint|p2a: Great Tusk
|-end|p2a: Great Tusk|Protosynthesis|[silent]
|
|upkeep
|
|t:|1778508111
|switch|p1a: Landorus|Landorus-Therian, M|100/100
|switch|p2a: Zamazenta|Zamazenta|100/100
|-damage|p2a: Zamazenta|94/100|[from] Stealth Rock
|-ability|p1a: Landorus|Intimidate|boost
|-unboost|p2a: Zamazenta|atk|1
|turn|3
|
|t:|1778508119
|switch|p2a: Ogerpon|Ogerpon-Wellspring, F|100/100
|-damage|p2a: Ogerpon|88/100|[from] Stealth Rock
|move|p1a: Landorus|Earthquake|p2a: Ogerpon
|-resisted|p2a: Ogerpon
|-damage|p2a: Ogerpon|50/100
|
|upkeep
|turn|4
|
|t:|1778508128
|move|p1a: Landorus|Earthquake|p2a: Ogerpon
|-resisted|p2a: Ogerpon
|-damage|p2a: Ogerpon|13/100
|move|p2a: Ogerpon|Horn Leech|p1a: Landorus
|-damage|p1a: Landorus|53/100
|-heal|p2a: Ogerpon|39/100|[from] drain|[of] p1a: Landorus
|
|upkeep
|turn|5
|inactive|Battle timer is ON: inactive players will automatically lose when time's up. (requested by no ratings)
|
|t:|1778508137
|switch|p1a: Okidogi|Okidogi, M|100/100
|move|p2a: Ogerpon|Ivy Cudgel|p1a: Okidogi|[anim] Ivy Cudgel Water
|-damage|p1a: Okidogi|52/100
|
|-heal|p1a: Okidogi|58/100|[from] item: Leftovers
|upkeep
|turn|6
|
|t:|1778508144
|-terastallize|p2a: Ogerpon|Water
|detailschange|p2a: Ogerpon|Ogerpon-Wellspring-Tera, F, tera:Water
|-ability|p2a: Ogerpon|Embody Aspect (Wellspring)|boost
|-boost|p2a: Ogerpon|spd|1
|move|p2a: Ogerpon|Ivy Cudgel|p1a: Okidogi|[anim] Ivy Cudgel Water
|-damage|p1a: Okidogi|0 fnt
|faint|p1a: Okidogi
|
|upkeep
|
|t:|1778508150
|switch|p1a: Ogerpon|Ogerpon-Wellspring, F|100/100
|turn|7
|
|t:|1778508158
|move|p2a: Ogerpon|U-turn|p1a: Ogerpon
|-supereffective|p1a: Ogerpon
|-damage|p1a: Ogerpon|27/100
|
|t:|1778508177
|switch|p2a: Kyurem|Kyurem|100/100|[from] U-turn
|-damage|p2a: Kyurem|76/100|[from] Stealth Rock
|-ability|p2a: Kyurem|Pressure
|move|p1a: Ogerpon|Spikes|p2a: Kyurem
|-sidestart|p2: Zeehondvet|Spikes
|
|upkeep
|turn|8
|
|t:|1778508190
|move|p1a: Ogerpon|Knock Off|p2a: Kyurem
|-damage|p2a: Kyurem|36/100
|-enditem|p2a: Kyurem|Choice Specs|[from] move: Knock Off|[of] p1a: Ogerpon
|move|p2a: Kyurem|Earth Power|p1a: Ogerpon
|-resisted|p1a: Ogerpon
|-damage|p1a: Ogerpon|7/100
|-unboost|p1a: Ogerpon|spd|1
|
|upkeep
|turn|9
|
|t:|1778508199
|move|p1a: Ogerpon|Spikes|p2a: Kyurem
|-sidestart|p2: Zeehondvet|Spikes
|move|p2a: Kyurem|Ice Beam|p1a: Ogerpon
|-damage|p1a: Ogerpon|0 fnt
|faint|p1a: Ogerpon
|
|upkeep
|
|t:|1778508204
|switch|p1a: Landorus|Landorus-Therian, M|53/100
|-ability|p1a: Landorus|Intimidate|boost
|-unboost|p2a: Kyurem|atk|1
|turn|10
|
|t:|1778508207
|move|p1a: Landorus|Earthquake|p2a: Kyurem
|-damage|p2a: Kyurem|0 fnt
|faint|p2a: Kyurem
|
|upkeep
|
|t:|1778508219
|switch|p2a: Ogerpon|Ogerpon-Wellspring-Tera, F, tera:Water|39/100
|-damage|p2a: Ogerpon|27/100|[from] Stealth Rock
|-damage|p2a: Ogerpon|10/100|[from] Spikes
|-ability|p2a: Ogerpon|Embody Aspect (Wellspring)|boost
|-boost|p2a: Ogerpon|spd|1
|turn|11
|
|t:|1778508225
|move|p1a: Landorus|Earthquake|p2a: Ogerpon
|-crit|p2a: Ogerpon
|-damage|p2a: Ogerpon|0 fnt
|faint|p2a: Ogerpon
|detailschange|p2: Ogerpon|Ogerpon-Wellspring, F|[silent]
|
|upkeep
|
|t:|1778508226
|switch|p2a: Zamazenta|Zamazenta|94/100
|-damage|p2a: Zamazenta|88/100|[from] Stealth Rock
|-damage|p2a: Zamazenta|72/100|[from] Spikes
|turn|12
|
|t:|1778508232
|switch|p1a: Hatterene|Hatterene, F|100/100
|move|p2a: Zamazenta|Stone Edge|p1a: Hatterene
|-damage|p1a: Hatterene|72/100
|
|-heal|p1a: Hatterene|78/100|[from] item: Leftovers
|upkeep
|turn|13
|
|t:|1778508238
|switch|p2a: Slowking|Slowking-Galar, F|100/100
|-damage|p2a: Slowking|88/100|[from] Stealth Rock
|-damage|p2a: Slowking|72/100|[from] Spikes
|move|p1a: Hatterene|Psychic Noise|p2a: Slowking
|-damage|p2a: Slowking|53/100
|-start|p2a: Slowking|move: Heal Block
|
|-heal|p1a: Hatterene|84/100|[from] item: Leftovers
|upkeep
|turn|14
|
|t:|1778508251
|switch|p1a: Kingambit|Kingambit, F, shiny|100/100
|-activate|p1a: Kingambit|ability: Supreme Overlord
|-start|p1a: Kingambit|fallen3|[silent]
|move|p2a: Slowking|Thunder Wave|p1a: Kingambit|[miss]
|-miss|p2a: Slowking|p1a: Kingambit
|
|-end|p2a: Slowking|move: Heal Block
|upkeep
|turn|15
|
|t:|1778508256
|move|p1a: Kingambit|Kowtow Cleave|p2a: Slowking
|-supereffective|p2a: Slowking
|-damage|p2a: Slowking|0 fnt
|faint|p2a: Slowking
|
|upkeep
|
|t:|1778508259
|switch|p2a: Zamazenta|Zamazenta|72/100
|-damage|p2a: Zamazenta|65/100|[from] Stealth Rock
|-damage|p2a: Zamazenta|49/100|[from] Spikes
|turn|16
|
|t:|1778508262
|-end|p1a: Kingambit|fallen3|[silent]
|switch|p1a: Hatterene|Hatterene, F|84/100
|move|p2a: Zamazenta|Stone Edge|p1a: Hatterene
|-damage|p1a: Hatterene|55/100
|
|-heal|p1a: Hatterene|61/100|[from] item: Leftovers
|upkeep
|turn|17
|-message|Zeehondvet forfeited.
|
|win|no ratings
|raw|no ratings's rating: 1442 &rarr; <strong>1461</strong><br />(+19 for winning)
|raw|Zeehondvet's rating: 1418 &rarr; <strong>1399</strong><br />(-19 for losing)
|l|☆Zeehondvet
|player|p2|
|l|☆no ratings
|player|p1|
