|html|<div class="broadcast-blue"><strong>[Gen 9] OU is currently suspecting Tera Blast! For information on how to participate check out the <a href="https://www.smogon.com/tools/suspects/view/200">suspect thread</a>.</strong></div>
|j|☆On biel
|j|☆Brayden 08
|t:|1776297885
|gametype|singles
|player|p1|On biel|pokemaniac|1004
|player|p2|Brayden 08|red|1034
|gen|9
|tier|[Gen 9] OU
|rated|
|rule|HP Percentage Mod: HP is shown in percentages
|rule|Endless Battle Clause: Forcing endless battles is banned
|rule|Species Clause: Limit one of each Pokémon
|rule|OHKO Clause: OHKO moves are banned
|rule|Evasion Items Clause: Evasion items are banned
|rule|Evasion Moves Clause: Evasion moves are banned
|rule|Evasion Abilities Clause: Evasion abilities are banned
|rule|Sleep Moves Clause: Sleep-inducing moves are banned
|clearpoke
|poke|p1|Cloyster, F|
|poke|p1|Dugtrio-Alola, M|
|poke|p1|Regice|
|poke|p1|Clefable, M|
|poke|p1|Gliscor, F|
|poke|p1|Corviknight, F|
|poke|p2|Glimmora, M|
|poke|p2|Ceruledge, F|
|poke|p2|Iron Valiant|
|poke|p2|Gengar, M|
|poke|p2|Zapdos|
|poke|p2|Sceptile, M|
|teampreview
|
|t:|1776297893
|teamsize|p1|6
|teamsize|p2|6
|start
|switch|p1a: Cloyster|Cloyster, F, shiny|100/100
|switch|p2a: Glimmora|Glimmora, M|100/100
|turn|1
|inactive|Battle timer is ON: inactive players will automatically lose when time's up. (requested by On biel)
|
|t:|1776297935
|move|p2a: Glimmora|Earth Power|p1a: Cloyster
|-damage|p1a: Cloyster|10/100
|move|p1a: Cloyster|Shell Smash|p1a: Cloyster
|-unboost|p1a: Cloyster|def|1
|-unboost|p1a: Cloyster|spd|1
|-boost|p1a: Cloyster|atk|2
|-boost|p1a: Cloyster|spa|2
|-boost|p1a: Cloyster|spe|2
|
|upkeep
|turn|2
|
|t:|1776297948
|move|p1a: Cloyster|Icicle Spear|p2a: Glimmora
|-damage|p2a: Glimmora|73/100
|-damage|p2a: Glimmora|45/100
|-damage|p2a: Glimmora|16/100
|-damage|p2a: Glimmora|0 fnt
|faint|p2a: Glimmora
|-hitcount|p2: Glimmora|4
|
|upkeep
|
|t:|1776297959
|switch|p2a: Zapdos|Zapdos|100/100
|turn|3
|
|t:|1776297970
|move|p1a: Cloyster|Icicle Spear|p2a: Zapdos
|-supereffective|p2a: Zapdos
|-damage|p2a: Zapdos|48/100
|-supereffective|p2a: Zapdos
|-damage|p2a: Zapdos|0 fnt
|faint|p2a: Zapdos
|-hitcount|p2: Zapdos|2
|
|upkeep
|
|t:|1776297982
|switch|p2a: Ceruledge|Ceruledge, F|100/100
|turn|4
|
|t:|1776297994
|-terastallize|p2a: Ceruledge|Ghost
|move|p1a: Cloyster|Rock Blast|p2a: Ceruledge
|-damage|p2a: Ceruledge|78/100
|-damage|p2a: Ceruledge|57/100
|-damage|p2a: Ceruledge|35/100
|-damage|p2a: Ceruledge|13/100
|-damage|p2a: Ceruledge|0 fnt
|faint|p2a: Ceruledge
|-hitcount|p2: Ceruledge|5
|
|upkeep
|c|☆On biel|Cloyster op
|inactive|Brayden 08 has 120 seconds left.
|
|t:|1776298025
|switch|p2a: Gengar|Gengar, M, shiny|100/100
|turn|5
|
|t:|1776298030
|move|p1a: Cloyster|Icicle Spear|p2a: Gengar
|-damage|p2a: Gengar|58/100
|-damage|p2a: Gengar|17/100
|-damage|p2a: Gengar|0 fnt
|faint|p2a: Gengar
|-hitcount|p2: Gengar|3
|
|upkeep
|inactive|Brayden 08 has 120 seconds left.
|
|t:|1776298046
|switch|p2a: Sceptile|Sceptile, M|100/100
|turn|6
|inactive|Brayden 08 has 120 seconds left.
|
|t:|1776298071
|move|p1a: Cloyster|Icicle Spear|p2a: Sceptile
|-supereffective|p2a: Sceptile
|-damage|p2a: Sceptile|30/100
|-supereffective|p2a: Sceptile
|-damage|p2a: Sceptile|0 fnt
|faint|p2a: Sceptile
|-hitcount|p2: Sceptile|2
|
|upkeep
|inactive|Brayden 08 has 90 seconds left.
|
|t:|1776298114
|switch|p2a: Iron Valiant|Iron Valiant|100/100
|-enditem|p2a: Iron Valiant|Booster Energy
|-activate|p2a: Iron Valiant|ability: Quark Drive|[fromitem]
|-start|p2a: Iron Valiant|quarkdriveatk
|turn|7
|
|t:|1776298120
|move|p1a: Cloyster|Icicle Spear|p2a: Iron Valiant
|-damage|p2a: Iron Valiant|71/100
|-damage|p2a: Iron Valiant|43/100
|-damage|p2a: Iron Valiant|15/100
|-damage|p2a: Iron Valiant|0 fnt
|faint|p2a: Iron Valiant
|-end|p2a: Iron Valiant|Quark Drive|[silent]
|-hitcount|p2: Iron Valiant|4
|
|win|On biel
|raw|On biel's rating: 1004 &rarr; <strong>1047</strong><br />(+43 for winning)
|raw|Brayden 08's rating: 1034 &rarr; <strong>1018</strong><br />(-16 for losing)
