|html|<div class="broadcast-blue"><strong>[Gen 9] OU is currently suspecting Tera Blast! For information on how to participate check out the <a href="https://www.smogon.com/tools/suspects/view/200">suspect thread</a>.</strong></div>
|j|☆Elmonelio
|j|☆Yokuuwayne
|t:|1776072820
|gametype|singles
|player|p1|Elmonelio|ethan|1092
|player|p2|Yokuuwayne|waiter|1067
|gen|9
|tier|[Gen 9] OU
|rated|
|rule|HP Percentage Mod: HP is shown in percentages
|rule|Endless Battle Clause: Forcing endless battles is banned
|rule|Species Clause: Limit one of each Pokémon
|rule|OHKO Clause: OHKO moves are banned
|rule|Evasion Items Clause: Evasion items are banned
|rule|Evasion Moves Clause: Evasion moves are banned
|rule|Evasion Abilities Clause: Evasion abilities are banned
|rule|Sleep Moves Clause: Sleep-inducing moves are banned
|clearpoke
|poke|p1|Toxtricity, M|
|poke|p1|Tauros-Paldea-Aqua, M|
|poke|p1|Skeledirge, M|
|poke|p1|Meowscarada, F|
|poke|p1|Mamoswine, M|
|poke|p1|Salamence, F|
|poke|p2|Scizor, M|
|poke|p2|Azumarill, F|
|poke|p2|Hippowdon, F|
|poke|p2|Cinderace, M|
|poke|p2|Cloyster, F|
|poke|p2|Zarude-Dada|
|teampreview
|
|t:|1776072838
|teamsize|p1|6
|teamsize|p2|6
|start
|switch|p1a: Mamoswine|Mamoswine, M|100/100
|switch|p2a: Cinderace|Cinderace, M|100/100
|turn|1
|
|t:|1776072847
|-terastallize|p1a: Mamoswine|Ground
|move|p2a: Cinderace|High Jump Kick|p1a: Mamoswine
|-start|p2a: Cinderace|typechange|Fighting|[from] ability: Libero
|-damage|p1a: Mamoswine|12/100
|move|p1a: Mamoswine|Earthquake|p2a: Cinderace
|-damage|p2a: Cinderace|0 fnt
|faint|p2a: Cinderace
|
|upkeep
|
|t:|1776072857
|switch|p2a: Zup4dan|Cloyster, F, shiny|100/100
|turn|2
|
|t:|1776072863
|move|p2a: Zup4dan|Shell Smash|p2a: Zup4dan
|-unboost|p2a: Zup4dan|def|1
|-unboost|p2a: Zup4dan|spd|1
|-boost|p2a: Zup4dan|atk|2
|-boost|p2a: Zup4dan|spa|2
|-boost|p2a: Zup4dan|spe|2
|move|p1a: Mamoswine|Stealth Rock|p2a: Zup4dan
|-sidestart|p2: Yokuuwayne|move: Stealth Rock
|
|upkeep
|turn|3
|
|t:|1776072873
|move|p2a: Zup4dan|Razor Shell|p1a: Mamoswine
|-supereffective|p1a: Mamoswine
|-damage|p1a: Mamoswine|0 fnt
|faint|p1a: Mamoswine
|
|upkeep
|
|t:|1776072879
|switch|p1a: Salamence|Salamence, F|100/100
|-ability|p1a: Salamence|Intimidate|boost
|-unboost|p2a: Zup4dan|atk|1
|turn|4
|
|t:|1776072885
|move|p2a: Zup4dan|Icicle Spear|p1a: Salamence
|-supereffective|p1a: Salamence
|-damage|p1a: Salamence|13/100
|-supereffective|p1a: Salamence
|-damage|p1a: Salamence|0 fnt
|faint|p1a: Salamence
|-hitcount|p1: Salamence|2
|
|upkeep
|
|t:|1776072892
|switch|p1a: Tauros|Tauros-Paldea-Aqua, M|100/100
|-ability|p1a: Tauros|Intimidate|boost
|-unboost|p2a: Zup4dan|atk|1
|turn|5
|
|t:|1776072899
|move|p2a: Zup4dan|Shell Smash|p2a: Zup4dan
|-unboost|p2a: Zup4dan|def|1
|-unboost|p2a: Zup4dan|spd|1
|-boost|p2a: Zup4dan|atk|2
|-boost|p2a: Zup4dan|spa|2
|-boost|p2a: Zup4dan|spe|2
|move|p1a: Tauros|Close Combat|p2a: Zup4dan
|-supereffective|p2a: Zup4dan
|-enditem|p2a: Zup4dan|Focus Sash
|-damage|p2a: Zup4dan|1/100
|-unboost|p1a: Tauros|def|1
|-unboost|p1a: Tauros|spd|1
|
|upkeep
|turn|6
|
|t:|1776072915
|move|p1a: Tauros|Aqua Jet|p2a: Zup4dan
|-resisted|p2a: Zup4dan
|-damage|p2a: Zup4dan|0 fnt
|faint|p2a: Zup4dan
|
|upkeep
|
|t:|1776072922
|switch|p2a: Cool Whwip|Zarude-Dada|100/100
|turn|7
|
|t:|1776072935
|move|p2a: Cool Whwip|Power Whip|p1a: Tauros
|-supereffective|p1a: Tauros
|-damage|p1a: Tauros|0 fnt
|-damage|p2a: Cool Whwip|84/100|[from] item: Rocky Helmet|[of] p1a: Tauros
|faint|p1a: Tauros
|
|upkeep
|
|t:|1776072945
|switch|p1a: Skeledirge|Skeledirge, M|100/100
|turn|8
|
|t:|1776072953
|move|p2a: Cool Whwip|Knock Off|p1a: Skeledirge
|-supereffective|p1a: Skeledirge
|-damage|p1a: Skeledirge|42/100
|-enditem|p1a: Skeledirge|Leftovers|[from] move: Knock Off|[of] p2a: Cool Whwip
|move|p1a: Skeledirge|Will-O-Wisp|p2a: Cool Whwip
|-status|p2a: Cool Whwip|brn
|
|-damage|p2a: Cool Whwip|78/100 brn|[from] brn
|upkeep
|turn|9
|
|t:|1776072963
|switch|p2a: Cadbury|Azumarill, F, shiny|100/100
|-damage|p2a: Cadbury|88/100|[from] Stealth Rock
|move|p1a: Skeledirge|Torch Song|p2a: Cadbury
|-resisted|p2a: Cadbury
|-damage|p2a: Cadbury|70/100
|-boost|p1a: Skeledirge|spa|1
|
|upkeep
|turn|10
|
|t:|1776072972
|move|p1a: Skeledirge|Will-O-Wisp|p2a: Cadbury
|-status|p2a: Cadbury|brn
|move|p2a: Cadbury|Belly Drum|p2a: Cadbury
|-damage|p2a: Cadbury|20/100 brn
|-setboost|p2a: Cadbury|atk|6|[from] move: Belly Drum
|-enditem|p2a: Cadbury|Sitrus Berry|[eat]
|-heal|p2a: Cadbury|45/100 brn|[from] item: Sitrus Berry
|
|-damage|p2a: Cadbury|39/100 brn|[from] brn
|upkeep
|turn|11
|
|t:|1776072990
|switch|p1a: Toxtricity|Toxtricity, M|100/100
|move|p2a: Cadbury|Liquidation|p1a: Toxtricity
|-damage|p1a: Toxtricity|0 fnt
|faint|p1a: Toxtricity
|
|-damage|p2a: Cadbury|33/100 brn|[from] brn
|upkeep
|
|t:|1776073004
|switch|p1a: Meowscarada|Meowscarada, F|100/100
|turn|12
|
|t:|1776073007
|move|p1a: Meowscarada|Flower Trick|p2a: Cadbury
|-start|p1a: Meowscarada|typechange|Grass|[from] ability: Protean
|-supereffective|p2a: Cadbury
|-crit|p2a: Cadbury
|-damage|p2a: Cadbury|0 fnt
|faint|p2a: Cadbury
|
|upkeep
|
|t:|1776073016
|switch|p2a: Champ|Scizor, M|100/100
|-damage|p2a: Champ|88/100|[from] Stealth Rock
|turn|13
|
|t:|1776073021
|switch|p1a: Skeledirge|Skeledirge, M|42/100
|move|p2a: Champ|Bug Bite|p1a: Skeledirge
|-resisted|p1a: Skeledirge
|-damage|p1a: Skeledirge|34/100
|
|-heal|p2a: Champ|94/100|[from] item: Leftovers
|upkeep
|turn|14
|
|t:|1776073029
|switch|p2a: Bigmama|Hippowdon, F, shiny|100/100
|-damage|p2a: Bigmama|94/100|[from] Stealth Rock
|-weather|Sandstorm|[from] ability: Sand Stream|[of] p2a: Bigmama
|move|p1a: Skeledirge|Torch Song|p2a: Bigmama
|-damage|p2a: Bigmama|61/100
|-boost|p1a: Skeledirge|spa|1
|
|-weather|Sandstorm|[upkeep]
|-damage|p1a: Skeledirge|28/100|[from] Sandstorm
|upkeep
|turn|15
|
|t:|1776073046
|move|p1a: Skeledirge|Will-O-Wisp|p2a: Bigmama
|-status|p2a: Bigmama|brn
|move|p2a: Bigmama|Earthquake|p1a: Skeledirge
|-supereffective|p1a: Skeledirge
|-damage|p1a: Skeledirge|0 fnt
|faint|p1a: Skeledirge
|
|-weather|Sandstorm|[upkeep]
|-damage|p2a: Bigmama|55/100 brn|[from] brn
|upkeep
|
|t:|1776073057
|switch|p1a: Meowscarada|Meowscarada, F|100/100
|turn|16
|
|t:|1776073063
|move|p1a: Meowscarada|Flower Trick|p2a: Bigmama
|-start|p1a: Meowscarada|typechange|Grass|[from] ability: Protean
|-supereffective|p2a: Bigmama
|-crit|p2a: Bigmama
|-damage|p2a: Bigmama|0 fnt
|faint|p2a: Bigmama
|
|-weather|Sandstorm|[upkeep]
|-damage|p1a: Meowscarada|94/100|[from] Sandstorm
|upkeep
|
|t:|1776073076
|switch|p2a: Champ|Scizor, M|94/100
|-damage|p2a: Champ|82/100|[from] Stealth Rock
|turn|17
|
|t:|1776073085
|move|p1a: Meowscarada|Knock Off|p2a: Champ
|-damage|p2a: Champ|51/100
|-enditem|p2a: Champ|Leftovers|[from] move: Knock Off|[of] p1a: Meowscarada
|move|p2a: Champ|Bug Bite|p1a: Meowscarada
|-supereffective|p1a: Meowscarada
|-damage|p1a: Meowscarada|0 fnt
|faint|p1a: Meowscarada
|
|win|Yokuuwayne
|raw|Elmonelio's rating: 1092 &rarr; <strong>1066</strong><br />(-26 for losing)
|raw|Yokuuwayne's rating: 1067 &rarr; <strong>1099</strong><br />(+32 for winning)
|l|☆Yokuuwayne
|player|p2|
|l|☆Elmonelio
|player|p1|
