|html|<div class="broadcast-blue"><strong>[Gen 9] OU is currently suspecting Tera Blast! For information on how to participate check out the <a href="https://www.smogon.com/tools/suspects/view/200">suspect thread</a>.</strong></div>
|j|☆clg4h
|j|☆magistermilitum420
|t:|1776092289
|gametype|singles
|player|p1|clg4h|102|1112
|player|p2|magistermilitum420|blue|1148
|gen|9
|tier|[Gen 9] OU
|rated|
|rule|HP Percentage Mod: HP is shown in percentages
|rule|Endless Battle Clause: Forcing endless battles is banned
|rule|Species Clause: Limit one of each Pokémon
|rule|OHKO Clause: OHKO moves are banned
|rule|Evasion Items Clause: Evasion items are banned
|rule|Evasion Moves Clause: Evasion moves are banned
|rule|Evasion Abilities Clause: Evasion abilities are banned
|rule|Sleep Moves Clause: Sleep-inducing moves are banned
|clearpoke
|poke|p1|Hitmonchan, M|
|poke|p1|Azumarill, M|
|poke|p1|Jolteon, F|
|poke|p1|Polteageist|
|poke|p1|Glimmora, M|
|poke|p1|Excadrill, F|
|poke|p2|Meowscarada, F|
|poke|p2|Great Tusk|
|poke|p2|Alomomola, F|
|poke|p2|Slowking-Galar, F|
|poke|p2|Dragonite, F|
|poke|p2|Heatran, F|
|teampreview
|
|t:|1776092296
|teamsize|p1|6
|teamsize|p2|6
|start
|switch|p1a: Polteageist|Polteageist|100/100
|switch|p2a: Mahad|Meowscarada, F, shiny|100/100
|turn|1
|inactive|Battle timer is ON: inactive players will automatically lose when time's up. (requested by clg4h)
|
|t:|1776092305
|switch|p1a: Glimmora|Glimmora, M|100/100
|move|p2a: Mahad|Knock Off|p1a: Glimmora
|-start|p2a: Mahad|typechange|Dark|[from] ability: Protean
|-damage|p1a: Glimmora|53/100
|-activate|p1a: Glimmora|ability: Toxic Debris
|-sidestart|p2: magistermilitum420|move: Toxic Spikes
|-enditem|p1a: Glimmora|Leftovers|[from] move: Knock Off|[of] p2a: Mahad
|
|upkeep
|turn|2
|
|t:|1776092323
|switch|p2a: Barca|Great Tusk|100/100
|move|p1a: Glimmora|Sludge Bomb|p2a: Barca
|-resisted|p2a: Barca
|-damage|p2a: Barca|67/100
|
|upkeep
|turn|3
|
|t:|1776092337
|move|p2a: Barca|Stealth Rock|p1a: Glimmora
|-sidestart|p1: clg4h|move: Stealth Rock
|move|p1a: Glimmora|Sludge Bomb|p2a: Barca
|-resisted|p2a: Barca
|-damage|p2a: Barca|31/100
|-status|p2a: Barca|psn
|
|-damage|p2a: Barca|19/100 psn|[from] psn
|upkeep
|turn|4
|
|t:|1776092346
|move|p2a: Barca|Close Combat|p1a: Glimmora
|-damage|p1a: Glimmora|0 fnt
|-unboost|p2a: Barca|def|1
|-unboost|p2a: Barca|spd|1
|-activate|p1a: Glimmora|ability: Toxic Debris
|-sidestart|p2: magistermilitum420|move: Toxic Spikes
|faint|p1a: Glimmora
|
|-damage|p2a: Barca|6/100 psn|[from] psn
|upkeep
|
|t:|1776092357
|switch|p1a: Azumarill|Azumarill, M|100/100
|-damage|p1a: Azumarill|88/100|[from] Stealth Rock
|turn|5
|
|t:|1776092369
|-end|p2a: Barca|Protosynthesis|[silent]
|switch|p2a: Charybdis|Alomomola, F, shiny|100/100
|move|p1a: Azumarill|Aqua Jet|p2a: Charybdis
|-resisted|p2a: Charybdis
|-damage|p2a: Charybdis|97/100
|
|upkeep
|turn|6
|
|t:|1776092376
|move|p1a: Azumarill|Belly Drum|p1a: Azumarill
|-damage|p1a: Azumarill|38/100
|-setboost|p1a: Azumarill|atk|6|[from] move: Belly Drum
|-enditem|p1a: Azumarill|Sitrus Berry|[eat]
|-heal|p1a: Azumarill|63/100|[from] item: Sitrus Berry
|move|p2a: Charybdis|Scald|p1a: Azumarill
|-resisted|p1a: Azumarill
|-damage|p1a: Azumarill|56/100
|-status|p1a: Azumarill|brn
|
|-damage|p1a: Azumarill|50/100 brn|[from] brn
|upkeep
|turn|7
|
|t:|1776092388
|move|p1a: Azumarill|Knock Off|p2a: Charybdis
|-damage|p2a: Charybdis|76/100
|-enditem|p2a: Charybdis|Heavy-Duty Boots|[from] move: Knock Off|[of] p1a: Azumarill
|move|p2a: Charybdis|Wish|p2a: Charybdis
|
|-damage|p1a: Azumarill|43/100 brn|[from] brn
|upkeep
|turn|8
|
|t:|1776092397
|move|p1a: Azumarill|Play Rough|p2a: Charybdis
|-damage|p2a: Charybdis|47/100
|move|p2a: Charybdis|Scald|p1a: Azumarill
|-resisted|p1a: Azumarill
|-damage|p1a: Azumarill|37/100 brn
|
|-heal|p2a: Charybdis|97/100|[from] move: Wish|[wisher] Charybdis
|-damage|p1a: Azumarill|31/100 brn|[from] brn
|upkeep
|turn|9
|
|t:|1776092408
|switch|p1a: Excadrill|Excadrill, F|100/100
|-ability|p1a: Excadrill|Mold Breaker
|move|p2a: Charybdis|Wish|p2a: Charybdis
|
|upkeep
|turn|10
|
|t:|1776092418
|move|p1a: Excadrill|Rapid Spin|p2a: Charybdis
|-damage|p2a: Charybdis|88/100
|-boost|p1a: Excadrill|spe|1
|-sideend|p1: clg4h|Stealth Rock|[from] move: Rapid Spin|[of] p1a: Excadrill
|move|p2a: Charybdis|Flip Turn|p1a: Excadrill
|-supereffective|p1a: Excadrill
|-damage|p1a: Excadrill|53/100
|
|t:|1776092424
|switch|p2a: Barca|Great Tusk|6/100 psn|[from] Flip Turn
|
|-heal|p2a: Barca|78/100 psn|[from] move: Wish|[wisher] Charybdis
|-damage|p2a: Barca|66/100 psn|[from] psn
|upkeep
|turn|11
|
|t:|1776092447
|move|p1a: Excadrill|Earthquake|p2a: Barca
|-damage|p2a: Barca|25/100 psn
|move|p2a: Barca|Rapid Spin|p1a: Excadrill
|-resisted|p1a: Excadrill
|-damage|p1a: Excadrill|41/100
|-boost|p2a: Barca|spe|1
|-sideend|p2: magistermilitum420|Toxic Spikes|[from] move: Rapid Spin|[of] p2a: Barca
|
|-damage|p2a: Barca|13/100 psn|[from] psn
|upkeep
|turn|12
|
|t:|1776092460
|-end|p2a: Barca|Protosynthesis|[silent]
|switch|p2a: Charybdis|Alomomola, F, shiny|100/100
|move|p1a: Excadrill|Iron Head|p2a: Charybdis
|-resisted|p2a: Charybdis
|-damage|p2a: Charybdis|89/100
|
|upkeep
|turn|13
|
|t:|1776092469
|move|p1a: Excadrill|Earthquake|p2a: Charybdis
|-damage|p2a: Charybdis|58/100
|move|p2a: Charybdis|Wish|p2a: Charybdis
|
|upkeep
|turn|14
|
|t:|1776092474
|move|p1a: Excadrill|Swords Dance|p1a: Excadrill
|-boost|p1a: Excadrill|atk|2
|move|p2a: Charybdis|Scald|p1a: Excadrill
|-supereffective|p1a: Excadrill
|-damage|p1a: Excadrill|4/100
|-status|p1a: Excadrill|brn
|
|-heal|p2a: Charybdis|100/100|[from] move: Wish|[wisher] Charybdis
|-damage|p1a: Excadrill|0 fnt|[from] brn
|faint|p1a: Excadrill
|upkeep
|
|t:|1776092485
|switch|p1a: Polteageist|Polteageist|100/100
|turn|15
|
|t:|1776092495
|move|p1a: Polteageist|Shell Smash|p1a: Polteageist
|-unboost|p1a: Polteageist|def|1
|-unboost|p1a: Polteageist|spd|1
|-boost|p1a: Polteageist|atk|2
|-boost|p1a: Polteageist|spa|2
|-boost|p1a: Polteageist|spe|2
|move|p2a: Charybdis|Flip Turn|p1a: Polteageist
|-damage|p1a: Polteageist|56/100
|
|t:|1776092503
|switch|p2a: Mahad|Meowscarada, F, shiny|100/100|[from] Flip Turn
|
|upkeep
|turn|16
|
|t:|1776092512
|move|p2a: Mahad|Knock Off|p1a: Polteageist
|-start|p2a: Mahad|typechange|Dark|[from] ability: Protean
|-supereffective|p1a: Polteageist
|-damage|p1a: Polteageist|0 fnt
|-enditem|p1a: Polteageist|Focus Sash|[from] move: Knock Off|[of] p2a: Mahad
|faint|p1a: Polteageist
|
|upkeep
|-message|clg4h forfeited.
|
|win|magistermilitum420
|raw|clg4h's rating: 1112 &rarr; <strong>1090</strong><br />(-22 for losing)
|raw|magistermilitum420's rating: 1148 &rarr; <strong>1170</strong><br />(+22 for winning)
|l|☆clg4h
|player|p1|
