|html|<div class="broadcast-blue"><strong>[Gen 9] OU is currently suspecting Tera Blast! For information on how to participate check out the <a href="https://www.smogon.com/tools/suspects/view/200">suspect thread</a>.</strong></div>
|j|☆jibreel69
|j|☆brother iggins
|t:|1776130134
|gametype|singles
|player|p1|jibreel69|266|1498
|player|p2|brother iggins|baker|1537
|gen|9
|tier|[Gen 9] OU
|rated|
|rule|HP Percentage Mod: HP is shown in percentages
|rule|Endless Battle Clause: Forcing endless battles is banned
|rule|Species Clause: Limit one of each Pokémon
|rule|OHKO Clause: OHKO moves are banned
|rule|Evasion Items Clause: Evasion items are banned
|rule|Evasion Moves Clause: Evasion moves are banned
|rule|Evasion Abilities Clause: Evasion abilities are banned
|rule|Sleep Moves Clause: Sleep-inducing moves are banned
|clearpoke
|poke|p1|Deoxys-Speed|
|poke|p1|Iron Valiant|
|poke|p1|Ogerpon-Wellspring, F|
|poke|p1|Ting-Lu|
|poke|p1|Iron Moth|
|poke|p1|Kingambit, F|
|poke|p2|Slowking-Galar, F|
|poke|p2|Rillaboom, M|
|poke|p2|Cinderace, F|
|poke|p2|Regidrago|
|poke|p2|Clefable, M|
|poke|p2|Corviknight, M|
|teampreview
|inactive|Battle timer is ON: inactive players will automatically lose when time's up. (requested by brother iggins)
|inactive|brother iggins has 120 seconds left.
|
|t:|1776130165
|teamsize|p1|6
|teamsize|p2|6
|start
|switch|p1a: two words|Iron Moth|100/100
|switch|p2a: Corviknight|Corviknight, M|100/100
|-ability|p2a: Corviknight|Pressure
|-enditem|p1a: two words|Booster Energy
|-activate|p1a: two words|ability: Quark Drive|[fromitem]
|-start|p1a: two words|quarkdrivespe
|turn|1
|inactive|jibreel69 has 120 seconds left.
|inactive|jibreel69 has 90 seconds left.
|
|t:|1776130249
|switch|p2a: Slowking|Slowking-Galar, F|100/100
|move|p1a: two words|Toxic Spikes|p2a: Slowking
|-sidestart|p2: brother iggins|move: Toxic Spikes
|
|upkeep
|turn|2
|
|t:|1776130256
|move|p1a: two words|Light Screen|p1a: two words
|-sidestart|p1: jibreel69|move: Light Screen
|move|p2a: Slowking|Future Sight|p1a: two words
|-start|p2a: Slowking|move: Future Sight
|
|upkeep
|turn|3
|
|t:|1776130261
|move|p1a: two words|Fiery Dance|p2a: Slowking
|-damage|p2a: Slowking|74/100
|-boost|p1a: two words|spa|1
|-prepare|p2a: Slowking|Chilly Reception|[premajor]
|move|p2a: Slowking|Chilly Reception|p2a: Slowking
|-weather|Snowscape
|
|t:|1776130271
|switch|p2a: Cinderace|Cinderace, F|100/100|[from] Chilly Reception
|
|-weather|Snowscape|[upkeep]
|upkeep
|turn|4
|
|t:|1776130276
|move|p1a: two words|Sludge Wave|p2a: Cinderace
|-damage|p2a: Cinderace|3/100
|move|p2a: Cinderace|Court Change|p2a: Cinderace
|-start|p2a: Cinderace|typechange|Normal|[from] ability: Libero
|-swapsideconditions
|-activate|p2a: Cinderace|move: Court Change
|
|-weather|Snowscape|[upkeep]
|-end|p1a: two words|move: Future Sight
|-supereffective|p1a: two words
|-damage|p1a: two words|2/100
|upkeep
|turn|5
|
|t:|1776130289
|move|p1a: two words|Toxic Spikes|p2a: Cinderace
|-sidestart|p2: brother iggins|move: Toxic Spikes
|move|p2a: Cinderace|Will-O-Wisp|p1a: two words
|-immune|p1a: two words
|
|-weather|Snowscape|[upkeep]
|upkeep
|turn|6
|
|t:|1776130293
|move|p1a: two words|Fiery Dance|p2a: Cinderace
|-damage|p2a: Cinderace|0 fnt
|-boost|p1a: two words|spa|1
|faint|p2a: Cinderace
|
|-weather|Snowscape|[upkeep]
|-sideend|p2: brother iggins|move: Light Screen
|upkeep
|
|t:|1776130308
|switch|p2a: Slowking|Slowking-Galar, F|100/100
|-sideend|p2: brother iggins|move: Toxic Spikes|[of] p2a: Slowking
|turn|7
|
|t:|1776130311
|-end|p1a: two words|Quark Drive|[silent]
|switch|p1a: wgft|Kingambit, F|100/100
|-item|p1a: wgft|Air Balloon
|move|p2a: Slowking|Sludge Bomb|p1a: wgft
|-immune|p1a: wgft
|
|-weather|none
|upkeep
|turn|8
|
|t:|1776130318
|-end|p1a: wgft|fallenundefined|[silent]
|switch|p1a: two words|Iron Moth|2/100
|-sideend|p1: jibreel69|move: Toxic Spikes|[of] p1a: two words
|switch|p2a: Corviknight|Corviknight, M|100/100
|-ability|p2a: Corviknight|Pressure
|
|upkeep
|turn|9
|
|t:|1776130330
|move|p1a: two words|Fiery Dance|p2a: Corviknight
|-supereffective|p2a: Corviknight
|-damage|p2a: Corviknight|14/100
|-boost|p1a: two words|spa|1
|move|p2a: Corviknight|U-turn|p1a: two words
|-resisted|p1a: two words
|-damage|p1a: two words|0 fnt
|faint|p1a: two words
|-end|p1a: two words|Quark Drive|[silent]
|
|t:|1776130358
|switch|p2a: Regidrago|Regidrago|100/100|[from] U-turn
|
|upkeep
|
|t:|1776130368
|switch|p1a: the resistance|Ting-Lu|100/100
|-ability|p1a: the resistance|Vessel of Ruin
|turn|10
|
|t:|1776130379
|switch|p2a: Corviknight|Corviknight, M|14/100
|-ability|p2a: Corviknight|Pressure
|move|p1a: the resistance|Stealth Rock|p2a: Corviknight
|-sidestart|p2: brother iggins|move: Stealth Rock
|
|upkeep
|turn|11
|
|t:|1776130388
|move|p2a: Corviknight|Roost|p2a: Corviknight
|-heal|p2a: Corviknight|64/100
|-singleturn|p2a: Corviknight|move: Roost
|move|p1a: the resistance|Earthquake|p2a: Corviknight
|-supereffective|p2a: Corviknight
|-damage|p2a: Corviknight|16/100
|
|upkeep
|turn|12
|
|t:|1776130392
|move|p2a: Corviknight|Roost|p2a: Corviknight
|-heal|p2a: Corviknight|66/100
|-singleturn|p2a: Corviknight|move: Roost
|move|p1a: the resistance|Earthquake|p2a: Corviknight
|-supereffective|p2a: Corviknight
|-damage|p2a: Corviknight|12/100
|
|upkeep
|turn|13
|
|t:|1776130395
|move|p2a: Corviknight|Roost|p2a: Corviknight
|-heal|p2a: Corviknight|62/100
|-singleturn|p2a: Corviknight|move: Roost
|move|p1a: the resistance|Earthquake|p2a: Corviknight
|-supereffective|p2a: Corviknight
|-damage|p2a: Corviknight|9/100
|
|upkeep
|turn|14
|
|t:|1776130398
|move|p2a: Corviknight|Roost|p2a: Corviknight
|-heal|p2a: Corviknight|59/100
|-singleturn|p2a: Corviknight|move: Roost
|move|p1a: the resistance|Earthquake|p2a: Corviknight
|-supereffective|p2a: Corviknight
|-damage|p2a: Corviknight|9/100
|
|upkeep
|turn|15
|
|t:|1776130401
|move|p2a: Corviknight|Roost|p2a: Corviknight
|-heal|p2a: Corviknight|59/100
|-singleturn|p2a: Corviknight|move: Roost
|move|p1a: the resistance|Earthquake|p2a: Corviknight
|-supereffective|p2a: Corviknight
|-damage|p2a: Corviknight|4/100
|
|upkeep
|turn|16
|
|t:|1776130404
|move|p2a: Corviknight|Roost|p2a: Corviknight
|-heal|p2a: Corviknight|54/100
|-singleturn|p2a: Corviknight|move: Roost
|move|p1a: the resistance|Earthquake|p2a: Corviknight
|-supereffective|p2a: Corviknight
|-damage|p2a: Corviknight|3/100
|
|upkeep
|turn|17
|
|t:|1776130408
|move|p2a: Corviknight|Roost|p2a: Corviknight
|-heal|p2a: Corviknight|53/100
|-singleturn|p2a: Corviknight|move: Roost
|move|p1a: the resistance|Earthquake|p2a: Corviknight
|-supereffective|p2a: Corviknight
|-damage|p2a: Corviknight|0 fnt
|faint|p2a: Corviknight
|
|upkeep
|
|t:|1776130415
|switch|p2a: Clefable|Clefable, M|100/100
|turn|18
|
|t:|1776130419
|move|p2a: Clefable|Stealth Rock|p1a: the resistance
|-sidestart|p1: jibreel69|move: Stealth Rock
|move|p1a: the resistance|Heavy Slam|p2a: Clefable
|-supereffective|p2a: Clefable
|-damage|p2a: Clefable|44/100
|
|upkeep
|turn|19
|
|t:|1776130427
|move|p2a: Clefable|Knock Off|p1a: the resistance
|-resisted|p1a: the resistance
|-damage|p1a: the resistance|97/100
|-enditem|p1a: the resistance|Weakness Policy|[from] move: Knock Off|[of] p2a: Clefable
|move|p1a: the resistance|Heavy Slam|p2a: Clefable
|-supereffective|p2a: Clefable
|-damage|p2a: Clefable|0 fnt
|faint|p2a: Clefable
|
|-damage|p1a: the resistance|84/100|[from] item: Sticky Barb
|upkeep
|
|t:|1776130433
|switch|p2a: Rillaboom|Rillaboom, M|100/100
|-damage|p2a: Rillaboom|88/100|[from] Stealth Rock
|-fieldstart|move: Grassy Terrain|[from] ability: Grassy Surge|[of] p2a: Rillaboom
|turn|20
|
|t:|1776130440
|move|p2a: Rillaboom|Swords Dance|p2a: Rillaboom
|-boost|p2a: Rillaboom|atk|2
|move|p1a: the resistance|Heavy Slam|p2a: Rillaboom
|-damage|p2a: Rillaboom|54/100
|
|-heal|p2a: Rillaboom|60/100|[from] Grassy Terrain
|-heal|p1a: the resistance|91/100|[from] Grassy Terrain
|-damage|p1a: the resistance|78/100|[from] item: Sticky Barb
|upkeep
|turn|21
|
|t:|1776130452
|move|p2a: Rillaboom|Wood Hammer|p1a: the resistance
|-supereffective|p1a: the resistance
|-damage|p1a: the resistance|0 fnt
|faint|p1a: the resistance
|-damage|p2a: Rillaboom|22/100|[from] Recoil
|-damage|p2a: Rillaboom|12/100|[from] item: Life Orb
|
|-heal|p2a: Rillaboom|18/100|[from] Grassy Terrain
|upkeep
|
|t:|1776130468
|switch|p1a: wgft|Kingambit, F|100/100
|-damage|p1a: wgft|94/100|[from] Stealth Rock
|-activate|p1a: wgft|ability: Supreme Overlord
|-start|p1a: wgft|fallen2|[silent]
|-item|p1a: wgft|Air Balloon
|turn|22
|
|t:|1776130477
|-terastallize|p2a: Rillaboom|Fire
|-terastallize|p1a: wgft|Ghost
|move|p2a: Rillaboom|Tera Blast|p1a: wgft|[anim] Tera Blast Fire
|-damage|p1a: wgft|10/100
|-enditem|p1a: wgft|Air Balloon
|-damage|p2a: Rillaboom|8/100|[from] item: Life Orb
|move|p1a: wgft|Iron Head|p2a: Rillaboom
|-resisted|p2a: Rillaboom
|-damage|p2a: Rillaboom|0 fnt
|faint|p2a: Rillaboom
|
|-heal|p1a: wgft|16/100|[from] Grassy Terrain
|upkeep
|
|t:|1776130485
|switch|p2a: Regidrago|Regidrago|100/100
|-damage|p2a: Regidrago|88/100|[from] Stealth Rock
|turn|23
|
|t:|1776130490
|move|p1a: wgft|Sucker Punch|p2a: Regidrago
|-damage|p2a: Regidrago|37/100
|move|p2a: Regidrago|Dragon Energy|p1a: wgft
|-damage|p1a: wgft|0 fnt
|faint|p1a: wgft
|-end|p1a: wgft|fallen2|[silent]
|
|-heal|p2a: Regidrago|43/100|[from] Grassy Terrain
|upkeep
|
|t:|1776130498
|switch|p1a: endless|Ogerpon-Wellspring, F|100/100
|-damage|p1a: endless|88/100|[from] Stealth Rock
|turn|24
|
|t:|1776130509
|move|p2a: Regidrago|Dragon Energy|p1a: endless
|-damage|p1a: endless|36/100
|move|p1a: endless|Knock Off|p2a: Regidrago
|-damage|p2a: Regidrago|0 fnt
|-enditem|p2a: Regidrago|Choice Scarf|[from] move: Knock Off|[of] p1a: endless
|faint|p2a: Regidrago
|
|-heal|p1a: endless|42/100|[from] Grassy Terrain
|-fieldend|move: Grassy Terrain
|upkeep
|-message|brother iggins forfeited.
|
|win|jibreel69
|raw|jibreel69's rating: 1519 &rarr; <strong>1540</strong><br />(+21 for winning)
|raw|brother iggins's rating: 1537 &rarr; <strong>1516</strong><br />(-21 for losing)
|l|☆brother iggins
|player|p2|
