|html|<div class="broadcast-blue"><strong>[Gen 9] OU is currently suspecting Tera Blast! For information on how to participate check out the <a href="https://www.smogon.com/tools/suspects/view/200">suspect thread</a>.</strong></div>
|j|☆Schmoobis
|j|☆keeja
|t:|1776056432
|gametype|singles
|player|p1|Schmoobis|clown|1295
|player|p2|keeja|2|1238
|gen|9
|tier|[Gen 9] OU
|rated|
|rule|HP Percentage Mod: HP is shown in percentages
|rule|Endless Battle Clause: Forcing endless battles is banned
|rule|Species Clause: Limit one of each Pokémon
|rule|OHKO Clause: OHKO moves are banned
|rule|Evasion Items Clause: Evasion items are banned
|rule|Evasion Moves Clause: Evasion moves are banned
|rule|Evasion Abilities Clause: Evasion abilities are banned
|rule|Sleep Moves Clause: Sleep-inducing moves are banned
|clearpoke
|poke|p1|Tyranitar, M|
|poke|p1|Hippowdon, F|
|poke|p1|Scizor, F|
|poke|p1|Hydrapple, M|
|poke|p1|Clefable, M|
|poke|p1|Volcanion|
|poke|p2|Blissey, F|
|poke|p2|Gliscor, M|
|poke|p2|Skeledirge, M|
|poke|p2|Toxapex, M|
|poke|p2|Clodsire, F|
|poke|p2|Ting-Lu|
|teampreview
|j| ohko_smeargle
|inactive|Battle timer is ON: inactive players will automatically lose when time's up. (requested by keeja)
|
|t:|1776056441
|teamsize|p1|6
|teamsize|p2|6
|start
|switch|p1a: Tyranitar|Tyranitar, M|100/100
|switch|p2a: The Darkside|Gliscor, M|100/100
|-weather|Sandstorm|[from] ability: Sand Stream|[of] p1a: Tyranitar
|turn|1
|
|t:|1776056448
|move|p2a: The Darkside|Toxic|p1a: Tyranitar
|-status|p1a: Tyranitar|tox
|move|p1a: Tyranitar|Ice Punch|p2a: The Darkside
|-supereffective|p2a: The Darkside
|-damage|p2a: The Darkside|27/100
|
|-weather|Sandstorm|[upkeep]
|-damage|p1a: Tyranitar|94/100 tox|[from] psn
|-status|p2a: The Darkside|tox|[from] item: Toxic Orb
|upkeep
|turn|2
|
|t:|1776056459
|move|p2a: The Darkside|Protect|p2a: The Darkside
|-singleturn|p2a: The Darkside|Protect
|move|p1a: Tyranitar|Knock Off|p2a: The Darkside
|-activate|p2a: The Darkside|move: Protect
|
|-weather|Sandstorm|[upkeep]
|-heal|p2a: The Darkside|39/100 tox|[from] ability: Poison Heal
|-damage|p1a: Tyranitar|82/100 tox|[from] psn
|upkeep
|turn|3
|inactive|keeja has 120 seconds left.
|
|t:|1776056498
|switch|p2a: Toxapex|Toxapex, M, shiny|100/100
|move|p1a: Tyranitar|Knock Off|p2a: Toxapex
|-damage|p2a: Toxapex|55/100
|-enditem|p2a: Toxapex|Heavy-Duty Boots|[from] move: Knock Off|[of] p1a: Tyranitar
|
|-weather|Sandstorm|[upkeep]
|-damage|p2a: Toxapex|49/100|[from] Sandstorm
|-damage|p1a: Tyranitar|63/100 tox|[from] psn
|upkeep
|turn|4
|inactive|keeja has 120 seconds left.
|
|t:|1776056523
|switch|p1a: Clefable|Clefable, M|100/100
|switch|p2a: The Darkside|Gliscor, M|39/100 tox
|
|-weather|Sandstorm|[upkeep]
|-heal|p2a: The Darkside|52/100 tox|[from] ability: Poison Heal
|upkeep
|turn|5
|
|t:|1776056534
|move|p2a: The Darkside|Toxic|p1a: Clefable
|-status|p1a: Clefable|tox
|move|p1a: Clefable|Ice Beam|p2a: The Darkside
|-supereffective|p2a: The Darkside
|-damage|p2a: The Darkside|0 fnt
|faint|p2a: The Darkside
|
|-weather|none
|upkeep
|
|t:|1776056540
|switch|p2a: Piper|Blissey, F|100/100
|turn|6
|
|t:|1776056549
|switch|p1a: Hippowdon|Hippowdon, F|100/100
|-weather|Sandstorm|[from] ability: Sand Stream|[of] p1a: Hippowdon
|move|p2a: Piper|Stealth Rock|p1a: Hippowdon
|-sidestart|p1: Schmoobis|move: Stealth Rock
|
|-weather|Sandstorm|[upkeep]
|-damage|p2a: Piper|94/100|[from] Sandstorm
|upkeep
|turn|7
|inactive|keeja has 120 seconds left.
|
|t:|1776056576
|switch|p2a: Ting-Lu|Ting-Lu|100/100
|-ability|p2a: Ting-Lu|Vessel of Ruin
|move|p1a: Hippowdon|Stealth Rock|p2a: Ting-Lu
|-sidestart|p2: keeja|move: Stealth Rock
|
|-weather|Sandstorm|[upkeep]
|upkeep
|turn|8
|
|t:|1776056587
|move|p1a: Hippowdon|Slack Off||[still]
|-fail|p1a: Hippowdon|heal
|move|p2a: Ting-Lu|Ruination|p1a: Hippowdon
|-damage|p1a: Hippowdon|50/100
|
|-weather|Sandstorm|[upkeep]
|upkeep
|turn|9
|
|t:|1776056604
|switch|p2a: Toxapex|Toxapex, M, shiny|82/100
|-damage|p2a: Toxapex|69/100|[from] Stealth Rock
|move|p1a: Hippowdon|Slack Off|p1a: Hippowdon
|-heal|p1a: Hippowdon|100/100
|
|-weather|Sandstorm|[upkeep]
|-damage|p2a: Toxapex|63/100|[from] Sandstorm
|upkeep
|turn|10
|
|t:|1776056616
|-terastallize|p2a: Toxapex|Dragon
|move|p1a: Hippowdon|Earthquake|p2a: Toxapex
|-damage|p2a: Toxapex|34/100
|move|p2a: Toxapex|Toxic|p1a: Hippowdon
|-status|p1a: Hippowdon|tox
|
|-weather|Sandstorm|[upkeep]
|-damage|p2a: Toxapex|28/100|[from] Sandstorm
|-damage|p1a: Hippowdon|94/100 tox|[from] psn
|upkeep
|turn|11
|
|t:|1776056627
|switch|p2a: Piper|Blissey, F|94/100
|move|p1a: Hippowdon|Earthquake|p2a: Piper
|-damage|p2a: Piper|55/100
|
|-weather|Sandstorm|[upkeep]
|-damage|p2a: Piper|49/100|[from] Sandstorm
|-damage|p1a: Hippowdon|82/100 tox|[from] psn
|upkeep
|turn|12
|
|t:|1776056636
|move|p2a: Piper|Soft-Boiled|p2a: Piper
|-heal|p2a: Piper|99/100
|move|p1a: Hippowdon|Earthquake|p2a: Piper
|-damage|p2a: Piper|57/100
|
|-weather|Sandstorm|[upkeep]
|-damage|p2a: Piper|51/100|[from] Sandstorm
|-damage|p1a: Hippowdon|63/100 tox|[from] psn
|upkeep
|turn|13
|
|t:|1776056647
|switch|p1a: Scizor|Scizor, F|100/100
|-damage|p1a: Scizor|88/100|[from] Stealth Rock
|move|p2a: Piper|Soft-Boiled|p2a: Piper
|-heal|p2a: Piper|100/100
|
|-weather|none
|upkeep
|turn|14
|inactive|keeja has 120 seconds left.
|
|t:|1776056661
|switch|p2a: Skeledirge|Skeledirge, M|100/100
|move|p1a: Scizor|U-turn|p2a: Skeledirge
|-resisted|p2a: Skeledirge
|-damage|p2a: Skeledirge|88/100
|
|t:|1776056668
|switch|p1a: Volcanion|Volcanion|100/100|[from] U-turn
|-damage|p1a: Volcanion|76/100|[from] Stealth Rock
|
|upkeep
|turn|15
|
|t:|1776056676
|switch|p2a: Clodsire|Clodsire, F|100/100
|move|p1a: Volcanion|Steam Eruption|p2a: Clodsire
|-immune|p2a: Clodsire|[from] ability: Water Absorb
|
|upkeep
|turn|16
|
|t:|1776056690
|switch|p1a: Scizor|Scizor, F|88/100
|-damage|p1a: Scizor|76/100|[from] Stealth Rock
|move|p2a: Clodsire|Spikes|p1a: Scizor
|-sidestart|p1: Schmoobis|Spikes
|
|upkeep
|turn|17
|
|t:|1776056697
|move|p1a: Scizor|Dual Wingbeat|p2a: Clodsire
|-damage|p2a: Clodsire|59/100
|-damage|p2a: Clodsire|20/100
|-hitcount|p2a: Clodsire|2
|move|p2a: Clodsire|Earthquake|p1a: Scizor
|-damage|p1a: Scizor|48/100
|
|upkeep
|turn|18
|
|t:|1776056714
|switch|p2a: Toxapex|Toxapex, M, shiny, tera:Dragon|61/100
|-damage|p2a: Toxapex|49/100|[from] Stealth Rock
|move|p1a: Scizor|Dual Wingbeat|p2a: Toxapex|[miss]
|-miss|p1a: Scizor|p2a: Toxapex
|
|upkeep
|turn|19
|
|t:|1776056722
|move|p1a: Scizor|Dual Wingbeat|p2a: Toxapex
|-damage|p2a: Toxapex|20/100
|-damage|p2a: Toxapex|0 fnt
|faint|p2a: Toxapex
|-hitcount|p2: Toxapex|2
|
|upkeep
|
|t:|1776056726
|switch|p2a: Ting-Lu|Ting-Lu|100/100
|-damage|p2a: Ting-Lu|94/100|[from] Stealth Rock
|-ability|p2a: Ting-Lu|Vessel of Ruin
|turn|20
|
|t:|1776056740
|switch|p1a: Clefable|Clefable, M|100/100 tox
|move|p2a: Ting-Lu|Earthquake|p1a: Clefable
|-damage|p1a: Clefable|56/100 tox
|
|-heal|p2a: Ting-Lu|100/100|[from] item: Leftovers
|upkeep
|turn|21
|
|t:|1776056751
|switch|p2a: Piper|Blissey, F|100/100
|move|p1a: Clefable|Moonblast|p2a: Piper
|-crit|p2a: Piper
|-damage|p2a: Piper|72/100
|
|upkeep
|turn|22
|
|t:|1776056762
|switch|p1a: Tyranitar|Tyranitar, M|63/100 tox
|-damage|p1a: Tyranitar|51/100 tox|[from] Stealth Rock
|-damage|p1a: Tyranitar|39/100 tox|[from] Spikes
|-weather|Sandstorm|[from] ability: Sand Stream|[of] p1a: Tyranitar
|move|p2a: Piper|Seismic Toss|p1a: Tyranitar
|-damage|p1a: Tyranitar|14/100 tox
|
|-weather|Sandstorm|[upkeep]
|-damage|p2a: Piper|66/100|[from] Sandstorm
|-damage|p1a: Tyranitar|8/100 tox|[from] psn
|upkeep
|turn|23
|
|t:|1776056779
|switch|p2a: Ting-Lu|Ting-Lu|100/100
|-damage|p2a: Ting-Lu|94/100|[from] Stealth Rock
|-ability|p2a: Ting-Lu|Vessel of Ruin
|move|p1a: Tyranitar|Knock Off|p2a: Ting-Lu
|-resisted|p2a: Ting-Lu
|-damage|p2a: Ting-Lu|78/100
|-enditem|p2a: Ting-Lu|Leftovers|[from] move: Knock Off|[of] p1a: Tyranitar
|
|-weather|Sandstorm|[upkeep]
|-damage|p1a: Tyranitar|0 fnt|[from] psn
|faint|p1a: Tyranitar
|upkeep
|
|t:|1776056795
|switch|p1a: Clefable|Clefable, M|56/100 tox
|turn|24
|
|t:|1776056800
|switch|p2a: Piper|Blissey, F|66/100
|move|p1a: Clefable|Healing Wish|p1a: Clefable
|faint|p1a: Clefable
|
|-weather|Sandstorm|[upkeep]
|-damage|p2a: Piper|60/100|[from] Sandstorm
|upkeep
|
|t:|1776056808
|switch|p1a: Scizor|Scizor, F|48/100
|-heal|p1a: Scizor|100/100|[from] move: Healing Wish
|-damage|p1a: Scizor|88/100|[from] Stealth Rock
|-damage|p1a: Scizor|76/100|[from] Spikes
|turn|25
|
|t:|1776056817
|switch|p2a: Skeledirge|Skeledirge, M|88/100
|move|p1a: Scizor|Dual Wingbeat|p2a: Skeledirge
|-damage|p2a: Skeledirge|57/100
|-damage|p2a: Skeledirge|27/100
|-hitcount|p2a: Skeledirge|2
|
|-weather|Sandstorm|[upkeep]
|-damage|p2a: Skeledirge|21/100|[from] Sandstorm
|upkeep
|turn|26
|
|t:|1776056831
|switch|p1a: Hippowdon|Hippowdon, F|63/100 tox
|-damage|p1a: Hippowdon|57/100 tox|[from] Stealth Rock
|-damage|p1a: Hippowdon|45/100 tox|[from] Spikes
|move|p2a: Skeledirge|Slack Off|p2a: Skeledirge
|-heal|p2a: Skeledirge|71/100
|
|-weather|none
|-damage|p1a: Hippowdon|39/100 tox|[from] psn
|upkeep
|turn|27
|
|t:|1776056847
|switch|p2a: Ting-Lu|Ting-Lu|78/100
|-damage|p2a: Ting-Lu|72/100|[from] Stealth Rock
|-ability|p2a: Ting-Lu|Vessel of Ruin
|move|p1a: Hippowdon|Earthquake|p2a: Ting-Lu
|-damage|p2a: Ting-Lu|52/100
|
|-damage|p1a: Hippowdon|26/100 tox|[from] psn
|upkeep
|turn|28
|
|t:|1776056858
|move|p1a: Hippowdon|Slack Off|p1a: Hippowdon
|-heal|p1a: Hippowdon|76/100 tox
|move|p2a: Ting-Lu|Earthquake|p1a: Hippowdon
|-damage|p1a: Hippowdon|56/100 tox
|
|-damage|p1a: Hippowdon|38/100 tox|[from] psn
|upkeep
|turn|29
|
|t:|1776056866
|move|p1a: Hippowdon|Earthquake|p2a: Ting-Lu
|-damage|p2a: Ting-Lu|32/100
|move|p2a: Ting-Lu|Earthquake|p1a: Hippowdon
|-damage|p1a: Hippowdon|18/100 tox
|
|-damage|p1a: Hippowdon|0 fnt|[from] psn
|faint|p1a: Hippowdon
|upkeep
|
|t:|1776056880
|switch|p1a: Hydrapple|Hydrapple, M|100/100
|-damage|p1a: Hydrapple|88/100|[from] Stealth Rock
|-damage|p1a: Hydrapple|76/100|[from] Spikes
|turn|30
|
|t:|1776056888
|move|p2a: Ting-Lu|Ruination|p1a: Hydrapple
|-damage|p1a: Hydrapple|38/100
|move|p1a: Hydrapple|Giga Drain|p2a: Ting-Lu
|-supereffective|p2a: Ting-Lu
|-damage|p2a: Ting-Lu|0 fnt
|-heal|p1a: Hydrapple|58/100|[from] drain|[of] p2a: Ting-Lu
|faint|p2a: Ting-Lu
|
|upkeep
|
|t:|1776056893
|switch|p2a: Skeledirge|Skeledirge, M|71/100
|turn|31
|
|t:|1776056903
|-terastallize|p1a: Hydrapple|Fairy
|move|p2a: Skeledirge|Slack Off|p2a: Skeledirge
|-heal|p2a: Skeledirge|100/100
|move|p1a: Hydrapple|Earth Power|p2a: Skeledirge
|-supereffective|p2a: Skeledirge
|-damage|p2a: Skeledirge|54/100
|
|upkeep
|turn|32
|
|t:|1776056915
|move|p2a: Skeledirge|Torch Song|p1a: Hydrapple
|-damage|p1a: Hydrapple|26/100
|-boost|p2a: Skeledirge|spa|1
|move|p1a: Hydrapple|Nasty Plot|p1a: Hydrapple
|-boost|p1a: Hydrapple|spa|2
|
|upkeep
|turn|33
|
|t:|1776056924
|move|p2a: Skeledirge|Torch Song|p1a: Hydrapple
|-damage|p1a: Hydrapple|0 fnt
|-boost|p2a: Skeledirge|spa|1
|faint|p1a: Hydrapple
|
|upkeep
|
|t:|1776056931
|switch|p1a: Volcanion|Volcanion|76/100
|-damage|p1a: Volcanion|51/100|[from] Stealth Rock
|-damage|p1a: Volcanion|39/100|[from] Spikes
|turn|34
|
|t:|1776056937
|switch|p2a: Clodsire|Clodsire, F|20/100
|move|p1a: Volcanion|Scorching Sands|p2a: Clodsire
|-supereffective|p2a: Clodsire
|-damage|p2a: Clodsire|0 fnt
|faint|p2a: Clodsire
|
|upkeep
|
|t:|1776056942
|switch|p2a: Piper|Blissey, F|60/100
|turn|35
|
|t:|1776056950
|move|p1a: Volcanion|Steam Eruption|p2a: Piper
|-damage|p2a: Piper|41/100
|-status|p2a: Piper|brn
|move|p2a: Piper|Thunder Wave|p1a: Volcanion
|-status|p1a: Volcanion|par
|
|-damage|p2a: Piper|35/100 brn|[from] brn
|upkeep
|turn|36
|
|t:|1776056961
|move|p2a: Piper|Soft-Boiled|p2a: Piper
|-heal|p2a: Piper|85/100 brn
|move|p1a: Volcanion|Steam Eruption|p2a: Piper
|-crit|p2a: Piper
|-damage|p2a: Piper|54/100 brn
|
|-damage|p2a: Piper|48/100 brn|[from] brn
|upkeep
|turn|37
|
|t:|1776056970
|move|p2a: Piper|Soft-Boiled|p2a: Piper
|-heal|p2a: Piper|98/100 brn
|move|p1a: Volcanion|Steam Eruption|p2a: Piper
|-damage|p2a: Piper|79/100 brn
|
|-damage|p2a: Piper|72/100 brn|[from] brn
|upkeep
|turn|38
|
|t:|1776056979
|move|p2a: Piper|Seismic Toss|p1a: Volcanion
|-damage|p1a: Volcanion|11/100 par
|move|p1a: Volcanion|Steam Eruption|p2a: Piper
|-damage|p2a: Piper|53/100 brn
|
|-damage|p2a: Piper|47/100 brn|[from] brn
|upkeep
|turn|39
|
|t:|1776056989
|move|p2a: Piper|Soft-Boiled|p2a: Piper
|-heal|p2a: Piper|97/100 brn
|move|p1a: Volcanion|Steam Eruption|p2a: Piper
|-damage|p2a: Piper|77/100 brn
|
|-damage|p2a: Piper|71/100 brn|[from] brn
|upkeep
|turn|40
|
|t:|1776057006
|-curestatus|p2a: Piper|brn|[from] ability: Natural Cure
|switch|p2a: Skeledirge|Skeledirge, M|54/100
|cant|p1a: Volcanion|par
|
|upkeep
|turn|41
|
|t:|1776057014
|switch|p2a: Piper|Blissey, F|71/100
|move|p1a: Volcanion|Steam Eruption|p2a: Piper
|-damage|p2a: Piper|51/100
|
|upkeep
|turn|42
|
|t:|1776057023
|switch|p1a: Scizor|Scizor, F|76/100
|-damage|p1a: Scizor|64/100|[from] Stealth Rock
|-damage|p1a: Scizor|52/100|[from] Spikes
|move|p2a: Piper|Soft-Boiled|p2a: Piper
|-heal|p2a: Piper|100/100
|
|upkeep
|turn|43
|
|t:|1776057035
|move|p1a: Scizor|Dual Wingbeat|p2a: Piper
|-damage|p2a: Piper|64/100
|-damage|p2a: Piper|29/100
|-hitcount|p2a: Piper|2
|move|p2a: Piper|Thunder Wave|p1a: Scizor
|-status|p1a: Scizor|par
|
|upkeep
|turn|44
|
|t:|1776057043
|move|p2a: Piper|Seismic Toss|p1a: Scizor
|-damage|p1a: Scizor|22/100 par
|move|p1a: Scizor|Dual Wingbeat|p2a: Piper
|-damage|p2a: Piper|0 fnt
|faint|p2a: Piper
|-hitcount|p2: Piper|1
|
|upkeep
|
|t:|1776057045
|switch|p2a: Skeledirge|Skeledirge, M|54/100
|turn|45
|
|t:|1776057055
|move|p2a: Skeledirge|Slack Off|p2a: Skeledirge
|-heal|p2a: Skeledirge|100/100
|cant|p1a: Scizor|par
|
|upkeep
|turn|46
|
|t:|1776057061
|move|p2a: Skeledirge|Torch Song|p1a: Scizor
|-supereffective|p1a: Scizor
|-damage|p1a: Scizor|0 fnt
|-boost|p2a: Skeledirge|spa|1
|faint|p1a: Scizor
|
|upkeep
|
|t:|1776057067
|switch|p1a: Volcanion|Volcanion|11/100 par
|-damage|p1a: Volcanion|0 fnt|[from] Stealth Rock
|faint|p1a: Volcanion
|
|win|keeja
|raw|Schmoobis's rating: 1295 &rarr; <strong>1266</strong><br />(-29 for losing)
|raw|keeja's rating: 1238 &rarr; <strong>1267</strong><br />(+29 for winning)
|l| ohko_smeargle
|l|☆keeja
|player|p2|
|l|☆Schmoobis
|player|p1|
