|html|<div class="broadcast-blue"><strong>[Gen 9] OU is currently suspecting Tera Blast! For information on how to participate check out the <a href="https://www.smogon.com/tools/suspects/view/200">suspect thread</a>.</strong></div>
|j|☆RFGUY
|j|☆toxicworld_hq
|t:|1776179472
|gametype|singles
|player|p1|RFGUY|clown|1048
|player|p2|toxicworld_hq|wallace|1003
|gen|9
|tier|[Gen 9] OU
|rated|
|rule|HP Percentage Mod: HP is shown in percentages
|rule|Endless Battle Clause: Forcing endless battles is banned
|rule|Species Clause: Limit one of each Pokémon
|rule|OHKO Clause: OHKO moves are banned
|rule|Evasion Items Clause: Evasion items are banned
|rule|Evasion Moves Clause: Evasion moves are banned
|rule|Evasion Abilities Clause: Evasion abilities are banned
|rule|Sleep Moves Clause: Sleep-inducing moves are banned
|clearpoke
|poke|p1|Enamorus, F|
|poke|p1|Metagross|
|poke|p1|Kingambit, M|
|poke|p1|Forretress, F|
|poke|p1|Weezing-Galar, M|
|poke|p1|Veluza, F|
|poke|p2|Great Tusk|
|poke|p2|Dragapult, F|
|poke|p2|Glimmora, M|
|poke|p2|Garganacl, M|
|poke|p2|Enamorus, F|
|poke|p2|Dondozo, F|
|teampreview
|
|t:|1776179477
|teamsize|p1|6
|teamsize|p2|6
|start
|switch|p1a: Forretress|Forretress, F|100/100
|switch|p2a: Glimmora|Glimmora, M|100/100
|turn|1
|
|t:|1776179485
|move|p2a: Glimmora|Stealth Rock|p1a: Forretress
|-sidestart|p1: RFGUY|move: Stealth Rock
|move|p1a: Forretress|Spikes|p2a: Glimmora
|-sidestart|p2: toxicworld_hq|Spikes
|
|upkeep
|turn|2
|
|t:|1776179489
|move|p2a: Glimmora|Explosion|p1a: Forretress
|-resisted|p1a: Forretress
|-damage|p1a: Forretress|88/100
|faint|p2a: Glimmora
|move|p1a: Forretress|Stealth Rock|p2: Glimmora
|-sidestart|p2: toxicworld_hq|move: Stealth Rock
|
|upkeep
|
|t:|1776179506
|switch|p2a: Great Tusk|Great Tusk|100/100
|-damage|p2a: Great Tusk|88/100|[from] Spikes
|-damage|p2a: Great Tusk|85/100|[from] Stealth Rock
|-enditem|p2a: Great Tusk|Booster Energy
|-activate|p2a: Great Tusk|ability: Protosynthesis|[fromitem]
|-start|p2a: Great Tusk|protosynthesisatk
|turn|3
|inactive|Battle timer is ON: inactive players will automatically lose when time's up. (requested by RFGUY)
|
|t:|1776179530
|switch|p1a: Veluza|Veluza, F|100/100
|-damage|p1a: Veluza|88/100|[from] Stealth Rock
|-ability|p1a: Veluza|Mold Breaker
|move|p2a: Great Tusk|Rapid Spin|p1a: Veluza
|-damage|p1a: Veluza|61/100
|-boost|p2a: Great Tusk|spe|1
|-sideend|p2: toxicworld_hq|Spikes|[from] move: Rapid Spin|[of] p2a: Great Tusk
|-sideend|p2: toxicworld_hq|Stealth Rock|[from] move: Rapid Spin|[of] p2a: Great Tusk
|
|upkeep
|turn|4
|
|t:|1776179541
|move|p2a: Great Tusk|Knock Off|p1a: Veluza
|-supereffective|p1a: Veluza
|-damage|p1a: Veluza|0 fnt
|-enditem|p1a: Veluza|Choice Scarf|[from] move: Knock Off|[of] p2a: Great Tusk
|faint|p1a: Veluza
|
|upkeep
|
|t:|1776179548
|switch|p1a: Weezing|Weezing-Galar, M|100/100
|-damage|p1a: Weezing|88/100|[from] Stealth Rock
|-fieldstart|move: Misty Terrain|[from] ability: Misty Surge|[of] p1a: Weezing
|turn|5
|inactive|RFGUY has 120 seconds left.
|
|t:|1776179588
|-terastallize|p2a: Great Tusk|Ground
|move|p2a: Great Tusk|Headlong Rush|p1a: Weezing
|-supereffective|p1a: Weezing
|-damage|p1a: Weezing|0 fnt
|-unboost|p2a: Great Tusk|def|1
|-unboost|p2a: Great Tusk|spd|1
|faint|p1a: Weezing
|
|upkeep
|
|t:|1776179596
|switch|p1a: Enamorus|Enamorus, F|100/100
|-damage|p1a: Enamorus|76/100|[from] Stealth Rock
|turn|6
|inactive|RFGUY has 120 seconds left.
|
|t:|1776179604
|move|p2a: Great Tusk|Rapid Spin|p1a: Enamorus
|-damage|p1a: Enamorus|39/100
|-boost|p2a: Great Tusk|spe|1
|move|p1a: Enamorus|Misty Explosion|p2a: Great Tusk
|-damage|p2a: Great Tusk|0 fnt
|faint|p1a: Enamorus
|faint|p2a: Great Tusk
|-end|p2a: Great Tusk|Protosynthesis|[silent]
|
|upkeep
|inactive|RFGUY has 120 seconds left.
|
|t:|1776179613
|switch|p1a: Forretress|Forretress, F|88/100
|switch|p2a: Garganacl|Garganacl, M|100/100
|-damage|p1a: Forretress|76/100|[from] Stealth Rock
|turn|7
|
|t:|1776179621
|move|p1a: Forretress|Explosion|p2a: Garganacl
|-resisted|p2a: Garganacl
|-damage|p2a: Garganacl|81/100
|faint|p1a: Forretress
|move|p2a: Garganacl|Salt Cure|p1: Forretress|[notarget]
|-fail|p2a: Garganacl
|
|-heal|p2a: Garganacl|87/100|[from] item: Leftovers
|upkeep
|
|t:|1776179629
|switch|p1a: Metagross|Metagross|100/100
|-damage|p1a: Metagross|94/100|[from] Stealth Rock
|turn|8
|inactive|RFGUY has 120 seconds left.
|inactive|RFGUY has 90 seconds left.
|c|☆toxicworld_hq|bro hurry
|
|t:|1776179693
|move|p2a: Garganacl|Protect|p2a: Garganacl
|-singleturn|p2a: Garganacl|Protect
|move|p1a: Metagross|Bullet Punch|p2a: Garganacl
|-activate|p2a: Garganacl|move: Protect
|
|-heal|p2a: Garganacl|93/100|[from] item: Leftovers
|upkeep
|turn|9
|
|t:|1776179701
|move|p1a: Metagross|Bullet Punch|p2a: Garganacl
|-supereffective|p2a: Garganacl
|-damage|p2a: Garganacl|59/100
|move|p2a: Garganacl|Salt Cure|p1a: Metagross
|-resisted|p1a: Metagross
|-damage|p1a: Metagross|89/100
|-start|p1a: Metagross|Salt Cure
|
|-heal|p2a: Garganacl|65/100|[from] item: Leftovers
|-damage|p1a: Metagross|64/100|[from] Salt Cure
|-fieldend|Misty Terrain
|upkeep
|turn|10
|
|t:|1776179713
|-terastallize|p1a: Metagross|Steel
|move|p1a: Metagross|Bullet Punch|p2a: Garganacl
|-supereffective|p2a: Garganacl
|-damage|p2a: Garganacl|17/100
|move|p2a: Garganacl|Recover|p2a: Garganacl
|-heal|p2a: Garganacl|67/100
|
|-heal|p2a: Garganacl|73/100|[from] item: Leftovers
|-damage|p1a: Metagross|39/100|[from] Salt Cure
|upkeep
|turn|11
|inactive|RFGUY has 90 seconds left.
|
|t:|1776179723
|move|p2a: Garganacl|Protect|p2a: Garganacl
|-singleturn|p2a: Garganacl|Protect
|move|p1a: Metagross|Bullet Punch|p2a: Garganacl
|-activate|p2a: Garganacl|move: Protect
|
|-heal|p2a: Garganacl|79/100|[from] item: Leftovers
|-damage|p1a: Metagross|14/100|[from] Salt Cure
|upkeep
|turn|12
|
|t:|1776179731
|move|p1a: Metagross|Bullet Punch|p2a: Garganacl
|-supereffective|p2a: Garganacl
|-damage|p2a: Garganacl|35/100
|move|p2a: Garganacl|Recover|p2a: Garganacl
|-heal|p2a: Garganacl|85/100
|
|-heal|p2a: Garganacl|91/100|[from] item: Leftovers
|-damage|p1a: Metagross|0 fnt|[from] Salt Cure
|faint|p1a: Metagross
|upkeep
|
|t:|1776179740
|switch|p1a: Kingambit|Kingambit, M|100/100
|-damage|p1a: Kingambit|94/100|[from] Stealth Rock
|-activate|p1a: Kingambit|ability: Supreme Overlord
|-start|p1a: Kingambit|fallen5|[silent]
|turn|13
|
|t:|1776179746
|move|p1a: Kingambit|Swords Dance|p1a: Kingambit
|-boost|p1a: Kingambit|atk|2
|move|p2a: Garganacl|Salt Cure|p1a: Kingambit
|-resisted|p1a: Kingambit
|-damage|p1a: Kingambit|89/100
|-start|p1a: Kingambit|Salt Cure
|
|-heal|p1a: Kingambit|95/100|[from] item: Leftovers
|-heal|p2a: Garganacl|97/100|[from] item: Leftovers
|-damage|p1a: Kingambit|70/100|[from] Salt Cure
|upkeep
|turn|14
|
|t:|1776179756
|move|p2a: Garganacl|Protect|p2a: Garganacl
|-singleturn|p2a: Garganacl|Protect
|move|p1a: Kingambit|Iron Head|p2a: Garganacl
|-activate|p2a: Garganacl|move: Protect
|
|-heal|p1a: Kingambit|76/100|[from] item: Leftovers
|-heal|p2a: Garganacl|100/100|[from] item: Leftovers
|-damage|p1a: Kingambit|51/100|[from] Salt Cure
|upkeep
|turn|15
|
|t:|1776179766
|move|p1a: Kingambit|Iron Head|p2a: Garganacl
|-supereffective|p2a: Garganacl
|-damage|p2a: Garganacl|0 fnt
|faint|p2a: Garganacl
|
|-heal|p1a: Kingambit|58/100|[from] item: Leftovers
|-damage|p1a: Kingambit|33/100|[from] Salt Cure
|upkeep
|
|t:|1776179773
|switch|p2a: Enamorus|Enamorus, F|100/100
|turn|16
|
|t:|1776179777
|move|p2a: Enamorus|Superpower|p1a: Kingambit
|-supereffective|p1a: Kingambit
|-damage|p1a: Kingambit|0 fnt
|-boost|p2a: Enamorus|atk|1
|-boost|p2a: Enamorus|def|1
|faint|p1a: Kingambit
|-end|p1a: Kingambit|fallen5|[silent]
|
|win|toxicworld_hq
|raw|RFGUY's rating: 1048 &rarr; <strong>1029</strong><br />(-19 for losing)
|raw|toxicworld_hq's rating: 1003 &rarr; <strong>1048</strong><br />(+45 for winning)
