|html|<div class="broadcast-blue"><strong>[Gen 9] OU is currently suspecting Tera Blast! For information on how to participate check out the <a href="https://www.smogon.com/tools/suspects/view/200">suspect thread</a>.</strong></div>
|j|☆AbsolutNOOB1.2
|j|☆marian75986
|t:|1776100999
|gametype|singles
|player|p1|AbsolutNOOB1.2|266|1000
|player|p2|marian75986|2|1018
|gen|9
|tier|[Gen 9] OU
|rated|
|rule|HP Percentage Mod: HP is shown in percentages
|rule|Endless Battle Clause: Forcing endless battles is banned
|rule|Species Clause: Limit one of each Pokémon
|rule|OHKO Clause: OHKO moves are banned
|rule|Evasion Items Clause: Evasion items are banned
|rule|Evasion Moves Clause: Evasion moves are banned
|rule|Evasion Abilities Clause: Evasion abilities are banned
|rule|Sleep Moves Clause: Sleep-inducing moves are banned
|clearpoke
|poke|p1|Great Tusk|
|poke|p1|Brute Bonnet|
|poke|p1|Walking Wake|
|poke|p1|Torkoal, F|
|poke|p1|Raging Bolt|
|poke|p1|Alomomola, F|
|poke|p2|Greninja-*, M|
|poke|p2|Glimmora, M|
|poke|p2|Kingambit, M|
|poke|p2|Rotom-Frost|
|poke|p2|Blaziken, M|
|poke|p2|Gardevoir, M|
|teampreview
|inactive|Battle timer is ON: inactive players will automatically lose when time's up. (requested by AbsolutNOOB1.2)
|
|t:|1776101025
|teamsize|p1|6
|teamsize|p2|6
|start
|switch|p1a: Bazil-eau|Great Tusk, shiny|100/100
|switch|p2a: Glimmora|Glimmora, M|100/100
|turn|1
|
|t:|1776101034
|move|p1a: Bazil-eau|Stealth Rock|p2a: Glimmora
|-sidestart|p2: marian75986|move: Stealth Rock
|move|p2a: Glimmora|Stealth Rock|p1a: Bazil-eau
|-sidestart|p1: AbsolutNOOB1.2|move: Stealth Rock
|
|upkeep
|turn|2
|
|t:|1776101046
|move|p1a: Bazil-eau|Rapid Spin|p2a: Glimmora
|-resisted|p2a: Glimmora
|-damage|p2a: Glimmora|91/100
|-boost|p1a: Bazil-eau|spe|1
|-activate|p2a: Glimmora|ability: Toxic Debris
|-sidestart|p1: AbsolutNOOB1.2|move: Toxic Spikes
|-sideend|p1: AbsolutNOOB1.2|Toxic Spikes|[from] move: Rapid Spin|[of] p1a: Bazil-eau
|-sideend|p1: AbsolutNOOB1.2|Stealth Rock|[from] move: Rapid Spin|[of] p1a: Bazil-eau
|move|p2a: Glimmora|Toxic Spikes|p1a: Bazil-eau
|-sidestart|p1: AbsolutNOOB1.2|move: Toxic Spikes
|
|upkeep
|turn|3
|
|t:|1776101057
|move|p2a: Glimmora|Spiky Shield|p2a: Glimmora
|-singleturn|p2a: Glimmora|move: Protect
|move|p1a: Bazil-eau|Headlong Rush|p2a: Glimmora
|-activate|p2a: Glimmora|move: Protect
|-damage|p1a: Bazil-eau|88/100|[from] Spiky Shield|[of] p2a: Glimmora
|
|upkeep
|turn|4
|
|t:|1776101072
|switch|p2a: Rotom|Rotom-Frost, shiny|100/100
|-damage|p2a: Rotom|76/100|[from] Stealth Rock
|move|p1a: Bazil-eau|Headlong Rush|p2a: Rotom
|-immune|p2a: Rotom|[from] ability: Levitate
|
|upkeep
|turn|5
|
|t:|1776101093
|-end|p1a: Bazil-eau|Protosynthesis|[silent]
|switch|p1a: Sunny|Torkoal, F|100/100
|-status|p1a: Sunny|psn
|-weather|SunnyDay|[from] ability: Drought|[of] p1a: Sunny
|move|p2a: Rotom|Blizzard|p1a: Sunny|[miss]
|-miss|p2a: Rotom|p1a: Sunny
|
|-weather|SunnyDay|[upkeep]
|-damage|p1a: Sunny|88/100 psn|[from] psn
|upkeep
|turn|6
|
|t:|1776101107
|move|p2a: Rotom|Volt Switch|p1a: Sunny
|-damage|p1a: Sunny|50/100 psn
|
|t:|1776101112
|switch|p2a: Blaziken|Blaziken, M|100/100|[from] Volt Switch
|-damage|p2a: Blaziken|88/100|[from] Stealth Rock
|move|p1a: Sunny|Rapid Spin|p2a: Blaziken
|-damage|p2a: Blaziken|73/100
|-boost|p1a: Sunny|spe|1
|-sideend|p1: AbsolutNOOB1.2|Toxic Spikes|[from] move: Rapid Spin|[of] p1a: Sunny
|
|-weather|SunnyDay|[upkeep]
|-heal|p1a: Sunny|56/100 psn|[from] item: Leftovers
|-damage|p1a: Sunny|43/100 psn|[from] psn
|upkeep
|turn|7
|
|t:|1776101135
|switch|p1a: Bazil-eau|Great Tusk, shiny|88/100
|-activate|p1a: Bazil-eau|ability: Protosynthesis
|-start|p1a: Bazil-eau|protosynthesisatk
|move|p2a: Blaziken|Bulk Up|p2a: Blaziken
|-boost|p2a: Blaziken|atk|1
|-boost|p2a: Blaziken|def|1
|
|-weather|SunnyDay|[upkeep]
|-ability|p2a: Blaziken|Speed Boost|boost
|-boost|p2a: Blaziken|spe|1
|upkeep
|turn|8
|
|t:|1776101162
|switch|p2a: Rotom|Rotom-Frost, shiny|76/100
|-damage|p2a: Rotom|51/100|[from] Stealth Rock
|move|p1a: Bazil-eau|Headlong Rush|p2a: Rotom
|-immune|p2a: Rotom|[from] ability: Levitate
|
|-weather|SunnyDay|[upkeep]
|upkeep
|turn|9
|inactive|AbsolutNOOB1.2 has 120 seconds left.
|
|t:|1776101181
|-end|p1a: Bazil-eau|Protosynthesis|[silent]
|switch|p1a: Sunny|Torkoal, F|43/100 psn
|move|p2a: Rotom|Blizzard|p1a: Sunny
|-resisted|p1a: Sunny
|-damage|p1a: Sunny|14/100 psn
|
|-weather|none
|-heal|p1a: Sunny|21/100 psn|[from] item: Leftovers
|-damage|p1a: Sunny|8/100 psn|[from] psn
|upkeep
|turn|10
|inactive|AbsolutNOOB1.2 has 120 seconds left.
|
|t:|1776101200
|move|p2a: Rotom|Volt Switch|p1a: Sunny
|-damage|p1a: Sunny|0 fnt
|faint|p1a: Sunny
|
|t:|1776101210
|switch|p2a: Glimmora|Glimmora, M|91/100|[from] Volt Switch
|-damage|p2a: Glimmora|79/100|[from] Stealth Rock
|
|upkeep
|inactive|AbsolutNOOB1.2 has 120 seconds left.
|
|t:|1776101216
|switch|p1a: Bazil-eau|Great Tusk, shiny|88/100
|turn|11
|
|t:|1776101224
|move|p2a: Glimmora|Spiky Shield|p2a: Glimmora
|-singleturn|p2a: Glimmora|move: Protect
|move|p1a: Bazil-eau|Headlong Rush|p2a: Glimmora
|-activate|p2a: Glimmora|move: Protect
|-damage|p1a: Bazil-eau|76/100|[from] Spiky Shield|[of] p2a: Glimmora
|
|upkeep
|turn|12
|
|t:|1776101237
|switch|p2a: Greninja|Greninja, M|100/100
|-damage|p2a: Greninja|88/100|[from] Stealth Rock
|move|p1a: Bazil-eau|Headlong Rush|p2a: Greninja
|-damage|p2a: Greninja|0 fnt
|-unboost|p1a: Bazil-eau|def|1
|-unboost|p1a: Bazil-eau|spd|1
|faint|p2a: Greninja
|
|upkeep
|
|t:|1776101242
|switch|p2a: Rotom|Rotom-Frost, shiny|51/100
|-damage|p2a: Rotom|26/100|[from] Stealth Rock
|turn|13
|
|t:|1776101257
|-end|p1a: Bazil-eau|Protosynthesis|[silent]
|switch|p1a: Serpent-eau|Walking Wake|100/100
|move|p2a: Rotom|Volt Switch|p1a: Serpent-eau
|-damage|p1a: Serpent-eau|64/100
|
|t:|1776101265
|switch|p2a: Gardevoir|Gardevoir, M|100/100|[from] Volt Switch
|-damage|p2a: Gardevoir|88/100|[from] Stealth Rock
|
|upkeep
|turn|14
|
|t:|1776101280
|-terastallize|p1a: Serpent-eau|Water
|move|p1a: Serpent-eau|Sunny Day|p1a: Serpent-eau
|-weather|SunnyDay
|-activate|p1a: Serpent-eau|ability: Protosynthesis
|-start|p1a: Serpent-eau|protosynthesisspa
|move|p2a: Gardevoir|Moonblast|p1a: Serpent-eau
|-damage|p1a: Serpent-eau|8/100
|-unboost|p1a: Serpent-eau|spa|1
|
|-weather|SunnyDay|[upkeep]
|upkeep
|turn|15
|l|☆AbsolutNOOB1.2
|inactive|AbsolutNOOB1.2 disconnected and has a minute to reconnect!
|player|p1|
|j|☆AbsolutNOOB1.2
|inactive|AbsolutNOOB1.2 reconnected and has 130 seconds left.
|player|p1|AbsolutNOOB1.2|266|
|
|t:|1776101309
|move|p1a: Serpent-eau|Flamethrower|p2a: Gardevoir
|-damage|p2a: Gardevoir|30/100
|-damage|p1a: Serpent-eau|0 fnt|[from] item: Life Orb
|faint|p1a: Serpent-eau
|-end|p1a: Serpent-eau|Protosynthesis|[silent]
|move|p2a: Gardevoir|Psychic|p1: Serpent-eau|[notarget]
|-fail|p2a: Gardevoir
|
|-weather|SunnyDay|[upkeep]
|upkeep
|inactive|AbsolutNOOB1.2 has 120 seconds left.
|
|t:|1776101322
|switch|p1a: Bazil-eau|Great Tusk, shiny|76/100
|-activate|p1a: Bazil-eau|ability: Protosynthesis
|-start|p1a: Bazil-eau|protosynthesisatk
|turn|16
|
|t:|1776101331
|move|p2a: Gardevoir|Moonblast|p1a: Bazil-eau
|-supereffective|p1a: Bazil-eau
|-damage|p1a: Bazil-eau|0 fnt
|faint|p1a: Bazil-eau
|-end|p1a: Bazil-eau|Protosynthesis|[silent]
|
|-weather|SunnyDay|[upkeep]
|upkeep
|
|t:|1776101339
|switch|p1a: Momy|Alomomola, F, shiny|100/100
|-ability|p2a: Gardevoir|Regenerator|Trace|[from] ability: Trace|[of] p1a: Momy
|turn|17
|
|t:|1776101346
|move|p2a: Gardevoir|Moonblast|p1a: Momy
|-damage|p1a: Momy|54/100
|move|p1a: Momy|Scald|p2a: Gardevoir
|-damage|p2a: Gardevoir|23/100
|-status|p2a: Gardevoir|brn
|
|-weather|SunnyDay|[upkeep]
|-heal|p1a: Momy|60/100|[from] item: Leftovers
|-damage|p2a: Gardevoir|17/100 brn|[from] brn
|upkeep
|turn|18
|
|t:|1776101364
|move|p2a: Gardevoir|Moonblast|p1a: Momy
|-damage|p1a: Momy|15/100
|-unboost|p1a: Momy|spa|1
|move|p1a: Momy|Wish|p1a: Momy
|
|-weather|none
|-heal|p1a: Momy|21/100|[from] item: Leftovers
|-damage|p2a: Gardevoir|11/100 brn|[from] brn
|upkeep
|turn|19
|
|t:|1776101375
|move|p1a: Momy|Protect|p1a: Momy
|-singleturn|p1a: Momy|Protect
|move|p2a: Gardevoir|Moonblast|p1a: Momy
|-activate|p1a: Momy|move: Protect
|
|-heal|p1a: Momy|71/100|[from] move: Wish|[wisher] Momy
|-heal|p1a: Momy|77/100|[from] item: Leftovers
|-damage|p2a: Gardevoir|5/100 brn|[from] brn
|upkeep
|turn|20
|
|t:|1776101389
|move|p2a: Gardevoir|Moonblast|p1a: Momy
|-damage|p1a: Momy|28/100
|move|p1a: Momy|Wish|p1a: Momy
|
|-heal|p1a: Momy|34/100|[from] item: Leftovers
|-damage|p2a: Gardevoir|0 fnt|[from] brn
|faint|p2a: Gardevoir
|upkeep
|
|t:|1776101401
|switch|p2a: Glimmora|Glimmora, M|79/100
|-damage|p2a: Glimmora|67/100|[from] Stealth Rock
|turn|21
|
|t:|1776101416
|move|p2a: Glimmora|Toxic Spikes|p1a: Momy
|-sidestart|p1: AbsolutNOOB1.2|move: Toxic Spikes
|move|p1a: Momy|Flip Turn|p2a: Glimmora
|-supereffective|p2a: Glimmora
|-damage|p2a: Glimmora|37/100
|-activate|p2a: Glimmora|ability: Toxic Debris
|-sidestart|p1: AbsolutNOOB1.2|move: Toxic Spikes
|inactive|AbsolutNOOB1.2 has 120 seconds left.
|
|t:|1776101433
|switch|p1a: AsmonG|Brute Bonnet|100/100|[from] Flip Turn
|-status|p1a: AsmonG|tox
|
|-damage|p1a: AsmonG|94/100 tox|[from] psn
|upkeep
|turn|22
|inactive|AbsolutNOOB1.2 has 120 seconds left.
|
|t:|1776101447
|move|p2a: Glimmora|Spiky Shield|p2a: Glimmora
|-singleturn|p2a: Glimmora|move: Protect
|move|p1a: AsmonG|Seed Bomb|p2a: Glimmora
|-activate|p2a: Glimmora|move: Protect
|
|-heal|p1a: AsmonG|100/100 tox|[from] item: Leftovers
|-damage|p1a: AsmonG|88/100 tox|[from] psn
|upkeep
|turn|23
|inactive|AbsolutNOOB1.2 has 120 seconds left.
|
|t:|1776101458
|move|p2a: Glimmora|Memento|p1a: AsmonG
|-unboost|p1a: AsmonG|atk|2
|-unboost|p1a: AsmonG|spa|2
|faint|p2a: Glimmora
|move|p1a: AsmonG|Seed Bomb|p2: Glimmora|[notarget]
|-fail|p1a: AsmonG
|
|-heal|p1a: AsmonG|94/100 tox|[from] item: Leftovers
|-damage|p1a: AsmonG|76/100 tox|[from] psn
|upkeep
|
|t:|1776101469
|switch|p2a: Blaziken|Blaziken, M|73/100
|-damage|p2a: Blaziken|61/100|[from] Stealth Rock
|turn|24
|inactive|AbsolutNOOB1.2 has 120 seconds left.
|
|t:|1776101485
|-end|p1a: AsmonG|Protosynthesis|[silent]
|switch|p1a: Momy|Alomomola, F, shiny|68/100
|-status|p1a: Momy|tox
|move|p2a: Blaziken|Bulk Up|p2a: Blaziken
|-boost|p2a: Blaziken|atk|1
|-boost|p2a: Blaziken|def|1
|
|-heal|p1a: Momy|74/100 tox|[from] item: Leftovers
|-damage|p1a: Momy|68/100 tox|[from] psn
|-ability|p2a: Blaziken|Speed Boost|boost
|-boost|p2a: Blaziken|spe|1
|upkeep
|turn|25
|inactive|AbsolutNOOB1.2 has 120 seconds left.
|
|t:|1776101500
|move|p2a: Blaziken|Protect|p2a: Blaziken
|-singleturn|p2a: Blaziken|Protect
|move|p1a: Momy|Flip Turn|p2a: Blaziken
|-activate|p2a: Blaziken|move: Protect
|
|-heal|p1a: Momy|74/100 tox|[from] item: Leftovers
|-damage|p1a: Momy|62/100 tox|[from] psn
|-ability|p2a: Blaziken|Speed Boost|boost
|-boost|p2a: Blaziken|spe|1
|upkeep
|turn|26
|inactive|AbsolutNOOB1.2 has 120 seconds left.
|
|t:|1776101511
|move|p2a: Blaziken|Close Combat|p1a: Momy
|-damage|p1a: Momy|10/100 tox
|-unboost|p2a: Blaziken|def|1
|-unboost|p2a: Blaziken|spd|1
|move|p1a: Momy|Flip Turn|p2a: Blaziken
|-supereffective|p2a: Blaziken
|-damage|p2a: Blaziken|11/100
|inactive|AbsolutNOOB1.2 has 120 seconds left.
|
|t:|1776101521
|switch|p1a: Girafe|Raging Bolt|100/100|[from] Flip Turn
|-status|p1a: Girafe|tox
|
|-damage|p1a: Girafe|94/100 tox|[from] psn
|-ability|p2a: Blaziken|Speed Boost|boost
|-boost|p2a: Blaziken|spe|1
|upkeep
|turn|27
|inactive|AbsolutNOOB1.2 has 120 seconds left.
|
|t:|1776101532
|move|p1a: Girafe|Thunderclap|p2a: Blaziken
|-damage|p2a: Blaziken|0 fnt
|faint|p2a: Blaziken
|
|-damage|p1a: Girafe|82/100 tox|[from] psn
|upkeep
|
|t:|1776101537
|switch|p2a: Kingambit|Kingambit, M|100/100
|-damage|p2a: Kingambit|94/100|[from] Stealth Rock
|-activate|p2a: Kingambit|ability: Supreme Overlord
|-start|p2a: Kingambit|fallen4|[silent]
|turn|28
|inactive|AbsolutNOOB1.2 has 120 seconds left.
|
|t:|1776101563
|-terastallize|p2a: Kingambit|Dark
|move|p1a: Girafe|Thunderclap|p2a: Kingambit
|-crit|p2a: Kingambit
|-damage|p2a: Kingambit|0 fnt
|faint|p2a: Kingambit
|-end|p2a: Kingambit|fallen4|[silent]
|
|-damage|p1a: Girafe|64/100 tox|[from] psn
|upkeep
|inactive|marian75986 has 120 seconds left.
|inactive|marian75986 has 90 seconds left.
|inactive|marian75986 has 60 seconds left.
|inactive|marian75986 has 30 seconds left.
|inactive|marian75986 has 20 seconds left.
|inactive|marian75986 has 15 seconds left.
|inactive|marian75986 has 10 seconds left.
|inactive|marian75986 has 5 seconds left.
|-message|marian75986 lost due to inactivity.
|
|win|AbsolutNOOB1.2
|raw|AbsolutNOOB1.2's rating: 1000 &rarr; <strong>1041</strong><br />(+41 for winning)
|raw|marian75986's rating: 1005 &rarr; <strong>1000</strong><br />(-5 for losing)
