|html|<div class="broadcast-blue"><strong>[Gen 9] OU is currently suspecting Tera Blast! For information on how to participate check out the <a href="https://www.smogon.com/tools/suspects/view/200">suspect thread</a>.</strong></div>
|j|☆Auburn Hills
|j|☆drop a baby
|t:|1776033857
|gametype|singles
|player|p1|Auburn Hills|alder|1757
|player|p2|drop a baby|chase|1742
|gen|9
|tier|[Gen 9] OU
|rated|
|rule|HP Percentage Mod: HP is shown in percentages
|rule|Endless Battle Clause: Forcing endless battles is banned
|rule|Species Clause: Limit one of each Pokémon
|rule|OHKO Clause: OHKO moves are banned
|rule|Evasion Items Clause: Evasion items are banned
|rule|Evasion Moves Clause: Evasion moves are banned
|rule|Evasion Abilities Clause: Evasion abilities are banned
|rule|Sleep Moves Clause: Sleep-inducing moves are banned
|clearpoke
|poke|p1|Iron Moth|
|poke|p1|Umbreon, F|
|poke|p1|Garchomp, F|
|poke|p1|Glimmora, M|
|poke|p1|Gholdengo|
|poke|p1|Dragonite, M|
|poke|p2|Darkrai|
|poke|p2|Deoxys-Speed|
|poke|p2|Raging Bolt|
|poke|p2|Kingambit, M|
|poke|p2|Iron Valiant|
|poke|p2|Great Tusk|
|teampreview
|inactive|Battle timer is ON: inactive players will automatically lose when time's up. (requested by drop a baby)
|inactive|Auburn Hills has 120 seconds left.
|
|t:|1776033906
|teamsize|p1|6
|teamsize|p2|6
|start
|switch|p1a: Julia Jacklin|Glimmora, M|100/100
|switch|p2a: Speedy Gonzales|Deoxys-Speed, shiny|100/100
|-ability|p2a: Speedy Gonzales|Pressure
|turn|1
|
|t:|1776033913
|move|p2a: Speedy Gonzales|Psycho Boost|p1a: Julia Jacklin
|-supereffective|p1a: Julia Jacklin
|-enditem|p1a: Julia Jacklin|Focus Sash
|-damage|p1a: Julia Jacklin|1/100
|-unboost|p2a: Speedy Gonzales|spa|2
|-damage|p2a: Speedy Gonzales|91/100|[from] item: Life Orb
|move|p1a: Julia Jacklin|Sludge Wave|p2a: Speedy Gonzales
|-damage|p2a: Speedy Gonzales|16/100
|
|upkeep
|turn|2
|
|t:|1776033922
|move|p2a: Speedy Gonzales|Psycho Boost|p1a: Julia Jacklin
|-supereffective|p1a: Julia Jacklin
|-damage|p1a: Julia Jacklin|0 fnt
|-unboost|p2a: Speedy Gonzales|spa|2
|faint|p1a: Julia Jacklin
|-damage|p2a: Speedy Gonzales|6/100|[from] item: Life Orb
|
|upkeep
|
|t:|1776033927
|switch|p1a: Carly Rae|Iron Moth|100/100
|-enditem|p1a: Carly Rae|Booster Energy
|-activate|p1a: Carly Rae|ability: Quark Drive|[fromitem]
|-start|p1a: Carly Rae|quarkdrivespe
|turn|3
|
|t:|1776033930
|move|p1a: Carly Rae|Fiery Dance|p2a: Speedy Gonzales
|-damage|p2a: Speedy Gonzales|0 fnt
|-boost|p1a: Carly Rae|spa|1
|faint|p2a: Speedy Gonzales
|
|upkeep
|
|t:|1776033933
|switch|p2a: Hito no mi Model⚡️|Raging Bolt|100/100
|-enditem|p2a: Hito no mi Model⚡️|Booster Energy
|-activate|p2a: Hito no mi Model⚡️|ability: Protosynthesis|[fromitem]
|-start|p2a: Hito no mi Model⚡️|protosynthesisspa
|turn|4
|
|t:|1776033937
|-terastallize|p1a: Carly Rae|Fairy
|move|p1a: Carly Rae|Dazzling Gleam|p2a: Hito no mi Model⚡️
|-supereffective|p2a: Hito no mi Model⚡️
|-damage|p2a: Hito no mi Model⚡️|0 fnt
|faint|p2a: Hito no mi Model⚡️
|-end|p2a: Hito no mi Model⚡️|Protosynthesis|[silent]
|
|upkeep
|
|t:|1776033949
|switch|p2a: IMU|Darkrai|100/100
|turn|5
|
|t:|1776033951
|move|p1a: Carly Rae|Fiery Dance|p2a: IMU
|-damage|p2a: IMU|14/100
|move|p2a: IMU|Sludge Bomb|p1a: Carly Rae
|-supereffective|p1a: Carly Rae
|-damage|p1a: Carly Rae|29/100
|
|upkeep
|turn|6
|
|t:|1776033955
|move|p1a: Carly Rae|Fiery Dance|p2a: IMU
|-damage|p2a: IMU|0 fnt
|-boost|p1a: Carly Rae|spa|1
|faint|p2a: IMU
|
|upkeep
|
|t:|1776033972
|switch|p2a: Mihawk|Kingambit, M|100/100
|-activate|p2a: Mihawk|ability: Supreme Overlord
|-start|p2a: Mihawk|fallen3|[silent]
|turn|7
|
|t:|1776033974
|move|p1a: Carly Rae|Morning Sun|p1a: Carly Rae
|-heal|p1a: Carly Rae|79/100
|move|p2a: Mihawk|Iron Head|p1a: Carly Rae
|-supereffective|p1a: Carly Rae
|-damage|p1a: Carly Rae|0 fnt
|faint|p1a: Carly Rae
|-end|p1a: Carly Rae|Quark Drive|[silent]
|
|upkeep
|
|t:|1776033979
|switch|p1a: Rat Tally|Garchomp, F|100/100
|turn|8
|
|t:|1776033984
|-end|p2a: Mihawk|fallen3|[silent]
|switch|p2a: BROTD|Great Tusk, shiny|100/100
|-enditem|p2a: BROTD|Booster Energy
|-activate|p2a: BROTD|ability: Protosynthesis|[fromitem]
|-start|p2a: BROTD|protosynthesisspe
|move|p1a: Rat Tally|Earthquake|p2a: BROTD
|-damage|p2a: BROTD|69/100
|
|upkeep
|turn|9
|
|t:|1776033986
|move|p2a: BROTD|Bulk Up|p2a: BROTD
|-boost|p2a: BROTD|atk|1
|-boost|p2a: BROTD|def|1
|move|p1a: Rat Tally|Scale Shot|p2a: BROTD
|-damage|p2a: BROTD|64/100
|-damage|p2a: BROTD|58/100
|-damage|p2a: BROTD|53/100
|-damage|p2a: BROTD|48/100
|-damage|p2a: BROTD|42/100
|-hitcount|p2a: BROTD|5
|-unboost|p1a: Rat Tally|def|1
|-boost|p1a: Rat Tally|spe|1
|
|upkeep
|turn|10
|
|t:|1776033989
|move|p1a: Rat Tally|Scale Shot|p2a: BROTD
|-crit|p2a: BROTD
|-damage|p2a: BROTD|28/100
|-damage|p2a: BROTD|23/100
|-damage|p2a: BROTD|17/100
|-damage|p2a: BROTD|11/100
|-damage|p2a: BROTD|5/100
|-hitcount|p2a: BROTD|5
|-unboost|p1a: Rat Tally|def|1
|-boost|p1a: Rat Tally|spe|1
|move|p2a: BROTD|Headlong Rush|p1a: Rat Tally
|-damage|p1a: Rat Tally|0 fnt
|-unboost|p2a: BROTD|def|1
|-unboost|p2a: BROTD|spd|1
|-damage|p2a: BROTD|0 fnt|[from] ability: Rough Skin|[of] p1a: Rat Tally
|faint|p1a: Rat Tally
|faint|p2a: BROTD
|-end|p2a: BROTD|Protosynthesis|[silent]
|
|upkeep
|
|t:|1776033995
|switch|p1a: Smino|Gholdengo|100/100
|switch|p2a: Mihawk|Kingambit, M|100/100
|-activate|p2a: Mihawk|ability: Supreme Overlord
|-start|p2a: Mihawk|fallen4|[silent]
|turn|11
|
|t:|1776034007
|switch|p1a: Alvvays|Umbreon, F|100/100
|move|p2a: Mihawk|Kowtow Cleave|p1a: Alvvays
|-resisted|p1a: Alvvays
|-damage|p1a: Alvvays|68/100
|
|-heal|p1a: Alvvays|75/100|[from] item: Leftovers
|upkeep
|turn|12
|
|t:|1776034011
|move|p2a: Mihawk|Iron Head|p1a: Alvvays
|-damage|p1a: Alvvays|26/100
|move|p1a: Alvvays|Thunder Wave|p2a: Mihawk
|-status|p2a: Mihawk|par
|
|-heal|p1a: Alvvays|33/100|[from] item: Leftovers
|upkeep
|turn|13
|
|t:|1776034014
|move|p1a: Alvvays|Protect|p1a: Alvvays
|-singleturn|p1a: Alvvays|Protect
|move|p2a: Mihawk|Swords Dance|p2a: Mihawk
|-boost|p2a: Mihawk|atk|2
|
|-heal|p1a: Alvvays|39/100|[from] item: Leftovers
|upkeep
|turn|14
|
|t:|1776034016
|move|p1a: Alvvays|Foul Play|p2a: Mihawk
|-resisted|p2a: Mihawk
|-damage|p2a: Mihawk|52/100 par
|move|p2a: Mihawk|Iron Head|p1a: Alvvays
|-damage|p1a: Alvvays|0 fnt
|faint|p1a: Alvvays
|
|upkeep
|
|t:|1776034019
|switch|p1a: Elucid|Dragonite, M|100/100
|turn|15
|
|t:|1776034022
|move|p2a: Mihawk|Sucker Punch|p1a: Elucid
|-damage|p1a: Elucid|28/100
|move|p1a: Elucid|Earthquake|p2a: Mihawk
|-supereffective|p2a: Mihawk
|-damage|p2a: Mihawk|0 fnt
|faint|p2a: Mihawk
|-end|p2a: Mihawk|fallen4|[silent]
|
|upkeep
|
|t:|1776034024
|switch|p2a: 🎭|Iron Valiant, shiny|100/100
|-enditem|p2a: 🎭|Booster Energy
|-activate|p2a: 🎭|ability: Quark Drive|[fromitem]
|-start|p2a: 🎭|quarkdrivespe
|turn|16
|
|t:|1776034026
|-terastallize|p2a: 🎭|Ghost
|move|p2a: 🎭|Calm Mind|p2a: 🎭
|-boost|p2a: 🎭|spa|1
|-boost|p2a: 🎭|spd|1
|move|p1a: Elucid|Earthquake|p2a: 🎭
|-damage|p2a: 🎭|49/100
|
|upkeep
|turn|17
|c|☆Auburn Hills|gg
|
|t:|1776034033
|move|p2a: 🎭|Shadow Ball|p1a: Elucid
|-crit|p1a: Elucid
|-damage|p1a: Elucid|0 fnt
|faint|p1a: Elucid
|
|upkeep
|
|t:|1776034034
|switch|p1a: Smino|Gholdengo|100/100
|turn|18
|
|t:|1776034037
|move|p2a: 🎭|Shadow Ball|p1a: Smino
|-supereffective|p1a: Smino
|-damage|p1a: Smino|0 fnt
|faint|p1a: Smino
|
|win|drop a baby
|raw|Auburn Hills's rating: 1757 &rarr; <strong>1736</strong><br />(-21 for losing)
|raw|drop a baby's rating: 1742 &rarr; <strong>1763</strong><br />(+21 for winning)
|l|☆Auburn Hills
|player|p1|
|l|☆drop a baby
|player|p2|
