|html|<div class="broadcast-blue"><strong>[Gen 9] OU is currently suspecting Volcarona! For information on how to participate check out the <a href="https://www.smogon.com/tools/suspects/view/208">suspect thread</a>.</strong></div>
|j|☆Joeyfish123
|j|☆Bomphante
|t:|1778502053
|gametype|singles
|player|p1|Joeyfish123|101|1114
|player|p2|Bomphante|steven|1089
|gen|9
|tier|[Gen 9] OU
|rated|
|rule|HP Percentage Mod: HP is shown in percentages
|rule|Endless Battle Clause: Forcing endless battles is banned
|rule|Species Clause: Limit one of each Pokémon
|rule|OHKO Clause: OHKO moves are banned
|rule|Evasion Items Clause: Evasion items are banned
|rule|Evasion Moves Clause: Evasion moves are banned
|rule|Evasion Abilities Clause: Evasion abilities are banned
|rule|Sleep Moves Clause: Sleep-inducing moves are banned
|clearpoke
|poke|p1|Volcarona, F|
|poke|p1|Landorus-Therian, M|
|poke|p1|Hydrapple, F|
|poke|p1|Gholdengo|
|poke|p1|Great Tusk|
|poke|p1|Golduck, M|
|poke|p2|Ursaluna, M|
|poke|p2|Hatterene, F|
|poke|p2|Cresselia, F|
|poke|p2|Skeledirge, M|
|poke|p2|Porygon2|
|poke|p2|Dragonite, F|
|teampreview
|
|t:|1778502060
|teamsize|p1|6
|teamsize|p2|6
|start
|switch|p1a: Great Tusk|Great Tusk|100/100
|switch|p2a: Flat fvck friday|Skeledirge, M|100/100
|turn|1
|inactive|Battle timer is ON: inactive players will automatically lose when time's up. (requested by Joeyfish123)
|
|t:|1778502068
|switch|p2a: Egg and cress|Cresselia, F|100/100
|move|p1a: Great Tusk|Stealth Rock|p2a: Egg and cress
|-sidestart|p2: Bomphante|move: Stealth Rock
|
|upkeep
|turn|2
|
|t:|1778502081
|-end|p1a: Great Tusk|Protosynthesis|[silent]
|switch|p1a: Gholdengo|Gholdengo|100/100
|move|p2a: Egg and cress|Psychic|p1a: Gholdengo
|-resisted|p1a: Gholdengo
|-damage|p1a: Gholdengo|87/100
|
|upkeep
|turn|3
|
|t:|1778502088
|switch|p2a: Porygon2|Porygon2|100/100
|-damage|p2a: Porygon2|88/100|[from] Stealth Rock
|-ability|p2a: Porygon2|Download|boost
|-boost|p2a: Porygon2|spa|1
|move|p1a: Gholdengo|Nasty Plot|p1a: Gholdengo
|-boost|p1a: Gholdengo|spa|2
|
|upkeep
|turn|4
|
|t:|1778502102
|move|p1a: Gholdengo|Make It Rain|p2a: Porygon2
|-damage|p2a: Porygon2|0 fnt
|-unboost|p1a: Gholdengo|spa|1
|faint|p2a: Porygon2
|
|upkeep
|
|t:|1778502108
|switch|p2a: Cocaine Bear|Ursaluna, M|100/100
|-damage|p2a: Cocaine Bear|94/100|[from] Stealth Rock
|turn|5
|
|t:|1778502115
|switch|p1a: Landorus|Landorus-Therian, M, shiny|100/100
|-ability|p1a: Landorus|Intimidate|boost
|-unboost|p2a: Cocaine Bear|atk|1
|move|p2a: Cocaine Bear|Earthquake|p1a: Landorus
|-immune|p1a: Landorus
|
|-status|p2a: Cocaine Bear|brn|[from] item: Flame Orb
|upkeep
|turn|6
|
|t:|1778502133
|move|p1a: Landorus|U-turn|p2a: Cocaine Bear
|-damage|p2a: Cocaine Bear|75/100 brn
|
|t:|1778502135
|switch|p1a: Hydrapple|Hydrapple, F|100/100|[from] U-turn
|move|p2a: Cocaine Bear|Earthquake|p1a: Hydrapple
|-resisted|p1a: Hydrapple
|-damage|p1a: Hydrapple|85/100
|
|-damage|p2a: Cocaine Bear|69/100 brn|[from] brn
|upkeep
|turn|7
|
|t:|1778502147
|switch|p2a: Flat fvck friday|Skeledirge, M|100/100
|move|p1a: Hydrapple|Giga Drain|p2a: Flat fvck friday
|-resisted|p2a: Flat fvck friday
|-damage|p2a: Flat fvck friday|84/100
|-heal|p1a: Hydrapple|93/100|[from] drain|[of] p2a: Flat fvck friday
|
|upkeep
|turn|8
|
|t:|1778502170
|switch|p1a: Great Tusk|Great Tusk|100/100
|move|p2a: Flat fvck friday|Alluring Voice|p1a: Great Tusk
|-supereffective|p1a: Great Tusk
|-damage|p1a: Great Tusk|24/100
|
|upkeep
|turn|9
|inactive|Joeyfish123 has 120 seconds left.
|l|☆Joeyfish123
|inactive|Joeyfish123 disconnected and has a minute to reconnect!
|player|p1|
|inactive|Joeyfish123 has 30 seconds to reconnect!
|j|☆Joeyfish123
|inactive|Joeyfish123 reconnected and has 90 seconds left.
|player|p1|Joeyfish123|101|
|
|t:|1778502225
|switch|p2a: Egg and cress|Cresselia, F|100/100
|-damage|p2a: Egg and cress|88/100|[from] Stealth Rock
|move|p1a: Great Tusk|Headlong Rush|p2a: Egg and cress
|-immune|p2a: Egg and cress|[from] ability: Levitate
|
|upkeep
|turn|10
|inactive|Joeyfish123 has 90 seconds left.
|
|t:|1778502235
|-end|p1a: Great Tusk|Protosynthesis|[silent]
|switch|p1a: Gholdengo|Gholdengo|87/100
|move|p2a: Egg and cress|Trick Room|p2a: Egg and cress
|-fieldstart|move: Trick Room|[of] p2a: Egg and cress
|
|upkeep
|turn|11
|
|t:|1778502248
|switch|p2a: Flat fvck friday|Skeledirge, M|84/100
|move|p1a: Gholdengo|Nasty Plot|p1a: Gholdengo
|-boost|p1a: Gholdengo|spa|2
|
|upkeep
|turn|12
|
|t:|1778502262
|switch|p1a: Golduck|Golduck, M|100/100
|-ability|p1a: Golduck|Cloud Nine
|move|p2a: Flat fvck friday|Torch Song|p1a: Golduck
|-resisted|p1a: Golduck
|-damage|p1a: Golduck|86/100
|-boost|p2a: Flat fvck friday|spa|1
|
|upkeep
|turn|13
|
|t:|1778502288
|switch|p2a: Egg and cress|Cresselia, F|88/100
|-damage|p2a: Egg and cress|76/100|[from] Stealth Rock
|move|p1a: Golduck|Clear Smog|p2a: Egg and cress
|-damage|p2a: Egg and cress|71/100
|-clearboost|p2a: Egg and cress
|
|upkeep
|turn|14
|
|t:|1778502299
|move|p2a: Egg and cress|Psychic|p1a: Golduck
|-damage|p1a: Golduck|67/100
|move|p1a: Golduck|Knock Off|p2a: Egg and cress
|-supereffective|p2a: Egg and cress
|-damage|p2a: Egg and cress|45/100
|-enditem|p2a: Egg and cress|Mental Herb|[from] move: Knock Off|[of] p1a: Golduck
|
|-fieldend|move: Trick Room
|upkeep
|turn|15
|inactive|Bomphante has 120 seconds left.
|
|t:|1778502328
|move|p1a: Golduck|Flip Turn|p2a: Egg and cress
|-damage|p2a: Egg and cress|32/100
|
|t:|1778502334
|switch|p1a: Hydrapple|Hydrapple, F|100/100|[from] Flip Turn
|move|p2a: Egg and cress|Trick Room|p2a: Egg and cress
|-fieldstart|move: Trick Room|[of] p2a: Egg and cress
|
|upkeep
|turn|16
|inactive|Bomphante has 120 seconds left.
|inactive|Joeyfish123 has 90 seconds left.
|
|t:|1778502351
|move|p1a: Hydrapple|Earth Power|p2a: Egg and cress
|-immune|p2a: Egg and cress|[from] ability: Levitate
|move|p2a: Egg and cress|Moonblast|p1a: Hydrapple
|-supereffective|p1a: Hydrapple
|-damage|p1a: Hydrapple|66/100
|
|upkeep
|turn|17
|inactive|Joeyfish123 has 90 seconds left.
|
|t:|1778502361
|move|p1a: Hydrapple|Nasty Plot|p1a: Hydrapple
|-boost|p1a: Hydrapple|spa|2
|move|p2a: Egg and cress|Moonblast|p1a: Hydrapple
|-supereffective|p1a: Hydrapple
|-damage|p1a: Hydrapple|34/100
|
|upkeep
|turn|18
|
|t:|1778502368
|move|p1a: Hydrapple|Giga Drain|p2a: Egg and cress
|-damage|p2a: Egg and cress|1/100
|-heal|p1a: Hydrapple|50/100|[from] drain|[of] p2a: Egg and cress
|move|p2a: Egg and cress|Moonblast|p1a: Hydrapple
|-supereffective|p1a: Hydrapple
|-crit|p1a: Hydrapple
|-damage|p1a: Hydrapple|1/100
|
|upkeep
|turn|19
|
|t:|1778502376
|move|p1a: Hydrapple|Giga Drain|p2a: Egg and cress
|-damage|p2a: Egg and cress|0 fnt
|-heal|p1a: Hydrapple|2/100|[from] drain|[of] p2a: Egg and cress
|faint|p2a: Egg and cress
|
|-fieldend|move: Trick Room
|upkeep
|
|t:|1778502388
|switch|p2a: Dragonite|Dragonite, F|100/100
|turn|20
|
|t:|1778502396
|switch|p1a: Landorus|Landorus-Therian, M, shiny|100/100
|-ability|p1a: Landorus|Intimidate|boost
|-unboost|p2a: Dragonite|atk|1
|move|p2a: Dragonite|Extreme Speed|p1a: Landorus
|-damage|p1a: Landorus|76/100
|
|upkeep
|turn|21
|
|t:|1778502409
|move|p1a: Landorus|Outrage|p2a: Dragonite
|-supereffective|p2a: Dragonite
|-damage|p2a: Dragonite|49/100
|move|p2a: Dragonite|Dragon Dance|p2a: Dragonite
|-boost|p2a: Dragonite|atk|1
|-boost|p2a: Dragonite|spe|1
|
|upkeep
|turn|22
|inactive|Joeyfish123 has 120 seconds left.
|
|t:|1778502417
|switch|p2a: Hatthew|Hatterene, F, shiny|100/100
|-damage|p2a: Hatthew|88/100|[from] Stealth Rock
|move|p1a: Landorus|Outrage|p2a: Hatthew|[from] lockedmove
|-immune|p2a: Hatthew
|-start|p1a: Landorus|confusion|[fatigue]
|
|upkeep
|turn|23
|inactive|Joeyfish123 has 120 seconds left.
|
|t:|1778502427
|switch|p1a: Hydrapple|Hydrapple, F|35/100
|move|p2a: Hatthew|Psychic|p1a: Hydrapple
|-damage|p1a: Hydrapple|0 fnt
|faint|p1a: Hydrapple
|
|upkeep
|inactive|Joeyfish123 has 120 seconds left.
|
|t:|1778502438
|switch|p1a: Volcarona|Volcarona, F|100/100
|turn|24
|
|t:|1778502442
|switch|p2a: Flat fvck friday|Skeledirge, M|84/100
|move|p1a: Volcarona|Quiver Dance|p1a: Volcarona
|-boost|p1a: Volcarona|spa|1
|-boost|p1a: Volcarona|spd|1
|-boost|p1a: Volcarona|spe|1
|
|upkeep
|turn|25
|inactive|Joeyfish123 has 120 seconds left.
|
|t:|1778502463
|switch|p1a: Golduck|Golduck, M|67/100
|-ability|p1a: Golduck|Cloud Nine
|move|p2a: Flat fvck friday|Torch Song|p1a: Golduck
|-resisted|p1a: Golduck
|-damage|p1a: Golduck|51/100
|-boost|p2a: Flat fvck friday|spa|1
|
|upkeep
|turn|26
|inactive|Joeyfish123 has 120 seconds left.
|
|t:|1778502490
|switch|p2a: Dragonite|Dragonite, F|49/100
|move|p1a: Golduck|Knock Off|p2a: Dragonite
|-damage|p2a: Dragonite|28/100
|-enditem|p2a: Dragonite|Heavy-Duty Boots|[from] move: Knock Off|[of] p1a: Golduck
|
|upkeep
|turn|27
|inactive|Joeyfish123 has 120 seconds left.
|
|t:|1778502498
|switch|p1a: Landorus|Landorus-Therian, M, shiny|76/100
|-ability|p1a: Landorus|Intimidate|boost
|-unboost|p2a: Dragonite|atk|1
|move|p2a: Dragonite|Roost|p2a: Dragonite
|-heal|p2a: Dragonite|78/100
|-singleturn|p2a: Dragonite|move: Roost
|
|upkeep
|turn|28
|inactive|Joeyfish123 has 120 seconds left.
|inactive|Bomphante has 120 seconds left.
|
|t:|1778502538
|move|p1a: Landorus|U-turn|p2a: Dragonite
|-resisted|p2a: Dragonite
|-crit|p2a: Dragonite
|-damage|p2a: Dragonite|57/100
|
|t:|1778502547
|switch|p1a: Great Tusk|Great Tusk|24/100|[from] U-turn
|move|p2a: Dragonite|Roost|p2a: Dragonite
|-heal|p2a: Dragonite|100/100
|-singleturn|p2a: Dragonite|move: Roost
|
|upkeep
|turn|29
|inactive|Joeyfish123 has 120 seconds left.
|inactive|Bomphante has 120 seconds left.
|inactive|Bomphante has 90 seconds left.
|
|t:|1778502605
|-terastallize|p2a: Dragonite|Normal
|move|p1a: Great Tusk|Ice Spinner|p2a: Dragonite
|-damage|p2a: Dragonite|86/100
|move|p2a: Dragonite|Dragon Dance|p2a: Dragonite
|-boost|p2a: Dragonite|atk|1
|-boost|p2a: Dragonite|spe|1
|
|upkeep
|turn|30
|inactive|Joeyfish123 has 120 seconds left.
|
|t:|1778502617
|-end|p1a: Great Tusk|Protosynthesis|[silent]
|switch|p1a: Landorus|Landorus-Therian, M, shiny|76/100
|-ability|p1a: Landorus|Intimidate|boost
|-unboost|p2a: Dragonite|atk|1
|move|p2a: Dragonite|Extreme Speed|p1a: Landorus
|-damage|p1a: Landorus|42/100
|
|upkeep
|turn|31
|inactive|Bomphante has 60 seconds left.
|
|t:|1778502656
|move|p2a: Dragonite|Extreme Speed|p1a: Landorus
|-damage|p1a: Landorus|8/100
|move|p1a: Landorus|Outrage|p2a: Dragonite
|-damage|p2a: Dragonite|37/100
|
|upkeep
|turn|32
|
|t:|1778502664
|switch|p2a: Hatthew|Hatterene, F, shiny|88/100
|-damage|p2a: Hatthew|76/100|[from] Stealth Rock
|move|p1a: Landorus|Outrage|p2a: Hatthew|[from] lockedmove
|-immune|p2a: Hatthew
|-start|p1a: Landorus|confusion|[fatigue]
|
|upkeep
|turn|33
|
|t:|1778502679
|switch|p1a: Gholdengo|Gholdengo|87/100
|move|p2a: Hatthew|Trick Room|p2a: Hatthew
|-fieldstart|move: Trick Room|[of] p2a: Hatthew
|
|upkeep
|turn|34
|
|t:|1778502689
|switch|p2a: Cocaine Bear|Ursaluna, M|69/100 brn
|-damage|p2a: Cocaine Bear|63/100 brn|[from] Stealth Rock
|move|p1a: Gholdengo|Nasty Plot|p1a: Gholdengo
|-boost|p1a: Gholdengo|spa|2
|
|-damage|p2a: Cocaine Bear|57/100 brn|[from] brn
|upkeep
|turn|35
|inactive|Joeyfish123 has 120 seconds left.
|
|t:|1778502716
|switch|p1a: Landorus|Landorus-Therian, M, shiny|8/100
|-ability|p1a: Landorus|Intimidate|boost
|-unboost|p2a: Cocaine Bear|atk|1
|move|p2a: Cocaine Bear|Earthquake|p1a: Landorus
|-immune|p1a: Landorus
|
|-damage|p2a: Cocaine Bear|51/100 brn|[from] brn
|upkeep
|turn|36
|inactive|Joeyfish123 has 120 seconds left.
|
|t:|1778502732
|switch|p1a: Great Tusk|Great Tusk|24/100
|move|p2a: Cocaine Bear|Facade|p1a: Great Tusk
|-damage|p1a: Great Tusk|0 fnt
|faint|p1a: Great Tusk
|-end|p1a: Great Tusk|Protosynthesis|[silent]
|
|-damage|p2a: Cocaine Bear|45/100 brn|[from] brn
|upkeep
|
|t:|1778502746
|switch|p1a: Landorus|Landorus-Therian, M, shiny|8/100
|-ability|p1a: Landorus|Intimidate|boost
|-unboost|p2a: Cocaine Bear|atk|1
|turn|37
|
|t:|1778502757
|switch|p1a: Golduck|Golduck, M|51/100
|-ability|p1a: Golduck|Cloud Nine
|move|p2a: Cocaine Bear|Fire Punch|p1a: Golduck
|-resisted|p1a: Golduck
|-damage|p1a: Golduck|38/100
|
|-damage|p2a: Cocaine Bear|39/100 brn|[from] brn
|-fieldend|move: Trick Room
|upkeep
|turn|38
|
|t:|1778502775
|switch|p2a: Dragonite|Dragonite, F, tera:Normal|37/100
|-damage|p2a: Dragonite|25/100|[from] Stealth Rock
|move|p1a: Golduck|Hydro Pump|p2a: Dragonite
|-damage|p2a: Dragonite|0 fnt
|faint|p2a: Dragonite
|
|upkeep
|
|t:|1778502778
|switch|p2a: Hatthew|Hatterene, F, shiny|76/100
|-damage|p2a: Hatthew|64/100|[from] Stealth Rock
|turn|39
|
|t:|1778502799
|move|p1a: Golduck|Flip Turn|p2a: Hatthew
|-damage|p2a: Hatthew|45/100
|
|t:|1778502802
|switch|p1a: Volcarona|Volcarona, F|100/100|[from] Flip Turn
|move|p2a: Hatthew|Trick Room|p2a: Hatthew
|-fieldstart|move: Trick Room|[of] p2a: Hatthew
|
|upkeep
|turn|40
|
|t:|1778502813
|switch|p2a: Flat fvck friday|Skeledirge, M|84/100
|move|p1a: Volcarona|Fiery Dance|p2a: Flat fvck friday
|-resisted|p2a: Flat fvck friday
|-damage|p2a: Flat fvck friday|66/100
|
|upkeep
|turn|41
|
|t:|1778502821
|switch|p1a: Gholdengo|Gholdengo|87/100
|move|p2a: Flat fvck friday|Torch Song|p1a: Gholdengo
|-supereffective|p1a: Gholdengo
|-damage|p1a: Gholdengo|5/100
|-boost|p2a: Flat fvck friday|spa|1
|
|upkeep
|turn|42
|
|t:|1778502837
|move|p2a: Flat fvck friday|Torch Song|p1a: Gholdengo
|-supereffective|p1a: Gholdengo
|-damage|p1a: Gholdengo|0 fnt
|-boost|p2a: Flat fvck friday|spa|1
|faint|p1a: Gholdengo
|
|upkeep
|
|t:|1778502843
|switch|p1a: Golduck|Golduck, M|38/100
|-ability|p1a: Golduck|Cloud Nine
|turn|43
|
|t:|1778502847
|move|p2a: Flat fvck friday|Alluring Voice|p1a: Golduck
|-damage|p1a: Golduck|0 fnt
|faint|p1a: Golduck
|
|-fieldend|move: Trick Room
|upkeep
|
|t:|1778502855
|switch|p1a: Landorus|Landorus-Therian, M, shiny|8/100
|-ability|p1a: Landorus|Intimidate|boost
|-unboost|p2a: Flat fvck friday|atk|1
|turn|44
|inactive|Joeyfish123 has 120 seconds left.
|
|t:|1778502863
|switch|p2a: Hatthew|Hatterene, F, shiny|45/100
|-damage|p2a: Hatthew|33/100|[from] Stealth Rock
|move|p1a: Landorus|Earthquake|p2a: Hatthew
|-damage|p2a: Hatthew|0 fnt
|faint|p2a: Hatthew
|
|upkeep
|
|t:|1778502865
|switch|p2a: Cocaine Bear|Ursaluna, M|39/100 brn
|-damage|p2a: Cocaine Bear|33/100 brn|[from] Stealth Rock
|turn|45
|
|t:|1778502876
|move|p1a: Landorus|Earthquake|p2a: Cocaine Bear
|-damage|p2a: Cocaine Bear|0 fnt
|faint|p2a: Cocaine Bear
|
|upkeep
|
|t:|1778502878
|switch|p2a: Flat fvck friday|Skeledirge, M|66/100
|turn|46
|
|t:|1778502885
|move|p1a: Landorus|Earthquake|p2a: Flat fvck friday
|-supereffective|p2a: Flat fvck friday
|-damage|p2a: Flat fvck friday|0 fnt
|faint|p2a: Flat fvck friday
|
|win|Joeyfish123
|raw|Joeyfish123's rating: 1114 &rarr; <strong>1139</strong><br />(+25 for winning)
|raw|Bomphante's rating: 1109 &rarr; <strong>1084</strong><br />(-25 for losing)
|l|☆Bomphante
|player|p2|
|c|☆Joeyfish123|Gg
|l|☆Joeyfish123
|player|p1|
