|html|<div class="broadcast-blue"><strong>[Gen 9] OU is currently suspecting Tera Blast! For information on how to participate check out the <a href="https://www.smogon.com/tools/suspects/view/200">suspect thread</a>.</strong></div>
|j|☆xueshang
|j|☆magistermilitum420
|t:|1776211093
|gametype|singles
|player|p1|xueshang|skierf|1311
|player|p2|magistermilitum420|blue|1289
|gen|9
|tier|[Gen 9] OU
|rated|
|rule|HP Percentage Mod: HP is shown in percentages
|rule|Endless Battle Clause: Forcing endless battles is banned
|rule|Species Clause: Limit one of each Pokémon
|rule|OHKO Clause: OHKO moves are banned
|rule|Evasion Items Clause: Evasion items are banned
|rule|Evasion Moves Clause: Evasion moves are banned
|rule|Evasion Abilities Clause: Evasion abilities are banned
|rule|Sleep Moves Clause: Sleep-inducing moves are banned
|clearpoke
|poke|p1|Darkrai|
|poke|p1|Dragapult, F|
|poke|p1|Zamazenta-*|
|poke|p1|Cinderace, F|
|poke|p1|Iron Moth|
|poke|p1|Kingambit, M|
|poke|p2|Meowscarada, F|
|poke|p2|Great Tusk|
|poke|p2|Alomomola, F|
|poke|p2|Slowking-Galar, F|
|poke|p2|Iron Valiant|
|poke|p2|Heatran, M|
|teampreview
|
|t:|1776211101
|teamsize|p1|6
|teamsize|p2|6
|start
|switch|p1a: Darkrai|Darkrai|100/100
|switch|p2a: Mithridates|Slowking-Galar, F|100/100
|turn|1
|
|t:|1776211108
|switch|p2a: Barca|Great Tusk|100/100
|move|p1a: Darkrai|Dark Pulse|p2a: Barca
|-resisted|p2a: Barca
|-crit|p2a: Barca
|-damage|p2a: Barca|43/100
|-damage|p1a: Darkrai|91/100|[from] item: Life Orb
|
|-heal|p2a: Barca|49/100|[from] item: Leftovers
|upkeep
|turn|2
|
|t:|1776211131
|-end|p2a: Barca|Protosynthesis|[silent]
|switch|p2a: Mithridates|Slowking-Galar, F|100/100
|move|p1a: Darkrai|Ice Beam|p2a: Mithridates
|-damage|p2a: Mithridates|82/100
|-damage|p1a: Darkrai|81/100|[from] item: Life Orb
|
|upkeep
|turn|3
|
|t:|1776211138
|move|p1a: Darkrai|Dark Pulse|p2a: Mithridates
|-supereffective|p2a: Mithridates
|-damage|p2a: Mithridates|30/100
|-damage|p1a: Darkrai|71/100|[from] item: Life Orb
|move|p2a: Mithridates|Sludge Bomb|p1a: Darkrai
|-crit|p1a: Darkrai
|-damage|p1a: Darkrai|0 fnt
|faint|p1a: Darkrai
|
|upkeep
|
|t:|1776211147
|switch|p1a: Dragapult|Dragapult, F|100/100
|turn|4
|
|t:|1776211158
|switch|p2a: Mahad|Meowscarada, F, shiny|100/100
|move|p1a: Dragapult|U-turn|p2a: Mahad
|-supereffective|p2a: Mahad
|-damage|p2a: Mahad|0 fnt
|faint|p2a: Mahad
|-damage|p1a: Dragapult|91/100|[from] item: Life Orb
|
|t:|1776211162
|switch|p1a: Cinderace|Cinderace, F|100/100|[from] U-turn
|
|upkeep
|
|t:|1776211169
|switch|p2a: Charybdis|Alomomola, F, shiny|100/100
|turn|5
|
|t:|1776211173
|move|p1a: Cinderace|U-turn|p2a: Charybdis
|-start|p1a: Cinderace|typechange|Bug|[from] ability: Libero
|-damage|p2a: Charybdis|84/100
|-damage|p1a: Cinderace|84/100|[from] item: Rocky Helmet|[of] p2a: Charybdis
|
|t:|1776211180
|switch|p1a: Dragapult|Dragapult, F|91/100|[from] U-turn
|move|p2a: Charybdis|Scald|p1a: Dragapult
|-resisted|p1a: Dragapult
|-damage|p1a: Dragapult|81/100
|
|upkeep
|turn|6
|
|t:|1776211186
|move|p1a: Dragapult|Draco Meteor|p2a: Charybdis
|-damage|p2a: Charybdis|12/100
|-unboost|p1a: Dragapult|spa|2
|-damage|p1a: Dragapult|71/100|[from] item: Life Orb
|move|p2a: Charybdis|Scald|p1a: Dragapult
|-resisted|p1a: Dragapult
|-damage|p1a: Dragapult|62/100
|
|upkeep
|turn|7
|
|t:|1776211196
|switch|p1a: Cinderace|Cinderace, F|84/100
|switch|p2a: Mithridates|Slowking-Galar, F|63/100
|
|upkeep
|turn|8
|
|t:|1776211203
|move|p1a: Cinderace|U-turn|p2a: Mithridates
|-start|p1a: Cinderace|typechange|Bug|[from] ability: Libero
|-damage|p2a: Mithridates|28/100
|
|t:|1776211207
|switch|p1a: Dragapult|Dragapult, F|62/100|[from] U-turn
|move|p2a: Mithridates|Psychic Noise|p1a: Dragapult
|-damage|p1a: Dragapult|11/100
|-start|p1a: Dragapult|move: Heal Block
|
|upkeep
|turn|9
|
|t:|1776211219
|-terastallize|p2a: Mithridates|Fairy
|move|p1a: Dragapult|U-turn|p2a: Mithridates
|-resisted|p2a: Mithridates
|-damage|p2a: Mithridates|13/100
|-damage|p1a: Dragapult|1/100|[from] item: Life Orb
|
|t:|1776211226
|switch|p1a: Cinderace|Cinderace, F|84/100|[from] U-turn
|move|p2a: Mithridates|Psychic Noise|p1a: Cinderace
|-damage|p1a: Cinderace|30/100
|-start|p1a: Cinderace|move: Heal Block
|
|upkeep
|turn|10
|
|t:|1776211234
|switch|p2a: Charybdis|Alomomola, F, shiny|45/100
|move|p1a: Cinderace|U-turn|p2a: Charybdis
|-start|p1a: Cinderace|typechange|Bug|[from] ability: Libero
|-damage|p2a: Charybdis|28/100
|-damage|p1a: Cinderace|13/100|[from] item: Rocky Helmet|[of] p2a: Charybdis
|
|t:|1776211237
|switch|p1a: Dragapult|Dragapult, F|1/100|[from] U-turn
|
|upkeep
|turn|11
|
|t:|1776211248
|switch|p2a: Mithridates|Slowking-Galar, F, tera:Fairy|46/100
|move|p1a: Dragapult|Draco Meteor|p2a: Mithridates
|-immune|p2a: Mithridates
|
|upkeep
|turn|12
|
|t:|1776211262
|move|p1a: Dragapult|Phantom Force||[still]
|-prepare|p1a: Dragapult|Phantom Force
|move|p2a: Mithridates|Surf|p1a: Dragapult|[miss]
|-miss|p2a: Mithridates|p1a: Dragapult
|
|upkeep
|turn|13
|
|t:|1776211272
|switch|p2a: Charybdis|Alomomola, F, shiny|61/100
|move|p1a: Dragapult|Phantom Force|p2a: Charybdis|[from] lockedmove
|-damage|p2a: Charybdis|30/100
|-damage|p1a: Dragapult|0 fnt|[from] item: Rocky Helmet|[of] p2a: Charybdis
|faint|p1a: Dragapult
|
|upkeep
|
|t:|1776211278
|switch|p1a: Iron Moth|Iron Moth|100/100
|-enditem|p1a: Iron Moth|Booster Energy
|-activate|p1a: Iron Moth|ability: Quark Drive|[fromitem]
|-start|p1a: Iron Moth|quarkdrivespe
|turn|14
|
|t:|1776211283
|switch|p2a: Vulcanus|Heatran, M, shiny|100/100
|move|p1a: Iron Moth|Energy Ball|p2a: Vulcanus
|-resisted|p2a: Vulcanus
|-crit|p2a: Vulcanus
|-damage|p2a: Vulcanus|89/100
|
|upkeep
|turn|15
|
|t:|1776211293
|-end|p1a: Iron Moth|Quark Drive|[silent]
|switch|p1a: Zamazenta|Zamazenta|100/100
|-ability|p1a: Zamazenta|Dauntless Shield|boost
|-boost|p1a: Zamazenta|def|1
|move|p2a: Vulcanus|Earth Power|p1a: Zamazenta
|-damage|p1a: Zamazenta|56/100
|
|-heal|p1a: Zamazenta|62/100|[from] item: Leftovers
|upkeep
|turn|16
|
|t:|1776211305
|switch|p2a: Charybdis|Alomomola, F, shiny|63/100
|move|p1a: Zamazenta|Heavy Slam|p2a: Charybdis
|-resisted|p2a: Charybdis
|-damage|p2a: Charybdis|53/100
|-damage|p1a: Zamazenta|46/100|[from] item: Rocky Helmet|[of] p2a: Charybdis
|
|-heal|p1a: Zamazenta|52/100|[from] item: Leftovers
|upkeep
|turn|17
|
|t:|1776211312
|move|p1a: Zamazenta|Close Combat|p2a: Charybdis
|-damage|p2a: Charybdis|21/100
|-unboost|p1a: Zamazenta|def|1
|-unboost|p1a: Zamazenta|spd|1
|-damage|p1a: Zamazenta|35/100|[from] item: Rocky Helmet|[of] p2a: Charybdis
|move|p2a: Charybdis|Scald|p1a: Zamazenta
|-damage|p1a: Zamazenta|16/100
|
|-heal|p1a: Zamazenta|22/100|[from] item: Leftovers
|upkeep
|turn|18
|
|t:|1776211323
|switch|p2a: Mithridates|Slowking-Galar, F, tera:Fairy|79/100
|move|p1a: Zamazenta|Close Combat|p2a: Mithridates
|-resisted|p2a: Mithridates
|-damage|p2a: Mithridates|47/100
|-unboost|p1a: Zamazenta|def|1
|-unboost|p1a: Zamazenta|spd|1
|
|-heal|p1a: Zamazenta|28/100|[from] item: Leftovers
|upkeep
|turn|19
|
|t:|1776211333
|move|p1a: Zamazenta|Heavy Slam|p2a: Mithridates
|-supereffective|p2a: Mithridates
|-damage|p2a: Mithridates|3/100
|move|p2a: Mithridates|Psychic Noise|p1a: Zamazenta
|-supereffective|p1a: Zamazenta
|-damage|p1a: Zamazenta|0 fnt
|faint|p1a: Zamazenta
|
|upkeep
|
|t:|1776211339
|switch|p1a: Iron Moth|Iron Moth|100/100
|turn|20
|
|t:|1776211344
|switch|p2a: Vulcanus|Heatran, M, shiny|89/100
|move|p1a: Iron Moth|Energy Ball|p2a: Vulcanus
|-resisted|p2a: Vulcanus
|-damage|p2a: Vulcanus|82/100
|
|upkeep
|turn|21
|
|t:|1776211352
|move|p1a: Iron Moth|Dazzling Gleam|p2a: Vulcanus
|-resisted|p2a: Vulcanus
|-damage|p2a: Vulcanus|75/100
|move|p2a: Vulcanus|Earth Power|p1a: Iron Moth
|-supereffective|p1a: Iron Moth
|-crit|p1a: Iron Moth
|-damage|p1a: Iron Moth|0 fnt
|faint|p1a: Iron Moth
|-end|p1a: Iron Moth|Quark Drive|[silent]
|
|upkeep
|
|t:|1776211354
|switch|p1a: Cinderace|Cinderace, F|13/100
|turn|22
|
|t:|1776211362
|switch|p2a: Charybdis|Alomomola, F, shiny|54/100
|move|p1a: Cinderace|High Jump Kick|p2a: Charybdis|[miss]
|-start|p1a: Cinderace|typechange|Fighting|[from] ability: Libero
|-miss|p1a: Cinderace|p2a: Charybdis
|-damage|p1a: Cinderace|0 fnt|[from] highjumpkick
|faint|p1a: Cinderace
|
|upkeep
|-message|xueshang forfeited.
|
|win|magistermilitum420
|raw|xueshang's rating: 1311 &rarr; <strong>1290</strong><br />(-21 for losing)
|raw|magistermilitum420's rating: 1289 &rarr; <strong>1316</strong><br />(+27 for winning)
|l|☆xueshang
|player|p1|
