|html|<div class="broadcast-blue"><strong>[Gen 9] OU is currently suspecting Tera Blast! For information on how to participate check out the <a href="https://www.smogon.com/tools/suspects/view/200">suspect thread</a>.</strong></div>
|j|☆Type zero Nirvash
|j|☆icetray28
|t:|1776042743
|gametype|singles
|player|p1|Type zero Nirvash|riley|1248
|player|p2|icetray28|102|1225
|gen|9
|tier|[Gen 9] OU
|rated|
|rule|HP Percentage Mod: HP is shown in percentages
|rule|Endless Battle Clause: Forcing endless battles is banned
|rule|Species Clause: Limit one of each Pokémon
|rule|OHKO Clause: OHKO moves are banned
|rule|Evasion Items Clause: Evasion items are banned
|rule|Evasion Moves Clause: Evasion moves are banned
|rule|Evasion Abilities Clause: Evasion abilities are banned
|rule|Sleep Moves Clause: Sleep-inducing moves are banned
|clearpoke
|poke|p1|Jirachi|
|poke|p1|Lucario, M|
|poke|p1|Suicune|
|poke|p1|Goodra, F|
|poke|p1|Blaziken, M|
|poke|p1|Sylveon, F|
|poke|p2|Ninetales, F|
|poke|p2|Blaziken, F|
|poke|p2|Walking Wake|
|poke|p2|Whimsicott, F|
|poke|p2|Great Tusk|
|poke|p2|Iron Moth|
|teampreview
|inactive|Battle timer is ON: inactive players will automatically lose when time's up. (requested by icetray28)
|inactive|icetray28 has 120 seconds left.
|
|t:|1776042773
|teamsize|p1|6
|teamsize|p2|6
|start
|switch|p1a: Babe|Sylveon, F, shiny|100/100
|switch|p2a: Kokushibo|Iron Moth|100/100
|-enditem|p2a: Kokushibo|Booster Energy
|-activate|p2a: Kokushibo|ability: Quark Drive|[fromitem]
|-start|p2a: Kokushibo|quarkdrivespe
|turn|1
|
|t:|1776042780
|-terastallize|p1a: Babe|Poison
|move|p2a: Kokushibo|Fiery Dance|p1a: Babe
|-damage|p1a: Babe|73/100
|-boost|p2a: Kokushibo|spa|1
|move|p1a: Babe|Psyshock|p2a: Kokushibo
|-supereffective|p2a: Kokushibo
|-damage|p2a: Kokushibo|0 fnt
|faint|p2a: Kokushibo
|-end|p2a: Kokushibo|Quark Drive|[silent]
|
|upkeep
|
|t:|1776042787
|switch|p2a: borutodad|Ninetales, F|100/100
|-weather|SunnyDay|[from] ability: Drought|[of] p2a: borutodad
|turn|2
|
|t:|1776042793
|switch|p1a: Eureka|Suicune, shiny|100/100
|-ability|p1a: Eureka|Pressure
|move|p2a: borutodad|Scorching Sands|p1a: Eureka
|-damage|p1a: Eureka|87/100
|
|-weather|SunnyDay|[upkeep]
|-heal|p1a: Eureka|94/100|[from] item: Leftovers
|upkeep
|turn|3
|
|t:|1776042799
|switch|p2a: Treevis Scott|Whimsicott, F|100/100
|switch|p1a: Tammy|Goodra, F|100/100
|
|-weather|SunnyDay|[upkeep]
|upkeep
|turn|4
|
|t:|1776042804
|switch|p1a: The END|Jirachi, shiny|100/100
|move|p2a: Treevis Scott|Growth|p2a: Treevis Scott
|-boost|p2a: Treevis Scott|atk|2
|-boost|p2a: Treevis Scott|spa|2
|
|-weather|SunnyDay|[upkeep]
|upkeep
|turn|5
|
|t:|1776042809
|move|p2a: Treevis Scott|Shadow Ball|p1a: The END
|-supereffective|p1a: The END
|-damage|p1a: The END|0 fnt
|faint|p1a: The END
|-damage|p2a: Treevis Scott|91/100|[from] item: Life Orb
|
|-weather|SunnyDay|[upkeep]
|upkeep
|
|t:|1776042814
|switch|p1a: Babe|Sylveon, F, shiny, tera:Poison|73/100
|turn|6
|
|t:|1776042821
|-terastallize|p2a: Treevis Scott|Ghost
|move|p2a: Treevis Scott|Shadow Ball|p1a: Babe
|-damage|p1a: Babe|15/100
|-damage|p2a: Treevis Scott|81/100|[from] item: Life Orb
|move|p1a: Babe|Tera Blast|p2a: Treevis Scott|[anim] Tera Blast Poison
|-resisted|p2a: Treevis Scott
|-damage|p2a: Treevis Scott|40/100
|
|-weather|SunnyDay|[upkeep]
|upkeep
|turn|7
|
|t:|1776042834
|move|p2a: Treevis Scott|Shadow Ball|p1a: Babe
|-damage|p1a: Babe|0 fnt
|faint|p1a: Babe
|-damage|p2a: Treevis Scott|30/100|[from] item: Life Orb
|
|-weather|SunnyDay|[upkeep]
|upkeep
|
|t:|1776042836
|switch|p1a: Type Zero|Lucario, M|100/100
|turn|8
|
|t:|1776042844
|move|p1a: Type Zero|Bullet Punch|p2a: Treevis Scott
|-damage|p2a: Treevis Scott|0 fnt
|faint|p2a: Treevis Scott
|
|-weather|SunnyDay|[upkeep]
|upkeep
|
|t:|1776042848
|switch|p2a: Address Me|Great Tusk|100/100
|-activate|p2a: Address Me|ability: Protosynthesis
|-start|p2a: Address Me|protosynthesisspe
|turn|9
|
|t:|1776042852
|switch|p1a: Eureka|Suicune, shiny|94/100
|-ability|p1a: Eureka|Pressure
|move|p2a: Address Me|Headlong Rush|p1a: Eureka
|-damage|p1a: Eureka|63/100
|-unboost|p2a: Address Me|def|1
|-unboost|p2a: Address Me|spd|1
|
|-weather|none
|-end|p2a: Address Me|Protosynthesis
|-heal|p1a: Eureka|69/100|[from] item: Leftovers
|upkeep
|turn|10
|
|t:|1776042858
|-end|p2a: Address Me|Protosynthesis|[silent]
|switch|p2a: borutodad|Ninetales, F|100/100
|-weather|SunnyDay|[from] ability: Drought|[of] p2a: borutodad
|move|p1a: Eureka|Scald|p2a: borutodad
|-supereffective|p2a: borutodad
|-damage|p2a: borutodad|74/100
|
|-weather|SunnyDay|[upkeep]
|-heal|p1a: Eureka|75/100|[from] item: Leftovers
|upkeep
|turn|11
|
|t:|1776042866
|move|p2a: borutodad|Nasty Plot|p2a: borutodad
|-boost|p2a: borutodad|spa|2
|move|p1a: Eureka|Scald|p2a: borutodad
|-supereffective|p2a: borutodad
|-damage|p2a: borutodad|43/100
|
|-weather|SunnyDay|[upkeep]
|-heal|p1a: Eureka|81/100|[from] item: Leftovers
|upkeep
|turn|12
|
|t:|1776042873
|switch|p1a: Tammy|Goodra, F|100/100
|move|p2a: borutodad|Scorching Sands|p1a: Tammy
|-damage|p1a: Tammy|85/100
|-status|p1a: Tammy|brn
|
|-weather|SunnyDay|[upkeep]
|-damage|p1a: Tammy|79/100 brn|[from] brn
|upkeep
|turn|13
|
|t:|1776042878
|move|p2a: borutodad|Overheat|p1a: Tammy
|-resisted|p1a: Tammy
|-damage|p1a: Tammy|48/100 brn
|-unboost|p2a: borutodad|spa|2
|move|p1a: Tammy|Earthquake|p2a: borutodad
|-supereffective|p2a: borutodad
|-damage|p2a: borutodad|12/100
|
|-weather|SunnyDay|[upkeep]
|-damage|p1a: Tammy|42/100 brn|[from] brn
|upkeep
|turn|14
|
|t:|1776042886
|move|p2a: borutodad|Overheat|p1a: Tammy
|-resisted|p1a: Tammy
|-damage|p1a: Tammy|27/100 brn
|-unboost|p2a: borutodad|spa|2
|move|p1a: Tammy|Thunder|p2a: borutodad
|-damage|p2a: borutodad|0 fnt
|faint|p2a: borutodad
|
|-weather|SunnyDay|[upkeep]
|-damage|p1a: Tammy|20/100 brn|[from] brn
|upkeep
|
|t:|1776042893
|switch|p2a: Address Me|Great Tusk|100/100
|-activate|p2a: Address Me|ability: Protosynthesis
|-start|p2a: Address Me|protosynthesisspe
|turn|15
|
|t:|1776042897
|move|p2a: Address Me|Stealth Rock|p1a: Tammy
|-sidestart|p1: Type zero Nirvash|move: Stealth Rock
|move|p1a: Tammy|Draco Meteor|p2a: Address Me
|-damage|p2a: Address Me|11/100
|-unboost|p1a: Tammy|spa|2
|
|-weather|SunnyDay|[upkeep]
|-damage|p1a: Tammy|14/100 brn|[from] brn
|upkeep
|turn|16
|
|t:|1776042906
|move|p2a: Address Me|Ice Spinner|p1a: Tammy
|-supereffective|p1a: Tammy
|-crit|p1a: Tammy
|-damage|p1a: Tammy|0 fnt
|faint|p1a: Tammy
|
|-weather|SunnyDay|[upkeep]
|upkeep
|
|t:|1776042909
|switch|p1a: Eureka|Suicune, shiny|81/100
|-damage|p1a: Eureka|69/100|[from] Stealth Rock
|-ability|p1a: Eureka|Pressure
|turn|17
|
|t:|1776042913
|move|p2a: Address Me|Headlong Rush|p1a: Eureka
|-damage|p1a: Eureka|36/100
|-unboost|p2a: Address Me|def|1
|-unboost|p2a: Address Me|spd|1
|move|p1a: Eureka|Calm Mind|p1a: Eureka
|-boost|p1a: Eureka|spa|1
|-boost|p1a: Eureka|spd|1
|
|-weather|none
|-end|p2a: Address Me|Protosynthesis
|-heal|p1a: Eureka|43/100|[from] item: Leftovers
|upkeep
|turn|18
|
|t:|1776042919
|move|p2a: Address Me|Headlong Rush|p1a: Eureka
|-damage|p1a: Eureka|11/100
|-unboost|p2a: Address Me|def|1
|-unboost|p2a: Address Me|spd|1
|move|p1a: Eureka|Rest|p1a: Eureka
|-status|p1a: Eureka|slp|[from] move: Rest
|-heal|p1a: Eureka|100/100 slp|[silent]
|
|upkeep
|turn|19
|
|t:|1776042923
|move|p2a: Address Me|Headlong Rush|p1a: Eureka
|-damage|p1a: Eureka|71/100 slp
|-unboost|p2a: Address Me|def|1
|-unboost|p2a: Address Me|spd|1
|cant|p1a: Eureka|slp
|move|p1a: Eureka|Sleep Talk|p1a: Eureka
|move|p1a: Eureka|Scald|p2a: Address Me|[from] move: Sleep Talk
|-supereffective|p2a: Address Me
|-damage|p2a: Address Me|0 fnt
|faint|p2a: Address Me
|-end|p2a: Address Me|Protosynthesis|[silent]
|
|-heal|p1a: Eureka|77/100 slp|[from] item: Leftovers
|upkeep
|
|t:|1776042930
|switch|p2a: kenshiro|Blaziken, F|100/100
|turn|20
|
|t:|1776042934
|move|p2a: kenshiro|Protect|p2a: kenshiro
|-singleturn|p2a: kenshiro|Protect
|cant|p1a: Eureka|slp
|move|p1a: Eureka|Sleep Talk|p1a: Eureka
|move|p1a: Eureka|Scald|p2a: kenshiro|[from] move: Sleep Talk
|-activate|p2a: kenshiro|move: Protect
|
|-heal|p1a: Eureka|84/100 slp|[from] item: Leftovers
|-ability|p2a: kenshiro|Speed Boost|boost
|-boost|p2a: kenshiro|spe|1
|upkeep
|turn|21
|
|t:|1776042942
|move|p2a: kenshiro|Swords Dance|p2a: kenshiro
|-boost|p2a: kenshiro|atk|2
|-curestatus|p1a: Eureka|slp|[msg]
|move|p1a: Eureka|Scald|p2a: kenshiro
|-supereffective|p2a: kenshiro
|-damage|p2a: kenshiro|0 fnt
|faint|p2a: kenshiro
|
|-heal|p1a: Eureka|90/100|[from] item: Leftovers
|upkeep
|
|t:|1776042946
|switch|p2a: Dubya|Walking Wake|100/100
|turn|22
|
|t:|1776042953
|move|p2a: Dubya|Knock Off|p1a: Eureka
|-damage|p1a: Eureka|80/100
|-enditem|p1a: Eureka|Leftovers|[from] move: Knock Off|[of] p2a: Dubya
|move|p1a: Eureka|Calm Mind|p1a: Eureka
|-boost|p1a: Eureka|spa|1
|-boost|p1a: Eureka|spd|1
|
|upkeep
|turn|23
|
|t:|1776042956
|move|p2a: Dubya|Draco Meteor|p1a: Eureka
|-damage|p1a: Eureka|55/100
|-unboost|p2a: Dubya|spa|2
|move|p1a: Eureka|Scald|p2a: Dubya
|-resisted|p2a: Dubya
|-damage|p2a: Dubya|92/100
|-status|p2a: Dubya|brn
|
|-damage|p2a: Dubya|86/100 brn|[from] brn
|upkeep
|turn|24
|-message|icetray28 forfeited.
|
|win|Type zero Nirvash
|raw|Type zero Nirvash's rating: 1248 &rarr; <strong>1271</strong><br />(+23 for winning)
|raw|icetray28's rating: 1225 &rarr; <strong>1202</strong><br />(-23 for losing)
|l|☆icetray28
|player|p2|
|l|☆Type zero Nirvash
|player|p1|
