|html|<div class="broadcast-blue"><strong>[Gen 9] OU is currently suspecting Tera Blast! For information on how to participate check out the <a href="https://www.smogon.com/tools/suspects/view/200">suspect thread</a>.</strong></div>
|j|☆getreyal
|j|☆NeoNaruto✈️_✈️
|t:|1776112421
|gametype|singles
|player|p1|getreyal|pokemaniac-gen6|1736
|player|p2|NeoNaruto✈️_✈️|medium|1647
|gen|9
|tier|[Gen 9] OU
|rated|
|rule|HP Percentage Mod: HP is shown in percentages
|rule|Endless Battle Clause: Forcing endless battles is banned
|rule|Species Clause: Limit one of each Pokémon
|rule|OHKO Clause: OHKO moves are banned
|rule|Evasion Items Clause: Evasion items are banned
|rule|Evasion Moves Clause: Evasion moves are banned
|rule|Evasion Abilities Clause: Evasion abilities are banned
|rule|Sleep Moves Clause: Sleep-inducing moves are banned
|clearpoke
|poke|p1|Gallade, M|
|poke|p1|Garchomp, F|
|poke|p1|Meowscarada, M|
|poke|p1|Iron Hands|
|poke|p1|Corviknight, M|
|poke|p1|Cinderace, F|
|poke|p2|Tyranitar, F|
|poke|p2|Iron Moth|
|poke|p2|Staraptor, M|
|poke|p2|Garchomp, M|
|poke|p2|Torkoal, M|
|poke|p2|Dragonite, M|
|teampreview
|inactive|Battle timer is ON: inactive players will automatically lose when time's up. (requested by NeoNaruto✈️_✈️)
|
|t:|1776112430
|teamsize|p1|6
|teamsize|p2|6
|start
|switch|p1a: Meowscarada|Meowscarada, M|100/100
|switch|p2a: BLITZ SOME OPPS|Garchomp, M|100/100
|turn|1
|
|t:|1776112452
|switch|p2a: OVO CHUBBS|Torkoal, M|100/100
|-weather|SunnyDay|[from] ability: Drought|[of] p2a: OVO CHUBBS
|move|p1a: Meowscarada|Triple Axel|p2a: OVO CHUBBS
|-start|p1a: Meowscarada|typechange|Ice|[from] ability: Protean
|-resisted|p2a: OVO CHUBBS
|-damage|p2a: OVO CHUBBS|96/100
|-hitcount|p2a: OVO CHUBBS|1
|
|-weather|SunnyDay|[upkeep]
|upkeep
|turn|2
|
|t:|1776112458
|switch|p1a: Cinderace|Cinderace, F, shiny|100/100
|move|p2a: OVO CHUBBS|Will-O-Wisp|p1a: Cinderace
|-immune|p1a: Cinderace
|
|-weather|SunnyDay|[upkeep]
|upkeep
|turn|3
|
|t:|1776112463
|move|p1a: Cinderace|Pyro Ball|p2a: OVO CHUBBS
|-resisted|p2a: OVO CHUBBS
|-damage|p2a: OVO CHUBBS|72/100
|move|p2a: OVO CHUBBS|Lava Plume|p1a: Cinderace
|-resisted|p1a: Cinderace
|-damage|p1a: Cinderace|73/100
|
|-weather|SunnyDay|[upkeep]
|upkeep
|turn|4
|
|t:|1776112466
|move|p1a: Cinderace|Pyro Ball|p2a: OVO CHUBBS
|-resisted|p2a: OVO CHUBBS
|-damage|p2a: OVO CHUBBS|49/100
|move|p2a: OVO CHUBBS|Lava Plume|p1a: Cinderace
|-resisted|p1a: Cinderace
|-damage|p1a: Cinderace|47/100
|
|-weather|SunnyDay|[upkeep]
|upkeep
|turn|5
|
|t:|1776112479
|move|p1a: Cinderace|Pyro Ball|p2a: OVO CHUBBS
|-resisted|p2a: OVO CHUBBS
|-damage|p2a: OVO CHUBBS|25/100
|move|p2a: OVO CHUBBS|Lava Plume|p1a: Cinderace
|-resisted|p1a: Cinderace
|-damage|p1a: Cinderace|19/100
|
|-weather|none
|upkeep
|turn|6
|
|t:|1776112482
|move|p1a: Cinderace|U-turn|p2a: OVO CHUBBS
|-start|p1a: Cinderace|typechange|Bug|[from] ability: Libero
|-resisted|p2a: OVO CHUBBS
|-damage|p2a: OVO CHUBBS|15/100
|
|t:|1776112483
|switch|p1a: Garchomp|Garchomp, F, shiny|100/100|[from] U-turn
|move|p2a: OVO CHUBBS|Lava Plume|p1a: Garchomp
|-resisted|p1a: Garchomp
|-damage|p1a: Garchomp|89/100
|
|-heal|p1a: Garchomp|95/100|[from] item: Leftovers
|upkeep
|turn|7
|
|t:|1776112486
|move|p1a: Garchomp|Stealth Rock|p2a: OVO CHUBBS
|-sidestart|p2: NeoNaruto✈️_✈️|move: Stealth Rock
|move|p2a: OVO CHUBBS|Will-O-Wisp|p1a: Garchomp
|-status|p1a: Garchomp|brn
|
|-heal|p1a: Garchomp|100/100 brn|[from] item: Leftovers
|-damage|p1a: Garchomp|94/100 brn|[from] brn
|upkeep
|turn|8
|
|t:|1776112489
|switch|p2a: BLITZ SOME OPPS|Garchomp, M|100/100
|-damage|p2a: BLITZ SOME OPPS|94/100|[from] Stealth Rock
|move|p1a: Garchomp|Earthquake|p2a: BLITZ SOME OPPS
|-damage|p2a: BLITZ SOME OPPS|81/100
|
|-heal|p1a: Garchomp|100/100 brn|[from] item: Leftovers
|-damage|p1a: Garchomp|94/100 brn|[from] brn
|upkeep
|turn|9
|
|t:|1776112492
|move|p2a: BLITZ SOME OPPS|Stealth Rock|p1a: Garchomp
|-sidestart|p1: getreyal|move: Stealth Rock
|move|p1a: Garchomp|Dragon Tail|p2a: BLITZ SOME OPPS
|-supereffective|p2a: BLITZ SOME OPPS
|-damage|p2a: BLITZ SOME OPPS|66/100
|-damage|p1a: Garchomp|82/100 brn|[from] ability: Rough Skin|[of] p2a: BLITZ SOME OPPS
|-damage|p1a: Garchomp|65/100 brn|[from] item: Rocky Helmet|[of] p2a: BLITZ SOME OPPS
|drag|p2a: VODECi IV|Iron Moth|100/100
|-damage|p2a: VODECi IV|76/100|[from] Stealth Rock
|
|-heal|p1a: Garchomp|71/100 brn|[from] item: Leftovers
|-damage|p1a: Garchomp|65/100 brn|[from] brn
|upkeep
|turn|10
|
|t:|1776112496
|-end|p2a: VODECi IV|Quark Drive|[silent]
|switch|p2a: OVO CHUBBS|Torkoal, M|15/100
|-weather|SunnyDay|[from] ability: Drought|[of] p2a: OVO CHUBBS
|move|p1a: Garchomp|Earthquake|p2a: OVO CHUBBS
|-supereffective|p2a: OVO CHUBBS
|-damage|p2a: OVO CHUBBS|0 fnt
|faint|p2a: OVO CHUBBS
|
|-weather|SunnyDay|[upkeep]
|-heal|p1a: Garchomp|71/100 brn|[from] item: Leftovers
|-damage|p1a: Garchomp|65/100 brn|[from] brn
|upkeep
|
|t:|1776112498
|switch|p2a: BIRD JESUS|Staraptor, M, shiny|100/100
|-damage|p2a: BIRD JESUS|75/100|[from] Stealth Rock
|turn|11
|
|t:|1776112500
|move|p1a: Garchomp|Protect|p1a: Garchomp
|-singleturn|p1a: Garchomp|Protect
|move|p2a: BIRD JESUS|Brave Bird|p1a: Garchomp
|-activate|p1a: Garchomp|move: Protect
|
|-weather|SunnyDay|[upkeep]
|-heal|p1a: Garchomp|71/100 brn|[from] item: Leftovers
|-damage|p1a: Garchomp|65/100 brn|[from] brn
|upkeep
|turn|12
|
|t:|1776112513
|move|p2a: BIRD JESUS|Brave Bird|p1a: Garchomp
|-damage|p1a: Garchomp|0 fnt
|-damage|p2a: BIRD JESUS|63/100|[from] ability: Rough Skin|[of] p1a: Garchomp
|faint|p1a: Garchomp
|-damage|p2a: BIRD JESUS|34/100|[from] Recoil
|
|-weather|SunnyDay|[upkeep]
|upkeep
|
|t:|1776112520
|switch|p1a: Corviknight|Corviknight, M|100/100
|-damage|p1a: Corviknight|88/100|[from] Stealth Rock
|-ability|p1a: Corviknight|Pressure
|turn|13
|
|t:|1776112530
|switch|p2a: VODECi IV|Iron Moth|76/100
|-damage|p2a: VODECi IV|51/100|[from] Stealth Rock
|move|p1a: Corviknight|U-turn|p2a: VODECi IV
|-resisted|p2a: VODECi IV
|-crit|p2a: VODECi IV
|-damage|p2a: VODECi IV|41/100
|
|t:|1776112541
|switch|p1a: Cinderace|Cinderace, F, shiny|19/100|[from] U-turn
|
|-weather|SunnyDay|[upkeep]
|upkeep
|turn|14
|
|t:|1776112557
|-end|p2a: VODECi IV|Quark Drive|[silent]
|switch|p2a: BLITZ SOME OPPS|Garchomp, M|66/100
|-damage|p2a: BLITZ SOME OPPS|60/100|[from] Stealth Rock
|move|p1a: Cinderace|Pyro Ball|p2a: BLITZ SOME OPPS
|-resisted|p2a: BLITZ SOME OPPS
|-damage|p2a: BLITZ SOME OPPS|35/100
|
|-weather|none
|upkeep
|turn|15
|
|t:|1776112568
|switch|p1a: Corviknight|Corviknight, M|88/100
|-damage|p1a: Corviknight|76/100|[from] Stealth Rock
|-ability|p1a: Corviknight|Pressure
|move|p2a: BLITZ SOME OPPS|Breaking Swipe|p1a: Corviknight
|-resisted|p1a: Corviknight
|-damage|p1a: Corviknight|68/100
|-unboost|p1a: Corviknight|atk|1
|-damage|p2a: BLITZ SOME OPPS|18/100|[from] item: Rocky Helmet|[of] p1a: Corviknight
|
|upkeep
|turn|16
|
|t:|1776112573
|move|p2a: BLITZ SOME OPPS|Spikes|p1a: Corviknight
|-sidestart|p1: getreyal|Spikes
|move|p1a: Corviknight|Roost|p1a: Corviknight
|-heal|p1a: Corviknight|100/100
|-singleturn|p1a: Corviknight|move: Roost
|
|upkeep
|turn|17
|
|t:|1776112584
|move|p2a: BLITZ SOME OPPS|Rest|p2a: BLITZ SOME OPPS
|-status|p2a: BLITZ SOME OPPS|slp|[from] move: Rest
|-heal|p2a: BLITZ SOME OPPS|100/100 slp|[silent]
|move|p1a: Corviknight|U-turn|p2a: BLITZ SOME OPPS
|-damage|p2a: BLITZ SOME OPPS|95/100 slp
|-damage|p1a: Corviknight|88/100|[from] ability: Rough Skin|[of] p2a: BLITZ SOME OPPS
|-damage|p1a: Corviknight|72/100|[from] item: Rocky Helmet|[of] p2a: BLITZ SOME OPPS
|
|t:|1776112589
|switch|p1a: Cinderace|Cinderace, F, shiny|19/100|[from] U-turn
|
|upkeep
|turn|18
|
|t:|1776112608
|move|p1a: Cinderace|Court Change|p1a: Cinderace
|-start|p1a: Cinderace|typechange|Normal|[from] ability: Libero
|-swapsideconditions
|-activate|p1a: Cinderace|move: Court Change
|cant|p2a: BLITZ SOME OPPS|slp
|
|upkeep
|turn|19
|
|t:|1776112611
|switch|p1a: Meowscarada|Meowscarada, M|100/100
|-damage|p1a: Meowscarada|88/100|[from] Stealth Rock
|cant|p2a: BLITZ SOME OPPS|slp
|
|upkeep
|turn|20
|
|t:|1776112616
|switch|p2a: BIRD JESUS|Staraptor, M, shiny|34/100
|-damage|p2a: BIRD JESUS|9/100|[from] Stealth Rock
|move|p1a: Meowscarada|Triple Axel|p2a: BIRD JESUS
|-start|p1a: Meowscarada|typechange|Ice|[from] ability: Protean
|-supereffective|p2a: BIRD JESUS
|-crit|p2a: BIRD JESUS
|-damage|p2a: BIRD JESUS|0 fnt
|faint|p2a: BIRD JESUS
|-hitcount|p2: BIRD JESUS|1
|
|upkeep
|
|t:|1776112620
|switch|p2a: FAT CHARIZARD|Dragonite, M, shiny|100/100
|turn|21
|
|t:|1776112621
|-terastallize|p2a: FAT CHARIZARD|Fairy
|move|p1a: Meowscarada|Triple Axel|p2a: FAT CHARIZARD
|-damage|p2a: FAT CHARIZARD|93/100
|-damage|p2a: FAT CHARIZARD|64/100
|-damage|p2a: FAT CHARIZARD|17/100
|-hitcount|p2a: FAT CHARIZARD|3
|move|p2a: FAT CHARIZARD|Dragon Dance|p2a: FAT CHARIZARD
|-boost|p2a: FAT CHARIZARD|atk|1
|-boost|p2a: FAT CHARIZARD|spe|1
|
|upkeep
|turn|22
|
|t:|1776112632
|switch|p1a: Corviknight|Corviknight, M|72/100
|-damage|p1a: Corviknight|59/100|[from] Stealth Rock
|-ability|p1a: Corviknight|Pressure
|move|p2a: FAT CHARIZARD|Fire Punch|p1a: Corviknight
|-supereffective|p1a: Corviknight
|-damage|p1a: Corviknight|10/100
|-damage|p2a: FAT CHARIZARD|0 fnt|[from] item: Rocky Helmet|[of] p1a: Corviknight
|faint|p2a: FAT CHARIZARD
|
|upkeep
|-message|NeoNaruto✈️_✈️ forfeited.
|
|win|getreyal
|raw|getreyal's rating: 1736 &rarr; <strong>1751</strong><br />(+15 for winning)
|raw|NeoNaruto✈️_✈️'s rating: 1647 &rarr; <strong>1632</strong><br />(-15 for losing)
|l|☆NeoNaruto✈️_✈️
|player|p2|
|l|☆getreyal
|player|p1|
