|html|<div class="broadcast-blue"><strong>[Gen 9] OU is currently suspecting Volcarona! For information on how to participate check out the <a href="https://www.smogon.com/tools/suspects/view/208">suspect thread</a>.</strong></div>
|j|☆kingteth1991
|j|☆eggyhvevo
|t:|1778515398
|gametype|singles
|player|p1|kingteth1991|265|1611
|player|p2|eggyhvevo|lillie-masters|1611
|gen|9
|tier|[Gen 9] OU
|rated|
|rule|HP Percentage Mod: HP is shown in percentages
|rule|Endless Battle Clause: Forcing endless battles is banned
|rule|Species Clause: Limit one of each Pokémon
|rule|OHKO Clause: OHKO moves are banned
|rule|Evasion Items Clause: Evasion items are banned
|rule|Evasion Moves Clause: Evasion moves are banned
|rule|Evasion Abilities Clause: Evasion abilities are banned
|rule|Sleep Moves Clause: Sleep-inducing moves are banned
|clearpoke
|poke|p1|Gliscor, M|
|poke|p1|Slowking-Galar, F|
|poke|p1|Cinderace, M|
|poke|p1|Hydrapple, F|
|poke|p1|Salazzle, F|
|poke|p1|Ceruledge, F|
|poke|p2|Slowking-Galar, F|
|poke|p2|Great Tusk|
|poke|p2|Kyurem|
|poke|p2|Kingambit, M|
|poke|p2|Cinderace, F|
|poke|p2|Zapdos|
|teampreview
|inactive|Battle timer is ON: inactive players will automatically lose when time's up. (requested by kingteth1991)
|
|t:|1778515406
|teamsize|p1|6
|teamsize|p2|6
|start
|switch|p1a: Gliscor|Gliscor, M|100/100
|switch|p2a: Kyurem|Kyurem|100/100
|-ability|p2a: Kyurem|Pressure
|turn|1
|
|t:|1778515416
|-terastallize|p1a: Gliscor|Water
|move|p1a: Gliscor|Toxic|p2a: Kyurem
|-status|p2a: Kyurem|tox
|move|p2a: Kyurem|Ice Beam|p1a: Gliscor
|-resisted|p1a: Gliscor
|-damage|p1a: Gliscor|54/100
|-status|p1a: Gliscor|frz
|
|-damage|p2a: Kyurem|94/100 tox|[from] psn
|upkeep
|turn|2
|
|t:|1778515429
|switch|p2a: Zapdos|Zapdos, shiny|100/100
|switch|p1a: Slowking|Slowking-Galar, F|100/100
|
|upkeep
|turn|3
|
|t:|1778515436
|move|p2a: Zapdos|Volt Switch|p1a: Slowking
|-damage|p1a: Slowking|86/100
|
|t:|1778515439
|switch|p2a: Kingambit|Kingambit, M|100/100|[from] Volt Switch
|move|p1a: Slowking|Sludge Bomb|p2a: Kingambit
|-immune|p2a: Kingambit
|
|upkeep
|turn|4
|
|t:|1778515445
|switch|p1a: Cinderace|Cinderace, M|100/100
|move|p2a: Kingambit|Kowtow Cleave|p1a: Cinderace
|-damage|p1a: Cinderace|22/100
|
|upkeep
|turn|5
|
|t:|1778515451
|-end|p2a: Kingambit|fallenundefined|[silent]
|switch|p2a: Zapdos|Zapdos, shiny|100/100
|move|p1a: Cinderace|Will-O-Wisp|p2a: Zapdos|[miss]
|-miss|p1a: Cinderace|p2a: Zapdos
|
|upkeep
|turn|6
|
|t:|1778515457
|switch|p1a: Slowking|Slowking-Galar, F|100/100
|move|p2a: Zapdos|Volt Switch|p1a: Slowking
|-damage|p1a: Slowking|83/100
|
|t:|1778515460
|switch|p2a: Great Tusk|Great Tusk|100/100|[from] Volt Switch
|
|upkeep
|turn|7
|
|t:|1778515477
|switch|p1a: Hydrapple|Hydrapple, F|100/100
|move|p2a: Great Tusk|Headlong Rush|p1a: Hydrapple
|-resisted|p1a: Hydrapple
|-damage|p1a: Hydrapple|75/100
|-unboost|p2a: Great Tusk|def|1
|-unboost|p2a: Great Tusk|spd|1
|
|upkeep
|turn|8
|
|t:|1778515485
|-end|p2a: Great Tusk|Protosynthesis|[silent]
|switch|p2a: Slowking|Slowking-Galar, F|100/100
|move|p1a: Hydrapple|Giga Drain|p2a: Slowking
|-resisted|p2a: Slowking
|-damage|p2a: Slowking|89/100
|-heal|p1a: Hydrapple|81/100|[from] drain|[of] p2a: Slowking
|
|upkeep
|turn|9
|
|t:|1778515497
|switch|p1a: Gliscor|Gliscor, M, tera:Water|54/100 frz
|move|p2a: Slowking|Sludge Bomb|p1a: Gliscor
|-damage|p1a: Gliscor|14/100 frz
|
|upkeep
|turn|10
|
|t:|1778515502
|-curestatus|p1a: Gliscor|frz|[msg]
|move|p1a: Gliscor|Protect|p1a: Gliscor
|-singleturn|p1a: Gliscor|Protect
|move|p2a: Slowking|Sludge Bomb|p1a: Gliscor
|-activate|p1a: Gliscor|move: Protect
|
|-status|p1a: Gliscor|tox|[from] item: Toxic Orb
|upkeep
|turn|11
|
|t:|1778515515
|switch|p1a: Slowking|Slowking-Galar, F|100/100
|move|p2a: Slowking|Sludge Bomb|p1a: Slowking
|-resisted|p1a: Slowking
|-damage|p1a: Slowking|92/100
|
|upkeep
|turn|12
|
|t:|1778515521
|move|p1a: Slowking|Flamethrower|p2a: Slowking
|-damage|p2a: Slowking|71/100
|move|p2a: Slowking|Future Sight|p1a: Slowking
|-start|p2a: Slowking|move: Future Sight
|
|upkeep
|turn|13
|
|t:|1778515524
|move|p1a: Slowking|Future Sight|p2a: Slowking
|-start|p1a: Slowking|move: Future Sight
|-prepare|p2a: Slowking|Chilly Reception|[premajor]
|move|p2a: Slowking|Chilly Reception|p2a: Slowking
|-weather|Snowscape
|
|t:|1778515531
|switch|p2a: Great Tusk|Great Tusk|100/100|[from] Chilly Reception
|
|-weather|Snowscape|[upkeep]
|upkeep
|turn|14
|
|t:|1778515547
|switch|p1a: Hydrapple|Hydrapple, F|100/100
|move|p2a: Great Tusk|Headlong Rush|p1a: Hydrapple
|-resisted|p1a: Hydrapple
|-damage|p1a: Hydrapple|77/100
|-unboost|p2a: Great Tusk|def|1
|-unboost|p2a: Great Tusk|spd|1
|
|-weather|Snowscape|[upkeep]
|-end|p1a: Hydrapple|move: Future Sight
|-damage|p1a: Hydrapple|33/100
|upkeep
|turn|15
|
|t:|1778515560
|-end|p2a: Great Tusk|Protosynthesis|[silent]
|switch|p2a: Kingambit|Kingambit, M|100/100
|move|p1a: Hydrapple|Earth Power|p2a: Kingambit
|-supereffective|p2a: Kingambit
|-damage|p2a: Kingambit|39/100
|
|-weather|Snowscape|[upkeep]
|-end|p2a: Kingambit|move: Future Sight
|-immune|p2a: Kingambit
|-heal|p2a: Kingambit|45/100|[from] item: Leftovers
|upkeep
|turn|16
|
|t:|1778515573
|switch|p1a: Salazzle|Salazzle, F|100/100
|-item|p1a: Salazzle|Air Balloon
|move|p2a: Kingambit|Kowtow Cleave|p1a: Salazzle
|-damage|p1a: Salazzle|6/100
|-enditem|p1a: Salazzle|Air Balloon
|
|-weather|Snowscape|[upkeep]
|-heal|p2a: Kingambit|51/100|[from] item: Leftovers
|upkeep
|turn|17
|
|t:|1778515585
|move|p1a: Salazzle|Toxic|p2a: Kingambit
|-status|p2a: Kingambit|tox
|move|p2a: Kingambit|Kowtow Cleave|p1a: Salazzle
|-damage|p1a: Salazzle|0 fnt
|faint|p1a: Salazzle
|
|-weather|none
|-heal|p2a: Kingambit|57/100 tox|[from] item: Leftovers
|-damage|p2a: Kingambit|51/100 tox|[from] psn
|upkeep
|
|t:|1778515591
|switch|p1a: Gliscor|Gliscor, M, tera:Water|14/100 tox
|turn|18
|
|t:|1778515597
|-end|p2a: Kingambit|fallenundefined|[silent]
|switch|p2a: Great Tusk|Great Tusk|100/100
|move|p1a: Gliscor|Earthquake|p2a: Great Tusk
|-damage|p2a: Great Tusk|78/100
|
|-heal|p1a: Gliscor|26/100 tox|[from] ability: Poison Heal
|upkeep
|turn|19
|
|t:|1778515602
|move|p1a: Gliscor|Protect|p1a: Gliscor
|-singleturn|p1a: Gliscor|Protect
|move|p2a: Great Tusk|Headlong Rush|p1a: Gliscor
|-activate|p1a: Gliscor|move: Protect
|
|-heal|p1a: Gliscor|39/100 tox|[from] ability: Poison Heal
|upkeep
|turn|20
|
|t:|1778515609
|-end|p2a: Great Tusk|Protosynthesis|[silent]
|switch|p2a: Zapdos|Zapdos, shiny|100/100
|switch|p1a: Hydrapple|Hydrapple, F|66/100
|
|upkeep
|turn|21
|
|t:|1778515622
|move|p2a: Zapdos|Volt Switch|p1a: Hydrapple
|-resisted|p1a: Hydrapple
|-damage|p1a: Hydrapple|58/100
|
|t:|1778515625
|switch|p2a: Slowking|Slowking-Galar, F|100/100|[from] Volt Switch
|move|p1a: Hydrapple|Fickle Beam|p2a: Slowking
|-damage|p2a: Slowking|75/100
|
|upkeep
|turn|22
|
|t:|1778515632
|switch|p1a: Slowking|Slowking-Galar, F|100/100
|move|p2a: Slowking|Future Sight|p1a: Slowking
|-start|p2a: Slowking|move: Future Sight
|
|upkeep
|turn|23
|
|t:|1778515637
|move|p1a: Slowking|Future Sight|p2a: Slowking
|-start|p1a: Slowking|move: Future Sight
|-prepare|p2a: Slowking|Chilly Reception|[premajor]
|move|p2a: Slowking|Chilly Reception|p2a: Slowking
|-weather|Snowscape
|
|t:|1778515641
|switch|p2a: Great Tusk|Great Tusk|78/100|[from] Chilly Reception
|
|-weather|Snowscape|[upkeep]
|upkeep
|turn|24
|
|t:|1778515646
|switch|p1a: Hydrapple|Hydrapple, F|91/100
|move|p2a: Great Tusk|Ice Spinner|p1a: Hydrapple
|-supereffective|p1a: Hydrapple
|-damage|p1a: Hydrapple|11/100
|
|-weather|Snowscape|[upkeep]
|-end|p1a: Hydrapple|move: Future Sight
|-damage|p1a: Hydrapple|0 fnt
|faint|p1a: Hydrapple
|upkeep
|
|t:|1778515656
|switch|p1a: Ceruledge|Ceruledge, F|100/100
|-item|p1a: Ceruledge|Air Balloon
|turn|25
|
|t:|1778515664
|-end|p2a: Great Tusk|Protosynthesis|[silent]
|switch|p2a: Zapdos|Zapdos, shiny|100/100
|move|p1a: Ceruledge|Bitter Blade|p2a: Zapdos
|-damage|p2a: Zapdos|65/100
|
|-weather|Snowscape|[upkeep]
|-end|p2a: Zapdos|move: Future Sight
|-damage|p2a: Zapdos|2/100
|upkeep
|turn|26
|
|t:|1778515668
|move|p1a: Ceruledge|Bitter Blade|p2a: Zapdos
|-damage|p2a: Zapdos|0 fnt
|-status|p1a: Ceruledge|par|[from] ability: Static|[of] p2a: Zapdos
|faint|p2a: Zapdos
|
|-weather|Snowscape|[upkeep]
|upkeep
|
|t:|1778515674
|switch|p2a: Kingambit|Kingambit, M|51/100 tox
|-activate|p2a: Kingambit|ability: Supreme Overlord
|-start|p2a: Kingambit|fallen1|[silent]
|turn|27
|
|t:|1778515678
|move|p2a: Kingambit|Kowtow Cleave|p1a: Ceruledge
|-supereffective|p1a: Ceruledge
|-damage|p1a: Ceruledge|0 fnt
|-enditem|p1a: Ceruledge|Air Balloon
|faint|p1a: Ceruledge
|
|-weather|none
|-heal|p2a: Kingambit|57/100 tox|[from] item: Leftovers
|-damage|p2a: Kingambit|51/100 tox|[from] psn
|upkeep
|
|t:|1778515682
|switch|p1a: Gliscor|Gliscor, M, tera:Water|39/100 tox
|turn|28
|j| flamewing_phoenix
|
|t:|1778515687
|-end|p2a: Kingambit|fallen1|[silent]
|switch|p2a: Kyurem|Kyurem|94/100 tox
|-ability|p2a: Kyurem|Pressure
|move|p1a: Gliscor|Substitute|p1a: Gliscor
|-start|p1a: Gliscor|Substitute
|-damage|p1a: Gliscor|14/100 tox
|
|-heal|p1a: Gliscor|26/100 tox|[from] ability: Poison Heal
|-damage|p2a: Kyurem|88/100 tox|[from] psn
|upkeep
|turn|29
|
|t:|1778515691
|move|p1a: Gliscor|Protect|p1a: Gliscor
|-singleturn|p1a: Gliscor|Protect
|move|p2a: Kyurem|Freeze-Dry|p1a: Gliscor
|-activate|p1a: Gliscor|move: Protect
|
|-damage|p2a: Kyurem|76/100 tox|[from] psn
|-heal|p1a: Gliscor|39/100 tox|[from] ability: Poison Heal
|upkeep
|turn|30
|
|t:|1778515697
|move|p1a: Gliscor|Earthquake|p2a: Kyurem
|-damage|p2a: Kyurem|44/100 tox
|move|p2a: Kyurem|Freeze-Dry|p1a: Gliscor
|-supereffective|p1a: Gliscor
|-end|p1a: Gliscor|Substitute
|
|-damage|p2a: Kyurem|25/100 tox|[from] psn
|-heal|p1a: Gliscor|51/100 tox|[from] ability: Poison Heal
|upkeep
|turn|31
|
|t:|1778515712
|switch|p2a: Great Tusk|Great Tusk|78/100
|move|p1a: Gliscor|Protect||[still]
|-fail|p1a: Gliscor
|
|-heal|p1a: Gliscor|63/100 tox|[from] ability: Poison Heal
|upkeep
|turn|32
|
|t:|1778515718
|move|p1a: Gliscor|Protect|p1a: Gliscor
|-singleturn|p1a: Gliscor|Protect
|move|p2a: Great Tusk|Headlong Rush|p1a: Gliscor
|-activate|p1a: Gliscor|move: Protect
|
|-heal|p1a: Gliscor|76/100 tox|[from] ability: Poison Heal
|upkeep
|turn|33
|
|t:|1778515727
|move|p2a: Great Tusk|Headlong Rush|p1a: Gliscor
|-damage|p1a: Gliscor|30/100 tox
|-unboost|p2a: Great Tusk|def|1
|-unboost|p2a: Great Tusk|spd|1
|move|p1a: Gliscor|Toxic|p2a: Great Tusk
|-status|p2a: Great Tusk|tox
|
|-damage|p2a: Great Tusk|72/100 tox|[from] psn
|-heal|p1a: Gliscor|43/100 tox|[from] ability: Poison Heal
|upkeep
|turn|34
|
|t:|1778515737
|-end|p2a: Great Tusk|Protosynthesis|[silent]
|switch|p2a: Kyurem|Kyurem|25/100 tox
|-ability|p2a: Kyurem|Pressure
|move|p1a: Gliscor|Protect||[still]
|-fail|p1a: Gliscor
|
|-heal|p1a: Gliscor|55/100 tox|[from] ability: Poison Heal
|-damage|p2a: Kyurem|19/100 tox|[from] psn
|upkeep
|turn|35
|
|t:|1778515743
|move|p1a: Gliscor|Protect|p1a: Gliscor
|-singleturn|p1a: Gliscor|Protect
|move|p2a: Kyurem|Freeze-Dry|p1a: Gliscor
|-activate|p1a: Gliscor|move: Protect
|
|-damage|p2a: Kyurem|7/100 tox|[from] psn
|-heal|p1a: Gliscor|67/100 tox|[from] ability: Poison Heal
|upkeep
|turn|36
|
|t:|1778515757
|move|p2a: Kyurem|Freeze-Dry|p1a: Gliscor
|-supereffective|p1a: Gliscor
|-damage|p1a: Gliscor|0 fnt
|faint|p1a: Gliscor
|
|-damage|p2a: Kyurem|0 fnt|[from] psn
|faint|p2a: Kyurem
|upkeep
|
|t:|1778515766
|switch|p1a: Slowking|Slowking-Galar, F|100/100
|switch|p2a: Great Tusk|Great Tusk|72/100 tox
|turn|37
|
|t:|1778515769
|move|p2a: Great Tusk|Headlong Rush|p1a: Slowking
|-supereffective|p1a: Slowking
|-damage|p1a: Slowking|0 fnt
|-unboost|p2a: Great Tusk|def|1
|-unboost|p2a: Great Tusk|spd|1
|faint|p1a: Slowking
|
|-damage|p2a: Great Tusk|66/100 tox|[from] psn
|upkeep
|
|t:|1778515775
|switch|p1a: Cinderace|Cinderace, M|22/100
|turn|38
|c|☆eggyhvevo|gg
|c|☆eggyhvevo|!showset 2
|c| eggyhvevo|/raw <div class="infobox">Great Tusk @ Choice Scarf  <br />Ability: Protosynthesis  <br />Hidden Power: Fighting  <br />Tera Type: Ice  <br />EVs: 252 Atk &#x2f; 4 SpD &#x2f; 252 Spe  <br />Jolly Nature  <br />- Headlong Rush  <br />- Close Combat  <br />- Ice Spinner  <br />- Rapid Spin  <br /><br /></div>
|
|t:|1778515797
|move|p2a: Great Tusk|Headlong Rush|p1a: Cinderace
|-supereffective|p1a: Cinderace
|-damage|p1a: Cinderace|0 fnt
|-unboost|p2a: Great Tusk|def|1
|-unboost|p2a: Great Tusk|spd|1
|faint|p1a: Cinderace
|
|win|eggyhvevo
|raw|kingteth1991's rating: 1611 &rarr; <strong>1591</strong><br />(-20 for losing)
|raw|eggyhvevo's rating: 1611 &rarr; <strong>1631</strong><br />(+20 for winning)
|l|☆kingteth1991
|player|p1|
|l|☆eggyhvevo
|player|p2|
