|html|<div class="broadcast-blue"><strong>[Gen 9] OU is currently suspecting Tera Blast! For information on how to participate check out the <a href="https://www.smogon.com/tools/suspects/view/200">suspect thread</a>.</strong></div>
|j|☆MrISaint
|j|☆xail44
|t:|1776099162
|gametype|singles
|player|p1|MrISaint|gambler|1124
|player|p2|xail44|102|1140
|gen|9
|tier|[Gen 9] OU
|rated|
|rule|HP Percentage Mod: HP is shown in percentages
|rule|Endless Battle Clause: Forcing endless battles is banned
|rule|Species Clause: Limit one of each Pokémon
|rule|OHKO Clause: OHKO moves are banned
|rule|Evasion Items Clause: Evasion items are banned
|rule|Evasion Moves Clause: Evasion moves are banned
|rule|Evasion Abilities Clause: Evasion abilities are banned
|rule|Sleep Moves Clause: Sleep-inducing moves are banned
|clearpoke
|poke|p1|Incineroar, M|
|poke|p1|Cinderace, F|
|poke|p1|Dragapult, F|
|poke|p1|Glimmora, M|
|poke|p1|Mimikyu, F|
|poke|p1|Weavile, F|
|poke|p2|Spidops, M|
|poke|p2|Cacturne, M|
|poke|p2|Scyther, F|
|poke|p2|Komala, F|
|poke|p2|Ceruledge, M|
|poke|p2|Regidrago|
|teampreview
|inactive|Battle timer is ON: inactive players will automatically lose when time's up. (requested by xail44)
|
|t:|1776099178
|teamsize|p1|6
|teamsize|p2|6
|start
|switch|p1a: Glimmora|Glimmora, M|100/100
|switch|p2a: Komala|Komala, F|100/100
|-ability|p2a: Komala|Comatose
|-item|p1a: Glimmora|Air Balloon
|turn|1
|
|t:|1776099188
|move|p2a: Komala|Swords Dance|p2a: Komala
|-boost|p2a: Komala|atk|2
|move|p1a: Glimmora|Stealth Rock|p2a: Komala
|-sidestart|p2: xail44|move: Stealth Rock
|
|upkeep
|turn|2
|
|t:|1776099202
|move|p2a: Komala|Rapid Spin|p1a: Glimmora
|-resisted|p1a: Glimmora
|-damage|p1a: Glimmora|79/100
|-boost|p2a: Komala|spe|1
|-activate|p1a: Glimmora|ability: Toxic Debris
|-sidestart|p2: xail44|move: Toxic Spikes
|-enditem|p1a: Glimmora|Air Balloon
|-sideend|p2: xail44|Toxic Spikes|[from] move: Rapid Spin|[of] p2a: Komala
|-sideend|p2: xail44|Stealth Rock|[from] move: Rapid Spin|[of] p2a: Komala
|move|p1a: Glimmora|Mortal Spin|p2a: Komala
|-damage|p2a: Komala|89/100
|
|-heal|p2a: Komala|95/100|[from] item: Leftovers
|upkeep
|turn|3
|
|t:|1776099212
|switch|p1a: Mimikyu|Mimikyu, F, shiny|100/100
|move|p2a: Komala|Earthquake|p1a: Mimikyu
|-activate|p1a: Mimikyu|ability: Disguise
|-damage|p1a: Mimikyu|100/100
|detailschange|p1a: Mimikyu|Mimikyu-Busted, F, shiny
|-damage|p1a: Mimikyu|88/100|[from] pokemon: Mimikyu-Busted
|
|-heal|p2a: Komala|100/100|[from] item: Leftovers
|upkeep
|turn|4
|
|t:|1776099224
|-terastallize|p1a: Mimikyu|Fighting
|move|p2a: Komala|Earthquake|p1a: Mimikyu
|-damage|p1a: Mimikyu|0 fnt
|faint|p1a: Mimikyu
|
|upkeep
|
|t:|1776099234
|switch|p1a: Incineroar|Incineroar, M|100/100
|-ability|p1a: Incineroar|Intimidate|boost
|-unboost|p2a: Komala|atk|1
|turn|5
|c|☆xail44|don't get the Koala mad ... he is dangerous
|
|t:|1776099245
|move|p1a: Incineroar|Fake Out|p2a: Komala
|-damage|p2a: Komala|82/100
|cant|p2a: Komala|flinch
|
|-heal|p2a: Komala|88/100|[from] item: Leftovers
|upkeep
|turn|6
|
|t:|1776099249
|move|p2a: Komala|Earthquake|p1a: Incineroar
|-supereffective|p1a: Incineroar
|-damage|p1a: Incineroar|11/100
|-enditem|p1a: Incineroar|Sitrus Berry|[eat]
|-heal|p1a: Incineroar|36/100|[from] item: Sitrus Berry
|move|p1a: Incineroar|Parting Shot|p2a: Komala
|-unboost|p2a: Komala|atk|1
|-unboost|p2a: Komala|spa|1
|
|t:|1776099260
|switch|p1a: Cinderace|Cinderace, F|100/100|[from] Parting Shot
|
|-heal|p2a: Komala|93/100|[from] item: Leftovers
|upkeep
|turn|7
|
|t:|1776099268
|move|p1a: Cinderace|High Jump Kick|p2a: Komala
|-start|p1a: Cinderace|typechange|Fighting|[from] ability: Libero
|-supereffective|p2a: Komala
|-damage|p2a: Komala|0 fnt
|faint|p2a: Komala
|
|upkeep
|
|t:|1776099277
|switch|p2a: Spidops|Spidops, M|100/100
|turn|8
|
|t:|1776099281
|move|p2a: Spidops|Silk Trap|p2a: Spidops
|-singleturn|p2a: Spidops|Protect
|move|p1a: Cinderace|U-turn|p2a: Spidops
|-activate|p2a: Spidops|move: Protect
|-unboost|p1a: Cinderace|spe|1
|
|upkeep
|turn|9
|
|t:|1776099291
|move|p1a: Cinderace|U-turn|p2a: Spidops
|-damage|p2a: Spidops|81/100
|-damage|p1a: Cinderace|84/100|[from] item: Rocky Helmet|[of] p2a: Spidops
|
|t:|1776099294
|switch|p1a: Glimmora|Glimmora, M|79/100|[from] U-turn
|move|p2a: Spidops|Knock Off|p1a: Glimmora
|-damage|p1a: Glimmora|58/100
|-activate|p1a: Glimmora|ability: Toxic Debris
|-sidestart|p2: xail44|move: Toxic Spikes
|
|upkeep
|turn|10
|
|t:|1776099313
|switch|p2a: Regidrago|Regidrago|100/100
|-status|p2a: Regidrago|psn
|move|p1a: Glimmora|Toxic||[still]
|-fail|p1a: Glimmora
|
|-damage|p2a: Regidrago|88/100 psn|[from] psn
|upkeep
|turn|11
|
|t:|1776099328
|move|p1a: Glimmora|Protect|p1a: Glimmora
|-singleturn|p1a: Glimmora|Protect
|move|p2a: Regidrago|Dragon Energy|p1a: Glimmora
|-activate|p1a: Glimmora|move: Protect
|
|-damage|p2a: Regidrago|76/100 psn|[from] psn
|upkeep
|turn|12
|
|t:|1776099340
|switch|p1a: Dragapult|Dragapult, F, shiny|100/100
|move|p2a: Regidrago|Dragon Energy|p1a: Dragapult
|-supereffective|p1a: Dragapult
|-damage|p1a: Dragapult|0 fnt
|faint|p1a: Dragapult
|
|-damage|p2a: Regidrago|63/100 psn|[from] psn
|upkeep
|
|t:|1776099354
|switch|p1a: Weavile|Weavile, F|100/100
|-ability|p1a: Weavile|Pressure
|turn|13
|
|t:|1776099364
|switch|p2a: Spidops|Spidops, M|81/100
|-status|p2a: Spidops|psn
|move|p1a: Weavile|Icicle Crash|p2a: Spidops
|-damage|p2a: Spidops|23/100 psn
|
|-damage|p2a: Spidops|11/100 psn|[from] psn
|upkeep
|turn|14
|
|t:|1776099373
|switch|p1a: Glimmora|Glimmora, M|58/100
|move|p2a: Spidops|Silk Trap||[still]
|-fail|p2a: Spidops
|
|-damage|p2a: Spidops|0 fnt|[from] psn
|faint|p2a: Spidops
|upkeep
|
|t:|1776099381
|switch|p2a: Regidrago|Regidrago|63/100 psn
|turn|15
|
|t:|1776099385
|-terastallize|p2a: Regidrago|Steel
|move|p1a: Glimmora|Protect|p1a: Glimmora
|-singleturn|p1a: Glimmora|Protect
|move|p2a: Regidrago|Tera Blast|p1a: Glimmora|[anim] Tera Blast Steel
|-activate|p1a: Glimmora|move: Protect
|
|-damage|p2a: Regidrago|51/100 psn|[from] psn
|upkeep
|turn|16
|
|t:|1776099398
|switch|p2a: Cacturne|Cacturne, M|100/100
|-status|p2a: Cacturne|psn
|move|p1a: Glimmora|Stealth Rock|p2a: Cacturne
|-sidestart|p2: xail44|move: Stealth Rock
|
|-damage|p2a: Cacturne|88/100 psn|[from] psn
|upkeep
|turn|17
|
|t:|1776099406
|move|p1a: Glimmora|Protect|p1a: Glimmora
|-singleturn|p1a: Glimmora|Protect
|move|p2a: Cacturne|Seed Bomb|p1a: Glimmora
|-activate|p1a: Glimmora|move: Protect
|
|-damage|p2a: Cacturne|76/100 psn|[from] psn
|upkeep
|turn|18
|
|t:|1776099416
|move|p2a: Cacturne|Seed Bomb|p1a: Glimmora
|-damage|p1a: Glimmora|18/100
|-activate|p1a: Glimmora|ability: Toxic Debris
|-sidestart|p2: xail44|move: Toxic Spikes
|-damage|p2a: Cacturne|66/100 psn|[from] item: Life Orb
|move|p1a: Glimmora|Mortal Spin|p2a: Cacturne
|-supereffective|p2a: Cacturne
|-damage|p2a: Cacturne|44/100 psn
|
|-damage|p2a: Cacturne|32/100 psn|[from] psn
|upkeep
|turn|19
|
|t:|1776099427
|move|p1a: Glimmora|Protect|p1a: Glimmora
|-singleturn|p1a: Glimmora|Protect
|move|p2a: Cacturne|Seed Bomb|p1a: Glimmora
|-activate|p1a: Glimmora|move: Protect
|
|-damage|p2a: Cacturne|19/100 psn|[from] psn
|upkeep
|turn|20
|
|t:|1776099436
|move|p1a: Glimmora|Mortal Spin|p2a: Cacturne
|-supereffective|p2a: Cacturne
|-damage|p2a: Cacturne|0 fnt
|faint|p2a: Cacturne
|
|upkeep
|
|t:|1776099448
|switch|p2a: Scyther|Scyther, F|100/100
|turn|21
|
|t:|1776099457
|move|p2a: Scyther|Close Combat|p1a: Glimmora
|-damage|p1a: Glimmora|0 fnt
|-unboost|p2a: Scyther|def|1
|-unboost|p2a: Scyther|spd|1
|faint|p1a: Glimmora
|
|upkeep
|
|t:|1776099460
|switch|p1a: Incineroar|Incineroar, M|36/100
|-ability|p1a: Incineroar|Intimidate|boost
|-unboost|p2a: Scyther|atk|1
|turn|22
|
|t:|1776099466
|switch|p2a: Ceruledge|Ceruledge, M|100/100
|-status|p2a: Ceruledge|tox
|-damage|p2a: Ceruledge|76/100 tox|[from] Stealth Rock
|move|p1a: Incineroar|Fake Out|p2a: Ceruledge
|-immune|p2a: Ceruledge
|
|-damage|p2a: Ceruledge|70/100 tox|[from] psn
|upkeep
|turn|23
|
|t:|1776099475
|move|p2a: Ceruledge|Brick Break|p1a: Incineroar
|-supereffective|p1a: Incineroar
|-damage|p1a: Incineroar|0 fnt
|faint|p1a: Incineroar
|
|-damage|p2a: Ceruledge|57/100 tox|[from] psn
|upkeep
|
|t:|1776099478
|switch|p1a: Cinderace|Cinderace, F|84/100
|turn|24
|
|t:|1776099487
|move|p2a: Ceruledge|Shadow Sneak|p1a: Cinderace
|-damage|p1a: Cinderace|52/100
|move|p1a: Cinderace|Pyro Ball|p2a: Ceruledge
|-start|p2a: Ceruledge|ability: Flash Fire
|
|-damage|p2a: Ceruledge|39/100 tox|[from] psn
|upkeep
|turn|25
|
|t:|1776099494
|move|p1a: Cinderace|U-turn|p2a: Ceruledge
|-start|p1a: Cinderace|typechange|Bug|[from] ability: Libero
|-resisted|p2a: Ceruledge
|-damage|p2a: Ceruledge|27/100 tox
|c|☆xail44|thx
|
|t:|1776099500
|switch|p1a: Weavile|Weavile, F|100/100|[from] U-turn
|-ability|p1a: Weavile|Pressure
|move|p2a: Ceruledge|Brick Break|p1a: Weavile
|-supereffective|p1a: Weavile
|-damage|p1a: Weavile|0 fnt
|faint|p1a: Weavile
|
|-damage|p2a: Ceruledge|2/100 tox|[from] psn
|upkeep
|
|t:|1776099502
|switch|p1a: Cinderace|Cinderace, F|52/100
|turn|26
|
|t:|1776099506
|move|p2a: Ceruledge|Shadow Sneak|p1a: Cinderace
|-damage|p1a: Cinderace|21/100
|move|p1a: Cinderace|U-turn|p2a: Ceruledge
|-start|p1a: Cinderace|typechange|Bug|[from] ability: Libero
|-resisted|p2a: Ceruledge
|-crit|p2a: Ceruledge
|-damage|p2a: Ceruledge|0 fnt
|faint|p2a: Ceruledge
|
|upkeep
|
|t:|1776099509
|switch|p2a: Regidrago|Regidrago, tera:Steel|51/100 psn
|-damage|p2a: Regidrago|45/100 psn|[from] Stealth Rock
|turn|27
|
|t:|1776099514
|move|p2a: Regidrago|Tera Blast|p1a: Cinderace|[anim] Tera Blast Steel
|-damage|p1a: Cinderace|0 fnt
|faint|p1a: Cinderace
|
|win|xail44
|raw|MrISaint's rating: 1124 &rarr; <strong>1100</strong><br />(-24 for losing)
|raw|xail44's rating: 1140 &rarr; <strong>1164</strong><br />(+24 for winning)
|l|☆MrISaint
|player|p1|
|l|☆xail44
|player|p2|
