|html|<div class="broadcast-blue"><strong>[Gen 9] OU is currently suspecting Tera Blast! For information on how to participate check out the <a href="https://www.smogon.com/tools/suspects/view/200">suspect thread</a>.</strong></div>
|j|☆jtrainer22
|j|‽rank 1 greninja
|t:|1776172841
|gametype|singles
|player|p1|jtrainer22|marshal|1409
|player|p2|rank 1 greninja|170|1388
|gen|9
|tier|[Gen 9] OU
|rated|
|rule|HP Percentage Mod: HP is shown in percentages
|rule|Endless Battle Clause: Forcing endless battles is banned
|rule|Species Clause: Limit one of each Pokémon
|rule|OHKO Clause: OHKO moves are banned
|rule|Evasion Items Clause: Evasion items are banned
|rule|Evasion Moves Clause: Evasion moves are banned
|rule|Evasion Abilities Clause: Evasion abilities are banned
|rule|Sleep Moves Clause: Sleep-inducing moves are banned
|clearpoke
|poke|p1|Hoopa-Unbound|
|poke|p1|Ting-Lu|
|poke|p1|Moltres|
|poke|p1|Dragonite, F|
|poke|p1|Great Tusk|
|poke|p1|Garganacl, F|
|poke|p2|Pelipper, F|
|poke|p2|Tornadus-Therian, M|
|poke|p2|Barraskewda, F|
|poke|p2|Iron Treads|
|poke|p2|Ogerpon-Wellspring, F|
|poke|p2|Bronzong|
|teampreview
|c|☆jtrainer22|glhf
|inactive|Battle timer is ON: inactive players will automatically lose when time's up. (requested by jtrainer22)
|inactive|rank 1 greninja also wants the timer to be on.
|
|t:|1776172856
|teamsize|p1|6
|teamsize|p2|6
|start
|switch|p1a: Hoopa|Hoopa-Unbound|100/100
|switch|p2a: Pelipper|Pelipper, F|100/100
|-weather|RainDance|[from] ability: Drizzle|[of] p2a: Pelipper
|turn|1
|
|t:|1776172862
|switch|p2a: Iron Treads|Iron Treads|100/100
|move|p1a: Hoopa|Dark Pulse|p2a: Iron Treads
|-damage|p2a: Iron Treads|59/100
|
|-weather|RainDance|[upkeep]
|upkeep
|turn|2
|
|t:|1776172873
|switch|p1a: Moltres|Moltres|100/100
|move|p2a: Iron Treads|Volt Switch|p1a: Moltres
|-supereffective|p1a: Moltres
|-damage|p1a: Moltres|77/100
|
|t:|1776172881
|-end|p2a: Iron Treads|Quark Drive|[silent]
|switch|p2a: Tornadus|Tornadus-Therian, M|100/100|[from] Volt Switch
|
|-weather|RainDance|[upkeep]
|upkeep
|turn|3
|
|t:|1776172886
|switch|p1a: Ting-Lu|Ting-Lu|100/100
|-ability|p1a: Ting-Lu|Vessel of Ruin
|move|p2a: Tornadus|Nasty Plot|p2a: Tornadus
|-boost|p2a: Tornadus|spa|2
|
|-weather|RainDance|[upkeep]
|upkeep
|turn|4
|
|t:|1776172895
|move|p2a: Tornadus|Taunt|p1a: Ting-Lu
|-start|p1a: Ting-Lu|move: Taunt
|cant|p1a: Ting-Lu|move: Taunt|Whirlwind
|
|-weather|RainDance|[upkeep]
|upkeep
|turn|5
|
|t:|1776172899
|switch|p1a: Garganacl|Garganacl, F|100/100
|move|p2a: Tornadus|Nasty Plot|p2a: Tornadus
|-boost|p2a: Tornadus|spa|2
|
|-weather|RainDance|[upkeep]
|upkeep
|turn|6
|
|t:|1776172903
|move|p2a: Tornadus|Weather Ball|p1a: Garganacl
|-supereffective|p1a: Garganacl
|-damage|p1a: Garganacl|0 fnt
|faint|p1a: Garganacl
|-damage|p2a: Tornadus|91/100|[from] item: Life Orb
|
|-weather|RainDance|[upkeep]
|upkeep
|
|t:|1776172921
|switch|p1a: Dragonite|Dragonite, F|100/100
|turn|7
|
|t:|1776172929
|move|p2a: Tornadus|Hurricane|p1a: Dragonite
|-damage|p1a: Dragonite|0 fnt
|faint|p1a: Dragonite
|-damage|p2a: Tornadus|81/100|[from] item: Life Orb
|
|-weather|RainDance|[upkeep]
|upkeep
|
|t:|1776172936
|switch|p1a: Ting-Lu|Ting-Lu|100/100
|-ability|p1a: Ting-Lu|Vessel of Ruin
|turn|8
|
|t:|1776172943
|move|p2a: Tornadus|Weather Ball|p1a: Ting-Lu
|-supereffective|p1a: Ting-Lu
|-damage|p1a: Ting-Lu|0 fnt
|faint|p1a: Ting-Lu
|-damage|p2a: Tornadus|71/100|[from] item: Life Orb
|
|-weather|none
|upkeep
|
|t:|1776172959
|switch|p1a: Hoopa|Hoopa-Unbound|100/100
|turn|9
|
|t:|1776172964
|move|p2a: Tornadus|Hurricane|p1a: Hoopa
|-damage|p1a: Hoopa|0 fnt
|faint|p1a: Hoopa
|-damage|p2a: Tornadus|62/100|[from] item: Life Orb
|
|upkeep
|-message|jtrainer22 forfeited.
|
|win|rank 1 greninja
|raw|jtrainer22's rating: 1409 &rarr; <strong>1388</strong><br />(-21 for losing)
|raw|rank 1 greninja's rating: 1388 &rarr; <strong>1409</strong><br />(+21 for winning)
|l|☆jtrainer22
|player|p1|
