|html|<div class="broadcast-blue"><strong>[Gen 9] OU is currently suspecting Tera Blast! For information on how to participate check out the <a href="https://www.smogon.com/tools/suspects/view/200">suspect thread</a>.</strong></div>
|j|☆deltarunetheanime
|j|☆owl_with_scarf
|t:|1776141737
|gametype|singles
|player|p1|deltarunetheanime|roxie|1430
|player|p2|owl_with_scarf|#owlwithscarf|1394
|gen|9
|tier|[Gen 9] OU
|rated|
|rule|HP Percentage Mod: HP is shown in percentages
|rule|Endless Battle Clause: Forcing endless battles is banned
|rule|Species Clause: Limit one of each Pokémon
|rule|OHKO Clause: OHKO moves are banned
|rule|Evasion Items Clause: Evasion items are banned
|rule|Evasion Moves Clause: Evasion moves are banned
|rule|Evasion Abilities Clause: Evasion abilities are banned
|rule|Sleep Moves Clause: Sleep-inducing moves are banned
|clearpoke
|poke|p1|Clodsire, M|
|poke|p1|Ogerpon-Wellspring, F|
|poke|p1|Zoroark-Hisui, F|
|poke|p1|Zamazenta-*|
|poke|p1|Cinderace, M|
|poke|p1|Deoxys-Speed|
|poke|p2|Indeedee, M|
|poke|p2|Deoxys-Speed|
|poke|p2|Armarouge, M|
|poke|p2|Polteageist|
|poke|p2|Hatterene, F|
|poke|p2|Cinderace, M|
|teampreview
|inactive|Battle timer is ON: inactive players will automatically lose when time's up. (requested by owl_with_scarf)
|
|t:|1776141741
|teamsize|p1|6
|teamsize|p2|6
|start
|switch|p1a: Clodsire|Clodsire, M|100/100
|switch|p2a: Indeedee|Indeedee, M|100/100
|-item|p1a: Clodsire|Air Balloon
|-fieldstart|move: Psychic Terrain|[from] ability: Psychic Surge|[of] p2a: Indeedee
|turn|1
|
|t:|1776141763
|move|p1a: Clodsire|Detect|p1a: Clodsire
|-singleturn|p1a: Clodsire|Protect
|move|p2a: Indeedee|Expanding Force|p1a: Clodsire
|-activate|p1a: Clodsire|move: Protect
|
|upkeep
|turn|2
|
|t:|1776141767
|switch|p1a: Deoxys|Deoxys-Speed|100/100
|-ability|p1a: Deoxys|Pressure
|move|p2a: Indeedee|Expanding Force|p1a: Deoxys
|-resisted|p1a: Deoxys
|-damage|p1a: Deoxys|53/100
|
|upkeep
|turn|3
|
|t:|1776141775
|switch|p2a: Hatterene|Hatterene, F|100/100
|move|p1a: Deoxys|Protect||[still]
|-fail|p1a: Deoxys
|
|upkeep
|turn|4
|
|t:|1776141781
|move|p1a: Deoxys|Protect|p1a: Deoxys
|-singleturn|p1a: Deoxys|Protect
|move|p2a: Hatterene|Nuzzle|p1a: Deoxys
|-activate|p1a: Deoxys|move: Protect
|
|upkeep
|turn|5
|
|t:|1776141790
|switch|p1a: Clodsire|Clodsire, M|100/100
|move|p2a: Hatterene|Nuzzle|p1a: Clodsire
|-immune|p1a: Clodsire
|
|upkeep
|turn|6
|j| JxstMugen
|
|t:|1776141800
|switch|p1a: Cinderace|Cinderace, M|100/100
|move|p2a: Hatterene|Expanding Force|p1a: Cinderace
|-damage|p1a: Cinderace|0 fnt
|faint|p1a: Cinderace
|
|upkeep
|
|t:|1776141803
|switch|p1a: Ogerpon|Ogerpon-Wellspring, F|100/100
|turn|7
|
|t:|1776141813
|-terastallize|p1a: Ogerpon|Water
|detailschange|p1a: Ogerpon|Ogerpon-Wellspring-Tera, F, tera:Water
|-ability|p1a: Ogerpon|Embody Aspect (Wellspring)|boost
|-boost|p1a: Ogerpon|spd|1
|move|p1a: Ogerpon|Ivy Cudgel|p2a: Hatterene|[anim] Ivy Cudgel Water
|-damage|p2a: Hatterene|9/100
|-enditem|p2a: Hatterene|Eject Button
|
|t:|1776141822
|switch|p2a: Armarouge|Armarouge, M|100/100
|
|upkeep
|turn|8
|
|t:|1776141825
|move|p2a: Armarouge|Endure|p2a: Armarouge
|-singleturn|p2a: Armarouge|move: Endure
|move|p1a: Ogerpon|Ivy Cudgel|p2a: Armarouge|[anim] Ivy Cudgel Water
|-supereffective|p2a: Armarouge
|-activate|p2a: Armarouge|move: Endure
|-damage|p2a: Armarouge|1/100
|-ability|p2a: Armarouge|Weak Armor|boost
|-unboost|p2a: Armarouge|def|1
|-boost|p2a: Armarouge|spe|2
|-enditem|p2a: Armarouge|Weakness Policy
|-boost|p2a: Armarouge|atk|2|[from] item: Weakness Policy
|-boost|p2a: Armarouge|spa|2|[from] item: Weakness Policy
|
|-fieldend|move: Psychic Terrain
|upkeep
|turn|9
|
|t:|1776141834
|switch|p1a: Deoxys|Deoxys-Speed|53/100
|-ability|p1a: Deoxys|Pressure
|move|p2a: Armarouge|Expanding Force|p1a: Deoxys
|-resisted|p1a: Deoxys
|-damage|p1a: Deoxys|0 fnt
|faint|p1a: Deoxys
|
|upkeep
|
|t:|1776141836
|switch|p1a: Ogerpon|Ogerpon-Wellspring-Tera, F|100/100
|-item|p1a: Ogerpon|Air Balloon
|-start|p1a: Ogerpon|typechange|Water|[silent]
|turn|10
|
|t:|1776141838
|move|p1a: Ogerpon|Shadow Sneak|p2a: Armarouge
|-supereffective|p2a: Armarouge
|-damage|p2a: Armarouge|0 fnt
|faint|p2a: Armarouge
|
|upkeep
|
|t:|1776141846
|switch|p2a: Indeedee|Indeedee, M|100/100
|-fieldstart|move: Psychic Terrain|[from] ability: Psychic Surge|[of] p2a: Indeedee
|turn|11
|
|t:|1776141853
|switch|p2a: Hatterene|Hatterene, F|9/100
|move|p1a: Ogerpon|Detect||[still]
|-fail|p1a: Ogerpon
|
|upkeep
|turn|12
|
|t:|1776141855
|move|p1a: Ogerpon|Hex|p2a: Hatterene
|-supereffective|p2a: Hatterene
|-damage|p2a: Hatterene|0 fnt
|faint|p2a: Hatterene
|
|upkeep
|
|t:|1776141858
|switch|p2a: Deoxys|Deoxys-Speed|100/100
|-ability|p2a: Deoxys|Pressure
|turn|13
|
|t:|1776141863
|move|p1a: Ogerpon|Detect|p1a: Ogerpon
|-singleturn|p1a: Ogerpon|Protect
|move|p2a: Deoxys|Nasty Plot|p2a: Deoxys
|-boost|p2a: Deoxys|spa|2
|
|upkeep
|turn|14
|
|t:|1776141882
|switch|p1a: Clodsire|Clodsire, M|100/100
|move|p2a: Deoxys|Expanding Force|p1a: Clodsire
|-supereffective|p1a: Clodsire
|-damage|p1a: Clodsire|28/100
|
|-heal|p1a: Clodsire|34/100|[from] item: Leftovers
|upkeep
|turn|15
|
|t:|1776141885
|move|p2a: Deoxys|Expanding Force|p1a: Clodsire
|-supereffective|p1a: Clodsire
|-damage|p1a: Clodsire|0 fnt
|faint|p1a: Clodsire
|
|upkeep
|
|t:|1776141887
|switch|p1a: Ogerpon|Ogerpon-Wellspring-Tera, F, tera:Water|100/100
|-ability|p1a: Ogerpon|Embody Aspect (Wellspring)|boost
|-boost|p1a: Ogerpon|spd|1
|turn|16
|
|t:|1776141894
|move|p2a: Deoxys|Thunderbolt|p1a: Ogerpon
|-supereffective|p1a: Ogerpon
|-damage|p1a: Ogerpon|17/100
|move|p1a: Ogerpon|Ivy Cudgel|p2a: Deoxys|[anim] Ivy Cudgel Water
|-enditem|p2a: Deoxys|Focus Sash
|-damage|p2a: Deoxys|1/100
|
|upkeep
|turn|17
|
|t:|1776141899
|move|p2a: Deoxys|Expanding Force|p1a: Ogerpon
|-damage|p1a: Ogerpon|0 fnt
|faint|p1a: Ogerpon
|detailschange|p1: Ogerpon|Ogerpon-Wellspring, F|[silent]
|
|upkeep
|
|t:|1776141901
|switch|p1a: Zamazenta|Zamazenta|100/100
|-item|p1a: Zamazenta|Air Balloon
|turn|18
|
|t:|1776141909
|move|p1a: Zamazenta|Detect|p1a: Zamazenta
|-singleturn|p1a: Zamazenta|Protect
|move|p2a: Deoxys|Expanding Force|p1a: Zamazenta
|-activate|p1a: Zamazenta|move: Protect
|
|-fieldend|move: Psychic Terrain
|upkeep
|turn|19
|
|t:|1776141914
|switch|p1a: Zamazenta|Zamazenta|100/100
|-ability|p1a: Zamazenta|Dauntless Shield|boost
|-boost|p1a: Zamazenta|def|1
|move|p2a: Deoxys|Expanding Force|p1a: Zamazenta
|-supereffective|p1a: Zamazenta
|-damage|p1a: Zamazenta|20/100
|
|upkeep
|turn|20
|
|t:|1776141919
|move|p2a: Deoxys|Thunderbolt|p1a: Zamazenta
|-damage|p1a: Zamazenta|0 fnt
|faint|p1a: Zamazenta
|
|upkeep
|
|t:|1776141921
|switch|p1a: Zoroark|Zoroark-Hisui, F, shiny|100/100
|-item|p1a: Zoroark|Air Balloon
|turn|21
|
|t:|1776141923
|switch|p2a: Indeedee|Indeedee, M|100/100
|-fieldstart|move: Psychic Terrain|[from] ability: Psychic Surge|[of] p2a: Indeedee
|move|p1a: Zoroark|Shadow Sneak|p2a: Indeedee
|-activate|p2a: Indeedee|move: Psychic Terrain
|
|upkeep
|turn|22
|-message|deltarunetheanime forfeited.
|
|win|owl_with_scarf
|raw|deltarunetheanime's rating: 1430 &rarr; <strong>1408</strong><br />(-22 for losing)
|raw|owl_with_scarf's rating: 1393 &rarr; <strong>1415</strong><br />(+22 for winning)
|l|☆deltarunetheanime
|player|p1|
