|html|<div class="broadcast-blue"><strong>[Gen 9] OU is currently suspecting Tera Blast! For information on how to participate check out the <a href="https://www.smogon.com/tools/suspects/view/200">suspect thread</a>.</strong></div>
|j|☆Sushi4928
|j|☆kopv18
|t:|1776189108
|gametype|singles
|player|p1|Sushi4928|169|1574
|player|p2|kopv18|bugcatcher-gen4dp|1585
|gen|9
|tier|[Gen 9] OU
|rated|
|rule|HP Percentage Mod: HP is shown in percentages
|rule|Endless Battle Clause: Forcing endless battles is banned
|rule|Species Clause: Limit one of each Pokémon
|rule|OHKO Clause: OHKO moves are banned
|rule|Evasion Items Clause: Evasion items are banned
|rule|Evasion Moves Clause: Evasion moves are banned
|rule|Evasion Abilities Clause: Evasion abilities are banned
|rule|Sleep Moves Clause: Sleep-inducing moves are banned
|clearpoke
|poke|p1|Ninetales, F|
|poke|p1|Cresselia, F|
|poke|p1|Raging Bolt|
|poke|p1|Iron Moth|
|poke|p1|Great Tusk|
|poke|p1|Walking Wake|
|poke|p2|Tyranitar, M|
|poke|p2|Kingambit, F|
|poke|p2|Excadrill, M|
|poke|p2|Chimecho, F|
|poke|p2|Cinderace, F|
|poke|p2|Hydrapple, F|
|teampreview
|inactive|Battle timer is ON: inactive players will automatically lose when time's up. (requested by Sushi4928)
|
|t:|1776189117
|teamsize|p1|6
|teamsize|p2|6
|start
|switch|p1a: Great Tusk|Great Tusk|100/100
|switch|p2a: Hydrapple|Hydrapple, F|100/100
|turn|1
|
|t:|1776189127
|-end|p1a: Great Tusk|Protosynthesis|[silent]
|switch|p1a: Cresselia|Cresselia, F|100/100
|switch|p2a: Chimecho|Chimecho, F|100/100
|
|upkeep
|turn|2
|
|t:|1776189132
|move|p1a: Cresselia|Thunder Wave|p2a: Chimecho
|-status|p2a: Chimecho|par
|move|p2a: Chimecho|Future Sight|p1a: Cresselia
|-start|p2a: Chimecho|move: Future Sight
|
|upkeep
|turn|3
|
|t:|1776189136
|switch|p2a: Tyranitar|Tyranitar, M|100/100
|-weather|Sandstorm|[from] ability: Sand Stream|[of] p2a: Tyranitar
|move|p1a: Cresselia|Ice Beam|p2a: Tyranitar
|-damage|p2a: Tyranitar|90/100
|
|-weather|Sandstorm|[upkeep]
|-damage|p1a: Cresselia|94/100|[from] Sandstorm
|upkeep
|turn|4
|
|t:|1776189141
|move|p2a: Tyranitar|Knock Off|p1a: Cresselia
|-supereffective|p1a: Cresselia
|-damage|p1a: Cresselia|5/100
|-enditem|p1a: Cresselia|Eject Button|[from] move: Knock Off|[of] p2a: Tyranitar
|move|p1a: Cresselia|Ice Beam|p2a: Tyranitar
|-damage|p2a: Tyranitar|78/100
|
|-weather|Sandstorm|[upkeep]
|-damage|p1a: Cresselia|0 fnt|[from] Sandstorm
|faint|p1a: Cresselia
|-hint|Future Sight did not hit because the target is fainted.
|upkeep
|
|t:|1776189148
|switch|p1a: Great Tusk|Great Tusk|100/100
|turn|5
|
|t:|1776189154
|switch|p2a: Chimecho|Chimecho, F|100/100 par
|move|p1a: Great Tusk|Stealth Rock|p2a: Chimecho
|-sidestart|p2: kopv18|move: Stealth Rock
|
|-weather|Sandstorm|[upkeep]
|-damage|p2a: Chimecho|94/100 par|[from] Sandstorm
|-heal|p2a: Chimecho|100/100 par|[from] item: Leftovers
|upkeep
|turn|6
|
|t:|1776189161
|-end|p1a: Great Tusk|Protosynthesis|[silent]
|switch|p1a: Walking Wake|Walking Wake|100/100
|move|p2a: Chimecho|Future Sight|p1a: Walking Wake
|-start|p2a: Chimecho|move: Future Sight
|
|-weather|Sandstorm|[upkeep]
|-damage|p1a: Walking Wake|94/100|[from] Sandstorm
|-damage|p2a: Chimecho|94/100 par|[from] Sandstorm
|-heal|p2a: Chimecho|100/100 par|[from] item: Leftovers
|upkeep
|turn|7
|
|t:|1776189166
|move|p1a: Walking Wake|Dragon Pulse|p2a: Chimecho
|-damage|p2a: Chimecho|30/100 par
|move|p2a: Chimecho|Thunder Wave|p1a: Walking Wake
|-status|p1a: Walking Wake|par
|
|-weather|none
|-heal|p2a: Chimecho|36/100 par|[from] item: Leftovers
|upkeep
|turn|8
|
|t:|1776189175
|switch|p2a: Tyranitar|Tyranitar, M|78/100
|-damage|p2a: Tyranitar|66/100|[from] Stealth Rock
|-weather|Sandstorm|[from] ability: Sand Stream|[of] p2a: Tyranitar
|move|p1a: Walking Wake|Dragon Pulse|p2a: Tyranitar
|-damage|p2a: Tyranitar|22/100
|
|-weather|Sandstorm|[upkeep]
|-damage|p1a: Walking Wake|88/100 par|[from] Sandstorm
|-end|p1a: Walking Wake|move: Future Sight
|-crit|p1a: Walking Wake
|-damage|p1a: Walking Wake|20/100 par
|upkeep
|turn|9
|
|t:|1776189188
|-end|p1a: Walking Wake|Protosynthesis|[silent]
|switch|p1a: Great Tusk|Great Tusk|100/100
|move|p2a: Tyranitar|Ice Punch|p1a: Great Tusk
|-supereffective|p1a: Great Tusk
|-damage|p1a: Great Tusk|45/100
|-status|p1a: Great Tusk|frz
|-damage|p2a: Tyranitar|6/100|[from] item: Rocky Helmet|[of] p1a: Great Tusk
|
|-weather|Sandstorm|[upkeep]
|upkeep
|turn|10
|
|t:|1776189192
|cant|p1a: Great Tusk|frz
|move|p2a: Tyranitar|Ice Punch|p1a: Great Tusk
|-supereffective|p1a: Great Tusk
|-damage|p1a: Great Tusk|0 fnt
|-damage|p2a: Tyranitar|0 fnt|[from] item: Rocky Helmet|[of] p1a: Great Tusk
|faint|p1a: Great Tusk
|-end|p1a: Great Tusk|Protosynthesis|[silent]
|faint|p2a: Tyranitar
|
|-weather|Sandstorm|[upkeep]
|upkeep
|
|t:|1776189206
|switch|p1a: Ninetales|Ninetales, F|100/100
|switch|p2a: Cinderace|Cinderace, F|100/100
|-weather|SunnyDay|[from] ability: Drought|[of] p1a: Ninetales
|turn|11
|
|t:|1776189212
|switch|p1a: Iron Moth|Iron Moth|100/100
|-enditem|p1a: Iron Moth|Booster Energy
|-activate|p1a: Iron Moth|ability: Quark Drive|[fromitem]
|-start|p1a: Iron Moth|quarkdrivespe
|move|p2a: Cinderace|Pyro Ball|p1a: Iron Moth
|-resisted|p1a: Iron Moth
|-damage|p1a: Iron Moth|42/100
|
|-weather|SunnyDay|[upkeep]
|upkeep
|turn|12
|
|t:|1776189218
|move|p1a: Iron Moth|Sludge Wave|p2a: Cinderace
|-damage|p2a: Cinderace|33/100
|move|p2a: Cinderace|Pyro Ball|p1a: Iron Moth
|-resisted|p1a: Iron Moth
|-damage|p1a: Iron Moth|0 fnt
|faint|p1a: Iron Moth
|-end|p1a: Iron Moth|Quark Drive|[silent]
|
|-weather|SunnyDay|[upkeep]
|upkeep
|
|t:|1776189220
|switch|p1a: Raging Bolt|Raging Bolt|100/100
|-activate|p1a: Raging Bolt|ability: Protosynthesis
|-start|p1a: Raging Bolt|protosynthesisspa
|turn|13
|
|t:|1776189231
|switch|p2a: Chimecho|Chimecho, F|36/100 par
|-damage|p2a: Chimecho|24/100 par|[from] Stealth Rock
|move|p1a: Raging Bolt|Weather Ball|p2a: Chimecho
|-damage|p2a: Chimecho|0 fnt
|faint|p2a: Chimecho
|-damage|p1a: Raging Bolt|91/100|[from] item: Life Orb
|
|-weather|SunnyDay|[upkeep]
|upkeep
|
|t:|1776189236
|switch|p2a: Excadrill|Excadrill, M|100/100
|-damage|p2a: Excadrill|97/100|[from] Stealth Rock
|turn|14
|
|t:|1776189243
|-terastallize|p1a: Raging Bolt|Fairy
|move|p2a: Excadrill|Earthquake|p1a: Raging Bolt
|-damage|p1a: Raging Bolt|37/100
|move|p1a: Raging Bolt|Weather Ball|p2a: Excadrill
|-supereffective|p2a: Excadrill
|-damage|p2a: Excadrill|0 fnt
|faint|p2a: Excadrill
|-damage|p1a: Raging Bolt|27/100|[from] item: Life Orb
|
|-weather|SunnyDay|[upkeep]
|upkeep
|
|t:|1776189249
|switch|p2a: Cinderace|Cinderace, F|33/100
|turn|15
|j| 9qf2l
|
|t:|1776189254
|move|p2a: Cinderace|Court Change|p2a: Cinderace
|-start|p2a: Cinderace|typechange|Normal|[from] ability: Libero
|-swapsideconditions
|-activate|p2a: Cinderace|move: Court Change
|move|p1a: Raging Bolt|Dragon Pulse|p2a: Cinderace
|-damage|p2a: Cinderace|0 fnt
|faint|p2a: Cinderace
|-damage|p1a: Raging Bolt|17/100|[from] item: Life Orb
|
|-weather|SunnyDay|[upkeep]
|upkeep
|
|t:|1776189261
|switch|p2a: Kingambit|Kingambit, F|100/100
|-activate|p2a: Kingambit|ability: Supreme Overlord
|-start|p2a: Kingambit|fallen4|[silent]
|turn|16
|
|t:|1776189266
|move|p1a: Raging Bolt|Thunderclap|p2a: Kingambit
|-damage|p2a: Kingambit|20/100
|-damage|p1a: Raging Bolt|7/100|[from] item: Life Orb
|move|p2a: Kingambit|Sucker Punch||[still]
|-fail|p2a: Kingambit
|
|-weather|SunnyDay|[upkeep]
|-heal|p2a: Kingambit|27/100|[from] item: Leftovers
|upkeep
|turn|17
|
|t:|1776189274
|move|p2a: Kingambit|Sucker Punch|p1a: Raging Bolt
|-resisted|p1a: Raging Bolt
|-damage|p1a: Raging Bolt|0 fnt
|faint|p1a: Raging Bolt
|-end|p1a: Raging Bolt|Protosynthesis|[silent]
|
|-weather|SunnyDay|[upkeep]
|-heal|p2a: Kingambit|33/100|[from] item: Leftovers
|upkeep
|
|t:|1776189276
|switch|p1a: Ninetales|Ninetales, F|100/100
|-damage|p1a: Ninetales|76/100|[from] Stealth Rock
|turn|18
|
|t:|1776189282
|move|p1a: Ninetales|Encore|p2a: Kingambit
|-start|p2a: Kingambit|Encore
|move|p2a: Kingambit|Sucker Punch||[still]
|-fail|p2a: Kingambit
|
|-weather|none
|-heal|p2a: Kingambit|39/100|[from] item: Leftovers
|upkeep
|turn|19
|
|t:|1776189286
|-end|p2a: Kingambit|fallen4|[silent]
|switch|p2a: Hydrapple|Hydrapple, F|100/100
|move|p1a: Ninetales|Will-O-Wisp|p2a: Hydrapple
|-status|p2a: Hydrapple|brn
|
|-damage|p2a: Hydrapple|94/100 brn|[from] brn
|upkeep
|turn|20
|
|t:|1776189292
|move|p1a: Ninetales|Healing Wish|p1a: Ninetales
|faint|p1a: Ninetales
|move|p2a: Hydrapple|Earth Power|p1: Ninetales|[notarget]
|-fail|p2a: Hydrapple
|
|-damage|p2a: Hydrapple|88/100 brn|[from] brn
|upkeep
|
|t:|1776189294
|switch|p1a: Walking Wake|Walking Wake|20/100 par
|-heal|p1a: Walking Wake|100/100|[from] move: Healing Wish
|-damage|p1a: Walking Wake|88/100|[from] Stealth Rock
|turn|21
|
|t:|1776189297
|-terastallize|p2a: Hydrapple|Poison
|move|p1a: Walking Wake|Dragon Pulse|p2a: Hydrapple
|-damage|p2a: Hydrapple|21/100 brn
|move|p2a: Hydrapple|Fickle Beam|p1a: Walking Wake|[anim] Fickle Beam All Out
|-activate|p2a: Hydrapple|move: Fickle Beam
|-supereffective|p1a: Walking Wake
|-damage|p1a: Walking Wake|0 fnt
|faint|p1a: Walking Wake
|-end|p1a: Walking Wake|Protosynthesis|[silent]
|-damage|p2a: Hydrapple|11/100 brn|[from] item: Life Orb
|
|win|kopv18
|raw|Sushi4928's rating: 1574 &rarr; <strong>1555</strong><br />(-19 for losing)
|raw|kopv18's rating: 1585 &rarr; <strong>1604</strong><br />(+19 for winning)
