|html|<div class="broadcast-blue"><strong>[Gen 9] OU is currently suspecting Volcarona! For information on how to participate check out the <a href="https://www.smogon.com/tools/suspects/view/208">suspect thread</a>.</strong></div>
|j|☆HWH8SB
|j|☆suparsayajin
|t:|1778505087
|gametype|singles
|player|p1|HWH8SB|clown|1466
|player|p2|suparsayajin|101|1434
|gen|9
|tier|[Gen 9] OU
|rated|
|rule|HP Percentage Mod: HP is shown in percentages
|rule|Endless Battle Clause: Forcing endless battles is banned
|rule|Species Clause: Limit one of each Pokémon
|rule|OHKO Clause: OHKO moves are banned
|rule|Evasion Items Clause: Evasion items are banned
|rule|Evasion Moves Clause: Evasion moves are banned
|rule|Evasion Abilities Clause: Evasion abilities are banned
|rule|Sleep Moves Clause: Sleep-inducing moves are banned
|clearpoke
|poke|p1|Volcarona, F|
|poke|p1|Rillaboom, M|
|poke|p1|Great Tusk|
|poke|p1|Gholdengo|
|poke|p1|Samurott-Hisui, F|
|poke|p1|Enamorus, F|
|poke|p2|Excadrill, F|
|poke|p2|Tyranitar, F|
|poke|p2|Glimmora, M|
|poke|p2|Sudowoodo, L1, F|
|poke|p2|Comfey, F|
|poke|p2|Mimikyu, M|
|teampreview
|inactive|Battle timer is ON: inactive players will automatically lose when time's up. (requested by suparsayajin)
|
|t:|1778505108
|teamsize|p1|6
|teamsize|p2|6
|start
|switch|p1a: Samurott|Samurott-Hisui, F|100/100
|switch|p2a: Glimmora|Glimmora, M|100/100
|-item|p2a: Glimmora|Air Balloon
|turn|1
|
|t:|1778505113
|move|p2a: Glimmora|Energy Ball|p1a: Samurott
|-supereffective|p1a: Samurott
|-damage|p1a: Samurott|59/100
|move|p1a: Samurott|Razor Shell|p2a: Glimmora
|-supereffective|p2a: Glimmora
|-damage|p2a: Glimmora|0 fnt
|-activate|p2a: Glimmora|ability: Toxic Debris
|-sidestart|p1: HWH8SB|move: Toxic Spikes
|-enditem|p2a: Glimmora|Air Balloon
|faint|p2a: Glimmora
|
|upkeep
|
|t:|1778505117
|switch|p2a: Sudowoodo|Sudowoodo, L1, F|100/100
|turn|2
|
|t:|1778505120
|move|p1a: Samurott|Ceaseless Edge|p2a: Sudowoodo
|-ability|p2a: Sudowoodo|Sturdy
|-damage|p2a: Sudowoodo|9/100
|-sidestart|p2: suparsayajin|Spikes
|move|p2a: Sudowoodo|Endeavor|p1a: Samurott
|-damage|p1a: Samurott|1/100
|-heal|p2a: Sudowoodo|100/100|[from] item: Shell Bell|[of] p1a: Samurott
|
|upkeep
|turn|3
|
|t:|1778505130
|switch|p1a: Gholdengo|Gholdengo|100/100
|-item|p1a: Gholdengo|Air Balloon
|move|p2a: Sudowoodo|Sucker Punch||[still]
|-fail|p2a: Sudowoodo
|
|upkeep
|turn|4
|
|t:|1778505138
|switch|p2a: Tyranitar|Tyranitar, F|100/100
|-damage|p2a: Tyranitar|88/100|[from] Spikes
|-weather|Sandstorm|[from] ability: Sand Stream|[of] p2a: Tyranitar
|move|p1a: Gholdengo|Thunder Wave|p2a: Tyranitar
|-status|p2a: Tyranitar|par
|
|-weather|Sandstorm|[upkeep]
|upkeep
|turn|5
|
|t:|1778505147
|switch|p1a: Great Tusk|Great Tusk|100/100
|-status|p1a: Great Tusk|psn
|move|p2a: Tyranitar|Knock Off|p1a: Great Tusk
|-resisted|p1a: Great Tusk
|-damage|p1a: Great Tusk|87/100 psn
|-damage|p2a: Tyranitar|72/100 par|[from] item: Rocky Helmet|[of] p1a: Great Tusk
|-enditem|p1a: Great Tusk|Rocky Helmet|[from] move: Knock Off|[of] p2a: Tyranitar
|
|-weather|Sandstorm|[upkeep]
|-damage|p1a: Great Tusk|74/100 psn|[from] psn
|upkeep
|turn|6
|
|t:|1778505155
|switch|p2a: Mimikyu|Mimikyu, M|100/100
|-damage|p2a: Mimikyu|88/100|[from] Spikes
|move|p1a: Great Tusk|Rapid Spin|p2a: Mimikyu
|-immune|p2a: Mimikyu
|
|-weather|Sandstorm|[upkeep]
|-damage|p2a: Mimikyu|82/100|[from] Sandstorm
|-damage|p1a: Great Tusk|62/100 psn|[from] psn
|upkeep
|turn|7
|
|t:|1778505158
|move|p2a: Mimikyu|Swords Dance|p2a: Mimikyu
|-boost|p2a: Mimikyu|atk|2
|move|p1a: Great Tusk|Stealth Rock|p2a: Mimikyu
|-sidestart|p2: suparsayajin|move: Stealth Rock
|
|-weather|Sandstorm|[upkeep]
|-damage|p2a: Mimikyu|76/100|[from] Sandstorm
|-damage|p1a: Great Tusk|50/100 psn|[from] psn
|upkeep
|turn|8
|
|t:|1778505166
|move|p2a: Mimikyu|Play Rough|p1a: Great Tusk
|-supereffective|p1a: Great Tusk
|-damage|p1a: Great Tusk|0 fnt
|faint|p1a: Great Tusk
|-end|p1a: Great Tusk|Protosynthesis|[silent]
|
|-weather|Sandstorm|[upkeep]
|-damage|p2a: Mimikyu|70/100|[from] Sandstorm
|upkeep
|
|t:|1778505175
|switch|p1a: Samurott|Samurott-Hisui, F|1/100
|-status|p1a: Samurott|psn
|turn|9
|
|t:|1778505179
|move|p2a: Mimikyu|Shadow Sneak|p1a: Samurott
|-resisted|p1a: Samurott
|-damage|p1a: Samurott|0 fnt
|faint|p1a: Samurott
|
|-weather|Sandstorm|[upkeep]
|-damage|p2a: Mimikyu|64/100|[from] Sandstorm
|upkeep
|
|t:|1778505188
|switch|p1a: Rillaboom|Rillaboom, M|100/100
|-status|p1a: Rillaboom|psn
|-fieldstart|move: Grassy Terrain|[from] ability: Grassy Surge|[of] p1a: Rillaboom
|turn|10
|
|t:|1778505194
|move|p1a: Rillaboom|Grassy Glide|p2a: Mimikyu
|-activate|p2a: Mimikyu|ability: Disguise
|-damage|p2a: Mimikyu|64/100
|detailschange|p2a: Mimikyu|Mimikyu-Busted, M
|-damage|p2a: Mimikyu|52/100|[from] pokemon: Mimikyu-Busted
|-enditem|p2a: Mimikyu|Red Card|[of] p1a: Rillaboom
|drag|p1a: Gholdengo|Gholdengo|100/100
|-item|p1a: Gholdengo|Air Balloon
|move|p2a: Mimikyu|Play Rough|p1a: Gholdengo
|-resisted|p1a: Gholdengo
|-damage|p1a: Gholdengo|74/100
|-enditem|p1a: Gholdengo|Air Balloon
|
|-weather|Sandstorm|[upkeep]
|-damage|p2a: Mimikyu|46/100|[from] Sandstorm
|-heal|p2a: Mimikyu|52/100|[from] Grassy Terrain
|-heal|p1a: Gholdengo|80/100|[from] Grassy Terrain
|upkeep
|turn|11
|
|t:|1778505203
|switch|p1a: Volcarona|Volcarona, F|100/100
|-status|p1a: Volcarona|psn
|-enditem|p1a: Volcarona|Grassy Seed
|-boost|p1a: Volcarona|def|1|[from] item: Grassy Seed
|move|p2a: Mimikyu|Shadow Sneak|p1a: Volcarona
|-damage|p1a: Volcarona|67/100 psn
|
|-weather|none
|-heal|p1a: Volcarona|73/100 psn|[from] Grassy Terrain
|-heal|p2a: Mimikyu|58/100|[from] Grassy Terrain
|-damage|p1a: Volcarona|61/100 psn|[from] psn
|upkeep
|turn|12
|
|t:|1778505211
|switch|p2a: Tyranitar|Tyranitar, F|72/100 par
|-damage|p2a: Tyranitar|59/100 par|[from] Spikes
|-damage|p2a: Tyranitar|47/100 par|[from] Stealth Rock
|-weather|Sandstorm|[from] ability: Sand Stream|[of] p2a: Tyranitar
|move|p1a: Volcarona|Fiery Dance|p2a: Tyranitar
|-resisted|p2a: Tyranitar
|-damage|p2a: Tyranitar|37/100 par
|-boost|p1a: Volcarona|spa|1
|
|-weather|Sandstorm|[upkeep]
|-damage|p1a: Volcarona|55/100 psn|[from] Sandstorm
|-heal|p1a: Volcarona|61/100 psn|[from] Grassy Terrain
|-heal|p2a: Tyranitar|43/100 par|[from] Grassy Terrain
|-damage|p1a: Volcarona|48/100 psn|[from] psn
|upkeep
|turn|13
|
|t:|1778505217
|-terastallize|p1a: Volcarona|Grass
|move|p1a: Volcarona|Giga Drain|p2a: Tyranitar
|-supereffective|p2a: Tyranitar
|-damage|p2a: Tyranitar|0 fnt
|-heal|p1a: Volcarona|76/100 psn|[from] drain|[of] p2a: Tyranitar
|faint|p2a: Tyranitar
|
|-weather|Sandstorm|[upkeep]
|-damage|p1a: Volcarona|70/100 psn|[from] Sandstorm
|-heal|p1a: Volcarona|76/100 psn|[from] Grassy Terrain
|-damage|p1a: Volcarona|64/100 psn|[from] psn
|upkeep
|
|t:|1778505221
|switch|p2a: Excadrill|Excadrill, F|100/100
|-damage|p2a: Excadrill|97/100|[from] Stealth Rock
|-item|p2a: Excadrill|Air Balloon
|turn|14
|
|t:|1778505224
|move|p2a: Excadrill|Rapid Spin|p1a: Volcarona
|-damage|p1a: Volcarona|43/100 psn
|-boost|p2a: Excadrill|spe|1
|-sideend|p2: suparsayajin|Spikes|[from] move: Rapid Spin|[of] p2a: Excadrill
|-sideend|p2: suparsayajin|Stealth Rock|[from] move: Rapid Spin|[of] p2a: Excadrill
|move|p1a: Volcarona|Fiery Dance|p2a: Excadrill
|-supereffective|p2a: Excadrill
|-damage|p2a: Excadrill|0 fnt
|-boost|p1a: Volcarona|spa|1
|-enditem|p2a: Excadrill|Air Balloon
|faint|p2a: Excadrill
|
|-weather|Sandstorm|[upkeep]
|-damage|p1a: Volcarona|37/100 psn|[from] Sandstorm
|-heal|p1a: Volcarona|43/100 psn|[from] Grassy Terrain
|-damage|p1a: Volcarona|31/100 psn|[from] psn
|-fieldend|move: Grassy Terrain
|upkeep
|
|t:|1778505231
|switch|p2a: Sudowoodo|Sudowoodo, L1, F|100/100
|turn|15
|
|t:|1778505240
|move|p1a: Volcarona|Substitute|p1a: Volcarona
|-start|p1a: Volcarona|Substitute
|-damage|p1a: Volcarona|6/100 psn
|move|p2a: Sudowoodo|Endeavor|p1a: Volcarona
|-activate|p1a: Volcarona|move: Substitute|[damage]
|
|-weather|Sandstorm|[upkeep]
|-damage|p1a: Volcarona|0 fnt|[from] Sandstorm
|faint|p1a: Volcarona
|upkeep
|
|t:|1778505249
|switch|p1a: Gholdengo|Gholdengo|80/100
|turn|16
|
|t:|1778505254
|move|p1a: Gholdengo|Thunder Wave|p2a: Sudowoodo
|-status|p2a: Sudowoodo|par
|move|p2a: Sudowoodo|Stealth Rock|p1a: Gholdengo
|-sidestart|p1: HWH8SB|move: Stealth Rock
|
|-weather|Sandstorm|[upkeep]
|upkeep
|turn|17
|
|t:|1778505262
|move|p2a: Sudowoodo|Sucker Punch|p1a: Gholdengo
|-supereffective|p1a: Gholdengo
|-damage|p1a: Gholdengo|80/100
|move|p1a: Gholdengo|Hex|p2a: Sudowoodo
|-ability|p2a: Sudowoodo|Sturdy
|-damage|p2a: Sudowoodo|9/100 par
|
|-weather|Sandstorm|[upkeep]
|upkeep
|turn|18
|
|t:|1778505267
|cant|p2a: Sudowoodo|par
|move|p1a: Gholdengo|Hex|p2a: Sudowoodo
|-damage|p2a: Sudowoodo|0 fnt
|faint|p2a: Sudowoodo
|
|-weather|Sandstorm|[upkeep]
|upkeep
|
|t:|1778505270
|switch|p2a: Mimikyu|Mimikyu-Busted, M|58/100
|turn|19
|
|t:|1778505273
|move|p2a: Mimikyu|Shadow Sneak|p1a: Gholdengo
|-supereffective|p1a: Gholdengo
|-damage|p1a: Gholdengo|58/100
|move|p1a: Gholdengo|Make It Rain|p2a: Mimikyu
|-supereffective|p2a: Mimikyu
|-damage|p2a: Mimikyu|0 fnt
|-unboost|p1a: Gholdengo|spa|1
|faint|p2a: Mimikyu
|
|-weather|none
|upkeep
|
|t:|1778505277
|switch|p2a: Comfey|Comfey, F|100/100
|turn|20
|
|t:|1778505279
|-terastallize|p2a: Comfey|Poison
|move|p2a: Comfey|Calm Mind|p2a: Comfey
|-boost|p2a: Comfey|spa|1
|-boost|p2a: Comfey|spd|1
|move|p1a: Gholdengo|Thunder Wave|p2a: Comfey
|-status|p2a: Comfey|par
|
|upkeep
|turn|21
|
|t:|1778505285
|switch|p1a: Enamorus|Enamorus, F|100/100
|-damage|p1a: Enamorus|76/100|[from] Stealth Rock
|move|p2a: Comfey|Calm Mind|p2a: Comfey
|-boost|p2a: Comfey|spa|1
|-boost|p2a: Comfey|spd|1
|
|upkeep
|turn|22
|
|t:|1778505290
|move|p1a: Enamorus|Earth Power|p2a: Comfey
|-supereffective|p2a: Comfey
|-damage|p2a: Comfey|62/100 par
|move|p2a: Comfey|Calm Mind|p2a: Comfey
|-boost|p2a: Comfey|spa|1
|-boost|p2a: Comfey|spd|1
|
|-heal|p2a: Comfey|68/100 par|[from] item: Leftovers
|upkeep
|turn|23
|
|t:|1778505295
|move|p2a: Comfey|Draining Kiss|p1a: Enamorus
|-damage|p1a: Enamorus|1/100
|-heal|p2a: Comfey|100/100 par|[from] drain|[of] p1a: Enamorus
|move|p1a: Enamorus|Earth Power|p2a: Comfey
|-supereffective|p2a: Comfey
|-damage|p2a: Comfey|72/100 par
|
|-heal|p2a: Comfey|78/100 par|[from] item: Leftovers
|upkeep
|turn|24
|
|t:|1778505298
|move|p2a: Comfey|Draining Kiss|p1a: Enamorus
|-damage|p1a: Enamorus|0 fnt
|-heal|p2a: Comfey|78/100 par|[from] drain|[of] p1a: Enamorus
|faint|p1a: Enamorus
|
|-heal|p2a: Comfey|84/100 par|[from] item: Leftovers
|upkeep
|
|t:|1778505303
|switch|p1a: Rillaboom|Rillaboom, M|100/100 psn
|-damage|p1a: Rillaboom|88/100 psn|[from] Stealth Rock
|-fieldstart|move: Grassy Terrain|[from] ability: Grassy Surge|[of] p1a: Rillaboom
|turn|25
|
|t:|1778505305
|move|p2a: Comfey|Draining Kiss|p1a: Rillaboom
|-damage|p1a: Rillaboom|24/100 psn
|-heal|p2a: Comfey|100/100 par|[from] drain|[of] p1a: Rillaboom
|move|p1a: Rillaboom|Knock Off|p2a: Comfey
|-damage|p2a: Comfey|32/100 par
|-enditem|p2a: Comfey|Leftovers|[from] move: Knock Off|[of] p1a: Rillaboom
|
|-heal|p1a: Rillaboom|30/100 psn|[from] Grassy Terrain
|-heal|p2a: Comfey|38/100 par|[from] Grassy Terrain
|-damage|p1a: Rillaboom|18/100 psn|[from] psn
|upkeep
|turn|26
|
|t:|1778505308
|switch|p1a: Gholdengo|Gholdengo|58/100
|-damage|p1a: Gholdengo|52/100|[from] Stealth Rock
|move|p2a: Comfey|Draining Kiss|p1a: Gholdengo
|-resisted|p1a: Gholdengo
|-damage|p1a: Gholdengo|24/100
|-heal|p2a: Comfey|63/100 par|[from] drain|[of] p1a: Gholdengo
|
|-heal|p1a: Gholdengo|30/100|[from] Grassy Terrain
|-heal|p2a: Comfey|69/100 par|[from] Grassy Terrain
|upkeep
|turn|27
|
|t:|1778505310
|move|p2a: Comfey|Draining Kiss|p1a: Gholdengo
|-resisted|p1a: Gholdengo
|-damage|p1a: Gholdengo|4/100
|-heal|p2a: Comfey|94/100 par|[from] drain|[of] p1a: Gholdengo
|move|p1a: Gholdengo|Recover|p1a: Gholdengo
|-heal|p1a: Gholdengo|54/100
|
|-heal|p1a: Gholdengo|60/100|[from] Grassy Terrain
|-heal|p2a: Comfey|99/100 par|[from] Grassy Terrain
|upkeep
|turn|28
|
|t:|1778505313
|move|p1a: Gholdengo|Recover|p1a: Gholdengo
|-heal|p1a: Gholdengo|100/100
|cant|p2a: Comfey|par
|
|-heal|p2a: Comfey|100/100 par|[from] Grassy Terrain
|upkeep
|turn|29
|
|t:|1778505315
|move|p1a: Gholdengo|Hex|p2a: Comfey
|-damage|p2a: Comfey|77/100 par
|move|p2a: Comfey|Calm Mind|p2a: Comfey
|-boost|p2a: Comfey|spa|1
|-boost|p2a: Comfey|spd|1
|
|-heal|p2a: Comfey|83/100 par|[from] Grassy Terrain
|-fieldend|move: Grassy Terrain
|upkeep
|turn|30
|
|t:|1778505318
|move|p1a: Gholdengo|Hex|p2a: Comfey
|-damage|p2a: Comfey|63/100 par
|cant|p2a: Comfey|par
|
|upkeep
|turn|31
|
|t:|1778505320
|move|p2a: Comfey|Draining Kiss|p1a: Gholdengo
|-resisted|p1a: Gholdengo
|-damage|p1a: Gholdengo|70/100
|-heal|p2a: Comfey|91/100 par|[from] drain|[of] p1a: Gholdengo
|move|p1a: Gholdengo|Hex|p2a: Comfey
|-damage|p2a: Comfey|71/100 par
|
|upkeep
|turn|32
|
|t:|1778505323
|move|p1a: Gholdengo|Hex|p2a: Comfey
|-damage|p2a: Comfey|51/100 par
|move|p2a: Comfey|Calm Mind|p2a: Comfey
|-boost|p2a: Comfey|spa|1
|-boost|p2a: Comfey|spd|1
|
|upkeep
|turn|33
|
|t:|1778505325
|move|p2a: Comfey|Draining Kiss|p1a: Gholdengo
|-resisted|p1a: Gholdengo
|-damage|p1a: Gholdengo|34/100
|-heal|p2a: Comfey|84/100 par|[from] drain|[of] p1a: Gholdengo
|move|p1a: Gholdengo|Hex|p2a: Comfey
|-damage|p2a: Comfey|67/100 par
|
|upkeep
|turn|34
|
|t:|1778505328
|move|p2a: Comfey|Draining Kiss|p1a: Gholdengo
|-resisted|p1a: Gholdengo
|-crit|p1a: Gholdengo
|-damage|p1a: Gholdengo|0 fnt
|-heal|p2a: Comfey|98/100 par|[from] drain|[of] p1a: Gholdengo
|faint|p1a: Gholdengo
|
|upkeep
|-message|HWH8SB forfeited.
|
|win|suparsayajin
|raw|HWH8SB's rating: 1466 &rarr; <strong>1444</strong><br />(-22 for losing)
|raw|suparsayajin's rating: 1434 &rarr; <strong>1456</strong><br />(+22 for winning)
|l|☆HWH8SB
|player|p1|
|l|☆suparsayajin
|player|p2|
