|html|<div class="broadcast-blue"><strong>[Gen 9] OU is currently suspecting Tera Blast! For information on how to participate check out the <a href="https://www.smogon.com/tools/suspects/view/200">suspect thread</a>.</strong></div>
|j|☆gcgaf
|j|☆mrzed03
|t:|1776076353
|gametype|singles
|player|p1|gcgaf|dawn-gen4pt|1207
|player|p2|mrzed03|265|1266
|gen|9
|tier|[Gen 9] OU
|rated|
|rule|HP Percentage Mod: HP is shown in percentages
|rule|Endless Battle Clause: Forcing endless battles is banned
|rule|Species Clause: Limit one of each Pokémon
|rule|OHKO Clause: OHKO moves are banned
|rule|Evasion Items Clause: Evasion items are banned
|rule|Evasion Moves Clause: Evasion moves are banned
|rule|Evasion Abilities Clause: Evasion abilities are banned
|rule|Sleep Moves Clause: Sleep-inducing moves are banned
|clearpoke
|poke|p1|Gholdengo|
|poke|p1|Ogerpon-Wellspring, F|
|poke|p1|Zamazenta-*|
|poke|p1|Iron Treads|
|poke|p1|Chansey, F|
|poke|p1|Dragonite, F|
|poke|p2|Gliscor, M|
|poke|p2|Corviknight, M|
|poke|p2|Toxapex, F|
|poke|p2|Blissey, F|
|poke|p2|Skeledirge, M|
|poke|p2|Clodsire, F|
|teampreview
|inactive|Battle timer is ON: inactive players will automatically lose when time's up. (requested by mrzed03)
|inactive|gcgaf also wants the timer to be on.
|
|t:|1776076374
|teamsize|p1|6
|teamsize|p2|6
|start
|switch|p1a: Ogerpon|Ogerpon-Wellspring, F|100/100
|switch|p2a: gremlin >:)|Gliscor, M|100/100
|turn|1
|
|t:|1776076401
|move|p1a: Ogerpon|Swords Dance|p1a: Ogerpon
|-boost|p1a: Ogerpon|atk|2
|move|p2a: gremlin >:)|Knock Off|p1a: Ogerpon
|-damage|p1a: Ogerpon|82/100
|
|-status|p2a: gremlin >:)|tox|[from] item: Toxic Orb
|upkeep
|turn|2
|
|t:|1776076416
|switch|p2a: slurp|Clodsire, F|100/100
|-terastallize|p1a: Ogerpon|Water
|detailschange|p1a: Ogerpon|Ogerpon-Wellspring-Tera, F, tera:Water
|-ability|p1a: Ogerpon|Embody Aspect (Wellspring)|boost
|-boost|p1a: Ogerpon|spd|1
|move|p1a: Ogerpon|Ivy Cudgel|p2a: slurp|[anim] Ivy Cudgel Water
|-immune|p2a: slurp|[from] ability: Water Absorb
|
|upkeep
|turn|3
|
|t:|1776076430
|-terastallize|p2a: slurp|Flying
|move|p1a: Ogerpon|Play Rough|p2a: slurp|[miss]
|-miss|p1a: Ogerpon|p2a: slurp
|move|p2a: slurp|Toxic|p1a: Ogerpon
|-status|p1a: Ogerpon|tox
|
|-damage|p1a: Ogerpon|76/100 tox|[from] psn
|upkeep
|turn|4
|
|t:|1776076445
|switch|p1a: Iron Treads|Iron Treads, shiny|100/100
|-enditem|p1a: Iron Treads|Booster Energy
|-activate|p1a: Iron Treads|ability: Quark Drive|[fromitem]
|-start|p1a: Iron Treads|quarkdrivespe
|switch|p2a: bald lmao|Skeledirge, M|100/100
|
|upkeep
|turn|5
|
|t:|1776076455
|switch|p2a: gremlin >:)|Gliscor, M|100/100 tox
|move|p1a: Iron Treads|Knock Off|p2a: gremlin >:)
|-damage|p2a: gremlin >:)|76/100 tox
|-enditem|p2a: gremlin >:)|Toxic Orb|[from] move: Knock Off|[of] p1a: Iron Treads
|
|-heal|p2a: gremlin >:)|89/100 tox|[from] ability: Poison Heal
|upkeep
|turn|6
|
|t:|1776076465
|move|p2a: gremlin >:)|Protect|p2a: gremlin >:)
|-singleturn|p2a: gremlin >:)|Protect
|move|p1a: Iron Treads|Stealth Rock|p2a: gremlin >:)
|-sidestart|p2: mrzed03|move: Stealth Rock
|
|-heal|p2a: gremlin >:)|100/100 tox|[from] ability: Poison Heal
|upkeep
|turn|7
|
|t:|1776076473
|switch|p2a: spiky <3|Toxapex, F|100/100
|-damage|p2a: spiky <3|88/100|[from] Stealth Rock
|move|p1a: Iron Treads|Stealth Rock||[still]
|-fail|p1a: Iron Treads
|
|-heal|p2a: spiky <3|94/100|[from] item: Black Sludge
|upkeep
|turn|8
|
|t:|1776076486
|switch|p2a: XxDark_SasukexX|Corviknight, M|100/100
|-damage|p2a: XxDark_SasukexX|88/100|[from] Stealth Rock
|-ability|p2a: XxDark_SasukexX|Pressure
|move|p1a: Iron Treads|Earthquake|p2a: XxDark_SasukexX
|-immune|p2a: XxDark_SasukexX
|
|upkeep
|turn|9
|
|t:|1776076497
|move|p1a: Iron Treads|Knock Off|p2a: XxDark_SasukexX
|-damage|p2a: XxDark_SasukexX|70/100
|-damage|p1a: Iron Treads|84/100|[from] item: Rocky Helmet|[of] p2a: XxDark_SasukexX
|-enditem|p2a: XxDark_SasukexX|Rocky Helmet|[from] move: Knock Off|[of] p1a: Iron Treads
|move|p2a: XxDark_SasukexX|Defog|p1a: Iron Treads
|-unboost|p1a: Iron Treads|evasion|1
|-sideend|p2: mrzed03|Stealth Rock|[from] move: Defog|[of] p2a: XxDark_SasukexX
|
|upkeep
|turn|10
|
|t:|1776076514
|-end|p1a: Iron Treads|Quark Drive|[silent]
|switch|p1a: Dragonite|Dragonite, F|100/100
|move|p2a: XxDark_SasukexX|Body Press|p1a: Dragonite
|-resisted|p1a: Dragonite
|-damage|p1a: Dragonite|93/100
|
|upkeep
|turn|11
|
|t:|1776076523
|move|p1a: Dragonite|Dragon Dance|p1a: Dragonite
|-boost|p1a: Dragonite|atk|1
|-boost|p1a: Dragonite|spe|1
|move|p2a: XxDark_SasukexX|Iron Defense|p2a: XxDark_SasukexX
|-boost|p2a: XxDark_SasukexX|def|2
|
|upkeep
|turn|12
|
|t:|1776076535
|move|p1a: Dragonite|Dragon Dance|p1a: Dragonite
|-boost|p1a: Dragonite|atk|1
|-boost|p1a: Dragonite|spe|1
|move|p2a: XxDark_SasukexX|Roost|p2a: XxDark_SasukexX
|-heal|p2a: XxDark_SasukexX|100/100
|-singleturn|p2a: XxDark_SasukexX|move: Roost
|
|upkeep
|turn|13
|
|t:|1776076544
|move|p1a: Dragonite|Scale Shot|p2a: XxDark_SasukexX
|-resisted|p2a: XxDark_SasukexX
|-damage|p2a: XxDark_SasukexX|96/100
|-resisted|p2a: XxDark_SasukexX
|-damage|p2a: XxDark_SasukexX|92/100
|-resisted|p2a: XxDark_SasukexX
|-damage|p2a: XxDark_SasukexX|87/100
|-resisted|p2a: XxDark_SasukexX
|-damage|p2a: XxDark_SasukexX|83/100
|-hitcount|p2a: XxDark_SasukexX|4
|-unboost|p1a: Dragonite|def|1
|-boost|p1a: Dragonite|spe|1
|move|p2a: XxDark_SasukexX|Iron Defense|p2a: XxDark_SasukexX
|-boost|p2a: XxDark_SasukexX|def|2
|
|upkeep
|turn|14
|
|t:|1776076557
|move|p1a: Dragonite|Ice Spinner|p2a: XxDark_SasukexX
|-damage|p2a: XxDark_SasukexX|70/100
|move|p2a: XxDark_SasukexX|Body Press|p1a: Dragonite
|-resisted|p1a: Dragonite
|-damage|p1a: Dragonite|24/100
|
|upkeep
|turn|15
|
|t:|1776076570
|switch|p1a: Zamazenta|Zamazenta, shiny|100/100
|-ability|p1a: Zamazenta|Dauntless Shield|boost
|-boost|p1a: Zamazenta|def|1
|move|p2a: XxDark_SasukexX|Roost|p2a: XxDark_SasukexX
|-heal|p2a: XxDark_SasukexX|100/100
|-singleturn|p2a: XxDark_SasukexX|move: Roost
|
|upkeep
|turn|16
|
|t:|1776076580
|move|p1a: Zamazenta|Iron Defense|p1a: Zamazenta
|-boost|p1a: Zamazenta|def|2
|move|p2a: XxDark_SasukexX|Body Press|p1a: Zamazenta
|-damage|p1a: Zamazenta|78/100
|
|-heal|p1a: Zamazenta|84/100|[from] item: Leftovers
|upkeep
|turn|17
|
|t:|1776076589
|switch|p2a: bald lmao|Skeledirge, M|100/100
|move|p1a: Zamazenta|Iron Defense|p1a: Zamazenta
|-boost|p1a: Zamazenta|def|2
|
|-heal|p1a: Zamazenta|90/100|[from] item: Leftovers
|upkeep
|turn|18
|
|t:|1776076598
|move|p2a: bald lmao|Torch Song|p1a: Zamazenta
|-damage|p1a: Zamazenta|64/100
|-boost|p2a: bald lmao|spa|1
|move|p1a: Zamazenta|Roar|p2a: bald lmao
|drag|p2a: XxDark_SasukexX|Corviknight, M|100/100
|-ability|p2a: XxDark_SasukexX|Pressure
|
|-heal|p1a: Zamazenta|70/100|[from] item: Leftovers
|upkeep
|turn|19
|
|t:|1776076610
|move|p1a: Zamazenta|Body Press|p2a: XxDark_SasukexX
|-damage|p2a: XxDark_SasukexX|31/100
|move|p2a: XxDark_SasukexX|Body Press|p1a: Zamazenta
|-damage|p1a: Zamazenta|65/100
|
|-heal|p1a: Zamazenta|71/100|[from] item: Leftovers
|upkeep
|turn|20
|
|t:|1776076619
|switch|p2a: bald lmao|Skeledirge, M|100/100
|move|p1a: Zamazenta|Body Press|p2a: bald lmao
|-immune|p2a: bald lmao
|
|-heal|p1a: Zamazenta|77/100|[from] item: Leftovers
|upkeep
|turn|21
|
|t:|1776076627
|move|p2a: bald lmao|Torch Song|p1a: Zamazenta
|-damage|p1a: Zamazenta|54/100
|-boost|p2a: bald lmao|spa|1
|move|p1a: Zamazenta|Roar|p2a: bald lmao
|drag|p2a: E G G|Blissey, F|100/100
|
|-heal|p1a: Zamazenta|60/100|[from] item: Leftovers
|upkeep
|turn|22
|
|t:|1776076638
|switch|p2a: bald lmao|Skeledirge, M|100/100
|move|p1a: Zamazenta|Body Press|p2a: bald lmao
|-immune|p2a: bald lmao
|
|-heal|p1a: Zamazenta|66/100|[from] item: Leftovers
|upkeep
|turn|23
|
|t:|1776076652
|switch|p1a: Chansey|Chansey, F, shiny|100/100
|move|p2a: bald lmao|Torch Song|p1a: Chansey
|-crit|p1a: Chansey
|-damage|p1a: Chansey|85/100
|-boost|p2a: bald lmao|spa|1
|
|upkeep
|turn|24
|
|t:|1776076664
|move|p2a: bald lmao|Substitute|p2a: bald lmao
|-start|p2a: bald lmao|Substitute
|-damage|p2a: bald lmao|75/100
|move|p1a: Chansey|Thunder Wave||[still]
|-fail|p1a: Chansey
|
|-heal|p2a: bald lmao|82/100|[from] item: Leftovers
|upkeep
|turn|25
|
|t:|1776076678
|switch|p1a: Iron Treads|Iron Treads, shiny|84/100
|move|p2a: bald lmao|Torch Song|p1a: Iron Treads
|-supereffective|p1a: Iron Treads
|-damage|p1a: Iron Treads|0 fnt
|-boost|p2a: bald lmao|spa|1
|faint|p1a: Iron Treads
|-end|p1a: Iron Treads|Quark Drive|[silent]
|
|-heal|p2a: bald lmao|88/100|[from] item: Leftovers
|upkeep
|
|t:|1776076690
|switch|p1a: Ogerpon|Ogerpon-Wellspring-Tera, F, tera:Water|76/100 tox
|-ability|p1a: Ogerpon|Embody Aspect (Wellspring)|boost
|-boost|p1a: Ogerpon|spd|1
|turn|26
|
|t:|1776076699
|move|p1a: Ogerpon|Ivy Cudgel|p2a: bald lmao|[anim] Ivy Cudgel Water
|-supereffective|p2a: bald lmao
|-crit|p2a: bald lmao
|-end|p2a: bald lmao|Substitute
|move|p2a: bald lmao|Hex|p1a: Ogerpon
|-damage|p1a: Ogerpon|0 fnt
|faint|p1a: Ogerpon
|detailschange|p1: Ogerpon|Ogerpon-Wellspring, F|[silent]
|
|-heal|p2a: bald lmao|94/100|[from] item: Leftovers
|upkeep
|
|t:|1776076713
|switch|p1a: Dragonite|Dragonite, F|24/100
|turn|27
|
|t:|1776076720
|move|p1a: Dragonite|Scale Shot|p2a: bald lmao
|-damage|p2a: bald lmao|84/100
|-damage|p2a: bald lmao|74/100
|-damage|p2a: bald lmao|65/100
|-damage|p2a: bald lmao|55/100
|-hitcount|p2a: bald lmao|4
|-unboost|p1a: Dragonite|def|1
|-boost|p1a: Dragonite|spe|1
|move|p2a: bald lmao|Hex|p1a: Dragonite
|-damage|p1a: Dragonite|0 fnt
|faint|p1a: Dragonite
|
|-heal|p2a: bald lmao|62/100|[from] item: Leftovers
|upkeep
|
|t:|1776076735
|switch|p1a: Gholdengo|Gholdengo, shiny|100/100
|-item|p1a: Gholdengo|Air Balloon
|turn|28
|
|t:|1776076741
|switch|p2a: E G G|Blissey, F|100/100
|move|p1a: Gholdengo|Shadow Ball|p2a: E G G
|-immune|p2a: E G G
|
|upkeep
|turn|29
|
|t:|1776076749
|move|p1a: Gholdengo|Nasty Plot|p1a: Gholdengo
|-boost|p1a: Gholdengo|spa|2
|move|p2a: E G G|Shadow Ball|p1a: Gholdengo
|-supereffective|p1a: Gholdengo
|-damage|p1a: Gholdengo|73/100
|-enditem|p1a: Gholdengo|Air Balloon
|
|upkeep
|turn|30
|
|t:|1776076757
|move|p1a: Gholdengo|Nasty Plot|p1a: Gholdengo
|-boost|p1a: Gholdengo|spa|2
|move|p2a: E G G|Shadow Ball|p1a: Gholdengo
|-supereffective|p1a: Gholdengo
|-damage|p1a: Gholdengo|44/100
|
|upkeep
|turn|31
|
|t:|1776076765
|move|p1a: Gholdengo|Recover|p1a: Gholdengo
|-heal|p1a: Gholdengo|94/100
|move|p2a: E G G|Shadow Ball|p1a: Gholdengo
|-supereffective|p1a: Gholdengo
|-damage|p1a: Gholdengo|65/100
|
|upkeep
|turn|32
|
|t:|1776076775
|move|p1a: Gholdengo|Nasty Plot|p1a: Gholdengo
|-boost|p1a: Gholdengo|spa|2
|move|p2a: E G G|Shadow Ball|p1a: Gholdengo
|-supereffective|p1a: Gholdengo
|-damage|p1a: Gholdengo|35/100
|
|upkeep
|turn|33
|
|t:|1776076782
|move|p1a: Gholdengo|Recover|p1a: Gholdengo
|-heal|p1a: Gholdengo|85/100
|move|p2a: E G G|Shadow Ball|p1a: Gholdengo
|-supereffective|p1a: Gholdengo
|-damage|p1a: Gholdengo|55/100
|
|upkeep
|turn|34
|
|t:|1776076789
|move|p1a: Gholdengo|Recover|p1a: Gholdengo
|-heal|p1a: Gholdengo|100/100
|move|p2a: E G G|Shadow Ball|p1a: Gholdengo
|-supereffective|p1a: Gholdengo
|-damage|p1a: Gholdengo|72/100
|-unboost|p1a: Gholdengo|spd|1
|
|upkeep
|turn|35
|
|t:|1776076797
|move|p1a: Gholdengo|Make It Rain|p2a: E G G
|-damage|p2a: E G G|44/100
|-unboost|p1a: Gholdengo|spa|1
|move|p2a: E G G|Shadow Ball|p1a: Gholdengo
|-supereffective|p1a: Gholdengo
|-damage|p1a: Gholdengo|33/100
|
|-heal|p2a: E G G|50/100|[from] item: Leftovers
|upkeep
|turn|36
|
|t:|1776076809
|move|p1a: Gholdengo|Make It Rain|p2a: E G G
|-damage|p2a: E G G|1/100
|-unboost|p1a: Gholdengo|spa|1
|move|p2a: E G G|Shadow Ball|p1a: Gholdengo
|-supereffective|p1a: Gholdengo
|-damage|p1a: Gholdengo|0 fnt
|faint|p1a: Gholdengo
|
|-heal|p2a: E G G|8/100|[from] item: Leftovers
|upkeep
|c|☆mrzed03|rough
|
|t:|1776076824
|switch|p1a: Chansey|Chansey, F, shiny|85/100
|turn|37
|
|t:|1776076831
|move|p2a: E G G|Soft-Boiled|p2a: E G G
|-heal|p2a: E G G|58/100
|move|p1a: Chansey|Seismic Toss|p2a: E G G
|-damage|p2a: E G G|44/100
|
|-heal|p2a: E G G|50/100|[from] item: Leftovers
|upkeep
|turn|38
|
|t:|1776076840
|move|p2a: E G G|Soft-Boiled|p2a: E G G
|-heal|p2a: E G G|99/100
|move|p1a: Chansey|Soft-Boiled|p1a: Chansey
|-heal|p1a: Chansey|100/100
|
|-heal|p2a: E G G|100/100|[from] item: Leftovers
|upkeep
|turn|39
|
|t:|1776076853
|switch|p2a: bald lmao|Skeledirge, M|62/100
|move|p1a: Chansey|Thunder Wave|p2a: bald lmao
|-status|p2a: bald lmao|par
|
|-heal|p2a: bald lmao|68/100 par|[from] item: Leftovers
|upkeep
|turn|40
|-message|gcgaf forfeited.
|
|win|mrzed03
|raw|gcgaf's rating: 1207 &rarr; <strong>1186</strong><br />(-21 for losing)
|raw|mrzed03's rating: 1266 &rarr; <strong>1287</strong><br />(+21 for winning)
|l|☆gcgaf
|player|p1|
