|html|<div class="broadcast-blue"><strong>[Gen 9] OU is currently suspecting Tera Blast! For information on how to participate check out the <a href="https://www.smogon.com/tools/suspects/view/200">suspect thread</a>.</strong></div>
|j|☆HootHootHo
|j|☆amylova1
|t:|1776048893
|gametype|singles
|player|p1|HootHootHo|101|1459
|player|p2|amylova1|lacey|1567
|gen|9
|tier|[Gen 9] OU
|rated|
|rule|HP Percentage Mod: HP is shown in percentages
|rule|Endless Battle Clause: Forcing endless battles is banned
|rule|Species Clause: Limit one of each Pokémon
|rule|OHKO Clause: OHKO moves are banned
|rule|Evasion Items Clause: Evasion items are banned
|rule|Evasion Moves Clause: Evasion moves are banned
|rule|Evasion Abilities Clause: Evasion abilities are banned
|rule|Sleep Moves Clause: Sleep-inducing moves are banned
|clearpoke
|poke|p1|Great Tusk|
|poke|p1|Grimmsnarl, M|
|poke|p1|Braviary-Hisui, M|
|poke|p1|Cinderace, M|
|poke|p1|Iron Valiant|
|poke|p1|Ceruledge, M|
|poke|p2|Blaziken, F|
|poke|p2|Darkrai|
|poke|p2|Slowking-Galar, M|
|poke|p2|Iron Treads|
|poke|p2|Landorus-Therian, M|
|poke|p2|Ogerpon-Wellspring, F|
|teampreview
|inactive|Battle timer is ON: inactive players will automatically lose when time's up. (requested by HootHootHo)
|
|t:|1776048922
|teamsize|p1|6
|teamsize|p2|6
|start
|switch|p1a: Ceruledge|Ceruledge, M|100/100
|switch|p2a: heliopolis|Iron Treads|100/100
|turn|1
|
|t:|1776048931
|move|p2a: heliopolis|Earthquake|p1a: Ceruledge
|-supereffective|p1a: Ceruledge
|-enditem|p1a: Ceruledge|Focus Sash
|-damage|p1a: Ceruledge|1/100
|-ability|p1a: Ceruledge|Weak Armor|boost
|-unboost|p1a: Ceruledge|def|1
|-boost|p1a: Ceruledge|spe|2
|move|p1a: Ceruledge|Swords Dance|p1a: Ceruledge
|-boost|p1a: Ceruledge|atk|2
|
|upkeep
|turn|2
|
|t:|1776048935
|-end|p2a: heliopolis|Quark Drive|[silent]
|switch|p2a: ATH|Landorus-Therian, M|100/100
|-ability|p2a: ATH|Intimidate|boost
|-unboost|p1a: Ceruledge|atk|1
|move|p1a: Ceruledge|Bitter Blade|p2a: ATH
|-damage|p2a: ATH|32/100
|-heal|p1a: Ceruledge|46/100|[from] drain|[of] p2a: ATH
|-damage|p1a: Ceruledge|29/100|[from] item: Rocky Helmet|[of] p2a: ATH
|
|upkeep
|turn|3
|
|t:|1776048947
|move|p1a: Ceruledge|Bitter Blade|p2a: ATH
|-damage|p2a: ATH|0 fnt
|-heal|p1a: Ceruledge|50/100|[from] drain|[of] p2a: ATH
|-damage|p1a: Ceruledge|33/100|[from] item: Rocky Helmet|[of] p2a: ATH
|faint|p2a: ATH
|
|upkeep
|
|t:|1776048963
|switch|p2a: angelicide|Darkrai, shiny|100/100
|turn|4
|
|t:|1776048967
|move|p1a: Ceruledge|Shadow Sneak|p2a: angelicide
|-resisted|p2a: angelicide
|-damage|p2a: angelicide|79/100
|move|p2a: angelicide|Dark Pulse|p1a: Ceruledge
|-supereffective|p1a: Ceruledge
|-damage|p1a: Ceruledge|0 fnt
|faint|p1a: Ceruledge
|
|upkeep
|
|t:|1776048972
|switch|p1a: Grimmsnarl|Grimmsnarl, M, shiny|100/100
|turn|5
|
|t:|1776048977
|switch|p2a: heliopolis|Iron Treads|100/100
|move|p1a: Grimmsnarl|Light Screen|p1a: Grimmsnarl
|-sidestart|p1: HootHootHo|move: Light Screen
|
|upkeep
|turn|6
|
|t:|1776048985
|move|p1a: Grimmsnarl|Reflect|p1a: Grimmsnarl
|-sidestart|p1: HootHootHo|Reflect
|move|p2a: heliopolis|Knock Off|p1a: Grimmsnarl
|-resisted|p1a: Grimmsnarl
|-damage|p1a: Grimmsnarl|97/100
|-enditem|p1a: Grimmsnarl|Light Clay|[from] move: Knock Off|[of] p2a: heliopolis
|
|upkeep
|turn|7
|
|t:|1776048991
|-end|p2a: heliopolis|Quark Drive|[silent]
|switch|p2a: amethyst|Slowking-Galar, M, shiny|100/100
|switch|p1a: Cinderace|Cinderace, M|100/100
|
|upkeep
|turn|8
|
|t:|1776048997
|move|p1a: Cinderace|Pyro Ball|p2a: amethyst
|-damage|p2a: amethyst|57/100
|-prepare|p2a: amethyst|Chilly Reception|[premajor]
|move|p2a: amethyst|Chilly Reception|p2a: amethyst
|-weather|Snowscape
|
|t:|1776049004
|switch|p2a: tidal wave|Ogerpon-Wellspring, F|100/100|[from] Chilly Reception
|
|-weather|Snowscape|[upkeep]
|upkeep
|turn|9
|
|t:|1776049024
|-terastallize|p2a: tidal wave|Water
|detailschange|p2a: tidal wave|Ogerpon-Wellspring-Tera, F, tera:Water
|-ability|p2a: tidal wave|Embody Aspect (Wellspring)|boost
|-boost|p2a: tidal wave|spd|1
|move|p1a: Cinderace|Pyro Ball|p2a: tidal wave
|-resisted|p2a: tidal wave
|-damage|p2a: tidal wave|57/100
|move|p2a: tidal wave|Ivy Cudgel|p1a: Cinderace|[anim] Ivy Cudgel Water
|-supereffective|p1a: Cinderace
|-enditem|p1a: Cinderace|Focus Sash
|-damage|p1a: Cinderace|1/100
|
|-weather|Snowscape|[upkeep]
|upkeep
|turn|10
|
|t:|1776049036
|move|p1a: Cinderace|High Jump Kick|p2a: tidal wave
|-start|p1a: Cinderace|typechange|Fighting|[from] ability: Libero
|-damage|p2a: tidal wave|0 fnt
|faint|p2a: tidal wave
|detailschange|p2: tidal wave|Ogerpon-Wellspring, F|[silent]
|
|-weather|Snowscape|[upkeep]
|upkeep
|
|t:|1776049048
|switch|p2a: amethyst|Slowking-Galar, M, shiny|90/100
|turn|11
|
|t:|1776049052
|move|p1a: Cinderace|Sucker Punch|p2a: amethyst
|-supereffective|p2a: amethyst
|-damage|p2a: amethyst|52/100
|move|p2a: amethyst|Flamethrower|p1a: Cinderace
|-damage|p1a: Cinderace|0 fnt
|faint|p1a: Cinderace
|
|-weather|Snowscape|[upkeep]
|upkeep
|
|t:|1776049057
|switch|p1a: Braviary|Braviary-Hisui, M|100/100
|turn|12
|
|t:|1776049061
|move|p1a: Braviary|Calm Mind|p1a: Braviary
|-boost|p1a: Braviary|spa|1
|-boost|p1a: Braviary|spd|1
|move|p2a: amethyst|Ice Beam|p1a: Braviary
|-supereffective|p1a: Braviary
|-damage|p1a: Braviary|83/100
|
|-weather|none
|-heal|p1a: Braviary|89/100|[from] item: Leftovers
|-sideend|p1: HootHootHo|move: Light Screen
|upkeep
|turn|13
|
|t:|1776049067
|move|p1a: Braviary|Calm Mind|p1a: Braviary
|-boost|p1a: Braviary|spa|1
|-boost|p1a: Braviary|spd|1
|-prepare|p2a: amethyst|Chilly Reception|[premajor]
|move|p2a: amethyst|Chilly Reception|p2a: amethyst
|-weather|Snowscape
|
|t:|1776049073
|switch|p2a: flamewall|Blaziken, F, shiny|100/100|[from] Chilly Reception
|
|-weather|Snowscape|[upkeep]
|-heal|p1a: Braviary|95/100|[from] item: Leftovers
|-sideend|p1: HootHootHo|Reflect
|upkeep
|turn|14
|
|t:|1776049077
|move|p2a: flamewall|Protect|p2a: flamewall
|-singleturn|p2a: flamewall|Protect
|move|p1a: Braviary|Esper Wing|p2a: flamewall
|-activate|p2a: flamewall|move: Protect
|
|-weather|Snowscape|[upkeep]
|-heal|p1a: Braviary|100/100|[from] item: Leftovers
|-ability|p2a: flamewall|Speed Boost|boost
|-boost|p2a: flamewall|spe|1
|upkeep
|turn|15
|
|t:|1776049084
|move|p2a: flamewall|Flare Blitz|p1a: Braviary
|-damage|p1a: Braviary|20/100
|-damage|p2a: flamewall|70/100|[from] Recoil
|move|p1a: Braviary|Esper Wing|p2a: flamewall
|-supereffective|p2a: flamewall
|-damage|p2a: flamewall|0 fnt
|-boost|p1a: Braviary|spe|1
|faint|p2a: flamewall
|
|-weather|Snowscape|[upkeep]
|-heal|p1a: Braviary|26/100|[from] item: Leftovers
|upkeep
|
|t:|1776049087
|switch|p2a: angelicide|Darkrai, shiny|79/100
|turn|16
|
|t:|1776049095
|move|p1a: Braviary|Vacuum Wave|p2a: angelicide
|-supereffective|p2a: angelicide
|-damage|p2a: angelicide|12/100
|move|p2a: angelicide|Ice Beam|p1a: Braviary
|-supereffective|p1a: Braviary
|-damage|p1a: Braviary|0 fnt
|faint|p1a: Braviary
|
|-weather|Snowscape|[upkeep]
|upkeep
|
|t:|1776049107
|switch|p1a: Grimmsnarl|Grimmsnarl, M, shiny|97/100
|turn|17
|
|t:|1776049115
|switch|p2a: amethyst|Slowking-Galar, M, shiny|86/100
|move|p1a: Grimmsnarl|Light Screen|p1a: Grimmsnarl
|-sidestart|p1: HootHootHo|move: Light Screen
|
|-weather|none
|upkeep
|turn|18
|
|t:|1776049122
|move|p1a: Grimmsnarl|Thunder Wave|p2a: amethyst
|-status|p2a: amethyst|par
|cant|p2a: amethyst|par
|
|upkeep
|turn|19
|
|t:|1776049128
|switch|p1a: Great Tusk|Great Tusk|100/100
|-enditem|p1a: Great Tusk|Booster Energy
|-activate|p1a: Great Tusk|ability: Protosynthesis|[fromitem]
|-start|p1a: Great Tusk|protosynthesisspe
|move|p2a: amethyst|Sludge Bomb|p1a: Great Tusk
|-resisted|p1a: Great Tusk
|-crit|p1a: Great Tusk
|-damage|p1a: Great Tusk|66/100
|
|upkeep
|turn|20
|
|t:|1776049143
|switch|p2a: heliopolis|Iron Treads|100/100
|-terastallize|p1a: Great Tusk|Ghost
|move|p1a: Great Tusk|Bulk Up|p1a: Great Tusk
|-boost|p1a: Great Tusk|atk|1
|-boost|p1a: Great Tusk|def|1
|
|upkeep
|turn|21
|
|t:|1776049150
|move|p1a: Great Tusk|Rapid Spin|p2a: heliopolis
|-resisted|p2a: heliopolis
|-damage|p2a: heliopolis|90/100
|-boost|p1a: Great Tusk|spe|1
|move|p2a: heliopolis|Earthquake|p1a: Great Tusk
|-damage|p1a: Great Tusk|44/100
|
|-sideend|p1: HootHootHo|move: Light Screen
|upkeep
|turn|22
|
|t:|1776049158
|move|p1a: Great Tusk|Headlong Rush|p2a: heliopolis
|-supereffective|p2a: heliopolis
|-damage|p2a: heliopolis|0 fnt
|-unboost|p1a: Great Tusk|def|1
|-unboost|p1a: Great Tusk|spd|1
|faint|p2a: heliopolis
|-end|p2a: heliopolis|Quark Drive|[silent]
|
|upkeep
|
|t:|1776049162
|switch|p2a: angelicide|Darkrai, shiny|12/100
|turn|23
|
|t:|1776049165
|move|p1a: Great Tusk|Rapid Spin|p2a: angelicide
|-damage|p2a: angelicide|0 fnt
|-boost|p1a: Great Tusk|spe|1
|faint|p2a: angelicide
|
|upkeep
|-message|amylova1 forfeited.
|
|win|HootHootHo
|raw|HootHootHo's rating: 1459 &rarr; <strong>1485</strong><br />(+26 for winning)
|raw|amylova1's rating: 1567 &rarr; <strong>1541</strong><br />(-26 for losing)
|l|☆amylova1
|player|p2|
|l|☆HootHootHo
|player|p1|
