|html|<div class="broadcast-blue"><strong>[Gen 9] OU is currently suspecting Tera Blast! For information on how to participate check out the <a href="https://www.smogon.com/tools/suspects/view/200">suspect thread</a>.</strong></div>
|j|☆SkapintsevEnjoyer
|j|☆40kQrashy
|t:|1776179428
|gametype|singles
|player|p1|SkapintsevEnjoyer|preschooler|1100
|player|p2|40kQrashy|169|1070
|gen|9
|tier|[Gen 9] OU
|rated|
|rule|HP Percentage Mod: HP is shown in percentages
|rule|Endless Battle Clause: Forcing endless battles is banned
|rule|Species Clause: Limit one of each Pokémon
|rule|OHKO Clause: OHKO moves are banned
|rule|Evasion Items Clause: Evasion items are banned
|rule|Evasion Moves Clause: Evasion moves are banned
|rule|Evasion Abilities Clause: Evasion abilities are banned
|rule|Sleep Moves Clause: Sleep-inducing moves are banned
|clearpoke
|poke|p1|Corviknight, M|
|poke|p1|Gholdengo|
|poke|p1|Blaziken, M|
|poke|p1|Glimmora, M|
|poke|p1|Raging Bolt|
|poke|p1|Alomomola, M|
|poke|p2|Sableye, F|
|poke|p2|Slowking-Galar, M|
|poke|p2|Zamazenta-*|
|poke|p2|Great Tusk|
|poke|p2|Samurott-Hisui, F|
|poke|p2|Enamorus, F|
|teampreview
|
|t:|1776179455
|teamsize|p1|6
|teamsize|p2|6
|start
|switch|p1a: Glimmora|Glimmora, M|100/100
|switch|p2a: Samurott|Samurott-Hisui, F|100/100
|turn|1
|inactive|Battle timer is ON: inactive players will automatically lose when time's up. (requested by SkapintsevEnjoyer)
|
|t:|1776179467
|switch|p1a: Raging Bolt|Raging Bolt|100/100
|-enditem|p1a: Raging Bolt|Booster Energy
|-activate|p1a: Raging Bolt|ability: Protosynthesis|[fromitem]
|-start|p1a: Raging Bolt|protosynthesisspa
|move|p2a: Samurott|Razor Shell|p1a: Raging Bolt|[miss]
|-miss|p2a: Samurott|p1a: Raging Bolt
|
|upkeep
|turn|2
|
|t:|1776179474
|switch|p2a: Slowking|Slowking-Galar, M|100/100
|move|p1a: Raging Bolt|Thunderclap||[still]
|-fail|p1a: Raging Bolt
|
|upkeep
|turn|3
|
|t:|1776179482
|move|p1a: Raging Bolt|Thunderbolt|p2a: Slowking
|-damage|p2a: Slowking|63/100
|move|p2a: Slowking|Future Sight|p1a: Raging Bolt
|-start|p2a: Slowking|move: Future Sight
|
|upkeep
|turn|4
|
|t:|1776179487
|move|p1a: Raging Bolt|Thunderbolt|p2a: Slowking
|-damage|p2a: Slowking|30/100
|-prepare|p2a: Slowking|Chilly Reception|[premajor]
|move|p2a: Slowking|Chilly Reception|p2a: Slowking
|-weather|Snowscape
|
|t:|1776179489
|switch|p2a: Great Tusk|Great Tusk|100/100|[from] Chilly Reception
|
|-weather|Snowscape|[upkeep]
|upkeep
|turn|5
|
|t:|1776179503
|-end|p1a: Raging Bolt|Protosynthesis|[silent]
|switch|p1a: Corviknight|Corviknight, M|100/100
|-ability|p1a: Corviknight|Pressure
|move|p2a: Great Tusk|Headlong Rush|p1a: Corviknight
|-immune|p1a: Corviknight
|
|-weather|Snowscape|[upkeep]
|-end|p1a: Corviknight|move: Future Sight
|-resisted|p1a: Corviknight
|-damage|p1a: Corviknight|81/100
|upkeep
|turn|6
|
|t:|1776179522
|-end|p2a: Great Tusk|Protosynthesis|[silent]
|switch|p2a: Slowking|Slowking-Galar, M|63/100
|move|p1a: Corviknight|Roost|p1a: Corviknight
|-heal|p1a: Corviknight|100/100
|-singleturn|p1a: Corviknight|move: Roost
|
|-weather|Snowscape|[upkeep]
|upkeep
|turn|7
|
|t:|1776179530
|move|p1a: Corviknight|Brave Bird|p2a: Slowking
|-damage|p2a: Slowking|20/100
|-damage|p1a: Corviknight|86/100|[from] Recoil
|move|p2a: Slowking|Future Sight|p1a: Corviknight
|-start|p2a: Slowking|move: Future Sight
|
|-weather|Snowscape|[upkeep]
|upkeep
|turn|8
|
|t:|1776179538
|switch|p2a: Sableye|Sableye, F|100/100
|move|p1a: Corviknight|Brave Bird|p2a: Sableye
|-damage|p2a: Sableye|56/100
|-damage|p1a: Corviknight|74/100|[from] Recoil
|
|-weather|none
|-heal|p2a: Sableye|62/100|[from] item: Leftovers
|upkeep
|turn|9
|
|t:|1776179544
|move|p2a: Sableye|Will-O-Wisp|p1a: Corviknight
|-status|p1a: Corviknight|brn
|move|p1a: Corviknight|U-turn|p2a: Sableye
|-damage|p2a: Sableye|54/100
|
|t:|1776179551
|switch|p1a: Glimmora|Glimmora, M|100/100|[from] U-turn
|
|-end|p1a: Glimmora|move: Future Sight
|-supereffective|p1a: Glimmora
|-damage|p1a: Glimmora|0 fnt
|faint|p1a: Glimmora
|-heal|p2a: Sableye|61/100|[from] item: Leftovers
|upkeep
|c|☆SkapintsevEnjoyer|damn
|c|☆SkapintsevEnjoyer|I hate that move
|
|t:|1776179565
|switch|p1a: Blaziken|Blaziken, M|100/100
|turn|10
|
|t:|1776179572
|move|p2a: Sableye|Recover|p2a: Sableye
|-heal|p2a: Sableye|100/100
|move|p1a: Blaziken|Swords Dance|p1a: Blaziken
|-boost|p1a: Blaziken|atk|2
|
|-ability|p1a: Blaziken|Speed Boost|boost
|-boost|p1a: Blaziken|spe|1
|upkeep
|turn|11
|
|t:|1776179579
|move|p2a: Sableye|Encore|p1a: Blaziken
|-start|p1a: Blaziken|Encore
|move|p1a: Blaziken|Swords Dance|p1a: Blaziken
|-boost|p1a: Blaziken|atk|2
|
|-ability|p1a: Blaziken|Speed Boost|boost
|-boost|p1a: Blaziken|spe|1
|upkeep
|turn|12
|
|t:|1776179584
|move|p2a: Sableye|Confuse Ray|p1a: Blaziken
|-start|p1a: Blaziken|confusion
|-activate|p1a: Blaziken|confusion
|move|p1a: Blaziken|Swords Dance|p1a: Blaziken
|-boost|p1a: Blaziken|atk|2
|
|-ability|p1a: Blaziken|Speed Boost|boost
|-boost|p1a: Blaziken|spe|1
|upkeep
|turn|13
|
|t:|1776179593
|move|p2a: Sableye|Will-O-Wisp|p1a: Blaziken
|-immune|p1a: Blaziken
|-activate|p1a: Blaziken|confusion
|-damage|p1a: Blaziken|25/100|[from] confusion
|
|-end|p1a: Blaziken|Encore
|-ability|p1a: Blaziken|Speed Boost|boost
|-boost|p1a: Blaziken|spe|1
|upkeep
|turn|14
|
|t:|1776179601
|move|p2a: Sableye|Encore|p1a: Blaziken
|-start|p1a: Blaziken|Encore
|-end|p1a: Blaziken|confusion
|move|p1a: Blaziken|Swords Dance|p1a: Blaziken
|-boost|p1a: Blaziken|atk|0
|
|-ability|p1a: Blaziken|Speed Boost|boost
|-boost|p1a: Blaziken|spe|1
|upkeep
|turn|15
|
|t:|1776179608
|move|p2a: Sableye|Confuse Ray|p1a: Blaziken
|-start|p1a: Blaziken|confusion
|-activate|p1a: Blaziken|confusion
|-damage|p1a: Blaziken|0 fnt|[from] confusion
|faint|p1a: Blaziken
|
|upkeep
|-message|SkapintsevEnjoyer forfeited.
|
|win|40kQrashy
|raw|SkapintsevEnjoyer's rating: 1100 &rarr; <strong>1073</strong><br />(-27 for losing)
|raw|40kQrashy's rating: 1070 &rarr; <strong>1102</strong><br />(+32 for winning)
|l|☆SkapintsevEnjoyer
|player|p1|
