|html|<div class="broadcast-blue"><strong>[Gen 9] OU is currently suspecting Tera Blast! For information on how to participate check out the <a href="https://www.smogon.com/tools/suspects/view/200">suspect thread</a>.</strong></div>
|j|☆Yxng_K1NG
|j|☆bonycrow
|t:|1776032295
|gametype|singles
|player|p1|Yxng_K1NG|102|1054
|player|p2|bonycrow|170|1115
|gen|9
|tier|[Gen 9] OU
|rated|
|rule|HP Percentage Mod: HP is shown in percentages
|rule|Endless Battle Clause: Forcing endless battles is banned
|rule|Species Clause: Limit one of each Pokémon
|rule|OHKO Clause: OHKO moves are banned
|rule|Evasion Items Clause: Evasion items are banned
|rule|Evasion Moves Clause: Evasion moves are banned
|rule|Evasion Abilities Clause: Evasion abilities are banned
|rule|Sleep Moves Clause: Sleep-inducing moves are banned
|clearpoke
|poke|p1|Hawlucha, M|
|poke|p1|Hydreigon, M|
|poke|p1|Banette, M|
|poke|p1|Feraligatr, M|
|poke|p1|Krookodile, M|
|poke|p1|Leavanny, M|
|poke|p2|Dragonite, M|
|poke|p2|Corviknight, M|
|poke|p2|Gastrodon-East, M|
|poke|p2|Clefable, M|
|poke|p2|Meowscarada, F|
|poke|p2|Iron Moth|
|teampreview
|inactive|Battle timer is ON: inactive players will automatically lose when time's up. (requested by Yxng_K1NG)
|
|t:|1776032319
|teamsize|p1|6
|teamsize|p2|6
|start
|switch|p1a: Stick Bug?|Leavanny, M, shiny|100/100
|switch|p2a: Circe|Meowscarada, F|100/100
|turn|1
|inactive|bonycrow has 120 seconds left.
|
|t:|1776032365
|move|p2a: Circe|Triple Axel|p1a: Stick Bug?
|-start|p2a: Circe|typechange|Ice|[from] ability: Protean
|-supereffective|p1a: Stick Bug?
|-damage|p1a: Stick Bug?|68/100
|-supereffective|p1a: Stick Bug?
|-damage|p1a: Stick Bug?|0 fnt
|faint|p1a: Stick Bug?
|-hitcount|p1: Stick Bug?|2
|-damage|p2a: Circe|91/100|[from] item: Life Orb
|
|upkeep
|
|t:|1776032382
|switch|p1a: Mr. K|Krookodile, M, shiny|100/100
|-ability|p1a: Mr. K|Intimidate|boost
|-unboost|p2a: Circe|atk|1
|turn|2
|
|t:|1776032388
|switch|p2a: Omen|Corviknight, M, shiny|100/100
|move|p1a: Mr. K|Bulk Up|p1a: Mr. K
|-boost|p1a: Mr. K|atk|1
|-boost|p1a: Mr. K|def|1
|
|upkeep
|turn|3
|inactive|bonycrow has 120 seconds left.
|
|t:|1776032396
|move|p1a: Mr. K|Bulk Up|p1a: Mr. K
|-boost|p1a: Mr. K|atk|1
|-boost|p1a: Mr. K|def|1
|move|p2a: Omen|U-turn|p1a: Mr. K
|-supereffective|p1a: Mr. K
|-damage|p1a: Mr. K|81/100
|inactive|bonycrow has 120 seconds left.
|
|t:|1776032402
|switch|p2a: Tink|Clefable, M|100/100|[from] U-turn
|
|-heal|p1a: Mr. K|87/100|[from] item: Leftovers
|upkeep
|turn|4
|
|t:|1776032409
|move|p1a: Mr. K|Bulk Up|p1a: Mr. K
|-boost|p1a: Mr. K|atk|1
|-boost|p1a: Mr. K|def|1
|move|p2a: Tink|Moonblast|p1a: Mr. K
|-supereffective|p1a: Mr. K
|-damage|p1a: Mr. K|6/100
|
|-heal|p1a: Mr. K|12/100|[from] item: Leftovers
|upkeep
|turn|5
|
|t:|1776032419
|move|p1a: Mr. K|Earthquake|p2a: Tink
|-damage|p2a: Tink|64/100
|move|p2a: Tink|Moonblast|p1a: Mr. K
|-supereffective|p1a: Mr. K
|-damage|p1a: Mr. K|0 fnt
|faint|p1a: Mr. K
|
|upkeep
|
|t:|1776032426
|switch|p1a: Mysterio|Hawlucha, M, shiny|100/100
|turn|6
|
|t:|1776032430
|move|p1a: Mysterio|Swords Dance|p1a: Mysterio
|-boost|p1a: Mysterio|atk|2
|move|p2a: Tink|Moonblast|p1a: Mysterio
|-supereffective|p1a: Mysterio
|-crit|p1a: Mysterio
|-damage|p1a: Mysterio|0 fnt
|faint|p1a: Mysterio
|
|upkeep
|
|t:|1776032433
|switch|p1a: Triple|Hydreigon, M, shiny|100/100
|turn|7
|
|t:|1776032440
|move|p1a: Triple|Flamethrower|p2a: Tink
|-damage|p2a: Tink|36/100
|move|p2a: Tink|Moonblast|p1a: Triple
|-supereffective|p1a: Triple
|-damage|p1a: Triple|0 fnt
|faint|p1a: Triple
|
|upkeep
|
|t:|1776032443
|switch|p1a: Shadow|Banette, M, shiny|100/100
|-item|p2a: Tink|Heavy-Duty Boots|[from] ability: Frisk|[of] p1a: Shadow
|turn|8
|
|t:|1776032453
|move|p1a: Shadow|Destiny Bond|p1a: Shadow
|-singlemove|p1a: Shadow|Destiny Bond
|move|p2a: Tink|Moonblast|p1a: Shadow
|-damage|p1a: Shadow|42/100
|
|upkeep
|turn|9
|
|t:|1776032480
|move|p1a: Shadow|Destiny Bond||[still]
|-fail|p1a: Shadow
|move|p2a: Tink|Moonblast|p1a: Shadow
|-damage|p1a: Shadow|0 fnt
|faint|p1a: Shadow
|
|upkeep
|
|t:|1776032486
|switch|p1a: Aqua|Feraligatr, M, shiny|100/100
|turn|10
|
|t:|1776032492
|-terastallize|p1a: Aqua|Water
|move|p1a: Aqua|Liquidation|p2a: Tink
|-damage|p2a: Tink|0 fnt
|faint|p2a: Tink
|
|upkeep
|
|t:|1776032509
|switch|p2a: Circe|Meowscarada, F|91/100
|turn|11
|
|t:|1776032513
|move|p2a: Circe|Flower Trick|p1a: Aqua
|-start|p2a: Circe|typechange|Grass|[from] ability: Protean
|-supereffective|p1a: Aqua
|-crit|p1a: Aqua
|-damage|p1a: Aqua|0 fnt
|faint|p1a: Aqua
|-damage|p2a: Circe|81/100|[from] item: Life Orb
|
|win|bonycrow
|raw|Yxng_K1NG's rating: 1054 &rarr; <strong>1039</strong><br />(-15 for losing)
|raw|bonycrow's rating: 1115 &rarr; <strong>1136</strong><br />(+21 for winning)
|l|☆Yxng_K1NG
|player|p1|
|l|☆bonycrow
|player|p2|
