|html|<div class="broadcast-blue"><strong>[Gen 9] OU is currently suspecting Tera Blast! For information on how to participate check out the <a href="https://www.smogon.com/tools/suspects/view/200">suspect thread</a>.</strong></div>
|j|☆pokenoob123p
|j|☆MarcElf22
|t:|1776229224
|gametype|singles
|player|p1|pokenoob123p|265|
|player|p2|MarcElf22|hilbert-wonderlauncher|
|gen|9
|tier|[Gen 9] OU
|rule|HP Percentage Mod: HP is shown in percentages
|rule|Endless Battle Clause: Forcing endless battles is banned
|rule|Species Clause: Limit one of each Pokémon
|rule|OHKO Clause: OHKO moves are banned
|rule|Evasion Items Clause: Evasion items are banned
|rule|Evasion Moves Clause: Evasion moves are banned
|rule|Evasion Abilities Clause: Evasion abilities are banned
|rule|Sleep Moves Clause: Sleep-inducing moves are banned
|clearpoke
|poke|p1|Cinccino, F|
|poke|p1|Snorlax, M|
|poke|p1|Ursaluna, M|
|poke|p1|Deoxys-Speed|
|poke|p1|Iron Valiant|
|poke|p1|Corviknight, M|
|poke|p2|Flamigo, M|
|poke|p2|Scrafty, M|
|poke|p2|Garganacl, M|
|poke|p2|Azumarill, F|
|poke|p2|Reuniclus, M|
|poke|p2|Scovillain, M|
|teampreview
|inactive|Battle timer is ON: inactive players will automatically lose when time's up. (requested by MarcElf22)
|inactiveoff|Battle timer is now OFF.
|c|☆pokenoob123p|whats the point of playing when you already won, and no need to apologize for timer
|
|t:|1776229252
|teamsize|p1|6
|teamsize|p2|6
|start
|switch|p1a: Iron Valiant|Iron Valiant|100/100
|switch|p2a: Quiet Kid|Reuniclus, M, shiny|100/100
|turn|1
|
|t:|1776229265
|move|p1a: Iron Valiant|Moonblast|p2a: Quiet Kid
|-damage|p2a: Quiet Kid|57/100
|move|p2a: Quiet Kid|Trick Room|p2a: Quiet Kid
|-fieldstart|move: Trick Room|[of] p2a: Quiet Kid
|
|upkeep
|turn|2
|
|t:|1776229282
|move|p2a: Quiet Kid|Psychic Noise|p1a: Iron Valiant
|-supereffective|p1a: Iron Valiant
|-damage|p1a: Iron Valiant|0 fnt
|faint|p1a: Iron Valiant
|-end|p1a: Iron Valiant|Quark Drive|[silent]
|
|upkeep
|
|t:|1776229291
|switch|p1a: Deoxys|Deoxys-Speed|100/100
|-ability|p1a: Deoxys|Pressure
|turn|3
|
|t:|1776229298
|move|p1a: Deoxys|Protect|p1a: Deoxys
|-singleturn|p1a: Deoxys|Protect
|move|p2a: Quiet Kid|Shadow Ball|p1a: Deoxys
|-activate|p1a: Deoxys|move: Protect
|
|upkeep
|turn|4
|
|t:|1776229306
|switch|p1a: Ursaluna|Ursaluna, M|100/100
|move|p2a: Quiet Kid|Shadow Ball|p1a: Ursaluna
|-immune|p1a: Ursaluna
|
|-status|p1a: Ursaluna|brn|[from] item: Flame Orb
|upkeep
|turn|5
|
|t:|1776229320
|move|p2a: Quiet Kid|Psychic Noise|p1a: Ursaluna
|-damage|p1a: Ursaluna|56/100 brn
|-start|p1a: Ursaluna|move: Heal Block
|move|p1a: Ursaluna|Facade|p2a: Quiet Kid
|-damage|p2a: Quiet Kid|0 fnt
|faint|p2a: Quiet Kid
|
|-damage|p1a: Ursaluna|50/100 brn|[from] brn
|-fieldend|move: Trick Room
|upkeep
|
|t:|1776229332
|switch|p2a: Bubbles|Azumarill, F|100/100
|turn|6
|
|t:|1776229343
|move|p2a: Bubbles|Aqua Jet|p1a: Ursaluna
|-supereffective|p1a: Ursaluna
|-damage|p1a: Ursaluna|12/100 brn
|move|p1a: Ursaluna|Facade|p2a: Bubbles
|-damage|p2a: Bubbles|0 fnt
|faint|p2a: Bubbles
|
|-damage|p1a: Ursaluna|6/100 brn|[from] brn
|-end|p1a: Ursaluna|move: Heal Block
|upkeep
|c|☆pokenoob123p|not enough skills to show me anything huh
|c|☆pokenoob123p|so much skill issues
|
|t:|1776229371
|switch|p2a: RockSalt|Garganacl, M|100/100
|turn|7
|
|t:|1776229393
|move|p1a: Ursaluna|Drain Punch|p2a: RockSalt
|-supereffective|p2a: RockSalt
|-damage|p2a: RockSalt|47/100
|-heal|p1a: Ursaluna|26/100 brn|[from] drain|[of] p2a: RockSalt
|move|p2a: RockSalt|Avalanche|p1a: Ursaluna
|-supereffective|p1a: Ursaluna
|-damage|p1a: Ursaluna|0 fnt
|faint|p1a: Ursaluna
|
|upkeep
|
|t:|1776229405
|switch|p1a: Corviknight|Corviknight, M|100/100
|turn|8
|
|t:|1776229415
|move|p1a: Corviknight|Body Press|p2a: RockSalt
|-supereffective|p2a: RockSalt
|-damage|p2a: RockSalt|19/100
|-damage|p1a: Corviknight|91/100|[from] item: Life Orb
|move|p2a: RockSalt|Salt Cure|p1a: Corviknight
|-damage|p1a: Corviknight|75/100
|-start|p1a: Corviknight|Salt Cure
|
|-damage|p1a: Corviknight|50/100|[from] Salt Cure
|upkeep
|turn|9
|
|t:|1776229427
|move|p1a: Corviknight|Flash Cannon|p2a: RockSalt
|-supereffective|p2a: RockSalt
|-damage|p2a: RockSalt|0 fnt
|faint|p2a: RockSalt
|-damage|p1a: Corviknight|40/100|[from] item: Life Orb
|
|-damage|p1a: Corviknight|16/100|[from] Salt Cure
|upkeep
|
|t:|1776229444
|switch|p2a: Resting Face|Scrafty, M|100/100
|-ability|p2a: Resting Face|Intimidate|boost
|-ability|p1a: Corviknight|Mirror Armor
|-unboost|p2a: Resting Face|atk|1
|turn|10
|
|t:|1776229466
|switch|p2a: Scovillain|Scovillain, M|100/100
|move|p1a: Corviknight|Body Press|p2a: Scovillain
|-damage|p2a: Scovillain|58/100
|-damage|p1a: Corviknight|6/100|[from] item: Life Orb
|
|-damage|p1a: Corviknight|0 fnt|[from] Salt Cure
|faint|p1a: Corviknight
|upkeep
|
|t:|1776229479
|switch|p1a: Cinccino|Cinccino, F|100/100
|turn|11
|
|t:|1776229491
|move|p1a: Cinccino|Tidy Up|p1a: Cinccino
|-boost|p1a: Cinccino|atk|1
|-boost|p1a: Cinccino|spe|1
|move|p2a: Scovillain|Burning Jealousy|p1a: Cinccino
|-damage|p1a: Cinccino|38/100
|-status|p1a: Cinccino|brn
|
|-damage|p1a: Cinccino|32/100 brn|[from] brn
|upkeep
|turn|12
|c|☆pokenoob123p|i learned
|
|t:|1776229509
|move|p1a: Cinccino|Rock Blast|p2a: Scovillain
|-supereffective|p2a: Scovillain
|-damage|p2a: Scovillain|40/100
|-supereffective|p2a: Scovillain
|-damage|p2a: Scovillain|20/100
|-supereffective|p2a: Scovillain
|-damage|p2a: Scovillain|0 fnt
|faint|p2a: Scovillain
|-hitcount|p2: Scovillain|3
|
|-damage|p1a: Cinccino|26/100 brn|[from] brn
|upkeep
|
|t:|1776229520
|switch|p2a: Resting Face|Scrafty, M|100/100
|-ability|p2a: Resting Face|Intimidate|boost
|-unboost|p1a: Cinccino|atk|1
|turn|13
|
|t:|1776229531
|-terastallize|p2a: Resting Face|Steel
|move|p1a: Cinccino|Triple Axel|p2a: Resting Face
|-resisted|p2a: Resting Face
|-damage|p2a: Resting Face|99/100
|-resisted|p2a: Resting Face
|-damage|p2a: Resting Face|97/100
|-resisted|p2a: Resting Face
|-damage|p2a: Resting Face|93/100
|-hitcount|p2a: Resting Face|3
|move|p2a: Resting Face|Drain Punch|p1a: Cinccino
|-supereffective|p1a: Cinccino
|-damage|p1a: Cinccino|0 fnt
|-heal|p2a: Resting Face|100/100|[from] drain|[of] p1a: Cinccino
|faint|p1a: Cinccino
|
|upkeep
|
|t:|1776229546
|switch|p1a: Deoxys|Deoxys-Speed|100/100
|-ability|p1a: Deoxys|Pressure
|turn|14
|
|t:|1776229564
|switch|p1a: Snorlax|Snorlax, M|100/100
|move|p2a: Resting Face|Dragon Dance|p2a: Resting Face
|-boost|p2a: Resting Face|atk|1
|-boost|p2a: Resting Face|spe|1
|
|upkeep
|turn|15
|
|t:|1776229572
|move|p2a: Resting Face|Dragon Dance|p2a: Resting Face
|-boost|p2a: Resting Face|atk|1
|-boost|p2a: Resting Face|spe|1
|move|p1a: Snorlax|Body Press|p2a: Resting Face
|-supereffective|p2a: Resting Face
|-damage|p2a: Resting Face|67/100
|
|upkeep
|turn|16
|
|t:|1776229579
|move|p2a: Resting Face|Drain Punch|p1a: Snorlax
|-supereffective|p1a: Snorlax
|-damage|p1a: Snorlax|0 fnt
|-heal|p2a: Resting Face|100/100|[from] drain|[of] p1a: Snorlax
|-damage|p2a: Resting Face|84/100|[from] item: Rocky Helmet|[of] p1a: Snorlax
|faint|p1a: Snorlax
|
|upkeep
|
|t:|1776229587
|switch|p1a: Deoxys|Deoxys-Speed|100/100
|-ability|p1a: Deoxys|Pressure
|turn|17
|
|t:|1776229596
|move|p1a: Deoxys|Psycho Boost|p2a: Resting Face
|-resisted|p2a: Resting Face
|-damage|p2a: Resting Face|52/100
|-unboost|p1a: Deoxys|spa|2
|move|p2a: Resting Face|Drain Punch|p1a: Deoxys
|-resisted|p1a: Deoxys
|-crit|p1a: Deoxys
|-damage|p1a: Deoxys|17/100
|-heal|p2a: Resting Face|89/100|[from] drain|[of] p1a: Deoxys
|
|-heal|p1a: Deoxys|23/100|[from] item: Leftovers
|upkeep
|turn|18
|c|☆pokenoob123p|why in 2h
|c|☆pokenoob123p|dont you have school btw?
|c|☆pokenoob123p|....so why stay up so late?
|
|t:|1776229643
|-terastallize|p1a: Deoxys|Fairy
|move|p1a: Deoxys|Psycho Boost|p2a: Resting Face
|-resisted|p2a: Resting Face
|-damage|p2a: Resting Face|72/100
|-unboost|p1a: Deoxys|spa|2
|move|p2a: Resting Face|Drain Punch|p1a: Deoxys
|-resisted|p1a: Deoxys
|-damage|p1a: Deoxys|0 fnt
|-heal|p2a: Resting Face|82/100|[from] drain|[of] p1a: Deoxys
|faint|p1a: Deoxys
|
|win|MarcElf22
|l|☆pokenoob123p
|player|p1|
