|html|<div class="broadcast-blue"><strong>[Gen 9] OU is currently suspecting Tera Blast! For information on how to participate check out the <a href="https://www.smogon.com/tools/suspects/view/200">suspect thread</a>.</strong></div>
|j|☆guyttt
|j|☆gokuzera
|t:|1776105864
|gametype|singles
|player|p1|guyttt|iris|1080
|player|p2|gokuzera|wallace|1073
|gen|9
|tier|[Gen 9] OU
|rated|
|rule|HP Percentage Mod: HP is shown in percentages
|rule|Endless Battle Clause: Forcing endless battles is banned
|rule|Species Clause: Limit one of each Pokémon
|rule|OHKO Clause: OHKO moves are banned
|rule|Evasion Items Clause: Evasion items are banned
|rule|Evasion Moves Clause: Evasion moves are banned
|rule|Evasion Abilities Clause: Evasion abilities are banned
|rule|Sleep Moves Clause: Sleep-inducing moves are banned
|clearpoke
|poke|p1|Incineroar, M|
|poke|p1|Thundurus, M|
|poke|p1|Ogerpon, F|
|poke|p1|Gligar, M|
|poke|p1|Sylveon, M|
|poke|p1|Enamorus, F|
|poke|p2|Sinistcha-Masterpiece|
|poke|p2|Cloyster, F|
|poke|p2|Gliscor, M|
|poke|p2|Rotom-Heat|
|poke|p2|Okidogi, M|
|poke|p2|Deoxys-Defense|
|teampreview
|
|t:|1776105889
|teamsize|p1|6
|teamsize|p2|6
|start
|switch|p1a: Thundurus|Thundurus, M|100/100
|switch|p2a: Deoxys|Deoxys-Defense|100/100
|-ability|p2a: Deoxys|Pressure
|turn|1
|
|t:|1776105896
|move|p1a: Thundurus|Taunt|p2a: Deoxys
|-start|p2a: Deoxys|move: Taunt
|cant|p2a: Deoxys|move: Taunt|Light Screen
|
|upkeep
|turn|2
|
|t:|1776105905
|switch|p2a: Gliscor|Gliscor, M|100/100
|move|p1a: Thundurus|Thunder Wave|p2a: Gliscor
|-immune|p2a: Gliscor
|
|-status|p2a: Gliscor|tox|[from] item: Toxic Orb
|upkeep
|turn|3
|
|t:|1776105914
|move|p1a: Thundurus|Taunt|p2a: Gliscor
|-start|p2a: Gliscor|move: Taunt
|cant|p2a: Gliscor|move: Taunt|Toxic
|
|upkeep
|turn|4
|
|t:|1776105920
|switch|p1a: Gligar|Gligar, M|100/100
|switch|p2a: Deoxys|Deoxys-Defense|100/100
|-ability|p2a: Deoxys|Pressure
|
|upkeep
|turn|5
|
|t:|1776105925
|move|p1a: Gligar|Toxic|p2a: Deoxys
|-status|p2a: Deoxys|tox
|move|p2a: Deoxys|Stealth Rock|p1a: Gligar
|-sidestart|p1: guyttt|move: Stealth Rock
|
|-damage|p2a: Deoxys|94/100 tox|[from] psn
|upkeep
|turn|6
|
|t:|1776105932
|move|p1a: Gligar|Stealth Rock|p2a: Deoxys
|-sidestart|p2: gokuzera|move: Stealth Rock
|move|p2a: Deoxys|Reflect|p2a: Deoxys
|-sidestart|p2: gokuzera|Reflect
|
|-heal|p2a: Deoxys|100/100 tox|[from] item: Leftovers
|-damage|p2a: Deoxys|88/100 tox|[from] psn
|upkeep
|turn|7
|
|t:|1776105944
|switch|p1a: Thundurus|Thundurus, M|100/100
|move|p2a: Deoxys|Light Screen|p2a: Deoxys
|-sidestart|p2: gokuzera|move: Light Screen
|
|-heal|p2a: Deoxys|94/100 tox|[from] item: Leftovers
|-damage|p2a: Deoxys|76/100 tox|[from] psn
|upkeep
|turn|8
|
|t:|1776105963
|switch|p2a: Cloyster|Cloyster, F|100/100
|-damage|p2a: Cloyster|76/100|[from] Stealth Rock
|move|p1a: Thundurus|Volt Switch|p2a: Cloyster
|-supereffective|p2a: Cloyster
|-damage|p2a: Cloyster|0 fnt
|faint|p2a: Cloyster
|
|t:|1776105995
|switch|p1a: Gligar|Gligar, M|100/100|[from] Volt Switch
|-damage|p1a: Gligar|88/100|[from] Stealth Rock
|
|upkeep
|
|t:|1776106028
|switch|p2a: Gliscor|Gliscor, M|100/100 tox
|-damage|p2a: Gliscor|88/100 tox|[from] Stealth Rock
|turn|9
|
|t:|1776106033
|move|p2a: Gliscor|Toxic|p1a: Gligar
|-immune|p1a: Gligar|[from] ability: Immunity
|move|p1a: Gligar|Crabhammer|p2a: Gliscor
|-supereffective|p2a: Gliscor
|-damage|p2a: Gliscor|67/100 tox
|
|-heal|p2a: Gliscor|80/100 tox|[from] ability: Poison Heal
|upkeep
|turn|10
|
|t:|1776106047
|switch|p2a: Sinistcha|Sinistcha-Masterpiece|100/100
|-damage|p2a: Sinistcha|88/100|[from] Stealth Rock
|move|p1a: Gligar|Crabhammer|p2a: Sinistcha
|-resisted|p2a: Sinistcha
|-damage|p2a: Sinistcha|82/100
|
|-sideend|p2: gokuzera|Reflect
|upkeep
|turn|11
|
|t:|1776106057
|move|p1a: Gligar|Toxic|p2a: Sinistcha
|-status|p2a: Sinistcha|tox
|move|p2a: Sinistcha|Nasty Plot|p2a: Sinistcha
|-boost|p2a: Sinistcha|spa|2
|
|-damage|p2a: Sinistcha|76/100 tox|[from] psn
|-sideend|p2: gokuzera|move: Light Screen
|upkeep
|turn|12
|
|t:|1776106089
|switch|p1a: Thundurus|Thundurus, M|100/100
|move|p2a: Sinistcha|Matcha Gotcha|p1a: Thundurus
|-resisted|p1a: Thundurus
|-damage|p1a: Thundurus|51/100
|-heal|p2a: Sinistcha|100/100 tox|[from] drain|[of] p1a: Thundurus
|
|-damage|p2a: Sinistcha|88/100 tox|[from] psn
|upkeep
|turn|13
|
|t:|1776106100
|switch|p2a: Gliscor|Gliscor, M|80/100 tox
|-damage|p2a: Gliscor|67/100 tox|[from] Stealth Rock
|move|p1a: Thundurus|Wildbolt Storm|p2a: Gliscor
|-immune|p2a: Gliscor
|
|-heal|p2a: Gliscor|80/100 tox|[from] ability: Poison Heal
|upkeep
|turn|14
|
|t:|1776106107
|switch|p1a: Gligar|Gligar, M|88/100
|-damage|p1a: Gligar|76/100|[from] Stealth Rock
|move|p2a: Gliscor|Toxic|p1a: Gligar
|-immune|p1a: Gligar|[from] ability: Immunity
|
|-heal|p2a: Gliscor|92/100 tox|[from] ability: Poison Heal
|upkeep
|turn|15
|
|t:|1776106119
|switch|p2a: Sinistcha|Sinistcha-Masterpiece|88/100 tox
|-damage|p2a: Sinistcha|76/100 tox|[from] Stealth Rock
|switch|p1a: Sylveon|Sylveon, M|100/100
|-damage|p1a: Sylveon|88/100|[from] Stealth Rock
|
|-damage|p2a: Sinistcha|70/100 tox|[from] psn
|upkeep
|turn|16
|
|t:|1776106125
|move|p2a: Sinistcha|Matcha Gotcha|p1a: Sylveon
|-damage|p1a: Sylveon|70/100
|-heal|p2a: Sinistcha|83/100 tox|[from] drain|[of] p1a: Sylveon
|move|p1a: Sylveon|Shadow Ball|p2a: Sinistcha
|-supereffective|p2a: Sinistcha
|-damage|p2a: Sinistcha|0 fnt
|faint|p2a: Sinistcha
|
|upkeep
|
|t:|1776106152
|switch|p2a: Okidogi|Okidogi, M|100/100
|-damage|p2a: Okidogi|95/100|[from] Stealth Rock
|turn|17
|
|t:|1776106156
|move|p2a: Okidogi|Gunk Shot|p1a: Sylveon
|-supereffective|p1a: Sylveon
|-damage|p1a: Sylveon|0 fnt
|faint|p1a: Sylveon
|-damage|p2a: Okidogi|85/100|[from] item: Life Orb
|
|upkeep
|
|t:|1776106159
|switch|p1a: Thundurus|Thundurus, M|51/100
|turn|18
|
|t:|1776106172
|move|p1a: Thundurus|Thunder Wave|p2a: Okidogi
|-status|p2a: Okidogi|par
|cant|p2a: Okidogi|par
|
|upkeep
|turn|19
|
|t:|1776106178
|move|p1a: Thundurus|Volt Switch|p2a: Okidogi
|-damage|p2a: Okidogi|39/100 par
|
|t:|1776106184
|switch|p1a: Gligar|Gligar, M|76/100|[from] Volt Switch
|-damage|p1a: Gligar|64/100|[from] Stealth Rock
|move|p2a: Okidogi|Thunder Punch|p1a: Gligar
|-immune|p1a: Gligar
|
|upkeep
|turn|20
|
|t:|1776106208
|move|p1a: Gligar|Earthquake|p2a: Okidogi
|-supereffective|p2a: Okidogi
|-damage|p2a: Okidogi|0 fnt
|faint|p2a: Okidogi
|
|upkeep
|
|t:|1776106212
|switch|p2a: Rotom|Rotom-Heat|100/100
|-damage|p2a: Rotom|76/100|[from] Stealth Rock
|turn|21
|
|t:|1776106221
|move|p1a: Gligar|Crabhammer|p2a: Rotom
|-supereffective|p2a: Rotom
|-damage|p2a: Rotom|30/100
|move|p2a: Rotom|Overheat|p1a: Gligar
|-damage|p1a: Gligar|0 fnt
|-unboost|p2a: Rotom|spa|2
|faint|p1a: Gligar
|
|upkeep
|
|t:|1776106231
|switch|p1a: Enamorus|Enamorus, F|100/100
|-damage|p1a: Enamorus|76/100|[from] Stealth Rock
|turn|22
|
|t:|1776106239
|switch|p2a: Deoxys|Deoxys-Defense|76/100 tox
|-damage|p2a: Deoxys|63/100 tox|[from] Stealth Rock
|-ability|p2a: Deoxys|Pressure
|move|p1a: Enamorus|Superpower|p2a: Deoxys
|-resisted|p2a: Deoxys
|-damage|p2a: Deoxys|48/100 tox
|-boost|p1a: Enamorus|atk|1
|-boost|p1a: Enamorus|def|1
|
|-heal|p1a: Enamorus|82/100|[from] item: Leftovers
|-heal|p2a: Deoxys|54/100 tox|[from] item: Leftovers
|-damage|p2a: Deoxys|48/100 tox|[from] psn
|upkeep
|turn|23
|
|t:|1776106252
|move|p1a: Enamorus|Play Rough|p2a: Deoxys
|-damage|p2a: Deoxys|0 fnt
|faint|p2a: Deoxys
|
|-heal|p1a: Enamorus|88/100|[from] item: Leftovers
|upkeep
|
|t:|1776106256
|switch|p2a: Gliscor|Gliscor, M|92/100 tox
|-damage|p2a: Gliscor|80/100 tox|[from] Stealth Rock
|turn|24
|
|t:|1776106264
|move|p1a: Enamorus|Play Rough|p2a: Gliscor
|-crit|p2a: Gliscor
|-damage|p2a: Gliscor|8/100 tox
|-unboost|p2a: Gliscor|atk|1
|move|p2a: Gliscor|Toxic|p1a: Enamorus
|-status|p1a: Enamorus|tox
|
|-heal|p1a: Enamorus|94/100 tox|[from] item: Leftovers
|-damage|p1a: Enamorus|88/100 tox|[from] psn
|-heal|p2a: Gliscor|20/100 tox|[from] ability: Poison Heal
|upkeep
|turn|25
|
|t:|1776106271
|move|p2a: Gliscor|Protect|p2a: Gliscor
|-singleturn|p2a: Gliscor|Protect
|move|p1a: Enamorus|Play Rough|p2a: Gliscor
|-activate|p2a: Gliscor|move: Protect
|
|-heal|p1a: Enamorus|94/100 tox|[from] item: Leftovers
|-damage|p1a: Enamorus|82/100 tox|[from] psn
|-heal|p2a: Gliscor|33/100 tox|[from] ability: Poison Heal
|upkeep
|turn|26
|
|t:|1776106281
|move|p1a: Enamorus|Play Rough|p2a: Gliscor
|-damage|p2a: Gliscor|0 fnt
|faint|p2a: Gliscor
|
|-heal|p1a: Enamorus|88/100 tox|[from] item: Leftovers
|-damage|p1a: Enamorus|69/100 tox|[from] psn
|upkeep
|
|t:|1776106287
|switch|p2a: Rotom|Rotom-Heat|30/100
|-damage|p2a: Rotom|5/100|[from] Stealth Rock
|turn|27
|
|t:|1776106291
|move|p1a: Enamorus|Superpower|p2a: Rotom
|-damage|p2a: Rotom|0 fnt
|-boost|p1a: Enamorus|atk|1
|-boost|p1a: Enamorus|def|1
|faint|p2a: Rotom
|
|win|guyttt
|raw|guyttt's rating: 1080 &rarr; <strong>1107</strong><br />(+27 for winning)
|raw|gokuzera's rating: 1073 &rarr; <strong>1052</strong><br />(-21 for losing)
|l|☆gokuzera
|player|p2|
|l|☆guyttt
|player|p1|
