|html|<div class="broadcast-blue"><strong>[Gen 9] OU is currently suspecting Tera Blast! For information on how to participate check out the <a href="https://www.smogon.com/tools/suspects/view/200">suspect thread</a>.</strong></div>
|j|☆emilio12343
|j|☆browt111
|t:|1776052879
|gametype|singles
|player|p1|emilio12343|2|1204
|player|p2|browt111|102|1174
|gen|9
|tier|[Gen 9] OU
|rated|
|rule|HP Percentage Mod: HP is shown in percentages
|rule|Endless Battle Clause: Forcing endless battles is banned
|rule|Species Clause: Limit one of each Pokémon
|rule|OHKO Clause: OHKO moves are banned
|rule|Evasion Items Clause: Evasion items are banned
|rule|Evasion Moves Clause: Evasion moves are banned
|rule|Evasion Abilities Clause: Evasion abilities are banned
|rule|Sleep Moves Clause: Sleep-inducing moves are banned
|clearpoke
|poke|p1|Gholdengo|
|poke|p1|Darkrai|
|poke|p1|Clefable, F|
|poke|p1|Ting-Lu|
|poke|p1|Dragonite, M|
|poke|p1|Pecharunt|
|poke|p2|Rillaboom, M|
|poke|p2|Serperior, F|
|poke|p2|Heatran, F|
|poke|p2|Gholdengo|
|poke|p2|Zamazenta-*|
|poke|p2|Great Tusk|
|teampreview
|inactive|Battle timer is ON: inactive players will automatically lose when time's up. (requested by browt111)
|c|☆browt111|gl!
|
|t:|1776052897
|teamsize|p1|6
|teamsize|p2|6
|start
|switch|p1a: Ting-Lu|Ting-Lu|100/100
|switch|p2a: Rillaboom|Rillaboom, M|100/100
|-fieldstart|move: Grassy Terrain|[from] ability: Grassy Surge|[of] p2a: Rillaboom
|-ability|p1a: Ting-Lu|Vessel of Ruin
|turn|1
|
|t:|1776052922
|move|p2a: Rillaboom|Swords Dance|p2a: Rillaboom
|-boost|p2a: Rillaboom|atk|2
|move|p1a: Ting-Lu|Stealth Rock|p2a: Rillaboom
|-sidestart|p2: browt111|move: Stealth Rock
|
|upkeep
|turn|2
|
|t:|1776052932
|switch|p1a: Dragonite|Dragonite, M, shiny|100/100
|move|p2a: Rillaboom|Grassy Glide|p1a: Dragonite
|-resisted|p1a: Dragonite
|-damage|p1a: Dragonite|86/100
|-damage|p2a: Rillaboom|91/100|[from] item: Life Orb
|
|-heal|p2a: Rillaboom|97/100|[from] Grassy Terrain
|upkeep
|turn|3
|
|t:|1776052953
|-terastallize|p2a: Rillaboom|Fairy
|move|p1a: Dragonite|Dragon Dance|p1a: Dragonite
|-boost|p1a: Dragonite|atk|1
|-boost|p1a: Dragonite|spe|1
|move|p2a: Rillaboom|Tera Blast|p1a: Dragonite|[anim] Tera Blast Fairy
|-supereffective|p1a: Dragonite
|-damage|p1a: Dragonite|0 fnt
|faint|p1a: Dragonite
|-damage|p2a: Rillaboom|87/100|[from] item: Life Orb
|
|-heal|p2a: Rillaboom|93/100|[from] Grassy Terrain
|upkeep
|
|t:|1776052967
|switch|p1a: Gholdengo|Gholdengo, shiny|100/100
|turn|4
|
|t:|1776052973
|move|p1a: Gholdengo|Make It Rain|p2a: Rillaboom
|-supereffective|p2a: Rillaboom
|-damage|p2a: Rillaboom|0 fnt
|-unboost|p1a: Gholdengo|spa|1
|faint|p2a: Rillaboom
|
|upkeep
|
|t:|1776052997
|switch|p2a: Zamazenta|Zamazenta|100/100
|-damage|p2a: Zamazenta|94/100|[from] Stealth Rock
|-ability|p2a: Zamazenta|Dauntless Shield|boost
|-boost|p2a: Zamazenta|def|1
|turn|5
|
|t:|1776053005
|switch|p1a: Clefable|Clefable, F, shiny|100/100
|move|p2a: Zamazenta|Crunch|p1a: Clefable
|-resisted|p1a: Clefable
|-damage|p1a: Clefable|81/100
|-damage|p2a: Zamazenta|84/100|[from] item: Life Orb
|
|-heal|p2a: Zamazenta|91/100|[from] Grassy Terrain
|-heal|p1a: Clefable|87/100|[from] Grassy Terrain
|-fieldend|move: Grassy Terrain
|upkeep
|turn|6
|
|t:|1776053019
|switch|p2a: Heatran|Heatran, F|100/100
|-damage|p2a: Heatran|88/100|[from] Stealth Rock
|-item|p2a: Heatran|Air Balloon
|move|p1a: Clefable|Moonblast|p2a: Heatran
|-resisted|p2a: Heatran
|-damage|p2a: Heatran|81/100
|-enditem|p2a: Heatran|Air Balloon
|
|upkeep
|turn|7
|
|t:|1776053034
|switch|p1a: Ting-Lu|Ting-Lu|100/100
|-ability|p1a: Ting-Lu|Vessel of Ruin
|move|p2a: Heatran|Stealth Rock|p1a: Ting-Lu
|-sidestart|p1: emilio12343|move: Stealth Rock
|
|upkeep
|turn|8
|
|t:|1776053051
|switch|p2a: Great Tusk|Great Tusk|100/100
|-damage|p2a: Great Tusk|97/100|[from] Stealth Rock
|-enditem|p2a: Great Tusk|Booster Energy
|-activate|p2a: Great Tusk|ability: Protosynthesis|[fromitem]
|-start|p2a: Great Tusk|protosynthesisspe
|move|p1a: Ting-Lu|Spikes|p2a: Great Tusk
|-sidestart|p2: browt111|Spikes
|
|upkeep
|turn|9
|
|t:|1776053062
|move|p2a: Great Tusk|Rapid Spin|p1a: Ting-Lu
|-damage|p1a: Ting-Lu|92/100
|-boost|p2a: Great Tusk|spe|1
|-sideend|p2: browt111|Spikes|[from] move: Rapid Spin|[of] p2a: Great Tusk
|-sideend|p2: browt111|Stealth Rock|[from] move: Rapid Spin|[of] p2a: Great Tusk
|-enditem|p1a: Ting-Lu|Red Card|[of] p2a: Great Tusk
|-end|p2a: Great Tusk|Protosynthesis|[silent]
|drag|p2a: Serperior|Serperior, F|100/100
|move|p1a: Ting-Lu|Whirlwind|p2a: Serperior
|drag|p2a: Zamazenta|Zamazenta|91/100
|
|upkeep
|turn|10
|
|t:|1776053082
|switch|p1a: Pecharunt|Pecharunt|100/100
|move|p2a: Zamazenta|Psychic Fangs|p1a: Pecharunt
|-supereffective|p1a: Pecharunt
|-damage|p1a: Pecharunt|53/100
|-damage|p2a: Zamazenta|81/100|[from] item: Life Orb
|
|upkeep
|turn|11
|
|t:|1776053100
|switch|p1a: Clefable|Clefable, F, shiny|87/100
|move|p2a: Zamazenta|Psychic Fangs|p1a: Clefable
|-damage|p1a: Clefable|40/100
|-damage|p2a: Zamazenta|71/100|[from] item: Life Orb
|
|upkeep
|turn|12
|
|t:|1776053108
|move|p2a: Zamazenta|Psychic Fangs|p1a: Clefable
|-damage|p1a: Clefable|0 fnt
|faint|p1a: Clefable
|-damage|p2a: Zamazenta|61/100|[from] item: Life Orb
|
|upkeep
|
|t:|1776053113
|switch|p1a: Darkrai|Darkrai|100/100
|turn|13
|
|t:|1776053118
|move|p1a: Darkrai|Thunder Wave|p2a: Zamazenta
|-status|p2a: Zamazenta|par
|move|p2a: Zamazenta|Close Combat|p1a: Darkrai
|-supereffective|p1a: Darkrai
|-damage|p1a: Darkrai|0 fnt
|-unboost|p2a: Zamazenta|def|1
|-unboost|p2a: Zamazenta|spd|1
|faint|p1a: Darkrai
|-damage|p2a: Zamazenta|51/100 par|[from] item: Life Orb
|
|upkeep
|
|t:|1776053139
|switch|p1a: Pecharunt|Pecharunt|53/100
|turn|14
|
|t:|1776053144
|move|p1a: Pecharunt|Malignant Chain|p2a: Zamazenta
|-damage|p2a: Zamazenta|7/100 par
|move|p2a: Zamazenta|Psychic Fangs|p1a: Pecharunt
|-supereffective|p1a: Pecharunt
|-crit|p1a: Pecharunt
|-damage|p1a: Pecharunt|0 fnt
|faint|p1a: Pecharunt
|-damage|p2a: Zamazenta|0 fnt|[from] item: Life Orb
|faint|p2a: Zamazenta
|
|upkeep
|-message|emilio12343 forfeited.
|
|win|browt111
|raw|emilio12343's rating: 1204 &rarr; <strong>1177</strong><br />(-27 for losing)
|raw|browt111's rating: 1174 &rarr; <strong>1201</strong><br />(+27 for winning)
|l|☆emilio12343
|player|p1|
|l|☆browt111
|player|p2|
