|html|<div class="broadcast-blue"><strong>[Gen 9] OU is currently suspecting Tera Blast! For information on how to participate check out the <a href="https://www.smogon.com/tools/suspects/view/200">suspect thread</a>.</strong></div>
|j|☆whatisherm3l0n
|j|☆DcBaker
|t:|1776223272
|gametype|singles
|player|p1|whatisherm3l0n|acetrainer-gen4dp|
|player|p2|DcBaker|pokemonrangerf|
|gen|9
|tier|[Gen 9] OU
|rule|HP Percentage Mod: HP is shown in percentages
|rule|Endless Battle Clause: Forcing endless battles is banned
|rule|Species Clause: Limit one of each Pokémon
|rule|OHKO Clause: OHKO moves are banned
|rule|Evasion Items Clause: Evasion items are banned
|rule|Evasion Moves Clause: Evasion moves are banned
|rule|Evasion Abilities Clause: Evasion abilities are banned
|rule|Sleep Moves Clause: Sleep-inducing moves are banned
|clearpoke
|poke|p1|Tyranitar, M|
|poke|p1|Excadrill, F|
|poke|p1|Iron Valiant|
|poke|p1|Zapdos|
|poke|p1|Ogerpon, F|
|poke|p1|Toxapex, M|
|poke|p2|Hydrapple, M|
|poke|p2|Gliscor, M|
|poke|p2|Slowking-Galar, M|
|poke|p2|Cinderace, M|
|poke|p2|Kingambit, M|
|poke|p2|Iron Valiant|
|teampreview
|inactive|Battle timer is ON: inactive players will automatically lose when time's up. (requested by DcBaker)
|c|☆whatisherm3l0n|now we're talkin
|c|☆whatisherm3l0n|brony over here
|
|t:|1776223288
|teamsize|p1|6
|teamsize|p2|6
|start
|switch|p1a: Tyranitar|Tyranitar, M, shiny|100/100
|switch|p2a: Ice Man|Slowking-Galar, M, shiny|100/100
|-weather|Sandstorm|[from] ability: Sand Stream|[of] p1a: Tyranitar
|turn|1
|c|☆whatisherm3l0n|dont tell that dumb ass joke
|
|t:|1776223307
|move|p1a: Tyranitar|Knock Off|p2a: Ice Man
|-supereffective|p2a: Ice Man
|-damage|p2a: Ice Man|15/100
|-enditem|p2a: Ice Man|Assault Vest|[from] move: Knock Off|[of] p1a: Tyranitar
|move|p2a: Ice Man|Whirlpool|p1a: Tyranitar
|-supereffective|p1a: Tyranitar
|-damage|p1a: Tyranitar|88/100
|-activate|p1a: Tyranitar|move: Whirlpool|[of] p2a: Ice Man
|
|-weather|Sandstorm|[upkeep]
|-damage|p2a: Ice Man|9/100|[from] Sandstorm
|-damage|p1a: Tyranitar|76/100|[from] move: Whirlpool|[partiallytrapped]
|upkeep
|turn|2
|c|☆whatisherm3l0n|ty
|inactive|DcBaker has 270 seconds left.
|
|t:|1776223337
|switch|p2a: CP3|Gliscor, M, shiny|100/100
|move|p1a: Tyranitar|Knock Off|p2a: CP3
|-damage|p2a: CP3|43/100
|-enditem|p2a: CP3|Toxic Orb|[from] move: Knock Off|[of] p1a: Tyranitar
|
|-weather|Sandstorm|[upkeep]
|-end|p1a: Tyranitar|Whirlpool|[partiallytrapped]|[silent]
|upkeep
|turn|3
|
|t:|1776223346
|move|p2a: CP3|Earthquake|p1a: Tyranitar
|-supereffective|p1a: Tyranitar
|-crit|p1a: Tyranitar
|-damage|p1a: Tyranitar|0 fnt
|faint|p1a: Tyranitar
|
|-weather|Sandstorm|[upkeep]
|upkeep
|
|t:|1776223352
|switch|p1a: Zapdos|Zapdos|100/100
|-ability|p1a: Zapdos|Pressure
|turn|4
|
|t:|1776223363
|move|p2a: CP3|Protect|p2a: CP3
|-singleturn|p2a: CP3|Protect
|move|p1a: Zapdos|Hurricane|p2a: CP3
|-activate|p2a: CP3|move: Protect
|
|-weather|Sandstorm|[upkeep]
|-damage|p1a: Zapdos|94/100|[from] Sandstorm
|upkeep
|turn|5
|
|t:|1776223373
|switch|p2a: Ice Man|Slowking-Galar, M, shiny|42/100
|move|p1a: Zapdos|Hurricane|p2a: Ice Man
|-damage|p2a: Ice Man|0 fnt
|faint|p2a: Ice Man
|
|-weather|Sandstorm|[upkeep]
|-damage|p1a: Zapdos|88/100|[from] Sandstorm
|upkeep
|
|t:|1776223390
|switch|p2a: Zion|Hydrapple, M, shiny|100/100
|turn|6
|
|t:|1776223398
|move|p1a: Zapdos|Hurricane|p2a: Zion|[miss]
|-miss|p1a: Zapdos|p2a: Zion
|move|p2a: Zion|Draco Meteor|p1a: Zapdos
|-damage|p1a: Zapdos|0 fnt
|-unboost|p2a: Zion|spa|2
|faint|p1a: Zapdos
|-damage|p2a: Zion|91/100|[from] item: Life Orb
|
|-weather|Sandstorm|[upkeep]
|-damage|p2a: Zion|85/100|[from] Sandstorm
|upkeep
|
|t:|1776223412
|switch|p1a: Ogerpon|Ogerpon, F|100/100
|turn|7
|
|t:|1776223423
|switch|p2a: CP3|Gliscor, M, shiny|43/100
|move|p1a: Ogerpon|Knock Off|p2a: CP3
|-damage|p2a: CP3|15/100
|
|-weather|Sandstorm|[upkeep]
|-damage|p1a: Ogerpon|95/100|[from] Sandstorm
|upkeep
|turn|8
|
|t:|1776223430
|move|p2a: CP3|Protect|p2a: CP3
|-singleturn|p2a: CP3|Protect
|move|p1a: Ogerpon|Knock Off|p2a: CP3
|-activate|p2a: CP3|move: Protect
|
|-weather|none
|upkeep
|turn|9
|
|t:|1776223437
|move|p1a: Ogerpon|Knock Off|p2a: CP3
|-damage|p2a: CP3|0 fnt
|faint|p2a: CP3
|
|upkeep
|
|t:|1776223441
|switch|p2a: Wemby|Cinderace, M, shiny|100/100
|turn|10
|
|t:|1776223450
|move|p2a: Wemby|Pyro Ball|p1a: Ogerpon
|-supereffective|p1a: Ogerpon
|-damage|p1a: Ogerpon|0 fnt
|faint|p1a: Ogerpon
|
|upkeep
|c|☆whatisherm3l0n|how is he wemby
|
|t:|1776223460
|switch|p1a: Excadrill|Excadrill, F, shiny|100/100
|turn|11
|
|t:|1776223470
|move|p2a: Wemby|Pyro Ball|p1a: Excadrill
|-supereffective|p1a: Excadrill
|-damage|p1a: Excadrill|0 fnt
|faint|p1a: Excadrill
|
|upkeep
|c|☆whatisherm3l0n|I messed uo
|
|t:|1776223477
|switch|p1a: Iron Valiant|Iron Valiant, shiny|100/100
|turn|12
|
|t:|1776223489
|-terastallize|p1a: Iron Valiant|Ghost
|move|p2a: Wemby|Pyro Ball|p1a: Iron Valiant
|-damage|p1a: Iron Valiant|22/100
|move|p1a: Iron Valiant|Moonblast|p2a: Wemby
|-resisted|p2a: Wemby
|-damage|p2a: Wemby|53/100
|-unboost|p2a: Wemby|spa|1
|
|upkeep
|turn|13
|
|t:|1776223504
|move|p2a: Wemby|Sucker Punch|p1a: Iron Valiant
|-start|p2a: Wemby|typechange|Dark|[from] ability: Libero
|-supereffective|p1a: Iron Valiant
|-damage|p1a: Iron Valiant|0 fnt
|faint|p1a: Iron Valiant
|-end|p1a: Iron Valiant|Quark Drive|[silent]
|
|upkeep
|
|t:|1776223509
|switch|p1a: Toxapex|Toxapex, M, shiny|100/100
|turn|14
|-message|whatisherm3l0n forfeited.
|
|win|DcBaker
