|html|<div class="broadcast-blue"><strong>[Gen 9] OU is currently suspecting Tera Blast! For information on how to participate check out the <a href="https://www.smogon.com/tools/suspects/view/200">suspect thread</a>.</strong></div>
|j|☆setroboomin
|j|☆uh66j656j
|t:|1776033332
|gametype|singles
|player|p1|setroboomin|volkner|1473
|player|p2|uh66j656j|102|1523
|gen|9
|tier|[Gen 9] OU
|rated|
|rule|HP Percentage Mod: HP is shown in percentages
|rule|Endless Battle Clause: Forcing endless battles is banned
|rule|Species Clause: Limit one of each Pokémon
|rule|OHKO Clause: OHKO moves are banned
|rule|Evasion Items Clause: Evasion items are banned
|rule|Evasion Moves Clause: Evasion moves are banned
|rule|Evasion Abilities Clause: Evasion abilities are banned
|rule|Sleep Moves Clause: Sleep-inducing moves are banned
|clearpoke
|poke|p1|Enamorus, F|
|poke|p1|Meowscarada, M|
|poke|p1|Pecharunt|
|poke|p1|Hatterene, F|
|poke|p1|Iron Treads|
|poke|p1|Zamazenta-*|
|poke|p2|Walking Wake|
|poke|p2|Ninetales, M|
|poke|p2|Great Tusk|
|poke|p2|Hatterene, F|
|poke|p2|Rillaboom, F|
|poke|p2|Hawlucha, M|
|teampreview
|inactive|Battle timer is ON: inactive players will automatically lose when time's up. (requested by setroboomin)
|
|t:|1776033370
|teamsize|p1|6
|teamsize|p2|6
|start
|switch|p1a: Iron Treads|Iron Treads|100/100
|switch|p2a: good|Ninetales, M|100/100
|-weather|SunnyDay|[from] ability: Drought|[of] p2a: good
|-enditem|p1a: Iron Treads|Booster Energy
|-activate|p1a: Iron Treads|ability: Quark Drive|[fromitem]
|-start|p1a: Iron Treads|quarkdrivespe
|turn|1
|inactive|uh66j656j has 120 seconds left.
|
|t:|1776033401
|switch|p2a: fast|Great Tusk|100/100
|-activate|p2a: fast|ability: Protosynthesis
|-start|p2a: fast|protosynthesisspe
|move|p1a: Iron Treads|Earthquake|p2a: fast
|-damage|p2a: fast|71/100
|
|-weather|SunnyDay|[upkeep]
|upkeep
|turn|2
|inactive|uh66j656j has 120 seconds left.
|
|t:|1776033422
|-end|p1a: Iron Treads|Quark Drive|[silent]
|switch|p1a: Hatterene|Hatterene, F|100/100
|move|p2a: fast|Headlong Rush|p1a: Hatterene
|-damage|p1a: Hatterene|45/100
|-unboost|p2a: fast|def|1
|-unboost|p2a: fast|spd|1
|
|-weather|SunnyDay|[upkeep]
|upkeep
|turn|3
|
|t:|1776033432
|move|p2a: fast|Headlong Rush|p1a: Hatterene
|-damage|p1a: Hatterene|0 fnt
|-unboost|p2a: fast|def|1
|-unboost|p2a: fast|spd|1
|faint|p1a: Hatterene
|
|-weather|SunnyDay|[upkeep]
|upkeep
|
|t:|1776033437
|switch|p1a: Enamorus|Enamorus, F|100/100
|turn|4
|inactive|uh66j656j has 120 seconds left.
|
|t:|1776033453
|-end|p2a: fast|Protosynthesis|[silent]
|switch|p2a: Rillaboom|Rillaboom, F, shiny|100/100
|-fieldstart|move: Grassy Terrain|[from] ability: Grassy Surge|[of] p2a: Rillaboom
|-terastallize|p1a: Enamorus|Stellar
|move|p1a: Enamorus|Tera Blast|p2a: Rillaboom|[anim] Tera Blast Stellar
|-damage|p2a: Rillaboom|32/100
|-boost|p1a: Enamorus|atk|1
|-boost|p1a: Enamorus|spa|1
|
|-weather|SunnyDay|[upkeep]
|-heal|p2a: Rillaboom|38/100|[from] Grassy Terrain
|upkeep
|turn|5
|inactive|uh66j656j has 120 seconds left.
|inactive|uh66j656j has 90 seconds left.
|
|t:|1776033498
|move|p2a: Rillaboom|Grassy Glide|p1a: Enamorus
|-resisted|p1a: Enamorus
|-damage|p1a: Enamorus|56/100
|move|p1a: Enamorus|Tera Blast|p2a: Rillaboom|[anim] Tera Blast Stellar
|-damage|p2a: Rillaboom|0 fnt
|-boost|p1a: Enamorus|atk|1
|-boost|p1a: Enamorus|spa|1
|faint|p2a: Rillaboom
|
|-weather|SunnyDay|[upkeep]
|upkeep
|
|t:|1776033507
|switch|p2a: Hawlucha|Hawlucha, M|100/100
|-enditem|p2a: Hawlucha|Grassy Seed
|-boost|p2a: Hawlucha|def|1|[from] item: Grassy Seed
|turn|6
|
|t:|1776033533
|-terastallize|p2a: Hawlucha|Flying
|move|p2a: Hawlucha|Acrobatics|p1a: Enamorus
|-damage|p1a: Enamorus|0 fnt
|faint|p1a: Enamorus
|
|-weather|SunnyDay|[upkeep]
|upkeep
|
|t:|1776033542
|switch|p1a: Pecharunt|Pecharunt|100/100
|-item|p1a: Pecharunt|Air Balloon
|turn|7
|
|t:|1776033555
|switch|p2a: fast strong|Walking Wake|100/100
|-activate|p2a: fast strong|ability: Protosynthesis
|-start|p2a: fast strong|protosynthesisspe
|move|p1a: Pecharunt|Malignant Chain|p2a: fast strong
|-damage|p2a: fast strong|64/100
|-status|p2a: fast strong|tox
|-start|p2a: fast strong|confusion|[from] ability: Poison Puppeteer|[of] p1a: Pecharunt
|
|-weather|SunnyDay|[upkeep]
|-heal|p2a: fast strong|70/100 tox|[from] Grassy Terrain
|-damage|p2a: fast strong|64/100 tox|[from] psn
|upkeep
|turn|8
|
|t:|1776033570
|switch|p1a: Iron Treads|Iron Treads|100/100
|-activate|p2a: fast strong|confusion
|-damage|p2a: fast strong|56/100 tox|[from] confusion
|
|-weather|none
|-end|p2a: fast strong|Protosynthesis
|-heal|p2a: fast strong|62/100 tox|[from] Grassy Terrain
|-damage|p2a: fast strong|49/100 tox|[from] psn
|-fieldend|move: Grassy Terrain
|upkeep
|turn|9
|
|t:|1776033585
|-activate|p2a: fast strong|confusion
|move|p2a: fast strong|Hydro Steam|p1a: Iron Treads
|-supereffective|p1a: Iron Treads
|-damage|p1a: Iron Treads|0 fnt
|faint|p1a: Iron Treads
|-end|p1a: Iron Treads|Quark Drive|[silent]
|
|-damage|p2a: fast strong|31/100 tox|[from] psn
|upkeep
|
|t:|1776033589
|switch|p1a: Zamazenta|Zamazenta|100/100
|-ability|p1a: Zamazenta|Dauntless Shield|boost
|-boost|p1a: Zamazenta|def|1
|turn|10
|inactive|uh66j656j has 90 seconds left.
|
|t:|1776033594
|-end|p2a: fast strong|Protosynthesis|[silent]
|switch|p2a: Hatterene|Hatterene, F, shiny|100/100
|move|p1a: Zamazenta|Iron Defense|p1a: Zamazenta
|-boost|p1a: Zamazenta|def|2
|
|upkeep
|turn|11
|
|t:|1776033605
|move|p1a: Zamazenta|Body Press|p2a: Hatterene
|-resisted|p2a: Hatterene
|-damage|p2a: Hatterene|73/100
|move|p2a: Hatterene|Draining Kiss|p1a: Zamazenta
|-supereffective|p1a: Zamazenta
|-damage|p1a: Zamazenta|50/100
|-heal|p2a: Hatterene|100/100|[from] drain|[of] p1a: Zamazenta
|
|-heal|p1a: Zamazenta|57/100|[from] item: Leftovers
|upkeep
|turn|12
|
|t:|1776033614
|switch|p1a: Pecharunt|Pecharunt|100/100
|-item|p1a: Pecharunt|Air Balloon
|move|p2a: Hatterene|Draining Kiss|p1a: Pecharunt
|-resisted|p1a: Pecharunt
|-damage|p1a: Pecharunt|87/100
|-enditem|p1a: Pecharunt|Air Balloon
|
|upkeep
|turn|13
|
|t:|1776033623
|switch|p2a: good|Ninetales, M|100/100
|-weather|SunnyDay|[from] ability: Drought|[of] p2a: good
|move|p1a: Pecharunt|Malignant Chain|p2a: good
|-damage|p2a: good|71/100
|
|-weather|SunnyDay|[upkeep]
|upkeep
|turn|14
|
|t:|1776033634
|move|p2a: good|Healing Wish|p2a: good
|faint|p2a: good
|move|p1a: Pecharunt|Malignant Chain|p2: good|[notarget]
|-fail|p1a: Pecharunt
|
|-weather|SunnyDay|[upkeep]
|upkeep
|
|t:|1776033639
|switch|p2a: fast strong|Walking Wake|31/100 tox
|-heal|p2a: fast strong|100/100|[from] move: Healing Wish
|-activate|p2a: fast strong|ability: Protosynthesis
|-start|p2a: fast strong|protosynthesisspe
|turn|15
|
|t:|1776033644
|move|p2a: fast strong|Hydro Steam|p1a: Pecharunt
|-damage|p1a: Pecharunt|0 fnt
|faint|p1a: Pecharunt
|
|-weather|SunnyDay|[upkeep]
|upkeep
|
|t:|1776033646
|switch|p1a: Meowscarada|Meowscarada, M|100/100
|turn|16
|
|t:|1776033652
|move|p2a: fast strong|Hydro Steam|p1a: Meowscarada
|-resisted|p1a: Meowscarada
|-damage|p1a: Meowscarada|29/100
|move|p1a: Meowscarada|U-turn|p2a: fast strong
|-start|p1a: Meowscarada|typechange|Bug|[from] ability: Protean
|-crit|p2a: fast strong
|-damage|p2a: fast strong|17/100
|
|t:|1776033656
|switch|p1a: Zamazenta|Zamazenta|57/100|[from] U-turn
|
|-weather|SunnyDay|[upkeep]
|-heal|p1a: Zamazenta|63/100|[from] item: Leftovers
|upkeep
|turn|17
|
|t:|1776033663
|move|p2a: fast strong|Hydro Steam|p1a: Zamazenta
|-damage|p1a: Zamazenta|0 fnt
|faint|p1a: Zamazenta
|
|-weather|SunnyDay|[upkeep]
|upkeep
|
|t:|1776033665
|switch|p1a: Meowscarada|Meowscarada, M|29/100
|turn|18
|
|t:|1776033670
|move|p2a: fast strong|Hydro Steam|p1a: Meowscarada
|-resisted|p1a: Meowscarada
|-damage|p1a: Meowscarada|0 fnt
|faint|p1a: Meowscarada
|
|win|uh66j656j
|raw|setroboomin's rating: 1473 &rarr; <strong>1456</strong><br />(-17 for losing)
|raw|uh66j656j's rating: 1523 &rarr; <strong>1540</strong><br />(+17 for winning)
|c|☆setroboomin|get that thing to uber
|l|☆setroboomin
|player|p1|
|l|☆uh66j656j
|player|p2|
