|html|<div class="broadcast-blue"><strong>[Gen 9] OU is currently suspecting Tera Blast! For information on how to participate check out the <a href="https://www.smogon.com/tools/suspects/view/200">suspect thread</a>.</strong></div>
|j|☆Material.Socrate
|j|☆Onigiri101
|t:|1776175233
|gametype|singles
|player|p1|Material.Socrate|maid|1150
|player|p2|Onigiri101|caitlin|1184
|gen|9
|tier|[Gen 9] OU
|rated|
|rule|HP Percentage Mod: HP is shown in percentages
|rule|Endless Battle Clause: Forcing endless battles is banned
|rule|Species Clause: Limit one of each Pokémon
|rule|OHKO Clause: OHKO moves are banned
|rule|Evasion Items Clause: Evasion items are banned
|rule|Evasion Moves Clause: Evasion moves are banned
|rule|Evasion Abilities Clause: Evasion abilities are banned
|rule|Sleep Moves Clause: Sleep-inducing moves are banned
|clearpoke
|poke|p1|Umbreon, M|
|poke|p1|Gallade, M|
|poke|p1|Eelektross, M|
|poke|p1|Milotic, F|
|poke|p1|Mimikyu, F|
|poke|p1|Kingambit, M|
|poke|p2|Ninetales-Alola, M|
|poke|p2|Sinistcha-Masterpiece|
|poke|p2|Clodsire, M|
|poke|p2|Meowscarada, F|
|poke|p2|Iron Valiant|
|poke|p2|Arcanine-Hisui, M|
|teampreview
|
|t:|1776175249
|teamsize|p1|6
|teamsize|p2|6
|start
|switch|p1a: Eelektross|Eelektross, M|100/100
|switch|p2a: Ninetales|Ninetales-Alola, M|100/100
|-weather|Snowscape|[from] ability: Snow Warning|[of] p2a: Ninetales
|turn|1
|
|t:|1776175284
|move|p2a: Ninetales|Aurora Veil|p2a: Ninetales
|-sidestart|p2: Onigiri101|move: Aurora Veil
|move|p1a: Eelektross|Flamethrower|p2a: Ninetales
|-supereffective|p2a: Ninetales
|-damage|p2a: Ninetales|76/100
|
|-weather|Snowscape|[upkeep]
|upkeep
|turn|2
|
|t:|1776175292
|move|p2a: Ninetales|Blizzard|p1a: Eelektross
|-damage|p1a: Eelektross|76/100
|-status|p1a: Eelektross|frz
|cant|p1a: Eelektross|frz
|
|-weather|Snowscape|[upkeep]
|upkeep
|turn|3
|
|t:|1776175306
|switch|p2a: Iron Valiant|Iron Valiant|100/100
|-enditem|p2a: Iron Valiant|Booster Energy
|-activate|p2a: Iron Valiant|ability: Quark Drive|[fromitem]
|-start|p2a: Iron Valiant|quarkdrivespe
|-curestatus|p1a: Eelektross|frz|[msg]
|move|p1a: Eelektross|Flamethrower|p2a: Iron Valiant
|-damage|p2a: Iron Valiant|71/100
|
|-weather|Snowscape|[upkeep]
|upkeep
|turn|4
|
|t:|1776175319
|move|p2a: Iron Valiant|Knock Off|p1a: Eelektross
|-damage|p1a: Eelektross|45/100
|-enditem|p1a: Eelektross|Assault Vest|[from] move: Knock Off|[of] p2a: Iron Valiant
|move|p1a: Eelektross|Acid Spray|p2a: Iron Valiant
|-supereffective|p2a: Iron Valiant
|-damage|p2a: Iron Valiant|44/100
|-unboost|p2a: Iron Valiant|spd|2
|
|-weather|Snowscape|[upkeep]
|upkeep
|turn|5
|
|t:|1776175328
|move|p2a: Iron Valiant|Moonblast|p1a: Eelektross
|-damage|p1a: Eelektross|0 fnt
|faint|p1a: Eelektross
|
|-weather|none
|upkeep
|
|t:|1776175336
|switch|p1a: Mimikyu|Mimikyu, F|100/100
|turn|6
|
|t:|1776175347
|move|p2a: Iron Valiant|Knock Off|p1a: Mimikyu
|-activate|p1a: Mimikyu|ability: Disguise
|-damage|p1a: Mimikyu|100/100
|-enditem|p1a: Mimikyu|Life Orb|[from] move: Knock Off|[of] p2a: Iron Valiant
|detailschange|p1a: Mimikyu|Mimikyu-Busted, F
|-damage|p1a: Mimikyu|88/100|[from] pokemon: Mimikyu-Busted
|move|p1a: Mimikyu|Play Rough|p2a: Iron Valiant|[miss]
|-miss|p1a: Mimikyu|p2a: Iron Valiant
|
|upkeep
|turn|7
|
|t:|1776175359
|move|p2a: Iron Valiant|Moonblast|p1a: Mimikyu
|-damage|p1a: Mimikyu|31/100
|-unboost|p1a: Mimikyu|spa|1
|move|p1a: Mimikyu|Play Rough|p2a: Iron Valiant|[miss]
|-miss|p1a: Mimikyu|p2a: Iron Valiant
|
|upkeep
|turn|8
|c|☆Onigiri101|unlucky
|
|t:|1776175369
|move|p2a: Iron Valiant|Moonblast|p1a: Mimikyu
|-damage|p1a: Mimikyu|0 fnt
|faint|p1a: Mimikyu
|
|-sideend|p2: Onigiri101|move: Aurora Veil
|upkeep
|c|☆Material.Socrate|yes
|c|☆Material.Socrate|good set up
|
|t:|1776175390
|switch|p1a: Milotic|Milotic, F|100/100
|turn|9
|c|☆Material.Socrate|you were lucky because I was doing destiny bond with mimikyu
|
|t:|1776175447
|move|p2a: Iron Valiant|Knock Off|p1a: Milotic
|-damage|p1a: Milotic|79/100
|-enditem|p1a: Milotic|Flame Orb|[from] move: Knock Off|[of] p2a: Iron Valiant
|move|p1a: Milotic|Scald|p2a: Iron Valiant
|-damage|p2a: Iron Valiant|0 fnt
|faint|p2a: Iron Valiant
|-end|p2a: Iron Valiant|Quark Drive|[silent]
|
|upkeep
|c|☆Material.Socrate|dang
|c|☆Material.Socrate|I was about to burn mitotic for the def boost
|c|☆Material.Socrate|good play
|
|t:|1776175494
|switch|p2a: Meowscarada|Meowscarada, F|100/100
|turn|10
|
|t:|1776175498
|move|p2a: Meowscarada|Flower Trick|p1a: Milotic
|-start|p2a: Meowscarada|typechange|Grass|[from] ability: Protean
|-supereffective|p1a: Milotic
|-crit|p1a: Milotic
|-damage|p1a: Milotic|7/100
|move|p1a: Milotic|Ice Beam|p2a: Meowscarada
|-supereffective|p2a: Meowscarada
|-damage|p2a: Meowscarada|36/100
|
|upkeep
|turn|11
|c|☆Onigiri101|I figured flame orb
|
|t:|1776175511
|move|p2a: Meowscarada|Flower Trick|p1a: Milotic
|-supereffective|p1a: Milotic
|-crit|p1a: Milotic
|-damage|p1a: Milotic|0 fnt
|faint|p1a: Milotic
|
|upkeep
|c|☆Onigiri101|ty
|
|t:|1776175528
|switch|p1a: Gallade|Gallade, M|100/100
|turn|12
|
|t:|1776175545
|move|p2a: Meowscarada|U-turn|p1a: Gallade
|-damage|p1a: Gallade|63/100
|
|t:|1776175551
|switch|p2a: Ninetales|Ninetales-Alola, M|76/100|[from] U-turn
|-weather|Snowscape|[from] ability: Snow Warning|[of] p2a: Ninetales
|move|p1a: Gallade|Psycho Cut|p2a: Ninetales
|-damage|p2a: Ninetales|35/100
|
|-weather|Snowscape|[upkeep]
|upkeep
|turn|13
|
|t:|1776175559
|move|p1a: Gallade|Sacred Sword|p2a: Ninetales
|-damage|p2a: Ninetales|0 fnt
|faint|p2a: Ninetales
|
|-weather|Snowscape|[upkeep]
|upkeep
|c|☆Onigiri101|darn
|
|t:|1776175572
|switch|p2a: Sinistcha|Sinistcha-Masterpiece|100/100
|turn|14
|c|☆Material.Socrate|sorry but I cannot let you set aurora veil again
|c|☆Onigiri101|lol
|
|t:|1776175582
|-terastallize|p1a: Gallade|Normal
|move|p1a: Gallade|Psycho Cut|p2a: Sinistcha
|-damage|p2a: Sinistcha|55/100
|move|p2a: Sinistcha|Strength Sap|p1a: Gallade
|-unboost|p1a: Gallade|atk|1
|-heal|p2a: Sinistcha|100/100
|
|-weather|Snowscape|[upkeep]
|upkeep
|turn|15
|
|t:|1776175593
|move|p1a: Gallade|Psycho Cut|p2a: Sinistcha
|-damage|p2a: Sinistcha|69/100
|move|p2a: Sinistcha|Scald|p1a: Gallade
|-damage|p1a: Gallade|38/100
|
|-weather|Snowscape|[upkeep]
|-heal|p2a: Sinistcha|75/100|[from] item: Leftovers
|upkeep
|turn|16
|
|t:|1776175600
|move|p1a: Gallade|Psycho Cut|p2a: Sinistcha
|-damage|p2a: Sinistcha|40/100
|move|p2a: Sinistcha|Matcha Gotcha|p1a: Gallade
|-crit|p1a: Gallade
|-damage|p1a: Gallade|0 fnt
|-heal|p2a: Sinistcha|56/100|[from] drain|[of] p1a: Gallade
|faint|p1a: Gallade
|
|-weather|none
|-heal|p2a: Sinistcha|62/100|[from] item: Leftovers
|upkeep
|
|t:|1776175610
|switch|p1a: Umbreon|Umbreon, M, shiny|100/100
|turn|17
|c|☆Material.Socrate|I apologise in advance
|c|☆Onigiri101|lol
|
|t:|1776175642
|switch|p2a: Clodsire|Clodsire, M|100/100
|move|p1a: Umbreon|Substitute|p1a: Umbreon
|-start|p1a: Umbreon|Substitute
|-damage|p1a: Umbreon|76/100
|
|-heal|p1a: Umbreon|82/100|[from] item: Leftovers
|upkeep
|turn|18
|
|t:|1776175663
|move|p1a: Umbreon|Wish|p1a: Umbreon
|move|p2a: Clodsire|Recover||[still]
|-fail|p2a: Clodsire|heal
|
|-heal|p1a: Umbreon|88/100|[from] item: Leftovers
|upkeep
|turn|19
|
|t:|1776175672
|switch|p1a: Kingambit|Kingambit, M|100/100
|-activate|p1a: Kingambit|ability: Supreme Overlord
|-start|p1a: Kingambit|fallen4|[silent]
|-item|p1a: Kingambit|Air Balloon
|move|p2a: Clodsire|Earthquake|p1a: Kingambit
|-immune|p1a: Kingambit
|
|upkeep
|turn|20
|c|☆Onigiri101|got predicted darn
|
|t:|1776175701
|switch|p2a: Arcanine|Arcanine-Hisui, M|100/100
|move|p1a: Kingambit|Swords Dance|p1a: Kingambit
|-boost|p1a: Kingambit|atk|2
|
|upkeep
|turn|21
|c|☆Material.Socrate|I am telling you, Umbreon does not have dmg moves, so if you defeat kingambit you basically won
|c|☆Onigiri101|gotcha
|
|t:|1776175736
|move|p1a: Kingambit|Sucker Punch|p2a: Arcanine
|-damage|p2a: Arcanine|0 fnt
|faint|p2a: Arcanine
|
|upkeep
|c|☆Onigiri101|I was worried you had a dark move on umbreon
|c|☆Material.Socrate|nope
|
|t:|1776175762
|switch|p2a: Meowscarada|Meowscarada, F|36/100
|turn|22
|c|☆Material.Socrate|Only toxic wish sub and protect
|c|☆Material.Socrate|still trying the build, but I see that people kind of hate toxic stalling
|
|t:|1776175791
|-terastallize|p2a: Meowscarada|Grass
|move|p2a: Meowscarada|Flower Trick|p1a: Kingambit
|-resisted|p1a: Kingambit
|-crit|p1a: Kingambit
|-damage|p1a: Kingambit|78/100
|-enditem|p1a: Kingambit|Air Balloon
|move|p1a: Kingambit|Kowtow Cleave|p2a: Meowscarada
|-damage|p2a: Meowscarada|0 fnt
|faint|p2a: Meowscarada
|
|upkeep
|
|t:|1776175801
|switch|p2a: Clodsire|Clodsire, M|100/100
|turn|23
|
|t:|1776175804
|move|p1a: Kingambit|Sucker Punch|p2a: Clodsire
|-damage|p2a: Clodsire|0 fnt
|faint|p2a: Clodsire
|
|upkeep
|
|t:|1776175807
|switch|p2a: Sinistcha|Sinistcha-Masterpiece|62/100
|turn|24
|
|t:|1776175812
|move|p2a: Sinistcha|Strength Sap|p1a: Kingambit
|-unboost|p1a: Kingambit|atk|1
|-heal|p2a: Sinistcha|100/100
|move|p1a: Kingambit|Kowtow Cleave|p2a: Sinistcha
|-supereffective|p2a: Sinistcha
|-damage|p2a: Sinistcha|0 fnt
|faint|p2a: Sinistcha
|
|win|Material.Socrate
|raw|Material.Socrate's rating: 1150 &rarr; <strong>1177</strong><br />(+27 for winning)
|raw|Onigiri101's rating: 1184 &rarr; <strong>1157</strong><br />(-27 for losing)
|c|☆Onigiri101|ggs
|c|☆Material.Socrate|gg
