|html|<div class="broadcast-blue"><strong>[Gen 9] OU is currently suspecting Tera Blast! For information on how to participate check out the <a href="https://www.smogon.com/tools/suspects/view/200">suspect thread</a>.</strong></div>
|j|☆brogre35
|j|☆pratawithcurry
|t:|1776264347
|gametype|singles
|player|p1|brogre35|swimmer-gen4dp|1500
|player|p2|pratawithcurry|266|1532
|gen|9
|tier|[Gen 9] OU
|rated|
|rule|HP Percentage Mod: HP is shown in percentages
|rule|Endless Battle Clause: Forcing endless battles is banned
|rule|Species Clause: Limit one of each Pokémon
|rule|OHKO Clause: OHKO moves are banned
|rule|Evasion Items Clause: Evasion items are banned
|rule|Evasion Moves Clause: Evasion moves are banned
|rule|Evasion Abilities Clause: Evasion abilities are banned
|rule|Sleep Moves Clause: Sleep-inducing moves are banned
|clearpoke
|poke|p1|Ninetales-Alola, M|
|poke|p1|Kyurem|
|poke|p1|Ursaluna, M|
|poke|p1|Farigiraf, F|
|poke|p1|Hatterene, F|
|poke|p1|Cresselia, F|
|poke|p2|Raging Bolt|
|poke|p2|Gholdengo|
|poke|p2|Great Tusk|
|poke|p2|Alomomola, F|
|poke|p2|Dragonite, F|
|poke|p2|Garganacl, M|
|teampreview
|inactive|Battle timer is ON: inactive players will automatically lose when time's up. (requested by brogre35)
|inactive|pratawithcurry has 120 seconds left.
|
|t:|1776264383
|teamsize|p1|6
|teamsize|p2|6
|start
|switch|p1a: Pink Triangle|Hatterene, F|100/100
|switch|p2a: Gholdengo|Gholdengo|100/100
|turn|1
|j| samurajen
|
|t:|1776264399
|move|p2a: Gholdengo|Trick|p1a: Pink Triangle
|-activate|p2a: Gholdengo|move: Trick|[of] p1a: Pink Triangle
|-item|p1a: Pink Triangle|Choice Scarf|[from] move: Trick
|-item|p2a: Gholdengo|Focus Sash|[from] move: Trick
|move|p1a: Pink Triangle|Trick Room|p1a: Pink Triangle
|-fieldstart|move: Trick Room|[of] p1a: Pink Triangle
|
|upkeep
|turn|2
|inactive|pratawithcurry has 120 seconds left.
|
|t:|1776264434
|switch|p1a: El Scorcho|Ursaluna, M|100/100
|move|p2a: Gholdengo|Make It Rain|p1a: El Scorcho
|-damage|p1a: El Scorcho|45/100
|-unboost|p2a: Gholdengo|spa|1
|
|-status|p1a: El Scorcho|brn|[from] item: Flame Orb
|upkeep
|turn|3
|inactive|pratawithcurry has 120 seconds left.
|
|t:|1776264458
|move|p1a: El Scorcho|Swords Dance|p1a: El Scorcho
|-boost|p1a: El Scorcho|atk|2
|move|p2a: Gholdengo|Make It Rain|p1a: El Scorcho
|-damage|p1a: El Scorcho|8/100 brn
|-unboost|p2a: Gholdengo|spa|1
|
|-damage|p1a: El Scorcho|2/100 brn|[from] brn
|upkeep
|turn|4
|
|t:|1776264473
|switch|p1a: Pink Triangle|Hatterene, F|100/100
|switch|p2a: Alomomola|Alomomola, F|100/100
|
|upkeep
|turn|5
|
|t:|1776264480
|move|p1a: Pink Triangle|Healing Wish|p1a: Pink Triangle
|faint|p1a: Pink Triangle
|move|p2a: Alomomola|Flip Turn|p1: Pink Triangle|[notarget]
|-fail|p2a: Alomomola
|
|-fieldend|move: Trick Room
|upkeep
|
|t:|1776264482
|switch|p1a: El Scorcho|Ursaluna, M|2/100 brn
|-heal|p1a: El Scorcho|100/100|[from] move: Healing Wish
|turn|6
|inactive|pratawithcurry has 120 seconds left.
|
|t:|1776264492
|move|p1a: El Scorcho|Headlong Rush|p2a: Alomomola
|-damage|p2a: Alomomola|59/100
|-unboost|p1a: El Scorcho|def|1
|-unboost|p1a: El Scorcho|spd|1
|move|p2a: Alomomola|Flip Turn|p1a: El Scorcho
|-supereffective|p1a: El Scorcho
|-damage|p1a: El Scorcho|69/100
|inactive|pratawithcurry has 120 seconds left.
|
|t:|1776264510
|switch|p2a: Gholdengo|Gholdengo|100/100|[from] Flip Turn
|
|-status|p1a: El Scorcho|brn|[from] item: Flame Orb
|upkeep
|turn|7
|
|t:|1776264516
|switch|p1a: Butterfly|Cresselia, F|100/100
|move|p2a: Gholdengo|Make It Rain|p1a: Butterfly
|-damage|p1a: Butterfly|57/100
|-unboost|p2a: Gholdengo|spa|1
|
|upkeep
|turn|8
|inactive|pratawithcurry has 120 seconds left.
|
|t:|1776264536
|switch|p2a: Garganacl|Garganacl, M|100/100
|switch|p1a: Across The Sea|Farigiraf, F|100/100
|
|upkeep
|turn|9
|inactive|pratawithcurry has 120 seconds left.
|
|t:|1776264543
|move|p1a: Across The Sea|Nasty Plot|p1a: Across The Sea
|-boost|p1a: Across The Sea|spa|2
|move|p2a: Garganacl|Stealth Rock|p1a: Across The Sea
|-sidestart|p1: brogre35|move: Stealth Rock
|
|upkeep
|turn|10
|inactive|pratawithcurry has 120 seconds left.
|
|t:|1776264563
|switch|p2a: Alomomola|Alomomola, F|92/100
|-terastallize|p1a: Across The Sea|Fighting
|move|p1a: Across The Sea|Tera Blast|p2a: Alomomola|[anim] Tera Blast Fighting
|-damage|p2a: Alomomola|21/100
|
|upkeep
|turn|11
|inactive|pratawithcurry has 120 seconds left.
|
|t:|1776264582
|move|p2a: Alomomola|Protect|p2a: Alomomola
|-singleturn|p2a: Alomomola|Protect
|move|p1a: Across The Sea|Trick Room|p1a: Across The Sea
|-fieldstart|move: Trick Room|[of] p1a: Across The Sea
|
|upkeep
|turn|12
|
|t:|1776264588
|move|p1a: Across The Sea|Shadow Ball|p2a: Alomomola
|-damage|p2a: Alomomola|0 fnt
|faint|p2a: Alomomola
|
|upkeep
|inactive|pratawithcurry has 90 seconds left.
|
|t:|1776264624
|switch|p2a: Raging Bolt|Raging Bolt|100/100
|turn|13
|
|t:|1776264636
|move|p1a: Across The Sea|Tera Blast|p2a: Raging Bolt|[anim] Tera Blast Fighting
|-damage|p2a: Raging Bolt|24/100
|move|p2a: Raging Bolt|Draco Meteor|p1a: Across The Sea
|-damage|p1a: Across The Sea|0 fnt
|-unboost|p2a: Raging Bolt|spa|2
|faint|p1a: Across The Sea
|
|upkeep
|
|t:|1776264644
|switch|p1a: El Scorcho|Ursaluna, M|69/100 brn
|-damage|p1a: El Scorcho|63/100 brn|[from] Stealth Rock
|turn|14
|
|t:|1776264656
|move|p1a: El Scorcho|Fire Punch|p2a: Raging Bolt
|-resisted|p2a: Raging Bolt
|-damage|p2a: Raging Bolt|0 fnt
|faint|p2a: Raging Bolt
|-end|p2a: Raging Bolt|Protosynthesis|[silent]
|
|-damage|p1a: El Scorcho|57/100 brn|[from] brn
|upkeep
|
|t:|1776264665
|switch|p2a: Great Tusk|Great Tusk|100/100
|turn|15
|
|t:|1776264674
|switch|p1a: The Good Life|Ninetales-Alola, M|100/100
|-damage|p1a: The Good Life|76/100|[from] Stealth Rock
|-weather|Snowscape|[from] ability: Snow Warning|[of] p1a: The Good Life
|move|p2a: Great Tusk|Headlong Rush|p1a: The Good Life
|-damage|p1a: The Good Life|21/100
|-unboost|p2a: Great Tusk|def|1
|-unboost|p2a: Great Tusk|spd|1
|
|-weather|Snowscape|[upkeep]
|-fieldend|move: Trick Room
|upkeep
|turn|16
|
|t:|1776264694
|move|p1a: The Good Life|Moonblast|p2a: Great Tusk
|-supereffective|p2a: Great Tusk
|-damage|p2a: Great Tusk|0 fnt
|faint|p2a: Great Tusk
|-end|p2a: Great Tusk|Protosynthesis|[silent]
|
|-weather|Snowscape|[upkeep]
|upkeep
|
|t:|1776264697
|switch|p2a: Dragonite|Dragonite, F|100/100
|turn|17
|
|t:|1776264703
|move|p2a: Dragonite|Extreme Speed|p1a: The Good Life
|-damage|p1a: The Good Life|0 fnt
|faint|p1a: The Good Life
|
|-weather|Snowscape|[upkeep]
|upkeep
|
|t:|1776264709
|switch|p1a: Getchoo|Kyurem|100/100
|-damage|p1a: Getchoo|76/100|[from] Stealth Rock
|-ability|p1a: Getchoo|Pressure
|turn|18
|inactive|pratawithcurry has 120 seconds left.
|inactive|pratawithcurry has 90 seconds left.
|
|t:|1776264775
|-terastallize|p2a: Dragonite|Normal
|move|p1a: Getchoo|Dragon Dance|p1a: Getchoo
|-boost|p1a: Getchoo|atk|1
|-boost|p1a: Getchoo|spe|1
|move|p2a: Dragonite|Dragon Dance|p2a: Dragonite
|-boost|p2a: Dragonite|atk|1
|-boost|p2a: Dragonite|spe|1
|
|-weather|Snowscape|[upkeep]
|upkeep
|turn|19
|
|t:|1776264785
|move|p2a: Dragonite|Extreme Speed|p1a: Getchoo
|-damage|p1a: Getchoo|35/100
|move|p1a: Getchoo|Icicle Spear|p2a: Dragonite
|-damage|p2a: Dragonite|89/100
|-damage|p2a: Dragonite|66/100
|-damage|p2a: Dragonite|43/100
|-crit|p2a: Dragonite
|-damage|p2a: Dragonite|5/100
|-hitcount|p2a: Dragonite|4
|
|-weather|none
|upkeep
|turn|20
|
|t:|1776264797
|move|p2a: Dragonite|Extreme Speed|p1a: Getchoo
|-damage|p1a: Getchoo|0 fnt
|faint|p1a: Getchoo
|
|upkeep
|
|t:|1776264799
|switch|p1a: Butterfly|Cresselia, F|57/100
|-damage|p1a: Butterfly|45/100|[from] Stealth Rock
|turn|21
|inactive|pratawithcurry has 60 seconds left.
|
|t:|1776264839
|move|p2a: Dragonite|Extreme Speed|p1a: Butterfly
|-damage|p1a: Butterfly|6/100
|move|p1a: Butterfly|Trick Room|p1a: Butterfly
|-fieldstart|move: Trick Room|[of] p1a: Butterfly
|
|upkeep
|turn|22
|
|t:|1776264845
|move|p2a: Dragonite|Extreme Speed|p1a: Butterfly
|-damage|p1a: Butterfly|0 fnt
|faint|p1a: Butterfly
|
|upkeep
|
|t:|1776264847
|switch|p1a: El Scorcho|Ursaluna, M|57/100 brn
|-damage|p1a: El Scorcho|51/100 brn|[from] Stealth Rock
|turn|23
|
|t:|1776264851
|move|p2a: Dragonite|Extreme Speed|p1a: El Scorcho
|-damage|p1a: El Scorcho|4/100 brn
|move|p1a: El Scorcho|Fire Punch|p2a: Dragonite
|-damage|p2a: Dragonite|0 fnt
|faint|p2a: Dragonite
|
|-damage|p1a: El Scorcho|0 fnt|[from] brn
|faint|p1a: El Scorcho
|
|win|pratawithcurry
|raw|brogre35's rating: 1500 &rarr; <strong>1482</strong><br />(-18 for losing)
|raw|pratawithcurry's rating: 1532 &rarr; <strong>1550</strong><br />(+18 for winning)
|l|☆brogre35
|player|p1|
