|html|<div class="broadcast-blue"><strong>[Gen 9] OU is currently suspecting Tera Blast! For information on how to participate check out the <a href="https://www.smogon.com/tools/suspects/view/200">suspect thread</a>.</strong></div>
|badge|p2|bronze|gen9randombattle|100-9
|uhtml|medal-msg|<div class="broadcast-blue">Curious what those medals under the avatar are? PS now has Ladder Seasons! For more information, check out the <a href="https://www.smogon.com/forums/threads/3740067/">thread on Smogon.</a></div>
|j|☆Luceo
|j|‽LT_Alt1
|t:|1776056929
|gametype|singles
|player|p1|Luceo|cynthia-masters4|1565
|player|p2|LT_Alt1|101|1715
|gen|9
|tier|[Gen 9] OU
|rated|
|rule|HP Percentage Mod: HP is shown in percentages
|rule|Endless Battle Clause: Forcing endless battles is banned
|rule|Species Clause: Limit one of each Pokémon
|rule|OHKO Clause: OHKO moves are banned
|rule|Evasion Items Clause: Evasion items are banned
|rule|Evasion Moves Clause: Evasion moves are banned
|rule|Evasion Abilities Clause: Evasion abilities are banned
|rule|Sleep Moves Clause: Sleep-inducing moves are banned
|clearpoke
|poke|p1|Deoxys-Speed|
|poke|p1|Ogerpon-Wellspring, F|
|poke|p1|Iron Moth|
|poke|p1|Gholdengo|
|poke|p1|Great Tusk|
|poke|p1|Dragonite, F|
|poke|p2|Garganacl, F|
|poke|p2|Slowking-Galar, F|
|poke|p2|Kyurem|
|poke|p2|Weezing-Galar, F|
|poke|p2|Moltres|
|poke|p2|Iron Treads|
|teampreview
|inactive|Battle timer is ON: inactive players will automatically lose when time's up. (requested by Luceo)
|
|t:|1776056942
|teamsize|p1|6
|teamsize|p2|6
|start
|switch|p1a: Deoxys|Deoxys-Speed|100/100
|switch|p2a: Slowking|Slowking-Galar, F|100/100
|-ability|p1a: Deoxys|Pressure
|turn|1
|
|t:|1776056948
|move|p1a: Deoxys|Stealth Rock|p2a: Slowking
|-sidestart|p2: LT_Alt1|move: Stealth Rock
|move|p2a: Slowking|Thunder Wave|p1a: Deoxys
|-status|p1a: Deoxys|par
|
|upkeep
|turn|2
|
|t:|1776056952
|move|p1a: Deoxys|Taunt|p2a: Slowking
|-start|p2a: Slowking|move: Taunt
|move|p2a: Slowking|Sludge Bomb|p1a: Deoxys
|-damage|p1a: Deoxys|44/100 par
|
|upkeep
|turn|3
|j| Disscratch
|
|t:|1776056956
|move|p1a: Deoxys|Psychic|p2a: Slowking
|-damage|p2a: Slowking|79/100
|move|p2a: Slowking|Future Sight|p1a: Deoxys
|-start|p2a: Slowking|move: Future Sight
|
|upkeep
|turn|4
|
|t:|1776056959
|move|p1a: Deoxys|Psychic|p2a: Slowking
|-damage|p2a: Slowking|55/100
|move|p2a: Slowking|Sludge Bomb|p1a: Deoxys
|-damage|p1a: Deoxys|0 fnt
|faint|p1a: Deoxys
|
|-end|p2a: Slowking|move: Taunt
|upkeep
|
|t:|1776056974
|switch|p1a: Gholdengo|Gholdengo|100/100
|turn|5
|
|t:|1776056985
|switch|p2a: Garganacl|Garganacl, F|100/100
|-damage|p2a: Garganacl|88/100|[from] Stealth Rock
|move|p1a: Gholdengo|Shadow Ball|p2a: Garganacl
|-damage|p2a: Garganacl|73/100
|
|-end|p1a: Gholdengo|move: Future Sight
|-resisted|p1a: Gholdengo
|-damage|p1a: Gholdengo|76/100
|-heal|p2a: Garganacl|79/100|[from] item: Leftovers
|upkeep
|turn|6
|
|t:|1776056991
|switch|p1a: Great Tusk|Great Tusk|100/100
|-enditem|p1a: Great Tusk|Booster Energy
|-activate|p1a: Great Tusk|ability: Protosynthesis|[fromitem]
|-start|p1a: Great Tusk|protosynthesisatk
|move|p2a: Garganacl|Salt Cure|p1a: Great Tusk
|-resisted|p1a: Great Tusk
|-damage|p1a: Great Tusk|98/100
|-start|p1a: Great Tusk|Salt Cure
|
|-heal|p2a: Garganacl|85/100|[from] item: Leftovers
|-damage|p1a: Great Tusk|86/100|[from] Salt Cure
|upkeep
|turn|7
|
|t:|1776057000
|-end|p1a: Great Tusk|Protosynthesis|[silent]
|switch|p1a: Ogerpon|Ogerpon-Wellspring, F|100/100
|move|p2a: Garganacl|Curse|p2a: Garganacl
|-unboost|p2a: Garganacl|spe|1
|-boost|p2a: Garganacl|atk|1
|-boost|p2a: Garganacl|def|1
|
|-heal|p2a: Garganacl|92/100|[from] item: Leftovers
|upkeep
|turn|8
|
|t:|1776057004
|move|p1a: Ogerpon|Encore|p2a: Garganacl
|-start|p2a: Garganacl|Encore
|move|p2a: Garganacl|Curse|p2a: Garganacl
|-unboost|p2a: Garganacl|spe|1
|-boost|p2a: Garganacl|atk|1
|-boost|p2a: Garganacl|def|1
|
|-heal|p2a: Garganacl|98/100|[from] item: Leftovers
|upkeep
|turn|9
|
|t:|1776057032
|switch|p2a: Weezing|Weezing-Galar, F|100/100
|-ability|p2a: Weezing|Neutralizing Gas
|-damage|p2a: Weezing|88/100|[from] Stealth Rock
|move|p1a: Ogerpon|Ivy Cudgel|p2a: Weezing|[anim] Ivy Cudgel Water
|-damage|p2a: Weezing|42/100
|
|-heal|p2a: Weezing|48/100|[from] item: Leftovers
|upkeep
|turn|10
|j| Kyurem
|
|t:|1776057045
|-terastallize|p1a: Ogerpon|Water
|detailschange|p1a: Ogerpon|Ogerpon-Wellspring-Tera, F, tera:Water
|move|p1a: Ogerpon|Ivy Cudgel|p2a: Weezing|[anim] Ivy Cudgel Water
|-damage|p2a: Weezing|0 fnt
|faint|p2a: Weezing
|-end|p2a: Weezing|ability: Neutralizing Gas
|-ability|p1a: Ogerpon|Embody Aspect (Wellspring)|boost
|-boost|p1a: Ogerpon|spd|1
|
|upkeep
|c|☆Luceo|Gg
|
|t:|1776057051
|switch|p2a: Moltres|Moltres|100/100
|turn|11
|
|t:|1776057065
|switch|p1a: Iron Moth|Iron Moth|100/100
|-enditem|p1a: Iron Moth|Booster Energy
|-activate|p1a: Iron Moth|ability: Quark Drive|[fromitem]
|-start|p1a: Iron Moth|quarkdrivespe
|-terastallize|p2a: Moltres|Dragon
|move|p2a: Moltres|Will-O-Wisp|p1a: Iron Moth|[miss]
|-miss|p2a: Moltres|p1a: Iron Moth
|
|upkeep
|turn|12
|
|t:|1776057077
|switch|p2a: Slowking|Slowking-Galar, F|89/100
|-damage|p2a: Slowking|76/100|[from] Stealth Rock
|move|p1a: Iron Moth|Fiery Dance|p2a: Slowking
|-damage|p2a: Slowking|50/100
|
|upkeep
|turn|13
|
|t:|1776057081
|move|p1a: Iron Moth|Fiery Dance|p2a: Slowking
|-damage|p2a: Slowking|27/100
|move|p2a: Slowking|Thunder Wave|p1a: Iron Moth
|-status|p1a: Iron Moth|par
|
|upkeep
|turn|14
|
|t:|1776057087
|switch|p2a: Garganacl|Garganacl, F|98/100
|-damage|p2a: Garganacl|85/100|[from] Stealth Rock
|move|p1a: Iron Moth|Fiery Dance|p2a: Garganacl
|-resisted|p2a: Garganacl
|-damage|p2a: Garganacl|71/100
|
|-heal|p2a: Garganacl|77/100|[from] item: Leftovers
|upkeep
|turn|15
|
|t:|1776057104
|-end|p1a: Iron Moth|Quark Drive|[silent]
|switch|p1a: Great Tusk|Great Tusk|86/100
|switch|p2a: Iron Treads|Iron Treads|100/100
|-damage|p2a: Iron Treads|97/100|[from] Stealth Rock
|
|-heal|p2a: Iron Treads|100/100|[from] item: Leftovers
|upkeep
|turn|16
|
|t:|1776057110
|-end|p2a: Iron Treads|Quark Drive|[silent]
|switch|p2a: Moltres|Moltres, tera:Dragon|100/100
|move|p1a: Great Tusk|Headlong Rush|p2a: Moltres
|-damage|p2a: Moltres|53/100
|-unboost|p1a: Great Tusk|def|1
|-unboost|p1a: Great Tusk|spd|1
|-status|p1a: Great Tusk|brn|[from] ability: Flame Body|[of] p2a: Moltres
|
|-damage|p1a: Great Tusk|79/100 brn|[from] brn
|upkeep
|turn|17
|
|t:|1776057130
|-end|p1a: Great Tusk|Protosynthesis|[silent]
|switch|p1a: Gholdengo|Gholdengo|76/100
|move|p2a: Moltres|Roost|p2a: Moltres
|-heal|p2a: Moltres|100/100
|
|upkeep
|turn|18
|inactive|Luceo has 120 seconds left.
|
|t:|1776057152
|switch|p2a: Iron Treads|Iron Treads|100/100
|-damage|p2a: Iron Treads|97/100|[from] Stealth Rock
|move|p1a: Gholdengo|Make It Rain|p2a: Iron Treads
|-resisted|p2a: Iron Treads
|-damage|p2a: Iron Treads|58/100
|-unboost|p1a: Gholdengo|spa|1
|
|-heal|p2a: Iron Treads|64/100|[from] item: Leftovers
|upkeep
|turn|19
|
|t:|1776057160
|switch|p1a: Great Tusk|Great Tusk|79/100 brn
|move|p2a: Iron Treads|Rapid Spin|p1a: Great Tusk
|-damage|p1a: Great Tusk|71/100 brn
|-boost|p2a: Iron Treads|spe|1
|-sideend|p2: LT_Alt1|Stealth Rock|[from] move: Rapid Spin|[of] p2a: Iron Treads
|
|-heal|p2a: Iron Treads|71/100|[from] item: Leftovers
|-damage|p1a: Great Tusk|65/100 brn|[from] brn
|upkeep
|turn|20
|
|t:|1776057172
|-end|p1a: Great Tusk|Protosynthesis|[silent]
|switch|p1a: Dragonite|Dragonite, F|100/100
|move|p2a: Iron Treads|Stealth Rock|p1a: Dragonite
|-sidestart|p1: Luceo|move: Stealth Rock
|
|-heal|p2a: Iron Treads|77/100|[from] item: Leftovers
|upkeep
|turn|21
|
|t:|1776057191
|-end|p2a: Iron Treads|Quark Drive|[silent]
|switch|p2a: Moltres|Moltres, tera:Dragon|100/100
|move|p1a: Dragonite|Earthquake|p2a: Moltres
|-damage|p2a: Moltres|56/100
|
|upkeep
|turn|22
|
|t:|1776057195
|switch|p1a: Great Tusk|Great Tusk|65/100 brn
|-damage|p1a: Great Tusk|62/100 brn|[from] Stealth Rock
|move|p2a: Moltres|Roost|p2a: Moltres
|-heal|p2a: Moltres|100/100
|
|-damage|p1a: Great Tusk|55/100 brn|[from] brn
|upkeep
|turn|23
|
|t:|1776057198
|move|p1a: Great Tusk|Rapid Spin|p2a: Moltres
|-damage|p2a: Moltres|94/100
|-boost|p1a: Great Tusk|spe|1
|-sideend|p1: Luceo|Stealth Rock|[from] move: Rapid Spin|[of] p1a: Great Tusk
|move|p2a: Moltres|Flamethrower|p1a: Great Tusk
|-damage|p1a: Great Tusk|0 fnt
|faint|p1a: Great Tusk
|-end|p1a: Great Tusk|Protosynthesis|[silent]
|
|upkeep
|
|t:|1776057202
|switch|p1a: Dragonite|Dragonite, F|100/100
|turn|24
|
|t:|1776057216
|switch|p2a: Iron Treads|Iron Treads|77/100
|move|p1a: Dragonite|Outrage|p2a: Iron Treads
|-resisted|p2a: Iron Treads
|-damage|p2a: Iron Treads|34/100
|
|-heal|p2a: Iron Treads|40/100|[from] item: Leftovers
|upkeep
|turn|25
|
|t:|1776057232
|move|p2a: Iron Treads|Knock Off|p1a: Dragonite
|-damage|p1a: Dragonite|87/100
|-enditem|p1a: Dragonite|Choice Band|[from] move: Knock Off|[of] p2a: Iron Treads
|move|p1a: Dragonite|Outrage|p2a: Iron Treads|[from] lockedmove
|-resisted|p2a: Iron Treads
|-damage|p2a: Iron Treads|15/100
|-start|p1a: Dragonite|confusion|[fatigue]
|
|-heal|p2a: Iron Treads|22/100|[from] item: Leftovers
|upkeep
|turn|26
|
|t:|1776057250
|switch|p1a: Ogerpon|Ogerpon-Wellspring-Tera, F, tera:Water|100/100
|-ability|p1a: Ogerpon|Embody Aspect (Wellspring)|boost
|-boost|p1a: Ogerpon|spd|1
|move|p2a: Iron Treads|Stealth Rock|p1a: Ogerpon
|-sidestart|p1: Luceo|move: Stealth Rock
|
|-heal|p2a: Iron Treads|28/100|[from] item: Leftovers
|upkeep
|turn|27
|inactive|Luceo has 120 seconds left.
|
|t:|1776057296
|switch|p1a: Dragonite|Dragonite, F|87/100
|-damage|p1a: Dragonite|63/100|[from] Stealth Rock
|-end|p2a: Iron Treads|Quark Drive|[silent]
|switch|p2a: Moltres|Moltres, tera:Dragon|94/100
|
|upkeep
|turn|28
|
|t:|1776057303
|switch|p2a: Iron Treads|Iron Treads|28/100
|move|p1a: Dragonite|Outrage|p2a: Iron Treads
|-resisted|p2a: Iron Treads
|-damage|p2a: Iron Treads|1/100
|
|-heal|p2a: Iron Treads|8/100|[from] item: Leftovers
|upkeep
|turn|29
|
|t:|1776057309
|move|p2a: Iron Treads|Knock Off|p1a: Dragonite
|-damage|p1a: Dragonite|46/100
|move|p1a: Dragonite|Outrage|p2a: Iron Treads|[from] lockedmove
|-resisted|p2a: Iron Treads
|-damage|p2a: Iron Treads|0 fnt
|faint|p2a: Iron Treads
|-end|p2a: Iron Treads|Quark Drive|[silent]
|
|upkeep
|
|t:|1776057313
|switch|p2a: Kyurem|Kyurem|100/100
|-ability|p2a: Kyurem|Pressure
|turn|30
|
|t:|1776057316
|move|p2a: Kyurem|Scale Shot|p1a: Dragonite
|-supereffective|p1a: Dragonite
|-damage|p1a: Dragonite|23/100
|-supereffective|p1a: Dragonite
|-damage|p1a: Dragonite|1/100
|-supereffective|p1a: Dragonite
|-damage|p1a: Dragonite|0 fnt
|faint|p1a: Dragonite
|-hitcount|p1: Dragonite|3
|-unboost|p2a: Kyurem|def|1
|-boost|p2a: Kyurem|spe|1
|
|upkeep
|
|t:|1776057328
|switch|p1a: Gholdengo|Gholdengo|76/100
|-damage|p1a: Gholdengo|70/100|[from] Stealth Rock
|turn|31
|
|t:|1776057337
|switch|p2a: Slowking|Slowking-Galar, F|60/100
|move|p1a: Gholdengo|Make It Rain|p2a: Slowking
|-damage|p2a: Slowking|22/100
|-unboost|p1a: Gholdengo|spa|1
|
|upkeep
|turn|32
|
|t:|1776057341
|switch|p2a: Moltres|Moltres, tera:Dragon|94/100
|move|p1a: Gholdengo|Make It Rain|p2a: Moltres
|-damage|p2a: Moltres|55/100
|-unboost|p1a: Gholdengo|spa|1
|
|upkeep
|turn|33
|
|t:|1776057346
|switch|p1a: Iron Moth|Iron Moth|100/100 par
|-damage|p1a: Iron Moth|76/100 par|[from] Stealth Rock
|move|p2a: Moltres|Will-O-Wisp|p1a: Iron Moth|[miss]
|-miss|p2a: Moltres|p1a: Iron Moth
|
|upkeep
|turn|34
|inactive|Luceo has 120 seconds left.
|
|t:|1776057377
|move|p2a: Moltres|Roost|p2a: Moltres
|-heal|p2a: Moltres|100/100
|move|p1a: Iron Moth|Fiery Dance|p2a: Moltres
|-resisted|p2a: Moltres
|-damage|p2a: Moltres|83/100
|
|upkeep
|turn|35
|
|t:|1776057383
|move|p2a: Moltres|U-turn|p1a: Iron Moth
|-resisted|p1a: Iron Moth
|-damage|p1a: Iron Moth|71/100 par
|
|t:|1776057387
|switch|p2a: Garganacl|Garganacl, F|77/100|[from] U-turn
|move|p1a: Iron Moth|Fiery Dance|p2a: Garganacl
|-resisted|p2a: Garganacl
|-damage|p2a: Garganacl|62/100
|-boost|p1a: Iron Moth|spa|1
|
|-heal|p2a: Garganacl|68/100|[from] item: Leftovers
|upkeep
|turn|36
|
|t:|1776057394
|move|p1a: Iron Moth|Discharge|p2a: Garganacl
|-damage|p2a: Garganacl|41/100
|move|p2a: Garganacl|Salt Cure|p1a: Iron Moth
|-supereffective|p1a: Iron Moth
|-damage|p1a: Iron Moth|28/100 par
|-start|p1a: Iron Moth|Salt Cure
|
|-heal|p2a: Garganacl|47/100|[from] item: Leftovers
|-damage|p1a: Iron Moth|16/100 par|[from] Salt Cure
|upkeep
|turn|37
|
|t:|1776057398
|move|p1a: Iron Moth|Discharge|p2a: Garganacl
|-damage|p2a: Garganacl|16/100
|move|p2a: Garganacl|Recover|p2a: Garganacl
|-heal|p2a: Garganacl|66/100
|
|-heal|p2a: Garganacl|72/100|[from] item: Leftovers
|-damage|p1a: Iron Moth|4/100 par|[from] Salt Cure
|upkeep
|turn|38
|
|t:|1776057403
|move|p1a: Iron Moth|Discharge|p2a: Garganacl
|-damage|p2a: Garganacl|40/100
|move|p2a: Garganacl|Recover|p2a: Garganacl
|-heal|p2a: Garganacl|90/100
|
|-heal|p2a: Garganacl|96/100|[from] item: Leftovers
|-damage|p1a: Iron Moth|0 fnt|[from] Salt Cure
|faint|p1a: Iron Moth
|-end|p1a: Iron Moth|Quark Drive|[silent]
|upkeep
|
|t:|1776057412
|switch|p1a: Ogerpon|Ogerpon-Wellspring-Tera, F, tera:Water|100/100
|-damage|p1a: Ogerpon|88/100|[from] Stealth Rock
|-ability|p1a: Ogerpon|Embody Aspect (Wellspring)|boost
|-boost|p1a: Ogerpon|spd|1
|turn|39
|
|t:|1776057423
|switch|p2a: Moltres|Moltres, tera:Dragon|83/100
|move|p1a: Ogerpon|Ivy Cudgel|p2a: Moltres|[anim] Ivy Cudgel Water
|-resisted|p2a: Moltres
|-crit|p2a: Moltres
|-damage|p2a: Moltres|39/100
|
|upkeep
|turn|40
|
|t:|1776057428
|move|p1a: Ogerpon|Ivy Cudgel|p2a: Moltres|[anim] Ivy Cudgel Water
|-resisted|p2a: Moltres
|-damage|p2a: Moltres|11/100
|move|p2a: Moltres|Roost|p2a: Moltres
|-heal|p2a: Moltres|61/100
|
|upkeep
|turn|41
|
|t:|1776057434
|move|p1a: Ogerpon|Encore|p2a: Moltres
|-start|p2a: Moltres|Encore
|move|p2a: Moltres|Roost|p2a: Moltres
|-heal|p2a: Moltres|100/100
|
|upkeep
|turn|42
|
|t:|1776057444
|move|p1a: Ogerpon|Ivy Cudgel|p2a: Moltres|[anim] Ivy Cudgel Water
|-resisted|p2a: Moltres
|-damage|p2a: Moltres|72/100
|move|p2a: Moltres|Roost|p2a: Moltres
|-heal|p2a: Moltres|100/100
|
|upkeep
|turn|43
|
|t:|1776057449
|move|p1a: Ogerpon|Spikes|p2a: Moltres
|-sidestart|p2: LT_Alt1|Spikes
|move|p2a: Moltres|Roost||[still]
|-fail|p2a: Moltres|heal
|
|-end|p2a: Moltres|Encore
|upkeep
|turn|44
|
|t:|1776057454
|switch|p2a: Kyurem|Kyurem|100/100
|-damage|p2a: Kyurem|88/100|[from] Spikes
|-ability|p2a: Kyurem|Pressure
|move|p1a: Ogerpon|Encore||[still]
|-fail|p1a: Ogerpon
|
|upkeep
|turn|45
|
|t:|1776057462
|move|p1a: Ogerpon|Knock Off|p2a: Kyurem
|-damage|p2a: Kyurem|49/100
|-enditem|p2a: Kyurem|Loaded Dice|[from] move: Knock Off|[of] p1a: Ogerpon
|move|p2a: Kyurem|Scale Shot|p1a: Ogerpon
|-damage|p1a: Ogerpon|75/100
|-damage|p1a: Ogerpon|62/100
|-hitcount|p1a: Ogerpon|2
|-unboost|p2a: Kyurem|def|1
|-boost|p2a: Kyurem|spe|1
|
|upkeep
|turn|46
|
|t:|1776057469
|move|p2a: Kyurem|Freeze-Dry|p1a: Ogerpon
|-supereffective|p1a: Ogerpon
|-damage|p1a: Ogerpon|0 fnt
|faint|p1a: Ogerpon
|detailschange|p1: Ogerpon|Ogerpon-Wellspring, F|[silent]
|
|upkeep
|
|t:|1776057470
|switch|p1a: Gholdengo|Gholdengo|70/100
|-damage|p1a: Gholdengo|64/100|[from] Stealth Rock
|turn|47
|
|t:|1776057498
|move|p1a: Gholdengo|Make It Rain|p2a: Kyurem
|-supereffective|p2a: Kyurem
|-damage|p2a: Kyurem|0 fnt
|-unboost|p1a: Gholdengo|spa|1
|faint|p2a: Kyurem
|
|upkeep
|
|t:|1776057502
|switch|p2a: Slowking|Slowking-Galar, F|55/100
|-damage|p2a: Slowking|43/100|[from] Spikes
|turn|48
|
|t:|1776057504
|move|p1a: Gholdengo|Make It Rain|p2a: Slowking
|-damage|p2a: Slowking|18/100
|-unboost|p1a: Gholdengo|spa|1
|-prepare|p2a: Slowking|Chilly Reception|[premajor]
|move|p2a: Slowking|Chilly Reception|p2a: Slowking
|-weather|Snowscape
|
|t:|1776057507
|switch|p2a: Garganacl|Garganacl, F|96/100|[from] Chilly Reception
|-damage|p2a: Garganacl|84/100|[from] Spikes
|
|-weather|Snowscape|[upkeep]
|-heal|p2a: Garganacl|90/100|[from] item: Leftovers
|upkeep
|turn|49
|
|t:|1776057509
|move|p1a: Gholdengo|Make It Rain|p2a: Garganacl
|-supereffective|p2a: Garganacl
|-damage|p2a: Garganacl|42/100
|-unboost|p1a: Gholdengo|spa|1
|move|p2a: Garganacl|Salt Cure|p1a: Gholdengo
|-resisted|p1a: Gholdengo
|-damage|p1a: Gholdengo|56/100
|-start|p1a: Gholdengo|Salt Cure
|
|-weather|Snowscape|[upkeep]
|-heal|p2a: Garganacl|48/100|[from] item: Leftovers
|-damage|p1a: Gholdengo|32/100|[from] Salt Cure
|upkeep
|turn|50
|
|t:|1776057513
|move|p1a: Gholdengo|Make It Rain|p2a: Garganacl
|-supereffective|p2a: Garganacl
|-damage|p2a: Garganacl|13/100
|-unboost|p1a: Gholdengo|spa|1
|move|p2a: Garganacl|Recover|p2a: Garganacl
|-heal|p2a: Garganacl|63/100
|
|-weather|Snowscape|[upkeep]
|-heal|p2a: Garganacl|69/100|[from] item: Leftovers
|-damage|p1a: Gholdengo|7/100|[from] Salt Cure
|upkeep
|turn|51
|
|t:|1776057516
|-activate|p1a: Gholdengo|move: Struggle
|move|p1a: Gholdengo|Struggle|p2a: Garganacl
|-damage|p2a: Garganacl|65/100
|-damage|p1a: Gholdengo|0 fnt|[from] recoil
|faint|p1a: Gholdengo
|
|win|LT_Alt1
|raw|Luceo's rating: 1565 &rarr; <strong>1553</strong><br />(-12 for losing)
|raw|LT_Alt1's rating: 1715 &rarr; <strong>1727</strong><br />(+12 for winning)
|l|☆Luceo
|player|p1|
|l| Disscratch
