|html|<div class="broadcast-blue"><strong>[Gen 9] OU is currently suspecting Tera Blast! For information on how to participate check out the <a href="https://www.smogon.com/tools/suspects/view/200">suspect thread</a>.</strong></div>
|j|☆Ohmlatl
|j|☆Smizzo
|t:|1776034113
|gametype|singles
|player|p1|Ohmlatl|acetrainer-gen4dp|1134
|player|p2|Smizzo|170|1161
|gen|9
|tier|[Gen 9] OU
|rated|
|rule|HP Percentage Mod: HP is shown in percentages
|rule|Endless Battle Clause: Forcing endless battles is banned
|rule|Species Clause: Limit one of each Pokémon
|rule|OHKO Clause: OHKO moves are banned
|rule|Evasion Items Clause: Evasion items are banned
|rule|Evasion Moves Clause: Evasion moves are banned
|rule|Evasion Abilities Clause: Evasion abilities are banned
|rule|Sleep Moves Clause: Sleep-inducing moves are banned
|clearpoke
|poke|p1|Ogerpon-Cornerstone, F|
|poke|p1|Venomoth, M|
|poke|p1|Mandibuzz, F|
|poke|p1|Toxtricity-Low-Key, M|
|poke|p1|Comfey, M|
|poke|p1|Crawdaunt, F|
|poke|p2|Pawmot, F|
|poke|p2|Crawdaunt, M|
|poke|p2|Hatterene, F|
|poke|p2|Ceruledge, M|
|poke|p2|Lucario, M|
|poke|p2|Glimmora, F|
|teampreview
|
|t:|1776034120
|teamsize|p1|6
|teamsize|p2|6
|start
|switch|p1a: Toxtricity|Toxtricity-Low-Key, M|100/100
|switch|p2a: Glimmora|Glimmora, F|100/100
|turn|1
|
|t:|1776034131
|move|p2a: Glimmora|Mud Shot|p1a: Toxtricity
|-supereffective|p1a: Toxtricity
|-damage|p1a: Toxtricity|6/100
|-unboost|p1a: Toxtricity|spe|1
|move|p1a: Toxtricity|Psychic Noise|p2a: Glimmora
|-supereffective|p2a: Glimmora
|-damage|p2a: Glimmora|10/100
|-start|p2a: Glimmora|move: Heal Block
|-enditem|p1a: Toxtricity|Throat Spray
|-boost|p1a: Toxtricity|spa|1|[from] item: Throat Spray
|
|upkeep
|turn|2
|
|t:|1776034144
|move|p2a: Glimmora|Meteor Beam||[still]
|-prepare|p2a: Glimmora|Meteor Beam
|-boost|p2a: Glimmora|spa|1
|-enditem|p2a: Glimmora|Power Herb
|-anim|p2a: Glimmora|Meteor Beam|p1a: Toxtricity
|-damage|p1a: Toxtricity|0 fnt
|faint|p1a: Toxtricity
|
|-end|p2a: Glimmora|move: Heal Block
|upkeep
|
|t:|1776034160
|switch|p1a: Venomoth|Venomoth, M|100/100
|turn|3
|
|t:|1776034172
|move|p1a: Venomoth|Psychic|p2a: Glimmora
|-supereffective|p2a: Glimmora
|-damage|p2a: Glimmora|0 fnt
|faint|p2a: Glimmora
|
|upkeep
|
|t:|1776034179
|switch|p2a: Pawmot|Pawmot, F|100/100
|turn|4
|
|t:|1776034185
|move|p2a: Pawmot|Ice Punch|p1a: Venomoth
|-damage|p1a: Venomoth|50/100
|move|p1a: Venomoth|Quiver Dance|p1a: Venomoth
|-boost|p1a: Venomoth|spa|1
|-boost|p1a: Venomoth|spd|1
|-boost|p1a: Venomoth|spe|1
|
|upkeep
|turn|5
|
|t:|1776034195
|move|p1a: Venomoth|Psychic|p2a: Pawmot
|-supereffective|p2a: Pawmot
|-damage|p2a: Pawmot|9/100
|move|p2a: Pawmot|Ice Punch|p1a: Venomoth
|-damage|p1a: Venomoth|1/100
|
|upkeep
|turn|6
|
|t:|1776034205
|switch|p2a: Crawdaunt|Crawdaunt, M|100/100
|move|p1a: Venomoth|Sludge Wave|p2a: Crawdaunt
|-crit|p2a: Crawdaunt
|-enditem|p2a: Crawdaunt|Focus Sash
|-damage|p2a: Crawdaunt|1/100
|
|upkeep
|turn|7
|
|t:|1776034212
|move|p1a: Venomoth|Sludge Wave|p2a: Crawdaunt
|-damage|p2a: Crawdaunt|0 fnt
|faint|p2a: Crawdaunt
|
|upkeep
|
|t:|1776034216
|switch|p2a: Ceruledge|Ceruledge, M|100/100
|turn|8
|
|t:|1776034220
|move|p2a: Ceruledge|Shadow Sneak|p1a: Venomoth
|-damage|p1a: Venomoth|0 fnt
|faint|p1a: Venomoth
|
|upkeep
|
|t:|1776034223
|switch|p1a: Crawdaunt|Crawdaunt, F|100/100
|turn|9
|
|t:|1776034231
|switch|p2a: Hatterene|Hatterene, F|100/100
|-terastallize|p1a: Crawdaunt|Stellar
|move|p1a: Crawdaunt|Aqua Jet|p2a: Hatterene
|-damage|p2a: Hatterene|55/100
|
|upkeep
|turn|10
|
|t:|1776034240
|move|p1a: Crawdaunt|Aqua Jet|p2a: Hatterene
|-damage|p2a: Hatterene|22/100
|move|p2a: Hatterene|Giga Drain|p1a: Crawdaunt
|-supereffective|p1a: Crawdaunt
|-damage|p1a: Crawdaunt|21/100
|-heal|p2a: Hatterene|63/100|[from] drain|[of] p1a: Crawdaunt
|
|upkeep
|turn|11
|
|t:|1776034248
|switch|p1a: Mandibuzz|Mandibuzz, F|100/100
|move|p2a: Hatterene|Giga Drain|p1a: Mandibuzz
|-resisted|p1a: Mandibuzz
|-damage|p1a: Mandibuzz|90/100
|-heal|p2a: Hatterene|70/100|[from] drain|[of] p1a: Mandibuzz
|
|-heal|p1a: Mandibuzz|96/100|[from] item: Leftovers
|upkeep
|turn|12
|
|t:|1776034253
|move|p1a: Mandibuzz|Foul Play|p2a: Hatterene
|-damage|p2a: Hatterene|45/100
|move|p2a: Hatterene|Draining Kiss|p1a: Mandibuzz
|-supereffective|p1a: Mandibuzz
|-damage|p1a: Mandibuzz|55/100
|-heal|p2a: Hatterene|87/100|[from] drain|[of] p1a: Mandibuzz
|
|-heal|p1a: Mandibuzz|61/100|[from] item: Leftovers
|upkeep
|turn|13
|
|t:|1776034262
|move|p1a: Mandibuzz|Foul Play|p2a: Hatterene
|-damage|p2a: Hatterene|63/100
|move|p2a: Hatterene|Mystical Fire|p1a: Mandibuzz
|-damage|p1a: Mandibuzz|39/100
|-unboost|p1a: Mandibuzz|spa|1
|
|-heal|p1a: Mandibuzz|46/100|[from] item: Leftovers
|upkeep
|turn|14
|
|t:|1776034269
|move|p1a: Mandibuzz|Foul Play|p2a: Hatterene
|-damage|p2a: Hatterene|39/100
|move|p2a: Hatterene|Draining Kiss|p1a: Mandibuzz
|-supereffective|p1a: Mandibuzz
|-damage|p1a: Mandibuzz|7/100
|-heal|p2a: Hatterene|78/100|[from] drain|[of] p1a: Mandibuzz
|
|-heal|p1a: Mandibuzz|13/100|[from] item: Leftovers
|upkeep
|turn|15
|
|t:|1776034274
|move|p1a: Mandibuzz|Tailwind|p1a: Mandibuzz
|-sidestart|p1: Ohmlatl|move: Tailwind
|move|p2a: Hatterene|Draining Kiss|p1a: Mandibuzz
|-supereffective|p1a: Mandibuzz
|-damage|p1a: Mandibuzz|0 fnt
|-heal|p2a: Hatterene|90/100|[from] drain|[of] p1a: Mandibuzz
|faint|p1a: Mandibuzz
|
|upkeep
|
|t:|1776034285
|switch|p1a: Crawdaunt|Crawdaunt, F, tera:Stellar|21/100
|turn|16
|
|t:|1776034293
|switch|p2a: Lucario|Lucario, M|100/100
|-item|p2a: Lucario|Air Balloon
|move|p1a: Crawdaunt|Crabhammer|p2a: Lucario
|-damage|p2a: Lucario|0 fnt
|-enditem|p2a: Lucario|Air Balloon
|faint|p2a: Lucario
|
|upkeep
|
|t:|1776034307
|switch|p2a: Ceruledge|Ceruledge, M|100/100
|turn|17
|
|t:|1776034316
|-terastallize|p2a: Ceruledge|Grass
|move|p2a: Ceruledge|Swords Dance|p2a: Ceruledge
|-boost|p2a: Ceruledge|atk|2
|move|p1a: Crawdaunt|Crabhammer|p2a: Ceruledge
|-resisted|p2a: Ceruledge
|-crit|p2a: Ceruledge
|-damage|p2a: Ceruledge|19/100
|
|-heal|p2a: Ceruledge|25/100|[from] item: Leftovers
|upkeep
|turn|18
|
|t:|1776034328
|move|p2a: Ceruledge|Shadow Sneak|p1a: Crawdaunt
|-resisted|p1a: Crawdaunt
|-damage|p1a: Crawdaunt|0 fnt
|faint|p1a: Crawdaunt
|
|-heal|p2a: Ceruledge|31/100|[from] item: Leftovers
|-sideend|p1: Ohmlatl|move: Tailwind
|upkeep
|
|t:|1776034335
|switch|p1a: Ogerpon|Ogerpon-Cornerstone, F|100/100
|turn|19
|
|t:|1776034342
|move|p2a: Ceruledge|Shadow Sneak|p1a: Ogerpon
|-damage|p1a: Ogerpon|52/100
|move|p1a: Ogerpon|Swords Dance|p1a: Ogerpon
|-boost|p1a: Ogerpon|atk|2
|
|-heal|p2a: Ceruledge|37/100|[from] item: Leftovers
|upkeep
|turn|20
|
|t:|1776034351
|move|p1a: Ogerpon|Quick Attack|p2a: Ceruledge
|-damage|p2a: Ceruledge|0 fnt
|faint|p2a: Ceruledge
|
|upkeep
|
|t:|1776034356
|switch|p2a: Hatterene|Hatterene, F|90/100
|turn|21
|
|t:|1776034361
|move|p1a: Ogerpon|Ivy Cudgel|p2a: Hatterene|[anim] Ivy Cudgel Rock
|-damage|p2a: Hatterene|0 fnt
|faint|p2a: Hatterene
|
|upkeep
|-message|Smizzo forfeited.
|
|win|Ohmlatl
|raw|Ohmlatl's rating: 1134 &rarr; <strong>1161</strong><br />(+27 for winning)
|raw|Smizzo's rating: 1161 &rarr; <strong>1134</strong><br />(-27 for losing)
|l|☆Smizzo
|player|p2|
|l|☆Ohmlatl
|player|p1|
