|html|<div class="broadcast-blue"><strong>[Gen 9] OU is currently suspecting Tera Blast! For information on how to participate check out the <a href="https://www.smogon.com/tools/suspects/view/200">suspect thread</a>.</strong></div>
|j|☆The Rafster
|j|☆TrapLyf
|t:|1776043229
|gametype|singles
|player|p1|The Rafster|1|1452
|player|p2|TrapLyf|1|1517
|gen|9
|tier|[Gen 9] OU
|rated|
|rule|HP Percentage Mod: HP is shown in percentages
|rule|Endless Battle Clause: Forcing endless battles is banned
|rule|Species Clause: Limit one of each Pokémon
|rule|OHKO Clause: OHKO moves are banned
|rule|Evasion Items Clause: Evasion items are banned
|rule|Evasion Moves Clause: Evasion moves are banned
|rule|Evasion Abilities Clause: Evasion abilities are banned
|rule|Sleep Moves Clause: Sleep-inducing moves are banned
|clearpoke
|poke|p1|Tyranitar, M|
|poke|p1|Iron Moth|
|poke|p1|Glimmora, M|
|poke|p1|Dragonite, F|
|poke|p1|Darkrai|
|poke|p1|Dondozo, M|
|poke|p2|Manaphy|
|poke|p2|Enamorus-Therian, F|
|poke|p2|Ninetales-Alola, F|
|poke|p2|Great Tusk|
|poke|p2|Kingambit, M|
|poke|p2|Iron Moth|
|teampreview
|inactive|Battle timer is ON: inactive players will automatically lose when time's up. (requested by TrapLyf)
|
|t:|1776043260
|teamsize|p1|6
|teamsize|p2|6
|start
|switch|p1a: Glimmora|Glimmora, M|100/100
|switch|p2a: Great Tusk|Great Tusk|100/100
|-enditem|p2a: Great Tusk|Booster Energy
|-activate|p2a: Great Tusk|ability: Protosynthesis|[fromitem]
|-start|p2a: Great Tusk|protosynthesisatk
|turn|1
|
|t:|1776043276
|move|p2a: Great Tusk|Rapid Spin|p1a: Glimmora
|-resisted|p1a: Glimmora
|-damage|p1a: Glimmora|87/100
|-boost|p2a: Great Tusk|spe|1
|-activate|p1a: Glimmora|ability: Toxic Debris
|-sidestart|p2: TrapLyf|move: Toxic Spikes
|-sideend|p2: TrapLyf|Toxic Spikes|[from] move: Rapid Spin|[of] p2a: Great Tusk
|move|p1a: Glimmora|Energy Ball|p2a: Great Tusk
|-supereffective|p2a: Great Tusk
|-damage|p2a: Great Tusk|3/100
|
|upkeep
|turn|2
|
|t:|1776043285
|move|p2a: Great Tusk|Headlong Rush|p1a: Glimmora
|-supereffective|p1a: Glimmora
|-damage|p1a: Glimmora|0 fnt
|-unboost|p2a: Great Tusk|def|1
|-unboost|p2a: Great Tusk|spd|1
|-activate|p1a: Glimmora|ability: Toxic Debris
|-sidestart|p2: TrapLyf|move: Toxic Spikes
|faint|p1a: Glimmora
|
|upkeep
|
|t:|1776043293
|switch|p1a: Dragonite|Dragonite, F|100/100
|turn|3
|
|t:|1776043301
|move|p1a: Dragonite|Extreme Speed|p2a: Great Tusk
|-damage|p2a: Great Tusk|0 fnt
|faint|p2a: Great Tusk
|-end|p2a: Great Tusk|Protosynthesis|[silent]
|
|upkeep
|
|t:|1776043306
|switch|p2a: Ninetales|Ninetales-Alola, F|100/100
|-status|p2a: Ninetales|psn
|-weather|Snowscape|[from] ability: Snow Warning|[of] p2a: Ninetales
|turn|4
|
|t:|1776043319
|-terastallize|p1a: Dragonite|Normal
|move|p1a: Dragonite|Extreme Speed|p2a: Ninetales
|-damage|p2a: Ninetales|47/100 psn
|move|p2a: Ninetales|Aurora Veil|p2a: Ninetales
|-sidestart|p2: TrapLyf|move: Aurora Veil
|
|-weather|Snowscape|[upkeep]
|-damage|p2a: Ninetales|35/100 psn|[from] psn
|upkeep
|turn|5
|
|t:|1776043326
|switch|p2a: Kingambit|Kingambit, M|100/100
|-activate|p2a: Kingambit|ability: Supreme Overlord
|-start|p2a: Kingambit|fallen1|[silent]
|move|p1a: Dragonite|Extreme Speed|p2a: Kingambit
|-resisted|p2a: Kingambit
|-damage|p2a: Kingambit|86/100
|
|-weather|Snowscape|[upkeep]
|upkeep
|turn|6
|
|t:|1776043344
|switch|p1a: Dondozo|Dondozo, M|100/100
|-end|p2a: Kingambit|fallen1|[silent]
|switch|p2a: Iron Moth|Iron Moth|100/100
|-sideend|p2: TrapLyf|move: Toxic Spikes|[of] p2a: Iron Moth
|-enditem|p2a: Iron Moth|Booster Energy
|-activate|p2a: Iron Moth|ability: Quark Drive|[fromitem]
|-start|p2a: Iron Moth|quarkdrivespe
|
|-weather|Snowscape|[upkeep]
|upkeep
|turn|7
|inactive|TrapLyf has 120 seconds left.
|
|t:|1776043387
|move|p2a: Iron Moth|Sludge Wave|p1a: Dondozo
|-damage|p1a: Dondozo|64/100
|move|p1a: Dondozo|Earthquake|p2a: Iron Moth
|-supereffective|p2a: Iron Moth
|-damage|p2a: Iron Moth|20/100
|
|-weather|Snowscape|[upkeep]
|-heal|p1a: Dondozo|70/100|[from] item: Leftovers
|upkeep
|turn|8
|
|t:|1776043401
|move|p2a: Iron Moth|Sludge Wave|p1a: Dondozo
|-damage|p1a: Dondozo|27/100
|move|p1a: Dondozo|Earthquake|p2a: Iron Moth
|-supereffective|p2a: Iron Moth
|-damage|p2a: Iron Moth|0 fnt
|faint|p2a: Iron Moth
|-end|p2a: Iron Moth|Quark Drive|[silent]
|
|-weather|none
|-heal|p1a: Dondozo|33/100|[from] item: Leftovers
|upkeep
|
|t:|1776043410
|switch|p2a: Enamorus|Enamorus-Therian, F|100/100
|turn|9
|
|t:|1776043419
|move|p1a: Dondozo|Protect|p1a: Dondozo
|-singleturn|p1a: Dondozo|Protect
|move|p2a: Enamorus|Agility|p2a: Enamorus
|-boost|p2a: Enamorus|spe|2
|
|-heal|p1a: Dondozo|39/100|[from] item: Leftovers
|upkeep
|turn|10
|
|t:|1776043424
|switch|p1a: Iron Moth|Iron Moth|100/100
|move|p2a: Enamorus|Calm Mind|p2a: Enamorus
|-boost|p2a: Enamorus|spa|1
|-boost|p2a: Enamorus|spd|1
|
|upkeep
|turn|11
|
|t:|1776043428
|move|p1a: Iron Moth|Sludge Wave|p2a: Enamorus
|-supereffective|p2a: Enamorus
|-damage|p2a: Enamorus|62/100
|-enditem|p2a: Enamorus|Weakness Policy
|-boost|p2a: Enamorus|atk|2|[from] item: Weakness Policy
|-boost|p2a: Enamorus|spa|2|[from] item: Weakness Policy
|move|p2a: Enamorus|Earth Power|p1a: Iron Moth
|-supereffective|p1a: Iron Moth
|-damage|p1a: Iron Moth|0 fnt
|faint|p1a: Iron Moth
|-end|p1a: Iron Moth|Quark Drive|[silent]
|
|-sideend|p2: TrapLyf|move: Aurora Veil
|upkeep
|
|t:|1776043438
|switch|p1a: Dragonite|Dragonite, F, tera:Normal|100/100
|turn|12
|
|t:|1776043440
|-terastallize|p2a: Enamorus|Steel
|move|p1a: Dragonite|Extreme Speed|p2a: Enamorus
|-resisted|p2a: Enamorus
|-damage|p2a: Enamorus|26/100
|move|p2a: Enamorus|Draining Kiss|p1a: Dragonite
|-damage|p1a: Dragonite|64/100
|-heal|p2a: Enamorus|57/100|[from] drain|[of] p1a: Dragonite
|
|upkeep
|turn|13
|
|t:|1776043450
|switch|p1a: Tyranitar|Tyranitar, M|100/100
|-weather|Sandstorm|[from] ability: Sand Stream|[of] p1a: Tyranitar
|move|p2a: Enamorus|Draining Kiss|p1a: Tyranitar
|-supereffective|p1a: Tyranitar
|-damage|p1a: Tyranitar|35/100
|-heal|p2a: Enamorus|100/100|[from] drain|[of] p1a: Tyranitar
|
|-weather|Sandstorm|[upkeep]
|upkeep
|turn|14
|
|t:|1776043456
|move|p2a: Enamorus|Draining Kiss|p1a: Tyranitar
|-supereffective|p1a: Tyranitar
|-damage|p1a: Tyranitar|0 fnt
|faint|p1a: Tyranitar
|
|-weather|Sandstorm|[upkeep]
|upkeep
|-message|The Rafster forfeited.
|
|win|TrapLyf
|raw|The Rafster's rating: 1452 &rarr; <strong>1436</strong><br />(-16 for losing)
|raw|TrapLyf's rating: 1517 &rarr; <strong>1533</strong><br />(+16 for winning)
|l|☆The Rafster
|player|p1|
|l|☆TrapLyf
|player|p2|
