|html|<div class="broadcast-blue"><strong>[Gen 9] OU is currently suspecting Tera Blast! For information on how to participate check out the <a href="https://www.smogon.com/tools/suspects/view/200">suspect thread</a>.</strong></div>
|j|☆AngelicMan
|j|☆EeroyeTheCamerupt
|t:|1776277203
|gametype|singles
|player|p1|AngelicMan|265|1144
|player|p2|EeroyeTheCamerupt|hilda|1189
|gen|9
|tier|[Gen 9] OU
|rated|
|rule|HP Percentage Mod: HP is shown in percentages
|rule|Endless Battle Clause: Forcing endless battles is banned
|rule|Species Clause: Limit one of each Pokémon
|rule|OHKO Clause: OHKO moves are banned
|rule|Evasion Items Clause: Evasion items are banned
|rule|Evasion Moves Clause: Evasion moves are banned
|rule|Evasion Abilities Clause: Evasion abilities are banned
|rule|Sleep Moves Clause: Sleep-inducing moves are banned
|clearpoke
|poke|p1|Clodsire, M|
|poke|p1|Toxapex, F|
|poke|p1|Alomomola, F|
|poke|p1|Blissey, F|
|poke|p1|Ting-Lu|
|poke|p1|Gliscor, M|
|poke|p2|Swanna, F|
|poke|p2|Gholdengo|
|poke|p2|Iron Valiant|
|poke|p2|Cinderace, M|
|poke|p2|Kingambit, F|
|poke|p2|Clodsire, M|
|teampreview
|inactive|Battle timer is ON: inactive players will automatically lose when time's up. (requested by AngelicMan)
|
|t:|1776277208
|teamsize|p1|6
|teamsize|p2|6
|start
|switch|p1a: Ting-Lu|Ting-Lu|100/100
|switch|p2a: Goldilocks|Gholdengo|100/100
|-ability|p1a: Ting-Lu|Vessel of Ruin
|turn|1
|
|t:|1776277227
|switch|p2a: Cygnus|Swanna, F|100/100
|move|p1a: Ting-Lu|Stealth Rock|p2a: Cygnus
|-sidestart|p2: EeroyeTheCamerupt|move: Stealth Rock
|
|upkeep
|turn|2
|
|t:|1776277248
|switch|p1a: Toxapex|Toxapex, F, shiny|100/100
|move|p2a: Cygnus|Surf|p1a: Toxapex
|-resisted|p1a: Toxapex
|-damage|p1a: Toxapex|85/100
|
|upkeep
|turn|3
|
|t:|1776277261
|move|p2a: Cygnus|Air Slash|p1a: Toxapex
|-damage|p1a: Toxapex|61/100
|cant|p1a: Toxapex|flinch
|
|upkeep
|turn|4
|
|t:|1776277266
|move|p2a: Cygnus|Air Slash|p1a: Toxapex
|-damage|p1a: Toxapex|36/100
|cant|p1a: Toxapex|flinch
|
|upkeep
|turn|5
|
|t:|1776277271
|move|p2a: Cygnus|Air Slash|p1a: Toxapex
|-damage|p1a: Toxapex|12/100
|move|p1a: Toxapex|Recover|p1a: Toxapex
|-heal|p1a: Toxapex|62/100
|
|upkeep
|turn|6
|
|t:|1776277276
|move|p2a: Cygnus|Air Slash|p1a: Toxapex
|-damage|p1a: Toxapex|38/100
|cant|p1a: Toxapex|flinch
|
|upkeep
|turn|7
|c|☆AngelicMan|BUY A LOTTERY TICKET
|c|☆AngelicMan|LMFAO
|
|t:|1776277295
|move|p2a: Cygnus|Air Slash|p1a: Toxapex
|-damage|p1a: Toxapex|12/100
|move|p1a: Toxapex|Recover|p1a: Toxapex
|-heal|p1a: Toxapex|63/100
|
|upkeep
|turn|8
|c|☆EeroyeTheCamerupt|lol I mightve if it had hit before you could use recover
|
|t:|1776277305
|move|p2a: Cygnus|Air Slash|p1a: Toxapex
|-damage|p1a: Toxapex|36/100
|move|p1a: Toxapex|Toxic|p2a: Cygnus
|-status|p2a: Cygnus|tox
|
|-damage|p2a: Cygnus|94/100 tox|[from] psn
|upkeep
|turn|9
|c|☆EeroyeTheCamerupt|Now that would be lucky
|c|☆AngelicMan|took me 5 attempts to toxic you
|
|t:|1776277320
|move|p1a: Toxapex|Baneful Bunker|p1a: Toxapex
|-singleturn|p1a: Toxapex|move: Protect
|move|p2a: Cygnus|Air Slash|p1a: Toxapex
|-activate|p1a: Toxapex|move: Protect
|
|-heal|p2a: Cygnus|100/100 tox|[from] item: Leftovers
|-damage|p2a: Cygnus|88/100 tox|[from] psn
|upkeep
|turn|10
|
|t:|1776277328
|move|p2a: Cygnus|Air Slash|p1a: Toxapex
|-damage|p1a: Toxapex|10/100
|move|p1a: Toxapex|Recover|p1a: Toxapex
|-heal|p1a: Toxapex|60/100
|
|-heal|p2a: Cygnus|94/100 tox|[from] item: Leftovers
|-damage|p2a: Cygnus|76/100 tox|[from] psn
|upkeep
|turn|11
|
|t:|1776277347
|move|p2a: Cygnus|Air Slash|p1a: Toxapex
|-damage|p1a: Toxapex|35/100
|move|p1a: Toxapex|Recover|p1a: Toxapex
|-heal|p1a: Toxapex|85/100
|
|-heal|p2a: Cygnus|82/100 tox|[from] item: Leftovers
|-damage|p2a: Cygnus|57/100 tox|[from] psn
|upkeep
|turn|12
|
|t:|1776277355
|move|p1a: Toxapex|Baneful Bunker|p1a: Toxapex
|-singleturn|p1a: Toxapex|move: Protect
|move|p2a: Cygnus|Air Slash|p1a: Toxapex
|-activate|p1a: Toxapex|move: Protect
|
|-heal|p2a: Cygnus|63/100 tox|[from] item: Leftovers
|-damage|p2a: Cygnus|32/100 tox|[from] psn
|upkeep
|turn|13
|
|t:|1776277375
|switch|p1a: Alomomola|Alomomola, F, shiny|100/100
|move|p2a: Cygnus|Air Slash|p1a: Alomomola|[miss]
|-miss|p2a: Cygnus|p1a: Alomomola
|
|-heal|p2a: Cygnus|39/100 tox|[from] item: Leftovers
|-damage|p2a: Cygnus|2/100 tox|[from] psn
|upkeep
|turn|14
|
|t:|1776277386
|move|p2a: Cygnus|Air Slash|p1a: Alomomola
|-damage|p1a: Alomomola|63/100
|cant|p1a: Alomomola|flinch
|
|-heal|p2a: Cygnus|8/100 tox|[from] item: Leftovers
|-damage|p2a: Cygnus|0 fnt|[from] psn
|faint|p2a: Cygnus
|upkeep
|
|t:|1776277391
|switch|p2a: CLODfromElemental|Clodsire, M|100/100
|-damage|p2a: CLODfromElemental|94/100|[from] Stealth Rock
|turn|15
|
|t:|1776277399
|switch|p1a: Gliscor|Gliscor, M|100/100
|move|p2a: CLODfromElemental|Toxic|p1a: Gliscor
|-status|p1a: Gliscor|tox
|
|-heal|p2a: CLODfromElemental|100/100|[from] item: Black Sludge
|upkeep
|turn|16
|
|t:|1776277411
|move|p1a: Gliscor|Facade|p2a: CLODfromElemental
|-damage|p2a: CLODfromElemental|64/100
|move|p2a: CLODfromElemental|Rock Tomb|p1a: Gliscor
|-damage|p1a: Gliscor|94/100 tox
|-unboost|p1a: Gliscor|spe|1
|
|-heal|p2a: CLODfromElemental|71/100|[from] item: Black Sludge
|-heal|p1a: Gliscor|100/100 tox|[from] ability: Poison Heal
|upkeep
|turn|17
|
|t:|1776277421
|switch|p2a: Goldilocks|Gholdengo|100/100
|-damage|p2a: Goldilocks|94/100|[from] Stealth Rock
|move|p1a: Gliscor|Knock Off|p2a: Goldilocks
|-supereffective|p2a: Goldilocks
|-damage|p2a: Goldilocks|47/100
|-enditem|p2a: Goldilocks|Choice Scarf|[from] move: Knock Off|[of] p1a: Gliscor
|
|upkeep
|turn|18
|
|t:|1776277431
|move|p2a: Goldilocks|Shadow Ball|p1a: Gliscor
|-damage|p1a: Gliscor|54/100 tox
|move|p1a: Gliscor|Earthquake|p2a: Goldilocks
|-supereffective|p2a: Goldilocks
|-crit|p2a: Goldilocks
|-damage|p2a: Goldilocks|0 fnt
|faint|p2a: Goldilocks
|
|-heal|p1a: Gliscor|67/100 tox|[from] ability: Poison Heal
|upkeep
|c|☆EeroyeTheCamerupt|You win regardless lol I cant beat this team
|
|t:|1776277446
|switch|p2a: CLODfromElemental|Clodsire, M|71/100
|-damage|p2a: CLODfromElemental|64/100|[from] Stealth Rock
|turn|19
|
|t:|1776277453
|move|p1a: Gliscor|Knock Off|p2a: CLODfromElemental
|-damage|p2a: CLODfromElemental|42/100
|-enditem|p2a: CLODfromElemental|Black Sludge|[from] move: Knock Off|[of] p1a: Gliscor
|move|p2a: CLODfromElemental|Rock Tomb|p1a: Gliscor
|-damage|p1a: Gliscor|60/100 tox
|-unboost|p1a: Gliscor|spe|1
|
|-heal|p1a: Gliscor|73/100 tox|[from] ability: Poison Heal
|upkeep
|turn|20
|c|☆AngelicMan|why rock tomb
|
|t:|1776277471
|move|p1a: Gliscor|Earthquake|p2a: CLODfromElemental
|-supereffective|p2a: CLODfromElemental
|-damage|p2a: CLODfromElemental|0 fnt
|faint|p2a: CLODfromElemental
|
|-heal|p1a: Gliscor|85/100 tox|[from] ability: Poison Heal
|upkeep
|c|☆EeroyeTheCamerupt|Just incase I encounter a flyer
|
|t:|1776277486
|switch|p2a: Valiant|Iron Valiant|100/100
|-damage|p2a: Valiant|94/100|[from] Stealth Rock
|-enditem|p2a: Valiant|Booster Energy
|-activate|p2a: Valiant|ability: Quark Drive|[fromitem]
|-start|p2a: Valiant|quarkdrivespe
|turn|21
|
|t:|1776277497
|switch|p1a: Toxapex|Toxapex, F, shiny|100/100
|move|p2a: Valiant|Moonblast|p1a: Toxapex
|-resisted|p1a: Toxapex
|-damage|p1a: Toxapex|79/100
|
|upkeep
|turn|22
|
|t:|1776277504
|move|p2a: Valiant|Psychic|p1a: Toxapex
|-supereffective|p1a: Toxapex
|-damage|p1a: Toxapex|29/100
|move|p1a: Toxapex|Toxic|p2a: Valiant
|-status|p2a: Valiant|tox
|
|-damage|p2a: Valiant|88/100 tox|[from] psn
|upkeep
|turn|23
|c|☆AngelicMan|SPA iron valiant? thats p cool
|c|☆AngelicMan|a lot rarer nowadays
|
|t:|1776277530
|move|p1a: Toxapex|Baneful Bunker|p1a: Toxapex
|-singleturn|p1a: Toxapex|move: Protect
|move|p2a: Valiant|Psychic|p1a: Toxapex
|-activate|p1a: Toxapex|move: Protect
|
|-damage|p2a: Valiant|76/100 tox|[from] psn
|upkeep
|turn|24
|c|☆EeroyeTheCamerupt|Yeah I mainly just wanted a very fast SpA
|
|t:|1776277542
|switch|p1a: Ting-Lu|Ting-Lu|100/100
|-ability|p1a: Ting-Lu|Vessel of Ruin
|move|p2a: Valiant|Psychic|p1a: Ting-Lu
|-immune|p1a: Ting-Lu
|
|-damage|p2a: Valiant|57/100 tox|[from] psn
|upkeep
|turn|25
|c|☆EeroyeTheCamerupt|Since most of my other team is phys
|c|☆AngelicMan|makes sense
|inactive|AngelicMan has 120 seconds left.
|c|☆AngelicMan|calm mind in there or nah
|
|t:|1776277575
|move|p2a: Valiant|Moonblast|p1a: Ting-Lu
|-supereffective|p1a: Ting-Lu
|-damage|p1a: Ting-Lu|61/100
|-unboost|p1a: Ting-Lu|spa|1
|move|p1a: Ting-Lu|Whirlwind|p2a: Valiant
|-end|p2a: Valiant|Quark Drive|[silent]
|drag|p2a: Uramasa|Kingambit, F|100/100
|-damage|p2a: Uramasa|94/100|[from] Stealth Rock
|-activate|p2a: Uramasa|ability: Supreme Overlord
|-start|p2a: Uramasa|fallen3|[silent]
|
|-heal|p2a: Uramasa|100/100|[from] item: Leftovers
|upkeep
|turn|26
|c|☆EeroyeTheCamerupt|Maybe maybe not
|
|t:|1776277593
|-end|p2a: Uramasa|fallen3|[silent]
|switch|p2a: Valiant|Iron Valiant|57/100 tox
|-damage|p2a: Valiant|51/100 tox|[from] Stealth Rock
|move|p1a: Ting-Lu|Ruination|p2a: Valiant
|-damage|p2a: Valiant|26/100 tox
|
|-damage|p2a: Valiant|20/100 tox|[from] psn
|upkeep
|turn|27
|
|t:|1776277605
|-terastallize|p1a: Ting-Lu|Steel
|move|p2a: Valiant|Close Combat|p1a: Ting-Lu
|-supereffective|p1a: Ting-Lu
|-damage|p1a: Ting-Lu|8/100
|-unboost|p2a: Valiant|def|1
|-unboost|p2a: Valiant|spd|1
|move|p1a: Ting-Lu|Whirlwind|p2a: Valiant
|-end|p2a: Valiant|Quark Drive|[silent]
|drag|p2a: Uramasa|Kingambit, F|100/100
|-damage|p2a: Uramasa|94/100|[from] Stealth Rock
|-activate|p2a: Uramasa|ability: Supreme Overlord
|-start|p2a: Uramasa|fallen3|[silent]
|
|-heal|p2a: Uramasa|100/100|[from] item: Leftovers
|upkeep
|turn|28
|
|t:|1776277626
|-end|p2a: Uramasa|fallen3|[silent]
|switch|p2a: Valiant|Iron Valiant|20/100 tox
|-damage|p2a: Valiant|13/100 tox|[from] Stealth Rock
|switch|p1a: Alomomola|Alomomola, F, shiny|97/100
|
|-damage|p2a: Valiant|7/100 tox|[from] psn
|upkeep
|turn|29
|
|t:|1776277635
|move|p1a: Alomomola|Protect|p1a: Alomomola
|-singleturn|p1a: Alomomola|Protect
|move|p2a: Valiant|Thunderbolt|p1a: Alomomola
|-activate|p1a: Alomomola|move: Protect
|
|-damage|p2a: Valiant|0 fnt|[from] psn
|faint|p2a: Valiant
|-end|p2a: Valiant|Quark Drive|[silent]
|upkeep
|
|t:|1776277638
|switch|p2a: Trixie|Cinderace, M|100/100
|turn|30
|
|t:|1776277652
|move|p2a: Trixie|Court Change|p2a: Trixie
|-start|p2a: Trixie|typechange|Normal|[from] ability: Libero
|-swapsideconditions
|-activate|p2a: Trixie|move: Court Change
|move|p1a: Alomomola|Whirlpool|p2a: Trixie|[miss]
|-miss|p1a: Alomomola|p2a: Trixie
|
|upkeep
|turn|31
|
|t:|1776277658
|move|p2a: Trixie|Gunk Shot|p1a: Alomomola
|-damage|p1a: Alomomola|76/100
|-status|p1a: Alomomola|psn
|move|p1a: Alomomola|Whirlpool|p2a: Trixie
|-damage|p2a: Trixie|92/100
|-activate|p2a: Trixie|move: Whirlpool|[of] p1a: Alomomola
|
|-damage|p1a: Alomomola|64/100 psn|[from] psn
|-damage|p2a: Trixie|79/100|[from] move: Whirlpool|[partiallytrapped]
|upkeep
|turn|32
|
|t:|1776277675
|move|p2a: Trixie|High Jump Kick|p1a: Alomomola
|-damage|p1a: Alomomola|43/100 psn
|move|p1a: Alomomola|Wish|p1a: Alomomola
|
|-damage|p1a: Alomomola|30/100 psn|[from] psn
|-damage|p2a: Trixie|67/100|[from] move: Whirlpool|[partiallytrapped]
|upkeep
|turn|33
|
|t:|1776277683
|move|p2a: Trixie|Gunk Shot|p1a: Alomomola
|-damage|p1a: Alomomola|9/100 psn
|move|p1a: Alomomola|Chilling Water|p2a: Trixie
|-damage|p2a: Trixie|54/100
|-unboost|p2a: Trixie|atk|1
|
|-heal|p1a: Alomomola|59/100 psn|[from] move: Wish|[wisher] Alomomola
|-damage|p1a: Alomomola|47/100 psn|[from] psn
|-damage|p2a: Trixie|42/100|[from] move: Whirlpool|[partiallytrapped]
|upkeep
|turn|34
|
|t:|1776277695
|move|p2a: Trixie|Gunk Shot|p1a: Alomomola
|-damage|p1a: Alomomola|34/100 psn
|move|p1a: Alomomola|Wish|p1a: Alomomola
|
|-damage|p1a: Alomomola|21/100 psn|[from] psn
|-damage|p2a: Trixie|29/100|[from] move: Whirlpool|[partiallytrapped]
|upkeep
|turn|35
|
|t:|1776277704
|move|p1a: Alomomola|Protect|p1a: Alomomola
|-singleturn|p1a: Alomomola|Protect
|move|p2a: Trixie|Gunk Shot|p1a: Alomomola
|-activate|p1a: Alomomola|move: Protect
|
|-heal|p1a: Alomomola|71/100 psn|[from] move: Wish|[wisher] Alomomola
|-damage|p1a: Alomomola|59/100 psn|[from] psn
|-damage|p2a: Trixie|17/100|[from] move: Whirlpool|[partiallytrapped]
|upkeep
|turn|36
|inactive|AngelicMan has 120 seconds left.
|
|t:|1776277715
|move|p2a: Trixie|Gunk Shot|p1a: Alomomola
|-damage|p1a: Alomomola|46/100 psn
|move|p1a: Alomomola|Wish|p1a: Alomomola
|
|-damage|p1a: Alomomola|34/100 psn|[from] psn
|-end|p2a: Trixie|Whirlpool|[partiallytrapped]
|upkeep
|turn|37
|inactive|AngelicMan has 120 seconds left.
|
|t:|1776277722
|move|p1a: Alomomola|Protect|p1a: Alomomola
|-singleturn|p1a: Alomomola|Protect
|move|p2a: Trixie|Gunk Shot|p1a: Alomomola
|-activate|p1a: Alomomola|move: Protect
|
|-heal|p1a: Alomomola|84/100 psn|[from] move: Wish|[wisher] Alomomola
|-damage|p1a: Alomomola|71/100 psn|[from] psn
|upkeep
|turn|38
|
|t:|1776277725
|move|p2a: Trixie|High Jump Kick|p1a: Alomomola
|-damage|p1a: Alomomola|58/100 psn
|move|p1a: Alomomola|Wish|p1a: Alomomola
|
|-damage|p1a: Alomomola|45/100 psn|[from] psn
|upkeep
|turn|39
|
|t:|1776277731
|move|p2a: Trixie|Pyro Ball|p1a: Alomomola
|-resisted|p1a: Alomomola
|-damage|p1a: Alomomola|38/100 psn
|move|p1a: Alomomola|Whirlpool|p2a: Trixie
|-damage|p2a: Trixie|7/100
|-activate|p2a: Trixie|move: Whirlpool|[of] p1a: Alomomola
|
|-heal|p1a: Alomomola|88/100 psn|[from] move: Wish|[wisher] Alomomola
|-damage|p1a: Alomomola|76/100 psn|[from] psn
|-damage|p2a: Trixie|0 fnt|[from] move: Whirlpool|[partiallytrapped]
|faint|p2a: Trixie
|upkeep
|
|t:|1776277736
|switch|p2a: Uramasa|Kingambit, F|100/100
|-activate|p2a: Uramasa|ability: Supreme Overlord
|-start|p2a: Uramasa|fallen5|[silent]
|turn|40
|
|t:|1776277751
|move|p1a: Alomomola|Whirlpool|p2a: Uramasa
|-damage|p2a: Uramasa|94/100
|-activate|p2a: Uramasa|move: Whirlpool|[of] p1a: Alomomola
|move|p2a: Uramasa|Swords Dance|p2a: Uramasa
|-boost|p2a: Uramasa|atk|2
|
|-heal|p2a: Uramasa|100/100|[from] item: Leftovers
|-damage|p1a: Alomomola|63/100 psn|[from] psn
|-damage|p2a: Uramasa|88/100|[from] move: Whirlpool|[partiallytrapped]
|upkeep
|turn|41
|c|☆EeroyeTheCamerupt|Pretty sure tis game
|
|t:|1776277760
|switch|p1a: Toxapex|Toxapex, F, shiny|63/100
|move|p2a: Uramasa|Swords Dance|p2a: Uramasa
|-boost|p2a: Uramasa|atk|2
|
|-heal|p2a: Uramasa|94/100|[from] item: Leftovers
|-end|p2a: Uramasa|Whirlpool|[partiallytrapped]|[silent]
|upkeep
|turn|42
|
|t:|1776277767
|move|p1a: Toxapex|Baneful Bunker|p1a: Toxapex
|-singleturn|p1a: Toxapex|move: Protect
|move|p2a: Uramasa|Kowtow Cleave|p1a: Toxapex
|-activate|p1a: Toxapex|move: Protect
|
|-heal|p2a: Uramasa|100/100|[from] item: Leftovers
|upkeep
|turn|43
|
|t:|1776277779
|move|p2a: Uramasa|Swords Dance|p2a: Uramasa
|-boost|p2a: Uramasa|atk|2
|move|p1a: Toxapex|Haze|p1a: Toxapex
|-clearallboost
|
|upkeep
|turn|44
|
|t:|1776277788
|move|p2a: Uramasa|Kowtow Cleave|p1a: Toxapex
|-damage|p1a: Toxapex|20/100
|move|p1a: Toxapex|Recover|p1a: Toxapex
|-heal|p1a: Toxapex|70/100
|
|upkeep
|turn|45
|
|t:|1776277802
|switch|p1a: Gliscor|Gliscor, M|85/100 tox
|-damage|p1a: Gliscor|73/100 tox|[from] Stealth Rock
|move|p2a: Uramasa|Kowtow Cleave|p1a: Gliscor
|-damage|p1a: Gliscor|27/100 tox
|
|-heal|p1a: Gliscor|39/100 tox|[from] ability: Poison Heal
|upkeep
|turn|46
|
|t:|1776277812
|move|p1a: Gliscor|Earthquake|p2a: Uramasa
|-supereffective|p2a: Uramasa
|-damage|p2a: Uramasa|56/100
|move|p2a: Uramasa|Swords Dance|p2a: Uramasa
|-boost|p2a: Uramasa|atk|2
|
|-heal|p2a: Uramasa|62/100|[from] item: Leftovers
|-heal|p1a: Gliscor|52/100 tox|[from] ability: Poison Heal
|upkeep
|turn|47
|
|t:|1776277822
|move|p2a: Uramasa|Sucker Punch|p1a: Gliscor
|-damage|p1a: Gliscor|0 fnt
|faint|p1a: Gliscor
|
|-heal|p2a: Uramasa|68/100|[from] item: Leftovers
|upkeep
|
|t:|1776277827
|switch|p1a: Toxapex|Toxapex, F, shiny|100/100
|turn|48
|
|t:|1776277832
|move|p2a: Uramasa|Iron Head|p1a: Toxapex
|-resisted|p1a: Toxapex
|-damage|p1a: Toxapex|59/100
|cant|p1a: Toxapex|flinch
|
|-heal|p2a: Uramasa|75/100|[from] item: Leftovers
|upkeep
|turn|49
|c|☆AngelicMan|bru
|
|t:|1776277841
|move|p2a: Uramasa|Kowtow Cleave|p1a: Toxapex
|-damage|p1a: Toxapex|0 fnt
|faint|p1a: Toxapex
|
|-heal|p2a: Uramasa|81/100|[from] item: Leftovers
|upkeep
|c|☆AngelicMan|gg
|
|t:|1776277847
|switch|p1a: Alomomola|Alomomola, F, shiny|97/100 psn
|turn|50
|c|☆EeroyeTheCamerupt|I dont know if I can still win ngl
|c|☆AngelicMan|you ohko the rest of my team
|inactive|AngelicMan has 120 seconds left.
|c|☆EeroyeTheCamerupt|damn seriously?
|c|☆AngelicMan|this team has no answers for kingambit and iron hands
|c|☆AngelicMan|yea
|inactive|AngelicMan has 90 seconds left.
|c|☆AngelicMan|unless i wp stall u but prob not bc i have no tera
|
|t:|1776277916
|move|p1a: Alomomola|Whirlpool|p2a: Uramasa
|-damage|p2a: Uramasa|75/100
|-activate|p2a: Uramasa|move: Whirlpool|[of] p1a: Alomomola
|move|p2a: Uramasa|Kowtow Cleave|p1a: Alomomola
|-damage|p1a: Alomomola|14/100 psn
|
|-heal|p2a: Uramasa|81/100|[from] item: Leftovers
|-damage|p1a: Alomomola|1/100 psn|[from] psn
|-damage|p2a: Uramasa|68/100|[from] move: Whirlpool|[partiallytrapped]
|upkeep
|turn|51
|inactive|AngelicMan has 90 seconds left.
|
|t:|1776277928
|move|p1a: Alomomola|Wish|p1a: Alomomola
|move|p2a: Uramasa|Kowtow Cleave|p1a: Alomomola
|-damage|p1a: Alomomola|0 fnt
|faint|p1a: Alomomola
|
|-heal|p2a: Uramasa|75/100|[from] item: Leftovers
|-end|p2a: Uramasa|Whirlpool|[partiallytrapped]|[silent]
|upkeep
|
|t:|1776277938
|switch|p1a: Clodsire|Clodsire, M, shiny|100/100
|turn|52
|inactive|AngelicMan has 90 seconds left.
|
|t:|1776277947
|move|p2a: Uramasa|Kowtow Cleave|p1a: Clodsire
|-damage|p1a: Clodsire|16/100
|move|p1a: Clodsire|Earthquake|p2a: Uramasa
|-supereffective|p2a: Uramasa
|-damage|p2a: Uramasa|35/100
|
|-heal|p1a: Clodsire|74/100|[from] move: Wish|[wisher] Alomomola
|-heal|p2a: Uramasa|42/100|[from] item: Leftovers
|upkeep
|turn|53
|inactive|AngelicMan has 90 seconds left.
|c|☆EeroyeTheCamerupt|If it makes you feel better me relying on just Kingambit is a dangerous strat
|
|t:|1776277965
|switch|p1a: Ting-Lu|Ting-Lu, tera:Steel|8/100
|-ability|p1a: Ting-Lu|Vessel of Ruin
|-terastallize|p2a: Uramasa|Flying
|move|p2a: Uramasa|Kowtow Cleave|p1a: Ting-Lu
|-crit|p1a: Ting-Lu
|-damage|p1a: Ting-Lu|0 fnt
|faint|p1a: Ting-Lu
|
|-heal|p2a: Uramasa|48/100|[from] item: Leftovers
|upkeep
|inactive|AngelicMan has 60 seconds left.
|c|☆AngelicMan|yea i guess its js beats my whole team unfortunately thats why i was tryna get it out with whirlwind earlier
|
|t:|1776278002
|switch|p1a: Blissey|Blissey, F|100/100
|turn|54
|inactive|AngelicMan has 60 seconds left.
|
|t:|1776278012
|move|p1a: Blissey|Flamethrower|p2a: Uramasa
|-damage|p2a: Uramasa|33/100
|move|p2a: Uramasa|Kowtow Cleave|p1a: Blissey
|-damage|p1a: Blissey|0 fnt
|faint|p1a: Blissey
|
|-heal|p2a: Uramasa|39/100|[from] item: Leftovers
|upkeep
|inactive|AngelicMan has 60 seconds left.
|c|☆EeroyeTheCamerupt|Jesus
|
|t:|1776278020
|switch|p1a: Clodsire|Clodsire, M, shiny|74/100
|turn|55
|
|t:|1776278024
|move|p2a: Uramasa|Kowtow Cleave|p1a: Clodsire
|-damage|p1a: Clodsire|0 fnt
|faint|p1a: Clodsire
|
|win|EeroyeTheCamerupt
|raw|AngelicMan's rating: 1144 &rarr; <strong>1122</strong><br />(-22 for losing)
|raw|EeroyeTheCamerupt's rating: 1189 &rarr; <strong>1211</strong><br />(+22 for winning)
|c|☆EeroyeTheCamerupt|gg bro
|c|☆AngelicMan|gg ig
|l|☆AngelicMan
|player|p1|
|c|☆EeroyeTheCamerupt|wp btw
|l|☆EeroyeTheCamerupt
|player|p2|
|j|☆EeroyeTheCamerupt
|player|p2|EeroyeTheCamerupt|hilda|
