|html|<div class="broadcast-blue"><strong>[Gen 9] OU is currently suspecting Volcarona! For information on how to participate check out the <a href="https://www.smogon.com/tools/suspects/view/208">suspect thread</a>.</strong></div>
|j|☆apple sauce mafia
|j|☆xavi03e
|t:|1778512247
|gametype|singles
|player|p1|apple sauce mafia|jacq|1450
|player|p2|xavi03e|li|1448
|gen|9
|tier|[Gen 9] OU
|rated|
|rule|HP Percentage Mod: HP is shown in percentages
|rule|Endless Battle Clause: Forcing endless battles is banned
|rule|Species Clause: Limit one of each Pokémon
|rule|OHKO Clause: OHKO moves are banned
|rule|Evasion Items Clause: Evasion items are banned
|rule|Evasion Moves Clause: Evasion moves are banned
|rule|Evasion Abilities Clause: Evasion abilities are banned
|rule|Sleep Moves Clause: Sleep-inducing moves are banned
|clearpoke
|poke|p1|Samurott-Hisui, F|
|poke|p1|Darkrai|
|poke|p1|Gholdengo|
|poke|p1|Iron Valiant|
|poke|p1|Corviknight, M|
|poke|p1|Pecharunt|
|poke|p2|Keldeo-Resolute|
|poke|p2|Zangoose, M|
|poke|p2|Umbreon, F|
|poke|p2|Latios, M|
|poke|p2|Weavile, M|
|poke|p2|Skarmory, M|
|teampreview
|inactive|Battle timer is ON: inactive players will automatically lose when time's up. (requested by xavi03e)
|
|t:|1778512253
|teamsize|p1|6
|teamsize|p2|6
|start
|switch|p1a: Samurott|Samurott-Hisui, F|100/100
|switch|p2a: Weavile|Weavile, M|100/100
|-ability|p2a: Weavile|Pressure
|turn|1
|
|t:|1778512260
|switch|p2a: Keldeo|Keldeo-Resolute|100/100
|move|p1a: Samurott|Ceaseless Edge|p2a: Keldeo
|-resisted|p2a: Keldeo
|-damage|p2a: Keldeo|79/100
|-ability|p2a: Keldeo|Justified|boost
|-boost|p2a: Keldeo|atk|1
|-sidestart|p2: xavi03e|Spikes
|
|upkeep
|turn|2
|
|t:|1778512267
|move|p2a: Keldeo|Secret Sword|p1a: Samurott
|-supereffective|p1a: Samurott
|-damage|p1a: Samurott|0 fnt
|faint|p1a: Samurott
|-damage|p2a: Keldeo|69/100|[from] item: Life Orb
|
|upkeep
|
|t:|1778512297
|switch|p1a: Iron Valiant|Iron Valiant|100/100
|-enditem|p1a: Iron Valiant|Booster Energy
|-activate|p1a: Iron Valiant|ability: Quark Drive|[fromitem]
|-start|p1a: Iron Valiant|quarkdrivespe
|turn|3
|
|t:|1778512304
|switch|p2a: Skarmory|Skarmory, M|100/100
|move|p1a: Iron Valiant|Moonblast|p2a: Skarmory
|-resisted|p2a: Skarmory
|-damage|p2a: Skarmory|74/100
|
|upkeep
|turn|4
|
|t:|1778512310
|move|p1a: Iron Valiant|Thunderbolt|p2a: Skarmory
|-supereffective|p2a: Skarmory
|-damage|p2a: Skarmory|10/100
|move|p2a: Skarmory|Brave Bird|p1a: Iron Valiant
|-supereffective|p1a: Iron Valiant
|-damage|p1a: Iron Valiant|8/100
|-damage|p2a: Skarmory|0 fnt|[from] Recoil
|faint|p2a: Skarmory
|
|upkeep
|
|t:|1778512315
|switch|p2a: Zangoose|Zangoose, M|100/100
|-damage|p2a: Zangoose|88/100|[from] Spikes
|turn|5
|
|t:|1778512318
|-end|p1a: Iron Valiant|Quark Drive|[silent]
|switch|p1a: Corviknight|Corviknight, M|100/100
|-ability|p1a: Corviknight|Pressure
|move|p2a: Zangoose|Quick Attack|p1a: Corviknight
|-resisted|p1a: Corviknight
|-damage|p1a: Corviknight|95/100
|-damage|p2a: Zangoose|71/100|[from] item: Rocky Helmet|[of] p1a: Corviknight
|
|-status|p2a: Zangoose|tox|[from] item: Toxic Orb
|upkeep
|turn|6
|
|t:|1778512325
|switch|p2a: Latios|Latios, M|100/100
|move|p1a: Corviknight|Brave Bird|p2a: Latios
|-damage|p2a: Latios|47/100
|-damage|p1a: Corviknight|82/100|[from] Recoil
|
|upkeep
|turn|7
|
|t:|1778512331
|move|p2a: Latios|Trick|p1a: Corviknight
|-activate|p2a: Latios|move: Trick|[of] p1a: Corviknight
|-item|p1a: Corviknight|Choice Scarf|[from] move: Trick
|-item|p2a: Latios|Rocky Helmet|[from] move: Trick
|move|p1a: Corviknight|U-turn|p2a: Latios
|-supereffective|p2a: Latios
|-damage|p2a: Latios|8/100
|-damage|p1a: Corviknight|65/100|[from] item: Rocky Helmet|[of] p2a: Latios
|
|t:|1778512337
|switch|p1a: Iron Valiant|Iron Valiant|8/100|[from] U-turn
|
|upkeep
|turn|8
|
|t:|1778512340
|move|p1a: Iron Valiant|Moonblast|p2a: Latios
|-supereffective|p2a: Latios
|-damage|p2a: Latios|0 fnt
|faint|p2a: Latios
|
|upkeep
|
|t:|1778512350
|switch|p2a: Keldeo|Keldeo-Resolute|69/100
|-damage|p2a: Keldeo|56/100|[from] Spikes
|turn|9
|
|t:|1778512352
|-end|p1a: Iron Valiant|Quark Drive|[silent]
|switch|p1a: Corviknight|Corviknight, M|65/100
|-ability|p1a: Corviknight|Pressure
|move|p2a: Keldeo|Vacuum Wave|p1a: Corviknight
|-damage|p1a: Corviknight|38/100
|-damage|p2a: Keldeo|46/100|[from] item: Life Orb
|
|upkeep
|turn|10
|
|t:|1778512363
|switch|p1a: Pecharunt|Pecharunt|100/100
|move|p2a: Keldeo|Vacuum Wave|p1a: Pecharunt
|-immune|p1a: Pecharunt
|
|upkeep
|turn|11
|
|t:|1778512366
|switch|p2a: Weavile|Weavile, M|100/100
|-damage|p2a: Weavile|88/100|[from] Spikes
|-ability|p2a: Weavile|Pressure
|move|p1a: Pecharunt|Malignant Chain|p2a: Weavile
|-damage|p2a: Weavile|48/100
|
|upkeep
|turn|12
|
|t:|1778512374
|move|p2a: Weavile|Knock Off|p1a: Pecharunt
|-supereffective|p1a: Pecharunt
|-damage|p1a: Pecharunt|21/100
|-enditem|p1a: Pecharunt|Heavy-Duty Boots|[from] move: Knock Off|[of] p2a: Weavile
|move|p1a: Pecharunt|Malignant Chain|p2a: Weavile
|-damage|p2a: Weavile|3/100
|-status|p2a: Weavile|tox
|-start|p2a: Weavile|confusion|[from] ability: Poison Puppeteer|[of] p1a: Pecharunt
|
|-damage|p2a: Weavile|0 fnt|[from] psn
|faint|p2a: Weavile
|upkeep
|
|t:|1778512383
|switch|p2a: Zangoose|Zangoose, M|71/100 tox
|-damage|p2a: Zangoose|59/100 tox|[from] Spikes
|turn|13
|
|t:|1778512393
|move|p2a: Zangoose|Knock Off|p1a: Pecharunt
|-supereffective|p1a: Pecharunt
|-damage|p1a: Pecharunt|0 fnt
|faint|p1a: Pecharunt
|
|-damage|p2a: Zangoose|53/100 tox|[from] psn
|upkeep
|
|t:|1778512400
|switch|p1a: Corviknight|Corviknight, M|38/100
|-ability|p1a: Corviknight|Pressure
|turn|14
|
|t:|1778512407
|switch|p2a: Umbreon|Umbreon, F, shiny|100/100
|-damage|p2a: Umbreon|88/100|[from] Spikes
|move|p1a: Corviknight|Roost|p1a: Corviknight
|-heal|p1a: Corviknight|88/100
|-singleturn|p1a: Corviknight|move: Roost
|
|-heal|p2a: Umbreon|94/100|[from] item: Leftovers
|upkeep
|turn|15
|
|t:|1778512416
|switch|p1a: Gholdengo|Gholdengo|100/100
|-item|p1a: Gholdengo|Air Balloon
|move|p2a: Umbreon|Wish|p2a: Umbreon
|
|-heal|p2a: Umbreon|99/100|[from] item: Leftovers
|upkeep
|turn|16
|
|t:|1778512425
|move|p1a: Gholdengo|Thunder Wave|p2a: Umbreon
|-status|p2a: Umbreon|par
|-activate|p2a: Umbreon|ability: Synchronize
|-status|p1a: Gholdengo|par
|move|p2a: Umbreon|Foul Play|p1a: Gholdengo
|-supereffective|p1a: Gholdengo
|-damage|p1a: Gholdengo|79/100 par
|-enditem|p1a: Gholdengo|Air Balloon
|
|-heal|p2a: Umbreon|100/100 par|[from] move: Wish|[wisher] Umbreon
|upkeep
|turn|17
|
|t:|1778512433
|cant|p1a: Gholdengo|par
|move|p2a: Umbreon|Wish|p2a: Umbreon
|
|upkeep
|turn|18
|
|t:|1778512435
|switch|p2a: Zangoose|Zangoose, M|53/100 tox
|-damage|p2a: Zangoose|40/100 tox|[from] Spikes
|move|p1a: Gholdengo|Hex|p2a: Zangoose
|-immune|p2a: Zangoose
|
|-heal|p2a: Zangoose|100/100 tox|[from] move: Wish|[wisher] Umbreon
|-damage|p2a: Zangoose|94/100 tox|[from] psn
|upkeep
|turn|19
|
|t:|1778512442
|move|p2a: Zangoose|Knock Off|p1a: Gholdengo
|-supereffective|p1a: Gholdengo
|-damage|p1a: Gholdengo|36/100 par
|move|p1a: Gholdengo|Make It Rain|p2a: Zangoose
|-damage|p2a: Zangoose|0 fnt
|-unboost|p1a: Gholdengo|spa|1
|faint|p2a: Zangoose
|
|upkeep
|
|t:|1778512447
|switch|p2a: Umbreon|Umbreon, F, shiny|100/100 par
|-damage|p2a: Umbreon|88/100 par|[from] Spikes
|turn|20
|
|t:|1778512450
|move|p1a: Gholdengo|Recover|p1a: Gholdengo
|-heal|p1a: Gholdengo|86/100 par
|cant|p2a: Umbreon|par
|
|-heal|p2a: Umbreon|94/100 par|[from] item: Leftovers
|upkeep
|turn|21
|
|t:|1778512457
|switch|p1a: Corviknight|Corviknight, M|88/100
|-ability|p1a: Corviknight|Pressure
|move|p2a: Umbreon|Wish|p2a: Umbreon
|
|-heal|p2a: Umbreon|99/100 par|[from] item: Leftovers
|upkeep
|turn|22
|
|t:|1778512462
|move|p1a: Corviknight|U-turn|p2a: Umbreon
|-supereffective|p2a: Umbreon
|-damage|p2a: Umbreon|80/100 par
|
|t:|1778512464
|switch|p1a: Gholdengo|Gholdengo|86/100 par|[from] U-turn
|move|p2a: Umbreon|Foul Play|p1a: Gholdengo
|-supereffective|p1a: Gholdengo
|-damage|p1a: Gholdengo|64/100 par
|
|-heal|p2a: Umbreon|100/100 par|[from] move: Wish|[wisher] Umbreon
|upkeep
|turn|23
|
|t:|1778512468
|switch|p1a: Corviknight|Corviknight, M|88/100
|-ability|p1a: Corviknight|Pressure
|move|p2a: Umbreon|Wish|p2a: Umbreon
|
|upkeep
|turn|24
|
|t:|1778512474
|move|p1a: Corviknight|U-turn|p2a: Umbreon
|-supereffective|p2a: Umbreon
|-damage|p2a: Umbreon|79/100 par
|
|t:|1778512477
|switch|p1a: Gholdengo|Gholdengo|64/100 par|[from] U-turn
|move|p2a: Umbreon|Foul Play|p1a: Gholdengo
|-supereffective|p1a: Gholdengo
|-damage|p1a: Gholdengo|43/100 par
|
|-heal|p2a: Umbreon|100/100 par|[from] move: Wish|[wisher] Umbreon
|upkeep
|turn|25
|
|t:|1778512481
|-terastallize|p1a: Gholdengo|Fairy
|cant|p1a: Gholdengo|par
|move|p2a: Umbreon|Foul Play|p1a: Gholdengo
|-resisted|p1a: Gholdengo
|-damage|p1a: Gholdengo|38/100 par
|
|upkeep
|turn|26
|
|t:|1778512485
|move|p1a: Gholdengo|Recover|p1a: Gholdengo
|-heal|p1a: Gholdengo|88/100 par
|move|p2a: Umbreon|Wish|p2a: Umbreon
|
|upkeep
|turn|27
|
|t:|1778512488
|switch|p2a: Keldeo|Keldeo-Resolute|46/100
|-damage|p2a: Keldeo|34/100|[from] Spikes
|move|p1a: Gholdengo|Hex|p2a: Keldeo
|-damage|p2a: Keldeo|3/100
|
|-heal|p2a: Keldeo|64/100|[from] move: Wish|[wisher] Umbreon
|upkeep
|turn|28
|
|t:|1778512494
|switch|p1a: Corviknight|Corviknight, M|88/100
|-ability|p1a: Corviknight|Pressure
|move|p2a: Keldeo|Surf|p1a: Corviknight
|-damage|p1a: Corviknight|31/100
|-damage|p2a: Keldeo|54/100|[from] item: Life Orb
|
|upkeep
|turn|29
|
|t:|1778512497
|move|p2a: Keldeo|Vacuum Wave|p1a: Corviknight
|-damage|p1a: Corviknight|6/100
|-damage|p2a: Keldeo|44/100|[from] item: Life Orb
|move|p1a: Corviknight|Brave Bird|p2a: Keldeo
|-supereffective|p2a: Keldeo
|-damage|p2a: Keldeo|0 fnt
|faint|p2a: Keldeo
|-damage|p1a: Corviknight|0 fnt|[from] Recoil
|faint|p1a: Corviknight
|
|upkeep
|
|t:|1778512500
|switch|p2a: Umbreon|Umbreon, F, shiny|100/100 par
|switch|p1a: Iron Valiant|Iron Valiant|8/100
|-damage|p2a: Umbreon|88/100 par|[from] Spikes
|turn|30
|
|t:|1778512504
|-terastallize|p2a: Umbreon|Poison
|move|p1a: Iron Valiant|Moonblast|p2a: Umbreon
|-resisted|p2a: Umbreon
|-damage|p2a: Umbreon|75/100 par
|move|p2a: Umbreon|Foul Play|p1a: Iron Valiant
|-resisted|p1a: Iron Valiant
|-damage|p1a: Iron Valiant|0 fnt
|faint|p1a: Iron Valiant
|-end|p1a: Iron Valiant|Quark Drive|[silent]
|
|-heal|p2a: Umbreon|81/100 par|[from] item: Leftovers
|upkeep
|
|t:|1778512508
|switch|p1a: Darkrai|Darkrai|100/100
|turn|31
|
|t:|1778512513
|move|p1a: Darkrai|Dark Pulse|p2a: Umbreon
|-damage|p2a: Umbreon|57/100 par
|move|p2a: Umbreon|Toxic|p1a: Darkrai
|-status|p1a: Darkrai|tox
|
|-heal|p2a: Umbreon|63/100 par|[from] item: Leftovers
|-damage|p1a: Darkrai|94/100 tox|[from] psn
|upkeep
|turn|32
|
|t:|1778512522
|move|p1a: Darkrai|Dark Pulse|p2a: Umbreon
|-damage|p2a: Umbreon|40/100 par
|move|p2a: Umbreon|Wish|p2a: Umbreon
|
|-heal|p2a: Umbreon|46/100 par|[from] item: Leftovers
|-damage|p1a: Darkrai|82/100 tox|[from] psn
|upkeep
|turn|33
|
|t:|1778512527
|switch|p1a: Gholdengo|Gholdengo, tera:Fairy|88/100 par
|move|p2a: Umbreon|Protect||[still]
|-fail|p2a: Umbreon
|
|-heal|p2a: Umbreon|96/100 par|[from] move: Wish|[wisher] Umbreon
|-heal|p2a: Umbreon|100/100 par|[from] item: Leftovers
|upkeep
|turn|34
|
|t:|1778512532
|switch|p1a: Darkrai|Darkrai|82/100 tox
|cant|p2a: Umbreon|par
|
|-damage|p1a: Darkrai|76/100 tox|[from] psn
|upkeep
|turn|35
|
|t:|1778512535
|move|p1a: Darkrai|Dark Pulse|p2a: Umbreon
|-damage|p2a: Umbreon|76/100 par
|cant|p2a: Umbreon|par
|
|-heal|p2a: Umbreon|82/100 par|[from] item: Leftovers
|-damage|p1a: Darkrai|64/100 tox|[from] psn
|upkeep
|turn|36
|
|t:|1778512542
|move|p1a: Darkrai|Dark Pulse|p2a: Umbreon
|-damage|p2a: Umbreon|58/100 par
|cant|p2a: Umbreon|flinch
|
|-heal|p2a: Umbreon|64/100 par|[from] item: Leftovers
|-damage|p1a: Darkrai|46/100 tox|[from] psn
|upkeep
|turn|37
|
|t:|1778512547
|move|p1a: Darkrai|Dark Pulse|p2a: Umbreon
|-damage|p2a: Umbreon|39/100 par
|cant|p2a: Umbreon|par
|
|-heal|p2a: Umbreon|45/100 par|[from] item: Leftovers
|-damage|p1a: Darkrai|22/100 tox|[from] psn
|upkeep
|turn|38
|
|t:|1778512552
|move|p2a: Umbreon|Protect|p2a: Umbreon
|-singleturn|p2a: Umbreon|Protect
|move|p1a: Darkrai|Dark Pulse|p2a: Umbreon
|-activate|p2a: Umbreon|move: Protect
|
|-heal|p2a: Umbreon|51/100 par|[from] item: Leftovers
|-damage|p1a: Darkrai|0 fnt|[from] psn
|faint|p1a: Darkrai
|upkeep
|
|t:|1778512554
|switch|p1a: Gholdengo|Gholdengo, tera:Fairy|88/100 par
|turn|39
|
|t:|1778512556
|move|p1a: Gholdengo|Hex|p2a: Umbreon
|-damage|p2a: Umbreon|19/100 par
|move|p2a: Umbreon|Wish|p2a: Umbreon
|
|-heal|p2a: Umbreon|25/100 par|[from] item: Leftovers
|upkeep
|turn|40
|
|t:|1778512563
|move|p2a: Umbreon|Protect|p2a: Umbreon
|-singleturn|p2a: Umbreon|Protect
|move|p1a: Gholdengo|Hex|p2a: Umbreon
|-activate|p2a: Umbreon|move: Protect
|
|-heal|p2a: Umbreon|75/100 par|[from] move: Wish|[wisher] Umbreon
|-heal|p2a: Umbreon|81/100 par|[from] item: Leftovers
|upkeep
|turn|41
|
|t:|1778512570
|cant|p1a: Gholdengo|par
|move|p2a: Umbreon|Wish|p2a: Umbreon
|
|-heal|p2a: Umbreon|87/100 par|[from] item: Leftovers
|upkeep
|turn|42
|
|t:|1778512572
|move|p1a: Gholdengo|Hex|p2a: Umbreon
|-damage|p2a: Umbreon|56/100 par
|move|p2a: Umbreon|Foul Play|p1a: Gholdengo
|-resisted|p1a: Gholdengo
|-damage|p1a: Gholdengo|82/100 par
|
|-heal|p2a: Umbreon|100/100 par|[from] move: Wish|[wisher] Umbreon
|upkeep
|turn|43
|
|t:|1778512582
|move|p1a: Gholdengo|Hex|p2a: Umbreon
|-damage|p2a: Umbreon|67/100 par
|cant|p2a: Umbreon|par
|
|-heal|p2a: Umbreon|73/100 par|[from] item: Leftovers
|upkeep
|turn|44
|
|t:|1778512587
|cant|p2a: Umbreon|par
|move|p1a: Gholdengo|Hex|p2a: Umbreon
|-damage|p2a: Umbreon|41/100 par
|
|-heal|p2a: Umbreon|47/100 par|[from] item: Leftovers
|upkeep
|turn|45
|
|t:|1778512589
|move|p1a: Gholdengo|Hex|p2a: Umbreon
|-damage|p2a: Umbreon|14/100 par
|move|p2a: Umbreon|Wish|p2a: Umbreon
|
|-heal|p2a: Umbreon|20/100 par|[from] item: Leftovers
|upkeep
|turn|46
|
|t:|1778512594
|move|p2a: Umbreon|Protect|p2a: Umbreon
|-singleturn|p2a: Umbreon|Protect
|move|p1a: Gholdengo|Hex|p2a: Umbreon
|-activate|p2a: Umbreon|move: Protect
|
|-heal|p2a: Umbreon|70/100 par|[from] move: Wish|[wisher] Umbreon
|-heal|p2a: Umbreon|76/100 par|[from] item: Leftovers
|upkeep
|turn|47
|
|t:|1778512600
|cant|p1a: Gholdengo|par
|move|p2a: Umbreon|Wish|p2a: Umbreon
|
|-heal|p2a: Umbreon|82/100 par|[from] item: Leftovers
|upkeep
|turn|48
|
|t:|1778512606
|cant|p1a: Gholdengo|par
|move|p2a: Umbreon|Foul Play|p1a: Gholdengo
|-resisted|p1a: Gholdengo
|-damage|p1a: Gholdengo|77/100 par
|
|-heal|p2a: Umbreon|100/100 par|[from] move: Wish|[wisher] Umbreon
|upkeep
|turn|49
|
|t:|1778512614
|cant|p1a: Gholdengo|par
|move|p2a: Umbreon|Foul Play|p1a: Gholdengo
|-resisted|p1a: Gholdengo
|-damage|p1a: Gholdengo|71/100 par
|
|upkeep
|turn|50
|
|t:|1778512618
|cant|p1a: Gholdengo|par
|cant|p2a: Umbreon|par
|
|upkeep
|turn|51
|
|t:|1778512621
|move|p1a: Gholdengo|Hex|p2a: Umbreon
|-damage|p2a: Umbreon|65/100 par
|move|p2a: Umbreon|Foul Play|p1a: Gholdengo
|-resisted|p1a: Gholdengo
|-damage|p1a: Gholdengo|65/100 par
|
|-heal|p2a: Umbreon|72/100 par|[from] item: Leftovers
|upkeep
|turn|52
|
|t:|1778512627
|move|p2a: Umbreon|Protect|p2a: Umbreon
|-singleturn|p2a: Umbreon|Protect
|move|p1a: Gholdengo|Hex|p2a: Umbreon
|-activate|p2a: Umbreon|move: Protect
|
|-heal|p2a: Umbreon|78/100 par|[from] item: Leftovers
|upkeep
|turn|53
|
|t:|1778512633
|cant|p1a: Gholdengo|par
|move|p2a: Umbreon|Wish|p2a: Umbreon
|
|-heal|p2a: Umbreon|84/100 par|[from] item: Leftovers
|upkeep
|turn|54
|
|t:|1778512637
|move|p1a: Gholdengo|Thunder Wave|p2a: Umbreon
|-fail|p2a: Umbreon|par
|move|p2a: Umbreon|Foul Play|p1a: Gholdengo
|-resisted|p1a: Gholdengo
|-damage|p1a: Gholdengo|60/100 par
|
|-heal|p2a: Umbreon|100/100 par|[from] move: Wish|[wisher] Umbreon
|upkeep
|turn|55
|
|t:|1778512644
|move|p1a: Gholdengo|Hex|p2a: Umbreon
|-damage|p2a: Umbreon|67/100 par
|move|p2a: Umbreon|Foul Play|p1a: Gholdengo
|-resisted|p1a: Gholdengo
|-damage|p1a: Gholdengo|54/100 par
|
|-heal|p2a: Umbreon|73/100 par|[from] item: Leftovers
|upkeep
|turn|56
|
|t:|1778512658
|cant|p1a: Gholdengo|par
|move|p2a: Umbreon|Foul Play|p1a: Gholdengo
|-resisted|p1a: Gholdengo
|-damage|p1a: Gholdengo|48/100 par
|
|-heal|p2a: Umbreon|79/100 par|[from] item: Leftovers
|upkeep
|turn|57
|
|t:|1778512668
|move|p1a: Gholdengo|Hex|p2a: Umbreon
|-damage|p2a: Umbreon|46/100 par
|move|p2a: Umbreon|Foul Play|p1a: Gholdengo
|-resisted|p1a: Gholdengo
|-damage|p1a: Gholdengo|43/100 par
|
|-heal|p2a: Umbreon|52/100 par|[from] item: Leftovers
|upkeep
|turn|58
|
|t:|1778512678
|move|p1a: Gholdengo|Recover|p1a: Gholdengo
|-heal|p1a: Gholdengo|93/100 par
|move|p2a: Umbreon|Wish|p2a: Umbreon
|
|-heal|p2a: Umbreon|58/100 par|[from] item: Leftovers
|upkeep
|turn|59
|
|t:|1778512684
|move|p1a: Gholdengo|Thunder Wave|p2a: Umbreon
|-fail|p2a: Umbreon|par
|cant|p2a: Umbreon|par
|
|-heal|p2a: Umbreon|100/100 par|[from] move: Wish|[wisher] Umbreon
|upkeep
|turn|60
|
|t:|1778512691
|cant|p1a: Gholdengo|par
|move|p2a: Umbreon|Toxic|p1a: Gholdengo
|-immune|p1a: Gholdengo|[from] ability: Good as Gold
|
|upkeep
|turn|61
|l|☆xavi03e
|inactive|xavi03e disconnected and has a minute to reconnect!
|player|p2|
|j|☆xavi03e
|inactive|xavi03e reconnected and has 120 seconds left.
|player|p2|xavi03e|li|
|
|t:|1778512726
|move|p1a: Gholdengo|Thunder Wave|p2a: Umbreon
|-fail|p2a: Umbreon|par
|cant|p2a: Umbreon|par
|
|upkeep
|turn|62
|
|t:|1778512730
|move|p1a: Gholdengo|Thunder Wave|p2a: Umbreon
|-fail|p2a: Umbreon|par
|move|p2a: Umbreon|Toxic|p1a: Gholdengo
|-immune|p1a: Gholdengo|[from] ability: Good as Gold
|
|upkeep
|turn|63
|
|t:|1778512732
|move|p1a: Gholdengo|Thunder Wave|p2a: Umbreon
|-fail|p2a: Umbreon|par
|move|p2a: Umbreon|Toxic|p1a: Gholdengo
|-immune|p1a: Gholdengo|[from] ability: Good as Gold
|
|upkeep
|turn|64
|
|t:|1778512736
|move|p1a: Gholdengo|Thunder Wave|p2a: Umbreon
|-fail|p2a: Umbreon|par
|move|p2a: Umbreon|Toxic|p1a: Gholdengo
|-immune|p1a: Gholdengo|[from] ability: Good as Gold
|
|upkeep
|turn|65
|
|t:|1778512738
|move|p1a: Gholdengo|Thunder Wave|p2a: Umbreon
|-fail|p2a: Umbreon|par
|move|p2a: Umbreon|Toxic|p1a: Gholdengo
|-immune|p1a: Gholdengo|[from] ability: Good as Gold
|
|upkeep
|turn|66
|
|t:|1778512739
|move|p1a: Gholdengo|Thunder Wave|p2a: Umbreon
|-fail|p2a: Umbreon|par
|move|p2a: Umbreon|Toxic|p1a: Gholdengo
|-immune|p1a: Gholdengo|[from] ability: Good as Gold
|
|upkeep
|turn|67
|
|t:|1778512741
|move|p1a: Gholdengo|Thunder Wave|p2a: Umbreon
|-fail|p2a: Umbreon|par
|cant|p2a: Umbreon|par
|
|upkeep
|turn|68
|
|t:|1778512743
|move|p1a: Gholdengo|Thunder Wave|p2a: Umbreon
|-fail|p2a: Umbreon|par
|move|p2a: Umbreon|Toxic|p1a: Gholdengo
|-immune|p1a: Gholdengo|[from] ability: Good as Gold
|
|upkeep
|turn|69
|
|t:|1778512746
|move|p1a: Gholdengo|Thunder Wave|p2a: Umbreon
|-fail|p2a: Umbreon|par
|cant|p2a: Umbreon|par
|
|upkeep
|turn|70
|
|t:|1778512747
|cant|p1a: Gholdengo|par
|move|p2a: Umbreon|Toxic|p1a: Gholdengo
|-immune|p1a: Gholdengo|[from] ability: Good as Gold
|
|upkeep
|turn|71
|
|t:|1778512751
|move|p1a: Gholdengo|Thunder Wave|p2a: Umbreon
|-fail|p2a: Umbreon|par
|move|p2a: Umbreon|Toxic|p1a: Gholdengo
|-immune|p1a: Gholdengo|[from] ability: Good as Gold
|
|upkeep
|turn|72
|
|t:|1778512755
|move|p1a: Gholdengo|Thunder Wave|p2a: Umbreon
|-fail|p2a: Umbreon|par
|cant|p2a: Umbreon|par
|
|upkeep
|turn|73
|
|t:|1778512757
|move|p1a: Gholdengo|Thunder Wave|p2a: Umbreon
|-fail|p2a: Umbreon|par
|move|p2a: Umbreon|Toxic|p1a: Gholdengo
|-immune|p1a: Gholdengo|[from] ability: Good as Gold
|
|upkeep
|turn|74
|
|t:|1778512760
|move|p1a: Gholdengo|Thunder Wave|p2a: Umbreon
|-fail|p2a: Umbreon|par
|cant|p2a: Umbreon|par
|
|upkeep
|turn|75
|
|t:|1778512763
|move|p1a: Gholdengo|Thunder Wave|p2a: Umbreon
|-fail|p2a: Umbreon|par
|move|p2a: Umbreon|Toxic|p1a: Gholdengo
|-immune|p1a: Gholdengo|[from] ability: Good as Gold
|
|upkeep
|turn|76
|
|t:|1778512764
|cant|p1a: Gholdengo|par
|move|p2a: Umbreon|Toxic|p1a: Gholdengo
|-immune|p1a: Gholdengo|[from] ability: Good as Gold
|
|upkeep
|turn|77
|
|t:|1778512771
|move|p1a: Gholdengo|Thunder Wave|p2a: Umbreon
|-fail|p2a: Umbreon|par
|move|p2a: Umbreon|Toxic|p1a: Gholdengo
|-immune|p1a: Gholdengo|[from] ability: Good as Gold
|
|upkeep
|turn|78
|
|t:|1778512773
|move|p1a: Gholdengo|Thunder Wave|p2a: Umbreon
|-fail|p2a: Umbreon|par
|move|p2a: Umbreon|Toxic|p1a: Gholdengo
|-immune|p1a: Gholdengo|[from] ability: Good as Gold
|
|upkeep
|turn|79
|
|t:|1778512776
|cant|p1a: Gholdengo|par
|move|p2a: Umbreon|Toxic|p1a: Gholdengo
|-immune|p1a: Gholdengo|[from] ability: Good as Gold
|
|upkeep
|turn|80
|
|t:|1778512804
|move|p1a: Gholdengo|Thunder Wave|p2a: Umbreon
|-fail|p2a: Umbreon|par
|cant|p2a: Umbreon|par
|
|upkeep
|turn|81
|
|t:|1778512818
|move|p2a: Umbreon|Protect|p2a: Umbreon
|-singleturn|p2a: Umbreon|Protect
|cant|p1a: Gholdengo|par
|
|upkeep
|turn|82
|
|t:|1778512825
|cant|p2a: Umbreon|par
|cant|p1a: Gholdengo|par
|
|upkeep
|turn|83
|
|t:|1778512828
|move|p2a: Umbreon|Protect|p2a: Umbreon
|-singleturn|p2a: Umbreon|Protect
|move|p1a: Gholdengo|Thunder Wave|p2a: Umbreon
|-activate|p2a: Umbreon|move: Protect
|
|upkeep
|turn|84
|
|t:|1778512831
|move|p2a: Umbreon|Protect||[still]
|-fail|p2a: Umbreon
|move|p1a: Gholdengo|Thunder Wave|p2a: Umbreon
|-fail|p2a: Umbreon|par
|
|upkeep
|turn|85
|
|t:|1778512834
|move|p2a: Umbreon|Protect|p2a: Umbreon
|-singleturn|p2a: Umbreon|Protect
|move|p1a: Gholdengo|Make It Rain|p2a: Umbreon
|-activate|p2a: Umbreon|move: Protect
|
|upkeep
|turn|86
|l|☆xavi03e
|inactive|xavi03e disconnected and has a minute to reconnect!
|player|p2|
|j|☆xavi03e
|inactive|xavi03e reconnected and has 120 seconds left.
|player|p2|xavi03e|li|
|
|t:|1778512869
|cant|p2a: Umbreon|par
|move|p1a: Gholdengo|Thunder Wave|p2a: Umbreon
|-fail|p2a: Umbreon|par
|
|upkeep
|turn|87
|
|t:|1778512890
|cant|p2a: Umbreon|par
|move|p1a: Gholdengo|Thunder Wave|p2a: Umbreon|[miss]
|-miss|p1a: Gholdengo|p2a: Umbreon
|
|upkeep
|turn|88
|
|t:|1778512900
|move|p2a: Umbreon|Protect|p2a: Umbreon
|-singleturn|p2a: Umbreon|Protect
|move|p1a: Gholdengo|Thunder Wave|p2a: Umbreon
|-activate|p2a: Umbreon|move: Protect
|
|upkeep
|turn|89
|
|t:|1778512904
|move|p2a: Umbreon|Protect||[still]
|-fail|p2a: Umbreon
|cant|p1a: Gholdengo|par
|
|upkeep
|turn|90
|
|t:|1778512911
|move|p2a: Umbreon|Protect|p2a: Umbreon
|-singleturn|p2a: Umbreon|Protect
|cant|p1a: Gholdengo|par
|
|upkeep
|turn|91
|
|t:|1778512917
|move|p2a: Umbreon|Protect||[still]
|-fail|p2a: Umbreon
|move|p1a: Gholdengo|Thunder Wave|p2a: Umbreon|[miss]
|-miss|p1a: Gholdengo|p2a: Umbreon
|
|upkeep
|turn|92
|
|t:|1778512922
|move|p2a: Umbreon|Protect|p2a: Umbreon
|-singleturn|p2a: Umbreon|Protect
|move|p1a: Gholdengo|Make It Rain|p2a: Umbreon
|-activate|p2a: Umbreon|move: Protect
|
|upkeep
|turn|93
|
|t:|1778512924
|move|p2a: Umbreon|Protect||[still]
|-fail|p2a: Umbreon
|move|p1a: Gholdengo|Thunder Wave|p2a: Umbreon|[miss]
|-miss|p1a: Gholdengo|p2a: Umbreon
|
|upkeep
|turn|94
|
|t:|1778512927
|move|p2a: Umbreon|Protect|p2a: Umbreon
|-singleturn|p2a: Umbreon|Protect
|move|p1a: Gholdengo|Thunder Wave|p2a: Umbreon
|-activate|p2a: Umbreon|move: Protect
|
|upkeep
|turn|95
|
|t:|1778512929
|cant|p1a: Gholdengo|par
|move|p2a: Umbreon|Foul Play|p1a: Gholdengo
|-resisted|p1a: Gholdengo
|-damage|p1a: Gholdengo|88/100 par
|
|upkeep
|turn|96
|
|t:|1778512932
|move|p1a: Gholdengo|Thunder Wave|p2a: Umbreon
|-fail|p2a: Umbreon|par
|cant|p2a: Umbreon|par
|
|upkeep
|turn|97
|
|t:|1778512938
|move|p1a: Gholdengo|Hex|p2a: Umbreon
|-damage|p2a: Umbreon|70/100 par
|move|p2a: Umbreon|Foul Play|p1a: Gholdengo
|-resisted|p1a: Gholdengo
|-damage|p1a: Gholdengo|82/100 par
|
|-heal|p2a: Umbreon|76/100 par|[from] item: Leftovers
|upkeep
|turn|98
|
|t:|1778512941
|move|p1a: Gholdengo|Thunder Wave|p2a: Umbreon
|-fail|p2a: Umbreon|par
|cant|p2a: Umbreon|par
|
|-heal|p2a: Umbreon|82/100 par|[from] item: Leftovers
|upkeep
|turn|99
|
|t:|1778512944
|move|p1a: Gholdengo|Thunder Wave|p2a: Umbreon
|-fail|p2a: Umbreon|par
|move|p2a: Umbreon|Wish|p2a: Umbreon
|
|-heal|p2a: Umbreon|88/100 par|[from] item: Leftovers
|upkeep
|turn|100
|
|t:|1778512947
|move|p1a: Gholdengo|Hex|p2a: Umbreon
|-damage|p2a: Umbreon|55/100 par
|move|p2a: Umbreon|Wish||[still]
|-fail|p2a: Umbreon
|
|-heal|p2a: Umbreon|100/100 par|[from] move: Wish|[wisher] Umbreon
|upkeep
|turn|101
|
|t:|1778512952
|cant|p1a: Gholdengo|par
|move|p2a: Umbreon|Wish|p2a: Umbreon
|
|upkeep
|turn|102
|
|t:|1778512956
|move|p1a: Gholdengo|Thunder Wave|p2a: Umbreon
|-fail|p2a: Umbreon|par
|move|p2a: Umbreon|Wish||[still]
|-fail|p2a: Umbreon
|
|upkeep
|turn|103
|
|t:|1778512960
|move|p1a: Gholdengo|Hex|p2a: Umbreon
|-damage|p2a: Umbreon|67/100 par
|move|p2a: Umbreon|Foul Play|p1a: Gholdengo
|-resisted|p1a: Gholdengo
|-damage|p1a: Gholdengo|77/100 par
|
|-heal|p2a: Umbreon|73/100 par|[from] item: Leftovers
|upkeep
|turn|104
|
|t:|1778512967
|cant|p1a: Gholdengo|par
|cant|p2a: Umbreon|par
|
|-heal|p2a: Umbreon|79/100 par|[from] item: Leftovers
|upkeep
|turn|105
|
|t:|1778512970
|cant|p1a: Gholdengo|par
|move|p2a: Umbreon|Foul Play|p1a: Gholdengo
|-resisted|p1a: Gholdengo
|-damage|p1a: Gholdengo|71/100 par
|
|-heal|p2a: Umbreon|85/100 par|[from] item: Leftovers
|upkeep
|turn|106
|
|t:|1778512974
|move|p1a: Gholdengo|Make It Rain|p2a: Umbreon
|-damage|p2a: Umbreon|55/100 par
|-unboost|p1a: Gholdengo|spa|1
|move|p2a: Umbreon|Foul Play|p1a: Gholdengo
|-resisted|p1a: Gholdengo
|-damage|p1a: Gholdengo|65/100 par
|
|-heal|p2a: Umbreon|61/100 par|[from] item: Leftovers
|upkeep
|turn|107
|
|t:|1778512979
|move|p1a: Gholdengo|Make It Rain|p2a: Umbreon
|-crit|p2a: Umbreon
|-damage|p2a: Umbreon|13/100 par
|-unboost|p1a: Gholdengo|spa|1
|move|p2a: Umbreon|Foul Play|p1a: Gholdengo
|-resisted|p1a: Gholdengo
|-damage|p1a: Gholdengo|60/100 par
|
|-heal|p2a: Umbreon|19/100 par|[from] item: Leftovers
|upkeep
|turn|108
|
|t:|1778512983
|move|p1a: Gholdengo|Make It Rain|p2a: Umbreon
|-damage|p2a: Umbreon|4/100 par
|-unboost|p1a: Gholdengo|spa|1
|cant|p2a: Umbreon|par
|
|-heal|p2a: Umbreon|10/100 par|[from] item: Leftovers
|upkeep
|turn|109
|
|t:|1778512987
|move|p1a: Gholdengo|Make It Rain|p2a: Umbreon
|-damage|p2a: Umbreon|0 fnt
|-unboost|p1a: Gholdengo|spa|1
|faint|p2a: Umbreon
|
|win|apple sauce mafia
|raw|apple sauce mafia's rating: 1450 &rarr; <strong>1470</strong><br />(+20 for winning)
|raw|xavi03e's rating: 1448 &rarr; <strong>1428</strong><br />(-20 for losing)
|l|☆xavi03e
|player|p2|
|c|☆apple sauce mafia|GG
|c|☆apple sauce mafia|*gg
|l|☆apple sauce mafia
|player|p1|
