|html|<div class="broadcast-blue"><strong>[Gen 9] OU is currently suspecting Tera Blast! For information on how to participate check out the <a href="https://www.smogon.com/tools/suspects/view/200">suspect thread</a>.</strong></div>
|j|☆alex12381723898
|j|☆erhai
|t:|1776113842
|gametype|singles
|player|p1|alex12381723898|101|1707
|player|p2|erhai|265|1730
|gen|9
|tier|[Gen 9] OU
|rated|
|rule|HP Percentage Mod: HP is shown in percentages
|rule|Endless Battle Clause: Forcing endless battles is banned
|rule|Species Clause: Limit one of each Pokémon
|rule|OHKO Clause: OHKO moves are banned
|rule|Evasion Items Clause: Evasion items are banned
|rule|Evasion Moves Clause: Evasion moves are banned
|rule|Evasion Abilities Clause: Evasion abilities are banned
|rule|Sleep Moves Clause: Sleep-inducing moves are banned
|clearpoke
|poke|p1|Landorus-Therian, M|
|poke|p1|Sinistcha|
|poke|p1|Tinkaton, F|
|poke|p1|Moltres|
|poke|p1|Samurott-Hisui, M|
|poke|p1|Hydreigon, M|
|poke|p2|Iron Jugulis|
|poke|p2|Ogerpon, F|
|poke|p2|Scizor, M|
|poke|p2|Sandy Shocks|
|poke|p2|Latios, M|
|poke|p2|Manaphy|
|teampreview
|inactive|Battle timer is ON: inactive players will automatically lose when time's up. (requested by alex12381723898)
|
|t:|1776113870
|teamsize|p1|6
|teamsize|p2|6
|start
|switch|p1a: Hybrid|Hydreigon, M, shiny|100/100
|switch|p2a: Sandy Shocks|Sandy Shocks|100/100
|-enditem|p2a: Sandy Shocks|Booster Energy
|-activate|p2a: Sandy Shocks|ability: Protosynthesis|[fromitem]
|-start|p2a: Sandy Shocks|protosynthesisspe
|turn|1
|
|t:|1776113875
|-terastallize|p1a: Hybrid|Steel
|move|p2a: Sandy Shocks|Stealth Rock|p1a: Hybrid
|-sidestart|p1: alex12381723898|move: Stealth Rock
|move|p1a: Hybrid|Draco Meteor|p2a: Sandy Shocks
|-damage|p2a: Sandy Shocks|0 fnt
|-unboost|p1a: Hybrid|spa|2
|faint|p2a: Sandy Shocks
|-end|p2a: Sandy Shocks|Protosynthesis|[silent]
|
|upkeep
|inactive|erhai has 120 seconds left.
|
|t:|1776113910
|switch|p2a: Latios|Latios, M|100/100
|turn|2
|
|t:|1776113913
|switch|p1a: Smile.exe|Tinkaton, F, shiny|100/100
|-damage|p1a: Smile.exe|94/100|[from] Stealth Rock
|-item|p1a: Smile.exe|Air Balloon
|move|p2a: Latios|Agility|p2a: Latios
|-boost|p2a: Latios|spe|2
|
|upkeep
|turn|3
|
|t:|1776113919
|move|p2a: Latios|Calm Mind|p2a: Latios
|-boost|p2a: Latios|spa|1
|-boost|p2a: Latios|spd|1
|move|p1a: Smile.exe|Encore|p2a: Latios
|-start|p2a: Latios|Encore
|
|upkeep
|turn|4
|
|t:|1776113931
|switch|p2a: Manaphy|Manaphy|100/100
|move|p1a: Smile.exe|Gigaton Hammer|p2a: Manaphy
|-resisted|p2a: Manaphy
|-damage|p2a: Manaphy|70/100
|
|upkeep
|turn|5
|
|t:|1776113934
|move|p2a: Manaphy|Tail Glow|p2a: Manaphy
|-boost|p2a: Manaphy|spa|3
|move|p1a: Smile.exe|Stealth Rock|p2a: Manaphy
|-sidestart|p2: erhai|move: Stealth Rock
|
|upkeep
|turn|6
|
|t:|1776113953
|move|p2a: Manaphy|Surf|p1a: Smile.exe
|-damage|p1a: Smile.exe|0 fnt
|-enditem|p1a: Smile.exe|Air Balloon
|faint|p1a: Smile.exe
|
|upkeep
|
|t:|1776113961
|switch|p1a: Enten|Landorus-Therian, M, shiny|100/100
|-damage|p1a: Enten|88/100|[from] Stealth Rock
|-ability|p1a: Enten|Intimidate|boost
|-unboost|p2a: Manaphy|atk|1
|turn|7
|
|t:|1776113965
|move|p1a: Enten|Earthquake|p2a: Manaphy
|-damage|p2a: Manaphy|11/100
|-enditem|p2a: Manaphy|Sitrus Berry|[eat]
|-heal|p2a: Manaphy|36/100|[from] item: Sitrus Berry
|move|p2a: Manaphy|Ice Beam|p1a: Enten
|-supereffective|p1a: Enten
|-damage|p1a: Enten|0 fnt
|faint|p1a: Enten
|
|upkeep
|
|t:|1776113974
|switch|p1a: Jack Sparrow|Samurott-Hisui, M, shiny|100/100
|turn|8
|
|t:|1776113979
|move|p1a: Jack Sparrow|Sucker Punch|p2a: Manaphy
|-crit|p2a: Manaphy
|-damage|p2a: Manaphy|0 fnt
|faint|p2a: Manaphy
|
|upkeep
|
|t:|1776113984
|switch|p2a: Ogerpon|Ogerpon, F|100/100
|-damage|p2a: Ogerpon|88/100|[from] Stealth Rock
|turn|9
|
|t:|1776113986
|switch|p1a: Sagittarius|Sinistcha, shiny|100/100
|move|p2a: Ogerpon|Swords Dance|p2a: Ogerpon
|-boost|p2a: Ogerpon|atk|2
|
|upkeep
|turn|10
|
|t:|1776113991
|move|p2a: Ogerpon|Swords Dance|p2a: Ogerpon
|-boost|p2a: Ogerpon|atk|2
|move|p1a: Sagittarius|Shadow Ball|p2a: Ogerpon
|-damage|p2a: Ogerpon|51/100
|
|upkeep
|turn|11
|
|t:|1776113996
|move|p2a: Ogerpon|Ivy Cudgel|p1a: Sagittarius
|-resisted|p1a: Sagittarius
|-damage|p1a: Sagittarius|48/100
|move|p1a: Sagittarius|Shadow Ball|p2a: Ogerpon
|-damage|p2a: Ogerpon|13/100
|
|upkeep
|turn|12
|
|t:|1776113999
|move|p2a: Ogerpon|Ivy Cudgel|p1a: Sagittarius
|-resisted|p1a: Sagittarius
|-crit|p1a: Sagittarius
|-damage|p1a: Sagittarius|0 fnt
|faint|p1a: Sagittarius
|
|upkeep
|
|t:|1776114004
|switch|p1a: Jack Sparrow|Samurott-Hisui, M, shiny|100/100
|turn|13
|
|t:|1776114017
|move|p1a: Jack Sparrow|Sucker Punch||[still]
|-fail|p1a: Jack Sparrow
|move|p2a: Ogerpon|Encore|p1a: Jack Sparrow
|-start|p1a: Jack Sparrow|Encore
|
|upkeep
|turn|14
|l|☆alex12381723898
|inactive|alex12381723898 disconnected and has a minute to reconnect!
|player|p1|
|inactive|alex12381723898 has 30 seconds to reconnect!
|inactive|alex12381723898 has 20 seconds to reconnect!
|inactive|alex12381723898 has 15 seconds to reconnect!
|inactive|alex12381723898 has 10 seconds to reconnect!
|inactive|alex12381723898 has 5 seconds to reconnect!
|-message|alex12381723898 lost due to inactivity.
|
|win|erhai
|raw|alex12381723898's rating: 1707 &rarr; <strong>1688</strong><br />(-19 for losing)
|raw|erhai's rating: 1730 &rarr; <strong>1749</strong><br />(+19 for winning)
|l|☆erhai
|player|p2|
