|html|<div class="broadcast-blue"><strong>[Gen 9] OU is currently suspecting Tera Blast! For information on how to participate check out the <a href="https://www.smogon.com/tools/suspects/view/200">suspect thread</a>.</strong></div>
|badge|p2|bronze|gen9ou|100-9
|uhtml|medal-msg|<div class="broadcast-blue">Curious what those medals under the avatar are? PS now has Ladder Seasons! For more information, check out the <a href="https://www.smogon.com/forums/threads/3740067/">thread on Smogon.</a></div>
|j|☆takeyouout
|j|☆HO Only Bitch
|t:|1776092423
|gametype|singles
|player|p1|takeyouout|richboy|1704
|player|p2|HO Only Bitch|giovanni|1867
|gen|9
|tier|[Gen 9] OU
|rated|
|rule|HP Percentage Mod: HP is shown in percentages
|rule|Endless Battle Clause: Forcing endless battles is banned
|rule|Species Clause: Limit one of each Pokémon
|rule|OHKO Clause: OHKO moves are banned
|rule|Evasion Items Clause: Evasion items are banned
|rule|Evasion Moves Clause: Evasion moves are banned
|rule|Evasion Abilities Clause: Evasion abilities are banned
|rule|Sleep Moves Clause: Sleep-inducing moves are banned
|clearpoke
|poke|p1|Tyranitar, F|
|poke|p1|Alomomola, F|
|poke|p1|Primarina, F|
|poke|p1|Amoonguss, F|
|poke|p1|Tornadus-Therian, M|
|poke|p1|Excadrill, M|
|poke|p2|Clodsire, F|
|poke|p2|Toxapex, M|
|poke|p2|Corviknight, F|
|poke|p2|Dondozo, M|
|poke|p2|Skarmory, F|
|poke|p2|Gliscor, F|
|teampreview
|inactive|Battle timer is ON: inactive players will automatically lose when time's up. (requested by takeyouout)
|j| ryomen sugoona
|c|☆takeyouout|if i had my team before
|c|☆takeyouout|omega fried
|c|☆takeyouout|even more
|inactive|HO Only Bitch has 120 seconds left.
|
|t:|1776092460
|teamsize|p1|6
|teamsize|p2|6
|start
|switch|p1a: Broomhilda|Tyranitar, F, shiny|100/100
|switch|p2a: as expected|Gliscor, F|100/100
|-weather|Sandstorm|[from] ability: Sand Stream|[of] p1a: Broomhilda
|turn|1
|
|t:|1776092467
|move|p2a: as expected|Substitute|p2a: as expected
|-start|p2a: as expected|Substitute
|-damage|p2a: as expected|75/100
|move|p1a: Broomhilda|Stealth Rock|p2a: as expected
|-sidestart|p2: HO Only Bitch|move: Stealth Rock
|
|-weather|Sandstorm|[upkeep]
|-status|p2a: as expected|tox|[from] item: Toxic Orb
|upkeep
|turn|2
|
|t:|1776092475
|move|p2a: as expected|Knock Off|p1a: Broomhilda
|-resisted|p1a: Broomhilda
|-damage|p1a: Broomhilda|93/100
|-enditem|p1a: Broomhilda|Heavy-Duty Boots|[from] move: Knock Off|[of] p2a: as expected
|move|p1a: Broomhilda|Roar|p2a: as expected
|drag|p2a: take your time|Toxapex, M|100/100
|-damage|p2a: take your time|88/100|[from] Stealth Rock
|
|-weather|Sandstorm|[upkeep]
|-damage|p2a: take your time|82/100|[from] Sandstorm
|-heal|p2a: take your time|88/100|[from] item: Leftovers
|upkeep
|turn|3
|
|t:|1776092488
|move|p2a: take your time|Baneful Bunker|p2a: take your time
|-singleturn|p2a: take your time|move: Protect
|move|p1a: Broomhilda|Taunt|p2a: take your time
|-activate|p2a: take your time|move: Protect
|
|-weather|Sandstorm|[upkeep]
|-damage|p2a: take your time|82/100|[from] Sandstorm
|-heal|p2a: take your time|88/100|[from] item: Leftovers
|upkeep
|turn|4
|
|t:|1776092497
|move|p1a: Broomhilda|Knock Off|p2a: take your time
|-damage|p2a: take your time|62/100
|-enditem|p2a: take your time|Leftovers|[from] move: Knock Off|[of] p1a: Broomhilda
|move|p2a: take your time|Poison Jab|p1a: Broomhilda
|-resisted|p1a: Broomhilda
|-damage|p1a: Broomhilda|86/100
|
|-weather|Sandstorm|[upkeep]
|-damage|p2a: take your time|56/100|[from] Sandstorm
|upkeep
|turn|5
|
|t:|1776092515
|move|p2a: take your time|Baneful Bunker|p2a: take your time
|-singleturn|p2a: take your time|move: Protect
|move|p1a: Broomhilda|Roar|p2a: take your time
|drag|p2a: per my last turn|Corviknight, F|100/100
|-damage|p2a: per my last turn|88/100|[from] Stealth Rock
|-ability|p2a: per my last turn|Pressure
|
|-weather|none
|-heal|p2a: per my last turn|94/100|[from] item: Leftovers
|upkeep
|turn|6
|
|t:|1776092526
|switch|p1a: PinkCannon|Alomomola, F, shiny|100/100
|move|p2a: per my last turn|Protect||[still]
|-fail|p2a: per my last turn
|
|-heal|p2a: per my last turn|100/100|[from] item: Leftovers
|upkeep
|turn|7
|
|t:|1776092534
|switch|p2a: take your time|Toxapex, M|89/100
|-damage|p2a: take your time|76/100|[from] Stealth Rock
|move|p1a: PinkCannon|Flip Turn|p2a: take your time
|-resisted|p2a: take your time
|-damage|p2a: take your time|72/100
|
|t:|1776092541
|switch|p1a: 66|Amoonguss, F|100/100|[from] Flip Turn
|
|upkeep
|turn|8
|
|t:|1776092550
|switch|p2a: as expected|Gliscor, F|75/100 tox
|-damage|p2a: as expected|63/100 tox|[from] Stealth Rock
|move|p1a: 66|Foul Play|p2a: as expected
|-damage|p2a: as expected|45/100 tox
|
|-heal|p2a: as expected|58/100 tox|[from] ability: Poison Heal
|upkeep
|turn|9
|
|t:|1776092560
|switch|p1a: Broomhilda|Tyranitar, F, shiny|86/100
|-weather|Sandstorm|[from] ability: Sand Stream|[of] p1a: Broomhilda
|move|p2a: as expected|Substitute|p2a: as expected
|-start|p2a: as expected|Substitute
|-damage|p2a: as expected|33/100 tox
|
|-weather|Sandstorm|[upkeep]
|-heal|p2a: as expected|45/100 tox|[from] ability: Poison Heal
|upkeep
|turn|10
|j| Puyu paz
|
|t:|1776092569
|move|p2a: as expected|Toxic|p1a: Broomhilda
|-status|p1a: Broomhilda|tox
|move|p1a: Broomhilda|Roar|p2a: as expected
|drag|p2a: take your time|Toxapex, M|100/100
|-damage|p2a: take your time|88/100|[from] Stealth Rock
|
|-weather|Sandstorm|[upkeep]
|-damage|p2a: take your time|82/100|[from] Sandstorm
|-damage|p1a: Broomhilda|79/100 tox|[from] psn
|upkeep
|turn|11
|
|t:|1776092586
|switch|p1a: Barnaby|Primarina, F|100/100
|move|p2a: take your time|Infestation|p1a: Barnaby
|-resisted|p1a: Barnaby
|-damage|p1a: Barnaby|99/100
|-activate|p1a: Barnaby|move: Infestation|[of] p2a: take your time
|
|-weather|Sandstorm|[upkeep]
|-damage|p1a: Barnaby|93/100|[from] Sandstorm
|-damage|p2a: take your time|75/100|[from] Sandstorm
|-damage|p1a: Barnaby|81/100|[from] move: Infestation|[partiallytrapped]
|upkeep
|turn|12
|j| Metallic Symphony
|l| Metallic Symphony
|
|t:|1776092596
|move|p2a: take your time|Baneful Bunker|p2a: take your time
|-singleturn|p2a: take your time|move: Protect
|move|p1a: Barnaby|Psychic|p2a: take your time
|-activate|p2a: take your time|move: Protect
|
|-weather|Sandstorm|[upkeep]
|-damage|p1a: Barnaby|75/100|[from] Sandstorm
|-damage|p2a: take your time|69/100|[from] Sandstorm
|-damage|p1a: Barnaby|63/100|[from] move: Infestation|[partiallytrapped]
|upkeep
|turn|13
|
|t:|1776092612
|-terastallize|p2a: take your time|Steel
|move|p1a: Barnaby|Psychic|p2a: take your time
|-resisted|p2a: take your time
|-damage|p2a: take your time|50/100
|-unboost|p2a: take your time|spd|1
|move|p2a: take your time|Poison Jab|p1a: Barnaby
|-supereffective|p1a: Barnaby
|-crit|p1a: Barnaby
|-damage|p1a: Barnaby|0 fnt
|faint|p1a: Barnaby
|
|-weather|none
|upkeep
|
|t:|1776092626
|switch|p1a: 77|Tornadus-Therian, M|100/100
|turn|14
|
|t:|1776092630
|move|p2a: take your time|Baneful Bunker|p2a: take your time
|-singleturn|p2a: take your time|move: Protect
|move|p1a: 77|Nasty Plot|p1a: 77
|-boost|p1a: 77|spa|2
|
|upkeep
|turn|15
|
|t:|1776092636
|switch|p2a: did you calc that?|Clodsire, F|100/100
|move|p1a: 77|Bleakwind Storm|p2a: did you calc that?
|-damage|p2a: did you calc that?|69/100
|-damage|p1a: 77|90/100|[from] item: Life Orb
|
|upkeep
|turn|16
|
|t:|1776092645
|move|p1a: 77|Bleakwind Storm|p2a: did you calc that?
|-damage|p2a: did you calc that?|38/100
|-damage|p1a: 77|80/100|[from] item: Life Orb
|move|p2a: did you calc that?|Recover|p2a: did you calc that?
|-heal|p2a: did you calc that?|88/100
|
|upkeep
|turn|17
|
|t:|1776092668
|move|p1a: 77|Bleakwind Storm|p2a: did you calc that?
|-damage|p2a: did you calc that?|57/100
|-damage|p1a: 77|70/100|[from] item: Life Orb
|move|p2a: did you calc that?|Stealth Rock|p1a: 77
|-sidestart|p1: takeyouout|move: Stealth Rock
|
|upkeep
|turn|18
|
|t:|1776092677
|move|p1a: 77|Bleakwind Storm|p2a: did you calc that?
|-damage|p2a: did you calc that?|28/100
|-damage|p1a: 77|60/100|[from] item: Life Orb
|move|p2a: did you calc that?|Recover|p2a: did you calc that?
|-heal|p2a: did you calc that?|78/100
|
|upkeep
|turn|19
|
|t:|1776092685
|move|p1a: 77|Bleakwind Storm|p2a: did you calc that?
|-damage|p2a: did you calc that?|45/100
|-unboost|p2a: did you calc that?|spe|1
|-damage|p1a: 77|50/100|[from] item: Life Orb
|move|p2a: did you calc that?|Recover|p2a: did you calc that?
|-heal|p2a: did you calc that?|95/100
|
|upkeep
|turn|20
|
|t:|1776092696
|switch|p1a: 66|Amoonguss, F|100/100
|-damage|p1a: 66|88/100|[from] Stealth Rock
|move|p2a: did you calc that?|Earthquake|p1a: 66
|-damage|p1a: 66|70/100
|
|upkeep
|turn|21
|
|t:|1776092705
|switch|p2a: take your time|Toxapex, M, tera:Steel|83/100
|-damage|p2a: take your time|77/100|[from] Stealth Rock
|move|p1a: 66|Foul Play|p2a: take your time
|-damage|p2a: take your time|67/100
|
|upkeep
|turn|22
|
|t:|1776092713
|switch|p2a: as expected|Gliscor, F|45/100 tox
|-damage|p2a: as expected|33/100 tox|[from] Stealth Rock
|move|p1a: 66|Foul Play|p2a: as expected
|-damage|p2a: as expected|18/100 tox
|
|-heal|p2a: as expected|30/100 tox|[from] ability: Poison Heal
|upkeep
|turn|23
|
|t:|1776092728
|move|p2a: as expected|Protect|p2a: as expected
|-singleturn|p2a: as expected|Protect
|move|p1a: 66|Foul Play|p2a: as expected
|-activate|p2a: as expected|move: Protect
|
|-heal|p2a: as expected|43/100 tox|[from] ability: Poison Heal
|upkeep
|turn|24
|
|t:|1776092736
|switch|p1a: Broomhilda|Tyranitar, F, shiny|79/100 tox
|-damage|p1a: Broomhilda|67/100 tox|[from] Stealth Rock
|-weather|Sandstorm|[from] ability: Sand Stream|[of] p1a: Broomhilda
|move|p2a: as expected|Knock Off|p1a: Broomhilda
|-resisted|p1a: Broomhilda
|-damage|p1a: Broomhilda|61/100 tox
|
|-weather|Sandstorm|[upkeep]
|-heal|p2a: as expected|55/100 tox|[from] ability: Poison Heal
|-damage|p1a: Broomhilda|55/100 tox|[from] psn
|upkeep
|turn|25
|
|t:|1776092748
|move|p2a: as expected|Protect|p2a: as expected
|-singleturn|p2a: as expected|Protect
|move|p1a: Broomhilda|Roar|p2a: as expected
|drag|p2a: that tracks|Skarmory, F|100/100
|
|-weather|Sandstorm|[upkeep]
|-damage|p1a: Broomhilda|42/100 tox|[from] psn
|upkeep
|turn|26
|
|t:|1776092757
|switch|p1a: PinkCannon|Alomomola, F, shiny|100/100
|-damage|p1a: PinkCannon|88/100|[from] Stealth Rock
|move|p2a: that tracks|Body Press|p1a: PinkCannon
|-damage|p1a: PinkCannon|72/100
|-damage|p2a: that tracks|84/100|[from] item: Rocky Helmet|[of] p1a: PinkCannon
|
|-weather|Sandstorm|[upkeep]
|-damage|p1a: PinkCannon|66/100|[from] Sandstorm
|upkeep
|turn|27
|
|t:|1776092769
|switch|p2a: take your time|Toxapex, M, tera:Steel|99/100
|-damage|p2a: take your time|94/100|[from] Stealth Rock
|move|p1a: PinkCannon|Wish|p1a: PinkCannon
|
|-weather|Sandstorm|[upkeep]
|-damage|p1a: PinkCannon|59/100|[from] Sandstorm
|upkeep
|turn|28
|
|t:|1776092777
|move|p1a: PinkCannon|Flip Turn|p2a: take your time
|-damage|p2a: take your time|83/100
|
|t:|1776092781
|switch|p1a: Broomhilda|Tyranitar, F, shiny|42/100 tox|[from] Flip Turn
|-damage|p1a: Broomhilda|30/100 tox|[from] Stealth Rock
|move|p2a: take your time|Infestation|p1a: Broomhilda
|-supereffective|p1a: Broomhilda
|-damage|p1a: Broomhilda|28/100 tox
|-activate|p1a: Broomhilda|move: Infestation|[of] p2a: take your time
|
|-weather|none
|-heal|p1a: Broomhilda|94/100 tox|[from] move: Wish|[wisher] PinkCannon
|-damage|p1a: Broomhilda|88/100 tox|[from] psn
|-damage|p1a: Broomhilda|75/100 tox|[from] move: Infestation|[partiallytrapped]
|upkeep
|turn|29
|
|t:|1776092794
|move|p2a: take your time|Poison Jab|p1a: Broomhilda
|-resisted|p1a: Broomhilda
|-damage|p1a: Broomhilda|68/100 tox
|move|p1a: Broomhilda|Roar|p2a: take your time
|drag|p2a: did you calc that?|Clodsire, F|95/100
|
|-damage|p1a: Broomhilda|55/100 tox|[from] psn
|-end|p1a: Broomhilda|Infestation|[partiallytrapped]|[silent]
|upkeep
|turn|30
|
|t:|1776092803
|switch|p1a: PinkCannon|Alomomola, F, shiny|93/100
|-damage|p1a: PinkCannon|80/100|[from] Stealth Rock
|switch|p2a: take your time|Toxapex, M, tera:Steel|100/100
|-damage|p2a: take your time|94/100|[from] Stealth Rock
|
|upkeep
|turn|31
|
|t:|1776092826
|move|p1a: PinkCannon|Flip Turn|p2a: take your time
|-damage|p2a: take your time|83/100
|
|t:|1776092829
|switch|p1a: Starscream|Excadrill, M|100/100|[from] Flip Turn
|-damage|p1a: Starscream|97/100|[from] Stealth Rock
|move|p2a: take your time|Infestation|p1a: Starscream
|-resisted|p1a: Starscream
|-damage|p1a: Starscream|96/100
|-activate|p1a: Starscream|move: Infestation|[of] p2a: take your time
|
|-damage|p1a: Starscream|83/100|[from] move: Infestation|[partiallytrapped]
|upkeep
|turn|32
|l| Puyu paz
|
|t:|1776092843
|switch|p2a: that tracks|Skarmory, F|84/100
|move|p1a: Starscream|Swords Dance|p1a: Starscream
|-boost|p1a: Starscream|atk|2
|
|-end|p1a: Starscream|Infestation|[partiallytrapped]|[silent]
|upkeep
|turn|33
|
|t:|1776092851
|move|p1a: Starscream|Iron Head|p2a: that tracks
|-resisted|p2a: that tracks
|-damage|p2a: that tracks|47/100
|-damage|p1a: Starscream|73/100|[from] item: Life Orb
|move|p2a: that tracks|Iron Defense|p2a: that tracks
|-boost|p2a: that tracks|def|2
|
|upkeep
|turn|34
|
|t:|1776092859
|move|p1a: Starscream|Rapid Spin|p2a: that tracks
|-resisted|p2a: that tracks
|-damage|p2a: that tracks|39/100
|-boost|p1a: Starscream|spe|1
|-sideend|p1: takeyouout|Stealth Rock|[from] move: Rapid Spin|[of] p1a: Starscream
|-damage|p1a: Starscream|63/100|[from] item: Life Orb
|move|p2a: that tracks|Roost|p2a: that tracks
|-heal|p2a: that tracks|89/100
|-singleturn|p2a: that tracks|move: Roost
|
|upkeep
|turn|35
|
|t:|1776092869
|switch|p1a: PinkCannon|Alomomola, F, shiny|100/100
|move|p2a: that tracks|Spikes|p1a: PinkCannon
|-sidestart|p1: takeyouout|Spikes
|
|upkeep
|turn|36
|
|t:|1776092875
|switch|p2a: take your time|Toxapex, M, tera:Steel|100/100
|-damage|p2a: take your time|94/100|[from] Stealth Rock
|move|p1a: PinkCannon|Flip Turn|p2a: take your time
|-damage|p2a: take your time|85/100
|
|t:|1776092879
|switch|p1a: 77|Tornadus-Therian, M|84/100|[from] Flip Turn
|
|upkeep
|turn|37
|
|t:|1776092886
|move|p2a: take your time|Baneful Bunker|p2a: take your time
|-singleturn|p2a: take your time|move: Protect
|move|p1a: 77|Focus Blast|p2a: take your time
|-activate|p2a: take your time|move: Protect
|
|upkeep
|turn|38
|
|t:|1776092895
|switch|p2a: did you calc that?|Clodsire, F|95/100
|move|p1a: 77|Nasty Plot|p1a: 77
|-boost|p1a: 77|spa|2
|
|upkeep
|turn|39
|
|t:|1776092903
|move|p1a: 77|Bleakwind Storm|p2a: did you calc that?
|-damage|p2a: did you calc that?|61/100
|-damage|p1a: 77|74/100|[from] item: Life Orb
|move|p2a: did you calc that?|Stealth Rock|p1a: 77
|-sidestart|p1: takeyouout|move: Stealth Rock
|
|upkeep
|turn|40
|
|t:|1776092910
|move|p1a: 77|Bleakwind Storm|p2a: did you calc that?
|-damage|p2a: did you calc that?|30/100
|-unboost|p2a: did you calc that?|spe|1
|-damage|p1a: 77|64/100|[from] item: Life Orb
|move|p2a: did you calc that?|Recover|p2a: did you calc that?
|-heal|p2a: did you calc that?|80/100
|
|upkeep
|turn|41
|
|t:|1776092920
|move|p1a: 77|Dark Pulse|p2a: did you calc that?
|-damage|p2a: did you calc that?|63/100
|-damage|p1a: 77|54/100|[from] item: Life Orb
|move|p2a: did you calc that?|Poison Jab|p1a: 77
|-damage|p1a: 77|26/100
|-status|p1a: 77|psn
|
|-damage|p1a: 77|13/100 psn|[from] psn
|upkeep
|turn|42
|
|t:|1776092930
|switch|p1a: PinkCannon|Alomomola, F, shiny|100/100
|-damage|p1a: PinkCannon|88/100|[from] Spikes
|-damage|p1a: PinkCannon|76/100|[from] Stealth Rock
|move|p2a: did you calc that?|Recover|p2a: did you calc that?
|-heal|p2a: did you calc that?|100/100
|
|upkeep
|turn|43
|
|t:|1776092938
|switch|p2a: take your time|Toxapex, M, tera:Steel|100/100
|-damage|p2a: take your time|94/100|[from] Stealth Rock
|move|p1a: PinkCannon|Wish|p1a: PinkCannon
|
|upkeep
|turn|44
|
|t:|1776092944
|switch|p1a: Starscream|Excadrill, M|63/100
|-damage|p1a: Starscream|51/100|[from] Spikes
|-damage|p1a: Starscream|48/100|[from] Stealth Rock
|move|p2a: take your time|Infestation|p1a: Starscream
|-resisted|p1a: Starscream
|-damage|p1a: Starscream|46/100
|-activate|p1a: Starscream|move: Infestation|[of] p2a: take your time
|
|-heal|p1a: Starscream|100/100|[from] move: Wish|[wisher] PinkCannon
|-damage|p1a: Starscream|88/100|[from] move: Infestation|[partiallytrapped]
|upkeep
|turn|45
|
|t:|1776092956
|switch|p2a: that tracks|Skarmory, F|89/100
|move|p1a: Starscream|Swords Dance|p1a: Starscream
|-boost|p1a: Starscream|atk|2
|
|-end|p1a: Starscream|Infestation|[partiallytrapped]|[silent]
|upkeep
|turn|46
|
|t:|1776092964
|move|p1a: Starscream|Rapid Spin|p2a: that tracks
|-resisted|p2a: that tracks
|-damage|p2a: that tracks|76/100
|-boost|p1a: Starscream|spe|1
|-sideend|p1: takeyouout|Spikes|[from] move: Rapid Spin|[of] p1a: Starscream
|-sideend|p1: takeyouout|Stealth Rock|[from] move: Rapid Spin|[of] p1a: Starscream
|-damage|p1a: Starscream|78/100|[from] item: Life Orb
|move|p2a: that tracks|Body Press|p1a: Starscream
|-supereffective|p1a: Starscream
|-damage|p1a: Starscream|0 fnt
|faint|p1a: Starscream
|
|upkeep
|-message|takeyouout forfeited.
|
|win|HO Only Bitch
|raw|takeyouout's rating: 1704 &rarr; <strong>1693</strong><br />(-11 for losing)
|raw|HO Only Bitch's rating: 1867 &rarr; <strong>1878</strong><br />(+11 for winning)
|l|☆takeyouout
|player|p1|
|l| ryomen sugoona
|l|☆HO Only Bitch
|player|p2|
