|html|<div class="broadcast-blue"><strong>[Gen 9] OU is currently suspecting Tera Blast! For information on how to participate check out the <a href="https://www.smogon.com/tools/suspects/view/200">suspect thread</a>.</strong></div>
|j|☆Meio_pOTATO
|j|☆medicham is broken
|t:|1776044826
|gametype|singles
|player|p1|Meio_pOTATO|rosa|1506
|player|p2|medicham is broken|iono|1546
|gen|9
|tier|[Gen 9] OU
|rated|
|rule|HP Percentage Mod: HP is shown in percentages
|rule|Endless Battle Clause: Forcing endless battles is banned
|rule|Species Clause: Limit one of each Pokémon
|rule|OHKO Clause: OHKO moves are banned
|rule|Evasion Items Clause: Evasion items are banned
|rule|Evasion Moves Clause: Evasion moves are banned
|rule|Evasion Abilities Clause: Evasion abilities are banned
|rule|Sleep Moves Clause: Sleep-inducing moves are banned
|clearpoke
|poke|p1|Latias, F|
|poke|p1|Iron Moth|
|poke|p1|Polteageist|
|poke|p1|Ogerpon-Wellspring, F|
|poke|p1|Kingambit, M|
|poke|p1|Zamazenta-*|
|poke|p2|Tauros-Paldea-Blaze, M|
|poke|p2|Kingambit, M|
|poke|p2|Ting-Lu|
|poke|p2|Pecharunt|
|poke|p2|Ogerpon-Wellspring, F|
|poke|p2|Great Tusk|
|teampreview
|inactive|Battle timer is ON: inactive players will automatically lose when time's up. (requested by Meio_pOTATO)
|
|t:|1776044842
|teamsize|p1|6
|teamsize|p2|6
|start
|switch|p1a: Clearsight|Latias, F|100/100
|switch|p2a: Tauros|Tauros-Paldea-Blaze, M|100/100
|-ability|p2a: Tauros|Intimidate|boost
|-unboost|p1a: Clearsight|atk|1
|turn|1
|
|t:|1776044849
|switch|p2a: Ting-Lu|Ting-Lu|100/100
|-ability|p2a: Ting-Lu|Vessel of Ruin
|move|p1a: Clearsight|Agility|p1a: Clearsight
|-boost|p1a: Clearsight|spe|2
|
|upkeep
|turn|2
|
|t:|1776044853
|move|p1a: Clearsight|Calm Mind|p1a: Clearsight
|-boost|p1a: Clearsight|spa|1
|-boost|p1a: Clearsight|spd|1
|move|p2a: Ting-Lu|Whirlwind|p1a: Clearsight
|drag|p1a: Peril|Zamazenta|100/100
|-ability|p1a: Peril|Dauntless Shield|boost
|-boost|p1a: Peril|def|1
|
|upkeep
|turn|3
|
|t:|1776044859
|switch|p2a: Pecharunt|Pecharunt|100/100
|move|p1a: Peril|Iron Defense|p1a: Peril
|-boost|p1a: Peril|def|2
|
|upkeep
|turn|4
|
|t:|1776044864
|switch|p1a: Darkstalker|Kingambit, M|100/100
|move|p2a: Pecharunt|Malignant Chain|p1a: Darkstalker
|-immune|p1a: Darkstalker
|
|upkeep
|turn|5
|
|t:|1776044866
|move|p2a: Pecharunt|Parting Shot|p1a: Darkstalker
|-unboost|p1a: Darkstalker|atk|1
|-ability|p1a: Darkstalker|Defiant|boost
|-boost|p1a: Darkstalker|atk|2
|-unboost|p1a: Darkstalker|spa|1
|-ability|p1a: Darkstalker|Defiant|boost
|-boost|p1a: Darkstalker|atk|2
|
|t:|1776044871
|switch|p2a: Great Tusk|Great Tusk|100/100|[from] Parting Shot
|move|p1a: Darkstalker|Swords Dance|p1a: Darkstalker
|-boost|p1a: Darkstalker|atk|2
|
|upkeep
|turn|6
|
|t:|1776044890
|-terastallize|p1a: Darkstalker|Ghost
|move|p2a: Great Tusk|Headlong Rush|p1a: Darkstalker
|-damage|p1a: Darkstalker|50/100
|-unboost|p2a: Great Tusk|def|1
|-unboost|p2a: Great Tusk|spd|1
|move|p1a: Darkstalker|Iron Head|p2a: Great Tusk
|-damage|p2a: Great Tusk|0 fnt
|faint|p2a: Great Tusk
|-end|p2a: Great Tusk|Protosynthesis|[silent]
|
|-heal|p1a: Darkstalker|56/100|[from] item: Leftovers
|upkeep
|
|t:|1776044899
|switch|p2a: Kingambit|Kingambit, M|100/100
|-activate|p2a: Kingambit|ability: Supreme Overlord
|-start|p2a: Kingambit|fallen1|[silent]
|-item|p2a: Kingambit|Air Balloon
|turn|7
|
|t:|1776044908
|move|p1a: Darkstalker|Low Kick|p2a: Kingambit
|-supereffective|p2a: Kingambit
|-damage|p2a: Kingambit|0 fnt
|-enditem|p2a: Kingambit|Air Balloon
|faint|p2a: Kingambit
|-end|p2a: Kingambit|fallen1|[silent]
|
|-heal|p1a: Darkstalker|62/100|[from] item: Leftovers
|upkeep
|
|t:|1776044920
|switch|p2a: Tauros|Tauros-Paldea-Blaze, M|100/100
|-ability|p2a: Tauros|Intimidate|boost
|-unboost|p1a: Darkstalker|atk|1
|-ability|p1a: Darkstalker|Defiant|boost
|-boost|p1a: Darkstalker|atk|2
|turn|8
|
|t:|1776044925
|move|p1a: Darkstalker|Sucker Punch|p2a: Tauros
|-resisted|p2a: Tauros
|-damage|p2a: Tauros|18/100
|move|p2a: Tauros|Raging Bull|p1a: Darkstalker
|-damage|p1a: Darkstalker|9/100
|
|-heal|p1a: Darkstalker|15/100|[from] item: Leftovers
|upkeep
|turn|9
|
|t:|1776044932
|move|p1a: Darkstalker|Sucker Punch|p2a: Tauros
|-resisted|p2a: Tauros
|-damage|p2a: Tauros|0 fnt
|faint|p2a: Tauros
|
|-heal|p1a: Darkstalker|22/100|[from] item: Leftovers
|upkeep
|-message|medicham is broken forfeited.
|
|win|Meio_pOTATO
|raw|Meio_pOTATO's rating: 1506 &rarr; <strong>1528</strong><br />(+22 for winning)
|raw|medicham is broken's rating: 1546 &rarr; <strong>1524</strong><br />(-22 for losing)
|l|☆medicham is broken
|player|p2|
|l|☆Meio_pOTATO
|player|p1|
