|html|<div class="broadcast-blue"><strong>[Gen 9] OU is currently suspecting Tera Blast! For information on how to participate check out the <a href="https://www.smogon.com/tools/suspects/view/200">suspect thread</a>.</strong></div>
|j|☆Mouu'D
|j|☆by nicole
|t:|1776107746
|gametype|singles
|player|p1|Mouu'D|youngster-gen4dp|1310
|player|p2|by nicole|dawn-gen4pt|1360
|gen|9
|tier|[Gen 9] OU
|rated|
|rule|HP Percentage Mod: HP is shown in percentages
|rule|Endless Battle Clause: Forcing endless battles is banned
|rule|Species Clause: Limit one of each Pokémon
|rule|OHKO Clause: OHKO moves are banned
|rule|Evasion Items Clause: Evasion items are banned
|rule|Evasion Moves Clause: Evasion moves are banned
|rule|Evasion Abilities Clause: Evasion abilities are banned
|rule|Sleep Moves Clause: Sleep-inducing moves are banned
|clearpoke
|poke|p1|Deoxys-Defense|
|poke|p1|Diancie|
|poke|p1|Glastrier|
|poke|p1|Ursaluna, M|
|poke|p1|Exeggutor-Alola, F|
|poke|p1|Conkeldurr, M|
|poke|p2|Crawdaunt, M|
|poke|p2|Iron Treads|
|poke|p2|Zapdos|
|poke|p2|Slowking-Galar, F|
|poke|p2|Kyurem|
|poke|p2|Cinderace, F|
|teampreview
|
|t:|1776107800
|teamsize|p1|6
|teamsize|p2|6
|start
|switch|p1a: Joz|Diancie|100/100
|switch|p2a: Crawdaunt|Crawdaunt, M|100/100
|turn|1
|
|t:|1776107811
|move|p2a: Crawdaunt|Crabhammer|p1a: Joz
|-supereffective|p1a: Joz
|-enditem|p1a: Joz|Focus Sash
|-damage|p1a: Joz|1/100
|move|p1a: Joz|Trick Room|p1a: Joz
|-fieldstart|move: Trick Room|[of] p1a: Joz
|
|upkeep
|turn|2
|
|t:|1776107819
|switch|p2a: Iron Treads|Iron Treads|100/100
|move|p1a: Joz|Moonblast|p2a: Iron Treads
|-resisted|p2a: Iron Treads
|-damage|p2a: Iron Treads|85/100
|-unboost|p2a: Iron Treads|spa|1
|
|upkeep
|turn|3
|
|t:|1776107826
|move|p1a: Joz|Earth Power|p2a: Iron Treads
|-supereffective|p2a: Iron Treads
|-damage|p2a: Iron Treads|41/100
|move|p2a: Iron Treads|Volt Switch|p1a: Joz
|-crit|p1a: Joz
|-damage|p1a: Joz|0 fnt
|faint|p1a: Joz
|inactive|Battle timer is ON: inactive players will automatically lose when time's up. (requested by Mouu'D)
|
|t:|1776107839
|-end|p2a: Iron Treads|Quark Drive|[silent]
|switch|p2a: Crawdaunt|Crawdaunt, M|100/100|[from] Volt Switch
|
|upkeep
|
|t:|1776107846
|switch|p1a: Sodom|Exeggutor-Alola, F, shiny|100/100
|turn|4
|
|t:|1776107849
|switch|p2a: Slowking|Slowking-Galar, F, shiny|100/100
|move|p1a: Sodom|Energy Ball|p2a: Slowking
|-resisted|p2a: Slowking
|-damage|p2a: Slowking|85/100
|
|upkeep
|turn|5
|
|t:|1776107857
|switch|p1a: Kuma|Ursaluna, M|100/100
|move|p2a: Slowking|Future Sight|p1a: Kuma
|-start|p2a: Slowking|move: Future Sight
|
|-fieldend|move: Trick Room
|-status|p1a: Kuma|brn|[from] item: Flame Orb
|upkeep
|turn|6
|
|t:|1776107868
|switch|p2a: Iron Treads|Iron Treads|41/100
|move|p1a: Kuma|Facade|p2a: Iron Treads
|-resisted|p2a: Iron Treads
|-damage|p2a: Iron Treads|0 fnt
|faint|p2a: Iron Treads
|-end|p2a: Iron Treads|Quark Drive|[silent]
|
|-damage|p1a: Kuma|94/100 brn|[from] brn
|upkeep
|
|t:|1776107876
|switch|p2a: Crawdaunt|Crawdaunt, M|100/100
|turn|7
|
|t:|1776107881
|switch|p1a: Vegapunk 03|Deoxys-Defense, shiny|100/100
|-ability|p1a: Vegapunk 03|Pressure
|move|p2a: Crawdaunt|Crabhammer|p1a: Vegapunk 03
|-damage|p1a: Vegapunk 03|19/100
|
|-end|p1a: Vegapunk 03|move: Future Sight
|-resisted|p1a: Vegapunk 03
|-damage|p1a: Vegapunk 03|5/100
|upkeep
|turn|8
|
|t:|1776107893
|move|p2a: Crawdaunt|Crabhammer|p1a: Vegapunk 03
|-damage|p1a: Vegapunk 03|0 fnt
|faint|p1a: Vegapunk 03
|
|upkeep
|
|t:|1776107899
|switch|p1a: Sodom|Exeggutor-Alola, F, shiny|100/100
|turn|9
|
|t:|1776107904
|switch|p2a: Slowking|Slowking-Galar, F, shiny|100/100
|move|p1a: Sodom|Trick Room|p1a: Sodom
|-fieldstart|move: Trick Room|[of] p1a: Sodom
|
|upkeep
|turn|10
|
|t:|1776107914
|switch|p1a: Kuma|Ursaluna, M|94/100 brn
|move|p2a: Slowking|Future Sight|p1a: Kuma
|-start|p2a: Slowking|move: Future Sight
|
|-damage|p1a: Kuma|88/100 brn|[from] brn
|upkeep
|turn|11
|
|t:|1776107925
|-prepare|p2a: Slowking|Chilly Reception|[premajor]
|move|p2a: Slowking|Chilly Reception|p2a: Slowking
|-weather|Snowscape
|
|t:|1776107937
|switch|p2a: Kyurem|Kyurem, shiny|100/100|[from] Chilly Reception
|-ability|p2a: Kyurem|Pressure
|move|p1a: Kuma|Facade|p2a: Kyurem
|-damage|p2a: Kyurem|18/100
|
|-weather|Snowscape|[upkeep]
|-damage|p1a: Kuma|82/100 brn|[from] brn
|upkeep
|turn|12
|
|t:|1776107956
|-terastallize|p2a: Kyurem|Ghost
|move|p1a: Kuma|Facade|p2a: Kyurem
|-immune|p2a: Kyurem
|move|p2a: Kyurem|Freeze-Dry|p1a: Kuma
|-supereffective|p1a: Kuma
|-damage|p1a: Kuma|0 fnt
|faint|p1a: Kuma
|
|-weather|Snowscape|[upkeep]
|-hint|Future Sight did not hit because the target is fainted.
|upkeep
|
|t:|1776107964
|switch|p1a: Stronger|Glastrier|100/100
|turn|13
|
|t:|1776107972
|switch|p2a: Cinderace|Cinderace, F|100/100
|move|p1a: Stronger|Crunch|p2a: Cinderace
|-damage|p2a: Cinderace|64/100
|
|-weather|Snowscape|[upkeep]
|-fieldend|move: Trick Room
|upkeep
|turn|14
|
|t:|1776107980
|move|p2a: Cinderace|Will-O-Wisp|p1a: Stronger|[miss]
|-miss|p2a: Cinderace|p1a: Stronger
|move|p1a: Stronger|Stomping Tantrum|p2a: Cinderace
|-supereffective|p2a: Cinderace
|-damage|p2a: Cinderace|0 fnt
|faint|p2a: Cinderace
|-ability|p1a: Stronger|Chilling Neigh|boost
|-boost|p1a: Stronger|atk|1
|
|-weather|Snowscape|[upkeep]
|upkeep
|
|t:|1776107983
|switch|p2a: Crawdaunt|Crawdaunt, M|100/100
|turn|15
|
|t:|1776107996
|move|p2a: Crawdaunt|Close Combat|p1a: Stronger
|-supereffective|p1a: Stronger
|-damage|p1a: Stronger|43/100
|-unboost|p2a: Crawdaunt|def|1
|-unboost|p2a: Crawdaunt|spd|1
|move|p1a: Stronger|Stomping Tantrum|p2a: Crawdaunt
|-damage|p2a: Crawdaunt|0 fnt
|faint|p2a: Crawdaunt
|-ability|p1a: Stronger|Chilling Neigh|boost
|-boost|p1a: Stronger|atk|1
|
|-weather|none
|upkeep
|
|t:|1776108001
|switch|p2a: Kyurem|Kyurem, shiny, tera:Ghost|18/100
|-ability|p2a: Kyurem|Pressure
|turn|16
|
|t:|1776108011
|move|p2a: Kyurem|Draco Meteor|p1a: Stronger
|-damage|p1a: Stronger|0 fnt
|-unboost|p2a: Kyurem|spa|2
|faint|p1a: Stronger
|
|upkeep
|
|t:|1776108020
|switch|p1a: Sodom|Exeggutor-Alola, F, shiny|100/100
|turn|17
|
|t:|1776108022
|-terastallize|p1a: Sodom|Poison
|move|p2a: Kyurem|Draco Meteor|p1a: Sodom
|-damage|p1a: Sodom|40/100
|-unboost|p2a: Kyurem|spa|2
|-enditem|p1a: Sodom|Sitrus Berry|[eat]
|-heal|p1a: Sodom|65/100|[from] item: Sitrus Berry
|move|p1a: Sodom|Trick Room|p1a: Sodom
|-fieldstart|move: Trick Room|[of] p1a: Sodom
|
|-item|p1a: Sodom|Sitrus Berry|[from] ability: Harvest
|upkeep
|turn|18
|
|t:|1776108034
|switch|p1a: Luffy gear 4th|Conkeldurr, M|100/100
|switch|p2a: Slowking|Slowking-Galar, F, shiny|100/100
|
|-status|p1a: Luffy gear 4th|brn|[from] item: Flame Orb
|upkeep
|turn|19
|
|t:|1776108041
|move|p2a: Slowking|Future Sight|p1a: Luffy gear 4th
|-start|p2a: Slowking|move: Future Sight
|move|p1a: Luffy gear 4th|Knock Off|p2a: Slowking
|-supereffective|p2a: Slowking
|-enditem|p2a: Slowking|Colbur Berry|[eat]
|-enditem|p2a: Slowking|Colbur Berry|[weaken]
|-damage|p2a: Slowking|41/100
|
|-damage|p1a: Luffy gear 4th|94/100 brn|[from] brn
|upkeep
|turn|20
|
|t:|1776108050
|move|p2a: Slowking|Sludge Bomb|p1a: Luffy gear 4th
|-damage|p1a: Luffy gear 4th|59/100 brn
|move|p1a: Luffy gear 4th|Knock Off|p2a: Slowking
|-supereffective|p2a: Slowking
|-damage|p2a: Slowking|0 fnt
|faint|p2a: Slowking
|
|-damage|p1a: Luffy gear 4th|53/100 brn|[from] brn
|upkeep
|
|t:|1776108054
|switch|p2a: Zapdos|Zapdos|100/100
|turn|21
|
|t:|1776108068
|move|p1a: Luffy gear 4th|Ice Punch|p2a: Zapdos
|-supereffective|p2a: Zapdos
|-damage|p2a: Zapdos|34/100
|move|p2a: Zapdos|Discharge|p1a: Luffy gear 4th
|-damage|p1a: Luffy gear 4th|14/100 brn
|
|-end|p1a: Luffy gear 4th|move: Future Sight
|-supereffective|p1a: Luffy gear 4th
|-damage|p1a: Luffy gear 4th|0 fnt
|faint|p1a: Luffy gear 4th
|-fieldend|move: Trick Room
|upkeep
|
|t:|1776108075
|switch|p1a: Sodom|Exeggutor-Alola, F, shiny, tera:Poison|65/100
|turn|22
|
|t:|1776108079
|move|p2a: Zapdos|Hurricane|p1a: Sodom
|-damage|p1a: Sodom|14/100
|-enditem|p1a: Sodom|Sitrus Berry|[eat]
|-heal|p1a: Sodom|39/100|[from] item: Sitrus Berry
|move|p1a: Sodom|Trick Room|p1a: Sodom
|-fieldstart|move: Trick Room|[of] p1a: Sodom
|
|upkeep
|turn|23
|
|t:|1776108088
|move|p1a: Sodom|Sludge Bomb|p2a: Zapdos
|-damage|p2a: Zapdos|0 fnt
|faint|p2a: Zapdos
|
|-item|p1a: Sodom|Sitrus Berry|[from] ability: Harvest
|upkeep
|-enditem|p1a: Sodom|Sitrus Berry|[eat]
|-heal|p1a: Sodom|64/100|[from] item: Sitrus Berry
|
|t:|1776108090
|switch|p2a: Kyurem|Kyurem, shiny, tera:Ghost|18/100
|-ability|p2a: Kyurem|Pressure
|turn|24
|
|t:|1776108099
|move|p1a: Sodom|Energy Ball|p2a: Kyurem
|-damage|p2a: Kyurem|0 fnt
|faint|p2a: Kyurem
|
|win|Mouu'D
|raw|Mouu&apos;D's rating: 1310 &rarr; <strong>1333</strong><br />(+23 for winning)
|raw|by nicole's rating: 1360 &rarr; <strong>1337</strong><br />(-23 for losing)
|l|☆Mouu'D
|player|p1|
|l|☆by nicole
|player|p2|
