|html|<div class="broadcast-blue"><strong>[Gen 9] OU is currently suspecting Tera Blast! For information on how to participate check out the <a href="https://www.smogon.com/tools/suspects/view/200">suspect thread</a>.</strong></div>
|j|☆toooo be continued
|j|☆cheeseybeanson
|t:|1776202507
|gametype|singles
|player|p1|toooo be continued|backers|
|player|p2|cheeseybeanson|2|
|gen|9
|tier|[Gen 9] OU
|rule|HP Percentage Mod: HP is shown in percentages
|rule|Endless Battle Clause: Forcing endless battles is banned
|rule|Species Clause: Limit one of each Pokémon
|rule|OHKO Clause: OHKO moves are banned
|rule|Evasion Items Clause: Evasion items are banned
|rule|Evasion Moves Clause: Evasion moves are banned
|rule|Evasion Abilities Clause: Evasion abilities are banned
|rule|Sleep Moves Clause: Sleep-inducing moves are banned
|clearpoke
|poke|p1|Thundurus-Therian, M|
|poke|p1|Cinderace, F|
|poke|p1|Mandibuzz, F|
|poke|p1|Latios, M|
|poke|p1|Jirachi|
|poke|p1|Clefable, M|
|poke|p2|Raging Bolt|
|poke|p2|Scizor, F|
|poke|p2|Samurott-Hisui, M|
|poke|p2|Landorus-Therian, M|
|poke|p2|Toxapex, F|
|poke|p2|Corviknight, M|
|teampreview
|
|t:|1776202518
|teamsize|p1|6
|teamsize|p2|6
|start
|switch|p1a: Thundurus|Thundurus-Therian, M|100/100
|switch|p2a: Raging Bolt|Raging Bolt|100/100
|turn|1
|
|t:|1776202531
|-terastallize|p1a: Thundurus|Fairy
|move|p1a: Thundurus|Nasty Plot|p1a: Thundurus
|-boost|p1a: Thundurus|spa|2
|move|p2a: Raging Bolt|Draco Meteor|p1a: Thundurus
|-immune|p1a: Thundurus
|
|upkeep
|turn|2
|
|t:|1776202540
|-end|p2a: Raging Bolt|Protosynthesis|[silent]
|switch|p2a: Toxapex|Toxapex, F|100/100
|move|p1a: Thundurus|Focus Blast|p2a: Toxapex
|-resisted|p2a: Toxapex
|-damage|p2a: Toxapex|71/100
|
|-heal|p2a: Toxapex|77/100|[from] item: Black Sludge
|upkeep
|turn|3
|
|t:|1776202546
|move|p1a: Thundurus|Thunderbolt|p2a: Toxapex
|-supereffective|p2a: Toxapex
|-damage|p2a: Toxapex|0 fnt
|faint|p2a: Toxapex
|
|upkeep
|
|t:|1776202552
|switch|p2a: Scizor|Scizor, F|100/100
|turn|4
|
|t:|1776202555
|move|p2a: Scizor|Bullet Punch|p1a: Thundurus
|-supereffective|p1a: Thundurus
|-damage|p1a: Thundurus|0 fnt
|faint|p1a: Thundurus
|
|upkeep
|
|t:|1776202558
|switch|p1a: Cinderace|Cinderace, F|100/100
|turn|5
|
|t:|1776202561
|switch|p2a: Samurott|Samurott-Hisui, M|100/100
|move|p1a: Cinderace|Pyro Ball|p2a: Samurott
|-resisted|p2a: Samurott
|-damage|p2a: Samurott|49/100
|
|upkeep
|turn|6
|
|t:|1776202569
|switch|p1a: Clefable|Clefable, M|100/100
|-terastallize|p2a: Samurott|Ground
|move|p2a: Samurott|Aqua Cutter|p1a: Clefable
|-damage|p1a: Clefable|63/100
|
|upkeep
|turn|7
|
|t:|1776202581
|switch|p2a: Scizor|Scizor, F|100/100
|move|p1a: Clefable|Moonblast|p2a: Scizor
|-resisted|p2a: Scizor
|-damage|p2a: Scizor|82/100
|
|upkeep
|turn|8
|
|t:|1776202584
|switch|p1a: Mandibuzz|Mandibuzz, F, shiny|100/100
|move|p2a: Scizor|U-turn|p1a: Mandibuzz
|-damage|p1a: Mandibuzz|67/100
|-damage|p2a: Scizor|65/100|[from] item: Rocky Helmet|[of] p1a: Mandibuzz
|
|t:|1776202592
|switch|p2a: Raging Bolt|Raging Bolt|100/100|[from] U-turn
|
|upkeep
|turn|9
|
|t:|1776202599
|switch|p1a: Clefable|Clefable, M|63/100
|move|p2a: Raging Bolt|Volt Switch|p1a: Clefable
|-damage|p1a: Clefable|3/100
|
|t:|1776202607
|-end|p2a: Raging Bolt|Protosynthesis|[silent]
|switch|p2a: Samurott|Samurott-Hisui, M, tera:Ground|49/100|[from] Volt Switch
|
|upkeep
|turn|10
|
|t:|1776202614
|move|p2a: Samurott|Ceaseless Edge|p1a: Clefable|[miss]
|-miss|p2a: Samurott|p1a: Clefable
|move|p1a: Clefable|Moonblast|p2a: Samurott
|-damage|p2a: Samurott|20/100
|
|upkeep
|turn|11
|
|t:|1776202633
|move|p2a: Samurott|Ceaseless Edge|p1a: Clefable|[miss]
|-miss|p2a: Samurott|p1a: Clefable
|move|p1a: Clefable|Stealth Rock|p2a: Samurott
|-sidestart|p2: cheeseybeanson|move: Stealth Rock
|
|upkeep
|turn|12
|
|t:|1776202642
|move|p2a: Samurott|Ceaseless Edge|p1a: Clefable
|-resisted|p1a: Clefable
|-damage|p1a: Clefable|0 fnt
|-sidestart|p1: toooo be continued|Spikes
|faint|p1a: Clefable
|
|upkeep
|
|t:|1776202646
|switch|p1a: Latios|Latios, M|100/100
|turn|13
|
|t:|1776202654
|move|p1a: Latios|Luster Purge|p2a: Samurott
|-damage|p2a: Samurott|0 fnt
|faint|p2a: Samurott
|
|upkeep
|
|t:|1776202657
|switch|p2a: Corviknight|Corviknight, M|100/100
|-damage|p2a: Corviknight|88/100|[from] Stealth Rock
|turn|14
|
|t:|1776202661
|move|p1a: Latios|Luster Purge|p2a: Corviknight
|-resisted|p2a: Corviknight
|-damage|p2a: Corviknight|65/100
|move|p2a: Corviknight|Defog|p1a: Latios
|-unboost|p1a: Latios|evasion|1
|-sideend|p1: toooo be continued|Spikes|[from] move: Defog|[of] p2a: Corviknight
|-sideend|p2: cheeseybeanson|Stealth Rock|[from] move: Defog|[of] p2a: Corviknight
|
|-heal|p2a: Corviknight|71/100|[from] item: Leftovers
|upkeep
|turn|15
|
|t:|1776202665
|move|p1a: Latios|Luster Purge|p2a: Corviknight
|-resisted|p2a: Corviknight
|-damage|p2a: Corviknight|48/100
|move|p2a: Corviknight|U-turn|p1a: Latios
|-supereffective|p1a: Latios
|-damage|p1a: Latios|59/100
|
|t:|1776202674
|switch|p2a: Landorus|Landorus-Therian, M|100/100|[from] U-turn
|-ability|p2a: Landorus|Intimidate|boost
|-unboost|p1a: Latios|atk|1
|
|upkeep
|turn|16
|
|t:|1776202677
|switch|p1a: Mandibuzz|Mandibuzz, F, shiny|67/100
|move|p2a: Landorus|Stealth Rock|p1a: Mandibuzz
|-sidestart|p1: toooo be continued|move: Stealth Rock
|
|upkeep
|turn|17
|
|t:|1776202681
|move|p2a: Landorus|Taunt|p1a: Mandibuzz
|-start|p1a: Mandibuzz|move: Taunt
|cant|p1a: Mandibuzz|move: Taunt|Defog
|
|upkeep
|turn|18
|
|t:|1776202686
|move|p2a: Landorus|U-turn|p1a: Mandibuzz
|-damage|p1a: Mandibuzz|51/100
|-damage|p2a: Landorus|84/100|[from] item: Rocky Helmet|[of] p1a: Mandibuzz
|
|t:|1776202690
|switch|p2a: Raging Bolt|Raging Bolt|100/100|[from] U-turn
|move|p1a: Mandibuzz|Foul Play|p2a: Raging Bolt
|-damage|p2a: Raging Bolt|79/100
|
|upkeep
|turn|19
|
|t:|1776202702
|switch|p1a: Jirachi|Jirachi|100/100
|-damage|p1a: Jirachi|94/100|[from] Stealth Rock
|move|p2a: Raging Bolt|Thunderclap||[still]
|-fail|p2a: Raging Bolt
|
|upkeep
|turn|20
|
|t:|1776202706
|move|p2a: Raging Bolt|Thunderclap|p1a: Jirachi
|-damage|p1a: Jirachi|60/100
|move|p1a: Jirachi|Doom Desire|p2a: Raging Bolt
|-start|p1a: Jirachi|Doom Desire
|
|upkeep
|turn|21
|
|t:|1776202716
|-end|p2a: Raging Bolt|Protosynthesis|[silent]
|switch|p2a: Scizor|Scizor, F|65/100
|move|p1a: Jirachi|Psychic Noise|p2a: Scizor
|-resisted|p2a: Scizor
|-damage|p2a: Scizor|42/100
|-start|p2a: Scizor|move: Heal Block
|
|upkeep
|turn|22
|
|t:|1776202727
|switch|p1a: Cinderace|Cinderace, F|100/100
|-damage|p1a: Cinderace|76/100|[from] Stealth Rock
|move|p2a: Scizor|Knock Off|p1a: Cinderace
|-damage|p1a: Cinderace|0 fnt
|-enditem|p1a: Cinderace|Flame Plate|[from] move: Knock Off|[of] p2a: Scizor
|faint|p1a: Cinderace
|
|-end|p2a: Scizor|move: Doom Desire
|-resisted|p2a: Scizor
|-damage|p2a: Scizor|0 fnt
|faint|p2a: Scizor
|upkeep
|
|t:|1776202746
|switch|p1a: Latios|Latios, M|59/100
|switch|p2a: Landorus|Landorus-Therian, M|84/100
|-damage|p1a: Latios|46/100|[from] Stealth Rock
|-ability|p2a: Landorus|Intimidate|boost
|-unboost|p1a: Latios|atk|1
|turn|23
|
|t:|1776202751
|move|p1a: Latios|Ice Beam|p2a: Landorus
|-supereffective|p2a: Landorus
|-damage|p2a: Landorus|0 fnt
|faint|p2a: Landorus
|
|upkeep
|
|t:|1776202756
|switch|p2a: Raging Bolt|Raging Bolt|79/100
|turn|24
|
|t:|1776202766
|switch|p1a: Mandibuzz|Mandibuzz, F, shiny|51/100
|-damage|p1a: Mandibuzz|27/100|[from] Stealth Rock
|move|p2a: Raging Bolt|Thunderbolt|p1a: Mandibuzz
|-supereffective|p1a: Mandibuzz
|-damage|p1a: Mandibuzz|0 fnt
|faint|p1a: Mandibuzz
|
|upkeep
|
|t:|1776202770
|switch|p1a: Jirachi|Jirachi|60/100
|-damage|p1a: Jirachi|54/100|[from] Stealth Rock
|turn|25
|
|t:|1776202772
|-end|p2a: Raging Bolt|Protosynthesis|[silent]
|switch|p2a: Corviknight|Corviknight, M|48/100
|move|p1a: Jirachi|Doom Desire|p2a: Corviknight
|-start|p1a: Jirachi|Doom Desire
|
|-heal|p2a: Corviknight|54/100|[from] item: Leftovers
|upkeep
|turn|26
|
|t:|1776202779
|move|p1a: Jirachi|Psychic Noise|p2a: Corviknight
|-resisted|p2a: Corviknight
|-damage|p2a: Corviknight|36/100
|-start|p2a: Corviknight|move: Heal Block
|cant|p2a: Corviknight|move: Heal Block|Roost
|
|upkeep
|turn|27
|
|t:|1776202786
|move|p1a: Jirachi|Psychic Noise|p2a: Corviknight
|-resisted|p2a: Corviknight
|-damage|p2a: Corviknight|18/100
|move|p2a: Corviknight|Brave Bird|p1a: Jirachi
|-resisted|p1a: Jirachi
|-crit|p1a: Jirachi
|-damage|p1a: Jirachi|32/100
|-damage|p2a: Corviknight|11/100|[from] Recoil
|
|-end|p2a: Corviknight|move: Doom Desire
|-resisted|p2a: Corviknight
|-damage|p2a: Corviknight|0 fnt
|faint|p2a: Corviknight
|upkeep
|
|t:|1776202794
|switch|p2a: Raging Bolt|Raging Bolt|79/100
|turn|28
|
|t:|1776202800
|move|p2a: Raging Bolt|Thunderclap|p1a: Jirachi
|-damage|p1a: Jirachi|0 fnt
|faint|p1a: Jirachi
|
|upkeep
|
|t:|1776202802
|switch|p1a: Latios|Latios, M|46/100
|-damage|p1a: Latios|34/100|[from] Stealth Rock
|turn|29
|
|t:|1776202805
|move|p2a: Raging Bolt|Thunderclap|p1a: Latios
|-resisted|p1a: Latios
|-damage|p1a: Latios|0 fnt
|faint|p1a: Latios
|
|win|cheeseybeanson
