|html|<div class="broadcast-blue"><strong>[Gen 9] OU is currently suspecting Tera Blast! For information on how to participate check out the <a href="https://www.smogon.com/tools/suspects/view/200">suspect thread</a>.</strong></div>
|j|☆Mrweston
|j|☆testingolem2
|t:|1776090722
|gametype|singles
|player|p1|Mrweston|ghetsis-gen5bw|1259
|player|p2|testingolem2|hiker-gen4|1315
|gen|9
|tier|[Gen 9] OU
|rated|
|rule|HP Percentage Mod: HP is shown in percentages
|rule|Endless Battle Clause: Forcing endless battles is banned
|rule|Species Clause: Limit one of each Pokémon
|rule|OHKO Clause: OHKO moves are banned
|rule|Evasion Items Clause: Evasion items are banned
|rule|Evasion Moves Clause: Evasion moves are banned
|rule|Evasion Abilities Clause: Evasion abilities are banned
|rule|Sleep Moves Clause: Sleep-inducing moves are banned
|clearpoke
|poke|p1|Hawlucha, F|
|poke|p1|Blaziken, F|
|poke|p1|Magnezone|
|poke|p1|Haunter, M|
|poke|p1|Donphan, F|
|poke|p1|Haxorus, M|
|poke|p2|Kingambit, M|
|poke|p2|Deoxys-Speed|
|poke|p2|Great Tusk|
|poke|p2|Primarina, M|
|poke|p2|Raging Bolt|
|poke|p2|Smeargle, F|
|teampreview
|inactive|Battle timer is ON: inactive players will automatically lose when time's up. (requested by Mrweston)
|
|t:|1776090737
|teamsize|p1|6
|teamsize|p2|6
|start
|switch|p1a: Donphan|Donphan, F|100/100
|switch|p2a: Deoxys|Deoxys-Speed|100/100
|-ability|p2a: Deoxys|Pressure
|turn|1
|
|t:|1776090740
|move|p2a: Deoxys|Knock Off|p1a: Donphan
|-damage|p1a: Donphan|79/100
|-enditem|p1a: Donphan|Heavy-Duty Boots|[from] move: Knock Off|[of] p2a: Deoxys
|-damage|p2a: Deoxys|91/100|[from] item: Life Orb
|move|p1a: Donphan|Knock Off|p2a: Deoxys
|-supereffective|p2a: Deoxys
|-damage|p2a: Deoxys|0 fnt
|-enditem|p2a: Deoxys|Life Orb|[from] move: Knock Off|[of] p1a: Donphan
|faint|p2a: Deoxys
|
|upkeep
|
|t:|1776090746
|switch|p2a: Smeargle|Smeargle, F|100/100
|turn|2
|
|t:|1776090750
|move|p2a: Smeargle|Burning Bulwark|p2a: Smeargle
|-singleturn|p2a: Smeargle|move: Protect
|move|p1a: Donphan|Rapid Spin|p2a: Smeargle
|-activate|p2a: Smeargle|move: Protect
|-status|p1a: Donphan|brn
|
|-damage|p1a: Donphan|73/100 brn|[from] brn
|upkeep
|turn|3
|
|t:|1776090753
|move|p2a: Smeargle|Stone Axe|p1a: Donphan
|-resisted|p1a: Donphan
|-damage|p1a: Donphan|69/100 brn
|-sidestart|p1: Mrweston|move: Stealth Rock
|move|p1a: Donphan|Earthquake|p2a: Smeargle
|-damage|p2a: Smeargle|51/100
|
|-damage|p1a: Donphan|63/100 brn|[from] brn
|upkeep
|turn|4
|
|t:|1776090758
|-terastallize|p2a: Smeargle|Ghost
|move|p2a: Smeargle|Endeavor|p1a: Donphan
|-damage|p1a: Donphan|34/100 brn
|move|p1a: Donphan|Rapid Spin|p2a: Smeargle
|-immune|p2a: Smeargle
|
|-damage|p1a: Donphan|28/100 brn|[from] brn
|upkeep
|turn|5
|
|t:|1776090763
|move|p2a: Smeargle|Extreme Speed|p1a: Donphan
|-crit|p1a: Donphan
|-damage|p1a: Donphan|8/100 brn
|move|p1a: Donphan|Knock Off|p2a: Smeargle
|-supereffective|p2a: Smeargle
|-damage|p2a: Smeargle|0 fnt
|-enditem|p2a: Smeargle|Focus Sash|[from] move: Knock Off|[of] p1a: Donphan
|faint|p2a: Smeargle
|
|-damage|p1a: Donphan|2/100 brn|[from] brn
|upkeep
|
|t:|1776090771
|switch|p2a: Great Tusk|Great Tusk|100/100
|-enditem|p2a: Great Tusk|Booster Energy
|-activate|p2a: Great Tusk|ability: Protosynthesis|[fromitem]
|-start|p2a: Great Tusk|protosynthesisspe
|turn|6
|
|t:|1776090776
|move|p2a: Great Tusk|Bulk Up|p2a: Great Tusk
|-boost|p2a: Great Tusk|atk|1
|-boost|p2a: Great Tusk|def|1
|move|p1a: Donphan|Rapid Spin|p2a: Great Tusk
|-damage|p2a: Great Tusk|97/100
|-boost|p1a: Donphan|spe|1
|-sideend|p1: Mrweston|Stealth Rock|[from] move: Rapid Spin|[of] p1a: Donphan
|
|-damage|p1a: Donphan|0 fnt|[from] brn
|faint|p1a: Donphan
|upkeep
|
|t:|1776090784
|switch|p1a: Hawlucha|Hawlucha, F, shiny|100/100
|-ability|p1a: Hawlucha|Mold Breaker
|turn|7
|
|t:|1776090792
|move|p1a: Hawlucha|Encore|p2a: Great Tusk
|-start|p2a: Great Tusk|Encore
|move|p2a: Great Tusk|Bulk Up|p2a: Great Tusk
|-boost|p2a: Great Tusk|atk|1
|-boost|p2a: Great Tusk|def|1
|
|upkeep
|turn|8
|
|t:|1776090795
|switch|p1a: Haunter|Haunter, M|100/100
|-end|p2a: Great Tusk|Protosynthesis|[silent]
|switch|p2a: Primarina|Primarina, M|100/100
|
|upkeep
|turn|9
|
|t:|1776090798
|switch|p2a: Kingambit|Kingambit, M|100/100
|-activate|p2a: Kingambit|ability: Supreme Overlord
|-start|p2a: Kingambit|fallen2|[silent]
|-item|p2a: Kingambit|Air Balloon
|move|p1a: Haunter|Sludge Wave|p2a: Kingambit
|-immune|p2a: Kingambit
|
|upkeep
|turn|10
|
|t:|1776090801
|move|p1a: Haunter|Will-O-Wisp|p2a: Kingambit
|-status|p2a: Kingambit|brn
|move|p2a: Kingambit|Kowtow Cleave|p1a: Haunter
|-supereffective|p1a: Haunter
|-enditem|p1a: Haunter|Focus Sash
|-damage|p1a: Haunter|1/100
|
|-damage|p2a: Kingambit|94/100 brn|[from] brn
|upkeep
|turn|11
|
|t:|1776090804
|switch|p1a: Hawlucha|Hawlucha, F, shiny|100/100
|-ability|p1a: Hawlucha|Mold Breaker
|move|p2a: Kingambit|Kowtow Cleave|p1a: Hawlucha
|-resisted|p1a: Hawlucha
|-damage|p1a: Hawlucha|79/100
|
|-damage|p2a: Kingambit|88/100 brn|[from] brn
|upkeep
|turn|12
|
|t:|1776090808
|-end|p2a: Kingambit|fallen2|[silent]
|switch|p2a: Primarina|Primarina, M|100/100
|move|p1a: Hawlucha|Close Combat|p2a: Primarina
|-resisted|p2a: Primarina
|-damage|p2a: Primarina|69/100
|-unboost|p1a: Hawlucha|def|1
|-unboost|p1a: Hawlucha|spd|1
|
|upkeep
|turn|13
|
|t:|1776090812
|switch|p1a: Magnezone|Magnezone, shiny|100/100
|move|p2a: Primarina|Draining Kiss|p1a: Magnezone
|-resisted|p1a: Magnezone
|-damage|p1a: Magnezone|90/100
|-heal|p2a: Primarina|76/100|[from] drain|[of] p1a: Magnezone
|
|upkeep
|turn|14
|
|t:|1776090816
|switch|p1a: Haunter|Haunter, M|1/100
|switch|p2a: Kingambit|Kingambit, M|88/100 brn
|-activate|p2a: Kingambit|ability: Supreme Overlord
|-start|p2a: Kingambit|fallen2|[silent]
|-item|p2a: Kingambit|Air Balloon
|
|-damage|p2a: Kingambit|82/100 brn|[from] brn
|upkeep
|turn|15
|
|t:|1776090824
|switch|p1a: Hawlucha|Hawlucha, F, shiny|79/100
|-ability|p1a: Hawlucha|Mold Breaker
|move|p2a: Kingambit|Iron Head|p1a: Hawlucha
|-damage|p1a: Hawlucha|36/100
|
|-damage|p2a: Kingambit|76/100 brn|[from] brn
|upkeep
|turn|16
|
|t:|1776090828
|-end|p2a: Kingambit|fallen2|[silent]
|switch|p2a: Raging Bolt|Raging Bolt|100/100
|-enditem|p2a: Raging Bolt|Booster Energy
|-activate|p2a: Raging Bolt|ability: Protosynthesis|[fromitem]
|-start|p2a: Raging Bolt|protosynthesisspa
|move|p1a: Hawlucha|Brave Bird|p2a: Raging Bolt
|-resisted|p2a: Raging Bolt
|-damage|p2a: Raging Bolt|82/100
|-damage|p1a: Hawlucha|27/100|[from] Recoil
|
|upkeep
|turn|17
|
|t:|1776090833
|switch|p1a: Magnezone|Magnezone, shiny|90/100
|move|p2a: Raging Bolt|Thunderbolt|p1a: Magnezone
|-resisted|p1a: Magnezone
|-damage|p1a: Magnezone|64/100
|
|upkeep
|turn|18
|
|t:|1776090839
|move|p1a: Magnezone|Flash Cannon|p2a: Raging Bolt
|-resisted|p2a: Raging Bolt
|-damage|p2a: Raging Bolt|66/100
|-unboost|p2a: Raging Bolt|spd|1
|move|p2a: Raging Bolt|Calm Mind|p2a: Raging Bolt
|-boost|p2a: Raging Bolt|spa|1
|-boost|p2a: Raging Bolt|spd|1
|
|upkeep
|turn|19
|
|t:|1776090844
|move|p1a: Magnezone|Volt Switch|p2a: Raging Bolt
|-resisted|p2a: Raging Bolt
|-damage|p2a: Raging Bolt|58/100
|
|t:|1776090847
|switch|p1a: Haxorus|Haxorus, M, shiny|100/100|[from] Volt Switch
|-ability|p1a: Haxorus|Mold Breaker
|move|p2a: Raging Bolt|Thunderbolt|p1a: Haxorus
|-resisted|p1a: Haxorus
|-damage|p1a: Haxorus|25/100
|
|upkeep
|turn|20
|
|t:|1776090849
|move|p2a: Raging Bolt|Thunderclap|p1a: Haxorus
|-resisted|p1a: Haxorus
|-damage|p1a: Haxorus|0 fnt
|faint|p1a: Haxorus
|
|upkeep
|
|t:|1776090856
|switch|p1a: Hawlucha|Hawlucha, F, shiny|27/100
|-ability|p1a: Hawlucha|Mold Breaker
|turn|21
|
|t:|1776090858
|-end|p2a: Raging Bolt|Protosynthesis|[silent]
|switch|p2a: Primarina|Primarina, M|76/100
|move|p1a: Hawlucha|Encore||[still]
|-fail|p1a: Hawlucha
|
|upkeep
|turn|22
|
|t:|1776090861
|switch|p1a: Magnezone|Magnezone, shiny|64/100
|move|p2a: Primarina|Hyper Voice|p1a: Magnezone
|-damage|p1a: Magnezone|30/100
|
|upkeep
|turn|23
|
|t:|1776090864
|switch|p2a: Great Tusk|Great Tusk|97/100
|move|p1a: Magnezone|Volt Switch|p2a: Great Tusk
|-immune|p2a: Great Tusk
|
|upkeep
|turn|24
|
|t:|1776090867
|move|p2a: Great Tusk|Earthquake|p1a: Magnezone
|-supereffective|p1a: Magnezone
|-damage|p1a: Magnezone|0 fnt
|faint|p1a: Magnezone
|
|upkeep
|
|t:|1776090879
|switch|p1a: Blaziken|Blaziken, F|100/100
|turn|25
|
|t:|1776090881
|-terastallize|p1a: Blaziken|Flying
|move|p2a: Great Tusk|Earthquake|p1a: Blaziken
|-immune|p1a: Blaziken
|move|p1a: Blaziken|Swords Dance|p1a: Blaziken
|-boost|p1a: Blaziken|atk|2
|
|-ability|p1a: Blaziken|Speed Boost|boost
|-boost|p1a: Blaziken|spe|1
|upkeep
|turn|26
|
|t:|1776090894
|move|p1a: Blaziken|Close Combat|p2a: Great Tusk
|-damage|p2a: Great Tusk|10/100
|-unboost|p1a: Blaziken|def|1
|-unboost|p1a: Blaziken|spd|1
|move|p2a: Great Tusk|Ice Spinner|p1a: Blaziken
|-supereffective|p1a: Blaziken
|-enditem|p1a: Blaziken|Focus Sash
|-damage|p1a: Blaziken|1/100
|
|-ability|p1a: Blaziken|Speed Boost|boost
|-boost|p1a: Blaziken|spe|1
|upkeep
|turn|27
|
|t:|1776090902
|move|p1a: Blaziken|Close Combat|p2a: Great Tusk
|-damage|p2a: Great Tusk|0 fnt
|-unboost|p1a: Blaziken|def|1
|-unboost|p1a: Blaziken|spd|1
|faint|p2a: Great Tusk
|-end|p2a: Great Tusk|Protosynthesis|[silent]
|
|-ability|p1a: Blaziken|Speed Boost|boost
|-boost|p1a: Blaziken|spe|1
|upkeep
|
|t:|1776090909
|switch|p2a: Kingambit|Kingambit, M|76/100 brn
|-activate|p2a: Kingambit|ability: Supreme Overlord
|-start|p2a: Kingambit|fallen3|[silent]
|-item|p2a: Kingambit|Air Balloon
|turn|28
|
|t:|1776090913
|move|p1a: Blaziken|Upper Hand|p2a: Kingambit
|-supereffective|p2a: Kingambit
|-damage|p2a: Kingambit|0 fnt
|-enditem|p2a: Kingambit|Air Balloon
|faint|p2a: Kingambit
|-end|p2a: Kingambit|fallen3|[silent]
|
|-ability|p1a: Blaziken|Speed Boost|boost
|-boost|p1a: Blaziken|spe|1
|upkeep
|
|t:|1776090918
|switch|p2a: Primarina|Primarina, M|76/100
|turn|29
|
|t:|1776090920
|move|p1a: Blaziken|Close Combat|p2a: Primarina
|-resisted|p2a: Primarina
|-damage|p2a: Primarina|0 fnt
|-unboost|p1a: Blaziken|def|1
|-unboost|p1a: Blaziken|spd|1
|faint|p2a: Primarina
|
|-ability|p1a: Blaziken|Speed Boost|boost
|-boost|p1a: Blaziken|spe|1
|upkeep
|
|t:|1776090922
|switch|p2a: Raging Bolt|Raging Bolt|58/100
|turn|30
|
|t:|1776090926
|move|p2a: Raging Bolt|Thunderclap|p1a: Blaziken
|-supereffective|p1a: Blaziken
|-damage|p1a: Blaziken|0 fnt
|faint|p1a: Blaziken
|
|upkeep
|
|t:|1776090929
|switch|p1a: Hawlucha|Hawlucha, F, shiny|27/100
|-ability|p1a: Hawlucha|Mold Breaker
|turn|31
|
|t:|1776090932
|move|p1a: Hawlucha|Encore|p2a: Raging Bolt
|-start|p2a: Raging Bolt|Encore
|move|p2a: Raging Bolt|Thunderclap||[still]
|-fail|p2a: Raging Bolt
|
|upkeep
|turn|32
|
|t:|1776090934
|switch|p1a: Haunter|Haunter, M|1/100
|move|p2a: Raging Bolt|Thunderclap||[still]
|-fail|p2a: Raging Bolt
|
|upkeep
|turn|33
|
|t:|1776090942
|switch|p1a: Hawlucha|Hawlucha, F, shiny|27/100
|-ability|p1a: Hawlucha|Mold Breaker
|move|p2a: Raging Bolt|Thunderclap||[still]
|-fail|p2a: Raging Bolt
|
|-end|p2a: Raging Bolt|Encore
|upkeep
|turn|34
|
|t:|1776090944
|move|p2a: Raging Bolt|Thunderclap||[still]
|-fail|p2a: Raging Bolt
|move|p1a: Hawlucha|Encore|p2a: Raging Bolt
|-start|p2a: Raging Bolt|Encore
|
|upkeep
|turn|35
|
|t:|1776090946
|switch|p1a: Haunter|Haunter, M|1/100
|move|p2a: Raging Bolt|Thunderclap||[still]
|-fail|p2a: Raging Bolt
|
|upkeep
|turn|36
|
|t:|1776090954
|move|p2a: Raging Bolt|Thunderclap||[still]
|-fail|p2a: Raging Bolt
|move|p1a: Haunter|Destiny Bond|p1a: Haunter
|-singlemove|p1a: Haunter|Destiny Bond
|
|-end|p2a: Raging Bolt|Encore
|upkeep
|turn|37
|
|t:|1776090961
|move|p1a: Haunter|Sludge Wave|p2a: Raging Bolt
|-damage|p2a: Raging Bolt|22/100
|move|p2a: Raging Bolt|Thunderbolt|p1a: Haunter
|-damage|p1a: Haunter|0 fnt
|faint|p1a: Haunter
|
|upkeep
|
|t:|1776090963
|switch|p1a: Hawlucha|Hawlucha, F, shiny|27/100
|-ability|p1a: Hawlucha|Mold Breaker
|turn|38
|
|t:|1776090966
|move|p1a: Hawlucha|Close Combat|p2a: Raging Bolt
|-crit|p2a: Raging Bolt
|-damage|p2a: Raging Bolt|0 fnt
|-unboost|p1a: Hawlucha|def|1
|-unboost|p1a: Hawlucha|spd|1
|faint|p2a: Raging Bolt
|-end|p2a: Raging Bolt|Protosynthesis|[silent]
|
|win|Mrweston
|raw|Mrweston's rating: 1259 &rarr; <strong>1288</strong><br />(+29 for winning)
|raw|testingolem2's rating: 1315 &rarr; <strong>1292</strong><br />(-23 for losing)
|l|☆testingolem2
|player|p2|
|l|☆Mrweston
|player|p1|
