|html|<div class="broadcast-blue"><strong>[Gen 9] OU is currently suspecting Tera Blast! For information on how to participate check out the <a href="https://www.smogon.com/tools/suspects/view/200">suspect thread</a>.</strong></div>
|j|☆clouddaearth
|j|☆d list celebrity
|t:|1776101368
|gametype|singles
|player|p1|clouddaearth|170|1394
|player|p2|d list celebrity|caitlin|1372
|gen|9
|tier|[Gen 9] OU
|rated|
|rule|HP Percentage Mod: HP is shown in percentages
|rule|Endless Battle Clause: Forcing endless battles is banned
|rule|Species Clause: Limit one of each Pokémon
|rule|OHKO Clause: OHKO moves are banned
|rule|Evasion Items Clause: Evasion items are banned
|rule|Evasion Moves Clause: Evasion moves are banned
|rule|Evasion Abilities Clause: Evasion abilities are banned
|rule|Sleep Moves Clause: Sleep-inducing moves are banned
|clearpoke
|poke|p1|Gengar, F|
|poke|p1|Weavile, M|
|poke|p1|Iron Treads|
|poke|p1|Blaziken, F|
|poke|p1|Azumarill, M|
|poke|p1|Dragonite, F|
|poke|p2|Ribombee, M|
|poke|p2|Medicham, F|
|poke|p2|Gholdengo|
|poke|p2|Donphan, F|
|poke|p2|Dragapult, M|
|poke|p2|Moltres|
|teampreview
|j| ohko_smeargle
|inactive|Battle timer is ON: inactive players will automatically lose when time's up. (requested by clouddaearth)
|
|t:|1776101416
|teamsize|p1|6
|teamsize|p2|6
|start
|switch|p1a: Weavile|Weavile, M|100/100
|switch|p2a: Donphan|Donphan, F|100/100
|turn|1
|
|t:|1776101434
|move|p1a: Weavile|Triple Axel|p2a: Donphan
|-supereffective|p2a: Donphan
|-damage|p2a: Donphan|82/100
|-supereffective|p2a: Donphan
|-damage|p2a: Donphan|48/100
|-supereffective|p2a: Donphan
|-damage|p2a: Donphan|0 fnt
|faint|p2a: Donphan
|-hitcount|p2: Donphan|3
|
|upkeep
|
|t:|1776101437
|switch|p2a: Ribombee|Ribombee, M|100/100
|turn|2
|
|t:|1776101446
|move|p1a: Weavile|Triple Axel|p2a: Ribombee
|-damage|p2a: Ribombee|81/100
|-damage|p2a: Ribombee|41/100
|-damage|p2a: Ribombee|0 fnt
|faint|p2a: Ribombee
|-hitcount|p2: Ribombee|3
|
|upkeep
|
|t:|1776101449
|switch|p2a: Moltres|Moltres|100/100
|turn|3
|
|t:|1776101456
|switch|p1a: Iron Treads|Iron Treads|100/100
|-enditem|p1a: Iron Treads|Booster Energy
|-activate|p1a: Iron Treads|ability: Quark Drive|[fromitem]
|-start|p1a: Iron Treads|quarkdrivespe
|move|p2a: Moltres|Flamethrower|p1a: Iron Treads
|-supereffective|p1a: Iron Treads
|-damage|p1a: Iron Treads|3/100
|-status|p1a: Iron Treads|brn
|
|-damage|p1a: Iron Treads|0 fnt|[from] brn
|faint|p1a: Iron Treads
|-end|p1a: Iron Treads|Quark Drive|[silent]
|upkeep
|
|t:|1776101467
|switch|p1a: Azumarill|Azumarill, M|100/100
|turn|4
|
|t:|1776101471
|move|p1a: Azumarill|Belly Drum|p1a: Azumarill
|-damage|p1a: Azumarill|50/100
|-setboost|p1a: Azumarill|atk|6|[from] move: Belly Drum
|-enditem|p1a: Azumarill|Sitrus Berry|[eat]
|-heal|p1a: Azumarill|75/100|[from] item: Sitrus Berry
|move|p2a: Moltres|Roar|p1a: Azumarill
|drag|p1a: Blaziken|Blaziken, F|100/100
|
|upkeep
|turn|5
|
|t:|1776101476
|move|p1a: Blaziken|Flare Blitz|p2a: Moltres
|-resisted|p2a: Moltres
|-damage|p2a: Moltres|72/100
|-damage|p1a: Blaziken|89/100|[from] Recoil
|-damage|p1a: Blaziken|79/100|[from] item: Life Orb
|move|p2a: Moltres|Flamethrower|p1a: Blaziken
|-resisted|p1a: Blaziken
|-damage|p1a: Blaziken|50/100
|
|-ability|p1a: Blaziken|Speed Boost|boost
|-boost|p1a: Blaziken|spe|1
|upkeep
|turn|6
|
|t:|1776101481
|move|p1a: Blaziken|Flare Blitz|p2a: Moltres
|-resisted|p2a: Moltres
|-damage|p2a: Moltres|43/100
|-damage|p1a: Blaziken|37/100|[from] Recoil
|-damage|p1a: Blaziken|27/100|[from] item: Life Orb
|move|p2a: Moltres|Roost|p2a: Moltres
|-heal|p2a: Moltres|93/100
|-singleturn|p2a: Moltres|move: Roost
|
|-ability|p1a: Blaziken|Speed Boost|boost
|-boost|p1a: Blaziken|spe|1
|upkeep
|turn|7
|
|t:|1776101484
|switch|p1a: Azumarill|Azumarill, M|75/100
|move|p2a: Moltres|Roar|p1a: Azumarill
|drag|p1a: Blaziken|Blaziken, F|27/100
|
|upkeep
|turn|8
|
|t:|1776101489
|switch|p1a: Azumarill|Azumarill, M|75/100
|move|p2a: Moltres|U-turn|p1a: Azumarill
|-resisted|p1a: Azumarill
|-damage|p1a: Azumarill|68/100
|
|t:|1776101494
|switch|p2a: Medicham|Medicham, F|100/100|[from] U-turn
|
|upkeep
|turn|9
|
|t:|1776101501
|move|p2a: Medicham|Poison Jab|p1a: Azumarill
|-supereffective|p1a: Azumarill
|-damage|p1a: Azumarill|0 fnt
|faint|p1a: Azumarill
|
|upkeep
|
|t:|1776101504
|switch|p1a: Gengar|Gengar, F|100/100
|turn|10
|
|t:|1776101513
|move|p1a: Gengar|Shadow Ball|p2a: Medicham
|-supereffective|p2a: Medicham
|-damage|p2a: Medicham|0 fnt
|faint|p2a: Medicham
|
|upkeep
|
|t:|1776101516
|switch|p2a: Dragapult|Dragapult, M|100/100
|turn|11
|
|t:|1776101519
|-terastallize|p1a: Gengar|Ghost
|move|p1a: Gengar|Shadow Ball|p2a: Dragapult
|-supereffective|p2a: Dragapult
|-damage|p2a: Dragapult|0 fnt
|faint|p2a: Dragapult
|
|upkeep
|-message|d list celebrity forfeited.
|
|win|clouddaearth
|raw|clouddaearth's rating: 1394 &rarr; <strong>1413</strong><br />(+19 for winning)
|raw|d list celebrity's rating: 1372 &rarr; <strong>1353</strong><br />(-19 for losing)
|l|☆d list celebrity
|player|p2|
|l| ohko_smeargle
|l|☆clouddaearth
|player|p1|
