|html|<div class="broadcast-blue"><strong>[Gen 9] OU is currently suspecting Tera Blast! For information on how to participate check out the <a href="https://www.smogon.com/tools/suspects/view/200">suspect thread</a>.</strong></div>
|j|‽big_chud837396
|j|☆Pelogrulla72
|t:|1776182411
|gametype|singles
|player|p1|big_chud837396|hiker|1058
|player|p2|Pelogrulla72|erika|1061
|gen|9
|tier|[Gen 9] OU
|rated|
|rule|HP Percentage Mod: HP is shown in percentages
|rule|Endless Battle Clause: Forcing endless battles is banned
|rule|Species Clause: Limit one of each Pokémon
|rule|OHKO Clause: OHKO moves are banned
|rule|Evasion Items Clause: Evasion items are banned
|rule|Evasion Moves Clause: Evasion moves are banned
|rule|Evasion Abilities Clause: Evasion abilities are banned
|rule|Sleep Moves Clause: Sleep-inducing moves are banned
|clearpoke
|poke|p1|Infernape, F|
|poke|p1|Great Tusk|
|poke|p1|Dragapult, F|
|poke|p1|Krookodile, M|
|poke|p1|Toxtricity-Low-Key, M|
|poke|p1|Overqwil, F|
|poke|p2|Bastiodon, F|
|poke|p2|Lurantis, F|
|poke|p2|Meowscarada, F|
|poke|p2|Golurk|
|poke|p2|Blastoise, F|
|poke|p2|Zoroark-Hisui, F|
|teampreview
|
|t:|1776182422
|teamsize|p1|6
|teamsize|p2|6
|start
|switch|p1a: Overqwil|Overqwil, F, shiny|100/100
|switch|p2a: BOOM|Blastoise, F, shiny|100/100
|turn|1
|
|t:|1776182433
|move|p2a: BOOM|Shell Smash|p2a: BOOM
|-unboost|p2a: BOOM|def|1
|-unboost|p2a: BOOM|spd|1
|-boost|p2a: BOOM|atk|2
|-boost|p2a: BOOM|spa|2
|-boost|p2a: BOOM|spe|2
|move|p1a: Overqwil|Spikes|p2a: BOOM
|-sidestart|p2: Pelogrulla72|Spikes
|
|upkeep
|turn|2
|
|t:|1776182441
|move|p2a: BOOM|Earthquake|p1a: Overqwil
|-supereffective|p1a: Overqwil
|-crit|p1a: Overqwil
|-damage|p1a: Overqwil|0 fnt
|faint|p1a: Overqwil
|
|upkeep
|
|t:|1776182457
|switch|p1a: Dragapult|Dragapult, F, shiny|100/100
|turn|3
|
|t:|1776182465
|move|p2a: BOOM|Ice Spinner|p1a: Dragapult
|-supereffective|p1a: Dragapult
|-damage|p1a: Dragapult|17/100
|move|p1a: Dragapult|U-turn|p2a: BOOM
|-damage|p2a: BOOM|60/100
|-damage|p1a: Dragapult|7/100|[from] item: Life Orb
|
|t:|1776182472
|switch|p1a: Infernape|Infernape, F, shiny|100/100|[from] U-turn
|
|upkeep
|turn|4
|
|t:|1776182481
|-terastallize|p1a: Infernape|Water
|move|p2a: BOOM|Aqua Tail|p1a: Infernape
|-resisted|p1a: Infernape
|-damage|p1a: Infernape|41/100
|move|p1a: Infernape|Close Combat|p2a: BOOM
|-damage|p2a: BOOM|0 fnt
|-unboost|p1a: Infernape|def|1
|-unboost|p1a: Infernape|spd|1
|faint|p2a: BOOM
|
|upkeep
|
|t:|1776182488
|switch|p2a: Ayin NGL|Meowscarada, F, shiny|100/100
|-damage|p2a: Ayin NGL|88/100|[from] Spikes
|turn|5
|
|t:|1776182501
|switch|p2a: Doom Guy|Golurk, shiny|100/100
|-damage|p2a: Doom Guy|88/100|[from] Spikes
|move|p1a: Infernape|Raging Fury|p2a: Doom Guy
|-damage|p2a: Doom Guy|24/100
|
|upkeep
|turn|6
|
|t:|1776182509
|move|p1a: Infernape|Raging Fury|p2a: Doom Guy|[from] lockedmove
|-damage|p2a: Doom Guy|0 fnt
|faint|p2a: Doom Guy
|-start|p1a: Infernape|confusion|[fatigue]
|
|upkeep
|
|t:|1776182524
|switch|p2a: Zatoichi|Lurantis, F, shiny|100/100
|turn|7
|
|t:|1776182528
|-terastallize|p2a: Zatoichi|Fighting
|-activate|p1a: Infernape|confusion
|-damage|p1a: Infernape|10/100|[from] confusion
|move|p2a: Zatoichi|Superpower|p1a: Infernape
|-damage|p1a: Infernape|0 fnt
|-boost|p2a: Zatoichi|atk|1
|-boost|p2a: Zatoichi|def|1
|faint|p1a: Infernape
|
|upkeep
|
|t:|1776182543
|switch|p1a: Toxtricity|Toxtricity-Low-Key, M, shiny|100/100
|turn|8
|
|t:|1776182555
|move|p1a: Toxtricity|Nuzzle|p2a: Zatoichi
|-damage|p2a: Zatoichi|94/100
|-status|p2a: Zatoichi|par
|cant|p2a: Zatoichi|par
|
|upkeep
|turn|9
|
|t:|1776182573
|move|p1a: Toxtricity|Snarl|p2a: Zatoichi
|-resisted|p2a: Zatoichi
|-damage|p2a: Zatoichi|84/100 par
|-boost|p2a: Zatoichi|spa|1
|cant|p2a: Zatoichi|par
|
|upkeep
|turn|10
|
|t:|1776182580
|move|p1a: Toxtricity|Overdrive|p2a: Zatoichi
|-damage|p2a: Zatoichi|38/100 par
|cant|p2a: Zatoichi|par
|
|upkeep
|turn|11
|
|t:|1776182586
|move|p1a: Toxtricity|Overdrive|p2a: Zatoichi
|-damage|p2a: Zatoichi|0 fnt
|faint|p2a: Zatoichi
|
|upkeep
|
|t:|1776182591
|switch|p2a: Mahoraga|Bastiodon, F, shiny|100/100
|-damage|p2a: Mahoraga|88/100|[from] Spikes
|turn|12
|
|t:|1776182600
|switch|p1a: Great Tusk|Great Tusk, shiny|100/100
|move|p2a: Mahoraga|Iron Defense|p2a: Mahoraga
|-boost|p2a: Mahoraga|def|2
|
|upkeep
|turn|13
|
|t:|1776182609
|move|p1a: Great Tusk|Headlong Rush|p2a: Mahoraga
|-supereffective|p2a: Mahoraga
|-damage|p2a: Mahoraga|0 fnt
|-unboost|p1a: Great Tusk|def|1
|-unboost|p1a: Great Tusk|spd|1
|faint|p2a: Mahoraga
|
|upkeep
|
|t:|1776182613
|switch|p2a: Ayin NGL|Meowscarada, F, shiny|88/100
|-damage|p2a: Ayin NGL|76/100|[from] Spikes
|turn|14
|
|t:|1776182622
|move|p2a: Ayin NGL|Flower Trick|p1a: Great Tusk
|-supereffective|p1a: Great Tusk
|-crit|p1a: Great Tusk
|-damage|p1a: Great Tusk|1/100
|move|p1a: Great Tusk|Knock Off|p2a: Ayin NGL
|-resisted|p2a: Ayin NGL
|-damage|p2a: Ayin NGL|50/100
|-enditem|p2a: Ayin NGL|Muscle Band|[from] move: Knock Off|[of] p1a: Great Tusk
|
|-heal|p1a: Great Tusk|7/100|[from] item: Leftovers
|upkeep
|turn|15
|
|t:|1776182634
|move|p2a: Ayin NGL|Flower Trick|p1a: Great Tusk
|-supereffective|p1a: Great Tusk
|-crit|p1a: Great Tusk
|-damage|p1a: Great Tusk|0 fnt
|faint|p1a: Great Tusk
|-end|p1a: Great Tusk|Protosynthesis|[silent]
|
|upkeep
|
|t:|1776182654
|switch|p1a: Dragapult|Dragapult, F, shiny|7/100
|turn|16
|inactive|Battle timer is ON: inactive players will automatically lose when time's up. (requested by big_chud837396)
|
|t:|1776182680
|move|p1a: Dragapult|Fire Blast|p2a: Ayin NGL
|-supereffective|p2a: Ayin NGL
|-damage|p2a: Ayin NGL|0 fnt
|faint|p2a: Ayin NGL
|-damage|p1a: Dragapult|0 fnt|[from] item: Life Orb
|faint|p1a: Dragapult
|
|upkeep
|
|t:|1776182690
|switch|p1a: Krookodile|Krookodile, M, shiny|100/100
|switch|p2a: Death ringer|Zoroark-Hisui, F|100/100
|-ability|p1a: Krookodile|Intimidate|boost
|-unboost|p2a: Death ringer|atk|1
|turn|17
|
|t:|1776182702
|move|p2a: Death ringer|Nasty Plot|p2a: Death ringer
|-boost|p2a: Death ringer|spa|2
|move|p1a: Krookodile|Crunch|p2a: Death ringer
|-supereffective|p2a: Death ringer
|-damage|p2a: Death ringer|0 fnt
|faint|p2a: Death ringer
|
|win|big_chud837396
|raw|big_chud837396's rating: 1058 &rarr; <strong>1090</strong><br />(+32 for winning)
|raw|Pelogrulla72's rating: 1061 &rarr; <strong>1042</strong><br />(-19 for losing)
|l|☆Pelogrulla72
|player|p2|
