|html|<div class="broadcast-blue"><strong>[Gen 9] OU is currently suspecting Tera Blast! For information on how to participate check out the <a href="https://www.smogon.com/tools/suspects/view/200">suspect thread</a>.</strong></div>
|j|☆blazered9
|j|☆Mandarine061
|t:|1776071758
|gametype|singles
|player|p1|blazered9|170|1251
|player|p2|Mandarine061|265|1327
|gen|9
|tier|[Gen 9] OU
|rated|
|rule|HP Percentage Mod: HP is shown in percentages
|rule|Endless Battle Clause: Forcing endless battles is banned
|rule|Species Clause: Limit one of each Pokémon
|rule|OHKO Clause: OHKO moves are banned
|rule|Evasion Items Clause: Evasion items are banned
|rule|Evasion Moves Clause: Evasion moves are banned
|rule|Evasion Abilities Clause: Evasion abilities are banned
|rule|Sleep Moves Clause: Sleep-inducing moves are banned
|clearpoke
|poke|p1|Garganacl, F|
|poke|p1|Volcanion|
|poke|p1|Grimmsnarl, M|
|poke|p1|Ogerpon-Wellspring, F|
|poke|p1|Toedscruel, F|
|poke|p1|Ditto|
|poke|p2|Kyurem|
|poke|p2|Gliscor, F|
|poke|p2|Slowking-Galar, M|
|poke|p2|Ogerpon-Wellspring, F|
|poke|p2|Iron Valiant|
|poke|p2|Heatran, M|
|teampreview
|
|t:|1776071781
|teamsize|p1|6
|teamsize|p2|6
|start
|switch|p1a: i'm older for this|Grimmsnarl, M, shiny|100/100
|switch|p2a: Slowking|Slowking-Galar, M|100/100
|turn|1
|
|t:|1776071799
|switch|p2a: Ogerpon|Ogerpon-Wellspring, F|100/100
|move|p1a: i'm older for this|Thunder Wave|p2a: Ogerpon|[miss]
|-miss|p1a: i'm older for this|p2a: Ogerpon
|
|upkeep
|turn|2
|
|t:|1776071813
|move|p1a: i'm older for this|Thunder Wave|p2a: Ogerpon
|-status|p2a: Ogerpon|par
|move|p2a: Ogerpon|Encore|p1a: i'm older for this
|-start|p1a: i'm older for this|Encore
|
|upkeep
|turn|3
|
|t:|1776071823
|switch|p1a: Life is cruel|Toedscruel, F, shiny|100/100
|move|p2a: Ogerpon|Horn Leech|p1a: Life is cruel
|-damage|p1a: Life is cruel|53/100
|
|upkeep
|turn|4
|
|t:|1776071837
|move|p2a: Ogerpon|Horn Leech|p1a: Life is cruel
|-damage|p1a: Life is cruel|2/100
|move|p1a: Life is cruel|Leech Seed|p2a: Ogerpon
|-immune|p2a: Ogerpon
|
|upkeep
|turn|5
|
|t:|1776071849
|switch|p1a: Volca-onion|Volcanion|100/100
|cant|p2a: Ogerpon|par
|
|upkeep
|turn|6
|
|t:|1776071868
|switch|p2a: Slowking|Slowking-Galar, M|100/100
|move|p1a: Volca-onion|Fire Spin|p2a: Slowking
|-damage|p2a: Slowking|91/100
|-activate|p2a: Slowking|move: Fire Spin|[of] p1a: Volca-onion
|
|-damage|p2a: Slowking|79/100|[from] move: Fire Spin|[partiallytrapped]
|upkeep
|turn|7
|
|t:|1776071929
|move|p1a: Volca-onion|Earth Power|p2a: Slowking
|-supereffective|p2a: Slowking
|-damage|p2a: Slowking|44/100
|move|p2a: Slowking|Thunder Wave|p1a: Volca-onion
|-status|p1a: Volca-onion|par
|
|-damage|p2a: Slowking|31/100|[from] move: Fire Spin|[partiallytrapped]
|upkeep
|turn|8
|
|t:|1776071939
|move|p1a: Volca-onion|Earth Power|p2a: Slowking
|-supereffective|p2a: Slowking
|-damage|p2a: Slowking|0 fnt
|faint|p2a: Slowking
|
|upkeep
|
|t:|1776071957
|switch|p2a: Kyurem|Kyurem|100/100
|-ability|p2a: Kyurem|Pressure
|turn|9
|
|t:|1776071965
|move|p2a: Kyurem|Earth Power|p1a: Volca-onion
|-supereffective|p1a: Volca-onion
|-damage|p1a: Volca-onion|46/100 par
|move|p1a: Volca-onion|Fire Spin|p2a: Kyurem
|-damage|p2a: Kyurem|85/100
|-activate|p2a: Kyurem|move: Fire Spin|[of] p1a: Volca-onion
|
|-damage|p2a: Kyurem|73/100|[from] move: Fire Spin|[partiallytrapped]
|upkeep
|turn|10
|
|t:|1776071976
|move|p2a: Kyurem|Earth Power|p1a: Volca-onion
|-supereffective|p1a: Volca-onion
|-damage|p1a: Volca-onion|0 fnt
|faint|p1a: Volca-onion
|
|-end|p2a: Kyurem|Fire Spin|[partiallytrapped]|[silent]
|upkeep
|
|t:|1776071984
|switch|p1a: Ogerpunch|Ogerpon-Wellspring, F|100/100
|turn|11
|
|t:|1776071991
|switch|p2a: Ogerpon|Ogerpon-Wellspring, F|100/100 par
|-terastallize|p1a: Ogerpunch|Water
|detailschange|p1a: Ogerpunch|Ogerpon-Wellspring-Tera, F, tera:Water
|-ability|p1a: Ogerpunch|Embody Aspect (Wellspring)|boost
|-boost|p1a: Ogerpunch|spd|1
|move|p1a: Ogerpunch|Swords Dance|p1a: Ogerpunch
|-boost|p1a: Ogerpunch|atk|2
|
|upkeep
|turn|12
|
|t:|1776072007
|move|p1a: Ogerpunch|Horn Leech|p2a: Ogerpon
|-damage|p2a: Ogerpon|0 fnt
|faint|p2a: Ogerpon
|
|upkeep
|
|t:|1776072018
|switch|p2a: Gliscor|Gliscor, F|100/100
|turn|13
|
|t:|1776072024
|-terastallize|p2a: Gliscor|Water
|move|p1a: Ogerpunch|Knock Off|p2a: Gliscor
|-damage|p2a: Gliscor|62/100
|-enditem|p2a: Gliscor|Toxic Orb|[from] move: Knock Off|[of] p1a: Ogerpunch
|move|p2a: Gliscor|Toxic|p1a: Ogerpunch
|-status|p1a: Ogerpunch|tox
|
|-damage|p1a: Ogerpunch|94/100 tox|[from] psn
|upkeep
|turn|14
|-message|Mandarine061 forfeited.
|
|win|blazered9
|raw|blazered9's rating: 1251 &rarr; <strong>1281</strong><br />(+30 for winning)
|raw|Mandarine061's rating: 1327 &rarr; <strong>1303</strong><br />(-24 for losing)
|l|☆Mandarine061
|player|p2|
|l|☆blazered9
|player|p1|
