|html|<div class="broadcast-blue"><strong>[Gen 9] OU is currently suspecting Tera Blast! For information on how to participate check out the <a href="https://www.smogon.com/tools/suspects/view/200">suspect thread</a>.</strong></div>
|j|☆powerhouse308
|j|☆InkyDarkPenguin
|t:|1776193713
|gametype|singles
|player|p1|powerhouse308|roxie|1079
|player|p2|InkyDarkPenguin|allister-masters|1076
|gen|9
|tier|[Gen 9] OU
|rated|
|rule|HP Percentage Mod: HP is shown in percentages
|rule|Endless Battle Clause: Forcing endless battles is banned
|rule|Species Clause: Limit one of each Pokémon
|rule|OHKO Clause: OHKO moves are banned
|rule|Evasion Items Clause: Evasion items are banned
|rule|Evasion Moves Clause: Evasion moves are banned
|rule|Evasion Abilities Clause: Evasion abilities are banned
|rule|Sleep Moves Clause: Sleep-inducing moves are banned
|clearpoke
|poke|p1|Primarina, M|
|poke|p1|Iron Valiant|
|poke|p1|Skeledirge, M|
|poke|p1|Gliscor, M|
|poke|p1|Garchomp, F|
|poke|p1|Gengar, F|
|poke|p2|Corviknight, M|
|poke|p2|Pecharunt|
|poke|p2|Ogerpon-Wellspring, F|
|poke|p2|Iron Valiant|
|poke|p2|Ting-Lu|
|poke|p2|Dragapult, M|
|teampreview
|inactive|Battle timer is ON: inactive players will automatically lose when time's up. (requested by InkyDarkPenguin)
|inactive|powerhouse308 also wants the timer to be on.
|
|t:|1776193723
|teamsize|p1|6
|teamsize|p2|6
|start
|switch|p1a: Gliscor|Gliscor, M|100/100
|switch|p2a: Iron Valiant|Iron Valiant|100/100
|turn|1
|
|t:|1776193729
|-terastallize|p1a: Gliscor|Water
|move|p2a: Iron Valiant|Trick|p1a: Gliscor
|-activate|p2a: Iron Valiant|move: Trick|[of] p1a: Gliscor
|-item|p1a: Gliscor|Choice Specs|[from] move: Trick
|-item|p2a: Iron Valiant|Toxic Orb|[from] move: Trick
|move|p1a: Gliscor|Toxic|p2a: Iron Valiant
|-status|p2a: Iron Valiant|tox
|
|-damage|p2a: Iron Valiant|94/100 tox|[from] psn
|upkeep
|turn|2
|
|t:|1776193745
|switch|p1a: Gengar|Gengar, F|100/100
|move|p2a: Iron Valiant|Trick|p1a: Gengar
|-activate|p2a: Iron Valiant|move: Trick|[of] p1a: Gengar
|-item|p1a: Gengar|Toxic Orb|[from] move: Trick
|-item|p2a: Iron Valiant|Focus Sash|[from] move: Trick
|
|-damage|p2a: Iron Valiant|82/100 tox|[from] psn
|upkeep
|turn|3
|
|t:|1776193752
|-end|p2a: Iron Valiant|Quark Drive|[silent]
|switch|p2a: Ting-Lu|Ting-Lu|100/100
|-ability|p2a: Ting-Lu|Vessel of Ruin
|move|p1a: Gengar|Nasty Plot|p1a: Gengar
|-boost|p1a: Gengar|spa|2
|
|upkeep
|turn|4
|
|t:|1776193762
|move|p1a: Gengar|Nasty Plot|p1a: Gengar
|-boost|p1a: Gengar|spa|2
|move|p2a: Ting-Lu|Earthquake|p1a: Gengar
|-supereffective|p1a: Gengar
|-damage|p1a: Gengar|0 fnt
|-start|p2a: Ting-Lu|Disable|Earthquake|[from] ability: Cursed Body|[of] p1a: Gengar
|faint|p1a: Gengar
|
|upkeep
|
|t:|1776193783
|switch|p1a: Garchomp|Garchomp, F|100/100
|turn|5
|
|t:|1776193787
|switch|p2a: Corviknight|Corviknight, M, shiny|100/100
|-ability|p2a: Corviknight|Pressure
|move|p1a: Garchomp|Scale Shot|p2a: Corviknight
|-resisted|p2a: Corviknight
|-damage|p2a: Corviknight|97/100
|-resisted|p2a: Corviknight
|-damage|p2a: Corviknight|93/100
|-resisted|p2a: Corviknight
|-damage|p2a: Corviknight|89/100
|-resisted|p2a: Corviknight
|-damage|p2a: Corviknight|85/100
|-resisted|p2a: Corviknight
|-damage|p2a: Corviknight|81/100
|-hitcount|p2a: Corviknight|5
|-unboost|p1a: Garchomp|def|1
|-boost|p1a: Garchomp|spe|1
|
|upkeep
|turn|6
|
|t:|1776193793
|move|p1a: Garchomp|Swords Dance|p1a: Garchomp
|-boost|p1a: Garchomp|atk|2
|move|p2a: Corviknight|Roost|p2a: Corviknight
|-heal|p2a: Corviknight|100/100
|-singleturn|p2a: Corviknight|move: Roost
|
|upkeep
|turn|7
|
|t:|1776193797
|move|p1a: Garchomp|Swords Dance|p1a: Garchomp
|-boost|p1a: Garchomp|atk|2
|move|p2a: Corviknight|Body Press|p1a: Garchomp
|-damage|p1a: Garchomp|59/100
|-damage|p2a: Corviknight|88/100|[from] ability: Rough Skin|[of] p1a: Garchomp
|
|upkeep
|turn|8
|
|t:|1776193801
|move|p1a: Garchomp|Fire Fang|p2a: Corviknight
|-supereffective|p2a: Corviknight
|-damage|p2a: Corviknight|0 fnt
|faint|p2a: Corviknight
|
|upkeep
|
|t:|1776193804
|switch|p2a: Pecharunt|Pecharunt|100/100
|turn|9
|
|t:|1776193812
|-terastallize|p2a: Pecharunt|Dark
|move|p1a: Garchomp|Earthquake|p2a: Pecharunt
|-damage|p2a: Pecharunt|34/100
|move|p2a: Pecharunt|Foul Play|p1a: Garchomp
|-damage|p1a: Garchomp|0 fnt
|-damage|p2a: Pecharunt|22/100|[from] ability: Rough Skin|[of] p1a: Garchomp
|faint|p1a: Garchomp
|
|upkeep
|
|t:|1776193818
|switch|p1a: Gliscor|Gliscor, M, tera:Water|100/100
|turn|10
|
|t:|1776193821
|move|p1a: Gliscor|Toxic|p2a: Pecharunt|[miss]
|-miss|p1a: Gliscor|p2a: Pecharunt
|move|p2a: Pecharunt|Recover|p2a: Pecharunt
|-heal|p2a: Pecharunt|72/100
|
|upkeep
|turn|11
|
|t:|1776193825
|switch|p2a: Iron Valiant|Iron Valiant|82/100 tox
|move|p1a: Gliscor|Toxic|p2a: Iron Valiant
|-fail|p2a: Iron Valiant|tox
|
|-damage|p2a: Iron Valiant|76/100 tox|[from] psn
|upkeep
|turn|12
|
|t:|1776193832
|switch|p1a: Iron Valiant|Iron Valiant, shiny|100/100
|-enditem|p1a: Iron Valiant|Booster Energy
|-activate|p1a: Iron Valiant|ability: Quark Drive|[fromitem]
|-start|p1a: Iron Valiant|quarkdrivespe
|move|p2a: Iron Valiant|Trick|p1a: Iron Valiant
|-activate|p2a: Iron Valiant|move: Trick|[of] p1a: Iron Valiant
|-item|p1a: Iron Valiant|Focus Sash|[from] move: Trick
|-enditem|p2a: Iron Valiant|Focus Sash|[silent]|[from] move: Trick
|
|-damage|p2a: Iron Valiant|63/100 tox|[from] psn
|upkeep
|turn|13
|
|t:|1776193838
|move|p1a: Iron Valiant|Poison Jab|p2a: Iron Valiant
|-supereffective|p2a: Iron Valiant
|-damage|p2a: Iron Valiant|0 fnt
|faint|p2a: Iron Valiant
|-end|p2a: Iron Valiant|Quark Drive|[silent]
|
|upkeep
|
|t:|1776193843
|switch|p2a: Ting-Lu|Ting-Lu|100/100
|-ability|p2a: Ting-Lu|Vessel of Ruin
|turn|14
|
|t:|1776193849
|move|p1a: Iron Valiant|Brick Break|p2a: Ting-Lu
|-supereffective|p2a: Ting-Lu
|-damage|p2a: Ting-Lu|54/100
|move|p2a: Ting-Lu|Whirlwind|p1a: Iron Valiant
|-end|p1a: Iron Valiant|Quark Drive|[silent]
|drag|p1a: Skeledirge|Skeledirge, M|100/100
|
|-heal|p2a: Ting-Lu|60/100|[from] item: Leftovers
|upkeep
|turn|15
|
|t:|1776193856
|move|p1a: Skeledirge|Fire Blast|p2a: Ting-Lu|[miss]
|-miss|p1a: Skeledirge|p2a: Ting-Lu
|move|p2a: Ting-Lu|Stealth Rock|p1a: Skeledirge
|-sidestart|p1: powerhouse308|move: Stealth Rock
|
|-heal|p2a: Ting-Lu|66/100|[from] item: Leftovers
|upkeep
|turn|16
|j| The Educated Fool
|
|t:|1776193860
|move|p1a: Skeledirge|Shadow Ball|p2a: Ting-Lu
|-resisted|p2a: Ting-Lu
|-damage|p2a: Ting-Lu|58/100
|move|p2a: Ting-Lu|Earthquake|p1a: Skeledirge
|-supereffective|p1a: Skeledirge
|-damage|p1a: Skeledirge|36/100
|
|-heal|p2a: Ting-Lu|64/100|[from] item: Leftovers
|upkeep
|turn|17
|
|t:|1776193864
|move|p1a: Skeledirge|Fire Blast|p2a: Ting-Lu
|-damage|p2a: Ting-Lu|39/100
|move|p2a: Ting-Lu|Earthquake|p1a: Skeledirge
|-supereffective|p1a: Skeledirge
|-damage|p1a: Skeledirge|0 fnt
|faint|p1a: Skeledirge
|
|-heal|p2a: Ting-Lu|45/100|[from] item: Leftovers
|upkeep
|
|t:|1776193869
|switch|p1a: Gliscor|Gliscor, M, tera:Water|100/100
|-damage|p1a: Gliscor|88/100|[from] Stealth Rock
|turn|18
|
|t:|1776193877
|switch|p2a: Dragapult|Dragapult, M|100/100
|move|p1a: Gliscor|Spikes|p2a: Dragapult
|-sidestart|p2: InkyDarkPenguin|Spikes
|
|upkeep
|turn|19
|
|t:|1776193880
|move|p2a: Dragapult|Will-O-Wisp|p1a: Gliscor
|-status|p1a: Gliscor|brn
|move|p1a: Gliscor|Spikes|p2a: Dragapult
|-sidestart|p2: InkyDarkPenguin|Spikes
|
|-damage|p1a: Gliscor|82/100 brn|[from] brn
|upkeep
|turn|20
|
|t:|1776193884
|move|p2a: Dragapult|Will-O-Wisp|p1a: Gliscor|[miss]
|-miss|p2a: Dragapult|p1a: Gliscor
|move|p1a: Gliscor|Spikes|p2a: Dragapult
|-sidestart|p2: InkyDarkPenguin|Spikes
|
|-damage|p1a: Gliscor|76/100 brn|[from] brn
|upkeep
|turn|21
|
|t:|1776193890
|switch|p1a: Iron Valiant|Iron Valiant, shiny|100/100
|-damage|p1a: Iron Valiant|94/100|[from] Stealth Rock
|move|p2a: Dragapult|Will-O-Wisp|p1a: Iron Valiant
|-status|p1a: Iron Valiant|brn
|
|-damage|p1a: Iron Valiant|88/100 brn|[from] brn
|upkeep
|turn|22
|c| The Educated Fool|Rare footage of Inky using hazards (It's not an OM)
|
|t:|1776193900
|move|p1a: Iron Valiant|Shadow Sneak|p2a: Dragapult
|-supereffective|p2a: Dragapult
|-damage|p2a: Dragapult|83/100
|move|p2a: Dragapult|U-turn|p1a: Iron Valiant
|-resisted|p1a: Iron Valiant
|-damage|p1a: Iron Valiant|82/100 brn
|
|t:|1776193904
|switch|p2a: Pecharunt|Pecharunt, tera:Dark|72/100|[from] U-turn
|
|-damage|p1a: Iron Valiant|76/100 brn|[from] brn
|upkeep
|turn|23
|c|☆InkyDarkPenguin|yeah
|c|☆powerhouse308|yeah I have no idea how to play ts :/
|
|t:|1776193926
|move|p1a: Iron Valiant|Knock Off|p2a: Pecharunt
|-resisted|p2a: Pecharunt
|-damage|p2a: Pecharunt|68/100
|-enditem|p2a: Pecharunt|Heavy-Duty Boots|[from] move: Knock Off|[of] p1a: Iron Valiant
|move|p2a: Pecharunt|Malignant Chain|p1a: Iron Valiant
|-supereffective|p1a: Iron Valiant
|-damage|p1a: Iron Valiant|0 fnt
|faint|p1a: Iron Valiant
|-end|p1a: Iron Valiant|Quark Drive|[silent]
|
|upkeep
|
|t:|1776193929
|switch|p1a: Primarina|Primarina, M|100/100
|-damage|p1a: Primarina|88/100|[from] Stealth Rock
|turn|24
|c|☆InkyDarkPenguin|im getting burnt out by oms so i figured why not try out ou
|c|☆InkyDarkPenguin|since sv is lasting for another year
|inactive|powerhouse308 has 120 seconds left.
|c|☆powerhouse308|ou is the only one I know so I just stuck with with
|c|☆powerhouse308|it*
|c|☆powerhouse308|what's the difference?
|
|t:|1776193965
|move|p2a: Pecharunt|Malignant Chain|p1a: Primarina
|-supereffective|p1a: Primarina
|-damage|p1a: Primarina|33/100
|-status|p1a: Primarina|tox
|-start|p1a: Primarina|confusion|[from] ability: Poison Puppeteer|[of] p2a: Pecharunt
|-activate|p1a: Primarina|confusion
|move|p1a: Primarina|Moonblast|p2a: Pecharunt
|-supereffective|p2a: Pecharunt
|-damage|p2a: Pecharunt|0 fnt
|faint|p2a: Pecharunt
|
|-heal|p1a: Primarina|39/100 tox|[from] item: Leftovers
|-damage|p1a: Primarina|33/100 tox|[from] psn
|upkeep
|
|t:|1776193976
|switch|p2a: Ogerpon|Ogerpon-Wellspring, F|100/100
|-damage|p2a: Ogerpon|76/100|[from] Spikes
|turn|25
|inactive|powerhouse308 has 120 seconds left.
|
|t:|1776193983
|move|p2a: Ogerpon|Horn Leech|p1a: Primarina
|-supereffective|p1a: Primarina
|-damage|p1a: Primarina|0 fnt
|-heal|p2a: Ogerpon|96/100|[from] drain|[of] p1a: Primarina
|faint|p1a: Primarina
|
|upkeep
|
|t:|1776193986
|switch|p1a: Gliscor|Gliscor, M, tera:Water|76/100 brn
|-damage|p1a: Gliscor|63/100 brn|[from] Stealth Rock
|turn|26
|c|☆InkyDarkPenguin|oms have special rules that dont exist in regular pokemon
|
|t:|1776193990
|move|p2a: Ogerpon|Horn Leech|p1a: Gliscor
|-supereffective|p1a: Gliscor
|-damage|p1a: Gliscor|9/100 brn
|-heal|p2a: Ogerpon|100/100|[from] drain|[of] p1a: Gliscor
|move|p1a: Gliscor|Toxic|p2a: Ogerpon|[miss]
|-miss|p1a: Gliscor|p2a: Ogerpon
|
|-damage|p1a: Gliscor|3/100 brn|[from] brn
|upkeep
|turn|27
|c|☆powerhouse308|oh
|
|t:|1776194000
|move|p2a: Ogerpon|Horn Leech|p1a: Gliscor
|-supereffective|p1a: Gliscor
|-damage|p1a: Gliscor|0 fnt
|faint|p1a: Gliscor
|
|win|InkyDarkPenguin
|raw|powerhouse308's rating: 1079 &rarr; <strong>1057</strong><br />(-22 for losing)
|raw|InkyDarkPenguin's rating: 1076 &rarr; <strong>1105</strong><br />(+29 for winning)
|c|☆InkyDarkPenguin|gg
|c|☆powerhouse308|gg
|l|☆InkyDarkPenguin
|player|p2|
|l|☆powerhouse308
|player|p1|
