|html|<div class="broadcast-blue"><strong>[Gen 9] OU is currently suspecting Tera Blast! For information on how to participate check out the <a href="https://www.smogon.com/tools/suspects/view/200">suspect thread</a>.</strong></div>
|j|☆NoIdeas4Names
|j|☆Golf2021
|t:|1776121450
|gametype|singles
|player|p1|NoIdeas4Names|266|1268
|player|p2|Golf2021|ghetsis|1249
|gen|9
|tier|[Gen 9] OU
|rated|
|rule|HP Percentage Mod: HP is shown in percentages
|rule|Endless Battle Clause: Forcing endless battles is banned
|rule|Species Clause: Limit one of each Pokémon
|rule|OHKO Clause: OHKO moves are banned
|rule|Evasion Items Clause: Evasion items are banned
|rule|Evasion Moves Clause: Evasion moves are banned
|rule|Evasion Abilities Clause: Evasion abilities are banned
|rule|Sleep Moves Clause: Sleep-inducing moves are banned
|clearpoke
|poke|p1|Ursaluna, M|
|poke|p1|Rillaboom, M|
|poke|p1|Hawlucha, M|
|poke|p1|Zamazenta-*|
|poke|p1|Hatterene, F|
|poke|p1|Gholdengo|
|poke|p2|Raging Bolt|
|poke|p2|Zamazenta-*|
|poke|p2|Iron Treads|
|poke|p2|Overqwil, M|
|poke|p2|Greninja-*, M|
|poke|p2|Pelipper, M|
|teampreview
|inactive|Battle timer is ON: inactive players will automatically lose when time's up. (requested by Golf2021)
|
|t:|1776121471
|teamsize|p1|6
|teamsize|p2|6
|start
|switch|p1a: Gholdengo|Gholdengo|100/100
|switch|p2a: Messenger|Pelipper, M, shiny|100/100
|-item|p1a: Gholdengo|Air Balloon
|-weather|RainDance|[from] ability: Drizzle|[of] p2a: Messenger
|turn|1
|
|t:|1776121477
|move|p1a: Gholdengo|Nasty Plot|p1a: Gholdengo
|-boost|p1a: Gholdengo|spa|2
|move|p2a: Messenger|Knock Off|p1a: Gholdengo
|-supereffective|p1a: Gholdengo
|-damage|p1a: Gholdengo|74/100
|-enditem|p1a: Gholdengo|Air Balloon
|
|-weather|RainDance|[upkeep]
|upkeep
|turn|2
|
|t:|1776121492
|move|p1a: Gholdengo|Shadow Ball|p2a: Messenger
|-damage|p2a: Messenger|0 fnt
|faint|p2a: Messenger
|
|-weather|RainDance|[upkeep]
|upkeep
|
|t:|1776121495
|switch|p2a: Predator|Overqwil, M, shiny|100/100
|turn|3
|
|t:|1776121502
|-terastallize|p1a: Gholdengo|Fairy
|move|p2a: Predator|Crunch|p1a: Gholdengo
|-resisted|p1a: Gholdengo
|-damage|p1a: Gholdengo|45/100
|-unboost|p1a: Gholdengo|def|1
|-damage|p2a: Predator|91/100|[from] item: Life Orb
|move|p1a: Gholdengo|Make It Rain|p2a: Predator
|-damage|p2a: Predator|0 fnt
|-unboost|p1a: Gholdengo|spa|1
|faint|p2a: Predator
|
|-weather|RainDance|[upkeep]
|upkeep
|
|t:|1776121510
|switch|p2a: Xeren|Greninja, M|100/100
|turn|4
|
|t:|1776121518
|switch|p1a: Hatterene|Hatterene, F|100/100
|move|p2a: Xeren|Surf|p1a: Hatterene
|-damage|p1a: Hatterene|11/100
|-damage|p2a: Xeren|91/100|[from] item: Life Orb
|
|-weather|RainDance|[upkeep]
|upkeep
|turn|5
|
|t:|1776121525
|move|p2a: Xeren|Dark Pulse|p1a: Hatterene
|-damage|p1a: Hatterene|0 fnt
|faint|p1a: Hatterene
|-ability|p2a: Xeren|Battle Bond|boost
|-boost|p2a: Xeren|atk|1
|-boost|p2a: Xeren|spa|1
|-boost|p2a: Xeren|spe|1
|-activate|p2a: Xeren|ability: Battle Bond
|-damage|p2a: Xeren|81/100|[from] item: Life Orb
|
|-weather|RainDance|[upkeep]
|upkeep
|
|t:|1776121527
|switch|p1a: Rillaboom|Rillaboom, M|100/100
|-fieldstart|move: Grassy Terrain|[from] ability: Grassy Surge|[of] p1a: Rillaboom
|turn|6
|
|t:|1776121532
|switch|p2a: Trojan|Zamazenta, shiny|100/100
|-ability|p2a: Trojan|Dauntless Shield|boost
|-boost|p2a: Trojan|def|1
|move|p1a: Rillaboom|Grassy Glide|p2a: Trojan
|-crit|p2a: Trojan
|-damage|p2a: Trojan|35/100
|
|-weather|RainDance|[upkeep]
|-heal|p2a: Trojan|41/100|[from] Grassy Terrain
|upkeep
|turn|7
|
|t:|1776121546
|switch|p1a: Gholdengo|Gholdengo, tera:Fairy|45/100
|move|p2a: Trojan|Reflect|p2a: Trojan
|-sidestart|p2: Golf2021|Reflect
|
|-weather|RainDance|[upkeep]
|-heal|p2a: Trojan|47/100|[from] Grassy Terrain
|-heal|p1a: Gholdengo|51/100|[from] Grassy Terrain
|upkeep
|turn|8
|
|t:|1776121555
|move|p2a: Trojan|Heavy Slam|p1a: Gholdengo
|-supereffective|p1a: Gholdengo
|-damage|p1a: Gholdengo|0 fnt
|faint|p1a: Gholdengo
|
|-weather|none
|-heal|p2a: Trojan|53/100|[from] Grassy Terrain
|upkeep
|
|t:|1776121562
|switch|p1a: Hawlucha|Hawlucha, M|100/100
|-enditem|p1a: Hawlucha|Grassy Seed
|-boost|p1a: Hawlucha|def|1|[from] item: Grassy Seed
|turn|9
|
|t:|1776121566
|move|p1a: Hawlucha|Swords Dance|p1a: Hawlucha
|-boost|p1a: Hawlucha|atk|2
|move|p2a: Trojan|Body Press|p1a: Hawlucha
|-resisted|p1a: Hawlucha
|-damage|p1a: Hawlucha|76/100
|
|-heal|p2a: Trojan|59/100|[from] Grassy Terrain
|upkeep
|turn|10
|
|t:|1776121571
|move|p1a: Hawlucha|Acrobatics|p2a: Trojan
|-supereffective|p2a: Trojan
|-damage|p2a: Trojan|11/100
|move|p2a: Trojan|Body Press|p1a: Hawlucha
|-resisted|p1a: Hawlucha
|-damage|p1a: Hawlucha|48/100
|
|-heal|p2a: Trojan|17/100|[from] Grassy Terrain
|-fieldend|move: Grassy Terrain
|upkeep
|turn|11
|
|t:|1776121576
|move|p1a: Hawlucha|Acrobatics|p2a: Trojan
|-supereffective|p2a: Trojan
|-damage|p2a: Trojan|0 fnt
|faint|p2a: Trojan
|
|upkeep
|
|t:|1776121577
|switch|p2a: Xeren|Greninja, M|81/100
|turn|12
|
|t:|1776121580
|move|p2a: Xeren|Water Shuriken|p1a: Hawlucha
|-damage|p1a: Hawlucha|34/100
|-damage|p1a: Hawlucha|19/100
|-hitcount|p1a: Hawlucha|2
|-damage|p2a: Xeren|71/100|[from] item: Life Orb
|move|p1a: Hawlucha|Close Combat|p2a: Xeren
|-supereffective|p2a: Xeren
|-damage|p2a: Xeren|0 fnt
|-unboost|p1a: Hawlucha|def|1
|-unboost|p1a: Hawlucha|spd|1
|faint|p2a: Xeren
|
|upkeep
|
|t:|1776121588
|switch|p2a: Byakko|Raging Bolt|100/100
|-enditem|p2a: Byakko|Booster Energy
|-activate|p2a: Byakko|ability: Protosynthesis|[fromitem]
|-start|p2a: Byakko|protosynthesisspa
|turn|13
|
|t:|1776121594
|move|p2a: Byakko|Thunderclap||[still]
|-fail|p2a: Byakko
|move|p1a: Hawlucha|Encore|p2a: Byakko
|-start|p2a: Byakko|Encore
|
|upkeep
|turn|14
|
|t:|1776121600
|switch|p1a: Ursaluna|Ursaluna, M|100/100
|move|p2a: Byakko|Thunderclap||[still]
|-fail|p2a: Byakko
|
|-sideend|p2: Golf2021|Reflect
|-status|p1a: Ursaluna|brn|[from] item: Flame Orb
|upkeep
|turn|15
|-message|Golf2021 forfeited.
|
|win|NoIdeas4Names
|raw|NoIdeas4Names's rating: 1268 &rarr; <strong>1292</strong><br />(+24 for winning)
|raw|Golf2021's rating: 1249 &rarr; <strong>1225</strong><br />(-24 for losing)
|l|☆Golf2021
|player|p2|
