|html|<div class="broadcast-blue"><strong>[Gen 9] OU is currently suspecting Volcarona! For information on how to participate check out the <a href="https://www.smogon.com/tools/suspects/view/208">suspect thread</a>.</strong></div>
|j|☆hardlymia
|j|☆y5LwZLgHFacne6wf
|t:|1778514019
|gametype|singles
|player|p1|hardlymia|gardenia|1000
|player|p2|y5LwZLgHFacne6wf|170|1000
|gen|9
|tier|[Gen 9] OU
|rated|
|rule|HP Percentage Mod: HP is shown in percentages
|rule|Endless Battle Clause: Forcing endless battles is banned
|rule|Species Clause: Limit one of each Pokémon
|rule|OHKO Clause: OHKO moves are banned
|rule|Evasion Items Clause: Evasion items are banned
|rule|Evasion Moves Clause: Evasion moves are banned
|rule|Evasion Abilities Clause: Evasion abilities are banned
|rule|Sleep Moves Clause: Sleep-inducing moves are banned
|clearpoke
|poke|p1|Decidueye, M|
|poke|p1|Mienshao, M|
|poke|p1|Dachsbun, F|
|poke|p1|Primarina, M|
|poke|p1|Delphox, M|
|poke|p1|Corviknight, F|
|poke|p2|Ribombee, F|
|poke|p2|Lokix, F|
|poke|p2|Great Tusk|
|poke|p2|Raging Bolt|
|poke|p2|Gholdengo|
|poke|p2|Volcarona, F|
|teampreview
|inactive|Battle timer is ON: inactive players will automatically lose when time's up. (requested by y5LwZLgHFacne6wf)
|
|t:|1778514024
|teamsize|p1|6
|teamsize|p2|6
|start
|switch|p1a: Primarina|Primarina, M|100/100
|switch|p2a: Ribombee|Ribombee, F|100/100
|turn|1
|
|t:|1778514033
|move|p2a: Ribombee|Sticky Web|p1a: Primarina
|-sidestart|p1: hardlymia|move: Sticky Web
|move|p1a: Primarina|Hyper Voice|p2a: Ribombee
|-damage|p2a: Ribombee|58/100
|
|upkeep
|turn|2
|
|t:|1778514039
|move|p1a: Primarina|Aqua Jet|p2a: Ribombee
|-damage|p2a: Ribombee|25/100
|move|p2a: Ribombee|Stun Spore|p1a: Primarina|[miss]
|-miss|p2a: Ribombee|p1a: Primarina
|
|upkeep
|turn|3
|
|t:|1778514045
|move|p1a: Primarina|Aqua Jet|p2a: Ribombee
|-damage|p2a: Ribombee|0 fnt
|faint|p2a: Ribombee
|
|upkeep
|
|t:|1778514049
|switch|p2a: Raging Bolt|Raging Bolt|100/100
|-enditem|p2a: Raging Bolt|Booster Energy
|-activate|p2a: Raging Bolt|ability: Protosynthesis|[fromitem]
|-start|p2a: Raging Bolt|protosynthesisspa
|turn|4
|
|t:|1778514055
|move|p2a: Raging Bolt|Thunderbolt|p1a: Primarina
|-supereffective|p1a: Primarina
|-damage|p1a: Primarina|0 fnt
|faint|p1a: Primarina
|
|upkeep
|
|t:|1778514060
|switch|p1a: Dachsbun|Dachsbun, F|100/100
|-activate|p1a: Dachsbun|move: Sticky Web
|-unboost|p1a: Dachsbun|spe|1
|turn|5
|
|t:|1778514066
|move|p2a: Raging Bolt|Calm Mind|p2a: Raging Bolt
|-boost|p2a: Raging Bolt|spa|1
|-boost|p2a: Raging Bolt|spd|1
|move|p1a: Dachsbun|Play Rough|p2a: Raging Bolt
|-supereffective|p2a: Raging Bolt
|-damage|p2a: Raging Bolt|39/100
|
|upkeep
|turn|6
|
|t:|1778514074
|move|p2a: Raging Bolt|Thunderbolt|p1a: Dachsbun
|-damage|p1a: Dachsbun|0 fnt
|faint|p1a: Dachsbun
|
|upkeep
|
|t:|1778514079
|switch|p1a: Delphox|Delphox, M|100/100
|-activate|p1a: Delphox|move: Sticky Web
|-unboost|p1a: Delphox|spe|1
|turn|7
|
|t:|1778514083
|move|p2a: Raging Bolt|Thunderbolt|p1a: Delphox
|-damage|p1a: Delphox|0 fnt
|faint|p1a: Delphox
|
|upkeep
|
|t:|1778514088
|switch|p1a: Corviknight|Corviknight, F|100/100
|turn|8
|
|t:|1778514092
|move|p2a: Raging Bolt|Thunderbolt|p1a: Corviknight
|-supereffective|p1a: Corviknight
|-damage|p1a: Corviknight|0 fnt
|faint|p1a: Corviknight
|
|upkeep
|
|t:|1778514098
|switch|p1a: Mienshao|Mienshao, M|100/100
|-activate|p1a: Mienshao|move: Sticky Web
|-unboost|p1a: Mienshao|spe|1
|turn|9
|
|t:|1778514104
|move|p2a: Raging Bolt|Thunderbolt|p1a: Mienshao
|-damage|p1a: Mienshao|0 fnt
|faint|p1a: Mienshao
|
|upkeep
|
|t:|1778514109
|switch|p1a: Decidueye|Decidueye, M|100/100
|-activate|p1a: Decidueye|move: Sticky Web
|-unboost|p1a: Decidueye|spe|1
|turn|10
|
|t:|1778514117
|move|p2a: Raging Bolt|Dragon Pulse|p1a: Decidueye
|-enditem|p1a: Decidueye|Focus Sash
|-damage|p1a: Decidueye|1/100
|move|p1a: Decidueye|Grass Knot|p2a: Raging Bolt
|-resisted|p2a: Raging Bolt
|-damage|p2a: Raging Bolt|21/100
|
|upkeep
|turn|11
|
|t:|1778514124
|move|p2a: Raging Bolt|Dragon Pulse|p1a: Decidueye
|-damage|p1a: Decidueye|0 fnt
|faint|p1a: Decidueye
|
|win|y5LwZLgHFacne6wf
|raw|hardlymia's rating: 1000 &rarr; <strong>1000</strong><br />(+0 for losing)
|raw|y5LwZLgHFacne6wf's rating: 1000 &rarr; <strong>1040</strong><br />(+40 for winning)
