|html|<div class="broadcast-blue"><strong>[Gen 9] OU is currently suspecting Volcarona! For information on how to participate check out the <a href="https://www.smogon.com/tools/suspects/view/208">suspect thread</a>.</strong></div>
|j|☆Volga123
|j|☆Shuu0908
|t:|1778507351
|gametype|singles
|player|p1|Volga123|cynthia|1364
|player|p2|Shuu0908|n|1415
|gen|9
|tier|[Gen 9] OU
|rated|
|rule|HP Percentage Mod: HP is shown in percentages
|rule|Endless Battle Clause: Forcing endless battles is banned
|rule|Species Clause: Limit one of each Pokémon
|rule|OHKO Clause: OHKO moves are banned
|rule|Evasion Items Clause: Evasion items are banned
|rule|Evasion Moves Clause: Evasion moves are banned
|rule|Evasion Abilities Clause: Evasion abilities are banned
|rule|Sleep Moves Clause: Sleep-inducing moves are banned
|clearpoke
|poke|p1|Brambleghast, F|
|poke|p1|Cloyster, M|
|poke|p1|Clodsire, M|
|poke|p1|Salazzle, F|
|poke|p1|Slither Wing|
|poke|p1|Moltres-Galar|
|poke|p2|Kingambit, F|
|poke|p2|Cinderace, F|
|poke|p2|Landorus-Therian, M|
|poke|p2|Iron Valiant|
|poke|p2|Kyurem|
|poke|p2|Slowking-Galar, M|
|teampreview
|inactive|Battle timer is ON: inactive players will automatically lose when time's up. (requested by Shuu0908)
|inactive|Volga123 has 120 seconds left.
|
|t:|1778507411
|teamsize|p1|6
|teamsize|p2|6
|start
|switch|p1a: Cloyster|Cloyster, M|100/100
|switch|p2a: Landorus|Landorus-Therian, M, shiny|100/100
|-ability|p2a: Landorus|Intimidate|boost
|-unboost|p1a: Cloyster|atk|1
|turn|1
|
|t:|1778507417
|move|p2a: Landorus|Rock Tomb|p1a: Cloyster|[miss]
|-miss|p2a: Landorus|p1a: Cloyster
|move|p1a: Cloyster|Icicle Spear|p2a: Landorus
|-supereffective|p2a: Landorus
|-damage|p2a: Landorus|56/100
|-supereffective|p2a: Landorus
|-damage|p2a: Landorus|11/100
|-supereffective|p2a: Landorus
|-damage|p2a: Landorus|0 fnt
|faint|p2a: Landorus
|-hitcount|p2: Landorus|3
|
|upkeep
|
|t:|1778507426
|switch|p2a: Cinderace|Cinderace, F, shiny|100/100
|turn|2
|
|t:|1778507448
|switch|p1a: Clodsire|Clodsire, M|100/100
|move|p2a: Cinderace|Will-O-Wisp|p1a: Clodsire
|-status|p1a: Clodsire|brn
|
|-damage|p1a: Clodsire|94/100 brn|[from] brn
|upkeep
|turn|3
|
|t:|1778507454
|move|p2a: Cinderace|U-turn|p1a: Clodsire
|-resisted|p1a: Clodsire
|-damage|p1a: Clodsire|84/100 brn
|
|t:|1778507456
|switch|p2a: Slowking|Slowking-Galar, M, shiny|100/100|[from] U-turn
|move|p1a: Clodsire|Earthquake|p2a: Slowking
|-supereffective|p2a: Slowking
|-damage|p2a: Slowking|68/100
|
|-heal|p1a: Clodsire|90/100 brn|[from] item: Black Sludge
|-damage|p1a: Clodsire|84/100 brn|[from] brn
|upkeep
|turn|4
|
|t:|1778507460
|move|p1a: Clodsire|Stealth Rock|p2a: Slowking
|-sidestart|p2: Shuu0908|move: Stealth Rock
|-prepare|p2a: Slowking|Chilly Reception|[premajor]
|move|p2a: Slowking|Chilly Reception|p2a: Slowking
|-weather|Snowscape
|
|t:|1778507464
|switch|p2a: Kyurem|Kyurem, shiny|100/100|[from] Chilly Reception
|-damage|p2a: Kyurem|76/100|[from] Stealth Rock
|-ability|p2a: Kyurem|Pressure
|
|-weather|Snowscape|[upkeep]
|-heal|p2a: Kyurem|82/100|[from] item: Leftovers
|-heal|p1a: Clodsire|90/100 brn|[from] item: Black Sludge
|-damage|p1a: Clodsire|84/100 brn|[from] brn
|upkeep
|turn|5
|inactive|Volga123 has 120 seconds left.
|
|t:|1778507498
|switch|p1a: Salazzle|Salazzle, F|100/100
|move|p2a: Kyurem|Substitute|p2a: Kyurem
|-start|p2a: Kyurem|Substitute
|-damage|p2a: Kyurem|57/100
|
|-weather|Snowscape|[upkeep]
|-heal|p2a: Kyurem|63/100|[from] item: Leftovers
|upkeep
|turn|6
|
|t:|1778507502
|move|p1a: Salazzle|Sludge Wave|p2a: Kyurem
|-end|p2a: Kyurem|Substitute
|move|p2a: Kyurem|Earth Power|p1a: Salazzle
|-supereffective|p1a: Salazzle
|-damage|p1a: Salazzle|0 fnt
|faint|p1a: Salazzle
|
|-weather|Snowscape|[upkeep]
|-heal|p2a: Kyurem|69/100|[from] item: Leftovers
|upkeep
|
|t:|1778507508
|switch|p1a: Slither Wing|Slither Wing|100/100
|turn|7
|
|t:|1778507515
|move|p2a: Kyurem|Protect|p2a: Kyurem
|-singleturn|p2a: Kyurem|Protect
|move|p1a: Slither Wing|U-turn|p2a: Kyurem
|-activate|p2a: Kyurem|move: Protect
|
|-weather|Snowscape|[upkeep]
|-heal|p2a: Kyurem|75/100|[from] item: Leftovers
|upkeep
|turn|8
|
|t:|1778507523
|move|p2a: Kyurem|Substitute|p2a: Kyurem
|-start|p2a: Kyurem|Substitute
|-damage|p2a: Kyurem|50/100
|move|p1a: Slither Wing|U-turn|p2a: Kyurem
|-end|p2a: Kyurem|Substitute
|
|t:|1778507530
|-end|p1a: Slither Wing|Protosynthesis|[silent]
|switch|p1a: Cloyster|Cloyster, M|100/100|[from] U-turn
|
|-weather|none
|-heal|p2a: Kyurem|57/100|[from] item: Leftovers
|upkeep
|turn|9
|
|t:|1778507535
|move|p2a: Kyurem|Freeze-Dry|p1a: Cloyster
|-damage|p1a: Cloyster|5/100
|move|p1a: Cloyster|Rock Blast|p2a: Kyurem
|-supereffective|p2a: Kyurem
|-damage|p2a: Kyurem|37/100
|-supereffective|p2a: Kyurem
|-damage|p2a: Kyurem|16/100
|-supereffective|p2a: Kyurem
|-damage|p2a: Kyurem|0 fnt
|faint|p2a: Kyurem
|-hitcount|p2: Kyurem|3
|
|upkeep
|
|t:|1778507541
|switch|p2a: Cinderace|Cinderace, F, shiny|100/100
|turn|10
|
|t:|1778507546
|move|p2a: Cinderace|Pyro Ball|p1a: Cloyster
|-damage|p1a: Cloyster|0 fnt
|faint|p1a: Cloyster
|
|upkeep
|
|t:|1778507554
|switch|p1a: Clodsire|Clodsire, M|84/100 brn
|turn|11
|
|t:|1778507557
|move|p2a: Cinderace|Court Change|p2a: Cinderace
|-swapsideconditions
|-activate|p2a: Cinderace|move: Court Change
|move|p1a: Clodsire|Earthquake|p2a: Cinderace
|-supereffective|p2a: Cinderace
|-damage|p2a: Cinderace|68/100
|
|-heal|p1a: Clodsire|90/100 brn|[from] item: Black Sludge
|-damage|p1a: Clodsire|84/100 brn|[from] brn
|upkeep
|turn|12
|
|t:|1778507562
|move|p2a: Cinderace|U-turn|p1a: Clodsire
|-resisted|p1a: Clodsire
|-damage|p1a: Clodsire|74/100 brn
|
|t:|1778507564
|switch|p2a: Slowking|Slowking-Galar, M, shiny|100/100|[from] U-turn
|move|p1a: Clodsire|Stealth Rock|p2a: Slowking
|-sidestart|p2: Shuu0908|move: Stealth Rock
|
|-heal|p1a: Clodsire|80/100 brn|[from] item: Black Sludge
|-damage|p1a: Clodsire|74/100 brn|[from] brn
|upkeep
|turn|13
|
|t:|1778507573
|move|p1a: Clodsire|Earthquake|p2a: Slowking
|-supereffective|p2a: Slowking
|-damage|p2a: Slowking|68/100
|-prepare|p2a: Slowking|Chilly Reception|[premajor]
|move|p2a: Slowking|Chilly Reception|p2a: Slowking
|-weather|Snowscape
|
|t:|1778507577
|switch|p2a: Cinderace|Cinderace, F, shiny|68/100|[from] Chilly Reception
|
|-weather|Snowscape|[upkeep]
|-heal|p1a: Clodsire|80/100 brn|[from] item: Black Sludge
|-damage|p1a: Clodsire|74/100 brn|[from] brn
|upkeep
|turn|14
|
|t:|1778507589
|move|p2a: Cinderace|U-turn|p1a: Clodsire
|-resisted|p1a: Clodsire
|-damage|p1a: Clodsire|63/100 brn
|
|t:|1778507592
|switch|p2a: Slowking|Slowking-Galar, M, shiny|100/100|[from] U-turn
|move|p1a: Clodsire|Earthquake|p2a: Slowking
|-supereffective|p2a: Slowking
|-damage|p2a: Slowking|67/100
|
|-weather|Snowscape|[upkeep]
|-heal|p1a: Clodsire|70/100 brn|[from] item: Black Sludge
|-damage|p1a: Clodsire|63/100 brn|[from] brn
|upkeep
|turn|15
|
|t:|1778507600
|move|p1a: Clodsire|Recover|p1a: Clodsire
|-heal|p1a: Clodsire|100/100 brn
|move|p2a: Slowking|Psychic Noise|p1a: Clodsire
|-supereffective|p1a: Clodsire
|-damage|p1a: Clodsire|71/100 brn
|-start|p1a: Clodsire|move: Heal Block
|
|-weather|Snowscape|[upkeep]
|-damage|p1a: Clodsire|65/100 brn|[from] brn
|upkeep
|turn|16
|
|t:|1778507607
|switch|p1a: Moltres|Moltres-Galar|100/100
|-damage|p1a: Moltres|76/100|[from] Stealth Rock
|move|p2a: Slowking|Psychic Noise|p1a: Moltres
|-immune|p1a: Moltres
|
|-weather|Snowscape|[upkeep]
|upkeep
|turn|17
|
|t:|1778507616
|move|p1a: Moltres|Fiery Wrath|p2a: Slowking
|-supereffective|p2a: Slowking
|-damage|p2a: Slowking|20/100
|cant|p2a: Slowking|flinch
|
|-weather|none
|upkeep
|turn|18
|
|t:|1778507625
|switch|p2a: Cinderace|Cinderace, F, shiny|68/100
|move|p1a: Moltres|U-turn|p2a: Cinderace
|-resisted|p2a: Cinderace
|-damage|p2a: Cinderace|61/100
|
|t:|1778507629
|switch|p1a: Slither Wing|Slither Wing|100/100|[from] U-turn
|-damage|p1a: Slither Wing|88/100|[from] Stealth Rock
|
|upkeep
|turn|19
|
|t:|1778507632
|move|p1a: Slither Wing|First Impression|p2a: Cinderace
|-resisted|p2a: Cinderace
|-damage|p2a: Cinderace|11/100
|move|p2a: Cinderace|Will-O-Wisp|p1a: Slither Wing
|-status|p1a: Slither Wing|brn
|
|-damage|p1a: Slither Wing|82/100 brn|[from] brn
|upkeep
|turn|20
|-message|Volga123 forfeited.
|
|win|Shuu0908
|raw|Volga123's rating: 1364 &rarr; <strong>1347</strong><br />(-17 for losing)
|raw|Shuu0908's rating: 1415 &rarr; <strong>1432</strong><br />(+17 for winning)
|l|☆Volga123
|player|p1|
|l|☆Shuu0908
|player|p2|
