|html|<div class="broadcast-blue"><strong>[Gen 9] OU is currently suspecting Tera Blast! For information on how to participate check out the <a href="https://www.smogon.com/tools/suspects/view/200">suspect thread</a>.</strong></div>
|j|☆Tamong1234
|j|☆SeniorByron
|t:|1776170327
|gametype|singles
|player|p1|Tamong1234|acetrainerf-gen4dp|1109
|player|p2|SeniorByron|266|1060
|gen|9
|tier|[Gen 9] OU
|rated|
|rule|HP Percentage Mod: HP is shown in percentages
|rule|Endless Battle Clause: Forcing endless battles is banned
|rule|Species Clause: Limit one of each Pokémon
|rule|OHKO Clause: OHKO moves are banned
|rule|Evasion Items Clause: Evasion items are banned
|rule|Evasion Moves Clause: Evasion moves are banned
|rule|Evasion Abilities Clause: Evasion abilities are banned
|rule|Sleep Moves Clause: Sleep-inducing moves are banned
|clearpoke
|poke|p1|Dragonite, F|
|poke|p1|Gliscor, M|
|poke|p1|Ogerpon-Wellspring, F|
|poke|p1|Lokix, F|
|poke|p1|Dragapult, F|
|poke|p1|Rotom-Wash|
|poke|p2|Mew|
|poke|p2|Thundurus-Therian, M|
|poke|p2|Garganacl, M|
|teampreview
|inactive|Battle timer is ON: inactive players will automatically lose when time's up. (requested by Tamong1234)
|
|t:|1776170334
|teamsize|p1|6
|teamsize|p2|3
|start
|switch|p1a: Rotom|Rotom-Wash, shiny|100/100
|switch|p2a: Mew|Mew, shiny|100/100
|turn|1
|
|t:|1776170342
|move|p2a: Mew|Toxic Spikes|p1a: Rotom
|-sidestart|p1: Tamong1234|move: Toxic Spikes
|move|p1a: Rotom|Trick|p2a: Mew
|-activate|p1a: Rotom|move: Trick|[of] p2a: Mew
|-item|p2a: Mew|Choice Scarf|[from] move: Trick
|-item|p1a: Rotom|Life Orb|[from] move: Trick
|
|upkeep
|turn|2
|
|t:|1776170350
|move|p2a: Mew|Transform|p1a: Rotom
|-transform|p2a: Mew|p1a: Rotom
|move|p1a: Rotom|Thunderbolt|p2a: Mew
|-damage|p2a: Mew|62/100
|-damage|p1a: Rotom|91/100|[from] item: Life Orb
|
|upkeep
|turn|3
|
|t:|1776170366
|move|p2a: Mew|Volt Switch|p1a: Rotom
|-damage|p1a: Rotom|59/100
|
|t:|1776170369
|switch|p2a: Garganacl|Garganacl, M|100/100|[from] Volt Switch
|move|p1a: Rotom|Thunderbolt|p2a: Garganacl
|-damage|p2a: Garganacl|77/100
|-damage|p1a: Rotom|49/100|[from] item: Life Orb
|
|upkeep
|turn|4
|
|t:|1776170381
|-terastallize|p2a: Garganacl|Ghost
|move|p1a: Rotom|Hydro Pump|p2a: Garganacl
|-damage|p2a: Garganacl|51/100
|-damage|p1a: Rotom|39/100|[from] item: Life Orb
|move|p2a: Garganacl|Salt Cure|p1a: Rotom
|-damage|p1a: Rotom|25/100
|-start|p1a: Rotom|Salt Cure
|
|-damage|p1a: Rotom|0 fnt|[from] Salt Cure
|faint|p1a: Rotom
|upkeep
|
|t:|1776170394
|switch|p1a: Dragapult|Dragapult, F|100/100
|-status|p1a: Dragapult|psn
|turn|5
|
|t:|1776170403
|move|p1a: Dragapult|Sucker Punch|p2a: Garganacl
|-supereffective|p2a: Garganacl
|-damage|p2a: Garganacl|3/100
|move|p2a: Garganacl|Salt Cure|p1a: Dragapult
|-damage|p1a: Dragapult|80/100 psn
|-start|p1a: Dragapult|Salt Cure
|
|-damage|p1a: Dragapult|68/100 psn|[from] psn
|-damage|p1a: Dragapult|56/100 psn|[from] Salt Cure
|upkeep
|turn|6
|
|t:|1776170414
|switch|p2a: Mew|Mew, shiny|62/100
|move|p1a: Dragapult|Sucker Punch||[still]
|-fail|p1a: Dragapult
|
|-damage|p1a: Dragapult|43/100 psn|[from] psn
|-damage|p1a: Dragapult|31/100 psn|[from] Salt Cure
|upkeep
|turn|7
|
|t:|1776170423
|move|p1a: Dragapult|Sucker Punch|p2a: Mew
|-supereffective|p2a: Mew
|-damage|p2a: Mew|6/100
|move|p2a: Mew|Hex|p1a: Dragapult
|-supereffective|p1a: Dragapult
|-damage|p1a: Dragapult|0 fnt
|faint|p1a: Dragapult
|
|upkeep
|
|t:|1776170432
|switch|p1a: Lokix|Lokix, F|100/100
|-status|p1a: Lokix|psn
|turn|8
|
|t:|1776170441
|switch|p2a: Garganacl|Garganacl, M, tera:Ghost|3/100
|move|p1a: Lokix|First Impression|p2a: Garganacl
|-resisted|p2a: Garganacl
|-damage|p2a: Garganacl|0 fnt
|faint|p2a: Garganacl
|-damage|p1a: Lokix|91/100 psn|[from] item: Life Orb
|
|-damage|p1a: Lokix|78/100 psn|[from] psn
|upkeep
|
|t:|1776170446
|switch|p2a: Mew|Mew, shiny|6/100
|turn|9
|
|t:|1776170457
|move|p2a: Mew|Hex|p1a: Lokix
|-resisted|p1a: Lokix
|-damage|p1a: Lokix|47/100 psn
|move|p1a: Lokix|Axe Kick|p2a: Mew
|-resisted|p2a: Mew
|-damage|p2a: Mew|0 fnt
|faint|p2a: Mew
|-damage|p1a: Lokix|38/100 psn|[from] item: Life Orb
|
|-damage|p1a: Lokix|25/100 psn|[from] psn
|upkeep
|
|t:|1776170464
|switch|p2a: Thundurus|Thundurus-Therian, M|100/100
|turn|10
|
|t:|1776170475
|move|p2a: Thundurus|Nasty Plot|p2a: Thundurus
|-boost|p2a: Thundurus|spa|2
|move|p1a: Lokix|Taunt|p2a: Thundurus
|-start|p2a: Thundurus|move: Taunt
|
|-damage|p1a: Lokix|13/100 psn|[from] psn
|upkeep
|turn|11
|
|t:|1776170485
|move|p2a: Thundurus|Discharge|p1a: Lokix
|-damage|p1a: Lokix|0 fnt
|faint|p1a: Lokix
|-damage|p2a: Thundurus|91/100|[from] item: Life Orb
|
|upkeep
|
|t:|1776170497
|switch|p1a: Gliscor|Gliscor, M|100/100
|turn|12
|
|t:|1776170505
|move|p2a: Thundurus|Tera Blast|p1a: Gliscor
|-damage|p1a: Gliscor|8/100
|-damage|p2a: Thundurus|81/100|[from] item: Life Orb
|move|p1a: Gliscor|Toxic|p2a: Thundurus
|-status|p2a: Thundurus|tox
|
|-damage|p2a: Thundurus|75/100 tox|[from] psn
|-status|p1a: Gliscor|tox|[from] item: Toxic Orb
|upkeep
|turn|13
|
|t:|1776170516
|move|p1a: Gliscor|Protect|p1a: Gliscor
|-singleturn|p1a: Gliscor|Protect
|move|p2a: Thundurus|Sludge Wave|p1a: Gliscor
|-activate|p1a: Gliscor|move: Protect
|
|-damage|p2a: Thundurus|63/100 tox|[from] psn
|-heal|p1a: Gliscor|20/100 tox|[from] ability: Poison Heal
|-end|p2a: Thundurus|move: Taunt
|upkeep
|turn|14
|
|t:|1776170540
|move|p2a: Thundurus|Sludge Wave|p1a: Gliscor
|-resisted|p1a: Gliscor
|-damage|p1a: Gliscor|0 fnt
|faint|p1a: Gliscor
|-damage|p2a: Thundurus|53/100 tox|[from] item: Life Orb
|
|-damage|p2a: Thundurus|35/100 tox|[from] psn
|upkeep
|
|t:|1776170548
|switch|p1a: Ogerpon|Ogerpon-Wellspring, F|100/100
|-status|p1a: Ogerpon|psn
|turn|15
|
|t:|1776170553
|move|p2a: Thundurus|Sludge Wave|p1a: Ogerpon
|-supereffective|p1a: Ogerpon
|-damage|p1a: Ogerpon|0 fnt
|faint|p1a: Ogerpon
|-damage|p2a: Thundurus|26/100 tox|[from] item: Life Orb
|
|-damage|p2a: Thundurus|2/100 tox|[from] psn
|upkeep
|
|t:|1776170562
|switch|p1a: Dragonite|Dragonite, F|100/100
|turn|16
|
|t:|1776170568
|move|p2a: Thundurus|Discharge|p1a: Dragonite
|-damage|p1a: Dragonite|53/100
|-damage|p2a: Thundurus|0 fnt|[from] item: Life Orb
|faint|p2a: Thundurus
|
|win|Tamong1234
|raw|Tamong1234's rating: 1109 &rarr; <strong>1130</strong><br />(+21 for winning)
|raw|SeniorByron's rating: 1060 &rarr; <strong>1044</strong><br />(-16 for losing)
