|html|<div class="broadcast-blue"><strong>[Gen 9] OU is currently suspecting Tera Blast! For information on how to participate check out the <a href="https://www.smogon.com/tools/suspects/view/200">suspect thread</a>.</strong></div>
|j|‽cfghgvjbhkjnl
|j|☆V1p3r-ch4rm
|t:|1776209338
|gametype|singles
|player|p1|cfghgvjbhkjnl|1|1243
|player|p2|V1p3r-ch4rm|lass-gen4dp|1192
|gen|9
|tier|[Gen 9] OU
|rated|
|rule|HP Percentage Mod: HP is shown in percentages
|rule|Endless Battle Clause: Forcing endless battles is banned
|rule|Species Clause: Limit one of each Pokémon
|rule|OHKO Clause: OHKO moves are banned
|rule|Evasion Items Clause: Evasion items are banned
|rule|Evasion Moves Clause: Evasion moves are banned
|rule|Evasion Abilities Clause: Evasion abilities are banned
|rule|Sleep Moves Clause: Sleep-inducing moves are banned
|clearpoke
|poke|p1|Samurott-Hisui, F|
|poke|p1|Dragapult, F|
|poke|p1|Gholdengo|
|poke|p1|Great Tusk|
|poke|p1|Iron Valiant|
|poke|p1|Zamazenta-*|
|poke|p2|Iron Crown|
|poke|p2|Great Tusk|
|poke|p2|Lokix, F|
|poke|p2|Ogerpon-Wellspring, F|
|poke|p2|Raging Bolt|
|poke|p2|Chansey, F|
|teampreview
|inactive|Battle timer is ON: inactive players will automatically lose when time's up. (requested by cfghgvjbhkjnl)
|
|t:|1776209356
|teamsize|p1|6
|teamsize|p2|6
|start
|switch|p1a: Samurott|Samurott-Hisui, F|100/100
|switch|p2a: Satono Crown|Iron Crown|100/100
|turn|1
|
|t:|1776209362
|move|p2a: Satono Crown|Volt Switch|p1a: Samurott
|-supereffective|p1a: Samurott
|-damage|p1a: Samurott|54/100
|
|t:|1776209366
|-end|p2a: Satono Crown|Quark Drive|[silent]
|switch|p2a: Sirius Symbolli|Ogerpon-Wellspring, F|100/100|[from] Volt Switch
|move|p1a: Samurott|Ceaseless Edge|p2a: Sirius Symbolli|[miss]
|-miss|p1a: Samurott|p2a: Sirius Symbolli
|
|upkeep
|turn|2
|
|t:|1776209373
|switch|p1a: Dragapult|Dragapult, F|100/100
|move|p2a: Sirius Symbolli|Horn Leech|p1a: Dragapult
|-resisted|p1a: Dragapult
|-damage|p1a: Dragapult|72/100
|
|upkeep
|turn|3
|
|t:|1776209380
|move|p1a: Dragapult|Draco Meteor|p2a: Sirius Symbolli|[miss]
|-miss|p1a: Dragapult|p2a: Sirius Symbolli
|move|p2a: Sirius Symbolli|Play Rough|p1a: Dragapult
|-supereffective|p1a: Dragapult
|-damage|p1a: Dragapult|0 fnt
|faint|p1a: Dragapult
|
|upkeep
|
|t:|1776209388
|switch|p1a: Gholdengo|Gholdengo|100/100
|-item|p1a: Gholdengo|Air Balloon
|turn|4
|
|t:|1776209392
|move|p2a: Sirius Symbolli|Taunt|p1a: Gholdengo
|-immune|p1a: Gholdengo|[from] ability: Good as Gold
|move|p1a: Gholdengo|Thunder Wave|p2a: Sirius Symbolli|[miss]
|-miss|p1a: Gholdengo|p2a: Sirius Symbolli
|
|upkeep
|turn|5
|
|t:|1776209399
|switch|p2a: Mejiro Ryan|Raging Bolt|100/100
|move|p1a: Gholdengo|Thunder Wave|p2a: Mejiro Ryan
|-immune|p2a: Mejiro Ryan
|
|upkeep
|turn|6
|
|t:|1776209407
|switch|p1a: Iron Valiant|Iron Valiant|100/100
|-enditem|p1a: Iron Valiant|Booster Energy
|-activate|p1a: Iron Valiant|ability: Quark Drive|[fromitem]
|-start|p1a: Iron Valiant|quarkdrivespe
|move|p2a: Mejiro Ryan|Calm Mind|p2a: Mejiro Ryan
|-boost|p2a: Mejiro Ryan|spa|1
|-boost|p2a: Mejiro Ryan|spd|1
|
|upkeep
|turn|7
|
|t:|1776209416
|-terastallize|p2a: Mejiro Ryan|Fairy
|move|p2a: Mejiro Ryan|Thunderclap||[still]
|-fail|p2a: Mejiro Ryan
|move|p1a: Iron Valiant|Encore|p2a: Mejiro Ryan
|-start|p2a: Mejiro Ryan|Encore
|
|upkeep
|turn|8
|
|t:|1776209422
|move|p2a: Mejiro Ryan|Thunderclap||[still]
|-fail|p2a: Mejiro Ryan
|move|p1a: Iron Valiant|Calm Mind|p1a: Iron Valiant
|-boost|p1a: Iron Valiant|spa|1
|-boost|p1a: Iron Valiant|spd|1
|
|upkeep
|turn|9
|
|t:|1776209429
|-end|p2a: Mejiro Ryan|Protosynthesis|[silent]
|switch|p2a: Special Week|Chansey, F, shiny|100/100
|move|p1a: Iron Valiant|Calm Mind|p1a: Iron Valiant
|-boost|p1a: Iron Valiant|spa|1
|-boost|p1a: Iron Valiant|spd|1
|
|upkeep
|turn|10
|
|t:|1776209434
|-end|p1a: Iron Valiant|Quark Drive|[silent]
|switch|p1a: Samurott|Samurott-Hisui, F|54/100
|move|p2a: Special Week|Thunder Wave|p1a: Samurott
|-status|p1a: Samurott|par
|
|upkeep
|turn|11
|
|t:|1776209442
|switch|p2a: Admire Vega|Great Tusk|100/100
|move|p1a: Samurott|Ceaseless Edge|p2a: Admire Vega
|-resisted|p2a: Admire Vega
|-damage|p2a: Admire Vega|84/100
|-sidestart|p2: V1p3r-ch4rm|Spikes
|
|upkeep
|turn|12
|
|t:|1776209449
|switch|p1a: Iron Valiant|Iron Valiant|100/100
|move|p2a: Admire Vega|Rapid Spin|p1a: Iron Valiant
|-damage|p1a: Iron Valiant|76/100
|-boost|p2a: Admire Vega|spe|1
|-sideend|p2: V1p3r-ch4rm|Spikes|[from] move: Rapid Spin|[of] p2a: Admire Vega
|
|upkeep
|turn|13
|
|t:|1776209457
|move|p2a: Admire Vega|Headlong Rush|p1a: Iron Valiant
|-damage|p1a: Iron Valiant|0 fnt
|-unboost|p2a: Admire Vega|def|1
|-unboost|p2a: Admire Vega|spd|1
|faint|p1a: Iron Valiant
|-end|p1a: Iron Valiant|Quark Drive|[silent]
|
|upkeep
|
|t:|1776209460
|switch|p1a: Zamazenta|Zamazenta|100/100
|-ability|p1a: Zamazenta|Dauntless Shield|boost
|-boost|p1a: Zamazenta|def|1
|turn|14
|
|t:|1776209467
|move|p2a: Admire Vega|Stealth Rock|p1a: Zamazenta
|-sidestart|p1: cfghgvjbhkjnl|move: Stealth Rock
|move|p1a: Zamazenta|Body Press|p2a: Admire Vega
|-damage|p2a: Admire Vega|29/100
|
|upkeep
|turn|15
|
|t:|1776209476
|-end|p2a: Admire Vega|Protosynthesis|[silent]
|switch|p2a: Mejiro Ryan|Raging Bolt, tera:Fairy|100/100
|move|p1a: Zamazenta|Body Press|p2a: Mejiro Ryan
|-resisted|p2a: Mejiro Ryan
|-damage|p2a: Mejiro Ryan|79/100
|
|-heal|p2a: Mejiro Ryan|86/100|[from] item: Leftovers
|upkeep
|turn|16
|
|t:|1776209486
|switch|p1a: Gholdengo|Gholdengo|100/100
|-damage|p1a: Gholdengo|94/100|[from] Stealth Rock
|-item|p1a: Gholdengo|Air Balloon
|move|p2a: Mejiro Ryan|Thunderclap||[still]
|-fail|p2a: Mejiro Ryan
|
|-heal|p2a: Mejiro Ryan|92/100|[from] item: Leftovers
|upkeep
|turn|17
|
|t:|1776209497
|-end|p2a: Mejiro Ryan|Protosynthesis|[silent]
|switch|p2a: Air Groove|Lokix, F, shiny|100/100
|move|p1a: Gholdengo|Make It Rain|p2a: Air Groove
|-damage|p2a: Air Groove|0 fnt
|-unboost|p1a: Gholdengo|spa|1
|faint|p2a: Air Groove
|
|upkeep
|
|t:|1776209506
|switch|p2a: Sirius Symbolli|Ogerpon-Wellspring, F|100/100
|turn|18
|
|t:|1776209509
|move|p2a: Sirius Symbolli|Ivy Cudgel|p1a: Gholdengo|[anim] Ivy Cudgel Water
|-damage|p1a: Gholdengo|52/100
|-enditem|p1a: Gholdengo|Air Balloon
|move|p1a: Gholdengo|Thunder Wave|p2a: Sirius Symbolli|[miss]
|-miss|p1a: Gholdengo|p2a: Sirius Symbolli
|
|upkeep
|turn|19
|
|t:|1776209517
|switch|p2a: Admire Vega|Great Tusk|29/100
|move|p1a: Gholdengo|Thunder Wave|p2a: Admire Vega
|-immune|p2a: Admire Vega
|
|upkeep
|turn|20
|
|t:|1776209525
|switch|p1a: Great Tusk|Great Tusk|100/100
|-damage|p1a: Great Tusk|98/100|[from] Stealth Rock
|move|p2a: Admire Vega|Headlong Rush|p1a: Great Tusk
|-crit|p1a: Great Tusk
|-damage|p1a: Great Tusk|33/100
|-unboost|p2a: Admire Vega|def|1
|-unboost|p2a: Admire Vega|spd|1
|-damage|p2a: Admire Vega|13/100|[from] item: Rocky Helmet|[of] p1a: Great Tusk
|
|upkeep
|turn|21
|
|t:|1776209535
|move|p1a: Great Tusk|Stealth Rock|p2a: Admire Vega
|-sidestart|p2: V1p3r-ch4rm|move: Stealth Rock
|move|p2a: Admire Vega|Ice Spinner|p1a: Great Tusk
|-supereffective|p1a: Great Tusk
|-damage|p1a: Great Tusk|0 fnt
|-damage|p2a: Admire Vega|0 fnt|[from] item: Rocky Helmet|[of] p1a: Great Tusk
|faint|p1a: Great Tusk
|-end|p1a: Great Tusk|Protosynthesis|[silent]
|faint|p2a: Admire Vega
|-end|p2a: Admire Vega|Protosynthesis|[silent]
|
|upkeep
|
|t:|1776209547
|switch|p1a: Samurott|Samurott-Hisui, F|54/100 par
|switch|p2a: Satono Crown|Iron Crown|100/100
|-damage|p2a: Satono Crown|94/100|[from] Stealth Rock
|-damage|p1a: Samurott|42/100 par|[from] Stealth Rock
|turn|22
|
|t:|1776209558
|cant|p1a: Samurott|par
|move|p2a: Satono Crown|Volt Switch|p1a: Samurott
|-supereffective|p1a: Samurott
|-damage|p1a: Samurott|0 fnt
|faint|p1a: Samurott
|
|t:|1776209568
|-end|p2a: Satono Crown|Quark Drive|[silent]
|switch|p2a: Mejiro Ryan|Raging Bolt, tera:Fairy|92/100|[from] Volt Switch
|-damage|p2a: Mejiro Ryan|79/100|[from] Stealth Rock
|
|-heal|p2a: Mejiro Ryan|86/100|[from] item: Leftovers
|upkeep
|
|t:|1776209571
|switch|p1a: Gholdengo|Gholdengo|52/100
|-damage|p1a: Gholdengo|46/100|[from] Stealth Rock
|turn|23
|
|t:|1776209578
|-end|p2a: Mejiro Ryan|Protosynthesis|[silent]
|switch|p2a: Special Week|Chansey, F, shiny|100/100
|-damage|p2a: Special Week|88/100|[from] Stealth Rock
|move|p1a: Gholdengo|Thunder Wave|p2a: Special Week
|-status|p2a: Special Week|par
|
|upkeep
|turn|24
|
|t:|1776209585
|move|p1a: Gholdengo|Recover|p1a: Gholdengo
|-heal|p1a: Gholdengo|96/100
|move|p2a: Special Week|Seismic Toss|p1a: Gholdengo
|-immune|p1a: Gholdengo
|
|upkeep
|turn|25
|
|t:|1776209594
|switch|p1a: Zamazenta|Zamazenta|100/100
|-damage|p1a: Zamazenta|94/100|[from] Stealth Rock
|-curestatus|p2a: Special Week|par|[from] ability: Natural Cure
|switch|p2a: Sirius Symbolli|Ogerpon-Wellspring, F|100/100
|-damage|p2a: Sirius Symbolli|88/100|[from] Stealth Rock
|
|-heal|p1a: Zamazenta|100/100|[from] item: Leftovers
|upkeep
|turn|26
|
|t:|1776209605
|move|p1a: Zamazenta|Iron Defense|p1a: Zamazenta
|-boost|p1a: Zamazenta|def|2
|move|p2a: Sirius Symbolli|Taunt|p1a: Zamazenta
|-start|p1a: Zamazenta|move: Taunt
|
|upkeep
|turn|27
|
|t:|1776209610
|switch|p2a: Satono Crown|Iron Crown|94/100
|-damage|p2a: Satono Crown|88/100|[from] Stealth Rock
|move|p1a: Zamazenta|Body Press|p2a: Satono Crown
|-damage|p2a: Satono Crown|14/100
|
|upkeep
|turn|28
|
|t:|1776209618
|move|p1a: Zamazenta|Body Press|p2a: Satono Crown
|-damage|p2a: Satono Crown|0 fnt
|faint|p2a: Satono Crown
|-end|p2a: Satono Crown|Quark Drive|[silent]
|
|upkeep
|
|t:|1776209623
|switch|p2a: Mejiro Ryan|Raging Bolt, tera:Fairy|86/100
|-damage|p2a: Mejiro Ryan|73/100|[from] Stealth Rock
|turn|29
|
|t:|1776209633
|switch|p1a: Gholdengo|Gholdengo|96/100
|-damage|p1a: Gholdengo|90/100|[from] Stealth Rock
|move|p2a: Mejiro Ryan|Thunderbolt|p1a: Gholdengo
|-damage|p1a: Gholdengo|37/100
|
|-heal|p2a: Mejiro Ryan|79/100|[from] item: Leftovers
|upkeep
|turn|30
|
|t:|1776209643
|-end|p2a: Mejiro Ryan|Protosynthesis|[silent]
|switch|p2a: Special Week|Chansey, F, shiny|88/100
|-damage|p2a: Special Week|76/100|[from] Stealth Rock
|move|p1a: Gholdengo|Thunder Wave|p2a: Special Week
|-status|p2a: Special Week|par
|
|upkeep
|turn|31
|
|t:|1776209652
|-curestatus|p2a: Special Week|par|[from] ability: Natural Cure
|switch|p2a: Mejiro Ryan|Raging Bolt, tera:Fairy|79/100
|-damage|p2a: Mejiro Ryan|67/100|[from] Stealth Rock
|move|p1a: Gholdengo|Recover|p1a: Gholdengo
|-heal|p1a: Gholdengo|87/100
|
|-heal|p2a: Mejiro Ryan|73/100|[from] item: Leftovers
|upkeep
|turn|32
|
|t:|1776209660
|move|p1a: Gholdengo|Thunder Wave|p2a: Mejiro Ryan
|-status|p2a: Mejiro Ryan|par
|move|p2a: Mejiro Ryan|Thunderbolt|p1a: Gholdengo
|-damage|p1a: Gholdengo|32/100
|
|-heal|p2a: Mejiro Ryan|79/100 par|[from] item: Leftovers
|upkeep
|turn|33
|
|t:|1776209667
|move|p1a: Gholdengo|Recover|p1a: Gholdengo
|-heal|p1a: Gholdengo|82/100
|move|p2a: Mejiro Ryan|Thunderbolt|p1a: Gholdengo
|-damage|p1a: Gholdengo|32/100
|-status|p1a: Gholdengo|par
|
|-heal|p2a: Mejiro Ryan|86/100 par|[from] item: Leftovers
|upkeep
|turn|34
|
|t:|1776209675
|move|p1a: Gholdengo|Make It Rain|p2a: Mejiro Ryan
|-supereffective|p2a: Mejiro Ryan
|-damage|p2a: Mejiro Ryan|6/100 par
|-unboost|p1a: Gholdengo|spa|1
|move|p2a: Mejiro Ryan|Thunderbolt|p1a: Gholdengo
|-damage|p1a: Gholdengo|0 fnt
|faint|p1a: Gholdengo
|
|-heal|p2a: Mejiro Ryan|12/100 par|[from] item: Leftovers
|upkeep
|
|t:|1776209679
|switch|p1a: Zamazenta|Zamazenta|100/100
|-damage|p1a: Zamazenta|94/100|[from] Stealth Rock
|turn|35
|
|t:|1776209688
|move|p2a: Mejiro Ryan|Thunderclap|p1a: Zamazenta
|-damage|p1a: Zamazenta|63/100
|move|p1a: Zamazenta|Body Press|p2a: Mejiro Ryan
|-resisted|p2a: Mejiro Ryan
|-damage|p2a: Mejiro Ryan|0 fnt
|faint|p2a: Mejiro Ryan
|-end|p2a: Mejiro Ryan|Protosynthesis|[silent]
|
|-heal|p1a: Zamazenta|70/100|[from] item: Leftovers
|upkeep
|
|t:|1776209696
|switch|p2a: Sirius Symbolli|Ogerpon-Wellspring, F|88/100
|-damage|p2a: Sirius Symbolli|76/100|[from] Stealth Rock
|turn|36
|
|t:|1776209700
|move|p1a: Zamazenta|Iron Defense|p1a: Zamazenta
|-boost|p1a: Zamazenta|def|2
|move|p2a: Sirius Symbolli|Horn Leech|p1a: Zamazenta
|-damage|p1a: Zamazenta|52/100
|-heal|p2a: Sirius Symbolli|87/100|[from] drain|[of] p1a: Zamazenta
|
|-heal|p1a: Zamazenta|58/100|[from] item: Leftovers
|upkeep
|turn|37
|
|t:|1776209707
|move|p1a: Zamazenta|Body Press|p2a: Sirius Symbolli
|-damage|p2a: Sirius Symbolli|0 fnt
|faint|p2a: Sirius Symbolli
|
|-heal|p1a: Zamazenta|65/100|[from] item: Leftovers
|upkeep
|j| i got dat swagger
|-message|V1p3r-ch4rm forfeited.
|
|win|cfghgvjbhkjnl
|raw|cfghgvjbhkjnl's rating: 1243 &rarr; <strong>1264</strong><br />(+21 for winning)
|raw|V1p3r-ch4rm's rating: 1192 &rarr; <strong>1171</strong><br />(-21 for losing)
|l|☆V1p3r-ch4rm
|player|p2|
