|html|<div class="broadcast-blue"><strong>[Gen 9] OU is currently suspecting Tera Blast! For information on how to participate check out the <a href="https://www.smogon.com/tools/suspects/view/200">suspect thread</a>.</strong></div>
|j|☆Epochlucky
|j|‽teamrocketty
|t:|1776065077
|gametype|singles
|player|p1|Epochlucky|unknown|1159
|player|p2|teamrocketty|170|1114
|gen|9
|tier|[Gen 9] OU
|rated|
|rule|HP Percentage Mod: HP is shown in percentages
|rule|Endless Battle Clause: Forcing endless battles is banned
|rule|Species Clause: Limit one of each Pokémon
|rule|OHKO Clause: OHKO moves are banned
|rule|Evasion Items Clause: Evasion items are banned
|rule|Evasion Moves Clause: Evasion moves are banned
|rule|Evasion Abilities Clause: Evasion abilities are banned
|rule|Sleep Moves Clause: Sleep-inducing moves are banned
|clearpoke
|poke|p1|Hydrapple, M|
|poke|p1|Tyranitar, F|
|poke|p1|Moltres|
|poke|p1|Zamazenta-*|
|poke|p1|Slowking-Galar, F|
|poke|p1|Excadrill, F|
|poke|p2|Feraligatr, M|
|poke|p2|Skeledirge, M|
|poke|p2|Krookodile, M|
|poke|p2|Garchomp, M|
|poke|p2|Iron Moth|
|poke|p2|Magnezone|
|teampreview
|
|t:|1776065132
|teamsize|p1|6
|teamsize|p2|6
|start
|switch|p1a: Tyranitar|Tyranitar, F|100/100
|switch|p2a: Garchomp|Garchomp, M|100/100
|-weather|Sandstorm|[from] ability: Sand Stream|[of] p1a: Tyranitar
|turn|1
|
|t:|1776065142
|move|p2a: Garchomp|Stealth Rock|p1a: Tyranitar
|-sidestart|p1: Epochlucky|move: Stealth Rock
|move|p1a: Tyranitar|Ice Beam|p2a: Garchomp
|-supereffective|p2a: Garchomp
|-damage|p2a: Garchomp|20/100
|
|-weather|Sandstorm|[upkeep]
|upkeep
|turn|2
|
|t:|1776065154
|move|p2a: Garchomp|Earthquake|p1a: Tyranitar
|-supereffective|p1a: Tyranitar
|-damage|p1a: Tyranitar|32/100
|move|p1a: Tyranitar|Stealth Rock|p2a: Garchomp
|-sidestart|p2: teamrocketty|move: Stealth Rock
|
|-weather|Sandstorm|[upkeep]
|upkeep
|turn|3
|
|t:|1776065171
|-terastallize|p1a: Tyranitar|Flying
|move|p2a: Garchomp|Earthquake|p1a: Tyranitar
|-immune|p1a: Tyranitar
|move|p1a: Tyranitar|Ice Beam|p2a: Garchomp
|-supereffective|p2a: Garchomp
|-damage|p2a: Garchomp|0 fnt
|faint|p2a: Garchomp
|
|-weather|Sandstorm|[upkeep]
|-damage|p1a: Tyranitar|25/100|[from] Sandstorm
|upkeep
|
|t:|1776065180
|switch|p2a: Magnezone|Magnezone, shiny|100/100
|-damage|p2a: Magnezone|94/100|[from] Stealth Rock
|turn|4
|
|t:|1776065191
|move|p2a: Magnezone|Volt Switch|p1a: Tyranitar
|-supereffective|p1a: Tyranitar
|-damage|p1a: Tyranitar|0 fnt
|faint|p1a: Tyranitar
|
|t:|1776065198
|switch|p2a: Feraligatr|Feraligatr, M|100/100|[from] Volt Switch
|-damage|p2a: Feraligatr|88/100|[from] Stealth Rock
|
|-weather|Sandstorm|[upkeep]
|-damage|p2a: Feraligatr|82/100|[from] Sandstorm
|upkeep
|
|t:|1776065206
|switch|p1a: Hydrapple|Hydrapple, M|100/100
|turn|5
|
|t:|1776065212
|move|p2a: Feraligatr|Ice Punch|p1a: Hydrapple
|-supereffective|p1a: Hydrapple
|-damage|p1a: Hydrapple|0 fnt
|faint|p1a: Hydrapple
|
|-weather|Sandstorm|[upkeep]
|-damage|p2a: Feraligatr|76/100|[from] Sandstorm
|upkeep
|
|t:|1776065219
|switch|p1a: Slowking|Slowking-Galar, F|100/100
|-damage|p1a: Slowking|88/100|[from] Stealth Rock
|turn|6
|
|t:|1776065223
|move|p2a: Feraligatr|Dragon Dance|p2a: Feraligatr
|-boost|p2a: Feraligatr|atk|1
|-boost|p2a: Feraligatr|spe|1
|move|p1a: Slowking|Sludge Bomb|p2a: Feraligatr
|-damage|p2a: Feraligatr|31/100
|
|-weather|Sandstorm|[upkeep]
|-damage|p2a: Feraligatr|25/100|[from] Sandstorm
|-damage|p1a: Slowking|82/100|[from] Sandstorm
|upkeep
|turn|7
|
|t:|1776065233
|move|p2a: Feraligatr|Crunch|p1a: Slowking
|-supereffective|p1a: Slowking
|-damage|p1a: Slowking|0 fnt
|faint|p1a: Slowking
|
|-weather|Sandstorm|[upkeep]
|-damage|p2a: Feraligatr|19/100|[from] Sandstorm
|upkeep
|
|t:|1776065237
|switch|p1a: Excadrill|Excadrill, F|100/100
|-damage|p1a: Excadrill|97/100|[from] Stealth Rock
|-item|p1a: Excadrill|Air Balloon
|turn|8
|
|t:|1776065250
|move|p1a: Excadrill|Earthquake|p2a: Feraligatr
|-crit|p2a: Feraligatr
|-damage|p2a: Feraligatr|0 fnt
|faint|p2a: Feraligatr
|
|-weather|none
|upkeep
|
|t:|1776065261
|switch|p2a: Krookodile|Krookodile, M|100/100
|-damage|p2a: Krookodile|94/100|[from] Stealth Rock
|turn|9
|
|t:|1776065272
|move|p2a: Krookodile|Brick Break|p1a: Excadrill
|-supereffective|p1a: Excadrill
|-damage|p1a: Excadrill|33/100
|-enditem|p1a: Excadrill|Air Balloon
|move|p1a: Excadrill|Earthquake|p2a: Krookodile
|-damage|p2a: Krookodile|24/100
|
|upkeep
|turn|10
|
|t:|1776065278
|switch|p1a: Moltres|Moltres|100/100
|move|p2a: Krookodile|Brick Break|p1a: Moltres
|-resisted|p1a: Moltres
|-damage|p1a: Moltres|93/100
|
|upkeep
|turn|11
|
|t:|1776065291
|switch|p2a: Skeledirge|Skeledirge, M|100/100
|switch|p1a: Zamazenta|Zamazenta|100/100
|-damage|p1a: Zamazenta|94/100|[from] Stealth Rock
|-ability|p1a: Zamazenta|Dauntless Shield|boost
|-boost|p1a: Zamazenta|def|1
|
|-heal|p1a: Zamazenta|100/100|[from] item: Leftovers
|upkeep
|turn|12
|
|t:|1776065298
|move|p1a: Zamazenta|Crunch|p2a: Skeledirge
|-supereffective|p2a: Skeledirge
|-damage|p2a: Skeledirge|74/100
|move|p2a: Skeledirge|Torch Song|p1a: Zamazenta
|-damage|p1a: Zamazenta|74/100
|-boost|p2a: Skeledirge|spa|1
|
|-heal|p1a: Zamazenta|80/100|[from] item: Leftovers
|upkeep
|turn|13
|
|t:|1776065304
|move|p2a: Skeledirge|Torch Song|p1a: Zamazenta
|-damage|p1a: Zamazenta|35/100
|-boost|p2a: Skeledirge|spa|1
|move|p1a: Zamazenta|Roar|p2a: Skeledirge
|drag|p2a: Krookodile|Krookodile, M|24/100
|-damage|p2a: Krookodile|18/100|[from] Stealth Rock
|
|-heal|p1a: Zamazenta|41/100|[from] item: Leftovers
|upkeep
|turn|14
|
|t:|1776065324
|-terastallize|p2a: Krookodile|Poison
|move|p2a: Krookodile|Gunk Shot|p1a: Zamazenta
|-damage|p1a: Zamazenta|14/100
|move|p1a: Zamazenta|Body Press|p2a: Krookodile
|-resisted|p2a: Krookodile
|-damage|p2a: Krookodile|0 fnt
|faint|p2a: Krookodile
|
|-heal|p1a: Zamazenta|20/100|[from] item: Leftovers
|upkeep
|
|t:|1776065333
|switch|p2a: Skeledirge|Skeledirge, M|74/100
|turn|15
|
|t:|1776065337
|switch|p1a: Moltres|Moltres|93/100
|move|p2a: Skeledirge|Torch Song|p1a: Moltres
|-resisted|p1a: Moltres
|-damage|p1a: Moltres|78/100
|-boost|p2a: Skeledirge|spa|1
|
|upkeep
|turn|16
|
|t:|1776065343
|move|p2a: Skeledirge|Torch Song|p1a: Moltres
|-resisted|p1a: Moltres
|-damage|p1a: Moltres|57/100
|-boost|p2a: Skeledirge|spa|1
|move|p1a: Moltres|Roar|p2a: Skeledirge
|drag|p2a: Iron Moth|Iron Moth, shiny|100/100
|-damage|p2a: Iron Moth|76/100|[from] Stealth Rock
|-enditem|p2a: Iron Moth|Booster Energy
|-activate|p2a: Iron Moth|ability: Quark Drive|[fromitem]
|-start|p2a: Iron Moth|quarkdrivespe
|
|upkeep
|turn|17
|
|t:|1776065362
|move|p2a: Iron Moth|Sludge Wave|p1a: Moltres
|-damage|p1a: Moltres|5/100
|move|p1a: Moltres|Roar|p2a: Iron Moth
|-end|p2a: Iron Moth|Quark Drive|[silent]
|drag|p2a: Skeledirge|Skeledirge, M|74/100
|
|upkeep
|turn|18
|
|t:|1776065375
|move|p2a: Skeledirge|Torch Song|p1a: Moltres
|-resisted|p1a: Moltres
|-damage|p1a: Moltres|0 fnt
|-boost|p2a: Skeledirge|spa|1
|faint|p1a: Moltres
|
|upkeep
|
|t:|1776065377
|switch|p1a: Excadrill|Excadrill, F|33/100
|-damage|p1a: Excadrill|30/100|[from] Stealth Rock
|turn|19
|
|t:|1776065387
|move|p1a: Excadrill|Earthquake|p2a: Skeledirge
|-supereffective|p2a: Skeledirge
|-damage|p2a: Skeledirge|11/100
|move|p2a: Skeledirge|Torch Song|p1a: Excadrill
|-supereffective|p1a: Excadrill
|-damage|p1a: Excadrill|0 fnt
|-boost|p2a: Skeledirge|spa|1
|faint|p1a: Excadrill
|
|upkeep
|
|t:|1776065391
|switch|p1a: Zamazenta|Zamazenta|20/100
|-damage|p1a: Zamazenta|14/100|[from] Stealth Rock
|turn|20
|-message|Epochlucky forfeited.
|
|win|teamrocketty
|raw|Epochlucky's rating: 1159 &rarr; <strong>1131</strong><br />(-28 for losing)
|raw|teamrocketty's rating: 1114 &rarr; <strong>1142</strong><br />(+28 for winning)
|l|☆Epochlucky
|player|p1|
|l|‽teamrocketty
|player|p2|
