|html|<div class="broadcast-blue"><strong>[Gen 9] OU is currently suspecting Tera Blast! For information on how to participate check out the <a href="https://www.smogon.com/tools/suspects/view/200">suspect thread</a>.</strong></div>
|j|☆AC_Shade
|j|☆Snurke
|t:|1776316899
|gametype|singles
|player|p1|AC_Shade|nobunaga-conquest|1805
|player|p2|Snurke|sisandbro|1569
|gen|9
|tier|[Gen 9] OU
|rated|
|rule|HP Percentage Mod: HP is shown in percentages
|rule|Endless Battle Clause: Forcing endless battles is banned
|rule|Species Clause: Limit one of each Pokémon
|rule|OHKO Clause: OHKO moves are banned
|rule|Evasion Items Clause: Evasion items are banned
|rule|Evasion Moves Clause: Evasion moves are banned
|rule|Evasion Abilities Clause: Evasion abilities are banned
|rule|Sleep Moves Clause: Sleep-inducing moves are banned
|clearpoke
|poke|p1|Ogerpon-Cornerstone, F|
|poke|p1|Hatterene, F|
|poke|p1|Pecharunt|
|poke|p1|Landorus-Therian, M|
|poke|p1|Kingambit, M|
|poke|p1|Latios, M|
|poke|p2|Mew|
|poke|p2|Great Tusk|
|poke|p2|Hatterene, F|
|poke|p2|Gholdengo|
|poke|p2|Gyarados, M|
|poke|p2|Umbreon, M|
|teampreview
|inactive|Battle timer is ON: inactive players will automatically lose when time's up. (requested by AC_Shade)
|j| Monkey D MinMin
|
|t:|1776316925
|teamsize|p1|6
|teamsize|p2|6
|start
|switch|p1a: Hatterene|Hatterene, F|100/100
|switch|p2a: Gyarados|Gyarados, M, shiny|100/100
|-ability|p2a: Gyarados|Intimidate|boost
|-unboost|p1a: Hatterene|atk|1
|turn|1
|
|t:|1776316946
|switch|p2a: Umbreon|Umbreon, M, shiny|100/100
|move|p1a: Hatterene|Nuzzle|p2a: Umbreon
|-damage|p2a: Umbreon|98/100
|-status|p2a: Umbreon|par
|-activate|p2a: Umbreon|ability: Synchronize
|-status|p1a: Hatterene|par
|
|upkeep
|turn|2
|
|t:|1776316952
|move|p2a: Umbreon|Light Screen|p2a: Umbreon
|-sidestart|p2: Snurke|move: Light Screen
|cant|p1a: Hatterene|par
|
|upkeep
|turn|3
|
|t:|1776316961
|switch|p1a: Latios|Latios, M|100/100
|cant|p2a: Umbreon|par
|
|upkeep
|turn|4
|
|t:|1776316976
|move|p1a: Latios|Trick|p2a: Umbreon
|-activate|p1a: Latios|move: Trick|[of] p2a: Umbreon
|-item|p2a: Umbreon|Choice Scarf|[from] move: Trick
|-item|p1a: Latios|Light Clay|[from] move: Trick
|move|p2a: Umbreon|Toxic|p1a: Latios
|-status|p1a: Latios|tox
|
|-damage|p1a: Latios|95/100 tox|[from] psn
|upkeep
|turn|5
|
|t:|1776316985
|switch|p1a: Pecharunt|Pecharunt|100/100
|switch|p2a: Mew|Mew, shiny|100/100
|
|upkeep
|turn|6
|
|t:|1776316990
|-terastallize|p2a: Mew|Steel
|move|p2a: Mew|Imprison|p2a: Mew
|-start|p2a: Mew|move: Imprison
|move|p1a: Pecharunt|Malignant Chain|p2a: Mew
|-immune|p2a: Mew
|
|upkeep
|turn|7
|
|t:|1776317000
|move|p2a: Mew|Stealth Rock|p1a: Pecharunt
|-sidestart|p1: AC_Shade|move: Stealth Rock
|move|p1a: Pecharunt|Parting Shot|p2a: Mew
|-unboost|p2a: Mew|atk|1
|-unboost|p2a: Mew|spa|1
|
|t:|1776317005
|switch|p1a: Landorus|Landorus-Therian, M|100/100|[from] Parting Shot
|-damage|p1a: Landorus|88/100|[from] Stealth Rock
|-ability|p1a: Landorus|Intimidate|boost
|-unboost|p2a: Mew|atk|1
|
|upkeep
|turn|8
|
|t:|1776317008
|move|p2a: Mew|Transform|p1a: Landorus
|-transform|p2a: Mew|p1a: Landorus
|-ability|p2a: Mew|Intimidate|boost
|-unboost|p1a: Landorus|atk|1
|cant|p1a: Landorus|move: Imprison|Earthquake
|
|upkeep
|turn|9
|
|t:|1776317020
|move|p2a: Mew|U-turn|p1a: Landorus
|-resisted|p1a: Landorus
|-damage|p1a: Landorus|78/100
|-damage|p2a: Mew|84/100|[from] item: Rocky Helmet|[of] p1a: Landorus
|
|t:|1776317036
|switch|p2a: Great Tusk|Great Tusk|100/100|[from] U-turn
|-activate|p1a: Landorus|move: Struggle
|move|p1a: Landorus|Struggle|p2a: Great Tusk
|-damage|p2a: Great Tusk|94/100
|-damage|p1a: Landorus|62/100|[from] item: Rocky Helmet|[of] p2a: Great Tusk
|-damage|p1a: Landorus|37/100|[from] recoil
|
|-sideend|p2: Snurke|move: Light Screen
|upkeep
|turn|10
|
|t:|1776317043
|switch|p1a: Pecharunt|Pecharunt|100/100
|move|p2a: Great Tusk|Bulk Up|p2a: Great Tusk
|-boost|p2a: Great Tusk|atk|1
|-boost|p2a: Great Tusk|def|1
|
|upkeep
|turn|11
|
|t:|1776317045
|move|p2a: Great Tusk|Earthquake|p1a: Pecharunt
|-supereffective|p1a: Pecharunt
|-damage|p1a: Pecharunt|34/100
|move|p1a: Pecharunt|Malignant Chain|p2a: Great Tusk
|-resisted|p2a: Great Tusk
|-damage|p2a: Great Tusk|75/100
|
|upkeep
|turn|12
|
|t:|1776317058
|switch|p1a: Latios|Latios, M|95/100 tox
|-damage|p1a: Latios|82/100 tox|[from] Stealth Rock
|move|p2a: Great Tusk|Earthquake|p1a: Latios
|-immune|p1a: Latios|[from] ability: Levitate
|
|-damage|p1a: Latios|76/100 tox|[from] psn
|upkeep
|turn|13
|
|t:|1776317062
|-end|p2a: Great Tusk|Protosynthesis|[silent]
|switch|p2a: Mew|Mew, shiny, tera:Steel|84/100
|move|p1a: Latios|Luster Purge|p2a: Mew
|-resisted|p2a: Mew
|-damage|p2a: Mew|64/100
|
|-heal|p2a: Mew|70/100|[from] item: Leftovers
|-damage|p1a: Latios|64/100 tox|[from] psn
|upkeep
|turn|14
|
|t:|1776317068
|move|p1a: Latios|Trick|p2a: Mew
|-activate|p1a: Latios|move: Trick|[of] p2a: Mew
|-item|p2a: Mew|Light Clay|[from] move: Trick
|-item|p1a: Latios|Leftovers|[from] move: Trick
|move|p2a: Mew|Imprison|p2a: Mew
|-start|p2a: Mew|move: Imprison
|
|-heal|p1a: Latios|70/100 tox|[from] item: Leftovers
|-damage|p1a: Latios|52/100 tox|[from] psn
|upkeep
|turn|15
|
|t:|1776317076
|move|p1a: Latios|Aura Sphere|p2a: Mew
|-supereffective|p2a: Mew
|-damage|p2a: Mew|23/100
|move|p2a: Mew|Transform|p1a: Latios
|-transform|p2a: Mew|p1a: Latios
|
|-heal|p1a: Latios|58/100 tox|[from] item: Leftovers
|-damage|p1a: Latios|34/100 tox|[from] psn
|upkeep
|turn|16
|
|t:|1776317083
|switch|p1a: Hatterene|Hatterene, F|100/100 par
|-damage|p1a: Hatterene|88/100 par|[from] Stealth Rock
|move|p2a: Mew|Trick|p1a: Hatterene
|-activate|p2a: Mew|move: Trick|[of] p1a: Hatterene
|-item|p1a: Hatterene|Light Clay|[from] move: Trick
|-item|p2a: Mew|Assault Vest|[from] move: Trick
|
|upkeep
|turn|17
|
|t:|1776317094
|move|p2a: Mew|Luster Purge|p1a: Hatterene
|-resisted|p1a: Hatterene
|-damage|p1a: Hatterene|64/100 par
|-unboost|p1a: Hatterene|spd|1
|move|p1a: Hatterene|Mystical Fire|p2a: Mew
|-supereffective|p2a: Mew
|-damage|p2a: Mew|0 fnt
|faint|p2a: Mew
|
|upkeep
|
|t:|1776317102
|switch|p2a: Gholdengo|Gholdengo, shiny|100/100
|turn|18
|
|t:|1776317126
|switch|p1a: Landorus|Landorus-Therian, M|37/100
|-damage|p1a: Landorus|24/100|[from] Stealth Rock
|-ability|p1a: Landorus|Intimidate|boost
|-unboost|p2a: Gholdengo|atk|1
|move|p2a: Gholdengo|Make It Rain|p1a: Landorus
|-crit|p1a: Landorus
|-damage|p1a: Landorus|0 fnt
|-unboost|p2a: Gholdengo|spa|1
|faint|p1a: Landorus
|
|upkeep
|
|t:|1776317132
|switch|p1a: Kingambit|Kingambit, M|100/100
|-damage|p1a: Kingambit|94/100|[from] Stealth Rock
|-activate|p1a: Kingambit|ability: Supreme Overlord
|-start|p1a: Kingambit|fallen1|[silent]
|turn|19
|
|t:|1776317149
|move|p2a: Gholdengo|Focus Blast|p1a: Kingambit
|-supereffective|p1a: Kingambit
|-damage|p1a: Kingambit|0 fnt
|faint|p1a: Kingambit
|-end|p1a: Kingambit|fallen1|[silent]
|
|upkeep
|
|t:|1776317155
|switch|p1a: Ogerpon|Ogerpon-Cornerstone, F|100/100
|-damage|p1a: Ogerpon|88/100|[from] Stealth Rock
|turn|20
|
|t:|1776317161
|move|p1a: Ogerpon|Knock Off|p2a: Gholdengo
|-supereffective|p2a: Gholdengo
|-damage|p2a: Gholdengo|10/100
|-enditem|p2a: Gholdengo|Leftovers|[from] move: Knock Off|[of] p1a: Ogerpon
|move|p2a: Gholdengo|Make It Rain|p1a: Ogerpon
|-supereffective|p1a: Ogerpon
|-damage|p1a: Ogerpon|0 fnt
|-unboost|p2a: Gholdengo|spa|1
|faint|p1a: Ogerpon
|
|upkeep
|-message|AC_Shade forfeited.
|
|win|Snurke
|raw|AC_Shade's rating: 1805 &rarr; <strong>1773</strong><br />(-32 for losing)
|raw|Snurke's rating: 1569 &rarr; <strong>1601</strong><br />(+32 for winning)
|l|☆AC_Shade
|player|p1|
