|html|<div class="broadcast-blue"><strong>[Gen 9] OU is currently suspecting Tera Blast! For information on how to participate check out the <a href="https://www.smogon.com/tools/suspects/view/200">suspect thread</a>.</strong></div>
|j|☆duhveed
|j|☆DonovanIsNotHere
|t:|1776212345
|gametype|singles
|player|p1|duhveed|ryuki|1323
|player|p2|DonovanIsNotHere|266|1364
|gen|9
|tier|[Gen 9] OU
|rated|
|rule|HP Percentage Mod: HP is shown in percentages
|rule|Endless Battle Clause: Forcing endless battles is banned
|rule|Species Clause: Limit one of each Pokémon
|rule|OHKO Clause: OHKO moves are banned
|rule|Evasion Items Clause: Evasion items are banned
|rule|Evasion Moves Clause: Evasion moves are banned
|rule|Evasion Abilities Clause: Evasion abilities are banned
|rule|Sleep Moves Clause: Sleep-inducing moves are banned
|clearpoke
|poke|p1|Pecharunt|
|poke|p1|Grimmsnarl, M|
|poke|p1|Walking Wake|
|poke|p1|Garganacl, F|
|poke|p1|Hitmontop, M|
|poke|p1|Hoopa-Unbound|
|poke|p2|Venusaur, M|
|poke|p2|Magnezone|
|poke|p2|Samurott-Hisui, F|
|poke|p2|Pecharunt|
|poke|p2|Heatran, F|
|poke|p2|Corviknight, F|
|teampreview
|
|t:|1776212360
|teamsize|p1|6
|teamsize|p2|6
|start
|switch|p1a: Garganacl|Garganacl, F|100/100
|switch|p2a: Bird Trap|Magnezone|100/100
|turn|1
|
|t:|1776212371
|move|p1a: Garganacl|Protect|p1a: Garganacl
|-singleturn|p1a: Garganacl|Protect
|move|p2a: Bird Trap|Flash Cannon|p1a: Garganacl
|-activate|p1a: Garganacl|move: Protect
|
|upkeep
|turn|2
|
|t:|1776212376
|move|p2a: Bird Trap|Flash Cannon|p1a: Garganacl
|-supereffective|p1a: Garganacl
|-damage|p1a: Garganacl|0 fnt
|faint|p1a: Garganacl
|
|upkeep
|
|t:|1776212383
|switch|p1a: Hitmontop|Hitmontop, M|100/100
|-ability|p1a: Hitmontop|Intimidate|boost
|-unboost|p2a: Bird Trap|atk|1
|turn|3
|
|t:|1776212389
|switch|p2a: Corviknight|Corviknight, F|100/100
|-ability|p2a: Corviknight|Pressure
|switch|p1a: Hoopa|Hoopa-Unbound|100/100
|
|upkeep
|turn|4
|
|t:|1776212392
|move|p1a: Hoopa|Thunder Wave|p2a: Corviknight
|-status|p2a: Corviknight|par
|cant|p2a: Corviknight|par
|
|upkeep
|turn|5
|
|t:|1776212407
|switch|p1a: Walking Wake|Walking Wake|100/100
|move|p2a: Corviknight|U-turn|p1a: Walking Wake
|-damage|p1a: Walking Wake|86/100
|
|t:|1776212409
|switch|p2a: Flytrap|Venusaur, M|100/100|[from] U-turn
|
|upkeep
|turn|6
|
|t:|1776212417
|move|p1a: Walking Wake|Flamethrower|p2a: Flytrap
|-supereffective|p2a: Flytrap
|-damage|p2a: Flytrap|32/100
|move|p2a: Flytrap|Leech Seed|p1a: Walking Wake
|-start|p1a: Walking Wake|move: Leech Seed
|
|-heal|p2a: Flytrap|38/100|[from] item: Leftovers
|-damage|p1a: Walking Wake|74/100|[from] Leech Seed|[of] p2a: Flytrap
|-heal|p2a: Flytrap|51/100|[silent]
|upkeep
|turn|7
|
|t:|1776212427
|-end|p1a: Walking Wake|Protosynthesis|[silent]
|switch|p1a: Hoopa|Hoopa-Unbound|100/100
|switch|p2a: Egg trap|Heatran, F|100/100
|-item|p2a: Egg trap|Air Balloon
|
|upkeep
|turn|8
|
|t:|1776212434
|switch|p2a: Corviknight|Corviknight, F|100/100 par
|-ability|p2a: Corviknight|Pressure
|move|p1a: Hoopa|Hyperspace Fury|p2a: Corviknight
|-damage|p2a: Corviknight|46/100 par
|-unboost|p1a: Hoopa|def|1
|
|upkeep
|turn|9
|
|t:|1776212440
|switch|p2a: King Slayer|Samurott-Hisui, F|100/100
|move|p1a: Hoopa|Hyperspace Fury|p2a: King Slayer
|-resisted|p2a: King Slayer
|-damage|p2a: King Slayer|55/100
|-unboost|p1a: Hoopa|def|1
|
|upkeep
|turn|10
|
|t:|1776212445
|switch|p1a: Hitmontop|Hitmontop, M|100/100
|-ability|p1a: Hitmontop|Intimidate|boost
|-unboost|p2a: King Slayer|atk|1
|move|p2a: King Slayer|Aqua Cutter|p1a: Hitmontop
|-damage|p1a: Hitmontop|59/100
|
|upkeep
|turn|11
|
|t:|1776212453
|switch|p2a: Corviknight|Corviknight, F|46/100 par
|-ability|p2a: Corviknight|Pressure
|switch|p1a: Hoopa|Hoopa-Unbound|100/100
|
|upkeep
|turn|12
|
|t:|1776212462
|move|p1a: Hoopa|Hyperspace Fury|p2a: Corviknight
|-damage|p2a: Corviknight|0 fnt
|-unboost|p1a: Hoopa|def|1
|faint|p2a: Corviknight
|
|upkeep
|
|t:|1776212463
|switch|p2a: King Slayer|Samurott-Hisui, F|55/100
|turn|13
|
|t:|1776212466
|switch|p1a: Hitmontop|Hitmontop, M|59/100
|-ability|p1a: Hitmontop|Intimidate|boost
|-unboost|p2a: King Slayer|atk|1
|move|p2a: King Slayer|Ceaseless Edge|p1a: Hitmontop
|-resisted|p1a: Hitmontop
|-damage|p1a: Hitmontop|33/100
|-sidestart|p1: duhveed|Spikes
|
|upkeep
|turn|14
|
|t:|1776212473
|switch|p1a: Hoopa|Hoopa-Unbound|100/100
|-damage|p1a: Hoopa|88/100|[from] Spikes
|move|p2a: King Slayer|Aqua Cutter|p1a: Hoopa
|-damage|p1a: Hoopa|31/100
|
|upkeep
|turn|15
|
|t:|1776212479
|switch|p1a: Hitmontop|Hitmontop, M|33/100
|-damage|p1a: Hitmontop|21/100|[from] Spikes
|-ability|p1a: Hitmontop|Intimidate|boost
|-unboost|p2a: King Slayer|atk|1
|move|p2a: King Slayer|Ceaseless Edge|p1a: Hitmontop
|-resisted|p1a: Hitmontop
|-damage|p1a: Hitmontop|2/100
|-sidestart|p1: duhveed|Spikes
|
|upkeep
|turn|16
|
|t:|1776212482
|move|p2a: King Slayer|Aqua Cutter|p1a: Hitmontop
|-damage|p1a: Hitmontop|0 fnt
|faint|p1a: Hitmontop
|
|upkeep
|
|t:|1776212495
|switch|p1a: Grimmsnarl|Grimmsnarl, M|100/100
|-damage|p1a: Grimmsnarl|84/100|[from] Spikes
|turn|17
|
|t:|1776212499
|switch|p2a: Pecharunt|Pecharunt|100/100
|move|p1a: Grimmsnarl|Spirit Break|p2a: Pecharunt
|-resisted|p2a: Pecharunt
|-damage|p2a: Pecharunt|92/100
|-unboost|p2a: Pecharunt|spa|1
|
|-heal|p1a: Grimmsnarl|90/100|[from] item: Leftovers
|upkeep
|turn|18
|
|t:|1776212507
|move|p1a: Grimmsnarl|Parting Shot|p2a: Pecharunt
|-unboost|p2a: Pecharunt|atk|1
|-unboost|p2a: Pecharunt|spa|1
|
|t:|1776212509
|switch|p1a: Pecharunt|Pecharunt|100/100|[from] Parting Shot
|-damage|p1a: Pecharunt|84/100|[from] Spikes
|move|p2a: Pecharunt|Malignant Chain|p1a: Pecharunt
|-resisted|p1a: Pecharunt
|-damage|p1a: Pecharunt|80/100
|
|-heal|p1a: Pecharunt|87/100|[from] item: Black Sludge
|upkeep
|turn|19
|
|t:|1776212535
|switch|p2a: Flytrap|Venusaur, M|51/100
|move|p1a: Pecharunt|Parting Shot|p2a: Flytrap
|-unboost|p2a: Flytrap|atk|1
|-unboost|p2a: Flytrap|spa|1
|inactive|Battle timer is ON: inactive players will automatically lose when time's up. (requested by DonovanIsNotHere)
|
|t:|1776212541
|switch|p1a: Hoopa|Hoopa-Unbound|31/100|[from] Parting Shot
|-damage|p1a: Hoopa|14/100|[from] Spikes
|
|-heal|p2a: Flytrap|57/100|[from] item: Leftovers
|upkeep
|turn|20
|
|t:|1776212545
|switch|p2a: Bird Trap|Magnezone|100/100
|move|p1a: Hoopa|Hyperspace Fury|p2a: Bird Trap
|-damage|p2a: Bird Trap|29/100
|-unboost|p1a: Hoopa|def|1
|
|upkeep
|turn|21
|
|t:|1776212556
|move|p1a: Hoopa|Hyperspace Fury|p2a: Bird Trap
|-damage|p2a: Bird Trap|0 fnt
|-unboost|p1a: Hoopa|def|1
|faint|p2a: Bird Trap
|
|upkeep
|
|t:|1776212557
|switch|p2a: King Slayer|Samurott-Hisui, F|55/100
|turn|22
|
|t:|1776212562
|move|p2a: King Slayer|Aqua Cutter|p1a: Hoopa
|-damage|p1a: Hoopa|0 fnt
|faint|p1a: Hoopa
|
|upkeep
|
|t:|1776212565
|switch|p1a: Walking Wake|Walking Wake|74/100
|-damage|p1a: Walking Wake|58/100|[from] Spikes
|turn|23
|
|t:|1776212587
|switch|p2a: Flytrap|Venusaur, M|57/100
|move|p1a: Walking Wake|Hydro Steam|p2a: Flytrap
|-resisted|p2a: Flytrap
|-damage|p2a: Flytrap|36/100
|
|-heal|p2a: Flytrap|42/100|[from] item: Leftovers
|upkeep
|turn|24
|
|t:|1776212592
|-end|p1a: Walking Wake|Protosynthesis|[silent]
|switch|p1a: Pecharunt|Pecharunt|87/100
|-damage|p1a: Pecharunt|70/100|[from] Spikes
|move|p2a: Flytrap|Leech Seed|p1a: Pecharunt
|-start|p1a: Pecharunt|move: Leech Seed
|
|-heal|p1a: Pecharunt|76/100|[from] item: Black Sludge
|-heal|p2a: Flytrap|48/100|[from] item: Leftovers
|-damage|p1a: Pecharunt|64/100|[from] Leech Seed|[of] p2a: Flytrap
|-heal|p2a: Flytrap|61/100|[silent]
|upkeep
|turn|25
|
|t:|1776212594
|move|p1a: Pecharunt|Parting Shot|p2a: Flytrap
|-unboost|p2a: Flytrap|atk|1
|-unboost|p2a: Flytrap|spa|1
|
|t:|1776212596
|switch|p1a: Grimmsnarl|Grimmsnarl, M|90/100|[from] Parting Shot
|-damage|p1a: Grimmsnarl|73/100|[from] Spikes
|move|p2a: Flytrap|Earth Power|p1a: Grimmsnarl
|-damage|p1a: Grimmsnarl|59/100
|
|-heal|p2a: Flytrap|67/100|[from] item: Leftovers
|-heal|p1a: Grimmsnarl|65/100|[from] item: Leftovers
|upkeep
|turn|26
|
|t:|1776212599
|move|p1a: Grimmsnarl|Thunder Wave|p2a: Flytrap
|-status|p2a: Flytrap|par
|cant|p2a: Flytrap|par
|
|-heal|p1a: Grimmsnarl|71/100|[from] item: Leftovers
|-heal|p2a: Flytrap|73/100 par|[from] item: Leftovers
|upkeep
|turn|27
|
|t:|1776212604
|move|p1a: Grimmsnarl|Parting Shot|p2a: Flytrap
|-unboost|p2a: Flytrap|atk|1
|-unboost|p2a: Flytrap|spa|1
|
|t:|1776212607
|switch|p1a: Pecharunt|Pecharunt|64/100|[from] Parting Shot
|-damage|p1a: Pecharunt|47/100|[from] Spikes
|move|p2a: Flytrap|Leech Seed|p1a: Pecharunt
|-start|p1a: Pecharunt|move: Leech Seed
|
|-heal|p1a: Pecharunt|53/100|[from] item: Black Sludge
|-heal|p2a: Flytrap|79/100 par|[from] item: Leftovers
|-damage|p1a: Pecharunt|41/100|[from] Leech Seed|[of] p2a: Flytrap
|-heal|p2a: Flytrap|92/100 par|[silent]
|upkeep
|turn|28
|
|t:|1776212610
|move|p1a: Pecharunt|Recover|p1a: Pecharunt
|-heal|p1a: Pecharunt|91/100
|move|p2a: Flytrap|Earth Power|p1a: Pecharunt
|-supereffective|p1a: Pecharunt
|-damage|p1a: Pecharunt|71/100
|-unboost|p1a: Pecharunt|spd|1
|
|-heal|p1a: Pecharunt|77/100|[from] item: Black Sludge
|-heal|p2a: Flytrap|98/100 par|[from] item: Leftovers
|-damage|p1a: Pecharunt|65/100|[from] Leech Seed|[of] p2a: Flytrap
|-heal|p2a: Flytrap|100/100 par|[silent]
|upkeep
|turn|29
|
|t:|1776212620
|move|p1a: Pecharunt|Parting Shot|p2a: Flytrap
|-unboost|p2a: Flytrap|atk|1
|-unboost|p2a: Flytrap|spa|1
|
|t:|1776212622
|switch|p1a: Grimmsnarl|Grimmsnarl, M|71/100|[from] Parting Shot
|-damage|p1a: Grimmsnarl|55/100|[from] Spikes
|move|p2a: Flytrap|Earth Power|p1a: Grimmsnarl
|-damage|p1a: Grimmsnarl|45/100
|
|-heal|p1a: Grimmsnarl|51/100|[from] item: Leftovers
|upkeep
|turn|30
|
|t:|1776212637
|switch|p2a: Egg trap|Heatran, F|100/100
|-item|p2a: Egg trap|Air Balloon
|move|p1a: Grimmsnarl|Throat Chop|p2a: Egg trap
|-damage|p2a: Egg trap|68/100
|-start|p2a: Egg trap|Throat Chop|[silent]
|-enditem|p2a: Egg trap|Air Balloon
|
|-heal|p1a: Grimmsnarl|57/100|[from] item: Leftovers
|upkeep
|turn|31
|
|t:|1776212643
|move|p1a: Grimmsnarl|Parting Shot|p2a: Egg trap
|-unboost|p2a: Egg trap|atk|1
|-unboost|p2a: Egg trap|spa|1
|
|t:|1776212645
|switch|p1a: Walking Wake|Walking Wake|58/100|[from] Parting Shot
|-damage|p1a: Walking Wake|41/100|[from] Spikes
|move|p2a: Egg trap|Stealth Rock|p1a: Walking Wake
|-sidestart|p1: duhveed|move: Stealth Rock
|
|-end|p2a: Egg trap|Throat Chop|[silent]
|upkeep
|turn|32
|
|t:|1776212648
|switch|p2a: Flytrap|Venusaur, M|100/100 par
|-terastallize|p1a: Walking Wake|Water
|move|p1a: Walking Wake|Hydro Steam|p2a: Flytrap
|-resisted|p2a: Flytrap
|-damage|p2a: Flytrap|72/100 par
|
|-heal|p2a: Flytrap|78/100 par|[from] item: Leftovers
|upkeep
|turn|33
|
|t:|1776212654
|-end|p1a: Walking Wake|Protosynthesis|[silent]
|switch|p1a: Pecharunt|Pecharunt|65/100
|-damage|p1a: Pecharunt|48/100|[from] Spikes
|-damage|p1a: Pecharunt|36/100|[from] Stealth Rock
|cant|p2a: Flytrap|par
|
|-heal|p1a: Pecharunt|42/100|[from] item: Black Sludge
|-heal|p2a: Flytrap|84/100 par|[from] item: Leftovers
|upkeep
|turn|34
|
|t:|1776212659
|move|p1a: Pecharunt|Hex|p2a: Flytrap
|-damage|p2a: Flytrap|53/100 par
|cant|p2a: Flytrap|par
|
|-heal|p1a: Pecharunt|48/100|[from] item: Black Sludge
|-heal|p2a: Flytrap|59/100 par|[from] item: Leftovers
|upkeep
|turn|35
|
|t:|1776212666
|switch|p2a: King Slayer|Samurott-Hisui, F|55/100
|move|p1a: Pecharunt|Hex|p2a: King Slayer
|-resisted|p2a: King Slayer
|-damage|p2a: King Slayer|37/100
|
|-heal|p1a: Pecharunt|54/100|[from] item: Black Sludge
|upkeep
|turn|36
|
|t:|1776212670
|-terastallize|p2a: King Slayer|Dark
|move|p2a: King Slayer|Ceaseless Edge|p1a: Pecharunt|[miss]
|-miss|p2a: King Slayer|p1a: Pecharunt
|move|p1a: Pecharunt|Recover|p1a: Pecharunt
|-heal|p1a: Pecharunt|100/100
|
|upkeep
|turn|37
|
|t:|1776212679
|move|p2a: King Slayer|Knock Off|p1a: Pecharunt
|-supereffective|p1a: Pecharunt
|-damage|p1a: Pecharunt|21/100
|-enditem|p1a: Pecharunt|Black Sludge|[from] move: Knock Off|[of] p2a: King Slayer
|move|p1a: Pecharunt|Malignant Chain|p2a: King Slayer
|-damage|p2a: King Slayer|0 fnt
|faint|p2a: King Slayer
|
|upkeep
|
|t:|1776212699
|switch|p2a: Egg trap|Heatran, F|68/100
|turn|38
|
|t:|1776212702
|move|p1a: Pecharunt|Recover|p1a: Pecharunt
|-heal|p1a: Pecharunt|71/100
|move|p2a: Egg trap|Earth Power|p1a: Pecharunt
|-supereffective|p1a: Pecharunt
|-damage|p1a: Pecharunt|19/100
|
|upkeep
|turn|39
|
|t:|1776212704
|move|p1a: Pecharunt|Recover|p1a: Pecharunt
|-heal|p1a: Pecharunt|69/100
|move|p2a: Egg trap|Earth Power|p1a: Pecharunt
|-supereffective|p1a: Pecharunt
|-damage|p1a: Pecharunt|18/100
|
|upkeep
|turn|40
|
|t:|1776212709
|move|p1a: Pecharunt|Recover|p1a: Pecharunt
|-heal|p1a: Pecharunt|68/100
|move|p2a: Egg trap|Earth Power|p1a: Pecharunt
|-supereffective|p1a: Pecharunt
|-damage|p1a: Pecharunt|19/100
|
|upkeep
|turn|41
|
|t:|1776212714
|move|p1a: Pecharunt|Parting Shot|p2a: Egg trap
|-unboost|p2a: Egg trap|atk|1
|-unboost|p2a: Egg trap|spa|1
|
|t:|1776212717
|switch|p1a: Grimmsnarl|Grimmsnarl, M|57/100|[from] Parting Shot
|-damage|p1a: Grimmsnarl|41/100|[from] Spikes
|-damage|p1a: Grimmsnarl|28/100|[from] Stealth Rock
|move|p2a: Egg trap|Earth Power|p1a: Grimmsnarl
|-damage|p1a: Grimmsnarl|11/100
|-unboost|p1a: Grimmsnarl|spd|1
|
|-heal|p1a: Grimmsnarl|17/100|[from] item: Leftovers
|upkeep
|turn|42
|
|t:|1776212720
|move|p1a: Grimmsnarl|Thunder Wave|p2a: Egg trap
|-status|p2a: Egg trap|par
|cant|p2a: Egg trap|par
|
|-heal|p1a: Grimmsnarl|23/100|[from] item: Leftovers
|upkeep
|turn|43
|
|t:|1776212729
|move|p1a: Grimmsnarl|Throat Chop|p2a: Egg trap
|-damage|p2a: Egg trap|37/100 par
|-start|p2a: Egg trap|Throat Chop|[silent]
|cant|p2a: Egg trap|par
|
|-heal|p1a: Grimmsnarl|29/100|[from] item: Leftovers
|upkeep
|turn|44
|
|t:|1776212739
|switch|p2a: Pecharunt|Pecharunt|92/100
|move|p1a: Grimmsnarl|Throat Chop|p2a: Pecharunt
|-supereffective|p2a: Pecharunt
|-damage|p2a: Pecharunt|54/100
|-start|p2a: Pecharunt|Throat Chop|[silent]
|
|-heal|p1a: Grimmsnarl|35/100|[from] item: Leftovers
|upkeep
|turn|45
|
|t:|1776212768
|move|p1a: Grimmsnarl|Thunder Wave|p2a: Pecharunt
|-status|p2a: Pecharunt|par
|move|p2a: Pecharunt|Malignant Chain|p1a: Grimmsnarl
|-supereffective|p1a: Grimmsnarl
|-damage|p1a: Grimmsnarl|0 fnt
|faint|p1a: Grimmsnarl
|
|-end|p2a: Pecharunt|Throat Chop|[silent]
|upkeep
|
|t:|1776212770
|switch|p1a: Pecharunt|Pecharunt|19/100
|-damage|p1a: Pecharunt|3/100|[from] Spikes
|-damage|p1a: Pecharunt|0 fnt|[from] Stealth Rock
|faint|p1a: Pecharunt
|
|t:|1776212771
|switch|p1a: Walking Wake|Walking Wake, tera:Water|41/100
|-damage|p1a: Walking Wake|24/100|[from] Spikes
|-damage|p1a: Walking Wake|12/100|[from] Stealth Rock
|turn|46
|
|t:|1776212782
|move|p1a: Walking Wake|Hydro Steam|p2a: Pecharunt
|-damage|p2a: Pecharunt|0 fnt
|faint|p2a: Pecharunt
|
|upkeep
|
|t:|1776212783
|switch|p2a: Flytrap|Venusaur, M|59/100 par
|turn|47
|
|t:|1776212785
|move|p1a: Walking Wake|Hydro Steam|p2a: Flytrap
|-resisted|p2a: Flytrap
|-damage|p2a: Flytrap|28/100 par
|move|p2a: Flytrap|Giga Drain|p1a: Walking Wake
|-supereffective|p1a: Walking Wake
|-damage|p1a: Walking Wake|0 fnt
|-heal|p2a: Flytrap|33/100 par|[from] drain|[of] p1a: Walking Wake
|faint|p1a: Walking Wake
|-end|p1a: Walking Wake|Protosynthesis|[silent]
|
|win|DonovanIsNotHere
|raw|duhveed's rating: 1323 &rarr; <strong>1305</strong><br />(-18 for losing)
|raw|DonovanIsNotHere's rating: 1364 &rarr; <strong>1382</strong><br />(+18 for winning)
|l|☆duhveed
|player|p1|
