|html|<div class="broadcast-blue"><strong>[Gen 9] OU is currently suspecting Tera Blast! For information on how to participate check out the <a href="https://www.smogon.com/tools/suspects/view/200">suspect thread</a>.</strong></div>
|j|☆Ricefinger4
|j|‽true sun of sw
|t:|1776089414
|gametype|singles
|player|p1|Ricefinger4|palmer|1503
|player|p2|true sun of sw|birdkeeper-gen4dp|1485
|gen|9
|tier|[Gen 9] OU
|rated|
|rule|HP Percentage Mod: HP is shown in percentages
|rule|Endless Battle Clause: Forcing endless battles is banned
|rule|Species Clause: Limit one of each Pokémon
|rule|OHKO Clause: OHKO moves are banned
|rule|Evasion Items Clause: Evasion items are banned
|rule|Evasion Moves Clause: Evasion moves are banned
|rule|Evasion Abilities Clause: Evasion abilities are banned
|rule|Sleep Moves Clause: Sleep-inducing moves are banned
|clearpoke
|poke|p1|Gholdengo|
|poke|p1|Excadrill, M|
|poke|p1|Moltres|
|poke|p1|Chesnaught, M|
|poke|p1|Tyranitar, M|
|poke|p1|Slowking-Galar, M|
|poke|p2|Raging Bolt|
|poke|p2|Gholdengo|
|poke|p2|Great Tusk|
|poke|p2|Araquanid, M|
|poke|p2|Iron Moth|
|poke|p2|Kingambit, M|
|teampreview
|inactive|Battle timer is ON: inactive players will automatically lose when time's up. (requested by true sun of sw)
|
|t:|1776089424
|teamsize|p1|6
|teamsize|p2|6
|start
|switch|p1a: Tyranitar|Tyranitar, M|100/100
|switch|p2a: Araquanid|Araquanid, M|100/100
|-weather|Sandstorm|[from] ability: Sand Stream|[of] p1a: Tyranitar
|turn|1
|
|t:|1776089428
|move|p1a: Tyranitar|Stealth Rock|p2a: Araquanid
|-sidestart|p2: true sun of sw|move: Stealth Rock
|move|p2a: Araquanid|Sticky Web|p1a: Tyranitar
|-sidestart|p1: Ricefinger4|move: Sticky Web
|
|-weather|Sandstorm|[upkeep]
|-damage|p2a: Araquanid|94/100|[from] Sandstorm
|upkeep
|turn|2
|
|t:|1776089440
|switch|p1a: Gholdengo|Gholdengo|100/100
|-item|p1a: Gholdengo|Air Balloon
|move|p2a: Araquanid|Liquidation|p1a: Gholdengo
|-damage|p1a: Gholdengo|53/100
|-enditem|p1a: Gholdengo|Air Balloon
|
|-weather|Sandstorm|[upkeep]
|-damage|p2a: Araquanid|88/100|[from] Sandstorm
|upkeep
|turn|3
|
|t:|1776089447
|move|p1a: Gholdengo|Thunder Wave|p2a: Araquanid
|-status|p2a: Araquanid|par
|move|p2a: Araquanid|Liquidation|p1a: Gholdengo
|-crit|p1a: Gholdengo
|-damage|p1a: Gholdengo|0 fnt
|faint|p1a: Gholdengo
|
|-weather|Sandstorm|[upkeep]
|-damage|p2a: Araquanid|82/100 par|[from] Sandstorm
|upkeep
|
|t:|1776089456
|switch|p1a: Excadrill|Excadrill, M|100/100
|-activate|p1a: Excadrill|move: Sticky Web
|-unboost|p1a: Excadrill|spe|1
|turn|4
|
|t:|1776089470
|-terastallize|p2a: Araquanid|Ghost
|move|p1a: Excadrill|Iron Head|p2a: Araquanid
|-damage|p2a: Araquanid|4/100 par
|cant|p2a: Araquanid|flinch
|
|-weather|Sandstorm|[upkeep]
|-damage|p2a: Araquanid|0 fnt|[from] Sandstorm
|faint|p2a: Araquanid
|upkeep
|
|t:|1776089487
|switch|p2a: Great Tusk|Great Tusk|100/100
|-damage|p2a: Great Tusk|98/100|[from] Stealth Rock
|-enditem|p2a: Great Tusk|Booster Energy
|-activate|p2a: Great Tusk|ability: Protosynthesis|[fromitem]
|-start|p2a: Great Tusk|protosynthesisatk
|turn|5
|
|t:|1776089493
|switch|p1a: Chesnaught|Chesnaught, M|100/100
|-activate|p1a: Chesnaught|move: Sticky Web
|-unboost|p1a: Chesnaught|spe|1
|move|p2a: Great Tusk|Rapid Spin|p1a: Chesnaught
|-damage|p1a: Chesnaught|85/100
|-boost|p2a: Great Tusk|spe|1
|-sideend|p2: true sun of sw|Stealth Rock|[from] move: Rapid Spin|[of] p2a: Great Tusk
|
|-weather|Sandstorm|[upkeep]
|-damage|p1a: Chesnaught|79/100|[from] Sandstorm
|-heal|p1a: Chesnaught|85/100|[from] item: Leftovers
|upkeep
|turn|6
|
|t:|1776089497
|move|p2a: Great Tusk|Ice Spinner|p1a: Chesnaught
|-supereffective|p1a: Chesnaught
|-damage|p1a: Chesnaught|39/100
|move|p1a: Chesnaught|Leech Seed|p2a: Great Tusk
|-start|p2a: Great Tusk|move: Leech Seed
|
|-weather|Sandstorm|[upkeep]
|-damage|p1a: Chesnaught|33/100|[from] Sandstorm
|-heal|p1a: Chesnaught|39/100|[from] item: Leftovers
|-damage|p2a: Great Tusk|85/100|[from] Leech Seed|[of] p1a: Chesnaught
|-heal|p1a: Chesnaught|51/100|[silent]
|upkeep
|turn|7
|
|t:|1776089501
|move|p1a: Chesnaught|Spiky Shield|p1a: Chesnaught
|-singleturn|p1a: Chesnaught|move: Protect
|move|p2a: Great Tusk|Ice Spinner|p1a: Chesnaught
|-activate|p1a: Chesnaught|move: Protect
|-damage|p2a: Great Tusk|73/100|[from] Spiky Shield|[of] p1a: Chesnaught
|
|-weather|Sandstorm|[upkeep]
|-damage|p1a: Chesnaught|45/100|[from] Sandstorm
|-heal|p1a: Chesnaught|51/100|[from] item: Leftovers
|-damage|p2a: Great Tusk|60/100|[from] Leech Seed|[of] p1a: Chesnaught
|-heal|p1a: Chesnaught|63/100|[silent]
|upkeep
|turn|8
|
|t:|1776089504
|-end|p2a: Great Tusk|Protosynthesis|[silent]
|switch|p2a: Iron Moth|Iron Moth|100/100
|-enditem|p2a: Iron Moth|Booster Energy
|-activate|p2a: Iron Moth|ability: Quark Drive|[fromitem]
|-start|p2a: Iron Moth|quarkdrivespa
|move|p1a: Chesnaught|Body Press|p2a: Iron Moth
|-resisted|p2a: Iron Moth
|-damage|p2a: Iron Moth|60/100
|
|-weather|none
|-heal|p1a: Chesnaught|69/100|[from] item: Leftovers
|upkeep
|turn|9
|
|t:|1776089509
|switch|p1a: Slowking|Slowking-Galar, M|100/100
|-activate|p1a: Slowking|move: Sticky Web
|-unboost|p1a: Slowking|spe|1
|move|p2a: Iron Moth|Fiery Dance|p1a: Slowking
|-damage|p1a: Slowking|74/100
|-boost|p2a: Iron Moth|spa|1
|
|upkeep
|turn|10
|
|t:|1776089518
|move|p2a: Iron Moth|Fiery Dance|p1a: Slowking
|-damage|p1a: Slowking|35/100
|-boost|p2a: Iron Moth|spa|1
|move|p1a: Slowking|Psychic Noise|p2a: Iron Moth
|-supereffective|p2a: Iron Moth
|-damage|p2a: Iron Moth|0 fnt
|faint|p2a: Iron Moth
|-end|p2a: Iron Moth|Quark Drive|[silent]
|
|upkeep
|
|t:|1776089531
|switch|p2a: Gholdengo|Gholdengo|100/100
|-item|p2a: Gholdengo|Air Balloon
|turn|11
|
|t:|1776089533
|move|p2a: Gholdengo|Shadow Ball|p1a: Slowking
|-supereffective|p1a: Slowking
|-damage|p1a: Slowking|0 fnt
|faint|p1a: Slowking
|
|upkeep
|
|t:|1776089537
|switch|p1a: Moltres|Moltres|100/100
|turn|12
|l|‽true sun of sw
|inactive|true sun of sw disconnected and has a minute to reconnect!
|player|p2|
|j|‽true sun of sw
|inactive|true sun of sw reconnected and has 120 seconds left.
|player|p2|true sun of sw|birdkeeper-gen4dp|
|n|‽true sun of sw|truesunofsw
|
|t:|1776089578
|switch|p2a: Raging Bolt|Raging Bolt|100/100
|-enditem|p2a: Raging Bolt|Booster Energy
|-activate|p2a: Raging Bolt|ability: Protosynthesis|[fromitem]
|-start|p2a: Raging Bolt|protosynthesisspa
|move|p1a: Moltres|Flamethrower|p2a: Raging Bolt
|-resisted|p2a: Raging Bolt
|-damage|p2a: Raging Bolt|81/100
|
|upkeep
|turn|13
|
|t:|1776089582
|switch|p1a: Tyranitar|Tyranitar, M|100/100
|-activate|p1a: Tyranitar|move: Sticky Web
|-unboost|p1a: Tyranitar|spe|1
|-weather|Sandstorm|[from] ability: Sand Stream|[of] p1a: Tyranitar
|move|p2a: Raging Bolt|Calm Mind|p2a: Raging Bolt
|-boost|p2a: Raging Bolt|spa|1
|-boost|p2a: Raging Bolt|spd|1
|
|-weather|Sandstorm|[upkeep]
|-damage|p2a: Raging Bolt|75/100|[from] Sandstorm
|upkeep
|turn|14
|
|t:|1776089589
|move|p2a: Raging Bolt|Dragon Pulse|p1a: Tyranitar
|-damage|p1a: Tyranitar|63/100
|move|p1a: Tyranitar|Ice Punch|p2a: Raging Bolt
|-supereffective|p2a: Raging Bolt
|-damage|p2a: Raging Bolt|30/100
|-status|p2a: Raging Bolt|frz
|
|-weather|Sandstorm|[upkeep]
|-damage|p2a: Raging Bolt|24/100 frz|[from] Sandstorm
|upkeep
|turn|15
|-message|true sun of sw forfeited.
|
|win|Ricefinger4
|raw|Ricefinger4's rating: 1503 &rarr; <strong>1522</strong><br />(+19 for winning)
|raw|true sun of sw's rating: 1485 &rarr; <strong>1466</strong><br />(-19 for losing)
|l|‽true sun of sw
|player|p2|
|l|☆Ricefinger4
|player|p1|
