|html|<div class="broadcast-blue"><strong>[Gen 9] OU is currently suspecting Tera Blast! For information on how to participate check out the <a href="https://www.smogon.com/tools/suspects/view/200">suspect thread</a>.</strong></div>
|j|☆dieu grenouille
|j|☆agrdsfssss
|t:|1776344980
|gametype|singles
|player|p1|dieu grenouille|burglar|1072
|player|p2|agrdsfssss|169|1040
|gen|9
|tier|[Gen 9] OU
|rated|
|rule|HP Percentage Mod: HP is shown in percentages
|rule|Endless Battle Clause: Forcing endless battles is banned
|rule|Species Clause: Limit one of each Pokémon
|rule|OHKO Clause: OHKO moves are banned
|rule|Evasion Items Clause: Evasion items are banned
|rule|Evasion Moves Clause: Evasion moves are banned
|rule|Evasion Abilities Clause: Evasion abilities are banned
|rule|Sleep Moves Clause: Sleep-inducing moves are banned
|clearpoke
|poke|p1|Snorlax, F|
|poke|p1|Indeedee-F, F|
|poke|p1|Cacturne, F|
|poke|p1|Eiscue, M|
|poke|p1|Ditto|
|poke|p1|Smeargle, M|
|poke|p2|Garchomp, M|
|poke|p2|Raging Bolt|
|poke|p2|Salamence, M|
|teampreview
|
|t:|1776344992
|teamsize|p1|6
|teamsize|p2|3
|start
|switch|p1a: Indeedee|Indeedee-F, F|100/100
|switch|p2a: Salamence|Salamence, M|100/100
|-ability|p2a: Salamence|Intimidate|boost
|-unboost|p1a: Indeedee|atk|1
|-fieldstart|move: Psychic Terrain|[from] ability: Psychic Surge|[of] p1a: Indeedee
|turn|1
|
|t:|1776345002
|move|p2a: Salamence|Dragon Dance|p2a: Salamence
|-boost|p2a: Salamence|atk|1
|-boost|p2a: Salamence|spe|1
|move|p1a: Indeedee|Trick Room|p1a: Indeedee
|-fieldstart|move: Trick Room|[of] p1a: Indeedee
|
|upkeep
|turn|2
|
|t:|1776345012
|move|p1a: Indeedee|Healing Wish|p1a: Indeedee
|faint|p1a: Indeedee
|move|p2a: Salamence|Dragon Dance|p2a: Salamence
|-boost|p2a: Salamence|atk|1
|-boost|p2a: Salamence|spe|1
|
|upkeep
|
|t:|1776345016
|switch|p1a: Snorlax|Snorlax, F|100/100
|turn|3
|
|t:|1776345024
|move|p1a: Snorlax|Belly Drum|p1a: Snorlax
|-damage|p1a: Snorlax|50/100
|-setboost|p1a: Snorlax|atk|6|[from] move: Belly Drum
|move|p2a: Salamence|Dragon Tail|p1a: Snorlax
|-damage|p1a: Snorlax|9/100
|drag|p1a: Smeargle|Smeargle, M|100/100
|
|upkeep
|turn|4
|
|t:|1776345034
|move|p1a: Smeargle|Destiny Bond|p1a: Smeargle
|-singlemove|p1a: Smeargle|Destiny Bond
|move|p2a: Salamence|Dragon Dance|p2a: Salamence
|-boost|p2a: Salamence|atk|1
|-boost|p2a: Salamence|spe|1
|
|upkeep
|turn|5
|
|t:|1776345040
|move|p1a: Smeargle|Mortal Spin|p2a: Salamence
|-damage|p2a: Salamence|98/100
|-status|p2a: Salamence|psn
|move|p2a: Salamence|Dragon Tail|p1a: Smeargle
|-enditem|p1a: Smeargle|Focus Sash
|-damage|p1a: Smeargle|1/100
|drag|p1a: Eiscue|Eiscue, M|100/100
|
|-damage|p2a: Salamence|86/100 psn|[from] psn
|-fieldend|move: Trick Room
|-fieldend|move: Psychic Terrain
|upkeep
|turn|6
|
|t:|1776345052
|move|p2a: Salamence|Dragon Dance|p2a: Salamence
|-boost|p2a: Salamence|atk|1
|-boost|p2a: Salamence|spe|1
|move|p1a: Eiscue|Body Slam|p2a: Salamence
|-damage|p2a: Salamence|60/100 psn
|
|-damage|p2a: Salamence|47/100 psn|[from] psn
|upkeep
|turn|7
|
|t:|1776345065
|move|p1a: Eiscue|Body Slam|p2a: Salamence
|-damage|p2a: Salamence|21/100 psn
|move|p2a: Salamence|Dragon Tail|p1a: Eiscue
|-activate|p1a: Eiscue|ability: Ice Face
|-damage|p1a: Eiscue|100/100
|detailschange|p1a: Eiscue|Eiscue-Noice, M
|drag|p1a: Snorlax|Snorlax, F|9/100
|-heal|p1a: Snorlax|100/100|[from] move: Healing Wish
|
|-damage|p2a: Salamence|9/100 psn|[from] psn
|upkeep
|turn|8
|
|t:|1776345077
|move|p1a: Snorlax|Crunch|p2a: Salamence
|-damage|p2a: Salamence|0 fnt
|faint|p2a: Salamence
|
|upkeep
|
|t:|1776345082
|switch|p2a: Raging Bolt|Raging Bolt|100/100
|-enditem|p2a: Raging Bolt|Booster Energy
|-activate|p2a: Raging Bolt|ability: Protosynthesis|[fromitem]
|-start|p2a: Raging Bolt|protosynthesisspa
|turn|9
|
|t:|1776345089
|move|p2a: Raging Bolt|Thunder Wave|p1a: Snorlax
|-status|p1a: Snorlax|par
|move|p1a: Snorlax|Earthquake|p2a: Raging Bolt
|-supereffective|p2a: Raging Bolt
|-damage|p2a: Raging Bolt|39/100
|
|upkeep
|turn|10
|
|t:|1776345098
|move|p2a: Raging Bolt|Dragon Hammer|p1a: Snorlax
|-damage|p1a: Snorlax|81/100 par
|move|p1a: Snorlax|Earthquake|p2a: Raging Bolt
|-supereffective|p2a: Raging Bolt
|-damage|p2a: Raging Bolt|0 fnt
|faint|p2a: Raging Bolt
|-end|p2a: Raging Bolt|Protosynthesis|[silent]
|
|-heal|p1a: Snorlax|87/100 par|[from] item: Leftovers
|upkeep
|
|t:|1776345106
|switch|p2a: Garchomp|Garchomp, M|100/100
|turn|11
|
|t:|1776345114
|move|p2a: Garchomp|Earthquake|p1a: Snorlax
|-damage|p1a: Snorlax|35/100 par
|cant|p1a: Snorlax|par
|
|-heal|p1a: Snorlax|41/100 par|[from] item: Leftovers
|upkeep
|turn|12
|
|t:|1776345122
|move|p2a: Garchomp|Earthquake|p1a: Snorlax
|-damage|p1a: Snorlax|0 fnt
|faint|p1a: Snorlax
|
|upkeep
|
|t:|1776345128
|switch|p1a: Cacturne|Cacturne, F|100/100
|-item|p1a: Cacturne|Air Balloon
|turn|13
|
|t:|1776345143
|-terastallize|p2a: Garchomp|Dragon
|move|p2a: Garchomp|Earthquake|p1a: Cacturne
|-immune|p1a: Cacturne
|move|p1a: Cacturne|Knock Off|p2a: Garchomp
|-damage|p2a: Garchomp|58/100
|-damage|p1a: Cacturne|88/100|[from] ability: Rough Skin|[of] p2a: Garchomp
|-enditem|p2a: Garchomp|Choice Band|[from] move: Knock Off|[of] p1a: Cacturne
|
|upkeep
|turn|14
|
|t:|1776345155
|move|p2a: Garchomp|Dragon Claw|p1a: Cacturne
|-damage|p1a: Cacturne|0 fnt
|-enditem|p1a: Cacturne|Air Balloon
|faint|p1a: Cacturne
|
|upkeep
|
|t:|1776345161
|switch|p1a: Ditto|Ditto|100/100
|turn|15
|
|t:|1776345166
|move|p1a: Ditto|Transform|p2a: Garchomp
|-transform|p1a: Ditto|p2a: Garchomp
|move|p2a: Garchomp|Dragon Claw|p1a: Ditto
|-supereffective|p1a: Ditto
|-damage|p1a: Ditto|0 fnt
|-damage|p2a: Garchomp|45/100|[from] ability: Rough Skin|[of] p1a: Ditto
|faint|p1a: Ditto
|
|upkeep
|
|t:|1776345172
|switch|p1a: Eiscue|Eiscue-Noice, M|100/100
|turn|16
|
|t:|1776345177
|move|p1a: Eiscue|Liquidation|p2a: Garchomp
|-resisted|p2a: Garchomp
|-damage|p2a: Garchomp|35/100
|-unboost|p2a: Garchomp|def|1
|-damage|p1a: Eiscue|88/100|[from] ability: Rough Skin|[of] p2a: Garchomp
|move|p2a: Garchomp|Dragon Claw|p1a: Eiscue
|-damage|p1a: Eiscue|3/100
|
|upkeep
|turn|17
|
|t:|1776345189
|move|p1a: Eiscue|Liquidation|p2a: Garchomp
|-resisted|p2a: Garchomp
|-damage|p2a: Garchomp|19/100
|-damage|p1a: Eiscue|0 fnt|[from] ability: Rough Skin|[of] p2a: Garchomp
|faint|p1a: Eiscue
|move|p2a: Garchomp|Earthquake|p1: Eiscue|[notarget]
|-fail|p2a: Garchomp
|
|upkeep
|
|t:|1776345192
|switch|p1a: Smeargle|Smeargle, M|1/100
|turn|18
|
|t:|1776345201
|move|p1a: Smeargle|Destiny Bond|p1a: Smeargle
|-singlemove|p1a: Smeargle|Destiny Bond
|move|p2a: Garchomp|Earthquake|p1a: Smeargle
|-damage|p1a: Smeargle|0 fnt
|faint|p1a: Smeargle
|-activate|p1a: Smeargle|move: Destiny Bond
|faint|p2a: Garchomp
|
|win|agrdsfssss
|raw|dieu grenouille's rating: 1072 &rarr; <strong>1049</strong><br />(-23 for losing)
|raw|agrdsfssss's rating: 1040 &rarr; <strong>1077</strong><br />(+37 for winning)
