|html|<div class="broadcast-blue"><strong>[Gen 9] OU is currently suspecting Tera Blast! For information on how to participate check out the <a href="https://www.smogon.com/tools/suspects/view/200">suspect thread</a>.</strong></div>
|badge|p1|silver|gen9ou|30-9
|uhtml|medal-msg|<div class="broadcast-blue">Curious what those medals under the avatar are? PS now has Ladder Seasons! For more information, check out the <a href="https://www.smogon.com/forums/threads/3740067/">thread on Smogon.</a></div>
|badge|p2|silver|gen9ou|30-9
|badge|p2|silver|gen9ubers|30-9
|uhtml|medal-msg|<div class="broadcast-blue">Curious what those medals under the avatar are? PS now has Ladder Seasons! For more information, check out the <a href="https://www.smogon.com/forums/threads/3740067/">thread on Smogon.</a></div>
|raw|<div class="broadcast-blue"><strong>This battle is required to be public due to a player having a name starting with 'ulthz25'.</div>
|j|‽Drippy T V
|j|☆ULTHZ25 LASERS
|t:|1776089377
|gametype|singles
|player|p1|Drippy T V|hero-conquest|1937
|player|p2|ULTHZ25 LASERS|169|2006
|gen|9
|tier|[Gen 9] OU
|rated|
|rule|HP Percentage Mod: HP is shown in percentages
|rule|Endless Battle Clause: Forcing endless battles is banned
|rule|Species Clause: Limit one of each Pokémon
|rule|OHKO Clause: OHKO moves are banned
|rule|Evasion Items Clause: Evasion items are banned
|rule|Evasion Moves Clause: Evasion moves are banned
|rule|Evasion Abilities Clause: Evasion abilities are banned
|rule|Sleep Moves Clause: Sleep-inducing moves are banned
|clearpoke
|poke|p1|Ribombee, F|
|poke|p1|Manaphy|
|poke|p1|Dragonite, M|
|poke|p1|Great Tusk|
|poke|p1|Ceruledge, M|
|poke|p1|Raging Bolt|
|poke|p2|Zamazenta-*|
|poke|p2|Dragonite, M|
|poke|p2|Ting-Lu|
|poke|p2|Kyurem|
|poke|p2|Gholdengo|
|poke|p2|Iron Treads|
|teampreview
|j| ohko_smeargle
|
|t:|1776089406
|teamsize|p1|6
|teamsize|p2|6
|start
|switch|p1a: Ribombee|Ribombee, F|100/100
|switch|p2a: Zamazenta|Zamazenta|100/100
|-ability|p2a: Zamazenta|Dauntless Shield|boost
|-boost|p2a: Zamazenta|def|1
|turn|1
|
|t:|1776089426
|move|p1a: Ribombee|Stun Spore|p2a: Zamazenta
|-status|p2a: Zamazenta|par
|move|p2a: Zamazenta|Heavy Slam|p1a: Ribombee
|-supereffective|p1a: Ribombee
|-enditem|p1a: Ribombee|Focus Sash
|-damage|p1a: Ribombee|1/100
|
|upkeep
|turn|2
|
|t:|1776089432
|switch|p2a: Iron Treads|Iron Treads|100/100
|-item|p2a: Iron Treads|Air Balloon
|move|p1a: Ribombee|Sticky Web|p2a: Iron Treads
|-sidestart|p2: ULTHZ25 LASERS|move: Sticky Web
|
|upkeep
|turn|3
|
|t:|1776089438
|switch|p1a: Ceruledge|Ceruledge, M|100/100
|move|p2a: Iron Treads|Knock Off|p1a: Ceruledge
|-supereffective|p1a: Ceruledge
|-damage|p1a: Ceruledge|21/100
|-ability|p1a: Ceruledge|Weak Armor|boost
|-unboost|p1a: Ceruledge|def|1
|-boost|p1a: Ceruledge|spe|2
|-enditem|p1a: Ceruledge|Focus Sash|[from] move: Knock Off|[of] p2a: Iron Treads
|
|upkeep
|turn|4
|
|t:|1776089455
|-end|p2a: Iron Treads|Quark Drive|[silent]
|switch|p2a: Ting-Lu|Ting-Lu|100/100
|-activate|p2a: Ting-Lu|move: Sticky Web
|-unboost|p2a: Ting-Lu|spe|1
|-ability|p2a: Ting-Lu|Vessel of Ruin
|move|p1a: Ceruledge|Bitter Blade|p2a: Ting-Lu
|-damage|p2a: Ting-Lu|75/100
|-heal|p1a: Ceruledge|43/100|[from] drain|[of] p2a: Ting-Lu
|-damage|p1a: Ceruledge|27/100|[from] item: Rocky Helmet|[of] p2a: Ting-Lu
|
|upkeep
|turn|5
|
|t:|1776089460
|move|p1a: Ceruledge|Close Combat|p2a: Ting-Lu
|-supereffective|p2a: Ting-Lu
|-damage|p2a: Ting-Lu|30/100
|-unboost|p1a: Ceruledge|def|1
|-unboost|p1a: Ceruledge|spd|1
|-damage|p1a: Ceruledge|10/100|[from] item: Rocky Helmet|[of] p2a: Ting-Lu
|move|p2a: Ting-Lu|Earthquake|p1a: Ceruledge
|-supereffective|p1a: Ceruledge
|-damage|p1a: Ceruledge|0 fnt
|faint|p1a: Ceruledge
|
|upkeep
|
|t:|1776089478
|switch|p1a: Manaphy|Manaphy|100/100
|turn|6
|
|t:|1776089485
|move|p1a: Manaphy|Tail Glow|p1a: Manaphy
|-boost|p1a: Manaphy|spa|3
|move|p2a: Ting-Lu|Ruination|p1a: Manaphy
|-damage|p1a: Manaphy|51/100
|
|-heal|p1a: Manaphy|57/100|[from] item: Leftovers
|upkeep
|turn|7
|
|t:|1776089489
|move|p1a: Manaphy|Surf|p2a: Ting-Lu
|-supereffective|p2a: Ting-Lu
|-damage|p2a: Ting-Lu|0 fnt
|faint|p2a: Ting-Lu
|
|-heal|p1a: Manaphy|63/100|[from] item: Leftovers
|upkeep
|
|t:|1776089492
|switch|p2a: Kyurem|Kyurem|100/100
|-activate|p2a: Kyurem|move: Sticky Web
|-unboost|p2a: Kyurem|spe|1
|-ability|p2a: Kyurem|Pressure
|turn|8
|
|t:|1776089499
|-terastallize|p1a: Manaphy|Fairy
|move|p1a: Manaphy|Alluring Voice|p2a: Kyurem
|-supereffective|p2a: Kyurem
|-damage|p2a: Kyurem|0 fnt
|faint|p2a: Kyurem
|
|-heal|p1a: Manaphy|69/100|[from] item: Leftovers
|upkeep
|
|t:|1776089540
|switch|p2a: Iron Treads|Iron Treads|100/100
|-item|p2a: Iron Treads|Air Balloon
|turn|9
|
|t:|1776089544
|move|p2a: Iron Treads|Knock Off|p1a: Manaphy
|-resisted|p1a: Manaphy
|-damage|p1a: Manaphy|54/100
|-enditem|p1a: Manaphy|Leftovers|[from] move: Knock Off|[of] p2a: Iron Treads
|move|p1a: Manaphy|Surf|p2a: Iron Treads
|-supereffective|p2a: Iron Treads
|-damage|p2a: Iron Treads|0 fnt
|-enditem|p2a: Iron Treads|Air Balloon
|faint|p2a: Iron Treads
|-end|p2a: Iron Treads|Quark Drive|[silent]
|
|upkeep
|
|t:|1776089547
|switch|p2a: Dragonite|Dragonite, M|100/100
|turn|10
|
|t:|1776089554
|-terastallize|p2a: Dragonite|Fairy
|move|p1a: Manaphy|Alluring Voice|p2a: Dragonite
|-damage|p2a: Dragonite|56/100
|move|p2a: Dragonite|Dragon Dance|p2a: Dragonite
|-boost|p2a: Dragonite|atk|1
|-boost|p2a: Dragonite|spe|1
|
|-heal|p2a: Dragonite|62/100|[from] item: Leftovers
|upkeep
|turn|11
|
|t:|1776089561
|move|p2a: Dragonite|Tera Blast|p1a: Manaphy|[anim] Tera Blast Fairy
|-damage|p1a: Manaphy|0 fnt
|faint|p1a: Manaphy
|
|-heal|p2a: Dragonite|69/100|[from] item: Leftovers
|upkeep
|
|t:|1776089575
|switch|p1a: Raging Bolt|Raging Bolt|100/100
|-enditem|p1a: Raging Bolt|Booster Energy
|-activate|p1a: Raging Bolt|ability: Protosynthesis|[fromitem]
|-start|p1a: Raging Bolt|protosynthesisspa
|turn|12
|
|t:|1776089581
|move|p2a: Dragonite|Dragon Dance|p2a: Dragonite
|-boost|p2a: Dragonite|atk|1
|-boost|p2a: Dragonite|spe|1
|move|p1a: Raging Bolt|Thunderbolt|p2a: Dragonite
|-damage|p2a: Dragonite|0 fnt
|faint|p2a: Dragonite
|
|upkeep
|-message|ULTHZ25 LASERS forfeited.
|
|win|Drippy T V
|raw|Drippy T V's rating: 1937 &rarr; <strong>1961</strong><br />(+24 for winning)
|raw|ULTHZ25 LASERS's rating: 2006 &rarr; <strong>1982</strong><br />(-24 for losing)
|l| ohko_smeargle
|l|☆ULTHZ25 LASERS
|player|p2|
|l|‽Drippy T V
|player|p1|
