|html|<div class="broadcast-blue"><strong>[Gen 9] OU is currently suspecting Tera Blast! For information on how to participate check out the <a href="https://www.smogon.com/tools/suspects/view/200">suspect thread</a>.</strong></div>
|j|☆baakrisht
|j|☆Saemon
|t:|1776084899
|gametype|singles
|player|p1|baakrisht|1|1185
|player|p2|Saemon|acetrainer-gen4|1222
|gen|9
|tier|[Gen 9] OU
|rated|
|rule|HP Percentage Mod: HP is shown in percentages
|rule|Endless Battle Clause: Forcing endless battles is banned
|rule|Species Clause: Limit one of each Pokémon
|rule|OHKO Clause: OHKO moves are banned
|rule|Evasion Items Clause: Evasion items are banned
|rule|Evasion Moves Clause: Evasion moves are banned
|rule|Evasion Abilities Clause: Evasion abilities are banned
|rule|Sleep Moves Clause: Sleep-inducing moves are banned
|clearpoke
|poke|p1|Espeon, F|
|poke|p1|Goodra, F|
|poke|p1|Weezing-Galar, F|
|poke|p1|Orthworm, F|
|poke|p1|Suicune|
|poke|p1|Blissey, F|
|poke|p2|Kingambit, M|
|poke|p2|Dragonite, F|
|poke|p2|Pecharunt|
|poke|p2|Sinistcha|
|poke|p2|Corviknight, M|
|poke|p2|Cloyster, F|
|teampreview
|
|t:|1776084907
|teamsize|p1|6
|teamsize|p2|6
|start
|switch|p1a: लाठ साहब|Weezing-Galar, F|100/100
|switch|p2a: Pecharunt|Pecharunt|100/100
|-item|p2a: Pecharunt|Air Balloon
|turn|1
|inactive|Battle timer is ON: inactive players will automatically lose when time's up. (requested by Saemon)
|
|t:|1776084916
|switch|p1a: दील दो 💖|Orthworm, F|100/100
|move|p2a: Pecharunt|Parting Shot|p1a: दील दो 💖
|-unboost|p1a: दील दो 💖|atk|1
|-unboost|p1a: दील दो 💖|spa|1
|
|t:|1776084922
|switch|p2a: Dragonite|Dragonite, F|100/100|[from] Parting Shot
|
|upkeep
|turn|2
|
|t:|1776084929
|move|p2a: Dragonite|Dragon Dance|p2a: Dragonite
|-boost|p2a: Dragonite|atk|1
|-boost|p2a: Dragonite|spe|1
|move|p1a: दील दो 💖|Iron Defense|p1a: दील दो 💖
|-boost|p1a: दील दो 💖|def|2
|
|upkeep
|turn|3
|
|t:|1776084935
|move|p2a: Dragonite|Earthquake|p1a: दील दो 💖
|-immune|p1a: दील दो 💖|[from] ability: Earth Eater
|move|p1a: दील दो 💖|Iron Defense|p1a: दील दो 💖
|-boost|p1a: दील दो 💖|def|2
|
|upkeep
|turn|4
|
|t:|1776084942
|move|p2a: Dragonite|Fire Punch|p1a: दील दो 💖
|-supereffective|p1a: दील दो 💖
|-damage|p1a: दील दो 💖|85/100
|move|p1a: दील दो 💖|Stealth Rock|p2a: Dragonite
|-sidestart|p2: Saemon|move: Stealth Rock
|
|-heal|p1a: दील दो 💖|91/100|[from] item: Leftovers
|upkeep
|turn|5
|
|t:|1776084948
|move|p2a: Dragonite|Dragon Dance|p2a: Dragonite
|-boost|p2a: Dragonite|atk|1
|-boost|p2a: Dragonite|spe|1
|move|p1a: दील दो 💖|Body Press|p2a: Dragonite
|-resisted|p2a: Dragonite
|-damage|p2a: Dragonite|75/100
|
|-heal|p1a: दील दो 💖|98/100|[from] item: Leftovers
|upkeep
|turn|6
|
|t:|1776084956
|move|p2a: Dragonite|Fire Punch|p1a: दील दो 💖
|-supereffective|p1a: दील दो 💖
|-damage|p1a: दील दो 💖|74/100
|move|p1a: दील दो 💖|Iron Defense|p1a: दील दो 💖
|-boost|p1a: दील दो 💖|def|2
|
|-heal|p1a: दील दो 💖|80/100|[from] item: Leftovers
|upkeep
|turn|7
|
|t:|1776084963
|move|p2a: Dragonite|Fire Punch|p1a: दील दो 💖
|-supereffective|p1a: दील दो 💖
|-damage|p1a: दील दो 💖|65/100
|move|p1a: दील दो 💖|Body Press|p2a: Dragonite
|-resisted|p2a: Dragonite
|-damage|p2a: Dragonite|0 fnt
|faint|p2a: Dragonite
|
|-heal|p1a: दील दो 💖|71/100|[from] item: Leftovers
|upkeep
|
|t:|1776084975
|switch|p2a: Corviknight|Corviknight, M|100/100
|turn|8
|
|t:|1776084979
|move|p2a: Corviknight|Defog|p1a: दील दो 💖
|-unboost|p1a: दील दो 💖|evasion|1
|-sideend|p2: Saemon|Stealth Rock|[from] move: Defog|[of] p2a: Corviknight
|move|p1a: दील दो 💖|Body Press|p2a: Corviknight
|-damage|p2a: Corviknight|19/100
|
|-heal|p1a: दील दो 💖|77/100|[from] item: Leftovers
|upkeep
|turn|9
|
|t:|1776084989
|move|p2a: Corviknight|Body Press|p1a: दील दो 💖
|-supereffective|p1a: दील दो 💖
|-damage|p1a: दील दो 💖|69/100
|move|p1a: दील दो 💖|Stealth Rock|p2a: Corviknight
|-sidestart|p2: Saemon|move: Stealth Rock
|
|-heal|p1a: दील दो 💖|75/100|[from] item: Leftovers
|upkeep
|turn|10
|
|t:|1776084996
|move|p2a: Corviknight|Defog|p1a: दील दो 💖
|-unboost|p1a: दील दो 💖|evasion|1
|-sideend|p2: Saemon|Stealth Rock|[from] move: Defog|[of] p2a: Corviknight
|move|p1a: दील दो 💖|Body Press|p2a: Corviknight
|-damage|p2a: Corviknight|0 fnt
|faint|p2a: Corviknight
|
|-heal|p1a: दील दो 💖|81/100|[from] item: Leftovers
|upkeep
|
|t:|1776085008
|switch|p2a: Sinistcha|Sinistcha|100/100
|turn|11
|
|t:|1776085014
|switch|p1a: बिलाई मौसी|Espeon, F|100/100
|move|p2a: Sinistcha|Calm Mind|p2a: Sinistcha
|-boost|p2a: Sinistcha|spa|1
|-boost|p2a: Sinistcha|spd|1
|
|upkeep
|turn|12
|
|t:|1776085021
|-terastallize|p1a: बिलाई मौसी|Normal
|move|p1a: बिलाई मौसी|Trick|p2a: Sinistcha
|-activate|p1a: बिलाई मौसी|move: Trick|[of] p2a: Sinistcha
|-item|p2a: Sinistcha|Choice Scarf|[from] move: Trick
|-item|p1a: बिलाई मौसी|Heavy-Duty Boots|[from] move: Trick
|move|p2a: Sinistcha|Shadow Ball|p1a: बिलाई मौसी
|-immune|p1a: बिलाई मौसी
|
|upkeep
|turn|13
|-message|Saemon forfeited.
|
|win|baakrisht
|raw|baakrisht's rating: 1185 &rarr; <strong>1213</strong><br />(+28 for winning)
|raw|Saemon's rating: 1222 &rarr; <strong>1194</strong><br />(-28 for losing)
|l|☆Saemon
|player|p2|
|l|☆baakrisht
|player|p1|
