|html|<div class="broadcast-blue"><strong>[Gen 9] OU is currently suspecting Tera Blast! For information on how to participate check out the <a href="https://www.smogon.com/tools/suspects/view/200">suspect thread</a>.</strong></div>
|j|☆abate fabs
|j|‽rank 1 greninja
|t:|1776213032
|gametype|singles
|player|p1|abate fabs|touristf|1366
|player|p2|rank 1 greninja|265|1423
|gen|9
|tier|[Gen 9] OU
|rated|
|rule|HP Percentage Mod: HP is shown in percentages
|rule|Endless Battle Clause: Forcing endless battles is banned
|rule|Species Clause: Limit one of each Pokémon
|rule|OHKO Clause: OHKO moves are banned
|rule|Evasion Items Clause: Evasion items are banned
|rule|Evasion Moves Clause: Evasion moves are banned
|rule|Evasion Abilities Clause: Evasion abilities are banned
|rule|Sleep Moves Clause: Sleep-inducing moves are banned
|clearpoke
|poke|p1|Umbreon, M|
|poke|p1|Mandibuzz, F|
|poke|p1|Clodsire, M|
|poke|p1|Hatterene, F|
|poke|p1|Slowking, M|
|poke|p1|Crocalor, F|
|poke|p2|Pelipper, M|
|poke|p2|Tornadus-Therian, M|
|poke|p2|Barraskewda, M|
|poke|p2|Iron Treads|
|poke|p2|Ludicolo, M|
|poke|p2|Poliwrath, M|
|teampreview
|inactive|Battle timer is ON: inactive players will automatically lose when time's up. (requested by abate fabs)
|j| ohko_smeargle
|
|t:|1776213044
|teamsize|p1|6
|teamsize|p2|6
|start
|switch|p1a: Checktung|Slowking, M|100/100
|switch|p2a: Ludicolo|Ludicolo, M|100/100
|turn|1
|
|t:|1776213051
|switch|p2a: Iron Treads|Iron Treads|100/100
|-prepare|p1a: Checktung|Chilly Reception|[premajor]
|move|p1a: Checktung|Chilly Reception|p1a: Checktung
|-weather|Snowscape
|
|t:|1776213054
|switch|p1a: Checkaloo|Crocalor, F|100/100|[from] Chilly Reception
|
|-weather|Snowscape|[upkeep]
|upkeep
|turn|2
|
|t:|1776213060
|move|p2a: Iron Treads|Volt Switch|p1a: Checkaloo
|-damage|p1a: Checkaloo|93/100
|
|t:|1776213062
|-end|p2a: Iron Treads|Quark Drive|[silent]
|switch|p2a: Pelipper|Pelipper, M|100/100|[from] Volt Switch
|-weather|RainDance|[from] ability: Drizzle|[of] p2a: Pelipper
|move|p1a: Checkaloo|Fire Spin|p2a: Pelipper
|-resisted|p2a: Pelipper
|-damage|p2a: Pelipper|97/100
|-activate|p2a: Pelipper|move: Fire Spin|[of] p1a: Checkaloo
|
|-weather|RainDance|[upkeep]
|-damage|p2a: Pelipper|84/100|[from] move: Fire Spin|[partiallytrapped]
|upkeep
|turn|3
|
|t:|1776213071
|move|p1a: Checkaloo|Will-O-Wisp|p2a: Pelipper
|-status|p2a: Pelipper|brn
|move|p2a: Pelipper|U-turn|p1a: Checkaloo
|-resisted|p1a: Checkaloo
|-damage|p1a: Checkaloo|91/100
|
|t:|1776213075
|switch|p2a: Barraskewda|Barraskewda, M|100/100|[from] U-turn
|
|-weather|RainDance|[upkeep]
|upkeep
|turn|4
|
|t:|1776213081
|-terastallize|p1a: Checkaloo|Flying
|move|p2a: Barraskewda|Flip Turn|p1a: Checkaloo
|-damage|p1a: Checkaloo|39/100
|
|t:|1776213086
|switch|p2a: Pelipper|Pelipper, M|84/100 brn|[from] Flip Turn
|move|p1a: Checkaloo|Will-O-Wisp|p2a: Pelipper
|-fail|p2a: Pelipper|brn
|
|-weather|RainDance|[upkeep]
|-damage|p2a: Pelipper|78/100 brn|[from] brn
|upkeep
|turn|5
|
|t:|1776213091
|move|p1a: Checkaloo|Slack Off|p1a: Checkaloo
|-heal|p1a: Checkaloo|89/100
|move|p2a: Pelipper|U-turn|p1a: Checkaloo
|-resisted|p1a: Checkaloo
|-damage|p1a: Checkaloo|87/100
|
|t:|1776213095
|switch|p2a: Tornadus|Tornadus-Therian, M|100/100|[from] U-turn
|
|-weather|RainDance|[upkeep]
|upkeep
|turn|6
|
|t:|1776213098
|switch|p1a: Checker|Umbreon, M|100/100
|move|p2a: Tornadus|Nasty Plot|p2a: Tornadus
|-boost|p2a: Tornadus|spa|2
|
|-weather|RainDance|[upkeep]
|upkeep
|turn|7
|
|t:|1776213103
|move|p2a: Tornadus|Taunt|p1a: Checker
|-start|p1a: Checker|move: Taunt
|cant|p1a: Checker|move: Taunt|Toxic
|
|-weather|RainDance|[upkeep]
|upkeep
|turn|8
|-message|abate fabs forfeited.
|
|win|rank 1 greninja
|raw|abate fabs's rating: 1366 &rarr; <strong>1349</strong><br />(-17 for losing)
|raw|rank 1 greninja's rating: 1423 &rarr; <strong>1440</strong><br />(+17 for winning)
|l|☆abate fabs
|player|p1|
|l| ohko_smeargle
