|html|<div class="broadcast-blue"><strong>[Gen 9] OU is currently suspecting Tera Blast! For information on how to participate check out the <a href="https://www.smogon.com/tools/suspects/view/200">suspect thread</a>.</strong></div>
|j|☆smoldracovish
|j|☆heugeo27
|t:|1776217980
|gametype|singles
|player|p1|smoldracovish|nancy|
|player|p2|heugeo27|clerk|
|gen|9
|tier|[Gen 9] OU
|rule|HP Percentage Mod: HP is shown in percentages
|rule|Endless Battle Clause: Forcing endless battles is banned
|rule|Species Clause: Limit one of each Pokémon
|rule|OHKO Clause: OHKO moves are banned
|rule|Evasion Items Clause: Evasion items are banned
|rule|Evasion Moves Clause: Evasion moves are banned
|rule|Evasion Abilities Clause: Evasion abilities are banned
|rule|Sleep Moves Clause: Sleep-inducing moves are banned
|clearpoke
|poke|p1|Tinkaton, F|
|poke|p1|Ogerpon, F|
|poke|p1|Great Tusk|
|poke|p1|Pecharunt|
|poke|p1|Alomomola, F|
|poke|p1|Hydreigon, M|
|poke|p2|Hatterene, F|
|poke|p2|Walking Wake|
|poke|p2|Great Tusk|
|poke|p2|Charizard, M|
|poke|p2|Torkoal, F|
|poke|p2|Kingambit, F|
|teampreview
|j| alexmaya29
|j| PadrinoVGC
|l| PadrinoVGC
|
|t:|1776218012
|teamsize|p1|6
|teamsize|p2|6
|start
|switch|p1a: Hydreigon|Hydreigon, M|100/100
|switch|p2a: Chariot|Torkoal, F, shiny|100/100
|-weather|SunnyDay|[from] ability: Drought|[of] p2a: Chariot
|turn|1
|j| PadrinoVGC
|c| alexmaya29|Que equipos
|
|t:|1776218027
|move|p1a: Hydreigon|Dark Pulse|p2a: Chariot
|-damage|p2a: Chariot|19/100
|cant|p2a: Chariot|flinch
|
|-weather|SunnyDay|[upkeep]
|upkeep
|turn|2
|c| alexmaya29|Nada común
|c| PadrinoVGC|xd
|
|t:|1776218047
|switch|p2a: RexNex22|Kingambit, F, shiny|100/100
|move|p1a: Hydreigon|Dark Pulse|p2a: RexNex22
|-resisted|p2a: RexNex22
|-crit|p2a: RexNex22
|-damage|p2a: RexNex22|51/100
|
|-weather|SunnyDay|[upkeep]
|-heal|p2a: RexNex22|57/100|[from] item: Leftovers
|upkeep
|turn|3
|
|t:|1776218061
|switch|p1a: Great Tusk|Great Tusk|100/100
|-activate|p1a: Great Tusk|ability: Protosynthesis
|-start|p1a: Great Tusk|protosynthesisatk
|-end|p2a: RexNex22|fallenundefined|[silent]
|switch|p2a: Sakura|Hatterene, F, shiny|100/100
|
|-weather|SunnyDay|[upkeep]
|upkeep
|turn|4
|j| shellbreakers
|
|t:|1776218071
|-end|p1a: Great Tusk|Protosynthesis|[silent]
|switch|p1a: Alomomola|Alomomola, F|100/100
|move|p2a: Sakura|Dazzling Gleam|p1a: Alomomola
|-damage|p1a: Alomomola|83/100
|
|-weather|SunnyDay|[upkeep]
|upkeep
|turn|5
|c| shellbreakers|Vamos, Smol.
|l| shellbreakers
|
|t:|1776218087
|move|p1a: Alomomola|Flip Turn|p2a: Sakura
|-damage|p2a: Sakura|94/100
|
|t:|1776218088
|switch|p1a: Tinkaton|Tinkaton, F|100/100|[from] Flip Turn
|-item|p1a: Tinkaton|Air Balloon
|move|p2a: Sakura|Nuzzle|p1a: Tinkaton
|-damage|p1a: Tinkaton|95/100
|-status|p1a: Tinkaton|par
|-enditem|p1a: Tinkaton|Air Balloon
|-enditem|p2a: Sakura|Assault Vest|[silent]|[from] ability: Pickpocket|[of] p2a: Sakura
|-item|p1a: Tinkaton|Assault Vest|[from] ability: Pickpocket|[of] p2a: Sakura
|
|-weather|SunnyDay|[upkeep]
|upkeep
|turn|6
|j| JorgeLRodriguezI
|j| shellbreakers
|
|t:|1776218111
|switch|p2a: Sandro|Charizard, M, shiny|100/100
|move|p1a: Tinkaton|Gigaton Hammer|p2a: Sandro
|-resisted|p2a: Sandro
|-damage|p2a: Sandro|58/100
|
|-weather|SunnyDay|[upkeep]
|-damage|p2a: Sandro|45/100|[from] ability: Solar Power|[of] p2a: Sandro
|upkeep
|turn|7
|
|t:|1776218136
|switch|p1a: Alomomola|Alomomola, F|100/100
|move|p2a: Sandro|Solar Beam||[still]
|-prepare|p2a: Sandro|Solar Beam
|-anim|p2a: Sandro|Solar Beam|p1a: Alomomola
|-supereffective|p1a: Alomomola
|-damage|p1a: Alomomola|17/100
|
|-weather|SunnyDay|[upkeep]
|-damage|p2a: Sandro|33/100|[from] ability: Solar Power|[of] p2a: Sandro
|upkeep
|turn|8
|
|t:|1776218149
|switch|p1a: Tinkaton|Tinkaton, F|95/100 par
|move|p2a: Sandro|Solar Beam||[still]
|-prepare|p2a: Sandro|Solar Beam
|-anim|p2a: Sandro|Solar Beam|p1a: Tinkaton
|-resisted|p1a: Tinkaton
|-damage|p1a: Tinkaton|68/100 par
|
|-weather|none
|upkeep
|turn|9
|
|t:|1776218156
|switch|p2a: Chariot|Torkoal, F, shiny|19/100
|-weather|SunnyDay|[from] ability: Drought|[of] p2a: Chariot
|switch|p1a: Alomomola|Alomomola, F|50/100
|
|-weather|SunnyDay|[upkeep]
|upkeep
|turn|10
|
|t:|1776218175
|switch|p2a: Scary Monsters|Walking Wake|100/100
|-activate|p2a: Scary Monsters|ability: Protosynthesis
|-start|p2a: Scary Monsters|protosynthesisspe
|move|p1a: Alomomola|Flip Turn|p2a: Scary Monsters
|-resisted|p2a: Scary Monsters
|-damage|p2a: Scary Monsters|98/100
|
|t:|1776218179
|switch|p1a: Tinkaton|Tinkaton, F|68/100 par|[from] Flip Turn
|
|-weather|SunnyDay|[upkeep]
|upkeep
|turn|11
|c| shellbreakers|Tú puedes, Hugo:D
|
|t:|1776218217
|switch|p1a: Alomomola|Alomomola, F|83/100
|-terastallize|p2a: Scary Monsters|Water
|move|p2a: Scary Monsters|Hydro Steam|p1a: Alomomola
|-resisted|p1a: Alomomola
|-damage|p1a: Alomomola|59/100
|-damage|p2a: Scary Monsters|88/100|[from] item: Life Orb
|
|-weather|SunnyDay|[upkeep]
|upkeep
|turn|12
|
|t:|1776218227
|move|p2a: Scary Monsters|Draco Meteor|p1a: Alomomola
|-damage|p1a: Alomomola|17/100
|-unboost|p2a: Scary Monsters|spa|2
|-damage|p2a: Scary Monsters|79/100|[from] item: Life Orb
|move|p1a: Alomomola|Mirror Coat|p2a: Scary Monsters
|-damage|p2a: Scary Monsters|0 fnt
|faint|p2a: Scary Monsters
|-end|p2a: Scary Monsters|Protosynthesis|[silent]
|
|-weather|SunnyDay|[upkeep]
|upkeep
|
|t:|1776218240
|switch|p2a: Talismán|Great Tusk, shiny|100/100
|-activate|p2a: Talismán|ability: Protosynthesis
|-start|p2a: Talismán|protosynthesisatk
|turn|13
|c| PadrinoVGC|Alv
|c|☆smoldracovish|No se repite la del tellez
|c| PadrinoVGC|Jajajajajaja
|
|t:|1776218256
|switch|p1a: Tinkaton|Tinkaton, F|68/100 par
|move|p2a: Talismán|Knock Off|p1a: Tinkaton
|-resisted|p1a: Tinkaton
|-damage|p1a: Tinkaton|38/100 par
|-enditem|p1a: Tinkaton|Assault Vest|[from] move: Knock Off|[of] p2a: Talismán
|-enditem|p2a: Talismán|Heavy-Duty Boots|[silent]|[from] ability: Pickpocket|[of] p2a: Talismán
|-item|p1a: Tinkaton|Heavy-Duty Boots|[from] ability: Pickpocket|[of] p2a: Talismán
|
|-weather|SunnyDay|[upkeep]
|upkeep
|turn|14
|
|t:|1776218267
|move|p2a: Talismán|Knock Off|p1a: Tinkaton
|-resisted|p1a: Tinkaton
|-damage|p1a: Tinkaton|8/100 par
|-enditem|p1a: Tinkaton|Heavy-Duty Boots|[from] move: Knock Off|[of] p2a: Talismán
|cant|p1a: Tinkaton|par
|
|-weather|SunnyDay|[upkeep]
|upkeep
|turn|15
|
|t:|1776218287
|switch|p1a: Pecharunt|Pecharunt|100/100
|move|p2a: Talismán|Knock Off|p1a: Pecharunt
|-supereffective|p1a: Pecharunt
|-damage|p1a: Pecharunt|62/100
|-damage|p2a: Talismán|84/100|[from] item: Rocky Helmet|[of] p1a: Pecharunt
|-enditem|p1a: Pecharunt|Rocky Helmet|[from] move: Knock Off|[of] p2a: Talismán
|
|-weather|SunnyDay|[upkeep]
|upkeep
|turn|16
|
|t:|1776218297
|switch|p1a: Tinkaton|Tinkaton, F|8/100 par
|move|p2a: Talismán|Headlong Rush|p1a: Tinkaton
|-supereffective|p1a: Tinkaton
|-damage|p1a: Tinkaton|0 fnt
|-unboost|p2a: Talismán|def|1
|-unboost|p2a: Talismán|spd|1
|faint|p1a: Tinkaton
|
|-weather|none
|-end|p2a: Talismán|Protosynthesis
|upkeep
|
|t:|1776218300
|switch|p1a: Ogerpon|Ogerpon, F|100/100
|turn|17
|
|t:|1776218306
|-end|p2a: Talismán|Protosynthesis|[silent]
|switch|p2a: Chariot|Torkoal, F, shiny|19/100
|-weather|SunnyDay|[from] ability: Drought|[of] p2a: Chariot
|move|p1a: Ogerpon|Ivy Cudgel|p2a: Chariot
|-resisted|p2a: Chariot
|-crit|p2a: Chariot
|-damage|p2a: Chariot|0 fnt
|faint|p2a: Chariot
|
|-weather|SunnyDay|[upkeep]
|upkeep
|
|t:|1776218330
|switch|p2a: Sandro|Charizard, M, shiny|33/100
|turn|18
|
|t:|1776218339
|switch|p1a: Hydreigon|Hydreigon, M|100/100
|move|p2a: Sandro|Flamethrower|p1a: Hydreigon
|-resisted|p1a: Hydreigon
|-damage|p1a: Hydreigon|25/100
|
|-weather|SunnyDay|[upkeep]
|-damage|p2a: Sandro|20/100|[from] ability: Solar Power|[of] p2a: Sandro
|upkeep
|turn|19
|
|t:|1776218349
|move|p2a: Sandro|Flamethrower|p1a: Hydreigon
|-resisted|p1a: Hydreigon
|-damage|p1a: Hydreigon|0 fnt
|faint|p1a: Hydreigon
|
|-weather|SunnyDay|[upkeep]
|-damage|p2a: Sandro|8/100|[from] ability: Solar Power|[of] p2a: Sandro
|upkeep
|
|t:|1776218357
|switch|p1a: Alomomola|Alomomola, F|50/100
|turn|20
|
|t:|1776218364
|switch|p2a: Sakura|Hatterene, F, shiny|94/100
|move|p1a: Alomomola|Aqua Jet|p2a: Sakura
|-damage|p2a: Sakura|89/100
|
|-weather|SunnyDay|[upkeep]
|upkeep
|turn|21
|
|t:|1776218377
|move|p2a: Sakura|Nuzzle|p1a: Alomomola
|-supereffective|p1a: Alomomola
|-damage|p1a: Alomomola|44/100
|-status|p1a: Alomomola|par
|cant|p1a: Alomomola|par
|
|-weather|SunnyDay|[upkeep]
|upkeep
|turn|22
|
|t:|1776218386
|move|p2a: Sakura|Dazzling Gleam|p1a: Alomomola
|-damage|p1a: Alomomola|25/100 par
|cant|p1a: Alomomola|par
|
|-weather|SunnyDay|[upkeep]
|upkeep
|turn|23
|
|t:|1776218394
|move|p2a: Sakura|Dazzling Gleam|p1a: Alomomola
|-damage|p1a: Alomomola|7/100 par
|move|p1a: Alomomola|Mirror Coat|p2a: Sakura
|-damage|p2a: Sakura|28/100
|
|-weather|SunnyDay|[upkeep]
|upkeep
|turn|24
|
|t:|1776218412
|switch|p1a: Pecharunt|Pecharunt|62/100
|move|p2a: Sakura|Mystical Fire|p1a: Pecharunt
|-damage|p1a: Pecharunt|26/100
|-unboost|p1a: Pecharunt|spa|1
|
|-weather|none
|upkeep
|turn|25
|
|t:|1776218436
|switch|p1a: Alomomola|Alomomola, F|40/100 par
|move|p2a: Sakura|Dazzling Gleam|p1a: Alomomola
|-damage|p1a: Alomomola|21/100 par
|
|upkeep
|turn|26
|
|t:|1776218445
|move|p2a: Sakura|Dazzling Gleam|p1a: Alomomola
|-damage|p1a: Alomomola|4/100 par
|move|p1a: Alomomola|Flip Turn|p2a: Sakura
|-damage|p2a: Sakura|14/100
|
|t:|1776218448
|switch|p1a: Ogerpon|Ogerpon, F|100/100|[from] Flip Turn
|
|upkeep
|turn|27
|
|t:|1776218454
|move|p1a: Ogerpon|Ivy Cudgel|p2a: Sakura
|-damage|p2a: Sakura|0 fnt
|faint|p2a: Sakura
|
|upkeep
|
|t:|1776218462
|switch|p2a: Sandro|Charizard, M, shiny|8/100
|turn|28
|
|t:|1776218487
|-terastallize|p1a: Ogerpon|Grass
|detailschange|p1a: Ogerpon|Ogerpon-Teal-Tera, F, tera:Grass
|-ability|p1a: Ogerpon|Embody Aspect (Teal)|boost
|-boost|p1a: Ogerpon|spe|1
|move|p1a: Ogerpon|Ivy Cudgel|p2a: Sandro
|-resisted|p2a: Sandro
|-damage|p2a: Sandro|0 fnt
|faint|p2a: Sandro
|
|upkeep
|
|t:|1776218496
|switch|p2a: RexNex22|Kingambit, F, shiny|57/100
|-activate|p2a: RexNex22|ability: Supreme Overlord
|-start|p2a: RexNex22|fallen4|[silent]
|turn|29
|l| JorgeLRodriguezI
|j| JorgeLRodriguezI
|
|t:|1776218538
|switch|p1a: Great Tusk|Great Tusk|100/100
|move|p2a: RexNex22|Kowtow Cleave|p1a: Great Tusk
|-resisted|p1a: Great Tusk
|-damage|p1a: Great Tusk|74/100
|
|-heal|p2a: RexNex22|64/100|[from] item: Leftovers
|upkeep
|turn|30
|
|t:|1776218552
|move|p1a: Great Tusk|Ice Spinner|p2a: RexNex22
|-resisted|p2a: RexNex22
|-damage|p2a: RexNex22|51/100
|move|p2a: RexNex22|Iron Head|p1a: Great Tusk
|-damage|p1a: Great Tusk|26/100
|
|-heal|p2a: RexNex22|57/100|[from] item: Leftovers
|upkeep
|turn|31
|
|t:|1776218567
|move|p2a: RexNex22|Sucker Punch|p1a: Great Tusk
|-resisted|p1a: Great Tusk
|-damage|p1a: Great Tusk|3/100
|move|p1a: Great Tusk|Close Combat|p2a: RexNex22
|-supereffective|p2a: RexNex22
|-damage|p2a: RexNex22|0 fnt
|-unboost|p1a: Great Tusk|def|1
|-unboost|p1a: Great Tusk|spd|1
|faint|p2a: RexNex22
|-end|p2a: RexNex22|fallen4|[silent]
|
|upkeep
|l| alexmaya29
|
|t:|1776218576
|switch|p2a: Talismán|Great Tusk, shiny|84/100
|turn|32
|
|t:|1776218579
|-end|p1a: Great Tusk|Protosynthesis|[silent]
|switch|p1a: Pecharunt|Pecharunt|26/100
|move|p2a: Talismán|Rapid Spin|p1a: Pecharunt
|-immune|p1a: Pecharunt
|
|upkeep
|turn|33
|
|t:|1776218583
|move|p2a: Talismán|Knock Off|p1a: Pecharunt
|-supereffective|p1a: Pecharunt
|-damage|p1a: Pecharunt|4/100
|move|p1a: Pecharunt|Recover|p1a: Pecharunt
|-heal|p1a: Pecharunt|54/100
|
|upkeep
|turn|34
|c|☆smoldracovish|Gg
|c|☆heugeo27|gg
|
|t:|1776218608
|move|p2a: Talismán|Headlong Rush|p1a: Pecharunt
|-supereffective|p1a: Pecharunt
|-damage|p1a: Pecharunt|0 fnt
|-unboost|p2a: Talismán|def|1
|-unboost|p2a: Talismán|spd|1
|faint|p1a: Pecharunt
|
|upkeep
|
|t:|1776218610
|switch|p1a: Ogerpon|Ogerpon-Teal-Tera, F, tera:Grass|100/100
|-ability|p1a: Ogerpon|Embody Aspect (Teal)|boost
|-boost|p1a: Ogerpon|spe|1
|turn|35
|
|t:|1776218617
|move|p1a: Ogerpon|Ivy Cudgel|p2a: Talismán
|-supereffective|p2a: Talismán
|-damage|p2a: Talismán|0 fnt
|faint|p2a: Talismán
|-end|p2a: Talismán|Protosynthesis|[silent]
|
|win|smoldracovish
|l| PadrinoVGC
|l| shellbreakers
|l| JorgeLRodriguezI
|l|☆heugeo27
|player|p2|
