|html|<div class="broadcast-blue"><strong>[Gen 9] OU is currently suspecting Volcarona! For information on how to participate check out the <a href="https://www.smogon.com/tools/suspects/view/208">suspect thread</a>.</strong></div>
|j|☆fartemon
|j|☆dimorphika
|t:|1778507275
|gametype|singles
|player|p1|fartemon|dawn|1105
|player|p2|dimorphika|caitlin|1166
|gen|9
|tier|[Gen 9] OU
|rated|
|rule|HP Percentage Mod: HP is shown in percentages
|rule|Endless Battle Clause: Forcing endless battles is banned
|rule|Species Clause: Limit one of each Pokémon
|rule|OHKO Clause: OHKO moves are banned
|rule|Evasion Items Clause: Evasion items are banned
|rule|Evasion Moves Clause: Evasion moves are banned
|rule|Evasion Abilities Clause: Evasion abilities are banned
|rule|Sleep Moves Clause: Sleep-inducing moves are banned
|clearpoke
|poke|p1|Luxray, F|
|poke|p1|Lucario, F|
|poke|p1|Gliscor, M|
|poke|p1|Azumarill, M|
|poke|p1|Dragapult, M|
|poke|p1|Leafeon, F|
|poke|p2|Emboar, F|
|poke|p2|Metagross|
|poke|p2|Froslass, F|
|poke|p2|Landorus-Therian, M|
|poke|p2|Raging Bolt|
|poke|p2|Manaphy|
|teampreview
|inactive|Battle timer is ON: inactive players will automatically lose when time's up. (requested by dimorphika)
|
|t:|1778507307
|teamsize|p1|6
|teamsize|p2|6
|start
|switch|p1a: tosca|Azumarill, M, shiny|100/100
|switch|p2a: Froslass|Froslass, F|100/100
|turn|1
|
|t:|1778507313
|move|p2a: Froslass|Taunt|p1a: tosca
|-start|p1a: tosca|move: Taunt
|cant|p1a: tosca|move: Taunt|Belly Drum
|
|upkeep
|turn|2
|
|t:|1778507323
|switch|p2a: Raging Bolt|Raging Bolt|100/100
|move|p1a: tosca|Knock Off|p2a: Raging Bolt
|-damage|p2a: Raging Bolt|70/100
|-enditem|p2a: Raging Bolt|Leftovers|[from] move: Knock Off|[of] p1a: tosca
|
|upkeep
|turn|3
|
|t:|1778507327
|switch|p1a: joey|Gliscor, M|100/100
|move|p2a: Raging Bolt|Calm Mind|p2a: Raging Bolt
|-boost|p2a: Raging Bolt|spa|1
|-boost|p2a: Raging Bolt|spd|1
|
|-status|p1a: joey|tox|[from] item: Toxic Orb
|upkeep
|turn|4
|
|t:|1778507347
|-terastallize|p2a: Raging Bolt|Fairy
|move|p1a: joey|Swords Dance|p1a: joey
|-boost|p1a: joey|atk|2
|move|p2a: Raging Bolt|Calm Mind|p2a: Raging Bolt
|-boost|p2a: Raging Bolt|spa|1
|-boost|p2a: Raging Bolt|spd|1
|
|upkeep
|turn|5
|
|t:|1778507358
|move|p1a: joey|Dual Wingbeat|p2a: Raging Bolt
|-damage|p2a: Raging Bolt|42/100
|-crit|p2a: Raging Bolt
|-damage|p2a: Raging Bolt|2/100
|-hitcount|p2a: Raging Bolt|2
|move|p2a: Raging Bolt|Dragon Pulse|p1a: joey
|-damage|p1a: joey|0 fnt
|faint|p1a: joey
|
|upkeep
|
|t:|1778507365
|switch|p1a: sam|Lucario, F|100/100
|-item|p1a: sam|Air Balloon
|turn|6
|
|t:|1778507369
|move|p2a: Raging Bolt|Thunderclap|p1a: sam
|-damage|p1a: sam|0 fnt
|-enditem|p1a: sam|Air Balloon
|faint|p1a: sam
|
|upkeep
|
|t:|1778507378
|switch|p1a: jp|Luxray, F, shiny|100/100
|turn|7
|
|t:|1778507385
|move|p2a: Raging Bolt|Thunderclap|p1a: jp
|-resisted|p1a: jp
|-damage|p1a: jp|50/100
|move|p1a: jp|Psychic Fangs|p2a: Raging Bolt
|-damage|p2a: Raging Bolt|0 fnt
|faint|p2a: Raging Bolt
|-end|p2a: Raging Bolt|Protosynthesis|[silent]
|
|-status|p1a: jp|brn|[from] item: Flame Orb
|upkeep
|
|t:|1778507408
|switch|p2a: Landorus|Landorus-Therian, M|100/100
|-ability|p2a: Landorus|Intimidate|boost
|-unboost|p1a: jp|atk|1
|turn|8
|
|t:|1778507415
|-terastallize|p1a: jp|Flying
|move|p2a: Landorus|Earthquake|p1a: jp
|-immune|p1a: jp
|move|p1a: jp|Ice Fang|p2a: Landorus
|-supereffective|p2a: Landorus
|-damage|p2a: Landorus|3/100
|
|-damage|p1a: jp|44/100 brn|[from] brn
|upkeep
|turn|9
|
|t:|1778507420
|move|p2a: Landorus|Stone Edge|p1a: jp
|-supereffective|p1a: jp
|-damage|p1a: jp|0 fnt
|faint|p1a: jp
|
|upkeep
|
|t:|1778507422
|switch|p1a: tosca|Azumarill, M, shiny|100/100
|turn|10
|
|t:|1778507435
|move|p1a: tosca|Aqua Jet|p2a: Landorus
|-supereffective|p2a: Landorus
|-damage|p2a: Landorus|0 fnt
|faint|p2a: Landorus
|
|upkeep
|
|t:|1778507438
|switch|p2a: Froslass|Froslass, F|100/100
|turn|11
|
|t:|1778507442
|move|p2a: Froslass|Taunt|p1a: tosca
|-start|p1a: tosca|move: Taunt
|move|p1a: tosca|Knock Off|p2a: Froslass
|-supereffective|p2a: Froslass
|-enditem|p2a: Froslass|Focus Sash
|-damage|p2a: Froslass|1/100
|
|upkeep
|turn|12
|
|t:|1778507448
|move|p2a: Froslass|Destiny Bond|p2a: Froslass
|-singlemove|p2a: Froslass|Destiny Bond
|move|p1a: tosca|Knock Off|p2a: Froslass
|-supereffective|p2a: Froslass
|-damage|p2a: Froslass|0 fnt
|faint|p2a: Froslass
|-activate|p2a: Froslass|move: Destiny Bond
|faint|p1a: tosca
|
|upkeep
|
|t:|1778507465
|switch|p2a: Metagross|Metagross|100/100
|switch|p1a: cookie|Dragapult, M|100/100
|turn|13
|
|t:|1778507474
|move|p1a: cookie|Shadow Ball|p2a: Metagross
|-supereffective|p2a: Metagross
|-damage|p2a: Metagross|30/100
|-damage|p1a: cookie|91/100|[from] item: Life Orb
|move|p2a: Metagross|Knock Off|p1a: cookie
|-supereffective|p1a: cookie
|-damage|p1a: cookie|0 fnt
|-enditem|p1a: cookie|Life Orb|[from] move: Knock Off|[of] p2a: Metagross
|faint|p1a: cookie
|-damage|p2a: Metagross|20/100|[from] item: Life Orb
|
|upkeep
|
|t:|1778507477
|switch|p1a: Leafeon|Leafeon, F|100/100
|turn|14
|
|t:|1778507485
|move|p1a: Leafeon|Curse|p1a: Leafeon
|-unboost|p1a: Leafeon|spe|1
|-boost|p1a: Leafeon|atk|1
|-boost|p1a: Leafeon|def|1
|move|p2a: Metagross|Heavy Slam|p1a: Leafeon
|-damage|p1a: Leafeon|51/100
|-damage|p2a: Metagross|10/100|[from] item: Life Orb
|
|upkeep
|turn|15
|
|t:|1778507493
|move|p2a: Metagross|Knock Off|p1a: Leafeon
|-damage|p1a: Leafeon|26/100
|-enditem|p1a: Leafeon|Razor Claw|[from] move: Knock Off|[of] p2a: Metagross
|-damage|p2a: Metagross|0 fnt|[from] item: Life Orb
|faint|p2a: Metagross
|move|p1a: Leafeon|Synthesis|p1a: Leafeon
|-heal|p1a: Leafeon|75/100
|
|upkeep
|
|t:|1778507499
|switch|p2a: Emboar|Emboar, F, shiny|100/100
|turn|16
|
|t:|1778507504
|move|p2a: Emboar|Flare Blitz|p1a: Leafeon
|-supereffective|p1a: Leafeon
|-damage|p1a: Leafeon|0 fnt
|faint|p1a: Leafeon
|-damage|p2a: Emboar|84/100|[from] Recoil
|-damage|p2a: Emboar|75/100|[from] item: Life Orb
|
|win|dimorphika
|raw|fartemon's rating: 1105 &rarr; <strong>1084</strong><br />(-21 for losing)
|raw|dimorphika's rating: 1166 &rarr; <strong>1187</strong><br />(+21 for winning)
|c|☆dimorphika|gg
|l|☆fartemon
|player|p1|
|l|☆dimorphika
|player|p2|
