|html|<div class="broadcast-blue"><strong>[Gen 9] OU is currently suspecting Volcarona! For information on how to participate check out the <a href="https://www.smogon.com/tools/suspects/view/208">suspect thread</a>.</strong></div>
|j|☆YOSHlNlAN
|j|☆ayerbe
|t:|1778509917
|gametype|singles
|player|p1|YOSHlNlAN|richboy|1475
|player|p2|ayerbe|blackbelt-gen4dp|1572
|gen|9
|tier|[Gen 9] OU
|rated|
|rule|HP Percentage Mod: HP is shown in percentages
|rule|Endless Battle Clause: Forcing endless battles is banned
|rule|Species Clause: Limit one of each Pokémon
|rule|OHKO Clause: OHKO moves are banned
|rule|Evasion Items Clause: Evasion items are banned
|rule|Evasion Moves Clause: Evasion moves are banned
|rule|Evasion Abilities Clause: Evasion abilities are banned
|rule|Sleep Moves Clause: Sleep-inducing moves are banned
|clearpoke
|poke|p1|Corviknight, M|
|poke|p1|Darkrai|
|poke|p1|Heatran, M|
|poke|p1|Zapdos|
|poke|p1|Primarina, F|
|poke|p1|Metagross|
|poke|p2|Great Tusk|
|poke|p2|Scizor, M|
|poke|p2|Garganacl, M|
|poke|p2|Ting-Lu|
|poke|p2|Raging Bolt|
|poke|p2|Gholdengo|
|teampreview
|inactive|Battle timer is ON: inactive players will automatically lose when time's up. (requested by ayerbe)
|inactive|YOSHlNlAN also wants the timer to be on.
|
|t:|1778509921
|teamsize|p1|6
|teamsize|p2|6
|start
|switch|p1a: Heatran|Heatran, M|100/100
|switch|p2a: Wall-U|Ting-Lu|100/100
|-ability|p2a: Wall-U|Vessel of Ruin
|turn|1
|
|t:|1778509925
|move|p1a: Heatran|Magma Storm|p2a: Wall-U
|-damage|p2a: Wall-U|77/100
|-activate|p2a: Wall-U|move: Magma Storm|[of] p1a: Heatran
|move|p2a: Wall-U|Stealth Rock|p1a: Heatran
|-sidestart|p1: YOSHlNlAN|move: Stealth Rock
|
|-heal|p2a: Wall-U|83/100|[from] item: Leftovers
|-damage|p2a: Wall-U|67/100|[from] move: Magma Storm|[partiallytrapped]
|upkeep
|turn|2
|
|t:|1778509937
|switch|p1a: Corviknight|Corviknight, M, shiny|100/100
|-damage|p1a: Corviknight|88/100|[from] Stealth Rock
|-ability|p1a: Corviknight|Pressure
|move|p2a: Wall-U|Spikes|p1a: Corviknight
|-sidestart|p1: YOSHlNlAN|Spikes
|
|-heal|p2a: Wall-U|73/100|[from] item: Leftovers
|-end|p2a: Wall-U|Magma Storm|[partiallytrapped]|[silent]
|upkeep
|turn|3
|
|t:|1778509940
|switch|p2a: Gholdengo|Gholdengo|100/100
|move|p1a: Corviknight|U-turn|p2a: Gholdengo
|-resisted|p2a: Gholdengo
|-damage|p2a: Gholdengo|96/100
|
|t:|1778509944
|switch|p1a: Darkrai|Darkrai|100/100|[from] U-turn
|-damage|p1a: Darkrai|88/100|[from] Stealth Rock
|-damage|p1a: Darkrai|76/100|[from] Spikes
|
|upkeep
|turn|4
|
|t:|1778509946
|switch|p2a: Wall-U|Ting-Lu|73/100
|-ability|p2a: Wall-U|Vessel of Ruin
|move|p1a: Darkrai|Dark Pulse|p2a: Wall-U
|-resisted|p2a: Wall-U
|-damage|p2a: Wall-U|62/100
|
|-heal|p2a: Wall-U|69/100|[from] item: Leftovers
|upkeep
|turn|5
|
|t:|1778509948
|move|p1a: Darkrai|Nasty Plot|p1a: Darkrai
|-boost|p1a: Darkrai|spa|2
|move|p2a: Wall-U|Spikes|p1a: Darkrai
|-sidestart|p1: YOSHlNlAN|Spikes
|
|-heal|p2a: Wall-U|75/100|[from] item: Leftovers
|upkeep
|turn|6
|
|t:|1778509950
|move|p1a: Darkrai|Focus Blast|p2a: Wall-U
|-supereffective|p2a: Wall-U
|-damage|p2a: Wall-U|9/100
|move|p2a: Wall-U|Whirlwind|p1a: Darkrai
|drag|p1a: Metagross|Metagross, shiny|100/100
|-damage|p1a: Metagross|94/100|[from] Stealth Rock
|-damage|p1a: Metagross|78/100|[from] Spikes
|
|-heal|p2a: Wall-U|15/100|[from] item: Leftovers
|upkeep
|turn|7
|
|t:|1778509954
|move|p1a: Metagross|Meteor Mash|p2a: Wall-U
|-damage|p2a: Wall-U|0 fnt
|-boost|p1a: Metagross|atk|1
|faint|p2a: Wall-U
|
|upkeep
|
|t:|1778509957
|switch|p2a: Landorus-Tusk|Great Tusk|100/100
|turn|8
|
|t:|1778509959
|switch|p1a: Zapdos|Zapdos|100/100
|move|p2a: Landorus-Tusk|Headlong Rush|p1a: Zapdos
|-immune|p1a: Zapdos
|
|upkeep
|turn|9
|
|t:|1778509963
|-end|p2a: Landorus-Tusk|Protosynthesis|[silent]
|switch|p2a: Great Neck|Raging Bolt|100/100
|move|p1a: Zapdos|Hurricane|p2a: Great Neck|[miss]
|-miss|p1a: Zapdos|p2a: Great Neck
|
|upkeep
|turn|10
|
|t:|1778509969
|move|p1a: Zapdos|Volt Switch|p2a: Great Neck
|-resisted|p2a: Great Neck
|-damage|p2a: Great Neck|97/100
|
|t:|1778509971
|switch|p1a: Heatran|Heatran, M|100/100|[from] Volt Switch
|-damage|p1a: Heatran|88/100|[from] Stealth Rock
|-damage|p1a: Heatran|72/100|[from] Spikes
|move|p2a: Great Neck|Volt Switch|p1a: Heatran
|-crit|p1a: Heatran
|-damage|p1a: Heatran|7/100
|
|t:|1778509979
|-end|p2a: Great Neck|Protosynthesis|[silent]
|switch|p2a: Gholdengo|Gholdengo|96/100|[from] Volt Switch
|
|upkeep
|turn|11
|
|t:|1778509982
|move|p2a: Gholdengo|Make It Rain|p1a: Heatran
|-resisted|p1a: Heatran
|-damage|p1a: Heatran|0 fnt
|-unboost|p2a: Gholdengo|spa|1
|faint|p1a: Heatran
|
|upkeep
|
|t:|1778509985
|switch|p1a: Metagross|Metagross, shiny|78/100
|-damage|p1a: Metagross|72/100|[from] Stealth Rock
|-damage|p1a: Metagross|55/100|[from] Spikes
|turn|12
|
|t:|1778509989
|switch|p2a: Landorus-Tusk|Great Tusk|100/100
|move|p1a: Metagross|Meteor Mash|p2a: Landorus-Tusk
|-damage|p2a: Landorus-Tusk|49/100
|
|upkeep
|turn|13
|
|t:|1778509993
|move|p2a: Landorus-Tusk|Headlong Rush|p1a: Metagross
|-supereffective|p1a: Metagross
|-damage|p1a: Metagross|0 fnt
|-unboost|p2a: Landorus-Tusk|def|1
|-unboost|p2a: Landorus-Tusk|spd|1
|faint|p1a: Metagross
|
|upkeep
|
|t:|1778509995
|switch|p1a: Darkrai|Darkrai|76/100
|-damage|p1a: Darkrai|63/100|[from] Stealth Rock
|-damage|p1a: Darkrai|47/100|[from] Spikes
|turn|14
|
|t:|1778509998
|-end|p2a: Landorus-Tusk|Protosynthesis|[silent]
|switch|p2a: Great Neck|Raging Bolt|97/100
|move|p1a: Darkrai|Dark Pulse|p2a: Great Neck
|-damage|p2a: Great Neck|71/100
|
|upkeep
|turn|15
|
|t:|1778510002
|move|p1a: Darkrai|Dark Pulse|p2a: Great Neck
|-damage|p2a: Great Neck|43/100
|move|p2a: Great Neck|Volt Switch|p1a: Darkrai
|-damage|p1a: Darkrai|0 fnt
|faint|p1a: Darkrai
|
|t:|1778510007
|-end|p2a: Great Neck|Protosynthesis|[silent]
|switch|p2a: Gholdengo|Gholdengo|96/100|[from] Volt Switch
|
|upkeep
|
|t:|1778510009
|switch|p1a: Zapdos|Zapdos|100/100
|turn|16
|
|t:|1778510011
|switch|p2a: Raging Quit|Garganacl, M|100/100
|move|p1a: Zapdos|Discharge|p2a: Raging Quit
|-damage|p2a: Raging Quit|67/100
|
|-heal|p2a: Raging Quit|73/100|[from] item: Leftovers
|upkeep
|turn|17
|
|t:|1778510015
|move|p1a: Zapdos|Discharge|p2a: Raging Quit
|-damage|p2a: Raging Quit|43/100
|move|p2a: Raging Quit|Salt Cure|p1a: Zapdos
|-supereffective|p1a: Zapdos
|-damage|p1a: Zapdos|81/100
|-start|p1a: Zapdos|Salt Cure
|
|-heal|p2a: Raging Quit|49/100|[from] item: Leftovers
|-damage|p1a: Zapdos|69/100|[from] Salt Cure
|upkeep
|turn|18
|
|t:|1778510016
|move|p1a: Zapdos|Volt Switch|p2a: Raging Quit
|-damage|p2a: Raging Quit|22/100
|
|t:|1778510018
|switch|p1a: Primarina|Primarina, F|100/100|[from] Volt Switch
|-damage|p1a: Primarina|88/100|[from] Stealth Rock
|-damage|p1a: Primarina|72/100|[from] Spikes
|move|p2a: Raging Quit|Recover|p2a: Raging Quit
|-heal|p2a: Raging Quit|72/100
|
|-heal|p2a: Raging Quit|78/100|[from] item: Leftovers
|upkeep
|turn|19
|
|t:|1778510021
|switch|p2a: Great Neck|Raging Bolt|43/100
|move|p1a: Primarina|Sparkling Aria|p2a: Great Neck
|-resisted|p2a: Great Neck
|-damage|p2a: Great Neck|32/100
|
|upkeep
|turn|20
|
|t:|1778510025
|-terastallize|p1a: Primarina|Ground
|move|p2a: Great Neck|Volt Switch|p1a: Primarina
|-immune|p1a: Primarina
|move|p1a: Primarina|Moonblast|p2a: Great Neck
|-supereffective|p2a: Great Neck
|-damage|p2a: Great Neck|0 fnt
|faint|p2a: Great Neck
|-end|p2a: Great Neck|Protosynthesis|[silent]
|
|upkeep
|
|t:|1778510032
|switch|p2a: Reaper|Scizor, M|100/100
|turn|21
|
|t:|1778510034
|move|p2a: Reaper|Knock Off|p1a: Primarina
|-damage|p1a: Primarina|28/100
|-enditem|p1a: Primarina|Assault Vest|[from] move: Knock Off|[of] p2a: Reaper
|move|p1a: Primarina|Sparkling Aria|p2a: Reaper
|-damage|p2a: Reaper|23/100
|
|upkeep
|turn|22
|
|t:|1778510042
|switch|p1a: Corviknight|Corviknight, M, shiny|88/100
|-damage|p1a: Corviknight|75/100|[from] Stealth Rock
|-ability|p1a: Corviknight|Pressure
|move|p2a: Reaper|U-turn|p1a: Corviknight
|-resisted|p1a: Corviknight
|-damage|p1a: Corviknight|69/100
|-damage|p2a: Reaper|7/100|[from] item: Rocky Helmet|[of] p1a: Corviknight
|
|t:|1778510044
|switch|p2a: Gholdengo|Gholdengo|96/100|[from] U-turn
|
|upkeep
|turn|23
|
|t:|1778510046
|move|p2a: Gholdengo|Shadow Ball|p1a: Corviknight
|-damage|p1a: Corviknight|31/100
|-unboost|p1a: Corviknight|spd|1
|move|p1a: Corviknight|U-turn|p2a: Gholdengo
|-resisted|p2a: Gholdengo
|-damage|p2a: Gholdengo|92/100
|
|t:|1778510049
|switch|p1a: Zapdos|Zapdos|69/100|[from] U-turn
|
|upkeep
|turn|24
|
|t:|1778510060
|move|p2a: Gholdengo|Shadow Ball|p1a: Zapdos
|-damage|p1a: Zapdos|29/100
|move|p1a: Zapdos|Roost|p1a: Zapdos
|-heal|p1a: Zapdos|79/100
|-singleturn|p1a: Zapdos|move: Roost
|
|upkeep
|turn|25
|
|t:|1778510064
|switch|p2a: Raging Quit|Garganacl, M|78/100
|move|p1a: Zapdos|Discharge|p2a: Raging Quit
|-damage|p2a: Raging Quit|48/100
|
|-heal|p2a: Raging Quit|54/100|[from] item: Leftovers
|upkeep
|turn|26
|
|t:|1778510066
|move|p1a: Zapdos|Volt Switch|p2a: Raging Quit
|-damage|p2a: Raging Quit|26/100
|
|t:|1778510067
|switch|p1a: Primarina|Primarina, F, tera:Ground|28/100|[from] Volt Switch
|-damage|p1a: Primarina|22/100|[from] Stealth Rock
|-damage|p1a: Primarina|6/100|[from] Spikes
|move|p2a: Raging Quit|Salt Cure|p1a: Primarina
|-resisted|p1a: Primarina
|-damage|p1a: Primarina|0 fnt
|faint|p1a: Primarina
|
|-heal|p2a: Raging Quit|32/100|[from] item: Leftovers
|upkeep
|
|t:|1778510069
|switch|p1a: Zapdos|Zapdos|79/100
|turn|27
|
|t:|1778510072
|move|p1a: Zapdos|Discharge|p2a: Raging Quit
|-damage|p2a: Raging Quit|0 fnt
|faint|p2a: Raging Quit
|
|upkeep
|
|t:|1778510077
|switch|p2a: Landorus-Tusk|Great Tusk|49/100
|turn|28
|
|t:|1778510080
|-terastallize|p2a: Landorus-Tusk|Steel
|move|p2a: Landorus-Tusk|Knock Off|p1a: Zapdos
|-damage|p1a: Zapdos|60/100
|-enditem|p1a: Zapdos|Heavy-Duty Boots|[from] move: Knock Off|[of] p2a: Landorus-Tusk
|move|p1a: Zapdos|Roost|p1a: Zapdos
|-heal|p1a: Zapdos|100/100
|-singleturn|p1a: Zapdos|move: Roost
|
|upkeep
|turn|29
|
|t:|1778510087
|move|p2a: Landorus-Tusk|Ice Spinner|p1a: Zapdos
|-supereffective|p1a: Zapdos
|-damage|p1a: Zapdos|66/100
|move|p1a: Zapdos|Discharge|p2a: Landorus-Tusk
|-damage|p2a: Landorus-Tusk|2/100
|
|upkeep
|turn|30
|
|t:|1778510090
|move|p2a: Landorus-Tusk|Ice Spinner|p1a: Zapdos
|-supereffective|p1a: Zapdos
|-damage|p1a: Zapdos|35/100
|-status|p2a: Landorus-Tusk|par|[from] ability: Static|[of] p1a: Zapdos
|move|p1a: Zapdos|Roost|p1a: Zapdos
|-heal|p1a: Zapdos|85/100
|-singleturn|p1a: Zapdos|move: Roost
|
|upkeep
|turn|31
|
|t:|1778510092
|move|p1a: Zapdos|Discharge|p2a: Landorus-Tusk
|-damage|p2a: Landorus-Tusk|0 fnt
|faint|p2a: Landorus-Tusk
|-end|p2a: Landorus-Tusk|Protosynthesis|[silent]
|
|upkeep
|
|t:|1778510094
|switch|p2a: Gholdengo|Gholdengo|92/100
|turn|32
|
|t:|1778510098
|move|p2a: Gholdengo|Trick|p1a: Zapdos
|-activate|p2a: Gholdengo|move: Trick|[of] p1a: Zapdos
|-item|p1a: Zapdos|Choice Scarf|[from] move: Trick
|-enditem|p2a: Gholdengo|Choice Scarf|[silent]|[from] move: Trick
|move|p1a: Zapdos|Discharge|p2a: Gholdengo
|-damage|p2a: Gholdengo|54/100
|-status|p2a: Gholdengo|par
|
|upkeep
|turn|33
|
|t:|1778510102
|move|p1a: Zapdos|Discharge|p2a: Gholdengo
|-damage|p2a: Gholdengo|15/100 par
|move|p2a: Gholdengo|Shadow Ball|p1a: Zapdos
|-crit|p1a: Zapdos
|-damage|p1a: Zapdos|24/100
|
|upkeep
|turn|34
|
|t:|1778510106
|move|p1a: Zapdos|Discharge|p2a: Gholdengo
|-damage|p2a: Gholdengo|0 fnt
|faint|p2a: Gholdengo
|
|upkeep
|
|t:|1778510107
|switch|p2a: Reaper|Scizor, M|7/100
|turn|35
|
|t:|1778510111
|move|p2a: Reaper|Bullet Punch|p1a: Zapdos
|-resisted|p1a: Zapdos
|-damage|p1a: Zapdos|12/100
|move|p1a: Zapdos|Discharge|p2a: Reaper
|-damage|p2a: Reaper|0 fnt
|faint|p2a: Reaper
|
|win|YOSHlNlAN
|raw|YOSHlNlAN's rating: 1475 &rarr; <strong>1500</strong><br />(+25 for winning)
|raw|ayerbe's rating: 1572 &rarr; <strong>1547</strong><br />(-25 for losing)
|l|☆ayerbe
|player|p2|
|l|☆YOSHlNlAN
|player|p1|
