|html|<div class="broadcast-blue"><strong>[Gen 9] OU is currently suspecting Tera Blast! For information on how to participate check out the <a href="https://www.smogon.com/tools/suspects/view/200">suspect thread</a>.</strong></div>
|j|☆ethanwayneooo
|j|☆endernautics
|t:|1776039862
|gametype|singles
|player|p1|ethanwayneooo|cynthia|1177
|player|p2|endernautics|265|1136
|gen|9
|tier|[Gen 9] OU
|rated|
|rule|HP Percentage Mod: HP is shown in percentages
|rule|Endless Battle Clause: Forcing endless battles is banned
|rule|Species Clause: Limit one of each Pokémon
|rule|OHKO Clause: OHKO moves are banned
|rule|Evasion Items Clause: Evasion items are banned
|rule|Evasion Moves Clause: Evasion moves are banned
|rule|Evasion Abilities Clause: Evasion abilities are banned
|rule|Sleep Moves Clause: Sleep-inducing moves are banned
|clearpoke
|poke|p1|Pelipper, M|
|poke|p1|Beartic, M|
|poke|p1|Politoed, F|
|poke|p1|Samurott-Hisui, F|
|poke|p1|Hatterene, F|
|poke|p1|Goodra-Hisui, F|
|poke|p2|Chansey, F|
|poke|p2|Porygon2|
|poke|p2|Kingambit, F|
|poke|p2|Blaziken, F|
|poke|p2|Walking Wake|
|poke|p2|Corviknight, F|
|teampreview
|
|t:|1776039876
|teamsize|p1|6
|teamsize|p2|6
|start
|switch|p1a: Samurott|Samurott-Hisui, F|100/100
|switch|p2a: Blaziken|Blaziken, F, shiny|100/100
|turn|1
|
|t:|1776039889
|switch|p1a: Pelipper|Pelipper, M|100/100
|-weather|RainDance|[from] ability: Drizzle|[of] p1a: Pelipper
|move|p2a: Blaziken|Close Combat|p1a: Pelipper
|-resisted|p1a: Pelipper
|-damage|p1a: Pelipper|56/100
|-unboost|p2a: Blaziken|def|1
|-unboost|p2a: Blaziken|spd|1
|-damage|p2a: Blaziken|91/100|[from] item: Life Orb
|
|-weather|RainDance|[upkeep]
|-heal|p1a: Pelipper|62/100|[from] item: Leftovers
|-ability|p2a: Blaziken|Speed Boost|boost
|-boost|p2a: Blaziken|spe|1
|upkeep
|turn|2
|
|t:|1776039945
|switch|p2a: Porygon2|Porygon2, shiny|100/100
|switch|p1a: Beartic|Beartic, M|100/100
|
|-weather|RainDance|[upkeep]
|upkeep
|turn|3
|
|t:|1776039960
|move|p1a: Beartic|Swords Dance|p1a: Beartic
|-boost|p1a: Beartic|atk|2
|move|p2a: Porygon2|Tri Attack|p1a: Beartic
|-damage|p1a: Beartic|48/100
|
|-weather|RainDance|[upkeep]
|-heal|p1a: Beartic|54/100|[from] item: Leftovers
|upkeep
|turn|4
|
|t:|1776039976
|-terastallize|p1a: Beartic|Ghost
|move|p1a: Beartic|Close Combat|p2a: Porygon2
|-supereffective|p2a: Porygon2
|-damage|p2a: Porygon2|0 fnt
|-unboost|p1a: Beartic|def|1
|-unboost|p1a: Beartic|spd|1
|faint|p2a: Porygon2
|
|-weather|RainDance|[upkeep]
|-heal|p1a: Beartic|60/100|[from] item: Leftovers
|upkeep
|inactive|Battle timer is ON: inactive players will automatically lose when time's up. (requested by ethanwayneooo)
|
|t:|1776039987
|switch|p2a: Kingambit|Kingambit, F|100/100
|-activate|p2a: Kingambit|ability: Supreme Overlord
|-start|p2a: Kingambit|fallen1|[silent]
|turn|5
|
|t:|1776039999
|move|p1a: Beartic|Earthquake|p2a: Kingambit
|-supereffective|p2a: Kingambit
|-damage|p2a: Kingambit|14/100
|move|p2a: Kingambit|Iron Head|p1a: Beartic
|-damage|p1a: Beartic|0 fnt
|faint|p1a: Beartic
|
|-weather|none
|upkeep
|
|t:|1776040014
|switch|p1a: Hatterene|Hatterene, F|100/100
|turn|6
|
|t:|1776040022
|switch|p1a: Goodra|Goodra-Hisui, F|100/100
|move|p2a: Kingambit|Iron Head|p1a: Goodra
|-resisted|p1a: Goodra
|-damage|p1a: Goodra|74/100
|
|upkeep
|turn|7
|
|t:|1776040032
|-end|p2a: Kingambit|fallen1|[silent]
|switch|p2a: Blaziken|Blaziken, F, shiny|91/100
|move|p1a: Goodra|Acid Armor|p1a: Goodra
|-boost|p1a: Goodra|def|2
|
|upkeep
|turn|8
|
|t:|1776040040
|move|p2a: Blaziken|Earthquake|p1a: Goodra
|-supereffective|p1a: Goodra
|-damage|p1a: Goodra|43/100
|-enditem|p1a: Goodra|Sitrus Berry|[eat]
|-heal|p1a: Goodra|68/100|[from] item: Sitrus Berry
|-damage|p2a: Blaziken|81/100|[from] item: Life Orb
|move|p1a: Goodra|Acid Armor|p1a: Goodra
|-boost|p1a: Goodra|def|2
|
|-ability|p2a: Blaziken|Speed Boost|boost
|-boost|p2a: Blaziken|spe|1
|upkeep
|turn|9
|
|t:|1776040058
|move|p2a: Blaziken|Swords Dance|p2a: Blaziken
|-boost|p2a: Blaziken|atk|2
|move|p1a: Goodra|Dragon Tail|p2a: Blaziken
|-damage|p2a: Blaziken|45/100
|drag|p2a: Nikki|Chansey, F, shiny|100/100
|
|upkeep
|turn|10
|
|t:|1776040067
|move|p1a: Goodra|Heavy Slam|p2a: Nikki
|-damage|p2a: Nikki|72/100
|move|p2a: Nikki|Seismic Toss|p1a: Goodra
|-damage|p1a: Goodra|40/100
|
|upkeep
|turn|11
|
|t:|1776040080
|switch|p1a: Hatterene|Hatterene, F|100/100
|move|p2a: Nikki|Seismic Toss|p1a: Hatterene
|-damage|p1a: Hatterene|69/100
|
|-heal|p1a: Hatterene|75/100|[from] item: Leftovers
|upkeep
|turn|12
|
|t:|1776040089
|move|p2a: Nikki|Seismic Toss|p1a: Hatterene
|-damage|p1a: Hatterene|44/100
|move|p1a: Hatterene|Nuzzle|p2a: Nikki
|-damage|p2a: Nikki|68/100
|-status|p2a: Nikki|par
|
|-heal|p1a: Hatterene|50/100|[from] item: Leftovers
|upkeep
|turn|13
|
|t:|1776040105
|switch|p1a: Samurott|Samurott-Hisui, F|100/100
|cant|p2a: Nikki|par
|
|upkeep
|turn|14
|
|t:|1776040113
|move|p1a: Samurott|Ceaseless Edge|p2a: Nikki|[miss]
|-miss|p1a: Samurott|p2a: Nikki
|cant|p2a: Nikki|par
|
|upkeep
|turn|15
|
|t:|1776040119
|move|p1a: Samurott|Ceaseless Edge|p2a: Nikki
|-damage|p2a: Nikki|33/100 par
|-sidestart|p2: endernautics|Spikes
|cant|p2a: Nikki|par
|
|upkeep
|turn|16
|
|t:|1776040126
|move|p1a: Samurott|Ceaseless Edge|p2a: Nikki
|-damage|p2a: Nikki|0 fnt
|-sidestart|p2: endernautics|Spikes
|faint|p2a: Nikki
|
|upkeep
|
|t:|1776040131
|switch|p2a: Blaziken|Blaziken, F, shiny|45/100
|-damage|p2a: Blaziken|28/100|[from] Spikes
|turn|17
|
|t:|1776040140
|switch|p1a: Pelipper|Pelipper, M|62/100
|-weather|RainDance|[from] ability: Drizzle|[of] p1a: Pelipper
|move|p2a: Blaziken|Close Combat|p1a: Pelipper
|-resisted|p1a: Pelipper
|-damage|p1a: Pelipper|13/100
|-unboost|p2a: Blaziken|def|1
|-unboost|p2a: Blaziken|spd|1
|-damage|p2a: Blaziken|18/100|[from] item: Life Orb
|
|-weather|RainDance|[upkeep]
|-heal|p1a: Pelipper|19/100|[from] item: Leftovers
|-ability|p2a: Blaziken|Speed Boost|boost
|-boost|p2a: Blaziken|spe|1
|upkeep
|turn|18
|
|t:|1776040157
|move|p2a: Blaziken|Fire Punch|p1a: Pelipper
|-resisted|p1a: Pelipper
|-damage|p1a: Pelipper|4/100
|-damage|p2a: Blaziken|8/100|[from] item: Life Orb
|move|p1a: Pelipper|Weather Ball|p2a: Blaziken
|-supereffective|p2a: Blaziken
|-damage|p2a: Blaziken|0 fnt
|faint|p2a: Blaziken
|
|-weather|RainDance|[upkeep]
|-heal|p1a: Pelipper|10/100|[from] item: Leftovers
|upkeep
|
|t:|1776040167
|switch|p2a: Corviknight|Corviknight, F, shiny|100/100
|-ability|p2a: Corviknight|Pressure
|turn|19
|
|t:|1776040176
|move|p1a: Pelipper|Roost|p1a: Pelipper
|-heal|p1a: Pelipper|60/100
|-singleturn|p1a: Pelipper|move: Roost
|move|p2a: Corviknight|U-turn|p1a: Pelipper
|-damage|p1a: Pelipper|38/100
|
|t:|1776040184
|switch|p2a: Walking Wake|Walking Wake|100/100|[from] U-turn
|-damage|p2a: Walking Wake|84/100|[from] Spikes
|-enditem|p2a: Walking Wake|Booster Energy
|-activate|p2a: Walking Wake|ability: Protosynthesis|[fromitem]
|-start|p2a: Walking Wake|protosynthesisspa
|
|-weather|RainDance|[upkeep]
|-heal|p1a: Pelipper|44/100|[from] item: Leftovers
|upkeep
|turn|20
|
|t:|1776040197
|move|p2a: Walking Wake|Draco Meteor|p1a: Pelipper
|-damage|p1a: Pelipper|0 fnt
|-unboost|p2a: Walking Wake|spa|2
|faint|p1a: Pelipper
|
|-weather|RainDance|[upkeep]
|upkeep
|
|t:|1776040210
|switch|p1a: Goodra|Goodra-Hisui, F|40/100
|turn|21
|
|t:|1776040215
|move|p2a: Walking Wake|Draco Meteor|p1a: Goodra|[miss]
|-miss|p2a: Walking Wake|p1a: Goodra
|move|p1a: Goodra|Dragon Tail|p2a: Walking Wake|[miss]
|-miss|p1a: Goodra|p2a: Walking Wake
|
|-weather|none
|upkeep
|turn|22
|
|t:|1776040223
|switch|p1a: Hatterene|Hatterene, F|50/100
|move|p2a: Walking Wake|Draco Meteor|p1a: Hatterene
|-immune|p1a: Hatterene
|
|-heal|p1a: Hatterene|56/100|[from] item: Leftovers
|upkeep
|turn|23
|
|t:|1776040233
|move|p2a: Walking Wake|Scald|p1a: Hatterene
|-damage|p1a: Hatterene|26/100
|move|p1a: Hatterene|Nuzzle|p2a: Walking Wake
|-damage|p2a: Walking Wake|80/100
|-status|p2a: Walking Wake|par
|
|-heal|p1a: Hatterene|32/100|[from] item: Leftovers
|upkeep
|turn|24
|
|t:|1776040262
|switch|p1a: Politoed|Politoed, F|100/100
|-weather|RainDance|[from] ability: Drizzle|[of] p1a: Politoed
|move|p2a: Walking Wake|Scald|p1a: Politoed
|-resisted|p1a: Politoed
|-damage|p1a: Politoed|83/100
|
|-weather|RainDance|[upkeep]
|-heal|p1a: Politoed|89/100|[from] item: Leftovers
|upkeep
|turn|25
|inactive|ethanwayneooo has 120 seconds left.
|
|t:|1776040282
|move|p1a: Politoed|Encore|p2a: Walking Wake
|-start|p2a: Walking Wake|Encore
|move|p2a: Walking Wake|Scald|p1a: Politoed
|-resisted|p1a: Politoed
|-damage|p1a: Politoed|70/100
|
|-weather|RainDance|[upkeep]
|-heal|p1a: Politoed|76/100|[from] item: Leftovers
|upkeep
|turn|26
|inactive|ethanwayneooo has 120 seconds left.
|
|t:|1776040293
|switch|p1a: Goodra|Goodra-Hisui, F|40/100
|cant|p2a: Walking Wake|par
|
|-weather|RainDance|[upkeep]
|upkeep
|turn|27
|inactive|ethanwayneooo has 120 seconds left.
|
|t:|1776040303
|cant|p2a: Walking Wake|par
|move|p1a: Goodra|Dragon Tail|p2a: Walking Wake
|-supereffective|p2a: Walking Wake
|-damage|p2a: Walking Wake|34/100 par
|-end|p2a: Walking Wake|Protosynthesis|[silent]
|drag|p2a: Corviknight|Corviknight, F, shiny|100/100
|-ability|p2a: Corviknight|Pressure
|
|-weather|RainDance|[upkeep]
|upkeep
|turn|28
|inactive|ethanwayneooo has 120 seconds left.
|
|t:|1776040317
|move|p2a: Corviknight|Bulk Up|p2a: Corviknight
|-boost|p2a: Corviknight|atk|1
|-boost|p2a: Corviknight|def|1
|move|p1a: Goodra|Dragon Tail|p2a: Corviknight|[miss]
|-miss|p1a: Goodra|p2a: Corviknight
|
|-weather|none
|upkeep
|turn|29
|
|t:|1776040325
|move|p2a: Corviknight|Brave Bird|p1a: Goodra
|-resisted|p1a: Goodra
|-damage|p1a: Goodra|16/100
|-damage|p2a: Corviknight|93/100|[from] Recoil
|move|p1a: Goodra|Dragon Tail|p2a: Corviknight
|-resisted|p2a: Corviknight
|-damage|p2a: Corviknight|88/100
|drag|p2a: Walking Wake|Walking Wake|34/100 par
|-damage|p2a: Walking Wake|17/100 par|[from] Spikes
|
|upkeep
|turn|30
|inactive|ethanwayneooo has 120 seconds left.
|
|t:|1776040341
|cant|p2a: Walking Wake|par
|move|p1a: Goodra|Dragon Tail|p2a: Walking Wake
|-supereffective|p2a: Walking Wake
|-damage|p2a: Walking Wake|0 fnt
|faint|p2a: Walking Wake
|-end|p2a: Walking Wake|Protosynthesis|[silent]
|
|upkeep
|
|t:|1776040347
|switch|p2a: Corviknight|Corviknight, F, shiny|88/100
|-ability|p2a: Corviknight|Pressure
|turn|31
|
|t:|1776040354
|move|p2a: Corviknight|U-turn|p1a: Goodra
|-resisted|p1a: Goodra
|-damage|p1a: Goodra|9/100
|
|t:|1776040358
|switch|p2a: Kingambit|Kingambit, F|14/100|[from] U-turn
|-damage|p2a: Kingambit|0 fnt|[from] Spikes
|faint|p2a: Kingambit
|-end|p2a: Kingambit|fallenundefined|[silent]
|move|p1a: Goodra|Knock Off|p2: Kingambit|[notarget]
|-fail|p1a: Goodra
|
|upkeep
|
|t:|1776040365
|switch|p2a: Corviknight|Corviknight, F, shiny|88/100
|-ability|p2a: Corviknight|Pressure
|turn|32
|
|t:|1776040373
|move|p2a: Corviknight|U-turn|p1a: Goodra
|-resisted|p1a: Goodra
|-damage|p1a: Goodra|2/100
|move|p1a: Goodra|Dragon Tail|p2a: Corviknight
|-resisted|p2a: Corviknight
|-damage|p2a: Corviknight|80/100
|
|-heal|p2a: Corviknight|86/100|[from] item: Leftovers
|upkeep
|turn|33
|
|t:|1776040400
|switch|p1a: Politoed|Politoed, F|76/100
|-weather|RainDance|[from] ability: Drizzle|[of] p1a: Politoed
|move|p2a: Corviknight|U-turn|p1a: Politoed
|-damage|p1a: Politoed|56/100
|
|-weather|RainDance|[upkeep]
|-heal|p1a: Politoed|62/100|[from] item: Leftovers
|-heal|p2a: Corviknight|92/100|[from] item: Leftovers
|upkeep
|turn|34
|
|t:|1776040412
|move|p1a: Politoed|Weather Ball|p2a: Corviknight
|-damage|p2a: Corviknight|32/100
|move|p2a: Corviknight|Bulk Up|p2a: Corviknight
|-boost|p2a: Corviknight|atk|1
|-boost|p2a: Corviknight|def|1
|
|-weather|RainDance|[upkeep]
|-heal|p1a: Politoed|68/100|[from] item: Leftovers
|-heal|p2a: Corviknight|38/100|[from] item: Leftovers
|upkeep
|turn|35
|
|t:|1776040422
|move|p1a: Politoed|Weather Ball|p2a: Corviknight
|-damage|p2a: Corviknight|0 fnt
|faint|p2a: Corviknight
|
|win|ethanwayneooo
|raw|ethanwayneooo's rating: 1177 &rarr; <strong>1199</strong><br />(+22 for winning)
|raw|endernautics's rating: 1136 &rarr; <strong>1114</strong><br />(-22 for losing)
|l|☆endernautics
|player|p2|
|l|☆ethanwayneooo
|player|p1|
