|html|<div class="broadcast-blue"><strong>[Gen 9] OU is currently suspecting Tera Blast! For information on how to participate check out the <a href="https://www.smogon.com/tools/suspects/view/200">suspect thread</a>.</strong></div>
|j|☆pepinoloko
|j|☆amimec
|t:|1776076682
|gametype|singles
|player|p1|pepinoloko|byron|1666
|player|p2|amimec|eusine|1703
|gen|9
|tier|[Gen 9] OU
|rated|
|rule|HP Percentage Mod: HP is shown in percentages
|rule|Endless Battle Clause: Forcing endless battles is banned
|rule|Species Clause: Limit one of each Pokémon
|rule|OHKO Clause: OHKO moves are banned
|rule|Evasion Items Clause: Evasion items are banned
|rule|Evasion Moves Clause: Evasion moves are banned
|rule|Evasion Abilities Clause: Evasion abilities are banned
|rule|Sleep Moves Clause: Sleep-inducing moves are banned
|clearpoke
|poke|p1|Salazzle, F|
|poke|p1|Zoroark-Hisui, M|
|poke|p1|Iron Treads|
|poke|p1|Lokix, M|
|poke|p1|Primarina, M|
|poke|p1|Hydrapple, M|
|poke|p2|Meowscarada, M|
|poke|p2|Pecharunt|
|poke|p2|Enamorus, F|
|poke|p2|Iron Treads|
|poke|p2|Skarmory, M|
|poke|p2|Slowking, F|
|teampreview
|j| yua chan
|inactive|Battle timer is ON: inactive players will automatically lose when time's up. (requested by pepinoloko)
|
|t:|1776076698
|teamsize|p1|6
|teamsize|p2|6
|start
|switch|p1a: Repent|Lokix, M|100/100
|switch|p2a: Enamorus|Enamorus, F|100/100
|turn|1
|
|t:|1776076711
|switch|p1a: Forgive|Salazzle, F|100/100
|move|p2a: Enamorus|Moonblast|p1a: Forgive
|-resisted|p1a: Forgive
|-damage|p1a: Forgive|81/100
|
|-heal|p1a: Forgive|87/100|[from] item: Leftovers
|upkeep
|turn|2
|
|t:|1776076722
|switch|p2a: Slowking|Slowking, F|100/100
|move|p1a: Forgive|Substitute|p1a: Forgive
|-start|p1a: Forgive|Substitute
|-damage|p1a: Forgive|62/100
|
|-heal|p1a: Forgive|68/100|[from] item: Leftovers
|upkeep
|turn|3
|
|t:|1776076727
|move|p1a: Forgive|Toxic|p2a: Slowking
|-status|p2a: Slowking|tox
|move|p2a: Slowking|Future Sight|p1a: Forgive
|-start|p2a: Slowking|move: Future Sight
|
|-heal|p1a: Forgive|75/100|[from] item: Leftovers
|-damage|p2a: Slowking|94/100 tox|[from] psn
|upkeep
|turn|4
|
|t:|1776076732
|move|p1a: Forgive|Encore|p2a: Slowking
|-start|p2a: Slowking|Encore
|move|p2a: Slowking|Future Sight||[still]
|-fail|p2a: Slowking
|
|-heal|p1a: Forgive|81/100|[from] item: Leftovers
|-damage|p2a: Slowking|82/100 tox|[from] psn
|upkeep
|turn|5
|
|t:|1776076740
|move|p1a: Forgive|Toxic|p2a: Slowking
|-fail|p2a: Slowking|tox
|move|p2a: Slowking|Future Sight||[still]
|-fail|p2a: Slowking
|
|-end|p1a: Forgive|move: Future Sight
|-supereffective|p1a: Forgive
|-end|p1a: Forgive|Substitute
|-heal|p1a: Forgive|87/100|[from] item: Leftovers
|-damage|p2a: Slowking|64/100 tox|[from] psn
|upkeep
|turn|6
|
|t:|1776076746
|switch|p2a: Meowscarada|Meowscarada, M|100/100
|move|p1a: Forgive|Substitute|p1a: Forgive
|-start|p1a: Forgive|Substitute
|-damage|p1a: Forgive|62/100
|
|-heal|p1a: Forgive|68/100|[from] item: Leftovers
|upkeep
|turn|7
|
|t:|1776076750
|move|p2a: Meowscarada|U-turn|p1a: Forgive
|-start|p2a: Meowscarada|typechange|Bug|[from] ability: Protean
|-resisted|p1a: Forgive
|-activate|p1a: Forgive|move: Substitute|[damage]
|
|t:|1776076753
|switch|p2a: Slowking|Slowking, F|97/100 tox|[from] U-turn
|move|p1a: Forgive|Toxic|p2a: Slowking
|-fail|p2a: Slowking|tox
|
|-heal|p1a: Forgive|75/100|[from] item: Leftovers
|-damage|p2a: Slowking|91/100 tox|[from] psn
|upkeep
|turn|8
|
|t:|1776076757
|move|p1a: Forgive|Flamethrower|p2a: Slowking
|-resisted|p2a: Slowking
|-damage|p2a: Slowking|83/100 tox
|move|p2a: Slowking|Scald|p1a: Forgive
|-supereffective|p1a: Forgive
|-end|p1a: Forgive|Substitute
|
|-heal|p1a: Forgive|81/100|[from] item: Leftovers
|-damage|p2a: Slowking|71/100 tox|[from] psn
|upkeep
|turn|9
|
|t:|1776076763
|move|p1a: Forgive|Substitute|p1a: Forgive
|-start|p1a: Forgive|Substitute
|-damage|p1a: Forgive|56/100
|move|p2a: Slowking|Future Sight|p1a: Forgive
|-start|p2a: Slowking|move: Future Sight
|
|-heal|p1a: Forgive|62/100|[from] item: Leftovers
|-damage|p2a: Slowking|53/100 tox|[from] psn
|upkeep
|turn|10
|
|t:|1776076772
|switch|p2a: Enamorus|Enamorus, F|100/100
|move|p1a: Forgive|Toxic|p2a: Enamorus
|-status|p2a: Enamorus|tox
|
|-heal|p1a: Forgive|68/100|[from] item: Leftovers
|-damage|p2a: Enamorus|94/100 tox|[from] psn
|upkeep
|turn|11
|
|t:|1776076782
|switch|p1a: Grace still is|Primarina, M|100/100
|move|p2a: Enamorus|Earth Power|p1a: Grace still is
|-damage|p1a: Grace still is|82/100
|
|-end|p1a: Grace still is|move: Future Sight
|-damage|p1a: Grace still is|56/100
|-damage|p2a: Enamorus|82/100 tox|[from] psn
|upkeep
|turn|12
|
|t:|1776076791
|switch|p2a: Slowking|Slowking, F|86/100 tox
|move|p1a: Grace still is|Draining Kiss|p2a: Slowking
|-damage|p2a: Slowking|74/100 tox
|-heal|p1a: Grace still is|67/100|[from] drain|[of] p2a: Slowking
|
|-damage|p2a: Slowking|68/100 tox|[from] psn
|upkeep
|turn|13
|
|t:|1776076797
|move|p1a: Grace still is|Energy Ball|p2a: Slowking
|-supereffective|p2a: Slowking
|-damage|p2a: Slowking|33/100 tox
|move|p2a: Slowking|Psyshock|p1a: Grace still is
|-damage|p1a: Grace still is|30/100
|
|-damage|p2a: Slowking|21/100 tox|[from] psn
|upkeep
|turn|14
|
|t:|1776076807
|move|p1a: Grace still is|Hyper Voice|p2a: Slowking
|-resisted|p2a: Slowking
|-damage|p2a: Slowking|10/100 tox
|move|p2a: Slowking|Psyshock|p1a: Grace still is
|-damage|p1a: Grace still is|0 fnt
|faint|p1a: Grace still is
|
|-damage|p2a: Slowking|0 fnt|[from] psn
|faint|p2a: Slowking
|upkeep
|
|t:|1776076818
|switch|p1a: Repent|Lokix, M|100/100
|switch|p2a: Iron Treads|Iron Treads|100/100
|turn|15
|
|t:|1776076825
|move|p1a: Repent|Flamethrower|p2a: Iron Treads
|-supereffective|p2a: Iron Treads
|-damage|p2a: Iron Treads|30/100
|-status|p2a: Iron Treads|brn
|move|p2a: Iron Treads|Knock Off|p1a: Repent
|-supereffective|p1a: Repent
|-damage|p1a: Repent|54/100
|replace|p1a: The end is nigh|Zoroark-Hisui, M
|-end|p1a: The end is nigh|Illusion
|-enditem|p1a: The end is nigh|Choice Specs|[from] move: Knock Off|[of] p2a: Iron Treads
|
|-heal|p2a: Iron Treads|36/100 brn|[from] item: Leftovers
|-damage|p2a: Iron Treads|30/100 brn|[from] brn
|upkeep
|turn|16
|
|t:|1776076837
|move|p1a: The end is nigh|Shadow Ball|p2a: Iron Treads
|-damage|p2a: Iron Treads|0 fnt
|faint|p2a: Iron Treads
|-end|p2a: Iron Treads|Quark Drive|[silent]
|
|upkeep
|
|t:|1776076840
|switch|p2a: Meowscarada|Meowscarada, M|100/100
|turn|17
|
|t:|1776076846
|switch|p1a: He loves you|Hydrapple, M|100/100
|move|p2a: Meowscarada|Knock Off|p1a: He loves you
|-start|p2a: Meowscarada|typechange|Dark|[from] ability: Protean
|-damage|p1a: He loves you|66/100
|-damage|p2a: Meowscarada|84/100|[from] item: Rocky Helmet|[of] p1a: He loves you
|-enditem|p1a: He loves you|Rocky Helmet|[from] move: Knock Off|[of] p2a: Meowscarada
|
|upkeep
|turn|18
|
|t:|1776076854
|switch|p2a: Skarmory|Skarmory, M|100/100
|move|p1a: He loves you|Giga Drain|p2a: Skarmory
|-resisted|p2a: Skarmory
|-damage|p2a: Skarmory|90/100
|-heal|p1a: He loves you|70/100|[from] drain|[of] p2a: Skarmory
|
|upkeep
|turn|19
|
|t:|1776076859
|switch|p1a: Forgive|Salazzle, F|68/100
|move|p2a: Skarmory|Spikes|p1a: Forgive
|-sidestart|p1: pepinoloko|Spikes
|
|-heal|p1a: Forgive|75/100|[from] item: Leftovers
|upkeep
|turn|20
|
|t:|1776076869
|switch|p2a: Pecharunt|Pecharunt|100/100
|move|p1a: Forgive|Flamethrower|p2a: Pecharunt
|-damage|p2a: Pecharunt|65/100
|
|-heal|p1a: Forgive|81/100|[from] item: Leftovers
|upkeep
|turn|21
|
|t:|1776076876
|move|p1a: Forgive|Toxic|p2a: Pecharunt
|-status|p2a: Pecharunt|tox
|move|p2a: Pecharunt|Foul Play|p1a: Forgive
|-crit|p1a: Forgive
|-damage|p1a: Forgive|54/100
|
|-heal|p1a: Forgive|61/100|[from] item: Leftovers
|-damage|p2a: Pecharunt|59/100 tox|[from] psn
|upkeep
|turn|22
|
|t:|1776076881
|move|p1a: Forgive|Encore|p2a: Pecharunt
|-start|p2a: Pecharunt|Encore
|move|p2a: Pecharunt|Foul Play|p1a: Forgive
|-damage|p1a: Forgive|45/100
|
|-heal|p1a: Forgive|51/100|[from] item: Leftovers
|-damage|p2a: Pecharunt|47/100 tox|[from] psn
|upkeep
|turn|23
|
|t:|1776076888
|switch|p2a: Meowscarada|Meowscarada, M|84/100
|move|p1a: Forgive|Substitute|p1a: Forgive
|-start|p1a: Forgive|Substitute
|-damage|p1a: Forgive|26/100
|
|-heal|p1a: Forgive|33/100|[from] item: Leftovers
|upkeep
|turn|24
|
|t:|1776076895
|move|p2a: Meowscarada|Knock Off|p1a: Forgive
|-start|p2a: Meowscarada|typechange|Dark|[from] ability: Protean
|-end|p1a: Forgive|Substitute
|move|p1a: Forgive|Flamethrower|p2a: Meowscarada
|-damage|p2a: Meowscarada|28/100
|
|-heal|p1a: Forgive|39/100|[from] item: Leftovers
|upkeep
|turn|25
|
|t:|1776076901
|switch|p2a: Skarmory|Skarmory, M|90/100
|switch|p1a: He loves you|Hydrapple, M|100/100
|-damage|p1a: He loves you|88/100|[from] Spikes
|
|upkeep
|turn|26
|
|t:|1776076906
|switch|p1a: Jesus is the way|Iron Treads|100/100
|-damage|p1a: Jesus is the way|88/100|[from] Spikes
|move|p2a: Skarmory|Spikes|p1a: Jesus is the way
|-sidestart|p1: pepinoloko|Spikes
|
|-heal|p1a: Jesus is the way|94/100|[from] item: Leftovers
|upkeep
|turn|27
|
|t:|1776076909
|move|p1a: Jesus is the way|Stealth Rock|p2a: Skarmory
|-sidestart|p2: amimec|move: Stealth Rock
|move|p2a: Skarmory|Body Press|p1a: Jesus is the way
|-supereffective|p1a: Jesus is the way
|-damage|p1a: Jesus is the way|42/100
|
|-heal|p1a: Jesus is the way|49/100|[from] item: Leftovers
|upkeep
|turn|28
|
|t:|1776076914
|switch|p2a: Pecharunt|Pecharunt|47/100 tox
|-damage|p2a: Pecharunt|34/100 tox|[from] Stealth Rock
|move|p1a: Jesus is the way|Rapid Spin|p2a: Pecharunt
|-immune|p2a: Pecharunt
|
|-heal|p1a: Jesus is the way|55/100|[from] item: Leftovers
|-damage|p2a: Pecharunt|28/100 tox|[from] psn
|upkeep
|turn|29
|
|t:|1776076918
|move|p1a: Jesus is the way|Earthquake|p2a: Pecharunt
|-supereffective|p2a: Pecharunt
|-damage|p2a: Pecharunt|0 fnt
|faint|p2a: Pecharunt
|
|-heal|p1a: Jesus is the way|61/100|[from] item: Leftovers
|upkeep
|
|t:|1776076920
|switch|p2a: Meowscarada|Meowscarada, M|28/100
|-damage|p2a: Meowscarada|16/100|[from] Stealth Rock
|turn|30
|
|t:|1776076929
|move|p2a: Meowscarada|Triple Axel|p1a: Jesus is the way
|-start|p2a: Meowscarada|typechange|Ice|[from] ability: Protean
|-damage|p1a: Jesus is the way|49/100
|-damage|p1a: Jesus is the way|25/100
|-damage|p1a: Jesus is the way|0 fnt
|faint|p1a: Jesus is the way
|-end|p1a: Jesus is the way|Quark Drive|[silent]
|-hitcount|p1: Jesus is the way|3
|
|upkeep
|j| Dogedgr8
|
|t:|1776076941
|switch|p1a: Repent|Lokix, M|100/100
|-damage|p1a: Repent|84/100|[from] Spikes
|turn|31
|
|t:|1776076946
|switch|p2a: Skarmory|Skarmory, M|90/100
|-damage|p2a: Skarmory|77/100|[from] Stealth Rock
|move|p1a: Repent|First Impression|p2a: Skarmory
|-resisted|p2a: Skarmory
|-damage|p2a: Skarmory|61/100
|-damage|p1a: Repent|74/100|[from] item: Life Orb
|
|upkeep
|turn|32
|
|t:|1776076953
|switch|p1a: Repent|Lokix, M|54/100
|-damage|p1a: Repent|38/100|[from] Spikes
|move|p2a: Skarmory|Spikes|p1a: Repent
|-sidestart|p1: pepinoloko|Spikes
|
|upkeep
|turn|33
|
|t:|1776076973
|move|p1a: Repent|Flamethrower|p2a: Skarmory
|-supereffective|p2a: Skarmory
|-damage|p2a: Skarmory|0 fnt
|faint|p2a: Skarmory
|
|upkeep
|
|t:|1776076976
|switch|p2a: Enamorus|Enamorus, F|82/100 tox
|-damage|p2a: Enamorus|57/100 tox|[from] Stealth Rock
|turn|34
|
|t:|1776076980
|move|p2a: Enamorus|Moonblast|p1a: Repent
|-damage|p1a: Repent|0 fnt
|replace|p1a: The end is nigh|Zoroark-Hisui, M
|-end|p1a: The end is nigh|Illusion
|faint|p1a: The end is nigh
|
|-damage|p2a: Enamorus|51/100 tox|[from] psn
|upkeep
|
|t:|1776077008
|switch|p1a: He loves you|Hydrapple, M|100/100
|-damage|p1a: He loves you|76/100|[from] Spikes
|turn|35
|
|t:|1776077017
|-terastallize|p1a: He loves you|Fairy
|move|p2a: Enamorus|Moonblast|p1a: He loves you
|-damage|p1a: He loves you|21/100
|move|p1a: He loves you|Giga Drain|p2a: Enamorus
|-resisted|p2a: Enamorus
|-damage|p2a: Enamorus|29/100 tox
|-heal|p1a: He loves you|28/100|[from] drain|[of] p2a: Enamorus
|
|-damage|p2a: Enamorus|16/100 tox|[from] psn
|upkeep
|turn|36
|
|t:|1776077022
|move|p2a: Enamorus|Moonblast|p1a: He loves you
|-damage|p1a: He loves you|0 fnt
|faint|p1a: He loves you
|
|-damage|p2a: Enamorus|0 fnt|[from] psn
|faint|p2a: Enamorus
|upkeep
|j| Monkey D MinMin
|-message|amimec forfeited.
|
|win|pepinoloko
|raw|pepinoloko's rating: 1666 &rarr; <strong>1688</strong><br />(+22 for winning)
|raw|amimec's rating: 1703 &rarr; <strong>1681</strong><br />(-22 for losing)
|l|☆amimec
|player|p2|
|l| Monkey D MinMin
