|html|<div class="broadcast-blue"><strong>[Gen 9] OU is currently suspecting Tera Blast! For information on how to participate check out the <a href="https://www.smogon.com/tools/suspects/view/200">suspect thread</a>.</strong></div>
|j|☆PureSkillLol
|j|☆Blastoise_Choice
|t:|1776125977
|gametype|singles
|player|p1|PureSkillLol|guzma|1620
|player|p2|Blastoise_Choice|101|1565
|gen|9
|tier|[Gen 9] OU
|rated|
|rule|HP Percentage Mod: HP is shown in percentages
|rule|Endless Battle Clause: Forcing endless battles is banned
|rule|Species Clause: Limit one of each Pokémon
|rule|OHKO Clause: OHKO moves are banned
|rule|Evasion Items Clause: Evasion items are banned
|rule|Evasion Moves Clause: Evasion moves are banned
|rule|Evasion Abilities Clause: Evasion abilities are banned
|rule|Sleep Moves Clause: Sleep-inducing moves are banned
|clearpoke
|poke|p1|Ursaluna, M|
|poke|p1|Dragapult, M|
|poke|p1|Moltres|
|poke|p1|Rillaboom, F|
|poke|p1|Glimmora, M|
|poke|p1|Iron Valiant|
|poke|p2|Garganacl, M|
|poke|p2|Darkrai|
|poke|p2|Great Tusk|
|poke|p2|Hatterene, F|
|poke|p2|Tornadus-Therian, M|
|poke|p2|Dragonite, M|
|teampreview
|c|☆Blastoise_Choice|hf
|inactive|Battle timer is ON: inactive players will automatically lose when time's up. (requested by Blastoise_Choice)
|c|☆PureSkillLol|u2
|
|t:|1776125999
|teamsize|p1|6
|teamsize|p2|6
|start
|switch|p1a: Dragapult|Dragapult, M|100/100
|switch|p2a: Darkrai|Darkrai|100/100
|turn|1
|
|t:|1776126005
|move|p1a: Dragapult|U-turn|p2a: Darkrai
|-supereffective|p2a: Darkrai
|-damage|p2a: Darkrai|7/100
|
|t:|1776126013
|switch|p1a: Glimmora|Glimmora, M|100/100|[from] U-turn
|-item|p1a: Glimmora|Air Balloon
|move|p2a: Darkrai|Dark Pulse|p1a: Glimmora
|-damage|p1a: Glimmora|8/100
|-enditem|p1a: Glimmora|Air Balloon
|
|upkeep
|turn|2
|
|t:|1776126020
|move|p2a: Darkrai|Dark Pulse|p1a: Glimmora
|-damage|p1a: Glimmora|0 fnt
|faint|p1a: Glimmora
|
|upkeep
|
|t:|1776126023
|switch|p1a: Dragapult|Dragapult, M|100/100
|turn|3
|
|t:|1776126029
|switch|p2a: Great Tusk|Great Tusk|100/100
|-enditem|p2a: Great Tusk|Booster Energy
|-activate|p2a: Great Tusk|ability: Protosynthesis|[fromitem]
|-start|p2a: Great Tusk|protosynthesisatk
|move|p1a: Dragapult|U-turn|p2a: Great Tusk
|-resisted|p2a: Great Tusk
|-damage|p2a: Great Tusk|89/100
|
|t:|1776126043
|switch|p1a: Moltres|Moltres|100/100|[from] U-turn
|
|upkeep
|turn|4
|
|t:|1776126049
|-end|p2a: Great Tusk|Protosynthesis|[silent]
|switch|p2a: Darkrai|Darkrai|7/100
|move|p1a: Moltres|Flamethrower|p2a: Darkrai
|-damage|p2a: Darkrai|0 fnt
|faint|p2a: Darkrai
|
|upkeep
|
|t:|1776126056
|switch|p2a: Tornadus|Tornadus-Therian, M, shiny|100/100
|turn|5
|
|t:|1776126062
|switch|p2a: Great Tusk|Great Tusk|89/100
|move|p1a: Moltres|U-turn|p2a: Great Tusk
|-resisted|p2a: Great Tusk
|-damage|p2a: Great Tusk|84/100
|
|t:|1776126067
|switch|p1a: Rillaboom|Rillaboom, F|100/100|[from] U-turn
|-fieldstart|move: Grassy Terrain|[from] ability: Grassy Surge|[of] p1a: Rillaboom
|
|-heal|p2a: Great Tusk|90/100|[from] Grassy Terrain
|upkeep
|turn|6
|
|t:|1776126073
|switch|p1a: Moltres|Moltres|100/100
|move|p2a: Great Tusk|Close Combat|p1a: Moltres
|-resisted|p1a: Moltres
|-damage|p1a: Moltres|78/100
|-unboost|p2a: Great Tusk|def|1
|-unboost|p2a: Great Tusk|spd|1
|
|-heal|p2a: Great Tusk|96/100|[from] Grassy Terrain
|upkeep
|turn|7
|
|t:|1776126080
|move|p2a: Great Tusk|Ice Spinner|p1a: Moltres
|-damage|p1a: Moltres|58/100
|-fieldend|move: Grassy Terrain
|move|p1a: Moltres|U-turn|p2a: Great Tusk
|-resisted|p2a: Great Tusk
|-damage|p2a: Great Tusk|88/100
|
|t:|1776126084
|switch|p1a: Dragapult|Dragapult, M|100/100|[from] U-turn
|
|upkeep
|turn|8
|
|t:|1776126091
|-terastallize|p2a: Great Tusk|Ice
|move|p1a: Dragapult|U-turn|p2a: Great Tusk
|-damage|p2a: Great Tusk|51/100
|
|t:|1776126094
|switch|p1a: Moltres|Moltres|58/100|[from] U-turn
|move|p2a: Great Tusk|Ice Spinner|p1a: Moltres
|-damage|p1a: Moltres|29/100
|-status|p2a: Great Tusk|brn|[from] ability: Flame Body|[of] p1a: Moltres
|
|-damage|p2a: Great Tusk|45/100 brn|[from] brn
|upkeep
|turn|9
|
|t:|1776126101
|-end|p2a: Great Tusk|Protosynthesis|[silent]
|switch|p2a: Garganacl|Garganacl, M|100/100
|move|p1a: Moltres|Roost|p1a: Moltres
|-heal|p1a: Moltres|79/100
|-singleturn|p1a: Moltres|move: Roost
|
|upkeep
|turn|10
|
|t:|1776126105
|move|p1a: Moltres|U-turn|p2a: Garganacl
|-damage|p2a: Garganacl|91/100
|
|t:|1776126106
|switch|p1a: Rillaboom|Rillaboom, F|100/100|[from] U-turn
|-fieldstart|move: Grassy Terrain|[from] ability: Grassy Surge|[of] p1a: Rillaboom
|move|p2a: Garganacl|Salt Cure|p1a: Rillaboom
|-damage|p1a: Rillaboom|85/100
|-start|p1a: Rillaboom|Salt Cure
|
|-heal|p1a: Rillaboom|91/100|[from] Grassy Terrain
|-heal|p2a: Garganacl|97/100|[from] Grassy Terrain
|-heal|p2a: Garganacl|100/100|[from] item: Leftovers
|-damage|p1a: Rillaboom|79/100|[from] Salt Cure
|upkeep
|turn|11
|
|t:|1776126114
|move|p1a: Rillaboom|Wood Hammer|p2a: Garganacl
|-supereffective|p2a: Garganacl
|-damage|p2a: Garganacl|0 fnt
|faint|p2a: Garganacl
|-damage|p1a: Rillaboom|40/100|[from] Recoil
|
|-heal|p1a: Rillaboom|46/100|[from] Grassy Terrain
|-damage|p1a: Rillaboom|34/100|[from] Salt Cure
|upkeep
|
|t:|1776126121
|switch|p2a: Great Tusk|Great Tusk, tera:Ice|45/100 brn
|turn|12
|
|t:|1776126127
|switch|p1a: Moltres|Moltres|79/100
|move|p2a: Great Tusk|Ice Spinner|p1a: Moltres
|-damage|p1a: Moltres|65/100
|-fieldend|move: Grassy Terrain
|
|-damage|p2a: Great Tusk|39/100 brn|[from] brn
|upkeep
|turn|13
|
|t:|1776126131
|move|p2a: Great Tusk|Rapid Spin|p1a: Moltres
|-damage|p1a: Moltres|58/100
|-boost|p2a: Great Tusk|spe|1
|move|p1a: Moltres|Roost|p1a: Moltres
|-heal|p1a: Moltres|100/100
|-singleturn|p1a: Moltres|move: Roost
|
|-damage|p2a: Great Tusk|33/100 brn|[from] brn
|upkeep
|turn|14
|
|t:|1776126135
|-end|p2a: Great Tusk|Protosynthesis|[silent]
|switch|p2a: Tornadus|Tornadus-Therian, M, shiny|100/100
|move|p1a: Moltres|Flamethrower|p2a: Tornadus
|-damage|p2a: Tornadus|77/100
|
|upkeep
|turn|15
|
|t:|1776126139
|switch|p2a: Great Tusk|Great Tusk, tera:Ice|33/100 brn
|move|p1a: Moltres|U-turn|p2a: Great Tusk
|-damage|p2a: Great Tusk|23/100 brn
|
|t:|1776126141
|switch|p1a: Dragapult|Dragapult, M|100/100|[from] U-turn
|
|-damage|p2a: Great Tusk|16/100 brn|[from] brn
|upkeep
|turn|16
|
|t:|1776126147
|move|p1a: Dragapult|U-turn|p2a: Great Tusk
|-damage|p2a: Great Tusk|0 fnt
|faint|p2a: Great Tusk
|-end|p2a: Great Tusk|Protosynthesis|[silent]
|
|t:|1776126150
|switch|p1a: Ursaluna|Ursaluna, M|100/100|[from] U-turn
|
|-status|p1a: Ursaluna|brn|[from] item: Flame Orb
|upkeep
|
|t:|1776126157
|switch|p2a: Dragonite|Dragonite, M|100/100
|turn|17
|
|t:|1776126163
|move|p2a: Dragonite|Earthquake|p1a: Ursaluna
|-damage|p1a: Ursaluna|72/100 brn
|move|p1a: Ursaluna|Ice Punch|p2a: Dragonite
|-supereffective|p2a: Dragonite
|-damage|p2a: Dragonite|19/100
|
|-damage|p1a: Ursaluna|66/100 brn|[from] brn
|upkeep
|turn|18
|
|t:|1776126173
|move|p2a: Dragonite|Earthquake|p1a: Ursaluna
|-damage|p1a: Ursaluna|39/100 brn
|move|p1a: Ursaluna|Facade|p2a: Dragonite
|-damage|p2a: Dragonite|0 fnt
|faint|p2a: Dragonite
|
|-damage|p1a: Ursaluna|33/100 brn|[from] brn
|upkeep
|
|t:|1776126180
|switch|p2a: Hatterene|Hatterene, F|100/100
|turn|19
|
|t:|1776126186
|move|p1a: Ursaluna|Facade|p2a: Hatterene
|-damage|p2a: Hatterene|0 fnt
|-damage|p1a: Ursaluna|16/100 brn|[from] item: Rocky Helmet|[of] p2a: Hatterene
|faint|p2a: Hatterene
|
|-damage|p1a: Ursaluna|10/100 brn|[from] brn
|upkeep
|
|t:|1776126193
|switch|p2a: Tornadus|Tornadus-Therian, M, shiny|100/100
|turn|20
|
|t:|1776126199
|move|p2a: Tornadus|Bleakwind Storm|p1a: Ursaluna
|-damage|p1a: Ursaluna|0 fnt
|faint|p1a: Ursaluna
|
|upkeep
|
|t:|1776126203
|switch|p1a: Dragapult|Dragapult, M|100/100
|turn|21
|
|t:|1776126209
|move|p1a: Dragapult|Dragon Darts|p2a: Tornadus
|-damage|p2a: Tornadus|59/100
|-anim|p1a: Dragapult|Dragon Darts|p2a: Tornadus
|-damage|p2a: Tornadus|17/100
|move|p2a: Tornadus|Bleakwind Storm|p1a: Dragapult|[miss]
|-miss|p2a: Tornadus|p1a: Dragapult
|
|upkeep
|turn|22
|
|t:|1776126215
|move|p1a: Dragapult|Dragon Darts|p2a: Tornadus
|-damage|p2a: Tornadus|0 fnt
|faint|p2a: Tornadus
|
|win|PureSkillLol
|raw|PureSkillLol's rating: 1620 &rarr; <strong>1637</strong><br />(+17 for winning)
|raw|Blastoise_Choice's rating: 1565 &rarr; <strong>1548</strong><br />(-17 for losing)
|c|☆Blastoise_Choice|gg
