|html|<div class="broadcast-blue"><strong>[Gen 9] OU is currently suspecting Tera Blast! For information on how to participate check out the <a href="https://www.smogon.com/tools/suspects/view/200">suspect thread</a>.</strong></div>
|j|☆professional goon
|j|☆Meio_pOTATO
|t:|1776044836
|gametype|singles
|player|p1|professional goon|veteran|1520
|player|p2|Meio_pOTATO|rosa|1506
|gen|9
|tier|[Gen 9] OU
|rated|
|rule|HP Percentage Mod: HP is shown in percentages
|rule|Endless Battle Clause: Forcing endless battles is banned
|rule|Species Clause: Limit one of each Pokémon
|rule|OHKO Clause: OHKO moves are banned
|rule|Evasion Items Clause: Evasion items are banned
|rule|Evasion Moves Clause: Evasion moves are banned
|rule|Evasion Abilities Clause: Evasion abilities are banned
|rule|Sleep Moves Clause: Sleep-inducing moves are banned
|clearpoke
|poke|p1|Primarina, M|
|poke|p1|Great Tusk|
|poke|p1|Enamorus, F|
|poke|p1|Slowking-Galar, M|
|poke|p1|Ogerpon, F|
|poke|p1|Kingambit, M|
|poke|p2|Latias, F|
|poke|p2|Iron Moth|
|poke|p2|Polteageist|
|poke|p2|Ogerpon-Wellspring, F|
|poke|p2|Kingambit, M|
|poke|p2|Zamazenta-*|
|teampreview
|inactive|Battle timer is ON: inactive players will automatically lose when time's up. (requested by Meio_pOTATO)
|
|t:|1776044851
|teamsize|p1|6
|teamsize|p2|6
|start
|switch|p1a: Primarina|Primarina, M|100/100
|switch|p2a: Clearsight|Latias, F|100/100
|turn|1
|
|t:|1776044864
|move|p2a: Clearsight|Calm Mind|p2a: Clearsight
|-boost|p2a: Clearsight|spa|1
|-boost|p2a: Clearsight|spd|1
|move|p1a: Primarina|Substitute|p1a: Primarina
|-start|p1a: Primarina|Substitute
|-damage|p1a: Primarina|76/100
|
|-heal|p1a: Primarina|82/100|[from] item: Leftovers
|upkeep
|turn|2
|
|t:|1776044870
|move|p2a: Clearsight|Stored Power|p1a: Primarina
|-end|p1a: Primarina|Substitute
|move|p1a: Primarina|Whirlpool|p2a: Clearsight
|-resisted|p2a: Clearsight
|-damage|p2a: Clearsight|95/100
|-activate|p2a: Clearsight|move: Whirlpool|[of] p1a: Primarina
|
|-heal|p1a: Primarina|88/100|[from] item: Leftovers
|-damage|p2a: Clearsight|82/100|[from] move: Whirlpool|[partiallytrapped]
|upkeep
|turn|3
|
|t:|1776044874
|move|p2a: Clearsight|Calm Mind|p2a: Clearsight
|-boost|p2a: Clearsight|spa|1
|-boost|p2a: Clearsight|spd|1
|move|p1a: Primarina|Psychic Noise|p2a: Clearsight
|-resisted|p2a: Clearsight
|-damage|p2a: Clearsight|73/100
|-start|p2a: Clearsight|move: Heal Block
|
|-heal|p1a: Primarina|94/100|[from] item: Leftovers
|-damage|p2a: Clearsight|61/100|[from] move: Whirlpool|[partiallytrapped]
|upkeep
|turn|4
|
|t:|1776044876
|move|p2a: Clearsight|Stored Power|p1a: Primarina
|-crit|p1a: Primarina
|-damage|p1a: Primarina|0 fnt
|faint|p1a: Primarina
|
|-end|p2a: Clearsight|Whirlpool|[partiallytrapped]|[silent]
|-end|p2a: Clearsight|move: Heal Block
|upkeep
|
|t:|1776044887
|switch|p1a: Ogerpon|Ogerpon, F|100/100
|turn|5
|
|t:|1776044900
|move|p1a: Ogerpon|Knock Off|p2a: Clearsight
|-supereffective|p2a: Clearsight
|-crit|p2a: Clearsight
|-damage|p2a: Clearsight|0 fnt
|-enditem|p2a: Clearsight|Weakness Policy|[from] move: Knock Off|[of] p1a: Ogerpon
|faint|p2a: Clearsight
|
|upkeep
|
|t:|1776044904
|switch|p2a: Luna|Iron Moth|100/100
|turn|6
|
|t:|1776044910
|switch|p1a: Slowking|Slowking-Galar, M|100/100
|move|p2a: Luna|Fiery Dance|p1a: Slowking
|-damage|p1a: Slowking|75/100
|
|upkeep
|turn|7
|
|t:|1776044915
|move|p2a: Luna|Fiery Dance|p1a: Slowking
|-damage|p1a: Slowking|54/100
|move|p1a: Slowking|Psychic Noise|p2a: Luna
|-supereffective|p2a: Luna
|-damage|p2a: Luna|43/100
|-start|p2a: Luna|move: Heal Block
|
|upkeep
|turn|8
|
|t:|1776044921
|move|p2a: Luna|Fiery Dance|p1a: Slowking
|-damage|p1a: Slowking|31/100
|move|p1a: Slowking|Psychic Noise|p2a: Luna
|-supereffective|p2a: Luna
|-damage|p2a: Luna|0 fnt
|faint|p2a: Luna
|-end|p2a: Luna|Quark Drive|[silent]
|
|upkeep
|
|t:|1776044938
|switch|p2a: Darkstalker|Kingambit, M|100/100
|turn|9
|
|t:|1776044942
|switch|p1a: Great Tusk|Great Tusk|100/100
|move|p2a: Darkstalker|Swords Dance|p2a: Darkstalker
|-boost|p2a: Darkstalker|atk|2
|
|upkeep
|turn|10
|
|t:|1776044947
|-terastallize|p2a: Darkstalker|Ghost
|move|p1a: Great Tusk|Headlong Rush|p2a: Darkstalker
|-damage|p2a: Darkstalker|51/100
|-unboost|p1a: Great Tusk|def|1
|-unboost|p1a: Great Tusk|spd|1
|move|p2a: Darkstalker|Iron Head|p1a: Great Tusk
|-damage|p1a: Great Tusk|12/100
|-damage|p2a: Darkstalker|35/100|[from] item: Rocky Helmet|[of] p1a: Great Tusk
|
|-heal|p2a: Darkstalker|41/100|[from] item: Leftovers
|upkeep
|turn|11
|
|t:|1776044954
|move|p2a: Darkstalker|Sucker Punch||[still]
|-fail|p2a: Darkstalker
|move|p1a: Great Tusk|Stealth Rock|p2a: Darkstalker
|-sidestart|p2: Meio_pOTATO|move: Stealth Rock
|
|-heal|p2a: Darkstalker|47/100|[from] item: Leftovers
|upkeep
|turn|12
|
|t:|1776044957
|move|p2a: Darkstalker|Sucker Punch|p1a: Great Tusk
|-resisted|p1a: Great Tusk
|-damage|p1a: Great Tusk|0 fnt
|-damage|p2a: Darkstalker|30/100|[from] item: Rocky Helmet|[of] p1a: Great Tusk
|faint|p1a: Great Tusk
|-end|p1a: Great Tusk|Protosynthesis|[silent]
|
|-heal|p2a: Darkstalker|37/100|[from] item: Leftovers
|upkeep
|
|t:|1776044976
|switch|p1a: Enamorus|Enamorus, F|100/100
|turn|13
|
|t:|1776044979
|move|p2a: Darkstalker|Sucker Punch|p1a: Enamorus
|-resisted|p1a: Enamorus
|-damage|p1a: Enamorus|40/100
|move|p1a: Enamorus|Moonblast|p2a: Darkstalker
|-damage|p2a: Darkstalker|0 fnt
|faint|p2a: Darkstalker
|
|upkeep
|
|t:|1776044983
|switch|p2a: Kinkajou|Ogerpon-Wellspring, F|100/100
|-damage|p2a: Kinkajou|88/100|[from] Stealth Rock
|turn|14
|
|t:|1776044988
|switch|p1a: Slowking|Slowking-Galar, M|65/100
|move|p2a: Kinkajou|Knock Off|p1a: Slowking
|-supereffective|p1a: Slowking
|-damage|p1a: Slowking|8/100
|-enditem|p1a: Slowking|Assault Vest|[from] move: Knock Off|[of] p2a: Kinkajou
|
|upkeep
|turn|15
|
|t:|1776044991
|move|p2a: Kinkajou|Ivy Cudgel|p1a: Slowking|[anim] Ivy Cudgel Water
|-crit|p1a: Slowking
|-damage|p1a: Slowking|0 fnt
|faint|p1a: Slowking
|
|upkeep
|
|t:|1776044997
|switch|p1a: Ogerpon|Ogerpon, F|100/100
|turn|16
|
|t:|1776045008
|move|p1a: Ogerpon|Ivy Cudgel|p2a: Kinkajou
|-damage|p2a: Kinkajou|0 fnt
|faint|p2a: Kinkajou
|
|upkeep
|
|t:|1776045011
|switch|p2a: Peril|Zamazenta|100/100
|-damage|p2a: Peril|94/100|[from] Stealth Rock
|-ability|p2a: Peril|Dauntless Shield|boost
|-boost|p2a: Peril|def|1
|turn|17
|
|t:|1776045022
|move|p2a: Peril|Iron Defense|p2a: Peril
|-boost|p2a: Peril|def|2
|move|p1a: Ogerpon|Ivy Cudgel|p2a: Peril
|-damage|p2a: Peril|66/100
|
|-heal|p2a: Peril|72/100|[from] item: Leftovers
|upkeep
|turn|18
|
|t:|1776045028
|move|p2a: Peril|Iron Defense|p2a: Peril
|-boost|p2a: Peril|def|2
|move|p1a: Ogerpon|Ivy Cudgel|p2a: Peril
|-damage|p2a: Peril|51/100
|
|-heal|p2a: Peril|57/100|[from] item: Leftovers
|upkeep
|turn|19
|
|t:|1776045030
|move|p2a: Peril|Body Press|p1a: Ogerpon
|-damage|p1a: Ogerpon|0 fnt
|faint|p1a: Ogerpon
|
|-heal|p2a: Peril|64/100|[from] item: Leftovers
|upkeep
|
|t:|1776045032
|switch|p1a: Enamorus|Enamorus, F|40/100
|turn|20
|
|t:|1776045034
|move|p1a: Enamorus|Moonblast|p2a: Peril
|-supereffective|p2a: Peril
|-damage|p2a: Peril|0 fnt
|faint|p2a: Peril
|
|upkeep
|
|t:|1776045035
|switch|p2a: Boa|Polteageist|100/100
|-damage|p2a: Boa|88/100|[from] Stealth Rock
|turn|21
|
|t:|1776045038
|move|p1a: Enamorus|Moonblast|p2a: Boa
|-damage|p2a: Boa|23/100
|-unboost|p2a: Boa|spa|1
|move|p2a: Boa|Shadow Ball|p1a: Enamorus
|-damage|p1a: Enamorus|0 fnt
|faint|p1a: Enamorus
|
|upkeep
|
|t:|1776045040
|switch|p1a: Kingambit|Kingambit, M|100/100
|-activate|p1a: Kingambit|ability: Supreme Overlord
|-start|p1a: Kingambit|fallen5|[silent]
|turn|22
|c|☆Meio_pOTATO|gg
|
|t:|1776045044
|move|p2a: Boa|Shadow Ball|p1a: Kingambit
|-resisted|p1a: Kingambit
|-damage|p1a: Kingambit|86/100
|move|p1a: Kingambit|Iron Head|p2a: Boa
|-damage|p2a: Boa|0 fnt
|faint|p2a: Boa
|
|win|professional goon
|raw|professional goon's rating: 1520 &rarr; <strong>1540</strong><br />(+20 for winning)
|raw|Meio_pOTATO's rating: 1528 &rarr; <strong>1508</strong><br />(-20 for losing)
|l|☆Meio_pOTATO
|player|p2|
|l|☆professional goon
|player|p1|
