|html|<div class="broadcast-blue"><strong>[Gen 9] OU is currently suspecting Tera Blast! For information on how to participate check out the <a href="https://www.smogon.com/tools/suspects/view/200">suspect thread</a>.</strong></div>
|j|☆17cym17
|j|☆SloppyDolphin69
|t:|1776102327
|gametype|singles
|player|p1|17cym17|steven|1087
|player|p2|SloppyDolphin69|102|1033
|gen|9
|tier|[Gen 9] OU
|rated|
|rule|HP Percentage Mod: HP is shown in percentages
|rule|Endless Battle Clause: Forcing endless battles is banned
|rule|Species Clause: Limit one of each Pokémon
|rule|OHKO Clause: OHKO moves are banned
|rule|Evasion Items Clause: Evasion items are banned
|rule|Evasion Moves Clause: Evasion moves are banned
|rule|Evasion Abilities Clause: Evasion abilities are banned
|rule|Sleep Moves Clause: Sleep-inducing moves are banned
|clearpoke
|poke|p1|Great Tusk|
|poke|p1|Iron Valiant|
|poke|p1|Dragonite, M|
|poke|p1|Gholdengo|
|poke|p1|Clodsire, F|
|poke|p1|Corviknight, F|
|poke|p2|Pelipper, M|
|poke|p2|Raging Bolt|
|poke|p2|Basculegion-F, F|
|poke|p2|Landorus-Therian, M|
|poke|p2|Registeel|
|poke|p2|Dragonite, F|
|teampreview
|j| ohko_smeargle
|
|t:|1776102335
|teamsize|p1|6
|teamsize|p2|6
|start
|switch|p1a: Great Tusk|Great Tusk|100/100
|switch|p2a: Pelipper|Pelipper, M|100/100
|-weather|RainDance|[from] ability: Drizzle|[of] p2a: Pelipper
|turn|1
|
|t:|1776102344
|-terastallize|p2a: Pelipper|Water
|move|p1a: Great Tusk|Stealth Rock|p2a: Pelipper
|-sidestart|p2: SloppyDolphin69|move: Stealth Rock
|move|p2a: Pelipper|Weather Ball|p1a: Great Tusk
|-supereffective|p1a: Great Tusk
|-damage|p1a: Great Tusk|0 fnt
|faint|p1a: Great Tusk
|-end|p1a: Great Tusk|Protosynthesis|[silent]
|
|-weather|RainDance|[upkeep]
|upkeep
|
|t:|1776102353
|switch|p1a: Iron Valiant|Iron Valiant, shiny|100/100
|turn|2
|
|t:|1776102357
|move|p1a: Iron Valiant|Thunderbolt|p2a: Pelipper
|-supereffective|p2a: Pelipper
|-damage|p2a: Pelipper|0 fnt
|faint|p2a: Pelipper
|
|-weather|RainDance|[upkeep]
|upkeep
|
|t:|1776102365
|switch|p2a: Registeel|Registeel|100/100
|-damage|p2a: Registeel|94/100|[from] Stealth Rock
|turn|3
|
|t:|1776102373
|-end|p1a: Iron Valiant|Quark Drive|[silent]
|switch|p1a: Clodsire|Clodsire, F|100/100
|move|p2a: Registeel|Thunder Wave|p1a: Clodsire
|-immune|p1a: Clodsire
|
|-weather|RainDance|[upkeep]
|-heal|p2a: Registeel|100/100|[from] item: Leftovers
|upkeep
|turn|4
|inactive|Battle timer is ON: inactive players will automatically lose when time's up. (requested by SloppyDolphin69)
|
|t:|1776102382
|switch|p2a: Basculegion|Basculegion-F, F|100/100
|-damage|p2a: Basculegion|88/100|[from] Stealth Rock
|move|p1a: Clodsire|Toxic Spikes|p2a: Basculegion
|-sidestart|p2: SloppyDolphin69|move: Toxic Spikes
|
|-weather|RainDance|[upkeep]
|upkeep
|turn|5
|
|t:|1776102394
|switch|p1a: Corviknight|Corviknight, F, shiny|100/100
|-ability|p1a: Corviknight|Pressure
|move|p2a: Basculegion|Zen Headbutt|p1a: Corviknight
|-resisted|p1a: Corviknight
|-damage|p1a: Corviknight|90/100
|
|-weather|RainDance|[upkeep]
|-heal|p1a: Corviknight|96/100|[from] item: Leftovers
|upkeep
|turn|6
|
|t:|1776102408
|switch|p2a: Landorus|Landorus-Therian, M|100/100
|-damage|p2a: Landorus|88/100|[from] Stealth Rock
|-ability|p2a: Landorus|Intimidate|boost
|-unboost|p1a: Corviknight|atk|1
|move|p1a: Corviknight|U-turn|p2a: Landorus
|-resisted|p2a: Landorus
|-damage|p2a: Landorus|83/100
|
|t:|1776102422
|switch|p1a: Iron Valiant|Iron Valiant, shiny|100/100|[from] U-turn
|
|-weather|RainDance|[upkeep]
|upkeep
|turn|7
|
|t:|1776102435
|switch|p2a: Registeel|Registeel|100/100
|-damage|p2a: Registeel|94/100|[from] Stealth Rock
|move|p1a: Iron Valiant|Moonblast|p2a: Registeel
|-resisted|p2a: Registeel
|-damage|p2a: Registeel|71/100
|
|-weather|RainDance|[upkeep]
|-heal|p2a: Registeel|77/100|[from] item: Leftovers
|upkeep
|turn|8
|
|t:|1776102448
|-end|p1a: Iron Valiant|Quark Drive|[silent]
|switch|p1a: Clodsire|Clodsire, F|100/100
|move|p2a: Registeel|Body Press|p1a: Clodsire
|-resisted|p1a: Clodsire
|-damage|p1a: Clodsire|83/100
|
|-weather|none
|-heal|p2a: Registeel|83/100|[from] item: Leftovers
|-heal|p1a: Clodsire|89/100|[from] item: Black Sludge
|upkeep
|turn|9
|
|t:|1776102458
|move|p2a: Registeel|Rain Dance|p2a: Registeel
|-weather|RainDance
|move|p1a: Clodsire|Earthquake|p2a: Registeel
|-supereffective|p2a: Registeel
|-damage|p2a: Registeel|52/100
|
|-weather|RainDance|[upkeep]
|-heal|p2a: Registeel|58/100|[from] item: Leftovers
|-heal|p1a: Clodsire|95/100|[from] item: Black Sludge
|upkeep
|turn|10
|
|t:|1776102470
|switch|p2a: Dragonite|Dragonite, F|100/100
|-damage|p2a: Dragonite|76/100|[from] Stealth Rock
|move|p1a: Clodsire|Earthquake|p2a: Dragonite
|-immune|p2a: Dragonite
|
|-weather|RainDance|[upkeep]
|-heal|p2a: Dragonite|82/100|[from] item: Leftovers
|-heal|p1a: Clodsire|100/100|[from] item: Black Sludge
|upkeep
|turn|11
|
|t:|1776102479
|move|p2a: Dragonite|Agility|p2a: Dragonite
|-boost|p2a: Dragonite|spe|2
|move|p1a: Clodsire|Toxic|p2a: Dragonite
|-status|p2a: Dragonite|tox
|
|-weather|RainDance|[upkeep]
|-heal|p2a: Dragonite|88/100 tox|[from] item: Leftovers
|-damage|p2a: Dragonite|82/100 tox|[from] psn
|upkeep
|turn|12
|
|t:|1776102496
|switch|p1a: Iron Valiant|Iron Valiant, shiny|100/100
|move|p2a: Dragonite|Hurricane|p1a: Iron Valiant
|-supereffective|p1a: Iron Valiant
|-damage|p1a: Iron Valiant|0 fnt
|faint|p1a: Iron Valiant
|-end|p1a: Iron Valiant|Quark Drive|[silent]
|
|-weather|RainDance|[upkeep]
|-heal|p2a: Dragonite|88/100 tox|[from] item: Leftovers
|-damage|p2a: Dragonite|76/100 tox|[from] psn
|upkeep
|
|t:|1776102506
|switch|p1a: Dragonite|Dragonite, M|100/100
|turn|13
|
|t:|1776102514
|move|p1a: Dragonite|Extreme Speed|p2a: Dragonite
|-damage|p2a: Dragonite|48/100 tox
|move|p2a: Dragonite|Dragon Pulse|p1a: Dragonite
|-supereffective|p1a: Dragonite
|-damage|p1a: Dragonite|65/100
|
|-weather|none
|-heal|p2a: Dragonite|54/100 tox|[from] item: Leftovers
|-damage|p2a: Dragonite|35/100 tox|[from] psn
|upkeep
|turn|14
|
|t:|1776102523
|move|p1a: Dragonite|Extreme Speed|p2a: Dragonite
|-damage|p2a: Dragonite|9/100 tox
|move|p2a: Dragonite|Dragon Pulse|p1a: Dragonite
|-supereffective|p1a: Dragonite
|-damage|p1a: Dragonite|6/100
|
|-heal|p2a: Dragonite|15/100 tox|[from] item: Leftovers
|-damage|p2a: Dragonite|0 fnt|[from] psn
|faint|p2a: Dragonite
|upkeep
|
|t:|1776102529
|switch|p2a: Registeel|Registeel|58/100
|-damage|p2a: Registeel|52/100|[from] Stealth Rock
|turn|15
|
|t:|1776102536
|move|p1a: Dragonite|Fire Punch|p2a: Registeel
|-supereffective|p2a: Registeel
|-damage|p2a: Registeel|19/100
|move|p2a: Registeel|Rain Dance|p2a: Registeel
|-weather|RainDance
|
|-weather|RainDance|[upkeep]
|-heal|p2a: Registeel|25/100|[from] item: Leftovers
|upkeep
|turn|16
|
|t:|1776102543
|move|p1a: Dragonite|Earthquake|p2a: Registeel
|-supereffective|p2a: Registeel
|-damage|p2a: Registeel|0 fnt
|faint|p2a: Registeel
|
|-weather|RainDance|[upkeep]
|upkeep
|
|t:|1776102546
|switch|p2a: Basculegion|Basculegion-F, F|88/100
|-damage|p2a: Basculegion|76/100|[from] Stealth Rock
|-status|p2a: Basculegion|psn
|turn|17
|
|t:|1776102559
|move|p1a: Dragonite|Extreme Speed|p2a: Basculegion
|-immune|p2a: Basculegion
|move|p2a: Basculegion|Flip Turn|p1a: Dragonite
|-resisted|p1a: Dragonite
|-damage|p1a: Dragonite|0 fnt
|faint|p1a: Dragonite
|
|t:|1776102567
|switch|p2a: Raging Bolt|Raging Bolt|100/100|[from] Flip Turn
|-damage|p2a: Raging Bolt|88/100|[from] Stealth Rock
|-status|p2a: Raging Bolt|psn
|
|-weather|RainDance|[upkeep]
|-damage|p2a: Raging Bolt|76/100 psn|[from] psn
|upkeep
|
|t:|1776102579
|switch|p1a: Clodsire|Clodsire, F|100/100
|turn|18
|
|t:|1776102582
|move|p2a: Raging Bolt|Draco Meteor|p1a: Clodsire
|-damage|p1a: Clodsire|63/100
|-unboost|p2a: Raging Bolt|spa|2
|move|p1a: Clodsire|Earthquake|p2a: Raging Bolt
|-supereffective|p2a: Raging Bolt
|-damage|p2a: Raging Bolt|34/100 psn
|
|-weather|RainDance|[upkeep]
|-heal|p1a: Clodsire|69/100|[from] item: Black Sludge
|-damage|p2a: Raging Bolt|22/100 psn|[from] psn
|upkeep
|turn|19
|
|t:|1776102593
|-end|p2a: Raging Bolt|Protosynthesis|[silent]
|switch|p2a: Landorus|Landorus-Therian, M|83/100
|-damage|p2a: Landorus|70/100|[from] Stealth Rock
|-ability|p2a: Landorus|Intimidate|boost
|-unboost|p1a: Clodsire|atk|1
|move|p1a: Clodsire|Recover|p1a: Clodsire
|-heal|p1a: Clodsire|100/100
|
|-weather|none
|upkeep
|turn|20
|
|t:|1776102603
|move|p2a: Landorus|Swords Dance|p2a: Landorus
|-boost|p2a: Landorus|atk|2
|move|p1a: Clodsire|Toxic|p2a: Landorus
|-status|p2a: Landorus|tox
|-enditem|p2a: Landorus|Lum Berry|[eat]
|-curestatus|p2a: Landorus|tox|[msg]
|
|upkeep
|turn|21
|
|t:|1776102610
|move|p2a: Landorus|Earthquake|p1a: Clodsire
|-supereffective|p1a: Clodsire
|-damage|p1a: Clodsire|0 fnt
|faint|p1a: Clodsire
|
|upkeep
|
|t:|1776102615
|switch|p1a: Corviknight|Corviknight, F, shiny|96/100
|-ability|p1a: Corviknight|Pressure
|turn|22
|
|t:|1776102621
|move|p2a: Landorus|Rock Slide|p1a: Corviknight
|-damage|p1a: Corviknight|60/100
|cant|p1a: Corviknight|flinch
|
|-heal|p1a: Corviknight|66/100|[from] item: Leftovers
|upkeep
|turn|23
|
|t:|1776102628
|move|p2a: Landorus|Rock Slide|p1a: Corviknight
|-damage|p1a: Corviknight|31/100
|move|p1a: Corviknight|U-turn|p2a: Landorus
|-resisted|p2a: Landorus
|-damage|p2a: Landorus|63/100
|
|t:|1776102633
|switch|p1a: Gholdengo|Gholdengo|100/100|[from] U-turn
|
|upkeep
|turn|24
|
|t:|1776102643
|move|p1a: Gholdengo|Shadow Ball|p2a: Landorus
|-damage|p2a: Landorus|12/100
|move|p2a: Landorus|Rock Slide|p1a: Gholdengo
|-resisted|p1a: Gholdengo
|-damage|p1a: Gholdengo|71/100
|
|upkeep
|turn|25
|
|t:|1776102650
|move|p1a: Gholdengo|Shadow Ball|p2a: Landorus
|-damage|p2a: Landorus|0 fnt
|faint|p2a: Landorus
|
|upkeep
|
|t:|1776102653
|switch|p2a: Basculegion|Basculegion-F, F|76/100 psn
|-damage|p2a: Basculegion|63/100 psn|[from] Stealth Rock
|turn|26
|
|t:|1776102658
|-terastallize|p1a: Gholdengo|Steel
|move|p1a: Gholdengo|Shadow Ball|p2a: Basculegion
|-supereffective|p2a: Basculegion
|-damage|p2a: Basculegion|0 fnt
|faint|p2a: Basculegion
|
|upkeep
|
|t:|1776102663
|switch|p2a: Raging Bolt|Raging Bolt|22/100 psn
|-damage|p2a: Raging Bolt|10/100 psn|[from] Stealth Rock
|turn|27
|
|t:|1776102667
|move|p2a: Raging Bolt|Thunderclap|p1a: Gholdengo
|-damage|p1a: Gholdengo|20/100
|move|p1a: Gholdengo|Shadow Ball|p2a: Raging Bolt
|-damage|p2a: Raging Bolt|0 fnt
|faint|p2a: Raging Bolt
|-end|p2a: Raging Bolt|Protosynthesis|[silent]
|
|win|17cym17
|raw|17cym17's rating: 1087 &rarr; <strong>1110</strong><br />(+23 for winning)
|raw|SloppyDolphin69's rating: 1033 &rarr; <strong>1020</strong><br />(-13 for losing)
|l|☆SloppyDolphin69
|player|p2|
|l| ohko_smeargle
|c|☆17cym17|gg
|c|☆17cym17|gg
