|html|<div class="broadcast-blue"><strong>[Gen 9] OU is currently suspecting Tera Blast! For information on how to participate check out the <a href="https://www.smogon.com/tools/suspects/view/200">suspect thread</a>.</strong></div>
|j|☆EMVV
|j|☆baakrisht
|t:|1776058474
|gametype|singles
|player|p1|EMVV|gambler|1128
|player|p2|baakrisht|102|1078
|gen|9
|tier|[Gen 9] OU
|rated|
|rule|HP Percentage Mod: HP is shown in percentages
|rule|Endless Battle Clause: Forcing endless battles is banned
|rule|Species Clause: Limit one of each Pokémon
|rule|OHKO Clause: OHKO moves are banned
|rule|Evasion Items Clause: Evasion items are banned
|rule|Evasion Moves Clause: Evasion moves are banned
|rule|Evasion Abilities Clause: Evasion abilities are banned
|rule|Sleep Moves Clause: Sleep-inducing moves are banned
|clearpoke
|poke|p1|Chesnaught, F|
|poke|p1|Gliscor, M|
|poke|p1|Primarina, F|
|poke|p1|Corviknight, F|
|poke|p1|Goodra, M|
|poke|p1|Houndoom, F|
|poke|p2|Espeon, F|
|poke|p2|Goodra, F|
|poke|p2|Weezing-Galar, F|
|poke|p2|Orthworm, F|
|poke|p2|Suicune|
|poke|p2|Blissey, F|
|teampreview
|inactive|Battle timer is ON: inactive players will automatically lose when time's up. (requested by EMVV)
|
|t:|1776058490
|teamsize|p1|6
|teamsize|p2|6
|start
|switch|p1a: Gliscor|Gliscor, M|100/100
|switch|p2a: बिलाई मौसी|Espeon, F|100/100
|turn|1
|
|t:|1776058497
|move|p1a: Gliscor|Protect|p1a: Gliscor
|-singleturn|p1a: Gliscor|Protect
|move|p2a: बिलाई मौसी|Trick|p1a: Gliscor
|-activate|p1a: Gliscor|move: Protect
|
|-status|p1a: Gliscor|tox|[from] item: Toxic Orb
|upkeep
|turn|2
|
|t:|1776058503
|switch|p2a: दील दो 💖|Orthworm, F|100/100
|move|p1a: Gliscor|Stealth Rock|p2a: दील दो 💖
|-sidestart|p2: baakrisht|move: Stealth Rock
|
|upkeep
|turn|3
|
|t:|1776058509
|move|p1a: Gliscor|Protect|p1a: Gliscor
|-singleturn|p1a: Gliscor|Protect
|move|p2a: दील दो 💖|Body Press|p1a: Gliscor
|-activate|p1a: Gliscor|move: Protect
|
|upkeep
|turn|4
|
|t:|1776058517
|switch|p1a: Chesnaught|Chesnaught, F|100/100
|move|p2a: दील दो 💖|Stealth Rock|p1a: Chesnaught
|-sidestart|p1: EMVV|move: Stealth Rock
|
|upkeep
|turn|5
|
|t:|1776058521
|switch|p2a: लाठ साहब|Weezing-Galar, F|100/100
|-damage|p2a: लाठ साहब|88/100|[from] Stealth Rock
|move|p1a: Chesnaught|Body Press|p2a: लाठ साहब
|-resisted|p2a: लाठ साहब
|-damage|p2a: लाठ साहब|83/100
|-damage|p1a: Chesnaught|84/100|[from] item: Rocky Helmet|[of] p2a: लाठ साहब
|
|-heal|p1a: Chesnaught|90/100|[from] item: Leftovers
|upkeep
|turn|6
|
|t:|1776058526
|switch|p1a: Corviknight|Corviknight, F|100/100
|-damage|p1a: Corviknight|88/100|[from] Stealth Rock
|switch|p2a: बिलाई मौसी|Espeon, F|100/100
|-damage|p2a: बिलाई मौसी|88/100|[from] Stealth Rock
|
|-heal|p1a: Corviknight|94/100|[from] item: Leftovers
|upkeep
|turn|7
|
|t:|1776058533
|move|p2a: बिलाई मौसी|Light Screen|p2a: बिलाई मौसी
|-sidestart|p2: baakrisht|move: Light Screen
|move|p1a: Corviknight|Defog|p2a: बिलाई मौसी
|move|p2a: बिलाई मौसी|Defog|p1a: Corviknight|[from] ability: Magic Bounce
|-ability|p1a: Corviknight|Mirror Armor
|-unboost|p2a: बिलाई मौसी|evasion|1
|-sideend|p1: EMVV|Stealth Rock|[from] move: Defog|[of] p2a: बिलाई मौसी
|-sideend|p2: baakrisht|Stealth Rock|[from] move: Defog|[of] p2a: बिलाई मौसी
|
|-heal|p1a: Corviknight|100/100|[from] item: Leftovers
|upkeep
|turn|8
|
|t:|1776058546
|switch|p2a: दील दो 💖|Orthworm, F|100/100
|move|p1a: Corviknight|Brave Bird|p2a: दील दो 💖
|-resisted|p2a: दील दो 💖
|-damage|p2a: दील दो 💖|89/100
|-damage|p1a: Corviknight|97/100|[from] Recoil
|
|-heal|p1a: Corviknight|100/100|[from] item: Leftovers
|-heal|p2a: दील दो 💖|96/100|[from] item: Leftovers
|upkeep
|turn|9
|
|t:|1776058555
|switch|p1a: Chesnaught|Chesnaught, F|90/100
|move|p2a: दील दो 💖|Stealth Rock|p1a: Chesnaught
|-sidestart|p1: EMVV|move: Stealth Rock
|
|-heal|p2a: दील दो 💖|100/100|[from] item: Leftovers
|-heal|p1a: Chesnaught|96/100|[from] item: Leftovers
|upkeep
|turn|10
|
|t:|1776058562
|move|p2a: दील दो 💖|Iron Defense|p2a: दील दो 💖
|-boost|p2a: दील दो 💖|def|2
|move|p1a: Chesnaught|Body Press|p2a: दील दो 💖
|-supereffective|p2a: दील दो 💖
|-damage|p2a: दील दो 💖|79/100
|
|-heal|p2a: दील दो 💖|85/100|[from] item: Leftovers
|-heal|p1a: Chesnaught|100/100|[from] item: Leftovers
|upkeep
|turn|11
|
|t:|1776058567
|move|p2a: दील दो 💖|Iron Defense|p2a: दील दो 💖
|-boost|p2a: दील दो 💖|def|2
|move|p1a: Chesnaught|Body Press|p2a: दील दो 💖
|-supereffective|p2a: दील दो 💖
|-damage|p2a: दील दो 💖|72/100
|
|-heal|p2a: दील दो 💖|78/100|[from] item: Leftovers
|-sideend|p2: baakrisht|move: Light Screen
|upkeep
|turn|12
|
|t:|1776058575
|switch|p1a: Corviknight|Corviknight, F|100/100
|-damage|p1a: Corviknight|88/100|[from] Stealth Rock
|move|p2a: दील दो 💖|Body Press|p1a: Corviknight
|-damage|p1a: Corviknight|27/100
|
|-heal|p1a: Corviknight|33/100|[from] item: Leftovers
|-heal|p2a: दील दो 💖|85/100|[from] item: Leftovers
|upkeep
|turn|13
|
|t:|1776058581
|move|p1a: Corviknight|Defog|p2a: दील दो 💖
|-unboost|p2a: दील दो 💖|evasion|1
|-sideend|p1: EMVV|Stealth Rock|[from] move: Defog|[of] p1a: Corviknight
|move|p2a: दील दो 💖|Body Press|p1a: Corviknight
|-damage|p1a: Corviknight|0 fnt
|faint|p1a: Corviknight
|
|-heal|p2a: दील दो 💖|91/100|[from] item: Leftovers
|upkeep
|
|t:|1776058590
|switch|p1a: Primarina|Primarina, F|100/100
|turn|14
|
|t:|1776058595
|switch|p2a: बिलाई मौसी|Espeon, F|88/100
|move|p1a: Primarina|Haze|p1a: Primarina
|-clearallboost
|
|upkeep
|turn|15
|
|t:|1776058605
|move|p2a: बिलाई मौसी|Trick|p1a: Primarina
|-activate|p2a: बिलाई मौसी|move: Trick|[of] p1a: Primarina
|-item|p1a: Primarina|Choice Scarf|[from] move: Trick
|-item|p2a: बिलाई मौसी|Leftovers|[from] move: Trick
|move|p1a: Primarina|Moonblast|p2a: बिलाई मौसी
|-damage|p2a: बिलाई मौसी|47/100
|
|-heal|p2a: बिलाई मौसी|53/100|[from] item: Leftovers
|upkeep
|turn|16
|
|t:|1776058612
|switch|p2a: Ms.बप्पी लहरी|Blissey, F|100/100
|move|p1a: Primarina|Moonblast|p2a: Ms.बप्पी लहरी
|-damage|p2a: Ms.बप्पी लहरी|84/100
|
|-heal|p2a: Ms.बप्पी लहरी|90/100|[from] item: Leftovers
|upkeep
|turn|17
|
|t:|1776058618
|switch|p1a: Gliscor|Gliscor, M|100/100 tox
|move|p2a: Ms.बप्पी लहरी|Thunder Wave|p1a: Gliscor
|-immune|p1a: Gliscor
|
|-heal|p2a: Ms.बप्पी लहरी|96/100|[from] item: Leftovers
|upkeep
|turn|18
|
|t:|1776058621
|switch|p2a: दील दो 💖|Orthworm, F|91/100
|move|p1a: Gliscor|Earthquake|p2a: दील दो 💖
|-heal|p2a: दील दो 💖|100/100|[from] ability: Earth Eater|[of] p1a: Gliscor
|
|upkeep
|turn|19
|
|t:|1776058629
|move|p1a: Gliscor|Stealth Rock|p2a: दील दो 💖
|-sidestart|p2: baakrisht|move: Stealth Rock
|move|p2a: दील दो 💖|Stealth Rock|p1a: Gliscor
|-sidestart|p1: EMVV|move: Stealth Rock
|
|upkeep
|turn|20
|
|t:|1776058635
|switch|p1a: Houndoom|Houndoom, F|100/100
|-damage|p1a: Houndoom|76/100|[from] Stealth Rock
|move|p2a: दील दो 💖|Iron Defense|p2a: दील दो 💖
|-boost|p2a: दील दो 💖|def|2
|
|upkeep
|turn|21
|
|t:|1776058650
|switch|p2a: Suicune|Suicune|100/100
|-damage|p2a: Suicune|88/100|[from] Stealth Rock
|-ability|p2a: Suicune|Pressure
|move|p1a: Houndoom|Flamethrower|p2a: Suicune
|-resisted|p2a: Suicune
|-damage|p2a: Suicune|72/100
|
|upkeep
|turn|22
|
|t:|1776058657
|switch|p1a: Chesnaught|Chesnaught, F|100/100
|-damage|p1a: Chesnaught|94/100|[from] Stealth Rock
|move|p2a: Suicune|Scald|p1a: Chesnaught
|-resisted|p1a: Chesnaught
|-damage|p1a: Chesnaught|83/100
|
|-heal|p1a: Chesnaught|89/100|[from] item: Leftovers
|upkeep
|turn|23
|
|t:|1776058663
|switch|p2a: लाठ साहब|Weezing-Galar, F|83/100
|-damage|p2a: लाठ साहब|71/100|[from] Stealth Rock
|move|p1a: Chesnaught|Iron Defense|p1a: Chesnaught
|-boost|p1a: Chesnaught|def|2
|
|-heal|p1a: Chesnaught|95/100|[from] item: Leftovers
|upkeep
|turn|24
|
|t:|1776058669
|switch|p1a: Gliscor|Gliscor, M|100/100 tox
|-damage|p1a: Gliscor|88/100 tox|[from] Stealth Rock
|move|p2a: लाठ साहब|Toxic Spikes|p1a: Gliscor
|-sidestart|p1: EMVV|move: Toxic Spikes
|
|-heal|p1a: Gliscor|100/100 tox|[from] ability: Poison Heal
|upkeep
|turn|25
|
|t:|1776058676
|switch|p2a: दील दो 💖|Orthworm, F|100/100
|-damage|p2a: दील दो 💖|94/100|[from] Stealth Rock
|move|p1a: Gliscor|Knock Off|p2a: दील दो 💖
|-damage|p2a: दील दो 💖|79/100
|-enditem|p2a: दील दो 💖|Leftovers|[from] move: Knock Off|[of] p1a: Gliscor
|
|upkeep
|turn|26
|
|t:|1776058683
|switch|p1a: Chesnaught|Chesnaught, F|95/100
|-damage|p1a: Chesnaught|89/100|[from] Stealth Rock
|-status|p1a: Chesnaught|psn
|move|p2a: दील दो 💖|Body Press|p1a: Chesnaught
|-damage|p1a: Chesnaught|69/100 psn
|
|-heal|p1a: Chesnaught|75/100 psn|[from] item: Leftovers
|-damage|p1a: Chesnaught|62/100 psn|[from] psn
|upkeep
|turn|27
|
|t:|1776058687
|switch|p2a: लाठ साहब|Weezing-Galar, F|71/100
|-damage|p2a: लाठ साहब|58/100|[from] Stealth Rock
|move|p1a: Chesnaught|Body Press|p2a: लाठ साहब
|-resisted|p2a: लाठ साहब
|-damage|p2a: लाठ साहब|52/100
|-damage|p1a: Chesnaught|46/100 psn|[from] item: Rocky Helmet|[of] p2a: लाठ साहब
|
|-heal|p1a: Chesnaught|52/100 psn|[from] item: Leftovers
|-damage|p1a: Chesnaught|39/100 psn|[from] psn
|upkeep
|turn|28
|
|t:|1776058695
|switch|p1a: Goodra|Goodra, M|100/100
|-damage|p1a: Goodra|88/100|[from] Stealth Rock
|-status|p1a: Goodra|psn
|move|p2a: लाठ साहब|Flamethrower|p1a: Goodra
|-resisted|p1a: Goodra
|-damage|p1a: Goodra|85/100 psn
|
|-damage|p1a: Goodra|73/100 psn|[from] psn
|upkeep
|turn|29
|-message|EMVV forfeited.
|
|win|baakrisht
|raw|EMVV's rating: 1128 &rarr; <strong>1099</strong><br />(-29 for losing)
|raw|baakrisht's rating: 1078 &rarr; <strong>1110</strong><br />(+32 for winning)
|l|☆EMVV
|player|p1|
|l|☆baakrisht
|player|p2|
