|html|<div class="broadcast-blue"><strong>[Gen 9] OU is currently suspecting Tera Blast! For information on how to participate check out the <a href="https://www.smogon.com/tools/suspects/view/200">suspect thread</a>.</strong></div>
|j|☆Tesmon
|j|☆BeefStewDude
|t:|1776060720
|gametype|singles
|player|p1|Tesmon|steven|1137
|player|p2|BeefStewDude|dancer|1093
|gen|9
|tier|[Gen 9] OU
|rated|
|rule|HP Percentage Mod: HP is shown in percentages
|rule|Endless Battle Clause: Forcing endless battles is banned
|rule|Species Clause: Limit one of each Pokémon
|rule|OHKO Clause: OHKO moves are banned
|rule|Evasion Items Clause: Evasion items are banned
|rule|Evasion Moves Clause: Evasion moves are banned
|rule|Evasion Abilities Clause: Evasion abilities are banned
|rule|Sleep Moves Clause: Sleep-inducing moves are banned
|clearpoke
|poke|p1|Salamence, F|
|poke|p1|Scizor, F|
|poke|p1|Milotic, M|
|poke|p1|Sableye, M|
|poke|p1|Skarmory, M|
|poke|p1|Gastrodon, M|
|poke|p2|Bisharp, M|
|poke|p2|Goodra-Hisui, F|
|poke|p2|Pawmot, F|
|poke|p2|Clawitzer, F|
|poke|p2|Ursaluna, M|
|poke|p2|Moltres-Galar|
|teampreview
|
|t:|1776060755
|teamsize|p1|6
|teamsize|p2|6
|start
|switch|p1a: Milotic|Milotic, M|100/100
|switch|p2a: Clawitzer|Clawitzer, F|100/100
|turn|1
|
|t:|1776060787
|move|p1a: Milotic|Scald|p2a: Clawitzer
|-resisted|p2a: Clawitzer
|-damage|p2a: Clawitzer|86/100
|move|p2a: Clawitzer|Dragon Pulse|p1a: Milotic
|-damage|p1a: Milotic|57/100
|-damage|p2a: Clawitzer|77/100|[from] item: Life Orb
|
|upkeep
|turn|2
|
|t:|1776060795
|move|p2a: Clawitzer|Water Pulse|p1a: Milotic
|-resisted|p1a: Milotic
|-damage|p1a: Milotic|34/100
|-damage|p2a: Clawitzer|67/100|[from] item: Life Orb
|move|p1a: Milotic|Mirror Coat|p2a: Clawitzer
|-damage|p2a: Clawitzer|14/100
|
|upkeep
|turn|3
|
|t:|1776060802
|move|p1a: Milotic|Recover|p1a: Milotic
|-heal|p1a: Milotic|84/100
|move|p2a: Clawitzer|Dragon Pulse|p1a: Milotic
|-damage|p1a: Milotic|44/100
|-damage|p2a: Clawitzer|4/100|[from] item: Life Orb
|
|upkeep
|turn|4
|
|t:|1776060807
|move|p1a: Milotic|Recover|p1a: Milotic
|-heal|p1a: Milotic|94/100
|move|p2a: Clawitzer|Water Pulse|p1a: Milotic
|-resisted|p1a: Milotic
|-damage|p1a: Milotic|72/100
|-start|p1a: Milotic|confusion
|-damage|p2a: Clawitzer|0 fnt|[from] item: Life Orb
|faint|p2a: Clawitzer
|
|upkeep
|
|t:|1776060834
|switch|p2a: Moltres|Moltres-Galar|100/100
|turn|5
|
|t:|1776060846
|move|p2a: Moltres|Agility|p2a: Moltres
|-boost|p2a: Moltres|spe|2
|-activate|p1a: Milotic|confusion
|move|p1a: Milotic|Ice Beam|p2a: Moltres
|-supereffective|p2a: Moltres
|-damage|p2a: Moltres|53/100
|
|upkeep
|turn|6
|
|t:|1776060858
|move|p2a: Moltres|Fiery Wrath|p1a: Milotic
|-damage|p1a: Milotic|34/100
|-activate|p1a: Milotic|confusion
|move|p1a: Milotic|Scald|p2a: Moltres
|-damage|p2a: Moltres|27/100
|-ability|p2a: Moltres|Berserk|boost
|-boost|p2a: Moltres|spa|1
|
|upkeep
|turn|7
|
|t:|1776060867
|move|p2a: Moltres|Fiery Wrath|p1a: Milotic
|-damage|p1a: Milotic|0 fnt
|faint|p1a: Milotic
|
|upkeep
|
|t:|1776060871
|switch|p1a: Salamence|Salamence, F|100/100
|turn|8
|
|t:|1776060877
|move|p2a: Moltres|Fiery Wrath|p1a: Salamence
|-damage|p1a: Salamence|6/100
|move|p1a: Salamence|Rock Slide|p2a: Moltres
|-supereffective|p2a: Moltres
|-damage|p2a: Moltres|0 fnt
|faint|p2a: Moltres
|-ability|p1a: Salamence|Moxie|boost
|-boost|p1a: Salamence|atk|1
|
|upkeep
|
|t:|1776060887
|switch|p2a: Pawmot|Pawmot, F|100/100
|turn|9
|
|t:|1776060890
|move|p2a: Pawmot|Fake Out|p1a: Salamence
|-damage|p1a: Salamence|0 fnt
|faint|p1a: Salamence
|-damage|p2a: Pawmot|91/100|[from] item: Life Orb
|
|upkeep
|
|t:|1776060896
|switch|p1a: Gastrodon|Gastrodon, M|100/100
|turn|10
|
|t:|1776060900
|move|p2a: Pawmot|Close Combat|p1a: Gastrodon
|-damage|p1a: Gastrodon|24/100
|-unboost|p2a: Pawmot|def|1
|-unboost|p2a: Pawmot|spd|1
|-damage|p2a: Pawmot|81/100|[from] item: Life Orb
|move|p1a: Gastrodon|Stealth Rock|p2a: Pawmot
|-sidestart|p2: BeefStewDude|move: Stealth Rock
|
|upkeep
|turn|11
|
|t:|1776060911
|switch|p1a: Sableye|Sableye, M|100/100
|move|p2a: Pawmot|Thunder Punch|p1a: Sableye
|-damage|p1a: Sableye|27/100
|-damage|p2a: Pawmot|71/100|[from] item: Life Orb
|
|-heal|p1a: Sableye|33/100|[from] item: Leftovers
|upkeep
|turn|12
|
|t:|1776060920
|move|p1a: Sableye|Encore|p2a: Pawmot
|-start|p2a: Pawmot|Encore
|move|p2a: Pawmot|Thunder Punch|p1a: Sableye
|-damage|p1a: Sableye|0 fnt
|faint|p1a: Sableye
|-damage|p2a: Pawmot|61/100|[from] item: Life Orb
|
|upkeep
|
|t:|1776060923
|switch|p1a: Gastrodon|Gastrodon, M|24/100
|turn|13
|
|t:|1776060935
|switch|p2a: Goodra|Goodra-Hisui, F|100/100
|-damage|p2a: Goodra|95/100|[from] Stealth Rock
|move|p1a: Gastrodon|Recover|p1a: Gastrodon
|-heal|p1a: Gastrodon|74/100
|
|upkeep
|turn|14
|
|t:|1776060943
|move|p2a: Goodra|Knock Off|p1a: Gastrodon
|-damage|p1a: Gastrodon|53/100
|move|p1a: Gastrodon|Earth Power|p2a: Goodra
|-supereffective|p2a: Goodra
|-damage|p2a: Goodra|66/100
|
|upkeep
|turn|15
|
|t:|1776060951
|move|p2a: Goodra|Earthquake|p1a: Gastrodon
|-damage|p1a: Gastrodon|20/100
|move|p1a: Gastrodon|Earth Power|p2a: Goodra
|-supereffective|p2a: Goodra
|-damage|p2a: Goodra|40/100
|
|upkeep
|turn|16
|
|t:|1776060957
|switch|p1a: Skarmory|Skarmory, M|100/100
|move|p2a: Goodra|Dragon Tail|p1a: Skarmory|[miss]
|-miss|p2a: Goodra|p1a: Skarmory
|
|upkeep
|turn|17
|
|t:|1776060963
|move|p1a: Skarmory|Spikes|p2a: Goodra
|-sidestart|p2: BeefStewDude|Spikes
|move|p2a: Goodra|Knock Off|p1a: Skarmory
|-damage|p1a: Skarmory|81/100
|-damage|p2a: Goodra|24/100|[from] item: Rocky Helmet|[of] p1a: Skarmory
|-enditem|p1a: Skarmory|Rocky Helmet|[from] move: Knock Off|[of] p2a: Goodra
|
|upkeep
|turn|18
|
|t:|1776060968
|move|p1a: Skarmory|Spikes|p2a: Goodra
|-sidestart|p2: BeefStewDude|Spikes
|move|p2a: Goodra|Dragon Tail|p1a: Skarmory
|-resisted|p1a: Skarmory
|-damage|p1a: Skarmory|73/100
|drag|p1a: Scizor|Scizor, F|100/100
|
|upkeep
|turn|19
|
|t:|1776060976
|move|p1a: Scizor|Close Combat|p2a: Goodra
|-supereffective|p2a: Goodra
|-damage|p2a: Goodra|0 fnt
|-unboost|p1a: Scizor|def|1
|-unboost|p1a: Scizor|spd|1
|faint|p2a: Goodra
|
|upkeep
|
|t:|1776060980
|switch|p2a: Ursaluna|Ursaluna, M, shiny|100/100
|-damage|p2a: Ursaluna|94/100|[from] Stealth Rock
|-damage|p2a: Ursaluna|78/100|[from] Spikes
|turn|20
|
|t:|1776060985
|switch|p1a: Skarmory|Skarmory, M|73/100
|-terastallize|p2a: Ursaluna|Fighting
|move|p2a: Ursaluna|Bulk Up|p2a: Ursaluna
|-boost|p2a: Ursaluna|atk|1
|-boost|p2a: Ursaluna|def|1
|
|-status|p2a: Ursaluna|brn|[from] item: Flame Orb
|upkeep
|turn|21
|
|t:|1776060992
|move|p1a: Skarmory|Roost|p1a: Skarmory
|-heal|p1a: Skarmory|100/100
|-singleturn|p1a: Skarmory|move: Roost
|move|p2a: Ursaluna|Drain Punch|p1a: Skarmory
|-supereffective|p1a: Skarmory
|-ability|p1a: Skarmory|Sturdy
|-damage|p1a: Skarmory|1/100
|-heal|p2a: Ursaluna|100/100 brn|[from] drain|[of] p1a: Skarmory
|
|-damage|p2a: Ursaluna|94/100 brn|[from] brn
|upkeep
|turn|22
|
|t:|1776061005
|move|p1a: Skarmory|Brave Bird|p2a: Ursaluna
|-supereffective|p2a: Ursaluna
|-damage|p2a: Ursaluna|60/100 brn
|-damage|p1a: Skarmory|0 fnt|[from] Recoil
|faint|p1a: Skarmory
|move|p2a: Ursaluna|Facade|p1: Skarmory|[notarget]
|-fail|p2a: Ursaluna
|
|-damage|p2a: Ursaluna|54/100 brn|[from] brn
|upkeep
|
|t:|1776061026
|switch|p1a: Gastrodon|Gastrodon, M|20/100
|turn|23
|
|t:|1776061042
|move|p2a: Ursaluna|Drain Punch|p1a: Gastrodon
|-damage|p1a: Gastrodon|0 fnt
|-heal|p2a: Ursaluna|63/100 brn|[from] drain|[of] p1a: Gastrodon
|faint|p1a: Gastrodon
|
|-damage|p2a: Ursaluna|57/100 brn|[from] brn
|upkeep
|
|t:|1776061050
|switch|p1a: Scizor|Scizor, F|100/100
|turn|24
|
|t:|1776061058
|move|p1a: Scizor|Close Combat|p2a: Ursaluna
|-damage|p2a: Ursaluna|36/100 brn
|-unboost|p1a: Scizor|def|1
|-unboost|p1a: Scizor|spd|1
|move|p2a: Ursaluna|Drain Punch|p1a: Scizor
|-damage|p1a: Scizor|0 fnt
|-heal|p2a: Ursaluna|66/100 brn|[from] drain|[of] p1a: Scizor
|faint|p1a: Scizor
|
|win|BeefStewDude
|raw|Tesmon's rating: 1137 &rarr; <strong>1109</strong><br />(-28 for losing)
|raw|BeefStewDude's rating: 1093 &rarr; <strong>1122</strong><br />(+29 for winning)
|l|☆Tesmon
|player|p1|
|l|☆BeefStewDude
|player|p2|
