|html|<div class="broadcast-blue"><strong>[Gen 9] OU is currently suspecting Tera Blast! For information on how to participate check out the <a href="https://www.smogon.com/tools/suspects/view/200">suspect thread</a>.</strong></div>
|j|☆dengo dollars
|j|☆blu-97_v
|t:|1776086385
|gametype|singles
|player|p1|dengo dollars|sage|1537
|player|p2|blu-97_v|hiker-gen4|1545
|gen|9
|tier|[Gen 9] OU
|rated|
|rule|HP Percentage Mod: HP is shown in percentages
|rule|Endless Battle Clause: Forcing endless battles is banned
|rule|Species Clause: Limit one of each Pokémon
|rule|OHKO Clause: OHKO moves are banned
|rule|Evasion Items Clause: Evasion items are banned
|rule|Evasion Moves Clause: Evasion moves are banned
|rule|Evasion Abilities Clause: Evasion abilities are banned
|rule|Sleep Moves Clause: Sleep-inducing moves are banned
|clearpoke
|poke|p1|Clodsire, M|
|poke|p1|Gholdengo|
|poke|p1|Ogerpon, F|
|poke|p1|Conkeldurr, M|
|poke|p1|Cinderace, M|
|poke|p1|Alomomola, M|
|poke|p2|Darkrai|
|poke|p2|Slowking-Galar, M|
|poke|p2|Great Tusk|
|poke|p2|Moltres|
|poke|p2|Dragonite, M|
|poke|p2|Corviknight, M|
|teampreview
|inactive|Battle timer is ON: inactive players will automatically lose when time's up. (requested by blu-97_v)
|
|t:|1776086399
|teamsize|p1|6
|teamsize|p2|6
|start
|switch|p1a: Conkeldurr|Conkeldurr, M|100/100
|switch|p2a: Slowking|Slowking-Galar, M|100/100
|turn|1
|
|t:|1776086407
|move|p1a: Conkeldurr|Knock Off|p2a: Slowking
|-supereffective|p2a: Slowking
|-damage|p2a: Slowking|16/100
|-enditem|p2a: Slowking|Heavy-Duty Boots|[from] move: Knock Off|[of] p1a: Conkeldurr
|move|p2a: Slowking|Future Sight|p1a: Conkeldurr
|-start|p2a: Slowking|move: Future Sight
|
|-status|p1a: Conkeldurr|brn|[from] item: Flame Orb
|upkeep
|turn|2
|
|t:|1776086427
|switch|p2a: Great Tusk|Great Tusk|100/100
|move|p1a: Conkeldurr|Close Combat|p2a: Great Tusk
|-damage|p2a: Great Tusk|36/100
|-unboost|p1a: Conkeldurr|def|1
|-unboost|p1a: Conkeldurr|spd|1
|
|-heal|p2a: Great Tusk|42/100|[from] item: Leftovers
|-damage|p1a: Conkeldurr|95/100 brn|[from] brn
|upkeep
|turn|3
|
|t:|1776086435
|-end|p2a: Great Tusk|Protosynthesis|[silent]
|switch|p2a: Moltres|Moltres|100/100
|switch|p1a: Gholdengo|Gholdengo|100/100
|-item|p1a: Gholdengo|Air Balloon
|
|-end|p1a: Gholdengo|move: Future Sight
|-resisted|p1a: Gholdengo
|-damage|p1a: Gholdengo|77/100
|-enditem|p1a: Gholdengo|Air Balloon
|upkeep
|turn|4
|
|t:|1776086438
|switch|p1a: Clodsire|Clodsire, M|100/100
|move|p2a: Moltres|Flamethrower|p1a: Clodsire
|-damage|p1a: Clodsire|79/100
|
|-heal|p1a: Clodsire|85/100|[from] item: Leftovers
|upkeep
|turn|5
|
|t:|1776086442
|move|p2a: Moltres|U-turn|p1a: Clodsire
|-resisted|p1a: Clodsire
|-damage|p1a: Clodsire|77/100
|
|t:|1776086445
|switch|p2a: Slowking|Slowking-Galar, M|49/100|[from] U-turn
|move|p1a: Clodsire|Stealth Rock|p2a: Slowking
|-sidestart|p2: blu-97_v|move: Stealth Rock
|
|-heal|p1a: Clodsire|84/100|[from] item: Leftovers
|upkeep
|turn|6
|
|t:|1776086452
|switch|p2a: Corviknight|Corviknight, M|100/100
|-damage|p2a: Corviknight|88/100|[from] Stealth Rock
|-ability|p2a: Corviknight|Pressure
|move|p1a: Clodsire|Earthquake|p2a: Corviknight
|-immune|p2a: Corviknight
|
|-heal|p2a: Corviknight|94/100|[from] item: Leftovers
|-heal|p1a: Clodsire|90/100|[from] item: Leftovers
|upkeep
|turn|7
|
|t:|1776086461
|switch|p1a: Gholdengo|Gholdengo|77/100
|move|p2a: Corviknight|Iron Defense|p2a: Corviknight
|-boost|p2a: Corviknight|def|2
|
|-heal|p2a: Corviknight|99/100|[from] item: Leftovers
|upkeep
|turn|8
|
|t:|1776086467
|move|p1a: Gholdengo|Nasty Plot|p1a: Gholdengo
|-boost|p1a: Gholdengo|spa|2
|move|p2a: Corviknight|Drill Peck|p1a: Gholdengo
|-resisted|p1a: Gholdengo
|-damage|p1a: Gholdengo|68/100
|
|-heal|p2a: Corviknight|100/100|[from] item: Leftovers
|upkeep
|turn|9
|
|t:|1776086475
|switch|p2a: Moltres|Moltres|100/100
|move|p1a: Gholdengo|Shadow Ball|p2a: Moltres
|-damage|p2a: Moltres|34/100
|
|upkeep
|turn|10
|
|t:|1776086483
|switch|p1a: Conkeldurr|Conkeldurr, M|95/100 brn
|move|p2a: Moltres|Flamethrower|p1a: Conkeldurr
|-damage|p1a: Conkeldurr|44/100 brn
|
|-damage|p1a: Conkeldurr|38/100 brn|[from] brn
|upkeep
|turn|11
|
|t:|1776086490
|switch|p1a: Alomomola|Alomomola, M|100/100
|move|p2a: Moltres|Roost|p2a: Moltres
|-heal|p2a: Moltres|84/100
|-singleturn|p2a: Moltres|move: Roost
|
|upkeep
|turn|12
|
|t:|1776086493
|move|p2a: Moltres|U-turn|p1a: Alomomola
|-damage|p1a: Alomomola|92/100
|
|t:|1776086499
|switch|p2a: Slowking|Slowking-Galar, M|82/100|[from] U-turn
|-damage|p2a: Slowking|70/100|[from] Stealth Rock
|move|p1a: Alomomola|Flip Turn|p2a: Slowking
|-damage|p2a: Slowking|54/100
|
|t:|1776086503
|switch|p1a: Conkeldurr|Conkeldurr, M|38/100 brn|[from] Flip Turn
|
|-damage|p1a: Conkeldurr|32/100 brn|[from] brn
|upkeep
|turn|13
|
|t:|1776086510
|switch|p2a: Moltres|Moltres|84/100
|move|p1a: Conkeldurr|Knock Off|p2a: Moltres
|-damage|p2a: Moltres|42/100
|-enditem|p2a: Moltres|Heavy-Duty Boots|[from] move: Knock Off|[of] p1a: Conkeldurr
|
|-damage|p1a: Conkeldurr|26/100 brn|[from] brn
|upkeep
|turn|14
|
|t:|1776086514
|switch|p1a: Alomomola|Alomomola, M|100/100
|move|p2a: Moltres|Roost|p2a: Moltres
|-heal|p2a: Moltres|92/100
|-singleturn|p2a: Moltres|move: Roost
|
|upkeep
|turn|15
|
|t:|1776086521
|move|p2a: Moltres|Flamethrower|p1a: Alomomola
|-resisted|p1a: Alomomola
|-damage|p1a: Alomomola|84/100
|move|p1a: Alomomola|Flip Turn|p2a: Moltres
|-supereffective|p2a: Moltres
|-damage|p2a: Moltres|70/100
|
|t:|1776086525
|switch|p1a: Cinderace|Cinderace, M|100/100|[from] Flip Turn
|
|upkeep
|turn|16
|
|t:|1776086530
|move|p1a: Cinderace|U-turn|p2a: Moltres
|-resisted|p2a: Moltres
|-damage|p2a: Moltres|66/100
|
|t:|1776086532
|switch|p1a: Alomomola|Alomomola, M|100/100|[from] U-turn
|move|p2a: Moltres|Roost|p2a: Moltres
|-heal|p2a: Moltres|100/100
|-singleturn|p2a: Moltres|move: Roost
|
|upkeep
|turn|17
|
|t:|1776086535
|move|p2a: Moltres|Flamethrower|p1a: Alomomola
|-resisted|p1a: Alomomola
|-damage|p1a: Alomomola|84/100
|move|p1a: Alomomola|Wish|p1a: Alomomola
|
|upkeep
|turn|18
|
|t:|1776086540
|move|p2a: Moltres|Flamethrower|p1a: Alomomola
|-resisted|p1a: Alomomola
|-damage|p1a: Alomomola|66/100
|move|p1a: Alomomola|Flip Turn|p2a: Moltres
|-supereffective|p2a: Moltres
|-damage|p2a: Moltres|78/100
|
|t:|1776086542
|switch|p1a: Conkeldurr|Conkeldurr, M|26/100 brn|[from] Flip Turn
|
|-heal|p1a: Conkeldurr|93/100 brn|[from] move: Wish|[wisher] Alomomola
|-damage|p1a: Conkeldurr|87/100 brn|[from] brn
|upkeep
|turn|19
|
|t:|1776086548
|switch|p1a: Alomomola|Alomomola, M|99/100
|move|p2a: Moltres|Flamethrower|p1a: Alomomola
|-resisted|p1a: Alomomola
|-damage|p1a: Alomomola|82/100
|
|upkeep
|turn|20
|
|t:|1776086553
|move|p2a: Moltres|Flamethrower|p1a: Alomomola
|-resisted|p1a: Alomomola
|-damage|p1a: Alomomola|64/100
|-status|p1a: Alomomola|brn
|move|p1a: Alomomola|Wish|p1a: Alomomola
|
|-damage|p1a: Alomomola|58/100 brn|[from] brn
|upkeep
|turn|21
|
|t:|1776086564
|move|p2a: Moltres|Flamethrower|p1a: Alomomola
|-resisted|p1a: Alomomola
|-damage|p1a: Alomomola|40/100 brn
|move|p1a: Alomomola|Flip Turn|p2a: Moltres
|-supereffective|p2a: Moltres
|-damage|p2a: Moltres|66/100
|
|t:|1776086567
|switch|p1a: Gholdengo|Gholdengo|68/100|[from] Flip Turn
|
|-heal|p1a: Gholdengo|100/100|[from] move: Wish|[wisher] Alomomola
|upkeep
|turn|22
|
|t:|1776086571
|switch|p1a: Alomomola|Alomomola, M|74/100 brn
|move|p2a: Moltres|Flamethrower|p1a: Alomomola
|-resisted|p1a: Alomomola
|-damage|p1a: Alomomola|56/100 brn
|
|-damage|p1a: Alomomola|50/100 brn|[from] brn
|upkeep
|turn|23
|
|t:|1776086573
|move|p2a: Moltres|Flamethrower|p1a: Alomomola
|-resisted|p1a: Alomomola
|-damage|p1a: Alomomola|33/100 brn
|move|p1a: Alomomola|Wish|p1a: Alomomola
|
|-damage|p1a: Alomomola|27/100 brn|[from] brn
|upkeep
|turn|24
|
|t:|1776086578
|move|p1a: Alomomola|Protect|p1a: Alomomola
|-singleturn|p1a: Alomomola|Protect
|move|p2a: Moltres|Roost|p2a: Moltres
|-heal|p2a: Moltres|100/100
|-singleturn|p2a: Moltres|move: Roost
|
|-heal|p1a: Alomomola|77/100 brn|[from] move: Wish|[wisher] Alomomola
|-damage|p1a: Alomomola|71/100 brn|[from] brn
|upkeep
|turn|25
|
|t:|1776086585
|move|p1a: Alomomola|Wish|p1a: Alomomola
|move|p2a: Moltres|Roar|p1a: Alomomola
|drag|p1a: Clodsire|Clodsire, M|90/100
|
|-heal|p1a: Clodsire|96/100|[from] item: Leftovers
|upkeep
|turn|26
|
|t:|1776086588
|move|p2a: Moltres|U-turn|p1a: Clodsire
|-resisted|p1a: Clodsire
|-damage|p1a: Clodsire|88/100
|
|t:|1776086591
|switch|p2a: Slowking|Slowking-Galar, M|88/100|[from] U-turn
|-damage|p2a: Slowking|75/100|[from] Stealth Rock
|move|p1a: Clodsire|Toxic|p2a: Slowking
|-immune|p2a: Slowking
|
|-heal|p1a: Clodsire|100/100|[from] move: Wish|[wisher] Alomomola
|upkeep
|turn|27
|
|t:|1776086597
|switch|p1a: Gholdengo|Gholdengo|100/100
|move|p2a: Slowking|Future Sight|p1a: Gholdengo
|-start|p2a: Slowking|move: Future Sight
|
|upkeep
|turn|28
|
|t:|1776086602
|move|p1a: Gholdengo|Shadow Ball|p2a: Slowking
|-supereffective|p2a: Slowking
|-damage|p2a: Slowking|37/100
|-prepare|p2a: Slowking|Chilly Reception|[premajor]
|move|p2a: Slowking|Chilly Reception|p2a: Slowking
|-weather|Snowscape
|
|t:|1776086611
|switch|p2a: Darkrai|Darkrai|100/100|[from] Chilly Reception
|
|-weather|Snowscape|[upkeep]
|upkeep
|turn|29
|
|t:|1776086615
|switch|p1a: Clodsire|Clodsire, M|100/100
|move|p2a: Darkrai|Dark Pulse|p1a: Clodsire
|-damage|p1a: Clodsire|78/100
|
|-weather|Snowscape|[upkeep]
|-end|p1a: Clodsire|move: Future Sight
|-supereffective|p1a: Clodsire
|-damage|p1a: Clodsire|33/100
|-heal|p1a: Clodsire|39/100|[from] item: Leftovers
|upkeep
|turn|30
|
|t:|1776086624
|switch|p2a: Slowking|Slowking-Galar, M|70/100
|-damage|p2a: Slowking|58/100|[from] Stealth Rock
|move|p1a: Clodsire|Recover|p1a: Clodsire
|-heal|p1a: Clodsire|89/100
|
|-weather|Snowscape|[upkeep]
|-heal|p1a: Clodsire|95/100|[from] item: Leftovers
|upkeep
|turn|31
|
|t:|1776086631
|switch|p2a: Corviknight|Corviknight, M|100/100
|-damage|p2a: Corviknight|88/100|[from] Stealth Rock
|-ability|p2a: Corviknight|Pressure
|move|p1a: Clodsire|Earthquake|p2a: Corviknight
|-immune|p2a: Corviknight
|
|-weather|Snowscape|[upkeep]
|-heal|p2a: Corviknight|94/100|[from] item: Leftovers
|-heal|p1a: Clodsire|100/100|[from] item: Leftovers
|upkeep
|turn|32
|
|t:|1776086639
|switch|p1a: Gholdengo|Gholdengo|100/100
|move|p2a: Corviknight|Drill Peck|p1a: Gholdengo
|-resisted|p1a: Gholdengo
|-damage|p1a: Gholdengo|92/100
|
|-weather|none
|-heal|p2a: Corviknight|99/100|[from] item: Leftovers
|upkeep
|turn|33
|
|t:|1776086645
|switch|p2a: Darkrai|Darkrai|100/100
|move|p1a: Gholdengo|Shadow Ball|p2a: Darkrai
|-resisted|p2a: Darkrai
|-damage|p2a: Darkrai|78/100
|
|upkeep
|turn|34
|
|t:|1776086650
|switch|p1a: Clodsire|Clodsire, M|100/100
|move|p2a: Darkrai|Dark Pulse|p1a: Clodsire
|-damage|p1a: Clodsire|78/100
|
|-heal|p1a: Clodsire|84/100|[from] item: Leftovers
|upkeep
|turn|35
|
|t:|1776086657
|switch|p2a: Corviknight|Corviknight, M|99/100
|-damage|p2a: Corviknight|88/100|[from] Stealth Rock
|-ability|p2a: Corviknight|Pressure
|switch|p1a: Conkeldurr|Conkeldurr, M|87/100 brn
|
|-heal|p2a: Corviknight|94/100|[from] item: Leftovers
|-damage|p1a: Conkeldurr|81/100 brn|[from] brn
|upkeep
|turn|36
|
|t:|1776086665
|move|p1a: Conkeldurr|Close Combat|p2a: Corviknight
|-damage|p2a: Corviknight|32/100
|-unboost|p1a: Conkeldurr|def|1
|-unboost|p1a: Conkeldurr|spd|1
|move|p2a: Corviknight|Roost|p2a: Corviknight
|-heal|p2a: Corviknight|82/100
|-singleturn|p2a: Corviknight|move: Roost
|
|-heal|p2a: Corviknight|88/100|[from] item: Leftovers
|-damage|p1a: Conkeldurr|75/100 brn|[from] brn
|upkeep
|turn|37
|
|t:|1776086672
|switch|p1a: Alomomola|Alomomola, M|100/100 brn
|move|p2a: Corviknight|Iron Defense|p2a: Corviknight
|-boost|p2a: Corviknight|def|2
|
|-heal|p2a: Corviknight|94/100|[from] item: Leftovers
|-damage|p1a: Alomomola|94/100 brn|[from] brn
|upkeep
|turn|38
|
|t:|1776086681
|move|p2a: Corviknight|Body Press|p1a: Alomomola
|-damage|p1a: Alomomola|63/100 brn
|move|p1a: Alomomola|Flip Turn|p2a: Corviknight
|-damage|p2a: Corviknight|91/100
|
|t:|1776086683
|switch|p1a: Gholdengo|Gholdengo|92/100|[from] Flip Turn
|
|-heal|p2a: Corviknight|97/100|[from] item: Leftovers
|upkeep
|turn|39
|
|t:|1776086691
|switch|p2a: Darkrai|Darkrai|78/100
|move|p1a: Gholdengo|Shadow Ball|p2a: Darkrai
|-resisted|p2a: Darkrai
|-damage|p2a: Darkrai|53/100
|
|upkeep
|turn|40
|
|t:|1776086696
|switch|p1a: Clodsire|Clodsire, M|84/100
|move|p2a: Darkrai|Will-O-Wisp|p1a: Clodsire
|-status|p1a: Clodsire|brn
|
|-heal|p1a: Clodsire|90/100 brn|[from] item: Leftovers
|-damage|p1a: Clodsire|84/100 brn|[from] brn
|upkeep
|turn|41
|
|t:|1776086702
|switch|p2a: Slowking|Slowking-Galar, M|91/100
|-damage|p2a: Slowking|79/100|[from] Stealth Rock
|switch|p1a: Cinderace|Cinderace, M|100/100
|
|upkeep
|turn|42
|
|t:|1776086707
|switch|p2a: Moltres|Moltres|100/100
|-damage|p2a: Moltres|51/100|[from] Stealth Rock
|move|p1a: Cinderace|Pyro Ball|p2a: Moltres
|-resisted|p2a: Moltres
|-damage|p2a: Moltres|31/100
|
|upkeep
|turn|43
|
|t:|1776086712
|move|p1a: Cinderace|U-turn|p2a: Moltres
|-resisted|p2a: Moltres
|-damage|p2a: Moltres|27/100
|
|t:|1776086717
|switch|p1a: Alomomola|Alomomola, M|96/100 brn|[from] U-turn
|move|p2a: Moltres|Roost|p2a: Moltres
|-heal|p2a: Moltres|77/100
|-singleturn|p2a: Moltres|move: Roost
|
|-damage|p1a: Alomomola|90/100 brn|[from] brn
|upkeep
|turn|44
|
|t:|1776086725
|move|p2a: Moltres|U-turn|p1a: Alomomola
|-damage|p1a: Alomomola|81/100 brn
|
|t:|1776086728
|switch|p2a: Slowking|Slowking-Galar, M|100/100|[from] U-turn
|-damage|p2a: Slowking|88/100|[from] Stealth Rock
|move|p1a: Alomomola|Flip Turn|p2a: Slowking
|-damage|p2a: Slowking|80/100
|
|t:|1776086730
|switch|p1a: Conkeldurr|Conkeldurr, M|75/100 brn|[from] Flip Turn
|
|-damage|p1a: Conkeldurr|69/100 brn|[from] brn
|upkeep
|turn|45
|
|t:|1776086737
|switch|p2a: Corviknight|Corviknight, M|97/100
|-damage|p2a: Corviknight|85/100|[from] Stealth Rock
|-ability|p2a: Corviknight|Pressure
|move|p1a: Conkeldurr|Knock Off|p2a: Corviknight
|-damage|p2a: Corviknight|48/100
|-enditem|p2a: Corviknight|Leftovers|[from] move: Knock Off|[of] p1a: Conkeldurr
|
|-damage|p1a: Conkeldurr|63/100 brn|[from] brn
|upkeep
|turn|46
|
|t:|1776086741
|move|p1a: Conkeldurr|Close Combat|p2a: Corviknight
|-damage|p2a: Corviknight|0 fnt
|-unboost|p1a: Conkeldurr|def|1
|-unboost|p1a: Conkeldurr|spd|1
|faint|p2a: Corviknight
|
|-damage|p1a: Conkeldurr|57/100 brn|[from] brn
|upkeep
|
|t:|1776086748
|switch|p2a: Dragonite|Dragonite, M|100/100
|turn|47
|
|t:|1776086758
|switch|p1a: Ogerpon|Ogerpon, F|100/100
|-terastallize|p2a: Dragonite|Normal
|move|p2a: Dragonite|Dragon Dance|p2a: Dragonite
|-boost|p2a: Dragonite|atk|1
|-boost|p2a: Dragonite|spe|1
|
|upkeep
|turn|48
|
|t:|1776086765
|switch|p1a: Gholdengo|Gholdengo|92/100
|move|p2a: Dragonite|Dragon Dance|p2a: Dragonite
|-boost|p2a: Dragonite|atk|1
|-boost|p2a: Dragonite|spe|1
|
|upkeep
|turn|49
|
|t:|1776086779
|move|p2a: Dragonite|Earthquake|p1a: Gholdengo
|-supereffective|p1a: Gholdengo
|-damage|p1a: Gholdengo|0 fnt
|faint|p1a: Gholdengo
|
|upkeep
|
|t:|1776086781
|switch|p1a: Clodsire|Clodsire, M|84/100 brn
|turn|50
|
|t:|1776086787
|-terastallize|p1a: Clodsire|Dark
|move|p2a: Dragonite|Earthquake|p1a: Clodsire
|-damage|p1a: Clodsire|39/100 brn
|move|p1a: Clodsire|Toxic|p2a: Dragonite
|-status|p2a: Dragonite|tox
|
|-heal|p1a: Clodsire|46/100 brn|[from] item: Leftovers
|-damage|p2a: Dragonite|94/100 tox|[from] psn
|-damage|p1a: Clodsire|39/100 brn|[from] brn
|upkeep
|turn|51
|
|t:|1776086795
|move|p2a: Dragonite|Extreme Speed|p1a: Clodsire
|-damage|p1a: Clodsire|0 fnt
|faint|p1a: Clodsire
|
|-damage|p2a: Dragonite|82/100 tox|[from] psn
|upkeep
|
|t:|1776086798
|switch|p1a: Alomomola|Alomomola, M|100/100 brn
|turn|52
|
|t:|1776086800
|move|p2a: Dragonite|Dragon Dance|p2a: Dragonite
|-boost|p2a: Dragonite|atk|1
|-boost|p2a: Dragonite|spe|1
|move|p1a: Alomomola|Wish|p1a: Alomomola
|
|-damage|p2a: Dragonite|63/100 tox|[from] psn
|-damage|p1a: Alomomola|94/100 brn|[from] brn
|upkeep
|turn|53
|
|t:|1776086804
|move|p2a: Dragonite|Roost|p2a: Dragonite
|-heal|p2a: Dragonite|100/100 tox
|move|p1a: Alomomola|Scald|p2a: Dragonite
|-damage|p2a: Dragonite|93/100 tox
|
|-heal|p1a: Alomomola|100/100 brn|[from] move: Wish|[wisher] Alomomola
|-damage|p2a: Dragonite|68/100 tox|[from] psn
|-damage|p1a: Alomomola|94/100 brn|[from] brn
|upkeep
|turn|54
|
|t:|1776086807
|move|p2a: Dragonite|Extreme Speed|p1a: Alomomola
|-damage|p1a: Alomomola|24/100 brn
|move|p1a: Alomomola|Wish|p1a: Alomomola
|
|-damage|p2a: Dragonite|37/100 tox|[from] psn
|-damage|p1a: Alomomola|18/100 brn|[from] brn
|upkeep
|turn|55
|
|t:|1776086815
|move|p2a: Dragonite|Roost|p2a: Dragonite
|-heal|p2a: Dragonite|87/100 tox
|move|p1a: Alomomola|Scald|p2a: Dragonite
|-damage|p2a: Dragonite|73/100 tox
|
|-heal|p1a: Alomomola|68/100 brn|[from] move: Wish|[wisher] Alomomola
|-damage|p2a: Dragonite|36/100 tox|[from] psn
|-damage|p1a: Alomomola|62/100 brn|[from] brn
|upkeep
|turn|56
|
|t:|1776086831
|switch|p2a: Slowking|Slowking-Galar, M|100/100
|-damage|p2a: Slowking|88/100|[from] Stealth Rock
|move|p1a: Alomomola|Protect||[still]
|-fail|p1a: Alomomola
|
|-damage|p1a: Alomomola|56/100 brn|[from] brn
|upkeep
|turn|57
|
|t:|1776086833
|move|p1a: Alomomola|Flip Turn|p2a: Slowking
|-damage|p2a: Slowking|80/100
|
|t:|1776086836
|switch|p1a: Conkeldurr|Conkeldurr, M|57/100 brn|[from] Flip Turn
|move|p2a: Slowking|Future Sight|p1a: Conkeldurr
|-start|p2a: Slowking|move: Future Sight
|
|-damage|p1a: Conkeldurr|51/100 brn|[from] brn
|upkeep
|turn|58
|inactive|blu-97_v has 120 seconds left.
|
|t:|1776086868
|move|p1a: Conkeldurr|Knock Off|p2a: Slowking
|-supereffective|p2a: Slowking
|-damage|p2a: Slowking|5/100
|-prepare|p2a: Slowking|Chilly Reception|[premajor]
|move|p2a: Slowking|Chilly Reception|p2a: Slowking
|-weather|Snowscape
|
|t:|1776086872
|switch|p2a: Great Tusk|Great Tusk|42/100|[from] Chilly Reception
|-damage|p2a: Great Tusk|39/100|[from] Stealth Rock
|
|-weather|Snowscape|[upkeep]
|-heal|p2a: Great Tusk|45/100|[from] item: Leftovers
|-damage|p1a: Conkeldurr|45/100 brn|[from] brn
|upkeep
|turn|59
|
|t:|1776086896
|switch|p1a: Alomomola|Alomomola, M|89/100 brn
|move|p2a: Great Tusk|Rapid Spin|p1a: Alomomola
|-damage|p1a: Alomomola|79/100 brn
|-boost|p2a: Great Tusk|spe|1
|-sideend|p2: blu-97_v|Stealth Rock|[from] move: Rapid Spin|[of] p2a: Great Tusk
|
|-weather|Snowscape|[upkeep]
|-end|p1a: Alomomola|move: Future Sight
|-damage|p1a: Alomomola|36/100 brn
|-heal|p2a: Great Tusk|52/100|[from] item: Leftovers
|-damage|p1a: Alomomola|30/100 brn|[from] brn
|upkeep
|turn|60
|
|t:|1776086909
|move|p2a: Great Tusk|Headlong Rush|p1a: Alomomola
|-damage|p1a: Alomomola|0 fnt
|-unboost|p2a: Great Tusk|def|1
|-unboost|p2a: Great Tusk|spd|1
|faint|p1a: Alomomola
|
|-weather|Snowscape|[upkeep]
|-heal|p2a: Great Tusk|58/100|[from] item: Leftovers
|upkeep
|
|t:|1776086911
|switch|p1a: Ogerpon|Ogerpon, F|100/100
|turn|61
|
|t:|1776086917
|switch|p1a: Conkeldurr|Conkeldurr, M|45/100 brn
|move|p2a: Great Tusk|Knock Off|p1a: Conkeldurr
|-resisted|p1a: Conkeldurr
|-damage|p1a: Conkeldurr|29/100 brn
|-enditem|p1a: Conkeldurr|Flame Orb|[from] move: Knock Off|[of] p2a: Great Tusk
|
|-weather|Snowscape|[upkeep]
|-heal|p2a: Great Tusk|64/100|[from] item: Leftovers
|-damage|p1a: Conkeldurr|23/100 brn|[from] brn
|upkeep
|turn|62
|c|☆dengo dollars|gg
|c|☆blu-97_v|bg too ez
|-message|dengo dollars forfeited.
|
|win|blu-97_v
|raw|dengo dollars's rating: 1537 &rarr; <strong>1517</strong><br />(-20 for losing)
|raw|blu-97_v's rating: 1545 &rarr; <strong>1565</strong><br />(+20 for winning)
|l|☆dengo dollars
|player|p1|
|l|☆blu-97_v
|player|p2|
