|html|<div class="broadcast-blue"><strong>[Gen 9] OU is currently suspecting Tera Blast! For information on how to participate check out the <a href="https://www.smogon.com/tools/suspects/view/200">suspect thread</a>.</strong></div>
|j|☆takeyouout
|j|☆Blastoise_Choice
|t:|1776128541
|gametype|singles
|player|p1|takeyouout|richboy|1577
|player|p2|Blastoise_Choice|101|1527
|gen|9
|tier|[Gen 9] OU
|rated|
|rule|HP Percentage Mod: HP is shown in percentages
|rule|Endless Battle Clause: Forcing endless battles is banned
|rule|Species Clause: Limit one of each Pokémon
|rule|OHKO Clause: OHKO moves are banned
|rule|Evasion Items Clause: Evasion items are banned
|rule|Evasion Moves Clause: Evasion moves are banned
|rule|Evasion Abilities Clause: Evasion abilities are banned
|rule|Sleep Moves Clause: Sleep-inducing moves are banned
|clearpoke
|poke|p1|Excadrill, M|
|poke|p1|Tyranitar, F|
|poke|p1|Alomomola, F|
|poke|p1|Tornadus-Therian, M|
|poke|p1|Gholdengo|
|poke|p1|Amoonguss, F|
|poke|p2|Garganacl, F|
|poke|p2|Darkrai|
|poke|p2|Great Tusk|
|poke|p2|Hatterene, F|
|poke|p2|Tornadus-Therian, M|
|poke|p2|Dragonite, M|
|teampreview
|c|☆Blastoise_Choice|hf
|inactive|Battle timer is ON: inactive players will automatically lose when time's up. (requested by Blastoise_Choice)
|
|t:|1776128581
|teamsize|p1|6
|teamsize|p2|6
|start
|switch|p1a: 22|Amoonguss, F|100/100
|switch|p2a: Darkrai|Darkrai|100/100
|turn|1
|
|t:|1776128588
|move|p2a: Darkrai|Psychic|p1a: 22
|-supereffective|p1a: 22
|-damage|p1a: 22|16/100
|move|p1a: 22|Toxic|p2a: Darkrai
|-status|p2a: Darkrai|tox
|
|-damage|p2a: Darkrai|94/100 tox|[from] psn
|upkeep
|turn|2
|
|t:|1776128595
|switch|p2a: Great Tusk|Great Tusk|100/100
|-enditem|p2a: Great Tusk|Booster Energy
|-activate|p2a: Great Tusk|ability: Protosynthesis|[fromitem]
|-start|p2a: Great Tusk|protosynthesisatk
|switch|p1a: Broomhilda|Tyranitar, F, shiny|100/100
|-weather|Sandstorm|[from] ability: Sand Stream|[of] p1a: Broomhilda
|
|-weather|Sandstorm|[upkeep]
|upkeep
|turn|3
|
|t:|1776128601
|-end|p2a: Great Tusk|Protosynthesis|[silent]
|switch|p2a: Garganacl|Garganacl, F|100/100
|switch|p1a: PinkCannon|Alomomola, F, shiny|100/100
|
|-weather|Sandstorm|[upkeep]
|-damage|p1a: PinkCannon|94/100|[from] Sandstorm
|upkeep
|turn|4
|
|t:|1776128608
|move|p1a: PinkCannon|Flip Turn|p2a: Garganacl
|-supereffective|p2a: Garganacl
|-damage|p2a: Garganacl|80/100
|
|t:|1776128611
|switch|p1a: 22|Amoonguss, F|50/100|[from] Flip Turn
|move|p2a: Garganacl|Salt Cure|p1a: 22
|-damage|p1a: 22|38/100
|-start|p1a: 22|Salt Cure
|
|-weather|Sandstorm|[upkeep]
|-damage|p1a: 22|32/100|[from] Sandstorm
|-heal|p2a: Garganacl|86/100|[from] item: Leftovers
|-damage|p1a: 22|19/100|[from] Salt Cure
|upkeep
|turn|5
|
|t:|1776128618
|switch|p1a: PinkCannon|Alomomola, F, shiny|100/100
|move|p2a: Garganacl|Salt Cure|p1a: PinkCannon
|-damage|p1a: PinkCannon|92/100
|-start|p1a: PinkCannon|Salt Cure
|
|-weather|Sandstorm|[upkeep]
|-damage|p1a: PinkCannon|86/100|[from] Sandstorm
|-heal|p2a: Garganacl|92/100|[from] item: Leftovers
|-damage|p1a: PinkCannon|61/100|[from] Salt Cure
|upkeep
|turn|6
|
|t:|1776128626
|move|p1a: PinkCannon|Flip Turn|p2a: Garganacl
|-supereffective|p2a: Garganacl
|-damage|p2a: Garganacl|68/100
|
|t:|1776128628
|switch|p1a: 22|Amoonguss, F|53/100|[from] Flip Turn
|move|p2a: Garganacl|Stealth Rock|p1a: 22
|-sidestart|p1: takeyouout|move: Stealth Rock
|
|-weather|none
|-heal|p2a: Garganacl|75/100|[from] item: Leftovers
|upkeep
|turn|7
|
|t:|1776128635
|switch|p1a: PinkCannon|Alomomola, F, shiny|95/100
|-damage|p1a: PinkCannon|82/100|[from] Stealth Rock
|move|p2a: Garganacl|Salt Cure|p1a: PinkCannon
|-damage|p1a: PinkCannon|75/100
|-start|p1a: PinkCannon|Salt Cure
|
|-heal|p2a: Garganacl|81/100|[from] item: Leftovers
|-damage|p1a: PinkCannon|50/100|[from] Salt Cure
|upkeep
|turn|8
|
|t:|1776128642
|move|p1a: PinkCannon|Flip Turn|p2a: Garganacl
|-supereffective|p2a: Garganacl
|-damage|p2a: Garganacl|59/100
|
|t:|1776128645
|switch|p1a: 22|Amoonguss, F|86/100|[from] Flip Turn
|-damage|p1a: 22|74/100|[from] Stealth Rock
|move|p2a: Garganacl|Salt Cure|p1a: 22
|-damage|p1a: 22|62/100
|-start|p1a: 22|Salt Cure
|
|-heal|p2a: Garganacl|66/100|[from] item: Leftovers
|-damage|p1a: 22|49/100|[from] Salt Cure
|upkeep
|turn|9
|
|t:|1776128658
|switch|p1a: PinkCannon|Alomomola, F, shiny|83/100
|-damage|p1a: PinkCannon|71/100|[from] Stealth Rock
|move|p2a: Garganacl|Salt Cure|p1a: PinkCannon
|-damage|p1a: PinkCannon|62/100
|-start|p1a: PinkCannon|Salt Cure
|
|-heal|p2a: Garganacl|72/100|[from] item: Leftovers
|-damage|p1a: PinkCannon|38/100|[from] Salt Cure
|upkeep
|turn|10
|
|t:|1776128665
|move|p1a: PinkCannon|Flip Turn|p2a: Garganacl
|-supereffective|p2a: Garganacl
|-damage|p2a: Garganacl|51/100
|
|t:|1776128668
|switch|p1a: Starscream|Excadrill, M, shiny|100/100|[from] Flip Turn
|-damage|p1a: Starscream|97/100|[from] Stealth Rock
|move|p2a: Garganacl|Salt Cure|p1a: Starscream
|-resisted|p1a: Starscream
|-damage|p1a: Starscream|93/100
|-start|p1a: Starscream|Salt Cure
|
|-heal|p2a: Garganacl|57/100|[from] item: Leftovers
|-damage|p1a: Starscream|68/100|[from] Salt Cure
|upkeep
|turn|11
|
|t:|1776128676
|move|p1a: Starscream|Iron Head|p2a: Garganacl
|-supereffective|p2a: Garganacl
|-damage|p2a: Garganacl|0 fnt
|faint|p2a: Garganacl
|-damage|p1a: Starscream|58/100|[from] item: Life Orb
|
|-damage|p1a: Starscream|33/100|[from] Salt Cure
|upkeep
|
|t:|1776128684
|switch|p2a: Darkrai|Darkrai|94/100 tox
|turn|12
|
|t:|1776128690
|switch|p1a: Broomhilda|Tyranitar, F, shiny|100/100
|-weather|Sandstorm|[from] ability: Sand Stream|[of] p1a: Broomhilda
|move|p2a: Darkrai|Focus Blast|p1a: Broomhilda|[miss]
|-miss|p2a: Darkrai|p1a: Broomhilda
|
|-weather|Sandstorm|[upkeep]
|-damage|p2a: Darkrai|88/100 tox|[from] Sandstorm
|-damage|p2a: Darkrai|82/100 tox|[from] psn
|upkeep
|turn|13
|
|t:|1776128697
|move|p2a: Darkrai|Focus Blast|p1a: Broomhilda
|-supereffective|p1a: Broomhilda
|-damage|p1a: Broomhilda|0 fnt
|faint|p1a: Broomhilda
|
|-weather|Sandstorm|[upkeep]
|-damage|p2a: Darkrai|76/100 tox|[from] Sandstorm
|-damage|p2a: Darkrai|64/100 tox|[from] psn
|upkeep
|
|t:|1776128701
|switch|p1a: Starscream|Excadrill, M, shiny|33/100
|-damage|p1a: Starscream|30/100|[from] Stealth Rock
|turn|14
|
|t:|1776128707
|switch|p2a: Dragonite|Dragonite, M|100/100
|move|p1a: Starscream|Iron Head|p2a: Dragonite
|-damage|p2a: Dragonite|73/100
|-damage|p1a: Starscream|20/100|[from] item: Life Orb
|
|-weather|Sandstorm|[upkeep]
|-damage|p2a: Dragonite|67/100|[from] Sandstorm
|upkeep
|turn|15
|
|t:|1776128715
|switch|p1a: PinkCannon|Alomomola, F, shiny|71/100
|-damage|p1a: PinkCannon|59/100|[from] Stealth Rock
|move|p2a: Dragonite|Extreme Speed|p1a: PinkCannon
|-damage|p1a: PinkCannon|35/100
|-damage|p2a: Dragonite|51/100|[from] item: Rocky Helmet|[of] p1a: PinkCannon
|
|-weather|Sandstorm|[upkeep]
|-damage|p2a: Dragonite|45/100|[from] Sandstorm
|-damage|p1a: PinkCannon|29/100|[from] Sandstorm
|upkeep
|turn|16
|
|t:|1776128722
|move|p2a: Dragonite|Roost|p2a: Dragonite
|-heal|p2a: Dragonite|95/100
|-singleturn|p2a: Dragonite|move: Roost
|move|p1a: PinkCannon|Flip Turn|p2a: Dragonite
|-resisted|p2a: Dragonite
|-damage|p2a: Dragonite|86/100
|
|t:|1776128733
|switch|p1a: 77|Tornadus-Therian, M|100/100|[from] Flip Turn
|-damage|p1a: 77|75/100|[from] Stealth Rock
|
|-weather|none
|upkeep
|turn|17
|
|t:|1776128739
|move|p1a: 77|Bleakwind Storm|p2a: Dragonite
|-damage|p2a: Dragonite|29/100
|-unboost|p2a: Dragonite|spe|1
|-damage|p1a: 77|65/100|[from] item: Life Orb
|move|p2a: Dragonite|Dragon Dance|p2a: Dragonite
|-boost|p2a: Dragonite|atk|1
|-boost|p2a: Dragonite|spe|1
|
|upkeep
|turn|18
|
|t:|1776128746
|move|p1a: 77|Bleakwind Storm|p2a: Dragonite
|-damage|p2a: Dragonite|0 fnt
|faint|p2a: Dragonite
|-damage|p1a: 77|55/100|[from] item: Life Orb
|
|upkeep
|
|t:|1776128752
|switch|p2a: Darkrai|Darkrai|64/100 tox
|turn|19
|
|t:|1776128764
|switch|p1a: Starscream|Excadrill, M, shiny|20/100
|-damage|p1a: Starscream|17/100|[from] Stealth Rock
|move|p2a: Darkrai|Dark Pulse|p1a: Starscream
|-damage|p1a: Starscream|0 fnt
|faint|p1a: Starscream
|
|-damage|p2a: Darkrai|58/100 tox|[from] psn
|upkeep
|
|t:|1776128768
|switch|p1a: 66|Gholdengo|100/100
|-damage|p1a: 66|94/100|[from] Stealth Rock
|turn|20
|
|t:|1776128774
|move|p1a: 66|Make It Rain|p2a: Darkrai
|-damage|p2a: Darkrai|0 fnt
|-unboost|p1a: 66|spa|1
|faint|p2a: Darkrai
|
|upkeep
|
|t:|1776128781
|switch|p2a: Tornadus|Tornadus-Therian, M, shiny|100/100
|turn|21
|
|t:|1776128787
|move|p1a: 66|Make It Rain|p2a: Tornadus
|-damage|p2a: Tornadus|71/100
|-unboost|p1a: 66|spa|1
|move|p2a: Tornadus|Bleakwind Storm|p1a: 66
|-resisted|p1a: 66
|-damage|p1a: 66|71/100
|
|upkeep
|turn|22
|
|t:|1776128795
|switch|p1a: PinkCannon|Alomomola, F, shiny|62/100
|-damage|p1a: PinkCannon|50/100|[from] Stealth Rock
|move|p2a: Tornadus|Bleakwind Storm|p1a: PinkCannon
|-damage|p1a: PinkCannon|17/100
|
|upkeep
|turn|23
|
|t:|1776128802
|switch|p1a: 66|Gholdengo|71/100
|-damage|p1a: 66|65/100|[from] Stealth Rock
|move|p2a: Tornadus|Bleakwind Storm|p1a: 66
|-resisted|p1a: 66
|-damage|p1a: 66|42/100
|
|upkeep
|turn|24
|
|t:|1776128809
|move|p1a: 66|Make It Rain|p2a: Tornadus
|-damage|p2a: Tornadus|29/100
|-unboost|p1a: 66|spa|1
|move|p2a: Tornadus|Knock Off|p1a: 66
|-supereffective|p1a: 66
|-damage|p1a: 66|0 fnt
|-enditem|p1a: 66|Choice Scarf|[from] move: Knock Off|[of] p2a: Tornadus
|faint|p1a: 66
|
|upkeep
|
|t:|1776128814
|switch|p1a: 77|Tornadus-Therian, M|89/100
|-damage|p1a: 77|64/100|[from] Stealth Rock
|turn|25
|
|t:|1776128820
|switch|p2a: Hatterene|Hatterene, F|100/100
|move|p1a: 77|Bleakwind Storm|p2a: Hatterene
|-damage|p2a: Hatterene|39/100
|-unboost|p2a: Hatterene|spe|1
|-damage|p1a: 77|54/100|[from] item: Life Orb
|
|upkeep
|turn|26
|
|t:|1776128827
|move|p1a: 77|Bleakwind Storm|p2a: Hatterene
|-damage|p2a: Hatterene|0 fnt
|faint|p2a: Hatterene
|-damage|p1a: 77|44/100|[from] item: Life Orb
|
|upkeep
|
|t:|1776128833
|switch|p2a: Tornadus|Tornadus-Therian, M, shiny|62/100
|turn|27
|
|t:|1776128839
|switch|p1a: PinkCannon|Alomomola, F, shiny|50/100
|-damage|p1a: PinkCannon|38/100|[from] Stealth Rock
|move|p2a: Tornadus|Bleakwind Storm|p1a: PinkCannon|[miss]
|-miss|p2a: Tornadus|p1a: PinkCannon
|
|upkeep
|turn|28
|
|t:|1776128846
|move|p2a: Tornadus|Bleakwind Storm|p1a: PinkCannon
|-damage|p1a: PinkCannon|5/100
|move|p1a: PinkCannon|Light Screen|p1a: PinkCannon
|-sidestart|p1: takeyouout|move: Light Screen
|
|upkeep
|turn|29
|
|t:|1776128853
|move|p2a: Tornadus|Bleakwind Storm|p1a: PinkCannon
|-damage|p1a: PinkCannon|0 fnt
|faint|p1a: PinkCannon
|
|upkeep
|
|t:|1776128855
|switch|p1a: 77|Tornadus-Therian, M|77/100
|-damage|p1a: 77|52/100|[from] Stealth Rock
|turn|30
|
|t:|1776128862
|move|p1a: 77|Nasty Plot|p1a: 77
|-boost|p1a: 77|spa|2
|move|p2a: Tornadus|Knock Off|p1a: 77
|-damage|p1a: 77|25/100
|-enditem|p1a: 77|Life Orb|[from] move: Knock Off|[of] p2a: Tornadus
|
|upkeep
|turn|31
|
|t:|1776128868
|move|p1a: 77|Bleakwind Storm|p2a: Tornadus
|-damage|p2a: Tornadus|0 fnt
|faint|p2a: Tornadus
|
|upkeep
|
|t:|1776128874
|switch|p2a: Great Tusk|Great Tusk|100/100
|turn|32
|
|t:|1776128879
|-terastallize|p2a: Great Tusk|Ice
|move|p1a: 77|Bleakwind Storm|p2a: Great Tusk
|-damage|p2a: Great Tusk|0 fnt
|faint|p2a: Great Tusk
|-end|p2a: Great Tusk|Protosynthesis|[silent]
|
|win|takeyouout
|raw|takeyouout's rating: 1577 &rarr; <strong>1594</strong><br />(+17 for winning)
|raw|Blastoise_Choice's rating: 1527 &rarr; <strong>1510</strong><br />(-17 for losing)
|c|☆Blastoise_Choice|gg
