|j|☆Aud890
|j|☆g3llyf15h
|inactive|Battle timer is ON: inactive players will automatically lose when time's up.
|t:|1776131943
|gametype|singles
|player|p1|Aud890|grimsley|
|player|p2|g3llyf15h|brawly|
|gen|9
|tier|[Gen 9] OU
|rated|Tournament battle
|rule|HP Percentage Mod: HP is shown in percentages
|rule|Endless Battle Clause: Forcing endless battles is banned
|rule|Species Clause: Limit one of each Pokémon
|rule|OHKO Clause: OHKO moves are banned
|rule|Evasion Items Clause: Evasion items are banned
|rule|Evasion Moves Clause: Evasion moves are banned
|rule|Evasion Abilities Clause: Evasion abilities are banned
|rule|Sleep Moves Clause: Sleep-inducing moves are banned
|raw|<div class="infobox"><details class="readmore"><summary><strong>15 custom rules:</strong></summary> -burmy, -caterpie, -combee, -kricketot, -magikarp, -scatterbug, -sunkern, -tynamo, -typenull, -weedle, -wurmple, -cosmog, -blipbug, -snom, -wynaut</details></div>
|clearpoke
|poke|p1|Sudowoodo, M|
|poke|p1|Bramblin, M|
|poke|p2|Flaaffy, M|
|poke|p2|Sewaddle, F|
|teampreview
|j|*Lady Monita 
|
|t:|1776131954
|teamsize|p1|2
|teamsize|p2|2
|start
|switch|p1a: Trulywoodo|Sudowoodo, M, shiny|100/100
|switch|p2a: Sewaddle|Sewaddle, F|100/100
|turn|1
|
|t:|1776131965
|move|p2a: Sewaddle|String Shot|p1a: Trulywoodo
|-unboost|p1a: Trulywoodo|spe|2
|move|p1a: Trulywoodo|Rock Slide|p2a: Sewaddle
|-supereffective|p2a: Sewaddle
|-damage|p2a: Sewaddle|3/100
|
|upkeep
|turn|2
|
|t:|1776131973
|switch|p1a: Wild West|Bramblin, M, shiny|100/100
|move|p2a: Sewaddle|Lunge|p1a: Wild West
|-damage|p1a: Wild West|10/100
|-unboost|p1a: Wild West|atk|1
|
|upkeep
|turn|3
|
|t:|1776131980
|move|p1a: Wild West|Poltergeist|p2a: Sewaddle
|-activate|p2a: Sewaddle|move: Poltergeist|Focus Sash
|-damage|p2a: Sewaddle|0 fnt
|faint|p2a: Sewaddle
|
|upkeep
|
|t:|1776131982
|switch|p2a: Flaaffy|Flaaffy, M|100/100
|turn|4
|
|t:|1776131990
|move|p1a: Wild West|Strength Sap|p2a: Flaaffy
|-unboost|p2a: Flaaffy|atk|1
|-heal|p1a: Wild West|62/100
|move|p2a: Flaaffy|Thunderbolt|p1a: Wild West
|-resisted|p1a: Wild West
|-damage|p1a: Wild West|23/100
|-status|p1a: Wild West|par
|
|upkeep
|turn|5
|
|t:|1776131998
|move|p2a: Flaaffy|Thunderbolt|p1a: Wild West
|-resisted|p1a: Wild West
|-damage|p1a: Wild West|0 fnt
|faint|p1a: Wild West
|
|upkeep
|
|t:|1776132002
|switch|p1a: Trulywoodo|Sudowoodo, M, shiny|100/100
|turn|6
|
|t:|1776132010
|-terastallize|p2a: Flaaffy|Electric
|-terastallize|p1a: Trulywoodo|Grass
|move|p2a: Flaaffy|Thunderbolt|p1a: Trulywoodo
|-resisted|p1a: Trulywoodo
|-damage|p1a: Trulywoodo|67/100
|move|p1a: Trulywoodo|Wood Hammer|p2a: Flaaffy
|-damage|p2a: Flaaffy|33/100
|-damage|p1a: Trulywoodo|49/100|[from] Recoil
|
|upkeep
|turn|7
|
|t:|1776132022
|move|p2a: Flaaffy|Dazzling Gleam|p1a: Trulywoodo
|-damage|p1a: Trulywoodo|18/100
|move|p1a: Trulywoodo|Wood Hammer|p2a: Flaaffy
|-damage|p2a: Flaaffy|0 fnt
|faint|p2a: Flaaffy
|-damage|p1a: Trulywoodo|10/100|[from] Recoil
|
|win|Aud890
|n|☆Aud890|aud890
|n|☆g3llyf15h|g3llyf15h
|n|*Lady Monita |ladymonita
|l|☆g3llyf15h
|player|p2|
|l|*Lady Monita 
|c|☆Aud890|gg
