|html|<div class="broadcast-blue"><strong>[Gen 9] OU is currently suspecting Tera Blast! For information on how to participate check out the <a href="https://www.smogon.com/tools/suspects/view/200">suspect thread</a>.</strong></div>
|j|☆bena13
|j|☆Elmonelio
|t:|1776083925
|gametype|singles
|player|p1|bena13|169|1213
|player|p2|Elmonelio|ethan|1202
|gen|9
|tier|[Gen 9] OU
|rated|
|rule|HP Percentage Mod: HP is shown in percentages
|rule|Endless Battle Clause: Forcing endless battles is banned
|rule|Species Clause: Limit one of each Pokémon
|rule|OHKO Clause: OHKO moves are banned
|rule|Evasion Items Clause: Evasion items are banned
|rule|Evasion Moves Clause: Evasion moves are banned
|rule|Evasion Abilities Clause: Evasion abilities are banned
|rule|Sleep Moves Clause: Sleep-inducing moves are banned
|clearpoke
|poke|p1|Spiritomb, F|
|poke|p1|Muk, M|
|poke|p1|Gastrodon, M|
|poke|p1|Vileplume, M|
|poke|p1|Salazzle, F|
|poke|p1|Haunter, F|
|poke|p2|Iron Treads|
|poke|p2|Tauros-Paldea-Aqua, M|
|poke|p2|Skeledirge, M|
|poke|p2|Meowscarada, F|
|poke|p2|Mamoswine, M|
|poke|p2|Salamence, M|
|teampreview
|
|t:|1776083938
|teamsize|p1|6
|teamsize|p2|6
|start
|switch|p1a: Salazzle|Salazzle, F|100/100
|switch|p2a: Mamoswine|Mamoswine, M|100/100
|turn|1
|inactive|Battle timer is ON: inactive players will automatically lose when time's up. (requested by bena13)
|
|t:|1776083945
|-terastallize|p1a: Salazzle|Water
|move|p1a: Salazzle|Tera Blast|p2a: Mamoswine|[anim] Tera Blast Water
|-supereffective|p2a: Mamoswine
|-crit|p2a: Mamoswine
|-damage|p2a: Mamoswine|0 fnt
|faint|p2a: Mamoswine
|-damage|p1a: Salazzle|91/100|[from] item: Life Orb
|
|upkeep
|
|t:|1776083954
|switch|p2a: Iron Treads|Iron Treads|100/100
|turn|2
|
|t:|1776083958
|-terastallize|p2a: Iron Treads|Electric
|move|p1a: Salazzle|Fire Blast|p2a: Iron Treads
|-damage|p2a: Iron Treads|0 fnt
|faint|p2a: Iron Treads
|-end|p2a: Iron Treads|Quark Drive|[silent]
|-damage|p1a: Salazzle|81/100|[from] item: Life Orb
|
|upkeep
|
|t:|1776083968
|switch|p2a: Meowscarada|Meowscarada, F|100/100
|turn|3
|
|t:|1776083975
|switch|p1a: Vileplume|Vileplume, M|100/100
|move|p2a: Meowscarada|Flower Trick|p1a: Vileplume
|-start|p2a: Meowscarada|typechange|Grass|[from] ability: Protean
|-resisted|p1a: Vileplume
|-crit|p1a: Vileplume
|-damage|p1a: Vileplume|91/100
|
|upkeep
|turn|4
|
|t:|1776083985
|move|p2a: Meowscarada|U-turn|p1a: Vileplume
|-damage|p1a: Vileplume|72/100
|
|t:|1776083993
|switch|p2a: Salamence|Salamence, M|100/100|[from] U-turn
|-ability|p2a: Salamence|Intimidate|boost
|-unboost|p1a: Vileplume|atk|1
|move|p1a: Vileplume|Leech Seed|p2a: Salamence|[miss]
|-miss|p1a: Vileplume|p2a: Salamence
|
|upkeep
|turn|5
|
|t:|1776084004
|move|p2a: Salamence|Earthquake|p1a: Vileplume
|-damage|p1a: Vileplume|41/100
|move|p1a: Vileplume|Strength Sap|p2a: Salamence
|-unboost|p2a: Salamence|atk|1
|-heal|p1a: Vileplume|100/100
|
|upkeep
|turn|6
|
|t:|1776084012
|move|p2a: Salamence|Earthquake|p1a: Vileplume
|-damage|p1a: Vileplume|79/100
|move|p1a: Vileplume|Leech Seed|p2a: Salamence|[miss]
|-miss|p1a: Vileplume|p2a: Salamence
|
|upkeep
|turn|7
|
|t:|1776084019
|switch|p2a: Skeledirge|Skeledirge, M|100/100
|move|p1a: Vileplume|Leech Seed|p2a: Skeledirge
|-start|p2a: Skeledirge|move: Leech Seed
|
|-damage|p2a: Skeledirge|88/100|[from] Leech Seed|[of] p1a: Vileplume
|-heal|p1a: Vileplume|94/100|[silent]
|upkeep
|turn|8
|
|t:|1776084027
|switch|p1a: Gastrodon|Gastrodon, M|100/100
|move|p2a: Skeledirge|Torch Song|p1a: Gastrodon
|-resisted|p1a: Gastrodon
|-damage|p1a: Gastrodon|90/100
|-boost|p2a: Skeledirge|spa|1
|
|-heal|p2a: Skeledirge|94/100|[from] item: Leftovers
|-damage|p2a: Skeledirge|82/100|[from] Leech Seed|[of] p1a: Gastrodon
|-heal|p1a: Gastrodon|100/100|[silent]
|upkeep
|turn|9
|
|t:|1776084043
|switch|p2a: Tauros|Tauros-Paldea-Aqua, M|100/100
|-ability|p2a: Tauros|Intimidate|boost
|-unboost|p1a: Gastrodon|atk|1
|move|p1a: Gastrodon|Ice Beam|p2a: Tauros
|-resisted|p2a: Tauros
|-damage|p2a: Tauros|78/100
|
|upkeep
|turn|10
|
|t:|1776084052
|switch|p1a: Haunter|Haunter, F|100/100
|move|p2a: Tauros|Bulk Up|p2a: Tauros
|-boost|p2a: Tauros|atk|1
|-boost|p2a: Tauros|def|1
|
|upkeep
|turn|11
|
|t:|1776084059
|move|p2a: Tauros|Raging Bull|p1a: Haunter
|-enditem|p1a: Haunter|Focus Sash
|-damage|p1a: Haunter|1/100
|move|p1a: Haunter|Taunt|p2a: Tauros
|-start|p2a: Tauros|move: Taunt
|
|upkeep
|turn|12
|
|t:|1776084068
|move|p2a: Tauros|Aqua Jet|p1a: Haunter
|-damage|p1a: Haunter|0 fnt
|faint|p1a: Haunter
|
|upkeep
|
|t:|1776084083
|switch|p1a: Vileplume|Vileplume, M|94/100
|turn|13
|
|t:|1776084090
|switch|p2a: Skeledirge|Skeledirge, M|82/100
|move|p1a: Vileplume|Giga Drain|p2a: Skeledirge
|-resisted|p2a: Skeledirge
|-damage|p2a: Skeledirge|66/100
|-heal|p1a: Vileplume|100/100|[from] drain|[of] p2a: Skeledirge
|
|-heal|p2a: Skeledirge|72/100|[from] item: Leftovers
|upkeep
|turn|14
|
|t:|1776084103
|switch|p1a: Muk|Muk, M|100/100
|move|p2a: Skeledirge|Shadow Ball|p1a: Muk
|-damage|p1a: Muk|82/100
|
|-heal|p2a: Skeledirge|78/100|[from] item: Leftovers
|upkeep
|turn|15
|
|t:|1776084113
|move|p2a: Skeledirge|Will-O-Wisp|p1a: Muk
|-status|p1a: Muk|brn
|move|p1a: Muk|Knock Off|p2a: Skeledirge
|-supereffective|p2a: Skeledirge
|-damage|p2a: Skeledirge|57/100
|-enditem|p2a: Skeledirge|Leftovers|[from] move: Knock Off|[of] p1a: Muk
|
|-damage|p1a: Muk|76/100 brn|[from] brn
|upkeep
|turn|16
|
|t:|1776084128
|switch|p2a: Salamence|Salamence, M|100/100
|-ability|p2a: Salamence|Intimidate|boost
|-unboost|p1a: Muk|atk|1
|switch|p1a: Gastrodon|Gastrodon, M|100/100
|
|upkeep
|turn|17
|
|t:|1776084139
|move|p2a: Salamence|Outrage|p1a: Gastrodon
|-crit|p1a: Gastrodon
|-damage|p1a: Gastrodon|0 fnt
|faint|p1a: Gastrodon
|
|upkeep
|
|t:|1776084148
|switch|p1a: Vileplume|Vileplume, M|100/100
|turn|18
|
|t:|1776084164
|move|p2a: Salamence|Outrage|p1a: Vileplume|[from] lockedmove
|-damage|p1a: Vileplume|49/100
|-status|p2a: Salamence|psn|[from] ability: Effect Spore|[of] p1a: Vileplume
|move|p1a: Vileplume|Strength Sap|p2a: Salamence
|-unboost|p2a: Salamence|atk|1
|-heal|p1a: Vileplume|100/100
|
|-damage|p2a: Salamence|88/100 psn|[from] psn
|upkeep
|turn|19
|
|t:|1776084178
|move|p2a: Salamence|Outrage|p1a: Vileplume|[from] lockedmove
|-damage|p1a: Vileplume|66/100
|-start|p2a: Salamence|confusion|[fatigue]
|move|p1a: Vileplume|Leech Seed|p2a: Salamence
|-start|p2a: Salamence|move: Leech Seed
|
|-damage|p2a: Salamence|76/100 psn|[from] Leech Seed|[of] p1a: Vileplume
|-heal|p1a: Vileplume|77/100|[silent]
|-damage|p2a: Salamence|63/100 psn|[from] psn
|upkeep
|turn|20
|
|t:|1776084189
|-activate|p2a: Salamence|confusion
|-damage|p2a: Salamence|52/100 psn|[from] confusion
|move|p1a: Vileplume|Leech Seed||[still]
|-fail|p1a: Vileplume
|
|-damage|p2a: Salamence|40/100 psn|[from] Leech Seed|[of] p1a: Vileplume
|-heal|p1a: Vileplume|89/100|[silent]
|-damage|p2a: Salamence|27/100 psn|[from] psn
|upkeep
|turn|21
|
|t:|1776084198
|-activate|p2a: Salamence|confusion
|move|p2a: Salamence|Outrage|p1a: Vileplume
|-damage|p1a: Vileplume|56/100
|move|p1a: Vileplume|Leech Seed||[still]
|-fail|p1a: Vileplume
|
|-damage|p2a: Salamence|15/100 psn|[from] Leech Seed|[of] p1a: Vileplume
|-heal|p1a: Vileplume|68/100|[silent]
|-damage|p2a: Salamence|3/100 psn|[from] psn
|upkeep
|turn|22
|
|t:|1776084210
|-activate|p2a: Salamence|confusion
|move|p2a: Salamence|Outrage|p1a: Vileplume|[from] lockedmove
|-damage|p1a: Vileplume|32/100
|move|p1a: Vileplume|Strength Sap|p2a: Salamence
|-unboost|p2a: Salamence|atk|1
|-heal|p1a: Vileplume|100/100
|
|-damage|p2a: Salamence|0 fnt|[from] Leech Seed|[of] p1a: Vileplume
|faint|p2a: Salamence
|upkeep
|
|t:|1776084221
|switch|p2a: Skeledirge|Skeledirge, M|57/100
|turn|23
|
|t:|1776084237
|switch|p1a: Salazzle|Salazzle, F, tera:Water|81/100
|move|p2a: Skeledirge|Torch Song|p1a: Salazzle
|-resisted|p1a: Salazzle
|-damage|p1a: Salazzle|52/100
|-boost|p2a: Skeledirge|spa|1
|
|upkeep
|turn|24
|
|t:|1776084245
|move|p1a: Salazzle|Tera Blast|p2a: Skeledirge|[anim] Tera Blast Water
|-supereffective|p2a: Skeledirge
|-damage|p2a: Skeledirge|0 fnt
|faint|p2a: Skeledirge
|-damage|p1a: Salazzle|43/100|[from] item: Life Orb
|
|upkeep
|
|t:|1776084254
|switch|p2a: Meowscarada|Meowscarada, F|100/100
|turn|25
|
|t:|1776084260
|switch|p1a: Muk|Muk, M|76/100 brn
|move|p2a: Meowscarada|Knock Off|p1a: Muk
|-start|p2a: Meowscarada|typechange|Dark|[from] ability: Protean
|-damage|p1a: Muk|30/100 brn
|-activate|p1a: Muk|ability: Sticky Hold
|
|-damage|p1a: Muk|24/100 brn|[from] brn
|upkeep
|turn|26
|
|t:|1776084272
|move|p1a: Muk|Shadow Sneak|p2a: Meowscarada
|-resisted|p2a: Meowscarada
|-damage|p2a: Meowscarada|96/100
|move|p2a: Meowscarada|Knock Off|p1a: Muk
|-damage|p1a: Muk|0 fnt
|-enditem|p1a: Muk|Assault Vest|[from] move: Knock Off|[of] p2a: Meowscarada
|faint|p1a: Muk
|
|upkeep
|
|t:|1776084281
|switch|p1a: Spiritomb|Spiritomb, F|100/100
|turn|27
|
|t:|1776084285
|move|p2a: Meowscarada|Knock Off|p1a: Spiritomb
|-damage|p1a: Spiritomb|65/100
|-enditem|p1a: Spiritomb|Leftovers|[from] move: Knock Off|[of] p2a: Meowscarada
|move|p1a: Spiritomb|Will-O-Wisp|p2a: Meowscarada
|-status|p2a: Meowscarada|brn
|
|-damage|p2a: Meowscarada|90/100 brn|[from] brn
|upkeep
|turn|28
|
|t:|1776084295
|move|p2a: Meowscarada|Knock Off|p1a: Spiritomb
|-damage|p1a: Spiritomb|54/100
|move|p1a: Spiritomb|Pain Split|p2a: Meowscarada
|-sethp|p2a: Meowscarada|73/100 brn|[from] move: Pain Split|[silent]
|-sethp|p1a: Spiritomb|70/100|[from] move: Pain Split
|
|-damage|p2a: Meowscarada|66/100 brn|[from] brn
|upkeep
|turn|29
|
|t:|1776084305
|switch|p1a: Vileplume|Vileplume, M|100/100
|move|p2a: Meowscarada|U-turn|p1a: Vileplume
|-damage|p1a: Vileplume|92/100
|
|t:|1776084310
|switch|p2a: Tauros|Tauros-Paldea-Aqua, M|78/100|[from] U-turn
|-ability|p2a: Tauros|Intimidate|boost
|-unboost|p1a: Vileplume|atk|1
|
|upkeep
|turn|30
|
|t:|1776084317
|move|p2a: Tauros|Close Combat|p1a: Vileplume
|-resisted|p1a: Vileplume
|-damage|p1a: Vileplume|70/100
|-unboost|p2a: Tauros|def|1
|-unboost|p2a: Tauros|spd|1
|move|p1a: Vileplume|Leech Seed|p2a: Tauros
|-start|p2a: Tauros|move: Leech Seed
|
|-damage|p2a: Tauros|66/100|[from] Leech Seed|[of] p1a: Vileplume
|-heal|p1a: Vileplume|81/100|[silent]
|upkeep
|turn|31
|inactive|Elmonelio has 120 seconds left.
|
|t:|1776084356
|switch|p2a: Meowscarada|Meowscarada, F|66/100 brn
|move|p1a: Vileplume|Strength Sap|p2a: Meowscarada
|-unboost|p2a: Meowscarada|atk|1
|-heal|p1a: Vileplume|100/100
|
|-damage|p2a: Meowscarada|60/100 brn|[from] brn
|upkeep
|turn|32
|inactive|Elmonelio has 120 seconds left.
|
|t:|1776084365
|move|p2a: Meowscarada|Knock Off|p1a: Vileplume
|-start|p2a: Meowscarada|typechange|Dark|[from] ability: Protean
|-damage|p1a: Vileplume|88/100
|-enditem|p1a: Vileplume|Covert Cloak|[from] move: Knock Off|[of] p2a: Meowscarada
|move|p1a: Vileplume|Giga Drain|p2a: Meowscarada
|-damage|p2a: Meowscarada|14/100 brn
|-heal|p1a: Vileplume|100/100|[from] drain|[of] p2a: Meowscarada
|
|-damage|p2a: Meowscarada|8/100 brn|[from] brn
|upkeep
|turn|33
|inactive|Elmonelio has 120 seconds left.
|
|t:|1776084385
|move|p2a: Meowscarada|U-turn|p1a: Vileplume
|-damage|p1a: Vileplume|94/100
|
|t:|1776084394
|switch|p2a: Tauros|Tauros-Paldea-Aqua, M|66/100|[from] U-turn
|-ability|p2a: Tauros|Intimidate|boost
|-unboost|p1a: Vileplume|atk|1
|move|p1a: Vileplume|Strength Sap|p2a: Tauros
|-unboost|p2a: Tauros|atk|1
|-heal|p1a: Vileplume|100/100
|
|upkeep
|turn|34
|inactive|Elmonelio has 120 seconds left.
|
|t:|1776084407
|move|p2a: Tauros|Close Combat|p1a: Vileplume
|-resisted|p1a: Vileplume
|-damage|p1a: Vileplume|85/100
|-unboost|p2a: Tauros|def|1
|-unboost|p2a: Tauros|spd|1
|move|p1a: Vileplume|Giga Drain|p2a: Tauros
|-supereffective|p2a: Tauros
|-damage|p2a: Tauros|0 fnt
|-heal|p1a: Vileplume|100/100|[from] drain|[of] p2a: Tauros
|faint|p2a: Tauros
|
|upkeep
|
|t:|1776084419
|switch|p2a: Meowscarada|Meowscarada, F|8/100 brn
|turn|35
|
|t:|1776084422
|move|p2a: Meowscarada|Flower Trick|p1a: Vileplume
|-start|p2a: Meowscarada|typechange|Grass|[from] ability: Protean
|-resisted|p1a: Vileplume
|-crit|p1a: Vileplume
|-damage|p1a: Vileplume|96/100
|move|p1a: Vileplume|Giga Drain|p2a: Meowscarada
|-resisted|p2a: Meowscarada
|-damage|p2a: Meowscarada|0 fnt
|-heal|p1a: Vileplume|99/100|[from] drain|[of] p2a: Meowscarada
|faint|p2a: Meowscarada
|
|win|bena13
|raw|bena13's rating: 1213 &rarr; <strong>1237</strong><br />(+24 for winning)
|raw|Elmonelio's rating: 1202 &rarr; <strong>1178</strong><br />(-24 for losing)
|l|☆Elmonelio
|player|p2|
