|html|<div class="broadcast-blue"><strong>[Gen 9] OU is currently suspecting Tera Blast! For information on how to participate check out the <a href="https://www.smogon.com/tools/suspects/view/200">suspect thread</a>.</strong></div>
|j|☆vartholomeus
|j|☆Meio_pOTATO
|t:|1776044691
|gametype|singles
|player|p1|vartholomeus|ruinmaniac|1459
|player|p2|Meio_pOTATO|rosa|1488
|gen|9
|tier|[Gen 9] OU
|rated|
|rule|HP Percentage Mod: HP is shown in percentages
|rule|Endless Battle Clause: Forcing endless battles is banned
|rule|Species Clause: Limit one of each Pokémon
|rule|OHKO Clause: OHKO moves are banned
|rule|Evasion Items Clause: Evasion items are banned
|rule|Evasion Moves Clause: Evasion moves are banned
|rule|Evasion Abilities Clause: Evasion abilities are banned
|rule|Sleep Moves Clause: Sleep-inducing moves are banned
|clearpoke
|poke|p1|Rillaboom, M|
|poke|p1|Iron Hands|
|poke|p1|Gholdengo|
|poke|p1|Greninja-*, M|
|poke|p1|Landorus-Therian, M|
|poke|p1|Blaziken, M|
|poke|p2|Latias, F|
|poke|p2|Iron Moth|
|poke|p2|Polteageist|
|poke|p2|Ogerpon-Wellspring, F|
|poke|p2|Kingambit, M|
|poke|p2|Zamazenta-*|
|teampreview
|inactive|Battle timer is ON: inactive players will automatically lose when time's up. (requested by Meio_pOTATO)
|inactive|vartholomeus also wants the timer to be on.
|
|t:|1776044698
|teamsize|p1|6
|teamsize|p2|6
|start
|switch|p1a: Lilo|Landorus-Therian, M|100/100
|switch|p2a: Clearsight|Latias, F|100/100
|-ability|p1a: Lilo|Intimidate|boost
|-unboost|p2a: Clearsight|atk|1
|turn|1
|
|t:|1776044702
|move|p1a: Lilo|U-turn|p2a: Clearsight
|-supereffective|p2a: Clearsight
|-damage|p2a: Clearsight|63/100
|-enditem|p2a: Clearsight|Weakness Policy
|-boost|p2a: Clearsight|atk|2|[from] item: Weakness Policy
|-boost|p2a: Clearsight|spa|2|[from] item: Weakness Policy
|
|t:|1776044707
|switch|p1a: Gregg|Greninja, M|100/100|[from] U-turn
|move|p2a: Clearsight|Agility|p2a: Clearsight
|-boost|p2a: Clearsight|spe|2
|
|upkeep
|turn|2
|
|t:|1776044711
|move|p2a: Clearsight|Draining Kiss|p1a: Gregg
|-supereffective|p1a: Gregg
|-damage|p1a: Gregg|18/100
|-heal|p2a: Clearsight|100/100|[from] drain|[of] p1a: Gregg
|move|p1a: Gregg|Dark Pulse|p2a: Clearsight
|-supereffective|p2a: Clearsight
|-damage|p2a: Clearsight|12/100
|-damage|p1a: Gregg|9/100|[from] item: Life Orb
|
|upkeep
|turn|3
|
|t:|1776044717
|move|p1a: Gregg|Water Shuriken|p2a: Clearsight
|-resisted|p2a: Clearsight
|-damage|p2a: Clearsight|8/100
|-resisted|p2a: Clearsight
|-damage|p2a: Clearsight|5/100
|-resisted|p2a: Clearsight
|-damage|p2a: Clearsight|1/100
|-resisted|p2a: Clearsight
|-damage|p2a: Clearsight|0 fnt
|faint|p2a: Clearsight
|-ability|p1a: Gregg|Battle Bond|boost
|-boost|p1a: Gregg|atk|1
|-boost|p1a: Gregg|spa|1
|-boost|p1a: Gregg|spe|1
|-activate|p1a: Gregg|ability: Battle Bond
|-hitcount|p2: Clearsight|4
|-damage|p1a: Gregg|0 fnt|[from] item: Life Orb
|faint|p1a: Gregg
|
|upkeep
|
|t:|1776044724
|switch|p1a: Lilo|Landorus-Therian, M|100/100
|switch|p2a: Luna|Iron Moth|100/100
|-ability|p1a: Lilo|Intimidate|boost
|-unboost|p2a: Luna|atk|1
|turn|4
|
|t:|1776044727
|move|p1a: Lilo|Earth Power|p2a: Luna
|-supereffective|p2a: Luna
|-enditem|p2a: Luna|Focus Sash
|-damage|p2a: Luna|1/100
|move|p2a: Luna|Fiery Dance|p1a: Lilo
|-damage|p1a: Lilo|42/100
|
|upkeep
|turn|5
|
|t:|1776044734
|move|p1a: Lilo|Earth Power|p2a: Luna
|-supereffective|p2a: Luna
|-damage|p2a: Luna|0 fnt
|faint|p2a: Luna
|-end|p2a: Luna|Quark Drive|[silent]
|
|upkeep
|
|t:|1776044737
|switch|p2a: Kinkajou|Ogerpon-Wellspring, F|100/100
|turn|6
|
|t:|1776044740
|switch|p1a: Tarso|Rillaboom, M|100/100
|-fieldstart|move: Grassy Terrain|[from] ability: Grassy Surge|[of] p1a: Tarso
|move|p2a: Kinkajou|Swords Dance|p2a: Kinkajou
|-boost|p2a: Kinkajou|atk|2
|
|upkeep
|turn|7
|
|t:|1776044744
|move|p1a: Tarso|Grassy Glide|p2a: Kinkajou
|-damage|p2a: Kinkajou|45/100
|move|p2a: Kinkajou|Knock Off|p1a: Tarso
|-crit|p1a: Tarso
|-damage|p1a: Tarso|0 fnt
|-enditem|p1a: Tarso|Terrain Extender|[from] move: Knock Off|[of] p2a: Kinkajou
|faint|p1a: Tarso
|
|-heal|p2a: Kinkajou|51/100|[from] Grassy Terrain
|upkeep
|
|t:|1776044752
|switch|p1a: Lilo|Landorus-Therian, M|42/100
|-ability|p1a: Lilo|Intimidate|boost
|-unboost|p2a: Kinkajou|atk|1
|turn|8
|
|t:|1776044754
|move|p1a: Lilo|Sludge Bomb|p2a: Kinkajou
|-supereffective|p2a: Kinkajou
|-damage|p2a: Kinkajou|0 fnt
|faint|p2a: Kinkajou
|
|upkeep
|
|t:|1776044759
|switch|p2a: Darkstalker|Kingambit, M|100/100
|turn|9
|
|t:|1776044763
|switch|p1a: Pollo|Blaziken, M, shiny|100/100
|move|p2a: Darkstalker|Swords Dance|p2a: Darkstalker
|-boost|p2a: Darkstalker|atk|2
|
|upkeep
|turn|10
|
|t:|1776044766
|-terastallize|p2a: Darkstalker|Ghost
|move|p1a: Pollo|Close Combat|p2a: Darkstalker
|-immune|p2a: Darkstalker
|move|p2a: Darkstalker|Low Kick|p1a: Pollo
|-crit|p1a: Pollo
|-damage|p1a: Pollo|0 fnt
|faint|p1a: Pollo
|
|upkeep
|
|t:|1776044771
|switch|p1a: Kesso|Gholdengo|100/100
|turn|11
|
|t:|1776044774
|move|p2a: Darkstalker|Sucker Punch||[still]
|-fail|p2a: Darkstalker
|move|p1a: Kesso|Trick|p2a: Darkstalker
|-activate|p1a: Kesso|move: Trick|[of] p2a: Darkstalker
|-item|p2a: Darkstalker|Choice Scarf|[from] move: Trick
|-item|p1a: Kesso|Leftovers|[from] move: Trick
|
|upkeep
|turn|12
|
|t:|1776044780
|move|p2a: Darkstalker|Iron Head|p1a: Kesso
|-resisted|p1a: Kesso
|-damage|p1a: Kesso|52/100
|move|p1a: Kesso|Shadow Ball|p2a: Darkstalker
|-supereffective|p2a: Darkstalker
|-damage|p2a: Darkstalker|3/100
|
|-heal|p2a: Darkstalker|9/100|[from] Grassy Terrain
|-heal|p1a: Kesso|58/100|[from] Grassy Terrain
|-heal|p1a: Kesso|64/100|[from] item: Leftovers
|upkeep
|turn|13
|
|t:|1776044785
|move|p2a: Darkstalker|Iron Head|p1a: Kesso
|-resisted|p1a: Kesso
|-damage|p1a: Kesso|14/100
|cant|p1a: Kesso|flinch
|
|-heal|p2a: Darkstalker|15/100|[from] Grassy Terrain
|-heal|p1a: Kesso|20/100|[from] Grassy Terrain
|-heal|p1a: Kesso|27/100|[from] item: Leftovers
|-fieldend|move: Grassy Terrain
|upkeep
|turn|14
|
|t:|1776044789
|move|p2a: Darkstalker|Iron Head|p1a: Kesso
|-resisted|p1a: Kesso
|-damage|p1a: Kesso|0 fnt
|faint|p1a: Kesso
|
|upkeep
|
|t:|1776044792
|switch|p1a: Ehonda|Iron Hands|100/100
|-enditem|p1a: Ehonda|Booster Energy
|-activate|p1a: Ehonda|ability: Quark Drive|[fromitem]
|-start|p1a: Ehonda|quarkdriveatk
|turn|15
|
|t:|1776044796
|move|p2a: Darkstalker|Iron Head|p1a: Ehonda
|-resisted|p1a: Ehonda
|-damage|p1a: Ehonda|72/100
|move|p1a: Ehonda|Thunder Punch|p2a: Darkstalker
|-damage|p2a: Darkstalker|0 fnt
|faint|p2a: Darkstalker
|
|upkeep
|
|t:|1776044800
|switch|p2a: Boa|Polteageist|100/100
|turn|16
|
|t:|1776044804
|move|p2a: Boa|Shell Smash|p2a: Boa
|-unboost|p2a: Boa|def|1
|-unboost|p2a: Boa|spd|1
|-boost|p2a: Boa|atk|2
|-boost|p2a: Boa|spa|2
|-boost|p2a: Boa|spe|2
|move|p1a: Ehonda|Thunder Punch|p2a: Boa
|-enditem|p2a: Boa|Focus Sash
|-damage|p2a: Boa|1/100
|-ability|p2a: Boa|Weak Armor|boost
|-unboost|p2a: Boa|def|1
|-boost|p2a: Boa|spe|2
|
|upkeep
|turn|17
|
|t:|1776044813
|move|p2a: Boa|Shadow Ball|p1a: Ehonda
|-damage|p1a: Ehonda|0 fnt
|faint|p1a: Ehonda
|-end|p1a: Ehonda|Quark Drive|[silent]
|
|upkeep
|
|t:|1776044816
|switch|p1a: Lilo|Landorus-Therian, M|42/100
|-ability|p1a: Lilo|Intimidate|boost
|-unboost|p2a: Boa|atk|1
|turn|18
|
|t:|1776044818
|move|p2a: Boa|Shadow Ball|p1a: Lilo
|-crit|p1a: Lilo
|-damage|p1a: Lilo|0 fnt
|faint|p1a: Lilo
|
|win|Meio_pOTATO
|raw|vartholomeus's rating: 1459 &rarr; <strong>1441</strong><br />(-18 for losing)
|raw|Meio_pOTATO's rating: 1488 &rarr; <strong>1506</strong><br />(+18 for winning)
|l|☆vartholomeus
|player|p1|
|l|☆Meio_pOTATO
|player|p2|
