|html|<div class="broadcast-blue"><strong>[Gen 9] OU is currently suspecting Volcarona! For information on how to participate check out the <a href="https://www.smogon.com/tools/suspects/view/208">suspect thread</a>.</strong></div>
|j|☆demonlarp
|j|☆Mr Tpen
|t:|1778516733
|gametype|singles
|player|p1|demonlarp|cheryl|1582
|player|p2|Mr Tpen|1|1542
|gen|9
|tier|[Gen 9] OU
|rated|
|rule|HP Percentage Mod: HP is shown in percentages
|rule|Endless Battle Clause: Forcing endless battles is banned
|rule|Species Clause: Limit one of each Pokémon
|rule|OHKO Clause: OHKO moves are banned
|rule|Evasion Items Clause: Evasion items are banned
|rule|Evasion Moves Clause: Evasion moves are banned
|rule|Evasion Abilities Clause: Evasion abilities are banned
|rule|Sleep Moves Clause: Sleep-inducing moves are banned
|clearpoke
|poke|p1|Darkrai|
|poke|p1|Slither Wing|
|poke|p1|Ting-Lu|
|poke|p1|Garganacl, F|
|poke|p1|Dragonite, F|
|poke|p1|Clefable, F|
|poke|p2|Volcarona, F|
|poke|p2|Hatterene, F|
|poke|p2|Zamazenta-*|
|poke|p2|Darkrai|
|poke|p2|Pecharunt|
|poke|p2|Dragonite, M|
|teampreview
|inactive|Battle timer is ON: inactive players will automatically lose when time's up. (requested by Mr Tpen)
|
|t:|1778516751
|teamsize|p1|6
|teamsize|p2|6
|start
|switch|p1a: Garganacl|Garganacl, F|100/100
|switch|p2a: Hatterene|Hatterene, F|100/100
|turn|1
|
|t:|1778516755
|move|p1a: Garganacl|Salt Cure|p2a: Hatterene
|-damage|p2a: Hatterene|88/100
|-start|p2a: Hatterene|Salt Cure
|move|p2a: Hatterene|Psychic Noise|p1a: Garganacl
|-damage|p1a: Garganacl|78/100
|-start|p1a: Garganacl|move: Heal Block
|
|-damage|p2a: Hatterene|76/100|[from] Salt Cure
|upkeep
|turn|2
|
|t:|1778516762
|move|p1a: Garganacl|Salt Cure|p2a: Hatterene
|-damage|p2a: Hatterene|64/100
|move|p2a: Hatterene|Draining Kiss|p1a: Garganacl
|-damage|p1a: Garganacl|63/100
|-heal|p2a: Hatterene|78/100|[from] drain|[of] p1a: Garganacl
|
|-damage|p2a: Hatterene|66/100|[from] Salt Cure
|-end|p1a: Garganacl|move: Heal Block
|upkeep
|turn|3
|
|t:|1778516766
|move|p1a: Garganacl|Recover|p1a: Garganacl
|-heal|p1a: Garganacl|100/100
|move|p2a: Hatterene|Psychic Noise|p1a: Garganacl
|-damage|p1a: Garganacl|75/100
|-start|p1a: Garganacl|move: Heal Block
|
|-damage|p2a: Hatterene|53/100|[from] Salt Cure
|upkeep
|turn|4
|
|t:|1778516771
|move|p1a: Garganacl|Salt Cure|p2a: Hatterene
|-damage|p2a: Hatterene|42/100
|move|p2a: Hatterene|Draining Kiss|p1a: Garganacl
|-damage|p1a: Garganacl|58/100
|-heal|p2a: Hatterene|58/100|[from] drain|[of] p1a: Garganacl
|
|-damage|p2a: Hatterene|45/100|[from] Salt Cure
|-end|p1a: Garganacl|move: Heal Block
|upkeep
|turn|5
|
|t:|1778516775
|move|p1a: Garganacl|Recover|p1a: Garganacl
|-heal|p1a: Garganacl|100/100
|move|p2a: Hatterene|Pain Split|p1a: Garganacl
|-sethp|p1a: Garganacl|68/100|[from] move: Pain Split|[silent]
|-sethp|p2a: Hatterene|86/100|[from] move: Pain Split
|
|-heal|p1a: Garganacl|74/100|[from] item: Leftovers
|-damage|p2a: Hatterene|73/100|[from] Salt Cure
|upkeep
|turn|6
|j| kiska
|
|t:|1778516778
|move|p1a: Garganacl|Salt Cure|p2a: Hatterene
|-damage|p2a: Hatterene|62/100
|move|p2a: Hatterene|Psychic Noise|p1a: Garganacl
|-damage|p1a: Garganacl|53/100
|-start|p1a: Garganacl|move: Heal Block
|
|-damage|p2a: Hatterene|50/100|[from] Salt Cure
|upkeep
|turn|7
|
|t:|1778516781
|move|p1a: Garganacl|Protect|p1a: Garganacl
|-singleturn|p1a: Garganacl|Protect
|move|p2a: Hatterene|Draining Kiss|p1a: Garganacl
|-activate|p1a: Garganacl|move: Protect
|
|-damage|p2a: Hatterene|37/100|[from] Salt Cure
|-end|p1a: Garganacl|move: Heal Block
|upkeep
|turn|8
|
|t:|1778516783
|move|p1a: Garganacl|Recover|p1a: Garganacl
|-heal|p1a: Garganacl|100/100
|move|p2a: Hatterene|Pain Split|p1a: Garganacl
|-sethp|p1a: Garganacl|65/100|[from] move: Pain Split|[silent]
|-sethp|p2a: Hatterene|82/100|[from] move: Pain Split
|
|-heal|p1a: Garganacl|71/100|[from] item: Leftovers
|-damage|p2a: Hatterene|69/100|[from] Salt Cure
|upkeep
|turn|9
|
|t:|1778516787
|move|p1a: Garganacl|Protect|p1a: Garganacl
|-singleturn|p1a: Garganacl|Protect
|move|p2a: Hatterene|Psychic Noise|p1a: Garganacl
|-activate|p1a: Garganacl|move: Protect
|
|-heal|p1a: Garganacl|77/100|[from] item: Leftovers
|-damage|p2a: Hatterene|57/100|[from] Salt Cure
|upkeep
|turn|10
|
|t:|1778516796
|switch|p1a: Clefable|Clefable, F|100/100
|move|p2a: Hatterene|Draining Kiss|p1a: Clefable
|-damage|p1a: Clefable|81/100
|-heal|p2a: Hatterene|75/100|[from] drain|[of] p1a: Clefable
|
|-heal|p1a: Clefable|87/100|[from] item: Leftovers
|-damage|p2a: Hatterene|62/100|[from] Salt Cure
|upkeep
|turn|11
|
|t:|1778516799
|move|p1a: Clefable|Knock Off|p2a: Hatterene
|-damage|p2a: Hatterene|51/100
|-enditem|p2a: Hatterene|Rocky Helmet|[from] move: Knock Off|[of] p1a: Clefable
|move|p2a: Hatterene|Nuzzle|p1a: Clefable
|-damage|p1a: Clefable|84/100
|-status|p1a: Clefable|par
|
|-heal|p1a: Clefable|90/100 par|[from] item: Leftovers
|-damage|p2a: Hatterene|39/100|[from] Salt Cure
|upkeep
|turn|12
|
|t:|1778516810
|move|p2a: Hatterene|Pain Split|p1a: Clefable
|-sethp|p1a: Clefable|61/100 par|[from] move: Pain Split|[silent]
|-sethp|p2a: Hatterene|73/100|[from] move: Pain Split
|move|p1a: Clefable|Moonblast|p2a: Hatterene
|-damage|p2a: Hatterene|42/100
|
|-heal|p1a: Clefable|67/100 par|[from] item: Leftovers
|-damage|p2a: Hatterene|30/100|[from] Salt Cure
|upkeep
|turn|13
|
|t:|1778516819
|move|p2a: Hatterene|Pain Split|p1a: Clefable
|-sethp|p1a: Clefable|46/100 par|[from] move: Pain Split|[silent]
|-sethp|p2a: Hatterene|56/100|[from] move: Pain Split
|cant|p1a: Clefable|par
|
|-heal|p1a: Clefable|52/100 par|[from] item: Leftovers
|-damage|p2a: Hatterene|43/100|[from] Salt Cure
|upkeep
|turn|14
|
|t:|1778516824
|move|p2a: Hatterene|Psychic Noise|p1a: Clefable
|-damage|p1a: Clefable|18/100 par
|-start|p1a: Clefable|move: Heal Block
|move|p1a: Clefable|Moonblast|p2a: Hatterene
|-damage|p2a: Hatterene|12/100
|
|-damage|p2a: Hatterene|0 fnt|[from] Salt Cure
|faint|p2a: Hatterene
|upkeep
|
|t:|1778516827
|switch|p2a: Darkrai|Darkrai|100/100
|turn|15
|
|t:|1778516831
|switch|p1a: Ting-Lu|Ting-Lu|100/100
|-ability|p1a: Ting-Lu|Vessel of Ruin
|move|p2a: Darkrai|Sludge Bomb|p1a: Ting-Lu
|-resisted|p1a: Ting-Lu
|-damage|p1a: Ting-Lu|93/100
|-status|p1a: Ting-Lu|psn
|
|-heal|p1a: Ting-Lu|99/100 psn|[from] item: Leftovers
|-damage|p1a: Ting-Lu|87/100 psn|[from] psn
|upkeep
|turn|16
|
|t:|1778516835
|move|p2a: Darkrai|Knock Off|p1a: Ting-Lu
|-resisted|p1a: Ting-Lu
|-damage|p1a: Ting-Lu|80/100 psn
|-enditem|p1a: Ting-Lu|Leftovers|[from] move: Knock Off|[of] p2a: Darkrai
|move|p1a: Ting-Lu|Spikes|p2a: Darkrai
|-sidestart|p2: Mr Tpen|Spikes
|
|-damage|p1a: Ting-Lu|68/100 psn|[from] psn
|upkeep
|turn|17
|
|t:|1778516840
|switch|p2a: Zamazenta|Zamazenta|100/100
|-ability|p2a: Zamazenta|Dauntless Shield|boost
|-boost|p2a: Zamazenta|def|1
|move|p1a: Ting-Lu|Spikes|p2a: Zamazenta
|-sidestart|p2: Mr Tpen|Spikes
|
|-damage|p1a: Ting-Lu|55/100 psn|[from] psn
|upkeep
|turn|18
|
|t:|1778516845
|switch|p1a: Slither Wing|Slither Wing|100/100
|move|p2a: Zamazenta|Close Combat|p1a: Slither Wing
|-resisted|p1a: Slither Wing
|-damage|p1a: Slither Wing|74/100
|-unboost|p2a: Zamazenta|def|1
|-unboost|p2a: Zamazenta|spd|1
|-damage|p2a: Zamazenta|84/100|[from] item: Rocky Helmet|[of] p1a: Slither Wing
|
|upkeep
|turn|19
|
|t:|1778516847
|switch|p2a: Pecharunt|Pecharunt|100/100
|move|p1a: Slither Wing|Morning Sun|p1a: Slither Wing
|-heal|p1a: Slither Wing|100/100
|
|upkeep
|turn|20
|
|t:|1778516851
|-end|p1a: Slither Wing|Protosynthesis|[silent]
|switch|p1a: Garganacl|Garganacl, F|77/100
|move|p2a: Pecharunt|Parting Shot|p1a: Garganacl
|-unboost|p1a: Garganacl|atk|1
|-unboost|p1a: Garganacl|spa|1
|
|t:|1778516853
|switch|p2a: Zamazenta|Zamazenta|84/100|[from] Parting Shot
|
|-heal|p1a: Garganacl|84/100|[from] item: Leftovers
|upkeep
|turn|21
|
|t:|1778516855
|switch|p1a: Slither Wing|Slither Wing|100/100
|move|p2a: Zamazenta|Close Combat|p1a: Slither Wing
|-resisted|p1a: Slither Wing
|-crit|p1a: Slither Wing
|-damage|p1a: Slither Wing|66/100
|-unboost|p2a: Zamazenta|def|1
|-unboost|p2a: Zamazenta|spd|1
|-damage|p2a: Zamazenta|67/100|[from] item: Rocky Helmet|[of] p1a: Slither Wing
|
|upkeep
|turn|22
|
|t:|1778516859
|switch|p2a: Pecharunt|Pecharunt|100/100
|move|p1a: Slither Wing|Morning Sun|p1a: Slither Wing
|-heal|p1a: Slither Wing|100/100
|
|upkeep
|turn|23
|
|t:|1778516862
|-end|p1a: Slither Wing|Protosynthesis|[silent]
|switch|p1a: Garganacl|Garganacl, F|84/100
|move|p2a: Pecharunt|Parting Shot|p1a: Garganacl
|-unboost|p1a: Garganacl|atk|1
|-unboost|p1a: Garganacl|spa|1
|
|t:|1778516865
|switch|p2a: Darkrai|Darkrai|100/100|[from] Parting Shot
|
|-heal|p1a: Garganacl|90/100|[from] item: Leftovers
|upkeep
|turn|24
|
|t:|1778516868
|move|p1a: Garganacl|Protect|p1a: Garganacl
|-singleturn|p1a: Garganacl|Protect
|move|p2a: Darkrai|Knock Off|p1a: Garganacl
|-activate|p1a: Garganacl|move: Protect
|
|-heal|p1a: Garganacl|96/100|[from] item: Leftovers
|upkeep
|turn|25
|
|t:|1778516874
|move|p2a: Darkrai|Knock Off|p1a: Garganacl
|-damage|p1a: Garganacl|77/100
|-enditem|p1a: Garganacl|Leftovers|[from] move: Knock Off|[of] p2a: Darkrai
|move|p1a: Garganacl|Salt Cure|p2a: Darkrai
|-damage|p2a: Darkrai|88/100
|-start|p2a: Darkrai|Salt Cure
|
|-damage|p2a: Darkrai|76/100|[from] Salt Cure
|upkeep
|turn|26
|
|t:|1778516881
|switch|p2a: Zamazenta|Zamazenta|67/100
|move|p1a: Garganacl|Stealth Rock|p2a: Zamazenta
|-sidestart|p2: Mr Tpen|move: Stealth Rock
|
|upkeep
|turn|27
|
|t:|1778516884
|move|p1a: Garganacl|Protect|p1a: Garganacl
|-singleturn|p1a: Garganacl|Protect
|move|p2a: Zamazenta|Close Combat|p1a: Garganacl
|-activate|p1a: Garganacl|move: Protect
|
|upkeep
|turn|28
|
|t:|1778516889
|switch|p1a: Slither Wing|Slither Wing|100/100
|move|p2a: Zamazenta|Stone Edge|p1a: Slither Wing|[miss]
|-miss|p2a: Zamazenta|p1a: Slither Wing
|
|upkeep
|turn|29
|
|t:|1778516893
|switch|p2a: Pecharunt|Pecharunt|100/100
|move|p1a: Slither Wing|U-turn|p2a: Pecharunt
|-resisted|p2a: Pecharunt
|-damage|p2a: Pecharunt|97/100
|
|t:|1778516900
|-end|p1a: Slither Wing|Protosynthesis|[silent]
|switch|p1a: Darkrai|Darkrai|100/100|[from] U-turn
|
|upkeep
|turn|30
|
|t:|1778516903
|switch|p2a: Darkrai|Darkrai|76/100
|move|p1a: Darkrai|Dark Pulse|p2a: Darkrai
|-resisted|p2a: Darkrai
|-damage|p2a: Darkrai|47/100
|
|upkeep
|turn|31
|
|t:|1778516907
|move|p2a: Darkrai|Will-O-Wisp|p1a: Darkrai
|-status|p1a: Darkrai|brn
|move|p1a: Darkrai|Sludge Bomb|p2a: Darkrai
|-damage|p2a: Darkrai|8/100
|
|-damage|p1a: Darkrai|94/100 brn|[from] brn
|upkeep
|turn|32
|
|t:|1778516914
|move|p2a: Darkrai|Sludge Bomb|p1a: Darkrai
|-damage|p1a: Darkrai|49/100 brn
|move|p1a: Darkrai|Sludge Bomb|p2a: Darkrai
|-damage|p2a: Darkrai|0 fnt
|faint|p2a: Darkrai
|
|-damage|p1a: Darkrai|43/100 brn|[from] brn
|upkeep
|
|t:|1778516917
|switch|p2a: Volcarona|Volcarona, F|100/100
|turn|33
|
|t:|1778516921
|switch|p1a: Garganacl|Garganacl, F|77/100
|move|p2a: Volcarona|Quiver Dance|p2a: Volcarona
|-boost|p2a: Volcarona|spa|1
|-boost|p2a: Volcarona|spd|1
|-boost|p2a: Volcarona|spe|1
|
|upkeep
|turn|34
|
|t:|1778516926
|-terastallize|p1a: Garganacl|Fire
|move|p2a: Volcarona|Substitute|p2a: Volcarona
|-start|p2a: Volcarona|Substitute
|-damage|p2a: Volcarona|76/100
|move|p1a: Garganacl|Salt Cure|p2a: Volcarona
|-supereffective|p2a: Volcarona
|-end|p2a: Volcarona|Substitute
|
|upkeep
|turn|35
|
|t:|1778516933
|move|p2a: Volcarona|Quiver Dance|p2a: Volcarona
|-boost|p2a: Volcarona|spa|1
|-boost|p2a: Volcarona|spd|1
|-boost|p2a: Volcarona|spe|1
|move|p1a: Garganacl|Salt Cure|p2a: Volcarona
|-supereffective|p2a: Volcarona
|-damage|p2a: Volcarona|0 fnt
|faint|p2a: Volcarona
|
|upkeep
|
|t:|1778516939
|switch|p2a: Zamazenta|Zamazenta|67/100
|turn|36
|
|t:|1778516942
|move|p2a: Zamazenta|Stone Edge|p1a: Garganacl
|-supereffective|p1a: Garganacl
|-damage|p1a: Garganacl|30/100
|move|p1a: Garganacl|Recover|p1a: Garganacl
|-heal|p1a: Garganacl|80/100
|
|upkeep
|turn|37
|
|t:|1778516946
|switch|p1a: Slither Wing|Slither Wing|100/100
|move|p2a: Zamazenta|Stone Edge|p1a: Slither Wing
|-damage|p1a: Slither Wing|71/100
|
|upkeep
|turn|38
|
|t:|1778516948
|move|p2a: Zamazenta|Stone Edge|p1a: Slither Wing
|-damage|p1a: Slither Wing|40/100
|move|p1a: Slither Wing|Morning Sun|p1a: Slither Wing
|-heal|p1a: Slither Wing|90/100
|
|upkeep
|turn|39
|
|t:|1778516951
|move|p2a: Zamazenta|Stone Edge|p1a: Slither Wing
|-crit|p1a: Slither Wing
|-damage|p1a: Slither Wing|49/100
|move|p1a: Slither Wing|U-turn|p2a: Zamazenta
|-resisted|p2a: Zamazenta
|-damage|p2a: Zamazenta|53/100
|
|t:|1778516957
|-end|p1a: Slither Wing|Protosynthesis|[silent]
|switch|p1a: Garganacl|Garganacl, F, tera:Fire|80/100|[from] U-turn
|
|upkeep
|turn|40
|
|t:|1778516960
|move|p2a: Zamazenta|Close Combat|p1a: Garganacl
|-damage|p1a: Garganacl|39/100
|-unboost|p2a: Zamazenta|def|1
|-unboost|p2a: Zamazenta|spd|1
|move|p1a: Garganacl|Salt Cure|p2a: Zamazenta
|-resisted|p2a: Zamazenta
|-damage|p2a: Zamazenta|43/100
|-start|p2a: Zamazenta|Salt Cure
|
|-damage|p2a: Zamazenta|31/100|[from] Salt Cure
|upkeep
|turn|41
|
|t:|1778516963
|move|p1a: Garganacl|Protect|p1a: Garganacl
|-singleturn|p1a: Garganacl|Protect
|move|p2a: Zamazenta|Close Combat|p1a: Garganacl
|-activate|p1a: Garganacl|move: Protect
|
|-damage|p2a: Zamazenta|19/100|[from] Salt Cure
|upkeep
|turn|42
|
|t:|1778516965
|switch|p1a: Slither Wing|Slither Wing|49/100
|move|p2a: Zamazenta|Close Combat|p1a: Slither Wing
|-resisted|p1a: Slither Wing
|-damage|p1a: Slither Wing|25/100
|-unboost|p2a: Zamazenta|def|1
|-unboost|p2a: Zamazenta|spd|1
|-damage|p2a: Zamazenta|2/100|[from] item: Rocky Helmet|[of] p1a: Slither Wing
|
|-damage|p2a: Zamazenta|0 fnt|[from] Salt Cure
|faint|p2a: Zamazenta
|upkeep
|
|t:|1778516967
|switch|p2a: Pecharunt|Pecharunt|97/100
|turn|43
|
|t:|1778516972
|-end|p1a: Slither Wing|Protosynthesis|[silent]
|switch|p1a: Clefable|Clefable, F|18/100 par
|move|p2a: Pecharunt|Foul Play|p1a: Clefable
|-resisted|p1a: Clefable
|-damage|p1a: Clefable|12/100 par
|
|-heal|p1a: Clefable|18/100 par|[from] item: Leftovers
|upkeep
|turn|44
|
|t:|1778516978
|move|p2a: Pecharunt|Malignant Chain|p1a: Clefable
|-supereffective|p1a: Clefable
|-damage|p1a: Clefable|0 fnt
|faint|p1a: Clefable
|
|upkeep
|
|t:|1778516979
|switch|p1a: Garganacl|Garganacl, F, tera:Fire|39/100
|turn|45
|
|t:|1778516982
|move|p2a: Pecharunt|Foul Play|p1a: Garganacl
|-damage|p1a: Garganacl|25/100
|move|p1a: Garganacl|Recover|p1a: Garganacl
|-heal|p1a: Garganacl|75/100
|
|upkeep
|turn|46
|
|t:|1778516984
|move|p2a: Pecharunt|Parting Shot|p1a: Garganacl
|-unboost|p1a: Garganacl|atk|1
|-unboost|p1a: Garganacl|spa|1
|
|t:|1778516985
|switch|p2a: Dragonite|Dragonite, M|100/100|[from] Parting Shot
|move|p1a: Garganacl|Recover|p1a: Garganacl
|-heal|p1a: Garganacl|100/100
|
|upkeep
|turn|47
|
|t:|1778516987
|switch|p2a: Pecharunt|Pecharunt|97/100
|move|p1a: Garganacl|Salt Cure|p2a: Pecharunt
|-damage|p2a: Pecharunt|92/100
|-start|p2a: Pecharunt|Salt Cure
|
|-damage|p2a: Pecharunt|80/100|[from] Salt Cure
|upkeep
|turn|48
|
|t:|1778516990
|move|p2a: Pecharunt|Parting Shot|p1a: Garganacl
|-unboost|p1a: Garganacl|atk|1
|-unboost|p1a: Garganacl|spa|1
|
|t:|1778516992
|switch|p2a: Dragonite|Dragonite, M|100/100|[from] Parting Shot
|move|p1a: Garganacl|Salt Cure|p2a: Dragonite
|-supereffective|p2a: Dragonite
|-damage|p2a: Dragonite|93/100
|-start|p2a: Dragonite|Salt Cure
|
|-damage|p2a: Dragonite|80/100|[from] Salt Cure
|upkeep
|turn|49
|
|t:|1778516994
|switch|p2a: Pecharunt|Pecharunt|80/100
|move|p1a: Garganacl|Salt Cure|p2a: Pecharunt
|-damage|p2a: Pecharunt|77/100
|-start|p2a: Pecharunt|Salt Cure
|
|-damage|p2a: Pecharunt|64/100|[from] Salt Cure
|upkeep
|turn|50
|
|t:|1778516997
|move|p2a: Pecharunt|Foul Play|p1a: Garganacl
|-damage|p1a: Garganacl|93/100
|move|p1a: Garganacl|Salt Cure|p2a: Pecharunt
|-damage|p2a: Pecharunt|61/100
|
|-damage|p2a: Pecharunt|48/100|[from] Salt Cure
|upkeep
|turn|51
|
|t:|1778517001
|switch|p1a: Darkrai|Darkrai|43/100 brn
|move|p2a: Pecharunt|Foul Play|p1a: Darkrai
|-resisted|p1a: Darkrai
|-damage|p1a: Darkrai|32/100 brn
|
|-damage|p1a: Darkrai|26/100 brn|[from] brn
|-damage|p2a: Pecharunt|36/100|[from] Salt Cure
|upkeep
|turn|52
|
|t:|1778517004
|move|p1a: Darkrai|Dark Pulse|p2a: Pecharunt
|-supereffective|p2a: Pecharunt
|-damage|p2a: Pecharunt|0 fnt
|faint|p2a: Pecharunt
|
|-damage|p1a: Darkrai|20/100 brn|[from] brn
|upkeep
|
|t:|1778517006
|switch|p2a: Dragonite|Dragonite, M|80/100
|turn|53
|
|t:|1778517010
|-terastallize|p2a: Dragonite|Normal
|move|p1a: Darkrai|Ice Beam|p2a: Dragonite
|-damage|p2a: Dragonite|48/100
|-status|p2a: Dragonite|frz
|cant|p2a: Dragonite|frz
|
|-damage|p1a: Darkrai|14/100 brn|[from] brn
|upkeep
|turn|54
|
|t:|1778517014
|move|p1a: Darkrai|Dark Pulse|p2a: Dragonite
|-damage|p2a: Dragonite|1/100 frz
|cant|p2a: Dragonite|frz
|
|-damage|p1a: Darkrai|8/100 brn|[from] brn
|upkeep
|turn|55
|
|t:|1778517017
|cant|p2a: Dragonite|frz
|move|p1a: Darkrai|Dark Pulse|p2a: Dragonite
|-damage|p2a: Dragonite|0 fnt
|faint|p2a: Dragonite
|
|win|demonlarp
|raw|demonlarp's rating: 1582 &rarr; <strong>1600</strong><br />(+18 for winning)
|raw|Mr Tpen's rating: 1542 &rarr; <strong>1524</strong><br />(-18 for losing)
|l|☆Mr Tpen
|player|p2|
|l|☆demonlarp
|player|p1|
