|html|<div class="broadcast-blue"><strong>[Gen 9] OU is currently suspecting Tera Blast! For information on how to participate check out the <a href="https://www.smogon.com/tools/suspects/view/200">suspect thread</a>.</strong></div>
|j|☆Minhtri0712
|j|☆bottleninja2
|t:|1776071743
|gametype|singles
|player|p1|Minhtri0712|265|1099
|player|p2|bottleninja2|theroyal|1110
|gen|9
|tier|[Gen 9] OU
|rated|
|rule|HP Percentage Mod: HP is shown in percentages
|rule|Endless Battle Clause: Forcing endless battles is banned
|rule|Species Clause: Limit one of each Pokémon
|rule|OHKO Clause: OHKO moves are banned
|rule|Evasion Items Clause: Evasion items are banned
|rule|Evasion Moves Clause: Evasion moves are banned
|rule|Evasion Abilities Clause: Evasion abilities are banned
|rule|Sleep Moves Clause: Sleep-inducing moves are banned
|clearpoke
|poke|p1|Pincurchin, F|
|poke|p1|Iron Hands|
|poke|p1|Raichu-Alola, F|
|poke|p1|Iron Leaves|
|poke|p1|Oricorio-Pom-Pom, F|
|poke|p1|Iron Valiant|
|poke|p2|Hatterene, F|
|poke|p2|Farigiraf, M|
|poke|p2|Mimikyu, M|
|poke|p2|Slither Wing|
|poke|p2|Ursaluna, M|
|poke|p2|Torkoal, F|
|teampreview
|inactive|Battle timer is ON: inactive players will automatically lose when time's up. (requested by Minhtri0712)
|
|t:|1776071754
|teamsize|p1|6
|teamsize|p2|6
|start
|switch|p1a: Lego|Pincurchin, F|100/100
|switch|p2a: Hatterene|Hatterene, F|100/100
|-fieldstart|move: Electric Terrain|[from] ability: Electric Surge|[of] p1a: Lego
|turn|1
|
|t:|1776071762
|move|p1a: Lego|Zing Zap|p2a: Hatterene
|-damage|p2a: Hatterene|44/100
|move|p2a: Hatterene|Trick Room|p2a: Hatterene
|-fieldstart|move: Trick Room|[of] p2a: Hatterene
|
|upkeep
|turn|2
|
|t:|1776071770
|switch|p2a: Ursaluna|Ursaluna, M|100/100
|move|p1a: Lego|Zing Zap|p2a: Ursaluna
|-immune|p2a: Ursaluna
|
|-status|p2a: Ursaluna|brn|[from] item: Flame Orb
|upkeep
|turn|3
|
|t:|1776071790
|move|p1a: Lego|Toxic Spikes|p2a: Ursaluna
|-sidestart|p2: bottleninja2|move: Toxic Spikes
|move|p2a: Ursaluna|Earthquake|p1a: Lego
|-supereffective|p1a: Lego
|-damage|p1a: Lego|0 fnt
|faint|p1a: Lego
|
|-damage|p2a: Ursaluna|94/100 brn|[from] brn
|upkeep
|
|t:|1776071809
|switch|p1a: Cut em more|Iron Leaves|100/100
|-activate|p1a: Cut em more|ability: Quark Drive
|-start|p1a: Cut em more|quarkdrivespe
|turn|4
|
|t:|1776071819
|move|p2a: Ursaluna|Facade|p1a: Cut em more
|-damage|p1a: Cut em more|0 fnt
|-damage|p2a: Ursaluna|78/100 brn|[from] item: Rocky Helmet|[of] p1a: Cut em more
|faint|p1a: Cut em more
|-end|p1a: Cut em more|Quark Drive|[silent]
|
|-damage|p2a: Ursaluna|72/100 brn|[from] brn
|upkeep
|
|t:|1776071827
|switch|p1a: Bigboy|Iron Hands, shiny|100/100
|-activate|p1a: Bigboy|ability: Quark Drive
|-start|p1a: Bigboy|quarkdriveatk
|turn|5
|
|t:|1776071832
|move|p2a: Ursaluna|Earthquake|p1a: Bigboy
|-supereffective|p1a: Bigboy
|-damage|p1a: Bigboy|0 fnt
|faint|p1a: Bigboy
|-end|p1a: Bigboy|Quark Drive|[silent]
|
|-damage|p2a: Ursaluna|65/100 brn|[from] brn
|-fieldend|move: Trick Room
|upkeep
|
|t:|1776071839
|switch|p1a: Cheerleader|Oricorio-Pom-Pom, F, shiny|100/100
|turn|6
|
|t:|1776071851
|move|p1a: Cheerleader|Air Slash|p2a: Ursaluna
|-damage|p2a: Ursaluna|33/100 brn
|move|p2a: Ursaluna|Facade|p1a: Cheerleader
|-damage|p1a: Cheerleader|0 fnt
|faint|p1a: Cheerleader
|
|-damage|p2a: Ursaluna|26/100 brn|[from] brn
|upkeep
|
|t:|1776071856
|switch|p1a: Cut em all|Iron Valiant, shiny|100/100
|-activate|p1a: Cut em all|ability: Quark Drive
|-start|p1a: Cut em all|quarkdrivespe
|turn|7
|
|t:|1776071868
|switch|p2a: Mimikyu|Mimikyu, M|100/100
|-status|p2a: Mimikyu|psn
|move|p1a: Cut em all|Drain Punch|p2a: Mimikyu
|-immune|p2a: Mimikyu
|
|-damage|p2a: Mimikyu|88/100 psn|[from] psn
|upkeep
|turn|8
|
|t:|1776071876
|move|p1a: Cut em all|Spirit Break|p2a: Mimikyu
|-activate|p2a: Mimikyu|ability: Disguise
|-damage|p2a: Mimikyu|88/100 psn
|-unboost|p2a: Mimikyu|spa|1
|detailschange|p2a: Mimikyu|Mimikyu-Busted, M
|-damage|p2a: Mimikyu|76/100 psn|[from] pokemon: Mimikyu-Busted
|move|p2a: Mimikyu|Trick Room|p2a: Mimikyu
|-fieldstart|move: Trick Room|[of] p2a: Mimikyu
|
|-damage|p2a: Mimikyu|63/100 psn|[from] psn
|-fieldend|move: Electric Terrain
|-end|p1a: Cut em all|Quark Drive
|upkeep
|turn|9
|
|t:|1776071895
|move|p2a: Mimikyu|Play Rough|p1a: Cut em all
|-supereffective|p1a: Cut em all
|-damage|p1a: Cut em all|0 fnt
|faint|p1a: Cut em all
|-end|p1a: Cut em all|Quark Drive|[silent]
|-damage|p2a: Mimikyu|54/100 psn|[from] item: Life Orb
|
|-damage|p2a: Mimikyu|41/100 psn|[from] psn
|upkeep
|
|t:|1776071899
|switch|p1a: Netsurfer|Raichu-Alola, F|100/100
|turn|10
|
|t:|1776071907
|move|p2a: Mimikyu|Shadow Sneak|p1a: Netsurfer
|-supereffective|p1a: Netsurfer
|-damage|p1a: Netsurfer|0 fnt
|faint|p1a: Netsurfer
|-damage|p2a: Mimikyu|32/100 psn|[from] item: Life Orb
|
|win|bottleninja2
|raw|Minhtri0712's rating: 1099 &rarr; <strong>1075</strong><br />(-24 for losing)
|raw|bottleninja2's rating: 1110 &rarr; <strong>1134</strong><br />(+24 for winning)
|l|☆Minhtri0712
|player|p1|
|l|☆bottleninja2
|player|p2|
