|html|<div class="broadcast-blue"><strong>[Gen 9] OU is currently suspecting Tera Blast! For information on how to participate check out the <a href="https://www.smogon.com/tools/suspects/view/200">suspect thread</a>.</strong></div>
|j|☆NotreDamedelaMer
|j|☆supersayajeans
|t:|1776084242
|gametype|singles
|player|p1|NotreDamedelaMer|veteranf|1373
|player|p2|supersayajeans|kimonogirl|1402
|gen|9
|tier|[Gen 9] OU
|rated|
|rule|HP Percentage Mod: HP is shown in percentages
|rule|Endless Battle Clause: Forcing endless battles is banned
|rule|Species Clause: Limit one of each Pokémon
|rule|OHKO Clause: OHKO moves are banned
|rule|Evasion Items Clause: Evasion items are banned
|rule|Evasion Moves Clause: Evasion moves are banned
|rule|Evasion Abilities Clause: Evasion abilities are banned
|rule|Sleep Moves Clause: Sleep-inducing moves are banned
|clearpoke
|poke|p1|Gholdengo|
|poke|p1|Rillaboom, M|
|poke|p1|Ninetales-Alola, M|
|poke|p1|Cinderace, M|
|poke|p1|Okidogi, M|
|poke|p1|Raging Bolt|
|poke|p2|Gyarados, M|
|poke|p2|Zapdos|
|poke|p2|Great Tusk|
|poke|p2|Scizor, M|
|poke|p2|Hydrapple, M|
|poke|p2|Tyranitar, M|
|teampreview
|inactive|Battle timer is ON: inactive players will automatically lose when time's up. (requested by NotreDamedelaMer)
|
|t:|1776084263
|teamsize|p1|6
|teamsize|p2|6
|start
|switch|p1a: Cinderace|Cinderace, M|100/100
|switch|p2a: Zapdos|Zapdos|100/100
|turn|1
|
|t:|1776084272
|switch|p1a: Raging Bolt|Raging Bolt|100/100
|move|p2a: Zapdos|Volt Switch|p1a: Raging Bolt
|-resisted|p1a: Raging Bolt
|-damage|p1a: Raging Bolt|90/100
|
|t:|1776084286
|switch|p2a: Tyranitar|Tyranitar, M|100/100|[from] Volt Switch
|-weather|Sandstorm|[from] ability: Sand Stream|[of] p2a: Tyranitar
|
|-weather|Sandstorm|[upkeep]
|-damage|p1a: Raging Bolt|84/100|[from] Sandstorm
|upkeep
|turn|2
|
|t:|1776084297
|-end|p1a: Raging Bolt|Protosynthesis|[silent]
|switch|p1a: Rillaboom|Rillaboom, M|100/100
|-fieldstart|move: Grassy Terrain|[from] ability: Grassy Surge|[of] p1a: Rillaboom
|move|p2a: Tyranitar|Knock Off|p1a: Rillaboom
|-damage|p1a: Rillaboom|42/100
|-enditem|p1a: Rillaboom|Choice Band|[from] move: Knock Off|[of] p2a: Tyranitar
|
|-weather|Sandstorm|[upkeep]
|-damage|p1a: Rillaboom|36/100|[from] Sandstorm
|-heal|p1a: Rillaboom|42/100|[from] Grassy Terrain
|upkeep
|turn|3
|
|t:|1776084308
|switch|p2a: Hydrapple|Hydrapple, M|100/100
|move|p1a: Rillaboom|U-turn|p2a: Hydrapple
|-supereffective|p2a: Hydrapple
|-damage|p2a: Hydrapple|71/100
|-damage|p1a: Rillaboom|26/100|[from] item: Rocky Helmet|[of] p2a: Hydrapple
|
|t:|1776084315
|switch|p1a: Ninetales|Ninetales-Alola, M|100/100|[from] U-turn
|-weather|Snowscape|[from] ability: Snow Warning|[of] p1a: Ninetales
|
|-weather|Snowscape|[upkeep]
|-heal|p2a: Hydrapple|77/100|[from] Grassy Terrain
|upkeep
|turn|4
|
|t:|1776084323
|switch|p1a: Okidogi|Okidogi, M|100/100
|switch|p2a: Tyranitar|Tyranitar, M|100/100
|-weather|Sandstorm|[from] ability: Sand Stream|[of] p2a: Tyranitar
|
|-weather|Sandstorm|[upkeep]
|-damage|p1a: Okidogi|94/100|[from] Sandstorm
|-heal|p1a: Okidogi|100/100|[from] Grassy Terrain
|upkeep
|turn|5
|
|t:|1776084345
|switch|p2a: Gyarados|Gyarados, M|100/100
|-ability|p2a: Gyarados|Intimidate|boost
|-ability|p1a: Okidogi|Guard Dog|boost
|-boost|p1a: Okidogi|atk|1
|move|p1a: Okidogi|Bulk Up|p1a: Okidogi
|-boost|p1a: Okidogi|atk|1
|-boost|p1a: Okidogi|def|1
|
|-weather|Sandstorm|[upkeep]
|-damage|p2a: Gyarados|94/100|[from] Sandstorm
|-damage|p1a: Okidogi|94/100|[from] Sandstorm
|-heal|p2a: Gyarados|100/100|[from] item: Leftovers
|-heal|p1a: Okidogi|100/100|[from] Grassy Terrain
|upkeep
|turn|6
|inactive|supersayajeans has 120 seconds left.
|
|t:|1776084374
|move|p2a: Gyarados|Earthquake|p1a: Okidogi
|-supereffective|p1a: Okidogi
|-damage|p1a: Okidogi|84/100
|move|p1a: Okidogi|Gunk Shot|p2a: Gyarados
|-damage|p2a: Gyarados|0 fnt
|faint|p2a: Gyarados
|
|-weather|Sandstorm|[upkeep]
|-damage|p1a: Okidogi|78/100|[from] Sandstorm
|-heal|p1a: Okidogi|84/100|[from] Grassy Terrain
|-fieldend|move: Grassy Terrain
|upkeep
|
|t:|1776084387
|switch|p2a: Hydrapple|Hydrapple, M|100/100
|turn|7
|
|t:|1776084397
|-terastallize|p2a: Hydrapple|Poison
|move|p1a: Okidogi|Drain Punch|p2a: Hydrapple
|-resisted|p2a: Hydrapple
|-damage|p2a: Hydrapple|77/100
|-heal|p1a: Okidogi|97/100|[from] drain|[of] p2a: Hydrapple
|-damage|p1a: Okidogi|81/100|[from] item: Rocky Helmet|[of] p2a: Hydrapple
|move|p2a: Hydrapple|Draco Meteor|p1a: Okidogi
|-damage|p1a: Okidogi|24/100
|-unboost|p2a: Hydrapple|spa|2
|
|-weather|Sandstorm|[upkeep]
|-damage|p1a: Okidogi|18/100|[from] Sandstorm
|-damage|p2a: Hydrapple|70/100|[from] Sandstorm
|upkeep
|turn|8
|
|t:|1776084412
|move|p1a: Okidogi|Knock Off|p2a: Hydrapple
|-damage|p2a: Hydrapple|29/100
|-damage|p1a: Okidogi|1/100|[from] item: Rocky Helmet|[of] p2a: Hydrapple
|-enditem|p2a: Hydrapple|Rocky Helmet|[from] move: Knock Off|[of] p1a: Okidogi
|move|p2a: Hydrapple|Recover|p2a: Hydrapple
|-heal|p2a: Hydrapple|79/100
|
|-weather|none
|upkeep
|turn|9
|
|t:|1776084424
|move|p1a: Okidogi|Gunk Shot|p2a: Hydrapple
|-resisted|p2a: Hydrapple
|-damage|p2a: Hydrapple|44/100
|move|p2a: Hydrapple|Body Press|p1a: Okidogi
|-resisted|p1a: Okidogi
|-damage|p1a: Okidogi|0 fnt
|faint|p1a: Okidogi
|
|upkeep
|
|t:|1776084433
|switch|p1a: Raging Bolt|Raging Bolt|84/100
|turn|10
|inactive|supersayajeans has 120 seconds left.
|
|t:|1776084438
|switch|p2a: Tyranitar|Tyranitar, M|100/100
|-weather|Sandstorm|[from] ability: Sand Stream|[of] p2a: Tyranitar
|move|p1a: Raging Bolt|Draco Meteor|p2a: Tyranitar
|-damage|p2a: Tyranitar|61/100
|-unboost|p1a: Raging Bolt|spa|2
|
|-weather|Sandstorm|[upkeep]
|-damage|p1a: Raging Bolt|78/100|[from] Sandstorm
|upkeep
|turn|11
|inactive|supersayajeans has 120 seconds left.
|
|t:|1776084458
|-end|p1a: Raging Bolt|Protosynthesis|[silent]
|switch|p1a: Rillaboom|Rillaboom, M|26/100
|-fieldstart|move: Grassy Terrain|[from] ability: Grassy Surge|[of] p1a: Rillaboom
|move|p2a: Tyranitar|Stone Edge|p1a: Rillaboom
|-damage|p1a: Rillaboom|0 fnt
|faint|p1a: Rillaboom
|
|-weather|Sandstorm|[upkeep]
|-heal|p2a: Tyranitar|67/100|[from] Grassy Terrain
|upkeep
|
|t:|1776084465
|switch|p1a: Ninetales|Ninetales-Alola, M|100/100
|-weather|Snowscape|[from] ability: Snow Warning|[of] p1a: Ninetales
|turn|12
|inactive|supersayajeans has 120 seconds left.
|
|t:|1776084475
|switch|p2a: Scizor|Scizor, M|100/100
|move|p1a: Ninetales|Aurora Veil|p1a: Ninetales
|-sidestart|p1: NotreDamedelaMer|move: Aurora Veil
|
|-weather|Snowscape|[upkeep]
|upkeep
|turn|13
|inactive|supersayajeans has 120 seconds left.
|
|t:|1776084490
|switch|p1a: Gholdengo|Gholdengo|100/100
|move|p2a: Scizor|U-turn|p1a: Gholdengo
|-resisted|p1a: Gholdengo
|-damage|p1a: Gholdengo|93/100
|inactive|supersayajeans has 120 seconds left.
|
|t:|1776084503
|switch|p2a: Zapdos|Zapdos|100/100|[from] U-turn
|
|-weather|Snowscape|[upkeep]
|-heal|p1a: Gholdengo|99/100|[from] Grassy Terrain
|-heal|p1a: Gholdengo|100/100|[from] item: Leftovers
|upkeep
|turn|14
|
|t:|1776084507
|move|p2a: Zapdos|Heat Wave|p1a: Gholdengo
|-supereffective|p1a: Gholdengo
|-damage|p1a: Gholdengo|60/100
|move|p1a: Gholdengo|Nasty Plot|p1a: Gholdengo
|-boost|p1a: Gholdengo|spa|2
|
|-weather|Snowscape|[upkeep]
|-heal|p1a: Gholdengo|67/100|[from] Grassy Terrain
|-heal|p1a: Gholdengo|73/100|[from] item: Leftovers
|upkeep
|turn|15
|
|t:|1776084515
|move|p2a: Zapdos|Heat Wave|p1a: Gholdengo
|-supereffective|p1a: Gholdengo
|-damage|p1a: Gholdengo|36/100
|move|p1a: Gholdengo|Shadow Ball|p2a: Zapdos
|-crit|p2a: Zapdos
|-damage|p2a: Zapdos|0 fnt
|faint|p2a: Zapdos
|
|-weather|Snowscape|[upkeep]
|-heal|p1a: Gholdengo|42/100|[from] Grassy Terrain
|-heal|p1a: Gholdengo|49/100|[from] item: Leftovers
|-fieldend|move: Grassy Terrain
|upkeep
|inactive|supersayajeans has 120 seconds left.
|
|t:|1776084545
|switch|p2a: Scizor|Scizor, M|100/100
|turn|16
|
|t:|1776084555
|move|p2a: Scizor|Bullet Punch|p1a: Gholdengo
|-resisted|p1a: Gholdengo
|-damage|p1a: Gholdengo|37/100
|move|p1a: Gholdengo|Shadow Ball|p2a: Scizor
|-damage|p2a: Scizor|0 fnt
|faint|p2a: Scizor
|
|-weather|none
|-heal|p1a: Gholdengo|43/100|[from] item: Leftovers
|upkeep
|
|t:|1776084564
|switch|p2a: Great Tusk|Great Tusk|100/100
|turn|17
|
|t:|1776084569
|move|p1a: Gholdengo|Make It Rain|p2a: Great Tusk
|-damage|p2a: Great Tusk|0 fnt
|-unboost|p1a: Gholdengo|spa|1
|faint|p2a: Great Tusk
|-end|p2a: Great Tusk|Protosynthesis|[silent]
|
|-heal|p1a: Gholdengo|49/100|[from] item: Leftovers
|upkeep
|
|t:|1776084573
|switch|p2a: Tyranitar|Tyranitar, M|67/100
|-weather|Sandstorm|[from] ability: Sand Stream|[of] p2a: Tyranitar
|turn|18
|
|t:|1776084576
|move|p1a: Gholdengo|Make It Rain|p2a: Tyranitar
|-supereffective|p2a: Tyranitar
|-damage|p2a: Tyranitar|0 fnt
|-unboost|p1a: Gholdengo|spa|1
|faint|p2a: Tyranitar
|
|-weather|Sandstorm|[upkeep]
|-heal|p1a: Gholdengo|55/100|[from] item: Leftovers
|upkeep
|
|t:|1776084579
|switch|p2a: Hydrapple|Hydrapple, M, tera:Poison|78/100
|turn|19
|
|t:|1776084589
|move|p1a: Gholdengo|Nasty Plot|p1a: Gholdengo
|-boost|p1a: Gholdengo|spa|2
|move|p2a: Hydrapple|Draco Meteor|p1a: Gholdengo
|-resisted|p1a: Gholdengo
|-damage|p1a: Gholdengo|41/100
|-unboost|p2a: Hydrapple|spa|2
|
|-weather|Sandstorm|[upkeep]
|-damage|p2a: Hydrapple|71/100|[from] Sandstorm
|-heal|p1a: Gholdengo|47/100|[from] item: Leftovers
|-sideend|p1: NotreDamedelaMer|move: Aurora Veil
|upkeep
|turn|20
|
|t:|1776084599
|move|p1a: Gholdengo|Make It Rain|p2a: Hydrapple
|-damage|p2a: Hydrapple|0 fnt
|-unboost|p1a: Gholdengo|spa|1
|faint|p2a: Hydrapple
|
|win|NotreDamedelaMer
|raw|NotreDamedelaMer's rating: 1373 &rarr; <strong>1395</strong><br />(+22 for winning)
|raw|supersayajeans's rating: 1402 &rarr; <strong>1380</strong><br />(-22 for losing)
|l|☆NotreDamedelaMer
|player|p1|
