|html|<div class="broadcast-blue"><strong>[Gen 9] OU is currently suspecting Volcarona! For information on how to participate check out the <a href="https://www.smogon.com/tools/suspects/view/208">suspect thread</a>.</strong></div>
|j|☆Hero Bomb
|j|☆TheLadyofHongyuan
|t:|1778509169
|gametype|singles
|player|p1|Hero Bomb|ltsurge|1151
|player|p2|TheLadyofHongyuan|miku-fairy|1169
|gen|9
|tier|[Gen 9] OU
|rated|
|rule|HP Percentage Mod: HP is shown in percentages
|rule|Endless Battle Clause: Forcing endless battles is banned
|rule|Species Clause: Limit one of each Pokémon
|rule|OHKO Clause: OHKO moves are banned
|rule|Evasion Items Clause: Evasion items are banned
|rule|Evasion Moves Clause: Evasion moves are banned
|rule|Evasion Abilities Clause: Evasion abilities are banned
|rule|Sleep Moves Clause: Sleep-inducing moves are banned
|clearpoke
|poke|p1|Samurott-Hisui, M|
|poke|p1|Tinkaton, F|
|poke|p1|Pecharunt|
|poke|p1|Latios, M|
|poke|p1|Zamazenta-*|
|poke|p1|Gliscor, M|
|poke|p2|Manaphy|
|poke|p2|Porygon-Z|
|poke|p2|Tsareena, F|
|poke|p2|Pikachu, F|
|poke|p2|Alcremie-Rainbow-Swirl, F|
|poke|p2|Forretress, F|
|teampreview
|inactive|Battle timer is ON: inactive players will automatically lose when time's up. (requested by TheLadyofHongyuan)
|inactive|Hero Bomb also wants the timer to be on.
|
|t:|1778509184
|teamsize|p1|6
|teamsize|p2|6
|start
|switch|p1a: Pecharunt|Pecharunt|100/100
|switch|p2a: Pory :D|Porygon-Z|100/100
|turn|1
|
|t:|1778509188
|move|p2a: Pory :D|Dark Pulse|p1a: Pecharunt
|-supereffective|p1a: Pecharunt
|-damage|p1a: Pecharunt|39/100
|move|p1a: Pecharunt|Malignant Chain|p2a: Pory :D
|-damage|p2a: Pory :D|57/100
|
|upkeep
|turn|2
|
|t:|1778509195
|move|p2a: Pory :D|Dark Pulse|p1a: Pecharunt
|-supereffective|p1a: Pecharunt
|-damage|p1a: Pecharunt|0 fnt
|faint|p1a: Pecharunt
|
|upkeep
|
|t:|1778509200
|switch|p1a: Zamazenta|Zamazenta, shiny|100/100
|-ability|p1a: Zamazenta|Dauntless Shield|boost
|-boost|p1a: Zamazenta|def|1
|turn|3
|
|t:|1778509205
|move|p1a: Zamazenta|Close Combat|p2a: Pory :D
|-supereffective|p2a: Pory :D
|-crit|p2a: Pory :D
|-damage|p2a: Pory :D|0 fnt
|-unboost|p1a: Zamazenta|def|1
|-unboost|p1a: Zamazenta|spd|1
|faint|p2a: Pory :D
|
|upkeep
|
|t:|1778509208
|switch|p2a: Cream :D|Alcremie-Rainbow-Swirl, F|100/100
|turn|4
|
|t:|1778509213
|move|p1a: Zamazenta|Heavy Slam|p2a: Cream :D
|-supereffective|p2a: Cream :D
|-damage|p2a: Cream :D|1/100
|move|p2a: Cream :D|Acid Armor|p2a: Cream :D
|-boost|p2a: Cream :D|def|2
|
|-heal|p2a: Cream :D|7/100|[from] item: Leftovers
|upkeep
|turn|5
|
|t:|1778509216
|move|p1a: Zamazenta|Heavy Slam|p2a: Cream :D
|-supereffective|p2a: Cream :D
|-damage|p2a: Cream :D|0 fnt
|faint|p2a: Cream :D
|
|upkeep
|
|t:|1778509219
|switch|p2a: Pika :D|Pikachu, F|100/100
|turn|6
|
|t:|1778509225
|move|p1a: Zamazenta|Close Combat|p2a: Pika :D
|-damage|p2a: Pika :D|0 fnt
|-unboost|p1a: Zamazenta|def|1
|-unboost|p1a: Zamazenta|spd|1
|faint|p2a: Pika :D
|
|upkeep
|
|t:|1778509234
|switch|p2a: Fortress :D|Forretress, F|100/100
|turn|7
|
|t:|1778509242
|switch|p1a: Gliscor|Gliscor, M, shiny|100/100
|move|p2a: Fortress :D|Stealth Rock|p1a: Gliscor
|-sidestart|p1: Hero Bomb|move: Stealth Rock
|
|-status|p1a: Gliscor|tox|[from] item: Toxic Orb
|upkeep
|turn|8
|
|t:|1778509270
|move|p1a: Gliscor|U-turn|p2a: Fortress :D
|-resisted|p2a: Fortress :D
|-damage|p2a: Fortress :D|96/100
|
|t:|1778509277
|switch|p1a: Latios|Latios, M, shiny|100/100|[from] U-turn
|-damage|p1a: Latios|88/100|[from] Stealth Rock
|move|p2a: Fortress :D|Spikes|p1a: Latios
|-sidestart|p1: Hero Bomb|Spikes
|
|upkeep
|turn|9
|
|t:|1778509282
|move|p1a: Latios|Draco Meteor|p2a: Fortress :D
|-resisted|p2a: Fortress :D
|-damage|p2a: Fortress :D|50/100
|-unboost|p1a: Latios|spa|2
|move|p2a: Fortress :D|Spikes|p1a: Latios
|-sidestart|p1: Hero Bomb|Spikes
|
|upkeep
|turn|10
|
|t:|1778509285
|move|p1a: Latios|Flip Turn|p2a: Fortress :D
|-damage|p2a: Fortress :D|44/100
|
|t:|1778509288
|switch|p1a: Tinkaton|Tinkaton, F, shiny|100/100|[from] Flip Turn
|-damage|p1a: Tinkaton|94/100|[from] Stealth Rock
|-item|p1a: Tinkaton|Air Balloon
|move|p2a: Fortress :D|Spikes|p1a: Tinkaton
|-sidestart|p1: Hero Bomb|Spikes
|
|upkeep
|turn|11
|
|t:|1778509308
|move|p1a: Tinkaton|Encore|p2a: Fortress :D
|-start|p2a: Fortress :D|Encore
|move|p2a: Fortress :D|Spikes||[still]
|-fail|p2a: Fortress :D
|
|upkeep
|turn|12
|
|t:|1778509313
|switch|p1a: Latios|Latios, M, shiny|88/100
|-damage|p1a: Latios|76/100|[from] Stealth Rock
|move|p2a: Fortress :D|Spikes||[still]
|-fail|p2a: Fortress :D
|
|upkeep
|turn|13
|
|t:|1778509316
|move|p1a: Latios|Draco Meteor|p2a: Fortress :D
|-resisted|p2a: Fortress :D
|-damage|p2a: Fortress :D|0 fnt
|-unboost|p1a: Latios|spa|2
|faint|p2a: Fortress :D
|
|upkeep
|
|t:|1778509321
|switch|p2a: Grass :D|Tsareena, F|100/100
|turn|14
|
|t:|1778509330
|switch|p1a: Tinkaton|Tinkaton, F, shiny|94/100
|-damage|p1a: Tinkaton|88/100|[from] Stealth Rock
|-item|p1a: Tinkaton|Air Balloon
|move|p2a: Grass :D|Trailblaze|p1a: Tinkaton
|-resisted|p1a: Tinkaton
|-damage|p1a: Tinkaton|70/100
|-boost|p2a: Grass :D|spe|1
|-enditem|p1a: Tinkaton|Air Balloon
|-enditem|p2a: Grass :D|Assault Vest|[silent]|[from] ability: Pickpocket|[of] p2a: Grass :D
|-item|p1a: Tinkaton|Assault Vest|[from] ability: Pickpocket|[of] p2a: Grass :D
|
|upkeep
|turn|15
|
|t:|1778509337
|move|p2a: Grass :D|Power Whip|p1a: Tinkaton
|-resisted|p1a: Tinkaton
|-damage|p1a: Tinkaton|24/100
|move|p1a: Tinkaton|Gigaton Hammer|p2a: Grass :D
|-damage|p2a: Grass :D|33/100
|
|upkeep
|turn|16
|
|t:|1778509342
|move|p2a: Grass :D|Power Whip|p1a: Tinkaton
|-resisted|p1a: Tinkaton
|-damage|p1a: Tinkaton|0 fnt
|faint|p1a: Tinkaton
|
|upkeep
|
|t:|1778509346
|switch|p1a: Samurott|Samurott-Hisui, M, shiny|100/100
|turn|17
|
|t:|1778509349
|move|p1a: Samurott|Sucker Punch||[still]
|cant|p2a: Grass :D|ability: Queenly Majesty|Sucker Punch|[of] p1a: Samurott
|move|p2a: Grass :D|Trailblaze|p1a: Samurott
|-supereffective|p1a: Samurott
|-damage|p1a: Samurott|36/100
|-boost|p2a: Grass :D|spe|1
|
|upkeep
|turn|18
|
|t:|1778509356
|move|p2a: Grass :D|Trailblaze|p1a: Samurott
|-supereffective|p1a: Samurott
|-damage|p1a: Samurott|0 fnt
|-boost|p2a: Grass :D|spe|1
|faint|p1a: Samurott
|
|upkeep
|
|t:|1778509357
|switch|p1a: Zamazenta|Zamazenta, shiny|100/100
|turn|19
|
|t:|1778509364
|move|p2a: Grass :D|Zen Headbutt|p1a: Zamazenta
|-supereffective|p1a: Zamazenta
|-damage|p1a: Zamazenta|48/100
|move|p1a: Zamazenta|Close Combat|p2a: Grass :D
|-damage|p2a: Grass :D|0 fnt
|-unboost|p1a: Zamazenta|def|1
|-unboost|p1a: Zamazenta|spd|1
|faint|p2a: Grass :D
|
|upkeep
|
|t:|1778509378
|switch|p2a: Mana :D|Manaphy|100/100
|turn|20
|
|t:|1778509381
|move|p1a: Zamazenta|Close Combat|p2a: Mana :D
|-damage|p2a: Mana :D|42/100
|-unboost|p1a: Zamazenta|def|1
|-unboost|p1a: Zamazenta|spd|1
|move|p2a: Mana :D|Surf|p1a: Zamazenta
|-damage|p1a: Zamazenta|0 fnt
|faint|p1a: Zamazenta
|
|upkeep
|
|t:|1778509385
|switch|p1a: Gliscor|Gliscor, M, shiny|100/100 tox
|-damage|p1a: Gliscor|88/100 tox|[from] Stealth Rock
|turn|21
|
|t:|1778509395
|move|p2a: Mana :D|Surf|p1a: Gliscor
|-supereffective|p1a: Gliscor
|-damage|p1a: Gliscor|27/100 tox
|move|p1a: Gliscor|Toxic|p2a: Mana :D
|-status|p2a: Mana :D|tox
|
|-damage|p2a: Mana :D|35/100 tox|[from] psn
|-heal|p1a: Gliscor|39/100 tox|[from] ability: Poison Heal
|upkeep
|turn|22
|
|t:|1778509404
|move|p1a: Gliscor|Protect|p1a: Gliscor
|-singleturn|p1a: Gliscor|Protect
|move|p2a: Mana :D|Tail Glow|p2a: Mana :D
|-boost|p2a: Mana :D|spa|3
|
|-damage|p2a: Mana :D|23/100 tox|[from] psn
|-heal|p1a: Gliscor|52/100 tox|[from] ability: Poison Heal
|upkeep
|turn|23
|
|t:|1778509408
|move|p2a: Mana :D|Surf|p1a: Gliscor
|-supereffective|p1a: Gliscor
|-damage|p1a: Gliscor|0 fnt
|faint|p1a: Gliscor
|
|-damage|p2a: Mana :D|5/100 tox|[from] psn
|upkeep
|
|t:|1778509411
|switch|p1a: Latios|Latios, M, shiny|76/100
|-damage|p1a: Latios|64/100|[from] Stealth Rock
|turn|24
|
|t:|1778509419
|-terastallize|p1a: Latios|Steel
|-terastallize|p2a: Mana :D|Water
|move|p1a: Latios|Recover|p1a: Latios
|-heal|p1a: Latios|100/100
|move|p2a: Mana :D|Surf|p1a: Latios
|-damage|p1a: Latios|0 fnt
|faint|p1a: Latios
|
|win|TheLadyofHongyuan
|raw|Hero Bomb's rating: 1151 &rarr; <strong>1127</strong><br />(-24 for losing)
|raw|TheLadyofHongyuan's rating: 1169 &rarr; <strong>1193</strong><br />(+24 for winning)
|l|☆TheLadyofHongyuan
|player|p2|
|j|☆TheLadyofHongyuan
|player|p2|TheLadyofHongyuan|miku-fairy|
|l|☆TheLadyofHongyuan
|player|p2|
