|html|<div class="broadcast-blue"><strong>[Gen 9] OU is currently suspecting Tera Blast! For information on how to participate check out the <a href="https://www.smogon.com/tools/suspects/view/200">suspect thread</a>.</strong></div>
|j|☆ARKiiiooo
|j|☆Nashira
|t:|1776071661
|gametype|singles
|player|p1|ARKiiiooo|n|1161
|player|p2|Nashira|2|1183
|gen|9
|tier|[Gen 9] OU
|rated|
|rule|HP Percentage Mod: HP is shown in percentages
|rule|Endless Battle Clause: Forcing endless battles is banned
|rule|Species Clause: Limit one of each Pokémon
|rule|OHKO Clause: OHKO moves are banned
|rule|Evasion Items Clause: Evasion items are banned
|rule|Evasion Moves Clause: Evasion moves are banned
|rule|Evasion Abilities Clause: Evasion abilities are banned
|rule|Sleep Moves Clause: Sleep-inducing moves are banned
|clearpoke
|poke|p1|Toxapex, F|
|poke|p1|Dragapult, F|
|poke|p1|Landorus-Therian, M|
|poke|p1|Greninja-*, M|
|poke|p1|Tyranitar, F|
|poke|p1|Zamazenta-*|
|poke|p2|Excadrill, F|
|poke|p2|Tyranitar, F|
|poke|p2|Corviknight, F|
|poke|p2|Raging Bolt|
|poke|p2|Weavile, M|
|poke|p2|Slowbro, M|
|teampreview
|
|t:|1776071698
|teamsize|p1|6
|teamsize|p2|6
|start
|switch|p1a: Toxapex|Toxapex, F|100/100
|switch|p2a: Weavile|Weavile, M|100/100
|-ability|p2a: Weavile|Pressure
|turn|1
|
|t:|1776071710
|switch|p2a: Tyranitar|Tyranitar, F|100/100
|-weather|Sandstorm|[from] ability: Sand Stream|[of] p2a: Tyranitar
|move|p1a: Toxapex|Toxic Spikes|p2a: Tyranitar
|-sidestart|p2: Nashira|move: Toxic Spikes
|
|-weather|Sandstorm|[upkeep]
|-damage|p1a: Toxapex|94/100|[from] Sandstorm
|-heal|p1a: Toxapex|100/100|[from] item: Leftovers
|upkeep
|turn|2
|
|t:|1776071729
|move|p2a: Tyranitar|Knock Off|p1a: Toxapex
|-damage|p1a: Toxapex|47/100
|-enditem|p1a: Toxapex|Leftovers|[from] move: Knock Off|[of] p2a: Tyranitar
|move|p1a: Toxapex|Hydro Pump|p2a: Tyranitar
|-supereffective|p2a: Tyranitar
|-damage|p2a: Tyranitar|74/100
|
|-weather|Sandstorm|[upkeep]
|-damage|p1a: Toxapex|41/100|[from] Sandstorm
|upkeep
|turn|3
|inactive|Battle timer is ON: inactive players will automatically lose when time's up. (requested by Nashira)
|
|t:|1776071760
|switch|p2a: Corviknight|Corviknight, F|100/100
|-ability|p2a: Corviknight|Pressure
|move|p1a: Toxapex|Recover|p1a: Toxapex
|-heal|p1a: Toxapex|91/100
|
|-weather|Sandstorm|[upkeep]
|-damage|p1a: Toxapex|85/100|[from] Sandstorm
|upkeep
|turn|4
|
|t:|1776071785
|switch|p2a: Slowbro|Slowbro, M|100/100
|switch|p1a: Tyranitar|Tyranitar, F|100/100
|
|-weather|Sandstorm|[upkeep]
|-damage|p2a: Slowbro|94/100|[from] Sandstorm
|upkeep
|turn|5
|
|t:|1776071801
|switch|p2a: Corviknight|Corviknight, F|100/100
|-ability|p2a: Corviknight|Pressure
|move|p1a: Tyranitar|Iron Defense|p1a: Tyranitar
|-boost|p1a: Tyranitar|def|2
|
|-weather|none
|upkeep
|turn|6
|
|t:|1776071812
|move|p2a: Corviknight|U-turn|p1a: Tyranitar
|-supereffective|p1a: Tyranitar
|-damage|p1a: Tyranitar|89/100
|
|t:|1776071814
|switch|p2a: Weavile|Weavile, M|100/100|[from] U-turn
|-status|p2a: Weavile|psn
|-ability|p2a: Weavile|Pressure
|move|p1a: Tyranitar|Body Press|p2a: Weavile
|-supereffective|p2a: Weavile
|-damage|p2a: Weavile|0 fnt
|faint|p2a: Weavile
|
|-heal|p1a: Tyranitar|95/100|[from] item: Leftovers
|upkeep
|
|t:|1776071816
|switch|p2a: Tyranitar|Tyranitar, F|74/100
|-status|p2a: Tyranitar|psn
|-weather|Sandstorm|[from] ability: Sand Stream|[of] p2a: Tyranitar
|turn|7
|
|t:|1776071835
|move|p2a: Tyranitar|Low Kick|p1a: Tyranitar
|-supereffective|p1a: Tyranitar
|-damage|p1a: Tyranitar|0 fnt
|faint|p1a: Tyranitar
|
|-weather|Sandstorm|[upkeep]
|-damage|p2a: Tyranitar|61/100 psn|[from] psn
|upkeep
|
|t:|1776071851
|switch|p1a: Greninja|Greninja, M|100/100
|turn|8
|inactive|ARKiiiooo has 120 seconds left.
|
|t:|1776071877
|switch|p2a: Corviknight|Corviknight, F|100/100
|-ability|p2a: Corviknight|Pressure
|move|p1a: Greninja|Surf|p2a: Corviknight
|-damage|p2a: Corviknight|51/100
|
|-weather|Sandstorm|[upkeep]
|-damage|p1a: Greninja|95/100|[from] Sandstorm
|upkeep
|turn|9
|inactive|ARKiiiooo has 90 seconds left.
|
|t:|1776071910
|switch|p1a: Zamazenta|Zamazenta|100/100
|-ability|p1a: Zamazenta|Dauntless Shield|boost
|-boost|p1a: Zamazenta|def|1
|move|p2a: Corviknight|Roost|p2a: Corviknight
|-heal|p2a: Corviknight|100/100
|-singleturn|p2a: Corviknight|move: Roost
|
|-weather|Sandstorm|[upkeep]
|-damage|p1a: Zamazenta|94/100|[from] Sandstorm
|-heal|p1a: Zamazenta|100/100|[from] item: Leftovers
|upkeep
|turn|10
|
|t:|1776071932
|switch|p2a: Slowbro|Slowbro, M|100/100
|move|p1a: Zamazenta|Iron Defense|p1a: Zamazenta
|-boost|p1a: Zamazenta|def|2
|
|-weather|Sandstorm|[upkeep]
|-damage|p1a: Zamazenta|94/100|[from] Sandstorm
|-damage|p2a: Slowbro|94/100|[from] Sandstorm
|-heal|p1a: Zamazenta|100/100|[from] item: Leftovers
|upkeep
|turn|11
|
|t:|1776071945
|move|p1a: Zamazenta|Substitute|p1a: Zamazenta
|-start|p1a: Zamazenta|Substitute
|-damage|p1a: Zamazenta|76/100
|move|p2a: Slowbro|Future Sight|p1a: Zamazenta
|-start|p2a: Slowbro|move: Future Sight
|
|-weather|none
|-heal|p1a: Zamazenta|82/100|[from] item: Leftovers
|upkeep
|turn|12
|
|t:|1776071954
|move|p1a: Zamazenta|Iron Defense|p1a: Zamazenta
|-boost|p1a: Zamazenta|def|2
|move|p2a: Slowbro|Scald|p1a: Zamazenta
|-activate|p1a: Zamazenta|move: Substitute|[damage]
|
|-heal|p1a: Zamazenta|88/100|[from] item: Leftovers
|upkeep
|turn|13
|
|t:|1776071964
|move|p1a: Zamazenta|Iron Defense|p1a: Zamazenta
|-boost|p1a: Zamazenta|def|1
|move|p2a: Slowbro|Scald|p1a: Zamazenta
|-end|p1a: Zamazenta|Substitute
|
|-end|p1a: Zamazenta|move: Future Sight
|-supereffective|p1a: Zamazenta
|-damage|p1a: Zamazenta|18/100
|-heal|p1a: Zamazenta|24/100|[from] item: Leftovers
|upkeep
|turn|14
|
|t:|1776071976
|move|p1a: Zamazenta|Body Press|p2a: Slowbro
|-resisted|p2a: Slowbro
|-damage|p2a: Slowbro|56/100
|move|p2a: Slowbro|Scald|p1a: Zamazenta
|-damage|p1a: Zamazenta|3/100
|
|-heal|p1a: Zamazenta|9/100|[from] item: Leftovers
|upkeep
|turn|15
|
|t:|1776071987
|move|p1a: Zamazenta|Protect|p1a: Zamazenta
|-singleturn|p1a: Zamazenta|Protect
|move|p2a: Slowbro|Scald|p1a: Zamazenta
|-activate|p1a: Zamazenta|move: Protect
|
|-heal|p1a: Zamazenta|15/100|[from] item: Leftovers
|upkeep
|turn|16
|inactive|ARKiiiooo has 90 seconds left.
|
|t:|1776072023
|switch|p1a: Dragapult|Dragapult, F|100/100
|move|p2a: Slowbro|Scald|p1a: Dragapult
|-resisted|p1a: Dragapult
|-damage|p1a: Dragapult|82/100
|-status|p1a: Dragapult|brn
|
|-damage|p1a: Dragapult|76/100 brn|[from] brn
|upkeep
|turn|17
|
|t:|1776072041
|switch|p2a: Corviknight|Corviknight, F|100/100
|-ability|p2a: Corviknight|Pressure
|move|p1a: Dragapult|Dragon Dance|p1a: Dragapult
|-boost|p1a: Dragapult|atk|1
|-boost|p1a: Dragapult|spe|1
|
|-damage|p1a: Dragapult|70/100 brn|[from] brn
|upkeep
|turn|18
|
|t:|1776072065
|move|p1a: Dragapult|Fire Blast|p2a: Corviknight
|-supereffective|p2a: Corviknight
|-crit|p2a: Corviknight
|-damage|p2a: Corviknight|24/100
|move|p2a: Corviknight|Brave Bird|p1a: Dragapult
|-damage|p1a: Dragapult|12/100 brn
|-damage|p2a: Corviknight|9/100|[from] Recoil
|
|-damage|p1a: Dragapult|6/100 brn|[from] brn
|upkeep
|turn|19
|inactive|ARKiiiooo has 90 seconds left.
|inactive|Nashira has 120 seconds left.
|
|t:|1776072084
|move|p1a: Dragapult|Dragon Darts|p2a: Corviknight
|-resisted|p2a: Corviknight
|-damage|p2a: Corviknight|3/100
|-anim|p1a: Dragapult|Dragon Darts|p2a: Corviknight
|-resisted|p2a: Corviknight
|-crit|p2a: Corviknight
|-damage|p2a: Corviknight|0 fnt
|faint|p2a: Corviknight
|
|-damage|p1a: Dragapult|0 fnt|[from] brn
|faint|p1a: Dragapult
|upkeep
|inactive|Nashira has 120 seconds left.
|inactive|Nashira has 90 seconds left.
|inactive|Nashira has 60 seconds left.
|
|t:|1776072157
|switch|p1a: Greninja|Greninja, M|95/100
|switch|p2a: Slowbro|Slowbro, M|90/100
|turn|20
|inactive|Nashira has 60 seconds left.
|
|t:|1776072170
|-terastallize|p2a: Slowbro|Water
|move|p1a: Greninja|Dark Pulse|p2a: Slowbro
|-damage|p2a: Slowbro|53/100
|cant|p2a: Slowbro|flinch
|
|upkeep
|turn|21
|inactive|ARKiiiooo has 60 seconds left.
|inactive|Nashira has 60 seconds left.
|
|t:|1776072194
|move|p1a: Greninja|Dark Pulse|p2a: Slowbro
|-damage|p2a: Slowbro|14/100
|move|p2a: Slowbro|Slack Off|p2a: Slowbro
|-heal|p2a: Slowbro|64/100
|
|upkeep
|turn|22
|inactive|Nashira has 60 seconds left.
|
|t:|1776072217
|switch|p2a: Tyranitar|Tyranitar, F|61/100 psn
|-weather|Sandstorm|[from] ability: Sand Stream|[of] p2a: Tyranitar
|move|p1a: Greninja|Dark Pulse|p2a: Tyranitar
|-resisted|p2a: Tyranitar
|-damage|p2a: Tyranitar|51/100 psn
|
|-weather|Sandstorm|[upkeep]
|-damage|p1a: Greninja|89/100|[from] Sandstorm
|-damage|p2a: Tyranitar|39/100 psn|[from] psn
|upkeep
|turn|23
|
|t:|1776072232
|move|p1a: Greninja|Surf|p2a: Tyranitar
|-supereffective|p2a: Tyranitar
|-damage|p2a: Tyranitar|0 fnt
|faint|p2a: Tyranitar
|-ability|p1a: Greninja|Battle Bond|boost
|-boost|p1a: Greninja|atk|1
|-boost|p1a: Greninja|spa|1
|-boost|p1a: Greninja|spe|1
|-activate|p1a: Greninja|ability: Battle Bond
|
|-weather|Sandstorm|[upkeep]
|-damage|p1a: Greninja|83/100|[from] Sandstorm
|upkeep
|
|t:|1776072249
|switch|p2a: Excadrill|Excadrill, F|100/100
|turn|24
|
|t:|1776072267
|-terastallize|p1a: Greninja|Water
|move|p1a: Greninja|Water Shuriken|p2a: Excadrill
|-supereffective|p2a: Excadrill
|-damage|p2a: Excadrill|55/100
|-supereffective|p2a: Excadrill
|-damage|p2a: Excadrill|12/100
|-hitcount|p2a: Excadrill|2
|move|p2a: Excadrill|Earthquake|p1a: Greninja
|-damage|p1a: Greninja|0 fnt
|faint|p1a: Greninja
|
|-weather|Sandstorm|[upkeep]
|-heal|p2a: Excadrill|18/100|[from] item: Leftovers
|upkeep
|inactive|ARKiiiooo has 60 seconds left.
|
|t:|1776072278
|switch|p1a: Landorus|Landorus-Therian, M|100/100
|-ability|p1a: Landorus|Intimidate|boost
|-unboost|p2a: Excadrill|atk|1
|turn|25
|inactive|Nashira has 60 seconds left.
|inactive|ARKiiiooo has 60 seconds left.
|
|t:|1776072298
|switch|p2a: Slowbro|Slowbro, M, tera:Water|97/100
|move|p1a: Landorus|Earthquake|p2a: Slowbro
|-damage|p2a: Slowbro|66/100
|
|-weather|Sandstorm|[upkeep]
|-damage|p2a: Slowbro|60/100|[from] Sandstorm
|upkeep
|turn|26
|inactive|ARKiiiooo has 60 seconds left.
|
|t:|1776072322
|switch|p1a: Toxapex|Toxapex, F|85/100
|move|p2a: Slowbro|Scald|p1a: Toxapex
|-resisted|p1a: Toxapex
|-damage|p1a: Toxapex|71/100
|
|-weather|none
|upkeep
|turn|27
|inactive|Nashira has 60 seconds left.
|
|t:|1776072334
|move|p1a: Toxapex|Icy Wind|p2a: Slowbro
|-resisted|p2a: Slowbro
|-crit|p2a: Slowbro
|-damage|p2a: Slowbro|53/100
|-unboost|p2a: Slowbro|spe|1
|move|p2a: Slowbro|Future Sight|p1a: Toxapex
|-start|p2a: Slowbro|move: Future Sight
|
|upkeep
|turn|28
|inactive|ARKiiiooo has 60 seconds left.
|inactive|Nashira has 60 seconds left.
|
|t:|1776072343
|move|p1a: Toxapex|Recover|p1a: Toxapex
|-heal|p1a: Toxapex|100/100
|move|p2a: Slowbro|Thunder Wave|p1a: Toxapex
|-status|p1a: Toxapex|par
|
|upkeep
|turn|29
|inactive|Nashira has 60 seconds left.
|
|t:|1776072377
|move|p2a: Slowbro|Slack Off|p2a: Slowbro
|-heal|p2a: Slowbro|100/100
|cant|p1a: Toxapex|par
|
|-end|p1a: Toxapex|move: Future Sight
|-supereffective|p1a: Toxapex
|-damage|p1a: Toxapex|37/100 par
|upkeep
|turn|30
|
|t:|1776072390
|move|p2a: Slowbro|Future Sight|p1a: Toxapex
|-start|p2a: Slowbro|move: Future Sight
|cant|p1a: Toxapex|par
|
|upkeep
|turn|31
|
|t:|1776072416
|switch|p2a: Excadrill|Excadrill, F|18/100
|move|p1a: Toxapex|Recover|p1a: Toxapex
|-heal|p1a: Toxapex|87/100 par
|
|-heal|p2a: Excadrill|24/100|[from] item: Leftovers
|upkeep
|turn|32
|
|t:|1776072428
|move|p2a: Excadrill|Swords Dance|p2a: Excadrill
|-boost|p2a: Excadrill|atk|2
|move|p1a: Toxapex|Hydro Pump|p2a: Excadrill
|-supereffective|p2a: Excadrill
|-damage|p2a: Excadrill|0 fnt
|faint|p2a: Excadrill
|
|-end|p1a: Toxapex|move: Future Sight
|-supereffective|p1a: Toxapex
|-damage|p1a: Toxapex|24/100 par
|upkeep
|
|t:|1776072433
|switch|p2a: Raging Bolt|Raging Bolt|100/100
|-status|p2a: Raging Bolt|psn
|-enditem|p2a: Raging Bolt|Booster Energy
|-activate|p2a: Raging Bolt|ability: Protosynthesis|[fromitem]
|-start|p2a: Raging Bolt|protosynthesisspa
|turn|33
|
|t:|1776072454
|move|p2a: Raging Bolt|Dragon Pulse|p1a: Toxapex
|-damage|p1a: Toxapex|0 fnt
|faint|p1a: Toxapex
|
|-damage|p2a: Raging Bolt|88/100 psn|[from] psn
|upkeep
|
|t:|1776072458
|switch|p1a: Landorus|Landorus-Therian, M|100/100
|-ability|p1a: Landorus|Intimidate|boost
|-unboost|p2a: Raging Bolt|atk|1
|turn|34
|
|t:|1776072465
|-end|p2a: Raging Bolt|Protosynthesis|[silent]
|switch|p2a: Slowbro|Slowbro, M, tera:Water|100/100
|move|p1a: Landorus|Earthquake|p2a: Slowbro
|-damage|p2a: Slowbro|68/100
|
|upkeep
|turn|35
|
|t:|1776072481
|move|p1a: Landorus|Earthquake|p2a: Slowbro
|-damage|p2a: Slowbro|32/100
|move|p2a: Slowbro|Scald|p1a: Landorus
|-supereffective|p1a: Landorus
|-damage|p1a: Landorus|0 fnt
|faint|p1a: Landorus
|
|upkeep
|
|t:|1776072486
|switch|p1a: Zamazenta|Zamazenta|15/100
|turn|36
|
|t:|1776072492
|move|p1a: Zamazenta|Body Press|p2a: Slowbro
|-damage|p2a: Slowbro|15/100
|move|p2a: Slowbro|Scald|p1a: Zamazenta
|-damage|p1a: Zamazenta|0 fnt
|faint|p1a: Zamazenta
|
|win|Nashira
|raw|ARKiiiooo's rating: 1161 &rarr; <strong>1138</strong><br />(-23 for losing)
|raw|Nashira's rating: 1183 &rarr; <strong>1206</strong><br />(+23 for winning)
|l|☆ARKiiiooo
|player|p1|
|l|☆Nashira
|player|p2|
