|html|<div class="broadcast-blue"><strong>[Gen 9] OU is currently suspecting Tera Blast! For information on how to participate check out the <a href="https://www.smogon.com/tools/suspects/view/200">suspect thread</a>.</strong></div>
|j|☆Isabelldra
|j|☆bbdouble
|t:|1776070662
|gametype|singles
|player|p1|Isabelldra|gardenia|1374
|player|p2|bbdouble|marley|1379
|gen|9
|tier|[Gen 9] OU
|rated|
|rule|HP Percentage Mod: HP is shown in percentages
|rule|Endless Battle Clause: Forcing endless battles is banned
|rule|Species Clause: Limit one of each Pokémon
|rule|OHKO Clause: OHKO moves are banned
|rule|Evasion Items Clause: Evasion items are banned
|rule|Evasion Moves Clause: Evasion moves are banned
|rule|Evasion Abilities Clause: Evasion abilities are banned
|rule|Sleep Moves Clause: Sleep-inducing moves are banned
|clearpoke
|poke|p1|Klefki, M|
|poke|p1|Gholdengo|
|poke|p1|Kingambit, F|
|poke|p1|Dragapult, M|
|poke|p1|Dragonite, M|
|poke|p1|Azelf|
|poke|p2|Gholdengo|
|poke|p2|Enamorus, F|
|poke|p2|Samurott-Hisui, F|
|poke|p2|Great Tusk|
|poke|p2|Heatran, M|
|poke|p2|Dragapult, F|
|teampreview
|
|t:|1776070707
|teamsize|p1|6
|teamsize|p2|6
|start
|switch|p1a: Klefki|Klefki, M|100/100
|switch|p2a: Ow the Edge|Samurott-Hisui, F|100/100
|turn|1
|
|t:|1776070718
|move|p1a: Klefki|Reflect|p1a: Klefki
|-sidestart|p1: Isabelldra|Reflect
|move|p2a: Ow the Edge|Aqua Cutter|p1a: Klefki
|-damage|p1a: Klefki|80/100
|
|upkeep
|turn|2
|
|t:|1776070726
|move|p1a: Klefki|Spikes|p2a: Ow the Edge
|-sidestart|p2: bbdouble|Spikes
|move|p2a: Ow the Edge|Brick Break|p1a: Klefki
|-sideend|p1: Isabelldra|Reflect
|-damage|p1a: Klefki|61/100
|
|upkeep
|turn|3
|
|t:|1776070734
|move|p1a: Klefki|Magic Room|p1a: Klefki
|-fieldstart|move: Magic Room|[of] p1a: Klefki
|move|p2a: Ow the Edge|Ceaseless Edge|p1a: Klefki
|-resisted|p1a: Klefki
|-damage|p1a: Klefki|41/100
|-sidestart|p1: Isabelldra|Spikes
|
|upkeep
|turn|4
|
|t:|1776070740
|move|p1a: Klefki|Spikes|p2a: Ow the Edge
|-sidestart|p2: bbdouble|Spikes
|move|p2a: Ow the Edge|Ceaseless Edge|p1a: Klefki
|-resisted|p1a: Klefki
|-damage|p1a: Klefki|22/100
|-sidestart|p1: Isabelldra|Spikes
|
|upkeep
|turn|5
|
|t:|1776070745
|move|p1a: Klefki|Spikes|p2a: Ow the Edge
|-sidestart|p2: bbdouble|Spikes
|move|p2a: Ow the Edge|Ceaseless Edge|p1a: Klefki
|-resisted|p1a: Klefki
|-damage|p1a: Klefki|2/100
|-sidestart|p1: Isabelldra|Spikes
|
|upkeep
|turn|6
|
|t:|1776070751
|move|p1a: Klefki|Reflect|p1a: Klefki
|-sidestart|p1: Isabelldra|Reflect
|move|p2a: Ow the Edge|Brick Break|p1a: Klefki
|-sideend|p1: Isabelldra|Reflect
|-damage|p1a: Klefki|0 fnt
|faint|p1a: Klefki
|
|upkeep
|
|t:|1776070771
|switch|p1a: Dragonite|Dragonite, M|100/100
|turn|7
|
|t:|1776070783
|move|p2a: Ow the Edge|Ceaseless Edge|p1a: Dragonite
|-damage|p1a: Dragonite|72/100
|move|p1a: Dragonite|Dragon Dance|p1a: Dragonite
|-boost|p1a: Dragonite|atk|1
|-boost|p1a: Dragonite|spe|1
|
|-fieldend|move: Magic Room|[of] p1: Klefki
|upkeep
|turn|8
|
|t:|1776070803
|-terastallize|p1a: Dragonite|Flying
|move|p1a: Dragonite|Tera Blast|p2a: Ow the Edge|[anim] Tera Blast Flying
|-crit|p2a: Ow the Edge
|-enditem|p2a: Ow the Edge|Focus Sash
|-damage|p2a: Ow the Edge|1/100
|move|p2a: Ow the Edge|Ceaseless Edge|p1a: Dragonite
|-damage|p1a: Dragonite|16/100
|
|upkeep
|turn|9
|
|t:|1776070811
|move|p2a: Ow the Edge|Aqua Jet|p1a: Dragonite
|-damage|p1a: Dragonite|0 fnt
|faint|p1a: Dragonite
|
|upkeep
|
|t:|1776070817
|switch|p1a: Azelf|Azelf|100/100
|turn|10
|
|t:|1776070821
|move|p1a: Azelf|Reflect|p1a: Azelf
|-sidestart|p1: Isabelldra|Reflect
|move|p2a: Ow the Edge|Ceaseless Edge|p1a: Azelf
|-supereffective|p1a: Azelf
|-crit|p1a: Azelf
|-damage|p1a: Azelf|0 fnt
|faint|p1a: Azelf
|
|upkeep
|
|t:|1776070828
|switch|p1a: Gholdengo|Gholdengo|100/100
|-damage|p1a: Gholdengo|76/100|[from] Spikes
|turn|11
|
|t:|1776070831
|move|p1a: Gholdengo|Shadow Ball|p2a: Ow the Edge
|-resisted|p2a: Ow the Edge
|-damage|p2a: Ow the Edge|0 fnt
|faint|p2a: Ow the Edge
|
|upkeep
|
|t:|1776070835
|switch|p2a: Frog|Heatran, M|100/100
|-damage|p2a: Frog|76/100|[from] Spikes
|turn|12
|
|t:|1776070839
|move|p2a: Frog|Protect|p2a: Frog
|-singleturn|p2a: Frog|Protect
|move|p1a: Gholdengo|Shadow Ball|p2a: Frog
|-activate|p2a: Frog|move: Protect
|
|-heal|p2a: Frog|82/100|[from] item: Leftovers
|upkeep
|turn|13
|
|t:|1776070845
|switch|p1a: Dragapult|Dragapult, M|100/100
|-damage|p1a: Dragapult|76/100|[from] Spikes
|move|p2a: Frog|Magma Storm|p1a: Dragapult
|-resisted|p1a: Dragapult
|-damage|p1a: Dragapult|45/100
|-activate|p1a: Dragapult|move: Magma Storm|[of] p2a: Frog
|
|-heal|p2a: Frog|88/100|[from] item: Leftovers
|-damage|p1a: Dragapult|33/100|[from] move: Magma Storm|[partiallytrapped]
|upkeep
|turn|14
|
|t:|1776070861
|move|p2a: Frog|Protect|p2a: Frog
|-singleturn|p2a: Frog|Protect
|move|p1a: Dragapult|Phantom Force||[still]
|-prepare|p1a: Dragapult|Phantom Force
|
|-heal|p2a: Frog|94/100|[from] item: Leftovers
|-damage|p1a: Dragapult|21/100|[from] move: Magma Storm|[partiallytrapped]
|upkeep
|turn|15
|
|t:|1776070869
|move|p1a: Dragapult|Phantom Force|p2a: Frog|[from] lockedmove
|-damage|p2a: Frog|30/100
|move|p2a: Frog|Stealth Rock|p1a: Dragapult
|-sidestart|p1: Isabelldra|move: Stealth Rock
|
|-heal|p2a: Frog|36/100|[from] item: Leftovers
|-damage|p1a: Dragapult|8/100|[from] move: Magma Storm|[partiallytrapped]
|upkeep
|turn|16
|
|t:|1776070876
|move|p2a: Frog|Protect|p2a: Frog
|-singleturn|p2a: Frog|Protect
|move|p1a: Dragapult|Phantom Force||[still]
|-prepare|p1a: Dragapult|Phantom Force
|
|-heal|p2a: Frog|42/100|[from] item: Leftovers
|-damage|p1a: Dragapult|0 fnt|[from] move: Magma Storm|[partiallytrapped]
|faint|p1a: Dragapult
|upkeep
|
|t:|1776070888
|switch|p1a: Gholdengo|Gholdengo|76/100
|-damage|p1a: Gholdengo|51/100|[from] Spikes
|-damage|p1a: Gholdengo|45/100|[from] Stealth Rock
|turn|17
|
|t:|1776070894
|move|p1a: Gholdengo|Trick|p2a: Frog
|-activate|p1a: Gholdengo|move: Trick|[of] p2a: Frog
|-item|p2a: Frog|Choice Scarf|[from] move: Trick
|-item|p1a: Gholdengo|Leftovers|[from] move: Trick
|move|p2a: Frog|Magma Storm|p1a: Gholdengo
|-supereffective|p1a: Gholdengo
|-damage|p1a: Gholdengo|0 fnt
|faint|p1a: Gholdengo
|
|-sideend|p1: Isabelldra|Reflect
|upkeep
|
|t:|1776070899
|switch|p1a: Kingambit|Kingambit, F|100/100
|-damage|p1a: Kingambit|76/100|[from] Spikes
|-damage|p1a: Kingambit|69/100|[from] Stealth Rock
|-activate|p1a: Kingambit|ability: Supreme Overlord
|-start|p1a: Kingambit|fallen5|[silent]
|turn|18
|
|t:|1776070910
|move|p1a: Kingambit|Kowtow Cleave|p2a: Frog
|-damage|p2a: Frog|0 fnt
|faint|p2a: Frog
|
|upkeep
|
|t:|1776070914
|switch|p2a: Zoom|Dragapult, F|100/100
|-damage|p2a: Zoom|75/100|[from] Spikes
|turn|19
|
|t:|1776070924
|move|p2a: Zoom|Will-O-Wisp|p1a: Kingambit
|-status|p1a: Kingambit|brn
|move|p1a: Kingambit|Kowtow Cleave|p2a: Zoom
|-supereffective|p2a: Zoom
|-damage|p2a: Zoom|0 fnt
|faint|p2a: Zoom
|
|-damage|p1a: Kingambit|63/100 brn|[from] brn
|upkeep
|
|t:|1776070929
|switch|p2a: Great Musk|Great Tusk|100/100
|-damage|p2a: Great Musk|76/100|[from] Spikes
|turn|20
|
|t:|1776070931
|move|p1a: Kingambit|Kowtow Cleave|p2a: Great Musk
|-resisted|p2a: Great Musk
|-damage|p2a: Great Musk|65/100
|move|p2a: Great Musk|Earthquake|p1a: Kingambit
|-supereffective|p1a: Kingambit
|-damage|p1a: Kingambit|0 fnt
|faint|p1a: Kingambit
|-end|p1a: Kingambit|fallen5|[silent]
|
|win|bbdouble
|raw|Isabelldra's rating: 1374 &rarr; <strong>1354</strong><br />(-20 for losing)
|raw|bbdouble's rating: 1379 &rarr; <strong>1399</strong><br />(+20 for winning)
|l|☆Isabelldra
|player|p1|
|l|☆bbdouble
|player|p2|
