|html|<div class="broadcast-blue"><strong>[Gen 9] OU is currently suspecting Tera Blast! For information on how to participate check out the <a href="https://www.smogon.com/tools/suspects/view/200">suspect thread</a>.</strong></div>
|j|☆Blastoise_Choice
|j|☆Samarand
|t:|1776114386
|gametype|singles
|player|p1|Blastoise_Choice|benga|1594
|player|p2|Samarand|birdkeeper-gen4dp|1504
|gen|9
|tier|[Gen 9] OU
|rated|
|rule|HP Percentage Mod: HP is shown in percentages
|rule|Endless Battle Clause: Forcing endless battles is banned
|rule|Species Clause: Limit one of each Pokémon
|rule|OHKO Clause: OHKO moves are banned
|rule|Evasion Items Clause: Evasion items are banned
|rule|Evasion Moves Clause: Evasion moves are banned
|rule|Evasion Abilities Clause: Evasion abilities are banned
|rule|Sleep Moves Clause: Sleep-inducing moves are banned
|clearpoke
|poke|p1|Hydrapple, M|
|poke|p1|Tyranitar, F|
|poke|p1|Moltres|
|poke|p1|Zamazenta-*|
|poke|p1|Slowking-Galar, M|
|poke|p1|Excadrill, F|
|poke|p2|Infernape, M|
|poke|p2|Delphox, F|
|poke|p2|Sandy Shocks|
|poke|p2|Leafeon, M|
|poke|p2|Ninetales, F|
|poke|p2|Great Tusk|
|teampreview
|
|t:|1776114395
|teamsize|p1|6
|teamsize|p2|6
|start
|switch|p1a: Zamazenta|Zamazenta|100/100
|switch|p2a: Dave|Infernape, M|100/100
|-ability|p1a: Zamazenta|Dauntless Shield|boost
|-boost|p1a: Zamazenta|def|1
|turn|1
|c|☆Blastoise_Choice|hf
|inactive|Battle timer is ON: inactive players will automatically lose when time's up. (requested by Blastoise_Choice)
|
|t:|1776114401
|move|p1a: Zamazenta|Body Press|p2a: Dave
|-damage|p2a: Dave|7/100
|move|p2a: Dave|Taunt|p1a: Zamazenta
|-start|p1a: Zamazenta|move: Taunt
|
|upkeep
|turn|2
|
|t:|1776114408
|move|p1a: Zamazenta|Body Press|p2a: Dave
|-damage|p2a: Dave|0 fnt
|faint|p2a: Dave
|
|upkeep
|
|t:|1776114409
|switch|p2a: Hecate|Delphox, F|100/100
|turn|3
|
|t:|1776114416
|-terastallize|p1a: Zamazenta|Fire
|move|p1a: Zamazenta|Body Press|p2a: Hecate
|-resisted|p2a: Hecate
|-damage|p2a: Hecate|55/100
|move|p2a: Hecate|Psychic|p1a: Zamazenta
|-damage|p1a: Zamazenta|62/100
|
|-heal|p1a: Zamazenta|68/100|[from] item: Leftovers
|upkeep
|turn|4
|
|t:|1776114428
|switch|p2a: Eleya|Ninetales, F|100/100
|-weather|SunnyDay|[from] ability: Drought|[of] p2a: Eleya
|move|p1a: Zamazenta|Body Press|p2a: Eleya
|-damage|p2a: Eleya|28/100
|
|-weather|SunnyDay|[upkeep]
|-heal|p1a: Zamazenta|75/100|[from] item: Leftovers
|-end|p1a: Zamazenta|move: Taunt
|upkeep
|turn|5
|
|t:|1776114435
|switch|p2a: Billy Hax|Sandy Shocks|100/100
|-activate|p2a: Billy Hax|ability: Protosynthesis
|-start|p2a: Billy Hax|protosynthesisspe
|move|p1a: Zamazenta|Body Press|p2a: Billy Hax
|-damage|p2a: Billy Hax|38/100
|
|-weather|SunnyDay|[upkeep]
|-heal|p1a: Zamazenta|81/100|[from] item: Leftovers
|upkeep
|turn|6
|
|t:|1776114442
|switch|p1a: Hydrapple|Hydrapple, M|100/100
|move|p2a: Billy Hax|Thunder Wave|p1a: Hydrapple
|-status|p1a: Hydrapple|par
|
|-weather|SunnyDay|[upkeep]
|upkeep
|turn|7
|c|☆Blastoise_Choice|Samurai is better than Samarand
|
|t:|1776114455
|-end|p2a: Billy Hax|Protosynthesis|[silent]
|switch|p2a: Hans|Leafeon, M|100/100
|move|p1a: Hydrapple|Earth Power|p2a: Hans
|-resisted|p2a: Hans
|-damage|p2a: Hans|76/100
|
|-weather|SunnyDay|[upkeep]
|upkeep
|turn|8
|
|t:|1776114462
|-terastallize|p2a: Hans|Fire
|move|p2a: Hans|Tera Blast|p1a: Hydrapple|[anim] Tera Blast Fire
|-crit|p1a: Hydrapple
|-damage|p1a: Hydrapple|26/100 par
|-damage|p2a: Hans|66/100|[from] item: Life Orb
|move|p1a: Hydrapple|Earth Power|p2a: Hans
|-supereffective|p2a: Hans
|-damage|p2a: Hans|0 fnt
|faint|p2a: Hans
|
|-weather|SunnyDay|[upkeep]
|upkeep
|
|t:|1776114465
|switch|p2a: Hecate|Delphox, F|55/100
|turn|9
|
|t:|1776114471
|switch|p1a: Zamazenta|Zamazenta, tera:Fire|81/100
|move|p2a: Hecate|Flamethrower|p1a: Zamazenta
|-resisted|p1a: Zamazenta
|-damage|p1a: Zamazenta|51/100
|
|-weather|SunnyDay|[upkeep]
|-heal|p1a: Zamazenta|57/100|[from] item: Leftovers
|upkeep
|turn|10
|
|t:|1776114478
|switch|p2a: Turbo Genius|Great Tusk|100/100
|-activate|p2a: Turbo Genius|ability: Protosynthesis
|-start|p2a: Turbo Genius|protosynthesisatk
|move|p1a: Zamazenta|Iron Defense|p1a: Zamazenta
|-boost|p1a: Zamazenta|def|2
|
|-weather|SunnyDay|[upkeep]
|-heal|p1a: Zamazenta|64/100|[from] item: Leftovers
|upkeep
|turn|11
|
|t:|1776114484
|move|p1a: Zamazenta|Iron Defense|p1a: Zamazenta
|-boost|p1a: Zamazenta|def|2
|move|p2a: Turbo Genius|Headlong Rush|p1a: Zamazenta
|-supereffective|p1a: Zamazenta
|-damage|p1a: Zamazenta|22/100
|-unboost|p2a: Turbo Genius|def|1
|-unboost|p2a: Turbo Genius|spd|1
|
|-weather|none
|-end|p2a: Turbo Genius|Protosynthesis
|-heal|p1a: Zamazenta|28/100|[from] item: Leftovers
|upkeep
|turn|12
|
|t:|1776114491
|move|p1a: Zamazenta|Body Press|p2a: Turbo Genius
|-damage|p2a: Turbo Genius|0 fnt
|faint|p2a: Turbo Genius
|-end|p2a: Turbo Genius|Protosynthesis|[silent]
|
|-heal|p1a: Zamazenta|35/100|[from] item: Leftovers
|upkeep
|-message|Samarand forfeited.
|
|win|Blastoise_Choice
|raw|Blastoise_Choice's rating: 1594 &rarr; <strong>1609</strong><br />(+15 for winning)
|raw|Samarand's rating: 1504 &rarr; <strong>1489</strong><br />(-15 for losing)
|c|☆Blastoise_Choice|gg
|l|☆Samarand
|player|p2|
|l|☆Blastoise_Choice
|player|p1|
