|html|<div class="broadcast-blue"><strong>[Gen 9] OU is currently suspecting Tera Blast! For information on how to participate check out the <a href="https://www.smogon.com/tools/suspects/view/200">suspect thread</a>.</strong></div>
|j|☆chxrryc0rpse
|j|☆Blaze Fenix
|t:|1776032586
|gametype|singles
|player|p1|chxrryc0rpse|elesa|1231
|player|p2|Blaze Fenix|blue|1219
|gen|9
|tier|[Gen 9] OU
|rated|
|rule|HP Percentage Mod: HP is shown in percentages
|rule|Endless Battle Clause: Forcing endless battles is banned
|rule|Species Clause: Limit one of each Pokémon
|rule|OHKO Clause: OHKO moves are banned
|rule|Evasion Items Clause: Evasion items are banned
|rule|Evasion Moves Clause: Evasion moves are banned
|rule|Evasion Abilities Clause: Evasion abilities are banned
|rule|Sleep Moves Clause: Sleep-inducing moves are banned
|clearpoke
|poke|p1|Primarina, M|
|poke|p1|Great Tusk|
|poke|p1|Kingambit, M|
|poke|p1|Slowking-Galar, M|
|poke|p1|Ogerpon, F|
|poke|p1|Enamorus, F|
|poke|p2|Entei|
|poke|p2|Garchomp, F|
|poke|p2|Weavile, F|
|poke|p2|Slowbro, M|
|poke|p2|Corviknight, F|
|poke|p2|Rillaboom, M|
|teampreview
|
|t:|1776032596
|teamsize|p1|6
|teamsize|p2|6
|start
|switch|p1a: Ogerpon|Ogerpon, F|100/100
|switch|p2a: Weavile|Weavile, F|100/100
|turn|1
|
|t:|1776032606
|switch|p1a: Kingambit|Kingambit, M, shiny|100/100
|move|p2a: Weavile|Ice Spinner|p1a: Kingambit
|-resisted|p1a: Kingambit
|-damage|p1a: Kingambit|83/100
|-damage|p2a: Weavile|91/100|[from] item: Life Orb
|
|-heal|p1a: Kingambit|89/100|[from] item: Leftovers
|upkeep
|turn|2
|
|t:|1776032620
|switch|p2a: Garchomp|Garchomp, F|100/100
|move|p1a: Kingambit|Iron Head|p2a: Garchomp
|-damage|p2a: Garchomp|68/100
|-damage|p1a: Kingambit|77/100|[from] ability: Rough Skin|[of] p2a: Garchomp
|-damage|p1a: Kingambit|60/100|[from] item: Rocky Helmet|[of] p2a: Garchomp
|
|-heal|p1a: Kingambit|67/100|[from] item: Leftovers
|upkeep
|turn|3
|
|t:|1776032631
|-end|p1a: Kingambit|fallenundefined|[silent]
|switch|p1a: Enamorus|Enamorus, F, shiny|100/100
|move|p2a: Garchomp|Stealth Rock|p1a: Enamorus
|-sidestart|p1: chxrryc0rpse|move: Stealth Rock
|
|upkeep
|turn|4
|
|t:|1776032638
|switch|p2a: Corviknight|Corviknight, F|100/100
|-ability|p2a: Corviknight|Pressure
|move|p1a: Enamorus|Moonblast|p2a: Corviknight
|-resisted|p2a: Corviknight
|-damage|p2a: Corviknight|80/100
|-unboost|p2a: Corviknight|spa|1
|
|-heal|p2a: Corviknight|86/100|[from] item: Leftovers
|upkeep
|turn|5
|
|t:|1776032656
|switch|p1a: Great Tusk|Great Tusk, shiny|100/100
|-damage|p1a: Great Tusk|98/100|[from] Stealth Rock
|switch|p2a: Entei|Entei|100/100
|
|upkeep
|turn|6
|
|t:|1776032667
|switch|p2a: Slowbro|Slowbro, M|100/100
|move|p1a: Great Tusk|Rapid Spin|p2a: Slowbro
|-damage|p2a: Slowbro|89/100
|-boost|p1a: Great Tusk|spe|1
|-sideend|p1: chxrryc0rpse|Stealth Rock|[from] move: Rapid Spin|[of] p1a: Great Tusk
|
|upkeep
|turn|7
|
|t:|1776032677
|-end|p1a: Great Tusk|Protosynthesis|[silent]
|switch|p1a: Kingambit|Kingambit, M, shiny|67/100
|move|p2a: Slowbro|Future Sight|p1a: Kingambit
|-start|p2a: Slowbro|move: Future Sight
|
|-heal|p1a: Kingambit|73/100|[from] item: Leftovers
|upkeep
|turn|8
|
|t:|1776032687
|switch|p2a: Corviknight|Corviknight, F|86/100
|-ability|p2a: Corviknight|Pressure
|move|p1a: Kingambit|Kowtow Cleave|p2a: Corviknight
|-damage|p2a: Corviknight|43/100
|
|-heal|p2a: Corviknight|49/100|[from] item: Leftovers
|-heal|p1a: Kingambit|79/100|[from] item: Leftovers
|upkeep
|turn|9
|
|t:|1776032698
|move|p1a: Kingambit|Sucker Punch|p2a: Corviknight
|-damage|p2a: Corviknight|18/100
|move|p2a: Corviknight|U-turn|p1a: Kingambit
|-damage|p1a: Kingambit|70/100
|
|t:|1776032704
|switch|p2a: Garchomp|Garchomp, F|68/100|[from] U-turn
|
|-end|p1a: Kingambit|move: Future Sight
|-immune|p1a: Kingambit
|-heal|p1a: Kingambit|76/100|[from] item: Leftovers
|upkeep
|turn|10
|
|t:|1776032717
|-end|p1a: Kingambit|fallenundefined|[silent]
|switch|p1a: Enamorus|Enamorus, F, shiny|100/100
|move|p2a: Garchomp|Earthquake|p1a: Enamorus
|-immune|p1a: Enamorus
|
|upkeep
|turn|11
|
|t:|1776032726
|switch|p2a: Slowbro|Slowbro, M|100/100
|move|p1a: Enamorus|Mystical Fire|p2a: Slowbro
|-resisted|p2a: Slowbro
|-damage|p2a: Slowbro|85/100
|-unboost|p2a: Slowbro|spa|1
|
|upkeep
|turn|12
|
|t:|1776032737
|switch|p1a: Ogerpon|Ogerpon, F|100/100
|switch|p2a: Garchomp|Garchomp, F|68/100
|
|upkeep
|turn|13
|
|t:|1776032744
|move|p1a: Ogerpon|Ivy Cudgel|p2a: Garchomp
|-damage|p2a: Garchomp|16/100
|move|p2a: Garchomp|Stealth Rock|p1a: Ogerpon
|-sidestart|p1: chxrryc0rpse|move: Stealth Rock
|
|upkeep
|turn|14
|
|t:|1776032755
|switch|p2a: Entei|Entei|100/100
|move|p1a: Ogerpon|Ivy Cudgel|p2a: Entei
|-resisted|p2a: Entei
|-damage|p2a: Entei|61/100
|
|upkeep
|turn|15
|
|t:|1776032762
|switch|p1a: Primarina|Primarina, M, shiny|100/100
|-damage|p1a: Primarina|88/100|[from] Stealth Rock
|move|p2a: Entei|Sacred Fire|p1a: Primarina
|-resisted|p1a: Primarina
|-damage|p1a: Primarina|29/100
|-status|p1a: Primarina|brn
|
|-heal|p1a: Primarina|35/100 brn|[from] item: Leftovers
|-damage|p1a: Primarina|29/100 brn|[from] brn
|upkeep
|turn|16
|
|t:|1776032775
|move|p2a: Entei|Sacred Fire|p1a: Primarina|[miss]
|-miss|p2a: Entei|p1a: Primarina
|move|p1a: Primarina|Whirlpool|p2a: Entei
|-supereffective|p2a: Entei
|-damage|p2a: Entei|15/100
|-activate|p2a: Entei|move: Whirlpool|[of] p1a: Primarina
|
|-heal|p1a: Primarina|35/100 brn|[from] item: Leftovers
|-damage|p1a: Primarina|29/100 brn|[from] brn
|-damage|p2a: Entei|2/100|[from] move: Whirlpool|[partiallytrapped]
|upkeep
|turn|17
|
|t:|1776032787
|move|p2a: Entei|Sacred Fire|p1a: Primarina
|-resisted|p1a: Primarina
|-crit|p1a: Primarina
|-damage|p1a: Primarina|0 fnt
|faint|p1a: Primarina
|
|-end|p2a: Entei|Whirlpool|[partiallytrapped]|[silent]
|upkeep
|
|t:|1776032793
|switch|p1a: Great Tusk|Great Tusk, shiny|98/100
|-damage|p1a: Great Tusk|95/100|[from] Stealth Rock
|turn|18
|
|t:|1776032798
|switch|p2a: Garchomp|Garchomp, F|16/100
|move|p1a: Great Tusk|Rapid Spin|p2a: Garchomp
|-damage|p2a: Garchomp|4/100
|-boost|p1a: Great Tusk|spe|1
|-damage|p1a: Great Tusk|82/100|[from] ability: Rough Skin|[of] p2a: Garchomp
|-damage|p1a: Great Tusk|66/100|[from] item: Rocky Helmet|[of] p2a: Garchomp
|-sideend|p1: chxrryc0rpse|Stealth Rock|[from] move: Rapid Spin|[of] p1a: Great Tusk
|
|upkeep
|turn|19
|
|t:|1776032809
|switch|p2a: Corviknight|Corviknight, F|18/100
|-ability|p2a: Corviknight|Pressure
|move|p1a: Great Tusk|Ice Spinner|p2a: Corviknight
|-damage|p2a: Corviknight|0 fnt
|faint|p2a: Corviknight
|
|upkeep
|
|t:|1776032819
|switch|p2a: Slowbro|Slowbro, M|100/100
|turn|20
|
|t:|1776032831
|-end|p1a: Great Tusk|Protosynthesis|[silent]
|switch|p1a: Kingambit|Kingambit, M, shiny|76/100
|-activate|p1a: Kingambit|ability: Supreme Overlord
|-start|p1a: Kingambit|fallen1|[silent]
|move|p2a: Slowbro|Scald|p1a: Kingambit
|-damage|p1a: Kingambit|48/100
|
|-heal|p1a: Kingambit|54/100|[from] item: Leftovers
|upkeep
|turn|21
|
|t:|1776032843
|switch|p2a: Garchomp|Garchomp, F|4/100
|move|p1a: Kingambit|Kowtow Cleave|p2a: Garchomp
|-crit|p2a: Garchomp
|-damage|p2a: Garchomp|0 fnt
|-damage|p1a: Kingambit|41/100|[from] ability: Rough Skin|[of] p2a: Garchomp
|-damage|p1a: Kingambit|25/100|[from] item: Rocky Helmet|[of] p2a: Garchomp
|faint|p2a: Garchomp
|
|-heal|p1a: Kingambit|31/100|[from] item: Leftovers
|upkeep
|
|t:|1776032856
|switch|p2a: Rillaboom|Rillaboom, M|100/100
|-fieldstart|move: Grassy Terrain|[from] ability: Grassy Surge|[of] p2a: Rillaboom
|turn|22
|
|t:|1776032864
|move|p1a: Kingambit|Sucker Punch||[still]
|-fail|p1a: Kingambit
|move|p2a: Rillaboom|Swords Dance|p2a: Rillaboom
|-boost|p2a: Rillaboom|atk|2
|
|-heal|p1a: Kingambit|37/100|[from] Grassy Terrain
|-heal|p1a: Kingambit|43/100|[from] item: Leftovers
|upkeep
|turn|23
|
|t:|1776032875
|move|p1a: Kingambit|Sucker Punch|p2a: Rillaboom
|-damage|p2a: Rillaboom|53/100
|move|p2a: Rillaboom|Wood Hammer|p1a: Kingambit
|-resisted|p1a: Kingambit
|-damage|p1a: Kingambit|0 fnt
|faint|p1a: Kingambit
|-end|p1a: Kingambit|fallen1|[silent]
|-damage|p2a: Rillaboom|36/100|[from] Recoil
|
|-heal|p2a: Rillaboom|42/100|[from] Grassy Terrain
|upkeep
|
|t:|1776032878
|switch|p1a: Enamorus|Enamorus, F, shiny|100/100
|turn|24
|
|t:|1776032896
|-terastallize|p2a: Rillaboom|Grass
|move|p2a: Rillaboom|Grassy Glide|p1a: Enamorus
|-resisted|p1a: Enamorus
|-damage|p1a: Enamorus|18/100
|move|p1a: Enamorus|Mystical Fire|p2a: Rillaboom
|-supereffective|p2a: Rillaboom
|-damage|p2a: Rillaboom|0 fnt
|faint|p2a: Rillaboom
|
|upkeep
|
|t:|1776032909
|switch|p2a: Slowbro|Slowbro, M|100/100
|turn|25
|
|t:|1776032913
|switch|p1a: Slowking|Slowking-Galar, M, shiny|100/100
|move|p2a: Slowbro|Scald|p1a: Slowking
|-damage|p1a: Slowking|85/100
|
|-heal|p1a: Slowking|91/100|[from] Grassy Terrain
|upkeep
|turn|26
|
|t:|1776032921
|move|p2a: Slowbro|Scald|p1a: Slowking
|-damage|p1a: Slowking|76/100
|move|p1a: Slowking|Psychic Noise|p2a: Slowbro
|-resisted|p2a: Slowbro
|-damage|p2a: Slowbro|87/100
|-start|p2a: Slowbro|move: Heal Block
|
|-heal|p1a: Slowking|82/100|[from] Grassy Terrain
|-fieldend|move: Grassy Terrain
|upkeep
|turn|27
|
|t:|1776032933
|switch|p1a: Ogerpon|Ogerpon, F|100/100
|move|p2a: Slowbro|Future Sight|p1a: Ogerpon
|-start|p2a: Slowbro|move: Future Sight
|
|-end|p2a: Slowbro|move: Heal Block
|upkeep
|turn|28
|
|t:|1776032953
|move|p1a: Ogerpon|Knock Off|p2a: Slowbro
|-supereffective|p2a: Slowbro
|-damage|p2a: Slowbro|31/100
|-enditem|p2a: Slowbro|Heavy-Duty Boots|[from] move: Knock Off|[of] p1a: Ogerpon
|move|p2a: Slowbro|Ice Beam|p1a: Ogerpon
|-supereffective|p1a: Ogerpon
|-damage|p1a: Ogerpon|51/100
|
|upkeep
|turn|29
|
|t:|1776032965
|switch|p1a: Slowking|Slowking-Galar, M, shiny|100/100
|switch|p2a: Weavile|Weavile, F|91/100
|
|-end|p1a: Slowking|move: Future Sight
|-damage|p1a: Slowking|80/100
|upkeep
|turn|30
|
|t:|1776032975
|-terastallize|p1a: Slowking|Ice
|move|p2a: Weavile|Knock Off|p1a: Slowking
|-damage|p1a: Slowking|38/100
|-enditem|p1a: Slowking|Assault Vest|[from] move: Knock Off|[of] p2a: Weavile
|-damage|p2a: Weavile|81/100|[from] item: Life Orb
|move|p1a: Slowking|Flamethrower|p2a: Weavile
|-supereffective|p2a: Weavile
|-damage|p2a: Weavile|23/100
|
|upkeep
|turn|31
|
|t:|1776032986
|switch|p2a: Slowbro|Slowbro, M|65/100
|move|p1a: Slowking|Flamethrower|p2a: Slowbro
|-resisted|p2a: Slowbro
|-damage|p2a: Slowbro|53/100
|
|upkeep
|turn|32
|
|t:|1776033006
|switch|p2a: Weavile|Weavile, F|23/100
|move|p1a: Slowking|Sludge Bomb|p2a: Weavile
|-damage|p2a: Weavile|0 fnt
|faint|p2a: Weavile
|
|upkeep
|
|t:|1776033020
|switch|p2a: Slowbro|Slowbro, M|87/100
|turn|33
|
|t:|1776033036
|move|p1a: Slowking|Psychic Noise|p2a: Slowbro
|-resisted|p2a: Slowbro
|-damage|p2a: Slowbro|72/100
|-start|p2a: Slowbro|move: Heal Block
|move|p2a: Slowbro|Thunder Wave|p1a: Slowking
|-status|p1a: Slowking|par
|
|upkeep
|turn|34
|
|t:|1776033046
|move|p2a: Slowbro|Thunder Wave|p1a: Slowking
|-fail|p1a: Slowking|par
|move|p1a: Slowking|Sludge Bomb|p2a: Slowbro
|-damage|p2a: Slowbro|35/100
|
|-end|p2a: Slowbro|move: Heal Block
|upkeep
|turn|35
|
|t:|1776033055
|move|p2a: Slowbro|Future Sight|p1a: Slowking
|-start|p2a: Slowbro|move: Future Sight
|move|p1a: Slowking|Sludge Bomb|p2a: Slowbro
|-damage|p2a: Slowbro|0 fnt
|faint|p2a: Slowbro
|
|upkeep
|
|t:|1776033062
|switch|p2a: Entei|Entei|2/100
|turn|36
|
|t:|1776033069
|move|p2a: Entei|Extreme Speed|p1a: Slowking
|-damage|p1a: Slowking|9/100 par
|move|p1a: Slowking|Flamethrower|p2a: Entei
|-resisted|p2a: Entei
|-damage|p2a: Entei|0 fnt
|faint|p2a: Entei
|
|win|chxrryc0rpse
|raw|chxrryc0rpse's rating: 1231 &rarr; <strong>1255</strong><br />(+24 for winning)
|raw|Blaze Fenix's rating: 1219 &rarr; <strong>1195</strong><br />(-24 for losing)
|l|☆Blaze Fenix
|player|p2|
