|html|<div class="broadcast-blue"><strong>[Gen 9] OU is currently suspecting Tera Blast! For information on how to participate check out the <a href="https://www.smogon.com/tools/suspects/view/200">suspect thread</a>.</strong></div>
|j|☆FearedStriker
|j|☆m4debyjoak0
|t:|1776119707
|gametype|singles
|player|p1|FearedStriker|ltsurge|1347
|player|p2|m4debyjoak0|roxie|1393
|gen|9
|tier|[Gen 9] OU
|rated|
|rule|HP Percentage Mod: HP is shown in percentages
|rule|Endless Battle Clause: Forcing endless battles is banned
|rule|Species Clause: Limit one of each Pokémon
|rule|OHKO Clause: OHKO moves are banned
|rule|Evasion Items Clause: Evasion items are banned
|rule|Evasion Moves Clause: Evasion moves are banned
|rule|Evasion Abilities Clause: Evasion abilities are banned
|rule|Sleep Moves Clause: Sleep-inducing moves are banned
|clearpoke
|poke|p1|Meowscarada, M|
|poke|p1|Deoxys-Speed|
|poke|p1|Gastrodon, F|
|poke|p1|Scyther, M|
|poke|p1|Tentacruel, M|
|poke|p1|Blaziken, M|
|poke|p2|Samurott-Hisui, F|
|poke|p2|Rillaboom, F|
|poke|p2|Heatran, M|
|poke|p2|Great Tusk|
|poke|p2|Gholdengo|
|poke|p2|Ogerpon-Wellspring, F|
|teampreview
|inactive|Battle timer is ON: inactive players will automatically lose when time's up. (requested by m4debyjoak0)
|inactive|FearedStriker also wants the timer to be on.
|
|t:|1776119726
|teamsize|p1|6
|teamsize|p2|6
|start
|switch|p1a: Gastrodon|Gastrodon, F|100/100
|switch|p2a: Samurott|Samurott-Hisui, F|100/100
|turn|1
|
|t:|1776119732
|move|p2a: Samurott|Flip Turn|p1a: Gastrodon
|-damage|p1a: Gastrodon|76/100
|-damage|p2a: Samurott|84/100|[from] item: Rocky Helmet|[of] p1a: Gastrodon
|
|t:|1776119735
|switch|p2a: Gholdengo|Gholdengo|100/100|[from] Flip Turn
|move|p1a: Gastrodon|Stealth Rock|p2a: Gholdengo
|-sidestart|p2: m4debyjoak0|move: Stealth Rock
|
|upkeep
|turn|2
|
|t:|1776119743
|switch|p2a: Rillaboom|Rillaboom, F|100/100
|-damage|p2a: Rillaboom|88/100|[from] Stealth Rock
|-fieldstart|move: Grassy Terrain|[from] ability: Grassy Surge|[of] p2a: Rillaboom
|move|p1a: Gastrodon|Earth Power|p2a: Rillaboom
|-resisted|p2a: Rillaboom
|-damage|p2a: Rillaboom|62/100
|
|-heal|p2a: Rillaboom|68/100|[from] Grassy Terrain
|-heal|p1a: Gastrodon|82/100|[from] Grassy Terrain
|upkeep
|turn|3
|
|t:|1776119757
|switch|p1a: Scyther|Scyther, M|100/100
|move|p2a: Rillaboom|U-turn|p1a: Scyther
|-resisted|p1a: Scyther
|-damage|p1a: Scyther|83/100
|
|t:|1776119762
|switch|p2a: Ogerpon|Ogerpon-Wellspring, F|100/100|[from] U-turn
|-damage|p2a: Ogerpon|88/100|[from] Stealth Rock
|
|-heal|p2a: Ogerpon|94/100|[from] Grassy Terrain
|upkeep
|turn|4
|
|t:|1776119771
|-terastallize|p2a: Ogerpon|Water
|detailschange|p2a: Ogerpon|Ogerpon-Wellspring-Tera, F, tera:Water
|-ability|p2a: Ogerpon|Embody Aspect (Wellspring)|boost
|-boost|p2a: Ogerpon|spd|1
|move|p2a: Ogerpon|Ivy Cudgel|p1a: Scyther|[anim] Ivy Cudgel Water
|-damage|p1a: Scyther|0 fnt
|faint|p1a: Scyther
|
|-heal|p2a: Ogerpon|99/100|[from] Grassy Terrain
|upkeep
|
|t:|1776119781
|switch|p1a: Meowscarada|Meowscarada, M, shiny|100/100
|turn|5
|
|t:|1776119788
|switch|p2a: Heatran|Heatran, M|100/100
|-damage|p2a: Heatran|88/100|[from] Stealth Rock
|move|p1a: Meowscarada|Flower Trick|p2a: Heatran
|-start|p1a: Meowscarada|typechange|Grass|[from] ability: Protean
|-resisted|p2a: Heatran
|-crit|p2a: Heatran
|-damage|p2a: Heatran|70/100
|-damage|p1a: Meowscarada|91/100|[from] item: Life Orb
|
|-heal|p1a: Meowscarada|97/100|[from] Grassy Terrain
|-heal|p2a: Heatran|76/100|[from] Grassy Terrain
|-heal|p2a: Heatran|82/100|[from] item: Leftovers
|upkeep
|turn|6
|
|t:|1776119798
|switch|p1a: Gastrodon|Gastrodon, F|82/100
|move|p2a: Heatran|Magma Storm|p1a: Gastrodon
|-resisted|p1a: Gastrodon
|-damage|p1a: Gastrodon|59/100
|-activate|p1a: Gastrodon|move: Magma Storm|[of] p2a: Heatran
|
|-heal|p2a: Heatran|89/100|[from] Grassy Terrain
|-heal|p2a: Heatran|95/100|[from] item: Leftovers
|-heal|p1a: Gastrodon|65/100|[from] Grassy Terrain
|-damage|p1a: Gastrodon|53/100|[from] move: Magma Storm|[partiallytrapped]
|-fieldend|move: Grassy Terrain
|upkeep
|turn|7
|
|t:|1776119812
|move|p2a: Heatran|Protect|p2a: Heatran
|-singleturn|p2a: Heatran|Protect
|move|p1a: Gastrodon|Sludge Bomb|p2a: Heatran
|-activate|p2a: Heatran|move: Protect
|
|-heal|p2a: Heatran|100/100|[from] item: Leftovers
|-damage|p1a: Gastrodon|41/100|[from] move: Magma Storm|[partiallytrapped]
|upkeep
|turn|8
|
|t:|1776119817
|move|p2a: Heatran|Earth Power|p1a: Gastrodon
|-damage|p1a: Gastrodon|14/100
|-unboost|p1a: Gastrodon|spd|1
|move|p1a: Gastrodon|Surf|p2a: Heatran
|-supereffective|p2a: Heatran
|-damage|p2a: Heatran|51/100
|
|-heal|p2a: Heatran|57/100|[from] item: Leftovers
|-damage|p1a: Gastrodon|1/100|[from] move: Magma Storm|[partiallytrapped]
|upkeep
|turn|9
|
|t:|1776119827
|move|p2a: Heatran|Protect|p2a: Heatran
|-singleturn|p2a: Heatran|Protect
|move|p1a: Gastrodon|Surf|p2a: Heatran
|-activate|p2a: Heatran|move: Protect
|
|-heal|p2a: Heatran|63/100|[from] item: Leftovers
|-damage|p1a: Gastrodon|0 fnt|[from] move: Magma Storm|[partiallytrapped]
|faint|p1a: Gastrodon
|upkeep
|
|t:|1776119832
|switch|p1a: Tentacruel|Tentacruel, M|100/100
|turn|10
|
|t:|1776119838
|switch|p2a: Ogerpon|Ogerpon-Wellspring-Tera, F, tera:Water|99/100
|-damage|p2a: Ogerpon|88/100|[from] Stealth Rock
|-ability|p2a: Ogerpon|Embody Aspect (Wellspring)|boost
|-boost|p2a: Ogerpon|spd|1
|move|p1a: Tentacruel|Rapid Spin|p2a: Ogerpon
|-damage|p2a: Ogerpon|77/100
|-boost|p1a: Tentacruel|spe|1
|
|upkeep
|turn|11
|
|t:|1776119846
|move|p1a: Tentacruel|Sludge Bomb|p2a: Ogerpon
|-damage|p2a: Ogerpon|48/100
|-status|p2a: Ogerpon|psn
|move|p2a: Ogerpon|Trailblaze|p1a: Tentacruel
|-crit|p1a: Tentacruel
|-damage|p1a: Tentacruel|30/100
|-boost|p2a: Ogerpon|spe|1
|
|-heal|p1a: Tentacruel|36/100|[from] item: Leftovers
|-damage|p2a: Ogerpon|36/100 psn|[from] psn
|upkeep
|turn|12
|
|t:|1776119860
|move|p2a: Ogerpon|Ivy Cudgel|p1a: Tentacruel|[anim] Ivy Cudgel Water
|-resisted|p1a: Tentacruel
|-damage|p1a: Tentacruel|0 fnt
|faint|p1a: Tentacruel
|
|-damage|p2a: Ogerpon|23/100 psn|[from] psn
|upkeep
|
|t:|1776119866
|switch|p1a: Blaziken|Blaziken, M|100/100
|turn|13
|
|t:|1776119872
|move|p2a: Ogerpon|Swords Dance|p2a: Ogerpon
|-boost|p2a: Ogerpon|atk|2
|move|p1a: Blaziken|Swords Dance|p1a: Blaziken
|-boost|p1a: Blaziken|atk|2
|
|-damage|p2a: Ogerpon|11/100 psn|[from] psn
|-ability|p1a: Blaziken|Speed Boost|boost
|-boost|p1a: Blaziken|spe|1
|upkeep
|turn|14
|
|t:|1776119881
|move|p1a: Blaziken|Quick Attack|p2a: Ogerpon
|-damage|p2a: Ogerpon|0 fnt
|faint|p2a: Ogerpon
|detailschange|p2: Ogerpon|Ogerpon-Wellspring, F|[silent]
|
|-ability|p1a: Blaziken|Speed Boost|boost
|-boost|p1a: Blaziken|spe|1
|upkeep
|
|t:|1776119886
|switch|p2a: Great Tusk|Great Tusk|100/100
|turn|15
|
|t:|1776119890
|move|p1a: Blaziken|Close Combat|p2a: Great Tusk
|-damage|p2a: Great Tusk|21/100
|-unboost|p1a: Blaziken|def|1
|-unboost|p1a: Blaziken|spd|1
|move|p2a: Great Tusk|Rapid Spin|p1a: Blaziken
|-damage|p1a: Blaziken|60/100
|-boost|p2a: Great Tusk|spe|1
|-sideend|p2: m4debyjoak0|Stealth Rock|[from] move: Rapid Spin|[of] p2a: Great Tusk
|
|-ability|p1a: Blaziken|Speed Boost|boost
|-boost|p1a: Blaziken|spe|1
|upkeep
|turn|16
|
|t:|1776119900
|move|p1a: Blaziken|Close Combat|p2a: Great Tusk
|-damage|p2a: Great Tusk|0 fnt
|-unboost|p1a: Blaziken|def|1
|-unboost|p1a: Blaziken|spd|1
|faint|p2a: Great Tusk
|-end|p2a: Great Tusk|Protosynthesis|[silent]
|
|-ability|p1a: Blaziken|Speed Boost|boost
|-boost|p1a: Blaziken|spe|1
|upkeep
|
|t:|1776119912
|switch|p2a: Rillaboom|Rillaboom, F|68/100
|-fieldstart|move: Grassy Terrain|[from] ability: Grassy Surge|[of] p2a: Rillaboom
|turn|17
|
|t:|1776119938
|switch|p2a: Gholdengo|Gholdengo|100/100
|-terastallize|p1a: Blaziken|Normal
|move|p1a: Blaziken|Quick Attack|p2a: Gholdengo
|-immune|p2a: Gholdengo
|
|-heal|p1a: Blaziken|66/100|[from] Grassy Terrain
|-ability|p1a: Blaziken|Speed Boost|boost
|-boost|p1a: Blaziken|spe|1
|upkeep
|turn|18
|
|t:|1776119943
|move|p1a: Blaziken|Fire Punch|p2a: Gholdengo
|-supereffective|p2a: Gholdengo
|-damage|p2a: Gholdengo|2/100
|-status|p2a: Gholdengo|brn
|move|p2a: Gholdengo|Make It Rain|p1a: Blaziken
|-damage|p1a: Blaziken|0 fnt
|-unboost|p2a: Gholdengo|spa|1
|faint|p1a: Blaziken
|
|-heal|p2a: Gholdengo|8/100 brn|[from] Grassy Terrain
|-damage|p2a: Gholdengo|2/100 brn|[from] brn
|upkeep
|
|t:|1776119953
|switch|p1a: Deoxys|Deoxys-Speed, shiny|100/100
|-ability|p1a: Deoxys|Pressure
|turn|19
|
|t:|1776119958
|move|p1a: Deoxys|Dark Pulse|p2a: Gholdengo
|-supereffective|p2a: Gholdengo
|-enditem|p2a: Gholdengo|Colbur Berry|[eat]
|-enditem|p2a: Gholdengo|Colbur Berry|[weaken]
|-damage|p2a: Gholdengo|0 fnt
|faint|p2a: Gholdengo
|
|upkeep
|
|t:|1776119961
|switch|p2a: Samurott|Samurott-Hisui, F|84/100
|turn|20
|
|t:|1776119983
|switch|p1a: Meowscarada|Meowscarada, M, shiny|97/100
|move|p2a: Samurott|Sucker Punch||[still]
|-fail|p2a: Samurott
|
|-heal|p1a: Meowscarada|100/100|[from] Grassy Terrain
|-heal|p2a: Samurott|90/100|[from] Grassy Terrain
|upkeep
|turn|21
|
|t:|1776119993
|switch|p2a: Heatran|Heatran, M|63/100
|move|p1a: Meowscarada|Knock Off|p2a: Heatran
|-start|p1a: Meowscarada|typechange|Dark|[from] ability: Protean
|-damage|p2a: Heatran|17/100
|-enditem|p2a: Heatran|Leftovers|[from] move: Knock Off|[of] p1a: Meowscarada
|-damage|p1a: Meowscarada|91/100|[from] item: Life Orb
|
|-heal|p1a: Meowscarada|97/100|[from] Grassy Terrain
|-heal|p2a: Heatran|24/100|[from] Grassy Terrain
|-fieldend|move: Grassy Terrain
|upkeep
|turn|22
|
|t:|1776120005
|move|p1a: Meowscarada|Knock Off|p2a: Heatran
|-damage|p2a: Heatran|0 fnt
|faint|p2a: Heatran
|-damage|p1a: Meowscarada|87/100|[from] item: Life Orb
|
|upkeep
|
|t:|1776120008
|switch|p2a: Rillaboom|Rillaboom, F|68/100
|-fieldstart|move: Grassy Terrain|[from] ability: Grassy Surge|[of] p2a: Rillaboom
|turn|23
|
|t:|1776120022
|move|p2a: Rillaboom|Wood Hammer|p1a: Meowscarada
|-damage|p1a: Meowscarada|0 fnt
|faint|p1a: Meowscarada
|-damage|p2a: Rillaboom|43/100|[from] Recoil
|
|-heal|p2a: Rillaboom|49/100|[from] Grassy Terrain
|upkeep
|
|t:|1776120025
|switch|p1a: Deoxys|Deoxys-Speed, shiny|100/100
|-ability|p1a: Deoxys|Pressure
|turn|24
|
|t:|1776120032
|move|p2a: Rillaboom|Wood Hammer|p1a: Deoxys
|-damage|p1a: Deoxys|10/100
|-damage|p2a: Rillaboom|23/100|[from] Recoil
|move|p1a: Deoxys|Ice Beam|p2a: Rillaboom
|-supereffective|p2a: Rillaboom
|-damage|p2a: Rillaboom|0 fnt
|faint|p2a: Rillaboom
|
|-heal|p1a: Deoxys|17/100|[from] Grassy Terrain
|upkeep
|
|t:|1776120035
|switch|p2a: Samurott|Samurott-Hisui, F|90/100
|turn|25
|
|t:|1776120038
|move|p2a: Samurott|Sucker Punch|p1a: Deoxys
|-supereffective|p1a: Deoxys
|-damage|p1a: Deoxys|0 fnt
|faint|p1a: Deoxys
|
|win|m4debyjoak0
|raw|FearedStriker's rating: 1347 &rarr; <strong>1330</strong><br />(-17 for losing)
|raw|m4debyjoak0's rating: 1393 &rarr; <strong>1410</strong><br />(+17 for winning)
|l|☆FearedStriker
|player|p1|
