|html|<div class="broadcast-blue"><strong>[Gen 9] OU is currently suspecting Tera Blast! For information on how to participate check out the <a href="https://www.smogon.com/tools/suspects/view/200">suspect thread</a>.</strong></div>
|j|☆beres3
|j|☆grimI0I
|t:|1776205840
|gametype|singles
|player|p1|beres3|102|1244
|player|p2|grimI0I|steven|1305
|gen|9
|tier|[Gen 9] OU
|rated|
|rule|HP Percentage Mod: HP is shown in percentages
|rule|Endless Battle Clause: Forcing endless battles is banned
|rule|Species Clause: Limit one of each Pokémon
|rule|OHKO Clause: OHKO moves are banned
|rule|Evasion Items Clause: Evasion items are banned
|rule|Evasion Moves Clause: Evasion moves are banned
|rule|Evasion Abilities Clause: Evasion abilities are banned
|rule|Sleep Moves Clause: Sleep-inducing moves are banned
|clearpoke
|poke|p1|Gliscor, F|
|poke|p1|Gholdengo|
|poke|p1|Great Tusk|
|poke|p1|Raging Bolt|
|poke|p1|Kingambit, M|
|poke|p1|Enamorus, F|
|poke|p2|Dragonite, M|
|poke|p2|Pecharunt|
|poke|p2|Darkrai|
|poke|p2|Gholdengo|
|poke|p2|Ogerpon-Wellspring, F|
|poke|p2|Deoxys-Speed|
|teampreview
|inactive|Battle timer is ON: inactive players will automatically lose when time's up. (requested by grimI0I)
|
|t:|1776205851
|teamsize|p1|6
|teamsize|p2|6
|start
|switch|p1a: Raging Bolt|Raging Bolt|100/100
|switch|p2a: Deoxys|Deoxys-Speed|100/100
|-ability|p2a: Deoxys|Pressure
|turn|1
|
|t:|1776205858
|move|p2a: Deoxys|Stealth Rock|p1a: Raging Bolt
|-sidestart|p1: beres3|move: Stealth Rock
|move|p1a: Raging Bolt|Thunderbolt|p2a: Deoxys
|-damage|p2a: Deoxys|17/100
|
|upkeep
|turn|2
|
|t:|1776205866
|move|p2a: Deoxys|Extreme Speed|p1a: Raging Bolt
|-damage|p1a: Raging Bolt|82/100
|move|p1a: Raging Bolt|Thunderbolt|p2a: Deoxys
|-damage|p2a: Deoxys|0 fnt
|faint|p2a: Deoxys
|
|upkeep
|
|t:|1776205894
|switch|p2a: Darkrai|Darkrai|100/100
|turn|3
|
|t:|1776205900
|move|p2a: Darkrai|Ice Beam|p1a: Raging Bolt
|-supereffective|p1a: Raging Bolt
|-damage|p1a: Raging Bolt|32/100
|-damage|p2a: Darkrai|91/100|[from] item: Life Orb
|move|p1a: Raging Bolt|Thunderbolt|p2a: Darkrai
|-damage|p2a: Darkrai|21/100
|
|upkeep
|turn|4
|
|t:|1776205908
|move|p1a: Raging Bolt|Thunderclap|p2a: Darkrai
|-damage|p2a: Darkrai|0 fnt
|faint|p2a: Darkrai
|
|upkeep
|
|t:|1776205912
|switch|p2a: Dragonite|Dragonite, M|100/100
|turn|5
|
|t:|1776205917
|move|p2a: Dragonite|Dragon Dance|p2a: Dragonite
|-boost|p2a: Dragonite|atk|1
|-boost|p2a: Dragonite|spe|1
|move|p1a: Raging Bolt|Draco Meteor|p2a: Dragonite
|-supereffective|p2a: Dragonite
|-damage|p2a: Dragonite|15/100
|-unboost|p1a: Raging Bolt|spa|2
|-enditem|p2a: Dragonite|Weakness Policy
|-boost|p2a: Dragonite|atk|2|[from] item: Weakness Policy
|-boost|p2a: Dragonite|spa|2|[from] item: Weakness Policy
|
|upkeep
|turn|6
|
|t:|1776205928
|move|p2a: Dragonite|Extreme Speed|p1a: Raging Bolt
|-damage|p1a: Raging Bolt|0 fnt
|faint|p1a: Raging Bolt
|-end|p1a: Raging Bolt|Protosynthesis|[silent]
|
|upkeep
|
|t:|1776205943
|switch|p1a: Great Tusk|Great Tusk|100/100
|turn|7
|
|t:|1776205952
|move|p2a: Dragonite|Dragon Claw|p1a: Great Tusk
|-damage|p1a: Great Tusk|49/100
|move|p1a: Great Tusk|Ice Spinner|p2a: Dragonite
|-supereffective|p2a: Dragonite
|-crit|p2a: Dragonite
|-damage|p2a: Dragonite|0 fnt
|faint|p2a: Dragonite
|
|upkeep
|
|t:|1776205961
|switch|p2a: Ogerpon|Ogerpon-Wellspring, F|100/100
|turn|8
|
|t:|1776205971
|-end|p1a: Great Tusk|Protosynthesis|[silent]
|switch|p1a: Kingambit|Kingambit, M|100/100
|-damage|p1a: Kingambit|94/100|[from] Stealth Rock
|-activate|p1a: Kingambit|ability: Supreme Overlord
|-start|p1a: Kingambit|fallen1|[silent]
|move|p2a: Ogerpon|Swords Dance|p2a: Ogerpon
|-boost|p2a: Ogerpon|atk|2
|
|upkeep
|turn|9
|
|t:|1776205981
|move|p2a: Ogerpon|Ivy Cudgel|p1a: Kingambit|[anim] Ivy Cudgel Water
|-crit|p1a: Kingambit
|-damage|p1a: Kingambit|0 fnt
|faint|p1a: Kingambit
|-end|p1a: Kingambit|fallen1|[silent]
|
|upkeep
|
|t:|1776205999
|switch|p1a: Great Tusk|Great Tusk|49/100
|turn|10
|inactive|beres3 has 120 seconds left.
|
|t:|1776206028
|move|p2a: Ogerpon|Horn Leech|p1a: Great Tusk
|-supereffective|p1a: Great Tusk
|-damage|p1a: Great Tusk|0 fnt
|faint|p1a: Great Tusk
|-end|p1a: Great Tusk|Protosynthesis|[silent]
|
|upkeep
|
|t:|1776206039
|switch|p1a: Gholdengo|Gholdengo|100/100
|-damage|p1a: Gholdengo|94/100|[from] Stealth Rock
|turn|11
|
|t:|1776206053
|move|p2a: Ogerpon|Ivy Cudgel|p1a: Gholdengo|[anim] Ivy Cudgel Water
|-damage|p1a: Gholdengo|0 fnt
|faint|p1a: Gholdengo
|
|upkeep
|
|t:|1776206061
|switch|p1a: Enamorus|Enamorus, F|100/100
|-damage|p1a: Enamorus|76/100|[from] Stealth Rock
|turn|12
|
|t:|1776206072
|move|p2a: Ogerpon|Ivy Cudgel|p1a: Enamorus|[anim] Ivy Cudgel Water
|-damage|p1a: Enamorus|0 fnt
|faint|p1a: Enamorus
|
|upkeep
|-message|beres3 forfeited.
|
|win|grimI0I
|raw|beres3's rating: 1244 &rarr; <strong>1223</strong><br />(-21 for losing)
|raw|grimI0I's rating: 1305 &rarr; <strong>1322</strong><br />(+17 for winning)
|l|☆beres3
|player|p1|
