|html|<div class="broadcast-blue"><strong>[Gen 9] OU is currently suspecting Tera Blast! For information on how to participate check out the <a href="https://www.smogon.com/tools/suspects/view/200">suspect thread</a>.</strong></div>
|j|☆skayotest
|j|☆fat chuds inc.
|t:|1776103928
|gametype|singles
|player|p1|skayotest|101|1738
|player|p2|fat chuds inc.|collector|1679
|gen|9
|tier|[Gen 9] OU
|rated|
|rule|HP Percentage Mod: HP is shown in percentages
|rule|Endless Battle Clause: Forcing endless battles is banned
|rule|Species Clause: Limit one of each Pokémon
|rule|OHKO Clause: OHKO moves are banned
|rule|Evasion Items Clause: Evasion items are banned
|rule|Evasion Moves Clause: Evasion moves are banned
|rule|Evasion Abilities Clause: Evasion abilities are banned
|rule|Sleep Moves Clause: Sleep-inducing moves are banned
|clearpoke
|poke|p1|Samurott-Hisui, F|
|poke|p1|Rillaboom, M|
|poke|p1|Garchomp, M|
|poke|p1|Gholdengo|
|poke|p1|Slowking-Galar, M|
|poke|p1|Cinderace, M|
|poke|p2|Hoopa-Unbound|
|poke|p2|Zamazenta-*|
|poke|p2|Pecharunt|
|poke|p2|Iron Treads|
|poke|p2|Primarina, M|
|poke|p2|Dragonite, M|
|teampreview
|
|t:|1776103939
|teamsize|p1|6
|teamsize|p2|6
|start
|switch|p1a: Rillaboom|Rillaboom, M|100/100
|switch|p2a: Pecharunt|Pecharunt|100/100
|-fieldstart|move: Grassy Terrain|[from] ability: Grassy Surge|[of] p1a: Rillaboom
|turn|1
|inactive|Battle timer is ON: inactive players will automatically lose when time's up. (requested by skayotest)
|
|t:|1776103949
|switch|p1a: Gholdengo|Gholdengo|100/100
|move|p2a: Pecharunt|Malignant Chain|p1a: Gholdengo
|-immune|p1a: Gholdengo
|
|upkeep
|turn|2
|
|t:|1776103954
|switch|p2a: Hoopa|Hoopa-Unbound|100/100
|move|p1a: Gholdengo|Shadow Ball|p2a: Hoopa
|-crit|p2a: Hoopa
|-damage|p2a: Hoopa|44/100
|-unboost|p2a: Hoopa|spd|1
|
|-heal|p2a: Hoopa|50/100|[from] Grassy Terrain
|upkeep
|turn|3
|
|t:|1776103963
|move|p1a: Gholdengo|Shadow Ball|p2a: Hoopa
|-damage|p2a: Hoopa|0 fnt
|faint|p2a: Hoopa
|
|upkeep
|j| Metallic Symphony
|
|t:|1776103968
|switch|p2a: Primarina|Primarina, M|100/100
|turn|4
|l| Metallic Symphony
|
|t:|1776103972
|switch|p1a: Slowking|Slowking-Galar, M|100/100
|move|p2a: Primarina|Flip Turn|p1a: Slowking
|-damage|p1a: Slowking|85/100
|
|t:|1776103979
|switch|p2a: Iron Treads|Iron Treads|100/100|[from] Flip Turn
|
|-heal|p1a: Slowking|91/100|[from] Grassy Terrain
|upkeep
|turn|5
|
|t:|1776103984
|move|p2a: Iron Treads|Stealth Rock|p1a: Slowking
|-sidestart|p1: skayotest|move: Stealth Rock
|-prepare|p1a: Slowking|Chilly Reception|[premajor]
|move|p1a: Slowking|Chilly Reception|p1a: Slowking
|-weather|Snowscape
|
|t:|1776103988
|switch|p1a: Samurott|Samurott-Hisui, F|100/100|[from] Chilly Reception
|-damage|p1a: Samurott|88/100|[from] Stealth Rock
|
|-weather|Snowscape|[upkeep]
|-heal|p1a: Samurott|94/100|[from] Grassy Terrain
|-heal|p1a: Samurott|99/100|[from] item: Leftovers
|-fieldend|move: Grassy Terrain
|upkeep
|turn|6
|
|t:|1776103993
|move|p2a: Iron Treads|Earthquake|p1a: Samurott
|-damage|p1a: Samurott|45/100
|move|p1a: Samurott|Ceaseless Edge|p2a: Iron Treads
|-damage|p2a: Iron Treads|52/100
|-sidestart|p2: fat chuds inc.|Spikes
|
|-weather|Snowscape|[upkeep]
|-heal|p1a: Samurott|51/100|[from] item: Leftovers
|upkeep
|turn|7
|
|t:|1776103999
|switch|p1a: Rillaboom|Rillaboom, M|100/100
|-damage|p1a: Rillaboom|88/100|[from] Stealth Rock
|-fieldstart|move: Grassy Terrain|[from] ability: Grassy Surge|[of] p1a: Rillaboom
|move|p2a: Iron Treads|Earthquake|p1a: Rillaboom
|-resisted|p1a: Rillaboom
|-damage|p1a: Rillaboom|77/100
|
|-weather|Snowscape|[upkeep]
|-heal|p2a: Iron Treads|58/100|[from] Grassy Terrain
|-heal|p1a: Rillaboom|83/100|[from] Grassy Terrain
|upkeep
|turn|8
|
|t:|1776104006
|move|p2a: Iron Treads|Ice Spinner|p1a: Rillaboom
|-supereffective|p1a: Rillaboom
|-damage|p1a: Rillaboom|37/100
|-fieldend|move: Grassy Terrain
|move|p1a: Rillaboom|Knock Off|p2a: Iron Treads
|-damage|p2a: Iron Treads|7/100
|-enditem|p2a: Iron Treads|Clear Amulet|[from] move: Knock Off|[of] p1a: Rillaboom
|
|-weather|Snowscape|[upkeep]
|upkeep
|turn|9
|
|t:|1776104014
|switch|p1a: Garchomp|Garchomp, M|100/100
|-damage|p1a: Garchomp|94/100|[from] Stealth Rock
|move|p2a: Iron Treads|Earthquake|p1a: Garchomp
|-damage|p1a: Garchomp|66/100
|
|-weather|none
|upkeep
|turn|10
|
|t:|1776104019
|move|p2a: Iron Treads|Ice Spinner|p1a: Garchomp
|-supereffective|p1a: Garchomp
|-damage|p1a: Garchomp|4/100
|-damage|p2a: Iron Treads|0 fnt|[from] ability: Rough Skin|[of] p1a: Garchomp
|faint|p2a: Iron Treads
|-end|p2a: Iron Treads|Quark Drive|[silent]
|move|p1a: Garchomp|Stealth Rock|p2: Iron Treads
|-sidestart|p2: fat chuds inc.|move: Stealth Rock
|
|upkeep
|
|t:|1776104025
|switch|p2a: Pecharunt|Pecharunt|100/100
|turn|11
|
|t:|1776104029
|move|p2a: Pecharunt|Shadow Ball|p1a: Garchomp
|-damage|p1a: Garchomp|0 fnt
|faint|p1a: Garchomp
|
|upkeep
|
|t:|1776104032
|switch|p1a: Gholdengo|Gholdengo|100/100
|-damage|p1a: Gholdengo|94/100|[from] Stealth Rock
|turn|12
|
|t:|1776104035
|move|p1a: Gholdengo|Shadow Ball|p2a: Pecharunt
|-supereffective|p2a: Pecharunt
|-damage|p2a: Pecharunt|10/100
|move|p2a: Pecharunt|Shadow Ball|p1a: Gholdengo
|-supereffective|p1a: Gholdengo
|-damage|p1a: Gholdengo|41/100
|-unboost|p1a: Gholdengo|spd|1
|
|upkeep
|turn|13
|
|t:|1776104040
|move|p1a: Gholdengo|Shadow Ball|p2a: Pecharunt
|-supereffective|p2a: Pecharunt
|-damage|p2a: Pecharunt|0 fnt
|faint|p2a: Pecharunt
|
|upkeep
|
|t:|1776104060
|switch|p2a: Primarina|Primarina, M|100/100
|-damage|p2a: Primarina|88/100|[from] Spikes
|-damage|p2a: Primarina|76/100|[from] Stealth Rock
|turn|14
|
|t:|1776104066
|move|p1a: Gholdengo|Shadow Ball|p2a: Primarina
|-damage|p2a: Primarina|49/100
|move|p2a: Primarina|Moonblast|p1a: Gholdengo
|-resisted|p1a: Gholdengo
|-damage|p1a: Gholdengo|0 fnt
|faint|p1a: Gholdengo
|
|upkeep
|
|t:|1776104075
|switch|p1a: Slowking|Slowking-Galar, M|100/100
|turn|15
|
|t:|1776104079
|move|p2a: Primarina|Surf|p1a: Slowking
|-damage|p1a: Slowking|70/100
|move|p1a: Slowking|Future Sight|p2a: Primarina
|-start|p1a: Slowking|move: Future Sight
|
|upkeep
|turn|16
|
|t:|1776104083
|move|p2a: Primarina|Surf|p1a: Slowking
|-damage|p1a: Slowking|39/100
|move|p1a: Slowking|Toxic Spikes|p2a: Primarina
|-sidestart|p2: fat chuds inc.|move: Toxic Spikes
|
|upkeep
|turn|17
|
|t:|1776104089
|move|p2a: Primarina|Surf|p1a: Slowking
|-damage|p1a: Slowking|11/100
|move|p1a: Slowking|Sludge Bomb|p2a: Primarina
|-supereffective|p2a: Primarina
|-damage|p2a: Primarina|7/100
|
|-end|p2a: Primarina|move: Future Sight
|-damage|p2a: Primarina|0 fnt
|faint|p2a: Primarina
|upkeep
|
|t:|1776104094
|switch|p2a: Dragonite|Dragonite, M|100/100
|turn|18
|
|t:|1776104097
|move|p2a: Dragonite|Dragon Dance|p2a: Dragonite
|-boost|p2a: Dragonite|atk|1
|-boost|p2a: Dragonite|spe|1
|move|p1a: Slowking|Sludge Bomb|p2a: Dragonite
|-damage|p2a: Dragonite|82/100
|-status|p2a: Dragonite|psn
|
|-damage|p2a: Dragonite|70/100 psn|[from] psn
|upkeep
|turn|19
|
|t:|1776104102
|move|p2a: Dragonite|Extreme Speed|p1a: Slowking
|-damage|p1a: Slowking|0 fnt
|faint|p1a: Slowking
|
|-damage|p2a: Dragonite|57/100 psn|[from] psn
|upkeep
|
|t:|1776104111
|switch|p1a: Cinderace|Cinderace, M|100/100
|turn|20
|
|t:|1776104121
|-terastallize|p2a: Dragonite|Ghost
|move|p1a: Cinderace|Sucker Punch|p2a: Dragonite
|-supereffective|p2a: Dragonite
|-damage|p2a: Dragonite|8/100 psn
|move|p2a: Dragonite|Tera Blast|p1a: Cinderace|[anim] Tera Blast Ghost
|-damage|p1a: Cinderace|0 fnt
|faint|p1a: Cinderace
|
|-damage|p2a: Dragonite|0 fnt|[from] psn
|faint|p2a: Dragonite
|upkeep
|
|t:|1776104129
|switch|p1a: Samurott|Samurott-Hisui, F|51/100
|switch|p2a: Zamazenta|Zamazenta|100/100
|-damage|p2a: Zamazenta|88/100|[from] Spikes
|-damage|p2a: Zamazenta|82/100|[from] Stealth Rock
|-status|p2a: Zamazenta|psn
|-ability|p2a: Zamazenta|Dauntless Shield|boost
|-boost|p2a: Zamazenta|def|1
|-damage|p1a: Samurott|38/100|[from] Stealth Rock
|turn|21
|
|t:|1776104133
|move|p2a: Zamazenta|Body Press|p1a: Samurott
|-supereffective|p1a: Samurott
|-damage|p1a: Samurott|0 fnt
|faint|p1a: Samurott
|
|-heal|p2a: Zamazenta|88/100 psn|[from] item: Leftovers
|-damage|p2a: Zamazenta|76/100 psn|[from] psn
|upkeep
|j| Metallic Symphony
|
|t:|1776104136
|switch|p1a: Rillaboom|Rillaboom, M|37/100
|-damage|p1a: Rillaboom|24/100|[from] Stealth Rock
|-fieldstart|move: Grassy Terrain|[from] ability: Grassy Surge|[of] p1a: Rillaboom
|turn|22
|l| Metallic Symphony
|
|t:|1776104139
|-terastallize|p1a: Rillaboom|Grass
|move|p1a: Rillaboom|Grassy Glide|p2a: Zamazenta
|-crit|p2a: Zamazenta
|-damage|p2a: Zamazenta|0 fnt
|faint|p2a: Zamazenta
|
|win|skayotest
|raw|skayotest's rating: 1738 &rarr; <strong>1755</strong><br />(+17 for winning)
|raw|fat chuds inc.'s rating: 1679 &rarr; <strong>1662</strong><br />(-17 for losing)
|c|☆fat chuds inc.|ofc
|c|☆skayotest|lol
|c|☆skayotest|thats though
|l|☆fat chuds inc.
|player|p2|
|c|☆skayotest|hope you have better luck next time :s
|l|☆skayotest
|player|p1|
