|html|<div class="broadcast-blue"><strong>[Gen 9] OU is currently suspecting Tera Blast! For information on how to participate check out the <a href="https://www.smogon.com/tools/suspects/view/200">suspect thread</a>.</strong></div>
|j|☆subtect kyurem
|j|☆Wozzathesexygod
|t:|1776168223
|gametype|singles
|player|p1|subtect kyurem|cheren-masters|1642
|player|p2|Wozzathesexygod|n|1592
|gen|9
|tier|[Gen 9] OU
|rated|
|rule|HP Percentage Mod: HP is shown in percentages
|rule|Endless Battle Clause: Forcing endless battles is banned
|rule|Species Clause: Limit one of each Pokémon
|rule|OHKO Clause: OHKO moves are banned
|rule|Evasion Items Clause: Evasion items are banned
|rule|Evasion Moves Clause: Evasion moves are banned
|rule|Evasion Abilities Clause: Evasion abilities are banned
|rule|Sleep Moves Clause: Sleep-inducing moves are banned
|clearpoke
|poke|p1|Primarina, F|
|poke|p1|Dragonite, F|
|poke|p1|Ting-Lu|
|poke|p1|Pecharunt|
|poke|p1|Zamazenta-*|
|poke|p1|Corviknight, F|
|poke|p2|Dragapult, F|
|poke|p2|Alomomola, F|
|poke|p2|Ting-Lu|
|poke|p2|Kyurem|
|poke|p2|Weezing-Galar, F|
|poke|p2|Corviknight, F|
|teampreview
|inactive|Battle timer is ON: inactive players will automatically lose when time's up. (requested by Wozzathesexygod)
|
|t:|1776168241
|teamsize|p1|6
|teamsize|p2|6
|start
|switch|p1a: Primarina|Primarina, F, shiny|100/100
|switch|p2a: Dragapult|Dragapult, F, shiny|100/100
|turn|1
|
|t:|1776168250
|move|p1a: Primarina|Protect|p1a: Primarina
|-singleturn|p1a: Primarina|Protect
|move|p2a: Dragapult|U-turn|p1a: Primarina
|-activate|p1a: Primarina|move: Protect
|
|upkeep
|turn|2
|
|t:|1776168254
|move|p2a: Dragapult|U-turn|p1a: Primarina
|-resisted|p1a: Primarina
|-damage|p1a: Primarina|86/100
|
|t:|1776168257
|switch|p2a: Corviknight|Corviknight, F|100/100|[from] U-turn
|-ability|p2a: Corviknight|Pressure
|move|p1a: Primarina|Whirlpool|p2a: Corviknight|[miss]
|-miss|p1a: Primarina|p2a: Corviknight
|
|-heal|p1a: Primarina|92/100|[from] item: Leftovers
|upkeep
|turn|3
|
|t:|1776168267
|move|p2a: Corviknight|U-turn|p1a: Primarina
|-resisted|p1a: Primarina
|-damage|p1a: Primarina|85/100
|
|t:|1776168271
|switch|p2a: Alomomola|Alomomola, F|100/100|[from] U-turn
|move|p1a: Primarina|Whirlpool|p2a: Alomomola|[miss]
|-miss|p1a: Primarina|p2a: Alomomola
|
|-heal|p1a: Primarina|91/100|[from] item: Leftovers
|upkeep
|turn|4
|c|☆Wozzathesexygod|Mb
|
|t:|1776168282
|move|p2a: Alomomola|Flip Turn|p1a: Primarina
|-resisted|p1a: Primarina
|-damage|p1a: Primarina|84/100
|
|t:|1776168286
|switch|p2a: Corviknight|Corviknight, F|100/100|[from] Flip Turn
|-ability|p2a: Corviknight|Pressure
|move|p1a: Primarina|Moonblast|p2a: Corviknight
|-resisted|p2a: Corviknight
|-damage|p2a: Corviknight|87/100
|
|-heal|p2a: Corviknight|93/100|[from] item: Leftovers
|-heal|p1a: Primarina|90/100|[from] item: Leftovers
|upkeep
|turn|5
|
|t:|1776168290
|switch|p1a: Corviknight|Corviknight, F|100/100
|-ability|p1a: Corviknight|Pressure
|move|p2a: Corviknight|Brave Bird|p1a: Corviknight
|-resisted|p1a: Corviknight
|-damage|p1a: Corviknight|89/100
|-damage|p2a: Corviknight|77/100|[from] item: Rocky Helmet|[of] p1a: Corviknight
|-damage|p2a: Corviknight|73/100|[from] Recoil
|
|-heal|p2a: Corviknight|79/100|[from] item: Leftovers
|upkeep
|turn|6
|
|t:|1776168294
|move|p1a: Corviknight|U-turn|p2a: Corviknight
|-resisted|p2a: Corviknight
|-damage|p2a: Corviknight|76/100
|
|t:|1776168296
|switch|p1a: Pecharunt|Pecharunt|100/100|[from] U-turn
|move|p2a: Corviknight|U-turn|p1a: Pecharunt
|-resisted|p1a: Pecharunt
|-damage|p1a: Pecharunt|98/100
|
|t:|1776168299
|switch|p2a: Ting-Lu|Ting-Lu|100/100|[from] U-turn
|-ability|p2a: Ting-Lu|Vessel of Ruin
|
|upkeep
|turn|7
|
|t:|1776168302
|move|p1a: Pecharunt|Malignant Chain|p2a: Ting-Lu
|-resisted|p2a: Ting-Lu
|-crit|p2a: Ting-Lu
|-damage|p2a: Ting-Lu|91/100
|move|p2a: Ting-Lu|Stealth Rock|p1a: Pecharunt
|-sidestart|p1: subtect kyurem|move: Stealth Rock
|
|-heal|p2a: Ting-Lu|97/100|[from] item: Leftovers
|upkeep
|turn|8
|
|t:|1776168308
|move|p1a: Pecharunt|Malignant Chain|p2a: Ting-Lu
|-resisted|p2a: Ting-Lu
|-damage|p2a: Ting-Lu|90/100
|move|p2a: Ting-Lu|Earthquake|p1a: Pecharunt
|-supereffective|p1a: Pecharunt
|-damage|p1a: Pecharunt|55/100
|
|-heal|p2a: Ting-Lu|96/100|[from] item: Leftovers
|upkeep
|turn|9
|
|t:|1776168320
|switch|p2a: Corviknight|Corviknight, F|76/100
|-ability|p2a: Corviknight|Pressure
|move|p1a: Pecharunt|Malignant Chain|p2a: Corviknight
|-immune|p2a: Corviknight
|
|-heal|p2a: Corviknight|82/100|[from] item: Leftovers
|upkeep
|turn|10
|
|t:|1776168331
|move|p1a: Pecharunt|Recover|p1a: Pecharunt
|-heal|p1a: Pecharunt|100/100
|move|p2a: Corviknight|U-turn|p1a: Pecharunt
|-resisted|p1a: Pecharunt
|-damage|p1a: Pecharunt|98/100
|
|t:|1776168335
|switch|p2a: Kyurem|Kyurem|100/100|[from] U-turn
|-ability|p2a: Kyurem|Pressure
|
|upkeep
|turn|11
|
|t:|1776168342
|switch|p1a: Ting-Lu|Ting-Lu|100/100
|-damage|p1a: Ting-Lu|94/100|[from] Stealth Rock
|-ability|p1a: Ting-Lu|Vessel of Ruin
|move|p2a: Kyurem|Substitute|p2a: Kyurem
|-start|p2a: Kyurem|Substitute
|-damage|p2a: Kyurem|76/100
|
|-heal|p2a: Kyurem|82/100|[from] item: Leftovers
|-heal|p1a: Ting-Lu|100/100|[from] item: Leftovers
|upkeep
|turn|12
|
|t:|1776168345
|move|p2a: Kyurem|Freeze-Dry|p1a: Ting-Lu
|-supereffective|p1a: Ting-Lu
|-damage|p1a: Ting-Lu|69/100
|move|p1a: Ting-Lu|Whirlwind|p2a: Kyurem
|drag|p2a: Alomomola|Alomomola, F|100/100
|
|-heal|p1a: Ting-Lu|75/100|[from] item: Leftovers
|upkeep
|turn|13
|
|t:|1776168351
|move|p1a: Ting-Lu|Stealth Rock|p2a: Alomomola
|-sidestart|p2: Wozzathesexygod|move: Stealth Rock
|move|p2a: Alomomola|Flip Turn|p1a: Ting-Lu
|-supereffective|p1a: Ting-Lu
|-damage|p1a: Ting-Lu|57/100
|
|t:|1776168353
|switch|p2a: Weezing|Weezing-Galar, F|100/100|[from] Flip Turn
|-ability|p2a: Weezing|Neutralizing Gas
|-damage|p2a: Weezing|88/100|[from] Stealth Rock
|
|-heal|p2a: Weezing|94/100|[from] item: Leftovers
|-heal|p1a: Ting-Lu|63/100|[from] item: Leftovers
|upkeep
|turn|14
|
|t:|1776168359
|move|p2a: Weezing|Will-O-Wisp|p1a: Ting-Lu
|-status|p1a: Ting-Lu|brn
|move|p1a: Ting-Lu|Earthquake|p2a: Weezing
|-supereffective|p2a: Weezing
|-damage|p2a: Weezing|68/100
|
|-heal|p2a: Weezing|74/100|[from] item: Leftovers
|-heal|p1a: Ting-Lu|69/100 brn|[from] item: Leftovers
|-damage|p1a: Ting-Lu|63/100 brn|[from] brn
|upkeep
|turn|15
|
|t:|1776168363
|move|p2a: Weezing|Defog|p1a: Ting-Lu
|-unboost|p1a: Ting-Lu|evasion|1
|-sideend|p1: subtect kyurem|Stealth Rock|[from] move: Defog|[of] p2a: Weezing
|-sideend|p2: Wozzathesexygod|Stealth Rock|[from] move: Defog|[of] p2a: Weezing
|move|p1a: Ting-Lu|Ruination|p2a: Weezing
|-damage|p2a: Weezing|37/100
|
|-heal|p2a: Weezing|43/100|[from] item: Leftovers
|-heal|p1a: Ting-Lu|69/100 brn|[from] item: Leftovers
|-damage|p1a: Ting-Lu|63/100 brn|[from] brn
|upkeep
|turn|16
|
|t:|1776168369
|-end|p2a: Weezing|ability: Neutralizing Gas
|-ability|p1a: Ting-Lu|Vessel of Ruin
|switch|p2a: Corviknight|Corviknight, F|82/100
|-ability|p2a: Corviknight|Pressure
|move|p1a: Ting-Lu|Stealth Rock|p2a: Corviknight
|-sidestart|p2: Wozzathesexygod|move: Stealth Rock
|
|-heal|p1a: Ting-Lu|69/100 brn|[from] item: Leftovers
|-heal|p2a: Corviknight|89/100|[from] item: Leftovers
|-damage|p1a: Ting-Lu|63/100 brn|[from] brn
|upkeep
|turn|17
|
|t:|1776168373
|switch|p1a: Pecharunt|Pecharunt|98/100
|move|p2a: Corviknight|Defog|p1a: Pecharunt
|-unboost|p1a: Pecharunt|evasion|1
|-sideend|p2: Wozzathesexygod|Stealth Rock|[from] move: Defog|[of] p2a: Corviknight
|
|-heal|p2a: Corviknight|95/100|[from] item: Leftovers
|upkeep
|turn|18
|
|t:|1776168377
|move|p1a: Pecharunt|Nasty Plot|p1a: Pecharunt
|-boost|p1a: Pecharunt|spa|2
|move|p2a: Corviknight|U-turn|p1a: Pecharunt
|-resisted|p1a: Pecharunt
|-damage|p1a: Pecharunt|96/100
|
|t:|1776168383
|switch|p2a: Ting-Lu|Ting-Lu|96/100|[from] U-turn
|-ability|p2a: Ting-Lu|Vessel of Ruin
|
|-heal|p2a: Ting-Lu|100/100|[from] item: Leftovers
|upkeep
|turn|19
|
|t:|1776168385
|move|p1a: Pecharunt|Malignant Chain|p2a: Ting-Lu
|-resisted|p2a: Ting-Lu
|-damage|p2a: Ting-Lu|87/100
|move|p2a: Ting-Lu|Earthquake|p1a: Pecharunt
|-supereffective|p1a: Pecharunt
|-damage|p1a: Pecharunt|49/100
|
|-heal|p2a: Ting-Lu|93/100|[from] item: Leftovers
|upkeep
|turn|20
|
|t:|1776168391
|move|p1a: Pecharunt|Recover|p1a: Pecharunt
|-heal|p1a: Pecharunt|99/100
|move|p2a: Ting-Lu|Earthquake|p1a: Pecharunt
|-supereffective|p1a: Pecharunt
|-damage|p1a: Pecharunt|50/100
|
|-heal|p2a: Ting-Lu|99/100|[from] item: Leftovers
|upkeep
|turn|21
|
|t:|1776168395
|switch|p1a: Corviknight|Corviknight, F|89/100
|-ability|p1a: Corviknight|Pressure
|move|p2a: Ting-Lu|Earthquake|p1a: Corviknight
|-immune|p1a: Corviknight
|
|-heal|p2a: Ting-Lu|100/100|[from] item: Leftovers
|upkeep
|turn|22
|
|t:|1776168399
|move|p1a: Corviknight|U-turn|p2a: Ting-Lu
|-supereffective|p2a: Ting-Lu
|-damage|p2a: Ting-Lu|86/100
|
|t:|1776168402
|switch|p1a: Dragonite|Dragonite, F|100/100|[from] U-turn
|move|p2a: Ting-Lu|Ruination|p1a: Dragonite
|-damage|p1a: Dragonite|51/100
|
|-heal|p2a: Ting-Lu|92/100|[from] item: Leftovers
|upkeep
|turn|23
|
|t:|1776168407
|switch|p2a: Alomomola|Alomomola, F|100/100
|move|p1a: Dragonite|Dragon Dance|p1a: Dragonite
|-boost|p1a: Dragonite|atk|1
|-boost|p1a: Dragonite|spe|1
|
|upkeep
|turn|24
|
|t:|1776168410
|move|p1a: Dragonite|Dragon Dance|p1a: Dragonite
|-boost|p1a: Dragonite|atk|1
|-boost|p1a: Dragonite|spe|1
|move|p2a: Alomomola|Tickle|p1a: Dragonite
|-unboost|p1a: Dragonite|atk|1
|-unboost|p1a: Dragonite|def|1
|
|upkeep
|turn|25
|
|t:|1776168418
|switch|p1a: Primarina|Primarina, F, shiny|90/100
|move|p2a: Alomomola|Tickle|p1a: Primarina
|-unboost|p1a: Primarina|atk|1
|-unboost|p1a: Primarina|def|1
|
|-heal|p1a: Primarina|96/100|[from] item: Leftovers
|upkeep
|turn|26
|
|t:|1776168421
|move|p2a: Alomomola|Protect|p2a: Alomomola
|-singleturn|p2a: Alomomola|Protect
|move|p1a: Primarina|Whirlpool|p2a: Alomomola
|-activate|p2a: Alomomola|move: Protect
|
|-heal|p1a: Primarina|100/100|[from] item: Leftovers
|upkeep
|turn|27
|
|t:|1776168426
|move|p2a: Alomomola|Wish|p2a: Alomomola
|move|p1a: Primarina|Whirlpool|p2a: Alomomola
|-resisted|p2a: Alomomola
|-damage|p2a: Alomomola|92/100
|-activate|p2a: Alomomola|move: Whirlpool|[of] p1a: Primarina
|
|-damage|p2a: Alomomola|80/100|[from] move: Whirlpool|[partiallytrapped]
|upkeep
|turn|28
|
|t:|1776168432
|move|p1a: Primarina|Protect|p1a: Primarina
|-singleturn|p1a: Primarina|Protect
|move|p2a: Alomomola|Flip Turn|p1a: Primarina
|-activate|p1a: Primarina|move: Protect
|
|-heal|p2a: Alomomola|100/100|[from] move: Wish|[wisher] Alomomola
|-damage|p2a: Alomomola|88/100|[from] move: Whirlpool|[partiallytrapped]
|upkeep
|turn|29
|
|t:|1776168436
|move|p2a: Alomomola|Flip Turn|p1a: Primarina
|-resisted|p1a: Primarina
|-damage|p1a: Primarina|90/100
|
|t:|1776168439
|switch|p2a: Corviknight|Corviknight, F|95/100|[from] Flip Turn
|-ability|p2a: Corviknight|Pressure
|move|p1a: Primarina|Whirlpool|p2a: Corviknight
|-damage|p2a: Corviknight|84/100
|-activate|p2a: Corviknight|move: Whirlpool|[of] p1a: Primarina
|
|-heal|p2a: Corviknight|91/100|[from] item: Leftovers
|-heal|p1a: Primarina|96/100|[from] item: Leftovers
|-damage|p2a: Corviknight|78/100|[from] move: Whirlpool|[partiallytrapped]
|upkeep
|turn|30
|
|t:|1776168450
|move|p1a: Primarina|Protect|p1a: Primarina
|-singleturn|p1a: Primarina|Protect
|move|p2a: Corviknight|U-turn|p1a: Primarina
|-activate|p1a: Primarina|move: Protect
|
|-heal|p2a: Corviknight|84/100|[from] item: Leftovers
|-heal|p1a: Primarina|100/100|[from] item: Leftovers
|-damage|p2a: Corviknight|72/100|[from] move: Whirlpool|[partiallytrapped]
|upkeep
|turn|31
|
|t:|1776168455
|switch|p1a: Corviknight|Corviknight, F|89/100
|-ability|p1a: Corviknight|Pressure
|move|p2a: Corviknight|Brave Bird|p1a: Corviknight
|-resisted|p1a: Corviknight
|-damage|p1a: Corviknight|79/100
|-damage|p2a: Corviknight|55/100|[from] item: Rocky Helmet|[of] p1a: Corviknight
|-damage|p2a: Corviknight|52/100|[from] Recoil
|
|-heal|p2a: Corviknight|58/100|[from] item: Leftovers
|-end|p2a: Corviknight|Whirlpool|[partiallytrapped]|[silent]
|upkeep
|turn|32
|
|t:|1776168463
|move|p1a: Corviknight|U-turn|p2a: Corviknight
|-resisted|p2a: Corviknight
|-damage|p2a: Corviknight|55/100
|
|t:|1776168466
|switch|p1a: Dragonite|Dragonite, F|51/100|[from] U-turn
|move|p2a: Corviknight|Roost|p2a: Corviknight
|-heal|p2a: Corviknight|100/100
|-singleturn|p2a: Corviknight|move: Roost
|
|upkeep
|turn|33
|
|t:|1776168472
|move|p1a: Dragonite|Encore|p2a: Corviknight
|-start|p2a: Corviknight|Encore
|move|p2a: Corviknight|Roost||[still]
|-fail|p2a: Corviknight|heal
|
|upkeep
|turn|34
|
|t:|1776168475
|switch|p2a: Alomomola|Alomomola, F|100/100
|move|p1a: Dragonite|Dragon Dance|p1a: Dragonite
|-boost|p1a: Dragonite|atk|1
|-boost|p1a: Dragonite|spe|1
|
|upkeep
|turn|35
|
|t:|1776168482
|switch|p1a: Pecharunt|Pecharunt|50/100
|move|p2a: Alomomola|Tickle|p1a: Pecharunt
|-unboost|p1a: Pecharunt|atk|1
|-unboost|p1a: Pecharunt|def|1
|
|upkeep
|turn|36
|
|t:|1776168486
|move|p2a: Alomomola|Protect|p2a: Alomomola
|-singleturn|p2a: Alomomola|Protect
|move|p1a: Pecharunt|Recover|p1a: Pecharunt
|-heal|p1a: Pecharunt|99/100
|
|upkeep
|turn|37
|
|t:|1776168490
|switch|p2a: Corviknight|Corviknight, F|100/100
|-ability|p2a: Corviknight|Pressure
|move|p1a: Pecharunt|Nasty Plot|p1a: Pecharunt
|-boost|p1a: Pecharunt|spa|2
|
|upkeep
|turn|38
|
|t:|1776168493
|move|p1a: Pecharunt|Shadow Ball|p2a: Corviknight
|-damage|p2a: Corviknight|62/100
|move|p2a: Corviknight|U-turn|p1a: Pecharunt
|-resisted|p1a: Pecharunt
|-damage|p1a: Pecharunt|97/100
|
|t:|1776168500
|switch|p2a: Ting-Lu|Ting-Lu|92/100|[from] U-turn
|-ability|p2a: Ting-Lu|Vessel of Ruin
|
|-heal|p2a: Ting-Lu|98/100|[from] item: Leftovers
|upkeep
|turn|39
|
|t:|1776168503
|move|p1a: Pecharunt|Malignant Chain|p2a: Ting-Lu
|-resisted|p2a: Ting-Lu
|-damage|p2a: Ting-Lu|84/100
|-status|p2a: Ting-Lu|tox
|-start|p2a: Ting-Lu|confusion|[from] ability: Poison Puppeteer|[of] p1a: Pecharunt
|-activate|p2a: Ting-Lu|confusion
|move|p2a: Ting-Lu|Earthquake|p1a: Pecharunt
|-supereffective|p1a: Pecharunt
|-damage|p1a: Pecharunt|21/100
|
|-heal|p2a: Ting-Lu|90/100 tox|[from] item: Leftovers
|-damage|p2a: Ting-Lu|84/100 tox|[from] psn
|upkeep
|turn|40
|
|t:|1776168530
|switch|p1a: Corviknight|Corviknight, F|79/100
|-ability|p1a: Corviknight|Pressure
|-end|p2a: Ting-Lu|confusion
|move|p2a: Ting-Lu|Earthquake|p1a: Corviknight
|-immune|p1a: Corviknight
|
|-heal|p2a: Ting-Lu|90/100 tox|[from] item: Leftovers
|-damage|p2a: Ting-Lu|78/100 tox|[from] psn
|upkeep
|turn|41
|
|t:|1776168537
|move|p1a: Corviknight|U-turn|p2a: Ting-Lu
|-supereffective|p2a: Ting-Lu
|-damage|p2a: Ting-Lu|60/100 tox
|
|t:|1776168540
|switch|p1a: Dragonite|Dragonite, F|51/100|[from] U-turn
|move|p2a: Ting-Lu|Stealth Rock|p1a: Dragonite
|-sidestart|p1: subtect kyurem|move: Stealth Rock
|
|-heal|p2a: Ting-Lu|66/100 tox|[from] item: Leftovers
|-damage|p2a: Ting-Lu|48/100 tox|[from] psn
|upkeep
|turn|42
|
|t:|1776168550
|switch|p1a: Pecharunt|Pecharunt|21/100
|switch|p2a: Alomomola|Alomomola, F|100/100
|
|upkeep
|turn|43
|
|t:|1776168555
|move|p1a: Pecharunt|Recover|p1a: Pecharunt
|-heal|p1a: Pecharunt|71/100
|move|p2a: Alomomola|Flip Turn|p1a: Pecharunt
|-damage|p1a: Pecharunt|60/100
|
|t:|1776168564
|switch|p2a: Ting-Lu|Ting-Lu|48/100 tox|[from] Flip Turn
|-ability|p2a: Ting-Lu|Vessel of Ruin
|
|-heal|p2a: Ting-Lu|54/100 tox|[from] item: Leftovers
|-damage|p2a: Ting-Lu|48/100 tox|[from] psn
|upkeep
|turn|44
|
|t:|1776168572
|switch|p1a: Corviknight|Corviknight, F|79/100
|-damage|p1a: Corviknight|66/100|[from] Stealth Rock
|-ability|p1a: Corviknight|Pressure
|move|p2a: Ting-Lu|Rest|p2a: Ting-Lu
|-status|p2a: Ting-Lu|slp|[from] move: Rest
|-heal|p2a: Ting-Lu|100/100 slp|[silent]
|
|upkeep
|turn|45
|
|t:|1776168576
|move|p1a: Corviknight|Defog|p2a: Ting-Lu
|-unboost|p2a: Ting-Lu|evasion|1
|-sideend|p1: subtect kyurem|Stealth Rock|[from] move: Defog|[of] p1a: Corviknight
|cant|p2a: Ting-Lu|slp
|
|upkeep
|turn|46
|
|t:|1776168579
|move|p1a: Corviknight|U-turn|p2a: Ting-Lu
|-supereffective|p2a: Ting-Lu
|-damage|p2a: Ting-Lu|85/100 slp
|
|t:|1776168580
|switch|p1a: Primarina|Primarina, F, shiny|100/100|[from] U-turn
|cant|p2a: Ting-Lu|slp
|
|-heal|p2a: Ting-Lu|91/100 slp|[from] item: Leftovers
|upkeep
|turn|47
|
|t:|1776168588
|switch|p2a: Corviknight|Corviknight, F|62/100
|-ability|p2a: Corviknight|Pressure
|move|p1a: Primarina|Whirlpool|p2a: Corviknight
|-damage|p2a: Corviknight|52/100
|-activate|p2a: Corviknight|move: Whirlpool|[of] p1a: Primarina
|
|-heal|p2a: Corviknight|59/100|[from] item: Leftovers
|-damage|p2a: Corviknight|46/100|[from] move: Whirlpool|[partiallytrapped]
|upkeep
|turn|48
|
|t:|1776168591
|move|p1a: Primarina|Protect|p1a: Primarina
|-singleturn|p1a: Primarina|Protect
|move|p2a: Corviknight|Roost|p2a: Corviknight
|-heal|p2a: Corviknight|96/100
|-singleturn|p2a: Corviknight|move: Roost
|
|-heal|p2a: Corviknight|100/100|[from] item: Leftovers
|-damage|p2a: Corviknight|88/100|[from] move: Whirlpool|[partiallytrapped]
|upkeep
|turn|49
|
|t:|1776168598
|move|p2a: Corviknight|U-turn|p1a: Primarina
|-resisted|p1a: Primarina
|-damage|p1a: Primarina|94/100
|
|t:|1776168601
|switch|p2a: Alomomola|Alomomola, F|100/100|[from] U-turn
|move|p1a: Primarina|Moonblast|p2a: Alomomola
|-damage|p2a: Alomomola|53/100
|
|-heal|p1a: Primarina|100/100|[from] item: Leftovers
|upkeep
|turn|50
|
|t:|1776168614
|move|p2a: Alomomola|Protect|p2a: Alomomola
|-singleturn|p2a: Alomomola|Protect
|move|p1a: Primarina|Moonblast|p2a: Alomomola
|-activate|p2a: Alomomola|move: Protect
|
|upkeep
|turn|51
|
|t:|1776168620
|switch|p2a: Corviknight|Corviknight, F|88/100
|-ability|p2a: Corviknight|Pressure
|move|p1a: Primarina|Moonblast|p2a: Corviknight
|-resisted|p2a: Corviknight
|-damage|p2a: Corviknight|74/100
|
|-heal|p2a: Corviknight|80/100|[from] item: Leftovers
|upkeep
|turn|52
|
|t:|1776168623
|switch|p1a: Pecharunt|Pecharunt|60/100
|move|p2a: Corviknight|Brave Bird|p1a: Pecharunt
|-damage|p1a: Pecharunt|35/100
|-damage|p2a: Corviknight|72/100|[from] Recoil
|
|-heal|p2a: Corviknight|79/100|[from] item: Leftovers
|upkeep
|turn|53
|j| kanaete onegai
|
|t:|1776168635
|move|p1a: Pecharunt|Recover|p1a: Pecharunt
|-heal|p1a: Pecharunt|85/100
|move|p2a: Corviknight|U-turn|p1a: Pecharunt
|-resisted|p1a: Pecharunt
|-crit|p1a: Pecharunt
|-damage|p1a: Pecharunt|82/100
|
|t:|1776168637
|switch|p2a: Kyurem|Kyurem|82/100|[from] U-turn
|-ability|p2a: Kyurem|Pressure
|
|-heal|p2a: Kyurem|88/100|[from] item: Leftovers
|upkeep
|turn|54
|
|t:|1776168651
|move|p2a: Kyurem|Substitute|p2a: Kyurem
|-start|p2a: Kyurem|Substitute
|-damage|p2a: Kyurem|63/100
|move|p1a: Pecharunt|Nasty Plot|p1a: Pecharunt
|-boost|p1a: Pecharunt|spa|2
|
|-heal|p2a: Kyurem|69/100|[from] item: Leftovers
|upkeep
|turn|55
|
|t:|1776168654
|move|p2a: Kyurem|Earth Power|p1a: Pecharunt
|-supereffective|p1a: Pecharunt
|-damage|p1a: Pecharunt|20/100
|move|p1a: Pecharunt|Shadow Ball|p2a: Kyurem
|-end|p2a: Kyurem|Substitute
|
|-heal|p2a: Kyurem|75/100|[from] item: Leftovers
|upkeep
|turn|56
|
|t:|1776168658
|move|p2a: Kyurem|Earth Power|p1a: Pecharunt
|-supereffective|p1a: Pecharunt
|-damage|p1a: Pecharunt|0 fnt
|faint|p1a: Pecharunt
|
|-heal|p2a: Kyurem|82/100|[from] item: Leftovers
|upkeep
|
|t:|1776168667
|switch|p1a: Zamazenta|Zamazenta|100/100
|-ability|p1a: Zamazenta|Dauntless Shield|boost
|-boost|p1a: Zamazenta|def|1
|turn|57
|
|t:|1776168678
|switch|p1a: Primarina|Primarina, F, shiny|100/100
|switch|p2a: Alomomola|Alomomola, F|86/100
|
|upkeep
|turn|58
|
|t:|1776168685
|move|p2a: Alomomola|Flip Turn|p1a: Primarina
|-resisted|p1a: Primarina
|-damage|p1a: Primarina|93/100
|
|t:|1776168687
|switch|p2a: Corviknight|Corviknight, F|79/100|[from] Flip Turn
|-ability|p2a: Corviknight|Pressure
|move|p1a: Primarina|Moonblast|p2a: Corviknight
|-resisted|p2a: Corviknight
|-damage|p2a: Corviknight|65/100
|
|-heal|p2a: Corviknight|71/100|[from] item: Leftovers
|-heal|p1a: Primarina|99/100|[from] item: Leftovers
|upkeep
|turn|59
|
|t:|1776168692
|switch|p1a: Corviknight|Corviknight, F|66/100
|-ability|p1a: Corviknight|Pressure
|move|p2a: Corviknight|Brave Bird|p1a: Corviknight
|-resisted|p1a: Corviknight
|-damage|p1a: Corviknight|55/100
|-damage|p2a: Corviknight|55/100|[from] item: Rocky Helmet|[of] p1a: Corviknight
|-damage|p2a: Corviknight|51/100|[from] Recoil
|
|-heal|p2a: Corviknight|57/100|[from] item: Leftovers
|upkeep
|turn|60
|
|t:|1776168695
|move|p1a: Corviknight|Roost|p1a: Corviknight
|-heal|p1a: Corviknight|100/100
|-singleturn|p1a: Corviknight|move: Roost
|move|p2a: Corviknight|Roost|p2a: Corviknight
|-heal|p2a: Corviknight|100/100
|-singleturn|p2a: Corviknight|move: Roost
|
|upkeep
|turn|61
|
|t:|1776168701
|move|p1a: Corviknight|Brave Bird|p2a: Corviknight
|-resisted|p2a: Corviknight
|-damage|p2a: Corviknight|86/100
|-damage|p1a: Corviknight|96/100|[from] Recoil
|move|p2a: Corviknight|U-turn|p1a: Corviknight
|-resisted|p1a: Corviknight
|-damage|p1a: Corviknight|93/100
|-damage|p2a: Corviknight|69/100|[from] item: Rocky Helmet|[of] p1a: Corviknight
|
|t:|1776168705
|switch|p2a: Weezing|Weezing-Galar, F|43/100|[from] U-turn
|-ability|p2a: Weezing|Neutralizing Gas
|
|-heal|p2a: Weezing|49/100|[from] item: Leftovers
|upkeep
|turn|62
|
|t:|1776168709
|move|p2a: Weezing|Protect|p2a: Weezing
|-singleturn|p2a: Weezing|Protect
|move|p1a: Corviknight|U-turn|p2a: Weezing
|-activate|p2a: Weezing|move: Protect
|
|-heal|p2a: Weezing|55/100|[from] item: Leftovers
|upkeep
|turn|63
|
|t:|1776168722
|move|p2a: Weezing|Will-O-Wisp|p1a: Corviknight
|-status|p1a: Corviknight|brn
|move|p1a: Corviknight|U-turn|p2a: Weezing
|-resisted|p2a: Weezing
|-damage|p2a: Weezing|54/100
|inactive|subtect kyurem has 120 seconds left.
|
|t:|1776168753
|switch|p1a: Primarina|Primarina, F, shiny|99/100|[from] U-turn
|
|-heal|p2a: Weezing|60/100|[from] item: Leftovers
|-heal|p1a: Primarina|100/100|[from] item: Leftovers
|upkeep
|turn|64
|
|t:|1776168759
|switch|p1a: Dragonite|Dragonite, F|51/100
|move|p2a: Weezing|Protect||[still]
|-fail|p2a: Weezing
|
|-heal|p2a: Weezing|66/100|[from] item: Leftovers
|upkeep
|turn|65
|
|t:|1776168764
|-end|p2a: Weezing|ability: Neutralizing Gas
|switch|p2a: Alomomola|Alomomola, F|100/100
|move|p1a: Dragonite|Encore||[still]
|-fail|p1a: Dragonite
|
|upkeep
|turn|66
|
|t:|1776168769
|switch|p1a: Primarina|Primarina, F, shiny|100/100
|move|p2a: Alomomola|Flip Turn|p1a: Primarina
|-resisted|p1a: Primarina
|-crit|p1a: Primarina
|-damage|p1a: Primarina|90/100
|
|t:|1776168771
|switch|p2a: Kyurem|Kyurem|82/100|[from] Flip Turn
|-ability|p2a: Kyurem|Pressure
|
|-heal|p2a: Kyurem|88/100|[from] item: Leftovers
|-heal|p1a: Primarina|96/100|[from] item: Leftovers
|upkeep
|turn|67
|
|t:|1776168775
|move|p2a: Kyurem|Substitute|p2a: Kyurem
|-start|p2a: Kyurem|Substitute
|-damage|p2a: Kyurem|63/100
|move|p1a: Primarina|Whirlpool|p2a: Kyurem|[miss]
|-miss|p1a: Primarina|p2a: Kyurem
|
|-heal|p2a: Kyurem|69/100|[from] item: Leftovers
|-heal|p1a: Primarina|100/100|[from] item: Leftovers
|upkeep
|turn|68
|
|t:|1776168778
|move|p2a: Kyurem|Freeze-Dry|p1a: Primarina
|-supereffective|p1a: Primarina
|-damage|p1a: Primarina|42/100
|move|p1a: Primarina|Moonblast|p2a: Kyurem
|-supereffective|p2a: Kyurem
|-end|p2a: Kyurem|Substitute
|
|-heal|p2a: Kyurem|75/100|[from] item: Leftovers
|-heal|p1a: Primarina|48/100|[from] item: Leftovers
|upkeep
|turn|69
|
|t:|1776168782
|move|p1a: Primarina|Protect|p1a: Primarina
|-singleturn|p1a: Primarina|Protect
|move|p2a: Kyurem|Freeze-Dry|p1a: Primarina
|-activate|p1a: Primarina|move: Protect
|
|-heal|p2a: Kyurem|81/100|[from] item: Leftovers
|-heal|p1a: Primarina|54/100|[from] item: Leftovers
|upkeep
|turn|70
|
|t:|1776168790
|-terastallize|p1a: Primarina|Steel
|move|p2a: Kyurem|Freeze-Dry|p1a: Primarina
|-resisted|p1a: Primarina
|-damage|p1a: Primarina|40/100
|move|p1a: Primarina|Perish Song|p1a: Primarina
|-start|p1a: Primarina|perish3|[silent]
|-start|p2a: Kyurem|perish3|[silent]
|-fieldactivate|move: Perish Song
|
|-heal|p2a: Kyurem|87/100|[from] item: Leftovers
|-heal|p1a: Primarina|46/100|[from] item: Leftovers
|-start|p2a: Kyurem|perish3
|-start|p1a: Primarina|perish3
|upkeep
|turn|71
|
|t:|1776168797
|move|p2a: Kyurem|Substitute|p2a: Kyurem
|-start|p2a: Kyurem|Substitute
|-damage|p2a: Kyurem|63/100
|move|p1a: Primarina|Whirlpool|p2a: Kyurem
|-resisted|p2a: Kyurem
|-activate|p2a: Kyurem|move: Substitute|[damage]
|
|-heal|p2a: Kyurem|69/100|[from] item: Leftovers
|-heal|p1a: Primarina|52/100|[from] item: Leftovers
|-start|p2a: Kyurem|perish2
|-start|p1a: Primarina|perish2
|upkeep
|turn|72
|
|t:|1776168800
|move|p2a: Kyurem|Earth Power|p1a: Primarina
|-supereffective|p1a: Primarina
|-damage|p1a: Primarina|2/100
|move|p1a: Primarina|Moonblast|p2a: Kyurem
|-supereffective|p2a: Kyurem
|-crit|p2a: Kyurem
|-end|p2a: Kyurem|Substitute
|
|-heal|p2a: Kyurem|75/100|[from] item: Leftovers
|-heal|p1a: Primarina|8/100|[from] item: Leftovers
|-start|p2a: Kyurem|perish1
|-start|p1a: Primarina|perish1
|upkeep
|turn|73
|
|t:|1776168813
|switch|p2a: Alomomola|Alomomola, F|100/100
|switch|p1a: Zamazenta|Zamazenta|100/100
|
|upkeep
|turn|74
|c|☆Wozzathesexygod|Now that is a cool strat
|l|☆Wozzathesexygod
|inactive|Wozzathesexygod disconnected and has a minute to reconnect!
|player|p2|
|j|☆Wozzathesexygod
|inactive|Wozzathesexygod reconnected and has 130 seconds left.
|player|p2|Wozzathesexygod|n|
|inactive|Wozzathesexygod has 120 seconds left.
|c|☆subtect kyurem|you have like the perfect counter team to it tho
|
|t:|1776168852
|move|p2a: Alomomola|Protect|p2a: Alomomola
|-singleturn|p2a: Alomomola|Protect
|move|p1a: Zamazenta|Iron Defense|p1a: Zamazenta
|-boost|p1a: Zamazenta|def|2
|
|upkeep
|turn|75
|
|t:|1776168855
|move|p1a: Zamazenta|Iron Defense|p1a: Zamazenta
|-boost|p1a: Zamazenta|def|2
|move|p2a: Alomomola|Tickle|p1a: Zamazenta
|-unboost|p1a: Zamazenta|atk|1
|-unboost|p1a: Zamazenta|def|1
|
|upkeep
|turn|76
|
|t:|1776168857
|move|p1a: Zamazenta|Iron Defense|p1a: Zamazenta
|-boost|p1a: Zamazenta|def|2
|move|p2a: Alomomola|Flip Turn|p1a: Zamazenta
|-damage|p1a: Zamazenta|97/100
|
|t:|1776168865
|switch|p2a: Dragapult|Dragapult, F, shiny|100/100|[from] Flip Turn
|
|upkeep
|turn|77
|
|t:|1776168870
|move|p2a: Dragapult|Will-O-Wisp|p1a: Zamazenta|[miss]
|-miss|p2a: Dragapult|p1a: Zamazenta
|move|p1a: Zamazenta|Crunch|p2a: Dragapult
|-supereffective|p2a: Dragapult
|-damage|p2a: Dragapult|61/100
|-unboost|p2a: Dragapult|def|1
|
|upkeep
|turn|78
|
|t:|1776168889
|move|p2a: Dragapult|Will-O-Wisp|p1a: Zamazenta|[miss]
|-miss|p2a: Dragapult|p1a: Zamazenta
|move|p1a: Zamazenta|Crunch|p2a: Dragapult
|-supereffective|p2a: Dragapult
|-damage|p2a: Dragapult|6/100
|
|upkeep
|turn|79
|
|t:|1776168894
|switch|p2a: Alomomola|Alomomola, F|100/100
|move|p1a: Zamazenta|Iron Defense|p1a: Zamazenta
|-boost|p1a: Zamazenta|def|1
|
|upkeep
|turn|80
|
|t:|1776168899
|-terastallize|p2a: Alomomola|Ghost
|move|p1a: Zamazenta|Body Press|p2a: Alomomola
|-immune|p2a: Alomomola
|move|p2a: Alomomola|Wish|p2a: Alomomola
|
|upkeep
|turn|81
|
|t:|1776168904
|move|p1a: Zamazenta|Crunch|p2a: Alomomola
|-supereffective|p2a: Alomomola
|-damage|p2a: Alomomola|84/100
|-damage|p1a: Zamazenta|80/100|[from] item: Rocky Helmet|[of] p2a: Alomomola
|move|p2a: Alomomola|Flip Turn|p1a: Zamazenta
|-damage|p1a: Zamazenta|77/100
|
|t:|1776168906
|switch|p2a: Dragapult|Dragapult, F, shiny|6/100|[from] Flip Turn
|
|-heal|p2a: Dragapult|91/100|[from] move: Wish|[wisher] Alomomola
|upkeep
|turn|82
|
|t:|1776168910
|move|p2a: Dragapult|Will-O-Wisp|p1a: Zamazenta
|-status|p1a: Zamazenta|brn
|move|p1a: Zamazenta|Crunch|p2a: Dragapult
|-supereffective|p2a: Dragapult
|-damage|p2a: Dragapult|72/100
|
|-damage|p1a: Zamazenta|71/100 brn|[from] brn
|upkeep
|turn|83
|
|t:|1776168914
|switch|p2a: Alomomola|Alomomola, F, tera:Ghost|100/100
|move|p1a: Zamazenta|Rest|p1a: Zamazenta
|-status|p1a: Zamazenta|slp|[from] move: Rest
|-heal|p1a: Zamazenta|100/100 slp|[silent]
|-enditem|p1a: Zamazenta|Chesto Berry|[eat]
|-curestatus|p1a: Zamazenta|slp|[msg]
|
|upkeep
|turn|84
|-message|subtect kyurem forfeited.
|
|win|Wozzathesexygod
|raw|subtect kyurem's rating: 1642 &rarr; <strong>1619</strong><br />(-23 for losing)
|raw|Wozzathesexygod's rating: 1592 &rarr; <strong>1615</strong><br />(+23 for winning)
|l|☆subtect kyurem
|player|p1|
|c|☆Wozzathesexygod|Gg cool strats
