|html|<div class="broadcast-blue"><strong>[Gen 9] OU is currently suspecting Tera Blast! For information on how to participate check out the <a href="https://www.smogon.com/tools/suspects/view/200">suspect thread</a>.</strong></div>
|j|☆TheRegisAreCool
|j|☆jorgeviera
|t:|1776045437
|gametype|singles
|player|p1|TheRegisAreCool|fisherman-gen4|1272
|player|p2|jorgeviera|102|1291
|gen|9
|tier|[Gen 9] OU
|rated|
|rule|HP Percentage Mod: HP is shown in percentages
|rule|Endless Battle Clause: Forcing endless battles is banned
|rule|Species Clause: Limit one of each Pokémon
|rule|OHKO Clause: OHKO moves are banned
|rule|Evasion Items Clause: Evasion items are banned
|rule|Evasion Moves Clause: Evasion moves are banned
|rule|Evasion Abilities Clause: Evasion abilities are banned
|rule|Sleep Moves Clause: Sleep-inducing moves are banned
|clearpoke
|poke|p1|Donphan, M|
|poke|p1|Dragonite, M|
|poke|p1|Iron Valiant|
|poke|p1|Raging Bolt|
|poke|p1|Deoxys-Speed|
|poke|p1|Lokix, F|
|poke|p2|Zapdos|
|poke|p2|Incineroar, F|
|poke|p2|Politoed, F|
|poke|p2|Gliscor, M|
|poke|p2|Rillaboom, M|
|poke|p2|Corviknight, M|
|teampreview
|inactive|Battle timer is ON: inactive players will automatically lose when time's up. (requested by TheRegisAreCool)
|
|t:|1776045452
|teamsize|p1|6
|teamsize|p2|6
|start
|switch|p1a: Giraffe cat|Raging Bolt|100/100
|switch|p2a: Gliscor|Gliscor, M|100/100
|-enditem|p1a: Giraffe cat|Booster Energy
|-activate|p1a: Giraffe cat|ability: Protosynthesis|[fromitem]
|-start|p1a: Giraffe cat|protosynthesisspa
|turn|1
|
|t:|1776045478
|-terastallize|p1a: Giraffe cat|Fairy
|move|p2a: Gliscor|Substitute|p2a: Gliscor
|-start|p2a: Gliscor|Substitute
|-damage|p2a: Gliscor|75/100
|move|p1a: Giraffe cat|Dragon Pulse|p2a: Gliscor
|-end|p2a: Gliscor|Substitute
|
|-status|p2a: Gliscor|tox|[from] item: Toxic Orb
|upkeep
|turn|2
|
|t:|1776045496
|move|p2a: Gliscor|Earthquake|p1a: Giraffe cat
|-damage|p1a: Giraffe cat|67/100
|move|p1a: Giraffe cat|Dragon Pulse|p2a: Gliscor
|-damage|p2a: Gliscor|0 fnt
|faint|p2a: Gliscor
|
|upkeep
|
|t:|1776045501
|switch|p2a: Zapdos|Zapdos|100/100
|turn|3
|
|t:|1776045519
|move|p2a: Zapdos|Volt Switch|p1a: Giraffe cat
|-damage|p1a: Giraffe cat|28/100
|
|t:|1776045531
|switch|p2a: Incineroar|Incineroar, F|100/100|[from] Volt Switch
|-ability|p2a: Incineroar|Intimidate|boost
|-unboost|p1a: Giraffe cat|atk|1
|move|p1a: Giraffe cat|Dragon Pulse|p2a: Incineroar
|-damage|p2a: Incineroar|37/100
|
|upkeep
|turn|4
|
|t:|1776045539
|move|p1a: Giraffe cat|Thunderbolt|p2a: Incineroar
|-damage|p2a: Incineroar|0 fnt
|faint|p2a: Incineroar
|
|upkeep
|inactive|jorgeviera has 120 seconds left.
|inactive|jorgeviera has 90 seconds left.
|
|t:|1776045605
|switch|p2a: Zapdos|Zapdos|100/100
|turn|5
|
|t:|1776045610
|move|p2a: Zapdos|Heat Wave|p1a: Giraffe cat
|-damage|p1a: Giraffe cat|0 fnt
|faint|p1a: Giraffe cat
|-end|p1a: Giraffe cat|Protosynthesis|[silent]
|
|upkeep
|
|t:|1776045625
|switch|p1a: Donphan|Donphan, M|100/100
|turn|6
|
|t:|1776045635
|switch|p2a: Corviknight|Corviknight, M|100/100
|-ability|p2a: Corviknight|Pressure
|move|p1a: Donphan|Stone Edge|p2a: Corviknight
|-damage|p2a: Corviknight|70/100
|
|upkeep
|turn|7
|
|t:|1776045639
|move|p2a: Corviknight|Iron Head|p1a: Donphan
|-damage|p1a: Donphan|73/100
|cant|p1a: Donphan|flinch
|
|upkeep
|turn|8
|
|t:|1776045642
|move|p2a: Corviknight|Iron Head|p1a: Donphan
|-damage|p1a: Donphan|44/100
|move|p1a: Donphan|Stone Edge|p2a: Corviknight|[miss]
|-miss|p1a: Donphan|p2a: Corviknight
|
|upkeep
|turn|9
|
|t:|1776045645
|move|p2a: Corviknight|Bulk Up|p2a: Corviknight
|-boost|p2a: Corviknight|atk|1
|-boost|p2a: Corviknight|def|1
|move|p1a: Donphan|Stone Edge|p2a: Corviknight
|-damage|p2a: Corviknight|51/100
|
|upkeep
|turn|10
|
|t:|1776045647
|move|p2a: Corviknight|Iron Head|p1a: Donphan
|-damage|p1a: Donphan|0 fnt
|faint|p1a: Donphan
|
|upkeep
|
|t:|1776045657
|switch|p1a: Deoxys|Deoxys-Speed|100/100
|-ability|p1a: Deoxys|Pressure
|turn|11
|
|t:|1776045662
|move|p1a: Deoxys|Superpower|p2a: Corviknight
|-damage|p2a: Corviknight|34/100
|-unboost|p1a: Deoxys|atk|1
|-unboost|p1a: Deoxys|def|1
|-damage|p1a: Deoxys|84/100|[from] item: Rocky Helmet|[of] p2a: Corviknight
|move|p2a: Corviknight|Roost|p2a: Corviknight
|-heal|p2a: Corviknight|84/100
|-singleturn|p2a: Corviknight|move: Roost
|
|upkeep
|turn|12
|
|t:|1776045671
|move|p1a: Deoxys|Knock Off|p2a: Corviknight
|-crit|p2a: Corviknight
|-damage|p2a: Corviknight|51/100
|-damage|p1a: Deoxys|67/100|[from] item: Rocky Helmet|[of] p2a: Corviknight
|-enditem|p2a: Corviknight|Rocky Helmet|[from] move: Knock Off|[of] p1a: Deoxys
|move|p2a: Corviknight|Iron Head|p1a: Deoxys
|-damage|p1a: Deoxys|0 fnt
|faint|p1a: Deoxys
|
|upkeep
|
|t:|1776045694
|switch|p1a: Iron Valiant|Iron Valiant|100/100
|-enditem|p1a: Iron Valiant|Booster Energy
|-activate|p1a: Iron Valiant|ability: Quark Drive|[fromitem]
|-start|p1a: Iron Valiant|quarkdrivespe
|turn|13
|
|t:|1776045709
|move|p1a: Iron Valiant|Close Combat|p2a: Corviknight
|-damage|p2a: Corviknight|23/100
|-unboost|p1a: Iron Valiant|def|1
|-unboost|p1a: Iron Valiant|spd|1
|move|p2a: Corviknight|Iron Head|p1a: Iron Valiant
|-supereffective|p1a: Iron Valiant
|-damage|p1a: Iron Valiant|0 fnt
|faint|p1a: Iron Valiant
|-end|p1a: Iron Valiant|Quark Drive|[silent]
|
|upkeep
|inactive|TheRegisAreCool has 120 seconds left.
|
|t:|1776045762
|switch|p1a: Lokix|Lokix, F|100/100
|turn|14
|
|t:|1776045779
|move|p1a: Lokix|First Impression|p2a: Corviknight
|-resisted|p2a: Corviknight
|-crit|p2a: Corviknight
|-damage|p2a: Corviknight|0 fnt
|faint|p2a: Corviknight
|
|upkeep
|
|t:|1776045787
|switch|p2a: Zapdos|Zapdos|100/100
|turn|15
|inactive|TheRegisAreCool has 90 seconds left.
|
|t:|1776045831
|move|p1a: Lokix|Sucker Punch|p2a: Zapdos
|-damage|p2a: Zapdos|56/100
|move|p2a: Zapdos|Volt Switch|p1a: Lokix
|-damage|p1a: Lokix|31/100
|
|t:|1776045840
|switch|p2a: Politoed|Politoed, F|100/100|[from] Volt Switch
|-weather|RainDance|[from] ability: Drizzle|[of] p2a: Politoed
|
|-weather|RainDance|[upkeep]
|upkeep
|turn|16
|inactive|TheRegisAreCool has 90 seconds left.
|
|t:|1776045848
|switch|p2a: Zapdos|Zapdos|56/100
|move|p1a: Lokix|U-turn|p2a: Zapdos
|-resisted|p2a: Zapdos
|-damage|p2a: Zapdos|17/100
|-status|p1a: Lokix|par|[from] ability: Static|[of] p2a: Zapdos
|
|t:|1776045851
|switch|p1a: Dragonite|Dragonite, M|100/100|[from] U-turn
|
|-weather|RainDance|[upkeep]
|upkeep
|turn|17
|
|t:|1776045858
|move|p1a: Dragonite|Extreme Speed|p2a: Zapdos
|-damage|p2a: Zapdos|0 fnt
|faint|p2a: Zapdos
|
|-weather|RainDance|[upkeep]
|upkeep
|
|t:|1776045860
|switch|p2a: Politoed|Politoed, F|100/100
|turn|18
|
|t:|1776045869
|move|p1a: Dragonite|Dragon Dance|p1a: Dragonite
|-boost|p1a: Dragonite|atk|1
|-boost|p1a: Dragonite|spe|1
|move|p2a: Politoed|Ice Beam|p1a: Dragonite
|-supereffective|p1a: Dragonite
|-damage|p1a: Dragonite|43/100
|
|-weather|RainDance|[upkeep]
|upkeep
|turn|19
|
|t:|1776045893
|move|p1a: Dragonite|Earthquake|p2a: Politoed
|-damage|p2a: Politoed|31/100
|move|p2a: Politoed|Ice Beam|p1a: Dragonite
|-supereffective|p1a: Dragonite
|-damage|p1a: Dragonite|0 fnt
|faint|p1a: Dragonite
|
|-weather|RainDance|[upkeep]
|upkeep
|inactive|TheRegisAreCool has 120 seconds left.
|
|t:|1776045903
|switch|p1a: Lokix|Lokix, F|31/100 par
|turn|20
|
|t:|1776045912
|cant|p1a: Lokix|par
|move|p2a: Politoed|Weather Ball|p1a: Lokix
|-damage|p1a: Lokix|0 fnt
|faint|p1a: Lokix
|
|win|jorgeviera
|raw|TheRegisAreCool's rating: 1272 &rarr; <strong>1248</strong><br />(-24 for losing)
|raw|jorgeviera's rating: 1291 &rarr; <strong>1315</strong><br />(+24 for winning)
