|html|<div class="broadcast-blue"><strong>[Gen 9] OU is currently suspecting Tera Blast! For information on how to participate check out the <a href="https://www.smogon.com/tools/suspects/view/200">suspect thread</a>.</strong></div>
|j|☆mo-ii-kai
|j|☆thebambi1234
|t:|1776107871
|gametype|singles
|player|p1|mo-ii-kai|janine|1548
|player|p2|thebambi1234|blackbelt-gen4dp|1599
|gen|9
|tier|[Gen 9] OU
|rated|
|rule|HP Percentage Mod: HP is shown in percentages
|rule|Endless Battle Clause: Forcing endless battles is banned
|rule|Species Clause: Limit one of each Pokémon
|rule|OHKO Clause: OHKO moves are banned
|rule|Evasion Items Clause: Evasion items are banned
|rule|Evasion Moves Clause: Evasion moves are banned
|rule|Evasion Abilities Clause: Evasion abilities are banned
|rule|Sleep Moves Clause: Sleep-inducing moves are banned
|clearpoke
|poke|p1|Ninetales, M|
|poke|p1|Walking Wake|
|poke|p1|Typhlosion-Hisui, F|
|poke|p1|Great Tusk|
|poke|p1|Rillaboom, F|
|poke|p1|Raging Bolt|
|poke|p2|Gliscor, F|
|poke|p2|Clefable, M|
|poke|p2|Dondozo, F|
|poke|p2|Corviknight, M|
|poke|p2|Blissey, F|
|poke|p2|Glimmora, F|
|teampreview
|inactive|Battle timer is ON: inactive players will automatically lose when time's up. (requested by thebambi1234)
|
|t:|1776107895
|teamsize|p1|6
|teamsize|p2|6
|start
|switch|p1a: Ninetales|Ninetales, M|100/100
|switch|p2a: Clefable|Clefable, M|100/100
|-weather|SunnyDay|[from] ability: Drought|[of] p1a: Ninetales
|turn|1
|
|t:|1776107901
|switch|p1a: Great Tusk|Great Tusk|100/100
|-activate|p1a: Great Tusk|ability: Protosynthesis
|-start|p1a: Great Tusk|protosynthesisspe
|move|p2a: Clefable|Trick|p1a: Great Tusk
|-activate|p2a: Clefable|move: Trick|[of] p1a: Great Tusk
|-item|p1a: Great Tusk|Choice Scarf|[from] move: Trick
|-item|p2a: Clefable|Heavy-Duty Boots|[from] move: Trick
|
|-weather|SunnyDay|[upkeep]
|upkeep
|turn|2
|
|t:|1776107908
|move|p1a: Great Tusk|Stealth Rock|p2a: Clefable
|-sidestart|p2: thebambi1234|move: Stealth Rock
|move|p2a: Clefable|Moonblast|p1a: Great Tusk
|-supereffective|p1a: Great Tusk
|-damage|p1a: Great Tusk|16/100
|
|-weather|SunnyDay|[upkeep]
|upkeep
|turn|3
|
|t:|1776107921
|-end|p1a: Great Tusk|Protosynthesis|[silent]
|switch|p1a: Rillaboom|Rillaboom, F|100/100
|-fieldstart|move: Grassy Terrain|[from] ability: Grassy Surge|[of] p1a: Rillaboom
|switch|p2a: Corviknight|Corviknight, M|100/100
|-damage|p2a: Corviknight|88/100|[from] Stealth Rock
|-ability|p2a: Corviknight|Pressure
|
|-weather|SunnyDay|[upkeep]
|-heal|p2a: Corviknight|94/100|[from] item: Leftovers
|upkeep
|turn|4
|
|t:|1776107926
|switch|p1a: Raging Bolt|Raging Bolt|100/100
|-activate|p1a: Raging Bolt|ability: Protosynthesis
|-start|p1a: Raging Bolt|protosynthesisspa
|move|p2a: Corviknight|Defog|p1a: Raging Bolt
|-unboost|p1a: Raging Bolt|evasion|1
|-sideend|p2: thebambi1234|Stealth Rock|[from] move: Defog|[of] p2a: Corviknight
|-fieldend|move: Grassy Terrain
|
|-weather|SunnyDay|[upkeep]
|-heal|p2a: Corviknight|100/100|[from] item: Leftovers
|upkeep
|turn|5
|
|t:|1776107930
|switch|p2a: Blissey|Blissey, F|100/100
|move|p1a: Raging Bolt|Weather Ball|p2a: Blissey
|-damage|p2a: Blissey|80/100
|
|-weather|SunnyDay|[upkeep]
|-heal|p2a: Blissey|86/100|[from] item: Leftovers
|upkeep
|turn|6
|
|t:|1776107933
|-end|p1a: Raging Bolt|Protosynthesis|[silent]
|switch|p1a: Walking Wake|Walking Wake|100/100
|-activate|p1a: Walking Wake|ability: Protosynthesis
|-start|p1a: Walking Wake|protosynthesisspa
|move|p2a: Blissey|Seismic Toss|p1a: Walking Wake
|-damage|p1a: Walking Wake|71/100
|
|-weather|SunnyDay|[upkeep]
|-heal|p2a: Blissey|92/100|[from] item: Leftovers
|upkeep
|turn|7
|
|t:|1776107936
|-terastallize|p1a: Walking Wake|Water
|move|p1a: Walking Wake|Hydro Steam|p2a: Blissey
|-damage|p2a: Blissey|45/100
|move|p2a: Blissey|Soft-Boiled|p2a: Blissey
|-heal|p2a: Blissey|95/100
|
|-weather|SunnyDay|[upkeep]
|-heal|p2a: Blissey|100/100|[from] item: Leftovers
|upkeep
|turn|8
|
|t:|1776107943
|move|p1a: Walking Wake|Hydro Steam|p2a: Blissey
|-damage|p2a: Blissey|49/100
|move|p2a: Blissey|Seismic Toss|p1a: Walking Wake
|-damage|p1a: Walking Wake|42/100
|
|-weather|none
|-end|p1a: Walking Wake|Protosynthesis
|-heal|p2a: Blissey|55/100|[from] item: Leftovers
|upkeep
|turn|9
|
|t:|1776107947
|move|p1a: Walking Wake|Hydro Steam|p2a: Blissey
|-damage|p2a: Blissey|30/100
|move|p2a: Blissey|Soft-Boiled|p2a: Blissey
|-heal|p2a: Blissey|80/100
|
|-heal|p2a: Blissey|86/100|[from] item: Leftovers
|upkeep
|turn|10
|
|t:|1776107950
|-end|p1a: Walking Wake|Protosynthesis|[silent]
|switch|p1a: Ninetales|Ninetales, M|100/100
|-weather|SunnyDay|[from] ability: Drought|[of] p1a: Ninetales
|move|p2a: Blissey|Seismic Toss|p1a: Ninetales
|-damage|p1a: Ninetales|72/100
|
|-weather|SunnyDay|[upkeep]
|-heal|p2a: Blissey|92/100|[from] item: Leftovers
|upkeep
|turn|11
|
|t:|1776107954
|move|p1a: Ninetales|Encore|p2a: Blissey
|-start|p2a: Blissey|Encore
|move|p2a: Blissey|Seismic Toss|p1a: Ninetales
|-damage|p1a: Ninetales|43/100
|
|-weather|SunnyDay|[upkeep]
|-heal|p2a: Blissey|98/100|[from] item: Leftovers
|upkeep
|turn|12
|
|t:|1776107956
|switch|p1a: Walking Wake|Walking Wake, tera:Water|42/100
|-activate|p1a: Walking Wake|ability: Protosynthesis
|-start|p1a: Walking Wake|protosynthesisspa
|move|p2a: Blissey|Seismic Toss|p1a: Walking Wake
|-damage|p1a: Walking Wake|12/100
|
|-weather|SunnyDay|[upkeep]
|-heal|p2a: Blissey|100/100|[from] item: Leftovers
|upkeep
|turn|13
|
|t:|1776107958
|move|p1a: Walking Wake|Hydro Steam|p2a: Blissey
|-damage|p2a: Blissey|56/100
|move|p2a: Blissey|Seismic Toss|p1a: Walking Wake
|-damage|p1a: Walking Wake|0 fnt
|faint|p1a: Walking Wake
|-end|p1a: Walking Wake|Protosynthesis|[silent]
|
|-weather|SunnyDay|[upkeep]
|-heal|p2a: Blissey|62/100|[from] item: Leftovers
|-end|p2a: Blissey|Encore
|upkeep
|
|t:|1776107963
|switch|p1a: Typhlosion|Typhlosion-Hisui, F|100/100
|turn|14
|
|t:|1776107967
|move|p1a: Typhlosion|Eruption|p2a: Blissey
|-damage|p2a: Blissey|27/100
|move|p2a: Blissey|Soft-Boiled|p2a: Blissey
|-heal|p2a: Blissey|77/100
|
|-weather|SunnyDay|[upkeep]
|-heal|p2a: Blissey|83/100|[from] item: Leftovers
|upkeep
|turn|15
|
|t:|1776107972
|move|p1a: Typhlosion|Eruption|p2a: Blissey
|-damage|p2a: Blissey|47/100
|move|p2a: Blissey|Flamethrower|p1a: Typhlosion
|-resisted|p1a: Typhlosion
|-damage|p1a: Typhlosion|83/100
|
|-weather|SunnyDay|[upkeep]
|-heal|p2a: Blissey|54/100|[from] item: Leftovers
|upkeep
|turn|16
|
|t:|1776107976
|move|p1a: Typhlosion|Eruption|p2a: Blissey
|-damage|p2a: Blissey|25/100
|move|p2a: Blissey|Soft-Boiled|p2a: Blissey
|-heal|p2a: Blissey|75/100
|
|-weather|SunnyDay|[upkeep]
|-heal|p2a: Blissey|81/100|[from] item: Leftovers
|upkeep
|turn|17
|
|t:|1776107982
|move|p1a: Typhlosion|Eruption|p2a: Blissey
|-damage|p2a: Blissey|52/100
|move|p2a: Blissey|Flamethrower|p1a: Typhlosion
|-resisted|p1a: Typhlosion
|-damage|p1a: Typhlosion|68/100
|
|-weather|none
|-heal|p2a: Blissey|58/100|[from] item: Leftovers
|upkeep
|turn|18
|
|t:|1776107987
|switch|p1a: Ninetales|Ninetales, M|43/100
|-weather|SunnyDay|[from] ability: Drought|[of] p1a: Ninetales
|move|p2a: Blissey|Seismic Toss|p1a: Ninetales
|-damage|p1a: Ninetales|15/100
|
|-weather|SunnyDay|[upkeep]
|-heal|p2a: Blissey|64/100|[from] item: Leftovers
|upkeep
|turn|19
|
|t:|1776107991
|move|p1a: Ninetales|Encore|p2a: Blissey
|-start|p2a: Blissey|Encore
|move|p2a: Blissey|Seismic Toss|p1a: Ninetales
|-damage|p1a: Ninetales|0 fnt
|faint|p1a: Ninetales
|
|-weather|SunnyDay|[upkeep]
|-heal|p2a: Blissey|70/100|[from] item: Leftovers
|upkeep
|
|t:|1776107993
|switch|p1a: Typhlosion|Typhlosion-Hisui, F|68/100
|turn|20
|c|☆thebambi1234|you encored me into killing 2 of your mons lmfao
|
|t:|1776108006
|switch|p2a: Clefable|Clefable, M|100/100
|move|p1a: Typhlosion|Focus Blast|p2a: Clefable
|-resisted|p2a: Clefable
|-damage|p2a: Clefable|85/100
|
|-weather|SunnyDay|[upkeep]
|upkeep
|turn|21
|c|☆mo-ii-kai|yeah idk i was playing on autopilot
|c|☆thebambi1234|I get it
|
|t:|1776108028
|switch|p1a: Rillaboom|Rillaboom, F|100/100
|-fieldstart|move: Grassy Terrain|[from] ability: Grassy Surge|[of] p1a: Rillaboom
|move|p2a: Clefable|Moonblast|p1a: Rillaboom
|-damage|p1a: Rillaboom|59/100
|
|-weather|SunnyDay|[upkeep]
|-heal|p1a: Rillaboom|65/100|[from] Grassy Terrain
|-heal|p2a: Clefable|91/100|[from] Grassy Terrain
|upkeep
|turn|22
|c|☆thebambi1234|I also have matchup very hard
|
|t:|1776108036
|switch|p2a: Corviknight|Corviknight, M|100/100
|-ability|p2a: Corviknight|Pressure
|move|p1a: Rillaboom|Wood Hammer|p2a: Corviknight
|-resisted|p2a: Corviknight
|-damage|p2a: Corviknight|82/100
|-damage|p1a: Rillaboom|58/100|[from] Recoil
|
|-weather|SunnyDay|[upkeep]
|-heal|p1a: Rillaboom|64/100|[from] Grassy Terrain
|-heal|p2a: Corviknight|88/100|[from] item: Leftovers
|upkeep
|turn|23
|
|t:|1776108041
|switch|p1a: Raging Bolt|Raging Bolt|100/100
|-activate|p1a: Raging Bolt|ability: Protosynthesis
|-start|p1a: Raging Bolt|protosynthesisspa
|move|p2a: Corviknight|U-turn|p1a: Raging Bolt
|-damage|p1a: Raging Bolt|86/100
|
|t:|1776108047
|switch|p2a: Gliscor|Gliscor, F|100/100|[from] U-turn
|
|-weather|SunnyDay|[upkeep]
|-heal|p1a: Raging Bolt|93/100|[from] Grassy Terrain
|-status|p2a: Gliscor|tox|[from] item: Toxic Orb
|upkeep
|turn|24
|
|t:|1776108049
|switch|p2a: Clefable|Clefable, M|91/100
|move|p1a: Raging Bolt|Weather Ball|p2a: Clefable
|-damage|p2a: Clefable|43/100
|
|-weather|SunnyDay|[upkeep]
|-heal|p1a: Raging Bolt|99/100|[from] Grassy Terrain
|-heal|p2a: Clefable|49/100|[from] Grassy Terrain
|upkeep
|turn|25
|
|t:|1776108052
|move|p1a: Raging Bolt|Weather Ball|p2a: Clefable
|-damage|p2a: Clefable|0 fnt
|faint|p2a: Clefable
|
|-weather|none
|-end|p1a: Raging Bolt|Protosynthesis
|-heal|p1a: Raging Bolt|100/100|[from] Grassy Terrain
|-fieldend|move: Grassy Terrain
|upkeep
|
|t:|1776108054
|switch|p2a: Blissey|Blissey, F|70/100
|turn|26
|
|t:|1776108056
|move|p1a: Raging Bolt|Volt Switch|p2a: Blissey
|-damage|p2a: Blissey|58/100
|
|t:|1776108059
|-end|p1a: Raging Bolt|Protosynthesis|[silent]
|switch|p1a: Rillaboom|Rillaboom, F|64/100|[from] Volt Switch
|-fieldstart|move: Grassy Terrain|[from] ability: Grassy Surge|[of] p1a: Rillaboom
|move|p2a: Blissey|Seismic Toss|p1a: Rillaboom
|-damage|p1a: Rillaboom|35/100
|
|-heal|p1a: Rillaboom|41/100|[from] Grassy Terrain
|-heal|p2a: Blissey|65/100|[from] Grassy Terrain
|-heal|p2a: Blissey|71/100|[from] item: Leftovers
|upkeep
|turn|27
|
|t:|1776108061
|switch|p2a: Corviknight|Corviknight, M|88/100
|-ability|p2a: Corviknight|Pressure
|move|p1a: Rillaboom|Knock Off|p2a: Corviknight
|-damage|p2a: Corviknight|57/100
|-enditem|p2a: Corviknight|Leftovers|[from] move: Knock Off|[of] p1a: Rillaboom
|
|-heal|p1a: Rillaboom|47/100|[from] Grassy Terrain
|upkeep
|turn|28
|
|t:|1776108070
|switch|p1a: Raging Bolt|Raging Bolt|100/100
|move|p2a: Corviknight|Roost|p2a: Corviknight
|-heal|p2a: Corviknight|100/100
|-singleturn|p2a: Corviknight|move: Roost
|
|upkeep
|turn|29
|
|t:|1776108074
|switch|p2a: Gliscor|Gliscor, F|100/100 tox
|move|p1a: Raging Bolt|Volt Switch|p2a: Gliscor
|-immune|p2a: Gliscor
|
|upkeep
|turn|30
|
|t:|1776108078
|-end|p1a: Raging Bolt|Protosynthesis|[silent]
|switch|p1a: Rillaboom|Rillaboom, F|47/100
|move|p2a: Gliscor|Protect||[still]
|-fail|p2a: Gliscor
|
|-heal|p1a: Rillaboom|53/100|[from] Grassy Terrain
|-fieldend|move: Grassy Terrain
|upkeep
|turn|31
|
|t:|1776108080
|move|p1a: Rillaboom|Wood Hammer|p2a: Gliscor
|-damage|p2a: Gliscor|33/100 tox
|-damage|p1a: Rillaboom|30/100|[from] Recoil
|move|p2a: Gliscor|Toxic|p1a: Rillaboom
|-status|p1a: Rillaboom|tox
|
|-damage|p1a: Rillaboom|24/100 tox|[from] psn
|-heal|p2a: Gliscor|45/100 tox|[from] ability: Poison Heal
|upkeep
|turn|32
|
|t:|1776108083
|move|p2a: Gliscor|Protect|p2a: Gliscor
|-singleturn|p2a: Gliscor|Protect
|move|p1a: Rillaboom|Wood Hammer|p2a: Gliscor
|-activate|p2a: Gliscor|move: Protect
|
|-damage|p1a: Rillaboom|12/100 tox|[from] psn
|-heal|p2a: Gliscor|58/100 tox|[from] ability: Poison Heal
|upkeep
|turn|33
|
|t:|1776108084
|switch|p2a: Corviknight|Corviknight, M|100/100
|-ability|p2a: Corviknight|Pressure
|move|p1a: Rillaboom|Wood Hammer|p2a: Corviknight
|-resisted|p2a: Corviknight
|-damage|p2a: Corviknight|87/100
|-damage|p1a: Rillaboom|6/100 tox|[from] Recoil
|
|-damage|p1a: Rillaboom|0 fnt|[from] psn
|faint|p1a: Rillaboom
|upkeep
|
|t:|1776108087
|switch|p1a: Great Tusk|Great Tusk|16/100
|turn|34
|
|t:|1776108089
|move|p1a: Great Tusk|Stealth Rock|p2a: Corviknight
|-sidestart|p2: thebambi1234|move: Stealth Rock
|move|p2a: Corviknight|Defog|p1a: Great Tusk
|-unboost|p1a: Great Tusk|evasion|1
|-sideend|p2: thebambi1234|Stealth Rock|[from] move: Defog|[of] p2a: Corviknight
|
|upkeep
|turn|35
|
|t:|1776108092
|move|p1a: Great Tusk|Stealth Rock|p2a: Corviknight
|-sidestart|p2: thebambi1234|move: Stealth Rock
|move|p2a: Corviknight|Defog|p1a: Great Tusk
|-unboost|p1a: Great Tusk|evasion|1
|-sideend|p2: thebambi1234|Stealth Rock|[from] move: Defog|[of] p2a: Corviknight
|
|upkeep
|turn|36
|
|t:|1776108094
|move|p1a: Great Tusk|Stealth Rock|p2a: Corviknight
|-sidestart|p2: thebambi1234|move: Stealth Rock
|move|p2a: Corviknight|Defog|p1a: Great Tusk
|-unboost|p1a: Great Tusk|evasion|1
|-sideend|p2: thebambi1234|Stealth Rock|[from] move: Defog|[of] p2a: Corviknight
|
|upkeep
|turn|37
|
|t:|1776108098
|-end|p1a: Great Tusk|Protosynthesis|[silent]
|switch|p1a: Typhlosion|Typhlosion-Hisui, F|68/100
|move|p2a: Corviknight|U-turn|p1a: Typhlosion
|-resisted|p1a: Typhlosion
|-damage|p1a: Typhlosion|63/100
|
|t:|1776108108
|switch|p2a: Gliscor|Gliscor, F|58/100 tox|[from] U-turn
|
|-heal|p2a: Gliscor|70/100 tox|[from] ability: Poison Heal
|upkeep
|turn|38
|
|t:|1776108115
|switch|p1a: Great Tusk|Great Tusk|16/100
|move|p2a: Gliscor|Earthquake|p1a: Great Tusk
|-damage|p1a: Great Tusk|0 fnt
|faint|p1a: Great Tusk
|-end|p1a: Great Tusk|Protosynthesis|[silent]
|
|-heal|p2a: Gliscor|82/100 tox|[from] ability: Poison Heal
|upkeep
|
|t:|1776108117
|switch|p1a: Raging Bolt|Raging Bolt|100/100
|turn|39
|
|t:|1776108119
|move|p1a: Raging Bolt|Dragon Pulse|p2a: Gliscor
|-damage|p2a: Gliscor|25/100 tox
|move|p2a: Gliscor|Toxic|p1a: Raging Bolt
|-status|p1a: Raging Bolt|tox
|
|-damage|p1a: Raging Bolt|94/100 tox|[from] psn
|-heal|p2a: Gliscor|37/100 tox|[from] ability: Poison Heal
|upkeep
|turn|40
|
|t:|1776108124
|-end|p1a: Raging Bolt|Protosynthesis|[silent]
|switch|p1a: Typhlosion|Typhlosion-Hisui, F|63/100
|move|p2a: Gliscor|Protect||[still]
|-fail|p2a: Gliscor
|
|-heal|p2a: Gliscor|50/100 tox|[from] ability: Poison Heal
|upkeep
|turn|41
|
|t:|1776108128
|switch|p1a: Raging Bolt|Raging Bolt|94/100 tox
|move|p2a: Gliscor|Protect||[still]
|-fail|p2a: Gliscor
|
|-damage|p1a: Raging Bolt|88/100 tox|[from] psn
|-heal|p2a: Gliscor|62/100 tox|[from] ability: Poison Heal
|upkeep
|turn|42
|
|t:|1776108130
|move|p2a: Gliscor|Protect|p2a: Gliscor
|-singleturn|p2a: Gliscor|Protect
|move|p1a: Raging Bolt|Dragon Pulse|p2a: Gliscor
|-activate|p2a: Gliscor|move: Protect
|
|-damage|p1a: Raging Bolt|76/100 tox|[from] psn
|-heal|p2a: Gliscor|75/100 tox|[from] ability: Poison Heal
|upkeep
|turn|43
|
|t:|1776108133
|move|p1a: Raging Bolt|Dragon Pulse|p2a: Gliscor
|-damage|p2a: Gliscor|15/100 tox
|move|p2a: Gliscor|Earthquake|p1a: Raging Bolt
|-supereffective|p1a: Raging Bolt
|-crit|p1a: Raging Bolt
|-damage|p1a: Raging Bolt|0 fnt
|faint|p1a: Raging Bolt
|-end|p1a: Raging Bolt|Protosynthesis|[silent]
|
|-heal|p2a: Gliscor|27/100 tox|[from] ability: Poison Heal
|upkeep
|
|t:|1776108137
|switch|p1a: Typhlosion|Typhlosion-Hisui, F|63/100
|turn|44
|
|t:|1776108140
|move|p1a: Typhlosion|Flamethrower|p2a: Gliscor
|-damage|p2a: Gliscor|0 fnt
|faint|p2a: Gliscor
|
|upkeep
|
|t:|1776108141
|switch|p2a: Blissey|Blissey, F|71/100
|turn|45
|
|t:|1776108143
|move|p1a: Typhlosion|Flamethrower|p2a: Blissey
|-damage|p2a: Blissey|56/100
|move|p2a: Blissey|Flamethrower|p1a: Typhlosion
|-resisted|p1a: Typhlosion
|-damage|p1a: Typhlosion|52/100
|
|-heal|p2a: Blissey|63/100|[from] item: Leftovers
|upkeep
|turn|46
|
|t:|1776108145
|move|p1a: Typhlosion|Flamethrower|p2a: Blissey
|-damage|p2a: Blissey|49/100
|move|p2a: Blissey|Flamethrower|p1a: Typhlosion
|-resisted|p1a: Typhlosion
|-damage|p1a: Typhlosion|40/100
|
|-heal|p2a: Blissey|56/100|[from] item: Leftovers
|upkeep
|turn|47
|
|t:|1776108147
|move|p1a: Typhlosion|Flamethrower|p2a: Blissey
|-damage|p2a: Blissey|42/100
|move|p2a: Blissey|Flamethrower|p1a: Typhlosion
|-resisted|p1a: Typhlosion
|-damage|p1a: Typhlosion|29/100
|
|-heal|p2a: Blissey|48/100|[from] item: Leftovers
|upkeep
|turn|48
|
|t:|1776108149
|move|p1a: Typhlosion|Flamethrower|p2a: Blissey
|-damage|p2a: Blissey|27/100
|move|p2a: Blissey|Flamethrower|p1a: Typhlosion
|-resisted|p1a: Typhlosion
|-damage|p1a: Typhlosion|17/100
|
|-heal|p2a: Blissey|33/100|[from] item: Leftovers
|upkeep
|turn|49
|
|t:|1776108152
|move|p1a: Typhlosion|Flamethrower|p2a: Blissey
|-damage|p2a: Blissey|12/100
|move|p2a: Blissey|Flamethrower|p1a: Typhlosion
|-resisted|p1a: Typhlosion
|-damage|p1a: Typhlosion|5/100
|
|-heal|p2a: Blissey|18/100|[from] item: Leftovers
|upkeep
|turn|50
|
|t:|1776108158
|move|p1a: Typhlosion|Flamethrower|p2a: Blissey
|-damage|p2a: Blissey|0 fnt
|faint|p2a: Blissey
|
|upkeep
|
|t:|1776108160
|switch|p2a: Glimmora|Glimmora, F|100/100
|turn|51
|
|t:|1776108161
|move|p1a: Typhlosion|Flamethrower|p2a: Glimmora
|-resisted|p2a: Glimmora
|-damage|p2a: Glimmora|62/100
|-status|p2a: Glimmora|brn
|move|p2a: Glimmora|Mortal Spin|p1a: Typhlosion
|-resisted|p1a: Typhlosion
|-damage|p1a: Typhlosion|2/100
|-status|p1a: Typhlosion|psn
|
|-heal|p2a: Glimmora|68/100 brn|[from] item: Leftovers
|-damage|p1a: Typhlosion|0 fnt|[from] psn
|faint|p1a: Typhlosion
|
|win|thebambi1234
|raw|mo-ii-kai's rating: 1548 &rarr; <strong>1531</strong><br />(-17 for losing)
|raw|thebambi1234's rating: 1599 &rarr; <strong>1616</strong><br />(+17 for winning)
|c|☆thebambi1234|ggs
|c|☆mo-ii-kai|gg
|l|☆thebambi1234
|player|p2|
