|html|<div class="broadcast-blue"><strong>[Gen 9] OU is currently suspecting Tera Blast! For information on how to participate check out the <a href="https://www.smogon.com/tools/suspects/view/200">suspect thread</a>.</strong></div>
|j|☆angel079192
|j|☆PokePeakMon
|t:|1776056273
|gametype|singles
|player|p1|angel079192|101|1023
|player|p2|PokePeakMon|giovanni|1000
|gen|9
|tier|[Gen 9] OU
|rated|
|rule|HP Percentage Mod: HP is shown in percentages
|rule|Endless Battle Clause: Forcing endless battles is banned
|rule|Species Clause: Limit one of each Pokémon
|rule|OHKO Clause: OHKO moves are banned
|rule|Evasion Items Clause: Evasion items are banned
|rule|Evasion Moves Clause: Evasion moves are banned
|rule|Evasion Abilities Clause: Evasion abilities are banned
|rule|Sleep Moves Clause: Sleep-inducing moves are banned
|clearpoke
|poke|p1|Ceruledge, F|
|poke|p1|Kyurem|
|poke|p1|Great Tusk|
|poke|p1|Gliscor, M|
|poke|p1|Ogerpon-Wellspring, F|
|poke|p1|Kingambit, M|
|poke|p2|Maushold|
|poke|p2|Gholdengo|
|poke|p2|Great Tusk|
|poke|p2|Dragapult, M|
|poke|p2|Kingambit, F|
|poke|p2|Iron Valiant|
|teampreview
|
|t:|1776056295
|teamsize|p1|6
|teamsize|p2|6
|start
|switch|p1a: Gliscor|Gliscor, M, shiny|100/100
|switch|p2a: Iron Valiant|Iron Valiant, shiny|100/100
|-enditem|p2a: Iron Valiant|Booster Energy
|-activate|p2a: Iron Valiant|ability: Quark Drive|[fromitem]
|-start|p2a: Iron Valiant|quarkdrivespe
|turn|1
|j| Bien gay444
|c|☆angel079192|Hiii
|
|t:|1776056334
|-end|p2a: Iron Valiant|Quark Drive|[silent]
|switch|p2a: Maushold|Maushold|100/100
|move|p1a: Gliscor|Stealth Rock|p2a: Maushold
|-sidestart|p2: PokePeakMon|move: Stealth Rock
|
|-status|p1a: Gliscor|tox|[from] item: Toxic Orb
|upkeep
|turn|2
|
|t:|1776056347
|-terastallize|p2a: Maushold|Normal
|move|p2a: Maushold|Population Bomb|p1a: Gliscor
|-damage|p1a: Gliscor|85/100 tox
|-damage|p1a: Gliscor|72/100 tox
|-crit|p1a: Gliscor
|-damage|p1a: Gliscor|50/100 tox
|-damage|p1a: Gliscor|36/100 tox
|-damage|p1a: Gliscor|21/100 tox
|-damage|p1a: Gliscor|6/100 tox
|-damage|p1a: Gliscor|0 fnt
|faint|p1a: Gliscor
|-hitcount|p1: Gliscor|7
|
|upkeep
|
|t:|1776056364
|switch|p1a: Ceruledge|Ceruledge, F, shiny|100/100
|turn|3
|
|t:|1776056391
|switch|p2a: Great Tusk|Great Tusk|100/100
|-damage|p2a: Great Tusk|98/100|[from] Stealth Rock
|move|p1a: Ceruledge|Swords Dance|p1a: Ceruledge
|-boost|p1a: Ceruledge|atk|2
|
|-heal|p2a: Great Tusk|100/100|[from] item: Leftovers
|upkeep
|turn|4
|
|t:|1776056414
|switch|p1a: Ogerpon|Ogerpon-Wellspring, F|100/100
|move|p2a: Great Tusk|Headlong Rush|p1a: Ogerpon
|-resisted|p1a: Ogerpon
|-damage|p1a: Ogerpon|71/100
|-unboost|p2a: Great Tusk|def|1
|-unboost|p2a: Great Tusk|spd|1
|
|upkeep
|turn|5
|
|t:|1776056428
|-end|p2a: Great Tusk|Protosynthesis|[silent]
|switch|p2a: Maushold|Maushold, tera:Normal|100/100
|-damage|p2a: Maushold|88/100|[from] Stealth Rock
|move|p1a: Ogerpon|Ivy Cudgel|p2a: Maushold|[anim] Ivy Cudgel Water
|-damage|p2a: Maushold|5/100
|
|upkeep
|turn|6
|
|t:|1776056447
|move|p2a: Maushold|Population Bomb|p1a: Ogerpon
|-damage|p1a: Ogerpon|56/100
|-damage|p1a: Ogerpon|41/100
|-damage|p1a: Ogerpon|25/100
|-damage|p1a: Ogerpon|10/100
|-damage|p1a: Ogerpon|0 fnt
|faint|p1a: Ogerpon
|-hitcount|p1: Ogerpon|5
|
|upkeep
|
|t:|1776056458
|switch|p1a: Ceruledge|Ceruledge, F, shiny|100/100
|turn|7
|
|t:|1776056472
|move|p2a: Maushold|Bite|p1a: Ceruledge
|-supereffective|p1a: Ceruledge
|-damage|p1a: Ceruledge|41/100
|move|p1a: Ceruledge|Brick Break|p2a: Maushold
|-supereffective|p2a: Maushold
|-damage|p2a: Maushold|0 fnt
|faint|p2a: Maushold
|
|-heal|p1a: Ceruledge|47/100|[from] item: Leftovers
|upkeep
|
|t:|1776056502
|switch|p2a: Dragapult|Dragapult, M|100/100
|-damage|p2a: Dragapult|88/100|[from] Stealth Rock
|turn|8
|
|t:|1776056515
|move|p2a: Dragapult|Phantom Force||[still]
|-prepare|p2a: Dragapult|Phantom Force
|move|p1a: Ceruledge|Bitter Blade|p2a: Dragapult|[miss]
|-miss|p1a: Ceruledge|p2a: Dragapult
|
|-heal|p1a: Ceruledge|53/100|[from] item: Leftovers
|upkeep
|turn|9
|
|t:|1776056528
|switch|p1a: Kyurem|Kyurem|100/100
|-ability|p1a: Kyurem|Pressure
|move|p2a: Dragapult|Phantom Force|p1a: Kyurem|[from] lockedmove
|-damage|p1a: Kyurem|51/100
|
|upkeep
|turn|10
|
|t:|1776056569
|switch|p2a: Iron Valiant|Iron Valiant, shiny|100/100
|-damage|p2a: Iron Valiant|94/100|[from] Stealth Rock
|move|p1a: Kyurem|Blizzard|p2a: Iron Valiant|[miss]
|-miss|p1a: Kyurem|p2a: Iron Valiant
|
|upkeep
|turn|11
|
|t:|1776056580
|move|p2a: Iron Valiant|Moonblast|p1a: Kyurem
|-supereffective|p1a: Kyurem
|-damage|p1a: Kyurem|8/100
|move|p1a: Kyurem|Shadow Ball|p2a: Iron Valiant
|-damage|p2a: Iron Valiant|46/100
|
|upkeep
|turn|12
|
|t:|1776056587
|move|p2a: Iron Valiant|Moonblast|p1a: Kyurem
|-supereffective|p1a: Kyurem
|-damage|p1a: Kyurem|0 fnt
|faint|p1a: Kyurem
|
|upkeep
|
|t:|1776056603
|switch|p1a: Ceruledge|Ceruledge, F, shiny|53/100
|turn|13
|
|t:|1776056621
|move|p2a: Iron Valiant|Shadow Ball|p1a: Ceruledge
|-supereffective|p1a: Ceruledge
|-damage|p1a: Ceruledge|0 fnt
|faint|p1a: Ceruledge
|
|upkeep
|
|t:|1776056629
|switch|p1a: Great Tusk|Great Tusk, shiny|100/100
|-enditem|p1a: Great Tusk|Booster Energy
|-activate|p1a: Great Tusk|ability: Protosynthesis|[fromitem]
|-start|p1a: Great Tusk|protosynthesisatk
|turn|14
|
|t:|1776056644
|move|p2a: Iron Valiant|Moonblast|p1a: Great Tusk
|-supereffective|p1a: Great Tusk
|-damage|p1a: Great Tusk|18/100
|move|p1a: Great Tusk|Fire Fang|p2a: Iron Valiant
|-damage|p2a: Iron Valiant|17/100
|
|upkeep
|turn|15
|
|t:|1776056652
|move|p2a: Iron Valiant|Moonblast|p1a: Great Tusk
|-supereffective|p1a: Great Tusk
|-damage|p1a: Great Tusk|0 fnt
|faint|p1a: Great Tusk
|-end|p1a: Great Tusk|Protosynthesis|[silent]
|
|upkeep
|
|t:|1776056658
|switch|p1a: Kingambit|Kingambit, M, shiny|100/100
|-activate|p1a: Kingambit|ability: Supreme Overlord
|-start|p1a: Kingambit|fallen5|[silent]
|turn|16
|
|t:|1776056668
|-terastallize|p1a: Kingambit|Flying
|move|p2a: Iron Valiant|Moonblast|p1a: Kingambit
|-damage|p1a: Kingambit|60/100
|-unboost|p1a: Kingambit|spa|1
|move|p1a: Kingambit|Iron Head|p2a: Iron Valiant
|-supereffective|p2a: Iron Valiant
|-damage|p2a: Iron Valiant|0 fnt
|faint|p2a: Iron Valiant
|-end|p2a: Iron Valiant|Quark Drive|[silent]
|
|upkeep
|
|t:|1776056683
|switch|p2a: Gholdengo|Gholdengo|100/100
|-damage|p2a: Gholdengo|94/100|[from] Stealth Rock
|turn|17
|
|t:|1776056690
|move|p2a: Gholdengo|Make It Rain|p1a: Kingambit
|-damage|p1a: Kingambit|0 fnt
|-unboost|p2a: Gholdengo|spa|1
|faint|p1a: Kingambit
|-end|p1a: Kingambit|fallen5|[silent]
|
|win|PokePeakMon
|raw|angel079192's rating: 1023 &rarr; <strong>1009</strong><br />(-14 for losing)
|raw|PokePeakMon's rating: 1000 &rarr; <strong>1043</strong><br />(+43 for winning)
|l|☆angel079192
|player|p1|
|c| Bien gay444|Gg
|l|☆PokePeakMon
|player|p2|
|l| Bien gay444
|j| Bien gay444
