|html|<div class="broadcast-blue"><strong>[Gen 9] OU is currently suspecting Tera Blast! For information on how to participate check out the <a href="https://www.smogon.com/tools/suspects/view/200">suspect thread</a>.</strong></div>
|j|‽wilfredp
|j|☆Exopa#8998
|t:|1776107012
|gametype|singles
|player|p1|wilfredp|1|1021
|player|p2|Exopa#8998|ninjaboy|1000
|gen|9
|tier|[Gen 9] OU
|rated|
|rule|HP Percentage Mod: HP is shown in percentages
|rule|Endless Battle Clause: Forcing endless battles is banned
|rule|Species Clause: Limit one of each Pokémon
|rule|OHKO Clause: OHKO moves are banned
|rule|Evasion Items Clause: Evasion items are banned
|rule|Evasion Moves Clause: Evasion moves are banned
|rule|Evasion Abilities Clause: Evasion abilities are banned
|rule|Sleep Moves Clause: Sleep-inducing moves are banned
|clearpoke
|poke|p1|Garganacl, M|
|poke|p1|Goodra-Hisui, M|
|poke|p1|Grimmsnarl, M|
|poke|p1|Slither Wing|
|poke|p1|Armarouge, M|
|poke|p1|Gholdengo|
|poke|p2|Deoxys-Speed|
|poke|p2|Iron Valiant|
|poke|p2|Kingambit, F|
|poke|p2|Dragapult, M|
|poke|p2|Iron Moth|
|poke|p2|Rotom-Wash|
|teampreview
|j| ohko_smeargle
|
|t:|1776107022
|teamsize|p1|6
|teamsize|p2|6
|start
|switch|p1a: Grimmsnarl|Grimmsnarl, M, shiny|100/100
|switch|p2a: Deoxys|Deoxys-Speed|100/100
|-ability|p2a: Deoxys|Pressure
|turn|1
|
|t:|1776107033
|move|p1a: Grimmsnarl|Taunt|p2a: Deoxys
|-start|p2a: Deoxys|move: Taunt
|cant|p2a: Deoxys|move: Taunt|Taunt
|
|upkeep
|turn|2
|
|t:|1776107053
|switch|p2a: Iron Moth|Iron Moth|100/100
|-enditem|p2a: Iron Moth|Booster Energy
|-activate|p2a: Iron Moth|ability: Quark Drive|[fromitem]
|-start|p2a: Iron Moth|quarkdrivespe
|move|p1a: Grimmsnarl|Light Screen|p1a: Grimmsnarl
|-sidestart|p1: wilfredp|move: Light Screen
|
|upkeep
|turn|3
|
|t:|1776107063
|move|p1a: Grimmsnarl|Reflect|p1a: Grimmsnarl
|-sidestart|p1: wilfredp|Reflect
|move|p2a: Iron Moth|Fiery Dance|p1a: Grimmsnarl
|-damage|p1a: Grimmsnarl|80/100
|
|upkeep
|turn|4
|
|t:|1776107072
|move|p1a: Grimmsnarl|Parting Shot|p2a: Iron Moth
|-unboost|p2a: Iron Moth|atk|1
|-unboost|p2a: Iron Moth|spa|1
|
|t:|1776107086
|switch|p1a: Goodra|Goodra-Hisui, M, shiny|100/100|[from] Parting Shot
|move|p2a: Iron Moth|Fiery Dance|p1a: Goodra
|-damage|p1a: Goodra|91/100
|-boost|p2a: Iron Moth|spa|1
|
|-heal|p1a: Goodra|97/100|[from] item: Leftovers
|upkeep
|turn|5
|
|t:|1776107100
|move|p2a: Iron Moth|Substitute|p2a: Iron Moth
|-start|p2a: Iron Moth|Substitute
|-damage|p2a: Iron Moth|76/100
|move|p1a: Goodra|Acid Armor|p1a: Goodra
|-boost|p1a: Goodra|def|2
|
|-heal|p1a: Goodra|100/100|[from] item: Leftovers
|upkeep
|turn|6
|
|t:|1776107110
|move|p2a: Iron Moth|Fiery Dance|p1a: Goodra
|-damage|p1a: Goodra|87/100
|-boost|p2a: Iron Moth|spa|1
|move|p1a: Goodra|Acid Armor|p1a: Goodra
|-boost|p1a: Goodra|def|2
|
|-heal|p1a: Goodra|93/100|[from] item: Leftovers
|upkeep
|turn|7
|
|t:|1776107125
|move|p2a: Iron Moth|Fiery Dance|p1a: Goodra
|-damage|p1a: Goodra|75/100
|move|p1a: Goodra|Acid Armor|p1a: Goodra
|-boost|p1a: Goodra|def|2
|
|-heal|p1a: Goodra|81/100|[from] item: Leftovers
|upkeep
|turn|8
|
|t:|1776107146
|move|p2a: Iron Moth|Fiery Dance|p1a: Goodra
|-damage|p1a: Goodra|62/100
|move|p1a: Goodra|Body Press|p2a: Iron Moth
|-resisted|p2a: Iron Moth
|-end|p2a: Iron Moth|Substitute
|
|-heal|p1a: Goodra|68/100|[from] item: Leftovers
|upkeep
|turn|9
|
|t:|1776107159
|-terastallize|p2a: Iron Moth|Fairy
|move|p2a: Iron Moth|Substitute|p2a: Iron Moth
|-start|p2a: Iron Moth|Substitute
|-damage|p2a: Iron Moth|51/100
|move|p1a: Goodra|Body Press|p2a: Iron Moth
|-resisted|p2a: Iron Moth
|-end|p2a: Iron Moth|Substitute
|
|-heal|p1a: Goodra|74/100|[from] item: Leftovers
|-sideend|p1: wilfredp|move: Light Screen
|upkeep
|turn|10
|
|t:|1776107171
|move|p2a: Iron Moth|Dazzling Gleam|p1a: Goodra
|-damage|p1a: Goodra|35/100
|move|p1a: Goodra|Body Press|p2a: Iron Moth
|-resisted|p2a: Iron Moth
|-damage|p2a: Iron Moth|0 fnt
|faint|p2a: Iron Moth
|-end|p2a: Iron Moth|Quark Drive|[silent]
|
|-heal|p1a: Goodra|41/100|[from] item: Leftovers
|-sideend|p1: wilfredp|Reflect
|upkeep
|
|t:|1776107189
|switch|p2a: Deoxys|Deoxys-Speed|100/100
|-ability|p2a: Deoxys|Pressure
|turn|11
|
|t:|1776107196
|move|p2a: Deoxys|Stealth Rock|p1a: Goodra
|-sidestart|p1: wilfredp|move: Stealth Rock
|move|p1a: Goodra|Body Press|p2a: Deoxys
|-resisted|p2a: Deoxys
|-damage|p2a: Deoxys|35/100
|
|-heal|p1a: Goodra|47/100|[from] item: Leftovers
|upkeep
|turn|12
|
|t:|1776107211
|move|p2a: Deoxys|Spikes|p1a: Goodra
|-sidestart|p1: wilfredp|Spikes
|move|p1a: Goodra|Body Press|p2a: Deoxys
|-resisted|p2a: Deoxys
|-crit|p2a: Deoxys
|-damage|p2a: Deoxys|0 fnt
|faint|p2a: Deoxys
|
|-heal|p1a: Goodra|53/100|[from] item: Leftovers
|upkeep
|
|t:|1776107255
|switch|p2a: Dragapult|Dragapult, M|100/100
|turn|13
|
|t:|1776107273
|move|p2a: Dragapult|Shadow Ball|p1a: Goodra
|-damage|p1a: Goodra|17/100
|move|p1a: Goodra|Heavy Slam|p2a: Dragapult
|-damage|p2a: Dragapult|48/100
|
|-heal|p1a: Goodra|23/100|[from] item: Leftovers
|upkeep
|turn|14
|
|t:|1776107283
|move|p2a: Dragapult|Shadow Ball|p1a: Goodra
|-damage|p1a: Goodra|0 fnt
|faint|p1a: Goodra
|
|upkeep
|
|t:|1776107316
|switch|p1a: Gholdengo|Gholdengo|100/100
|-damage|p1a: Gholdengo|94/100|[from] Stealth Rock
|-item|p1a: Gholdengo|Air Balloon
|turn|15
|inactive|Battle timer is ON: inactive players will automatically lose when time's up. (requested by Exopa#8998)
|
|t:|1776107332
|move|p2a: Dragapult|Shadow Ball|p1a: Gholdengo
|-supereffective|p1a: Gholdengo
|-damage|p1a: Gholdengo|0 fnt
|-enditem|p1a: Gholdengo|Air Balloon
|faint|p1a: Gholdengo
|
|upkeep
|
|t:|1776107356
|switch|p1a: Slither Wing|Slither Wing, shiny|100/100
|-damage|p1a: Slither Wing|88/100|[from] Stealth Rock
|-damage|p1a: Slither Wing|76/100|[from] Spikes
|turn|16
|inactive|Exopa#8998 has 120 seconds left.
|
|t:|1776107392
|move|p1a: Slither Wing|First Impression|p2a: Dragapult
|-resisted|p2a: Dragapult
|-damage|p2a: Dragapult|11/100
|move|p2a: Dragapult|Shadow Ball|p1a: Slither Wing
|-damage|p1a: Slither Wing|42/100
|
|upkeep
|turn|17
|inactive|Exopa#8998 has 120 seconds left.
|
|t:|1776107404
|move|p2a: Dragapult|Shadow Ball|p1a: Slither Wing
|-damage|p1a: Slither Wing|7/100
|move|p1a: Slither Wing|Earthquake|p2a: Dragapult
|-damage|p2a: Dragapult|0 fnt
|faint|p2a: Dragapult
|
|upkeep
|
|t:|1776107412
|switch|p2a: Rotom|Rotom-Wash|100/100
|turn|18
|
|t:|1776107424
|move|p2a: Rotom|Volt Switch|p1a: Slither Wing
|-damage|p1a: Slither Wing|0 fnt
|faint|p1a: Slither Wing
|-end|p1a: Slither Wing|Protosynthesis|[silent]
|
|t:|1776107432
|switch|p2a: Kingambit|Kingambit, F|100/100|[from] Volt Switch
|-activate|p2a: Kingambit|ability: Supreme Overlord
|-start|p2a: Kingambit|fallen3|[silent]
|
|upkeep
|
|t:|1776107454
|switch|p1a: Grimmsnarl|Grimmsnarl, M, shiny|80/100
|-damage|p1a: Grimmsnarl|67/100|[from] Stealth Rock
|-damage|p1a: Grimmsnarl|55/100|[from] Spikes
|turn|19
|
|t:|1776107466
|move|p1a: Grimmsnarl|Reflect|p1a: Grimmsnarl
|-sidestart|p1: wilfredp|Reflect
|move|p2a: Kingambit|Iron Head|p1a: Grimmsnarl
|-supereffective|p1a: Grimmsnarl
|-damage|p1a: Grimmsnarl|0 fnt
|faint|p1a: Grimmsnarl
|
|upkeep
|inactive|wilfredp has 120 seconds left.
|
|t:|1776107483
|switch|p1a: Armarouge|Armarouge, M|100/100
|-damage|p1a: Armarouge|76/100|[from] Stealth Rock
|-damage|p1a: Armarouge|64/100|[from] Spikes
|turn|20
|
|t:|1776107491
|move|p1a: Armarouge|Endure|p1a: Armarouge
|-singleturn|p1a: Armarouge|move: Endure
|move|p2a: Kingambit|Sucker Punch||[still]
|-fail|p2a: Kingambit
|
|upkeep
|turn|21
|
|t:|1776107502
|move|p2a: Kingambit|Sucker Punch|p1a: Armarouge
|-supereffective|p1a: Armarouge
|-damage|p1a: Armarouge|0 fnt
|faint|p1a: Armarouge
|
|upkeep
|inactive|wilfredp has 120 seconds left.
|
|t:|1776107512
|switch|p1a: Garganacl|Garganacl, M, shiny|100/100
|-damage|p1a: Garganacl|88/100|[from] Stealth Rock
|-damage|p1a: Garganacl|76/100|[from] Spikes
|turn|22
|
|t:|1776107521
|move|p2a: Kingambit|Iron Head|p1a: Garganacl
|-supereffective|p1a: Garganacl
|-damage|p1a: Garganacl|41/100
|move|p1a: Garganacl|Salt Cure|p2a: Kingambit
|-resisted|p2a: Kingambit
|-damage|p2a: Kingambit|95/100
|-start|p2a: Kingambit|Salt Cure
|
|-heal|p1a: Garganacl|47/100|[from] item: Leftovers
|-damage|p2a: Kingambit|70/100|[from] Salt Cure
|upkeep
|turn|23
|inactive|wilfredp has 120 seconds left.
|
|t:|1776107540
|move|p2a: Kingambit|Iron Head|p1a: Garganacl
|-supereffective|p1a: Garganacl
|-damage|p1a: Garganacl|15/100
|move|p1a: Garganacl|Iron Defense|p1a: Garganacl
|-boost|p1a: Garganacl|def|2
|
|-heal|p1a: Garganacl|21/100|[from] item: Leftovers
|-damage|p2a: Kingambit|45/100|[from] Salt Cure
|upkeep
|turn|24
|inactive|wilfredp has 120 seconds left.
|
|t:|1776107562
|move|p2a: Kingambit|Iron Head|p1a: Garganacl
|-supereffective|p1a: Garganacl
|-damage|p1a: Garganacl|4/100
|move|p1a: Garganacl|Body Press|p2a: Kingambit
|-supereffective|p2a: Kingambit
|-damage|p2a: Kingambit|0 fnt
|faint|p2a: Kingambit
|-end|p2a: Kingambit|fallen3|[silent]
|
|-heal|p1a: Garganacl|11/100|[from] item: Leftovers
|upkeep
|
|t:|1776107568
|switch|p2a: Rotom|Rotom-Wash|100/100
|turn|25
|inactive|wilfredp has 120 seconds left.
|
|t:|1776107577
|move|p2a: Rotom|Hydro Pump|p1a: Garganacl
|-supereffective|p1a: Garganacl
|-damage|p1a: Garganacl|0 fnt
|faint|p1a: Garganacl
|
|win|Exopa#8998
|raw|wilfredp's rating: 1021 &rarr; <strong>1007</strong><br />(-14 for losing)
|raw|Exopa#8998's rating: 1000 &rarr; <strong>1042</strong><br />(+42 for winning)
|l| ohko_smeargle
|l|‽wilfredp
|player|p1|
