|html|<div class="broadcast-blue"><strong>[Gen 9] OU is currently suspecting Volcarona! For information on how to participate check out the <a href="https://www.smogon.com/tools/suspects/view/208">suspect thread</a>.</strong></div>
|j|☆darkthrillz
|j|☆phongkobeo
|t:|1778505141
|gametype|singles
|player|p1|darkthrillz|shadowtriad|1157
|player|p2|phongkobeo|266|1113
|gen|9
|tier|[Gen 9] OU
|rated|
|rule|HP Percentage Mod: HP is shown in percentages
|rule|Endless Battle Clause: Forcing endless battles is banned
|rule|Species Clause: Limit one of each Pokémon
|rule|OHKO Clause: OHKO moves are banned
|rule|Evasion Items Clause: Evasion items are banned
|rule|Evasion Moves Clause: Evasion moves are banned
|rule|Evasion Abilities Clause: Evasion abilities are banned
|rule|Sleep Moves Clause: Sleep-inducing moves are banned
|clearpoke
|poke|p1|Milotic, F|
|poke|p1|Ceruledge, M|
|poke|p1|Tauros-Paldea-Blaze, M|
|poke|p1|Tornadus-Therian, M|
|poke|p1|Toxtricity-Low-Key, M|
|poke|p1|Espeon, M|
|poke|p2|Garchomp, M|
|poke|p2|Volcarona, F|
|poke|p2|Iron Boulder|
|poke|p2|Gholdengo|
|poke|p2|Serperior, F|
|poke|p2|Volcanion|
|teampreview
|
|t:|1778505153
|teamsize|p1|6
|teamsize|p2|6
|start
|switch|p1a: Tauros|Tauros-Paldea-Blaze, M|100/100
|switch|p2a: Iron Boulder|Iron Boulder|100/100
|-ability|p1a: Tauros|Intimidate|boost
|-unboost|p2a: Iron Boulder|atk|1
|-enditem|p2a: Iron Boulder|Booster Energy
|-activate|p2a: Iron Boulder|ability: Quark Drive|[fromitem]
|-start|p2a: Iron Boulder|quarkdrivespe
|turn|1
|
|t:|1778505170
|move|p2a: Iron Boulder|Earthquake|p1a: Tauros
|-supereffective|p1a: Tauros
|-damage|p1a: Tauros|72/100
|move|p1a: Tauros|Will-O-Wisp|p2a: Iron Boulder
|-status|p2a: Iron Boulder|brn
|
|-damage|p2a: Iron Boulder|94/100 brn|[from] brn
|upkeep
|turn|2
|
|t:|1778505179
|switch|p1a: Ceruledge|Ceruledge, M, shiny|100/100
|move|p2a: Iron Boulder|Zen Headbutt|p1a: Ceruledge
|-damage|p1a: Ceruledge|84/100
|-ability|p1a: Ceruledge|Weak Armor|boost
|-unboost|p1a: Ceruledge|def|1
|-boost|p1a: Ceruledge|spe|2
|
|-damage|p2a: Iron Boulder|88/100 brn|[from] brn
|upkeep
|turn|3
|
|t:|1778505189
|move|p2a: Iron Boulder|Mighty Cleave|p1a: Ceruledge
|-supereffective|p1a: Ceruledge
|-damage|p1a: Ceruledge|32/100
|-ability|p1a: Ceruledge|Weak Armor|boost
|-unboost|p1a: Ceruledge|def|1
|-boost|p1a: Ceruledge|spe|2
|-enditem|p1a: Ceruledge|Weakness Policy
|-boost|p1a: Ceruledge|atk|2|[from] item: Weakness Policy
|-boost|p1a: Ceruledge|spa|2|[from] item: Weakness Policy
|move|p1a: Ceruledge|Bulk Up|p1a: Ceruledge
|-boost|p1a: Ceruledge|atk|1
|-boost|p1a: Ceruledge|def|1
|
|-damage|p2a: Iron Boulder|82/100 brn|[from] brn
|upkeep
|turn|4
|
|t:|1778505201
|-terastallize|p1a: Ceruledge|Grass
|move|p1a: Ceruledge|Bulk Up|p1a: Ceruledge
|-boost|p1a: Ceruledge|atk|1
|-boost|p1a: Ceruledge|def|1
|move|p2a: Iron Boulder|Mighty Cleave|p1a: Ceruledge
|-damage|p1a: Ceruledge|14/100
|-ability|p1a: Ceruledge|Weak Armor|boost
|-unboost|p1a: Ceruledge|def|1
|-boost|p1a: Ceruledge|spe|2
|
|-damage|p2a: Iron Boulder|76/100 brn|[from] brn
|upkeep
|turn|5
|
|t:|1778505212
|move|p1a: Ceruledge|Bitter Blade|p2a: Iron Boulder
|-resisted|p2a: Iron Boulder
|-damage|p2a: Iron Boulder|0 fnt
|-heal|p1a: Ceruledge|48/100|[from] drain|[of] p2a: Iron Boulder
|faint|p2a: Iron Boulder
|-end|p2a: Iron Boulder|Quark Drive|[silent]
|
|upkeep
|
|t:|1778505221
|switch|p2a: Volcarona|Volcarona, F, shiny|100/100
|turn|6
|
|t:|1778505226
|move|p1a: Ceruledge|Poltergeist|p2a: Volcarona|[miss]
|-miss|p1a: Ceruledge|p2a: Volcarona
|move|p2a: Volcarona|Fiery Dance|p1a: Ceruledge
|-supereffective|p1a: Ceruledge
|-damage|p1a: Ceruledge|0 fnt
|-boost|p2a: Volcarona|spa|1
|faint|p1a: Ceruledge
|
|upkeep
|
|t:|1778505232
|switch|p1a: Lotic|Milotic, F, shiny|100/100
|turn|7
|
|t:|1778505244
|-terastallize|p2a: Volcarona|Grass
|move|p2a: Volcarona|Giga Drain|p1a: Lotic
|-supereffective|p1a: Lotic
|-damage|p1a: Lotic|33/100
|move|p1a: Lotic|Scald|p2a: Volcarona
|-resisted|p2a: Volcarona
|-damage|p2a: Volcarona|87/100
|
|-heal|p1a: Lotic|40/100|[from] item: Leftovers
|upkeep
|turn|8
|-message|darkthrillz forfeited.
|
|win|phongkobeo
|raw|darkthrillz's rating: 1157 &rarr; <strong>1129</strong><br />(-28 for losing)
|raw|phongkobeo's rating: 1113 &rarr; <strong>1141</strong><br />(+28 for winning)
|l|☆darkthrillz
|player|p1|
|l|☆phongkobeo
|player|p2|
