|html|<div class="broadcast-blue"><strong>[Gen 9] OU is currently suspecting Volcarona! For information on how to participate check out the <a href="https://www.smogon.com/tools/suspects/view/208">suspect thread</a>.</strong></div>
|j|☆fortnieter
|j|☆Pink Is My Life
|t:|1778498615
|gametype|singles
|player|p1|fortnieter|266|1191
|player|p2|Pink Is My Life|mira|1172
|gen|9
|tier|[Gen 9] OU
|rated|
|rule|HP Percentage Mod: HP is shown in percentages
|rule|Endless Battle Clause: Forcing endless battles is banned
|rule|Species Clause: Limit one of each Pokémon
|rule|OHKO Clause: OHKO moves are banned
|rule|Evasion Items Clause: Evasion items are banned
|rule|Evasion Moves Clause: Evasion moves are banned
|rule|Evasion Abilities Clause: Evasion abilities are banned
|rule|Sleep Moves Clause: Sleep-inducing moves are banned
|clearpoke
|poke|p1|Torkoal, F|
|poke|p1|Magmortar, M|
|poke|p1|Walking Wake|
|poke|p1|Lilligant-Hisui, F|
|poke|p1|Slither Wing|
|poke|p1|Weezing-Galar, F|
|poke|p2|Alomomola, F|
|poke|p2|Pecharunt|
|poke|p2|Blissey, F|
|poke|p2|Mandibuzz, F|
|poke|p2|Ribombee, F|
|poke|p2|Zamazenta-*|
|teampreview
|inactive|Battle timer is ON: inactive players will automatically lose when time's up. (requested by Pink Is My Life)
|
|t:|1778498621
|teamsize|p1|6
|teamsize|p2|6
|start
|switch|p1a: Torkoal|Torkoal, F|100/100
|switch|p2a: Pink Bug|Ribombee, F, shiny|100/100
|-weather|SunnyDay|[from] ability: Drought|[of] p1a: Torkoal
|turn|1
|
|t:|1778498630
|move|p2a: Pink Bug|Sticky Web|p1a: Torkoal
|-sidestart|p1: fortnieter|move: Sticky Web
|move|p1a: Torkoal|Lava Plume|p2a: Pink Bug
|-supereffective|p2a: Pink Bug
|-enditem|p2a: Pink Bug|Focus Sash
|-damage|p2a: Pink Bug|1/100
|
|-weather|SunnyDay|[upkeep]
|upkeep
|turn|2
|
|t:|1778498639
|move|p2a: Pink Bug|Stun Spore|p1a: Torkoal|[miss]
|-miss|p2a: Pink Bug|p1a: Torkoal
|move|p1a: Torkoal|Rapid Spin|p2a: Pink Bug
|-damage|p2a: Pink Bug|0 fnt
|-boost|p1a: Torkoal|spe|1
|-sideend|p1: fortnieter|Sticky Web|[from] move: Rapid Spin|[of] p1a: Torkoal
|faint|p2a: Pink Bug
|
|-weather|SunnyDay|[upkeep]
|upkeep
|
|t:|1778498651
|switch|p2a: Pink Egg|Blissey, F|100/100
|turn|3
|
|t:|1778498657
|move|p2a: Pink Egg|Hyper Voice|p1a: Torkoal
|-damage|p1a: Torkoal|56/100
|move|p1a: Torkoal|Will-O-Wisp|p2a: Pink Egg
|-status|p2a: Pink Egg|brn
|
|-weather|SunnyDay|[upkeep]
|-damage|p2a: Pink Egg|94/100 brn|[from] brn
|upkeep
|turn|4
|
|t:|1778498680
|switch|p1a: Slither Wing|Slither Wing|100/100
|-activate|p1a: Slither Wing|ability: Protosynthesis
|-start|p1a: Slither Wing|protosynthesisatk
|move|p2a: Pink Egg|Hyper Voice|p1a: Slither Wing
|-damage|p1a: Slither Wing|70/100
|
|-weather|SunnyDay|[upkeep]
|-damage|p2a: Pink Egg|88/100 brn|[from] brn
|upkeep
|turn|5
|
|t:|1778498689
|switch|p2a: Pink Fish|Alomomola, F|100/100
|move|p1a: Slither Wing|First Impression|p2a: Pink Fish
|-damage|p2a: Pink Fish|64/100
|-damage|p1a: Slither Wing|54/100|[from] item: Rocky Helmet|[of] p2a: Pink Fish
|
|-weather|SunnyDay|[upkeep]
|upkeep
|turn|6
|
|t:|1778498697
|move|p1a: Slither Wing|U-turn|p2a: Pink Fish
|-damage|p2a: Pink Fish|33/100
|-damage|p1a: Slither Wing|37/100|[from] item: Rocky Helmet|[of] p2a: Pink Fish
|
|t:|1778498706
|-end|p1a: Slither Wing|Protosynthesis|[silent]
|switch|p1a: Lilligant|Lilligant-Hisui, F|100/100|[from] U-turn
|move|p2a: Pink Fish|Wish|p2a: Pink Fish
|
|-weather|SunnyDay|[upkeep]
|upkeep
|turn|7
|
|t:|1778498717
|switch|p2a: Pink Peach|Pecharunt|100/100
|move|p1a: Lilligant|Growth|p1a: Lilligant
|-boost|p1a: Lilligant|atk|2
|-boost|p1a: Lilligant|spa|2
|
|-weather|SunnyDay|[upkeep]
|upkeep
|turn|8
|inactive|fortnieter has 120 seconds left.
|
|t:|1778498747
|switch|p1a: Weezing|Weezing-Galar, F|100/100
|move|p2a: Pink Peach|Malignant Chain|p1a: Weezing
|-damage|p1a: Weezing|62/100
|
|-weather|none
|-heal|p1a: Weezing|68/100|[from] item: Leftovers
|upkeep
|turn|9
|
|t:|1778498758
|move|p2a: Pink Peach|Parting Shot|p1a: Weezing
|-unboost|p1a: Weezing|atk|1
|-unboost|p1a: Weezing|spa|1
|
|t:|1778498762
|switch|p2a: Pink Egg|Blissey, F|88/100 brn|[from] Parting Shot
|move|p1a: Weezing|Pain Split|p2a: Pink Egg
|-sethp|p2a: Pink Egg|60/100 brn|[from] move: Pain Split|[silent]
|-sethp|p1a: Weezing|100/100|[from] move: Pain Split
|
|-damage|p2a: Pink Egg|54/100 brn|[from] brn
|upkeep
|turn|10
|
|t:|1778498774
|switch|p1a: Torkoal|Torkoal, F|56/100
|-weather|SunnyDay|[from] ability: Drought|[of] p1a: Torkoal
|switch|p2a: Pink Peach|Pecharunt|100/100
|
|-weather|SunnyDay|[upkeep]
|upkeep
|turn|11
|
|t:|1778498786
|switch|p1a: Magmortar|Magmortar, M, shiny|100/100
|move|p2a: Pink Peach|Malignant Chain|p1a: Magmortar
|-damage|p1a: Magmortar|65/100
|-status|p1a: Magmortar|tox
|-start|p1a: Magmortar|confusion|[from] ability: Poison Puppeteer|[of] p2a: Pink Peach
|
|-weather|SunnyDay|[upkeep]
|-damage|p1a: Magmortar|59/100 tox|[from] psn
|upkeep
|turn|12
|
|t:|1778498796
|-terastallize|p1a: Magmortar|Fire
|-activate|p1a: Magmortar|confusion
|move|p1a: Magmortar|Weather Ball|p2a: Pink Peach
|-damage|p2a: Pink Peach|24/100
|move|p2a: Pink Peach|Parting Shot|p1a: Magmortar
|-unboost|p1a: Magmortar|atk|1
|-unboost|p1a: Magmortar|spa|1
|
|t:|1778498805
|switch|p2a: Pink Fish|Alomomola, F|67/100|[from] Parting Shot
|
|-weather|SunnyDay|[upkeep]
|-damage|p1a: Magmortar|47/100 tox|[from] psn
|upkeep
|turn|13
|inactive|fortnieter has 120 seconds left.
|
|t:|1778498858
|switch|p1a: Lilligant|Lilligant-Hisui, F|100/100
|move|p2a: Pink Fish|Wish|p2a: Pink Fish
|
|-weather|SunnyDay|[upkeep]
|upkeep
|turn|14
|
|t:|1778498869
|switch|p2a: Pink Peach|Pecharunt|24/100
|move|p1a: Lilligant|Growth|p1a: Lilligant
|-boost|p1a: Lilligant|atk|2
|-boost|p1a: Lilligant|spa|2
|
|-weather|SunnyDay|[upkeep]
|-heal|p2a: Pink Peach|94/100|[from] move: Wish|[wisher] Pink Fish
|upkeep
|turn|15
|
|t:|1778498881
|switch|p1a: Weezing|Weezing-Galar, F|100/100
|move|p2a: Pink Peach|Malignant Chain|p1a: Weezing
|-damage|p1a: Weezing|64/100
|
|-weather|SunnyDay|[upkeep]
|-heal|p1a: Weezing|70/100|[from] item: Leftovers
|upkeep
|turn|16
|
|t:|1778498893
|move|p2a: Pink Peach|Parting Shot|p1a: Weezing
|-unboost|p1a: Weezing|atk|1
|-unboost|p1a: Weezing|spa|1
|
|t:|1778498898
|switch|p2a: Pink Egg|Blissey, F|54/100 brn|[from] Parting Shot
|move|p1a: Weezing|Pain Split|p2a: Pink Egg
|-sethp|p2a: Pink Egg|43/100 brn|[from] move: Pain Split|[silent]
|-sethp|p1a: Weezing|92/100|[from] move: Pain Split
|
|-weather|SunnyDay|[upkeep]
|-heal|p1a: Weezing|98/100|[from] item: Leftovers
|-damage|p2a: Pink Egg|37/100 brn|[from] brn
|upkeep
|turn|17
|
|t:|1778498910
|switch|p1a: Slither Wing|Slither Wing|37/100
|-activate|p1a: Slither Wing|ability: Protosynthesis
|-start|p1a: Slither Wing|protosynthesisatk
|move|p2a: Pink Egg|Hyper Voice|p1a: Slither Wing
|-damage|p1a: Slither Wing|5/100
|
|-weather|none
|-end|p1a: Slither Wing|Protosynthesis
|-damage|p2a: Pink Egg|31/100 brn|[from] brn
|upkeep
|turn|18
|
|t:|1778498920
|switch|p2a: Pink Fish|Alomomola, F|99/100
|move|p1a: Slither Wing|U-turn|p2a: Pink Fish
|-damage|p2a: Pink Fish|80/100
|-damage|p1a: Slither Wing|0 fnt|[from] item: Rocky Helmet|[of] p2a: Pink Fish
|faint|p1a: Slither Wing
|-end|p1a: Slither Wing|Protosynthesis|[silent]
|
|upkeep
|
|t:|1778498922
|switch|p1a: Torkoal|Torkoal, F|56/100
|-weather|SunnyDay|[from] ability: Drought|[of] p1a: Torkoal
|turn|19
|
|t:|1778498934
|switch|p1a: Lilligant|Lilligant-Hisui, F|100/100
|move|p2a: Pink Fish|Wish|p2a: Pink Fish
|
|-weather|SunnyDay|[upkeep]
|upkeep
|turn|20
|
|t:|1778498943
|switch|p1a: Magmortar|Magmortar, M, shiny, tera:Fire|47/100 tox
|switch|p2a: Pink Dog|Zamazenta, shiny|100/100
|-ability|p2a: Pink Dog|Dauntless Shield|boost
|-boost|p2a: Pink Dog|def|1
|
|-weather|SunnyDay|[upkeep]
|-damage|p1a: Magmortar|40/100 tox|[from] psn
|upkeep
|turn|21
|
|t:|1778498963
|move|p1a: Magmortar|Overheat|p2a: Pink Dog
|-damage|p2a: Pink Dog|0 fnt
|-unboost|p1a: Magmortar|spa|2
|faint|p2a: Pink Dog
|
|-weather|SunnyDay|[upkeep]
|-damage|p1a: Magmortar|28/100 tox|[from] psn
|upkeep
|
|t:|1778498977
|switch|p2a: Pink Fish|Alomomola, F|100/100
|turn|22
|
|t:|1778498982
|switch|p1a: Lilligant|Lilligant-Hisui, F|100/100
|move|p2a: Pink Fish|Wish|p2a: Pink Fish
|
|-weather|SunnyDay|[upkeep]
|upkeep
|turn|23
|
|t:|1778499008
|switch|p1a: Magmortar|Magmortar, M, shiny, tera:Fire|28/100 tox
|move|p2a: Pink Fish|Flip Turn|p1a: Magmortar
|-supereffective|p1a: Magmortar
|-damage|p1a: Magmortar|5/100 tox
|-status|p2a: Pink Fish|brn|[from] ability: Flame Body|[of] p1a: Magmortar
|
|t:|1778499016
|switch|p2a: Pink Egg|Blissey, F|31/100 brn|[from] Flip Turn
|
|-weather|SunnyDay|[upkeep]
|-heal|p2a: Pink Egg|68/100 brn|[from] move: Wish|[wisher] Pink Fish
|-damage|p1a: Magmortar|0 fnt|[from] psn
|faint|p1a: Magmortar
|-damage|p2a: Pink Egg|62/100 brn|[from] brn
|upkeep
|
|t:|1778499020
|switch|p1a: Lilligant|Lilligant-Hisui, F|100/100
|turn|24
|
|t:|1778499026
|-terastallize|p2a: Pink Egg|Ghost
|move|p1a: Lilligant|Growth|p1a: Lilligant
|-boost|p1a: Lilligant|atk|2
|-boost|p1a: Lilligant|spa|2
|move|p2a: Pink Egg|Shadow Ball|p1a: Lilligant
|-damage|p1a: Lilligant|32/100
|
|-weather|SunnyDay|[upkeep]
|-damage|p2a: Pink Egg|56/100 brn|[from] brn
|upkeep
|turn|25
|
|t:|1778499036
|switch|p2a: Pink Neck|Mandibuzz, F, shiny|100/100
|move|p1a: Lilligant|Solar Blade||[still]
|-prepare|p1a: Lilligant|Solar Blade
|-anim|p1a: Lilligant|Solar Blade|p2a: Pink Neck
|-resisted|p2a: Pink Neck
|-damage|p2a: Pink Neck|45/100
|-damage|p1a: Lilligant|22/100|[from] item: Life Orb
|
|-weather|SunnyDay|[upkeep]
|upkeep
|turn|26
|
|t:|1778499047
|switch|p2a: Pink Peach|Pecharunt|94/100
|move|p1a: Lilligant|Solar Blade||[still]
|-prepare|p1a: Lilligant|Solar Blade
|-anim|p1a: Lilligant|Solar Blade|p2a: Pink Peach
|-resisted|p2a: Pink Peach
|-damage|p2a: Pink Peach|54/100
|-damage|p1a: Lilligant|13/100|[from] item: Life Orb
|
|-weather|none
|upkeep
|turn|27
|
|t:|1778499057
|switch|p1a: Torkoal|Torkoal, F|56/100
|-weather|SunnyDay|[from] ability: Drought|[of] p1a: Torkoal
|move|p2a: Pink Peach|Recover|p2a: Pink Peach
|-heal|p2a: Pink Peach|100/100
|
|-weather|SunnyDay|[upkeep]
|upkeep
|turn|28
|
|t:|1778499064
|move|p2a: Pink Peach|Parting Shot|p1a: Torkoal
|-unboost|p1a: Torkoal|atk|1
|-unboost|p1a: Torkoal|spa|1
|
|t:|1778499069
|switch|p2a: Pink Egg|Blissey, F, tera:Ghost|56/100 brn|[from] Parting Shot
|move|p1a: Torkoal|Will-O-Wisp|p2a: Pink Egg
|-fail|p2a: Pink Egg|brn
|
|-weather|SunnyDay|[upkeep]
|-damage|p2a: Pink Egg|50/100 brn|[from] brn
|upkeep
|turn|29
|
|t:|1778499078
|switch|p1a: Walking Wake|Walking Wake|100/100
|-activate|p1a: Walking Wake|ability: Protosynthesis
|-start|p1a: Walking Wake|protosynthesisspe
|move|p2a: Pink Egg|Hyper Voice|p1a: Walking Wake
|-damage|p1a: Walking Wake|40/100
|
|-weather|SunnyDay|[upkeep]
|-damage|p2a: Pink Egg|44/100 brn|[from] brn
|upkeep
|turn|30
|
|t:|1778499087
|move|p1a: Walking Wake|Hydro Steam|p2a: Pink Egg
|-damage|p2a: Pink Egg|23/100 brn
|move|p2a: Pink Egg|Hyper Voice|p1a: Walking Wake
|-damage|p1a: Walking Wake|0 fnt
|faint|p1a: Walking Wake
|-end|p1a: Walking Wake|Protosynthesis|[silent]
|
|-weather|SunnyDay|[upkeep]
|-damage|p2a: Pink Egg|17/100 brn|[from] brn
|upkeep
|
|t:|1778499094
|switch|p1a: Lilligant|Lilligant-Hisui, F|13/100
|turn|31
|
|t:|1778499099
|switch|p2a: Pink Peach|Pecharunt|100/100
|move|p1a: Lilligant|Solar Blade||[still]
|-prepare|p1a: Lilligant|Solar Blade
|-anim|p1a: Lilligant|Solar Blade|p2a: Pink Peach
|-resisted|p2a: Pink Peach
|-damage|p2a: Pink Peach|77/100
|-damage|p1a: Lilligant|3/100|[from] item: Life Orb
|
|-weather|SunnyDay|[upkeep]
|upkeep
|turn|32
|
|t:|1778499110
|switch|p1a: Weezing|Weezing-Galar, F|98/100
|move|p2a: Pink Peach|Recover|p2a: Pink Peach
|-heal|p2a: Pink Peach|100/100
|
|-weather|SunnyDay|[upkeep]
|-heal|p1a: Weezing|100/100|[from] item: Leftovers
|upkeep
|turn|33
|
|t:|1778499121
|move|p2a: Pink Peach|Parting Shot|p1a: Weezing
|-unboost|p1a: Weezing|atk|1
|-unboost|p1a: Weezing|spa|1
|
|t:|1778499125
|switch|p2a: Pink Egg|Blissey, F, tera:Ghost|17/100 brn|[from] Parting Shot
|move|p1a: Weezing|Strange Steam|p2a: Pink Egg
|-damage|p2a: Pink Egg|9/100 brn
|-start|p2a: Pink Egg|confusion
|
|-weather|SunnyDay|[upkeep]
|-damage|p2a: Pink Egg|3/100 brn|[from] brn
|upkeep
|turn|34
|
|t:|1778499136
|move|p1a: Weezing|Strange Steam|p2a: Pink Egg
|-damage|p2a: Pink Egg|0 fnt
|faint|p2a: Pink Egg
|
|-weather|none
|upkeep
|
|t:|1778499143
|switch|p2a: Pink Fish|Alomomola, F|100/100 brn
|turn|35
|
|t:|1778499147
|move|p1a: Weezing|Strange Steam|p2a: Pink Fish
|-damage|p2a: Pink Fish|80/100 brn
|move|p2a: Pink Fish|Tickle|p1a: Weezing
|-unboost|p1a: Weezing|atk|1
|-unboost|p1a: Weezing|def|1
|
|-damage|p2a: Pink Fish|74/100 brn|[from] brn
|upkeep
|turn|36
|
|t:|1778499154
|switch|p1a: Torkoal|Torkoal, F|56/100
|-weather|SunnyDay|[from] ability: Drought|[of] p1a: Torkoal
|move|p2a: Pink Fish|Tickle|p1a: Torkoal
|-unboost|p1a: Torkoal|atk|1
|-unboost|p1a: Torkoal|def|1
|
|-weather|SunnyDay|[upkeep]
|-damage|p2a: Pink Fish|68/100 brn|[from] brn
|upkeep
|turn|37
|
|t:|1778499162
|switch|p1a: Weezing|Weezing-Galar, F|100/100
|move|p2a: Pink Fish|Flip Turn|p1a: Weezing
|-damage|p1a: Weezing|98/100
|
|t:|1778499171
|switch|p2a: Pink Neck|Mandibuzz, F, shiny|45/100|[from] Flip Turn
|
|-weather|SunnyDay|[upkeep]
|-heal|p1a: Weezing|100/100|[from] item: Leftovers
|upkeep
|turn|38
|
|t:|1778499177
|move|p2a: Pink Neck|Knock Off|p1a: Weezing
|-resisted|p1a: Weezing
|-damage|p1a: Weezing|89/100
|-enditem|p1a: Weezing|Leftovers|[from] move: Knock Off|[of] p2a: Pink Neck
|move|p1a: Weezing|Strange Steam|p2a: Pink Neck
|-supereffective|p2a: Pink Neck
|-damage|p2a: Pink Neck|0 fnt
|faint|p2a: Pink Neck
|
|-weather|SunnyDay|[upkeep]
|upkeep
|
|t:|1778499186
|switch|p2a: Pink Peach|Pecharunt|100/100
|turn|39
|
|t:|1778499191
|move|p2a: Pink Peach|Malignant Chain|p1a: Weezing
|-damage|p1a: Weezing|53/100
|move|p1a: Weezing|Strange Steam|p2a: Pink Peach
|-resisted|p2a: Pink Peach
|-damage|p2a: Pink Peach|91/100
|
|-weather|SunnyDay|[upkeep]
|upkeep
|turn|40
|
|t:|1778499199
|move|p2a: Pink Peach|Malignant Chain|p1a: Weezing
|-damage|p1a: Weezing|15/100
|move|p1a: Weezing|Pain Split|p2a: Pink Peach
|-sethp|p2a: Pink Peach|52/100|[from] move: Pain Split|[silent]
|-sethp|p1a: Weezing|59/100|[from] move: Pain Split
|
|-weather|SunnyDay|[upkeep]
|upkeep
|turn|41
|
|t:|1778499214
|move|p2a: Pink Peach|Malignant Chain|p1a: Weezing
|-damage|p1a: Weezing|18/100
|move|p1a: Weezing|Pain Split|p2a: Pink Peach
|-sethp|p2a: Pink Peach|34/100|[from] move: Pain Split|[silent]
|-sethp|p1a: Weezing|39/100|[from] move: Pain Split
|
|-weather|SunnyDay|[upkeep]
|upkeep
|turn|42
|
|t:|1778499240
|move|p2a: Pink Peach|Malignant Chain|p1a: Weezing
|-damage|p1a: Weezing|0 fnt
|faint|p1a: Weezing
|
|-weather|SunnyDay|[upkeep]
|upkeep
|
|t:|1778499244
|switch|p1a: Lilligant|Lilligant-Hisui, F|3/100
|turn|43
|
|t:|1778499247
|move|p1a: Lilligant|Solar Blade||[still]
|-prepare|p1a: Lilligant|Solar Blade
|-anim|p1a: Lilligant|Solar Blade|p2a: Pink Peach
|-resisted|p2a: Pink Peach
|-damage|p2a: Pink Peach|13/100
|-damage|p1a: Lilligant|0 fnt|[from] item: Life Orb
|faint|p1a: Lilligant
|move|p2a: Pink Peach|Recover|p2a: Pink Peach
|-heal|p2a: Pink Peach|63/100
|
|-weather|none
|upkeep
|-message|fortnieter forfeited.
|
|win|Pink Is My Life
|raw|fortnieter's rating: 1191 &rarr; <strong>1165</strong><br />(-26 for losing)
|raw|Pink Is My Life's rating: 1172 &rarr; <strong>1198</strong><br />(+26 for winning)
|l|☆fortnieter
|player|p1|
|l|☆Pink Is My Life
|player|p2|
