|html|<div class="broadcast-blue"><strong>[Gen 9] OU is currently suspecting Tera Blast! For information on how to participate check out the <a href="https://www.smogon.com/tools/suspects/view/200">suspect thread</a>.</strong></div>
|j|☆magistermilitum420
|j|☆endyeto
|t:|1776194856
|gametype|singles
|player|p1|magistermilitum420|blue|1329
|player|p2|endyeto|265|1369
|gen|9
|tier|[Gen 9] OU
|rated|
|rule|HP Percentage Mod: HP is shown in percentages
|rule|Endless Battle Clause: Forcing endless battles is banned
|rule|Species Clause: Limit one of each Pokémon
|rule|OHKO Clause: OHKO moves are banned
|rule|Evasion Items Clause: Evasion items are banned
|rule|Evasion Moves Clause: Evasion moves are banned
|rule|Evasion Abilities Clause: Evasion abilities are banned
|rule|Sleep Moves Clause: Sleep-inducing moves are banned
|clearpoke
|poke|p1|Meowscarada, M|
|poke|p1|Great Tusk|
|poke|p1|Alomomola, F|
|poke|p1|Slowking-Galar, M|
|poke|p1|Iron Valiant|
|poke|p1|Heatran, F|
|poke|p2|Meowscarada, M|
|poke|p2|Enamorus, F|
|poke|p2|Garganacl, F|
|poke|p2|Iron Moth|
|poke|p2|Quaquaval, M|
|poke|p2|Landorus-Therian, M|
|teampreview
|inactive|Battle timer is ON: inactive players will automatically lose when time's up. (requested by endyeto)
|
|t:|1776194863
|teamsize|p1|6
|teamsize|p2|6
|start
|switch|p1a: Mahad|Meowscarada, M, shiny|100/100
|switch|p2a: Meowscarada|Meowscarada, M|100/100
|turn|1
|
|t:|1776194867
|move|p1a: Mahad|U-turn|p2a: Meowscarada
|-start|p1a: Mahad|typechange|Bug|[from] ability: Protean
|-supereffective|p2a: Meowscarada
|-damage|p2a: Meowscarada|0 fnt
|faint|p2a: Meowscarada
|
|t:|1776194874
|switch|p1a: Charybdis|Alomomola, F, shiny|100/100|[from] U-turn
|
|upkeep
|inactive|endyeto has 120 seconds left.
|
|t:|1776194909
|switch|p2a: Garganacl|Garganacl, F|100/100
|turn|2
|
|t:|1776194912
|switch|p1a: Barca|Great Tusk|100/100
|move|p2a: Garganacl|Stealth Rock|p1a: Barca
|-sidestart|p1: magistermilitum420|move: Stealth Rock
|
|upkeep
|turn|3
|
|t:|1776194919
|switch|p2a: Landorus|Landorus-Therian, M|100/100
|-ability|p2a: Landorus|Intimidate|boost
|-unboost|p1a: Barca|atk|1
|move|p1a: Barca|Knock Off|p2a: Landorus
|-damage|p2a: Landorus|78/100
|-enditem|p2a: Landorus|Leftovers|[from] move: Knock Off|[of] p1a: Barca
|
|upkeep
|turn|4
|
|t:|1776194929
|move|p2a: Landorus|U-turn|p1a: Barca
|-resisted|p1a: Barca
|-damage|p1a: Barca|94/100
|
|t:|1776194938
|switch|p2a: Quaquaval|Quaquaval, M|100/100|[from] U-turn
|move|p1a: Barca|Stealth Rock|p2a: Quaquaval
|-sidestart|p2: endyeto|move: Stealth Rock
|
|-heal|p1a: Barca|100/100|[from] item: Leftovers
|upkeep
|turn|5
|
|t:|1776194952
|-end|p1a: Barca|Protosynthesis|[silent]
|switch|p1a: Charybdis|Alomomola, F, shiny|100/100
|-damage|p1a: Charybdis|88/100|[from] Stealth Rock
|move|p2a: Quaquaval|Rapid Spin|p1a: Charybdis
|-damage|p1a: Charybdis|80/100
|-boost|p2a: Quaquaval|spe|1
|-damage|p2a: Quaquaval|84/100|[from] item: Rocky Helmet|[of] p1a: Charybdis
|-sideend|p2: endyeto|Stealth Rock|[from] move: Rapid Spin|[of] p2a: Quaquaval
|
|upkeep
|turn|6
|
|t:|1776194964
|move|p2a: Quaquaval|Knock Off|p1a: Charybdis
|-damage|p1a: Charybdis|63/100
|-damage|p2a: Quaquaval|68/100|[from] item: Rocky Helmet|[of] p1a: Charybdis
|-enditem|p1a: Charybdis|Rocky Helmet|[from] move: Knock Off|[of] p2a: Quaquaval
|move|p1a: Charybdis|Scald|p2a: Quaquaval
|-resisted|p2a: Quaquaval
|-damage|p2a: Quaquaval|58/100
|
|upkeep
|turn|7
|
|t:|1776194976
|switch|p2a: Garganacl|Garganacl, F|100/100
|move|p1a: Charybdis|Wish|p1a: Charybdis
|
|upkeep
|turn|8
|
|t:|1776194982
|switch|p1a: Barca|Great Tusk|100/100
|-damage|p1a: Barca|98/100|[from] Stealth Rock
|move|p2a: Garganacl|Salt Cure|p1a: Barca
|-resisted|p1a: Barca
|-damage|p1a: Barca|96/100
|-start|p1a: Barca|Salt Cure
|
|-heal|p1a: Barca|100/100|[from] move: Wish|[wisher] Charybdis
|-damage|p1a: Barca|88/100|[from] Salt Cure
|upkeep
|turn|9
|
|t:|1776195003
|switch|p2a: Quaquaval|Quaquaval, M|58/100
|move|p1a: Barca|Rapid Spin|p2a: Quaquaval
|-damage|p2a: Quaquaval|38/100
|-boost|p1a: Barca|spe|1
|-sideend|p1: magistermilitum420|Stealth Rock|[from] move: Rapid Spin|[of] p1a: Barca
|
|-heal|p1a: Barca|94/100|[from] item: Leftovers
|-damage|p1a: Barca|82/100|[from] Salt Cure
|upkeep
|turn|10
|
|t:|1776195018
|move|p1a: Barca|Earthquake|p2a: Quaquaval
|-damage|p2a: Quaquaval|0 fnt
|faint|p2a: Quaquaval
|
|-heal|p1a: Barca|88/100|[from] item: Leftovers
|-damage|p1a: Barca|76/100|[from] Salt Cure
|upkeep
|
|t:|1776195027
|switch|p2a: Enamorus|Enamorus, F|100/100
|turn|11
|
|t:|1776195045
|-terastallize|p2a: Enamorus|Stellar
|-terastallize|p1a: Barca|Steel
|move|p2a: Enamorus|Tera Blast|p1a: Barca|[anim] Tera Blast Stellar
|-supereffective|p1a: Barca
|-damage|p1a: Barca|0 fnt
|-boost|p2a: Enamorus|atk|1
|-boost|p2a: Enamorus|spa|1
|faint|p1a: Barca
|-end|p1a: Barca|Protosynthesis|[silent]
|
|upkeep
|inactive|magistermilitum420 has 120 seconds left.
|
|t:|1776195072
|switch|p1a: Mithridates|Slowking-Galar, M|100/100
|turn|12
|
|t:|1776195082
|move|p2a: Enamorus|Tera Blast|p1a: Mithridates|[anim] Tera Blast Stellar
|-damage|p1a: Mithridates|76/100
|-boost|p2a: Enamorus|atk|1
|-boost|p2a: Enamorus|spa|1
|move|p1a: Mithridates|Sludge Bomb|p2a: Enamorus
|-supereffective|p2a: Enamorus
|-damage|p2a: Enamorus|0 fnt
|faint|p2a: Enamorus
|
|upkeep
|
|t:|1776195090
|switch|p2a: Landorus|Landorus-Therian, M|78/100
|-ability|p2a: Landorus|Intimidate|boost
|-unboost|p1a: Mithridates|atk|1
|turn|13
|
|t:|1776195103
|switch|p1a: Charybdis|Alomomola, F, shiny|96/100
|move|p2a: Landorus|U-turn|p1a: Charybdis
|-damage|p1a: Charybdis|83/100
|
|t:|1776195107
|switch|p2a: Iron Moth|Iron Moth|100/100|[from] U-turn
|-enditem|p2a: Iron Moth|Booster Energy
|-activate|p2a: Iron Moth|ability: Quark Drive|[fromitem]
|-start|p2a: Iron Moth|quarkdrivespa
|
|upkeep
|turn|14
|
|t:|1776195114
|switch|p1a: Vulcanus|Heatran, F, shiny|100/100
|move|p2a: Iron Moth|Energy Ball|p1a: Vulcanus
|-resisted|p1a: Vulcanus
|-damage|p1a: Vulcanus|89/100
|-unboost|p1a: Vulcanus|spd|1
|
|upkeep
|turn|15
|-message|endyeto forfeited.
|
|win|magistermilitum420
|raw|magistermilitum420's rating: 1329 &rarr; <strong>1351</strong><br />(+22 for winning)
|raw|endyeto's rating: 1369 &rarr; <strong>1347</strong><br />(-22 for losing)
|l|☆endyeto
|player|p2|
