|html|<div class="broadcast-blue"><strong>[Gen 9] OU is currently suspecting Tera Blast! For information on how to participate check out the <a href="https://www.smogon.com/tools/suspects/view/200">suspect thread</a>.</strong></div>
|j|☆trashandlucky
|j|☆Zonoah SSJ
|t:|1776100445
|gametype|singles
|player|p1|trashandlucky|clerk|1177
|player|p2|Zonoah SSJ|akari|1161
|gen|9
|tier|[Gen 9] OU
|rated|
|rule|HP Percentage Mod: HP is shown in percentages
|rule|Endless Battle Clause: Forcing endless battles is banned
|rule|Species Clause: Limit one of each Pokémon
|rule|OHKO Clause: OHKO moves are banned
|rule|Evasion Items Clause: Evasion items are banned
|rule|Evasion Moves Clause: Evasion moves are banned
|rule|Evasion Abilities Clause: Evasion abilities are banned
|rule|Sleep Moves Clause: Sleep-inducing moves are banned
|clearpoke
|poke|p1|Raging Bolt|
|poke|p1|Cinderace, F|
|poke|p1|Gholdengo|
|poke|p1|Slowking-Galar, F|
|poke|p1|Iron Boulder|
|poke|p1|Gliscor, F|
|poke|p2|Ribombee, F|
|poke|p2|Darkrai|
|poke|p2|Ogerpon-Wellspring, F|
|poke|p2|Arcanine-Hisui, M|
|poke|p2|Meowscarada, M|
|poke|p2|Gliscor, M|
|teampreview
|inactive|Battle timer is ON: inactive players will automatically lose when time's up. (requested by Zonoah SSJ)
|
|t:|1776100459
|teamsize|p1|6
|teamsize|p2|6
|start
|switch|p1a: Fazers|Gholdengo|100/100
|switch|p2a: Ogerpon|Ogerpon-Wellspring, F|100/100
|turn|1
|
|t:|1776100468
|move|p2a: Ogerpon|Swords Dance|p2a: Ogerpon
|-boost|p2a: Ogerpon|atk|2
|move|p1a: Fazers|Shadow Ball|p2a: Ogerpon
|-damage|p2a: Ogerpon|57/100
|
|upkeep
|turn|2
|
|t:|1776100477
|move|p2a: Ogerpon|Trailblaze|p1a: Fazers
|-resisted|p1a: Fazers
|-damage|p1a: Fazers|77/100
|-boost|p2a: Ogerpon|spe|1
|move|p1a: Fazers|Shadow Ball|p2a: Ogerpon
|-damage|p2a: Ogerpon|18/100
|
|upkeep
|turn|3
|
|t:|1776100485
|move|p2a: Ogerpon|Ivy Cudgel|p1a: Fazers|[anim] Ivy Cudgel Water
|-damage|p1a: Fazers|0 fnt
|faint|p1a: Fazers
|
|upkeep
|
|t:|1776100488
|switch|p1a: Raging Bolt|Raging Bolt|100/100
|-enditem|p1a: Raging Bolt|Booster Energy
|-activate|p1a: Raging Bolt|ability: Protosynthesis|[fromitem]
|-start|p1a: Raging Bolt|protosynthesisspa
|turn|4
|
|t:|1776100504
|move|p2a: Ogerpon|Play Rough|p1a: Raging Bolt
|-supereffective|p1a: Raging Bolt
|-damage|p1a: Raging Bolt|0 fnt
|faint|p1a: Raging Bolt
|-end|p1a: Raging Bolt|Protosynthesis|[silent]
|
|upkeep
|
|t:|1776100512
|switch|p1a: Gliscor|Gliscor, F|100/100
|turn|5
|
|t:|1776100539
|-terastallize|p1a: Gliscor|Steel
|move|p2a: Ogerpon|Ivy Cudgel|p1a: Gliscor|[anim] Ivy Cudgel Water
|-damage|p1a: Gliscor|14/100
|move|p1a: Gliscor|Dual Wingbeat|p2a: Ogerpon
|-supereffective|p2a: Ogerpon
|-damage|p2a: Ogerpon|0 fnt
|faint|p2a: Ogerpon
|-hitcount|p2: Ogerpon|1
|
|upkeep
|inactive|Zonoah SSJ has 120 seconds left.
|
|t:|1776100551
|switch|p2a: Nyah~|Meowscarada, M|100/100
|turn|6
|inactiveoff|Battle timer is now OFF.
|
|t:|1776100558
|move|p2a: Nyah~|Knock Off|p1a: Gliscor
|-start|p2a: Nyah~|typechange|Dark|[from] ability: Protean
|-damage|p1a: Gliscor|0 fnt
|-enditem|p1a: Gliscor|Toxic Orb|[from] move: Knock Off|[of] p2a: Nyah~
|faint|p1a: Gliscor
|
|upkeep
|
|t:|1776100561
|switch|p1a: Cinderace|Cinderace, F|100/100
|turn|7
|inactive|Battle timer is ON: inactive players will automatically lose when time's up. (requested by trashandlucky)
|
|t:|1776100568
|move|p2a: Nyah~|Knock Off|p1a: Cinderace
|-damage|p1a: Cinderace|31/100
|-enditem|p1a: Cinderace|Choice Band|[from] move: Knock Off|[of] p2a: Nyah~
|move|p1a: Cinderace|U-turn|p2a: Nyah~
|-start|p1a: Cinderace|typechange|Bug|[from] ability: Libero
|-supereffective|p2a: Nyah~
|-damage|p2a: Nyah~|0 fnt
|faint|p2a: Nyah~
|
|t:|1776100575
|switch|p1a: Iron Boulder|Iron Boulder|100/100|[from] U-turn
|-enditem|p1a: Iron Boulder|Booster Energy
|-activate|p1a: Iron Boulder|ability: Quark Drive|[fromitem]
|-start|p1a: Iron Boulder|quarkdrivespe
|
|upkeep
|
|t:|1776100583
|switch|p2a: Batman|Gliscor, M|100/100
|turn|8
|
|t:|1776100596
|move|p2a: Batman|Protect|p2a: Batman
|-singleturn|p2a: Batman|Protect
|move|p1a: Iron Boulder|Psycho Cut|p2a: Batman
|-activate|p2a: Batman|move: Protect
|
|-status|p2a: Batman|tox|[from] item: Toxic Orb
|upkeep
|turn|9
|
|t:|1776100603
|move|p1a: Iron Boulder|Psycho Cut|p2a: Batman
|-damage|p2a: Batman|68/100 tox
|move|p2a: Batman|Earthquake|p1a: Iron Boulder
|-supereffective|p1a: Iron Boulder
|-crit|p1a: Iron Boulder
|-damage|p1a: Iron Boulder|0 fnt
|faint|p1a: Iron Boulder
|-end|p1a: Iron Boulder|Quark Drive|[silent]
|
|-heal|p2a: Batman|80/100 tox|[from] ability: Poison Heal
|upkeep
|
|t:|1776100607
|switch|p1a: Cinderace|Cinderace, F|31/100
|turn|10
|
|t:|1776100617
|move|p2a: Batman|Protect|p2a: Batman
|-singleturn|p2a: Batman|Protect
|move|p1a: Cinderace|U-turn|p2a: Batman
|-start|p1a: Cinderace|typechange|Bug|[from] ability: Libero
|-activate|p2a: Batman|move: Protect
|
|-heal|p2a: Batman|92/100 tox|[from] ability: Poison Heal
|upkeep
|turn|11
|-message|trashandlucky forfeited.
|
|win|Zonoah SSJ
|raw|trashandlucky's rating: 1177 &rarr; <strong>1151</strong><br />(-26 for losing)
|raw|Zonoah SSJ's rating: 1161 &rarr; <strong>1187</strong><br />(+26 for winning)
|l|☆trashandlucky
|player|p1|
