|html|<div class="broadcast-blue"><strong>[Gen 9] OU is currently suspecting Volcarona! For information on how to participate check out the <a href="https://www.smogon.com/tools/suspects/view/208">suspect thread</a>.</strong></div>
|j|☆shatterstar1998
|j|☆showbiz_carton
|t:|1778506254
|gametype|singles
|player|p1|shatterstar1998|169|1274
|player|p2|showbiz_carton|hugh|1299
|gen|9
|tier|[Gen 9] OU
|rated|
|rule|HP Percentage Mod: HP is shown in percentages
|rule|Endless Battle Clause: Forcing endless battles is banned
|rule|Species Clause: Limit one of each Pokémon
|rule|OHKO Clause: OHKO moves are banned
|rule|Evasion Items Clause: Evasion items are banned
|rule|Evasion Moves Clause: Evasion moves are banned
|rule|Evasion Abilities Clause: Evasion abilities are banned
|rule|Sleep Moves Clause: Sleep-inducing moves are banned
|clearpoke
|poke|p1|Iron Crown|
|poke|p1|Samurott-Hisui, M|
|poke|p1|Landorus-Therian, M|
|poke|p1|Moltres|
|poke|p1|Rillaboom, M|
|poke|p1|Clefable, M|
|poke|p2|Infernape, M|
|poke|p2|Gholdengo|
|poke|p2|Slowking-Galar, M|
|poke|p2|Dragonite, F|
|poke|p2|Ribombee, F|
|poke|p2|Great Tusk|
|teampreview
|inactive|Battle timer is ON: inactive players will automatically lose when time's up. (requested by shatterstar1998)
|
|t:|1778506273
|teamsize|p1|6
|teamsize|p2|6
|start
|switch|p1a: Iron Crown|Iron Crown|100/100
|switch|p2a: Amile|Ribombee, F, shiny|100/100
|turn|1
|
|t:|1778506283
|move|p2a: Amile|Sticky Web|p1a: Iron Crown
|-sidestart|p1: shatterstar1998|move: Sticky Web
|move|p1a: Iron Crown|Tachyon Cutter|p2a: Amile
|-supereffective|p2a: Amile
|-damage|p2a: Amile|31/100
|-supereffective|p2a: Amile
|-damage|p2a: Amile|0 fnt
|faint|p2a: Amile
|-hitcount|p2: Amile|2
|
|upkeep
|
|t:|1778506292
|switch|p2a: Zuko|Infernape, M, shiny|100/100
|turn|2
|
|t:|1778506297
|-end|p1a: Iron Crown|Quark Drive|[silent]
|switch|p1a: Landorus|Landorus-Therian, M|100/100
|-ability|p1a: Landorus|Intimidate|boost
|-unboost|p2a: Zuko|atk|1
|move|p2a: Zuko|Swords Dance|p2a: Zuko
|-boost|p2a: Zuko|atk|2
|
|upkeep
|turn|3
|
|t:|1778506307
|switch|p2a: Gholdengo|Gholdengo|100/100
|-item|p2a: Gholdengo|Air Balloon
|move|p1a: Landorus|Earth Power|p2a: Gholdengo
|-immune|p2a: Gholdengo
|
|upkeep
|turn|4
|
|t:|1778506321
|move|p1a: Landorus|U-turn|p2a: Gholdengo
|-resisted|p2a: Gholdengo
|-damage|p2a: Gholdengo|95/100
|-enditem|p2a: Gholdengo|Air Balloon
|
|t:|1778506325
|switch|p1a: Samurott|Samurott-Hisui, M|100/100|[from] U-turn
|move|p2a: Gholdengo|Shadow Ball|p1a: Samurott
|-resisted|p1a: Samurott
|-damage|p1a: Samurott|64/100
|-unboost|p1a: Samurott|spd|1
|
|upkeep
|turn|5
|
|t:|1778506335
|switch|p2a: Great Tusk|Great Tusk|100/100
|move|p1a: Samurott|Ceaseless Edge|p2a: Great Tusk
|-resisted|p2a: Great Tusk
|-damage|p2a: Great Tusk|89/100
|-damage|p1a: Samurott|48/100|[from] item: Rocky Helmet|[of] p2a: Great Tusk
|-sidestart|p2: showbiz_carton|Spikes
|
|upkeep
|turn|6
|
|t:|1778506348
|switch|p1a: Moltres|Moltres|100/100
|move|p2a: Great Tusk|Rapid Spin|p1a: Moltres
|-damage|p1a: Moltres|88/100
|-boost|p2a: Great Tusk|spe|1
|-sideend|p2: showbiz_carton|Spikes|[from] move: Rapid Spin|[of] p2a: Great Tusk
|
|upkeep
|turn|7
|
|t:|1778506355
|-end|p2a: Great Tusk|Protosynthesis|[silent]
|switch|p2a: Brainwash|Slowking-Galar, M, shiny|100/100
|move|p1a: Moltres|U-turn|p2a: Brainwash
|-damage|p2a: Brainwash|85/100
|
|t:|1778506360
|switch|p1a: Samurott|Samurott-Hisui, M|48/100|[from] U-turn
|
|-heal|p2a: Brainwash|91/100|[from] item: Black Sludge
|upkeep
|turn|8
|
|t:|1778506367
|switch|p2a: Great Tusk|Great Tusk|89/100
|move|p1a: Samurott|Knock Off|p2a: Great Tusk
|-resisted|p2a: Great Tusk
|-damage|p2a: Great Tusk|78/100
|-damage|p1a: Samurott|31/100|[from] item: Rocky Helmet|[of] p2a: Great Tusk
|-enditem|p2a: Great Tusk|Rocky Helmet|[from] move: Knock Off|[of] p1a: Samurott
|
|upkeep
|turn|9
|
|t:|1778506375
|switch|p1a: Landorus|Landorus-Therian, M|100/100
|-ability|p1a: Landorus|Intimidate|boost
|-unboost|p2a: Great Tusk|atk|1
|move|p2a: Great Tusk|Rapid Spin|p1a: Landorus
|-damage|p1a: Landorus|90/100
|-boost|p2a: Great Tusk|spe|1
|-damage|p2a: Great Tusk|61/100|[from] item: Rocky Helmet|[of] p1a: Landorus
|
|upkeep
|turn|10
|
|t:|1778506389
|-end|p2a: Great Tusk|Protosynthesis|[silent]
|switch|p2a: Stringbean|Dragonite, F, shiny|100/100
|switch|p1a: Moltres|Moltres|88/100
|
|upkeep
|turn|11
|
|t:|1778506404
|move|p1a: Moltres|U-turn|p2a: Stringbean
|-resisted|p2a: Stringbean
|-damage|p2a: Stringbean|97/100
|
|t:|1778506407
|switch|p1a: Landorus|Landorus-Therian, M|90/100|[from] U-turn
|-ability|p1a: Landorus|Intimidate|boost
|-unboost|p2a: Stringbean|atk|1
|move|p2a: Stringbean|Dragon Dance|p2a: Stringbean
|-boost|p2a: Stringbean|atk|1
|-boost|p2a: Stringbean|spe|1
|
|upkeep
|turn|12
|
|t:|1778506415
|move|p1a: Landorus|Stealth Rock|p2a: Stringbean
|-sidestart|p2: showbiz_carton|move: Stealth Rock
|move|p2a: Stringbean|Dragon Dance|p2a: Stringbean
|-boost|p2a: Stringbean|atk|1
|-boost|p2a: Stringbean|spe|1
|
|upkeep
|turn|13
|
|t:|1778506422
|switch|p1a: Moltres|Moltres|88/100
|move|p2a: Stringbean|Scale Shot|p1a: Moltres
|-damage|p1a: Moltres|73/100
|-damage|p1a: Moltres|58/100
|-damage|p1a: Moltres|43/100
|-damage|p1a: Moltres|26/100
|-hitcount|p1a: Moltres|4
|-unboost|p2a: Stringbean|def|1
|-boost|p2a: Stringbean|spe|1
|
|upkeep
|turn|14
|
|t:|1778506433
|switch|p1a: Clefable|Clefable, M|100/100
|-activate|p1a: Clefable|move: Sticky Web
|-unboost|p1a: Clefable|spe|1
|move|p2a: Stringbean|Scale Shot|p1a: Clefable
|-immune|p1a: Clefable
|
|upkeep
|turn|15
|
|t:|1778506441
|switch|p2a: Brainwash|Slowking-Galar, M, shiny|100/100
|-damage|p2a: Brainwash|88/100|[from] Stealth Rock
|move|p1a: Clefable|Moonblast|p2a: Brainwash
|-resisted|p2a: Brainwash
|-damage|p2a: Brainwash|79/100
|
|-heal|p2a: Brainwash|85/100|[from] item: Black Sludge
|upkeep
|turn|16
|
|t:|1778506466
|move|p1a: Clefable|Knock Off|p2a: Brainwash
|-supereffective|p2a: Brainwash
|-damage|p2a: Brainwash|56/100
|-enditem|p2a: Brainwash|Black Sludge|[from] move: Knock Off|[of] p1a: Clefable
|move|p2a: Brainwash|Flamethrower|p1a: Clefable
|-damage|p1a: Clefable|77/100
|
|-heal|p1a: Clefable|83/100|[from] item: Leftovers
|upkeep
|turn|17
|
|t:|1778506474
|switch|p1a: Samurott|Samurott-Hisui, M|31/100
|-prepare|p2a: Brainwash|Chilly Reception|[premajor]
|move|p2a: Brainwash|Chilly Reception|p2a: Brainwash
|-weather|Snowscape
|
|t:|1778506481
|switch|p2a: Zuko|Infernape, M, shiny|100/100|[from] Chilly Reception
|-damage|p2a: Zuko|88/100|[from] Stealth Rock
|
|-weather|Snowscape|[upkeep]
|upkeep
|turn|18
|
|t:|1778506487
|switch|p1a: Landorus|Landorus-Therian, M|90/100
|-ability|p1a: Landorus|Intimidate|boost
|-unboost|p2a: Zuko|atk|1
|move|p2a: Zuko|Mach Punch|p1a: Landorus
|-resisted|p1a: Landorus
|-damage|p1a: Landorus|81/100
|
|-weather|Snowscape|[upkeep]
|upkeep
|turn|19
|
|t:|1778506499
|switch|p2a: Stringbean|Dragonite, F, shiny|97/100
|-damage|p2a: Stringbean|72/100|[from] Stealth Rock
|move|p1a: Landorus|Earth Power|p2a: Stringbean
|-immune|p2a: Stringbean
|
|-weather|Snowscape|[upkeep]
|upkeep
|turn|20
|
|t:|1778506508
|move|p1a: Landorus|Taunt|p2a: Stringbean
|-start|p2a: Stringbean|move: Taunt
|cant|p2a: Stringbean|move: Taunt|Dragon Dance
|
|-weather|Snowscape|[upkeep]
|upkeep
|turn|21
|
|t:|1778506520
|move|p1a: Landorus|U-turn|p2a: Stringbean
|-resisted|p2a: Stringbean
|-damage|p2a: Stringbean|64/100
|
|t:|1778506523
|switch|p1a: Moltres|Moltres|26/100|[from] U-turn
|move|p2a: Stringbean|Scale Shot|p1a: Moltres|[miss]
|-miss|p2a: Stringbean|p1a: Moltres
|
|-weather|none
|upkeep
|turn|22
|
|t:|1778506531
|move|p2a: Stringbean|Extreme Speed|p1a: Moltres
|-damage|p1a: Moltres|4/100
|-status|p2a: Stringbean|brn|[from] ability: Flame Body|[of] p1a: Moltres
|move|p1a: Moltres|Roost|p1a: Moltres
|-heal|p1a: Moltres|54/100
|-singleturn|p1a: Moltres|move: Roost
|
|-damage|p2a: Stringbean|58/100 brn|[from] brn
|-end|p2a: Stringbean|move: Taunt
|upkeep
|turn|23
|
|t:|1778506542
|move|p1a: Moltres|Roost|p1a: Moltres
|-heal|p1a: Moltres|100/100
|-singleturn|p1a: Moltres|move: Roost
|move|p2a: Stringbean|Earthquake|p1a: Moltres
|-supereffective|p1a: Moltres
|-damage|p1a: Moltres|73/100
|
|-damage|p2a: Stringbean|52/100 brn|[from] brn
|upkeep
|turn|24
|
|t:|1778506552
|switch|p2a: Great Tusk|Great Tusk|61/100
|-damage|p2a: Great Tusk|58/100|[from] Stealth Rock
|move|p1a: Moltres|Roar|p2a: Great Tusk
|-end|p2a: Great Tusk|Protosynthesis|[silent]
|drag|p2a: Gholdengo|Gholdengo|95/100
|-damage|p2a: Gholdengo|89/100|[from] Stealth Rock
|
|upkeep
|turn|25
|
|t:|1778506565
|switch|p1a: Iron Crown|Iron Crown|100/100
|-activate|p1a: Iron Crown|move: Sticky Web
|-unboost|p1a: Iron Crown|spe|1
|-terastallize|p2a: Gholdengo|Flying
|move|p2a: Gholdengo|Nasty Plot|p2a: Gholdengo
|-boost|p2a: Gholdengo|spa|2
|
|upkeep
|turn|26
|
|t:|1778506575
|move|p2a: Gholdengo|Shadow Ball|p1a: Iron Crown
|-supereffective|p1a: Iron Crown
|-damage|p1a: Iron Crown|0 fnt
|faint|p1a: Iron Crown
|-end|p1a: Iron Crown|Quark Drive|[silent]
|
|upkeep
|
|t:|1778506591
|switch|p1a: Clefable|Clefable, M|83/100
|-activate|p1a: Clefable|move: Sticky Web
|-unboost|p1a: Clefable|spe|1
|turn|27
|
|t:|1778506596
|-terastallize|p1a: Clefable|Fire
|move|p2a: Gholdengo|Make It Rain|p1a: Clefable
|-resisted|p1a: Clefable
|-damage|p1a: Clefable|12/100
|-unboost|p2a: Gholdengo|spa|1
|move|p1a: Clefable|Moonblast|p2a: Gholdengo
|-damage|p2a: Gholdengo|55/100
|
|-heal|p1a: Clefable|18/100|[from] item: Leftovers
|upkeep
|turn|28
|
|t:|1778506609
|move|p2a: Gholdengo|Shadow Ball|p1a: Clefable
|-damage|p1a: Clefable|0 fnt
|faint|p1a: Clefable
|
|upkeep
|
|t:|1778506611
|switch|p1a: Samurott|Samurott-Hisui, M|31/100
|turn|29
|
|t:|1778506616
|move|p1a: Samurott|Ceaseless Edge|p2a: Gholdengo
|-damage|p2a: Gholdengo|2/100
|-sidestart|p2: showbiz_carton|Spikes
|move|p2a: Gholdengo|Shadow Ball|p1a: Samurott
|-resisted|p1a: Samurott
|-damage|p1a: Samurott|0 fnt
|faint|p1a: Samurott
|
|upkeep
|
|t:|1778506620
|switch|p1a: Rillaboom|Rillaboom, M|100/100
|-fieldstart|move: Grassy Terrain|[from] ability: Grassy Surge|[of] p1a: Rillaboom
|turn|30
|
|t:|1778506633
|move|p1a: Rillaboom|Grassy Glide|p2a: Gholdengo
|-resisted|p2a: Gholdengo
|-damage|p2a: Gholdengo|0 fnt
|faint|p2a: Gholdengo
|
|upkeep
|
|t:|1778506655
|switch|p2a: Brainwash|Slowking-Galar, M, shiny|89/100
|-damage|p2a: Brainwash|77/100|[from] Stealth Rock
|-damage|p2a: Brainwash|65/100|[from] Spikes
|turn|31
|
|t:|1778506663
|move|p1a: Rillaboom|High Horsepower|p2a: Brainwash|[miss]
|-miss|p1a: Rillaboom|p2a: Brainwash
|move|p2a: Brainwash|Sludge Bomb|p1a: Rillaboom
|-supereffective|p1a: Rillaboom
|-damage|p1a: Rillaboom|16/100
|
|-heal|p1a: Rillaboom|22/100|[from] Grassy Terrain
|-heal|p2a: Brainwash|71/100|[from] Grassy Terrain
|upkeep
|turn|32
|
|t:|1778506678
|switch|p2a: Stringbean|Dragonite, F, shiny|52/100 brn
|-damage|p2a: Stringbean|27/100 brn|[from] Stealth Rock
|move|p1a: Rillaboom|High Horsepower|p2a: Stringbean
|-immune|p2a: Stringbean
|
|-heal|p1a: Rillaboom|28/100|[from] Grassy Terrain
|-damage|p2a: Stringbean|21/100 brn|[from] brn
|upkeep
|turn|33
|
|t:|1778506688
|switch|p1a: Moltres|Moltres|73/100
|move|p2a: Stringbean|Extreme Speed|p1a: Moltres
|-damage|p1a: Moltres|63/100
|
|-damage|p2a: Stringbean|14/100 brn|[from] brn
|upkeep
|turn|34
|
|t:|1778506696
|move|p1a: Moltres|Roost|p1a: Moltres
|-heal|p1a: Moltres|100/100
|-singleturn|p1a: Moltres|move: Roost
|move|p2a: Stringbean|Dragon Dance|p2a: Stringbean
|-boost|p2a: Stringbean|atk|1
|-boost|p2a: Stringbean|spe|1
|
|-damage|p2a: Stringbean|8/100 brn|[from] brn
|-fieldend|move: Grassy Terrain
|upkeep
|turn|35
|
|t:|1778506705
|move|p2a: Stringbean|Scale Shot|p1a: Moltres
|-damage|p1a: Moltres|92/100
|-damage|p1a: Moltres|85/100
|-damage|p1a: Moltres|77/100
|-damage|p1a: Moltres|70/100
|-damage|p1a: Moltres|62/100
|-hitcount|p1a: Moltres|5
|-unboost|p2a: Stringbean|def|1
|-boost|p2a: Stringbean|spe|1
|move|p1a: Moltres|Roar|p2a: Stringbean
|drag|p2a: Great Tusk|Great Tusk|58/100
|-damage|p2a: Great Tusk|55/100|[from] Stealth Rock
|-damage|p2a: Great Tusk|43/100|[from] Spikes
|
|upkeep
|turn|36
|
|t:|1778506720
|move|p1a: Moltres|Flamethrower|p2a: Great Tusk
|-damage|p2a: Great Tusk|0 fnt
|faint|p2a: Great Tusk
|-end|p2a: Great Tusk|Protosynthesis|[silent]
|
|upkeep
|
|t:|1778506725
|switch|p2a: Zuko|Infernape, M, shiny|88/100
|-damage|p2a: Zuko|76/100|[from] Stealth Rock
|-damage|p2a: Zuko|64/100|[from] Spikes
|turn|37
|
|t:|1778506730
|move|p2a: Zuko|Thunder Punch|p1a: Moltres
|-supereffective|p1a: Moltres
|-damage|p1a: Moltres|21/100
|move|p1a: Moltres|Roost|p1a: Moltres
|-heal|p1a: Moltres|72/100
|-singleturn|p1a: Moltres|move: Roost
|
|upkeep
|turn|38
|
|t:|1778506738
|switch|p2a: Brainwash|Slowking-Galar, M, shiny|100/100
|-damage|p2a: Brainwash|88/100|[from] Stealth Rock
|-damage|p2a: Brainwash|76/100|[from] Spikes
|switch|p1a: Landorus|Landorus-Therian, M|81/100
|-ability|p1a: Landorus|Intimidate|boost
|-unboost|p2a: Brainwash|atk|1
|
|upkeep
|turn|39
|
|t:|1778506755
|move|p1a: Landorus|Taunt|p2a: Brainwash
|-start|p2a: Brainwash|move: Taunt
|move|p2a: Brainwash|Psychic Noise|p1a: Landorus
|-damage|p1a: Landorus|50/100
|-start|p1a: Landorus|move: Heal Block
|
|upkeep
|turn|40
|
|t:|1778506763
|move|p1a: Landorus|Earth Power|p2a: Brainwash
|-supereffective|p2a: Brainwash
|-damage|p2a: Brainwash|33/100
|move|p2a: Brainwash|Psychic Noise|p1a: Landorus
|-damage|p1a: Landorus|18/100
|
|-end|p1a: Landorus|move: Heal Block
|upkeep
|turn|41
|
|t:|1778506772
|switch|p2a: Stringbean|Dragonite, F, shiny|8/100 brn
|-damage|p2a: Stringbean|0 fnt|[from] Stealth Rock
|faint|p2a: Stringbean
|move|p1a: Landorus|Earth Power|p2: Stringbean|[notarget]
|-fail|p1a: Landorus
|
|upkeep
|
|t:|1778506783
|switch|p2a: Zuko|Infernape, M, shiny|64/100
|-damage|p2a: Zuko|52/100|[from] Stealth Rock
|-damage|p2a: Zuko|39/100|[from] Spikes
|turn|42
|
|t:|1778506790
|move|p2a: Zuko|Flare Blitz|p1a: Landorus
|-damage|p1a: Landorus|0 fnt
|-damage|p2a: Zuko|23/100|[from] item: Rocky Helmet|[of] p1a: Landorus
|faint|p1a: Landorus
|-damage|p2a: Zuko|15/100|[from] Recoil
|
|upkeep
|
|t:|1778506794
|switch|p1a: Moltres|Moltres|72/100
|turn|43
|
|t:|1778506802
|move|p2a: Zuko|Thunder Punch|p1a: Moltres
|-supereffective|p1a: Moltres
|-damage|p1a: Moltres|32/100
|-status|p1a: Moltres|par
|move|p1a: Moltres|Roar|p2a: Zuko
|drag|p2a: Brainwash|Slowking-Galar, M, shiny|66/100
|-damage|p2a: Brainwash|54/100|[from] Stealth Rock
|-damage|p2a: Brainwash|41/100|[from] Spikes
|
|upkeep
|turn|44
|
|t:|1778506818
|cant|p1a: Moltres|par
|move|p2a: Brainwash|Psychic Noise|p1a: Moltres
|-damage|p1a: Moltres|4/100 par
|-start|p1a: Moltres|move: Heal Block
|
|upkeep
|turn|45
|
|t:|1778506830
|move|p1a: Moltres|Flamethrower|p2a: Brainwash
|-damage|p2a: Brainwash|18/100
|-prepare|p2a: Brainwash|Chilly Reception|[premajor]
|move|p2a: Brainwash|Chilly Reception|p2a: Brainwash
|-weather|Snowscape
|
|t:|1778506836
|switch|p2a: Zuko|Infernape, M, shiny|15/100|[from] Chilly Reception
|-damage|p2a: Zuko|3/100|[from] Stealth Rock
|-damage|p2a: Zuko|0 fnt|[from] Spikes
|faint|p2a: Zuko
|
|-weather|Snowscape|[upkeep]
|-end|p1a: Moltres|move: Heal Block
|upkeep
|
|t:|1778506844
|switch|p2a: Brainwash|Slowking-Galar, M, shiny|52/100
|-damage|p2a: Brainwash|39/100|[from] Stealth Rock
|-damage|p2a: Brainwash|27/100|[from] Spikes
|turn|46
|
|t:|1778506851
|move|p1a: Moltres|Roost|p1a: Moltres
|-heal|p1a: Moltres|54/100 par
|-singleturn|p1a: Moltres|move: Roost
|move|p2a: Brainwash|Psychic Noise|p1a: Moltres
|-damage|p1a: Moltres|26/100 par
|-start|p1a: Moltres|move: Heal Block
|
|-weather|Snowscape|[upkeep]
|upkeep
|turn|47
|
|t:|1778506860
|move|p1a: Moltres|Flamethrower|p2a: Brainwash
|-damage|p2a: Brainwash|5/100
|move|p2a: Brainwash|Psychic Noise|p1a: Moltres
|-damage|p1a: Moltres|0 fnt
|faint|p1a: Moltres
|
|-weather|Snowscape|[upkeep]
|upkeep
|
|t:|1778506863
|switch|p1a: Rillaboom|Rillaboom, M|28/100
|-fieldstart|move: Grassy Terrain|[from] ability: Grassy Surge|[of] p1a: Rillaboom
|turn|48
|c|☆showbiz_carton|gg
|
|t:|1778506878
|move|p1a: Rillaboom|Knock Off|p2a: Brainwash
|-supereffective|p2a: Brainwash
|-damage|p2a: Brainwash|0 fnt
|faint|p2a: Brainwash
|
|win|shatterstar1998
|raw|shatterstar1998's rating: 1274 &rarr; <strong>1301</strong><br />(+27 for winning)
|raw|showbiz_carton's rating: 1299 &rarr; <strong>1272</strong><br />(-27 for losing)
|l|☆showbiz_carton
|player|p2|
|l|☆shatterstar1998
|player|p1|
