|html|<div class="broadcast-blue"><strong>[Gen 9] OU is currently suspecting Tera Blast! For information on how to participate check out the <a href="https://www.smogon.com/tools/suspects/view/200">suspect thread</a>.</strong></div>
|j|☆pratawithcurry
|j|☆ALT1 Lord Greed
|t:|1776099011
|gametype|singles
|player|p1|pratawithcurry|266|1558
|player|p2|ALT1 Lord Greed|101|1546
|gen|9
|tier|[Gen 9] OU
|rated|
|rule|HP Percentage Mod: HP is shown in percentages
|rule|Endless Battle Clause: Forcing endless battles is banned
|rule|Species Clause: Limit one of each Pokémon
|rule|OHKO Clause: OHKO moves are banned
|rule|Evasion Items Clause: Evasion items are banned
|rule|Evasion Moves Clause: Evasion moves are banned
|rule|Evasion Abilities Clause: Evasion abilities are banned
|rule|Sleep Moves Clause: Sleep-inducing moves are banned
|clearpoke
|poke|p1|Ninetales, M|
|poke|p1|Cresselia, F|
|poke|p1|Raging Bolt|
|poke|p1|Iron Moth|
|poke|p1|Great Tusk|
|poke|p1|Walking Wake|
|poke|p2|Glastrier|
|poke|p2|Slowking-Galar, M|
|poke|p2|Heatran, F|
|poke|p2|Tornadus-Therian, M|
|poke|p2|Enamorus, F|
|poke|p2|Great Tusk|
|teampreview
|inactive|Battle timer is ON: inactive players will automatically lose when time's up. (requested by ALT1 Lord Greed)
|
|t:|1776099022
|teamsize|p1|6
|teamsize|p2|6
|start
|switch|p1a: Ninetales|Ninetales, M|100/100
|switch|p2a: Heatran|Heatran, F|100/100
|-weather|SunnyDay|[from] ability: Drought|[of] p1a: Ninetales
|turn|1
|
|t:|1776099030
|switch|p1a: Walking Wake|Walking Wake|100/100
|-activate|p1a: Walking Wake|ability: Protosynthesis
|-start|p1a: Walking Wake|protosynthesisspa
|move|p2a: Heatran|Stealth Rock|p1a: Walking Wake
|-sidestart|p1: pratawithcurry|move: Stealth Rock
|
|-weather|SunnyDay|[upkeep]
|upkeep
|turn|2
|
|t:|1776099042
|switch|p2a: Slowking|Slowking-Galar, M|100/100
|-terastallize|p1a: Walking Wake|Water
|move|p1a: Walking Wake|Hydro Steam|p2a: Slowking
|-crit|p2a: Slowking
|-damage|p2a: Slowking|0 fnt
|faint|p2a: Slowking
|
|-weather|SunnyDay|[upkeep]
|upkeep
|
|t:|1776099046
|switch|p2a: Enamorus|Enamorus, F|100/100
|turn|3
|
|t:|1776099052
|-terastallize|p2a: Enamorus|Stellar
|move|p2a: Enamorus|Tera Blast|p1a: Walking Wake|[anim] Tera Blast Stellar
|-supereffective|p1a: Walking Wake
|-damage|p1a: Walking Wake|0 fnt
|-boost|p2a: Enamorus|atk|1
|-boost|p2a: Enamorus|spa|1
|faint|p1a: Walking Wake
|-end|p1a: Walking Wake|Protosynthesis|[silent]
|
|-weather|SunnyDay|[upkeep]
|upkeep
|
|t:|1776099061
|switch|p1a: Iron Moth|Iron Moth|100/100
|-damage|p1a: Iron Moth|76/100|[from] Stealth Rock
|-enditem|p1a: Iron Moth|Booster Energy
|-activate|p1a: Iron Moth|ability: Quark Drive|[fromitem]
|-start|p1a: Iron Moth|quarkdrivespe
|turn|4
|
|t:|1776099069
|-end|p1a: Iron Moth|Quark Drive|[silent]
|switch|p1a: Great Tusk|Great Tusk|100/100
|-damage|p1a: Great Tusk|97/100|[from] Stealth Rock
|-activate|p1a: Great Tusk|ability: Protosynthesis
|-start|p1a: Great Tusk|protosynthesisspe
|switch|p2a: Heatran|Heatran, F|100/100
|
|-weather|SunnyDay|[upkeep]
|upkeep
|turn|5
|
|t:|1776099086
|move|p1a: Great Tusk|Rapid Spin|p2a: Heatran
|-resisted|p2a: Heatran
|-damage|p2a: Heatran|94/100
|-boost|p1a: Great Tusk|spe|1
|-sideend|p1: pratawithcurry|Stealth Rock|[from] move: Rapid Spin|[of] p1a: Great Tusk
|move|p2a: Heatran|Magma Storm|p1a: Great Tusk
|-damage|p1a: Great Tusk|20/100
|-activate|p1a: Great Tusk|move: Magma Storm|[of] p2a: Heatran
|
|-weather|SunnyDay|[upkeep]
|-heal|p2a: Heatran|99/100|[from] item: Leftovers
|-damage|p1a: Great Tusk|8/100|[from] move: Magma Storm|[partiallytrapped]
|upkeep
|turn|6
|
|t:|1776099095
|switch|p2a: Great Tusk|Great Tusk|100/100
|-activate|p2a: Great Tusk|ability: Protosynthesis
|-start|p2a: Great Tusk|protosynthesisatk
|move|p1a: Great Tusk|Stealth Rock|p2a: Great Tusk
|-sidestart|p2: ALT1 Lord Greed|move: Stealth Rock
|
|-weather|SunnyDay|[upkeep]
|-end|p1a: Great Tusk|Magma Storm|[partiallytrapped]|[silent]
|upkeep
|turn|7
|
|t:|1776099113
|move|p1a: Great Tusk|Headlong Rush|p2a: Great Tusk
|-damage|p2a: Great Tusk|65/100
|-unboost|p1a: Great Tusk|def|1
|-unboost|p1a: Great Tusk|spd|1
|move|p2a: Great Tusk|Rapid Spin|p1a: Great Tusk
|-damage|p1a: Great Tusk|0 fnt
|-boost|p2a: Great Tusk|spe|1
|-damage|p2a: Great Tusk|48/100|[from] item: Rocky Helmet|[of] p1a: Great Tusk
|-sideend|p2: ALT1 Lord Greed|Stealth Rock|[from] move: Rapid Spin|[of] p2a: Great Tusk
|faint|p1a: Great Tusk
|-end|p1a: Great Tusk|Protosynthesis|[silent]
|
|-weather|SunnyDay|[upkeep]
|upkeep
|inactive|pratawithcurry has 120 seconds left.
|
|t:|1776099139
|switch|p1a: Cresselia|Cresselia, F|100/100
|turn|8
|
|t:|1776099143
|-end|p2a: Great Tusk|Protosynthesis|[silent]
|switch|p2a: Tornadus|Tornadus-Therian, M|100/100
|move|p1a: Cresselia|Ice Beam|p2a: Tornadus
|-supereffective|p2a: Tornadus
|-damage|p2a: Tornadus|69/100
|
|-weather|none
|upkeep
|turn|9
|
|t:|1776099147
|move|p2a: Tornadus|Knock Off|p1a: Cresselia
|-supereffective|p1a: Cresselia
|-damage|p1a: Cresselia|79/100
|-enditem|p1a: Cresselia|Eject Button|[from] move: Knock Off|[of] p2a: Tornadus
|move|p1a: Cresselia|Thunder Wave|p2a: Tornadus
|-status|p2a: Tornadus|par
|
|upkeep
|turn|10
|
|t:|1776099159
|switch|p1a: Raging Bolt|Raging Bolt|100/100
|move|p2a: Tornadus|U-turn|p1a: Raging Bolt
|-damage|p1a: Raging Bolt|87/100
|
|t:|1776099161
|switch|p2a: Great Tusk|Great Tusk|48/100|[from] U-turn
|
|upkeep
|turn|11
|
|t:|1776099166
|-end|p1a: Raging Bolt|Protosynthesis|[silent]
|switch|p1a: Cresselia|Cresselia, F|79/100
|move|p2a: Great Tusk|Headlong Rush|p1a: Cresselia
|-immune|p1a: Cresselia|[from] ability: Levitate
|
|upkeep
|turn|12
|
|t:|1776099172
|-end|p2a: Great Tusk|Protosynthesis|[silent]
|switch|p2a: Tornadus|Tornadus-Therian, M|100/100 par
|move|p1a: Cresselia|Ice Beam|p2a: Tornadus
|-supereffective|p2a: Tornadus
|-damage|p2a: Tornadus|68/100 par
|
|upkeep
|turn|13
|
|t:|1776099179
|move|p1a: Cresselia|Thunder Wave|p2a: Tornadus
|-fail|p2a: Tornadus|par
|move|p2a: Tornadus|U-turn|p1a: Cresselia
|-supereffective|p1a: Cresselia
|-damage|p1a: Cresselia|64/100
|
|t:|1776099182
|switch|p2a: Heatran|Heatran, F|99/100|[from] U-turn
|
|-heal|p2a: Heatran|100/100|[from] item: Leftovers
|upkeep
|turn|14
|
|t:|1776099193
|move|p1a: Cresselia|Thunder Wave|p2a: Heatran
|-status|p2a: Heatran|par
|cant|p2a: Heatran|par
|
|upkeep
|turn|15
|
|t:|1776099198
|switch|p1a: Raging Bolt|Raging Bolt|87/100
|move|p2a: Heatran|Stealth Rock|p1a: Raging Bolt
|-sidestart|p1: pratawithcurry|move: Stealth Rock
|
|upkeep
|turn|16
|
|t:|1776099209
|move|p1a: Raging Bolt|Dragon Pulse|p2a: Heatran
|-resisted|p2a: Heatran
|-damage|p2a: Heatran|78/100 par
|-damage|p1a: Raging Bolt|77/100|[from] item: Life Orb
|cant|p2a: Heatran|par
|
|-heal|p2a: Heatran|84/100 par|[from] item: Leftovers
|upkeep
|turn|17
|
|t:|1776099214
|switch|p2a: Glastrier|Glastrier|100/100
|move|p1a: Raging Bolt|Dragon Pulse|p2a: Glastrier
|-damage|p2a: Glastrier|50/100
|-damage|p1a: Raging Bolt|67/100|[from] item: Life Orb
|
|upkeep
|turn|18
|
|t:|1776099218
|move|p1a: Raging Bolt|Thunderbolt|p2a: Glastrier
|-damage|p2a: Glastrier|0 fnt
|faint|p2a: Glastrier
|-damage|p1a: Raging Bolt|57/100|[from] item: Life Orb
|
|upkeep
|
|t:|1776099220
|switch|p2a: Great Tusk|Great Tusk|48/100
|turn|19
|
|t:|1776099228
|-end|p1a: Raging Bolt|Protosynthesis|[silent]
|switch|p1a: Cresselia|Cresselia, F|64/100
|-damage|p1a: Cresselia|52/100|[from] Stealth Rock
|move|p2a: Great Tusk|Headlong Rush|p1a: Cresselia
|-immune|p1a: Cresselia|[from] ability: Levitate
|
|upkeep
|turn|20
|
|t:|1776099233
|-end|p2a: Great Tusk|Protosynthesis|[silent]
|switch|p2a: Heatran|Heatran, F|84/100 par
|move|p1a: Cresselia|Moonlight|p1a: Cresselia
|-heal|p1a: Cresselia|100/100
|
|-heal|p2a: Heatran|91/100 par|[from] item: Leftovers
|upkeep
|turn|21
|
|t:|1776099244
|switch|p1a: Raging Bolt|Raging Bolt|57/100
|-damage|p1a: Raging Bolt|45/100|[from] Stealth Rock
|move|p2a: Heatran|Magma Storm|p1a: Raging Bolt
|-resisted|p1a: Raging Bolt
|-damage|p1a: Raging Bolt|24/100
|-activate|p1a: Raging Bolt|move: Magma Storm|[of] p2a: Heatran
|
|-heal|p2a: Heatran|97/100 par|[from] item: Leftovers
|-damage|p1a: Raging Bolt|11/100|[from] move: Magma Storm|[partiallytrapped]
|upkeep
|turn|22
|
|t:|1776099253
|move|p1a: Raging Bolt|Thunderbolt|p2a: Heatran
|-damage|p2a: Heatran|52/100 par
|-damage|p1a: Raging Bolt|1/100|[from] item: Life Orb
|move|p2a: Heatran|Earth Power|p1a: Raging Bolt
|-supereffective|p1a: Raging Bolt
|-damage|p1a: Raging Bolt|0 fnt
|faint|p1a: Raging Bolt
|-end|p1a: Raging Bolt|Protosynthesis|[silent]
|
|-heal|p2a: Heatran|59/100 par|[from] item: Leftovers
|upkeep
|
|t:|1776099262
|switch|p1a: Ninetales|Ninetales, M|100/100
|-damage|p1a: Ninetales|76/100|[from] Stealth Rock
|-weather|SunnyDay|[from] ability: Drought|[of] p1a: Ninetales
|turn|23
|
|t:|1776099264
|move|p1a: Ninetales|Overheat|p2a: Heatran
|-start|p2a: Heatran|ability: Flash Fire
|move|p2a: Heatran|Earth Power|p1a: Ninetales
|-supereffective|p1a: Ninetales
|-damage|p1a: Ninetales|26/100
|
|-weather|SunnyDay|[upkeep]
|-heal|p2a: Heatran|65/100 par|[from] item: Leftovers
|upkeep
|turn|24
|-message|pratawithcurry forfeited.
|
|win|ALT1 Lord Greed
|raw|pratawithcurry's rating: 1558 &rarr; <strong>1537</strong><br />(-21 for losing)
|raw|ALT1 Lord Greed's rating: 1546 &rarr; <strong>1567</strong><br />(+21 for winning)
|l|☆pratawithcurry
|player|p1|
|l|☆ALT1 Lord Greed
|player|p2|
