|html|<div class="broadcast-blue"><strong>[Gen 9] OU is currently suspecting Tera Blast! For information on how to participate check out the <a href="https://www.smogon.com/tools/suspects/view/200">suspect thread</a>.</strong></div>
|j|☆BuffCacture
|j|☆Strox.1
|t:|1776061544
|gametype|singles
|player|p1|BuffCacture|2|1125
|player|p2|Strox.1|102|1065
|gen|9
|tier|[Gen 9] OU
|rated|
|rule|HP Percentage Mod: HP is shown in percentages
|rule|Endless Battle Clause: Forcing endless battles is banned
|rule|Species Clause: Limit one of each Pokémon
|rule|OHKO Clause: OHKO moves are banned
|rule|Evasion Items Clause: Evasion items are banned
|rule|Evasion Moves Clause: Evasion moves are banned
|rule|Evasion Abilities Clause: Evasion abilities are banned
|rule|Sleep Moves Clause: Sleep-inducing moves are banned
|clearpoke
|poke|p1|Tinkaton, F|
|poke|p1|Cacturne, M|
|poke|p1|Slowbro, F|
|poke|p1|Rotom-Wash|
|poke|p1|Emboar, F|
|poke|p1|Noivern, F|
|poke|p2|Samurott-Hisui, M|
|poke|p2|Ceruledge, M|
|poke|p2|Thundurus-Therian, M|
|poke|p2|Glimmora, M|
|poke|p2|Iron Crown|
|poke|p2|Sinistcha|
|teampreview
|inactive|Battle timer is ON: inactive players will automatically lose when time's up. (requested by Strox.1)
|inactive|BuffCacture has 120 seconds left.
|
|t:|1776061581
|teamsize|p1|6
|teamsize|p2|6
|start
|switch|p1a: Tinkaton|Tinkaton, F|100/100
|switch|p2a: Glimmora|Glimmora, M|100/100
|-ability|p1a: Tinkaton|Mold Breaker
|turn|1
|
|t:|1776061593
|move|p2a: Glimmora|Earth Power|p1a: Tinkaton
|-supereffective|p1a: Tinkaton
|-damage|p1a: Tinkaton|58/100
|-unboost|p1a: Tinkaton|spd|1
|move|p1a: Tinkaton|Gigaton Hammer|p2a: Glimmora
|-supereffective|p2a: Glimmora
|-damage|p2a: Glimmora|0 fnt
|-activate|p2a: Glimmora|ability: Toxic Debris
|-sidestart|p1: BuffCacture|move: Toxic Spikes
|faint|p2a: Glimmora
|
|upkeep
|
|t:|1776061605
|switch|p2a: Ceruledge|Ceruledge, M|100/100
|turn|2
|
|t:|1776061612
|switch|p1a: Noivern|Noivern, F|100/100
|move|p2a: Ceruledge|Bitter Blade|p1a: Noivern
|-resisted|p1a: Noivern
|-damage|p1a: Noivern|63/100
|-damage|p2a: Ceruledge|91/100|[from] item: Life Orb
|
|upkeep
|turn|3
|
|t:|1776061622
|move|p1a: Noivern|Defog|p2a: Ceruledge
|-unboost|p2a: Ceruledge|evasion|1
|-sideend|p1: BuffCacture|Toxic Spikes|[from] move: Defog|[of] p1a: Noivern
|move|p2a: Ceruledge|Poltergeist|p1a: Noivern
|-activate|p1a: Noivern|move: Poltergeist|Throat Spray
|-damage|p1a: Noivern|0 fnt
|faint|p1a: Noivern
|-damage|p2a: Ceruledge|81/100|[from] item: Life Orb
|
|upkeep
|
|t:|1776061649
|switch|p1a: Rotom|Rotom-Wash|100/100
|turn|4
|
|t:|1776061658
|move|p2a: Ceruledge|Poltergeist|p1a: Rotom
|-activate|p1a: Rotom|move: Poltergeist|Leftovers
|-damage|p1a: Rotom|15/100
|-damage|p2a: Ceruledge|71/100|[from] item: Life Orb
|move|p1a: Rotom|Hydro Pump|p2a: Ceruledge
|-supereffective|p2a: Ceruledge
|-crit|p2a: Ceruledge
|-damage|p2a: Ceruledge|0 fnt
|faint|p2a: Ceruledge
|
|-heal|p1a: Rotom|21/100|[from] item: Leftovers
|upkeep
|
|t:|1776061672
|switch|p2a: Thundurus|Thundurus-Therian, M|100/100
|turn|5
|
|t:|1776061678
|move|p2a: Thundurus|Tera Blast|p1a: Rotom
|-damage|p1a: Rotom|0 fnt
|faint|p1a: Rotom
|
|upkeep
|
|t:|1776061685
|switch|p1a: Emboar|Emboar, F|100/100
|turn|6
|
|t:|1776061695
|move|p1a: Emboar|Head Smash|p2a: Thundurus|[miss]
|-miss|p1a: Emboar|p2a: Thundurus
|move|p2a: Thundurus|Tera Blast|p1a: Emboar
|-damage|p1a: Emboar|59/100
|
|upkeep
|turn|7
|
|t:|1776061706
|move|p1a: Emboar|Head Smash|p2a: Thundurus
|-supereffective|p2a: Thundurus
|-damage|p2a: Thundurus|0 fnt
|faint|p2a: Thundurus
|-damage|p1a: Emboar|17/100|[from] Recoil
|
|upkeep
|
|t:|1776061712
|switch|p2a: Samurott|Samurott-Hisui, M|100/100
|turn|8
|
|t:|1776061718
|switch|p1a: Tinkaton|Tinkaton, F|58/100
|-ability|p1a: Tinkaton|Mold Breaker
|move|p2a: Samurott|Razor Shell|p1a: Tinkaton
|-damage|p1a: Tinkaton|0 fnt
|faint|p1a: Tinkaton
|
|upkeep
|
|t:|1776061725
|switch|p1a: Cacturne|Cacturne, M|100/100
|turn|9
|
|t:|1776061733
|switch|p2a: Sinistcha|Sinistcha|100/100
|move|p1a: Cacturne|Counter||[still]
|-fail|p1a: Cacturne
|
|upkeep
|turn|10
|
|t:|1776061739
|move|p1a: Cacturne|Swords Dance|p1a: Cacturne
|-boost|p1a: Cacturne|atk|2
|move|p2a: Sinistcha|Strength Sap|p1a: Cacturne
|-unboost|p1a: Cacturne|atk|1
|
|upkeep
|turn|11
|
|t:|1776061749
|switch|p2a: Iron Crown|Iron Crown|100/100
|move|p1a: Cacturne|Swords Dance|p1a: Cacturne
|-boost|p1a: Cacturne|atk|2
|
|upkeep
|turn|12
|
|t:|1776061759
|move|p1a: Cacturne|Sucker Punch|p2a: Iron Crown
|-supereffective|p2a: Iron Crown
|-crit|p2a: Iron Crown
|-damage|p2a: Iron Crown|0 fnt
|faint|p2a: Iron Crown
|-end|p2a: Iron Crown|Quark Drive|[silent]
|
|upkeep
|
|t:|1776061763
|switch|p2a: Samurott|Samurott-Hisui, M|100/100
|turn|13
|
|t:|1776061767
|move|p2a: Samurott|Sacred Sword|p1a: Cacturne
|-supereffective|p1a: Cacturne
|-enditem|p1a: Cacturne|Focus Sash
|-damage|p1a: Cacturne|1/100
|move|p1a: Cacturne|Seed Bomb|p2a: Samurott
|-supereffective|p2a: Samurott
|-damage|p2a: Samurott|0 fnt
|faint|p2a: Samurott
|
|upkeep
|
|t:|1776061771
|switch|p2a: Sinistcha|Sinistcha|100/100
|turn|14
|c|☆BuffCacture|;)
|
|t:|1776061777
|move|p1a: Cacturne|Sucker Punch|p2a: Sinistcha
|-supereffective|p2a: Sinistcha
|-damage|p2a: Sinistcha|0 fnt
|faint|p2a: Sinistcha
|
|win|BuffCacture
|raw|BuffCacture's rating: 1125 &rarr; <strong>1146</strong><br />(+21 for winning)
|raw|Strox.1's rating: 1065 &rarr; <strong>1049</strong><br />(-16 for losing)
|l|☆Strox.1
|player|p2|
|l|☆BuffCacture
|player|p1|
