|html|<div class="broadcast-blue"><strong>[Gen 9] OU is currently suspecting Tera Blast! For information on how to participate check out the <a href="https://www.smogon.com/tools/suspects/view/200">suspect thread</a>.</strong></div>
|j|☆Xsxh
|j|☆mlbebek
|t:|1776058599
|gametype|singles
|player|p1|Xsxh|veteran|1204
|player|p2|mlbebek|policeman|1203
|gen|9
|tier|[Gen 9] OU
|rated|
|rule|HP Percentage Mod: HP is shown in percentages
|rule|Endless Battle Clause: Forcing endless battles is banned
|rule|Species Clause: Limit one of each Pokémon
|rule|OHKO Clause: OHKO moves are banned
|rule|Evasion Items Clause: Evasion items are banned
|rule|Evasion Moves Clause: Evasion moves are banned
|rule|Evasion Abilities Clause: Evasion abilities are banned
|rule|Sleep Moves Clause: Sleep-inducing moves are banned
|clearpoke
|poke|p1|Kingambit, M|
|poke|p1|Great Tusk|
|poke|p1|Corviknight, F|
|poke|p1|Gholdengo|
|poke|p1|Toxapex, F|
|poke|p1|Rillaboom, M|
|poke|p2|Yanmega, M|
|poke|p2|Lokix, M|
|poke|p2|Forretress, M|
|poke|p2|Scizor, F|
|poke|p2|Kleavor, F|
|poke|p2|Vikavolt, M|
|teampreview
|
|t:|1776058618
|teamsize|p1|6
|teamsize|p2|6
|start
|switch|p1a: Colminardo|Great Tusk|100/100
|switch|p2a: Not so fast|Vikavolt, M|100/100
|turn|1
|
|t:|1776058628
|move|p1a: Colminardo|Stealth Rock|p2a: Not so fast
|-sidestart|p2: mlbebek|move: Stealth Rock
|move|p2a: Not so fast|Agility|p2a: Not so fast
|-boost|p2a: Not so fast|spe|2
|
|upkeep
|turn|2
|
|t:|1776058671
|switch|p2a: Beybalde|Forretress, M|100/100
|-damage|p2a: Beybalde|88/100|[from] Stealth Rock
|-end|p1a: Colminardo|Protosynthesis|[silent]
|switch|p1a: Chorvid19|Corviknight, F, shiny|100/100
|-ability|p1a: Chorvid19|Pressure
|
|upkeep
|turn|3
|
|t:|1776058688
|switch|p1a: Dinerorap|Gholdengo|100/100
|move|p2a: Beybalde|Reflect|p2a: Beybalde
|-sidestart|p2: mlbebek|Reflect
|
|upkeep
|turn|4
|
|t:|1776058699
|move|p1a: Dinerorap|Shadow Ball|p2a: Beybalde
|-damage|p2a: Beybalde|29/100
|move|p2a: Beybalde|Light Screen|p2a: Beybalde
|-sidestart|p2: mlbebek|move: Light Screen
|
|upkeep
|turn|5
|
|t:|1776058708
|switch|p2a: Lodix|Lokix, M, shiny|100/100
|-damage|p2a: Lodix|76/100|[from] Stealth Rock
|move|p1a: Dinerorap|Shadow Ball|p2a: Lodix
|-resisted|p2a: Lodix
|-damage|p2a: Lodix|55/100
|
|upkeep
|turn|6
|
|t:|1776058717
|switch|p1a: Chorvid19|Corviknight, F, shiny|100/100
|-ability|p1a: Chorvid19|Pressure
|move|p2a: Lodix|Swords Dance|p2a: Lodix
|-boost|p2a: Lodix|atk|2
|
|upkeep
|turn|7
|
|t:|1776058726
|move|p2a: Lodix|Knock Off|p1a: Chorvid19
|-damage|p1a: Chorvid19|42/100
|-damage|p2a: Lodix|39/100|[from] item: Rocky Helmet|[of] p1a: Chorvid19
|-enditem|p1a: Chorvid19|Rocky Helmet|[from] move: Knock Off|[of] p2a: Lodix
|move|p1a: Chorvid19|Roost|p1a: Chorvid19
|-heal|p1a: Chorvid19|92/100
|-singleturn|p1a: Chorvid19|move: Roost
|
|upkeep
|turn|8
|
|t:|1776058737
|move|p2a: Lodix|Swords Dance|p2a: Lodix
|-boost|p2a: Lodix|atk|2
|move|p1a: Chorvid19|Brave Bird|p2a: Lodix
|-supereffective|p2a: Lodix
|-damage|p2a: Lodix|0 fnt
|faint|p2a: Lodix
|-damage|p1a: Chorvid19|83/100|[from] Recoil
|
|upkeep
|
|t:|1776058745
|switch|p2a: Not so fast|Vikavolt, M|100/100
|-damage|p2a: Not so fast|76/100|[from] Stealth Rock
|turn|9
|
|t:|1776058750
|move|p2a: Not so fast|Thunderbolt|p1a: Chorvid19
|-supereffective|p1a: Chorvid19
|-damage|p1a: Chorvid19|0 fnt
|faint|p1a: Chorvid19
|-damage|p2a: Not so fast|66/100|[from] item: Life Orb
|
|upkeep
|
|t:|1776058756
|switch|p1a: Dinerorap|Gholdengo|100/100
|turn|10
|
|t:|1776058761
|move|p1a: Dinerorap|Shadow Ball|p2a: Not so fast
|-damage|p2a: Not so fast|39/100
|move|p2a: Not so fast|Thunderbolt|p1a: Dinerorap
|-damage|p1a: Dinerorap|22/100
|-damage|p2a: Not so fast|29/100|[from] item: Life Orb
|
|-sideend|p2: mlbebek|Reflect
|upkeep
|turn|11
|
|t:|1776058768
|move|p1a: Dinerorap|Shadow Ball|p2a: Not so fast
|-damage|p2a: Not so fast|2/100
|move|p2a: Not so fast|Thunderbolt|p1a: Dinerorap
|-damage|p1a: Dinerorap|0 fnt
|faint|p1a: Dinerorap
|-damage|p2a: Not so fast|0 fnt|[from] item: Life Orb
|faint|p2a: Not so fast
|
|-sideend|p2: mlbebek|move: Light Screen
|upkeep
|
|t:|1776058779
|switch|p1a: Boomer|Rillaboom, M|100/100
|switch|p2a: Beybalde|Forretress, M|29/100
|-fieldstart|move: Grassy Terrain|[from] ability: Grassy Surge|[of] p1a: Boomer
|-damage|p2a: Beybalde|17/100|[from] Stealth Rock
|turn|12
|
|t:|1776058788
|move|p1a: Boomer|Knock Off|p2a: Beybalde
|-damage|p2a: Beybalde|0 fnt
|-enditem|p2a: Beybalde|Light Clay|[from] move: Knock Off|[of] p1a: Boomer
|faint|p2a: Beybalde
|
|upkeep
|
|t:|1776058792
|switch|p2a: Axe Clacks|Kleavor, F|100/100
|-damage|p2a: Axe Clacks|76/100|[from] Stealth Rock
|turn|13
|
|t:|1776058801
|switch|p1a: Colminardo|Great Tusk|100/100
|move|p2a: Axe Clacks|X-Scissor|p1a: Colminardo
|-resisted|p1a: Colminardo
|-damage|p1a: Colminardo|77/100
|
|-heal|p2a: Axe Clacks|82/100|[from] Grassy Terrain
|-heal|p1a: Colminardo|83/100|[from] Grassy Terrain
|upkeep
|turn|14
|
|t:|1776058817
|move|p2a: Axe Clacks|X-Scissor|p1a: Colminardo
|-resisted|p1a: Colminardo
|-damage|p1a: Colminardo|61/100
|move|p1a: Colminardo|Close Combat|p2a: Axe Clacks
|-damage|p2a: Axe Clacks|17/100
|-unboost|p1a: Colminardo|def|1
|-unboost|p1a: Colminardo|spd|1
|
|-heal|p2a: Axe Clacks|23/100|[from] Grassy Terrain
|-heal|p1a: Colminardo|68/100|[from] Grassy Terrain
|upkeep
|turn|15
|
|t:|1776058829
|move|p2a: Axe Clacks|X-Scissor|p1a: Colminardo
|-resisted|p1a: Colminardo
|-damage|p1a: Colminardo|35/100
|move|p1a: Colminardo|Earthquake|p2a: Axe Clacks
|-damage|p2a: Axe Clacks|0 fnt
|faint|p2a: Axe Clacks
|
|-heal|p1a: Colminardo|41/100|[from] Grassy Terrain
|upkeep
|
|t:|1776058830
|switch|p2a: Oprah Winstead|Scizor, F, shiny|100/100
|-damage|p2a: Oprah Winstead|88/100|[from] Stealth Rock
|turn|16
|
|t:|1776058848
|move|p1a: Colminardo|Earthquake|p2a: Oprah Winstead
|-damage|p2a: Oprah Winstead|64/100
|move|p2a: Oprah Winstead|Defog|p1a: Colminardo
|-unboost|p1a: Colminardo|evasion|1
|-sideend|p2: mlbebek|Stealth Rock|[from] move: Defog|[of] p2a: Oprah Winstead
|-fieldend|move: Grassy Terrain
|
|upkeep
|turn|17
|
|t:|1776058855
|switch|p2a: Honey Dewmelon|Yanmega, M, shiny|100/100
|move|p1a: Colminardo|Stealth Rock|p2a: Honey Dewmelon
|-sidestart|p2: mlbebek|move: Stealth Rock
|
|upkeep
|turn|18
|
|t:|1776058864
|-end|p1a: Colminardo|Protosynthesis|[silent]
|switch|p1a: Toxalegends|Toxapex, F|100/100
|move|p2a: Honey Dewmelon|Bug Buzz|p1a: Toxalegends
|-resisted|p1a: Toxalegends
|-damage|p1a: Toxalegends|85/100
|-enditem|p2a: Honey Dewmelon|Throat Spray
|-boost|p2a: Honey Dewmelon|spa|1|[from] item: Throat Spray
|
|-heal|p1a: Toxalegends|91/100|[from] item: Black Sludge
|-ability|p2a: Honey Dewmelon|Speed Boost|boost
|-boost|p2a: Honey Dewmelon|spe|1
|upkeep
|turn|19
|
|t:|1776058874
|-terastallize|p2a: Honey Dewmelon|Ground
|move|p2a: Honey Dewmelon|Tera Blast|p1a: Toxalegends|[anim] Tera Blast Ground
|-supereffective|p1a: Toxalegends
|-damage|p1a: Toxalegends|10/100
|move|p1a: Toxalegends|Haze|p1a: Toxalegends
|-clearallboost
|
|-heal|p1a: Toxalegends|16/100|[from] item: Black Sludge
|-ability|p2a: Honey Dewmelon|Speed Boost|boost
|-boost|p2a: Honey Dewmelon|spe|1
|upkeep
|turn|20
|
|t:|1776058886
|move|p1a: Toxalegends|Baneful Bunker|p1a: Toxalegends
|-singleturn|p1a: Toxalegends|move: Protect
|move|p2a: Honey Dewmelon|Air Slash|p1a: Toxalegends
|-activate|p1a: Toxalegends|move: Protect
|
|-heal|p1a: Toxalegends|23/100|[from] item: Black Sludge
|-ability|p2a: Honey Dewmelon|Speed Boost|boost
|-boost|p2a: Honey Dewmelon|spe|1
|upkeep
|turn|21
|
|t:|1776058901
|switch|p1a: Boomer|Rillaboom, M|100/100
|-fieldstart|move: Grassy Terrain|[from] ability: Grassy Surge|[of] p1a: Boomer
|move|p2a: Honey Dewmelon|Tera Blast|p1a: Boomer|[anim] Tera Blast Ground
|-resisted|p1a: Boomer
|-damage|p1a: Boomer|71/100
|
|-heal|p1a: Boomer|78/100|[from] Grassy Terrain
|-ability|p2a: Honey Dewmelon|Speed Boost|boost
|-boost|p2a: Honey Dewmelon|spe|1
|upkeep
|turn|22
|
|t:|1776058913
|move|p2a: Honey Dewmelon|Protect|p2a: Honey Dewmelon
|-singleturn|p2a: Honey Dewmelon|Protect
|move|p1a: Boomer|Grassy Glide|p2a: Honey Dewmelon
|-activate|p2a: Honey Dewmelon|move: Protect
|
|-heal|p1a: Boomer|84/100|[from] Grassy Terrain
|-ability|p2a: Honey Dewmelon|Speed Boost|boost
|-boost|p2a: Honey Dewmelon|spe|1
|upkeep
|turn|23
|
|t:|1776058924
|-terastallize|p1a: Boomer|Steel
|move|p1a: Boomer|Grassy Glide|p2a: Honey Dewmelon
|-supereffective|p2a: Honey Dewmelon
|-damage|p2a: Honey Dewmelon|0 fnt
|faint|p2a: Honey Dewmelon
|
|-heal|p1a: Boomer|90/100|[from] Grassy Terrain
|upkeep
|
|t:|1776058929
|switch|p2a: Oprah Winstead|Scizor, F, shiny|64/100
|-damage|p2a: Oprah Winstead|52/100|[from] Stealth Rock
|turn|24
|-message|mlbebek forfeited.
|
|win|Xsxh
|raw|Xsxh's rating: 1204 &rarr; <strong>1229</strong><br />(+25 for winning)
|raw|mlbebek's rating: 1203 &rarr; <strong>1178</strong><br />(-25 for losing)
|l|☆mlbebek
|player|p2|
|l|☆Xsxh
|player|p1|
