|html|<div class="broadcast-blue"><strong>[Gen 9] OU is currently suspecting Volcarona! For information on how to participate check out the <a href="https://www.smogon.com/tools/suspects/view/208">suspect thread</a>.</strong></div>
|j|☆Foguinzx
|j|☆baansodboi
|t:|1778516202
|gametype|singles
|player|p1|Foguinzx|erika|1059
|player|p2|baansodboi|266|1079
|gen|9
|tier|[Gen 9] OU
|rated|
|rule|HP Percentage Mod: HP is shown in percentages
|rule|Endless Battle Clause: Forcing endless battles is banned
|rule|Species Clause: Limit one of each Pokémon
|rule|OHKO Clause: OHKO moves are banned
|rule|Evasion Items Clause: Evasion items are banned
|rule|Evasion Moves Clause: Evasion moves are banned
|rule|Evasion Abilities Clause: Evasion abilities are banned
|rule|Sleep Moves Clause: Sleep-inducing moves are banned
|clearpoke
|poke|p1|Kingambit, F|
|poke|p1|Raging Bolt|
|poke|p1|Gholdengo|
|poke|p1|Landorus-Therian, M|
|poke|p1|Rillaboom, M|
|poke|p1|Alomomola, F|
|poke|p2|Jirachi|
|poke|p2|Meloetta|
|poke|p2|Chandelure, F|
|poke|p2|Clodsire, F|
|poke|p2|Skarmory, M|
|poke|p2|Glimmora, M|
|teampreview
|inactive|Battle timer is ON: inactive players will automatically lose when time's up. (requested by baansodboi)
|
|t:|1778516260
|teamsize|p1|6
|teamsize|p2|6
|start
|switch|p1a: Sunset|Gholdengo, shiny|100/100
|switch|p2a: Glimmora|Glimmora, M|100/100
|turn|1
|inactive|baansodboi has 120 seconds left.
|
|t:|1778516309
|-terastallize|p2a: Glimmora|Flying
|move|p1a: Sunset|Make It Rain|p2a: Glimmora
|-damage|p2a: Glimmora|5/100
|-unboost|p1a: Sunset|spa|1
|move|p2a: Glimmora|Earth Power|p1a: Sunset
|-supereffective|p1a: Sunset
|-damage|p1a: Sunset|19/100
|
|upkeep
|turn|2
|
|t:|1778516326
|switch|p2a: Clodsire|Clodsire, F, shiny|100/100
|move|p1a: Sunset|Make It Rain|p2a: Clodsire
|-damage|p2a: Clodsire|60/100
|-unboost|p1a: Sunset|spa|1
|
|-heal|p2a: Clodsire|66/100|[from] item: Leftovers
|upkeep
|turn|3
|
|t:|1778516346
|switch|p1a: Monkey D. Luffy|Rillaboom, M, shiny|100/100
|-fieldstart|move: Grassy Terrain|[from] ability: Grassy Surge|[of] p1a: Monkey D. Luffy
|move|p2a: Clodsire|Toxic|p1a: Monkey D. Luffy
|-status|p1a: Monkey D. Luffy|tox
|
|-heal|p2a: Clodsire|73/100|[from] Grassy Terrain
|-heal|p2a: Clodsire|79/100|[from] item: Leftovers
|-damage|p1a: Monkey D. Luffy|94/100 tox|[from] psn
|upkeep
|turn|4
|
|t:|1778516361
|switch|p2a: Skarmory|Skarmory, M|100/100
|move|p1a: Monkey D. Luffy|Wood Hammer|p2a: Skarmory
|-resisted|p2a: Skarmory
|-damage|p2a: Skarmory|89/100
|-damage|p1a: Monkey D. Luffy|78/100 tox|[from] item: Rocky Helmet|[of] p2a: Skarmory
|-damage|p1a: Monkey D. Luffy|75/100 tox|[from] Recoil
|
|-heal|p1a: Monkey D. Luffy|81/100 tox|[from] Grassy Terrain
|-damage|p1a: Monkey D. Luffy|69/100 tox|[from] psn
|upkeep
|turn|5
|c|☆baansodboi|Lufffy
|inactive|Foguinzx has 120 seconds left.
|
|t:|1778516387
|move|p1a: Monkey D. Luffy|U-turn|p2a: Skarmory
|-resisted|p2a: Skarmory
|-damage|p2a: Skarmory|86/100
|-damage|p1a: Monkey D. Luffy|52/100 tox|[from] item: Rocky Helmet|[of] p2a: Skarmory
|
|t:|1778516396
|switch|p1a: Zeus|Landorus-Therian, M, shiny|100/100|[from] U-turn
|-ability|p1a: Zeus|Intimidate|boost
|-unboost|p2a: Skarmory|atk|1
|move|p2a: Skarmory|Stealth Rock|p1a: Zeus
|-sidestart|p1: Foguinzx|move: Stealth Rock
|
|upkeep
|turn|6
|inactive|Foguinzx has 120 seconds left.
|
|t:|1778516415
|switch|p2a: Meloetta|Meloetta, shiny|100/100
|move|p1a: Zeus|Taunt|p2a: Meloetta
|-start|p2a: Meloetta|move: Taunt
|
|upkeep
|turn|7
|
|t:|1778516440
|-terastallize|p1a: Zeus|Water
|move|p2a: Meloetta|Triple Axel|p1a: Zeus|[miss]
|-miss|p2a: Meloetta|p1a: Zeus
|move|p1a: Zeus|Rock Tomb|p2a: Meloetta
|-damage|p2a: Meloetta|76/100
|-unboost|p2a: Meloetta|spe|1
|
|-heal|p2a: Meloetta|83/100|[from] Grassy Terrain
|-fieldend|move: Grassy Terrain
|upkeep
|turn|8
|inactive|Foguinzx has 90 seconds left.
|
|t:|1778516461
|switch|p2a: Skarmory|Skarmory, M|86/100
|move|p1a: Zeus|Stealth Rock|p2a: Skarmory
|-sidestart|p2: baansodboi|move: Stealth Rock
|
|upkeep
|turn|9
|inactive|baansodboi has 90 seconds left.
|
|t:|1778516480
|switch|p1a: Dinosaur|Raging Bolt|100/100
|-damage|p1a: Dinosaur|88/100|[from] Stealth Rock
|-enditem|p1a: Dinosaur|Booster Energy
|-activate|p1a: Dinosaur|ability: Protosynthesis|[fromitem]
|-start|p1a: Dinosaur|protosynthesisspa
|move|p2a: Skarmory|Iron Defense|p2a: Skarmory
|-boost|p2a: Skarmory|def|2
|
|upkeep
|turn|10
|inactive|baansodboi has 90 seconds left.
|inactive|Foguinzx has 90 seconds left.
|
|t:|1778516495
|switch|p2a: Clodsire|Clodsire, F, shiny|79/100
|-damage|p2a: Clodsire|73/100|[from] Stealth Rock
|move|p1a: Dinosaur|Dragon Pulse|p2a: Clodsire
|-damage|p2a: Clodsire|35/100
|
|-heal|p2a: Clodsire|41/100|[from] item: Leftovers
|upkeep
|turn|11
|inactive|Foguinzx has 90 seconds left.
|inactive|baansodboi has 90 seconds left.
|
|t:|1778516522
|-end|p1a: Dinosaur|Protosynthesis|[silent]
|switch|p1a: Zeus|Landorus-Therian, M, shiny, tera:Water|100/100
|-damage|p1a: Zeus|88/100|[from] Stealth Rock
|-ability|p1a: Zeus|Intimidate|boost
|-unboost|p2a: Clodsire|atk|1
|move|p2a: Clodsire|Earthquake|p1a: Zeus
|-damage|p1a: Zeus|74/100
|
|-heal|p2a: Clodsire|48/100|[from] item: Leftovers
|upkeep
|turn|12
|inactive|baansodboi has 90 seconds left.
|
|t:|1778516548
|switch|p2a: Skarmory|Skarmory, M|86/100
|-damage|p2a: Skarmory|74/100|[from] Stealth Rock
|move|p1a: Zeus|Taunt|p2a: Skarmory
|-start|p2a: Skarmory|move: Taunt
|
|upkeep
|turn|13
|
|t:|1778516567
|switch|p1a: Peixe Rosa Inútil|Alomomola, F, shiny|100/100
|-damage|p1a: Peixe Rosa Inútil|88/100|[from] Stealth Rock
|switch|p2a: Meloetta|Meloetta, shiny|83/100
|-damage|p2a: Meloetta|70/100|[from] Stealth Rock
|
|-heal|p1a: Peixe Rosa Inútil|94/100|[from] item: Leftovers
|upkeep
|turn|14
|
|t:|1778516584
|move|p2a: Meloetta|Relic Song|p1a: Peixe Rosa Inútil
|-damage|p1a: Peixe Rosa Inútil|67/100
|-formechange|p2a: Meloetta|Meloetta-Pirouette|[msg]
|-damage|p2a: Meloetta|60/100|[from] item: Life Orb
|move|p1a: Peixe Rosa Inútil|Scald|p2a: Meloetta
|-damage|p2a: Meloetta|42/100
|
|-heal|p1a: Peixe Rosa Inútil|74/100|[from] item: Leftovers
|upkeep
|turn|15
|
|t:|1778516597
|move|p2a: Meloetta|Knock Off|p1a: Peixe Rosa Inútil
|-damage|p1a: Peixe Rosa Inútil|45/100
|-enditem|p1a: Peixe Rosa Inútil|Leftovers|[from] move: Knock Off|[of] p2a: Meloetta
|-damage|p2a: Meloetta|32/100|[from] item: Life Orb
|move|p1a: Peixe Rosa Inútil|Flip Turn|p2a: Meloetta
|-damage|p2a: Meloetta|13/100
|
|t:|1778516606
|switch|p1a: Sunset|Gholdengo, shiny|19/100|[from] Flip Turn
|-damage|p1a: Sunset|13/100|[from] Stealth Rock
|
|upkeep
|turn|16
|
|t:|1778516619
|move|p1a: Sunset|Make It Rain|p2a: Meloetta
|-damage|p2a: Meloetta|0 fnt
|-unboost|p1a: Sunset|spa|1
|faint|p2a: Meloetta
|
|upkeep
|
|t:|1778516634
|switch|p2a: Clodsire|Clodsire, F, shiny|48/100
|-damage|p2a: Clodsire|41/100|[from] Stealth Rock
|turn|17
|inactive|Foguinzx has 60 seconds left.
|
|t:|1778516675
|switch|p1a: Peixe Rosa Inútil|Alomomola, F, shiny|78/100
|-damage|p1a: Peixe Rosa Inútil|66/100|[from] Stealth Rock
|move|p2a: Clodsire|Recover|p2a: Clodsire
|-heal|p2a: Clodsire|91/100
|
|-heal|p2a: Clodsire|98/100|[from] item: Leftovers
|upkeep
|turn|18
|l|☆baansodboi
|inactive|baansodboi disconnected and has a minute to reconnect!
|player|p2|
|j|☆baansodboi
|inactive|baansodboi reconnected and has 75 seconds left.
|player|p2|baansodboi|266|
|
|t:|1778516698
|move|p1a: Peixe Rosa Inútil|Wish|p1a: Peixe Rosa Inútil
|move|p2a: Clodsire|Toxic|p1a: Peixe Rosa Inútil
|-status|p1a: Peixe Rosa Inútil|tox
|
|-heal|p2a: Clodsire|100/100|[from] item: Leftovers
|-damage|p1a: Peixe Rosa Inútil|59/100 tox|[from] psn
|upkeep
|turn|19
|
|t:|1778516717
|switch|p2a: Glimmora|Glimmora, M, tera:Flying|5/100
|-damage|p2a: Glimmora|0 fnt|[from] Stealth Rock
|faint|p2a: Glimmora
|move|p1a: Peixe Rosa Inútil|Flip Turn|p2: Glimmora|[notarget]
|-fail|p1a: Peixe Rosa Inútil
|
|-heal|p1a: Peixe Rosa Inútil|100/100 tox|[from] move: Wish|[wisher] Peixe Rosa Inútil
|-damage|p1a: Peixe Rosa Inútil|88/100 tox|[from] psn
|upkeep
|inactive|baansodboi has 60 seconds left.
|
|t:|1778516729
|switch|p2a: Chandelure|Chandelure, F, shiny|100/100
|-damage|p2a: Chandelure|76/100|[from] Stealth Rock
|turn|20
|
|t:|1778516736
|switch|p1a: Dinosaur|Raging Bolt|88/100
|-damage|p1a: Dinosaur|76/100|[from] Stealth Rock
|move|p2a: Chandelure|Energy Ball|p1a: Dinosaur
|-resisted|p1a: Dinosaur
|-damage|p1a: Dinosaur|61/100
|
|upkeep
|turn|21
|
|t:|1778516749
|switch|p2a: Clodsire|Clodsire, F, shiny|100/100
|-damage|p2a: Clodsire|94/100|[from] Stealth Rock
|move|p1a: Dinosaur|Dragon Pulse|p2a: Clodsire
|-damage|p2a: Clodsire|66/100
|
|-heal|p2a: Clodsire|73/100|[from] item: Leftovers
|upkeep
|turn|22
|inactive|Foguinzx has 60 seconds left.
|inactive|baansodboi has 60 seconds left.
|
|t:|1778516777
|-end|p1a: Dinosaur|Protosynthesis|[silent]
|switch|p1a: Peixe Rosa Inútil|Alomomola, F, shiny|100/100 tox
|-damage|p1a: Peixe Rosa Inútil|88/100 tox|[from] Stealth Rock
|move|p2a: Clodsire|Curse|p2a: Clodsire
|-unboost|p2a: Clodsire|spe|1
|-boost|p2a: Clodsire|atk|1
|-boost|p2a: Clodsire|def|1
|
|-heal|p2a: Clodsire|79/100|[from] item: Leftovers
|-damage|p1a: Peixe Rosa Inútil|82/100 tox|[from] psn
|upkeep
|turn|23
|inactive|Foguinzx has 60 seconds left.
|
|t:|1778516793
|move|p1a: Peixe Rosa Inútil|Wish|p1a: Peixe Rosa Inútil
|move|p2a: Clodsire|Curse|p2a: Clodsire
|-unboost|p2a: Clodsire|spe|1
|-boost|p2a: Clodsire|atk|1
|-boost|p2a: Clodsire|def|1
|
|-heal|p2a: Clodsire|85/100|[from] item: Leftovers
|-damage|p1a: Peixe Rosa Inútil|69/100 tox|[from] psn
|upkeep
|turn|24
|inactive|Foguinzx has 60 seconds left.
|
|t:|1778516804
|move|p1a: Peixe Rosa Inútil|Flip Turn|p2a: Clodsire
|-supereffective|p2a: Clodsire
|-damage|p2a: Clodsire|67/100
|inactive|Foguinzx has 60 seconds left.
|
|t:|1778516832
|switch|p1a: Zeus|Landorus-Therian, M, shiny, tera:Water|74/100|[from] Flip Turn
|-damage|p1a: Zeus|61/100|[from] Stealth Rock
|-ability|p1a: Zeus|Intimidate|boost
|-unboost|p2a: Clodsire|atk|1
|move|p2a: Clodsire|Curse|p2a: Clodsire
|-unboost|p2a: Clodsire|spe|1
|-boost|p2a: Clodsire|atk|1
|-boost|p2a: Clodsire|def|1
|
|-heal|p1a: Zeus|100/100|[from] move: Wish|[wisher] Peixe Rosa Inútil
|-heal|p2a: Clodsire|73/100|[from] item: Leftovers
|upkeep
|turn|25
|inactive|baansodboi has 60 seconds left.
|
|t:|1778516849
|move|p1a: Zeus|Taunt|p2a: Clodsire
|-start|p2a: Clodsire|move: Taunt
|cant|p2a: Clodsire|move: Taunt|Toxic
|
|-heal|p2a: Clodsire|80/100|[from] item: Leftovers
|upkeep
|turn|26
|
|t:|1778516856
|move|p1a: Zeus|Earthquake|p2a: Clodsire
|-supereffective|p2a: Clodsire
|-damage|p2a: Clodsire|33/100
|move|p2a: Clodsire|Earthquake|p1a: Zeus
|-damage|p1a: Zeus|60/100
|
|-heal|p2a: Clodsire|39/100|[from] item: Leftovers
|upkeep
|turn|27
|inactive|baansodboi has 60 seconds left.
|
|t:|1778516865
|move|p1a: Zeus|Earthquake|p2a: Clodsire
|-supereffective|p2a: Clodsire
|-damage|p2a: Clodsire|0 fnt
|faint|p2a: Clodsire
|
|upkeep
|-message|baansodboi forfeited.
|
|win|Foguinzx
|raw|Foguinzx's rating: 1059 &rarr; <strong>1092</strong><br />(+33 for winning)
|raw|baansodboi's rating: 1079 &rarr; <strong>1056</strong><br />(-23 for losing)
|l|☆baansodboi
|player|p2|
|l|☆Foguinzx
|player|p1|
