|html|<div class="broadcast-blue"><strong>[Gen 9] OU is currently suspecting Tera Blast! For information on how to participate check out the <a href="https://www.smogon.com/tools/suspects/view/200">suspect thread</a>.</strong></div>
|j|☆gojo du m
|j|☆Atsunami
|t:|1776163560
|gametype|singles
|player|p1|gojo du m|170|
|player|p2|Atsunami|102|
|gen|9
|tier|[Gen 9] OU
|rule|HP Percentage Mod: HP is shown in percentages
|rule|Endless Battle Clause: Forcing endless battles is banned
|rule|Species Clause: Limit one of each Pokémon
|rule|OHKO Clause: OHKO moves are banned
|rule|Evasion Items Clause: Evasion items are banned
|rule|Evasion Moves Clause: Evasion moves are banned
|rule|Evasion Abilities Clause: Evasion abilities are banned
|rule|Sleep Moves Clause: Sleep-inducing moves are banned
|clearpoke
|poke|p1|Garganacl, F|
|poke|p1|Gliscor, F|
|poke|p1|Kyurem|
|poke|p1|Ogerpon-Wellspring, F|
|poke|p1|Great Tusk|
|poke|p1|Kingambit, M|
|poke|p2|Kingdra, F|
|poke|p2|Pelipper, M|
|poke|p2|Iron Treads|
|poke|p2|Zapdos|
|poke|p2|Amoonguss, M|
|poke|p2|Barraskewda, F|
|teampreview
|l|☆gojo du m
|player|p1|
|j|☆gojo du m
|player|p1|gojo du m|170|
|
|t:|1776163599
|teamsize|p1|6
|teamsize|p2|6
|start
|switch|p1a: Kyurem|Kyurem|100/100
|switch|p2a: Pelipper|Pelipper, M|100/100
|-ability|p1a: Kyurem|Pressure
|-weather|RainDance|[from] ability: Drizzle|[of] p2a: Pelipper
|turn|1
|
|t:|1776163621
|switch|p2a: Amoonguss|Amoonguss, M|100/100
|move|p1a: Kyurem|Earth Power|p2a: Amoonguss
|-damage|p2a: Amoonguss|73/100
|-unboost|p2a: Amoonguss|spd|1
|-enditem|p2a: Amoonguss|Eject Button
|
|t:|1776163638
|switch|p2a: Barraskewda|Barraskewda, F|100/100
|
|-weather|RainDance|[upkeep]
|upkeep
|turn|2
|
|t:|1776163655
|switch|p1a: Gliscor|Gliscor, F|100/100
|move|p2a: Barraskewda|Close Combat|p1a: Gliscor
|-resisted|p1a: Gliscor
|-damage|p1a: Gliscor|82/100
|-unboost|p2a: Barraskewda|def|1
|-unboost|p2a: Barraskewda|spd|1
|
|-weather|RainDance|[upkeep]
|-status|p1a: Gliscor|tox|[from] item: Toxic Orb
|upkeep
|turn|3
|
|t:|1776163673
|switch|p2a: Pelipper|Pelipper, M|100/100
|move|p1a: Gliscor|Protect||[still]
|-fail|p1a: Gliscor
|
|-weather|RainDance|[upkeep]
|-heal|p1a: Gliscor|95/100 tox|[from] ability: Poison Heal
|upkeep
|turn|4
|
|t:|1776163700
|switch|p1a: Kyurem|Kyurem|100/100
|-ability|p1a: Kyurem|Pressure
|move|p2a: Pelipper|U-turn|p1a: Kyurem
|-damage|p1a: Kyurem|92/100
|
|t:|1776163748
|switch|p2a: Kingdra|Kingdra, F|100/100|[from] U-turn
|
|-weather|RainDance|[upkeep]
|upkeep
|turn|5
|
|t:|1776163770
|-terastallize|p1a: Kyurem|Steel
|move|p2a: Kingdra|Hurricane|p1a: Kyurem
|-resisted|p1a: Kyurem
|-damage|p1a: Kyurem|70/100
|move|p1a: Kyurem|Freeze-Dry|p2a: Kingdra
|-supereffective|p2a: Kingdra
|-damage|p2a: Kingdra|0 fnt
|faint|p2a: Kingdra
|
|-weather|RainDance|[upkeep]
|upkeep
|
|t:|1776163782
|switch|p2a: Barraskewda|Barraskewda, F|100/100
|turn|6
|
|t:|1776163795
|switch|p1a: Gliscor|Gliscor, F|95/100 tox
|move|p2a: Barraskewda|Liquidation|p1a: Gliscor
|-supereffective|p1a: Gliscor
|-damage|p1a: Gliscor|0 fnt
|faint|p1a: Gliscor
|
|-weather|RainDance|[upkeep]
|upkeep
|
|t:|1776163809
|switch|p1a: Ogerpon|Ogerpon-Wellspring, F|100/100
|turn|7
|
|t:|1776163831
|switch|p2a: Amoonguss|Amoonguss, M|100/100
|move|p1a: Ogerpon|Swords Dance|p1a: Ogerpon
|-boost|p1a: Ogerpon|atk|2
|
|-weather|RainDance|[upkeep]
|upkeep
|turn|8
|
|t:|1776163848
|move|p1a: Ogerpon|Ivy Cudgel|p2a: Amoonguss|[anim] Ivy Cudgel Water
|-resisted|p2a: Amoonguss
|-damage|p2a: Amoonguss|28/100
|move|p2a: Amoonguss|Foul Play|p1a: Ogerpon
|-crit|p1a: Ogerpon
|-damage|p1a: Ogerpon|0 fnt
|faint|p1a: Ogerpon
|
|-weather|none
|upkeep
|
|t:|1776163858
|switch|p1a: Kyurem|Kyurem, tera:Steel|70/100
|-ability|p1a: Kyurem|Pressure
|turn|9
|
|t:|1776163881
|move|p1a: Kyurem|Freeze-Dry|p2a: Amoonguss
|-supereffective|p2a: Amoonguss
|-damage|p2a: Amoonguss|0 fnt
|faint|p2a: Amoonguss
|
|upkeep
|
|t:|1776163887
|switch|p2a: Iron Treads|Iron Treads|100/100
|turn|10
|
|t:|1776163892
|switch|p1a: Great Tusk|Great Tusk|100/100
|move|p2a: Iron Treads|Earthquake|p1a: Great Tusk
|-damage|p1a: Great Tusk|78/100
|
|-heal|p1a: Great Tusk|84/100|[from] item: Leftovers
|upkeep
|turn|11
|
|t:|1776163907
|-end|p2a: Iron Treads|Quark Drive|[silent]
|switch|p2a: Pelipper|Pelipper, M|100/100
|-weather|RainDance|[from] ability: Drizzle|[of] p2a: Pelipper
|-end|p1a: Great Tusk|Protosynthesis|[silent]
|switch|p1a: Garganacl|Garganacl, F|100/100
|
|-weather|RainDance|[upkeep]
|upkeep
|turn|12
|
|t:|1776163924
|move|p2a: Pelipper|Knock Off|p1a: Garganacl
|-damage|p1a: Garganacl|91/100
|-enditem|p1a: Garganacl|Leftovers|[from] move: Knock Off|[of] p2a: Pelipper
|move|p1a: Garganacl|Salt Cure|p2a: Pelipper
|-supereffective|p2a: Pelipper
|-damage|p2a: Pelipper|78/100
|-start|p2a: Pelipper|Salt Cure
|
|-weather|RainDance|[upkeep]
|-damage|p2a: Pelipper|53/100|[from] Salt Cure
|upkeep
|turn|13
|
|t:|1776163942
|move|p2a: Pelipper|U-turn|p1a: Garganacl
|-damage|p1a: Garganacl|85/100
|
|t:|1776163947
|switch|p2a: Zapdos|Zapdos|100/100|[from] U-turn
|move|p1a: Garganacl|Salt Cure|p2a: Zapdos
|-supereffective|p2a: Zapdos
|-damage|p2a: Zapdos|67/100
|-start|p2a: Zapdos|Salt Cure
|
|-weather|RainDance|[upkeep]
|-damage|p2a: Zapdos|54/100|[from] Salt Cure
|upkeep
|turn|14
|
|t:|1776163958
|move|p1a: Garganacl|Protect|p1a: Garganacl
|-singleturn|p1a: Garganacl|Protect
|move|p2a: Zapdos|Weather Ball|p1a: Garganacl
|-activate|p1a: Garganacl|move: Protect
|
|-weather|RainDance|[upkeep]
|-damage|p2a: Zapdos|42/100|[from] Salt Cure
|upkeep
|turn|15
|
|t:|1776163968
|move|p2a: Zapdos|Weather Ball|p1a: Garganacl
|-supereffective|p1a: Garganacl
|-damage|p1a: Garganacl|16/100
|move|p1a: Garganacl|Recover|p1a: Garganacl
|-heal|p1a: Garganacl|66/100
|
|-weather|RainDance|[upkeep]
|-damage|p2a: Zapdos|29/100|[from] Salt Cure
|upkeep
|turn|16
|
|t:|1776163980
|move|p2a: Zapdos|Weather Ball|p1a: Garganacl
|-supereffective|p1a: Garganacl
|-damage|p1a: Garganacl|3/100
|move|p1a: Garganacl|Salt Cure|p2a: Zapdos
|-supereffective|p2a: Zapdos
|-damage|p2a: Zapdos|0 fnt
|faint|p2a: Zapdos
|
|-weather|RainDance|[upkeep]
|upkeep
|
|t:|1776163987
|switch|p2a: Barraskewda|Barraskewda, F|100/100
|turn|17
|
|t:|1776163998
|-terastallize|p2a: Barraskewda|Water
|move|p1a: Garganacl|Protect|p1a: Garganacl
|-singleturn|p1a: Garganacl|Protect
|move|p2a: Barraskewda|Liquidation|p1a: Garganacl
|-activate|p1a: Garganacl|move: Protect
|
|-weather|RainDance|[upkeep]
|upkeep
|turn|18
|
|t:|1776164019
|move|p1a: Garganacl|Protect||[still]
|-fail|p1a: Garganacl
|move|p2a: Barraskewda|Liquidation|p1a: Garganacl
|-supereffective|p1a: Garganacl
|-crit|p1a: Garganacl
|-damage|p1a: Garganacl|0 fnt
|faint|p1a: Garganacl
|
|-weather|none
|upkeep
|
|t:|1776164032
|switch|p1a: Great Tusk|Great Tusk|84/100
|turn|19
|
|t:|1776164038
|switch|p2a: Pelipper|Pelipper, M|53/100
|-weather|RainDance|[from] ability: Drizzle|[of] p2a: Pelipper
|move|p1a: Great Tusk|Rapid Spin|p2a: Pelipper
|-damage|p2a: Pelipper|42/100
|-boost|p1a: Great Tusk|spe|1
|
|-weather|RainDance|[upkeep]
|-heal|p1a: Great Tusk|91/100|[from] item: Leftovers
|upkeep
|turn|20
|
|t:|1776164058
|-end|p1a: Great Tusk|Protosynthesis|[silent]
|switch|p1a: Kyurem|Kyurem, tera:Steel|70/100
|-ability|p1a: Kyurem|Pressure
|move|p2a: Pelipper|U-turn|p1a: Kyurem
|-resisted|p1a: Kyurem
|-damage|p1a: Kyurem|65/100
|
|t:|1776164067
|switch|p2a: Barraskewda|Barraskewda, F, tera:Water|100/100|[from] U-turn
|
|-weather|RainDance|[upkeep]
|upkeep
|turn|21
|
|t:|1776164083
|switch|p1a: Great Tusk|Great Tusk|91/100
|move|p2a: Barraskewda|Liquidation|p1a: Great Tusk
|-supereffective|p1a: Great Tusk
|-damage|p1a: Great Tusk|0 fnt
|faint|p1a: Great Tusk
|-end|p1a: Great Tusk|Protosynthesis|[silent]
|
|-weather|RainDance|[upkeep]
|upkeep
|
|t:|1776164098
|switch|p1a: Kingambit|Kingambit, M|100/100
|-activate|p1a: Kingambit|ability: Supreme Overlord
|-start|p1a: Kingambit|fallen4|[silent]
|turn|22
|
|t:|1776164107
|switch|p2a: Iron Treads|Iron Treads|100/100
|move|p1a: Kingambit|Sucker Punch||[still]
|-fail|p1a: Kingambit
|
|-weather|RainDance|[upkeep]
|upkeep
|turn|23
|
|t:|1776164119
|-end|p1a: Kingambit|fallen4|[silent]
|switch|p1a: Kyurem|Kyurem, tera:Steel|65/100
|-ability|p1a: Kyurem|Pressure
|move|p2a: Iron Treads|Earthquake|p1a: Kyurem
|-supereffective|p1a: Kyurem
|-damage|p1a: Kyurem|0 fnt
|faint|p1a: Kyurem
|
|-weather|RainDance|[upkeep]
|upkeep
|
|t:|1776164130
|switch|p1a: Kingambit|Kingambit, M|100/100
|-activate|p1a: Kingambit|ability: Supreme Overlord
|-start|p1a: Kingambit|fallen5|[silent]
|turn|24
|
|t:|1776164136
|move|p2a: Iron Treads|Earthquake|p1a: Kingambit
|-supereffective|p1a: Kingambit
|-damage|p1a: Kingambit|28/100
|move|p1a: Kingambit|Swords Dance|p1a: Kingambit
|-boost|p1a: Kingambit|atk|2
|
|-weather|RainDance|[upkeep]
|-heal|p1a: Kingambit|34/100|[from] item: Leftovers
|upkeep
|turn|25
|
|t:|1776164145
|move|p1a: Kingambit|Sucker Punch|p2a: Iron Treads
|-crit|p2a: Iron Treads
|-damage|p2a: Iron Treads|0 fnt
|faint|p2a: Iron Treads
|-end|p2a: Iron Treads|Quark Drive|[silent]
|
|-weather|RainDance|[upkeep]
|-heal|p1a: Kingambit|41/100|[from] item: Leftovers
|upkeep
|
|t:|1776164155
|switch|p2a: Barraskewda|Barraskewda, F, tera:Water|100/100
|turn|26
|j| ohko_smeargle
|
|t:|1776164165
|move|p2a: Barraskewda|Aqua Jet|p1a: Kingambit
|-damage|p1a: Kingambit|0 fnt
|faint|p1a: Kingambit
|-end|p1a: Kingambit|fallen5|[silent]
|
|win|Atsunami
|l| ohko_smeargle
