|html|<div class="broadcast-blue"><strong>[Gen 9] OU is currently suspecting Tera Blast! For information on how to participate check out the <a href="https://www.smogon.com/tools/suspects/view/200">suspect thread</a>.</strong></div>
|j|☆nopenope.1
|j|☆Galaxy-ice789
|t:|1776337137
|gametype|singles
|player|p1|nopenope.1|ghetsis|1209
|player|p2|Galaxy-ice789|cilan|1201
|gen|9
|tier|[Gen 9] OU
|rated|
|rule|HP Percentage Mod: HP is shown in percentages
|rule|Endless Battle Clause: Forcing endless battles is banned
|rule|Species Clause: Limit one of each Pokémon
|rule|OHKO Clause: OHKO moves are banned
|rule|Evasion Items Clause: Evasion items are banned
|rule|Evasion Moves Clause: Evasion moves are banned
|rule|Evasion Abilities Clause: Evasion abilities are banned
|rule|Sleep Moves Clause: Sleep-inducing moves are banned
|clearpoke
|poke|p1|Primarina, F|
|poke|p1|Gholdengo|
|poke|p1|Hatterene, F|
|poke|p1|Deoxys-Speed|
|poke|p1|Zamazenta-*|
|poke|p1|Ogerpon-Wellspring, F|
|poke|p2|Vivillon-Fancy, F|
|poke|p2|Skarmory, M|
|poke|p2|Pyroar, F|
|poke|p2|Primarina, F|
|poke|p2|Excadrill, M|
|poke|p2|Chesnaught, M|
|teampreview
|
|t:|1776337152
|teamsize|p1|6
|teamsize|p2|6
|start
|switch|p1a: Deoxys|Deoxys-Speed|100/100
|switch|p2a: Vianca|Vivillon-Fancy, F, shiny|100/100
|-ability|p1a: Deoxys|Pressure
|turn|1
|inactive|Battle timer is ON: inactive players will automatically lose when time's up. (requested by nopenope.1)
|
|t:|1776337161
|move|p1a: Deoxys|Taunt|p2a: Vianca
|-start|p2a: Vianca|move: Taunt
|cant|p2a: Vianca|move: Taunt|Quiver Dance
|
|upkeep
|turn|2
|
|t:|1776337170
|move|p1a: Deoxys|Thunder Wave|p2a: Vianca
|-status|p2a: Vianca|par
|cant|p2a: Vianca|par
|
|upkeep
|turn|3
|
|t:|1776337177
|move|p1a: Deoxys|Stealth Rock|p2a: Vianca
|-sidestart|p2: Galaxy-ice789|move: Stealth Rock
|move|p2a: Vianca|Bug Buzz|p1a: Deoxys
|-supereffective|p1a: Deoxys
|-damage|p1a: Deoxys|10/100
|-enditem|p1a: Deoxys|Red Card|[of] p2a: Vianca
|drag|p2a: Exel|Excadrill, M, shiny|100/100
|-ability|p2a: Exel|Mold Breaker
|
|upkeep
|turn|4
|
|t:|1776337185
|move|p1a: Deoxys|Knock Off|p2a: Exel
|-damage|p2a: Exel|77/100
|-enditem|p2a: Exel|Heavy-Duty Boots|[from] move: Knock Off|[of] p1a: Deoxys
|move|p2a: Exel|Rapid Spin|p1a: Deoxys
|-damage|p1a: Deoxys|0 fnt
|-boost|p2a: Exel|spe|1
|-sideend|p2: Galaxy-ice789|Stealth Rock|[from] move: Rapid Spin|[of] p2a: Exel
|faint|p1a: Deoxys
|
|upkeep
|
|t:|1776337210
|switch|p1a: Zamazenta|Zamazenta|100/100
|-ability|p1a: Zamazenta|Dauntless Shield|boost
|-boost|p1a: Zamazenta|def|1
|turn|5
|
|t:|1776337216
|switch|p2a: Vianca|Vivillon-Fancy, F, shiny|100/100 par
|move|p1a: Zamazenta|Iron Defense|p1a: Zamazenta
|-boost|p1a: Zamazenta|def|2
|
|upkeep
|turn|6
|
|t:|1776337221
|move|p1a: Zamazenta|Iron Head|p2a: Vianca
|-damage|p2a: Vianca|63/100 par
|move|p2a: Vianca|Quiver Dance|p2a: Vianca
|-boost|p2a: Vianca|spa|1
|-boost|p2a: Vianca|spd|1
|-boost|p2a: Vianca|spe|1
|
|upkeep
|turn|7
|
|t:|1776337237
|switch|p1a: Ogerpon|Ogerpon-Wellspring, F|100/100
|move|p2a: Vianca|Hurricane|p1a: Ogerpon
|-supereffective|p1a: Ogerpon
|-damage|p1a: Ogerpon|0 fnt
|faint|p1a: Ogerpon
|
|upkeep
|
|t:|1776337246
|switch|p1a: Hatterene|Hatterene, F|100/100
|turn|8
|
|t:|1776337249
|cant|p2a: Vianca|par
|move|p1a: Hatterene|Trick Room|p1a: Hatterene
|-fieldstart|move: Trick Room|[of] p1a: Hatterene
|
|upkeep
|turn|9
|
|t:|1776337254
|move|p1a: Hatterene|Calm Mind|p1a: Hatterene
|-boost|p1a: Hatterene|spa|1
|-boost|p1a: Hatterene|spd|1
|move|p2a: Vianca|Hurricane|p1a: Hatterene
|-damage|p1a: Hatterene|55/100
|
|-heal|p1a: Hatterene|61/100|[from] item: Leftovers
|upkeep
|turn|10
|
|t:|1776337263
|move|p1a: Hatterene|Calm Mind|p1a: Hatterene
|-boost|p1a: Hatterene|spa|1
|-boost|p1a: Hatterene|spd|1
|cant|p2a: Vianca|par
|
|-heal|p1a: Hatterene|67/100|[from] item: Leftovers
|upkeep
|turn|11
|
|t:|1776337268
|move|p1a: Hatterene|Draining Kiss|p2a: Vianca
|-damage|p2a: Vianca|0 fnt
|-heal|p1a: Hatterene|100/100|[from] drain|[of] p2a: Vianca
|faint|p2a: Vianca
|
|upkeep
|
|t:|1776337272
|switch|p2a: Scar|Skarmory, M, shiny|100/100
|turn|12
|
|t:|1776337286
|move|p1a: Hatterene|Psyshock|p2a: Scar
|-resisted|p2a: Scar
|-damage|p2a: Scar|64/100
|move|p2a: Scar|Body Press|p1a: Hatterene
|-resisted|p1a: Hatterene
|-damage|p1a: Hatterene|93/100
|
|-heal|p1a: Hatterene|99/100|[from] item: Leftovers
|-fieldend|move: Trick Room
|upkeep
|turn|13
|
|t:|1776337294
|switch|p2a: Exel|Excadrill, M, shiny|77/100
|-ability|p2a: Exel|Mold Breaker
|move|p1a: Hatterene|Trick Room|p1a: Hatterene
|-fieldstart|move: Trick Room|[of] p1a: Hatterene
|
|-heal|p1a: Hatterene|100/100|[from] item: Leftovers
|upkeep
|turn|14
|
|t:|1776337303
|-terastallize|p1a: Hatterene|Normal
|move|p1a: Hatterene|Calm Mind|p1a: Hatterene
|-boost|p1a: Hatterene|spa|1
|-boost|p1a: Hatterene|spd|1
|move|p2a: Exel|Earthquake|p1a: Hatterene
|-damage|p1a: Hatterene|40/100
|
|-heal|p1a: Hatterene|46/100|[from] item: Leftovers
|upkeep
|turn|15
|
|t:|1776337311
|move|p1a: Hatterene|Draining Kiss|p2a: Exel
|-resisted|p2a: Exel
|-damage|p2a: Exel|35/100
|-heal|p1a: Hatterene|84/100|[from] drain|[of] p2a: Exel
|move|p2a: Exel|Earthquake|p1a: Hatterene
|-damage|p1a: Hatterene|26/100
|
|-heal|p1a: Hatterene|32/100|[from] item: Leftovers
|upkeep
|turn|16
|
|t:|1776337317
|move|p1a: Hatterene|Draining Kiss|p2a: Exel
|-resisted|p2a: Exel
|-damage|p2a: Exel|0 fnt
|-heal|p1a: Hatterene|64/100|[from] drain|[of] p2a: Exel
|faint|p2a: Exel
|
|-heal|p1a: Hatterene|70/100|[from] item: Leftovers
|upkeep
|
|t:|1776337324
|switch|p2a: Pilar|Primarina, F, shiny|100/100
|turn|17
|
|t:|1776337328
|move|p1a: Hatterene|Calm Mind|p1a: Hatterene
|-boost|p1a: Hatterene|spa|1
|-boost|p1a: Hatterene|spd|1
|move|p2a: Pilar|Psychic Noise|p1a: Hatterene
|-damage|p1a: Hatterene|61/100
|-start|p1a: Hatterene|move: Heal Block
|
|-fieldend|move: Trick Room
|upkeep
|turn|18
|
|t:|1776337336
|move|p2a: Pilar|Moonblast|p1a: Hatterene
|-damage|p1a: Hatterene|44/100
|move|p1a: Hatterene|Trick Room|p1a: Hatterene
|-fieldstart|move: Trick Room|[of] p1a: Hatterene
|
|-end|p1a: Hatterene|move: Heal Block
|upkeep
|turn|19
|
|t:|1776337340
|move|p1a: Hatterene|Draining Kiss|p2a: Pilar
|-damage|p2a: Pilar|22/100
|-heal|p1a: Hatterene|100/100|[from] drain|[of] p2a: Pilar
|move|p2a: Pilar|Psychic Noise|p1a: Hatterene
|-damage|p1a: Hatterene|92/100
|-start|p1a: Hatterene|move: Heal Block
|
|-heal|p2a: Pilar|28/100|[from] item: Leftovers
|upkeep
|turn|20
|-message|Galaxy-ice789 forfeited.
|
|win|nopenope.1
|raw|nopenope.1's rating: 1209 &rarr; <strong>1233</strong><br />(+24 for winning)
|raw|Galaxy-ice789's rating: 1201 &rarr; <strong>1177</strong><br />(-24 for losing)
|l|☆Galaxy-ice789
|player|p2|
