|html|<div class="broadcast-blue"><strong>[Gen 9] OU is currently suspecting Tera Blast! For information on how to participate check out the <a href="https://www.smogon.com/tools/suspects/view/200">suspect thread</a>.</strong></div>
|j|☆mothfox
|j|☆krefff
|t:|1776182956
|gametype|singles
|player|p1|mothfox|colress|1246
|player|p2|krefff|ninjaboy|1196
|gen|9
|tier|[Gen 9] OU
|rated|
|rule|HP Percentage Mod: HP is shown in percentages
|rule|Endless Battle Clause: Forcing endless battles is banned
|rule|Species Clause: Limit one of each Pokémon
|rule|OHKO Clause: OHKO moves are banned
|rule|Evasion Items Clause: Evasion items are banned
|rule|Evasion Moves Clause: Evasion moves are banned
|rule|Evasion Abilities Clause: Evasion abilities are banned
|rule|Sleep Moves Clause: Sleep-inducing moves are banned
|clearpoke
|poke|p1|Gliscor, F|
|poke|p1|Garganacl, M|
|poke|p1|Great Tusk|
|poke|p1|Dragapult, F|
|poke|p1|Iron Moth|
|poke|p1|Kingambit, F|
|poke|p2|Garchomp, F|
|poke|p2|Kingambit, M|
|poke|p2|Gholdengo|
|poke|p2|Great Tusk|
|poke|p2|Iron Valiant|
|poke|p2|Clodsire, F|
|teampreview
|inactive|Battle timer is ON: inactive players will automatically lose when time's up. (requested by mothfox)
|j| ohko_smeargle
|c|☆mothfox|glhf'
|
|t:|1776182974
|teamsize|p1|6
|teamsize|p2|6
|start
|switch|p1a: Gliscor|Gliscor, F|100/100
|switch|p2a: Clodsire|Clodsire, F, shiny|100/100
|turn|1
|
|t:|1776182985
|move|p1a: Gliscor|Spikes|p2a: Clodsire
|-sidestart|p2: krefff|Spikes
|move|p2a: Clodsire|Poison Jab|p1a: Gliscor
|-resisted|p1a: Gliscor
|-damage|p1a: Gliscor|93/100
|
|-status|p1a: Gliscor|tox|[from] item: Toxic Orb
|upkeep
|turn|2
|
|t:|1776183005
|switch|p2a: Great Tusk|Great Tusk, shiny|100/100
|-damage|p2a: Great Tusk|88/100|[from] Spikes
|move|p1a: Gliscor|Knock Off|p2a: Great Tusk
|-resisted|p2a: Great Tusk
|-damage|p2a: Great Tusk|81/100
|-damage|p1a: Gliscor|76/100 tox|[from] item: Rocky Helmet|[of] p2a: Great Tusk
|-enditem|p2a: Great Tusk|Rocky Helmet|[from] move: Knock Off|[of] p1a: Gliscor
|
|-heal|p1a: Gliscor|89/100 tox|[from] ability: Poison Heal
|upkeep
|turn|3
|
|t:|1776183019
|move|p1a: Gliscor|Protect|p1a: Gliscor
|-singleturn|p1a: Gliscor|Protect
|move|p2a: Great Tusk|Ice Spinner|p1a: Gliscor
|-activate|p1a: Gliscor|move: Protect
|
|-heal|p1a: Gliscor|100/100 tox|[from] ability: Poison Heal
|upkeep
|turn|4
|
|t:|1776183048
|switch|p1a: Juniper|Iron Moth|100/100
|move|p2a: Great Tusk|Rapid Spin|p1a: Juniper
|-damage|p1a: Juniper|75/100
|-boost|p2a: Great Tusk|spe|1
|-sideend|p2: krefff|Spikes|[from] move: Rapid Spin|[of] p2a: Great Tusk
|
|-heal|p1a: Juniper|81/100|[from] item: Leftovers
|upkeep
|turn|5
|
|t:|1776183062
|move|p2a: Great Tusk|Earthquake|p1a: Juniper
|-supereffective|p1a: Juniper
|-damage|p1a: Juniper|0 fnt
|faint|p1a: Juniper
|-end|p1a: Juniper|Quark Drive|[silent]
|
|upkeep
|
|t:|1776183069
|switch|p1a: Gliscor|Gliscor, F|100/100 tox
|turn|6
|
|t:|1776183076
|move|p2a: Great Tusk|Stealth Rock|p1a: Gliscor
|-sidestart|p1: mothfox|move: Stealth Rock
|move|p1a: Gliscor|Toxic|p2a: Great Tusk
|-status|p2a: Great Tusk|tox
|
|-damage|p2a: Great Tusk|75/100 tox|[from] psn
|upkeep
|turn|7
|
|t:|1776183091
|move|p1a: Gliscor|Protect|p1a: Gliscor
|-singleturn|p1a: Gliscor|Protect
|move|p2a: Great Tusk|Ice Spinner|p1a: Gliscor
|-activate|p1a: Gliscor|move: Protect
|
|-damage|p2a: Great Tusk|62/100 tox|[from] psn
|upkeep
|turn|8
|inactive|mothfox has 120 seconds left.
|
|t:|1776183123
|switch|p1a: Garganacl|Garganacl, M|100/100
|-damage|p1a: Garganacl|88/100|[from] Stealth Rock
|move|p2a: Great Tusk|Earthquake|p1a: Garganacl
|-supereffective|p1a: Garganacl
|-damage|p1a: Garganacl|27/100
|
|-heal|p1a: Garganacl|33/100|[from] item: Leftovers
|-damage|p2a: Great Tusk|44/100 tox|[from] psn
|upkeep
|turn|9
|inactive|mothfox has 120 seconds left.
|
|t:|1776183141
|move|p1a: Garganacl|Protect|p1a: Garganacl
|-singleturn|p1a: Garganacl|Protect
|move|p2a: Great Tusk|Ice Spinner|p1a: Garganacl
|-activate|p1a: Garganacl|move: Protect
|
|-heal|p1a: Garganacl|40/100|[from] item: Leftovers
|-damage|p2a: Great Tusk|19/100 tox|[from] psn
|upkeep
|turn|10
|inactive|mothfox has 120 seconds left.
|
|t:|1776183165
|move|p2a: Great Tusk|Ice Spinner|p1a: Garganacl
|-damage|p1a: Garganacl|25/100
|move|p1a: Garganacl|Recover|p1a: Garganacl
|-heal|p1a: Garganacl|75/100
|
|-heal|p1a: Garganacl|81/100|[from] item: Leftovers
|-damage|p2a: Great Tusk|0 fnt|[from] psn
|faint|p2a: Great Tusk
|-end|p2a: Great Tusk|Protosynthesis|[silent]
|upkeep
|
|t:|1776183178
|switch|p2a: Clodsire|Clodsire, F, shiny|100/100
|turn|11
|inactive|mothfox has 120 seconds left.
|
|t:|1776183186
|move|p1a: Garganacl|Stealth Rock|p2a: Clodsire
|-sidestart|p2: krefff|move: Stealth Rock
|move|p2a: Clodsire|Toxic|p1a: Garganacl
|-immune|p1a: Garganacl|[from] ability: Purifying Salt
|
|-heal|p1a: Garganacl|87/100|[from] item: Leftovers
|upkeep
|turn|12
|
|t:|1776183200
|move|p1a: Garganacl|Salt Cure|p2a: Clodsire
|-resisted|p2a: Clodsire
|-damage|p2a: Clodsire|93/100
|-start|p2a: Clodsire|Salt Cure
|move|p2a: Clodsire|Poison Jab|p1a: Garganacl
|-resisted|p1a: Garganacl
|-damage|p1a: Garganacl|80/100
|
|-heal|p1a: Garganacl|86/100|[from] item: Leftovers
|-heal|p2a: Clodsire|99/100|[from] item: Leftovers
|-damage|p2a: Clodsire|87/100|[from] Salt Cure
|upkeep
|turn|13
|inactive|mothfox has 120 seconds left.
|
|t:|1776183218
|switch|p1a: Gliscor|Gliscor, F|100/100 tox
|-damage|p1a: Gliscor|88/100 tox|[from] Stealth Rock
|move|p2a: Clodsire|Earthquake|p1a: Gliscor
|-immune|p1a: Gliscor
|
|-heal|p2a: Clodsire|93/100|[from] item: Leftovers
|-heal|p1a: Gliscor|100/100 tox|[from] ability: Poison Heal
|-damage|p2a: Clodsire|80/100|[from] Salt Cure
|upkeep
|turn|14
|inactive|mothfox has 120 seconds left.
|
|t:|1776183233
|move|p1a: Gliscor|Spikes|p2a: Clodsire
|-sidestart|p2: krefff|Spikes
|move|p2a: Clodsire|Recover|p2a: Clodsire
|-heal|p2a: Clodsire|100/100
|
|-damage|p2a: Clodsire|88/100|[from] Salt Cure
|upkeep
|turn|15
|
|t:|1776183244
|move|p1a: Gliscor|Spikes|p2a: Clodsire
|-sidestart|p2: krefff|Spikes
|move|p2a: Clodsire|Recover|p2a: Clodsire
|-heal|p2a: Clodsire|100/100
|
|-damage|p2a: Clodsire|88/100|[from] Salt Cure
|upkeep
|turn|16
|inactive|krefff has 120 seconds left.
|
|t:|1776183263
|move|p1a: Gliscor|Spikes|p2a: Clodsire
|-sidestart|p2: krefff|Spikes
|move|p2a: Clodsire|Poison Jab|p1a: Gliscor
|-resisted|p1a: Gliscor
|-damage|p1a: Gliscor|92/100 tox
|
|-heal|p2a: Clodsire|94/100|[from] item: Leftovers
|-heal|p1a: Gliscor|100/100 tox|[from] ability: Poison Heal
|-damage|p2a: Clodsire|82/100|[from] Salt Cure
|upkeep
|turn|17
|inactive|krefff has 120 seconds left.
|
|t:|1776183302
|switch|p2a: Gholdengo|Gholdengo|100/100
|-damage|p2a: Gholdengo|94/100|[from] Stealth Rock
|-damage|p2a: Gholdengo|70/100|[from] Spikes
|move|p1a: Gliscor|Knock Off|p2a: Gholdengo
|-supereffective|p2a: Gholdengo
|-crit|p2a: Gholdengo
|-damage|p2a: Gholdengo|0 fnt
|-enditem|p2a: Gholdengo|Choice Scarf|[from] move: Knock Off|[of] p1a: Gliscor
|faint|p2a: Gholdengo
|
|upkeep
|inactive|krefff has 90 seconds left.
|
|t:|1776183327
|switch|p2a: Garchomp|Garchomp, F, shiny|100/100
|-damage|p2a: Garchomp|94/100|[from] Stealth Rock
|-damage|p2a: Garchomp|69/100|[from] Spikes
|turn|18
|
|t:|1776183349
|-terastallize|p2a: Garchomp|Steel
|move|p2a: Garchomp|Swords Dance|p2a: Garchomp
|-boost|p2a: Garchomp|atk|2
|move|p1a: Gliscor|Toxic|p2a: Garchomp
|-immune|p2a: Garchomp
|
|upkeep
|turn|19
|
|t:|1776183370
|move|p2a: Garchomp|Iron Head|p1a: Gliscor
|-damage|p1a: Gliscor|31/100 tox
|move|p1a: Gliscor|Knock Off|p2a: Garchomp
|-damage|p2a: Garchomp|49/100
|-damage|p1a: Gliscor|19/100 tox|[from] ability: Rough Skin|[of] p2a: Garchomp
|-enditem|p2a: Garchomp|Loaded Dice|[from] move: Knock Off|[of] p1a: Gliscor
|
|-heal|p1a: Gliscor|31/100 tox|[from] ability: Poison Heal
|upkeep
|turn|20
|
|t:|1776183383
|move|p1a: Gliscor|Protect|p1a: Gliscor
|-singleturn|p1a: Gliscor|Protect
|move|p2a: Garchomp|Swords Dance|p2a: Garchomp
|-boost|p2a: Garchomp|atk|2
|
|-heal|p1a: Gliscor|44/100 tox|[from] ability: Poison Heal
|upkeep
|turn|21
|
|t:|1776183393
|move|p2a: Garchomp|Iron Head|p1a: Gliscor
|-damage|p1a: Gliscor|0 fnt
|faint|p1a: Gliscor
|
|upkeep
|inactive|mothfox has 120 seconds left.
|
|t:|1776183419
|switch|p1a: Zentreya|Dragapult, F|100/100
|turn|22
|inactive|mothfox has 120 seconds left.
|inactive|krefff has 60 seconds left.
|
|t:|1776183458
|switch|p2a: Iron Valiant|Iron Valiant, shiny|100/100
|-damage|p2a: Iron Valiant|94/100|[from] Stealth Rock
|-damage|p2a: Iron Valiant|69/100|[from] Spikes
|-enditem|p2a: Iron Valiant|Booster Energy
|-activate|p2a: Iron Valiant|ability: Quark Drive|[fromitem]
|-start|p2a: Iron Valiant|quarkdrivespe
|move|p1a: Zentreya|U-turn|p2a: Iron Valiant
|-resisted|p2a: Iron Valiant
|-damage|p2a: Iron Valiant|63/100
|inactive|mothfox has 90 seconds left.
|
|t:|1776183487
|switch|p1a: Garganacl|Garganacl, M|86/100|[from] U-turn
|-damage|p1a: Garganacl|74/100|[from] Stealth Rock
|
|-heal|p1a: Garganacl|80/100|[from] item: Leftovers
|upkeep
|turn|23
|inactive|mothfox has 90 seconds left.
|inactive|krefff has 60 seconds left.
|
|t:|1776183500
|move|p1a: Garganacl|Protect|p1a: Garganacl
|-singleturn|p1a: Garganacl|Protect
|move|p2a: Iron Valiant|Close Combat|p1a: Garganacl
|-activate|p1a: Garganacl|move: Protect
|
|-heal|p1a: Garganacl|86/100|[from] item: Leftovers
|upkeep
|turn|24
|inactive|mothfox has 90 seconds left.
|inactive|krefff has 60 seconds left.
|
|t:|1776183532
|switch|p1a: Great Tusk|Great Tusk|100/100
|move|p2a: Iron Valiant|Close Combat|p1a: Great Tusk
|-damage|p1a: Great Tusk|64/100
|-unboost|p2a: Iron Valiant|def|1
|-unboost|p2a: Iron Valiant|spd|1
|
|upkeep
|turn|25
|inactive|krefff has 60 seconds left.
|inactive|mothfox has 60 seconds left.
|
|t:|1776183572
|-end|p2a: Iron Valiant|Quark Drive|[silent]
|switch|p2a: Clodsire|Clodsire, F, shiny|82/100
|-damage|p2a: Clodsire|75/100|[from] Stealth Rock
|-damage|p2a: Clodsire|50/100|[from] Spikes
|move|p1a: Great Tusk|Headlong Rush|p2a: Clodsire
|-supereffective|p2a: Clodsire
|-damage|p2a: Clodsire|0 fnt
|-unboost|p1a: Great Tusk|def|1
|-unboost|p1a: Great Tusk|spd|1
|faint|p2a: Clodsire
|
|upkeep
|inactive|krefff has 30 seconds left.
|
|t:|1776183594
|switch|p2a: Iron Valiant|Iron Valiant, shiny|63/100
|-damage|p2a: Iron Valiant|57/100|[from] Stealth Rock
|-damage|p2a: Iron Valiant|32/100|[from] Spikes
|turn|26
|inactive|mothfox has 60 seconds left.
|inactive|krefff has 30 seconds left.
|
|t:|1776183618
|-end|p1a: Great Tusk|Protosynthesis|[silent]
|switch|p1a: Garganacl|Garganacl, M|86/100
|-damage|p1a: Garganacl|74/100|[from] Stealth Rock
|move|p2a: Iron Valiant|Moonblast|p1a: Garganacl
|-damage|p1a: Garganacl|41/100
|-unboost|p1a: Garganacl|spa|1
|
|-heal|p1a: Garganacl|47/100|[from] item: Leftovers
|upkeep
|turn|27
|inactive|krefff has 30 seconds left.
|
|t:|1776183634
|move|p2a: Iron Valiant|Close Combat|p1a: Garganacl
|-supereffective|p1a: Garganacl
|-damage|p1a: Garganacl|0 fnt
|-unboost|p2a: Iron Valiant|def|1
|-unboost|p2a: Iron Valiant|spd|1
|faint|p1a: Garganacl
|
|upkeep
|
|t:|1776183647
|switch|p1a: Zentreya|Dragapult, F|100/100
|turn|28
|inactive|krefff has 30 seconds left.
|
|t:|1776183658
|move|p1a: Zentreya|Hex|p2a: Iron Valiant
|-damage|p2a: Iron Valiant|0 fnt
|faint|p2a: Iron Valiant
|-end|p2a: Iron Valiant|Quark Drive|[silent]
|
|upkeep
|inactive|krefff has 30 seconds left.
|
|t:|1776183669
|switch|p2a: Garchomp|Garchomp, F, shiny, tera:Steel|49/100
|-damage|p2a: Garchomp|43/100|[from] Stealth Rock
|-damage|p2a: Garchomp|18/100|[from] Spikes
|turn|29
|inactive|mothfox has 60 seconds left.
|inactive|krefff has 30 seconds left.
|
|t:|1776183676
|move|p1a: Zentreya|Hex|p2a: Garchomp
|-damage|p2a: Garchomp|0 fnt
|faint|p2a: Garchomp
|
|upkeep
|
|t:|1776183681
|switch|p2a: Kingambit|Kingambit, M|100/100
|-damage|p2a: Kingambit|94/100|[from] Stealth Rock
|-damage|p2a: Kingambit|69/100|[from] Spikes
|-activate|p2a: Kingambit|ability: Supreme Overlord
|-start|p2a: Kingambit|fallen5|[silent]
|turn|30
|
|t:|1776183691
|move|p1a: Zentreya|Will-O-Wisp|p2a: Kingambit
|-status|p2a: Kingambit|brn
|move|p2a: Kingambit|Swords Dance|p2a: Kingambit
|-boost|p2a: Kingambit|atk|2
|
|-damage|p2a: Kingambit|63/100 brn|[from] brn
|upkeep
|turn|31
|
|t:|1776183704
|move|p1a: Zentreya|Hex|p2a: Kingambit
|-resisted|p2a: Kingambit
|-damage|p2a: Kingambit|37/100 brn
|move|p2a: Kingambit|Kowtow Cleave|p1a: Zentreya
|-supereffective|p1a: Zentreya
|-damage|p1a: Zentreya|0 fnt
|faint|p1a: Zentreya
|
|-damage|p2a: Kingambit|31/100 brn|[from] brn
|upkeep
|
|t:|1776183712
|switch|p1a: Great Tusk|Great Tusk|64/100
|turn|32
|
|t:|1776183717
|move|p2a: Kingambit|Sucker Punch|p1a: Great Tusk
|-resisted|p1a: Great Tusk
|-damage|p1a: Great Tusk|36/100
|move|p1a: Great Tusk|Headlong Rush|p2a: Kingambit
|-supereffective|p2a: Kingambit
|-crit|p2a: Kingambit
|-damage|p2a: Kingambit|0 fnt
|-unboost|p1a: Great Tusk|def|1
|-unboost|p1a: Great Tusk|spd|1
|faint|p2a: Kingambit
|-end|p2a: Kingambit|fallen5|[silent]
|
|win|mothfox
|raw|mothfox's rating: 1246 &rarr; <strong>1267</strong><br />(+21 for winning)
|raw|krefff's rating: 1196 &rarr; <strong>1175</strong><br />(-21 for losing)
