|html|<div class="broadcast-blue"><strong>[Gen 9] OU is currently suspecting Tera Blast! For information on how to participate check out the <a href="https://www.smogon.com/tools/suspects/view/200">suspect thread</a>.</strong></div>
|j|☆Hybbridd
|j|☆DonovanIsNotHere
|t:|1776125169
|gametype|singles
|player|p1|Hybbridd|lucas-gen4pt|1608
|player|p2|DonovanIsNotHere|170|1583
|gen|9
|tier|[Gen 9] OU
|rated|
|rule|HP Percentage Mod: HP is shown in percentages
|rule|Endless Battle Clause: Forcing endless battles is banned
|rule|Species Clause: Limit one of each Pokémon
|rule|OHKO Clause: OHKO moves are banned
|rule|Evasion Items Clause: Evasion items are banned
|rule|Evasion Moves Clause: Evasion moves are banned
|rule|Evasion Abilities Clause: Evasion abilities are banned
|rule|Sleep Moves Clause: Sleep-inducing moves are banned
|clearpoke
|poke|p1|Landorus-Therian, M|
|poke|p1|Samurott-Hisui, M|
|poke|p1|Pecharunt|
|poke|p1|Scizor, F|
|poke|p1|Latios, M|
|poke|p1|Zamazenta-*|
|poke|p2|Venusaur, F|
|poke|p2|Magnezone|
|poke|p2|Moltres|
|poke|p2|Ogerpon-Wellspring, F|
|poke|p2|Clefable, M|
|poke|p2|Pecharunt|
|teampreview
|
|t:|1776125175
|teamsize|p1|6
|teamsize|p2|6
|start
|switch|p1a: Landorus|Landorus-Therian, M|100/100
|switch|p2a: Ogerpon|Ogerpon-Wellspring, F|100/100
|-ability|p1a: Landorus|Intimidate|boost
|-unboost|p2a: Ogerpon|atk|1
|turn|1
|
|t:|1776125183
|switch|p2a: Dog Trap|Moltres|100/100
|move|p1a: Landorus|U-turn|p2a: Dog Trap
|-resisted|p2a: Dog Trap
|-damage|p2a: Dog Trap|97/100
|-status|p1a: Landorus|brn|[from] ability: Flame Body|[of] p2a: Dog Trap
|
|t:|1776125190
|switch|p1a: Latios|Latios, M|100/100|[from] U-turn
|
|upkeep
|turn|2
|
|t:|1776125195
|move|p1a: Latios|Draco Meteor|p2a: Dog Trap|[miss]
|-miss|p1a: Latios|p2a: Dog Trap
|move|p2a: Dog Trap|U-turn|p1a: Latios
|-supereffective|p1a: Latios
|-damage|p1a: Latios|63/100
|
|t:|1776125197
|switch|p2a: Clefable|Clefable, M|100/100|[from] U-turn
|
|upkeep
|turn|3
|
|t:|1776125204
|switch|p1a: Landorus|Landorus-Therian, M|100/100 brn
|-ability|p1a: Landorus|Intimidate|boost
|-unboost|p2a: Clefable|atk|1
|move|p2a: Clefable|Stealth Rock|p1a: Landorus
|-sidestart|p1: Hybbridd|move: Stealth Rock
|
|-damage|p1a: Landorus|94/100 brn|[from] brn
|upkeep
|turn|4
|
|t:|1776125209
|switch|p2a: Dog Trap|Moltres|97/100
|move|p1a: Landorus|Stealth Rock|p2a: Dog Trap
|-sidestart|p2: DonovanIsNotHere|move: Stealth Rock
|
|-damage|p1a: Landorus|88/100 brn|[from] brn
|upkeep
|turn|5
|
|t:|1776125213
|move|p1a: Landorus|Smack Down|p2a: Dog Trap
|-supereffective|p2a: Dog Trap
|-crit|p2a: Dog Trap
|-damage|p2a: Dog Trap|62/100
|-start|p2a: Dog Trap|Smack Down
|move|p2a: Dog Trap|Hurricane|p1a: Landorus
|-damage|p1a: Landorus|42/100 brn
|
|-damage|p1a: Landorus|36/100 brn|[from] brn
|upkeep
|turn|6
|
|t:|1776125220
|switch|p2a: Ogerpon|Ogerpon-Wellspring, F|100/100
|-damage|p2a: Ogerpon|88/100|[from] Stealth Rock
|move|p1a: Landorus|Earthquake|p2a: Ogerpon
|-resisted|p2a: Ogerpon
|-damage|p2a: Ogerpon|74/100
|
|-damage|p1a: Landorus|30/100 brn|[from] brn
|upkeep
|turn|7
|
|t:|1776125225
|move|p2a: Ogerpon|Ivy Cudgel|p1a: Landorus|[anim] Ivy Cudgel Water
|-supereffective|p1a: Landorus
|-damage|p1a: Landorus|0 fnt
|faint|p1a: Landorus
|
|upkeep
|inactive|Battle timer is ON: inactive players will automatically lose when time's up. (requested by DonovanIsNotHere)
|
|t:|1776125244
|switch|p1a: Zamazenta|Zamazenta|100/100
|-damage|p1a: Zamazenta|94/100|[from] Stealth Rock
|-ability|p1a: Zamazenta|Dauntless Shield|boost
|-boost|p1a: Zamazenta|def|1
|turn|8
|
|t:|1776125248
|switch|p2a: Pecharunt|Pecharunt|100/100
|move|p1a: Zamazenta|Roar|p2a: Pecharunt
|drag|p2a: Clefable|Clefable, M|100/100
|
|-heal|p1a: Zamazenta|100/100|[from] item: Leftovers
|upkeep
|turn|9
|
|t:|1776125254
|switch|p1a: Scizor|Scizor, F|100/100
|move|p2a: Clefable|Moonblast|p1a: Scizor
|-resisted|p1a: Scizor
|-damage|p1a: Scizor|76/100
|
|upkeep
|turn|10
|
|t:|1776125257
|switch|p2a: Dog Trap|Moltres|62/100
|move|p1a: Scizor|Knock Off|p2a: Dog Trap
|-damage|p2a: Dog Trap|37/100
|-enditem|p2a: Dog Trap|Heavy-Duty Boots|[from] move: Knock Off|[of] p1a: Scizor
|
|upkeep
|turn|11
|
|t:|1776125264
|switch|p1a: Latios|Latios, M|63/100
|-damage|p1a: Latios|50/100|[from] Stealth Rock
|move|p2a: Dog Trap|Roost|p2a: Dog Trap
|-heal|p2a: Dog Trap|87/100
|-singleturn|p2a: Dog Trap|move: Roost
|
|upkeep
|turn|12
|
|t:|1776125271
|switch|p2a: Clefable|Clefable, M|100/100
|move|p1a: Latios|Recover|p1a: Latios
|-heal|p1a: Latios|100/100
|
|upkeep
|turn|13
|
|t:|1776125278
|switch|p1a: Pecharunt|Pecharunt|100/100
|switch|p2a: Bird Trap|Magnezone|100/100
|-damage|p2a: Bird Trap|94/100|[from] Stealth Rock
|
|upkeep
|turn|14
|
|t:|1776125284
|move|p1a: Pecharunt|Parting Shot|p2a: Bird Trap
|-unboost|p2a: Bird Trap|atk|1
|-unboost|p2a: Bird Trap|spa|1
|
|t:|1776125304
|switch|p1a: Latios|Latios, M|100/100|[from] Parting Shot
|-damage|p1a: Latios|88/100|[from] Stealth Rock
|move|p2a: Bird Trap|Thunderbolt|p1a: Latios
|-resisted|p1a: Latios
|-damage|p1a: Latios|59/100
|
|upkeep
|turn|15
|
|t:|1776125308
|switch|p2a: Clefable|Clefable, M|100/100
|move|p1a: Latios|Psychic Noise|p2a: Clefable
|-damage|p2a: Clefable|68/100
|-start|p2a: Clefable|move: Heal Block
|
|upkeep
|turn|16
|
|t:|1776125320
|switch|p1a: Pecharunt|Pecharunt|100/100
|move|p2a: Clefable|Thunder Wave|p1a: Pecharunt
|-status|p1a: Pecharunt|par
|
|-end|p2a: Clefable|move: Heal Block
|upkeep
|turn|17
|
|t:|1776125325
|switch|p2a: Flytrap|Venusaur, F|100/100
|-damage|p2a: Flytrap|88/100|[from] Stealth Rock
|cant|p1a: Pecharunt|par
|
|-heal|p2a: Flytrap|94/100|[from] item: Leftovers
|upkeep
|turn|18
|
|t:|1776125332
|move|p2a: Flytrap|Leech Seed|p1a: Pecharunt
|-start|p1a: Pecharunt|move: Leech Seed
|move|p1a: Pecharunt|Parting Shot|p2a: Flytrap
|-unboost|p2a: Flytrap|atk|1
|-unboost|p2a: Flytrap|spa|1
|
|t:|1776125334
|switch|p1a: Latios|Latios, M|59/100|[from] Parting Shot
|-damage|p1a: Latios|47/100|[from] Stealth Rock
|
|-heal|p2a: Flytrap|99/100|[from] item: Leftovers
|upkeep
|turn|19
|
|t:|1776125339
|move|p1a: Latios|Recover|p1a: Latios
|-heal|p1a: Latios|97/100
|move|p2a: Flytrap|Leech Seed|p1a: Latios
|-start|p1a: Latios|move: Leech Seed
|
|-heal|p2a: Flytrap|100/100|[from] item: Leftovers
|-damage|p1a: Latios|85/100|[from] Leech Seed|[of] p2a: Flytrap
|upkeep
|turn|20
|
|t:|1776125343
|switch|p2a: Clefable|Clefable, M|68/100
|move|p1a: Latios|Psychic Noise|p2a: Clefable
|-damage|p2a: Clefable|32/100
|-start|p2a: Clefable|move: Heal Block
|
|-damage|p1a: Latios|73/100|[from] Leech Seed|[of] p2a: Clefable
|upkeep
|turn|21
|
|t:|1776125357
|move|p1a: Latios|Psychic Noise|p2a: Clefable
|-damage|p2a: Clefable|0 fnt
|faint|p2a: Clefable
|
|upkeep
|
|t:|1776125359
|switch|p2a: Bird Trap|Magnezone|94/100
|-damage|p2a: Bird Trap|88/100|[from] Stealth Rock
|turn|22
|
|t:|1776125366
|move|p1a: Latios|Calm Mind|p1a: Latios
|-boost|p1a: Latios|spa|1
|-boost|p1a: Latios|spd|1
|move|p2a: Bird Trap|Thunderbolt|p1a: Latios
|-resisted|p1a: Latios
|-damage|p1a: Latios|43/100
|
|-damage|p1a: Latios|31/100|[from] Leech Seed|[of] p2a: Bird Trap
|-heal|p2a: Bird Trap|100/100|[silent]
|upkeep
|turn|23
|
|t:|1776125369
|move|p1a: Latios|Recover|p1a: Latios
|-heal|p1a: Latios|81/100
|move|p2a: Bird Trap|Thunderbolt|p1a: Latios
|-resisted|p1a: Latios
|-damage|p1a: Latios|54/100
|
|-damage|p1a: Latios|42/100|[from] Leech Seed|[of] p2a: Bird Trap
|upkeep
|turn|24
|
|t:|1776125377
|move|p1a: Latios|Recover|p1a: Latios
|-heal|p1a: Latios|92/100
|move|p2a: Bird Trap|Thunderbolt|p1a: Latios
|-resisted|p1a: Latios
|-damage|p1a: Latios|64/100
|
|-damage|p1a: Latios|52/100|[from] Leech Seed|[of] p2a: Bird Trap
|upkeep
|turn|25
|
|t:|1776125380
|move|p1a: Latios|Psychic Noise|p2a: Bird Trap
|-resisted|p2a: Bird Trap
|-damage|p2a: Bird Trap|48/100
|-start|p2a: Bird Trap|move: Heal Block
|move|p2a: Bird Trap|Thunderbolt|p1a: Latios
|-resisted|p1a: Latios
|-damage|p1a: Latios|25/100
|
|-damage|p1a: Latios|13/100|[from] Leech Seed|[of] p2a: Bird Trap
|upkeep
|turn|26
|
|t:|1776125403
|move|p1a: Latios|Recover|p1a: Latios
|-heal|p1a: Latios|63/100
|move|p2a: Bird Trap|Thunderbolt|p1a: Latios
|-resisted|p1a: Latios
|-damage|p1a: Latios|36/100
|-status|p1a: Latios|par
|
|-damage|p1a: Latios|24/100 par|[from] Leech Seed|[of] p2a: Bird Trap
|-end|p2a: Bird Trap|move: Heal Block
|upkeep
|turn|27
|
|t:|1776125429
|move|p2a: Bird Trap|Thunderbolt|p1a: Latios
|-resisted|p1a: Latios
|-damage|p1a: Latios|0 fnt
|faint|p1a: Latios
|
|upkeep
|
|t:|1776125433
|switch|p1a: Samurott|Samurott-Hisui, M|100/100
|-damage|p1a: Samurott|88/100|[from] Stealth Rock
|turn|28
|
|t:|1776125437
|switch|p2a: Dog Trap|Moltres|87/100
|-damage|p2a: Dog Trap|37/100|[from] Stealth Rock
|-terastallize|p1a: Samurott|Ground
|move|p1a: Samurott|Ceaseless Edge|p2a: Dog Trap
|-damage|p2a: Dog Trap|5/100
|-sidestart|p2: DonovanIsNotHere|Spikes
|
|upkeep
|turn|29
|inactive|Hybbridd has 120 seconds left.
|
|t:|1776125468
|move|p1a: Samurott|Knock Off|p2a: Dog Trap
|-damage|p2a: Dog Trap|0 fnt
|-status|p1a: Samurott|brn|[from] ability: Flame Body|[of] p2a: Dog Trap
|faint|p2a: Dog Trap
|
|-damage|p1a: Samurott|82/100 brn|[from] brn
|upkeep
|
|t:|1776125474
|switch|p2a: Ogerpon|Ogerpon-Wellspring, F|74/100
|-damage|p2a: Ogerpon|62/100|[from] Stealth Rock
|-damage|p2a: Ogerpon|49/100|[from] Spikes
|turn|30
|
|t:|1776125487
|switch|p1a: Pecharunt|Pecharunt|100/100 par
|move|p2a: Ogerpon|Ivy Cudgel|p1a: Pecharunt|[anim] Ivy Cudgel Water
|-crit|p1a: Pecharunt
|-damage|p1a: Pecharunt|52/100 par
|
|upkeep
|turn|31
|
|t:|1776125492
|move|p2a: Ogerpon|U-turn|p1a: Pecharunt
|-resisted|p1a: Pecharunt
|-damage|p1a: Pecharunt|48/100 par
|
|t:|1776125495
|switch|p2a: Flytrap|Venusaur, F|100/100|[from] U-turn
|-damage|p2a: Flytrap|88/100|[from] Stealth Rock
|-damage|p2a: Flytrap|76/100|[from] Spikes
|move|p1a: Pecharunt|Shadow Ball|p2a: Flytrap
|-damage|p2a: Flytrap|58/100
|
|-heal|p2a: Flytrap|65/100|[from] item: Leftovers
|upkeep
|turn|32
|
|t:|1776125503
|move|p2a: Flytrap|Earth Power|p1a: Pecharunt
|-supereffective|p1a: Pecharunt
|-damage|p1a: Pecharunt|8/100 par
|cant|p1a: Pecharunt|par
|
|-heal|p2a: Flytrap|71/100|[from] item: Leftovers
|upkeep
|turn|33
|
|t:|1776125507
|switch|p1a: Samurott|Samurott-Hisui, M, tera:Ground|82/100 brn
|-damage|p1a: Samurott|76/100 brn|[from] Stealth Rock
|move|p2a: Flytrap|Giga Drain|p1a: Samurott
|-supereffective|p1a: Samurott
|-damage|p1a: Samurott|22/100 brn
|-heal|p2a: Flytrap|96/100|[from] drain|[of] p1a: Samurott
|
|-heal|p2a: Flytrap|100/100|[from] item: Leftovers
|-damage|p1a: Samurott|16/100 brn|[from] brn
|upkeep
|turn|34
|
|t:|1776125510
|move|p1a: Samurott|Knock Off|p2a: Flytrap
|-damage|p2a: Flytrap|73/100
|-enditem|p2a: Flytrap|Leftovers|[from] move: Knock Off|[of] p1a: Samurott
|move|p2a: Flytrap|Giga Drain|p1a: Samurott
|-supereffective|p1a: Samurott
|-damage|p1a: Samurott|0 fnt
|-heal|p2a: Flytrap|80/100|[from] drain|[of] p1a: Samurott
|faint|p1a: Samurott
|
|upkeep
|
|t:|1776125524
|switch|p1a: Zamazenta|Zamazenta|100/100
|-damage|p1a: Zamazenta|94/100|[from] Stealth Rock
|turn|35
|
|t:|1776125529
|switch|p2a: Pecharunt|Pecharunt|100/100
|move|p1a: Zamazenta|Roar|p2a: Pecharunt
|drag|p2a: Flytrap|Venusaur, F|80/100
|-damage|p2a: Flytrap|68/100|[from] Stealth Rock
|-damage|p2a: Flytrap|56/100|[from] Spikes
|
|-heal|p1a: Zamazenta|100/100|[from] item: Leftovers
|upkeep
|turn|36
|
|t:|1776125533
|move|p1a: Zamazenta|Crunch|p2a: Flytrap
|-damage|p2a: Flytrap|33/100
|move|p2a: Flytrap|Leech Seed|p1a: Zamazenta
|-start|p1a: Zamazenta|move: Leech Seed
|
|-damage|p1a: Zamazenta|88/100|[from] Leech Seed|[of] p2a: Flytrap
|-heal|p2a: Flytrap|45/100|[silent]
|upkeep
|turn|37
|
|t:|1776125549
|move|p1a: Zamazenta|Crunch|p2a: Flytrap
|-damage|p2a: Flytrap|22/100
|move|p2a: Flytrap|Giga Drain|p1a: Zamazenta
|-damage|p1a: Zamazenta|51/100
|-heal|p2a: Flytrap|40/100|[from] drain|[of] p1a: Zamazenta
|
|-heal|p1a: Zamazenta|57/100|[from] item: Leftovers
|-damage|p1a: Zamazenta|45/100|[from] Leech Seed|[of] p2a: Flytrap
|-heal|p2a: Flytrap|51/100|[silent]
|upkeep
|turn|38
|
|t:|1776125554
|switch|p1a: Pecharunt|Pecharunt|8/100 par
|move|p2a: Flytrap|Earth Power|p1a: Pecharunt
|-supereffective|p1a: Pecharunt
|-damage|p1a: Pecharunt|0 fnt
|faint|p1a: Pecharunt
|
|upkeep
|
|t:|1776125555
|switch|p1a: Scizor|Scizor, F|76/100
|turn|39
|
|t:|1776125560
|switch|p2a: Bird Trap|Magnezone|48/100
|-damage|p2a: Bird Trap|42/100|[from] Stealth Rock
|-damage|p2a: Bird Trap|30/100|[from] Spikes
|move|p1a: Scizor|Swords Dance|p1a: Scizor
|-boost|p1a: Scizor|atk|2
|
|upkeep
|turn|40
|
|t:|1776125564
|move|p1a: Scizor|Bullet Punch|p2a: Bird Trap
|-resisted|p2a: Bird Trap
|-damage|p2a: Bird Trap|10/100
|move|p2a: Bird Trap|Thunderbolt|p1a: Scizor
|-damage|p1a: Scizor|0 fnt
|faint|p1a: Scizor
|
|upkeep
|-message|Hybbridd forfeited.
|
|win|DonovanIsNotHere
|raw|Hybbridd's rating: 1608 &rarr; <strong>1587</strong><br />(-21 for losing)
|raw|DonovanIsNotHere's rating: 1583 &rarr; <strong>1604</strong><br />(+21 for winning)
|l|☆Hybbridd
|player|p1|
