|html|<div class="broadcast-blue"><strong>[Gen 9] OU is currently suspecting Tera Blast! For information on how to participate check out the <a href="https://www.smogon.com/tools/suspects/view/200">suspect thread</a>.</strong></div>
|j|☆V0ldy
|j|‽Arboks Fangs
|t:|1776277778
|gametype|singles
|player|p1|V0ldy|1|1701
|player|p2|Arboks Fangs|fantina|1706
|gen|9
|tier|[Gen 9] OU
|rated|
|rule|HP Percentage Mod: HP is shown in percentages
|rule|Endless Battle Clause: Forcing endless battles is banned
|rule|Species Clause: Limit one of each Pokémon
|rule|OHKO Clause: OHKO moves are banned
|rule|Evasion Items Clause: Evasion items are banned
|rule|Evasion Moves Clause: Evasion moves are banned
|rule|Evasion Abilities Clause: Evasion abilities are banned
|rule|Sleep Moves Clause: Sleep-inducing moves are banned
|clearpoke
|poke|p1|Indeedee, M|
|poke|p1|Hawlucha, M|
|poke|p1|Gallade, M|
|poke|p1|Armarouge, M|
|poke|p1|Polteageist-Antique|
|poke|p1|Excadrill, M|
|poke|p2|Ninetales-Alola, M|
|poke|p2|Klefki, M|
|poke|p2|Maushold-Four|
|poke|p2|Latias, F|
|poke|p2|Okidogi, M|
|poke|p2|Kyurem|
|teampreview
|inactive|Battle timer is ON: inactive players will automatically lose when time's up. (requested by Arboks Fangs)
|
|t:|1776277785
|teamsize|p1|6
|teamsize|p2|6
|start
|switch|p1a: Excadrill|Excadrill, M|100/100
|switch|p2a: Ninetales|Ninetales-Alola, M|100/100
|-weather|Snowscape|[from] ability: Snow Warning|[of] p2a: Ninetales
|-ability|p1a: Excadrill|Mold Breaker
|turn|1
|
|t:|1776277789
|move|p2a: Ninetales|Aurora Veil|p2a: Ninetales
|-sidestart|p2: Arboks Fangs|move: Aurora Veil
|move|p1a: Excadrill|Iron Head|p2a: Ninetales
|-supereffective|p2a: Ninetales
|-damage|p2a: Ninetales|25/100
|
|-weather|Snowscape|[upkeep]
|upkeep
|turn|2
|
|t:|1776277794
|switch|p1a: Indeedee|Indeedee, M|100/100
|-fieldstart|move: Psychic Terrain|[from] ability: Psychic Surge|[of] p1a: Indeedee
|move|p2a: Ninetales|Encore||[still]
|-fail|p2a: Ninetales
|
|-weather|Snowscape|[upkeep]
|upkeep
|turn|3
|
|t:|1776277801
|switch|p2a: Latias|Latias, F|100/100
|move|p1a: Indeedee|Expanding Force|p2a: Latias
|-resisted|p2a: Latias
|-damage|p2a: Latias|86/100
|
|-weather|Snowscape|[upkeep]
|upkeep
|turn|4
|
|t:|1776277805
|switch|p1a: Excadrill|Excadrill, M|100/100
|-ability|p1a: Excadrill|Mold Breaker
|move|p2a: Latias|Agility|p2a: Latias
|-boost|p2a: Latias|spe|2
|
|-weather|Snowscape|[upkeep]
|upkeep
|turn|5
|
|t:|1776277812
|move|p2a: Latias|Calm Mind|p2a: Latias
|-boost|p2a: Latias|spa|1
|-boost|p2a: Latias|spd|1
|move|p1a: Excadrill|Stealth Rock|p2a: Latias
|-sidestart|p2: Arboks Fangs|move: Stealth Rock
|
|-weather|none
|upkeep
|turn|6
|
|t:|1776277819
|move|p2a: Latias|Aura Sphere|p1a: Excadrill
|-supereffective|p1a: Excadrill
|-enditem|p1a: Excadrill|Focus Sash
|-damage|p1a: Excadrill|1/100
|move|p1a: Excadrill|Earthquake|p2a: Latias
|-damage|p2a: Latias|57/100
|
|upkeep
|turn|7
|
|t:|1776277829
|move|p2a: Latias|Agility|p2a: Latias
|-boost|p2a: Latias|spe|2
|move|p1a: Excadrill|Earthquake|p2a: Latias
|-damage|p2a: Latias|31/100
|
|upkeep
|turn|8
|
|t:|1776277834
|move|p2a: Latias|Stored Power|p1a: Excadrill
|-resisted|p1a: Excadrill
|-damage|p1a: Excadrill|0 fnt
|faint|p1a: Excadrill
|
|-sideend|p2: Arboks Fangs|move: Aurora Veil
|upkeep
|
|t:|1776277838
|switch|p1a: Polteageist|Polteageist-Antique|100/100
|turn|9
|
|t:|1776277842
|-terastallize|p2a: Latias|Steel
|move|p2a: Latias|Stored Power|p1a: Polteageist
|-enditem|p1a: Polteageist|Focus Sash
|-damage|p1a: Polteageist|1/100
|move|p1a: Polteageist|Shadow Ball|p2a: Latias
|-damage|p2a: Latias|3/100
|
|-fieldend|move: Psychic Terrain
|upkeep
|turn|10
|
|t:|1776277848
|move|p2a: Latias|Stored Power|p1a: Polteageist
|-damage|p1a: Polteageist|0 fnt
|faint|p1a: Polteageist
|
|upkeep
|
|t:|1776277850
|switch|p1a: Indeedee|Indeedee, M|100/100
|-fieldstart|move: Psychic Terrain|[from] ability: Psychic Surge|[of] p1a: Indeedee
|turn|11
|
|t:|1776277855
|move|p2a: Latias|Stored Power|p1a: Indeedee
|-resisted|p1a: Indeedee
|-damage|p1a: Indeedee|27/100
|move|p1a: Indeedee|Expanding Force|p2a: Latias
|-resisted|p2a: Latias
|-damage|p2a: Latias|0 fnt
|faint|p2a: Latias
|
|upkeep
|
|t:|1776277861
|switch|p2a: Ninetales|Ninetales-Alola, M|25/100
|-damage|p2a: Ninetales|0 fnt|[from] Stealth Rock
|faint|p2a: Ninetales
|
|t:|1776277866
|switch|p2a: Maushold|Maushold-Four|100/100
|-damage|p2a: Maushold|88/100|[from] Stealth Rock
|turn|12
|
|t:|1776277869
|switch|p2a: Klefki|Klefki, M|100/100
|-damage|p2a: Klefki|94/100|[from] Stealth Rock
|move|p1a: Indeedee|Expanding Force|p2a: Klefki
|-resisted|p2a: Klefki
|-damage|p2a: Klefki|54/100
|
|upkeep
|turn|13
|
|t:|1776277872
|switch|p1a: Armarouge|Armarouge, M|100/100
|move|p2a: Klefki|Light Screen|p2a: Klefki
|-sidestart|p2: Arboks Fangs|move: Light Screen
|
|upkeep
|turn|14
|
|t:|1776277877
|switch|p2a: Maushold|Maushold-Four|88/100
|-damage|p2a: Maushold|76/100|[from] Stealth Rock
|move|p1a: Armarouge|Armor Cannon|p2a: Maushold
|-damage|p2a: Maushold|27/100
|-unboost|p1a: Armarouge|def|1
|-unboost|p1a: Armarouge|spd|1
|
|upkeep
|turn|15
|
|t:|1776277880
|move|p2a: Maushold|Tidy Up|p2a: Maushold
|-sideend|p2: Arboks Fangs|Stealth Rock
|-activate|p2a: Maushold|move: Tidy Up
|-boost|p2a: Maushold|atk|1
|-boost|p2a: Maushold|spe|1
|move|p1a: Armarouge|Armor Cannon|p2a: Maushold
|-damage|p2a: Maushold|0 fnt
|-unboost|p1a: Armarouge|def|1
|-unboost|p1a: Armarouge|spd|1
|faint|p2a: Maushold
|
|upkeep
|
|t:|1776277884
|switch|p2a: Kyurem|Kyurem, shiny|100/100
|-ability|p2a: Kyurem|Pressure
|turn|16
|
|t:|1776277886
|move|p2a: Kyurem|Dragon Dance|p2a: Kyurem
|-boost|p2a: Kyurem|atk|1
|-boost|p2a: Kyurem|spe|1
|move|p1a: Armarouge|Expanding Force|p2a: Kyurem
|-damage|p2a: Kyurem|63/100
|
|upkeep
|turn|17
|
|t:|1776277892
|move|p2a: Kyurem|Dragon Dance|p2a: Kyurem
|-boost|p2a: Kyurem|atk|1
|-boost|p2a: Kyurem|spe|1
|move|p1a: Armarouge|Expanding Force|p2a: Kyurem
|-damage|p2a: Kyurem|22/100
|
|upkeep
|turn|18
|
|t:|1776277896
|move|p1a: Armarouge|Endure|p1a: Armarouge
|-singleturn|p1a: Armarouge|move: Endure
|move|p2a: Kyurem|Scale Shot|p1a: Armarouge
|-crit|p1a: Armarouge
|-damage|p1a: Armarouge|13/100
|-ability|p1a: Armarouge|Weak Armor|boost
|-unboost|p1a: Armarouge|def|1
|-boost|p1a: Armarouge|spe|2
|-activate|p1a: Armarouge|move: Endure
|-damage|p1a: Armarouge|1/100
|-ability|p1a: Armarouge|Weak Armor|boost
|-unboost|p1a: Armarouge|def|1
|-boost|p1a: Armarouge|spe|2
|-activate|p1a: Armarouge|move: Endure
|-damage|p1a: Armarouge|1/100
|-ability|p1a: Armarouge|Weak Armor|boost
|-unboost|p1a: Armarouge|def|1
|-boost|p1a: Armarouge|spe|2
|-crit|p1a: Armarouge
|-activate|p1a: Armarouge|move: Endure
|-damage|p1a: Armarouge|1/100
|-ability|p1a: Armarouge|Weak Armor|boost
|-unboost|p1a: Armarouge|def|1
|-hitcount|p1a: Armarouge|4
|-unboost|p2a: Kyurem|def|1
|-boost|p2a: Kyurem|spe|1
|
|-fieldend|move: Psychic Terrain
|upkeep
|turn|19
|
|t:|1776277903
|move|p1a: Armarouge|Armor Cannon|p2a: Kyurem
|-damage|p2a: Kyurem|0 fnt
|-unboost|p1a: Armarouge|spd|1
|faint|p2a: Kyurem
|
|upkeep
|
|t:|1776277905
|switch|p2a: Okidogi|Okidogi, M|100/100
|turn|20
|
|t:|1776277910
|move|p1a: Armarouge|Expanding Force|p2a: Okidogi
|-supereffective|p2a: Okidogi
|-damage|p2a: Okidogi|2/100
|move|p2a: Okidogi|Knock Off|p1a: Armarouge
|-supereffective|p1a: Armarouge
|-damage|p1a: Armarouge|0 fnt
|-enditem|p1a: Armarouge|Weakness Policy|[from] move: Knock Off|[of] p2a: Okidogi
|faint|p1a: Armarouge
|
|-heal|p2a: Okidogi|8/100|[from] item: Leftovers
|-sideend|p2: Arboks Fangs|move: Light Screen
|upkeep
|
|t:|1776277916
|switch|p1a: Indeedee|Indeedee, M|27/100
|-fieldstart|move: Psychic Terrain|[from] ability: Psychic Surge|[of] p1a: Indeedee
|turn|21
|
|t:|1776277920
|switch|p2a: Klefki|Klefki, M|54/100
|move|p1a: Indeedee|Expanding Force|p2a: Klefki
|-resisted|p2a: Klefki
|-damage|p2a: Klefki|14/100
|
|upkeep
|turn|22
|
|t:|1776277922
|move|p2a: Klefki|Light Screen|p2a: Klefki
|-sidestart|p2: Arboks Fangs|move: Light Screen
|move|p1a: Indeedee|Encore|p2a: Klefki
|-start|p2a: Klefki|Encore
|
|upkeep
|turn|23
|inactiveoff|Battle timer is now OFF.
|
|t:|1776277927
|switch|p1a: Hawlucha|Hawlucha, M|100/100
|-enditem|p1a: Hawlucha|Psychic Seed
|-boost|p1a: Hawlucha|spd|1|[from] item: Psychic Seed
|move|p2a: Klefki|Light Screen||[still]
|-fail|p2a: Klefki
|
|upkeep
|turn|24
|j| FaronAan
|
|t:|1776277935
|switch|p2a: Okidogi|Okidogi, M|8/100
|move|p1a: Hawlucha|Swords Dance|p1a: Hawlucha
|-boost|p1a: Hawlucha|atk|2
|
|-heal|p2a: Okidogi|14/100|[from] item: Leftovers
|upkeep
|turn|25
|
|t:|1776277940
|switch|p2a: Klefki|Klefki, M|14/100
|move|p1a: Hawlucha|Acrobatics|p2a: Klefki
|-resisted|p2a: Klefki
|-damage|p2a: Klefki|0 fnt
|faint|p2a: Klefki
|
|upkeep
|
|t:|1776277942
|switch|p2a: Okidogi|Okidogi, M|14/100
|turn|26
|inactive|Battle timer is ON: inactive players will automatically lose when time's up. (requested by V0ldy)
|c|☆V0ldy|Gg zehahha
|inactive|Arboks Fangs has 120 seconds left.
|j| I registered this
|j| rexa2
|inactive|Arboks Fangs has 90 seconds left.
|l| rexa2
|j| rexa2
|j| gidhavwkfvihtr
|l| rexa2
|inactive|Arboks Fangs has 60 seconds left.
|l|☆V0ldy
|inactive|V0ldy disconnected and has a minute to reconnect!
|player|p1|
|inactive|Arboks Fangs has 30 seconds left.
|inactive|Arboks Fangs has 20 seconds left.
|inactive|Arboks Fangs has 15 seconds left.
|l| I registered this
|inactive|Arboks Fangs has 10 seconds left.
|inactive|Arboks Fangs has 5 seconds left.
|j|☆V0ldy
|inactive|V0ldy reconnected.
|player|p1|V0ldy|1|
|-message|Arboks Fangs lost due to inactivity.
|
|win|V0ldy
|raw|V0ldy's rating: 1701 &rarr; <strong>1722</strong><br />(+21 for winning)
|raw|Arboks Fangs's rating: 1723 &rarr; <strong>1702</strong><br />(-21 for losing)
|l|☆V0ldy
|player|p1|
|l| gidhavwkfvihtr
|l|‽Arboks Fangs
|player|p2|
|j| I registered this
|l| I registered this
|j| gidhavwkfvihtr
