|html|<div class="broadcast-blue"><strong>[Gen 9] OU is currently suspecting Tera Blast! For information on how to participate check out the <a href="https://www.smogon.com/tools/suspects/view/200">suspect thread</a>.</strong></div>
|j|☆vafafaf
|j|‽Jom31
|t:|1776103683
|gametype|singles
|player|p1|vafafaf|102|1678
|player|p2|Jom31|steven|1657
|gen|9
|tier|[Gen 9] OU
|rated|
|rule|HP Percentage Mod: HP is shown in percentages
|rule|Endless Battle Clause: Forcing endless battles is banned
|rule|Species Clause: Limit one of each Pokémon
|rule|OHKO Clause: OHKO moves are banned
|rule|Evasion Items Clause: Evasion items are banned
|rule|Evasion Moves Clause: Evasion moves are banned
|rule|Evasion Abilities Clause: Evasion abilities are banned
|rule|Sleep Moves Clause: Sleep-inducing moves are banned
|clearpoke
|poke|p1|Tyranitar, F|
|poke|p1|Excadrill, M|
|poke|p1|Deoxys-Speed|
|poke|p1|Indeedee, M|
|poke|p1|Ogerpon-Cornerstone, F|
|poke|p1|Moltres|
|poke|p2|Jolteon, M|
|poke|p2|Slowking-Galar, F|
|poke|p2|Great Tusk|
|poke|p2|Moltres|
|poke|p2|Kingambit, F|
|poke|p2|Hydrapple, M|
|teampreview
|inactive|Battle timer is ON: inactive players will automatically lose when time's up. (requested by Jom31)
|
|t:|1776103752
|teamsize|p1|6
|teamsize|p2|6
|start
|switch|p1a: Indeedee|Indeedee, M|100/100
|switch|p2a: Jolteon|Jolteon, M|100/100
|-fieldstart|move: Psychic Terrain|[from] ability: Psychic Surge|[of] p1a: Indeedee
|turn|1
|j| ddgfdhad
|
|t:|1776103764
|switch|p1a: Excadrill|Excadrill, M|100/100
|move|p2a: Jolteon|Volt Switch|p1a: Excadrill
|-immune|p1a: Excadrill
|
|upkeep
|turn|2
|
|t:|1776103774
|switch|p2a: Moltres|Moltres|100/100
|switch|p1a: Deoxys|Deoxys-Speed|100/100
|-ability|p1a: Deoxys|Pressure
|
|upkeep
|turn|3
|c|☆vafafaf|!stats moltres
|c|☆vafafaf|/raw <div class="message"><ul class="utilichart"><li class="result"><span class="col numcol">OU</span> <span class="col iconcol"><psicon pokemon="moltres"/></span> <span class="col pokemonnamecol" style="white-space:nowrap"><a href="https://dex.pokemonshowdown.com/pokemon/moltres" target="_blank">Moltres</a></span> <span class="col typecol"><img src="https://play.pokemonshowdown.com/sprites/types/Fire.png" alt="Fire" height="14" width="32"><img src="https://play.pokemonshowdown.com/sprites/types/Flying.png" alt="Flying" height="14" width="32"></span> <span style="float:left;min-height:26px"><span class="col abilitycol">Pressure</span><span class="col abilitycol"><em>Flame Body</em></span></span><span style="float:left;min-height:26px"><span class="col statcol"><em>HP</em><br />90</span> <span class="col statcol"><em>Atk</em><br />100</span> <span class="col statcol"><em>Def</em><br />90</span> <span class="col statcol"><em>SpA</em><br />125</span> <span class="col statcol"><em>SpD</em><br />85</span> <span class="col statcol"><em>Spe</em><br />90</span> <span class="col bstcol"><em>BST<br />580</em></span> </span></li><li style="clear:both"></li></ul></div>

|inactive|vafafaf has 120 seconds left.
|j| Bot livre
|inactive|vafafaf has 90 seconds left.
|inactive|vafafaf has 60 seconds left.
|
|t:|1776103867
|switch|p2a: Slowking|Slowking-Galar, F|100/100
|move|p1a: Deoxys|Nasty Plot|p1a: Deoxys
|-boost|p1a: Deoxys|spa|2
|
|upkeep
|turn|4
|
|t:|1776103884
|move|p1a: Deoxys|Expanding Force|p2a: Slowking
|-damage|p2a: Slowking|16/100
|-damage|p1a: Deoxys|91/100|[from] item: Life Orb
|move|p2a: Slowking|Sludge Bomb|p1a: Deoxys
|-damage|p1a: Deoxys|26/100
|
|upkeep
|turn|5
|
|t:|1776103904
|move|p1a: Deoxys|Expanding Force|p2a: Slowking
|-damage|p2a: Slowking|0 fnt
|faint|p2a: Slowking
|-damage|p1a: Deoxys|16/100|[from] item: Life Orb
|
|upkeep
|inactive|Jom31 has 120 seconds left.
|
|t:|1776103919
|switch|p2a: Kingambit|Kingambit, F|100/100
|-activate|p2a: Kingambit|ability: Supreme Overlord
|-start|p2a: Kingambit|fallen1|[silent]
|turn|6
|
|t:|1776103925
|-end|p2a: Kingambit|fallen1|[silent]
|switch|p2a: Moltres|Moltres|100/100
|-terastallize|p1a: Deoxys|Fighting
|move|p1a: Deoxys|Tera Blast|p2a: Moltres|[anim] Tera Blast Fighting
|-resisted|p2a: Moltres
|-damage|p2a: Moltres|59/100
|-damage|p1a: Deoxys|6/100|[from] item: Life Orb
|
|upkeep
|turn|7
|
|t:|1776103936
|switch|p1a: Tyranitar|Tyranitar, F|100/100
|-weather|Sandstorm|[from] ability: Sand Stream|[of] p1a: Tyranitar
|move|p2a: Moltres|Roost|p2a: Moltres
|-heal|p2a: Moltres|100/100
|-singleturn|p2a: Moltres|move: Roost
|
|-weather|Sandstorm|[upkeep]
|-damage|p2a: Moltres|94/100|[from] Sandstorm
|upkeep
|turn|8
|inactive|vafafaf has 90 seconds left.
|
|t:|1776103958
|switch|p2a: Great Tusk|Great Tusk|100/100
|switch|p1a: Moltres|Moltres|100/100
|
|-weather|Sandstorm|[upkeep]
|-damage|p1a: Moltres|94/100|[from] Sandstorm
|-fieldend|move: Psychic Terrain
|upkeep
|turn|9
|
|t:|1776103980
|move|p1a: Moltres|Flamethrower|p2a: Great Tusk
|-damage|p2a: Great Tusk|50/100
|move|p2a: Great Tusk|Stealth Rock|p1a: Moltres
|-sidestart|p1: vafafaf|move: Stealth Rock
|
|-weather|Sandstorm|[upkeep]
|-damage|p1a: Moltres|88/100|[from] Sandstorm
|upkeep
|turn|10
|inactive|vafafaf has 90 seconds left.
|
|t:|1776103993
|-end|p2a: Great Tusk|Protosynthesis|[silent]
|switch|p2a: Moltres|Moltres|94/100
|move|p1a: Moltres|Flamethrower|p2a: Moltres
|-resisted|p2a: Moltres
|-damage|p2a: Moltres|77/100
|
|-weather|Sandstorm|[upkeep]
|-damage|p2a: Moltres|71/100|[from] Sandstorm
|-damage|p1a: Moltres|82/100|[from] Sandstorm
|upkeep
|turn|11
|
|t:|1776104002
|move|p2a: Moltres|Flamethrower|p1a: Moltres
|-resisted|p1a: Moltres
|-damage|p1a: Moltres|64/100
|move|p1a: Moltres|U-turn|p2a: Moltres
|-resisted|p2a: Moltres
|-damage|p2a: Moltres|68/100
|
|t:|1776104006
|switch|p1a: Ogerpon|Ogerpon-Cornerstone, F|100/100|[from] U-turn
|-damage|p1a: Ogerpon|88/100|[from] Stealth Rock
|
|-weather|Sandstorm|[upkeep]
|-damage|p2a: Moltres|62/100|[from] Sandstorm
|upkeep
|turn|12
|
|t:|1776104016
|switch|p2a: Hydrapple|Hydrapple, M|100/100
|move|p1a: Ogerpon|Ivy Cudgel|p2a: Hydrapple|[anim] Ivy Cudgel Rock
|-damage|p2a: Hydrapple|69/100
|
|-weather|Sandstorm|[upkeep]
|-damage|p2a: Hydrapple|62/100|[from] Sandstorm
|upkeep
|turn|13
|
|t:|1776104033
|move|p1a: Ogerpon|Swords Dance|p1a: Ogerpon
|-boost|p1a: Ogerpon|atk|2
|move|p2a: Hydrapple|Fickle Beam|p1a: Ogerpon
|-crit|p1a: Ogerpon
|-damage|p1a: Ogerpon|47/100
|
|-weather|Sandstorm|[upkeep]
|-damage|p2a: Hydrapple|56/100|[from] Sandstorm
|upkeep
|turn|14
|inactive|Jom31 has 120 seconds left.
|
|t:|1776104064
|move|p1a: Ogerpon|Ivy Cudgel|p2a: Hydrapple|[anim] Ivy Cudgel Rock
|-damage|p2a: Hydrapple|0 fnt
|faint|p2a: Hydrapple
|
|-weather|none
|upkeep
|inactive|Jom31 has 120 seconds left.
|
|t:|1776104077
|switch|p2a: Jolteon|Jolteon, M|100/100
|turn|15
|inactive|vafafaf has 120 seconds left.
|inactive|Jom31 has 120 seconds left.
|
|t:|1776104098
|switch|p1a: Excadrill|Excadrill, M|100/100
|-damage|p1a: Excadrill|97/100|[from] Stealth Rock
|move|p2a: Jolteon|Volt Switch|p1a: Excadrill
|-immune|p1a: Excadrill
|
|upkeep
|turn|16
|inactive|vafafaf has 120 seconds left.
|
|t:|1776104111
|switch|p2a: Great Tusk|Great Tusk|50/100
|move|p1a: Excadrill|High Horsepower|p2a: Great Tusk
|-damage|p2a: Great Tusk|18/100
|-damage|p1a: Excadrill|81/100|[from] item: Rocky Helmet|[of] p2a: Great Tusk
|-damage|p1a: Excadrill|71/100|[from] item: Life Orb
|
|upkeep
|turn|17
|inactive|vafafaf has 120 seconds left.
|inactive|Jom31 has 120 seconds left.
|
|t:|1776104121
|move|p1a: Excadrill|Iron Head|p2a: Great Tusk
|-crit|p2a: Great Tusk
|-damage|p2a: Great Tusk|0 fnt
|-damage|p1a: Excadrill|54/100|[from] item: Rocky Helmet|[of] p2a: Great Tusk
|faint|p2a: Great Tusk
|-end|p2a: Great Tusk|Protosynthesis|[silent]
|-damage|p1a: Excadrill|44/100|[from] item: Life Orb
|
|upkeep
|inactive|Jom31 has 120 seconds left.
|j| Metallic Symphony
|
|t:|1776104146
|switch|p2a: Kingambit|Kingambit, F|100/100
|-activate|p2a: Kingambit|ability: Supreme Overlord
|-start|p2a: Kingambit|fallen3|[silent]
|turn|18
|l| Metallic Symphony
|inactive|vafafaf has 120 seconds left.
|inactive|vafafaf has 90 seconds left.
|l| Bot livre
|
|t:|1776104221
|move|p2a: Kingambit|Sucker Punch|p1a: Excadrill
|-damage|p1a: Excadrill|0 fnt
|faint|p1a: Excadrill
|
|upkeep
|
|t:|1776104224
|switch|p1a: Indeedee|Indeedee, M|100/100
|-damage|p1a: Indeedee|88/100|[from] Stealth Rock
|-fieldstart|move: Psychic Terrain|[from] ability: Psychic Surge|[of] p1a: Indeedee
|turn|19
|inactive|Jom31 has 120 seconds left.
|
|t:|1776104239
|-end|p2a: Kingambit|fallen3|[silent]
|switch|p2a: Moltres|Moltres|62/100
|move|p1a: Indeedee|Encore||[still]
|-fail|p1a: Indeedee
|
|upkeep
|turn|20
|inactive|Jom31 has 120 seconds left.
|
|t:|1776104253
|switch|p2a: Jolteon|Jolteon, M|100/100
|move|p1a: Indeedee|Healing Wish|p1a: Indeedee
|faint|p1a: Indeedee
|
|upkeep
|
|t:|1776104255
|switch|p1a: Deoxys|Deoxys-Speed, tera:Fighting|6/100
|-heal|p1a: Deoxys|100/100|[from] move: Healing Wish
|-damage|p1a: Deoxys|94/100|[from] Stealth Rock
|-ability|p1a: Deoxys|Pressure
|turn|21
|
|t:|1776104267
|-terastallize|p2a: Jolteon|Fairy
|move|p1a: Deoxys|Expanding Force|p2a: Jolteon
|-damage|p2a: Jolteon|0 fnt
|faint|p2a: Jolteon
|-damage|p1a: Deoxys|84/100|[from] item: Life Orb
|
|upkeep
|inactive|Jom31 has 120 seconds left.
|-message|Jom31 forfeited.
|
|win|vafafaf
|raw|vafafaf's rating: 1678 &rarr; <strong>1697</strong><br />(+19 for winning)
|raw|Jom31's rating: 1657 &rarr; <strong>1638</strong><br />(-19 for losing)
|l|‽Jom31
|player|p2|
|l|☆vafafaf
|player|p1|
|l| ddgfdhad
|j| samurajen
