|html|<div class="broadcast-blue"><strong>[Gen 9] OU is currently suspecting Tera Blast! For information on how to participate check out the <a href="https://www.smogon.com/tools/suspects/view/200">suspect thread</a>.</strong></div>
|j|☆mynoble
|j|☆TheRegisAreCool
|t:|1776174259
|gametype|singles
|player|p1|mynoble|2|1168
|player|p2|TheRegisAreCool|fisherman-gen4|1169
|gen|9
|tier|[Gen 9] OU
|rated|
|rule|HP Percentage Mod: HP is shown in percentages
|rule|Endless Battle Clause: Forcing endless battles is banned
|rule|Species Clause: Limit one of each Pokémon
|rule|OHKO Clause: OHKO moves are banned
|rule|Evasion Items Clause: Evasion items are banned
|rule|Evasion Moves Clause: Evasion moves are banned
|rule|Evasion Abilities Clause: Evasion abilities are banned
|rule|Sleep Moves Clause: Sleep-inducing moves are banned
|clearpoke
|poke|p1|Gyarados, M|
|poke|p1|Ribombee, M|
|poke|p1|Gholdengo|
|poke|p1|Armarouge, F|
|poke|p1|Enamorus, F|
|poke|p1|Azumarill, M|
|poke|p2|Conkeldurr, M|
|poke|p2|Iron Moth|
|poke|p2|Glimmora, F|
|poke|p2|Kommo-o, M|
|poke|p2|Samurott-Hisui, F|
|poke|p2|Donphan, M|
|teampreview
|j| ohko_smeargle
|inactive|Battle timer is ON: inactive players will automatically lose when time's up. (requested by TheRegisAreCool)
|
|t:|1776174284
|teamsize|p1|6
|teamsize|p2|6
|start
|switch|p1a: Enamorus|Enamorus, F|100/100
|switch|p2a: Kommo-o|Kommo-o, M|100/100
|turn|1
|
|t:|1776174297
|move|p1a: Enamorus|Superpower|p2a: Kommo-o
|-crit|p2a: Kommo-o
|-damage|p2a: Kommo-o|61/100
|-boost|p1a: Enamorus|atk|1
|-boost|p1a: Enamorus|def|1
|move|p2a: Kommo-o|Boomburst|p1a: Enamorus
|-damage|p1a: Enamorus|33/100
|
|-heal|p1a: Enamorus|39/100|[from] item: Leftovers
|-heal|p2a: Kommo-o|67/100|[from] item: Leftovers
|upkeep
|turn|2
|
|t:|1776174307
|-terastallize|p1a: Enamorus|Steel
|move|p1a: Enamorus|Moonblast|p2a: Kommo-o
|-supereffective|p2a: Kommo-o
|-damage|p2a: Kommo-o|0 fnt
|faint|p2a: Kommo-o
|
|-heal|p1a: Enamorus|45/100|[from] item: Leftovers
|upkeep
|
|t:|1776174314
|switch|p2a: Iron Moth|Iron Moth|100/100
|-enditem|p2a: Iron Moth|Booster Energy
|-activate|p2a: Iron Moth|ability: Quark Drive|[fromitem]
|-start|p2a: Iron Moth|quarkdrivespe
|turn|3
|
|t:|1776174318
|move|p2a: Iron Moth|Fiery Dance|p1a: Enamorus
|-supereffective|p1a: Enamorus
|-damage|p1a: Enamorus|0 fnt
|faint|p1a: Enamorus
|
|upkeep
|
|t:|1776174321
|switch|p1a: Azumarill|Azumarill, M|100/100
|turn|4
|
|t:|1776174327
|move|p1a: Azumarill|Aqua Jet|p2a: Iron Moth
|-supereffective|p2a: Iron Moth
|-damage|p2a: Iron Moth|27/100
|move|p2a: Iron Moth|Energy Ball|p1a: Azumarill
|-supereffective|p1a: Azumarill
|-damage|p1a: Azumarill|38/100
|
|-heal|p1a: Azumarill|44/100|[from] item: Leftovers
|upkeep
|turn|5
|
|t:|1776174338
|-end|p2a: Iron Moth|Quark Drive|[silent]
|switch|p2a: Samurott|Samurott-Hisui, F|100/100
|move|p1a: Azumarill|Aqua Jet|p2a: Samurott
|-resisted|p2a: Samurott
|-damage|p2a: Samurott|86/100
|
|-heal|p1a: Azumarill|50/100|[from] item: Leftovers
|upkeep
|turn|6
|
|t:|1776174349
|move|p2a: Samurott|Ceaseless Edge|p1a: Azumarill
|-resisted|p1a: Azumarill
|-damage|p1a: Azumarill|27/100
|-sidestart|p1: mynoble|Spikes
|move|p1a: Azumarill|Play Rough|p2a: Samurott
|-supereffective|p2a: Samurott
|-damage|p2a: Samurott|0 fnt
|faint|p2a: Samurott
|
|-heal|p1a: Azumarill|34/100|[from] item: Leftovers
|upkeep
|
|t:|1776174366
|switch|p2a: Glimmora|Glimmora, F|100/100
|turn|7
|inactive|mynoble has 120 seconds left.
|
|t:|1776174406
|move|p1a: Azumarill|Aqua Jet|p2a: Glimmora
|-supereffective|p2a: Glimmora
|-damage|p2a: Glimmora|37/100
|-activate|p2a: Glimmora|ability: Toxic Debris
|-sidestart|p1: mynoble|move: Toxic Spikes
|move|p2a: Glimmora|Sludge Bomb|p1a: Azumarill
|-supereffective|p1a: Azumarill
|-damage|p1a: Azumarill|0 fnt
|faint|p1a: Azumarill
|
|upkeep
|
|t:|1776174407
|switch|p1a: Gyarados|Gyarados, M|100/100
|-ability|p1a: Gyarados|Intimidate|boost
|-unboost|p2a: Glimmora|atk|1
|turn|8
|
|t:|1776174418
|move|p2a: Glimmora|Power Gem|p1a: Gyarados
|-supereffective|p1a: Gyarados
|-damage|p1a: Gyarados|24/100
|move|p1a: Gyarados|Dragon Dance|p1a: Gyarados
|-boost|p1a: Gyarados|atk|1
|-boost|p1a: Gyarados|spe|1
|
|-heal|p1a: Gyarados|30/100|[from] item: Leftovers
|upkeep
|turn|9
|
|t:|1776174425
|move|p1a: Gyarados|Earthquake|p2a: Glimmora
|-supereffective|p2a: Glimmora
|-damage|p2a: Glimmora|0 fnt
|-activate|p2a: Glimmora|ability: Toxic Debris
|-sidestart|p1: mynoble|move: Toxic Spikes
|faint|p2a: Glimmora
|
|-heal|p1a: Gyarados|36/100|[from] item: Leftovers
|upkeep
|
|t:|1776174430
|switch|p2a: Iron Moth|Iron Moth|27/100
|turn|10
|
|t:|1776174441
|-terastallize|p2a: Iron Moth|Flying
|move|p1a: Gyarados|Waterfall|p2a: Iron Moth
|-damage|p2a: Iron Moth|0 fnt
|faint|p2a: Iron Moth
|-end|p2a: Iron Moth|Quark Drive|[silent]
|
|-heal|p1a: Gyarados|42/100|[from] item: Leftovers
|upkeep
|
|t:|1776174446
|switch|p2a: Conkeldurr|Conkeldurr, M|100/100
|turn|11
|
|t:|1776174450
|move|p1a: Gyarados|Waterfall|p2a: Conkeldurr
|-damage|p2a: Conkeldurr|51/100
|cant|p2a: Conkeldurr|flinch
|
|-heal|p1a: Gyarados|48/100|[from] item: Leftovers
|-status|p2a: Conkeldurr|brn|[from] item: Flame Orb
|upkeep
|turn|12
|
|t:|1776174456
|move|p1a: Gyarados|Waterfall|p2a: Conkeldurr
|-damage|p2a: Conkeldurr|0 fnt
|faint|p2a: Conkeldurr
|
|-heal|p1a: Gyarados|54/100|[from] item: Leftovers
|upkeep
|
|t:|1776174459
|switch|p2a: Donphan|Donphan, M|100/100
|turn|13
|-message|TheRegisAreCool forfeited.
|
|win|mynoble
|raw|mynoble's rating: 1168 &rarr; <strong>1193</strong><br />(+25 for winning)
|raw|TheRegisAreCool's rating: 1169 &rarr; <strong>1144</strong><br />(-25 for losing)
