|html|<div class="broadcast-blue"><strong>[Gen 9] OU is currently suspecting Tera Blast! For information on how to participate check out the <a href="https://www.smogon.com/tools/suspects/view/200">suspect thread</a>.</strong></div>
|j|☆Damolegend01
|j|☆Alvisiio
|t:|1776320956
|gametype|singles
|player|p1|Damolegend01|clown|1107
|player|p2|Alvisiio|iris|1149
|gen|9
|tier|[Gen 9] OU
|rated|
|rule|HP Percentage Mod: HP is shown in percentages
|rule|Endless Battle Clause: Forcing endless battles is banned
|rule|Species Clause: Limit one of each Pokémon
|rule|OHKO Clause: OHKO moves are banned
|rule|Evasion Items Clause: Evasion items are banned
|rule|Evasion Moves Clause: Evasion moves are banned
|rule|Evasion Abilities Clause: Evasion abilities are banned
|rule|Sleep Moves Clause: Sleep-inducing moves are banned
|clearpoke
|poke|p1|Politoed, M|
|poke|p1|Kilowattrel, F|
|poke|p1|Barraskewda, F|
|poke|p1|Scizor, M|
|poke|p1|Glimmora, M|
|poke|p1|Gallade, M|
|poke|p2|Dragapult, F|
|poke|p2|Iron Moth|
|poke|p2|Deoxys-Speed|
|poke|p2|Quaquaval, M|
|poke|p2|Moltres-Galar|
|poke|p2|Ogerpon, F|
|teampreview
|
|t:|1776320967
|teamsize|p1|6
|teamsize|p2|6
|start
|switch|p1a: dandelion|Glimmora, M|100/100
|switch|p2a: Deoxys|Deoxys-Speed|100/100
|-ability|p2a: Deoxys|Pressure
|turn|1
|c|☆Alvisiio|is it golden?
|
|t:|1776320979
|-terastallize|p1a: dandelion|Grass
|move|p2a: Deoxys|Stealth Rock|p1a: dandelion
|-sidestart|p1: Damolegend01|move: Stealth Rock
|move|p1a: dandelion|Mortal Spin|p2a: Deoxys
|-damage|p2a: Deoxys|92/100
|-status|p2a: Deoxys|psn
|-sideend|p1: Damolegend01|Stealth Rock|[from] move: Mortal Spin|[of] p1a: dandelion
|
|-damage|p2a: Deoxys|79/100 psn|[from] psn
|upkeep
|turn|2
|
|t:|1776320992
|move|p2a: Deoxys|Reflect|p2a: Deoxys
|-sidestart|p2: Alvisiio|Reflect
|move|p1a: dandelion|Stealth Rock|p2a: Deoxys
|-sidestart|p2: Alvisiio|move: Stealth Rock
|
|-damage|p2a: Deoxys|67/100 psn|[from] psn
|upkeep
|turn|3
|
|t:|1776320999
|move|p2a: Deoxys|Light Screen|p2a: Deoxys
|-sidestart|p2: Alvisiio|move: Light Screen
|move|p1a: dandelion|Power Gem|p2a: Deoxys
|-damage|p2a: Deoxys|44/100 psn
|
|-damage|p2a: Deoxys|32/100 psn|[from] psn
|upkeep
|turn|4
|
|t:|1776321009
|move|p2a: Deoxys|Stealth Rock|p1a: dandelion
|-sidestart|p1: Damolegend01|move: Stealth Rock
|move|p1a: dandelion|Mortal Spin|p2a: Deoxys
|-crit|p2a: Deoxys
|-damage|p2a: Deoxys|21/100 psn
|-sideend|p1: Damolegend01|Stealth Rock|[from] move: Mortal Spin|[of] p1a: dandelion
|
|-damage|p2a: Deoxys|9/100 psn|[from] psn
|upkeep
|turn|5
|
|t:|1776321018
|move|p1a: dandelion|Spiky Shield|p1a: dandelion
|-singleturn|p1a: dandelion|move: Protect
|move|p2a: Deoxys|Psycho Boost|p1a: dandelion
|-activate|p1a: dandelion|move: Protect
|
|-damage|p2a: Deoxys|0 fnt|[from] psn
|faint|p2a: Deoxys
|upkeep
|
|t:|1776321022
|switch|p2a: Quaquaval|Quaquaval, M|100/100
|-damage|p2a: Quaquaval|94/100|[from] Stealth Rock
|turn|6
|
|t:|1776321033
|move|p1a: dandelion|Mortal Spin|p2a: Quaquaval
|-damage|p2a: Quaquaval|90/100
|-status|p2a: Quaquaval|psn
|move|p2a: Quaquaval|Rapid Spin|p1a: dandelion
|-damage|p1a: dandelion|80/100
|-boost|p2a: Quaquaval|spe|1
|-activate|p1a: dandelion|ability: Toxic Debris
|-sidestart|p2: Alvisiio|move: Toxic Spikes
|-sideend|p2: Alvisiio|Toxic Spikes|[from] move: Rapid Spin|[of] p2a: Quaquaval
|-sideend|p2: Alvisiio|Stealth Rock|[from] move: Rapid Spin|[of] p2a: Quaquaval
|-damage|p2a: Quaquaval|80/100 psn|[from] item: Life Orb
|
|-damage|p2a: Quaquaval|68/100 psn|[from] psn
|upkeep
|turn|7
|
|t:|1776321048
|move|p1a: dandelion|Spiky Shield|p1a: dandelion
|-singleturn|p1a: dandelion|move: Protect
|move|p2a: Quaquaval|Rapid Spin|p1a: dandelion
|-activate|p1a: dandelion|move: Protect
|-damage|p2a: Quaquaval|55/100 psn|[from] Spiky Shield|[of] p1a: dandelion
|
|-damage|p2a: Quaquaval|43/100 psn|[from] psn
|upkeep
|turn|8
|
|t:|1776321060
|move|p2a: Quaquaval|Close Combat|p1a: dandelion
|-damage|p1a: dandelion|3/100
|-unboost|p2a: Quaquaval|def|1
|-unboost|p2a: Quaquaval|spd|1
|-activate|p1a: dandelion|ability: Toxic Debris
|-sidestart|p2: Alvisiio|move: Toxic Spikes
|-damage|p2a: Quaquaval|33/100 psn|[from] item: Life Orb
|move|p1a: dandelion|Power Gem|p2a: Quaquaval
|-resisted|p2a: Quaquaval
|-damage|p2a: Quaquaval|14/100 psn
|
|-damage|p2a: Quaquaval|2/100 psn|[from] psn
|upkeep
|turn|9
|
|t:|1776321078
|switch|p2a: Iron Moth|Iron Moth|100/100
|-item|p2a: Iron Moth|Air Balloon
|move|p1a: dandelion|Spiky Shield||[still]
|-fail|p1a: dandelion
|
|-sideend|p2: Alvisiio|Reflect
|upkeep
|turn|10
|
|t:|1776321094
|move|p2a: Iron Moth|Agility|p2a: Iron Moth
|-boost|p2a: Iron Moth|spe|2
|move|p1a: dandelion|Power Gem|p2a: Iron Moth
|-supereffective|p2a: Iron Moth
|-damage|p2a: Iron Moth|64/100
|-enditem|p2a: Iron Moth|Air Balloon
|
|-sideend|p2: Alvisiio|move: Light Screen
|upkeep
|turn|11
|
|t:|1776321108
|move|p2a: Iron Moth|Fiery Dance|p1a: dandelion
|-supereffective|p1a: dandelion
|-damage|p1a: dandelion|0 fnt
|-boost|p2a: Iron Moth|spa|1
|faint|p1a: dandelion
|
|upkeep
|
|t:|1776321115
|switch|p1a: FROG|Politoed, M, shiny|100/100
|-weather|RainDance|[from] ability: Drizzle|[of] p1a: FROG
|turn|12
|
|t:|1776321123
|move|p2a: Iron Moth|Sludge Wave|p1a: FROG
|-damage|p1a: FROG|24/100
|move|p1a: FROG|Hydro Pump|p2a: Iron Moth|[miss]
|-miss|p1a: FROG|p2a: Iron Moth
|
|-weather|RainDance|[upkeep]
|upkeep
|turn|13
|
|t:|1776321131
|move|p2a: Iron Moth|Sludge Wave|p1a: FROG
|-damage|p1a: FROG|0 fnt
|faint|p1a: FROG
|
|-weather|RainDance|[upkeep]
|upkeep
|
|t:|1776321138
|switch|p1a: Javelin|Barraskewda, F|100/100
|turn|14
|
|t:|1776321142
|move|p1a: Javelin|Liquidation|p2a: Iron Moth
|-supereffective|p2a: Iron Moth
|-damage|p2a: Iron Moth|0 fnt
|faint|p2a: Iron Moth
|-end|p2a: Iron Moth|Quark Drive|[silent]
|
|-weather|RainDance|[upkeep]
|upkeep
|
|t:|1776321146
|switch|p2a: Quaquaval|Quaquaval, M|2/100 psn
|turn|15
|
|t:|1776321152
|move|p1a: Javelin|Liquidation|p2a: Quaquaval
|-resisted|p2a: Quaquaval
|-damage|p2a: Quaquaval|0 fnt
|faint|p2a: Quaquaval
|
|-weather|RainDance|[upkeep]
|upkeep
|
|t:|1776321156
|switch|p2a: Moltres|Moltres-Galar|100/100
|turn|16
|
|t:|1776321163
|move|p1a: Javelin|Liquidation|p2a: Moltres
|-damage|p2a: Moltres|0 fnt
|faint|p2a: Moltres
|
|-weather|RainDance|[upkeep]
|upkeep
|
|t:|1776321170
|switch|p2a: Ogerpon|Ogerpon, F|100/100
|-status|p2a: Ogerpon|psn
|turn|17
|
|t:|1776321175
|switch|p1a: Scissoring ;)|Scizor, M|100/100
|move|p2a: Ogerpon|Spiky Shield||[still]
|-fail|p2a: Ogerpon
|
|-weather|RainDance|[upkeep]
|-damage|p2a: Ogerpon|88/100 psn|[from] psn
|upkeep
|turn|18
|
|t:|1776321184
|move|p2a: Ogerpon|Spiky Shield|p2a: Ogerpon
|-singleturn|p2a: Ogerpon|move: Protect
|move|p1a: Scissoring ;)|Lunge|p2a: Ogerpon
|-activate|p2a: Ogerpon|move: Protect
|-damage|p1a: Scissoring ;)|88/100|[from] Spiky Shield|[of] p2a: Ogerpon
|
|-weather|RainDance|[upkeep]
|-heal|p2a: Ogerpon|94/100 psn|[from] item: Leftovers
|-heal|p1a: Scissoring ;)|94/100|[from] item: Leftovers
|-damage|p2a: Ogerpon|82/100 psn|[from] psn
|upkeep
|turn|19
|
|t:|1776321195
|switch|p2a: Dragapult|Dragapult, F|100/100
|-status|p2a: Dragapult|psn
|move|p1a: Scissoring ;)|Lunge|p2a: Dragapult
|-resisted|p2a: Dragapult
|-damage|p2a: Dragapult|74/100 psn
|-unboost|p2a: Dragapult|atk|1
|
|-weather|none
|-heal|p1a: Scissoring ;)|99/100|[from] item: Leftovers
|-damage|p2a: Dragapult|62/100 psn|[from] psn
|upkeep
|turn|20
|-message|Alvisiio forfeited.
|
|win|Damolegend01
|raw|Damolegend01's rating: 1107 &rarr; <strong>1135</strong><br />(+28 for winning)
|raw|Alvisiio's rating: 1149 &rarr; <strong>1121</strong><br />(-28 for losing)
|l|☆Alvisiio
|player|p2|
