|html|<div class="broadcast-blue"><strong>[Gen 9] OU is currently suspecting Tera Blast! For information on how to participate check out the <a href="https://www.smogon.com/tools/suspects/view/200">suspect thread</a>.</strong></div>
|j|☆ir0nv4l14nt
|j|☆777nemesis
|t:|1776070664
|gametype|singles
|player|p1|ir0nv4l14nt|ethan|1392
|player|p2|777nemesis|benga|1399
|gen|9
|tier|[Gen 9] OU
|rated|
|rule|HP Percentage Mod: HP is shown in percentages
|rule|Endless Battle Clause: Forcing endless battles is banned
|rule|Species Clause: Limit one of each Pokémon
|rule|OHKO Clause: OHKO moves are banned
|rule|Evasion Items Clause: Evasion items are banned
|rule|Evasion Moves Clause: Evasion moves are banned
|rule|Evasion Abilities Clause: Evasion abilities are banned
|rule|Sleep Moves Clause: Sleep-inducing moves are banned
|clearpoke
|poke|p1|Tornadus-Therian, M|
|poke|p1|Kleavor, M|
|poke|p1|Great Tusk|
|poke|p1|Dragapult, M|
|poke|p1|Kingambit, F|
|poke|p1|Iron Moth|
|poke|p2|Ogerpon-Wellspring, F|
|poke|p2|Corviknight, F|
|poke|p2|Gliscor, M|
|poke|p2|Latias, F|
|poke|p2|Iron Crown|
|poke|p2|Garganacl, F|
|teampreview
|inactive|Battle timer is ON: inactive players will automatically lose when time's up. (requested by ir0nv4l14nt)
|j| ohko_smeargle
|
|t:|1776070689
|teamsize|p1|6
|teamsize|p2|6
|start
|switch|p1a: Kleavor|Kleavor, M|100/100
|switch|p2a: Corviknight|Corviknight, F|100/100
|-ability|p2a: Corviknight|Pressure
|turn|1
|
|t:|1776070691
|move|p1a: Kleavor|Stone Axe|p2a: Corviknight
|-damage|p2a: Corviknight|72/100
|-damage|p1a: Kleavor|84/100|[from] item: Rocky Helmet|[of] p2a: Corviknight
|-sidestart|p2: 777nemesis|move: Stealth Rock
|move|p2a: Corviknight|Brave Bird|p1a: Kleavor
|-damage|p1a: Kleavor|40/100
|-damage|p2a: Corviknight|61/100|[from] Recoil
|
|upkeep
|turn|2
|
|t:|1776070702
|switch|p1a: Kingambit|Kingambit, F|100/100
|move|p2a: Corviknight|Defog|p1a: Kingambit
|-unboost|p1a: Kingambit|evasion|1
|-sideend|p2: 777nemesis|Stealth Rock|[from] move: Defog|[of] p2a: Corviknight
|
|upkeep
|turn|3
|
|t:|1776070707
|move|p2a: Corviknight|Roost|p2a: Corviknight
|-heal|p2a: Corviknight|100/100
|-singleturn|p2a: Corviknight|move: Roost
|move|p1a: Kingambit|Swords Dance|p1a: Kingambit
|-boost|p1a: Kingambit|atk|2
|
|upkeep
|turn|4
|
|t:|1776070713
|move|p2a: Corviknight|U-turn|p1a: Kingambit
|-damage|p1a: Kingambit|91/100
|
|t:|1776070718
|switch|p2a: Garganacl|Garganacl, F|100/100|[from] U-turn
|move|p1a: Kingambit|Swords Dance|p1a: Kingambit
|-boost|p1a: Kingambit|atk|2
|
|upkeep
|turn|5
|
|t:|1776070725
|move|p1a: Kingambit|Iron Head|p2a: Garganacl
|-supereffective|p2a: Garganacl
|-damage|p2a: Garganacl|0 fnt
|faint|p2a: Garganacl
|-damage|p1a: Kingambit|81/100|[from] item: Life Orb
|
|upkeep
|inactive|777nemesis has 120 seconds left.
|
|t:|1776070756
|switch|p2a: Ogerpon|Ogerpon-Wellspring, F|100/100
|turn|6
|
|t:|1776070760
|move|p2a: Ogerpon|Encore|p1a: Kingambit
|-start|p1a: Kingambit|Encore
|move|p1a: Kingambit|Iron Head|p2a: Ogerpon
|-resisted|p2a: Ogerpon
|-damage|p2a: Ogerpon|0 fnt
|faint|p2a: Ogerpon
|-damage|p1a: Kingambit|71/100|[from] item: Life Orb
|
|upkeep
|
|t:|1776070764
|switch|p2a: Iron Crown|Iron Crown|100/100
|turn|7
|
|t:|1776070768
|move|p2a: Iron Crown|Focus Blast|p1a: Kingambit
|-supereffective|p1a: Kingambit
|-crit|p1a: Kingambit
|-damage|p1a: Kingambit|0 fnt
|faint|p1a: Kingambit
|-end|p1a: Kingambit|fallenundefined|[silent]
|
|upkeep
|
|t:|1776070775
|switch|p1a: Dragapult|Dragapult, M|100/100
|turn|8
|
|t:|1776070778
|-end|p2a: Iron Crown|Quark Drive|[silent]
|switch|p2a: Corviknight|Corviknight, F|100/100
|-ability|p2a: Corviknight|Pressure
|move|p1a: Dragapult|Shadow Ball|p2a: Corviknight
|-damage|p2a: Corviknight|51/100
|
|upkeep
|turn|9
|
|t:|1776070786
|move|p1a: Dragapult|Shadow Ball|p2a: Corviknight
|-damage|p2a: Corviknight|4/100
|move|p2a: Corviknight|Roost|p2a: Corviknight
|-heal|p2a: Corviknight|54/100
|-singleturn|p2a: Corviknight|move: Roost
|
|upkeep
|turn|10
|
|t:|1776070791
|move|p1a: Dragapult|Shadow Ball|p2a: Corviknight
|-damage|p2a: Corviknight|2/100
|-unboost|p2a: Corviknight|spd|1
|move|p2a: Corviknight|Roost|p2a: Corviknight
|-heal|p2a: Corviknight|52/100
|-singleturn|p2a: Corviknight|move: Roost
|
|upkeep
|turn|11
|
|t:|1776070806
|move|p1a: Dragapult|Shadow Ball|p2a: Corviknight
|-damage|p2a: Corviknight|0 fnt
|faint|p2a: Corviknight
|
|upkeep
|
|t:|1776070809
|switch|p2a: Gliscor|Gliscor, M|100/100
|turn|12
|
|t:|1776070811
|move|p2a: Gliscor|Protect|p2a: Gliscor
|-singleturn|p2a: Gliscor|Protect
|move|p1a: Dragapult|Shadow Ball|p2a: Gliscor
|-activate|p2a: Gliscor|move: Protect
|
|-status|p2a: Gliscor|tox|[from] item: Toxic Orb
|upkeep
|turn|13
|
|t:|1776070817
|-terastallize|p2a: Gliscor|Normal
|move|p1a: Dragapult|Shadow Ball|p2a: Gliscor
|-immune|p2a: Gliscor
|move|p2a: Gliscor|Swords Dance|p2a: Gliscor
|-boost|p2a: Gliscor|atk|2
|
|upkeep
|turn|14
|
|t:|1776070829
|switch|p1a: Tornadus|Tornadus-Therian, M|100/100
|move|p2a: Gliscor|Swords Dance|p2a: Gliscor
|-boost|p2a: Gliscor|atk|2
|
|upkeep
|turn|15
|
|t:|1776070834
|-terastallize|p1a: Tornadus|Fighting
|move|p1a: Tornadus|Focus Blast|p2a: Gliscor
|-supereffective|p2a: Gliscor
|-damage|p2a: Gliscor|13/100 tox
|move|p2a: Gliscor|Facade|p1a: Tornadus
|-damage|p1a: Tornadus|0 fnt
|faint|p1a: Tornadus
|
|-heal|p2a: Gliscor|25/100 tox|[from] ability: Poison Heal
|upkeep
|
|t:|1776070843
|switch|p1a: Dragapult|Dragapult, M|100/100
|turn|16
|
|t:|1776070845
|move|p2a: Gliscor|Protect|p2a: Gliscor
|-singleturn|p2a: Gliscor|Protect
|move|p1a: Dragapult|Flamethrower|p2a: Gliscor
|-activate|p2a: Gliscor|move: Protect
|
|-heal|p2a: Gliscor|38/100 tox|[from] ability: Poison Heal
|upkeep
|turn|17
|
|t:|1776070852
|move|p1a: Dragapult|Flamethrower|p2a: Gliscor
|-damage|p2a: Gliscor|7/100 tox
|move|p2a: Gliscor|Knock Off|p1a: Dragapult
|-supereffective|p1a: Dragapult
|-damage|p1a: Dragapult|0 fnt
|-enditem|p1a: Dragapult|Choice Specs|[from] move: Knock Off|[of] p2a: Gliscor
|faint|p1a: Dragapult
|
|-heal|p2a: Gliscor|19/100 tox|[from] ability: Poison Heal
|upkeep
|
|t:|1776070858
|switch|p1a: Iron Moth|Iron Moth|100/100
|-enditem|p1a: Iron Moth|Booster Energy
|-activate|p1a: Iron Moth|ability: Quark Drive|[fromitem]
|-start|p1a: Iron Moth|quarkdrivespe
|turn|18
|
|t:|1776070864
|move|p1a: Iron Moth|Fiery Dance|p2a: Gliscor
|-damage|p2a: Gliscor|0 fnt
|-boost|p1a: Iron Moth|spa|1
|faint|p2a: Gliscor
|
|upkeep
|
|t:|1776070867
|switch|p2a: Latias|Latias, F|100/100
|turn|19
|
|t:|1776070874
|move|p1a: Iron Moth|Sludge Wave|p2a: Latias
|-damage|p2a: Latias|49/100
|move|p2a: Latias|Agility|p2a: Latias
|-boost|p2a: Latias|spe|2
|
|upkeep
|turn|20
|
|t:|1776070880
|move|p2a: Latias|Calm Mind|p2a: Latias
|-boost|p2a: Latias|spa|1
|-boost|p2a: Latias|spd|1
|move|p1a: Iron Moth|Sludge Wave|p2a: Latias
|-damage|p2a: Latias|14/100
|
|upkeep
|turn|21
|
|t:|1776070893
|move|p2a: Latias|Stored Power|p1a: Iron Moth
|-supereffective|p1a: Iron Moth
|-damage|p1a: Iron Moth|2/100
|move|p1a: Iron Moth|Fiery Dance|p2a: Latias
|-resisted|p2a: Latias
|-damage|p2a: Latias|0 fnt
|faint|p2a: Latias
|
|upkeep
|-message|777nemesis forfeited.
|
|win|ir0nv4l14nt
|raw|ir0nv4l14nt's rating: 1392 &rarr; <strong>1412</strong><br />(+20 for winning)
|raw|777nemesis's rating: 1399 &rarr; <strong>1379</strong><br />(-20 for losing)
|l|☆777nemesis
|player|p2|
|l| ohko_smeargle
|l|☆ir0nv4l14nt
|player|p1|
