|html|<div class="broadcast-blue"><strong>[Gen 9] OU is currently suspecting Tera Blast! For information on how to participate check out the <a href="https://www.smogon.com/tools/suspects/view/200">suspect thread</a>.</strong></div>
|j|☆breloomassassin
|j|☆pokemonkorea co kr
|t:|1776322030
|gametype|singles
|player|p1|breloomassassin|1|1368
|player|p2|pokemonkorea co kr|#bltxrufflets|1363
|gen|9
|tier|[Gen 9] OU
|rated|
|rule|HP Percentage Mod: HP is shown in percentages
|rule|Endless Battle Clause: Forcing endless battles is banned
|rule|Species Clause: Limit one of each Pokémon
|rule|OHKO Clause: OHKO moves are banned
|rule|Evasion Items Clause: Evasion items are banned
|rule|Evasion Moves Clause: Evasion moves are banned
|rule|Evasion Abilities Clause: Evasion abilities are banned
|rule|Sleep Moves Clause: Sleep-inducing moves are banned
|clearpoke
|poke|p1|Tornadus-Therian, M|
|poke|p1|Kyurem|
|poke|p1|Hatterene, F|
|poke|p1|Great Tusk|
|poke|p1|Cinderace, M|
|poke|p1|Kingambit, M|
|poke|p2|Deoxys-Speed|
|poke|p2|Azumarill, M|
|poke|p2|Haxorus, F|
|poke|p2|Rotom-Heat|
|poke|p2|Mimikyu, F|
|poke|p2|Great Tusk|
|teampreview
|inactive|Battle timer is ON: inactive players will automatically lose when time's up. (requested by breloomassassin)
|
|t:|1776322040
|teamsize|p1|6
|teamsize|p2|6
|start
|switch|p1a: Tornadus|Tornadus-Therian, M|100/100
|switch|p2a: Deoxys|Deoxys-Speed|100/100
|-ability|p2a: Deoxys|Pressure
|turn|1
|
|t:|1776322047
|move|p2a: Deoxys|Psycho Boost|p1a: Tornadus
|-damage|p1a: Tornadus|72/100
|-unboost|p2a: Deoxys|spa|2
|move|p1a: Tornadus|Knock Off|p2a: Deoxys
|-supereffective|p2a: Deoxys
|-damage|p2a: Deoxys|52/100
|-enditem|p2a: Deoxys|Focus Sash|[from] move: Knock Off|[of] p1a: Tornadus
|
|upkeep
|turn|2
|
|t:|1776322055
|move|p2a: Deoxys|Stealth Rock|p1a: Tornadus
|-sidestart|p1: breloomassassin|move: Stealth Rock
|move|p1a: Tornadus|U-turn|p2a: Deoxys
|-supereffective|p2a: Deoxys
|-damage|p2a: Deoxys|15/100
|
|t:|1776322056
|switch|p1a: Great Tusk|Great Tusk|100/100|[from] U-turn
|-damage|p1a: Great Tusk|98/100|[from] Stealth Rock
|
|upkeep
|turn|3
|
|t:|1776322064
|move|p2a: Deoxys|Psycho Boost|p1a: Great Tusk
|-supereffective|p1a: Great Tusk
|-damage|p1a: Great Tusk|33/100
|-unboost|p2a: Deoxys|spa|2
|move|p1a: Great Tusk|Ice Spinner|p2a: Deoxys
|-damage|p2a: Deoxys|0 fnt
|faint|p2a: Deoxys
|
|upkeep
|
|t:|1776322092
|switch|p2a: Haxorus|Haxorus, F|100/100
|-ability|p2a: Haxorus|Mold Breaker
|turn|4
|
|t:|1776322094
|move|p2a: Haxorus|Scale Shot|p1a: Great Tusk
|-crit|p1a: Great Tusk
|-damage|p1a: Great Tusk|20/100
|-damage|p1a: Great Tusk|11/100
|-damage|p1a: Great Tusk|3/100
|-damage|p1a: Great Tusk|0 fnt
|faint|p1a: Great Tusk
|-end|p1a: Great Tusk|Protosynthesis|[silent]
|-hitcount|p1: Great Tusk|4
|-unboost|p2a: Haxorus|def|1
|-boost|p2a: Haxorus|spe|1
|
|upkeep
|
|t:|1776322100
|switch|p1a: Hatterene|Hatterene, F|100/100
|-damage|p1a: Hatterene|88/100|[from] Stealth Rock
|turn|5
|
|t:|1776322107
|switch|p2a: Rotom|Rotom-Heat|100/100
|move|p1a: Hatterene|Draining Kiss|p2a: Rotom
|-resisted|p2a: Rotom
|-damage|p2a: Rotom|85/100
|-heal|p1a: Hatterene|97/100|[from] drain|[of] p2a: Rotom
|
|-heal|p1a: Hatterene|100/100|[from] item: Leftovers
|upkeep
|turn|6
|
|t:|1776322112
|move|p2a: Rotom|Nasty Plot|p2a: Rotom
|-boost|p2a: Rotom|spa|2
|move|p1a: Hatterene|Nuzzle|p2a: Rotom
|-resisted|p2a: Rotom
|-damage|p2a: Rotom|82/100
|
|upkeep
|turn|7
|
|t:|1776322121
|move|p2a: Rotom|Substitute|p2a: Rotom
|-start|p2a: Rotom|Substitute
|-damage|p2a: Rotom|57/100
|move|p1a: Hatterene|Psychic Noise|p2a: Rotom
|-damage|p2a: Rotom|11/100
|-start|p2a: Rotom|move: Heal Block
|
|upkeep
|turn|8
|
|t:|1776322128
|move|p2a: Rotom|Overheat|p1a: Hatterene
|-damage|p1a: Hatterene|0 fnt
|-unboost|p2a: Rotom|spa|2
|faint|p1a: Hatterene
|
|-end|p2a: Rotom|move: Heal Block
|upkeep
|
|t:|1776322144
|switch|p1a: Cinderace|Cinderace, M|100/100
|turn|9
|
|t:|1776322148
|move|p1a: Cinderace|Court Change|p1a: Cinderace
|-start|p1a: Cinderace|typechange|Normal|[from] ability: Libero
|-swapsideconditions
|-activate|p1a: Cinderace|move: Court Change
|move|p2a: Rotom|Thunderbolt|p1a: Cinderace
|-damage|p1a: Cinderace|41/100
|
|upkeep
|turn|10
|
|t:|1776322153
|move|p1a: Cinderace|Pyro Ball|p2a: Rotom
|-resisted|p2a: Rotom
|-end|p2a: Rotom|Substitute
|move|p2a: Rotom|Thunderbolt|p1a: Cinderace
|-damage|p1a: Cinderace|0 fnt
|faint|p1a: Cinderace
|
|upkeep
|
|t:|1776322158
|switch|p1a: Tornadus|Tornadus-Therian, M|100/100
|turn|11
|
|t:|1776322162
|move|p1a: Tornadus|Knock Off|p2a: Rotom
|-damage|p2a: Rotom|0 fnt
|-enditem|p2a: Rotom|Heavy-Duty Boots|[from] move: Knock Off|[of] p1a: Tornadus
|faint|p2a: Rotom
|
|upkeep
|
|t:|1776322170
|switch|p2a: Haxorus|Haxorus, F|100/100
|-damage|p2a: Haxorus|88/100|[from] Stealth Rock
|-ability|p2a: Haxorus|Mold Breaker
|turn|12
|
|t:|1776322174
|move|p1a: Tornadus|Bleakwind Storm|p2a: Haxorus
|-damage|p2a: Haxorus|32/100
|move|p2a: Haxorus|Scale Shot|p1a: Tornadus
|-damage|p1a: Tornadus|84/100
|-damage|p1a: Tornadus|66/100
|-damage|p1a: Tornadus|49/100
|-damage|p1a: Tornadus|31/100
|-damage|p1a: Tornadus|12/100
|-hitcount|p1a: Tornadus|5
|-unboost|p2a: Haxorus|def|1
|-boost|p2a: Haxorus|spe|1
|
|upkeep
|turn|13
|
|t:|1776322185
|move|p2a: Haxorus|Close Combat|p1a: Tornadus
|-resisted|p1a: Tornadus
|-damage|p1a: Tornadus|0 fnt
|-unboost|p2a: Haxorus|def|1
|-unboost|p2a: Haxorus|spd|1
|faint|p1a: Tornadus
|
|upkeep
|
|t:|1776322189
|switch|p1a: Kingambit|Kingambit, M, shiny|100/100
|-activate|p1a: Kingambit|ability: Supreme Overlord
|-start|p1a: Kingambit|fallen4|[silent]
|turn|14
|
|t:|1776322192
|switch|p2a: Great Tusk|Great Tusk|100/100
|-damage|p2a: Great Tusk|98/100|[from] Stealth Rock
|-enditem|p2a: Great Tusk|Booster Energy
|-activate|p2a: Great Tusk|ability: Protosynthesis|[fromitem]
|-start|p2a: Great Tusk|protosynthesisatk
|move|p1a: Kingambit|Sucker Punch||[still]
|-fail|p1a: Kingambit
|
|upkeep
|turn|15
|
|t:|1776322202
|-end|p1a: Kingambit|fallen4|[silent]
|switch|p1a: Kyurem|Kyurem|100/100
|-ability|p1a: Kyurem|Pressure
|move|p2a: Great Tusk|Close Combat|p1a: Kyurem
|-supereffective|p1a: Kyurem
|-damage|p1a: Kyurem|0 fnt
|-unboost|p2a: Great Tusk|def|1
|-unboost|p2a: Great Tusk|spd|1
|faint|p1a: Kyurem
|
|upkeep
|
|t:|1776322204
|switch|p1a: Kingambit|Kingambit, M, shiny|100/100
|-activate|p1a: Kingambit|ability: Supreme Overlord
|-start|p1a: Kingambit|fallen5|[silent]
|turn|16
|
|t:|1776322206
|-terastallize|p1a: Kingambit|Fairy
|move|p2a: Great Tusk|Headlong Rush|p1a: Kingambit
|-damage|p1a: Kingambit|38/100
|-unboost|p2a: Great Tusk|def|1
|-unboost|p2a: Great Tusk|spd|1
|move|p1a: Kingambit|Swords Dance|p1a: Kingambit
|-boost|p1a: Kingambit|atk|2
|
|-heal|p1a: Kingambit|44/100|[from] item: Leftovers
|upkeep
|turn|17
|
|t:|1776322213
|-end|p2a: Great Tusk|Protosynthesis|[silent]
|switch|p2a: Haxorus|Haxorus, F|32/100
|-damage|p2a: Haxorus|20/100|[from] Stealth Rock
|-ability|p2a: Haxorus|Mold Breaker
|move|p1a: Kingambit|Sucker Punch||[still]
|-fail|p1a: Kingambit
|
|-heal|p1a: Kingambit|50/100|[from] item: Leftovers
|upkeep
|turn|18
|
|t:|1776322216
|move|p1a: Kingambit|Sucker Punch|p2a: Haxorus
|-damage|p2a: Haxorus|0 fnt
|faint|p2a: Haxorus
|
|-heal|p1a: Kingambit|56/100|[from] item: Leftovers
|upkeep
|
|t:|1776322219
|switch|p2a: Great Tusk|Great Tusk|98/100
|-damage|p2a: Great Tusk|95/100|[from] Stealth Rock
|turn|19
|
|t:|1776322227
|move|p2a: Great Tusk|Headlong Rush|p1a: Kingambit
|-damage|p1a: Kingambit|7/100
|-unboost|p2a: Great Tusk|def|1
|-unboost|p2a: Great Tusk|spd|1
|move|p1a: Kingambit|Tera Blast|p2a: Great Tusk|[anim] Tera Blast Fairy
|-supereffective|p2a: Great Tusk
|-damage|p2a: Great Tusk|0 fnt
|faint|p2a: Great Tusk
|-end|p2a: Great Tusk|Protosynthesis|[silent]
|
|-heal|p1a: Kingambit|13/100|[from] item: Leftovers
|upkeep
|
|t:|1776322231
|switch|p2a: Mimikyu|Mimikyu, F|100/100
|-damage|p2a: Mimikyu|88/100|[from] Stealth Rock
|turn|20
|
|t:|1776322233
|-terastallize|p2a: Mimikyu|Ghost
|move|p2a: Mimikyu|Shadow Sneak|p1a: Kingambit
|-damage|p1a: Kingambit|0 fnt
|faint|p1a: Kingambit
|-end|p1a: Kingambit|fallen5|[silent]
|-damage|p2a: Mimikyu|78/100|[from] item: Life Orb
|
|win|pokemonkorea co kr
|raw|breloomassassin's rating: 1368 &rarr; <strong>1348</strong><br />(-20 for losing)
|raw|pokemonkorea co kr's rating: 1363 &rarr; <strong>1383</strong><br />(+20 for winning)
|l|☆breloomassassin
|player|p1|
