|html|<div class="broadcast-blue"><strong>[Gen 9] OU is currently suspecting Tera Blast! For information on how to participate check out the <a href="https://www.smogon.com/tools/suspects/view/200">suspect thread</a>.</strong></div>
|j|☆Roguerillah
|j|☆mick0905
|t:|1776058804
|gametype|singles
|player|p1|Roguerillah|pokemonranger-gen4|1027
|player|p2|mick0905|265|1028
|gen|9
|tier|[Gen 9] OU
|rated|
|rule|HP Percentage Mod: HP is shown in percentages
|rule|Endless Battle Clause: Forcing endless battles is banned
|rule|Species Clause: Limit one of each Pokémon
|rule|OHKO Clause: OHKO moves are banned
|rule|Evasion Items Clause: Evasion items are banned
|rule|Evasion Moves Clause: Evasion moves are banned
|rule|Evasion Abilities Clause: Evasion abilities are banned
|rule|Sleep Moves Clause: Sleep-inducing moves are banned
|clearpoke
|poke|p1|Toxicroak, F|
|poke|p1|Zoroark, M|
|poke|p1|Kingambit, F|
|poke|p1|Araquanid, F|
|poke|p1|Noivern, F|
|poke|p1|Magnezone|
|poke|p2|Tyranitar, M|
|poke|p2|Excadrill, F|
|poke|p2|Great Tusk|
|poke|p2|Gholdengo|
|poke|p2|Gastrodon, M|
|poke|p2|Lycanroc, F|
|teampreview
|
|t:|1776058817
|teamsize|p1|6
|teamsize|p2|6
|start
|switch|p1a: Araquanid|Araquanid, F|100/100
|switch|p2a: Tyranitar|Tyranitar, M, shiny|100/100
|-weather|Sandstorm|[from] ability: Sand Stream|[of] p2a: Tyranitar
|turn|1
|
|t:|1776058830
|move|p1a: Araquanid|Sticky Web|p2a: Tyranitar
|-sidestart|p2: mick0905|move: Sticky Web
|move|p2a: Tyranitar|Knock Off|p1a: Araquanid
|-damage|p1a: Araquanid|28/100
|-enditem|p1a: Araquanid|Focus Sash|[from] move: Knock Off|[of] p2a: Tyranitar
|
|-weather|Sandstorm|[upkeep]
|-damage|p1a: Araquanid|22/100|[from] Sandstorm
|upkeep
|turn|2
|
|t:|1776058840
|move|p1a: Araquanid|Liquidation|p2a: Tyranitar
|-supereffective|p2a: Tyranitar
|-damage|p2a: Tyranitar|2/100
|-enditem|p2a: Tyranitar|Weakness Policy
|-boost|p2a: Tyranitar|atk|2|[from] item: Weakness Policy
|-boost|p2a: Tyranitar|spa|2|[from] item: Weakness Policy
|move|p2a: Tyranitar|Rock Slide|p1a: Araquanid
|-supereffective|p1a: Araquanid
|-damage|p1a: Araquanid|0 fnt
|faint|p1a: Araquanid
|
|-weather|Sandstorm|[upkeep]
|upkeep
|
|t:|1776058858
|switch|p1a: Noivern|Noivern, F|100/100
|turn|3
|
|t:|1776058866
|switch|p2a: Great Tusk|Great Tusk|100/100
|-activate|p2a: Great Tusk|move: Sticky Web
|-unboost|p2a: Great Tusk|spe|1
|-enditem|p2a: Great Tusk|Booster Energy
|-activate|p2a: Great Tusk|ability: Protosynthesis|[fromitem]
|-start|p2a: Great Tusk|protosynthesisatk
|move|p1a: Noivern|Air Slash|p2a: Great Tusk
|-supereffective|p2a: Great Tusk
|-crit|p2a: Great Tusk
|-damage|p2a: Great Tusk|0 fnt
|faint|p2a: Great Tusk
|-end|p2a: Great Tusk|Protosynthesis|[silent]
|
|-weather|Sandstorm|[upkeep]
|-damage|p1a: Noivern|94/100|[from] Sandstorm
|upkeep
|
|t:|1776058879
|switch|p2a: Lycanroc|Lycanroc, F, shiny|100/100
|-activate|p2a: Lycanroc|move: Sticky Web
|-fail|p2a: Lycanroc|unboost|[from] item: Clear Amulet|[of] p2a: Lycanroc
|turn|4
|
|t:|1776058885
|move|p2a: Lycanroc|Play Rough|p1a: Noivern
|-supereffective|p1a: Noivern
|-damage|p1a: Noivern|24/100
|move|p1a: Noivern|Tailwind|p1a: Noivern
|-sidestart|p1: Roguerillah|move: Tailwind
|
|-weather|Sandstorm|[upkeep]
|-damage|p1a: Noivern|18/100|[from] Sandstorm
|upkeep
|turn|5
|
|t:|1776058895
|move|p2a: Lycanroc|Accelerock|p1a: Noivern
|-supereffective|p1a: Noivern
|-crit|p1a: Noivern
|-damage|p1a: Noivern|0 fnt
|faint|p1a: Noivern
|
|-weather|none
|upkeep
|
|t:|1776058906
|switch|p1a: Toxicroak|Toxicroak, F|100/100
|turn|6
|
|t:|1776058912
|move|p2a: Lycanroc|Protect|p2a: Lycanroc
|-singleturn|p2a: Lycanroc|Protect
|move|p1a: Toxicroak|Drain Punch|p2a: Lycanroc
|-activate|p2a: Lycanroc|move: Protect
|
|upkeep
|turn|7
|
|t:|1776058926
|switch|p2a: Gholdengo|Gholdengo|100/100
|-activate|p2a: Gholdengo|move: Sticky Web
|-unboost|p2a: Gholdengo|spe|1
|move|p1a: Toxicroak|Drain Punch|p2a: Gholdengo
|-immune|p2a: Gholdengo
|
|-sideend|p1: Roguerillah|move: Tailwind
|upkeep
|turn|8
|
|t:|1776058938
|move|p1a: Toxicroak|Knock Off|p2a: Gholdengo
|-supereffective|p2a: Gholdengo
|-damage|p2a: Gholdengo|38/100
|-enditem|p2a: Gholdengo|Life Orb|[from] move: Knock Off|[of] p1a: Toxicroak
|move|p2a: Gholdengo|Nasty Plot|p2a: Gholdengo
|-boost|p2a: Gholdengo|spa|2
|
|upkeep
|turn|9
|
|t:|1776058958
|switch|p2a: Tyranitar|Tyranitar, M, shiny|2/100
|-activate|p2a: Tyranitar|move: Sticky Web
|-unboost|p2a: Tyranitar|spe|1
|-weather|Sandstorm|[from] ability: Sand Stream|[of] p2a: Tyranitar
|move|p1a: Toxicroak|Knock Off|p2a: Tyranitar
|-resisted|p2a: Tyranitar
|-damage|p2a: Tyranitar|0 fnt
|faint|p2a: Tyranitar
|
|-weather|Sandstorm|[upkeep]
|-damage|p1a: Toxicroak|94/100|[from] Sandstorm
|-heal|p1a: Toxicroak|100/100|[from] item: Black Sludge
|upkeep
|
|t:|1776058972
|switch|p2a: Excadrill|Excadrill, F|100/100
|-activate|p2a: Excadrill|move: Sticky Web
|-unboost|p2a: Excadrill|spe|1
|turn|10
|
|t:|1776058977
|move|p2a: Excadrill|Earthquake|p1a: Toxicroak
|-supereffective|p1a: Toxicroak
|-damage|p1a: Toxicroak|0 fnt
|faint|p1a: Toxicroak
|-damage|p2a: Excadrill|91/100|[from] item: Life Orb
|
|-weather|Sandstorm|[upkeep]
|upkeep
|
|t:|1776058988
|switch|p1a: Kingambit|Kingambit, F|100/100
|turn|11
|
|t:|1776058997
|move|p2a: Excadrill|Swords Dance|p2a: Excadrill
|-boost|p2a: Excadrill|atk|2
|move|p1a: Kingambit|Focus Blast|p2a: Excadrill
|-supereffective|p2a: Excadrill
|-damage|p2a: Excadrill|0 fnt
|faint|p2a: Excadrill
|-damage|p1a: Kingambit|91/100|[from] item: Life Orb
|
|-weather|Sandstorm|[upkeep]
|-damage|p1a: Kingambit|84/100|[from] Sandstorm
|upkeep
|
|t:|1776059011
|switch|p2a: Lycanroc|Lycanroc, F, shiny|100/100
|-activate|p2a: Lycanroc|move: Sticky Web
|-fail|p2a: Lycanroc|unboost|[from] item: Clear Amulet|[of] p2a: Lycanroc
|turn|12
|
|t:|1776059017
|move|p2a: Lycanroc|Protect|p2a: Lycanroc
|-singleturn|p2a: Lycanroc|Protect
|move|p1a: Kingambit|Focus Blast|p2a: Lycanroc
|-activate|p2a: Lycanroc|move: Protect
|
|-weather|Sandstorm|[upkeep]
|-damage|p1a: Kingambit|78/100|[from] Sandstorm
|upkeep
|turn|13
|
|t:|1776059028
|move|p2a: Lycanroc|Play Rough|p1a: Kingambit
|-supereffective|p1a: Kingambit
|-crit|p1a: Kingambit
|-damage|p1a: Kingambit|0 fnt
|replace|p1a: Zoroark|Zoroark, M
|-end|p1a: Zoroark|Illusion
|faint|p1a: Zoroark
|
|-weather|none
|upkeep
|
|t:|1776059040
|switch|p1a: Magnezone|Magnezone|100/100
|turn|14
|
|t:|1776059049
|move|p2a: Lycanroc|Rock Slide|p1a: Magnezone
|-resisted|p1a: Magnezone
|-damage|p1a: Magnezone|78/100
|move|p1a: Magnezone|Flash Cannon|p2a: Lycanroc
|-supereffective|p2a: Lycanroc
|-damage|p2a: Lycanroc|0 fnt
|faint|p2a: Lycanroc
|
|upkeep
|
|t:|1776059057
|switch|p2a: Gastrodon|Gastrodon, M|100/100
|-activate|p2a: Gastrodon|move: Sticky Web
|-unboost|p2a: Gastrodon|spe|1
|turn|15
|
|t:|1776059067
|move|p1a: Magnezone|Flash Cannon|p2a: Gastrodon
|-resisted|p2a: Gastrodon
|-damage|p2a: Gastrodon|69/100
|move|p2a: Gastrodon|Surf|p1a: Magnezone
|-crit|p1a: Magnezone
|-damage|p1a: Magnezone|0 fnt
|faint|p1a: Magnezone
|
|upkeep
|
|t:|1776059074
|switch|p1a: Kingambit|Kingambit, F|100/100
|-activate|p1a: Kingambit|ability: Supreme Overlord
|-start|p1a: Kingambit|fallen5|[silent]
|turn|16
|
|t:|1776059085
|move|p1a: Kingambit|Swords Dance|p1a: Kingambit
|-boost|p1a: Kingambit|atk|2
|move|p2a: Gastrodon|Recover|p2a: Gastrodon
|-heal|p2a: Gastrodon|100/100
|
|upkeep
|turn|17
|
|t:|1776059093
|move|p1a: Kingambit|Kowtow Cleave|p2a: Gastrodon
|-damage|p2a: Gastrodon|0 fnt
|-damage|p1a: Kingambit|84/100|[from] item: Rocky Helmet|[of] p2a: Gastrodon
|faint|p2a: Gastrodon
|
|-heal|p1a: Kingambit|90/100|[from] item: Leftovers
|upkeep
|
|t:|1776059101
|switch|p2a: Gholdengo|Gholdengo|38/100
|-activate|p2a: Gholdengo|move: Sticky Web
|-unboost|p2a: Gholdengo|spe|1
|turn|18
|
|t:|1776059109
|-terastallize|p2a: Gholdengo|Steel
|move|p2a: Gholdengo|Dazzling Gleam|p1a: Kingambit
|-damage|p1a: Kingambit|63/100
|move|p1a: Kingambit|Kowtow Cleave|p2a: Gholdengo
|-damage|p2a: Gholdengo|0 fnt
|faint|p2a: Gholdengo
|
|win|Roguerillah
|raw|Roguerillah's rating: 1027 &rarr; <strong>1063</strong><br />(+36 for winning)
|raw|mick0905's rating: 1028 &rarr; <strong>1014</strong><br />(-14 for losing)
|c|☆Roguerillah|gg
|l|☆mick0905
|player|p2|
