|html|<div class="broadcast-blue"><strong>[Gen 9] OU is currently suspecting Tera Blast! For information on how to participate check out the <a href="https://www.smogon.com/tools/suspects/view/200">suspect thread</a>.</strong></div>
|j|☆Pearl Loose
|j|☆CilenTreeco
|t:|1776091584
|gametype|singles
|player|p1|Pearl Loose|1|1267
|player|p2|CilenTreeco|101|1226
|gen|9
|tier|[Gen 9] OU
|rated|
|rule|HP Percentage Mod: HP is shown in percentages
|rule|Endless Battle Clause: Forcing endless battles is banned
|rule|Species Clause: Limit one of each Pokémon
|rule|OHKO Clause: OHKO moves are banned
|rule|Evasion Items Clause: Evasion items are banned
|rule|Evasion Moves Clause: Evasion moves are banned
|rule|Evasion Abilities Clause: Evasion abilities are banned
|rule|Sleep Moves Clause: Sleep-inducing moves are banned
|clearpoke
|poke|p1|Tornadus-Therian, M|
|poke|p1|Alomomola, M|
|poke|p1|Overqwil, F|
|poke|p1|Toxicroak, F|
|poke|p1|Gliscor, F|
|poke|p1|Maushold-Four|
|poke|p2|Quaquaval, F|
|poke|p2|Sinistcha-Masterpiece|
|poke|p2|Armarouge, F|
|poke|p2|Goodra-Hisui, M|
|poke|p2|Enamorus, F|
|poke|p2|Persian, F|
|teampreview
|
|t:|1776091589
|teamsize|p1|6
|teamsize|p2|6
|start
|switch|p1a: Alomomola|Alomomola, M|100/100
|switch|p2a: Persian|Persian, F, shiny|100/100
|turn|1
|
|t:|1776091595
|move|p2a: Persian|Switcheroo|p1a: Alomomola
|-activate|p2a: Persian|move: Trick|[of] p1a: Alomomola
|-item|p1a: Alomomola|Choice Scarf|[from] move: Switcheroo
|-item|p2a: Persian|Light Clay|[from] move: Switcheroo
|move|p1a: Alomomola|Light Screen|p1a: Alomomola
|-sidestart|p1: Pearl Loose|move: Light Screen
|
|upkeep
|turn|2
|
|t:|1776091602
|switch|p1a: Tornadus|Tornadus-Therian, M|100/100
|move|p2a: Persian|Taunt|p1a: Tornadus
|-start|p1a: Tornadus|move: Taunt
|
|upkeep
|turn|3
|
|t:|1776091610
|move|p1a: Tornadus|Focus Blast|p2a: Persian
|-supereffective|p2a: Persian
|-damage|p2a: Persian|28/100
|move|p2a: Persian|Thunder Wave|p1a: Tornadus
|-status|p1a: Tornadus|par
|
|upkeep
|turn|4
|
|t:|1776091618
|move|p2a: Persian|U-turn|p1a: Tornadus
|-resisted|p1a: Tornadus
|-crit|p1a: Tornadus
|-damage|p1a: Tornadus|93/100 par
|
|t:|1776091626
|switch|p2a: Goodra|Goodra-Hisui, M, shiny|100/100|[from] U-turn
|move|p1a: Tornadus|Hurricane|p2a: Goodra
|-resisted|p2a: Goodra
|-damage|p2a: Goodra|93/100
|-start|p2a: Goodra|confusion
|
|-end|p1a: Tornadus|move: Taunt
|upkeep
|turn|5
|
|t:|1776091640
|-activate|p2a: Goodra|confusion
|-damage|p2a: Goodra|83/100|[from] confusion
|move|p1a: Tornadus|Rain Dance|p1a: Tornadus
|-weather|RainDance
|
|-weather|RainDance|[upkeep]
|-sideend|p1: Pearl Loose|move: Light Screen
|upkeep
|turn|6
|
|t:|1776091647
|switch|p1a: Toxicroak|Toxicroak, F|100/100
|-activate|p2a: Goodra|confusion
|move|p2a: Goodra|Dragon Tail|p1a: Toxicroak
|-damage|p1a: Toxicroak|82/100
|drag|p1a: Tornadus|Tornadus-Therian, M|100/100 par
|
|-weather|RainDance|[upkeep]
|upkeep
|turn|7
|
|t:|1776091656
|-activate|p2a: Goodra|confusion
|move|p2a: Goodra|Breaking Swipe|p1a: Tornadus
|-damage|p1a: Tornadus|81/100 par
|-unboost|p1a: Tornadus|atk|1
|move|p1a: Tornadus|Nasty Plot|p1a: Tornadus
|-boost|p1a: Tornadus|spa|2
|
|-weather|RainDance|[upkeep]
|upkeep
|turn|8
|
|t:|1776091666
|move|p1a: Tornadus|Focus Blast|p2a: Goodra
|-supereffective|p2a: Goodra
|-damage|p2a: Goodra|39/100
|-unboost|p2a: Goodra|spd|1
|-end|p2a: Goodra|confusion
|move|p2a: Goodra|Dragon Tail|p1a: Tornadus
|-damage|p1a: Tornadus|63/100 par
|drag|p1a: Toxicroak|Toxicroak, F|82/100
|
|-weather|RainDance|[upkeep]
|-heal|p1a: Toxicroak|94/100|[from] ability: Dry Skin
|-heal|p1a: Toxicroak|100/100|[from] item: Leftovers
|upkeep
|turn|9
|
|t:|1776091680
|move|p1a: Toxicroak|Vacuum Wave|p2a: Goodra
|-supereffective|p2a: Goodra
|-damage|p2a: Goodra|26/100
|move|p2a: Goodra|Breaking Swipe|p1a: Toxicroak
|-damage|p1a: Toxicroak|82/100
|-unboost|p1a: Toxicroak|atk|1
|
|-weather|RainDance|[upkeep]
|-heal|p1a: Toxicroak|95/100|[from] ability: Dry Skin
|-heal|p1a: Toxicroak|100/100|[from] item: Leftovers
|upkeep
|turn|10
|
|t:|1776091690
|move|p1a: Toxicroak|Vacuum Wave|p2a: Goodra
|-supereffective|p2a: Goodra
|-damage|p2a: Goodra|14/100
|move|p2a: Goodra|Dragon Tail|p1a: Toxicroak
|-damage|p1a: Toxicroak|82/100
|drag|p1a: Overqwil|Overqwil, F|100/100
|
|-weather|RainDance|[upkeep]
|upkeep
|turn|11
|
|t:|1776091699
|move|p1a: Overqwil|Crunch|p2a: Goodra
|-damage|p2a: Goodra|0 fnt
|faint|p2a: Goodra
|
|-weather|RainDance|[upkeep]
|upkeep
|
|t:|1776091706
|switch|p2a: Armarouge|Armarouge, F, shiny|100/100
|turn|12
|
|t:|1776091713
|-terastallize|p2a: Armarouge|Grass
|move|p1a: Overqwil|Aqua Tail|p2a: Armarouge
|-resisted|p2a: Armarouge
|-damage|p2a: Armarouge|76/100
|-ability|p2a: Armarouge|Weak Armor|boost
|-unboost|p2a: Armarouge|def|1
|-boost|p2a: Armarouge|spe|2
|move|p2a: Armarouge|Meteor Beam||[still]
|-prepare|p2a: Armarouge|Meteor Beam
|-boost|p2a: Armarouge|spa|1
|-enditem|p2a: Armarouge|Power Herb
|-anim|p2a: Armarouge|Meteor Beam|p1a: Overqwil
|-crit|p1a: Overqwil
|-damage|p1a: Overqwil|0 fnt
|faint|p1a: Overqwil
|
|-weather|none
|upkeep
|
|t:|1776091731
|switch|p1a: Alomomola|Alomomola, M|100/100
|turn|13
|
|t:|1776091736
|move|p2a: Armarouge|Tera Blast|p1a: Alomomola|[anim] Tera Blast Grass
|-supereffective|p1a: Alomomola
|-damage|p1a: Alomomola|0 fnt
|faint|p1a: Alomomola
|
|upkeep
|-message|Pearl Loose forfeited.
|
|win|CilenTreeco
|raw|Pearl Loose's rating: 1267 &rarr; <strong>1239</strong><br />(-28 for losing)
|raw|CilenTreeco's rating: 1226 &rarr; <strong>1254</strong><br />(+28 for winning)
|l|☆Pearl Loose
|player|p1|
|l|☆CilenTreeco
|player|p2|
