|html|<div class="broadcast-blue"><strong>[Gen 9] OU is currently suspecting Tera Blast! For information on how to participate check out the <a href="https://www.smogon.com/tools/suspects/view/200">suspect thread</a>.</strong></div>
|j|☆Dragonzord6
|j|‽Mossad Honeypot
|t:|1776105749
|gametype|singles
|player|p1|Dragonzord6|2|1509
|player|p2|Mossad Honeypot|fantina|1600
|gen|9
|tier|[Gen 9] OU
|rated|
|rule|HP Percentage Mod: HP is shown in percentages
|rule|Endless Battle Clause: Forcing endless battles is banned
|rule|Species Clause: Limit one of each Pokémon
|rule|OHKO Clause: OHKO moves are banned
|rule|Evasion Items Clause: Evasion items are banned
|rule|Evasion Moves Clause: Evasion moves are banned
|rule|Evasion Abilities Clause: Evasion abilities are banned
|rule|Sleep Moves Clause: Sleep-inducing moves are banned
|clearpoke
|poke|p1|Pelipper, M|
|poke|p1|Barraskewda, M|
|poke|p1|Kingdra, M|
|poke|p1|Raging Bolt|
|poke|p1|Kingambit, M|
|poke|p1|Zamazenta-*|
|poke|p2|Gholdengo|
|poke|p2|Glimmora, M|
|poke|p2|Deoxys-Speed|
|poke|p2|Kingambit, M|
|poke|p2|Alomomola, M|
|poke|p2|Great Tusk|
|teampreview
|inactive|Battle timer is ON: inactive players will automatically lose when time's up. (requested by Mossad Honeypot)
|j| opafrosch
|inactive|Mossad Honeypot has 120 seconds left.
|inactive|Mossad Honeypot has 90 seconds left.
|
|t:|1776105835
|teamsize|p1|6
|teamsize|p2|6
|start
|switch|p1a: Pelipper|Pelipper, M, shiny|100/100
|switch|p2a: Deoxys|Deoxys-Speed|100/100
|-ability|p2a: Deoxys|Pressure
|-weather|RainDance|[from] ability: Drizzle|[of] p1a: Pelipper
|turn|1
|l| opafrosch
|
|t:|1776105854
|switch|p1a: Kingambit|Kingambit, M|100/100
|move|p2a: Deoxys|Psycho Boost|p1a: Kingambit
|-immune|p1a: Kingambit
|
|-weather|RainDance|[upkeep]
|upkeep
|turn|2
|
|t:|1776105864
|switch|p2a: Alomomola|Alomomola, M|100/100
|move|p1a: Kingambit|Swords Dance|p1a: Kingambit
|-boost|p1a: Kingambit|atk|2
|
|-weather|RainDance|[upkeep]
|upkeep
|turn|3
|
|t:|1776105872
|move|p2a: Alomomola|Scald|p1a: Kingambit
|-damage|p1a: Kingambit|79/100
|move|p1a: Kingambit|Kowtow Cleave|p2a: Alomomola
|-damage|p2a: Alomomola|39/100
|
|-weather|RainDance|[upkeep]
|upkeep
|turn|4
|
|t:|1776105884
|move|p2a: Alomomola|Scald|p1a: Kingambit
|-damage|p1a: Kingambit|61/100
|move|p1a: Kingambit|Kowtow Cleave|p2a: Alomomola
|-damage|p2a: Alomomola|0 fnt
|faint|p2a: Alomomola
|
|-weather|RainDance|[upkeep]
|upkeep
|
|t:|1776105889
|switch|p2a: Great Tusk|Great Tusk|100/100
|turn|5
|
|t:|1776105914
|move|p2a: Great Tusk|Close Combat|p1a: Kingambit
|-supereffective|p1a: Kingambit
|-damage|p1a: Kingambit|0 fnt
|-unboost|p2a: Great Tusk|def|1
|-unboost|p2a: Great Tusk|spd|1
|faint|p1a: Kingambit
|
|-weather|RainDance|[upkeep]
|upkeep
|
|t:|1776105922
|switch|p1a: Barraskewda|Barraskewda, M, shiny|100/100
|turn|6
|
|t:|1776105927
|-end|p2a: Great Tusk|Protosynthesis|[silent]
|switch|p2a: Glimmora|Glimmora, M|100/100
|move|p1a: Barraskewda|Flip Turn|p2a: Glimmora
|-supereffective|p2a: Glimmora
|-damage|p2a: Glimmora|0 fnt
|-activate|p2a: Glimmora|ability: Toxic Debris
|-sidestart|p1: Dragonzord6|move: Toxic Spikes
|faint|p2a: Glimmora
|
|t:|1776105939
|switch|p1a: Raging Bolt|Raging Bolt|100/100|[from] Flip Turn
|-status|p1a: Raging Bolt|psn
|
|-weather|RainDance|[upkeep]
|-damage|p1a: Raging Bolt|88/100 psn|[from] psn
|upkeep
|
|t:|1776105948
|switch|p2a: Deoxys|Deoxys-Speed|100/100
|-ability|p2a: Deoxys|Pressure
|turn|7
|
|t:|1776105953
|move|p2a: Deoxys|Stealth Rock|p1a: Raging Bolt
|-sidestart|p1: Dragonzord6|move: Stealth Rock
|move|p1a: Raging Bolt|Thunder|p2a: Deoxys
|-damage|p2a: Deoxys|2/100
|
|-weather|RainDance|[upkeep]
|-damage|p1a: Raging Bolt|76/100 psn|[from] psn
|upkeep
|turn|8
|
|t:|1776105961
|move|p1a: Raging Bolt|Thunderclap|p2a: Deoxys
|-damage|p2a: Deoxys|0 fnt
|faint|p2a: Deoxys
|
|-weather|none
|-damage|p1a: Raging Bolt|63/100 psn|[from] psn
|upkeep
|
|t:|1776105967
|switch|p2a: Great Tusk|Great Tusk|100/100
|turn|9
|
|t:|1776105974
|-end|p1a: Raging Bolt|Protosynthesis|[silent]
|switch|p1a: Pelipper|Pelipper, M, shiny|100/100
|-damage|p1a: Pelipper|76/100|[from] Stealth Rock
|-weather|RainDance|[from] ability: Drizzle|[of] p1a: Pelipper
|move|p2a: Great Tusk|Headlong Rush|p1a: Pelipper
|-immune|p1a: Pelipper
|
|-weather|RainDance|[upkeep]
|upkeep
|turn|10
|
|t:|1776105984
|-end|p2a: Great Tusk|Protosynthesis|[silent]
|switch|p2a: Gholdengo|Gholdengo|100/100
|-item|p2a: Gholdengo|Air Balloon
|move|p1a: Pelipper|Weather Ball|p2a: Gholdengo
|-damage|p2a: Gholdengo|35/100
|-enditem|p2a: Gholdengo|Air Balloon
|
|-weather|RainDance|[upkeep]
|upkeep
|turn|11
|
|t:|1776105994
|move|p2a: Gholdengo|Shadow Ball|p1a: Pelipper
|-damage|p1a: Pelipper|12/100
|move|p1a: Pelipper|Hurricane|p2a: Gholdengo
|-resisted|p2a: Gholdengo
|-damage|p2a: Gholdengo|12/100
|-start|p2a: Gholdengo|confusion
|
|-weather|RainDance|[upkeep]
|upkeep
|turn|12
|
|t:|1776106004
|-activate|p2a: Gholdengo|confusion
|-damage|p2a: Gholdengo|8/100|[from] confusion
|move|p1a: Pelipper|Weather Ball|p2a: Gholdengo
|-damage|p2a: Gholdengo|0 fnt
|faint|p2a: Gholdengo
|
|-weather|RainDance|[upkeep]
|upkeep
|
|t:|1776106011
|switch|p2a: Great Tusk|Great Tusk|100/100
|turn|13
|
|t:|1776106015
|move|p2a: Great Tusk|Ice Spinner|p1a: Pelipper
|-damage|p1a: Pelipper|0 fnt
|faint|p1a: Pelipper
|
|-weather|RainDance|[upkeep]
|upkeep
|
|t:|1776106022
|switch|p1a: Barraskewda|Barraskewda, M, shiny|100/100
|-status|p1a: Barraskewda|psn
|-damage|p1a: Barraskewda|88/100 psn|[from] Stealth Rock
|turn|14
|
|t:|1776106030
|-terastallize|p1a: Barraskewda|Water
|move|p1a: Barraskewda|Flip Turn|p2a: Great Tusk
|-supereffective|p2a: Great Tusk
|-damage|p2a: Great Tusk|0 fnt
|faint|p2a: Great Tusk
|-end|p2a: Great Tusk|Protosynthesis|[silent]
|
|t:|1776106036
|switch|p1a: Zamazenta|Zamazenta, shiny|100/100|[from] Flip Turn
|-status|p1a: Zamazenta|psn
|-damage|p1a: Zamazenta|94/100 psn|[from] Stealth Rock
|-ability|p1a: Zamazenta|Dauntless Shield|boost
|-boost|p1a: Zamazenta|def|1
|
|-weather|RainDance|[upkeep]
|-heal|p1a: Zamazenta|100/100 psn|[from] item: Leftovers
|-damage|p1a: Zamazenta|88/100 psn|[from] psn
|upkeep
|
|t:|1776106039
|switch|p2a: Kingambit|Kingambit, M|100/100
|-activate|p2a: Kingambit|ability: Supreme Overlord
|-start|p2a: Kingambit|fallen5|[silent]
|turn|15
|
|t:|1776106051
|-terastallize|p2a: Kingambit|Flying
|move|p1a: Zamazenta|Iron Defense|p1a: Zamazenta
|-boost|p1a: Zamazenta|def|2
|move|p2a: Kingambit|Tera Blast|p1a: Zamazenta|[anim] Tera Blast Flying
|-supereffective|p1a: Zamazenta
|-damage|p1a: Zamazenta|48/100 psn
|
|-weather|RainDance|[upkeep]
|-heal|p1a: Zamazenta|54/100 psn|[from] item: Leftovers
|-damage|p1a: Zamazenta|42/100 psn|[from] psn
|upkeep
|turn|16
|
|t:|1776106064
|move|p1a: Zamazenta|Body Press|p2a: Kingambit
|-resisted|p2a: Kingambit
|-damage|p2a: Kingambit|67/100
|move|p2a: Kingambit|Swords Dance|p2a: Kingambit
|-boost|p2a: Kingambit|atk|2
|
|-weather|none
|-heal|p1a: Zamazenta|48/100 psn|[from] item: Leftovers
|-heal|p2a: Kingambit|73/100|[from] item: Leftovers
|-damage|p1a: Zamazenta|35/100 psn|[from] psn
|upkeep
|turn|17
|
|t:|1776106074
|move|p1a: Zamazenta|Body Press|p2a: Kingambit
|-resisted|p2a: Kingambit
|-damage|p2a: Kingambit|38/100
|move|p2a: Kingambit|Tera Blast|p1a: Zamazenta|[anim] Tera Blast Flying
|-supereffective|p1a: Zamazenta
|-damage|p1a: Zamazenta|0 fnt
|faint|p1a: Zamazenta
|
|-heal|p2a: Kingambit|44/100|[from] item: Leftovers
|upkeep
|
|t:|1776106085
|switch|p1a: Barraskewda|Barraskewda, M, shiny, tera:Water|88/100 psn
|-damage|p1a: Barraskewda|76/100 psn|[from] Stealth Rock
|turn|18
|
|t:|1776106089
|move|p1a: Barraskewda|Aqua Jet|p2a: Kingambit
|-damage|p2a: Kingambit|11/100
|move|p2a: Kingambit|Sucker Punch||[still]
|-fail|p2a: Kingambit
|
|-heal|p2a: Kingambit|17/100|[from] item: Leftovers
|-damage|p1a: Barraskewda|64/100 psn|[from] psn
|upkeep
|turn|19
|
|t:|1776106098
|move|p1a: Barraskewda|Aqua Jet|p2a: Kingambit
|-damage|p2a: Kingambit|0 fnt
|faint|p2a: Kingambit
|-end|p2a: Kingambit|fallen5|[silent]
|
|win|Dragonzord6
|raw|Dragonzord6's rating: 1509 &rarr; <strong>1534</strong><br />(+25 for winning)
|raw|Mossad Honeypot's rating: 1600 &rarr; <strong>1575</strong><br />(-25 for losing)
|l|‽Mossad Honeypot
|player|p2|
