|html|<div class="broadcast-blue"><strong>[Gen 9] OU is currently suspecting Tera Blast! For information on how to participate check out the <a href="https://www.smogon.com/tools/suspects/view/200">suspect thread</a>.</strong></div>
|j|☆gotcha game
|j|☆luck is skilll
|t:|1776050756
|gametype|singles
|player|p1|gotcha game|swimmer|1535
|player|p2|luck is skilll|265|1487
|gen|9
|tier|[Gen 9] OU
|rated|
|rule|HP Percentage Mod: HP is shown in percentages
|rule|Endless Battle Clause: Forcing endless battles is banned
|rule|Species Clause: Limit one of each Pokémon
|rule|OHKO Clause: OHKO moves are banned
|rule|Evasion Items Clause: Evasion items are banned
|rule|Evasion Moves Clause: Evasion moves are banned
|rule|Evasion Abilities Clause: Evasion abilities are banned
|rule|Sleep Moves Clause: Sleep-inducing moves are banned
|clearpoke
|poke|p1|Moltres|
|poke|p1|Zamazenta-*|
|poke|p1|Darkrai|
|poke|p1|Hydrapple, M|
|poke|p1|Ting-Lu|
|poke|p1|Tinkaton, F|
|poke|p2|Torkoal, F|
|poke|p2|Primarina, F|
|poke|p2|Great Tusk|
|poke|p2|Walking Wake|
|poke|p2|Raging Bolt|
|poke|p2|Slither Wing|
|teampreview
|inactive|Battle timer is ON: inactive players will automatically lose when time's up. (requested by gotcha game)
|j| ohko_smeargle
|
|t:|1776050765
|teamsize|p1|6
|teamsize|p2|6
|start
|switch|p1a: Ting-Lu|Ting-Lu|100/100
|switch|p2a: Slither Wing|Slither Wing|100/100
|-ability|p1a: Ting-Lu|Vessel of Ruin
|turn|1
|
|t:|1776050774
|move|p2a: Slither Wing|U-turn|p1a: Ting-Lu
|-supereffective|p1a: Ting-Lu
|-damage|p1a: Ting-Lu|35/100
|
|t:|1776050783
|-end|p2a: Slither Wing|Protosynthesis|[silent]
|switch|p2a: Primarina|Primarina, F|100/100|[from] U-turn
|move|p1a: Ting-Lu|Spikes|p2a: Primarina
|-sidestart|p2: luck is skilll|Spikes
|
|-heal|p1a: Ting-Lu|41/100|[from] item: Leftovers
|upkeep
|turn|2
|
|t:|1776050791
|switch|p1a: Tinkaton|Tinkaton, F|100/100
|-ability|p1a: Tinkaton|Mold Breaker
|-item|p1a: Tinkaton|Air Balloon
|move|p2a: Primarina|Flip Turn|p1a: Tinkaton
|-damage|p1a: Tinkaton|84/100
|-enditem|p1a: Tinkaton|Air Balloon
|
|t:|1776050800
|switch|p2a: Torkoal|Torkoal, F|100/100|[from] Flip Turn
|-damage|p2a: Torkoal|88/100|[from] Spikes
|-weather|SunnyDay|[from] ability: Drought|[of] p2a: Torkoal
|
|-weather|SunnyDay|[upkeep]
|upkeep
|turn|3
|
|t:|1776050812
|-terastallize|p1a: Tinkaton|Ghost
|move|p1a: Tinkaton|Stealth Rock|p2a: Torkoal
|-sidestart|p2: luck is skilll|move: Stealth Rock
|move|p2a: Torkoal|Stealth Rock|p1a: Tinkaton
|-sidestart|p1: gotcha game|move: Stealth Rock
|
|-weather|SunnyDay|[upkeep]
|upkeep
|turn|4
|
|t:|1776050822
|switch|p2a: Great Tusk|Great Tusk|100/100
|-activate|p2a: Great Tusk|ability: Protosynthesis
|-start|p2a: Great Tusk|protosynthesisatk
|move|p1a: Tinkaton|Thunder Wave|p2a: Great Tusk
|-immune|p2a: Great Tusk
|
|-weather|SunnyDay|[upkeep]
|upkeep
|turn|5
|
|t:|1776050829
|-end|p2a: Great Tusk|Protosynthesis|[silent]
|switch|p2a: Walking Wake|Walking Wake|100/100
|-damage|p2a: Walking Wake|88/100|[from] Spikes
|-damage|p2a: Walking Wake|76/100|[from] Stealth Rock
|-activate|p2a: Walking Wake|ability: Protosynthesis
|-start|p2a: Walking Wake|protosynthesisspe
|move|p1a: Tinkaton|Gigaton Hammer|p2a: Walking Wake
|-resisted|p2a: Walking Wake
|-damage|p2a: Walking Wake|53/100
|
|-weather|SunnyDay|[upkeep]
|upkeep
|turn|6
|
|t:|1776050841
|switch|p1a: Ting-Lu|Ting-Lu|41/100
|-damage|p1a: Ting-Lu|35/100|[from] Stealth Rock
|-ability|p1a: Ting-Lu|Vessel of Ruin
|move|p2a: Walking Wake|Hydro Steam|p1a: Ting-Lu
|-supereffective|p1a: Ting-Lu
|-damage|p1a: Ting-Lu|0 fnt
|faint|p1a: Ting-Lu
|
|-weather|SunnyDay|[upkeep]
|upkeep
|
|t:|1776050849
|switch|p1a: Hydrapple|Hydrapple, M|100/100
|turn|7
|
|t:|1776050852
|-end|p2a: Walking Wake|Protosynthesis|[silent]
|switch|p2a: Primarina|Primarina, F|100/100
|-damage|p2a: Primarina|88/100|[from] Spikes
|-damage|p2a: Primarina|76/100|[from] Stealth Rock
|switch|p1a: Tinkaton|Tinkaton, F, tera:Ghost|84/100
|-damage|p1a: Tinkaton|71/100|[from] Stealth Rock
|-ability|p1a: Tinkaton|Mold Breaker
|
|-weather|SunnyDay|[upkeep]
|upkeep
|turn|8
|
|t:|1776050858
|move|p1a: Tinkaton|Thunder Wave|p2a: Primarina
|-status|p2a: Primarina|par
|cant|p2a: Primarina|par
|
|-weather|SunnyDay|[upkeep]
|upkeep
|turn|9
|
|t:|1776050864
|move|p1a: Tinkaton|Gigaton Hammer|p2a: Primarina
|-damage|p2a: Primarina|24/100 par
|move|p2a: Primarina|Moonblast|p1a: Tinkaton
|-damage|p1a: Tinkaton|26/100
|
|-weather|none
|upkeep
|turn|10
|
|t:|1776050870
|switch|p1a: Moltres|Moltres|100/100
|cant|p2a: Primarina|par
|
|upkeep
|turn|11
|
|t:|1776050875
|move|p1a: Moltres|U-turn|p2a: Primarina
|-resisted|p2a: Primarina
|-damage|p2a: Primarina|16/100 par
|
|t:|1776050878
|switch|p1a: Hydrapple|Hydrapple, M|100/100|[from] U-turn
|move|p2a: Primarina|Surf|p1a: Hydrapple
|-resisted|p1a: Hydrapple
|-damage|p1a: Hydrapple|82/100
|
|upkeep
|turn|12
|
|t:|1776050887
|move|p1a: Hydrapple|Earth Power|p2a: Primarina
|-damage|p2a: Primarina|2/100 par
|move|p2a: Primarina|Moonblast|p1a: Hydrapple
|-supereffective|p1a: Hydrapple
|-damage|p1a: Hydrapple|0 fnt
|faint|p1a: Hydrapple
|
|upkeep
|
|t:|1776050899
|switch|p1a: Darkrai|Darkrai|100/100
|turn|13
|
|t:|1776050903
|move|p1a: Darkrai|Dark Pulse|p2a: Primarina
|-resisted|p2a: Primarina
|-damage|p2a: Primarina|0 fnt
|faint|p2a: Primarina
|
|upkeep
|
|t:|1776050929
|switch|p2a: Torkoal|Torkoal, F|88/100
|-damage|p2a: Torkoal|76/100|[from] Spikes
|-damage|p2a: Torkoal|51/100|[from] Stealth Rock
|-weather|SunnyDay|[from] ability: Drought|[of] p2a: Torkoal
|turn|14
|
|t:|1776050936
|move|p1a: Darkrai|Dark Pulse|p2a: Torkoal
|-damage|p2a: Torkoal|7/100
|move|p2a: Torkoal|Rapid Spin|p1a: Darkrai
|-damage|p1a: Darkrai|86/100
|-boost|p2a: Torkoal|spe|1
|-sideend|p2: luck is skilll|Spikes|[from] move: Rapid Spin|[of] p2a: Torkoal
|-sideend|p2: luck is skilll|Stealth Rock|[from] move: Rapid Spin|[of] p2a: Torkoal
|
|-weather|SunnyDay|[upkeep]
|upkeep
|turn|15
|
|t:|1776050944
|switch|p2a: Slither Wing|Slither Wing|100/100
|-activate|p2a: Slither Wing|ability: Protosynthesis
|-start|p2a: Slither Wing|protosynthesisatk
|move|p1a: Darkrai|Sludge Bomb|p2a: Slither Wing
|-damage|p2a: Slither Wing|67/100
|
|-weather|SunnyDay|[upkeep]
|upkeep
|turn|16
|
|t:|1776050952
|switch|p1a: Tinkaton|Tinkaton, F, tera:Ghost|26/100
|-damage|p1a: Tinkaton|14/100|[from] Stealth Rock
|-ability|p1a: Tinkaton|Mold Breaker
|move|p2a: Slither Wing|U-turn|p1a: Tinkaton
|-resisted|p1a: Tinkaton
|-damage|p1a: Tinkaton|0 fnt
|faint|p1a: Tinkaton
|
|t:|1776050955
|-end|p2a: Slither Wing|Protosynthesis|[silent]
|switch|p2a: Walking Wake|Walking Wake|53/100|[from] U-turn
|-activate|p2a: Walking Wake|ability: Protosynthesis
|-start|p2a: Walking Wake|protosynthesisspe
|
|-weather|SunnyDay|[upkeep]
|upkeep
|
|t:|1776050965
|switch|p1a: Zamazenta|Zamazenta|100/100
|-ability|p1a: Zamazenta|Dauntless Shield|boost
|-boost|p1a: Zamazenta|def|1
|turn|17
|
|t:|1776050975
|-terastallize|p2a: Walking Wake|Water
|move|p2a: Walking Wake|Hydro Steam|p1a: Zamazenta
|-damage|p1a: Zamazenta|0 fnt
|faint|p1a: Zamazenta
|
|-weather|SunnyDay|[upkeep]
|upkeep
|
|t:|1776050978
|switch|p1a: Darkrai|Darkrai|86/100
|turn|18
|
|t:|1776050983
|move|p2a: Walking Wake|Hydro Steam|p1a: Darkrai
|-damage|p1a: Darkrai|0 fnt
|faint|p1a: Darkrai
|
|-weather|SunnyDay|[upkeep]
|upkeep
|
|t:|1776050986
|switch|p1a: Moltres|Moltres|100/100
|turn|19
|
|t:|1776050987
|move|p2a: Walking Wake|Hydro Steam|p1a: Moltres
|-supereffective|p1a: Moltres
|-damage|p1a: Moltres|0 fnt
|faint|p1a: Moltres
|
|win|luck is skilll
|raw|gotcha game's rating: 1535 &rarr; <strong>1512</strong><br />(-23 for losing)
|raw|luck is skilll's rating: 1487 &rarr; <strong>1510</strong><br />(+23 for winning)
|l|☆gotcha game
|player|p1|
|l| ohko_smeargle
