|html|<div class="broadcast-blue"><strong>[Gen 9] OU is currently suspecting Tera Blast! For information on how to participate check out the <a href="https://www.smogon.com/tools/suspects/view/200">suspect thread</a>.</strong></div>
|j|☆iamgbs
|j|☆vartholomeus
|t:|1776078745
|gametype|singles
|player|p1|iamgbs|benga|1510
|player|p2|vartholomeus|ruinmaniac|1479
|gen|9
|tier|[Gen 9] OU
|rated|
|rule|HP Percentage Mod: HP is shown in percentages
|rule|Endless Battle Clause: Forcing endless battles is banned
|rule|Species Clause: Limit one of each Pokémon
|rule|OHKO Clause: OHKO moves are banned
|rule|Evasion Items Clause: Evasion items are banned
|rule|Evasion Moves Clause: Evasion moves are banned
|rule|Evasion Abilities Clause: Evasion abilities are banned
|rule|Sleep Moves Clause: Sleep-inducing moves are banned
|clearpoke
|poke|p1|Araquanid, M|
|poke|p1|Ceruledge, M|
|poke|p1|Enamorus, F|
|poke|p1|Iron Treads|
|poke|p1|Kingambit, M|
|poke|p1|Pecharunt|
|poke|p2|Rillaboom, M|
|poke|p2|Iron Hands|
|poke|p2|Gholdengo|
|poke|p2|Greninja-*, M|
|poke|p2|Landorus-Therian, M|
|poke|p2|Arcanine-Hisui, M|
|teampreview
|inactive|Battle timer is ON: inactive players will automatically lose when time's up. (requested by vartholomeus)
|
|t:|1776078750
|teamsize|p1|6
|teamsize|p2|6
|start
|switch|p1a: Araquanid|Araquanid, M|100/100
|switch|p2a: Fyr|Arcanine-Hisui, M|100/100
|turn|1
|
|t:|1776078753
|move|p1a: Araquanid|Endure|p1a: Araquanid
|-singleturn|p1a: Araquanid|move: Endure
|move|p2a: Fyr|Head Smash|p1a: Araquanid|[miss]
|-miss|p2a: Fyr|p1a: Araquanid
|
|upkeep
|turn|2
|
|t:|1776078756
|move|p1a: Araquanid|Endure|p1a: Araquanid
|-singleturn|p1a: Araquanid|move: Endure
|move|p2a: Fyr|Head Smash|p1a: Araquanid|[miss]
|-miss|p2a: Fyr|p1a: Araquanid
|
|upkeep
|turn|3
|
|t:|1776078766
|move|p1a: Araquanid|Endure||[still]
|-fail|p1a: Araquanid
|move|p2a: Fyr|Head Smash|p1a: Araquanid
|-supereffective|p1a: Araquanid
|-damage|p1a: Araquanid|0 fnt
|faint|p1a: Araquanid
|
|upkeep
|c|☆vartholomeus|Lol
|c|☆iamgbs|wow
|
|t:|1776078783
|switch|p1a: Iron Treads|Iron Treads|100/100
|-enditem|p1a: Iron Treads|Booster Energy
|-activate|p1a: Iron Treads|ability: Quark Drive|[fromitem]
|-start|p1a: Iron Treads|quarkdrivespe
|turn|4
|
|t:|1776078786
|switch|p2a: Lilo|Landorus-Therian, M|100/100
|-ability|p2a: Lilo|Intimidate|boost
|-unboost|p1a: Iron Treads|atk|1
|move|p1a: Iron Treads|Stealth Rock|p2a: Lilo
|-sidestart|p2: vartholomeus|move: Stealth Rock
|
|upkeep
|turn|5
|c|☆iamgbs|bad luck is bad luck
|
|t:|1776078792
|-end|p1a: Iron Treads|Quark Drive|[silent]
|switch|p1a: Pecharunt|Pecharunt|100/100
|-item|p1a: Pecharunt|Air Balloon
|move|p2a: Lilo|U-turn|p1a: Pecharunt
|-resisted|p1a: Pecharunt
|-damage|p1a: Pecharunt|97/100
|-enditem|p1a: Pecharunt|Air Balloon
|
|t:|1776078800
|switch|p2a: Kesso|Gholdengo|100/100|[from] U-turn
|-damage|p2a: Kesso|94/100|[from] Stealth Rock
|
|upkeep
|turn|6
|
|t:|1776078804
|switch|p1a: Kingambit|Kingambit, M|100/100
|-activate|p1a: Kingambit|ability: Supreme Overlord
|-start|p1a: Kingambit|fallen1|[silent]
|move|p2a: Kesso|Trick|p1a: Kingambit
|-activate|p2a: Kesso|move: Trick|[of] p1a: Kingambit
|-item|p1a: Kingambit|Choice Scarf|[from] move: Trick
|-item|p2a: Kesso|Black Glasses|[from] move: Trick
|
|upkeep
|turn|7
|
|t:|1776078815
|-end|p1a: Kingambit|fallen1|[silent]
|switch|p1a: Iron Treads|Iron Treads|100/100
|move|p2a: Kesso|Focus Blast|p1a: Iron Treads|[miss]
|-miss|p2a: Kesso|p1a: Iron Treads
|
|upkeep
|turn|8
|
|t:|1776078825
|switch|p2a: Lilo|Landorus-Therian, M|100/100
|-damage|p2a: Lilo|88/100|[from] Stealth Rock
|-ability|p2a: Lilo|Intimidate|boost
|-unboost|p1a: Iron Treads|atk|1
|move|p1a: Iron Treads|Earth Power|p2a: Lilo
|-immune|p2a: Lilo
|
|upkeep
|turn|9
|
|t:|1776078832
|-end|p1a: Iron Treads|Quark Drive|[silent]
|switch|p1a: Enamorus|Enamorus, F|100/100
|move|p2a: Lilo|U-turn|p1a: Enamorus
|-resisted|p1a: Enamorus
|-damage|p1a: Enamorus|93/100
|
|t:|1776078840
|switch|p2a: Fyr|Arcanine-Hisui, M|100/100|[from] U-turn
|-damage|p2a: Fyr|76/100|[from] Stealth Rock
|
|upkeep
|turn|10
|
|t:|1776078845
|move|p2a: Fyr|Extreme Speed|p1a: Enamorus
|-damage|p1a: Enamorus|32/100
|move|p1a: Enamorus|Earth Power|p2a: Fyr
|-supereffective|p2a: Fyr
|-damage|p2a: Fyr|0 fnt
|faint|p2a: Fyr
|
|upkeep
|
|t:|1776078852
|switch|p2a: Gregg|Greninja, M|100/100
|-damage|p2a: Gregg|88/100|[from] Stealth Rock
|turn|11
|
|t:|1776078858
|switch|p1a: Iron Treads|Iron Treads|100/100
|move|p2a: Gregg|Ice Beam|p1a: Iron Treads
|-damage|p1a: Iron Treads|54/100
|-status|p1a: Iron Treads|frz
|-damage|p2a: Gregg|78/100|[from] item: Life Orb
|
|upkeep
|turn|12
|
|t:|1776078862
|-end|p1a: Iron Treads|Quark Drive|[silent]
|switch|p1a: Kingambit|Kingambit, M|100/100
|-activate|p1a: Kingambit|ability: Supreme Overlord
|-start|p1a: Kingambit|fallen1|[silent]
|move|p2a: Gregg|Water Shuriken|p1a: Kingambit
|-damage|p1a: Kingambit|91/100
|-damage|p1a: Kingambit|82/100
|-damage|p1a: Kingambit|71/100
|-hitcount|p1a: Kingambit|3
|-damage|p2a: Gregg|69/100|[from] item: Life Orb
|
|upkeep
|turn|13
|
|t:|1776078866
|switch|p2a: Lilo|Landorus-Therian, M|88/100
|-damage|p2a: Lilo|75/100|[from] Stealth Rock
|-ability|p2a: Lilo|Intimidate|boost
|-unboost|p1a: Kingambit|atk|1
|move|p1a: Kingambit|Kowtow Cleave|p2a: Lilo
|-damage|p2a: Lilo|34/100
|
|upkeep
|turn|14
|
|t:|1776078873
|move|p2a: Lilo|Sludge Bomb|p1a: Kingambit
|-immune|p1a: Kingambit
|move|p1a: Kingambit|Kowtow Cleave|p2a: Lilo
|-damage|p2a: Lilo|0 fnt
|faint|p2a: Lilo
|
|upkeep
|
|t:|1776078881
|switch|p2a: Tarso|Rillaboom, M|100/100
|-damage|p2a: Tarso|88/100|[from] Stealth Rock
|-fieldstart|move: Grassy Terrain|[from] ability: Grassy Surge|[of] p2a: Tarso
|turn|15
|
|t:|1776078885
|-end|p1a: Kingambit|fallen1|[silent]
|switch|p1a: Pecharunt|Pecharunt|97/100
|move|p2a: Tarso|Low Kick|p1a: Pecharunt
|-immune|p1a: Pecharunt
|
|-heal|p1a: Pecharunt|100/100|[from] Grassy Terrain
|-heal|p2a: Tarso|94/100|[from] Grassy Terrain
|upkeep
|turn|16
|
|t:|1776078889
|move|p1a: Pecharunt|Shadow Ball|p2a: Tarso
|-damage|p2a: Tarso|60/100
|move|p2a: Tarso|Knock Off|p1a: Pecharunt
|-supereffective|p1a: Pecharunt
|-damage|p1a: Pecharunt|64/100
|
|-heal|p1a: Pecharunt|70/100|[from] Grassy Terrain
|-heal|p2a: Tarso|66/100|[from] Grassy Terrain
|upkeep
|turn|17
|
|t:|1776078897
|switch|p2a: Kesso|Gholdengo|94/100
|-damage|p2a: Kesso|88/100|[from] Stealth Rock
|move|p1a: Pecharunt|Malignant Chain|p2a: Kesso
|-immune|p2a: Kesso
|
|-heal|p1a: Pecharunt|76/100|[from] Grassy Terrain
|-heal|p2a: Kesso|94/100|[from] Grassy Terrain
|upkeep
|turn|18
|
|t:|1776078904
|switch|p1a: Kingambit|Kingambit, M|71/100
|-activate|p1a: Kingambit|ability: Supreme Overlord
|-start|p1a: Kingambit|fallen1|[silent]
|move|p2a: Kesso|Shadow Ball|p1a: Kingambit
|-resisted|p1a: Kingambit
|-damage|p1a: Kingambit|47/100
|
|-heal|p1a: Kingambit|53/100|[from] Grassy Terrain
|-heal|p2a: Kesso|100/100|[from] Grassy Terrain
|upkeep
|turn|19
|
|t:|1776078909
|move|p1a: Kingambit|Kowtow Cleave|p2a: Kesso
|-supereffective|p2a: Kesso
|-damage|p2a: Kesso|0 fnt
|faint|p2a: Kesso
|
|-heal|p1a: Kingambit|59/100|[from] Grassy Terrain
|upkeep
|
|t:|1776078913
|switch|p2a: Ehonda|Iron Hands|100/100
|-damage|p2a: Ehonda|94/100|[from] Stealth Rock
|-enditem|p2a: Ehonda|Booster Energy
|-activate|p2a: Ehonda|ability: Quark Drive|[fromitem]
|-start|p2a: Ehonda|quarkdriveatk
|turn|20
|
|t:|1776078917
|-end|p1a: Kingambit|fallen1|[silent]
|switch|p1a: Ceruledge|Ceruledge, M|100/100
|move|p2a: Ehonda|Swords Dance|p2a: Ehonda
|-boost|p2a: Ehonda|atk|2
|
|-heal|p2a: Ehonda|100/100|[from] Grassy Terrain
|upkeep
|turn|21
|
|t:|1776078934
|-terastallize|p1a: Ceruledge|Fairy
|move|p1a: Ceruledge|Tera Blast|p2a: Ehonda|[anim] Tera Blast Fairy
|-supereffective|p2a: Ehonda
|-damage|p2a: Ehonda|21/100
|-damage|p1a: Ceruledge|91/100|[from] item: Life Orb
|move|p2a: Ehonda|Thunder Punch|p1a: Ceruledge
|-damage|p1a: Ceruledge|0 fnt
|faint|p1a: Ceruledge
|
|-heal|p2a: Ehonda|27/100|[from] Grassy Terrain
|upkeep
|
|t:|1776078944
|switch|p1a: Kingambit|Kingambit, M|59/100
|-activate|p1a: Kingambit|ability: Supreme Overlord
|-start|p1a: Kingambit|fallen2|[silent]
|turn|22
|
|t:|1776078947
|move|p1a: Kingambit|Kowtow Cleave|p2a: Ehonda
|-resisted|p2a: Ehonda
|-damage|p2a: Ehonda|5/100
|move|p2a: Ehonda|Drain Punch|p1a: Kingambit
|-supereffective|p1a: Kingambit
|-damage|p1a: Kingambit|0 fnt
|-heal|p2a: Ehonda|27/100|[from] drain|[of] p1a: Kingambit
|faint|p1a: Kingambit
|-end|p1a: Kingambit|fallen2|[silent]
|
|-heal|p2a: Ehonda|33/100|[from] Grassy Terrain
|-fieldend|move: Grassy Terrain
|upkeep
|
|t:|1776078952
|switch|p1a: Pecharunt|Pecharunt|76/100
|turn|23
|
|t:|1776078955
|move|p1a: Pecharunt|Shadow Ball|p2a: Ehonda
|-damage|p2a: Ehonda|9/100
|move|p2a: Ehonda|Thunder Punch|p1a: Pecharunt
|-damage|p1a: Pecharunt|0 fnt
|faint|p1a: Pecharunt
|
|upkeep
|
|t:|1776078960
|switch|p1a: Enamorus|Enamorus, F|32/100
|turn|24
|
|t:|1776078965
|-terastallize|p2a: Ehonda|Flying
|move|p1a: Enamorus|Moonblast|p2a: Ehonda
|-damage|p2a: Ehonda|0 fnt
|faint|p2a: Ehonda
|-end|p2a: Ehonda|Quark Drive|[silent]
|
|upkeep
|
|t:|1776078968
|switch|p2a: Gregg|Greninja, M|69/100
|-damage|p2a: Gregg|56/100|[from] Stealth Rock
|turn|25
|c|☆iamgbs|didnt know how bulky this guy was
|
|t:|1776078974
|move|p2a: Gregg|Water Shuriken|p1a: Enamorus
|-damage|p1a: Enamorus|19/100
|-damage|p1a: Enamorus|7/100
|-hitcount|p1a: Enamorus|2
|-damage|p2a: Gregg|46/100|[from] item: Life Orb
|move|p1a: Enamorus|Moonblast|p2a: Gregg
|-supereffective|p2a: Gregg
|-damage|p2a: Gregg|0 fnt
|faint|p2a: Gregg
|
|upkeep
|
|t:|1776078978
|switch|p2a: Tarso|Rillaboom, M|66/100
|-damage|p2a: Tarso|53/100|[from] Stealth Rock
|-fieldstart|move: Grassy Terrain|[from] ability: Grassy Surge|[of] p2a: Tarso
|turn|26
|
|t:|1776078983
|move|p2a: Tarso|Grassy Glide|p1a: Enamorus
|-resisted|p1a: Enamorus
|-damage|p1a: Enamorus|0 fnt
|faint|p1a: Enamorus
|
|-heal|p2a: Tarso|59/100|[from] Grassy Terrain
|upkeep
|
|t:|1776078985
|switch|p1a: Iron Treads|Iron Treads|54/100 frz
|turn|27
|
|t:|1776078988
|cant|p1a: Iron Treads|frz
|move|p2a: Tarso|Low Kick|p1a: Iron Treads
|-supereffective|p1a: Iron Treads
|-damage|p1a: Iron Treads|0 fnt
|faint|p1a: Iron Treads
|-end|p1a: Iron Treads|Quark Drive|[silent]
|
|win|vartholomeus
|raw|iamgbs's rating: 1510 &rarr; <strong>1488</strong><br />(-22 for losing)
|raw|vartholomeus's rating: 1479 &rarr; <strong>1501</strong><br />(+22 for winning)
|c|☆iamgbs|gg
|l|☆iamgbs
|player|p1|
|c|☆vartholomeus|Gg
|l|☆vartholomeus
|player|p2|
