|html|<div class="broadcast-blue"><strong>[Gen 9] OU is currently suspecting Tera Blast! For information on how to participate check out the <a href="https://www.smogon.com/tools/suspects/view/200">suspect thread</a>.</strong></div>
|j|☆koreanbreakfast
|j|☆thegrindto2000dez
|t:|1776037085
|gametype|singles
|player|p1|koreanbreakfast|wallace|1313
|player|p2|thegrindto2000dez|170|1295
|gen|9
|tier|[Gen 9] OU
|rated|
|rule|HP Percentage Mod: HP is shown in percentages
|rule|Endless Battle Clause: Forcing endless battles is banned
|rule|Species Clause: Limit one of each Pokémon
|rule|OHKO Clause: OHKO moves are banned
|rule|Evasion Items Clause: Evasion items are banned
|rule|Evasion Moves Clause: Evasion moves are banned
|rule|Evasion Abilities Clause: Evasion abilities are banned
|rule|Sleep Moves Clause: Sleep-inducing moves are banned
|clearpoke
|poke|p1|Primarina, M|
|poke|p1|Great Tusk|
|poke|p1|Kingambit, M|
|poke|p1|Slowking-Galar, M|
|poke|p1|Ogerpon, F|
|poke|p1|Enamorus, F|
|poke|p2|Great Tusk|
|poke|p2|Pecharunt|
|poke|p2|Ogerpon-Wellspring, F|
|poke|p2|Moltres|
|poke|p2|Mandibuzz, F|
|poke|p2|Dragapult, M|
|teampreview
|inactive|Battle timer is ON: inactive players will automatically lose when time's up. (requested by thegrindto2000dez)
|j| Shucklepilled
|inactive|thegrindto2000dez has 120 seconds left.
|inactive|koreanbreakfast has 120 seconds left.
|
|t:|1776037131
|teamsize|p1|6
|teamsize|p2|6
|start
|switch|p1a: Ogerpon|Ogerpon, F|100/100
|switch|p2a: Dragapult|Dragapult, M|100/100
|turn|1
|l| Shucklepilled
|
|t:|1776037154
|switch|p1a: Kingambit|Kingambit, M, shiny|100/100
|move|p2a: Dragapult|U-turn|p1a: Kingambit
|-damage|p1a: Kingambit|88/100
|
|t:|1776037173
|switch|p2a: Great Tusk|Great Tusk|100/100|[from] U-turn
|
|-heal|p1a: Kingambit|94/100|[from] item: Leftovers
|upkeep
|turn|2
|
|t:|1776037188
|-end|p1a: Kingambit|fallenundefined|[silent]
|switch|p1a: Enamorus|Enamorus, F, shiny|100/100
|move|p2a: Great Tusk|Headlong Rush|p1a: Enamorus
|-immune|p1a: Enamorus
|
|upkeep
|turn|3
|inactive|koreanbreakfast has 120 seconds left.
|
|t:|1776037219
|switch|p1a: Primarina|Primarina, M, shiny|100/100
|-end|p2a: Great Tusk|Protosynthesis|[silent]
|switch|p2a: Pecharunt|Pecharunt|100/100
|
|upkeep
|turn|4
|
|t:|1776037236
|switch|p1a: Kingambit|Kingambit, M, shiny|94/100
|move|p2a: Pecharunt|Parting Shot|p1a: Kingambit
|-unboost|p1a: Kingambit|atk|1
|-unboost|p1a: Kingambit|spa|1
|
|t:|1776037242
|switch|p2a: Great Tusk|Great Tusk|100/100|[from] Parting Shot
|
|-heal|p1a: Kingambit|99/100|[from] item: Leftovers
|upkeep
|turn|5
|inactive|koreanbreakfast has 120 seconds left.
|
|t:|1776037253
|-end|p1a: Kingambit|fallenundefined|[silent]
|switch|p1a: Primarina|Primarina, M, shiny|100/100
|move|p2a: Great Tusk|Ice Spinner|p1a: Primarina
|-resisted|p1a: Primarina
|-damage|p1a: Primarina|78/100
|
|-heal|p1a: Primarina|84/100|[from] item: Leftovers
|upkeep
|turn|6
|
|t:|1776037269
|switch|p1a: Ogerpon|Ogerpon, F|100/100
|-end|p2a: Great Tusk|Protosynthesis|[silent]
|switch|p2a: Mandibuzz|Mandibuzz, F, shiny|100/100
|
|upkeep
|turn|7
|
|t:|1776037279
|move|p1a: Ogerpon|U-turn|p2a: Mandibuzz
|-damage|p2a: Mandibuzz|74/100
|
|t:|1776037289
|switch|p1a: Enamorus|Enamorus, F, shiny|100/100|[from] U-turn
|move|p2a: Mandibuzz|Knock Off|p1a: Enamorus
|-resisted|p1a: Enamorus
|-damage|p1a: Enamorus|81/100
|-enditem|p1a: Enamorus|Choice Scarf|[from] move: Knock Off|[of] p2a: Mandibuzz
|
|upkeep
|turn|8
|inactive|koreanbreakfast has 120 seconds left.
|inactive|thegrindto2000dez has 120 seconds left.
|
|t:|1776037322
|switch|p2a: Pecharunt|Pecharunt|100/100
|move|p1a: Enamorus|Moonblast|p2a: Pecharunt
|-resisted|p2a: Pecharunt
|-damage|p2a: Pecharunt|74/100
|
|-heal|p2a: Pecharunt|80/100|[from] item: Leftovers
|upkeep
|turn|9
|inactive|koreanbreakfast has 120 seconds left.
|
|t:|1776037336
|switch|p1a: Kingambit|Kingambit, M, shiny|99/100
|move|p2a: Pecharunt|Parting Shot|p1a: Kingambit
|-unboost|p1a: Kingambit|atk|1
|-unboost|p1a: Kingambit|spa|1
|inactive|thegrindto2000dez has 120 seconds left.
|
|t:|1776037354
|switch|p2a: Great Tusk|Great Tusk|100/100|[from] Parting Shot
|
|-heal|p1a: Kingambit|100/100|[from] item: Leftovers
|upkeep
|turn|10
|inactive|koreanbreakfast has 120 seconds left.
|c|☆koreanbreakfast|i can see u in the ou room
|c|☆koreanbreakfast|dont say anything ur planning to do
|
|t:|1776037391
|-end|p1a: Kingambit|fallenundefined|[silent]
|switch|p1a: Great Tusk|Great Tusk, shiny|100/100
|move|p2a: Great Tusk|Headlong Rush|p1a: Great Tusk
|-damage|p1a: Great Tusk|49/100
|-unboost|p2a: Great Tusk|def|1
|-unboost|p2a: Great Tusk|spd|1
|-damage|p2a: Great Tusk|84/100|[from] item: Rocky Helmet|[of] p1a: Great Tusk
|
|upkeep
|turn|11
|inactive|koreanbreakfast has 90 seconds left.
|
|t:|1776037417
|-end|p2a: Great Tusk|Protosynthesis|[silent]
|switch|p2a: Moltres|Moltres|100/100
|move|p1a: Great Tusk|Headlong Rush|p2a: Moltres
|-immune|p2a: Moltres
|
|upkeep
|turn|12
|inactive|koreanbreakfast has 90 seconds left.
|
|t:|1776037427
|-end|p1a: Great Tusk|Protosynthesis|[silent]
|switch|p1a: Slowking|Slowking-Galar, M, shiny|100/100
|move|p2a: Moltres|Will-O-Wisp|p1a: Slowking|[miss]
|-miss|p2a: Moltres|p1a: Slowking
|
|upkeep
|turn|13
|
|t:|1776037436
|move|p2a: Moltres|U-turn|p1a: Slowking
|-damage|p1a: Slowking|89/100
|inactive|thegrindto2000dez has 120 seconds left.
|
|t:|1776037482
|switch|p2a: Great Tusk|Great Tusk|84/100|[from] U-turn
|move|p1a: Slowking|Psychic Noise|p2a: Great Tusk
|-supereffective|p2a: Great Tusk
|-damage|p2a: Great Tusk|34/100
|-start|p2a: Great Tusk|move: Heal Block
|
|upkeep
|turn|14
|
|t:|1776037490
|switch|p1a: Enamorus|Enamorus, F, shiny|81/100
|move|p2a: Great Tusk|Ice Spinner|p1a: Enamorus
|-supereffective|p1a: Enamorus
|-damage|p1a: Enamorus|0 fnt
|faint|p1a: Enamorus
|
|-end|p2a: Great Tusk|move: Heal Block
|upkeep
|
|t:|1776037500
|switch|p1a: Ogerpon|Ogerpon, F|100/100
|turn|15
|inactive|thegrindto2000dez has 120 seconds left.
|
|t:|1776037517
|switch|p1a: Primarina|Primarina, M, shiny|84/100
|move|p2a: Great Tusk|Ice Spinner|p1a: Primarina
|-resisted|p1a: Primarina
|-damage|p1a: Primarina|63/100
|
|-heal|p1a: Primarina|69/100|[from] item: Leftovers
|upkeep
|turn|16
|inactive|koreanbreakfast has 120 seconds left.
|
|t:|1776037525
|move|p1a: Primarina|Psychic Noise|p2a: Great Tusk
|-supereffective|p2a: Great Tusk
|-damage|p2a: Great Tusk|0 fnt
|faint|p2a: Great Tusk
|-end|p2a: Great Tusk|Protosynthesis|[silent]
|
|-heal|p1a: Primarina|75/100|[from] item: Leftovers
|upkeep
|inactive|thegrindto2000dez has 120 seconds left.
|
|t:|1776037533
|switch|p2a: Ogerpon|Ogerpon-Wellspring, F|100/100
|turn|17
|inactive|thegrindto2000dez has 120 seconds left.
|inactive|koreanbreakfast has 120 seconds left.
|
|t:|1776037551
|move|p2a: Ogerpon|Swords Dance|p2a: Ogerpon
|-boost|p2a: Ogerpon|atk|2
|move|p1a: Primarina|Moonblast|p2a: Ogerpon
|-damage|p2a: Ogerpon|42/100
|
|-heal|p1a: Primarina|81/100|[from] item: Leftovers
|upkeep
|turn|18
|inactive|koreanbreakfast has 120 seconds left.
|inactive|thegrindto2000dez has 120 seconds left.
|inactive|thegrindto2000dez has 90 seconds left.
|
|t:|1776037609
|switch|p1a: Kingambit|Kingambit, M, shiny|100/100
|-activate|p1a: Kingambit|ability: Supreme Overlord
|-start|p1a: Kingambit|fallen1|[silent]
|move|p2a: Ogerpon|Horn Leech|p1a: Kingambit
|-resisted|p1a: Kingambit
|-damage|p1a: Kingambit|69/100
|-heal|p2a: Ogerpon|63/100|[from] drain|[of] p1a: Kingambit
|
|-heal|p1a: Kingambit|75/100|[from] item: Leftovers
|upkeep
|turn|19
|
|t:|1776037617
|move|p2a: Ogerpon|Ivy Cudgel|p1a: Kingambit|[anim] Ivy Cudgel Water
|-damage|p1a: Kingambit|0 fnt
|faint|p1a: Kingambit
|-end|p1a: Kingambit|fallen1|[silent]
|
|upkeep
|
|t:|1776037630
|switch|p1a: Ogerpon|Ogerpon, F|100/100
|turn|20
|
|t:|1776037638
|move|p1a: Ogerpon|U-turn|p2a: Ogerpon
|-supereffective|p2a: Ogerpon
|-damage|p2a: Ogerpon|0 fnt
|faint|p2a: Ogerpon
|
|t:|1776037644
|switch|p1a: Slowking|Slowking-Galar, M, shiny|100/100|[from] U-turn
|
|upkeep
|inactive|thegrindto2000dez has 90 seconds left.
|inactive|thegrindto2000dez has 60 seconds left.
|
|t:|1776037702
|switch|p2a: Dragapult|Dragapult, M|100/100
|turn|21
|
|t:|1776037723
|move|p2a: Dragapult|Shadow Ball|p1a: Slowking
|-supereffective|p1a: Slowking
|-damage|p1a: Slowking|48/100
|move|p1a: Slowking|Ice Beam|p2a: Dragapult
|-supereffective|p2a: Dragapult
|-damage|p2a: Dragapult|39/100
|
|upkeep
|turn|22
|inactive|koreanbreakfast has 120 seconds left.
|
|t:|1776037729
|switch|p1a: Great Tusk|Great Tusk, shiny|49/100
|move|p2a: Dragapult|Shadow Ball|p1a: Great Tusk
|-damage|p1a: Great Tusk|0 fnt
|faint|p1a: Great Tusk
|-end|p1a: Great Tusk|Protosynthesis|[silent]
|
|upkeep
|inactive|koreanbreakfast has 120 seconds left.
|
|t:|1776037751
|switch|p1a: Primarina|Primarina, M, shiny|81/100
|turn|23
|
|t:|1776037757
|switch|p2a: Pecharunt|Pecharunt|80/100
|move|p1a: Primarina|Moonblast|p2a: Pecharunt
|-resisted|p2a: Pecharunt
|-damage|p2a: Pecharunt|53/100
|
|-heal|p1a: Primarina|87/100|[from] item: Leftovers
|-heal|p2a: Pecharunt|59/100|[from] item: Leftovers
|upkeep
|turn|24
|
|t:|1776037761
|switch|p1a: Slowking|Slowking-Galar, M, shiny|81/100
|move|p2a: Pecharunt|Malignant Chain|p1a: Slowking
|-resisted|p1a: Slowking
|-damage|p1a: Slowking|74/100
|
|-heal|p2a: Pecharunt|65/100|[from] item: Leftovers
|upkeep
|turn|25
|
|t:|1776037766
|move|p2a: Pecharunt|Parting Shot|p1a: Slowking
|-unboost|p1a: Slowking|atk|1
|-unboost|p1a: Slowking|spa|1
|
|t:|1776037768
|switch|p2a: Mandibuzz|Mandibuzz, F, shiny|74/100|[from] Parting Shot
|move|p1a: Slowking|Psychic Noise|p2a: Mandibuzz
|-immune|p2a: Mandibuzz
|
|upkeep
|turn|26
|
|t:|1776037772
|move|p2a: Mandibuzz|Knock Off|p1a: Slowking
|-supereffective|p1a: Slowking
|-damage|p1a: Slowking|39/100
|-enditem|p1a: Slowking|Assault Vest|[from] move: Knock Off|[of] p2a: Mandibuzz
|move|p1a: Slowking|Ice Beam|p2a: Mandibuzz
|-supereffective|p2a: Mandibuzz
|-damage|p2a: Mandibuzz|55/100
|
|upkeep
|turn|27
|
|t:|1776037779
|move|p2a: Mandibuzz|Roost|p2a: Mandibuzz
|-heal|p2a: Mandibuzz|100/100
|-singleturn|p2a: Mandibuzz|move: Roost
|move|p1a: Slowking|Ice Beam|p2a: Mandibuzz
|-damage|p2a: Mandibuzz|92/100
|
|upkeep
|turn|28
|
|t:|1776037784
|move|p2a: Mandibuzz|U-turn|p1a: Slowking
|-damage|p1a: Slowking|30/100
|
|t:|1776037785
|switch|p2a: Pecharunt|Pecharunt|65/100|[from] U-turn
|move|p1a: Slowking|Ice Beam|p2a: Pecharunt
|-crit|p2a: Pecharunt
|-damage|p2a: Pecharunt|31/100
|
|-heal|p2a: Pecharunt|37/100|[from] item: Leftovers
|upkeep
|turn|29
|
|t:|1776037797
|switch|p1a: Ogerpon|Ogerpon, F|100/100
|move|p2a: Pecharunt|Recover|p2a: Pecharunt
|-heal|p2a: Pecharunt|87/100
|
|-heal|p2a: Pecharunt|93/100|[from] item: Leftovers
|upkeep
|turn|30
|inactive|thegrindto2000dez has 120 seconds left.
|
|t:|1776037809
|move|p1a: Ogerpon|U-turn|p2a: Pecharunt
|-resisted|p2a: Pecharunt
|-damage|p2a: Pecharunt|89/100
|
|t:|1776037812
|switch|p1a: Slowking|Slowking-Galar, M, shiny|63/100|[from] U-turn
|move|p2a: Pecharunt|Malignant Chain|p1a: Slowking
|-resisted|p1a: Slowking
|-damage|p1a: Slowking|52/100
|
|-heal|p2a: Pecharunt|95/100|[from] item: Leftovers
|upkeep
|turn|31
|
|t:|1776037821
|switch|p1a: Primarina|Primarina, M, shiny|87/100
|move|p2a: Pecharunt|Parting Shot|p1a: Primarina
|-unboost|p1a: Primarina|atk|1
|-unboost|p1a: Primarina|spa|1
|inactive|thegrindto2000dez has 120 seconds left.
|inactive|thegrindto2000dez has 90 seconds left.
|
|t:|1776037863
|switch|p2a: Moltres|Moltres|100/100|[from] Parting Shot
|
|-heal|p1a: Primarina|93/100|[from] item: Leftovers
|upkeep
|turn|32
|
|t:|1776037870
|move|p1a: Primarina|Psychic Noise|p2a: Moltres
|-supereffective|p2a: Moltres
|-damage|p2a: Moltres|41/100
|-start|p2a: Moltres|move: Heal Block
|move|p2a: Moltres|Will-O-Wisp|p1a: Primarina
|-status|p1a: Primarina|brn
|
|-heal|p1a: Primarina|99/100 brn|[from] item: Leftovers
|-damage|p1a: Primarina|93/100 brn|[from] brn
|upkeep
|turn|33
|inactive|thegrindto2000dez has 90 seconds left.
|
|t:|1776037910
|move|p1a: Primarina|Psychic Noise|p2a: Moltres
|-supereffective|p2a: Moltres
|-damage|p2a: Moltres|0 fnt
|faint|p2a: Moltres
|
|-heal|p1a: Primarina|99/100 brn|[from] item: Leftovers
|-damage|p1a: Primarina|93/100 brn|[from] brn
|upkeep
|
|t:|1776037914
|switch|p2a: Pecharunt|Pecharunt|95/100
|turn|34
|
|t:|1776037921
|move|p1a: Primarina|Psychic Noise|p2a: Pecharunt
|-damage|p2a: Pecharunt|67/100
|-start|p2a: Pecharunt|move: Heal Block
|move|p2a: Pecharunt|Hex|p1a: Primarina
|-damage|p1a: Primarina|55/100 brn
|
|-heal|p1a: Primarina|61/100 brn|[from] item: Leftovers
|-damage|p1a: Primarina|55/100 brn|[from] brn
|upkeep
|turn|35
|inactive|thegrindto2000dez has 90 seconds left.
|
|t:|1776037949
|switch|p1a: Slowking|Slowking-Galar, M, shiny|85/100
|move|p2a: Pecharunt|Malignant Chain|p1a: Slowking
|-resisted|p1a: Slowking
|-damage|p1a: Slowking|73/100
|
|-end|p2a: Pecharunt|move: Heal Block
|upkeep
|turn|36
|
|t:|1776037954
|switch|p1a: Ogerpon|Ogerpon, F|100/100
|move|p2a: Pecharunt|Recover|p2a: Pecharunt
|-heal|p2a: Pecharunt|100/100
|
|upkeep
|turn|37
|
|t:|1776037958
|move|p1a: Ogerpon|U-turn|p2a: Pecharunt
|-resisted|p2a: Pecharunt
|-damage|p2a: Pecharunt|97/100
|
|t:|1776037961
|switch|p1a: Slowking|Slowking-Galar, M, shiny|100/100|[from] U-turn
|move|p2a: Pecharunt|Malignant Chain|p1a: Slowking
|-resisted|p1a: Slowking
|-damage|p1a: Slowking|88/100
|
|-heal|p2a: Pecharunt|100/100|[from] item: Leftovers
|upkeep
|turn|38
|inactive|thegrindto2000dez has 90 seconds left.
|
|t:|1776038012
|move|p2a: Pecharunt|Hex|p1a: Slowking
|-supereffective|p1a: Slowking
|-damage|p1a: Slowking|58/100
|move|p1a: Slowking|Ice Beam|p2a: Pecharunt
|-damage|p2a: Pecharunt|76/100
|
|-heal|p2a: Pecharunt|82/100|[from] item: Leftovers
|upkeep
|turn|39
|inactive|thegrindto2000dez has 60 seconds left.
|
|t:|1776038047
|move|p2a: Pecharunt|Hex|p1a: Slowking
|-supereffective|p1a: Slowking
|-damage|p1a: Slowking|28/100
|move|p1a: Slowking|Psychic Noise|p2a: Pecharunt
|-supereffective|p2a: Pecharunt
|-damage|p2a: Pecharunt|22/100
|-start|p2a: Pecharunt|move: Heal Block
|
|upkeep
|turn|40
|
|t:|1776038053
|switch|p1a: Primarina|Primarina, M, shiny|55/100 brn
|move|p2a: Pecharunt|Parting Shot|p1a: Primarina
|-unboost|p1a: Primarina|atk|1
|-unboost|p1a: Primarina|spa|1
|
|t:|1776038057
|switch|p2a: Dragapult|Dragapult, M|39/100|[from] Parting Shot
|
|-heal|p1a: Primarina|61/100 brn|[from] item: Leftovers
|-damage|p1a: Primarina|55/100 brn|[from] brn
|upkeep
|turn|41
|
|t:|1776038060
|move|p2a: Dragapult|Shadow Ball|p1a: Primarina
|-damage|p1a: Primarina|5/100 brn
|move|p1a: Primarina|Moonblast|p2a: Dragapult
|-supereffective|p2a: Dragapult
|-damage|p2a: Dragapult|0 fnt
|faint|p2a: Dragapult
|
|-heal|p1a: Primarina|11/100 brn|[from] item: Leftovers
|-damage|p1a: Primarina|5/100 brn|[from] brn
|upkeep
|
|t:|1776038069
|switch|p2a: Mandibuzz|Mandibuzz, F, shiny|92/100
|turn|42
|
|t:|1776038072
|switch|p2a: Pecharunt|Pecharunt|22/100
|move|p1a: Primarina|Moonblast|p2a: Pecharunt
|-resisted|p2a: Pecharunt
|-damage|p2a: Pecharunt|5/100
|
|-heal|p1a: Primarina|11/100 brn|[from] item: Leftovers
|-heal|p2a: Pecharunt|11/100|[from] item: Leftovers
|-damage|p1a: Primarina|5/100 brn|[from] brn
|upkeep
|turn|43
|
|t:|1776038081
|move|p1a: Primarina|Psychic Noise|p2a: Pecharunt
|-damage|p2a: Pecharunt|0 fnt
|faint|p2a: Pecharunt
|
|-heal|p1a: Primarina|11/100 brn|[from] item: Leftovers
|-damage|p1a: Primarina|5/100 brn|[from] brn
|upkeep
|
|t:|1776038084
|switch|p2a: Mandibuzz|Mandibuzz, F, shiny|92/100
|turn|44
|inactive|koreanbreakfast has 120 seconds left.
|
|t:|1776038119
|-terastallize|p2a: Mandibuzz|Fairy
|move|p1a: Primarina|Psychic Noise|p2a: Mandibuzz
|-damage|p2a: Mandibuzz|74/100
|-start|p2a: Mandibuzz|move: Heal Block
|move|p2a: Mandibuzz|Knock Off|p1a: Primarina
|-resisted|p1a: Primarina
|-damage|p1a: Primarina|0 fnt
|-enditem|p1a: Primarina|Leftovers|[from] move: Knock Off|[of] p2a: Mandibuzz
|faint|p1a: Primarina
|
|upkeep
|
|t:|1776038122
|switch|p1a: Ogerpon|Ogerpon, F|100/100
|turn|45
|
|t:|1776038128
|move|p1a: Ogerpon|Ivy Cudgel|p2a: Mandibuzz
|-crit|p2a: Mandibuzz
|-damage|p2a: Mandibuzz|0 fnt
|faint|p2a: Mandibuzz
|
|win|koreanbreakfast
|raw|koreanbreakfast's rating: 1313 &rarr; <strong>1332</strong><br />(+19 for winning)
|raw|thegrindto2000dez's rating: 1295 &rarr; <strong>1271</strong><br />(-24 for losing)
