|html|<div class="broadcast-blue"><strong>[Gen 9] OU is currently suspecting Tera Blast! For information on how to participate check out the <a href="https://www.smogon.com/tools/suspects/view/200">suspect thread</a>.</strong></div>
|j|☆Auburn Hills
|j|☆NeoNaruto✈️_✈️
|t:|1776032805
|gametype|singles
|player|p1|Auburn Hills|alder|1735
|player|p2|NeoNaruto✈️_✈️|medium|1694
|gen|9
|tier|[Gen 9] OU
|rated|
|rule|HP Percentage Mod: HP is shown in percentages
|rule|Endless Battle Clause: Forcing endless battles is banned
|rule|Species Clause: Limit one of each Pokémon
|rule|OHKO Clause: OHKO moves are banned
|rule|Evasion Items Clause: Evasion items are banned
|rule|Evasion Moves Clause: Evasion moves are banned
|rule|Evasion Abilities Clause: Evasion abilities are banned
|rule|Sleep Moves Clause: Sleep-inducing moves are banned
|clearpoke
|poke|p1|Iron Moth|
|poke|p1|Umbreon, M|
|poke|p1|Garchomp, F|
|poke|p1|Glimmora, F|
|poke|p1|Gholdengo|
|poke|p1|Dragonite, M|
|poke|p2|Tyranitar, F|
|poke|p2|Kyurem|
|poke|p2|Staraptor, M|
|poke|p2|Garchomp, M|
|poke|p2|Torkoal, M|
|poke|p2|Dragonite, M|
|teampreview
|inactive|Battle timer is ON: inactive players will automatically lose when time's up. (requested by NeoNaruto✈️_✈️)
|
|t:|1776032809
|teamsize|p1|6
|teamsize|p2|6
|start
|switch|p1a: Julia Jacklin|Glimmora, F|100/100
|switch|p2a: VODECi III|Kyurem, shiny|100/100
|-ability|p2a: VODECi III|Pressure
|turn|1
|inactive|Auburn Hills has 120 seconds left.
|
|t:|1776032840
|switch|p2a: DA LAST REX(3005)|Tyranitar, F, shiny|100/100
|-weather|Sandstorm|[from] ability: Sand Stream|[of] p2a: DA LAST REX(3005)
|move|p1a: Julia Jacklin|Mortal Spin|p2a: DA LAST REX(3005)
|-resisted|p2a: DA LAST REX(3005)
|-damage|p2a: DA LAST REX(3005)|98/100
|-status|p2a: DA LAST REX(3005)|psn
|
|-weather|Sandstorm|[upkeep]
|-damage|p2a: DA LAST REX(3005)|86/100 psn|[from] psn
|upkeep
|turn|2
|
|t:|1776032847
|move|p1a: Julia Jacklin|Stealth Rock|p2a: DA LAST REX(3005)
|-sidestart|p2: NeoNaruto✈️_✈️|move: Stealth Rock
|move|p2a: DA LAST REX(3005)|Earthquake|p1a: Julia Jacklin
|-supereffective|p1a: Julia Jacklin
|-enditem|p1a: Julia Jacklin|Focus Sash
|-damage|p1a: Julia Jacklin|1/100
|-activate|p1a: Julia Jacklin|ability: Toxic Debris
|-sidestart|p2: NeoNaruto✈️_✈️|move: Toxic Spikes
|
|-weather|Sandstorm|[upkeep]
|-damage|p2a: DA LAST REX(3005)|74/100 psn|[from] psn
|upkeep
|turn|3
|
|t:|1776032860
|move|p1a: Julia Jacklin|Earth Power|p2a: DA LAST REX(3005)
|-supereffective|p2a: DA LAST REX(3005)
|-damage|p2a: DA LAST REX(3005)|56/100 psn
|move|p2a: DA LAST REX(3005)|Knock Off|p1a: Julia Jacklin
|-damage|p1a: Julia Jacklin|0 fnt
|-activate|p1a: Julia Jacklin|ability: Toxic Debris
|-sidestart|p2: NeoNaruto✈️_✈️|move: Toxic Spikes
|faint|p1a: Julia Jacklin
|
|-weather|Sandstorm|[upkeep]
|-damage|p2a: DA LAST REX(3005)|43/100 psn|[from] psn
|upkeep
|
|t:|1776032864
|switch|p1a: Rat Tally|Garchomp, F|100/100
|turn|4
|
|t:|1776032866
|switch|p2a: OVO CHUBBS|Torkoal, M, shiny|100/100
|-weather|SunnyDay|[from] ability: Drought|[of] p2a: OVO CHUBBS
|move|p1a: Rat Tally|Scale Shot|p2a: OVO CHUBBS|[miss]
|-miss|p1a: Rat Tally|p2a: OVO CHUBBS
|
|-weather|SunnyDay|[upkeep]
|upkeep
|turn|5
|
|t:|1776032869
|switch|p1a: Smino|Gholdengo|100/100
|move|p2a: OVO CHUBBS|Will-O-Wisp|p1a: Smino
|-immune|p1a: Smino|[from] ability: Good as Gold
|
|-weather|SunnyDay|[upkeep]
|upkeep
|turn|6
|
|t:|1776032873
|switch|p2a: BIRD JESUS|Staraptor, M|100/100
|-damage|p2a: BIRD JESUS|75/100|[from] Stealth Rock
|move|p1a: Smino|Trick|p2a: BIRD JESUS
|-activate|p1a: Smino|move: Trick|[of] p2a: BIRD JESUS
|-item|p2a: BIRD JESUS|Choice Scarf|[from] move: Trick
|-item|p1a: Smino|Choice Band|[from] move: Trick
|
|-weather|SunnyDay|[upkeep]
|upkeep
|turn|7
|
|t:|1776032879
|switch|p1a: Elucid|Dragonite, M|100/100
|move|p2a: BIRD JESUS|Brave Bird|p1a: Elucid
|-damage|p1a: Elucid|56/100
|-damage|p2a: BIRD JESUS|60/100|[from] Recoil
|
|-weather|SunnyDay|[upkeep]
|upkeep
|turn|8
|
|t:|1776032884
|switch|p2a: OVO CHUBBS|Torkoal, M, shiny|100/100
|move|p1a: Elucid|Extreme Speed|p2a: OVO CHUBBS
|-damage|p2a: OVO CHUBBS|82/100
|
|-weather|none
|upkeep
|turn|9
|
|t:|1776032898
|switch|p1a: Smino|Gholdengo|100/100
|move|p2a: OVO CHUBBS|Rapid Spin|p1a: Smino
|-immune|p1a: Smino
|
|upkeep
|turn|10
|
|t:|1776032901
|switch|p2a: BIRD JESUS|Staraptor, M|60/100
|-damage|p2a: BIRD JESUS|35/100|[from] Stealth Rock
|move|p1a: Smino|Shadow Ball|p2a: BIRD JESUS
|-immune|p2a: BIRD JESUS
|
|upkeep
|turn|11
|j| Jokaida
|
|t:|1776032906
|switch|p1a: Alvvays|Umbreon, M|100/100
|move|p2a: BIRD JESUS|Brave Bird|p1a: Alvvays
|-damage|p1a: Alvvays|36/100
|-damage|p2a: BIRD JESUS|8/100|[from] Recoil
|
|-heal|p1a: Alvvays|42/100|[from] item: Leftovers
|upkeep
|turn|12
|
|t:|1776032908
|move|p1a: Alvvays|Protect|p1a: Alvvays
|-singleturn|p1a: Alvvays|Protect
|move|p2a: BIRD JESUS|Brave Bird|p1a: Alvvays
|-activate|p1a: Alvvays|move: Protect
|
|-heal|p1a: Alvvays|48/100|[from] item: Leftovers
|upkeep
|turn|13
|
|t:|1776032911
|switch|p1a: Smino|Gholdengo|100/100
|move|p2a: BIRD JESUS|Brave Bird|p1a: Smino
|-resisted|p1a: Smino
|-damage|p1a: Smino|59/100
|-damage|p2a: BIRD JESUS|0 fnt|[from] Recoil
|faint|p2a: BIRD JESUS
|
|upkeep
|
|t:|1776032917
|switch|p2a: FAT CHARIZARD|Dragonite, M, shiny|100/100
|turn|14
|
|t:|1776032946
|switch|p1a: Alvvays|Umbreon, M|48/100
|move|p2a: FAT CHARIZARD|Earthquake|p1a: Alvvays
|-damage|p1a: Alvvays|16/100
|
|-heal|p1a: Alvvays|22/100|[from] item: Leftovers
|upkeep
|turn|15
|
|t:|1776032950
|move|p2a: FAT CHARIZARD|Earthquake|p1a: Alvvays
|-damage|p1a: Alvvays|0 fnt
|faint|p1a: Alvvays
|
|upkeep
|
|t:|1776032952
|switch|p1a: Rat Tally|Garchomp, F|100/100
|turn|16
|
|t:|1776032958
|switch|p2a: VODECi III|Kyurem, shiny|100/100
|-damage|p2a: VODECi III|76/100|[from] Stealth Rock
|-status|p2a: VODECi III|tox
|-ability|p2a: VODECi III|Pressure
|move|p1a: Rat Tally|Scale Shot|p2a: VODECi III
|-supereffective|p2a: VODECi III
|-damage|p2a: VODECi III|51/100 tox
|-supereffective|p2a: VODECi III
|-damage|p2a: VODECi III|27/100 tox
|-supereffective|p2a: VODECi III
|-damage|p2a: VODECi III|3/100 tox
|-supereffective|p2a: VODECi III
|-damage|p2a: VODECi III|0 fnt
|faint|p2a: VODECi III
|-hitcount|p2: VODECi III|4
|-unboost|p1a: Rat Tally|def|1
|-boost|p1a: Rat Tally|spe|1
|
|upkeep
|
|t:|1776032960
|switch|p2a: OVO CHUBBS|Torkoal, M, shiny|82/100
|-weather|SunnyDay|[from] ability: Drought|[of] p2a: OVO CHUBBS
|turn|17
|
|t:|1776032975
|switch|p1a: Smino|Gholdengo|59/100
|move|p2a: OVO CHUBBS|Will-O-Wisp|p1a: Smino
|-immune|p1a: Smino|[from] ability: Good as Gold
|
|-weather|SunnyDay|[upkeep]
|upkeep
|turn|18
|
|t:|1776032982
|switch|p2a: FAT CHARIZARD|Dragonite, M, shiny|100/100
|move|p1a: Smino|Trick|p2a: FAT CHARIZARD
|-activate|p1a: Smino|move: Trick|[of] p2a: FAT CHARIZARD
|-item|p2a: FAT CHARIZARD|Choice Band|[from] move: Trick
|-item|p1a: Smino|Heavy-Duty Boots|[from] move: Trick
|
|-weather|SunnyDay|[upkeep]
|upkeep
|turn|19
|
|t:|1776032991
|switch|p1a: Elucid|Dragonite, M|56/100
|move|p2a: FAT CHARIZARD|Fire Punch|p1a: Elucid
|-resisted|p1a: Elucid
|-damage|p1a: Elucid|19/100
|
|-weather|SunnyDay|[upkeep]
|upkeep
|turn|20
|
|t:|1776032995
|move|p1a: Elucid|Extreme Speed|p2a: FAT CHARIZARD
|-damage|p2a: FAT CHARIZARD|84/100
|move|p2a: FAT CHARIZARD|Fire Punch|p1a: Elucid
|-resisted|p1a: Elucid
|-damage|p1a: Elucid|0 fnt
|faint|p1a: Elucid
|
|-weather|SunnyDay|[upkeep]
|upkeep
|
|t:|1776032999
|switch|p1a: Rat Tally|Garchomp, F|100/100
|turn|21
|
|t:|1776033004
|switch|p2a: I HAVE NO ENEMIES|Garchomp, M|100/100
|-damage|p2a: I HAVE NO ENEMIES|94/100|[from] Stealth Rock
|-status|p2a: I HAVE NO ENEMIES|tox
|move|p1a: Rat Tally|Scale Shot|p2a: I HAVE NO ENEMIES
|-supereffective|p2a: I HAVE NO ENEMIES
|-damage|p2a: I HAVE NO ENEMIES|77/100 tox
|-supereffective|p2a: I HAVE NO ENEMIES
|-damage|p2a: I HAVE NO ENEMIES|60/100 tox
|-supereffective|p2a: I HAVE NO ENEMIES
|-damage|p2a: I HAVE NO ENEMIES|44/100 tox
|-supereffective|p2a: I HAVE NO ENEMIES
|-damage|p2a: I HAVE NO ENEMIES|29/100 tox
|-hitcount|p2a: I HAVE NO ENEMIES|4
|-unboost|p1a: Rat Tally|def|1
|-boost|p1a: Rat Tally|spe|1
|
|-weather|none
|-damage|p2a: I HAVE NO ENEMIES|23/100 tox|[from] psn
|upkeep
|turn|22
|
|t:|1776033019
|move|p1a: Rat Tally|Earthquake|p2a: I HAVE NO ENEMIES
|-damage|p2a: I HAVE NO ENEMIES|0 fnt
|faint|p2a: I HAVE NO ENEMIES
|
|upkeep
|
|t:|1776033030
|switch|p2a: FAT CHARIZARD|Dragonite, M, shiny|84/100
|-damage|p2a: FAT CHARIZARD|60/100|[from] Stealth Rock
|turn|23
|
|t:|1776033046
|-terastallize|p2a: FAT CHARIZARD|Fairy
|move|p1a: Rat Tally|Scale Shot|p2a: FAT CHARIZARD
|-immune|p2a: FAT CHARIZARD
|move|p2a: FAT CHARIZARD|Tera Blast|p1a: Rat Tally|[anim] Tera Blast Fairy
|-supereffective|p1a: Rat Tally
|-damage|p1a: Rat Tally|0 fnt
|faint|p1a: Rat Tally
|
|upkeep
|
|t:|1776033050
|switch|p1a: Carly Rae|Iron Moth|100/100
|-enditem|p1a: Carly Rae|Booster Energy
|-activate|p1a: Carly Rae|ability: Quark Drive|[fromitem]
|-start|p1a: Carly Rae|quarkdrivespe
|turn|24
|
|t:|1776033055
|move|p1a: Carly Rae|Fiery Dance|p2a: FAT CHARIZARD
|-damage|p2a: FAT CHARIZARD|15/100
|-boost|p1a: Carly Rae|spa|1
|move|p2a: FAT CHARIZARD|Tera Blast|p1a: Carly Rae|[anim] Tera Blast Fairy
|-resisted|p1a: Carly Rae
|-damage|p1a: Carly Rae|77/100
|
|upkeep
|turn|25
|
|t:|1776033061
|move|p1a: Carly Rae|Fiery Dance|p2a: FAT CHARIZARD
|-damage|p2a: FAT CHARIZARD|0 fnt
|-boost|p1a: Carly Rae|spa|1
|faint|p2a: FAT CHARIZARD
|
|upkeep
|
|t:|1776033063
|switch|p2a: DA LAST REX(3005)|Tyranitar, F, shiny|43/100 psn
|-damage|p2a: DA LAST REX(3005)|31/100 psn|[from] Stealth Rock
|-weather|Sandstorm|[from] ability: Sand Stream|[of] p2a: DA LAST REX(3005)
|turn|26
|
|t:|1776033066
|move|p1a: Carly Rae|Dazzling Gleam|p2a: DA LAST REX(3005)
|-supereffective|p2a: DA LAST REX(3005)
|-damage|p2a: DA LAST REX(3005)|1/100 psn
|move|p2a: DA LAST REX(3005)|Earthquake|p1a: Carly Rae
|-supereffective|p1a: Carly Rae
|-damage|p1a: Carly Rae|0 fnt
|faint|p1a: Carly Rae
|-end|p1a: Carly Rae|Quark Drive|[silent]
|
|-weather|Sandstorm|[upkeep]
|-damage|p2a: DA LAST REX(3005)|0 fnt|[from] psn
|faint|p2a: DA LAST REX(3005)
|upkeep
|
|t:|1776033069
|switch|p1a: Smino|Gholdengo|59/100
|switch|p2a: OVO CHUBBS|Torkoal, M, shiny|82/100
|-weather|SunnyDay|[from] ability: Drought|[of] p2a: OVO CHUBBS
|turn|27
|
|t:|1776033074
|-terastallize|p1a: Smino|Flying
|move|p1a: Smino|Shadow Ball|p2a: OVO CHUBBS
|-damage|p2a: OVO CHUBBS|28/100
|move|p2a: OVO CHUBBS|Lava Plume|p1a: Smino
|-damage|p1a: Smino|19/100
|
|-weather|SunnyDay|[upkeep]
|upkeep
|turn|28
|
|t:|1776033079
|move|p1a: Smino|Shadow Ball|p2a: OVO CHUBBS
|-damage|p2a: OVO CHUBBS|0 fnt
|faint|p2a: OVO CHUBBS
|
|win|Auburn Hills
|raw|Auburn Hills's rating: 1735 &rarr; <strong>1753</strong><br />(+18 for winning)
|raw|NeoNaruto✈️_✈️'s rating: 1694 &rarr; <strong>1676</strong><br />(-18 for losing)
|l|☆NeoNaruto✈️_✈️
|player|p2|
|j| SaberSerenity
|l|☆Auburn Hills
|player|p1|
|l| Jokaida
