|html|<div class="broadcast-blue"><strong>[Gen 9] OU is currently suspecting Tera Blast! For information on how to participate check out the <a href="https://www.smogon.com/tools/suspects/view/200">suspect thread</a>.</strong></div>
|j|☆crissperez
|j|☆teamflashterry
|t:|1776070876
|gametype|singles
|player|p1|crissperez|juan|1290
|player|p2|teamflashterry|2|1386
|gen|9
|tier|[Gen 9] OU
|rated|
|rule|HP Percentage Mod: HP is shown in percentages
|rule|Endless Battle Clause: Forcing endless battles is banned
|rule|Species Clause: Limit one of each Pokémon
|rule|OHKO Clause: OHKO moves are banned
|rule|Evasion Items Clause: Evasion items are banned
|rule|Evasion Moves Clause: Evasion moves are banned
|rule|Evasion Abilities Clause: Evasion abilities are banned
|rule|Sleep Moves Clause: Sleep-inducing moves are banned
|clearpoke
|poke|p1|Serperior, M|
|poke|p1|Hawlucha, M|
|poke|p1|Iron Crown|
|poke|p1|Garganacl, F|
|poke|p1|Florges, F|
|poke|p1|Ogerpon-Wellspring, F|
|poke|p2|Gholdengo|
|poke|p2|Kingambit, F|
|poke|p2|Dragapult, F|
|poke|p2|Raging Bolt|
|poke|p2|Iron Valiant|
|poke|p2|Great Tusk|
|teampreview
|inactive|Battle timer is ON: inactive players will automatically lose when time's up. (requested by crissperez)
|
|t:|1776070892
|teamsize|p1|6
|teamsize|p2|6
|start
|switch|p1a: Serperior|Serperior, M|100/100
|switch|p2a: Great Tusk|Great Tusk|100/100
|turn|1
|
|t:|1776070899
|move|p1a: Serperior|Glare|p2a: Great Tusk
|-status|p2a: Great Tusk|par
|move|p2a: Great Tusk|Stealth Rock|p1a: Serperior
|-sidestart|p1: crissperez|move: Stealth Rock
|
|upkeep
|turn|2
|
|t:|1776070904
|-end|p2a: Great Tusk|Protosynthesis|[silent]
|switch|p2a: Dragapult|Dragapult, F|100/100
|move|p1a: Serperior|Leaf Storm|p2a: Dragapult
|-resisted|p2a: Dragapult
|-damage|p2a: Dragapult|65/100
|-boost|p1a: Serperior|spa|2
|
|upkeep
|turn|3
|
|t:|1776070913
|move|p2a: Dragapult|U-turn|p1a: Serperior
|-supereffective|p1a: Serperior
|-damage|p1a: Serperior|59/100
|
|t:|1776070919
|switch|p2a: Great Tusk|Great Tusk|100/100 par|[from] U-turn
|move|p1a: Serperior|Glare|p2a: Great Tusk
|-fail|p2a: Great Tusk|par
|
|upkeep
|turn|4
|
|t:|1776070927
|-end|p2a: Great Tusk|Protosynthesis|[silent]
|switch|p2a: Dragapult|Dragapult, F|65/100
|move|p1a: Serperior|Leaf Storm|p2a: Dragapult|[miss]
|-miss|p1a: Serperior|p2a: Dragapult
|
|upkeep
|turn|5
|
|t:|1776070933
|move|p2a: Dragapult|Draco Meteor|p1a: Serperior
|-damage|p1a: Serperior|0 fnt
|-unboost|p2a: Dragapult|spa|2
|faint|p1a: Serperior
|
|upkeep
|
|t:|1776070960
|switch|p1a: Hawlucha|Hawlucha, M|100/100
|-damage|p1a: Hawlucha|88/100|[from] Stealth Rock
|turn|6
|
|t:|1776070965
|move|p2a: Dragapult|Draco Meteor|p1a: Hawlucha
|-crit|p1a: Hawlucha
|-damage|p1a: Hawlucha|0 fnt
|-unboost|p2a: Dragapult|spa|2
|faint|p1a: Hawlucha
|
|upkeep
|
|t:|1776070972
|switch|p1a: Ogerpon|Ogerpon-Wellspring, F|100/100
|-damage|p1a: Ogerpon|88/100|[from] Stealth Rock
|turn|7
|
|t:|1776070981
|switch|p2a: Raging Bolt|Raging Bolt|100/100
|move|p1a: Ogerpon|Swords Dance|p1a: Ogerpon
|-boost|p1a: Ogerpon|atk|2
|
|upkeep
|turn|8
|
|t:|1776070987
|move|p1a: Ogerpon|Knock Off|p2a: Raging Bolt
|-damage|p2a: Raging Bolt|34/100
|-enditem|p2a: Raging Bolt|Assault Vest|[from] move: Knock Off|[of] p1a: Ogerpon
|move|p2a: Raging Bolt|Thunderbolt|p1a: Ogerpon
|-damage|p1a: Ogerpon|30/100
|
|upkeep
|turn|9
|
|t:|1776070997
|switch|p1a: Iron Crown|Iron Crown|100/100
|-damage|p1a: Iron Crown|94/100|[from] Stealth Rock
|-enditem|p1a: Iron Crown|Booster Energy
|-activate|p1a: Iron Crown|ability: Quark Drive|[fromitem]
|-start|p1a: Iron Crown|quarkdrivespe
|move|p2a: Raging Bolt|Thunderclap||[still]
|-fail|p2a: Raging Bolt
|
|upkeep
|turn|10
|
|t:|1776071006
|move|p1a: Iron Crown|Calm Mind|p1a: Iron Crown
|-boost|p1a: Iron Crown|spa|1
|-boost|p1a: Iron Crown|spd|1
|move|p2a: Raging Bolt|Thunderbolt|p1a: Iron Crown
|-damage|p1a: Iron Crown|61/100
|
|upkeep
|turn|11
|
|t:|1776071015
|move|p1a: Iron Crown|Calm Mind|p1a: Iron Crown
|-boost|p1a: Iron Crown|spa|1
|-boost|p1a: Iron Crown|spd|1
|move|p2a: Raging Bolt|Thunderbolt|p1a: Iron Crown
|-damage|p1a: Iron Crown|34/100
|
|upkeep
|turn|12
|
|t:|1776071022
|move|p2a: Raging Bolt|Thunderclap|p1a: Iron Crown
|-damage|p1a: Iron Crown|15/100
|move|p1a: Iron Crown|Psyshock|p2a: Raging Bolt
|-crit|p2a: Raging Bolt
|-damage|p2a: Raging Bolt|0 fnt
|faint|p2a: Raging Bolt
|-end|p2a: Raging Bolt|Protosynthesis|[silent]
|
|upkeep
|
|t:|1776071031
|switch|p2a: Iron Valiant|Iron Valiant|100/100
|-enditem|p2a: Iron Valiant|Booster Energy
|-activate|p2a: Iron Valiant|ability: Quark Drive|[fromitem]
|-start|p2a: Iron Valiant|quarkdrivespe
|turn|13
|
|t:|1776071040
|move|p2a: Iron Valiant|Encore|p1a: Iron Crown
|-start|p1a: Iron Crown|Encore
|move|p1a: Iron Crown|Psyshock|p2a: Iron Valiant
|-supereffective|p2a: Iron Valiant
|-damage|p2a: Iron Valiant|0 fnt
|faint|p2a: Iron Valiant
|-end|p2a: Iron Valiant|Quark Drive|[silent]
|
|upkeep
|
|t:|1776071043
|switch|p2a: Kingambit|Kingambit, F|100/100
|-activate|p2a: Kingambit|ability: Supreme Overlord
|-start|p2a: Kingambit|fallen2|[silent]
|turn|14
|
|t:|1776071054
|-end|p1a: Iron Crown|Quark Drive|[silent]
|switch|p1a: Garganacl|Garganacl, F|100/100
|-damage|p1a: Garganacl|88/100|[from] Stealth Rock
|move|p2a: Kingambit|Swords Dance|p2a: Kingambit
|-boost|p2a: Kingambit|atk|2
|
|upkeep
|turn|15
|
|t:|1776071077
|move|p2a: Kingambit|Kowtow Cleave|p1a: Garganacl
|-damage|p1a: Garganacl|11/100
|-damage|p2a: Kingambit|84/100|[from] item: Rocky Helmet|[of] p1a: Garganacl
|move|p1a: Garganacl|Body Press|p2a: Kingambit
|-supereffective|p2a: Kingambit
|-damage|p2a: Kingambit|0 fnt
|faint|p2a: Kingambit
|-end|p2a: Kingambit|fallen2|[silent]
|
|upkeep
|inactive|teamflashterry has 120 seconds left.
|
|t:|1776071092
|switch|p2a: Dragapult|Dragapult, F|65/100
|turn|16
|
|t:|1776071099
|-terastallize|p2a: Dragapult|Ghost
|move|p2a: Dragapult|Shadow Ball|p1a: Garganacl
|-damage|p1a: Garganacl|0 fnt
|faint|p1a: Garganacl
|
|upkeep
|
|t:|1776071109
|switch|p1a: Florges|Florges, F|100/100
|-damage|p1a: Florges|88/100|[from] Stealth Rock
|turn|17
|
|t:|1776071114
|switch|p2a: Great Tusk|Great Tusk|100/100 par
|move|p1a: Florges|Calm Mind|p1a: Florges
|-boost|p1a: Florges|spa|1
|-boost|p1a: Florges|spd|1
|
|-heal|p1a: Florges|94/100|[from] item: Leftovers
|upkeep
|turn|18
|
|t:|1776071122
|move|p1a: Florges|Calm Mind|p1a: Florges
|-boost|p1a: Florges|spa|1
|-boost|p1a: Florges|spd|1
|cant|p2a: Great Tusk|par
|
|-heal|p1a: Florges|99/100|[from] item: Leftovers
|upkeep
|turn|19
|
|t:|1776071130
|move|p1a: Florges|Calm Mind|p1a: Florges
|-boost|p1a: Florges|spa|1
|-boost|p1a: Florges|spd|1
|move|p2a: Great Tusk|Headlong Rush|p1a: Florges
|-damage|p1a: Florges|32/100
|-unboost|p2a: Great Tusk|def|1
|-unboost|p2a: Great Tusk|spd|1
|
|-heal|p1a: Florges|39/100|[from] item: Leftovers
|upkeep
|turn|20
|
|t:|1776071141
|-end|p2a: Great Tusk|Protosynthesis|[silent]
|switch|p2a: Gholdengo|Gholdengo|100/100
|-item|p2a: Gholdengo|Air Balloon
|move|p1a: Florges|Draining Kiss|p2a: Gholdengo
|-resisted|p2a: Gholdengo
|-damage|p2a: Gholdengo|70/100
|-heal|p1a: Florges|58/100|[from] drain|[of] p2a: Gholdengo
|-enditem|p2a: Gholdengo|Air Balloon
|
|-heal|p1a: Florges|64/100|[from] item: Leftovers
|upkeep
|turn|21
|
|t:|1776071157
|move|p2a: Gholdengo|Nasty Plot|p2a: Gholdengo
|-boost|p2a: Gholdengo|spa|2
|move|p1a: Florges|Psychic|p2a: Gholdengo
|-resisted|p2a: Gholdengo
|-damage|p2a: Gholdengo|38/100
|
|-heal|p1a: Florges|70/100|[from] item: Leftovers
|upkeep
|turn|22
|
|t:|1776071182
|move|p2a: Gholdengo|Recover|p2a: Gholdengo
|-heal|p2a: Gholdengo|88/100
|move|p1a: Florges|Psychic|p2a: Gholdengo
|-resisted|p2a: Gholdengo
|-damage|p2a: Gholdengo|54/100
|
|-heal|p1a: Florges|77/100|[from] item: Leftovers
|upkeep
|turn|23
|
|t:|1776071196
|move|p2a: Gholdengo|Make It Rain|p1a: Florges
|-supereffective|p1a: Florges
|-damage|p1a: Florges|21/100
|-unboost|p2a: Gholdengo|spa|1
|move|p1a: Florges|Psychic|p2a: Gholdengo
|-resisted|p2a: Gholdengo
|-damage|p2a: Gholdengo|20/100
|
|-heal|p1a: Florges|27/100|[from] item: Leftovers
|upkeep
|turn|24
|
|t:|1776071207
|move|p2a: Gholdengo|Make It Rain|p1a: Florges
|-supereffective|p1a: Florges
|-damage|p1a: Florges|0 fnt
|-unboost|p2a: Gholdengo|spa|1
|faint|p1a: Florges
|
|upkeep
|
|t:|1776071214
|switch|p1a: Iron Crown|Iron Crown|15/100
|-damage|p1a: Iron Crown|9/100|[from] Stealth Rock
|turn|25
|
|t:|1776071220
|move|p1a: Iron Crown|Psyshock|p2a: Gholdengo
|-resisted|p2a: Gholdengo
|-damage|p2a: Gholdengo|0 fnt
|faint|p2a: Gholdengo
|
|upkeep
|
|t:|1776071224
|switch|p2a: Dragapult|Dragapult, F, tera:Ghost|65/100
|turn|26
|
|t:|1776071227
|move|p2a: Dragapult|Shadow Ball|p1a: Iron Crown
|-supereffective|p1a: Iron Crown
|-damage|p1a: Iron Crown|0 fnt
|faint|p1a: Iron Crown
|-end|p1a: Iron Crown|Quark Drive|[silent]
|
|upkeep
|
|t:|1776071233
|switch|p1a: Ogerpon|Ogerpon-Wellspring, F|30/100
|-damage|p1a: Ogerpon|18/100|[from] Stealth Rock
|turn|27
|
|t:|1776071238
|move|p2a: Dragapult|Shadow Ball|p1a: Ogerpon
|-damage|p1a: Ogerpon|0 fnt
|faint|p1a: Ogerpon
|
|win|teamflashterry
|raw|crissperez's rating: 1290 &rarr; <strong>1272</strong><br />(-18 for losing)
|raw|teamflashterry's rating: 1386 &rarr; <strong>1401</strong><br />(+15 for winning)
|l|☆crissperez
|player|p1|
|l|☆teamflashterry
|player|p2|
