|html|<div class="broadcast-blue"><strong>[Gen 9] OU is currently suspecting Volcarona! For information on how to participate check out the <a href="https://www.smogon.com/tools/suspects/view/208">suspect thread</a>.</strong></div>
|j|☆Bifld
|j|☆valpreon
|t:|1778501115
|gametype|singles
|player|p1|Bifld|iono-masters|1448
|player|p2|valpreon|101|1444
|gen|9
|tier|[Gen 9] OU
|rated|
|rule|HP Percentage Mod: HP is shown in percentages
|rule|Endless Battle Clause: Forcing endless battles is banned
|rule|Species Clause: Limit one of each Pokémon
|rule|OHKO Clause: OHKO moves are banned
|rule|Evasion Items Clause: Evasion items are banned
|rule|Evasion Moves Clause: Evasion moves are banned
|rule|Evasion Abilities Clause: Evasion abilities are banned
|rule|Sleep Moves Clause: Sleep-inducing moves are banned
|clearpoke
|poke|p1|Weezing-Galar, M|
|poke|p1|Ogerpon, F|
|poke|p1|Skarmory, M|
|poke|p1|Alomomola, M|
|poke|p1|Clodsire, M|
|poke|p1|Hydreigon, M|
|poke|p2|Iron Valiant|
|poke|p2|Greninja-*, M|
|poke|p2|Lucario, M|
|poke|p2|Noivern, F|
|poke|p2|Ceruledge, M|
|poke|p2|Kingambit, F|
|teampreview
|inactive|Battle timer is ON: inactive players will automatically lose when time's up. (requested by Bifld)
|
|t:|1778501130
|teamsize|p1|6
|teamsize|p2|6
|start
|switch|p1a: Ogerpon|Ogerpon, F|100/100
|switch|p2a: jett|Noivern, F, shiny|100/100
|-item|p1a: Ogerpon|Choice Band|[from] ability: Frisk|[of] p2a: jett
|turn|1
|
|t:|1778501141
|switch|p1a: Alomomola|Alomomola, M|100/100
|move|p2a: jett|Air Slash|p1a: Alomomola
|-damage|p1a: Alomomola|86/100
|
|upkeep
|turn|2
|
|t:|1778501145
|move|p2a: jett|Air Slash|p1a: Alomomola
|-damage|p1a: Alomomola|71/100
|cant|p1a: Alomomola|flinch
|
|upkeep
|turn|3
|
|t:|1778501158
|move|p2a: jett|Air Slash|p1a: Alomomola
|-damage|p1a: Alomomola|56/100
|cant|p1a: Alomomola|flinch
|
|upkeep
|turn|4
|
|t:|1778501162
|move|p2a: jett|Air Slash|p1a: Alomomola
|-damage|p1a: Alomomola|40/100
|move|p1a: Alomomola|Play Rough|p2a: jett
|-supereffective|p2a: jett
|-damage|p2a: jett|56/100
|
|upkeep
|turn|5
|
|t:|1778501174
|switch|p1a: Skarmory|Skarmory, M|100/100
|move|p2a: jett|Air Slash|p1a: Skarmory
|-resisted|p1a: Skarmory
|-damage|p1a: Skarmory|77/100
|
|upkeep
|turn|6
|
|t:|1778501183
|switch|p1a: Alomomola|Alomomola, M|74/100
|move|p2a: jett|Air Slash|p1a: Alomomola
|-damage|p1a: Alomomola|57/100
|
|upkeep
|turn|7
|
|t:|1778501199
|switch|p1a: Clodsire|Clodsire, M|100/100
|move|p2a: jett|Air Slash|p1a: Clodsire
|-crit|p1a: Clodsire
|-damage|p1a: Clodsire|74/100
|
|upkeep
|turn|8
|
|t:|1778501205
|move|p2a: jett|Air Slash|p1a: Clodsire
|-crit|p1a: Clodsire
|-damage|p1a: Clodsire|50/100
|move|p1a: Clodsire|Toxic|p2a: jett
|-status|p2a: jett|tox
|
|-damage|p2a: jett|50/100 tox|[from] psn
|upkeep
|turn|9
|
|t:|1778501209
|move|p2a: jett|Air Slash|p1a: Clodsire
|-damage|p1a: Clodsire|32/100
|move|p1a: Clodsire|Stealth Rock|p2a: jett
|-sidestart|p2: valpreon|move: Stealth Rock
|
|-damage|p2a: jett|37/100 tox|[from] psn
|upkeep
|turn|10
|
|t:|1778501213
|move|p2a: jett|Tailwind|p2a: jett
|-sidestart|p2: valpreon|move: Tailwind
|move|p1a: Clodsire|Recover|p1a: Clodsire
|-heal|p1a: Clodsire|82/100
|
|-damage|p2a: jett|19/100 tox|[from] psn
|upkeep
|turn|11
|
|t:|1778501219
|move|p2a: jett|Defog|p1a: Clodsire
|-unboost|p1a: Clodsire|evasion|1
|-sideend|p2: valpreon|Stealth Rock|[from] move: Defog|[of] p2a: jett
|move|p1a: Clodsire|Recover|p1a: Clodsire
|-heal|p1a: Clodsire|100/100
|
|-damage|p2a: jett|0 fnt|[from] psn
|faint|p2a: jett
|upkeep
|
|t:|1778501228
|switch|p2a: super sonic🌀|Greninja, M|100/100
|turn|12
|
|t:|1778501234
|move|p2a: super sonic🌀|Ice Beam|p1a: Clodsire
|-supereffective|p1a: Clodsire
|-damage|p1a: Clodsire|72/100
|move|p1a: Clodsire|Toxic|p2a: super sonic🌀
|-status|p2a: super sonic🌀|tox
|
|-damage|p2a: super sonic🌀|95/100 tox|[from] psn
|upkeep
|turn|13
|
|t:|1778501245
|switch|p1a: Alomomola|Alomomola, M|91/100
|move|p2a: super sonic🌀|Ice Beam|p1a: Alomomola
|-resisted|p1a: Alomomola
|-damage|p1a: Alomomola|83/100
|
|-damage|p2a: super sonic🌀|83/100 tox|[from] psn
|-sideend|p2: valpreon|move: Tailwind
|upkeep
|turn|14
|
|t:|1778501252
|move|p2a: super sonic🌀|Dark Pulse|p1a: Alomomola
|-damage|p1a: Alomomola|63/100
|move|p1a: Alomomola|Mirror Coat|p2a: super sonic🌀
|-immune|p2a: super sonic🌀
|
|-damage|p2a: super sonic🌀|65/100 tox|[from] psn
|upkeep
|turn|15
|inactive|valpreon has 120 seconds left.
|
|t:|1778501284
|move|p2a: super sonic🌀|Dark Pulse|p1a: Alomomola
|-damage|p1a: Alomomola|43/100
|move|p1a: Alomomola|Flip Turn|p2a: super sonic🌀
|-resisted|p2a: super sonic🌀
|-damage|p2a: super sonic🌀|52/100 tox
|
|t:|1778501288
|switch|p1a: Ogerpon|Ogerpon, F|100/100|[from] Flip Turn
|
|-damage|p2a: super sonic🌀|28/100 tox|[from] psn
|upkeep
|turn|16
|
|t:|1778501298
|switch|p1a: Alomomola|Alomomola, M|77/100
|move|p2a: super sonic🌀|Water Shuriken|p1a: Alomomola
|-resisted|p1a: Alomomola
|-damage|p1a: Alomomola|75/100
|-resisted|p1a: Alomomola
|-damage|p1a: Alomomola|73/100
|-resisted|p1a: Alomomola
|-damage|p1a: Alomomola|71/100
|-resisted|p1a: Alomomola
|-damage|p1a: Alomomola|70/100
|-resisted|p1a: Alomomola
|-damage|p1a: Alomomola|67/100
|-hitcount|p1a: Alomomola|5
|
|-damage|p2a: super sonic🌀|0 fnt|[from] psn
|faint|p2a: super sonic🌀
|upkeep
|
|t:|1778501301
|switch|p2a: knuckles💪|Lucario, M|100/100
|turn|17
|
|t:|1778501307
|move|p2a: knuckles💪|Nasty Plot|p2a: knuckles💪
|-boost|p2a: knuckles💪|spa|2
|move|p1a: Alomomola|Flip Turn|p2a: knuckles💪
|-damage|p2a: knuckles💪|73/100
|
|t:|1778501311
|switch|p1a: Clodsire|Clodsire, M|72/100|[from] Flip Turn
|
|upkeep
|turn|18
|
|t:|1778501325
|move|p2a: knuckles💪|Shadow Ball|p1a: Clodsire
|-damage|p1a: Clodsire|55/100
|move|p1a: Clodsire|Recover|p1a: Clodsire
|-heal|p1a: Clodsire|100/100
|
|upkeep
|turn|19
|inactive|valpreon has 120 seconds left.
|
|t:|1778501378
|move|p2a: knuckles💪|Nasty Plot|p2a: knuckles💪
|-boost|p2a: knuckles💪|spa|2
|move|p1a: Clodsire|Earthquake|p2a: knuckles💪
|-supereffective|p2a: knuckles💪
|-damage|p2a: knuckles💪|0 fnt
|faint|p2a: knuckles💪
|
|upkeep
|
|t:|1778501384
|switch|p2a: amterasu💜🌂|Ceruledge, M, shiny|100/100
|turn|20
|
|t:|1778501387
|move|p2a: amterasu💜🌂|Swords Dance|p2a: amterasu💜🌂
|-boost|p2a: amterasu💜🌂|atk|2
|move|p1a: Clodsire|Toxic|p2a: amterasu💜🌂
|-status|p2a: amterasu💜🌂|tox
|
|-damage|p2a: amterasu💜🌂|94/100 tox|[from] psn
|upkeep
|turn|21
|
|t:|1778501397
|move|p2a: amterasu💜🌂|Bitter Blade|p1a: Clodsire
|-damage|p1a: Clodsire|43/100
|-heal|p2a: amterasu💜🌂|100/100 tox|[from] drain|[of] p1a: Clodsire
|move|p1a: Clodsire|Earthquake|p2a: amterasu💜🌂
|-supereffective|p2a: amterasu💜🌂
|-damage|p2a: amterasu💜🌂|20/100 tox
|-ability|p2a: amterasu💜🌂|Weak Armor|boost
|-unboost|p2a: amterasu💜🌂|def|1
|-boost|p2a: amterasu💜🌂|spe|2
|
|-damage|p2a: amterasu💜🌂|7/100 tox|[from] psn
|upkeep
|turn|22
|inactive|valpreon has 120 seconds left.
|
|t:|1778501406
|move|p2a: amterasu💜🌂|Bitter Blade|p1a: Clodsire
|-damage|p1a: Clodsire|0 fnt
|-heal|p2a: amterasu💜🌂|41/100 tox|[from] drain|[of] p1a: Clodsire
|faint|p1a: Clodsire
|
|-damage|p2a: amterasu💜🌂|23/100 tox|[from] psn
|upkeep
|
|t:|1778501409
|switch|p1a: Alomomola|Alomomola, M|100/100
|turn|23
|
|t:|1778501413
|move|p1a: Alomomola|Aqua Jet|p2a: amterasu💜🌂
|-supereffective|p2a: amterasu💜🌂
|-damage|p2a: amterasu💜🌂|0 fnt
|faint|p2a: amterasu💜🌂
|
|upkeep
|
|t:|1778501418
|switch|p2a: Bloody😞|Kingambit, F|100/100
|-activate|p2a: Bloody😞|ability: Supreme Overlord
|-start|p2a: Bloody😞|fallen4|[silent]
|turn|24
|
|t:|1778501421
|move|p2a: Bloody😞|Swords Dance|p2a: Bloody😞
|-boost|p2a: Bloody😞|atk|2
|move|p1a: Alomomola|Flip Turn|p2a: Bloody😞
|-damage|p2a: Bloody😞|89/100
|
|t:|1778501426
|switch|p1a: Weezing|Weezing-Galar, M|100/100|[from] Flip Turn
|-ability|p1a: Weezing|Neutralizing Gas
|
|upkeep
|turn|25
|
|t:|1778501429
|move|p1a: Weezing|Will-O-Wisp|p2a: Bloody😞
|-status|p2a: Bloody😞|brn
|move|p2a: Bloody😞|Iron Head|p1a: Weezing
|-supereffective|p1a: Weezing
|-damage|p1a: Weezing|37/100
|
|-damage|p2a: Bloody😞|83/100 brn|[from] brn
|upkeep
|turn|26
|
|t:|1778501434
|move|p1a: Weezing|Pain Split|p2a: Bloody😞
|-sethp|p2a: Bloody😞|57/100 brn|[from] move: Pain Split|[silent]
|-sethp|p1a: Weezing|69/100|[from] move: Pain Split
|move|p2a: Bloody😞|Swords Dance|p2a: Bloody😞
|-boost|p2a: Bloody😞|atk|2
|
|-damage|p2a: Bloody😞|51/100 brn|[from] brn
|upkeep
|turn|27
|
|t:|1778501448
|-end|p1a: Weezing|ability: Neutralizing Gas
|-activate|p2a: Bloody😞|ability: Supreme Overlord
|-start|p2a: Bloody😞|fallen4|[silent]
|switch|p1a: Alomomola|Alomomola, M|100/100
|move|p2a: Bloody😞|Swords Dance|p2a: Bloody😞
|-boost|p2a: Bloody😞|atk|2
|
|-damage|p2a: Bloody😞|45/100 brn|[from] brn
|upkeep
|turn|28
|
|t:|1778501454
|move|p2a: Bloody😞|Sucker Punch|p1a: Alomomola
|-damage|p1a: Alomomola|0 fnt
|faint|p1a: Alomomola
|
|-damage|p2a: Bloody😞|38/100 brn|[from] brn
|upkeep
|
|t:|1778501460
|switch|p1a: Skarmory|Skarmory, M|77/100
|turn|29
|
|t:|1778501469
|move|p1a: Skarmory|Body Press|p2a: Bloody😞
|-supereffective|p2a: Bloody😞
|-damage|p2a: Bloody😞|0 fnt
|faint|p2a: Bloody😞
|-end|p2a: Bloody😞|fallen4|[silent]
|
|upkeep
|
|t:|1778501471
|switch|p2a: future trunks❤️📌|Iron Valiant, shiny|100/100
|-enditem|p2a: future trunks❤️📌|Booster Energy
|-activate|p2a: future trunks❤️📌|ability: Quark Drive|[fromitem]
|-start|p2a: future trunks❤️📌|quarkdrivespe
|turn|30
|
|t:|1778501474
|move|p2a: future trunks❤️📌|Close Combat|p1a: Skarmory
|-damage|p1a: Skarmory|37/100
|-unboost|p2a: future trunks❤️📌|def|1
|-unboost|p2a: future trunks❤️📌|spd|1
|-damage|p2a: future trunks❤️📌|84/100|[from] item: Rocky Helmet|[of] p1a: Skarmory
|move|p1a: Skarmory|Taunt|p2a: future trunks❤️📌
|-start|p2a: future trunks❤️📌|move: Taunt
|
|upkeep
|turn|31
|
|t:|1778501483
|move|p2a: future trunks❤️📌|Close Combat|p1a: Skarmory
|-damage|p1a: Skarmory|0 fnt
|-unboost|p2a: future trunks❤️📌|def|1
|-unboost|p2a: future trunks❤️📌|spd|1
|-damage|p2a: future trunks❤️📌|67/100|[from] item: Rocky Helmet|[of] p1a: Skarmory
|faint|p1a: Skarmory
|
|upkeep
|
|t:|1778501488
|switch|p1a: Ogerpon|Ogerpon, F|100/100
|turn|32
|
|t:|1778501491
|-terastallize|p1a: Ogerpon|Grass
|detailschange|p1a: Ogerpon|Ogerpon-Teal-Tera, F, tera:Grass
|-ability|p1a: Ogerpon|Embody Aspect (Teal)|boost
|-boost|p1a: Ogerpon|spe|1
|move|p2a: future trunks❤️📌|Poison Jab|p1a: Ogerpon
|-supereffective|p1a: Ogerpon
|-damage|p1a: Ogerpon|25/100
|move|p1a: Ogerpon|Ivy Cudgel|p2a: future trunks❤️📌
|-damage|p2a: future trunks❤️📌|0 fnt
|faint|p2a: future trunks❤️📌
|-end|p2a: future trunks❤️📌|Quark Drive|[silent]
|
|win|Bifld
|raw|Bifld's rating: 1448 &rarr; <strong>1467</strong><br />(+19 for winning)
|raw|valpreon's rating: 1423 &rarr; <strong>1404</strong><br />(-19 for losing)
|l|☆valpreon
|player|p2|
|l|☆Bifld
|player|p1|
