|html|<div class="broadcast-blue"><strong>[Gen 9] OU is currently suspecting Tera Blast! For information on how to participate check out the <a href="https://www.smogon.com/tools/suspects/view/200">suspect thread</a>.</strong></div>
|j|☆EddusEatzAlot
|j|☆msean3
|t:|1776053714
|gametype|singles
|player|p1|EddusEatzAlot|steven|1593
|player|p2|msean3|265|1624
|gen|9
|tier|[Gen 9] OU
|rated|
|rule|HP Percentage Mod: HP is shown in percentages
|rule|Endless Battle Clause: Forcing endless battles is banned
|rule|Species Clause: Limit one of each Pokémon
|rule|OHKO Clause: OHKO moves are banned
|rule|Evasion Items Clause: Evasion items are banned
|rule|Evasion Moves Clause: Evasion moves are banned
|rule|Evasion Abilities Clause: Evasion abilities are banned
|rule|Sleep Moves Clause: Sleep-inducing moves are banned
|clearpoke
|poke|p1|Tyranitar, M|
|poke|p1|Iron Crown|
|poke|p1|Dragapult, F|
|poke|p1|Great Tusk|
|poke|p1|Alomomola, F|
|poke|p1|Zapdos|
|poke|p2|Darkrai|
|poke|p2|Alomomola, F|
|poke|p2|Garchomp, M|
|poke|p2|Corviknight, F|
|poke|p2|Weezing-Galar, M|
|poke|p2|Ogerpon, F|
|teampreview
|j| PrincessGardevoir
|
|t:|1776053729
|teamsize|p1|6
|teamsize|p2|6
|start
|switch|p1a: Tyranitar|Tyranitar, M|100/100
|switch|p2a: Alomomola|Alomomola, F|100/100
|-weather|Sandstorm|[from] ability: Sand Stream|[of] p1a: Tyranitar
|turn|1
|j| peneplain
|
|t:|1776053736
|switch|p2a: Weezing|Weezing-Galar, M|100/100
|-ability|p2a: Weezing|Neutralizing Gas
|move|p1a: Tyranitar|Stealth Rock|p2a: Weezing
|-sidestart|p2: msean3|move: Stealth Rock
|
|-weather|Sandstorm|[upkeep]
|-damage|p2a: Weezing|95/100|[from] Sandstorm
|-heal|p2a: Weezing|100/100|[from] item: Leftovers
|upkeep
|turn|2
|j| Drewisonline
|
|t:|1776053740
|move|p2a: Weezing|Will-O-Wisp|p1a: Tyranitar
|-status|p1a: Tyranitar|brn
|move|p1a: Tyranitar|Knock Off|p2a: Weezing
|-resisted|p2a: Weezing
|-damage|p2a: Weezing|92/100
|-enditem|p2a: Weezing|Leftovers|[from] move: Knock Off|[of] p1a: Tyranitar
|
|-weather|Sandstorm|[upkeep]
|-damage|p2a: Weezing|86/100|[from] Sandstorm
|-damage|p1a: Tyranitar|94/100 brn|[from] brn
|upkeep
|turn|3
|
|t:|1776053748
|move|p2a: Weezing|Defog|p1a: Tyranitar
|-unboost|p1a: Tyranitar|evasion|1
|-sideend|p2: msean3|Stealth Rock|[from] move: Defog|[of] p2a: Weezing
|move|p1a: Tyranitar|Stealth Rock|p2a: Weezing
|-sidestart|p2: msean3|move: Stealth Rock
|
|-weather|Sandstorm|[upkeep]
|-damage|p2a: Weezing|80/100|[from] Sandstorm
|-damage|p1a: Tyranitar|88/100 brn|[from] brn
|upkeep
|turn|4
|
|t:|1776053760
|switch|p1a: Iron Crown|Iron Crown|100/100
|move|p2a: Weezing|Defog|p1a: Iron Crown
|-unboost|p1a: Iron Crown|evasion|1
|-sideend|p2: msean3|Stealth Rock|[from] move: Defog|[of] p2a: Weezing
|
|-weather|Sandstorm|[upkeep]
|-damage|p2a: Weezing|74/100|[from] Sandstorm
|upkeep
|turn|5
|
|t:|1776053765
|-end|p2a: Weezing|ability: Neutralizing Gas
|switch|p2a: Garchomp|Garchomp, M|100/100
|move|p1a: Iron Crown|Volt Switch|p2a: Garchomp
|-immune|p2a: Garchomp
|
|-weather|none
|upkeep
|turn|6
|
|t:|1776053771
|-end|p1a: Iron Crown|Quark Drive|[silent]
|switch|p1a: Zapdos|Zapdos|100/100
|move|p2a: Garchomp|Stealth Rock|p1a: Zapdos
|-sidestart|p1: EddusEatzAlot|move: Stealth Rock
|
|upkeep
|turn|7
|
|t:|1776053777
|move|p1a: Zapdos|Hurricane|p2a: Garchomp
|-damage|p2a: Garchomp|54/100
|move|p2a: Garchomp|Dragon Tail|p1a: Zapdos
|-damage|p1a: Zapdos|81/100
|drag|p1a: Iron Crown|Iron Crown|100/100
|-damage|p1a: Iron Crown|94/100|[from] Stealth Rock
|
|upkeep
|turn|8
|
|t:|1776053786
|move|p1a: Iron Crown|Psychic Noise|p2a: Garchomp
|-damage|p2a: Garchomp|5/100
|-start|p2a: Garchomp|move: Heal Block
|move|p2a: Garchomp|Spikes|p1a: Iron Crown
|-sidestart|p1: EddusEatzAlot|Spikes
|
|upkeep
|turn|9
|
|t:|1776053793
|-end|p1a: Iron Crown|Quark Drive|[silent]
|switch|p1a: Zapdos|Zapdos|81/100
|move|p2a: Garchomp|Earthquake|p1a: Zapdos
|-immune|p1a: Zapdos
|
|-end|p2a: Garchomp|move: Heal Block
|upkeep
|turn|10
|
|t:|1776053799
|move|p1a: Zapdos|Weather Ball|p2a: Garchomp
|-damage|p2a: Garchomp|0 fnt
|faint|p2a: Garchomp
|
|upkeep
|
|t:|1776053801
|switch|p2a: Darkrai|Darkrai|100/100
|turn|11
|
|t:|1776053806
|move|p2a: Darkrai|Dark Pulse|p1a: Zapdos
|-damage|p1a: Zapdos|18/100
|move|p1a: Zapdos|Volt Switch|p2a: Darkrai
|-damage|p2a: Darkrai|55/100
|
|t:|1776053812
|switch|p1a: Tyranitar|Tyranitar, M|88/100 brn|[from] Volt Switch
|-weather|Sandstorm|[from] ability: Sand Stream|[of] p1a: Tyranitar
|
|-weather|Sandstorm|[upkeep]
|-damage|p2a: Darkrai|49/100|[from] Sandstorm
|-damage|p1a: Tyranitar|82/100 brn|[from] brn
|upkeep
|turn|12
|
|t:|1776053817
|switch|p2a: Ogerpon|Ogerpon, F|100/100
|move|p1a: Tyranitar|Stealth Rock|p2a: Ogerpon
|-sidestart|p2: msean3|move: Stealth Rock
|
|-weather|Sandstorm|[upkeep]
|-damage|p2a: Ogerpon|95/100|[from] Sandstorm
|-damage|p1a: Tyranitar|76/100 brn|[from] brn
|upkeep
|turn|13
|
|t:|1776053823
|move|p2a: Ogerpon|Ivy Cudgel|p1a: Tyranitar
|-supereffective|p1a: Tyranitar
|-damage|p1a: Tyranitar|0 fnt
|faint|p1a: Tyranitar
|
|-weather|Sandstorm|[upkeep]
|-damage|p2a: Ogerpon|89/100|[from] Sandstorm
|upkeep
|
|t:|1776053826
|switch|p1a: Dragapult|Dragapult, F|100/100
|turn|14
|
|t:|1776053840
|switch|p2a: Weezing|Weezing-Galar, M|74/100
|-ability|p2a: Weezing|Neutralizing Gas
|-damage|p2a: Weezing|61/100|[from] Stealth Rock
|move|p1a: Dragapult|Will-O-Wisp|p2a: Weezing
|-status|p2a: Weezing|brn
|
|-weather|Sandstorm|[upkeep]
|-damage|p1a: Dragapult|95/100|[from] Sandstorm
|-damage|p2a: Weezing|55/100 brn|[from] Sandstorm
|-damage|p2a: Weezing|49/100 brn|[from] brn
|upkeep
|turn|15
|
|t:|1776053850
|move|p1a: Dragapult|Hex|p2a: Weezing
|-damage|p2a: Weezing|0 fnt
|faint|p2a: Weezing
|-end|p2a: Weezing|ability: Neutralizing Gas
|
|-weather|none
|upkeep
|
|t:|1776053857
|switch|p2a: Corviknight|Corviknight, F|100/100
|-damage|p2a: Corviknight|88/100|[from] Stealth Rock
|-ability|p2a: Corviknight|Pressure
|turn|16
|
|t:|1776053859
|move|p1a: Dragapult|Will-O-Wisp|p2a: Corviknight
|-status|p2a: Corviknight|brn
|move|p2a: Corviknight|U-turn|p1a: Dragapult
|-resisted|p1a: Dragapult
|-damage|p1a: Dragapult|89/100
|
|t:|1776053862
|switch|p2a: Alomomola|Alomomola, F|100/100|[from] U-turn
|-damage|p2a: Alomomola|88/100|[from] Stealth Rock
|
|upkeep
|turn|17
|
|t:|1776053866
|switch|p2a: Corviknight|Corviknight, F|88/100 brn
|-damage|p2a: Corviknight|75/100 brn|[from] Stealth Rock
|-ability|p2a: Corviknight|Pressure
|move|p1a: Dragapult|Will-O-Wisp|p2a: Corviknight
|-fail|p2a: Corviknight|brn
|
|-heal|p2a: Corviknight|82/100 brn|[from] item: Leftovers
|-damage|p2a: Corviknight|75/100 brn|[from] brn
|upkeep
|turn|18
|
|t:|1776053870
|move|p1a: Dragapult|Hex|p2a: Corviknight
|-damage|p2a: Corviknight|40/100 brn
|move|p2a: Corviknight|Brave Bird|p1a: Dragapult
|-damage|p1a: Dragapult|59/100
|-damage|p2a: Corviknight|32/100 brn|[from] Recoil
|
|-heal|p2a: Corviknight|38/100 brn|[from] item: Leftovers
|-damage|p2a: Corviknight|32/100 brn|[from] brn
|upkeep
|turn|19
|
|t:|1776053878
|move|p1a: Dragapult|U-turn|p2a: Corviknight
|-resisted|p2a: Corviknight
|-damage|p2a: Corviknight|28/100 brn
|
|t:|1776053880
|switch|p1a: Zapdos|Zapdos|18/100|[from] U-turn
|move|p2a: Corviknight|Brave Bird|p1a: Zapdos
|-resisted|p1a: Zapdos
|-damage|p1a: Zapdos|10/100
|-damage|p2a: Corviknight|26/100 brn|[from] Recoil
|
|-heal|p2a: Corviknight|32/100 brn|[from] item: Leftovers
|-damage|p2a: Corviknight|26/100 brn|[from] brn
|upkeep
|turn|20
|
|t:|1776053885
|move|p1a: Zapdos|Roost|p1a: Zapdos
|-heal|p1a: Zapdos|61/100
|-singleturn|p1a: Zapdos|move: Roost
|move|p2a: Corviknight|Roost|p2a: Corviknight
|-heal|p2a: Corviknight|76/100 brn
|-singleturn|p2a: Corviknight|move: Roost
|
|-heal|p2a: Corviknight|82/100 brn|[from] item: Leftovers
|-damage|p2a: Corviknight|76/100 brn|[from] brn
|upkeep
|turn|21
|
|t:|1776053891
|move|p1a: Zapdos|Roost|p1a: Zapdos
|-heal|p1a: Zapdos|100/100
|-singleturn|p1a: Zapdos|move: Roost
|move|p2a: Corviknight|U-turn|p1a: Zapdos
|-damage|p1a: Zapdos|95/100
|
|t:|1776053893
|switch|p2a: Darkrai|Darkrai|49/100|[from] U-turn
|-damage|p2a: Darkrai|37/100|[from] Stealth Rock
|
|upkeep
|turn|22
|
|t:|1776053916
|move|p2a: Darkrai|Dark Pulse|p1a: Zapdos
|-damage|p1a: Zapdos|34/100
|move|p1a: Zapdos|Volt Switch|p2a: Darkrai
|-damage|p2a: Darkrai|0 fnt
|faint|p2a: Darkrai
|
|t:|1776053927
|switch|p1a: Great Tusk|Great Tusk|100/100|[from] Volt Switch
|
|upkeep
|
|t:|1776053931
|switch|p2a: Ogerpon|Ogerpon, F|89/100
|turn|23
|
|t:|1776053935
|-terastallize|p1a: Great Tusk|Fire
|move|p2a: Ogerpon|Ivy Cudgel|p1a: Great Tusk
|-resisted|p1a: Great Tusk
|-damage|p1a: Great Tusk|81/100
|move|p1a: Great Tusk|Rapid Spin|p2a: Ogerpon
|-damage|p2a: Ogerpon|67/100
|-boost|p1a: Great Tusk|spe|1
|-sideend|p1: EddusEatzAlot|Spikes|[from] move: Rapid Spin|[of] p1a: Great Tusk
|-sideend|p1: EddusEatzAlot|Stealth Rock|[from] move: Rapid Spin|[of] p1a: Great Tusk
|
|upkeep
|turn|24
|
|t:|1776053941
|switch|p2a: Alomomola|Alomomola, F|100/100
|-damage|p2a: Alomomola|88/100|[from] Stealth Rock
|move|p1a: Great Tusk|Ice Spinner|p2a: Alomomola
|-resisted|p2a: Alomomola
|-damage|p2a: Alomomola|78/100
|
|upkeep
|turn|25
|
|t:|1776053951
|-end|p1a: Great Tusk|Protosynthesis|[silent]
|switch|p1a: Zapdos|Zapdos|34/100
|move|p2a: Alomomola|Flip Turn|p1a: Zapdos
|-damage|p1a: Zapdos|22/100
|
|t:|1776053954
|switch|p2a: Ogerpon|Ogerpon, F|67/100|[from] Flip Turn
|
|upkeep
|turn|26
|
|t:|1776053960
|switch|p1a: Iron Crown|Iron Crown|94/100
|move|p2a: Ogerpon|Knock Off|p1a: Iron Crown
|-supereffective|p1a: Iron Crown
|-damage|p1a: Iron Crown|29/100
|-enditem|p1a: Iron Crown|Choice Specs|[from] move: Knock Off|[of] p2a: Ogerpon
|
|upkeep
|turn|27
|
|t:|1776053965
|move|p2a: Ogerpon|Knock Off|p1a: Iron Crown
|-supereffective|p1a: Iron Crown
|-crit|p1a: Iron Crown
|-damage|p1a: Iron Crown|0 fnt
|faint|p1a: Iron Crown
|-end|p1a: Iron Crown|Quark Drive|[silent]
|
|upkeep
|
|t:|1776053972
|switch|p1a: Great Tusk|Great Tusk, tera:Fire|81/100
|turn|28
|
|t:|1776053979
|switch|p2a: Alomomola|Alomomola, F|100/100
|-damage|p2a: Alomomola|88/100|[from] Stealth Rock
|-end|p1a: Great Tusk|Protosynthesis|[silent]
|switch|p1a: Zapdos|Zapdos|22/100
|
|upkeep
|turn|29
|
|t:|1776053990
|move|p1a: Zapdos|Roost|p1a: Zapdos
|-heal|p1a: Zapdos|72/100
|-singleturn|p1a: Zapdos|move: Roost
|move|p2a: Alomomola|Body Slam|p1a: Zapdos
|-damage|p1a: Zapdos|61/100
|
|upkeep
|turn|30
|
|t:|1776053996
|move|p1a: Zapdos|Roost|p1a: Zapdos
|-heal|p1a: Zapdos|100/100
|-singleturn|p1a: Zapdos|move: Roost
|move|p2a: Alomomola|Body Slam|p1a: Zapdos
|-damage|p1a: Zapdos|88/100
|-status|p2a: Alomomola|par|[from] ability: Static|[of] p1a: Zapdos
|
|upkeep
|turn|31
|
|t:|1776054000
|move|p1a: Zapdos|Volt Switch|p2a: Alomomola
|-supereffective|p2a: Alomomola
|-damage|p2a: Alomomola|56/100 par
|
|t:|1776054003
|switch|p1a: Alomomola|Alomomola, F|100/100|[from] Volt Switch
|move|p2a: Alomomola|Mirror Coat|p1a: Alomomola
|-damage|p1a: Alomomola|37/100
|
|upkeep
|turn|32
|
|t:|1776054010
|move|p1a: Alomomola|Flip Turn|p2a: Alomomola
|-resisted|p2a: Alomomola
|-damage|p2a: Alomomola|50/100 par
|
|t:|1776054013
|switch|p1a: Zapdos|Zapdos|88/100|[from] Flip Turn
|cant|p2a: Alomomola|par
|
|upkeep
|turn|33
|
|t:|1776054020
|move|p1a: Zapdos|Volt Switch|p2a: Alomomola
|-supereffective|p2a: Alomomola
|-damage|p2a: Alomomola|17/100 par
|
|t:|1776054024
|switch|p1a: Alomomola|Alomomola, F|70/100|[from] Volt Switch
|move|p2a: Alomomola|Flip Turn|p1a: Alomomola
|-resisted|p1a: Alomomola
|-damage|p1a: Alomomola|66/100
|
|t:|1776054027
|switch|p2a: Ogerpon|Ogerpon, F|67/100|[from] Flip Turn
|
|upkeep
|turn|34
|
|t:|1776054033
|-terastallize|p2a: Ogerpon|Grass
|detailschange|p2a: Ogerpon|Ogerpon-Teal-Tera, F, tera:Grass
|-ability|p2a: Ogerpon|Embody Aspect (Teal)|boost
|-boost|p2a: Ogerpon|spe|1
|move|p2a: Ogerpon|Ivy Cudgel|p1a: Alomomola
|-supereffective|p1a: Alomomola
|-damage|p1a: Alomomola|0 fnt
|faint|p1a: Alomomola
|
|upkeep
|
|t:|1776054035
|switch|p1a: Zapdos|Zapdos|88/100
|turn|35
|
|t:|1776054041
|switch|p2a: Corviknight|Corviknight, F|76/100 brn
|-damage|p2a: Corviknight|64/100 brn|[from] Stealth Rock
|-ability|p2a: Corviknight|Pressure
|move|p1a: Zapdos|Hurricane|p2a: Corviknight
|-resisted|p2a: Corviknight
|-damage|p2a: Corviknight|45/100 brn
|-start|p2a: Corviknight|confusion
|
|-heal|p2a: Corviknight|51/100 brn|[from] item: Leftovers
|-damage|p2a: Corviknight|45/100 brn|[from] brn
|upkeep
|turn|36
|
|t:|1776054049
|move|p1a: Zapdos|Volt Switch|p2a: Corviknight
|-supereffective|p2a: Corviknight
|-damage|p2a: Corviknight|2/100 brn
|
|t:|1776054053
|switch|p1a: Great Tusk|Great Tusk, tera:Fire|81/100|[from] Volt Switch
|-activate|p2a: Corviknight|confusion
|move|p2a: Corviknight|Roost|p2a: Corviknight
|-heal|p2a: Corviknight|52/100 brn
|-singleturn|p2a: Corviknight|move: Roost
|
|-heal|p2a: Corviknight|59/100 brn|[from] item: Leftovers
|-damage|p2a: Corviknight|52/100 brn|[from] brn
|upkeep
|turn|37
|
|t:|1776054061
|move|p1a: Great Tusk|Knock Off|p2a: Corviknight
|-damage|p2a: Corviknight|25/100 brn
|-enditem|p2a: Corviknight|Leftovers|[from] move: Knock Off|[of] p1a: Great Tusk
|-activate|p2a: Corviknight|confusion
|-damage|p2a: Corviknight|18/100 brn|[from] confusion
|
|-damage|p2a: Corviknight|12/100 brn|[from] brn
|upkeep
|turn|38
|
|t:|1776054066
|move|p1a: Great Tusk|Knock Off|p2a: Corviknight
|-damage|p2a: Corviknight|0 fnt
|faint|p2a: Corviknight
|
|upkeep
|-message|msean3 forfeited.
|
|win|EddusEatzAlot
|raw|EddusEatzAlot's rating: 1593 &rarr; <strong>1615</strong><br />(+22 for winning)
|raw|msean3's rating: 1624 &rarr; <strong>1602</strong><br />(-22 for losing)
|l|☆msean3
|player|p2|
|l| peneplain
|c|☆EddusEatzAlot|gg wp
|l|☆EddusEatzAlot
|player|p1|
|l| Drewisonline
|l| PrincessGardevoir
