|html|<div class="broadcast-blue"><strong>[Gen 9] OU is currently suspecting Tera Blast! For information on how to participate check out the <a href="https://www.smogon.com/tools/suspects/view/200">suspect thread</a>.</strong></div>
|j|☆looniertunes
|j|☆bettercalltilin
|t:|1776035117
|gametype|singles
|player|p1|looniertunes|cynthia|1531
|player|p2|bettercalltilin|101|1592
|gen|9
|tier|[Gen 9] OU
|rated|
|rule|HP Percentage Mod: HP is shown in percentages
|rule|Endless Battle Clause: Forcing endless battles is banned
|rule|Species Clause: Limit one of each Pokémon
|rule|OHKO Clause: OHKO moves are banned
|rule|Evasion Items Clause: Evasion items are banned
|rule|Evasion Moves Clause: Evasion moves are banned
|rule|Evasion Abilities Clause: Evasion abilities are banned
|rule|Sleep Moves Clause: Sleep-inducing moves are banned
|clearpoke
|poke|p1|Sinistcha|
|poke|p1|Corviknight, M|
|poke|p1|Tyranitar, M|
|poke|p1|Excadrill, M|
|poke|p1|Ceruledge, M|
|poke|p1|Primarina, M|
|poke|p2|Maushold|
|poke|p2|Ogerpon-Wellspring, F|
|poke|p2|Kommo-o, M|
|poke|p2|Iron Valiant|
|poke|p2|Ninetales-Alola, M|
|poke|p2|Kyurem|
|teampreview
|
|t:|1776035138
|teamsize|p1|6
|teamsize|p2|6
|start
|switch|p1a: Tyranitar|Tyranitar, M|100/100
|switch|p2a: Ogerpon|Ogerpon-Wellspring, F|100/100
|-weather|Sandstorm|[from] ability: Sand Stream|[of] p1a: Tyranitar
|turn|1
|
|t:|1776035143
|switch|p1a: Corviknight|Corviknight, M|100/100
|-ability|p1a: Corviknight|Pressure
|move|p2a: Ogerpon|Ivy Cudgel|p1a: Corviknight|[anim] Ivy Cudgel Water
|-damage|p1a: Corviknight|67/100
|
|-weather|Sandstorm|[upkeep]
|-damage|p2a: Ogerpon|95/100|[from] Sandstorm
|upkeep
|turn|2
|
|t:|1776035148
|switch|p2a: Ninetales|Ninetales-Alola, M|100/100
|-weather|Snowscape|[from] ability: Snow Warning|[of] p2a: Ninetales
|move|p1a: Corviknight|Brave Bird|p2a: Ninetales
|-damage|p2a: Ninetales|69/100
|-damage|p1a: Corviknight|58/100|[from] Recoil
|
|-weather|Snowscape|[upkeep]
|upkeep
|turn|3
|
|t:|1776035156
|move|p2a: Ninetales|Moonblast|p1a: Corviknight
|-resisted|p1a: Corviknight
|-damage|p1a: Corviknight|46/100
|move|p1a: Corviknight|Roost|p1a: Corviknight
|-heal|p1a: Corviknight|96/100
|-singleturn|p1a: Corviknight|move: Roost
|
|-weather|Snowscape|[upkeep]
|upkeep
|turn|4
|
|t:|1776035171
|move|p2a: Ninetales|Aurora Veil|p2a: Ninetales
|-sidestart|p2: bettercalltilin|move: Aurora Veil
|move|p1a: Corviknight|Brave Bird|p2a: Ninetales
|-damage|p2a: Ninetales|55/100
|-damage|p1a: Corviknight|92/100|[from] Recoil
|
|-weather|Snowscape|[upkeep]
|upkeep
|turn|5
|
|t:|1776035177
|switch|p2a: Kyurem|Kyurem, shiny|100/100
|-ability|p2a: Kyurem|Pressure
|move|p1a: Corviknight|Defog|p2a: Kyurem
|-unboost|p2a: Kyurem|evasion|1
|-sideend|p2: bettercalltilin|move: Aurora Veil
|
|-weather|Snowscape|[upkeep]
|upkeep
|turn|6
|
|t:|1776035190
|move|p2a: Kyurem|Dragon Dance|p2a: Kyurem
|-boost|p2a: Kyurem|atk|1
|-boost|p2a: Kyurem|spe|1
|move|p1a: Corviknight|U-turn|p2a: Kyurem
|-damage|p2a: Kyurem|90/100
|
|t:|1776035192
|switch|p1a: Tyranitar|Tyranitar, M|100/100|[from] U-turn
|-weather|Sandstorm|[from] ability: Sand Stream|[of] p1a: Tyranitar
|
|-weather|Sandstorm|[upkeep]
|-damage|p2a: Kyurem|83/100|[from] Sandstorm
|upkeep
|turn|7
|
|t:|1776035200
|switch|p2a: Ogerpon|Ogerpon-Wellspring, F|95/100
|move|p1a: Tyranitar|Thunder Wave|p2a: Ogerpon
|-status|p2a: Ogerpon|par
|
|-weather|Sandstorm|[upkeep]
|-damage|p2a: Ogerpon|89/100 par|[from] Sandstorm
|upkeep
|turn|8
|inactive|Battle timer is ON: inactive players will automatically lose when time's up. (requested by bettercalltilin)
|
|t:|1776035213
|switch|p1a: Sinistcha|Sinistcha|100/100
|cant|p2a: Ogerpon|par
|
|-weather|Sandstorm|[upkeep]
|-damage|p1a: Sinistcha|94/100|[from] Sandstorm
|-damage|p2a: Ogerpon|83/100 par|[from] Sandstorm
|upkeep
|turn|9
|
|t:|1776035220
|move|p1a: Sinistcha|Matcha Gotcha|p2a: Ogerpon
|-damage|p2a: Ogerpon|43/100 par
|-heal|p1a: Sinistcha|100/100|[from] drain|[of] p2a: Ogerpon
|cant|p2a: Ogerpon|par
|
|-weather|Sandstorm|[upkeep]
|-damage|p1a: Sinistcha|94/100|[from] Sandstorm
|-damage|p2a: Ogerpon|37/100 par|[from] Sandstorm
|upkeep
|turn|10
|
|t:|1776035227
|move|p1a: Sinistcha|Shadow Ball|p2a: Ogerpon
|-damage|p2a: Ogerpon|0 fnt
|faint|p2a: Ogerpon
|
|-weather|Sandstorm|[upkeep]
|-damage|p1a: Sinistcha|88/100|[from] Sandstorm
|upkeep
|
|t:|1776035233
|switch|p2a: Ninetales|Ninetales-Alola, M|55/100
|-weather|Snowscape|[from] ability: Snow Warning|[of] p2a: Ninetales
|turn|11
|
|t:|1776035241
|switch|p1a: Tyranitar|Tyranitar, M|100/100
|-weather|Sandstorm|[from] ability: Sand Stream|[of] p1a: Tyranitar
|move|p2a: Ninetales|Aurora Veil||[still]
|-fail|p2a: Ninetales
|
|-weather|Sandstorm|[upkeep]
|-damage|p2a: Ninetales|49/100|[from] Sandstorm
|upkeep
|turn|12
|
|t:|1776035253
|switch|p2a: Maushold|Maushold|100/100
|move|p1a: Tyranitar|Thunder Wave|p2a: Maushold
|-status|p2a: Maushold|par
|
|-weather|Sandstorm|[upkeep]
|-damage|p2a: Maushold|94/100 par|[from] Sandstorm
|upkeep
|turn|13
|
|t:|1776035259
|cant|p2a: Maushold|par
|move|p1a: Tyranitar|Knock Off|p2a: Maushold
|-damage|p2a: Maushold|27/100 par
|-enditem|p2a: Maushold|Wide Lens|[from] move: Knock Off|[of] p1a: Tyranitar
|
|-weather|Sandstorm|[upkeep]
|-damage|p2a: Maushold|21/100 par|[from] Sandstorm
|upkeep
|turn|14
|-message|bettercalltilin forfeited.
|
|win|looniertunes
|raw|looniertunes's rating: 1531 &rarr; <strong>1554</strong><br />(+23 for winning)
|raw|bettercalltilin's rating: 1592 &rarr; <strong>1569</strong><br />(-23 for losing)
|l|☆bettercalltilin
|player|p2|
|l|☆looniertunes
|player|p1|
