|html|<div class="broadcast-blue"><strong>[Gen 9] OU is currently suspecting Tera Blast! For information on how to participate check out the <a href="https://www.smogon.com/tools/suspects/view/200">suspect thread</a>.</strong></div>
|j|☆oognibeht
|j|☆freezentic
|t:|1776297552
|gametype|singles
|player|p1|oognibeht|fantina|1376
|player|p2|freezentic|kimonogirl|1371
|gen|9
|tier|[Gen 9] OU
|rated|
|rule|HP Percentage Mod: HP is shown in percentages
|rule|Endless Battle Clause: Forcing endless battles is banned
|rule|Species Clause: Limit one of each Pokémon
|rule|OHKO Clause: OHKO moves are banned
|rule|Evasion Items Clause: Evasion items are banned
|rule|Evasion Moves Clause: Evasion moves are banned
|rule|Evasion Abilities Clause: Evasion abilities are banned
|rule|Sleep Moves Clause: Sleep-inducing moves are banned
|clearpoke
|poke|p1|Moltres-Galar|
|poke|p1|Ninetales-Alola, F|
|poke|p1|Garganacl, F|
|poke|p1|Kyurem|
|poke|p1|Iron Crown|
|poke|p1|Great Tusk|
|poke|p2|Blissey, F|
|poke|p2|Clefable, F|
|poke|p2|Gliscor, F|
|poke|p2|Ting-Lu|
|poke|p2|Dondozo, F|
|poke|p2|Amoonguss, F|
|teampreview
|inactive|Battle timer is ON: inactive players will automatically lose when time's up. (requested by oognibeht)
|inactive|freezentic also wants the timer to be on.
|
|t:|1776297576
|teamsize|p1|6
|teamsize|p2|6
|start
|switch|p1a: gargar binks|Garganacl, F|100/100
|switch|p2a: Gliscor|Gliscor, F|100/100
|turn|1
|
|t:|1776297583
|move|p2a: Gliscor|Knock Off|p1a: gargar binks
|-damage|p1a: gargar binks|87/100
|-enditem|p1a: gargar binks|Leftovers|[from] move: Knock Off|[of] p2a: Gliscor
|move|p1a: gargar binks|Salt Cure|p2a: Gliscor
|-damage|p2a: Gliscor|93/100
|-start|p2a: Gliscor|Salt Cure
|
|-damage|p2a: Gliscor|80/100|[from] Salt Cure
|-status|p2a: Gliscor|tox|[from] item: Toxic Orb
|upkeep
|turn|2
|
|t:|1776297595
|switch|p2a: Clefable|Clefable, F|100/100
|move|p1a: gargar binks|Curse|p1a: gargar binks
|-unboost|p1a: gargar binks|spe|1
|-boost|p1a: gargar binks|atk|1
|-boost|p1a: gargar binks|def|1
|
|upkeep
|turn|3
|
|t:|1776297609
|move|p2a: Clefable|Wish|p2a: Clefable
|move|p1a: gargar binks|Salt Cure|p2a: Clefable
|-damage|p2a: Clefable|85/100
|-start|p2a: Clefable|Salt Cure
|
|upkeep
|turn|4
|
|t:|1776297619
|switch|p2a: Dondozo|Dondozo, F|100/100
|move|p1a: gargar binks|Earthquake|p2a: Dondozo
|-crit|p2a: Dondozo
|-damage|p2a: Dondozo|86/100
|
|-heal|p2a: Dondozo|100/100|[from] move: Wish|[wisher] Clefable
|upkeep
|turn|5
|
|t:|1776297625
|move|p2a: Dondozo|Waterfall|p1a: gargar binks
|-supereffective|p1a: gargar binks
|-damage|p1a: gargar binks|51/100
|move|p1a: gargar binks|Salt Cure|p2a: Dondozo
|-damage|p2a: Dondozo|94/100
|-start|p2a: Dondozo|Salt Cure
|
|-damage|p2a: Dondozo|69/100|[from] Salt Cure
|upkeep
|turn|6
|
|t:|1776297631
|switch|p1a: watch out for snow|Ninetales-Alola, F|100/100
|-weather|Snowscape|[from] ability: Snow Warning|[of] p1a: watch out for snow
|move|p2a: Dondozo|Waterfall|p1a: watch out for snow
|-damage|p1a: watch out for snow|78/100
|
|-weather|Snowscape|[upkeep]
|-damage|p2a: Dondozo|44/100|[from] Salt Cure
|upkeep
|turn|7
|
|t:|1776297638
|switch|p2a: Blissey|Blissey, F|100/100
|move|p1a: watch out for snow|Aurora Veil|p1a: watch out for snow
|-sidestart|p1: oognibeht|move: Aurora Veil
|
|-weather|Snowscape|[upkeep]
|upkeep
|turn|8
|
|t:|1776297646
|switch|p1a: gargar binks|Garganacl, F|51/100
|move|p2a: Blissey|Flamethrower|p1a: gargar binks
|-resisted|p1a: gargar binks
|-damage|p1a: gargar binks|49/100
|
|-weather|Snowscape|[upkeep]
|upkeep
|turn|9
|
|t:|1776297652
|switch|p2a: Dondozo|Dondozo, F|44/100
|move|p1a: gargar binks|Recover|p1a: gargar binks
|-heal|p1a: gargar binks|99/100
|
|-weather|Snowscape|[upkeep]
|upkeep
|turn|10
|
|t:|1776297656
|move|p1a: gargar binks|Salt Cure|p2a: Dondozo
|-damage|p2a: Dondozo|38/100
|-start|p2a: Dondozo|Salt Cure
|move|p2a: Dondozo|Rest|p2a: Dondozo
|-status|p2a: Dondozo|slp|[from] move: Rest
|-heal|p2a: Dondozo|100/100 slp|[silent]
|
|-weather|none
|-damage|p2a: Dondozo|75/100 slp|[from] Salt Cure
|upkeep
|turn|11
|
|t:|1776297667
|move|p1a: gargar binks|Curse|p1a: gargar binks
|-unboost|p1a: gargar binks|spe|1
|-boost|p1a: gargar binks|atk|1
|-boost|p1a: gargar binks|def|1
|cant|p2a: Dondozo|slp
|move|p2a: Dondozo|Sleep Talk|p2a: Dondozo
|move|p2a: Dondozo|Waterfall|p1a: gargar binks|[from] move: Sleep Talk
|-supereffective|p1a: gargar binks
|-damage|p1a: gargar binks|80/100
|
|-damage|p2a: Dondozo|50/100 slp|[from] Salt Cure
|upkeep
|turn|12
|
|t:|1776297672
|cant|p2a: Dondozo|slp
|move|p2a: Dondozo|Sleep Talk|p2a: Dondozo
|move|p2a: Dondozo|Curse|p2a: Dondozo|[from] move: Sleep Talk
|-unboost|p2a: Dondozo|spe|1
|-boost|p2a: Dondozo|atk|1
|-boost|p2a: Dondozo|def|1
|move|p1a: gargar binks|Curse|p1a: gargar binks
|-unboost|p1a: gargar binks|spe|1
|-boost|p1a: gargar binks|atk|1
|-boost|p1a: gargar binks|def|1
|
|-damage|p2a: Dondozo|25/100 slp|[from] Salt Cure
|upkeep
|turn|13
|
|t:|1776297684
|-curestatus|p2a: Dondozo|slp|[msg]
|move|p2a: Dondozo|Rest|p2a: Dondozo
|-status|p2a: Dondozo|slp|[from] move: Rest
|-heal|p2a: Dondozo|100/100 slp|[silent]
|move|p1a: gargar binks|Earthquake|p2a: Dondozo
|-damage|p2a: Dondozo|94/100 slp
|
|-damage|p2a: Dondozo|69/100 slp|[from] Salt Cure
|upkeep
|turn|14
|
|t:|1776297698
|switch|p2a: Amoonguss|Amoonguss, F|100/100
|switch|p1a: watch out for snow|Ninetales-Alola, F|78/100
|-weather|Snowscape|[from] ability: Snow Warning|[of] p1a: watch out for snow
|
|-weather|Snowscape|[upkeep]
|-sideend|p1: oognibeht|move: Aurora Veil
|upkeep
|turn|15
|
|t:|1776297707
|move|p1a: watch out for snow|Aurora Veil|p1a: watch out for snow
|-sidestart|p1: oognibeht|move: Aurora Veil
|move|p2a: Amoonguss|Toxic|p1a: watch out for snow
|-status|p1a: watch out for snow|tox
|
|-weather|Snowscape|[upkeep]
|-damage|p1a: watch out for snow|72/100 tox|[from] psn
|upkeep
|turn|16
|
|t:|1776297712
|switch|p2a: Blissey|Blissey, F|100/100
|move|p1a: watch out for snow|Freeze-Dry|p2a: Blissey
|-damage|p2a: Blissey|95/100
|
|-weather|Snowscape|[upkeep]
|-damage|p1a: watch out for snow|60/100 tox|[from] psn
|upkeep
|turn|17
|
|t:|1776297718
|switch|p1a: gargar binks|Garganacl, F|80/100
|move|p2a: Blissey|Seismic Toss|p1a: gargar binks
|-damage|p1a: gargar binks|55/100
|
|-weather|Snowscape|[upkeep]
|upkeep
|turn|18
|
|t:|1776297724
|switch|p2a: Amoonguss|Amoonguss, F|100/100
|move|p1a: gargar binks|Salt Cure|p2a: Amoonguss
|-damage|p2a: Amoonguss|91/100
|-start|p2a: Amoonguss|Salt Cure
|
|-weather|none
|-damage|p2a: Amoonguss|78/100|[from] Salt Cure
|upkeep
|turn|19
|
|t:|1776297729
|move|p1a: gargar binks|Recover|p1a: gargar binks
|-heal|p1a: gargar binks|100/100
|move|p2a: Amoonguss|Seed Bomb|p1a: gargar binks
|-supereffective|p1a: gargar binks
|-damage|p1a: gargar binks|83/100
|
|-damage|p2a: Amoonguss|66/100|[from] Salt Cure
|upkeep
|turn|20
|
|t:|1776297749
|move|p1a: gargar binks|Earthquake|p2a: Amoonguss
|-damage|p2a: Amoonguss|51/100
|move|p2a: Amoonguss|Foul Play|p1a: gargar binks
|-damage|p1a: gargar binks|76/100
|
|-damage|p2a: Amoonguss|38/100|[from] Salt Cure
|upkeep
|turn|21
|
|t:|1776297762
|move|p1a: gargar binks|Earthquake|p2a: Amoonguss
|-damage|p2a: Amoonguss|20/100
|move|p2a: Amoonguss|Synthesis|p2a: Amoonguss
|-heal|p2a: Amoonguss|70/100
|
|-damage|p2a: Amoonguss|58/100|[from] Salt Cure
|upkeep
|turn|22
|
|t:|1776297786
|move|p1a: gargar binks|Earthquake|p2a: Amoonguss
|-damage|p2a: Amoonguss|43/100
|move|p2a: Amoonguss|Synthesis|p2a: Amoonguss
|-heal|p2a: Amoonguss|93/100
|
|-damage|p2a: Amoonguss|80/100|[from] Salt Cure
|-sideend|p1: oognibeht|move: Aurora Veil
|upkeep
|turn|23
|
|t:|1776297804
|switch|p1a: watch out for snow|Ninetales-Alola, F|60/100 tox
|-weather|Snowscape|[from] ability: Snow Warning|[of] p1a: watch out for snow
|move|p2a: Amoonguss|Seed Bomb|p1a: watch out for snow
|-damage|p1a: watch out for snow|38/100 tox
|
|-weather|Snowscape|[upkeep]
|-damage|p1a: watch out for snow|32/100 tox|[from] psn
|-damage|p2a: Amoonguss|68/100|[from] Salt Cure
|upkeep
|turn|24
|
|t:|1776297815
|switch|p2a: Blissey|Blissey, F|95/100
|move|p1a: watch out for snow|Aurora Veil|p1a: watch out for snow
|-sidestart|p1: oognibeht|move: Aurora Veil
|
|-weather|Snowscape|[upkeep]
|-damage|p1a: watch out for snow|20/100 tox|[from] psn
|upkeep
|turn|25
|
|t:|1776297829
|switch|p1a: gargar binks|Garganacl, F|76/100
|move|p2a: Blissey|Seismic Toss|p1a: gargar binks
|-damage|p1a: gargar binks|51/100
|
|-weather|Snowscape|[upkeep]
|upkeep
|turn|26
|
|t:|1776297844
|switch|p2a: Amoonguss|Amoonguss, F|100/100
|move|p1a: gargar binks|Recover|p1a: gargar binks
|-heal|p1a: gargar binks|100/100
|
|-weather|Snowscape|[upkeep]
|upkeep
|turn|27
|
|t:|1776297866
|switch|p2a: Clefable|Clefable, F|85/100
|move|p1a: gargar binks|Salt Cure|p2a: Clefable
|-damage|p2a: Clefable|75/100
|-start|p2a: Clefable|Salt Cure
|
|-weather|none
|upkeep
|turn|28
|
|t:|1776297885
|switch|p2a: Gliscor|Gliscor, F|80/100 tox
|move|p1a: gargar binks|Earthquake|p2a: Gliscor
|-immune|p2a: Gliscor
|
|-heal|p2a: Gliscor|93/100 tox|[from] ability: Poison Heal
|upkeep
|turn|29
|
|t:|1776297892
|move|p2a: Gliscor|Protect|p2a: Gliscor
|-singleturn|p2a: Gliscor|Protect
|move|p1a: gargar binks|Salt Cure|p2a: Gliscor
|-activate|p2a: Gliscor|move: Protect
|
|-heal|p2a: Gliscor|100/100 tox|[from] ability: Poison Heal
|upkeep
|turn|30
|
|t:|1776297895
|move|p2a: Gliscor|Spikes|p1a: gargar binks
|-sidestart|p1: oognibeht|Spikes
|move|p1a: gargar binks|Salt Cure|p2a: Gliscor
|-damage|p2a: Gliscor|93/100 tox
|-start|p2a: Gliscor|Salt Cure
|
|-heal|p2a: Gliscor|100/100 tox|[from] ability: Poison Heal
|-damage|p2a: Gliscor|88/100 tox|[from] Salt Cure
|upkeep
|turn|31
|
|t:|1776297911
|switch|p1a: proto phant|Great Tusk|100/100
|move|p2a: Gliscor|Spikes|p1a: proto phant
|-sidestart|p1: oognibeht|Spikes
|
|-heal|p2a: Gliscor|100/100 tox|[from] ability: Poison Heal
|-damage|p2a: Gliscor|88/100 tox|[from] Salt Cure
|-sideend|p1: oognibeht|move: Aurora Veil
|upkeep
|turn|32
|
|t:|1776297920
|move|p1a: proto phant|Rapid Spin|p2a: Gliscor
|-damage|p2a: Gliscor|79/100 tox
|-boost|p1a: proto phant|spe|1
|-sideend|p1: oognibeht|Spikes|[from] move: Rapid Spin|[of] p1a: proto phant
|move|p2a: Gliscor|Toxic|p1a: proto phant
|-status|p1a: proto phant|tox
|
|-damage|p1a: proto phant|94/100 tox|[from] psn
|-heal|p2a: Gliscor|92/100 tox|[from] ability: Poison Heal
|-damage|p2a: Gliscor|79/100 tox|[from] Salt Cure
|upkeep
|turn|33
|
|t:|1776297928
|move|p2a: Gliscor|Protect|p2a: Gliscor
|-singleturn|p2a: Gliscor|Protect
|move|p1a: proto phant|Rapid Spin|p2a: Gliscor
|-activate|p2a: Gliscor|move: Protect
|
|-damage|p1a: proto phant|82/100 tox|[from] psn
|-heal|p2a: Gliscor|92/100 tox|[from] ability: Poison Heal
|-damage|p2a: Gliscor|79/100 tox|[from] Salt Cure
|upkeep
|turn|34
|
|t:|1776297932
|switch|p2a: Dondozo|Dondozo, F|69/100 slp
|move|p1a: proto phant|Ice Spinner|p2a: Dondozo
|-resisted|p2a: Dondozo
|-damage|p2a: Dondozo|64/100 slp
|
|-damage|p1a: proto phant|63/100 tox|[from] psn
|upkeep
|turn|35
|
|t:|1776297943
|-end|p1a: proto phant|Protosynthesis|[silent]
|switch|p1a: watch out for snow|Ninetales-Alola, F|20/100 tox
|-weather|Snowscape|[from] ability: Snow Warning|[of] p1a: watch out for snow
|cant|p2a: Dondozo|slp
|move|p2a: Dondozo|Sleep Talk|p2a: Dondozo
|move|p2a: Dondozo|Rest||[from] move: Sleep Talk|[still]
|-fail|p2a: Dondozo
|
|-weather|Snowscape|[upkeep]
|-damage|p1a: watch out for snow|14/100 tox|[from] psn
|upkeep
|turn|36
|
|t:|1776297949
|switch|p2a: Clefable|Clefable, F|75/100
|move|p1a: watch out for snow|Aurora Veil|p1a: watch out for snow
|-sidestart|p1: oognibeht|move: Aurora Veil
|
|-weather|Snowscape|[upkeep]
|-damage|p1a: watch out for snow|2/100 tox|[from] psn
|upkeep
|turn|37
|
|t:|1776297956
|switch|p1a: Iron Crown|Iron Crown|100/100
|-enditem|p1a: Iron Crown|Booster Energy
|-activate|p1a: Iron Crown|ability: Quark Drive|[fromitem]
|-start|p1a: Iron Crown|quarkdrivespa
|switch|p2a: Blissey|Blissey, F|95/100
|
|-weather|Snowscape|[upkeep]
|upkeep
|turn|38
|
|t:|1776297969
|switch|p2a: Ting-Lu|Ting-Lu|100/100
|-ability|p2a: Ting-Lu|Vessel of Ruin
|move|p1a: Iron Crown|Psychic Noise|p2a: Ting-Lu
|-immune|p2a: Ting-Lu
|
|-weather|Snowscape|[upkeep]
|upkeep
|turn|39
|
|t:|1776297973
|move|p1a: Iron Crown|Focus Blast|p2a: Ting-Lu
|-supereffective|p2a: Ting-Lu
|-damage|p2a: Ting-Lu|53/100
|move|p2a: Ting-Lu|Earthquake|p1a: Iron Crown
|-supereffective|p1a: Iron Crown
|-damage|p1a: Iron Crown|58/100
|
|-weather|none
|upkeep
|turn|40
|
|t:|1776297992
|move|p2a: Ting-Lu|Protect|p2a: Ting-Lu
|-singleturn|p2a: Ting-Lu|Protect
|move|p1a: Iron Crown|Tachyon Cutter|p2a: Ting-Lu
|-activate|p2a: Ting-Lu|move: Protect
|
|upkeep
|turn|41
|
|t:|1776297998
|switch|p2a: Blissey|Blissey, F|95/100
|move|p1a: Iron Crown|Tachyon Cutter|p2a: Blissey
|-damage|p2a: Blissey|84/100
|-damage|p2a: Blissey|74/100
|-hitcount|p2a: Blissey|2
|
|upkeep
|turn|42
|
|t:|1776298003
|-terastallize|p2a: Blissey|Dark
|move|p1a: Iron Crown|Focus Blast|p2a: Blissey|[miss]
|-miss|p1a: Iron Crown|p2a: Blissey
|move|p2a: Blissey|Soft-Boiled|p2a: Blissey
|-heal|p2a: Blissey|100/100
|
|upkeep
|turn|43
|
|t:|1776298009
|move|p1a: Iron Crown|Focus Blast|p2a: Blissey
|-supereffective|p2a: Blissey
|-damage|p2a: Blissey|65/100
|move|p2a: Blissey|Seismic Toss|p1a: Iron Crown
|-damage|p1a: Iron Crown|27/100
|
|-sideend|p1: oognibeht|move: Aurora Veil
|upkeep
|turn|44
|
|t:|1776298013
|move|p1a: Iron Crown|Tachyon Cutter|p2a: Blissey
|-damage|p2a: Blissey|54/100
|-damage|p2a: Blissey|43/100
|-hitcount|p2a: Blissey|2
|move|p2a: Blissey|Soft-Boiled|p2a: Blissey
|-heal|p2a: Blissey|93/100
|
|upkeep
|turn|45
|
|t:|1776298021
|move|p1a: Iron Crown|Focus Blast|p2a: Blissey
|-supereffective|p2a: Blissey
|-damage|p2a: Blissey|58/100
|move|p2a: Blissey|Flamethrower|p1a: Iron Crown
|-supereffective|p1a: Iron Crown
|-damage|p1a: Iron Crown|0 fnt
|faint|p1a: Iron Crown
|-end|p1a: Iron Crown|Quark Drive|[silent]
|
|upkeep
|
|t:|1776298031
|switch|p1a: gargar binks|Garganacl, F|100/100
|turn|46
|
|t:|1776298037
|switch|p2a: Amoonguss|Amoonguss, F|100/100
|move|p1a: gargar binks|Salt Cure|p2a: Amoonguss
|-damage|p2a: Amoonguss|90/100
|-start|p2a: Amoonguss|Salt Cure
|
|-damage|p2a: Amoonguss|77/100|[from] Salt Cure
|upkeep
|turn|47
|
|t:|1776298045
|switch|p1a: watch out for snow|Ninetales-Alola, F|2/100 tox
|-weather|Snowscape|[from] ability: Snow Warning|[of] p1a: watch out for snow
|move|p2a: Amoonguss|Seed Bomb|p1a: watch out for snow
|-damage|p1a: watch out for snow|0 fnt
|faint|p1a: watch out for snow
|
|-weather|Snowscape|[upkeep]
|-damage|p2a: Amoonguss|65/100|[from] Salt Cure
|upkeep
|
|t:|1776298056
|switch|p1a: golt|Moltres-Galar|100/100
|turn|48
|
|t:|1776298064
|switch|p2a: Blissey|Blissey, F, tera:Dark|58/100
|move|p1a: golt|Air Slash|p2a: Blissey
|-damage|p2a: Blissey|48/100
|
|-weather|Snowscape|[upkeep]
|upkeep
|turn|49
|
|t:|1776298069
|move|p1a: golt|Nasty Plot|p1a: golt
|-boost|p1a: golt|spa|2
|move|p2a: Blissey|Soft-Boiled|p2a: Blissey
|-heal|p2a: Blissey|98/100
|
|-weather|Snowscape|[upkeep]
|upkeep
|turn|50
|
|t:|1776298075
|move|p1a: golt|Nasty Plot|p1a: golt
|-boost|p1a: golt|spa|2
|move|p2a: Blissey|Calm Mind|p2a: Blissey
|-boost|p2a: Blissey|spa|1
|-boost|p2a: Blissey|spd|1
|
|-weather|Snowscape|[upkeep]
|upkeep
|turn|51
|
|t:|1776298103
|switch|p1a: gargar binks|Garganacl, F|100/100
|move|p2a: Blissey|Calm Mind|p2a: Blissey
|-boost|p2a: Blissey|spa|1
|-boost|p2a: Blissey|spd|1
|
|-weather|none
|upkeep
|turn|52
|
|t:|1776298110
|switch|p2a: Clefable|Clefable, F|75/100
|move|p1a: gargar binks|Salt Cure|p2a: Clefable
|-damage|p2a: Clefable|64/100
|-start|p2a: Clefable|Salt Cure
|
|upkeep
|turn|53
|
|t:|1776298130
|switch|p1a: proto phant|Great Tusk|63/100 tox
|move|p2a: Clefable|Moonlight|p2a: Clefable
|-heal|p2a: Clefable|100/100
|
|-damage|p1a: proto phant|57/100 tox|[from] psn
|upkeep
|turn|54
|
|t:|1776298141
|move|p1a: proto phant|Headlong Rush|p2a: Clefable
|-damage|p2a: Clefable|62/100
|-unboost|p1a: proto phant|def|1
|-unboost|p1a: proto phant|spd|1
|move|p2a: Clefable|Moonblast|p1a: proto phant
|-supereffective|p1a: proto phant
|-damage|p1a: proto phant|0 fnt
|faint|p1a: proto phant
|-end|p1a: proto phant|Protosynthesis|[silent]
|
|upkeep
|
|t:|1776298151
|switch|p1a: gargar binks|Garganacl, F|100/100
|turn|55
|
|t:|1776298156
|move|p2a: Clefable|Moonlight|p2a: Clefable
|-heal|p2a: Clefable|100/100
|move|p1a: gargar binks|Salt Cure|p2a: Clefable
|-crit|p2a: Clefable
|-damage|p2a: Clefable|84/100
|
|upkeep
|turn|56
|
|t:|1776298162
|move|p2a: Clefable|Wish|p2a: Clefable
|move|p1a: gargar binks|Salt Cure|p2a: Clefable
|-damage|p2a: Clefable|73/100
|
|upkeep
|turn|57
|
|t:|1776298168
|move|p2a: Clefable|Moonblast|p1a: gargar binks
|-damage|p1a: gargar binks|81/100
|move|p1a: gargar binks|Salt Cure|p2a: Clefable
|-damage|p2a: Clefable|62/100
|
|-heal|p2a: Clefable|100/100|[from] move: Wish|[wisher] Clefable
|upkeep
|turn|58
|
|t:|1776298179
|move|p2a: Clefable|Wish|p2a: Clefable
|move|p1a: gargar binks|Earthquake|p2a: Clefable
|-damage|p2a: Clefable|82/100
|
|upkeep
|turn|59
|
|t:|1776298188
|switch|p2a: Amoonguss|Amoonguss, F|98/100
|move|p1a: gargar binks|Earthquake|p2a: Amoonguss
|-damage|p2a: Amoonguss|81/100
|
|-heal|p2a: Amoonguss|100/100|[from] move: Wish|[wisher] Clefable
|upkeep
|turn|60
|
|t:|1776298195
|move|p1a: gargar binks|Salt Cure|p2a: Amoonguss
|-damage|p2a: Amoonguss|90/100
|-start|p2a: Amoonguss|Salt Cure
|move|p2a: Amoonguss|Seed Bomb|p1a: gargar binks
|-supereffective|p1a: gargar binks
|-damage|p1a: gargar binks|45/100
|
|-damage|p2a: Amoonguss|77/100|[from] Salt Cure
|upkeep
|turn|61
|
|t:|1776298201
|move|p1a: gargar binks|Recover|p1a: gargar binks
|-heal|p1a: gargar binks|95/100
|move|p2a: Amoonguss|Seed Bomb|p1a: gargar binks
|-supereffective|p1a: gargar binks
|-damage|p1a: gargar binks|60/100
|
|-damage|p2a: Amoonguss|65/100|[from] Salt Cure
|upkeep
|turn|62
|
|t:|1776298221
|switch|p2a: Clefable|Clefable, F|82/100
|move|p1a: gargar binks|Curse|p1a: gargar binks
|-unboost|p1a: gargar binks|spe|1
|-boost|p1a: gargar binks|atk|1
|-boost|p1a: gargar binks|def|1
|
|upkeep
|turn|63
|
|t:|1776298229
|move|p2a: Clefable|Moonblast|p1a: gargar binks
|-damage|p1a: gargar binks|38/100
|move|p1a: gargar binks|Recover|p1a: gargar binks
|-heal|p1a: gargar binks|88/100
|
|upkeep
|turn|64
|
|t:|1776298237
|move|p2a: Clefable|Moonblast|p1a: gargar binks
|-damage|p1a: gargar binks|68/100
|move|p1a: gargar binks|Earthquake|p2a: Clefable
|-damage|p2a: Clefable|58/100
|
|upkeep
|turn|65
|
|t:|1776298252
|move|p2a: Clefable|Moonlight|p2a: Clefable
|-heal|p2a: Clefable|100/100
|move|p1a: gargar binks|Curse|p1a: gargar binks
|-unboost|p1a: gargar binks|spe|1
|-boost|p1a: gargar binks|atk|1
|-boost|p1a: gargar binks|def|1
|
|upkeep
|turn|66
|
|t:|1776298259
|switch|p2a: Amoonguss|Amoonguss, F|98/100
|move|p1a: gargar binks|Earthquake|p2a: Amoonguss
|-damage|p2a: Amoonguss|68/100
|
|upkeep
|turn|67
|
|t:|1776298266
|move|p2a: Amoonguss|Seed Bomb|p1a: gargar binks
|-supereffective|p1a: gargar binks
|-damage|p1a: gargar binks|52/100
|move|p1a: gargar binks|Salt Cure|p2a: Amoonguss
|-damage|p2a: Amoonguss|47/100
|-start|p2a: Amoonguss|Salt Cure
|
|-damage|p2a: Amoonguss|35/100|[from] Salt Cure
|upkeep
|turn|68
|
|t:|1776298278
|switch|p2a: Clefable|Clefable, F|100/100
|move|p1a: gargar binks|Curse|p1a: gargar binks
|-unboost|p1a: gargar binks|spe|1
|-boost|p1a: gargar binks|atk|1
|-boost|p1a: gargar binks|def|1
|
|upkeep
|turn|69
|
|t:|1776298288
|move|p2a: Clefable|Moonblast|p1a: gargar binks
|-damage|p1a: gargar binks|34/100
|move|p1a: gargar binks|Recover|p1a: gargar binks
|-heal|p1a: gargar binks|84/100
|
|upkeep
|turn|70
|
|t:|1776298294
|move|p2a: Clefable|Moonblast|p1a: gargar binks
|-damage|p1a: gargar binks|62/100
|move|p1a: gargar binks|Earthquake|p2a: Clefable
|-damage|p2a: Clefable|55/100
|
|upkeep
|turn|71
|
|t:|1776298301
|move|p2a: Clefable|Moonlight|p2a: Clefable
|-heal|p2a: Clefable|100/100
|move|p1a: gargar binks|Salt Cure|p2a: Clefable
|-damage|p2a: Clefable|73/100
|-start|p2a: Clefable|Salt Cure
|
|upkeep
|turn|72
|
|t:|1776298307
|move|p2a: Clefable|Wish|p2a: Clefable
|move|p1a: gargar binks|Earthquake|p2a: Clefable
|-damage|p2a: Clefable|27/100
|
|upkeep
|turn|73
|
|t:|1776298314
|move|p2a: Clefable|Moonlight|p2a: Clefable
|-heal|p2a: Clefable|77/100
|move|p1a: gargar binks|Curse|p1a: gargar binks
|-unboost|p1a: gargar binks|spe|1
|-boost|p1a: gargar binks|atk|1
|-boost|p1a: gargar binks|def|1
|
|-heal|p2a: Clefable|100/100|[from] move: Wish|[wisher] Clefable
|upkeep
|turn|74
|
|t:|1776298320
|move|p2a: Clefable|Moonblast|p1a: gargar binks
|-damage|p1a: gargar binks|41/100
|move|p1a: gargar binks|Earthquake|p2a: Clefable
|-damage|p2a: Clefable|48/100
|
|upkeep
|turn|75
|
|t:|1776298330
|switch|p2a: Gliscor|Gliscor, F|79/100 tox
|move|p1a: gargar binks|Recover|p1a: gargar binks
|-heal|p1a: gargar binks|91/100
|
|-heal|p2a: Gliscor|92/100 tox|[from] ability: Poison Heal
|upkeep
|turn|76
|
|t:|1776298335
|move|p2a: Gliscor|Protect|p2a: Gliscor
|-singleturn|p2a: Gliscor|Protect
|move|p1a: gargar binks|Salt Cure|p2a: Gliscor
|-activate|p2a: Gliscor|move: Protect
|
|-heal|p2a: Gliscor|100/100 tox|[from] ability: Poison Heal
|upkeep
|turn|77
|
|t:|1776298349
|move|p2a: Gliscor|Knock Off|p1a: gargar binks
|-damage|p1a: gargar binks|88/100
|move|p1a: gargar binks|Salt Cure|p2a: Gliscor
|-damage|p2a: Gliscor|73/100 tox
|-start|p2a: Gliscor|Salt Cure
|
|-heal|p2a: Gliscor|86/100 tox|[from] ability: Poison Heal
|-damage|p2a: Gliscor|73/100 tox|[from] Salt Cure
|upkeep
|turn|78
|
|t:|1776298360
|switch|p2a: Dondozo|Dondozo, F|64/100 slp
|move|p1a: gargar binks|Curse|p1a: gargar binks
|-unboost|p1a: gargar binks|spe|1
|-boost|p1a: gargar binks|atk|1
|-boost|p1a: gargar binks|def|1
|
|upkeep
|turn|79
|
|t:|1776298364
|cant|p2a: Dondozo|slp
|move|p2a: Dondozo|Sleep Talk|p2a: Dondozo
|move|p2a: Dondozo|Curse|p2a: Dondozo|[from] move: Sleep Talk
|-unboost|p2a: Dondozo|spe|1
|-boost|p2a: Dondozo|atk|1
|-boost|p2a: Dondozo|def|1
|move|p1a: gargar binks|Salt Cure|p2a: Dondozo
|-crit|p2a: Dondozo
|-damage|p2a: Dondozo|56/100 slp
|-start|p2a: Dondozo|Salt Cure
|
|-damage|p2a: Dondozo|31/100 slp|[from] Salt Cure
|upkeep
|turn|80
|
|t:|1776298385
|-curestatus|p2a: Dondozo|slp|[msg]
|move|p2a: Dondozo|Rest|p2a: Dondozo
|-status|p2a: Dondozo|slp|[from] move: Rest
|-heal|p2a: Dondozo|100/100 slp|[silent]
|move|p1a: gargar binks|Curse|p1a: gargar binks
|-unboost|p1a: gargar binks|spe|1
|-boost|p1a: gargar binks|atk|1
|-boost|p1a: gargar binks|def|1
|
|-damage|p2a: Dondozo|75/100 slp|[from] Salt Cure
|upkeep
|turn|81
|
|t:|1776298398
|cant|p2a: Dondozo|slp
|move|p2a: Dondozo|Sleep Talk|p2a: Dondozo
|move|p2a: Dondozo|Waterfall|p1a: gargar binks|[from] move: Sleep Talk
|-supereffective|p1a: gargar binks
|-damage|p1a: gargar binks|34/100
|move|p1a: gargar binks|Earthquake|p2a: Dondozo
|-damage|p2a: Dondozo|69/100 slp
|
|-damage|p2a: Dondozo|44/100 slp|[from] Salt Cure
|upkeep
|turn|82
|
|t:|1776298410
|cant|p2a: Dondozo|slp
|move|p2a: Dondozo|Sleep Talk|p2a: Dondozo
|move|p2a: Dondozo|Waterfall|p1a: gargar binks|[from] move: Sleep Talk
|-supereffective|p1a: gargar binks
|-damage|p1a: gargar binks|0 fnt
|faint|p1a: gargar binks
|
|-damage|p2a: Dondozo|19/100 slp|[from] Salt Cure
|upkeep
|
|t:|1776298418
|switch|p1a: kid named snow...|Kyurem|100/100
|-ability|p1a: kid named snow...|Pressure
|turn|83
|
|t:|1776298425
|move|p1a: kid named snow...|Dragon Dance|p1a: kid named snow...
|-boost|p1a: kid named snow...|atk|1
|-boost|p1a: kid named snow...|spe|1
|-curestatus|p2a: Dondozo|slp|[msg]
|move|p2a: Dondozo|Rest|p2a: Dondozo
|-status|p2a: Dondozo|slp|[from] move: Rest
|-heal|p2a: Dondozo|100/100 slp|[silent]
|
|-damage|p2a: Dondozo|75/100 slp|[from] Salt Cure
|upkeep
|turn|84
|
|t:|1776298431
|move|p1a: kid named snow...|Dragon Dance|p1a: kid named snow...
|-boost|p1a: kid named snow...|atk|1
|-boost|p1a: kid named snow...|spe|1
|cant|p2a: Dondozo|slp
|move|p2a: Dondozo|Sleep Talk|p2a: Dondozo
|move|p2a: Dondozo|Rest||[from] move: Sleep Talk|[still]
|-fail|p2a: Dondozo
|
|-damage|p2a: Dondozo|50/100 slp|[from] Salt Cure
|upkeep
|turn|85
|
|t:|1776298442
|switch|p2a: Clefable|Clefable, F|48/100
|move|p1a: kid named snow...|Dragon Dance|p1a: kid named snow...
|-boost|p1a: kid named snow...|atk|1
|-boost|p1a: kid named snow...|spe|1
|
|upkeep
|turn|86
|
|t:|1776298447
|move|p1a: kid named snow...|Icicle Spear|p2a: Clefable
|-damage|p2a: Clefable|22/100
|-damage|p2a: Clefable|0 fnt
|faint|p2a: Clefable
|-hitcount|p2: Clefable|2
|
|upkeep
|
|t:|1776298450
|switch|p2a: Dondozo|Dondozo, F|50/100 slp
|turn|87
|
|t:|1776298453
|move|p1a: kid named snow...|Scale Shot|p2a: Dondozo
|-damage|p2a: Dondozo|44/100 slp
|-damage|p2a: Dondozo|38/100 slp
|-damage|p2a: Dondozo|32/100 slp
|-damage|p2a: Dondozo|27/100 slp
|-hitcount|p2a: Dondozo|4
|-unboost|p1a: kid named snow...|def|1
|-boost|p1a: kid named snow...|spe|1
|cant|p2a: Dondozo|slp
|move|p2a: Dondozo|Sleep Talk|p2a: Dondozo
|move|p2a: Dondozo|Waterfall|p1a: kid named snow...|[from] move: Sleep Talk
|-resisted|p1a: kid named snow...
|-damage|p1a: kid named snow...|87/100
|
|upkeep
|turn|88
|
|t:|1776298469
|move|p1a: kid named snow...|Earth Power|p2a: Dondozo
|-damage|p2a: Dondozo|3/100 slp
|-curestatus|p2a: Dondozo|slp|[msg]
|move|p2a: Dondozo|Rest|p2a: Dondozo
|-status|p2a: Dondozo|slp|[from] move: Rest
|-heal|p2a: Dondozo|100/100 slp|[silent]
|
|upkeep
|turn|89
|
|t:|1776298475
|move|p1a: kid named snow...|Dragon Dance|p1a: kid named snow...
|-boost|p1a: kid named snow...|atk|1
|-boost|p1a: kid named snow...|spe|1
|cant|p2a: Dondozo|slp
|move|p2a: Dondozo|Sleep Talk|p2a: Dondozo
|move|p2a: Dondozo|Curse|p2a: Dondozo|[from] move: Sleep Talk
|-unboost|p2a: Dondozo|spe|1
|-boost|p2a: Dondozo|atk|1
|-boost|p2a: Dondozo|def|1
|
|upkeep
|turn|90
|c|☆freezentic|Kiddo
|
|t:|1776298488
|move|p1a: kid named snow...|Scale Shot|p2a: Dondozo
|-damage|p2a: Dondozo|97/100 slp
|-damage|p2a: Dondozo|93/100 slp
|-damage|p2a: Dondozo|89/100 slp
|-damage|p2a: Dondozo|85/100 slp
|-damage|p2a: Dondozo|80/100 slp
|-hitcount|p2a: Dondozo|5
|-unboost|p1a: kid named snow...|def|1
|-boost|p1a: kid named snow...|spe|1
|cant|p2a: Dondozo|slp
|move|p2a: Dondozo|Sleep Talk|p2a: Dondozo
|move|p2a: Dondozo|Rest||[from] move: Sleep Talk|[still]
|-fail|p2a: Dondozo
|
|upkeep
|turn|91
|c|☆freezentic|You know what unaware does?
|
|t:|1776298494
|move|p1a: kid named snow...|Earth Power|p2a: Dondozo
|-damage|p2a: Dondozo|53/100 slp
|-curestatus|p2a: Dondozo|slp|[msg]
|move|p2a: Dondozo|Sleep Talk||[still]
|-fail|p2a: Dondozo
|
|upkeep
|turn|92
|
|t:|1776298500
|move|p1a: kid named snow...|Earth Power|p2a: Dondozo
|-damage|p2a: Dondozo|30/100
|move|p2a: Dondozo|Rest|p2a: Dondozo
|-status|p2a: Dondozo|slp|[from] move: Rest
|-heal|p2a: Dondozo|100/100 slp|[silent]
|
|upkeep
|turn|93
|
|t:|1776298506
|move|p1a: kid named snow...|Earth Power|p2a: Dondozo
|-damage|p2a: Dondozo|75/100 slp
|cant|p2a: Dondozo|slp
|move|p2a: Dondozo|Sleep Talk|p2a: Dondozo
|move|p2a: Dondozo|Curse|p2a: Dondozo|[from] move: Sleep Talk
|-unboost|p2a: Dondozo|spe|1
|-boost|p2a: Dondozo|atk|1
|-boost|p2a: Dondozo|def|1
|
|upkeep
|turn|94
|
|t:|1776298509
|move|p1a: kid named snow...|Earth Power|p2a: Dondozo
|-damage|p2a: Dondozo|50/100 slp
|cant|p2a: Dondozo|slp
|move|p2a: Dondozo|Sleep Talk|p2a: Dondozo
|move|p2a: Dondozo|Waterfall|p1a: kid named snow...|[from] move: Sleep Talk
|-resisted|p1a: kid named snow...
|-damage|p1a: kid named snow...|60/100
|
|upkeep
|turn|95
|
|t:|1776298513
|move|p1a: kid named snow...|Earth Power|p2a: Dondozo
|-damage|p2a: Dondozo|24/100 slp
|-curestatus|p2a: Dondozo|slp|[msg]
|move|p2a: Dondozo|Rest|p2a: Dondozo
|-status|p2a: Dondozo|slp|[from] move: Rest
|-heal|p2a: Dondozo|100/100 slp|[silent]
|
|upkeep
|turn|96
|
|t:|1776298518
|move|p1a: kid named snow...|Earth Power|p2a: Dondozo
|-damage|p2a: Dondozo|75/100 slp
|cant|p2a: Dondozo|slp
|move|p2a: Dondozo|Sleep Talk|p2a: Dondozo
|move|p2a: Dondozo|Curse|p2a: Dondozo|[from] move: Sleep Talk
|-unboost|p2a: Dondozo|spe|1
|-boost|p2a: Dondozo|atk|1
|-boost|p2a: Dondozo|def|1
|
|upkeep
|turn|97
|
|t:|1776298522
|move|p1a: kid named snow...|Earth Power|p2a: Dondozo
|-damage|p2a: Dondozo|50/100 slp
|-unboost|p2a: Dondozo|spd|1
|cant|p2a: Dondozo|slp
|
|upkeep
|turn|98
|
|t:|1776298534
|move|p1a: kid named snow...|Earth Power|p2a: Dondozo
|-damage|p2a: Dondozo|10/100 slp
|-curestatus|p2a: Dondozo|slp|[msg]
|move|p2a: Dondozo|Rest|p2a: Dondozo
|-status|p2a: Dondozo|slp|[from] move: Rest
|-heal|p2a: Dondozo|100/100 slp|[silent]
|
|upkeep
|turn|99
|
|t:|1776298542
|move|p1a: kid named snow...|Earth Power|p2a: Dondozo
|-damage|p2a: Dondozo|66/100 slp
|cant|p2a: Dondozo|slp
|
|upkeep
|turn|100
|
|t:|1776298549
|move|p1a: kid named snow...|Earth Power|p2a: Dondozo
|-damage|p2a: Dondozo|27/100 slp
|cant|p2a: Dondozo|slp
|
|upkeep
|turn|101
|
|t:|1776298552
|move|p1a: kid named snow...|Earth Power|p2a: Dondozo
|-damage|p2a: Dondozo|0 fnt
|faint|p2a: Dondozo
|
|upkeep
|
|t:|1776298563
|switch|p2a: Blissey|Blissey, F, tera:Dark|98/100
|turn|102
|
|t:|1776298566
|move|p1a: kid named snow...|Icicle Spear|p2a: Blissey
|-damage|p2a: Blissey|54/100
|-damage|p2a: Blissey|14/100
|-damage|p2a: Blissey|0 fnt
|faint|p2a: Blissey
|-hitcount|p2: Blissey|3
|
|upkeep
|
|t:|1776298568
|switch|p2a: Ting-Lu|Ting-Lu|53/100
|-ability|p2a: Ting-Lu|Vessel of Ruin
|turn|103
|
|t:|1776298572
|move|p2a: Ting-Lu|Protect|p2a: Ting-Lu
|-singleturn|p2a: Ting-Lu|Protect
|move|p1a: kid named snow...|Icicle Spear|p2a: Ting-Lu
|-activate|p2a: Ting-Lu|move: Protect
|
|upkeep
|turn|104
|
|t:|1776298573
|move|p1a: kid named snow...|Icicle Spear|p2a: Ting-Lu
|-supereffective|p2a: Ting-Lu
|-damage|p2a: Ting-Lu|8/100
|-supereffective|p2a: Ting-Lu
|-damage|p2a: Ting-Lu|0 fnt
|faint|p2a: Ting-Lu
|-hitcount|p2: Ting-Lu|2
|
|upkeep
|
|t:|1776298578
|switch|p2a: Gliscor|Gliscor, F|73/100 tox
|turn|105
|
|t:|1776298581
|move|p1a: kid named snow...|Icicle Spear|p2a: Gliscor
|-supereffective|p2a: Gliscor
|-damage|p2a: Gliscor|0 fnt
|faint|p2a: Gliscor
|-hitcount|p2: Gliscor|1
|
|upkeep
|
|t:|1776298585
|switch|p2a: Amoonguss|Amoonguss, F|68/100
|turn|106
|
|t:|1776298586
|move|p1a: kid named snow...|Icicle Spear|p2a: Amoonguss
|-supereffective|p2a: Amoonguss
|-damage|p2a: Amoonguss|12/100
|-supereffective|p2a: Amoonguss
|-damage|p2a: Amoonguss|0 fnt
|faint|p2a: Amoonguss
|-hitcount|p2: Amoonguss|2
|
|win|oognibeht
|raw|oognibeht's rating: 1376 &rarr; <strong>1396</strong><br />(+20 for winning)
|raw|freezentic's rating: 1371 &rarr; <strong>1351</strong><br />(-20 for losing)
|l|☆freezentic
|player|p2|
