|html|<div class="broadcast-blue"><strong>[Gen 9] OU is currently suspecting Tera Blast! For information on how to participate check out the <a href="https://www.smogon.com/tools/suspects/view/200">suspect thread</a>.</strong></div>
|j|☆thatpronewb
|j|☆tomisoba
|t:|1776162787
|gametype|singles
|player|p1|thatpronewb|veteran|1092
|player|p2|tomisoba|266|1128
|gen|9
|tier|[Gen 9] OU
|rated|
|rule|HP Percentage Mod: HP is shown in percentages
|rule|Endless Battle Clause: Forcing endless battles is banned
|rule|Species Clause: Limit one of each Pokémon
|rule|OHKO Clause: OHKO moves are banned
|rule|Evasion Items Clause: Evasion items are banned
|rule|Evasion Moves Clause: Evasion moves are banned
|rule|Evasion Abilities Clause: Evasion abilities are banned
|rule|Sleep Moves Clause: Sleep-inducing moves are banned
|clearpoke
|poke|p1|Kingambit, F|
|poke|p1|Iron Treads|
|poke|p1|Sinistcha|
|poke|p1|Excadrill, M|
|poke|p1|Fezandipiti, M|
|poke|p1|Azumarill, F|
|poke|p2|Hatterene, F|
|poke|p2|Chandelure, F|
|poke|p2|Gallade, M|
|poke|p2|Cresselia, F|
|poke|p2|Scrafty, F|
|poke|p2|Snorlax, M|
|teampreview
|inactive|Battle timer is ON: inactive players will automatically lose when time's up. (requested by tomisoba)
|
|t:|1776162801
|teamsize|p1|6
|teamsize|p2|6
|start
|switch|p1a: Excadrill|Excadrill, M|100/100
|switch|p2a: cressy|Cresselia, F|100/100
|-ability|p1a: Excadrill|Mold Breaker
|turn|1
|
|t:|1776162808
|move|p1a: Excadrill|Swords Dance|p1a: Excadrill
|-boost|p1a: Excadrill|atk|2
|move|p2a: cressy|Trick Room|p2a: cressy
|-fieldstart|move: Trick Room|[of] p2a: cressy
|
|upkeep
|turn|2
|
|t:|1776162821
|move|p2a: cressy|Future Sight|p1a: Excadrill
|-start|p2a: cressy|move: Future Sight
|move|p1a: Excadrill|Earthquake|p2a: cressy
|-damage|p2a: cressy|34/100
|
|-heal|p2a: cressy|40/100|[from] item: Leftovers
|upkeep
|turn|3
|
|t:|1776162836
|move|p2a: cressy|Moonlight|p2a: cressy
|-heal|p2a: cressy|90/100
|move|p1a: Excadrill|Iron Head|p2a: cressy
|-damage|p2a: cressy|45/100
|
|-heal|p2a: cressy|51/100|[from] item: Leftovers
|upkeep
|turn|4
|
|t:|1776162850
|move|p2a: cressy|Moonlight|p2a: cressy
|-heal|p2a: cressy|100/100
|move|p1a: Excadrill|Swords Dance|p1a: Excadrill
|-boost|p1a: Excadrill|atk|2
|
|-end|p1a: Excadrill|move: Future Sight
|-resisted|p1a: Excadrill
|-damage|p1a: Excadrill|76/100
|-heal|p1a: Excadrill|82/100|[from] item: Leftovers
|upkeep
|turn|5
|
|t:|1776162861
|move|p2a: cressy|Future Sight|p1a: Excadrill
|-start|p2a: cressy|move: Future Sight
|move|p1a: Excadrill|Iron Head|p2a: cressy
|-damage|p2a: cressy|30/100
|
|-heal|p2a: cressy|36/100|[from] item: Leftovers
|-heal|p1a: Excadrill|88/100|[from] item: Leftovers
|-fieldend|move: Trick Room
|upkeep
|turn|6
|
|t:|1776162868
|move|p1a: Excadrill|Iron Head|p2a: cressy
|-damage|p2a: cressy|0 fnt
|faint|p2a: cressy
|
|-heal|p1a: Excadrill|94/100|[from] item: Leftovers
|upkeep
|
|t:|1776162880
|switch|p2a: hat|Hatterene, F|100/100
|turn|7
|
|t:|1776162886
|move|p1a: Excadrill|Iron Head|p2a: hat
|-supereffective|p2a: hat
|-damage|p2a: hat|0 fnt
|faint|p2a: hat
|
|-end|p1a: Excadrill|move: Future Sight
|-resisted|p1a: Excadrill
|-damage|p1a: Excadrill|71/100
|-heal|p1a: Excadrill|77/100|[from] item: Leftovers
|upkeep
|
|t:|1776162891
|switch|p2a: ultraman|Gallade, M|100/100
|turn|8
|
|t:|1776162901
|move|p1a: Excadrill|Earthquake|p2a: ultraman
|-damage|p2a: ultraman|0 fnt
|faint|p2a: ultraman
|
|-heal|p1a: Excadrill|83/100|[from] item: Leftovers
|upkeep
|
|t:|1776162905
|switch|p2a: chandelier|Chandelure, F|100/100
|turn|9
|
|t:|1776162908
|move|p1a: Excadrill|Earthquake|p2a: chandelier
|-supereffective|p2a: chandelier
|-damage|p2a: chandelier|0 fnt
|faint|p2a: chandelier
|
|-heal|p1a: Excadrill|89/100|[from] item: Leftovers
|upkeep
|
|t:|1776162911
|switch|p2a: snolax|Snorlax, M|100/100
|turn|10
|
|t:|1776162918
|move|p1a: Excadrill|Earthquake|p2a: snolax
|-crit|p2a: snolax
|-damage|p2a: snolax|0 fnt
|faint|p2a: snolax
|
|-heal|p1a: Excadrill|96/100|[from] item: Leftovers
|upkeep
|
|t:|1776162921
|switch|p2a: dinosaur|Scrafty, F|100/100
|turn|11
|
|t:|1776162923
|move|p1a: Excadrill|Earthquake|p2a: dinosaur
|-damage|p2a: dinosaur|0 fnt
|faint|p2a: dinosaur
|
|win|thatpronewb
|raw|thatpronewb's rating: 1092 &rarr; <strong>1121</strong><br />(+29 for winning)
|raw|tomisoba's rating: 1128 &rarr; <strong>1100</strong><br />(-28 for losing)
|l|☆tomisoba
|player|p2|
