|html|<div class="broadcast-blue"><strong>[Gen 9] OU is currently suspecting Tera Blast! For information on how to participate check out the <a href="https://www.smogon.com/tools/suspects/view/200">suspect thread</a>.</strong></div>
|j|☆ArisenTerror7888
|j|☆danna hatsune
|t:|1776053011
|gametype|singles
|player|p1|ArisenTerror7888|169|1145
|player|p2|danna hatsune|266|1111
|gen|9
|tier|[Gen 9] OU
|rated|
|rule|HP Percentage Mod: HP is shown in percentages
|rule|Endless Battle Clause: Forcing endless battles is banned
|rule|Species Clause: Limit one of each Pokémon
|rule|OHKO Clause: OHKO moves are banned
|rule|Evasion Items Clause: Evasion items are banned
|rule|Evasion Moves Clause: Evasion moves are banned
|rule|Evasion Abilities Clause: Evasion abilities are banned
|rule|Sleep Moves Clause: Sleep-inducing moves are banned
|clearpoke
|poke|p1|Zapdos|
|poke|p1|Barraskewda, M|
|poke|p1|Pelipper, M|
|poke|p1|Gholdengo|
|poke|p1|Rotom-Wash|
|poke|p1|Garchomp, F|
|poke|p2|Orthworm, F|
|poke|p2|Iron Crown|
|poke|p2|Heatran, F|
|poke|p2|Scizor, M|
|poke|p2|Excadrill, F|
|poke|p2|Empoleon, F|
|teampreview
|
|t:|1776053019
|teamsize|p1|6
|teamsize|p2|6
|start
|switch|p1a: Pelipper|Pelipper, M|100/100
|switch|p2a: Scizor|Scizor, M, shiny|100/100
|-weather|RainDance|[from] ability: Drizzle|[of] p1a: Pelipper
|turn|1
|inactive|Battle timer is ON: inactive players will automatically lose when time's up. (requested by danna hatsune)
|
|t:|1776053034
|move|p2a: Scizor|U-turn|p1a: Pelipper
|-resisted|p1a: Pelipper
|-crit|p1a: Pelipper
|-damage|p1a: Pelipper|64/100
|
|t:|1776053045
|switch|p2a: Empoleon|Empoleon, F, shiny|100/100|[from] U-turn
|move|p1a: Pelipper|Knock Off|p2a: Empoleon
|-damage|p2a: Empoleon|90/100
|-enditem|p2a: Empoleon|Leftovers|[from] move: Knock Off|[of] p1a: Pelipper
|
|-weather|RainDance|[upkeep]
|upkeep
|turn|2
|
|t:|1776053053
|switch|p1a: Garchomp|Garchomp, F|100/100
|move|p2a: Empoleon|Surf|p1a: Garchomp
|-damage|p1a: Garchomp|53/100
|
|-weather|RainDance|[upkeep]
|upkeep
|turn|3
|
|t:|1776053060
|switch|p2a: Orthworm|Orthworm, F, shiny|100/100
|move|p1a: Garchomp|Stealth Rock|p2a: Orthworm
|-sidestart|p2: danna hatsune|move: Stealth Rock
|
|-weather|RainDance|[upkeep]
|upkeep
|turn|4
|
|t:|1776053069
|move|p2a: Orthworm|Stealth Rock|p1a: Garchomp
|-sidestart|p1: ArisenTerror7888|move: Stealth Rock
|move|p1a: Garchomp|Dragon Tail|p2a: Orthworm|[miss]
|-miss|p1a: Garchomp|p2a: Orthworm
|
|-weather|RainDance|[upkeep]
|upkeep
|turn|5
|
|t:|1776053077
|move|p1a: Garchomp|Spikes|p2a: Orthworm
|-sidestart|p2: danna hatsune|Spikes
|move|p2a: Orthworm|Body Press|p1a: Garchomp
|-damage|p1a: Garchomp|34/100
|-damage|p2a: Orthworm|88/100|[from] ability: Rough Skin|[of] p1a: Garchomp
|-damage|p2a: Orthworm|71/100|[from] item: Rocky Helmet|[of] p1a: Garchomp
|
|-weather|RainDance|[upkeep]
|-heal|p2a: Orthworm|78/100|[from] item: Leftovers
|upkeep
|turn|6
|
|t:|1776053083
|switch|p1a: Zapdos|Zapdos|100/100
|move|p2a: Orthworm|Earthquake|p1a: Zapdos
|-immune|p1a: Zapdos
|
|-weather|RainDance|[upkeep]
|-heal|p2a: Orthworm|84/100|[from] item: Leftovers
|upkeep
|turn|7
|
|t:|1776053091
|switch|p2a: Excadrill|Excadrill, F, shiny|100/100
|-damage|p2a: Excadrill|97/100|[from] Stealth Rock
|-damage|p2a: Excadrill|85/100|[from] Spikes
|-ability|p2a: Excadrill|Mold Breaker
|move|p1a: Zapdos|Thunder|p2a: Excadrill
|-immune|p2a: Excadrill
|
|-weather|RainDance|[upkeep]
|upkeep
|turn|8
|
|t:|1776053103
|move|p2a: Excadrill|Rock Slide|p1a: Zapdos
|-supereffective|p1a: Zapdos
|-damage|p1a: Zapdos|44/100
|move|p1a: Zapdos|Weather Ball|p2a: Excadrill
|-supereffective|p2a: Excadrill
|-damage|p2a: Excadrill|0 fnt
|faint|p2a: Excadrill
|
|-weather|none
|upkeep
|
|t:|1776053112
|switch|p2a: Iron Crown|Iron Crown|100/100
|-damage|p2a: Iron Crown|94/100|[from] Stealth Rock
|-damage|p2a: Iron Crown|82/100|[from] Spikes
|turn|9
|
|t:|1776053118
|move|p2a: Iron Crown|Tachyon Cutter|p1a: Zapdos
|-resisted|p1a: Zapdos
|-damage|p1a: Zapdos|32/100
|-resisted|p1a: Zapdos
|-damage|p1a: Zapdos|20/100
|-hitcount|p1a: Zapdos|2
|move|p1a: Zapdos|Roost|p1a: Zapdos
|-heal|p1a: Zapdos|70/100
|-singleturn|p1a: Zapdos|move: Roost
|
|upkeep
|turn|10
|-message|danna hatsune forfeited.
|
|win|ArisenTerror7888
|raw|ArisenTerror7888's rating: 1145 &rarr; <strong>1168</strong><br />(+23 for winning)
|raw|danna hatsune's rating: 1111 &rarr; <strong>1088</strong><br />(-23 for losing)
|l|☆danna hatsune
|player|p2|
|l|☆ArisenTerror7888
|player|p1|
