|html|<div class="broadcast-blue"><strong>[Gen 9] OU is currently suspecting Tera Blast! For information on how to participate check out the <a href="https://www.smogon.com/tools/suspects/view/200">suspect thread</a>.</strong></div>
|j|☆literally_sushi
|j|☆Dragon DI
|t:|1776302646
|gametype|singles
|player|p1|literally_sushi|ghetsis|1182
|player|p2|Dragon DI|266|1201
|gen|9
|tier|[Gen 9] OU
|rated|
|rule|HP Percentage Mod: HP is shown in percentages
|rule|Endless Battle Clause: Forcing endless battles is banned
|rule|Species Clause: Limit one of each Pokémon
|rule|OHKO Clause: OHKO moves are banned
|rule|Evasion Items Clause: Evasion items are banned
|rule|Evasion Moves Clause: Evasion moves are banned
|rule|Evasion Abilities Clause: Evasion abilities are banned
|rule|Sleep Moves Clause: Sleep-inducing moves are banned
|clearpoke
|poke|p1|Hatterene, F|
|poke|p1|Great Tusk|
|poke|p1|Kingambit, M|
|poke|p1|Dragapult, F|
|poke|p1|Meowscarada, F|
|poke|p1|Walking Wake|
|poke|p2|Iron Crown|
|poke|p2|Ninetales-Alola, F|
|poke|p2|Ogerpon-Wellspring, F|
|poke|p2|Raging Bolt|
|poke|p2|Darkrai|
|poke|p2|Donphan, F|
|teampreview
|inactive|Battle timer is ON: inactive players will automatically lose when time's up. (requested by literally_sushi)
|
|t:|1776302667
|teamsize|p1|6
|teamsize|p2|6
|start
|switch|p1a: Kingambit|Kingambit, M|100/100
|switch|p2a: Iron Crown|Iron Crown|100/100
|turn|1
|
|t:|1776302687
|-end|p1a: Kingambit|fallenundefined|[silent]
|switch|p1a: Dragapult|Dragapult, F|100/100
|-terastallize|p2a: Iron Crown|Fairy
|move|p2a: Iron Crown|Focus Blast|p1a: Dragapult
|-immune|p1a: Dragapult
|
|upkeep
|turn|2
|
|t:|1776302708
|-end|p2a: Iron Crown|Quark Drive|[silent]
|switch|p2a: Ninetales|Ninetales-Alola, F|100/100
|-weather|Snowscape|[from] ability: Snow Warning|[of] p2a: Ninetales
|move|p1a: Dragapult|Shadow Ball|p2a: Ninetales
|-damage|p2a: Ninetales|56/100
|-damage|p1a: Dragapult|91/100|[from] item: Life Orb
|
|-weather|Snowscape|[upkeep]
|upkeep
|turn|3
|
|t:|1776302723
|move|p1a: Dragapult|Fire Blast|p2a: Ninetales
|-supereffective|p2a: Ninetales
|-damage|p2a: Ninetales|0 fnt
|faint|p2a: Ninetales
|-damage|p1a: Dragapult|81/100|[from] item: Life Orb
|
|-weather|Snowscape|[upkeep]
|upkeep
|
|t:|1776302743
|switch|p2a: Ogerpon|Ogerpon-Wellspring, F|100/100
|turn|4
|
|t:|1776302767
|move|p1a: Dragapult|Draco Meteor|p2a: Ogerpon
|-damage|p2a: Ogerpon|19/100
|-unboost|p1a: Dragapult|spa|2
|-damage|p1a: Dragapult|71/100|[from] item: Life Orb
|move|p2a: Ogerpon|Knock Off|p1a: Dragapult
|-supereffective|p1a: Dragapult
|-damage|p1a: Dragapult|0 fnt
|-enditem|p1a: Dragapult|Life Orb|[from] move: Knock Off|[of] p2a: Ogerpon
|faint|p1a: Dragapult
|
|-weather|Snowscape|[upkeep]
|upkeep
|
|t:|1776302773
|switch|p1a: Meowscarada|Meowscarada, F|100/100
|turn|5
|inactive|Dragon DI has 120 seconds left.
|
|t:|1776302806
|switch|p2a: Darkrai|Darkrai|100/100
|move|p1a: Meowscarada|U-turn|p2a: Darkrai
|-start|p1a: Meowscarada|typechange|Bug|[from] ability: Protean
|-supereffective|p2a: Darkrai
|-enditem|p2a: Darkrai|Focus Sash
|-damage|p2a: Darkrai|1/100
|
|t:|1776302818
|switch|p1a: Walking Wake|Walking Wake|100/100|[from] U-turn
|-enditem|p1a: Walking Wake|Booster Energy
|-activate|p1a: Walking Wake|ability: Protosynthesis|[fromitem]
|-start|p1a: Walking Wake|protosynthesisspe
|
|-weather|Snowscape|[upkeep]
|upkeep
|turn|6
|inactive|Dragon DI has 120 seconds left.
|
|t:|1776302827
|move|p1a: Walking Wake|Flamethrower|p2a: Darkrai
|-damage|p2a: Darkrai|0 fnt
|faint|p2a: Darkrai
|
|-weather|none
|upkeep
|inactive|Dragon DI has 120 seconds left.
|
|t:|1776302843
|switch|p2a: Donphan|Donphan, F|100/100
|turn|7
|
|t:|1776302851
|move|p1a: Walking Wake|Hydro Steam|p2a: Donphan
|-supereffective|p2a: Donphan
|-ability|p2a: Donphan|Sturdy
|-damage|p2a: Donphan|1/100
|-enditem|p2a: Donphan|Red Card|[of] p1a: Walking Wake
|-end|p1a: Walking Wake|Protosynthesis|[silent]
|drag|p1a: Meowscarada|Meowscarada, F|100/100
|move|p2a: Donphan|Stealth Rock|p1a: Meowscarada
|-sidestart|p1: literally_sushi|move: Stealth Rock
|
|upkeep
|turn|8
|inactive|Dragon DI has 120 seconds left.
|
|t:|1776302874
|move|p1a: Meowscarada|U-turn|p2a: Donphan
|-start|p1a: Meowscarada|typechange|Bug|[from] ability: Protean
|-damage|p2a: Donphan|0 fnt
|faint|p2a: Donphan
|
|t:|1776302885
|switch|p1a: Walking Wake|Walking Wake|100/100|[from] U-turn
|-damage|p1a: Walking Wake|88/100|[from] Stealth Rock
|
|upkeep
|
|t:|1776302893
|switch|p2a: Iron Crown|Iron Crown, tera:Fairy|100/100
|turn|9
|
|t:|1776302906
|move|p1a: Walking Wake|Hydro Steam|p2a: Iron Crown
|-damage|p2a: Iron Crown|62/100
|move|p2a: Iron Crown|Focus Blast|p1a: Walking Wake|[miss]
|-miss|p2a: Iron Crown|p1a: Walking Wake
|
|upkeep
|turn|10
|inactive|Dragon DI has 120 seconds left.
|
|t:|1776302922
|move|p1a: Walking Wake|Hydro Steam|p2a: Iron Crown
|-damage|p2a: Iron Crown|25/100
|move|p2a: Iron Crown|Focus Blast|p1a: Walking Wake
|-damage|p1a: Walking Wake|17/100
|
|upkeep
|turn|11
|
|t:|1776302940
|move|p1a: Walking Wake|Hydro Steam|p2a: Iron Crown
|-damage|p2a: Iron Crown|0 fnt
|faint|p2a: Iron Crown
|-end|p2a: Iron Crown|Quark Drive|[silent]
|
|upkeep
|
|t:|1776302952
|switch|p2a: Raging Bolt|Raging Bolt|100/100
|-enditem|p2a: Raging Bolt|Booster Energy
|-activate|p2a: Raging Bolt|ability: Protosynthesis|[fromitem]
|-start|p2a: Raging Bolt|protosynthesisspa
|turn|12
|
|t:|1776302958
|move|p2a: Raging Bolt|Thunderclap|p1a: Walking Wake
|-damage|p1a: Walking Wake|0 fnt
|faint|p1a: Walking Wake
|-end|p1a: Walking Wake|Protosynthesis|[silent]
|
|upkeep
|
|t:|1776302969
|switch|p1a: Meowscarada|Meowscarada, F|100/100
|-damage|p1a: Meowscarada|88/100|[from] Stealth Rock
|turn|13
|
|t:|1776302975
|move|p1a: Meowscarada|Triple Axel|p2a: Raging Bolt
|-start|p1a: Meowscarada|typechange|Ice|[from] ability: Protean
|-supereffective|p2a: Raging Bolt
|-damage|p2a: Raging Bolt|77/100
|-supereffective|p2a: Raging Bolt
|-damage|p2a: Raging Bolt|33/100
|-supereffective|p2a: Raging Bolt
|-damage|p2a: Raging Bolt|0 fnt
|faint|p2a: Raging Bolt
|-end|p2a: Raging Bolt|Protosynthesis|[silent]
|-hitcount|p2: Raging Bolt|3
|
|upkeep
|
|t:|1776302991
|switch|p2a: Ogerpon|Ogerpon-Wellspring, F|19/100
|turn|14
|
|t:|1776302995
|move|p1a: Meowscarada|Triple Axel|p2a: Ogerpon
|-crit|p2a: Ogerpon
|-damage|p2a: Ogerpon|0 fnt
|faint|p2a: Ogerpon
|-hitcount|p2: Ogerpon|1
|
|win|literally_sushi
|raw|literally_sushi's rating: 1182 &rarr; <strong>1208</strong><br />(+26 for winning)
|raw|Dragon DI's rating: 1201 &rarr; <strong>1175</strong><br />(-26 for losing)
