|html|<div class="broadcast-blue"><strong>[Gen 9] OU is currently suspecting Tera Blast! For information on how to participate check out the <a href="https://www.smogon.com/tools/suspects/view/200">suspect thread</a>.</strong></div>
|j|☆Hecty96
|j|☆PROTONbr
|t:|1776103047
|gametype|singles
|player|p1|Hecty96|n|1346
|player|p2|PROTONbr|265|1386
|gen|9
|tier|[Gen 9] OU
|rated|
|rule|HP Percentage Mod: HP is shown in percentages
|rule|Endless Battle Clause: Forcing endless battles is banned
|rule|Species Clause: Limit one of each Pokémon
|rule|OHKO Clause: OHKO moves are banned
|rule|Evasion Items Clause: Evasion items are banned
|rule|Evasion Moves Clause: Evasion moves are banned
|rule|Evasion Abilities Clause: Evasion abilities are banned
|rule|Sleep Moves Clause: Sleep-inducing moves are banned
|clearpoke
|poke|p1|Basculegion, M|
|poke|p1|Regidrago|
|poke|p1|Muk-Alola, M|
|poke|p1|Sylveon, F|
|poke|p1|Donphan, F|
|poke|p1|Reuniclus, M|
|poke|p2|Garganacl, F|
|poke|p2|Gliscor, F|
|poke|p2|Dragonite, F|
|poke|p2|Ogerpon-Wellspring, F|
|poke|p2|Weezing-Galar, M|
|poke|p2|Darkrai|
|teampreview
|
|t:|1776103072
|teamsize|p1|6
|teamsize|p2|6
|start
|switch|p1a: Regidrago|Regidrago|100/100
|switch|p2a: Darkrai|Darkrai, shiny|100/100
|turn|1
|
|t:|1776103078
|move|p2a: Darkrai|Ice Beam|p1a: Regidrago
|-supereffective|p1a: Regidrago
|-damage|p1a: Regidrago|3/100
|move|p1a: Regidrago|Draco Meteor|p2a: Darkrai
|-damage|p2a: Darkrai|0 fnt
|-unboost|p1a: Regidrago|spa|2
|faint|p2a: Darkrai
|
|upkeep
|
|t:|1776103096
|switch|p2a: Weezing|Weezing-Galar, M, shiny|100/100
|-ability|p2a: Weezing|Neutralizing Gas
|turn|2
|
|t:|1776103108
|switch|p1a: Basculegion|Basculegion, M|100/100
|move|p2a: Weezing|Will-O-Wisp|p1a: Basculegion|[miss]
|-miss|p2a: Weezing|p1a: Basculegion
|
|upkeep
|turn|3
|
|t:|1776103115
|move|p1a: Basculegion|Wave Crash|p2a: Weezing
|-damage|p2a: Weezing|36/100
|-damage|p1a: Basculegion|84/100|[from] item: Rocky Helmet|[of] p2a: Weezing
|-damage|p1a: Basculegion|66/100|[from] Recoil
|move|p2a: Weezing|Will-O-Wisp|p1a: Basculegion
|-status|p1a: Basculegion|brn
|
|-damage|p1a: Basculegion|60/100 brn|[from] brn
|upkeep
|turn|4
|
|t:|1776103128
|switch|p1a: Muk|Muk-Alola, M|100/100
|-item|p1a: Muk|Air Balloon
|move|p2a: Weezing|Pain Split|p1a: Muk
|-sethp|p1a: Muk|65/100|[from] move: Pain Split|[silent]
|-sethp|p2a: Weezing|80/100|[from] move: Pain Split
|
|upkeep
|turn|5
|
|t:|1776103138
|switch|p1a: Basculegion|Basculegion, M|60/100 brn
|move|p2a: Weezing|Will-O-Wisp|p1a: Basculegion|[miss]
|-miss|p2a: Weezing|p1a: Basculegion
|
|-damage|p1a: Basculegion|54/100 brn|[from] brn
|upkeep
|turn|6
|
|t:|1776103148
|move|p1a: Basculegion|Flip Turn|p2a: Weezing
|-damage|p2a: Weezing|63/100
|-damage|p1a: Basculegion|37/100 brn|[from] item: Rocky Helmet|[of] p2a: Weezing
|
|t:|1776103155
|switch|p1a: Muk|Muk-Alola, M|65/100|[from] Flip Turn
|-item|p1a: Muk|Air Balloon
|move|p2a: Weezing|Strange Steam|p1a: Muk
|-damage|p1a: Muk|43/100
|-start|p1a: Muk|confusion
|-enditem|p1a: Muk|Air Balloon
|
|upkeep
|turn|7
|
|t:|1776103165
|move|p2a: Weezing|Will-O-Wisp|p1a: Muk
|-status|p1a: Muk|brn
|-activate|p1a: Muk|confusion
|move|p1a: Muk|Poison Jab|p2a: Weezing
|-damage|p2a: Weezing|51/100
|-damage|p1a: Muk|26/100 brn|[from] item: Rocky Helmet|[of] p2a: Weezing
|
|-damage|p1a: Muk|20/100 brn|[from] brn
|upkeep
|turn|8
|
|t:|1776103177
|move|p2a: Weezing|Strange Steam|p1a: Muk
|-damage|p1a: Muk|0 fnt
|faint|p1a: Muk
|
|upkeep
|
|t:|1776103198
|switch|p1a: Reuniclus|Reuniclus, M|100/100
|turn|9
|
|t:|1776103205
|move|p2a: Weezing|Pain Split|p1a: Reuniclus
|-sethp|p1a: Reuniclus|70/100|[from] move: Pain Split|[silent]
|-sethp|p2a: Weezing|89/100|[from] move: Pain Split
|move|p1a: Reuniclus|Psychic Noise|p2a: Weezing
|-supereffective|p2a: Weezing
|-damage|p2a: Weezing|0 fnt
|faint|p2a: Weezing
|-end|p2a: Weezing|ability: Neutralizing Gas
|
|upkeep
|
|t:|1776103212
|switch|p2a: Gliscor|Gliscor, F, shiny|100/100
|turn|10
|
|t:|1776103224
|move|p2a: Gliscor|Stealth Rock|p1a: Reuniclus
|-sidestart|p1: Hecty96|move: Stealth Rock
|move|p1a: Reuniclus|Trick Room|p1a: Reuniclus
|-fieldstart|move: Trick Room|[of] p1a: Reuniclus
|
|-status|p2a: Gliscor|tox|[from] item: Toxic Orb
|upkeep
|turn|11
|
|t:|1776103233
|move|p1a: Reuniclus|Psychic Noise|p2a: Gliscor
|-damage|p2a: Gliscor|68/100 tox
|-start|p2a: Gliscor|move: Heal Block
|move|p2a: Gliscor|Knock Off|p1a: Reuniclus
|-supereffective|p1a: Reuniclus
|-damage|p1a: Reuniclus|23/100
|-enditem|p1a: Reuniclus|Focus Sash|[from] move: Knock Off|[of] p2a: Gliscor
|
|upkeep
|turn|12
|
|t:|1776103242
|move|p2a: Gliscor|Protect|p2a: Gliscor
|-singleturn|p2a: Gliscor|Protect
|move|p1a: Reuniclus|Psychic Noise|p2a: Gliscor
|-activate|p2a: Gliscor|move: Protect
|
|-end|p2a: Gliscor|move: Heal Block
|upkeep
|turn|13
|
|t:|1776103251
|move|p1a: Reuniclus|Psychic Noise|p2a: Gliscor
|-damage|p2a: Gliscor|34/100 tox
|-start|p2a: Gliscor|move: Heal Block
|move|p2a: Gliscor|Knock Off|p1a: Reuniclus
|-supereffective|p1a: Reuniclus
|-damage|p1a: Reuniclus|0 fnt
|faint|p1a: Reuniclus
|
|upkeep
|
|t:|1776103277
|switch|p1a: Regidrago|Regidrago|3/100
|-damage|p1a: Regidrago|0 fnt|[from] Stealth Rock
|faint|p1a: Regidrago
|
|t:|1776103284
|switch|p1a: Basculegion|Basculegion, M|37/100 brn
|-damage|p1a: Basculegion|25/100 brn|[from] Stealth Rock
|turn|14
|
|t:|1776103296
|move|p2a: Gliscor|Protect|p2a: Gliscor
|-singleturn|p2a: Gliscor|Protect
|move|p1a: Basculegion|Phantom Force||[still]
|-prepare|p1a: Basculegion|Phantom Force
|
|-damage|p1a: Basculegion|19/100 brn|[from] brn
|-end|p2a: Gliscor|move: Heal Block
|-fieldend|move: Trick Room
|upkeep
|turn|15
|
|t:|1776103304
|move|p2a: Gliscor|Knock Off|p1a: Basculegion|[miss]
|-miss|p2a: Gliscor|p1a: Basculegion
|move|p1a: Basculegion|Phantom Force|p2a: Gliscor|[from] lockedmove
|-damage|p2a: Gliscor|0 fnt
|faint|p2a: Gliscor
|
|-damage|p1a: Basculegion|12/100 brn|[from] brn
|upkeep
|
|t:|1776103319
|switch|p2a: Ogerpon|Ogerpon-Wellspring, F|100/100
|turn|16
|
|t:|1776103323
|move|p2a: Ogerpon|Horn Leech|p1a: Basculegion
|-supereffective|p1a: Basculegion
|-damage|p1a: Basculegion|0 fnt
|faint|p1a: Basculegion
|
|upkeep
|
|t:|1776103335
|switch|p1a: Sylveon|Sylveon, F|100/100
|-damage|p1a: Sylveon|88/100|[from] Stealth Rock
|turn|17
|
|t:|1776103340
|-terastallize|p2a: Ogerpon|Water
|detailschange|p2a: Ogerpon|Ogerpon-Wellspring-Tera, F, tera:Water
|-ability|p2a: Ogerpon|Embody Aspect (Wellspring)|boost
|-boost|p2a: Ogerpon|spd|1
|move|p2a: Ogerpon|Ivy Cudgel|p1a: Sylveon|[anim] Ivy Cudgel Water
|-damage|p1a: Sylveon|24/100
|move|p1a: Sylveon|Hyper Voice|p2a: Ogerpon
|-damage|p2a: Ogerpon|71/100
|
|-heal|p1a: Sylveon|30/100|[from] item: Leftovers
|upkeep
|turn|18
|
|t:|1776103354
|move|p2a: Ogerpon|Horn Leech|p1a: Sylveon
|-damage|p1a: Sylveon|0 fnt
|-heal|p2a: Ogerpon|91/100|[from] drain|[of] p1a: Sylveon
|faint|p1a: Sylveon
|
|upkeep
|
|t:|1776103360
|switch|p1a: Donphan|Donphan, F|100/100
|turn|19
|
|t:|1776103364
|-terastallize|p1a: Donphan|Ice
|move|p2a: Ogerpon|Horn Leech|p1a: Donphan
|-damage|p1a: Donphan|66/100
|-heal|p2a: Ogerpon|100/100|[from] drain|[of] p1a: Donphan
|move|p1a: Donphan|Earthquake|p2a: Ogerpon
|-damage|p2a: Ogerpon|30/100
|
|upkeep
|turn|20
|
|t:|1776103374
|move|p2a: Ogerpon|Ivy Cudgel|p1a: Donphan|[anim] Ivy Cudgel Water
|-damage|p1a: Donphan|4/100
|move|p1a: Donphan|Earthquake|p2a: Ogerpon
|-damage|p2a: Ogerpon|0 fnt
|faint|p2a: Ogerpon
|detailschange|p2: Ogerpon|Ogerpon-Wellspring, F|[silent]
|
|upkeep
|
|t:|1776103379
|switch|p2a: Dragonite|Dragonite, F|100/100
|turn|21
|
|t:|1776103383
|move|p2a: Dragonite|Extreme Speed|p1a: Donphan
|-damage|p1a: Donphan|0 fnt
|faint|p1a: Donphan
|
|win|PROTONbr
|raw|Hecty96's rating: 1346 &rarr; <strong>1328</strong><br />(-18 for losing)
|raw|PROTONbr's rating: 1386 &rarr; <strong>1404</strong><br />(+18 for winning)
|l|☆Hecty96
|player|p1|
|l|☆PROTONbr
|player|p2|
