|html|<div class="broadcast-blue"><strong>[Gen 9] OU is currently suspecting Volcarona! For information on how to participate check out the <a href="https://www.smogon.com/tools/suspects/view/208">suspect thread</a>.</strong></div>
|j|☆Diabolo_framboises
|j|☆Maxcolor
|t:|1778498938
|gametype|singles
|player|p1|Diabolo_framboises|265|1287
|player|p2|Maxcolor|ghetsis|1298
|gen|9
|tier|[Gen 9] OU
|rated|
|rule|HP Percentage Mod: HP is shown in percentages
|rule|Endless Battle Clause: Forcing endless battles is banned
|rule|Species Clause: Limit one of each Pokémon
|rule|OHKO Clause: OHKO moves are banned
|rule|Evasion Items Clause: Evasion items are banned
|rule|Evasion Moves Clause: Evasion moves are banned
|rule|Evasion Abilities Clause: Evasion abilities are banned
|rule|Sleep Moves Clause: Sleep-inducing moves are banned
|clearpoke
|poke|p1|Ribombee, M|
|poke|p1|Volcarona, M|
|poke|p1|Manaphy|
|poke|p1|Iron Valiant|
|poke|p1|Kingambit, M|
|poke|p1|Dragonite, F|
|poke|p2|Flamigo, M|
|poke|p2|Mamoswine, F|
|poke|p2|Toxtricity, M|
|poke|p2|Dragapult, F|
|poke|p2|Corviknight, M|
|poke|p2|Umbreon, F|
|teampreview
|inactive|Battle timer is ON: inactive players will automatically lose when time's up. (requested by Maxcolor)
|
|t:|1778498943
|teamsize|p1|6
|teamsize|p2|6
|start
|switch|p1a: Ribombee|Ribombee, M|100/100
|switch|p2a: Toxtricity|Toxtricity, M|100/100
|turn|1
|
|t:|1778498954
|move|p1a: Ribombee|Sticky Web|p2a: Toxtricity
|-sidestart|p2: Maxcolor|move: Sticky Web
|move|p2a: Toxtricity|Shift Gear|p2a: Toxtricity
|-boost|p2a: Toxtricity|spe|2
|-boost|p2a: Toxtricity|atk|1
|
|upkeep
|turn|2
|
|t:|1778498966
|move|p2a: Toxtricity|Overdrive|p1a: Ribombee
|-damage|p1a: Ribombee|13/100
|-enditem|p2a: Toxtricity|Throat Spray
|-boost|p2a: Toxtricity|spa|1|[from] item: Throat Spray
|move|p1a: Ribombee|Psychic Noise|p2a: Toxtricity
|-supereffective|p2a: Toxtricity
|-damage|p2a: Toxtricity|68/100
|-start|p2a: Toxtricity|move: Heal Block
|
|upkeep
|turn|3
|
|t:|1778498977
|move|p2a: Toxtricity|Boomburst|p1a: Ribombee
|-damage|p1a: Ribombee|0 fnt
|faint|p1a: Ribombee
|
|-end|p2a: Toxtricity|move: Heal Block
|upkeep
|
|t:|1778498989
|switch|p1a: Iron Valiant|Iron Valiant|100/100
|-enditem|p1a: Iron Valiant|Booster Energy
|-activate|p1a: Iron Valiant|ability: Quark Drive|[fromitem]
|-start|p1a: Iron Valiant|quarkdrivespe
|turn|4
|
|t:|1778499003
|move|p1a: Iron Valiant|Moonblast|p2a: Toxtricity
|-resisted|p2a: Toxtricity
|-damage|p2a: Toxtricity|32/100
|move|p2a: Toxtricity|Sludge Wave|p1a: Iron Valiant
|-supereffective|p1a: Iron Valiant
|-damage|p1a: Iron Valiant|0 fnt
|faint|p1a: Iron Valiant
|-end|p1a: Iron Valiant|Quark Drive|[silent]
|
|upkeep
|
|t:|1778499012
|switch|p1a: Dragonite|Dragonite, F|100/100
|turn|5
|
|t:|1778499022
|move|p1a: Dragonite|Extreme Speed|p2a: Toxtricity
|-damage|p2a: Toxtricity|0 fnt
|faint|p2a: Toxtricity
|
|upkeep
|
|t:|1778499026
|switch|p2a: Elseñor d la noche|Corviknight, M, shiny|100/100
|turn|6
|
|t:|1778499039
|switch|p1a: Volcarona|Volcarona, M|100/100
|move|p2a: Elseñor d la noche|Body Press|p1a: Volcarona
|-resisted|p1a: Volcarona
|-damage|p1a: Volcarona|88/100
|
|upkeep
|turn|7
|
|t:|1778499051
|switch|p2a: Umbreon|Umbreon, F, shiny|100/100
|-activate|p2a: Umbreon|move: Sticky Web
|-unboost|p2a: Umbreon|spe|1
|move|p1a: Volcarona|Quiver Dance|p1a: Volcarona
|-boost|p1a: Volcarona|spa|1
|-boost|p1a: Volcarona|spd|1
|-boost|p1a: Volcarona|spe|1
|
|upkeep
|turn|8
|
|t:|1778499062
|move|p1a: Volcarona|Fiery Dance|p2a: Umbreon
|-damage|p2a: Umbreon|72/100
|move|p2a: Umbreon|Roar|p1a: Volcarona
|drag|p1a: Kingambit|Kingambit, M|100/100
|-activate|p1a: Kingambit|ability: Supreme Overlord
|-start|p1a: Kingambit|fallen2|[silent]
|
|-heal|p2a: Umbreon|78/100|[from] item: Leftovers
|upkeep
|turn|9
|
|t:|1778499076
|move|p1a: Kingambit|Swords Dance|p1a: Kingambit
|-boost|p1a: Kingambit|atk|2
|move|p2a: Umbreon|Foul Play|p1a: Kingambit
|-resisted|p1a: Kingambit
|-damage|p1a: Kingambit|59/100
|
|-heal|p2a: Umbreon|84/100|[from] item: Leftovers
|upkeep
|turn|10
|
|t:|1778499086
|switch|p2a: Elseñor d la noche|Corviknight, M, shiny|100/100
|move|p1a: Kingambit|Iron Head|p2a: Elseñor d la noche
|-resisted|p2a: Elseñor d la noche
|-damage|p2a: Elseñor d la noche|58/100
|-damage|p1a: Kingambit|43/100|[from] item: Rocky Helmet|[of] p2a: Elseñor d la noche
|-damage|p1a: Kingambit|33/100|[from] item: Life Orb
|
|upkeep
|turn|11
|
|t:|1778499100
|-end|p1a: Kingambit|fallen2|[silent]
|switch|p1a: Volcarona|Volcarona, M|88/100
|move|p2a: Elseñor d la noche|Defog|p1a: Volcarona
|-unboost|p1a: Volcarona|evasion|1
|-sideend|p2: Maxcolor|Sticky Web|[from] move: Defog|[of] p2a: Elseñor d la noche
|
|upkeep
|turn|12
|
|t:|1778499114
|switch|p2a: Mamoswine|Mamoswine, F|100/100
|move|p1a: Volcarona|Fiery Dance|p2a: Mamoswine
|-supereffective|p2a: Mamoswine
|-damage|p2a: Mamoswine|72/100
|
|upkeep
|turn|13
|
|t:|1778499129
|switch|p1a: Dragonite|Dragonite, F|100/100
|move|p2a: Mamoswine|Earthquake|p1a: Dragonite
|-immune|p1a: Dragonite
|
|upkeep
|turn|14
|
|t:|1778499145
|move|p1a: Dragonite|Earthquake|p2a: Mamoswine
|-damage|p2a: Mamoswine|36/100
|move|p2a: Mamoswine|Icicle Crash|p1a: Dragonite|[miss]
|-miss|p2a: Mamoswine|p1a: Dragonite
|
|upkeep
|turn|15
|
|t:|1778499152
|move|p2a: Mamoswine|Ice Shard|p1a: Dragonite
|-supereffective|p1a: Dragonite
|-damage|p1a: Dragonite|45/100
|move|p1a: Dragonite|Earthquake|p2a: Mamoswine
|-damage|p2a: Mamoswine|0 fnt
|faint|p2a: Mamoswine
|
|upkeep
|l|☆Maxcolor
|inactive|Maxcolor disconnected and has a minute to reconnect!
|player|p2|
|j|☆Maxcolor
|inactive|Maxcolor reconnected and has 125 seconds left.
|player|p2|Maxcolor|ghetsis|
|inactive|Maxcolor has 120 seconds left.
|
|t:|1778499195
|switch|p2a: Dragapult|Dragapult, F, shiny|100/100
|turn|16
|
|t:|1778499207
|move|p2a: Dragapult|Shadow Ball|p1a: Dragonite
|-damage|p1a: Dragonite|0 fnt
|faint|p1a: Dragonite
|
|upkeep
|
|t:|1778499219
|switch|p1a: Kingambit|Kingambit, M|33/100
|-activate|p1a: Kingambit|ability: Supreme Overlord
|-start|p1a: Kingambit|fallen3|[silent]
|turn|17
|
|t:|1778499224
|switch|p2a: Elseñor d la noche|Corviknight, M, shiny|58/100
|move|p1a: Kingambit|Sucker Punch||[still]
|-fail|p1a: Kingambit
|
|upkeep
|turn|18
|
|t:|1778499232
|-end|p1a: Kingambit|fallen3|[silent]
|switch|p1a: Volcarona|Volcarona, M|88/100
|move|p2a: Elseñor d la noche|Roost|p2a: Elseñor d la noche
|-heal|p2a: Elseñor d la noche|100/100
|-singleturn|p2a: Elseñor d la noche|move: Roost
|
|upkeep
|turn|19
|
|t:|1778499253
|switch|p2a: Dragapult|Dragapult, F, shiny|100/100
|move|p1a: Volcarona|Fiery Dance|p2a: Dragapult
|-resisted|p2a: Dragapult
|-damage|p2a: Dragapult|78/100
|
|upkeep
|turn|20
|
|t:|1778499271
|switch|p1a: Kingambit|Kingambit, M|33/100
|-activate|p1a: Kingambit|ability: Supreme Overlord
|-start|p1a: Kingambit|fallen3|[silent]
|move|p2a: Dragapult|Draco Meteor|p1a: Kingambit
|-resisted|p1a: Kingambit
|-damage|p1a: Kingambit|0 fnt
|-unboost|p2a: Dragapult|spa|2
|faint|p1a: Kingambit
|-end|p1a: Kingambit|fallen3|[silent]
|
|upkeep
|inactive|Diabolo_framboises has 120 seconds left.
|
|t:|1778499306
|switch|p1a: Volcarona|Volcarona, M|88/100
|turn|21
|
|t:|1778499309
|switch|p2a: Umbreon|Umbreon, F, shiny|84/100
|move|p1a: Volcarona|Quiver Dance|p1a: Volcarona
|-boost|p1a: Volcarona|spa|1
|-boost|p1a: Volcarona|spd|1
|-boost|p1a: Volcarona|spe|1
|
|-heal|p2a: Umbreon|90/100|[from] item: Leftovers
|upkeep
|turn|22
|
|t:|1778499321
|-terastallize|p2a: Umbreon|Poison
|move|p1a: Volcarona|Giga Drain|p2a: Umbreon
|-resisted|p2a: Umbreon
|-damage|p2a: Umbreon|81/100
|-heal|p1a: Volcarona|93/100|[from] drain|[of] p2a: Umbreon
|move|p2a: Umbreon|Toxic|p1a: Volcarona
|-status|p1a: Volcarona|tox
|
|-heal|p2a: Umbreon|87/100|[from] item: Leftovers
|-damage|p1a: Volcarona|87/100 tox|[from] psn
|upkeep
|turn|23
|
|t:|1778499334
|move|p1a: Volcarona|Fiery Dance|p2a: Umbreon
|-damage|p2a: Umbreon|57/100
|-boost|p1a: Volcarona|spa|1
|move|p2a: Umbreon|Roar|p1a: Volcarona
|drag|p1a: Manaphy|Manaphy|100/100
|
|-heal|p2a: Umbreon|63/100|[from] item: Leftovers
|upkeep
|turn|24
|
|t:|1778499348
|move|p1a: Manaphy|Tail Glow|p1a: Manaphy
|-boost|p1a: Manaphy|spa|3
|move|p2a: Umbreon|Toxic|p1a: Manaphy
|-status|p1a: Manaphy|tox
|
|-heal|p2a: Umbreon|69/100|[from] item: Leftovers
|-damage|p1a: Manaphy|94/100 tox|[from] psn
|upkeep
|turn|25
|
|t:|1778499362
|switch|p2a: Flamigo|Flamigo, M, shiny|100/100
|move|p1a: Manaphy|Surf|p2a: Flamigo
|-damage|p2a: Flamigo|0 fnt
|faint|p2a: Flamigo
|
|-heal|p1a: Manaphy|100/100 tox|[from] item: Leftovers
|-damage|p1a: Manaphy|88/100 tox|[from] psn
|upkeep
|
|t:|1778499368
|switch|p2a: Dragapult|Dragapult, F, shiny|78/100
|turn|26
|inactive|Diabolo_framboises has 120 seconds left.
|
|t:|1778499381
|move|p2a: Dragapult|Draco Meteor|p1a: Manaphy
|-damage|p1a: Manaphy|6/100 tox
|-unboost|p2a: Dragapult|spa|2
|move|p1a: Manaphy|Ice Beam|p2a: Dragapult
|-supereffective|p2a: Dragapult
|-damage|p2a: Dragapult|0 fnt
|faint|p2a: Dragapult
|
|-heal|p1a: Manaphy|12/100 tox|[from] item: Leftovers
|-damage|p1a: Manaphy|0 fnt|[from] psn
|faint|p1a: Manaphy
|upkeep
|
|t:|1778499395
|switch|p2a: Elseñor d la noche|Corviknight, M, shiny|100/100
|switch|p1a: Volcarona|Volcarona, M|87/100 tox
|turn|27
|
|t:|1778499406
|move|p1a: Volcarona|Fiery Dance|p2a: Elseñor d la noche
|-supereffective|p2a: Elseñor d la noche
|-damage|p2a: Elseñor d la noche|34/100
|move|p2a: Elseñor d la noche|Brave Bird|p1a: Volcarona
|-supereffective|p1a: Volcarona
|-damage|p1a: Volcarona|11/100 tox
|-damage|p2a: Elseñor d la noche|10/100|[from] Recoil
|
|-damage|p1a: Volcarona|5/100 tox|[from] psn
|upkeep
|turn|28
|
|t:|1778499416
|move|p1a: Volcarona|Fiery Dance|p2a: Elseñor d la noche
|-supereffective|p2a: Elseñor d la noche
|-damage|p2a: Elseñor d la noche|0 fnt
|-boost|p1a: Volcarona|spa|1
|faint|p2a: Elseñor d la noche
|
|-damage|p1a: Volcarona|0 fnt|[from] psn
|faint|p1a: Volcarona
|
|win|Maxcolor
|raw|Diabolo_framboises's rating: 1287 &rarr; <strong>1263</strong><br />(-24 for losing)
|raw|Maxcolor's rating: 1298 &rarr; <strong>1322</strong><br />(+24 for winning)
|l|☆Maxcolor
|player|p2|
|l|☆Diabolo_framboises
|player|p1|
