|html|<div class="broadcast-blue"><strong>[Gen 9] OU is currently suspecting Tera Blast! For information on how to participate check out the <a href="https://www.smogon.com/tools/suspects/view/200">suspect thread</a>.</strong></div>
|j|☆jadenyng
|j|☆magistermilitum420
|t:|1776038623
|gametype|singles
|player|p1|jadenyng|brawly|1145
|player|p2|magistermilitum420|blue|1199
|gen|9
|tier|[Gen 9] OU
|rated|
|rule|HP Percentage Mod: HP is shown in percentages
|rule|Endless Battle Clause: Forcing endless battles is banned
|rule|Species Clause: Limit one of each Pokémon
|rule|OHKO Clause: OHKO moves are banned
|rule|Evasion Items Clause: Evasion items are banned
|rule|Evasion Moves Clause: Evasion moves are banned
|rule|Evasion Abilities Clause: Evasion abilities are banned
|rule|Sleep Moves Clause: Sleep-inducing moves are banned
|clearpoke
|poke|p1|Tornadus, M|
|poke|p1|Toxtricity, M|
|poke|p1|Iron Valiant|
|poke|p1|Arcanine-Hisui, M|
|poke|p1|Brambleghast, M|
|poke|p1|Hydreigon, M|
|poke|p2|Meowscarada, F|
|poke|p2|Great Tusk|
|poke|p2|Alomomola, M|
|poke|p2|Slowking-Galar, M|
|poke|p2|Dragonite, F|
|poke|p2|Heatran, F|
|teampreview
|inactive|Battle timer is ON: inactive players will automatically lose when time's up. (requested by jadenyng)
|
|t:|1776038637
|teamsize|p1|6
|teamsize|p2|6
|start
|switch|p1a: Iron Valiant|Iron Valiant, shiny|100/100
|switch|p2a: Mahad|Meowscarada, F, shiny|100/100
|turn|1
|
|t:|1776038645
|move|p2a: Mahad|U-turn|p1a: Iron Valiant
|-start|p2a: Mahad|typechange|Bug|[from] ability: Protean
|-resisted|p1a: Iron Valiant
|-damage|p1a: Iron Valiant|90/100
|
|t:|1776038650
|switch|p2a: Mithridates|Slowking-Galar, M|100/100|[from] U-turn
|move|p1a: Iron Valiant|Moonblast|p2a: Mithridates
|-resisted|p2a: Mithridates
|-damage|p2a: Mithridates|83/100
|
|upkeep
|turn|2
|
|t:|1776038667
|-end|p1a: Iron Valiant|Quark Drive|[silent]
|switch|p1a: Arcanine|Arcanine-Hisui, M, shiny|100/100
|move|p2a: Mithridates|Sludge Bomb|p1a: Arcanine
|-resisted|p1a: Arcanine
|-damage|p1a: Arcanine|76/100
|
|upkeep
|turn|3
|
|t:|1776038677
|switch|p1a: Tornadus|Tornadus, M, shiny|100/100
|switch|p2a: Charybdis|Alomomola, M, shiny|100/100
|
|upkeep
|turn|4
|
|t:|1776038683
|move|p1a: Tornadus|Taunt|p2a: Charybdis
|-start|p2a: Charybdis|move: Taunt
|move|p2a: Charybdis|Scald|p1a: Tornadus
|-damage|p1a: Tornadus|81/100
|-status|p1a: Tornadus|brn
|-enditem|p1a: Tornadus|Eject Button
|
|t:|1776038691
|switch|p1a: Hydreigon|Hydreigon, M, shiny|100/100
|
|upkeep
|turn|5
|
|t:|1776038705
|move|p1a: Hydreigon|Stealth Rock|p2a: Charybdis
|-sidestart|p2: magistermilitum420|move: Stealth Rock
|move|p2a: Charybdis|Flip Turn|p1a: Hydreigon
|-resisted|p1a: Hydreigon
|-damage|p1a: Hydreigon|90/100
|
|t:|1776038710
|switch|p2a: Barca|Great Tusk|100/100|[from] Flip Turn
|
|upkeep
|turn|6
|
|t:|1776038722
|switch|p1a: Brambleghast|Brambleghast, M, shiny|100/100
|move|p2a: Barca|Stealth Rock|p1a: Brambleghast
|-sidestart|p1: jadenyng|move: Stealth Rock
|
|upkeep
|turn|7
|
|t:|1776038734
|-end|p2a: Barca|Protosynthesis|[silent]
|switch|p2a: Mahad|Meowscarada, F, shiny|100/100
|-damage|p2a: Mahad|88/100|[from] Stealth Rock
|move|p1a: Brambleghast|Rapid Spin|p2a: Mahad
|-damage|p2a: Mahad|52/100
|-boost|p1a: Brambleghast|spe|1
|-sideend|p1: jadenyng|Stealth Rock|[from] move: Rapid Spin|[of] p1a: Brambleghast
|-damage|p1a: Brambleghast|91/100|[from] item: Life Orb
|
|upkeep
|turn|8
|
|t:|1776038742
|move|p2a: Mahad|Knock Off|p1a: Brambleghast
|-start|p2a: Mahad|typechange|Dark|[from] ability: Protean
|-supereffective|p1a: Brambleghast
|-damage|p1a: Brambleghast|0 fnt
|-enditem|p1a: Brambleghast|Life Orb|[from] move: Knock Off|[of] p2a: Mahad
|faint|p1a: Brambleghast
|
|upkeep
|
|t:|1776038755
|switch|p1a: Arcanine|Arcanine-Hisui, M, shiny|76/100
|turn|9
|
|t:|1776038765
|switch|p2a: Charybdis|Alomomola, M, shiny|100/100
|move|p1a: Arcanine|Close Combat|p2a: Charybdis
|-damage|p2a: Charybdis|73/100
|-unboost|p1a: Arcanine|def|1
|-unboost|p1a: Arcanine|spd|1
|
|upkeep
|turn|10
|
|t:|1776038771
|switch|p1a: Tornadus|Tornadus, M, shiny|81/100 brn
|move|p2a: Charybdis|Wish|p2a: Charybdis
|
|-damage|p1a: Tornadus|75/100 brn|[from] brn
|upkeep
|turn|11
|
|t:|1776038780
|move|p1a: Tornadus|Hurricane|p2a: Charybdis
|-damage|p2a: Charybdis|12/100
|-start|p2a: Charybdis|confusion
|-activate|p2a: Charybdis|confusion
|-damage|p2a: Charybdis|8/100|[from] confusion
|
|-heal|p2a: Charybdis|58/100|[from] move: Wish|[wisher] Charybdis
|-damage|p1a: Tornadus|69/100 brn|[from] brn
|upkeep
|turn|12
|
|t:|1776038792
|switch|p2a: Vulcanus|Heatran, F, shiny|100/100
|-damage|p2a: Vulcanus|88/100|[from] Stealth Rock
|move|p1a: Tornadus|Hurricane|p2a: Vulcanus
|-resisted|p2a: Vulcanus
|-damage|p2a: Vulcanus|62/100
|
|-damage|p1a: Tornadus|63/100 brn|[from] brn
|upkeep
|turn|13
|
|t:|1776038802
|move|p1a: Tornadus|Focus Blast|p2a: Vulcanus
|-supereffective|p2a: Vulcanus
|-damage|p2a: Vulcanus|0 fnt
|faint|p2a: Vulcanus
|
|-damage|p1a: Tornadus|57/100 brn|[from] brn
|upkeep
|
|t:|1776038824
|switch|p2a: Mithridates|Slowking-Galar, M|100/100
|-damage|p2a: Mithridates|88/100|[from] Stealth Rock
|turn|14
|
|t:|1776038839
|move|p1a: Tornadus|Tailwind|p1a: Tornadus
|-sidestart|p1: jadenyng|move: Tailwind
|move|p2a: Mithridates|Sludge Bomb|p1a: Tornadus
|-damage|p1a: Tornadus|3/100 brn
|
|-damage|p1a: Tornadus|0 fnt|[from] brn
|faint|p1a: Tornadus
|upkeep
|
|t:|1776038841
|switch|p1a: Arcanine|Arcanine-Hisui, M, shiny|76/100
|turn|15
|
|t:|1776038848
|switch|p2a: Charybdis|Alomomola, M, shiny|91/100
|move|p1a: Arcanine|Head Smash|p2a: Charybdis
|-damage|p2a: Charybdis|31/100
|
|upkeep
|turn|16
|
|t:|1776038861
|switch|p1a: Toxtricity|Toxtricity, M, shiny|100/100
|switch|p2a: Barca|Great Tusk|100/100
|
|upkeep
|turn|17
|
|t:|1776038867
|-terastallize|p1a: Toxtricity|Normal
|move|p1a: Toxtricity|Boomburst|p2a: Barca
|-damage|p2a: Barca|0 fnt
|faint|p2a: Barca
|-end|p2a: Barca|Protosynthesis|[silent]
|
|-sideend|p1: jadenyng|move: Tailwind
|upkeep
|
|t:|1776038885
|switch|p2a: Mithridates|Slowking-Galar, M|100/100
|-damage|p2a: Mithridates|88/100|[from] Stealth Rock
|turn|18
|
|t:|1776038896
|move|p1a: Toxtricity|Boomburst|p2a: Mithridates
|-damage|p2a: Mithridates|23/100
|move|p2a: Mithridates|Sludge Bomb|p1a: Toxtricity
|-crit|p1a: Toxtricity
|-damage|p1a: Toxtricity|2/100
|
|upkeep
|turn|19
|
|t:|1776038910
|move|p1a: Toxtricity|Boomburst|p2a: Mithridates
|-damage|p2a: Mithridates|0 fnt
|faint|p2a: Mithridates
|
|upkeep
|
|t:|1776038914
|switch|p2a: Ladon|Dragonite, F, shiny|100/100
|turn|20
|
|t:|1776038924
|move|p2a: Ladon|Dragon Dance|p2a: Ladon
|-boost|p2a: Ladon|atk|1
|-boost|p2a: Ladon|spe|1
|move|p1a: Toxtricity|Boomburst|p2a: Ladon
|-damage|p2a: Ladon|32/100
|
|upkeep
|turn|21
|
|t:|1776038929
|move|p2a: Ladon|Extreme Speed|p1a: Toxtricity
|-damage|p1a: Toxtricity|0 fnt
|faint|p1a: Toxtricity
|
|upkeep
|
|t:|1776038934
|switch|p1a: Arcanine|Arcanine-Hisui, M, shiny|76/100
|turn|22
|
|t:|1776038938
|move|p1a: Arcanine|Extreme Speed|p2a: Ladon
|-damage|p2a: Ladon|0 fnt
|faint|p2a: Ladon
|
|upkeep
|
|t:|1776038943
|switch|p2a: Charybdis|Alomomola, M, shiny|65/100
|turn|23
|
|t:|1776038948
|switch|p1a: Hydreigon|Hydreigon, M, shiny|90/100
|move|p2a: Charybdis|Wish|p2a: Charybdis
|
|upkeep
|turn|24
|
|t:|1776038956
|move|p1a: Hydreigon|Tailwind|p1a: Hydreigon
|-sidestart|p1: jadenyng|move: Tailwind
|move|p2a: Charybdis|Scald|p1a: Hydreigon
|-resisted|p1a: Hydreigon
|-damage|p1a: Hydreigon|83/100
|
|-heal|p2a: Charybdis|100/100|[from] move: Wish|[wisher] Charybdis
|upkeep
|turn|25
|
|t:|1776038963
|move|p1a: Hydreigon|Dark Pulse|p2a: Charybdis
|-crit|p2a: Charybdis
|-damage|p2a: Charybdis|34/100
|move|p2a: Charybdis|Wish|p2a: Charybdis
|
|upkeep
|turn|26
|
|t:|1776038970
|move|p2a: Charybdis|Protect|p2a: Charybdis
|-singleturn|p2a: Charybdis|Protect
|move|p1a: Hydreigon|Draco Meteor|p2a: Charybdis
|-activate|p2a: Charybdis|move: Protect
|
|-heal|p2a: Charybdis|84/100|[from] move: Wish|[wisher] Charybdis
|upkeep
|turn|27
|
|t:|1776038978
|move|p1a: Hydreigon|Dark Pulse|p2a: Charybdis
|-damage|p2a: Charybdis|37/100
|move|p2a: Charybdis|Wish|p2a: Charybdis
|
|-sideend|p1: jadenyng|move: Tailwind
|upkeep
|turn|28
|
|t:|1776038985
|move|p2a: Charybdis|Protect|p2a: Charybdis
|-singleturn|p2a: Charybdis|Protect
|move|p1a: Hydreigon|Dark Pulse|p2a: Charybdis
|-activate|p2a: Charybdis|move: Protect
|
|-heal|p2a: Charybdis|87/100|[from] move: Wish|[wisher] Charybdis
|upkeep
|turn|29
|
|t:|1776038992
|move|p1a: Hydreigon|Dark Pulse|p2a: Charybdis
|-damage|p2a: Charybdis|39/100
|cant|p2a: Charybdis|flinch
|
|upkeep
|turn|30
|
|t:|1776039001
|move|p1a: Hydreigon|Dark Pulse|p2a: Charybdis
|-damage|p2a: Charybdis|0 fnt
|faint|p2a: Charybdis
|
|upkeep
|
|t:|1776039004
|switch|p2a: Mahad|Meowscarada, F, shiny|52/100
|-damage|p2a: Mahad|40/100|[from] Stealth Rock
|turn|31
|
|t:|1776039013
|move|p2a: Mahad|Triple Axel|p1a: Hydreigon
|-start|p2a: Mahad|typechange|Ice|[from] ability: Protean
|-supereffective|p1a: Hydreigon
|-damage|p1a: Hydreigon|62/100
|-supereffective|p1a: Hydreigon
|-damage|p1a: Hydreigon|21/100
|-supereffective|p1a: Hydreigon
|-damage|p1a: Hydreigon|0 fnt
|faint|p1a: Hydreigon
|-hitcount|p1: Hydreigon|3
|
|upkeep
|
|t:|1776039018
|switch|p1a: Arcanine|Arcanine-Hisui, M, shiny|76/100
|turn|32
|
|t:|1776039024
|move|p1a: Arcanine|Extreme Speed|p2a: Mahad
|-damage|p2a: Mahad|0 fnt
|faint|p2a: Mahad
|
|win|jadenyng
|raw|jadenyng's rating: 1145 &rarr; <strong>1174</strong><br />(+29 for winning)
|raw|magistermilitum420's rating: 1199 &rarr; <strong>1170</strong><br />(-29 for losing)
|l|☆jadenyng
|player|p1|
|l|☆magistermilitum420
|player|p2|
