|html|<div class="broadcast-blue"><strong>[Gen 9] OU is currently suspecting Volcarona! For information on how to participate check out the <a href="https://www.smogon.com/tools/suspects/view/208">suspect thread</a>.</strong></div>
|j|‽karim719n
|j|☆MangLe12138
|t:|1778498845
|gametype|singles
|player|p1|karim719n|depotagent|1314
|player|p2|MangLe12138|pokefan|1414
|gen|9
|tier|[Gen 9] OU
|rated|
|rule|HP Percentage Mod: HP is shown in percentages
|rule|Endless Battle Clause: Forcing endless battles is banned
|rule|Species Clause: Limit one of each Pokémon
|rule|OHKO Clause: OHKO moves are banned
|rule|Evasion Items Clause: Evasion items are banned
|rule|Evasion Moves Clause: Evasion moves are banned
|rule|Evasion Abilities Clause: Evasion abilities are banned
|rule|Sleep Moves Clause: Sleep-inducing moves are banned
|clearpoke
|poke|p1|Clawitzer, F|
|poke|p1|Pelipper, F|
|poke|p1|Hatterene, F|
|poke|p1|Ting-Lu|
|poke|p1|Primarina, F|
|poke|p1|Azumarill, M|
|poke|p2|Scizor, M|
|poke|p2|Manaphy|
|poke|p2|Latios, M|
|poke|p2|Ogerpon, F|
|poke|p2|Iron Jugulis|
|poke|p2|Garchomp, F|
|teampreview
|inactive|Battle timer is ON: inactive players will automatically lose when time's up. (requested by karim719n)
|
|t:|1778498857
|teamsize|p1|6
|teamsize|p2|6
|start
|switch|p1a: Pelipper|Pelipper, F, shiny|100/100
|switch|p2a: Garchomp|Garchomp, F|100/100
|-weather|RainDance|[from] ability: Drizzle|[of] p1a: Pelipper
|turn|1
|
|t:|1778498863
|move|p2a: Garchomp|Stealth Rock|p1a: Pelipper
|-sidestart|p1: karim719n|move: Stealth Rock
|move|p1a: Pelipper|U-turn|p2a: Garchomp
|-damage|p2a: Garchomp|90/100
|-damage|p1a: Pelipper|88/100|[from] ability: Rough Skin|[of] p2a: Garchomp
|
|t:|1778498865
|switch|p1a: Clawitzer|Clawitzer, F, shiny|100/100|[from] U-turn
|-damage|p1a: Clawitzer|88/100|[from] Stealth Rock
|
|-weather|RainDance|[upkeep]
|upkeep
|turn|2
|
|t:|1778498876
|move|p2a: Garchomp|Earthquake|p1a: Clawitzer
|-damage|p1a: Clawitzer|26/100
|-damage|p2a: Garchomp|81/100|[from] item: Life Orb
|move|p1a: Clawitzer|Hydro Pump|p2a: Garchomp|[miss]
|-miss|p1a: Clawitzer|p2a: Garchomp
|
|-weather|RainDance|[upkeep]
|upkeep
|turn|3
|
|t:|1778498883
|switch|p1a: Hatterene|Hatterene, F, shiny|100/100
|-damage|p1a: Hatterene|88/100|[from] Stealth Rock
|move|p2a: Garchomp|Earthquake|p1a: Hatterene
|-damage|p1a: Hatterene|40/100
|-damage|p2a: Garchomp|71/100|[from] item: Life Orb
|
|-weather|RainDance|[upkeep]
|upkeep
|turn|4
|
|t:|1778498889
|move|p2a: Garchomp|Earthquake|p1a: Hatterene
|-damage|p1a: Hatterene|0 fnt
|faint|p1a: Hatterene
|-damage|p2a: Garchomp|61/100|[from] item: Life Orb
|
|-weather|RainDance|[upkeep]
|upkeep
|
|t:|1778498894
|switch|p1a: Azumarill|Azumarill, M, shiny|100/100
|-damage|p1a: Azumarill|88/100|[from] Stealth Rock
|turn|5
|
|t:|1778498901
|move|p2a: Garchomp|Earthquake|p1a: Azumarill
|-damage|p1a: Azumarill|32/100
|-damage|p2a: Garchomp|51/100|[from] item: Life Orb
|move|p1a: Azumarill|Liquidation|p2a: Garchomp
|-damage|p2a: Garchomp|0 fnt
|-damage|p1a: Azumarill|20/100|[from] ability: Rough Skin|[of] p2a: Garchomp
|faint|p2a: Garchomp
|
|-weather|RainDance|[upkeep]
|upkeep
|
|t:|1778498918
|switch|p2a: Manaphy|Manaphy|100/100
|turn|6
|
|t:|1778498926
|move|p2a: Manaphy|Energy Ball|p1a: Azumarill
|-supereffective|p1a: Azumarill
|-damage|p1a: Azumarill|0 fnt
|faint|p1a: Azumarill
|
|-weather|RainDance|[upkeep]
|upkeep
|
|t:|1778498931
|switch|p1a: Primarina|Primarina, F, shiny|100/100
|-damage|p1a: Primarina|88/100|[from] Stealth Rock
|turn|7
|
|t:|1778498936
|move|p2a: Manaphy|Tail Glow|p2a: Manaphy
|-boost|p2a: Manaphy|spa|3
|move|p1a: Primarina|Moonblast|p2a: Manaphy
|-damage|p2a: Manaphy|60/100
|
|-weather|RainDance|[upkeep]
|-heal|p1a: Primarina|94/100|[from] item: Leftovers
|upkeep
|turn|8
|
|t:|1778498941
|move|p2a: Manaphy|Energy Ball|p1a: Primarina
|-supereffective|p1a: Primarina
|-damage|p1a: Primarina|0 fnt
|faint|p1a: Primarina
|
|-weather|none
|upkeep
|-message|karim719n forfeited.
|
|win|MangLe12138
|raw|karim719n's rating: 1314 &rarr; <strong>1300</strong><br />(-14 for losing)
|raw|MangLe12138's rating: 1414 &rarr; <strong>1428</strong><br />(+14 for winning)
|l|‽karim719n
|player|p1|
|l|☆MangLe12138
|player|p2|
