|html|<div class="broadcast-blue"><strong>[Gen 9] OU is currently suspecting Volcarona! For information on how to participate check out the <a href="https://www.smogon.com/tools/suspects/view/208">suspect thread</a>.</strong></div>
|j|☆withered777
|j|☆Aestivalis Kai
|t:|1778508551
|gametype|singles
|player|p1|withered777|ghetsis|1221
|player|p2|Aestivalis Kai|wallace|1195
|gen|9
|tier|[Gen 9] OU
|rated|
|rule|HP Percentage Mod: HP is shown in percentages
|rule|Endless Battle Clause: Forcing endless battles is banned
|rule|Species Clause: Limit one of each Pokémon
|rule|OHKO Clause: OHKO moves are banned
|rule|Evasion Items Clause: Evasion items are banned
|rule|Evasion Moves Clause: Evasion moves are banned
|rule|Evasion Abilities Clause: Evasion abilities are banned
|rule|Sleep Moves Clause: Sleep-inducing moves are banned
|clearpoke
|poke|p1|Dragapult, M|
|poke|p1|Ninetales-Alola, M|
|poke|p1|Landorus-Therian, M|
|poke|p1|Heatran, M|
|poke|p1|Meowscarada, M|
|poke|p1|Corviknight, F|
|poke|p2|Hydreigon, M|
|poke|p2|Metagross|
|poke|p2|Skeledirge, M|
|poke|p2|Porygon2|
|poke|p2|Abomasnow, M|
|poke|p2|Azumarill, F|
|teampreview
|inactive|Battle timer is ON: inactive players will automatically lose when time's up. (requested by withered777)
|
|t:|1778508566
|teamsize|p1|6
|teamsize|p2|6
|start
|switch|p1a: Landorus|Landorus-Therian, M|100/100
|switch|p2a: Abomasnow|Abomasnow, M, shiny|100/100
|-ability|p1a: Landorus|Intimidate|boost
|-unboost|p2a: Abomasnow|atk|1
|-weather|Snowscape|[from] ability: Snow Warning|[of] p2a: Abomasnow
|turn|1
|
|t:|1778508580
|move|p1a: Landorus|U-turn|p2a: Abomasnow
|-supereffective|p2a: Abomasnow
|-damage|p2a: Abomasnow|58/100
|
|t:|1778508587
|switch|p1a: Heatran|Heatran, M|100/100|[from] U-turn
|move|p2a: Abomasnow|Aurora Veil|p2a: Abomasnow
|-sidestart|p2: Aestivalis Kai|move: Aurora Veil
|
|-weather|Snowscape|[upkeep]
|upkeep
|turn|2
|
|t:|1778508595
|move|p1a: Heatran|Flamethrower|p2a: Abomasnow
|-supereffective|p2a: Abomasnow
|-damage|p2a: Abomasnow|0 fnt
|faint|p2a: Abomasnow
|
|-weather|Snowscape|[upkeep]
|upkeep
|
|t:|1778508602
|switch|p2a: Azumarill|Azumarill, F|100/100
|turn|3
|
|t:|1778508617
|move|p2a: Azumarill|Belly Drum|p2a: Azumarill
|-damage|p2a: Azumarill|50/100
|-setboost|p2a: Azumarill|atk|6|[from] move: Belly Drum
|-enditem|p2a: Azumarill|Sitrus Berry|[eat]
|-heal|p2a: Azumarill|75/100|[from] item: Sitrus Berry
|move|p1a: Heatran|Flash Cannon|p2a: Azumarill
|-damage|p2a: Azumarill|47/100
|
|-weather|Snowscape|[upkeep]
|upkeep
|turn|4
|
|t:|1778508631
|move|p2a: Azumarill|Aqua Jet|p1a: Heatran
|-supereffective|p1a: Heatran
|-damage|p1a: Heatran|0 fnt
|-damage|p2a: Azumarill|31/100|[from] item: Rocky Helmet|[of] p1a: Heatran
|faint|p1a: Heatran
|
|-weather|Snowscape|[upkeep]
|upkeep
|
|t:|1778508635
|switch|p1a: Landorus|Landorus-Therian, M|100/100
|-ability|p1a: Landorus|Intimidate|boost
|-unboost|p2a: Azumarill|atk|1
|turn|5
|
|t:|1778508642
|switch|p1a: Corviknight|Corviknight, F|100/100
|move|p2a: Azumarill|Aqua Jet|p1a: Corviknight
|-damage|p1a: Corviknight|31/100
|
|-weather|none
|upkeep
|turn|6
|
|t:|1778508652
|move|p2a: Azumarill|Aqua Jet|p1a: Corviknight
|-damage|p1a: Corviknight|0 fnt
|faint|p1a: Corviknight
|
|upkeep
|
|t:|1778508655
|switch|p1a: Landorus|Landorus-Therian, M|100/100
|-ability|p1a: Landorus|Intimidate|boost
|-unboost|p2a: Azumarill|atk|1
|turn|7
|
|t:|1778508659
|switch|p1a: Meowscarada|Meowscarada, M|100/100
|move|p2a: Azumarill|Aqua Jet|p1a: Meowscarada
|-resisted|p1a: Meowscarada
|-damage|p1a: Meowscarada|38/100
|
|upkeep
|turn|8
|
|t:|1778508665
|move|p2a: Azumarill|Aqua Jet|p1a: Meowscarada
|-resisted|p1a: Meowscarada
|-damage|p1a: Meowscarada|0 fnt
|faint|p1a: Meowscarada
|
|-sideend|p2: Aestivalis Kai|move: Aurora Veil
|upkeep
|
|t:|1778508667
|switch|p1a: Landorus|Landorus-Therian, M|100/100
|-ability|p1a: Landorus|Intimidate|boost
|-unboost|p2a: Azumarill|atk|1
|turn|9
|
|t:|1778508689
|move|p2a: Azumarill|Aqua Jet|p1a: Landorus
|-supereffective|p1a: Landorus
|-crit|p1a: Landorus
|-damage|p1a: Landorus|0 fnt
|faint|p1a: Landorus
|
|upkeep
|
|t:|1778508692
|switch|p1a: Ninetales|Ninetales-Alola, M|100/100
|-weather|Snowscape|[from] ability: Snow Warning|[of] p1a: Ninetales
|turn|10
|
|t:|1778508696
|move|p2a: Azumarill|Aqua Jet|p1a: Ninetales
|-damage|p1a: Ninetales|39/100
|move|p1a: Ninetales|Aurora Veil|p1a: Ninetales
|-sidestart|p1: withered777|move: Aurora Veil
|
|-weather|Snowscape|[upkeep]
|upkeep
|turn|11
|
|t:|1778508700
|move|p2a: Azumarill|Aqua Jet|p1a: Ninetales
|-damage|p1a: Ninetales|5/100
|move|p1a: Ninetales|Freeze-Dry|p2a: Azumarill
|-supereffective|p2a: Azumarill
|-damage|p2a: Azumarill|0 fnt
|faint|p2a: Azumarill
|
|-weather|Snowscape|[upkeep]
|upkeep
|
|t:|1778508710
|switch|p2a: Metagross|Metagross, shiny|100/100
|turn|12
|
|t:|1778508716
|move|p1a: Ninetales|Blizzard|p2a: Metagross
|-resisted|p2a: Metagross
|-damage|p2a: Metagross|78/100
|move|p2a: Metagross|Flash Cannon|p1a: Ninetales
|-supereffective|p1a: Ninetales
|-damage|p1a: Ninetales|0 fnt
|faint|p1a: Ninetales
|
|-weather|Snowscape|[upkeep]
|-heal|p2a: Metagross|84/100|[from] item: Leftovers
|upkeep
|
|t:|1778508722
|switch|p1a: Dragapult|Dragapult, M|100/100
|turn|13
|
|t:|1778508732
|-terastallize|p2a: Metagross|Dark
|move|p1a: Dragapult|Dragon Dance|p1a: Dragapult
|-boost|p1a: Dragapult|atk|1
|-boost|p1a: Dragapult|spe|1
|move|p2a: Metagross|Flash Cannon|p1a: Dragapult
|-damage|p1a: Dragapult|76/100
|
|-weather|Snowscape|[upkeep]
|-heal|p2a: Metagross|90/100|[from] item: Leftovers
|upkeep
|turn|14
|
|t:|1778508740
|move|p1a: Dragapult|Dragon Dance|p1a: Dragapult
|-boost|p1a: Dragapult|atk|1
|-boost|p1a: Dragapult|spe|1
|move|p2a: Metagross|Flash Cannon|p1a: Dragapult
|-damage|p1a: Dragapult|50/100
|
|-weather|none
|-heal|p2a: Metagross|96/100|[from] item: Leftovers
|upkeep
|turn|15
|
|t:|1778508747
|move|p1a: Dragapult|Dragon Darts|p2a: Metagross
|-damage|p2a: Metagross|46/100
|-anim|p1a: Dragapult|Dragon Darts|p2a: Metagross
|-damage|p2a: Metagross|0 fnt
|faint|p2a: Metagross
|-damage|p1a: Dragapult|41/100|[from] item: Life Orb
|
|upkeep
|
|t:|1778508750
|switch|p2a: Porygon2|Porygon2|100/100
|-ability|p2a: Porygon2|Download|boost
|-boost|p2a: Porygon2|atk|1
|turn|16
|
|t:|1778508767
|move|p1a: Dragapult|Dragon Darts|p2a: Porygon2
|-damage|p2a: Porygon2|63/100
|-anim|p1a: Dragapult|Dragon Darts|p2a: Porygon2
|-crit|p2a: Porygon2
|-damage|p2a: Porygon2|13/100
|-damage|p1a: Dragapult|31/100|[from] item: Life Orb
|move|p2a: Porygon2|Trick Room|p2a: Porygon2
|-fieldstart|move: Trick Room|[of] p2a: Porygon2
|
|upkeep
|turn|17
|
|t:|1778508786
|move|p2a: Porygon2|Ice Beam|p1a: Dragapult
|-supereffective|p1a: Dragapult
|-damage|p1a: Dragapult|2/100
|-status|p1a: Dragapult|frz
|-curestatus|p1a: Dragapult|frz|[msg]
|move|p1a: Dragapult|Dragon Darts|p2a: Porygon2
|-damage|p2a: Porygon2|0 fnt
|faint|p2a: Porygon2
|-damage|p1a: Dragapult|0 fnt|[from] item: Life Orb
|faint|p1a: Dragapult
|
|win|Aestivalis Kai
|raw|withered777's rating: 1221 &rarr; <strong>1194</strong><br />(-27 for losing)
|raw|Aestivalis Kai's rating: 1195 &rarr; <strong>1222</strong><br />(+27 for winning)
|l|☆withered777
|player|p1|
