|html|<div class="broadcast-blue"><strong>[Gen 9] OU is currently suspecting Tera Blast! For information on how to participate check out the <a href="https://www.smogon.com/tools/suspects/view/200">suspect thread</a>.</strong></div>
|j|☆Hrdabot
|j|☆Owreos
|t:|1776321656
|gametype|singles
|player|p1|Hrdabot|dawn|
|player|p2|Owreos|102|
|gen|9
|tier|[Gen 9] OU
|rule|HP Percentage Mod: HP is shown in percentages
|rule|Endless Battle Clause: Forcing endless battles is banned
|rule|Species Clause: Limit one of each Pokémon
|rule|OHKO Clause: OHKO moves are banned
|rule|Evasion Items Clause: Evasion items are banned
|rule|Evasion Moves Clause: Evasion moves are banned
|rule|Evasion Abilities Clause: Evasion abilities are banned
|rule|Sleep Moves Clause: Sleep-inducing moves are banned
|clearpoke
|poke|p1|Great Tusk|
|poke|p1|Dragonite, F|
|poke|p1|Blaziken, F|
|poke|p1|Kingambit, M|
|poke|p1|Serperior, F|
|poke|p1|Toxapex, F|
|poke|p2|Garchomp, F|
|poke|p2|Gholdengo|
|poke|p2|Dondozo, F|
|poke|p2|Dragapult, M|
|poke|p2|Clefable, F|
|poke|p2|Kingambit, F|
|teampreview
|
|t:|1776321674
|teamsize|p1|6
|teamsize|p2|6
|start
|switch|p1a: Blaziken|Blaziken, F|100/100
|switch|p2a: Garchomp|Garchomp, F|100/100
|turn|1
|
|t:|1776321682
|switch|p1a: Toxapex|Toxapex, F|100/100
|move|p2a: Garchomp|Stealth Rock|p1a: Toxapex
|-sidestart|p1: Hrdabot|move: Stealth Rock
|
|upkeep
|turn|2
|
|t:|1776321711
|move|p2a: Garchomp|Earthquake|p1a: Toxapex
|-supereffective|p1a: Toxapex
|-damage|p1a: Toxapex|37/100
|move|p1a: Toxapex|Ice Beam|p2a: Garchomp
|-supereffective|p2a: Garchomp
|-damage|p2a: Garchomp|57/100
|
|-heal|p1a: Toxapex|43/100|[from] item: Leftovers
|upkeep
|turn|3
|
|t:|1776321731
|switch|p2a: Dondozo|Dondozo, F|100/100
|switch|p1a: Dragonite|Dragonite, F|100/100
|
|upkeep
|turn|4
|
|t:|1776321770
|switch|p1a: Serperior|Serperior, F|100/100
|-damage|p1a: Serperior|88/100|[from] Stealth Rock
|move|p2a: Dondozo|Wave Crash|p1a: Serperior
|-resisted|p1a: Serperior
|-damage|p1a: Serperior|66/100
|-damage|p2a: Dondozo|96/100|[from] Recoil
|
|-heal|p1a: Serperior|73/100|[from] item: Leftovers
|-heal|p2a: Dondozo|100/100|[from] item: Leftovers
|upkeep
|turn|5
|
|t:|1776321790
|move|p1a: Serperior|Leaf Storm|p2a: Dondozo
|-supereffective|p2a: Dondozo
|-damage|p2a: Dondozo|36/100
|-boost|p1a: Serperior|spa|2
|move|p2a: Dondozo|Body Press|p1a: Serperior
|-damage|p1a: Serperior|44/100
|
|-heal|p1a: Serperior|50/100|[from] item: Leftovers
|-heal|p2a: Dondozo|42/100|[from] item: Leftovers
|upkeep
|turn|6
|
|t:|1776321799
|move|p1a: Serperior|Leaf Storm|p2a: Dondozo
|-supereffective|p2a: Dondozo
|-damage|p2a: Dondozo|0 fnt
|-boost|p1a: Serperior|spa|2
|faint|p2a: Dondozo
|
|-heal|p1a: Serperior|56/100|[from] item: Leftovers
|upkeep
|
|t:|1776321807
|switch|p2a: Dragapult|Dragapult, M|100/100
|turn|7
|
|t:|1776321821
|-terastallize|p1a: Serperior|Water
|move|p2a: Dragapult|Draco Meteor|p1a: Serperior
|-damage|p1a: Serperior|0 fnt
|-unboost|p2a: Dragapult|spa|2
|faint|p1a: Serperior
|
|upkeep
|
|t:|1776321830
|switch|p1a: Kingambit|Kingambit, M|100/100
|-damage|p1a: Kingambit|94/100|[from] Stealth Rock
|-activate|p1a: Kingambit|ability: Supreme Overlord
|-start|p1a: Kingambit|fallen1|[silent]
|turn|8
|
|t:|1776321875
|switch|p2a: Clefable|Clefable, F|100/100
|move|p1a: Kingambit|Kowtow Cleave|p2a: Clefable
|-resisted|p2a: Clefable
|-damage|p2a: Clefable|69/100
|
|-heal|p2a: Clefable|75/100|[from] item: Leftovers
|upkeep
|turn|9
|
|t:|1776321902
|-end|p1a: Kingambit|fallen1|[silent]
|switch|p1a: Toxapex|Toxapex, F|76/100
|-damage|p1a: Toxapex|64/100|[from] Stealth Rock
|move|p2a: Clefable|Thunder Wave|p1a: Toxapex
|-status|p1a: Toxapex|par
|
|-heal|p2a: Clefable|81/100|[from] item: Leftovers
|-heal|p1a: Toxapex|70/100 par|[from] item: Leftovers
|upkeep
|turn|10
|
|t:|1776321926
|switch|p2a: Garchomp|Garchomp, F|57/100
|cant|p1a: Toxapex|par
|
|-heal|p1a: Toxapex|76/100 par|[from] item: Leftovers
|upkeep
|turn|11
|
|t:|1776321938
|move|p2a: Garchomp|Stealth Rock||[still]
|-fail|p2a: Garchomp
|cant|p1a: Toxapex|par
|
|-heal|p1a: Toxapex|82/100 par|[from] item: Leftovers
|upkeep
|turn|12
|
|t:|1776321952
|move|p2a: Garchomp|Earthquake|p1a: Toxapex
|-supereffective|p1a: Toxapex
|-damage|p1a: Toxapex|25/100 par
|move|p1a: Toxapex|Ice Beam|p2a: Garchomp
|-supereffective|p2a: Garchomp
|-damage|p2a: Garchomp|8/100
|
|-heal|p1a: Toxapex|31/100 par|[from] item: Leftovers
|upkeep
|turn|13
|
|t:|1776321964
|switch|p1a: Dragonite|Dragonite, F|100/100
|move|p2a: Garchomp|Earthquake|p1a: Dragonite
|-immune|p1a: Dragonite
|
|upkeep
|turn|14
|
|t:|1776321989
|move|p1a: Dragonite|Dragon Dance|p1a: Dragonite
|-boost|p1a: Dragonite|atk|1
|-boost|p1a: Dragonite|spe|1
|move|p2a: Garchomp|Dragon Tail|p1a: Dragonite
|-supereffective|p1a: Dragonite
|-damage|p1a: Dragonite|73/100
|drag|p1a: Kingambit|Kingambit, M|94/100
|-damage|p1a: Kingambit|88/100|[from] Stealth Rock
|-activate|p1a: Kingambit|ability: Supreme Overlord
|-start|p1a: Kingambit|fallen1|[silent]
|
|upkeep
|turn|15
|
|t:|1776322015
|move|p1a: Kingambit|Sucker Punch|p2a: Garchomp
|-crit|p2a: Garchomp
|-damage|p2a: Garchomp|0 fnt
|-damage|p1a: Kingambit|76/100|[from] ability: Rough Skin|[of] p2a: Garchomp
|-damage|p1a: Kingambit|59/100|[from] item: Rocky Helmet|[of] p2a: Garchomp
|faint|p2a: Garchomp
|
|upkeep
|
|t:|1776322051
|switch|p2a: Clefable|Clefable, F|81/100
|turn|16
|
|t:|1776322056
|-end|p1a: Kingambit|fallen1|[silent]
|switch|p1a: Toxapex|Toxapex, F|65/100 par
|-damage|p1a: Toxapex|52/100 par|[from] Stealth Rock
|move|p2a: Clefable|Thunder Wave|p1a: Toxapex
|-fail|p1a: Toxapex|par
|
|-heal|p2a: Clefable|88/100|[from] item: Leftovers
|-heal|p1a: Toxapex|58/100 par|[from] item: Leftovers
|upkeep
|turn|17
|
|t:|1776322076
|switch|p2a: Dragapult|Dragapult, M|100/100
|move|p1a: Toxapex|Ice Beam|p2a: Dragapult
|-supereffective|p2a: Dragapult
|-damage|p2a: Dragapult|67/100
|
|-heal|p1a: Toxapex|65/100 par|[from] item: Leftovers
|upkeep
|turn|18
|
|t:|1776322092
|move|p2a: Dragapult|U-turn|p1a: Toxapex
|-resisted|p1a: Toxapex
|-damage|p1a: Toxapex|58/100 par
|
|t:|1776322107
|switch|p2a: Gholdengo|Gholdengo|100/100|[from] U-turn
|move|p1a: Toxapex|Recover|p1a: Toxapex
|-heal|p1a: Toxapex|100/100 par
|
|upkeep
|turn|19
|
|t:|1776322123
|move|p2a: Gholdengo|Nasty Plot|p2a: Gholdengo
|-boost|p2a: Gholdengo|spa|2
|cant|p1a: Toxapex|par
|
|upkeep
|turn|20
|
|t:|1776322129
|move|p2a: Gholdengo|Nasty Plot|p2a: Gholdengo
|-boost|p2a: Gholdengo|spa|2
|move|p1a: Toxapex|Haze|p1a: Toxapex
|-clearallboost
|
|upkeep
|turn|21
|
|t:|1776322158
|move|p2a: Gholdengo|Nasty Plot|p2a: Gholdengo
|-boost|p2a: Gholdengo|spa|2
|move|p1a: Toxapex|Ice Beam|p2a: Gholdengo
|-resisted|p2a: Gholdengo
|-damage|p2a: Gholdengo|94/100
|
|-heal|p2a: Gholdengo|100/100|[from] item: Leftovers
|upkeep
|turn|22
|
|t:|1776322167
|move|p2a: Gholdengo|Shadow Ball|p1a: Toxapex
|-damage|p1a: Toxapex|40/100 par
|-unboost|p1a: Toxapex|spd|1
|move|p1a: Toxapex|Haze|p1a: Toxapex
|-clearallboost
|
|-heal|p1a: Toxapex|46/100 par|[from] item: Leftovers
|upkeep
|turn|23
|
|t:|1776322176
|move|p2a: Gholdengo|Shadow Ball|p1a: Toxapex
|-damage|p1a: Toxapex|14/100 par
|move|p1a: Toxapex|Recover|p1a: Toxapex
|-heal|p1a: Toxapex|64/100 par
|
|-heal|p1a: Toxapex|71/100 par|[from] item: Leftovers
|upkeep
|turn|24
|
|t:|1776322213
|move|p2a: Gholdengo|Shadow Ball|p1a: Toxapex
|-damage|p1a: Toxapex|40/100 par
|move|p1a: Toxapex|Recover|p1a: Toxapex
|-heal|p1a: Toxapex|90/100 par
|
|-heal|p1a: Toxapex|96/100 par|[from] item: Leftovers
|upkeep
|turn|25
|
|t:|1776322327
|switch|p1a: Kingambit|Kingambit, M|59/100
|-damage|p1a: Kingambit|53/100|[from] Stealth Rock
|-activate|p1a: Kingambit|ability: Supreme Overlord
|-start|p1a: Kingambit|fallen1|[silent]
|move|p2a: Gholdengo|Shadow Ball|p1a: Kingambit
|-resisted|p1a: Kingambit
|-damage|p1a: Kingambit|31/100
|-unboost|p1a: Kingambit|spd|1
|
|upkeep
|turn|26
|
|t:|1776322383
|switch|p2a: Clefable|Clefable, F|88/100
|move|p1a: Kingambit|Sucker Punch||[still]
|-fail|p1a: Kingambit
|
|-heal|p2a: Clefable|94/100|[from] item: Leftovers
|upkeep
|turn|27
|
|t:|1776322419
|-end|p1a: Kingambit|fallen1|[silent]
|switch|p1a: Great Tusk|Great Tusk|100/100
|-damage|p1a: Great Tusk|98/100|[from] Stealth Rock
|move|p2a: Clefable|Thunder Wave|p1a: Great Tusk
|-immune|p1a: Great Tusk
|
|-heal|p1a: Great Tusk|100/100|[from] item: Leftovers
|-heal|p2a: Clefable|99/100|[from] item: Leftovers
|upkeep
|turn|28
|
|t:|1776322444
|move|p1a: Great Tusk|Rapid Spin|p2a: Clefable
|-damage|p2a: Clefable|86/100
|-boost|p1a: Great Tusk|spe|1
|-sideend|p1: Hrdabot|Stealth Rock|[from] move: Rapid Spin|[of] p1a: Great Tusk
|move|p2a: Clefable|Moonblast|p1a: Great Tusk
|-supereffective|p1a: Great Tusk
|-damage|p1a: Great Tusk|13/100
|
|-heal|p1a: Great Tusk|20/100|[from] item: Leftovers
|-heal|p2a: Clefable|92/100|[from] item: Leftovers
|upkeep
|turn|29
|
|t:|1776322468
|-end|p1a: Great Tusk|Protosynthesis|[silent]
|switch|p1a: Toxapex|Toxapex, F|100/100 par
|move|p2a: Clefable|Thunder Wave|p1a: Toxapex
|-fail|p1a: Toxapex|par
|
|-heal|p2a: Clefable|98/100|[from] item: Leftovers
|upkeep
|turn|30
|
|t:|1776322486
|switch|p2a: Gholdengo|Gholdengo|100/100
|move|p1a: Toxapex|Toxic|p2a: Gholdengo
|-immune|p2a: Gholdengo|[from] ability: Good as Gold
|
|upkeep
|turn|31
|
|t:|1776322504
|move|p2a: Gholdengo|Nasty Plot|p2a: Gholdengo
|-boost|p2a: Gholdengo|spa|2
|cant|p1a: Toxapex|par
|
|upkeep
|turn|32
|
|t:|1776322510
|move|p2a: Gholdengo|Shadow Ball|p1a: Toxapex
|-damage|p1a: Toxapex|41/100 par
|move|p1a: Toxapex|Haze|p1a: Toxapex
|-clearallboost
|
|-heal|p1a: Toxapex|47/100 par|[from] item: Leftovers
|upkeep
|turn|33
|
|t:|1776322523
|move|p2a: Gholdengo|Shadow Ball|p1a: Toxapex
|-damage|p1a: Toxapex|18/100 par
|move|p1a: Toxapex|Recover|p1a: Toxapex
|-heal|p1a: Toxapex|68/100 par
|
|-heal|p1a: Toxapex|75/100 par|[from] item: Leftovers
|upkeep
|turn|34
|
|t:|1776322539
|move|p2a: Gholdengo|Nasty Plot|p2a: Gholdengo
|-boost|p2a: Gholdengo|spa|2
|move|p1a: Toxapex|Haze|p1a: Toxapex
|-clearallboost
|
|-heal|p1a: Toxapex|81/100 par|[from] item: Leftovers
|upkeep
|turn|35
|
|t:|1776322564
|move|p2a: Gholdengo|Shadow Ball|p1a: Toxapex
|-damage|p1a: Toxapex|51/100 par
|move|p1a: Toxapex|Ice Beam|p2a: Gholdengo
|-resisted|p2a: Gholdengo
|-damage|p2a: Gholdengo|94/100
|
|-heal|p2a: Gholdengo|100/100|[from] item: Leftovers
|-heal|p1a: Toxapex|57/100 par|[from] item: Leftovers
|upkeep
|turn|36
|
|t:|1776322578
|move|p2a: Gholdengo|Shadow Ball|p1a: Toxapex
|-damage|p1a: Toxapex|26/100 par
|move|p1a: Toxapex|Recover|p1a: Toxapex
|-heal|p1a: Toxapex|76/100 par
|
|-heal|p1a: Toxapex|82/100 par|[from] item: Leftovers
|upkeep
|turn|37
|
|t:|1776322589
|move|p2a: Gholdengo|Nasty Plot|p2a: Gholdengo
|-boost|p2a: Gholdengo|spa|2
|move|p1a: Toxapex|Ice Beam|p2a: Gholdengo
|-resisted|p2a: Gholdengo
|-damage|p2a: Gholdengo|94/100
|
|-heal|p2a: Gholdengo|99/100|[from] item: Leftovers
|-heal|p1a: Toxapex|89/100 par|[from] item: Leftovers
|upkeep
|turn|38
|
|t:|1776322600
|move|p2a: Gholdengo|Shadow Ball|p1a: Toxapex
|-damage|p1a: Toxapex|31/100 par
|move|p1a: Toxapex|Haze|p1a: Toxapex
|-clearallboost
|
|-heal|p2a: Gholdengo|100/100|[from] item: Leftovers
|-heal|p1a: Toxapex|38/100 par|[from] item: Leftovers
|upkeep
|turn|39
|
|t:|1776322610
|move|p2a: Gholdengo|Nasty Plot|p2a: Gholdengo
|-boost|p2a: Gholdengo|spa|2
|cant|p1a: Toxapex|par
|
|-heal|p1a: Toxapex|44/100 par|[from] item: Leftovers
|upkeep
|turn|40
|
|t:|1776322617
|move|p2a: Gholdengo|Shadow Ball|p1a: Toxapex
|-damage|p1a: Toxapex|0 fnt
|faint|p1a: Toxapex
|
|upkeep
|
|t:|1776322622
|switch|p1a: Blaziken|Blaziken, F|100/100
|turn|41
|
|t:|1776322672
|switch|p2a: Clefable|Clefable, F|98/100
|move|p1a: Blaziken|Swords Dance|p1a: Blaziken
|-boost|p1a: Blaziken|atk|2
|
|-heal|p2a: Clefable|100/100|[from] item: Leftovers
|-ability|p1a: Blaziken|Speed Boost|boost
|-boost|p1a: Blaziken|spe|1
|upkeep
|turn|42
|
|t:|1776322696
|move|p1a: Blaziken|Swords Dance|p1a: Blaziken
|-boost|p1a: Blaziken|atk|2
|move|p2a: Clefable|Thunder Wave|p1a: Blaziken
|-status|p1a: Blaziken|par
|
|-ability|p1a: Blaziken|Speed Boost|boost
|-boost|p1a: Blaziken|spe|1
|upkeep
|turn|43
|
|t:|1776322716
|move|p1a: Blaziken|Fire Punch|p2a: Clefable
|-damage|p2a: Clefable|0 fnt
|faint|p2a: Clefable
|
|-ability|p1a: Blaziken|Speed Boost|boost
|-boost|p1a: Blaziken|spe|1
|upkeep
|
|t:|1776322726
|switch|p2a: Dragapult|Dragapult, M|67/100
|turn|44
|
|t:|1776322748
|move|p2a: Dragapult|Draco Meteor|p1a: Blaziken
|-enditem|p1a: Blaziken|Focus Sash
|-damage|p1a: Blaziken|1/100 par
|-unboost|p2a: Dragapult|spa|2
|move|p1a: Blaziken|Knock Off|p2a: Dragapult
|-supereffective|p2a: Dragapult
|-damage|p2a: Dragapult|0 fnt
|-enditem|p2a: Dragapult|Choice Specs|[from] move: Knock Off|[of] p1a: Blaziken
|faint|p2a: Dragapult
|
|-ability|p1a: Blaziken|Speed Boost|boost
|-boost|p1a: Blaziken|spe|1
|upkeep
|
|t:|1776322762
|switch|p2a: Kingambit|Kingambit, F|100/100
|-activate|p2a: Kingambit|ability: Supreme Overlord
|-start|p2a: Kingambit|fallen4|[silent]
|turn|45
|
|t:|1776322767
|move|p2a: Kingambit|Sucker Punch||[still]
|-fail|p2a: Kingambit
|cant|p1a: Blaziken|par
|
|-ability|p1a: Blaziken|Speed Boost|boost
|-boost|p1a: Blaziken|spe|1
|upkeep
|turn|46
|
|t:|1776322780
|move|p2a: Kingambit|Sucker Punch||[still]
|-fail|p2a: Kingambit
|cant|p1a: Blaziken|par
|
|-ability|p1a: Blaziken|Speed Boost|boost
|-boost|p1a: Blaziken|spe|1
|upkeep
|turn|47
|
|t:|1776322800
|move|p2a: Kingambit|Sucker Punch||[still]
|-fail|p2a: Kingambit
|move|p1a: Blaziken|Swords Dance|p1a: Blaziken
|-boost|p1a: Blaziken|atk|2
|
|upkeep
|turn|48
|
|t:|1776322807
|move|p2a: Kingambit|Sucker Punch||[still]
|-fail|p2a: Kingambit
|move|p1a: Blaziken|Swords Dance|p1a: Blaziken
|-boost|p1a: Blaziken|atk|0
|
|upkeep
|turn|49
|
|t:|1776322830
|move|p2a: Kingambit|Sucker Punch||[still]
|-fail|p2a: Kingambit
|move|p1a: Blaziken|Swords Dance|p1a: Blaziken
|-boost|p1a: Blaziken|atk|0
|
|upkeep
|turn|50
|
|t:|1776322853
|move|p1a: Blaziken|Swords Dance|p1a: Blaziken
|-boost|p1a: Blaziken|atk|0
|move|p2a: Kingambit|Swords Dance|p2a: Kingambit
|-boost|p2a: Kingambit|atk|2
|
|upkeep
|turn|51
|
|t:|1776322878
|move|p2a: Kingambit|Sucker Punch|p1a: Blaziken
|-resisted|p1a: Blaziken
|-damage|p1a: Blaziken|0 fnt
|faint|p1a: Blaziken
|
|upkeep
|
|t:|1776322889
|switch|p1a: Great Tusk|Great Tusk|20/100
|turn|52
|
|t:|1776323074
|move|p2a: Kingambit|Iron Head|p1a: Great Tusk
|-damage|p1a: Great Tusk|0 fnt
|faint|p1a: Great Tusk
|-end|p1a: Great Tusk|Protosynthesis|[silent]
|
|upkeep
|
|t:|1776323082
|switch|p1a: Kingambit|Kingambit, M|31/100
|-activate|p1a: Kingambit|ability: Supreme Overlord
|-start|p1a: Kingambit|fallen4|[silent]
|turn|53
|
|t:|1776323167
|-terastallize|p2a: Kingambit|Dark
|move|p2a: Kingambit|Sucker Punch|p1a: Kingambit
|-resisted|p1a: Kingambit
|-damage|p1a: Kingambit|0 fnt
|faint|p1a: Kingambit
|-end|p1a: Kingambit|fallen4|[silent]
|
|upkeep
|
|t:|1776323174
|switch|p1a: Dragonite|Dragonite, F|73/100
|turn|54
|
|t:|1776323446
|move|p2a: Kingambit|Sucker Punch||[still]
|-fail|p2a: Kingambit
|move|p1a: Dragonite|Dragon Dance|p1a: Dragonite
|-boost|p1a: Dragonite|atk|1
|-boost|p1a: Dragonite|spe|1
|
|upkeep
|turn|55
|
|t:|1776323459
|move|p1a: Dragonite|Outrage|p2a: Kingambit
|-damage|p2a: Kingambit|15/100
|move|p2a: Kingambit|Kowtow Cleave|p1a: Dragonite
|-damage|p1a: Dragonite|0 fnt
|faint|p1a: Dragonite
|
|win|Owreos
|l|☆Hrdabot
|player|p1|
