|html|<div class="broadcast-blue"><strong>[Gen 9] OU is currently suspecting Tera Blast! For information on how to participate check out the <a href="https://www.smogon.com/tools/suspects/view/200">suspect thread</a>.</strong></div>
|j|‽Come on mon
|j|☆hillbilly z
|t:|1776129419
|gametype|singles
|player|p1|Come on mon|fantina|1672
|player|p2|hillbilly z|102|1676
|gen|9
|tier|[Gen 9] OU
|rated|
|rule|HP Percentage Mod: HP is shown in percentages
|rule|Endless Battle Clause: Forcing endless battles is banned
|rule|Species Clause: Limit one of each Pokémon
|rule|OHKO Clause: OHKO moves are banned
|rule|Evasion Items Clause: Evasion items are banned
|rule|Evasion Moves Clause: Evasion moves are banned
|rule|Evasion Abilities Clause: Evasion abilities are banned
|rule|Sleep Moves Clause: Sleep-inducing moves are banned
|clearpoke
|poke|p1|Ninetales-Alola, F|
|poke|p1|Klefki, M|
|poke|p1|Maushold-Four|
|poke|p1|Latias, F|
|poke|p1|Okidogi, M|
|poke|p1|Kyurem|
|poke|p2|Torkoal, F|
|poke|p2|Scovillain, M|
|poke|p2|Walking Wake|
|poke|p2|Hatterene, F|
|poke|p2|Great Tusk|
|poke|p2|Ceruledge, M|
|teampreview
|inactive|Battle timer is ON: inactive players will automatically lose when time's up. (requested by Come on mon)
|inactive|hillbilly z has 120 seconds left.
|
|t:|1776129460
|teamsize|p1|6
|teamsize|p2|6
|start
|switch|p1a: Klefki|Klefki, M|100/100
|switch|p2a: Torkoal|Torkoal, F|100/100
|-weather|SunnyDay|[from] ability: Drought|[of] p2a: Torkoal
|turn|1
|
|t:|1776129464
|switch|p1a: Ninetales|Ninetales-Alola, F|100/100
|-weather|Snowscape|[from] ability: Snow Warning|[of] p1a: Ninetales
|move|p2a: Torkoal|Flamethrower|p1a: Ninetales
|-supereffective|p1a: Ninetales
|-damage|p1a: Ninetales|8/100
|
|-weather|Snowscape|[upkeep]
|upkeep
|turn|2
|
|t:|1776129468
|move|p1a: Ninetales|Aurora Veil|p1a: Ninetales
|-sidestart|p1: Come on mon|move: Aurora Veil
|move|p2a: Torkoal|Stealth Rock|p1a: Ninetales
|-sidestart|p1: Come on mon|move: Stealth Rock
|
|-weather|Snowscape|[upkeep]
|upkeep
|turn|3
|
|t:|1776129472
|move|p1a: Ninetales|Misty Terrain|p1a: Ninetales
|-fieldstart|move: Misty Terrain
|move|p2a: Torkoal|Flamethrower|p1a: Ninetales
|-supereffective|p1a: Ninetales
|-damage|p1a: Ninetales|0 fnt
|faint|p1a: Ninetales
|
|-weather|Snowscape|[upkeep]
|upkeep
|
|t:|1776129475
|switch|p1a: Maushold|Maushold-Four|100/100
|-damage|p1a: Maushold|88/100|[from] Stealth Rock
|turn|4
|
|t:|1776129479
|switch|p2a: Ceruledge|Ceruledge, M|100/100
|move|p1a: Maushold|Tidy Up|p1a: Maushold
|-sideend|p1: Come on mon|Stealth Rock
|-activate|p1a: Maushold|move: Tidy Up
|-boost|p1a: Maushold|atk|1
|-boost|p1a: Maushold|spe|1
|
|-weather|Snowscape|[upkeep]
|upkeep
|turn|5
|
|t:|1776129482
|switch|p2a: Don|Great Tusk|100/100
|move|p1a: Maushold|Tidy Up|p1a: Maushold
|-boost|p1a: Maushold|atk|1
|-boost|p1a: Maushold|spe|1
|
|-weather|none
|upkeep
|turn|6
|
|t:|1776129486
|move|p1a: Maushold|Tidy Up|p1a: Maushold
|-boost|p1a: Maushold|atk|1
|-boost|p1a: Maushold|spe|1
|move|p2a: Don|Headlong Rush|p1a: Maushold
|-damage|p1a: Maushold|48/100
|-unboost|p2a: Don|def|1
|-unboost|p2a: Don|spd|1
|
|upkeep
|turn|7
|
|t:|1776129493
|move|p1a: Maushold|Population Bomb|p2a: Don
|-damage|p2a: Don|70/100
|-damage|p1a: Maushold|31/100|[from] item: Rocky Helmet|[of] p2a: Don
|-damage|p2a: Don|40/100
|-damage|p1a: Maushold|15/100|[from] item: Rocky Helmet|[of] p2a: Don
|-crit|p2a: Don
|-damage|p2a: Don|0 fnt
|-damage|p1a: Maushold|0 fnt|[from] item: Rocky Helmet|[of] p2a: Don
|faint|p2a: Don
|-end|p2a: Don|Protosynthesis|[silent]
|faint|p1a: Maushold
|-hitcount|p2: Don|3
|
|-fieldend|Misty Terrain
|upkeep
|
|t:|1776129503
|switch|p2a: Torkoal|Torkoal, F|100/100
|switch|p1a: Kyurem|Kyurem, shiny|100/100
|-ability|p1a: Kyurem|Pressure
|-weather|SunnyDay|[from] ability: Drought|[of] p2a: Torkoal
|turn|8
|
|t:|1776129506
|-terastallize|p1a: Kyurem|Fire
|move|p1a: Kyurem|Dragon Dance|p1a: Kyurem
|-boost|p1a: Kyurem|atk|1
|-boost|p1a: Kyurem|spe|1
|move|p2a: Torkoal|Clear Smog|p1a: Kyurem
|-damage|p1a: Kyurem|93/100
|-clearboost|p1a: Kyurem
|
|-weather|SunnyDay|[upkeep]
|upkeep
|turn|9
|
|t:|1776129515
|move|p1a: Kyurem|Scale Shot|p2a: Torkoal
|-damage|p2a: Torkoal|89/100
|-damage|p2a: Torkoal|78/100
|-damage|p2a: Torkoal|66/100
|-damage|p2a: Torkoal|53/100
|-damage|p2a: Torkoal|41/100
|-hitcount|p2a: Torkoal|5
|-unboost|p1a: Kyurem|def|1
|-boost|p1a: Kyurem|spe|1
|move|p2a: Torkoal|Clear Smog|p1a: Kyurem
|-damage|p1a: Kyurem|87/100
|-clearboost|p1a: Kyurem
|
|-weather|SunnyDay|[upkeep]
|-sideend|p1: Come on mon|move: Aurora Veil
|upkeep
|turn|10
|
|t:|1776129523
|-terastallize|p2a: Torkoal|Fairy
|move|p1a: Kyurem|Dragon Dance|p1a: Kyurem
|-boost|p1a: Kyurem|atk|1
|-boost|p1a: Kyurem|spe|1
|move|p2a: Torkoal|Earthquake|p1a: Kyurem
|-supereffective|p1a: Kyurem
|-damage|p1a: Kyurem|48/100
|
|-weather|SunnyDay|[upkeep]
|upkeep
|turn|11
|
|t:|1776129529
|switch|p2a: Hatterene|Hatterene, F|100/100
|move|p1a: Kyurem|Icicle Spear|p2a: Hatterene
|-damage|p2a: Hatterene|79/100
|-damage|p2a: Hatterene|59/100
|-damage|p2a: Hatterene|40/100
|-damage|p2a: Hatterene|22/100
|-hitcount|p2a: Hatterene|4
|-enditem|p2a: Hatterene|Eject Button
|
|t:|1776129531
|switch|p2a: Scovillain|Scovillain, M|100/100
|
|-weather|SunnyDay|[upkeep]
|upkeep
|turn|12
|
|t:|1776129536
|move|p2a: Scovillain|Flamethrower|p1a: Kyurem
|-resisted|p1a: Kyurem
|-damage|p1a: Kyurem|6/100
|-damage|p2a: Scovillain|91/100|[from] item: Life Orb
|move|p1a: Kyurem|Icicle Spear|p2a: Scovillain
|-damage|p2a: Scovillain|53/100
|-damage|p2a: Scovillain|15/100
|-damage|p2a: Scovillain|0 fnt
|faint|p2a: Scovillain
|-hitcount|p2: Scovillain|3
|
|-weather|SunnyDay|[upkeep]
|upkeep
|
|t:|1776129538
|switch|p2a: Ceruledge|Ceruledge, M|100/100
|turn|13
|
|t:|1776129541
|move|p2a: Ceruledge|Shadow Sneak|p1a: Kyurem
|-damage|p1a: Kyurem|0 fnt
|faint|p1a: Kyurem
|
|-weather|SunnyDay|[upkeep]
|upkeep
|
|t:|1776129544
|switch|p1a: Klefki|Klefki, M|100/100
|turn|14
|
|t:|1776129546
|move|p1a: Klefki|Reflect|p1a: Klefki
|-sidestart|p1: Come on mon|Reflect
|move|p2a: Ceruledge|Swords Dance|p2a: Ceruledge
|-boost|p2a: Ceruledge|atk|2
|
|-weather|SunnyDay|[upkeep]
|upkeep
|turn|15
|
|t:|1776129548
|move|p1a: Klefki|Thunder Wave|p2a: Ceruledge
|-status|p2a: Ceruledge|par
|move|p2a: Ceruledge|Swords Dance|p2a: Ceruledge
|-boost|p2a: Ceruledge|atk|2
|
|-weather|none
|upkeep
|turn|16
|
|t:|1776129552
|switch|p1a: Okidogi|Okidogi, M|100/100
|move|p2a: Ceruledge|Bitter Blade|p1a: Okidogi
|-damage|p1a: Okidogi|40/100
|
|-heal|p1a: Okidogi|46/100|[from] item: Leftovers
|upkeep
|turn|17
|
|t:|1776129556
|move|p1a: Okidogi|Bulk Up|p1a: Okidogi
|-boost|p1a: Okidogi|atk|1
|-boost|p1a: Okidogi|def|1
|cant|p2a: Ceruledge|par
|
|-heal|p1a: Okidogi|52/100|[from] item: Leftovers
|upkeep
|turn|18
|
|t:|1776129560
|move|p1a: Okidogi|Bulk Up|p1a: Okidogi
|-boost|p1a: Okidogi|atk|1
|-boost|p1a: Okidogi|def|1
|cant|p2a: Ceruledge|par
|
|-heal|p1a: Okidogi|58/100|[from] item: Leftovers
|upkeep
|turn|19
|
|t:|1776129563
|move|p1a: Okidogi|Bulk Up|p1a: Okidogi
|-boost|p1a: Okidogi|atk|1
|-boost|p1a: Okidogi|def|1
|move|p2a: Ceruledge|Bitter Blade|p1a: Okidogi
|-damage|p1a: Okidogi|34/100
|
|-heal|p1a: Okidogi|40/100|[from] item: Leftovers
|upkeep
|turn|20
|
|t:|1776129570
|switch|p2a: Hatterene|Hatterene, F|22/100
|move|p1a: Okidogi|Knock Off|p2a: Hatterene
|-damage|p2a: Hatterene|0 fnt
|faint|p2a: Hatterene
|
|-heal|p1a: Okidogi|46/100|[from] item: Leftovers
|upkeep
|
|t:|1776129571
|switch|p2a: Walking Wake|Walking Wake|100/100
|turn|21
|
|t:|1776129576
|move|p2a: Walking Wake|Hydro Steam|p1a: Okidogi
|-damage|p1a: Okidogi|0 fnt
|faint|p1a: Okidogi
|
|-sideend|p1: Come on mon|Reflect
|upkeep
|
|t:|1776129583
|switch|p1a: Latias|Latias, F|100/100
|turn|22
|
|t:|1776129584
|-end|p2a: Walking Wake|Protosynthesis|[silent]
|switch|p2a: Torkoal|Torkoal, F, tera:Fairy|41/100
|-weather|SunnyDay|[from] ability: Drought|[of] p2a: Torkoal
|move|p1a: Latias|Agility|p1a: Latias
|-boost|p1a: Latias|spe|2
|
|-weather|SunnyDay|[upkeep]
|upkeep
|turn|23
|
|t:|1776129586
|move|p1a: Latias|Stored Power|p2a: Torkoal
|-damage|p2a: Torkoal|4/100
|move|p2a: Torkoal|Clear Smog|p1a: Latias
|-damage|p1a: Latias|88/100
|-clearboost|p1a: Latias
|
|-weather|SunnyDay|[upkeep]
|upkeep
|turn|24
|
|t:|1776129588
|switch|p1a: Klefki|Klefki, M|100/100
|move|p2a: Torkoal|Clear Smog|p1a: Klefki
|-immune|p1a: Klefki
|
|-weather|SunnyDay|[upkeep]
|upkeep
|turn|25
|
|t:|1776129590
|move|p1a: Klefki|Spikes|p2a: Torkoal
|-sidestart|p2: hillbilly z|Spikes
|move|p2a: Torkoal|Flamethrower|p1a: Klefki
|-supereffective|p1a: Klefki
|-damage|p1a: Klefki|0 fnt
|faint|p1a: Klefki
|
|-weather|SunnyDay|[upkeep]
|upkeep
|
|t:|1776129592
|switch|p1a: Latias|Latias, F|88/100
|turn|26
|
|t:|1776129595
|move|p1a: Latias|Stored Power|p2a: Torkoal
|-damage|p2a: Torkoal|0 fnt
|faint|p2a: Torkoal
|
|-weather|SunnyDay|[upkeep]
|upkeep
|
|t:|1776129597
|switch|p2a: Walking Wake|Walking Wake|100/100
|-damage|p2a: Walking Wake|88/100|[from] Spikes
|-activate|p2a: Walking Wake|ability: Protosynthesis
|-start|p2a: Walking Wake|protosynthesisspa
|turn|27
|
|t:|1776129602
|move|p2a: Walking Wake|Draco Meteor|p1a: Latias
|-supereffective|p1a: Latias
|-damage|p1a: Latias|0 fnt
|-unboost|p2a: Walking Wake|spa|2
|faint|p1a: Latias
|
|win|hillbilly z
|raw|Come on mon's rating: 1646 &rarr; <strong>1628</strong><br />(-18 for losing)
|raw|hillbilly z's rating: 1676 &rarr; <strong>1694</strong><br />(+18 for winning)
|l|‽Come on mon
|player|p1|
