|html|<div class="broadcast-blue"><strong>[Gen 9] OU is currently suspecting Tera Blast! For information on how to participate check out the <a href="https://www.smogon.com/tools/suspects/view/200">suspect thread</a>.</strong></div>
|j|☆Geyserg
|j|☆arlehk
|t:|1776097355
|gametype|singles
|player|p1|Geyserg|170|1207
|player|p2|arlehk|266|1237
|gen|9
|tier|[Gen 9] OU
|rated|
|rule|HP Percentage Mod: HP is shown in percentages
|rule|Endless Battle Clause: Forcing endless battles is banned
|rule|Species Clause: Limit one of each Pokémon
|rule|OHKO Clause: OHKO moves are banned
|rule|Evasion Items Clause: Evasion items are banned
|rule|Evasion Moves Clause: Evasion moves are banned
|rule|Evasion Abilities Clause: Evasion abilities are banned
|rule|Sleep Moves Clause: Sleep-inducing moves are banned
|clearpoke
|poke|p1|Blaziken, F|
|poke|p1|Greninja-*, M|
|poke|p1|Garganacl, F|
|poke|p1|Noivern, F|
|poke|p1|Scizor, F|
|poke|p1|Dusclops, M|
|poke|p2|Dragapult, M|
|poke|p2|Clefable, F|
|poke|p2|Landorus-Therian, M|
|poke|p2|Iron Hands|
|poke|p2|Iron Treads|
|poke|p2|Conkeldurr, F|
|teampreview
|
|t:|1776097373
|teamsize|p1|6
|teamsize|p2|6
|start
|switch|p1a: Blaziken|Blaziken, F|100/100
|switch|p2a: Conkeldurr|Conkeldurr, F|100/100
|turn|1
|inactive|Battle timer is ON: inactive players will automatically lose when time's up. (requested by arlehk)
|
|t:|1776097386
|move|p1a: Blaziken|Swords Dance|p1a: Blaziken
|-boost|p1a: Blaziken|atk|2
|move|p2a: Conkeldurr|Poison Jab|p1a: Blaziken
|-damage|p1a: Blaziken|41/100
|
|-ability|p1a: Blaziken|Speed Boost|boost
|-boost|p1a: Blaziken|spe|1
|upkeep
|turn|2
|
|t:|1776097412
|move|p2a: Conkeldurr|Mach Punch|p1a: Blaziken
|-damage|p1a: Blaziken|0 fnt
|faint|p1a: Blaziken
|
|upkeep
|
|t:|1776097420
|switch|p1a: Dusclops|Dusclops, M|100/100
|-item|p2a: Conkeldurr|Assault Vest|[from] ability: Frisk|[of] p1a: Dusclops
|turn|3
|
|t:|1776097426
|move|p2a: Conkeldurr|Knock Off|p1a: Dusclops
|-supereffective|p1a: Dusclops
|-damage|p1a: Dusclops|53/100
|-enditem|p1a: Dusclops|Eviolite|[from] move: Knock Off|[of] p2a: Conkeldurr
|move|p1a: Dusclops|Will-O-Wisp|p2a: Conkeldurr
|-status|p2a: Conkeldurr|brn
|
|-damage|p2a: Conkeldurr|94/100 brn|[from] brn
|upkeep
|turn|4
|
|t:|1776097445
|move|p2a: Conkeldurr|Knock Off|p1a: Dusclops
|-supereffective|p1a: Dusclops
|-damage|p1a: Dusclops|27/100
|move|p1a: Dusclops|Pain Split|p2a: Conkeldurr
|-sethp|p2a: Conkeldurr|57/100 brn|[from] move: Pain Split|[silent]
|-sethp|p1a: Dusclops|82/100|[from] move: Pain Split
|
|-damage|p2a: Conkeldurr|50/100 brn|[from] brn
|upkeep
|turn|5
|
|t:|1776097456
|move|p2a: Conkeldurr|Knock Off|p1a: Dusclops
|-supereffective|p1a: Dusclops
|-damage|p1a: Dusclops|56/100
|move|p1a: Dusclops|Hex|p2a: Conkeldurr
|-damage|p2a: Conkeldurr|29/100 brn
|
|-damage|p2a: Conkeldurr|23/100 brn|[from] brn
|upkeep
|turn|6
|
|t:|1776097466
|move|p2a: Conkeldurr|Poison Jab|p1a: Dusclops
|-resisted|p1a: Dusclops
|-damage|p1a: Dusclops|49/100
|move|p1a: Dusclops|Hex|p2a: Conkeldurr
|-damage|p2a: Conkeldurr|0 fnt
|faint|p2a: Conkeldurr
|
|upkeep
|
|t:|1776097474
|switch|p2a: Dragapult|Dragapult, M|100/100
|turn|7
|
|t:|1776097488
|move|p2a: Dragapult|Shadow Ball|p1a: Dusclops
|-supereffective|p1a: Dusclops
|-damage|p1a: Dusclops|0 fnt
|faint|p1a: Dusclops
|
|upkeep
|
|t:|1776097492
|switch|p1a: Greniggá|Greninja, M, shiny|100/100
|turn|8
|
|t:|1776097498
|switch|p2a: Iron Hands|Iron Hands|100/100
|move|p1a: Greniggá|Dark Pulse|p2a: Iron Hands
|-start|p1a: Greniggá|typechange|Dark|[from] ability: Protean
|-resisted|p2a: Iron Hands
|-damage|p2a: Iron Hands|92/100
|
|upkeep
|turn|9
|
|t:|1776097513
|switch|p1a: Garganacl|Garganacl, F|100/100
|move|p2a: Iron Hands|Drain Punch|p1a: Garganacl
|-supereffective|p1a: Garganacl
|-damage|p1a: Garganacl|59/100
|-heal|p2a: Iron Hands|100/100|[from] drain|[of] p1a: Garganacl
|
|-heal|p1a: Garganacl|65/100|[from] item: Leftovers
|upkeep
|turn|10
|
|t:|1776097526
|move|p2a: Iron Hands|Drain Punch|p1a: Garganacl
|-supereffective|p1a: Garganacl
|-damage|p1a: Garganacl|28/100
|move|p1a: Garganacl|Earthquake|p2a: Iron Hands
|-supereffective|p2a: Iron Hands
|-damage|p2a: Iron Hands|76/100
|
|-heal|p1a: Garganacl|34/100|[from] item: Leftovers
|upkeep
|turn|11
|
|t:|1776097536
|move|p2a: Iron Hands|Drain Punch|p1a: Garganacl
|-supereffective|p1a: Garganacl
|-damage|p1a: Garganacl|0 fnt
|-heal|p2a: Iron Hands|89/100|[from] drain|[of] p1a: Garganacl
|faint|p1a: Garganacl
|
|upkeep
|
|t:|1776097545
|switch|p1a: Scizor|Scizor, F|100/100
|turn|12
|
|t:|1776097556
|move|p1a: Scizor|Swords Dance|p1a: Scizor
|-boost|p1a: Scizor|atk|2
|move|p2a: Iron Hands|Drain Punch|p1a: Scizor
|-crit|p1a: Scizor
|-damage|p1a: Scizor|42/100
|-heal|p2a: Iron Hands|100/100|[from] drain|[of] p1a: Scizor
|
|upkeep
|turn|13
|
|t:|1776097574
|move|p1a: Scizor|Close Combat|p2a: Iron Hands
|-damage|p2a: Iron Hands|36/100
|-unboost|p1a: Scizor|def|1
|-unboost|p1a: Scizor|spd|1
|-damage|p1a: Scizor|32/100|[from] item: Life Orb
|move|p2a: Iron Hands|Drain Punch|p1a: Scizor
|-damage|p1a: Scizor|0 fnt
|-heal|p2a: Iron Hands|46/100|[from] drain|[of] p1a: Scizor
|faint|p1a: Scizor
|
|upkeep
|
|t:|1776097594
|switch|p1a: Noivern|Noivern, F|100/100
|turn|14
|
|t:|1776097605
|-terastallize|p1a: Noivern|Normal
|move|p1a: Noivern|Boomburst|p2a: Iron Hands
|-damage|p2a: Iron Hands|3/100
|move|p2a: Iron Hands|Ice Punch|p1a: Noivern
|-damage|p1a: Noivern|69/100
|
|upkeep
|turn|15
|
|t:|1776097613
|move|p1a: Noivern|Boomburst|p2a: Iron Hands
|-damage|p2a: Iron Hands|0 fnt
|faint|p2a: Iron Hands
|-end|p2a: Iron Hands|Quark Drive|[silent]
|
|upkeep
|
|t:|1776097614
|switch|p2a: Dragapult|Dragapult, M|100/100
|turn|16
|
|t:|1776097621
|switch|p1a: Greniggá|Greninja, M, shiny|100/100
|move|p2a: Dragapult|Dragon Pulse|p1a: Greniggá
|-damage|p1a: Greniggá|6/100
|
|upkeep
|turn|17
|
|t:|1776097629
|-terastallize|p2a: Dragapult|Fairy
|move|p2a: Dragapult|Dragon Pulse|p1a: Greniggá
|-damage|p1a: Greniggá|0 fnt
|faint|p1a: Greniggá
|
|upkeep
|
|t:|1776097634
|switch|p1a: Noivern|Noivern, F, tera:Normal|69/100
|turn|18
|
|t:|1776097637
|move|p2a: Dragapult|Dragon Pulse|p1a: Noivern
|-damage|p1a: Noivern|1/100
|move|p1a: Noivern|Boomburst|p2a: Dragapult
|-damage|p2a: Dragapult|0 fnt
|faint|p2a: Dragapult
|
|upkeep
|
|t:|1776097642
|switch|p2a: Iron Treads|Iron Treads|100/100
|turn|19
|
|t:|1776097647
|move|p1a: Noivern|Boomburst|p2a: Iron Treads
|-resisted|p2a: Iron Treads
|-damage|p2a: Iron Treads|66/100
|move|p2a: Iron Treads|Iron Head|p1a: Noivern
|-damage|p1a: Noivern|0 fnt
|faint|p1a: Noivern
|
|win|arlehk
|raw|Geyserg's rating: 1207 &rarr; <strong>1184</strong><br />(-23 for losing)
|raw|arlehk's rating: 1237 &rarr; <strong>1260</strong><br />(+23 for winning)
|l|☆Geyserg
|player|p1|
|l|☆arlehk
|player|p2|
