|html|<div class="broadcast-blue"><strong>[Gen 9] OU is currently suspecting Volcarona! For information on how to participate check out the <a href="https://www.smogon.com/tools/suspects/view/208">suspect thread</a>.</strong></div>
|j|☆lazyhelios
|j|☆doctapeck
|t:|1778516890
|gametype|singles
|player|p1|lazyhelios|101|1255
|player|p2|doctapeck|266|1256
|gen|9
|tier|[Gen 9] OU
|rated|
|rule|HP Percentage Mod: HP is shown in percentages
|rule|Endless Battle Clause: Forcing endless battles is banned
|rule|Species Clause: Limit one of each Pokémon
|rule|OHKO Clause: OHKO moves are banned
|rule|Evasion Items Clause: Evasion items are banned
|rule|Evasion Moves Clause: Evasion moves are banned
|rule|Evasion Abilities Clause: Evasion abilities are banned
|rule|Sleep Moves Clause: Sleep-inducing moves are banned
|clearpoke
|poke|p1|Great Tusk|
|poke|p1|Rotom-Wash|
|poke|p1|Iron Valiant|
|poke|p1|Gholdengo|
|poke|p1|Ogerpon-Wellspring, F|
|poke|p1|Tornadus-Therian, M|
|poke|p2|Excadrill, M|
|poke|p2|Iron Moth|
|poke|p2|Clefable, M|
|poke|p2|Kilowattrel, F|
|poke|p2|Ogerpon-Wellspring, F|
|poke|p2|Dragonite, M|
|teampreview
|inactive|Battle timer is ON: inactive players will automatically lose when time's up. (requested by lazyhelios)
|
|t:|1778516943
|teamsize|p1|6
|teamsize|p2|6
|start
|switch|p1a: In n Out|Tornadus-Therian, M, shiny|100/100
|switch|p2a: Kilowattrel|Kilowattrel, F|100/100
|turn|1
|inactive|lazyhelios has 120 seconds left.
|
|t:|1778516974
|switch|p1a: Rotomulus|Rotom-Wash|100/100
|move|p2a: Kilowattrel|Tailwind|p2a: Kilowattrel
|-sidestart|p2: doctapeck|move: Tailwind
|-start|p2a: Kilowattrel|Charge|Tailwind|[from] ability: Wind Power
|
|upkeep
|turn|2
|inactive|lazyhelios has 120 seconds left.
|
|t:|1778516985
|move|p2a: Kilowattrel|Volt Switch|p1a: Rotomulus
|-damage|p1a: Rotomulus|30/100
|-end|p2a: Kilowattrel|Charge|[silent]
|
|t:|1778516989
|switch|p2a: Dragonite|Dragonite, M|100/100|[from] Volt Switch
|move|p1a: Rotomulus|Volt Switch|p2a: Dragonite
|-damage|p2a: Dragonite|87/100
|
|t:|1778516998
|switch|p1a: Above Average Tusk|Great Tusk|100/100|[from] Volt Switch
|-enditem|p1a: Above Average Tusk|Booster Energy
|-activate|p1a: Above Average Tusk|ability: Protosynthesis|[fromitem]
|-start|p1a: Above Average Tusk|protosynthesisatk
|
|upkeep
|turn|3
|
|t:|1778517011
|move|p2a: Dragonite|Dragon Dance|p2a: Dragonite
|-boost|p2a: Dragonite|atk|1
|-boost|p2a: Dragonite|spe|1
|move|p1a: Above Average Tusk|Ice Spinner|p2a: Dragonite
|-supereffective|p2a: Dragonite
|-damage|p2a: Dragonite|0 fnt
|faint|p2a: Dragonite
|
|upkeep
|
|t:|1778517031
|switch|p2a: Clefable|Clefable, M|100/100
|turn|4
|
|t:|1778517053
|-end|p1a: Above Average Tusk|Protosynthesis|[silent]
|switch|p1a: Rainy Day|Gholdengo, shiny|100/100
|move|p2a: Clefable|Flamethrower|p1a: Rainy Day
|-supereffective|p1a: Rainy Day
|-damage|p1a: Rainy Day|2/100
|
|-sideend|p2: doctapeck|move: Tailwind
|upkeep
|turn|5
|
|t:|1778517069
|switch|p2a: Excadrill|Excadrill, M|100/100
|-ability|p2a: Excadrill|Mold Breaker
|move|p1a: Rainy Day|Make It Rain|p2a: Excadrill
|-resisted|p2a: Excadrill
|-damage|p2a: Excadrill|35/100
|-unboost|p1a: Rainy Day|spa|1
|
|upkeep
|turn|6
|
|t:|1778517083
|switch|p1a: Above Average Tusk|Great Tusk|100/100
|move|p2a: Excadrill|Earthquake|p1a: Above Average Tusk
|-damage|p1a: Above Average Tusk|48/100
|-damage|p2a: Excadrill|25/100|[from] item: Life Orb
|
|upkeep
|turn|7
|
|t:|1778517095
|move|p2a: Excadrill|Earthquake|p1a: Above Average Tusk
|-damage|p1a: Above Average Tusk|0 fnt
|faint|p1a: Above Average Tusk
|-end|p1a: Above Average Tusk|Protosynthesis|[silent]
|-damage|p2a: Excadrill|15/100|[from] item: Life Orb
|
|upkeep
|inactive|lazyhelios has 120 seconds left.
|
|t:|1778517107
|switch|p1a: In n Out|Tornadus-Therian, M, shiny|100/100
|turn|8
|
|t:|1778517115
|move|p1a: In n Out|Air Slash|p2a: Excadrill
|-resisted|p2a: Excadrill
|-damage|p2a: Excadrill|0 fnt
|faint|p2a: Excadrill
|-damage|p1a: In n Out|91/100|[from] item: Life Orb
|
|upkeep
|
|t:|1778517121
|switch|p2a: Kilowattrel|Kilowattrel, F|100/100
|turn|9
|
|t:|1778517136
|move|p2a: Kilowattrel|Thunderbolt|p1a: In n Out
|-supereffective|p1a: In n Out
|-damage|p1a: In n Out|0 fnt
|faint|p1a: In n Out
|
|upkeep
|
|t:|1778517145
|switch|p1a: Ogerbonk|Ogerpon-Wellspring, F|100/100
|turn|10
|
|t:|1778517157
|move|p2a: Kilowattrel|Tailwind|p2a: Kilowattrel
|-sidestart|p2: doctapeck|move: Tailwind
|-start|p2a: Kilowattrel|Charge|Tailwind|[from] ability: Wind Power
|move|p1a: Ogerbonk|Ivy Cudgel|p2a: Kilowattrel|[anim] Ivy Cudgel Water
|-enditem|p2a: Kilowattrel|Focus Sash
|-damage|p2a: Kilowattrel|1/100
|
|upkeep
|turn|11
|
|t:|1778517176
|move|p2a: Kilowattrel|Thunderbolt|p1a: Ogerbonk
|-damage|p1a: Ogerbonk|4/100
|-end|p2a: Kilowattrel|Charge|[silent]
|move|p1a: Ogerbonk|Ivy Cudgel|p2a: Kilowattrel|[anim] Ivy Cudgel Water
|-damage|p2a: Kilowattrel|0 fnt
|faint|p2a: Kilowattrel
|
|upkeep
|
|t:|1778517183
|switch|p2a: Ogerpon|Ogerpon-Wellspring, F|100/100
|turn|12
|
|t:|1778517187
|move|p2a: Ogerpon|U-turn|p1a: Ogerbonk
|-supereffective|p1a: Ogerbonk
|-damage|p1a: Ogerbonk|0 fnt
|faint|p1a: Ogerbonk
|
|t:|1778517201
|switch|p2a: Iron Moth|Iron Moth|100/100|[from] U-turn
|-enditem|p2a: Iron Moth|Booster Energy
|-activate|p2a: Iron Moth|ability: Quark Drive|[fromitem]
|-start|p2a: Iron Moth|quarkdrivespa
|
|upkeep
|
|t:|1778517209
|switch|p1a: Iron Valorant|Iron Valiant|100/100
|-enditem|p1a: Iron Valorant|Booster Energy
|-activate|p1a: Iron Valorant|ability: Quark Drive|[fromitem]
|-start|p1a: Iron Valorant|quarkdrivespe
|turn|13
|
|t:|1778517223
|-terastallize|p1a: Iron Valorant|Ghost
|move|p2a: Iron Moth|Sludge Wave|p1a: Iron Valorant
|-resisted|p1a: Iron Valorant
|-damage|p1a: Iron Valorant|45/100
|move|p1a: Iron Valorant|Calm Mind|p1a: Iron Valorant
|-boost|p1a: Iron Valorant|spa|1
|-boost|p1a: Iron Valorant|spd|1
|
|-sideend|p2: doctapeck|move: Tailwind
|upkeep
|turn|14
|
|t:|1778517240
|move|p1a: Iron Valorant|Shadow Ball|p2a: Iron Moth
|-damage|p2a: Iron Moth|34/100
|move|p2a: Iron Moth|Fiery Dance|p1a: Iron Valorant
|-damage|p1a: Iron Valorant|0 fnt
|faint|p1a: Iron Valorant
|-end|p1a: Iron Valorant|Quark Drive|[silent]
|
|upkeep
|c|☆doctapeck|gg
|-message|lazyhelios forfeited.
|
|win|doctapeck
|raw|lazyhelios's rating: 1255 &rarr; <strong>1230</strong><br />(-25 for losing)
|raw|doctapeck's rating: 1256 &rarr; <strong>1281</strong><br />(+25 for winning)
|l|☆lazyhelios
|player|p1|
|l|☆doctapeck
|player|p2|
