|html|<div class="broadcast-blue"><strong>[Gen 9] OU is currently suspecting Tera Blast! For information on how to participate check out the <a href="https://www.smogon.com/tools/suspects/view/200">suspect thread</a>.</strong></div>
|j|☆A Welcome Guest
|j|☆untilting1877
|t:|1776050346
|gametype|singles
|player|p1|A Welcome Guest|pokemaniac|1780
|player|p2|untilting1877|2|1697
|gen|9
|tier|[Gen 9] OU
|rated|
|rule|HP Percentage Mod: HP is shown in percentages
|rule|Endless Battle Clause: Forcing endless battles is banned
|rule|Species Clause: Limit one of each Pokémon
|rule|OHKO Clause: OHKO moves are banned
|rule|Evasion Items Clause: Evasion items are banned
|rule|Evasion Moves Clause: Evasion moves are banned
|rule|Evasion Abilities Clause: Evasion abilities are banned
|rule|Sleep Moves Clause: Sleep-inducing moves are banned
|clearpoke
|poke|p1|Rillaboom, F|
|poke|p1|Serperior, F|
|poke|p1|Heatran, F|
|poke|p1|Landorus-Therian, M|
|poke|p1|Hatterene, F|
|poke|p1|Dragonite, M|
|poke|p2|Tornadus-Therian, M|
|poke|p2|Tinkaton, F|
|poke|p2|Slowking-Galar, M|
|poke|p2|Sinistcha|
|poke|p2|Weavile, F|
|poke|p2|Volcanion|
|teampreview
|c|☆A Welcome Guest|hf
|
|t:|1776050392
|teamsize|p1|6
|teamsize|p2|6
|start
|switch|p1a: Landorus|Landorus-Therian, M|100/100
|switch|p2a: Tornadus|Tornadus-Therian, M|100/100
|-ability|p1a: Landorus|Intimidate|boost
|-unboost|p2a: Tornadus|atk|1
|turn|1
|
|t:|1776050397
|switch|p2a: Tinkaton|Tinkaton, F|100/100
|-item|p2a: Tinkaton|Air Balloon
|move|p1a: Landorus|U-turn|p2a: Tinkaton
|-resisted|p2a: Tinkaton
|-damage|p2a: Tinkaton|94/100
|-enditem|p2a: Tinkaton|Air Balloon
|-enditem|p1a: Landorus|Choice Scarf|[silent]|[from] ability: Pickpocket|[of] p1a: Landorus
|-item|p2a: Tinkaton|Choice Scarf|[from] ability: Pickpocket|[of] p1a: Landorus
|
|t:|1776050400
|switch|p1a: Heatran|Heatran, F|100/100|[from] U-turn
|
|upkeep
|turn|2
|
|t:|1776050404
|move|p2a: Tinkaton|Stealth Rock|p1a: Heatran
|-sidestart|p1: A Welcome Guest|move: Stealth Rock
|move|p1a: Heatran|Stealth Rock|p2a: Tinkaton
|-sidestart|p2: untilting1877|move: Stealth Rock
|
|upkeep
|turn|3
|
|t:|1776050419
|switch|p2a: Volcanion|Volcanion|100/100
|switch|p1a: Landorus|Landorus-Therian, M|100/100
|-damage|p1a: Landorus|88/100|[from] Stealth Rock
|-ability|p1a: Landorus|Intimidate|boost
|-unboost|p2a: Volcanion|atk|1
|
|upkeep
|turn|4
|
|t:|1776050431
|switch|p2a: Sinistcha|Sinistcha|100/100
|move|p1a: Landorus|Earthquake|p2a: Sinistcha
|-resisted|p2a: Sinistcha
|-damage|p2a: Sinistcha|81/100
|
|upkeep
|turn|5
|
|t:|1776050436
|move|p1a: Landorus|U-turn|p2a: Sinistcha
|-damage|p2a: Sinistcha|63/100
|
|t:|1776050440
|switch|p1a: Heatran|Heatran, F|100/100|[from] U-turn
|-damage|p1a: Heatran|88/100|[from] Stealth Rock
|move|p2a: Sinistcha|Matcha Gotcha|p1a: Heatran
|-resisted|p1a: Heatran
|-damage|p1a: Heatran|83/100
|-heal|p2a: Sinistcha|66/100|[from] drain|[of] p1a: Heatran
|
|-heal|p1a: Heatran|89/100|[from] item: Leftovers
|upkeep
|turn|6
|
|t:|1776050452
|switch|p1a: Landorus|Landorus-Therian, M|88/100
|-damage|p1a: Landorus|76/100|[from] Stealth Rock
|-ability|p1a: Landorus|Intimidate|boost
|-unboost|p2a: Sinistcha|atk|1
|switch|p2a: Volcanion|Volcanion|100/100
|
|upkeep
|turn|7
|
|t:|1776050458
|move|p1a: Landorus|Stone Edge|p2a: Volcanion
|-supereffective|p2a: Volcanion
|-damage|p2a: Volcanion|54/100
|move|p2a: Volcanion|Steam Eruption|p1a: Landorus
|-supereffective|p1a: Landorus
|-damage|p1a: Landorus|0 fnt
|faint|p1a: Landorus
|
|upkeep
|
|t:|1776050470
|switch|p1a: Rillaboom|Rillaboom, F|100/100
|-damage|p1a: Rillaboom|88/100|[from] Stealth Rock
|-fieldstart|move: Grassy Terrain|[from] ability: Grassy Surge|[of] p1a: Rillaboom
|turn|8
|
|t:|1776050474
|switch|p2a: Tinkaton|Tinkaton, F|94/100
|-damage|p2a: Tinkaton|88/100|[from] Stealth Rock
|move|p1a: Rillaboom|Wood Hammer|p2a: Tinkaton
|-resisted|p2a: Tinkaton
|-damage|p2a: Tinkaton|24/100
|-damage|p1a: Rillaboom|65/100|[from] Recoil
|-damage|p1a: Rillaboom|55/100|[from] item: Life Orb
|
|-heal|p2a: Tinkaton|30/100|[from] Grassy Terrain
|-heal|p1a: Rillaboom|61/100|[from] Grassy Terrain
|upkeep
|turn|9
|
|t:|1776050481
|move|p1a: Rillaboom|Grassy Glide|p2a: Tinkaton
|-resisted|p2a: Tinkaton
|-damage|p2a: Tinkaton|0 fnt
|faint|p2a: Tinkaton
|-damage|p1a: Rillaboom|51/100|[from] item: Life Orb
|
|-heal|p1a: Rillaboom|57/100|[from] Grassy Terrain
|upkeep
|
|t:|1776050483
|switch|p2a: Weavile|Weavile, F|100/100
|-ability|p2a: Weavile|Pressure
|turn|10
|
|t:|1776050499
|switch|p1a: Hatterene|Hatterene, F|100/100
|-damage|p1a: Hatterene|88/100|[from] Stealth Rock
|move|p2a: Weavile|Triple Axel|p1a: Hatterene|[miss]
|-miss|p2a: Weavile|p1a: Hatterene
|
|-heal|p1a: Hatterene|94/100|[from] Grassy Terrain
|upkeep
|turn|11
|
|t:|1776050504
|switch|p2a: Slowking|Slowking-Galar, M|100/100
|move|p1a: Hatterene|Nuzzle|p2a: Slowking
|-damage|p2a: Slowking|96/100
|-status|p2a: Slowking|par
|
|-heal|p1a: Hatterene|99/100|[from] Grassy Terrain
|-heal|p2a: Slowking|100/100 par|[from] Grassy Terrain
|upkeep
|turn|12
|
|t:|1776050516
|switch|p1a: Heatran|Heatran, F|89/100
|-damage|p1a: Heatran|77/100|[from] Stealth Rock
|-prepare|p2a: Slowking|Chilly Reception|[premajor]
|move|p2a: Slowking|Chilly Reception|p2a: Slowking
|-weather|Snowscape
|
|t:|1776050519
|switch|p2a: Volcanion|Volcanion|54/100|[from] Chilly Reception
|
|-weather|Snowscape|[upkeep]
|-heal|p1a: Heatran|83/100|[from] Grassy Terrain
|-heal|p1a: Heatran|89/100|[from] item: Leftovers
|-heal|p2a: Volcanion|60/100|[from] Grassy Terrain
|-fieldend|move: Grassy Terrain
|upkeep
|turn|13
|
|t:|1776050522
|move|p1a: Heatran|Taunt|p2a: Volcanion
|-start|p2a: Volcanion|move: Taunt
|move|p2a: Volcanion|Steam Eruption|p1a: Heatran
|-supereffective|p1a: Heatran
|-damage|p1a: Heatran|28/100
|
|-weather|Snowscape|[upkeep]
|-heal|p1a: Heatran|34/100|[from] item: Leftovers
|upkeep
|turn|14
|
|t:|1776050525
|move|p1a: Heatran|Lava Plume|p2a: Volcanion
|-resisted|p2a: Volcanion
|-damage|p2a: Volcanion|52/100
|move|p2a: Volcanion|Steam Eruption|p1a: Heatran
|-supereffective|p1a: Heatran
|-damage|p1a: Heatran|0 fnt
|faint|p1a: Heatran
|
|-weather|Snowscape|[upkeep]
|upkeep
|
|t:|1776050536
|switch|p1a: Rillaboom|Rillaboom, F|57/100
|-damage|p1a: Rillaboom|45/100|[from] Stealth Rock
|-fieldstart|move: Grassy Terrain|[from] ability: Grassy Surge|[of] p1a: Rillaboom
|turn|15
|
|t:|1776050545
|move|p1a: Rillaboom|Swords Dance|p1a: Rillaboom
|-boost|p1a: Rillaboom|atk|2
|move|p2a: Volcanion|Flamethrower|p1a: Rillaboom
|-supereffective|p1a: Rillaboom
|-damage|p1a: Rillaboom|0 fnt
|faint|p1a: Rillaboom
|
|-weather|Snowscape|[upkeep]
|-heal|p2a: Volcanion|58/100|[from] Grassy Terrain
|-end|p2a: Volcanion|move: Taunt
|upkeep
|
|t:|1776050547
|switch|p1a: Serperior|Serperior, F|100/100
|-damage|p1a: Serperior|88/100|[from] Stealth Rock
|turn|16
|
|t:|1776050554
|move|p1a: Serperior|Leaf Storm|p2a: Volcanion
|-damage|p2a: Volcanion|0 fnt
|-boost|p1a: Serperior|spa|2
|faint|p2a: Volcanion
|
|-weather|none
|-heal|p1a: Serperior|94/100|[from] Grassy Terrain
|upkeep
|
|t:|1776050555
|switch|p2a: Slowking|Slowking-Galar, M|100/100 par
|turn|17
|
|t:|1776050557
|move|p1a: Serperior|Leaf Storm|p2a: Slowking
|-resisted|p2a: Slowking
|-damage|p2a: Slowking|62/100 par
|-boost|p1a: Serperior|spa|2
|cant|p2a: Slowking|par
|
|-heal|p1a: Serperior|100/100|[from] Grassy Terrain
|-heal|p2a: Slowking|69/100 par|[from] Grassy Terrain
|upkeep
|turn|18
|
|t:|1776050573
|-terastallize|p1a: Serperior|Grass
|move|p1a: Serperior|Leaf Storm|p2a: Slowking
|-resisted|p2a: Slowking
|-damage|p2a: Slowking|0 fnt
|-boost|p1a: Serperior|spa|2
|faint|p2a: Slowking
|
|upkeep
|
|t:|1776050587
|switch|p2a: Tornadus|Tornadus-Therian, M|100/100
|-damage|p2a: Tornadus|76/100|[from] Stealth Rock
|turn|19
|
|t:|1776050591
|move|p1a: Serperior|Leaf Storm|p2a: Tornadus
|-resisted|p2a: Tornadus
|-damage|p2a: Tornadus|0 fnt
|faint|p2a: Tornadus
|
|-fieldend|move: Grassy Terrain
|upkeep
|
|t:|1776050594
|switch|p2a: Weavile|Weavile, F|100/100
|-ability|p2a: Weavile|Pressure
|turn|20
|
|t:|1776050596
|-terastallize|p2a: Weavile|Ice
|move|p2a: Weavile|Ice Shard|p1a: Serperior
|-supereffective|p1a: Serperior
|-damage|p1a: Serperior|29/100
|move|p1a: Serperior|Leaf Storm|p2a: Weavile
|-damage|p2a: Weavile|0 fnt
|faint|p2a: Weavile
|
|upkeep
|-message|untilting1877 forfeited.
|
|win|A Welcome Guest
|raw|A Welcome Guest's rating: 1780 &rarr; <strong>1795</strong><br />(+15 for winning)
|raw|untilting1877's rating: 1697 &rarr; <strong>1682</strong><br />(-15 for losing)
|l|☆untilting1877
|player|p2|
|c|☆A Welcome Guest|gg
|l|☆A Welcome Guest
|player|p1|
