|html|<div class="broadcast-blue"><strong>[Gen 9] OU is currently suspecting Tera Blast! For information on how to participate check out the <a href="https://www.smogon.com/tools/suspects/view/200">suspect thread</a>.</strong></div>
|j|☆Mac My Cheese
|j|☆carson44game
|t:|1776228652
|gametype|singles
|player|p1|Mac My Cheese|101|1142
|player|p2|carson44game|worker|1222
|gen|9
|tier|[Gen 9] OU
|rated|
|rule|HP Percentage Mod: HP is shown in percentages
|rule|Endless Battle Clause: Forcing endless battles is banned
|rule|Species Clause: Limit one of each Pokémon
|rule|OHKO Clause: OHKO moves are banned
|rule|Evasion Items Clause: Evasion items are banned
|rule|Evasion Moves Clause: Evasion moves are banned
|rule|Evasion Abilities Clause: Evasion abilities are banned
|rule|Sleep Moves Clause: Sleep-inducing moves are banned
|clearpoke
|poke|p1|Ceruledge, M|
|poke|p1|Zamazenta-*|
|poke|p1|Ogerpon-Wellspring, F|
|poke|p1|Glimmora, F|
|poke|p1|Moltres-Galar|
|poke|p1|Hydrapple, F|
|poke|p2|Great Tusk|
|poke|p2|Walking Wake|
|poke|p2|Kingambit, M|
|poke|p2|Venusaur, M|
|poke|p2|Torkoal, F|
|poke|p2|Raging Bolt|
|teampreview
|inactive|Battle timer is ON: inactive players will automatically lose when time's up. (requested by carson44game)
|
|t:|1776228678
|teamsize|p1|6
|teamsize|p2|6
|start
|switch|p1a: allergies|Hydrapple, F, shiny|100/100
|switch|p2a: Spencer Torkoalson|Torkoal, F, shiny|100/100
|-weather|SunnyDay|[from] ability: Drought|[of] p2a: Spencer Torkoalson
|turn|1
|
|t:|1776228686
|move|p1a: allergies|Nasty Plot|p1a: allergies
|-boost|p1a: allergies|spa|2
|move|p2a: Spencer Torkoalson|Stealth Rock|p1a: allergies
|-sidestart|p1: Mac My Cheese|move: Stealth Rock
|
|-weather|SunnyDay|[upkeep]
|upkeep
|turn|2
|
|t:|1776228694
|move|p1a: allergies|Infestation|p2a: Spencer Torkoalson
|-resisted|p2a: Spencer Torkoalson
|-damage|p2a: Spencer Torkoalson|92/100
|-activate|p2a: Spencer Torkoalson|move: Infestation|[of] p1a: allergies
|move|p2a: Spencer Torkoalson|Fire Blast|p1a: allergies|[miss]
|-miss|p2a: Spencer Torkoalson|p1a: allergies
|
|-weather|SunnyDay|[upkeep]
|-damage|p2a: Spencer Torkoalson|80/100|[from] move: Infestation|[partiallytrapped]
|upkeep
|turn|3
|
|t:|1776228702
|move|p1a: allergies|Fickle Beam|p2a: Spencer Torkoalson
|-damage|p2a: Spencer Torkoalson|0 fnt
|faint|p2a: Spencer Torkoalson
|
|-weather|SunnyDay|[upkeep]
|upkeep
|c|☆carson44game|allergies
|c|☆carson44game|#I get it
|
|t:|1776228709
|switch|p2a: Lenyn Sosa|Great Tusk|100/100
|-activate|p2a: Lenyn Sosa|ability: Protosynthesis
|-start|p2a: Lenyn Sosa|protosynthesisatk
|turn|4
|c|☆Mac My Cheese|alergic 2 apples lol
|c|☆carson44game|I laughed
|c|☆carson44game|tuff
|
|t:|1776228726
|move|p2a: Lenyn Sosa|Ice Spinner|p1a: allergies
|-supereffective|p1a: allergies
|-damage|p1a: allergies|0 fnt
|faint|p1a: allergies
|
|-weather|SunnyDay|[upkeep]
|upkeep
|c|☆Mac My Cheese|ty
|c|☆Mac My Cheese|fart i forgot abt ice spinner
|inactive|Mac My Cheese has 120 seconds left.
|
|t:|1776228748
|switch|p1a: Moltres|Moltres-Galar|100/100
|-damage|p1a: Moltres|75/100|[from] Stealth Rock
|turn|5
|c|☆carson44game|Fairs
|c|☆carson44game|It should not have it but
|inactive|Mac My Cheese has 120 seconds left.
|
|t:|1776228761
|-terastallize|p1a: Moltres|Fairy
|-terastallize|p2a: Lenyn Sosa|Water
|move|p1a: Moltres|Agility|p1a: Moltres
|-boost|p1a: Moltres|spe|2
|move|p2a: Lenyn Sosa|Ice Spinner|p1a: Moltres
|-damage|p1a: Moltres|32/100
|-ability|p1a: Moltres|Berserk|boost
|-boost|p1a: Moltres|spa|1
|-enditem|p1a: Moltres|Sitrus Berry|[eat]
|-heal|p1a: Moltres|57/100|[from] item: Sitrus Berry
|
|-weather|SunnyDay|[upkeep]
|upkeep
|turn|6
|c|☆carson44game|Well
|
|t:|1776228775
|move|p1a: Moltres|Fiery Wrath|p2a: Lenyn Sosa
|-damage|p2a: Lenyn Sosa|37/100
|move|p2a: Lenyn Sosa|Headlong Rush|p1a: Moltres
|-damage|p1a: Moltres|0 fnt
|-unboost|p2a: Lenyn Sosa|def|1
|-unboost|p2a: Lenyn Sosa|spd|1
|faint|p1a: Moltres
|
|-weather|SunnyDay|[upkeep]
|upkeep
|inactive|Mac My Cheese has 120 seconds left.
|c|☆Mac My Cheese|ggs i think
|
|t:|1776228789
|switch|p1a: Ogerpon|Ogerpon-Wellspring, F|100/100
|-damage|p1a: Ogerpon|88/100|[from] Stealth Rock
|turn|7
|c|☆carson44game|Maybe
|c|☆carson44game|Im a bad player
|
|t:|1776228796
|move|p1a: Ogerpon|Horn Leech|p2a: Lenyn Sosa
|-supereffective|p2a: Lenyn Sosa
|-damage|p2a: Lenyn Sosa|0 fnt
|-heal|p1a: Ogerpon|100/100|[from] drain|[of] p2a: Lenyn Sosa
|faint|p2a: Lenyn Sosa
|-end|p2a: Lenyn Sosa|Protosynthesis|[silent]
|
|-weather|SunnyDay|[upkeep]
|upkeep
|
|t:|1776228811
|switch|p2a: Miles Mikolas|Venusaur, M|100/100
|turn|8
|
|t:|1776228825
|switch|p1a: Ceruledge|Ceruledge, M|100/100
|-damage|p1a: Ceruledge|76/100|[from] Stealth Rock
|move|p2a: Miles Mikolas|Sludge Bomb|p1a: Ceruledge
|-resisted|p1a: Ceruledge
|-damage|p1a: Ceruledge|46/100
|-damage|p2a: Miles Mikolas|91/100|[from] item: Life Orb
|
|-weather|none
|upkeep
|turn|9
|c|☆carson44game|When dat sun merchant Venasuar get in a serious situation
|
|t:|1776228848
|switch|p2a: Raging Goat|Raging Bolt|100/100
|move|p1a: Ceruledge|Bitter Blade|p2a: Raging Goat
|-resisted|p2a: Raging Goat
|-damage|p2a: Raging Goat|73/100
|-heal|p1a: Ceruledge|64/100|[from] drain|[of] p2a: Raging Goat
|-damage|p1a: Ceruledge|54/100|[from] item: Life Orb
|
|-heal|p2a: Raging Goat|79/100|[from] item: Leftovers
|upkeep
|turn|10
|c|☆Mac My Cheese|raging goat insta u have seen?
|inactive|Mac My Cheese has 120 seconds left.
|
|t:|1776228874
|move|p2a: Raging Goat|Calm Mind|p2a: Raging Goat
|-boost|p2a: Raging Goat|spa|1
|-boost|p2a: Raging Goat|spd|1
|move|p1a: Ceruledge|Poltergeist|p2a: Raging Goat
|-activate|p2a: Raging Goat|move: Poltergeist|Leftovers
|-damage|p2a: Raging Goat|2/100
|-damage|p1a: Ceruledge|44/100|[from] item: Life Orb
|
|-heal|p2a: Raging Goat|8/100|[from] item: Leftovers
|upkeep
|turn|11
|inactive|Mac My Cheese has 120 seconds left.
|
|t:|1776228883
|move|p1a: Ceruledge|Shadow Sneak|p2a: Raging Goat
|-damage|p2a: Raging Goat|0 fnt
|faint|p2a: Raging Goat
|-end|p2a: Raging Goat|Protosynthesis|[silent]
|-damage|p1a: Ceruledge|34/100|[from] item: Life Orb
|
|upkeep
|c|☆carson44game|#wait
|
|t:|1776228891
|switch|p2a: Davis Schneider|Kingambit, M, shiny|100/100
|-activate|p2a: Davis Schneider|ability: Supreme Overlord
|-start|p2a: Davis Schneider|fallen3|[silent]
|-item|p2a: Davis Schneider|Air Balloon
|turn|12
|c|☆Mac My Cheese|no setu
|c|☆carson44game|Yeahj
|c|☆carson44game|I thought you were gonna set up and pray
|inactive|Mac My Cheese has 120 seconds left.
|c|☆carson44game|You win this
|
|t:|1776228911
|switch|p1a: Zamazenta|Zamazenta|100/100
|-damage|p1a: Zamazenta|94/100|[from] Stealth Rock
|-ability|p1a: Zamazenta|Dauntless Shield|boost
|-boost|p1a: Zamazenta|def|1
|move|p2a: Davis Schneider|Kowtow Cleave|p1a: Zamazenta
|-resisted|p1a: Zamazenta
|-crit|p1a: Zamazenta
|-damage|p1a: Zamazenta|58/100
|
|-heal|p1a: Zamazenta|64/100|[from] item: Leftovers
|upkeep
|turn|13
|c|☆Mac My Cheese|prolly maybe not
|inactive|Mac My Cheese has 120 seconds left.
|
|t:|1776228923
|-end|p2a: Davis Schneider|fallen3|[silent]
|switch|p2a: Car Accident|Walking Wake|100/100
|move|p1a: Zamazenta|Body Press|p2a: Car Accident
|-damage|p2a: Car Accident|34/100
|
|-heal|p1a: Zamazenta|71/100|[from] item: Leftovers
|upkeep
|turn|14
|c|☆carson44game|Im about to misplay watch this
|
|t:|1776228933
|move|p1a: Zamazenta|Body Press|p2a: Car Accident
|-damage|p2a: Car Accident|0 fnt
|faint|p2a: Car Accident
|-end|p2a: Car Accident|Protosynthesis|[silent]
|
|-heal|p1a: Zamazenta|77/100|[from] item: Leftovers
|upkeep
|c|☆Mac My Cheese|i think thats it.....
|c|☆carson44game|Why is he so fucking fast
|c|☆carson44game|I missed that
|
|t:|1776228950
|switch|p2a: Miles Mikolas|Venusaur, M|91/100
|turn|15
|c|☆Mac My Cheese|dude it dosent even make snese
|c|☆Mac My Cheese|he is a sheild
|c|☆carson44game|Iguess he a dog
|c|☆Mac My Cheese|basitdon dont get this bruh
|inactive|Mac My Cheese has 120 seconds left.
|c|☆Mac My Cheese|amnd gen 8 power creeep
|c|☆carson44game|Is his base defense super high without the ite
|c|☆carson44game|item
|
|t:|1776228977
|move|p1a: Zamazenta|Body Press|p2a: Miles Mikolas
|-resisted|p2a: Miles Mikolas
|-damage|p2a: Miles Mikolas|56/100
|move|p2a: Miles Mikolas|Toxic|p1a: Zamazenta
|-status|p1a: Zamazenta|tox
|
|-heal|p1a: Zamazenta|83/100 tox|[from] item: Leftovers
|-damage|p1a: Zamazenta|77/100 tox|[from] psn
|upkeep
|turn|16
|inactive|Mac My Cheese has 120 seconds left.
|
|t:|1776228984
|switch|p1a: Glimmora|Glimmora, F|100/100
|-damage|p1a: Glimmora|88/100|[from] Stealth Rock
|move|p2a: Miles Mikolas|Giga Drain|p1a: Glimmora
|-damage|p1a: Glimmora|36/100
|-heal|p2a: Miles Mikolas|83/100|[from] drain|[of] p1a: Glimmora
|-damage|p2a: Miles Mikolas|73/100|[from] item: Life Orb
|
|upkeep
|turn|17
|inactive|Mac My Cheese has 120 seconds left.
|
|t:|1776228996
|move|p1a: Glimmora|Meteor Beam||[still]
|-prepare|p1a: Glimmora|Meteor Beam
|-boost|p1a: Glimmora|spa|1
|-enditem|p1a: Glimmora|Power Herb
|-anim|p1a: Glimmora|Meteor Beam|p2a: Miles Mikolas
|-damage|p2a: Miles Mikolas|0 fnt
|faint|p2a: Miles Mikolas
|
|upkeep
|n|!carson44game|carson44game
|
|t:|1776229013
|switch|p2a: Davis Schneider|Kingambit, M, shiny|100/100
|-activate|p2a: Davis Schneider|ability: Supreme Overlord
|-start|p2a: Davis Schneider|fallen5|[silent]
|-item|p2a: Davis Schneider|Air Balloon
|turn|18
|
|t:|1776229019
|move|p1a: Glimmora|Stealth Rock|p2a: Davis Schneider
|-sidestart|p2: carson44game|move: Stealth Rock
|move|p2a: Davis Schneider|Iron Head|p1a: Glimmora
|-supereffective|p1a: Glimmora
|-damage|p1a: Glimmora|0 fnt
|-activate|p1a: Glimmora|ability: Toxic Debris
|-sidestart|p2: carson44game|move: Toxic Spikes
|faint|p1a: Glimmora
|
|upkeep
|
|t:|1776229031
|switch|p1a: Ceruledge|Ceruledge, M|34/100
|-damage|p1a: Ceruledge|10/100|[from] Stealth Rock
|turn|19
|
|t:|1776229035
|move|p2a: Davis Schneider|Sucker Punch|p1a: Ceruledge
|-supereffective|p1a: Ceruledge
|-damage|p1a: Ceruledge|0 fnt
|faint|p1a: Ceruledge
|
|upkeep
|
|t:|1776229041
|switch|p1a: Zamazenta|Zamazenta|77/100 tox
|-damage|p1a: Zamazenta|71/100 tox|[from] Stealth Rock
|turn|20
|
|t:|1776229047
|move|p1a: Zamazenta|Body Press|p2a: Davis Schneider
|-supereffective|p2a: Davis Schneider
|-damage|p2a: Davis Schneider|0 fnt
|-enditem|p2a: Davis Schneider|Air Balloon
|faint|p2a: Davis Schneider
|-end|p2a: Davis Schneider|fallen5|[silent]
|
|win|Mac My Cheese
