|html|<div class="broadcast-blue"><strong>[Gen 9] OU is currently suspecting Tera Blast! For information on how to participate check out the <a href="https://www.smogon.com/tools/suspects/view/200">suspect thread</a>.</strong></div>
|j|☆blooflazh
|j|☆Geyserg
|t:|1776125743
|gametype|singles
|player|p1|blooflazh|rood|1123
|player|p2|Geyserg|170|1178
|gen|9
|tier|[Gen 9] OU
|rated|
|rule|HP Percentage Mod: HP is shown in percentages
|rule|Endless Battle Clause: Forcing endless battles is banned
|rule|Species Clause: Limit one of each Pokémon
|rule|OHKO Clause: OHKO moves are banned
|rule|Evasion Items Clause: Evasion items are banned
|rule|Evasion Moves Clause: Evasion moves are banned
|rule|Evasion Abilities Clause: Evasion abilities are banned
|rule|Sleep Moves Clause: Sleep-inducing moves are banned
|clearpoke
|poke|p1|Gyarados, F|
|poke|p1|Zapdos|
|poke|p1|Salamence, F|
|poke|p1|Mew|
|poke|p1|Cryogonal|
|poke|p1|Scizor, F|
|poke|p2|Blaziken, F|
|poke|p2|Greninja-*, M|
|poke|p2|Garganacl, M|
|poke|p2|Noivern, M|
|poke|p2|Scizor, M|
|poke|p2|Dusclops, M|
|teampreview
|
|t:|1776125752
|teamsize|p1|6
|teamsize|p2|6
|start
|switch|p1a: Cryogonal|Cryogonal|100/100
|switch|p2a: Garganacl|Garganacl, M|100/100
|turn|1
|
|t:|1776125766
|move|p1a: Cryogonal|Reflect|p1a: Cryogonal
|-sidestart|p1: blooflazh|Reflect
|move|p2a: Garganacl|Salt Cure|p1a: Cryogonal
|-supereffective|p1a: Cryogonal
|-damage|p1a: Cryogonal|76/100
|-start|p1a: Cryogonal|Salt Cure
|
|-damage|p1a: Cryogonal|63/100|[from] Salt Cure
|upkeep
|turn|2
|
|t:|1776125784
|move|p1a: Cryogonal|Freeze-Dry|p2a: Garganacl
|-damage|p2a: Garganacl|77/100
|move|p2a: Garganacl|Salt Cure|p1a: Cryogonal
|-supereffective|p1a: Cryogonal
|-damage|p1a: Cryogonal|41/100
|
|-heal|p2a: Garganacl|84/100|[from] item: Leftovers
|-damage|p1a: Cryogonal|28/100|[from] Salt Cure
|upkeep
|turn|3
|
|t:|1776125800
|switch|p1a: moo2|Mew|100/100
|move|p2a: Garganacl|Salt Cure|p1a: moo2
|-damage|p1a: moo2|93/100
|-start|p1a: moo2|Salt Cure
|
|-heal|p1a: moo2|99/100|[from] item: Leftovers
|-heal|p2a: Garganacl|90/100|[from] item: Leftovers
|-damage|p1a: moo2|86/100|[from] Salt Cure
|upkeep
|turn|4
|c|☆blooflazh|skill
|
|t:|1776125810
|move|p1a: moo2|Dragon Dance|p1a: moo2
|-boost|p1a: moo2|atk|1
|-boost|p1a: moo2|spe|1
|move|p2a: Garganacl|Salt Cure|p1a: moo2
|-damage|p1a: moo2|79/100
|
|-heal|p1a: moo2|85/100|[from] item: Leftovers
|-heal|p2a: Garganacl|96/100|[from] item: Leftovers
|-damage|p1a: moo2|73/100|[from] Salt Cure
|upkeep
|turn|5
|
|t:|1776125825
|switch|p2a: Dusclops|Dusclops, M|100/100
|-item|p1a: moo2|Leftovers|[from] ability: Frisk|[of] p2a: Dusclops
|move|p1a: moo2|Dragon Dance|p1a: moo2
|-boost|p1a: moo2|atk|1
|-boost|p1a: moo2|spe|1
|
|-heal|p1a: moo2|79/100|[from] item: Leftovers
|-damage|p1a: moo2|66/100|[from] Salt Cure
|upkeep
|turn|6
|
|t:|1776125833
|-terastallize|p1a: moo2|Ground
|move|p1a: moo2|Earthquake|p2a: Dusclops
|-damage|p2a: Dusclops|41/100
|move|p2a: Dusclops|Haze|p2a: Dusclops
|-clearallboost
|
|-heal|p1a: moo2|73/100|[from] item: Leftovers
|-damage|p1a: moo2|60/100|[from] Salt Cure
|upkeep
|turn|7
|
|t:|1776125841
|move|p1a: moo2|Dragon Dance|p1a: moo2
|-boost|p1a: moo2|atk|1
|-boost|p1a: moo2|spe|1
|move|p2a: Dusclops|Pain Split|p1a: moo2
|-sethp|p1a: moo2|47/100|[from] move: Pain Split|[silent]
|-sethp|p2a: Dusclops|57/100|[from] move: Pain Split
|
|-heal|p1a: moo2|54/100|[from] item: Leftovers
|-damage|p1a: moo2|41/100|[from] Salt Cure
|upkeep
|turn|8
|
|t:|1776125851
|move|p1a: moo2|Earthquake|p2a: Dusclops
|-damage|p2a: Dusclops|9/100
|move|p2a: Dusclops|Haze|p2a: Dusclops
|-clearallboost
|
|-heal|p1a: moo2|47/100|[from] item: Leftovers
|-damage|p1a: moo2|35/100|[from] Salt Cure
|-sideend|p1: blooflazh|Reflect
|upkeep
|turn|9
|
|t:|1776125860
|move|p1a: moo2|Dragon Dance|p1a: moo2
|-boost|p1a: moo2|atk|1
|-boost|p1a: moo2|spe|1
|move|p2a: Dusclops|Hex|p1a: moo2
|-damage|p1a: moo2|19/100
|
|-heal|p1a: moo2|25/100|[from] item: Leftovers
|-damage|p1a: moo2|13/100|[from] Salt Cure
|upkeep
|turn|10
|
|t:|1776125882
|switch|p2a: Noivern|Noivern, M|100/100
|move|p1a: moo2|Ice Spinner|p2a: Noivern
|-supereffective|p2a: Noivern
|-damage|p2a: Noivern|0 fnt
|faint|p2a: Noivern
|
|-heal|p1a: moo2|19/100|[from] item: Leftovers
|-damage|p1a: moo2|7/100|[from] Salt Cure
|upkeep
|c|☆blooflazh|nah
|
|t:|1776125902
|switch|p2a: Greniggá|Greninja, M, shiny|100/100
|turn|11
|inactive|Battle timer is ON: inactive players will automatically lose when time's up. (requested by Geyserg)
|
|t:|1776125970
|move|p2a: Greniggá|Water Shuriken|p1a: moo2
|-start|p2a: Greniggá|typechange|Water|[from] ability: Protean
|-supereffective|p1a: moo2
|-damage|p1a: moo2|0 fnt
|faint|p1a: moo2
|-hitcount|p1: moo2|1
|
|upkeep
|
|t:|1776125978
|switch|p1a: Zapdos|Zapdos|100/100
|turn|12
|
|t:|1776125981
|switch|p2a: Dusclops|Dusclops, M|9/100
|-item|p1a: Zapdos|Life Orb|[from] ability: Frisk|[of] p2a: Dusclops
|move|p1a: Zapdos|Thunderbolt|p2a: Dusclops
|-crit|p2a: Dusclops
|-damage|p2a: Dusclops|0 fnt
|faint|p2a: Dusclops
|-damage|p1a: Zapdos|91/100|[from] item: Life Orb
|
|upkeep
|
|t:|1776125988
|switch|p2a: Garganacl|Garganacl, M|96/100
|turn|13
|
|t:|1776126006
|switch|p1a: Cryogonal|Cryogonal|28/100
|move|p2a: Garganacl|Salt Cure|p1a: Cryogonal
|-supereffective|p1a: Cryogonal
|-damage|p1a: Cryogonal|0 fnt
|faint|p1a: Cryogonal
|
|-heal|p2a: Garganacl|100/100|[from] item: Leftovers
|upkeep
|
|t:|1776126010
|switch|p1a: Gyarados|Gyarados, F, shiny|100/100
|-ability|p1a: Gyarados|Intimidate|boost
|-unboost|p2a: Garganacl|atk|1
|turn|14
|
|t:|1776126024
|move|p1a: Gyarados|Iron Head|p2a: Garganacl
|-supereffective|p2a: Garganacl
|-damage|p2a: Garganacl|69/100
|move|p2a: Garganacl|Salt Cure|p1a: Gyarados
|-supereffective|p1a: Gyarados
|-damage|p1a: Gyarados|75/100
|-start|p1a: Gyarados|Salt Cure
|
|-heal|p2a: Garganacl|75/100|[from] item: Leftovers
|-damage|p1a: Gyarados|50/100|[from] Salt Cure
|upkeep
|turn|15
|n|‽Geyserg|geyserg
|
|t:|1776126035
|move|p1a: Gyarados|Iron Head|p2a: Garganacl
|-supereffective|p2a: Garganacl
|-damage|p2a: Garganacl|45/100
|move|p2a: Garganacl|Recover|p2a: Garganacl
|-heal|p2a: Garganacl|95/100
|
|-heal|p2a: Garganacl|100/100|[from] item: Leftovers
|-damage|p1a: Gyarados|26/100|[from] Salt Cure
|upkeep
|turn|16
|
|t:|1776126043
|move|p1a: Gyarados|Iron Head|p2a: Garganacl
|-supereffective|p2a: Garganacl
|-damage|p2a: Garganacl|71/100
|move|p2a: Garganacl|Salt Cure|p1a: Gyarados
|-supereffective|p1a: Gyarados
|-damage|p1a: Gyarados|1/100
|
|-heal|p2a: Garganacl|77/100|[from] item: Leftovers
|-damage|p1a: Gyarados|0 fnt|[from] Salt Cure
|faint|p1a: Gyarados
|upkeep
|inactive|blooflazh has 120 seconds left.
|
|t:|1776126073
|switch|p1a: Salamence|Salamence, F, shiny|100/100
|-ability|p1a: Salamence|Intimidate|boost
|-unboost|p2a: Garganacl|atk|1
|turn|17
|
|t:|1776126081
|move|p1a: Salamence|Dragon Dance|p1a: Salamence
|-boost|p1a: Salamence|atk|1
|-boost|p1a: Salamence|spe|1
|move|p2a: Garganacl|Salt Cure|p1a: Salamence
|-supereffective|p1a: Salamence
|-crit|p1a: Salamence
|-damage|p1a: Salamence|52/100
|-start|p1a: Salamence|Salt Cure
|
|-heal|p2a: Garganacl|83/100|[from] item: Leftovers
|-damage|p1a: Salamence|39/100|[from] Salt Cure
|upkeep
|turn|18
|c|☆blooflazh|such a skillful strategy
|inactive|blooflazh has 120 seconds left.
|
|t:|1776126102
|move|p1a: Salamence|Iron Head|p2a: Garganacl
|-supereffective|p2a: Garganacl
|-damage|p2a: Garganacl|34/100
|cant|p2a: Garganacl|flinch
|
|-heal|p2a: Garganacl|40/100|[from] item: Leftovers
|-damage|p1a: Salamence|27/100|[from] Salt Cure
|upkeep
|turn|19
|
|t:|1776126110
|move|p1a: Salamence|Iron Head|p2a: Garganacl
|-supereffective|p2a: Garganacl
|-damage|p2a: Garganacl|0 fnt
|faint|p2a: Garganacl
|
|-damage|p1a: Salamence|14/100|[from] Salt Cure
|upkeep
|
|t:|1776126113
|switch|p2a: Greniggá|Greninja, M, shiny|100/100
|turn|20
|
|t:|1776126134
|move|p2a: Greniggá|Water Shuriken|p1a: Salamence
|-start|p2a: Greniggá|typechange|Water|[from] ability: Protean
|-resisted|p1a: Salamence
|-damage|p1a: Salamence|10/100
|-resisted|p1a: Salamence
|-damage|p1a: Salamence|6/100
|-resisted|p1a: Salamence
|-damage|p1a: Salamence|1/100
|-resisted|p1a: Salamence
|-damage|p1a: Salamence|0 fnt
|faint|p1a: Salamence
|-hitcount|p1: Salamence|4
|
|upkeep
|
|t:|1776126143
|switch|p1a: Zapdos|Zapdos|91/100
|turn|21
|
|t:|1776126148
|move|p2a: Greniggá|Ice Beam|p1a: Zapdos
|-supereffective|p1a: Zapdos
|-damage|p1a: Zapdos|29/100
|move|p1a: Zapdos|Thunderbolt|p2a: Greniggá
|-supereffective|p2a: Greniggá
|-damage|p2a: Greniggá|0 fnt
|faint|p2a: Greniggá
|-damage|p1a: Zapdos|20/100|[from] item: Life Orb
|
|upkeep
|
|t:|1776126155
|switch|p2a: Blaziken|Blaziken, F|100/100
|turn|22
|
|t:|1776126175
|move|p1a: Zapdos|Thunderbolt|p2a: Blaziken
|-damage|p2a: Blaziken|1/100
|-damage|p1a: Zapdos|10/100|[from] item: Life Orb
|move|p2a: Blaziken|Blaze Kick|p1a: Zapdos
|-damage|p1a: Zapdos|0 fnt
|faint|p1a: Zapdos
|-damage|p2a: Blaziken|0 fnt|[from] item: Life Orb
|faint|p2a: Blaziken
|
|upkeep
|inactive|Geyserg has 120 seconds left.
|inactive|Geyserg has 90 seconds left.
|inactive|Geyserg has 60 seconds left.
|c|☆blooflazh|u got clapped bruh
|inactive|Geyserg has 30 seconds left.
|c|☆blooflazh|im waiting bruh
|l|☆blooflazh
|inactive|blooflazh disconnected and has a minute to reconnect!
|player|p1|
|inactive|Geyserg has 20 seconds left.
|inactive|Geyserg has 15 seconds left.
|inactive|Geyserg has 10 seconds left.
|inactive|Geyserg has 5 seconds left.
|j|☆blooflazh
|inactive|blooflazh reconnected.
|player|p1|blooflazh|rood|
|-message|Geyserg lost due to inactivity.
|
|win|blooflazh
