|html|<div class="broadcast-blue"><strong>[Gen 9] OU is currently suspecting Tera Blast! For information on how to participate check out the <a href="https://www.smogon.com/tools/suspects/view/200">suspect thread</a>.</strong></div>
|j|☆doodleker
|j|☆rhwf22
|t:|1776198887
|gametype|singles
|player|p1|doodleker|wattson|
|player|p2|rhwf22|swimmerf-gen4dp|
|gen|9
|tier|[Gen 9] OU
|rule|HP Percentage Mod: HP is shown in percentages
|rule|Endless Battle Clause: Forcing endless battles is banned
|rule|Species Clause: Limit one of each Pokémon
|rule|OHKO Clause: OHKO moves are banned
|rule|Evasion Items Clause: Evasion items are banned
|rule|Evasion Moves Clause: Evasion moves are banned
|rule|Evasion Abilities Clause: Evasion abilities are banned
|rule|Sleep Moves Clause: Sleep-inducing moves are banned
|clearpoke
|poke|p1|Ninetales, F|
|poke|p1|Walking Wake|
|poke|p1|Great Tusk|
|poke|p1|Raging Bolt|
|poke|p1|Lilligant-Hisui, F|
|poke|p1|Heatran, F|
|poke|p2|Zamazenta-*|
|poke|p2|Thwackey, M|
|poke|p2|Ogerpon-Wellspring, F|
|poke|p2|Espeon, M|
|poke|p2|Cinderace, F|
|poke|p2|Polteageist|
|teampreview
|
|t:|1776198894
|teamsize|p1|6
|teamsize|p2|6
|start
|switch|p1a: Ninetales|Ninetales, F, shiny|100/100
|switch|p2a: Polteageist|Polteageist|100/100
|-weather|SunnyDay|[from] ability: Drought|[of] p1a: Ninetales
|turn|1
|
|t:|1776198919
|switch|p1a: Lilligant|Lilligant-Hisui, F, shiny|100/100
|move|p2a: Polteageist|Shell Smash|p2a: Polteageist
|-unboost|p2a: Polteageist|def|1
|-unboost|p2a: Polteageist|spd|1
|-boost|p2a: Polteageist|atk|2
|-boost|p2a: Polteageist|spa|2
|-boost|p2a: Polteageist|spe|2
|-enditem|p2a: Polteageist|White Herb
|-clearnegativeboost|p2a: Polteageist|[silent]
|
|-weather|SunnyDay|[upkeep]
|upkeep
|turn|2
|
|t:|1776198941
|move|p1a: Lilligant|Victory Dance|p1a: Lilligant
|-boost|p1a: Lilligant|atk|1
|-boost|p1a: Lilligant|def|1
|-boost|p1a: Lilligant|spe|1
|move|p2a: Polteageist|Strength Sap|p1a: Lilligant
|-unboost|p1a: Lilligant|atk|1
|
|-weather|SunnyDay|[upkeep]
|upkeep
|turn|3
|
|t:|1776198964
|move|p1a: Lilligant|Victory Dance|p1a: Lilligant
|-boost|p1a: Lilligant|atk|1
|-boost|p1a: Lilligant|def|1
|-boost|p1a: Lilligant|spe|1
|move|p2a: Polteageist|Stored Power|p1a: Lilligant
|-supereffective|p1a: Lilligant
|-damage|p1a: Lilligant|0 fnt
|faint|p1a: Lilligant
|
|-weather|SunnyDay|[upkeep]
|upkeep
|
|t:|1776198978
|switch|p1a: Walking Wake|Walking Wake|100/100
|-activate|p1a: Walking Wake|ability: Protosynthesis
|-start|p1a: Walking Wake|protosynthesisspa
|turn|4
|
|t:|1776198984
|move|p2a: Polteageist|Stored Power|p1a: Walking Wake
|-damage|p1a: Walking Wake|0 fnt
|faint|p1a: Walking Wake
|-end|p1a: Walking Wake|Protosynthesis|[silent]
|
|-weather|SunnyDay|[upkeep]
|upkeep
|
|t:|1776198990
|switch|p1a: Heatran|Heatran, F, shiny|100/100
|turn|5
|
|t:|1776198998
|move|p2a: Polteageist|Stored Power|p1a: Heatran
|-resisted|p1a: Heatran
|-damage|p1a: Heatran|70/100
|move|p1a: Heatran|Magma Storm|p2a: Polteageist|[miss]
|-miss|p1a: Heatran|p2a: Polteageist
|
|-weather|SunnyDay|[upkeep]
|-heal|p1a: Heatran|76/100|[from] item: Leftovers
|upkeep
|turn|6
|
|t:|1776199007
|move|p2a: Polteageist|Stored Power|p1a: Heatran
|-resisted|p1a: Heatran
|-damage|p1a: Heatran|42/100
|move|p1a: Heatran|Magma Storm|p2a: Polteageist
|-damage|p2a: Polteageist|23/100
|-activate|p2a: Polteageist|move: Magma Storm|[of] p1a: Heatran
|
|-weather|SunnyDay|[upkeep]
|-heal|p1a: Heatran|49/100|[from] item: Leftovers
|-damage|p2a: Polteageist|11/100|[from] move: Magma Storm|[partiallytrapped]
|upkeep
|turn|7
|
|t:|1776199020
|move|p2a: Polteageist|Memento|p1a: Heatran
|-unboost|p1a: Heatran|atk|2
|-unboost|p1a: Heatran|spa|2
|faint|p2a: Polteageist
|move|p1a: Heatran|Will-O-Wisp|p2: Polteageist|[notarget]
|-fail|p1a: Heatran
|
|-weather|SunnyDay|[upkeep]
|-heal|p1a: Heatran|55/100|[from] item: Leftovers
|upkeep
|
|t:|1776199035
|switch|p2a: Thwackey|Thwackey, M|100/100
|-fieldstart|move: Grassy Terrain|[from] ability: Grassy Surge|[of] p2a: Thwackey
|turn|8
|
|t:|1776199045
|move|p2a: Thwackey|Fake Out|p1a: Heatran
|-resisted|p1a: Heatran
|-crit|p1a: Heatran
|-damage|p1a: Heatran|50/100
|cant|p1a: Heatran|flinch
|
|-weather|none
|-heal|p1a: Heatran|56/100|[from] Grassy Terrain
|-heal|p1a: Heatran|62/100|[from] item: Leftovers
|upkeep
|turn|9
|
|t:|1776199057
|move|p2a: Thwackey|Knock Off|p1a: Heatran
|-damage|p1a: Heatran|46/100
|-enditem|p1a: Heatran|Leftovers|[from] move: Knock Off|[of] p2a: Thwackey
|move|p1a: Heatran|Magma Storm|p2a: Thwackey
|-supereffective|p2a: Thwackey
|-damage|p2a: Thwackey|66/100
|-activate|p2a: Thwackey|move: Magma Storm|[of] p1a: Heatran
|
|-heal|p2a: Thwackey|73/100|[from] Grassy Terrain
|-heal|p1a: Heatran|52/100|[from] Grassy Terrain
|-damage|p2a: Thwackey|60/100|[from] move: Magma Storm|[partiallytrapped]
|upkeep
|turn|10
|
|t:|1776199076
|move|p2a: Thwackey|Knock Off|p1a: Heatran
|-damage|p1a: Heatran|40/100
|move|p1a: Heatran|Will-O-Wisp|p2a: Thwackey
|-status|p2a: Thwackey|brn
|
|-heal|p2a: Thwackey|66/100 brn|[from] Grassy Terrain
|-heal|p1a: Heatran|46/100|[from] Grassy Terrain
|-damage|p2a: Thwackey|60/100 brn|[from] brn
|-damage|p2a: Thwackey|48/100 brn|[from] move: Magma Storm|[partiallytrapped]
|upkeep
|turn|11
|
|t:|1776199089
|switch|p1a: Ninetales|Ninetales, F, shiny|100/100
|-weather|SunnyDay|[from] ability: Drought|[of] p1a: Ninetales
|move|p2a: Thwackey|U-turn|p1a: Ninetales
|-resisted|p1a: Ninetales
|-damage|p1a: Ninetales|96/100
|
|t:|1776199100
|switch|p2a: Zamazenta|Zamazenta|100/100|[from] U-turn
|-ability|p2a: Zamazenta|Dauntless Shield|boost
|-boost|p2a: Zamazenta|def|1
|-enditem|p2a: Zamazenta|Grassy Seed
|-boost|p2a: Zamazenta|def|1|[from] item: Grassy Seed
|
|-weather|SunnyDay|[upkeep]
|-heal|p1a: Ninetales|100/100|[from] Grassy Terrain
|upkeep
|turn|12
|
|t:|1776199129
|switch|p1a: Raging Bolt|Raging Bolt|100/100
|-activate|p1a: Raging Bolt|ability: Protosynthesis
|-start|p1a: Raging Bolt|protosynthesisspa
|move|p2a: Zamazenta|Body Press|p1a: Raging Bolt
|-damage|p1a: Raging Bolt|32/100
|
|-weather|SunnyDay|[upkeep]
|-heal|p1a: Raging Bolt|39/100|[from] Grassy Terrain
|-heal|p1a: Raging Bolt|45/100|[from] item: Leftovers
|-fieldend|move: Grassy Terrain
|upkeep
|turn|13
|
|t:|1776199147
|move|p1a: Raging Bolt|Thunderclap|p2a: Zamazenta
|-damage|p2a: Zamazenta|52/100
|move|p2a: Zamazenta|Body Press|p1a: Raging Bolt
|-damage|p1a: Raging Bolt|0 fnt
|faint|p1a: Raging Bolt
|-end|p1a: Raging Bolt|Protosynthesis|[silent]
|
|-weather|SunnyDay|[upkeep]
|upkeep
|
|t:|1776199168
|switch|p1a: Heatran|Heatran, F, shiny|46/100
|turn|14
|
|t:|1776199173
|-terastallize|p1a: Heatran|Ghost
|move|p2a: Zamazenta|Body Press|p1a: Heatran
|-immune|p1a: Heatran
|move|p1a: Heatran|Magma Storm|p2a: Zamazenta|[miss]
|-miss|p1a: Heatran|p2a: Zamazenta
|
|-weather|SunnyDay|[upkeep]
|upkeep
|turn|15
|
|t:|1776199184
|move|p2a: Zamazenta|Crunch|p1a: Heatran
|-supereffective|p1a: Heatran
|-damage|p1a: Heatran|11/100
|move|p1a: Heatran|Magma Storm|p2a: Zamazenta|[miss]
|-miss|p1a: Heatran|p2a: Zamazenta
|
|-weather|SunnyDay|[upkeep]
|upkeep
|turn|16
|-message|doodleker forfeited.
|
|win|rhwf22
|l|☆doodleker
|player|p1|
