|html|<div class="broadcast-blue"><strong>[Gen 9] OU is currently suspecting Volcarona! For information on how to participate check out the <a href="https://www.smogon.com/tools/suspects/view/208">suspect thread</a>.</strong></div>
|j|☆JuniorSharks34
|j|☆idleworshipper
|t:|1778507428
|gametype|singles
|player|p1|JuniorSharks34|magmagrunt|1385
|player|p2|idleworshipper|102|1351
|gen|9
|tier|[Gen 9] OU
|rated|
|rule|HP Percentage Mod: HP is shown in percentages
|rule|Endless Battle Clause: Forcing endless battles is banned
|rule|Species Clause: Limit one of each Pokémon
|rule|OHKO Clause: OHKO moves are banned
|rule|Evasion Items Clause: Evasion items are banned
|rule|Evasion Moves Clause: Evasion moves are banned
|rule|Evasion Abilities Clause: Evasion abilities are banned
|rule|Sleep Moves Clause: Sleep-inducing moves are banned
|clearpoke
|poke|p1|Volcarona, F|
|poke|p1|Ting-Lu|
|poke|p1|Kingambit, F|
|poke|p1|Gholdengo|
|poke|p1|Dragonite, M|
|poke|p1|Ogerpon-Wellspring, F|
|poke|p2|Frosmoth, F|
|poke|p2|Volcarona, M|
|poke|p2|Slither Wing|
|poke|p2|Vivillon-Fancy, M|
|poke|p2|Iron Moth|
|poke|p2|Venomoth, M|
|teampreview
|inactive|Battle timer is ON: inactive players will automatically lose when time's up. (requested by JuniorSharks34)
|
|t:|1778507438
|teamsize|p1|6
|teamsize|p2|6
|start
|switch|p1a: Gholdengo|Gholdengo|100/100
|switch|p2a: Venomoth|Venomoth, M|100/100
|turn|1
|
|t:|1778507441
|move|p1a: Gholdengo|Trick|p2a: Venomoth
|-activate|p1a: Gholdengo|move: Trick|[of] p2a: Venomoth
|-item|p2a: Venomoth|Choice Scarf|[from] move: Trick
|-item|p1a: Gholdengo|Focus Sash|[from] move: Trick
|move|p2a: Venomoth|Toxic Spikes|p1a: Gholdengo
|-sidestart|p1: JuniorSharks34|move: Toxic Spikes
|
|upkeep
|turn|2
|
|t:|1778507448
|switch|p1a: Volcarona|Volcarona, F|100/100
|move|p2a: Venomoth|Toxic Spikes|p1a: Volcarona
|-sidestart|p1: JuniorSharks34|move: Toxic Spikes
|
|upkeep
|turn|3
|
|t:|1778507465
|switch|p2a: Vivillon|Vivillon-Fancy, M, shiny|100/100
|move|p1a: Volcarona|Quiver Dance|p1a: Volcarona
|-boost|p1a: Volcarona|spa|1
|-boost|p1a: Volcarona|spd|1
|-boost|p1a: Volcarona|spe|1
|
|upkeep
|turn|4
|
|t:|1778507474
|-terastallize|p1a: Volcarona|Fairy
|move|p1a: Volcarona|Quiver Dance|p1a: Volcarona
|-boost|p1a: Volcarona|spa|1
|-boost|p1a: Volcarona|spd|1
|-boost|p1a: Volcarona|spe|1
|move|p2a: Vivillon|Hurricane|p1a: Volcarona
|-damage|p1a: Volcarona|77/100
|-start|p1a: Volcarona|confusion
|
|upkeep
|turn|5
|
|t:|1778507480
|-activate|p1a: Volcarona|confusion
|move|p1a: Volcarona|Bug Buzz|p2a: Vivillon
|-resisted|p2a: Vivillon
|-damage|p2a: Vivillon|4/100
|move|p2a: Vivillon|U-turn|p1a: Volcarona
|-resisted|p1a: Volcarona
|-damage|p1a: Volcarona|68/100
|
|t:|1778507498
|switch|p2a: Slither Wing|Slither Wing|100/100|[from] U-turn
|
|upkeep
|turn|6
|
|t:|1778507504
|move|p2a: Slither Wing|First Impression|p1a: Volcarona
|-resisted|p1a: Volcarona
|-damage|p1a: Volcarona|16/100
|-activate|p1a: Volcarona|confusion
|-damage|p1a: Volcarona|9/100|[from] confusion
|
|upkeep
|turn|7
|
|t:|1778507510
|-end|p2a: Slither Wing|Protosynthesis|[silent]
|switch|p2a: Vivillon|Vivillon-Fancy, M, shiny|4/100
|-activate|p1a: Volcarona|confusion
|-damage|p1a: Volcarona|2/100|[from] confusion
|
|upkeep
|turn|8
|c|☆JuniorSharks34|breh
|
|t:|1778507519
|-end|p1a: Volcarona|confusion
|move|p1a: Volcarona|Bug Buzz|p2a: Vivillon
|-resisted|p2a: Vivillon
|-damage|p2a: Vivillon|0 fnt
|faint|p2a: Vivillon
|
|upkeep
|
|t:|1778507521
|switch|p2a: Slither Wing|Slither Wing|100/100
|turn|9
|
|t:|1778507523
|move|p2a: Slither Wing|First Impression|p1a: Volcarona
|-resisted|p1a: Volcarona
|-damage|p1a: Volcarona|0 fnt
|-status|p2a: Slither Wing|brn|[from] ability: Flame Body|[of] p1a: Volcarona
|faint|p1a: Volcarona
|
|-damage|p2a: Slither Wing|94/100 brn|[from] brn
|upkeep
|
|t:|1778507529
|switch|p1a: Gholdengo|Gholdengo|100/100
|turn|10
|
|t:|1778507536
|-end|p2a: Slither Wing|Protosynthesis|[silent]
|switch|p2a: Venomoth|Venomoth, M|100/100
|move|p1a: Gholdengo|Shadow Ball|p2a: Venomoth
|-damage|p2a: Venomoth|31/100
|
|upkeep
|turn|11
|
|t:|1778507543
|move|p2a: Venomoth|Bug Buzz|p1a: Gholdengo
|-resisted|p1a: Gholdengo
|-damage|p1a: Gholdengo|80/100
|move|p1a: Gholdengo|Trick|p2a: Venomoth
|-activate|p1a: Gholdengo|move: Trick|[of] p2a: Venomoth
|-item|p2a: Venomoth|Focus Sash|[from] move: Trick
|-item|p1a: Gholdengo|Choice Scarf|[from] move: Trick
|
|upkeep
|turn|12
|
|t:|1778507546
|move|p1a: Gholdengo|Shadow Ball|p2a: Venomoth
|-damage|p2a: Venomoth|0 fnt
|faint|p2a: Venomoth
|
|upkeep
|
|t:|1778507557
|switch|p2a: Iron Moth|Iron Moth|100/100
|turn|13
|
|t:|1778507566
|switch|p1a: Ting-Lu|Ting-Lu|100/100
|-status|p1a: Ting-Lu|tox
|-ability|p1a: Ting-Lu|Vessel of Ruin
|move|p2a: Iron Moth|Fiery Dance|p1a: Ting-Lu
|-damage|p1a: Ting-Lu|75/100 tox
|
|-damage|p1a: Ting-Lu|68/100 tox|[from] psn
|upkeep
|turn|14
|
|t:|1778507575
|-end|p2a: Iron Moth|Quark Drive|[silent]
|switch|p2a: Slither Wing|Slither Wing|94/100 brn
|move|p1a: Ting-Lu|Stealth Rock|p2a: Slither Wing
|-sidestart|p2: idleworshipper|move: Stealth Rock
|
|-damage|p1a: Ting-Lu|56/100 tox|[from] psn
|-damage|p2a: Slither Wing|88/100 brn|[from] brn
|upkeep
|turn|15
|
|t:|1778507583
|move|p2a: Slither Wing|Leech Life|p1a: Ting-Lu
|-supereffective|p1a: Ting-Lu
|-crit|p1a: Ting-Lu
|-damage|p1a: Ting-Lu|0 fnt
|-heal|p2a: Slither Wing|100/100 brn|[from] drain|[of] p1a: Ting-Lu
|-damage|p2a: Slither Wing|84/100 brn|[from] item: Rocky Helmet|[of] p1a: Ting-Lu
|faint|p1a: Ting-Lu
|
|-damage|p2a: Slither Wing|78/100 brn|[from] brn
|upkeep
|
|t:|1778507588
|switch|p1a: Dragonite|Dragonite, M|100/100
|turn|16
|
|t:|1778507597
|-end|p2a: Slither Wing|Protosynthesis|[silent]
|switch|p2a: Iron Moth|Iron Moth|100/100
|-damage|p2a: Iron Moth|76/100|[from] Stealth Rock
|move|p1a: Dragonite|Dragon Dance|p1a: Dragonite
|-boost|p1a: Dragonite|atk|1
|-boost|p1a: Dragonite|spe|1
|
|upkeep
|turn|17
|
|t:|1778507613
|move|p2a: Iron Moth|Hurricane|p1a: Dragonite
|-damage|p1a: Dragonite|74/100
|-start|p1a: Dragonite|confusion
|-activate|p1a: Dragonite|confusion
|-damage|p1a: Dragonite|51/100|[from] confusion
|
|upkeep
|turn|18
|
|t:|1778507621
|move|p2a: Iron Moth|Hurricane|p1a: Dragonite
|-damage|p1a: Dragonite|0 fnt
|faint|p1a: Dragonite
|
|upkeep
|
|t:|1778507630
|switch|p1a: Gholdengo|Gholdengo|80/100
|turn|19
|c|☆idleworshipper|These confusions are nasty
|
|t:|1778507640
|move|p1a: Gholdengo|Shadow Ball|p2a: Iron Moth
|-damage|p2a: Iron Moth|31/100
|move|p2a: Iron Moth|Hurricane|p1a: Gholdengo|[miss]
|-miss|p2a: Iron Moth|p1a: Gholdengo
|
|upkeep
|turn|20
|c|☆JuniorSharks34|tell me ab it
|
|t:|1778507650
|move|p1a: Gholdengo|Shadow Ball|p2a: Iron Moth
|-damage|p2a: Iron Moth|0 fnt
|faint|p2a: Iron Moth
|-end|p2a: Iron Moth|Quark Drive|[silent]
|
|upkeep
|
|t:|1778507654
|switch|p2a: Volcarona|Volcarona, M|100/100
|turn|21
|
|t:|1778507656
|move|p1a: Gholdengo|Shadow Ball|p2a: Volcarona
|-damage|p2a: Volcarona|60/100
|move|p2a: Volcarona|Quiver Dance|p2a: Volcarona
|-boost|p2a: Volcarona|spa|1
|-boost|p2a: Volcarona|spd|1
|-boost|p2a: Volcarona|spe|1
|
|upkeep
|turn|22
|
|t:|1778507661
|move|p1a: Gholdengo|Shadow Ball|p2a: Volcarona
|-damage|p2a: Volcarona|37/100
|move|p2a: Volcarona|Fiery Dance|p1a: Gholdengo
|-supereffective|p1a: Gholdengo
|-damage|p1a: Gholdengo|0 fnt
|-boost|p2a: Volcarona|spa|1
|faint|p1a: Gholdengo
|
|upkeep
|
|t:|1778507665
|switch|p1a: Kingambit|Kingambit, F|100/100
|-activate|p1a: Kingambit|ability: Supreme Overlord
|-start|p1a: Kingambit|fallen4|[silent]
|turn|23
|
|t:|1778507669
|-terastallize|p2a: Volcarona|Fairy
|move|p1a: Kingambit|Sucker Punch|p2a: Volcarona
|-resisted|p2a: Volcarona
|-damage|p2a: Volcarona|7/100
|move|p2a: Volcarona|Fiery Dance|p1a: Kingambit
|-supereffective|p1a: Kingambit
|-crit|p1a: Kingambit
|-damage|p1a: Kingambit|0 fnt
|faint|p1a: Kingambit
|-end|p1a: Kingambit|fallen4|[silent]
|
|upkeep
|
|t:|1778507675
|switch|p1a: Ogerpon|Ogerpon-Wellspring, F|100/100
|-status|p1a: Ogerpon|tox
|turn|24
|
|t:|1778507678
|move|p2a: Volcarona|Bug Buzz|p1a: Ogerpon
|-supereffective|p1a: Ogerpon
|-damage|p1a: Ogerpon|0 fnt
|faint|p1a: Ogerpon
|
|win|idleworshipper
|raw|JuniorSharks34's rating: 1385 &rarr; <strong>1363</strong><br />(-22 for losing)
|raw|idleworshipper's rating: 1351 &rarr; <strong>1373</strong><br />(+22 for winning)
|l|☆JuniorSharks34
|player|p1|
|l|☆idleworshipper
|player|p2|
