|html|<div class="broadcast-blue"><strong>[Gen 9] OU is currently suspecting Tera Blast! For information on how to participate check out the <a href="https://www.smogon.com/tools/suspects/view/200">suspect thread</a>.</strong></div>
|j|☆vzn.exe
|j|☆tyneham
|t:|1776078693
|gametype|singles
|player|p1|vzn.exe|lusamine-nihilego|1360
|player|p2|tyneham|2|1390
|gen|9
|tier|[Gen 9] OU
|rated|
|rule|HP Percentage Mod: HP is shown in percentages
|rule|Endless Battle Clause: Forcing endless battles is banned
|rule|Species Clause: Limit one of each Pokémon
|rule|OHKO Clause: OHKO moves are banned
|rule|Evasion Items Clause: Evasion items are banned
|rule|Evasion Moves Clause: Evasion moves are banned
|rule|Evasion Abilities Clause: Evasion abilities are banned
|rule|Sleep Moves Clause: Sleep-inducing moves are banned
|clearpoke
|poke|p1|Ting-Lu|
|poke|p1|Zamazenta-*|
|poke|p1|Ogerpon-Wellspring, F|
|poke|p1|Dragonite, F|
|poke|p1|Gholdengo|
|poke|p1|Iron Treads|
|poke|p2|Ceruledge, F|
|poke|p2|Ninetales, F|
|poke|p2|Araquanid, M|
|poke|p2|Walking Wake|
|poke|p2|Comfey, M|
|poke|p2|Hydreigon, M|
|teampreview
|inactive|Battle timer is ON: inactive players will automatically lose when time's up. (requested by tyneham)
|
|t:|1776078711
|teamsize|p1|6
|teamsize|p2|6
|start
|switch|p1a: Ting-Lu|Ting-Lu|100/100
|switch|p2a: Hydreigon|Hydreigon, M|100/100
|-ability|p1a: Ting-Lu|Vessel of Ruin
|turn|1
|inactive|vzn.exe also wants the timer to be on.
|
|t:|1776078728
|switch|p2a: Araquanid|Araquanid, M|100/100
|move|p1a: Ting-Lu|Stealth Rock|p2a: Araquanid
|-sidestart|p2: tyneham|move: Stealth Rock
|
|upkeep
|turn|2
|
|t:|1776078744
|move|p2a: Araquanid|Sticky Web|p1a: Ting-Lu
|-sidestart|p1: vzn.exe|move: Sticky Web
|move|p1a: Ting-Lu|Ruination|p2a: Araquanid
|-damage|p2a: Araquanid|50/100
|-enditem|p2a: Araquanid|Red Card|[of] p1a: Ting-Lu
|drag|p1a: Ogerpon|Ogerpon-Wellspring, F|100/100
|-activate|p1a: Ogerpon|move: Sticky Web
|-unboost|p1a: Ogerpon|spe|1
|
|upkeep
|turn|3
|
|t:|1776078762
|switch|p1a: Zamazenta|Zamazenta|100/100
|-activate|p1a: Zamazenta|move: Sticky Web
|-unboost|p1a: Zamazenta|spe|1
|-ability|p1a: Zamazenta|Dauntless Shield|boost
|-boost|p1a: Zamazenta|def|1
|move|p2a: Araquanid|Endeavor|p1a: Zamazenta
|-damage|p1a: Zamazenta|52/100
|
|-heal|p1a: Zamazenta|58/100|[from] item: Leftovers
|upkeep
|turn|4
|inactive|vzn.exe has 120 seconds left.
|
|t:|1776078779
|move|p1a: Zamazenta|Body Press|p2a: Araquanid
|-resisted|p2a: Araquanid
|-damage|p2a: Araquanid|20/100
|move|p2a: Araquanid|Surf|p1a: Zamazenta
|-damage|p1a: Zamazenta|19/100
|
|-heal|p1a: Zamazenta|25/100|[from] item: Leftovers
|upkeep
|turn|5
|
|t:|1776078791
|move|p1a: Zamazenta|Body Press|p2a: Araquanid
|-resisted|p2a: Araquanid
|-damage|p2a: Araquanid|0 fnt
|faint|p2a: Araquanid
|
|-heal|p1a: Zamazenta|31/100|[from] item: Leftovers
|upkeep
|
|t:|1776078793
|switch|p2a: Ninetales|Ninetales, F|100/100
|-damage|p2a: Ninetales|76/100|[from] Stealth Rock
|-weather|SunnyDay|[from] ability: Drought|[of] p2a: Ninetales
|turn|6
|
|t:|1776078809
|switch|p2a: Comfey|Comfey, M|100/100
|-damage|p2a: Comfey|88/100|[from] Stealth Rock
|switch|p1a: Ting-Lu|Ting-Lu|100/100
|-activate|p1a: Ting-Lu|move: Sticky Web
|-unboost|p1a: Ting-Lu|spe|1
|-ability|p1a: Ting-Lu|Vessel of Ruin
|
|-weather|SunnyDay|[upkeep]
|upkeep
|turn|7
|inactive|vzn.exe has 120 seconds left.
|
|t:|1776078826
|move|p2a: Comfey|Growth|p2a: Comfey
|-boost|p2a: Comfey|atk|2
|-boost|p2a: Comfey|spa|2
|move|p1a: Ting-Lu|Ruination|p2a: Comfey
|-damage|p2a: Comfey|44/100
|
|-weather|SunnyDay|[upkeep]
|upkeep
|turn|8
|inactive|vzn.exe has 120 seconds left.
|
|t:|1776078844
|switch|p1a: Gholdengo|Gholdengo|100/100
|-activate|p1a: Gholdengo|move: Sticky Web
|-unboost|p1a: Gholdengo|spe|1
|move|p2a: Comfey|Draining Kiss|p1a: Gholdengo
|-resisted|p1a: Gholdengo
|-damage|p1a: Gholdengo|67/100
|-heal|p2a: Comfey|70/100|[from] drain|[of] p1a: Gholdengo
|-damage|p2a: Comfey|60/100|[from] item: Life Orb
|
|-weather|SunnyDay|[upkeep]
|upkeep
|turn|9
|inactive|vzn.exe has 120 seconds left.
|
|t:|1776078862
|-terastallize|p2a: Comfey|Steel
|move|p1a: Gholdengo|Make It Rain|p2a: Comfey
|-resisted|p2a: Comfey
|-damage|p2a: Comfey|26/100
|-unboost|p1a: Gholdengo|spa|1
|move|p2a: Comfey|Growth|p2a: Comfey
|-boost|p2a: Comfey|atk|2
|-boost|p2a: Comfey|spa|2
|
|-weather|SunnyDay|[upkeep]
|upkeep
|turn|10
|
|t:|1776078878
|switch|p1a: Zamazenta|Zamazenta|31/100
|-activate|p1a: Zamazenta|move: Sticky Web
|-unboost|p1a: Zamazenta|spe|1
|move|p2a: Comfey|Synthesis|p2a: Comfey
|-heal|p2a: Comfey|93/100
|
|-weather|SunnyDay|[upkeep]
|-heal|p1a: Zamazenta|37/100|[from] item: Leftovers
|upkeep
|turn|11
|
|t:|1776078887
|move|p2a: Comfey|Draining Kiss|p1a: Zamazenta
|-supereffective|p1a: Zamazenta
|-damage|p1a: Zamazenta|0 fnt
|-heal|p2a: Comfey|100/100|[from] drain|[of] p1a: Zamazenta
|faint|p1a: Zamazenta
|-damage|p2a: Comfey|91/100|[from] item: Life Orb
|
|-weather|SunnyDay|[upkeep]
|upkeep
|
|t:|1776078896
|switch|p1a: Iron Treads|Iron Treads|100/100
|-item|p1a: Iron Treads|Air Balloon
|turn|12
|
|t:|1776078906
|move|p1a: Iron Treads|Earthquake|p2a: Comfey
|-supereffective|p2a: Comfey
|-damage|p2a: Comfey|0 fnt
|faint|p2a: Comfey
|
|-weather|SunnyDay|[upkeep]
|upkeep
|
|t:|1776078912
|switch|p2a: Hydreigon|Hydreigon, M|100/100
|-damage|p2a: Hydreigon|88/100|[from] Stealth Rock
|turn|13
|inactive|vzn.exe has 120 seconds left.
|
|t:|1776078929
|move|p1a: Iron Treads|Rapid Spin|p2a: Hydreigon
|-damage|p2a: Hydreigon|72/100
|-boost|p1a: Iron Treads|spe|1
|-sideend|p1: vzn.exe|Sticky Web|[from] move: Rapid Spin|[of] p1a: Iron Treads
|move|p2a: Hydreigon|Draco Meteor|p1a: Iron Treads
|-resisted|p1a: Iron Treads
|-damage|p1a: Iron Treads|41/100
|-unboost|p2a: Hydreigon|spa|2
|-enditem|p1a: Iron Treads|Air Balloon
|
|-weather|none
|upkeep
|turn|14
|inactive|vzn.exe has 120 seconds left.
|
|t:|1776078946
|move|p1a: Iron Treads|Knock Off|p2a: Hydreigon
|-resisted|p2a: Hydreigon
|-damage|p2a: Hydreigon|57/100
|-enditem|p2a: Hydreigon|Choice Specs|[from] move: Knock Off|[of] p1a: Iron Treads
|move|p2a: Hydreigon|Draco Meteor|p1a: Iron Treads
|-resisted|p1a: Iron Treads
|-damage|p1a: Iron Treads|20/100
|-unboost|p2a: Hydreigon|spa|2
|
|upkeep
|turn|15
|
|t:|1776078963
|move|p1a: Iron Treads|Ice Spinner|p2a: Hydreigon
|-supereffective|p2a: Hydreigon
|-damage|p2a: Hydreigon|10/100
|move|p2a: Hydreigon|Earth Power|p1a: Iron Treads
|-supereffective|p1a: Iron Treads
|-damage|p1a: Iron Treads|0 fnt
|faint|p1a: Iron Treads
|-end|p1a: Iron Treads|Quark Drive|[silent]
|
|upkeep
|
|t:|1776078980
|switch|p1a: Ogerpon|Ogerpon-Wellspring, F|100/100
|turn|16
|inactive|vzn.exe has 90 seconds left.
|
|t:|1776078996
|move|p1a: Ogerpon|Ivy Cudgel|p2a: Hydreigon|[anim] Ivy Cudgel Water
|-resisted|p2a: Hydreigon
|-damage|p2a: Hydreigon|0 fnt
|faint|p2a: Hydreigon
|
|upkeep
|
|t:|1776079010
|switch|p2a: Ninetales|Ninetales, F|76/100
|-damage|p2a: Ninetales|51/100|[from] Stealth Rock
|-weather|SunnyDay|[from] ability: Drought|[of] p2a: Ninetales
|turn|17
|inactive|vzn.exe has 90 seconds left.
|
|t:|1776079026
|move|p1a: Ogerpon|Ivy Cudgel|p2a: Ninetales|[anim] Ivy Cudgel Water
|-supereffective|p2a: Ninetales
|-damage|p2a: Ninetales|0 fnt
|faint|p2a: Ninetales
|
|-weather|SunnyDay|[upkeep]
|upkeep
|
|t:|1776079033
|switch|p2a: Walking Wake|Walking Wake|100/100
|-damage|p2a: Walking Wake|88/100|[from] Stealth Rock
|-activate|p2a: Walking Wake|ability: Protosynthesis
|-start|p2a: Walking Wake|protosynthesisspa
|turn|18
|inactive|vzn.exe has 90 seconds left.
|
|t:|1776079049
|move|p1a: Ogerpon|Play Rough|p2a: Walking Wake
|-supereffective|p2a: Walking Wake
|-crit|p2a: Walking Wake
|-damage|p2a: Walking Wake|0 fnt
|faint|p2a: Walking Wake
|-end|p2a: Walking Wake|Protosynthesis|[silent]
|
|-weather|SunnyDay|[upkeep]
|upkeep
|-message|tyneham forfeited.
|
|win|vzn.exe
|raw|vzn.exe's rating: 1360 &rarr; <strong>1382</strong><br />(+22 for winning)
|raw|tyneham's rating: 1390 &rarr; <strong>1368</strong><br />(-22 for losing)
|l|☆tyneham
|player|p2|
|l|☆vzn.exe
|player|p1|
