|html|<div class="broadcast-blue"><strong>[Gen 9] OU is currently suspecting Tera Blast! For information on how to participate check out the <a href="https://www.smogon.com/tools/suspects/view/200">suspect thread</a>.</strong></div>
|j|‽alfaro46
|j|☆Celebrast
|t:|1776067290
|gametype|singles
|player|p1|alfaro46|265|1196
|player|p2|Celebrast|gambler|1282
|gen|9
|tier|[Gen 9] OU
|rated|
|rule|HP Percentage Mod: HP is shown in percentages
|rule|Endless Battle Clause: Forcing endless battles is banned
|rule|Species Clause: Limit one of each Pokémon
|rule|OHKO Clause: OHKO moves are banned
|rule|Evasion Items Clause: Evasion items are banned
|rule|Evasion Moves Clause: Evasion moves are banned
|rule|Evasion Abilities Clause: Evasion abilities are banned
|rule|Sleep Moves Clause: Sleep-inducing moves are banned
|clearpoke
|poke|p1|Ninetales-Alola, M|
|poke|p1|Sandslash-Alola, F|
|poke|p1|Slowking-Galar, M|
|poke|p1|Dragonite, F|
|poke|p1|Beartic, M|
|poke|p1|Heatran, F|
|poke|p2|Glimmora, M|
|poke|p2|Zamazenta-*|
|poke|p2|Darkrai|
|poke|p2|Enamorus, F|
|poke|p2|Rillaboom, F|
|poke|p2|Greninja-*, M|
|teampreview
|inactive|Battle timer is ON: inactive players will automatically lose when time's up. (requested by Celebrast)
|
|t:|1776067298
|teamsize|p1|6
|teamsize|p2|6
|start
|switch|p1a: Heatran|Heatran, F|100/100
|switch|p2a: Glimmora|Glimmora, M|100/100
|-item|p1a: Heatran|Air Balloon
|turn|1
|
|t:|1776067308
|move|p1a: Heatran|Taunt|p2a: Glimmora
|-start|p2a: Glimmora|move: Taunt
|cant|p2a: Glimmora|move: Taunt|Stealth Rock
|
|upkeep
|turn|2
|
|t:|1776067318
|switch|p2a: Greninja|Greninja, M|100/100
|move|p1a: Heatran|Stealth Rock|p2a: Greninja
|-sidestart|p2: Celebrast|move: Stealth Rock
|
|upkeep
|turn|3
|
|t:|1776067335
|move|p2a: Greninja|Hydro Pump|p1a: Heatran
|-supereffective|p1a: Heatran
|-damage|p1a: Heatran|0 fnt
|-enditem|p1a: Heatran|Air Balloon
|faint|p1a: Heatran
|-ability|p2a: Greninja|Battle Bond|boost
|-boost|p2a: Greninja|atk|1
|-boost|p2a: Greninja|spa|1
|-boost|p2a: Greninja|spe|1
|-activate|p2a: Greninja|ability: Battle Bond
|
|upkeep
|
|t:|1776067340
|switch|p1a: Ninetales|Ninetales-Alola, M|100/100
|-weather|Snowscape|[from] ability: Snow Warning|[of] p1a: Ninetales
|turn|4
|
|t:|1776067347
|move|p2a: Greninja|Hydro Pump|p1a: Ninetales|[miss]
|-miss|p2a: Greninja|p1a: Ninetales
|move|p1a: Ninetales|Aurora Veil|p1a: Ninetales
|-sidestart|p1: alfaro46|move: Aurora Veil
|
|-weather|Snowscape|[upkeep]
|upkeep
|turn|5
|
|t:|1776067353
|move|p2a: Greninja|Hydro Pump|p1a: Ninetales|[miss]
|-miss|p2a: Greninja|p1a: Ninetales
|move|p1a: Ninetales|Moonblast|p2a: Greninja
|-supereffective|p2a: Greninja
|-damage|p2a: Greninja|0 fnt
|faint|p2a: Greninja
|
|-weather|Snowscape|[upkeep]
|upkeep
|
|t:|1776067359
|switch|p2a: Glimmora|Glimmora, M|100/100
|-damage|p2a: Glimmora|88/100|[from] Stealth Rock
|turn|6
|
|t:|1776067373
|switch|p1a: Beartic|Beartic, M|100/100
|move|p2a: Glimmora|Sludge Bomb|p1a: Beartic
|-damage|p1a: Beartic|70/100
|-status|p1a: Beartic|psn
|
|-weather|Snowscape|[upkeep]
|-damage|p1a: Beartic|57/100 psn|[from] psn
|upkeep
|turn|7
|
|t:|1776067379
|move|p1a: Beartic|Swords Dance|p1a: Beartic
|-boost|p1a: Beartic|atk|2
|move|p2a: Glimmora|Stealth Rock|p1a: Beartic
|-sidestart|p1: alfaro46|move: Stealth Rock
|
|-weather|Snowscape|[upkeep]
|-damage|p1a: Beartic|45/100 psn|[from] psn
|upkeep
|turn|8
|
|t:|1776067385
|move|p2a: Glimmora|Spiky Shield|p2a: Glimmora
|-singleturn|p2a: Glimmora|move: Protect
|move|p1a: Beartic|Earthquake|p2a: Glimmora
|-activate|p2a: Glimmora|move: Protect
|
|-weather|Snowscape|[upkeep]
|-damage|p1a: Beartic|33/100 psn|[from] psn
|-sideend|p1: alfaro46|move: Aurora Veil
|upkeep
|turn|9
|
|t:|1776067393
|move|p1a: Beartic|Icicle Crash|p2a: Glimmora
|-damage|p2a: Glimmora|0 fnt
|-activate|p2a: Glimmora|ability: Toxic Debris
|-sidestart|p1: alfaro46|move: Toxic Spikes
|faint|p2a: Glimmora
|-damage|p1a: Beartic|23/100 psn|[from] item: Life Orb
|
|-weather|Snowscape|[upkeep]
|-damage|p1a: Beartic|10/100 psn|[from] psn
|upkeep
|
|t:|1776067405
|switch|p2a: Primeape-Galar|Rillaboom, F|100/100
|-damage|p2a: Primeape-Galar|88/100|[from] Stealth Rock
|-fieldstart|move: Grassy Terrain|[from] ability: Grassy Surge|[of] p2a: Primeape-Galar
|turn|10
|
|t:|1776067413
|switch|p1a: Slowking|Slowking-Galar, M|100/100
|-damage|p1a: Slowking|88/100|[from] Stealth Rock
|-sideend|p1: alfaro46|move: Toxic Spikes|[of] p1a: Slowking
|move|p2a: Primeape-Galar|Grassy Glide|p1a: Slowking
|-resisted|p1a: Slowking
|-damage|p1a: Slowking|63/100
|-damage|p2a: Primeape-Galar|78/100|[from] item: Life Orb
|
|-weather|Snowscape|[upkeep]
|-heal|p2a: Primeape-Galar|84/100|[from] Grassy Terrain
|-heal|p1a: Slowking|69/100|[from] Grassy Terrain
|-heal|p1a: Slowking|75/100|[from] item: Leftovers
|upkeep
|turn|11
|
|t:|1776067424
|switch|p2a: Darkrai|Darkrai|100/100
|-damage|p2a: Darkrai|88/100|[from] Stealth Rock
|move|p1a: Slowking|Future Sight|p2a: Darkrai
|-start|p1a: Slowking|move: Future Sight
|
|-weather|none
|-heal|p2a: Darkrai|94/100|[from] Grassy Terrain
|-heal|p1a: Slowking|81/100|[from] Grassy Terrain
|-heal|p1a: Slowking|87/100|[from] item: Leftovers
|upkeep
|turn|12
|
|t:|1776067431
|-terastallize|p2a: Darkrai|Dark
|move|p2a: Darkrai|Dark Pulse|p1a: Slowking
|-supereffective|p1a: Slowking
|-crit|p1a: Slowking
|-damage|p1a: Slowking|0 fnt
|faint|p1a: Slowking
|
|-heal|p2a: Darkrai|99/100|[from] Grassy Terrain
|upkeep
|
|t:|1776067439
|switch|p1a: Ninetales|Ninetales-Alola, M|100/100
|-damage|p1a: Ninetales|76/100|[from] Stealth Rock
|-weather|Snowscape|[from] ability: Snow Warning|[of] p1a: Ninetales
|turn|13
|
|t:|1776067444
|move|p2a: Darkrai|Dark Pulse|p1a: Ninetales
|-resisted|p1a: Ninetales
|-damage|p1a: Ninetales|20/100
|cant|p1a: Ninetales|flinch
|
|-weather|Snowscape|[upkeep]
|-end|p2a: Darkrai|move: Future Sight
|-immune|p2a: Darkrai
|-heal|p2a: Darkrai|100/100|[from] Grassy Terrain
|-heal|p1a: Ninetales|26/100|[from] Grassy Terrain
|upkeep
|turn|14
|
|t:|1776067450
|move|p2a: Darkrai|Dark Pulse|p1a: Ninetales
|-resisted|p1a: Ninetales
|-damage|p1a: Ninetales|0 fnt
|faint|p1a: Ninetales
|
|-weather|Snowscape|[upkeep]
|-fieldend|move: Grassy Terrain
|upkeep
|
|t:|1776067453
|switch|p1a: Sandslash|Sandslash-Alola, F|100/100
|-damage|p1a: Sandslash|88/100|[from] Stealth Rock
|turn|15
|
|t:|1776067460
|move|p1a: Sandslash|Swords Dance|p1a: Sandslash
|-boost|p1a: Sandslash|atk|2
|move|p2a: Darkrai|Dark Pulse|p1a: Sandslash
|-damage|p1a: Sandslash|0 fnt
|faint|p1a: Sandslash
|
|-weather|Snowscape|[upkeep]
|upkeep
|
|t:|1776067470
|switch|p1a: Dragonite|Dragonite, F|100/100
|turn|16
|
|t:|1776067476
|move|p2a: Darkrai|Dark Pulse|p1a: Dragonite
|-damage|p1a: Dragonite|49/100
|cant|p1a: Dragonite|flinch
|
|-weather|Snowscape|[upkeep]
|upkeep
|turn|17
|
|t:|1776067486
|-terastallize|p1a: Dragonite|Steel
|move|p2a: Darkrai|Dark Pulse|p1a: Dragonite
|-damage|p1a: Dragonite|0 fnt
|faint|p1a: Dragonite
|
|-weather|Snowscape|[upkeep]
|upkeep
|-message|alfaro46 forfeited.
|
|win|Celebrast
|raw|alfaro46's rating: 1196 &rarr; <strong>1177</strong><br />(-19 for losing)
|raw|Celebrast's rating: 1282 &rarr; <strong>1301</strong><br />(+19 for winning)
|l|‽alfaro46
|player|p1|
|l|☆Celebrast
|player|p2|
