|html|<div class="broadcast-blue"><strong>[Gen 9] OU is currently suspecting Tera Blast! For information on how to participate check out the <a href="https://www.smogon.com/tools/suspects/view/200">suspect thread</a>.</strong></div>
|j|☆aboda
|j|☆PorkChump
|t:|1776053310
|gametype|singles
|player|p1|aboda|pokemonranger-gen4|1293
|player|p2|PorkChump|swimmerf|1283
|gen|9
|tier|[Gen 9] OU
|rated|
|rule|HP Percentage Mod: HP is shown in percentages
|rule|Endless Battle Clause: Forcing endless battles is banned
|rule|Species Clause: Limit one of each Pokémon
|rule|OHKO Clause: OHKO moves are banned
|rule|Evasion Items Clause: Evasion items are banned
|rule|Evasion Moves Clause: Evasion moves are banned
|rule|Evasion Abilities Clause: Evasion abilities are banned
|rule|Sleep Moves Clause: Sleep-inducing moves are banned
|clearpoke
|poke|p1|Dragonite, F|
|poke|p1|Torkoal, M|
|poke|p1|Venusaur, M|
|poke|p1|Corviknight, F|
|poke|p1|Chansey, F|
|poke|p1|Great Tusk|
|poke|p2|Dragapult, M|
|poke|p2|Metagross|
|poke|p2|Jolteon, F|
|poke|p2|Iron Valiant|
|poke|p2|Corviknight, M|
|poke|p2|Garchomp, M|
|teampreview
|inactive|Battle timer is ON: inactive players will automatically lose when time's up. (requested by PorkChump)
|inactive|aboda also wants the timer to be on.
|
|t:|1776053318
|teamsize|p1|6
|teamsize|p2|6
|start
|switch|p1a: Great Tusk|Great Tusk|100/100
|switch|p2a: Metagross|Metagross|100/100
|turn|1
|
|t:|1776053329
|move|p1a: Great Tusk|Headlong Rush|p2a: Metagross
|-supereffective|p2a: Metagross
|-damage|p2a: Metagross|0 fnt
|-unboost|p1a: Great Tusk|def|1
|-unboost|p1a: Great Tusk|spd|1
|faint|p2a: Metagross
|
|upkeep
|
|t:|1776053332
|switch|p2a: Jolteon|Jolteon, F|100/100
|turn|2
|
|t:|1776053335
|-end|p1a: Great Tusk|Protosynthesis|[silent]
|switch|p1a: Chansey|Chansey, F|100/100
|move|p2a: Jolteon|Alluring Voice|p1a: Chansey
|-damage|p1a: Chansey|92/100
|
|upkeep
|turn|3
|
|t:|1776053340
|switch|p2a: Garchomp|Garchomp, M|100/100
|move|p1a: Chansey|Seismic Toss|p2a: Garchomp
|-damage|p2a: Garchomp|72/100
|-damage|p1a: Chansey|79/100|[from] ability: Rough Skin|[of] p2a: Garchomp
|-damage|p1a: Chansey|63/100|[from] item: Rocky Helmet|[of] p2a: Garchomp
|
|upkeep
|turn|4
|
|t:|1776053344
|switch|p1a: Great Tusk|Great Tusk|100/100
|move|p2a: Garchomp|Stealth Rock|p1a: Great Tusk
|-sidestart|p1: aboda|move: Stealth Rock
|
|upkeep
|turn|5
|
|t:|1776053347
|switch|p2a: Dragapult|Dragapult, M|100/100
|move|p1a: Great Tusk|Ice Spinner|p2a: Dragapult
|-supereffective|p2a: Dragapult
|-crit|p2a: Dragapult
|-damage|p2a: Dragapult|0 fnt
|faint|p2a: Dragapult
|
|upkeep
|
|t:|1776053349
|switch|p2a: Jolteon|Jolteon, F|100/100
|turn|6
|
|t:|1776053354
|-end|p1a: Great Tusk|Protosynthesis|[silent]
|switch|p1a: Chansey|Chansey, F|63/100
|-damage|p1a: Chansey|50/100|[from] Stealth Rock
|move|p2a: Jolteon|Volt Switch|p1a: Chansey
|-damage|p1a: Chansey|39/100
|
|t:|1776053360
|switch|p2a: Garchomp|Garchomp, M|72/100|[from] Volt Switch
|
|upkeep
|turn|7
|
|t:|1776053364
|move|p2a: Garchomp|Earthquake|p1a: Chansey
|-damage|p1a: Chansey|0 fnt
|faint|p1a: Chansey
|
|upkeep
|
|t:|1776053366
|switch|p1a: Great Tusk|Great Tusk|100/100
|-damage|p1a: Great Tusk|98/100|[from] Stealth Rock
|turn|8
|
|t:|1776053372
|move|p2a: Garchomp|Stealth Rock||[still]
|-fail|p2a: Garchomp
|move|p1a: Great Tusk|Ice Spinner|p2a: Garchomp
|-supereffective|p2a: Garchomp
|-damage|p2a: Garchomp|0 fnt
|-damage|p1a: Great Tusk|85/100|[from] ability: Rough Skin|[of] p2a: Garchomp
|-damage|p1a: Great Tusk|69/100|[from] item: Rocky Helmet|[of] p2a: Garchomp
|faint|p2a: Garchomp
|
|-heal|p1a: Great Tusk|75/100|[from] item: Leftovers
|upkeep
|
|t:|1776053375
|switch|p2a: Jolteon|Jolteon, F|100/100
|turn|9
|
|t:|1776053391
|-terastallize|p2a: Jolteon|Ice
|move|p2a: Jolteon|Tera Blast|p1a: Great Tusk|[anim] Tera Blast Ice
|-supereffective|p1a: Great Tusk
|-damage|p1a: Great Tusk|0 fnt
|faint|p1a: Great Tusk
|-end|p1a: Great Tusk|Protosynthesis|[silent]
|
|upkeep
|
|t:|1776053396
|switch|p1a: Torkoal|Torkoal, M|100/100
|-damage|p1a: Torkoal|75/100|[from] Stealth Rock
|-weather|SunnyDay|[from] ability: Drought|[of] p1a: Torkoal
|turn|10
|
|t:|1776053398
|switch|p2a: Corviknight|Corviknight, M|100/100
|-ability|p2a: Corviknight|Pressure
|move|p1a: Torkoal|Lava Plume|p2a: Corviknight
|-supereffective|p2a: Corviknight
|-damage|p2a: Corviknight|35/100
|
|-weather|SunnyDay|[upkeep]
|upkeep
|turn|11
|
|t:|1776053402
|move|p2a: Corviknight|Brave Bird|p1a: Torkoal
|-damage|p1a: Torkoal|52/100
|-damage|p2a: Corviknight|29/100|[from] Recoil
|-enditem|p1a: Torkoal|Red Card|[of] p2a: Corviknight
|drag|p2a: Jolteon|Jolteon, F, tera:Ice|100/100
|move|p1a: Torkoal|Lava Plume|p2a: Jolteon
|-supereffective|p2a: Jolteon
|-damage|p2a: Jolteon|0 fnt
|faint|p2a: Jolteon
|
|-weather|SunnyDay|[upkeep]
|upkeep
|
|t:|1776053409
|switch|p2a: Iron Valiant|Iron Valiant|100/100
|-enditem|p2a: Iron Valiant|Booster Energy
|-activate|p2a: Iron Valiant|ability: Quark Drive|[fromitem]
|-start|p2a: Iron Valiant|quarkdrivespe
|turn|12
|
|t:|1776053414
|move|p2a: Iron Valiant|Swords Dance|p2a: Iron Valiant
|-boost|p2a: Iron Valiant|atk|2
|move|p1a: Torkoal|Lava Plume|p2a: Iron Valiant
|-damage|p2a: Iron Valiant|37/100
|
|-weather|SunnyDay|[upkeep]
|upkeep
|turn|13
|-message|PorkChump forfeited.
|
|win|aboda
|raw|aboda's rating: 1293 &rarr; <strong>1317</strong><br />(+24 for winning)
|raw|PorkChump's rating: 1283 &rarr; <strong>1259</strong><br />(-24 for losing)
|l|☆aboda
|player|p1|
|l|☆PorkChump
|player|p2|
