|html|<div class="broadcast-blue"><strong>[Gen 9] OU is currently suspecting Tera Blast! For information on how to participate check out the <a href="https://www.smogon.com/tools/suspects/view/200">suspect thread</a>.</strong></div>
|j|☆myths17
|j|☆Shaztar
|t:|1776097191
|gametype|singles
|player|p1|myths17|n|1048
|player|p2|Shaztar|jacinthe|1093
|gen|9
|tier|[Gen 9] OU
|rated|
|rule|HP Percentage Mod: HP is shown in percentages
|rule|Endless Battle Clause: Forcing endless battles is banned
|rule|Species Clause: Limit one of each Pokémon
|rule|OHKO Clause: OHKO moves are banned
|rule|Evasion Items Clause: Evasion items are banned
|rule|Evasion Moves Clause: Evasion moves are banned
|rule|Evasion Abilities Clause: Evasion abilities are banned
|rule|Sleep Moves Clause: Sleep-inducing moves are banned
|clearpoke
|poke|p1|Torkoal, F|
|poke|p1|Hatterene, F|
|poke|p1|Lilligant, F|
|poke|p1|Ceruledge, F|
|poke|p1|Corviknight, M|
|poke|p1|Incineroar, F|
|poke|p2|Raging Bolt|
|poke|p2|Ribombee, F|
|poke|p2|Gholdengo|
|poke|p2|Great Tusk|
|poke|p2|Ogerpon-Cornerstone, F|
|poke|p2|Ceruledge, M|
|teampreview
|inactive|Battle timer is ON: inactive players will automatically lose when time's up. (requested by myths17)
|
|t:|1776097199
|teamsize|p1|6
|teamsize|p2|6
|start
|switch|p1a: Hatterene|Hatterene, F|100/100
|switch|p2a: Ribombee|Ribombee, F, shiny|100/100
|turn|1
|
|t:|1776097205
|move|p2a: Ribombee|Skill Swap|p1a: Hatterene
|-activate|p2a: Ribombee|Skill Swap|Magic Bounce|Shield Dust|[of] p1a: Hatterene
|move|p1a: Hatterene|Light Screen|p1a: Hatterene
|-sidestart|p1: myths17|move: Light Screen
|
|upkeep
|turn|2
|
|t:|1776097211
|move|p2a: Ribombee|Sticky Web|p1a: Hatterene
|-sidestart|p1: myths17|move: Sticky Web
|move|p1a: Hatterene|Reflect|p1a: Hatterene
|-sidestart|p1: myths17|Reflect
|
|upkeep
|turn|3
|
|t:|1776097221
|move|p2a: Ribombee|Stun Spore|p1a: Hatterene
|-status|p1a: Hatterene|par
|move|p1a: Hatterene|Trick Room|p1a: Hatterene
|-fieldstart|move: Trick Room|[of] p1a: Hatterene
|
|upkeep
|turn|4
|
|t:|1776097231
|switch|p1a: Torkoal|Torkoal, F|100/100
|-activate|p1a: Torkoal|move: Sticky Web
|-unboost|p1a: Torkoal|spe|1
|-weather|SunnyDay|[from] ability: Drought|[of] p1a: Torkoal
|move|p2a: Ribombee|Moonblast|p1a: Torkoal
|-resisted|p1a: Torkoal
|-damage|p1a: Torkoal|92/100
|-unboost|p1a: Torkoal|spa|1
|
|-weather|SunnyDay|[upkeep]
|upkeep
|turn|5
|
|t:|1776097250
|move|p1a: Torkoal|Stone Edge|p2a: Ribombee
|-supereffective|p2a: Ribombee
|-enditem|p2a: Ribombee|Focus Sash
|-damage|p2a: Ribombee|1/100
|move|p2a: Ribombee|Stun Spore|p1a: Torkoal|[miss]
|-miss|p2a: Ribombee|p1a: Torkoal
|
|-weather|SunnyDay|[upkeep]
|-sideend|p1: myths17|move: Light Screen
|upkeep
|turn|6
|
|t:|1776097258
|move|p1a: Torkoal|Flare Blitz|p2a: Ribombee
|-supereffective|p2a: Ribombee
|-damage|p2a: Ribombee|0 fnt
|faint|p2a: Ribombee
|-damage|p1a: Torkoal|91/100|[from] Recoil
|
|-weather|SunnyDay|[upkeep]
|-sideend|p1: myths17|Reflect
|upkeep
|
|t:|1776097261
|switch|p2a: Ogerpon|Ogerpon-Cornerstone, F|100/100
|turn|7
|
|t:|1776097267
|-terastallize|p2a: Ogerpon|Rock
|detailschange|p2a: Ogerpon|Ogerpon-Cornerstone-Tera, F, tera:Rock
|-ability|p2a: Ogerpon|Embody Aspect (Cornerstone)|boost
|-boost|p2a: Ogerpon|def|1
|move|p1a: Torkoal|Body Press|p2a: Ogerpon
|-supereffective|p2a: Ogerpon
|-damage|p2a: Ogerpon|61/100
|move|p2a: Ogerpon|Ivy Cudgel|p1a: Torkoal|[anim] Ivy Cudgel Rock
|-supereffective|p1a: Torkoal
|-damage|p1a: Torkoal|0 fnt
|faint|p1a: Torkoal
|
|-weather|SunnyDay|[upkeep]
|-fieldend|move: Trick Room
|upkeep
|
|t:|1776097278
|switch|p1a: Lilligant|Lilligant, F|100/100
|-activate|p1a: Lilligant|move: Sticky Web
|-unboost|p1a: Lilligant|spe|1
|turn|8
|
|t:|1776097296
|switch|p2a: Raging Bolt|Raging Bolt|100/100
|-activate|p2a: Raging Bolt|ability: Protosynthesis
|-start|p2a: Raging Bolt|protosynthesisspa
|move|p1a: Lilligant|Solar Beam||[still]
|-prepare|p1a: Lilligant|Solar Beam
|-anim|p1a: Lilligant|Solar Beam|p2a: Raging Bolt
|-resisted|p2a: Raging Bolt
|-damage|p2a: Raging Bolt|73/100
|
|-weather|none
|-end|p2a: Raging Bolt|Protosynthesis
|upkeep
|-enditem|p2a: Raging Bolt|Booster Energy
|-activate|p2a: Raging Bolt|ability: Protosynthesis|[fromitem]
|-start|p2a: Raging Bolt|protosynthesisspa
|turn|9
|inactive|myths17 has 120 seconds left.
|
|t:|1776097326
|switch|p1a: Hatterene|Hatterene, F|100/100 par
|-activate|p1a: Hatterene|move: Sticky Web
|-unboost|p1a: Hatterene|spe|1
|move|p2a: Raging Bolt|Calm Mind|p2a: Raging Bolt
|-boost|p2a: Raging Bolt|spa|1
|-boost|p2a: Raging Bolt|spd|1
|
|upkeep
|turn|10
|
|t:|1776097337
|move|p2a: Raging Bolt|Thunderbolt|p1a: Hatterene
|-damage|p1a: Hatterene|0 fnt
|faint|p1a: Hatterene
|
|upkeep
|
|t:|1776097342
|switch|p1a: Incineroar|Incineroar, F|100/100
|-activate|p1a: Incineroar|move: Sticky Web
|-unboost|p1a: Incineroar|spe|1
|-ability|p1a: Incineroar|Intimidate|boost
|-unboost|p2a: Raging Bolt|atk|1
|turn|11
|
|t:|1776097351
|move|p1a: Incineroar|Fake Out|p2a: Raging Bolt
|-damage|p2a: Raging Bolt|59/100
|cant|p2a: Raging Bolt|flinch
|
|upkeep
|turn|12
|
|t:|1776097360
|move|p2a: Raging Bolt|Thunderbolt|p1a: Incineroar
|-enditem|p1a: Incineroar|Focus Sash
|-damage|p1a: Incineroar|1/100
|move|p1a: Incineroar|Leech Life|p2a: Raging Bolt
|-damage|p2a: Raging Bolt|31/100
|-heal|p1a: Incineroar|15/100|[from] drain|[of] p2a: Raging Bolt
|
|upkeep
|turn|13
|
|t:|1776097368
|move|p2a: Raging Bolt|Thunderclap|p1a: Incineroar
|-damage|p1a: Incineroar|0 fnt
|faint|p1a: Incineroar
|
|upkeep
|
|t:|1776097373
|switch|p1a: Ceruledge|Ceruledge, F|100/100
|-activate|p1a: Ceruledge|move: Sticky Web
|-unboost|p1a: Ceruledge|spe|1
|turn|14
|
|t:|1776097383
|move|p2a: Raging Bolt|Thunderclap|p1a: Ceruledge
|-damage|p1a: Ceruledge|7/100
|move|p1a: Ceruledge|Throat Chop|p2a: Raging Bolt
|-damage|p2a: Raging Bolt|0 fnt
|faint|p2a: Raging Bolt
|-end|p2a: Raging Bolt|Protosynthesis|[silent]
|-damage|p1a: Ceruledge|0 fnt|[from] item: Life Orb
|faint|p1a: Ceruledge
|
|upkeep
|
|t:|1776097400
|switch|p1a: Lilligant|Lilligant, F|100/100
|switch|p2a: Ceruledge|Ceruledge, M, shiny|100/100
|-activate|p1a: Lilligant|move: Sticky Web
|-unboost|p1a: Lilligant|spe|1
|turn|15
|
|t:|1776097408
|move|p2a: Ceruledge|Shadow Sneak|p1a: Lilligant
|-damage|p1a: Lilligant|68/100
|move|p1a: Lilligant|Stun Spore|p2a: Ceruledge
|-status|p2a: Ceruledge|par
|
|upkeep
|turn|16
|
|t:|1776097413
|move|p1a: Lilligant|Quiver Dance|p1a: Lilligant
|-boost|p1a: Lilligant|spa|1
|-boost|p1a: Lilligant|spd|1
|-boost|p1a: Lilligant|spe|1
|move|p2a: Ceruledge|Close Combat|p1a: Lilligant
|-crit|p1a: Lilligant
|-damage|p1a: Lilligant|0 fnt
|-unboost|p2a: Ceruledge|def|1
|-unboost|p2a: Ceruledge|spd|1
|faint|p1a: Lilligant
|
|upkeep
|
|t:|1776097416
|switch|p1a: Corviknight|Corviknight, M|100/100
|turn|17
|
|t:|1776097425
|move|p1a: Corviknight|Bulk Up|p1a: Corviknight
|-boost|p1a: Corviknight|atk|1
|-boost|p1a: Corviknight|def|1
|cant|p2a: Ceruledge|par
|
|upkeep
|turn|18
|
|t:|1776097432
|move|p1a: Corviknight|Bulk Up|p1a: Corviknight
|-boost|p1a: Corviknight|atk|1
|-boost|p1a: Corviknight|def|1
|cant|p2a: Ceruledge|par
|
|upkeep
|turn|19
|
|t:|1776097436
|move|p1a: Corviknight|Bulk Up|p1a: Corviknight
|-boost|p1a: Corviknight|atk|1
|-boost|p1a: Corviknight|def|1
|move|p2a: Ceruledge|Swords Dance|p2a: Ceruledge
|-boost|p2a: Ceruledge|atk|2
|
|upkeep
|turn|20
|
|t:|1776097441
|move|p1a: Corviknight|Bulk Up|p1a: Corviknight
|-boost|p1a: Corviknight|atk|1
|-boost|p1a: Corviknight|def|1
|cant|p2a: Ceruledge|par
|
|upkeep
|turn|21
|
|t:|1776097447
|move|p1a: Corviknight|Bulk Up|p1a: Corviknight
|-boost|p1a: Corviknight|atk|1
|-boost|p1a: Corviknight|def|1
|cant|p2a: Ceruledge|par
|
|upkeep
|turn|22
|
|t:|1776097452
|move|p1a: Corviknight|Bulk Up|p1a: Corviknight
|-boost|p1a: Corviknight|atk|1
|-boost|p1a: Corviknight|def|1
|move|p2a: Ceruledge|Poltergeist|p1a: Corviknight
|-activate|p1a: Corviknight|move: Poltergeist|Rocky Helmet
|-damage|p1a: Corviknight|76/100
|
|upkeep
|turn|23
|
|t:|1776097459
|move|p1a: Corviknight|Brave Bird|p2a: Ceruledge
|-enditem|p2a: Ceruledge|Focus Sash
|-damage|p2a: Ceruledge|1/100 par
|-ability|p2a: Ceruledge|Weak Armor|boost
|-unboost|p2a: Ceruledge|def|1
|-boost|p2a: Ceruledge|spe|2
|-damage|p1a: Corviknight|52/100|[from] Recoil
|move|p2a: Ceruledge|Poltergeist|p1a: Corviknight
|-activate|p1a: Corviknight|move: Poltergeist|Rocky Helmet
|-damage|p1a: Corviknight|29/100
|
|upkeep
|turn|24
|
|t:|1776097469
|move|p2a: Ceruledge|Poltergeist|p1a: Corviknight
|-activate|p1a: Corviknight|move: Poltergeist|Rocky Helmet
|-damage|p1a: Corviknight|6/100
|move|p1a: Corviknight|Brave Bird|p2a: Ceruledge
|-damage|p2a: Ceruledge|0 fnt
|faint|p2a: Ceruledge
|-damage|p1a: Corviknight|6/100|[from] Recoil
|
|upkeep
|
|t:|1776097484
|switch|p2a: Gholdengo|Gholdengo, shiny|100/100
|-item|p2a: Gholdengo|Air Balloon
|turn|25
|
|t:|1776097494
|move|p2a: Gholdengo|Shadow Ball|p1a: Corviknight
|-damage|p1a: Corviknight|0 fnt
|faint|p1a: Corviknight
|
|win|Shaztar
|raw|myths17's rating: 1048 &rarr; <strong>1033</strong><br />(-15 for losing)
|raw|Shaztar's rating: 1093 &rarr; <strong>1116</strong><br />(+23 for winning)
|l|☆myths17
|player|p1|
