|html|<div class="broadcast-blue"><strong>[Gen 9] OU is currently suspecting Tera Blast! For information on how to participate check out the <a href="https://www.smogon.com/tools/suspects/view/200">suspect thread</a>.</strong></div>
|j|☆vzn.exe
|j|☆ArthurowVidal
|t:|1776075917
|gametype|singles
|player|p1|vzn.exe|lusamine-nihilego|1241
|player|p2|ArthurowVidal|266|1327
|gen|9
|tier|[Gen 9] OU
|rated|
|rule|HP Percentage Mod: HP is shown in percentages
|rule|Endless Battle Clause: Forcing endless battles is banned
|rule|Species Clause: Limit one of each Pokémon
|rule|OHKO Clause: OHKO moves are banned
|rule|Evasion Items Clause: Evasion items are banned
|rule|Evasion Moves Clause: Evasion moves are banned
|rule|Evasion Abilities Clause: Evasion abilities are banned
|rule|Sleep Moves Clause: Sleep-inducing moves are banned
|clearpoke
|poke|p1|Kyurem|
|poke|p1|Cinderace, M|
|poke|p1|Tornadus-Therian, M|
|poke|p1|Hatterene, F|
|poke|p1|Great Tusk|
|poke|p1|Kingambit, F|
|poke|p2|Gholdengo|
|poke|p2|Glimmora, M|
|poke|p2|Zamazenta-*|
|poke|p2|Grimmsnarl, M|
|poke|p2|Polteageist|
|poke|p2|Ogerpon-Wellspring, F|
|teampreview
|
|t:|1776075936
|teamsize|p1|6
|teamsize|p2|6
|start
|switch|p1a: Kyurem|Kyurem|100/100
|switch|p2a: Grimmsnarl|Grimmsnarl, M, shiny|100/100
|-ability|p1a: Kyurem|Pressure
|turn|1
|inactive|Battle timer is ON: inactive players will automatically lose when time's up. (requested by vzn.exe)
|
|t:|1776075958
|move|p1a: Kyurem|Ice Beam|p2a: Grimmsnarl
|-damage|p2a: Grimmsnarl|13/100
|move|p2a: Grimmsnarl|Low Kick|p1a: Kyurem
|-supereffective|p1a: Kyurem
|-damage|p1a: Kyurem|12/100
|
|upkeep
|turn|2
|
|t:|1776075976
|move|p2a: Grimmsnarl|Light Screen|p2a: Grimmsnarl
|-sidestart|p2: ArthurowVidal|move: Light Screen
|move|p1a: Kyurem|Ice Beam|p2a: Grimmsnarl
|-damage|p2a: Grimmsnarl|0 fnt
|faint|p2a: Grimmsnarl
|
|upkeep
|inactive|ArthurowVidal has 120 seconds left.
|
|t:|1776076024
|switch|p2a: Polteageist|Polteageist, shiny|100/100
|turn|3
|
|t:|1776076041
|move|p1a: Kyurem|Ice Beam|p2a: Polteageist
|-damage|p2a: Polteageist|63/100
|move|p2a: Polteageist|Shell Smash|p2a: Polteageist
|-unboost|p2a: Polteageist|def|1
|-unboost|p2a: Polteageist|spd|1
|-boost|p2a: Polteageist|atk|2
|-boost|p2a: Polteageist|spa|2
|-boost|p2a: Polteageist|spe|2
|-enditem|p2a: Polteageist|White Herb
|-clearnegativeboost|p2a: Polteageist|[silent]
|
|upkeep
|turn|4
|inactive|ArthurowVidal has 120 seconds left.
|
|t:|1776076059
|switch|p1a: Kingambit|Kingambit, F|100/100
|move|p2a: Polteageist|Shadow Ball|p1a: Kingambit
|-resisted|p1a: Kingambit
|-damage|p1a: Kingambit|57/100
|
|-heal|p1a: Kingambit|63/100|[from] item: Leftovers
|upkeep
|turn|5
|
|t:|1776076077
|-terastallize|p2a: Polteageist|Fighting
|move|p2a: Polteageist|Strength Sap|p1a: Kingambit
|-unboost|p1a: Kingambit|atk|1
|-heal|p2a: Polteageist|100/100
|move|p1a: Kingambit|Kowtow Cleave|p2a: Polteageist
|-resisted|p2a: Polteageist
|-damage|p2a: Polteageist|68/100
|
|-heal|p1a: Kingambit|69/100|[from] item: Leftovers
|upkeep
|turn|6
|
|t:|1776076089
|-end|p1a: Kingambit|fallenundefined|[silent]
|switch|p1a: Tornadus|Tornadus-Therian, M|100/100
|move|p2a: Polteageist|Strength Sap|p1a: Tornadus
|-unboost|p1a: Tornadus|atk|1
|-heal|p2a: Polteageist|100/100
|
|upkeep
|turn|7
|
|t:|1776076098
|move|p2a: Polteageist|Shadow Ball|p1a: Tornadus
|-damage|p1a: Tornadus|37/100
|move|p1a: Tornadus|Bleakwind Storm|p2a: Polteageist
|-supereffective|p2a: Polteageist
|-damage|p2a: Polteageist|56/100
|
|upkeep
|turn|8
|inactive|ArthurowVidal has 120 seconds left.
|
|t:|1776076108
|switch|p1a: Kyurem|Kyurem|12/100
|-ability|p1a: Kyurem|Pressure
|move|p2a: Polteageist|Shadow Ball|p1a: Kyurem
|-damage|p1a: Kyurem|0 fnt
|faint|p1a: Kyurem
|
|upkeep
|
|t:|1776076117
|switch|p1a: Tornadus|Tornadus-Therian, M|70/100
|turn|9
|
|t:|1776076126
|move|p2a: Polteageist|Shadow Ball|p1a: Tornadus
|-damage|p1a: Tornadus|12/100
|move|p1a: Tornadus|Bleakwind Storm|p2a: Polteageist|[miss]
|-miss|p1a: Tornadus|p2a: Polteageist
|
|-sideend|p2: ArthurowVidal|move: Light Screen
|upkeep
|turn|10
|
|t:|1776076135
|switch|p1a: Kingambit|Kingambit, F|69/100
|-activate|p1a: Kingambit|ability: Supreme Overlord
|-start|p1a: Kingambit|fallen1|[silent]
|move|p2a: Polteageist|Tera Blast|p1a: Kingambit|[anim] Tera Blast Fighting
|-supereffective|p1a: Kingambit
|-damage|p1a: Kingambit|0 fnt
|faint|p1a: Kingambit
|-end|p1a: Kingambit|fallen1|[silent]
|
|upkeep
|
|t:|1776076145
|switch|p1a: Tornadus|Tornadus-Therian, M|46/100
|turn|11
|inactive|ArthurowVidal has 120 seconds left.
|
|t:|1776076177
|move|p2a: Polteageist|Shadow Ball|p1a: Tornadus
|-damage|p1a: Tornadus|0 fnt
|faint|p1a: Tornadus
|
|upkeep
|
|t:|1776076185
|switch|p1a: Great Tusk|Great Tusk|100/100
|turn|12
|
|t:|1776076193
|-end|p1a: Great Tusk|Protosynthesis|[silent]
|switch|p1a: Hatterene|Hatterene, F|100/100
|move|p2a: Polteageist|Shadow Ball|p1a: Hatterene
|-supereffective|p1a: Hatterene
|-damage|p1a: Hatterene|0 fnt
|faint|p1a: Hatterene
|
|upkeep
|
|t:|1776076200
|switch|p1a: Great Tusk|Great Tusk|100/100
|turn|13
|inactive|ArthurowVidal has 120 seconds left.
|
|t:|1776076240
|move|p2a: Polteageist|Shadow Ball|p1a: Great Tusk
|-damage|p1a: Great Tusk|0 fnt
|faint|p1a: Great Tusk
|-end|p1a: Great Tusk|Protosynthesis|[silent]
|
|upkeep
|
|t:|1776076244
|switch|p1a: Cinderace|Cinderace, M|100/100
|turn|14
|
|t:|1776076247
|move|p2a: Polteageist|Shadow Ball|p1a: Cinderace
|-damage|p1a: Cinderace|0 fnt
|faint|p1a: Cinderace
|
|win|ArthurowVidal
|raw|vzn.exe's rating: 1241 &rarr; <strong>1222</strong><br />(-19 for losing)
|raw|ArthurowVidal's rating: 1327 &rarr; <strong>1342</strong><br />(+15 for winning)
