|html|<div class="broadcast-blue"><strong>[Gen 9] OU is currently suspecting Tera Blast! For information on how to participate check out the <a href="https://www.smogon.com/tools/suspects/view/200">suspect thread</a>.</strong></div>
|j|☆jparmesan
|j|☆loudclouds103
|t:|1776103207
|gametype|singles
|player|p1|jparmesan|acetrainer|1247
|player|p2|loudclouds103|1|1201
|gen|9
|tier|[Gen 9] OU
|rated|
|rule|HP Percentage Mod: HP is shown in percentages
|rule|Endless Battle Clause: Forcing endless battles is banned
|rule|Species Clause: Limit one of each Pokémon
|rule|OHKO Clause: OHKO moves are banned
|rule|Evasion Items Clause: Evasion items are banned
|rule|Evasion Moves Clause: Evasion moves are banned
|rule|Evasion Abilities Clause: Evasion abilities are banned
|rule|Sleep Moves Clause: Sleep-inducing moves are banned
|clearpoke
|poke|p1|Landorus-Therian, M|
|poke|p1|Raging Bolt|
|poke|p1|Gholdengo|
|poke|p1|Primarina, M|
|poke|p1|Ogerpon, F|
|poke|p1|Iron Treads|
|poke|p2|Hydrapple, F|
|poke|p2|Venomoth, M|
|poke|p2|Zapdos-Galar|
|poke|p2|Ogerpon-Cornerstone, F|
|poke|p2|Greninja-*, M|
|poke|p2|Corviknight, F|
|teampreview
|inactive|Battle timer is ON: inactive players will automatically lose when time's up. (requested by jparmesan)
|
|t:|1776103216
|teamsize|p1|6
|teamsize|p2|6
|start
|switch|p1a: Landorus|Landorus-Therian, M|100/100
|switch|p2a: Greninja|Greninja, M|100/100
|-ability|p1a: Landorus|Intimidate|boost
|-unboost|p2a: Greninja|atk|1
|turn|1
|
|t:|1776103227
|move|p1a: Landorus|U-turn|p2a: Greninja
|-supereffective|p2a: Greninja
|-damage|p2a: Greninja|11/100
|
|t:|1776103232
|switch|p1a: Primarina|Primarina, M|100/100|[from] U-turn
|move|p2a: Greninja|Surf|p1a: Primarina
|-resisted|p1a: Primarina
|-damage|p1a: Primarina|85/100
|-damage|p2a: Greninja|2/100|[from] item: Life Orb
|
|upkeep
|turn|2
|
|t:|1776103243
|switch|p2a: Ogerpon|Ogerpon-Cornerstone, F|100/100
|move|p1a: Primarina|Flip Turn|p2a: Ogerpon
|-damage|p2a: Ogerpon|81/100
|
|t:|1776103256
|switch|p1a: Landorus|Landorus-Therian, M|100/100|[from] Flip Turn
|-ability|p1a: Landorus|Intimidate|boost
|-unboost|p2a: Ogerpon|atk|1
|
|upkeep
|turn|3
|
|t:|1776103275
|move|p1a: Landorus|Earthquake|p2a: Ogerpon
|-damage|p2a: Ogerpon|13/100
|move|p2a: Ogerpon|Horn Leech|p1a: Landorus
|-damage|p1a: Landorus|67/100
|-heal|p2a: Ogerpon|31/100|[from] drain|[of] p1a: Landorus
|
|upkeep
|turn|4
|
|t:|1776103292
|switch|p1a: Iron Treads|Iron Treads|100/100
|move|p2a: Ogerpon|Spiky Shield||[still]
|-fail|p2a: Ogerpon
|
|upkeep
|turn|5
|
|t:|1776103298
|move|p2a: Ogerpon|Horn Leech|p1a: Iron Treads
|-damage|p1a: Iron Treads|78/100
|-heal|p2a: Ogerpon|43/100|[from] drain|[of] p1a: Iron Treads
|move|p1a: Iron Treads|Stealth Rock|p2a: Ogerpon
|-sidestart|p2: loudclouds103|move: Stealth Rock
|
|-heal|p1a: Iron Treads|84/100|[from] item: Leftovers
|upkeep
|turn|6
|
|t:|1776103311
|switch|p2a: Zapdos|Zapdos-Galar|100/100
|-damage|p2a: Zapdos|88/100|[from] Stealth Rock
|move|p1a: Iron Treads|Earthquake|p2a: Zapdos
|-immune|p2a: Zapdos
|
|-heal|p1a: Iron Treads|90/100|[from] item: Leftovers
|upkeep
|turn|7
|
|t:|1776103318
|-end|p1a: Iron Treads|Quark Drive|[silent]
|switch|p1a: Landorus|Landorus-Therian, M|67/100
|-ability|p1a: Landorus|Intimidate|boost
|-unboost|p2a: Zapdos|atk|1
|-ability|p2a: Zapdos|Defiant|boost
|-boost|p2a: Zapdos|atk|2
|move|p2a: Zapdos|Knock Off|p1a: Landorus
|-damage|p1a: Landorus|10/100
|-enditem|p1a: Landorus|Choice Scarf|[from] move: Knock Off|[of] p2a: Zapdos
|
|upkeep
|turn|8
|
|t:|1776103327
|move|p2a: Zapdos|Knock Off|p1a: Landorus
|-damage|p1a: Landorus|0 fnt
|faint|p1a: Landorus
|
|upkeep
|
|t:|1776103333
|switch|p1a: Raging Bolt|Raging Bolt|100/100
|turn|9
|
|t:|1776103342
|switch|p2a: Ogerpon|Ogerpon-Cornerstone, F|43/100
|-damage|p2a: Ogerpon|31/100|[from] Stealth Rock
|move|p1a: Raging Bolt|Thunderclap||[still]
|-fail|p1a: Raging Bolt
|
|upkeep
|turn|10
|
|t:|1776103348
|move|p1a: Raging Bolt|Thunderclap|p2a: Ogerpon
|-resisted|p2a: Ogerpon
|-damage|p2a: Ogerpon|9/100
|move|p2a: Ogerpon|Play Rough|p1a: Raging Bolt
|-supereffective|p1a: Raging Bolt
|-damage|p1a: Raging Bolt|33/100
|
|-heal|p1a: Raging Bolt|39/100|[from] item: Leftovers
|upkeep
|turn|11
|
|t:|1776103358
|move|p1a: Raging Bolt|Thunderclap|p2a: Ogerpon
|-resisted|p2a: Ogerpon
|-damage|p2a: Ogerpon|0 fnt
|faint|p2a: Ogerpon
|
|-heal|p1a: Raging Bolt|45/100|[from] item: Leftovers
|upkeep
|
|t:|1776103370
|switch|p2a: Hydrapple|Hydrapple, F|100/100
|-damage|p2a: Hydrapple|88/100|[from] Stealth Rock
|turn|12
|
|t:|1776103376
|move|p1a: Raging Bolt|Dragon Pulse|p2a: Hydrapple
|-supereffective|p2a: Hydrapple
|-damage|p2a: Hydrapple|0 fnt
|faint|p2a: Hydrapple
|
|-heal|p1a: Raging Bolt|52/100|[from] item: Leftovers
|upkeep
|
|t:|1776103380
|switch|p2a: Venomoth|Venomoth, M|100/100
|-damage|p2a: Venomoth|76/100|[from] Stealth Rock
|turn|13
|
|t:|1776103389
|move|p2a: Venomoth|Sludge Wave|p1a: Raging Bolt
|-crit|p1a: Raging Bolt
|-damage|p1a: Raging Bolt|0 fnt
|faint|p1a: Raging Bolt
|-end|p1a: Raging Bolt|Protosynthesis|[silent]
|
|upkeep
|
|t:|1776103400
|switch|p1a: Gholdengo|Gholdengo|100/100
|turn|14
|
|t:|1776103410
|switch|p2a: Greninja|Greninja, M|2/100
|-damage|p2a: Greninja|0 fnt|[from] Stealth Rock
|faint|p2a: Greninja
|move|p1a: Gholdengo|Thunder Wave|p2: Greninja|[notarget]
|-fail|p1a: Gholdengo
|
|upkeep
|
|t:|1776103417
|switch|p2a: Zapdos|Zapdos-Galar|88/100
|-damage|p2a: Zapdos|76/100|[from] Stealth Rock
|turn|15
|-message|loudclouds103 forfeited.
|
|win|jparmesan
|raw|jparmesan's rating: 1247 &rarr; <strong>1269</strong><br />(+22 for winning)
|raw|loudclouds103's rating: 1201 &rarr; <strong>1179</strong><br />(-22 for losing)
|l|☆loudclouds103
|player|p2|
|l|☆jparmesan
|player|p1|
