|html|<div class="broadcast-blue"><strong>[Gen 9] OU is currently suspecting Tera Blast! For information on how to participate check out the <a href="https://www.smogon.com/tools/suspects/view/200">suspect thread</a>.</strong></div>
|j|☆magistermilitum420
|j|☆Just_A_Metalhead
|t:|1776196708
|gametype|singles
|player|p1|magistermilitum420|blue|1326
|player|p2|Just_A_Metalhead|burgh|1325
|gen|9
|tier|[Gen 9] OU
|rated|
|rule|HP Percentage Mod: HP is shown in percentages
|rule|Endless Battle Clause: Forcing endless battles is banned
|rule|Species Clause: Limit one of each Pokémon
|rule|OHKO Clause: OHKO moves are banned
|rule|Evasion Items Clause: Evasion items are banned
|rule|Evasion Moves Clause: Evasion moves are banned
|rule|Evasion Abilities Clause: Evasion abilities are banned
|rule|Sleep Moves Clause: Sleep-inducing moves are banned
|clearpoke
|poke|p1|Meowscarada, F|
|poke|p1|Great Tusk|
|poke|p1|Alomomola, M|
|poke|p1|Slowking-Galar, F|
|poke|p1|Iron Valiant|
|poke|p1|Heatran, M|
|poke|p2|Great Tusk|
|poke|p2|Iron Valiant|
|poke|p2|Meowscarada, F|
|poke|p2|Toxapex, F|
|poke|p2|Dragapult, M|
|poke|p2|Raging Bolt|
|teampreview
|
|t:|1776196713
|teamsize|p1|6
|teamsize|p2|6
|start
|switch|p1a: Mahad|Meowscarada, F, shiny|100/100
|switch|p2a: Great Tusk|Great Tusk|100/100
|turn|1
|
|t:|1776196720
|-end|p2a: Great Tusk|Protosynthesis|[silent]
|switch|p2a: Toxapex|Toxapex, F|100/100
|move|p1a: Mahad|Flower Trick|p2a: Toxapex
|-start|p1a: Mahad|typechange|Grass|[from] ability: Protean
|-crit|p2a: Toxapex
|-damage|p2a: Toxapex|69/100
|
|-heal|p2a: Toxapex|75/100|[from] item: Black Sludge
|upkeep
|turn|2
|
|t:|1776196731
|switch|p1a: Vulcanus|Heatran, M, shiny|100/100
|move|p2a: Toxapex|Toxic|p1a: Vulcanus
|-immune|p1a: Vulcanus
|
|-heal|p2a: Toxapex|81/100|[from] item: Black Sludge
|upkeep
|turn|3
|
|t:|1776196739
|switch|p2a: Great Tusk|Great Tusk|100/100
|move|p1a: Vulcanus|Earth Power|p2a: Great Tusk
|-damage|p2a: Great Tusk|23/100
|
|upkeep
|turn|4
|
|t:|1776196750
|switch|p1a: Charybdis|Alomomola, M, shiny|100/100
|move|p2a: Great Tusk|Headlong Rush|p1a: Charybdis
|-damage|p1a: Charybdis|67/100
|-unboost|p2a: Great Tusk|def|1
|-unboost|p2a: Great Tusk|spd|1
|-damage|p2a: Great Tusk|6/100|[from] item: Rocky Helmet|[of] p1a: Charybdis
|
|upkeep
|turn|5
|
|t:|1776196759
|-end|p2a: Great Tusk|Protosynthesis|[silent]
|switch|p2a: Meowscarada|Meowscarada, F, shiny|100/100
|move|p1a: Charybdis|Wish|p1a: Charybdis
|
|upkeep
|turn|6
|
|t:|1776196769
|move|p1a: Charybdis|Protect|p1a: Charybdis
|-singleturn|p1a: Charybdis|Protect
|move|p2a: Meowscarada|Flower Trick|p1a: Charybdis
|-start|p2a: Meowscarada|typechange|Grass|[from] ability: Protean
|-activate|p1a: Charybdis|move: Protect
|
|-heal|p1a: Charybdis|100/100|[from] move: Wish|[wisher] Charybdis
|upkeep
|turn|7
|
|t:|1776196780
|switch|p1a: Mahad|Meowscarada, F, shiny|100/100
|move|p2a: Meowscarada|Flower Trick|p1a: Mahad
|-resisted|p1a: Mahad
|-crit|p1a: Mahad
|-damage|p1a: Mahad|42/100
|
|upkeep
|turn|8
|
|t:|1776196787
|move|p1a: Mahad|U-turn|p2a: Meowscarada
|-start|p1a: Mahad|typechange|Bug|[from] ability: Protean
|-supereffective|p2a: Meowscarada
|-damage|p2a: Meowscarada|0 fnt
|faint|p2a: Meowscarada
|
|t:|1776196797
|switch|p1a: Barca|Great Tusk|100/100|[from] U-turn
|
|upkeep
|
|t:|1776196802
|switch|p2a: Iron Valiant|Iron Valiant, shiny|100/100
|-enditem|p2a: Iron Valiant|Booster Energy
|-activate|p2a: Iron Valiant|ability: Quark Drive|[fromitem]
|-start|p2a: Iron Valiant|quarkdrivespe
|turn|9
|
|t:|1776196817
|-end|p1a: Barca|Protosynthesis|[silent]
|switch|p1a: Mithridates|Slowking-Galar, F|100/100
|move|p2a: Iron Valiant|Moonblast|p1a: Mithridates
|-resisted|p1a: Mithridates
|-damage|p1a: Mithridates|90/100
|
|upkeep
|turn|10
|-message|Just_A_Metalhead forfeited.
|
|win|magistermilitum420
|raw|magistermilitum420's rating: 1326 &rarr; <strong>1346</strong><br />(+20 for winning)
|raw|Just_A_Metalhead's rating: 1325 &rarr; <strong>1305</strong><br />(-20 for losing)
|l|☆Just_A_Metalhead
|player|p2|
