|html|<div class="broadcast-blue"><strong>[Gen 9] OU is currently suspecting Tera Blast! For information on how to participate check out the <a href="https://www.smogon.com/tools/suspects/view/200">suspect thread</a>.</strong></div>
|j|☆unknownx20
|j|☆krookodile fangirl
|t:|1776035721
|gametype|singles
|player|p1|unknownx20|acetrainersnowf|1246
|player|p2|krookodile fangirl|roughneck|1242
|gen|9
|tier|[Gen 9] OU
|rated|
|rule|HP Percentage Mod: HP is shown in percentages
|rule|Endless Battle Clause: Forcing endless battles is banned
|rule|Species Clause: Limit one of each Pokémon
|rule|OHKO Clause: OHKO moves are banned
|rule|Evasion Items Clause: Evasion items are banned
|rule|Evasion Moves Clause: Evasion moves are banned
|rule|Evasion Abilities Clause: Evasion abilities are banned
|rule|Sleep Moves Clause: Sleep-inducing moves are banned
|clearpoke
|poke|p1|Tyranitar, F|
|poke|p1|Gliscor, F|
|poke|p1|Dragapult, F|
|poke|p1|Corviknight, M|
|poke|p1|Klefki, M|
|poke|p1|Kingambit, F|
|poke|p2|Krookodile, M|
|poke|p2|Typhlosion-Hisui, M|
|poke|p2|Deoxys-Speed|
|poke|p2|Iron Hands|
|poke|p2|Ogerpon-Wellspring, F|
|poke|p2|Corviknight, F|
|teampreview
|inactive|Battle timer is ON: inactive players will automatically lose when time's up. (requested by krookodile fangirl)
|
|t:|1776035726
|teamsize|p1|6
|teamsize|p2|6
|start
|switch|p1a: Klefki|Klefki, M|100/100
|switch|p2a: Invader Zim|Deoxys-Speed, shiny|100/100
|-ability|p2a: Invader Zim|Pressure
|turn|1
|
|t:|1776035732
|switch|p2a: Tiramisu|Krookodile, M, shiny|100/100
|move|p1a: Klefki|Thunder Wave|p2a: Tiramisu
|-immune|p2a: Tiramisu
|
|upkeep
|turn|2
|
|t:|1776035738
|move|p1a: Klefki|Reflect|p1a: Klefki
|-sidestart|p1: unknownx20|Reflect
|move|p2a: Tiramisu|Knock Off|p1a: Klefki
|-resisted|p1a: Klefki
|-damage|p1a: Klefki|90/100
|-enditem|p1a: Klefki|Light Clay|[from] move: Knock Off|[of] p2a: Tiramisu
|
|upkeep
|turn|3
|
|t:|1776035744
|move|p1a: Klefki|Light Screen|p1a: Klefki
|-sidestart|p1: unknownx20|move: Light Screen
|move|p2a: Tiramisu|Earthquake|p1a: Klefki
|-supereffective|p1a: Klefki
|-damage|p1a: Klefki|48/100
|
|upkeep
|turn|4
|
|t:|1776035751
|move|p1a: Klefki|Spikes|p2a: Tiramisu
|-sidestart|p2: krookodile fangirl|Spikes
|move|p2a: Tiramisu|Earthquake|p1a: Klefki
|-supereffective|p1a: Klefki
|-damage|p1a: Klefki|6/100
|
|upkeep
|turn|5
|
|t:|1776035758
|move|p1a: Klefki|Spikes|p2a: Tiramisu
|-sidestart|p2: krookodile fangirl|Spikes
|move|p2a: Tiramisu|Knock Off|p1a: Klefki
|-resisted|p1a: Klefki
|-damage|p1a: Klefki|0 fnt
|faint|p1a: Klefki
|-ability|p2a: Tiramisu|Moxie|boost
|-boost|p2a: Tiramisu|atk|1
|
|upkeep
|
|t:|1776035778
|switch|p1a: Dragapult|Dragapult, F|100/100
|turn|6
|
|t:|1776035782
|move|p1a: Dragapult|U-turn|p2a: Tiramisu
|-supereffective|p2a: Tiramisu
|-crit|p2a: Tiramisu
|-damage|p2a: Tiramisu|40/100
|
|t:|1776035790
|switch|p1a: Tyranitar|Tyranitar, F|100/100|[from] U-turn
|-weather|Sandstorm|[from] ability: Sand Stream|[of] p1a: Tyranitar
|move|p2a: Tiramisu|Knock Off|p1a: Tyranitar
|-resisted|p1a: Tyranitar
|-damage|p1a: Tyranitar|88/100
|-enditem|p1a: Tyranitar|Smooth Rock|[from] move: Knock Off|[of] p2a: Tiramisu
|
|-weather|Sandstorm|[upkeep]
|upkeep
|turn|7
|
|t:|1776035804
|move|p2a: Tiramisu|Close Combat|p1a: Tyranitar
|-supereffective|p1a: Tyranitar
|-damage|p1a: Tyranitar|0 fnt
|-unboost|p2a: Tiramisu|def|1
|-unboost|p2a: Tiramisu|spd|1
|faint|p1a: Tyranitar
|-ability|p2a: Tiramisu|Moxie|boost
|-boost|p2a: Tiramisu|atk|1
|
|-weather|Sandstorm|[upkeep]
|-sideend|p1: unknownx20|move: Light Screen
|upkeep
|
|t:|1776035813
|switch|p1a: Dragapult|Dragapult, F|100/100
|turn|8
|
|t:|1776035817
|switch|p2a: Meta Slave|Corviknight, F|100/100
|move|p1a: Dragapult|U-turn|p2a: Meta Slave
|-resisted|p2a: Meta Slave
|-damage|p2a: Meta Slave|97/100
|-damage|p1a: Dragapult|84/100|[from] item: Rocky Helmet|[of] p2a: Meta Slave
|
|t:|1776035826
|switch|p1a: Corviknight|Corviknight, M|100/100|[from] U-turn
|
|-weather|Sandstorm|[upkeep]
|upkeep
|turn|9
|
|t:|1776035833
|move|p2a: Meta Slave|Defog|p1a: Corviknight
|-ability|p1a: Corviknight|Mirror Armor
|-unboost|p2a: Meta Slave|evasion|1
|-sideend|p1: unknownx20|Reflect
|-sideend|p2: krookodile fangirl|Spikes|[from] move: Defog|[of] p2a: Meta Slave
|move|p1a: Corviknight|Brave Bird|p2a: Meta Slave
|-resisted|p2a: Meta Slave
|-damage|p2a: Meta Slave|83/100
|-damage|p1a: Corviknight|84/100|[from] item: Rocky Helmet|[of] p2a: Meta Slave
|-damage|p1a: Corviknight|79/100|[from] Recoil
|
|-weather|Sandstorm|[upkeep]
|upkeep
|turn|10
|
|t:|1776035846
|move|p1a: Corviknight|Roost|p1a: Corviknight
|-heal|p1a: Corviknight|100/100
|-singleturn|p1a: Corviknight|move: Roost
|move|p2a: Meta Slave|Iron Head|p1a: Corviknight
|-resisted|p1a: Corviknight
|-damage|p1a: Corviknight|88/100
|-damage|p2a: Meta Slave|66/100|[from] item: Rocky Helmet|[of] p1a: Corviknight
|
|-weather|Sandstorm|[upkeep]
|upkeep
|turn|11
|
|t:|1776035857
|move|p2a: Meta Slave|U-turn|p1a: Corviknight
|-resisted|p1a: Corviknight
|-damage|p1a: Corviknight|84/100
|-damage|p2a: Meta Slave|50/100|[from] item: Rocky Helmet|[of] p1a: Corviknight
|
|t:|1776035861
|switch|p2a: THE ALLEGATIONS|Typhlosion-Hisui, M|100/100|[from] U-turn
|-item|p1a: Corviknight|Rocky Helmet|[from] ability: Frisk|[of] p2a: THE ALLEGATIONS
|move|p1a: Corviknight|U-turn|p2a: THE ALLEGATIONS
|-resisted|p2a: THE ALLEGATIONS
|-damage|p2a: THE ALLEGATIONS|95/100
|
|t:|1776035868
|switch|p1a: Dragapult|Dragapult, F|84/100|[from] U-turn
|
|-weather|Sandstorm|[upkeep]
|-damage|p2a: THE ALLEGATIONS|89/100|[from] Sandstorm
|-damage|p1a: Dragapult|78/100|[from] Sandstorm
|upkeep
|turn|12
|
|t:|1776035878
|-terastallize|p2a: THE ALLEGATIONS|Fairy
|move|p2a: THE ALLEGATIONS|Tera Blast|p1a: Dragapult|[anim] Tera Blast Fairy
|-supereffective|p1a: Dragapult
|-damage|p1a: Dragapult|0 fnt
|faint|p1a: Dragapult
|
|-weather|Sandstorm|[upkeep]
|-damage|p2a: THE ALLEGATIONS|83/100|[from] Sandstorm
|upkeep
|
|t:|1776035893
|switch|p1a: Gliscor|Gliscor, F|100/100
|turn|13
|
|t:|1776035897
|switch|p2a: Majora|Ogerpon-Wellspring, F|100/100
|move|p1a: Gliscor|Toxic|p2a: Majora
|-status|p2a: Majora|tox
|
|-weather|none
|-damage|p2a: Majora|94/100 tox|[from] psn
|-status|p1a: Gliscor|tox|[from] item: Toxic Orb
|upkeep
|turn|14
|
|t:|1776035908
|move|p2a: Majora|Swords Dance|p2a: Majora
|-boost|p2a: Majora|atk|2
|move|p1a: Gliscor|Substitute|p1a: Gliscor
|-start|p1a: Gliscor|Substitute
|-damage|p1a: Gliscor|76/100 tox
|
|-damage|p2a: Majora|82/100 tox|[from] psn
|-heal|p1a: Gliscor|88/100 tox|[from] ability: Poison Heal
|upkeep
|turn|15
|
|t:|1776035921
|move|p1a: Gliscor|Protect|p1a: Gliscor
|-singleturn|p1a: Gliscor|Protect
|move|p2a: Majora|Horn Leech|p1a: Gliscor
|-activate|p1a: Gliscor|move: Protect
|
|-damage|p2a: Majora|64/100 tox|[from] psn
|-heal|p1a: Gliscor|99/100 tox|[from] ability: Poison Heal
|upkeep
|turn|16
|
|t:|1776035939
|move|p2a: Majora|Horn Leech|p1a: Gliscor
|-end|p1a: Gliscor|Substitute
|-heal|p2a: Majora|78/100 tox|[from] drain|[of] p1a: Gliscor
|move|p1a: Gliscor|Earthquake|p2a: Majora
|-resisted|p2a: Majora
|-damage|p2a: Majora|58/100 tox
|
|-damage|p2a: Majora|34/100 tox|[from] psn
|-heal|p1a: Gliscor|100/100 tox|[from] ability: Poison Heal
|upkeep
|turn|17
|
|t:|1776035949
|switch|p2a: Invader Zim|Deoxys-Speed, shiny|100/100
|-ability|p2a: Invader Zim|Pressure
|move|p1a: Gliscor|Protect||[still]
|-fail|p1a: Gliscor
|
|upkeep
|turn|18
|
|t:|1776035955
|move|p2a: Invader Zim|Ice Beam|p1a: Gliscor
|-supereffective|p1a: Gliscor
|-damage|p1a: Gliscor|0 fnt
|faint|p1a: Gliscor
|-damage|p2a: Invader Zim|91/100|[from] item: Life Orb
|
|upkeep
|
|t:|1776035961
|switch|p1a: Kingambit|Kingambit, F|100/100
|-activate|p1a: Kingambit|ability: Supreme Overlord
|-start|p1a: Kingambit|fallen4|[silent]
|turn|19
|
|t:|1776035966
|move|p1a: Kingambit|Sucker Punch||[still]
|-fail|p1a: Kingambit
|move|p2a: Invader Zim|Taunt|p1a: Kingambit
|-start|p1a: Kingambit|move: Taunt
|
|upkeep
|turn|20
|
|t:|1776035973
|-end|p1a: Kingambit|fallen4|[silent]
|switch|p1a: Corviknight|Corviknight, M|84/100
|move|p2a: Invader Zim|Ice Beam|p1a: Corviknight
|-damage|p1a: Corviknight|56/100
|-damage|p2a: Invader Zim|81/100|[from] item: Life Orb
|
|upkeep
|turn|21
|
|t:|1776035981
|move|p2a: Invader Zim|Ice Beam|p1a: Corviknight
|-damage|p1a: Corviknight|33/100
|-damage|p2a: Invader Zim|72/100|[from] item: Life Orb
|move|p1a: Corviknight|U-turn|p2a: Invader Zim
|-supereffective|p2a: Invader Zim
|-damage|p2a: Invader Zim|31/100
|
|t:|1776035987
|switch|p1a: Kingambit|Kingambit, F|100/100|[from] U-turn
|-activate|p1a: Kingambit|ability: Supreme Overlord
|-start|p1a: Kingambit|fallen4|[silent]
|
|upkeep
|turn|22
|
|t:|1776035999
|move|p2a: Invader Zim|Taunt|p1a: Kingambit
|-start|p1a: Kingambit|move: Taunt
|move|p1a: Kingambit|Kowtow Cleave|p2a: Invader Zim
|-supereffective|p2a: Invader Zim
|-crit|p2a: Invader Zim
|-damage|p2a: Invader Zim|0 fnt
|faint|p2a: Invader Zim
|
|upkeep
|
|t:|1776036003
|switch|p2a: Adam Smasher|Iron Hands|100/100
|turn|23
|
|t:|1776036012
|-end|p1a: Kingambit|fallen4|[silent]
|switch|p1a: Corviknight|Corviknight, M|33/100
|move|p2a: Adam Smasher|Drain Punch|p1a: Corviknight
|-damage|p1a: Corviknight|0 fnt
|-damage|p2a: Adam Smasher|84/100|[from] item: Rocky Helmet|[of] p1a: Corviknight
|faint|p1a: Corviknight
|
|upkeep
|
|t:|1776036018
|switch|p1a: Kingambit|Kingambit, F|100/100
|-activate|p1a: Kingambit|ability: Supreme Overlord
|-start|p1a: Kingambit|fallen5|[silent]
|turn|24
|
|t:|1776036026
|-terastallize|p1a: Kingambit|Flying
|move|p2a: Adam Smasher|Drain Punch|p1a: Kingambit
|-resisted|p1a: Kingambit
|-damage|p1a: Kingambit|85/100
|-heal|p2a: Adam Smasher|91/100|[from] drain|[of] p1a: Kingambit
|move|p1a: Kingambit|Swords Dance|p1a: Kingambit
|-boost|p1a: Kingambit|atk|2
|
|upkeep
|turn|25
|
|t:|1776036040
|move|p2a: Adam Smasher|Supercell Slam|p1a: Kingambit
|-supereffective|p1a: Kingambit
|-damage|p1a: Kingambit|0 fnt
|faint|p1a: Kingambit
|-end|p1a: Kingambit|fallen5|[silent]
|
|win|krookodile fangirl
|raw|unknownx20's rating: 1246 &rarr; <strong>1221</strong><br />(-25 for losing)
|raw|krookodile fangirl's rating: 1242 &rarr; <strong>1267</strong><br />(+25 for winning)
|l|☆unknownx20
|player|p1|
