|html|<div class="broadcast-blue"><strong>[Gen 9] OU is currently suspecting Tera Blast! For information on how to participate check out the <a href="https://www.smogon.com/tools/suspects/view/200">suspect thread</a>.</strong></div>
|j|☆dasdadawdasdad
|j|☆tucsday
|t:|1776252881
|gametype|singles
|player|p1|dasdadawdasdad|preschooler|1231
|player|p2|tucsday|1|1239
|gen|9
|tier|[Gen 9] OU
|rated|
|rule|HP Percentage Mod: HP is shown in percentages
|rule|Endless Battle Clause: Forcing endless battles is banned
|rule|Species Clause: Limit one of each Pokémon
|rule|OHKO Clause: OHKO moves are banned
|rule|Evasion Items Clause: Evasion items are banned
|rule|Evasion Moves Clause: Evasion moves are banned
|rule|Evasion Abilities Clause: Evasion abilities are banned
|rule|Sleep Moves Clause: Sleep-inducing moves are banned
|clearpoke
|poke|p1|Heatran, F|
|poke|p1|Alomomola, M|
|poke|p1|Gliscor, M|
|poke|p1|Corviknight, M|
|poke|p1|Garganacl, F|
|poke|p1|Clodsire, M|
|poke|p2|Dragonite, M|
|poke|p2|Iron Crown|
|poke|p2|Corviknight, M|
|poke|p2|Serperior, M|
|poke|p2|Blissey, F|
|poke|p2|Raging Bolt|
|teampreview
|
|t:|1776252887
|teamsize|p1|6
|teamsize|p2|6
|start
|switch|p1a: Garganacl|Garganacl, F|100/100
|switch|p2a: Iron Crown|Iron Crown|100/100
|-enditem|p2a: Iron Crown|Booster Energy
|-activate|p2a: Iron Crown|ability: Quark Drive|[fromitem]
|-start|p2a: Iron Crown|quarkdrivespe
|turn|1
|
|t:|1776252895
|-terastallize|p1a: Garganacl|Flying
|move|p2a: Iron Crown|Calm Mind|p2a: Iron Crown
|-boost|p2a: Iron Crown|spa|1
|-boost|p2a: Iron Crown|spd|1
|move|p1a: Garganacl|Salt Cure|p2a: Iron Crown
|-resisted|p2a: Iron Crown
|-damage|p2a: Iron Crown|94/100
|-start|p2a: Iron Crown|Salt Cure
|
|-damage|p2a: Iron Crown|69/100|[from] Salt Cure
|upkeep
|turn|2
|inactive|Battle timer is ON: inactive players will automatically lose when time's up. (requested by tucsday)
|
|t:|1776252904
|move|p2a: Iron Crown|Tachyon Cutter|p1a: Garganacl
|-damage|p1a: Garganacl|74/100
|-damage|p1a: Garganacl|45/100
|-enditem|p1a: Garganacl|Sitrus Berry|[eat]
|-heal|p1a: Garganacl|70/100|[from] item: Sitrus Berry
|-hitcount|p1a: Garganacl|2
|move|p1a: Garganacl|Stealth Rock|p2a: Iron Crown
|-sidestart|p2: tucsday|move: Stealth Rock
|
|-damage|p2a: Iron Crown|44/100|[from] Salt Cure
|upkeep
|turn|3
|
|t:|1776252917
|move|p2a: Iron Crown|Volt Switch|p1a: Garganacl
|-supereffective|p1a: Garganacl
|-damage|p1a: Garganacl|16/100
|
|t:|1776252942
|-end|p2a: Iron Crown|Quark Drive|[silent]
|switch|p2a: Dragonite|Dragonite, M|100/100|[from] Volt Switch
|-damage|p2a: Dragonite|75/100|[from] Stealth Rock
|move|p1a: Garganacl|Recover|p1a: Garganacl
|-heal|p1a: Garganacl|66/100
|
|upkeep
|turn|4
|
|t:|1776252953
|move|p2a: Dragonite|Dragon Dance|p2a: Dragonite
|-boost|p2a: Dragonite|atk|1
|-boost|p2a: Dragonite|spe|1
|move|p1a: Garganacl|Salt Cure|p2a: Dragonite
|-supereffective|p2a: Dragonite
|-damage|p2a: Dragonite|50/100
|-start|p2a: Dragonite|Salt Cure
|-enditem|p2a: Dragonite|Weakness Policy
|-boost|p2a: Dragonite|atk|2|[from] item: Weakness Policy
|-boost|p2a: Dragonite|spa|2|[from] item: Weakness Policy
|
|-damage|p2a: Dragonite|38/100|[from] Salt Cure
|upkeep
|turn|5
|inactive|tucsday has 120 seconds left.
|
|t:|1776252982
|move|p1a: Garganacl|Protect|p1a: Garganacl
|-singleturn|p1a: Garganacl|Protect
|move|p2a: Dragonite|Dragon Claw|p1a: Garganacl
|-activate|p1a: Garganacl|move: Protect
|
|-damage|p2a: Dragonite|25/100|[from] Salt Cure
|upkeep
|turn|6
|
|t:|1776252990
|switch|p1a: Corviknight|Corviknight, M|100/100
|-ability|p1a: Corviknight|Pressure
|move|p2a: Dragonite|Dragon Claw|p1a: Corviknight
|-resisted|p1a: Corviknight
|-damage|p1a: Corviknight|66/100
|-damage|p2a: Dragonite|9/100|[from] item: Rocky Helmet|[of] p1a: Corviknight
|
|-damage|p2a: Dragonite|0 fnt|[from] Salt Cure
|faint|p2a: Dragonite
|upkeep
|
|t:|1776252998
|switch|p2a: Raging Bolt|Raging Bolt|100/100
|-damage|p2a: Raging Bolt|88/100|[from] Stealth Rock
|turn|7
|
|t:|1776253010
|switch|p1a: Clodsire|Clodsire, M|100/100
|move|p2a: Raging Bolt|Volt Switch|p1a: Clodsire
|-immune|p1a: Clodsire
|
|upkeep
|turn|8
|
|t:|1776253016
|move|p2a: Raging Bolt|Draco Meteor|p1a: Clodsire
|-damage|p1a: Clodsire|60/100
|-unboost|p2a: Raging Bolt|spa|2
|move|p1a: Clodsire|Toxic|p2a: Raging Bolt
|-status|p2a: Raging Bolt|tox
|
|-heal|p1a: Clodsire|67/100|[from] item: Leftovers
|-damage|p2a: Raging Bolt|82/100 tox|[from] psn
|upkeep
|turn|9
|
|t:|1776253028
|-end|p2a: Raging Bolt|Protosynthesis|[silent]
|switch|p2a: Serperior|Serperior, M, shiny|100/100
|-damage|p2a: Serperior|88/100|[from] Stealth Rock
|move|p1a: Clodsire|Protect||[still]
|-fail|p1a: Clodsire
|
|-heal|p1a: Clodsire|73/100|[from] item: Leftovers
|upkeep
|turn|10
|
|t:|1776253035
|move|p2a: Serperior|Substitute|p2a: Serperior
|-start|p2a: Serperior|Substitute
|-damage|p2a: Serperior|63/100
|move|p1a: Clodsire|Toxic||[still]
|-fail|p1a: Clodsire
|
|-heal|p1a: Clodsire|79/100|[from] item: Leftovers
|upkeep
|turn|11
|
|t:|1776253044
|move|p2a: Serperior|Leaf Storm|p1a: Clodsire
|-damage|p1a: Clodsire|52/100
|-boost|p2a: Serperior|spa|2
|move|p1a: Clodsire|Rock Tomb|p2a: Serperior
|-activate|p2a: Serperior|move: Substitute|[damage]
|
|-heal|p1a: Clodsire|58/100|[from] item: Leftovers
|upkeep
|turn|12
|
|t:|1776253053
|move|p2a: Serperior|Leaf Storm|p1a: Clodsire
|-damage|p1a: Clodsire|33/100
|-boost|p2a: Serperior|spa|2
|move|p1a: Clodsire|Recover|p1a: Clodsire
|-heal|p1a: Clodsire|83/100
|
|-heal|p1a: Clodsire|89/100|[from] item: Leftovers
|upkeep
|turn|13
|
|t:|1776253063
|-terastallize|p2a: Serperior|Fire
|move|p2a: Serperior|Tera Blast|p1a: Clodsire|[anim] Tera Blast Fire
|-damage|p1a: Clodsire|72/100
|move|p1a: Clodsire|Rock Tomb|p2a: Serperior
|-supereffective|p2a: Serperior
|-end|p2a: Serperior|Substitute
|
|-heal|p1a: Clodsire|79/100|[from] item: Leftovers
|upkeep
|turn|14
|-message|tucsday forfeited.
|
|win|dasdadawdasdad
|raw|dasdadawdasdad's rating: 1231 &rarr; <strong>1257</strong><br />(+26 for winning)
|raw|tucsday's rating: 1239 &rarr; <strong>1213</strong><br />(-26 for losing)
|l|☆tucsday
|player|p2|
