|html|<div class="broadcast-blue"><strong>[Gen 9] OU is currently suspecting Tera Blast! For information on how to participate check out the <a href="https://www.smogon.com/tools/suspects/view/200">suspect thread</a>.</strong></div>
|j|☆666kb
|j|☆la5495
|t:|1776056570
|gametype|singles
|player|p1|666kb|red|1246
|player|p2|la5495|ghetsis|1258
|gen|9
|tier|[Gen 9] OU
|rated|
|rule|HP Percentage Mod: HP is shown in percentages
|rule|Endless Battle Clause: Forcing endless battles is banned
|rule|Species Clause: Limit one of each Pokémon
|rule|OHKO Clause: OHKO moves are banned
|rule|Evasion Items Clause: Evasion items are banned
|rule|Evasion Moves Clause: Evasion moves are banned
|rule|Evasion Abilities Clause: Evasion abilities are banned
|rule|Sleep Moves Clause: Sleep-inducing moves are banned
|clearpoke
|poke|p1|Goodra-Hisui, M|
|poke|p1|Walking Wake|
|poke|p1|Torkoal, F|
|poke|p1|Lilligant-Hisui, F|
|poke|p1|Gliscor, F|
|poke|p1|Kingambit, F|
|poke|p2|Cobalion|
|poke|p2|Iron Moth|
|poke|p2|Pecharunt|
|poke|p2|Great Tusk|
|poke|p2|Slither Wing|
|poke|p2|Primarina, F|
|teampreview
|inactive|Battle timer is ON: inactive players will automatically lose when time's up. (requested by la5495)
|inactive|la5495 has 120 seconds left.
|
|t:|1776056606
|teamsize|p1|6
|teamsize|p2|6
|start
|switch|p1a: Torkoal|Torkoal, F|100/100
|switch|p2a: Great Tusk|Great Tusk|100/100
|-weather|SunnyDay|[from] ability: Drought|[of] p1a: Torkoal
|-activate|p2a: Great Tusk|ability: Protosynthesis
|-start|p2a: Great Tusk|protosynthesisatk
|turn|1
|
|t:|1776056620
|move|p2a: Great Tusk|Rapid Spin|p1a: Torkoal
|-damage|p1a: Torkoal|86/100
|-boost|p2a: Great Tusk|spe|1
|move|p1a: Torkoal|Solar Beam||[still]
|-prepare|p1a: Torkoal|Solar Beam
|-anim|p1a: Torkoal|Solar Beam|p2a: Great Tusk
|-supereffective|p2a: Great Tusk
|-damage|p2a: Great Tusk|20/100
|
|-weather|SunnyDay|[upkeep]
|-heal|p2a: Great Tusk|26/100|[from] item: Leftovers
|upkeep
|turn|2
|
|t:|1776056632
|switch|p1a: Gliscor|Gliscor, F|100/100
|move|p2a: Great Tusk|Headlong Rush|p1a: Gliscor
|-immune|p1a: Gliscor
|
|-weather|SunnyDay|[upkeep]
|-heal|p2a: Great Tusk|33/100|[from] item: Leftovers
|-status|p1a: Gliscor|tox|[from] item: Toxic Orb
|upkeep
|turn|3
|
|t:|1776056643
|move|p1a: Gliscor|Protect|p1a: Gliscor
|-singleturn|p1a: Gliscor|Protect
|move|p2a: Great Tusk|Temper Flare|p1a: Gliscor
|-activate|p1a: Gliscor|move: Protect
|
|-weather|SunnyDay|[upkeep]
|-heal|p2a: Great Tusk|39/100|[from] item: Leftovers
|upkeep
|turn|4
|
|t:|1776056653
|move|p2a: Great Tusk|Temper Flare|p1a: Gliscor
|-damage|p1a: Gliscor|72/100 tox
|move|p1a: Gliscor|U-turn|p2a: Great Tusk
|-resisted|p2a: Great Tusk
|-damage|p2a: Great Tusk|33/100
|
|t:|1776056659
|switch|p1a: Walking Wake|Walking Wake|100/100|[from] U-turn
|-activate|p1a: Walking Wake|ability: Protosynthesis
|-start|p1a: Walking Wake|protosynthesisspe
|
|-weather|SunnyDay|[upkeep]
|-heal|p2a: Great Tusk|39/100|[from] item: Leftovers
|upkeep
|turn|5
|
|t:|1776056673
|-end|p2a: Great Tusk|Protosynthesis|[silent]
|switch|p2a: Primarina|Primarina, F|100/100
|move|p1a: Walking Wake|Hydro Steam|p2a: Primarina
|-resisted|p2a: Primarina
|-damage|p2a: Primarina|72/100
|
|-weather|SunnyDay|[upkeep]
|upkeep
|turn|6
|
|t:|1776056686
|-end|p1a: Walking Wake|Protosynthesis|[silent]
|switch|p1a: Lilligant|Lilligant-Hisui, F|100/100
|move|p2a: Primarina|Flip Turn|p1a: Lilligant
|-resisted|p1a: Lilligant
|-damage|p1a: Lilligant|95/100
|
|t:|1776056694
|switch|p2a: Slither Wing|Slither Wing|100/100|[from] Flip Turn
|-activate|p2a: Slither Wing|ability: Protosynthesis
|-start|p2a: Slither Wing|protosynthesisatk
|
|-weather|SunnyDay|[upkeep]
|upkeep
|turn|7
|
|t:|1776056709
|switch|p1a: Gliscor|Gliscor, F|72/100 tox
|move|p2a: Slither Wing|First Impression|p1a: Gliscor
|-resisted|p1a: Gliscor
|-damage|p1a: Gliscor|56/100 tox
|
|-weather|SunnyDay|[upkeep]
|-heal|p1a: Gliscor|69/100 tox|[from] ability: Poison Heal
|upkeep
|turn|8
|inactive|la5495 has 120 seconds left.
|
|t:|1776056741
|-end|p2a: Slither Wing|Protosynthesis|[silent]
|switch|p2a: Pecharunt|Pecharunt|100/100
|move|p1a: Gliscor|Toxic|p2a: Pecharunt
|-immune|p2a: Pecharunt
|
|-weather|none
|-heal|p1a: Gliscor|81/100 tox|[from] ability: Poison Heal
|upkeep
|turn|9
|inactive|la5495 has 120 seconds left.
|
|t:|1776056754
|move|p1a: Gliscor|Earthquake|p2a: Pecharunt
|-supereffective|p2a: Pecharunt
|-damage|p2a: Pecharunt|72/100
|move|p2a: Pecharunt|Foul Play|p1a: Gliscor
|-damage|p1a: Gliscor|67/100 tox
|
|-heal|p1a: Gliscor|80/100 tox|[from] ability: Poison Heal
|upkeep
|turn|10
|
|t:|1776056763
|move|p1a: Gliscor|Earthquake|p2a: Pecharunt
|-supereffective|p2a: Pecharunt
|-crit|p2a: Pecharunt
|-damage|p2a: Pecharunt|29/100
|move|p2a: Pecharunt|Recover|p2a: Pecharunt
|-heal|p2a: Pecharunt|79/100
|
|-heal|p1a: Gliscor|92/100 tox|[from] ability: Poison Heal
|upkeep
|turn|11
|
|t:|1776056774
|move|p1a: Gliscor|Earthquake|p2a: Pecharunt
|-supereffective|p2a: Pecharunt
|-damage|p2a: Pecharunt|50/100
|move|p2a: Pecharunt|Parting Shot|p1a: Gliscor
|-unboost|p1a: Gliscor|atk|1
|-unboost|p1a: Gliscor|spa|1
|
|t:|1776056780
|switch|p2a: Primarina|Primarina, F|72/100|[from] Parting Shot
|
|-heal|p1a: Gliscor|100/100 tox|[from] ability: Poison Heal
|upkeep
|turn|12
|
|t:|1776056788
|switch|p1a: Goodra|Goodra-Hisui, M|100/100
|move|p2a: Primarina|Psychic Noise|p1a: Goodra
|-resisted|p1a: Goodra
|-damage|p1a: Goodra|87/100
|-start|p1a: Goodra|move: Heal Block
|
|upkeep
|turn|13
|
|t:|1776056816
|switch|p2a: Cobalion|Cobalion|100/100
|move|p1a: Goodra|Flash Cannon|p2a: Cobalion
|-resisted|p2a: Cobalion
|-damage|p2a: Cobalion|73/100
|
|-heal|p2a: Cobalion|80/100|[from] item: Leftovers
|-end|p1a: Goodra|move: Heal Block
|upkeep
|turn|14
|inactive|la5495 has 120 seconds left.
|
|t:|1776056832
|switch|p1a: Gliscor|Gliscor, F|100/100 tox
|move|p2a: Cobalion|Stealth Rock|p1a: Gliscor
|-sidestart|p1: 666kb|move: Stealth Rock
|
|-heal|p2a: Cobalion|86/100|[from] item: Leftovers
|upkeep
|turn|15
|inactive|la5495 has 120 seconds left.
|
|t:|1776056846
|switch|p2a: Primarina|Primarina, F|72/100
|move|p1a: Gliscor|Earthquake|p2a: Primarina
|-damage|p2a: Primarina|26/100
|
|upkeep
|turn|16
|
|t:|1776056856
|switch|p1a: Goodra|Goodra-Hisui, M|87/100
|-damage|p1a: Goodra|81/100|[from] Stealth Rock
|move|p2a: Primarina|Surf|p1a: Goodra
|-resisted|p1a: Goodra
|-damage|p1a: Goodra|64/100
|
|-heal|p1a: Goodra|70/100|[from] item: Leftovers
|upkeep
|turn|17
|
|t:|1776056867
|switch|p2a: Iron Moth|Iron Moth|100/100
|-enditem|p2a: Iron Moth|Booster Energy
|-activate|p2a: Iron Moth|ability: Quark Drive|[fromitem]
|-start|p2a: Iron Moth|quarkdrivespe
|move|p1a: Goodra|Thunderbolt|p2a: Iron Moth
|-damage|p2a: Iron Moth|71/100
|
|-heal|p1a: Goodra|76/100|[from] item: Leftovers
|upkeep
|turn|18
|
|t:|1776056880
|move|p2a: Iron Moth|Substitute|p2a: Iron Moth
|-start|p2a: Iron Moth|Substitute
|-damage|p2a: Iron Moth|46/100
|move|p1a: Goodra|Draco Meteor|p2a: Iron Moth
|-end|p2a: Iron Moth|Substitute
|-unboost|p1a: Goodra|spa|2
|
|-heal|p1a: Goodra|82/100|[from] item: Leftovers
|upkeep
|turn|19
|
|t:|1776056892
|switch|p1a: Torkoal|Torkoal, F|86/100
|-damage|p1a: Torkoal|61/100|[from] Stealth Rock
|-weather|SunnyDay|[from] ability: Drought|[of] p1a: Torkoal
|move|p2a: Iron Moth|Fiery Dance|p1a: Torkoal
|-resisted|p1a: Torkoal
|-damage|p1a: Torkoal|22/100
|-boost|p2a: Iron Moth|spa|1
|
|-weather|SunnyDay|[upkeep]
|upkeep
|turn|20
|
|t:|1776056904
|move|p2a: Iron Moth|Fiery Dance|p1a: Torkoal
|-resisted|p1a: Torkoal
|-damage|p1a: Torkoal|0 fnt
|-boost|p2a: Iron Moth|spa|1
|faint|p1a: Torkoal
|
|-weather|SunnyDay|[upkeep]
|upkeep
|
|t:|1776056912
|switch|p1a: Walking Wake|Walking Wake|100/100
|-damage|p1a: Walking Wake|88/100|[from] Stealth Rock
|-activate|p1a: Walking Wake|ability: Protosynthesis
|-start|p1a: Walking Wake|protosynthesisspe
|turn|21
|
|t:|1776056919
|-terastallize|p1a: Walking Wake|Water
|move|p2a: Iron Moth|Sludge Wave|p1a: Walking Wake
|-damage|p1a: Walking Wake|0 fnt
|faint|p1a: Walking Wake
|-end|p1a: Walking Wake|Protosynthesis|[silent]
|
|-weather|SunnyDay|[upkeep]
|upkeep
|
|t:|1776056932
|switch|p1a: Lilligant|Lilligant-Hisui, F|95/100
|-damage|p1a: Lilligant|89/100|[from] Stealth Rock
|turn|22
|
|t:|1776056944
|move|p1a: Lilligant|Close Combat|p2a: Iron Moth
|-resisted|p2a: Iron Moth
|-crit|p2a: Iron Moth
|-damage|p2a: Iron Moth|0 fnt
|-unboost|p1a: Lilligant|def|1
|-unboost|p1a: Lilligant|spd|1
|faint|p2a: Iron Moth
|-end|p2a: Iron Moth|Quark Drive|[silent]
|
|-weather|SunnyDay|[upkeep]
|upkeep
|
|t:|1776056954
|switch|p2a: Pecharunt|Pecharunt|50/100
|turn|23
|
|t:|1776056961
|switch|p1a: Kingambit|Kingambit, F|100/100
|-damage|p1a: Kingambit|94/100|[from] Stealth Rock
|-activate|p1a: Kingambit|ability: Supreme Overlord
|-start|p1a: Kingambit|fallen2|[silent]
|move|p2a: Pecharunt|Recover|p2a: Pecharunt
|-heal|p2a: Pecharunt|100/100
|
|-weather|SunnyDay|[upkeep]
|upkeep
|turn|24
|
|t:|1776056971
|switch|p2a: Cobalion|Cobalion|86/100
|move|p1a: Kingambit|Swords Dance|p1a: Kingambit
|-boost|p1a: Kingambit|atk|2
|
|-weather|SunnyDay|[upkeep]
|-heal|p2a: Cobalion|92/100|[from] item: Leftovers
|upkeep
|turn|25
|
|t:|1776056981
|-end|p1a: Kingambit|fallen2|[silent]
|switch|p1a: Lilligant|Lilligant-Hisui, F|89/100
|-damage|p1a: Lilligant|83/100|[from] Stealth Rock
|move|p2a: Cobalion|Sacred Sword|p1a: Lilligant
|-damage|p1a: Lilligant|27/100
|
|-weather|SunnyDay|[upkeep]
|-heal|p2a: Cobalion|98/100|[from] item: Leftovers
|upkeep
|turn|26
|
|t:|1776056991
|switch|p2a: Pecharunt|Pecharunt|100/100
|move|p1a: Lilligant|Victory Dance|p1a: Lilligant
|-boost|p1a: Lilligant|atk|1
|-boost|p1a: Lilligant|def|1
|-boost|p1a: Lilligant|spe|1
|
|-weather|none
|upkeep
|turn|27
|
|t:|1776057002
|move|p1a: Lilligant|Bullet Seed|p2a: Pecharunt
|-resisted|p2a: Pecharunt
|-damage|p2a: Pecharunt|96/100
|-resisted|p2a: Pecharunt
|-damage|p2a: Pecharunt|92/100
|-resisted|p2a: Pecharunt
|-damage|p2a: Pecharunt|88/100
|-resisted|p2a: Pecharunt
|-damage|p2a: Pecharunt|83/100
|-resisted|p2a: Pecharunt
|-damage|p2a: Pecharunt|78/100
|-hitcount|p2a: Pecharunt|5
|move|p2a: Pecharunt|Malignant Chain|p1a: Lilligant
|-supereffective|p1a: Lilligant
|-damage|p1a: Lilligant|0 fnt
|faint|p1a: Lilligant
|
|upkeep
|l|☆666kb
|inactive|666kb disconnected and has a minute to reconnect!
|player|p1|
|inactive|666kb has 30 seconds to reconnect!
|inactive|666kb has 20 seconds to reconnect!
|inactive|666kb has 15 seconds to reconnect!
|inactive|666kb has 10 seconds to reconnect!
|inactive|666kb has 5 seconds to reconnect!
|-message|666kb lost due to inactivity.
|
|win|la5495
|raw|666kb's rating: 1246 &rarr; <strong>1222</strong><br />(-24 for losing)
|raw|la5495's rating: 1258 &rarr; <strong>1282</strong><br />(+24 for winning)
