|html|<div class="broadcast-blue"><strong>[Gen 9] OU is currently suspecting Tera Blast! For information on how to participate check out the <a href="https://www.smogon.com/tools/suspects/view/200">suspect thread</a>.</strong></div>
|j|☆Pink Is My Life
|j|☆ZarrHaka
|t:|1776087072
|gametype|singles
|player|p1|Pink Is My Life|mira|1219
|player|p2|ZarrHaka|pokemaniac|1165
|gen|9
|tier|[Gen 9] OU
|rated|
|rule|HP Percentage Mod: HP is shown in percentages
|rule|Endless Battle Clause: Forcing endless battles is banned
|rule|Species Clause: Limit one of each Pokémon
|rule|OHKO Clause: OHKO moves are banned
|rule|Evasion Items Clause: Evasion items are banned
|rule|Evasion Moves Clause: Evasion moves are banned
|rule|Evasion Abilities Clause: Evasion abilities are banned
|rule|Sleep Moves Clause: Sleep-inducing moves are banned
|clearpoke
|poke|p1|Alomomola, F|
|poke|p1|Pecharunt|
|poke|p1|Blissey, F|
|poke|p1|Mandibuzz, F|
|poke|p1|Espeon, F|
|poke|p1|Zamazenta-*|
|poke|p2|Iron Crown|
|poke|p2|Lycanroc-Midnight, F|
|poke|p2|Talonflame, F|
|poke|p2|Dragapult, M|
|poke|p2|Polteageist-Antique|
|poke|p2|Raichu, M|
|teampreview
|inactive|Battle timer is ON: inactive players will automatically lose when time's up. (requested by Pink Is My Life)
|
|t:|1776087080
|teamsize|p1|6
|teamsize|p2|6
|start
|switch|p1a: Pink Peach|Pecharunt|100/100
|switch|p2a: Polteageist|Polteageist-Antique|100/100
|turn|1
|
|t:|1776087087
|move|p1a: Pink Peach|Malignant Chain|p2a: Polteageist
|-resisted|p2a: Polteageist
|-damage|p2a: Polteageist|88/100
|move|p2a: Polteageist|Shell Smash|p2a: Polteageist
|-unboost|p2a: Polteageist|def|1
|-unboost|p2a: Polteageist|spd|1
|-boost|p2a: Polteageist|atk|2
|-boost|p2a: Polteageist|spa|2
|-boost|p2a: Polteageist|spe|2
|-enditem|p2a: Polteageist|White Herb
|-clearnegativeboost|p2a: Polteageist|[silent]
|
|upkeep
|turn|2
|
|t:|1776087099
|switch|p1a: Pink Egg|Blissey, F|100/100
|move|p2a: Polteageist|Shadow Ball|p1a: Pink Egg
|-immune|p1a: Pink Egg
|
|upkeep
|turn|3
|
|t:|1776087110
|-terastallize|p2a: Polteageist|Fighting
|move|p2a: Polteageist|Tera Blast|p1a: Pink Egg|[anim] Tera Blast Fighting
|-supereffective|p1a: Pink Egg
|-damage|p1a: Pink Egg|37/100
|move|p1a: Pink Egg|Shadow Ball|p2a: Polteageist
|-crit|p2a: Polteageist
|-damage|p2a: Polteageist|48/100
|
|upkeep
|turn|4
|
|t:|1776087119
|-terastallize|p1a: Pink Egg|Ghost
|move|p2a: Polteageist|Strength Sap|p1a: Pink Egg
|-unboost|p1a: Pink Egg|atk|1
|-heal|p2a: Polteageist|56/100
|move|p1a: Pink Egg|Shadow Ball|p2a: Polteageist
|-damage|p2a: Polteageist|14/100
|
|upkeep
|turn|5
|
|t:|1776087131
|switch|p1a: Pink Neck|Mandibuzz, F, shiny|100/100
|move|p2a: Polteageist|Shadow Ball|p1a: Pink Neck
|-resisted|p1a: Pink Neck
|-damage|p1a: Pink Neck|66/100
|-unboost|p1a: Pink Neck|spd|1
|
|upkeep
|turn|6
|
|t:|1776087141
|move|p2a: Polteageist|Tera Blast|p1a: Pink Neck|[anim] Tera Blast Fighting
|-damage|p1a: Pink Neck|0 fnt
|faint|p1a: Pink Neck
|
|upkeep
|
|t:|1776087151
|switch|p1a: Pink Dog|Zamazenta, shiny|100/100
|-ability|p1a: Pink Dog|Dauntless Shield|boost
|-boost|p1a: Pink Dog|def|1
|turn|7
|
|t:|1776087157
|move|p1a: Pink Dog|Play Rough|p2a: Polteageist
|-supereffective|p2a: Polteageist
|-damage|p2a: Polteageist|0 fnt
|faint|p2a: Polteageist
|-damage|p1a: Pink Dog|91/100|[from] item: Life Orb
|
|upkeep
|
|t:|1776087160
|switch|p2a: Raichu|Raichu, M, shiny|100/100
|turn|8
|
|t:|1776087166
|move|p1a: Pink Dog|Close Combat|p2a: Raichu
|-enditem|p2a: Raichu|Focus Sash
|-damage|p2a: Raichu|1/100
|-unboost|p1a: Pink Dog|def|1
|-unboost|p1a: Pink Dog|spd|1
|-damage|p1a: Pink Dog|81/100|[from] item: Life Orb
|move|p2a: Raichu|Nuzzle|p1a: Pink Dog
|-damage|p1a: Pink Dog|75/100
|-status|p1a: Pink Dog|par
|
|upkeep
|turn|9
|
|t:|1776087178
|move|p2a: Raichu|Endeavor|p1a: Pink Dog
|-damage|p1a: Pink Dog|1/100 par
|move|p1a: Pink Dog|Crunch|p2a: Raichu
|-damage|p2a: Raichu|0 fnt
|faint|p2a: Raichu
|-damage|p1a: Pink Dog|0 fnt|[from] item: Life Orb
|faint|p1a: Pink Dog
|
|upkeep
|
|t:|1776087196
|switch|p1a: Pink Cat|Espeon, F|100/100
|switch|p2a: Talonflame|Talonflame, F|100/100
|turn|10
|
|t:|1776087201
|move|p2a: Talonflame|Fire Spin|p1a: Pink Cat
|-damage|p1a: Pink Cat|89/100
|-activate|p1a: Pink Cat|move: Fire Spin|[of] p2a: Talonflame
|move|p1a: Pink Cat|Calm Mind|p1a: Pink Cat
|-boost|p1a: Pink Cat|spa|1
|-boost|p1a: Pink Cat|spd|1
|
|-damage|p1a: Pink Cat|77/100|[from] move: Fire Spin|[partiallytrapped]
|upkeep
|turn|11
|
|t:|1776087219
|move|p2a: Talonflame|U-turn|p1a: Pink Cat
|-supereffective|p1a: Pink Cat
|-damage|p1a: Pink Cat|22/100
|-enditem|p1a: Pink Cat|Kee Berry|[eat]
|-boost|p1a: Pink Cat|def|1|[from] item: Kee Berry
|
|t:|1776087222
|switch|p2a: Dragapult|Dragapult, M|100/100|[from] U-turn
|move|p1a: Pink Cat|Draining Kiss|p2a: Dragapult
|-supereffective|p2a: Dragapult
|-damage|p2a: Dragapult|26/100
|-heal|p1a: Pink Cat|88/100|[from] drain|[of] p2a: Dragapult
|
|-end|p1a: Pink Cat|Fire Spin|[partiallytrapped]|[silent]
|upkeep
|turn|12
|
|t:|1776087232
|move|p2a: Dragapult|Shadow Ball|p1a: Pink Cat
|-supereffective|p1a: Pink Cat
|-damage|p1a: Pink Cat|30/100
|move|p1a: Pink Cat|Draining Kiss|p2a: Dragapult
|-supereffective|p2a: Dragapult
|-damage|p2a: Dragapult|0 fnt
|-heal|p1a: Pink Cat|53/100|[from] drain|[of] p2a: Dragapult
|faint|p2a: Dragapult
|
|upkeep
|
|t:|1776087238
|switch|p2a: Iron Crown|Iron Crown|100/100
|-enditem|p2a: Iron Crown|Booster Energy
|-activate|p2a: Iron Crown|ability: Quark Drive|[fromitem]
|-start|p2a: Iron Crown|quarkdrivedef
|turn|13
|
|t:|1776087245
|move|p1a: Pink Cat|Morning Sun|p1a: Pink Cat
|-heal|p1a: Pink Cat|100/100
|move|p2a: Iron Crown|Tachyon Cutter|p1a: Pink Cat
|-damage|p1a: Pink Cat|81/100
|-damage|p1a: Pink Cat|58/100
|-hitcount|p1a: Pink Cat|2
|
|upkeep
|turn|14
|
|t:|1776087253
|move|p1a: Pink Cat|Calm Mind|p1a: Pink Cat
|-boost|p1a: Pink Cat|spa|1
|-boost|p1a: Pink Cat|spd|1
|move|p2a: Iron Crown|Calm Mind|p2a: Iron Crown
|-boost|p2a: Iron Crown|spa|1
|-boost|p2a: Iron Crown|spd|1
|
|upkeep
|turn|15
|
|t:|1776087262
|move|p1a: Pink Cat|Stored Power|p2a: Iron Crown
|-resisted|p2a: Iron Crown
|-damage|p2a: Iron Crown|80/100
|move|p2a: Iron Crown|Calm Mind|p2a: Iron Crown
|-boost|p2a: Iron Crown|spa|1
|-boost|p2a: Iron Crown|spd|1
|
|upkeep
|turn|16
|
|t:|1776087268
|move|p1a: Pink Cat|Calm Mind|p1a: Pink Cat
|-boost|p1a: Pink Cat|spa|1
|-boost|p1a: Pink Cat|spd|1
|move|p2a: Iron Crown|Calm Mind|p2a: Iron Crown
|-boost|p2a: Iron Crown|spa|1
|-boost|p2a: Iron Crown|spd|1
|
|upkeep
|turn|17
|
|t:|1776087274
|move|p1a: Pink Cat|Calm Mind|p1a: Pink Cat
|-boost|p1a: Pink Cat|spa|1
|-boost|p1a: Pink Cat|spd|1
|move|p2a: Iron Crown|Calm Mind|p2a: Iron Crown
|-boost|p2a: Iron Crown|spa|1
|-boost|p2a: Iron Crown|spd|1
|
|upkeep
|turn|18
|
|t:|1776087280
|move|p1a: Pink Cat|Calm Mind|p1a: Pink Cat
|-boost|p1a: Pink Cat|spa|1
|-boost|p1a: Pink Cat|spd|1
|move|p2a: Iron Crown|Calm Mind|p2a: Iron Crown
|-boost|p2a: Iron Crown|spa|1
|-boost|p2a: Iron Crown|spd|1
|
|upkeep
|turn|19
|
|t:|1776087286
|move|p1a: Pink Cat|Calm Mind|p1a: Pink Cat
|-boost|p1a: Pink Cat|spa|1
|-boost|p1a: Pink Cat|spd|1
|move|p2a: Iron Crown|Tachyon Cutter|p1a: Pink Cat
|-damage|p1a: Pink Cat|30/100
|-damage|p1a: Pink Cat|5/100
|-hitcount|p1a: Pink Cat|2
|
|upkeep
|turn|20
|
|t:|1776087293
|move|p1a: Pink Cat|Morning Sun|p1a: Pink Cat
|-heal|p1a: Pink Cat|55/100
|move|p2a: Iron Crown|Tachyon Cutter|p1a: Pink Cat
|-damage|p1a: Pink Cat|30/100
|-damage|p1a: Pink Cat|5/100
|-hitcount|p1a: Pink Cat|2
|
|upkeep
|turn|21
|
|t:|1776087302
|move|p1a: Pink Cat|Stored Power|p2a: Iron Crown
|-resisted|p2a: Iron Crown
|-damage|p2a: Iron Crown|38/100
|move|p2a: Iron Crown|Tachyon Cutter|p1a: Pink Cat
|-damage|p1a: Pink Cat|0 fnt
|faint|p1a: Pink Cat
|-hitcount|p1: Pink Cat|1
|
|upkeep
|
|t:|1776087311
|switch|p1a: Pink Peach|Pecharunt|100/100
|turn|22
|
|t:|1776087314
|move|p2a: Iron Crown|Psychic|p1a: Pink Peach
|-supereffective|p1a: Pink Peach
|-damage|p1a: Pink Peach|0 fnt
|faint|p1a: Pink Peach
|
|upkeep
|-message|Pink Is My Life forfeited.
|
|win|ZarrHaka
|raw|Pink Is My Life's rating: 1219 &rarr; <strong>1190</strong><br />(-29 for losing)
|raw|ZarrHaka's rating: 1165 &rarr; <strong>1194</strong><br />(+29 for winning)
|l|☆Pink Is My Life
|player|p1|
|l|☆ZarrHaka
|player|p2|
