|html|<div class="broadcast-blue"><strong>[Gen 9] OU is currently suspecting Tera Blast! For information on how to participate check out the <a href="https://www.smogon.com/tools/suspects/view/200">suspect thread</a>.</strong></div>
|j|☆Unscripted tbtest
|j|☆Blastoise_Choice
|t:|1776100597
|gametype|singles
|player|p1|Unscripted tbtest|caitlin-masters|1712
|player|p2|Blastoise_Choice|benga|1768
|gen|9
|tier|[Gen 9] OU
|rated|
|rule|HP Percentage Mod: HP is shown in percentages
|rule|Endless Battle Clause: Forcing endless battles is banned
|rule|Species Clause: Limit one of each Pokémon
|rule|OHKO Clause: OHKO moves are banned
|rule|Evasion Items Clause: Evasion items are banned
|rule|Evasion Moves Clause: Evasion moves are banned
|rule|Evasion Abilities Clause: Evasion abilities are banned
|rule|Sleep Moves Clause: Sleep-inducing moves are banned
|clearpoke
|poke|p1|Iron Treads|
|poke|p1|Landorus-Therian, M|
|poke|p1|Iron Valiant|
|poke|p1|Kingambit, F|
|poke|p1|Zamazenta-*|
|poke|p1|Primarina, F|
|poke|p2|Hydrapple, M|
|poke|p2|Tyranitar, F|
|poke|p2|Moltres|
|poke|p2|Zamazenta-*|
|poke|p2|Slowking-Galar, F|
|poke|p2|Excadrill, F|
|teampreview
|c|☆Blastoise_Choice|hf
|inactive|Battle timer is ON: inactive players will automatically lose when time's up. (requested by Blastoise_Choice)
|
|t:|1776100620
|teamsize|p1|6
|teamsize|p2|6
|start
|switch|p1a: Iron Valiant|Iron Valiant|100/100
|switch|p2a: Slowking|Slowking-Galar, F|100/100
|turn|1
|
|t:|1776100627
|-end|p1a: Iron Valiant|Quark Drive|[silent]
|switch|p1a: Landorus|Landorus-Therian, M|100/100
|-ability|p1a: Landorus|Intimidate|boost
|-unboost|p2a: Slowking|atk|1
|move|p2a: Slowking|Flamethrower|p1a: Landorus
|-damage|p1a: Landorus|77/100
|-status|p1a: Landorus|brn
|
|-damage|p1a: Landorus|71/100 brn|[from] brn
|upkeep
|turn|2
|
|t:|1776100633
|move|p1a: Landorus|Stealth Rock|p2a: Slowking
|-sidestart|p2: Blastoise_Choice|move: Stealth Rock
|move|p2a: Slowking|Ice Beam|p1a: Landorus
|-supereffective|p1a: Landorus
|-damage|p1a: Landorus|0 fnt
|faint|p1a: Landorus
|
|upkeep
|
|t:|1776100638
|switch|p1a: Kingambit|Kingambit, F|100/100
|-activate|p1a: Kingambit|ability: Supreme Overlord
|-start|p1a: Kingambit|fallen1|[silent]
|turn|3
|
|t:|1776100644
|-end|p1a: Kingambit|fallen1|[silent]
|switch|p1a: Iron Valiant|Iron Valiant|100/100
|switch|p2a: Zamazenta|Zamazenta|100/100
|-damage|p2a: Zamazenta|94/100|[from] Stealth Rock
|-ability|p2a: Zamazenta|Dauntless Shield|boost
|-boost|p2a: Zamazenta|def|1
|
|-heal|p2a: Zamazenta|100/100|[from] item: Leftovers
|upkeep
|turn|4
|
|t:|1776100651
|switch|p2a: Slowking|Slowking-Galar, F|100/100
|-damage|p2a: Slowking|88/100|[from] Stealth Rock
|move|p1a: Iron Valiant|Moonblast|p2a: Slowking
|-resisted|p2a: Slowking
|-damage|p2a: Slowking|76/100
|-unboost|p2a: Slowking|spa|1
|
|upkeep
|turn|5
|
|t:|1776100657
|move|p1a: Iron Valiant|Knock Off|p2a: Slowking
|-supereffective|p2a: Slowking
|-damage|p2a: Slowking|21/100
|-enditem|p2a: Slowking|Assault Vest|[from] move: Knock Off|[of] p1a: Iron Valiant
|move|p2a: Slowking|Sludge Bomb|p1a: Iron Valiant
|-supereffective|p1a: Iron Valiant
|-damage|p1a: Iron Valiant|6/100
|
|upkeep
|turn|6
|
|t:|1776100665
|move|p1a: Iron Valiant|Close Combat|p2a: Slowking
|-resisted|p2a: Slowking
|-damage|p2a: Slowking|11/100
|-unboost|p1a: Iron Valiant|def|1
|-unboost|p1a: Iron Valiant|spd|1
|move|p2a: Slowking|Sludge Bomb|p1a: Iron Valiant
|-supereffective|p1a: Iron Valiant
|-damage|p1a: Iron Valiant|0 fnt
|faint|p1a: Iron Valiant
|-end|p1a: Iron Valiant|Quark Drive|[silent]
|
|upkeep
|
|t:|1776100671
|switch|p1a: Primarina|Primarina, F|100/100
|turn|7
|
|t:|1776100677
|switch|p2a: Hydrapple|Hydrapple, M|100/100
|move|p1a: Primarina|Moonblast|p2a: Hydrapple
|-supereffective|p2a: Hydrapple
|-damage|p2a: Hydrapple|0 fnt
|faint|p2a: Hydrapple
|
|upkeep
|
|t:|1776100684
|switch|p2a: Tyranitar|Tyranitar, F|100/100
|-damage|p2a: Tyranitar|88/100|[from] Stealth Rock
|-weather|Sandstorm|[from] ability: Sand Stream|[of] p2a: Tyranitar
|turn|8
|
|t:|1776100691
|switch|p1a: Zamazenta|Zamazenta|100/100
|-ability|p1a: Zamazenta|Dauntless Shield|boost
|-boost|p1a: Zamazenta|def|1
|move|p2a: Tyranitar|Thunder Wave|p1a: Zamazenta
|-status|p1a: Zamazenta|par
|
|-weather|Sandstorm|[upkeep]
|-damage|p1a: Zamazenta|94/100 par|[from] Sandstorm
|-heal|p1a: Zamazenta|100/100 par|[from] item: Leftovers
|upkeep
|turn|9
|
|t:|1776100697
|switch|p2a: Slowking|Slowking-Galar, F|45/100
|-damage|p2a: Slowking|32/100|[from] Stealth Rock
|cant|p1a: Zamazenta|par
|
|-weather|Sandstorm|[upkeep]
|-damage|p1a: Zamazenta|94/100 par|[from] Sandstorm
|-damage|p2a: Slowking|26/100|[from] Sandstorm
|-heal|p1a: Zamazenta|100/100 par|[from] item: Leftovers
|upkeep
|turn|10
|
|t:|1776100713
|switch|p2a: Zamazenta|Zamazenta|100/100
|-damage|p2a: Zamazenta|94/100|[from] Stealth Rock
|cant|p1a: Zamazenta|par
|
|-weather|Sandstorm|[upkeep]
|-damage|p2a: Zamazenta|88/100|[from] Sandstorm
|-damage|p1a: Zamazenta|94/100 par|[from] Sandstorm
|-heal|p2a: Zamazenta|94/100|[from] item: Leftovers
|-heal|p1a: Zamazenta|100/100 par|[from] item: Leftovers
|upkeep
|turn|11
|
|t:|1776100719
|move|p2a: Zamazenta|Iron Defense|p2a: Zamazenta
|-boost|p2a: Zamazenta|def|2
|move|p1a: Zamazenta|Roar|p2a: Zamazenta
|drag|p2a: Moltres|Moltres|100/100
|
|-weather|Sandstorm|[upkeep]
|-damage|p2a: Moltres|94/100|[from] Sandstorm
|-damage|p1a: Zamazenta|94/100 par|[from] Sandstorm
|-heal|p1a: Zamazenta|100/100 par|[from] item: Leftovers
|upkeep
|turn|12
|
|t:|1776100725
|cant|p1a: Zamazenta|par
|move|p2a: Moltres|Roar|p1a: Zamazenta
|drag|p1a: Primarina|Primarina, F|100/100
|
|-weather|Sandstorm|[upkeep]
|-damage|p2a: Moltres|88/100|[from] Sandstorm
|-damage|p1a: Primarina|94/100|[from] Sandstorm
|upkeep
|turn|13
|
|t:|1776100732
|move|p2a: Moltres|U-turn|p1a: Primarina
|-resisted|p1a: Primarina
|-damage|p1a: Primarina|84/100
|
|t:|1776100739
|switch|p2a: Zamazenta|Zamazenta|94/100|[from] U-turn
|-damage|p2a: Zamazenta|88/100|[from] Stealth Rock
|move|p1a: Primarina|Surf|p2a: Zamazenta
|-damage|p2a: Zamazenta|41/100
|
|-weather|Sandstorm|[upkeep]
|-damage|p2a: Zamazenta|35/100|[from] Sandstorm
|-damage|p1a: Primarina|77/100|[from] Sandstorm
|-heal|p2a: Zamazenta|41/100|[from] item: Leftovers
|upkeep
|turn|14
|
|t:|1776100746
|move|p2a: Zamazenta|Body Press|p1a: Primarina
|-resisted|p1a: Primarina
|-damage|p1a: Primarina|50/100
|move|p1a: Primarina|Moonblast|p2a: Zamazenta
|-supereffective|p2a: Zamazenta
|-damage|p2a: Zamazenta|0 fnt
|faint|p2a: Zamazenta
|
|-weather|Sandstorm|[upkeep]
|-damage|p1a: Primarina|44/100|[from] Sandstorm
|upkeep
|
|t:|1776100753
|switch|p2a: Excadrill|Excadrill, F|100/100
|-damage|p2a: Excadrill|97/100|[from] Stealth Rock
|-item|p2a: Excadrill|Air Balloon
|turn|15
|
|t:|1776100759
|switch|p1a: Zamazenta|Zamazenta|100/100 par
|move|p2a: Excadrill|Earthquake|p1a: Zamazenta
|-damage|p1a: Zamazenta|62/100 par
|
|-weather|none
|-heal|p1a: Zamazenta|69/100 par|[from] item: Leftovers
|upkeep
|turn|16
|
|t:|1776100766
|-terastallize|p2a: Excadrill|Fire
|move|p2a: Excadrill|Swords Dance|p2a: Excadrill
|-boost|p2a: Excadrill|atk|2
|move|p1a: Zamazenta|Body Press|p2a: Excadrill
|-damage|p2a: Excadrill|51/100
|-enditem|p2a: Excadrill|Air Balloon
|
|-heal|p1a: Zamazenta|75/100 par|[from] item: Leftovers
|upkeep
|turn|17
|
|t:|1776100773
|move|p2a: Excadrill|Earthquake|p1a: Zamazenta
|-damage|p1a: Zamazenta|0 fnt
|faint|p1a: Zamazenta
|
|upkeep
|
|t:|1776100775
|switch|p1a: Iron Treads|Iron Treads|100/100
|-enditem|p1a: Iron Treads|Booster Energy
|-activate|p1a: Iron Treads|ability: Quark Drive|[fromitem]
|-start|p1a: Iron Treads|quarkdrivespe
|turn|18
|
|t:|1776100781
|switch|p2a: Moltres|Moltres|88/100
|move|p1a: Iron Treads|Earthquake|p2a: Moltres
|-immune|p2a: Moltres
|
|upkeep
|turn|19
|
|t:|1776100787
|-end|p1a: Iron Treads|Quark Drive|[silent]
|switch|p1a: Primarina|Primarina, F|44/100
|move|p2a: Moltres|U-turn|p1a: Primarina
|-resisted|p1a: Primarina
|-damage|p1a: Primarina|35/100
|
|t:|1776100794
|switch|p2a: Excadrill|Excadrill, F, tera:Fire|51/100|[from] U-turn
|-damage|p2a: Excadrill|27/100|[from] Stealth Rock
|
|upkeep
|turn|20
|
|t:|1776100801
|switch|p1a: Iron Treads|Iron Treads|100/100
|move|p2a: Excadrill|Earthquake|p1a: Iron Treads
|-supereffective|p1a: Iron Treads
|-damage|p1a: Iron Treads|6/100
|
|upkeep
|turn|21
|
|t:|1776100808
|switch|p2a: Moltres|Moltres|88/100
|move|p1a: Iron Treads|Earthquake|p2a: Moltres
|-immune|p2a: Moltres
|
|upkeep
|turn|22
|
|t:|1776100815
|move|p1a: Iron Treads|Ice Spinner|p2a: Moltres
|-damage|p2a: Moltres|70/100
|move|p2a: Moltres|Roost|p2a: Moltres
|-heal|p2a: Moltres|100/100
|-singleturn|p2a: Moltres|move: Roost
|
|upkeep
|turn|23
|
|t:|1776100821
|move|p1a: Iron Treads|Ice Spinner|p2a: Moltres
|-damage|p2a: Moltres|84/100
|move|p2a: Moltres|U-turn|p1a: Iron Treads
|-resisted|p1a: Iron Treads
|-damage|p1a: Iron Treads|0 fnt
|faint|p1a: Iron Treads
|-end|p1a: Iron Treads|Quark Drive|[silent]
|
|t:|1776100828
|switch|p2a: Slowking|Slowking-Galar, F|59/100|[from] U-turn
|-damage|p2a: Slowking|47/100|[from] Stealth Rock
|
|upkeep
|
|t:|1776100830
|switch|p1a: Kingambit|Kingambit, F|100/100
|-activate|p1a: Kingambit|ability: Supreme Overlord
|-start|p1a: Kingambit|fallen4|[silent]
|turn|24
|
|t:|1776100836
|move|p1a: Kingambit|Kowtow Cleave|p2a: Slowking
|-supereffective|p2a: Slowking
|-damage|p2a: Slowking|0 fnt
|faint|p2a: Slowking
|
|upkeep
|
|t:|1776100844
|switch|p2a: Excadrill|Excadrill, F, tera:Fire|27/100
|-damage|p2a: Excadrill|2/100|[from] Stealth Rock
|turn|25
|
|t:|1776100850
|move|p1a: Kingambit|Sucker Punch|p2a: Excadrill
|-damage|p2a: Excadrill|0 fnt
|faint|p2a: Excadrill
|
|upkeep
|
|t:|1776100858
|switch|p2a: Tyranitar|Tyranitar, F|88/100
|-damage|p2a: Tyranitar|76/100|[from] Stealth Rock
|-weather|Sandstorm|[from] ability: Sand Stream|[of] p2a: Tyranitar
|turn|26
|
|t:|1776100864
|-terastallize|p1a: Kingambit|Fairy
|move|p1a: Kingambit|Tera Blast|p2a: Tyranitar|[anim] Tera Blast Fairy
|-supereffective|p2a: Tyranitar
|-damage|p2a: Tyranitar|0 fnt
|faint|p2a: Tyranitar
|
|-weather|Sandstorm|[upkeep]
|-damage|p1a: Kingambit|94/100|[from] Sandstorm
|-heal|p1a: Kingambit|100/100|[from] item: Leftovers
|upkeep
|
|t:|1776100869
|switch|p2a: Moltres|Moltres|84/100
|turn|27
|
|t:|1776100873
|move|p2a: Moltres|Flamethrower|p1a: Kingambit
|-damage|p1a: Kingambit|61/100
|move|p1a: Kingambit|Swords Dance|p1a: Kingambit
|-boost|p1a: Kingambit|atk|2
|
|-weather|Sandstorm|[upkeep]
|-damage|p2a: Moltres|78/100|[from] Sandstorm
|-damage|p1a: Kingambit|55/100|[from] Sandstorm
|-heal|p1a: Kingambit|61/100|[from] item: Leftovers
|upkeep
|turn|28
|
|t:|1776100881
|move|p2a: Moltres|Roost|p2a: Moltres
|-heal|p2a: Moltres|100/100
|-singleturn|p2a: Moltres|move: Roost
|move|p1a: Kingambit|Kowtow Cleave|p2a: Moltres
|-damage|p2a: Moltres|7/100
|
|-weather|Sandstorm|[upkeep]
|-damage|p2a: Moltres|0 fnt|[from] Sandstorm
|-damage|p1a: Kingambit|55/100|[from] Sandstorm
|faint|p2a: Moltres
|
|win|Unscripted tbtest
|raw|Unscripted tbtest's rating: 1712 &rarr; <strong>1735</strong><br />(+23 for winning)
|raw|Blastoise_Choice's rating: 1768 &rarr; <strong>1745</strong><br />(-23 for losing)
|c|☆Blastoise_Choice|gg
|l|☆Unscripted tbtest
|player|p1|
