|html|<div class="broadcast-blue"><strong>[Gen 9] OU is currently suspecting Tera Blast! For information on how to participate check out the <a href="https://www.smogon.com/tools/suspects/view/200">suspect thread</a>.</strong></div>
|j|☆Elite Sabrina
|j|☆Snurke
|t:|1776336642
|gametype|singles
|player|p1|Elite Sabrina|sabrina-gen3|1807
|player|p2|Snurke|sisandbro|1651
|gen|9
|tier|[Gen 9] OU
|rated|
|rule|HP Percentage Mod: HP is shown in percentages
|rule|Endless Battle Clause: Forcing endless battles is banned
|rule|Species Clause: Limit one of each Pokémon
|rule|OHKO Clause: OHKO moves are banned
|rule|Evasion Items Clause: Evasion items are banned
|rule|Evasion Moves Clause: Evasion moves are banned
|rule|Evasion Abilities Clause: Evasion abilities are banned
|rule|Sleep Moves Clause: Sleep-inducing moves are banned
|clearpoke
|poke|p1|Slowking-Galar, F|
|poke|p1|Cetitan, M|
|poke|p1|Dragapult, F|
|poke|p1|Great Tusk|
|poke|p1|Moltres|
|poke|p1|Samurott-Hisui, M|
|poke|p2|Mew|
|poke|p2|Great Tusk|
|poke|p2|Kingambit, F|
|poke|p2|Ceruledge, F|
|poke|p2|Ninetales-Alola, M|
|poke|p2|Gliscor, F|
|teampreview
|
|t:|1776336654
|teamsize|p1|6
|teamsize|p2|6
|start
|switch|p1a: Samurott|Samurott-Hisui, M|100/100
|switch|p2a: Mew|Mew, shiny|100/100
|turn|1
|
|t:|1776336658
|move|p2a: Mew|Imprison|p2a: Mew
|-start|p2a: Mew|move: Imprison
|move|p1a: Samurott|Ceaseless Edge|p2a: Mew
|-supereffective|p2a: Mew
|-damage|p2a: Mew|28/100
|-sidestart|p2: Snurke|Spikes
|
|-heal|p2a: Mew|34/100|[from] item: Leftovers
|upkeep
|turn|2
|
|t:|1776336681
|move|p2a: Mew|Transform|p1a: Samurott
|-transform|p2a: Mew|p1a: Samurott
|cant|p1a: Samurott|move: Imprison|Encore
|
|-heal|p2a: Mew|40/100|[from] item: Leftovers
|upkeep
|turn|3
|
|t:|1776336689
|switch|p1a: Great Tusk|Great Tusk|100/100
|move|p2a: Mew|Ceaseless Edge|p1a: Great Tusk
|-resisted|p1a: Great Tusk
|-damage|p1a: Great Tusk|84/100
|-sidestart|p1: Elite Sabrina|Spikes
|
|-heal|p1a: Great Tusk|90/100|[from] item: Leftovers
|-heal|p2a: Mew|46/100|[from] item: Leftovers
|upkeep
|turn|4
|
|t:|1776336695
|move|p1a: Great Tusk|Stealth Rock|p2a: Mew
|-sidestart|p2: Snurke|move: Stealth Rock
|move|p2a: Mew|Razor Shell|p1a: Great Tusk|[miss]
|-miss|p2a: Mew|p1a: Great Tusk
|
|-heal|p1a: Great Tusk|96/100|[from] item: Leftovers
|-heal|p2a: Mew|52/100|[from] item: Leftovers
|upkeep
|turn|5
|
|t:|1776336703
|switch|p2a: Great Tusk|Great Tusk|100/100
|-damage|p2a: Great Tusk|88/100|[from] Spikes
|-damage|p2a: Great Tusk|85/100|[from] Stealth Rock
|move|p1a: Great Tusk|Rapid Spin|p2a: Great Tusk
|-damage|p2a: Great Tusk|74/100
|-boost|p1a: Great Tusk|spe|1
|-damage|p1a: Great Tusk|80/100|[from] item: Rocky Helmet|[of] p2a: Great Tusk
|-sideend|p1: Elite Sabrina|Spikes|[from] move: Rapid Spin|[of] p1a: Great Tusk
|
|-heal|p1a: Great Tusk|86/100|[from] item: Leftovers
|upkeep
|turn|6
|
|t:|1776336717
|move|p1a: Great Tusk|Knock Off|p2a: Great Tusk
|-resisted|p2a: Great Tusk
|-damage|p2a: Great Tusk|63/100
|-damage|p1a: Great Tusk|70/100|[from] item: Rocky Helmet|[of] p2a: Great Tusk
|-enditem|p2a: Great Tusk|Rocky Helmet|[from] move: Knock Off|[of] p1a: Great Tusk
|move|p2a: Great Tusk|Ice Spinner|p1a: Great Tusk
|-supereffective|p1a: Great Tusk
|-damage|p1a: Great Tusk|37/100
|
|-heal|p1a: Great Tusk|44/100|[from] item: Leftovers
|upkeep
|turn|7
|
|t:|1776336725
|-end|p1a: Great Tusk|Protosynthesis|[silent]
|switch|p1a: Moltres|Moltres|100/100
|move|p2a: Great Tusk|Rapid Spin|p1a: Moltres
|-damage|p1a: Moltres|87/100
|-boost|p2a: Great Tusk|spe|1
|-sideend|p2: Snurke|Spikes|[from] move: Rapid Spin|[of] p2a: Great Tusk
|-sideend|p2: Snurke|Stealth Rock|[from] move: Rapid Spin|[of] p2a: Great Tusk
|
|upkeep
|turn|8
|inactive|Battle timer is ON: inactive players will automatically lose when time's up. (requested by Elite Sabrina)
|
|t:|1776336734
|-end|p2a: Great Tusk|Protosynthesis|[silent]
|switch|p2a: Ceruledge|Ceruledge, F, shiny|100/100
|move|p1a: Moltres|Flamethrower|p2a: Ceruledge
|-start|p2a: Ceruledge|ability: Flash Fire
|
|upkeep
|turn|9
|
|t:|1776336740
|move|p2a: Ceruledge|Taunt|p1a: Moltres
|-start|p1a: Moltres|move: Taunt
|cant|p1a: Moltres|move: Taunt|Roar
|
|upkeep
|turn|10
|
|t:|1776336748
|move|p2a: Ceruledge|Bitter Blade|p1a: Moltres
|-resisted|p1a: Moltres
|-damage|p1a: Moltres|53/100
|move|p1a: Moltres|U-turn|p2a: Ceruledge
|-resisted|p2a: Ceruledge
|-damage|p2a: Ceruledge|96/100
|
|t:|1776336751
|switch|p1a: Samurott|Samurott-Hisui, M|100/100|[from] U-turn
|
|upkeep
|turn|11
|
|t:|1776336763
|-end|p2a: Ceruledge|ability: Flash Fire|[silent]
|switch|p2a: Great Tusk|Great Tusk|63/100
|move|p1a: Samurott|Razor Shell|p2a: Great Tusk
|-supereffective|p2a: Great Tusk
|-damage|p2a: Great Tusk|0 fnt
|faint|p2a: Great Tusk
|-end|p2a: Great Tusk|Protosynthesis|[silent]
|
|upkeep
|
|t:|1776336766
|switch|p2a: Ninetales|Ninetales-Alola, M, shiny|100/100
|-weather|Snowscape|[from] ability: Snow Warning|[of] p2a: Ninetales
|turn|12
|
|t:|1776336773
|move|p2a: Ninetales|Encore|p1a: Samurott
|-start|p1a: Samurott|Encore
|move|p1a: Samurott|Razor Shell|p2a: Ninetales
|-damage|p2a: Ninetales|43/100
|-unboost|p2a: Ninetales|def|1
|
|-weather|Snowscape|[upkeep]
|upkeep
|turn|13
|
|t:|1776336779
|move|p2a: Ninetales|Aurora Veil|p2a: Ninetales
|-sidestart|p2: Snurke|move: Aurora Veil
|move|p1a: Samurott|Razor Shell|p2a: Ninetales
|-damage|p2a: Ninetales|5/100
|-unboost|p2a: Ninetales|def|1
|
|-weather|Snowscape|[upkeep]
|upkeep
|turn|14
|
|t:|1776336783
|switch|p1a: Slowking|Slowking-Galar, F|100/100
|move|p2a: Ninetales|Moonblast|p1a: Slowking
|-resisted|p1a: Slowking
|-damage|p1a: Slowking|93/100
|
|-weather|Snowscape|[upkeep]
|upkeep
|turn|15
|j| Sprakenheit
|
|t:|1776336789
|switch|p2a: Gliscor|Gliscor, F, shiny|100/100
|-prepare|p1a: Slowking|Chilly Reception|[premajor]
|move|p1a: Slowking|Chilly Reception|p1a: Slowking
|
|t:|1776336792
|switch|p1a: Cetitan|Cetitan, M|100/100|[from] Chilly Reception
|
|-weather|Snowscape|[upkeep]
|-status|p2a: Gliscor|tox|[from] item: Toxic Orb
|upkeep
|turn|16
|
|t:|1776336802
|-terastallize|p2a: Gliscor|Normal
|move|p1a: Cetitan|Belly Drum|p1a: Cetitan
|-damage|p1a: Cetitan|50/100
|-setboost|p1a: Cetitan|atk|6|[from] move: Belly Drum
|-enditem|p1a: Cetitan|Sitrus Berry|[eat]
|-heal|p1a: Cetitan|75/100|[from] item: Sitrus Berry
|move|p2a: Gliscor|Swords Dance|p2a: Gliscor
|-boost|p2a: Gliscor|atk|2
|
|-weather|none
|upkeep
|turn|17
|
|t:|1776336809
|move|p2a: Gliscor|Facade|p1a: Cetitan
|-damage|p1a: Cetitan|0 fnt
|faint|p1a: Cetitan
|
|upkeep
|
|t:|1776336816
|switch|p1a: Samurott|Samurott-Hisui, M|100/100
|turn|18
|
|t:|1776336820
|move|p2a: Gliscor|Facade|p1a: Samurott
|-damage|p1a: Samurott|0 fnt
|faint|p1a: Samurott
|
|upkeep
|
|t:|1776336825
|switch|p1a: Great Tusk|Great Tusk|44/100
|turn|19
|
|t:|1776336835
|-end|p1a: Great Tusk|Protosynthesis|[silent]
|switch|p1a: Moltres|Moltres|53/100
|move|p2a: Gliscor|Agility|p2a: Gliscor
|-boost|p2a: Gliscor|spe|2
|
|upkeep
|turn|20
|
|t:|1776336840
|move|p2a: Gliscor|Facade|p1a: Moltres
|-damage|p1a: Moltres|0 fnt
|faint|p1a: Moltres
|
|-sideend|p2: Snurke|move: Aurora Veil
|upkeep
|
|t:|1776336844
|switch|p1a: Great Tusk|Great Tusk|44/100
|turn|21
|
|t:|1776336853
|move|p2a: Gliscor|Facade|p1a: Great Tusk
|-damage|p1a: Great Tusk|0 fnt
|faint|p1a: Great Tusk
|-end|p1a: Great Tusk|Protosynthesis|[silent]
|
|upkeep
|
|t:|1776336856
|switch|p1a: Slowking|Slowking-Galar, F|100/100
|turn|22
|
|t:|1776336858
|move|p2a: Gliscor|Knock Off|p1a: Slowking
|-supereffective|p1a: Slowking
|-damage|p1a: Slowking|3/100
|-enditem|p1a: Slowking|Icy Rock|[from] move: Knock Off|[of] p2a: Gliscor
|move|p1a: Slowking|Sludge Bomb|p2a: Gliscor
|-damage|p2a: Gliscor|56/100 tox
|
|-heal|p2a: Gliscor|69/100 tox|[from] ability: Poison Heal
|upkeep
|turn|23
|
|t:|1776336862
|move|p2a: Gliscor|Knock Off|p1a: Slowking
|-supereffective|p1a: Slowking
|-damage|p1a: Slowking|0 fnt
|faint|p1a: Slowking
|
|-heal|p2a: Gliscor|81/100 tox|[from] ability: Poison Heal
|upkeep
|
|t:|1776336864
|switch|p1a: Dragapult|Dragapult, F|100/100
|turn|24
|
|t:|1776336869
|move|p2a: Gliscor|Knock Off|p1a: Dragapult
|-supereffective|p1a: Dragapult
|-damage|p1a: Dragapult|0 fnt
|-enditem|p1a: Dragapult|Metronome|[from] move: Knock Off|[of] p2a: Gliscor
|faint|p1a: Dragapult
|
|win|Snurke
|raw|Elite Sabrina's rating: 1807 &rarr; <strong>1779</strong><br />(-28 for losing)
|raw|Snurke's rating: 1651 &rarr; <strong>1679</strong><br />(+28 for winning)
|c|☆Elite Sabrina|gg
|l|☆Elite Sabrina
|player|p1|
|c|☆Snurke|gg
