|html|<div class="broadcast-blue"><strong>[Gen 9] OU is currently suspecting Tera Blast! For information on how to participate check out the <a href="https://www.smogon.com/tools/suspects/view/200">suspect thread</a>.</strong></div>
|j|☆DIGIWAYNE123
|j|☆requiem887
|t:|1776353395
|gametype|singles
|player|p1|DIGIWAYNE123|swimmerf-gen4|1409
|player|p2|requiem887|1|1441
|gen|9
|tier|[Gen 9] OU
|rated|
|rule|HP Percentage Mod: HP is shown in percentages
|rule|Endless Battle Clause: Forcing endless battles is banned
|rule|Species Clause: Limit one of each Pokémon
|rule|OHKO Clause: OHKO moves are banned
|rule|Evasion Items Clause: Evasion items are banned
|rule|Evasion Moves Clause: Evasion moves are banned
|rule|Evasion Abilities Clause: Evasion abilities are banned
|rule|Sleep Moves Clause: Sleep-inducing moves are banned
|clearpoke
|poke|p1|Alomomola, F|
|poke|p1|Great Tusk|
|poke|p1|Florges, F|
|poke|p1|Zoroark-Hisui, F|
|poke|p1|Weezing-Galar, M|
|poke|p1|Dragapult, F|
|poke|p2|Great Tusk|
|poke|p2|Walking Wake|
|poke|p2|Kingambit, M|
|poke|p2|Venusaur, M|
|poke|p2|Ninetales, M|
|poke|p2|Raging Bolt|
|teampreview
|
|t:|1776353423
|teamsize|p1|6
|teamsize|p2|6
|start
|switch|p1a: Dragapult|Dragapult, F|100/100
|switch|p2a: solaire|Ninetales, M|100/100
|-weather|SunnyDay|[from] ability: Drought|[of] p2a: solaire
|turn|1
|inactive|Battle timer is ON: inactive players will automatically lose when time's up. (requested by DIGIWAYNE123)
|
|t:|1776353431
|move|p1a: Dragapult|Nasty Plot|p1a: Dragapult
|-boost|p1a: Dragapult|spa|2
|move|p2a: solaire|Will-O-Wisp|p1a: Dragapult
|-status|p1a: Dragapult|brn
|
|-weather|SunnyDay|[upkeep]
|-damage|p1a: Dragapult|95/100 brn|[from] brn
|upkeep
|turn|2
|inactive|requiem887 has 120 seconds left.
|
|t:|1776353485
|switch|p2a: beyblade|Great Tusk|100/100
|-activate|p2a: beyblade|ability: Protosynthesis
|-start|p2a: beyblade|protosynthesisatk
|move|p1a: Dragapult|Shadow Ball|p2a: beyblade
|-damage|p2a: beyblade|29/100
|
|-weather|SunnyDay|[upkeep]
|-damage|p1a: Dragapult|89/100 brn|[from] brn
|upkeep
|turn|3
|inactive|requiem887 has 90 seconds left.
|c|☆requiem887|ah shit
|c|☆requiem887|right
|
|t:|1776353531
|move|p1a: Dragapult|Flamethrower|p2a: beyblade
|-damage|p2a: beyblade|0 fnt
|faint|p2a: beyblade
|-end|p2a: beyblade|Protosynthesis|[silent]
|
|-weather|SunnyDay|[upkeep]
|-damage|p1a: Dragapult|83/100 brn|[from] brn
|upkeep
|
|t:|1776353536
|switch|p2a: plent|Venusaur, M|100/100
|turn|4
|
|t:|1776353541
|move|p2a: plent|Weather Ball|p1a: Dragapult
|-damage|p1a: Dragapult|0 fnt
|replace|p1a: Zoroark|Zoroark-Hisui, F
|-end|p1a: Zoroark|Illusion
|faint|p1a: Zoroark
|-damage|p2a: plent|91/100|[from] item: Life Orb
|
|-weather|SunnyDay|[upkeep]
|upkeep
|
|t:|1776353555
|switch|p1a: Florges|Florges, F|100/100
|turn|5
|
|t:|1776353559
|move|p2a: plent|Growth|p2a: plent
|-boost|p2a: plent|atk|2
|-boost|p2a: plent|spa|2
|move|p1a: Florges|Psychic Noise|p2a: plent
|-supereffective|p2a: plent
|-crit|p2a: plent
|-damage|p2a: plent|0 fnt
|faint|p2a: plent
|
|-weather|SunnyDay|[upkeep]
|upkeep
|inactive|requiem887 has 90 seconds left.
|
|t:|1776353575
|switch|p2a: its never kingover|Kingambit, M|100/100
|-activate|p2a: its never kingover|ability: Supreme Overlord
|-start|p2a: its never kingover|fallen2|[silent]
|-item|p2a: its never kingover|Air Balloon
|turn|6
|
|t:|1776353580
|switch|p1a: Alomomola|Alomomola, F|100/100
|move|p2a: its never kingover|Iron Head|p1a: Alomomola
|-resisted|p1a: Alomomola
|-damage|p1a: Alomomola|82/100
|
|-weather|SunnyDay|[upkeep]
|upkeep
|turn|7
|
|t:|1776353586
|move|p2a: its never kingover|Kowtow Cleave|p1a: Alomomola
|-damage|p1a: Alomomola|41/100
|move|p1a: Alomomola|Flip Turn|p2a: its never kingover
|-damage|p2a: its never kingover|95/100
|-enditem|p2a: its never kingover|Air Balloon
|
|t:|1776353590
|switch|p1a: Weezing|Weezing-Galar, M|100/100|[from] Flip Turn
|-ability|p1a: Weezing|Neutralizing Gas
|
|-weather|SunnyDay|[upkeep]
|upkeep
|turn|8
|
|t:|1776353599
|-end|p2a: its never kingover|fallen2|[silent]
|switch|p2a: nerd|Walking Wake|100/100
|move|p1a: Weezing|Will-O-Wisp|p2a: nerd
|-status|p2a: nerd|brn
|
|-weather|none
|-damage|p2a: nerd|94/100 brn|[from] brn
|upkeep
|turn|9
|
|t:|1776353609
|-end|p2a: nerd|Protosynthesis|[silent]
|switch|p2a: solaire|Ninetales, M|100/100
|-end|p1a: Weezing|ability: Neutralizing Gas
|-weather|SunnyDay|[from] ability: Drought|[of] p2a: solaire
|switch|p1a: Alomomola|Alomomola, F|75/100
|
|-weather|SunnyDay|[upkeep]
|upkeep
|turn|10
|
|t:|1776353614
|move|p2a: solaire|Weather Ball|p1a: Alomomola
|-resisted|p1a: Alomomola
|-damage|p1a: Alomomola|58/100
|move|p1a: Alomomola|Wish|p1a: Alomomola
|
|-weather|SunnyDay|[upkeep]
|upkeep
|turn|11
|
|t:|1776353621
|move|p2a: solaire|Encore|p1a: Alomomola
|-start|p1a: Alomomola|Encore
|move|p1a: Alomomola|Wish||[still]
|-fail|p1a: Alomomola
|
|-weather|SunnyDay|[upkeep]
|-heal|p1a: Alomomola|100/100|[from] move: Wish|[wisher] Alomomola
|upkeep
|turn|12
|
|t:|1776353626
|switch|p1a: Florges|Florges, F|100/100
|move|p2a: solaire|Weather Ball|p1a: Florges
|-damage|p1a: Florges|82/100
|
|-weather|SunnyDay|[upkeep]
|upkeep
|turn|13
|
|t:|1776353635
|switch|p2a: its never kingover|Kingambit, M|95/100
|-activate|p2a: its never kingover|ability: Supreme Overlord
|-start|p2a: its never kingover|fallen2|[silent]
|move|p1a: Florges|Moonblast|p2a: its never kingover
|-damage|p2a: its never kingover|39/100
|
|-weather|SunnyDay|[upkeep]
|upkeep
|turn|14
|
|t:|1776353648
|switch|p1a: Alomomola|Alomomola, F|100/100
|-end|p2a: its never kingover|fallen2|[silent]
|switch|p2a: nerd|Walking Wake|94/100 brn
|-activate|p2a: nerd|ability: Protosynthesis
|-start|p2a: nerd|protosynthesisspe
|
|-weather|SunnyDay|[upkeep]
|-damage|p2a: nerd|88/100 brn|[from] brn
|upkeep
|turn|15
|
|t:|1776353657
|move|p2a: nerd|Draco Meteor|p1a: Alomomola
|-damage|p1a: Alomomola|45/100
|-unboost|p2a: nerd|spa|2
|move|p1a: Alomomola|Wish|p1a: Alomomola
|
|-weather|SunnyDay|[upkeep]
|-damage|p2a: nerd|82/100 brn|[from] brn
|upkeep
|turn|16
|
|t:|1776353662
|switch|p1a: Florges|Florges, F|82/100
|move|p2a: nerd|Draco Meteor|p1a: Florges
|-immune|p1a: Florges
|
|-weather|none
|-end|p2a: nerd|Protosynthesis
|-heal|p1a: Florges|100/100|[from] move: Wish|[wisher] Alomomola
|-damage|p2a: nerd|76/100 brn|[from] brn
|upkeep
|turn|17
|
|t:|1776353671
|switch|p1a: Great Tusk|Great Tusk|100/100
|-enditem|p1a: Great Tusk|Booster Energy
|-activate|p1a: Great Tusk|ability: Protosynthesis|[fromitem]
|-start|p1a: Great Tusk|protosynthesisspe
|move|p2a: nerd|Flip Turn|p1a: Great Tusk
|-supereffective|p1a: Great Tusk
|-damage|p1a: Great Tusk|89/100
|
|t:|1776353679
|-end|p2a: nerd|Protosynthesis|[silent]
|switch|p2a: solaire|Ninetales, M|100/100|[from] Flip Turn
|-weather|SunnyDay|[from] ability: Drought|[of] p2a: solaire
|
|-weather|SunnyDay|[upkeep]
|upkeep
|turn|18
|
|t:|1776353687
|-terastallize|p1a: Great Tusk|Fire
|move|p1a: Great Tusk|Bulk Up|p1a: Great Tusk
|-boost|p1a: Great Tusk|atk|1
|-boost|p1a: Great Tusk|def|1
|move|p2a: solaire|Will-O-Wisp|p1a: Great Tusk|[miss]
|-miss|p2a: solaire|p1a: Great Tusk
|
|-weather|SunnyDay|[upkeep]
|upkeep
|turn|19
|
|t:|1776353699
|switch|p2a: nerd|Walking Wake|76/100 brn
|-activate|p2a: nerd|ability: Protosynthesis
|-start|p2a: nerd|protosynthesisspe
|move|p1a: Great Tusk|Headlong Rush|p2a: nerd
|-damage|p2a: nerd|0 fnt
|-unboost|p1a: Great Tusk|def|1
|-unboost|p1a: Great Tusk|spd|1
|faint|p2a: nerd
|-end|p2a: nerd|Protosynthesis|[silent]
|
|-weather|SunnyDay|[upkeep]
|upkeep
|
|t:|1776353701
|switch|p2a: raging GOAT|Raging Bolt|100/100
|-item|p2a: raging GOAT|Air Balloon
|-activate|p2a: raging GOAT|ability: Protosynthesis
|-start|p2a: raging GOAT|protosynthesisspa
|turn|20
|
|t:|1776353718
|-end|p1a: Great Tusk|Protosynthesis|[silent]
|switch|p1a: Weezing|Weezing-Galar, M|100/100
|-ability|p1a: Weezing|Neutralizing Gas
|move|p2a: raging GOAT|Thunderbolt|p1a: Weezing
|-damage|p1a: Weezing|29/100
|
|-weather|SunnyDay|[upkeep]
|-heal|p1a: Weezing|35/100|[from] item: Leftovers
|upkeep
|turn|21
|
|t:|1776353737
|move|p2a: raging GOAT|Thunderbolt|p1a: Weezing
|-damage|p1a: Weezing|0 fnt
|faint|p1a: Weezing
|-end|p1a: Weezing|ability: Neutralizing Gas
|
|-weather|SunnyDay|[upkeep]
|upkeep
|
|t:|1776353739
|switch|p1a: Florges|Florges, F|100/100
|turn|22
|
|t:|1776353747
|-terastallize|p2a: raging GOAT|Fairy
|move|p2a: raging GOAT|Calm Mind|p2a: raging GOAT
|-boost|p2a: raging GOAT|spa|1
|-boost|p2a: raging GOAT|spd|1
|move|p1a: Florges|Moonblast|p2a: raging GOAT
|-damage|p2a: raging GOAT|70/100
|-unboost|p2a: raging GOAT|spa|1
|-enditem|p2a: raging GOAT|Air Balloon
|
|-weather|SunnyDay|[upkeep]
|upkeep
|turn|23
|
|t:|1776353757
|move|p2a: raging GOAT|Calm Mind|p2a: raging GOAT
|-boost|p2a: raging GOAT|spa|1
|-boost|p2a: raging GOAT|spd|1
|move|p1a: Florges|Moonblast|p2a: raging GOAT
|-damage|p2a: raging GOAT|44/100
|
|-weather|SunnyDay|[upkeep]
|upkeep
|turn|24
|
|t:|1776353764
|move|p2a: raging GOAT|Thunderbolt|p1a: Florges
|-damage|p1a: Florges|57/100
|move|p1a: Florges|Moonblast|p2a: raging GOAT
|-damage|p2a: raging GOAT|19/100
|
|-weather|none
|-end|p2a: raging GOAT|Protosynthesis
|upkeep
|turn|25
|
|t:|1776353777
|move|p2a: raging GOAT|Calm Mind|p2a: raging GOAT
|-boost|p2a: raging GOAT|spa|1
|-boost|p2a: raging GOAT|spd|1
|move|p1a: Florges|Moonblast|p2a: raging GOAT
|-damage|p2a: raging GOAT|0 fnt
|faint|p2a: raging GOAT
|-end|p2a: raging GOAT|Protosynthesis|[silent]
|
|upkeep
|
|t:|1776353780
|switch|p2a: solaire|Ninetales, M|100/100
|-weather|SunnyDay|[from] ability: Drought|[of] p2a: solaire
|turn|26
|
|t:|1776353784
|switch|p1a: Alomomola|Alomomola, F|78/100
|move|p2a: solaire|Weather Ball|p1a: Alomomola
|-resisted|p1a: Alomomola
|-damage|p1a: Alomomola|59/100
|
|-weather|SunnyDay|[upkeep]
|upkeep
|turn|27
|
|t:|1776353790
|move|p2a: solaire|Weather Ball|p1a: Alomomola
|-resisted|p1a: Alomomola
|-damage|p1a: Alomomola|42/100
|move|p1a: Alomomola|Wish|p1a: Alomomola
|
|-weather|SunnyDay|[upkeep]
|upkeep
|turn|28
|
|t:|1776353795
|switch|p1a: Florges|Florges, F|57/100
|move|p2a: solaire|Encore||[still]
|-fail|p2a: solaire
|
|-weather|SunnyDay|[upkeep]
|-heal|p1a: Florges|100/100|[from] move: Wish|[wisher] Alomomola
|upkeep
|turn|29
|
|t:|1776353801
|move|p2a: solaire|Weather Ball|p1a: Florges
|-damage|p1a: Florges|80/100
|move|p1a: Florges|Moonblast|p2a: solaire
|-resisted|p2a: solaire
|-damage|p2a: solaire|77/100
|
|-weather|SunnyDay|[upkeep]
|upkeep
|turn|30
|
|t:|1776353807
|move|p2a: solaire|Weather Ball|p1a: Florges
|-damage|p1a: Florges|60/100
|move|p1a: Florges|Tera Blast|p2a: solaire
|-damage|p2a: solaire|48/100
|
|-weather|SunnyDay|[upkeep]
|upkeep
|turn|31
|
|t:|1776353813
|move|p2a: solaire|Weather Ball|p1a: Florges
|-damage|p1a: Florges|40/100
|move|p1a: Florges|Tera Blast|p2a: solaire
|-damage|p2a: solaire|21/100
|
|-weather|SunnyDay|[upkeep]
|upkeep
|turn|32
|
|t:|1776353819
|move|p2a: solaire|Healing Wish|p2a: solaire
|faint|p2a: solaire
|move|p1a: Florges|Tera Blast|p2: solaire|[notarget]
|-fail|p1a: Florges
|
|-weather|SunnyDay|[upkeep]
|upkeep
|
|t:|1776353822
|switch|p2a: its never kingover|Kingambit, M|39/100
|-heal|p2a: its never kingover|100/100|[from] move: Healing Wish
|-activate|p2a: its never kingover|ability: Supreme Overlord
|-start|p2a: its never kingover|fallen5|[silent]
|turn|33
|
|t:|1776353827
|move|p1a: Florges|Moonblast|p2a: its never kingover
|-damage|p2a: its never kingover|52/100
|move|p2a: its never kingover|Swords Dance|p2a: its never kingover
|-boost|p2a: its never kingover|atk|2
|
|-weather|none
|upkeep
|turn|34
|
|t:|1776353833
|switch|p1a: Alomomola|Alomomola, F|75/100
|move|p2a: its never kingover|Swords Dance|p2a: its never kingover
|-boost|p2a: its never kingover|atk|2
|
|upkeep
|turn|35
|
|t:|1776353837
|move|p2a: its never kingover|Kowtow Cleave|p1a: Alomomola
|-damage|p1a: Alomomola|0 fnt
|faint|p1a: Alomomola
|
|upkeep
|
|t:|1776353840
|switch|p1a: Dragapult|Dragapult, F|100/100
|turn|36
|
|t:|1776353844
|move|p2a: its never kingover|Sucker Punch||[still]
|-fail|p2a: its never kingover
|move|p1a: Dragapult|Will-O-Wisp|p2a: its never kingover
|-status|p2a: its never kingover|brn
|
|-damage|p2a: its never kingover|46/100 brn|[from] brn
|upkeep
|turn|37
|
|t:|1776353850
|move|p2a: its never kingover|Sucker Punch||[still]
|-fail|p2a: its never kingover
|move|p1a: Dragapult|Dragon Dance|p1a: Dragapult
|-boost|p1a: Dragapult|atk|1
|-boost|p1a: Dragapult|spe|1
|
|-damage|p2a: its never kingover|40/100 brn|[from] brn
|upkeep
|turn|38
|
|t:|1776353855
|move|p2a: its never kingover|Sucker Punch||[still]
|-fail|p2a: its never kingover
|move|p1a: Dragapult|Dragon Dance|p1a: Dragapult
|-boost|p1a: Dragapult|atk|1
|-boost|p1a: Dragapult|spe|1
|
|-damage|p2a: its never kingover|33/100 brn|[from] brn
|upkeep
|turn|39
|
|t:|1776353860
|move|p1a: Dragapult|Dragon Darts|p2a: its never kingover
|-resisted|p2a: its never kingover
|-damage|p2a: its never kingover|17/100 brn
|-anim|p1a: Dragapult|Dragon Darts|p2a: its never kingover
|-resisted|p2a: its never kingover
|-damage|p2a: its never kingover|2/100 brn
|move|p2a: its never kingover|Kowtow Cleave|p1a: Dragapult
|-supereffective|p1a: Dragapult
|-damage|p1a: Dragapult|0 fnt
|faint|p1a: Dragapult
|
|-damage|p2a: its never kingover|0 fnt|[from] brn
|faint|p2a: its never kingover
|-end|p2a: its never kingover|fallen5|[silent]
|
|win|DIGIWAYNE123
|raw|DIGIWAYNE123's rating: 1409 &rarr; <strong>1431</strong><br />(+22 for winning)
|raw|requiem887's rating: 1441 &rarr; <strong>1419</strong><br />(-22 for losing)
