|html|<div class="broadcast-blue"><strong>[Gen 9] OU is currently suspecting Tera Blast! For information on how to participate check out the <a href="https://www.smogon.com/tools/suspects/view/200">suspect thread</a>.</strong></div>
|j|☆chillncurry
|j|☆aaokd
|t:|1776308338
|gametype|singles
|player|p1|chillncurry|aromalady|1288
|player|p2|aaokd|169|1249
|gen|9
|tier|[Gen 9] OU
|rated|
|rule|HP Percentage Mod: HP is shown in percentages
|rule|Endless Battle Clause: Forcing endless battles is banned
|rule|Species Clause: Limit one of each Pokémon
|rule|OHKO Clause: OHKO moves are banned
|rule|Evasion Items Clause: Evasion items are banned
|rule|Evasion Moves Clause: Evasion moves are banned
|rule|Evasion Abilities Clause: Evasion abilities are banned
|rule|Sleep Moves Clause: Sleep-inducing moves are banned
|clearpoke
|poke|p1|Iron Valiant|
|poke|p1|Dragonite, M|
|poke|p1|Glimmora, F|
|poke|p1|Gholdengo|
|poke|p1|Ogerpon-Wellspring, F|
|poke|p1|Mamoswine, M|
|poke|p2|Ceruledge, M|
|poke|p2|Pecharunt|
|poke|p2|Garganacl, M|
|poke|p2|Primarina, F|
|poke|p2|Raging Bolt|
|poke|p2|Darkrai|
|teampreview
|
|t:|1776308358
|teamsize|p1|6
|teamsize|p2|6
|start
|switch|p1a: Glimmora|Glimmora, F|100/100
|switch|p2a: Primarina|Primarina, F|100/100
|turn|1
|
|t:|1776308365
|move|p1a: Glimmora|Stealth Rock|p2a: Primarina
|-sidestart|p2: aaokd|move: Stealth Rock
|move|p2a: Primarina|Surf|p1a: Glimmora
|-supereffective|p1a: Glimmora
|-enditem|p1a: Glimmora|Focus Sash
|-damage|p1a: Glimmora|1/100
|
|upkeep
|turn|2
|
|t:|1776308374
|move|p1a: Glimmora|Mortal Spin|p2a: Primarina
|-supereffective|p2a: Primarina
|-damage|p2a: Primarina|86/100
|-status|p2a: Primarina|psn
|move|p2a: Primarina|Surf|p1a: Glimmora
|-supereffective|p1a: Glimmora
|-damage|p1a: Glimmora|0 fnt
|faint|p1a: Glimmora
|
|-damage|p2a: Primarina|73/100 psn|[from] psn
|upkeep
|
|t:|1776308382
|switch|p1a: Gholdengo|Gholdengo|100/100
|-item|p1a: Gholdengo|Air Balloon
|turn|3
|
|t:|1776308394
|switch|p2a: Pecharunt|Pecharunt|100/100
|-damage|p2a: Pecharunt|88/100|[from] Stealth Rock
|-item|p2a: Pecharunt|Air Balloon
|move|p1a: Gholdengo|Make It Rain|p2a: Pecharunt
|-damage|p2a: Pecharunt|37/100
|-unboost|p1a: Gholdengo|spa|1
|-enditem|p2a: Pecharunt|Air Balloon
|
|upkeep
|turn|4
|
|t:|1776308405
|move|p2a: Pecharunt|Recover|p2a: Pecharunt
|-heal|p2a: Pecharunt|87/100
|move|p1a: Gholdengo|Nasty Plot|p1a: Gholdengo
|-boost|p1a: Gholdengo|spa|2
|
|upkeep
|turn|5
|
|t:|1776308410
|move|p2a: Pecharunt|Shadow Ball|p1a: Gholdengo
|-supereffective|p1a: Gholdengo
|-damage|p1a: Gholdengo|54/100
|-enditem|p1a: Gholdengo|Air Balloon
|move|p1a: Gholdengo|Shadow Ball|p2a: Pecharunt
|-supereffective|p2a: Pecharunt
|-damage|p2a: Pecharunt|0 fnt
|faint|p2a: Pecharunt
|
|upkeep
|
|t:|1776308420
|switch|p2a: Ceruledge|Ceruledge, M|100/100
|-damage|p2a: Ceruledge|76/100|[from] Stealth Rock
|turn|6
|
|t:|1776308427
|move|p2a: Ceruledge|Bitter Blade|p1a: Gholdengo
|-supereffective|p1a: Gholdengo
|-damage|p1a: Gholdengo|0 fnt
|-heal|p2a: Ceruledge|100/100|[from] drain|[of] p1a: Gholdengo
|faint|p1a: Gholdengo
|
|upkeep
|
|t:|1776308445
|switch|p1a: Ogerpon|Ogerpon-Wellspring, F|100/100
|turn|7
|
|t:|1776308448
|move|p1a: Ogerpon|Ivy Cudgel|p2a: Ceruledge|[anim] Ivy Cudgel Water
|-supereffective|p2a: Ceruledge
|-enditem|p2a: Ceruledge|Focus Sash
|-damage|p2a: Ceruledge|1/100
|-ability|p2a: Ceruledge|Weak Armor|boost
|-unboost|p2a: Ceruledge|def|1
|-boost|p2a: Ceruledge|spe|2
|move|p2a: Ceruledge|Swords Dance|p2a: Ceruledge
|-boost|p2a: Ceruledge|atk|2
|
|upkeep
|turn|8
|
|t:|1776308461
|-terastallize|p2a: Ceruledge|Ghost
|move|p2a: Ceruledge|Poltergeist|p1a: Ogerpon
|-activate|p1a: Ogerpon|move: Poltergeist|Wellspring Mask
|-damage|p1a: Ogerpon|0 fnt
|faint|p1a: Ogerpon
|
|upkeep
|
|t:|1776308465
|switch|p1a: Mamoswine|Mamoswine, M|100/100
|turn|9
|
|t:|1776308469
|move|p1a: Mamoswine|Ice Shard|p2a: Ceruledge
|-damage|p2a: Ceruledge|0 fnt
|faint|p2a: Ceruledge
|
|upkeep
|
|t:|1776308477
|switch|p2a: Primarina|Primarina, F|73/100 psn
|-damage|p2a: Primarina|61/100 psn|[from] Stealth Rock
|turn|10
|
|t:|1776308512
|move|p1a: Mamoswine|Earthquake|p2a: Primarina
|-damage|p2a: Primarina|0 fnt
|faint|p2a: Primarina
|
|upkeep
|
|t:|1776308516
|switch|p2a: Darkrai|Darkrai|100/100
|-damage|p2a: Darkrai|88/100|[from] Stealth Rock
|turn|11
|
|t:|1776308525
|move|p2a: Darkrai|Dark Pulse|p1a: Mamoswine
|-damage|p1a: Mamoswine|43/100
|move|p1a: Mamoswine|Earthquake|p2a: Darkrai
|-damage|p2a: Darkrai|19/100
|
|upkeep
|turn|12
|
|t:|1776308531
|move|p1a: Mamoswine|Ice Shard|p2a: Darkrai
|-damage|p2a: Darkrai|0 fnt
|faint|p2a: Darkrai
|
|upkeep
|
|t:|1776308535
|switch|p2a: Garganacl|Garganacl, M|100/100
|-damage|p2a: Garganacl|88/100|[from] Stealth Rock
|turn|13
|
|t:|1776308539
|move|p1a: Mamoswine|Earthquake|p2a: Garganacl
|-supereffective|p2a: Garganacl
|-damage|p2a: Garganacl|16/100
|move|p2a: Garganacl|Salt Cure|p1a: Mamoswine
|-damage|p1a: Mamoswine|28/100
|-start|p1a: Mamoswine|Salt Cure
|
|-heal|p2a: Garganacl|23/100|[from] item: Leftovers
|-damage|p1a: Mamoswine|16/100|[from] Salt Cure
|upkeep
|turn|14
|
|t:|1776308547
|switch|p1a: Dragonite|Dragonite, M|100/100
|move|p2a: Garganacl|Protect||[still]
|-fail|p2a: Garganacl
|
|-heal|p2a: Garganacl|29/100|[from] item: Leftovers
|upkeep
|turn|15
|
|t:|1776308555
|move|p1a: Dragonite|Earthquake|p2a: Garganacl
|-supereffective|p2a: Garganacl
|-damage|p2a: Garganacl|0 fnt
|faint|p2a: Garganacl
|
|upkeep
|
|t:|1776308559
|switch|p2a: Raging Bolt|Raging Bolt|100/100
|-damage|p2a: Raging Bolt|88/100|[from] Stealth Rock
|-enditem|p2a: Raging Bolt|Booster Energy
|-activate|p2a: Raging Bolt|ability: Protosynthesis|[fromitem]
|-start|p2a: Raging Bolt|protosynthesisspa
|turn|16
|
|t:|1776308566
|move|p1a: Dragonite|Earthquake|p2a: Raging Bolt
|-supereffective|p2a: Raging Bolt
|-damage|p2a: Raging Bolt|23/100
|move|p2a: Raging Bolt|Calm Mind|p2a: Raging Bolt
|-boost|p2a: Raging Bolt|spa|1
|-boost|p2a: Raging Bolt|spd|1
|
|upkeep
|turn|17
|
|t:|1776308571
|move|p2a: Raging Bolt|Thunderclap|p1a: Dragonite
|-damage|p1a: Dragonite|60/100
|move|p1a: Dragonite|Earthquake|p2a: Raging Bolt
|-supereffective|p2a: Raging Bolt
|-damage|p2a: Raging Bolt|0 fnt
|faint|p2a: Raging Bolt
|-end|p2a: Raging Bolt|Protosynthesis|[silent]
|
|win|chillncurry
|raw|chillncurry's rating: 1288 &rarr; <strong>1310</strong><br />(+22 for winning)
|raw|aaokd's rating: 1249 &rarr; <strong>1227</strong><br />(-22 for losing)
|l|☆aaokd
|player|p2|
