|html|<div class="broadcast-blue"><strong>[Gen 9] OU is currently suspecting Tera Blast! For information on how to participate check out the <a href="https://www.smogon.com/tools/suspects/view/200">suspect thread</a>.</strong></div>
|j|☆swagcoragem
|j|☆the_brainrot_mimic
|t:|1776267541
|gametype|singles
|player|p1|swagcoragem|lance|1051
|player|p2|the_brainrot_mimic|unknown|1061
|gen|9
|tier|[Gen 9] OU
|rated|
|rule|HP Percentage Mod: HP is shown in percentages
|rule|Endless Battle Clause: Forcing endless battles is banned
|rule|Species Clause: Limit one of each Pokémon
|rule|OHKO Clause: OHKO moves are banned
|rule|Evasion Items Clause: Evasion items are banned
|rule|Evasion Moves Clause: Evasion moves are banned
|rule|Evasion Abilities Clause: Evasion abilities are banned
|rule|Sleep Moves Clause: Sleep-inducing moves are banned
|clearpoke
|poke|p1|Gliscor, M|
|poke|p1|Cresselia, F|
|poke|p1|Amoonguss, F|
|poke|p1|Dragapult, M|
|poke|p1|Arcanine, F|
|poke|p1|Rotom-Wash|
|poke|p2|Lokix, M|
|poke|p2|Dedenne, M|
|poke|p2|Talonflame, M|
|poke|p2|Toedscruel, M|
|poke|p2|Grafaiai, F|
|poke|p2|Bastiodon, F|
|teampreview
|inactive|Battle timer is ON: inactive players will automatically lose when time's up. (requested by the_brainrot_mimic)
|
|t:|1776267548
|teamsize|p1|6
|teamsize|p2|6
|start
|switch|p1a: Gliscor|Gliscor, M|100/100
|switch|p2a: Xikol|Lokix, M, shiny|100/100
|turn|1
|inactiveoff|Battle timer is now OFF.
|c|☆the_brainrot_mimic|I have every types at once
|c|☆the_brainrot_mimic|Of course you gonna lose
|
|t:|1776267578
|move|p2a: Xikol|First Impression|p1a: Gliscor
|-resisted|p1a: Gliscor
|-damage|p1a: Gliscor|70/100
|move|p1a: Gliscor|Stealth Rock|p2a: Xikol
|-sidestart|p2: the_brainrot_mimic|move: Stealth Rock
|
|-status|p1a: Gliscor|tox|[from] item: Toxic Orb
|upkeep
|turn|2
|
|t:|1776267600
|switch|p2a: Nodoitsab|Bastiodon, F, shiny|100/100
|-damage|p2a: Nodoitsab|94/100|[from] Stealth Rock
|move|p1a: Gliscor|Facade|p2a: Nodoitsab
|-resisted|p2a: Nodoitsab
|-damage|p2a: Nodoitsab|90/100
|
|-heal|p2a: Nodoitsab|96/100|[from] item: Leftovers
|-heal|p1a: Gliscor|82/100 tox|[from] ability: Poison Heal
|upkeep
|turn|3
|
|t:|1776267619
|move|p1a: Gliscor|Earthquake|p2a: Nodoitsab
|-supereffective|p2a: Nodoitsab
|-damage|p2a: Nodoitsab|26/100
|move|p2a: Nodoitsab|Stealth Rock|p1a: Gliscor
|-sidestart|p1: swagcoragem|move: Stealth Rock
|
|-heal|p2a: Nodoitsab|32/100|[from] item: Leftovers
|-heal|p1a: Gliscor|95/100 tox|[from] ability: Poison Heal
|upkeep
|turn|4
|
|t:|1776267649
|switch|p2a: Xikol|Lokix, M, shiny|100/100
|-damage|p2a: Xikol|76/100|[from] Stealth Rock
|move|p1a: Gliscor|Earthquake|p2a: Xikol
|-resisted|p2a: Xikol
|-damage|p2a: Xikol|52/100
|
|-heal|p1a: Gliscor|100/100 tox|[from] ability: Poison Heal
|upkeep
|turn|5
|
|t:|1776267671
|switch|p2a: Leurcsdeot|Toedscruel, M, shiny|100/100
|move|p1a: Gliscor|Earthquake|p2a: Leurcsdeot
|-resisted|p2a: Leurcsdeot
|-damage|p2a: Leurcsdeot|73/100
|
|upkeep
|turn|6
|
|t:|1776267679
|move|p2a: Leurcsdeot|Leaf Storm|p1a: Gliscor|[miss]
|-miss|p2a: Leurcsdeot|p1a: Gliscor
|move|p1a: Gliscor|Facade|p2a: Leurcsdeot
|-crit|p2a: Leurcsdeot
|-damage|p2a: Leurcsdeot|0 fnt
|faint|p2a: Leurcsdeot
|
|upkeep
|
|t:|1776267690
|switch|p2a: Enneded|Dedenne, M, shiny|100/100
|turn|7
|
|t:|1776267698
|-terastallize|p2a: Enneded|Fighting
|move|p2a: Enneded|Dazzling Gleam|p1a: Gliscor
|-damage|p1a: Gliscor|73/100 tox
|move|p1a: Gliscor|Earthquake|p2a: Enneded
|-damage|p2a: Enneded|36/100
|
|-heal|p1a: Gliscor|86/100 tox|[from] ability: Poison Heal
|upkeep
|turn|8
|
|t:|1776267710
|switch|p2a: Emalfnolat|Talonflame, M, shiny|100/100
|move|p1a: Gliscor|Facade|p2a: Emalfnolat
|-crit|p2a: Emalfnolat
|-damage|p2a: Emalfnolat|45/100
|
|-heal|p1a: Gliscor|98/100 tox|[from] ability: Poison Heal
|upkeep
|turn|9
|
|t:|1776267724
|move|p2a: Emalfnolat|Defog|p1a: Gliscor
|-unboost|p1a: Gliscor|evasion|1
|-sideend|p1: swagcoragem|Stealth Rock|[from] move: Defog|[of] p2a: Emalfnolat
|-sideend|p2: the_brainrot_mimic|Stealth Rock|[from] move: Defog|[of] p2a: Emalfnolat
|move|p1a: Gliscor|Facade|p2a: Emalfnolat
|-damage|p2a: Emalfnolat|4/100
|
|-heal|p1a: Gliscor|100/100 tox|[from] ability: Poison Heal
|upkeep
|turn|10
|inactive|Battle timer is ON: inactive players will automatically lose when time's up. (requested by the_brainrot_mimic)
|inactiveoff|Battle timer is now OFF.
|
|t:|1776267742
|move|p2a: Emalfnolat|Flamethrower|p1a: Gliscor
|-damage|p1a: Gliscor|78/100 tox
|move|p1a: Gliscor|Facade|p2a: Emalfnolat
|-damage|p2a: Emalfnolat|0 fnt
|faint|p2a: Emalfnolat
|
|-heal|p1a: Gliscor|91/100 tox|[from] ability: Poison Heal
|upkeep
|c|☆the_brainrot_mimic|Bro... let me play
|
|t:|1776267760
|switch|p2a: Nodoitsab|Bastiodon, F, shiny|32/100
|turn|11
|
|t:|1776267766
|move|p1a: Gliscor|Earthquake|p2a: Nodoitsab
|-supereffective|p2a: Nodoitsab
|-damage|p2a: Nodoitsab|0 fnt
|faint|p2a: Nodoitsab
|
|-heal|p1a: Gliscor|100/100 tox|[from] ability: Poison Heal
|upkeep
|
|t:|1776267773
|switch|p2a: Xikol|Lokix, M, shiny|52/100
|turn|12
|
|t:|1776267782
|move|p2a: Xikol|First Impression|p1a: Gliscor
|-resisted|p1a: Gliscor
|-damage|p1a: Gliscor|69/100 tox
|move|p1a: Gliscor|Stealth Rock|p2a: Xikol
|-sidestart|p2: the_brainrot_mimic|move: Stealth Rock
|
|-heal|p1a: Gliscor|81/100 tox|[from] ability: Poison Heal
|upkeep
|turn|13
|
|t:|1776267792
|move|p2a: Xikol|First Impression||[still]
|-hint|First Impression only works on your first turn out.
|-fail|p2a: Xikol
|move|p1a: Gliscor|Facade|p2a: Xikol
|-damage|p2a: Xikol|9/100
|
|-heal|p1a: Gliscor|94/100 tox|[from] ability: Poison Heal
|upkeep
|turn|14
|
|t:|1776267804
|move|p2a: Xikol|Knock Off|p1a: Gliscor
|-damage|p1a: Gliscor|53/100 tox
|-enditem|p1a: Gliscor|Toxic Orb|[from] move: Knock Off|[of] p2a: Xikol
|move|p1a: Gliscor|Facade|p2a: Xikol
|-damage|p2a: Xikol|0 fnt
|faint|p2a: Xikol
|
|-heal|p1a: Gliscor|65/100 tox|[from] ability: Poison Heal
|upkeep
|
|t:|1776267816
|switch|p2a: Iaiafarg|Grafaiai, F, shiny|100/100
|-damage|p2a: Iaiafarg|88/100|[from] Stealth Rock
|turn|15
|
|t:|1776267822
|move|p1a: Gliscor|Protect|p1a: Gliscor
|-singleturn|p1a: Gliscor|Protect
|move|p2a: Iaiafarg|Gunk Shot|p1a: Gliscor
|-activate|p1a: Gliscor|move: Protect
|
|-heal|p1a: Gliscor|78/100 tox|[from] ability: Poison Heal
|upkeep
|turn|16
|
|t:|1776267831
|move|p2a: Iaiafarg|Low Kick|p1a: Gliscor
|-resisted|p1a: Gliscor
|-damage|p1a: Gliscor|71/100 tox
|move|p1a: Gliscor|Earthquake|p2a: Iaiafarg
|-supereffective|p2a: Iaiafarg
|-damage|p2a: Iaiafarg|0 fnt
|faint|p2a: Iaiafarg
|
|-heal|p1a: Gliscor|83/100 tox|[from] ability: Poison Heal
|upkeep
|
|t:|1776267841
|switch|p2a: Enneded|Dedenne, M, shiny, tera:Fighting|36/100
|turn|17
|c|☆swagcoragem|Gg
|
|t:|1776267847
|move|p2a: Enneded|Dazzling Gleam|p1a: Gliscor
|-damage|p1a: Gliscor|57/100 tox
|move|p1a: Gliscor|Earthquake|p2a: Enneded
|-damage|p2a: Enneded|0 fnt
|faint|p2a: Enneded
|
|win|swagcoragem
|raw|swagcoragem's rating: 1051 &rarr; <strong>1084</strong><br />(+33 for winning)
|raw|the_brainrot_mimic's rating: 1061 &rarr; <strong>1041</strong><br />(-20 for losing)
|c|☆the_brainrot_mimic|Bro that not a game
