|html|<div class="broadcast-blue"><strong>[Gen 9] OU is currently suspecting Tera Blast! For information on how to participate check out the <a href="https://www.smogon.com/tools/suspects/view/200">suspect thread</a>.</strong></div>
|j|☆goodnightnite
|j|☆Verbalseduction
|t:|1776073376
|gametype|singles
|player|p1|goodnightnite|cynthia-masters|1597
|player|p2|Verbalseduction|102|1605
|gen|9
|tier|[Gen 9] OU
|rated|
|rule|HP Percentage Mod: HP is shown in percentages
|rule|Endless Battle Clause: Forcing endless battles is banned
|rule|Species Clause: Limit one of each Pokémon
|rule|OHKO Clause: OHKO moves are banned
|rule|Evasion Items Clause: Evasion items are banned
|rule|Evasion Moves Clause: Evasion moves are banned
|rule|Evasion Abilities Clause: Evasion abilities are banned
|rule|Sleep Moves Clause: Sleep-inducing moves are banned
|clearpoke
|poke|p1|Pelipper, F|
|poke|p1|Hatterene, F|
|poke|p1|Iron Treads|
|poke|p1|Toxicroak, F|
|poke|p1|Barraskewda, F|
|poke|p1|Zapdos|
|poke|p2|Meowscarada, M|
|poke|p2|Pecharunt|
|poke|p2|Enamorus, F|
|poke|p2|Iron Treads|
|poke|p2|Skarmory, F|
|poke|p2|Slowking, F|
|teampreview
|inactive|Battle timer is ON: inactive players will automatically lose when time's up. (requested by goodnightnite)
|
|t:|1776073390
|teamsize|p1|6
|teamsize|p2|6
|start
|switch|p1a: Pelipper|Pelipper, F|100/100
|switch|p2a: Meowscarada|Meowscarada, M|100/100
|-weather|RainDance|[from] ability: Drizzle|[of] p1a: Pelipper
|turn|1
|
|t:|1776073404
|switch|p1a: Toxicroak|Toxicroak, F|100/100
|move|p2a: Meowscarada|Knock Off|p1a: Toxicroak
|-start|p2a: Meowscarada|typechange|Dark|[from] ability: Protean
|-resisted|p1a: Toxicroak
|-damage|p1a: Toxicroak|71/100
|-damage|p2a: Meowscarada|84/100|[from] item: Rocky Helmet|[of] p1a: Toxicroak
|-enditem|p1a: Toxicroak|Rocky Helmet|[from] move: Knock Off|[of] p2a: Meowscarada
|
|-weather|RainDance|[upkeep]
|-heal|p1a: Toxicroak|84/100|[from] ability: Dry Skin
|upkeep
|turn|2
|
|t:|1776073423
|switch|p2a: Pecharunt|Pecharunt|100/100
|move|p1a: Toxicroak|Knock Off|p2a: Pecharunt
|-supereffective|p2a: Pecharunt
|-damage|p2a: Pecharunt|79/100
|-damage|p1a: Toxicroak|67/100|[from] item: Rocky Helmet|[of] p2a: Pecharunt
|-enditem|p2a: Pecharunt|Rocky Helmet|[from] move: Knock Off|[of] p1a: Toxicroak
|
|-weather|RainDance|[upkeep]
|-heal|p1a: Toxicroak|80/100|[from] ability: Dry Skin
|upkeep
|turn|3
|
|t:|1776073440
|switch|p1a: Hatterene|Hatterene, F|100/100
|move|p2a: Pecharunt|Parting Shot|p1a: Hatterene
|move|p1a: Hatterene|Parting Shot|p2a: Pecharunt|[from] ability: Magic Bounce
|-unboost|p2a: Pecharunt|atk|1
|-unboost|p2a: Pecharunt|spa|1
|
|t:|1776073446
|switch|p1a: Zapdos|Zapdos|100/100|[from] Parting Shot
|
|-weather|RainDance|[upkeep]
|upkeep
|turn|4
|
|t:|1776073451
|switch|p2a: Slowking|Slowking, F|100/100
|move|p1a: Zapdos|Weather Ball|p2a: Slowking
|-resisted|p2a: Slowking
|-damage|p2a: Slowking|84/100
|
|-weather|RainDance|[upkeep]
|upkeep
|turn|5
|
|t:|1776073475
|switch|p1a: Hatterene|Hatterene, F|100/100
|move|p2a: Slowking|Future Sight|p1a: Hatterene
|-start|p2a: Slowking|move: Future Sight
|
|-weather|RainDance|[upkeep]
|upkeep
|turn|6
|
|t:|1776073484
|switch|p2a: Iron Treads|Iron Treads|100/100
|move|p1a: Hatterene|Nuzzle|p2a: Iron Treads
|-immune|p2a: Iron Treads
|
|-weather|RainDance|[upkeep]
|upkeep
|turn|7
|
|t:|1776073491
|move|p2a: Iron Treads|Knock Off|p1a: Hatterene
|-damage|p1a: Hatterene|80/100
|-enditem|p1a: Hatterene|Eject Button|[from] move: Knock Off|[of] p2a: Iron Treads
|move|p1a: Hatterene|Psychic Noise|p2a: Iron Treads
|-resisted|p2a: Iron Treads
|-damage|p2a: Iron Treads|86/100
|-start|p2a: Iron Treads|move: Heal Block
|
|-weather|RainDance|[upkeep]
|-end|p1a: Hatterene|move: Future Sight
|-resisted|p1a: Hatterene
|-damage|p1a: Hatterene|55/100
|upkeep
|turn|8
|
|t:|1776073498
|switch|p1a: Zapdos|Zapdos|100/100
|move|p2a: Iron Treads|Earthquake|p1a: Zapdos
|-immune|p1a: Zapdos
|
|-weather|none
|-end|p2a: Iron Treads|move: Heal Block
|upkeep
|turn|9
|
|t:|1776073504
|move|p1a: Zapdos|Hurricane|p2a: Iron Treads
|-resisted|p2a: Iron Treads
|-damage|p2a: Iron Treads|52/100
|move|p2a: Iron Treads|Knock Off|p1a: Zapdos
|-damage|p1a: Zapdos|73/100
|-enditem|p1a: Zapdos|Choice Specs|[from] move: Knock Off|[of] p2a: Iron Treads
|
|-heal|p2a: Iron Treads|58/100|[from] item: Leftovers
|upkeep
|turn|10
|
|t:|1776073515
|switch|p1a: Hatterene|Hatterene, F|55/100
|move|p2a: Iron Treads|Knock Off|p1a: Hatterene
|-damage|p1a: Hatterene|40/100
|
|-heal|p2a: Iron Treads|64/100|[from] item: Leftovers
|upkeep
|turn|11
|
|t:|1776073527
|switch|p1a: Pelipper|Pelipper, F|100/100
|-weather|RainDance|[from] ability: Drizzle|[of] p1a: Pelipper
|move|p2a: Iron Treads|Earthquake|p1a: Pelipper
|-immune|p1a: Pelipper
|
|-weather|RainDance|[upkeep]
|-heal|p2a: Iron Treads|70/100|[from] item: Leftovers
|upkeep
|turn|12
|
|t:|1776073531
|-end|p2a: Iron Treads|Quark Drive|[silent]
|switch|p2a: Slowking|Slowking, F|100/100
|move|p1a: Pelipper|U-turn|p2a: Slowking
|-supereffective|p2a: Slowking
|-damage|p2a: Slowking|83/100
|j| samurajen
|
|t:|1776073546
|switch|p1a: Zapdos|Zapdos|73/100|[from] U-turn
|
|-weather|RainDance|[upkeep]
|upkeep
|turn|13
|
|t:|1776073551
|move|p1a: Zapdos|Thunder|p2a: Slowking
|-supereffective|p2a: Slowking
|-damage|p2a: Slowking|36/100
|move|p2a: Slowking|Scald|p1a: Zapdos
|-damage|p1a: Zapdos|17/100
|
|-weather|RainDance|[upkeep]
|upkeep
|turn|14
|
|t:|1776073568
|switch|p2a: Iron Treads|Iron Treads|70/100
|move|p1a: Zapdos|Hurricane|p2a: Iron Treads
|-resisted|p2a: Iron Treads
|-damage|p2a: Iron Treads|49/100
|
|-weather|RainDance|[upkeep]
|-heal|p2a: Iron Treads|55/100|[from] item: Leftovers
|upkeep
|turn|15
|
|t:|1776073596
|-end|p2a: Iron Treads|Quark Drive|[silent]
|switch|p2a: Slowking|Slowking, F|69/100
|move|p1a: Zapdos|Weather Ball|p2a: Slowking
|-resisted|p2a: Slowking
|-damage|p2a: Slowking|58/100
|
|-weather|RainDance|[upkeep]
|upkeep
|turn|16
|
|t:|1776073612
|move|p1a: Zapdos|Thunder|p2a: Slowking
|-supereffective|p2a: Slowking
|-crit|p2a: Slowking
|-damage|p2a: Slowking|0 fnt
|faint|p2a: Slowking
|
|-weather|RainDance|[upkeep]
|upkeep
|
|t:|1776073624
|switch|p2a: Enamorus|Enamorus, F|100/100
|turn|17
|
|t:|1776073643
|switch|p1a: Iron Treads|Iron Treads|100/100
|move|p2a: Enamorus|Moonblast|p1a: Iron Treads
|-resisted|p1a: Iron Treads
|-damage|p1a: Iron Treads|79/100
|
|-weather|RainDance|[upkeep]
|-heal|p1a: Iron Treads|85/100|[from] item: Leftovers
|upkeep
|turn|18
|
|t:|1776073647
|switch|p2a: Iron Treads|Iron Treads|55/100
|move|p1a: Iron Treads|Volt Switch|p2a: Iron Treads
|-immune|p2a: Iron Treads
|
|-weather|none
|-heal|p2a: Iron Treads|61/100|[from] item: Leftovers
|-heal|p1a: Iron Treads|91/100|[from] item: Leftovers
|upkeep
|turn|19
|
|t:|1776073653
|move|p2a: Iron Treads|Earthquake|p1a: Iron Treads
|-supereffective|p1a: Iron Treads
|-damage|p1a: Iron Treads|33/100
|move|p1a: Iron Treads|Earthquake|p2a: Iron Treads
|-supereffective|p2a: Iron Treads
|-damage|p2a: Iron Treads|2/100
|
|-heal|p2a: Iron Treads|8/100|[from] item: Leftovers
|-heal|p1a: Iron Treads|39/100|[from] item: Leftovers
|upkeep
|turn|20
|
|t:|1776073659
|-end|p1a: Iron Treads|Quark Drive|[silent]
|switch|p1a: Pelipper|Pelipper, F|100/100
|-weather|RainDance|[from] ability: Drizzle|[of] p1a: Pelipper
|move|p2a: Iron Treads|Stealth Rock|p1a: Pelipper
|-sidestart|p1: goodnightnite|move: Stealth Rock
|
|-weather|RainDance|[upkeep]
|-heal|p2a: Iron Treads|14/100|[from] item: Leftovers
|upkeep
|turn|21
|
|t:|1776073665
|move|p2a: Iron Treads|Knock Off|p1a: Pelipper
|-damage|p1a: Pelipper|75/100
|-enditem|p1a: Pelipper|Damp Rock|[from] move: Knock Off|[of] p2a: Iron Treads
|move|p1a: Pelipper|Hurricane|p2a: Iron Treads
|-resisted|p2a: Iron Treads
|-damage|p2a: Iron Treads|0 fnt
|faint|p2a: Iron Treads
|-end|p2a: Iron Treads|Quark Drive|[silent]
|
|-weather|RainDance|[upkeep]
|upkeep
|
|t:|1776073685
|switch|p2a: Enamorus|Enamorus, F|100/100
|turn|22
|
|t:|1776073707
|switch|p1a: Hatterene|Hatterene, F|40/100
|-damage|p1a: Hatterene|28/100|[from] Stealth Rock
|move|p2a: Enamorus|Moonblast|p1a: Hatterene
|-damage|p1a: Hatterene|0 fnt
|faint|p1a: Hatterene
|
|-weather|RainDance|[upkeep]
|upkeep
|
|t:|1776073711
|switch|p1a: Barraskewda|Barraskewda, F|100/100
|-damage|p1a: Barraskewda|88/100|[from] Stealth Rock
|turn|23
|
|t:|1776073715
|switch|p2a: Skarmory|Skarmory, F|100/100
|move|p1a: Barraskewda|Liquidation|p2a: Skarmory
|-damage|p2a: Skarmory|34/100
|
|-weather|RainDance|[upkeep]
|upkeep
|turn|24
|
|t:|1776073735
|-terastallize|p2a: Skarmory|Dragon
|move|p1a: Barraskewda|Liquidation|p2a: Skarmory
|-resisted|p2a: Skarmory
|-damage|p2a: Skarmory|0 fnt
|faint|p2a: Skarmory
|
|-weather|RainDance|[upkeep]
|upkeep
|
|t:|1776073741
|switch|p2a: Pecharunt|Pecharunt|79/100
|turn|25
|inactive|goodnightnite has 120 seconds left.
|
|t:|1776073781
|switch|p1a: Zapdos|Zapdos|17/100
|-damage|p1a: Zapdos|0 fnt|[from] Stealth Rock
|faint|p1a: Zapdos
|move|p2a: Pecharunt|Foul Play|p1: Zapdos|[notarget]
|-fail|p2a: Pecharunt
|
|-weather|RainDance|[upkeep]
|upkeep
|
|t:|1776073786
|switch|p1a: Iron Treads|Iron Treads|39/100
|-damage|p1a: Iron Treads|36/100|[from] Stealth Rock
|turn|26
|inactive|goodnightnite has 120 seconds left.
|
|t:|1776073796
|move|p1a: Iron Treads|Rapid Spin|p2a: Pecharunt
|-immune|p2a: Pecharunt
|move|p2a: Pecharunt|Foul Play|p1a: Iron Treads
|-damage|p1a: Iron Treads|18/100
|
|-weather|RainDance|[upkeep]
|-heal|p1a: Iron Treads|24/100|[from] item: Leftovers
|upkeep
|turn|27
|j| Too Many Caps
|
|t:|1776073801
|switch|p2a: Meowscarada|Meowscarada, M|84/100
|move|p1a: Iron Treads|Earthquake|p2a: Meowscarada
|-resisted|p2a: Meowscarada
|-damage|p2a: Meowscarada|56/100
|
|-weather|none
|-heal|p1a: Iron Treads|30/100|[from] item: Leftovers
|upkeep
|turn|28
|j| scarry.exe
|
|t:|1776073806
|-end|p1a: Iron Treads|Quark Drive|[silent]
|switch|p1a: Toxicroak|Toxicroak, F|80/100
|-damage|p1a: Toxicroak|73/100|[from] Stealth Rock
|move|p2a: Meowscarada|Flower Trick|p1a: Toxicroak
|-start|p2a: Meowscarada|typechange|Grass|[from] ability: Protean
|-resisted|p1a: Toxicroak
|-crit|p1a: Toxicroak
|-damage|p1a: Toxicroak|38/100
|
|upkeep
|turn|29
|inactive|goodnightnite has 120 seconds left.
|
|t:|1776073853
|switch|p2a: Pecharunt|Pecharunt|79/100
|move|p1a: Toxicroak|Drain Punch|p2a: Pecharunt
|-immune|p2a: Pecharunt
|
|upkeep
|turn|30
|
|t:|1776073865
|switch|p1a: Iron Treads|Iron Treads|30/100
|-damage|p1a: Iron Treads|27/100|[from] Stealth Rock
|move|p2a: Pecharunt|Parting Shot|p1a: Iron Treads
|-unboost|p1a: Iron Treads|atk|1
|-unboost|p1a: Iron Treads|spa|1
|
|t:|1776073871
|switch|p2a: Meowscarada|Meowscarada, M|56/100|[from] Parting Shot
|
|-heal|p1a: Iron Treads|33/100|[from] item: Leftovers
|upkeep
|turn|31
|
|t:|1776073883
|-end|p1a: Iron Treads|Quark Drive|[silent]
|switch|p1a: Pelipper|Pelipper, F|75/100
|-damage|p1a: Pelipper|51/100|[from] Stealth Rock
|-weather|RainDance|[from] ability: Drizzle|[of] p1a: Pelipper
|move|p2a: Meowscarada|Flower Trick|p1a: Pelipper
|-start|p2a: Meowscarada|typechange|Grass|[from] ability: Protean
|-crit|p1a: Pelipper
|-damage|p1a: Pelipper|0 fnt
|faint|p1a: Pelipper
|
|-weather|RainDance|[upkeep]
|upkeep
|
|t:|1776073886
|switch|p1a: Barraskewda|Barraskewda, F|88/100
|-damage|p1a: Barraskewda|76/100|[from] Stealth Rock
|turn|32
|
|t:|1776073910
|-terastallize|p1a: Barraskewda|Water
|move|p1a: Barraskewda|Liquidation|p2a: Meowscarada
|-resisted|p2a: Meowscarada
|-damage|p2a: Meowscarada|0 fnt
|faint|p2a: Meowscarada
|
|-weather|RainDance|[upkeep]
|upkeep
|
|t:|1776073914
|switch|p2a: Pecharunt|Pecharunt|79/100
|turn|33
|
|t:|1776073920
|switch|p1a: Iron Treads|Iron Treads|33/100
|-damage|p1a: Iron Treads|30/100|[from] Stealth Rock
|move|p2a: Pecharunt|Foul Play|p1a: Iron Treads
|-damage|p1a: Iron Treads|13/100
|
|-weather|RainDance|[upkeep]
|-heal|p1a: Iron Treads|19/100|[from] item: Leftovers
|upkeep
|turn|34
|
|t:|1776073928
|switch|p2a: Enamorus|Enamorus, F|100/100
|move|p1a: Iron Treads|Earthquake|p2a: Enamorus
|-immune|p2a: Enamorus
|
|-weather|RainDance|[upkeep]
|-heal|p1a: Iron Treads|25/100|[from] item: Leftovers
|upkeep
|turn|35
|
|t:|1776073952
|-end|p1a: Iron Treads|Quark Drive|[silent]
|switch|p1a: Toxicroak|Toxicroak, F|38/100
|-damage|p1a: Toxicroak|32/100|[from] Stealth Rock
|move|p2a: Enamorus|Earth Power|p1a: Toxicroak
|-supereffective|p1a: Toxicroak
|-damage|p1a: Toxicroak|0 fnt
|faint|p1a: Toxicroak
|
|-weather|none
|upkeep
|
|t:|1776073956
|switch|p1a: Barraskewda|Barraskewda, F, tera:Water|76/100
|-damage|p1a: Barraskewda|64/100|[from] Stealth Rock
|turn|36
|
|t:|1776073960
|switch|p2a: Pecharunt|Pecharunt|79/100
|move|p1a: Barraskewda|Liquidation|p2a: Pecharunt
|-damage|p2a: Pecharunt|33/100
|
|upkeep
|turn|37
|
|t:|1776073972
|move|p1a: Barraskewda|Liquidation|p2a: Pecharunt
|-damage|p2a: Pecharunt|0 fnt
|faint|p2a: Pecharunt
|
|upkeep
|
|t:|1776073974
|switch|p2a: Enamorus|Enamorus, F|100/100
|turn|38
|inactive|goodnightnite has 120 seconds left.
|
|t:|1776074004
|move|p2a: Enamorus|Moonblast|p1a: Barraskewda
|-damage|p1a: Barraskewda|0 fnt
|faint|p1a: Barraskewda
|
|upkeep
|inactive|goodnightnite has 120 seconds left.
|-message|goodnightnite forfeited.
|
|win|Verbalseduction
|raw|goodnightnite's rating: 1597 &rarr; <strong>1577</strong><br />(-20 for losing)
|raw|Verbalseduction's rating: 1605 &rarr; <strong>1625</strong><br />(+20 for winning)
|l| scarry.exe
|l|☆Verbalseduction
|player|p2|
|l|☆goodnightnite
|player|p1|
