|html|<div class="broadcast-blue"><strong>[Gen 9] OU is currently suspecting Tera Blast! For information on how to participate check out the <a href="https://www.smogon.com/tools/suspects/view/200">suspect thread</a>.</strong></div>
|j|☆asdfsdfsfsdfs
|j|‽muktashi
|t:|1776222946
|gametype|singles
|player|p1|asdfsdfsfsdfs|169|1000
|player|p2|muktashi|1|1000
|gen|9
|tier|[Gen 9] OU
|rated|
|rule|HP Percentage Mod: HP is shown in percentages
|rule|Endless Battle Clause: Forcing endless battles is banned
|rule|Species Clause: Limit one of each Pokémon
|rule|OHKO Clause: OHKO moves are banned
|rule|Evasion Items Clause: Evasion items are banned
|rule|Evasion Moves Clause: Evasion moves are banned
|rule|Evasion Abilities Clause: Evasion abilities are banned
|rule|Sleep Moves Clause: Sleep-inducing moves are banned
|clearpoke
|poke|p1|Umbreon, M|
|poke|p1|Quaquaval, F|
|poke|p1|Meowscarada, F|
|poke|p1|Cinderace, M|
|poke|p1|Blaziken, M|
|poke|p1|Primarina, F|
|poke|p2|Gliscor, M|
|poke|p2|Gholdengo|
|poke|p2|Iron Hands|
|poke|p2|Ursaluna, F|
|poke|p2|Venusaur, F|
|poke|p2|Gyarados, F|
|teampreview
|inactive|Battle timer is ON: inactive players will automatically lose when time's up. (requested by asdfsdfsfsdfs)
|
|t:|1776222962
|teamsize|p1|6
|teamsize|p2|6
|start
|switch|p1a: Fuma Thurman|Meowscarada, F, shiny|100/100
|switch|p2a: Gliscor|Gliscor, M|100/100
|turn|1
|
|t:|1776222968
|move|p2a: Gliscor|Protect|p2a: Gliscor
|-singleturn|p2a: Gliscor|Protect
|move|p1a: Fuma Thurman|Triple Axel|p2a: Gliscor
|-start|p1a: Fuma Thurman|typechange|Ice|[from] ability: Protean
|-activate|p2a: Gliscor|move: Protect
|
|-status|p2a: Gliscor|tox|[from] item: Toxic Orb
|upkeep
|turn|2
|
|t:|1776222978
|switch|p2a: Gholdengo|Gholdengo|100/100
|move|p1a: Fuma Thurman|Triple Axel|p2a: Gholdengo
|-resisted|p2a: Gholdengo
|-crit|p2a: Gholdengo
|-damage|p2a: Gholdengo|90/100
|-resisted|p2a: Gholdengo
|-damage|p2a: Gholdengo|75/100
|-resisted|p2a: Gholdengo
|-damage|p2a: Gholdengo|52/100
|-hitcount|p2a: Gholdengo|3
|
|upkeep
|turn|3
|
|t:|1776222992
|switch|p1a: Cindedine Cidane|Cinderace, M, shiny|100/100
|move|p2a: Gholdengo|Make It Rain|p1a: Cindedine Cidane
|-resisted|p1a: Cindedine Cidane
|-damage|p1a: Cindedine Cidane|42/100
|-unboost|p2a: Gholdengo|spa|1
|-damage|p2a: Gholdengo|42/100|[from] item: Life Orb
|
|upkeep
|turn|4
|
|t:|1776223006
|switch|p2a: Gyarados|Gyarados, F|100/100
|-ability|p2a: Gyarados|Intimidate|boost
|-unboost|p1a: Cindedine Cidane|atk|1
|move|p1a: Cindedine Cidane|Pyro Ball|p2a: Gyarados
|-resisted|p2a: Gyarados
|-damage|p2a: Gyarados|78/100
|
|upkeep
|turn|5
|
|t:|1776223018
|switch|p1a: Koimbreon|Umbreon, M|100/100
|move|p2a: Gyarados|Dragon Dance|p2a: Gyarados
|-boost|p2a: Gyarados|atk|1
|-boost|p2a: Gyarados|spe|1
|
|upkeep
|turn|6
|
|t:|1776223028
|switch|p2a: Gliscor|Gliscor, M|100/100 tox
|move|p1a: Koimbreon|Foul Play|p2a: Gliscor
|-damage|p2a: Gliscor|64/100 tox
|
|-heal|p2a: Gliscor|76/100 tox|[from] ability: Poison Heal
|upkeep
|turn|7
|
|t:|1776223047
|switch|p1a: Elsa Pataso|Quaquaval, F, shiny|100/100
|move|p2a: Gliscor|Toxic|p1a: Elsa Pataso
|-status|p1a: Elsa Pataso|tox
|
|-damage|p1a: Elsa Pataso|94/100 tox|[from] psn
|-heal|p2a: Gliscor|89/100 tox|[from] ability: Poison Heal
|upkeep
|turn|8
|
|t:|1776223055
|move|p2a: Gliscor|Protect|p2a: Gliscor
|-singleturn|p2a: Gliscor|Protect
|move|p1a: Elsa Pataso|Aqua Step|p2a: Gliscor
|-activate|p2a: Gliscor|move: Protect
|
|-damage|p1a: Elsa Pataso|82/100 tox|[from] psn
|-heal|p2a: Gliscor|100/100 tox|[from] ability: Poison Heal
|upkeep
|turn|9
|
|t:|1776223065
|switch|p2a: Venusaur|Venusaur, F|100/100
|move|p1a: Elsa Pataso|Aqua Step|p2a: Venusaur
|-resisted|p2a: Venusaur
|-crit|p2a: Venusaur
|-damage|p2a: Venusaur|69/100
|-boost|p1a: Elsa Pataso|spe|1
|
|-heal|p2a: Venusaur|75/100|[from] item: Leftovers
|-damage|p1a: Elsa Pataso|64/100 tox|[from] psn
|upkeep
|turn|10
|
|t:|1776223075
|move|p1a: Elsa Pataso|Brave Bird|p2a: Venusaur
|-supereffective|p2a: Venusaur
|-damage|p2a: Venusaur|0 fnt
|faint|p2a: Venusaur
|-ability|p1a: Elsa Pataso|Moxie|boost
|-boost|p1a: Elsa Pataso|atk|1
|-damage|p1a: Elsa Pataso|40/100 tox|[from] Recoil
|
|-damage|p1a: Elsa Pataso|16/100 tox|[from] psn
|upkeep
|
|t:|1776223084
|switch|p2a: Gliscor|Gliscor, M|100/100 tox
|turn|11
|
|t:|1776223100
|switch|p1a: Fuma Thurman|Meowscarada, F, shiny|100/100
|move|p2a: Gliscor|Protect||[still]
|-fail|p2a: Gliscor
|
|upkeep
|turn|12
|l|‽muktashi
|inactive|muktashi disconnected and has a minute to reconnect!
|player|p2|
|inactive|muktashi has 30 seconds to reconnect!
|inactive|muktashi has 20 seconds to reconnect!
|inactive|muktashi has 15 seconds to reconnect!
|inactive|muktashi has 10 seconds to reconnect!
|inactive|muktashi has 5 seconds to reconnect!
|-message|muktashi lost due to inactivity.
|
|win|asdfsdfsfsdfs
|raw|asdfsdfsfsdfs's rating: 1000 &rarr; <strong>1040</strong><br />(+40 for winning)
|raw|muktashi's rating: 1000 &rarr; <strong>1000</strong><br />(+0 for losing)
