|html|<div class="broadcast-blue"><strong>[Gen 9] OU is currently suspecting Tera Blast! For information on how to participate check out the <a href="https://www.smogon.com/tools/suspects/view/200">suspect thread</a>.</strong></div>
|j|☆Joao 33
|j|☆capitolg
|t:|1776079832
|gametype|singles
|player|p1|Joao 33|hoopster|1154
|player|p2|capitolg|bellelba|1172
|gen|9
|tier|[Gen 9] OU
|rated|
|rule|HP Percentage Mod: HP is shown in percentages
|rule|Endless Battle Clause: Forcing endless battles is banned
|rule|Species Clause: Limit one of each Pokémon
|rule|OHKO Clause: OHKO moves are banned
|rule|Evasion Items Clause: Evasion items are banned
|rule|Evasion Moves Clause: Evasion moves are banned
|rule|Evasion Abilities Clause: Evasion abilities are banned
|rule|Sleep Moves Clause: Sleep-inducing moves are banned
|clearpoke
|poke|p1|Ursaluna, F|
|poke|p1|Spiritomb, F|
|poke|p1|Porygon2|
|poke|p1|Hatterene, F|
|poke|p1|Dondozo, F|
|poke|p1|Crawdaunt, F|
|poke|p2|Ribombee, M|
|poke|p2|Cinderace, M|
|poke|p2|Thundurus, M|
|poke|p2|Chandelure, F|
|poke|p2|Malamar, M|
|poke|p2|Empoleon, F|
|teampreview
|
|t:|1776079841
|teamsize|p1|6
|teamsize|p2|6
|start
|switch|p1a: Porygon2|Porygon2|100/100
|switch|p2a: Ribombee|Ribombee, M|100/100
|-ability|p1a: Porygon2|Shield Dust|Trace|[from] ability: Trace|[of] p2a: Ribombee
|turn|1
|
|t:|1776079851
|switch|p1a: Hatterene|Hatterene, F|100/100
|move|p2a: Ribombee|Sticky Web|p1a: Hatterene
|move|p1a: Hatterene|Sticky Web|p2a: Ribombee|[from] ability: Magic Bounce
|-sidestart|p2: capitolg|move: Sticky Web
|
|upkeep
|turn|2
|
|t:|1776079861
|switch|p2a: Empoleon|Empoleon, F|100/100
|-activate|p2a: Empoleon|move: Sticky Web
|-unboost|p2a: Empoleon|spe|1
|-ability|p2a: Empoleon|Competitive|boost
|-boost|p2a: Empoleon|spa|2
|move|p1a: Hatterene|Trick Room|p1a: Hatterene
|-fieldstart|move: Trick Room|[of] p1a: Hatterene
|
|upkeep
|turn|3
|
|t:|1776079870
|switch|p1a: Dondozo|Dondozo, F|100/100
|move|p2a: Empoleon|Surf|p1a: Dondozo
|-resisted|p1a: Dondozo
|-damage|p1a: Dondozo|81/100
|
|-heal|p1a: Dondozo|87/100|[from] item: Leftovers
|upkeep
|turn|4
|
|t:|1776079880
|move|p1a: Dondozo|Curse|p1a: Dondozo
|-unboost|p1a: Dondozo|spe|1
|-boost|p1a: Dondozo|atk|1
|-boost|p1a: Dondozo|def|1
|move|p2a: Empoleon|Grass Knot|p1a: Dondozo
|-supereffective|p1a: Dondozo
|-damage|p1a: Dondozo|21/100
|
|-heal|p1a: Dondozo|27/100|[from] item: Leftovers
|upkeep
|turn|5
|
|t:|1776079891
|move|p1a: Dondozo|Body Press|p2a: Empoleon
|-supereffective|p2a: Empoleon
|-damage|p2a: Empoleon|28/100
|move|p2a: Empoleon|Grass Knot|p1a: Dondozo
|-supereffective|p1a: Dondozo
|-damage|p1a: Dondozo|0 fnt
|faint|p1a: Dondozo
|
|upkeep
|
|t:|1776079902
|switch|p1a: Spiritomb|Spiritomb, F|100/100
|turn|6
|
|t:|1776079908
|move|p1a: Spiritomb|Will-O-Wisp|p2a: Empoleon|[miss]
|-miss|p1a: Spiritomb|p2a: Empoleon
|move|p2a: Empoleon|Surf|p1a: Spiritomb
|-damage|p1a: Spiritomb|44/100
|
|-heal|p1a: Spiritomb|50/100|[from] item: Leftovers
|-fieldend|move: Trick Room
|upkeep
|turn|7
|
|t:|1776079912
|move|p2a: Empoleon|Surf|p1a: Spiritomb
|-damage|p1a: Spiritomb|0 fnt
|faint|p1a: Spiritomb
|
|upkeep
|
|t:|1776079922
|switch|p1a: Porygon2|Porygon2|100/100
|-ability|p1a: Porygon2|Competitive|Trace|[from] ability: Trace|[of] p2a: Empoleon
|turn|8
|
|t:|1776079929
|move|p2a: Empoleon|Surf|p1a: Porygon2
|-damage|p1a: Porygon2|54/100
|move|p1a: Porygon2|Trick Room|p1a: Porygon2
|-fieldstart|move: Trick Room|[of] p1a: Porygon2
|
|upkeep
|turn|9
|
|t:|1776079939
|switch|p1a: Hatterene|Hatterene, F|100/100
|move|p2a: Empoleon|Vacuum Wave|p1a: Hatterene
|-resisted|p1a: Hatterene
|-damage|p1a: Hatterene|94/100
|
|-heal|p1a: Hatterene|100/100|[from] item: Leftovers
|upkeep
|turn|10
|
|t:|1776079953
|move|p1a: Hatterene|Draining Kiss|p2a: Empoleon
|-resisted|p2a: Empoleon
|-damage|p2a: Empoleon|19/100
|move|p2a: Empoleon|Surf|p1a: Hatterene
|-damage|p1a: Hatterene|18/100
|
|-heal|p1a: Hatterene|24/100|[from] item: Leftovers
|upkeep
|turn|11
|
|t:|1776079959
|move|p1a: Hatterene|Draining Kiss|p2a: Empoleon
|-resisted|p2a: Empoleon
|-damage|p2a: Empoleon|9/100
|-heal|p1a: Hatterene|34/100|[from] drain|[of] p2a: Empoleon
|move|p2a: Empoleon|Surf|p1a: Hatterene
|-damage|p1a: Hatterene|0 fnt
|faint|p1a: Hatterene
|
|upkeep
|
|t:|1776079963
|switch|p1a: Ursaluna|Ursaluna, F|100/100
|turn|12
|
|t:|1776079972
|move|p1a: Ursaluna|Facade|p2a: Empoleon
|-resisted|p2a: Empoleon
|-damage|p2a: Empoleon|0 fnt
|faint|p2a: Empoleon
|
|-fieldend|move: Trick Room
|-status|p1a: Ursaluna|brn|[from] item: Flame Orb
|upkeep
|
|t:|1776079974
|switch|p2a: Malamar|Malamar, M|100/100
|-activate|p2a: Malamar|move: Sticky Web
|-boost|p2a: Malamar|spe|1
|turn|13
|
|t:|1776079987
|move|p2a: Malamar|Superpower|p1a: Ursaluna
|-supereffective|p1a: Ursaluna
|-damage|p1a: Ursaluna|51/100 brn
|-boost|p2a: Malamar|atk|1
|-boost|p2a: Malamar|def|1
|move|p1a: Ursaluna|Facade|p2a: Malamar
|-damage|p2a: Malamar|0 fnt
|faint|p2a: Malamar
|
|-damage|p1a: Ursaluna|45/100 brn|[from] brn
|upkeep
|
|t:|1776079991
|switch|p2a: Chandelure|Chandelure, F|100/100
|-item|p2a: Chandelure|Air Balloon
|turn|14
|
|t:|1776080005
|move|p2a: Chandelure|Energy Ball|p1a: Ursaluna
|-supereffective|p1a: Ursaluna
|-damage|p1a: Ursaluna|0 fnt
|faint|p1a: Ursaluna
|
|upkeep
|
|t:|1776080011
|switch|p1a: Porygon2|Porygon2|54/100
|-ability|p1a: Porygon2|Flame Body|Trace|[from] ability: Trace|[of] p2a: Chandelure
|turn|15
|
|t:|1776080018
|move|p2a: Chandelure|Flamethrower|p1a: Porygon2
|-damage|p1a: Porygon2|23/100
|move|p1a: Porygon2|Trick Room|p1a: Porygon2
|-fieldstart|move: Trick Room|[of] p1a: Porygon2
|
|upkeep
|turn|16
|
|t:|1776080023
|move|p1a: Porygon2|Foul Play|p2a: Chandelure
|-supereffective|p2a: Chandelure
|-damage|p2a: Chandelure|74/100
|-status|p1a: Porygon2|brn|[from] ability: Flame Body|[of] p2a: Chandelure
|-enditem|p2a: Chandelure|Air Balloon
|move|p2a: Chandelure|Energy Ball|p1a: Porygon2
|-damage|p1a: Porygon2|1/100 brn
|
|-damage|p1a: Porygon2|0 fnt|[from] brn
|faint|p1a: Porygon2
|upkeep
|
|t:|1776080027
|switch|p1a: Crawdaunt|Crawdaunt, F|100/100
|turn|17
|
|t:|1776080035
|move|p1a: Crawdaunt|Aqua Jet|p2a: Chandelure
|-supereffective|p2a: Chandelure
|-damage|p2a: Chandelure|0 fnt
|faint|p2a: Chandelure
|
|upkeep
|
|t:|1776080037
|switch|p2a: Cinderace|Cinderace, M, shiny|100/100
|turn|18
|
|t:|1776080043
|move|p1a: Crawdaunt|Aqua Jet|p2a: Cinderace
|-supereffective|p2a: Cinderace
|-damage|p2a: Cinderace|17/100
|move|p2a: Cinderace|Will-O-Wisp|p1a: Crawdaunt
|-status|p1a: Crawdaunt|brn
|
|-damage|p1a: Crawdaunt|94/100 brn|[from] brn
|upkeep
|turn|19
|
|t:|1776080049
|move|p1a: Crawdaunt|Aqua Jet|p2a: Cinderace
|-supereffective|p2a: Cinderace
|-damage|p2a: Cinderace|0 fnt
|faint|p2a: Cinderace
|
|-damage|p1a: Crawdaunt|88/100 brn|[from] brn
|-fieldend|move: Trick Room
|upkeep
|
|t:|1776080052
|switch|p2a: Thundurus|Thundurus, M|100/100
|turn|20
|
|t:|1776080056
|move|p2a: Thundurus|Supercell Slam|p1a: Crawdaunt
|-supereffective|p1a: Crawdaunt
|-damage|p1a: Crawdaunt|4/100 brn
|move|p1a: Crawdaunt|Knock Off|p2a: Thundurus
|-damage|p2a: Thundurus|59/100
|-enditem|p2a: Thundurus|White Herb|[from] move: Knock Off|[of] p1a: Crawdaunt
|
|-damage|p1a: Crawdaunt|0 fnt|[from] brn
|faint|p1a: Crawdaunt
|
|win|capitolg
|raw|Joao 33's rating: 1154 &rarr; <strong>1130</strong><br />(-24 for losing)
|raw|capitolg's rating: 1172 &rarr; <strong>1196</strong><br />(+24 for winning)
|l|☆Joao 33
|player|p1|
