|html|<div class="broadcast-blue"><strong>[Gen 9] OU is currently suspecting Tera Blast! For information on how to participate check out the <a href="https://www.smogon.com/tools/suspects/view/200">suspect thread</a>.</strong></div>
|j|☆CrimsonLotus3
|j|☆Chris789001
|t:|1776116013
|gametype|singles
|player|p1|CrimsonLotus3|1|1352
|player|p2|Chris789001|265|1293
|gen|9
|tier|[Gen 9] OU
|rated|
|rule|HP Percentage Mod: HP is shown in percentages
|rule|Endless Battle Clause: Forcing endless battles is banned
|rule|Species Clause: Limit one of each Pokémon
|rule|OHKO Clause: OHKO moves are banned
|rule|Evasion Items Clause: Evasion items are banned
|rule|Evasion Moves Clause: Evasion moves are banned
|rule|Evasion Abilities Clause: Evasion abilities are banned
|rule|Sleep Moves Clause: Sleep-inducing moves are banned
|clearpoke
|poke|p1|Kingambit, F|
|poke|p1|Cinderace, F|
|poke|p1|Landorus-Therian, M|
|poke|p1|Iron Valiant|
|poke|p1|Kyurem|
|poke|p1|Slowking-Galar, M|
|poke|p2|Cloyster, M|
|poke|p2|Hydreigon, F|
|poke|p2|Froslass, F|
|poke|p2|Lurantis, M|
|poke|p2|Manaphy|
|poke|p2|Blaziken, F|
|teampreview
|inactive|Battle timer is ON: inactive players will automatically lose when time's up. (requested by Chris789001)
|
|t:|1776116029
|teamsize|p1|6
|teamsize|p2|6
|start
|switch|p1a: Cinderace|Cinderace, F|100/100
|switch|p2a: Cloyster|Cloyster, M|100/100
|turn|1
|
|t:|1776116036
|move|p1a: Cinderace|Pyro Ball|p2a: Cloyster
|-damage|p2a: Cloyster|59/100
|move|p2a: Cloyster|Shell Smash|p2a: Cloyster
|-unboost|p2a: Cloyster|def|1
|-unboost|p2a: Cloyster|spd|1
|-boost|p2a: Cloyster|atk|2
|-boost|p2a: Cloyster|spa|2
|-boost|p2a: Cloyster|spe|2
|
|upkeep
|turn|2
|
|t:|1776116053
|move|p2a: Cloyster|Rock Blast|p1a: Cinderace|[miss]
|-miss|p2a: Cloyster|p1a: Cinderace
|move|p1a: Cinderace|Pyro Ball|p2a: Cloyster
|-damage|p2a: Cloyster|0 fnt
|faint|p2a: Cloyster
|
|upkeep
|
|t:|1776116063
|switch|p2a: Manaphy|Manaphy|100/100
|turn|3
|
|t:|1776116071
|move|p1a: Cinderace|U-turn|p2a: Manaphy
|-damage|p2a: Manaphy|85/100
|
|t:|1776116073
|switch|p1a: Slowking|Slowking-Galar, M, shiny|100/100|[from] U-turn
|move|p2a: Manaphy|Acid Armor|p2a: Manaphy
|-boost|p2a: Manaphy|def|2
|
|-heal|p2a: Manaphy|91/100|[from] item: Leftovers
|upkeep
|turn|4
|
|t:|1776116091
|move|p2a: Manaphy|Take Heart|p2a: Manaphy
|-boost|p2a: Manaphy|spa|1
|-boost|p2a: Manaphy|spd|1
|move|p1a: Slowking|Sludge Bomb|p2a: Manaphy
|-damage|p2a: Manaphy|73/100
|-status|p2a: Manaphy|psn
|
|-heal|p2a: Manaphy|79/100 psn|[from] item: Leftovers
|-damage|p2a: Manaphy|66/100 psn|[from] psn
|upkeep
|turn|5
|
|t:|1776116108
|-terastallize|p1a: Slowking|Water
|move|p2a: Manaphy|Take Heart|p2a: Manaphy
|-boost|p2a: Manaphy|spa|1
|-boost|p2a: Manaphy|spd|1
|-curestatus|p2a: Manaphy|psn|[msg]
|move|p1a: Slowking|Psychic Noise|p2a: Manaphy
|-damage|p2a: Manaphy|55/100
|-start|p2a: Manaphy|move: Heal Block
|
|upkeep
|turn|6
|inactive|CrimsonLotus3 has 120 seconds left.
|
|t:|1776116129
|move|p2a: Manaphy|Alluring Voice|p1a: Slowking
|-damage|p1a: Slowking|75/100
|move|p1a: Slowking|Psychic Noise|p2a: Manaphy
|-damage|p2a: Manaphy|43/100
|
|-end|p2a: Manaphy|move: Heal Block
|upkeep
|turn|7
|
|t:|1776116138
|move|p2a: Manaphy|Alluring Voice|p1a: Slowking
|-damage|p1a: Slowking|49/100
|move|p1a: Slowking|Psychic Noise|p2a: Manaphy
|-damage|p2a: Manaphy|32/100
|-start|p2a: Manaphy|move: Heal Block
|
|upkeep
|turn|8
|
|t:|1776116148
|move|p2a: Manaphy|Alluring Voice|p1a: Slowking
|-damage|p1a: Slowking|25/100
|-prepare|p1a: Slowking|Chilly Reception|[premajor]
|move|p1a: Slowking|Chilly Reception|p1a: Slowking
|-weather|Snowscape
|
|t:|1776116153
|switch|p1a: Kyurem|Kyurem, shiny|100/100|[from] Chilly Reception
|-ability|p1a: Kyurem|Pressure
|
|-weather|Snowscape|[upkeep]
|-end|p2a: Manaphy|move: Heal Block
|upkeep
|turn|9
|
|t:|1776116161
|move|p1a: Kyurem|Freeze-Dry|p2a: Manaphy
|-supereffective|p2a: Manaphy
|-damage|p2a: Manaphy|2/100
|move|p2a: Manaphy|Alluring Voice|p1a: Kyurem
|-supereffective|p1a: Kyurem
|-damage|p1a: Kyurem|31/100
|
|-weather|Snowscape|[upkeep]
|-heal|p1a: Kyurem|37/100|[from] item: Leftovers
|-heal|p2a: Manaphy|8/100|[from] item: Leftovers
|upkeep
|turn|10
|
|t:|1776116170
|move|p1a: Kyurem|Freeze-Dry|p2a: Manaphy
|-supereffective|p2a: Manaphy
|-damage|p2a: Manaphy|0 fnt
|faint|p2a: Manaphy
|
|-weather|Snowscape|[upkeep]
|-heal|p1a: Kyurem|43/100|[from] item: Leftovers
|upkeep
|
|t:|1776116176
|switch|p2a: Froslass|Froslass, F|100/100
|turn|11
|
|t:|1776116186
|switch|p1a: Slowking|Slowking-Galar, M, shiny, tera:Water|59/100
|move|p2a: Froslass|Aurora Veil|p2a: Froslass
|-sidestart|p2: Chris789001|move: Aurora Veil
|
|-weather|Snowscape|[upkeep]
|upkeep
|turn|12
|
|t:|1776116198
|move|p2a: Froslass|Trailblaze|p1a: Slowking
|-supereffective|p1a: Slowking
|-damage|p1a: Slowking|38/100
|-boost|p2a: Froslass|spe|1
|move|p1a: Slowking|Thunder Wave|p2a: Froslass
|-status|p2a: Froslass|par
|
|-weather|none
|upkeep
|turn|13
|
|t:|1776116219
|switch|p1a: Cinderace|Cinderace, F|100/100
|move|p2a: Froslass|Trailblaze|p1a: Cinderace
|-resisted|p1a: Cinderace
|-damage|p1a: Cinderace|95/100
|-boost|p2a: Froslass|spe|1
|
|upkeep
|turn|14
|
|t:|1776116228
|switch|p2a: Hydreigon|Hydreigon, F|100/100
|move|p1a: Cinderace|Court Change|p1a: Cinderace
|-swapsideconditions
|-activate|p1a: Cinderace|move: Court Change
|
|upkeep
|turn|15
|
|t:|1776116234
|move|p1a: Cinderace|U-turn|p2a: Hydreigon
|-supereffective|p2a: Hydreigon
|-damage|p2a: Hydreigon|58/100
|
|t:|1776116238
|switch|p1a: Slowking|Slowking-Galar, M, shiny, tera:Water|72/100|[from] U-turn
|move|p2a: Hydreigon|Dragon Dance|p2a: Hydreigon
|-boost|p2a: Hydreigon|atk|1
|-boost|p2a: Hydreigon|spe|1
|
|-sideend|p1: CrimsonLotus3|move: Aurora Veil
|upkeep
|turn|16
|
|t:|1776116255
|switch|p1a: Landorus|Landorus-Therian, M|100/100
|-ability|p1a: Landorus|Intimidate|boost
|-unboost|p2a: Hydreigon|atk|1
|move|p2a: Hydreigon|Earthquake|p1a: Landorus
|-immune|p1a: Landorus
|
|upkeep
|turn|17
|
|t:|1776116269
|move|p2a: Hydreigon|Dragon Dance|p2a: Hydreigon
|-boost|p2a: Hydreigon|atk|1
|-boost|p2a: Hydreigon|spe|1
|move|p1a: Landorus|Stealth Rock|p2a: Hydreigon
|-sidestart|p2: Chris789001|move: Stealth Rock
|
|upkeep
|turn|18
|
|t:|1776116278
|move|p2a: Hydreigon|Crunch|p1a: Landorus
|-damage|p1a: Landorus|46/100
|-damage|p2a: Hydreigon|41/100|[from] item: Rocky Helmet|[of] p1a: Landorus
|move|p1a: Landorus|U-turn|p2a: Hydreigon
|-supereffective|p2a: Hydreigon
|-damage|p2a: Hydreigon|0 fnt
|faint|p2a: Hydreigon
|
|t:|1776116299
|switch|p1a: Cinderace|Cinderace, F|95/100|[from] U-turn
|
|upkeep
|
|t:|1776116312
|switch|p2a: Blaziken|Blaziken, F|100/100
|-damage|p2a: Blaziken|88/100|[from] Stealth Rock
|turn|19
|
|t:|1776116319
|switch|p1a: Landorus|Landorus-Therian, M|46/100
|-ability|p1a: Landorus|Intimidate|boost
|-unboost|p2a: Blaziken|atk|1
|move|p2a: Blaziken|Detect||[still]
|-fail|p2a: Blaziken
|
|-ability|p2a: Blaziken|Speed Boost|boost
|-boost|p2a: Blaziken|spe|1
|upkeep
|turn|20
|
|t:|1776116332
|-terastallize|p2a: Blaziken|Flying
|move|p1a: Landorus|Earthquake|p2a: Blaziken
|-immune|p2a: Blaziken
|move|p2a: Blaziken|Bulk Up|p2a: Blaziken
|-boost|p2a: Blaziken|atk|1
|-boost|p2a: Blaziken|def|1
|
|-ability|p2a: Blaziken|Speed Boost|boost
|-boost|p2a: Blaziken|spe|1
|upkeep
|turn|21
|
|t:|1776116342
|move|p2a: Blaziken|Detect|p2a: Blaziken
|-singleturn|p2a: Blaziken|Protect
|move|p1a: Landorus|Taunt|p2a: Blaziken
|-activate|p2a: Blaziken|move: Protect
|
|-ability|p2a: Blaziken|Speed Boost|boost
|-boost|p2a: Blaziken|spe|1
|upkeep
|turn|22
|
|t:|1776116351
|move|p2a: Blaziken|Blaze Kick|p1a: Landorus
|-damage|p1a: Landorus|0 fnt
|-damage|p2a: Blaziken|72/100|[from] item: Rocky Helmet|[of] p1a: Landorus
|faint|p1a: Landorus
|-damage|p2a: Blaziken|62/100|[from] item: Life Orb
|
|-ability|p2a: Blaziken|Speed Boost|boost
|-boost|p2a: Blaziken|spe|1
|upkeep
|
|t:|1776116360
|switch|p1a: Cinderace|Cinderace, F|95/100
|turn|23
|
|t:|1776116366
|move|p2a: Blaziken|Brick Break|p1a: Cinderace
|-damage|p1a: Cinderace|35/100
|-damage|p2a: Blaziken|52/100|[from] item: Life Orb
|move|p1a: Cinderace|Pyro Ball|p2a: Blaziken
|-damage|p2a: Blaziken|5/100
|
|-ability|p2a: Blaziken|Speed Boost|boost
|-boost|p2a: Blaziken|spe|1
|upkeep
|turn|24
|
|t:|1776116383
|switch|p1a: Kyurem|Kyurem, shiny|43/100
|-ability|p1a: Kyurem|Pressure
|move|p2a: Blaziken|Brick Break|p1a: Kyurem
|-supereffective|p1a: Kyurem
|-damage|p1a: Kyurem|0 fnt
|faint|p1a: Kyurem
|-damage|p2a: Blaziken|0 fnt|[from] item: Life Orb
|faint|p2a: Blaziken
|
|upkeep
|
|t:|1776116400
|switch|p1a: Cinderace|Cinderace, F|35/100
|switch|p2a: Froslass|Froslass, F|100/100 par
|-damage|p2a: Froslass|76/100 par|[from] Stealth Rock
|turn|25
|
|t:|1776116405
|move|p1a: Cinderace|Pyro Ball|p2a: Froslass
|-supereffective|p2a: Froslass
|-damage|p2a: Froslass|0 fnt
|faint|p2a: Froslass
|
|upkeep
|
|t:|1776116409
|switch|p2a: Lurantis|Lurantis, M|100/100
|-damage|p2a: Lurantis|88/100|[from] Stealth Rock
|turn|26
|
|t:|1776116413
|move|p1a: Cinderace|Pyro Ball|p2a: Lurantis
|-supereffective|p2a: Lurantis
|-damage|p2a: Lurantis|0 fnt
|faint|p2a: Lurantis
|
|win|CrimsonLotus3
|raw|CrimsonLotus3's rating: 1352 &rarr; <strong>1369</strong><br />(+17 for winning)
|raw|Chris789001's rating: 1293 &rarr; <strong>1272</strong><br />(-21 for losing)
|l|☆Chris789001
|player|p2|
|c|☆CrimsonLotus3|gg
