|html|<div class="broadcast-blue"><strong>[Gen 9] OU is currently suspecting Tera Blast! For information on how to participate check out the <a href="https://www.smogon.com/tools/suspects/view/200">suspect thread</a>.</strong></div>
|j|☆Milky Toner
|j|☆t7pu
|t:|1776074926
|gametype|singles
|player|p1|Milky Toner|beauty-gen4dp|1349
|player|p2|t7pu|1|1305
|gen|9
|tier|[Gen 9] OU
|rated|
|rule|HP Percentage Mod: HP is shown in percentages
|rule|Endless Battle Clause: Forcing endless battles is banned
|rule|Species Clause: Limit one of each Pokémon
|rule|OHKO Clause: OHKO moves are banned
|rule|Evasion Items Clause: Evasion items are banned
|rule|Evasion Moves Clause: Evasion moves are banned
|rule|Evasion Abilities Clause: Evasion abilities are banned
|rule|Sleep Moves Clause: Sleep-inducing moves are banned
|clearpoke
|poke|p1|Salazzle, F|
|poke|p1|Torkoal, M|
|poke|p1|Hatterene, F|
|poke|p1|Walking Wake|
|poke|p1|Kingambit, M|
|poke|p1|Lilligant-Hisui, F|
|poke|p2|Pecharunt|
|poke|p2|Kingambit, F|
|poke|p2|Volcanion|
|poke|p2|Iron Valiant|
|poke|p2|Landorus-Therian, M|
|poke|p2|Deoxys-Speed|
|teampreview
|inactive|Battle timer is ON: inactive players will automatically lose when time's up. (requested by Milky Toner)
|
|t:|1776074940
|teamsize|p1|6
|teamsize|p2|6
|start
|switch|p1a: Torkoal|Torkoal, M, shiny|100/100
|switch|p2a: Landorus|Landorus-Therian, M|100/100
|-ability|p2a: Landorus|Intimidate|boost
|-unboost|p1a: Torkoal|atk|1
|-weather|SunnyDay|[from] ability: Drought|[of] p1a: Torkoal
|turn|1
|
|t:|1776074948
|move|p2a: Landorus|Stealth Rock|p1a: Torkoal
|-sidestart|p1: Milky Toner|move: Stealth Rock
|move|p1a: Torkoal|Stealth Rock|p2a: Landorus
|-sidestart|p2: t7pu|move: Stealth Rock
|
|-weather|SunnyDay|[upkeep]
|upkeep
|turn|2
|
|t:|1776074952
|move|p2a: Landorus|Earthquake|p1a: Torkoal
|-supereffective|p1a: Torkoal
|-damage|p1a: Torkoal|37/100
|move|p1a: Torkoal|Rapid Spin|p2a: Landorus
|-damage|p2a: Landorus|94/100
|-boost|p1a: Torkoal|spe|1
|-damage|p1a: Torkoal|20/100|[from] item: Rocky Helmet|[of] p2a: Landorus
|-sideend|p1: Milky Toner|Stealth Rock|[from] move: Rapid Spin|[of] p1a: Torkoal
|
|-weather|SunnyDay|[upkeep]
|upkeep
|turn|3
|
|t:|1776074960
|switch|p1a: Lilligant|Lilligant-Hisui, F, shiny|100/100
|move|p2a: Landorus|Stealth Rock|p1a: Lilligant
|-sidestart|p1: Milky Toner|move: Stealth Rock
|
|-weather|SunnyDay|[upkeep]
|upkeep
|turn|4
|
|t:|1776074978
|switch|p2a: Volcanion|Volcanion|100/100
|-damage|p2a: Volcanion|76/100|[from] Stealth Rock
|move|p1a: Lilligant|Victory Dance|p1a: Lilligant
|-boost|p1a: Lilligant|atk|1
|-boost|p1a: Lilligant|def|1
|-boost|p1a: Lilligant|spe|1
|
|-weather|SunnyDay|[upkeep]
|-heal|p2a: Volcanion|82/100|[from] item: Leftovers
|upkeep
|turn|5
|
|t:|1776074989
|move|p1a: Lilligant|Close Combat|p2a: Volcanion
|-damage|p2a: Volcanion|15/100
|-unboost|p1a: Lilligant|def|1
|-unboost|p1a: Lilligant|spd|1
|move|p2a: Volcanion|Will-O-Wisp|p1a: Lilligant
|-status|p1a: Lilligant|brn
|
|-weather|SunnyDay|[upkeep]
|-heal|p2a: Volcanion|21/100|[from] item: Leftovers
|-damage|p1a: Lilligant|94/100 brn|[from] brn
|upkeep
|turn|6
|
|t:|1776075008
|switch|p2a: Pecharunt|Pecharunt|100/100
|move|p1a: Lilligant|Bullet Seed|p2a: Pecharunt
|-resisted|p2a: Pecharunt
|-damage|p2a: Pecharunt|98/100
|-resisted|p2a: Pecharunt
|-damage|p2a: Pecharunt|95/100
|-resisted|p2a: Pecharunt
|-damage|p2a: Pecharunt|92/100
|-resisted|p2a: Pecharunt
|-damage|p2a: Pecharunt|89/100
|-resisted|p2a: Pecharunt
|-damage|p2a: Pecharunt|86/100
|-hitcount|p2a: Pecharunt|5
|
|-weather|SunnyDay|[upkeep]
|-damage|p1a: Lilligant|88/100 brn|[from] brn
|upkeep
|turn|7
|
|t:|1776075022
|move|p1a: Lilligant|Victory Dance|p1a: Lilligant
|-boost|p1a: Lilligant|atk|1
|-boost|p1a: Lilligant|def|1
|-boost|p1a: Lilligant|spe|1
|move|p2a: Pecharunt|Malignant Chain|p1a: Lilligant
|-supereffective|p1a: Lilligant
|-damage|p1a: Lilligant|0 fnt
|faint|p1a: Lilligant
|
|-weather|SunnyDay|[upkeep]
|upkeep
|
|t:|1776075027
|switch|p1a: Walking Wake|Walking Wake|100/100
|-damage|p1a: Walking Wake|88/100|[from] Stealth Rock
|-activate|p1a: Walking Wake|ability: Protosynthesis
|-start|p1a: Walking Wake|protosynthesisspe
|turn|8
|
|t:|1776075040
|move|p1a: Walking Wake|Draco Meteor|p2a: Pecharunt
|-damage|p2a: Pecharunt|0 fnt
|-unboost|p1a: Walking Wake|spa|2
|faint|p2a: Pecharunt
|
|-weather|none
|-end|p1a: Walking Wake|Protosynthesis
|upkeep
|
|t:|1776075055
|switch|p2a: Iron Valiant|Iron Valiant|100/100
|-damage|p2a: Iron Valiant|94/100|[from] Stealth Rock
|-enditem|p2a: Iron Valiant|Booster Energy
|-activate|p2a: Iron Valiant|ability: Quark Drive|[fromitem]
|-start|p2a: Iron Valiant|quarkdrivespe
|turn|9
|
|t:|1776075072
|-end|p1a: Walking Wake|Protosynthesis|[silent]
|switch|p1a: Torkoal|Torkoal, M, shiny|20/100
|-damage|p1a: Torkoal|0 fnt|[from] Stealth Rock
|faint|p1a: Torkoal
|move|p2a: Iron Valiant|Moonblast|p1: Torkoal|[notarget]
|-fail|p2a: Iron Valiant
|
|upkeep
|
|t:|1776075079
|switch|p1a: Salazzle|Salazzle, F, shiny|100/100
|-damage|p1a: Salazzle|76/100|[from] Stealth Rock
|turn|10
|inactive|t7pu has 120 seconds left.
|inactive|t7pu has 90 seconds left.
|
|t:|1776075143
|-end|p2a: Iron Valiant|Quark Drive|[silent]
|switch|p2a: Landorus|Landorus-Therian, M|94/100
|-damage|p2a: Landorus|82/100|[from] Stealth Rock
|-ability|p2a: Landorus|Intimidate|boost
|-unboost|p1a: Salazzle|atk|1
|move|p1a: Salazzle|Overheat|p2a: Landorus
|-damage|p2a: Landorus|2/100
|-unboost|p1a: Salazzle|spa|2
|-damage|p1a: Salazzle|66/100|[from] item: Life Orb
|
|upkeep
|turn|11
|inactive|t7pu has 90 seconds left.
|
|t:|1776075155
|move|p1a: Salazzle|Sludge Wave|p2a: Landorus
|-resisted|p2a: Landorus
|-damage|p2a: Landorus|0 fnt
|faint|p2a: Landorus
|-damage|p1a: Salazzle|56/100|[from] item: Life Orb
|
|upkeep
|inactive|t7pu has 90 seconds left.
|
|t:|1776075164
|switch|p2a: Deoxys|Deoxys-Speed|100/100
|-damage|p2a: Deoxys|88/100|[from] Stealth Rock
|-ability|p2a: Deoxys|Pressure
|turn|12
|
|t:|1776075170
|switch|p1a: Kingambit|Kingambit, M, shiny|100/100
|-damage|p1a: Kingambit|94/100|[from] Stealth Rock
|-activate|p1a: Kingambit|ability: Supreme Overlord
|-start|p1a: Kingambit|fallen2|[silent]
|-item|p1a: Kingambit|Air Balloon
|move|p2a: Deoxys|Spikes|p1a: Kingambit
|-sidestart|p1: Milky Toner|Spikes
|
|upkeep
|turn|13
|
|t:|1776075179
|move|p2a: Deoxys|Superpower|p1a: Kingambit
|-supereffective|p1a: Kingambit
|-damage|p1a: Kingambit|0 fnt
|-unboost|p2a: Deoxys|atk|1
|-unboost|p2a: Deoxys|def|1
|-enditem|p1a: Kingambit|Air Balloon
|faint|p1a: Kingambit
|-end|p1a: Kingambit|fallen2|[silent]
|-enditem|p2a: Deoxys|Eject Pack
|inactive|t7pu has 90 seconds left.
|
|t:|1776075212
|switch|p2a: Volcanion|Volcanion|21/100
|-damage|p2a: Volcanion|0 fnt|[from] Stealth Rock
|faint|p2a: Volcanion
|
|upkeep
|
|t:|1776075228
|switch|p2a: Iron Valiant|Iron Valiant|94/100
|switch|p1a: Salazzle|Salazzle, F, shiny|56/100
|-damage|p1a: Salazzle|31/100|[from] Stealth Rock
|-damage|p1a: Salazzle|19/100|[from] Spikes
|-damage|p2a: Iron Valiant|88/100|[from] Stealth Rock
|turn|14
|inactive|t7pu has 60 seconds left.
|
|t:|1776075256
|move|p1a: Salazzle|Sludge Wave|p2a: Iron Valiant
|-supereffective|p2a: Iron Valiant
|-damage|p2a: Iron Valiant|0 fnt
|faint|p2a: Iron Valiant
|-end|p2a: Iron Valiant|Quark Drive|[silent]
|-damage|p1a: Salazzle|9/100|[from] item: Life Orb
|
|upkeep
|
|t:|1776075260
|switch|p2a: Deoxys|Deoxys-Speed|88/100
|-damage|p2a: Deoxys|76/100|[from] Stealth Rock
|-ability|p2a: Deoxys|Pressure
|turn|15
|
|t:|1776075269
|move|p2a: Deoxys|Knock Off|p1a: Salazzle
|-damage|p1a: Salazzle|0 fnt
|-enditem|p1a: Salazzle|Life Orb|[from] move: Knock Off|[of] p2a: Deoxys
|faint|p1a: Salazzle
|
|upkeep
|
|t:|1776075281
|switch|p1a: Walking Wake|Walking Wake|88/100
|-damage|p1a: Walking Wake|76/100|[from] Stealth Rock
|-damage|p1a: Walking Wake|63/100|[from] Spikes
|turn|16
|
|t:|1776075295
|move|p2a: Deoxys|Psycho Boost|p1a: Walking Wake
|-damage|p1a: Walking Wake|0 fnt
|-unboost|p2a: Deoxys|spa|2
|faint|p1a: Walking Wake
|-end|p1a: Walking Wake|Protosynthesis|[silent]
|
|upkeep
|
|t:|1776075300
|switch|p1a: Hatterene|Hatterene, F, shiny|100/100
|-damage|p1a: Hatterene|88/100|[from] Stealth Rock
|-damage|p1a: Hatterene|76/100|[from] Spikes
|turn|17
|
|t:|1776075308
|move|p2a: Deoxys|Knock Off|p1a: Hatterene
|-damage|p1a: Hatterene|48/100
|-enditem|p1a: Hatterene|Focus Sash|[from] move: Knock Off|[of] p2a: Deoxys
|move|p1a: Hatterene|Dazzling Gleam|p2a: Deoxys
|-crit|p2a: Deoxys
|-damage|p2a: Deoxys|0 fnt
|faint|p2a: Deoxys
|
|upkeep
|
|t:|1776075314
|switch|p2a: Kingambit|Kingambit, F|100/100
|-damage|p2a: Kingambit|94/100|[from] Stealth Rock
|-activate|p2a: Kingambit|ability: Supreme Overlord
|-start|p2a: Kingambit|fallen5|[silent]
|turn|18
|inactive|t7pu has 60 seconds left.
|
|t:|1776075351
|-terastallize|p1a: Hatterene|Ground
|move|p2a: Kingambit|Iron Head|p1a: Hatterene
|-damage|p1a: Hatterene|0 fnt
|faint|p1a: Hatterene
|
|win|t7pu
|raw|Milky Toner's rating: 1349 &rarr; <strong>1326</strong><br />(-23 for losing)
|raw|t7pu's rating: 1305 &rarr; <strong>1328</strong><br />(+23 for winning)
|l|☆Milky Toner
|player|p1|
