|html|<div class="broadcast-blue"><strong>[Gen 9] OU is currently suspecting Tera Blast! For information on how to participate check out the <a href="https://www.smogon.com/tools/suspects/view/200">suspect thread</a>.</strong></div>
|j|☆666kb
|j|☆yungthanksgiving
|t:|1776082664
|gametype|singles
|player|p1|666kb|red|1260
|player|p2|yungthanksgiving|miku-flying|1266
|gen|9
|tier|[Gen 9] OU
|rated|
|rule|HP Percentage Mod: HP is shown in percentages
|rule|Endless Battle Clause: Forcing endless battles is banned
|rule|Species Clause: Limit one of each Pokémon
|rule|OHKO Clause: OHKO moves are banned
|rule|Evasion Items Clause: Evasion items are banned
|rule|Evasion Moves Clause: Evasion moves are banned
|rule|Evasion Abilities Clause: Evasion abilities are banned
|rule|Sleep Moves Clause: Sleep-inducing moves are banned
|clearpoke
|poke|p1|Goodra-Hisui, F|
|poke|p1|Walking Wake|
|poke|p1|Torkoal, M|
|poke|p1|Lilligant-Hisui, F|
|poke|p1|Gliscor, M|
|poke|p1|Kingambit, F|
|poke|p2|Golem-Alola, F|
|poke|p2|Samurott-Hisui, F|
|poke|p2|Great Tusk|
|poke|p2|Slowking-Galar, M|
|poke|p2|Kyurem|
|poke|p2|Corviknight, F|
|teampreview
|inactive|Battle timer is ON: inactive players will automatically lose when time's up. (requested by yungthanksgiving)
|
|t:|1776082678
|teamsize|p1|6
|teamsize|p2|6
|start
|switch|p1a: Torkoal|Torkoal, M|100/100
|switch|p2a: Golem|Golem-Alola, F|100/100
|-weather|SunnyDay|[from] ability: Drought|[of] p1a: Torkoal
|turn|1
|
|t:|1776082687
|move|p2a: Golem|Stealth Rock|p1a: Torkoal
|-sidestart|p1: 666kb|move: Stealth Rock
|move|p1a: Torkoal|Stealth Rock|p2a: Golem
|-sidestart|p2: yungthanksgiving|move: Stealth Rock
|
|-weather|SunnyDay|[upkeep]
|upkeep
|turn|2
|
|t:|1776082694
|move|p2a: Golem|Stone Edge|p1a: Torkoal|[miss]
|-miss|p2a: Golem|p1a: Torkoal
|move|p1a: Torkoal|Rapid Spin|p2a: Golem
|-resisted|p2a: Golem
|-damage|p2a: Golem|97/100
|-boost|p1a: Torkoal|spe|1
|-sideend|p1: 666kb|Stealth Rock|[from] move: Rapid Spin|[of] p1a: Torkoal
|
|-weather|SunnyDay|[upkeep]
|upkeep
|turn|3
|
|t:|1776082704
|move|p2a: Golem|Stealth Rock|p1a: Torkoal
|-sidestart|p1: 666kb|move: Stealth Rock
|move|p1a: Torkoal|Solar Beam||[still]
|-prepare|p1a: Torkoal|Solar Beam
|-anim|p1a: Torkoal|Solar Beam|p2a: Golem
|-supereffective|p2a: Golem
|-damage|p2a: Golem|9/100
|
|-weather|SunnyDay|[upkeep]
|upkeep
|turn|4
|-enditem|p2a: Golem|Custap Berry|[eat]
|-activate|p2a: Golem|item: Custap Berry|[consumed]
|
|t:|1776082713
|move|p2a: Golem|Explosion|p1a: Torkoal
|-damage|p1a: Torkoal|42/100
|faint|p2a: Golem
|move|p1a: Torkoal|Rapid Spin|p2: Golem|[notarget]
|-fail|p1a: Torkoal
|
|-weather|SunnyDay|[upkeep]
|upkeep
|
|t:|1776082736
|switch|p2a: Great Tusk|Great Tusk|100/100
|-damage|p2a: Great Tusk|98/100|[from] Stealth Rock
|-activate|p2a: Great Tusk|ability: Protosynthesis
|-start|p2a: Great Tusk|protosynthesisatk
|turn|5
|
|t:|1776082747
|switch|p1a: Gliscor|Gliscor, M|100/100
|-damage|p1a: Gliscor|88/100|[from] Stealth Rock
|move|p2a: Great Tusk|Rapid Spin|p1a: Gliscor
|-damage|p1a: Gliscor|76/100
|-boost|p2a: Great Tusk|spe|1
|-sideend|p2: yungthanksgiving|Stealth Rock|[from] move: Rapid Spin|[of] p2a: Great Tusk
|
|-weather|SunnyDay|[upkeep]
|-status|p1a: Gliscor|tox|[from] item: Toxic Orb
|upkeep
|turn|6
|
|t:|1776082758
|move|p1a: Gliscor|Protect|p1a: Gliscor
|-singleturn|p1a: Gliscor|Protect
|move|p2a: Great Tusk|Bulk Up|p2a: Great Tusk
|-boost|p2a: Great Tusk|atk|1
|-boost|p2a: Great Tusk|def|1
|
|-weather|SunnyDay|[upkeep]
|-heal|p1a: Gliscor|89/100 tox|[from] ability: Poison Heal
|upkeep
|turn|7
|
|t:|1776082768
|move|p2a: Great Tusk|Ice Spinner|p1a: Gliscor
|-supereffective|p1a: Gliscor
|-damage|p1a: Gliscor|0 fnt
|faint|p1a: Gliscor
|
|-weather|SunnyDay|[upkeep]
|upkeep
|
|t:|1776082774
|switch|p1a: Walking Wake|Walking Wake|100/100
|-damage|p1a: Walking Wake|88/100|[from] Stealth Rock
|-activate|p1a: Walking Wake|ability: Protosynthesis
|-start|p1a: Walking Wake|protosynthesisspe
|turn|8
|
|t:|1776082787
|-end|p2a: Great Tusk|Protosynthesis|[silent]
|switch|p2a: Slowking|Slowking-Galar, M|100/100
|move|p1a: Walking Wake|Hydro Steam|p2a: Slowking
|-damage|p2a: Slowking|30/100
|
|-weather|none
|-end|p1a: Walking Wake|Protosynthesis
|upkeep
|turn|9
|
|t:|1776082801
|-terastallize|p2a: Slowking|Water
|move|p1a: Walking Wake|Hydro Steam|p2a: Slowking
|-resisted|p2a: Slowking
|-damage|p2a: Slowking|4/100
|-prepare|p2a: Slowking|Chilly Reception|[premajor]
|move|p2a: Slowking|Chilly Reception|p2a: Slowking
|-weather|Snowscape
|
|t:|1776082805
|switch|p2a: Kyurem|Kyurem|100/100|[from] Chilly Reception
|-ability|p2a: Kyurem|Pressure
|
|-weather|Snowscape|[upkeep]
|upkeep
|turn|10
|
|t:|1776082818
|switch|p2a: Slowking|Slowking-Galar, M, tera:Water|38/100
|-end|p1a: Walking Wake|Protosynthesis|[silent]
|switch|p1a: Torkoal|Torkoal, M|42/100
|-damage|p1a: Torkoal|17/100|[from] Stealth Rock
|-weather|SunnyDay|[from] ability: Drought|[of] p1a: Torkoal
|
|-weather|SunnyDay|[upkeep]
|upkeep
|turn|11
|
|t:|1776082828
|-prepare|p2a: Slowking|Chilly Reception|[premajor]
|move|p2a: Slowking|Chilly Reception|p2a: Slowking
|-weather|Snowscape
|
|t:|1776082836
|switch|p2a: Kyurem|Kyurem|100/100|[from] Chilly Reception
|-ability|p2a: Kyurem|Pressure
|move|p1a: Torkoal|Rapid Spin|p2a: Kyurem
|-damage|p2a: Kyurem|94/100
|-boost|p1a: Torkoal|spe|1
|-sideend|p1: 666kb|Stealth Rock|[from] move: Rapid Spin|[of] p1a: Torkoal
|
|-weather|Snowscape|[upkeep]
|upkeep
|turn|12
|
|t:|1776082847
|switch|p1a: Goodra|Goodra-Hisui, F|100/100
|move|p2a: Kyurem|Blizzard|p1a: Goodra
|-damage|p1a: Goodra|67/100
|
|-weather|Snowscape|[upkeep]
|-heal|p1a: Goodra|73/100|[from] item: Leftovers
|upkeep
|turn|13
|
|t:|1776082862
|switch|p2a: Slowking|Slowking-Galar, M, tera:Water|71/100
|move|p1a: Goodra|Flash Cannon|p2a: Slowking
|-resisted|p2a: Slowking
|-damage|p2a: Slowking|56/100
|
|-weather|Snowscape|[upkeep]
|-heal|p1a: Goodra|79/100|[from] item: Leftovers
|upkeep
|turn|14
|
|t:|1776082872
|move|p1a: Goodra|Thunderbolt|p2a: Slowking
|-supereffective|p2a: Slowking
|-damage|p2a: Slowking|11/100
|move|p2a: Slowking|Future Sight|p1a: Goodra
|-start|p2a: Slowking|move: Future Sight
|
|-weather|Snowscape|[upkeep]
|-heal|p1a: Goodra|85/100|[from] item: Leftovers
|upkeep
|turn|15
|
|t:|1776082880
|switch|p2a: Great Tusk|Great Tusk|98/100
|-enditem|p2a: Great Tusk|Booster Energy
|-activate|p2a: Great Tusk|ability: Protosynthesis|[fromitem]
|-start|p2a: Great Tusk|protosynthesisatk
|move|p1a: Goodra|Thunderbolt|p2a: Great Tusk
|-immune|p2a: Great Tusk
|
|-weather|none
|-heal|p1a: Goodra|91/100|[from] item: Leftovers
|upkeep
|turn|16
|
|t:|1776082895
|-terastallize|p1a: Goodra|Flying
|move|p2a: Great Tusk|Headlong Rush|p1a: Goodra
|-immune|p1a: Goodra
|move|p1a: Goodra|Ice Beam|p2a: Great Tusk
|-supereffective|p2a: Great Tusk
|-damage|p2a: Great Tusk|15/100
|
|-end|p1a: Goodra|move: Future Sight
|-damage|p1a: Goodra|51/100
|-heal|p1a: Goodra|57/100|[from] item: Leftovers
|upkeep
|turn|17
|
|t:|1776082907
|move|p2a: Great Tusk|Ice Spinner|p1a: Goodra
|-supereffective|p1a: Goodra
|-damage|p1a: Goodra|0 fnt
|-ability|p1a: Goodra|Gooey
|-unboost|p2a: Great Tusk|spe|1
|faint|p1a: Goodra
|
|upkeep
|
|t:|1776082916
|switch|p1a: Lilligant|Lilligant-Hisui, F|100/100
|turn|18
|
|t:|1776082925
|move|p1a: Lilligant|Bullet Seed|p2a: Great Tusk
|-supereffective|p2a: Great Tusk
|-damage|p2a: Great Tusk|0 fnt
|faint|p2a: Great Tusk
|-end|p2a: Great Tusk|Protosynthesis|[silent]
|-hitcount|p2: Great Tusk|1
|
|upkeep
|
|t:|1776082935
|switch|p2a: Corviknight|Corviknight, F|100/100
|-ability|p2a: Corviknight|Pressure
|turn|19
|
|t:|1776082962
|switch|p1a: Torkoal|Torkoal, M|17/100
|-weather|SunnyDay|[from] ability: Drought|[of] p1a: Torkoal
|move|p2a: Corviknight|Body Press|p1a: Torkoal
|-damage|p1a: Torkoal|2/100
|
|-weather|SunnyDay|[upkeep]
|upkeep
|turn|20
|inactive|yungthanksgiving has 120 seconds left.
|
|t:|1776082988
|move|p2a: Corviknight|Body Press|p1a: Torkoal
|-damage|p1a: Torkoal|0 fnt
|faint|p1a: Torkoal
|
|-weather|SunnyDay|[upkeep]
|upkeep
|
|t:|1776082995
|switch|p1a: Walking Wake|Walking Wake|88/100
|-activate|p1a: Walking Wake|ability: Protosynthesis
|-start|p1a: Walking Wake|protosynthesisspe
|turn|21
|inactive|yungthanksgiving has 120 seconds left.
|
|t:|1776083006
|switch|p2a: Samurott|Samurott-Hisui, F|100/100
|move|p1a: Walking Wake|Hydro Steam|p2a: Samurott
|-resisted|p2a: Samurott
|-damage|p2a: Samurott|32/100
|
|-weather|SunnyDay|[upkeep]
|upkeep
|turn|22
|
|t:|1776083014
|move|p2a: Samurott|Sucker Punch|p1a: Walking Wake
|-damage|p1a: Walking Wake|52/100
|move|p1a: Walking Wake|Hydro Steam|p2a: Samurott
|-resisted|p2a: Samurott
|-damage|p2a: Samurott|0 fnt
|faint|p2a: Samurott
|
|-weather|SunnyDay|[upkeep]
|upkeep
|
|t:|1776083020
|switch|p2a: Slowking|Slowking-Galar, M, tera:Water|44/100
|turn|23
|
|t:|1776083026
|move|p1a: Walking Wake|Hydro Steam|p2a: Slowking
|-resisted|p2a: Slowking
|-damage|p2a: Slowking|6/100
|-prepare|p2a: Slowking|Chilly Reception|[premajor]
|move|p2a: Slowking|Chilly Reception|p2a: Slowking
|-weather|Snowscape
|-end|p1a: Walking Wake|Protosynthesis
|
|t:|1776083042
|switch|p2a: Kyurem|Kyurem|94/100|[from] Chilly Reception
|-ability|p2a: Kyurem|Pressure
|
|-weather|Snowscape|[upkeep]
|upkeep
|turn|24
|
|t:|1776083053
|-end|p1a: Walking Wake|Protosynthesis|[silent]
|switch|p1a: Kingambit|Kingambit, F|100/100
|-activate|p1a: Kingambit|ability: Supreme Overlord
|-start|p1a: Kingambit|fallen3|[silent]
|move|p2a: Kyurem|Freeze-Dry|p1a: Kingambit
|-resisted|p1a: Kingambit
|-damage|p1a: Kingambit|82/100
|
|-weather|Snowscape|[upkeep]
|upkeep
|turn|25
|
|t:|1776083064
|switch|p2a: Corviknight|Corviknight, F|100/100
|-ability|p2a: Corviknight|Pressure
|move|p1a: Kingambit|Swords Dance|p1a: Kingambit
|-boost|p1a: Kingambit|atk|2
|
|-weather|Snowscape|[upkeep]
|upkeep
|turn|26
|
|t:|1776083080
|move|p2a: Corviknight|Body Press|p1a: Kingambit
|-supereffective|p1a: Kingambit
|-damage|p1a: Kingambit|10/100
|move|p1a: Kingambit|Kowtow Cleave|p2a: Corviknight
|-damage|p2a: Corviknight|7/100
|
|-weather|Snowscape|[upkeep]
|upkeep
|turn|27
|
|t:|1776083094
|move|p1a: Kingambit|Sucker Punch||[still]
|-fail|p1a: Kingambit
|move|p2a: Corviknight|Roost|p2a: Corviknight
|-heal|p2a: Corviknight|57/100
|-singleturn|p2a: Corviknight|move: Roost
|
|-weather|none
|upkeep
|turn|28
|
|t:|1776083107
|move|p1a: Kingambit|Sucker Punch|p2a: Corviknight
|-damage|p2a: Corviknight|0 fnt
|faint|p2a: Corviknight
|
|upkeep
|
|t:|1776083114
|switch|p2a: Kyurem|Kyurem|94/100
|-ability|p2a: Kyurem|Pressure
|turn|29
|
|t:|1776083122
|move|p1a: Kingambit|Sucker Punch|p2a: Kyurem
|-damage|p2a: Kyurem|0 fnt
|faint|p2a: Kyurem
|
|upkeep
|-message|yungthanksgiving forfeited.
|
|win|666kb
|raw|666kb's rating: 1260 &rarr; <strong>1285</strong><br />(+25 for winning)
|raw|yungthanksgiving's rating: 1266 &rarr; <strong>1241</strong><br />(-25 for losing)
|l|☆yungthanksgiving
|player|p2|
|l|☆666kb
|player|p1|
