|html|<div class="broadcast-blue"><strong>[Gen 9] OU is currently suspecting Tera Blast! For information on how to participate check out the <a href="https://www.smogon.com/tools/suspects/view/200">suspect thread</a>.</strong></div>
|j|☆xqcqca
|j|☆Garlicmanalt
|t:|1776062209
|gametype|singles
|player|p1|xqcqca|cynthia|1140
|player|p2|Garlicmanalt|roxie|1211
|gen|9
|tier|[Gen 9] OU
|rated|
|rule|HP Percentage Mod: HP is shown in percentages
|rule|Endless Battle Clause: Forcing endless battles is banned
|rule|Species Clause: Limit one of each Pokémon
|rule|OHKO Clause: OHKO moves are banned
|rule|Evasion Items Clause: Evasion items are banned
|rule|Evasion Moves Clause: Evasion moves are banned
|rule|Evasion Abilities Clause: Evasion abilities are banned
|rule|Sleep Moves Clause: Sleep-inducing moves are banned
|clearpoke
|poke|p1|Meowscarada, F|
|poke|p1|Pecharunt|
|poke|p1|Enamorus, F|
|poke|p1|Iron Treads|
|poke|p1|Skarmory, M|
|poke|p1|Slowking, F|
|poke|p2|Darkrai|
|poke|p2|Indeedee-F, F|
|poke|p2|Hawlucha, M|
|poke|p2|Iron Treads|
|poke|p2|Alomomola, M|
|poke|p2|Armarouge, F|
|teampreview
|inactive|Battle timer is ON: inactive players will automatically lose when time's up. (requested by xqcqca)
|
|t:|1776062244
|teamsize|p1|6
|teamsize|p2|6
|start
|switch|p1a: Meowscarada|Meowscarada, F|100/100
|switch|p2a: Indeedee|Indeedee-F, F|100/100
|-fieldstart|move: Psychic Terrain|[from] ability: Psychic Surge|[of] p2a: Indeedee
|turn|1
|
|t:|1776062251
|switch|p2a: Hawlucha|Hawlucha, M|100/100
|-enditem|p2a: Hawlucha|Psychic Seed
|-boost|p2a: Hawlucha|spd|1|[from] item: Psychic Seed
|move|p1a: Meowscarada|Knock Off|p2a: Hawlucha
|-start|p1a: Meowscarada|typechange|Dark|[from] ability: Protean
|-resisted|p2a: Hawlucha
|-damage|p2a: Hawlucha|70/100
|
|upkeep
|turn|2
|
|t:|1776062261
|switch|p1a: Pecharunt|Pecharunt|100/100
|move|p2a: Hawlucha|Swords Dance|p2a: Hawlucha
|-boost|p2a: Hawlucha|atk|2
|
|upkeep
|turn|3
|
|t:|1776062274
|move|p2a: Hawlucha|Acrobatics|p1a: Pecharunt
|-damage|p1a: Pecharunt|51/100
|-damage|p2a: Hawlucha|54/100|[from] item: Rocky Helmet|[of] p1a: Pecharunt
|move|p1a: Pecharunt|Foul Play|p2a: Hawlucha
|-resisted|p2a: Hawlucha
|-damage|p2a: Hawlucha|12/100
|
|upkeep
|turn|4
|
|t:|1776062285
|move|p2a: Hawlucha|Throat Chop|p1a: Pecharunt
|-supereffective|p1a: Pecharunt
|-damage|p1a: Pecharunt|3/100
|-start|p1a: Pecharunt|Throat Chop|[silent]
|-damage|p2a: Hawlucha|0 fnt|[from] item: Rocky Helmet|[of] p1a: Pecharunt
|faint|p2a: Hawlucha
|move|p1a: Pecharunt|Recover|p1a: Pecharunt
|-heal|p1a: Pecharunt|53/100
|
|upkeep
|
|t:|1776062293
|switch|p2a: Indeedee|Indeedee-F, F|100/100
|turn|5
|
|t:|1776062303
|move|p2a: Indeedee|Light Screen|p2a: Indeedee
|-sidestart|p2: Garlicmanalt|move: Light Screen
|move|p1a: Pecharunt|Recover|p1a: Pecharunt
|-heal|p1a: Pecharunt|100/100
|
|-end|p1a: Pecharunt|Throat Chop|[silent]
|upkeep
|turn|6
|
|t:|1776062310
|move|p2a: Indeedee|Psychic|p1a: Pecharunt
|-supereffective|p1a: Pecharunt
|-damage|p1a: Pecharunt|28/100
|move|p1a: Pecharunt|Malignant Chain|p2a: Indeedee
|-crit|p2a: Indeedee
|-damage|p2a: Indeedee|55/100
|-status|p2a: Indeedee|tox
|-start|p2a: Indeedee|confusion|[from] ability: Poison Puppeteer|[of] p1a: Pecharunt
|
|-damage|p2a: Indeedee|49/100 tox|[from] psn
|upkeep
|turn|7
|
|t:|1776062327
|switch|p2a: Iron Treads|Iron Treads|100/100
|-enditem|p2a: Iron Treads|Booster Energy
|-activate|p2a: Iron Treads|ability: Quark Drive|[fromitem]
|-start|p2a: Iron Treads|quarkdrivespe
|switch|p1a: Meowscarada|Meowscarada, F|100/100
|
|upkeep
|turn|8
|
|t:|1776062336
|move|p2a: Iron Treads|Iron Head|p1a: Meowscarada
|-damage|p1a: Meowscarada|41/100
|move|p1a: Meowscarada|Flower Trick|p2a: Iron Treads
|-start|p1a: Meowscarada|typechange|Grass|[from] ability: Protean
|-crit|p2a: Iron Treads
|-damage|p2a: Iron Treads|31/100
|
|-fieldend|move: Psychic Terrain
|upkeep
|turn|9
|
|t:|1776062352
|switch|p1a: Skarmory|Skarmory, M|100/100
|move|p2a: Iron Treads|Iron Head|p1a: Skarmory
|-resisted|p1a: Skarmory
|-damage|p1a: Skarmory|89/100
|
|-sideend|p2: Garlicmanalt|move: Light Screen
|upkeep
|turn|10
|
|t:|1776062361
|-end|p2a: Iron Treads|Quark Drive|[silent]
|switch|p2a: Indeedee|Indeedee-F, F|49/100 tox
|-fieldstart|move: Psychic Terrain|[from] ability: Psychic Surge|[of] p2a: Indeedee
|move|p1a: Skarmory|Spikes|p2a: Indeedee
|-sidestart|p2: Garlicmanalt|Spikes
|
|-damage|p2a: Indeedee|43/100 tox|[from] psn
|upkeep
|turn|11
|
|t:|1776062369
|switch|p2a: Armarouge|Armarouge, F, shiny|100/100
|-damage|p2a: Armarouge|88/100|[from] Spikes
|move|p1a: Skarmory|Spikes|p2a: Armarouge
|-sidestart|p2: Garlicmanalt|Spikes
|
|upkeep
|turn|12
|
|t:|1776062382
|switch|p1a: Slowking|Slowking, F|100/100
|move|p2a: Armarouge|Armor Cannon|p1a: Slowking
|-resisted|p1a: Slowking
|-damage|p1a: Slowking|85/100
|-unboost|p2a: Armarouge|def|1
|-unboost|p2a: Armarouge|spd|1
|
|upkeep
|turn|13
|
|t:|1776062390
|move|p2a: Armarouge|Endure|p2a: Armarouge
|-singleturn|p2a: Armarouge|move: Endure
|move|p1a: Slowking|Scald|p2a: Armarouge
|-supereffective|p2a: Armarouge
|-activate|p2a: Armarouge|move: Endure
|-damage|p2a: Armarouge|1/100
|-enditem|p2a: Armarouge|Weakness Policy
|-boost|p2a: Armarouge|atk|2|[from] item: Weakness Policy
|-boost|p2a: Armarouge|spa|2|[from] item: Weakness Policy
|
|upkeep
|turn|14
|
|t:|1776062404
|move|p2a: Armarouge|Energy Ball|p1a: Slowking
|-supereffective|p1a: Slowking
|-damage|p1a: Slowking|25/100
|move|p1a: Slowking|Future Sight|p2a: Armarouge
|-start|p1a: Slowking|move: Future Sight
|
|upkeep
|turn|15
|
|t:|1776062426
|switch|p1a: Pecharunt|Pecharunt|28/100
|move|p2a: Armarouge|Expanding Force|p1a: Pecharunt
|-supereffective|p1a: Pecharunt
|-damage|p1a: Pecharunt|0 fnt
|faint|p1a: Pecharunt
|
|upkeep
|
|t:|1776062434
|switch|p1a: Enamorus|Enamorus, F|100/100
|turn|16
|
|t:|1776062441
|move|p2a: Armarouge|Endure|p2a: Armarouge
|-singleturn|p2a: Armarouge|move: Endure
|move|p1a: Enamorus|Moonblast|p2a: Armarouge
|-resisted|p2a: Armarouge
|-activate|p2a: Armarouge|move: Endure
|-damage|p2a: Armarouge|1/100
|
|-end|p2a: Armarouge|move: Future Sight
|-resisted|p2a: Armarouge
|-damage|p2a: Armarouge|0 fnt
|faint|p2a: Armarouge
|upkeep
|
|t:|1776062451
|switch|p2a: Iron Treads|Iron Treads|31/100
|-damage|p2a: Iron Treads|15/100|[from] Spikes
|turn|17
|
|t:|1776062456
|move|p1a: Enamorus|Moonblast|p2a: Iron Treads
|-resisted|p2a: Iron Treads
|-damage|p2a: Iron Treads|0 fnt
|faint|p2a: Iron Treads
|-end|p2a: Iron Treads|Quark Drive|[silent]
|
|-fieldend|move: Psychic Terrain
|upkeep
|
|t:|1776062462
|switch|p2a: Alomomola|Alomomola, M|100/100
|-damage|p2a: Alomomola|84/100|[from] Spikes
|turn|18
|
|t:|1776062468
|move|p1a: Enamorus|Moonblast|p2a: Alomomola
|-damage|p2a: Alomomola|28/100
|move|p2a: Alomomola|Flip Turn|p1a: Enamorus
|-damage|p1a: Enamorus|72/100
|
|t:|1776062476
|switch|p2a: Darkrai|Darkrai|100/100|[from] Flip Turn
|-damage|p2a: Darkrai|84/100|[from] Spikes
|
|upkeep
|turn|19
|
|t:|1776062482
|move|p2a: Darkrai|Sludge Bomb|p1a: Enamorus
|-supereffective|p1a: Enamorus
|-damage|p1a: Enamorus|0 fnt
|faint|p1a: Enamorus
|
|upkeep
|
|t:|1776062487
|switch|p1a: Iron Treads|Iron Treads|100/100
|turn|20
|
|t:|1776062500
|switch|p2a: Alomomola|Alomomola, M|61/100
|-damage|p2a: Alomomola|44/100|[from] Spikes
|move|p1a: Iron Treads|Stealth Rock|p2a: Alomomola
|-sidestart|p2: Garlicmanalt|move: Stealth Rock
|
|upkeep
|turn|21
|
|t:|1776062509
|move|p1a: Iron Treads|Knock Off|p2a: Alomomola
|-damage|p2a: Alomomola|29/100
|-damage|p1a: Iron Treads|84/100|[from] item: Rocky Helmet|[of] p2a: Alomomola
|-enditem|p2a: Alomomola|Rocky Helmet|[from] move: Knock Off|[of] p1a: Iron Treads
|move|p2a: Alomomola|Wish|p2a: Alomomola
|
|-heal|p1a: Iron Treads|90/100|[from] item: Leftovers
|upkeep
|turn|22
|
|t:|1776062518
|move|p2a: Alomomola|Protect|p2a: Alomomola
|-singleturn|p2a: Alomomola|Protect
|move|p1a: Iron Treads|Earthquake|p2a: Alomomola
|-activate|p2a: Alomomola|move: Protect
|
|-heal|p2a: Alomomola|79/100|[from] move: Wish|[wisher] Alomomola
|-heal|p1a: Iron Treads|96/100|[from] item: Leftovers
|upkeep
|turn|23
|
|t:|1776062529
|move|p1a: Iron Treads|Earthquake|p2a: Alomomola
|-damage|p2a: Alomomola|57/100
|move|p2a: Alomomola|Scald|p1a: Iron Treads
|-supereffective|p1a: Iron Treads
|-damage|p1a: Iron Treads|73/100
|
|-heal|p1a: Iron Treads|79/100|[from] item: Leftovers
|upkeep
|turn|24
|
|t:|1776062537
|-end|p1a: Iron Treads|Quark Drive|[silent]
|switch|p1a: Slowking|Slowking, F|59/100
|move|p2a: Alomomola|Scald|p1a: Slowking
|-resisted|p1a: Slowking
|-damage|p1a: Slowking|55/100
|
|upkeep
|turn|25
|
|t:|1776062547
|move|p2a: Alomomola|Flip Turn|p1a: Slowking
|-resisted|p1a: Slowking
|-damage|p1a: Slowking|48/100
|
|t:|1776062557
|switch|p2a: Indeedee|Indeedee-F, F|43/100 tox|[from] Flip Turn
|-damage|p2a: Indeedee|26/100 tox|[from] Spikes
|-damage|p2a: Indeedee|14/100 tox|[from] Stealth Rock
|-fieldstart|move: Psychic Terrain|[from] ability: Psychic Surge|[of] p2a: Indeedee
|move|p1a: Slowking|Scald|p2a: Indeedee
|-damage|p2a: Indeedee|0 fnt
|faint|p2a: Indeedee
|
|upkeep
|
|t:|1776062568
|switch|p2a: Darkrai|Darkrai|84/100
|-damage|p2a: Darkrai|68/100|[from] Spikes
|-damage|p2a: Darkrai|55/100|[from] Stealth Rock
|turn|26
|
|t:|1776062573
|switch|p1a: Skarmory|Skarmory, M|89/100
|move|p2a: Darkrai|Dark Pulse|p1a: Skarmory
|-damage|p1a: Skarmory|25/100
|
|upkeep
|turn|27
|
|t:|1776062579
|move|p2a: Darkrai|Dark Pulse|p1a: Skarmory
|-damage|p1a: Skarmory|0 fnt
|faint|p1a: Skarmory
|
|upkeep
|
|t:|1776062582
|switch|p1a: Iron Treads|Iron Treads|79/100
|turn|28
|
|t:|1776062588
|move|p2a: Darkrai|Dark Pulse|p1a: Iron Treads
|-damage|p1a: Iron Treads|43/100
|cant|p1a: Iron Treads|flinch
|
|-heal|p1a: Iron Treads|49/100|[from] item: Leftovers
|upkeep
|turn|29
|
|t:|1776062600
|move|p2a: Darkrai|Dark Pulse|p1a: Iron Treads
|-damage|p1a: Iron Treads|13/100
|move|p1a: Iron Treads|Earthquake|p2a: Darkrai
|-damage|p2a: Darkrai|5/100
|
|-heal|p1a: Iron Treads|19/100|[from] item: Leftovers
|upkeep
|turn|30
|
|t:|1776062606
|move|p2a: Darkrai|Dark Pulse|p1a: Iron Treads
|-damage|p1a: Iron Treads|0 fnt
|faint|p1a: Iron Treads
|-end|p1a: Iron Treads|Quark Drive|[silent]
|
|upkeep
|
|t:|1776062608
|switch|p1a: Slowking|Slowking, F|81/100
|turn|31
|
|t:|1776062615
|-terastallize|p1a: Slowking|Steel
|move|p2a: Darkrai|Dark Pulse|p1a: Slowking
|-damage|p1a: Slowking|62/100
|move|p1a: Slowking|Scald|p2a: Darkrai
|-damage|p2a: Darkrai|0 fnt
|faint|p2a: Darkrai
|
|upkeep
|-message|Garlicmanalt forfeited.
|
|win|xqcqca
|raw|xqcqca's rating: 1140 &rarr; <strong>1170</strong><br />(+30 for winning)
|raw|Garlicmanalt's rating: 1211 &rarr; <strong>1181</strong><br />(-30 for losing)
|l|☆Garlicmanalt
|player|p2|
|l|☆xqcqca
|player|p1|
