|html|<div class="broadcast-blue"><strong>[Gen 9] OU is currently suspecting Tera Blast! For information on how to participate check out the <a href="https://www.smogon.com/tools/suspects/view/200">suspect thread</a>.</strong></div>
|j|‽Kaihasbiggains
|j|☆Pierre-ThomasC
|t:|1776271580
|gametype|singles
|player|p1|Kaihasbiggains|gambler|1013
|player|p2|Pierre-ThomasC|170|1011
|gen|9
|tier|[Gen 9] OU
|rated|
|rule|HP Percentage Mod: HP is shown in percentages
|rule|Endless Battle Clause: Forcing endless battles is banned
|rule|Species Clause: Limit one of each Pokémon
|rule|OHKO Clause: OHKO moves are banned
|rule|Evasion Items Clause: Evasion items are banned
|rule|Evasion Moves Clause: Evasion moves are banned
|rule|Evasion Abilities Clause: Evasion abilities are banned
|rule|Sleep Moves Clause: Sleep-inducing moves are banned
|clearpoke
|poke|p1|Klefki, F|
|poke|p1|Pecharunt|
|poke|p1|Lokix, F|
|poke|p1|Arboliva, F|
|poke|p1|Ursaluna, F|
|poke|p1|Mandibuzz, F|
|poke|p2|Gholdengo|
|poke|p2|Gliscor, M|
|poke|p2|Mismagius, M|
|poke|p2|Glimmora, F|
|poke|p2|Dragapult, M|
|poke|p2|Tyranitar, F|
|teampreview
|
|t:|1776271590
|teamsize|p1|6
|teamsize|p2|6
|start
|switch|p1a: Klefki|Klefki, F|100/100
|switch|p2a: Adolf|Glimmora, F|100/100
|turn|1
|inactive|Battle timer is ON: inactive players will automatically lose when time's up. (requested by Pierre-ThomasC)
|
|t:|1776271620
|move|p1a: Klefki|Thunder Wave|p2a: Adolf
|-status|p2a: Adolf|par
|move|p2a: Adolf|Spikes|p1a: Klefki
|-sidestart|p1: Kaihasbiggains|Spikes
|
|upkeep
|turn|2
|
|t:|1776271629
|move|p2a: Adolf|Spiky Shield|p2a: Adolf
|-singleturn|p2a: Adolf|move: Protect
|move|p1a: Klefki|Spikes|p2a: Adolf
|-sidestart|p2: Pierre-ThomasC|Spikes
|
|upkeep
|turn|3
|
|t:|1776271639
|move|p1a: Klefki|Spikes|p2a: Adolf
|-sidestart|p2: Pierre-ThomasC|Spikes
|move|p2a: Adolf|Stealth Rock|p1a: Klefki
|-sidestart|p1: Kaihasbiggains|move: Stealth Rock
|
|upkeep
|turn|4
|
|t:|1776271647
|move|p1a: Klefki|Spikes|p2a: Adolf
|-sidestart|p2: Pierre-ThomasC|Spikes
|cant|p2a: Adolf|par
|
|upkeep
|turn|5
|
|t:|1776271654
|move|p1a: Klefki|Light Screen|p1a: Klefki
|-sidestart|p1: Kaihasbiggains|move: Light Screen
|move|p2a: Adolf|Spikes|p1a: Klefki
|-sidestart|p1: Kaihasbiggains|Spikes
|
|upkeep
|turn|6
|
|t:|1776271661
|move|p1a: Klefki|Reflect|p1a: Klefki
|-sidestart|p1: Kaihasbiggains|Reflect
|cant|p2a: Adolf|par
|
|upkeep
|turn|7
|
|t:|1776271668
|switch|p1a: Ursaluna|Ursaluna, F|100/100
|-damage|p1a: Ursaluna|84/100|[from] Spikes
|-damage|p1a: Ursaluna|78/100|[from] Stealth Rock
|cant|p2a: Adolf|par
|
|upkeep
|turn|8
|
|t:|1776271681
|switch|p2a: Defence de merde|Gliscor, M|100/100
|move|p1a: Ursaluna|Headlong Rush|p2a: Defence de merde
|-immune|p2a: Defence de merde
|
|upkeep
|turn|9
|
|t:|1776271690
|move|p2a: Defence de merde|Toxic Spikes|p1a: Ursaluna
|-sidestart|p1: Kaihasbiggains|move: Toxic Spikes
|move|p1a: Ursaluna|Avalanche|p2a: Defence de merde
|-supereffective|p2a: Defence de merde
|-damage|p2a: Defence de merde|27/100
|
|-heal|p2a: Defence de merde|33/100|[from] item: Leftovers
|-sideend|p1: Kaihasbiggains|move: Light Screen
|upkeep
|turn|10
|
|t:|1776271701
|move|p2a: Defence de merde|Spikes|p1a: Ursaluna
|-sidestart|p1: Kaihasbiggains|Spikes
|move|p1a: Ursaluna|Body Slam|p2a: Defence de merde
|-damage|p2a: Defence de merde|0 fnt
|faint|p2a: Defence de merde
|
|-sideend|p1: Kaihasbiggains|Reflect
|upkeep
|
|t:|1776271713
|switch|p2a: Tyranitar|Tyranitar, F|100/100
|-damage|p2a: Tyranitar|76/100|[from] Spikes
|-weather|Sandstorm|[from] ability: Sand Stream|[of] p2a: Tyranitar
|turn|11
|
|t:|1776271722
|move|p1a: Ursaluna|Headlong Rush|p2a: Tyranitar
|-supereffective|p2a: Tyranitar
|-damage|p2a: Tyranitar|0 fnt
|-unboost|p1a: Ursaluna|def|1
|-unboost|p1a: Ursaluna|spd|1
|faint|p2a: Tyranitar
|
|-weather|Sandstorm|[upkeep]
|upkeep
|
|t:|1776271732
|switch|p2a: Bardella|Gholdengo|100/100
|-damage|p2a: Bardella|76/100|[from] Spikes
|turn|12
|
|t:|1776271741
|move|p2a: Bardella|Make It Rain|p1a: Ursaluna
|-damage|p1a: Ursaluna|23/100
|-unboost|p2a: Bardella|spa|1
|move|p1a: Ursaluna|Headlong Rush|p2a: Bardella
|-supereffective|p2a: Bardella
|-damage|p2a: Bardella|0 fnt
|-unboost|p1a: Ursaluna|def|1
|-unboost|p1a: Ursaluna|spd|1
|faint|p2a: Bardella
|
|-weather|Sandstorm|[upkeep]
|upkeep
|
|t:|1776271757
|switch|p2a: Adolf|Glimmora, F|100/100 par
|-damage|p2a: Adolf|76/100 par|[from] Spikes
|turn|13
|
|t:|1776271764
|move|p1a: Ursaluna|Headlong Rush|p2a: Adolf
|-supereffective|p2a: Adolf
|-damage|p2a: Adolf|0 fnt
|-unboost|p1a: Ursaluna|def|1
|-unboost|p1a: Ursaluna|spd|1
|-activate|p2a: Adolf|ability: Toxic Debris
|-sidestart|p1: Kaihasbiggains|move: Toxic Spikes
|faint|p2a: Adolf
|
|-weather|Sandstorm|[upkeep]
|upkeep
|
|t:|1776271776
|switch|p2a: Mismagius|Mismagius, M|100/100
|turn|14
|
|t:|1776271791
|move|p2a: Mismagius|Dark Pulse|p1a: Ursaluna
|-damage|p1a: Ursaluna|0 fnt
|faint|p1a: Ursaluna
|
|-weather|Sandstorm|[upkeep]
|-damage|p2a: Mismagius|94/100|[from] Sandstorm
|-heal|p2a: Mismagius|100/100|[from] item: Leftovers
|upkeep
|
|t:|1776271800
|switch|p1a: Arboliva|Arboliva, F|100/100
|-damage|p1a: Arboliva|75/100|[from] Spikes
|-damage|p1a: Arboliva|63/100|[from] Stealth Rock
|-status|p1a: Arboliva|tox
|turn|15
|
|t:|1776271817
|move|p2a: Mismagius|Hex|p1a: Arboliva
|-immune|p1a: Arboliva
|move|p1a: Arboliva|Strength Sap|p2a: Mismagius
|-unboost|p2a: Mismagius|atk|1
|-heal|p1a: Arboliva|98/100 tox
|
|-weather|none
|-heal|p1a: Arboliva|100/100 tox|[from] item: Leftovers
|-damage|p1a: Arboliva|94/100 tox|[from] psn
|upkeep
|turn|16
|
|t:|1776271833
|move|p2a: Mismagius|Mystical Fire|p1a: Arboliva
|-supereffective|p1a: Arboliva
|-damage|p1a: Arboliva|67/100 tox
|-unboost|p1a: Arboliva|spa|1
|-fieldstart|move: Grassy Terrain|[from] ability: Seed Sower|[of] p1a: Arboliva
|move|p1a: Arboliva|Leech Seed|p2a: Mismagius
|-start|p2a: Mismagius|move: Leech Seed
|
|-heal|p1a: Arboliva|73/100 tox|[from] Grassy Terrain
|-heal|p1a: Arboliva|79/100 tox|[from] item: Leftovers
|-damage|p2a: Mismagius|88/100|[from] Leech Seed|[of] p1a: Arboliva
|-heal|p1a: Arboliva|88/100 tox|[silent]
|-damage|p1a: Arboliva|75/100 tox|[from] psn
|upkeep
|turn|17
|inactive|Pierre-ThomasC has 120 seconds left.
|
|t:|1776271854
|move|p2a: Mismagius|Draining Kiss|p1a: Arboliva
|-damage|p1a: Arboliva|65/100 tox
|-heal|p2a: Mismagius|99/100|[from] drain|[of] p1a: Arboliva
|move|p1a: Arboliva|Alluring Voice|p2a: Mismagius
|-damage|p2a: Mismagius|81/100
|
|-heal|p2a: Mismagius|87/100|[from] item: Leftovers
|-heal|p1a: Arboliva|71/100 tox|[from] Grassy Terrain
|-heal|p1a: Arboliva|77/100 tox|[from] item: Leftovers
|-damage|p2a: Mismagius|75/100|[from] Leech Seed|[of] p1a: Arboliva
|-heal|p1a: Arboliva|86/100 tox|[silent]
|-damage|p1a: Arboliva|68/100 tox|[from] psn
|upkeep
|turn|18
|inactive|Pierre-ThomasC has 120 seconds left.
|
|t:|1776271871
|move|p2a: Mismagius|Dark Pulse|p1a: Arboliva
|-damage|p1a: Arboliva|53/100 tox
|move|p1a: Arboliva|Strength Sap|p2a: Mismagius
|-unboost|p2a: Mismagius|atk|1
|-heal|p1a: Arboliva|76/100 tox
|
|-heal|p2a: Mismagius|81/100|[from] item: Leftovers
|-heal|p1a: Arboliva|82/100 tox|[from] Grassy Terrain
|-heal|p1a: Arboliva|88/100 tox|[from] item: Leftovers
|-damage|p2a: Mismagius|69/100|[from] Leech Seed|[of] p1a: Arboliva
|-heal|p1a: Arboliva|97/100 tox|[silent]
|-damage|p1a: Arboliva|73/100 tox|[from] psn
|upkeep
|turn|19
|
|t:|1776271892
|-terastallize|p2a: Mismagius|Ghost
|move|p2a: Mismagius|Mystical Fire|p1a: Arboliva
|-supereffective|p1a: Arboliva
|-crit|p1a: Arboliva
|-damage|p1a: Arboliva|30/100 tox
|-unboost|p1a: Arboliva|spa|1
|move|p1a: Arboliva|Strength Sap|p2a: Mismagius
|-unboost|p2a: Mismagius|atk|1
|-heal|p1a: Arboliva|48/100 tox
|
|-heal|p2a: Mismagius|75/100|[from] item: Leftovers
|-heal|p1a: Arboliva|54/100 tox|[from] Grassy Terrain
|-heal|p1a: Arboliva|60/100 tox|[from] item: Leftovers
|-damage|p2a: Mismagius|63/100|[from] Leech Seed|[of] p1a: Arboliva
|-heal|p1a: Arboliva|69/100 tox|[silent]
|-damage|p1a: Arboliva|38/100 tox|[from] psn
|upkeep
|turn|20
|inactive|Pierre-ThomasC has 90 seconds left.
|
|t:|1776271913
|switch|p2a: Gold de pute|Dragapult, M|100/100
|-damage|p2a: Gold de pute|76/100|[from] Spikes
|move|p1a: Arboliva|Alluring Voice|p2a: Gold de pute
|-supereffective|p2a: Gold de pute
|-damage|p2a: Gold de pute|45/100
|
|-heal|p2a: Gold de pute|51/100|[from] Grassy Terrain
|-heal|p2a: Gold de pute|57/100|[from] item: Leftovers
|-heal|p1a: Arboliva|44/100 tox|[from] Grassy Terrain
|-heal|p1a: Arboliva|50/100 tox|[from] item: Leftovers
|-damage|p1a: Arboliva|14/100 tox|[from] psn
|-fieldend|move: Grassy Terrain
|upkeep
|turn|21
|inactive|Pierre-ThomasC has 90 seconds left.
|
|t:|1776271931
|move|p2a: Gold de pute|Phantom Force||[still]
|-prepare|p2a: Gold de pute|Phantom Force
|move|p1a: Arboliva|Alluring Voice|p2a: Gold de pute|[miss]
|-miss|p1a: Arboliva|p2a: Gold de pute
|
|-heal|p2a: Gold de pute|63/100|[from] item: Leftovers
|-heal|p1a: Arboliva|20/100 tox|[from] item: Leftovers
|-damage|p1a: Arboliva|0 fnt|[from] psn
|faint|p1a: Arboliva
|upkeep
|
|t:|1776271957
|switch|p1a: Mandibuzz|Mandibuzz, F|100/100
|-damage|p1a: Mandibuzz|76/100|[from] Stealth Rock
|turn|22
|
|t:|1776271971
|move|p2a: Gold de pute|Phantom Force|p1a: Mandibuzz|[from] lockedmove
|-resisted|p1a: Mandibuzz
|-damage|p1a: Mandibuzz|61/100
|-damage|p2a: Gold de pute|46/100|[from] item: Rocky Helmet|[of] p1a: Mandibuzz
|-ability|p1a: Mandibuzz|Weak Armor|boost
|-unboost|p1a: Mandibuzz|def|1
|-boost|p1a: Mandibuzz|spe|2
|move|p1a: Mandibuzz|Tailwind|p1a: Mandibuzz
|-sidestart|p1: Kaihasbiggains|move: Tailwind
|
|-heal|p2a: Gold de pute|52/100|[from] item: Leftovers
|upkeep
|turn|23
|
|t:|1776271985
|move|p1a: Mandibuzz|Knock Off|p2a: Gold de pute
|-supereffective|p2a: Gold de pute
|-damage|p2a: Gold de pute|0 fnt
|-enditem|p2a: Gold de pute|Leftovers|[from] move: Knock Off|[of] p1a: Mandibuzz
|faint|p2a: Gold de pute
|
|upkeep
|
|t:|1776271992
|switch|p2a: Mismagius|Mismagius, M, tera:Ghost|63/100
|turn|24
|
|t:|1776271998
|move|p1a: Mandibuzz|Knock Off|p2a: Mismagius
|-supereffective|p2a: Mismagius
|-damage|p2a: Mismagius|0 fnt
|-enditem|p2a: Mismagius|Leftovers|[from] move: Knock Off|[of] p1a: Mandibuzz
|faint|p2a: Mismagius
|
|win|Kaihasbiggains
|raw|Kaihasbiggains's rating: 1013 &rarr; <strong>1051</strong><br />(+38 for winning)
|raw|Pierre-ThomasC's rating: 1011 &rarr; <strong>1000</strong><br />(-11 for losing)
