|html|<div class="broadcast-blue"><strong>[Gen 9] OU is currently suspecting Tera Blast! For information on how to participate check out the <a href="https://www.smogon.com/tools/suspects/view/200">suspect thread</a>.</strong></div>
|j|☆peixedentrod'agua
|j|☆MamiMamiMami
|t:|1776098002
|gametype|singles
|player|p1|peixedentrod'agua|lyra|1298
|player|p2|MamiMamiMami|170|1258
|gen|9
|tier|[Gen 9] OU
|rated|
|rule|HP Percentage Mod: HP is shown in percentages
|rule|Endless Battle Clause: Forcing endless battles is banned
|rule|Species Clause: Limit one of each Pokémon
|rule|OHKO Clause: OHKO moves are banned
|rule|Evasion Items Clause: Evasion items are banned
|rule|Evasion Moves Clause: Evasion moves are banned
|rule|Evasion Abilities Clause: Evasion abilities are banned
|rule|Sleep Moves Clause: Sleep-inducing moves are banned
|clearpoke
|poke|p1|Eiscue, F|
|poke|p1|Ninetales-Alola, F|
|poke|p1|Keldeo-Resolute|
|poke|p1|Kilowattrel, M|
|poke|p1|Skeledirge, F|
|poke|p1|Samurott-Hisui, F|
|poke|p2|Gholdengo|
|poke|p2|Zamazenta-*|
|poke|p2|Weezing-Galar, M|
|poke|p2|Rillaboom, M|
|poke|p2|Heatran, M|
|poke|p2|Zapdos|
|teampreview
|inactive|Battle timer is ON: inactive players will automatically lose when time's up. (requested by peixedentrod'agua)
|inactive|MamiMamiMami has 120 seconds left.
|
|t:|1776098040
|teamsize|p1|6
|teamsize|p2|6
|start
|switch|p1a: Ninetales|Ninetales-Alola, F|100/100
|switch|p2a: Zamazenta|Zamazenta|100/100
|-ability|p2a: Zamazenta|Dauntless Shield|boost
|-boost|p2a: Zamazenta|def|1
|-weather|Snowscape|[from] ability: Snow Warning|[of] p1a: Ninetales
|turn|1
|
|t:|1776098051
|move|p2a: Zamazenta|Close Combat|p1a: Ninetales
|-damage|p1a: Ninetales|48/100
|-unboost|p2a: Zamazenta|def|1
|-unboost|p2a: Zamazenta|spd|1
|move|p1a: Ninetales|Aurora Veil|p1a: Ninetales
|-sidestart|p1: peixedentrod'agua|move: Aurora Veil
|
|-weather|Snowscape|[upkeep]
|upkeep
|turn|2
|
|t:|1776098061
|switch|p2a: Heatran|Heatran, M|100/100
|switch|p1a: Skeledirge|Skeledirge, F|100/100
|
|-weather|Snowscape|[upkeep]
|upkeep
|turn|3
|
|t:|1776098068
|switch|p1a: Samurott|Samurott-Hisui, F|100/100
|move|p2a: Heatran|Earth Power|p1a: Samurott
|-damage|p1a: Samurott|84/100
|
|-weather|Snowscape|[upkeep]
|upkeep
|turn|4
|
|t:|1776098077
|switch|p2a: Weezing|Weezing-Galar, M|100/100
|-ability|p2a: Weezing|Neutralizing Gas
|move|p1a: Samurott|Ceaseless Edge|p2a: Weezing
|-resisted|p2a: Weezing
|-damage|p2a: Weezing|84/100
|-sidestart|p2: MamiMamiMami|Spikes
|
|-weather|Snowscape|[upkeep]
|upkeep
|turn|5
|
|t:|1776098106
|switch|p1a: Skeledirge|Skeledirge, F|100/100
|move|p2a: Weezing|Will-O-Wisp|p1a: Skeledirge|[miss]
|-miss|p2a: Weezing|p1a: Skeledirge
|
|-weather|none
|upkeep
|turn|6
|inactive|MamiMamiMami has 120 seconds left.
|
|t:|1776098138
|move|p1a: Skeledirge|Will-O-Wisp|p2a: Weezing
|-status|p2a: Weezing|brn
|move|p2a: Weezing|Defog|p1a: Skeledirge
|-unboost|p1a: Skeledirge|evasion|1
|-sideend|p1: peixedentrod'agua|move: Aurora Veil
|-sideend|p2: MamiMamiMami|Spikes|[from] move: Defog|[of] p2a: Weezing
|
|-damage|p2a: Weezing|78/100 brn|[from] brn
|upkeep
|turn|7
|
|t:|1776098148
|move|p1a: Skeledirge|Hex|p2a: Weezing
|-damage|p2a: Weezing|16/100 brn
|move|p2a: Weezing|Pain Split|p1a: Skeledirge
|-sethp|p1a: Skeledirge|57/100|[from] move: Pain Split|[silent]
|-sethp|p2a: Weezing|70/100 brn|[from] move: Pain Split
|
|-heal|p1a: Skeledirge|63/100|[from] item: Leftovers
|-damage|p2a: Weezing|64/100 brn|[from] brn
|upkeep
|turn|8
|
|t:|1776098159
|move|p1a: Skeledirge|Hex|p2a: Weezing
|-damage|p2a: Weezing|0 fnt
|faint|p2a: Weezing
|-end|p2a: Weezing|ability: Neutralizing Gas
|
|-heal|p1a: Skeledirge|69/100|[from] item: Leftovers
|upkeep
|
|t:|1776098169
|switch|p2a: Zamazenta|Zamazenta|100/100
|turn|9
|
|t:|1776098183
|move|p2a: Zamazenta|Crunch|p1a: Skeledirge
|-supereffective|p1a: Skeledirge
|-damage|p1a: Skeledirge|27/100
|move|p1a: Skeledirge|Will-O-Wisp|p2a: Zamazenta
|-status|p2a: Zamazenta|brn
|
|-heal|p1a: Skeledirge|33/100|[from] item: Leftovers
|-damage|p2a: Zamazenta|94/100 brn|[from] brn
|upkeep
|turn|10
|inactive|MamiMamiMami has 120 seconds left.
|
|t:|1776098234
|switch|p1a: Ninetales|Ninetales-Alola, F|48/100
|-weather|Snowscape|[from] ability: Snow Warning|[of] p1a: Ninetales
|move|p2a: Zamazenta|Crunch|p1a: Ninetales
|-resisted|p1a: Ninetales
|-damage|p1a: Ninetales|42/100
|
|-weather|Snowscape|[upkeep]
|-damage|p2a: Zamazenta|88/100 brn|[from] brn
|upkeep
|turn|11
|inactive|MamiMamiMami has 90 seconds left.
|
|t:|1776098259
|switch|p2a: Gholdengo|Gholdengo|100/100
|move|p1a: Ninetales|Aurora Veil|p1a: Ninetales
|-sidestart|p1: peixedentrod'agua|move: Aurora Veil
|
|-weather|Snowscape|[upkeep]
|upkeep
|turn|12
|
|t:|1776098269
|switch|p1a: Samurott|Samurott-Hisui, F|84/100
|move|p2a: Gholdengo|Make It Rain|p1a: Samurott
|-resisted|p1a: Samurott
|-damage|p1a: Samurott|55/100
|-unboost|p2a: Gholdengo|spa|1
|
|-weather|Snowscape|[upkeep]
|upkeep
|turn|13
|inactive|MamiMamiMami has 90 seconds left.
|
|t:|1776098295
|switch|p2a: Zapdos|Zapdos|100/100
|move|p1a: Samurott|Ceaseless Edge|p2a: Zapdos
|-damage|p2a: Zapdos|16/100
|-status|p1a: Samurott|par|[from] ability: Static|[of] p2a: Zapdos
|-sidestart|p2: MamiMamiMami|Spikes
|
|-weather|Snowscape|[upkeep]
|upkeep
|turn|14
|
|t:|1776098310
|switch|p1a: Kilowattrel|Kilowattrel, M|100/100
|move|p2a: Zapdos|Volt Switch|p1a: Kilowattrel
|-immune|p1a: Kilowattrel|[from] ability: Volt Absorb
|
|-weather|none
|upkeep
|turn|15
|
|t:|1776098323
|switch|p2a: Heatran|Heatran, M|100/100
|-damage|p2a: Heatran|88/100|[from] Spikes
|move|p1a: Kilowattrel|Volt Switch|p2a: Heatran
|-damage|p2a: Heatran|57/100
|
|t:|1776098332
|switch|p1a: Keldeo|Keldeo-Resolute|100/100|[from] Volt Switch
|
|-heal|p2a: Heatran|64/100|[from] item: Leftovers
|upkeep
|turn|16
|
|t:|1776098353
|move|p1a: Keldeo|Surf|p2a: Heatran
|-supereffective|p2a: Heatran
|-damage|p2a: Heatran|7/100
|move|p2a: Heatran|Magma Storm|p1a: Keldeo
|-resisted|p1a: Keldeo
|-damage|p1a: Keldeo|88/100
|-activate|p1a: Keldeo|move: Magma Storm|[of] p2a: Heatran
|
|-heal|p2a: Heatran|13/100|[from] item: Leftovers
|-damage|p1a: Keldeo|76/100|[from] move: Magma Storm|[partiallytrapped]
|upkeep
|turn|17
|
|t:|1776098365
|switch|p2a: Rillaboom|Rillaboom, M|100/100
|-damage|p2a: Rillaboom|88/100|[from] Spikes
|-fieldstart|move: Grassy Terrain|[from] ability: Grassy Surge|[of] p2a: Rillaboom
|move|p1a: Keldeo|Aura Sphere|p2a: Rillaboom
|-damage|p2a: Rillaboom|33/100
|
|-heal|p1a: Keldeo|82/100|[from] Grassy Terrain
|-heal|p2a: Rillaboom|39/100|[from] Grassy Terrain
|-end|p1a: Keldeo|Magma Storm|[partiallytrapped]|[silent]
|upkeep
|turn|18
|
|t:|1776098378
|switch|p1a: Skeledirge|Skeledirge, F|33/100
|move|p2a: Rillaboom|Grassy Glide|p1a: Skeledirge
|-resisted|p1a: Skeledirge
|-damage|p1a: Skeledirge|21/100
|
|-heal|p2a: Rillaboom|45/100|[from] Grassy Terrain
|-heal|p1a: Skeledirge|27/100|[from] Grassy Terrain
|-heal|p1a: Skeledirge|34/100|[from] item: Leftovers
|-sideend|p1: peixedentrod'agua|move: Aurora Veil
|upkeep
|turn|19
|
|t:|1776098389
|switch|p2a: Heatran|Heatran, M|13/100
|-damage|p2a: Heatran|1/100|[from] Spikes
|move|p1a: Skeledirge|Slack Off|p1a: Skeledirge
|-heal|p1a: Skeledirge|84/100
|
|-heal|p2a: Heatran|7/100|[from] Grassy Terrain
|-heal|p2a: Heatran|13/100|[from] item: Leftovers
|-heal|p1a: Skeledirge|90/100|[from] Grassy Terrain
|-heal|p1a: Skeledirge|96/100|[from] item: Leftovers
|upkeep
|turn|20
|
|t:|1776098407
|move|p2a: Heatran|Earth Power|p1a: Skeledirge
|-supereffective|p1a: Skeledirge
|-damage|p1a: Skeledirge|61/100
|move|p1a: Skeledirge|Hex|p2a: Heatran
|-damage|p2a: Heatran|0 fnt
|faint|p2a: Heatran
|
|-heal|p1a: Skeledirge|67/100|[from] Grassy Terrain
|-heal|p1a: Skeledirge|73/100|[from] item: Leftovers
|upkeep
|inactive|MamiMamiMami has 60 seconds left.
|
|t:|1776098418
|switch|p2a: Gholdengo|Gholdengo|100/100
|-damage|p2a: Gholdengo|88/100|[from] Spikes
|turn|21
|
|t:|1776098436
|move|p2a: Gholdengo|Shadow Ball|p1a: Skeledirge
|-supereffective|p1a: Skeledirge
|-damage|p1a: Skeledirge|0 fnt
|faint|p1a: Skeledirge
|
|-heal|p2a: Gholdengo|94/100|[from] Grassy Terrain
|-fieldend|move: Grassy Terrain
|upkeep
|inactive|peixedentrod'agua has 120 seconds left.
|
|t:|1776098460
|switch|p1a: Ninetales|Ninetales-Alola, F|42/100
|-weather|Snowscape|[from] ability: Snow Warning|[of] p1a: Ninetales
|turn|22
|
|t:|1776098464
|move|p1a: Ninetales|Aurora Veil|p1a: Ninetales
|-sidestart|p1: peixedentrod'agua|move: Aurora Veil
|move|p2a: Gholdengo|Shadow Ball|p1a: Ninetales
|-damage|p1a: Ninetales|12/100
|
|-weather|Snowscape|[upkeep]
|upkeep
|turn|23
|inactive|MamiMamiMami has 90 seconds left.
|
|t:|1776098470
|switch|p1a: Samurott|Samurott-Hisui, F|55/100 par
|move|p2a: Gholdengo|Shadow Ball|p1a: Samurott
|-resisted|p1a: Samurott
|-damage|p1a: Samurott|37/100 par
|
|-weather|Snowscape|[upkeep]
|upkeep
|turn|24
|inactive|MamiMamiMami has 90 seconds left.
|
|t:|1776098482
|switch|p2a: Zapdos|Zapdos|16/100
|cant|p1a: Samurott|par
|
|-weather|Snowscape|[upkeep]
|upkeep
|turn|25
|
|t:|1776098488
|move|p1a: Samurott|Sucker Punch||[still]
|-fail|p1a: Samurott
|move|p2a: Zapdos|Roost|p2a: Zapdos
|-heal|p2a: Zapdos|66/100
|-singleturn|p2a: Zapdos|move: Roost
|
|-weather|Snowscape|[upkeep]
|upkeep
|turn|26
|
|t:|1776098498
|move|p1a: Samurott|Sucker Punch|p2a: Zapdos
|-damage|p2a: Zapdos|0 fnt
|faint|p2a: Zapdos
|
|-weather|none
|upkeep
|
|t:|1776098505
|switch|p2a: Zamazenta|Zamazenta|88/100 brn
|turn|27
|
|t:|1776098514
|switch|p1a: Ninetales|Ninetales-Alola, F|12/100
|-weather|Snowscape|[from] ability: Snow Warning|[of] p1a: Ninetales
|move|p2a: Zamazenta|Close Combat|p1a: Ninetales
|-damage|p1a: Ninetales|0 fnt
|-unboost|p2a: Zamazenta|def|1
|-unboost|p2a: Zamazenta|spd|1
|faint|p1a: Ninetales
|
|-weather|Snowscape|[upkeep]
|-damage|p2a: Zamazenta|82/100 brn|[from] brn
|upkeep
|
|t:|1776098520
|switch|p1a: Kilowattrel|Kilowattrel, M|100/100
|turn|28
|
|t:|1776098535
|move|p2a: Zamazenta|Stone Edge|p1a: Kilowattrel
|-supereffective|p1a: Kilowattrel
|-damage|p1a: Kilowattrel|68/100
|move|p1a: Kilowattrel|Air Slash|p2a: Zamazenta|[miss]
|-miss|p1a: Kilowattrel|p2a: Zamazenta
|
|-weather|Snowscape|[upkeep]
|-damage|p2a: Zamazenta|76/100 brn|[from] brn
|upkeep
|turn|29
|
|t:|1776098558
|move|p2a: Zamazenta|Stone Edge|p1a: Kilowattrel|[miss]
|-miss|p2a: Zamazenta|p1a: Kilowattrel
|move|p1a: Kilowattrel|Air Slash|p2a: Zamazenta
|-supereffective|p2a: Zamazenta
|-damage|p2a: Zamazenta|0 fnt
|faint|p2a: Zamazenta
|
|-weather|Snowscape|[upkeep]
|-sideend|p1: peixedentrod'agua|move: Aurora Veil
|upkeep
|
|t:|1776098567
|switch|p2a: Gholdengo|Gholdengo|94/100
|-damage|p2a: Gholdengo|82/100|[from] Spikes
|turn|30
|
|t:|1776098575
|switch|p1a: Keldeo|Keldeo-Resolute|82/100
|move|p2a: Gholdengo|Shadow Ball|p1a: Keldeo
|-damage|p1a: Keldeo|3/100
|
|-weather|Snowscape|[upkeep]
|upkeep
|turn|31
|
|t:|1776098583
|move|p1a: Keldeo|Surf|p2a: Gholdengo
|-damage|p2a: Gholdengo|25/100
|move|p2a: Gholdengo|Shadow Ball|p1a: Keldeo
|-damage|p1a: Keldeo|0 fnt
|faint|p1a: Keldeo
|
|-weather|none
|upkeep
|
|t:|1776098589
|switch|p1a: Kilowattrel|Kilowattrel, M|68/100
|turn|32
|inactive|MamiMamiMami has 120 seconds left.
|
|t:|1776098608
|move|p1a: Kilowattrel|Volt Switch|p2a: Gholdengo
|-damage|p2a: Gholdengo|0 fnt
|faint|p2a: Gholdengo
|
|t:|1776098613
|switch|p1a: Samurott|Samurott-Hisui, F|37/100 par|[from] Volt Switch
|
|upkeep
|
|t:|1776098617
|switch|p2a: Rillaboom|Rillaboom, M|45/100
|-damage|p2a: Rillaboom|33/100|[from] Spikes
|-fieldstart|move: Grassy Terrain|[from] ability: Grassy Surge|[of] p2a: Rillaboom
|turn|33
|
|t:|1776098623
|-terastallize|p2a: Rillaboom|Grass
|move|p2a: Rillaboom|Grassy Glide|p1a: Samurott
|-supereffective|p1a: Samurott
|-damage|p1a: Samurott|0 fnt
|faint|p1a: Samurott
|
|-heal|p2a: Rillaboom|39/100|[from] Grassy Terrain
|upkeep
|
|t:|1776098628
|switch|p1a: Eiscue|Eiscue, F|100/100
|turn|34
|
|t:|1776098632
|move|p2a: Rillaboom|Grassy Glide|p1a: Eiscue
|-activate|p1a: Eiscue|ability: Ice Face
|-damage|p1a: Eiscue|100/100
|detailschange|p1a: Eiscue|Eiscue-Noice, F
|move|p1a: Eiscue|Belly Drum|p1a: Eiscue
|-damage|p1a: Eiscue|50/100
|-setboost|p1a: Eiscue|atk|6|[from] move: Belly Drum
|-enditem|p1a: Eiscue|Sitrus Berry|[eat]
|-heal|p1a: Eiscue|75/100|[from] item: Sitrus Berry
|
|-heal|p1a: Eiscue|82/100|[from] Grassy Terrain
|-heal|p2a: Rillaboom|45/100|[from] Grassy Terrain
|upkeep
|turn|35
|
|t:|1776098644
|move|p2a: Rillaboom|Grassy Glide|p1a: Eiscue
|-damage|p1a: Eiscue|0 fnt
|faint|p1a: Eiscue
|
|-heal|p2a: Rillaboom|51/100|[from] Grassy Terrain
|upkeep
|
|t:|1776098647
|switch|p1a: Kilowattrel|Kilowattrel, M|68/100
|turn|36
|
|t:|1776098652
|-terastallize|p1a: Kilowattrel|Flying
|move|p2a: Rillaboom|Grassy Glide|p1a: Kilowattrel
|-resisted|p1a: Kilowattrel
|-damage|p1a: Kilowattrel|0 fnt
|faint|p1a: Kilowattrel
|
|win|MamiMamiMami
|raw|peixedentrod&apos;agua's rating: 1298 &rarr; <strong>1270</strong><br />(-28 for losing)
|raw|MamiMamiMami's rating: 1258 &rarr; <strong>1286</strong><br />(+28 for winning)
|l|☆peixedentrod'agua
|player|p1|
|l|☆MamiMamiMami
|player|p2|
