|html|<div class="broadcast-blue"><strong>[Gen 9] OU is currently suspecting Tera Blast! For information on how to participate check out the <a href="https://www.smogon.com/tools/suspects/view/200">suspect thread</a>.</strong></div>
|j|☆forsakenlog
|j|☆bearfirst4
|t:|1776155793
|gametype|singles
|player|p1|forsakenlog|265|1276
|player|p2|bearfirst4|rosa|1285
|gen|9
|tier|[Gen 9] OU
|rated|
|rule|HP Percentage Mod: HP is shown in percentages
|rule|Endless Battle Clause: Forcing endless battles is banned
|rule|Species Clause: Limit one of each Pokémon
|rule|OHKO Clause: OHKO moves are banned
|rule|Evasion Items Clause: Evasion items are banned
|rule|Evasion Moves Clause: Evasion moves are banned
|rule|Evasion Abilities Clause: Evasion abilities are banned
|rule|Sleep Moves Clause: Sleep-inducing moves are banned
|clearpoke
|poke|p1|Ogerpon-Wellspring, F|
|poke|p1|Gliscor, F|
|poke|p1|Kingambit, F|
|poke|p1|Glimmora, F|
|poke|p1|Gholdengo|
|poke|p1|Slowking-Galar, F|
|poke|p2|Pincurchin, F|
|poke|p2|Raging Bolt|
|poke|p2|Iron Valiant|
|poke|p2|Sinistcha|
|poke|p2|Great Tusk|
|poke|p2|Ogerpon-Wellspring, F|
|teampreview
|inactive|Battle timer is ON: inactive players will automatically lose when time's up. (requested by forsakenlog)
|inactive|bearfirst4 also wants the timer to be on.
|
|t:|1776155811
|teamsize|p1|6
|teamsize|p2|6
|start
|switch|p1a: Ogerpon|Ogerpon-Wellspring, F|100/100
|switch|p2a: Pincurchin|Pincurchin, F|100/100
|-fieldstart|move: Electric Terrain|[from] ability: Electric Surge|[of] p2a: Pincurchin
|turn|1
|
|t:|1776155825
|move|p1a: Ogerpon|U-turn|p2a: Pincurchin
|-crit|p2a: Pincurchin
|-damage|p2a: Pincurchin|64/100
|-damage|p1a: Ogerpon|84/100|[from] item: Rocky Helmet|[of] p2a: Pincurchin
|
|t:|1776155830
|switch|p1a: Glimmora|Glimmora, F|100/100|[from] U-turn
|move|p2a: Pincurchin|Discharge|p1a: Glimmora
|-damage|p1a: Glimmora|55/100
|
|upkeep
|turn|2
|inactive|bearfirst4 has 120 seconds left.
|
|t:|1776155863
|switch|p2a: Charlie Kirsch|Sinistcha|100/100
|move|p1a: Glimmora|Stealth Rock|p2a: Charlie Kirsch
|-sidestart|p2: bearfirst4|move: Stealth Rock
|
|upkeep
|turn|3
|inactive|bearfirst4 has 120 seconds left.
|
|t:|1776155881
|switch|p1a: Slowking|Slowking-Galar, F|100/100
|move|p2a: Charlie Kirsch|Calm Mind|p2a: Charlie Kirsch
|-boost|p2a: Charlie Kirsch|spa|1
|-boost|p2a: Charlie Kirsch|spd|1
|
|upkeep
|turn|4
|inactive|bearfirst4 has 120 seconds left.
|
|t:|1776155891
|move|p2a: Charlie Kirsch|Shadow Ball|p1a: Slowking
|-supereffective|p1a: Slowking
|-damage|p1a: Slowking|43/100
|move|p1a: Slowking|Thunder Wave|p2a: Charlie Kirsch
|-status|p2a: Charlie Kirsch|par
|
|upkeep
|turn|5
|inactive|bearfirst4 has 120 seconds left.
|
|t:|1776155913
|switch|p1a: Kingambit|Kingambit, F|100/100
|move|p2a: Charlie Kirsch|Shadow Ball|p1a: Kingambit
|-resisted|p1a: Kingambit
|-damage|p1a: Kingambit|78/100
|-unboost|p1a: Kingambit|spd|1
|
|-fieldend|move: Electric Terrain
|upkeep
|turn|6
|inactive|bearfirst4 has 120 seconds left.
|
|t:|1776155923
|switch|p2a: Pincurchin|Pincurchin, F|64/100
|-damage|p2a: Pincurchin|51/100|[from] Stealth Rock
|-fieldstart|move: Electric Terrain|[from] ability: Electric Surge|[of] p2a: Pincurchin
|move|p1a: Kingambit|Iron Head|p2a: Pincurchin
|-resisted|p2a: Pincurchin
|-crit|p2a: Pincurchin
|-damage|p2a: Pincurchin|22/100
|-damage|p1a: Kingambit|62/100|[from] item: Rocky Helmet|[of] p2a: Pincurchin
|
|upkeep
|turn|7
|inactive|bearfirst4 has 120 seconds left.
|
|t:|1776155937
|-end|p1a: Kingambit|fallenundefined|[silent]
|switch|p1a: Gliscor|Gliscor, F|100/100
|move|p2a: Pincurchin|Discharge|p1a: Gliscor
|-immune|p1a: Gliscor
|
|-status|p1a: Gliscor|tox|[from] item: Toxic Orb
|upkeep
|turn|8
|
|t:|1776155944
|switch|p2a: Ogerpon|Ogerpon-Wellspring, F|100/100
|-damage|p2a: Ogerpon|88/100|[from] Stealth Rock
|move|p1a: Gliscor|Facade|p2a: Ogerpon
|-damage|p2a: Ogerpon|50/100
|
|upkeep
|turn|9
|
|t:|1776155953
|move|p1a: Gliscor|Protect|p1a: Gliscor
|-singleturn|p1a: Gliscor|Protect
|move|p2a: Ogerpon|Synthesis|p2a: Ogerpon
|-heal|p2a: Ogerpon|99/100
|
|upkeep
|turn|10
|
|t:|1776155961
|switch|p1a: Ogerpon|Ogerpon-Wellspring, F|84/100
|move|p2a: Ogerpon|Spikes|p1a: Ogerpon
|-sidestart|p1: forsakenlog|Spikes
|
|-fieldend|move: Electric Terrain
|upkeep
|turn|11
|
|t:|1776155969
|move|p1a: Ogerpon|U-turn|p2a: Ogerpon
|-supereffective|p2a: Ogerpon
|-damage|p2a: Ogerpon|25/100
|
|t:|1776155972
|switch|p1a: Glimmora|Glimmora, F|55/100|[from] U-turn
|-damage|p1a: Glimmora|43/100|[from] Spikes
|move|p2a: Ogerpon|U-turn|p1a: Glimmora
|-resisted|p1a: Glimmora
|-damage|p1a: Glimmora|26/100
|-activate|p1a: Glimmora|ability: Toxic Debris
|-sidestart|p2: bearfirst4|move: Toxic Spikes
|
|t:|1776155982
|switch|p2a: Pincurchin|Pincurchin, F|22/100|[from] U-turn
|-damage|p2a: Pincurchin|10/100|[from] Stealth Rock
|-status|p2a: Pincurchin|psn
|-fieldstart|move: Electric Terrain|[from] ability: Electric Surge|[of] p2a: Pincurchin
|
|-damage|p2a: Pincurchin|0 fnt|[from] psn
|faint|p2a: Pincurchin
|upkeep
|-message|bearfirst4 forfeited.
|
|win|forsakenlog
|raw|forsakenlog's rating: 1276 &rarr; <strong>1302</strong><br />(+26 for winning)
|raw|bearfirst4's rating: 1285 &rarr; <strong>1259</strong><br />(-26 for losing)
|l|☆bearfirst4
|player|p2|
