|html|<div class="broadcast-blue"><strong>[Gen 9] OU is currently suspecting Tera Blast! For information on how to participate check out the <a href="https://www.smogon.com/tools/suspects/view/200">suspect thread</a>.</strong></div>
|badge|p1|bronze|gen9ou|100-9
|uhtml|medal-msg|<div class="broadcast-blue">Curious what those medals under the avatar are? PS now has Ladder Seasons! For more information, check out the <a href="https://www.smogon.com/forums/threads/3740067/">thread on Smogon.</a></div>
|badge|p2|bronze|gen9ou|100-9
|uhtml|medal-msg|<div class="broadcast-blue">Curious what those medals under the avatar are? PS now has Ladder Seasons! For more information, check out the <a href="https://www.smogon.com/forums/threads/3740067/">thread on Smogon.</a></div>
|j|☆KingKaido65
|j|☆VivaHonduras
|t:|1776044220
|gametype|singles
|player|p1|KingKaido65|dragontamer-gen6|1878
|player|p2|VivaHonduras|265|1894
|gen|9
|tier|[Gen 9] OU
|rated|
|rule|HP Percentage Mod: HP is shown in percentages
|rule|Endless Battle Clause: Forcing endless battles is banned
|rule|Species Clause: Limit one of each Pokémon
|rule|OHKO Clause: OHKO moves are banned
|rule|Evasion Items Clause: Evasion items are banned
|rule|Evasion Moves Clause: Evasion moves are banned
|rule|Evasion Abilities Clause: Evasion abilities are banned
|rule|Sleep Moves Clause: Sleep-inducing moves are banned
|clearpoke
|poke|p1|Primarina, F|
|poke|p1|Dragapult, M|
|poke|p1|Garganacl, F|
|poke|p1|Kingambit, M|
|poke|p1|Zapdos|
|poke|p1|Iron Treads|
|poke|p2|Crabominable, F|
|poke|p2|Heatran, F|
|poke|p2|Ogerpon-Wellspring, F|
|poke|p2|Landorus-Therian, M|
|poke|p2|Iron Treads|
|poke|p2|Dondozo, M|
|teampreview
|inactive|Battle timer is ON: inactive players will automatically lose when time's up. (requested by KingKaido65)
|
|t:|1776044234
|teamsize|p1|6
|teamsize|p2|6
|start
|switch|p1a: Gundari Ryuseigun|Dragapult, M|100/100
|switch|p2a: Heatran|Heatran, F|100/100
|turn|1
|
|t:|1776044238
|move|p1a: Gundari Ryuseigun|U-turn|p2a: Heatran
|-resisted|p2a: Heatran
|-damage|p2a: Heatran|92/100
|
|t:|1776044240
|switch|p1a: Warai JOGO|Garganacl, F|100/100|[from] U-turn
|move|p2a: Heatran|Magma Storm|p1a: Warai JOGO|[miss]
|-miss|p2a: Heatran|p1a: Warai JOGO
|
|-heal|p2a: Heatran|99/100|[from] item: Leftovers
|upkeep
|turn|2
|
|t:|1776044249
|move|p2a: Heatran|Stealth Rock|p1a: Warai JOGO
|-sidestart|p1: KingKaido65|move: Stealth Rock
|move|p1a: Warai JOGO|Salt Cure|p2a: Heatran
|-damage|p2a: Heatran|86/100
|-start|p2a: Heatran|Salt Cure
|
|-heal|p2a: Heatran|92/100|[from] item: Leftovers
|-damage|p2a: Heatran|68/100|[from] Salt Cure
|upkeep
|turn|3
|
|t:|1776044253
|switch|p2a: Landorus|Landorus-Therian, M|100/100
|-ability|p2a: Landorus|Intimidate|boost
|-unboost|p1a: Warai JOGO|atk|1
|move|p1a: Warai JOGO|Salt Cure|p2a: Landorus
|-damage|p2a: Landorus|92/100
|-start|p2a: Landorus|Salt Cure
|
|-damage|p2a: Landorus|80/100|[from] Salt Cure
|upkeep
|turn|4
|
|t:|1776044258
|move|p2a: Landorus|Earth Power|p1a: Warai JOGO
|-supereffective|p1a: Warai JOGO
|-damage|p1a: Warai JOGO|61/100
|move|p1a: Warai JOGO|Salt Cure|p2a: Landorus
|-damage|p2a: Landorus|71/100
|
|-heal|p1a: Warai JOGO|68/100|[from] item: Leftovers
|-damage|p2a: Landorus|59/100|[from] Salt Cure
|upkeep
|turn|5
|
|t:|1776044261
|move|p2a: Landorus|U-turn|p1a: Warai JOGO
|-damage|p1a: Warai JOGO|54/100
|
|t:|1776044262
|switch|p2a: Ogerpon|Ogerpon-Wellspring, F|100/100|[from] U-turn
|move|p1a: Warai JOGO|Recover|p1a: Warai JOGO
|-heal|p1a: Warai JOGO|100/100
|
|upkeep
|turn|6
|
|t:|1776044267
|switch|p1a: Laughing Drunk|Zapdos|100/100
|move|p2a: Ogerpon|Encore||[still]
|-fail|p2a: Ogerpon
|
|upkeep
|turn|7
|
|t:|1776044273
|switch|p2a: Iron Treads|Iron Treads|100/100
|move|p1a: Laughing Drunk|Hurricane|p2a: Iron Treads
|-resisted|p2a: Iron Treads
|-damage|p2a: Iron Treads|70/100
|
|-heal|p2a: Iron Treads|76/100|[from] item: Leftovers
|upkeep
|turn|8
|
|t:|1776044275
|-end|p2a: Iron Treads|Quark Drive|[silent]
|switch|p2a: Heatran|Heatran, F|68/100
|move|p1a: Laughing Drunk|Heat Wave|p2a: Heatran
|-start|p2a: Heatran|ability: Flash Fire
|
|-heal|p2a: Heatran|74/100|[from] item: Leftovers
|upkeep
|turn|9
|
|t:|1776044278
|move|p1a: Laughing Drunk|Volt Switch|p2a: Heatran
|-damage|p2a: Heatran|56/100
|
|t:|1776044281
|switch|p1a: Warai JOGO|Garganacl, F|100/100|[from] Volt Switch
|-damage|p1a: Warai JOGO|88/100|[from] Stealth Rock
|move|p2a: Heatran|Magma Storm|p1a: Warai JOGO
|-resisted|p1a: Warai JOGO
|-damage|p1a: Warai JOGO|69/100
|-activate|p1a: Warai JOGO|move: Magma Storm|[of] p2a: Heatran
|
|-heal|p2a: Heatran|63/100|[from] item: Leftovers
|-heal|p1a: Warai JOGO|75/100|[from] item: Leftovers
|-damage|p1a: Warai JOGO|63/100|[from] move: Magma Storm|[partiallytrapped]
|upkeep
|turn|10
|
|t:|1776044286
|move|p2a: Heatran|Earth Power|p1a: Warai JOGO
|-supereffective|p1a: Warai JOGO
|-damage|p1a: Warai JOGO|28/100
|-unboost|p1a: Warai JOGO|spd|1
|move|p1a: Warai JOGO|Salt Cure|p2a: Heatran
|-damage|p2a: Heatran|51/100
|-start|p2a: Heatran|Salt Cure
|
|-heal|p2a: Heatran|57/100|[from] item: Leftovers
|-heal|p1a: Warai JOGO|35/100|[from] item: Leftovers
|-damage|p2a: Heatran|32/100|[from] Salt Cure
|-damage|p1a: Warai JOGO|22/100|[from] move: Magma Storm|[partiallytrapped]
|upkeep
|turn|11
|
|t:|1776044297
|-terastallize|p1a: Warai JOGO|Water
|move|p2a: Heatran|Earth Power|p1a: Warai JOGO
|-damage|p1a: Warai JOGO|0 fnt
|faint|p1a: Warai JOGO
|
|-heal|p2a: Heatran|38/100|[from] item: Leftovers
|-damage|p2a: Heatran|13/100|[from] Salt Cure
|upkeep
|
|t:|1776044304
|switch|p1a: Raging Drunk|Iron Treads|100/100
|-damage|p1a: Raging Drunk|97/100|[from] Stealth Rock
|turn|12
|
|t:|1776044310
|-end|p2a: Heatran|ability: Flash Fire|[silent]
|switch|p2a: Ogerpon|Ogerpon-Wellspring, F|100/100
|move|p1a: Raging Drunk|Earth Power|p2a: Ogerpon
|-resisted|p2a: Ogerpon
|-damage|p2a: Ogerpon|79/100
|
|-heal|p1a: Raging Drunk|100/100|[from] item: Leftovers
|upkeep
|turn|13
|
|t:|1776044315
|-end|p1a: Raging Drunk|Quark Drive|[silent]
|switch|p1a: Laughing Drunk|Zapdos|100/100
|move|p2a: Ogerpon|Ivy Cudgel|p1a: Laughing Drunk|[anim] Ivy Cudgel Water
|-damage|p1a: Laughing Drunk|56/100
|
|upkeep
|turn|14
|
|t:|1776044322
|switch|p2a: Iron Treads|Iron Treads|76/100
|move|p1a: Laughing Drunk|Roost|p1a: Laughing Drunk
|-heal|p1a: Laughing Drunk|100/100
|-singleturn|p1a: Laughing Drunk|move: Roost
|
|-heal|p2a: Iron Treads|82/100|[from] item: Leftovers
|upkeep
|turn|15
|
|t:|1776044327
|-end|p2a: Iron Treads|Quark Drive|[silent]
|switch|p2a: Heatran|Heatran, F|13/100
|move|p1a: Laughing Drunk|Volt Switch|p2a: Heatran
|-damage|p2a: Heatran|0 fnt
|faint|p2a: Heatran
|
|t:|1776044331
|switch|p1a: Gundari Ryuseigun|Dragapult, M|100/100|[from] Volt Switch
|-damage|p1a: Gundari Ryuseigun|88/100|[from] Stealth Rock
|
|upkeep
|
|t:|1776044336
|switch|p2a: Iron Treads|Iron Treads|82/100
|turn|16
|
|t:|1776044339
|move|p1a: Gundari Ryuseigun|U-turn|p2a: Iron Treads
|-resisted|p2a: Iron Treads
|-damage|p2a: Iron Treads|66/100
|
|t:|1776044341
|switch|p1a: Laughing Drunk|Zapdos|100/100|[from] U-turn
|move|p2a: Iron Treads|Ice Spinner|p1a: Laughing Drunk
|-supereffective|p1a: Laughing Drunk
|-damage|p1a: Laughing Drunk|61/100
|
|-heal|p2a: Iron Treads|72/100|[from] item: Leftovers
|upkeep
|turn|17
|
|t:|1776044347
|-end|p2a: Iron Treads|Quark Drive|[silent]
|switch|p2a: Ogerpon|Ogerpon-Wellspring, F|79/100
|move|p1a: Laughing Drunk|Roost|p1a: Laughing Drunk
|-heal|p1a: Laughing Drunk|100/100
|-singleturn|p1a: Laughing Drunk|move: Roost
|
|upkeep
|turn|18
|
|t:|1776044351
|switch|p1a: Gundari Ryuseigun|Dragapult, M|88/100
|-damage|p1a: Gundari Ryuseigun|76/100|[from] Stealth Rock
|move|p2a: Ogerpon|Ivy Cudgel|p1a: Gundari Ryuseigun|[anim] Ivy Cudgel Water
|-resisted|p1a: Gundari Ryuseigun
|-damage|p1a: Gundari Ryuseigun|34/100
|
|upkeep
|turn|19
|
|t:|1776044364
|switch|p2a: Iron Treads|Iron Treads|72/100
|move|p1a: Gundari Ryuseigun|Dragon Darts|p2a: Iron Treads
|-resisted|p2a: Iron Treads
|-damage|p2a: Iron Treads|53/100
|-anim|p1a: Gundari Ryuseigun|Dragon Darts|p2a: Iron Treads
|-resisted|p2a: Iron Treads
|-damage|p2a: Iron Treads|34/100
|
|-heal|p2a: Iron Treads|41/100|[from] item: Leftovers
|upkeep
|turn|20
|
|t:|1776044371
|switch|p1a: Laughing Drunk|Zapdos|100/100
|move|p2a: Iron Treads|Ice Spinner|p1a: Laughing Drunk
|-supereffective|p1a: Laughing Drunk
|-damage|p1a: Laughing Drunk|63/100
|
|-heal|p2a: Iron Treads|47/100|[from] item: Leftovers
|upkeep
|turn|21
|
|t:|1776044388
|-end|p2a: Iron Treads|Quark Drive|[silent]
|switch|p2a: Crabominable|Crabominable, F|100/100
|move|p1a: Laughing Drunk|Roost|p1a: Laughing Drunk
|-heal|p1a: Laughing Drunk|100/100
|-singleturn|p1a: Laughing Drunk|move: Roost
|
|upkeep
|turn|22
|
|t:|1776044393
|move|p1a: Laughing Drunk|Volt Switch|p2a: Crabominable
|-damage|p2a: Crabominable|78/100
|
|t:|1776044395
|switch|p1a: Raging Drunk|Iron Treads|100/100|[from] Volt Switch
|-damage|p1a: Raging Drunk|97/100|[from] Stealth Rock
|move|p2a: Crabominable|Ice Hammer|p1a: Raging Drunk
|-damage|p1a: Raging Drunk|38/100
|-unboost|p2a: Crabominable|spe|1
|
|-heal|p1a: Raging Drunk|44/100|[from] item: Leftovers
|upkeep
|turn|23
|
|t:|1776044399
|move|p1a: Raging Drunk|Rapid Spin|p2a: Crabominable
|-damage|p2a: Crabominable|64/100
|-boost|p1a: Raging Drunk|spe|1
|-sideend|p1: KingKaido65|Stealth Rock|[from] move: Rapid Spin|[of] p1a: Raging Drunk
|move|p2a: Crabominable|Drain Punch|p1a: Raging Drunk
|-supereffective|p1a: Raging Drunk
|-damage|p1a: Raging Drunk|0 fnt
|-heal|p2a: Crabominable|84/100|[from] drain|[of] p1a: Raging Drunk
|faint|p1a: Raging Drunk
|-end|p1a: Raging Drunk|Quark Drive|[silent]
|
|upkeep
|
|t:|1776044406
|switch|p1a: Gundari Ryuseigun|Dragapult, M|34/100
|turn|24
|
|t:|1776044410
|move|p1a: Gundari Ryuseigun|Dragon Darts|p2a: Crabominable
|-damage|p2a: Crabominable|34/100
|-anim|p1a: Gundari Ryuseigun|Dragon Darts|p2a: Crabominable
|-damage|p2a: Crabominable|0 fnt
|faint|p2a: Crabominable
|
|upkeep
|
|t:|1776044413
|switch|p2a: Iron Treads|Iron Treads|47/100
|turn|25
|
|t:|1776044417
|switch|p1a: Laughing Drunk|Zapdos|100/100
|move|p2a: Iron Treads|Ice Spinner|p1a: Laughing Drunk
|-supereffective|p1a: Laughing Drunk
|-damage|p1a: Laughing Drunk|64/100
|-status|p2a: Iron Treads|par|[from] ability: Static|[of] p1a: Laughing Drunk
|
|-heal|p2a: Iron Treads|53/100 par|[from] item: Leftovers
|upkeep
|turn|26
|
|t:|1776044421
|-end|p2a: Iron Treads|Quark Drive|[silent]
|switch|p2a: Ogerpon|Ogerpon-Wellspring, F|79/100
|move|p1a: Laughing Drunk|Hurricane|p2a: Ogerpon
|-supereffective|p2a: Ogerpon
|-damage|p2a: Ogerpon|0 fnt
|faint|p2a: Ogerpon
|
|upkeep
|
|t:|1776044424
|switch|p2a: Iron Treads|Iron Treads|53/100 par
|turn|27
|
|t:|1776044426
|move|p1a: Laughing Drunk|Heat Wave|p2a: Iron Treads
|-supereffective|p2a: Iron Treads
|-damage|p2a: Iron Treads|0 fnt
|faint|p2a: Iron Treads
|-end|p2a: Iron Treads|Quark Drive|[silent]
|
|upkeep
|-message|VivaHonduras forfeited.
|
|win|KingKaido65
|raw|KingKaido65's rating: 1878 &rarr; <strong>1899</strong><br />(+21 for winning)
|raw|VivaHonduras's rating: 1894 &rarr; <strong>1873</strong><br />(-21 for losing)
|l|☆VivaHonduras
|player|p2|
|l|☆KingKaido65
|player|p1|
