|html|<div class="broadcast-blue"><strong>[Gen 9] OU is currently suspecting Tera Blast! For information on how to participate check out the <a href="https://www.smogon.com/tools/suspects/view/200">suspect thread</a>.</strong></div>
|j|☆megusan
|j|☆Rey2007
|t:|1776221231
|gametype|singles
|player|p1|megusan|preschooler|1004
|player|p2|Rey2007|hoopster|1079
|gen|9
|tier|[Gen 9] OU
|rated|
|rule|HP Percentage Mod: HP is shown in percentages
|rule|Endless Battle Clause: Forcing endless battles is banned
|rule|Species Clause: Limit one of each Pokémon
|rule|OHKO Clause: OHKO moves are banned
|rule|Evasion Items Clause: Evasion items are banned
|rule|Evasion Moves Clause: Evasion moves are banned
|rule|Evasion Abilities Clause: Evasion abilities are banned
|rule|Sleep Moves Clause: Sleep-inducing moves are banned
|clearpoke
|poke|p1|Wigglytuff, M|
|poke|p1|Glimmora, M|
|poke|p1|Volcanion|
|poke|p1|Passimian, M|
|poke|p1|Virizion|
|poke|p1|Luxray, M|
|poke|p2|Iron Valiant|
|poke|p2|Rotom-Wash|
|poke|p2|Cinderace, F|
|poke|p2|Weezing-Galar, F|
|poke|p2|Iron Treads|
|poke|p2|Serperior, M|
|teampreview
|
|t:|1776221245
|teamsize|p1|6
|teamsize|p2|6
|start
|switch|p1a: Volcanion|Volcanion|100/100
|switch|p2a: Iron Treads|Iron Treads|100/100
|-enditem|p2a: Iron Treads|Booster Energy
|-activate|p2a: Iron Treads|ability: Quark Drive|[fromitem]
|-start|p2a: Iron Treads|quarkdrivespe
|turn|1
|
|t:|1776221270
|move|p2a: Iron Treads|Earthquake|p1a: Volcanion
|-supereffective|p1a: Volcanion
|-damage|p1a: Volcanion|16/100
|move|p1a: Volcanion|Steam Eruption|p2a: Iron Treads
|-supereffective|p2a: Iron Treads
|-damage|p2a: Iron Treads|0 fnt
|faint|p2a: Iron Treads
|-end|p2a: Iron Treads|Quark Drive|[silent]
|
|upkeep
|
|t:|1776221279
|switch|p2a: Serperior|Serperior, M|100/100
|turn|2
|
|t:|1776221292
|switch|p1a: Wigglytuff|Wigglytuff, M, shiny|100/100
|move|p2a: Serperior|Leaf Storm|p1a: Wigglytuff
|-damage|p1a: Wigglytuff|29/100
|-boost|p2a: Serperior|spa|2
|-damage|p2a: Serperior|91/100|[from] item: Life Orb
|
|-heal|p1a: Wigglytuff|35/100|[from] item: Leftovers
|upkeep
|turn|3
|
|t:|1776221309
|-terastallize|p1a: Wigglytuff|Steel
|move|p2a: Serperior|Leaf Storm|p1a: Wigglytuff
|-resisted|p1a: Wigglytuff
|-damage|p1a: Wigglytuff|0 fnt
|-boost|p2a: Serperior|spa|2
|faint|p1a: Wigglytuff
|-damage|p2a: Serperior|81/100|[from] item: Life Orb
|
|upkeep
|
|t:|1776221327
|switch|p1a: Glimmora|Glimmora, M|100/100
|turn|4
|
|t:|1776221341
|move|p2a: Serperior|Giga Drain|p1a: Glimmora
|-damage|p1a: Glimmora|0 fnt
|-heal|p2a: Serperior|100/100|[from] drain|[of] p1a: Glimmora
|faint|p1a: Glimmora
|-damage|p2a: Serperior|91/100|[from] item: Life Orb
|
|upkeep
|
|t:|1776221354
|switch|p1a: Virizion|Virizion|100/100
|turn|5
|
|t:|1776221360
|move|p2a: Serperior|Glare|p1a: Virizion
|-status|p1a: Virizion|par
|cant|p1a: Virizion|par
|
|upkeep
|turn|6
|
|t:|1776221367
|move|p2a: Serperior|Dragon Pulse|p1a: Virizion
|-damage|p1a: Virizion|39/100 par
|-damage|p2a: Serperior|81/100|[from] item: Life Orb
|cant|p1a: Virizion|par
|
|upkeep
|turn|7
|
|t:|1776221376
|move|p2a: Serperior|Dragon Pulse|p1a: Virizion
|-damage|p1a: Virizion|0 fnt
|faint|p1a: Virizion
|-damage|p2a: Serperior|71/100|[from] item: Life Orb
|
|upkeep
|
|t:|1776221383
|switch|p1a: Luxray|Luxray, M|100/100
|-ability|p1a: Luxray|Intimidate|boost
|-boost|p2a: Serperior|atk|1
|turn|8
|
|t:|1776221389
|move|p2a: Serperior|Giga Drain|p1a: Luxray
|-damage|p1a: Luxray|0 fnt
|-heal|p2a: Serperior|100/100|[from] drain|[of] p1a: Luxray
|faint|p1a: Luxray
|-damage|p2a: Serperior|91/100|[from] item: Life Orb
|
|upkeep
|
|t:|1776221398
|switch|p1a: Passimian|Passimian, M|100/100
|-item|p1a: Passimian|Air Balloon
|turn|9
|
|t:|1776221405
|move|p2a: Serperior|Giga Drain|p1a: Passimian
|-damage|p1a: Passimian|0 fnt
|-heal|p2a: Serperior|100/100|[from] drain|[of] p1a: Passimian
|-enditem|p1a: Passimian|Air Balloon
|faint|p1a: Passimian
|-damage|p2a: Serperior|91/100|[from] item: Life Orb
|
|upkeep
|
|t:|1776221413
|switch|p1a: Volcanion|Volcanion|16/100
|turn|10
|
|t:|1776221418
|move|p2a: Serperior|Dragon Pulse|p1a: Volcanion
|-damage|p1a: Volcanion|0 fnt
|faint|p1a: Volcanion
|-damage|p2a: Serperior|81/100|[from] item: Life Orb
|
|win|Rey2007
|raw|megusan's rating: 1004 &rarr; <strong>1000</strong><br />(-4 for losing)
|raw|Rey2007's rating: 1079 &rarr; <strong>1101</strong><br />(+22 for winning)
