|html|<div class="broadcast-blue"><strong>[Gen 9] OU is currently suspecting Tera Blast! For information on how to participate check out the <a href="https://www.smogon.com/tools/suspects/view/200">suspect thread</a>.</strong></div>
|j|☆jr.jxps18
|j|☆bigmac1993
|t:|1776183199
|gametype|singles
|player|p1|jr.jxps18|101|1128
|player|p2|bigmac1993|jasmine|1145
|gen|9
|tier|[Gen 9] OU
|rated|
|rule|HP Percentage Mod: HP is shown in percentages
|rule|Endless Battle Clause: Forcing endless battles is banned
|rule|Species Clause: Limit one of each Pokémon
|rule|OHKO Clause: OHKO moves are banned
|rule|Evasion Items Clause: Evasion items are banned
|rule|Evasion Moves Clause: Evasion moves are banned
|rule|Evasion Abilities Clause: Evasion abilities are banned
|rule|Sleep Moves Clause: Sleep-inducing moves are banned
|clearpoke
|poke|p1|Gliscor, M|
|poke|p1|Dragonite, F|
|poke|p1|Clefable, F|
|poke|p1|Tyranitar, M|
|poke|p1|Dondozo, F|
|poke|p1|Blaziken, F|
|poke|p2|Dragonite, M|
|poke|p2|Samurott-Hisui, M|
|poke|p2|Clefable, M|
|poke|p2|Gliscor, M|
|poke|p2|Gholdengo|
|poke|p2|Zamazenta-*|
|teampreview
|
|t:|1776183224
|teamsize|p1|6
|teamsize|p2|6
|start
|switch|p1a: Dondozo|Dondozo, F|100/100
|switch|p2a: Vexbolts|Samurott-Hisui, M, shiny|100/100
|turn|1
|
|t:|1776183241
|move|p2a: Vexbolts|Ceaseless Edge|p1a: Dondozo
|-crit|p1a: Dondozo
|-damage|p1a: Dondozo|68/100
|-sidestart|p1: jr.jxps18|Spikes
|move|p1a: Dondozo|Body Press|p2a: Vexbolts
|-supereffective|p2a: Vexbolts
|-damage|p2a: Vexbolts|48/100
|
|-heal|p1a: Dondozo|74/100|[from] item: Leftovers
|upkeep
|turn|2
|
|t:|1776183254
|switch|p2a: Lizzo|Clefable, M|100/100
|move|p1a: Dondozo|Body Press|p2a: Lizzo
|-resisted|p2a: Lizzo
|-damage|p2a: Lizzo|90/100
|
|-heal|p2a: Lizzo|96/100|[from] item: Leftovers
|-heal|p1a: Dondozo|80/100|[from] item: Leftovers
|upkeep
|turn|3
|
|t:|1776183270
|move|p2a: Lizzo|Stealth Rock|p1a: Dondozo
|-sidestart|p1: jr.jxps18|move: Stealth Rock
|move|p1a: Dondozo|Wave Crash|p2a: Lizzo
|-damage|p2a: Lizzo|65/100
|-damage|p1a: Dondozo|72/100|[from] Recoil
|
|-heal|p2a: Lizzo|71/100|[from] item: Leftovers
|-heal|p1a: Dondozo|78/100|[from] item: Leftovers
|upkeep
|turn|4
|
|t:|1776183281
|move|p2a: Lizzo|Thunder Wave|p1a: Dondozo
|-status|p1a: Dondozo|par
|move|p1a: Dondozo|Wave Crash|p2a: Lizzo
|-damage|p2a: Lizzo|41/100
|-damage|p1a: Dondozo|70/100 par|[from] Recoil
|
|-heal|p2a: Lizzo|47/100|[from] item: Leftovers
|-heal|p1a: Dondozo|76/100 par|[from] item: Leftovers
|upkeep
|turn|5
|
|t:|1776183292
|move|p2a: Lizzo|Moonlight|p2a: Lizzo
|-heal|p2a: Lizzo|97/100
|move|p1a: Dondozo|Rest|p1a: Dondozo
|-status|p1a: Dondozo|slp|[from] move: Rest
|-heal|p1a: Dondozo|100/100 slp|[silent]
|
|-heal|p2a: Lizzo|100/100|[from] item: Leftovers
|upkeep
|turn|6
|
|t:|1776183317
|switch|p2a: Doge|Zamazenta|100/100
|-ability|p2a: Doge|Dauntless Shield|boost
|-boost|p2a: Doge|def|1
|cant|p1a: Dondozo|slp
|move|p1a: Dondozo|Sleep Talk|p1a: Dondozo
|move|p1a: Dondozo|Wave Crash|p2a: Doge|[from] move: Sleep Talk
|-damage|p2a: Doge|66/100
|-damage|p1a: Dondozo|93/100 slp|[from] Recoil
|
|-heal|p2a: Doge|72/100|[from] item: Leftovers
|-heal|p1a: Dondozo|99/100 slp|[from] item: Leftovers
|upkeep
|turn|7
|
|t:|1776183331
|move|p2a: Doge|Iron Defense|p2a: Doge
|-boost|p2a: Doge|def|2
|cant|p1a: Dondozo|slp
|move|p1a: Dondozo|Sleep Talk|p1a: Dondozo
|move|p1a: Dondozo|Wave Crash|p2a: Doge|[from] move: Sleep Talk
|-crit|p2a: Doge
|-damage|p2a: Doge|20/100
|-damage|p1a: Dondozo|88/100 slp|[from] Recoil
|
|-heal|p2a: Doge|26/100|[from] item: Leftovers
|-heal|p1a: Dondozo|94/100 slp|[from] item: Leftovers
|upkeep
|turn|8
|
|t:|1776183344
|-curestatus|p1a: Dondozo|slp|[msg]
|move|p1a: Dondozo|Sleep Talk||[still]
|-fail|p1a: Dondozo
|move|p2a: Doge|Roar|p1a: Dondozo
|drag|p1a: Clefable|Clefable, F|100/100
|-damage|p1a: Clefable|88/100|[from] Spikes
|-damage|p1a: Clefable|76/100|[from] Stealth Rock
|
|-heal|p2a: Doge|32/100|[from] item: Leftovers
|-heal|p1a: Clefable|82/100|[from] item: Leftovers
|upkeep
|turn|9
|
|t:|1776183365
|switch|p1a: Dondozo|Dondozo, F|94/100
|-damage|p1a: Dondozo|82/100|[from] Spikes
|-damage|p1a: Dondozo|69/100|[from] Stealth Rock
|move|p2a: Doge|Roar|p1a: Dondozo
|drag|p1a: Blaziken|Blaziken, F|100/100
|-damage|p1a: Blaziken|88/100|[from] Spikes
|-damage|p1a: Blaziken|76/100|[from] Stealth Rock
|
|-heal|p2a: Doge|38/100|[from] item: Leftovers
|upkeep
|turn|10
|
|t:|1776183382
|move|p1a: Blaziken|Protect|p1a: Blaziken
|-singleturn|p1a: Blaziken|Protect
|move|p2a: Doge|Crunch|p1a: Blaziken
|-activate|p1a: Blaziken|move: Protect
|
|-heal|p2a: Doge|44/100|[from] item: Leftovers
|-ability|p1a: Blaziken|Speed Boost|boost
|-boost|p1a: Blaziken|spe|1
|upkeep
|turn|11
|
|t:|1776183417
|move|p1a: Blaziken|Close Combat|p2a: Doge
|-damage|p2a: Doge|23/100
|-unboost|p1a: Blaziken|def|1
|-unboost|p1a: Blaziken|spd|1
|move|p2a: Doge|Roar|p1a: Blaziken
|drag|p1a: Clefable|Clefable, F|82/100
|-damage|p1a: Clefable|69/100|[from] Spikes
|-damage|p1a: Clefable|57/100|[from] Stealth Rock
|
|-heal|p2a: Doge|29/100|[from] item: Leftovers
|-heal|p1a: Clefable|63/100|[from] item: Leftovers
|upkeep
|turn|12
|
|t:|1776183437
|move|p1a: Clefable|Protect|p1a: Clefable
|-singleturn|p1a: Clefable|Protect
|move|p2a: Doge|Roar|p1a: Clefable
|drag|p1a: Dragonite|Dragonite, F|100/100
|-damage|p1a: Dragonite|76/100|[from] Stealth Rock
|
|-heal|p2a: Doge|35/100|[from] item: Leftovers
|upkeep
|turn|13
|
|t:|1776183448
|move|p1a: Dragonite|Extreme Speed|p2a: Doge
|-damage|p2a: Doge|22/100
|-damage|p1a: Dragonite|66/100|[from] item: Life Orb
|move|p2a: Doge|Roar|p1a: Dragonite
|drag|p1a: Clefable|Clefable, F|63/100
|-damage|p1a: Clefable|50/100|[from] Spikes
|-damage|p1a: Clefable|38/100|[from] Stealth Rock
|
|-heal|p2a: Doge|28/100|[from] item: Leftovers
|-heal|p1a: Clefable|44/100|[from] item: Leftovers
|upkeep
|turn|14
|
|t:|1776183461
|move|p1a: Clefable|Moonlight|p1a: Clefable
|-heal|p1a: Clefable|94/100
|move|p2a: Doge|Roar|p1a: Clefable
|drag|p1a: Dragonite|Dragonite, F|66/100
|-damage|p1a: Dragonite|41/100|[from] Stealth Rock
|
|-heal|p2a: Doge|35/100|[from] item: Leftovers
|upkeep
|turn|15
|
|t:|1776183475
|move|p1a: Dragonite|Dragon Claw|p2a: Doge
|-damage|p2a: Doge|16/100
|-damage|p1a: Dragonite|31/100|[from] item: Life Orb
|move|p2a: Doge|Roar|p1a: Dragonite
|drag|p1a: Blaziken|Blaziken, F|76/100
|-damage|p1a: Blaziken|64/100|[from] Spikes
|-damage|p1a: Blaziken|51/100|[from] Stealth Rock
|
|-heal|p2a: Doge|22/100|[from] item: Leftovers
|upkeep
|turn|16
|
|t:|1776183490
|move|p1a: Blaziken|Protect|p1a: Blaziken
|-singleturn|p1a: Blaziken|Protect
|move|p2a: Doge|Roar|p1a: Blaziken
|drag|p1a: Dragonite|Dragonite, F|31/100
|-damage|p1a: Dragonite|6/100|[from] Stealth Rock
|
|-heal|p2a: Doge|28/100|[from] item: Leftovers
|upkeep
|turn|17
|
|t:|1776183500
|move|p1a: Dragonite|Dragon Dance|p1a: Dragonite
|-boost|p1a: Dragonite|atk|1
|-boost|p1a: Dragonite|spe|1
|move|p2a: Doge|Roar|p1a: Dragonite
|drag|p1a: Clefable|Clefable, F|94/100
|-damage|p1a: Clefable|82/100|[from] Spikes
|-damage|p1a: Clefable|69/100|[from] Stealth Rock
|
|-heal|p2a: Doge|34/100|[from] item: Leftovers
|-heal|p1a: Clefable|75/100|[from] item: Leftovers
|upkeep
|turn|18
|
|t:|1776183512
|move|p1a: Clefable|Moonlight|p1a: Clefable
|-heal|p1a: Clefable|100/100
|move|p2a: Doge|Roar|p1a: Clefable
|drag|p1a: Tyranitar|Tyranitar, M|100/100
|-damage|p1a: Tyranitar|88/100|[from] Spikes
|-damage|p1a: Tyranitar|76/100|[from] Stealth Rock
|-weather|Sandstorm|[from] ability: Sand Stream|[of] p1a: Tyranitar
|
|-weather|Sandstorm|[upkeep]
|-damage|p2a: Doge|28/100|[from] Sandstorm
|-heal|p2a: Doge|34/100|[from] item: Leftovers
|upkeep
|turn|19
|
|t:|1776183530
|move|p1a: Tyranitar|Outrage|p2a: Doge
|-damage|p2a: Doge|12/100
|-damage|p1a: Tyranitar|66/100|[from] item: Life Orb
|move|p2a: Doge|Roar|p1a: Tyranitar
|drag|p1a: Clefable|Clefable, F|100/100
|-damage|p1a: Clefable|88/100|[from] Spikes
|-damage|p1a: Clefable|76/100|[from] Stealth Rock
|
|-weather|Sandstorm|[upkeep]
|-damage|p2a: Doge|6/100|[from] Sandstorm
|-damage|p1a: Clefable|70/100|[from] Sandstorm
|-heal|p2a: Doge|12/100|[from] item: Leftovers
|-heal|p1a: Clefable|76/100|[from] item: Leftovers
|upkeep
|turn|20
|
|t:|1776183547
|move|p1a: Clefable|Moonlight|p1a: Clefable
|-heal|p1a: Clefable|100/100
|move|p2a: Doge|Roar|p1a: Clefable
|drag|p1a: Gliscor|Gliscor, M|100/100
|-damage|p1a: Gliscor|88/100|[from] Stealth Rock
|
|-weather|Sandstorm|[upkeep]
|-damage|p2a: Doge|6/100|[from] Sandstorm
|-heal|p2a: Doge|12/100|[from] item: Leftovers
|-status|p1a: Gliscor|tox|[from] item: Toxic Orb
|upkeep
|turn|21
|
|t:|1776183559
|move|p1a: Gliscor|Earthquake|p2a: Doge
|-damage|p2a: Doge|1/100
|move|p2a: Doge|Roar|p1a: Gliscor
|drag|p1a: Blaziken|Blaziken, F|51/100
|-damage|p1a: Blaziken|39/100|[from] Spikes
|-damage|p1a: Blaziken|27/100|[from] Stealth Rock
|
|-weather|Sandstorm|[upkeep]
|-damage|p2a: Doge|0 fnt|[from] Sandstorm
|-damage|p1a: Blaziken|21/100|[from] Sandstorm
|faint|p2a: Doge
|upkeep
|
|t:|1776183576
|switch|p2a: Feet pics|Gliscor, M, shiny|100/100
|turn|22
|
|t:|1776183583
|switch|p1a: Dondozo|Dondozo, F|69/100
|-damage|p1a: Dondozo|57/100|[from] Spikes
|-damage|p1a: Dondozo|44/100|[from] Stealth Rock
|move|p2a: Feet pics|Swords Dance|p2a: Feet pics
|-boost|p2a: Feet pics|atk|2
|
|-weather|none
|-heal|p1a: Dondozo|50/100|[from] item: Leftovers
|-status|p2a: Feet pics|tox|[from] item: Toxic Orb
|upkeep
|turn|23
|
|t:|1776183598
|-terastallize|p2a: Feet pics|Normal
|move|p2a: Feet pics|Facade|p1a: Dondozo
|-damage|p1a: Dondozo|29/100
|move|p1a: Dondozo|Rest|p1a: Dondozo
|-status|p1a: Dondozo|slp|[from] move: Rest
|-heal|p1a: Dondozo|100/100 slp|[silent]
|
|upkeep
|turn|24
|inactive|Battle timer is ON: inactive players will automatically lose when time's up. (requested by jr.jxps18)
|
|t:|1776183609
|move|p2a: Feet pics|Knock Off|p1a: Dondozo
|-damage|p1a: Dondozo|91/100 slp
|-enditem|p1a: Dondozo|Leftovers|[from] move: Knock Off|[of] p2a: Feet pics
|cant|p1a: Dondozo|slp
|move|p1a: Dondozo|Sleep Talk|p1a: Dondozo
|move|p1a: Dondozo|Wave Crash|p2a: Feet pics|[from] move: Sleep Talk
|-damage|p2a: Feet pics|67/100 tox
|-damage|p1a: Dondozo|83/100 slp|[from] Recoil
|
|-heal|p2a: Feet pics|79/100 tox|[from] ability: Poison Heal
|upkeep
|turn|25
|
|t:|1776183624
|move|p2a: Feet pics|Facade|p1a: Dondozo
|-damage|p1a: Dondozo|63/100 slp
|cant|p1a: Dondozo|slp
|move|p1a: Dondozo|Sleep Talk|p1a: Dondozo
|move|p1a: Dondozo|Rest||[from] move: Sleep Talk|[still]
|-fail|p1a: Dondozo
|
|-heal|p2a: Feet pics|92/100 tox|[from] ability: Poison Heal
|upkeep
|turn|26
|
|t:|1776183636
|move|p2a: Feet pics|Facade|p1a: Dondozo
|-damage|p1a: Dondozo|42/100 slp
|-curestatus|p1a: Dondozo|slp|[msg]
|move|p1a: Dondozo|Body Press|p2a: Feet pics
|-supereffective|p2a: Feet pics
|-damage|p2a: Feet pics|50/100 tox
|
|-heal|p2a: Feet pics|62/100 tox|[from] ability: Poison Heal
|upkeep
|turn|27
|
|t:|1776183649
|move|p2a: Feet pics|Protect|p2a: Feet pics
|-singleturn|p2a: Feet pics|Protect
|move|p1a: Dondozo|Rest|p1a: Dondozo
|-status|p1a: Dondozo|slp|[from] move: Rest
|-heal|p1a: Dondozo|100/100 slp|[silent]
|
|-heal|p2a: Feet pics|75/100 tox|[from] ability: Poison Heal
|upkeep
|turn|28
|
|t:|1776183661
|switch|p2a: Gucci|Gholdengo|100/100
|cant|p1a: Dondozo|slp
|move|p1a: Dondozo|Sleep Talk|p1a: Dondozo
|move|p1a: Dondozo|Body Press|p2a: Gucci|[from] move: Sleep Talk
|-immune|p2a: Gucci
|
|upkeep
|turn|29
|
|t:|1776183676
|switch|p1a: Gliscor|Gliscor, M|88/100 tox
|-damage|p1a: Gliscor|76/100 tox|[from] Stealth Rock
|move|p2a: Gucci|Trick|p1a: Gliscor
|-activate|p2a: Gucci|move: Trick|[of] p1a: Gliscor
|-item|p1a: Gliscor|Choice Scarf|[from] move: Trick
|-item|p2a: Gucci|Toxic Orb|[from] move: Trick
|
|-heal|p1a: Gliscor|88/100 tox|[from] ability: Poison Heal
|upkeep
|turn|30
|inactive|jr.jxps18 has 120 seconds left.
|
|t:|1776183707
|move|p1a: Gliscor|Earthquake|p2a: Gucci
|-supereffective|p2a: Gucci
|-damage|p2a: Gucci|28/100
|move|p2a: Gucci|Shadow Ball|p1a: Gliscor
|-damage|p1a: Gliscor|35/100 tox
|
|-heal|p1a: Gliscor|47/100 tox|[from] ability: Poison Heal
|upkeep
|turn|31
|inactive|jr.jxps18 has 120 seconds left.
|
|t:|1776183726
|switch|p1a: Clefable|Clefable, F|100/100
|-damage|p1a: Clefable|88/100|[from] Spikes
|-damage|p1a: Clefable|76/100|[from] Stealth Rock
|switch|p2a: Kirk|Dragonite, M, shiny|100/100
|
|-heal|p1a: Clefable|82/100|[from] item: Leftovers
|upkeep
|turn|32
|
|t:|1776183749
|switch|p2a: Feet pics|Gliscor, M, shiny, tera:Normal|75/100 tox
|move|p1a: Clefable|Calm Mind|p1a: Clefable
|-boost|p1a: Clefable|spa|1
|-boost|p1a: Clefable|spd|1
|
|-heal|p1a: Clefable|88/100|[from] item: Leftovers
|-heal|p2a: Feet pics|87/100 tox|[from] ability: Poison Heal
|upkeep
|turn|33
|
|t:|1776183762
|move|p2a: Feet pics|Knock Off|p1a: Clefable
|-resisted|p1a: Clefable
|-damage|p1a: Clefable|76/100
|-enditem|p1a: Clefable|Leftovers|[from] move: Knock Off|[of] p2a: Feet pics
|move|p1a: Clefable|Calm Mind|p1a: Clefable
|-boost|p1a: Clefable|spa|1
|-boost|p1a: Clefable|spd|1
|
|-heal|p2a: Feet pics|99/100 tox|[from] ability: Poison Heal
|upkeep
|turn|34
|
|t:|1776183774
|move|p2a: Feet pics|Facade|p1a: Clefable
|-damage|p1a: Clefable|29/100
|move|p1a: Clefable|Calm Mind|p1a: Clefable
|-boost|p1a: Clefable|spa|1
|-boost|p1a: Clefable|spd|1
|
|-heal|p2a: Feet pics|100/100 tox|[from] ability: Poison Heal
|upkeep
|turn|35
|
|t:|1776183786
|move|p2a: Feet pics|Facade|p1a: Clefable
|-damage|p1a: Clefable|0 fnt
|faint|p1a: Clefable
|
|upkeep
|
|t:|1776183789
|switch|p1a: Dondozo|Dondozo, F|100/100 slp
|-damage|p1a: Dondozo|88/100 slp|[from] Spikes
|-damage|p1a: Dondozo|75/100 slp|[from] Stealth Rock
|turn|36
|inactive|jr.jxps18 has 120 seconds left.
|
|t:|1776183807
|switch|p2a: Vexbolts|Samurott-Hisui, M, shiny|48/100
|cant|p1a: Dondozo|slp
|move|p1a: Dondozo|Sleep Talk|p1a: Dondozo
|move|p1a: Dondozo|Wave Crash|p2a: Vexbolts|[from] move: Sleep Talk
|-resisted|p2a: Vexbolts
|-damage|p2a: Vexbolts|26/100
|-damage|p1a: Dondozo|70/100 slp|[from] Recoil
|
|upkeep
|turn|37
|inactive|jr.jxps18 has 120 seconds left.
|
|t:|1776183819
|move|p2a: Vexbolts|Ceaseless Edge|p1a: Dondozo
|-damage|p1a: Dondozo|48/100 slp
|-sidestart|p1: jr.jxps18|Spikes
|-curestatus|p1a: Dondozo|slp|[msg]
|move|p1a: Dondozo|Sleep Talk||[still]
|-fail|p1a: Dondozo
|
|upkeep
|turn|38
|
|t:|1776183827
|move|p2a: Vexbolts|Ceaseless Edge|p1a: Dondozo
|-damage|p1a: Dondozo|25/100
|-sidestart|p1: jr.jxps18|Spikes
|move|p1a: Dondozo|Body Press|p2a: Vexbolts
|-supereffective|p2a: Vexbolts
|-damage|p2a: Vexbolts|0 fnt
|faint|p2a: Vexbolts
|
|upkeep
|
|t:|1776183838
|switch|p2a: Gucci|Gholdengo|28/100
|turn|39
|
|t:|1776183845
|move|p2a: Gucci|Shadow Ball|p1a: Dondozo
|-damage|p1a: Dondozo|0 fnt
|faint|p1a: Dondozo
|
|upkeep
|
|t:|1776183854
|switch|p1a: Tyranitar|Tyranitar, M|66/100
|-damage|p1a: Tyranitar|41/100|[from] Spikes
|-damage|p1a: Tyranitar|29/100|[from] Stealth Rock
|-weather|Sandstorm|[from] ability: Sand Stream|[of] p1a: Tyranitar
|turn|40
|
|t:|1776183874
|move|p2a: Gucci|Make It Rain|p1a: Tyranitar
|-supereffective|p1a: Tyranitar
|-damage|p1a: Tyranitar|0 fnt
|-unboost|p2a: Gucci|spa|1
|faint|p1a: Tyranitar
|
|-weather|Sandstorm|[upkeep]
|upkeep
|
|t:|1776183878
|switch|p1a: Dragonite|Dragonite, F|6/100
|-damage|p1a: Dragonite|0 fnt|[from] Stealth Rock
|faint|p1a: Dragonite
|-message|jr.jxps18 forfeited.
|
|win|bigmac1993
|raw|jr.jxps18's rating: 1128 &rarr; <strong>1104</strong><br />(-24 for losing)
|raw|bigmac1993's rating: 1145 &rarr; <strong>1169</strong><br />(+24 for winning)
|l|☆jr.jxps18
|player|p1|
