|html|<div class="broadcast-blue"><strong>[Gen 9] OU is currently suspecting Volcarona! For information on how to participate check out the <a href="https://www.smogon.com/tools/suspects/view/208">suspect thread</a>.</strong></div>
|j|☆freemazhmp
|j|☆2222_222dos
|t:|1778510997
|gametype|singles
|player|p1|freemazhmp|170|1156
|player|p2|2222_222dos|artist|1137
|gen|9
|tier|[Gen 9] OU
|rated|
|rule|HP Percentage Mod: HP is shown in percentages
|rule|Endless Battle Clause: Forcing endless battles is banned
|rule|Species Clause: Limit one of each Pokémon
|rule|OHKO Clause: OHKO moves are banned
|rule|Evasion Items Clause: Evasion items are banned
|rule|Evasion Moves Clause: Evasion moves are banned
|rule|Evasion Abilities Clause: Evasion abilities are banned
|rule|Sleep Moves Clause: Sleep-inducing moves are banned
|clearpoke
|poke|p1|Deoxys-Speed|
|poke|p1|Kingambit, M|
|poke|p1|Ceruledge, M|
|poke|p1|Zamazenta-*|
|poke|p1|Ogerpon-Wellspring, F|
|poke|p1|Kyurem|
|poke|p2|Reuniclus, F|
|poke|p2|Cloyster, F|
|poke|p2|Dragonite, M|
|poke|p2|Kingambit, F|
|poke|p2|Serperior, F|
|poke|p2|Sceptile, F|
|teampreview
|
|t:|1778511016
|teamsize|p1|6
|teamsize|p2|6
|start
|switch|p1a: Deoxys|Deoxys-Speed|100/100
|switch|p2a: Kingambit|Kingambit, F|100/100
|-ability|p1a: Deoxys|Pressure
|turn|1
|inactive|Battle timer is ON: inactive players will automatically lose when time's up. (requested by 2222_222dos)
|inactive|freemazhmp has 120 seconds left.
|
|t:|1778511065
|switch|p1a: Zamazenta|Zamazenta|100/100
|-ability|p1a: Zamazenta|Dauntless Shield|boost
|-boost|p1a: Zamazenta|def|1
|move|p2a: Kingambit|Taunt|p1a: Zamazenta
|-start|p1a: Zamazenta|move: Taunt
|
|upkeep
|turn|2
|
|t:|1778511089
|move|p1a: Zamazenta|Stone Edge|p2a: Kingambit|[miss]
|-miss|p1a: Zamazenta|p2a: Kingambit
|move|p2a: Kingambit|Thunder Wave|p1a: Zamazenta
|-status|p1a: Zamazenta|par
|
|upkeep
|turn|3
|
|t:|1778511097
|-end|p2a: Kingambit|fallenundefined|[silent]
|switch|p2a: Dragonite|Dragonite, M|100/100
|move|p1a: Zamazenta|Brick Break|p2a: Dragonite
|-resisted|p2a: Dragonite
|-damage|p2a: Dragonite|73/100
|-damage|p1a: Zamazenta|91/100 par|[from] item: Life Orb
|
|-end|p1a: Zamazenta|move: Taunt
|upkeep
|turn|4
|
|t:|1778511110
|move|p2a: Dragonite|Draco Meteor|p1a: Zamazenta
|-damage|p1a: Zamazenta|35/100 par
|-unboost|p2a: Dragonite|spa|2
|cant|p1a: Zamazenta|par
|
|upkeep
|turn|5
|
|t:|1778511127
|move|p2a: Dragonite|Air Slash|p1a: Zamazenta
|-supereffective|p1a: Zamazenta
|-crit|p1a: Zamazenta
|-damage|p1a: Zamazenta|0 fnt
|faint|p1a: Zamazenta
|
|upkeep
|
|t:|1778511132
|switch|p1a: Kingambit|Kingambit, M|100/100
|-activate|p1a: Kingambit|ability: Supreme Overlord
|-start|p1a: Kingambit|fallen1|[silent]
|turn|6
|
|t:|1778511136
|move|p1a: Kingambit|Swords Dance|p1a: Kingambit
|-boost|p1a: Kingambit|atk|2
|move|p2a: Dragonite|Dragon Tail|p1a: Kingambit
|-resisted|p1a: Kingambit
|-damage|p1a: Kingambit|91/100
|-end|p1a: Kingambit|fallen1|[silent]
|drag|p1a: Kyurem|Kyurem|100/100
|-ability|p1a: Kyurem|Pressure
|
|upkeep
|turn|7
|
|t:|1778511146
|switch|p2a: Kingambit|Kingambit, F|100/100
|move|p1a: Kyurem|Dragon Pulse|p2a: Kingambit
|-resisted|p2a: Kingambit
|-damage|p2a: Kingambit|81/100
|
|-heal|p2a: Kingambit|87/100|[from] item: Leftovers
|upkeep
|turn|8
|
|t:|1778511154
|move|p1a: Kyurem|Earth Power|p2a: Kingambit
|-supereffective|p2a: Kingambit
|-damage|p2a: Kingambit|29/100
|move|p2a: Kingambit|Thunder Wave|p1a: Kyurem
|-status|p1a: Kyurem|par
|
|-heal|p2a: Kingambit|35/100|[from] item: Leftovers
|upkeep
|turn|9
|
|t:|1778511161
|move|p1a: Kyurem|Earth Power|p2a: Kingambit
|-supereffective|p2a: Kingambit
|-damage|p2a: Kingambit|0 fnt
|faint|p2a: Kingambit
|-end|p2a: Kingambit|fallenundefined|[silent]
|
|upkeep
|
|t:|1778511168
|switch|p2a: Reuniclus|Reuniclus, F|100/100
|turn|10
|
|t:|1778511172
|switch|p1a: Ceruledge|Ceruledge, M|100/100
|move|p2a: Reuniclus|Hammer Arm|p1a: Ceruledge
|-immune|p1a: Ceruledge
|
|upkeep
|turn|11
|
|t:|1778511179
|switch|p2a: Dragonite|Dragonite, M|73/100
|move|p1a: Ceruledge|Shadow Claw|p2a: Dragonite
|-damage|p2a: Dragonite|8/100
|
|upkeep
|turn|12
|
|t:|1778511187
|move|p1a: Ceruledge|Shadow Claw|p2a: Dragonite
|-damage|p2a: Dragonite|0 fnt
|faint|p2a: Dragonite
|
|upkeep
|
|t:|1778511195
|switch|p2a: Cloyster|Cloyster, F|100/100
|turn|13
|
|t:|1778511208
|-terastallize|p2a: Cloyster|Water
|move|p1a: Ceruledge|Shadow Claw|p2a: Cloyster
|-damage|p2a: Cloyster|52/100
|move|p2a: Cloyster|Shell Smash|p2a: Cloyster
|-unboost|p2a: Cloyster|def|1
|-unboost|p2a: Cloyster|spd|1
|-boost|p2a: Cloyster|atk|2
|-boost|p2a: Cloyster|spa|2
|-boost|p2a: Cloyster|spe|2
|
|upkeep
|turn|14
|
|t:|1778511222
|switch|p1a: Kingambit|Kingambit, M|91/100
|-activate|p1a: Kingambit|ability: Supreme Overlord
|-start|p1a: Kingambit|fallen1|[silent]
|move|p2a: Cloyster|Hydro Pump|p1a: Kingambit|[miss]
|-miss|p2a: Cloyster|p1a: Kingambit
|
|-heal|p1a: Kingambit|97/100|[from] item: Leftovers
|upkeep
|turn|15
|
|t:|1778511231
|move|p1a: Kingambit|Sucker Punch|p2a: Cloyster
|-damage|p2a: Cloyster|2/100
|move|p2a: Cloyster|Hydro Pump|p1a: Kingambit
|-damage|p1a: Kingambit|0 fnt
|faint|p1a: Kingambit
|-end|p1a: Kingambit|fallen1|[silent]
|
|upkeep
|
|t:|1778511244
|switch|p1a: Ogerpon|Ogerpon-Wellspring, F|100/100
|turn|16
|
|t:|1778511253
|move|p2a: Cloyster|Blizzard|p1a: Ogerpon
|-damage|p1a: Ogerpon|9/100
|move|p1a: Ogerpon|Trailblaze|p2a: Cloyster
|-supereffective|p2a: Cloyster
|-damage|p2a: Cloyster|0 fnt
|-boost|p1a: Ogerpon|spe|1
|faint|p2a: Cloyster
|
|upkeep
|
|t:|1778511259
|switch|p2a: Reuniclus|Reuniclus, F|100/100
|turn|17
|
|t:|1778511266
|move|p1a: Ogerpon|U-turn|p2a: Reuniclus
|-supereffective|p2a: Reuniclus
|-damage|p2a: Reuniclus|42/100
|
|t:|1778511272
|switch|p1a: Ceruledge|Ceruledge, M|100/100|[from] U-turn
|move|p2a: Reuniclus|Zen Headbutt|p1a: Ceruledge
|-damage|p1a: Ceruledge|55/100
|-ability|p1a: Ceruledge|Weak Armor|boost
|-unboost|p1a: Ceruledge|def|1
|-boost|p1a: Ceruledge|spe|2
|
|-heal|p2a: Reuniclus|48/100|[from] item: Leftovers
|upkeep
|turn|18
|
|t:|1778511281
|move|p1a: Ceruledge|Bitter Blade|p2a: Reuniclus
|-damage|p2a: Reuniclus|0 fnt
|-heal|p1a: Ceruledge|90/100|[from] drain|[of] p2a: Reuniclus
|faint|p2a: Reuniclus
|
|upkeep
|
|t:|1778511285
|switch|p2a: Serperior|Serperior, F|100/100
|turn|19
|
|t:|1778511291
|move|p1a: Ceruledge|Bitter Blade|p2a: Serperior
|-supereffective|p2a: Serperior
|-damage|p2a: Serperior|0 fnt
|-heal|p1a: Ceruledge|100/100|[from] drain|[of] p2a: Serperior
|faint|p2a: Serperior
|
|upkeep
|
|t:|1778511293
|switch|p2a: Sceptile|Sceptile, F|100/100
|turn|20
|c|☆freemazhmp|gg
|
|t:|1778511298
|move|p1a: Ceruledge|Bitter Blade|p2a: Sceptile
|-supereffective|p2a: Sceptile
|-damage|p2a: Sceptile|0 fnt
|faint|p2a: Sceptile
|
|win|freemazhmp
|raw|freemazhmp's rating: 1156 &rarr; <strong>1180</strong><br />(+24 for winning)
|raw|2222_222dos's rating: 1137 &rarr; <strong>1113</strong><br />(-24 for losing)
|l|☆2222_222dos
|player|p2|
|l|☆freemazhmp
|player|p1|
