|html|<div class="broadcast-blue"><strong>[Gen 9] OU is currently suspecting Tera Blast! For information on how to participate check out the <a href="https://www.smogon.com/tools/suspects/view/200">suspect thread</a>.</strong></div>
|j|☆seastnan
|j|☆PandaMn
|t:|1776295788
|gametype|singles
|player|p1|seastnan|iris-gen5bw2|1106
|player|p2|PandaMn|artist|1055
|gen|9
|tier|[Gen 9] OU
|rated|
|rule|HP Percentage Mod: HP is shown in percentages
|rule|Endless Battle Clause: Forcing endless battles is banned
|rule|Species Clause: Limit one of each Pokémon
|rule|OHKO Clause: OHKO moves are banned
|rule|Evasion Items Clause: Evasion items are banned
|rule|Evasion Moves Clause: Evasion moves are banned
|rule|Evasion Abilities Clause: Evasion abilities are banned
|rule|Sleep Moves Clause: Sleep-inducing moves are banned
|clearpoke
|poke|p1|Meloetta|
|poke|p1|Grimmsnarl, M|
|poke|p1|Iron Valiant|
|poke|p1|Gholdengo|
|poke|p1|Kingambit, F|
|poke|p1|Iron Boulder|
|poke|p2|Froslass, F|
|poke|p2|Luxray, M|
|poke|p2|Mamoswine, F|
|poke|p2|Ceruledge, M|
|poke|p2|Meowscarada, M|
|poke|p2|Lucario, F|
|teampreview
|inactive|Battle timer is ON: inactive players will automatically lose when time's up. (requested by PandaMn)
|
|t:|1776295794
|teamsize|p1|6
|teamsize|p2|6
|start
|switch|p1a: Grimmsnarl|Grimmsnarl, M|100/100
|switch|p2a: Froslass|Froslass, F|100/100
|turn|1
|
|t:|1776295801
|move|p1a: Grimmsnarl|Taunt|p2a: Froslass
|-start|p2a: Froslass|move: Taunt
|move|p2a: Froslass|Icicle Crash|p1a: Grimmsnarl
|-damage|p1a: Grimmsnarl|73/100
|
|upkeep
|turn|2
|
|t:|1776295814
|switch|p2a: Luxray|Luxray, M, shiny|100/100
|move|p1a: Grimmsnarl|Reflect|p1a: Grimmsnarl
|-sidestart|p1: seastnan|Reflect
|
|-status|p2a: Luxray|brn|[from] item: Flame Orb
|upkeep
|turn|3
|
|t:|1776295822
|move|p1a: Grimmsnarl|Light Screen|p1a: Grimmsnarl
|-sidestart|p1: seastnan|move: Light Screen
|move|p2a: Luxray|Facade|p1a: Grimmsnarl
|-damage|p1a: Grimmsnarl|33/100
|
|-damage|p2a: Luxray|95/100 brn|[from] brn
|upkeep
|turn|4
|
|t:|1776295828
|move|p1a: Grimmsnarl|Parting Shot|p2a: Luxray
|-unboost|p2a: Luxray|atk|1
|-unboost|p2a: Luxray|spa|1
|
|t:|1776295836
|switch|p1a: Iron Boulder|Iron Boulder|100/100|[from] Parting Shot
|-enditem|p1a: Iron Boulder|Booster Energy
|-activate|p1a: Iron Boulder|ability: Quark Drive|[fromitem]
|-start|p1a: Iron Boulder|quarkdrivespe
|move|p2a: Luxray|Facade|p1a: Iron Boulder
|-resisted|p1a: Iron Boulder
|-damage|p1a: Iron Boulder|86/100
|
|-damage|p2a: Luxray|89/100 brn|[from] brn
|upkeep
|turn|5
|
|t:|1776295850
|move|p1a: Iron Boulder|Swords Dance|p1a: Iron Boulder
|-boost|p1a: Iron Boulder|atk|2
|move|p2a: Luxray|Crunch|p1a: Iron Boulder
|-supereffective|p1a: Iron Boulder
|-damage|p1a: Iron Boulder|53/100
|
|-damage|p2a: Luxray|83/100 brn|[from] brn
|upkeep
|turn|6
|
|t:|1776295859
|move|p1a: Iron Boulder|Mighty Cleave|p2a: Luxray
|-damage|p2a: Luxray|0 fnt
|faint|p2a: Luxray
|
|upkeep
|
|t:|1776295863
|switch|p2a: Froslass|Froslass, F|100/100
|turn|7
|
|t:|1776295870
|move|p1a: Iron Boulder|Mighty Cleave|p2a: Froslass
|-supereffective|p2a: Froslass
|-enditem|p2a: Froslass|Focus Sash
|-damage|p2a: Froslass|1/100
|-start|p1a: Iron Boulder|Disable|Mighty Cleave|[from] ability: Cursed Body|[of] p2a: Froslass
|move|p2a: Froslass|Icicle Crash|p1a: Iron Boulder
|-damage|p1a: Iron Boulder|37/100
|
|upkeep
|turn|8
|
|t:|1776295880
|move|p1a: Iron Boulder|Zen Headbutt|p2a: Froslass
|-damage|p2a: Froslass|0 fnt
|faint|p2a: Froslass
|
|upkeep
|
|t:|1776295886
|switch|p2a: Meowscarada|Meowscarada, M|100/100
|turn|9
|
|t:|1776295890
|-terastallize|p2a: Meowscarada|Dark
|move|p1a: Iron Boulder|Close Combat|p2a: Meowscarada
|-supereffective|p2a: Meowscarada
|-damage|p2a: Meowscarada|0 fnt
|-unboost|p1a: Iron Boulder|def|1
|-unboost|p1a: Iron Boulder|spd|1
|faint|p2a: Meowscarada
|
|-sideend|p1: seastnan|Reflect
|upkeep
|
|t:|1776295898
|switch|p2a: Anudis|Lucario, F|100/100
|-item|p2a: Anudis|Air Balloon
|turn|10
|
|t:|1776295906
|move|p1a: Iron Boulder|Close Combat|p2a: Anudis
|-supereffective|p2a: Anudis
|-damage|p2a: Anudis|0 fnt
|-unboost|p1a: Iron Boulder|def|1
|-unboost|p1a: Iron Boulder|spd|1
|-enditem|p2a: Anudis|Air Balloon
|faint|p2a: Anudis
|
|-end|p1a: Iron Boulder|Disable
|-sideend|p1: seastnan|move: Light Screen
|upkeep
|
|t:|1776295914
|switch|p2a: Mamoswine|Mamoswine, F|100/100
|turn|11
|
|t:|1776295919
|move|p1a: Iron Boulder|Close Combat|p2a: Mamoswine
|-supereffective|p2a: Mamoswine
|-damage|p2a: Mamoswine|0 fnt
|-unboost|p1a: Iron Boulder|def|1
|-unboost|p1a: Iron Boulder|spd|1
|faint|p2a: Mamoswine
|
|upkeep
|
|t:|1776295925
|switch|p2a: Ceruledge|Ceruledge, M, shiny|100/100
|turn|12
|c|☆PandaMn|I need help
|
|t:|1776295936
|move|p1a: Iron Boulder|Mighty Cleave|p2a: Ceruledge
|-supereffective|p2a: Ceruledge
|-damage|p2a: Ceruledge|0 fnt
|faint|p2a: Ceruledge
|
|win|seastnan
|raw|seastnan's rating: 1106 &rarr; <strong>1127</strong><br />(+21 for winning)
|raw|PandaMn's rating: 1055 &rarr; <strong>1039</strong><br />(-16 for losing)
|l|☆PandaMn
|player|p2|
