|html|<div class="broadcast-blue"><strong>[Gen 9] OU is currently suspecting Tera Blast! For information on how to participate check out the <a href="https://www.smogon.com/tools/suspects/view/200">suspect thread</a>.</strong></div>
|j|☆let me sweeeeeeeep
|j|☆Diepnogc
|t:|1776059743
|gametype|singles
|player|p1|let me sweeeeeeeep|lance|1108
|player|p2|Diepnogc|elesa|1098
|gen|9
|tier|[Gen 9] OU
|rated|
|rule|HP Percentage Mod: HP is shown in percentages
|rule|Endless Battle Clause: Forcing endless battles is banned
|rule|Species Clause: Limit one of each Pokémon
|rule|OHKO Clause: OHKO moves are banned
|rule|Evasion Items Clause: Evasion items are banned
|rule|Evasion Moves Clause: Evasion moves are banned
|rule|Evasion Abilities Clause: Evasion abilities are banned
|rule|Sleep Moves Clause: Sleep-inducing moves are banned
|clearpoke
|poke|p1|Suicune|
|poke|p1|Dragonite, M|
|poke|p1|Cinderace, M|
|poke|p1|Zamazenta-*|
|poke|p1|Latias, F|
|poke|p1|Dragapult, F|
|poke|p2|Ninetales-Alola, F|
|poke|p2|Sylveon, F|
|poke|p2|Corviknight, M|
|poke|p2|Arcanine, M|
|poke|p2|Swampert, M|
|poke|p2|Goodra-Hisui, F|
|teampreview
|inactive|Battle timer is ON: inactive players will automatically lose when time's up. (requested by let me sweeeeeeeep)
|j| ohko_smeargle
|
|t:|1776059750
|teamsize|p1|6
|teamsize|p2|6
|start
|switch|p1a: Cinderace|Cinderace, M|100/100
|switch|p2a: Ninetales|Ninetales-Alola, F|100/100
|-weather|Snowscape|[from] ability: Snow Warning|[of] p2a: Ninetales
|turn|1
|
|t:|1776059760
|switch|p2a: Swampert|Swampert, M|100/100
|move|p1a: Cinderace|Pyro Ball|p2a: Swampert
|-resisted|p2a: Swampert
|-crit|p2a: Swampert
|-damage|p2a: Swampert|62/100
|
|-weather|Snowscape|[upkeep]
|-heal|p2a: Swampert|68/100|[from] item: Leftovers
|upkeep
|turn|2
|
|t:|1776059772
|move|p1a: Cinderace|High Jump Kick|p2a: Swampert
|-start|p1a: Cinderace|typechange|Fighting|[from] ability: Libero
|-damage|p2a: Swampert|17/100
|move|p2a: Swampert|Flip Turn|p1a: Cinderace
|-damage|p1a: Cinderace|44/100
|
|t:|1776059777
|switch|p2a: Sylveon|Sylveon, F|100/100|[from] Flip Turn
|
|-weather|Snowscape|[upkeep]
|upkeep
|turn|3
|
|t:|1776059781
|move|p1a: Cinderace|U-turn|p2a: Sylveon
|-resisted|p2a: Sylveon
|-damage|p2a: Sylveon|90/100
|
|t:|1776059784
|switch|p1a: Suicune|Suicune, shiny|100/100|[from] U-turn
|-ability|p1a: Suicune|Pressure
|move|p2a: Sylveon|Wish|p2a: Sylveon
|
|-weather|Snowscape|[upkeep]
|-heal|p2a: Sylveon|96/100|[from] item: Leftovers
|upkeep
|turn|4
|
|t:|1776059789
|switch|p2a: Swampert|Swampert, M|17/100
|move|p1a: Suicune|Scald|p2a: Swampert
|-damage|p2a: Swampert|0 fnt
|faint|p2a: Swampert
|
|-weather|Snowscape|[upkeep]
|upkeep
|
|t:|1776059798
|switch|p2a: Ninetales|Ninetales-Alola, F|100/100
|turn|5
|
|t:|1776059802
|switch|p1a: Cinderace|Cinderace, M|44/100
|move|p2a: Ninetales|Aurora Veil|p2a: Ninetales
|-sidestart|p2: Diepnogc|move: Aurora Veil
|
|-weather|none
|upkeep
|turn|6
|
|t:|1776059817
|switch|p2a: Goodra|Goodra-Hisui, F|100/100
|move|p1a: Cinderace|Court Change|p1a: Cinderace
|-start|p1a: Cinderace|typechange|Normal|[from] ability: Libero
|-swapsideconditions
|-activate|p1a: Cinderace|move: Court Change
|
|upkeep
|turn|7
|
|t:|1776059827
|move|p1a: Cinderace|U-turn|p2a: Goodra
|-resisted|p2a: Goodra
|-damage|p2a: Goodra|91/100
|
|t:|1776059830
|switch|p1a: Suicune|Suicune, shiny|100/100|[from] U-turn
|-ability|p1a: Suicune|Pressure
|move|p2a: Goodra|Thunderbolt|p1a: Suicune
|-supereffective|p1a: Suicune
|-damage|p1a: Suicune|80/100
|-status|p1a: Suicune|par
|
|-heal|p1a: Suicune|87/100 par|[from] item: Leftovers
|upkeep
|turn|8
|
|t:|1776059835
|move|p2a: Goodra|Thunderbolt|p1a: Suicune
|-supereffective|p1a: Suicune
|-damage|p1a: Suicune|67/100 par
|cant|p1a: Suicune|par
|
|-heal|p1a: Suicune|73/100 par|[from] item: Leftovers
|upkeep
|turn|9
|
|t:|1776059839
|switch|p2a: Corviknight|Corviknight, M, shiny|100/100
|-ability|p2a: Corviknight|Unnerve
|move|p1a: Suicune|Calm Mind|p1a: Suicune
|-boost|p1a: Suicune|spa|1
|-boost|p1a: Suicune|spd|1
|
|-heal|p1a: Suicune|80/100 par|[from] item: Leftovers
|upkeep
|turn|10
|
|t:|1776059843
|move|p2a: Corviknight|Defog|p1a: Suicune
|-unboost|p1a: Suicune|evasion|1
|-sideend|p1: let me sweeeeeeeep|move: Aurora Veil
|move|p1a: Suicune|Calm Mind|p1a: Suicune
|-boost|p1a: Suicune|spa|1
|-boost|p1a: Suicune|spd|1
|
|-heal|p1a: Suicune|86/100 par|[from] item: Leftovers
|upkeep
|turn|11
|
|t:|1776059850
|move|p2a: Corviknight|Brave Bird|p1a: Suicune
|-damage|p1a: Suicune|55/100 par
|-damage|p2a: Corviknight|88/100|[from] Recoil
|move|p1a: Suicune|Scald|p2a: Corviknight
|-damage|p2a: Corviknight|31/100
|-status|p2a: Corviknight|brn
|
|-heal|p1a: Suicune|61/100 par|[from] item: Leftovers
|-damage|p2a: Corviknight|25/100 brn|[from] brn
|upkeep
|turn|12
|
|t:|1776059856
|move|p2a: Corviknight|Roost|p2a: Corviknight
|-heal|p2a: Corviknight|75/100 brn
|-singleturn|p2a: Corviknight|move: Roost
|cant|p1a: Suicune|par
|
|-heal|p1a: Suicune|67/100 par|[from] item: Leftovers
|-damage|p2a: Corviknight|69/100 brn|[from] brn
|upkeep
|turn|13
|
|t:|1776059863
|switch|p2a: Goodra|Goodra-Hisui, F|91/100
|move|p1a: Suicune|Rest|p1a: Suicune
|-status|p1a: Suicune|slp|[from] move: Rest
|-heal|p1a: Suicune|100/100 slp|[silent]
|
|upkeep
|turn|14
|
|t:|1776059866
|cant|p1a: Suicune|slp
|move|p1a: Suicune|Sleep Talk|p1a: Suicune
|move|p1a: Suicune|Rest||[from] move: Sleep Talk|[still]
|-fail|p1a: Suicune
|move|p2a: Goodra|Thunderbolt|p1a: Suicune
|-supereffective|p1a: Suicune
|-damage|p1a: Suicune|79/100 slp
|
|-heal|p1a: Suicune|85/100 slp|[from] item: Leftovers
|upkeep
|turn|15
|
|t:|1776059876
|cant|p1a: Suicune|slp
|move|p1a: Suicune|Sleep Talk|p1a: Suicune
|move|p1a: Suicune|Scald|p2a: Goodra|[from] move: Sleep Talk
|-resisted|p2a: Goodra
|-damage|p2a: Goodra|79/100
|move|p2a: Goodra|Thunderbolt|p1a: Suicune
|-supereffective|p1a: Suicune
|-damage|p1a: Suicune|66/100 slp
|
|-heal|p1a: Suicune|72/100 slp|[from] item: Leftovers
|upkeep
|turn|16
|
|t:|1776059883
|-curestatus|p1a: Suicune|slp|[msg]
|move|p1a: Suicune|Calm Mind|p1a: Suicune
|-boost|p1a: Suicune|spa|1
|-boost|p1a: Suicune|spd|1
|move|p2a: Goodra|Thunderbolt|p1a: Suicune
|-supereffective|p1a: Suicune
|-damage|p1a: Suicune|55/100
|
|-heal|p1a: Suicune|61/100|[from] item: Leftovers
|upkeep
|turn|17
|
|t:|1776059891
|move|p1a: Suicune|Calm Mind|p1a: Suicune
|-boost|p1a: Suicune|spa|1
|-boost|p1a: Suicune|spd|1
|move|p2a: Goodra|Thunderbolt|p1a: Suicune
|-supereffective|p1a: Suicune
|-damage|p1a: Suicune|46/100
|
|-heal|p1a: Suicune|52/100|[from] item: Leftovers
|upkeep
|turn|18
|
|t:|1776059894
|move|p1a: Suicune|Calm Mind|p1a: Suicune
|-boost|p1a: Suicune|spa|1
|-boost|p1a: Suicune|spd|1
|move|p2a: Goodra|Thunderbolt|p1a: Suicune
|-supereffective|p1a: Suicune
|-damage|p1a: Suicune|40/100
|
|-heal|p1a: Suicune|46/100|[from] item: Leftovers
|upkeep
|turn|19
|
|t:|1776059896
|move|p1a: Suicune|Rest|p1a: Suicune
|-status|p1a: Suicune|slp|[from] move: Rest
|-heal|p1a: Suicune|100/100 slp|[silent]
|move|p2a: Goodra|Thunderbolt|p1a: Suicune
|-supereffective|p1a: Suicune
|-damage|p1a: Suicune|89/100 slp
|
|-heal|p1a: Suicune|95/100 slp|[from] item: Leftovers
|upkeep
|turn|20
|
|t:|1776059900
|switch|p2a: Ninetales|Ninetales-Alola, F|100/100
|-weather|Snowscape|[from] ability: Snow Warning|[of] p2a: Ninetales
|cant|p1a: Suicune|slp
|move|p1a: Suicune|Sleep Talk|p1a: Suicune
|move|p1a: Suicune|Calm Mind|p1a: Suicune|[from] move: Sleep Talk
|-boost|p1a: Suicune|spa|1
|-boost|p1a: Suicune|spd|1
|
|-weather|Snowscape|[upkeep]
|-heal|p1a: Suicune|100/100 slp|[from] item: Leftovers
|upkeep
|turn|21
|
|t:|1776059902
|move|p2a: Ninetales|Aurora Veil|p2a: Ninetales
|-sidestart|p2: Diepnogc|move: Aurora Veil
|cant|p1a: Suicune|slp
|move|p1a: Suicune|Sleep Talk|p1a: Suicune
|move|p1a: Suicune|Scald|p2a: Ninetales|[from] move: Sleep Talk
|-damage|p2a: Ninetales|52/100
|-status|p2a: Ninetales|brn
|
|-weather|Snowscape|[upkeep]
|-damage|p2a: Ninetales|45/100 brn|[from] brn
|upkeep
|turn|22
|
|t:|1776059915
|switch|p2a: Goodra|Goodra-Hisui, F|79/100
|-curestatus|p1a: Suicune|slp|[msg]
|move|p1a: Suicune|Scald|p2a: Goodra
|-resisted|p2a: Goodra
|-damage|p2a: Goodra|68/100
|
|-weather|Snowscape|[upkeep]
|upkeep
|turn|23
|
|t:|1776059919
|move|p1a: Suicune|Scald|p2a: Goodra
|-resisted|p2a: Goodra
|-damage|p2a: Goodra|57/100
|move|p2a: Goodra|Thunderbolt|p1a: Suicune
|-supereffective|p1a: Suicune
|-damage|p1a: Suicune|89/100
|
|-weather|Snowscape|[upkeep]
|-heal|p1a: Suicune|95/100|[from] item: Leftovers
|upkeep
|turn|24
|
|t:|1776059928
|move|p1a: Suicune|Scald|p2a: Goodra
|-resisted|p2a: Goodra
|-crit|p2a: Goodra
|-damage|p2a: Goodra|24/100
|move|p2a: Goodra|Thunderbolt|p1a: Suicune
|-supereffective|p1a: Suicune
|-damage|p1a: Suicune|85/100
|
|-weather|none
|-heal|p1a: Suicune|92/100|[from] item: Leftovers
|upkeep
|turn|25
|
|t:|1776059933
|move|p1a: Suicune|Scald|p2a: Goodra
|-resisted|p2a: Goodra
|-damage|p2a: Goodra|14/100
|move|p2a: Goodra|Draco Meteor|p1a: Suicune
|-damage|p1a: Suicune|80/100
|-unboost|p2a: Goodra|spa|2
|
|-heal|p1a: Suicune|87/100|[from] item: Leftovers
|upkeep
|turn|26
|
|t:|1776059936
|move|p1a: Suicune|Scald|p2a: Goodra
|-resisted|p2a: Goodra
|-damage|p2a: Goodra|2/100
|move|p2a: Goodra|Draco Meteor|p1a: Suicune
|-damage|p1a: Suicune|80/100
|-unboost|p2a: Goodra|spa|2
|
|-heal|p1a: Suicune|87/100|[from] item: Leftovers
|upkeep
|turn|27
|
|t:|1776059946
|move|p1a: Suicune|Scald|p2a: Goodra
|-resisted|p2a: Goodra
|-damage|p2a: Goodra|0 fnt
|faint|p2a: Goodra
|
|-heal|p1a: Suicune|93/100|[from] item: Leftovers
|upkeep
|
|t:|1776059951
|switch|p2a: Ninetales|Ninetales-Alola, F|45/100 brn
|-weather|Snowscape|[from] ability: Snow Warning|[of] p2a: Ninetales
|turn|28
|
|t:|1776059957
|move|p2a: Ninetales|Freeze-Dry|p1a: Suicune
|-supereffective|p1a: Suicune
|-damage|p1a: Suicune|85/100
|move|p1a: Suicune|Scald|p2a: Ninetales
|-damage|p2a: Ninetales|0 fnt
|faint|p2a: Ninetales
|
|-weather|Snowscape|[upkeep]
|-heal|p1a: Suicune|91/100|[from] item: Leftovers
|-sideend|p2: Diepnogc|move: Aurora Veil
|upkeep
|
|t:|1776059962
|switch|p2a: Corviknight|Corviknight, M, shiny|69/100 brn
|-ability|p2a: Corviknight|Unnerve
|turn|29
|
|t:|1776059965
|move|p1a: Suicune|Scald|p2a: Corviknight
|-damage|p2a: Corviknight|0 fnt
|faint|p2a: Corviknight
|
|-weather|Snowscape|[upkeep]
|-heal|p1a: Suicune|97/100|[from] item: Leftovers
|upkeep
|
|t:|1776059968
|switch|p2a: Sylveon|Sylveon, F|96/100
|turn|30
|
|t:|1776059971
|move|p1a: Suicune|Scald|p2a: Sylveon
|-damage|p2a: Sylveon|29/100
|-status|p2a: Sylveon|brn
|move|p2a: Sylveon|Hyper Voice|p1a: Suicune
|-damage|p1a: Suicune|88/100
|
|-weather|Snowscape|[upkeep]
|-heal|p1a: Suicune|94/100|[from] item: Leftovers
|-heal|p2a: Sylveon|36/100 brn|[from] item: Leftovers
|-damage|p2a: Sylveon|29/100 brn|[from] brn
|upkeep
|turn|31
|
|t:|1776059975
|move|p1a: Suicune|Scald|p2a: Sylveon
|-damage|p2a: Sylveon|0 fnt
|faint|p2a: Sylveon
|
|-weather|Snowscape|[upkeep]
|-heal|p1a: Suicune|100/100|[from] item: Leftovers
|upkeep
|
|t:|1776059977
|switch|p2a: Arcanine|Arcanine, M|100/100
|-ability|p2a: Arcanine|Intimidate|boost
|-unboost|p1a: Suicune|atk|1
|turn|32
|
|t:|1776059979
|move|p2a: Arcanine|Flare Blitz|p1a: Suicune
|-resisted|p1a: Suicune
|-damage|p1a: Suicune|82/100
|-damage|p2a: Arcanine|94/100|[from] Recoil
|-damage|p2a: Arcanine|84/100|[from] item: Life Orb
|move|p1a: Suicune|Scald|p2a: Arcanine
|-supereffective|p2a: Arcanine
|-damage|p2a: Arcanine|0 fnt
|faint|p2a: Arcanine
|
|win|let me sweeeeeeeep
|raw|let me sweeeeeeeep's rating: 1108 &rarr; <strong>1132</strong><br />(+24 for winning)
|raw|Diepnogc's rating: 1098 &rarr; <strong>1074</strong><br />(-24 for losing)
|l|☆Diepnogc
|player|p2|
|l| ohko_smeargle
|l|☆let me sweeeeeeeep
|player|p1|
