|html|<div class="broadcast-blue"><strong>[Gen 9] OU is currently suspecting Tera Blast! For information on how to participate check out the <a href="https://www.smogon.com/tools/suspects/view/200">suspect thread</a>.</strong></div>
|j|☆mothfox
|j|☆Ouass78190
|t:|1776130135
|gametype|singles
|player|p1|mothfox|colress|1248
|player|p2|Ouass78190|169|1211
|gen|9
|tier|[Gen 9] OU
|rated|
|rule|HP Percentage Mod: HP is shown in percentages
|rule|Endless Battle Clause: Forcing endless battles is banned
|rule|Species Clause: Limit one of each Pokémon
|rule|OHKO Clause: OHKO moves are banned
|rule|Evasion Items Clause: Evasion items are banned
|rule|Evasion Moves Clause: Evasion moves are banned
|rule|Evasion Abilities Clause: Evasion abilities are banned
|rule|Sleep Moves Clause: Sleep-inducing moves are banned
|clearpoke
|poke|p1|Dragonite, M|
|poke|p1|Samurott-Hisui, M|
|poke|p1|Clefable, F|
|poke|p1|Gliscor, M|
|poke|p1|Gholdengo|
|poke|p1|Zamazenta-*|
|poke|p2|Gliscor, M|
|poke|p2|Darkrai|
|poke|p2|Raging Bolt|
|poke|p2|Galvantula, F|
|poke|p2|Dragonite, F|
|poke|p2|Kingambit, F|
|teampreview
|inactive|Battle timer is ON: inactive players will automatically lose when time's up. (requested by mothfox)
|
|t:|1776130155
|teamsize|p1|6
|teamsize|p2|6
|start
|switch|p1a: Samurott|Samurott-Hisui, M|100/100
|switch|p2a: Galvantula|Galvantula, F|100/100
|turn|1
|
|t:|1776130163
|switch|p1a: Gliscor|Gliscor, M|100/100
|move|p2a: Galvantula|Thunder|p1a: Gliscor
|-immune|p1a: Gliscor
|
|-status|p1a: Gliscor|tox|[from] item: Toxic Orb
|upkeep
|turn|2
|
|t:|1776130172
|move|p2a: Galvantula|Sticky Web|p1a: Gliscor
|-sidestart|p1: mothfox|move: Sticky Web
|move|p1a: Gliscor|Knock Off|p2a: Galvantula
|-damage|p2a: Galvantula|62/100
|-enditem|p2a: Galvantula|Life Orb|[from] move: Knock Off|[of] p1a: Gliscor
|
|upkeep
|turn|3
|
|t:|1776130182
|switch|p2a: Gliscor|Gliscor, M|100/100
|move|p1a: Gliscor|Swords Dance|p1a: Gliscor
|-boost|p1a: Gliscor|atk|2
|
|-status|p2a: Gliscor|tox|[from] item: Toxic Orb
|upkeep
|turn|4
|
|t:|1776130191
|move|p1a: Gliscor|Facade|p2a: Gliscor
|-damage|p2a: Gliscor|53/100 tox
|move|p2a: Gliscor|Ice Fang|p1a: Gliscor
|-supereffective|p1a: Gliscor
|-damage|p1a: Gliscor|32/100 tox
|
|-heal|p1a: Gliscor|45/100 tox|[from] ability: Poison Heal
|-heal|p2a: Gliscor|65/100 tox|[from] ability: Poison Heal
|upkeep
|turn|5
|
|t:|1776130208
|move|p1a: Gliscor|Protect|p1a: Gliscor
|-singleturn|p1a: Gliscor|Protect
|move|p2a: Gliscor|Lunge|p1a: Gliscor
|-activate|p1a: Gliscor|move: Protect
|
|-heal|p1a: Gliscor|57/100 tox|[from] ability: Poison Heal
|-heal|p2a: Gliscor|78/100 tox|[from] ability: Poison Heal
|upkeep
|turn|6
|inactive|mothfox has 120 seconds left.
|
|t:|1776130241
|move|p1a: Gliscor|Facade|p2a: Gliscor
|-damage|p2a: Gliscor|30/100 tox
|move|p2a: Gliscor|Lunge|p1a: Gliscor
|-resisted|p1a: Gliscor
|-damage|p1a: Gliscor|48/100 tox
|-unboost|p1a: Gliscor|atk|1
|
|-heal|p1a: Gliscor|60/100 tox|[from] ability: Poison Heal
|-heal|p2a: Gliscor|42/100 tox|[from] ability: Poison Heal
|upkeep
|turn|7
|inactive|mothfox has 120 seconds left.
|
|t:|1776130261
|switch|p1a: Clefable|Clefable, F|100/100
|-activate|p1a: Clefable|move: Sticky Web
|-unboost|p1a: Clefable|spe|1
|move|p2a: Gliscor|Ice Fang|p1a: Clefable
|-damage|p1a: Clefable|86/100
|-damage|p2a: Gliscor|26/100 tox|[from] item: Rocky Helmet|[of] p1a: Clefable
|
|-heal|p2a: Gliscor|38/100 tox|[from] ability: Poison Heal
|upkeep
|turn|8
|
|t:|1776130281
|switch|p2a: Kingambit|Kingambit, F|100/100
|move|p1a: Clefable|Stealth Rock|p2a: Kingambit
|-sidestart|p2: Ouass78190|move: Stealth Rock
|
|upkeep
|turn|9
|
|t:|1776130292
|move|p2a: Kingambit|Iron Head|p1a: Clefable
|-supereffective|p1a: Clefable
|-damage|p1a: Clefable|0 fnt
|-damage|p2a: Kingambit|84/100|[from] item: Rocky Helmet|[of] p1a: Clefable
|faint|p1a: Clefable
|-damage|p2a: Kingambit|74/100|[from] item: Life Orb
|
|upkeep
|
|t:|1776130307
|switch|p1a: Zamazenta|Zamazenta|100/100
|-activate|p1a: Zamazenta|move: Sticky Web
|-unboost|p1a: Zamazenta|spe|1
|-ability|p1a: Zamazenta|Dauntless Shield|boost
|-boost|p1a: Zamazenta|def|1
|turn|10
|
|t:|1776130319
|-end|p2a: Kingambit|fallenundefined|[silent]
|switch|p2a: Gliscor|Gliscor, M|38/100 tox
|-damage|p2a: Gliscor|26/100 tox|[from] Stealth Rock
|move|p1a: Zamazenta|Roar|p2a: Gliscor
|drag|p2a: Raging Bolt|Raging Bolt|100/100
|-damage|p2a: Raging Bolt|88/100|[from] Stealth Rock
|-enditem|p2a: Raging Bolt|Booster Energy
|-activate|p2a: Raging Bolt|ability: Protosynthesis|[fromitem]
|-start|p2a: Raging Bolt|protosynthesisspa
|
|upkeep
|turn|11
|inactive|mothfox has 90 seconds left.
|
|t:|1776130338
|switch|p1a: Samurott|Samurott-Hisui, M|100/100
|-activate|p1a: Samurott|move: Sticky Web
|-unboost|p1a: Samurott|spe|1
|move|p2a: Raging Bolt|Draco Meteor|p1a: Samurott
|-damage|p1a: Samurott|28/100
|-unboost|p2a: Raging Bolt|spa|2
|
|upkeep
|turn|12
|inactive|mothfox has 90 seconds left.
|
|t:|1776130354
|move|p1a: Samurott|Sucker Punch|p2a: Raging Bolt
|-damage|p2a: Raging Bolt|55/100
|move|p2a: Raging Bolt|Volt Switch|p1a: Samurott
|-supereffective|p1a: Samurott
|-damage|p1a: Samurott|0 fnt
|faint|p1a: Samurott
|
|t:|1776130364
|-end|p2a: Raging Bolt|Protosynthesis|[silent]
|switch|p2a: Gliscor|Gliscor, M|26/100 tox|[from] Volt Switch
|-damage|p2a: Gliscor|13/100 tox|[from] Stealth Rock
|
|-heal|p2a: Gliscor|26/100 tox|[from] ability: Poison Heal
|upkeep
|inactive|mothfox has 90 seconds left.
|
|t:|1776130377
|switch|p1a: Gholdengo|Gholdengo|100/100
|-activate|p1a: Gholdengo|move: Sticky Web
|-unboost|p1a: Gholdengo|spe|1
|turn|13
|inactive|mothfox has 90 seconds left.
|
|t:|1776130393
|move|p1a: Gholdengo|Trick|p2a: Gliscor
|-activate|p1a: Gholdengo|move: Trick|[of] p2a: Gliscor
|-item|p2a: Gliscor|Choice Scarf|[from] move: Trick
|-item|p1a: Gholdengo|Toxic Orb|[from] move: Trick
|move|p2a: Gliscor|Earthquake|p1a: Gholdengo
|-supereffective|p1a: Gholdengo
|-damage|p1a: Gholdengo|0 fnt
|faint|p1a: Gholdengo
|
|-heal|p2a: Gliscor|38/100 tox|[from] ability: Poison Heal
|upkeep
|
|t:|1776130404
|switch|p1a: Dragonite|Dragonite, M|100/100
|turn|14
|
|t:|1776130413
|switch|p2a: Raging Bolt|Raging Bolt|55/100
|-damage|p2a: Raging Bolt|43/100|[from] Stealth Rock
|move|p1a: Dragonite|Dragon Dance|p1a: Dragonite
|-boost|p1a: Dragonite|atk|1
|-boost|p1a: Dragonite|spe|1
|
|upkeep
|turn|15
|inactive|mothfox has 90 seconds left.
|
|t:|1776130424
|-terastallize|p1a: Dragonite|Normal
|move|p1a: Dragonite|Extreme Speed|p2a: Raging Bolt
|-damage|p2a: Raging Bolt|0 fnt
|faint|p2a: Raging Bolt
|-end|p2a: Raging Bolt|Protosynthesis|[silent]
|
|upkeep
|
|t:|1776130435
|switch|p2a: Dragonite|Dragonite, F|100/100
|-damage|p2a: Dragonite|76/100|[from] Stealth Rock
|turn|16
|
|t:|1776130447
|move|p1a: Dragonite|Extreme Speed|p2a: Dragonite
|-damage|p2a: Dragonite|0 fnt
|faint|p2a: Dragonite
|
|upkeep
|
|t:|1776130451
|switch|p2a: Kingambit|Kingambit, F|74/100
|-damage|p2a: Kingambit|68/100|[from] Stealth Rock
|-activate|p2a: Kingambit|ability: Supreme Overlord
|-start|p2a: Kingambit|fallen2|[silent]
|turn|17
|
|t:|1776130457
|move|p1a: Dragonite|Earthquake|p2a: Kingambit
|-supereffective|p2a: Kingambit
|-damage|p2a: Kingambit|0 fnt
|faint|p2a: Kingambit
|-end|p2a: Kingambit|fallen2|[silent]
|
|upkeep
|
|t:|1776130462
|switch|p2a: Darkrai|Darkrai|100/100
|-damage|p2a: Darkrai|88/100|[from] Stealth Rock
|turn|18
|inactive|mothfox has 120 seconds left.
|
|t:|1776130467
|move|p1a: Dragonite|Extreme Speed|p2a: Darkrai
|-damage|p2a: Darkrai|3/100
|move|p2a: Darkrai|Focus Blast|p1a: Dragonite|[miss]
|-miss|p2a: Darkrai|p1a: Dragonite
|
|upkeep
|turn|19
|
|t:|1776130473
|move|p1a: Dragonite|Extreme Speed|p2a: Darkrai
|-damage|p2a: Darkrai|0 fnt
|faint|p2a: Darkrai
|
|upkeep
|
|t:|1776130474
|switch|p2a: Gliscor|Gliscor, M|38/100 tox
|-damage|p2a: Gliscor|26/100 tox|[from] Stealth Rock
|turn|20
|
|t:|1776130480
|move|p1a: Dragonite|Extreme Speed|p2a: Gliscor
|-damage|p2a: Gliscor|0 fnt
|faint|p2a: Gliscor
|
|upkeep
|
|t:|1776130482
|switch|p2a: Galvantula|Galvantula, F|62/100
|-damage|p2a: Galvantula|37/100|[from] Stealth Rock
|turn|21
|
|t:|1776130488
|-terastallize|p2a: Galvantula|Bug
|move|p1a: Dragonite|Extreme Speed|p2a: Galvantula
|-damage|p2a: Galvantula|0 fnt
|faint|p2a: Galvantula
|
|win|mothfox
|raw|mothfox's rating: 1248 &rarr; <strong>1270</strong><br />(+22 for winning)
|raw|Ouass78190's rating: 1211 &rarr; <strong>1189</strong><br />(-22 for losing)
|c|☆mothfox|gg
|l|☆Ouass78190
|player|p2|
