|html|<div class="broadcast-blue"><strong>[Gen 9] OU is currently suspecting Tera Blast! For information on how to participate check out the <a href="https://www.smogon.com/tools/suspects/view/200">suspect thread</a>.</strong></div>
|j|☆eatkickfightworld
|j|☆absolsfists
|t:|1776061577
|gametype|singles
|player|p1|eatkickfightworld|blue|1144
|player|p2|absolsfists|169|1151
|gen|9
|tier|[Gen 9] OU
|rated|
|rule|HP Percentage Mod: HP is shown in percentages
|rule|Endless Battle Clause: Forcing endless battles is banned
|rule|Species Clause: Limit one of each Pokémon
|rule|OHKO Clause: OHKO moves are banned
|rule|Evasion Items Clause: Evasion items are banned
|rule|Evasion Moves Clause: Evasion moves are banned
|rule|Evasion Abilities Clause: Evasion abilities are banned
|rule|Sleep Moves Clause: Sleep-inducing moves are banned
|clearpoke
|poke|p1|Articuno|
|poke|p1|Entei|
|poke|p1|Weavile, F|
|poke|p1|Scizor, F|
|poke|p1|Medicham, F|
|poke|p1|Cinderace, M|
|poke|p2|Slither Wing|
|poke|p2|Zamazenta-*|
|poke|p2|Ting-Lu|
|poke|p2|Alomomola, M|
|poke|p2|Iron Valiant|
|poke|p2|Corviknight, M|
|teampreview
|inactive|Battle timer is ON: inactive players will automatically lose when time's up. (requested by eatkickfightworld)
|
|t:|1776061605
|teamsize|p1|6
|teamsize|p2|6
|start
|switch|p1a: Articuno|Articuno|100/100
|switch|p2a: Zamazenta|Zamazenta|100/100
|-ability|p2a: Zamazenta|Dauntless Shield|boost
|-boost|p2a: Zamazenta|def|1
|-ability|p1a: Articuno|Pressure
|turn|1
|
|t:|1776061622
|move|p2a: Zamazenta|Stone Edge|p1a: Articuno
|-supereffective|p1a: Articuno
|-damage|p1a: Articuno|0 fnt
|faint|p1a: Articuno
|
|upkeep
|
|t:|1776061637
|switch|p1a: Medicham|Medicham, F, shiny|100/100
|turn|2
|inactive|absolsfists has 120 seconds left.
|
|t:|1776061669
|switch|p2a: Iron Valiant|Iron Valiant|100/100
|move|p1a: Medicham|Fake Out|p2a: Iron Valiant
|-crit|p2a: Iron Valiant
|-damage|p2a: Iron Valiant|68/100
|
|upkeep
|turn|3
|inactive|absolsfists has 120 seconds left.
|inactive|eatkickfightworld has 120 seconds left.
|inactive|eatkickfightworld has 90 seconds left.
|
|t:|1776061730
|move|p2a: Iron Valiant|Moonblast|p1a: Medicham
|-supereffective|p1a: Medicham
|-enditem|p1a: Medicham|Focus Sash
|-damage|p1a: Medicham|1/100
|-damage|p2a: Iron Valiant|58/100|[from] item: Life Orb
|move|p1a: Medicham|Zen Headbutt|p2a: Iron Valiant
|-supereffective|p2a: Iron Valiant
|-damage|p2a: Iron Valiant|0 fnt
|faint|p2a: Iron Valiant
|-end|p2a: Iron Valiant|Quark Drive|[silent]
|
|upkeep
|inactive|absolsfists has 120 seconds left.
|
|t:|1776061745
|switch|p2a: Slither Wing|Slither Wing|100/100
|-enditem|p2a: Slither Wing|Booster Energy
|-activate|p2a: Slither Wing|ability: Protosynthesis|[fromitem]
|-start|p2a: Slither Wing|protosynthesisatk
|turn|4
|
|t:|1776061756
|move|p2a: Slither Wing|First Impression|p1a: Medicham
|-damage|p1a: Medicham|0 fnt
|faint|p1a: Medicham
|
|upkeep
|
|t:|1776061765
|switch|p1a: Cinderace|Cinderace, M|100/100
|turn|5
|inactive|absolsfists has 120 seconds left.
|
|t:|1776061795
|-end|p2a: Slither Wing|Protosynthesis|[silent]
|switch|p2a: Alomomola|Alomomola, M|100/100
|move|p1a: Cinderace|Pyro Ball|p2a: Alomomola
|-resisted|p2a: Alomomola
|-damage|p2a: Alomomola|72/100
|
|upkeep
|turn|6
|inactive|absolsfists has 120 seconds left.
|
|t:|1776061810
|switch|p1a: Scizor|Scizor, F, shiny|100/100
|move|p2a: Alomomola|Wish|p2a: Alomomola
|
|upkeep
|turn|7
|inactive|eatkickfightworld has 90 seconds left.
|
|t:|1776061855
|move|p2a: Alomomola|Scald|p1a: Scizor
|-damage|p1a: Scizor|85/100
|move|p1a: Scizor|Dual Wingbeat|p2a: Alomomola
|-damage|p2a: Alomomola|56/100
|-damage|p1a: Scizor|69/100|[from] item: Rocky Helmet|[of] p2a: Alomomola
|-damage|p2a: Alomomola|40/100
|-damage|p1a: Scizor|52/100|[from] item: Rocky Helmet|[of] p2a: Alomomola
|-hitcount|p2a: Alomomola|2
|
|-heal|p2a: Alomomola|90/100|[from] move: Wish|[wisher] Alomomola
|-heal|p1a: Scizor|58/100|[from] item: Leftovers
|upkeep
|turn|8
|
|t:|1776061869
|switch|p1a: Entei|Entei, shiny|100/100
|move|p2a: Alomomola|Scald|p1a: Entei
|-supereffective|p1a: Entei
|-damage|p1a: Entei|71/100
|
|-heal|p1a: Entei|77/100|[from] item: Leftovers
|upkeep
|turn|9
|
|t:|1776061881
|move|p1a: Entei|Substitute|p1a: Entei
|-start|p1a: Entei|Substitute
|-damage|p1a: Entei|52/100
|move|p2a: Alomomola|Flip Turn|p1a: Entei
|-supereffective|p1a: Entei
|-end|p1a: Entei|Substitute
|inactive|absolsfists has 120 seconds left.
|
|t:|1776061898
|switch|p2a: Ting-Lu|Ting-Lu|100/100|[from] Flip Turn
|-ability|p2a: Ting-Lu|Vessel of Ruin
|
|-heal|p1a: Entei|58/100|[from] item: Leftovers
|upkeep
|turn|10
|inactive|eatkickfightworld has 90 seconds left.
|
|t:|1776061913
|move|p1a: Entei|Sacred Fire|p2a: Ting-Lu
|-damage|p2a: Ting-Lu|80/100
|-status|p2a: Ting-Lu|brn
|move|p2a: Ting-Lu|Earthquake|p1a: Entei
|-supereffective|p1a: Entei
|-damage|p1a: Entei|18/100
|
|-heal|p1a: Entei|24/100|[from] item: Leftovers
|-heal|p2a: Ting-Lu|86/100 brn|[from] item: Leftovers
|-damage|p2a: Ting-Lu|80/100 brn|[from] brn
|upkeep
|turn|11
|
|t:|1776061924
|move|p1a: Entei|Sacred Fire|p2a: Ting-Lu
|-damage|p2a: Ting-Lu|59/100 brn
|move|p2a: Ting-Lu|Earthquake|p1a: Entei
|-supereffective|p1a: Entei
|-damage|p1a: Entei|0 fnt
|faint|p1a: Entei
|
|-heal|p2a: Ting-Lu|65/100 brn|[from] item: Leftovers
|-damage|p2a: Ting-Lu|59/100 brn|[from] brn
|upkeep
|
|t:|1776061932
|switch|p1a: Weavile|Weavile, F, shiny|100/100
|-ability|p1a: Weavile|Pressure
|turn|12
|
|t:|1776061939
|switch|p2a: Alomomola|Alomomola, M|100/100
|move|p1a: Weavile|Fake Out|p2a: Alomomola
|-damage|p2a: Alomomola|88/100
|-damage|p1a: Weavile|84/100|[from] item: Rocky Helmet|[of] p2a: Alomomola
|-damage|p1a: Weavile|74/100|[from] item: Life Orb
|
|upkeep
|turn|13
|inactive|eatkickfightworld has 90 seconds left.
|
|t:|1776061945
|move|p1a: Weavile|Knock Off|p2a: Alomomola
|-damage|p2a: Alomomola|45/100
|-damage|p1a: Weavile|58/100|[from] item: Rocky Helmet|[of] p2a: Alomomola
|-enditem|p2a: Alomomola|Rocky Helmet|[from] move: Knock Off|[of] p1a: Weavile
|-damage|p1a: Weavile|48/100|[from] item: Life Orb
|move|p2a: Alomomola|Flip Turn|p1a: Weavile
|-damage|p1a: Weavile|22/100
|
|t:|1776061949
|switch|p2a: Slither Wing|Slither Wing|100/100|[from] Flip Turn
|
|upkeep
|turn|14
|
|t:|1776061964
|switch|p1a: Scizor|Scizor, F, shiny|58/100
|move|p2a: Slither Wing|First Impression|p1a: Scizor
|-resisted|p1a: Scizor
|-damage|p1a: Scizor|33/100
|
|-heal|p1a: Scizor|39/100|[from] item: Leftovers
|upkeep
|turn|15
|
|t:|1776061988
|-end|p2a: Slither Wing|Protosynthesis|[silent]
|switch|p2a: Corviknight|Corviknight, M|100/100
|move|p1a: Scizor|Dual Wingbeat|p2a: Corviknight
|-resisted|p2a: Corviknight
|-damage|p2a: Corviknight|92/100
|-damage|p1a: Scizor|23/100|[from] item: Rocky Helmet|[of] p2a: Corviknight
|-resisted|p2a: Corviknight
|-damage|p2a: Corviknight|84/100
|-damage|p1a: Scizor|6/100|[from] item: Rocky Helmet|[of] p2a: Corviknight
|-hitcount|p2a: Corviknight|2
|
|-heal|p1a: Scizor|12/100|[from] item: Leftovers
|upkeep
|turn|16
|inactive|eatkickfightworld has 90 seconds left.
|
|t:|1776062012
|switch|p2a: Alomomola|Alomomola, M|78/100
|move|p1a: Scizor|U-turn|p2a: Alomomola
|-damage|p2a: Alomomola|50/100
|
|t:|1776062018
|switch|p1a: Cinderace|Cinderace, M|100/100|[from] U-turn
|
|upkeep
|turn|17
|inactive|eatkickfightworld has 90 seconds left.
|
|t:|1776062034
|switch|p2a: Ting-Lu|Ting-Lu|59/100 brn
|-ability|p2a: Ting-Lu|Vessel of Ruin
|move|p1a: Cinderace|Gunk Shot|p2a: Ting-Lu
|-start|p1a: Cinderace|typechange|Poison|[from] ability: Libero
|-resisted|p2a: Ting-Lu
|-damage|p2a: Ting-Lu|40/100 brn
|
|-heal|p2a: Ting-Lu|46/100 brn|[from] item: Leftovers
|-damage|p2a: Ting-Lu|40/100 brn|[from] brn
|upkeep
|turn|18
|
|t:|1776062043
|switch|p1a: Scizor|Scizor, F, shiny|12/100
|move|p2a: Ting-Lu|Earthquake|p1a: Scizor
|-damage|p1a: Scizor|0 fnt
|faint|p1a: Scizor
|
|-heal|p2a: Ting-Lu|46/100 brn|[from] item: Leftovers
|-damage|p2a: Ting-Lu|40/100 brn|[from] brn
|upkeep
|
|t:|1776062050
|switch|p1a: Weavile|Weavile, F, shiny|22/100
|-ability|p1a: Weavile|Pressure
|turn|19
|inactive|eatkickfightworld has 90 seconds left.
|
|t:|1776062061
|switch|p2a: Corviknight|Corviknight, M|84/100
|move|p1a: Weavile|Icicle Crash|p2a: Corviknight
|-damage|p2a: Corviknight|46/100
|-damage|p1a: Weavile|12/100|[from] item: Life Orb
|
|upkeep
|turn|20
|
|t:|1776062069
|move|p1a: Weavile|Icicle Crash|p2a: Corviknight
|-damage|p2a: Corviknight|4/100
|-damage|p1a: Weavile|2/100|[from] item: Life Orb
|cant|p2a: Corviknight|flinch
|
|upkeep
|turn|21
|
|t:|1776062086
|switch|p1a: Cinderace|Cinderace, M|100/100
|switch|p2a: Slither Wing|Slither Wing|100/100
|
|upkeep
|turn|22
|
|t:|1776062097
|move|p2a: Slither Wing|First Impression|p1a: Cinderace
|-resisted|p1a: Cinderace
|-damage|p1a: Cinderace|67/100
|move|p1a: Cinderace|Pyro Ball|p2a: Slither Wing|[miss]
|-miss|p1a: Cinderace|p2a: Slither Wing
|
|upkeep
|turn|23
|
|t:|1776062113
|-terastallize|p2a: Slither Wing|Fire
|move|p1a: Cinderace|Pyro Ball|p2a: Slither Wing
|-resisted|p2a: Slither Wing
|-damage|p2a: Slither Wing|47/100
|move|p2a: Slither Wing|U-turn|p1a: Cinderace
|-resisted|p1a: Cinderace
|-damage|p1a: Cinderace|40/100
|
|t:|1776062120
|-end|p2a: Slither Wing|Protosynthesis|[silent]
|switch|p2a: Alomomola|Alomomola, M|83/100|[from] U-turn
|
|upkeep
|turn|24
|inactive|eatkickfightworld has 120 seconds left.
|
|t:|1776062126
|move|p1a: Cinderace|Pyro Ball|p2a: Alomomola
|-resisted|p2a: Alomomola
|-damage|p2a: Alomomola|53/100
|move|p2a: Alomomola|Wish|p2a: Alomomola
|
|upkeep
|turn|25
|
|t:|1776062130
|move|p1a: Cinderace|Pyro Ball|p2a: Alomomola
|-resisted|p2a: Alomomola
|-damage|p2a: Alomomola|23/100
|move|p2a: Alomomola|Scald|p1a: Cinderace
|-supereffective|p1a: Cinderace
|-damage|p1a: Cinderace|1/100
|
|-heal|p2a: Alomomola|73/100|[from] move: Wish|[wisher] Alomomola
|upkeep
|turn|26
|
|t:|1776062133
|move|p1a: Cinderace|Pyro Ball|p2a: Alomomola
|-resisted|p2a: Alomomola
|-damage|p2a: Alomomola|41/100
|move|p2a: Alomomola|Flip Turn|p1a: Cinderace
|-supereffective|p1a: Cinderace
|-damage|p1a: Cinderace|0 fnt
|faint|p1a: Cinderace
|
|t:|1776062138
|switch|p2a: Slither Wing|Slither Wing, tera:Fire|47/100|[from] Flip Turn
|
|upkeep
|
|t:|1776062140
|switch|p1a: Weavile|Weavile, F, shiny|2/100
|-ability|p1a: Weavile|Pressure
|turn|27
|
|t:|1776062142
|move|p1a: Weavile|Fake Out|p2a: Slither Wing
|-damage|p2a: Slither Wing|22/100
|-damage|p1a: Weavile|0 fnt|[from] item: Life Orb
|faint|p1a: Weavile
|
|win|absolsfists
|raw|eatkickfightworld's rating: 1144 &rarr; <strong>1120</strong><br />(-24 for losing)
|raw|absolsfists's rating: 1151 &rarr; <strong>1175</strong><br />(+24 for winning)
|l|☆eatkickfightworld
|player|p1|
|l|☆absolsfists
|player|p2|
