|html|<div class="broadcast-blue"><strong>[Gen 9] OU is currently suspecting Tera Blast! For information on how to participate check out the <a href="https://www.smogon.com/tools/suspects/view/200">suspect thread</a>.</strong></div>
|j|☆Dr.Aero
|j|☆Vestio_1
|t:|1776188045
|gametype|singles
|player|p1|Dr.Aero|camper|1144
|player|p2|Vestio_1|1|1180
|gen|9
|tier|[Gen 9] OU
|rated|
|rule|HP Percentage Mod: HP is shown in percentages
|rule|Endless Battle Clause: Forcing endless battles is banned
|rule|Species Clause: Limit one of each Pokémon
|rule|OHKO Clause: OHKO moves are banned
|rule|Evasion Items Clause: Evasion items are banned
|rule|Evasion Moves Clause: Evasion moves are banned
|rule|Evasion Abilities Clause: Evasion abilities are banned
|rule|Sleep Moves Clause: Sleep-inducing moves are banned
|clearpoke
|poke|p1|Heatran, M|
|poke|p1|Corviknight, M|
|poke|p1|Kingambit, M|
|poke|p1|Gliscor, M|
|poke|p1|Iron Crown|
|poke|p1|Raging Bolt|
|poke|p2|Landorus-Therian, M|
|poke|p2|Iron Valiant|
|poke|p2|Great Tusk|
|poke|p2|Garganacl, F|
|poke|p2|Kingambit, F|
|poke|p2|Hoopa-Unbound|
|teampreview
|inactive|Battle timer is ON: inactive players will automatically lose when time's up. (requested by Dr.Aero)
|
|t:|1776188049
|teamsize|p1|6
|teamsize|p2|6
|start
|switch|p1a: Iron Crown|Iron Crown|100/100
|switch|p2a: Landorus|Landorus-Therian, M, shiny|100/100
|-ability|p2a: Landorus|Intimidate|boost
|-unboost|p1a: Iron Crown|atk|1
|turn|1
|
|t:|1776188056
|-end|p1a: Iron Crown|Quark Drive|[silent]
|switch|p1a: Gliscor|Gliscor, M|100/100
|move|p2a: Landorus|Stealth Rock|p1a: Gliscor
|-sidestart|p1: Dr.Aero|move: Stealth Rock
|
|-status|p1a: Gliscor|tox|[from] item: Toxic Orb
|upkeep
|turn|2
|
|t:|1776188065
|move|p2a: Landorus|Taunt|p1a: Gliscor
|-start|p1a: Gliscor|move: Taunt
|cant|p1a: Gliscor|move: Taunt|Toxic
|
|upkeep
|turn|3
|
|t:|1776188074
|move|p2a: Landorus|U-turn|p1a: Gliscor
|-resisted|p1a: Gliscor
|-damage|p1a: Gliscor|93/100 tox
|
|t:|1776188081
|switch|p2a: Hoopa|Hoopa-Unbound|100/100|[from] U-turn
|move|p1a: Gliscor|U-turn|p2a: Hoopa
|-supereffective|p2a: Hoopa
|-damage|p2a: Hoopa|0 fnt
|faint|p2a: Hoopa
|
|t:|1776188089
|switch|p1a: Corviknight|Corviknight, M|100/100|[from] U-turn
|-damage|p1a: Corviknight|88/100|[from] Stealth Rock
|-ability|p1a: Corviknight|Pressure
|
|-heal|p1a: Corviknight|94/100|[from] item: Leftovers
|upkeep
|
|t:|1776188096
|switch|p2a: Garganacl|Garganacl, F, shiny|100/100
|turn|4
|
|t:|1776188102
|switch|p1a: Gliscor|Gliscor, M|93/100 tox
|-damage|p1a: Gliscor|81/100 tox|[from] Stealth Rock
|move|p2a: Garganacl|Salt Cure|p1a: Gliscor
|-damage|p1a: Gliscor|72/100 tox
|-start|p1a: Gliscor|Salt Cure
|
|-heal|p1a: Gliscor|85/100 tox|[from] ability: Poison Heal
|-damage|p1a: Gliscor|72/100 tox|[from] Salt Cure
|upkeep
|turn|5
|
|t:|1776188111
|move|p1a: Gliscor|Knock Off|p2a: Garganacl
|-damage|p2a: Garganacl|85/100
|-enditem|p2a: Garganacl|Leftovers|[from] move: Knock Off|[of] p1a: Gliscor
|move|p2a: Garganacl|Rock Blast|p1a: Gliscor
|-damage|p1a: Gliscor|67/100 tox
|-damage|p1a: Gliscor|62/100 tox
|-hitcount|p1a: Gliscor|2
|
|-heal|p1a: Gliscor|74/100 tox|[from] ability: Poison Heal
|-damage|p1a: Gliscor|62/100 tox|[from] Salt Cure
|upkeep
|turn|6
|
|t:|1776188121
|move|p1a: Gliscor|U-turn|p2a: Garganacl
|-damage|p2a: Garganacl|75/100
|
|t:|1776188124
|switch|p1a: Iron Crown|Iron Crown|100/100|[from] U-turn
|-damage|p1a: Iron Crown|94/100|[from] Stealth Rock
|move|p2a: Garganacl|Rock Blast|p1a: Iron Crown
|-resisted|p1a: Iron Crown
|-damage|p1a: Iron Crown|90/100
|-resisted|p1a: Iron Crown
|-damage|p1a: Iron Crown|86/100
|-resisted|p1a: Iron Crown
|-damage|p1a: Iron Crown|82/100
|-hitcount|p1a: Iron Crown|3
|
|upkeep
|turn|7
|
|t:|1776188138
|switch|p2a: Iron Valiant|Iron Valiant, shiny|100/100
|-enditem|p2a: Iron Valiant|Booster Energy
|-activate|p2a: Iron Valiant|ability: Quark Drive|[fromitem]
|-start|p2a: Iron Valiant|quarkdrivespe
|move|p1a: Iron Crown|Tachyon Cutter|p2a: Iron Valiant
|-supereffective|p2a: Iron Valiant
|-damage|p2a: Iron Valiant|0 fnt
|faint|p2a: Iron Valiant
|-end|p2a: Iron Valiant|Quark Drive|[silent]
|-hitcount|p2: Iron Valiant|1
|
|upkeep
|
|t:|1776188151
|switch|p2a: Great Tusk|Great Tusk|100/100
|-enditem|p2a: Great Tusk|Booster Energy
|-activate|p2a: Great Tusk|ability: Protosynthesis|[fromitem]
|-start|p2a: Great Tusk|protosynthesisatk
|turn|8
|
|t:|1776188157
|-end|p1a: Iron Crown|Quark Drive|[silent]
|switch|p1a: Gliscor|Gliscor, M|62/100 tox
|-damage|p1a: Gliscor|49/100 tox|[from] Stealth Rock
|-terastallize|p2a: Great Tusk|Ground
|move|p2a: Great Tusk|Rapid Spin|p1a: Gliscor
|-damage|p1a: Gliscor|36/100 tox
|-boost|p2a: Great Tusk|spe|1
|
|-heal|p1a: Gliscor|49/100 tox|[from] ability: Poison Heal
|upkeep
|turn|9
|
|t:|1776188169
|move|p1a: Gliscor|Protect|p1a: Gliscor
|-singleturn|p1a: Gliscor|Protect
|move|p2a: Great Tusk|Knock Off|p1a: Gliscor
|-activate|p1a: Gliscor|move: Protect
|
|-heal|p1a: Gliscor|61/100 tox|[from] ability: Poison Heal
|upkeep
|turn|10
|
|t:|1776188176
|move|p2a: Great Tusk|Knock Off|p1a: Gliscor
|-damage|p1a: Gliscor|36/100 tox
|-enditem|p1a: Gliscor|Toxic Orb|[from] move: Knock Off|[of] p2a: Great Tusk
|move|p1a: Gliscor|Toxic|p2a: Great Tusk
|-status|p2a: Great Tusk|tox
|
|-damage|p2a: Great Tusk|94/100 tox|[from] psn
|-heal|p1a: Gliscor|48/100 tox|[from] ability: Poison Heal
|upkeep
|turn|11
|
|t:|1776188186
|move|p1a: Gliscor|Protect|p1a: Gliscor
|-singleturn|p1a: Gliscor|Protect
|move|p2a: Great Tusk|Knock Off|p1a: Gliscor
|-activate|p1a: Gliscor|move: Protect
|
|-damage|p2a: Great Tusk|82/100 tox|[from] psn
|-heal|p1a: Gliscor|61/100 tox|[from] ability: Poison Heal
|upkeep
|turn|12
|
|t:|1776188194
|move|p2a: Great Tusk|Knock Off|p1a: Gliscor
|-damage|p1a: Gliscor|44/100 tox
|move|p1a: Gliscor|Knock Off|p2a: Great Tusk
|-damage|p2a: Great Tusk|71/100 tox
|
|-damage|p2a: Great Tusk|52/100 tox|[from] psn
|-heal|p1a: Gliscor|56/100 tox|[from] ability: Poison Heal
|upkeep
|turn|13
|
|t:|1776188202
|move|p1a: Gliscor|Protect|p1a: Gliscor
|-singleturn|p1a: Gliscor|Protect
|move|p2a: Great Tusk|Knock Off|p1a: Gliscor
|-activate|p1a: Gliscor|move: Protect
|
|-damage|p2a: Great Tusk|27/100 tox|[from] psn
|-heal|p1a: Gliscor|69/100 tox|[from] ability: Poison Heal
|upkeep
|turn|14
|
|t:|1776188212
|move|p2a: Great Tusk|Close Combat|p1a: Gliscor
|-resisted|p1a: Gliscor
|-damage|p1a: Gliscor|42/100 tox
|-unboost|p2a: Great Tusk|def|1
|-unboost|p2a: Great Tusk|spd|1
|move|p1a: Gliscor|Knock Off|p2a: Great Tusk
|-crit|p2a: Great Tusk
|-damage|p2a: Great Tusk|3/100 tox
|
|-damage|p2a: Great Tusk|0 fnt|[from] psn
|faint|p2a: Great Tusk
|-end|p2a: Great Tusk|Protosynthesis|[silent]
|-heal|p1a: Gliscor|54/100 tox|[from] ability: Poison Heal
|upkeep
|
|t:|1776188224
|switch|p2a: Garganacl|Garganacl, F, shiny|75/100
|turn|15
|
|t:|1776188227
|move|p1a: Gliscor|Protect|p1a: Gliscor
|-singleturn|p1a: Gliscor|Protect
|move|p2a: Garganacl|Salt Cure|p1a: Gliscor
|-activate|p1a: Gliscor|move: Protect
|
|-heal|p1a: Gliscor|67/100 tox|[from] ability: Poison Heal
|upkeep
|turn|16
|
|t:|1776188248
|move|p1a: Gliscor|Knock Off|p2a: Garganacl
|-damage|p2a: Garganacl|65/100
|move|p2a: Garganacl|Salt Cure|p1a: Gliscor
|-damage|p1a: Gliscor|58/100 tox
|-start|p1a: Gliscor|Salt Cure
|
|-heal|p1a: Gliscor|70/100 tox|[from] ability: Poison Heal
|-damage|p1a: Gliscor|58/100 tox|[from] Salt Cure
|upkeep
|turn|17
|
|t:|1776188270
|move|p1a: Gliscor|U-turn|p2a: Garganacl
|-damage|p2a: Garganacl|55/100
|
|t:|1776188273
|switch|p1a: Iron Crown|Iron Crown|82/100|[from] U-turn
|-damage|p1a: Iron Crown|76/100|[from] Stealth Rock
|move|p2a: Garganacl|Rock Blast|p1a: Iron Crown
|-resisted|p1a: Iron Crown
|-damage|p1a: Iron Crown|72/100
|-resisted|p1a: Iron Crown
|-damage|p1a: Iron Crown|68/100
|-hitcount|p1a: Iron Crown|2
|
|upkeep
|turn|18
|
|t:|1776188286
|move|p1a: Iron Crown|Tachyon Cutter|p2a: Garganacl
|-supereffective|p2a: Garganacl
|-damage|p2a: Garganacl|20/100
|-supereffective|p2a: Garganacl
|-damage|p2a: Garganacl|0 fnt
|faint|p2a: Garganacl
|-hitcount|p2: Garganacl|2
|
|upkeep
|
|t:|1776188294
|switch|p2a: Landorus|Landorus-Therian, M, shiny|100/100
|-ability|p2a: Landorus|Intimidate|boost
|-unboost|p1a: Iron Crown|atk|1
|turn|19
|
|t:|1776188301
|-end|p1a: Iron Crown|Quark Drive|[silent]
|switch|p1a: Corviknight|Corviknight, M|94/100
|-damage|p1a: Corviknight|82/100|[from] Stealth Rock
|-ability|p1a: Corviknight|Pressure
|move|p2a: Landorus|Taunt|p1a: Corviknight
|-start|p1a: Corviknight|move: Taunt
|
|-heal|p1a: Corviknight|88/100|[from] item: Leftovers
|upkeep
|turn|20
|
|t:|1776188310
|move|p2a: Landorus|U-turn|p1a: Corviknight
|-resisted|p1a: Corviknight
|-damage|p1a: Corviknight|84/100
|
|t:|1776188313
|switch|p2a: Kingambit|Kingambit, F, shiny|100/100|[from] U-turn
|-activate|p2a: Kingambit|ability: Supreme Overlord
|-start|p2a: Kingambit|fallen4|[silent]
|move|p1a: Corviknight|U-turn|p2a: Kingambit
|-damage|p2a: Kingambit|89/100
|
|t:|1776188316
|switch|p1a: Heatran|Heatran, M|100/100|[from] U-turn
|-damage|p1a: Heatran|88/100|[from] Stealth Rock
|
|-heal|p2a: Kingambit|95/100|[from] item: Leftovers
|-heal|p1a: Heatran|94/100|[from] item: Leftovers
|upkeep
|turn|21
|
|t:|1776188326
|move|p2a: Kingambit|Sucker Punch||[still]
|-fail|p2a: Kingambit
|move|p1a: Heatran|Will-O-Wisp|p2a: Kingambit
|-status|p2a: Kingambit|brn
|
|-heal|p2a: Kingambit|100/100 brn|[from] item: Leftovers
|-heal|p1a: Heatran|100/100|[from] item: Leftovers
|-damage|p2a: Kingambit|94/100 brn|[from] brn
|upkeep
|turn|22
|
|t:|1776188334
|move|p2a: Kingambit|Sucker Punch|p1a: Heatran
|-damage|p1a: Heatran|78/100
|move|p1a: Heatran|Earth Power|p2a: Kingambit
|-supereffective|p2a: Kingambit
|-damage|p2a: Kingambit|43/100 brn
|-unboost|p2a: Kingambit|spd|1
|
|-heal|p2a: Kingambit|50/100 brn|[from] item: Leftovers
|-heal|p1a: Heatran|84/100|[from] item: Leftovers
|-damage|p2a: Kingambit|43/100 brn|[from] brn
|upkeep
|turn|23
|
|t:|1776188345
|move|p2a: Kingambit|Kowtow Cleave|p1a: Heatran
|-damage|p1a: Heatran|54/100
|move|p1a: Heatran|Earth Power|p2a: Kingambit
|-supereffective|p2a: Kingambit
|-damage|p2a: Kingambit|0 fnt
|faint|p2a: Kingambit
|-end|p2a: Kingambit|fallen4|[silent]
|
|-heal|p1a: Heatran|61/100|[from] item: Leftovers
|upkeep
|-message|Vestio_1 forfeited.
|
|win|Dr.Aero
|raw|Dr.Aero's rating: 1144 &rarr; <strong>1172</strong><br />(+28 for winning)
|raw|Vestio_1's rating: 1180 &rarr; <strong>1152</strong><br />(-28 for losing)
|l|☆Vestio_1
|player|p2|
