|html|<div class="broadcast-blue"><strong>[Gen 9] OU is currently suspecting Volcarona! For information on how to participate check out the <a href="https://www.smogon.com/tools/suspects/view/208">suspect thread</a>.</strong></div>
|j|☆cigbock7
|j|☆trashcan_343
|t:|1778509973
|gametype|singles
|player|p1|cigbock7|lusamine-nihilego|1408
|player|p2|trashcan_343|265|1436
|gen|9
|tier|[Gen 9] OU
|rated|
|rule|HP Percentage Mod: HP is shown in percentages
|rule|Endless Battle Clause: Forcing endless battles is banned
|rule|Species Clause: Limit one of each Pokémon
|rule|OHKO Clause: OHKO moves are banned
|rule|Evasion Items Clause: Evasion items are banned
|rule|Evasion Moves Clause: Evasion moves are banned
|rule|Evasion Abilities Clause: Evasion abilities are banned
|rule|Sleep Moves Clause: Sleep-inducing moves are banned
|clearpoke
|poke|p1|Volcarona, F|
|poke|p1|Walking Wake|
|poke|p1|Zamazenta-*|
|poke|p1|Corviknight, F|
|poke|p1|Hatterene, F|
|poke|p1|Ting-Lu|
|poke|p2|Metagross|
|poke|p2|Hippowdon, F|
|poke|p2|Ogerpon-Cornerstone, F|
|poke|p2|Goodra-Hisui, M|
|poke|p2|Mandibuzz, F|
|poke|p2|Garganacl, F|
|teampreview
|inactive|Battle timer is ON: inactive players will automatically lose when time's up. (requested by cigbock7)
|
|t:|1778509983
|teamsize|p1|6
|teamsize|p2|6
|start
|switch|p1a: Walking Wake|Walking Wake|100/100
|switch|p2a: Ogerpon|Ogerpon-Cornerstone, F|100/100
|turn|1
|
|t:|1778509990
|-end|p1a: Walking Wake|Protosynthesis|[silent]
|switch|p1a: Corviknight|Corviknight, F|100/100
|-ability|p1a: Corviknight|Pressure
|move|p2a: Ogerpon|Ivy Cudgel|p1a: Corviknight|[anim] Ivy Cudgel Rock
|-crit|p1a: Corviknight
|-damage|p1a: Corviknight|44/100
|
|upkeep
|turn|2
|
|t:|1778509996
|-terastallize|p2a: Ogerpon|Rock
|detailschange|p2a: Ogerpon|Ogerpon-Cornerstone-Tera, F, tera:Rock
|-ability|p2a: Ogerpon|Embody Aspect (Cornerstone)|boost
|-boost|p2a: Ogerpon|def|1
|move|p2a: Ogerpon|Ivy Cudgel|p1a: Corviknight|[anim] Ivy Cudgel Rock
|-damage|p1a: Corviknight|0 fnt
|faint|p1a: Corviknight
|
|upkeep
|
|t:|1778510015
|switch|p1a: Walking Wake|Walking Wake|100/100
|turn|3
|
|t:|1778510022
|move|p2a: Ogerpon|Ivy Cudgel|p1a: Walking Wake|[anim] Ivy Cudgel Rock
|-damage|p1a: Walking Wake|7/100
|move|p1a: Walking Wake|Surf|p2a: Ogerpon
|-supereffective|p2a: Ogerpon
|-damage|p2a: Ogerpon|1/100
|
|upkeep
|turn|4
|
|t:|1778510039
|move|p2a: Ogerpon|Horn Leech|p1a: Walking Wake
|-damage|p1a: Walking Wake|0 fnt
|-heal|p2a: Ogerpon|5/100|[from] drain|[of] p1a: Walking Wake
|faint|p1a: Walking Wake
|-end|p1a: Walking Wake|Protosynthesis|[silent]
|
|upkeep
|
|t:|1778510047
|switch|p1a: Zamazenta|Zamazenta|100/100
|-ability|p1a: Zamazenta|Dauntless Shield|boost
|-boost|p1a: Zamazenta|def|1
|turn|5
|
|t:|1778510059
|switch|p2a: Mandibuzz|Mandibuzz, F|100/100
|move|p1a: Zamazenta|Iron Defense|p1a: Zamazenta
|-boost|p1a: Zamazenta|def|2
|
|upkeep
|turn|6
|
|t:|1778510064
|move|p1a: Zamazenta|Iron Defense|p1a: Zamazenta
|-boost|p1a: Zamazenta|def|2
|move|p2a: Mandibuzz|Toxic|p1a: Zamazenta
|-status|p1a: Zamazenta|tox
|
|-damage|p1a: Zamazenta|94/100 tox|[from] psn
|upkeep
|turn|7
|
|t:|1778510068
|switch|p2a: Pink Salt|Garganacl, F|100/100
|move|p1a: Zamazenta|Body Press|p2a: Pink Salt
|-supereffective|p2a: Pink Salt
|-damage|p2a: Pink Salt|0 fnt
|-damage|p1a: Zamazenta|78/100 tox|[from] item: Rocky Helmet|[of] p2a: Pink Salt
|faint|p2a: Pink Salt
|
|-heal|p1a: Zamazenta|84/100 tox|[from] item: Leftovers
|-damage|p1a: Zamazenta|72/100 tox|[from] psn
|upkeep
|
|t:|1778510076
|switch|p2a: Hippowdon|Hippowdon, F|100/100
|-weather|Sandstorm|[from] ability: Sand Stream|[of] p2a: Hippowdon
|turn|8
|
|t:|1778510080
|move|p1a: Zamazenta|Body Press|p2a: Hippowdon
|-damage|p2a: Hippowdon|38/100
|move|p2a: Hippowdon|Slack Off|p2a: Hippowdon
|-heal|p2a: Hippowdon|88/100
|
|-weather|Sandstorm|[upkeep]
|-damage|p1a: Zamazenta|65/100 tox|[from] Sandstorm
|-heal|p1a: Zamazenta|72/100 tox|[from] item: Leftovers
|-damage|p1a: Zamazenta|53/100 tox|[from] psn
|upkeep
|turn|9
|
|t:|1778510090
|move|p2a: Hippowdon|Slack Off|p2a: Hippowdon
|-heal|p2a: Hippowdon|100/100
|move|p1a: Zamazenta|Roar|p2a: Hippowdon
|drag|p2a: Ogerpon|Ogerpon-Cornerstone-Tera, F, tera:Rock|5/100
|-ability|p2a: Ogerpon|Embody Aspect (Cornerstone)|boost
|-boost|p2a: Ogerpon|def|1
|
|-weather|Sandstorm|[upkeep]
|-damage|p1a: Zamazenta|47/100 tox|[from] Sandstorm
|-heal|p1a: Zamazenta|53/100 tox|[from] item: Leftovers
|-damage|p1a: Zamazenta|28/100 tox|[from] psn
|upkeep
|turn|10
|
|t:|1778510096
|move|p1a: Zamazenta|Body Press|p2a: Ogerpon
|-supereffective|p2a: Ogerpon
|-damage|p2a: Ogerpon|0 fnt
|faint|p2a: Ogerpon
|detailschange|p2: Ogerpon|Ogerpon-Cornerstone, F|[silent]
|
|-weather|Sandstorm|[upkeep]
|-damage|p1a: Zamazenta|22/100 tox|[from] Sandstorm
|-heal|p1a: Zamazenta|28/100 tox|[from] item: Leftovers
|-damage|p1a: Zamazenta|0 fnt|[from] psn
|faint|p1a: Zamazenta
|upkeep
|
|t:|1778510104
|switch|p1a: Volcarona|Volcarona, F|100/100
|switch|p2a: Mandibuzz|Mandibuzz, F|100/100
|turn|11
|
|t:|1778510109
|switch|p1a: Hatterene|Hatterene, F|100/100
|move|p2a: Mandibuzz|Toxic|p1a: Hatterene
|move|p1a: Hatterene|Toxic|p2a: Mandibuzz|[from] ability: Magic Bounce
|-status|p2a: Mandibuzz|tox
|
|-weather|Sandstorm|[upkeep]
|-damage|p1a: Hatterene|95/100|[from] Sandstorm
|-damage|p2a: Mandibuzz|94/100 tox|[from] psn
|upkeep
|turn|12
|
|t:|1778510120
|switch|p2a: Metagross|Metagross|100/100
|move|p1a: Hatterene|Draining Kiss|p2a: Metagross
|-resisted|p2a: Metagross
|-damage|p2a: Metagross|88/100
|-heal|p1a: Hatterene|100/100|[from] drain|[of] p2a: Metagross
|
|-weather|none
|upkeep
|turn|13
|
|t:|1778510128
|switch|p1a: Volcarona|Volcarona, F|100/100
|move|p2a: Metagross|Heavy Slam|p1a: Volcarona
|-resisted|p1a: Volcarona
|-damage|p1a: Volcarona|55/100
|-status|p2a: Metagross|brn|[from] ability: Flame Body|[of] p1a: Volcarona
|
|-damage|p2a: Metagross|82/100 brn|[from] brn
|upkeep
|turn|14
|
|t:|1778510137
|move|p1a: Volcarona|Morning Sun|p1a: Volcarona
|-heal|p1a: Volcarona|100/100
|move|p2a: Metagross|Earthquake|p1a: Volcarona
|-damage|p1a: Volcarona|79/100
|
|-damage|p2a: Metagross|76/100 brn|[from] brn
|upkeep
|turn|15
|
|t:|1778510142
|move|p1a: Volcarona|Quiver Dance|p1a: Volcarona
|-boost|p1a: Volcarona|spa|1
|-boost|p1a: Volcarona|spd|1
|-boost|p1a: Volcarona|spe|1
|move|p2a: Metagross|Heavy Slam|p1a: Volcarona
|-resisted|p1a: Volcarona
|-damage|p1a: Volcarona|57/100
|
|-damage|p2a: Metagross|70/100 brn|[from] brn
|upkeep
|turn|16
|
|t:|1778510149
|switch|p2a: Snail|Goodra-Hisui, M|100/100
|move|p1a: Volcarona|Quiver Dance|p1a: Volcarona
|-boost|p1a: Volcarona|spa|1
|-boost|p1a: Volcarona|spd|1
|-boost|p1a: Volcarona|spe|1
|
|upkeep
|turn|17
|
|t:|1778510153
|move|p1a: Volcarona|Flamethrower|p2a: Snail
|-damage|p2a: Snail|65/100
|move|p2a: Snail|Thunderbolt|p1a: Volcarona
|-crit|p1a: Volcarona
|-damage|p1a: Volcarona|17/100
|
|upkeep
|turn|18
|
|t:|1778510159
|move|p1a: Volcarona|Morning Sun|p1a: Volcarona
|-heal|p1a: Volcarona|67/100
|move|p2a: Snail|Thunderbolt|p1a: Volcarona
|-damage|p1a: Volcarona|52/100
|
|upkeep
|turn|19
|
|t:|1778510161
|move|p1a: Volcarona|Morning Sun|p1a: Volcarona
|-heal|p1a: Volcarona|100/100
|move|p2a: Snail|Thunderbolt|p1a: Volcarona
|-damage|p1a: Volcarona|86/100
|
|upkeep
|turn|20
|
|t:|1778510166
|move|p1a: Volcarona|Quiver Dance|p1a: Volcarona
|-boost|p1a: Volcarona|spa|1
|-boost|p1a: Volcarona|spd|1
|-boost|p1a: Volcarona|spe|1
|move|p2a: Snail|Thunderbolt|p1a: Volcarona
|-damage|p1a: Volcarona|75/100
|
|upkeep
|turn|21
|
|t:|1778510169
|move|p1a: Volcarona|Quiver Dance|p1a: Volcarona
|-boost|p1a: Volcarona|spa|1
|-boost|p1a: Volcarona|spd|1
|-boost|p1a: Volcarona|spe|1
|move|p2a: Snail|Thunderbolt|p1a: Volcarona
|-damage|p1a: Volcarona|66/100
|
|upkeep
|turn|22
|
|t:|1778510176
|move|p1a: Volcarona|Flamethrower|p2a: Snail
|-damage|p2a: Snail|16/100
|-status|p2a: Snail|brn
|move|p2a: Snail|Thunderbolt|p1a: Volcarona
|-damage|p1a: Volcarona|57/100
|
|-damage|p2a: Snail|10/100 brn|[from] brn
|upkeep
|turn|23
|
|t:|1778510185
|move|p1a: Volcarona|Flamethrower|p2a: Snail
|-damage|p2a: Snail|0 fnt
|faint|p2a: Snail
|
|upkeep
|-message|trashcan_343 forfeited.
|
|win|cigbock7
|raw|cigbock7's rating: 1408 &rarr; <strong>1430</strong><br />(+22 for winning)
|raw|trashcan_343's rating: 1436 &rarr; <strong>1414</strong><br />(-22 for losing)
|l|☆trashcan_343
|player|p2|
