|html|<div class="broadcast-blue"><strong>[Gen 9] OU is currently suspecting Tera Blast! For information on how to participate check out the <a href="https://www.smogon.com/tools/suspects/view/200">suspect thread</a>.</strong></div>
|j|☆ilabchknnuggets
|j|☆Cycling ovo
|t:|1776147668
|gametype|singles
|player|p1|ilabchknnuggets|hooligans|1392
|player|p2|Cycling ovo|wallace|1376
|gen|9
|tier|[Gen 9] OU
|rated|
|rule|HP Percentage Mod: HP is shown in percentages
|rule|Endless Battle Clause: Forcing endless battles is banned
|rule|Species Clause: Limit one of each Pokémon
|rule|OHKO Clause: OHKO moves are banned
|rule|Evasion Items Clause: Evasion items are banned
|rule|Evasion Moves Clause: Evasion moves are banned
|rule|Evasion Abilities Clause: Evasion abilities are banned
|rule|Sleep Moves Clause: Sleep-inducing moves are banned
|clearpoke
|poke|p1|Deoxys-Speed|
|poke|p1|Ceruledge, M|
|poke|p1|Zamazenta-*|
|poke|p1|Ogerpon-Wellspring, F|
|poke|p1|Glimmora, F|
|poke|p1|Moltres-Galar|
|poke|p2|Pelipper, M|
|poke|p2|Raging Bolt|
|poke|p2|Overqwil, F|
|poke|p2|Barraskewda, F|
|poke|p2|Iron Treads|
|poke|p2|Kingambit, F|
|teampreview
|inactive|Battle timer is ON: inactive players will automatically lose when time's up. (requested by ilabchknnuggets)
|
|t:|1776147682
|teamsize|p1|6
|teamsize|p2|6
|start
|switch|p1a: Deoxys|Deoxys-Speed, shiny|100/100
|switch|p2a: Pelipper|Pelipper, M|100/100
|-ability|p1a: Deoxys|Pressure
|-weather|RainDance|[from] ability: Drizzle|[of] p2a: Pelipper
|turn|1
|
|t:|1776147690
|move|p1a: Deoxys|Light Screen|p1a: Deoxys
|-sidestart|p1: ilabchknnuggets|move: Light Screen
|move|p2a: Pelipper|U-turn|p1a: Deoxys
|-supereffective|p1a: Deoxys
|-damage|p1a: Deoxys|79/100
|
|t:|1776147703
|switch|p2a: Overqwil|Overqwil, F|100/100|[from] U-turn
|
|-weather|RainDance|[upkeep]
|upkeep
|turn|2
|
|t:|1776147717
|-terastallize|p2a: Overqwil|Water
|move|p2a: Overqwil|Gunk Shot|p1a: Deoxys
|-damage|p1a: Deoxys|0 fnt
|faint|p1a: Deoxys
|-damage|p2a: Overqwil|91/100|[from] item: Life Orb
|
|-weather|RainDance|[upkeep]
|upkeep
|
|t:|1776147724
|switch|p1a: Ogerpon|Ogerpon-Wellspring, F|100/100
|turn|3
|inactive|Cycling ovo has 120 seconds left.
|
|t:|1776147758
|switch|p2a: Raging Bolt|Raging Bolt|100/100
|-enditem|p2a: Raging Bolt|Booster Energy
|-activate|p2a: Raging Bolt|ability: Protosynthesis|[fromitem]
|-start|p2a: Raging Bolt|protosynthesisspa
|-terastallize|p1a: Ogerpon|Water
|detailschange|p1a: Ogerpon|Ogerpon-Wellspring-Tera, F, tera:Water
|-ability|p1a: Ogerpon|Embody Aspect (Wellspring)|boost
|-boost|p1a: Ogerpon|spd|1
|move|p1a: Ogerpon|Swords Dance|p1a: Ogerpon
|-boost|p1a: Ogerpon|atk|2
|
|-weather|RainDance|[upkeep]
|upkeep
|turn|4
|inactive|Cycling ovo has 120 seconds left.
|
|t:|1776147779
|move|p2a: Raging Bolt|Thunderclap|p1a: Ogerpon
|-supereffective|p1a: Ogerpon
|-damage|p1a: Ogerpon|55/100
|move|p1a: Ogerpon|Play Rough|p2a: Raging Bolt
|-supereffective|p2a: Raging Bolt
|-damage|p2a: Raging Bolt|0 fnt
|faint|p2a: Raging Bolt
|-end|p2a: Raging Bolt|Protosynthesis|[silent]
|
|-weather|RainDance|[upkeep]
|upkeep
|
|t:|1776147797
|switch|p2a: Barraskewda|Barraskewda, F|100/100
|turn|5
|
|t:|1776147801
|move|p2a: Barraskewda|Close Combat|p1a: Ogerpon
|-damage|p1a: Ogerpon|0 fnt
|-unboost|p2a: Barraskewda|def|1
|-unboost|p2a: Barraskewda|spd|1
|faint|p1a: Ogerpon
|detailschange|p1: Ogerpon|Ogerpon-Wellspring, F|[silent]
|
|-weather|RainDance|[upkeep]
|upkeep
|
|t:|1776147812
|switch|p1a: Moltres|Moltres-Galar, shiny|100/100
|turn|6
|inactive|Cycling ovo has 120 seconds left.
|
|t:|1776147831
|switch|p2a: Iron Treads|Iron Treads|100/100
|-enditem|p2a: Iron Treads|Booster Energy
|-activate|p2a: Iron Treads|ability: Quark Drive|[fromitem]
|-start|p2a: Iron Treads|quarkdrivespe
|move|p1a: Moltres|Agility|p1a: Moltres
|-boost|p1a: Moltres|spe|2
|
|-weather|RainDance|[upkeep]
|upkeep
|turn|7
|
|t:|1776147844
|switch|p1a: Glimmora|Glimmora, F, shiny|100/100
|move|p2a: Iron Treads|Knock Off|p1a: Glimmora
|-damage|p1a: Glimmora|74/100
|-activate|p1a: Glimmora|ability: Toxic Debris
|-sidestart|p2: Cycling ovo|move: Toxic Spikes
|-enditem|p1a: Glimmora|Power Herb|[from] move: Knock Off|[of] p2a: Iron Treads
|
|-weather|RainDance|[upkeep]
|upkeep
|turn|8
|
|t:|1776147860
|move|p2a: Iron Treads|Stealth Rock|p1a: Glimmora
|-sidestart|p1: ilabchknnuggets|move: Stealth Rock
|move|p1a: Glimmora|Earth Power|p2a: Iron Treads
|-supereffective|p2a: Iron Treads
|-damage|p2a: Iron Treads|14/100
|
|-weather|none
|-sideend|p1: ilabchknnuggets|move: Light Screen
|upkeep
|turn|9
|
|t:|1776147869
|move|p2a: Iron Treads|Rapid Spin|p1a: Glimmora
|-resisted|p1a: Glimmora
|-damage|p1a: Glimmora|68/100
|-boost|p2a: Iron Treads|spe|1
|-activate|p1a: Glimmora|ability: Toxic Debris
|-sidestart|p2: Cycling ovo|move: Toxic Spikes
|-sideend|p2: Cycling ovo|Toxic Spikes|[from] move: Rapid Spin|[of] p2a: Iron Treads
|move|p1a: Glimmora|Earth Power|p2a: Iron Treads
|-supereffective|p2a: Iron Treads
|-damage|p2a: Iron Treads|0 fnt
|faint|p2a: Iron Treads
|-end|p2a: Iron Treads|Quark Drive|[silent]
|
|upkeep
|
|t:|1776147883
|switch|p2a: Pelipper|Pelipper, M|100/100
|-weather|RainDance|[from] ability: Drizzle|[of] p2a: Pelipper
|turn|10
|
|t:|1776147891
|move|p1a: Glimmora|Meteor Beam||[still]
|-prepare|p1a: Glimmora|Meteor Beam
|-boost|p1a: Glimmora|spa|1
|move|p2a: Pelipper|U-turn|p1a: Glimmora
|-resisted|p1a: Glimmora
|-damage|p1a: Glimmora|63/100
|-activate|p1a: Glimmora|ability: Toxic Debris
|-sidestart|p2: Cycling ovo|move: Toxic Spikes
|inactive|Cycling ovo has 90 seconds left.
|
|t:|1776147925
|switch|p2a: Kingambit|Kingambit, F|100/100|[from] U-turn
|-activate|p2a: Kingambit|ability: Supreme Overlord
|-start|p2a: Kingambit|fallen2|[silent]
|
|-weather|RainDance|[upkeep]
|upkeep
|turn|11
|inactive|Cycling ovo has 90 seconds left.
|
|t:|1776147933
|move|p1a: Glimmora|Meteor Beam|p2a: Kingambit|[from] lockedmove
|-resisted|p2a: Kingambit
|-damage|p2a: Kingambit|57/100
|move|p2a: Kingambit|Iron Head|p1a: Glimmora
|-supereffective|p1a: Glimmora
|-damage|p1a: Glimmora|0 fnt
|-activate|p1a: Glimmora|ability: Toxic Debris
|-sidestart|p2: Cycling ovo|move: Toxic Spikes
|faint|p1a: Glimmora
|
|-weather|RainDance|[upkeep]
|-heal|p2a: Kingambit|63/100|[from] item: Leftovers
|upkeep
|
|t:|1776147937
|switch|p1a: Zamazenta|Zamazenta|100/100
|-damage|p1a: Zamazenta|94/100|[from] Stealth Rock
|-ability|p1a: Zamazenta|Dauntless Shield|boost
|-boost|p1a: Zamazenta|def|1
|turn|12
|
|t:|1776147950
|move|p1a: Zamazenta|Iron Defense|p1a: Zamazenta
|-boost|p1a: Zamazenta|def|2
|move|p2a: Kingambit|Iron Head|p1a: Zamazenta
|-damage|p1a: Zamazenta|73/100
|
|-weather|RainDance|[upkeep]
|-heal|p1a: Zamazenta|79/100|[from] item: Leftovers
|-heal|p2a: Kingambit|70/100|[from] item: Leftovers
|upkeep
|turn|13
|
|t:|1776147957
|move|p1a: Zamazenta|Iron Defense|p1a: Zamazenta
|-boost|p1a: Zamazenta|def|2
|move|p2a: Kingambit|Swords Dance|p2a: Kingambit
|-boost|p2a: Kingambit|atk|2
|
|-weather|RainDance|[upkeep]
|-heal|p1a: Zamazenta|85/100|[from] item: Leftovers
|-heal|p2a: Kingambit|76/100|[from] item: Leftovers
|upkeep
|turn|14
|
|t:|1776147965
|move|p2a: Kingambit|Sucker Punch|p1a: Zamazenta
|-resisted|p1a: Zamazenta
|-damage|p1a: Zamazenta|72/100
|move|p1a: Zamazenta|Body Press|p2a: Kingambit
|-supereffective|p2a: Kingambit
|-damage|p2a: Kingambit|0 fnt
|faint|p2a: Kingambit
|-end|p2a: Kingambit|fallen2|[silent]
|
|-weather|RainDance|[upkeep]
|-heal|p1a: Zamazenta|78/100|[from] item: Leftovers
|upkeep
|
|t:|1776147979
|switch|p2a: Overqwil|Overqwil, F, tera:Water|91/100
|-status|p2a: Overqwil|tox
|turn|15
|
|t:|1776147987
|move|p2a: Overqwil|Liquidation|p1a: Zamazenta
|-damage|p1a: Zamazenta|53/100
|-damage|p2a: Overqwil|81/100 tox|[from] item: Life Orb
|move|p1a: Zamazenta|Body Press|p2a: Overqwil
|-damage|p2a: Overqwil|0 fnt
|faint|p2a: Overqwil
|
|-weather|RainDance|[upkeep]
|-heal|p1a: Zamazenta|59/100|[from] item: Leftovers
|upkeep
|
|t:|1776147997
|switch|p2a: Pelipper|Pelipper, M|100/100
|turn|16
|
|t:|1776148002
|move|p1a: Zamazenta|Body Press|p2a: Pelipper
|-resisted|p2a: Pelipper
|-damage|p2a: Pelipper|62/100
|move|p2a: Pelipper|Hurricane|p1a: Zamazenta
|-supereffective|p1a: Zamazenta
|-damage|p1a: Zamazenta|6/100
|
|-weather|RainDance|[upkeep]
|-heal|p1a: Zamazenta|12/100|[from] item: Leftovers
|upkeep
|turn|17
|
|t:|1776148017
|move|p1a: Zamazenta|Body Press|p2a: Pelipper
|-resisted|p2a: Pelipper
|-damage|p2a: Pelipper|24/100
|move|p2a: Pelipper|Roost|p2a: Pelipper
|-heal|p2a: Pelipper|74/100
|-singleturn|p2a: Pelipper|move: Roost
|
|-weather|none
|-heal|p1a: Zamazenta|18/100|[from] item: Leftovers
|upkeep
|turn|18
|
|t:|1776148030
|move|p1a: Zamazenta|Body Press|p2a: Pelipper
|-resisted|p2a: Pelipper
|-damage|p2a: Pelipper|35/100
|move|p2a: Pelipper|Roost|p2a: Pelipper
|-heal|p2a: Pelipper|85/100
|-singleturn|p2a: Pelipper|move: Roost
|
|-heal|p1a: Zamazenta|24/100|[from] item: Leftovers
|upkeep
|turn|19
|
|t:|1776148040
|move|p1a: Zamazenta|Iron Defense|p1a: Zamazenta
|-boost|p1a: Zamazenta|def|1
|move|p2a: Pelipper|Hurricane|p1a: Zamazenta
|-supereffective|p1a: Zamazenta
|-crit|p1a: Zamazenta
|-damage|p1a: Zamazenta|0 fnt
|faint|p1a: Zamazenta
|
|upkeep
|
|t:|1776148042
|switch|p1a: Ceruledge|Ceruledge, M, shiny|100/100
|-damage|p1a: Ceruledge|76/100|[from] Stealth Rock
|turn|20
|
|t:|1776148053
|move|p1a: Ceruledge|Swords Dance|p1a: Ceruledge
|-boost|p1a: Ceruledge|atk|2
|move|p2a: Pelipper|Hurricane|p1a: Ceruledge
|-damage|p1a: Ceruledge|37/100
|-start|p1a: Ceruledge|confusion
|
|upkeep
|turn|21
|
|t:|1776148064
|switch|p2a: Barraskewda|Barraskewda, F|100/100
|-status|p2a: Barraskewda|tox
|-activate|p1a: Ceruledge|confusion
|move|p1a: Ceruledge|Poltergeist|p2a: Barraskewda
|-activate|p2a: Barraskewda|move: Poltergeist|Choice Band
|-damage|p2a: Barraskewda|0 fnt
|faint|p2a: Barraskewda
|-damage|p1a: Ceruledge|27/100|[from] item: Life Orb
|
|upkeep
|
|t:|1776148076
|switch|p2a: Pelipper|Pelipper, M|85/100
|-weather|RainDance|[from] ability: Drizzle|[of] p2a: Pelipper
|turn|22
|
|t:|1776148082
|-end|p1a: Ceruledge|confusion
|move|p1a: Ceruledge|Shadow Sneak|p2a: Pelipper
|-damage|p2a: Pelipper|43/100
|-damage|p1a: Ceruledge|17/100|[from] item: Life Orb
|move|p2a: Pelipper|Weather Ball|p1a: Ceruledge
|-supereffective|p1a: Ceruledge
|-damage|p1a: Ceruledge|0 fnt
|faint|p1a: Ceruledge
|
|-weather|RainDance|[upkeep]
|upkeep
|
|t:|1776148088
|switch|p1a: Moltres|Moltres-Galar, shiny|100/100
|-damage|p1a: Moltres|75/100|[from] Stealth Rock
|turn|23
|
|t:|1776148096
|move|p1a: Moltres|Nasty Plot|p1a: Moltres
|-boost|p1a: Moltres|spa|2
|move|p2a: Pelipper|Roost|p2a: Pelipper
|-heal|p2a: Pelipper|93/100
|-singleturn|p2a: Pelipper|move: Roost
|
|-weather|RainDance|[upkeep]
|upkeep
|turn|24
|
|t:|1776148106
|move|p1a: Moltres|Fiery Wrath|p2a: Pelipper
|-damage|p2a: Pelipper|0 fnt
|faint|p2a: Pelipper
|
|win|ilabchknnuggets
|raw|ilabchknnuggets's rating: 1392 &rarr; <strong>1411</strong><br />(+19 for winning)
|raw|Cycling ovo's rating: 1376 &rarr; <strong>1357</strong><br />(-19 for losing)
