|html|<div class="broadcast-blue"><strong>[Gen 9] OU is currently suspecting Tera Blast! For information on how to participate check out the <a href="https://www.smogon.com/tools/suspects/view/200">suspect thread</a>.</strong></div>
|j|☆t6eixw1tk1wi6
|j|☆kkkuroi
|t:|1776102457
|gametype|singles
|player|p1|t6eixw1tk1wi6|170|1000
|player|p2|kkkuroi|roark|1000
|gen|9
|tier|[Gen 9] OU
|rated|
|rule|HP Percentage Mod: HP is shown in percentages
|rule|Endless Battle Clause: Forcing endless battles is banned
|rule|Species Clause: Limit one of each Pokémon
|rule|OHKO Clause: OHKO moves are banned
|rule|Evasion Items Clause: Evasion items are banned
|rule|Evasion Moves Clause: Evasion moves are banned
|rule|Evasion Abilities Clause: Evasion abilities are banned
|rule|Sleep Moves Clause: Sleep-inducing moves are banned
|clearpoke
|poke|p1|Skeledirge, F|
|poke|p1|Gliscor, F|
|poke|p1|Garganacl, F|
|poke|p1|Darkrai|
|poke|p1|Gholdengo|
|poke|p1|Blastoise, F|
|poke|p2|Gliscor, F|
|poke|p2|Heatran, M|
|poke|p2|Sinistcha|
|poke|p2|Corviknight, M|
|poke|p2|Tentacruel, F|
|poke|p2|Darkrai|
|teampreview
|
|t:|1776102481
|teamsize|p1|6
|teamsize|p2|6
|start
|switch|p1a: Blastoise|Blastoise, F|100/100
|switch|p2a: TenACruel|Tentacruel, F, shiny|100/100
|turn|1
|
|t:|1776102492
|move|p2a: TenACruel|Knock Off|p1a: Blastoise
|-damage|p1a: Blastoise|85/100
|-enditem|p1a: Blastoise|White Herb|[from] move: Knock Off|[of] p2a: TenACruel
|move|p1a: Blastoise|Shell Smash|p1a: Blastoise
|-unboost|p1a: Blastoise|def|1
|-unboost|p1a: Blastoise|spd|1
|-boost|p1a: Blastoise|atk|2
|-boost|p1a: Blastoise|spa|2
|-boost|p1a: Blastoise|spe|2
|
|upkeep
|turn|2
|
|t:|1776102509
|move|p1a: Blastoise|Dark Pulse|p2a: TenACruel
|-damage|p2a: TenACruel|53/100
|move|p2a: TenACruel|Sludge Bomb|p1a: Blastoise
|-damage|p1a: Blastoise|31/100
|-status|p1a: Blastoise|psn
|
|-damage|p1a: Blastoise|19/100 psn|[from] psn
|upkeep
|turn|3
|
|t:|1776102533
|switch|p2a: Gliskibidy|Gliscor, F|100/100
|move|p1a: Blastoise|Dark Pulse|p2a: Gliskibidy
|-damage|p2a: Gliskibidy|59/100
|
|-damage|p1a: Blastoise|7/100 psn|[from] psn
|-status|p2a: Gliskibidy|tox|[from] item: Toxic Orb
|upkeep
|turn|4
|
|t:|1776102543
|move|p2a: Gliskibidy|Protect|p2a: Gliskibidy
|-singleturn|p2a: Gliskibidy|Protect
|move|p1a: Blastoise|Ice Beam|p2a: Gliskibidy
|-activate|p2a: Gliskibidy|move: Protect
|
|-damage|p1a: Blastoise|0 fnt|[from] psn
|faint|p1a: Blastoise
|-heal|p2a: Gliskibidy|71/100 tox|[from] ability: Poison Heal
|upkeep
|
|t:|1776102550
|switch|p1a: Skeledirge|Skeledirge, F|100/100
|turn|5
|
|t:|1776102561
|-terastallize|p1a: Skeledirge|Water
|move|p2a: Gliskibidy|Earthquake|p1a: Skeledirge
|-damage|p1a: Skeledirge|72/100
|move|p1a: Skeledirge|Torch Song|p2a: Gliskibidy
|-damage|p2a: Gliskibidy|35/100 tox
|-boost|p1a: Skeledirge|spa|1
|-enditem|p1a: Skeledirge|Throat Spray
|-boost|p1a: Skeledirge|spa|1|[from] item: Throat Spray
|
|-heal|p2a: Gliskibidy|48/100 tox|[from] ability: Poison Heal
|upkeep
|turn|6
|
|t:|1776102577
|move|p2a: Gliskibidy|Knock Off|p1a: Skeledirge
|-damage|p1a: Skeledirge|59/100
|move|p1a: Skeledirge|Torch Song|p2a: Gliskibidy
|-damage|p2a: Gliskibidy|0 fnt
|-boost|p1a: Skeledirge|spa|1
|faint|p2a: Gliskibidy
|
|upkeep
|
|t:|1776102625
|switch|p2a: TenACruel|Tentacruel, F, shiny|53/100
|turn|7
|
|t:|1776102632
|move|p2a: TenACruel|Sludge Bomb|p1a: Skeledirge
|-damage|p1a: Skeledirge|28/100
|move|p1a: Skeledirge|Slack Off|p1a: Skeledirge
|-heal|p1a: Skeledirge|79/100
|
|upkeep
|turn|8
|
|t:|1776102640
|move|p2a: TenACruel|Sludge Bomb|p1a: Skeledirge
|-damage|p1a: Skeledirge|46/100
|move|p1a: Skeledirge|Shadow Ball|p2a: TenACruel
|-damage|p2a: TenACruel|0 fnt
|faint|p2a: TenACruel
|
|upkeep
|
|t:|1776102674
|switch|p2a: DreamNotFound|Darkrai|100/100
|turn|9
|
|t:|1776102680
|move|p2a: DreamNotFound|Dark Pulse|p1a: Skeledirge
|-damage|p1a: Skeledirge|3/100
|move|p1a: Skeledirge|Slack Off|p1a: Skeledirge
|-heal|p1a: Skeledirge|53/100
|
|upkeep
|turn|10
|
|t:|1776102690
|-terastallize|p2a: DreamNotFound|Dark
|move|p2a: DreamNotFound|Dark Pulse|p1a: Skeledirge
|-damage|p1a: Skeledirge|0 fnt
|faint|p1a: Skeledirge
|
|upkeep
|
|t:|1776102699
|switch|p1a: Gliscor|Gliscor, F|100/100
|turn|11
|
|t:|1776102711
|move|p2a: DreamNotFound|Ice Beam|p1a: Gliscor
|-supereffective|p1a: Gliscor
|-damage|p1a: Gliscor|0 fnt
|faint|p1a: Gliscor
|
|upkeep
|
|t:|1776102715
|switch|p1a: Garganacl|Garganacl, F|100/100
|turn|12
|
|t:|1776102743
|switch|p2a: Hotran|Heatran, M|100/100
|move|p1a: Garganacl|Curse|p1a: Garganacl
|-unboost|p1a: Garganacl|spe|1
|-boost|p1a: Garganacl|atk|1
|-boost|p1a: Garganacl|def|1
|
|upkeep
|turn|13
|
|t:|1776102754
|move|p2a: Hotran|Will-O-Wisp|p1a: Garganacl
|-immune|p1a: Garganacl|[from] ability: Purifying Salt
|move|p1a: Garganacl|Earthquake|p2a: Hotran
|-supereffective|p2a: Hotran
|-damage|p2a: Hotran|0 fnt
|faint|p2a: Hotran
|
|upkeep
|
|t:|1776102769
|switch|p2a: SinChingar|Sinistcha|100/100
|turn|14
|
|t:|1776102789
|move|p2a: SinChingar|Matcha Gotcha|p1a: Garganacl
|-supereffective|p1a: Garganacl
|-damage|p1a: Garganacl|50/100
|move|p1a: Garganacl|Salt Cure|p2a: SinChingar
|-damage|p2a: SinChingar|85/100
|-start|p2a: SinChingar|Salt Cure
|
|-heal|p1a: Garganacl|56/100|[from] item: Leftovers
|-damage|p2a: SinChingar|73/100|[from] Salt Cure
|upkeep
|turn|15
|
|t:|1776102801
|move|p2a: SinChingar|Strength Sap|p1a: Garganacl
|-unboost|p1a: Garganacl|atk|1
|-heal|p2a: SinChingar|100/100
|move|p1a: Garganacl|Recover|p1a: Garganacl
|-heal|p1a: Garganacl|100/100
|
|-damage|p2a: SinChingar|88/100|[from] Salt Cure
|upkeep
|turn|16
|
|t:|1776102813
|move|p2a: SinChingar|Calm Mind|p2a: SinChingar
|-boost|p2a: SinChingar|spa|1
|-boost|p2a: SinChingar|spd|1
|move|p1a: Garganacl|Curse|p1a: Garganacl
|-unboost|p1a: Garganacl|spe|1
|-boost|p1a: Garganacl|atk|1
|-boost|p1a: Garganacl|def|1
|
|-damage|p2a: SinChingar|76/100|[from] Salt Cure
|upkeep
|turn|17
|
|t:|1776102828
|move|p2a: SinChingar|Calm Mind|p2a: SinChingar
|-boost|p2a: SinChingar|spa|1
|-boost|p2a: SinChingar|spd|1
|move|p1a: Garganacl|Salt Cure|p2a: SinChingar
|-damage|p2a: SinChingar|61/100
|
|-damage|p2a: SinChingar|48/100|[from] Salt Cure
|upkeep
|turn|18
|
|t:|1776102840
|move|p2a: SinChingar|Strength Sap|p1a: Garganacl
|-unboost|p1a: Garganacl|atk|1
|-heal|p2a: SinChingar|100/100
|move|p1a: Garganacl|Curse|p1a: Garganacl
|-unboost|p1a: Garganacl|spe|1
|-boost|p1a: Garganacl|atk|1
|-boost|p1a: Garganacl|def|1
|
|-damage|p2a: SinChingar|88/100|[from] Salt Cure
|upkeep
|turn|19
|
|t:|1776102857
|move|p2a: SinChingar|Matcha Gotcha|p1a: Garganacl
|-supereffective|p1a: Garganacl
|-damage|p1a: Garganacl|8/100
|-heal|p2a: SinChingar|100/100|[from] drain|[of] p1a: Garganacl
|move|p1a: Garganacl|Earthquake|p2a: SinChingar
|-resisted|p2a: SinChingar
|-damage|p2a: SinChingar|87/100
|
|-heal|p1a: Garganacl|15/100|[from] item: Leftovers
|-damage|p2a: SinChingar|75/100|[from] Salt Cure
|upkeep
|turn|20
|
|t:|1776102870
|move|p2a: SinChingar|Calm Mind|p2a: SinChingar
|-boost|p2a: SinChingar|spa|1
|-boost|p2a: SinChingar|spd|1
|move|p1a: Garganacl|Salt Cure|p2a: SinChingar
|-damage|p2a: SinChingar|61/100
|
|-heal|p1a: Garganacl|21/100|[from] item: Leftovers
|-damage|p2a: SinChingar|48/100|[from] Salt Cure
|upkeep
|turn|21
|
|t:|1776102880
|move|p2a: SinChingar|Strength Sap|p1a: Garganacl
|-unboost|p1a: Garganacl|atk|1
|-heal|p2a: SinChingar|100/100
|move|p1a: Garganacl|Recover|p1a: Garganacl
|-heal|p1a: Garganacl|71/100
|
|-heal|p1a: Garganacl|77/100|[from] item: Leftovers
|-damage|p2a: SinChingar|88/100|[from] Salt Cure
|upkeep
|turn|22
|
|t:|1776102891
|move|p2a: SinChingar|Calm Mind|p2a: SinChingar
|-boost|p2a: SinChingar|spa|1
|-boost|p2a: SinChingar|spd|1
|move|p1a: Garganacl|Recover|p1a: Garganacl
|-heal|p1a: Garganacl|100/100
|
|-damage|p2a: SinChingar|76/100|[from] Salt Cure
|upkeep
|turn|23
|
|t:|1776102905
|move|p2a: SinChingar|Strength Sap|p1a: Garganacl
|-unboost|p1a: Garganacl|atk|1
|-heal|p2a: SinChingar|100/100
|move|p1a: Garganacl|Earthquake|p2a: SinChingar
|-resisted|p2a: SinChingar
|-damage|p2a: SinChingar|95/100
|
|-damage|p2a: SinChingar|82/100|[from] Salt Cure
|upkeep
|turn|24
|
|t:|1776102917
|move|p2a: SinChingar|Matcha Gotcha|p1a: Garganacl
|-supereffective|p1a: Garganacl
|-damage|p1a: Garganacl|0 fnt
|-heal|p2a: SinChingar|100/100|[from] drain|[of] p1a: Garganacl
|faint|p1a: Garganacl
|
|-damage|p2a: SinChingar|88/100|[from] Salt Cure
|upkeep
|
|t:|1776102934
|switch|p1a: Darkrai|Darkrai|100/100
|turn|25
|
|t:|1776102946
|move|p1a: Darkrai|Nasty Plot|p1a: Darkrai
|-boost|p1a: Darkrai|spa|2
|move|p2a: SinChingar|Matcha Gotcha|p1a: Darkrai
|-damage|p1a: Darkrai|0 fnt
|-heal|p2a: SinChingar|100/100|[from] drain|[of] p1a: Darkrai
|faint|p1a: Darkrai
|
|-damage|p2a: SinChingar|88/100|[from] Salt Cure
|upkeep
|
|t:|1776102953
|switch|p1a: Gholdengo|Gholdengo|100/100
|-item|p1a: Gholdengo|Air Balloon
|turn|26
|
|t:|1776102961
|move|p1a: Gholdengo|Shadow Ball|p2a: SinChingar
|-supereffective|p2a: SinChingar
|-damage|p2a: SinChingar|57/100
|move|p2a: SinChingar|Matcha Gotcha|p1a: Gholdengo
|-resisted|p1a: Gholdengo
|-damage|p1a: Gholdengo|43/100
|-heal|p2a: SinChingar|83/100|[from] drain|[of] p1a: Gholdengo
|-enditem|p1a: Gholdengo|Air Balloon
|
|-damage|p2a: SinChingar|70/100|[from] Salt Cure
|upkeep
|turn|27
|
|t:|1776102974
|move|p1a: Gholdengo|Nasty Plot|p1a: Gholdengo
|-boost|p1a: Gholdengo|spa|2
|move|p2a: SinChingar|Shadow Ball|p1a: Gholdengo
|-supereffective|p1a: Gholdengo
|-damage|p1a: Gholdengo|0 fnt
|faint|p1a: Gholdengo
|
|win|kkkuroi
|raw|t6eixw1tk1wi6's rating: 1000 &rarr; <strong>1000</strong><br />(+0 for losing)
|raw|kkkuroi's rating: 1000 &rarr; <strong>1040</strong><br />(+40 for winning)
|l|☆t6eixw1tk1wi6
|player|p1|
