|html|<div class="broadcast-blue"><strong>[Gen 9] OU is currently suspecting Volcarona! For information on how to participate check out the <a href="https://www.smogon.com/tools/suspects/view/208">suspect thread</a>.</strong></div>
|j|☆CoolPerson58
|j|☆pscplayer
|t:|1778508870
|gametype|singles
|player|p1|CoolPerson58|hiker-gen4|1118
|player|p2|pscplayer|169|1117
|gen|9
|tier|[Gen 9] OU
|rated|
|rule|HP Percentage Mod: HP is shown in percentages
|rule|Endless Battle Clause: Forcing endless battles is banned
|rule|Species Clause: Limit one of each Pokémon
|rule|OHKO Clause: OHKO moves are banned
|rule|Evasion Items Clause: Evasion items are banned
|rule|Evasion Moves Clause: Evasion moves are banned
|rule|Evasion Abilities Clause: Evasion abilities are banned
|rule|Sleep Moves Clause: Sleep-inducing moves are banned
|clearpoke
|poke|p1|Forretress, F|
|poke|p1|Flapple, F|
|poke|p1|Garchomp, F|
|poke|p1|Scizor, M|
|poke|p1|Deoxys-Speed|
|poke|p1|Jirachi|
|poke|p2|Dragonite, F|
|poke|p2|Great Tusk|
|poke|p2|Deoxys-Speed|
|poke|p2|Gholdengo|
|poke|p2|Zamazenta-*|
|poke|p2|Iron Valiant|
|teampreview
|inactive|Battle timer is ON: inactive players will automatically lose when time's up. (requested by pscplayer)
|
|t:|1778508910
|teamsize|p1|6
|teamsize|p2|6
|start
|switch|p1a: Deoxys|Deoxys-Speed|100/100
|switch|p2a: Deoxys|Deoxys-Speed|100/100
|-ability|p2a: Deoxys|Pressure
|-ability|p1a: Deoxys|Pressure
|turn|1
|
|t:|1778508919
|move|p2a: Deoxys|Taunt|p1a: Deoxys
|-start|p1a: Deoxys|move: Taunt
|cant|p1a: Deoxys|move: Taunt|Gravity
|
|upkeep
|turn|2
|
|t:|1778508930
|switch|p1a: Scizor|Scizor, M|100/100
|move|p2a: Deoxys|Stealth Rock|p1a: Scizor
|-sidestart|p1: CoolPerson58|move: Stealth Rock
|
|upkeep
|turn|3
|
|t:|1778508938
|move|p2a: Deoxys|Spikes|p1a: Scizor
|-sidestart|p1: CoolPerson58|Spikes
|move|p1a: Scizor|U-turn|p2a: Deoxys
|-supereffective|p2a: Deoxys
|-enditem|p2a: Deoxys|Focus Sash
|-damage|p2a: Deoxys|1/100
|
|t:|1778508946
|switch|p1a: Forretress|Forretress, F|100/100|[from] U-turn
|
|upkeep
|turn|4
|
|t:|1778508956
|move|p2a: Deoxys|Taunt|p1a: Forretress
|-start|p1a: Forretress|move: Taunt
|move|p1a: Forretress|Rapid Spin|p2a: Deoxys
|-damage|p2a: Deoxys|0 fnt
|-boost|p1a: Forretress|spe|1
|-sideend|p1: CoolPerson58|Spikes|[from] move: Rapid Spin|[of] p1a: Forretress
|-sideend|p1: CoolPerson58|Stealth Rock|[from] move: Rapid Spin|[of] p1a: Forretress
|faint|p2a: Deoxys
|
|upkeep
|
|t:|1778508966
|switch|p2a: Gholdengo|Gholdengo|100/100
|turn|5
|
|t:|1778508974
|move|p2a: Gholdengo|Nasty Plot|p2a: Gholdengo
|-boost|p2a: Gholdengo|spa|2
|move|p1a: Forretress|Volt Switch|p2a: Gholdengo
|-damage|p2a: Gholdengo|90/100
|inactive|CoolPerson58 has 120 seconds left.
|
|t:|1778509005
|switch|p1a: Scizor|Scizor, M|100/100|[from] Volt Switch
|
|upkeep
|turn|6
|
|t:|1778509015
|move|p2a: Gholdengo|Shadow Ball|p1a: Scizor
|-damage|p1a: Scizor|7/100
|-unboost|p1a: Scizor|spd|1
|move|p1a: Scizor|Knock Off|p2a: Gholdengo
|-supereffective|p2a: Gholdengo
|-damage|p2a: Gholdengo|2/100
|-enditem|p2a: Gholdengo|Custap Berry|[from] move: Knock Off|[of] p1a: Scizor
|
|upkeep
|turn|7
|inactive|CoolPerson58 has 120 seconds left.
|
|t:|1778509037
|switch|p1a: Forretress|Forretress, F|100/100
|move|p2a: Gholdengo|Shadow Ball|p1a: Forretress
|-damage|p1a: Forretress|17/100
|
|upkeep
|turn|8
|
|t:|1778509045
|move|p2a: Gholdengo|Shadow Ball|p1a: Forretress
|-damage|p1a: Forretress|0 fnt
|faint|p1a: Forretress
|
|upkeep
|
|t:|1778509050
|switch|p1a: Scizor|Scizor, M|7/100
|turn|9
|
|t:|1778509060
|move|p1a: Scizor|Bullet Punch|p2a: Gholdengo
|-resisted|p2a: Gholdengo
|-damage|p2a: Gholdengo|0 fnt
|faint|p2a: Gholdengo
|
|upkeep
|
|t:|1778509074
|switch|p2a: Zamazenta|Zamazenta|100/100
|-ability|p2a: Zamazenta|Dauntless Shield|boost
|-boost|p2a: Zamazenta|def|1
|turn|10
|
|t:|1778509085
|switch|p1a: Deoxys|Deoxys-Speed|100/100
|-ability|p1a: Deoxys|Pressure
|move|p2a: Zamazenta|Close Combat|p1a: Deoxys
|-resisted|p1a: Deoxys
|-damage|p1a: Deoxys|49/100
|-unboost|p2a: Zamazenta|def|1
|-unboost|p2a: Zamazenta|spd|1
|-damage|p2a: Zamazenta|91/100|[from] item: Life Orb
|
|upkeep
|turn|11
|
|t:|1778509096
|move|p1a: Deoxys|Psychic|p2a: Zamazenta
|-supereffective|p2a: Zamazenta
|-damage|p2a: Zamazenta|2/100
|move|p2a: Zamazenta|Crunch|p1a: Deoxys
|-supereffective|p1a: Deoxys
|-damage|p1a: Deoxys|0 fnt
|faint|p1a: Deoxys
|-damage|p2a: Zamazenta|0 fnt|[from] item: Life Orb
|faint|p2a: Zamazenta
|
|upkeep
|
|t:|1778509108
|switch|p1a: Jirachi|Jirachi|100/100
|switch|p2a: Great Tusk|Great Tusk|100/100
|-enditem|p2a: Great Tusk|Booster Energy
|-activate|p2a: Great Tusk|ability: Protosynthesis|[fromitem]
|-start|p2a: Great Tusk|protosynthesisspe
|turn|12
|
|t:|1778509121
|move|p2a: Great Tusk|Headlong Rush|p1a: Jirachi
|-supereffective|p1a: Jirachi
|-damage|p1a: Jirachi|8/100
|-unboost|p2a: Great Tusk|def|1
|-unboost|p2a: Great Tusk|spd|1
|move|p1a: Jirachi|Wish|p1a: Jirachi
|
|-heal|p1a: Jirachi|14/100|[from] item: Leftovers
|upkeep
|turn|13
|inactive|CoolPerson58 has 120 seconds left.
|
|t:|1778509150
|move|p2a: Great Tusk|Headlong Rush|p1a: Jirachi
|-supereffective|p1a: Jirachi
|-damage|p1a: Jirachi|0 fnt
|-unboost|p2a: Great Tusk|def|1
|-unboost|p2a: Great Tusk|spd|1
|faint|p1a: Jirachi
|
|upkeep
|inactive|CoolPerson58 has 120 seconds left.
|
|t:|1778509157
|switch|p1a: Scizor|Scizor, M|7/100
|turn|14
|
|t:|1778509171
|move|p1a: Scizor|Bullet Punch|p2a: Great Tusk
|-damage|p2a: Great Tusk|33/100
|move|p2a: Great Tusk|Headlong Rush|p1a: Scizor
|-damage|p1a: Scizor|0 fnt
|-unboost|p2a: Great Tusk|def|1
|-unboost|p2a: Great Tusk|spd|1
|faint|p1a: Scizor
|
|upkeep
|
|t:|1778509186
|switch|p1a: Gojo|Flapple, F|100/100
|turn|15
|
|t:|1778509199
|move|p1a: Gojo|Sucker Punch|p2a: Great Tusk|[miss]
|-miss|p1a: Gojo|p2a: Great Tusk
|move|p2a: Great Tusk|Ice Spinner|p1a: Gojo
|-supereffective|p1a: Gojo
|-damage|p1a: Gojo|0 fnt
|faint|p1a: Gojo
|
|upkeep
|
|t:|1778509205
|switch|p1a: Garchomp|Garchomp, F|100/100
|turn|16
|
|t:|1778509218
|-terastallize|p1a: Garchomp|Ground
|move|p2a: Great Tusk|Ice Spinner|p1a: Garchomp
|-supereffective|p1a: Garchomp
|-damage|p1a: Garchomp|53/100
|-damage|p2a: Great Tusk|20/100|[from] ability: Rough Skin|[of] p1a: Garchomp
|move|p1a: Garchomp|Stone Edge|p2a: Great Tusk|[miss]
|-miss|p1a: Garchomp|p2a: Great Tusk
|
|upkeep
|turn|17
|
|t:|1778509235
|move|p2a: Great Tusk|Ice Spinner|p1a: Garchomp
|-supereffective|p1a: Garchomp
|-crit|p1a: Garchomp
|-damage|p1a: Garchomp|0 fnt
|-damage|p2a: Great Tusk|8/100|[from] ability: Rough Skin|[of] p1a: Garchomp
|faint|p1a: Garchomp
|
|win|pscplayer
|raw|CoolPerson58's rating: 1118 &rarr; <strong>1093</strong><br />(-25 for losing)
|raw|pscplayer's rating: 1117 &rarr; <strong>1142</strong><br />(+25 for winning)
