|html|<div class="broadcast-blue"><strong>[Gen 9] OU is currently suspecting Tera Blast! For information on how to participate check out the <a href="https://www.smogon.com/tools/suspects/view/200">suspect thread</a>.</strong></div>
|j|☆benjaminsoto20
|j|☆geeta-r going
|t:|1776054605
|gametype|singles
|player|p1|benjaminsoto20|170|1083
|player|p2|geeta-r going|steven|1067
|gen|9
|tier|[Gen 9] OU
|rated|
|rule|HP Percentage Mod: HP is shown in percentages
|rule|Endless Battle Clause: Forcing endless battles is banned
|rule|Species Clause: Limit one of each Pokémon
|rule|OHKO Clause: OHKO moves are banned
|rule|Evasion Items Clause: Evasion items are banned
|rule|Evasion Moves Clause: Evasion moves are banned
|rule|Evasion Abilities Clause: Evasion abilities are banned
|rule|Sleep Moves Clause: Sleep-inducing moves are banned
|clearpoke
|poke|p1|Garchomp, M|
|poke|p1|Scizor, M|
|poke|p1|Rotom-Wash|
|poke|p1|Heatran, M|
|poke|p1|Latias, F|
|poke|p1|Kingambit, M|
|poke|p2|Torkoal, F|
|poke|p2|Venusaur, M|
|poke|p2|Mandibuzz, F|
|poke|p2|Moltres|
|poke|p2|Hydrapple, F|
|poke|p2|Slither Wing|
|teampreview
|inactive|Battle timer is ON: inactive players will automatically lose when time's up. (requested by geeta-r going)
|
|t:|1776054618
|teamsize|p1|6
|teamsize|p2|6
|start
|switch|p1a: Garchomp|Garchomp, M|100/100
|switch|p2a: Hydrapple|Hydrapple, F|100/100
|turn|1
|
|t:|1776054625
|move|p1a: Garchomp|Stealth Rock|p2a: Hydrapple
|-sidestart|p2: geeta-r going|move: Stealth Rock
|move|p2a: Hydrapple|Fickle Beam|p1a: Garchomp|[anim] Fickle Beam All Out
|-activate|p2a: Hydrapple|move: Fickle Beam
|-supereffective|p1a: Garchomp
|-damage|p1a: Garchomp|0 fnt
|faint|p1a: Garchomp
|
|upkeep
|
|t:|1776054637
|switch|p1a: Latias|Latias, F|100/100
|turn|2
|
|t:|1776054640
|move|p1a: Latias|Draco Meteor|p2a: Hydrapple
|-supereffective|p2a: Hydrapple
|-damage|p2a: Hydrapple|29/100
|-unboost|p1a: Latias|spa|2
|move|p2a: Hydrapple|Fickle Beam|p1a: Latias
|-supereffective|p1a: Latias
|-damage|p1a: Latias|36/100
|
|upkeep
|turn|3
|inactive|benjaminsoto20 has 120 seconds left.
|
|t:|1776054680
|move|p1a: Latias|Draco Meteor|p2a: Hydrapple
|-supereffective|p2a: Hydrapple
|-damage|p2a: Hydrapple|0 fnt
|-unboost|p1a: Latias|spa|2
|faint|p2a: Hydrapple
|
|upkeep
|
|t:|1776054694
|switch|p2a: Torkoal|Torkoal, F|100/100
|-weather|SunnyDay|[from] ability: Drought|[of] p2a: Torkoal
|turn|4
|inactive|benjaminsoto20 has 120 seconds left.
|
|t:|1776054713
|move|p1a: Latias|Recover|p1a: Latias
|-heal|p1a: Latias|86/100
|move|p2a: Torkoal|Rapid Spin|p1a: Latias
|-damage|p1a: Latias|76/100
|-boost|p2a: Torkoal|spe|1
|-sideend|p2: geeta-r going|Stealth Rock|[from] move: Rapid Spin|[of] p2a: Torkoal
|
|-weather|SunnyDay|[upkeep]
|upkeep
|turn|5
|inactive|benjaminsoto20 has 120 seconds left.
|
|t:|1776054725
|move|p1a: Latias|Aura Sphere|p2a: Torkoal
|-damage|p2a: Torkoal|95/100
|move|p2a: Torkoal|Will-O-Wisp|p1a: Latias
|-status|p1a: Latias|brn
|
|-weather|SunnyDay|[upkeep]
|-damage|p1a: Latias|70/100 brn|[from] brn
|upkeep
|turn|6
|inactive|benjaminsoto20 has 120 seconds left.
|
|t:|1776054747
|move|p1a: Latias|Thunderbolt|p2a: Torkoal
|-damage|p2a: Torkoal|88/100
|move|p2a: Torkoal|Stealth Rock|p1a: Latias
|-sidestart|p1: benjaminsoto20|move: Stealth Rock
|
|-weather|SunnyDay|[upkeep]
|-damage|p1a: Latias|64/100 brn|[from] brn
|upkeep
|turn|7
|inactive|benjaminsoto20 has 120 seconds left.
|
|t:|1776054760
|switch|p2a: Slither Wing|Slither Wing|100/100
|-activate|p2a: Slither Wing|ability: Protosynthesis
|-start|p2a: Slither Wing|protosynthesisatk
|move|p1a: Latias|Recover|p1a: Latias
|-heal|p1a: Latias|100/100 brn
|
|-weather|SunnyDay|[upkeep]
|-damage|p1a: Latias|94/100 brn|[from] brn
|upkeep
|turn|8
|inactive|benjaminsoto20 has 120 seconds left.
|
|t:|1776054780
|switch|p1a: Scizor|Scizor, M|100/100
|-damage|p1a: Scizor|88/100|[from] Stealth Rock
|move|p2a: Slither Wing|Leech Life|p1a: Scizor
|-resisted|p1a: Scizor
|-crit|p1a: Scizor
|-damage|p1a: Scizor|35/100
|-damage|p2a: Slither Wing|91/100|[from] item: Life Orb
|
|-weather|none
|-end|p2a: Slither Wing|Protosynthesis
|upkeep
|turn|9
|
|t:|1776054794
|move|p1a: Scizor|Bullet Punch|p2a: Slither Wing
|-damage|p2a: Slither Wing|18/100
|move|p2a: Slither Wing|Flare Blitz|p1a: Scizor
|-supereffective|p1a: Scizor
|-damage|p1a: Scizor|0 fnt
|faint|p1a: Scizor
|-damage|p2a: Slither Wing|5/100|[from] Recoil
|-damage|p2a: Slither Wing|0 fnt|[from] item: Life Orb
|faint|p2a: Slither Wing
|-end|p2a: Slither Wing|Protosynthesis|[silent]
|
|upkeep
|
|t:|1776054808
|switch|p2a: Torkoal|Torkoal, F|88/100
|switch|p1a: Heatran|Heatran, M|100/100
|-damage|p1a: Heatran|88/100|[from] Stealth Rock
|-weather|SunnyDay|[from] ability: Drought|[of] p2a: Torkoal
|turn|10
|
|t:|1776054815
|switch|p2a: Venusaur|Venusaur, M|100/100
|move|p1a: Heatran|Earth Power|p2a: Venusaur
|-damage|p2a: Venusaur|70/100
|
|-weather|SunnyDay|[upkeep]
|-heal|p1a: Heatran|94/100|[from] item: Leftovers
|upkeep
|turn|11
|
|t:|1776054822
|move|p2a: Venusaur|Earth Power|p1a: Heatran
|-supereffective|p1a: Heatran
|-damage|p1a: Heatran|6/100
|-damage|p2a: Venusaur|60/100|[from] item: Life Orb
|move|p1a: Heatran|Magma Storm|p2a: Venusaur|[miss]
|-miss|p1a: Heatran|p2a: Venusaur
|
|-weather|SunnyDay|[upkeep]
|-heal|p1a: Heatran|13/100|[from] item: Leftovers
|upkeep
|turn|12
|inactive|benjaminsoto20 has 120 seconds left.
|
|t:|1776054835
|move|p1a: Heatran|Protect|p1a: Heatran
|-singleturn|p1a: Heatran|Protect
|move|p2a: Venusaur|Giga Drain|p1a: Heatran
|-activate|p1a: Heatran|move: Protect
|
|-weather|SunnyDay|[upkeep]
|-heal|p1a: Heatran|19/100|[from] item: Leftovers
|upkeep
|turn|13
|inactive|benjaminsoto20 has 120 seconds left.
|
|t:|1776054853
|switch|p1a: Latias|Latias, F|94/100 brn
|move|p2a: Venusaur|Weather Ball|p1a: Latias
|-resisted|p1a: Latias
|-damage|p1a: Latias|72/100 brn
|-damage|p2a: Venusaur|50/100|[from] item: Life Orb
|
|-weather|SunnyDay|[upkeep]
|-damage|p1a: Latias|66/100 brn|[from] brn
|upkeep
|turn|14
|
|t:|1776054867
|move|p2a: Venusaur|Sludge Bomb|p1a: Latias
|-damage|p1a: Latias|23/100 brn
|-damage|p2a: Venusaur|40/100|[from] item: Life Orb
|move|p1a: Latias|Draco Meteor|p2a: Venusaur
|-damage|p2a: Venusaur|0 fnt
|-unboost|p1a: Latias|spa|2
|faint|p2a: Venusaur
|
|-weather|none
|-damage|p1a: Latias|17/100 brn|[from] brn
|upkeep
|
|t:|1776054871
|switch|p2a: Torkoal|Torkoal, F|88/100
|-weather|SunnyDay|[from] ability: Drought|[of] p2a: Torkoal
|turn|15
|inactive|benjaminsoto20 has 120 seconds left.
|
|t:|1776054880
|move|p1a: Latias|Recover|p1a: Latias
|-heal|p1a: Latias|67/100 brn
|move|p2a: Torkoal|Rapid Spin|p1a: Latias
|-damage|p1a: Latias|58/100 brn
|-boost|p2a: Torkoal|spe|1
|
|-weather|SunnyDay|[upkeep]
|-damage|p1a: Latias|52/100 brn|[from] brn
|upkeep
|turn|16
|
|t:|1776054889
|switch|p2a: Moltres|Moltres|100/100
|-ability|p2a: Moltres|Pressure
|move|p1a: Latias|Recover|p1a: Latias
|-heal|p1a: Latias|100/100 brn
|
|-weather|SunnyDay|[upkeep]
|-damage|p1a: Latias|94/100 brn|[from] brn
|upkeep
|turn|17
|
|t:|1776054898
|move|p1a: Latias|Thunderbolt|p2a: Moltres
|-supereffective|p2a: Moltres
|-damage|p2a: Moltres|74/100
|move|p2a: Moltres|Hurricane|p1a: Latias
|-damage|p1a: Latias|55/100 brn
|
|-weather|SunnyDay|[upkeep]
|-damage|p1a: Latias|49/100 brn|[from] brn
|upkeep
|turn|18
|
|t:|1776054908
|move|p1a: Latias|Recover|p1a: Latias
|-heal|p1a: Latias|99/100 brn
|move|p2a: Moltres|Hurricane|p1a: Latias
|-damage|p1a: Latias|55/100 brn
|
|-weather|SunnyDay|[upkeep]
|-damage|p1a: Latias|49/100 brn|[from] brn
|upkeep
|turn|19
|
|t:|1776054915
|move|p1a: Latias|Recover|p1a: Latias
|-heal|p1a: Latias|99/100 brn
|move|p2a: Moltres|Fire Blast|p1a: Latias
|-resisted|p1a: Latias
|-damage|p1a: Latias|66/100 brn
|
|-weather|none
|-damage|p1a: Latias|60/100 brn|[from] brn
|upkeep
|turn|20
|
|t:|1776054934
|switch|p2a: Mandibuzz|Mandibuzz, F|100/100
|move|p1a: Latias|Thunderbolt|p2a: Mandibuzz
|-supereffective|p2a: Mandibuzz
|-damage|p2a: Mandibuzz|86/100
|
|-heal|p2a: Mandibuzz|92/100|[from] item: Leftovers
|-damage|p1a: Latias|54/100 brn|[from] brn
|upkeep
|turn|21
|
|t:|1776054944
|move|p1a: Latias|Recover|p1a: Latias
|-heal|p1a: Latias|100/100 brn
|move|p2a: Mandibuzz|U-turn|p1a: Latias
|-supereffective|p1a: Latias
|-damage|p1a: Latias|77/100 brn
|-message|geeta-r going forfeited.
|
|win|benjaminsoto20
|raw|benjaminsoto20's rating: 1083 &rarr; <strong>1109</strong><br />(+26 for winning)
|raw|geeta-r going's rating: 1067 &rarr; <strong>1048</strong><br />(-19 for losing)
|l|☆geeta-r going
|player|p2|
|l|☆benjaminsoto20
|player|p1|
