|html|<div class="broadcast-blue"><strong>[Gen 9] OU is currently suspecting Tera Blast! For information on how to participate check out the <a href="https://www.smogon.com/tools/suspects/view/200">suspect thread</a>.</strong></div>
|badge|p1|gold|gen9ou|3-9
|uhtml|medal-msg|<div class="broadcast-blue">Curious what those medals under the avatar are? PS now has Ladder Seasons! For more information, check out the <a href="https://www.smogon.com/forums/threads/3740067/">thread on Smogon.</a></div>
|badge|p2|silver|gen9ou|30-9
|badge|p2|silver|gen9ubers|30-9
|uhtml|medal-msg|<div class="broadcast-blue">Curious what those medals under the avatar are? PS now has Ladder Seasons! For more information, check out the <a href="https://www.smogon.com/forums/threads/3740067/">thread on Smogon.</a></div>
|raw|<div class="broadcast-blue"><strong>This battle is required to be public due to a player having a name starting with 'ulthz25'.</div>
|j|☆510kg deadlift
|j|☆ULTHZ25 LASERS
|t:|1776089077
|gametype|singles
|player|p1|510kg deadlift|1|2098
|player|p2|ULTHZ25 LASERS|169|2022
|gen|9
|tier|[Gen 9] OU
|rated|
|rule|HP Percentage Mod: HP is shown in percentages
|rule|Endless Battle Clause: Forcing endless battles is banned
|rule|Species Clause: Limit one of each Pokémon
|rule|OHKO Clause: OHKO moves are banned
|rule|Evasion Items Clause: Evasion items are banned
|rule|Evasion Moves Clause: Evasion moves are banned
|rule|Evasion Abilities Clause: Evasion abilities are banned
|rule|Sleep Moves Clause: Sleep-inducing moves are banned
|clearpoke
|poke|p1|Hatterene, F|
|poke|p1|Diancie|
|poke|p1|Iron Hands|
|poke|p1|Cresselia, F|
|poke|p1|Volcanion|
|poke|p1|Ursaluna, M|
|poke|p2|Landorus-Therian, M|
|poke|p2|Kyurem|
|poke|p2|Ceruledge, F|
|poke|p2|Hatterene, F|
|poke|p2|Kingambit, M|
|poke|p2|Zamazenta-*|
|teampreview
|j| ohko_smeargle
|inactive|Battle timer is ON: inactive players will automatically lose when time's up. (requested by ULTHZ25 LASERS)
|
|t:|1776089123
|teamsize|p1|6
|teamsize|p2|6
|start
|switch|p1a: Saturn|Volcanion|100/100
|switch|p2a: Ceruledge|Ceruledge, F|100/100
|turn|1
|
|t:|1776089129
|switch|p2a: Hatterene|Hatterene, F|100/100
|move|p1a: Saturn|Steam Eruption|p2a: Hatterene
|-damage|p2a: Hatterene|36/100
|
|upkeep
|turn|2
|
|t:|1776089134
|move|p1a: Saturn|Steam Eruption|p2a: Hatterene
|-damage|p2a: Hatterene|0 fnt
|faint|p2a: Hatterene
|
|upkeep
|
|t:|1776089135
|switch|p2a: Kyurem|Kyurem|100/100
|-ability|p2a: Kyurem|Pressure
|turn|3
|
|t:|1776089148
|move|p2a: Kyurem|Dragon Dance|p2a: Kyurem
|-boost|p2a: Kyurem|atk|1
|-boost|p2a: Kyurem|spe|1
|move|p1a: Saturn|Steam Eruption|p2a: Kyurem
|-resisted|p2a: Kyurem
|-damage|p2a: Kyurem|57/100
|
|upkeep
|turn|4
|inactive|510kg deadlift has 120 seconds left.
|
|t:|1776089188
|move|p2a: Kyurem|Icicle Spear|p1a: Saturn
|-resisted|p1a: Saturn
|-damage|p1a: Saturn|96/100
|-resisted|p1a: Saturn
|-damage|p1a: Saturn|92/100
|-resisted|p1a: Saturn
|-damage|p1a: Saturn|88/100
|-resisted|p1a: Saturn
|-damage|p1a: Saturn|84/100
|-resisted|p1a: Saturn
|-damage|p1a: Saturn|81/100
|-hitcount|p1a: Saturn|5
|move|p1a: Saturn|Steam Eruption|p2a: Kyurem
|-resisted|p2a: Kyurem
|-damage|p2a: Kyurem|13/100
|
|upkeep
|turn|5
|inactive|510kg deadlift has 120 seconds left.
|
|t:|1776089197
|switch|p1a: Edmunds|Diancie|100/100
|move|p2a: Kyurem|Scale Shot|p1a: Edmunds
|-immune|p1a: Edmunds
|
|upkeep
|turn|6
|
|t:|1776089200
|move|p2a: Kyurem|Icicle Spear|p1a: Edmunds
|-damage|p1a: Edmunds|83/100
|-damage|p1a: Edmunds|67/100
|-damage|p1a: Edmunds|53/100
|-damage|p1a: Edmunds|37/100
|-hitcount|p1a: Edmunds|4
|move|p1a: Edmunds|Trick Room|p1a: Edmunds
|-fieldstart|move: Trick Room|[of] p1a: Edmunds
|
|upkeep
|turn|7
|
|t:|1776089207
|move|p1a: Edmunds|Meteor Beam||[still]
|-prepare|p1a: Edmunds|Meteor Beam
|-boost|p1a: Edmunds|spa|1
|-enditem|p1a: Edmunds|Power Herb
|-anim|p1a: Edmunds|Meteor Beam|p2a: Kyurem
|-supereffective|p2a: Kyurem
|-damage|p2a: Kyurem|0 fnt
|faint|p2a: Kyurem
|
|upkeep
|
|t:|1776089209
|switch|p2a: Landorus|Landorus-Therian, M|100/100
|-ability|p2a: Landorus|Intimidate|boost
|-fail|p1a: Edmunds|unboost|[from] ability: Clear Body|[of] p1a: Edmunds
|turn|8
|
|t:|1776089213
|move|p1a: Edmunds|Moonblast|p2a: Landorus
|-damage|p2a: Landorus|24/100
|move|p2a: Landorus|Stealth Rock|p1a: Edmunds
|-sidestart|p1: 510kg deadlift|move: Stealth Rock
|
|upkeep
|turn|9
|
|t:|1776089221
|move|p1a: Edmunds|Moonblast|p2a: Landorus
|-damage|p2a: Landorus|0 fnt
|faint|p2a: Landorus
|
|upkeep
|
|t:|1776089223
|switch|p2a: Ceruledge|Ceruledge, F|100/100
|turn|10
|
|t:|1776089243
|move|p1a: Edmunds|Earth Power|p2a: Ceruledge
|-supereffective|p2a: Ceruledge
|-damage|p2a: Ceruledge|0 fnt
|faint|p2a: Ceruledge
|
|-fieldend|move: Trick Room
|upkeep
|
|t:|1776089245
|switch|p2a: Kingambit|Kingambit, M|100/100
|-activate|p2a: Kingambit|ability: Supreme Overlord
|-start|p2a: Kingambit|fallen4|[silent]
|turn|11
|
|t:|1776089248
|move|p2a: Kingambit|Iron Head|p1a: Edmunds
|-supereffective|p1a: Edmunds
|-damage|p1a: Edmunds|0 fnt
|faint|p1a: Edmunds
|
|upkeep
|
|t:|1776089258
|switch|p1a: Miller|Cresselia, F, shiny|100/100
|-damage|p1a: Miller|88/100|[from] Stealth Rock
|turn|12
|
|t:|1776089263
|-terastallize|p2a: Kingambit|Ghost
|move|p2a: Kingambit|Swords Dance|p2a: Kingambit
|-boost|p2a: Kingambit|atk|2
|move|p1a: Miller|Trick Room|p1a: Miller
|-fieldstart|move: Trick Room|[of] p1a: Miller
|
|upkeep
|turn|13
|j| Metallic Symphony
|
|t:|1776089266
|move|p1a: Miller|Reflect|p1a: Miller
|-sidestart|p1: 510kg deadlift|Reflect
|move|p2a: Kingambit|Swords Dance|p2a: Kingambit
|-boost|p2a: Kingambit|atk|2
|
|upkeep
|turn|14
|
|t:|1776089282
|switch|p1a: CASE|Iron Hands|100/100
|-damage|p1a: CASE|94/100|[from] Stealth Rock
|-enditem|p1a: CASE|Booster Energy
|-activate|p1a: CASE|ability: Quark Drive|[fromitem]
|-start|p1a: CASE|quarkdriveatk
|move|p2a: Kingambit|Swords Dance|p2a: Kingambit
|-boost|p2a: Kingambit|atk|2
|
|upkeep
|turn|15
|
|t:|1776089287
|move|p1a: CASE|Wild Charge|p2a: Kingambit
|-damage|p2a: Kingambit|37/100
|-damage|p1a: CASE|84/100|[from] Recoil
|move|p2a: Kingambit|Iron Head|p1a: CASE
|-resisted|p1a: CASE
|-damage|p1a: CASE|45/100
|
|-heal|p2a: Kingambit|43/100|[from] item: Leftovers
|upkeep
|turn|16
|
|t:|1776089296
|-end|p2a: Kingambit|fallen4|[silent]
|switch|p2a: Zamazenta|Zamazenta|100/100
|-ability|p2a: Zamazenta|Dauntless Shield|boost
|-boost|p2a: Zamazenta|def|1
|move|p1a: CASE|Wild Charge|p2a: Zamazenta
|-damage|p2a: Zamazenta|68/100
|-damage|p1a: CASE|39/100|[from] Recoil
|
|-heal|p2a: Zamazenta|74/100|[from] item: Leftovers
|-fieldend|move: Trick Room
|upkeep
|turn|17
|j| Swagataka
|
|t:|1776089308
|-end|p1a: CASE|Quark Drive|[silent]
|switch|p1a: Brand|Hatterene, F, shiny|100/100
|-damage|p1a: Brand|88/100|[from] Stealth Rock
|move|p2a: Zamazenta|Body Press|p1a: Brand
|-resisted|p1a: Brand
|-damage|p1a: Brand|82/100
|
|-heal|p2a: Zamazenta|80/100|[from] item: Leftovers
|upkeep
|turn|18
|
|t:|1776089311
|switch|p2a: Kingambit|Kingambit, M, tera:Ghost|43/100
|-activate|p2a: Kingambit|ability: Supreme Overlord
|-start|p2a: Kingambit|fallen4|[silent]
|move|p1a: Brand|Trick Room|p1a: Brand
|-fieldstart|move: Trick Room|[of] p1a: Brand
|
|-heal|p2a: Kingambit|49/100|[from] item: Leftovers
|upkeep
|turn|19
|
|t:|1776089316
|move|p1a: Brand|Dazzling Gleam|p2a: Kingambit
|-damage|p2a: Kingambit|0 fnt
|faint|p2a: Kingambit
|-end|p2a: Kingambit|fallen4|[silent]
|
|upkeep
|
|t:|1776089320
|switch|p2a: Zamazenta|Zamazenta|80/100
|turn|20
|
|t:|1776089325
|move|p1a: Brand|Dazzling Gleam|p2a: Zamazenta
|-supereffective|p2a: Zamazenta
|-damage|p2a: Zamazenta|4/100
|move|p2a: Zamazenta|Crunch|p1a: Brand
|-damage|p1a: Brand|69/100
|
|-heal|p2a: Zamazenta|10/100|[from] item: Leftovers
|-sideend|p1: 510kg deadlift|Reflect
|upkeep
|turn|21
|
|t:|1776089331
|move|p1a: Brand|Dazzling Gleam|p2a: Zamazenta
|-supereffective|p2a: Zamazenta
|-damage|p2a: Zamazenta|0 fnt
|faint|p2a: Zamazenta
|
|win|510kg deadlift
|raw|510kg deadlift's rating: 2098 &rarr; <strong>2114</strong><br />(+16 for winning)
|raw|ULTHZ25 LASERS's rating: 2022 &rarr; <strong>2006</strong><br />(-16 for losing)
|l| ohko_smeargle
|l|☆ULTHZ25 LASERS
|player|p2|
|c|☆510kg deadlift|gg
|l| Swagataka
|l|☆510kg deadlift
|player|p1|
|j|☆510kg deadlift
|player|p1|510kg deadlift|1|
