|html|<div class="broadcast-blue"><strong>[Gen 9] OU is currently suspecting Tera Blast! For information on how to participate check out the <a href="https://www.smogon.com/tools/suspects/view/200">suspect thread</a>.</strong></div>
|j|☆damobao
|j|☆brrbrr1
|t:|1776058905
|gametype|singles
|player|p1|damobao|170|1198
|player|p2|brrbrr1|265|1167
|gen|9
|tier|[Gen 9] OU
|rated|
|rule|HP Percentage Mod: HP is shown in percentages
|rule|Endless Battle Clause: Forcing endless battles is banned
|rule|Species Clause: Limit one of each Pokémon
|rule|OHKO Clause: OHKO moves are banned
|rule|Evasion Items Clause: Evasion items are banned
|rule|Evasion Moves Clause: Evasion moves are banned
|rule|Evasion Abilities Clause: Evasion abilities are banned
|rule|Sleep Moves Clause: Sleep-inducing moves are banned
|clearpoke
|poke|p1|Garchomp, M|
|poke|p1|Metagross|
|poke|p1|Gyarados, M|
|poke|p1|Magmortar, F|
|poke|p1|Gastrodon-East, M|
|poke|p1|Weavile, F|
|poke|p2|Sandslash-Alola, M|
|poke|p2|Ninetales-Alola, F|
|poke|p2|Rotom-Wash|
|poke|p2|Gliscor, M|
|poke|p2|Hitmontop, M|
|poke|p2|Slowking-Galar, M|
|teampreview
|
|t:|1776058918
|teamsize|p1|6
|teamsize|p2|6
|start
|switch|p1a: Metagross|Metagross|100/100
|switch|p2a: Ninetales|Ninetales-Alola, F|100/100
|-weather|Snowscape|[from] ability: Snow Warning|[of] p2a: Ninetales
|turn|1
|inactive|Battle timer is ON: inactive players will automatically lose when time's up. (requested by brrbrr1)
|
|t:|1776058924
|move|p2a: Ninetales|Aurora Veil|p2a: Ninetales
|-sidestart|p2: brrbrr1|move: Aurora Veil
|move|p1a: Metagross|Psychic Fangs|p2a: Ninetales
|-sideend|p2: brrbrr1|move: Aurora Veil
|-damage|p2a: Ninetales|55/100
|
|-weather|Snowscape|[upkeep]
|upkeep
|turn|2
|
|t:|1776058930
|switch|p2a: Rotom|Rotom-Wash|100/100
|move|p1a: Metagross|Psychic Fangs|p2a: Rotom
|-damage|p2a: Rotom|58/100
|
|-weather|Snowscape|[upkeep]
|upkeep
|turn|3
|
|t:|1776058937
|switch|p1a: Magmortar|Magmortar, F|100/100
|move|p2a: Rotom|Will-O-Wisp|p1a: Magmortar
|-immune|p1a: Magmortar
|
|-weather|Snowscape|[upkeep]
|upkeep
|turn|4
|
|t:|1776058945
|move|p1a: Magmortar|Knock Off|p2a: Rotom
|-damage|p2a: Rotom|42/100
|-enditem|p2a: Rotom|Sitrus Berry|[from] move: Knock Off|[of] p1a: Magmortar
|move|p2a: Rotom|Hydro Pump|p1a: Magmortar|[miss]
|-miss|p2a: Rotom|p1a: Magmortar
|
|-weather|Snowscape|[upkeep]
|upkeep
|turn|5
|
|t:|1776058955
|move|p1a: Magmortar|Flamethrower|p2a: Rotom
|-resisted|p2a: Rotom
|-damage|p2a: Rotom|19/100
|move|p2a: Rotom|Hydro Pump|p1a: Magmortar
|-supereffective|p1a: Magmortar
|-damage|p1a: Magmortar|0 fnt
|faint|p1a: Magmortar
|
|-weather|Snowscape|[upkeep]
|upkeep
|
|t:|1776058963
|switch|p1a: Weavile|Weavile, F|100/100
|turn|6
|
|t:|1776058970
|move|p1a: Weavile|Knock Off|p2a: Rotom
|-damage|p2a: Rotom|0 fnt
|faint|p2a: Rotom
|
|-weather|Snowscape|[upkeep]
|upkeep
|
|t:|1776058974
|switch|p2a: Gliscor|Gliscor, M, shiny|100/100
|turn|7
|
|t:|1776058983
|-terastallize|p2a: Gliscor|Water
|move|p1a: Weavile|Triple Axel|p2a: Gliscor|[miss]
|-miss|p1a: Weavile|p2a: Gliscor
|move|p2a: Gliscor|Stealth Rock|p1a: Weavile
|-sidestart|p1: damobao|move: Stealth Rock
|
|-weather|Snowscape|[upkeep]
|-status|p2a: Gliscor|tox|[from] item: Toxic Orb
|upkeep
|turn|8
|
|t:|1776058994
|switch|p1a: Gastrodon|Gastrodon-East, M|100/100
|-damage|p1a: Gastrodon|94/100|[from] Stealth Rock
|move|p2a: Gliscor|U-turn|p1a: Gastrodon
|-damage|p1a: Gastrodon|80/100
|-damage|p2a: Gliscor|84/100 tox|[from] item: Rocky Helmet|[of] p1a: Gastrodon
|
|t:|1776058997
|switch|p2a: Hitmontop|Hitmontop, M, shiny|100/100|[from] U-turn
|
|-weather|none
|upkeep
|turn|9
|
|t:|1776059007
|move|p2a: Hitmontop|Bullet Punch|p1a: Gastrodon
|-resisted|p1a: Gastrodon
|-damage|p1a: Gastrodon|69/100
|-damage|p2a: Hitmontop|84/100|[from] item: Rocky Helmet|[of] p1a: Gastrodon
|-damage|p2a: Hitmontop|74/100|[from] item: Life Orb
|move|p1a: Gastrodon|Surf|p2a: Hitmontop
|-damage|p2a: Hitmontop|37/100
|
|upkeep
|turn|10
|
|t:|1776059015
|move|p2a: Hitmontop|Triple Axel|p1a: Gastrodon
|-damage|p1a: Gastrodon|58/100
|-damage|p2a: Hitmontop|20/100|[from] item: Rocky Helmet|[of] p1a: Gastrodon
|-damage|p1a: Gastrodon|35/100
|-damage|p2a: Hitmontop|4/100|[from] item: Rocky Helmet|[of] p1a: Gastrodon
|-damage|p1a: Gastrodon|1/100
|-damage|p2a: Hitmontop|0 fnt|[from] item: Rocky Helmet|[of] p1a: Gastrodon
|faint|p2a: Hitmontop
|-hitcount|p1a: Gastrodon|3
|move|p1a: Gastrodon|Recover|p1a: Gastrodon
|-heal|p1a: Gastrodon|51/100
|
|upkeep
|
|t:|1776059019
|switch|p2a: Ninetales|Ninetales-Alola, F|55/100
|-weather|Snowscape|[from] ability: Snow Warning|[of] p2a: Ninetales
|turn|11
|
|t:|1776059031
|switch|p1a: Metagross|Metagross|100/100
|-damage|p1a: Metagross|94/100|[from] Stealth Rock
|move|p2a: Ninetales|Aurora Veil|p2a: Ninetales
|-sidestart|p2: brrbrr1|move: Aurora Veil
|
|-weather|Snowscape|[upkeep]
|-heal|p1a: Metagross|100/100|[from] item: Leftovers
|upkeep
|turn|12
|
|t:|1776059038
|switch|p2a: Sandslash|Sandslash-Alola, M|100/100
|move|p1a: Metagross|Psychic Fangs|p2a: Sandslash
|-sideend|p2: brrbrr1|move: Aurora Veil
|-resisted|p2a: Sandslash
|-damage|p2a: Sandslash|86/100
|
|-weather|Snowscape|[upkeep]
|upkeep
|turn|13
|
|t:|1776059047
|switch|p1a: Gyarados|Gyarados, M|100/100
|-ability|p1a: Gyarados|Intimidate|boost
|-unboost|p2a: Sandslash|atk|1
|move|p2a: Sandslash|Swords Dance|p2a: Sandslash
|-boost|p2a: Sandslash|atk|2
|
|-weather|Snowscape|[upkeep]
|upkeep
|turn|14
|
|t:|1776059057
|move|p2a: Sandslash|Icicle Spear|p1a: Gyarados
|-damage|p1a: Gyarados|80/100
|-damage|p1a: Gyarados|55/100
|-damage|p1a: Gyarados|31/100
|-damage|p1a: Gyarados|10/100
|-damage|p1a: Gyarados|0 fnt
|faint|p1a: Gyarados
|-hitcount|p1: Gyarados|5
|
|-weather|Snowscape|[upkeep]
|upkeep
|
|t:|1776059068
|switch|p1a: Metagross|Metagross|100/100
|-damage|p1a: Metagross|94/100|[from] Stealth Rock
|turn|15
|
|t:|1776059075
|move|p2a: Sandslash|Earthquake|p1a: Metagross
|-supereffective|p1a: Metagross
|-damage|p1a: Metagross|27/100
|move|p1a: Metagross|Heavy Slam|p2a: Sandslash
|-damage|p2a: Sandslash|39/100
|
|-weather|Snowscape|[upkeep]
|-heal|p1a: Metagross|33/100|[from] item: Leftovers
|upkeep
|turn|16
|-message|damobao forfeited.
|
|win|brrbrr1
|raw|damobao's rating: 1198 &rarr; <strong>1171</strong><br />(-27 for losing)
|raw|brrbrr1's rating: 1167 &rarr; <strong>1194</strong><br />(+27 for winning)
|l|☆damobao
|player|p1|
|l|☆brrbrr1
|player|p2|
