|html|<div class="broadcast-blue"><strong>[Gen 9] OU is currently suspecting Tera Blast! For information on how to participate check out the <a href="https://www.smogon.com/tools/suspects/view/200">suspect thread</a>.</strong></div>
|j|☆ChokingOnMatcha
|j|☆Monkey D MinMin
|t:|1776271937
|gametype|singles
|player|p1|ChokingOnMatcha|170|1662
|player|p2|Monkey D MinMin|lucas|1821
|gen|9
|tier|[Gen 9] OU
|rated|
|rule|HP Percentage Mod: HP is shown in percentages
|rule|Endless Battle Clause: Forcing endless battles is banned
|rule|Species Clause: Limit one of each Pokémon
|rule|OHKO Clause: OHKO moves are banned
|rule|Evasion Items Clause: Evasion items are banned
|rule|Evasion Moves Clause: Evasion moves are banned
|rule|Evasion Abilities Clause: Evasion abilities are banned
|rule|Sleep Moves Clause: Sleep-inducing moves are banned
|clearpoke
|poke|p1|Hippowdon, M|
|poke|p1|Excadrill, M|
|poke|p1|Garganacl, F|
|poke|p1|Skarmory, F|
|poke|p1|Sinistcha|
|poke|p1|Weavile, F|
|poke|p2|Corviknight, F|
|poke|p2|Blissey, F|
|poke|p2|Reuniclus, F|
|poke|p2|Clodsire, F|
|poke|p2|Dondozo, F|
|poke|p2|Toxapex, F|
|teampreview
|
|t:|1776271955
|teamsize|p1|6
|teamsize|p2|6
|start
|switch|p1a: Hippowdon|Hippowdon, M|100/100
|switch|p2a: Amaya papaya|Toxapex, F|100/100
|-weather|Sandstorm|[from] ability: Sand Stream|[of] p1a: Hippowdon
|turn|1
|
|t:|1776271958
|switch|p1a: Garganacl|Garganacl, F, shiny|100/100
|move|p2a: Amaya papaya|Toxic Spikes|p1a: Garganacl
|-sidestart|p1: ChokingOnMatcha|move: Toxic Spikes
|
|-weather|Sandstorm|[upkeep]
|-damage|p2a: Amaya papaya|95/100|[from] Sandstorm
|upkeep
|turn|2
|
|t:|1776271962
|switch|p2a: Ace (5’6)|Reuniclus, F|100/100
|switch|p1a: Weavile|Weavile, F, shiny|100/100
|-ability|p1a: Weavile|Pressure
|
|-weather|Sandstorm|[upkeep]
|-damage|p1a: Weavile|94/100|[from] Sandstorm
|upkeep
|turn|3
|
|t:|1776271968
|switch|p2a: Amaya papaya|Toxapex, F|100/100
|move|p1a: Weavile|Knock Off|p2a: Amaya papaya
|-damage|p2a: Amaya papaya|72/100
|-enditem|p2a: Amaya papaya|Heavy-Duty Boots|[from] move: Knock Off|[of] p1a: Weavile
|
|-weather|Sandstorm|[upkeep]
|-damage|p1a: Weavile|88/100|[from] Sandstorm
|-damage|p2a: Amaya papaya|66/100|[from] Sandstorm
|upkeep
|turn|4
|
|t:|1776271972
|switch|p1a: Skarmory|Skarmory, F|100/100
|move|p2a: Amaya papaya|Toxic Spikes|p1a: Skarmory
|-sidestart|p1: ChokingOnMatcha|move: Toxic Spikes
|
|-weather|Sandstorm|[upkeep]
|-damage|p2a: Amaya papaya|60/100|[from] Sandstorm
|upkeep
|turn|5
|
|t:|1776271974
|switch|p2a: Ace (5’6)|Reuniclus, F|100/100
|move|p1a: Skarmory|Spikes|p2a: Ace (5’6)
|-sidestart|p2: Monkey D MinMin|Spikes
|
|-weather|Sandstorm|[upkeep]
|upkeep
|turn|6
|
|t:|1776271980
|move|p1a: Skarmory|Spikes|p2a: Ace (5’6)
|-sidestart|p2: Monkey D MinMin|Spikes
|move|p2a: Ace (5’6)|Knock Off|p1a: Skarmory
|-damage|p1a: Skarmory|90/100
|-enditem|p1a: Skarmory|Rocky Helmet|[from] move: Knock Off|[of] p2a: Ace (5’6)
|
|-weather|Sandstorm|[upkeep]
|upkeep
|turn|7
|
|t:|1776271983
|move|p1a: Skarmory|Spikes|p2a: Ace (5’6)
|-sidestart|p2: Monkey D MinMin|Spikes
|move|p2a: Ace (5’6)|Psychic Noise|p1a: Skarmory
|-resisted|p1a: Skarmory
|-damage|p1a: Skarmory|68/100
|-start|p1a: Skarmory|move: Heal Block
|
|-weather|Sandstorm|[upkeep]
|upkeep
|turn|8
|
|t:|1776271986
|switch|p1a: Weavile|Weavile, F, shiny|88/100
|-ability|p1a: Weavile|Pressure
|move|p2a: Ace (5’6)|Knock Off|p1a: Weavile
|-resisted|p1a: Weavile
|-damage|p1a: Weavile|75/100
|-enditem|p1a: Weavile|Heavy-Duty Boots|[from] move: Knock Off|[of] p2a: Ace (5’6)
|
|-weather|none
|upkeep
|turn|9
|
|t:|1776271989
|switch|p2a: Amaya papaya|Toxapex, F|93/100
|-damage|p2a: Amaya papaya|68/100|[from] Spikes
|move|p1a: Weavile|Swords Dance|p1a: Weavile
|-boost|p1a: Weavile|atk|2
|
|upkeep
|turn|10
|
|t:|1776271991
|move|p2a: Amaya papaya|Baneful Bunker|p2a: Amaya papaya
|-singleturn|p2a: Amaya papaya|move: Protect
|move|p1a: Weavile|Knock Off|p2a: Amaya papaya
|-activate|p2a: Amaya papaya|move: Protect
|-status|p1a: Weavile|psn
|
|-damage|p1a: Weavile|62/100 psn|[from] psn
|upkeep
|turn|11
|
|t:|1776271993
|move|p1a: Weavile|Knock Off|p2a: Amaya papaya
|-damage|p2a: Amaya papaya|33/100
|move|p2a: Amaya papaya|Recover|p2a: Amaya papaya
|-heal|p2a: Amaya papaya|83/100
|
|-damage|p1a: Weavile|50/100 psn|[from] psn
|upkeep
|turn|12
|
|t:|1776271996
|switch|p1a: Garganacl|Garganacl, F, shiny|100/100
|move|p2a: Amaya papaya|Sludge Bomb|p1a: Garganacl
|-resisted|p1a: Garganacl
|-damage|p1a: Garganacl|95/100
|
|-heal|p1a: Garganacl|100/100|[from] item: Leftovers
|upkeep
|turn|13
|
|t:|1776271998
|switch|p2a: Ace (5’6)|Reuniclus, F|100/100
|move|p1a: Garganacl|Curse|p1a: Garganacl
|-unboost|p1a: Garganacl|spe|1
|-boost|p1a: Garganacl|atk|1
|-boost|p1a: Garganacl|def|1
|
|upkeep
|turn|14
|
|t:|1776272011
|switch|p1a: Skarmory|Skarmory, F|68/100
|move|p2a: Ace (5’6)|Knock Off|p1a: Skarmory
|-damage|p1a: Skarmory|62/100
|
|upkeep
|turn|15
|
|t:|1776272014
|move|p1a: Skarmory|Roost|p1a: Skarmory
|-heal|p1a: Skarmory|100/100
|-singleturn|p1a: Skarmory|move: Roost
|move|p2a: Ace (5’6)|Psychic Noise|p1a: Skarmory
|-resisted|p1a: Skarmory
|-damage|p1a: Skarmory|80/100
|-start|p1a: Skarmory|move: Heal Block
|
|upkeep
|turn|16
|
|t:|1776272016
|move|p1a: Skarmory|Iron Defense|p1a: Skarmory
|-boost|p1a: Skarmory|def|2
|move|p2a: Ace (5’6)|Knock Off|p1a: Skarmory
|-damage|p1a: Skarmory|77/100
|
|-end|p1a: Skarmory|move: Heal Block
|upkeep
|turn|17
|
|t:|1776272019
|move|p1a: Skarmory|Body Press|p2a: Ace (5’6)
|-resisted|p2a: Ace (5’6)
|-damage|p2a: Ace (5’6)|78/100
|move|p2a: Ace (5’6)|Psychic Noise|p1a: Skarmory
|-resisted|p1a: Skarmory
|-damage|p1a: Skarmory|54/100
|-start|p1a: Skarmory|move: Heal Block
|
|upkeep
|turn|18
|
|t:|1776272021
|move|p1a: Skarmory|Iron Defense|p1a: Skarmory
|-boost|p1a: Skarmory|def|2
|move|p2a: Ace (5’6)|Recover|p2a: Ace (5’6)
|-heal|p2a: Ace (5’6)|100/100
|
|-end|p1a: Skarmory|move: Heal Block
|upkeep
|turn|19
|
|t:|1776272026
|switch|p2a: ChellAce|Clodsire, F|100/100
|move|p1a: Skarmory|Roost|p1a: Skarmory
|-heal|p1a: Skarmory|100/100
|-singleturn|p1a: Skarmory|move: Roost
|
|upkeep
|turn|20
|
|t:|1776272029
|move|p1a: Skarmory|Body Press|p2a: ChellAce
|-resisted|p2a: ChellAce
|-damage|p2a: ChellAce|83/100
|move|p2a: ChellAce|Earthquake|p1a: Skarmory
|-immune|p1a: Skarmory
|
|upkeep
|turn|21
|
|t:|1776272032
|switch|p1a: Excadrill|Excadrill, M|100/100
|-item|p1a: Excadrill|Air Balloon
|move|p2a: ChellAce|Stealth Rock|p1a: Excadrill
|-sidestart|p1: ChokingOnMatcha|move: Stealth Rock
|
|upkeep
|turn|22
|
|t:|1776272035
|switch|p2a: No cool name|Corviknight, F|100/100
|-ability|p2a: No cool name|Pressure
|move|p1a: Excadrill|Rapid Spin|p2a: No cool name
|-resisted|p2a: No cool name
|-damage|p2a: No cool name|94/100
|-boost|p1a: Excadrill|spe|1
|-sideend|p1: ChokingOnMatcha|Toxic Spikes|[from] move: Rapid Spin|[of] p1a: Excadrill
|-sideend|p1: ChokingOnMatcha|Stealth Rock|[from] move: Rapid Spin|[of] p1a: Excadrill
|
|upkeep
|turn|23
|
|t:|1776272039
|switch|p1a: Sinistcha|Sinistcha, shiny|100/100
|move|p2a: No cool name|Defog|p1a: Sinistcha
|-unboost|p1a: Sinistcha|evasion|1
|-sideend|p2: Monkey D MinMin|Spikes|[from] move: Defog|[of] p2a: No cool name
|
|upkeep
|turn|24
|
|t:|1776272043
|switch|p2a: THE VILLA!!!|Blissey, F, shiny|100/100
|switch|p1a: Hippowdon|Hippowdon, M|100/100
|-weather|Sandstorm|[from] ability: Sand Stream|[of] p1a: Hippowdon
|
|-weather|Sandstorm|[upkeep]
|-damage|p2a: THE VILLA!!!|94/100|[from] Sandstorm
|upkeep
|turn|25
|
|t:|1776272052
|switch|p2a: Amaya papaya|Toxapex, F|100/100
|move|p1a: Hippowdon|Earthquake|p2a: Amaya papaya
|-supereffective|p2a: Amaya papaya
|-damage|p2a: Amaya papaya|53/100
|
|-weather|Sandstorm|[upkeep]
|-damage|p2a: Amaya papaya|47/100|[from] Sandstorm
|upkeep
|turn|26
|j| North Ryder
|
|t:|1776272056
|switch|p2a: Ace (5’6)|Reuniclus, F|100/100
|move|p1a: Hippowdon|Earthquake|p2a: Ace (5’6)
|-damage|p2a: Ace (5’6)|74/100
|
|-weather|Sandstorm|[upkeep]
|upkeep
|turn|27
|l| North Ryder
|
|t:|1776272060
|move|p1a: Hippowdon|Earthquake|p2a: Ace (5’6)
|-damage|p2a: Ace (5’6)|46/100
|move|p2a: Ace (5’6)|Knock Off|p1a: Hippowdon
|-damage|p1a: Hippowdon|90/100
|-enditem|p1a: Hippowdon|Smooth Rock|[from] move: Knock Off|[of] p2a: Ace (5’6)
|
|-weather|Sandstorm|[upkeep]
|upkeep
|turn|28
|
|t:|1776272063
|move|p1a: Hippowdon|Stealth Rock|p2a: Ace (5’6)
|-sidestart|p2: Monkey D MinMin|move: Stealth Rock
|move|p2a: Ace (5’6)|Recover|p2a: Ace (5’6)
|-heal|p2a: Ace (5’6)|96/100
|
|-weather|Sandstorm|[upkeep]
|upkeep
|turn|29
|
|t:|1776272068
|switch|p1a: Skarmory|Skarmory, F|100/100
|move|p2a: Ace (5’6)|Knock Off|p1a: Skarmory
|-damage|p1a: Skarmory|94/100
|
|-weather|Sandstorm|[upkeep]
|upkeep
|turn|30
|
|t:|1776272072
|switch|p2a: Amaya papaya|Toxapex, F|80/100
|-damage|p2a: Amaya papaya|68/100|[from] Stealth Rock
|move|p1a: Skarmory|Iron Defense|p1a: Skarmory
|-boost|p1a: Skarmory|def|2
|
|-weather|Sandstorm|[upkeep]
|-damage|p2a: Amaya papaya|62/100|[from] Sandstorm
|upkeep
|turn|31
|
|t:|1776272076
|switch|p2a: ChellAce|Clodsire, F|83/100
|move|p1a: Skarmory|Iron Defense|p1a: Skarmory
|-boost|p1a: Skarmory|def|2
|
|-weather|none
|upkeep
|turn|32
|j| Alkasjdflakzdsfjg
|l| Alkasjdflakzdsfjg
|
|t:|1776272080
|switch|p1a: Excadrill|Excadrill, M|100/100
|-item|p1a: Excadrill|Air Balloon
|move|p2a: ChellAce|Stealth Rock|p1a: Excadrill
|-sidestart|p1: ChokingOnMatcha|move: Stealth Rock
|
|upkeep
|turn|33
|
|t:|1776272083
|switch|p2a: No cool name|Corviknight, F|94/100
|-ability|p2a: No cool name|Pressure
|move|p1a: Excadrill|Rapid Spin|p2a: No cool name
|-resisted|p2a: No cool name
|-damage|p2a: No cool name|87/100
|-boost|p1a: Excadrill|spe|1
|-sideend|p1: ChokingOnMatcha|Stealth Rock|[from] move: Rapid Spin|[of] p1a: Excadrill
|
|upkeep
|turn|34
|
|t:|1776272096
|switch|p1a: Hippowdon|Hippowdon, M|90/100
|-weather|Sandstorm|[from] ability: Sand Stream|[of] p1a: Hippowdon
|move|p2a: No cool name|Defog|p1a: Hippowdon
|-unboost|p1a: Hippowdon|evasion|1
|-sideend|p2: Monkey D MinMin|Stealth Rock|[from] move: Defog|[of] p2a: No cool name
|
|-weather|Sandstorm|[upkeep]
|upkeep
|turn|35
|
|t:|1776272100
|move|p2a: No cool name|Body Press|p1a: Hippowdon
|-damage|p1a: Hippowdon|70/100
|move|p1a: Hippowdon|Stealth Rock|p2a: No cool name
|-sidestart|p2: Monkey D MinMin|move: Stealth Rock
|
|-weather|Sandstorm|[upkeep]
|upkeep
|turn|36
|
|t:|1776272107
|switch|p1a: Skarmory|Skarmory, F|94/100
|move|p2a: No cool name|Defog|p1a: Skarmory
|-unboost|p1a: Skarmory|evasion|1
|-sideend|p2: Monkey D MinMin|Stealth Rock|[from] move: Defog|[of] p2a: No cool name
|
|-weather|Sandstorm|[upkeep]
|upkeep
|turn|37
|
|t:|1776272116
|switch|p2a: ChellAce|Clodsire, F|83/100
|move|p1a: Skarmory|Spikes|p2a: ChellAce
|-sidestart|p2: Monkey D MinMin|Spikes
|
|-weather|Sandstorm|[upkeep]
|upkeep
|turn|38
|
|t:|1776272120
|switch|p1a: Excadrill|Excadrill, M|100/100
|-item|p1a: Excadrill|Air Balloon
|move|p2a: ChellAce|Stealth Rock|p1a: Excadrill
|-sidestart|p1: ChokingOnMatcha|move: Stealth Rock
|
|-weather|none
|upkeep
|turn|39
|
|t:|1776272125
|switch|p2a: No cool name|Corviknight, F|87/100
|-ability|p2a: No cool name|Pressure
|move|p1a: Excadrill|Rapid Spin|p2a: No cool name
|-resisted|p2a: No cool name
|-crit|p2a: No cool name
|-damage|p2a: No cool name|77/100
|-boost|p1a: Excadrill|spe|1
|-sideend|p1: ChokingOnMatcha|Stealth Rock|[from] move: Rapid Spin|[of] p1a: Excadrill
|
|upkeep
|turn|40
|
|t:|1776272136
|switch|p1a: Hippowdon|Hippowdon, M|70/100
|-weather|Sandstorm|[from] ability: Sand Stream|[of] p1a: Hippowdon
|switch|p2a: Amaya papaya|Toxapex, F|96/100
|-damage|p2a: Amaya papaya|83/100|[from] Spikes
|
|-weather|Sandstorm|[upkeep]
|-damage|p2a: Amaya papaya|77/100|[from] Sandstorm
|upkeep
|turn|41
|
|t:|1776272141
|move|p1a: Hippowdon|Earthquake|p2a: Amaya papaya
|-supereffective|p2a: Amaya papaya
|-damage|p2a: Amaya papaya|28/100
|move|p2a: Amaya papaya|Sludge Bomb|p1a: Hippowdon
|-resisted|p1a: Hippowdon
|-damage|p1a: Hippowdon|63/100
|
|-weather|Sandstorm|[upkeep]
|-damage|p2a: Amaya papaya|22/100|[from] Sandstorm
|upkeep
|turn|42
|
|t:|1776272144
|switch|p2a: No cool name|Corviknight, F|77/100
|-ability|p2a: No cool name|Pressure
|move|p1a: Hippowdon|Stealth Rock|p2a: No cool name
|-sidestart|p2: Monkey D MinMin|move: Stealth Rock
|
|-weather|Sandstorm|[upkeep]
|upkeep
|turn|43
|
|t:|1776272150
|switch|p1a: Skarmory|Skarmory, F|94/100
|move|p2a: No cool name|Defog|p1a: Skarmory
|-unboost|p1a: Skarmory|evasion|1
|-sideend|p2: Monkey D MinMin|Spikes|[from] move: Defog|[of] p2a: No cool name
|-sideend|p2: Monkey D MinMin|Stealth Rock|[from] move: Defog|[of] p2a: No cool name
|
|-weather|Sandstorm|[upkeep]
|upkeep
|turn|44
|
|t:|1776272152
|switch|p2a: Amaya papaya|Toxapex, F|55/100
|move|p1a: Skarmory|Spikes|p2a: Amaya papaya
|-sidestart|p2: Monkey D MinMin|Spikes
|
|-weather|none
|upkeep
|turn|45
|
|t:|1776272158
|switch|p1a: Garganacl|Garganacl, F, shiny|100/100
|switch|p2a: ChellAce|Clodsire, F|83/100
|
|upkeep
|turn|46
|
|t:|1776272161
|switch|p2a: Ace (5’6)|Reuniclus, F|96/100
|move|p1a: Garganacl|Salt Cure|p2a: Ace (5’6)
|-damage|p2a: Ace (5’6)|87/100
|-start|p2a: Ace (5’6)|Salt Cure
|
|upkeep
|turn|47
|
|t:|1776272166
|switch|p2a: ChellAce|Clodsire, F|83/100
|switch|p1a: Skarmory|Skarmory, F|94/100
|
|upkeep
|turn|48
|
|t:|1776272169
|switch|p1a: Excadrill|Excadrill, M|100/100
|-item|p1a: Excadrill|Air Balloon
|switch|p2a: Ace (5’6)|Reuniclus, F|87/100
|
|upkeep
|turn|49
|
|t:|1776272171
|switch|p1a: Skarmory|Skarmory, F|94/100
|move|p2a: Ace (5’6)|Knock Off|p1a: Skarmory
|-damage|p1a: Skarmory|87/100
|
|upkeep
|turn|50
|
|t:|1776272174
|switch|p2a: ChellAce|Clodsire, F|83/100
|move|p1a: Skarmory|Iron Defense|p1a: Skarmory
|-boost|p1a: Skarmory|def|2
|
|upkeep
|turn|51
|
|t:|1776272176
|switch|p1a: Excadrill|Excadrill, M|100/100
|-item|p1a: Excadrill|Air Balloon
|move|p2a: ChellAce|Stealth Rock|p1a: Excadrill
|-sidestart|p1: ChokingOnMatcha|move: Stealth Rock
|
|upkeep
|turn|52
|
|t:|1776272185
|switch|p2a: No cool name|Corviknight, F|77/100
|-ability|p2a: No cool name|Pressure
|move|p1a: Excadrill|Rapid Spin|p2a: No cool name
|-resisted|p2a: No cool name
|-damage|p2a: No cool name|71/100
|-boost|p1a: Excadrill|spe|1
|-sideend|p1: ChokingOnMatcha|Stealth Rock|[from] move: Rapid Spin|[of] p1a: Excadrill
|
|upkeep
|turn|53
|
|t:|1776272193
|switch|p1a: Skarmory|Skarmory, F|87/100
|switch|p2a: Ace (5’6)|Reuniclus, F|87/100
|
|upkeep
|turn|54
|
|t:|1776272198
|switch|p1a: Excadrill|Excadrill, M|100/100
|-item|p1a: Excadrill|Air Balloon
|move|p2a: Ace (5’6)|Psychic Noise|p1a: Excadrill
|-resisted|p1a: Excadrill
|-damage|p1a: Excadrill|81/100
|-start|p1a: Excadrill|move: Heal Block
|-enditem|p1a: Excadrill|Air Balloon
|
|upkeep
|turn|55
|
|t:|1776272203
|switch|p2a: No cool name|Corviknight, F|71/100
|-ability|p2a: No cool name|Pressure
|move|p1a: Excadrill|Earthquake|p2a: No cool name
|-immune|p2a: No cool name
|
|-end|p1a: Excadrill|move: Heal Block
|upkeep
|turn|56
|
|t:|1776272208
|move|p1a: Excadrill|Swords Dance|p1a: Excadrill
|-boost|p1a: Excadrill|atk|2
|move|p2a: No cool name|Body Press|p1a: Excadrill
|-supereffective|p1a: Excadrill
|-damage|p1a: Excadrill|2/100
|
|upkeep
|turn|57
|
|t:|1776272210
|switch|p2a: Grosododk|Dondozo, F|100/100
|move|p1a: Excadrill|Iron Head|p2a: Grosododk
|-resisted|p2a: Grosododk
|-damage|p2a: Grosododk|90/100
|
|upkeep
|turn|58
|j| North Ryder
|
|t:|1776272217
|move|p1a: Excadrill|Earthquake|p2a: Grosododk
|-damage|p2a: Grosododk|63/100
|move|p2a: Grosododk|Waterfall|p1a: Excadrill
|-supereffective|p1a: Excadrill
|-damage|p1a: Excadrill|0 fnt
|faint|p1a: Excadrill
|
|upkeep
|
|t:|1776272220
|switch|p1a: Garganacl|Garganacl, F, shiny|100/100
|turn|59
|
|t:|1776272223
|switch|p2a: Ace (5’6)|Reuniclus, F|87/100
|move|p1a: Garganacl|Curse|p1a: Garganacl
|-unboost|p1a: Garganacl|spe|1
|-boost|p1a: Garganacl|atk|1
|-boost|p1a: Garganacl|def|1
|
|upkeep
|turn|60
|
|t:|1776272224
|move|p2a: Ace (5’6)|Knock Off|p1a: Garganacl
|-damage|p1a: Garganacl|94/100
|-enditem|p1a: Garganacl|Leftovers|[from] move: Knock Off|[of] p2a: Ace (5’6)
|move|p1a: Garganacl|Curse|p1a: Garganacl
|-unboost|p1a: Garganacl|spe|1
|-boost|p1a: Garganacl|atk|1
|-boost|p1a: Garganacl|def|1
|
|upkeep
|turn|61
|
|t:|1776272226
|move|p2a: Ace (5’6)|Psychic Noise|p1a: Garganacl
|-damage|p1a: Garganacl|72/100
|-start|p1a: Garganacl|move: Heal Block
|move|p1a: Garganacl|Ice Punch|p2a: Ace (5’6)
|-damage|p2a: Ace (5’6)|63/100
|
|upkeep
|turn|62
|
|t:|1776272229
|move|p2a: Ace (5’6)|Psychic Noise|p1a: Garganacl
|-damage|p1a: Garganacl|51/100
|move|p1a: Garganacl|Ice Punch|p2a: Ace (5’6)
|-damage|p2a: Ace (5’6)|40/100
|
|-end|p1a: Garganacl|move: Heal Block
|upkeep
|turn|63
|
|t:|1776272231
|move|p2a: Ace (5’6)|Recover|p2a: Ace (5’6)
|-heal|p2a: Ace (5’6)|90/100
|move|p1a: Garganacl|Ice Punch|p2a: Ace (5’6)
|-damage|p2a: Ace (5’6)|67/100
|
|upkeep
|turn|64
|
|t:|1776272233
|move|p2a: Ace (5’6)|Psychic Noise|p1a: Garganacl
|-damage|p1a: Garganacl|29/100
|-start|p1a: Garganacl|move: Heal Block
|move|p1a: Garganacl|Ice Punch|p2a: Ace (5’6)
|-damage|p2a: Ace (5’6)|45/100
|
|upkeep
|turn|65
|
|t:|1776272234
|move|p2a: Ace (5’6)|Recover|p2a: Ace (5’6)
|-heal|p2a: Ace (5’6)|95/100
|move|p1a: Garganacl|Ice Punch|p2a: Ace (5’6)
|-damage|p2a: Ace (5’6)|70/100
|
|-end|p1a: Garganacl|move: Heal Block
|upkeep
|turn|66
|
|t:|1776272237
|move|p2a: Ace (5’6)|Psychic Noise|p1a: Garganacl
|-damage|p1a: Garganacl|9/100
|-start|p1a: Garganacl|move: Heal Block
|move|p1a: Garganacl|Ice Punch|p2a: Ace (5’6)
|-damage|p2a: Ace (5’6)|46/100
|
|upkeep
|turn|67
|
|t:|1776272239
|move|p2a: Ace (5’6)|Recover|p2a: Ace (5’6)
|-heal|p2a: Ace (5’6)|96/100
|move|p1a: Garganacl|Ice Punch|p2a: Ace (5’6)
|-damage|p2a: Ace (5’6)|74/100
|
|-end|p1a: Garganacl|move: Heal Block
|upkeep
|turn|68
|
|t:|1776272240
|move|p2a: Ace (5’6)|Psychic Noise|p1a: Garganacl
|-damage|p1a: Garganacl|0 fnt
|faint|p1a: Garganacl
|
|upkeep
|-message|ChokingOnMatcha forfeited.
|
|win|Monkey D MinMin
|raw|ChokingOnMatcha's rating: 1662 &rarr; <strong>1651</strong><br />(-11 for losing)
|raw|Monkey D MinMin's rating: 1821 &rarr; <strong>1832</strong><br />(+11 for winning)
|l|☆ChokingOnMatcha
|player|p1|
|c|☆Monkey D MinMin|Gg
