|j|☆Togeking123
|j|☆Bloertcher
|inactive|Battle timer is ON: inactive players will automatically lose when time's up.
|t:|1776133017
|gametype|singles
|player|p1|Togeking123|lana|
|player|p2|Bloertcher|hiker|
|gen|9
|tier|[Gen 9] OU
|rated|Tournament battle
|rule|HP Percentage Mod: HP is shown in percentages
|rule|Endless Battle Clause: Forcing endless battles is banned
|rule|Species Clause: Limit one of each Pokémon
|rule|OHKO Clause: OHKO moves are banned
|rule|Evasion Items Clause: Evasion items are banned
|rule|Evasion Moves Clause: Evasion moves are banned
|rule|Evasion Abilities Clause: Evasion abilities are banned
|rule|Sleep Moves Clause: Sleep-inducing moves are banned
|raw|<div class="infobox"><details class="readmore"><summary><strong>15 custom rules:</strong></summary> -burmy, -caterpie, -combee, -kricketot, -magikarp, -scatterbug, -sunkern, -tynamo, -typenull, -weedle, -wurmple, -cosmog, -blipbug, -snom, -wynaut</details></div>
|clearpoke
|poke|p1|Dunsparce, M|
|poke|p1|Kingambit, F|
|poke|p1|Palossand, F|
|poke|p1|Primarina, F|
|poke|p1|Reuniclus, M|
|poke|p2|Krookodile, M|
|poke|p2|Clawitzer, M|
|poke|p2|Hariyama, M|
|poke|p2|Araquanid, M|
|poke|p2|Garchomp, M|
|teampreview
|j|*Lady Monita 
|inactive|Bloertcher also wants the timer to be on.
|j| michael ly
|j| Chaoticxdayz21
|c|☆Bloertcher|glhf
|
|t:|1776133032
|teamsize|p1|5
|teamsize|p2|5
|start
|switch|p1a: GOAT's Maid|Primarina, F|100/100
|switch|p2a: Pokemon Champions|Araquanid, M, shiny|100/100
|turn|1
|
|t:|1776133044
|move|p1a: GOAT's Maid|Moonblast|p2a: Pokemon Champions
|-damage|p2a: Pokemon Champions|59/100
|-unboost|p2a: Pokemon Champions|spa|1
|move|p2a: Pokemon Champions|Poison Jab|p1a: GOAT's Maid
|-supereffective|p1a: GOAT's Maid
|-damage|p1a: GOAT's Maid|52/100
|
|upkeep
|turn|2
|
|t:|1776133052
|switch|p1a: Kingambit|Kingambit, F|100/100
|move|p2a: Pokemon Champions|Poison Jab|p1a: Kingambit
|-immune|p1a: Kingambit
|
|upkeep
|turn|3
|
|t:|1776133062
|move|p1a: Kingambit|Kowtow Cleave|p2a: Pokemon Champions
|-damage|p2a: Pokemon Champions|0 fnt
|faint|p2a: Pokemon Champions
|
|upkeep
|
|t:|1776133066
|switch|p2a: Handsy|Hariyama, M, shiny|100/100
|turn|4
|
|t:|1776133070
|switch|p1a: GOAT's Castle|Palossand, F|100/100
|move|p2a: Handsy|Knock Off|p1a: GOAT's Castle
|-supereffective|p1a: GOAT's Castle
|-damage|p1a: GOAT's Castle|41/100
|-enditem|p1a: GOAT's Castle|Leftovers|[from] move: Knock Off|[of] p2a: Handsy
|
|-status|p2a: Handsy|brn|[from] item: Flame Orb
|upkeep
|turn|5
|
|t:|1776133076
|move|p2a: Handsy|Knock Off|p1a: GOAT's Castle
|-supereffective|p1a: GOAT's Castle
|-damage|p1a: GOAT's Castle|0 fnt
|faint|p1a: GOAT's Castle
|
|-damage|p2a: Handsy|94/100 brn|[from] brn
|upkeep
|j| Swappy_star
|l| Chaoticxdayz21
|
|t:|1776133103
|switch|p1a: GOAT|Dunsparce, M, shiny|100/100
|turn|6
|
|t:|1776133107
|move|p2a: Handsy|Knock Off|p1a: GOAT
|-damage|p1a: GOAT|58/100
|-enditem|p1a: GOAT|Eviolite|[from] move: Knock Off|[of] p2a: Handsy
|move|p1a: GOAT|Lunge|p2a: Handsy
|-resisted|p2a: Handsy
|-damage|p2a: Handsy|84/100 brn
|-unboost|p2a: Handsy|atk|1
|
|-damage|p2a: Handsy|78/100 brn|[from] brn
|upkeep
|turn|7
|
|t:|1776133111
|move|p2a: Handsy|Close Combat|p1a: GOAT
|-supereffective|p1a: GOAT
|-damage|p1a: GOAT|0 fnt
|-unboost|p2a: Handsy|def|1
|-unboost|p2a: Handsy|spd|1
|faint|p1a: GOAT
|
|-damage|p2a: Handsy|72/100 brn|[from] brn
|upkeep
|j| Chulbule
|
|t:|1776133121
|switch|p1a: GOAT's...thing|Reuniclus, M|100/100
|turn|8
|
|t:|1776133125
|switch|p2a: Glasses|Krookodile, M, shiny|100/100
|-ability|p2a: Glasses|Intimidate|boost
|-unboost|p1a: GOAT's...thing|atk|1
|move|p1a: GOAT's...thing|Trick Room|p1a: GOAT's...thing
|-fieldstart|move: Trick Room|[of] p1a: GOAT's...thing
|
|upkeep
|turn|9
|
|t:|1776133134
|switch|p1a: Kingambit|Kingambit, F|100/100
|move|p2a: Glasses|Crunch|p1a: Kingambit
|-resisted|p1a: Kingambit
|-damage|p1a: Kingambit|81/100
|-damage|p2a: Glasses|91/100|[from] item: Life Orb
|
|upkeep
|turn|10
|
|t:|1776133140
|move|p1a: Kingambit|Kowtow Cleave|p2a: Glasses
|-resisted|p2a: Glasses
|-damage|p2a: Glasses|50/100
|move|p2a: Glasses|Earthquake|p1a: Kingambit
|-supereffective|p1a: Kingambit
|-damage|p1a: Kingambit|0 fnt
|faint|p1a: Kingambit
|-damage|p2a: Glasses|40/100|[from] item: Life Orb
|
|upkeep
|
|t:|1776133151
|switch|p1a: GOAT's Maid|Primarina, F|52/100
|turn|11
|
|t:|1776133155
|move|p1a: GOAT's Maid|Hyper Voice|p2a: Glasses
|-supereffective|p2a: Glasses
|-damage|p2a: Glasses|0 fnt
|faint|p2a: Glasses
|-enditem|p1a: GOAT's Maid|Throat Spray
|-boost|p1a: GOAT's Maid|spa|1|[from] item: Throat Spray
|
|upkeep
|c| michael ly|No, where's the Steel type move on Kingambit
|c| michael ly|?
|
|t:|1776133165
|switch|p2a: Handsy|Hariyama, M, shiny|72/100 brn
|turn|12
|c|☆Togeking123|i ran out of time to make kingambit the way i wanted to
|j| AllHailDudunsparce
|
|t:|1776133171
|move|p2a: Handsy|Fake Out|p1a: GOAT's Maid
|-damage|p1a: GOAT's Maid|25/100
|cant|p1a: GOAT's Maid|flinch
|
|-damage|p2a: Handsy|66/100 brn|[from] brn
|-fieldend|move: Trick Room
|upkeep
|turn|13
|
|t:|1776133178
|-terastallize|p2a: Handsy|Steel
|move|p2a: Handsy|Bullet Punch|p1a: GOAT's Maid
|-damage|p1a: GOAT's Maid|0 fnt
|faint|p1a: GOAT's Maid
|
|-damage|p2a: Handsy|60/100 brn|[from] brn
|upkeep
|
|t:|1776133181
|switch|p1a: GOAT's...thing|Reuniclus, M|100/100
|turn|14
|l| AllHailDudunsparce
|
|t:|1776133191
|-terastallize|p1a: GOAT's...thing|Fighting
|move|p2a: Handsy|Knock Off|p1a: GOAT's...thing
|-resisted|p1a: GOAT's...thing
|-damage|p1a: GOAT's...thing|82/100
|-enditem|p1a: GOAT's...thing|Leftovers|[from] move: Knock Off|[of] p2a: Handsy
|move|p1a: GOAT's...thing|Calm Mind|p1a: GOAT's...thing
|-boost|p1a: GOAT's...thing|spa|1
|-boost|p1a: GOAT's...thing|spd|1
|
|-damage|p2a: Handsy|54/100 brn|[from] brn
|upkeep
|turn|15
|
|t:|1776133200
|move|p2a: Handsy|Close Combat|p1a: GOAT's...thing
|-damage|p1a: GOAT's...thing|14/100
|-unboost|p2a: Handsy|def|1
|-unboost|p2a: Handsy|spd|1
|move|p1a: GOAT's...thing|Psychic|p2a: Handsy
|-resisted|p2a: Handsy
|-damage|p2a: Handsy|9/100 brn
|
|-damage|p2a: Handsy|3/100 brn|[from] brn
|upkeep
|turn|16
|c|☆Togeking123|ggs
|
|t:|1776133207
|move|p2a: Handsy|Bullet Punch|p1a: GOAT's...thing
|-damage|p1a: GOAT's...thing|0 fnt
|faint|p1a: GOAT's...thing
|
|win|Bloertcher
|n|☆Togeking123|togeking123
|n|☆Bloertcher|bloertcher
|n|*Lady Monita |ladymonita
|n| michael ly|michaelly
|n| Swappy_star|swappystar
|n| Chulbule|chulbule
