|html|<div class="broadcast-blue"><strong>[Gen 9] OU is currently suspecting Tera Blast! For information on how to participate check out the <a href="https://www.smogon.com/tools/suspects/view/200">suspect thread</a>.</strong></div>
|j|☆Littleblackberry
|j|☆t7pu
|t:|1776065167
|gametype|singles
|player|p1|Littleblackberry|skierf|1228
|player|p2|t7pu|1|1284
|gen|9
|tier|[Gen 9] OU
|rated|
|rule|HP Percentage Mod: HP is shown in percentages
|rule|Endless Battle Clause: Forcing endless battles is banned
|rule|Species Clause: Limit one of each Pokémon
|rule|OHKO Clause: OHKO moves are banned
|rule|Evasion Items Clause: Evasion items are banned
|rule|Evasion Moves Clause: Evasion moves are banned
|rule|Evasion Abilities Clause: Evasion abilities are banned
|rule|Sleep Moves Clause: Sleep-inducing moves are banned
|clearpoke
|poke|p1|Walking Wake|
|poke|p1|Slither Wing|
|poke|p1|Great Tusk|
|poke|p1|Ninetales, F|
|poke|p1|Blaziken, F|
|poke|p1|Moltres|
|poke|p2|Zapdos|
|poke|p2|Pecharunt|
|poke|p2|Cinderace, F|
|poke|p2|Lilligant-Hisui, F|
|poke|p2|Iron Treads|
|poke|p2|Primarina, M|
|teampreview
|
|t:|1776065192
|teamsize|p1|6
|teamsize|p2|6
|start
|switch|p1a: Ninetales|Ninetales, F, shiny|100/100
|switch|p2a: Primarina|Primarina, M|100/100
|-weather|SunnyDay|[from] ability: Drought|[of] p1a: Ninetales
|turn|1
|
|t:|1776065209
|-terastallize|p1a: Ninetales|Water
|move|p1a: Ninetales|Solar Beam||[still]
|-prepare|p1a: Ninetales|Solar Beam
|-anim|p1a: Ninetales|Solar Beam|p2a: Primarina
|-supereffective|p2a: Primarina
|-damage|p2a: Primarina|75/100
|move|p2a: Primarina|Psychic Noise|p1a: Ninetales
|-resisted|p1a: Ninetales
|-damage|p1a: Ninetales|91/100
|-start|p1a: Ninetales|move: Heal Block
|
|-weather|SunnyDay|[upkeep]
|upkeep
|turn|2
|
|t:|1776065240
|switch|p2a: Zapdos|Zapdos|100/100
|move|p1a: Ninetales|Solar Beam||[still]
|-prepare|p1a: Ninetales|Solar Beam
|-anim|p1a: Ninetales|Solar Beam|p2a: Zapdos
|-resisted|p2a: Zapdos
|-damage|p2a: Zapdos|86/100
|
|-weather|SunnyDay|[upkeep]
|-end|p1a: Ninetales|move: Heal Block
|upkeep
|turn|3
|
|t:|1776065250
|switch|p1a: Great Tusk|Great Tusk|100/100
|-activate|p1a: Great Tusk|ability: Protosynthesis
|-start|p1a: Great Tusk|protosynthesisspe
|move|p2a: Zapdos|Thunder Wave|p1a: Great Tusk
|-immune|p1a: Great Tusk
|
|-weather|SunnyDay|[upkeep]
|upkeep
|turn|4
|
|t:|1776065255
|move|p1a: Great Tusk|Ice Spinner|p2a: Zapdos
|-supereffective|p2a: Zapdos
|-damage|p2a: Zapdos|53/100
|move|p2a: Zapdos|Hurricane|p1a: Great Tusk|[miss]
|-miss|p2a: Zapdos|p1a: Great Tusk
|
|-weather|SunnyDay|[upkeep]
|upkeep
|turn|5
|
|t:|1776065273
|move|p1a: Great Tusk|Ice Spinner|p2a: Zapdos
|-supereffective|p2a: Zapdos
|-damage|p2a: Zapdos|18/100
|move|p2a: Zapdos|Roost|p2a: Zapdos
|-heal|p2a: Zapdos|68/100
|-singleturn|p2a: Zapdos|move: Roost
|
|-weather|SunnyDay|[upkeep]
|upkeep
|turn|6
|
|t:|1776065296
|-end|p1a: Great Tusk|Protosynthesis|[silent]
|switch|p1a: Walking Wake|Walking Wake|100/100
|-activate|p1a: Walking Wake|ability: Protosynthesis
|-start|p1a: Walking Wake|protosynthesisspe
|switch|p2a: Iron Treads|Iron Treads, shiny|100/100
|
|-weather|SunnyDay|[upkeep]
|upkeep
|turn|7
|
|t:|1776065319
|-end|p2a: Iron Treads|Quark Drive|[silent]
|switch|p2a: Primarina|Primarina, M|75/100
|move|p1a: Walking Wake|Hydro Steam|p2a: Primarina
|-resisted|p2a: Primarina
|-damage|p2a: Primarina|54/100
|
|-weather|SunnyDay|[upkeep]
|upkeep
|turn|8
|
|t:|1776065330
|-end|p1a: Walking Wake|Protosynthesis|[silent]
|switch|p1a: Ninetales|Ninetales, F, shiny, tera:Water|91/100
|move|p2a: Primarina|Draining Kiss|p1a: Ninetales
|-damage|p1a: Ninetales|67/100
|-heal|p2a: Primarina|69/100|[from] drain|[of] p1a: Ninetales
|
|-weather|none
|upkeep
|turn|9
|
|t:|1776065338
|switch|p1a: Moltres|Moltres|100/100
|move|p2a: Primarina|Draining Kiss|p1a: Moltres
|-resisted|p1a: Moltres
|-damage|p1a: Moltres|91/100
|-heal|p2a: Primarina|75/100|[from] drain|[of] p1a: Moltres
|-damage|p2a: Primarina|59/100|[from] item: Rocky Helmet|[of] p1a: Moltres
|
|upkeep
|turn|10
|
|t:|1776065349
|move|p1a: Moltres|Will-O-Wisp|p2a: Primarina
|-status|p2a: Primarina|brn
|move|p2a: Primarina|Psychic Noise|p1a: Moltres
|-supereffective|p1a: Moltres
|-damage|p1a: Moltres|39/100
|-start|p1a: Moltres|move: Heal Block
|
|-damage|p2a: Primarina|53/100 brn|[from] brn
|upkeep
|turn|11
|
|t:|1776065365
|switch|p1a: Ninetales|Ninetales, F, shiny, tera:Water|67/100
|-weather|SunnyDay|[from] ability: Drought|[of] p1a: Ninetales
|move|p2a: Primarina|Moonblast|p1a: Ninetales
|-damage|p1a: Ninetales|13/100
|
|-weather|SunnyDay|[upkeep]
|-damage|p2a: Primarina|47/100 brn|[from] brn
|upkeep
|turn|12
|inactive|Battle timer is ON: inactive players will automatically lose when time's up. (requested by t7pu)
|
|t:|1776065411
|switch|p2a: Zapdos|Zapdos|68/100
|move|p1a: Ninetales|Solar Beam||[still]
|-prepare|p1a: Ninetales|Solar Beam
|-anim|p1a: Ninetales|Solar Beam|p2a: Zapdos
|-resisted|p2a: Zapdos
|-damage|p2a: Zapdos|52/100
|
|-weather|SunnyDay|[upkeep]
|upkeep
|turn|13
|
|t:|1776065419
|switch|p1a: Great Tusk|Great Tusk|100/100
|-activate|p1a: Great Tusk|ability: Protosynthesis
|-start|p1a: Great Tusk|protosynthesisspe
|move|p2a: Zapdos|Roost|p2a: Zapdos
|-heal|p2a: Zapdos|100/100
|-singleturn|p2a: Zapdos|move: Roost
|
|-weather|SunnyDay|[upkeep]
|upkeep
|turn|14
|
|t:|1776065433
|-end|p1a: Great Tusk|Protosynthesis|[silent]
|switch|p1a: Walking Wake|Walking Wake|100/100
|-activate|p1a: Walking Wake|ability: Protosynthesis
|-start|p1a: Walking Wake|protosynthesisspe
|move|p2a: Zapdos|Hurricane|p1a: Walking Wake|[miss]
|-miss|p2a: Zapdos|p1a: Walking Wake
|
|-weather|SunnyDay|[upkeep]
|upkeep
|turn|15
|
|t:|1776065441
|move|p1a: Walking Wake|Hydro Steam|p2a: Zapdos
|-damage|p2a: Zapdos|17/100
|move|p2a: Zapdos|Thunder Wave|p1a: Walking Wake
|-status|p1a: Walking Wake|par
|
|-weather|SunnyDay|[upkeep]
|upkeep
|turn|16
|
|t:|1776065448
|move|p1a: Walking Wake|Hydro Steam|p2a: Zapdos
|-damage|p2a: Zapdos|0 fnt
|faint|p2a: Zapdos
|
|-weather|SunnyDay|[upkeep]
|upkeep
|
|t:|1776065459
|switch|p2a: Lilligant|Lilligant-Hisui, F|100/100
|turn|17
|
|t:|1776065472
|-end|p1a: Walking Wake|Protosynthesis|[silent]
|switch|p1a: Moltres|Moltres|39/100
|move|p2a: Lilligant|Leaf Blade|p1a: Moltres
|-resisted|p1a: Moltres
|-damage|p1a: Moltres|18/100
|-damage|p2a: Lilligant|84/100|[from] item: Rocky Helmet|[of] p1a: Moltres
|
|-weather|SunnyDay|[upkeep]
|upkeep
|turn|18
|
|t:|1776065485
|move|p2a: Lilligant|Leaf Blade|p1a: Moltres
|-resisted|p1a: Moltres
|-damage|p1a: Moltres|0 fnt
|-damage|p2a: Lilligant|68/100|[from] item: Rocky Helmet|[of] p1a: Moltres
|-status|p2a: Lilligant|brn|[from] ability: Flame Body|[of] p1a: Moltres
|faint|p1a: Moltres
|
|-weather|none
|-damage|p2a: Lilligant|62/100 brn|[from] brn
|upkeep
|
|t:|1776065495
|switch|p1a: Ninetales|Ninetales, F, shiny, tera:Water|13/100
|-weather|SunnyDay|[from] ability: Drought|[of] p1a: Ninetales
|turn|19
|
|t:|1776065515
|switch|p1a: Slither Wing|Slither Wing, shiny|100/100
|-activate|p1a: Slither Wing|ability: Protosynthesis
|-start|p1a: Slither Wing|protosynthesisatk
|switch|p2a: Cinderace|Cinderace, F|100/100
|
|-weather|SunnyDay|[upkeep]
|upkeep
|turn|20
|
|t:|1776065530
|-end|p1a: Slither Wing|Protosynthesis|[silent]
|switch|p1a: Walking Wake|Walking Wake|100/100 par
|-activate|p1a: Walking Wake|ability: Protosynthesis
|-start|p1a: Walking Wake|protosynthesisspe
|move|p2a: Cinderace|Pyro Ball|p1a: Walking Wake
|-resisted|p1a: Walking Wake
|-damage|p1a: Walking Wake|82/100 par
|
|-weather|SunnyDay|[upkeep]
|upkeep
|turn|21
|
|t:|1776065537
|move|p2a: Cinderace|U-turn|p1a: Walking Wake
|-damage|p1a: Walking Wake|62/100 par
|
|t:|1776065552
|switch|p2a: Primarina|Primarina, M|47/100 brn|[from] U-turn
|move|p1a: Walking Wake|Hydro Steam|p2a: Primarina
|-resisted|p2a: Primarina
|-damage|p2a: Primarina|25/100 brn
|
|-weather|SunnyDay|[upkeep]
|-damage|p2a: Primarina|19/100 brn|[from] brn
|upkeep
|turn|22
|
|t:|1776065560
|cant|p1a: Walking Wake|par
|move|p2a: Primarina|Moonblast|p1a: Walking Wake
|-supereffective|p1a: Walking Wake
|-damage|p1a: Walking Wake|0 fnt
|faint|p1a: Walking Wake
|-end|p1a: Walking Wake|Protosynthesis|[silent]
|
|-weather|SunnyDay|[upkeep]
|-damage|p2a: Primarina|13/100 brn|[from] brn
|upkeep
|
|t:|1776065569
|switch|p1a: Blaziken|Blaziken, F, shiny|100/100
|turn|23
|
|t:|1776065578
|move|p1a: Blaziken|Protect|p1a: Blaziken
|-singleturn|p1a: Blaziken|Protect
|move|p2a: Primarina|Psychic Noise|p1a: Blaziken
|-activate|p1a: Blaziken|move: Protect
|
|-weather|SunnyDay|[upkeep]
|-damage|p2a: Primarina|7/100 brn|[from] brn
|-ability|p1a: Blaziken|Speed Boost|boost
|-boost|p1a: Blaziken|spe|1
|upkeep
|turn|24
|
|t:|1776065588
|move|p1a: Blaziken|Close Combat|p2a: Primarina
|-resisted|p2a: Primarina
|-damage|p2a: Primarina|0 fnt
|-unboost|p1a: Blaziken|def|1
|-unboost|p1a: Blaziken|spd|1
|faint|p2a: Primarina
|
|-weather|SunnyDay|[upkeep]
|-ability|p1a: Blaziken|Speed Boost|boost
|-boost|p1a: Blaziken|spe|1
|upkeep
|
|t:|1776065616
|switch|p2a: Pecharunt|Pecharunt|100/100
|turn|25
|
|t:|1776065623
|move|p1a: Blaziken|Swords Dance|p1a: Blaziken
|-boost|p1a: Blaziken|atk|2
|move|p2a: Pecharunt|Malignant Chain|p1a: Blaziken
|-damage|p1a: Blaziken|32/100
|-status|p1a: Blaziken|tox
|-start|p1a: Blaziken|confusion|[from] ability: Poison Puppeteer|[of] p2a: Pecharunt
|
|-weather|SunnyDay|[upkeep]
|-damage|p1a: Blaziken|26/100 tox|[from] psn
|-ability|p1a: Blaziken|Speed Boost|boost
|-boost|p1a: Blaziken|spe|1
|upkeep
|turn|26
|
|t:|1776065636
|-activate|p1a: Blaziken|confusion
|-damage|p1a: Blaziken|0 fnt|[from] confusion
|faint|p1a: Blaziken
|move|p2a: Pecharunt|Recover||[still]
|-fail|p2a: Pecharunt|heal
|
|-weather|none
|upkeep
|
|t:|1776065643
|switch|p1a: Ninetales|Ninetales, F, shiny, tera:Water|13/100
|-weather|SunnyDay|[from] ability: Drought|[of] p1a: Ninetales
|turn|27
|c|☆Littleblackberry|☠️
|
|t:|1776065662
|move|p1a: Ninetales|Overheat|p2a: Pecharunt
|-damage|p2a: Pecharunt|31/100
|-unboost|p1a: Ninetales|spa|2
|move|p2a: Pecharunt|Shadow Ball|p1a: Ninetales
|-damage|p1a: Ninetales|0 fnt
|faint|p1a: Ninetales
|
|-weather|SunnyDay|[upkeep]
|-heal|p2a: Pecharunt|37/100|[from] item: Leftovers
|upkeep
|
|t:|1776065672
|switch|p1a: Slither Wing|Slither Wing, shiny|100/100
|-activate|p1a: Slither Wing|ability: Protosynthesis
|-start|p1a: Slither Wing|protosynthesisatk
|turn|28
|
|t:|1776065681
|move|p2a: Pecharunt|Recover|p2a: Pecharunt
|-heal|p2a: Pecharunt|87/100
|move|p1a: Slither Wing|Flare Blitz|p2a: Pecharunt
|-damage|p2a: Pecharunt|28/100
|-damage|p1a: Slither Wing|77/100|[from] Recoil
|-damage|p1a: Slither Wing|67/100|[from] item: Life Orb
|
|-weather|SunnyDay|[upkeep]
|-heal|p2a: Pecharunt|34/100|[from] item: Leftovers
|upkeep
|turn|29
|c|☆Littleblackberry|bruh
|c|☆t7pu|chill
|
|t:|1776065694
|move|p2a: Pecharunt|Recover|p2a: Pecharunt
|-heal|p2a: Pecharunt|84/100
|move|p1a: Slither Wing|Leech Life|p2a: Pecharunt
|-resisted|p2a: Pecharunt
|-damage|p2a: Pecharunt|74/100
|-heal|p1a: Slither Wing|73/100|[from] drain|[of] p2a: Pecharunt
|-damage|p1a: Slither Wing|63/100|[from] item: Life Orb
|
|-weather|SunnyDay|[upkeep]
|-heal|p2a: Pecharunt|80/100|[from] item: Leftovers
|upkeep
|turn|30
|
|t:|1776065706
|move|p2a: Pecharunt|Malignant Chain|p1a: Slither Wing
|-damage|p1a: Slither Wing|31/100
|move|p1a: Slither Wing|Leech Life|p2a: Pecharunt
|-resisted|p2a: Pecharunt
|-damage|p2a: Pecharunt|70/100
|-heal|p1a: Slither Wing|37/100|[from] drain|[of] p2a: Pecharunt
|-damage|p1a: Slither Wing|27/100|[from] item: Life Orb
|
|-weather|SunnyDay|[upkeep]
|-heal|p2a: Pecharunt|77/100|[from] item: Leftovers
|upkeep
|turn|31
|-message|Littleblackberry forfeited.
|
|win|t7pu
|raw|Littleblackberry's rating: 1228 &rarr; <strong>1207</strong><br />(-21 for losing)
|raw|t7pu's rating: 1284 &rarr; <strong>1305</strong><br />(+21 for winning)
|l|☆Littleblackberry
|player|p1|
|c|☆t7pu|dang
