|html|<div class="broadcast-blue"><strong>[Gen 9] OU is currently suspecting Tera Blast! For information on how to participate check out the <a href="https://www.smogon.com/tools/suspects/view/200">suspect thread</a>.</strong></div>
|j|☆sminey
|j|☆Auburn Hills
|t:|1776049014
|gametype|singles
|player|p1|sminey|palmer|1742
|player|p2|Auburn Hills|alder|1825
|gen|9
|tier|[Gen 9] OU
|rated|
|rule|HP Percentage Mod: HP is shown in percentages
|rule|Endless Battle Clause: Forcing endless battles is banned
|rule|Species Clause: Limit one of each Pokémon
|rule|OHKO Clause: OHKO moves are banned
|rule|Evasion Items Clause: Evasion items are banned
|rule|Evasion Moves Clause: Evasion moves are banned
|rule|Evasion Abilities Clause: Evasion abilities are banned
|rule|Sleep Moves Clause: Sleep-inducing moves are banned
|clearpoke
|poke|p1|Cinderace, F|
|poke|p1|Zapdos|
|poke|p1|Latios, M|
|poke|p1|Weavile, F|
|poke|p1|Clefable, F|
|poke|p1|Slowking-Galar, M|
|poke|p2|Iron Moth|
|poke|p2|Umbreon, M|
|poke|p2|Garchomp, F|
|poke|p2|Glimmora, M|
|poke|p2|Gholdengo|
|poke|p2|Dragonite, F|
|teampreview
|
|t:|1776049020
|teamsize|p1|6
|teamsize|p2|6
|start
|switch|p1a: Zapdos|Zapdos|100/100
|switch|p2a: Rat Tally|Garchomp, F|100/100
|turn|1
|
|t:|1776049022
|move|p2a: Rat Tally|Scale Shot|p1a: Zapdos
|-damage|p1a: Zapdos|90/100
|-damage|p1a: Zapdos|80/100
|-crit|p1a: Zapdos
|-damage|p1a: Zapdos|65/100
|-damage|p1a: Zapdos|55/100
|-damage|p1a: Zapdos|46/100
|-hitcount|p1a: Zapdos|5
|-unboost|p2a: Rat Tally|def|1
|-boost|p2a: Rat Tally|spe|1
|move|p1a: Zapdos|Hurricane|p2a: Rat Tally
|-damage|p2a: Rat Tally|50/100
|
|upkeep
|turn|2
|
|t:|1776049048
|move|p2a: Rat Tally|Scale Shot|p1a: Zapdos
|-damage|p1a: Zapdos|35/100
|-damage|p1a: Zapdos|26/100
|-damage|p1a: Zapdos|16/100
|-damage|p1a: Zapdos|6/100
|-damage|p1a: Zapdos|0 fnt
|faint|p1a: Zapdos
|-hitcount|p1: Zapdos|5
|-unboost|p2a: Rat Tally|def|1
|-boost|p2a: Rat Tally|spe|1
|
|upkeep
|j| Shucklepilled
|
|t:|1776049056
|switch|p1a: Clefable|Clefable, F|100/100
|turn|3
|
|t:|1776049061
|switch|p2a: Smino|Gholdengo|100/100
|move|p1a: Clefable|Moonblast|p2a: Smino
|-resisted|p2a: Smino
|-damage|p2a: Smino|83/100
|-unboost|p2a: Smino|spa|1
|
|upkeep
|turn|4
|
|t:|1776049065
|switch|p1a: Slowking|Slowking-Galar, M|100/100
|move|p2a: Smino|Trick|p1a: Slowking
|-activate|p2a: Smino|move: Trick|[of] p1a: Slowking
|-item|p1a: Slowking|Choice Scarf|[from] move: Trick
|-item|p2a: Smino|Assault Vest|[from] move: Trick
|
|upkeep
|turn|5
|
|t:|1776049074
|switch|p2a: Alvvays|Umbreon, M|100/100
|switch|p1a: Cinderace|Cinderace, F|100/100
|
|upkeep
|turn|6
|
|t:|1776049077
|move|p2a: Alvvays|Protect|p2a: Alvvays
|-singleturn|p2a: Alvvays|Protect
|move|p1a: Cinderace|U-turn|p2a: Alvvays
|-start|p1a: Cinderace|typechange|Bug|[from] ability: Libero
|-activate|p2a: Alvvays|move: Protect
|
|upkeep
|turn|7
|
|t:|1776049081
|switch|p2a: Smino|Gholdengo|83/100
|move|p1a: Cinderace|U-turn|p2a: Smino
|-resisted|p2a: Smino
|-damage|p2a: Smino|74/100
|
|t:|1776049083
|switch|p1a: Weavile|Weavile, F|100/100|[from] U-turn
|-ability|p1a: Weavile|Pressure
|
|upkeep
|turn|8
|
|t:|1776049088
|move|p1a: Weavile|Swords Dance|p1a: Weavile
|-boost|p1a: Weavile|atk|2
|move|p2a: Smino|Make It Rain|p1a: Weavile
|-supereffective|p1a: Weavile
|-damage|p1a: Weavile|0 fnt
|-unboost|p2a: Smino|spa|1
|faint|p1a: Weavile
|
|upkeep
|
|t:|1776049116
|switch|p1a: Cinderace|Cinderace, F|100/100
|turn|9
|
|t:|1776049127
|switch|p2a: Carly Rae|Iron Moth|100/100
|-enditem|p2a: Carly Rae|Booster Energy
|-activate|p2a: Carly Rae|ability: Quark Drive|[fromitem]
|-start|p2a: Carly Rae|quarkdrivespe
|move|p1a: Cinderace|Pyro Ball|p2a: Carly Rae
|-resisted|p2a: Carly Rae
|-damage|p2a: Carly Rae|62/100
|
|upkeep
|turn|10
|
|t:|1776049137
|move|p2a: Carly Rae|Discharge|p1a: Cinderace
|-damage|p1a: Cinderace|61/100
|move|p1a: Cinderace|Pyro Ball|p2a: Carly Rae|[miss]
|-miss|p1a: Cinderace|p2a: Carly Rae
|
|upkeep
|turn|11
|
|t:|1776049143
|move|p2a: Carly Rae|Discharge|p1a: Cinderace
|-damage|p1a: Cinderace|23/100
|move|p1a: Cinderace|Pyro Ball|p2a: Carly Rae
|-resisted|p2a: Carly Rae
|-crit|p2a: Carly Rae
|-damage|p2a: Carly Rae|0 fnt
|faint|p2a: Carly Rae
|-end|p2a: Carly Rae|Quark Drive|[silent]
|
|upkeep
|
|t:|1776049148
|switch|p2a: Elucid|Dragonite, F|100/100
|turn|12
|
|t:|1776049150
|move|p1a: Cinderace|U-turn|p2a: Elucid
|-start|p1a: Cinderace|typechange|Bug|[from] ability: Libero
|-resisted|p2a: Elucid
|-damage|p2a: Elucid|91/100
|
|t:|1776049153
|switch|p1a: Clefable|Clefable, F|100/100|[from] U-turn
|move|p2a: Elucid|Dragon Dance|p2a: Elucid
|-boost|p2a: Elucid|atk|1
|-boost|p2a: Elucid|spe|1
|
|upkeep
|turn|13
|
|t:|1776049158
|switch|p2a: Julia Jacklin|Glimmora, M|100/100
|move|p1a: Clefable|Moonblast|p2a: Julia Jacklin
|-resisted|p2a: Julia Jacklin
|-damage|p2a: Julia Jacklin|81/100
|
|upkeep
|turn|14
|
|t:|1776049161
|switch|p1a: Latios|Latios, M|100/100
|move|p2a: Julia Jacklin|Sludge Wave|p1a: Latios
|-damage|p1a: Latios|52/100
|
|upkeep
|turn|15
|
|t:|1776049165
|switch|p2a: Alvvays|Umbreon, M|100/100
|move|p1a: Latios|Flip Turn|p2a: Alvvays
|-damage|p2a: Alvvays|92/100
|
|t:|1776049172
|switch|p1a: Cinderace|Cinderace, F|23/100|[from] Flip Turn
|
|-heal|p2a: Alvvays|98/100|[from] item: Leftovers
|upkeep
|turn|16
|
|t:|1776049174
|move|p2a: Alvvays|Protect|p2a: Alvvays
|-singleturn|p2a: Alvvays|Protect
|move|p1a: Cinderace|U-turn|p2a: Alvvays
|-start|p1a: Cinderace|typechange|Bug|[from] ability: Libero
|-activate|p2a: Alvvays|move: Protect
|
|-heal|p2a: Alvvays|100/100|[from] item: Leftovers
|upkeep
|turn|17
|
|t:|1776049177
|move|p1a: Cinderace|U-turn|p2a: Alvvays
|-supereffective|p2a: Alvvays
|-damage|p2a: Alvvays|45/100
|
|t:|1776049179
|switch|p1a: Slowking|Slowking-Galar, M|100/100|[from] U-turn
|move|p2a: Alvvays|Thunder Wave|p1a: Slowking
|-status|p1a: Slowking|par
|
|-heal|p2a: Alvvays|51/100|[from] item: Leftovers
|upkeep
|turn|18
|
|t:|1776049192
|move|p2a: Alvvays|Wish|p2a: Alvvays
|move|p1a: Slowking|Sludge Bomb|p2a: Alvvays
|-crit|p2a: Alvvays
|-damage|p2a: Alvvays|21/100
|-status|p2a: Alvvays|psn
|
|-heal|p2a: Alvvays|27/100 psn|[from] item: Leftovers
|-damage|p2a: Alvvays|15/100 psn|[from] psn
|upkeep
|turn|19
|
|t:|1776049200
|switch|p1a: Latios|Latios, M|52/100
|move|p2a: Alvvays|Protect||[still]
|-fail|p2a: Alvvays
|
|-heal|p2a: Alvvays|65/100 psn|[from] move: Wish|[wisher] Alvvays
|-heal|p2a: Alvvays|71/100 psn|[from] item: Leftovers
|-damage|p2a: Alvvays|59/100 psn|[from] psn
|upkeep
|turn|20
|
|t:|1776049212
|move|p1a: Latios|Trick|p2a: Alvvays
|-activate|p1a: Latios|move: Trick|[of] p2a: Alvvays
|-item|p2a: Alvvays|Choice Scarf|[from] move: Trick
|-item|p1a: Latios|Leftovers|[from] move: Trick
|move|p2a: Alvvays|Thunder Wave|p1a: Latios|[miss]
|-miss|p2a: Alvvays|p1a: Latios
|
|-heal|p1a: Latios|58/100|[from] item: Leftovers
|-damage|p2a: Alvvays|46/100 psn|[from] psn
|upkeep
|turn|21
|
|t:|1776049217
|switch|p2a: Julia Jacklin|Glimmora, M|81/100
|move|p1a: Latios|Flip Turn|p2a: Julia Jacklin
|-supereffective|p2a: Julia Jacklin
|-damage|p2a: Julia Jacklin|54/100
|-activate|p2a: Julia Jacklin|ability: Toxic Debris
|-sidestart|p1: sminey|move: Toxic Spikes
|
|t:|1776049230
|switch|p1a: Cinderace|Cinderace, F|23/100|[from] Flip Turn
|
|upkeep
|turn|22
|
|t:|1776049234
|move|p1a: Cinderace|U-turn|p2a: Julia Jacklin
|-start|p1a: Cinderace|typechange|Bug|[from] ability: Libero
|-resisted|p2a: Julia Jacklin
|-damage|p2a: Julia Jacklin|33/100
|-activate|p2a: Julia Jacklin|ability: Toxic Debris
|-sidestart|p1: sminey|move: Toxic Spikes
|
|t:|1776049236
|switch|p1a: Slowking|Slowking-Galar, M|100/100 par|[from] U-turn
|-sideend|p1: sminey|move: Toxic Spikes|[of] p1a: Slowking
|move|p2a: Julia Jacklin|Sludge Wave|p1a: Slowking
|-resisted|p1a: Slowking
|-damage|p1a: Slowking|84/100 par
|
|upkeep
|turn|23
|
|t:|1776049242
|move|p2a: Julia Jacklin|Earth Power|p1a: Slowking
|-supereffective|p1a: Slowking
|-damage|p1a: Slowking|41/100 par
|move|p1a: Slowking|Ice Beam|p2a: Julia Jacklin
|-damage|p2a: Julia Jacklin|1/100
|
|upkeep
|turn|24
|
|t:|1776049250
|switch|p1a: Latios|Latios, M|58/100
|move|p2a: Julia Jacklin|Sludge Wave|p1a: Latios
|-damage|p1a: Latios|4/100
|
|-heal|p1a: Latios|10/100|[from] item: Leftovers
|upkeep
|turn|25
|
|t:|1776049257
|switch|p2a: Alvvays|Umbreon, M|46/100 psn
|move|p1a: Latios|Draco Meteor|p2a: Alvvays
|-damage|p2a: Alvvays|9/100 psn
|-unboost|p1a: Latios|spa|2
|
|-heal|p1a: Latios|16/100|[from] item: Leftovers
|-damage|p2a: Alvvays|0 fnt|[from] psn
|faint|p2a: Alvvays
|upkeep
|
|t:|1776049260
|switch|p2a: Elucid|Dragonite, F|91/100
|turn|26
|
|t:|1776049265
|switch|p1a: Clefable|Clefable, F|100/100
|move|p2a: Elucid|Extreme Speed|p1a: Clefable
|-damage|p1a: Clefable|78/100
|
|upkeep
|turn|27
|
|t:|1776049273
|-terastallize|p2a: Elucid|Normal
|move|p2a: Elucid|Extreme Speed|p1a: Clefable
|-damage|p1a: Clefable|44/100
|move|p1a: Clefable|Knock Off|p2a: Elucid
|-crit|p2a: Elucid
|-damage|p2a: Elucid|66/100
|-enditem|p2a: Elucid|Heavy-Duty Boots|[from] move: Knock Off|[of] p1a: Clefable
|
|upkeep
|turn|28
|
|t:|1776049279
|move|p2a: Elucid|Extreme Speed|p1a: Clefable
|-damage|p1a: Clefable|8/100
|move|p1a: Clefable|Moonlight|p1a: Clefable
|-heal|p1a: Clefable|58/100
|
|upkeep
|turn|29
|j| hindus curry
|
|t:|1776049284
|move|p2a: Elucid|Dragon Dance|p2a: Elucid
|-boost|p2a: Elucid|atk|1
|-boost|p2a: Elucid|spe|1
|move|p1a: Clefable|Moonlight|p1a: Clefable
|-heal|p1a: Clefable|100/100
|
|upkeep
|turn|30
|
|t:|1776049285
|move|p2a: Elucid|Extreme Speed|p1a: Clefable
|-damage|p1a: Clefable|65/100
|move|p1a: Clefable|Moonblast|p2a: Elucid
|-damage|p2a: Elucid|32/100
|
|upkeep
|turn|31
|
|t:|1776049293
|switch|p2a: Smino|Gholdengo|74/100
|move|p1a: Clefable|Moonblast|p2a: Smino
|-resisted|p2a: Smino
|-damage|p2a: Smino|62/100
|-unboost|p2a: Smino|spa|1
|
|upkeep
|turn|32
|
|t:|1776049298
|switch|p1a: Slowking|Slowking-Galar, M|74/100 par
|move|p2a: Smino|Shadow Ball|p1a: Slowking
|-supereffective|p1a: Slowking
|-damage|p1a: Slowking|39/100 par
|
|upkeep
|turn|33
|
|t:|1776049306
|move|p2a: Smino|Shadow Ball|p1a: Slowking
|-supereffective|p1a: Slowking
|-damage|p1a: Slowking|2/100 par
|move|p1a: Slowking|Flamethrower|p2a: Smino
|-supereffective|p2a: Smino
|-damage|p2a: Smino|23/100
|
|upkeep
|turn|34
|
|t:|1776049313
|move|p2a: Smino|Shadow Ball|p1a: Slowking
|-supereffective|p1a: Slowking
|-damage|p1a: Slowking|0 fnt
|faint|p1a: Slowking
|
|upkeep
|
|t:|1776049315
|switch|p1a: Cinderace|Cinderace, F|23/100
|turn|35
|
|t:|1776049318
|switch|p2a: Rat Tally|Garchomp, F|50/100
|move|p1a: Cinderace|Pyro Ball|p2a: Rat Tally
|-resisted|p2a: Rat Tally
|-damage|p2a: Rat Tally|21/100
|
|upkeep
|turn|36
|
|t:|1776049323
|move|p1a: Cinderace|Pyro Ball|p2a: Rat Tally
|-resisted|p2a: Rat Tally
|-damage|p2a: Rat Tally|0 fnt
|faint|p2a: Rat Tally
|
|upkeep
|
|t:|1776049326
|switch|p2a: Elucid|Dragonite, F, tera:Normal|32/100
|turn|37
|
|t:|1776049329
|switch|p1a: Latios|Latios, M|16/100
|move|p2a: Elucid|Extreme Speed|p1a: Latios
|-damage|p1a: Latios|0 fnt
|faint|p1a: Latios
|
|upkeep
|
|t:|1776049331
|switch|p1a: Clefable|Clefable, F|65/100
|turn|38
|
|t:|1776049337
|switch|p2a: Smino|Gholdengo|23/100
|move|p1a: Clefable|Moonlight|p1a: Clefable
|-heal|p1a: Clefable|100/100
|
|upkeep
|turn|39
|l| hindus curry
|
|t:|1776049370
|-terastallize|p1a: Clefable|Poison
|move|p2a: Smino|Make It Rain|p1a: Clefable
|-damage|p1a: Clefable|38/100
|-unboost|p2a: Smino|spa|1
|move|p1a: Clefable|Calm Mind|p1a: Clefable
|-boost|p1a: Clefable|spa|1
|-boost|p1a: Clefable|spd|1
|
|upkeep
|turn|40
|
|t:|1776049378
|move|p2a: Smino|Psyshock|p1a: Clefable
|-supereffective|p1a: Clefable
|-damage|p1a: Clefable|0 fnt
|faint|p1a: Clefable
|
|upkeep
|
|t:|1776049380
|switch|p1a: Cinderace|Cinderace, F|23/100
|turn|41
|
|t:|1776049382
|move|p1a: Cinderace|Pyro Ball|p2a: Smino
|-supereffective|p2a: Smino
|-damage|p2a: Smino|0 fnt
|faint|p2a: Smino
|
|upkeep
|c|☆sminey|gg
|
|t:|1776049384
|switch|p2a: Elucid|Dragonite, F, tera:Normal|32/100
|turn|42
|
|t:|1776049387
|move|p2a: Elucid|Extreme Speed|p1a: Cinderace
|-damage|p1a: Cinderace|0 fnt
|faint|p1a: Cinderace
|
|win|Auburn Hills
|raw|sminey's rating: 1742 &rarr; <strong>1727</strong><br />(-15 for losing)
|raw|Auburn Hills's rating: 1825 &rarr; <strong>1840</strong><br />(+15 for winning)
|c|☆Auburn Hills|gg
|l|☆sminey
|player|p1|
|l|☆Auburn Hills
|player|p2|
|l| Shucklepilled
