|html|<div class="broadcast-blue"><strong>[Gen 9] OU is currently suspecting Tera Blast! For information on how to participate check out the <a href="https://www.smogon.com/tools/suspects/view/200">suspect thread</a>.</strong></div>
|j|☆GooodnightPunpun
|j|☆twiggatre
|t:|1776201454
|gametype|singles
|player|p1|GooodnightPunpun|lusamine-nihilego|1229
|player|p2|twiggatre|102|1229
|gen|9
|tier|[Gen 9] OU
|rated|
|rule|HP Percentage Mod: HP is shown in percentages
|rule|Endless Battle Clause: Forcing endless battles is banned
|rule|Species Clause: Limit one of each Pokémon
|rule|OHKO Clause: OHKO moves are banned
|rule|Evasion Items Clause: Evasion items are banned
|rule|Evasion Moves Clause: Evasion moves are banned
|rule|Evasion Abilities Clause: Evasion abilities are banned
|rule|Sleep Moves Clause: Sleep-inducing moves are banned
|clearpoke
|poke|p1|Garganacl, M|
|poke|p1|Great Tusk|
|poke|p1|Hatterene, F|
|poke|p1|Tornadus-Therian, M|
|poke|p1|Dragonite, M|
|poke|p1|Kingambit, M|
|poke|p2|Dragapult, F|
|poke|p2|Great Tusk|
|poke|p2|Walking Wake|
|poke|p2|Kingambit, F|
|poke|p2|Rillaboom, F|
|poke|p2|Gholdengo|
|teampreview
|inactive|Battle timer is ON: inactive players will automatically lose when time's up. (requested by twiggatre)
|
|t:|1776201458
|teamsize|p1|6
|teamsize|p2|6
|start
|switch|p1a: Bastion|Garganacl, M|100/100
|switch|p2a: Great Tusk|Great Tusk|100/100
|turn|1
|
|t:|1776201463
|move|p2a: Great Tusk|Knock Off|p1a: Bastion
|-damage|p1a: Bastion|76/100
|-enditem|p1a: Bastion|Leftovers|[from] move: Knock Off|[of] p2a: Great Tusk
|move|p1a: Bastion|Salt Cure|p2a: Great Tusk
|-resisted|p2a: Great Tusk
|-damage|p2a: Great Tusk|98/100
|-start|p2a: Great Tusk|Salt Cure
|
|-heal|p2a: Great Tusk|100/100|[from] item: Leftovers
|-damage|p2a: Great Tusk|88/100|[from] Salt Cure
|upkeep
|turn|2
|
|t:|1776201485
|switch|p1a: Tempest|Tornadus-Therian, M, shiny|100/100
|move|p2a: Great Tusk|Headlong Rush|p1a: Tempest
|-immune|p1a: Tempest
|
|-heal|p2a: Great Tusk|94/100|[from] item: Leftovers
|-damage|p2a: Great Tusk|82/100|[from] Salt Cure
|upkeep
|turn|3
|
|t:|1776201494
|move|p1a: Tempest|Bleakwind Storm|p2a: Great Tusk
|-supereffective|p2a: Great Tusk
|-damage|p2a: Great Tusk|0 fnt
|faint|p2a: Great Tusk
|-end|p2a: Great Tusk|Protosynthesis|[silent]
|
|upkeep
|
|t:|1776201502
|switch|p2a: Dragapult|Dragapult, F|100/100
|turn|4
|
|t:|1776201512
|move|p2a: Dragapult|Draco Meteor|p1a: Tempest
|-damage|p1a: Tempest|13/100
|-unboost|p2a: Dragapult|spa|2
|move|p1a: Tempest|Bleakwind Storm|p2a: Dragapult
|-damage|p2a: Dragapult|50/100
|-unboost|p2a: Dragapult|spe|1
|
|upkeep
|turn|5
|
|t:|1776201529
|move|p1a: Tempest|U-turn|p2a: Dragapult
|-resisted|p2a: Dragapult
|-damage|p2a: Dragapult|41/100
|
|t:|1776201533
|switch|p1a: Seraphine|Hatterene, F, shiny|100/100|[from] U-turn
|move|p2a: Dragapult|Draco Meteor|p1a: Seraphine
|-immune|p1a: Seraphine
|
|upkeep
|turn|6
|
|t:|1776201543
|switch|p2a: Gholdengo|Gholdengo|100/100
|move|p1a: Seraphine|Nuzzle|p2a: Gholdengo
|-damage|p2a: Gholdengo|95/100
|-status|p2a: Gholdengo|par
|
|-heal|p2a: Gholdengo|100/100 par|[from] item: Leftovers
|upkeep
|turn|7
|
|t:|1776201558
|switch|p1a: Checkmate|Kingambit, M|100/100
|move|p2a: Gholdengo|Shadow Ball|p1a: Checkmate
|-resisted|p1a: Checkmate
|-damage|p1a: Checkmate|82/100
|
|upkeep
|turn|8
|
|t:|1776201566
|move|p2a: Gholdengo|Focus Blast|p1a: Checkmate
|-supereffective|p1a: Checkmate
|-damage|p1a: Checkmate|0 fnt
|faint|p1a: Checkmate
|-end|p1a: Checkmate|fallenundefined|[silent]
|
|upkeep
|
|t:|1776201572
|switch|p1a: Tempest|Tornadus-Therian, M, shiny|46/100
|turn|9
|
|t:|1776201576
|move|p1a: Tempest|Knock Off|p2a: Gholdengo
|-supereffective|p2a: Gholdengo
|-damage|p2a: Gholdengo|54/100 par
|-enditem|p2a: Gholdengo|Leftovers|[from] move: Knock Off|[of] p1a: Tempest
|move|p2a: Gholdengo|Shadow Ball|p1a: Tempest
|-damage|p1a: Tempest|0 fnt
|faint|p1a: Tempest
|
|upkeep
|
|t:|1776201597
|switch|p1a: Tusk|Great Tusk|100/100
|-enditem|p1a: Tusk|Booster Energy
|-activate|p1a: Tusk|ability: Protosynthesis|[fromitem]
|-start|p1a: Tusk|protosynthesisatk
|turn|10
|
|t:|1776201603
|move|p1a: Tusk|Headlong Rush|p2a: Gholdengo
|-supereffective|p2a: Gholdengo
|-damage|p2a: Gholdengo|0 fnt
|-unboost|p1a: Tusk|def|1
|-unboost|p1a: Tusk|spd|1
|faint|p2a: Gholdengo
|
|upkeep
|
|t:|1776201606
|switch|p2a: Walking Wake|Walking Wake|100/100
|turn|11
|
|t:|1776201615
|-end|p1a: Tusk|Protosynthesis|[silent]
|switch|p1a: Bahamut|Dragonite, M, shiny|100/100
|move|p2a: Walking Wake|Hydro Steam|p1a: Bahamut
|-resisted|p1a: Bahamut
|-damage|p1a: Bahamut|85/100
|
|upkeep
|turn|12
|
|t:|1776201628
|-end|p2a: Walking Wake|Protosynthesis|[silent]
|switch|p2a: Kingambit|Kingambit, F|100/100
|-activate|p2a: Kingambit|ability: Supreme Overlord
|-start|p2a: Kingambit|fallen2|[silent]
|-terastallize|p1a: Bahamut|Normal
|move|p1a: Bahamut|Dragon Dance|p1a: Bahamut
|-boost|p1a: Bahamut|atk|1
|-boost|p1a: Bahamut|spe|1
|
|upkeep
|turn|13
|
|t:|1776201637
|move|p1a: Bahamut|Earthquake|p2a: Kingambit
|-supereffective|p2a: Kingambit
|-damage|p2a: Kingambit|14/100
|move|p2a: Kingambit|Kowtow Cleave|p1a: Bahamut
|-damage|p1a: Bahamut|14/100
|
|upkeep
|turn|14
|
|t:|1776201651
|move|p2a: Kingambit|Sucker Punch||[still]
|-fail|p2a: Kingambit
|move|p1a: Bahamut|Roost|p1a: Bahamut
|-heal|p1a: Bahamut|64/100
|
|upkeep
|turn|15
|
|t:|1776201660
|move|p1a: Bahamut|Extreme Speed|p2a: Kingambit
|-resisted|p2a: Kingambit
|-damage|p2a: Kingambit|0 fnt
|faint|p2a: Kingambit
|-end|p2a: Kingambit|fallen2|[silent]
|
|upkeep
|
|t:|1776201663
|switch|p2a: Dragapult|Dragapult, F|41/100
|turn|16
|
|t:|1776201674
|-terastallize|p2a: Dragapult|Ghost
|move|p2a: Dragapult|Draco Meteor|p1a: Bahamut
|-damage|p1a: Bahamut|0 fnt
|-unboost|p2a: Dragapult|spa|2
|faint|p1a: Bahamut
|
|upkeep
|inactive|GooodnightPunpun has 120 seconds left.
|
|t:|1776201699
|switch|p1a: Seraphine|Hatterene, F, shiny|100/100
|turn|17
|
|t:|1776201704
|switch|p2a: Rillaboom|Rillaboom, F|100/100
|-fieldstart|move: Grassy Terrain|[from] ability: Grassy Surge|[of] p2a: Rillaboom
|move|p1a: Seraphine|Dazzling Gleam|p2a: Rillaboom
|-damage|p2a: Rillaboom|49/100
|
|-heal|p2a: Rillaboom|55/100|[from] Grassy Terrain
|upkeep
|turn|18
|inactive|GooodnightPunpun has 120 seconds left.
|
|t:|1776201731
|move|p2a: Rillaboom|Wood Hammer|p1a: Seraphine
|-damage|p1a: Seraphine|2/100
|-damage|p2a: Rillaboom|38/100|[from] item: Rocky Helmet|[of] p1a: Seraphine
|-damage|p2a: Rillaboom|8/100|[from] Recoil
|move|p1a: Seraphine|Nuzzle|p2a: Rillaboom
|-resisted|p2a: Rillaboom
|-damage|p2a: Rillaboom|6/100
|-status|p2a: Rillaboom|par
|
|-heal|p2a: Rillaboom|12/100 par|[from] Grassy Terrain
|-heal|p1a: Seraphine|8/100|[from] Grassy Terrain
|upkeep
|turn|19
|inactive|GooodnightPunpun has 120 seconds left.
|
|t:|1776201742
|cant|p2a: Rillaboom|par
|move|p1a: Seraphine|Future Sight|p2a: Rillaboom
|-start|p1a: Seraphine|move: Future Sight
|
|-heal|p2a: Rillaboom|18/100 par|[from] Grassy Terrain
|-heal|p1a: Seraphine|14/100|[from] Grassy Terrain
|upkeep
|turn|20
|inactive|GooodnightPunpun has 120 seconds left.
|
|t:|1776201748
|move|p2a: Rillaboom|Wood Hammer|p1a: Seraphine
|-damage|p1a: Seraphine|0 fnt
|-damage|p2a: Rillaboom|2/100 par|[from] item: Rocky Helmet|[of] p1a: Seraphine
|faint|p1a: Seraphine
|-damage|p2a: Rillaboom|0 fnt|[from] Recoil
|faint|p2a: Rillaboom
|
|upkeep
|inactive|GooodnightPunpun has 120 seconds left.
|
|t:|1776201756
|switch|p2a: Dragapult|Dragapult, F, tera:Ghost|41/100
|switch|p1a: Bastion|Garganacl, M|76/100
|turn|21
|
|t:|1776201763
|move|p1a: Bastion|Protect|p1a: Bastion
|-singleturn|p1a: Bastion|Protect
|move|p2a: Dragapult|Draco Meteor|p1a: Bastion
|-activate|p1a: Bastion|move: Protect
|
|-end|p2a: Dragapult|move: Future Sight
|-damage|p2a: Dragapult|0 fnt
|faint|p2a: Dragapult
|-heal|p1a: Bastion|83/100|[from] Grassy Terrain
|-fieldend|move: Grassy Terrain
|upkeep
|
|t:|1776201765
|switch|p2a: Walking Wake|Walking Wake|100/100
|turn|22
|
|t:|1776201775
|move|p2a: Walking Wake|Hydro Steam|p1a: Bastion
|-supereffective|p1a: Bastion
|-damage|p1a: Bastion|5/100
|move|p1a: Bastion|Salt Cure|p2a: Walking Wake
|-damage|p2a: Walking Wake|86/100
|-start|p2a: Walking Wake|Salt Cure
|
|-damage|p2a: Walking Wake|62/100|[from] Salt Cure
|upkeep
|turn|23
|
|t:|1776201784
|move|p1a: Bastion|Protect|p1a: Bastion
|-singleturn|p1a: Bastion|Protect
|move|p2a: Walking Wake|Hydro Steam|p1a: Bastion
|-activate|p1a: Bastion|move: Protect
|
|-damage|p2a: Walking Wake|37/100|[from] Salt Cure
|upkeep
|turn|24
|
|t:|1776201797
|switch|p1a: Tusk|Great Tusk|100/100
|move|p2a: Walking Wake|Hydro Steam|p1a: Tusk
|-supereffective|p1a: Tusk
|-damage|p1a: Tusk|0 fnt
|faint|p1a: Tusk
|-end|p1a: Tusk|Protosynthesis|[silent]
|
|-damage|p2a: Walking Wake|12/100|[from] Salt Cure
|upkeep
|
|t:|1776201805
|switch|p1a: Bastion|Garganacl, M|5/100
|turn|25
|
|t:|1776201810
|move|p1a: Bastion|Protect|p1a: Bastion
|-singleturn|p1a: Bastion|Protect
|move|p2a: Walking Wake|Hydro Steam|p1a: Bastion
|-activate|p1a: Bastion|move: Protect
|
|-damage|p2a: Walking Wake|0 fnt|[from] Salt Cure
|faint|p2a: Walking Wake
|-end|p2a: Walking Wake|Protosynthesis|[silent]
|
|win|GooodnightPunpun
|raw|GooodnightPunpun's rating: 1229 &rarr; <strong>1254</strong><br />(+25 for winning)
|raw|twiggatre's rating: 1229 &rarr; <strong>1204</strong><br />(-25 for losing)
|l|☆twiggatre
|player|p2|
