|html|<div class="broadcast-blue"><strong>[Gen 9] OU is currently suspecting Tera Blast! For information on how to participate check out the <a href="https://www.smogon.com/tools/suspects/view/200">suspect thread</a>.</strong></div>
|j|☆ethanwayneooo
|j|☆jarm2532
|t:|1776045961
|gametype|singles
|player|p1|ethanwayneooo|cynthia|1228
|player|p2|jarm2532|palmer|1269
|gen|9
|tier|[Gen 9] OU
|rated|
|rule|HP Percentage Mod: HP is shown in percentages
|rule|Endless Battle Clause: Forcing endless battles is banned
|rule|Species Clause: Limit one of each Pokémon
|rule|OHKO Clause: OHKO moves are banned
|rule|Evasion Items Clause: Evasion items are banned
|rule|Evasion Moves Clause: Evasion moves are banned
|rule|Evasion Abilities Clause: Evasion abilities are banned
|rule|Sleep Moves Clause: Sleep-inducing moves are banned
|clearpoke
|poke|p1|Pelipper, M|
|poke|p1|Beartic, F|
|poke|p1|Politoed, M|
|poke|p1|Samurott-Hisui, M|
|poke|p1|Hatterene, F|
|poke|p1|Goodra-Hisui, F|
|poke|p2|Excadrill, M|
|poke|p2|Hydrapple, M|
|poke|p2|Tyranitar, M|
|poke|p2|Scizor, M|
|poke|p2|Raging Bolt|
|poke|p2|Dragapult, M|
|teampreview
|inactive|Battle timer is ON: inactive players will automatically lose when time's up. (requested by jarm2532)
|
|t:|1776045972
|teamsize|p1|6
|teamsize|p2|6
|start
|switch|p1a: Pelipper|Pelipper, M|100/100
|switch|p2a: Scizor|Scizor, M|100/100
|-weather|RainDance|[from] ability: Drizzle|[of] p1a: Pelipper
|turn|1
|inactive|ethanwayneooo has 120 seconds left.
|
|t:|1776046006
|switch|p1a: Goodra|Goodra-Hisui, F|100/100
|move|p2a: Scizor|Knock Off|p1a: Goodra
|-damage|p1a: Goodra|60/100
|-enditem|p1a: Goodra|Sitrus Berry|[from] move: Knock Off|[of] p2a: Scizor
|
|-weather|RainDance|[upkeep]
|upkeep
|turn|2
|inactive|ethanwayneooo has 120 seconds left.
|
|t:|1776046020
|switch|p2a: Tyranitar|Tyranitar, M, shiny|100/100
|-weather|Sandstorm|[from] ability: Sand Stream|[of] p2a: Tyranitar
|move|p1a: Goodra|Dragon Tail|p2a: Tyranitar
|-damage|p2a: Tyranitar|81/100
|drag|p2a: Dragapult|Dragapult, M, shiny|100/100
|
|-weather|Sandstorm|[upkeep]
|-damage|p2a: Dragapult|95/100|[from] Sandstorm
|upkeep
|turn|3
|inactive|ethanwayneooo has 120 seconds left.
|
|t:|1776046033
|move|p2a: Dragapult|U-turn|p1a: Goodra
|-resisted|p1a: Goodra
|-damage|p1a: Goodra|53/100
|
|t:|1776046040
|switch|p2a: Scizor|Scizor, M|100/100|[from] U-turn
|move|p1a: Goodra|Dragon Tail|p2a: Scizor
|-resisted|p2a: Scizor
|-damage|p2a: Scizor|91/100
|drag|p2a: Raging Bolt|Raging Bolt|100/100
|
|-weather|Sandstorm|[upkeep]
|-damage|p2a: Raging Bolt|94/100|[from] Sandstorm
|-heal|p2a: Raging Bolt|100/100|[from] item: Leftovers
|upkeep
|turn|4
|
|t:|1776046053
|-end|p2a: Raging Bolt|Protosynthesis|[silent]
|switch|p2a: Scizor|Scizor, M|91/100
|move|p1a: Goodra|Knock Off|p2a: Scizor
|-damage|p2a: Scizor|69/100
|-enditem|p2a: Scizor|Choice Band|[from] move: Knock Off|[of] p1a: Goodra
|
|-weather|Sandstorm|[upkeep]
|upkeep
|turn|5
|inactive|ethanwayneooo has 120 seconds left.
|
|t:|1776046077
|switch|p1a: Politoed|Politoed, M|100/100
|-weather|RainDance|[from] ability: Drizzle|[of] p1a: Politoed
|move|p2a: Scizor|U-turn|p1a: Politoed
|-damage|p1a: Politoed|52/100
|
|t:|1776046087
|switch|p2a: Raging Bolt|Raging Bolt|100/100|[from] U-turn
|
|-weather|RainDance|[upkeep]
|-heal|p1a: Politoed|58/100|[from] item: Leftovers
|upkeep
|turn|6
|inactive|ethanwayneooo has 120 seconds left.
|
|t:|1776046099
|move|p1a: Politoed|Earth Power|p2a: Raging Bolt
|-supereffective|p2a: Raging Bolt
|-damage|p2a: Raging Bolt|65/100
|move|p2a: Raging Bolt|Substitute|p2a: Raging Bolt
|-start|p2a: Raging Bolt|Substitute
|-damage|p2a: Raging Bolt|40/100
|
|-weather|RainDance|[upkeep]
|-heal|p1a: Politoed|64/100|[from] item: Leftovers
|-heal|p2a: Raging Bolt|46/100|[from] item: Leftovers
|upkeep
|turn|7
|inactive|ethanwayneooo has 120 seconds left.
|
|t:|1776046114
|switch|p1a: Beartic|Beartic, F|100/100
|move|p2a: Raging Bolt|Discharge|p1a: Beartic
|-damage|p1a: Beartic|44/100
|
|-weather|RainDance|[upkeep]
|-heal|p1a: Beartic|50/100|[from] item: Leftovers
|-heal|p2a: Raging Bolt|52/100|[from] item: Leftovers
|upkeep
|turn|8
|inactive|ethanwayneooo has 120 seconds left.
|
|t:|1776046125
|move|p1a: Beartic|Icicle Spear|p2a: Raging Bolt
|-supereffective|p2a: Raging Bolt
|-crit|p2a: Raging Bolt
|-end|p2a: Raging Bolt|Substitute
|-supereffective|p2a: Raging Bolt
|-damage|p2a: Raging Bolt|34/100
|-supereffective|p2a: Raging Bolt
|-damage|p2a: Raging Bolt|13/100
|-hitcount|p2a: Raging Bolt|3
|move|p2a: Raging Bolt|Discharge|p1a: Beartic
|-damage|p1a: Beartic|0 fnt
|faint|p1a: Beartic
|
|-weather|RainDance|[upkeep]
|-heal|p2a: Raging Bolt|19/100|[from] item: Leftovers
|upkeep
|
|t:|1776046142
|switch|p1a: Pelipper|Pelipper, M|100/100
|turn|9
|
|t:|1776046149
|move|p1a: Pelipper|Weather Ball|p2a: Raging Bolt
|-resisted|p2a: Raging Bolt
|-damage|p2a: Raging Bolt|0 fnt
|faint|p2a: Raging Bolt
|-end|p2a: Raging Bolt|Protosynthesis|[silent]
|
|-weather|none
|upkeep
|
|t:|1776046156
|switch|p2a: Dragapult|Dragapult, M, shiny|95/100
|turn|10
|
|t:|1776046164
|switch|p1a: Goodra|Goodra-Hisui, F|53/100
|move|p2a: Dragapult|U-turn|p1a: Goodra
|-resisted|p1a: Goodra
|-damage|p1a: Goodra|47/100
|
|t:|1776046170
|switch|p2a: Tyranitar|Tyranitar, M, shiny|81/100|[from] U-turn
|-weather|Sandstorm|[from] ability: Sand Stream|[of] p2a: Tyranitar
|
|-weather|Sandstorm|[upkeep]
|upkeep
|turn|11
|
|t:|1776046183
|move|p2a: Tyranitar|Stealth Rock|p1a: Goodra
|-sidestart|p1: ethanwayneooo|move: Stealth Rock
|move|p1a: Goodra|Heavy Slam|p2a: Tyranitar
|-supereffective|p2a: Tyranitar
|-damage|p2a: Tyranitar|57/100
|
|-weather|Sandstorm|[upkeep]
|upkeep
|turn|12
|
|t:|1776046191
|move|p2a: Tyranitar|Low Kick|p1a: Goodra
|-supereffective|p1a: Goodra
|-damage|p1a: Goodra|0 fnt
|faint|p1a: Goodra
|
|-weather|Sandstorm|[upkeep]
|upkeep
|
|t:|1776046198
|switch|p1a: Samurott|Samurott-Hisui, M|100/100
|-damage|p1a: Samurott|88/100|[from] Stealth Rock
|turn|13
|
|t:|1776046206
|switch|p2a: Hydrapple|Hydrapple, M, shiny|100/100
|move|p1a: Samurott|Aqua Cutter|p2a: Hydrapple
|-resisted|p2a: Hydrapple
|-damage|p2a: Hydrapple|94/100
|
|-weather|Sandstorm|[upkeep]
|-damage|p1a: Samurott|82/100|[from] Sandstorm
|-damage|p2a: Hydrapple|88/100|[from] Sandstorm
|-heal|p1a: Samurott|88/100|[from] item: Leftovers
|upkeep
|turn|14
|
|t:|1776046221
|move|p1a: Samurott|Ceaseless Edge|p2a: Hydrapple
|-damage|p2a: Hydrapple|64/100
|-damage|p1a: Samurott|72/100|[from] item: Rocky Helmet|[of] p2a: Hydrapple
|-sidestart|p2: jarm2532|Spikes
|move|p2a: Hydrapple|Nasty Plot|p2a: Hydrapple
|-boost|p2a: Hydrapple|spa|2
|
|-weather|Sandstorm|[upkeep]
|-damage|p1a: Samurott|65/100|[from] Sandstorm
|-damage|p2a: Hydrapple|58/100|[from] Sandstorm
|-heal|p1a: Samurott|72/100|[from] item: Leftovers
|upkeep
|turn|15
|
|t:|1776046233
|move|p1a: Samurott|Encore|p2a: Hydrapple
|-start|p2a: Hydrapple|Encore
|move|p2a: Hydrapple|Nasty Plot|p2a: Hydrapple
|-boost|p2a: Hydrapple|spa|2
|
|-weather|Sandstorm|[upkeep]
|-damage|p1a: Samurott|65/100|[from] Sandstorm
|-damage|p2a: Hydrapple|52/100|[from] Sandstorm
|-heal|p1a: Samurott|72/100|[from] item: Leftovers
|upkeep
|turn|16
|
|t:|1776046251
|switch|p2a: Tyranitar|Tyranitar, M, shiny|57/100
|-damage|p2a: Tyranitar|45/100|[from] Spikes
|move|p1a: Samurott|Ceaseless Edge|p2a: Tyranitar
|-resisted|p2a: Tyranitar
|-damage|p2a: Tyranitar|27/100
|-sidestart|p2: jarm2532|Spikes
|
|-weather|Sandstorm|[upkeep]
|-damage|p1a: Samurott|65/100|[from] Sandstorm
|-heal|p1a: Samurott|72/100|[from] item: Leftovers
|upkeep
|turn|17
|
|t:|1776046263
|move|p1a: Samurott|Ceaseless Edge|p2a: Tyranitar
|-resisted|p2a: Tyranitar
|-damage|p2a: Tyranitar|7/100
|-sidestart|p2: jarm2532|Spikes
|move|p2a: Tyranitar|Low Kick|p1a: Samurott
|-supereffective|p1a: Samurott
|-damage|p1a: Samurott|0 fnt
|faint|p1a: Samurott
|
|-weather|none
|upkeep
|
|t:|1776046277
|switch|p1a: Politoed|Politoed, M|64/100
|-damage|p1a: Politoed|51/100|[from] Stealth Rock
|-weather|RainDance|[from] ability: Drizzle|[of] p1a: Politoed
|turn|18
|
|t:|1776046291
|switch|p2a: Hydrapple|Hydrapple, M, shiny|85/100
|-damage|p2a: Hydrapple|60/100|[from] Spikes
|move|p1a: Politoed|Earth Power|p2a: Hydrapple
|-resisted|p2a: Hydrapple
|-damage|p2a: Hydrapple|49/100
|-unboost|p2a: Hydrapple|spd|1
|
|-weather|RainDance|[upkeep]
|-heal|p1a: Politoed|57/100|[from] item: Leftovers
|upkeep
|turn|19
|
|t:|1776046311
|switch|p1a: Hatterene|Hatterene, F|100/100
|-damage|p1a: Hatterene|88/100|[from] Stealth Rock
|move|p2a: Hydrapple|Giga Drain|p1a: Hatterene
|-crit|p1a: Hatterene
|-damage|p1a: Hatterene|44/100
|-heal|p2a: Hydrapple|66/100|[from] drain|[of] p1a: Hatterene
|
|-weather|RainDance|[upkeep]
|-heal|p1a: Hatterene|50/100|[from] item: Leftovers
|upkeep
|turn|20
|
|t:|1776046323
|switch|p2a: Excadrill|Excadrill, M, shiny|100/100
|-item|p2a: Excadrill|Air Balloon
|move|p1a: Hatterene|Nuzzle|p2a: Excadrill
|-immune|p2a: Excadrill
|
|-weather|RainDance|[upkeep]
|-heal|p1a: Hatterene|56/100|[from] item: Leftovers
|upkeep
|turn|21
|
|t:|1776046336
|switch|p1a: Pelipper|Pelipper, M|100/100
|-damage|p1a: Pelipper|75/100|[from] Stealth Rock
|move|p2a: Excadrill|Rapid Spin|p1a: Pelipper
|-damage|p1a: Pelipper|53/100
|-boost|p2a: Excadrill|spe|1
|-sideend|p2: jarm2532|Spikes|[from] move: Rapid Spin|[of] p2a: Excadrill
|
|-weather|RainDance|[upkeep]
|-heal|p1a: Pelipper|59/100|[from] item: Leftovers
|upkeep
|turn|22
|
|t:|1776046352
|switch|p2a: Dragapult|Dragapult, M, shiny|95/100
|move|p1a: Pelipper|Weather Ball|p2a: Dragapult
|-resisted|p2a: Dragapult
|-damage|p2a: Dragapult|52/100
|
|-weather|none
|-heal|p1a: Pelipper|65/100|[from] item: Leftovers
|upkeep
|turn|23
|
|t:|1776046363
|switch|p1a: Hatterene|Hatterene, F|56/100
|-damage|p1a: Hatterene|44/100|[from] Stealth Rock
|move|p2a: Dragapult|Shadow Ball|p1a: Hatterene
|-supereffective|p1a: Hatterene
|-damage|p1a: Hatterene|0 fnt
|faint|p1a: Hatterene
|
|upkeep
|inactive|ethanwayneooo has 120 seconds left.
|
|t:|1776046373
|switch|p1a: Pelipper|Pelipper, M|65/100
|-damage|p1a: Pelipper|40/100|[from] Stealth Rock
|-weather|RainDance|[from] ability: Drizzle|[of] p1a: Pelipper
|turn|24
|
|t:|1776046379
|move|p2a: Dragapult|Shadow Ball|p1a: Pelipper
|-damage|p1a: Pelipper|0 fnt
|faint|p1a: Pelipper
|
|-weather|RainDance|[upkeep]
|upkeep
|-message|ethanwayneooo forfeited.
|
|win|jarm2532
|raw|ethanwayneooo's rating: 1228 &rarr; <strong>1206</strong><br />(-22 for losing)
|raw|jarm2532's rating: 1269 &rarr; <strong>1291</strong><br />(+22 for winning)
|l|☆ethanwayneooo
|player|p1|
|l|☆jarm2532
|player|p2|
