|html|<div class="broadcast-blue"><strong>[Gen 9] OU is currently suspecting Volcarona! For information on how to participate check out the <a href="https://www.smogon.com/tools/suspects/view/208">suspect thread</a>.</strong></div>
|j|☆LuisEnriquePSG
|j|☆Munch144447
|t:|1778513008
|gametype|singles
|player|p1|LuisEnriquePSG|lysandre|1115
|player|p2|Munch144447|266|1157
|gen|9
|tier|[Gen 9] OU
|rated|
|rule|HP Percentage Mod: HP is shown in percentages
|rule|Endless Battle Clause: Forcing endless battles is banned
|rule|Species Clause: Limit one of each Pokémon
|rule|OHKO Clause: OHKO moves are banned
|rule|Evasion Items Clause: Evasion items are banned
|rule|Evasion Moves Clause: Evasion moves are banned
|rule|Evasion Abilities Clause: Evasion abilities are banned
|rule|Sleep Moves Clause: Sleep-inducing moves are banned
|clearpoke
|poke|p1|Great Tusk|
|poke|p1|Kingambit, F|
|poke|p1|Raging Bolt|
|poke|p1|Walking Wake|
|poke|p1|Ninetales, M|
|poke|p1|Ceruledge, F|
|poke|p2|Spiritomb, M|
|poke|p2|Seviper, M|
|poke|p2|Noctowl, M|
|poke|p2|Hariyama, M|
|poke|p2|Araquanid, M|
|poke|p2|Rampardos, M|
|teampreview
|
|t:|1778513019
|teamsize|p1|6
|teamsize|p2|6
|start
|switch|p1a: Naruto|Ninetales, M|100/100
|switch|p2a: Araquanid|Araquanid, M|100/100
|-weather|SunnyDay|[from] ability: Drought|[of] p1a: Naruto
|turn|1
|
|t:|1778513032
|switch|p1a: Resevoir slogs|Walking Wake|100/100
|-activate|p1a: Resevoir slogs|ability: Protosynthesis
|-start|p1a: Resevoir slogs|protosynthesisspe
|move|p2a: Araquanid|Liquidation|p1a: Resevoir slogs
|-resisted|p1a: Resevoir slogs
|-damage|p1a: Resevoir slogs|90/100
|-damage|p2a: Araquanid|91/100|[from] item: Life Orb
|
|-weather|SunnyDay|[upkeep]
|upkeep
|turn|2
|
|t:|1778513043
|move|p1a: Resevoir slogs|Weather Ball|p2a: Araquanid
|-damage|p2a: Araquanid|70/100
|move|p2a: Araquanid|Sticky Web|p1a: Resevoir slogs
|-sidestart|p1: LuisEnriquePSG|move: Sticky Web
|
|-weather|SunnyDay|[upkeep]
|upkeep
|turn|3
|
|t:|1778513078
|move|p1a: Resevoir slogs|Draco Meteor|p2a: Araquanid
|-crit|p2a: Araquanid
|-damage|p2a: Araquanid|0 fnt
|-unboost|p1a: Resevoir slogs|spa|2
|faint|p2a: Araquanid
|
|-weather|SunnyDay|[upkeep]
|upkeep
|
|t:|1778513084
|switch|p2a: Noctowl|Noctowl, M|100/100
|turn|4
|
|t:|1778513087
|-end|p1a: Resevoir slogs|Protosynthesis|[silent]
|switch|p1a: Hi|Great Tusk|100/100
|-activate|p1a: Hi|move: Sticky Web
|-unboost|p1a: Hi|spe|1
|-activate|p1a: Hi|ability: Protosynthesis
|-start|p1a: Hi|protosynthesisatk
|move|p2a: Noctowl|Calm Mind|p2a: Noctowl
|-boost|p2a: Noctowl|spa|1
|-boost|p2a: Noctowl|spd|1
|
|-weather|SunnyDay|[upkeep]
|upkeep
|turn|5
|
|t:|1778513098
|-terastallize|p2a: Noctowl|Steel
|move|p2a: Noctowl|Agility|p2a: Noctowl
|-boost|p2a: Noctowl|spe|2
|move|p1a: Hi|Rapid Spin|p2a: Noctowl
|-resisted|p2a: Noctowl
|-damage|p2a: Noctowl|80/100
|-boost|p1a: Hi|spe|1
|-sideend|p1: LuisEnriquePSG|Sticky Web|[from] move: Rapid Spin|[of] p1a: Hi
|
|-weather|SunnyDay|[upkeep]
|-heal|p2a: Noctowl|86/100|[from] item: Leftovers
|upkeep
|turn|6
|
|t:|1778513104
|move|p2a: Noctowl|Stored Power|p1a: Hi
|-supereffective|p1a: Hi
|-damage|p1a: Hi|16/100
|move|p1a: Hi|Headlong Rush|p2a: Noctowl
|-supereffective|p2a: Noctowl
|-damage|p2a: Noctowl|0 fnt
|-unboost|p1a: Hi|def|1
|-unboost|p1a: Hi|spd|1
|faint|p2a: Noctowl
|
|-weather|SunnyDay|[upkeep]
|upkeep
|
|t:|1778513111
|switch|p2a: Seviper|Seviper, M|100/100
|turn|7
|-message|Munch144447 forfeited.
|
|win|LuisEnriquePSG
|raw|LuisEnriquePSG's rating: 1115 &rarr; <strong>1143</strong><br />(+28 for winning)
|raw|Munch144447's rating: 1157 &rarr; <strong>1129</strong><br />(-28 for losing)
|l|☆Munch144447
|player|p2|
|l|☆LuisEnriquePSG
|player|p1|
