|html|<div class="broadcast-blue"><strong>[Gen 9] OU is currently suspecting Tera Blast! For information on how to participate check out the <a href="https://www.smogon.com/tools/suspects/view/200">suspect thread</a>.</strong></div>
|j|☆mothfox
|j|‽Hero Bomb
|t:|1776189551
|gametype|singles
|player|p1|mothfox|colress|1271
|player|p2|Hero Bomb|170|1256
|gen|9
|tier|[Gen 9] OU
|rated|
|rule|HP Percentage Mod: HP is shown in percentages
|rule|Endless Battle Clause: Forcing endless battles is banned
|rule|Species Clause: Limit one of each Pokémon
|rule|OHKO Clause: OHKO moves are banned
|rule|Evasion Items Clause: Evasion items are banned
|rule|Evasion Moves Clause: Evasion moves are banned
|rule|Evasion Abilities Clause: Evasion abilities are banned
|rule|Sleep Moves Clause: Sleep-inducing moves are banned
|clearpoke
|poke|p1|Corviknight, F|
|poke|p1|Gliscor, M|
|poke|p1|Blissey, F|
|poke|p1|Dondozo, F|
|poke|p1|Toxapex, F|
|poke|p1|Weezing-Galar, M|
|poke|p2|Pelipper, F|
|poke|p2|Beartic, F|
|poke|p2|Barraskewda, F|
|poke|p2|Ogerpon-Wellspring, F|
|poke|p2|Zapdos|
|poke|p2|Hatterene, F|
|teampreview
|inactive|Battle timer is ON: inactive players will automatically lose when time's up. (requested by Hero Bomb)
|inactive|mothfox also wants the timer to be on.
|c|☆mothfox|beartic?
|
|t:|1776189574
|teamsize|p1|6
|teamsize|p2|6
|start
|switch|p1a: Gliscor|Gliscor, M|100/100
|switch|p2a: Pelipper|Pelipper, F|100/100
|-weather|RainDance|[from] ability: Drizzle|[of] p2a: Pelipper
|turn|1
|
|t:|1776189581
|move|p1a: Gliscor|Protect|p1a: Gliscor
|-singleturn|p1a: Gliscor|Protect
|move|p2a: Pelipper|U-turn|p1a: Gliscor
|-activate|p1a: Gliscor|move: Protect
|
|-weather|RainDance|[upkeep]
|-status|p1a: Gliscor|tox|[from] item: Toxic Orb
|upkeep
|turn|2
|
|t:|1776189590
|move|p1a: Gliscor|Knock Off|p2a: Pelipper
|-damage|p2a: Pelipper|85/100
|-enditem|p2a: Pelipper|Damp Rock|[from] move: Knock Off|[of] p1a: Gliscor
|move|p2a: Pelipper|U-turn|p1a: Gliscor
|-resisted|p1a: Gliscor
|-damage|p1a: Gliscor|97/100 tox
|
|t:|1776189596
|switch|p2a: Beartic|Beartic, F|100/100|[from] U-turn
|
|-weather|RainDance|[upkeep]
|-heal|p1a: Gliscor|100/100 tox|[from] ability: Poison Heal
|upkeep
|turn|3
|c|☆mothfox|beartic gets swift swim????
|
|t:|1776189611
|switch|p1a: Dondozo|Dondozo, F|100/100
|move|p2a: Beartic|Swords Dance|p2a: Beartic
|-boost|p2a: Beartic|atk|2
|
|-weather|RainDance|[upkeep]
|upkeep
|turn|4
|
|t:|1776189618
|move|p2a: Beartic|Substitute|p2a: Beartic
|-start|p2a: Beartic|Substitute
|-damage|p2a: Beartic|76/100
|move|p1a: Dondozo|Body Press|p2a: Beartic
|-supereffective|p2a: Beartic
|-end|p2a: Beartic|Substitute
|
|-weather|RainDance|[upkeep]
|upkeep
|turn|5
|
|t:|1776189634
|switch|p2a: Zapdos|Zapdos|100/100
|move|p1a: Dondozo|Body Press|p2a: Zapdos
|-resisted|p2a: Zapdos
|-damage|p2a: Zapdos|83/100
|
|-weather|RainDance|[upkeep]
|upkeep
|turn|6
|
|t:|1776189643
|switch|p1a: Blob|Blissey, F|100/100
|move|p2a: Zapdos|Weather Ball|p1a: Blob
|-damage|p1a: Blob|82/100
|
|-weather|RainDance|[upkeep]
|upkeep
|turn|7
|
|t:|1776189652
|move|p2a: Zapdos|Thunder|p1a: Blob
|-damage|p1a: Blob|63/100
|move|p1a: Blob|Shadow Ball|p2a: Zapdos
|-damage|p2a: Zapdos|72/100
|
|-weather|RainDance|[upkeep]
|upkeep
|turn|8
|
|t:|1776189660
|move|p2a: Zapdos|Volt Switch|p1a: Blob
|-damage|p1a: Blob|51/100
|
|t:|1776189674
|switch|p2a: Ogerpon|Ogerpon-Wellspring, F|100/100|[from] Volt Switch
|move|p1a: Blob|Shadow Ball|p2a: Ogerpon
|-damage|p2a: Ogerpon|83/100
|
|-weather|none
|upkeep
|turn|9
|
|t:|1776189687
|switch|p2a: Pelipper|Pelipper, F|85/100
|-weather|RainDance|[from] ability: Drizzle|[of] p2a: Pelipper
|switch|p1a: Corviknight|Corviknight, F|100/100
|-ability|p1a: Corviknight|Pressure
|
|-weather|RainDance|[upkeep]
|upkeep
|turn|10
|
|t:|1776189704
|switch|p1a: Toxapex|Toxapex, F|100/100
|move|p2a: Pelipper|U-turn|p1a: Toxapex
|-resisted|p1a: Toxapex
|-damage|p1a: Toxapex|98/100
|
|t:|1776189709
|switch|p2a: Beartic|Beartic, F|76/100|[from] U-turn
|
|-weather|RainDance|[upkeep]
|upkeep
|turn|11
|
|t:|1776189718
|switch|p1a: Dondozo|Dondozo, F|100/100
|move|p2a: Beartic|Swords Dance|p2a: Beartic
|-boost|p2a: Beartic|atk|2
|
|-weather|RainDance|[upkeep]
|upkeep
|turn|12
|
|t:|1776189730
|move|p2a: Beartic|Earthquake|p1a: Dondozo
|-damage|p1a: Dondozo|85/100
|move|p1a: Dondozo|Avalanche|p2a: Beartic
|-resisted|p2a: Beartic
|-damage|p2a: Beartic|58/100
|
|-weather|RainDance|[upkeep]
|upkeep
|turn|13
|
|t:|1776189738
|switch|p2a: Zapdos|Zapdos|72/100
|move|p1a: Dondozo|Body Press|p2a: Zapdos
|-resisted|p2a: Zapdos
|-damage|p2a: Zapdos|56/100
|
|-weather|none
|upkeep
|turn|14
|
|t:|1776189748
|switch|p2a: Pelipper|Pelipper, F|85/100
|-weather|RainDance|[from] ability: Drizzle|[of] p2a: Pelipper
|switch|p1a: Gliscor|Gliscor, M|100/100 tox
|
|-weather|RainDance|[upkeep]
|upkeep
|turn|15
|
|t:|1776189755
|switch|p2a: Beartic|Beartic, F|58/100
|move|p1a: Gliscor|Spikes|p2a: Beartic
|-sidestart|p2: Hero Bomb|Spikes
|
|-weather|RainDance|[upkeep]
|upkeep
|turn|16
|
|t:|1776189775
|switch|p2a: Zapdos|Zapdos|56/100
|switch|p1a: Corviknight|Corviknight, F|100/100
|-ability|p1a: Corviknight|Pressure
|
|-weather|RainDance|[upkeep]
|upkeep
|turn|17
|
|t:|1776189787
|switch|p1a: Gliscor|Gliscor, M|100/100 tox
|move|p2a: Zapdos|Thunder|p1a: Gliscor
|-immune|p1a: Gliscor
|
|-weather|RainDance|[upkeep]
|upkeep
|turn|18
|
|t:|1776189794
|move|p1a: Gliscor|Protect|p1a: Gliscor
|-singleturn|p1a: Gliscor|Protect
|move|p2a: Zapdos|Weather Ball|p1a: Gliscor
|-activate|p1a: Gliscor|move: Protect
|
|-weather|none
|upkeep
|turn|19
|
|t:|1776189803
|switch|p2a: Pelipper|Pelipper, F|85/100
|-weather|RainDance|[from] ability: Drizzle|[of] p2a: Pelipper
|move|p1a: Gliscor|Spikes|p2a: Pelipper
|-sidestart|p2: Hero Bomb|Spikes
|
|-weather|RainDance|[upkeep]
|upkeep
|turn|20
|
|t:|1776189817
|switch|p2a: Beartic|Beartic, F|58/100
|-damage|p2a: Beartic|41/100|[from] Spikes
|move|p1a: Gliscor|Knock Off|p2a: Beartic
|-damage|p2a: Beartic|14/100
|-enditem|p2a: Beartic|Loaded Dice|[from] move: Knock Off|[of] p1a: Gliscor
|
|-weather|RainDance|[upkeep]
|upkeep
|turn|21
|
|t:|1776189828
|move|p1a: Gliscor|Protect|p1a: Gliscor
|-singleturn|p1a: Gliscor|Protect
|move|p2a: Beartic|Icicle Spear|p1a: Gliscor
|-activate|p1a: Gliscor|move: Protect
|
|-weather|RainDance|[upkeep]
|upkeep
|turn|22
|
|t:|1776189849
|switch|p1a: Dondozo|Dondozo, F|85/100
|move|p2a: Beartic|Icicle Spear|p1a: Dondozo
|-resisted|p1a: Dondozo
|-damage|p1a: Dondozo|82/100
|-resisted|p1a: Dondozo
|-damage|p1a: Dondozo|79/100
|-hitcount|p1a: Dondozo|2
|
|-weather|RainDance|[upkeep]
|upkeep
|turn|23
|
|t:|1776189863
|move|p2a: Beartic|Earthquake|p1a: Dondozo
|-damage|p1a: Dondozo|64/100
|move|p1a: Dondozo|Avalanche|p2a: Beartic
|-resisted|p2a: Beartic
|-damage|p2a: Beartic|0 fnt
|faint|p2a: Beartic
|
|-weather|none
|upkeep
|
|t:|1776189866
|switch|p2a: Pelipper|Pelipper, F|85/100
|-weather|RainDance|[from] ability: Drizzle|[of] p2a: Pelipper
|turn|24
|
|t:|1776189885
|switch|p1a: Smokestack|Weezing-Galar, M|100/100
|-ability|p1a: Smokestack|Neutralizing Gas
|move|p2a: Pelipper|U-turn|p1a: Smokestack
|-resisted|p1a: Smokestack
|-damage|p1a: Smokestack|99/100
|
|t:|1776189899
|switch|p2a: Hatterene|Hatterene, F|100/100|[from] U-turn
|-damage|p2a: Hatterene|84/100|[from] Spikes
|
|-weather|RainDance|[upkeep]
|upkeep
|turn|25
|
|t:|1776189919
|-terastallize|p1a: Smokestack|Grass
|move|p1a: Smokestack|Will-O-Wisp|p2a: Hatterene
|-status|p2a: Hatterene|brn
|move|p2a: Hatterene|Psychic Noise|p1a: Smokestack
|-damage|p1a: Smokestack|49/100
|-start|p1a: Smokestack|move: Heal Block
|
|-weather|RainDance|[upkeep]
|-damage|p2a: Hatterene|78/100 brn|[from] brn
|upkeep
|turn|26
|
|t:|1776189932
|-end|p1a: Smokestack|ability: Neutralizing Gas
|switch|p1a: Blob|Blissey, F|51/100
|move|p2a: Hatterene|Psychic Noise|p1a: Blob
|-damage|p1a: Blob|41/100
|-start|p1a: Blob|move: Heal Block
|
|-weather|RainDance|[upkeep]
|-damage|p2a: Hatterene|72/100 brn|[from] brn
|upkeep
|turn|27
|
|t:|1776189950
|move|p1a: Blob|Shadow Ball|p2a: Hatterene
|-supereffective|p2a: Hatterene
|-damage|p2a: Hatterene|40/100 brn
|-unboost|p2a: Hatterene|spd|1
|-enditem|p2a: Hatterene|Eject Button
|
|t:|1776189959
|switch|p2a: Barraskewda|Barraskewda, F|100/100
|-damage|p2a: Barraskewda|84/100|[from] Spikes
|
|-weather|RainDance|[upkeep]
|-end|p1a: Blob|move: Heal Block
|upkeep
|turn|28
|l|‽Hero Bomb
|inactive|Hero Bomb disconnected and has a minute to reconnect!
|player|p2|
|
|t:|1776189987
|switch|p1a: Dondozo|Dondozo, F|64/100
|move|p2a: Barraskewda|Close Combat|p1a: Dondozo
|-damage|p1a: Dondozo|44/100
|-unboost|p2a: Barraskewda|def|1
|-unboost|p2a: Barraskewda|spd|1
|
|-weather|none
|upkeep
|turn|29
|j|‽Hero Bomb
|inactive|Hero Bomb reconnected and has 150 seconds left.
|player|p2|Hero Bomb|170|
|n|‽Hero Bomb|herobomb
|n|‽Hero Bomb|herobomb
|n|‽Hero Bomb|herobomb
|n|‽Hero Bomb|herobomb
|n|‽Hero Bomb|herobomb
|n|‽Hero Bomb|herobomb
|n|‽Hero Bomb|herobomb
|
|t:|1776189998
|move|p2a: Barraskewda|Flip Turn|p1a: Dondozo
|-resisted|p1a: Dondozo
|-damage|p1a: Dondozo|34/100
|
|t:|1776190002
|switch|p2a: Pelipper|Pelipper, F|85/100|[from] Flip Turn
|-weather|RainDance|[from] ability: Drizzle|[of] p2a: Pelipper
|move|p1a: Dondozo|Rest|p1a: Dondozo
|-status|p1a: Dondozo|slp|[from] move: Rest
|-heal|p1a: Dondozo|100/100 slp|[silent]
|
|-weather|RainDance|[upkeep]
|upkeep
|turn|30
|
|t:|1776190014
|move|p2a: Pelipper|U-turn|p1a: Dondozo
|-damage|p1a: Dondozo|96/100 slp
|
|t:|1776190017
|switch|p2a: Ogerpon|Ogerpon-Wellspring, F|83/100|[from] U-turn
|-damage|p2a: Ogerpon|67/100|[from] Spikes
|cant|p1a: Dondozo|slp
|move|p1a: Dondozo|Sleep Talk|p1a: Dondozo
|move|p1a: Dondozo|Rest||[from] move: Sleep Talk|[still]
|-fail|p1a: Dondozo
|
|-weather|RainDance|[upkeep]
|upkeep
|turn|31
|
|t:|1776190027
|switch|p1a: Corviknight|Corviknight, F|100/100
|-ability|p1a: Corviknight|Pressure
|move|p2a: Ogerpon|Power Whip|p1a: Corviknight
|-resisted|p1a: Corviknight
|-damage|p1a: Corviknight|86/100
|-damage|p2a: Ogerpon|50/100|[from] item: Rocky Helmet|[of] p1a: Corviknight
|
|-weather|RainDance|[upkeep]
|upkeep
|turn|32
|
|t:|1776190041
|switch|p2a: Hatterene|Hatterene, F|40/100 brn
|-damage|p2a: Hatterene|23/100 brn|[from] Spikes
|move|p1a: Corviknight|Body Press|p2a: Hatterene
|-resisted|p2a: Hatterene
|-damage|p2a: Hatterene|19/100 brn
|
|-weather|RainDance|[upkeep]
|-damage|p2a: Hatterene|13/100 brn|[from] brn
|upkeep
|turn|33
|
|t:|1776190051
|move|p1a: Corviknight|Body Press|p2a: Hatterene
|-resisted|p2a: Hatterene
|-damage|p2a: Hatterene|10/100 brn
|move|p2a: Hatterene|Healing Wish|p2a: Hatterene
|faint|p2a: Hatterene
|
|-weather|none
|upkeep
|
|t:|1776190060
|switch|p2a: Ogerpon|Ogerpon-Wellspring, F|50/100
|-heal|p2a: Ogerpon|100/100|[from] move: Healing Wish
|-damage|p2a: Ogerpon|84/100|[from] Spikes
|turn|34
|
|t:|1776190065
|switch|p2a: Pelipper|Pelipper, F|85/100
|-weather|RainDance|[from] ability: Drizzle|[of] p2a: Pelipper
|move|p1a: Corviknight|Iron Defense|p1a: Corviknight
|-boost|p1a: Corviknight|def|2
|
|-weather|RainDance|[upkeep]
|upkeep
|turn|35
|
|t:|1776190073
|move|p1a: Corviknight|Iron Defense|p1a: Corviknight
|-boost|p1a: Corviknight|def|2
|move|p2a: Pelipper|Surf|p1a: Corviknight
|-crit|p1a: Corviknight
|-damage|p1a: Corviknight|37/100
|
|-weather|RainDance|[upkeep]
|upkeep
|turn|36
|
|t:|1776190083
|switch|p1a: Blob|Blissey, F|41/100
|move|p2a: Pelipper|Surf|p1a: Blob
|-damage|p1a: Blob|25/100
|
|-weather|RainDance|[upkeep]
|upkeep
|turn|37
|
|t:|1776190090
|move|p1a: Blob|Stealth Rock|p2a: Pelipper
|-sidestart|p2: Hero Bomb|move: Stealth Rock
|move|p2a: Pelipper|Hurricane|p1a: Blob
|-damage|p1a: Blob|13/100
|-start|p1a: Blob|confusion
|
|-weather|RainDance|[upkeep]
|upkeep
|turn|38
|
|t:|1776190105
|-activate|p1a: Blob|confusion
|move|p1a: Blob|Soft-Boiled|p1a: Blob
|-heal|p1a: Blob|63/100
|move|p2a: Pelipper|Hurricane|p1a: Blob
|-damage|p1a: Blob|52/100
|
|-weather|none
|upkeep
|turn|39
|
|t:|1776190112
|switch|p2a: Zapdos|Zapdos|56/100
|-damage|p2a: Zapdos|31/100|[from] Stealth Rock
|-activate|p1a: Blob|confusion
|move|p1a: Blob|Soft-Boiled|p1a: Blob
|-heal|p1a: Blob|100/100
|
|upkeep
|turn|40
|inactive|mothfox has 120 seconds left.
|
|t:|1776190144
|switch|p2a: Pelipper|Pelipper, F|85/100
|-damage|p2a: Pelipper|60/100|[from] Stealth Rock
|-weather|RainDance|[from] ability: Drizzle|[of] p2a: Pelipper
|-end|p1a: Blob|confusion
|move|p1a: Blob|Calm Mind|p1a: Blob
|-boost|p1a: Blob|spa|1
|-boost|p1a: Blob|spd|1
|
|-weather|RainDance|[upkeep]
|upkeep
|turn|41
|
|t:|1776190154
|switch|p2a: Barraskewda|Barraskewda, F|84/100
|-damage|p2a: Barraskewda|68/100|[from] Spikes
|-damage|p2a: Barraskewda|56/100|[from] Stealth Rock
|move|p1a: Blob|Shadow Ball|p2a: Barraskewda
|-damage|p2a: Barraskewda|3/100
|-unboost|p2a: Barraskewda|spd|1
|
|-weather|RainDance|[upkeep]
|upkeep
|turn|42
|
|t:|1776190166
|switch|p1a: Dondozo|Dondozo, F|96/100 slp
|move|p2a: Barraskewda|Close Combat|p1a: Dondozo
|-damage|p1a: Dondozo|75/100 slp
|-unboost|p2a: Barraskewda|def|1
|-unboost|p2a: Barraskewda|spd|1
|
|-weather|RainDance|[upkeep]
|upkeep
|turn|43
|
|t:|1776190175
|move|p2a: Barraskewda|Close Combat|p1a: Dondozo
|-damage|p1a: Dondozo|57/100 slp
|-unboost|p2a: Barraskewda|def|1
|-unboost|p2a: Barraskewda|spd|1
|cant|p1a: Dondozo|slp
|move|p1a: Dondozo|Sleep Talk|p1a: Dondozo
|move|p1a: Dondozo|Rest||[from] move: Sleep Talk|[still]
|-fail|p1a: Dondozo
|
|-weather|RainDance|[upkeep]
|upkeep
|turn|44
|
|t:|1776190189
|move|p2a: Barraskewda|Close Combat|p1a: Dondozo
|-damage|p1a: Dondozo|38/100 slp
|-unboost|p2a: Barraskewda|def|1
|-unboost|p2a: Barraskewda|spd|1
|-curestatus|p1a: Dondozo|slp|[msg]
|move|p1a: Dondozo|Rest|p1a: Dondozo
|-status|p1a: Dondozo|slp|[from] move: Rest
|-heal|p1a: Dondozo|100/100 slp|[silent]
|
|-weather|none
|upkeep
|turn|45
|
|t:|1776190205
|switch|p1a: Smokestack|Weezing-Galar, M, tera:Grass|49/100
|-ability|p1a: Smokestack|Neutralizing Gas
|move|p2a: Barraskewda|Close Combat|p1a: Smokestack
|-damage|p1a: Smokestack|19/100
|-unboost|p2a: Barraskewda|def|1
|-unboost|p2a: Barraskewda|spd|1
|
|upkeep
|turn|46
|inactive|mothfox has 120 seconds left.
|
|t:|1776190226
|-end|p1a: Smokestack|ability: Neutralizing Gas
|switch|p1a: Corviknight|Corviknight, F|37/100
|-ability|p1a: Corviknight|Pressure
|move|p2a: Barraskewda|Poison Jab|p1a: Corviknight
|-immune|p1a: Corviknight
|
|upkeep
|turn|47
|inactive|mothfox has 120 seconds left.
|
|t:|1776190239
|move|p2a: Barraskewda|Liquidation|p1a: Corviknight
|-damage|p1a: Corviknight|0 fnt
|-damage|p2a: Barraskewda|0 fnt|[from] item: Rocky Helmet|[of] p1a: Corviknight
|faint|p1a: Corviknight
|faint|p2a: Barraskewda
|
|upkeep
|inactive|mothfox has 120 seconds left.
|
|t:|1776190251
|switch|p2a: Pelipper|Pelipper, F|60/100
|switch|p1a: Dondozo|Dondozo, F|100/100 slp
|-damage|p2a: Pelipper|35/100|[from] Stealth Rock
|-weather|RainDance|[from] ability: Drizzle|[of] p2a: Pelipper
|turn|48
|inactive|mothfox has 120 seconds left.
|
|t:|1776190264
|move|p2a: Pelipper|U-turn|p1a: Dondozo
|-damage|p1a: Dondozo|97/100 slp
|
|t:|1776190267
|switch|p2a: Zapdos|Zapdos|31/100|[from] U-turn
|-damage|p2a: Zapdos|6/100|[from] Stealth Rock
|cant|p1a: Dondozo|slp
|move|p1a: Dondozo|Sleep Talk|p1a: Dondozo
|move|p1a: Dondozo|Body Press|p2a: Zapdos|[from] move: Sleep Talk
|-resisted|p2a: Zapdos
|-damage|p2a: Zapdos|0 fnt
|faint|p2a: Zapdos
|
|-weather|RainDance|[upkeep]
|upkeep
|
|t:|1776190272
|switch|p2a: Ogerpon|Ogerpon-Wellspring, F|84/100
|-damage|p2a: Ogerpon|67/100|[from] Spikes
|-damage|p2a: Ogerpon|55/100|[from] Stealth Rock
|turn|49
|
|t:|1776190288
|switch|p1a: Toxapex|Toxapex, F|100/100
|move|p2a: Ogerpon|Encore||[still]
|-fail|p2a: Ogerpon
|
|-weather|RainDance|[upkeep]
|upkeep
|turn|50
|
|t:|1776190296
|move|p2a: Ogerpon|Power Whip|p1a: Toxapex
|-damage|p1a: Toxapex|56/100
|move|p1a: Toxapex|Toxic|p2a: Ogerpon
|-status|p2a: Ogerpon|tox
|
|-weather|RainDance|[upkeep]
|-damage|p2a: Ogerpon|49/100 tox|[from] psn
|upkeep
|turn|51
|
|t:|1776190305
|move|p2a: Ogerpon|Encore|p1a: Toxapex
|-start|p1a: Toxapex|Encore
|move|p1a: Toxapex|Toxic|p2a: Ogerpon
|-fail|p2a: Ogerpon|tox
|
|-weather|RainDance|[upkeep]
|-damage|p2a: Ogerpon|37/100 tox|[from] psn
|upkeep
|turn|52
|
|t:|1776190312
|switch|p1a: Smokestack|Weezing-Galar, M, tera:Grass|19/100
|-ability|p1a: Smokestack|Neutralizing Gas
|move|p2a: Ogerpon|Power Whip|p1a: Smokestack|[miss]
|-miss|p2a: Ogerpon|p1a: Smokestack
|
|-weather|none
|-damage|p2a: Ogerpon|19/100 tox|[from] psn
|upkeep
|turn|53
|
|t:|1776190322
|move|p2a: Ogerpon|Play Rough|p1a: Smokestack
|-damage|p1a: Smokestack|0 fnt
|faint|p1a: Smokestack
|-end|p1a: Smokestack|ability: Neutralizing Gas
|
|-damage|p2a: Ogerpon|0 fnt|[from] psn
|faint|p2a: Ogerpon
|upkeep
|
|t:|1776190330
|switch|p2a: Pelipper|Pelipper, F|35/100
|switch|p1a: Blob|Blissey, F|100/100
|-damage|p2a: Pelipper|10/100|[from] Stealth Rock
|-weather|RainDance|[from] ability: Drizzle|[of] p2a: Pelipper
|turn|54
|
|t:|1776190338
|move|p1a: Blob|Shadow Ball|p2a: Pelipper
|-damage|p2a: Pelipper|0 fnt
|faint|p2a: Pelipper
|
|win|mothfox
|raw|mothfox's rating: 1271 &rarr; <strong>1295</strong><br />(+24 for winning)
|raw|Hero Bomb's rating: 1256 &rarr; <strong>1232</strong><br />(-24 for losing)
|c|☆mothfox|gg
