|html|<div class="broadcast-blue"><strong>[Gen 9] OU is currently suspecting Tera Blast! For information on how to participate check out the <a href="https://www.smogon.com/tools/suspects/view/200">suspect thread</a>.</strong></div>
|j|☆terablastdontbanit
|j|☆rulexxx
|t:|1776157830
|gametype|singles
|player|p1|terablastdontbanit|2|1275
|player|p2|rulexxx|265|1212
|gen|9
|tier|[Gen 9] OU
|rated|
|rule|HP Percentage Mod: HP is shown in percentages
|rule|Endless Battle Clause: Forcing endless battles is banned
|rule|Species Clause: Limit one of each Pokémon
|rule|OHKO Clause: OHKO moves are banned
|rule|Evasion Items Clause: Evasion items are banned
|rule|Evasion Moves Clause: Evasion moves are banned
|rule|Evasion Abilities Clause: Evasion abilities are banned
|rule|Sleep Moves Clause: Sleep-inducing moves are banned
|clearpoke
|poke|p1|Darkrai|
|poke|p1|Zamazenta-*|
|poke|p1|Iron Treads|
|poke|p1|Ting-Lu|
|poke|p1|Gholdengo|
|poke|p1|Dragonite, F|
|poke|p2|Iron Valiant|
|poke|p2|Great Tusk|
|poke|p2|Rillaboom, F|
|poke|p2|Heatran, M|
|poke|p2|Gholdengo|
|poke|p2|Zapdos|
|teampreview
|
|t:|1776157846
|teamsize|p1|6
|teamsize|p2|6
|start
|switch|p1a: Ting-Lu|Ting-Lu|100/100
|switch|p2a: Heatran|Heatran, M|100/100
|-ability|p1a: Ting-Lu|Vessel of Ruin
|turn|1
|inactive|Battle timer is ON: inactive players will automatically lose when time's up. (requested by terablastdontbanit)
|
|t:|1776157856
|-terastallize|p2a: Heatran|Grass
|move|p2a: Heatran|Taunt|p1a: Ting-Lu
|-start|p1a: Ting-Lu|move: Taunt
|cant|p1a: Ting-Lu|move: Taunt|Stealth Rock
|
|upkeep
|turn|2
|inactive|terablastdontbanit has 120 seconds left.
|
|t:|1776157887
|move|p2a: Heatran|Magma Storm|p1a: Ting-Lu
|-damage|p1a: Ting-Lu|83/100
|-activate|p1a: Ting-Lu|move: Magma Storm|[of] p2a: Heatran
|-enditem|p1a: Ting-Lu|Red Card|[of] p2a: Heatran
|drag|p2a: Gholdengo|Gholdengo|100/100
|move|p1a: Ting-Lu|Ruination|p2a: Gholdengo|[miss]
|-miss|p1a: Ting-Lu|p2a: Gholdengo
|
|-end|p1a: Ting-Lu|Magma Storm|[partiallytrapped]|[silent]
|upkeep
|turn|3
|inactive|rulexxx has 120 seconds left.
|
|t:|1776157931
|move|p2a: Gholdengo|Trick|p1a: Ting-Lu
|-activate|p2a: Gholdengo|move: Trick|[of] p1a: Ting-Lu
|-item|p1a: Ting-Lu|Choice Scarf|[from] move: Trick
|-enditem|p2a: Gholdengo|Choice Scarf|[silent]|[from] move: Trick
|move|p1a: Ting-Lu|Ruination|p2a: Gholdengo
|-damage|p2a: Gholdengo|51/100
|
|-end|p1a: Ting-Lu|move: Taunt
|upkeep
|turn|4
|inactive|terablastdontbanit has 120 seconds left.
|
|t:|1776157952
|switch|p1a: Dragonite|Dragonite, F|100/100
|move|p2a: Gholdengo|Nasty Plot|p2a: Gholdengo
|-boost|p2a: Gholdengo|spa|2
|
|upkeep
|turn|5
|inactive|terablastdontbanit has 120 seconds left.
|inactive|rulexxx has 120 seconds left.
|
|t:|1776157965
|move|p2a: Gholdengo|Shadow Ball|p1a: Dragonite
|-damage|p1a: Dragonite|54/100
|-unboost|p1a: Dragonite|spd|1
|move|p1a: Dragonite|Earthquake|p2a: Gholdengo
|-supereffective|p2a: Gholdengo
|-damage|p2a: Gholdengo|0 fnt
|faint|p2a: Gholdengo
|
|upkeep
|inactive|rulexxx has 120 seconds left.
|
|t:|1776157979
|switch|p2a: Great Tusk|Great Tusk, shiny|100/100
|turn|6
|inactive|rulexxx has 120 seconds left.
|
|t:|1776157986
|switch|p1a: Ting-Lu|Ting-Lu|83/100
|-ability|p1a: Ting-Lu|Vessel of Ruin
|move|p2a: Great Tusk|Stealth Rock|p1a: Ting-Lu
|-sidestart|p1: terablastdontbanit|move: Stealth Rock
|
|upkeep
|turn|7
|inactive|rulexxx has 120 seconds left.
|
|t:|1776158015
|-end|p2a: Great Tusk|Protosynthesis|[silent]
|switch|p2a: Rillaboom|Rillaboom, F|100/100
|-fieldstart|move: Grassy Terrain|[from] ability: Grassy Surge|[of] p2a: Rillaboom
|move|p1a: Ting-Lu|Spikes|p2a: Rillaboom
|-sidestart|p2: rulexxx|Spikes
|
|-heal|p1a: Ting-Lu|89/100|[from] Grassy Terrain
|upkeep
|turn|8
|
|t:|1776158027
|move|p2a: Rillaboom|Grassy Glide|p1a: Ting-Lu
|-supereffective|p1a: Ting-Lu
|-damage|p1a: Ting-Lu|30/100
|move|p1a: Ting-Lu|Spikes|p2a: Rillaboom
|-sidestart|p2: rulexxx|Spikes
|
|-heal|p1a: Ting-Lu|36/100|[from] Grassy Terrain
|upkeep
|turn|9
|
|t:|1776158052
|move|p2a: Rillaboom|Grassy Glide|p1a: Ting-Lu
|-supereffective|p1a: Ting-Lu
|-damage|p1a: Ting-Lu|0 fnt
|faint|p1a: Ting-Lu
|
|upkeep
|inactive|terablastdontbanit has 120 seconds left.
|
|t:|1776158088
|switch|p1a: Zamazenta|Zamazenta|100/100
|-damage|p1a: Zamazenta|94/100|[from] Stealth Rock
|-ability|p1a: Zamazenta|Dauntless Shield|boost
|-boost|p1a: Zamazenta|def|1
|turn|10
|inactive|rulexxx has 120 seconds left.
|
|t:|1776158101
|move|p2a: Rillaboom|Grassy Glide|p1a: Zamazenta
|-damage|p1a: Zamazenta|68/100
|move|p1a: Zamazenta|Iron Defense|p1a: Zamazenta
|-boost|p1a: Zamazenta|def|2
|
|-heal|p1a: Zamazenta|74/100|[from] Grassy Terrain
|-heal|p1a: Zamazenta|80/100|[from] item: Leftovers
|upkeep
|turn|11
|inactive|rulexxx has 120 seconds left.
|
|t:|1776158111
|switch|p2a: Heatran|Heatran, M, tera:Grass|100/100
|-damage|p2a: Heatran|84/100|[from] Spikes
|move|p1a: Zamazenta|Iron Defense|p1a: Zamazenta
|-boost|p1a: Zamazenta|def|2
|
|-heal|p1a: Zamazenta|86/100|[from] Grassy Terrain
|-heal|p1a: Zamazenta|92/100|[from] item: Leftovers
|-heal|p2a: Heatran|90/100|[from] Grassy Terrain
|-heal|p2a: Heatran|96/100|[from] item: Leftovers
|-fieldend|move: Grassy Terrain
|upkeep
|turn|12
|inactive|rulexxx has 120 seconds left.
|inactive|terablastdontbanit has 90 seconds left.
|
|t:|1776158141
|move|p1a: Zamazenta|Body Press|p2a: Heatran
|-damage|p2a: Heatran|0 fnt
|faint|p2a: Heatran
|
|-heal|p1a: Zamazenta|98/100|[from] item: Leftovers
|upkeep
|
|t:|1776158150
|switch|p2a: Zapdos|Zapdos|100/100
|turn|13
|inactive|terablastdontbanit has 90 seconds left.
|
|t:|1776158164
|-terastallize|p1a: Zamazenta|Fire
|move|p1a: Zamazenta|Body Press|p2a: Zapdos
|-resisted|p2a: Zapdos
|-damage|p2a: Zapdos|57/100
|-status|p1a: Zamazenta|par|[from] ability: Static|[of] p2a: Zapdos
|move|p2a: Zapdos|Hurricane|p1a: Zamazenta
|-damage|p1a: Zamazenta|59/100 par
|
|-heal|p1a: Zamazenta|65/100 par|[from] item: Leftovers
|upkeep
|turn|14
|inactive|rulexxx has 120 seconds left.
|
|t:|1776158184
|move|p2a: Zapdos|Thunderbolt|p1a: Zamazenta
|-damage|p1a: Zamazenta|29/100 par
|move|p1a: Zamazenta|Body Press|p2a: Zapdos
|-resisted|p2a: Zapdos
|-damage|p2a: Zapdos|5/100
|
|-heal|p1a: Zamazenta|35/100 par|[from] item: Leftovers
|upkeep
|turn|15
|
|t:|1776158193
|move|p2a: Zapdos|Thunderbolt|p1a: Zamazenta
|-damage|p1a: Zamazenta|1/100 par
|cant|p1a: Zamazenta|par
|
|-heal|p1a: Zamazenta|7/100 par|[from] item: Leftovers
|upkeep
|turn|16
|
|t:|1776158202
|move|p2a: Zapdos|Thunderbolt|p1a: Zamazenta
|-damage|p1a: Zamazenta|0 fnt
|faint|p1a: Zamazenta
|
|upkeep
|
|t:|1776158211
|switch|p1a: Iron Treads|Iron Treads|100/100
|-damage|p1a: Iron Treads|97/100|[from] Stealth Rock
|turn|17
|
|t:|1776158235
|move|p1a: Iron Treads|Rapid Spin|p2a: Zapdos
|-damage|p2a: Zapdos|0 fnt
|-boost|p1a: Iron Treads|spe|1
|-sideend|p1: terablastdontbanit|Stealth Rock|[from] move: Rapid Spin|[of] p1a: Iron Treads
|faint|p2a: Zapdos
|
|-heal|p1a: Iron Treads|100/100|[from] item: Leftovers
|upkeep
|
|t:|1776158241
|switch|p2a: Rillaboom|Rillaboom, F|100/100
|-damage|p2a: Rillaboom|84/100|[from] Spikes
|-fieldstart|move: Grassy Terrain|[from] ability: Grassy Surge|[of] p2a: Rillaboom
|turn|18
|
|t:|1776158251
|move|p2a: Rillaboom|Grassy Glide|p1a: Iron Treads
|-damage|p1a: Iron Treads|48/100
|move|p1a: Iron Treads|Ice Spinner|p2a: Rillaboom
|-supereffective|p2a: Rillaboom
|-damage|p2a: Rillaboom|32/100
|-fieldend|move: Grassy Terrain
|
|-heal|p1a: Iron Treads|54/100|[from] item: Leftovers
|upkeep
|turn|19
|
|t:|1776158266
|move|p1a: Iron Treads|Ice Spinner|p2a: Rillaboom
|-supereffective|p2a: Rillaboom
|-damage|p2a: Rillaboom|0 fnt
|faint|p2a: Rillaboom
|
|-heal|p1a: Iron Treads|60/100|[from] item: Leftovers
|upkeep
|-message|rulexxx forfeited.
|
|win|terablastdontbanit
|raw|terablastdontbanit's rating: 1275 &rarr; <strong>1296</strong><br />(+21 for winning)
|raw|rulexxx's rating: 1212 &rarr; <strong>1191</strong><br />(-21 for losing)
|l|☆rulexxx
|player|p2|
|c|☆terablastdontbanit|gg
