|html|<div class="broadcast-blue"><strong>[Gen 9] OU is currently suspecting Tera Blast! For information on how to participate check out the <a href="https://www.smogon.com/tools/suspects/view/200">suspect thread</a>.</strong></div>
|j|☆nya420
|j|☆gym locker smells
|t:|1776117882
|gametype|singles
|player|p1|nya420|emma|1192
|player|p2|gym locker smells|fisherman|1220
|gen|9
|tier|[Gen 9] OU
|rated|
|rule|HP Percentage Mod: HP is shown in percentages
|rule|Endless Battle Clause: Forcing endless battles is banned
|rule|Species Clause: Limit one of each Pokémon
|rule|OHKO Clause: OHKO moves are banned
|rule|Evasion Items Clause: Evasion items are banned
|rule|Evasion Moves Clause: Evasion moves are banned
|rule|Evasion Abilities Clause: Evasion abilities are banned
|rule|Sleep Moves Clause: Sleep-inducing moves are banned
|clearpoke
|poke|p1|Maushold-Four|
|poke|p1|Dondozo, M|
|poke|p1|Jirachi|
|poke|p1|Slowking-Galar, M|
|poke|p1|Ting-Lu|
|poke|p1|Cinderace, M|
|poke|p2|Serperior, M|
|poke|p2|Cinderace, M|
|poke|p2|Kingambit, F|
|poke|p2|Passimian, M|
|poke|p2|Milotic, F|
|poke|p2|Ribombee, F|
|teampreview
|inactive|Battle timer is ON: inactive players will automatically lose when time's up. (requested by nya420)
|
|t:|1776117898
|teamsize|p1|6
|teamsize|p2|6
|start
|switch|p1a: jachi|Jirachi|100/100
|switch|p2a: Ribombee|Ribombee, F|100/100
|turn|1
|
|t:|1776117902
|move|p2a: Ribombee|Sticky Web|p1a: jachi
|-sidestart|p1: nya420|move: Sticky Web
|move|p1a: jachi|U-turn|p2a: Ribombee
|-resisted|p2a: Ribombee
|-damage|p2a: Ribombee|87/100
|
|t:|1776117905
|switch|p1a: bnuy|Cinderace, M|100/100|[from] U-turn
|
|upkeep
|turn|2
|
|t:|1776117907
|move|p2a: Ribombee|Stun Spore|p1a: bnuy
|-status|p1a: bnuy|par
|move|p1a: bnuy|Pyro Ball|p2a: Ribombee
|-supereffective|p2a: Ribombee
|-damage|p2a: Ribombee|0 fnt
|faint|p2a: Ribombee
|
|upkeep
|
|t:|1776117913
|switch|p2a: Cinderace|Cinderace, M|100/100
|turn|3
|
|t:|1776117915
|move|p2a: Cinderace|Court Change|p2a: Cinderace
|-start|p2a: Cinderace|typechange|Normal|[from] ability: Libero
|-swapsideconditions
|-activate|p2a: Cinderace|move: Court Change
|move|p1a: bnuy|Court Change|p1a: bnuy
|-swapsideconditions
|-activate|p1a: bnuy|move: Court Change
|
|upkeep
|turn|4
|
|t:|1776117920
|move|p2a: Cinderace|Court Change|p2a: Cinderace
|-swapsideconditions
|-activate|p2a: Cinderace|move: Court Change
|move|p1a: bnuy|Court Change|p1a: bnuy
|-swapsideconditions
|-activate|p1a: bnuy|move: Court Change
|
|upkeep
|turn|5
|c|☆nya420|gogo
|c|☆gym locker smells|no i want it
|
|t:|1776117933
|move|p2a: Cinderace|Court Change|p2a: Cinderace
|-swapsideconditions
|-activate|p2a: Cinderace|move: Court Change
|cant|p1a: bnuy|par
|
|upkeep
|turn|6
|c|☆nya420|pensive
|
|t:|1776117941
|move|p2a: Cinderace|U-turn|p1a: bnuy
|-resisted|p1a: bnuy
|-damage|p1a: bnuy|84/100 par
|
|t:|1776117945
|switch|p2a: Passimian|Passimian, M|100/100|[from] U-turn
|-activate|p2a: Passimian|move: Sticky Web
|-unboost|p2a: Passimian|spe|1
|-ability|p2a: Passimian|Defiant|boost
|-boost|p2a: Passimian|atk|2
|-enditem|p2a: Passimian|White Herb
|-clearnegativeboost|p2a: Passimian|[silent]
|move|p1a: bnuy|Pyro Ball|p2a: Passimian
|-damage|p2a: Passimian|42/100
|
|upkeep
|turn|7
|
|t:|1776117966
|switch|p1a: cantaloupe|Dondozo, M, shiny|100/100
|move|p2a: Passimian|Knock Off|p1a: cantaloupe
|-damage|p1a: cantaloupe|82/100
|-damage|p2a: Passimian|26/100|[from] item: Rocky Helmet|[of] p1a: cantaloupe
|-enditem|p1a: cantaloupe|Rocky Helmet|[from] move: Knock Off|[of] p2a: Passimian
|
|upkeep
|turn|8
|
|t:|1776117973
|move|p2a: Passimian|Trailblaze|p1a: cantaloupe
|-supereffective|p1a: cantaloupe
|-damage|p1a: cantaloupe|63/100
|-boost|p2a: Passimian|spe|1
|move|p1a: cantaloupe|Waterfall|p2a: Passimian
|-damage|p2a: Passimian|0 fnt
|faint|p2a: Passimian
|
|upkeep
|
|t:|1776117979
|switch|p2a: Serperior|Serperior, M|100/100
|-activate|p2a: Serperior|move: Sticky Web
|-boost|p2a: Serperior|spe|1
|turn|9
|
|t:|1776117983
|switch|p1a: purple urkle|Slowking-Galar, M|100/100
|move|p2a: Serperior|Leaf Storm|p1a: purple urkle
|-resisted|p1a: purple urkle
|-damage|p1a: purple urkle|80/100
|-boost|p2a: Serperior|spa|2
|
|-heal|p1a: purple urkle|86/100|[from] item: Leftovers
|upkeep
|turn|10
|
|t:|1776117989
|-terastallize|p2a: Serperior|Electric
|move|p2a: Serperior|Leaf Storm|p1a: purple urkle
|-resisted|p1a: purple urkle
|-damage|p1a: purple urkle|51/100
|-boost|p2a: Serperior|spa|2
|move|p1a: purple urkle|Sludge Bomb|p2a: Serperior
|-damage|p2a: Serperior|64/100
|
|-heal|p1a: purple urkle|58/100|[from] item: Leftovers
|upkeep
|turn|11
|
|t:|1776118004
|move|p2a: Serperior|Leaf Storm|p1a: purple urkle
|-resisted|p1a: purple urkle
|-damage|p1a: purple urkle|4/100
|-boost|p2a: Serperior|spa|2
|-prepare|p1a: purple urkle|Chilly Reception|[premajor]
|move|p1a: purple urkle|Chilly Reception|p1a: purple urkle
|-weather|Snowscape
|
|t:|1776118011
|switch|p1a: jachi|Jirachi|100/100|[from] Chilly Reception
|
|-weather|Snowscape|[upkeep]
|upkeep
|turn|12
|
|t:|1776118019
|move|p2a: Serperior|Reflect|p2a: Serperior
|-sidestart|p2: gym locker smells|Reflect
|move|p1a: jachi|Psyshock|p2a: Serperior
|-damage|p2a: Serperior|22/100
|
|-weather|Snowscape|[upkeep]
|upkeep
|turn|13
|
|t:|1776118023
|move|p2a: Serperior|Tera Blast|p1a: jachi|[anim] Tera Blast Electric
|-damage|p1a: jachi|0 fnt
|faint|p1a: jachi
|
|-weather|Snowscape|[upkeep]
|upkeep
|
|t:|1776118028
|switch|p1a: cowe|Ting-Lu|100/100
|-ability|p1a: cowe|Vessel of Ruin
|turn|14
|
|t:|1776118032
|-terastallize|p1a: cowe|Fairy
|move|p2a: Serperior|Leaf Storm|p1a: cowe
|-damage|p1a: cowe|25/100
|move|p1a: cowe|Earthquake|p2a: Serperior
|-supereffective|p2a: Serperior
|-damage|p2a: Serperior|0 fnt
|faint|p2a: Serperior
|
|-weather|Snowscape|[upkeep]
|-heal|p1a: cowe|31/100|[from] item: Leftovers
|upkeep
|
|t:|1776118044
|switch|p2a: Kingambit|Kingambit, F|100/100
|-activate|p2a: Kingambit|move: Sticky Web
|-unboost|p2a: Kingambit|spe|1
|-ability|p2a: Kingambit|Defiant|boost
|-boost|p2a: Kingambit|atk|2
|turn|15
|
|t:|1776118048
|move|p1a: cowe|Earthquake|p2a: Kingambit
|-supereffective|p2a: Kingambit
|-damage|p2a: Kingambit|68/100
|move|p2a: Kingambit|Kowtow Cleave|p1a: cowe
|-resisted|p1a: cowe
|-damage|p1a: cowe|0 fnt
|faint|p1a: cowe
|
|-weather|none
|upkeep
|
|t:|1776118053
|switch|p1a: bnuy|Cinderace, M|84/100 par
|turn|16
|
|t:|1776118059
|move|p2a: Kingambit|Sucker Punch||[still]
|-fail|p2a: Kingambit
|move|p1a: bnuy|Court Change|p1a: bnuy
|-swapsideconditions
|-activate|p1a: bnuy|move: Court Change
|
|-sideend|p1: nya420|Reflect
|upkeep
|turn|17
|
|t:|1776118067
|move|p1a: bnuy|Pyro Ball|p2a: Kingambit
|-supereffective|p2a: Kingambit
|-damage|p2a: Kingambit|0 fnt
|faint|p2a: Kingambit
|
|upkeep
|
|t:|1776118071
|switch|p2a: Milotic|Milotic, F|100/100
|turn|18
|
|t:|1776118079
|move|p2a: Milotic|Surf|p1a: bnuy
|-supereffective|p1a: bnuy
|-damage|p1a: bnuy|0 fnt
|faint|p1a: bnuy
|
|upkeep
|
|t:|1776118082
|switch|p1a: purple urkle|Slowking-Galar, M|38/100
|-activate|p1a: purple urkle|move: Sticky Web
|-unboost|p1a: purple urkle|spe|1
|turn|19
|
|t:|1776118087
|switch|p1a: cantaloupe|Dondozo, M, shiny|63/100
|-activate|p1a: cantaloupe|move: Sticky Web
|-unboost|p1a: cantaloupe|spe|1
|move|p2a: Milotic|Surf|p1a: cantaloupe
|-resisted|p1a: cantaloupe
|-damage|p1a: cantaloupe|46/100
|
|upkeep
|turn|20
|
|t:|1776118092
|switch|p1a: purple urkle|Slowking-Galar, M|71/100
|-activate|p1a: purple urkle|move: Sticky Web
|-unboost|p1a: purple urkle|spe|1
|move|p2a: Milotic|Draining Kiss|p1a: purple urkle
|-resisted|p1a: purple urkle
|-damage|p1a: purple urkle|65/100
|
|-heal|p1a: purple urkle|71/100|[from] item: Leftovers
|upkeep
|turn|21
|
|t:|1776118097
|switch|p2a: Cinderace|Cinderace, M|100/100
|move|p1a: purple urkle|Future Sight|p2a: Cinderace
|-start|p1a: purple urkle|move: Future Sight
|
|-heal|p1a: purple urkle|77/100|[from] item: Leftovers
|upkeep
|turn|22
|
|t:|1776118100
|move|p2a: Cinderace|Court Change|p2a: Cinderace
|-start|p2a: Cinderace|typechange|Normal|[from] ability: Libero
|-swapsideconditions
|-activate|p2a: Cinderace|move: Court Change
|move|p1a: purple urkle|Sludge Bomb|p2a: Cinderace
|-damage|p2a: Cinderace|53/100
|-status|p2a: Cinderace|psn
|
|-heal|p1a: purple urkle|83/100|[from] item: Leftovers
|-damage|p2a: Cinderace|41/100 psn|[from] psn
|upkeep
|turn|23
|
|t:|1776118103
|move|p2a: Cinderace|Pyro Ball|p1a: purple urkle
|-damage|p1a: purple urkle|55/100
|-prepare|p1a: purple urkle|Chilly Reception|[premajor]
|move|p1a: purple urkle|Chilly Reception|p1a: purple urkle
|-weather|Snowscape
|
|t:|1776118108
|switch|p1a: cantaloupe|Dondozo, M, shiny|46/100|[from] Chilly Reception
|
|-weather|Snowscape|[upkeep]
|-end|p2a: Cinderace|move: Future Sight
|-damage|p2a: Cinderace|0 fnt
|faint|p2a: Cinderace
|upkeep
|
|t:|1776118111
|switch|p2a: Milotic|Milotic, F|100/100
|-activate|p2a: Milotic|move: Sticky Web
|-unboost|p2a: Milotic|spe|1
|-ability|p2a: Milotic|Competitive|boost
|-boost|p2a: Milotic|spa|2
|turn|24
|
|t:|1776118115
|move|p2a: Milotic|Draining Kiss|p1a: cantaloupe
|-damage|p1a: cantaloupe|33/100
|move|p1a: cantaloupe|Waterfall|p2a: Milotic
|-resisted|p2a: Milotic
|-crit|p2a: Milotic
|-damage|p2a: Milotic|75/100
|
|-weather|Snowscape|[upkeep]
|upkeep
|turn|25
|
|t:|1776118120
|move|p2a: Milotic|Draining Kiss|p1a: cantaloupe
|-damage|p1a: cantaloupe|22/100
|-heal|p2a: Milotic|85/100|[from] drain|[of] p1a: cantaloupe
|move|p1a: cantaloupe|Waterfall|p2a: Milotic
|-resisted|p2a: Milotic
|-damage|p2a: Milotic|69/100
|
|-weather|Snowscape|[upkeep]
|upkeep
|turn|26
|
|t:|1776118122
|move|p2a: Milotic|Draining Kiss|p1a: cantaloupe
|-damage|p1a: cantaloupe|10/100
|-heal|p2a: Milotic|80/100|[from] drain|[of] p1a: cantaloupe
|move|p1a: cantaloupe|Waterfall|p2a: Milotic
|-resisted|p2a: Milotic
|-damage|p2a: Milotic|61/100
|
|-weather|Snowscape|[upkeep]
|upkeep
|turn|27
|
|t:|1776118125
|move|p2a: Milotic|Draining Kiss|p1a: cantaloupe
|-damage|p1a: cantaloupe|0 fnt
|-heal|p2a: Milotic|70/100|[from] drain|[of] p1a: cantaloupe
|faint|p1a: cantaloupe
|
|-weather|none
|upkeep
|
|t:|1776118127
|switch|p1a: meece|Maushold-Four|100/100
|turn|28
|
|t:|1776118132
|move|p1a: meece|Population Bomb|p2a: Milotic
|-damage|p2a: Milotic|59/100
|-damage|p2a: Milotic|48/100
|-damage|p2a: Milotic|36/100
|-damage|p2a: Milotic|24/100
|-damage|p2a: Milotic|12/100
|-damage|p2a: Milotic|0 fnt
|faint|p2a: Milotic
|-hitcount|p2: Milotic|6
|
|win|nya420
|raw|nya420's rating: 1192 &rarr; <strong>1219</strong><br />(+27 for winning)
|raw|gym locker smells's rating: 1220 &rarr; <strong>1193</strong><br />(-27 for losing)
|l|☆gym locker smells
|player|p2|
|c|☆nya420|gg teams cool
|l|☆nya420
|player|p1|
