|html|<div class="broadcast-blue"><strong>[Gen 9] OU is currently suspecting Tera Blast! For information on how to participate check out the <a href="https://www.smogon.com/tools/suspects/view/200">suspect thread</a>.</strong></div>
|j|☆JoacoxC
|j|☆seadra_qst
|t:|1776055555
|gametype|singles
|player|p1|JoacoxC|cynthia|1252
|player|p2|seadra_qst|266|1286
|gen|9
|tier|[Gen 9] OU
|rated|
|rule|HP Percentage Mod: HP is shown in percentages
|rule|Endless Battle Clause: Forcing endless battles is banned
|rule|Species Clause: Limit one of each Pokémon
|rule|OHKO Clause: OHKO moves are banned
|rule|Evasion Items Clause: Evasion items are banned
|rule|Evasion Moves Clause: Evasion moves are banned
|rule|Evasion Abilities Clause: Evasion abilities are banned
|rule|Sleep Moves Clause: Sleep-inducing moves are banned
|clearpoke
|poke|p1|Garchomp, F|
|poke|p1|Noivern, F|
|poke|p1|Scyther, F|
|poke|p1|Dragapult, F|
|poke|p1|Skeledirge, F|
|poke|p1|Quaquaval, F|
|poke|p2|Dragonite, F|
|poke|p2|Glimmora, F|
|poke|p2|Gholdengo|
|poke|p2|Ogerpon-Wellspring, F|
|poke|p2|Iron Valiant|
|poke|p2|Skeledirge, M|
|teampreview
|inactive|Battle timer is ON: inactive players will automatically lose when time's up. (requested by seadra_qst)
|
|t:|1776055560
|teamsize|p1|6
|teamsize|p2|6
|start
|switch|p1a: Quaquaval|Quaquaval, F|100/100
|switch|p2a: Glimmora|Glimmora, F|100/100
|-item|p2a: Glimmora|Air Balloon
|turn|1
|j| vasago
|
|t:|1776055566
|switch|p2a: Ogerpon|Ogerpon-Wellspring, F|100/100
|move|p1a: Quaquaval|Aqua Step|p2a: Ogerpon
|-immune|p2a: Ogerpon|[from] ability: Water Absorb
|
|upkeep
|turn|2
|l| vasago
|
|t:|1776055574
|switch|p1a: Dragapult|Dragapult, F|100/100
|move|p2a: Ogerpon|Swords Dance|p2a: Ogerpon
|-boost|p2a: Ogerpon|atk|2
|
|upkeep
|turn|3
|
|t:|1776055579
|move|p2a: Ogerpon|Spiky Shield|p2a: Ogerpon
|-singleturn|p2a: Ogerpon|move: Protect
|move|p1a: Dragapult|Will-O-Wisp|p2a: Ogerpon
|-activate|p2a: Ogerpon|move: Protect
|
|upkeep
|turn|4
|
|t:|1776055586
|move|p1a: Dragapult|Will-O-Wisp|p2a: Ogerpon
|-status|p2a: Ogerpon|brn
|move|p2a: Ogerpon|Swords Dance|p2a: Ogerpon
|-boost|p2a: Ogerpon|atk|2
|
|-damage|p2a: Ogerpon|95/100 brn|[from] brn
|upkeep
|turn|5
|
|t:|1776055596
|move|p1a: Dragapult|Dragon Darts|p2a: Ogerpon
|-damage|p2a: Ogerpon|56/100 brn
|-anim|p1a: Dragapult|Dragon Darts|p2a: Ogerpon
|-damage|p2a: Ogerpon|13/100 brn
|-damage|p1a: Dragapult|91/100|[from] item: Life Orb
|move|p2a: Ogerpon|Ivy Cudgel|p1a: Dragapult|[anim] Ivy Cudgel Water
|-resisted|p1a: Dragapult
|-crit|p1a: Dragapult
|-damage|p1a: Dragapult|2/100
|
|-damage|p2a: Ogerpon|7/100 brn|[from] brn
|upkeep
|turn|6
|
|t:|1776055607
|move|p1a: Dragapult|Phantom Force||[still]
|-prepare|p1a: Dragapult|Phantom Force
|move|p2a: Ogerpon|Horn Leech|p1a: Dragapult|[miss]
|-miss|p2a: Ogerpon|p1a: Dragapult
|
|-damage|p2a: Ogerpon|1/100 brn|[from] brn
|upkeep
|turn|7
|
|t:|1776055611
|move|p2a: Ogerpon|Spiky Shield|p2a: Ogerpon
|-singleturn|p2a: Ogerpon|move: Protect
|move|p1a: Dragapult|Phantom Force|p2a: Ogerpon|[from] lockedmove
|-activate|p2a: Ogerpon|move: Phantom Force|[broken]
|-damage|p2a: Ogerpon|0 fnt
|faint|p2a: Ogerpon
|-damage|p1a: Dragapult|0 fnt|[from] item: Life Orb
|faint|p1a: Dragapult
|
|upkeep
|
|t:|1776055621
|switch|p1a: Quaquaval|Quaquaval, F|100/100
|switch|p2a: Glimmora|Glimmora, F|100/100
|-item|p2a: Glimmora|Air Balloon
|turn|8
|
|t:|1776055631
|move|p2a: Glimmora|Stealth Rock|p1a: Quaquaval
|-sidestart|p1: JoacoxC|move: Stealth Rock
|move|p1a: Quaquaval|Aqua Step|p2a: Glimmora
|-supereffective|p2a: Glimmora
|-damage|p2a: Glimmora|0 fnt
|-boost|p1a: Quaquaval|spe|1
|-activate|p2a: Glimmora|ability: Toxic Debris
|-sidestart|p1: JoacoxC|move: Toxic Spikes
|-enditem|p2a: Glimmora|Air Balloon
|faint|p2a: Glimmora
|-ability|p1a: Quaquaval|Moxie|boost
|-boost|p1a: Quaquaval|atk|1
|-damage|p1a: Quaquaval|91/100|[from] item: Life Orb
|
|upkeep
|
|t:|1776055637
|switch|p2a: Skeledirge|Skeledirge, M|100/100
|turn|9
|
|t:|1776055641
|-terastallize|p2a: Skeledirge|Grass
|move|p1a: Quaquaval|Aqua Step|p2a: Skeledirge
|-resisted|p2a: Skeledirge
|-damage|p2a: Skeledirge|80/100
|-boost|p1a: Quaquaval|spe|1
|-damage|p1a: Quaquaval|81/100|[from] item: Life Orb
|move|p2a: Skeledirge|Will-O-Wisp|p1a: Quaquaval
|-status|p1a: Quaquaval|brn
|
|-heal|p2a: Skeledirge|86/100|[from] item: Leftovers
|-damage|p1a: Quaquaval|74/100 brn|[from] brn
|upkeep
|turn|10
|
|t:|1776055650
|move|p1a: Quaquaval|Knock Off|p2a: Skeledirge
|-damage|p2a: Skeledirge|68/100
|-enditem|p2a: Skeledirge|Leftovers|[from] move: Knock Off|[of] p1a: Quaquaval
|-damage|p1a: Quaquaval|64/100 brn|[from] item: Life Orb
|move|p2a: Skeledirge|Torch Song|p1a: Quaquaval
|-resisted|p1a: Quaquaval
|-damage|p1a: Quaquaval|44/100 brn
|-boost|p2a: Skeledirge|spa|1
|
|-damage|p1a: Quaquaval|37/100 brn|[from] brn
|upkeep
|turn|11
|
|t:|1776055656
|move|p1a: Quaquaval|Ice Spinner|p2a: Skeledirge
|-supereffective|p2a: Skeledirge
|-damage|p2a: Skeledirge|40/100
|-damage|p1a: Quaquaval|28/100 brn|[from] item: Life Orb
|move|p2a: Skeledirge|Slack Off|p2a: Skeledirge
|-heal|p2a: Skeledirge|90/100
|
|-damage|p1a: Quaquaval|21/100 brn|[from] brn
|upkeep
|turn|12
|
|t:|1776055660
|move|p1a: Quaquaval|Ice Spinner|p2a: Skeledirge
|-supereffective|p2a: Skeledirge
|-damage|p2a: Skeledirge|59/100
|-damage|p1a: Quaquaval|11/100 brn|[from] item: Life Orb
|move|p2a: Skeledirge|Torch Song|p1a: Quaquaval
|-resisted|p1a: Quaquaval
|-damage|p1a: Quaquaval|0 fnt
|-boost|p2a: Skeledirge|spa|1
|faint|p1a: Quaquaval
|
|upkeep
|
|t:|1776055664
|switch|p1a: Noivern|Noivern, F|100/100
|-damage|p1a: Noivern|76/100|[from] Stealth Rock
|turn|13
|
|t:|1776055669
|switch|p2a: Gholdengo|Gholdengo|100/100
|move|p1a: Noivern|Defog|p2a: Gholdengo
|-immune|p2a: Gholdengo|[from] ability: Good as Gold
|
|upkeep
|turn|14
|
|t:|1776055679
|switch|p1a: Scyther|Scyther, F|100/100
|-damage|p1a: Scyther|51/100|[from] Stealth Rock
|move|p2a: Gholdengo|Trick|p1a: Scyther
|-activate|p2a: Gholdengo|move: Trick|[of] p1a: Scyther
|-item|p1a: Scyther|Choice Scarf|[from] move: Trick
|-item|p2a: Gholdengo|Eviolite|[from] move: Trick
|
|upkeep
|turn|15
|
|t:|1776055691
|move|p1a: Scyther|Dual Wingbeat|p2a: Gholdengo
|-resisted|p2a: Gholdengo
|-damage|p2a: Gholdengo|83/100
|-resisted|p2a: Gholdengo
|-damage|p2a: Gholdengo|67/100
|-hitcount|p2a: Gholdengo|2
|move|p2a: Gholdengo|Shadow Ball|p1a: Scyther
|-damage|p1a: Scyther|0 fnt
|faint|p1a: Scyther
|
|upkeep
|
|t:|1776055700
|switch|p1a: Skeledirge|Skeledirge, F|100/100
|-damage|p1a: Skeledirge|76/100|[from] Stealth Rock
|-status|p1a: Skeledirge|psn
|turn|16
|
|t:|1776055705
|-terastallize|p1a: Skeledirge|Normal
|move|p2a: Gholdengo|Trick|p1a: Skeledirge
|-activate|p2a: Gholdengo|move: Trick|[of] p1a: Skeledirge
|-item|p1a: Skeledirge|Eviolite|[from] move: Trick
|-item|p2a: Gholdengo|Leftovers|[from] move: Trick
|move|p1a: Skeledirge|Torch Song|p2a: Gholdengo
|-supereffective|p2a: Gholdengo
|-damage|p2a: Gholdengo|0 fnt
|-boost|p1a: Skeledirge|spa|1
|faint|p2a: Gholdengo
|
|-damage|p1a: Skeledirge|63/100 psn|[from] psn
|upkeep
|
|t:|1776055719
|switch|p2a: Iron Valiant|Iron Valiant|100/100
|-enditem|p2a: Iron Valiant|Booster Energy
|-activate|p2a: Iron Valiant|ability: Quark Drive|[fromitem]
|-start|p2a: Iron Valiant|quarkdrivespe
|turn|17
|
|t:|1776055726
|move|p2a: Iron Valiant|Close Combat|p1a: Skeledirge
|-supereffective|p1a: Skeledirge
|-damage|p1a: Skeledirge|0 fnt
|-unboost|p2a: Iron Valiant|def|1
|-unboost|p2a: Iron Valiant|spd|1
|faint|p1a: Skeledirge
|
|upkeep
|
|t:|1776055734
|switch|p1a: Noivern|Noivern, F|76/100
|-damage|p1a: Noivern|51/100|[from] Stealth Rock
|turn|18
|
|t:|1776055736
|move|p2a: Iron Valiant|Spirit Break|p1a: Noivern
|-supereffective|p1a: Noivern
|-damage|p1a: Noivern|0 fnt
|faint|p1a: Noivern
|
|upkeep
|-message|JoacoxC forfeited.
|
|win|seadra_qst
|raw|JoacoxC's rating: 1252 &rarr; <strong>1229</strong><br />(-23 for losing)
|raw|seadra_qst's rating: 1286 &rarr; <strong>1309</strong><br />(+23 for winning)
|l|☆JoacoxC
|player|p1|
|l|☆seadra_qst
|player|p2|
