|html|<div class="broadcast-blue"><strong>[Gen 9] OU is currently suspecting Tera Blast! For information on how to participate check out the <a href="https://www.smogon.com/tools/suspects/view/200">suspect thread</a>.</strong></div>
|j|☆Boarder Blake
|j|☆fellama
|t:|1776273882
|gametype|singles
|player|p1|Boarder Blake|boarder|1118
|player|p2|fellama|red-masters|1114
|gen|9
|tier|[Gen 9] OU
|rated|
|rule|HP Percentage Mod: HP is shown in percentages
|rule|Endless Battle Clause: Forcing endless battles is banned
|rule|Species Clause: Limit one of each Pokémon
|rule|OHKO Clause: OHKO moves are banned
|rule|Evasion Items Clause: Evasion items are banned
|rule|Evasion Moves Clause: Evasion moves are banned
|rule|Evasion Abilities Clause: Evasion abilities are banned
|rule|Sleep Moves Clause: Sleep-inducing moves are banned
|clearpoke
|poke|p1|Mamoswine, M|
|poke|p1|Cloyster, M|
|poke|p1|Cetitan, M|
|poke|p1|Lapras, M|
|poke|p1|Ninetales-Alola, F|
|poke|p1|Sandslash-Alola, F|
|poke|p2|Pelipper, F|
|poke|p2|Basculegion, M|
|poke|p2|Quaquaval, F|
|poke|p2|Gastrodon-East, M|
|poke|p2|Politoed, F|
|poke|p2|Ogerpon-Wellspring, F|
|teampreview
|inactive|Battle timer is ON: inactive players will automatically lose when time's up. (requested by fellama)
|c|☆Boarder Blake|nice water team
|c|☆fellama|nice snow team
|c|☆Boarder Blake|I wont be winning but I appreciate the change up lol
|inactive|Boarder Blake has 120 seconds left.
|
|t:|1776273919
|teamsize|p1|6
|teamsize|p2|6
|start
|switch|p1a: Cloyster|Cloyster, M|100/100
|switch|p2a: Pelipper|Pelipper, F|100/100
|-weather|RainDance|[from] ability: Drizzle|[of] p2a: Pelipper
|turn|1
|
|t:|1776273932
|-terastallize|p1a: Cloyster|Steel
|move|p1a: Cloyster|Rock Blast|p2a: Pelipper
|-supereffective|p2a: Pelipper
|-damage|p2a: Pelipper|84/100
|-supereffective|p2a: Pelipper
|-damage|p2a: Pelipper|66/100
|-supereffective|p2a: Pelipper
|-damage|p2a: Pelipper|48/100
|-supereffective|p2a: Pelipper
|-damage|p2a: Pelipper|31/100
|-supereffective|p2a: Pelipper
|-damage|p2a: Pelipper|14/100
|-hitcount|p2a: Pelipper|5
|move|p2a: Pelipper|Hurricane|p1a: Cloyster
|-resisted|p1a: Cloyster
|-damage|p1a: Cloyster|30/100
|-start|p1a: Cloyster|confusion
|-damage|p2a: Pelipper|5/100|[from] item: Life Orb
|
|-weather|RainDance|[upkeep]
|upkeep
|turn|2
|
|t:|1776273953
|-activate|p1a: Cloyster|confusion
|move|p1a: Cloyster|Toxic Spikes|p2a: Pelipper
|-sidestart|p2: fellama|move: Toxic Spikes
|move|p2a: Pelipper|Weather Ball|p1a: Cloyster
|-damage|p1a: Cloyster|0 fnt
|faint|p1a: Cloyster
|-damage|p2a: Pelipper|0 fnt|[from] item: Life Orb
|faint|p2a: Pelipper
|
|-weather|RainDance|[upkeep]
|upkeep
|
|t:|1776273971
|switch|p1a: Mamoswine|Mamoswine, M|100/100
|switch|p2a: Quaquaval|Quaquaval, F|100/100
|turn|3
|
|t:|1776273977
|move|p2a: Quaquaval|Aqua Step|p1a: Mamoswine
|-supereffective|p1a: Mamoswine
|-enditem|p1a: Mamoswine|Focus Sash
|-damage|p1a: Mamoswine|1/100
|-boost|p2a: Quaquaval|spe|1
|move|p1a: Mamoswine|Stealth Rock|p2a: Quaquaval
|-sidestart|p2: fellama|move: Stealth Rock
|
|-weather|RainDance|[upkeep]
|upkeep
|turn|4
|inactive|Boarder Blake has 120 seconds left.
|
|t:|1776274001
|move|p1a: Mamoswine|Ice Shard|p2a: Quaquaval
|-resisted|p2a: Quaquaval
|-damage|p2a: Quaquaval|85/100
|move|p2a: Quaquaval|Rapid Spin|p1a: Mamoswine
|-damage|p1a: Mamoswine|0 fnt
|-boost|p2a: Quaquaval|spe|1
|-sideend|p2: fellama|Toxic Spikes|[from] move: Rapid Spin|[of] p2a: Quaquaval
|-sideend|p2: fellama|Stealth Rock|[from] move: Rapid Spin|[of] p2a: Quaquaval
|faint|p1a: Mamoswine
|-ability|p2a: Quaquaval|Moxie|boost
|-boost|p2a: Quaquaval|atk|1
|
|-weather|RainDance|[upkeep]
|upkeep
|inactive|Boarder Blake has 120 seconds left.
|c|☆Boarder Blake|dan
|c|☆Boarder Blake|g
|
|t:|1776274014
|switch|p1a: Lapras|Lapras, M|100/100
|turn|5
|
|t:|1776274018
|move|p2a: Quaquaval|Close Combat|p1a: Lapras
|-supereffective|p1a: Lapras
|-crit|p1a: Lapras
|-damage|p1a: Lapras|0 fnt
|-unboost|p2a: Quaquaval|def|1
|-unboost|p2a: Quaquaval|spd|1
|faint|p1a: Lapras
|-ability|p2a: Quaquaval|Moxie|boost
|-boost|p2a: Quaquaval|atk|1
|
|-weather|none
|upkeep
|c|☆Boarder Blake|gg
|-message|Boarder Blake forfeited.
|
|win|fellama
|raw|Boarder Blake's rating: 1118 &rarr; <strong>1093</strong><br />(-25 for losing)
|raw|fellama's rating: 1114 &rarr; <strong>1139</strong><br />(+25 for winning)
|l|☆Boarder Blake
|player|p1|
