|html|<div class="broadcast-blue"><strong>[Gen 9] OU is currently suspecting Volcarona! For information on how to participate check out the <a href="https://www.smogon.com/tools/suspects/view/208">suspect thread</a>.</strong></div>
|j|☆po1nter
|j|☆cargo90210
|t:|1778496740
|gametype|singles
|player|p1|po1nter|n|1121
|player|p2|cargo90210|swimmer-gen4|1085
|gen|9
|tier|[Gen 9] OU
|rated|
|rule|HP Percentage Mod: HP is shown in percentages
|rule|Endless Battle Clause: Forcing endless battles is banned
|rule|Species Clause: Limit one of each Pokémon
|rule|OHKO Clause: OHKO moves are banned
|rule|Evasion Items Clause: Evasion items are banned
|rule|Evasion Moves Clause: Evasion moves are banned
|rule|Evasion Abilities Clause: Evasion abilities are banned
|rule|Sleep Moves Clause: Sleep-inducing moves are banned
|clearpoke
|poke|p1|Metagross|
|poke|p1|Primarina, F|
|poke|p1|Ceruledge, F|
|poke|p1|Garganacl, M|
|poke|p1|Landorus-Therian, M|
|poke|p1|Rillaboom, M|
|poke|p2|Dragonite, M|
|poke|p2|Drifblim, F|
|poke|p2|Cinderace, F|
|poke|p2|Meowscarada, F|
|poke|p2|Keldeo-Resolute|
|poke|p2|Kingambit, M|
|teampreview
|inactive|Battle timer is ON: inactive players will automatically lose when time's up. (requested by cargo90210)
|
|t:|1778496767
|teamsize|p1|6
|teamsize|p2|6
|start
|switch|p1a: Garganacl|Garganacl, M, shiny|100/100
|switch|p2a: Flips lips|Drifblim, F|100/100
|turn|1
|
|t:|1778496775
|move|p2a: Flips lips|Strength Sap|p1a: Garganacl
|-unboost|p1a: Garganacl|atk|1
|move|p1a: Garganacl|Salt Cure|p2a: Flips lips
|-supereffective|p2a: Flips lips
|-damage|p2a: Flips lips|87/100
|-start|p2a: Flips lips|Salt Cure
|-enditem|p2a: Flips lips|Weakness Policy
|-boost|p2a: Flips lips|atk|2|[from] item: Weakness Policy
|-boost|p2a: Flips lips|spa|2|[from] item: Weakness Policy
|
|-damage|p2a: Flips lips|74/100|[from] Salt Cure
|upkeep
|turn|2
|
|t:|1778496793
|move|p1a: Garganacl|Protect|p1a: Garganacl
|-singleturn|p1a: Garganacl|Protect
|move|p2a: Flips lips|Calm Mind|p2a: Flips lips
|-boost|p2a: Flips lips|spa|1
|-boost|p2a: Flips lips|spd|1
|
|-damage|p2a: Flips lips|62/100|[from] Salt Cure
|upkeep
|turn|3
|
|t:|1778496807
|move|p2a: Flips lips|Shadow Ball|p1a: Garganacl
|-damage|p1a: Garganacl|77/100
|move|p1a: Garganacl|Recover|p1a: Garganacl
|-heal|p1a: Garganacl|100/100
|
|-damage|p2a: Flips lips|50/100|[from] Salt Cure
|upkeep
|turn|4
|
|t:|1778496815
|move|p2a: Flips lips|Calm Mind|p2a: Flips lips
|-boost|p2a: Flips lips|spa|1
|-boost|p2a: Flips lips|spd|1
|move|p1a: Garganacl|Stealth Rock|p2a: Flips lips
|-sidestart|p2: cargo90210|move: Stealth Rock
|
|-damage|p2a: Flips lips|37/100|[from] Salt Cure
|upkeep
|turn|5
|
|t:|1778496823
|move|p2a: Flips lips|Strength Sap|p1a: Garganacl
|-unboost|p1a: Garganacl|atk|1
|-heal|p2a: Flips lips|70/100
|move|p1a: Garganacl|Salt Cure|p2a: Flips lips
|-supereffective|p2a: Flips lips
|-damage|p2a: Flips lips|57/100
|
|-damage|p2a: Flips lips|44/100|[from] Salt Cure
|upkeep
|turn|6
|
|t:|1778496834
|move|p1a: Garganacl|Protect|p1a: Garganacl
|-singleturn|p1a: Garganacl|Protect
|move|p2a: Flips lips|Shadow Ball|p1a: Garganacl
|-activate|p1a: Garganacl|move: Protect
|
|-damage|p2a: Flips lips|32/100|[from] Salt Cure
|upkeep
|turn|7
|
|t:|1778496842
|move|p2a: Flips lips|Shadow Ball|p1a: Garganacl
|-damage|p1a: Garganacl|72/100
|-unboost|p1a: Garganacl|spd|1
|move|p1a: Garganacl|Salt Cure|p2a: Flips lips
|-supereffective|p2a: Flips lips
|-damage|p2a: Flips lips|20/100
|
|-heal|p1a: Garganacl|78/100|[from] item: Leftovers
|-damage|p2a: Flips lips|7/100|[from] Salt Cure
|upkeep
|turn|8
|
|t:|1778496853
|move|p1a: Garganacl|Protect|p1a: Garganacl
|-singleturn|p1a: Garganacl|Protect
|move|p2a: Flips lips|Shadow Ball|p1a: Garganacl
|-activate|p1a: Garganacl|move: Protect
|
|-heal|p1a: Garganacl|85/100|[from] item: Leftovers
|-damage|p2a: Flips lips|0 fnt|[from] Salt Cure
|faint|p2a: Flips lips
|upkeep
|
|t:|1778496865
|switch|p2a: Flip flapper|Meowscarada, F|100/100
|-damage|p2a: Flip flapper|88/100|[from] Stealth Rock
|turn|9
|
|t:|1778496890
|switch|p1a: Rillaboom|Rillaboom, M, shiny|100/100
|-fieldstart|move: Grassy Terrain|[from] ability: Grassy Surge|[of] p1a: Rillaboom
|move|p2a: Flip flapper|Knock Off|p1a: Rillaboom
|-start|p2a: Flip flapper|typechange|Dark|[from] ability: Protean
|-damage|p1a: Rillaboom|40/100
|-enditem|p1a: Rillaboom|Terrain Extender|[from] move: Knock Off|[of] p2a: Flip flapper
|
|-heal|p2a: Flip flapper|94/100|[from] Grassy Terrain
|-heal|p1a: Rillaboom|46/100|[from] Grassy Terrain
|upkeep
|turn|10
|
|t:|1778496903
|switch|p2a: Flippin overrated|Cinderace, F, shiny|100/100
|move|p1a: Rillaboom|U-turn|p2a: Flippin overrated
|-resisted|p2a: Flippin overrated
|-damage|p2a: Flippin overrated|83/100
|
|t:|1778496908
|switch|p1a: Primarina|Primarina, F, shiny|100/100|[from] U-turn
|
|-heal|p2a: Flippin overrated|89/100|[from] Grassy Terrain
|upkeep
|turn|11
|
|t:|1778496921
|move|p2a: Flippin overrated|U-turn|p1a: Primarina
|-start|p2a: Flippin overrated|typechange|Bug|[from] ability: Libero
|-resisted|p1a: Primarina
|-damage|p1a: Primarina|77/100
|
|t:|1778496930
|switch|p2a: Flip flapper|Meowscarada, F|94/100|[from] U-turn
|-damage|p2a: Flip flapper|82/100|[from] Stealth Rock
|move|p1a: Primarina|Flip Turn|p2a: Flip flapper
|-resisted|p2a: Flip flapper
|-crit|p2a: Flip flapper
|-damage|p2a: Flip flapper|66/100
|inactive|po1nter has 120 seconds left.
|
|t:|1778496956
|switch|p1a: Rillaboom|Rillaboom, M, shiny|46/100|[from] Flip Turn
|
|-heal|p2a: Flip flapper|72/100|[from] Grassy Terrain
|-heal|p1a: Rillaboom|52/100|[from] Grassy Terrain
|upkeep
|turn|12
|inactive|po1nter has 120 seconds left.
|
|t:|1778496978
|move|p2a: Flip flapper|U-turn|p1a: Rillaboom
|-start|p2a: Flip flapper|typechange|Bug|[from] ability: Protean
|-supereffective|p1a: Rillaboom
|-damage|p1a: Rillaboom|0 fnt
|faint|p1a: Rillaboom
|
|t:|1778496988
|switch|p2a: Stupid Flipper|Keldeo-Resolute|100/100|[from] U-turn
|-damage|p2a: Stupid Flipper|94/100|[from] Stealth Rock
|
|-heal|p2a: Stupid Flipper|100/100|[from] Grassy Terrain
|upkeep
|
|t:|1778496997
|switch|p1a: Primarina|Primarina, F, shiny|77/100
|turn|13
|
|t:|1778497010
|move|p2a: Stupid Flipper|Flip Turn|p1a: Primarina
|-resisted|p1a: Primarina
|-damage|p1a: Primarina|68/100
|
|t:|1778497014
|switch|p2a: Cant flip|Dragonite, M|100/100|[from] Flip Turn
|-damage|p2a: Cant flip|76/100|[from] Stealth Rock
|move|p1a: Primarina|Surf|p2a: Cant flip
|-resisted|p2a: Cant flip
|-damage|p2a: Cant flip|54/100
|
|-heal|p1a: Primarina|74/100|[from] Grassy Terrain
|upkeep
|turn|14
|inactive|po1nter has 120 seconds left.
|
|t:|1778497030
|move|p1a: Primarina|Ice Beam|p2a: Cant flip
|-supereffective|p2a: Cant flip
|-damage|p2a: Cant flip|0 fnt
|faint|p2a: Cant flip
|
|-heal|p1a: Primarina|80/100|[from] Grassy Terrain
|upkeep
|
|t:|1778497041
|switch|p2a: Flip flapper|Meowscarada, F|72/100
|-damage|p2a: Flip flapper|60/100|[from] Stealth Rock
|turn|15
|inactive|po1nter has 120 seconds left.
|
|t:|1778497046
|-terastallize|p1a: Primarina|Steel
|move|p2a: Flip flapper|Flower Trick|p1a: Primarina
|-start|p2a: Flip flapper|typechange|Grass|[from] ability: Protean
|-resisted|p1a: Primarina
|-crit|p1a: Primarina
|-damage|p1a: Primarina|19/100
|move|p1a: Primarina|Ice Beam|p2a: Flip flapper
|-supereffective|p2a: Flip flapper
|-damage|p2a: Flip flapper|0 fnt
|faint|p2a: Flip flapper
|
|-heal|p1a: Primarina|25/100|[from] Grassy Terrain
|upkeep
|
|t:|1778497058
|switch|p2a: Stupid Flipper|Keldeo-Resolute|100/100
|-damage|p2a: Stupid Flipper|94/100|[from] Stealth Rock
|turn|16
|
|t:|1778497064
|move|p2a: Stupid Flipper|Surf|p1a: Primarina
|-crit|p1a: Primarina
|-damage|p1a: Primarina|0 fnt
|faint|p1a: Primarina
|
|-heal|p2a: Stupid Flipper|100/100|[from] Grassy Terrain
|-fieldend|move: Grassy Terrain
|upkeep
|
|t:|1778497074
|switch|p1a: Metagross|Metagross, shiny|100/100
|turn|17
|
|t:|1778497084
|move|p2a: Stupid Flipper|Surf|p1a: Metagross
|-damage|p1a: Metagross|67/100
|move|p1a: Metagross|Psychic Fangs|p2a: Stupid Flipper
|-supereffective|p2a: Stupid Flipper
|-damage|p2a: Stupid Flipper|0 fnt
|faint|p2a: Stupid Flipper
|
|upkeep
|
|t:|1778497092
|switch|p2a: Flippin overrated|Cinderace, F, shiny|89/100
|turn|18
|
|t:|1778497097
|move|p1a: Metagross|Bullet Punch|p2a: Flippin overrated
|-resisted|p2a: Flippin overrated
|-damage|p2a: Flippin overrated|72/100
|move|p2a: Flippin overrated|U-turn|p1a: Metagross
|-start|p2a: Flippin overrated|typechange|Bug|[from] ability: Libero
|-damage|p1a: Metagross|40/100
|
|t:|1778497103
|switch|p2a: King Flipper|Kingambit, M|100/100|[from] U-turn
|-damage|p2a: King Flipper|94/100|[from] Stealth Rock
|-activate|p2a: King Flipper|ability: Supreme Overlord
|-start|p2a: King Flipper|fallen4|[silent]
|
|upkeep
|turn|19
|
|t:|1778497114
|move|p1a: Metagross|Bullet Punch|p2a: King Flipper
|-resisted|p2a: King Flipper
|-damage|p2a: King Flipper|86/100
|move|p2a: King Flipper|Kowtow Cleave|p1a: Metagross
|-supereffective|p1a: Metagross
|-damage|p1a: Metagross|0 fnt
|faint|p1a: Metagross
|
|upkeep
|
|t:|1778497123
|switch|p1a: Landorus|Landorus-Therian, M|100/100
|-ability|p1a: Landorus|Intimidate|boost
|-unboost|p2a: King Flipper|atk|1
|turn|20
|
|t:|1778497132
|-terastallize|p2a: King Flipper|Dark
|move|p1a: Landorus|Earthquake|p2a: King Flipper
|-damage|p2a: King Flipper|51/100
|move|p2a: King Flipper|Kowtow Cleave|p1a: Landorus
|-damage|p1a: Landorus|39/100
|-damage|p2a: King Flipper|34/100|[from] item: Rocky Helmet|[of] p1a: Landorus
|
|upkeep
|turn|21
|
|t:|1778497144
|move|p2a: King Flipper|Sucker Punch|p1a: Landorus
|-damage|p1a: Landorus|0 fnt
|-damage|p2a: King Flipper|18/100|[from] item: Rocky Helmet|[of] p1a: Landorus
|faint|p1a: Landorus
|
|upkeep
|
|t:|1778497153
|switch|p1a: Ceruledge|Ceruledge, F|100/100
|turn|22
|
|t:|1778497158
|move|p1a: Ceruledge|Swords Dance|p1a: Ceruledge
|-boost|p1a: Ceruledge|atk|2
|move|p2a: King Flipper|Kowtow Cleave|p1a: Ceruledge
|-supereffective|p1a: Ceruledge
|-damage|p1a: Ceruledge|0 fnt
|faint|p1a: Ceruledge
|
|upkeep
|
|t:|1778497166
|switch|p1a: Garganacl|Garganacl, M, shiny|85/100
|turn|23
|
|t:|1778497171
|move|p2a: King Flipper|Iron Head|p1a: Garganacl
|-supereffective|p1a: Garganacl
|-damage|p1a: Garganacl|27/100
|cant|p1a: Garganacl|flinch
|
|-heal|p1a: Garganacl|33/100|[from] item: Leftovers
|upkeep
|turn|24
|
|t:|1778497179
|move|p1a: Garganacl|Protect|p1a: Garganacl
|-singleturn|p1a: Garganacl|Protect
|move|p2a: King Flipper|Iron Head|p1a: Garganacl
|-activate|p1a: Garganacl|move: Protect
|
|-heal|p1a: Garganacl|39/100|[from] item: Leftovers
|upkeep
|turn|25
|-activate|p2a: King Flipper|item: Quick Claw
|
|t:|1778497194
|move|p2a: King Flipper|Iron Head|p1a: Garganacl
|-supereffective|p1a: Garganacl
|-damage|p1a: Garganacl|0 fnt
|faint|p1a: Garganacl
|
|win|cargo90210
|raw|po1nter's rating: 1121 &rarr; <strong>1093</strong><br />(-28 for losing)
|raw|cargo90210's rating: 1085 &rarr; <strong>1115</strong><br />(+30 for winning)
|l|☆cargo90210
|player|p2|
|l|☆po1nter
|player|p1|
