|html|<div class="broadcast-blue"><strong>[Gen 9] OU is currently suspecting Tera Blast! For information on how to participate check out the <a href="https://www.smogon.com/tools/suspects/view/200">suspect thread</a>.</strong></div>
|j|☆ravi007rs
|j|☆lemeu
|t:|1776099198
|gametype|singles
|player|p1|ravi007rs|n|1423
|player|p2|lemeu|1|1420
|gen|9
|tier|[Gen 9] OU
|rated|
|rule|HP Percentage Mod: HP is shown in percentages
|rule|Endless Battle Clause: Forcing endless battles is banned
|rule|Species Clause: Limit one of each Pokémon
|rule|OHKO Clause: OHKO moves are banned
|rule|Evasion Items Clause: Evasion items are banned
|rule|Evasion Moves Clause: Evasion moves are banned
|rule|Evasion Abilities Clause: Evasion abilities are banned
|rule|Sleep Moves Clause: Sleep-inducing moves are banned
|clearpoke
|poke|p1|Kingambit, M|
|poke|p1|Darkrai|
|poke|p1|Mandibuzz, F|
|poke|p1|Raging Bolt|
|poke|p1|Iron Valiant|
|poke|p1|Donphan, M|
|poke|p2|Iron Moth|
|poke|p2|Kingambit, F|
|poke|p2|Dragonite, M|
|poke|p2|Ogerpon-Cornerstone, F|
|poke|p2|Iron Valiant|
|poke|p2|Raging Bolt|
|teampreview
|inactive|Battle timer is ON: inactive players will automatically lose when time's up. (requested by ravi007rs)
|
|t:|1776099215
|teamsize|p1|6
|teamsize|p2|6
|start
|switch|p1a: fan|Donphan, M, shiny|100/100
|switch|p2a: Ogerpon|Ogerpon-Cornerstone, F|100/100
|turn|1
|
|t:|1776099221
|move|p2a: Ogerpon|Horn Leech|p1a: fan
|-supereffective|p1a: fan
|-damage|p1a: fan|35/100
|move|p1a: fan|Endeavor|p2a: Ogerpon
|-damage|p2a: Ogerpon|44/100
|
|upkeep
|turn|2
|
|t:|1776099227
|move|p1a: fan|Ice Shard|p2a: Ogerpon
|-supereffective|p2a: Ogerpon
|-damage|p2a: Ogerpon|8/100
|move|p2a: Ogerpon|Horn Leech|p1a: fan
|-supereffective|p1a: fan
|-damage|p1a: fan|0 fnt
|-heal|p2a: Ogerpon|30/100|[from] drain|[of] p1a: fan
|faint|p1a: fan
|
|upkeep
|
|t:|1776099235
|switch|p1a: ur prince|Iron Valiant|100/100
|-enditem|p1a: ur prince|Booster Energy
|-activate|p1a: ur prince|ability: Quark Drive|[fromitem]
|-start|p1a: ur prince|quarkdrivespe
|turn|3
|
|t:|1776099243
|switch|p2a: Iron Moth|Iron Moth|100/100
|-enditem|p2a: Iron Moth|Booster Energy
|-activate|p2a: Iron Moth|ability: Quark Drive|[fromitem]
|-start|p2a: Iron Moth|quarkdrivespe
|move|p1a: ur prince|Moonblast|p2a: Iron Moth
|-resisted|p2a: Iron Moth
|-damage|p2a: Iron Moth|88/100
|
|upkeep
|turn|4
|
|t:|1776099262
|move|p1a: ur prince|Psychic|p2a: Iron Moth
|-supereffective|p2a: Iron Moth
|-damage|p2a: Iron Moth|20/100
|move|p2a: Iron Moth|Sludge Wave|p1a: ur prince
|-supereffective|p1a: ur prince
|-damage|p1a: ur prince|0 fnt
|faint|p1a: ur prince
|-end|p1a: ur prince|Quark Drive|[silent]
|
|upkeep
|
|t:|1776099266
|switch|p1a: cooler girafarig|Raging Bolt|100/100
|turn|5
|
|t:|1776099275
|-end|p2a: Iron Moth|Quark Drive|[silent]
|switch|p2a: Dragonite|Dragonite, M|100/100
|move|p1a: cooler girafarig|Calm Mind|p1a: cooler girafarig
|-boost|p1a: cooler girafarig|spa|1
|-boost|p1a: cooler girafarig|spd|1
|
|upkeep
|turn|6
|
|t:|1776099281
|-terastallize|p1a: cooler girafarig|Fairy
|move|p2a: Dragonite|Earthquake|p1a: cooler girafarig
|-damage|p1a: cooler girafarig|68/100
|move|p1a: cooler girafarig|Tera Blast|p2a: Dragonite|[anim] Tera Blast Fairy
|-supereffective|p2a: Dragonite
|-damage|p2a: Dragonite|28/100
|
|-heal|p1a: cooler girafarig|74/100|[from] item: Leftovers
|upkeep
|turn|7
|
|t:|1776099291
|move|p2a: Dragonite|Extreme Speed|p1a: cooler girafarig
|-damage|p1a: cooler girafarig|48/100
|move|p1a: cooler girafarig|Tera Blast|p2a: Dragonite|[anim] Tera Blast Fairy
|-supereffective|p2a: Dragonite
|-damage|p2a: Dragonite|0 fnt
|faint|p2a: Dragonite
|
|-heal|p1a: cooler girafarig|54/100|[from] item: Leftovers
|upkeep
|
|t:|1776099306
|switch|p2a: Kingambit|Kingambit, F|100/100
|-activate|p2a: Kingambit|ability: Supreme Overlord
|-start|p2a: Kingambit|fallen1|[silent]
|turn|8
|
|t:|1776099310
|move|p1a: cooler girafarig|Thunderclap|p2a: Kingambit
|-damage|p2a: Kingambit|32/100
|move|p2a: Kingambit|Iron Head|p1a: cooler girafarig
|-supereffective|p1a: cooler girafarig
|-damage|p1a: cooler girafarig|0 fnt
|faint|p1a: cooler girafarig
|-end|p1a: cooler girafarig|Protosynthesis|[silent]
|
|upkeep
|
|t:|1776099317
|switch|p1a: let him cook|Darkrai, shiny|100/100
|turn|9
|
|t:|1776099327
|-end|p2a: Kingambit|fallen1|[silent]
|switch|p2a: Ogerpon|Ogerpon-Cornerstone, F|30/100
|move|p1a: let him cook|Dark Pulse|p2a: Ogerpon
|-damage|p2a: Ogerpon|0 fnt
|faint|p2a: Ogerpon
|
|upkeep
|
|t:|1776099333
|switch|p2a: Iron Valiant|Iron Valiant|100/100
|-enditem|p2a: Iron Valiant|Booster Energy
|-activate|p2a: Iron Valiant|ability: Quark Drive|[fromitem]
|-start|p2a: Iron Valiant|quarkdrivespe
|turn|10
|
|t:|1776099339
|switch|p1a: can't kill?|Mandibuzz, F, shiny|100/100
|move|p2a: Iron Valiant|Close Combat|p1a: can't kill?
|-damage|p1a: can't kill?|71/100
|-unboost|p2a: Iron Valiant|def|1
|-unboost|p2a: Iron Valiant|spd|1
|
|-heal|p1a: can't kill?|78/100|[from] item: Leftovers
|upkeep
|turn|11
|
|t:|1776099349
|move|p2a: Iron Valiant|Moonblast|p1a: can't kill?
|-supereffective|p1a: can't kill?
|-damage|p1a: can't kill?|1/100
|move|p1a: can't kill?|Toxic|p2a: Iron Valiant
|-status|p2a: Iron Valiant|tox
|
|-heal|p1a: can't kill?|7/100|[from] item: Leftovers
|-damage|p2a: Iron Valiant|94/100 tox|[from] psn
|upkeep
|turn|12
|
|t:|1776099357
|move|p2a: Iron Valiant|Moonblast|p1a: can't kill?
|-supereffective|p1a: can't kill?
|-damage|p1a: can't kill?|0 fnt
|faint|p1a: can't kill?
|
|-damage|p2a: Iron Valiant|82/100 tox|[from] psn
|upkeep
|
|t:|1776099361
|switch|p1a: nah i'd win|Kingambit, M, shiny|100/100
|-activate|p1a: nah i'd win|ability: Supreme Overlord
|-start|p1a: nah i'd win|fallen4|[silent]
|turn|13
|
|t:|1776099367
|move|p2a: Iron Valiant|Close Combat|p1a: nah i'd win
|-supereffective|p1a: nah i'd win
|-enditem|p1a: nah i'd win|Focus Sash
|-damage|p1a: nah i'd win|1/100
|-unboost|p2a: Iron Valiant|def|1
|-unboost|p2a: Iron Valiant|spd|1
|move|p1a: nah i'd win|Iron Head|p2a: Iron Valiant
|-supereffective|p2a: Iron Valiant
|-damage|p2a: Iron Valiant|0 fnt
|faint|p2a: Iron Valiant
|-end|p2a: Iron Valiant|Quark Drive|[silent]
|
|upkeep
|
|t:|1776099376
|switch|p2a: Raging Bolt|Raging Bolt|100/100
|-enditem|p2a: Raging Bolt|Booster Energy
|-activate|p2a: Raging Bolt|ability: Protosynthesis|[fromitem]
|-start|p2a: Raging Bolt|protosynthesisspa
|turn|14
|
|t:|1776099381
|move|p1a: nah i'd win|Sucker Punch|p2a: Raging Bolt
|-damage|p2a: Raging Bolt|44/100
|move|p2a: Raging Bolt|Thunderbolt|p1a: nah i'd win
|-damage|p1a: nah i'd win|0 fnt
|faint|p1a: nah i'd win
|-end|p1a: nah i'd win|fallen4|[silent]
|
|upkeep
|
|t:|1776099384
|switch|p1a: let him cook|Darkrai, shiny|100/100
|turn|15
|
|t:|1776099388
|move|p2a: Raging Bolt|Thunderclap|p1a: let him cook
|-damage|p1a: let him cook|33/100
|move|p1a: let him cook|Ice Beam|p2a: Raging Bolt
|-supereffective|p2a: Raging Bolt
|-damage|p2a: Raging Bolt|0 fnt
|faint|p2a: Raging Bolt
|-end|p2a: Raging Bolt|Protosynthesis|[silent]
|
|upkeep
|
|t:|1776099396
|switch|p2a: Iron Moth|Iron Moth|20/100
|turn|16
|
|t:|1776099399
|move|p1a: let him cook|Dark Pulse|p2a: Iron Moth
|-damage|p2a: Iron Moth|0 fnt
|faint|p2a: Iron Moth
|-end|p2a: Iron Moth|Quark Drive|[silent]
|
|upkeep
|
|t:|1776099402
|switch|p2a: Kingambit|Kingambit, F|32/100
|-activate|p2a: Kingambit|ability: Supreme Overlord
|-start|p2a: Kingambit|fallen5|[silent]
|turn|17
|
|t:|1776099411
|move|p2a: Kingambit|Sucker Punch|p1a: let him cook
|-resisted|p1a: let him cook
|-damage|p1a: let him cook|0 fnt
|faint|p1a: let him cook
|
|win|lemeu
|raw|ravi007rs's rating: 1423 &rarr; <strong>1403</strong><br />(-20 for losing)
|raw|lemeu's rating: 1420 &rarr; <strong>1440</strong><br />(+20 for winning)
|l|☆lemeu
|player|p2|
|l|☆ravi007rs
|player|p1|
