|html|<div class="broadcast-blue"><strong>[Gen 9] OU is currently suspecting Tera Blast! For information on how to participate check out the <a href="https://www.smogon.com/tools/suspects/view/200">suspect thread</a>.</strong></div>
|j|☆hupagi
|j|☆Deafoman
|t:|1776186458
|gametype|singles
|player|p1|hupagi|266|1213
|player|p2|Deafoman|hoopster|1181
|gen|9
|tier|[Gen 9] OU
|rated|
|rule|HP Percentage Mod: HP is shown in percentages
|rule|Endless Battle Clause: Forcing endless battles is banned
|rule|Species Clause: Limit one of each Pokémon
|rule|OHKO Clause: OHKO moves are banned
|rule|Evasion Items Clause: Evasion items are banned
|rule|Evasion Moves Clause: Evasion moves are banned
|rule|Evasion Abilities Clause: Evasion abilities are banned
|rule|Sleep Moves Clause: Sleep-inducing moves are banned
|clearpoke
|poke|p1|Dewpider, F|
|poke|p1|Dragonite, M|
|poke|p1|Chandelure, M|
|poke|p1|Iron Treads|
|poke|p1|Samurott-Hisui, M|
|poke|p1|Gholdengo|
|poke|p2|Braviary-Hisui, M|
|poke|p2|Inteleon, F|
|poke|p2|Iron Treads|
|poke|p2|Meowscarada, M|
|poke|p2|Politoed, M|
|poke|p2|Fezandipiti, M|
|teampreview
|j| ohko_smeargle
|inactive|Battle timer is ON: inactive players will automatically lose when time's up. (requested by hupagi)
|
|t:|1776186468
|teamsize|p1|6
|teamsize|p2|6
|start
|switch|p1a: Dewpider|Dewpider, F|100/100
|switch|p2a: Politoed|Politoed, M, shiny|100/100
|-weather|RainDance|[from] ability: Drizzle|[of] p2a: Politoed
|turn|1
|
|t:|1776186490
|switch|p2a: Fezandipiti|Fezandipiti, M|100/100
|move|p1a: Dewpider|Sticky Web|p2a: Fezandipiti
|-sidestart|p2: Deafoman|move: Sticky Web
|
|-weather|RainDance|[upkeep]
|upkeep
|turn|2
|
|t:|1776186497
|move|p2a: Fezandipiti|Swords Dance|p2a: Fezandipiti
|-boost|p2a: Fezandipiti|atk|2
|move|p1a: Dewpider|Endeavor|p2a: Fezandipiti
|-damage|p2a: Fezandipiti|74/100
|
|-weather|RainDance|[upkeep]
|upkeep
|turn|3
|
|t:|1776186502
|move|p2a: Fezandipiti|Swords Dance|p2a: Fezandipiti
|-boost|p2a: Fezandipiti|atk|2
|move|p1a: Dewpider|Endeavor|p2a: Fezandipiti
|-immune|p2a: Fezandipiti
|
|-weather|RainDance|[upkeep]
|upkeep
|turn|4
|
|t:|1776186512
|move|p2a: Fezandipiti|Play Rough|p1a: Dewpider
|-enditem|p1a: Dewpider|Focus Sash
|-damage|p1a: Dewpider|1/100
|move|p1a: Dewpider|Endeavor|p2a: Fezandipiti
|-damage|p2a: Fezandipiti|1/100
|
|-weather|RainDance|[upkeep]
|upkeep
|turn|5
|
|t:|1776186518
|move|p2a: Fezandipiti|Roost|p2a: Fezandipiti
|-heal|p2a: Fezandipiti|51/100
|-singleturn|p2a: Fezandipiti|move: Roost
|move|p1a: Dewpider|Chilling Water|p2a: Fezandipiti
|-damage|p2a: Fezandipiti|41/100
|-unboost|p2a: Fezandipiti|atk|1
|
|-weather|RainDance|[upkeep]
|upkeep
|turn|6
|
|t:|1776186526
|move|p2a: Fezandipiti|Play Rough|p1a: Dewpider
|-damage|p1a: Dewpider|0 fnt
|faint|p1a: Dewpider
|
|-weather|RainDance|[upkeep]
|upkeep
|
|t:|1776186536
|switch|p1a: Iron Treads|Iron Treads|100/100
|-enditem|p1a: Iron Treads|Booster Energy
|-activate|p1a: Iron Treads|ability: Quark Drive|[fromitem]
|-start|p1a: Iron Treads|quarkdrivespe
|turn|7
|
|t:|1776186540
|move|p1a: Iron Treads|Earthquake|p2a: Fezandipiti
|-supereffective|p2a: Fezandipiti
|-damage|p2a: Fezandipiti|0 fnt
|faint|p2a: Fezandipiti
|
|-weather|RainDance|[upkeep]
|upkeep
|
|t:|1776186543
|switch|p2a: Iron Treads|Iron Treads|100/100
|-activate|p2a: Iron Treads|move: Sticky Web
|-unboost|p2a: Iron Treads|spe|1
|-enditem|p2a: Iron Treads|Booster Energy
|-activate|p2a: Iron Treads|ability: Quark Drive|[fromitem]
|-start|p2a: Iron Treads|quarkdriveatk
|turn|8
|
|t:|1776186551
|move|p1a: Iron Treads|Earthquake|p2a: Iron Treads
|-supereffective|p2a: Iron Treads
|-damage|p2a: Iron Treads|10/100
|move|p2a: Iron Treads|Rapid Spin|p1a: Iron Treads
|-resisted|p1a: Iron Treads
|-damage|p1a: Iron Treads|91/100
|-boost|p2a: Iron Treads|spe|1
|-sideend|p2: Deafoman|Sticky Web|[from] move: Rapid Spin|[of] p2a: Iron Treads
|
|-weather|none
|upkeep
|turn|9
|
|t:|1776186558
|move|p1a: Iron Treads|Earthquake|p2a: Iron Treads
|-supereffective|p2a: Iron Treads
|-damage|p2a: Iron Treads|0 fnt
|faint|p2a: Iron Treads
|-end|p2a: Iron Treads|Quark Drive|[silent]
|
|upkeep
|
|t:|1776186561
|switch|p2a: Politoed|Politoed, M, shiny|100/100
|-weather|RainDance|[from] ability: Drizzle|[of] p2a: Politoed
|turn|10
|
|t:|1776186574
|move|p1a: Iron Treads|Earthquake|p2a: Politoed
|-damage|p2a: Politoed|50/100
|move|p2a: Politoed|Surf|p1a: Iron Treads
|-supereffective|p1a: Iron Treads
|-damage|p1a: Iron Treads|0 fnt
|faint|p1a: Iron Treads
|-end|p1a: Iron Treads|Quark Drive|[silent]
|
|-weather|RainDance|[upkeep]
|upkeep
|
|t:|1776186584
|switch|p1a: Samurott|Samurott-Hisui, M|100/100
|turn|11
|
|t:|1776186593
|switch|p2a: Meowscarada|Meowscarada, M|100/100
|move|p1a: Samurott|Ceaseless Edge|p2a: Meowscarada
|-resisted|p2a: Meowscarada
|-damage|p2a: Meowscarada|65/100
|-sidestart|p2: Deafoman|Spikes
|
|-weather|RainDance|[upkeep]
|upkeep
|turn|12
|inactive|hupagi has 120 seconds left.
|
|t:|1776186624
|move|p2a: Meowscarada|Knock Off|p1a: Samurott
|-start|p2a: Meowscarada|typechange|Dark|[from] ability: Protean
|-resisted|p1a: Samurott
|-damage|p1a: Samurott|69/100
|-enditem|p1a: Samurott|Focus Sash|[from] move: Knock Off|[of] p2a: Meowscarada
|move|p1a: Samurott|Ceaseless Edge|p2a: Meowscarada
|-resisted|p2a: Meowscarada
|-damage|p2a: Meowscarada|32/100
|-sidestart|p2: Deafoman|Spikes
|
|-weather|RainDance|[upkeep]
|upkeep
|turn|13
|
|t:|1776186633
|move|p2a: Meowscarada|Flower Trick|p1a: Samurott
|-supereffective|p1a: Samurott
|-crit|p1a: Samurott
|-damage|p1a: Samurott|0 fnt
|faint|p1a: Samurott
|
|-weather|RainDance|[upkeep]
|upkeep
|
|t:|1776186641
|switch|p1a: Dragonite|Dragonite, M|100/100
|turn|14
|
|t:|1776186650
|move|p1a: Dragonite|Extreme Speed|p2a: Meowscarada
|-damage|p2a: Meowscarada|0 fnt
|faint|p2a: Meowscarada
|
|-weather|RainDance|[upkeep]
|upkeep
|
|t:|1776186657
|switch|p2a: Inteleon|Inteleon, F, shiny|100/100
|-damage|p2a: Inteleon|84/100|[from] Spikes
|turn|15
|
|t:|1776186678
|move|p2a: Inteleon|Ice Beam|p1a: Dragonite
|-supereffective|p1a: Dragonite
|-damage|p1a: Dragonite|37/100
|-status|p1a: Dragonite|frz
|cant|p1a: Dragonite|frz
|
|-weather|RainDance|[upkeep]
|upkeep
|turn|16
|
|t:|1776186686
|cant|p1a: Dragonite|frz
|move|p2a: Inteleon|Ice Beam|p1a: Dragonite
|-supereffective|p1a: Dragonite
|-damage|p1a: Dragonite|0 fnt
|faint|p1a: Dragonite
|
|-weather|RainDance|[upkeep]
|upkeep
|
|t:|1776186696
|switch|p1a: Chandelure|Chandelure, M|100/100
|-item|p1a: Chandelure|Air Balloon
|turn|17
|
|t:|1776186701
|-terastallize|p1a: Chandelure|Grass
|move|p2a: Inteleon|Snipe Shot|p1a: Chandelure
|-resisted|p1a: Chandelure
|-crit|p1a: Chandelure
|-damage|p1a: Chandelure|0 fnt
|-enditem|p1a: Chandelure|Air Balloon
|faint|p1a: Chandelure
|
|-weather|none
|upkeep
|c|☆hupagi|what
|
|t:|1776186709
|switch|p1a: Gholdengo|Gholdengo|100/100
|-item|p1a: Gholdengo|Air Balloon
|turn|18
|c|☆Deafoman|My crit build with stab is broken
|
|t:|1776186726
|move|p2a: Inteleon|Dark Pulse|p1a: Gholdengo
|-supereffective|p1a: Gholdengo
|-crit|p1a: Gholdengo
|-damage|p1a: Gholdengo|0 fnt
|-enditem|p1a: Gholdengo|Air Balloon
|faint|p1a: Gholdengo
|
|win|Deafoman
|raw|hupagi's rating: 1213 &rarr; <strong>1186</strong><br />(-27 for losing)
|raw|Deafoman's rating: 1181 &rarr; <strong>1208</strong><br />(+27 for winning)
|l| ohko_smeargle
|c|☆Deafoman|Gg
