|html|<div class="broadcast-blue"><strong>[Gen 9] OU is currently suspecting Tera Blast! For information on how to participate check out the <a href="https://www.smogon.com/tools/suspects/view/200">suspect thread</a>.</strong></div>
|j|☆RomN-Tick
|j|☆WANG QIU'ER
|t:|1776222894
|gametype|singles
|player|p1|RomN-Tick|ethan|1590
|player|p2|WANG QIU'ER|korrina-masters|1604
|gen|9
|tier|[Gen 9] OU
|rated|
|rule|HP Percentage Mod: HP is shown in percentages
|rule|Endless Battle Clause: Forcing endless battles is banned
|rule|Species Clause: Limit one of each Pokémon
|rule|OHKO Clause: OHKO moves are banned
|rule|Evasion Items Clause: Evasion items are banned
|rule|Evasion Moves Clause: Evasion moves are banned
|rule|Evasion Abilities Clause: Evasion abilities are banned
|rule|Sleep Moves Clause: Sleep-inducing moves are banned
|clearpoke
|poke|p1|Lokix, M|
|poke|p1|Tinkaton, F|
|poke|p1|Slowking, M|
|poke|p1|Rotom-Heat|
|poke|p1|Dragapult, F|
|poke|p1|Great Tusk|
|poke|p2|Pelipper, F|
|poke|p2|Barraskewda, M|
|poke|p2|Volcanion|
|poke|p2|Corviknight, F|
|poke|p2|Slowking-Galar, M|
|poke|p2|Ursaluna, M|
|teampreview
|inactive|Battle timer is ON: inactive players will automatically lose when time's up. (requested by WANG QIU'ER)
|
|t:|1776222911
|teamsize|p1|6
|teamsize|p2|6
|start
|switch|p1a: Dragapult|Dragapult, F, shiny|100/100
|switch|p2a: Pelipper|Pelipper, F|100/100
|-weather|RainDance|[from] ability: Drizzle|[of] p2a: Pelipper
|turn|1
|
|t:|1776222915
|switch|p2a: Corviknight|Corviknight, F|100/100
|-ability|p2a: Corviknight|Pressure
|move|p1a: Dragapult|Draco Meteor|p2a: Corviknight
|-resisted|p2a: Corviknight
|-damage|p2a: Corviknight|74/100
|-unboost|p1a: Dragapult|spa|2
|
|-weather|RainDance|[upkeep]
|upkeep
|turn|2
|
|t:|1776222918
|move|p1a: Dragapult|Will-O-Wisp|p2a: Corviknight
|-status|p2a: Corviknight|brn
|move|p2a: Corviknight|U-turn|p1a: Dragapult
|-resisted|p1a: Dragapult
|-damage|p1a: Dragapult|96/100
|
|t:|1776222921
|switch|p2a: Ursaluna|Ursaluna, M|100/100|[from] U-turn
|
|-weather|RainDance|[upkeep]
|-status|p2a: Ursaluna|brn|[from] item: Flame Orb
|upkeep
|turn|3
|
|t:|1776222925
|move|p1a: Dragapult|U-turn|p2a: Ursaluna
|-damage|p2a: Ursaluna|88/100 brn
|
|t:|1776222930
|switch|p1a: Rotom|Rotom-Heat|100/100|[from] U-turn
|move|p2a: Ursaluna|Facade|p1a: Rotom
|-damage|p1a: Rotom|0 fnt
|faint|p1a: Rotom
|
|-weather|RainDance|[upkeep]
|-damage|p2a: Ursaluna|82/100 brn|[from] brn
|upkeep
|
|t:|1776222936
|switch|p1a: Lokix|Lokix, M|100/100
|turn|4
|
|t:|1776222939
|switch|p2a: Corviknight|Corviknight, F|74/100 brn
|-ability|p2a: Corviknight|Pressure
|-terastallize|p1a: Lokix|Bug
|move|p1a: Lokix|U-turn|p2a: Corviknight
|-resisted|p2a: Corviknight
|-damage|p2a: Corviknight|55/100 brn
|-damage|p1a: Lokix|84/100|[from] item: Rocky Helmet|[of] p2a: Corviknight
|
|t:|1776222944
|switch|p1a: Dragapult|Dragapult, F, shiny|96/100|[from] U-turn
|
|-weather|RainDance|[upkeep]
|-damage|p2a: Corviknight|49/100 brn|[from] brn
|upkeep
|turn|5
|
|t:|1776222950
|switch|p2a: Slowking|Slowking-Galar, M|100/100
|move|p1a: Dragapult|Hex|p2a: Slowking
|-supereffective|p2a: Slowking
|-damage|p2a: Slowking|64/100
|
|-weather|RainDance|[upkeep]
|upkeep
|turn|6
|
|t:|1776222954
|switch|p2a: Ursaluna|Ursaluna, M|82/100 brn
|move|p1a: Dragapult|U-turn|p2a: Ursaluna
|-damage|p2a: Ursaluna|70/100 brn
|
|t:|1776222957
|switch|p1a: Lokix|Lokix, M, tera:Bug|84/100|[from] U-turn
|
|-weather|RainDance|[upkeep]
|-damage|p2a: Ursaluna|64/100 brn|[from] brn
|upkeep
|turn|7
|
|t:|1776222964
|switch|p2a: Corviknight|Corviknight, F|49/100 brn
|-ability|p2a: Corviknight|Pressure
|move|p1a: Lokix|First Impression|p2a: Corviknight
|-resisted|p2a: Corviknight
|-damage|p2a: Corviknight|25/100 brn
|-damage|p1a: Lokix|67/100|[from] item: Rocky Helmet|[of] p2a: Corviknight
|
|-weather|RainDance|[upkeep]
|-damage|p2a: Corviknight|19/100 brn|[from] brn
|upkeep
|turn|8
|
|t:|1776222968
|switch|p1a: Dragapult|Dragapult, F, shiny|96/100
|move|p2a: Corviknight|U-turn|p1a: Dragapult
|-resisted|p1a: Dragapult
|-damage|p1a: Dragapult|91/100
|
|t:|1776222971
|switch|p2a: Ursaluna|Ursaluna, M|64/100 brn|[from] U-turn
|
|-weather|none
|-damage|p2a: Ursaluna|58/100 brn|[from] brn
|upkeep
|turn|9
|
|t:|1776222978
|move|p1a: Dragapult|U-turn|p2a: Ursaluna
|-damage|p2a: Ursaluna|46/100 brn
|
|t:|1776222985
|switch|p1a: Great Tusk|Great Tusk|100/100|[from] U-turn
|move|p2a: Ursaluna|Headlong Rush|p1a: Great Tusk
|-damage|p1a: Great Tusk|38/100
|-unboost|p2a: Ursaluna|def|1
|-unboost|p2a: Ursaluna|spd|1
|
|-heal|p1a: Great Tusk|44/100|[from] item: Leftovers
|-damage|p2a: Ursaluna|40/100 brn|[from] brn
|upkeep
|turn|10
|
|t:|1776222994
|switch|p2a: Corviknight|Corviknight, F|19/100 brn
|-ability|p2a: Corviknight|Pressure
|move|p1a: Great Tusk|Ice Spinner|p2a: Corviknight
|-damage|p2a: Corviknight|5/100 brn
|-damage|p1a: Great Tusk|28/100|[from] item: Rocky Helmet|[of] p2a: Corviknight
|
|-heal|p1a: Great Tusk|34/100|[from] item: Leftovers
|-damage|p2a: Corviknight|0 fnt|[from] brn
|faint|p2a: Corviknight
|upkeep
|
|t:|1776222997
|switch|p2a: Barraskewda|Barraskewda, M|100/100
|turn|11
|
|t:|1776223002
|-end|p1a: Great Tusk|Protosynthesis|[silent]
|switch|p1a: Slowking|Slowking, M|100/100
|move|p2a: Barraskewda|Flip Turn|p1a: Slowking
|-resisted|p1a: Slowking
|-damage|p1a: Slowking|75/100
|
|t:|1776223006
|switch|p2a: Ursaluna|Ursaluna, M|40/100 brn|[from] Flip Turn
|
|-damage|p2a: Ursaluna|34/100 brn|[from] brn
|upkeep
|turn|12
|
|t:|1776223010
|switch|p1a: Great Tusk|Great Tusk|34/100
|move|p2a: Ursaluna|Headlong Rush|p1a: Great Tusk
|-damage|p1a: Great Tusk|0 fnt
|-unboost|p2a: Ursaluna|def|1
|-unboost|p2a: Ursaluna|spd|1
|faint|p1a: Great Tusk
|-end|p1a: Great Tusk|Protosynthesis|[silent]
|
|-damage|p2a: Ursaluna|28/100 brn|[from] brn
|upkeep
|
|t:|1776223016
|switch|p1a: Tinkaton|Tinkaton, F|100/100
|-ability|p1a: Tinkaton|Mold Breaker
|turn|13
|
|t:|1776223020
|switch|p2a: Pelipper|Pelipper, F|100/100
|-weather|RainDance|[from] ability: Drizzle|[of] p2a: Pelipper
|move|p1a: Tinkaton|Stealth Rock|p2a: Pelipper
|-sidestart|p2: WANG QIU'ER|move: Stealth Rock
|
|-weather|RainDance|[upkeep]
|upkeep
|turn|14
|
|t:|1776223023
|switch|p1a: Slowking|Slowking, M|100/100
|move|p2a: Pelipper|U-turn|p1a: Slowking
|-supereffective|p1a: Slowking
|-damage|p1a: Slowking|82/100
|
|t:|1776223026
|switch|p2a: Ursaluna|Ursaluna, M|28/100 brn|[from] U-turn
|-damage|p2a: Ursaluna|22/100 brn|[from] Stealth Rock
|
|-weather|RainDance|[upkeep]
|-damage|p2a: Ursaluna|16/100 brn|[from] brn
|upkeep
|turn|15
|
|t:|1776223032
|switch|p1a: Tinkaton|Tinkaton, F|100/100
|-ability|p1a: Tinkaton|Mold Breaker
|move|p2a: Ursaluna|Headlong Rush|p1a: Tinkaton
|-supereffective|p1a: Tinkaton
|-damage|p1a: Tinkaton|0 fnt
|-unboost|p2a: Ursaluna|def|1
|-unboost|p2a: Ursaluna|spd|1
|faint|p1a: Tinkaton
|
|-weather|RainDance|[upkeep]
|-damage|p2a: Ursaluna|10/100 brn|[from] brn
|upkeep
|
|t:|1776223034
|switch|p1a: Lokix|Lokix, M, tera:Bug|67/100
|turn|16
|
|t:|1776223037
|move|p1a: Lokix|U-turn|p2a: Ursaluna
|-damage|p2a: Ursaluna|0 fnt
|faint|p2a: Ursaluna
|
|t:|1776223040
|switch|p1a: Slowking|Slowking, M|100/100|[from] U-turn
|
|-weather|RainDance|[upkeep]
|upkeep
|
|t:|1776223042
|switch|p2a: Volcanion|Volcanion|100/100
|-damage|p2a: Volcanion|76/100|[from] Stealth Rock
|turn|17
|
|t:|1776223047
|-terastallize|p2a: Volcanion|Water
|move|p2a: Volcanion|Steam Eruption|p1a: Slowking
|-resisted|p1a: Slowking
|-damage|p1a: Slowking|47/100
|-prepare|p1a: Slowking|Chilly Reception|[premajor]
|move|p1a: Slowking|Chilly Reception|p1a: Slowking
|-weather|Snowscape
|
|t:|1776223055
|switch|p1a: Lokix|Lokix, M, tera:Bug|67/100|[from] Chilly Reception
|
|-weather|Snowscape|[upkeep]
|upkeep
|turn|18
|
|t:|1776223059
|move|p1a: Lokix|U-turn|p2a: Volcanion
|-damage|p2a: Volcanion|24/100
|
|t:|1776223061
|switch|p1a: Slowking|Slowking, M|80/100|[from] U-turn
|move|p2a: Volcanion|Steam Eruption|p1a: Slowking
|-resisted|p1a: Slowking
|-damage|p1a: Slowking|44/100
|
|-weather|Snowscape|[upkeep]
|upkeep
|turn|19
|
|t:|1776223068
|switch|p2a: Slowking|Slowking-Galar, M|97/100
|-prepare|p1a: Slowking|Chilly Reception|[premajor]
|move|p1a: Slowking|Chilly Reception|p1a: Slowking
|
|t:|1776223072
|switch|p1a: Lokix|Lokix, M, tera:Bug|67/100|[from] Chilly Reception
|
|-weather|Snowscape|[upkeep]
|upkeep
|turn|20
|
|t:|1776223084
|switch|p2a: Pelipper|Pelipper, F|100/100
|-damage|p2a: Pelipper|76/100|[from] Stealth Rock
|-weather|RainDance|[from] ability: Drizzle|[of] p2a: Pelipper
|move|p1a: Lokix|U-turn|p2a: Pelipper
|-resisted|p2a: Pelipper
|-damage|p2a: Pelipper|27/100
|
|t:|1776223086
|switch|p1a: Slowking|Slowking, M|77/100|[from] U-turn
|
|-weather|RainDance|[upkeep]
|upkeep
|turn|21
|
|t:|1776223092
|move|p2a: Pelipper|Roost|p2a: Pelipper
|-heal|p2a: Pelipper|77/100
|-singleturn|p2a: Pelipper|move: Roost
|-prepare|p1a: Slowking|Chilly Reception|[premajor]
|move|p1a: Slowking|Chilly Reception|p1a: Slowking
|-weather|Snowscape
|
|t:|1776223109
|switch|p1a: Dragapult|Dragapult, F, shiny|91/100|[from] Chilly Reception
|
|-weather|Snowscape|[upkeep]
|upkeep
|turn|22
|
|t:|1776223112
|move|p1a: Dragapult|U-turn|p2a: Pelipper
|-resisted|p2a: Pelipper
|-crit|p2a: Pelipper
|-damage|p2a: Pelipper|67/100
|
|t:|1776223115
|switch|p1a: Slowking|Slowking, M|100/100|[from] U-turn
|move|p2a: Pelipper|U-turn|p1a: Slowking
|-supereffective|p1a: Slowking
|-damage|p1a: Slowking|80/100
|
|t:|1776223117
|switch|p2a: Slowking|Slowking-Galar, M|100/100|[from] U-turn
|
|-weather|Snowscape|[upkeep]
|upkeep
|turn|23
|
|t:|1776223124
|move|p1a: Slowking|Future Sight|p2a: Slowking
|-start|p1a: Slowking|move: Future Sight
|move|p2a: Slowking|Trick Room|p2a: Slowking
|-fieldstart|move: Trick Room|[of] p2a: Slowking
|
|-weather|Snowscape|[upkeep]
|upkeep
|turn|24
|
|t:|1776223132
|-prepare|p1a: Slowking|Chilly Reception|[premajor]
|move|p1a: Slowking|Chilly Reception|p1a: Slowking
|
|t:|1776223136
|switch|p1a: Dragapult|Dragapult, F, shiny|91/100|[from] Chilly Reception
|move|p2a: Slowking|Sludge Bomb|p1a: Dragapult
|-resisted|p1a: Dragapult
|-damage|p1a: Dragapult|70/100
|
|-weather|Snowscape|[upkeep]
|upkeep
|turn|25
|
|t:|1776223142
|switch|p1a: Slowking|Slowking, M|100/100
|move|p2a: Slowking|Ice Beam|p1a: Slowking
|-resisted|p1a: Slowking
|-damage|p1a: Slowking|94/100
|
|-weather|none
|-end|p2a: Slowking|move: Future Sight
|-damage|p2a: Slowking|74/100
|upkeep
|turn|26
|
|t:|1776223146
|move|p1a: Slowking|Thunder Wave|p2a: Slowking|[miss]
|-miss|p1a: Slowking|p2a: Slowking
|move|p2a: Slowking|Sludge Bomb|p1a: Slowking
|-damage|p1a: Slowking|73/100
|
|upkeep
|turn|27
|
|t:|1776223151
|-prepare|p1a: Slowking|Chilly Reception|[premajor]
|move|p1a: Slowking|Chilly Reception|p1a: Slowking
|-weather|Snowscape
|
|t:|1776223159
|switch|p1a: Dragapult|Dragapult, F, shiny|70/100|[from] Chilly Reception
|move|p2a: Slowking|Sludge Bomb|p1a: Dragapult
|-resisted|p1a: Dragapult
|-damage|p1a: Dragapult|47/100
|
|-weather|Snowscape|[upkeep]
|-fieldend|move: Trick Room
|upkeep
|turn|28
|
|t:|1776223167
|move|p1a: Dragapult|U-turn|p2a: Slowking
|-damage|p2a: Slowking|55/100
|
|t:|1776223168
|switch|p1a: Lokix|Lokix, M, tera:Bug|67/100|[from] U-turn
|move|p2a: Slowking|Trick Room|p2a: Slowking
|-fieldstart|move: Trick Room|[of] p2a: Slowking
|
|-weather|Snowscape|[upkeep]
|upkeep
|turn|29
|
|t:|1776223179
|switch|p2a: Volcanion|Volcanion, tera:Water|24/100
|-damage|p2a: Volcanion|12/100|[from] Stealth Rock
|move|p1a: Lokix|First Impression|p2a: Volcanion
|-damage|p2a: Volcanion|0 fnt
|faint|p2a: Volcanion
|
|-weather|Snowscape|[upkeep]
|upkeep
|
|t:|1776223185
|switch|p2a: Slowking|Slowking-Galar, M|89/100
|turn|30
|
|t:|1776223188
|switch|p1a: Slowking|Slowking, M|100/100
|move|p2a: Slowking|Sludge Bomb|p1a: Slowking
|-damage|p1a: Slowking|81/100
|
|-weather|Snowscape|[upkeep]
|upkeep
|turn|31
|
|t:|1776223191
|move|p1a: Slowking|Thunder Wave|p2a: Slowking
|-status|p2a: Slowking|par
|move|p2a: Slowking|Sludge Bomb|p1a: Slowking
|-damage|p1a: Slowking|62/100
|
|-weather|none
|upkeep
|turn|32
|c|☆WANG QIU'ER|Why am I not getting poison
|
|t:|1776223205
|move|p2a: Slowking|Sludge Bomb|p1a: Slowking
|-damage|p1a: Slowking|43/100
|move|p1a: Slowking|Scald|p2a: Slowking
|-damage|p2a: Slowking|73/100 par
|
|-fieldend|move: Trick Room
|upkeep
|turn|33
|
|t:|1776223211
|move|p1a: Slowking|Future Sight|p2a: Slowking
|-start|p1a: Slowking|move: Future Sight
|move|p2a: Slowking|Trick Room|p2a: Slowking
|-fieldstart|move: Trick Room|[of] p2a: Slowking
|
|upkeep
|turn|34
|
|t:|1776223214
|cant|p2a: Slowking|par
|-prepare|p1a: Slowking|Chilly Reception|[premajor]
|move|p1a: Slowking|Chilly Reception|p1a: Slowking
|-weather|Snowscape
|
|t:|1776223216
|switch|p1a: Dragapult|Dragapult, F, shiny|47/100|[from] Chilly Reception
|
|-weather|Snowscape|[upkeep]
|upkeep
|turn|35
|
|t:|1776223219
|switch|p1a: Slowking|Slowking, M|76/100
|move|p2a: Slowking|Ice Beam|p1a: Slowking
|-resisted|p1a: Slowking
|-damage|p1a: Slowking|70/100
|
|-weather|Snowscape|[upkeep]
|-end|p2a: Slowking|move: Future Sight
|-damage|p2a: Slowking|49/100 par
|upkeep
|turn|36
|
|t:|1776223225
|cant|p2a: Slowking|par
|-prepare|p1a: Slowking|Chilly Reception|[premajor]
|move|p1a: Slowking|Chilly Reception|p1a: Slowking
|
|t:|1776223228
|switch|p1a: Lokix|Lokix, M, tera:Bug|67/100|[from] Chilly Reception
|
|-weather|Snowscape|[upkeep]
|upkeep
|turn|37
|
|t:|1776223231
|switch|p2a: Pelipper|Pelipper, F|67/100
|-damage|p2a: Pelipper|42/100|[from] Stealth Rock
|-weather|RainDance|[from] ability: Drizzle|[of] p2a: Pelipper
|move|p1a: Lokix|First Impression|p2a: Pelipper
|-resisted|p2a: Pelipper
|-damage|p2a: Pelipper|0 fnt
|faint|p2a: Pelipper
|
|-weather|RainDance|[upkeep]
|-fieldend|move: Trick Room
|upkeep
|
|t:|1776223234
|switch|p2a: Barraskewda|Barraskewda, M|100/100
|-damage|p2a: Barraskewda|88/100|[from] Stealth Rock
|turn|38
|-message|WANG QIU'ER forfeited.
|
|win|RomN-Tick
|raw|RomN-Tick's rating: 1590 &rarr; <strong>1611</strong><br />(+21 for winning)
|raw|WANG QIU&apos;ER's rating: 1604 &rarr; <strong>1583</strong><br />(-21 for losing)
|l|☆WANG QIU'ER
|player|p2|
