|html|<div class="broadcast-blue"><strong>[Gen 9] OU is currently suspecting Tera Blast! For information on how to participate check out the <a href="https://www.smogon.com/tools/suspects/view/200">suspect thread</a>.</strong></div>
|j|☆Pugtato2410
|j|☆Rokhuten
|t:|1776090036
|gametype|singles
|player|p1|Pugtato2410|n|1120
|player|p2|Rokhuten|alder|1176
|gen|9
|tier|[Gen 9] OU
|rated|
|rule|HP Percentage Mod: HP is shown in percentages
|rule|Endless Battle Clause: Forcing endless battles is banned
|rule|Species Clause: Limit one of each Pokémon
|rule|OHKO Clause: OHKO moves are banned
|rule|Evasion Items Clause: Evasion items are banned
|rule|Evasion Moves Clause: Evasion moves are banned
|rule|Evasion Abilities Clause: Evasion abilities are banned
|rule|Sleep Moves Clause: Sleep-inducing moves are banned
|clearpoke
|poke|p1|Grimmsnarl, M|
|poke|p1|Iron Treads|
|poke|p1|Raging Bolt|
|poke|p1|Deoxys-Speed|
|poke|p1|Ogerpon-Wellspring, F|
|poke|p1|Ceruledge, M|
|poke|p2|Pincurchin, M|
|poke|p2|Raichu-Alola, M|
|poke|p2|Hawlucha, F|
|poke|p2|Pawmot, M|
|poke|p2|Rotom-Wash|
|poke|p2|Iron Hands|
|teampreview
|inactive|Battle timer is ON: inactive players will automatically lose when time's up. (requested by Rokhuten)
|
|t:|1776090055
|teamsize|p1|6
|teamsize|p2|6
|start
|switch|p1a: Funny Prank|Grimmsnarl, M, shiny|100/100
|switch|p2a: Pincurchin|Pincurchin, M|100/100
|-fieldstart|move: Electric Terrain|[from] ability: Electric Surge|[of] p2a: Pincurchin
|turn|1
|
|t:|1776090067
|move|p1a: Funny Prank|Light Screen|p1a: Funny Prank
|-sidestart|p1: Pugtato2410|move: Light Screen
|move|p2a: Pincurchin|Spikes|p1a: Funny Prank
|-sidestart|p1: Pugtato2410|Spikes
|
|upkeep
|turn|2
|
|t:|1776090073
|move|p1a: Funny Prank|Reflect|p1a: Funny Prank
|-sidestart|p1: Pugtato2410|Reflect
|move|p2a: Pincurchin|Spikes|p1a: Funny Prank
|-sidestart|p1: Pugtato2410|Spikes
|
|upkeep
|turn|3
|
|t:|1776090078
|move|p1a: Funny Prank|Taunt|p2a: Pincurchin
|-start|p2a: Pincurchin|move: Taunt
|cant|p2a: Pincurchin|move: Taunt|Spikes
|
|upkeep
|turn|4
|
|t:|1776090088
|switch|p1a: Birmingham Man|Ceruledge, M, shiny|100/100
|-damage|p1a: Birmingham Man|84/100|[from] Spikes
|move|p2a: Pincurchin|Scald|p1a: Birmingham Man
|-supereffective|p1a: Birmingham Man
|-damage|p1a: Birmingham Man|64/100
|
|upkeep
|turn|5
|
|t:|1776090108
|move|p1a: Birmingham Man|Swords Dance|p1a: Birmingham Man
|-boost|p1a: Birmingham Man|atk|2
|move|p2a: Pincurchin|Scald|p1a: Birmingham Man
|-supereffective|p1a: Birmingham Man
|-damage|p1a: Birmingham Man|46/100
|
|-end|p2a: Pincurchin|move: Taunt
|upkeep
|turn|6
|
|t:|1776090119
|move|p1a: Birmingham Man|Bitter Blade|p2a: Pincurchin
|-damage|p2a: Pincurchin|0 fnt
|-heal|p1a: Birmingham Man|94/100|[from] drain|[of] p2a: Pincurchin
|faint|p2a: Pincurchin
|-damage|p1a: Birmingham Man|84/100|[from] item: Life Orb
|
|upkeep
|
|t:|1776090136
|switch|p2a: Rotom|Rotom-Wash|100/100
|turn|7
|
|t:|1776090142
|move|p1a: Birmingham Man|Poltergeist|p2a: Rotom
|-activate|p2a: Rotom|move: Poltergeist|Leftovers
|-damage|p2a: Rotom|0 fnt
|faint|p2a: Rotom
|-damage|p1a: Birmingham Man|74/100|[from] item: Life Orb
|
|upkeep
|inactive|Rokhuten has 120 seconds left.
|
|t:|1776090165
|switch|p2a: Iron Hands|Iron Hands|100/100
|-activate|p2a: Iron Hands|ability: Quark Drive
|-start|p2a: Iron Hands|quarkdriveatk
|turn|8
|inactive|Rokhuten has 120 seconds left.
|
|t:|1776090179
|move|p1a: Birmingham Man|Bitter Blade|p2a: Iron Hands
|-damage|p2a: Iron Hands|12/100
|-heal|p1a: Birmingham Man|100/100|[from] drain|[of] p2a: Iron Hands
|-damage|p1a: Birmingham Man|91/100|[from] item: Life Orb
|move|p2a: Iron Hands|Thunder Punch|p1a: Birmingham Man
|-damage|p1a: Birmingham Man|39/100
|-ability|p1a: Birmingham Man|Weak Armor|boost
|-unboost|p1a: Birmingham Man|def|1
|-boost|p1a: Birmingham Man|spe|2
|
|-sideend|p1: Pugtato2410|move: Light Screen
|-fieldend|move: Electric Terrain
|-end|p2a: Iron Hands|Quark Drive
|upkeep
|-enditem|p2a: Iron Hands|Booster Energy
|-activate|p2a: Iron Hands|ability: Quark Drive|[fromitem]
|-start|p2a: Iron Hands|quarkdriveatk
|turn|9
|inactive|Rokhuten has 120 seconds left.
|
|t:|1776090195
|move|p1a: Birmingham Man|Bitter Blade|p2a: Iron Hands
|-damage|p2a: Iron Hands|0 fnt
|-heal|p1a: Birmingham Man|47/100|[from] drain|[of] p2a: Iron Hands
|faint|p2a: Iron Hands
|-end|p2a: Iron Hands|Quark Drive|[silent]
|-damage|p1a: Birmingham Man|37/100|[from] item: Life Orb
|
|-sideend|p1: Pugtato2410|Reflect
|upkeep
|
|t:|1776090205
|switch|p2a: Pawmot|Pawmot, M|100/100
|turn|10
|
|t:|1776090219
|switch|p1a: Funny Prank|Grimmsnarl, M, shiny|100/100
|-damage|p1a: Funny Prank|84/100|[from] Spikes
|move|p2a: Pawmot|Double Shock|p1a: Funny Prank
|-damage|p1a: Funny Prank|0 fnt
|-start|p2a: Pawmot|typechange|???/Fighting|[from] move: Double Shock
|faint|p1a: Funny Prank
|
|upkeep
|
|t:|1776090228
|switch|p1a: Barrel roll|Iron Treads, shiny|100/100
|-damage|p1a: Barrel roll|84/100|[from] Spikes
|-enditem|p1a: Barrel roll|Booster Energy
|-activate|p1a: Barrel roll|ability: Quark Drive|[fromitem]
|-start|p1a: Barrel roll|quarkdrivespe
|turn|11
|
|t:|1776090234
|move|p1a: Barrel roll|Rapid Spin|p2a: Pawmot
|-damage|p2a: Pawmot|81/100
|-boost|p1a: Barrel roll|spe|1
|-sideend|p1: Pugtato2410|Spikes|[from] move: Rapid Spin|[of] p1a: Barrel roll
|move|p2a: Pawmot|Revival Blessing|p2a: Pawmot
|-enditem|p2a: Pawmot|Leppa Berry|[eat]
|-activate|p2a: Pawmot|item: Leppa Berry|Revival Blessing|[consumed]
|
|t:|1776090242
|-heal|p2: Pincurchin|50/100|[from] move: Revival Blessing
|
|upkeep
|turn|12
|
|t:|1776090248
|move|p1a: Barrel roll|Stealth Rock|p2a: Pawmot
|-sidestart|p2: Rokhuten|move: Stealth Rock
|move|p2a: Pawmot|Revival Blessing|p2a: Pawmot
|
|t:|1776090255
|-heal|p2: Iron Hands|50/100|[from] move: Revival Blessing
|
|upkeep
|turn|13
|
|t:|1776090260
|move|p1a: Barrel roll|Earth Power|p2a: Pawmot
|-damage|p2a: Pawmot|28/100
|move|p2a: Pawmot|Close Combat|p1a: Barrel roll
|-supereffective|p1a: Barrel roll
|-damage|p1a: Barrel roll|0 fnt
|-unboost|p2a: Pawmot|def|1
|-unboost|p2a: Pawmot|spd|1
|faint|p1a: Barrel roll
|-end|p1a: Barrel roll|Quark Drive|[silent]
|
|upkeep
|
|t:|1776090269
|switch|p1a: Adderall Man|Deoxys-Speed, shiny|100/100
|-ability|p1a: Adderall Man|Pressure
|turn|14
|
|t:|1776090275
|switch|p2a: Pincurchin|Pincurchin, M|50/100
|-damage|p2a: Pincurchin|38/100|[from] Stealth Rock
|-fieldstart|move: Electric Terrain|[from] ability: Electric Surge|[of] p2a: Pincurchin
|move|p1a: Adderall Man|Psycho Boost|p2a: Pincurchin
|-damage|p2a: Pincurchin|0 fnt
|-unboost|p1a: Adderall Man|spa|2
|faint|p2a: Pincurchin
|
|upkeep
|
|t:|1776090290
|switch|p2a: Hawlucha|Hawlucha, F|100/100
|-damage|p2a: Hawlucha|88/100|[from] Stealth Rock
|-enditem|p2a: Hawlucha|Electric Seed
|-boost|p2a: Hawlucha|def|1|[from] item: Electric Seed
|turn|15
|
|t:|1776090304
|-terastallize|p2a: Hawlucha|Flying
|move|p2a: Hawlucha|Acrobatics|p1a: Adderall Man
|-damage|p1a: Adderall Man|0 fnt
|faint|p1a: Adderall Man
|
|upkeep
|
|t:|1776090310
|switch|p1a: Car battery|Raging Bolt|100/100
|-enditem|p1a: Car battery|Booster Energy
|-activate|p1a: Car battery|ability: Protosynthesis|[fromitem]
|-start|p1a: Car battery|protosynthesisspa
|turn|16
|
|t:|1776090316
|move|p2a: Hawlucha|Swords Dance|p2a: Hawlucha
|-boost|p2a: Hawlucha|atk|2
|move|p1a: Car battery|Calm Mind|p1a: Car battery
|-boost|p1a: Car battery|spa|1
|-boost|p1a: Car battery|spd|1
|
|upkeep
|turn|17
|
|t:|1776090327
|move|p2a: Hawlucha|Encore|p1a: Car battery
|-start|p1a: Car battery|Encore
|move|p1a: Car battery|Calm Mind|p1a: Car battery
|-boost|p1a: Car battery|spa|1
|-boost|p1a: Car battery|spd|1
|
|upkeep
|turn|18
|
|t:|1776090336
|-terastallize|p1a: Car battery|Flying
|move|p2a: Hawlucha|Close Combat|p1a: Car battery
|-resisted|p1a: Car battery
|-damage|p1a: Car battery|50/100
|-unboost|p2a: Hawlucha|def|1
|-unboost|p2a: Hawlucha|spd|1
|move|p1a: Car battery|Calm Mind|p1a: Car battery
|-boost|p1a: Car battery|spa|1
|-boost|p1a: Car battery|spd|1
|
|upkeep
|turn|19
|
|t:|1776090363
|-end|p1a: Car battery|Protosynthesis|[silent]
|switch|p1a: Birmingham Man|Ceruledge, M, shiny|37/100
|move|p2a: Hawlucha|Acrobatics|p1a: Birmingham Man
|-damage|p1a: Birmingham Man|0 fnt
|faint|p1a: Birmingham Man
|
|upkeep
|
|t:|1776090369
|switch|p1a: Car battery|Raging Bolt, tera:Flying|50/100
|turn|20
|
|t:|1776090373
|move|p1a: Car battery|Thunderclap|p2a: Hawlucha
|-supereffective|p2a: Hawlucha
|-damage|p2a: Hawlucha|0 fnt
|faint|p2a: Hawlucha
|
|upkeep
|
|t:|1776090381
|switch|p2a: Raichu|Raichu-Alola, M|100/100
|-damage|p2a: Raichu|88/100|[from] Stealth Rock
|turn|21
|
|t:|1776090388
|-end|p1a: Car battery|Protosynthesis|[silent]
|switch|p1a: Piss Leaf|Ogerpon-Wellspring, F|100/100
|move|p2a: Raichu|Volt Switch|p1a: Piss Leaf
|-damage|p1a: Piss Leaf|40/100
|-damage|p2a: Raichu|78/100|[from] item: Life Orb
|
|t:|1776090396
|switch|p2a: Pawmot|Pawmot, M|28/100|[from] Volt Switch
|-damage|p2a: Pawmot|21/100|[from] Stealth Rock
|
|-fieldend|move: Electric Terrain
|upkeep
|turn|22
|
|t:|1776090404
|move|p2a: Pawmot|Fake Out|p1a: Piss Leaf
|-damage|p1a: Piss Leaf|21/100
|cant|p1a: Piss Leaf|flinch
|
|upkeep
|turn|23
|
|t:|1776090413
|move|p2a: Pawmot|Double Shock|p1a: Piss Leaf
|-damage|p1a: Piss Leaf|0 fnt
|-start|p2a: Pawmot|typechange|???/Fighting|[from] move: Double Shock
|faint|p1a: Piss Leaf
|
|upkeep
|
|t:|1776090418
|switch|p1a: Car battery|Raging Bolt, tera:Flying|50/100
|turn|24
|
|t:|1776090423
|move|p1a: Car battery|Thunderclap|p2a: Pawmot
|-damage|p2a: Pawmot|0 fnt
|faint|p2a: Pawmot
|
|upkeep
|
|t:|1776090430
|switch|p2a: Raichu|Raichu-Alola, M|78/100
|-damage|p2a: Raichu|66/100|[from] Stealth Rock
|turn|25
|
|t:|1776090438
|move|p2a: Raichu|Volt Switch|p1a: Car battery
|-supereffective|p1a: Car battery
|-damage|p1a: Car battery|0 fnt
|faint|p1a: Car battery
|-end|p1a: Car battery|Protosynthesis|[silent]
|-damage|p2a: Raichu|56/100|[from] item: Life Orb
|
|win|Rokhuten
|raw|Pugtato2410's rating: 1120 &rarr; <strong>1099</strong><br />(-21 for losing)
|raw|Rokhuten's rating: 1176 &rarr; <strong>1197</strong><br />(+21 for winning)
|c|☆Rokhuten|gg
|l|☆Pugtato2410
|player|p1|
|l|☆Rokhuten
|player|p2|
