|html|<div class="broadcast-blue"><strong>[Gen 9] OU is currently suspecting Tera Blast! For information on how to participate check out the <a href="https://www.smogon.com/tools/suspects/view/200">suspect thread</a>.</strong></div>
|j|☆ItsLuminenn
|j|☆dalucu23
|t:|1776083961
|gametype|singles
|player|p1|ItsLuminenn|iris-gen5bw2|1112
|player|p2|dalucu23|biker|1102
|gen|9
|tier|[Gen 9] OU
|rated|
|rule|HP Percentage Mod: HP is shown in percentages
|rule|Endless Battle Clause: Forcing endless battles is banned
|rule|Species Clause: Limit one of each Pokémon
|rule|OHKO Clause: OHKO moves are banned
|rule|Evasion Items Clause: Evasion items are banned
|rule|Evasion Moves Clause: Evasion moves are banned
|rule|Evasion Abilities Clause: Evasion abilities are banned
|rule|Sleep Moves Clause: Sleep-inducing moves are banned
|clearpoke
|poke|p1|Iron Valiant|
|poke|p1|Rotom-Wash|
|poke|p1|Great Tusk|
|poke|p1|Gholdengo|
|poke|p1|Ogerpon-Wellspring, F|
|poke|p1|Tornadus-Therian, M|
|poke|p2|Pelipper, M|
|poke|p2|Barraskewda, M|
|poke|p2|Hydreigon, M|
|poke|p2|Dragapult, M|
|poke|p2|Volbeat, M|
|poke|p2|Tentacruel, F|
|teampreview
|inactive|Battle timer is ON: inactive players will automatically lose when time's up. (requested by dalucu23)
|
|t:|1776083972
|teamsize|p1|6
|teamsize|p2|6
|start
|switch|p1a: Iron Valiant|Iron Valiant|100/100
|switch|p2a: Volbeat|Volbeat, M|100/100
|-enditem|p1a: Iron Valiant|Booster Energy
|-activate|p1a: Iron Valiant|ability: Quark Drive|[fromitem]
|-start|p1a: Iron Valiant|quarkdrivespe
|turn|1
|
|t:|1776083977
|move|p2a: Volbeat|Thunder Wave|p1a: Iron Valiant
|-status|p1a: Iron Valiant|par
|move|p1a: Iron Valiant|Swords Dance|p1a: Iron Valiant
|-boost|p1a: Iron Valiant|atk|2
|
|upkeep
|turn|2
|
|t:|1776083986
|move|p2a: Volbeat|Encore|p1a: Iron Valiant
|-start|p1a: Iron Valiant|Encore
|move|p1a: Iron Valiant|Swords Dance|p1a: Iron Valiant
|-boost|p1a: Iron Valiant|atk|2
|
|upkeep
|turn|3
|
|t:|1776083994
|cant|p1a: Iron Valiant|par
|move|p2a: Volbeat|U-turn|p1a: Iron Valiant
|-resisted|p1a: Iron Valiant
|-damage|p1a: Iron Valiant|93/100 par
|
|t:|1776084005
|switch|p2a: Tentacruel|Tentacruel, F|100/100|[from] U-turn
|
|upkeep
|turn|4
|
|t:|1776084010
|move|p1a: Iron Valiant|Swords Dance|p1a: Iron Valiant
|-boost|p1a: Iron Valiant|atk|2
|move|p2a: Tentacruel|Poison Jab|p1a: Iron Valiant
|-supereffective|p1a: Iron Valiant
|-damage|p1a: Iron Valiant|18/100 par
|
|-end|p1a: Iron Valiant|Encore
|upkeep
|turn|5
|
|t:|1776084024
|-terastallize|p1a: Iron Valiant|Dark
|move|p1a: Iron Valiant|Knock Off|p2a: Tentacruel
|-damage|p2a: Tentacruel|0 fnt
|-enditem|p2a: Tentacruel|Leftovers|[from] move: Knock Off|[of] p1a: Iron Valiant
|faint|p2a: Tentacruel
|
|upkeep
|
|t:|1776084035
|switch|p2a: Dragapult|Dragapult, M|100/100
|turn|6
|
|t:|1776084041
|move|p2a: Dragapult|Thunderbolt|p1a: Iron Valiant
|-damage|p1a: Iron Valiant|0 fnt
|faint|p1a: Iron Valiant
|-end|p1a: Iron Valiant|Quark Drive|[silent]
|
|upkeep
|
|t:|1776084045
|switch|p1a: Great Tusk|Great Tusk|100/100
|-enditem|p1a: Great Tusk|Booster Energy
|-activate|p1a: Great Tusk|ability: Protosynthesis|[fromitem]
|-start|p1a: Great Tusk|protosynthesisatk
|turn|7
|
|t:|1776084049
|switch|p2a: Pelipper|Pelipper, M|100/100
|-weather|RainDance|[from] ability: Drizzle|[of] p2a: Pelipper
|move|p1a: Great Tusk|Ice Spinner|p2a: Pelipper
|-damage|p2a: Pelipper|63/100
|
|-weather|RainDance|[upkeep]
|upkeep
|turn|8
|
|t:|1776084061
|move|p1a: Great Tusk|Rapid Spin|p2a: Pelipper
|-damage|p2a: Pelipper|37/100
|-boost|p1a: Great Tusk|spe|1
|move|p2a: Pelipper|Surf|p1a: Great Tusk
|-supereffective|p1a: Great Tusk
|-damage|p1a: Great Tusk|0 fnt
|faint|p1a: Great Tusk
|-end|p1a: Great Tusk|Protosynthesis|[silent]
|
|-weather|RainDance|[upkeep]
|upkeep
|
|t:|1776084067
|switch|p1a: Rotom|Rotom-Wash|100/100
|turn|9
|
|t:|1776084083
|switch|p2a: Volbeat|Volbeat, M|100/100
|move|p1a: Rotom|Thunder Wave|p2a: Volbeat
|-status|p2a: Volbeat|par
|
|-weather|RainDance|[upkeep]
|upkeep
|turn|10
|
|t:|1776084095
|move|p1a: Rotom|Hydro Pump|p2a: Volbeat
|-damage|p2a: Volbeat|22/100 par
|move|p2a: Volbeat|U-turn|p1a: Rotom
|-damage|p1a: Rotom|79/100
|
|t:|1776084108
|switch|p2a: Dragapult|Dragapult, M|100/100|[from] U-turn
|
|-weather|RainDance|[upkeep]
|-heal|p1a: Rotom|85/100|[from] item: Leftovers
|upkeep
|turn|11
|
|t:|1776084119
|move|p2a: Dragapult|Dragon Pulse|p1a: Rotom
|-damage|p1a: Rotom|33/100
|move|p1a: Rotom|Thunder Wave|p2a: Dragapult
|-status|p2a: Dragapult|par
|
|-weather|RainDance|[upkeep]
|-heal|p1a: Rotom|39/100|[from] item: Leftovers
|upkeep
|turn|12
|
|t:|1776084126
|move|p1a: Rotom|Pain Split|p2a: Dragapult
|-sethp|p2a: Dragapult|67/100 par|[from] move: Pain Split|[silent]
|-sethp|p1a: Rotom|78/100|[from] move: Pain Split
|move|p2a: Dragapult|Dragon Pulse|p1a: Rotom
|-damage|p1a: Rotom|24/100
|
|-weather|RainDance|[upkeep]
|-heal|p1a: Rotom|30/100|[from] item: Leftovers
|upkeep
|turn|13
|
|t:|1776084137
|move|p1a: Rotom|Hydro Pump|p2a: Dragapult
|-resisted|p2a: Dragapult
|-damage|p2a: Dragapult|27/100 par
|move|p2a: Dragapult|Dragon Pulse|p1a: Rotom
|-damage|p1a: Rotom|0 fnt
|faint|p1a: Rotom
|
|-weather|RainDance|[upkeep]
|upkeep
|
|t:|1776084142
|switch|p1a: Ogerpon|Ogerpon-Wellspring, F|100/100
|turn|14
|
|t:|1776084145
|move|p1a: Ogerpon|Swords Dance|p1a: Ogerpon
|-boost|p1a: Ogerpon|atk|2
|cant|p2a: Dragapult|par
|
|-weather|none
|upkeep
|turn|15
|
|t:|1776084151
|move|p1a: Ogerpon|Play Rough|p2a: Dragapult
|-supereffective|p2a: Dragapult
|-damage|p2a: Dragapult|0 fnt
|-start|p1a: Ogerpon|Disable|Play Rough|[from] ability: Cursed Body|[of] p2a: Dragapult
|faint|p2a: Dragapult
|
|upkeep
|
|t:|1776084156
|switch|p2a: Pelipper|Pelipper, M|37/100
|-weather|RainDance|[from] ability: Drizzle|[of] p2a: Pelipper
|turn|16
|
|t:|1776084161
|move|p1a: Ogerpon|Power Whip|p2a: Pelipper|[miss]
|-miss|p1a: Ogerpon|p2a: Pelipper
|move|p2a: Pelipper|Tailwind|p2a: Pelipper
|-sidestart|p2: dalucu23|move: Tailwind
|
|-weather|RainDance|[upkeep]
|upkeep
|turn|17
|
|t:|1776084164
|move|p2a: Pelipper|Hurricane|p1a: Ogerpon
|-supereffective|p1a: Ogerpon
|-damage|p1a: Ogerpon|5/100
|move|p1a: Ogerpon|Power Whip|p2a: Pelipper|[miss]
|-miss|p1a: Ogerpon|p2a: Pelipper
|
|-weather|RainDance|[upkeep]
|upkeep
|turn|18
|
|t:|1776084172
|move|p2a: Pelipper|U-turn|p1a: Ogerpon
|-supereffective|p1a: Ogerpon
|-damage|p1a: Ogerpon|0 fnt
|faint|p1a: Ogerpon
|
|t:|1776084176
|switch|p2a: Barraskewda|Barraskewda, M|100/100|[from] U-turn
|
|-weather|RainDance|[upkeep]
|upkeep
|
|t:|1776084181
|switch|p1a: Gholdengo|Gholdengo|100/100
|-item|p1a: Gholdengo|Air Balloon
|turn|19
|
|t:|1776084185
|move|p2a: Barraskewda|Waterfall|p1a: Gholdengo
|-damage|p1a: Gholdengo|0 fnt
|-enditem|p1a: Gholdengo|Air Balloon
|faint|p1a: Gholdengo
|
|-weather|RainDance|[upkeep]
|-sideend|p2: dalucu23|move: Tailwind
|upkeep
|
|t:|1776084187
|switch|p1a: Tornadus|Tornadus-Therian, M, shiny|100/100
|turn|20
|
|t:|1776084195
|move|p2a: Barraskewda|Waterfall|p1a: Tornadus
|-damage|p1a: Tornadus|0 fnt
|faint|p1a: Tornadus
|
|win|dalucu23
|raw|ItsLuminenn's rating: 1112 &rarr; <strong>1086</strong><br />(-26 for losing)
|raw|dalucu23's rating: 1102 &rarr; <strong>1128</strong><br />(+26 for winning)
|l|☆ItsLuminenn
|player|p1|
|l|☆dalucu23
|player|p2|
