|html|<div class="broadcast-blue"><strong>[Gen 9] OU is currently suspecting Tera Blast! For information on how to participate check out the <a href="https://www.smogon.com/tools/suspects/view/200">suspect thread</a>.</strong></div>
|j|☆k1kayone
|j|☆killerfas
|t:|1776290815
|gametype|singles
|player|p1|k1kayone|266|1123
|player|p2|killerfas|dragontamer|1136
|gen|9
|tier|[Gen 9] OU
|rated|
|rule|HP Percentage Mod: HP is shown in percentages
|rule|Endless Battle Clause: Forcing endless battles is banned
|rule|Species Clause: Limit one of each Pokémon
|rule|OHKO Clause: OHKO moves are banned
|rule|Evasion Items Clause: Evasion items are banned
|rule|Evasion Moves Clause: Evasion moves are banned
|rule|Evasion Abilities Clause: Evasion abilities are banned
|rule|Sleep Moves Clause: Sleep-inducing moves are banned
|clearpoke
|poke|p1|Araquanid, M|
|poke|p1|Great Tusk|
|poke|p1|Iron Moth|
|poke|p1|Kyurem|
|poke|p1|Gholdengo|
|poke|p1|Kingambit, M|
|poke|p2|Greninja-*, M|
|poke|p2|Garganacl, M|
|poke|p2|Toxapex, F|
|poke|p2|Meowscarada, M|
|poke|p2|Kingambit, F|
|poke|p2|Gliscor, M|
|teampreview
|
|t:|1776290851
|teamsize|p1|6
|teamsize|p2|6
|start
|switch|p1a: Frozen Hell|Kyurem, shiny|100/100
|switch|p2a: Gliscor|Gliscor, M, shiny|100/100
|-ability|p1a: Frozen Hell|Pressure
|turn|1
|
|t:|1776290860
|move|p2a: Gliscor|Protect|p2a: Gliscor
|-singleturn|p2a: Gliscor|Protect
|move|p1a: Frozen Hell|Icicle Spear|p2a: Gliscor
|-activate|p2a: Gliscor|move: Protect
|
|-status|p2a: Gliscor|tox|[from] item: Toxic Orb
|upkeep
|turn|2
|
|t:|1776290870
|switch|p2a: Toxapex|Toxapex, F|100/100
|move|p1a: Frozen Hell|Dragon Dance|p1a: Frozen Hell
|-boost|p1a: Frozen Hell|atk|1
|-boost|p1a: Frozen Hell|spe|1
|
|upkeep
|turn|3
|
|t:|1776290880
|move|p1a: Frozen Hell|Dragon Dance|p1a: Frozen Hell
|-boost|p1a: Frozen Hell|atk|1
|-boost|p1a: Frozen Hell|spe|1
|move|p2a: Toxapex|Liquidation|p1a: Frozen Hell
|-resisted|p1a: Frozen Hell
|-damage|p1a: Frozen Hell|90/100
|
|upkeep
|turn|4
|
|t:|1776290895
|move|p1a: Frozen Hell|Dragon Dance|p1a: Frozen Hell
|-boost|p1a: Frozen Hell|atk|1
|-boost|p1a: Frozen Hell|spe|1
|move|p2a: Toxapex|Recover||[still]
|-fail|p2a: Toxapex|heal
|
|upkeep
|turn|5
|
|t:|1776290905
|move|p1a: Frozen Hell|Scale Shot|p2a: Toxapex
|-damage|p2a: Toxapex|83/100
|-damage|p2a: Toxapex|68/100
|-damage|p2a: Toxapex|52/100
|-damage|p2a: Toxapex|35/100
|-damage|p2a: Toxapex|20/100
|-hitcount|p2a: Toxapex|5
|-unboost|p1a: Frozen Hell|def|1
|-boost|p1a: Frozen Hell|spe|1
|move|p2a: Toxapex|Recover|p2a: Toxapex
|-heal|p2a: Toxapex|70/100
|
|-heal|p2a: Toxapex|76/100|[from] item: Black Sludge
|upkeep
|turn|6
|
|t:|1776290916
|move|p2a: Toxapex|Baneful Bunker|p2a: Toxapex
|-singleturn|p2a: Toxapex|move: Protect
|move|p1a: Frozen Hell|Dragon Dance|p1a: Frozen Hell
|-boost|p1a: Frozen Hell|atk|1
|-boost|p1a: Frozen Hell|spe|1
|
|-heal|p2a: Toxapex|82/100|[from] item: Black Sludge
|upkeep
|turn|7
|
|t:|1776290927
|move|p1a: Frozen Hell|Dragon Dance|p1a: Frozen Hell
|-boost|p1a: Frozen Hell|atk|1
|-boost|p1a: Frozen Hell|spe|1
|move|p2a: Toxapex|Liquidation|p1a: Frozen Hell
|-resisted|p1a: Frozen Hell
|-damage|p1a: Frozen Hell|76/100
|
|-heal|p2a: Toxapex|88/100|[from] item: Black Sludge
|upkeep
|turn|8
|
|t:|1776290945
|move|p1a: Frozen Hell|Scale Shot|p2a: Toxapex|[miss]
|-miss|p1a: Frozen Hell|p2a: Toxapex
|move|p2a: Toxapex|Liquidation|p1a: Frozen Hell
|-resisted|p1a: Frozen Hell
|-damage|p1a: Frozen Hell|62/100
|-unboost|p1a: Frozen Hell|def|1
|
|-heal|p2a: Toxapex|94/100|[from] item: Black Sludge
|upkeep
|turn|9
|
|t:|1776290958
|move|p2a: Toxapex|Baneful Bunker|p2a: Toxapex
|-singleturn|p2a: Toxapex|move: Protect
|move|p1a: Frozen Hell|Scale Shot|p2a: Toxapex
|-activate|p2a: Toxapex|move: Protect
|
|-heal|p2a: Toxapex|100/100|[from] item: Black Sludge
|upkeep
|turn|10
|
|t:|1776290966
|move|p1a: Frozen Hell|Scale Shot|p2a: Toxapex
|-damage|p2a: Toxapex|76/100
|-damage|p2a: Toxapex|55/100
|-damage|p2a: Toxapex|32/100
|-damage|p2a: Toxapex|9/100
|-hitcount|p2a: Toxapex|4
|-unboost|p1a: Frozen Hell|def|1
|move|p2a: Toxapex|Liquidation|p1a: Frozen Hell
|-resisted|p1a: Frozen Hell
|-damage|p1a: Frozen Hell|40/100
|
|-heal|p2a: Toxapex|15/100|[from] item: Black Sludge
|upkeep
|turn|11
|
|t:|1776290974
|move|p2a: Toxapex|Baneful Bunker|p2a: Toxapex
|-singleturn|p2a: Toxapex|move: Protect
|move|p1a: Frozen Hell|Scale Shot|p2a: Toxapex
|-activate|p2a: Toxapex|move: Protect
|
|-heal|p2a: Toxapex|21/100|[from] item: Black Sludge
|upkeep
|turn|12
|
|t:|1776290990
|switch|p2a: Garganacl|Garganacl, M, shiny|100/100
|move|p1a: Frozen Hell|Icicle Spear|p2a: Garganacl
|-damage|p2a: Garganacl|81/100
|-damage|p2a: Garganacl|61/100
|-damage|p2a: Garganacl|43/100
|-damage|p2a: Garganacl|24/100
|-damage|p2a: Garganacl|4/100
|-hitcount|p2a: Garganacl|5
|
|-heal|p2a: Garganacl|10/100|[from] item: Leftovers
|upkeep
|turn|13
|
|t:|1776291008
|move|p2a: Garganacl|Protect|p2a: Garganacl
|-singleturn|p2a: Garganacl|Protect
|move|p1a: Frozen Hell|Icicle Spear|p2a: Garganacl
|-activate|p2a: Garganacl|move: Protect
|
|-heal|p2a: Garganacl|16/100|[from] item: Leftovers
|upkeep
|turn|14
|
|t:|1776291020
|move|p1a: Frozen Hell|Icicle Spear|p2a: Garganacl
|-damage|p2a: Garganacl|0 fnt
|faint|p2a: Garganacl
|-hitcount|p2: Garganacl|1
|
|upkeep
|
|t:|1776291025
|switch|p2a: Kingambit|Kingambit, F|100/100
|-activate|p2a: Kingambit|ability: Supreme Overlord
|-start|p2a: Kingambit|fallen1|[silent]
|turn|15
|
|t:|1776291097
|-terastallize|p1a: Frozen Hell|Ground
|-terastallize|p2a: Kingambit|Dark
|move|p2a: Kingambit|Sucker Punch|p1a: Frozen Hell
|-damage|p1a: Frozen Hell|0 fnt
|faint|p1a: Frozen Hell
|
|upkeep
|
|t:|1776291104
|switch|p1a: True Spiderman|Araquanid, M, shiny|100/100
|turn|16
|
|t:|1776291115
|move|p2a: Kingambit|Shadow Claw|p1a: True Spiderman
|-damage|p1a: True Spiderman|67/100
|move|p1a: True Spiderman|Sticky Web|p2a: Kingambit
|-sidestart|p2: killerfas|move: Sticky Web
|
|upkeep
|turn|17
|c|☆k1kayone|dont be so obvious
|
|t:|1776291130
|switch|p1a: Extinction Event|Great Tusk, shiny|100/100
|-enditem|p1a: Extinction Event|Booster Energy
|-activate|p1a: Extinction Event|ability: Protosynthesis|[fromitem]
|-start|p1a: Extinction Event|protosynthesisatk
|move|p2a: Kingambit|Shadow Claw|p1a: Extinction Event
|-damage|p1a: Extinction Event|82/100
|
|upkeep
|turn|18
|
|t:|1776291138
|-end|p2a: Kingambit|fallen1|[silent]
|switch|p2a: Gliscor|Gliscor, M, shiny|100/100 tox
|move|p1a: Extinction Event|Bulk Up|p1a: Extinction Event
|-boost|p1a: Extinction Event|atk|1
|-boost|p1a: Extinction Event|def|1
|
|upkeep
|turn|19
|
|t:|1776291152
|move|p2a: Gliscor|Stealth Rock|p1a: Extinction Event
|-sidestart|p1: k1kayone|move: Stealth Rock
|move|p1a: Extinction Event|Ice Spinner|p2a: Gliscor
|-supereffective|p2a: Gliscor
|-damage|p2a: Gliscor|0 fnt
|faint|p2a: Gliscor
|
|upkeep
|
|t:|1776291158
|switch|p2a: Greninja|Greninja, M, shiny|100/100
|-activate|p2a: Greninja|move: Sticky Web
|-unboost|p2a: Greninja|spe|1
|turn|20
|
|t:|1776291164
|move|p2a: Greninja|Ice Beam|p1a: Extinction Event
|-start|p2a: Greninja|typechange|Ice|[from] ability: Protean
|-supereffective|p1a: Extinction Event
|-damage|p1a: Extinction Event|0 fnt
|faint|p1a: Extinction Event
|-end|p1a: Extinction Event|Protosynthesis|[silent]
|
|upkeep
|
|t:|1776291178
|switch|p1a: I always go 1st|Iron Moth, shiny|100/100
|-damage|p1a: I always go 1st|76/100|[from] Stealth Rock
|-enditem|p1a: I always go 1st|Booster Energy
|-activate|p1a: I always go 1st|ability: Quark Drive|[fromitem]
|-start|p1a: I always go 1st|quarkdrivespa
|turn|21
|
|t:|1776291191
|switch|p2a: Toxapex|Toxapex, F|54/100
|-activate|p2a: Toxapex|move: Sticky Web
|-unboost|p2a: Toxapex|spe|1
|move|p1a: I always go 1st|Fiery Dance|p2a: Toxapex
|-resisted|p2a: Toxapex
|-damage|p2a: Toxapex|30/100
|-boost|p1a: I always go 1st|spa|1
|
|-heal|p2a: Toxapex|36/100|[from] item: Black Sludge
|upkeep
|turn|22
|
|t:|1776291211
|move|p1a: I always go 1st|Substitute|p1a: I always go 1st
|-start|p1a: I always go 1st|Substitute
|-damage|p1a: I always go 1st|51/100
|move|p2a: Toxapex|Recover|p2a: Toxapex
|-heal|p2a: Toxapex|86/100
|
|-heal|p2a: Toxapex|92/100|[from] item: Black Sludge
|upkeep
|turn|23
|
|t:|1776291231
|-end|p1a: I always go 1st|Quark Drive|[silent]
|switch|p1a: Gold Dingus|Gholdengo|100/100
|-damage|p1a: Gold Dingus|94/100|[from] Stealth Rock
|-item|p1a: Gold Dingus|Air Balloon
|move|p2a: Toxapex|Liquidation|p1a: Gold Dingus
|-damage|p1a: Gold Dingus|73/100
|-enditem|p1a: Gold Dingus|Air Balloon
|
|-heal|p2a: Toxapex|98/100|[from] item: Black Sludge
|upkeep
|turn|24
|
|t:|1776291242
|move|p1a: Gold Dingus|Nasty Plot|p1a: Gold Dingus
|-boost|p1a: Gold Dingus|spa|2
|move|p2a: Toxapex|Liquidation|p1a: Gold Dingus
|-damage|p1a: Gold Dingus|50/100
|
|-heal|p2a: Toxapex|100/100|[from] item: Black Sludge
|upkeep
|turn|25
|
|t:|1776291252
|move|p1a: Gold Dingus|Nasty Plot|p1a: Gold Dingus
|-boost|p1a: Gold Dingus|spa|2
|move|p2a: Toxapex|Liquidation|p1a: Gold Dingus
|-damage|p1a: Gold Dingus|28/100
|-unboost|p1a: Gold Dingus|def|1
|
|upkeep
|turn|26
|
|t:|1776291262
|move|p1a: Gold Dingus|Shadow Ball|p2a: Toxapex
|-damage|p2a: Toxapex|7/100
|move|p2a: Toxapex|Liquidation|p1a: Gold Dingus
|-damage|p1a: Gold Dingus|0 fnt
|faint|p1a: Gold Dingus
|
|-heal|p2a: Toxapex|13/100|[from] item: Black Sludge
|upkeep
|
|t:|1776291271
|switch|p1a: I always go 1st|Iron Moth, shiny|51/100
|-damage|p1a: I always go 1st|26/100|[from] Stealth Rock
|turn|27
|
|t:|1776291279
|move|p2a: Toxapex|Baneful Bunker|p2a: Toxapex
|-singleturn|p2a: Toxapex|move: Protect
|move|p1a: I always go 1st|Fiery Dance|p2a: Toxapex
|-activate|p2a: Toxapex|move: Protect
|
|-heal|p2a: Toxapex|19/100|[from] item: Black Sludge
|upkeep
|turn|28
|
|t:|1776291289
|move|p1a: I always go 1st|Energy Ball|p2a: Toxapex
|-damage|p2a: Toxapex|0 fnt
|faint|p2a: Toxapex
|
|upkeep
|
|t:|1776291292
|switch|p2a: Kingambit|Kingambit, F, tera:Dark|100/100
|-activate|p2a: Kingambit|move: Sticky Web
|-unboost|p2a: Kingambit|spe|1
|-activate|p2a: Kingambit|ability: Supreme Overlord
|-start|p2a: Kingambit|fallen3|[silent]
|turn|29
|
|t:|1776291301
|move|p1a: I always go 1st|Substitute|p1a: I always go 1st
|-start|p1a: I always go 1st|Substitute
|-damage|p1a: I always go 1st|1/100
|move|p2a: Kingambit|Swords Dance|p2a: Kingambit
|-boost|p2a: Kingambit|atk|2
|
|upkeep
|turn|30
|
|t:|1776291308
|move|p2a: Kingambit|Sucker Punch|p1a: I always go 1st
|-end|p1a: I always go 1st|Substitute
|move|p1a: I always go 1st|Dazzling Gleam|p2a: Kingambit
|-supereffective|p2a: Kingambit
|-damage|p2a: Kingambit|39/100
|
|upkeep
|turn|31
|
|t:|1776291316
|-end|p1a: I always go 1st|Quark Drive|[silent]
|switch|p1a: True Spiderman|Araquanid, M, shiny|67/100
|-damage|p1a: True Spiderman|42/100|[from] Stealth Rock
|move|p2a: Kingambit|Sucker Punch||[still]
|-fail|p2a: Kingambit
|
|upkeep
|turn|32
|
|t:|1776291326
|move|p1a: True Spiderman|Endure|p1a: True Spiderman
|-singleturn|p1a: True Spiderman|move: Endure
|move|p2a: Kingambit|Shadow Claw|p1a: True Spiderman
|-activate|p1a: True Spiderman|move: Endure
|-damage|p1a: True Spiderman|1/100
|
|upkeep
|turn|33
|-enditem|p1a: True Spiderman|Custap Berry|[eat]
|-activate|p1a: True Spiderman|item: Custap Berry|[consumed]
|
|t:|1776291337
|move|p1a: True Spiderman|Surf|p2a: Kingambit
|-crit|p2a: Kingambit
|-damage|p2a: Kingambit|0 fnt
|faint|p2a: Kingambit
|-end|p2a: Kingambit|fallen3|[silent]
|
|upkeep
|
|t:|1776291352
|switch|p2a: Meowscarada|Meowscarada, M, shiny|100/100
|turn|34
|
|t:|1776291367
|move|p2a: Meowscarada|Play Rough|p1a: True Spiderman|[miss]
|-start|p2a: Meowscarada|typechange|Fairy|[from] ability: Protean
|-miss|p2a: Meowscarada|p1a: True Spiderman
|move|p1a: True Spiderman|Endeavor|p2a: Meowscarada
|-damage|p2a: Meowscarada|1/100
|
|upkeep
|turn|35
|
|t:|1776291373
|move|p2a: Meowscarada|U-turn|p1a: True Spiderman
|-damage|p1a: True Spiderman|0 fnt
|faint|p1a: True Spiderman
|
|t:|1776291377
|switch|p2a: Greninja|Greninja, M, shiny|100/100|[from] U-turn
|-activate|p2a: Greninja|move: Sticky Web
|-unboost|p2a: Greninja|spe|1
|
|upkeep
|
|t:|1776291382
|switch|p1a: I always go 1st|Iron Moth, shiny|1/100
|-damage|p1a: I always go 1st|0 fnt|[from] Stealth Rock
|faint|p1a: I always go 1st
|-end|p1a: I always go 1st|Quark Drive|[silent]
|
|t:|1776291385
|switch|p1a: That is Enough|Kingambit, M|100/100
|-damage|p1a: That is Enough|94/100|[from] Stealth Rock
|-activate|p1a: That is Enough|ability: Supreme Overlord
|-start|p1a: That is Enough|fallen5|[silent]
|turn|36
|
|t:|1776291402
|move|p2a: Greninja|Water Shuriken|p1a: That is Enough
|-start|p2a: Greninja|typechange|Water|[from] ability: Protean
|-crit|p1a: That is Enough
|-damage|p1a: That is Enough|83/100
|-damage|p1a: That is Enough|75/100
|-damage|p1a: That is Enough|68/100
|-hitcount|p1a: That is Enough|3
|move|p1a: That is Enough|Swords Dance|p1a: That is Enough
|-boost|p1a: That is Enough|atk|2
|
|-heal|p1a: That is Enough|74/100|[from] item: Leftovers
|upkeep
|turn|37
|
|t:|1776291416
|move|p2a: Greninja|Water Shuriken|p1a: That is Enough
|-damage|p1a: That is Enough|67/100
|-damage|p1a: That is Enough|59/100
|-hitcount|p1a: That is Enough|2
|move|p1a: That is Enough|Kowtow Cleave|p2a: Greninja
|-damage|p2a: Greninja|0 fnt
|faint|p2a: Greninja
|
|-heal|p1a: That is Enough|65/100|[from] item: Leftovers
|upkeep
|
|t:|1776291423
|switch|p2a: Meowscarada|Meowscarada, M, shiny|1/100
|turn|38
|
|t:|1776291429
|move|p1a: That is Enough|Sucker Punch|p2a: Meowscarada
|-resisted|p2a: Meowscarada
|-damage|p2a: Meowscarada|0 fnt
|faint|p2a: Meowscarada
|
|win|k1kayone
|raw|k1kayone's rating: 1123 &rarr; <strong>1149</strong><br />(+26 for winning)
|raw|killerfas's rating: 1136 &rarr; <strong>1110</strong><br />(-26 for losing)
|l|☆killerfas
|player|p2|
