|html|<div class="broadcast-blue"><strong>[Gen 9] OU is currently suspecting Tera Blast! For information on how to participate check out the <a href="https://www.smogon.com/tools/suspects/view/200">suspect thread</a>.</strong></div>
|j|☆VeryDryWater
|j|☆Jonthan Ringo
|t:|1776083053
|gametype|singles
|player|p1|VeryDryWater|2|1226
|player|p2|Jonthan Ringo|lucas|1232
|gen|9
|tier|[Gen 9] OU
|rated|
|rule|HP Percentage Mod: HP is shown in percentages
|rule|Endless Battle Clause: Forcing endless battles is banned
|rule|Species Clause: Limit one of each Pokémon
|rule|OHKO Clause: OHKO moves are banned
|rule|Evasion Items Clause: Evasion items are banned
|rule|Evasion Moves Clause: Evasion moves are banned
|rule|Evasion Abilities Clause: Evasion abilities are banned
|rule|Sleep Moves Clause: Sleep-inducing moves are banned
|clearpoke
|poke|p1|Pelipper, F|
|poke|p1|Greninja-*, M|
|poke|p1|Barraskewda, M|
|poke|p1|Goodra-Hisui, M|
|poke|p1|Raging Bolt|
|poke|p1|Glimmora, M|
|poke|p2|Tyranitar, F|
|poke|p2|Sandslash, F|
|poke|p2|Arcanine-Hisui, F|
|poke|p2|Excadrill, M|
|poke|p2|Ogerpon-Wellspring, F|
|poke|p2|Iron Valiant|
|teampreview
|inactive|Battle timer is ON: inactive players will automatically lose when time's up. (requested by Jonthan Ringo)
|
|t:|1776083072
|teamsize|p1|6
|teamsize|p2|6
|start
|switch|p1a: Glimmora|Glimmora, M|100/100
|switch|p2a: Ogerpon|Ogerpon-Wellspring, F|100/100
|turn|1
|
|t:|1776083101
|move|p2a: Ogerpon|Ivy Cudgel|p1a: Glimmora|[anim] Ivy Cudgel Water
|-supereffective|p1a: Glimmora
|-enditem|p1a: Glimmora|Focus Sash
|-damage|p1a: Glimmora|1/100
|-activate|p1a: Glimmora|ability: Toxic Debris
|-sidestart|p2: Jonthan Ringo|move: Toxic Spikes
|move|p1a: Glimmora|Mortal Spin|p2a: Ogerpon
|-supereffective|p2a: Ogerpon
|-damage|p2a: Ogerpon|85/100
|-status|p2a: Ogerpon|psn
|
|-damage|p2a: Ogerpon|72/100 psn|[from] psn
|upkeep
|turn|2
|inactive|VeryDryWater has 120 seconds left.
|
|t:|1776083121
|move|p2a: Ogerpon|U-turn|p1a: Glimmora
|-resisted|p1a: Glimmora
|-damage|p1a: Glimmora|0 fnt
|-activate|p1a: Glimmora|ability: Toxic Debris
|-sidestart|p2: Jonthan Ringo|move: Toxic Spikes
|faint|p1a: Glimmora
|
|t:|1776083126
|switch|p2a: Excadrill|Excadrill, M|100/100|[from] U-turn
|-item|p2a: Excadrill|Air Balloon
|
|upkeep
|inactive|VeryDryWater has 120 seconds left.
|
|t:|1776083145
|switch|p1a: Pelipper|Pelipper, F|100/100
|-weather|RainDance|[from] ability: Drizzle|[of] p1a: Pelipper
|turn|3
|
|t:|1776083152
|move|p2a: Excadrill|Rapid Spin|p1a: Pelipper
|-damage|p1a: Pelipper|86/100
|-boost|p2a: Excadrill|spe|1
|-sideend|p2: Jonthan Ringo|Toxic Spikes|[from] move: Rapid Spin|[of] p2a: Excadrill
|move|p1a: Pelipper|Weather Ball|p2a: Excadrill
|-supereffective|p2a: Excadrill
|-damage|p2a: Excadrill|0 fnt
|-enditem|p2a: Excadrill|Air Balloon
|faint|p2a: Excadrill
|
|-weather|RainDance|[upkeep]
|upkeep
|
|t:|1776083161
|switch|p2a: Ogerpon|Ogerpon-Wellspring, F|72/100 psn
|turn|4
|
|t:|1776083168
|move|p2a: Ogerpon|Ivy Cudgel|p1a: Pelipper|[anim] Ivy Cudgel Water
|-resisted|p1a: Pelipper
|-damage|p1a: Pelipper|52/100
|move|p1a: Pelipper|Roost|p1a: Pelipper
|-heal|p1a: Pelipper|100/100
|-singleturn|p1a: Pelipper|move: Roost
|
|-weather|RainDance|[upkeep]
|-damage|p2a: Ogerpon|60/100 psn|[from] psn
|upkeep
|turn|5
|
|t:|1776083175
|switch|p2a: Tyranitar|Tyranitar, F|100/100
|-weather|Sandstorm|[from] ability: Sand Stream|[of] p2a: Tyranitar
|move|p1a: Pelipper|U-turn|p2a: Tyranitar
|-supereffective|p2a: Tyranitar
|-damage|p2a: Tyranitar|88/100
|
|t:|1776083186
|switch|p1a: Goodra|Goodra-Hisui, M|100/100|[from] U-turn
|
|-weather|Sandstorm|[upkeep]
|upkeep
|turn|6
|
|t:|1776083191
|move|p1a: Goodra|Flash Cannon|p2a: Tyranitar
|-supereffective|p2a: Tyranitar
|-damage|p2a: Tyranitar|54/100
|move|p2a: Tyranitar|Knock Off|p1a: Goodra
|-damage|p1a: Goodra|58/100
|-ability|p1a: Goodra|Gooey
|-unboost|p2a: Tyranitar|spe|1
|-enditem|p1a: Goodra|Assault Vest|[from] move: Knock Off|[of] p2a: Tyranitar
|
|-weather|Sandstorm|[upkeep]
|upkeep
|turn|7
|
|t:|1776083202
|switch|p2a: Ogerpon|Ogerpon-Wellspring, F|60/100 psn
|move|p1a: Goodra|Flash Cannon|p2a: Ogerpon
|-resisted|p2a: Ogerpon
|-damage|p2a: Ogerpon|35/100 psn
|
|-weather|Sandstorm|[upkeep]
|-damage|p2a: Ogerpon|29/100 psn|[from] Sandstorm
|-damage|p2a: Ogerpon|17/100 psn|[from] psn
|upkeep
|turn|8
|
|t:|1776083212
|move|p2a: Ogerpon|Play Rough|p1a: Goodra
|-damage|p1a: Goodra|22/100
|-ability|p1a: Goodra|Gooey
|-unboost|p2a: Ogerpon|spe|1
|move|p1a: Goodra|Flash Cannon|p2a: Ogerpon
|-resisted|p2a: Ogerpon
|-damage|p2a: Ogerpon|0 fnt
|faint|p2a: Ogerpon
|
|-weather|Sandstorm|[upkeep]
|upkeep
|
|t:|1776083216
|switch|p2a: Sandslash|Sandslash, F, shiny|100/100
|turn|9
|
|t:|1776083226
|move|p2a: Sandslash|Swords Dance|p2a: Sandslash
|-boost|p2a: Sandslash|atk|2
|move|p1a: Goodra|Draco Meteor|p2a: Sandslash
|-damage|p2a: Sandslash|0 fnt
|-unboost|p1a: Goodra|spa|2
|faint|p2a: Sandslash
|
|-weather|Sandstorm|[upkeep]
|upkeep
|
|t:|1776083231
|switch|p2a: Arcanine|Arcanine-Hisui, F|100/100
|turn|10
|
|t:|1776083238
|move|p2a: Arcanine|Flame Charge|p1a: Goodra
|-damage|p1a: Goodra|0 fnt
|-boost|p2a: Arcanine|spe|1
|-ability|p1a: Goodra|Gooey
|-unboost|p2a: Arcanine|spe|1
|faint|p1a: Goodra
|
|-weather|Sandstorm|[upkeep]
|upkeep
|
|t:|1776083241
|switch|p1a: Pelipper|Pelipper, F|100/100
|-weather|RainDance|[from] ability: Drizzle|[of] p1a: Pelipper
|turn|11
|
|t:|1776083245
|move|p2a: Arcanine|Head Smash|p1a: Pelipper
|-supereffective|p1a: Pelipper
|-damage|p1a: Pelipper|0 fnt
|faint|p1a: Pelipper
|
|-weather|RainDance|[upkeep]
|upkeep
|
|t:|1776083249
|switch|p1a: Barraskewda|Barraskewda, M|100/100
|turn|12
|
|t:|1776083252
|switch|p2a: Tyranitar|Tyranitar, F|54/100
|-weather|Sandstorm|[from] ability: Sand Stream|[of] p2a: Tyranitar
|-terastallize|p1a: Barraskewda|Water
|move|p1a: Barraskewda|Liquidation|p2a: Tyranitar
|-supereffective|p2a: Tyranitar
|-damage|p2a: Tyranitar|0 fnt
|faint|p2a: Tyranitar
|
|-weather|Sandstorm|[upkeep]
|-damage|p1a: Barraskewda|94/100|[from] Sandstorm
|upkeep
|
|t:|1776083254
|switch|p2a: Iron Valiant|Iron Valiant|100/100
|-enditem|p2a: Iron Valiant|Booster Energy
|-activate|p2a: Iron Valiant|ability: Quark Drive|[fromitem]
|-start|p2a: Iron Valiant|quarkdrivespe
|turn|13
|
|t:|1776083258
|move|p2a: Iron Valiant|Moonblast|p1a: Barraskewda
|-damage|p1a: Barraskewda|0 fnt
|faint|p1a: Barraskewda
|
|-weather|Sandstorm|[upkeep]
|-damage|p2a: Iron Valiant|94/100|[from] Sandstorm
|upkeep
|
|t:|1776083263
|switch|p1a: Greninja|Greninja, M|100/100
|turn|14
|
|t:|1776083273
|move|p2a: Iron Valiant|Moonblast|p1a: Greninja
|-supereffective|p1a: Greninja
|-damage|p1a: Greninja|0 fnt
|faint|p1a: Greninja
|
|-weather|Sandstorm|[upkeep]
|-damage|p2a: Iron Valiant|88/100|[from] Sandstorm
|upkeep
|-message|VeryDryWater forfeited.
|
|win|Jonthan Ringo
|raw|VeryDryWater's rating: 1251 &rarr; <strong>1225</strong><br />(-26 for losing)
|raw|Jonthan Ringo's rating: 1232 &rarr; <strong>1258</strong><br />(+26 for winning)
|l|☆VeryDryWater
|player|p1|
|l|☆Jonthan Ringo
|player|p2|
