|html|<div class="broadcast-blue"><strong>[Gen 9] OU is currently suspecting Tera Blast! For information on how to participate check out the <a href="https://www.smogon.com/tools/suspects/view/200">suspect thread</a>.</strong></div>
|j|☆Redwing99
|j|☆l3vics
|t:|1776054419
|gametype|singles
|player|p1|Redwing99|archer|1330
|player|p2|l3vics|galacticgruntf|1355
|gen|9
|tier|[Gen 9] OU
|rated|
|rule|HP Percentage Mod: HP is shown in percentages
|rule|Endless Battle Clause: Forcing endless battles is banned
|rule|Species Clause: Limit one of each Pokémon
|rule|OHKO Clause: OHKO moves are banned
|rule|Evasion Items Clause: Evasion items are banned
|rule|Evasion Moves Clause: Evasion moves are banned
|rule|Evasion Abilities Clause: Evasion abilities are banned
|rule|Sleep Moves Clause: Sleep-inducing moves are banned
|clearpoke
|poke|p1|Yanmega, M|
|poke|p1|Incineroar, M|
|poke|p1|Indeedee, M|
|poke|p1|Iron Boulder|
|poke|p1|Great Tusk|
|poke|p1|Ogerpon-Wellspring, F|
|poke|p2|Hydreigon, M|
|poke|p2|Scizor, F|
|poke|p2|Darkrai|
|poke|p2|Skeledirge, M|
|poke|p2|Tinkaton, F|
|poke|p2|Rotom-Wash|
|teampreview
|inactive|Battle timer is ON: inactive players will automatically lose when time's up. (requested by l3vics)
|
|t:|1776054429
|teamsize|p1|6
|teamsize|p2|6
|start
|switch|p1a: Ogerpon|Ogerpon-Wellspring, F|100/100
|switch|p2a: Scizor|Scizor, F|100/100
|turn|1
|
|t:|1776054433
|move|p1a: Ogerpon|U-turn|p2a: Scizor
|-resisted|p2a: Scizor
|-damage|p2a: Scizor|87/100
|
|t:|1776054437
|switch|p1a: Incineroar|Incineroar, M|100/100|[from] U-turn
|-ability|p1a: Incineroar|Intimidate|boost
|-unboost|p2a: Scizor|atk|1
|move|p2a: Scizor|U-turn|p1a: Incineroar
|-damage|p1a: Incineroar|62/100
|
|t:|1776054447
|switch|p2a: Hydreigon|Hydreigon, M|100/100|[from] U-turn
|
|upkeep
|turn|2
|
|t:|1776054455
|move|p2a: Hydreigon|Draco Meteor|p1a: Incineroar
|-damage|p1a: Incineroar|13/100
|-unboost|p2a: Hydreigon|spa|2
|move|p1a: Incineroar|Parting Shot|p2a: Hydreigon
|-unboost|p2a: Hydreigon|atk|1
|-unboost|p2a: Hydreigon|spa|1
|
|t:|1776054460
|switch|p1a: Yanmega|Yanmega, M|100/100|[from] Parting Shot
|
|upkeep
|turn|3
|
|t:|1776054474
|switch|p2a: Tinkaton|Tinkaton, F|100/100
|-ability|p2a: Tinkaton|Mold Breaker
|move|p1a: Yanmega|Bug Buzz|p2a: Tinkaton
|-resisted|p2a: Tinkaton
|-damage|p2a: Tinkaton|90/100
|-enditem|p1a: Yanmega|Throat Spray
|-boost|p1a: Yanmega|spa|1|[from] item: Throat Spray
|
|-ability|p1a: Yanmega|Speed Boost|boost
|-boost|p1a: Yanmega|spe|1
|upkeep
|turn|4
|
|t:|1776054490
|switch|p1a: Incineroar|Incineroar, M|13/100
|-ability|p1a: Incineroar|Intimidate|boost
|-unboost|p2a: Tinkaton|atk|1
|move|p2a: Tinkaton|Stealth Rock|p1a: Incineroar
|-sidestart|p1: Redwing99|move: Stealth Rock
|
|upkeep
|turn|5
|
|t:|1776054495
|move|p2a: Tinkaton|Play Rough|p1a: Incineroar
|-damage|p1a: Incineroar|0 fnt
|faint|p1a: Incineroar
|
|upkeep
|
|t:|1776054502
|switch|p1a: Great Tusk|Great Tusk|100/100
|-damage|p1a: Great Tusk|98/100|[from] Stealth Rock
|-enditem|p1a: Great Tusk|Booster Energy
|-activate|p1a: Great Tusk|ability: Protosynthesis|[fromitem]
|-start|p1a: Great Tusk|protosynthesisspe
|turn|6
|
|t:|1776054508
|switch|p2a: Rotom|Rotom-Wash|100/100
|move|p1a: Great Tusk|Rapid Spin|p2a: Rotom
|-damage|p2a: Rotom|88/100
|-boost|p1a: Great Tusk|spe|1
|-sideend|p1: Redwing99|Stealth Rock|[from] move: Rapid Spin|[of] p1a: Great Tusk
|
|upkeep
|turn|7
|
|t:|1776054514
|-end|p1a: Great Tusk|Protosynthesis|[silent]
|switch|p1a: Indeedee|Indeedee, M|100/100
|-fieldstart|move: Psychic Terrain|[from] ability: Psychic Surge|[of] p1a: Indeedee
|move|p2a: Rotom|Hydro Pump|p1a: Indeedee|[miss]
|-miss|p2a: Rotom|p1a: Indeedee
|
|upkeep
|turn|8
|
|t:|1776054522
|move|p1a: Indeedee|Dazzling Gleam|p2a: Rotom
|-damage|p2a: Rotom|61/100
|move|p2a: Rotom|Reflect|p2a: Rotom
|-sidestart|p2: l3vics|Reflect
|
|upkeep
|turn|9
|
|t:|1776054525
|move|p1a: Indeedee|Expanding Force|p2a: Rotom
|-damage|p2a: Rotom|0 fnt
|faint|p2a: Rotom
|
|upkeep
|
|t:|1776054535
|switch|p2a: Darkrai|Darkrai|100/100
|turn|10
|
|t:|1776054549
|move|p2a: Darkrai|Dark Pulse|p1a: Indeedee
|-supereffective|p1a: Indeedee
|-damage|p1a: Indeedee|0 fnt
|faint|p1a: Indeedee
|
|upkeep
|
|t:|1776054568
|switch|p1a: Yanmega|Yanmega, M|100/100
|turn|11
|
|t:|1776054572
|switch|p2a: Tinkaton|Tinkaton, F|90/100
|-ability|p2a: Tinkaton|Mold Breaker
|move|p1a: Yanmega|Protect||[still]
|-fail|p1a: Yanmega
|
|-ability|p1a: Yanmega|Speed Boost|boost
|-boost|p1a: Yanmega|spe|1
|upkeep
|turn|12
|
|t:|1776054581
|switch|p1a: Ogerpon|Ogerpon-Wellspring, F|100/100
|move|p2a: Tinkaton|Stealth Rock|p1a: Ogerpon
|-sidestart|p1: Redwing99|move: Stealth Rock
|
|upkeep
|turn|13
|
|t:|1776054585
|move|p1a: Ogerpon|Swords Dance|p1a: Ogerpon
|-boost|p1a: Ogerpon|atk|2
|move|p2a: Tinkaton|Thunder Wave|p1a: Ogerpon
|-status|p1a: Ogerpon|par
|
|upkeep
|turn|14
|
|t:|1776054591
|move|p2a: Tinkaton|Encore|p1a: Ogerpon
|-start|p1a: Ogerpon|Encore
|move|p1a: Ogerpon|Swords Dance|p1a: Ogerpon
|-boost|p1a: Ogerpon|atk|2
|
|-fieldend|move: Psychic Terrain
|upkeep
|turn|15
|
|t:|1776054595
|move|p2a: Tinkaton|Play Rough|p1a: Ogerpon|[miss]
|-miss|p2a: Tinkaton|p1a: Ogerpon
|move|p1a: Ogerpon|Swords Dance|p1a: Ogerpon
|-boost|p1a: Ogerpon|atk|2
|
|-sideend|p2: l3vics|Reflect
|upkeep
|turn|16
|
|t:|1776054600
|switch|p1a: Great Tusk|Great Tusk|98/100
|-damage|p1a: Great Tusk|95/100|[from] Stealth Rock
|move|p2a: Tinkaton|Play Rough|p1a: Great Tusk
|-supereffective|p1a: Great Tusk
|-damage|p1a: Great Tusk|64/100
|
|upkeep
|turn|17
|
|t:|1776054610
|move|p2a: Tinkaton|Play Rough|p1a: Great Tusk|[miss]
|-miss|p2a: Tinkaton|p1a: Great Tusk
|move|p1a: Great Tusk|Rapid Spin|p2a: Tinkaton
|-resisted|p2a: Tinkaton
|-damage|p2a: Tinkaton|82/100
|-boost|p1a: Great Tusk|spe|1
|-sideend|p1: Redwing99|Stealth Rock|[from] move: Rapid Spin|[of] p1a: Great Tusk
|
|upkeep
|turn|18
|
|t:|1776054618
|-end|p1a: Great Tusk|Protosynthesis|[silent]
|switch|p1a: Ogerpon|Ogerpon-Wellspring, F|100/100 par
|move|p2a: Tinkaton|Stealth Rock|p1a: Ogerpon
|-sidestart|p1: Redwing99|move: Stealth Rock
|
|upkeep
|turn|19
|
|t:|1776054621
|move|p2a: Tinkaton|Play Rough|p1a: Ogerpon|[miss]
|-miss|p2a: Tinkaton|p1a: Ogerpon
|move|p1a: Ogerpon|Ivy Cudgel|p2a: Tinkaton|[anim] Ivy Cudgel Water
|-damage|p2a: Tinkaton|18/100
|
|upkeep
|turn|20
|
|t:|1776054626
|move|p2a: Tinkaton|Play Rough|p1a: Ogerpon
|-damage|p1a: Ogerpon|66/100 par
|cant|p1a: Ogerpon|par
|
|upkeep
|turn|21
|
|t:|1776054629
|move|p2a: Tinkaton|Play Rough|p1a: Ogerpon
|-damage|p1a: Ogerpon|36/100 par
|move|p1a: Ogerpon|Ivy Cudgel|p2a: Tinkaton|[anim] Ivy Cudgel Water
|-crit|p2a: Tinkaton
|-damage|p2a: Tinkaton|0 fnt
|faint|p2a: Tinkaton
|
|upkeep
|
|t:|1776054632
|switch|p2a: Scizor|Scizor, F|87/100
|turn|22
|
|t:|1776054636
|switch|p1a: Great Tusk|Great Tusk|64/100
|-damage|p1a: Great Tusk|61/100|[from] Stealth Rock
|move|p2a: Scizor|U-turn|p1a: Great Tusk
|-resisted|p1a: Great Tusk
|-damage|p1a: Great Tusk|41/100
|
|t:|1776054641
|switch|p2a: Darkrai|Darkrai|100/100|[from] U-turn
|
|upkeep
|turn|23
|
|t:|1776054650
|move|p2a: Darkrai|Ice Beam|p1a: Great Tusk
|-supereffective|p1a: Great Tusk
|-damage|p1a: Great Tusk|0 fnt
|faint|p1a: Great Tusk
|-end|p1a: Great Tusk|Protosynthesis|[silent]
|
|upkeep
|
|t:|1776054660
|switch|p1a: Iron Boulder|Iron Boulder|100/100
|-damage|p1a: Iron Boulder|88/100|[from] Stealth Rock
|-enditem|p1a: Iron Boulder|Booster Energy
|-activate|p1a: Iron Boulder|ability: Quark Drive|[fromitem]
|-start|p1a: Iron Boulder|quarkdrivespe
|turn|24
|
|t:|1776054678
|-terastallize|p1a: Iron Boulder|Fighting
|move|p1a: Iron Boulder|Swords Dance|p1a: Iron Boulder
|-boost|p1a: Iron Boulder|atk|2
|move|p2a: Darkrai|Dark Pulse|p1a: Iron Boulder
|-resisted|p1a: Iron Boulder
|-damage|p1a: Iron Boulder|67/100
|
|upkeep
|turn|25
|
|t:|1776054695
|move|p1a: Iron Boulder|Mighty Cleave|p2a: Darkrai
|-damage|p2a: Darkrai|0 fnt
|faint|p2a: Darkrai
|
|upkeep
|
|t:|1776054698
|switch|p2a: Skeledirge|Skeledirge, M|100/100
|turn|26
|
|t:|1776054700
|move|p1a: Iron Boulder|Mighty Cleave|p2a: Skeledirge
|-supereffective|p2a: Skeledirge
|-damage|p2a: Skeledirge|25/100
|move|p2a: Skeledirge|Will-O-Wisp|p1a: Iron Boulder
|-status|p1a: Iron Boulder|brn
|
|-damage|p1a: Iron Boulder|60/100 brn|[from] brn
|upkeep
|turn|27
|
|t:|1776054705
|-terastallize|p2a: Skeledirge|Fairy
|move|p1a: Iron Boulder|Mighty Cleave|p2a: Skeledirge
|-damage|p2a: Skeledirge|6/100
|move|p2a: Skeledirge|Slack Off|p2a: Skeledirge
|-heal|p2a: Skeledirge|56/100
|
|-damage|p1a: Iron Boulder|54/100 brn|[from] brn
|upkeep
|turn|28
|-message|Redwing99 forfeited.
|
|win|l3vics
|raw|Redwing99's rating: 1330 &rarr; <strong>1311</strong><br />(-19 for losing)
|raw|l3vics's rating: 1355 &rarr; <strong>1374</strong><br />(+19 for winning)
|l|☆Redwing99
|player|p1|
|l|☆l3vics
|player|p2|
