|html|<div class="broadcast-blue"><strong>[Gen 9] OU is currently suspecting Tera Blast! For information on how to participate check out the <a href="https://www.smogon.com/tools/suspects/view/200">suspect thread</a>.</strong></div>
|j|☆Straw hat fox
|j|‽vanllesco
|t:|1776276889
|gametype|singles
|player|p1|Straw hat fox|shadowtriad|1414
|player|p2|vanllesco|hilbert|1382
|gen|9
|tier|[Gen 9] OU
|rated|
|rule|HP Percentage Mod: HP is shown in percentages
|rule|Endless Battle Clause: Forcing endless battles is banned
|rule|Species Clause: Limit one of each Pokémon
|rule|OHKO Clause: OHKO moves are banned
|rule|Evasion Items Clause: Evasion items are banned
|rule|Evasion Moves Clause: Evasion moves are banned
|rule|Evasion Abilities Clause: Evasion abilities are banned
|rule|Sleep Moves Clause: Sleep-inducing moves are banned
|clearpoke
|poke|p1|Great Tusk|
|poke|p1|Zapdos|
|poke|p1|Slowking-Galar, F|
|poke|p1|Hippowdon, F|
|poke|p1|Darkrai|
|poke|p1|Conkeldurr, M|
|poke|p2|Samurott-Hisui, M|
|poke|p2|Corviknight, M|
|poke|p2|Hatterene, F|
|poke|p2|Umbreon, F|
|poke|p2|Toxtricity-Low-Key, M|
|poke|p2|Garchomp, M|
|teampreview
|inactive|Battle timer is ON: inactive players will automatically lose when time's up. (requested by Straw hat fox)
|
|t:|1776276903
|teamsize|p1|6
|teamsize|p2|6
|start
|switch|p1a: Conkeldurr|Conkeldurr, M|100/100
|switch|p2a: Umbreon|Umbreon, F, shiny|100/100
|turn|1
|
|t:|1776276906
|switch|p2a: Corviknight|Corviknight, M|100/100
|move|p1a: Conkeldurr|Knock Off|p2a: Corviknight
|-damage|p2a: Corviknight|77/100
|-damage|p1a: Conkeldurr|84/100|[from] item: Rocky Helmet|[of] p2a: Corviknight
|-enditem|p2a: Corviknight|Rocky Helmet|[from] move: Knock Off|[of] p1a: Conkeldurr
|
|upkeep
|turn|2
|
|t:|1776276909
|move|p1a: Conkeldurr|Drain Punch|p2a: Corviknight
|-damage|p2a: Corviknight|44/100
|-heal|p1a: Conkeldurr|99/100|[from] drain|[of] p2a: Corviknight
|move|p2a: Corviknight|Brave Bird|p1a: Conkeldurr
|-supereffective|p1a: Conkeldurr
|-damage|p1a: Conkeldurr|30/100
|-damage|p2a: Corviknight|19/100|[from] Recoil
|
|upkeep
|turn|3
|
|t:|1776276917
|switch|p2a: Hatterene|Hatterene, F|100/100
|move|p1a: Conkeldurr|Drain Punch|p2a: Hatterene
|-resisted|p2a: Hatterene
|-damage|p2a: Hatterene|88/100
|-heal|p1a: Conkeldurr|35/100|[from] drain|[of] p2a: Hatterene
|
|upkeep
|turn|4
|
|t:|1776276922
|switch|p1a: Slowking|Slowking-Galar, F|100/100
|move|p2a: Hatterene|Draining Kiss|p1a: Slowking
|-resisted|p1a: Slowking
|-damage|p1a: Slowking|96/100
|-heal|p2a: Hatterene|92/100|[from] drain|[of] p1a: Slowking
|
|upkeep
|turn|5
|
|t:|1776276927
|switch|p2a: Corviknight|Corviknight, M|19/100
|switch|p1a: Conkeldurr|Conkeldurr, M|35/100
|
|upkeep
|turn|6
|
|t:|1776276941
|switch|p2a: Toxtricity|Toxtricity-Low-Key, M|100/100
|move|p1a: Conkeldurr|Drain Punch|p2a: Toxtricity
|-resisted|p2a: Toxtricity
|-crit|p2a: Toxtricity
|-damage|p2a: Toxtricity|35/100
|-heal|p1a: Conkeldurr|58/100|[from] drain|[of] p2a: Toxtricity
|
|upkeep
|turn|7
|
|t:|1776276947
|move|p2a: Toxtricity|Psychic Noise|p1a: Conkeldurr
|-supereffective|p1a: Conkeldurr
|-damage|p1a: Conkeldurr|3/100
|-start|p1a: Conkeldurr|move: Heal Block
|move|p1a: Conkeldurr|Knock Off|p2a: Toxtricity
|-damage|p2a: Toxtricity|0 fnt
|-enditem|p2a: Toxtricity|Choice Scarf|[from] move: Knock Off|[of] p1a: Conkeldurr
|faint|p2a: Toxtricity
|
|upkeep
|
|t:|1776276956
|switch|p2a: Garchomp|Garchomp, M|100/100
|turn|8
|
|t:|1776276965
|move|p2a: Garchomp|Scale Shot|p1a: Conkeldurr
|-damage|p1a: Conkeldurr|0 fnt
|faint|p1a: Conkeldurr
|-hitcount|p1: Conkeldurr|1
|-unboost|p2a: Garchomp|def|1
|-boost|p2a: Garchomp|spe|1
|
|upkeep
|
|t:|1776276976
|switch|p1a: Hippowdon|Hippowdon, F|100/100
|-weather|Sandstorm|[from] ability: Sand Stream|[of] p1a: Hippowdon
|turn|9
|
|t:|1776277001
|switch|p2a: Umbreon|Umbreon, F, shiny|100/100
|move|p1a: Hippowdon|Stealth Rock|p2a: Umbreon
|-sidestart|p2: vanllesco|move: Stealth Rock
|
|-weather|Sandstorm|[upkeep]
|-damage|p2a: Umbreon|94/100|[from] Sandstorm
|-heal|p2a: Umbreon|100/100|[from] item: Leftovers
|upkeep
|turn|10
|
|t:|1776277008
|switch|p1a: Slowking|Slowking-Galar, F|100/100
|move|p2a: Umbreon|Wish|p2a: Umbreon
|
|-weather|Sandstorm|[upkeep]
|-damage|p2a: Umbreon|94/100|[from] Sandstorm
|-damage|p1a: Slowking|94/100|[from] Sandstorm
|-heal|p2a: Umbreon|100/100|[from] item: Leftovers
|upkeep
|turn|11
|
|t:|1776277017
|move|p2a: Umbreon|Foul Play|p1a: Slowking
|-supereffective|p1a: Slowking
|-damage|p1a: Slowking|59/100
|move|p1a: Slowking|Flamethrower|p2a: Umbreon
|-damage|p2a: Umbreon|87/100
|
|-weather|Sandstorm|[upkeep]
|-damage|p2a: Umbreon|81/100|[from] Sandstorm
|-damage|p1a: Slowking|53/100|[from] Sandstorm
|-heal|p2a: Umbreon|100/100|[from] move: Wish|[wisher] Umbreon
|upkeep
|turn|12
|
|t:|1776277039
|switch|p1a: Darkrai|Darkrai|100/100
|move|p2a: Umbreon|Thunder Wave|p1a: Darkrai
|-status|p1a: Darkrai|par
|
|-weather|Sandstorm|[upkeep]
|-damage|p1a: Darkrai|94/100 par|[from] Sandstorm
|-damage|p2a: Umbreon|94/100|[from] Sandstorm
|-heal|p2a: Umbreon|100/100|[from] item: Leftovers
|upkeep
|turn|13
|
|t:|1776277048
|switch|p2a: Samurott|Samurott-Hisui, M|100/100
|-damage|p2a: Samurott|88/100|[from] Stealth Rock
|move|p1a: Darkrai|Ice Beam|p2a: Samurott
|-resisted|p2a: Samurott
|-damage|p2a: Samurott|54/100
|-damage|p1a: Darkrai|84/100 par|[from] item: Life Orb
|
|-weather|none
|-heal|p2a: Samurott|61/100|[from] item: Leftovers
|upkeep
|turn|14
|
|t:|1776277054
|move|p2a: Samurott|Sacred Sword|p1a: Darkrai
|-supereffective|p1a: Darkrai
|-damage|p1a: Darkrai|0 fnt
|faint|p1a: Darkrai
|
|-heal|p2a: Samurott|67/100|[from] item: Leftovers
|upkeep
|
|t:|1776277059
|switch|p1a: Zapdos|Zapdos|100/100
|turn|15
|
|t:|1776277067
|switch|p2a: Garchomp|Garchomp, M|100/100
|-damage|p2a: Garchomp|94/100|[from] Stealth Rock
|move|p1a: Zapdos|Hurricane|p2a: Garchomp
|-damage|p2a: Garchomp|24/100
|
|upkeep
|turn|16
|
|t:|1776277076
|move|p2a: Garchomp|Scale Shot|p1a: Zapdos
|-damage|p1a: Zapdos|88/100
|-damage|p1a: Zapdos|75/100
|-damage|p1a: Zapdos|62/100
|-damage|p1a: Zapdos|49/100
|-hitcount|p1a: Zapdos|4
|-unboost|p2a: Garchomp|def|1
|-boost|p2a: Garchomp|spe|1
|move|p1a: Zapdos|Hurricane|p2a: Garchomp|[miss]
|-miss|p1a: Zapdos|p2a: Garchomp
|
|upkeep
|turn|17
|
|t:|1776277084
|move|p2a: Garchomp|Scale Shot|p1a: Zapdos
|-damage|p1a: Zapdos|35/100
|-damage|p1a: Zapdos|22/100
|-damage|p1a: Zapdos|8/100
|-damage|p1a: Zapdos|0 fnt
|faint|p1a: Zapdos
|-hitcount|p1: Zapdos|4
|-unboost|p2a: Garchomp|def|1
|-boost|p2a: Garchomp|spe|1
|
|upkeep
|
|t:|1776277087
|switch|p1a: Great Tusk|Great Tusk|100/100
|-enditem|p1a: Great Tusk|Booster Energy
|-activate|p1a: Great Tusk|ability: Protosynthesis|[fromitem]
|-start|p1a: Great Tusk|protosynthesisspe
|turn|18
|
|t:|1776277105
|move|p2a: Garchomp|Earthquake|p1a: Great Tusk
|-damage|p1a: Great Tusk|66/100
|move|p1a: Great Tusk|Bulk Up|p1a: Great Tusk
|-boost|p1a: Great Tusk|atk|1
|-boost|p1a: Great Tusk|def|1
|
|upkeep
|turn|19
|
|t:|1776277115
|switch|p2a: Hatterene|Hatterene, F|92/100
|-damage|p2a: Hatterene|80/100|[from] Stealth Rock
|move|p1a: Great Tusk|Ice Spinner|p2a: Hatterene
|-damage|p2a: Hatterene|52/100
|
|upkeep
|turn|20
|
|t:|1776277120
|move|p1a: Great Tusk|Headlong Rush|p2a: Hatterene
|-damage|p2a: Hatterene|0 fnt
|-unboost|p1a: Great Tusk|def|1
|-unboost|p1a: Great Tusk|spd|1
|faint|p2a: Hatterene
|
|upkeep
|
|t:|1776277139
|switch|p2a: Corviknight|Corviknight, M|19/100
|-damage|p2a: Corviknight|7/100|[from] Stealth Rock
|turn|21
|
|t:|1776277144
|move|p1a: Great Tusk|Ice Spinner|p2a: Corviknight
|-damage|p2a: Corviknight|0 fnt
|faint|p2a: Corviknight
|
|upkeep
|
|t:|1776277151
|switch|p2a: Umbreon|Umbreon, F, shiny|100/100
|-damage|p2a: Umbreon|88/100|[from] Stealth Rock
|turn|22
|
|t:|1776277161
|move|p1a: Great Tusk|Bulk Up|p1a: Great Tusk
|-boost|p1a: Great Tusk|atk|1
|-boost|p1a: Great Tusk|def|1
|move|p2a: Umbreon|Foul Play|p1a: Great Tusk
|-resisted|p1a: Great Tusk
|-damage|p1a: Great Tusk|48/100
|
|-heal|p2a: Umbreon|94/100|[from] item: Leftovers
|upkeep
|turn|23
|
|t:|1776277167
|-terastallize|p1a: Great Tusk|Ground
|move|p1a: Great Tusk|Headlong Rush|p2a: Umbreon
|-damage|p2a: Umbreon|10/100
|-unboost|p1a: Great Tusk|def|1
|-unboost|p1a: Great Tusk|spd|1
|move|p2a: Umbreon|Foul Play|p1a: Great Tusk
|-damage|p1a: Great Tusk|0 fnt
|faint|p1a: Great Tusk
|-end|p1a: Great Tusk|Protosynthesis|[silent]
|
|-heal|p2a: Umbreon|16/100|[from] item: Leftovers
|upkeep
|
|t:|1776277175
|switch|p1a: Hippowdon|Hippowdon, F|100/100
|-weather|Sandstorm|[from] ability: Sand Stream|[of] p1a: Hippowdon
|turn|24
|
|t:|1776277181
|move|p2a: Umbreon|Wish|p2a: Umbreon
|move|p1a: Hippowdon|Earthquake|p2a: Umbreon
|-damage|p2a: Umbreon|0 fnt
|faint|p2a: Umbreon
|
|-weather|Sandstorm|[upkeep]
|upkeep
|
|t:|1776277187
|switch|p2a: Samurott|Samurott-Hisui, M|67/100
|-damage|p2a: Samurott|54/100|[from] Stealth Rock
|turn|25
|
|t:|1776277191
|move|p2a: Samurott|Razor Shell|p1a: Hippowdon
|-supereffective|p1a: Hippowdon
|-damage|p1a: Hippowdon|42/100
|-unboost|p1a: Hippowdon|def|1
|-damage|p2a: Samurott|38/100|[from] item: Rocky Helmet|[of] p1a: Hippowdon
|move|p1a: Hippowdon|Earthquake|p2a: Samurott
|-damage|p2a: Samurott|0 fnt
|faint|p2a: Samurott
|
|-weather|Sandstorm|[upkeep]
|upkeep
|
|t:|1776277200
|switch|p2a: Garchomp|Garchomp, M|24/100
|-damage|p2a: Garchomp|18/100|[from] Stealth Rock
|turn|26
|
|t:|1776277204
|move|p2a: Garchomp|Earthquake|p1a: Hippowdon
|-damage|p1a: Hippowdon|0 fnt
|faint|p1a: Hippowdon
|
|-weather|Sandstorm|[upkeep]
|upkeep
|
|t:|1776277206
|switch|p1a: Slowking|Slowking-Galar, F|86/100
|turn|27
|
|t:|1776277210
|move|p2a: Garchomp|Earthquake|p1a: Slowking
|-supereffective|p1a: Slowking
|-damage|p1a: Slowking|0 fnt
|faint|p1a: Slowking
|
|win|vanllesco
|raw|Straw hat fox's rating: 1414 &rarr; <strong>1392</strong><br />(-22 for losing)
|raw|vanllesco's rating: 1382 &rarr; <strong>1404</strong><br />(+22 for winning)
|l|☆Straw hat fox
|player|p1|
