|html|<div class="broadcast-blue"><strong>[Gen 9] OU is currently suspecting Tera Blast! For information on how to participate check out the <a href="https://www.smogon.com/tools/suspects/view/200">suspect thread</a>.</strong></div>
|j|‽RadiantSol
|j|☆no vale do fim
|t:|1776058782
|gametype|singles
|player|p1|RadiantSol|flint|1135
|player|p2|no vale do fim|roxie|1120
|gen|9
|tier|[Gen 9] OU
|rated|
|rule|HP Percentage Mod: HP is shown in percentages
|rule|Endless Battle Clause: Forcing endless battles is banned
|rule|Species Clause: Limit one of each Pokémon
|rule|OHKO Clause: OHKO moves are banned
|rule|Evasion Items Clause: Evasion items are banned
|rule|Evasion Moves Clause: Evasion moves are banned
|rule|Evasion Abilities Clause: Evasion abilities are banned
|rule|Sleep Moves Clause: Sleep-inducing moves are banned
|clearpoke
|poke|p1|Espeon, F|
|poke|p1|Ninetales, F|
|poke|p1|Leafeon, F|
|poke|p1|Corviknight, F|
|poke|p1|Quagsire, F|
|poke|p1|Blissey, F|
|poke|p2|Clawitzer, M|
|poke|p2|Kingambit, M|
|poke|p2|Hitmonlee, M|
|poke|p2|Galvantula, M|
|poke|p2|Krookodile, M|
|poke|p2|Chandelure, M|
|teampreview
|
|t:|1776058800
|teamsize|p1|6
|teamsize|p2|6
|start
|switch|p1a: Espeon|Espeon, F, shiny|100/100
|switch|p2a: Pernudo|Galvantula, M|100/100
|turn|1
|
|t:|1776058810
|move|p1a: Espeon|Calm Mind|p1a: Espeon
|-boost|p1a: Espeon|spa|1
|-boost|p1a: Espeon|spd|1
|move|p2a: Pernudo|Bug Buzz|p1a: Espeon
|-supereffective|p1a: Espeon
|-damage|p1a: Espeon|29/100
|
|-heal|p1a: Espeon|35/100|[from] item: Leftovers
|upkeep
|turn|2
|
|t:|1776058824
|-terastallize|p1a: Espeon|Fighting
|move|p1a: Espeon|Psyshock|p2a: Pernudo
|-enditem|p2a: Pernudo|Focus Sash
|-damage|p2a: Pernudo|1/100
|move|p2a: Pernudo|Bug Buzz|p1a: Espeon
|-resisted|p1a: Espeon
|-damage|p1a: Espeon|17/100
|
|-heal|p1a: Espeon|24/100|[from] item: Leftovers
|upkeep
|turn|3
|
|t:|1776058837
|switch|p2a: Shadow|Chandelure, M|100/100
|move|p1a: Espeon|Psyshock|p2a: Shadow
|-damage|p2a: Shadow|4/100
|
|-heal|p1a: Espeon|30/100|[from] item: Leftovers
|upkeep
|turn|4
|
|t:|1776058847
|move|p1a: Espeon|Psyshock|p2a: Shadow
|-damage|p2a: Shadow|0 fnt
|faint|p2a: Shadow
|
|-heal|p1a: Espeon|36/100|[from] item: Leftovers
|upkeep
|
|t:|1776058864
|switch|p2a: Shogun|Kingambit, M|100/100
|turn|5
|
|t:|1776058872
|move|p2a: Shogun|Sucker Punch||[still]
|-fail|p2a: Shogun
|move|p1a: Espeon|Substitute|p1a: Espeon
|-start|p1a: Espeon|Substitute
|-damage|p1a: Espeon|11/100
|
|-heal|p1a: Espeon|17/100|[from] item: Leftovers
|upkeep
|turn|6
|
|t:|1776058877
|move|p2a: Shogun|Sucker Punch|p1a: Espeon
|-resisted|p1a: Espeon
|-end|p1a: Espeon|Substitute
|move|p1a: Espeon|Tera Blast|p2a: Shogun|[anim] Tera Blast Fighting
|-supereffective|p2a: Shogun
|-damage|p2a: Shogun|0 fnt
|faint|p2a: Shogun
|
|-heal|p1a: Espeon|24/100|[from] item: Leftovers
|upkeep
|
|t:|1776058896
|switch|p2a: Rock lee|Hitmonlee, M, shiny|100/100
|turn|7
|
|t:|1776058901
|move|p2a: Rock lee|Endure|p2a: Rock lee
|-singleturn|p2a: Rock lee|move: Endure
|move|p1a: Espeon|Psyshock|p2a: Rock lee
|-supereffective|p2a: Rock lee
|-activate|p2a: Rock lee|move: Endure
|-damage|p2a: Rock lee|1/100
|-enditem|p2a: Rock lee|Liechi Berry|[eat]
|-boost|p2a: Rock lee|atk|1|[from] item: Liechi Berry
|
|-heal|p1a: Espeon|30/100|[from] item: Leftovers
|upkeep
|turn|8
|
|t:|1776058909
|switch|p1a: Corviknight|Corviknight, F|100/100
|-ability|p1a: Corviknight|Pressure
|move|p2a: Rock lee|Reversal|p1a: Corviknight
|-damage|p1a: Corviknight|0 fnt
|-damage|p2a: Rock lee|0 fnt|[from] item: Rocky Helmet|[of] p1a: Corviknight
|faint|p1a: Corviknight
|faint|p2a: Rock lee
|
|upkeep
|
|t:|1776058924
|switch|p2a: Lacoste|Krookodile, M|100/100
|switch|p1a: Espeon|Espeon, F, shiny, tera:Fighting|30/100
|turn|9
|
|t:|1776058943
|-terastallize|p2a: Lacoste|Ground
|move|p1a: Espeon|Tera Blast|p2a: Lacoste|[anim] Tera Blast Fighting
|-damage|p2a: Lacoste|42/100
|move|p2a: Lacoste|Scale Shot|p1a: Espeon
|-damage|p1a: Espeon|13/100
|-damage|p1a: Espeon|0 fnt
|faint|p1a: Espeon
|-hitcount|p1: Espeon|2
|-unboost|p2a: Lacoste|def|1
|-boost|p2a: Lacoste|spe|1
|
|upkeep
|
|t:|1776058954
|switch|p1a: Quagsire|Quagsire, F|100/100
|turn|10
|
|t:|1776058957
|move|p2a: Lacoste|Fling|p1a: Quagsire
|-damage|p1a: Quagsire|96/100
|-start|p1a: Quagsire|move: Focus Energy
|-enditem|p2a: Lacoste|Lansat Berry|[from] move: Fling
|move|p1a: Quagsire|Liquidation|p2a: Lacoste
|-supereffective|p2a: Lacoste
|-damage|p2a: Lacoste|0 fnt
|faint|p2a: Lacoste
|
|upkeep
|
|t:|1776058970
|switch|p2a: Pernudo|Galvantula, M|1/100
|turn|11
|
|t:|1776058982
|move|p2a: Pernudo|Sticky Web|p1a: Quagsire
|-sidestart|p1: RadiantSol|move: Sticky Web
|move|p1a: Quagsire|Liquidation|p2a: Pernudo
|-damage|p2a: Pernudo|0 fnt
|faint|p2a: Pernudo
|
|upkeep
|-message|no vale do fim forfeited.
|
|win|RadiantSol
|raw|RadiantSol's rating: 1135 &rarr; <strong>1159</strong><br />(+24 for winning)
|raw|no vale do fim's rating: 1120 &rarr; <strong>1096</strong><br />(-24 for losing)
|l|☆no vale do fim
|player|p2|
|l|‽RadiantSol
|player|p1|
