|html|<div class="broadcast-blue"><strong>[Gen 9] OU is currently suspecting Tera Blast! For information on how to participate check out the <a href="https://www.smogon.com/tools/suspects/view/200">suspect thread</a>.</strong></div>
|j|☆vzn.exe
|j|☆Tedanatar
|t:|1776081596
|gametype|singles
|player|p1|vzn.exe|lusamine-nihilego|1456
|player|p2|Tedanatar|2|1447
|gen|9
|tier|[Gen 9] OU
|rated|
|rule|HP Percentage Mod: HP is shown in percentages
|rule|Endless Battle Clause: Forcing endless battles is banned
|rule|Species Clause: Limit one of each Pokémon
|rule|OHKO Clause: OHKO moves are banned
|rule|Evasion Items Clause: Evasion items are banned
|rule|Evasion Moves Clause: Evasion moves are banned
|rule|Evasion Abilities Clause: Evasion abilities are banned
|rule|Sleep Moves Clause: Sleep-inducing moves are banned
|clearpoke
|poke|p1|Ting-Lu|
|poke|p1|Zamazenta-*|
|poke|p1|Ogerpon-Wellspring, F|
|poke|p1|Dragonite, F|
|poke|p1|Gholdengo|
|poke|p1|Iron Treads|
|poke|p2|Zamazenta-*|
|poke|p2|Glimmora, F|
|poke|p2|Iron Crown|
|poke|p2|Araquanid, M|
|poke|p2|Ceruledge, M|
|poke|p2|Iron Valiant|
|teampreview
|
|t:|1776081615
|teamsize|p1|6
|teamsize|p2|6
|start
|switch|p1a: Dragonite|Dragonite, F|100/100
|switch|p2a: Araquanid|Araquanid, M|100/100
|turn|1
|inactive|Battle timer is ON: inactive players will automatically lose when time's up. (requested by vzn.exe)
|
|t:|1776081631
|move|p1a: Dragonite|Dragon Dance|p1a: Dragonite
|-boost|p1a: Dragonite|atk|1
|-boost|p1a: Dragonite|spe|1
|move|p2a: Araquanid|Sticky Web|p1a: Dragonite
|-sidestart|p1: vzn.exe|move: Sticky Web
|
|upkeep
|turn|2
|
|t:|1776081648
|switch|p2a: Zamazenta|Zamazenta|100/100
|-ability|p2a: Zamazenta|Dauntless Shield|boost
|-boost|p2a: Zamazenta|def|1
|move|p1a: Dragonite|Dragon Dance|p1a: Dragonite
|-boost|p1a: Dragonite|atk|1
|-boost|p1a: Dragonite|spe|1
|
|upkeep
|turn|3
|
|t:|1776081665
|move|p1a: Dragonite|Earthquake|p2a: Zamazenta
|-damage|p2a: Zamazenta|71/100
|move|p2a: Zamazenta|Iron Defense|p2a: Zamazenta
|-boost|p2a: Zamazenta|def|2
|
|-heal|p2a: Zamazenta|77/100|[from] item: Leftovers
|upkeep
|turn|4
|
|t:|1776081682
|move|p1a: Dragonite|Earthquake|p2a: Zamazenta
|-damage|p2a: Zamazenta|62/100
|move|p2a: Zamazenta|Iron Defense|p2a: Zamazenta
|-boost|p2a: Zamazenta|def|2
|
|-heal|p2a: Zamazenta|68/100|[from] item: Leftovers
|upkeep
|turn|5
|inactive|vzn.exe has 120 seconds left.
|
|t:|1776081699
|switch|p1a: Gholdengo|Gholdengo|100/100
|-activate|p1a: Gholdengo|move: Sticky Web
|-unboost|p1a: Gholdengo|spe|1
|move|p2a: Zamazenta|Substitute|p2a: Zamazenta
|-start|p2a: Zamazenta|Substitute
|-damage|p2a: Zamazenta|43/100
|
|-heal|p2a: Zamazenta|49/100|[from] item: Leftovers
|upkeep
|turn|6
|inactive|vzn.exe has 120 seconds left.
|
|t:|1776081716
|switch|p1a: Zamazenta|Zamazenta|100/100
|-activate|p1a: Zamazenta|move: Sticky Web
|-unboost|p1a: Zamazenta|spe|1
|-ability|p1a: Zamazenta|Dauntless Shield|boost
|-boost|p1a: Zamazenta|def|1
|move|p2a: Zamazenta|Crunch|p1a: Zamazenta
|-resisted|p1a: Zamazenta
|-damage|p1a: Zamazenta|95/100
|-unboost|p1a: Zamazenta|def|1
|
|-heal|p2a: Zamazenta|55/100|[from] item: Leftovers
|-heal|p1a: Zamazenta|100/100|[from] item: Leftovers
|upkeep
|turn|7
|inactive|vzn.exe has 120 seconds left.
|
|t:|1776081724
|move|p2a: Zamazenta|Body Press|p1a: Zamazenta
|-damage|p1a: Zamazenta|9/100
|move|p1a: Zamazenta|Roar|p2a: Zamazenta
|drag|p2a: Ceruledge|Ceruledge, M|100/100
|
|-heal|p1a: Zamazenta|15/100|[from] item: Leftovers
|upkeep
|turn|8
|inactive|vzn.exe has 120 seconds left.
|
|t:|1776081741
|move|p2a: Ceruledge|Swords Dance|p2a: Ceruledge
|-boost|p2a: Ceruledge|atk|2
|move|p1a: Zamazenta|Body Press|p2a: Ceruledge
|-immune|p2a: Ceruledge
|
|-heal|p1a: Zamazenta|21/100|[from] item: Leftovers
|upkeep
|turn|9
|inactive|vzn.exe has 120 seconds left.
|
|t:|1776081758
|move|p2a: Ceruledge|Bitter Blade|p1a: Zamazenta
|-damage|p1a: Zamazenta|0 fnt
|faint|p1a: Zamazenta
|-damage|p2a: Ceruledge|91/100|[from] item: Life Orb
|
|upkeep
|
|t:|1776081776
|switch|p1a: Dragonite|Dragonite, F|100/100
|turn|10
|
|t:|1776081792
|-terastallize|p2a: Ceruledge|Bug
|move|p2a: Ceruledge|Bitter Blade|p1a: Dragonite
|-resisted|p1a: Dragonite
|-damage|p1a: Dragonite|79/100
|-heal|p2a: Ceruledge|100/100|[from] drain|[of] p1a: Dragonite
|-damage|p2a: Ceruledge|91/100|[from] item: Life Orb
|move|p1a: Dragonite|Earthquake|p2a: Ceruledge
|-resisted|p2a: Ceruledge
|-damage|p2a: Ceruledge|71/100
|
|upkeep
|turn|11
|inactive|vzn.exe has 90 seconds left.
|
|t:|1776081811
|move|p2a: Ceruledge|Bitter Blade|p1a: Dragonite
|-resisted|p1a: Dragonite
|-damage|p1a: Dragonite|33/100
|-heal|p2a: Ceruledge|100/100|[from] drain|[of] p1a: Dragonite
|-damage|p2a: Ceruledge|91/100|[from] item: Life Orb
|move|p1a: Dragonite|Roost|p1a: Dragonite
|-heal|p1a: Dragonite|83/100
|-singleturn|p1a: Dragonite|move: Roost
|
|upkeep
|turn|12
|inactive|vzn.exe has 90 seconds left.
|
|t:|1776081828
|move|p2a: Ceruledge|Swords Dance|p2a: Ceruledge
|-boost|p2a: Ceruledge|atk|2
|move|p1a: Dragonite|Roost|p1a: Dragonite
|-heal|p1a: Dragonite|100/100
|-singleturn|p1a: Dragonite|move: Roost
|
|upkeep
|turn|13
|inactive|vzn.exe has 90 seconds left.
|
|t:|1776081845
|switch|p1a: Ogerpon|Ogerpon-Wellspring, F|100/100
|-activate|p1a: Ogerpon|move: Sticky Web
|-unboost|p1a: Ogerpon|spe|1
|move|p2a: Ceruledge|Bitter Blade|p1a: Ogerpon
|-damage|p1a: Ogerpon|0 fnt
|-heal|p2a: Ceruledge|100/100|[from] drain|[of] p1a: Ogerpon
|faint|p1a: Ogerpon
|-damage|p2a: Ceruledge|91/100|[from] item: Life Orb
|
|upkeep
|
|t:|1776081862
|switch|p1a: Ting-Lu|Ting-Lu|100/100
|-activate|p1a: Ting-Lu|move: Sticky Web
|-unboost|p1a: Ting-Lu|spe|1
|-ability|p1a: Ting-Lu|Vessel of Ruin
|turn|14
|
|t:|1776081879
|move|p2a: Ceruledge|Close Combat|p1a: Ting-Lu
|-supereffective|p1a: Ting-Lu
|-damage|p1a: Ting-Lu|0 fnt
|-unboost|p2a: Ceruledge|def|1
|-unboost|p2a: Ceruledge|spd|1
|faint|p1a: Ting-Lu
|-damage|p2a: Ceruledge|81/100|[from] item: Life Orb
|
|upkeep
|
|t:|1776081888
|switch|p1a: Dragonite|Dragonite, F|100/100
|turn|15
|
|t:|1776081897
|move|p2a: Ceruledge|Bitter Blade|p1a: Dragonite
|-resisted|p1a: Dragonite
|-damage|p1a: Dragonite|68/100
|-heal|p2a: Ceruledge|100/100|[from] drain|[of] p1a: Dragonite
|-damage|p2a: Ceruledge|91/100|[from] item: Life Orb
|move|p1a: Dragonite|Roost|p1a: Dragonite
|-heal|p1a: Dragonite|100/100
|-singleturn|p1a: Dragonite|move: Roost
|
|upkeep
|turn|16
|
|t:|1776081907
|move|p2a: Ceruledge|Bitter Blade|p1a: Dragonite
|-resisted|p1a: Dragonite
|-damage|p1a: Dragonite|67/100
|-heal|p2a: Ceruledge|100/100|[from] drain|[of] p1a: Dragonite
|-damage|p2a: Ceruledge|91/100|[from] item: Life Orb
|move|p1a: Dragonite|Roost|p1a: Dragonite
|-heal|p1a: Dragonite|100/100
|-singleturn|p1a: Dragonite|move: Roost
|
|upkeep
|turn|17
|
|t:|1776081916
|switch|p1a: Gholdengo|Gholdengo|100/100
|-activate|p1a: Gholdengo|move: Sticky Web
|-unboost|p1a: Gholdengo|spe|1
|move|p2a: Ceruledge|Bitter Blade|p1a: Gholdengo
|-supereffective|p1a: Gholdengo
|-damage|p1a: Gholdengo|0 fnt
|-heal|p2a: Ceruledge|100/100|[from] drain|[of] p1a: Gholdengo
|faint|p1a: Gholdengo
|-damage|p2a: Ceruledge|91/100|[from] item: Life Orb
|
|upkeep
|
|t:|1776081925
|switch|p1a: Dragonite|Dragonite, F|100/100
|turn|18
|
|t:|1776081934
|switch|p1a: Iron Treads|Iron Treads|100/100
|-item|p1a: Iron Treads|Air Balloon
|move|p2a: Ceruledge|Bitter Blade|p1a: Iron Treads
|-supereffective|p1a: Iron Treads
|-damage|p1a: Iron Treads|0 fnt
|-heal|p2a: Ceruledge|100/100|[from] drain|[of] p1a: Iron Treads
|-enditem|p1a: Iron Treads|Air Balloon
|faint|p1a: Iron Treads
|-end|p1a: Iron Treads|Quark Drive|[silent]
|-damage|p2a: Ceruledge|91/100|[from] item: Life Orb
|
|upkeep
|
|t:|1776081943
|switch|p1a: Dragonite|Dragonite, F|100/100
|turn|19
|inactive|vzn.exe has 90 seconds left.
|
|t:|1776081951
|move|p2a: Ceruledge|Bitter Blade|p1a: Dragonite
|-resisted|p1a: Dragonite
|-damage|p1a: Dragonite|65/100
|-heal|p2a: Ceruledge|100/100|[from] drain|[of] p1a: Dragonite
|-damage|p2a: Ceruledge|91/100|[from] item: Life Orb
|move|p1a: Dragonite|Tera Blast|p2a: Ceruledge
|-damage|p2a: Ceruledge|61/100
|
|upkeep
|turn|20
|
|t:|1776081959
|move|p2a: Ceruledge|Bitter Blade|p1a: Dragonite
|-resisted|p1a: Dragonite
|-damage|p1a: Dragonite|0 fnt
|-heal|p2a: Ceruledge|100/100|[from] drain|[of] p1a: Dragonite
|faint|p1a: Dragonite
|-damage|p2a: Ceruledge|91/100|[from] item: Life Orb
|
|win|Tedanatar
|raw|vzn.exe's rating: 1456 &rarr; <strong>1435</strong><br />(-21 for losing)
|raw|Tedanatar's rating: 1447 &rarr; <strong>1468</strong><br />(+21 for winning)
