|html|<div class="broadcast-blue"><strong>[Gen 9] OU is currently suspecting Tera Blast! For information on how to participate check out the <a href="https://www.smogon.com/tools/suspects/view/200">suspect thread</a>.</strong></div>
|j|☆decidueyebadlol
|j|☆the fool of april
|t:|1776205329
|gametype|singles
|player|p1|decidueyebadlol|2|1310
|player|p2|the fool of april|clown|1277
|gen|9
|tier|[Gen 9] OU
|rated|
|rule|HP Percentage Mod: HP is shown in percentages
|rule|Endless Battle Clause: Forcing endless battles is banned
|rule|Species Clause: Limit one of each Pokémon
|rule|OHKO Clause: OHKO moves are banned
|rule|Evasion Items Clause: Evasion items are banned
|rule|Evasion Moves Clause: Evasion moves are banned
|rule|Evasion Abilities Clause: Evasion abilities are banned
|rule|Sleep Moves Clause: Sleep-inducing moves are banned
|clearpoke
|poke|p1|Decidueye-Hisui, M|
|poke|p1|Indeedee, M|
|poke|p1|Hatterene, F|
|poke|p1|Polteageist|
|poke|p1|Armarouge, F|
|poke|p1|Maushold-Four|
|poke|p2|Porygon2|
|poke|p2|Glaceon, F|
|poke|p2|Palossand, F|
|poke|p2|Weezing-Galar, F|
|poke|p2|Goodra-Hisui, F|
|poke|p2|Great Tusk|
|teampreview
|inactive|Battle timer is ON: inactive players will automatically lose when time's up. (requested by the fool of april)
|
|t:|1776205338
|teamsize|p1|6
|teamsize|p2|6
|start
|switch|p1a: Indeedee|Indeedee, M|100/100
|switch|p2a: Mr. Ducky|Porygon2, shiny|100/100
|-fieldstart|move: Psychic Terrain|[from] ability: Psychic Surge|[of] p1a: Indeedee
|turn|1
|
|t:|1776205346
|switch|p1a: Hatterene|Hatterene, F|100/100
|move|p2a: Mr. Ducky|Tera Blast|p1a: Hatterene
|-damage|p1a: Hatterene|44/100
|-enditem|p1a: Hatterene|Eject Button
|
|t:|1776205359
|switch|p1a: Armarouge|Armarouge, F|100/100
|
|upkeep
|turn|2
|
|t:|1776205364
|-terastallize|p2a: Mr. Ducky|Ghost
|move|p1a: Armarouge|Expanding Force|p2a: Mr. Ducky
|-damage|p2a: Mr. Ducky|46/100
|move|p2a: Mr. Ducky|Tera Blast|p1a: Armarouge|[anim] Tera Blast Ghost
|-supereffective|p1a: Armarouge
|-damage|p1a: Armarouge|0 fnt
|faint|p1a: Armarouge
|
|upkeep
|
|t:|1776205371
|switch|p1a: Maushold|Maushold-Four|100/100
|turn|3
|
|t:|1776205375
|switch|p2a: god's fury|Palossand, F|100/100
|move|p1a: Maushold|Tidy Up|p1a: Maushold
|-boost|p1a: Maushold|atk|1
|-boost|p1a: Maushold|spe|1
|
|upkeep
|turn|4
|
|t:|1776205378
|move|p1a: Maushold|Bite|p2a: god's fury
|-supereffective|p2a: god's fury
|-damage|p2a: god's fury|59/100
|-damage|p1a: Maushold|84/100|[from] item: Rocky Helmet|[of] p2a: god's fury
|move|p2a: god's fury|Scorching Sands|p1a: Maushold
|-crit|p1a: Maushold
|-damage|p1a: Maushold|25/100
|
|upkeep
|turn|5
|
|t:|1776205386
|move|p1a: Maushold|Bite|p2a: god's fury
|-supereffective|p2a: god's fury
|-damage|p2a: god's fury|21/100
|-damage|p1a: Maushold|8/100|[from] item: Rocky Helmet|[of] p2a: god's fury
|move|p2a: god's fury|Scorching Sands|p1a: Maushold
|-damage|p1a: Maushold|0 fnt
|faint|p1a: Maushold
|
|upkeep
|
|t:|1776205402
|switch|p1a: Indeedee|Indeedee, M|100/100
|turn|6
|
|t:|1776205404
|move|p1a: Indeedee|Expanding Force|p2a: god's fury
|-damage|p2a: god's fury|0 fnt
|faint|p2a: god's fury
|
|upkeep
|
|t:|1776205410
|switch|p2a: forbidden tech|Goodra-Hisui, F|100/100
|turn|7
|
|t:|1776205414
|move|p1a: Indeedee|Expanding Force|p2a: forbidden tech
|-resisted|p2a: forbidden tech
|-damage|p2a: forbidden tech|87/100
|move|p2a: forbidden tech|Curse|p2a: forbidden tech
|-unboost|p2a: forbidden tech|spe|1
|-boost|p2a: forbidden tech|atk|1
|-boost|p2a: forbidden tech|def|1
|
|-heal|p2a: forbidden tech|93/100|[from] item: Leftovers
|upkeep
|turn|8
|
|t:|1776205419
|move|p1a: Indeedee|Encore|p2a: forbidden tech
|-start|p2a: forbidden tech|Encore
|move|p2a: forbidden tech|Curse|p2a: forbidden tech
|-unboost|p2a: forbidden tech|spe|1
|-boost|p2a: forbidden tech|atk|1
|-boost|p2a: forbidden tech|def|1
|
|-heal|p2a: forbidden tech|99/100|[from] item: Leftovers
|-fieldend|move: Psychic Terrain
|upkeep
|turn|9
|
|t:|1776205422
|switch|p1a: Decidueye|Decidueye-Hisui, M|100/100
|move|p2a: forbidden tech|Curse|p2a: forbidden tech
|-unboost|p2a: forbidden tech|spe|1
|-boost|p2a: forbidden tech|atk|1
|-boost|p2a: forbidden tech|def|1
|
|-heal|p2a: forbidden tech|100/100|[from] item: Leftovers
|upkeep
|turn|10
|
|t:|1776205425
|move|p1a: Decidueye|Triple Arrows|p2a: forbidden tech
|-supereffective|p2a: forbidden tech
|-damage|p2a: forbidden tech|75/100
|-unboost|p2a: forbidden tech|def|1
|cant|p2a: forbidden tech|flinch
|
|-heal|p2a: forbidden tech|81/100|[from] item: Leftovers
|-end|p2a: forbidden tech|Encore
|upkeep
|turn|11
|
|t:|1776205431
|switch|p1a: Hatterene|Hatterene, F|44/100
|move|p2a: forbidden tech|Gyro Ball|p1a: Hatterene
|-supereffective|p1a: Hatterene
|-damage|p1a: Hatterene|0 fnt
|faint|p1a: Hatterene
|
|-heal|p2a: forbidden tech|87/100|[from] item: Leftovers
|upkeep
|-message|decidueyebadlol forfeited.
|
|win|the fool of april
|raw|decidueyebadlol's rating: 1310 &rarr; <strong>1288</strong><br />(-22 for losing)
|raw|the fool of april's rating: 1277 &rarr; <strong>1304</strong><br />(+27 for winning)
|l|☆decidueyebadlol
|player|p1|
