|html|<div class="broadcast-blue"><strong>[Gen 9] OU is currently suspecting Tera Blast! For information on how to participate check out the <a href="https://www.smogon.com/tools/suspects/view/200">suspect thread</a>.</strong></div>
|j|☆jimborri
|j|☆Seiya Mashiro
|t:|1776071006
|gametype|singles
|player|p1|jimborri|blackbelt|1199
|player|p2|Seiya Mashiro|swimmerf-gen4dp|1266
|gen|9
|tier|[Gen 9] OU
|rated|
|rule|HP Percentage Mod: HP is shown in percentages
|rule|Endless Battle Clause: Forcing endless battles is banned
|rule|Species Clause: Limit one of each Pokémon
|rule|OHKO Clause: OHKO moves are banned
|rule|Evasion Items Clause: Evasion items are banned
|rule|Evasion Moves Clause: Evasion moves are banned
|rule|Evasion Abilities Clause: Evasion abilities are banned
|rule|Sleep Moves Clause: Sleep-inducing moves are banned
|clearpoke
|poke|p1|Jolteon, F|
|poke|p1|Skeledirge, M|
|poke|p1|Forretress, M|
|poke|p1|Hitmonlee, M|
|poke|p1|Hydrapple, F|
|poke|p1|Cloyster, F|
|poke|p2|Great Tusk|
|poke|p2|Meowscarada, F|
|poke|p2|Torkoal, F|
|poke|p2|Hatterene, F|
|poke|p2|Walking Wake|
|poke|p2|Typhlosion-Hisui, F|
|teampreview
|inactive|Battle timer is ON: inactive players will automatically lose when time's up. (requested by Seiya Mashiro)
|
|t:|1776071013
|teamsize|p1|6
|teamsize|p2|6
|start
|switch|p1a: Skeledirge|Skeledirge, M|100/100
|switch|p2a: Torkoal|Torkoal, F|100/100
|-weather|SunnyDay|[from] ability: Drought|[of] p2a: Torkoal
|turn|1
|
|t:|1776071017
|move|p1a: Skeledirge|Alluring Voice|p2a: Torkoal
|-resisted|p2a: Torkoal
|-damage|p2a: Torkoal|88/100
|-enditem|p1a: Skeledirge|Throat Spray
|-boost|p1a: Skeledirge|spa|1|[from] item: Throat Spray
|move|p2a: Torkoal|Stealth Rock|p1a: Skeledirge
|-sidestart|p1: jimborri|move: Stealth Rock
|
|-weather|SunnyDay|[upkeep]
|upkeep
|turn|2
|
|t:|1776071022
|switch|p2a: Hatterene|Hatterene, F|100/100
|move|p1a: Skeledirge|Alluring Voice|p2a: Hatterene
|-damage|p2a: Hatterene|66/100
|-enditem|p2a: Hatterene|Eject Button
|
|t:|1776071026
|switch|p2a: Typhlosion|Typhlosion-Hisui, F|100/100
|
|-weather|SunnyDay|[upkeep]
|upkeep
|turn|3
|
|t:|1776071032
|-terastallize|p2a: Typhlosion|Fire
|-terastallize|p1a: Skeledirge|Flying
|move|p2a: Typhlosion|Eruption|p1a: Skeledirge
|-damage|p1a: Skeledirge|0 fnt
|faint|p1a: Skeledirge
|
|-weather|SunnyDay|[upkeep]
|upkeep
|
|t:|1776071052
|switch|p1a: Hitmonlee|Hitmonlee, M|100/100
|-damage|p1a: Hitmonlee|94/100|[from] Stealth Rock
|turn|4
|
|t:|1776071057
|switch|p2a: Meowscarada|Meowscarada, F|100/100
|move|p1a: Hitmonlee|Endure||[still]
|-fail|p1a: Hitmonlee
|
|-weather|SunnyDay|[upkeep]
|upkeep
|turn|5
|
|t:|1776071061
|switch|p1a: Forretress|Forretress, M|100/100
|move|p2a: Meowscarada|Trick|p1a: Forretress
|-start|p2a: Meowscarada|typechange|Psychic|[from] ability: Protean
|-activate|p2a: Meowscarada|move: Trick|[of] p1a: Forretress
|-item|p1a: Forretress|Choice Scarf|[from] move: Trick
|-item|p2a: Meowscarada|Heavy-Duty Boots|[from] move: Trick
|
|-weather|SunnyDay|[upkeep]
|upkeep
|turn|6
|
|t:|1776071069
|switch|p2a: Typhlosion|Typhlosion-Hisui, F, tera:Fire|100/100
|move|p1a: Forretress|Rapid Spin|p2a: Typhlosion
|-damage|p2a: Typhlosion|82/100
|-boost|p1a: Forretress|spe|1
|-sideend|p1: jimborri|Stealth Rock|[from] move: Rapid Spin|[of] p1a: Forretress
|
|-weather|SunnyDay|[upkeep]
|upkeep
|turn|7
|
|t:|1776071085
|move|p2a: Typhlosion|Eruption|p1a: Forretress
|-supereffective|p1a: Forretress
|-ability|p1a: Forretress|Sturdy
|-damage|p1a: Forretress|1/100
|move|p1a: Forretress|Rapid Spin|p2a: Typhlosion
|-damage|p2a: Typhlosion|61/100
|-boost|p1a: Forretress|spe|1
|
|-weather|SunnyDay|[upkeep]
|upkeep
|turn|8
|
|t:|1776071101
|switch|p2a: Hatterene|Hatterene, F|66/100
|move|p1a: Forretress|Rapid Spin|p2a: Hatterene
|-damage|p2a: Hatterene|54/100
|-boost|p1a: Forretress|spe|1
|
|-weather|none
|upkeep
|turn|9
|
|t:|1776071111
|switch|p2a: Torkoal|Torkoal, F|88/100
|-weather|SunnyDay|[from] ability: Drought|[of] p2a: Torkoal
|move|p1a: Forretress|Rapid Spin|p2a: Torkoal
|-damage|p2a: Torkoal|79/100
|-boost|p1a: Forretress|spe|1
|
|-weather|SunnyDay|[upkeep]
|upkeep
|turn|10
|
|t:|1776071121
|switch|p2a: Meowscarada|Meowscarada, F|100/100
|move|p1a: Forretress|Rapid Spin|p2a: Meowscarada
|-damage|p2a: Meowscarada|78/100
|-boost|p1a: Forretress|spe|1
|
|-weather|SunnyDay|[upkeep]
|upkeep
|turn|11
|
|t:|1776071126
|move|p1a: Forretress|Rapid Spin|p2a: Meowscarada
|-damage|p2a: Meowscarada|57/100
|-boost|p1a: Forretress|spe|1
|move|p2a: Meowscarada|U-turn|p1a: Forretress
|-start|p2a: Meowscarada|typechange|Bug|[from] ability: Protean
|-resisted|p1a: Forretress
|-damage|p1a: Forretress|0 fnt
|faint|p1a: Forretress
|
|t:|1776071128
|switch|p2a: Typhlosion|Typhlosion-Hisui, F, tera:Fire|61/100|[from] U-turn
|
|-weather|SunnyDay|[upkeep]
|upkeep
|
|t:|1776071135
|switch|p1a: Cloyster|Cloyster, F|100/100
|turn|12
|
|t:|1776071142
|move|p2a: Typhlosion|Eruption|p1a: Cloyster
|-enditem|p1a: Cloyster|Focus Sash
|-damage|p1a: Cloyster|1/100
|move|p1a: Cloyster|Shell Smash|p1a: Cloyster
|-unboost|p1a: Cloyster|def|1
|-unboost|p1a: Cloyster|spd|1
|-boost|p1a: Cloyster|atk|2
|-boost|p1a: Cloyster|spa|2
|-boost|p1a: Cloyster|spe|2
|
|-weather|SunnyDay|[upkeep]
|upkeep
|turn|13
|
|t:|1776071147
|move|p1a: Cloyster|Rock Blast|p2a: Typhlosion
|-supereffective|p2a: Typhlosion
|-damage|p2a: Typhlosion|18/100
|-supereffective|p2a: Typhlosion
|-damage|p2a: Typhlosion|0 fnt
|faint|p2a: Typhlosion
|-hitcount|p2: Typhlosion|2
|
|-weather|SunnyDay|[upkeep]
|upkeep
|
|t:|1776071149
|switch|p2a: Meowscarada|Meowscarada, F|57/100
|turn|14
|
|t:|1776071151
|move|p1a: Cloyster|Icicle Spear|p2a: Meowscarada
|-supereffective|p2a: Meowscarada
|-damage|p2a: Meowscarada|0 fnt
|faint|p2a: Meowscarada
|-hitcount|p2: Meowscarada|1
|
|-weather|SunnyDay|[upkeep]
|upkeep
|-message|Seiya Mashiro forfeited.
|
|win|jimborri
|raw|jimborri's rating: 1199 &rarr; <strong>1227</strong><br />(+28 for winning)
|raw|Seiya Mashiro's rating: 1238 &rarr; <strong>1210</strong><br />(-28 for losing)
|l|☆Seiya Mashiro
|player|p2|
|l|☆jimborri
|player|p1|
