|html|<div class="broadcast-blue"><strong>[Gen 9] OU is currently suspecting Tera Blast! For information on how to participate check out the <a href="https://www.smogon.com/tools/suspects/view/200">suspect thread</a>.</strong></div>
|j|☆ivaneras
|j|☆la5495
|t:|1776035080
|gametype|singles
|player|p1|ivaneras|volkner|1316
|player|p2|la5495|ghetsis|1281
|gen|9
|tier|[Gen 9] OU
|rated|
|rule|HP Percentage Mod: HP is shown in percentages
|rule|Endless Battle Clause: Forcing endless battles is banned
|rule|Species Clause: Limit one of each Pokémon
|rule|OHKO Clause: OHKO moves are banned
|rule|Evasion Items Clause: Evasion items are banned
|rule|Evasion Moves Clause: Evasion moves are banned
|rule|Evasion Abilities Clause: Evasion abilities are banned
|rule|Sleep Moves Clause: Sleep-inducing moves are banned
|clearpoke
|poke|p1|Glimmora, M|
|poke|p1|Gliscor, M|
|poke|p1|Empoleon, F|
|poke|p1|Raging Bolt|
|poke|p1|Iron Valiant|
|poke|p1|Ogerpon-Wellspring, F|
|poke|p2|Darkrai|
|poke|p2|Enamorus, F|
|poke|p2|Pecharunt|
|poke|p2|Zamazenta-*|
|poke|p2|Brambleghast, M|
|poke|p2|Empoleon, M|
|teampreview
|inactive|Battle timer is ON: inactive players will automatically lose when time's up. (requested by la5495)
|j| ohko_smeargle
|inactive|la5495 has 120 seconds left.
|
|t:|1776035125
|teamsize|p1|6
|teamsize|p2|6
|start
|switch|p1a: Glimmora|Glimmora, M|100/100
|switch|p2a: Empoleon|Empoleon, M, shiny|100/100
|turn|1
|
|t:|1776035130
|move|p1a: Glimmora|Stealth Rock|p2a: Empoleon
|-sidestart|p2: la5495|move: Stealth Rock
|move|p2a: Empoleon|Stealth Rock|p1a: Glimmora
|-sidestart|p1: ivaneras|move: Stealth Rock
|
|upkeep
|turn|2
|
|t:|1776035143
|switch|p1a: Raging Bolt|Raging Bolt|100/100
|-damage|p1a: Raging Bolt|88/100|[from] Stealth Rock
|move|p2a: Empoleon|Flip Turn|p1a: Raging Bolt
|-resisted|p1a: Raging Bolt
|-damage|p1a: Raging Bolt|80/100
|inactive|la5495 has 120 seconds left.
|
|t:|1776035177
|switch|p2a: Enamorus|Enamorus, F|100/100|[from] Flip Turn
|-damage|p2a: Enamorus|76/100|[from] Stealth Rock
|
|upkeep
|turn|3
|
|t:|1776035186
|move|p2a: Enamorus|Play Rough|p1a: Raging Bolt
|-supereffective|p1a: Raging Bolt
|-damage|p1a: Raging Bolt|12/100
|move|p1a: Raging Bolt|Thunderbolt|p2a: Enamorus
|-supereffective|p2a: Enamorus
|-damage|p2a: Enamorus|0 fnt
|faint|p2a: Enamorus
|
|upkeep
|
|t:|1776035193
|switch|p2a: Brambleghast|Brambleghast, M, shiny|100/100
|turn|4
|
|t:|1776035202
|move|p2a: Brambleghast|Rapid Spin|p1a: Raging Bolt
|-damage|p1a: Raging Bolt|1/100
|-boost|p2a: Brambleghast|spe|1
|-sideend|p2: la5495|Stealth Rock|[from] move: Rapid Spin|[of] p2a: Brambleghast
|move|p1a: Raging Bolt|Draco Meteor|p2a: Brambleghast
|-damage|p2a: Brambleghast|0 fnt
|-unboost|p1a: Raging Bolt|spa|2
|faint|p2a: Brambleghast
|
|upkeep
|
|t:|1776035211
|switch|p2a: Darkrai|Darkrai|100/100
|turn|5
|
|t:|1776035219
|-end|p1a: Raging Bolt|Protosynthesis|[silent]
|switch|p1a: Glimmora|Glimmora, M|100/100
|-damage|p1a: Glimmora|88/100|[from] Stealth Rock
|move|p2a: Darkrai|Throat Chop|p1a: Glimmora
|-damage|p1a: Glimmora|48/100
|-start|p1a: Glimmora|Throat Chop|[silent]
|-activate|p1a: Glimmora|ability: Toxic Debris
|-sidestart|p2: la5495|move: Toxic Spikes
|
|-heal|p1a: Glimmora|54/100|[from] item: Black Sludge
|upkeep
|turn|6
|
|t:|1776035229
|move|p2a: Darkrai|Swords Dance|p2a: Darkrai
|-boost|p2a: Darkrai|atk|2
|move|p1a: Glimmora|Mortal Spin|p2a: Darkrai
|-crit|p2a: Darkrai
|-damage|p2a: Darkrai|89/100
|-status|p2a: Darkrai|psn
|-sideend|p1: ivaneras|Stealth Rock|[from] move: Mortal Spin|[of] p1a: Glimmora
|
|-heal|p1a: Glimmora|60/100|[from] item: Black Sludge
|-damage|p2a: Darkrai|76/100 psn|[from] psn
|-end|p1a: Glimmora|Throat Chop|[silent]
|upkeep
|turn|7
|
|t:|1776035238
|switch|p1a: Gliscor|Gliscor, M|100/100
|move|p2a: Darkrai|Swords Dance|p2a: Darkrai
|-boost|p2a: Darkrai|atk|2
|
|-damage|p2a: Darkrai|64/100 psn|[from] psn
|-status|p1a: Gliscor|tox|[from] item: Toxic Orb
|upkeep
|turn|8
|
|t:|1776035246
|move|p2a: Darkrai|Throat Chop|p1a: Gliscor
|-damage|p1a: Gliscor|28/100 tox
|-start|p1a: Gliscor|Throat Chop|[silent]
|move|p1a: Gliscor|Earthquake|p2a: Darkrai
|-damage|p2a: Darkrai|17/100 psn
|
|-damage|p2a: Darkrai|4/100 psn|[from] psn
|-heal|p1a: Gliscor|40/100 tox|[from] ability: Poison Heal
|upkeep
|turn|9
|
|t:|1776035254
|move|p1a: Gliscor|Protect|p1a: Gliscor
|-singleturn|p1a: Gliscor|Protect
|move|p2a: Darkrai|Drain Punch|p1a: Gliscor
|-activate|p1a: Gliscor|move: Protect
|
|-damage|p2a: Darkrai|0 fnt|[from] psn
|faint|p2a: Darkrai
|-heal|p1a: Gliscor|52/100 tox|[from] ability: Poison Heal
|-end|p1a: Gliscor|Throat Chop|[silent]
|upkeep
|
|t:|1776035262
|switch|p2a: Pecharunt|Pecharunt|100/100
|-sideend|p2: la5495|move: Toxic Spikes|[of] p2a: Pecharunt
|turn|10
|
|t:|1776035269
|move|p1a: Gliscor|U-turn|p2a: Pecharunt
|-resisted|p2a: Pecharunt
|-damage|p2a: Pecharunt|99/100
|-damage|p1a: Gliscor|36/100 tox|[from] item: Rocky Helmet|[of] p2a: Pecharunt
|
|t:|1776035272
|switch|p1a: Glimmora|Glimmora, M|60/100|[from] U-turn
|move|p2a: Pecharunt|Parting Shot|p1a: Glimmora
|-unboost|p1a: Glimmora|atk|1
|-unboost|p1a: Glimmora|spa|1
|
|t:|1776035278
|switch|p2a: Empoleon|Empoleon, M, shiny|100/100|[from] Parting Shot
|
|-heal|p1a: Glimmora|67/100|[from] item: Black Sludge
|upkeep
|turn|11
|
|t:|1776035283
|move|p1a: Glimmora|Stealth Rock|p2a: Empoleon
|-sidestart|p2: la5495|move: Stealth Rock
|move|p2a: Empoleon|Surf|p1a: Glimmora
|-supereffective|p1a: Glimmora
|-damage|p1a: Glimmora|0 fnt
|faint|p1a: Glimmora
|
|upkeep
|
|t:|1776035291
|switch|p1a: Iron Valiant|Iron Valiant|100/100
|turn|12
|
|t:|1776035299
|switch|p2a: Pecharunt|Pecharunt|99/100
|-damage|p2a: Pecharunt|87/100|[from] Stealth Rock
|move|p1a: Iron Valiant|Knock Off|p2a: Pecharunt
|-supereffective|p2a: Pecharunt
|-damage|p2a: Pecharunt|51/100
|-damage|p1a: Iron Valiant|84/100|[from] item: Rocky Helmet|[of] p2a: Pecharunt
|-enditem|p2a: Pecharunt|Rocky Helmet|[from] move: Knock Off|[of] p1a: Iron Valiant
|-damage|p1a: Iron Valiant|74/100|[from] item: Life Orb
|
|upkeep
|turn|13
|
|t:|1776035310
|-end|p1a: Iron Valiant|Quark Drive|[silent]
|switch|p1a: Gliscor|Gliscor, M|36/100 tox
|move|p2a: Pecharunt|Recover|p2a: Pecharunt
|-heal|p2a: Pecharunt|100/100
|
|-heal|p1a: Gliscor|48/100 tox|[from] ability: Poison Heal
|upkeep
|turn|14
|
|t:|1776035322
|move|p1a: Gliscor|Protect|p1a: Gliscor
|-singleturn|p1a: Gliscor|Protect
|move|p2a: Pecharunt|Malignant Chain|p1a: Gliscor
|-activate|p1a: Gliscor|move: Protect
|
|-heal|p1a: Gliscor|61/100 tox|[from] ability: Poison Heal
|upkeep
|turn|15
|
|t:|1776035328
|move|p1a: Gliscor|Earthquake|p2a: Pecharunt
|-supereffective|p2a: Pecharunt
|-damage|p2a: Pecharunt|70/100
|move|p2a: Pecharunt|Parting Shot|p1a: Gliscor
|-unboost|p1a: Gliscor|atk|1
|-unboost|p1a: Gliscor|spa|1
|
|t:|1776035333
|switch|p2a: Zamazenta|Zamazenta|100/100|[from] Parting Shot
|-damage|p2a: Zamazenta|94/100|[from] Stealth Rock
|-ability|p2a: Zamazenta|Dauntless Shield|boost
|-boost|p2a: Zamazenta|def|1
|
|-heal|p2a: Zamazenta|100/100|[from] item: Leftovers
|-heal|p1a: Gliscor|73/100 tox|[from] ability: Poison Heal
|upkeep
|turn|16
|
|t:|1776035337
|move|p2a: Zamazenta|Iron Defense|p2a: Zamazenta
|-boost|p2a: Zamazenta|def|2
|move|p1a: Gliscor|Toxic|p2a: Zamazenta
|-status|p2a: Zamazenta|tox
|
|-damage|p2a: Zamazenta|94/100 tox|[from] psn
|-heal|p1a: Gliscor|86/100 tox|[from] ability: Poison Heal
|upkeep
|turn|17
|
|t:|1776035346
|move|p2a: Zamazenta|Heavy Slam|p1a: Gliscor
|-damage|p1a: Gliscor|69/100 tox
|move|p1a: Gliscor|Earthquake|p2a: Zamazenta
|-damage|p2a: Zamazenta|88/100 tox
|
|-heal|p2a: Zamazenta|94/100 tox|[from] item: Leftovers
|-damage|p2a: Zamazenta|82/100 tox|[from] psn
|-heal|p1a: Gliscor|82/100 tox|[from] ability: Poison Heal
|upkeep
|turn|18
|-message|la5495 forfeited.
|
|win|ivaneras
|raw|ivaneras's rating: 1316 &rarr; <strong>1334</strong><br />(+18 for winning)
|raw|la5495's rating: 1281 &rarr; <strong>1259</strong><br />(-22 for losing)
|l|☆la5495
|player|p2|
|l| ohko_smeargle
|l|☆ivaneras
|player|p1|
