|html|<div class="broadcast-blue"><strong>[Gen 9] OU is currently suspecting Tera Blast! For information on how to participate check out the <a href="https://www.smogon.com/tools/suspects/view/200">suspect thread</a>.</strong></div>
|j|☆a_cashew
|j|☆BLK DG
|t:|1776060937
|gametype|singles
|player|p1|a_cashew|2|1049
|player|p2|BLK DG|irida|1049
|gen|9
|tier|[Gen 9] OU
|rated|
|rule|HP Percentage Mod: HP is shown in percentages
|rule|Endless Battle Clause: Forcing endless battles is banned
|rule|Species Clause: Limit one of each Pokémon
|rule|OHKO Clause: OHKO moves are banned
|rule|Evasion Items Clause: Evasion items are banned
|rule|Evasion Moves Clause: Evasion moves are banned
|rule|Evasion Abilities Clause: Evasion abilities are banned
|rule|Sleep Moves Clause: Sleep-inducing moves are banned
|clearpoke
|poke|p1|Hatterene, F|
|poke|p1|Corviknight, F|
|poke|p1|Iron Hands|
|poke|p1|Ursaluna, M|
|poke|p1|Hydreigon, F|
|poke|p1|Porygon2|
|poke|p2|Hoopa-Unbound|
|poke|p2|Rillaboom, F|
|poke|p2|Gholdengo|
|poke|p2|Great Tusk|
|poke|p2|Dragapult, M|
|poke|p2|Iron Moth|
|teampreview
|inactive|Battle timer is ON: inactive players will automatically lose when time's up. (requested by BLK DG)
|
|t:|1776060944
|teamsize|p1|6
|teamsize|p2|6
|start
|switch|p1a: Hatterene|Hatterene, F|100/100
|switch|p2a: Hoopa|Hoopa-Unbound|100/100
|turn|1
|
|t:|1776060955
|switch|p2a: Gholdengo|Gholdengo|100/100
|-item|p2a: Gholdengo|Air Balloon
|move|p1a: Hatterene|Trick Room|p1a: Hatterene
|-fieldstart|move: Trick Room|[of] p1a: Hatterene
|
|upkeep
|turn|2
|
|t:|1776060967
|move|p1a: Hatterene|Mystical Fire|p2a: Gholdengo
|-supereffective|p2a: Gholdengo
|-damage|p2a: Gholdengo|43/100
|-unboost|p2a: Gholdengo|spa|1
|-enditem|p2a: Gholdengo|Air Balloon
|move|p2a: Gholdengo|Make It Rain|p1a: Hatterene
|-supereffective|p1a: Hatterene
|-damage|p1a: Hatterene|6/100
|-unboost|p2a: Gholdengo|spa|1
|
|upkeep
|turn|3
|
|t:|1776060980
|move|p1a: Hatterene|Mystical Fire|p2a: Gholdengo
|-supereffective|p2a: Gholdengo
|-damage|p2a: Gholdengo|0 fnt
|faint|p2a: Gholdengo
|
|upkeep
|
|t:|1776060983
|switch|p2a: Rillaboom|Rillaboom, F|100/100
|-fieldstart|move: Grassy Terrain|[from] ability: Grassy Surge|[of] p2a: Rillaboom
|turn|4
|inactive|a_cashew has 120 seconds left.
|
|t:|1776061014
|switch|p1a: Porygon2|Porygon2|100/100
|-ability|p1a: Porygon2|Download|boost
|-boost|p1a: Porygon2|spa|1
|move|p2a: Rillaboom|Knock Off|p1a: Porygon2
|-damage|p1a: Porygon2|76/100
|-enditem|p1a: Porygon2|Eviolite|[from] move: Knock Off|[of] p2a: Rillaboom
|
|-heal|p1a: Porygon2|82/100|[from] Grassy Terrain
|upkeep
|turn|5
|inactive|a_cashew has 120 seconds left.
|
|t:|1776061028
|move|p2a: Rillaboom|Grassy Glide|p1a: Porygon2
|-damage|p1a: Porygon2|39/100
|move|p1a: Porygon2|Trick Room|p1a: Porygon2
|-fieldend|move: Trick Room
|
|-heal|p1a: Porygon2|45/100|[from] Grassy Terrain
|upkeep
|turn|6
|inactive|a_cashew has 120 seconds left.
|
|t:|1776061043
|move|p2a: Rillaboom|Grassy Glide|p1a: Porygon2
|-damage|p1a: Porygon2|5/100
|move|p1a: Porygon2|Ice Beam|p2a: Rillaboom
|-supereffective|p2a: Rillaboom
|-damage|p2a: Rillaboom|10/100
|
|-heal|p2a: Rillaboom|16/100|[from] Grassy Terrain
|-heal|p1a: Porygon2|11/100|[from] Grassy Terrain
|upkeep
|turn|7
|inactive|a_cashew has 120 seconds left.
|
|t:|1776061059
|switch|p1a: Hydreigon|Hydreigon, F|100/100
|move|p2a: Rillaboom|Grassy Glide|p1a: Hydreigon
|-resisted|p1a: Hydreigon
|-damage|p1a: Hydreigon|77/100
|
|-heal|p2a: Rillaboom|22/100|[from] Grassy Terrain
|upkeep
|turn|8
|inactive|a_cashew has 120 seconds left.
|
|t:|1776061071
|move|p2a: Rillaboom|Grassy Glide|p1a: Hydreigon
|-resisted|p1a: Hydreigon
|-damage|p1a: Hydreigon|53/100
|move|p1a: Hydreigon|Flamethrower|p2a: Rillaboom
|-supereffective|p2a: Rillaboom
|-damage|p2a: Rillaboom|0 fnt
|faint|p2a: Rillaboom
|-damage|p1a: Hydreigon|44/100|[from] item: Life Orb
|
|upkeep
|
|t:|1776061076
|switch|p2a: Hoopa|Hoopa-Unbound|100/100
|-enditem|p2a: Hoopa|Grassy Seed
|-boost|p2a: Hoopa|def|1|[from] item: Grassy Seed
|turn|9
|inactive|a_cashew has 120 seconds left.
|inactive|a_cashew has 90 seconds left.
|
|t:|1776061127
|move|p1a: Hydreigon|Dark Pulse|p2a: Hoopa
|-damage|p2a: Hoopa|64/100
|-damage|p1a: Hydreigon|34/100|[from] item: Life Orb
|move|p2a: Hoopa|Drain Punch|p1a: Hydreigon
|-supereffective|p1a: Hydreigon
|-damage|p1a: Hydreigon|0 fnt
|-heal|p2a: Hoopa|79/100|[from] drain|[of] p1a: Hydreigon
|faint|p1a: Hydreigon
|-item|p2a: Hoopa|Life Orb|[from] ability: Magician|[of] p1: Hydreigon
|
|-heal|p2a: Hoopa|85/100|[from] Grassy Terrain
|upkeep
|
|t:|1776061146
|switch|p1a: Hatterene|Hatterene, F|6/100
|turn|10
|
|t:|1776061153
|move|p2a: Hoopa|Fling|p1a: Hatterene
|-damage|p1a: Hatterene|0 fnt
|-enditem|p2a: Hoopa|Life Orb|[from] move: Fling
|faint|p1a: Hatterene
|
|-heal|p2a: Hoopa|91/100|[from] Grassy Terrain
|upkeep
|
|t:|1776061164
|switch|p1a: Iron Hands|Iron Hands|100/100
|turn|11
|
|t:|1776061177
|move|p1a: Iron Hands|Fake Out|p2a: Hoopa
|-damage|p2a: Hoopa|77/100
|cant|p2a: Hoopa|flinch
|
|-heal|p2a: Hoopa|83/100|[from] Grassy Terrain
|-fieldend|move: Grassy Terrain
|upkeep
|turn|12
|inactive|a_cashew has 60 seconds left.
|
|t:|1776061203
|move|p2a: Hoopa|Zen Headbutt|p1a: Iron Hands
|-supereffective|p1a: Iron Hands
|-damage|p1a: Iron Hands|34/100
|-item|p2a: Hoopa|Assault Vest|[from] ability: Magician|[of] p1a: Iron Hands
|move|p1a: Iron Hands|Thunder Punch|p2a: Hoopa
|-damage|p2a: Hoopa|46/100
|
|upkeep
|turn|13
|inactive|a_cashew has 60 seconds left.
|
|t:|1776061223
|-end|p1a: Iron Hands|Quark Drive|[silent]
|switch|p1a: Porygon2|Porygon2|11/100
|-ability|p1a: Porygon2|Download|boost
|-boost|p1a: Porygon2|atk|1
|move|p2a: Hoopa|Zen Headbutt|p1a: Porygon2
|-damage|p1a: Porygon2|0 fnt
|faint|p1a: Porygon2
|
|upkeep
|
|t:|1776061233
|switch|p1a: Iron Hands|Iron Hands|34/100
|turn|14
|
|t:|1776061238
|move|p1a: Iron Hands|Fake Out|p2a: Hoopa
|-damage|p2a: Hoopa|31/100
|cant|p2a: Hoopa|flinch
|
|upkeep
|turn|15
|inactive|a_cashew has 60 seconds left.
|
|t:|1776061246
|move|p2a: Hoopa|Zen Headbutt|p1a: Iron Hands
|-supereffective|p1a: Iron Hands
|-damage|p1a: Iron Hands|0 fnt
|faint|p1a: Iron Hands
|-end|p1a: Iron Hands|Quark Drive|[silent]
|
|upkeep
|inactive|a_cashew has 60 seconds left.
|
|t:|1776061255
|switch|p1a: Corviknight|Corviknight, F|100/100
|turn|16
|
|t:|1776061265
|-terastallize|p2a: Hoopa|Flying
|move|p2a: Hoopa|Fling|p1a: Corviknight
|-damage|p1a: Corviknight|73/100
|-enditem|p2a: Hoopa|Assault Vest|[from] move: Fling
|move|p1a: Corviknight|U-turn|p2a: Hoopa
|-resisted|p2a: Hoopa
|-damage|p2a: Hoopa|24/100
|
|t:|1776061273
|switch|p1a: Ursaluna|Ursaluna, M|100/100|[from] U-turn
|
|-status|p1a: Ursaluna|brn|[from] item: Flame Orb
|upkeep
|turn|17
|
|t:|1776061286
|move|p2a: Hoopa|Drain Punch|p1a: Ursaluna
|-supereffective|p1a: Ursaluna
|-damage|p1a: Ursaluna|58/100 brn
|-heal|p2a: Hoopa|51/100|[from] drain|[of] p1a: Ursaluna
|-item|p2a: Hoopa|Flame Orb|[from] ability: Magician|[of] p1a: Ursaluna
|move|p1a: Ursaluna|Facade|p2a: Hoopa
|-damage|p2a: Hoopa|0 fnt
|faint|p2a: Hoopa
|
|-damage|p1a: Ursaluna|52/100 brn|[from] brn
|upkeep
|
|t:|1776061302
|switch|p2a: Great Tusk|Great Tusk|100/100
|turn|18
|inactive|a_cashew has 60 seconds left.
|
|t:|1776061341
|move|p2a: Great Tusk|Earthquake|p1a: Ursaluna
|-damage|p1a: Ursaluna|22/100 brn
|move|p1a: Ursaluna|Facade|p2a: Great Tusk
|-damage|p2a: Great Tusk|44/100
|
|-heal|p2a: Great Tusk|50/100|[from] item: Leftovers
|-damage|p1a: Ursaluna|16/100 brn|[from] brn
|upkeep
|turn|19
|
|t:|1776061352
|move|p2a: Great Tusk|Knock Off|p1a: Ursaluna
|-damage|p1a: Ursaluna|2/100 brn
|move|p1a: Ursaluna|Crunch|p2a: Great Tusk
|-resisted|p2a: Great Tusk
|-damage|p2a: Great Tusk|39/100
|-unboost|p2a: Great Tusk|def|1
|
|-heal|p2a: Great Tusk|45/100|[from] item: Leftovers
|-damage|p1a: Ursaluna|0 fnt|[from] brn
|faint|p1a: Ursaluna
|upkeep
|
|t:|1776061364
|switch|p1a: Corviknight|Corviknight, F|73/100
|turn|20
|
|t:|1776061379
|move|p2a: Great Tusk|Knock Off|p1a: Corviknight
|-damage|p1a: Corviknight|56/100
|-damage|p2a: Great Tusk|28/100|[from] item: Rocky Helmet|[of] p1a: Corviknight
|-enditem|p1a: Corviknight|Rocky Helmet|[from] move: Knock Off|[of] p2a: Great Tusk
|move|p1a: Corviknight|Body Press|p2a: Great Tusk
|-damage|p2a: Great Tusk|9/100
|
|-heal|p2a: Great Tusk|16/100|[from] item: Leftovers
|upkeep
|turn|21
|
|t:|1776061393
|move|p2a: Great Tusk|Knock Off|p1a: Corviknight
|-damage|p1a: Corviknight|44/100
|move|p1a: Corviknight|Body Press|p2a: Great Tusk
|-damage|p2a: Great Tusk|0 fnt
|faint|p2a: Great Tusk
|-end|p2a: Great Tusk|Protosynthesis|[silent]
|
|upkeep
|
|t:|1776061397
|switch|p2a: Iron Moth|Iron Moth|100/100
|-enditem|p2a: Iron Moth|Booster Energy
|-activate|p2a: Iron Moth|ability: Quark Drive|[fromitem]
|-start|p2a: Iron Moth|quarkdrivespe
|turn|22
|
|t:|1776061411
|move|p2a: Iron Moth|Fiery Dance|p1a: Corviknight
|-supereffective|p1a: Corviknight
|-damage|p1a: Corviknight|0 fnt
|faint|p1a: Corviknight
|
|win|BLK DG
|raw|a_cashew's rating: 1049 &rarr; <strong>1032</strong><br />(-17 for losing)
|raw|BLK DG's rating: 1049 &rarr; <strong>1082</strong><br />(+33 for winning)
|l|☆a_cashew
|player|p1|
