|html|<div class="broadcast-blue"><strong>[Gen 9] OU is currently suspecting Tera Blast! For information on how to participate check out the <a href="https://www.smogon.com/tools/suspects/view/200">suspect thread</a>.</strong></div>
|j|☆Pharyl
|j|☆Cjt118
|t:|1776097929
|gametype|singles
|player|p1|Pharyl|silver|1190
|player|p2|Cjt118|volkner|1135
|gen|9
|tier|[Gen 9] OU
|rated|
|rule|HP Percentage Mod: HP is shown in percentages
|rule|Endless Battle Clause: Forcing endless battles is banned
|rule|Species Clause: Limit one of each Pokémon
|rule|OHKO Clause: OHKO moves are banned
|rule|Evasion Items Clause: Evasion items are banned
|rule|Evasion Moves Clause: Evasion moves are banned
|rule|Evasion Abilities Clause: Evasion abilities are banned
|rule|Sleep Moves Clause: Sleep-inducing moves are banned
|clearpoke
|poke|p1|Deoxys-Speed|
|poke|p1|Sandy Shocks|
|poke|p1|Tyranitar, F|
|poke|p1|Kingambit, M|
|poke|p1|Gholdengo|
|poke|p1|Corviknight, F|
|poke|p2|Glimmora, F|
|poke|p2|Iron Valiant|
|poke|p2|Meowscarada, M|
|poke|p2|Gliscor, F|
|poke|p2|Ogerpon-Wellspring, F|
|poke|p2|Gholdengo|
|teampreview
|inactive|Battle timer is ON: inactive players will automatically lose when time's up. (requested by Pharyl)
|
|t:|1776097941
|teamsize|p1|6
|teamsize|p2|6
|start
|switch|p1a: Deoxys|Deoxys-Speed|100/100
|switch|p2a: Glimmora|Glimmora, F|100/100
|-ability|p1a: Deoxys|Pressure
|-item|p2a: Glimmora|Air Balloon
|turn|1
|
|t:|1776097948
|move|p1a: Deoxys|Taunt|p2a: Glimmora
|-start|p2a: Glimmora|move: Taunt
|cant|p2a: Glimmora|move: Taunt|Stealth Rock
|
|upkeep
|turn|2
|
|t:|1776097956
|move|p1a: Deoxys|Psycho Boost|p2a: Glimmora
|-supereffective|p2a: Glimmora
|-damage|p2a: Glimmora|0 fnt
|-unboost|p1a: Deoxys|spa|2
|-enditem|p2a: Glimmora|Air Balloon
|faint|p2a: Glimmora
|-damage|p1a: Deoxys|91/100|[from] item: Life Orb
|
|upkeep
|
|t:|1776097967
|switch|p2a: Gholdengo|Gholdengo|100/100
|turn|3
|
|t:|1776097976
|switch|p1a: Corviknight|Corviknight, F|100/100
|move|p2a: Gholdengo|Shadow Ball|p1a: Corviknight
|-damage|p1a: Corviknight|59/100
|
|-heal|p1a: Corviknight|65/100|[from] item: Leftovers
|upkeep
|turn|4
|
|t:|1776097985
|switch|p1a: Tyranitar|Tyranitar, F|100/100
|-weather|Sandstorm|[from] ability: Sand Stream|[of] p1a: Tyranitar
|move|p2a: Gholdengo|Protect||[still]
|-fail|p2a: Gholdengo
|
|-weather|Sandstorm|[upkeep]
|upkeep
|turn|5
|
|t:|1776097993
|move|p2a: Gholdengo|Make It Rain|p1a: Tyranitar
|-supereffective|p1a: Tyranitar
|-damage|p1a: Tyranitar|32/100
|-unboost|p2a: Gholdengo|spa|1
|move|p1a: Tyranitar|Knock Off|p2a: Gholdengo
|-supereffective|p2a: Gholdengo
|-damage|p2a: Gholdengo|0 fnt
|-enditem|p2a: Gholdengo|Leftovers|[from] move: Knock Off|[of] p1a: Tyranitar
|faint|p2a: Gholdengo
|
|-weather|Sandstorm|[upkeep]
|upkeep
|
|t:|1776098007
|switch|p2a: Gliscor|Gliscor, F|100/100
|turn|6
|
|t:|1776098011
|move|p2a: Gliscor|Earthquake|p1a: Tyranitar
|-supereffective|p1a: Tyranitar
|-damage|p1a: Tyranitar|0 fnt
|faint|p1a: Tyranitar
|
|-weather|Sandstorm|[upkeep]
|-status|p2a: Gliscor|tox|[from] item: Toxic Orb
|upkeep
|
|t:|1776098014
|switch|p1a: Sandy Shocks|Sandy Shocks|100/100
|turn|7
|
|t:|1776098022
|-terastallize|p1a: Sandy Shocks|Ice
|move|p1a: Sandy Shocks|Tera Blast|p2a: Gliscor|[anim] Tera Blast Ice
|-supereffective|p2a: Gliscor
|-damage|p2a: Gliscor|0 fnt
|faint|p2a: Gliscor
|
|-weather|Sandstorm|[upkeep]
|-damage|p1a: Sandy Shocks|94/100|[from] Sandstorm
|upkeep
|
|t:|1776098038
|switch|p2a: Iron Valiant|Iron Valiant|100/100
|-enditem|p2a: Iron Valiant|Booster Energy
|-activate|p2a: Iron Valiant|ability: Quark Drive|[fromitem]
|-start|p2a: Iron Valiant|quarkdrivespe
|turn|8
|
|t:|1776098049
|-end|p1a: Sandy Shocks|Protosynthesis|[silent]
|switch|p1a: Corviknight|Corviknight, F|65/100
|move|p2a: Iron Valiant|Close Combat|p1a: Corviknight
|-damage|p1a: Corviknight|29/100
|-unboost|p2a: Iron Valiant|def|1
|-unboost|p2a: Iron Valiant|spd|1
|
|-weather|none
|-heal|p1a: Corviknight|35/100|[from] item: Leftovers
|upkeep
|turn|9
|
|t:|1776098059
|move|p2a: Iron Valiant|Thunder Punch|p1a: Corviknight
|-supereffective|p1a: Corviknight
|-damage|p1a: Corviknight|1/100
|move|p1a: Corviknight|Roost|p1a: Corviknight
|-heal|p1a: Corviknight|51/100
|-singleturn|p1a: Corviknight|move: Roost
|
|-heal|p1a: Corviknight|57/100|[from] item: Leftovers
|upkeep
|turn|10
|
|t:|1776098068
|move|p2a: Iron Valiant|Thunder Punch|p1a: Corviknight
|-supereffective|p1a: Corviknight
|-damage|p1a: Corviknight|28/100
|move|p1a: Corviknight|Iron Defense|p1a: Corviknight
|-boost|p1a: Corviknight|def|2
|
|-heal|p1a: Corviknight|34/100|[from] item: Leftovers
|upkeep
|turn|11
|c|☆Pharyl|ngl i think this outspeeds deoxys
|c|☆Pharyl|ur valient
|
|t:|1776098081
|move|p2a: Iron Valiant|Thunder Punch|p1a: Corviknight
|-supereffective|p1a: Corviknight
|-damage|p1a: Corviknight|18/100
|-status|p1a: Corviknight|par
|move|p1a: Corviknight|Roost|p1a: Corviknight
|-heal|p1a: Corviknight|68/100 par
|-singleturn|p1a: Corviknight|move: Roost
|
|-heal|p1a: Corviknight|74/100 par|[from] item: Leftovers
|upkeep
|turn|12
|
|t:|1776098090
|move|p2a: Iron Valiant|Swords Dance|p2a: Iron Valiant
|-boost|p2a: Iron Valiant|atk|2
|move|p1a: Corviknight|Iron Defense|p1a: Corviknight
|-boost|p1a: Corviknight|def|2
|
|-heal|p1a: Corviknight|80/100 par|[from] item: Leftovers
|upkeep
|turn|13
|
|t:|1776098096
|move|p2a: Iron Valiant|Swords Dance|p2a: Iron Valiant
|-boost|p2a: Iron Valiant|atk|2
|cant|p1a: Corviknight|par
|
|-heal|p1a: Corviknight|86/100 par|[from] item: Leftovers
|upkeep
|turn|14
|c|☆Pharyl|ofc
|
|t:|1776098104
|move|p2a: Iron Valiant|Thunder Punch|p1a: Corviknight
|-supereffective|p1a: Corviknight
|-damage|p1a: Corviknight|54/100 par
|cant|p1a: Corviknight|par
|
|-heal|p1a: Corviknight|60/100 par|[from] item: Leftovers
|upkeep
|turn|15
|c|☆Pharyl|DUDEEEEEE
|
|t:|1776098114
|move|p2a: Iron Valiant|Thunder Punch|p1a: Corviknight
|-supereffective|p1a: Corviknight
|-damage|p1a: Corviknight|30/100 par
|cant|p1a: Corviknight|par
|
|-heal|p1a: Corviknight|36/100 par|[from] item: Leftovers
|upkeep
|turn|16
|c|☆Cjt118|holyyyy
|
|t:|1776098122
|move|p2a: Iron Valiant|Thunder Punch|p1a: Corviknight
|-supereffective|p1a: Corviknight
|-damage|p1a: Corviknight|3/100 par
|cant|p1a: Corviknight|par
|
|-heal|p1a: Corviknight|9/100 par|[from] item: Leftovers
|upkeep
|turn|17
|c|☆Pharyl|always me
|c|☆Pharyl|LOLLLL
|c|☆Pharyl|yeah im clipping this
|
|t:|1776098132
|move|p2a: Iron Valiant|Thunder Punch|p1a: Corviknight
|-supereffective|p1a: Corviknight
|-damage|p1a: Corviknight|0 fnt
|faint|p1a: Corviknight
|
|upkeep
|
|t:|1776098138
|switch|p1a: Deoxys|Deoxys-Speed|91/100
|-ability|p1a: Deoxys|Pressure
|turn|18
|c|☆Cjt118|LOL
|
|t:|1776098148
|move|p2a: Iron Valiant|Thunder Punch|p1a: Deoxys
|-damage|p1a: Deoxys|0 fnt
|faint|p1a: Deoxys
|
|upkeep
|c|☆Pharyl|no way
|c|☆Pharyl|i think i lose
|
|t:|1776098159
|switch|p1a: Gholdengo|Gholdengo|100/100
|-item|p1a: Gholdengo|Air Balloon
|turn|19
|c|☆Pharyl|cuz of para
|
|t:|1776098174
|-terastallize|p2a: Iron Valiant|Electric
|move|p2a: Iron Valiant|Thunder Punch|p1a: Gholdengo
|-damage|p1a: Gholdengo|0 fnt
|-enditem|p1a: Gholdengo|Air Balloon
|faint|p1a: Gholdengo
|
|upkeep
|
|t:|1776098178
|switch|p1a: Sandy Shocks|Sandy Shocks, tera:Ice|94/100
|turn|20
|
|t:|1776098183
|move|p2a: Iron Valiant|Close Combat|p1a: Sandy Shocks
|-supereffective|p1a: Sandy Shocks
|-damage|p1a: Sandy Shocks|0 fnt
|-unboost|p2a: Iron Valiant|def|1
|-unboost|p2a: Iron Valiant|spd|1
|faint|p1a: Sandy Shocks
|-end|p1a: Sandy Shocks|Protosynthesis|[silent]
|
|upkeep
|
|t:|1776098187
|switch|p1a: Kingambit|Kingambit, M|100/100
|-activate|p1a: Kingambit|ability: Supreme Overlord
|-start|p1a: Kingambit|fallen5|[silent]
|turn|21
|
|t:|1776098194
|move|p1a: Kingambit|Sucker Punch|p2a: Iron Valiant
|-damage|p2a: Iron Valiant|0 fnt
|faint|p2a: Iron Valiant
|-end|p2a: Iron Valiant|Quark Drive|[silent]
|
|upkeep
|
|t:|1776098198
|switch|p2a: Meowscarada|Meowscarada, M|100/100
|turn|22
|
|t:|1776098204
|move|p2a: Meowscarada|Play Rough|p1a: Kingambit|[miss]
|-start|p2a: Meowscarada|typechange|Fairy|[from] ability: Protean
|-miss|p2a: Meowscarada|p1a: Kingambit
|move|p1a: Kingambit|Swords Dance|p1a: Kingambit
|-boost|p1a: Kingambit|atk|2
|
|upkeep
|turn|23
|
|t:|1776098211
|move|p1a: Kingambit|Sucker Punch|p2a: Meowscarada
|-resisted|p2a: Meowscarada
|-damage|p2a: Meowscarada|0 fnt
|faint|p2a: Meowscarada
|
|upkeep
|
|t:|1776098215
|switch|p2a: Ogerpon|Ogerpon-Wellspring, F|100/100
|turn|24
|
|t:|1776098224
|move|p2a: Ogerpon|U-turn|p1a: Kingambit
|-damage|p1a: Kingambit|85/100
|move|p1a: Kingambit|Kowtow Cleave|p2a: Ogerpon
|-damage|p2a: Ogerpon|0 fnt
|faint|p2a: Ogerpon
|
|win|Pharyl
|raw|Pharyl's rating: 1216 &rarr; <strong>1235</strong><br />(+19 for winning)
|raw|Cjt118's rating: 1135 &rarr; <strong>1116</strong><br />(-19 for losing)
|c|☆Pharyl|gg
|c|☆Cjt118|gg
|l|☆Cjt118
|player|p2|
