|html|<div class="broadcast-blue"><strong>[Gen 9] OU is currently suspecting Tera Blast! For information on how to participate check out the <a href="https://www.smogon.com/tools/suspects/view/200">suspect thread</a>.</strong></div>
|j|☆tripletsucks
|j|☆alerexpendejazo
|t:|1776091704
|gametype|singles
|player|p1|tripletsucks|infielder|1176
|player|p2|alerexpendejazo|n|1206
|gen|9
|tier|[Gen 9] OU
|rated|
|rule|HP Percentage Mod: HP is shown in percentages
|rule|Endless Battle Clause: Forcing endless battles is banned
|rule|Species Clause: Limit one of each Pokémon
|rule|OHKO Clause: OHKO moves are banned
|rule|Evasion Items Clause: Evasion items are banned
|rule|Evasion Moves Clause: Evasion moves are banned
|rule|Evasion Abilities Clause: Evasion abilities are banned
|rule|Sleep Moves Clause: Sleep-inducing moves are banned
|clearpoke
|poke|p1|Deoxys-Speed|
|poke|p1|Ceruledge, F|
|poke|p1|Zamazenta-*|
|poke|p1|Ogerpon-Wellspring, F|
|poke|p1|Glimmora, M|
|poke|p1|Moltres-Galar|
|poke|p2|Glimmora, M|
|poke|p2|Pelipper, M|
|poke|p2|Barraskewda, F|
|poke|p2|Thundurus-Therian, M|
|poke|p2|Drednaw, F|
|poke|p2|Kingambit, M|
|teampreview
|j| ohko_smeargle
|inactive|Battle timer is ON: inactive players will automatically lose when time's up. (requested by tripletsucks)
|
|t:|1776091711
|teamsize|p1|6
|teamsize|p2|6
|start
|switch|p1a: Deoxys|Deoxys-Speed|100/100
|switch|p2a: fthee|Pelipper, M|100/100
|-ability|p1a: Deoxys|Pressure
|-weather|RainDance|[from] ability: Drizzle|[of] p2a: fthee
|turn|1
|
|t:|1776091724
|move|p1a: Deoxys|Light Screen|p1a: Deoxys
|-sidestart|p1: tripletsucks|move: Light Screen
|move|p2a: fthee|Knock Off|p1a: Deoxys
|-supereffective|p1a: Deoxys
|-damage|p1a: Deoxys|70/100
|-enditem|p1a: Deoxys|Light Clay|[from] move: Knock Off|[of] p2a: fthee
|
|-weather|RainDance|[upkeep]
|upkeep
|turn|2
|inactive|alerexpendejazo has 120 seconds left.
|
|t:|1776091776
|move|p1a: Deoxys|Reflect|p1a: Deoxys
|-sidestart|p1: tripletsucks|Reflect
|move|p2a: fthee|U-turn|p1a: Deoxys
|-supereffective|p1a: Deoxys
|-damage|p1a: Deoxys|59/100
|
|t:|1776091781
|switch|p2a: 9999 kph|Barraskewda, F|100/100|[from] U-turn
|
|-weather|RainDance|[upkeep]
|upkeep
|turn|3
|
|t:|1776091804
|switch|p1a: Ogerpon|Ogerpon-Wellspring, F|100/100
|-terastallize|p2a: 9999 kph|Water
|move|p2a: 9999 kph|Liquidation|p1a: Ogerpon
|-immune|p1a: Ogerpon|[from] ability: Water Absorb
|
|-weather|RainDance|[upkeep]
|upkeep
|turn|4
|inactive|alerexpendejazo has 120 seconds left.
|
|t:|1776091825
|switch|p2a: klaudios distroyer|Thundurus-Therian, M|100/100
|move|p1a: Ogerpon|Horn Leech|p2a: klaudios distroyer
|-resisted|p2a: klaudios distroyer
|-damage|p2a: klaudios distroyer|69/100
|
|-weather|RainDance|[upkeep]
|upkeep
|turn|5
|
|t:|1776091837
|move|p1a: Ogerpon|Ivy Cudgel|p2a: klaudios distroyer|[anim] Ivy Cudgel Water
|-damage|p2a: klaudios distroyer|0 fnt
|faint|p2a: klaudios distroyer
|
|-weather|RainDance|[upkeep]
|upkeep
|
|t:|1776091842
|switch|p2a: spilled ink|Glimmora, M|100/100
|turn|6
|
|t:|1776091853
|move|p1a: Ogerpon|Swords Dance|p1a: Ogerpon
|-boost|p1a: Ogerpon|atk|2
|move|p2a: spilled ink|Toxic|p1a: Ogerpon
|-status|p1a: Ogerpon|tox
|
|-weather|RainDance|[upkeep]
|-damage|p1a: Ogerpon|95/100 tox|[from] psn
|-sideend|p1: tripletsucks|Reflect
|upkeep
|turn|7
|
|t:|1776091865
|move|p1a: Ogerpon|Horn Leech|p2a: spilled ink
|-damage|p2a: spilled ink|1/100
|-heal|p1a: Ogerpon|100/100 tox|[from] drain|[of] p2a: spilled ink
|-activate|p2a: spilled ink|ability: Toxic Debris
|-sidestart|p1: tripletsucks|move: Toxic Spikes
|move|p2a: spilled ink|Stealth Rock|p1a: Ogerpon
|-sidestart|p1: tripletsucks|move: Stealth Rock
|
|-weather|RainDance|[upkeep]
|-damage|p1a: Ogerpon|89/100 tox|[from] psn
|upkeep
|turn|8
|
|t:|1776091887
|move|p1a: Ogerpon|Ivy Cudgel|p2a: spilled ink|[anim] Ivy Cudgel Water
|-supereffective|p2a: spilled ink
|-damage|p2a: spilled ink|0 fnt
|-activate|p2a: spilled ink|ability: Toxic Debris
|-sidestart|p1: tripletsucks|move: Toxic Spikes
|faint|p2a: spilled ink
|
|-weather|none
|-damage|p1a: Ogerpon|71/100 tox|[from] psn
|-sideend|p1: tripletsucks|move: Light Screen
|upkeep
|inactive|alerexpendejazo has 120 seconds left.
|
|t:|1776091911
|switch|p2a: fthee|Pelipper, M|100/100
|-weather|RainDance|[from] ability: Drizzle|[of] p2a: fthee
|turn|9
|
|t:|1776091933
|move|p1a: Ogerpon|Horn Leech|p2a: fthee
|-damage|p2a: fthee|0 fnt
|-heal|p1a: Ogerpon|100/100 tox|[from] drain|[of] p2a: fthee
|faint|p2a: fthee
|
|-weather|RainDance|[upkeep]
|-damage|p1a: Ogerpon|77/100 tox|[from] psn
|upkeep
|inactive|alerexpendejazo has 120 seconds left.
|
|t:|1776091942
|switch|p2a: Arceus - Bug|Drednaw, F|100/100
|turn|10
|
|t:|1776091953
|move|p2a: Arceus - Bug|Ice Spinner|p1a: Ogerpon
|-damage|p1a: Ogerpon|39/100 tox
|move|p1a: Ogerpon|Horn Leech|p2a: Arceus - Bug
|-supereffective|p2a: Arceus - Bug
|-damage|p2a: Arceus - Bug|0 fnt
|-heal|p1a: Ogerpon|92/100 tox|[from] drain|[of] p2a: Arceus - Bug
|faint|p2a: Arceus - Bug
|
|-weather|RainDance|[upkeep]
|-damage|p1a: Ogerpon|62/100 tox|[from] psn
|upkeep
|
|t:|1776091964
|switch|p2a: 9999 kph|Barraskewda, F, tera:Water|100/100
|turn|11
|
|t:|1776091977
|move|p2a: 9999 kph|Double-Edge|p1a: Ogerpon
|-damage|p1a: Ogerpon|0 fnt
|faint|p1a: Ogerpon
|-damage|p2a: 9999 kph|77/100|[from] Recoil
|
|-weather|RainDance|[upkeep]
|upkeep
|
|t:|1776091988
|switch|p1a: Zamazenta|Zamazenta|100/100
|-status|p1a: Zamazenta|tox
|-damage|p1a: Zamazenta|94/100 tox|[from] Stealth Rock
|-ability|p1a: Zamazenta|Dauntless Shield|boost
|-boost|p1a: Zamazenta|def|1
|turn|12
|
|t:|1776091995
|switch|p2a: Jesse Gayman|Kingambit, M|100/100
|-activate|p2a: Jesse Gayman|ability: Supreme Overlord
|-start|p2a: Jesse Gayman|fallen4|[silent]
|move|p1a: Zamazenta|Body Press|p2a: Jesse Gayman
|-supereffective|p2a: Jesse Gayman
|-damage|p2a: Jesse Gayman|0 fnt
|faint|p2a: Jesse Gayman
|-end|p2a: Jesse Gayman|fallen4|[silent]
|
|-weather|RainDance|[upkeep]
|-heal|p1a: Zamazenta|100/100 tox|[from] item: Leftovers
|-damage|p1a: Zamazenta|94/100 tox|[from] psn
|upkeep
|
|t:|1776091997
|switch|p2a: 9999 kph|Barraskewda, F, tera:Water|77/100
|turn|13
|
|t:|1776092001
|move|p2a: 9999 kph|Liquidation|p1a: Zamazenta
|-damage|p1a: Zamazenta|27/100 tox
|move|p1a: Zamazenta|Body Press|p2a: 9999 kph
|-damage|p2a: 9999 kph|0 fnt
|faint|p2a: 9999 kph
|
|win|tripletsucks
|raw|tripletsucks's rating: 1176 &rarr; <strong>1203</strong><br />(+27 for winning)
|raw|alerexpendejazo's rating: 1206 &rarr; <strong>1179</strong><br />(-27 for losing)
|l| ohko_smeargle
|c|☆tripletsucks|gg
|l|☆alerexpendejazo
|player|p2|
|l|☆tripletsucks
|player|p1|
