|html|<div class="broadcast-blue"><strong>[Gen 9] OU is currently suspecting Tera Blast! For information on how to participate check out the <a href="https://www.smogon.com/tools/suspects/view/200">suspect thread</a>.</strong></div>
|j|☆Rgb69rgb
|j|☆Tibz64
|t:|1776071092
|gametype|singles
|player|p1|Rgb69rgb|n|1107
|player|p2|Tibz64|1|1172
|gen|9
|tier|[Gen 9] OU
|rated|
|rule|HP Percentage Mod: HP is shown in percentages
|rule|Endless Battle Clause: Forcing endless battles is banned
|rule|Species Clause: Limit one of each Pokémon
|rule|OHKO Clause: OHKO moves are banned
|rule|Evasion Items Clause: Evasion items are banned
|rule|Evasion Moves Clause: Evasion moves are banned
|rule|Evasion Abilities Clause: Evasion abilities are banned
|rule|Sleep Moves Clause: Sleep-inducing moves are banned
|clearpoke
|poke|p1|Feraligatr, M|
|poke|p1|Ludicolo, F|
|poke|p1|Pawmot, M|
|poke|p1|Diancie|
|poke|p1|Latios, M|
|poke|p1|Cramorant, M|
|poke|p2|Iron Treads|
|poke|p2|Gyarados, M|
|poke|p2|Cinderace, M|
|poke|p2|Kyurem|
|poke|p2|Iron Valiant|
|poke|p2|Dragapult, M|
|teampreview
|inactive|Battle timer is ON: inactive players will automatically lose when time's up. (requested by Rgb69rgb)
|c|☆Tibz64|good luck
|
|t:|1776071112
|teamsize|p1|6
|teamsize|p2|6
|start
|switch|p1a: Ludicolo|Ludicolo, F|100/100
|switch|p2a: Iron Treads|Iron Treads|100/100
|-enditem|p2a: Iron Treads|Booster Energy
|-activate|p2a: Iron Treads|ability: Quark Drive|[fromitem]
|-start|p2a: Iron Treads|quarkdrivespe
|turn|1
|
|t:|1776071120
|move|p2a: Iron Treads|Stealth Rock|p1a: Ludicolo
|-sidestart|p1: Rgb69rgb|move: Stealth Rock
|move|p1a: Ludicolo|Rain Dance|p1a: Ludicolo
|-weather|RainDance
|
|-weather|RainDance|[upkeep]
|upkeep
|turn|2
|
|t:|1776071129
|-end|p2a: Iron Treads|Quark Drive|[silent]
|switch|p2a: Gyarados|Gyarados, M, shiny|100/100
|-ability|p2a: Gyarados|Intimidate|boost
|-unboost|p1a: Ludicolo|atk|1
|move|p1a: Ludicolo|Hydro Pump|p2a: Gyarados
|-resisted|p2a: Gyarados
|-damage|p2a: Gyarados|49/100
|-damage|p1a: Ludicolo|91/100|[from] item: Life Orb
|
|-weather|RainDance|[upkeep]
|-heal|p2a: Gyarados|55/100|[from] item: Leftovers
|upkeep
|turn|3
|
|t:|1776071142
|move|p1a: Ludicolo|Giga Drain|p2a: Gyarados
|-damage|p2a: Gyarados|12/100
|-heal|p1a: Ludicolo|100/100|[from] drain|[of] p2a: Gyarados
|-damage|p1a: Ludicolo|91/100|[from] item: Life Orb
|move|p2a: Gyarados|Crunch|p1a: Ludicolo
|-damage|p1a: Ludicolo|55/100
|
|-weather|RainDance|[upkeep]
|-heal|p2a: Gyarados|18/100|[from] item: Leftovers
|upkeep
|turn|4
|
|t:|1776071152
|move|p1a: Ludicolo|Giga Drain|p2a: Gyarados
|-damage|p2a: Gyarados|0 fnt
|-heal|p1a: Ludicolo|65/100|[from] drain|[of] p2a: Gyarados
|faint|p2a: Gyarados
|-damage|p1a: Ludicolo|55/100|[from] item: Life Orb
|
|-weather|RainDance|[upkeep]
|upkeep
|
|t:|1776071160
|switch|p2a: Dragapult|Dragapult, M, shiny|100/100
|turn|5
|
|t:|1776071165
|move|p1a: Ludicolo|Icy Wind|p2a: Dragapult
|-supereffective|p2a: Dragapult
|-damage|p2a: Dragapult|43/100
|-unboost|p2a: Dragapult|spe|1
|-damage|p1a: Ludicolo|45/100|[from] item: Life Orb
|move|p2a: Dragapult|Dragon Darts|p1a: Ludicolo
|-damage|p1a: Ludicolo|6/100
|-anim|p2a: Dragapult|Dragon Darts|p1a: Ludicolo
|-damage|p1a: Ludicolo|0 fnt
|faint|p1a: Ludicolo
|
|-weather|none
|upkeep
|
|t:|1776071174
|switch|p1a: Latios|Latios, M|100/100
|-damage|p1a: Latios|88/100|[from] Stealth Rock
|turn|6
|
|t:|1776071179
|move|p1a: Latios|Dragon Pulse|p2a: Dragapult
|-supereffective|p2a: Dragapult
|-damage|p2a: Dragapult|0 fnt
|faint|p2a: Dragapult
|
|upkeep
|
|t:|1776071194
|switch|p2a: Kyurem|Kyurem, shiny|100/100
|-ability|p2a: Kyurem|Pressure
|turn|7
|
|t:|1776071200
|move|p1a: Latios|Draco Meteor|p2a: Kyurem
|-supereffective|p2a: Kyurem
|-damage|p2a: Kyurem|0 fnt
|-unboost|p1a: Latios|spa|2
|faint|p2a: Kyurem
|
|upkeep
|
|t:|1776071206
|switch|p2a: Cinderace|Cinderace, M, shiny|100/100
|turn|8
|
|t:|1776071211
|switch|p1a: Cramorant|Cramorant, M|100/100
|-damage|p1a: Cramorant|76/100|[from] Stealth Rock
|move|p2a: Cinderace|Sucker Punch||[still]
|-fail|p2a: Cinderace
|
|upkeep
|turn|9
|
|t:|1776071224
|switch|p2a: Iron Valiant|Iron Valiant|100/100
|-enditem|p2a: Iron Valiant|Booster Energy
|-activate|p2a: Iron Valiant|ability: Quark Drive|[fromitem]
|-start|p2a: Iron Valiant|quarkdrivespe
|move|p1a: Cramorant|Surf|p2a: Iron Valiant
|-formechange|p1a: Cramorant|Cramorant-Gulping|
|-damage|p2a: Iron Valiant|42/100
|
|upkeep
|turn|10
|
|t:|1776071238
|move|p2a: Iron Valiant|Moonblast|p1a: Cramorant
|-damage|p1a: Cramorant|35/100
|-damage|p2a: Iron Valiant|17/100|[from] ability: Gulp Missile|[of] p1a: Cramorant
|-unboost|p2a: Iron Valiant|def|1
|-formechange|p1a: Cramorant|Cramorant|
|move|p1a: Cramorant|Surf|p2a: Iron Valiant
|-formechange|p1a: Cramorant|Cramorant-Gorging|
|-damage|p2a: Iron Valiant|0 fnt
|faint|p2a: Iron Valiant
|-end|p2a: Iron Valiant|Quark Drive|[silent]
|
|upkeep
|
|t:|1776071249
|switch|p2a: Cinderace|Cinderace, M, shiny|100/100
|turn|11
|
|t:|1776071255
|move|p2a: Cinderace|Sucker Punch|p1a: Cramorant
|-start|p2a: Cinderace|typechange|Dark|[from] ability: Libero
|-damage|p1a: Cramorant|0 fnt
|-damage|p2a: Cinderace|76/100|[from] ability: Gulp Missile|[of] p1a: Cramorant
|-status|p2a: Cinderace|par
|-formechange|p1a: Cramorant|Cramorant|
|faint|p1a: Cramorant
|
|upkeep
|
|t:|1776071261
|switch|p1a: Feraligatr|Feraligatr, M|100/100
|-damage|p1a: Feraligatr|88/100|[from] Stealth Rock
|turn|12
|
|t:|1776071269
|switch|p2a: Iron Treads|Iron Treads|100/100
|move|p1a: Feraligatr|Liquidation|p2a: Iron Treads
|-supereffective|p2a: Iron Treads
|-damage|p2a: Iron Treads|0 fnt
|faint|p2a: Iron Treads
|-end|p2a: Iron Treads|Quark Drive|[silent]
|
|upkeep
|
|t:|1776071276
|switch|p2a: Cinderace|Cinderace, M, shiny|76/100 par
|turn|13
|
|t:|1776071280
|-terastallize|p2a: Cinderace|Water
|move|p2a: Cinderace|Sucker Punch|p1a: Feraligatr
|-damage|p1a: Feraligatr|65/100
|-damage|p2a: Cinderace|59/100 par|[from] item: Rocky Helmet|[of] p1a: Feraligatr
|move|p1a: Feraligatr|Liquidation|p2a: Cinderace
|-resisted|p2a: Cinderace
|-damage|p2a: Cinderace|22/100 par
|
|upkeep
|turn|14
|
|t:|1776071289
|move|p1a: Feraligatr|Crunch|p2a: Cinderace
|-damage|p2a: Cinderace|0 fnt
|faint|p2a: Cinderace
|
|win|Rgb69rgb
|raw|Rgb69rgb's rating: 1079 &rarr; <strong>1115</strong><br />(+36 for winning)
|raw|Tibz64's rating: 1172 &rarr; <strong>1140</strong><br />(-32 for losing)
|l|☆Rgb69rgb
|player|p1|
|l|☆Tibz64
|player|p2|
