|html|<div class="broadcast-blue"><strong>[Gen 9] OU is currently suspecting Tera Blast! For information on how to participate check out the <a href="https://www.smogon.com/tools/suspects/view/200">suspect thread</a>.</strong></div>
|j|☆iceMystic3
|j|☆Dmytro Drakovic
|t:|1776032181
|gametype|singles
|player|p1|iceMystic3|cynthia-gen4|1148
|player|p2|Dmytro Drakovic|lance|1106
|gen|9
|tier|[Gen 9] OU
|rated|
|rule|HP Percentage Mod: HP is shown in percentages
|rule|Endless Battle Clause: Forcing endless battles is banned
|rule|Species Clause: Limit one of each Pokémon
|rule|OHKO Clause: OHKO moves are banned
|rule|Evasion Items Clause: Evasion items are banned
|rule|Evasion Moves Clause: Evasion moves are banned
|rule|Evasion Abilities Clause: Evasion abilities are banned
|rule|Sleep Moves Clause: Sleep-inducing moves are banned
|clearpoke
|poke|p1|Great Tusk|
|poke|p1|Dragapult, M|
|poke|p1|Iron Valiant|
|poke|p1|Gholdengo|
|poke|p1|Kingambit, F|
|poke|p1|Blissey, F|
|poke|p2|Arcanine-Hisui, F|
|poke|p2|Porygon2|
|poke|p2|Staraptor, M|
|poke|p2|Toedscruel, F|
|poke|p2|Tauros-Paldea-Combat, M|
|poke|p2|Blastoise, M|
|teampreview
|inactive|Battle timer is ON: inactive players will automatically lose when time's up. (requested by Dmytro Drakovic)
|
|t:|1776032200
|teamsize|p1|6
|teamsize|p2|6
|start
|switch|p1a: Blissey|Blissey, F|100/100
|switch|p2a: Porygon2|Porygon2|100/100
|-ability|p2a: Porygon2|Download|boost
|-boost|p2a: Porygon2|atk|1
|turn|1
|
|t:|1776032225
|move|p2a: Porygon2|Tri Attack|p1a: Blissey
|-damage|p1a: Blissey|89/100
|move|p1a: Blissey|Thunder Wave|p2a: Porygon2
|-status|p2a: Porygon2|par
|
|upkeep
|turn|2
|
|t:|1776032241
|switch|p2a: Tauros|Tauros-Paldea-Combat, M|100/100
|move|p1a: Blissey|Seismic Toss|p2a: Tauros
|-damage|p2a: Tauros|66/100
|
|upkeep
|turn|3
|
|t:|1776032255
|switch|p1a: Gholdengo|Gholdengo|100/100
|move|p2a: Tauros|Earthquake|p1a: Gholdengo
|-supereffective|p1a: Gholdengo
|-damage|p1a: Gholdengo|25/100
|
|upkeep
|turn|4
|
|t:|1776032273
|-terastallize|p2a: Tauros|Steel
|move|p1a: Gholdengo|Make It Rain|p2a: Tauros
|-resisted|p2a: Tauros
|-damage|p2a: Tauros|15/100
|-unboost|p1a: Gholdengo|spa|1
|-enditem|p2a: Tauros|Sitrus Berry|[eat]
|-heal|p2a: Tauros|40/100|[from] item: Sitrus Berry
|move|p2a: Tauros|Throat Chop|p1a: Gholdengo
|-supereffective|p1a: Gholdengo
|-damage|p1a: Gholdengo|0 fnt
|faint|p1a: Gholdengo
|
|upkeep
|
|t:|1776032287
|switch|p1a: Dragapult|Dragapult, M|100/100
|turn|5
|
|t:|1776032301
|move|p1a: Dragapult|Flamethrower|p2a: Tauros
|-supereffective|p2a: Tauros
|-crit|p2a: Tauros
|-damage|p2a: Tauros|0 fnt
|faint|p2a: Tauros
|
|upkeep
|
|t:|1776032304
|switch|p2a: Blastoise|Blastoise, M, shiny|100/100
|turn|6
|
|t:|1776032320
|switch|p1a: Blissey|Blissey, F|89/100
|move|p2a: Blastoise|Shell Smash|p2a: Blastoise
|-unboost|p2a: Blastoise|def|1
|-unboost|p2a: Blastoise|spd|1
|-boost|p2a: Blastoise|atk|2
|-boost|p2a: Blastoise|spa|2
|-boost|p2a: Blastoise|spe|2
|-enditem|p2a: Blastoise|White Herb
|-clearnegativeboost|p2a: Blastoise|[silent]
|
|upkeep
|turn|7
|
|t:|1776032334
|move|p2a: Blastoise|Water Spout|p1a: Blissey
|-damage|p1a: Blissey|53/100
|move|p1a: Blissey|Thunder Wave|p2a: Blastoise
|-status|p2a: Blastoise|par
|
|upkeep
|turn|8
|
|t:|1776032344
|move|p2a: Blastoise|Shell Smash|p2a: Blastoise
|-unboost|p2a: Blastoise|def|1
|-unboost|p2a: Blastoise|spd|1
|-boost|p2a: Blastoise|atk|2
|-boost|p2a: Blastoise|spa|2
|-boost|p2a: Blastoise|spe|2
|move|p1a: Blissey|Soft-Boiled|p1a: Blissey
|-heal|p1a: Blissey|100/100
|
|upkeep
|turn|9
|
|t:|1776032355
|move|p2a: Blastoise|Water Spout|p1a: Blissey
|-crit|p1a: Blissey
|-damage|p1a: Blissey|13/100
|move|p1a: Blissey|Seismic Toss|p2a: Blastoise
|-damage|p2a: Blastoise|67/100 par
|
|upkeep
|turn|10
|
|t:|1776032363
|move|p2a: Blastoise|Water Spout|p1a: Blissey
|-damage|p1a: Blissey|0 fnt
|faint|p1a: Blissey
|
|upkeep
|
|t:|1776032368
|switch|p1a: Iron Valiant|Iron Valiant|100/100
|-enditem|p1a: Iron Valiant|Booster Energy
|-activate|p1a: Iron Valiant|ability: Quark Drive|[fromitem]
|-start|p1a: Iron Valiant|quarkdrivespe
|turn|11
|
|t:|1776032374
|move|p1a: Iron Valiant|Thunderbolt|p2a: Blastoise
|-supereffective|p2a: Blastoise
|-damage|p2a: Blastoise|0 fnt
|faint|p2a: Blastoise
|
|upkeep
|
|t:|1776032388
|switch|p2a: Toedscruel|Toedscruel, F|100/100
|turn|12
|
|t:|1776032407
|-end|p1a: Iron Valiant|Quark Drive|[silent]
|switch|p1a: Dragapult|Dragapult, M|100/100
|move|p2a: Toedscruel|Earth Power|p1a: Dragapult
|-damage|p1a: Dragapult|53/100
|
|upkeep
|turn|13
|
|t:|1776032427
|move|p1a: Dragapult|Flamethrower|p2a: Toedscruel
|-supereffective|p2a: Toedscruel
|-damage|p2a: Toedscruel|29/100
|move|p2a: Toedscruel|Earth Power|p1a: Dragapult
|-damage|p1a: Dragapult|9/100
|
|-heal|p2a: Toedscruel|35/100|[from] item: Leftovers
|upkeep
|turn|14
|
|t:|1776032438
|move|p1a: Dragapult|Flamethrower|p2a: Toedscruel
|-supereffective|p2a: Toedscruel
|-crit|p2a: Toedscruel
|-damage|p2a: Toedscruel|0 fnt
|faint|p2a: Toedscruel
|
|upkeep
|
|t:|1776032442
|switch|p2a: Porygon2|Porygon2|100/100 par
|-ability|p2a: Porygon2|Download|boost
|-boost|p2a: Porygon2|spa|1
|turn|15
|
|t:|1776032447
|move|p1a: Dragapult|Flamethrower|p2a: Porygon2
|-damage|p2a: Porygon2|73/100 par
|move|p2a: Porygon2|Blizzard|p1a: Dragapult
|-supereffective|p1a: Dragapult
|-damage|p1a: Dragapult|0 fnt
|faint|p1a: Dragapult
|
|upkeep
|
|t:|1776032457
|switch|p1a: Iron Valiant|Iron Valiant|100/100
|turn|16
|
|t:|1776032470
|move|p1a: Iron Valiant|Close Combat|p2a: Porygon2
|-supereffective|p2a: Porygon2
|-damage|p2a: Porygon2|10/100 par
|-unboost|p1a: Iron Valiant|def|1
|-unboost|p1a: Iron Valiant|spd|1
|cant|p2a: Porygon2|par
|
|upkeep
|turn|17
|
|t:|1776032480
|move|p1a: Iron Valiant|Thunderbolt|p2a: Porygon2
|-damage|p2a: Porygon2|0 fnt
|faint|p2a: Porygon2
|
|upkeep
|
|t:|1776032485
|switch|p2a: Staraptor|Staraptor, M|100/100
|turn|18
|
|t:|1776032490
|move|p1a: Iron Valiant|Thunderbolt|p2a: Staraptor
|-supereffective|p2a: Staraptor
|-damage|p2a: Staraptor|7/100
|move|p2a: Staraptor|Brave Bird|p1a: Iron Valiant
|-supereffective|p1a: Iron Valiant
|-damage|p1a: Iron Valiant|0 fnt
|faint|p1a: Iron Valiant
|-end|p1a: Iron Valiant|Quark Drive|[silent]
|-damage|p2a: Staraptor|0 fnt|[from] Recoil
|faint|p2a: Staraptor
|
|upkeep
|
|t:|1776032501
|switch|p1a: Great Tusk|Great Tusk|100/100
|switch|p2a: Arcanine|Arcanine-Hisui, F|100/100
|turn|19
|
|t:|1776032514
|move|p2a: Arcanine|Flare Blitz|p1a: Great Tusk
|-damage|p1a: Great Tusk|65/100
|-status|p1a: Great Tusk|brn
|-damage|p2a: Arcanine|91/100|[from] item: Life Orb
|move|p1a: Great Tusk|Earthquake|p2a: Arcanine
|-supereffective|p2a: Arcanine
|-damage|p2a: Arcanine|0 fnt
|faint|p2a: Arcanine
|
|win|iceMystic3
|raw|iceMystic3's rating: 1148 &rarr; <strong>1170</strong><br />(+22 for winning)
|raw|Dmytro Drakovic's rating: 1106 &rarr; <strong>1084</strong><br />(-22 for losing)
|l|☆Dmytro Drakovic
|player|p2|
|l|☆iceMystic3
|player|p1|
