|html|<div class="broadcast-blue"><strong>[Gen 9] OU is currently suspecting Tera Blast! For information on how to participate check out the <a href="https://www.smogon.com/tools/suspects/view/200">suspect thread</a>.</strong></div>
|j|☆digiwayne003
|j|☆waha8
|t:|1776065117
|gametype|singles
|player|p1|digiwayne003|beauty|1402
|player|p2|waha8|265|1388
|gen|9
|tier|[Gen 9] OU
|rated|
|rule|HP Percentage Mod: HP is shown in percentages
|rule|Endless Battle Clause: Forcing endless battles is banned
|rule|Species Clause: Limit one of each Pokémon
|rule|OHKO Clause: OHKO moves are banned
|rule|Evasion Items Clause: Evasion items are banned
|rule|Evasion Moves Clause: Evasion moves are banned
|rule|Evasion Abilities Clause: Evasion abilities are banned
|rule|Sleep Moves Clause: Sleep-inducing moves are banned
|clearpoke
|poke|p1|Scovillain, M|
|poke|p1|Ninetales, M|
|poke|p1|Raging Bolt|
|poke|p1|Walking Wake|
|poke|p1|Hatterene, F|
|poke|p1|Great Tusk|
|poke|p2|Slowking-Galar, M|
|poke|p2|Indeedee, M|
|poke|p2|Blaziken, F|
|poke|p2|Hoopa-Unbound|
|poke|p2|Dragapult, F|
|poke|p2|Torkoal, F|
|teampreview
|inactive|Battle timer is ON: inactive players will automatically lose when time's up. (requested by digiwayne003)
|
|t:|1776065129
|teamsize|p1|6
|teamsize|p2|6
|start
|switch|p1a: Ninetales|Ninetales, M|100/100
|switch|p2a: SageOfSixPaths|Slowking-Galar, M|100/100
|-weather|SunnyDay|[from] ability: Drought|[of] p1a: Ninetales
|turn|1
|
|t:|1776065136
|move|p1a: Ninetales|Will-O-Wisp|p2a: SageOfSixPaths
|-status|p2a: SageOfSixPaths|brn
|move|p2a: SageOfSixPaths|Trick Room|p2a: SageOfSixPaths
|-fieldstart|move: Trick Room|[of] p2a: SageOfSixPaths
|
|-weather|SunnyDay|[upkeep]
|-damage|p2a: SageOfSixPaths|94/100 brn|[from] brn
|upkeep
|turn|2
|
|t:|1776065145
|switch|p1a: Hatterene|Hatterene, F|100/100
|move|p2a: SageOfSixPaths|Sludge Wave|p1a: Hatterene
|-supereffective|p1a: Hatterene
|-damage|p1a: Hatterene|0 fnt
|faint|p1a: Hatterene
|-damage|p2a: SageOfSixPaths|84/100 brn|[from] item: Life Orb
|
|-weather|SunnyDay|[upkeep]
|-damage|p2a: SageOfSixPaths|78/100 brn|[from] brn
|upkeep
|
|t:|1776065157
|switch|p1a: Great Tusk|Great Tusk|100/100
|-activate|p1a: Great Tusk|ability: Protosynthesis
|-start|p1a: Great Tusk|protosynthesisatk
|turn|3
|
|t:|1776065164
|-terastallize|p1a: Great Tusk|Steel
|move|p2a: SageOfSixPaths|Expanding Force|p1a: Great Tusk
|-resisted|p1a: Great Tusk
|-damage|p1a: Great Tusk|57/100
|-damage|p2a: SageOfSixPaths|68/100 brn|[from] item: Life Orb
|move|p1a: Great Tusk|Headlong Rush|p2a: SageOfSixPaths
|-supereffective|p2a: SageOfSixPaths
|-damage|p2a: SageOfSixPaths|0 fnt
|-unboost|p1a: Great Tusk|def|1
|-unboost|p1a: Great Tusk|spd|1
|faint|p2a: SageOfSixPaths
|
|-weather|SunnyDay|[upkeep]
|upkeep
|
|t:|1776065177
|switch|p2a: Jotaro|Hoopa-Unbound|100/100
|turn|4
|
|t:|1776065187
|move|p2a: Jotaro|Hyperspace Fury|p1a: Great Tusk
|-damage|p1a: Great Tusk|0 fnt
|-unboost|p2a: Jotaro|def|1
|faint|p1a: Great Tusk
|-end|p1a: Great Tusk|Protosynthesis|[silent]
|-damage|p2a: Jotaro|91/100|[from] item: Life Orb
|
|-weather|SunnyDay|[upkeep]
|upkeep
|
|t:|1776065194
|switch|p1a: Raging Bolt|Raging Bolt|100/100
|-activate|p1a: Raging Bolt|ability: Protosynthesis
|-start|p1a: Raging Bolt|protosynthesisspa
|turn|5
|
|t:|1776065201
|switch|p2a: DeeDee|Indeedee, M|100/100
|-fieldstart|move: Psychic Terrain|[from] ability: Psychic Surge|[of] p2a: DeeDee
|move|p1a: Raging Bolt|Thunderbolt|p2a: DeeDee
|-damage|p2a: DeeDee|10/100
|
|-weather|SunnyDay|[upkeep]
|-fieldend|move: Trick Room
|upkeep
|turn|6
|
|t:|1776065211
|move|p2a: DeeDee|Expanding Force|p1a: Raging Bolt
|-damage|p1a: Raging Bolt|59/100
|move|p1a: Raging Bolt|Thunderbolt|p2a: DeeDee
|-damage|p2a: DeeDee|0 fnt
|faint|p2a: DeeDee
|
|-weather|SunnyDay|[upkeep]
|upkeep
|
|t:|1776065218
|switch|p2a: Jotaro|Hoopa-Unbound|91/100
|turn|7
|
|t:|1776065226
|move|p1a: Raging Bolt|Draco Meteor|p2a: Jotaro
|-damage|p2a: Jotaro|21/100
|-unboost|p1a: Raging Bolt|spa|2
|move|p2a: Jotaro|Trick Room|p2a: Jotaro
|-fieldstart|move: Trick Room|[of] p2a: Jotaro
|
|-weather|SunnyDay|[upkeep]
|upkeep
|turn|8
|
|t:|1776065240
|-end|p1a: Raging Bolt|Protosynthesis|[silent]
|switch|p1a: Scovillain|Scovillain, M|100/100
|move|p2a: Jotaro|Expanding Force|p1a: Scovillain
|-enditem|p1a: Scovillain|Focus Sash
|-damage|p1a: Scovillain|1/100
|-damage|p2a: Jotaro|11/100|[from] item: Life Orb
|
|-weather|none
|upkeep
|turn|9
|
|t:|1776065248
|move|p2a: Jotaro|Expanding Force|p1a: Scovillain
|-damage|p1a: Scovillain|0 fnt
|faint|p1a: Scovillain
|-damage|p2a: Jotaro|1/100|[from] item: Life Orb
|
|upkeep
|
|t:|1776065251
|switch|p1a: Ninetales|Ninetales, M|100/100
|-weather|SunnyDay|[from] ability: Drought|[of] p1a: Ninetales
|turn|10
|
|t:|1776065256
|move|p2a: Jotaro|Expanding Force|p1a: Ninetales
|-damage|p1a: Ninetales|0 fnt
|faint|p1a: Ninetales
|-damage|p2a: Jotaro|0 fnt|[from] item: Life Orb
|faint|p2a: Jotaro
|
|-weather|SunnyDay|[upkeep]
|upkeep
|
|t:|1776065265
|switch|p2a: Tailwhip|Dragapult, F|100/100
|switch|p1a: Raging Bolt|Raging Bolt|59/100
|-activate|p1a: Raging Bolt|ability: Protosynthesis
|-start|p1a: Raging Bolt|protosynthesisspa
|turn|11
|
|t:|1776065271
|switch|p2a: Sage|Torkoal, F|100/100
|move|p1a: Raging Bolt|Draco Meteor|p2a: Sage
|-damage|p2a: Sage|0 fnt
|-unboost|p1a: Raging Bolt|spa|2
|faint|p2a: Sage
|
|-weather|SunnyDay|[upkeep]
|-fieldend|move: Trick Room
|upkeep
|
|t:|1776065284
|switch|p2a: Tailwhip|Dragapult, F|100/100
|turn|12
|
|t:|1776065290
|move|p2a: Tailwhip|Dragon Darts|p1a: Raging Bolt
|-supereffective|p1a: Raging Bolt
|-damage|p1a: Raging Bolt|0 fnt
|faint|p1a: Raging Bolt
|-end|p1a: Raging Bolt|Protosynthesis|[silent]
|
|-weather|SunnyDay|[upkeep]
|-fieldend|move: Psychic Terrain
|upkeep
|
|t:|1776065294
|switch|p1a: Walking Wake|Walking Wake|100/100
|-activate|p1a: Walking Wake|ability: Protosynthesis
|-start|p1a: Walking Wake|protosynthesisspe
|turn|13
|
|t:|1776065298
|-terastallize|p2a: Tailwhip|Dragon
|move|p1a: Walking Wake|Draco Meteor|p2a: Tailwhip
|-supereffective|p2a: Tailwhip
|-damage|p2a: Tailwhip|0 fnt
|-unboost|p1a: Walking Wake|spa|2
|faint|p2a: Tailwhip
|-damage|p1a: Walking Wake|91/100|[from] item: Life Orb
|
|-weather|SunnyDay|[upkeep]
|upkeep
|
|t:|1776065306
|switch|p2a: Ken|Blaziken, F|100/100
|turn|14
|
|t:|1776065310
|move|p1a: Walking Wake|Hydro Steam|p2a: Ken
|-supereffective|p2a: Ken
|-damage|p2a: Ken|0 fnt
|faint|p2a: Ken
|-damage|p1a: Walking Wake|81/100|[from] item: Life Orb
|
|win|digiwayne003
|raw|digiwayne003's rating: 1402 &rarr; <strong>1421</strong><br />(+19 for winning)
|raw|waha8's rating: 1388 &rarr; <strong>1369</strong><br />(-19 for losing)
|c|☆waha8|gg
|l|☆waha8
|player|p2|
|l|☆digiwayne003
|player|p1|
