|html|<div class="broadcast-blue"><strong>[Gen 9] OU is currently suspecting Volcarona! For information on how to participate check out the <a href="https://www.smogon.com/tools/suspects/view/208">suspect thread</a>.</strong></div>
|j|☆bigene
|j|☆nytorget
|t:|1778504971
|gametype|singles
|player|p1|bigene|101|1497
|player|p2|nytorget|gentleman-gen1rb|1570
|gen|9
|tier|[Gen 9] OU
|rated|
|rule|HP Percentage Mod: HP is shown in percentages
|rule|Endless Battle Clause: Forcing endless battles is banned
|rule|Species Clause: Limit one of each Pokémon
|rule|OHKO Clause: OHKO moves are banned
|rule|Evasion Items Clause: Evasion items are banned
|rule|Evasion Moves Clause: Evasion moves are banned
|rule|Evasion Abilities Clause: Evasion abilities are banned
|rule|Sleep Moves Clause: Sleep-inducing moves are banned
|clearpoke
|poke|p1|Zamazenta-*|
|poke|p1|Dragonite, F|
|poke|p1|Ting-Lu|
|poke|p1|Ogerpon-Wellspring, F|
|poke|p1|Gholdengo|
|poke|p1|Conkeldurr, M|
|poke|p2|Weavile, M|
|poke|p2|Volcanion|
|poke|p2|Great Tusk|
|poke|p2|Hatterene, F|
|poke|p2|Gholdengo|
|poke|p2|Dragonite, M|
|teampreview
|inactive|Battle timer is ON: inactive players will automatically lose when time's up. (requested by bigene)
|
|t:|1778504979
|teamsize|p1|6
|teamsize|p2|6
|start
|switch|p1a: Gholdengo|Gholdengo|100/100
|switch|p2a: Gholdengo|Gholdengo|100/100
|turn|1
|
|t:|1778504984
|move|p1a: Gholdengo|Shadow Ball|p2a: Gholdengo
|-supereffective|p2a: Gholdengo
|-damage|p2a: Gholdengo|0 fnt
|faint|p2a: Gholdengo
|
|upkeep
|
|t:|1778504988
|switch|p2a: Weavile|Weavile, M|100/100
|turn|2
|
|t:|1778504999
|switch|p1a: Ting-Lu|Ting-Lu|100/100
|-ability|p1a: Ting-Lu|Vessel of Ruin
|move|p2a: Weavile|Triple Axel|p1a: Ting-Lu
|-supereffective|p1a: Ting-Lu
|-damage|p1a: Ting-Lu|87/100
|-supereffective|p1a: Ting-Lu
|-damage|p1a: Ting-Lu|64/100
|-supereffective|p1a: Ting-Lu
|-damage|p1a: Ting-Lu|30/100
|-hitcount|p1a: Ting-Lu|3
|-enditem|p1a: Ting-Lu|Red Card|[of] p2a: Weavile
|drag|p2a: Volcanion|Volcanion|100/100
|
|upkeep
|turn|3
|
|t:|1778505013
|move|p2a: Volcanion|Steam Eruption|p1a: Ting-Lu
|-supereffective|p1a: Ting-Lu
|-damage|p1a: Ting-Lu|0 fnt
|faint|p1a: Ting-Lu
|
|upkeep
|
|t:|1778505026
|switch|p1a: Conkeldurr|Conkeldurr, M|100/100
|turn|4
|
|t:|1778505029
|switch|p2a: Hatterene|Hatterene, F|100/100
|move|p1a: Conkeldurr|Knock Off|p2a: Hatterene
|-damage|p2a: Hatterene|68/100
|-damage|p1a: Conkeldurr|84/100|[from] item: Rocky Helmet|[of] p2a: Hatterene
|-enditem|p2a: Hatterene|Rocky Helmet|[from] move: Knock Off|[of] p1a: Conkeldurr
|
|-status|p1a: Conkeldurr|brn|[from] item: Flame Orb
|upkeep
|turn|5
|
|t:|1778505038
|switch|p1a: Gholdengo|Gholdengo|100/100
|move|p2a: Hatterene|Psychic Noise|p1a: Gholdengo
|-resisted|p1a: Gholdengo
|-damage|p1a: Gholdengo|80/100
|-start|p1a: Gholdengo|move: Heal Block
|
|upkeep
|turn|6
|
|t:|1778505047
|switch|p2a: Volcanion|Volcanion|100/100
|move|p1a: Gholdengo|Make It Rain|p2a: Volcanion
|-resisted|p2a: Volcanion
|-damage|p2a: Volcanion|82/100
|-unboost|p1a: Gholdengo|spa|1
|
|-end|p1a: Gholdengo|move: Heal Block
|upkeep
|turn|7
|
|t:|1778505057
|switch|p1a: Conkeldurr|Conkeldurr, M|84/100 brn
|move|p2a: Volcanion|Flamethrower|p1a: Conkeldurr
|-damage|p1a: Conkeldurr|31/100 brn
|
|-damage|p1a: Conkeldurr|25/100 brn|[from] brn
|upkeep
|turn|8
|
|t:|1778505066
|move|p1a: Conkeldurr|Mach Punch|p2a: Volcanion
|-damage|p2a: Volcanion|51/100
|move|p2a: Volcanion|Flamethrower|p1a: Conkeldurr
|-damage|p1a: Conkeldurr|0 fnt
|faint|p1a: Conkeldurr
|
|upkeep
|
|t:|1778505076
|switch|p1a: Dragonite|Dragonite, F|100/100
|turn|9
|
|t:|1778505086
|move|p1a: Dragonite|Earthquake|p2a: Volcanion
|-supereffective|p2a: Volcanion
|-enditem|p2a: Volcanion|Shuca Berry|[eat]
|-enditem|p2a: Volcanion|Shuca Berry|[weaken]
|-damage|p2a: Volcanion|23/100
|move|p2a: Volcanion|Will-O-Wisp|p1a: Dragonite|[miss]
|-miss|p2a: Volcanion|p1a: Dragonite
|
|upkeep
|turn|10
|c|☆nytorget|rasyyä'ö l
|c|☆nytorget|<ëyzt
|c|☆nytorget|s<ry
|c|☆nytorget|<
|c|☆nytorget|srt
|c|☆nytorget|<sry
|
|t:|1778505095
|move|p1a: Dragonite|Earthquake|p2a: Volcanion
|-supereffective|p2a: Volcanion
|-damage|p2a: Volcanion|0 fnt
|faint|p2a: Volcanion
|
|upkeep
|
|t:|1778505101
|switch|p2a: Hatterene|Hatterene, F|68/100
|turn|11
|
|t:|1778505105
|switch|p1a: Gholdengo|Gholdengo|80/100
|move|p2a: Hatterene|Nuzzle|p1a: Gholdengo
|-damage|p1a: Gholdengo|75/100
|-status|p1a: Gholdengo|par
|
|upkeep
|turn|12
|
|t:|1778505114
|move|p1a: Gholdengo|Make It Rain|p2a: Hatterene
|-supereffective|p2a: Hatterene
|-damage|p2a: Hatterene|0 fnt
|-unboost|p1a: Gholdengo|spa|1
|faint|p2a: Hatterene
|
|upkeep
|
|t:|1778505116
|switch|p2a: Dragonite|Dragonite, M|100/100
|turn|13
|
|t:|1778505124
|switch|p1a: Ogerpon|Ogerpon-Wellspring, F|100/100
|move|p2a: Dragonite|Dragon Dance|p2a: Dragonite
|-boost|p2a: Dragonite|atk|1
|-boost|p2a: Dragonite|spe|1
|
|upkeep
|turn|14
|
|t:|1778505130
|move|p2a: Dragonite|Dragon Dance|p2a: Dragonite
|-boost|p2a: Dragonite|atk|1
|-boost|p2a: Dragonite|spe|1
|move|p1a: Ogerpon|Encore|p2a: Dragonite
|-start|p2a: Dragonite|Encore
|
|upkeep
|turn|15
|
|t:|1778505137
|switch|p1a: Gholdengo|Gholdengo|75/100 par
|move|p2a: Dragonite|Dragon Dance|p2a: Dragonite
|-boost|p2a: Dragonite|atk|1
|-boost|p2a: Dragonite|spe|1
|
|upkeep
|turn|16
|
|t:|1778505143
|move|p2a: Dragonite|Dragon Dance|p2a: Dragonite
|-boost|p2a: Dragonite|atk|1
|-boost|p2a: Dragonite|spe|1
|move|p1a: Gholdengo|Trick|p2a: Dragonite
|-activate|p1a: Gholdengo|move: Trick|[of] p2a: Dragonite
|-item|p2a: Dragonite|Choice Scarf|[from] move: Trick
|-item|p1a: Gholdengo|Leftovers|[from] move: Trick
|
|-heal|p1a: Gholdengo|81/100 par|[from] item: Leftovers
|upkeep
|turn|17
|
|t:|1778505153
|switch|p2a: Great Tusk|Great Tusk|100/100
|move|p1a: Gholdengo|Shadow Ball|p2a: Great Tusk
|-damage|p2a: Great Tusk|66/100
|-unboost|p2a: Great Tusk|spd|1
|
|-heal|p1a: Gholdengo|87/100 par|[from] item: Leftovers
|upkeep
|turn|18
|
|t:|1778505164
|move|p2a: Great Tusk|Headlong Rush|p1a: Gholdengo
|-supereffective|p1a: Gholdengo
|-damage|p1a: Gholdengo|0 fnt
|-unboost|p2a: Great Tusk|def|1
|-unboost|p2a: Great Tusk|spd|1
|faint|p1a: Gholdengo
|
|upkeep
|
|t:|1778505175
|switch|p1a: Ogerpon|Ogerpon-Wellspring, F|100/100
|turn|19
|
|t:|1778505181
|-end|p2a: Great Tusk|Protosynthesis|[silent]
|switch|p2a: Dragonite|Dragonite, M|100/100
|move|p1a: Ogerpon|Ivy Cudgel|p2a: Dragonite|[anim] Ivy Cudgel Water
|-resisted|p2a: Dragonite
|-damage|p2a: Dragonite|84/100
|
|upkeep
|turn|20
|
|t:|1778505190
|move|p2a: Dragonite|Ice Spinner|p1a: Ogerpon
|-damage|p1a: Ogerpon|64/100
|move|p1a: Ogerpon|Ivy Cudgel|p2a: Dragonite|[anim] Ivy Cudgel Water
|-resisted|p2a: Dragonite
|-crit|p2a: Dragonite
|-damage|p2a: Dragonite|33/100
|
|upkeep
|turn|21
|
|t:|1778505198
|move|p2a: Dragonite|Ice Spinner|p1a: Ogerpon
|-damage|p1a: Ogerpon|29/100
|move|p1a: Ogerpon|Ivy Cudgel|p2a: Dragonite|[anim] Ivy Cudgel Water
|-resisted|p2a: Dragonite
|-damage|p2a: Dragonite|2/100
|
|upkeep
|turn|22
|
|t:|1778505204
|move|p2a: Dragonite|Ice Spinner|p1a: Ogerpon
|-damage|p1a: Ogerpon|0 fnt
|faint|p1a: Ogerpon
|
|upkeep
|
|t:|1778505209
|switch|p1a: Dragonite|Dragonite, F|100/100
|turn|23
|
|t:|1778505213
|-terastallize|p1a: Dragonite|Normal
|move|p2a: Dragonite|Ice Spinner|p1a: Dragonite
|-damage|p1a: Dragonite|83/100
|move|p1a: Dragonite|Dragon Dance|p1a: Dragonite
|-boost|p1a: Dragonite|atk|1
|-boost|p1a: Dragonite|spe|1
|
|upkeep
|turn|24
|
|t:|1778505220
|move|p2a: Dragonite|Ice Spinner|p1a: Dragonite
|-damage|p1a: Dragonite|49/100
|move|p1a: Dragonite|Dragon Dance|p1a: Dragonite
|-boost|p1a: Dragonite|atk|1
|-boost|p1a: Dragonite|spe|1
|
|upkeep
|turn|25
|
|t:|1778505227
|move|p1a: Dragonite|Extreme Speed|p2a: Dragonite
|-damage|p2a: Dragonite|0 fnt
|faint|p2a: Dragonite
|
|upkeep
|
|t:|1778505229
|switch|p2a: Great Tusk|Great Tusk|66/100
|turn|26
|c|☆nytorget|brah
|
|t:|1778505235
|move|p1a: Dragonite|Extreme Speed|p2a: Great Tusk
|-damage|p2a: Great Tusk|0 fnt
|faint|p2a: Great Tusk
|-end|p2a: Great Tusk|Protosynthesis|[silent]
|
|upkeep
|c|☆nytorget|should have been gg
|l|☆nytorget
|inactive|nytorget disconnected and has a minute to reconnect!
|player|p2|
|inactive|nytorget has 30 seconds to reconnect!
|inactive|nytorget has 20 seconds to reconnect!
|inactive|nytorget has 15 seconds to reconnect!
|inactive|nytorget has 10 seconds to reconnect!
|inactive|nytorget has 5 seconds to reconnect!
|-message|nytorget lost due to inactivity.
|
|win|bigene
|raw|bigene's rating: 1497 &rarr; <strong>1521</strong><br />(+24 for winning)
|raw|nytorget's rating: 1570 &rarr; <strong>1546</strong><br />(-24 for losing)
