|html|<div class="broadcast-blue"><strong>[Gen 9] OU is currently suspecting Tera Blast! For information on how to participate check out the <a href="https://www.smogon.com/tools/suspects/view/200">suspect thread</a>.</strong></div>
|j|☆Insertcatpuns
|j|☆CappyCappy
|t:|1776210360
|gametype|singles
|player|p1|Insertcatpuns|101|1343
|player|p2|CappyCappy|miku-fairy|1350
|gen|9
|tier|[Gen 9] OU
|rated|
|rule|HP Percentage Mod: HP is shown in percentages
|rule|Endless Battle Clause: Forcing endless battles is banned
|rule|Species Clause: Limit one of each Pokémon
|rule|OHKO Clause: OHKO moves are banned
|rule|Evasion Items Clause: Evasion items are banned
|rule|Evasion Moves Clause: Evasion moves are banned
|rule|Evasion Abilities Clause: Evasion abilities are banned
|rule|Sleep Moves Clause: Sleep-inducing moves are banned
|clearpoke
|poke|p1|Gliscor, M|
|poke|p1|Heatran, M|
|poke|p1|Sinistcha|
|poke|p1|Corviknight, M|
|poke|p1|Tentacruel, F|
|poke|p1|Darkrai|
|poke|p2|Raging Bolt|
|poke|p2|Ceruledge, F|
|poke|p2|Great Tusk|
|poke|p2|Dragonite, F|
|poke|p2|Primarina, M|
|poke|p2|Ogerpon-Wellspring, F|
|teampreview
|inactive|Battle timer is ON: inactive players will automatically lose when time's up. (requested by CappyCappy)
|
|t:|1776210372
|teamsize|p1|6
|teamsize|p2|6
|start
|switch|p1a: Hephaepstein|Heatran, M|100/100
|switch|p2a: Ogerpon|Ogerpon-Wellspring, F|100/100
|turn|1
|
|t:|1776210377
|move|p2a: Ogerpon|Swords Dance|p2a: Ogerpon
|-boost|p2a: Ogerpon|atk|2
|move|p1a: Hephaepstein|Magma Storm|p2a: Ogerpon
|-damage|p2a: Ogerpon|46/100
|-activate|p2a: Ogerpon|move: Magma Storm|[of] p1a: Hephaepstein
|
|-damage|p2a: Ogerpon|33/100|[from] move: Magma Storm|[partiallytrapped]
|upkeep
|turn|2
|
|t:|1776210386
|-terastallize|p1a: Hephaepstein|Ghost
|move|p2a: Ogerpon|Ivy Cudgel|p1a: Hephaepstein|[anim] Ivy Cudgel Water
|-damage|p1a: Hephaepstein|0 fnt
|faint|p1a: Hephaepstein
|
|-end|p2a: Ogerpon|Magma Storm|[partiallytrapped]|[silent]
|upkeep
|
|t:|1776210393
|switch|p1a: MEGA KNIGHT|Corviknight, M|100/100
|-ability|p1a: MEGA KNIGHT|Pressure
|turn|3
|
|t:|1776210404
|move|p2a: Ogerpon|Ivy Cudgel|p1a: MEGA KNIGHT|[anim] Ivy Cudgel Water
|-damage|p1a: MEGA KNIGHT|28/100
|move|p1a: MEGA KNIGHT|U-turn|p2a: Ogerpon
|-supereffective|p2a: Ogerpon
|-damage|p2a: Ogerpon|0 fnt
|faint|p2a: Ogerpon
|
|t:|1776210408
|switch|p1a: Gliskibidi|Gliscor, M|100/100|[from] U-turn
|
|-status|p1a: Gliskibidi|tox|[from] item: Toxic Orb
|upkeep
|
|t:|1776210413
|switch|p2a: Primarina|Primarina, M|100/100
|turn|4
|
|t:|1776210418
|switch|p1a: The Squiddler|Tentacruel, F, shiny|100/100
|move|p2a: Primarina|Ice Beam|p1a: The Squiddler
|-resisted|p1a: The Squiddler
|-damage|p1a: The Squiddler|84/100
|
|upkeep
|turn|5
|
|t:|1776210430
|switch|p1a: Gliskibidi|Gliscor, M|100/100 tox
|switch|p2a: Raging Bolt|Raging Bolt|100/100
|
|upkeep
|turn|6
|
|t:|1776210435
|-end|p2a: Raging Bolt|Protosynthesis|[silent]
|switch|p2a: Dragonite|Dragonite, F|100/100
|move|p1a: Gliskibidi|Spikes|p2a: Dragonite
|-sidestart|p2: CappyCappy|Spikes
|
|upkeep
|turn|7
|
|t:|1776210438
|move|p1a: Gliskibidi|Knock Off|p2a: Dragonite
|-damage|p2a: Dragonite|90/100
|-enditem|p2a: Dragonite|Loaded Dice|[from] move: Knock Off|[of] p1a: Gliskibidi
|move|p2a: Dragonite|Dragon Dance|p2a: Dragonite
|-boost|p2a: Dragonite|atk|1
|-boost|p2a: Dragonite|spe|1
|
|upkeep
|turn|8
|
|t:|1776210447
|switch|p1a: DreamNotFound|Darkrai|100/100
|move|p2a: Dragonite|Dragon Dance|p2a: Dragonite
|-boost|p2a: Dragonite|atk|1
|-boost|p2a: Dragonite|spe|1
|
|upkeep
|turn|9
|
|t:|1776210453
|move|p2a: Dragonite|Scale Shot|p1a: DreamNotFound|[miss]
|-miss|p2a: Dragonite|p1a: DreamNotFound
|move|p1a: DreamNotFound|Ice Beam|p2a: Dragonite
|-supereffective|p2a: Dragonite
|-damage|p2a: Dragonite|0 fnt
|faint|p2a: Dragonite
|
|upkeep
|
|t:|1776210457
|switch|p2a: Ceruledge|Ceruledge, F, shiny|100/100
|-damage|p2a: Ceruledge|88/100|[from] Spikes
|turn|10
|
|t:|1776210461
|switch|p1a: Gliskibidi|Gliscor, M|100/100 tox
|move|p2a: Ceruledge|Swords Dance|p2a: Ceruledge
|-boost|p2a: Ceruledge|atk|2
|
|upkeep
|turn|11
|
|t:|1776210466
|move|p1a: Gliskibidi|Earthquake|p2a: Ceruledge
|-supereffective|p2a: Ceruledge
|-damage|p2a: Ceruledge|3/100
|-ability|p2a: Ceruledge|Weak Armor|boost
|-unboost|p2a: Ceruledge|def|1
|-boost|p2a: Ceruledge|spe|2
|move|p2a: Ceruledge|Poltergeist|p1a: Gliskibidi
|-activate|p1a: Gliskibidi|move: Poltergeist|Toxic Orb
|-damage|p1a: Gliskibidi|0 fnt
|faint|p1a: Gliskibidi
|
|upkeep
|
|t:|1776210471
|switch|p1a: The Squiddler|Tentacruel, F, shiny|84/100
|turn|12
|
|t:|1776210489
|move|p2a: Ceruledge|Poltergeist|p1a: The Squiddler
|-activate|p1a: The Squiddler|move: Poltergeist|Heavy-Duty Boots
|-damage|p1a: The Squiddler|0 fnt
|faint|p1a: The Squiddler
|
|upkeep
|
|t:|1776210495
|switch|p1a: DreamNotFound|Darkrai|100/100
|turn|13
|
|t:|1776210499
|move|p2a: Ceruledge|Bitter Blade|p1a: DreamNotFound
|-damage|p1a: DreamNotFound|0 fnt
|-heal|p2a: Ceruledge|48/100|[from] drain|[of] p1a: DreamNotFound
|faint|p1a: DreamNotFound
|
|upkeep
|
|t:|1776210502
|switch|p1a: Charlie Kirsch|Sinistcha|100/100
|turn|14
|
|t:|1776210505
|move|p2a: Ceruledge|Bitter Blade|p1a: Charlie Kirsch
|-supereffective|p1a: Charlie Kirsch
|-damage|p1a: Charlie Kirsch|22/100
|-heal|p2a: Ceruledge|92/100|[from] drain|[of] p1a: Charlie Kirsch
|move|p1a: Charlie Kirsch|Shadow Ball|p2a: Ceruledge
|-supereffective|p2a: Ceruledge
|-damage|p2a: Ceruledge|14/100
|-unboost|p2a: Ceruledge|spd|1
|
|upkeep
|turn|15
|
|t:|1776210511
|move|p2a: Ceruledge|Bitter Blade|p1a: Charlie Kirsch
|-supereffective|p1a: Charlie Kirsch
|-damage|p1a: Charlie Kirsch|0 fnt
|-heal|p2a: Ceruledge|26/100|[from] drain|[of] p1a: Charlie Kirsch
|faint|p1a: Charlie Kirsch
|
|upkeep
|-message|Insertcatpuns forfeited.
|
|win|CappyCappy
|raw|Insertcatpuns's rating: 1343 &rarr; <strong>1323</strong><br />(-20 for losing)
|raw|CappyCappy's rating: 1350 &rarr; <strong>1370</strong><br />(+20 for winning)
