|html|<div class="broadcast-blue"><strong>[Gen 9] OU is currently suspecting Tera Blast! For information on how to participate check out the <a href="https://www.smogon.com/tools/suspects/view/200">suspect thread</a>.</strong></div>
|j|☆mvn2121
|j|☆Vitalitix
|t:|1776220833
|gametype|singles
|player|p1|mvn2121|red|1068
|player|p2|Vitalitix|265|1052
|gen|9
|tier|[Gen 9] OU
|rated|
|rule|HP Percentage Mod: HP is shown in percentages
|rule|Endless Battle Clause: Forcing endless battles is banned
|rule|Species Clause: Limit one of each Pokémon
|rule|OHKO Clause: OHKO moves are banned
|rule|Evasion Items Clause: Evasion items are banned
|rule|Evasion Moves Clause: Evasion moves are banned
|rule|Evasion Abilities Clause: Evasion abilities are banned
|rule|Sleep Moves Clause: Sleep-inducing moves are banned
|clearpoke
|poke|p1|Dragonite, F|
|poke|p1|Clefable, F|
|poke|p1|Snorlax, M|
|poke|p1|Excadrill, M|
|poke|p1|Jirachi|
|poke|p1|Rhyperior, M|
|poke|p2|Ting-Lu|
|poke|p2|Gholdengo|
|poke|p2|Slowking-Galar, F|
|poke|p2|Great Tusk|
|poke|p2|Enamorus, F|
|poke|p2|Meowscarada, F|
|teampreview
|inactive|Battle timer is ON: inactive players will automatically lose when time's up. (requested by mvn2121)
|j| ohko_smeargle
|
|t:|1776220838
|teamsize|p1|6
|teamsize|p2|6
|start
|switch|p1a: Rhyperior|Rhyperior, M, shiny|100/100
|switch|p2a: Meowscarada|Meowscarada, F, shiny|100/100
|turn|1
|
|t:|1776220845
|-terastallize|p1a: Rhyperior|Ice
|move|p2a: Meowscarada|U-turn|p1a: Rhyperior
|-start|p2a: Meowscarada|typechange|Bug|[from] ability: Protean
|-damage|p1a: Rhyperior|64/100
|
|t:|1776220854
|switch|p2a: Gholdengo|Gholdengo|100/100|[from] U-turn
|-item|p2a: Gholdengo|Air Balloon
|move|p1a: Rhyperior|Rock Polish|p1a: Rhyperior
|-boost|p1a: Rhyperior|spe|2
|
|upkeep
|turn|2
|
|t:|1776220864
|move|p1a: Rhyperior|Stone Edge|p2a: Gholdengo|[miss]
|-miss|p1a: Rhyperior|p2a: Gholdengo
|move|p2a: Gholdengo|Make It Rain|p1a: Rhyperior
|-supereffective|p1a: Rhyperior
|-damage|p1a: Rhyperior|0 fnt
|-unboost|p2a: Gholdengo|spa|1
|faint|p1a: Rhyperior
|
|upkeep
|
|t:|1776220871
|switch|p1a: Excadrill|Excadrill, M|100/100
|-ability|p1a: Excadrill|Mold Breaker
|-item|p1a: Excadrill|Air Balloon
|turn|3
|
|t:|1776220881
|move|p1a: Excadrill|Iron Head|p2a: Gholdengo
|-resisted|p2a: Gholdengo
|-damage|p2a: Gholdengo|78/100
|-enditem|p2a: Gholdengo|Air Balloon
|move|p2a: Gholdengo|Nasty Plot|p2a: Gholdengo
|-boost|p2a: Gholdengo|spa|2
|
|upkeep
|turn|4
|
|t:|1776220892
|move|p1a: Excadrill|Swords Dance|p1a: Excadrill
|-boost|p1a: Excadrill|atk|2
|move|p2a: Gholdengo|Focus Blast|p1a: Excadrill|[miss]
|-miss|p2a: Gholdengo|p1a: Excadrill
|
|upkeep
|turn|5
|
|t:|1776220899
|switch|p2a: Enamorus|Enamorus, F|100/100
|move|p1a: Excadrill|Earthquake|p2a: Enamorus
|-immune|p2a: Enamorus
|
|upkeep
|turn|6
|
|t:|1776220909
|move|p2a: Enamorus|Earth Power|p1a: Excadrill
|-immune|p1a: Excadrill
|move|p1a: Excadrill|Iron Head|p2a: Enamorus
|-supereffective|p2a: Enamorus
|-damage|p2a: Enamorus|0 fnt
|faint|p2a: Enamorus
|
|upkeep
|
|t:|1776220916
|switch|p2a: Gholdengo|Gholdengo|78/100
|turn|7
|
|t:|1776220924
|switch|p2a: Ting-Lu|Ting-Lu, shiny|100/100
|-ability|p2a: Ting-Lu|Vessel of Ruin
|move|p1a: Excadrill|Earthquake|p2a: Ting-Lu
|-damage|p2a: Ting-Lu|45/100
|
|-heal|p2a: Ting-Lu|52/100|[from] item: Leftovers
|upkeep
|turn|8
|
|t:|1776220935
|move|p1a: Excadrill|Swords Dance|p1a: Excadrill
|-boost|p1a: Excadrill|atk|2
|move|p2a: Ting-Lu|Whirlwind|p1a: Excadrill
|drag|p1a: Dragonite|Dragonite, F, shiny|100/100
|
|-heal|p2a: Ting-Lu|58/100|[from] item: Leftovers
|upkeep
|turn|9
|
|t:|1776220946
|switch|p1a: Clefable|Clefable, F, shiny|100/100
|move|p2a: Ting-Lu|Stealth Rock|p1a: Clefable
|-sidestart|p1: mvn2121|move: Stealth Rock
|
|-heal|p2a: Ting-Lu|64/100|[from] item: Leftovers
|upkeep
|turn|10
|
|t:|1776220954
|move|p1a: Clefable|Draining Kiss|p2a: Ting-Lu
|-supereffective|p2a: Ting-Lu
|-damage|p2a: Ting-Lu|50/100
|move|p2a: Ting-Lu|Ruination|p1a: Clefable
|-damage|p1a: Clefable|51/100
|
|-heal|p1a: Clefable|57/100|[from] item: Leftovers
|-heal|p2a: Ting-Lu|56/100|[from] item: Leftovers
|upkeep
|turn|11
|
|t:|1776220963
|switch|p2a: Gholdengo|Gholdengo|78/100
|move|p1a: Clefable|Draining Kiss|p2a: Gholdengo
|-resisted|p2a: Gholdengo
|-damage|p2a: Gholdengo|68/100
|-heal|p1a: Clefable|63/100|[from] drain|[of] p2a: Gholdengo
|
|-heal|p1a: Clefable|69/100|[from] item: Leftovers
|upkeep
|turn|12
|
|t:|1776220975
|move|p2a: Gholdengo|Focus Blast|p1a: Clefable|[miss]
|-miss|p2a: Gholdengo|p1a: Clefable
|move|p1a: Clefable|Thunder Wave|p2a: Gholdengo
|-immune|p2a: Gholdengo|[from] ability: Good as Gold
|
|-heal|p1a: Clefable|75/100|[from] item: Leftovers
|upkeep
|turn|13
|
|t:|1776220984
|switch|p1a: Snorlax|Snorlax, M, shiny|100/100
|-damage|p1a: Snorlax|88/100|[from] Stealth Rock
|move|p2a: Gholdengo|Shadow Ball|p1a: Snorlax
|-immune|p1a: Snorlax
|
|-heal|p1a: Snorlax|94/100|[from] item: Leftovers
|upkeep
|turn|14
|
|t:|1776221000
|move|p2a: Gholdengo|Nasty Plot|p2a: Gholdengo
|-boost|p2a: Gholdengo|spa|2
|move|p1a: Snorlax|Curse|p1a: Snorlax
|-unboost|p1a: Snorlax|spe|1
|-boost|p1a: Snorlax|atk|1
|-boost|p1a: Snorlax|def|1
|
|-heal|p1a: Snorlax|99/100|[from] item: Leftovers
|upkeep
|turn|15
|
|t:|1776221009
|move|p2a: Gholdengo|Focus Blast|p1a: Snorlax
|-supereffective|p1a: Snorlax
|-damage|p1a: Snorlax|0 fnt
|faint|p1a: Snorlax
|
|upkeep
|
|t:|1776221015
|switch|p1a: Excadrill|Excadrill, M|100/100
|-damage|p1a: Excadrill|97/100|[from] Stealth Rock
|-ability|p1a: Excadrill|Mold Breaker
|-item|p1a: Excadrill|Air Balloon
|turn|16
|
|t:|1776221022
|switch|p2a: Great Tusk|Great Tusk, shiny|100/100
|-enditem|p2a: Great Tusk|Booster Energy
|-activate|p2a: Great Tusk|ability: Protosynthesis|[fromitem]
|-start|p2a: Great Tusk|protosynthesisspe
|move|p1a: Excadrill|Earthquake|p2a: Great Tusk
|-damage|p2a: Great Tusk|67/100
|
|upkeep
|turn|17
|
|t:|1776221035
|move|p2a: Great Tusk|Bulk Up|p2a: Great Tusk
|-boost|p2a: Great Tusk|atk|1
|-boost|p2a: Great Tusk|def|1
|move|p1a: Excadrill|Rapid Spin|p2a: Great Tusk
|-damage|p2a: Great Tusk|60/100
|-boost|p1a: Excadrill|spe|1
|-sideend|p1: mvn2121|Stealth Rock|[from] move: Rapid Spin|[of] p1a: Excadrill
|
|upkeep
|turn|18
|
|t:|1776221046
|switch|p1a: Clefable|Clefable, F, shiny|75/100
|move|p2a: Great Tusk|Bulk Up|p2a: Great Tusk
|-boost|p2a: Great Tusk|atk|1
|-boost|p2a: Great Tusk|def|1
|
|-heal|p1a: Clefable|81/100|[from] item: Leftovers
|upkeep
|turn|19
|
|t:|1776221054
|move|p2a: Great Tusk|Headlong Rush|p1a: Clefable
|-damage|p1a: Clefable|0 fnt
|-unboost|p2a: Great Tusk|def|1
|-unboost|p2a: Great Tusk|spd|1
|faint|p1a: Clefable
|
|upkeep
|
|t:|1776221058
|switch|p1a: Dragonite|Dragonite, F, shiny|100/100
|turn|20
|
|t:|1776221063
|move|p2a: Great Tusk|Ice Spinner|p1a: Dragonite
|-supereffective|p1a: Dragonite
|-damage|p1a: Dragonite|12/100
|-enditem|p1a: Dragonite|Weakness Policy
|-boost|p1a: Dragonite|atk|2|[from] item: Weakness Policy
|-boost|p1a: Dragonite|spa|2|[from] item: Weakness Policy
|move|p1a: Dragonite|Air Slash|p2a: Great Tusk
|-supereffective|p2a: Great Tusk
|-damage|p2a: Great Tusk|0 fnt
|faint|p2a: Great Tusk
|-end|p2a: Great Tusk|Protosynthesis|[silent]
|
|upkeep
|
|t:|1776221074
|switch|p2a: Meowscarada|Meowscarada, F, shiny|100/100
|turn|21
|
|t:|1776221080
|move|p1a: Dragonite|Extreme Speed|p2a: Meowscarada
|-damage|p2a: Meowscarada|8/100
|move|p2a: Meowscarada|U-turn|p1a: Dragonite
|-start|p2a: Meowscarada|typechange|Bug|[from] ability: Protean
|-resisted|p1a: Dragonite
|-damage|p1a: Dragonite|0 fnt
|faint|p1a: Dragonite
|
|t:|1776221090
|switch|p2a: Ting-Lu|Ting-Lu, shiny|56/100|[from] U-turn
|-ability|p2a: Ting-Lu|Vessel of Ruin
|
|-heal|p2a: Ting-Lu|63/100|[from] item: Leftovers
|upkeep
|
|t:|1776221097
|switch|p1a: Excadrill|Excadrill, M|97/100
|-ability|p1a: Excadrill|Mold Breaker
|-item|p1a: Excadrill|Air Balloon
|turn|22
|
|t:|1776221102
|move|p1a: Excadrill|Swords Dance|p1a: Excadrill
|-boost|p1a: Excadrill|atk|2
|move|p2a: Ting-Lu|Ruination|p1a: Excadrill
|-damage|p1a: Excadrill|49/100
|-enditem|p1a: Excadrill|Air Balloon
|
|-heal|p2a: Ting-Lu|69/100|[from] item: Leftovers
|upkeep
|turn|23
|
|t:|1776221116
|move|p1a: Excadrill|Earthquake|p2a: Ting-Lu
|-damage|p2a: Ting-Lu|14/100
|move|p2a: Ting-Lu|Earthquake|p1a: Excadrill
|-supereffective|p1a: Excadrill
|-damage|p1a: Excadrill|0 fnt
|faint|p1a: Excadrill
|
|-heal|p2a: Ting-Lu|21/100|[from] item: Leftovers
|upkeep
|
|t:|1776221121
|switch|p1a: Jirachi|Jirachi, shiny|100/100
|turn|24
|
|t:|1776221129
|move|p1a: Jirachi|Iron Head|p2a: Ting-Lu
|-damage|p2a: Ting-Lu|5/100
|cant|p2a: Ting-Lu|flinch
|
|-heal|p2a: Ting-Lu|11/100|[from] item: Leftovers
|upkeep
|turn|25
|
|t:|1776221136
|switch|p2a: Gholdengo|Gholdengo|68/100
|move|p1a: Jirachi|Iron Head|p2a: Gholdengo
|-resisted|p2a: Gholdengo
|-damage|p2a: Gholdengo|52/100
|
|upkeep
|turn|26
|c|☆mvn2121|huge
|
|t:|1776221144
|move|p2a: Gholdengo|Shadow Ball|p1a: Jirachi
|-supereffective|p1a: Jirachi
|-damage|p1a: Jirachi|46/100
|move|p1a: Jirachi|Iron Head|p2a: Gholdengo
|-resisted|p2a: Gholdengo
|-damage|p2a: Gholdengo|36/100
|
|-heal|p1a: Jirachi|52/100|[from] item: Leftovers
|upkeep
|turn|27
|
|t:|1776221152
|move|p1a: Jirachi|Protect|p1a: Jirachi
|-singleturn|p1a: Jirachi|Protect
|move|p2a: Gholdengo|Shadow Ball|p1a: Jirachi
|-activate|p1a: Jirachi|move: Protect
|
|-heal|p1a: Jirachi|58/100|[from] item: Leftovers
|upkeep
|turn|28
|
|t:|1776221160
|move|p2a: Gholdengo|Shadow Ball|p1a: Jirachi
|-supereffective|p1a: Jirachi
|-damage|p1a: Jirachi|3/100
|move|p1a: Jirachi|Iron Head|p2a: Gholdengo
|-resisted|p2a: Gholdengo
|-damage|p2a: Gholdengo|19/100
|
|-heal|p1a: Jirachi|9/100|[from] item: Leftovers
|upkeep
|turn|29
|
|t:|1776221168
|move|p2a: Gholdengo|Shadow Ball|p1a: Jirachi
|-supereffective|p1a: Jirachi
|-damage|p1a: Jirachi|0 fnt
|faint|p1a: Jirachi
|
|win|Vitalitix
|raw|mvn2121's rating: 1068 &rarr; <strong>1047</strong><br />(-21 for losing)
|raw|Vitalitix's rating: 1052 &rarr; <strong>1086</strong><br />(+34 for winning)
|l| ohko_smeargle
|l|☆mvn2121
|player|p1|
