|html|<div class="broadcast-blue"><strong>[Gen 9] OU is currently suspecting Tera Blast! For information on how to participate check out the <a href="https://www.smogon.com/tools/suspects/view/200">suspect thread</a>.</strong></div>
|j|☆notdsto
|j|☆pekkitou
|t:|1776278955
|gametype|singles
|player|p1|notdsto|unknown|1124
|player|p2|pekkitou|1|1159
|gen|9
|tier|[Gen 9] OU
|rated|
|rule|HP Percentage Mod: HP is shown in percentages
|rule|Endless Battle Clause: Forcing endless battles is banned
|rule|Species Clause: Limit one of each Pokémon
|rule|OHKO Clause: OHKO moves are banned
|rule|Evasion Items Clause: Evasion items are banned
|rule|Evasion Moves Clause: Evasion moves are banned
|rule|Evasion Abilities Clause: Evasion abilities are banned
|rule|Sleep Moves Clause: Sleep-inducing moves are banned
|clearpoke
|poke|p1|Hitmonlee, M|
|poke|p1|Dragonite, F|
|poke|p1|Snorlax, F|
|poke|p1|Jolteon, F|
|poke|p1|Blastoise, F|
|poke|p1|Gengar, F|
|poke|p2|Passimian, M|
|poke|p2|Raging Bolt|
|poke|p2|Landorus-Therian, M|
|poke|p2|Pecharunt|
|poke|p2|Hatterene, F|
|poke|p2|Darkrai|
|teampreview
|inactive|Battle timer is ON: inactive players will automatically lose when time's up. (requested by pekkitou)
|c|☆pekkitou|Gen 1 team, cool
|
|t:|1776278979
|teamsize|p1|6
|teamsize|p2|6
|start
|switch|p1a: Blastoise|Blastoise, F|100/100
|switch|p2a: Hatterene|Hatterene, F|100/100
|turn|1
|
|t:|1776278985
|move|p1a: Blastoise|Shell Smash|p1a: Blastoise
|-unboost|p1a: Blastoise|def|1
|-unboost|p1a: Blastoise|spd|1
|-boost|p1a: Blastoise|atk|2
|-boost|p1a: Blastoise|spa|2
|-boost|p1a: Blastoise|spe|2
|move|p2a: Hatterene|Nuzzle|p1a: Blastoise
|-supereffective|p1a: Blastoise
|-damage|p1a: Blastoise|88/100
|-status|p1a: Blastoise|par
|-enditem|p1a: Blastoise|Red Card|[of] p2a: Hatterene
|drag|p2a: Pecharunt|Pecharunt|100/100
|-item|p2a: Pecharunt|Air Balloon
|
|upkeep
|turn|2
|
|t:|1776278999
|switch|p2a: Hatterene|Hatterene, F|100/100
|move|p1a: Blastoise|Surf|p2a: Hatterene
|-damage|p2a: Hatterene|51/100
|
|upkeep
|turn|3
|
|t:|1776279006
|-terastallize|p1a: Blastoise|Water
|move|p1a: Blastoise|Surf|p2a: Hatterene
|-crit|p2a: Hatterene
|-damage|p2a: Hatterene|0 fnt
|faint|p2a: Hatterene
|
|upkeep
|
|t:|1776279014
|switch|p2a: Raging Bolt|Raging Bolt|100/100
|-enditem|p2a: Raging Bolt|Booster Energy
|-activate|p2a: Raging Bolt|ability: Protosynthesis|[fromitem]
|-start|p2a: Raging Bolt|protosynthesisspa
|turn|4
|
|t:|1776279019
|move|p2a: Raging Bolt|Thunderclap||[still]
|-fail|p2a: Raging Bolt
|cant|p1a: Blastoise|par
|
|upkeep
|turn|5
|
|t:|1776279031
|move|p1a: Blastoise|Ice Beam|p2a: Raging Bolt
|-supereffective|p2a: Raging Bolt
|-damage|p2a: Raging Bolt|1/100
|move|p2a: Raging Bolt|Thunderbolt|p1a: Blastoise
|-supereffective|p1a: Blastoise
|-damage|p1a: Blastoise|0 fnt
|faint|p1a: Blastoise
|
|upkeep
|
|t:|1776279034
|switch|p1a: Hitmonlee|Hitmonlee, M|100/100
|turn|6
|
|t:|1776279040
|move|p1a: Hitmonlee|Bullet Punch|p2a: Raging Bolt
|-resisted|p2a: Raging Bolt
|-damage|p2a: Raging Bolt|0 fnt
|faint|p2a: Raging Bolt
|-end|p2a: Raging Bolt|Protosynthesis|[silent]
|
|upkeep
|
|t:|1776279043
|switch|p2a: Landoheime|Landorus-Therian, M|100/100
|-ability|p2a: Landoheime|Intimidate|boost
|-unboost|p1a: Hitmonlee|atk|1
|turn|7
|
|t:|1776279053
|switch|p1a: Dragonite|Dragonite, F|100/100
|move|p2a: Landoheime|U-turn|p1a: Dragonite
|-resisted|p1a: Dragonite
|-damage|p1a: Dragonite|95/100
|
|t:|1776279057
|switch|p2a: Pecharunt|Pecharunt|100/100|[from] U-turn
|-item|p2a: Pecharunt|Air Balloon
|
|upkeep
|turn|8
|
|t:|1776279063
|move|p1a: Dragonite|Dragon Dance|p1a: Dragonite
|-boost|p1a: Dragonite|atk|1
|-boost|p1a: Dragonite|spe|1
|move|p2a: Pecharunt|Malignant Chain|p1a: Dragonite
|-damage|p1a: Dragonite|59/100
|-status|p1a: Dragonite|tox
|-start|p1a: Dragonite|confusion|[from] ability: Poison Puppeteer|[of] p2a: Pecharunt
|
|-damage|p1a: Dragonite|53/100 tox|[from] psn
|upkeep
|turn|9
|
|t:|1776279067
|-activate|p1a: Dragonite|confusion
|move|p1a: Dragonite|Earthquake|p2a: Pecharunt
|-immune|p2a: Pecharunt
|move|p2a: Pecharunt|Shadow Ball|p1a: Dragonite
|-damage|p1a: Dragonite|26/100 tox
|-unboost|p1a: Dragonite|spd|1
|
|-damage|p1a: Dragonite|14/100 tox|[from] psn
|upkeep
|turn|10
|
|t:|1776279078
|-activate|p1a: Dragonite|confusion
|move|p1a: Dragonite|Aerial Ace|p2a: Pecharunt
|-damage|p2a: Pecharunt|77/100
|-enditem|p2a: Pecharunt|Air Balloon
|move|p2a: Pecharunt|Parting Shot|p1a: Dragonite
|-unboost|p1a: Dragonite|atk|1
|-unboost|p1a: Dragonite|spa|1
|
|t:|1776279087
|switch|p2a: Passimian|Passimian, M|100/100|[from] Parting Shot
|
|-damage|p1a: Dragonite|0 fnt|[from] psn
|faint|p1a: Dragonite
|upkeep
|
|t:|1776279094
|switch|p1a: Jolteon|Jolteon, F|100/100
|turn|11
|
|t:|1776279107
|switch|p2a: Landoheime|Landorus-Therian, M|100/100
|-ability|p2a: Landoheime|Intimidate|boost
|-unboost|p1a: Jolteon|atk|1
|move|p1a: Jolteon|Alluring Voice|p2a: Landoheime
|-damage|p2a: Landoheime|59/100
|
|upkeep
|turn|12
|
|t:|1776279115
|move|p1a: Jolteon|Alluring Voice|p2a: Landoheime
|-damage|p2a: Landoheime|19/100
|move|p2a: Landoheime|Earthquake|p1a: Jolteon
|-supereffective|p1a: Jolteon
|-damage|p1a: Jolteon|0 fnt
|faint|p1a: Jolteon
|
|upkeep
|
|t:|1776279121
|switch|p1a: Gengar|Gengar, F|100/100
|turn|13
|
|t:|1776279135
|switch|p2a: Darkrai|Darkrai|100/100
|move|p1a: Gengar|Sludge Bomb|p2a: Darkrai
|-damage|p2a: Darkrai|42/100
|
|upkeep
|turn|14
|
|t:|1776279152
|switch|p1a: Snorlax|Snorlax, F|100/100
|move|p2a: Darkrai|Nasty Plot|p2a: Darkrai
|-boost|p2a: Darkrai|spa|2
|
|upkeep
|turn|15
|
|t:|1776279157
|move|p2a: Darkrai|Focus Blast|p1a: Snorlax|[miss]
|-miss|p2a: Darkrai|p1a: Snorlax
|move|p1a: Snorlax|Brick Break|p2a: Darkrai
|-supereffective|p2a: Darkrai
|-damage|p2a: Darkrai|0 fnt
|faint|p2a: Darkrai
|
|upkeep
|
|t:|1776279164
|switch|p2a: Landoheime|Landorus-Therian, M|19/100
|-ability|p2a: Landoheime|Intimidate|boost
|-unboost|p1a: Snorlax|atk|1
|turn|16
|
|t:|1776279171
|move|p2a: Landoheime|Earthquake|p1a: Snorlax
|-damage|p1a: Snorlax|65/100
|move|p1a: Snorlax|Counter|p2a: Landoheime
|-damage|p2a: Landoheime|0 fnt
|-damage|p1a: Snorlax|48/100|[from] item: Rocky Helmet|[of] p2a: Landoheime
|faint|p2a: Landoheime
|
|upkeep
|
|t:|1776279177
|switch|p2a: Passimian|Passimian, M|100/100
|turn|17
|
|t:|1776279186
|move|p2a: Passimian|Knock Off|p1a: Snorlax
|-damage|p1a: Snorlax|26/100
|-enditem|p1a: Snorlax|Assault Vest|[from] move: Knock Off|[of] p2a: Passimian
|move|p1a: Snorlax|Counter|p2a: Passimian
|-damage|p2a: Passimian|42/100
|
|upkeep
|turn|18
|
|t:|1776279193
|move|p2a: Passimian|Bulk Up|p2a: Passimian
|-boost|p2a: Passimian|atk|1
|-boost|p2a: Passimian|def|1
|move|p1a: Snorlax|Counter||[still]
|-fail|p1a: Snorlax
|
|upkeep
|turn|19
|
|t:|1776279204
|move|p2a: Passimian|Tera Blast|p1a: Snorlax
|-damage|p1a: Snorlax|21/100
|move|p1a: Snorlax|Earthquake|p2a: Passimian
|-damage|p2a: Passimian|27/100
|
|upkeep
|turn|20
|
|t:|1776279210
|move|p2a: Passimian|Bulk Up|p2a: Passimian
|-boost|p2a: Passimian|atk|1
|-boost|p2a: Passimian|def|1
|move|p1a: Snorlax|Counter||[still]
|-fail|p1a: Snorlax
|
|upkeep
|turn|21
|
|t:|1776279218
|move|p2a: Passimian|Knock Off|p1a: Snorlax
|-damage|p1a: Snorlax|0 fnt
|faint|p1a: Snorlax
|
|upkeep
|
|t:|1776279220
|switch|p1a: Hitmonlee|Hitmonlee, M|100/100
|turn|22
|
|t:|1776279241
|move|p1a: Hitmonlee|Endure|p1a: Hitmonlee
|-singleturn|p1a: Hitmonlee|move: Endure
|move|p2a: Passimian|Close Combat|p1a: Hitmonlee
|-activate|p1a: Hitmonlee|move: Endure
|-damage|p1a: Hitmonlee|1/100
|-unboost|p2a: Passimian|def|1
|-unboost|p2a: Passimian|spd|1
|-enditem|p1a: Hitmonlee|Liechi Berry|[eat]
|-boost|p1a: Hitmonlee|atk|1|[from] item: Liechi Berry
|
|upkeep
|turn|23
|
|t:|1776279249
|move|p1a: Hitmonlee|Reversal|p2a: Passimian
|-damage|p2a: Passimian|0 fnt
|faint|p2a: Passimian
|
|upkeep
|
|t:|1776279252
|switch|p2a: Pecharunt|Pecharunt|77/100
|turn|24
|
|t:|1776279263
|move|p1a: Hitmonlee|Bullet Punch|p2a: Pecharunt
|-damage|p2a: Pecharunt|67/100
|move|p2a: Pecharunt|Shadow Ball|p1a: Hitmonlee
|-damage|p1a: Hitmonlee|0 fnt
|faint|p1a: Hitmonlee
|
|upkeep
|
|t:|1776279266
|switch|p1a: Gengar|Gengar, F|100/100
|turn|25
|
|t:|1776279273
|-terastallize|p2a: Pecharunt|Dark
|move|p1a: Gengar|Shadow Ball|p2a: Pecharunt
|-resisted|p2a: Pecharunt
|-damage|p2a: Pecharunt|47/100
|move|p2a: Pecharunt|Shadow Ball|p1a: Gengar
|-supereffective|p1a: Gengar
|-damage|p1a: Gengar|18/100
|
|upkeep
|turn|26
|
|t:|1776279281
|move|p1a: Gengar|Sludge Bomb|p2a: Pecharunt
|-damage|p2a: Pecharunt|3/100
|-status|p2a: Pecharunt|psn
|move|p2a: Pecharunt|Shadow Ball|p1a: Gengar
|-supereffective|p1a: Gengar
|-damage|p1a: Gengar|0 fnt
|faint|p1a: Gengar
|
|win|pekkitou
|raw|notdsto's rating: 1124 &rarr; <strong>1102</strong><br />(-22 for losing)
|raw|pekkitou's rating: 1159 &rarr; <strong>1181</strong><br />(+22 for winning)
|c|☆notdsto|noob
|l|☆notdsto
|player|p1|
|c|☆pekkitou|LOOOLL
