|html|<div class="broadcast-blue"><strong>[Gen 9] OU is currently suspecting Tera Blast! For information on how to participate check out the <a href="https://www.smogon.com/tools/suspects/view/200">suspect thread</a>.</strong></div>
|j|☆rashyd
|j|☆Wen-juckt's?
|t:|1776035335
|gametype|singles
|player|p1|rashyd|volkner|1425
|player|p2|Wen-juckt's?|2|1419
|gen|9
|tier|[Gen 9] OU
|rated|
|rule|HP Percentage Mod: HP is shown in percentages
|rule|Endless Battle Clause: Forcing endless battles is banned
|rule|Species Clause: Limit one of each Pokémon
|rule|OHKO Clause: OHKO moves are banned
|rule|Evasion Items Clause: Evasion items are banned
|rule|Evasion Moves Clause: Evasion moves are banned
|rule|Evasion Abilities Clause: Evasion abilities are banned
|rule|Sleep Moves Clause: Sleep-inducing moves are banned
|clearpoke
|poke|p1|Tyranitar, F|
|poke|p1|Hippowdon, F|
|poke|p1|Corviknight, M|
|poke|p1|Gastrodon, F|
|poke|p1|Sandy Shocks|
|poke|p1|Excadrill, M|
|poke|p2|Kingambit, F|
|poke|p2|Latios, M|
|poke|p2|Alomomola, L99, M|
|poke|p2|Pecharunt|
|poke|p2|Ting-Lu|
|poke|p2|Iron Valiant|
|teampreview
|inactive|Battle timer is ON: inactive players will automatically lose when time's up. (requested by rashyd)
|
|t:|1776035367
|teamsize|p1|6
|teamsize|p2|6
|start
|switch|p1a: Hippowdon|Hippowdon, F|100/100
|switch|p2a: Iron Valiant|Iron Valiant|100/100
|-weather|Sandstorm|[from] ability: Sand Stream|[of] p1a: Hippowdon
|-enditem|p2a: Iron Valiant|Booster Energy
|-activate|p2a: Iron Valiant|ability: Quark Drive|[fromitem]
|-start|p2a: Iron Valiant|quarkdrivespe
|turn|1
|
|t:|1776035379
|move|p2a: Iron Valiant|Knock Off|p1a: Hippowdon
|-damage|p1a: Hippowdon|85/100
|-enditem|p1a: Hippowdon|Leftovers|[from] move: Knock Off|[of] p2a: Iron Valiant
|move|p1a: Hippowdon|Roar|p2a: Iron Valiant
|-end|p2a: Iron Valiant|Quark Drive|[silent]
|drag|p2a: Latios|Latios, M|100/100
|
|-weather|Sandstorm|[upkeep]
|-damage|p2a: Latios|95/100|[from] Sandstorm
|upkeep
|turn|2
|
|t:|1776035391
|move|p2a: Latios|Psychic Noise|p1a: Hippowdon
|-damage|p1a: Hippowdon|32/100
|-start|p1a: Hippowdon|move: Heal Block
|move|p1a: Hippowdon|Ice Fang|p2a: Latios
|-supereffective|p2a: Latios
|-damage|p2a: Latios|47/100
|
|-weather|Sandstorm|[upkeep]
|-damage|p2a: Latios|41/100|[from] Sandstorm
|upkeep
|turn|3
|
|t:|1776035403
|switch|p1a: Corviknight|Corviknight, M|100/100
|move|p2a: Latios|Draco Meteor|p1a: Corviknight|[miss]
|-miss|p2a: Latios|p1a: Corviknight
|
|-weather|Sandstorm|[upkeep]
|-damage|p2a: Latios|35/100|[from] Sandstorm
|upkeep
|turn|4
|
|t:|1776035412
|move|p2a: Latios|Recover|p2a: Latios
|-heal|p2a: Latios|86/100
|move|p1a: Corviknight|Brave Bird|p2a: Latios
|-damage|p2a: Latios|28/100
|-damage|p1a: Corviknight|85/100|[from] Recoil
|
|-weather|Sandstorm|[upkeep]
|-damage|p2a: Latios|22/100|[from] Sandstorm
|-heal|p1a: Corviknight|91/100|[from] item: Leftovers
|upkeep
|turn|5
|
|t:|1776035424
|-terastallize|p2a: Latios|Steel
|move|p2a: Latios|Recover|p2a: Latios
|-heal|p2a: Latios|73/100
|move|p1a: Corviknight|Brave Bird|p2a: Latios
|-resisted|p2a: Latios
|-damage|p2a: Latios|42/100
|-damage|p1a: Corviknight|82/100|[from] Recoil
|
|-weather|none
|-heal|p1a: Corviknight|89/100|[from] item: Leftovers
|upkeep
|turn|6
|
|t:|1776035436
|switch|p1a: Tyranitar|Tyranitar, F|100/100
|-weather|Sandstorm|[from] ability: Sand Stream|[of] p1a: Tyranitar
|move|p2a: Latios|Recover|p2a: Latios
|-heal|p2a: Latios|93/100
|
|-weather|Sandstorm|[upkeep]
|upkeep
|turn|7
|
|t:|1776035449
|switch|p2a: Alomomola|Alomomola, L99, M|100/100
|move|p1a: Tyranitar|Thunder Wave|p2a: Alomomola
|-status|p2a: Alomomola|par
|
|-weather|Sandstorm|[upkeep]
|-damage|p2a: Alomomola|94/100 par|[from] Sandstorm
|upkeep
|turn|8
|
|t:|1776035464
|switch|p1a: Gastrodon|Gastrodon, F|100/100
|switch|p2a: Pecharunt|Pecharunt|100/100
|
|-weather|Sandstorm|[upkeep]
|-damage|p2a: Pecharunt|94/100|[from] Sandstorm
|upkeep
|turn|9
|
|t:|1776035474
|switch|p1a: Excadrill|Excadrill, M|100/100
|move|p2a: Pecharunt|Parting Shot|p1a: Excadrill
|-unboost|p1a: Excadrill|atk|1
|-unboost|p1a: Excadrill|spa|1
|
|t:|1776035489
|switch|p2a: Latios|Latios, M, tera:Steel|93/100|[from] Parting Shot
|
|-weather|Sandstorm|[upkeep]
|upkeep
|turn|10
|
|t:|1776035507
|switch|p1a: Corviknight|Corviknight, M|89/100
|move|p2a: Latios|Calm Mind|p2a: Latios
|-boost|p2a: Latios|spa|1
|-boost|p2a: Latios|spd|1
|
|-weather|none
|-heal|p1a: Corviknight|95/100|[from] item: Leftovers
|upkeep
|turn|11
|
|t:|1776035527
|move|p2a: Latios|Calm Mind|p2a: Latios
|-boost|p2a: Latios|spa|1
|-boost|p2a: Latios|spd|1
|move|p1a: Corviknight|Body Press|p2a: Latios
|-supereffective|p2a: Latios
|-damage|p2a: Latios|21/100
|
|-heal|p1a: Corviknight|100/100|[from] item: Leftovers
|upkeep
|turn|12
|
|t:|1776035537
|switch|p2a: Pecharunt|Pecharunt|94/100
|move|p1a: Corviknight|Body Press|p2a: Pecharunt
|-immune|p2a: Pecharunt
|
|upkeep
|turn|13
|
|t:|1776035546
|switch|p1a: Hippowdon|Hippowdon, F|32/100
|-weather|Sandstorm|[from] ability: Sand Stream|[of] p1a: Hippowdon
|move|p2a: Pecharunt|Shadow Ball|p1a: Hippowdon
|-crit|p1a: Hippowdon
|-damage|p1a: Hippowdon|0 fnt
|faint|p1a: Hippowdon
|
|-weather|Sandstorm|[upkeep]
|-damage|p2a: Pecharunt|88/100|[from] Sandstorm
|upkeep
|
|t:|1776035559
|switch|p1a: Excadrill|Excadrill, M|100/100
|turn|14
|
|t:|1776035566
|switch|p2a: Latios|Latios, M, tera:Steel|21/100
|move|p1a: Excadrill|Shadow Claw|p2a: Latios
|-damage|p2a: Latios|0 fnt
|faint|p2a: Latios
|
|-weather|Sandstorm|[upkeep]
|upkeep
|
|t:|1776035572
|switch|p2a: Ting-Lu|Ting-Lu|100/100
|-ability|p2a: Ting-Lu|Vessel of Ruin
|turn|15
|
|t:|1776035583
|switch|p1a: Corviknight|Corviknight, M|100/100
|move|p2a: Ting-Lu|Stealth Rock|p1a: Corviknight
|-sidestart|p1: rashyd|move: Stealth Rock
|
|-weather|Sandstorm|[upkeep]
|upkeep
|turn|16
|
|t:|1776035591
|switch|p2a: Pecharunt|Pecharunt|88/100
|move|p1a: Corviknight|Body Press|p2a: Pecharunt
|-immune|p2a: Pecharunt
|
|-weather|Sandstorm|[upkeep]
|-damage|p2a: Pecharunt|82/100|[from] Sandstorm
|upkeep
|turn|17
|
|t:|1776035600
|move|p2a: Pecharunt|Shadow Ball|p1a: Corviknight
|-damage|p1a: Corviknight|72/100
|move|p1a: Corviknight|Defog|p2a: Pecharunt
|-unboost|p2a: Pecharunt|evasion|1
|-sideend|p1: rashyd|Stealth Rock|[from] move: Defog|[of] p1a: Corviknight
|
|-weather|none
|-heal|p1a: Corviknight|78/100|[from] item: Leftovers
|upkeep
|turn|18
|
|t:|1776035610
|switch|p1a: Tyranitar|Tyranitar, F|100/100
|-weather|Sandstorm|[from] ability: Sand Stream|[of] p1a: Tyranitar
|move|p2a: Pecharunt|Parting Shot|p1a: Tyranitar
|-unboost|p1a: Tyranitar|atk|1
|-unboost|p1a: Tyranitar|spa|1
|
|t:|1776035624
|switch|p2a: Iron Valiant|Iron Valiant|100/100|[from] Parting Shot
|
|-weather|Sandstorm|[upkeep]
|-damage|p2a: Iron Valiant|94/100|[from] Sandstorm
|upkeep
|turn|19
|
|t:|1776035641
|-end|p2a: Iron Valiant|Quark Drive|[silent]
|switch|p2a: Ting-Lu|Ting-Lu|100/100
|-ability|p2a: Ting-Lu|Vessel of Ruin
|move|p1a: Tyranitar|Thunder Wave|p2a: Ting-Lu
|-immune|p2a: Ting-Lu
|
|-weather|Sandstorm|[upkeep]
|upkeep
|turn|20
|
|t:|1776035653
|switch|p1a: Gastrodon|Gastrodon, F|100/100
|move|p2a: Ting-Lu|Spikes|p1a: Gastrodon
|-sidestart|p1: rashyd|Spikes
|
|-weather|Sandstorm|[upkeep]
|upkeep
|turn|21
|
|t:|1776035660
|switch|p2a: Alomomola|Alomomola, L99, M|100/100 par
|move|p1a: Gastrodon|Surf|p2a: Alomomola
|-resisted|p2a: Alomomola
|-damage|p2a: Alomomola|88/100 par
|
|-weather|Sandstorm|[upkeep]
|-damage|p2a: Alomomola|82/100 par|[from] Sandstorm
|upkeep
|turn|22
|
|t:|1776035669
|move|p1a: Gastrodon|Stealth Rock|p2a: Alomomola
|-sidestart|p2: Wen-juckt's?|move: Stealth Rock
|move|p2a: Alomomola|Flip Turn|p1a: Gastrodon
|-ability|p1a: Gastrodon|Storm Drain|boost
|-boost|p1a: Gastrodon|spa|1
|
|-weather|none
|upkeep
|turn|23
|
|t:|1776035677
|move|p1a: Gastrodon|Surf|p2a: Alomomola
|-resisted|p2a: Alomomola
|-damage|p2a: Alomomola|66/100 par
|cant|p2a: Alomomola|par
|
|upkeep
|turn|24
|
|t:|1776035704
|switch|p2a: Ting-Lu|Ting-Lu|100/100
|-damage|p2a: Ting-Lu|94/100|[from] Stealth Rock
|-ability|p2a: Ting-Lu|Vessel of Ruin
|move|p1a: Gastrodon|Surf|p2a: Ting-Lu
|-supereffective|p2a: Ting-Lu
|-damage|p2a: Ting-Lu|57/100
|
|-heal|p2a: Ting-Lu|63/100|[from] item: Leftovers
|upkeep
|turn|25
|-message|Wen-juckt's? forfeited.
|
|win|rashyd
|raw|rashyd's rating: 1425 &rarr; <strong>1445</strong><br />(+20 for winning)
|raw|Wen-juckt&apos;s?'s rating: 1419 &rarr; <strong>1399</strong><br />(-20 for losing)
|l|☆Wen-juckt's?
|player|p2|
|l|☆rashyd
|player|p1|
