|html|<div class="broadcast-blue"><strong>[Gen 9] OU is currently suspecting Tera Blast! For information on how to participate check out the <a href="https://www.smogon.com/tools/suspects/view/200">suspect thread</a>.</strong></div>
|j|☆BFromTheMFBay
|j|☆eljugoaaron
|t:|1776048476
|gametype|singles
|player|p1|BFromTheMFBay|265|1436
|player|p2|eljugoaaron|102|1431
|gen|9
|tier|[Gen 9] OU
|rated|
|rule|HP Percentage Mod: HP is shown in percentages
|rule|Endless Battle Clause: Forcing endless battles is banned
|rule|Species Clause: Limit one of each Pokémon
|rule|OHKO Clause: OHKO moves are banned
|rule|Evasion Items Clause: Evasion items are banned
|rule|Evasion Moves Clause: Evasion moves are banned
|rule|Evasion Abilities Clause: Evasion abilities are banned
|rule|Sleep Moves Clause: Sleep-inducing moves are banned
|clearpoke
|poke|p1|Hydrapple, M|
|poke|p1|Tyranitar, F|
|poke|p1|Moltres|
|poke|p1|Zamazenta-*|
|poke|p1|Slowking-Galar, M|
|poke|p1|Excadrill, F|
|poke|p2|Moltres-Galar|
|poke|p2|Gholdengo|
|poke|p2|Samurott-Hisui, F|
|poke|p2|Smeargle, M|
|poke|p2|Zamazenta-*|
|poke|p2|Deoxys-Speed|
|teampreview
|c|☆BFromTheMFBay|hf
|inactive|Battle timer is ON: inactive players will automatically lose when time's up. (requested by BFromTheMFBay)
|
|t:|1776048500
|teamsize|p1|6
|teamsize|p2|6
|start
|switch|p1a: Tyranitar|Tyranitar, F|100/100
|switch|p2a: Samurott|Samurott-Hisui, F|100/100
|-weather|Sandstorm|[from] ability: Sand Stream|[of] p1a: Tyranitar
|turn|1
|c|☆eljugoaaron|u2
|
|t:|1776048517
|switch|p1a: Hydrapple|Hydrapple, M|100/100
|move|p2a: Samurott|Razor Shell|p1a: Hydrapple
|-resisted|p1a: Hydrapple
|-damage|p1a: Hydrapple|93/100
|-unboost|p1a: Hydrapple|def|1
|
|-weather|Sandstorm|[upkeep]
|-damage|p2a: Samurott|94/100|[from] Sandstorm
|-damage|p1a: Hydrapple|87/100|[from] Sandstorm
|upkeep
|turn|2
|
|t:|1776048535
|move|p2a: Samurott|Ceaseless Edge|p1a: Hydrapple
|-damage|p1a: Hydrapple|45/100
|-sidestart|p1: BFromTheMFBay|Spikes
|move|p1a: Hydrapple|Giga Drain|p2a: Samurott
|-supereffective|p2a: Samurott
|-damage|p2a: Samurott|0 fnt
|-heal|p1a: Hydrapple|82/100|[from] drain|[of] p2a: Samurott
|faint|p2a: Samurott
|
|-weather|Sandstorm|[upkeep]
|-damage|p1a: Hydrapple|76/100|[from] Sandstorm
|upkeep
|
|t:|1776048546
|switch|p2a: Moltres|Moltres-Galar|100/100
|turn|3
|
|t:|1776048563
|switch|p1a: Tyranitar|Tyranitar, F|100/100
|-damage|p1a: Tyranitar|88/100|[from] Spikes
|move|p2a: Moltres|Nasty Plot|p2a: Moltres
|-boost|p2a: Moltres|spa|2
|
|-weather|Sandstorm|[upkeep]
|-damage|p2a: Moltres|94/100|[from] Sandstorm
|upkeep
|turn|4
|
|t:|1776048579
|switch|p2a: Zamazenta|Zamazenta|100/100
|-ability|p2a: Zamazenta|Dauntless Shield|boost
|-boost|p2a: Zamazenta|def|1
|move|p1a: Tyranitar|Knock Off|p2a: Zamazenta
|-resisted|p2a: Zamazenta
|-damage|p2a: Zamazenta|90/100
|-enditem|p2a: Zamazenta|Leftovers|[from] move: Knock Off|[of] p1a: Tyranitar
|
|-weather|Sandstorm|[upkeep]
|-damage|p2a: Zamazenta|84/100|[from] Sandstorm
|upkeep
|turn|5
|inactive|BFromTheMFBay has 120 seconds left.
|
|t:|1776048597
|switch|p1a: Moltres|Moltres|100/100
|move|p2a: Zamazenta|Body Press|p1a: Moltres
|-resisted|p1a: Moltres
|-damage|p1a: Moltres|80/100
|
|-weather|Sandstorm|[upkeep]
|-damage|p2a: Zamazenta|77/100|[from] Sandstorm
|-damage|p1a: Moltres|74/100|[from] Sandstorm
|upkeep
|turn|6
|inactive|BFromTheMFBay has 120 seconds left.
|
|t:|1776048614
|move|p1a: Moltres|Flamethrower|p2a: Zamazenta
|-damage|p2a: Zamazenta|45/100
|move|p2a: Zamazenta|Roar|p1a: Moltres
|drag|p1a: Tyranitar|Tyranitar, F|88/100
|-damage|p1a: Tyranitar|76/100|[from] Spikes
|
|-weather|Sandstorm|[upkeep]
|-damage|p2a: Zamazenta|39/100|[from] Sandstorm
|upkeep
|turn|7
|inactive|BFromTheMFBay has 120 seconds left.
|
|t:|1776048631
|switch|p2a: Moltres|Moltres-Galar|94/100
|switch|p1a: Moltres|Moltres|74/100
|
|-weather|Sandstorm|[upkeep]
|-damage|p2a: Moltres|88/100|[from] Sandstorm
|-damage|p1a: Moltres|68/100|[from] Sandstorm
|upkeep
|turn|8
|
|t:|1776048647
|switch|p1a: Zamazenta|Zamazenta|100/100
|-damage|p1a: Zamazenta|88/100|[from] Spikes
|-ability|p1a: Zamazenta|Dauntless Shield|boost
|-boost|p1a: Zamazenta|def|1
|move|p2a: Moltres|Hurricane|p1a: Zamazenta
|-supereffective|p1a: Zamazenta
|-crit|p1a: Zamazenta
|-damage|p1a: Zamazenta|0 fnt
|faint|p1a: Zamazenta
|
|-weather|none
|upkeep
|
|t:|1776048665
|switch|p1a: Tyranitar|Tyranitar, F|76/100
|-damage|p1a: Tyranitar|63/100|[from] Spikes
|-weather|Sandstorm|[from] ability: Sand Stream|[of] p1a: Tyranitar
|turn|9
|inactive|BFromTheMFBay has 90 seconds left.
|
|t:|1776048682
|switch|p2a: Zamazenta|Zamazenta|39/100
|move|p1a: Tyranitar|Stealth Rock|p2a: Zamazenta
|-sidestart|p2: eljugoaaron|move: Stealth Rock
|
|-weather|Sandstorm|[upkeep]
|-damage|p2a: Zamazenta|33/100|[from] Sandstorm
|upkeep
|turn|10
|inactive|BFromTheMFBay has 90 seconds left.
|
|t:|1776048698
|switch|p1a: Moltres|Moltres|68/100
|move|p2a: Zamazenta|Iron Defense|p2a: Zamazenta
|-boost|p2a: Zamazenta|def|2
|
|-weather|Sandstorm|[upkeep]
|-damage|p2a: Zamazenta|27/100|[from] Sandstorm
|-damage|p1a: Moltres|62/100|[from] Sandstorm
|upkeep
|turn|11
|inactive|BFromTheMFBay has 90 seconds left.
|
|t:|1776048707
|move|p2a: Zamazenta|Body Press|p1a: Moltres
|-resisted|p1a: Moltres
|-damage|p1a: Moltres|37/100
|move|p1a: Moltres|Roost|p1a: Moltres
|-heal|p1a: Moltres|87/100
|-singleturn|p1a: Moltres|move: Roost
|
|-weather|Sandstorm|[upkeep]
|-damage|p2a: Zamazenta|20/100|[from] Sandstorm
|-damage|p1a: Moltres|81/100|[from] Sandstorm
|upkeep
|turn|12
|
|t:|1776048716
|switch|p2a: Moltres|Moltres-Galar|88/100
|-damage|p2a: Moltres|63/100|[from] Stealth Rock
|move|p1a: Moltres|Roost|p1a: Moltres
|-heal|p1a: Moltres|100/100
|-singleturn|p1a: Moltres|move: Roost
|
|-weather|Sandstorm|[upkeep]
|-damage|p2a: Moltres|57/100|[from] Sandstorm
|-damage|p1a: Moltres|94/100|[from] Sandstorm
|upkeep
|turn|13
|inactive|BFromTheMFBay has 90 seconds left.
|
|t:|1776048732
|switch|p1a: Tyranitar|Tyranitar, F|63/100
|-damage|p1a: Tyranitar|51/100|[from] Spikes
|move|p2a: Moltres|Agility|p2a: Moltres
|-boost|p2a: Moltres|spe|2
|
|-weather|Sandstorm|[upkeep]
|-damage|p2a: Moltres|51/100|[from] Sandstorm
|upkeep
|turn|14
|
|t:|1776048742
|move|p2a: Moltres|Nasty Plot|p2a: Moltres
|-boost|p2a: Moltres|spa|2
|move|p1a: Tyranitar|Knock Off|p2a: Moltres
|-resisted|p2a: Moltres
|-damage|p2a: Moltres|27/100
|-enditem|p2a: Moltres|Sitrus Berry|[from] move: Knock Off|[of] p1a: Tyranitar
|-ability|p2a: Moltres|Berserk|boost
|-boost|p2a: Moltres|spa|1
|
|-weather|Sandstorm|[upkeep]
|-damage|p2a: Moltres|21/100|[from] Sandstorm
|upkeep
|turn|15
|
|t:|1776048756
|move|p2a: Moltres|Fiery Wrath|p1a: Tyranitar
|-resisted|p1a: Tyranitar
|-damage|p1a: Tyranitar|28/100
|move|p1a: Tyranitar|Knock Off|p2a: Moltres
|-resisted|p2a: Moltres
|-damage|p2a: Moltres|5/100
|
|-weather|Sandstorm|[upkeep]
|-damage|p2a: Moltres|0 fnt|[from] Sandstorm
|faint|p2a: Moltres
|upkeep
|
|t:|1776048765
|switch|p2a: Gholdengo|Gholdengo|100/100
|-damage|p2a: Gholdengo|94/100|[from] Stealth Rock
|turn|16
|
|t:|1776048782
|move|p2a: Gholdengo|Make It Rain|p1a: Tyranitar
|-supereffective|p1a: Tyranitar
|-damage|p1a: Tyranitar|0 fnt
|-unboost|p2a: Gholdengo|spa|1
|faint|p1a: Tyranitar
|
|-weather|none
|upkeep
|inactive|BFromTheMFBay has 90 seconds left.
|
|t:|1776048799
|switch|p1a: Excadrill|Excadrill, F|100/100
|-item|p1a: Excadrill|Air Balloon
|turn|17
|inactive|BFromTheMFBay has 90 seconds left.
|
|t:|1776048815
|switch|p2a: Zamazenta|Zamazenta|20/100
|-damage|p2a: Zamazenta|14/100|[from] Stealth Rock
|move|p1a: Excadrill|Earthquake|p2a: Zamazenta
|-damage|p2a: Zamazenta|0 fnt
|faint|p2a: Zamazenta
|
|upkeep
|inactive|eljugoaaron has 120 seconds left.
|
|t:|1776048847
|switch|p2a: Gholdengo|Gholdengo|94/100
|-damage|p2a: Gholdengo|88/100|[from] Stealth Rock
|turn|18
|inactive|BFromTheMFBay has 90 seconds left.
|
|t:|1776048864
|move|p2a: Gholdengo|Trick|p1a: Excadrill
|-activate|p2a: Gholdengo|move: Trick|[of] p1a: Excadrill
|-item|p1a: Excadrill|Choice Scarf|[from] move: Trick
|-item|p2a: Gholdengo|Air Balloon
|-item|p2a: Gholdengo|Air Balloon|[from] move: Trick
|move|p1a: Excadrill|Earthquake|p2a: Gholdengo
|-immune|p2a: Gholdengo
|
|upkeep
|turn|19
|inactive|BFromTheMFBay has 90 seconds left.
|
|t:|1776048880
|switch|p1a: Moltres|Moltres|94/100
|move|p2a: Gholdengo|Shadow Ball|p1a: Moltres
|-damage|p1a: Moltres|51/100
|
|upkeep
|turn|20
|
|t:|1776048889
|move|p2a: Gholdengo|Shadow Ball|p1a: Moltres
|-damage|p1a: Moltres|8/100
|-unboost|p1a: Moltres|spd|1
|move|p1a: Moltres|Flamethrower|p2a: Gholdengo
|-supereffective|p2a: Gholdengo
|-damage|p2a: Gholdengo|2/100
|-enditem|p2a: Gholdengo|Air Balloon
|
|upkeep
|turn|21
|inactive|BFromTheMFBay has 90 seconds left.
|
|t:|1776048899
|move|p2a: Gholdengo|Shadow Ball|p1a: Moltres
|-damage|p1a: Moltres|0 fnt
|faint|p1a: Moltres
|
|upkeep
|inactive|BFromTheMFBay has 90 seconds left.
|
|t:|1776048908
|switch|p1a: Excadrill|Excadrill, F|100/100
|-damage|p1a: Excadrill|88/100|[from] Spikes
|turn|22
|
|t:|1776048920
|move|p1a: Excadrill|Earthquake|p2a: Gholdengo
|-supereffective|p2a: Gholdengo
|-damage|p2a: Gholdengo|0 fnt
|faint|p2a: Gholdengo
|
|upkeep
|
|t:|1776048922
|switch|p2a: Smeargle|Smeargle, M|100/100
|-damage|p2a: Smeargle|88/100|[from] Stealth Rock
|turn|23
|
|t:|1776048937
|-terastallize|p2a: Smeargle|Flying
|move|p1a: Excadrill|Earthquake|p2a: Smeargle
|-immune|p2a: Smeargle
|move|p2a: Smeargle|Jaw Lock|p1a: Excadrill
|-damage|p1a: Excadrill|70/100
|-activate|p2a: Smeargle|trapped
|-activate|p1a: Excadrill|trapped
|
|upkeep
|turn|24
|inactive|BFromTheMFBay has 90 seconds left.
|
|t:|1776048955
|move|p1a: Excadrill|Earthquake|p2a: Smeargle
|-immune|p2a: Smeargle
|move|p2a: Smeargle|No Retreat|p2a: Smeargle
|-boost|p2a: Smeargle|atk|1
|-boost|p2a: Smeargle|def|1
|-boost|p2a: Smeargle|spa|1
|-boost|p2a: Smeargle|spd|1
|-boost|p2a: Smeargle|spe|1
|
|upkeep
|turn|25
|inactive|BFromTheMFBay has 90 seconds left.
|
|t:|1776048978
|move|p1a: Excadrill|Earthquake|p2a: Smeargle
|-immune|p2a: Smeargle
|move|p2a: Smeargle|No Retreat|p2a: Smeargle
|-boost|p2a: Smeargle|atk|1
|-boost|p2a: Smeargle|def|1
|-boost|p2a: Smeargle|spa|1
|-boost|p2a: Smeargle|spd|1
|-boost|p2a: Smeargle|spe|1
|
|upkeep
|turn|26
|inactive|BFromTheMFBay has 90 seconds left.
|
|t:|1776048994
|move|p1a: Excadrill|Earthquake|p2a: Smeargle
|-immune|p2a: Smeargle
|move|p2a: Smeargle|No Retreat|p2a: Smeargle
|-boost|p2a: Smeargle|atk|1
|-boost|p2a: Smeargle|def|1
|-boost|p2a: Smeargle|spa|1
|-boost|p2a: Smeargle|spd|1
|-boost|p2a: Smeargle|spe|1
|
|upkeep
|turn|27
|
|t:|1776049010
|move|p2a: Smeargle|No Retreat|p2a: Smeargle
|-boost|p2a: Smeargle|atk|1
|-boost|p2a: Smeargle|def|1
|-boost|p2a: Smeargle|spa|1
|-boost|p2a: Smeargle|spd|1
|-boost|p2a: Smeargle|spe|1
|move|p1a: Excadrill|Earthquake|p2a: Smeargle
|-immune|p2a: Smeargle
|
|upkeep
|turn|28
|
|t:|1776049025
|move|p2a: Smeargle|No Retreat|p2a: Smeargle
|-boost|p2a: Smeargle|atk|1
|-boost|p2a: Smeargle|def|1
|-boost|p2a: Smeargle|spa|1
|-boost|p2a: Smeargle|spd|1
|-boost|p2a: Smeargle|spe|1
|move|p1a: Excadrill|Earthquake|p2a: Smeargle
|-immune|p2a: Smeargle
|
|upkeep
|turn|29
|
|t:|1776049041
|move|p2a: Smeargle|No Retreat|p2a: Smeargle
|-boost|p2a: Smeargle|atk|1
|-boost|p2a: Smeargle|def|1
|-boost|p2a: Smeargle|spa|1
|-boost|p2a: Smeargle|spd|1
|-boost|p2a: Smeargle|spe|1
|move|p1a: Excadrill|Earthquake|p2a: Smeargle
|-immune|p2a: Smeargle
|
|upkeep
|turn|30
|inactive|BFromTheMFBay has 60 seconds left.
|
|t:|1776049057
|move|p2a: Smeargle|Power Trip|p1a: Excadrill
|-damage|p1a: Excadrill|0 fnt
|faint|p1a: Excadrill
|
|upkeep
|inactive|BFromTheMFBay has 60 seconds left.
|
|t:|1776049065
|switch|p1a: Hydrapple|Hydrapple, M|100/100
|turn|31
|
|t:|1776049073
|move|p2a: Smeargle|Power Trip|p1a: Hydrapple
|-damage|p1a: Hydrapple|0 fnt
|faint|p1a: Hydrapple
|
|upkeep
|
|t:|1776049079
|switch|p1a: Slowking|Slowking-Galar, M|100/100
|-damage|p1a: Slowking|88/100|[from] Spikes
|turn|32
|
|t:|1776049084
|move|p2a: Smeargle|Power Trip|p1a: Slowking
|-supereffective|p1a: Slowking
|-damage|p1a: Slowking|0 fnt
|faint|p1a: Slowking
|
|win|eljugoaaron
|raw|BFromTheMFBay's rating: 1436 &rarr; <strong>1416</strong><br />(-20 for losing)
|raw|eljugoaaron's rating: 1431 &rarr; <strong>1451</strong><br />(+20 for winning)
|c|☆BFromTheMFBay|gg
|l|☆BFromTheMFBay
|player|p1|
|c|☆eljugoaaron|gg
|l|☆eljugoaaron
|player|p2|
