|html|<div class="broadcast-blue"><strong>[Gen 9] OU is currently suspecting Tera Blast! For information on how to participate check out the <a href="https://www.smogon.com/tools/suspects/view/200">suspect thread</a>.</strong></div>
|j|☆rraindancerr
|j|☆Blastoise_Choice
|t:|1776063373
|gametype|singles
|player|p1|rraindancerr|wallace|1503
|player|p2|Blastoise_Choice|benga|1632
|gen|9
|tier|[Gen 9] OU
|rated|
|rule|HP Percentage Mod: HP is shown in percentages
|rule|Endless Battle Clause: Forcing endless battles is banned
|rule|Species Clause: Limit one of each Pokémon
|rule|OHKO Clause: OHKO moves are banned
|rule|Evasion Items Clause: Evasion items are banned
|rule|Evasion Moves Clause: Evasion moves are banned
|rule|Evasion Abilities Clause: Evasion abilities are banned
|rule|Sleep Moves Clause: Sleep-inducing moves are banned
|clearpoke
|poke|p1|Pelipper, F|
|poke|p1|Manaphy|
|poke|p1|Barraskewda, M|
|poke|p1|Raging Bolt|
|poke|p1|Tornadus-Therian, M|
|poke|p1|Iron Treads|
|poke|p2|Hydrapple, M|
|poke|p2|Tyranitar, F|
|poke|p2|Moltres|
|poke|p2|Zamazenta-*|
|poke|p2|Slowking-Galar, M|
|poke|p2|Excadrill, F|
|teampreview
|inactive|Battle timer is ON: inactive players will automatically lose when time's up. (requested by rraindancerr)
|c|☆Blastoise_Choice|hf
|inactive|Blastoise_Choice also wants the timer to be on.
|
|t:|1776063383
|teamsize|p1|6
|teamsize|p2|6
|start
|switch|p1a: Iron Treads|Iron Treads, shiny|100/100
|switch|p2a: Tyranitar|Tyranitar, F|100/100
|-weather|Sandstorm|[from] ability: Sand Stream|[of] p2a: Tyranitar
|turn|1
|
|t:|1776063390
|switch|p2a: Zamazenta|Zamazenta|100/100
|-ability|p2a: Zamazenta|Dauntless Shield|boost
|-boost|p2a: Zamazenta|def|1
|move|p1a: Iron Treads|Stealth Rock|p2a: Zamazenta
|-sidestart|p2: Blastoise_Choice|move: Stealth Rock
|
|-weather|Sandstorm|[upkeep]
|-damage|p2a: Zamazenta|94/100|[from] Sandstorm
|-heal|p2a: Zamazenta|100/100|[from] item: Leftovers
|upkeep
|turn|2
|
|t:|1776063396
|-end|p1a: Iron Treads|Quark Drive|[silent]
|switch|p1a: Tornadus|Tornadus-Therian, M, shiny|100/100
|move|p2a: Zamazenta|Body Press|p1a: Tornadus
|-resisted|p1a: Tornadus
|-damage|p1a: Tornadus|58/100
|
|-weather|Sandstorm|[upkeep]
|-damage|p2a: Zamazenta|94/100|[from] Sandstorm
|-damage|p1a: Tornadus|52/100|[from] Sandstorm
|-heal|p2a: Zamazenta|100/100|[from] item: Leftovers
|upkeep
|turn|3
|
|t:|1776063403
|move|p2a: Zamazenta|Body Press|p1a: Tornadus
|-resisted|p1a: Tornadus
|-damage|p1a: Tornadus|14/100
|move|p1a: Tornadus|Hurricane|p2a: Zamazenta
|-supereffective|p2a: Zamazenta
|-damage|p2a: Zamazenta|0 fnt
|faint|p2a: Zamazenta
|
|-weather|Sandstorm|[upkeep]
|-damage|p1a: Tornadus|8/100|[from] Sandstorm
|upkeep
|
|t:|1776063410
|switch|p2a: Excadrill|Excadrill, F|100/100
|-damage|p2a: Excadrill|97/100|[from] Stealth Rock
|-item|p2a: Excadrill|Air Balloon
|turn|4
|
|t:|1776063420
|switch|p1a: Pelipper|Pelipper, F, shiny|100/100
|-weather|RainDance|[from] ability: Drizzle|[of] p1a: Pelipper
|move|p2a: Excadrill|Rapid Spin|p1a: Pelipper
|-damage|p1a: Pelipper|85/100
|-boost|p2a: Excadrill|spe|1
|-sideend|p2: Blastoise_Choice|Stealth Rock|[from] move: Rapid Spin|[of] p2a: Excadrill
|
|-weather|RainDance|[upkeep]
|upkeep
|turn|5
|
|t:|1776063427
|switch|p2a: Tyranitar|Tyranitar, F|100/100
|-weather|Sandstorm|[from] ability: Sand Stream|[of] p2a: Tyranitar
|move|p1a: Pelipper|U-turn|p2a: Tyranitar
|-supereffective|p2a: Tyranitar
|-damage|p2a: Tyranitar|87/100
|
|t:|1776063432
|switch|p1a: Tornadus|Tornadus-Therian, M, shiny|41/100|[from] U-turn
|
|-weather|Sandstorm|[upkeep]
|-damage|p1a: Tornadus|35/100|[from] Sandstorm
|upkeep
|turn|6
|
|t:|1776063438
|move|p1a: Tornadus|U-turn|p2a: Tyranitar
|-supereffective|p2a: Tyranitar
|-damage|p2a: Tyranitar|64/100
|
|t:|1776063442
|switch|p1a: Iron Treads|Iron Treads, shiny|100/100|[from] U-turn
|move|p2a: Tyranitar|Knock Off|p1a: Iron Treads
|-damage|p1a: Iron Treads|60/100
|-enditem|p1a: Iron Treads|Leftovers|[from] move: Knock Off|[of] p2a: Tyranitar
|
|-weather|Sandstorm|[upkeep]
|upkeep
|turn|7
|
|t:|1776063450
|switch|p2a: Excadrill|Excadrill, F|97/100
|-item|p2a: Excadrill|Air Balloon
|move|p1a: Iron Treads|Iron Head|p2a: Excadrill
|-resisted|p2a: Excadrill
|-damage|p2a: Excadrill|71/100
|-enditem|p2a: Excadrill|Air Balloon
|
|-weather|Sandstorm|[upkeep]
|upkeep
|turn|8
|
|t:|1776063461
|switch|p2a: Slowking|Slowking-Galar, M|100/100
|-terastallize|p1a: Iron Treads|Ghost
|move|p1a: Iron Treads|Earthquake|p2a: Slowking
|-supereffective|p2a: Slowking
|-damage|p2a: Slowking|33/100
|
|-weather|Sandstorm|[upkeep]
|-damage|p1a: Iron Treads|54/100|[from] Sandstorm
|-damage|p2a: Slowking|27/100|[from] Sandstorm
|upkeep
|turn|9
|
|t:|1776063465
|switch|p2a: Hydrapple|Hydrapple, M|100/100
|move|p1a: Iron Treads|Stealth Rock|p2a: Hydrapple
|-sidestart|p2: Blastoise_Choice|move: Stealth Rock
|
|-weather|Sandstorm|[upkeep]
|-damage|p1a: Iron Treads|48/100|[from] Sandstorm
|-damage|p2a: Hydrapple|94/100|[from] Sandstorm
|upkeep
|turn|10
|
|t:|1776063469
|-end|p1a: Iron Treads|Quark Drive|[silent]
|switch|p1a: Pelipper|Pelipper, F, shiny|85/100
|-weather|RainDance|[from] ability: Drizzle|[of] p1a: Pelipper
|move|p2a: Hydrapple|Fickle Beam|p1a: Pelipper
|-damage|p1a: Pelipper|48/100
|
|-weather|RainDance|[upkeep]
|upkeep
|turn|11
|
|t:|1776063475
|move|p2a: Hydrapple|Fickle Beam|p1a: Pelipper
|-damage|p1a: Pelipper|12/100
|move|p1a: Pelipper|Roost|p1a: Pelipper
|-heal|p1a: Pelipper|62/100
|-singleturn|p1a: Pelipper|move: Roost
|
|-weather|RainDance|[upkeep]
|upkeep
|turn|12
|
|t:|1776063482
|move|p2a: Hydrapple|Fickle Beam|p1a: Pelipper
|-damage|p1a: Pelipper|25/100
|move|p1a: Pelipper|Roost|p1a: Pelipper
|-heal|p1a: Pelipper|75/100
|-singleturn|p1a: Pelipper|move: Roost
|
|-weather|RainDance|[upkeep]
|upkeep
|turn|13
|
|t:|1776063488
|switch|p2a: Tyranitar|Tyranitar, F|64/100
|-damage|p2a: Tyranitar|52/100|[from] Stealth Rock
|-weather|Sandstorm|[from] ability: Sand Stream|[of] p2a: Tyranitar
|move|p1a: Pelipper|Roost|p1a: Pelipper
|-heal|p1a: Pelipper|100/100
|-singleturn|p1a: Pelipper|move: Roost
|
|-weather|Sandstorm|[upkeep]
|-damage|p1a: Pelipper|94/100|[from] Sandstorm
|upkeep
|turn|14
|
|t:|1776063494
|move|p2a: Tyranitar|Stealth Rock|p1a: Pelipper
|-sidestart|p1: rraindancerr|move: Stealth Rock
|move|p1a: Pelipper|U-turn|p2a: Tyranitar
|-supereffective|p2a: Tyranitar
|-damage|p2a: Tyranitar|36/100
|
|t:|1776063518
|switch|p1a: Manaphy|Manaphy, shiny|100/100|[from] U-turn
|-damage|p1a: Manaphy|88/100|[from] Stealth Rock
|
|-weather|Sandstorm|[upkeep]
|-damage|p1a: Manaphy|82/100|[from] Sandstorm
|upkeep
|turn|15
|
|t:|1776063524
|move|p1a: Manaphy|Tail Glow|p1a: Manaphy
|-boost|p1a: Manaphy|spa|3
|move|p2a: Tyranitar|Knock Off|p1a: Manaphy
|-damage|p1a: Manaphy|43/100
|-enditem|p1a: Manaphy|Mental Herb|[from] move: Knock Off|[of] p2a: Tyranitar
|
|-weather|Sandstorm|[upkeep]
|-damage|p1a: Manaphy|36/100|[from] Sandstorm
|upkeep
|turn|16
|
|t:|1776063532
|move|p1a: Manaphy|Surf|p2a: Tyranitar
|-supereffective|p2a: Tyranitar
|-damage|p2a: Tyranitar|0 fnt
|faint|p2a: Tyranitar
|
|-weather|Sandstorm|[upkeep]
|-damage|p1a: Manaphy|30/100|[from] Sandstorm
|upkeep
|
|t:|1776063538
|switch|p2a: Excadrill|Excadrill, F|71/100
|-damage|p2a: Excadrill|68/100|[from] Stealth Rock
|turn|17
|
|t:|1776063545
|switch|p1a: Pelipper|Pelipper, F, shiny|94/100
|-damage|p1a: Pelipper|70/100|[from] Stealth Rock
|-weather|RainDance|[from] ability: Drizzle|[of] p1a: Pelipper
|move|p2a: Excadrill|Earthquake|p1a: Pelipper
|-immune|p1a: Pelipper
|
|-weather|RainDance|[upkeep]
|upkeep
|turn|18
|
|t:|1776063552
|move|p2a: Excadrill|Rapid Spin|p1a: Pelipper
|-damage|p1a: Pelipper|54/100
|-boost|p2a: Excadrill|spe|1
|-sideend|p2: Blastoise_Choice|Stealth Rock|[from] move: Rapid Spin|[of] p2a: Excadrill
|move|p1a: Pelipper|U-turn|p2a: Excadrill
|-resisted|p2a: Excadrill
|-damage|p2a: Excadrill|62/100
|
|t:|1776063559
|switch|p1a: Barraskewda|Barraskewda, M, shiny|100/100|[from] U-turn
|-damage|p1a: Barraskewda|88/100|[from] Stealth Rock
|
|-weather|RainDance|[upkeep]
|upkeep
|turn|19
|
|t:|1776063565
|switch|p2a: Hydrapple|Hydrapple, M|100/100
|move|p1a: Barraskewda|Flip Turn|p2a: Hydrapple
|-resisted|p2a: Hydrapple
|-damage|p2a: Hydrapple|89/100
|
|t:|1776063569
|switch|p1a: Iron Treads|Iron Treads, shiny, tera:Ghost|48/100|[from] Flip Turn
|-damage|p1a: Iron Treads|35/100|[from] Stealth Rock
|
|-weather|RainDance|[upkeep]
|upkeep
|turn|20
|
|t:|1776063573
|move|p1a: Iron Treads|Rapid Spin|p2a: Hydrapple
|-damage|p2a: Hydrapple|79/100
|-boost|p1a: Iron Treads|spe|1
|-sideend|p1: rraindancerr|Stealth Rock|[from] move: Rapid Spin|[of] p1a: Iron Treads
|move|p2a: Hydrapple|Nasty Plot|p2a: Hydrapple
|-boost|p2a: Hydrapple|spa|2
|
|-weather|RainDance|[upkeep]
|upkeep
|turn|21
|
|t:|1776063577
|move|p1a: Iron Treads|Iron Head|p2a: Hydrapple
|-damage|p2a: Hydrapple|56/100
|move|p2a: Hydrapple|Nasty Plot|p2a: Hydrapple
|-boost|p2a: Hydrapple|spa|2
|
|-weather|RainDance|[upkeep]
|upkeep
|turn|22
|
|t:|1776063581
|switch|p2a: Moltres|Moltres|100/100
|move|p1a: Iron Treads|Iron Head|p2a: Moltres
|-resisted|p2a: Moltres
|-damage|p2a: Moltres|86/100
|
|-weather|RainDance|[upkeep]
|upkeep
|turn|23
|
|t:|1776063584
|move|p1a: Iron Treads|Stealth Rock|p2a: Moltres
|-sidestart|p2: Blastoise_Choice|move: Stealth Rock
|move|p2a: Moltres|U-turn|p1a: Iron Treads
|-resisted|p1a: Iron Treads
|-damage|p1a: Iron Treads|28/100
|
|t:|1776063588
|switch|p2a: Hydrapple|Hydrapple, M|89/100|[from] U-turn
|
|-weather|RainDance|[upkeep]
|upkeep
|turn|24
|
|t:|1776063593
|-end|p1a: Iron Treads|Quark Drive|[silent]
|switch|p1a: Tornadus|Tornadus-Therian, M, shiny|68/100
|-terastallize|p2a: Hydrapple|Poison
|move|p2a: Hydrapple|Fickle Beam|p1a: Tornadus|[anim] Fickle Beam All Out
|-activate|p2a: Hydrapple|move: Fickle Beam
|-damage|p1a: Tornadus|15/100
|
|-weather|none
|upkeep
|turn|25
|
|t:|1776063599
|switch|p2a: Slowking|Slowking-Galar, M|60/100
|-damage|p2a: Slowking|48/100|[from] Stealth Rock
|move|p1a: Tornadus|U-turn|p2a: Slowking
|-damage|p2a: Slowking|36/100
|
|t:|1776063602
|switch|p1a: Barraskewda|Barraskewda, M, shiny|88/100|[from] U-turn
|
|upkeep
|turn|26
|
|t:|1776063608
|switch|p2a: Hydrapple|Hydrapple, M, tera:Poison|100/100
|move|p1a: Barraskewda|Flip Turn|p2a: Hydrapple
|-damage|p2a: Hydrapple|68/100
|
|t:|1776063610
|switch|p1a: Pelipper|Pelipper, F, shiny|54/100|[from] Flip Turn
|-weather|RainDance|[from] ability: Drizzle|[of] p1a: Pelipper
|
|-weather|RainDance|[upkeep]
|upkeep
|turn|27
|
|t:|1776063617
|move|p2a: Hydrapple|Fickle Beam|p1a: Pelipper
|-damage|p1a: Pelipper|17/100
|move|p1a: Pelipper|U-turn|p2a: Hydrapple
|-resisted|p2a: Hydrapple
|-damage|p2a: Hydrapple|65/100
|
|t:|1776063619
|switch|p1a: Raging Bolt|Raging Bolt|100/100|[from] U-turn
|-enditem|p1a: Raging Bolt|Booster Energy
|-activate|p1a: Raging Bolt|ability: Protosynthesis|[fromitem]
|-start|p1a: Raging Bolt|protosynthesisspa
|
|-weather|RainDance|[upkeep]
|upkeep
|turn|28
|
|t:|1776063625
|switch|p2a: Slowking|Slowking-Galar, M|69/100
|-damage|p2a: Slowking|57/100|[from] Stealth Rock
|move|p1a: Raging Bolt|Weather Ball|p2a: Slowking
|-damage|p2a: Slowking|16/100
|
|-weather|RainDance|[upkeep]
|upkeep
|turn|29
|
|t:|1776063632
|move|p1a: Raging Bolt|Weather Ball|p2a: Slowking
|-damage|p2a: Slowking|0 fnt
|faint|p2a: Slowking
|
|-weather|RainDance|[upkeep]
|upkeep
|
|t:|1776063639
|switch|p2a: Excadrill|Excadrill, F|62/100
|-damage|p2a: Excadrill|59/100|[from] Stealth Rock
|turn|30
|
|t:|1776063645
|move|p2a: Excadrill|Earthquake|p1a: Raging Bolt
|-supereffective|p1a: Raging Bolt
|-damage|p1a: Raging Bolt|0 fnt
|faint|p1a: Raging Bolt
|-end|p1a: Raging Bolt|Protosynthesis|[silent]
|
|-weather|RainDance|[upkeep]
|upkeep
|
|t:|1776063647
|switch|p1a: Barraskewda|Barraskewda, M, shiny|88/100
|turn|31
|
|t:|1776063654
|switch|p2a: Moltres|Moltres|86/100
|move|p1a: Barraskewda|Liquidation|p2a: Moltres
|-supereffective|p2a: Moltres
|-damage|p2a: Moltres|0 fnt
|faint|p2a: Moltres
|
|-weather|RainDance|[upkeep]
|upkeep
|
|t:|1776063661
|switch|p2a: Hydrapple|Hydrapple, M, tera:Poison|99/100
|turn|32
|
|t:|1776063674
|switch|p1a: Tornadus|Tornadus-Therian, M, shiny|48/100
|move|p2a: Hydrapple|Fickle Beam|p1a: Tornadus
|-damage|p1a: Tornadus|19/100
|
|-weather|RainDance|[upkeep]
|upkeep
|turn|33
|
|t:|1776063681
|switch|p2a: Excadrill|Excadrill, F|59/100
|-damage|p2a: Excadrill|56/100|[from] Stealth Rock
|move|p1a: Tornadus|Hurricane|p2a: Excadrill
|-resisted|p2a: Excadrill
|-damage|p2a: Excadrill|23/100
|
|-weather|none
|upkeep
|turn|34
|
|t:|1776063687
|switch|p2a: Hydrapple|Hydrapple, M, tera:Poison|100/100
|move|p1a: Tornadus|U-turn|p2a: Hydrapple
|-resisted|p2a: Hydrapple
|-damage|p2a: Hydrapple|96/100
|
|t:|1776063690
|switch|p1a: Pelipper|Pelipper, F, shiny|17/100|[from] U-turn
|-weather|RainDance|[from] ability: Drizzle|[of] p1a: Pelipper
|
|-weather|RainDance|[upkeep]
|upkeep
|turn|35
|
|t:|1776063696
|move|p2a: Hydrapple|Earth Power|p1a: Pelipper
|-immune|p1a: Pelipper
|move|p1a: Pelipper|U-turn|p2a: Hydrapple
|-resisted|p2a: Hydrapple
|-damage|p2a: Hydrapple|93/100
|
|t:|1776063702
|switch|p1a: Manaphy|Manaphy, shiny|30/100|[from] U-turn
|
|-weather|RainDance|[upkeep]
|upkeep
|turn|36
|
|t:|1776063708
|move|p1a: Manaphy|Rest|p1a: Manaphy
|-status|p1a: Manaphy|slp|[from] move: Rest
|-heal|p1a: Manaphy|100/100 slp|[silent]
|move|p2a: Hydrapple|Fickle Beam|p1a: Manaphy
|-damage|p1a: Manaphy|64/100 slp
|
|-weather|RainDance|[upkeep]
|-activate|p1a: Manaphy|ability: Hydration
|-curestatus|p1a: Manaphy|slp|[msg]
|upkeep
|turn|37
|
|t:|1776063715
|move|p1a: Manaphy|Tail Glow|p1a: Manaphy
|-boost|p1a: Manaphy|spa|3
|move|p2a: Hydrapple|Giga Drain|p1a: Manaphy
|-supereffective|p1a: Manaphy
|-damage|p1a: Manaphy|1/100
|-heal|p2a: Hydrapple|100/100|[from] drain|[of] p1a: Manaphy
|
|-weather|RainDance|[upkeep]
|upkeep
|turn|38
|
|t:|1776063719
|move|p1a: Manaphy|Rest|p1a: Manaphy
|-status|p1a: Manaphy|slp|[from] move: Rest
|-heal|p1a: Manaphy|100/100 slp|[silent]
|move|p2a: Hydrapple|Fickle Beam|p1a: Manaphy
|-damage|p1a: Manaphy|66/100 slp
|
|-weather|RainDance|[upkeep]
|-activate|p1a: Manaphy|ability: Hydration
|-curestatus|p1a: Manaphy|slp|[msg]
|upkeep
|turn|39
|
|t:|1776063722
|move|p1a: Manaphy|Surf|p2a: Hydrapple
|-damage|p2a: Hydrapple|0 fnt
|faint|p2a: Hydrapple
|
|-weather|RainDance|[upkeep]
|upkeep
|
|t:|1776063726
|switch|p2a: Excadrill|Excadrill, F|23/100
|-damage|p2a: Excadrill|20/100|[from] Stealth Rock
|turn|40
|
|t:|1776063729
|move|p1a: Manaphy|Surf|p2a: Excadrill
|-supereffective|p2a: Excadrill
|-damage|p2a: Excadrill|0 fnt
|faint|p2a: Excadrill
|
|win|rraindancerr
|raw|rraindancerr's rating: 1503 &rarr; <strong>1530</strong><br />(+27 for winning)
|raw|Blastoise_Choice's rating: 1632 &rarr; <strong>1605</strong><br />(-27 for losing)
|c|☆Blastoise_Choice|gg
