|html|<div class="broadcast-blue"><strong>[Gen 9] OU is currently suspecting Tera Blast! For information on how to participate check out the <a href="https://www.smogon.com/tools/suspects/view/200">suspect thread</a>.</strong></div>
|j|☆Bicyn
|j|☆Timmaipatim
|t:|1776071928
|gametype|singles
|player|p1|Bicyn|dancer|1202
|player|p2|Timmaipatim|koga|1207
|gen|9
|tier|[Gen 9] OU
|rated|
|rule|HP Percentage Mod: HP is shown in percentages
|rule|Endless Battle Clause: Forcing endless battles is banned
|rule|Species Clause: Limit one of each Pokémon
|rule|OHKO Clause: OHKO moves are banned
|rule|Evasion Items Clause: Evasion items are banned
|rule|Evasion Moves Clause: Evasion moves are banned
|rule|Evasion Abilities Clause: Evasion abilities are banned
|rule|Sleep Moves Clause: Sleep-inducing moves are banned
|clearpoke
|poke|p1|Bronzong|
|poke|p1|Enamorus-Therian, F|
|poke|p1|Hippowdon, F|
|poke|p1|Chandelure, M|
|poke|p1|Diancie|
|poke|p1|Excadrill, M|
|poke|p2|Glimmora, M|
|poke|p2|Dragapult, F|
|poke|p2|Enamorus, F|
|poke|p2|Dragonite, F|
|poke|p2|Kingambit, M|
|poke|p2|Great Tusk|
|teampreview
|inactive|Battle timer is ON: inactive players will automatically lose when time's up. (requested by Timmaipatim)
|
|t:|1776071956
|teamsize|p1|6
|teamsize|p2|6
|start
|switch|p1a: Hippowdon|Hippowdon, F|100/100
|switch|p2a: Poupourrie|Glimmora, M, shiny|100/100
|-weather|Sandstorm|[from] ability: Sand Stream|[of] p1a: Hippowdon
|turn|1
|
|t:|1776071960
|move|p2a: Poupourrie|Stealth Rock|p1a: Hippowdon
|-sidestart|p1: Bicyn|move: Stealth Rock
|move|p1a: Hippowdon|Earthquake|p2a: Poupourrie
|-supereffective|p2a: Poupourrie
|-enditem|p2a: Poupourrie|Focus Sash
|-damage|p2a: Poupourrie|1/100
|-activate|p2a: Poupourrie|ability: Toxic Debris
|-sidestart|p1: Bicyn|move: Toxic Spikes
|
|-weather|Sandstorm|[upkeep]
|upkeep
|turn|2
|
|t:|1776071965
|move|p2a: Poupourrie|Earth Power|p1a: Hippowdon
|-damage|p1a: Hippowdon|65/100
|move|p1a: Hippowdon|Earthquake|p2a: Poupourrie
|-supereffective|p2a: Poupourrie
|-damage|p2a: Poupourrie|0 fnt
|-activate|p2a: Poupourrie|ability: Toxic Debris
|-sidestart|p1: Bicyn|move: Toxic Spikes
|faint|p2a: Poupourrie
|
|-weather|Sandstorm|[upkeep]
|upkeep
|
|t:|1776071977
|switch|p2a: Poupoulain|Enamorus, F, shiny|100/100
|turn|3
|
|t:|1776071983
|switch|p1a: Excadrill|Excadrill, M|100/100
|-damage|p1a: Excadrill|97/100|[from] Stealth Rock
|move|p2a: Poupoulain|Moonblast|p1a: Excadrill
|-resisted|p1a: Excadrill
|-damage|p1a: Excadrill|62/100
|
|-weather|Sandstorm|[upkeep]
|-damage|p2a: Poupoulain|94/100|[from] Sandstorm
|upkeep
|turn|4
|inactive|Bicyn has 120 seconds left.
|
|t:|1776072027
|switch|p2a: Poupoutre|Great Tusk|100/100
|move|p1a: Excadrill|Iron Head|p2a: Poupoutre
|-damage|p2a: Poupoutre|56/100
|-damage|p1a: Excadrill|52/100|[from] item: Life Orb
|
|-weather|Sandstorm|[upkeep]
|upkeep
|turn|5
|
|t:|1776072035
|move|p1a: Excadrill|Earthquake|p2a: Poupoutre
|-damage|p2a: Poupoutre|3/100
|-damage|p1a: Excadrill|42/100|[from] item: Life Orb
|move|p2a: Poupoutre|Headlong Rush|p1a: Excadrill
|-supereffective|p1a: Excadrill
|-damage|p1a: Excadrill|0 fnt
|-unboost|p2a: Poupoutre|def|1
|-unboost|p2a: Poupoutre|spd|1
|faint|p1a: Excadrill
|
|-weather|none
|upkeep
|inactive|Bicyn has 120 seconds left.
|
|t:|1776072045
|switch|p1a: Bronzong|Bronzong|100/100
|-damage|p1a: Bronzong|94/100|[from] Stealth Rock
|turn|6
|
|t:|1776072050
|move|p2a: Poupoutre|Headlong Rush|p1a: Bronzong
|-immune|p1a: Bronzong|[from] ability: Levitate
|move|p1a: Bronzong|Trick Room|p1a: Bronzong
|-fieldstart|move: Trick Room|[of] p1a: Bronzong
|
|upkeep
|turn|7
|
|t:|1776072056
|move|p1a: Bronzong|Stealth Rock|p2a: Poupoutre
|-sidestart|p2: Timmaipatim|move: Stealth Rock
|move|p2a: Poupoutre|Knock Off|p1a: Bronzong
|-supereffective|p1a: Bronzong
|-damage|p1a: Bronzong|38/100
|-enditem|p1a: Bronzong|Occa Berry|[from] move: Knock Off|[of] p2a: Poupoutre
|
|upkeep
|turn|8
|
|t:|1776072063
|move|p1a: Bronzong|Body Press|p2a: Poupoutre
|-damage|p2a: Poupoutre|0 fnt
|faint|p2a: Poupoutre
|-end|p2a: Poupoutre|Protosynthesis|[silent]
|
|upkeep
|
|t:|1776072071
|switch|p2a: Poupoulette|Kingambit, M, shiny|100/100
|-damage|p2a: Poupoulette|94/100|[from] Stealth Rock
|-activate|p2a: Poupoulette|ability: Supreme Overlord
|-start|p2a: Poupoulette|fallen2|[silent]
|turn|9
|
|t:|1776072075
|move|p1a: Bronzong|Body Press|p2a: Poupoulette
|-supereffective|p2a: Poupoulette
|-damage|p2a: Poupoulette|6/100
|move|p2a: Poupoulette|Kowtow Cleave|p1a: Bronzong
|-supereffective|p1a: Bronzong
|-damage|p1a: Bronzong|0 fnt
|faint|p1a: Bronzong
|
|-heal|p2a: Poupoulette|13/100|[from] item: Leftovers
|upkeep
|
|t:|1776072098
|switch|p1a: Hippowdon|Hippowdon, F|65/100
|-damage|p1a: Hippowdon|59/100|[from] Stealth Rock
|-status|p1a: Hippowdon|tox
|-weather|Sandstorm|[from] ability: Sand Stream|[of] p1a: Hippowdon
|turn|10
|
|t:|1776072108
|move|p2a: Poupoulette|Sucker Punch|p1a: Hippowdon
|-damage|p1a: Hippowdon|25/100 tox
|move|p1a: Hippowdon|Fire Fang|p2a: Poupoulette
|-supereffective|p2a: Poupoulette
|-damage|p2a: Poupoulette|0 fnt
|faint|p2a: Poupoulette
|-end|p2a: Poupoulette|fallen2|[silent]
|
|-weather|Sandstorm|[upkeep]
|-damage|p1a: Hippowdon|19/100 tox|[from] psn
|-fieldend|move: Trick Room
|upkeep
|
|t:|1776072116
|switch|p2a: Poupoutine|Dragonite, F, shiny|100/100
|turn|11
|
|t:|1776072118
|move|p2a: Poupoutine|Extreme Speed|p1a: Hippowdon
|-damage|p1a: Hippowdon|0 fnt
|faint|p1a: Hippowdon
|
|-weather|Sandstorm|[upkeep]
|-damage|p2a: Poupoutine|94/100|[from] Sandstorm
|upkeep
|
|t:|1776072122
|switch|p1a: Diancie|Diancie|100/100
|-damage|p1a: Diancie|88/100|[from] Stealth Rock
|-status|p1a: Diancie|tox
|turn|12
|
|t:|1776072133
|move|p2a: Poupoutine|Earthquake|p1a: Diancie
|-supereffective|p1a: Diancie
|-damage|p1a: Diancie|30/100 tox
|move|p1a: Diancie|Moonblast|p2a: Poupoutine
|-supereffective|p2a: Poupoutine
|-damage|p2a: Poupoutine|1/100
|-unboost|p2a: Poupoutine|spa|1
|
|-weather|Sandstorm|[upkeep]
|-damage|p2a: Poupoutine|0 fnt|[from] Sandstorm
|faint|p2a: Poupoutine
|-damage|p1a: Diancie|24/100 tox|[from] psn
|upkeep
|
|t:|1776072142
|switch|p2a: Dragapult|Dragapult, F|100/100
|-damage|p2a: Dragapult|88/100|[from] Stealth Rock
|turn|13
|
|t:|1776072146
|move|p2a: Dragapult|Shadow Ball|p1a: Diancie
|-damage|p1a: Diancie|6/100 tox
|move|p1a: Diancie|Moonblast|p2a: Dragapult
|-supereffective|p2a: Dragapult
|-damage|p2a: Dragapult|0 fnt
|faint|p2a: Dragapult
|
|-weather|Sandstorm|[upkeep]
|-damage|p1a: Diancie|0 fnt|[from] psn
|faint|p1a: Diancie
|upkeep
|
|t:|1776072157
|switch|p2a: Poupoulain|Enamorus, F, shiny|94/100
|switch|p1a: Enamorus|Enamorus-Therian, F|100/100
|-damage|p2a: Poupoulain|69/100|[from] Stealth Rock
|-damage|p1a: Enamorus|75/100|[from] Stealth Rock
|turn|14
|
|t:|1776072167
|-terastallize|p2a: Poupoulain|Ground
|move|p2a: Poupoulain|Moonblast|p1a: Enamorus
|-damage|p1a: Enamorus|24/100
|move|p1a: Enamorus|Sludge Bomb|p2a: Poupoulain
|-resisted|p2a: Poupoulain
|-damage|p2a: Poupoulain|46/100
|
|-weather|none
|-heal|p1a: Enamorus|30/100|[from] item: Leftovers
|upkeep
|turn|15
|
|t:|1776072176
|move|p2a: Poupoulain|Moonblast|p1a: Enamorus
|-damage|p1a: Enamorus|0 fnt
|faint|p1a: Enamorus
|
|upkeep
|
|t:|1776072178
|switch|p1a: Chandelure|Chandelure, M|100/100
|turn|16
|
|t:|1776072186
|move|p2a: Poupoulain|Moonblast|p1a: Chandelure
|-resisted|p1a: Chandelure
|-damage|p1a: Chandelure|67/100
|move|p1a: Chandelure|Trick Room|p1a: Chandelure
|-fieldstart|move: Trick Room|[of] p1a: Chandelure
|
|upkeep
|turn|17
|
|t:|1776072189
|move|p1a: Chandelure|Calm Mind|p1a: Chandelure
|-boost|p1a: Chandelure|spa|1
|-boost|p1a: Chandelure|spd|1
|move|p2a: Poupoulain|Moonblast|p1a: Chandelure
|-resisted|p1a: Chandelure
|-damage|p1a: Chandelure|46/100
|-unboost|p1a: Chandelure|spa|1
|
|upkeep
|turn|18
|
|t:|1776072194
|move|p1a: Chandelure|Shadow Ball|p2a: Poupoulain
|-damage|p2a: Poupoulain|0 fnt
|faint|p2a: Poupoulain
|
|win|Bicyn
|raw|Bicyn's rating: 1202 &rarr; <strong>1227</strong><br />(+25 for winning)
|raw|Timmaipatim's rating: 1207 &rarr; <strong>1182</strong><br />(-25 for losing)
|l|☆Bicyn
|player|p1|
|l|☆Timmaipatim
|player|p2|
