|html|<div class="broadcast-blue"><strong>[Gen 9] OU is currently suspecting Tera Blast! For information on how to participate check out the <a href="https://www.smogon.com/tools/suspects/view/200">suspect thread</a>.</strong></div>
|j|☆teambuildinggenius
|j|‽billy shears_tb
|t:|1776289948
|gametype|singles
|player|p1|teambuildinggenius|pokekid|1392
|player|p2|billy shears_tb|blue|1319
|gen|9
|tier|[Gen 9] OU
|rated|
|rule|HP Percentage Mod: HP is shown in percentages
|rule|Endless Battle Clause: Forcing endless battles is banned
|rule|Species Clause: Limit one of each Pokémon
|rule|OHKO Clause: OHKO moves are banned
|rule|Evasion Items Clause: Evasion items are banned
|rule|Evasion Moves Clause: Evasion moves are banned
|rule|Evasion Abilities Clause: Evasion abilities are banned
|rule|Sleep Moves Clause: Sleep-inducing moves are banned
|clearpoke
|poke|p1|Eiscue, F|
|poke|p1|Iron Valiant|
|poke|p1|Slowking-Galar, M|
|poke|p1|Samurott-Hisui, M|
|poke|p1|Dragonite, M|
|poke|p1|Great Tusk|
|poke|p2|Dragapult, F|
|poke|p2|Kingambit, M|
|poke|p2|Glimmora, M|
|poke|p2|Scizor, M|
|poke|p2|Raging Bolt|
|poke|p2|Great Tusk|
|teampreview
|inactive|Battle timer is ON: inactive players will automatically lose when time's up. (requested by billy shears_tb)
|
|t:|1776289973
|teamsize|p1|6
|teamsize|p2|6
|start
|switch|p1a: Eiscue|Eiscue, F|100/100
|switch|p2a: Scizor|Scizor, M|100/100
|turn|1
|
|t:|1776289988
|move|p2a: Scizor|U-turn|p1a: Eiscue
|-activate|p1a: Eiscue|ability: Ice Face
|-damage|p1a: Eiscue|100/100
|detailschange|p1a: Eiscue|Eiscue-Noice, F
|
|t:|1776289998
|switch|p2a: Glimmora|Glimmora, M|100/100|[from] U-turn
|move|p1a: Eiscue|Flip Turn|p2a: Glimmora
|-supereffective|p2a: Glimmora
|-damage|p2a: Glimmora|76/100
|
|t:|1776290009
|switch|p1a: Great Tusk|Great Tusk|100/100|[from] Flip Turn
|
|upkeep
|turn|2
|
|t:|1776290014
|switch|p2a: Great Tusk|Great Tusk|100/100
|move|p1a: Great Tusk|Headlong Rush|p2a: Great Tusk
|-damage|p2a: Great Tusk|57/100
|-unboost|p1a: Great Tusk|def|1
|-unboost|p1a: Great Tusk|spd|1
|
|upkeep
|turn|3
|
|t:|1776290025
|move|p2a: Great Tusk|Knock Off|p1a: Great Tusk
|-resisted|p1a: Great Tusk
|-damage|p1a: Great Tusk|81/100
|-enditem|p1a: Great Tusk|Heavy-Duty Boots|[from] move: Knock Off|[of] p2a: Great Tusk
|move|p1a: Great Tusk|Rapid Spin|p2a: Great Tusk
|-damage|p2a: Great Tusk|45/100
|-boost|p1a: Great Tusk|spe|1
|
|upkeep
|turn|4
|
|t:|1776290038
|move|p1a: Great Tusk|Headlong Rush|p2a: Great Tusk
|-damage|p2a: Great Tusk|0 fnt
|-unboost|p1a: Great Tusk|def|1
|-unboost|p1a: Great Tusk|spd|1
|faint|p2a: Great Tusk
|-end|p2a: Great Tusk|Protosynthesis|[silent]
|
|upkeep
|
|t:|1776290045
|switch|p2a: Dragapult|Dragapult, F|100/100
|turn|5
|
|t:|1776290068
|move|p1a: Great Tusk|Headlong Rush|p2a: Dragapult
|-damage|p2a: Dragapult|22/100
|-unboost|p1a: Great Tusk|def|1
|-unboost|p1a: Great Tusk|spd|1
|move|p2a: Dragapult|Shadow Ball|p1a: Great Tusk
|-damage|p1a: Great Tusk|0 fnt
|faint|p1a: Great Tusk
|-end|p1a: Great Tusk|Protosynthesis|[silent]
|
|upkeep
|inactive|teambuildinggenius has 120 seconds left.
|
|t:|1776290088
|switch|p1a: Samurott|Samurott-Hisui, M|100/100
|turn|6
|
|t:|1776290105
|switch|p2a: Kingambit|Kingambit, M|100/100
|-activate|p2a: Kingambit|ability: Supreme Overlord
|-start|p2a: Kingambit|fallen1|[silent]
|move|p1a: Samurott|Ceaseless Edge|p2a: Kingambit
|-resisted|p2a: Kingambit
|-damage|p2a: Kingambit|76/100
|-sidestart|p2: billy shears_tb|Spikes
|
|-heal|p2a: Kingambit|82/100|[from] item: Leftovers
|upkeep
|turn|7
|
|t:|1776290114
|move|p1a: Samurott|Sacred Sword|p2a: Kingambit
|-supereffective|p2a: Kingambit
|-damage|p2a: Kingambit|0 fnt
|faint|p2a: Kingambit
|-end|p2a: Kingambit|fallen1|[silent]
|
|upkeep
|
|t:|1776290123
|switch|p2a: Raging Bolt|Raging Bolt|100/100
|-damage|p2a: Raging Bolt|88/100|[from] Spikes
|-enditem|p2a: Raging Bolt|Booster Energy
|-activate|p2a: Raging Bolt|ability: Protosynthesis|[fromitem]
|-start|p2a: Raging Bolt|protosynthesisspa
|turn|8
|
|t:|1776290131
|-terastallize|p2a: Raging Bolt|Flying
|move|p1a: Samurott|Ceaseless Edge|p2a: Raging Bolt
|-damage|p2a: Raging Bolt|42/100
|-sidestart|p2: billy shears_tb|Spikes
|move|p2a: Raging Bolt|Calm Mind|p2a: Raging Bolt
|-boost|p2a: Raging Bolt|spa|1
|-boost|p2a: Raging Bolt|spd|1
|
|upkeep
|turn|9
|
|t:|1776290139
|move|p1a: Samurott|Sucker Punch|p2a: Raging Bolt
|-damage|p2a: Raging Bolt|10/100
|move|p2a: Raging Bolt|Thunderclap||[still]
|-fail|p2a: Raging Bolt
|
|upkeep
|turn|10
|
|t:|1776290149
|move|p1a: Samurott|Ceaseless Edge|p2a: Raging Bolt|[miss]
|-miss|p1a: Samurott|p2a: Raging Bolt
|move|p2a: Raging Bolt|Thunderbolt|p1a: Samurott
|-supereffective|p1a: Samurott
|-damage|p1a: Samurott|0 fnt
|faint|p1a: Samurott
|
|upkeep
|
|t:|1776290154
|switch|p1a: Dragonite|Dragonite, M|100/100
|turn|11
|
|t:|1776290159
|move|p1a: Dragonite|Extreme Speed|p2a: Raging Bolt
|-damage|p2a: Raging Bolt|0 fnt
|faint|p2a: Raging Bolt
|-end|p2a: Raging Bolt|Protosynthesis|[silent]
|
|upkeep
|
|t:|1776290164
|switch|p2a: Dragapult|Dragapult, F|22/100
|-damage|p2a: Dragapult|5/100|[from] Spikes
|turn|12
|
|t:|1776290169
|switch|p1a: Slowking|Slowking-Galar, M|100/100
|move|p2a: Dragapult|Draco Meteor|p1a: Slowking
|-damage|p1a: Slowking|49/100
|-unboost|p2a: Dragapult|spa|2
|
|-heal|p1a: Slowking|55/100|[from] item: Black Sludge
|upkeep
|turn|13
|
|t:|1776290177
|move|p2a: Dragapult|Draco Meteor|p1a: Slowking
|-damage|p1a: Slowking|29/100
|-unboost|p2a: Dragapult|spa|2
|-prepare|p1a: Slowking|Chilly Reception|[premajor]
|move|p1a: Slowking|Chilly Reception|p1a: Slowking
|-weather|Snowscape
|
|t:|1776290180
|switch|p1a: Iron Valiant|Iron Valiant|100/100|[from] Chilly Reception
|-enditem|p1a: Iron Valiant|Booster Energy
|-activate|p1a: Iron Valiant|ability: Quark Drive|[fromitem]
|-start|p1a: Iron Valiant|quarkdrivespe
|
|-weather|Snowscape|[upkeep]
|upkeep
|turn|14
|
|t:|1776290188
|move|p1a: Iron Valiant|Swords Dance|p1a: Iron Valiant
|-boost|p1a: Iron Valiant|atk|2
|move|p2a: Dragapult|Draco Meteor|p1a: Iron Valiant
|-immune|p1a: Iron Valiant
|
|-weather|Snowscape|[upkeep]
|upkeep
|turn|15
|
|t:|1776290195
|move|p1a: Iron Valiant|Swords Dance|p1a: Iron Valiant
|-boost|p1a: Iron Valiant|atk|2
|move|p2a: Dragapult|Draco Meteor|p1a: Iron Valiant
|-immune|p1a: Iron Valiant
|
|-weather|Snowscape|[upkeep]
|upkeep
|turn|16
|
|t:|1776290203
|move|p1a: Iron Valiant|Knock Off|p2a: Dragapult
|-supereffective|p2a: Dragapult
|-damage|p2a: Dragapult|0 fnt
|-enditem|p2a: Dragapult|Choice Specs|[from] move: Knock Off|[of] p1a: Iron Valiant
|faint|p2a: Dragapult
|
|-weather|Snowscape|[upkeep]
|upkeep
|
|t:|1776290209
|switch|p2a: Scizor|Scizor, M|100/100
|-damage|p2a: Scizor|84/100|[from] Spikes
|turn|17
|
|t:|1776290214
|-terastallize|p1a: Iron Valiant|Fire
|move|p2a: Scizor|Bullet Punch|p1a: Iron Valiant
|-resisted|p1a: Iron Valiant
|-damage|p1a: Iron Valiant|67/100
|move|p1a: Iron Valiant|Close Combat|p2a: Scizor
|-damage|p2a: Scizor|0 fnt
|-unboost|p1a: Iron Valiant|def|1
|-unboost|p1a: Iron Valiant|spd|1
|faint|p2a: Scizor
|
|-weather|none
|upkeep
|-message|billy shears_tb forfeited.
|
|win|teambuildinggenius
|raw|teambuildinggenius's rating: 1392 &rarr; <strong>1408</strong><br />(+16 for winning)
|raw|billy shears_tb's rating: 1319 &rarr; <strong>1303</strong><br />(-16 for losing)
|l|‽billy shears_tb
|player|p2|
