|html|<div class="broadcast-blue"><strong>[Gen 9] OU is currently suspecting Tera Blast! For information on how to participate check out the <a href="https://www.smogon.com/tools/suspects/view/200">suspect thread</a>.</strong></div>
|j|☆keep ttar overused
|j|☆AceZento
|t:|1776084815
|gametype|singles
|player|p1|keep ttar overused|101|1509
|player|p2|AceZento|265|1556
|gen|9
|tier|[Gen 9] OU
|rated|
|rule|HP Percentage Mod: HP is shown in percentages
|rule|Endless Battle Clause: Forcing endless battles is banned
|rule|Species Clause: Limit one of each Pokémon
|rule|OHKO Clause: OHKO moves are banned
|rule|Evasion Items Clause: Evasion items are banned
|rule|Evasion Moves Clause: Evasion moves are banned
|rule|Evasion Abilities Clause: Evasion abilities are banned
|rule|Sleep Moves Clause: Sleep-inducing moves are banned
|clearpoke
|poke|p1|Dragapult, F|
|poke|p1|Samurott-Hisui, F|
|poke|p1|Tyranitar, M|
|poke|p1|Gholdengo|
|poke|p1|Enamorus, F|
|poke|p1|Corviknight, F|
|poke|p2|Salamence, F|
|poke|p2|Scizor, F|
|poke|p2|Kingambit, F|
|poke|p2|Latios, M|
|poke|p2|Heatran, M|
|poke|p2|Tornadus-Therian, M|
|teampreview
|inactive|Battle timer is ON: inactive players will automatically lose when time's up. (requested by AceZento)
|
|t:|1776084841
|teamsize|p1|6
|teamsize|p2|6
|start
|switch|p1a: Samurott|Samurott-Hisui, F|100/100
|switch|p2a: Scizor|Scizor, F|100/100
|turn|1
|
|t:|1776084845
|switch|p1a: Corviknight|Corviknight, F|100/100
|-ability|p1a: Corviknight|Pressure
|move|p2a: Scizor|U-turn|p1a: Corviknight
|-resisted|p1a: Corviknight
|-damage|p1a: Corviknight|94/100
|-damage|p2a: Scizor|84/100|[from] item: Rocky Helmet|[of] p1a: Corviknight
|inactive|AceZento has 120 seconds left.
|
|t:|1776084882
|switch|p2a: Heatran|Heatran, M|100/100|[from] U-turn
|-item|p2a: Heatran|Air Balloon
|
|upkeep
|turn|2
|
|t:|1776084886
|switch|p1a: Tyranitar|Tyranitar, M|100/100
|-weather|Sandstorm|[from] ability: Sand Stream|[of] p1a: Tyranitar
|move|p2a: Heatran|Magma Storm|p1a: Tyranitar
|-resisted|p1a: Tyranitar
|-damage|p1a: Tyranitar|84/100
|-activate|p1a: Tyranitar|move: Magma Storm|[of] p2a: Heatran
|
|-weather|Sandstorm|[upkeep]
|-damage|p1a: Tyranitar|72/100|[from] move: Magma Storm|[partiallytrapped]
|upkeep
|turn|3
|inactive|AceZento has 120 seconds left.
|
|t:|1776084915
|move|p2a: Heatran|Flash Cannon|p1a: Tyranitar
|-supereffective|p1a: Tyranitar
|-crit|p1a: Tyranitar
|-damage|p1a: Tyranitar|0 fnt
|faint|p1a: Tyranitar
|
|-weather|Sandstorm|[upkeep]
|upkeep
|
|t:|1776084919
|switch|p1a: Samurott|Samurott-Hisui, F|100/100
|turn|4
|
|t:|1776084927
|switch|p2a: Scizor|Scizor, F|84/100
|move|p1a: Samurott|Ceaseless Edge|p2a: Scizor
|-damage|p2a: Scizor|37/100
|-sidestart|p2: AceZento|Spikes
|
|-weather|Sandstorm|[upkeep]
|-damage|p1a: Samurott|94/100|[from] Sandstorm
|-heal|p2a: Scizor|44/100|[from] item: Leftovers
|upkeep
|turn|5
|j| ConvoyConnolly
|inactive|AceZento has 120 seconds left.
|
|t:|1776084947
|move|p1a: Samurott|Night Slash|p2a: Scizor
|-damage|p2a: Scizor|0 fnt
|faint|p2a: Scizor
|
|-weather|Sandstorm|[upkeep]
|-damage|p1a: Samurott|88/100|[from] Sandstorm
|upkeep
|
|t:|1776084960
|switch|p2a: Latios|Latios, M|100/100
|turn|6
|
|t:|1776084969
|switch|p1a: Gholdengo|Gholdengo|100/100
|-item|p1a: Gholdengo|Air Balloon
|move|p2a: Latios|Flip Turn|p1a: Gholdengo
|-damage|p1a: Gholdengo|89/100
|-enditem|p1a: Gholdengo|Air Balloon
|inactive|AceZento has 120 seconds left.
|inactive|AceZento has 90 seconds left.
|
|t:|1776085004
|switch|p2a: Heatran|Heatran, M|100/100|[from] Flip Turn
|-item|p2a: Heatran|Air Balloon
|
|-weather|none
|upkeep
|turn|7
|
|t:|1776085008
|switch|p1a: Dragapult|Dragapult, F|100/100
|move|p2a: Heatran|Magma Storm|p1a: Dragapult
|-resisted|p1a: Dragapult
|-damage|p1a: Dragapult|59/100
|-activate|p1a: Dragapult|move: Magma Storm|[of] p2a: Heatran
|
|-damage|p1a: Dragapult|47/100|[from] move: Magma Storm|[partiallytrapped]
|upkeep
|turn|8
|
|t:|1776085021
|switch|p2a: Kingambit|Kingambit, F|100/100
|-damage|p2a: Kingambit|88/100|[from] Spikes
|-activate|p2a: Kingambit|ability: Supreme Overlord
|-start|p2a: Kingambit|fallen1|[silent]
|move|p1a: Dragapult|U-turn|p2a: Kingambit
|-damage|p2a: Kingambit|75/100
|
|t:|1776085024
|switch|p1a: Samurott|Samurott-Hisui, F|88/100|[from] U-turn
|
|-heal|p2a: Kingambit|81/100|[from] item: Leftovers
|upkeep
|turn|9
|
|t:|1776085042
|-end|p2a: Kingambit|fallen1|[silent]
|switch|p2a: Tornadus|Tornadus-Therian, M|100/100
|move|p1a: Samurott|Sacred Sword|p2a: Tornadus
|-resisted|p2a: Tornadus
|-damage|p2a: Tornadus|78/100
|
|upkeep
|turn|10
|
|t:|1776085054
|move|p1a: Samurott|Night Slash|p2a: Tornadus
|-crit|p2a: Tornadus
|-damage|p2a: Tornadus|0 fnt
|faint|p2a: Tornadus
|
|upkeep
|inactive|AceZento has 90 seconds left.
|
|t:|1776085086
|switch|p2a: Latios|Latios, M|100/100
|turn|11
|
|t:|1776085089
|switch|p1a: Gholdengo|Gholdengo|89/100
|move|p2a: Latios|Thunderbolt|p1a: Gholdengo
|-damage|p1a: Gholdengo|68/100
|
|upkeep
|turn|12
|inactive|AceZento has 90 seconds left.
|
|t:|1776085103
|switch|p2a: Kingambit|Kingambit, F|81/100
|-damage|p2a: Kingambit|69/100|[from] Spikes
|-activate|p2a: Kingambit|ability: Supreme Overlord
|-start|p2a: Kingambit|fallen2|[silent]
|move|p1a: Gholdengo|Thunder Wave|p2a: Kingambit
|-status|p2a: Kingambit|par
|
|-heal|p2a: Kingambit|75/100 par|[from] item: Leftovers
|upkeep
|turn|13
|inactive|AceZento has 90 seconds left.
|inactive|AceZento has 60 seconds left.
|
|t:|1776085157
|switch|p1a: Corviknight|Corviknight, F|94/100
|-ability|p1a: Corviknight|Pressure
|-end|p2a: Kingambit|fallen2|[silent]
|switch|p2a: Latios|Latios, M|100/100
|
|upkeep
|turn|14
|
|t:|1776085179
|switch|p1a: Dragapult|Dragapult, F|47/100
|move|p2a: Latios|Thunderbolt|p1a: Dragapult
|-resisted|p1a: Dragapult
|-damage|p1a: Dragapult|24/100
|
|upkeep
|turn|15
|inactive|AceZento has 30 seconds left.
|
|t:|1776085198
|switch|p2a: Heatran|Heatran, M|100/100
|-item|p2a: Heatran|Air Balloon
|move|p1a: Dragapult|U-turn|p2a: Heatran
|-resisted|p2a: Heatran
|-damage|p2a: Heatran|97/100
|-enditem|p2a: Heatran|Air Balloon
|
|t:|1776085201
|switch|p1a: Samurott|Samurott-Hisui, F|88/100|[from] U-turn
|
|upkeep
|turn|16
|inactive|AceZento has 30 seconds left.
|inactive|AceZento has 20 seconds left.
|inactive|AceZento has 15 seconds left.
|inactive|AceZento has 10 seconds left.
|inactive|AceZento has 5 seconds left.
|
|t:|1776085241
|move|p1a: Samurott|Aqua Cutter|p2a: Heatran
|-supereffective|p2a: Heatran
|-crit|p2a: Heatran
|-damage|p2a: Heatran|0 fnt
|faint|p2a: Heatran
|
|upkeep
|inactive|AceZento has 10 seconds left this turn.
|
|t:|1776085245
|switch|p2a: Latios|Latios, M|100/100
|turn|17
|inactive|AceZento has 20 seconds left this turn.
|
|t:|1776085250
|move|p2a: Latios|Thunderbolt|p1a: Samurott
|-supereffective|p1a: Samurott
|-damage|p1a: Samurott|0 fnt
|faint|p1a: Samurott
|
|upkeep
|
|t:|1776085256
|switch|p1a: Dragapult|Dragapult, F|24/100
|turn|18
|inactive|AceZento has 30 seconds left.
|
|t:|1776085270
|move|p2a: Latios|Thunderbolt|p1a: Dragapult
|-resisted|p1a: Dragapult
|-damage|p1a: Dragapult|0 fnt
|faint|p1a: Dragapult
|
|upkeep
|
|t:|1776085276
|switch|p1a: Gholdengo|Gholdengo|68/100
|turn|19
|
|t:|1776085281
|switch|p2a: Kingambit|Kingambit, F|75/100 par
|-damage|p2a: Kingambit|63/100 par|[from] Spikes
|-activate|p2a: Kingambit|ability: Supreme Overlord
|-start|p2a: Kingambit|fallen3|[silent]
|switch|p1a: Enamorus|Enamorus, F|100/100
|
|-heal|p2a: Kingambit|69/100 par|[from] item: Leftovers
|upkeep
|turn|20
|
|t:|1776085290
|move|p1a: Enamorus|Moonblast|p2a: Kingambit
|-damage|p2a: Kingambit|17/100 par
|cant|p2a: Kingambit|par
|
|-heal|p2a: Kingambit|23/100 par|[from] item: Leftovers
|upkeep
|turn|21
|
|t:|1776085298
|move|p1a: Enamorus|Moonblast|p2a: Kingambit
|-damage|p2a: Kingambit|0 fnt
|faint|p2a: Kingambit
|-end|p2a: Kingambit|fallen3|[silent]
|
|upkeep
|
|t:|1776085305
|switch|p2a: Salamence|Salamence, F|100/100
|turn|22
|
|t:|1776085313
|move|p1a: Enamorus|Moonblast|p2a: Salamence
|-supereffective|p2a: Salamence
|-damage|p2a: Salamence|0 fnt
|faint|p2a: Salamence
|
|upkeep
|
|t:|1776085315
|switch|p2a: Latios|Latios, M|100/100
|turn|23
|
|t:|1776085318
|-terastallize|p2a: Latios|Electric
|-terastallize|p1a: Enamorus|Ground
|move|p2a: Latios|Thunderbolt|p1a: Enamorus
|-immune|p1a: Enamorus
|move|p1a: Enamorus|Moonblast|p2a: Latios
|-damage|p2a: Latios|45/100
|
|upkeep
|turn|24
|l|☆AceZento
|inactive|AceZento disconnected and has a minute to reconnect!
|player|p2|
|inactive|AceZento has 30 seconds to reconnect!
|inactive|AceZento has 20 seconds to reconnect!
|inactive|AceZento has 15 seconds to reconnect!
|inactive|AceZento has 10 seconds to reconnect!
|inactive|AceZento has 5 seconds to reconnect!
|-message|AceZento lost due to inactivity.
|
|win|keep ttar overused
|raw|keep ttar overused's rating: 1509 &rarr; <strong>1532</strong><br />(+23 for winning)
|raw|AceZento's rating: 1556 &rarr; <strong>1533</strong><br />(-23 for losing)
|l|☆keep ttar overused
|player|p1|
|l| ConvoyConnolly
