|html|<div class="broadcast-blue"><strong>[Gen 9] OU is currently suspecting Tera Blast! For information on how to participate check out the <a href="https://www.smogon.com/tools/suspects/view/200">suspect thread</a>.</strong></div>
|j|☆Xhiora
|j|☆Kirby_3134
|t:|1776084945
|gametype|singles
|player|p1|Xhiora|169|1261
|player|p2|Kirby_3134|blackbelt-gen4dp|1214
|gen|9
|tier|[Gen 9] OU
|rated|
|rule|HP Percentage Mod: HP is shown in percentages
|rule|Endless Battle Clause: Forcing endless battles is banned
|rule|Species Clause: Limit one of each Pokémon
|rule|OHKO Clause: OHKO moves are banned
|rule|Evasion Items Clause: Evasion items are banned
|rule|Evasion Moves Clause: Evasion moves are banned
|rule|Evasion Abilities Clause: Evasion abilities are banned
|rule|Sleep Moves Clause: Sleep-inducing moves are banned
|clearpoke
|poke|p1|Garchomp, F|
|poke|p1|Clefable, F|
|poke|p1|Iron Valiant|
|poke|p1|Deoxys-Speed|
|poke|p1|Gholdengo|
|poke|p1|Kyurem|
|poke|p2|Gyarados, M|
|poke|p2|Hawlucha, M|
|poke|p2|Rillaboom, M|
|poke|p2|Dondozo, M|
|poke|p2|Ambipom, F|
|poke|p2|Serperior, M|
|teampreview
|
|t:|1776084961
|teamsize|p1|6
|teamsize|p2|6
|start
|switch|p1a: Kyurem|Kyurem, shiny|100/100
|switch|p2a: Ambipom|Ambipom, F|100/100
|-ability|p1a: Kyurem|Pressure
|turn|1
|
|t:|1776084970
|switch|p1a: Garchomp|Garchomp, F|100/100
|move|p2a: Ambipom|Fake Out|p1a: Garchomp
|-damage|p1a: Garchomp|69/100
|-damage|p2a: Ambipom|88/100|[from] ability: Rough Skin|[of] p1a: Garchomp
|
|upkeep
|turn|2
|
|t:|1776084977
|switch|p1a: Befacle|Clefable, F|100/100
|move|p2a: Ambipom|Triple Axel|p1a: Befacle
|-damage|p1a: Befacle|94/100
|-damage|p1a: Befacle|80/100
|-damage|p1a: Befacle|60/100
|-hitcount|p1a: Befacle|3
|
|-heal|p1a: Befacle|66/100|[from] item: Leftovers
|upkeep
|turn|3
|
|t:|1776084988
|move|p2a: Ambipom|Knock Off|p1a: Befacle
|-resisted|p1a: Befacle
|-damage|p1a: Befacle|55/100
|-enditem|p1a: Befacle|Leftovers|[from] move: Knock Off|[of] p2a: Ambipom
|move|p1a: Befacle|Moonlight|p1a: Befacle
|-heal|p1a: Befacle|100/100
|
|upkeep
|turn|4
|
|t:|1776084997
|move|p2a: Ambipom|U-turn|p1a: Befacle
|-resisted|p1a: Befacle
|-damage|p1a: Befacle|92/100
|
|t:|1776085010
|switch|p2a: Rillaboom|Rillaboom, M|100/100|[from] U-turn
|-fieldstart|move: Grassy Terrain|[from] ability: Grassy Surge|[of] p2a: Rillaboom
|move|p1a: Befacle|Calm Mind|p1a: Befacle
|-boost|p1a: Befacle|spa|1
|-boost|p1a: Befacle|spd|1
|
|-heal|p1a: Befacle|98/100|[from] Grassy Terrain
|upkeep
|turn|5
|
|t:|1776085019
|move|p2a: Rillaboom|Wood Hammer|p1a: Befacle
|-damage|p1a: Befacle|3/100
|-damage|p2a: Rillaboom|64/100|[from] Recoil
|move|p1a: Befacle|Flamethrower|p2a: Rillaboom
|-supereffective|p2a: Rillaboom
|-damage|p2a: Rillaboom|0 fnt
|faint|p2a: Rillaboom
|
|-heal|p1a: Befacle|9/100|[from] Grassy Terrain
|upkeep
|
|t:|1776085029
|switch|p2a: Hawlucha|Hawlucha, M|100/100
|-enditem|p2a: Hawlucha|Grassy Seed
|-boost|p2a: Hawlucha|def|1|[from] item: Grassy Seed
|turn|6
|
|t:|1776085041
|move|p2a: Hawlucha|Swords Dance|p2a: Hawlucha
|-boost|p2a: Hawlucha|atk|2
|move|p1a: Befacle|Moonblast|p2a: Hawlucha
|-supereffective|p2a: Hawlucha
|-damage|p2a: Hawlucha|0 fnt
|faint|p2a: Hawlucha
|
|-heal|p1a: Befacle|15/100|[from] Grassy Terrain
|upkeep
|
|t:|1776085050
|switch|p2a: Ambipom|Ambipom, F|88/100
|turn|7
|
|t:|1776085053
|switch|p1a: Garchomp|Garchomp, F|69/100
|move|p2a: Ambipom|Fake Out|p1a: Garchomp
|-damage|p1a: Garchomp|37/100
|-damage|p2a: Ambipom|76/100|[from] ability: Rough Skin|[of] p1a: Garchomp
|
|-heal|p2a: Ambipom|82/100|[from] Grassy Terrain
|-heal|p1a: Garchomp|44/100|[from] Grassy Terrain
|upkeep
|turn|8
|
|t:|1776085065
|move|p2a: Ambipom|Triple Axel|p1a: Garchomp|[miss]
|-miss|p2a: Ambipom|p1a: Garchomp
|move|p1a: Garchomp|Stealth Rock|p2a: Ambipom
|-sidestart|p2: Kirby_3134|move: Stealth Rock
|
|-heal|p2a: Ambipom|88/100|[from] Grassy Terrain
|-heal|p1a: Garchomp|50/100|[from] Grassy Terrain
|-fieldend|move: Grassy Terrain
|upkeep
|turn|9
|c|☆Kirby_3134|Wow
|
|t:|1776085079
|move|p2a: Ambipom|Triple Axel|p1a: Garchomp
|-supereffective|p1a: Garchomp
|-damage|p1a: Garchomp|15/100
|-damage|p2a: Ambipom|76/100|[from] ability: Rough Skin|[of] p1a: Garchomp
|-supereffective|p1a: Garchomp
|-damage|p1a: Garchomp|0 fnt
|-damage|p2a: Ambipom|63/100|[from] ability: Rough Skin|[of] p1a: Garchomp
|faint|p1a: Garchomp
|-hitcount|p1: Garchomp|2
|
|upkeep
|
|t:|1776085104
|switch|p1a: Deoxys|Deoxys-Speed|100/100
|-ability|p1a: Deoxys|Pressure
|turn|10
|
|t:|1776085120
|move|p1a: Deoxys|Reflect|p1a: Deoxys
|-sidestart|p1: Xhiora|Reflect
|move|p2a: Ambipom|Knock Off|p1a: Deoxys
|-supereffective|p1a: Deoxys
|-damage|p1a: Deoxys|68/100
|-enditem|p1a: Deoxys|Light Clay|[from] move: Knock Off|[of] p2a: Ambipom
|
|upkeep
|turn|11
|
|t:|1776085129
|move|p1a: Deoxys|Light Screen|p1a: Deoxys
|-sidestart|p1: Xhiora|move: Light Screen
|move|p2a: Ambipom|U-turn|p1a: Deoxys
|-supereffective|p1a: Deoxys
|-damage|p1a: Deoxys|44/100
|
|t:|1776085136
|switch|p2a: Serperior|Serperior, M|100/100|[from] U-turn
|-damage|p2a: Serperior|88/100|[from] Stealth Rock
|
|upkeep
|turn|12
|
|t:|1776085142
|switch|p1a: Kyurem|Kyurem, shiny|100/100
|-ability|p1a: Kyurem|Pressure
|move|p2a: Serperior|Leaf Storm|p1a: Kyurem|[miss]
|-miss|p2a: Serperior|p1a: Kyurem
|
|upkeep
|turn|13
|
|t:|1776085162
|switch|p2a: Dondozo|Dondozo, M|100/100
|move|p1a: Kyurem|Ice Beam|p2a: Dondozo
|-resisted|p2a: Dondozo
|-damage|p2a: Dondozo|66/100
|
|upkeep
|turn|14
|
|t:|1776085178
|switch|p1a: Befacle|Clefable, F|15/100
|move|p2a: Dondozo|Rest|p2a: Dondozo
|-status|p2a: Dondozo|slp|[from] move: Rest
|-heal|p2a: Dondozo|100/100 slp|[silent]
|
|upkeep
|turn|15
|
|t:|1776085185
|move|p1a: Befacle|Moonlight|p1a: Befacle
|-heal|p1a: Befacle|65/100
|cant|p2a: Dondozo|slp
|move|p2a: Dondozo|Sleep Talk|p2a: Dondozo
|move|p2a: Dondozo|Rest||[from] move: Sleep Talk|[still]
|-fail|p2a: Dondozo
|
|-sideend|p1: Xhiora|move: Light Screen
|upkeep
|turn|16
|
|t:|1776085197
|move|p1a: Befacle|Moonblast|p2a: Dondozo
|-damage|p2a: Dondozo|71/100 slp
|-unboost|p2a: Dondozo|spa|1
|cant|p2a: Dondozo|slp
|move|p2a: Dondozo|Sleep Talk|p2a: Dondozo
|move|p2a: Dondozo|Body Press|p1a: Befacle|[from] move: Sleep Talk
|-resisted|p1a: Befacle
|-crit|p1a: Befacle
|-damage|p1a: Befacle|49/100
|
|upkeep
|turn|17
|
|t:|1776085209
|switch|p2a: Serperior|Serperior, M|88/100
|-damage|p2a: Serperior|76/100|[from] Stealth Rock
|move|p1a: Befacle|Moonlight|p1a: Befacle
|-heal|p1a: Befacle|99/100
|
|-sideend|p1: Xhiora|Reflect
|upkeep
|turn|18
|
|t:|1776085216
|move|p2a: Serperior|Leaf Storm|p1a: Befacle
|-damage|p1a: Befacle|48/100
|-boost|p2a: Serperior|spa|2
|move|p1a: Befacle|Flamethrower|p2a: Serperior
|-supereffective|p2a: Serperior
|-damage|p2a: Serperior|28/100
|
|upkeep
|turn|19
|
|t:|1776085225
|move|p2a: Serperior|Leaf Storm|p1a: Befacle
|-damage|p1a: Befacle|0 fnt
|-boost|p2a: Serperior|spa|2
|faint|p1a: Befacle
|
|upkeep
|
|t:|1776085232
|switch|p1a: Iron Valiant|Iron Valiant|100/100
|-enditem|p1a: Iron Valiant|Booster Energy
|-activate|p1a: Iron Valiant|ability: Quark Drive|[fromitem]
|-start|p1a: Iron Valiant|quarkdrivespe
|turn|20
|
|t:|1776085240
|move|p1a: Iron Valiant|Ice Punch|p2a: Serperior
|-supereffective|p2a: Serperior
|-damage|p2a: Serperior|0 fnt
|faint|p2a: Serperior
|
|upkeep
|
|t:|1776085247
|switch|p2a: Gyarados|Gyarados, M|100/100
|-damage|p2a: Gyarados|76/100|[from] Stealth Rock
|turn|21
|
|t:|1776085261
|move|p1a: Iron Valiant|Swords Dance|p1a: Iron Valiant
|-boost|p1a: Iron Valiant|atk|2
|move|p2a: Gyarados|Dragon Dance|p2a: Gyarados
|-boost|p2a: Gyarados|atk|1
|-boost|p2a: Gyarados|spe|1
|
|upkeep
|turn|22
|
|t:|1776085270
|move|p1a: Iron Valiant|Knock Off|p2a: Gyarados
|-damage|p2a: Gyarados|0 fnt
|-enditem|p2a: Gyarados|Loaded Dice|[from] move: Knock Off|[of] p1a: Iron Valiant
|faint|p2a: Gyarados
|
|upkeep
|
|t:|1776085275
|switch|p2a: Dondozo|Dondozo, M|71/100 slp
|turn|23
|
|t:|1776085279
|move|p1a: Iron Valiant|Knock Off|p2a: Dondozo
|-damage|p2a: Dondozo|56/100 slp
|-enditem|p2a: Dondozo|Heavy-Duty Boots|[from] move: Knock Off|[of] p1a: Iron Valiant
|-curestatus|p2a: Dondozo|slp|[msg]
|move|p2a: Dondozo|Rest|p2a: Dondozo
|-status|p2a: Dondozo|slp|[from] move: Rest
|-heal|p2a: Dondozo|100/100 slp|[silent]
|
|upkeep
|turn|24
|-message|Kirby_3134 forfeited.
|
|win|Xhiora
|raw|Xhiora's rating: 1261 &rarr; <strong>1283</strong><br />(+22 for winning)
|raw|Kirby_3134's rating: 1214 &rarr; <strong>1192</strong><br />(-22 for losing)
|l|☆Kirby_3134
|player|p2|
|l|☆Xhiora
|player|p1|
