|html|<div class="broadcast-blue"><strong>[Gen 9] OU is currently suspecting Tera Blast! For information on how to participate check out the <a href="https://www.smogon.com/tools/suspects/view/200">suspect thread</a>.</strong></div>
|j|☆user795680
|j|☆Veekang
|t:|1776283837
|gametype|singles
|player|p1|user795680|lucas|1082
|player|p2|Veekang|brycenman|1086
|gen|9
|tier|[Gen 9] OU
|rated|
|rule|HP Percentage Mod: HP is shown in percentages
|rule|Endless Battle Clause: Forcing endless battles is banned
|rule|Species Clause: Limit one of each Pokémon
|rule|OHKO Clause: OHKO moves are banned
|rule|Evasion Items Clause: Evasion items are banned
|rule|Evasion Moves Clause: Evasion moves are banned
|rule|Evasion Abilities Clause: Evasion abilities are banned
|rule|Sleep Moves Clause: Sleep-inducing moves are banned
|clearpoke
|poke|p1|Dragapult, M|
|poke|p1|Iron Valiant|
|poke|p1|Samurott-Hisui, F|
|poke|p1|Iron Treads|
|poke|p1|Kommo-o, M|
|poke|p1|Meowscarada, F|
|poke|p2|Grimmsnarl, M|
|poke|p2|Zoroark-Hisui, M|
|poke|p2|Ambipom, M|
|poke|p2|Blissey, F|
|poke|p2|Maushold-Four|
|poke|p2|Glimmora, M|
|teampreview
|inactive|Battle timer is ON: inactive players will automatically lose when time's up. (requested by Veekang)
|
|t:|1776283852
|teamsize|p1|6
|teamsize|p2|6
|start
|switch|p1a: Dragapult|Dragapult, M|100/100
|switch|p2a: Glimmora|Glimmora, M, shiny|100/100
|turn|1
|
|t:|1776283863
|switch|p2a: Grimmsnarl|Grimmsnarl, M, shiny|100/100
|move|p1a: Dragapult|Dragon Dance|p1a: Dragapult
|-boost|p1a: Dragapult|atk|1
|-boost|p1a: Dragapult|spe|1
|
|upkeep
|turn|2
|
|t:|1776283883
|switch|p1a: Iron Treads|Iron Treads|100/100
|-enditem|p1a: Iron Treads|Booster Energy
|-activate|p1a: Iron Treads|ability: Quark Drive|[fromitem]
|-start|p1a: Iron Treads|quarkdriveatk
|move|p2a: Grimmsnarl|Light Screen|p2a: Grimmsnarl
|-sidestart|p2: Veekang|move: Light Screen
|
|upkeep
|turn|3
|
|t:|1776283892
|move|p2a: Grimmsnarl|Reflect|p2a: Grimmsnarl
|-sidestart|p2: Veekang|Reflect
|move|p1a: Iron Treads|Iron Head|p2a: Grimmsnarl
|-supereffective|p2a: Grimmsnarl
|-damage|p2a: Grimmsnarl|39/100
|
|-heal|p2a: Grimmsnarl|45/100|[from] item: Leftovers
|upkeep
|turn|4
|
|t:|1776283900
|move|p2a: Grimmsnarl|Parting Shot|p1a: Iron Treads
|-unboost|p1a: Iron Treads|atk|1
|-unboost|p1a: Iron Treads|spa|1
|
|t:|1776283904
|switch|p2a: Glimmora|Glimmora, M, shiny|100/100|[from] Parting Shot
|move|p1a: Iron Treads|Iron Head|p2a: Glimmora
|-supereffective|p2a: Glimmora
|-damage|p2a: Glimmora|65/100
|-activate|p2a: Glimmora|ability: Toxic Debris
|-sidestart|p1: user795680|move: Toxic Spikes
|
|upkeep
|turn|5
|
|t:|1776283913
|move|p1a: Iron Treads|Earthquake|p2a: Glimmora
|-supereffective|p2a: Glimmora
|-damage|p2a: Glimmora|0 fnt
|-activate|p2a: Glimmora|ability: Toxic Debris
|-sidestart|p1: user795680|move: Toxic Spikes
|faint|p2a: Glimmora
|
|upkeep
|
|t:|1776283920
|switch|p2a: Ambipom|Ambipom, M|100/100
|turn|6
|
|t:|1776283924
|move|p2a: Ambipom|Fake Out|p1a: Iron Treads
|-resisted|p1a: Iron Treads
|-damage|p1a: Iron Treads|88/100
|cant|p1a: Iron Treads|flinch
|
|-sideend|p2: Veekang|move: Light Screen
|upkeep
|turn|7
|
|t:|1776283941
|move|p2a: Ambipom|Foul Play|p1a: Iron Treads
|-damage|p1a: Iron Treads|72/100
|move|p1a: Iron Treads|Rapid Spin|p2a: Ambipom
|-damage|p2a: Ambipom|90/100
|-boost|p1a: Iron Treads|spe|1
|-sideend|p1: user795680|Toxic Spikes|[from] move: Rapid Spin|[of] p1a: Iron Treads
|
|-heal|p2a: Ambipom|96/100|[from] item: Leftovers
|-sideend|p2: Veekang|Reflect
|upkeep
|turn|8
|
|t:|1776283955
|move|p1a: Iron Treads|Earthquake|p2a: Ambipom
|-damage|p2a: Ambipom|34/100
|move|p2a: Ambipom|U-turn|p1a: Iron Treads
|-resisted|p1a: Iron Treads
|-damage|p1a: Iron Treads|62/100
|
|t:|1776283960
|switch|p2a: Blissey|Blissey, F|100/100|[from] U-turn
|-item|p2a: Blissey|Air Balloon
|
|upkeep
|turn|9
|
|t:|1776283969
|move|p1a: Iron Treads|Iron Head|p2a: Blissey
|-damage|p2a: Blissey|32/100
|replace|p2a: Zoroark|Zoroark-Hisui, M, shiny
|-end|p2a: Zoroark|Illusion
|-enditem|p2a: Zoroark|Air Balloon
|cant|p2a: Zoroark|flinch
|
|upkeep
|turn|10
|-message|Veekang forfeited.
|
|win|user795680
|raw|user795680's rating: 1082 &rarr; <strong>1110</strong><br />(+28 for winning)
|raw|Veekang's rating: 1086 &rarr; <strong>1063</strong><br />(-23 for losing)
|l|☆Veekang
|player|p2|
