|html|<div class="broadcast-blue"><strong>[Gen 9] OU is currently suspecting Tera Blast! For information on how to participate check out the <a href="https://www.smogon.com/tools/suspects/view/200">suspect thread</a>.</strong></div>
|j|☆heckkDM
|j|☆thebambi1234
|t:|1776317043
|gametype|singles
|player|p1|heckkDM|plasmagruntf-gen5bw|1359
|player|p2|thebambi1234|blackbelt-gen4dp|1387
|gen|9
|tier|[Gen 9] OU
|rated|
|rule|HP Percentage Mod: HP is shown in percentages
|rule|Endless Battle Clause: Forcing endless battles is banned
|rule|Species Clause: Limit one of each Pokémon
|rule|OHKO Clause: OHKO moves are banned
|rule|Evasion Items Clause: Evasion items are banned
|rule|Evasion Moves Clause: Evasion moves are banned
|rule|Evasion Abilities Clause: Evasion abilities are banned
|rule|Sleep Moves Clause: Sleep-inducing moves are banned
|clearpoke
|poke|p1|Corviknight, F|
|poke|p1|Pecharunt|
|poke|p1|Meowscarada, F|
|poke|p1|Iron Moth|
|poke|p1|Iron Valiant|
|poke|p1|Garchomp, M|
|poke|p2|Gliscor, M|
|poke|p2|Dondozo, F|
|poke|p2|Corviknight, M|
|poke|p2|Blissey, F|
|poke|p2|Weezing-Galar, M|
|poke|p2|Garganacl, F|
|teampreview
|inactive|Battle timer is ON: inactive players will automatically lose when time's up. (requested by thebambi1234)
|
|t:|1776317065
|teamsize|p1|6
|teamsize|p2|6
|start
|switch|p1a: Iron Moth|Iron Moth|100/100
|switch|p2a: Weezing|Weezing-Galar, M|100/100
|-ability|p2a: Weezing|Neutralizing Gas
|turn|1
|
|t:|1776317068
|-end|p2a: Weezing|ability: Neutralizing Gas
|switch|p2a: Blissey|Blissey, F|100/100
|-enditem|p1a: Iron Moth|Booster Energy
|-activate|p1a: Iron Moth|ability: Quark Drive|[fromitem]
|-start|p1a: Iron Moth|quarkdrivespe
|move|p1a: Iron Moth|Substitute|p1a: Iron Moth
|-start|p1a: Iron Moth|Substitute
|-damage|p1a: Iron Moth|75/100
|
|upkeep
|turn|2
|
|t:|1776317080
|move|p1a: Iron Moth|Acid Spray|p2a: Blissey
|-damage|p2a: Blissey|95/100
|-unboost|p2a: Blissey|spd|2
|move|p2a: Blissey|Seismic Toss|p1a: Iron Moth
|-end|p1a: Iron Moth|Substitute
|
|-heal|p2a: Blissey|100/100|[from] item: Leftovers
|upkeep
|turn|3
|
|t:|1776317099
|switch|p2a: Garganacl|Garganacl, F, shiny|100/100
|move|p1a: Iron Moth|Fiery Dance|p2a: Garganacl
|-resisted|p2a: Garganacl
|-damage|p2a: Garganacl|86/100
|
|-heal|p2a: Garganacl|93/100|[from] item: Leftovers
|upkeep
|turn|4
|
|t:|1776317104
|move|p1a: Iron Moth|Substitute|p1a: Iron Moth
|-start|p1a: Iron Moth|Substitute
|-damage|p1a: Iron Moth|50/100
|move|p2a: Garganacl|Salt Cure|p1a: Iron Moth
|-supereffective|p1a: Iron Moth
|-crit|p1a: Iron Moth
|-end|p1a: Iron Moth|Substitute
|
|-heal|p2a: Garganacl|99/100|[from] item: Leftovers
|upkeep
|turn|5
|
|t:|1776317115
|switch|p2a: Blissey|Blissey, F|100/100
|move|p1a: Iron Moth|Acid Spray|p2a: Blissey
|-damage|p2a: Blissey|95/100
|-unboost|p2a: Blissey|spd|2
|
|-heal|p2a: Blissey|100/100|[from] item: Leftovers
|upkeep
|turn|6
|
|t:|1776317118
|move|p1a: Iron Moth|Fiery Dance|p2a: Blissey
|-damage|p2a: Blissey|79/100
|-boost|p1a: Iron Moth|spa|1
|move|p2a: Blissey|Seismic Toss|p1a: Iron Moth
|-damage|p1a: Iron Moth|20/100
|
|-heal|p2a: Blissey|86/100|[from] item: Leftovers
|upkeep
|turn|7
|
|t:|1776317121
|move|p1a: Iron Moth|Fiery Dance|p2a: Blissey
|-damage|p2a: Blissey|53/100
|move|p2a: Blissey|Seismic Toss|p1a: Iron Moth
|-damage|p1a: Iron Moth|0 fnt
|faint|p1a: Iron Moth
|-end|p1a: Iron Moth|Quark Drive|[silent]
|
|-heal|p2a: Blissey|59/100|[from] item: Leftovers
|upkeep
|
|t:|1776317132
|switch|p1a: Garchomp|Garchomp, M|100/100
|turn|8
|
|t:|1776317138
|switch|p2a: Corviknight|Corviknight, M|100/100
|-ability|p2a: Corviknight|Pressure
|move|p1a: Garchomp|Spikes|p2a: Corviknight
|-sidestart|p2: thebambi1234|Spikes
|
|upkeep
|turn|9
|
|t:|1776317148
|move|p1a: Garchomp|Swords Dance|p1a: Garchomp
|-boost|p1a: Garchomp|atk|2
|move|p2a: Corviknight|Defog|p1a: Garchomp
|-unboost|p1a: Garchomp|evasion|1
|-sideend|p2: thebambi1234|Spikes|[from] move: Defog|[of] p2a: Corviknight
|
|upkeep
|turn|10
|
|t:|1776317153
|switch|p2a: Dondozo|Dondozo, F|100/100
|move|p1a: Garchomp|Spikes|p2a: Dondozo
|-sidestart|p2: thebambi1234|Spikes
|
|upkeep
|turn|11
|
|t:|1776317158
|move|p1a: Garchomp|Spikes|p2a: Dondozo
|-sidestart|p2: thebambi1234|Spikes
|move|p2a: Dondozo|Body Press|p1a: Garchomp
|-damage|p1a: Garchomp|74/100
|-damage|p2a: Dondozo|88/100|[from] ability: Rough Skin|[of] p1a: Garchomp
|-damage|p2a: Dondozo|71/100|[from] item: Rocky Helmet|[of] p1a: Garchomp
|
|-heal|p2a: Dondozo|77/100|[from] item: Leftovers
|upkeep
|turn|12
|
|t:|1776317164
|move|p1a: Garchomp|Earthquake|p2a: Dondozo
|-damage|p2a: Dondozo|54/100
|move|p2a: Dondozo|Body Press|p1a: Garchomp
|-damage|p1a: Garchomp|48/100
|-damage|p2a: Dondozo|42/100|[from] ability: Rough Skin|[of] p1a: Garchomp
|-damage|p2a: Dondozo|25/100|[from] item: Rocky Helmet|[of] p1a: Garchomp
|
|-heal|p2a: Dondozo|31/100|[from] item: Leftovers
|upkeep
|turn|13
|
|t:|1776317167
|move|p1a: Garchomp|Earthquake|p2a: Dondozo
|-damage|p2a: Dondozo|3/100
|move|p2a: Dondozo|Rest|p2a: Dondozo
|-status|p2a: Dondozo|slp|[from] move: Rest
|-heal|p2a: Dondozo|100/100 slp|[silent]
|
|upkeep
|turn|14
|
|t:|1776317170
|move|p1a: Garchomp|Spikes|p2a: Dondozo
|-sidestart|p2: thebambi1234|Spikes
|cant|p2a: Dondozo|slp
|move|p2a: Dondozo|Sleep Talk|p2a: Dondozo
|move|p2a: Dondozo|Wave Crash|p1a: Garchomp|[from] move: Sleep Talk
|-damage|p1a: Garchomp|6/100
|-damage|p2a: Dondozo|88/100 slp|[from] ability: Rough Skin|[of] p1a: Garchomp
|-damage|p2a: Dondozo|71/100 slp|[from] item: Rocky Helmet|[of] p1a: Garchomp
|-damage|p2a: Dondozo|62/100 slp|[from] Recoil
|
|-heal|p2a: Dondozo|68/100 slp|[from] item: Leftovers
|upkeep
|turn|15
|
|t:|1776317177
|move|p1a: Garchomp|Earthquake|p2a: Dondozo
|-damage|p2a: Dondozo|43/100 slp
|cant|p2a: Dondozo|slp
|move|p2a: Dondozo|Sleep Talk|p2a: Dondozo
|move|p2a: Dondozo|Rest||[from] move: Sleep Talk|[still]
|-fail|p2a: Dondozo
|
|-heal|p2a: Dondozo|49/100 slp|[from] item: Leftovers
|upkeep
|turn|16
|
|t:|1776317180
|move|p1a: Garchomp|Earthquake|p2a: Dondozo
|-damage|p2a: Dondozo|24/100 slp
|-curestatus|p2a: Dondozo|slp|[msg]
|move|p2a: Dondozo|Rest|p2a: Dondozo
|-status|p2a: Dondozo|slp|[from] move: Rest
|-heal|p2a: Dondozo|100/100 slp|[silent]
|
|upkeep
|turn|17
|
|t:|1776317182
|move|p1a: Garchomp|Earthquake|p2a: Dondozo
|-damage|p2a: Dondozo|76/100 slp
|cant|p2a: Dondozo|slp
|move|p2a: Dondozo|Sleep Talk|p2a: Dondozo
|move|p2a: Dondozo|Body Press|p1a: Garchomp|[from] move: Sleep Talk
|-damage|p1a: Garchomp|0 fnt
|-damage|p2a: Dondozo|63/100 slp|[from] ability: Rough Skin|[of] p1a: Garchomp
|-damage|p2a: Dondozo|47/100 slp|[from] item: Rocky Helmet|[of] p1a: Garchomp
|faint|p1a: Garchomp
|
|-heal|p2a: Dondozo|53/100 slp|[from] item: Leftovers
|upkeep
|
|t:|1776317187
|switch|p1a: Iron Valiant|Iron Valiant|100/100
|turn|18
|
|t:|1776317204
|switch|p2a: Corviknight|Corviknight, M|100/100
|-ability|p2a: Corviknight|Pressure
|move|p1a: Iron Valiant|Aura Sphere|p2a: Corviknight
|-damage|p2a: Corviknight|46/100
|
|-heal|p2a: Corviknight|52/100|[from] item: Leftovers
|upkeep
|turn|19
|
|t:|1776317220
|move|p1a: Iron Valiant|Aura Sphere|p2a: Corviknight
|-damage|p2a: Corviknight|0 fnt
|faint|p2a: Corviknight
|
|upkeep
|
|t:|1776317221
|switch|p2a: Weezing|Weezing-Galar, M|100/100
|-ability|p2a: Weezing|Neutralizing Gas
|turn|20
|
|t:|1776317230
|-end|p1a: Iron Valiant|Quark Drive|[silent]
|switch|p1a: Corviknight|Corviknight, F|100/100
|move|p2a: Weezing|Defog|p1a: Corviknight
|-unboost|p1a: Corviknight|evasion|1
|-sideend|p2: thebambi1234|Spikes|[from] move: Defog|[of] p2a: Weezing
|
|upkeep
|turn|21
|
|t:|1776317237
|move|p1a: Corviknight|Brave Bird|p2a: Weezing
|-damage|p2a: Weezing|69/100
|-damage|p1a: Corviknight|92/100|[from] Recoil
|move|p2a: Weezing|Will-O-Wisp|p1a: Corviknight
|-status|p1a: Corviknight|brn
|
|-damage|p1a: Corviknight|86/100 brn|[from] brn
|upkeep
|turn|22
|
|t:|1776317242
|move|p1a: Corviknight|Brave Bird|p2a: Weezing
|-damage|p2a: Weezing|53/100
|-damage|p1a: Corviknight|81/100 brn|[from] Recoil
|move|p2a: Weezing|Pain Split|p1a: Corviknight
|-sethp|p1a: Corviknight|63/100 brn|[from] move: Pain Split|[silent]
|-sethp|p2a: Weezing|75/100|[from] move: Pain Split
|
|-damage|p1a: Corviknight|57/100 brn|[from] brn
|upkeep
|turn|23
|
|t:|1776317247
|move|p1a: Corviknight|Roost|p1a: Corviknight
|-heal|p1a: Corviknight|100/100 brn
|-singleturn|p1a: Corviknight|move: Roost
|move|p2a: Weezing|Overheat|p1a: Corviknight
|-supereffective|p1a: Corviknight
|-damage|p1a: Corviknight|39/100 brn
|-unboost|p2a: Weezing|spa|2
|
|-damage|p1a: Corviknight|33/100 brn|[from] brn
|upkeep
|turn|24
|
|t:|1776317261
|-end|p2a: Weezing|ability: Neutralizing Gas
|-ability|p1a: Corviknight|Pressure
|switch|p2a: Gliscor|Gliscor, M, shiny|100/100
|move|p1a: Corviknight|Defog|p2a: Gliscor
|-unboost|p2a: Gliscor|evasion|1
|
|-damage|p1a: Corviknight|27/100 brn|[from] brn
|-status|p2a: Gliscor|tox|[from] item: Toxic Orb
|upkeep
|turn|25
|
|t:|1776317270
|move|p2a: Gliscor|Knock Off|p1a: Corviknight
|-damage|p1a: Corviknight|15/100 brn
|-damage|p2a: Gliscor|84/100 tox|[from] item: Rocky Helmet|[of] p1a: Corviknight
|-enditem|p1a: Corviknight|Rocky Helmet|[from] move: Knock Off|[of] p2a: Gliscor
|move|p1a: Corviknight|Roost|p1a: Corviknight
|-heal|p1a: Corviknight|65/100 brn
|-singleturn|p1a: Corviknight|move: Roost
|
|-heal|p2a: Gliscor|96/100 tox|[from] ability: Poison Heal
|-damage|p1a: Corviknight|59/100 brn|[from] brn
|upkeep
|turn|26
|
|t:|1776317279
|switch|p2a: Dondozo|Dondozo, F|53/100 slp
|move|p1a: Corviknight|Roost|p1a: Corviknight
|-heal|p1a: Corviknight|100/100 brn
|-singleturn|p1a: Corviknight|move: Roost
|
|-heal|p2a: Dondozo|59/100 slp|[from] item: Leftovers
|-damage|p1a: Corviknight|94/100 brn|[from] brn
|upkeep
|turn|27
|
|t:|1776317282
|move|p1a: Corviknight|U-turn|p2a: Dondozo
|-damage|p2a: Dondozo|56/100 slp
|
|t:|1776317287
|switch|p1a: Iron Valiant|Iron Valiant|100/100|[from] U-turn
|cant|p2a: Dondozo|slp
|move|p2a: Dondozo|Sleep Talk|p2a: Dondozo
|move|p2a: Dondozo|Rest||[from] move: Sleep Talk|[still]
|-fail|p2a: Dondozo
|
|-heal|p2a: Dondozo|62/100 slp|[from] item: Leftovers
|upkeep
|turn|28
|
|t:|1776317298
|move|p1a: Iron Valiant|Moonblast|p2a: Dondozo
|-damage|p2a: Dondozo|0 fnt
|faint|p2a: Dondozo
|
|upkeep
|
|t:|1776317300
|switch|p2a: Blissey|Blissey, F|59/100
|turn|29
|
|t:|1776317304
|-end|p1a: Iron Valiant|Quark Drive|[silent]
|switch|p1a: Corviknight|Corviknight, F|94/100 brn
|-ability|p1a: Corviknight|Pressure
|move|p2a: Blissey|Soft-Boiled|p2a: Blissey
|-heal|p2a: Blissey|100/100
|
|-damage|p1a: Corviknight|88/100 brn|[from] brn
|upkeep
|turn|30
|
|t:|1776317322
|switch|p2a: Gliscor|Gliscor, M, shiny|96/100 tox
|move|p1a: Corviknight|U-turn|p2a: Gliscor
|-resisted|p2a: Gliscor
|-damage|p2a: Gliscor|94/100 tox
|
|t:|1776317326
|switch|p1a: Meowscarada|Meowscarada, F|100/100|[from] U-turn
|
|-heal|p2a: Gliscor|100/100 tox|[from] ability: Poison Heal
|upkeep
|turn|31
|
|t:|1776317352
|switch|p1a: Iron Valiant|Iron Valiant|100/100
|-terastallize|p2a: Gliscor|Steel
|move|p2a: Gliscor|Toxic|p1a: Iron Valiant
|-status|p1a: Iron Valiant|tox
|
|-damage|p1a: Iron Valiant|94/100 tox|[from] psn
|upkeep
|turn|32
|
|t:|1776317361
|switch|p2a: Weezing|Weezing-Galar, M|75/100
|-ability|p2a: Weezing|Neutralizing Gas
|move|p1a: Iron Valiant|Aura Sphere|p2a: Weezing
|-resisted|p2a: Weezing
|-crit|p2a: Weezing
|-damage|p2a: Weezing|52/100
|
|-damage|p1a: Iron Valiant|82/100 tox|[from] psn
|upkeep
|turn|33
|
|t:|1776317365
|-end|p1a: Iron Valiant|Quark Drive|[silent]
|switch|p1a: Corviknight|Corviknight, F|88/100 brn
|move|p2a: Weezing|Pain Split|p1a: Corviknight
|-sethp|p1a: Corviknight|66/100 brn|[from] move: Pain Split|[silent]
|-sethp|p2a: Weezing|79/100|[from] move: Pain Split
|
|-damage|p1a: Corviknight|60/100 brn|[from] brn
|upkeep
|turn|34
|
|t:|1776317374
|move|p1a: Corviknight|U-turn|p2a: Weezing
|-resisted|p2a: Weezing
|-damage|p2a: Weezing|77/100
|
|t:|1776317379
|switch|p1a: Iron Valiant|Iron Valiant|82/100 tox|[from] U-turn
|move|p2a: Weezing|Overheat|p1a: Iron Valiant|[miss]
|-miss|p2a: Weezing|p1a: Iron Valiant
|
|-damage|p1a: Iron Valiant|76/100 tox|[from] psn
|upkeep
|turn|35
|
|t:|1776317397
|move|p1a: Iron Valiant|Aura Sphere|p2a: Weezing
|-resisted|p2a: Weezing
|-damage|p2a: Weezing|63/100
|move|p2a: Weezing|Pain Split|p1a: Iron Valiant
|-sethp|p1a: Iron Valiant|74/100 tox|[from] move: Pain Split|[silent]
|-sethp|p2a: Weezing|64/100|[from] move: Pain Split
|
|-damage|p1a: Iron Valiant|61/100 tox|[from] psn
|upkeep
|turn|36
|
|t:|1776317403
|-end|p1a: Iron Valiant|Quark Drive|[silent]
|switch|p1a: Corviknight|Corviknight, F|60/100 brn
|move|p2a: Weezing|Overheat|p1a: Corviknight|[miss]
|-miss|p2a: Weezing|p1a: Corviknight
|
|-damage|p1a: Corviknight|54/100 brn|[from] brn
|upkeep
|turn|37
|c|☆thebambi1234|damn
|
|t:|1776317411
|move|p1a: Corviknight|Roost|p1a: Corviknight
|-heal|p1a: Corviknight|100/100 brn
|-singleturn|p1a: Corviknight|move: Roost
|move|p2a: Weezing|Overheat|p1a: Corviknight
|-supereffective|p1a: Corviknight
|-damage|p1a: Corviknight|44/100 brn
|-unboost|p2a: Weezing|spa|2
|
|-damage|p1a: Corviknight|38/100 brn|[from] brn
|upkeep
|turn|38
|c|☆heckkDM|GOAT
|c|☆heckkDM|crazy shit
|
|t:|1776317416
|-end|p2a: Weezing|ability: Neutralizing Gas
|-ability|p1a: Corviknight|Pressure
|switch|p2a: Garganacl|Garganacl, F, shiny|99/100
|move|p1a: Corviknight|Roost|p1a: Corviknight
|-heal|p1a: Corviknight|88/100 brn
|-singleturn|p1a: Corviknight|move: Roost
|
|-heal|p2a: Garganacl|100/100|[from] item: Leftovers
|-damage|p1a: Corviknight|82/100 brn|[from] brn
|upkeep
|turn|39
|inactive|heckkDM has 120 seconds left.
|
|t:|1776317447
|move|p1a: Corviknight|U-turn|p2a: Garganacl
|-damage|p2a: Garganacl|96/100
|inactive|heckkDM has 120 seconds left.
|
|t:|1776317456
|switch|p1a: Meowscarada|Meowscarada, F|100/100|[from] U-turn
|move|p2a: Garganacl|Salt Cure|p1a: Meowscarada
|-damage|p1a: Meowscarada|81/100
|-start|p1a: Meowscarada|Salt Cure
|
|-heal|p2a: Garganacl|100/100|[from] item: Leftovers
|-damage|p1a: Meowscarada|68/100|[from] Salt Cure
|upkeep
|turn|40
|
|t:|1776317461
|move|p2a: Garganacl|Protect|p2a: Garganacl
|-singleturn|p2a: Garganacl|Protect
|move|p1a: Meowscarada|U-turn|p2a: Garganacl
|-start|p1a: Meowscarada|typechange|Bug|[from] ability: Protean
|-activate|p2a: Garganacl|move: Protect
|
|-damage|p1a: Meowscarada|56/100|[from] Salt Cure
|upkeep
|turn|41
|
|t:|1776317465
|move|p1a: Meowscarada|U-turn|p2a: Garganacl
|-damage|p2a: Garganacl|78/100
|
|t:|1776317469
|switch|p1a: Iron Valiant|Iron Valiant|61/100 tox|[from] U-turn
|move|p2a: Garganacl|Salt Cure|p1a: Iron Valiant
|-resisted|p1a: Iron Valiant
|-damage|p1a: Iron Valiant|53/100 tox
|-start|p1a: Iron Valiant|Salt Cure
|
|-heal|p2a: Garganacl|84/100|[from] item: Leftovers
|-damage|p1a: Iron Valiant|47/100 tox|[from] psn
|-damage|p1a: Iron Valiant|34/100 tox|[from] Salt Cure
|upkeep
|turn|42
|
|t:|1776317483
|switch|p2a: Weezing|Weezing-Galar, M|64/100
|-ability|p2a: Weezing|Neutralizing Gas
|move|p1a: Iron Valiant|Aura Sphere|p2a: Weezing
|-resisted|p2a: Weezing
|-damage|p2a: Weezing|47/100
|
|-damage|p1a: Iron Valiant|22/100 tox|[from] psn
|-damage|p1a: Iron Valiant|9/100 tox|[from] Salt Cure
|upkeep
|turn|43
|
|t:|1776317490
|move|p1a: Iron Valiant|Aura Sphere|p2a: Weezing
|-resisted|p2a: Weezing
|-damage|p2a: Weezing|30/100
|move|p2a: Weezing|Will-O-Wisp||[still]
|-fail|p2a: Weezing
|
|-damage|p1a: Iron Valiant|0 fnt|[from] psn
|faint|p1a: Iron Valiant
|-end|p1a: Iron Valiant|Quark Drive|[silent]
|upkeep
|
|t:|1776317496
|switch|p1a: Pecharunt|Pecharunt|100/100
|turn|44
|
|t:|1776317504
|-end|p2a: Weezing|ability: Neutralizing Gas
|switch|p2a: Gliscor|Gliscor, M, shiny, tera:Steel|100/100 tox
|move|p1a: Pecharunt|Nasty Plot|p1a: Pecharunt
|-boost|p1a: Pecharunt|spa|2
|
|upkeep
|turn|45
|
|t:|1776317522
|move|p1a: Pecharunt|Hex|p2a: Gliscor
|-damage|p2a: Gliscor|10/100 tox
|move|p2a: Gliscor|Knock Off|p1a: Pecharunt
|-supereffective|p1a: Pecharunt
|-damage|p1a: Pecharunt|76/100
|-enditem|p1a: Pecharunt|Heavy-Duty Boots|[from] move: Knock Off|[of] p2a: Gliscor
|
|-heal|p2a: Gliscor|22/100 tox|[from] ability: Poison Heal
|upkeep
|turn|46
|
|t:|1776317528
|switch|p2a: Blissey|Blissey, F|100/100
|move|p1a: Pecharunt|Hex|p2a: Blissey
|-immune|p2a: Blissey
|
|upkeep
|turn|47
|
|t:|1776317549
|switch|p2a: Garganacl|Garganacl, F, shiny|84/100
|move|p1a: Pecharunt|Recover|p1a: Pecharunt
|-heal|p1a: Pecharunt|100/100
|
|-heal|p2a: Garganacl|91/100|[from] item: Leftovers
|upkeep
|turn|48
|
|t:|1776317552
|move|p1a: Pecharunt|Nasty Plot|p1a: Pecharunt
|-boost|p1a: Pecharunt|spa|2
|move|p2a: Garganacl|Salt Cure|p1a: Pecharunt
|-damage|p1a: Pecharunt|92/100
|-start|p1a: Pecharunt|Salt Cure
|
|-heal|p2a: Garganacl|97/100|[from] item: Leftovers
|-damage|p1a: Pecharunt|79/100|[from] Salt Cure
|upkeep
|turn|49
|
|t:|1776317564
|switch|p2a: Blissey|Blissey, F|100/100
|move|p1a: Pecharunt|Malignant Chain|p2a: Blissey
|-damage|p2a: Blissey|74/100
|
|-heal|p2a: Blissey|80/100|[from] item: Leftovers
|-damage|p1a: Pecharunt|67/100|[from] Salt Cure
|upkeep
|turn|50
|
|t:|1776317569
|move|p1a: Pecharunt|Malignant Chain|p2a: Blissey
|-damage|p2a: Blissey|55/100
|-status|p2a: Blissey|tox
|-start|p2a: Blissey|confusion|[from] ability: Poison Puppeteer|[of] p1a: Pecharunt
|-activate|p2a: Blissey|confusion
|-damage|p2a: Blissey|53/100 tox|[from] confusion
|
|-heal|p2a: Blissey|59/100 tox|[from] item: Leftovers
|-damage|p2a: Blissey|53/100 tox|[from] psn
|-damage|p1a: Pecharunt|54/100|[from] Salt Cure
|upkeep
|turn|51
|
|t:|1776317573
|-curestatus|p2a: Blissey|tox|[from] ability: Natural Cure
|switch|p2a: Gliscor|Gliscor, M, shiny, tera:Steel|22/100 tox
|move|p1a: Pecharunt|Recover|p1a: Pecharunt
|-heal|p1a: Pecharunt|100/100
|
|-heal|p2a: Gliscor|34/100 tox|[from] ability: Poison Heal
|-damage|p1a: Pecharunt|88/100|[from] Salt Cure
|upkeep
|turn|52
|
|t:|1776317578
|switch|p2a: Blissey|Blissey, F|53/100
|move|p1a: Pecharunt|Malignant Chain|p2a: Blissey
|-damage|p2a: Blissey|26/100
|
|-heal|p2a: Blissey|33/100|[from] item: Leftovers
|-damage|p1a: Pecharunt|76/100|[from] Salt Cure
|upkeep
|turn|53
|
|t:|1776317582
|move|p1a: Pecharunt|Malignant Chain|p2a: Blissey
|-damage|p2a: Blissey|8/100
|-status|p2a: Blissey|tox
|-start|p2a: Blissey|confusion|[from] ability: Poison Puppeteer|[of] p1a: Pecharunt
|-activate|p2a: Blissey|confusion
|move|p2a: Blissey|Soft-Boiled|p2a: Blissey
|-heal|p2a: Blissey|58/100 tox
|
|-heal|p2a: Blissey|64/100 tox|[from] item: Leftovers
|-damage|p2a: Blissey|58/100 tox|[from] psn
|-damage|p1a: Pecharunt|63/100|[from] Salt Cure
|upkeep
|turn|54
|
|t:|1776317587
|-curestatus|p2a: Blissey|tox|[from] ability: Natural Cure
|switch|p2a: Weezing|Weezing-Galar, M|30/100
|-ability|p2a: Weezing|Neutralizing Gas
|move|p1a: Pecharunt|Recover|p1a: Pecharunt
|-heal|p1a: Pecharunt|100/100
|
|-damage|p1a: Pecharunt|88/100|[from] Salt Cure
|upkeep
|turn|55
|
|t:|1776317592
|move|p1a: Pecharunt|Hex|p2a: Weezing
|-damage|p2a: Weezing|0 fnt
|faint|p2a: Weezing
|-end|p2a: Weezing|ability: Neutralizing Gas
|
|-damage|p1a: Pecharunt|76/100|[from] Salt Cure
|upkeep
|
|t:|1776317594
|switch|p2a: Blissey|Blissey, F|58/100
|turn|56
|
|t:|1776317601
|switch|p2a: Gliscor|Gliscor, M, shiny, tera:Steel|34/100 tox
|move|p1a: Pecharunt|Nasty Plot|p1a: Pecharunt
|-boost|p1a: Pecharunt|spa|2
|
|-heal|p2a: Gliscor|47/100 tox|[from] ability: Poison Heal
|-damage|p1a: Pecharunt|63/100|[from] Salt Cure
|upkeep
|turn|57
|
|t:|1776317607
|move|p2a: Gliscor|Protect|p2a: Gliscor
|-singleturn|p2a: Gliscor|Protect
|move|p1a: Pecharunt|Hex|p2a: Gliscor
|-activate|p2a: Gliscor|move: Protect
|
|-heal|p2a: Gliscor|59/100 tox|[from] ability: Poison Heal
|-damage|p1a: Pecharunt|51/100|[from] Salt Cure
|upkeep
|turn|58
|
|t:|1776317615
|move|p1a: Pecharunt|Malignant Chain|p2a: Gliscor
|-immune|p2a: Gliscor
|move|p2a: Gliscor|Earthquake|p1a: Pecharunt
|-supereffective|p1a: Pecharunt
|-damage|p1a: Pecharunt|9/100
|
|-heal|p2a: Gliscor|72/100 tox|[from] ability: Poison Heal
|-damage|p1a: Pecharunt|0 fnt|[from] Salt Cure
|faint|p1a: Pecharunt
|upkeep
|c|☆heckkDM|aw ggs
|c|☆thebambi1234|ggs <3
|
|t:|1776317639
|switch|p1a: Meowscarada|Meowscarada, F|56/100
|turn|59
|
|t:|1776317644
|move|p2a: Gliscor|Protect|p2a: Gliscor
|-singleturn|p2a: Gliscor|Protect
|move|p1a: Meowscarada|Knock Off|p2a: Gliscor
|-start|p1a: Meowscarada|typechange|Dark|[from] ability: Protean
|-activate|p2a: Gliscor|move: Protect
|
|-heal|p2a: Gliscor|84/100 tox|[from] ability: Poison Heal
|upkeep
|turn|60
|
|t:|1776317672
|move|p1a: Meowscarada|Knock Off|p2a: Gliscor
|-damage|p2a: Gliscor|54/100 tox
|-enditem|p2a: Gliscor|Toxic Orb|[from] move: Knock Off|[of] p1a: Meowscarada
|move|p2a: Gliscor|Toxic|p1a: Meowscarada
|-status|p1a: Meowscarada|tox
|
|-damage|p1a: Meowscarada|50/100 tox|[from] psn
|-heal|p2a: Gliscor|67/100 tox|[from] ability: Poison Heal
|upkeep
|turn|61
|
|t:|1776317675
|switch|p1a: Corviknight|Corviknight, F|82/100 brn
|-ability|p1a: Corviknight|Pressure
|move|p2a: Gliscor|Protect||[still]
|-fail|p2a: Gliscor
|
|-heal|p2a: Gliscor|79/100 tox|[from] ability: Poison Heal
|-damage|p1a: Corviknight|76/100 brn|[from] brn
|upkeep
|turn|62
|inactive|heckkDM has 120 seconds left.
|
|t:|1776317715
|move|p2a: Gliscor|Protect|p2a: Gliscor
|-singleturn|p2a: Gliscor|Protect
|move|p1a: Corviknight|U-turn|p2a: Gliscor
|-activate|p2a: Gliscor|move: Protect
|
|-heal|p2a: Gliscor|91/100 tox|[from] ability: Poison Heal
|-damage|p1a: Corviknight|70/100 brn|[from] brn
|upkeep
|turn|63
|
|t:|1776317719
|move|p2a: Gliscor|Knock Off|p1a: Corviknight
|-damage|p1a: Corviknight|61/100 brn
|move|p1a: Corviknight|U-turn|p2a: Gliscor
|-resisted|p2a: Gliscor
|-damage|p2a: Gliscor|89/100 tox
|
|t:|1776317721
|switch|p1a: Meowscarada|Meowscarada, F|50/100 tox|[from] U-turn
|
|-damage|p1a: Meowscarada|44/100 tox|[from] psn
|-heal|p2a: Gliscor|100/100 tox|[from] ability: Poison Heal
|upkeep
|turn|64
|
|t:|1776317727
|move|p1a: Meowscarada|Triple Axel|p2a: Gliscor
|-start|p1a: Meowscarada|typechange|Ice|[from] ability: Protean
|-resisted|p2a: Gliscor
|-damage|p2a: Gliscor|98/100 tox
|-resisted|p2a: Gliscor
|-damage|p2a: Gliscor|92/100 tox
|-resisted|p2a: Gliscor
|-damage|p2a: Gliscor|84/100 tox
|-hitcount|p2a: Gliscor|3
|move|p2a: Gliscor|Earthquake|p1a: Meowscarada
|-damage|p1a: Meowscarada|0 fnt
|faint|p1a: Meowscarada
|
|-heal|p2a: Gliscor|97/100 tox|[from] ability: Poison Heal
|upkeep
|
|t:|1776317730
|switch|p1a: Corviknight|Corviknight, F|61/100 brn
|-ability|p1a: Corviknight|Pressure
|turn|65
|
|t:|1776317732
|switch|p2a: Garganacl|Garganacl, F, shiny|97/100
|move|p1a: Corviknight|Roost|p1a: Corviknight
|-heal|p1a: Corviknight|100/100 brn
|-singleturn|p1a: Corviknight|move: Roost
|
|-heal|p2a: Garganacl|100/100|[from] item: Leftovers
|-damage|p1a: Corviknight|94/100 brn|[from] brn
|upkeep
|turn|66
|
|t:|1776317742
|move|p1a: Corviknight|Brave Bird|p2a: Garganacl
|-resisted|p2a: Garganacl
|-damage|p2a: Garganacl|95/100
|-damage|p1a: Corviknight|92/100 brn|[from] Recoil
|move|p2a: Garganacl|Salt Cure|p1a: Corviknight
|-damage|p1a: Corviknight|84/100 brn
|-start|p1a: Corviknight|Salt Cure
|
|-heal|p2a: Garganacl|100/100|[from] item: Leftovers
|-damage|p1a: Corviknight|78/100 brn|[from] brn
|-damage|p1a: Corviknight|53/100 brn|[from] Salt Cure
|upkeep
|turn|67
|
|t:|1776317745
|move|p1a: Corviknight|Brave Bird|p2a: Garganacl
|-resisted|p2a: Garganacl
|-damage|p2a: Garganacl|94/100
|-damage|p1a: Corviknight|51/100 brn|[from] Recoil
|move|p2a: Garganacl|Salt Cure|p1a: Corviknight
|-damage|p1a: Corviknight|42/100 brn
|
|-heal|p2a: Garganacl|100/100|[from] item: Leftovers
|-damage|p1a: Corviknight|36/100 brn|[from] brn
|-damage|p1a: Corviknight|11/100 brn|[from] Salt Cure
|upkeep
|turn|68
|
|t:|1776317747
|move|p1a: Corviknight|Roost|p1a: Corviknight
|-heal|p1a: Corviknight|61/100 brn
|-singleturn|p1a: Corviknight|move: Roost
|move|p2a: Garganacl|Salt Cure|p1a: Corviknight
|-resisted|p1a: Corviknight
|-damage|p1a: Corviknight|57/100 brn
|
|-damage|p1a: Corviknight|51/100 brn|[from] brn
|-damage|p1a: Corviknight|26/100 brn|[from] Salt Cure
|upkeep
|turn|69
|
|t:|1776317755
|move|p1a: Corviknight|Roost|p1a: Corviknight
|-heal|p1a: Corviknight|76/100 brn
|-singleturn|p1a: Corviknight|move: Roost
|move|p2a: Garganacl|Salt Cure|p1a: Corviknight
|-resisted|p1a: Corviknight
|-damage|p1a: Corviknight|73/100 brn
|
|-damage|p1a: Corviknight|67/100 brn|[from] brn
|-damage|p1a: Corviknight|42/100 brn|[from] Salt Cure
|upkeep
|turn|70
|
|t:|1776317761
|move|p1a: Corviknight|U-turn|p2a: Garganacl
|-damage|p2a: Garganacl|96/100
|move|p2a: Garganacl|Salt Cure|p1a: Corviknight
|-damage|p1a: Corviknight|33/100 brn
|
|-heal|p2a: Garganacl|100/100|[from] item: Leftovers
|-damage|p1a: Corviknight|27/100 brn|[from] brn
|-damage|p1a: Corviknight|3/100 brn|[from] Salt Cure
|upkeep
|turn|71
|
|t:|1776317765
|move|p1a: Corviknight|U-turn|p2a: Garganacl
|-damage|p2a: Garganacl|96/100
|move|p2a: Garganacl|Salt Cure|p1a: Corviknight
|-damage|p1a: Corviknight|0 fnt
|faint|p1a: Corviknight
|
|win|thebambi1234
|raw|heckkDM's rating: 1359 &rarr; <strong>1341</strong><br />(-18 for losing)
|raw|thebambi1234's rating: 1387 &rarr; <strong>1405</strong><br />(+18 for winning)
|c|☆heckkDM|ggs lol
|c|☆thebambi1234|<3
|c|☆heckkDM|fun game
|c|☆thebambi1234|u too
|c|☆heckkDM|<3
|l|☆thebambi1234
|player|p2|
|l|☆heckkDM
|player|p1|
|j|☆heckkDM
|player|p1|heckkDM|plasmagruntf-gen5bw|
