|html|<div class="broadcast-blue"><strong>[Gen 9] OU is currently suspecting Tera Blast! For information on how to participate check out the <a href="https://www.smogon.com/tools/suspects/view/200">suspect thread</a>.</strong></div>
|j|☆kjojon
|j|☆Ildiobo
|t:|1776265163
|gametype|singles
|player|p1|kjojon|brock|1196
|player|p2|Ildiobo|collector|1252
|gen|9
|tier|[Gen 9] OU
|rated|
|rule|HP Percentage Mod: HP is shown in percentages
|rule|Endless Battle Clause: Forcing endless battles is banned
|rule|Species Clause: Limit one of each Pokémon
|rule|OHKO Clause: OHKO moves are banned
|rule|Evasion Items Clause: Evasion items are banned
|rule|Evasion Moves Clause: Evasion moves are banned
|rule|Evasion Abilities Clause: Evasion abilities are banned
|rule|Sleep Moves Clause: Sleep-inducing moves are banned
|clearpoke
|poke|p1|Weezing-Galar, F|
|poke|p1|Cinderace, F|
|poke|p1|Duraludon, M|
|poke|p1|Hitmontop, M|
|poke|p1|Necrozma|
|poke|p1|Porygon-Z|
|poke|p2|Goodra-Hisui, F|
|poke|p2|Pelipper, M|
|poke|p2|Iron Treads|
|poke|p2|Barraskewda, M|
|poke|p2|Kingdra, F|
|poke|p2|Iron Valiant|
|teampreview
|inactive|Battle timer is ON: inactive players will automatically lose when time's up. (requested by Ildiobo)
|
|t:|1776265184
|teamsize|p1|6
|teamsize|p2|6
|start
|switch|p1a: PoyPee|Porygon-Z, shiny|100/100
|switch|p2a: Iron Treads|Iron Treads|100/100
|-enditem|p2a: Iron Treads|Booster Energy
|-activate|p2a: Iron Treads|ability: Quark Drive|[fromitem]
|-start|p2a: Iron Treads|quarkdrivespe
|turn|1
|c|☆Ildiobo|necrozma is in OU?
|
|t:|1776265195
|move|p2a: Iron Treads|Stealth Rock|p1a: PoyPee
|-sidestart|p1: kjojon|move: Stealth Rock
|move|p1a: PoyPee|Tri Attack|p2a: Iron Treads
|-resisted|p2a: Iron Treads
|-damage|p2a: Iron Treads|63/100
|
|upkeep
|turn|2
|
|t:|1776265219
|-end|p2a: Iron Treads|Quark Drive|[silent]
|switch|p2a: Goodra|Goodra-Hisui, F|100/100
|move|p1a: PoyPee|Tri Attack|p2a: Goodra
|-resisted|p2a: Goodra
|-damage|p2a: Goodra|89/100
|
|upkeep
|turn|3
|
|t:|1776265225
|move|p1a: PoyPee|Nasty Plot|p1a: PoyPee
|-boost|p1a: PoyPee|spa|2
|move|p2a: Goodra|Knock Off|p1a: PoyPee
|-damage|p1a: PoyPee|70/100
|-enditem|p1a: PoyPee|Salac Berry|[from] move: Knock Off|[of] p2a: Goodra
|
|upkeep
|turn|4
|
|t:|1776265236
|move|p1a: PoyPee|Tri Attack|p2a: Goodra
|-resisted|p2a: Goodra
|-damage|p2a: Goodra|68/100
|move|p2a: Goodra|Iron Head|p1a: PoyPee
|-damage|p1a: PoyPee|32/100
|
|upkeep
|turn|5
|
|t:|1776265243
|move|p1a: PoyPee|Tri Attack|p2a: Goodra
|-resisted|p2a: Goodra
|-damage|p2a: Goodra|46/100
|move|p2a: Goodra|Earthquake|p1a: PoyPee
|-damage|p1a: PoyPee|0 fnt
|faint|p1a: PoyPee
|
|upkeep
|
|t:|1776265254
|switch|p1a: Joao|Cinderace, F, shiny|100/100
|-damage|p1a: Joao|76/100|[from] Stealth Rock
|turn|6
|
|t:|1776265266
|switch|p2a: Pelipper|Pelipper, M|100/100
|-weather|RainDance|[from] ability: Drizzle|[of] p2a: Pelipper
|move|p1a: Joao|Court Change|p1a: Joao
|-start|p1a: Joao|typechange|Normal|[from] ability: Libero
|-swapsideconditions
|-activate|p1a: Joao|move: Court Change
|
|-weather|RainDance|[upkeep]
|upkeep
|turn|7
|
|t:|1776265295
|switch|p1a: Babylon|Duraludon, M, shiny|100/100
|move|p2a: Pelipper|Hurricane|p1a: Babylon
|-resisted|p1a: Babylon
|-damage|p1a: Babylon|81/100
|
|-weather|RainDance|[upkeep]
|upkeep
|turn|8
|
|t:|1776265306
|move|p1a: Babylon|Focus Energy|p1a: Babylon
|-start|p1a: Babylon|move: Focus Energy
|move|p2a: Pelipper|Hurricane|p1a: Babylon
|-resisted|p1a: Babylon
|-damage|p1a: Babylon|61/100
|-start|p1a: Babylon|confusion
|
|-weather|RainDance|[upkeep]
|upkeep
|turn|9
|
|t:|1776265315
|-activate|p1a: Babylon|confusion
|move|p1a: Babylon|Thunderbolt|p2a: Pelipper
|-supereffective|p2a: Pelipper
|-damage|p2a: Pelipper|0 fnt
|faint|p2a: Pelipper
|
|-weather|RainDance|[upkeep]
|upkeep
|c|☆Ildiobo|wtf is this
|inactive|Ildiobo has 120 seconds left.
|c|☆Ildiobo|focus energy duraludon
|
|t:|1776265337
|switch|p2a: Barraskewda|Barraskewda, M|100/100
|-damage|p2a: Barraskewda|88/100|[from] Stealth Rock
|turn|10
|c|☆kjojon|Yeppers
|
|t:|1776265347
|-terastallize|p2a: Barraskewda|Water
|move|p2a: Barraskewda|Flip Turn|p1a: Babylon
|-resisted|p1a: Babylon
|-damage|p1a: Babylon|30/100
|
|t:|1776265354
|switch|p2a: Iron Treads|Iron Treads|63/100|[from] Flip Turn
|-damage|p2a: Iron Treads|60/100|[from] Stealth Rock
|-activate|p1a: Babylon|confusion
|-damage|p1a: Babylon|24/100|[from] confusion
|
|-weather|RainDance|[upkeep]
|upkeep
|turn|11
|
|t:|1776265362
|move|p2a: Iron Treads|Earthquake|p1a: Babylon
|-supereffective|p1a: Babylon
|-damage|p1a: Babylon|0 fnt
|faint|p1a: Babylon
|
|-weather|RainDance|[upkeep]
|upkeep
|
|t:|1776265370
|switch|p1a: Garfiel|Hitmontop, M|100/100
|turn|12
|
|t:|1776265374
|move|p1a: Garfiel|Fake Out|p2a: Iron Treads
|-resisted|p2a: Iron Treads
|-damage|p2a: Iron Treads|52/100
|cant|p2a: Iron Treads|flinch
|
|-weather|RainDance|[upkeep]
|upkeep
|turn|13
|
|t:|1776265385
|-end|p2a: Iron Treads|Quark Drive|[silent]
|switch|p2a: Iron Valiant|Iron Valiant|100/100
|-damage|p2a: Iron Valiant|94/100|[from] Stealth Rock
|-enditem|p2a: Iron Valiant|Booster Energy
|-activate|p2a: Iron Valiant|ability: Quark Drive|[fromitem]
|-start|p2a: Iron Valiant|quarkdrivespe
|move|p1a: Garfiel|Mach Punch|p2a: Iron Valiant
|-resisted|p2a: Iron Valiant
|-damage|p2a: Iron Valiant|74/100
|
|-weather|none
|upkeep
|turn|14
|
|t:|1776265401
|move|p2a: Iron Valiant|Calm Mind|p2a: Iron Valiant
|-boost|p2a: Iron Valiant|spa|1
|-boost|p2a: Iron Valiant|spd|1
|move|p1a: Garfiel|Triple Axel|p2a: Iron Valiant
|-crit|p2a: Iron Valiant
|-damage|p2a: Iron Valiant|54/100
|-damage|p2a: Iron Valiant|28/100
|-damage|p2a: Iron Valiant|0 fnt
|faint|p2a: Iron Valiant
|-end|p2a: Iron Valiant|Quark Drive|[silent]
|-hitcount|p2: Iron Valiant|3
|
|upkeep
|c|☆kjojon|Nuh uh
|
|t:|1776265417
|switch|p2a: Barraskewda|Barraskewda, M, tera:Water|88/100
|-damage|p2a: Barraskewda|76/100|[from] Stealth Rock
|turn|15
|
|t:|1776265425
|move|p1a: Garfiel|Mach Punch|p2a: Barraskewda
|-damage|p2a: Barraskewda|19/100
|move|p2a: Barraskewda|Liquidation|p1a: Garfiel
|-damage|p1a: Garfiel|0 fnt
|faint|p1a: Garfiel
|
|upkeep
|
|t:|1776265438
|switch|p1a: Weezing|Weezing-Galar, F|100/100
|-ability|p1a: Weezing|Neutralizing Gas
|turn|16
|
|t:|1776265445
|move|p2a: Barraskewda|Liquidation|p1a: Weezing
|-damage|p1a: Weezing|16/100
|move|p1a: Weezing|Sludge Bomb|p2a: Barraskewda
|-damage|p2a: Barraskewda|0 fnt
|faint|p2a: Barraskewda
|
|-heal|p1a: Weezing|22/100|[from] item: Black Sludge
|upkeep
|
|t:|1776265457
|switch|p2a: Kingdra|Kingdra, F|100/100
|-damage|p2a: Kingdra|88/100|[from] Stealth Rock
|turn|17
|
|t:|1776265469
|move|p2a: Kingdra|Ice Beam|p1a: Weezing
|-damage|p1a: Weezing|0 fnt
|faint|p1a: Weezing
|-end|p1a: Weezing|ability: Neutralizing Gas
|
|upkeep
|
|t:|1776265473
|switch|p1a: R-Pyrite|Necrozma, shiny|100/100
|turn|18
|
|t:|1776265478
|switch|p2a: Iron Treads|Iron Treads|52/100
|-damage|p2a: Iron Treads|49/100|[from] Stealth Rock
|move|p1a: R-Pyrite|Dragon Dance|p1a: R-Pyrite
|-boost|p1a: R-Pyrite|atk|1
|-boost|p1a: R-Pyrite|spe|1
|
|upkeep
|turn|19
|
|t:|1776265487
|move|p1a: R-Pyrite|Brick Break|p2a: Iron Treads
|-supereffective|p2a: Iron Treads
|-damage|p2a: Iron Treads|0 fnt
|faint|p2a: Iron Treads
|-end|p2a: Iron Treads|Quark Drive|[silent]
|
|upkeep
|
|t:|1776265497
|switch|p2a: Kingdra|Kingdra, F|88/100
|-damage|p2a: Kingdra|76/100|[from] Stealth Rock
|turn|20
|
|t:|1776265521
|move|p1a: R-Pyrite|Photon Geyser|p2a: Kingdra
|-damage|p2a: Kingdra|0 fnt
|faint|p2a: Kingdra
|
|upkeep
|
|t:|1776265529
|switch|p2a: Goodra|Goodra-Hisui, F|46/100
|-damage|p2a: Goodra|40/100|[from] Stealth Rock
|turn|21
|
|t:|1776265534
|move|p1a: R-Pyrite|Brick Break|p2a: Goodra
|-supereffective|p2a: Goodra
|-damage|p2a: Goodra|0 fnt
|faint|p2a: Goodra
|
|win|kjojon
|raw|kjojon's rating: 1196 &rarr; <strong>1225</strong><br />(+29 for winning)
|raw|Ildiobo's rating: 1252 &rarr; <strong>1223</strong><br />(-29 for losing)
|l|☆Ildiobo
|player|p2|
|c|☆kjojon|gg's
