|html|<div class="broadcast-blue"><strong>[Gen 9] OU is currently suspecting Volcarona! For information on how to participate check out the <a href="https://www.smogon.com/tools/suspects/view/208">suspect thread</a>.</strong></div>
|j|☆pipsquik
|j|☆jhfsjdhfksjdhf
|t:|1778508444
|gametype|singles
|player|p1|pipsquik|plasmagrunt|1536
|player|p2|jhfsjdhfksjdhf|265|1504
|gen|9
|tier|[Gen 9] OU
|rated|
|rule|HP Percentage Mod: HP is shown in percentages
|rule|Endless Battle Clause: Forcing endless battles is banned
|rule|Species Clause: Limit one of each Pokémon
|rule|OHKO Clause: OHKO moves are banned
|rule|Evasion Items Clause: Evasion items are banned
|rule|Evasion Moves Clause: Evasion moves are banned
|rule|Evasion Abilities Clause: Evasion abilities are banned
|rule|Sleep Moves Clause: Sleep-inducing moves are banned
|clearpoke
|poke|p1|Heatran, M|
|poke|p1|Alomomola, M|
|poke|p1|Ogerpon-Wellspring, F|
|poke|p1|Gliscor, F|
|poke|p1|Great Tusk|
|poke|p1|Dragapult, M|
|poke|p2|Ribombee, M|
|poke|p2|Gholdengo|
|poke|p2|Dragonite, F|
|poke|p2|Darkrai|
|poke|p2|Primeape, F|
|poke|p2|Landorus-Therian, M|
|teampreview
|inactive|Battle timer is ON: inactive players will automatically lose when time's up. (requested by pipsquik)
|c|☆pipsquik|hf
|
|t:|1778508462
|teamsize|p1|6
|teamsize|p2|6
|start
|switch|p1a: Heatran|Heatran, M|100/100
|switch|p2a: Ribombee|Ribombee, M|100/100
|turn|1
|c|☆jhfsjdhfksjdhf|gl hf bro
|
|t:|1778508468
|move|p2a: Ribombee|Skill Swap|p1a: Heatran
|-activate|p2a: Ribombee|Skill Swap|Flash Fire|Shield Dust|[of] p1a: Heatran
|move|p1a: Heatran|Magma Storm|p2a: Ribombee
|-start|p2a: Ribombee|ability: Flash Fire
|
|upkeep
|turn|2
|
|t:|1778508475
|move|p2a: Ribombee|Stun Spore|p1a: Heatran
|-status|p1a: Heatran|par
|cant|p1a: Heatran|par
|
|upkeep
|turn|3
|
|t:|1778508479
|move|p2a: Ribombee|Sticky Web|p1a: Heatran
|-sidestart|p1: pipsquik|move: Sticky Web
|move|p1a: Heatran|Taunt|p2a: Ribombee
|-start|p2a: Ribombee|move: Taunt
|
|upkeep
|turn|4
|
|t:|1778508488
|-activate|p2a: Ribombee|move: Struggle
|move|p2a: Ribombee|Struggle|p1a: Heatran
|-damage|p1a: Heatran|95/100 par
|-damage|p2a: Ribombee|75/100|[from] recoil
|move|p1a: Heatran|Stealth Rock|p2a: Ribombee
|-sidestart|p2: jhfsjdhfksjdhf|move: Stealth Rock
|
|-heal|p1a: Heatran|100/100 par|[from] item: Leftovers
|upkeep
|turn|5
|
|t:|1778508492
|-activate|p2a: Ribombee|move: Struggle
|move|p2a: Ribombee|Struggle|p1a: Heatran
|-crit|p1a: Heatran
|-damage|p1a: Heatran|93/100 par
|-damage|p2a: Ribombee|50/100|[from] recoil
|move|p1a: Heatran|Earth Power|p2a: Ribombee
|-resisted|p2a: Ribombee
|-damage|p2a: Ribombee|28/100
|
|-heal|p1a: Heatran|99/100 par|[from] item: Leftovers
|upkeep
|turn|6
|
|t:|1778508496
|-activate|p2a: Ribombee|move: Struggle
|move|p2a: Ribombee|Struggle|p1a: Heatran
|-damage|p1a: Heatran|93/100 par
|-damage|p2a: Ribombee|3/100|[from] recoil
|move|p1a: Heatran|Earth Power|p2a: Ribombee
|-resisted|p2a: Ribombee
|-damage|p2a: Ribombee|0 fnt
|faint|p2a: Ribombee
|
|-heal|p1a: Heatran|99/100 par|[from] item: Leftovers
|upkeep
|
|t:|1778508511
|switch|p2a: Primeape|Primeape, F|100/100
|-damage|p2a: Primeape|95/100|[from] Stealth Rock
|turn|7
|
|t:|1778508518
|switch|p1a: Gliscor|Gliscor, F|100/100
|move|p2a: Primeape|Bulk Up|p2a: Primeape
|-boost|p2a: Primeape|atk|1
|-boost|p2a: Primeape|def|1
|
|-status|p1a: Gliscor|tox|[from] item: Toxic Orb
|upkeep
|turn|8
|
|t:|1778508523
|move|p2a: Primeape|Taunt|p1a: Gliscor
|-start|p1a: Gliscor|move: Taunt
|cant|p1a: Gliscor|move: Taunt|Toxic
|
|upkeep
|turn|9
|
|t:|1778508529
|switch|p1a: Dragapult|Dragapult, M|100/100
|move|p2a: Primeape|Bulk Up|p2a: Primeape
|-boost|p2a: Primeape|atk|1
|-boost|p2a: Primeape|def|1
|
|upkeep
|turn|10
|
|t:|1778508535
|move|p1a: Dragapult|Will-O-Wisp|p2a: Primeape
|-status|p2a: Primeape|brn
|move|p2a: Primeape|Rage Fist|p1a: Dragapult
|-supereffective|p1a: Dragapult
|-damage|p1a: Dragapult|65/100
|
|-damage|p2a: Primeape|89/100 brn|[from] brn
|upkeep
|turn|11
|
|t:|1778508547
|switch|p1a: Great Tusk|Great Tusk|100/100
|move|p2a: Primeape|Rage Fist|p1a: Great Tusk
|-damage|p1a: Great Tusk|92/100
|
|-damage|p2a: Primeape|83/100 brn|[from] brn
|upkeep
|turn|12
|
|t:|1778508558
|-terastallize|p2a: Primeape|Ghost
|move|p2a: Primeape|Bulk Up|p2a: Primeape
|-boost|p2a: Primeape|atk|1
|-boost|p2a: Primeape|def|1
|move|p1a: Great Tusk|Knock Off|p2a: Primeape
|-supereffective|p2a: Primeape
|-damage|p2a: Primeape|47/100 brn
|-enditem|p2a: Primeape|Eviolite|[from] move: Knock Off|[of] p1a: Great Tusk
|
|-damage|p2a: Primeape|41/100 brn|[from] brn
|upkeep
|turn|13
|
|t:|1778508565
|move|p2a: Primeape|Drain Punch|p1a: Great Tusk
|-damage|p1a: Great Tusk|68/100
|-heal|p2a: Primeape|58/100 brn|[from] drain|[of] p1a: Great Tusk
|move|p1a: Great Tusk|Headlong Rush|p2a: Primeape
|-damage|p2a: Primeape|7/100 brn
|-unboost|p1a: Great Tusk|def|1
|-unboost|p1a: Great Tusk|spd|1
|
|-damage|p2a: Primeape|1/100 brn|[from] brn
|upkeep
|turn|14
|
|t:|1778508580
|-end|p1a: Great Tusk|Protosynthesis|[silent]
|switch|p1a: Gliscor|Gliscor, F|100/100 tox
|move|p2a: Primeape|Rage Fist|p1a: Gliscor
|-damage|p1a: Gliscor|62/100 tox
|
|-heal|p1a: Gliscor|74/100 tox|[from] ability: Poison Heal
|-damage|p2a: Primeape|0 fnt|[from] brn
|faint|p2a: Primeape
|upkeep
|
|t:|1778508583
|switch|p2a: Darkrai|Darkrai|100/100
|-damage|p2a: Darkrai|88/100|[from] Stealth Rock
|turn|15
|
|t:|1778508591
|switch|p1a: Alomomola|Alomomola, M|100/100
|-activate|p1a: Alomomola|move: Sticky Web
|-unboost|p1a: Alomomola|spe|1
|move|p2a: Darkrai|Ice Beam|p1a: Alomomola
|-resisted|p1a: Alomomola
|-damage|p1a: Alomomola|89/100
|-damage|p2a: Darkrai|78/100|[from] item: Life Orb
|
|upkeep
|turn|16
|
|t:|1778508596
|move|p2a: Darkrai|Will-O-Wisp|p1a: Alomomola
|-status|p1a: Alomomola|brn
|move|p1a: Alomomola|Play Rough|p2a: Darkrai
|-supereffective|p2a: Darkrai
|-damage|p2a: Darkrai|57/100
|
|-damage|p1a: Alomomola|82/100 brn|[from] brn
|upkeep
|turn|17
|
|t:|1778508604
|move|p2a: Darkrai|Dark Pulse|p1a: Alomomola
|-damage|p1a: Alomomola|51/100 brn
|-damage|p2a: Darkrai|47/100|[from] item: Life Orb
|move|p1a: Alomomola|Flip Turn|p2a: Darkrai
|-damage|p2a: Darkrai|36/100
|
|t:|1778508609
|switch|p1a: Dragapult|Dragapult, M|65/100|[from] Flip Turn
|
|upkeep
|turn|18
|
|t:|1778508612
|move|p1a: Dragapult|U-turn|p2a: Darkrai
|-supereffective|p2a: Darkrai
|-crit|p2a: Darkrai
|-damage|p2a: Darkrai|0 fnt
|faint|p2a: Darkrai
|
|t:|1778508619
|switch|p1a: Ogerpon|Ogerpon-Wellspring, F|100/100|[from] U-turn
|-activate|p1a: Ogerpon|move: Sticky Web
|-unboost|p1a: Ogerpon|spe|1
|
|upkeep
|
|t:|1778508626
|switch|p2a: Landorus|Landorus-Therian, M|100/100
|-damage|p2a: Landorus|88/100|[from] Stealth Rock
|-ability|p2a: Landorus|Intimidate|boost
|-unboost|p1a: Ogerpon|atk|1
|turn|19
|
|t:|1778508633
|move|p2a: Landorus|U-turn|p1a: Ogerpon
|-supereffective|p1a: Ogerpon
|-damage|p1a: Ogerpon|29/100
|
|t:|1778508636
|switch|p2a: Gholdengo|Gholdengo|100/100|[from] U-turn
|-damage|p2a: Gholdengo|94/100|[from] Stealth Rock
|move|p1a: Ogerpon|Ivy Cudgel|p2a: Gholdengo|[anim] Ivy Cudgel Water
|-damage|p2a: Gholdengo|52/100
|
|upkeep
|turn|20
|
|t:|1778508640
|move|p2a: Gholdengo|Shadow Ball|p1a: Ogerpon
|-damage|p1a: Ogerpon|0 fnt
|faint|p1a: Ogerpon
|
|upkeep
|
|t:|1778508651
|switch|p1a: Heatran|Heatran, M|99/100 par
|-activate|p1a: Heatran|move: Sticky Web
|-unboost|p1a: Heatran|spe|1
|turn|21
|
|t:|1778508656
|switch|p2a: Landorus|Landorus-Therian, M|88/100
|-damage|p2a: Landorus|76/100|[from] Stealth Rock
|-ability|p2a: Landorus|Intimidate|boost
|-unboost|p1a: Heatran|atk|1
|move|p1a: Heatran|Magma Storm|p2a: Landorus
|-damage|p2a: Landorus|8/100
|-activate|p2a: Landorus|move: Magma Storm|[of] p1a: Heatran
|
|-heal|p1a: Heatran|100/100 par|[from] item: Leftovers
|-damage|p2a: Landorus|0 fnt|[from] move: Magma Storm|[partiallytrapped]
|faint|p2a: Landorus
|upkeep
|
|t:|1778508659
|switch|p2a: Dragonite|Dragonite, F|100/100
|turn|22
|
|t:|1778508663
|switch|p1a: Gliscor|Gliscor, F|74/100 tox
|move|p2a: Dragonite|Dragon Dance|p2a: Dragonite
|-boost|p2a: Dragonite|atk|1
|-boost|p2a: Dragonite|spe|1
|
|-heal|p1a: Gliscor|87/100 tox|[from] ability: Poison Heal
|upkeep
|turn|23
|
|t:|1778508680
|move|p2a: Dragonite|Ice Spinner|p1a: Gliscor
|-supereffective|p1a: Gliscor
|-damage|p1a: Gliscor|0 fnt
|faint|p1a: Gliscor
|
|upkeep
|
|t:|1778508683
|switch|p1a: Great Tusk|Great Tusk|68/100
|turn|24
|
|t:|1778508688
|-terastallize|p1a: Great Tusk|Ice
|move|p2a: Dragonite|Dragon Dance|p2a: Dragonite
|-boost|p2a: Dragonite|atk|1
|-boost|p2a: Dragonite|spe|1
|move|p1a: Great Tusk|Rapid Spin|p2a: Dragonite
|-damage|p2a: Dragonite|92/100
|-boost|p1a: Great Tusk|spe|1
|-sideend|p1: pipsquik|Sticky Web|[from] move: Rapid Spin|[of] p1a: Great Tusk
|
|upkeep
|turn|25
|
|t:|1778508697
|move|p2a: Dragonite|Earthquake|p1a: Great Tusk
|-damage|p1a: Great Tusk|8/100
|move|p1a: Great Tusk|Ice Spinner|p2a: Dragonite
|-supereffective|p2a: Dragonite
|-damage|p2a: Dragonite|0 fnt
|faint|p2a: Dragonite
|
|upkeep
|c|☆jhfsjdhfksjdhf|gg wp
|c|☆pipsquik|gg
|-message|jhfsjdhfksjdhf forfeited.
|
|win|pipsquik
|raw|pipsquik's rating: 1536 &rarr; <strong>1554</strong><br />(+18 for winning)
|raw|jhfsjdhfksjdhf's rating: 1504 &rarr; <strong>1486</strong><br />(-18 for losing)
|l|☆pipsquik
|player|p1|
|l|☆jhfsjdhfksjdhf
|player|p2|
