|html|<div class="broadcast-blue"><strong>[Gen 9] OU is currently suspecting Tera Blast! For information on how to participate check out the <a href="https://www.smogon.com/tools/suspects/view/200">suspect thread</a>.</strong></div>
|j|☆HIAFH
|j|☆kingteth
|t:|1776106915
|gametype|singles
|player|p1|HIAFH|ingo|1560
|player|p2|kingteth|1|1485
|gen|9
|tier|[Gen 9] OU
|rated|
|rule|HP Percentage Mod: HP is shown in percentages
|rule|Endless Battle Clause: Forcing endless battles is banned
|rule|Species Clause: Limit one of each Pokémon
|rule|OHKO Clause: OHKO moves are banned
|rule|Evasion Items Clause: Evasion items are banned
|rule|Evasion Moves Clause: Evasion moves are banned
|rule|Evasion Abilities Clause: Evasion abilities are banned
|rule|Sleep Moves Clause: Sleep-inducing moves are banned
|clearpoke
|poke|p1|Excadrill, M|
|poke|p1|Tyranitar, M|
|poke|p1|Hydrapple, M|
|poke|p1|Alomomola, M|
|poke|p1|Hatterene, F|
|poke|p1|Zapdos|
|poke|p2|Chansey, F|
|poke|p2|Pecharunt|
|poke|p2|Skeledirge, M|
|poke|p2|Weezing-Galar, M|
|poke|p2|Corviknight, F|
|poke|p2|Dondozo, F|
|teampreview
|
|t:|1776106943
|teamsize|p1|6
|teamsize|p2|6
|start
|switch|p1a: Zapdos|Zapdos|100/100
|switch|p2a: Weezing|Weezing-Galar, M|100/100
|-ability|p2a: Weezing|Neutralizing Gas
|turn|1
|inactive|Battle timer is ON: inactive players will automatically lose when time's up. (requested by kingteth)
|
|t:|1776106956
|move|p1a: Zapdos|Hurricane|p2a: Weezing
|-damage|p2a: Weezing|25/100
|-start|p2a: Weezing|confusion
|-activate|p2a: Weezing|confusion
|-damage|p2a: Weezing|19/100|[from] confusion
|
|-heal|p2a: Weezing|25/100|[from] item: Leftovers
|upkeep
|turn|2
|
|t:|1776106965
|-end|p2a: Weezing|ability: Neutralizing Gas
|switch|p2a: Chansey|Chansey, F|100/100
|move|p1a: Zapdos|Hurricane|p2a: Chansey
|-damage|p2a: Chansey|75/100
|-start|p2a: Chansey|confusion
|
|upkeep
|turn|3
|
|t:|1776106974
|switch|p1a: Hatterene|Hatterene, F|100/100
|-activate|p2a: Chansey|confusion
|move|p2a: Chansey|Seismic Toss|p1a: Hatterene
|-damage|p1a: Hatterene|69/100
|
|upkeep
|turn|4
|
|t:|1776106981
|switch|p2a: Weezing|Weezing-Galar, M|25/100
|-ability|p2a: Weezing|Neutralizing Gas
|move|p1a: Hatterene|Psyshock|p2a: Weezing
|-supereffective|p2a: Weezing
|-damage|p2a: Weezing|0 fnt
|faint|p2a: Weezing
|-end|p2a: Weezing|ability: Neutralizing Gas
|
|upkeep
|
|t:|1776106989
|switch|p2a: Pecharunt|Pecharunt|100/100
|turn|5
|
|t:|1776107000
|switch|p1a: Excadrill|Excadrill, M|100/100
|move|p2a: Pecharunt|Malignant Chain|p1a: Excadrill
|-immune|p1a: Excadrill
|
|upkeep
|turn|6
|
|t:|1776107012
|switch|p1a: Zapdos|Zapdos|100/100
|switch|p2a: Corviknight|Corviknight, F|100/100
|-ability|p2a: Corviknight|Pressure
|
|upkeep
|turn|7
|
|t:|1776107020
|switch|p2a: Chansey|Chansey, F|75/100
|move|p1a: Zapdos|Volt Switch|p2a: Chansey
|-damage|p2a: Chansey|59/100
|
|t:|1776107026
|switch|p1a: Tyranitar|Tyranitar, M|100/100|[from] Volt Switch
|-weather|Sandstorm|[from] ability: Sand Stream|[of] p1a: Tyranitar
|
|-weather|Sandstorm|[upkeep]
|-damage|p2a: Chansey|53/100|[from] Sandstorm
|upkeep
|turn|8
|
|t:|1776107035
|move|p1a: Tyranitar|Knock Off|p2a: Chansey
|-damage|p2a: Chansey|0 fnt
|-enditem|p2a: Chansey|Eviolite|[from] move: Knock Off|[of] p1a: Tyranitar
|faint|p2a: Chansey
|
|-weather|Sandstorm|[upkeep]
|upkeep
|-message|kingteth forfeited.
|
|win|HIAFH
|raw|HIAFH's rating: 1560 &rarr; <strong>1576</strong><br />(+16 for winning)
|raw|kingteth's rating: 1485 &rarr; <strong>1469</strong><br />(-16 for losing)
|l|☆kingteth
|player|p2|
