|html|<div class="broadcast-blue"><strong>[Gen 9] OU is currently suspecting Tera Blast! For information on how to participate check out the <a href="https://www.smogon.com/tools/suspects/view/200">suspect thread</a>.</strong></div>
|j|☆DampRockstar
|j|☆enmin
|t:|1776322257
|gametype|singles
|player|p1|DampRockstar|hoopster|1315
|player|p2|enmin|266|1313
|gen|9
|tier|[Gen 9] OU
|rated|
|rule|HP Percentage Mod: HP is shown in percentages
|rule|Endless Battle Clause: Forcing endless battles is banned
|rule|Species Clause: Limit one of each Pokémon
|rule|OHKO Clause: OHKO moves are banned
|rule|Evasion Items Clause: Evasion items are banned
|rule|Evasion Moves Clause: Evasion moves are banned
|rule|Evasion Abilities Clause: Evasion abilities are banned
|rule|Sleep Moves Clause: Sleep-inducing moves are banned
|clearpoke
|poke|p1|Cinderace, F|
|poke|p1|Kingambit, F|
|poke|p1|Iron Valiant|
|poke|p1|Gholdengo|
|poke|p1|Rotom-Wash|
|poke|p1|Great Tusk|
|poke|p2|Garchomp, M|
|poke|p2|Iron Moth|
|poke|p2|Hoopa-Unbound|
|poke|p2|Rotom-Wash|
|poke|p2|Corviknight, M|
|poke|p2|Clodsire, M|
|teampreview
|inactive|Battle timer is ON: inactive players will automatically lose when time's up. (requested by DampRockstar)
|
|t:|1776322268
|teamsize|p1|6
|teamsize|p2|6
|start
|switch|p1a: Rotom|Rotom-Wash, shiny|100/100
|switch|p2a: Rotom|Rotom-Wash|100/100
|turn|1
|
|t:|1776322277
|move|p2a: Rotom|Volt Switch|p1a: Rotom
|-damage|p1a: Rotom|81/100
|
|t:|1776322284
|switch|p2a: Garchomp|Garchomp, M|100/100|[from] Volt Switch
|move|p1a: Rotom|Hydro Pump|p2a: Garchomp
|-damage|p2a: Garchomp|57/100
|
|-heal|p1a: Rotom|87/100|[from] item: Leftovers
|upkeep
|turn|2
|
|t:|1776322292
|switch|p2a: Rotom|Rotom-Wash|100/100
|move|p1a: Rotom|Hydro Pump|p2a: Rotom
|-resisted|p2a: Rotom
|-damage|p2a: Rotom|79/100
|
|-heal|p1a: Rotom|93/100|[from] item: Leftovers
|-heal|p2a: Rotom|85/100|[from] item: Leftovers
|upkeep
|turn|3
|
|t:|1776322302
|move|p1a: Rotom|Volt Switch|p2a: Rotom
|-damage|p2a: Rotom|58/100
|
|t:|1776322305
|switch|p1a: Great Tusk|Great Tusk|100/100|[from] Volt Switch
|move|p2a: Rotom|Will-O-Wisp|p1a: Great Tusk
|-status|p1a: Great Tusk|brn
|
|-heal|p2a: Rotom|64/100|[from] item: Leftovers
|-damage|p1a: Great Tusk|94/100 brn|[from] brn
|upkeep
|turn|4
|
|t:|1776322311
|move|p2a: Rotom|Pain Split|p1a: Great Tusk
|-sethp|p1a: Great Tusk|70/100 brn|[from] move: Pain Split|[silent]
|-sethp|p2a: Rotom|99/100|[from] move: Pain Split
|move|p1a: Great Tusk|Stealth Rock|p2a: Rotom
|-sidestart|p2: enmin|move: Stealth Rock
|
|-heal|p2a: Rotom|100/100|[from] item: Leftovers
|-heal|p1a: Great Tusk|76/100 brn|[from] item: Leftovers
|-damage|p1a: Great Tusk|70/100 brn|[from] brn
|upkeep
|turn|5
|
|t:|1776322316
|move|p2a: Rotom|Hydro Pump|p1a: Great Tusk
|-supereffective|p1a: Great Tusk
|-damage|p1a: Great Tusk|0 fnt
|faint|p1a: Great Tusk
|-end|p1a: Great Tusk|Protosynthesis|[silent]
|
|upkeep
|
|t:|1776322329
|switch|p1a: Rotom|Rotom-Wash, shiny|93/100
|turn|6
|
|t:|1776322338
|move|p2a: Rotom|Will-O-Wisp|p1a: Rotom|[miss]
|-miss|p2a: Rotom|p1a: Rotom
|move|p1a: Rotom|Hydro Pump|p2a: Rotom
|-resisted|p2a: Rotom
|-damage|p2a: Rotom|78/100
|
|-heal|p2a: Rotom|84/100|[from] item: Leftovers
|-heal|p1a: Rotom|99/100|[from] item: Leftovers
|upkeep
|turn|7
|
|t:|1776322344
|move|p2a: Rotom|Will-O-Wisp|p1a: Rotom
|-status|p1a: Rotom|brn
|move|p1a: Rotom|Volt Switch|p2a: Rotom
|-damage|p2a: Rotom|57/100
|
|t:|1776322347
|switch|p1a: Cinderace|Cinderace, F, shiny|100/100|[from] Volt Switch
|
|-heal|p2a: Rotom|63/100|[from] item: Leftovers
|upkeep
|turn|8
|
|t:|1776322357
|switch|p1a: Rotom|Rotom-Wash, shiny|99/100 brn
|move|p2a: Rotom|Pain Split|p1a: Rotom
|-sethp|p1a: Rotom|81/100 brn|[from] move: Pain Split|[silent]
|-sethp|p2a: Rotom|80/100|[from] move: Pain Split
|
|-heal|p2a: Rotom|87/100|[from] item: Leftovers
|-heal|p1a: Rotom|87/100 brn|[from] item: Leftovers
|-damage|p1a: Rotom|81/100 brn|[from] brn
|upkeep
|turn|9
|
|t:|1776322368
|move|p1a: Rotom|Pain Split|p2a: Rotom
|-sethp|p2a: Rotom|83/100|[from] move: Pain Split|[silent]
|-sethp|p1a: Rotom|84/100 brn|[from] move: Pain Split
|move|p2a: Rotom|Hydro Pump|p1a: Rotom
|-resisted|p1a: Rotom
|-damage|p1a: Rotom|67/100 brn
|
|-heal|p2a: Rotom|90/100|[from] item: Leftovers
|-heal|p1a: Rotom|73/100 brn|[from] item: Leftovers
|-damage|p1a: Rotom|67/100 brn|[from] brn
|upkeep
|turn|10
|
|t:|1776322382
|switch|p2a: Garchomp|Garchomp, M|57/100
|-damage|p2a: Garchomp|51/100|[from] Stealth Rock
|move|p1a: Rotom|Volt Switch|p2a: Garchomp
|-immune|p2a: Garchomp
|
|-heal|p1a: Rotom|73/100 brn|[from] item: Leftovers
|-damage|p1a: Rotom|67/100 brn|[from] brn
|upkeep
|turn|11
|
|t:|1776322390
|move|p2a: Garchomp|Swords Dance|p2a: Garchomp
|-boost|p2a: Garchomp|atk|2
|move|p1a: Rotom|Pain Split|p2a: Garchomp
|-sethp|p2a: Garchomp|54/100|[from] move: Pain Split|[silent]
|-sethp|p1a: Rotom|64/100 brn|[from] move: Pain Split
|
|-heal|p1a: Rotom|70/100 brn|[from] item: Leftovers
|-damage|p1a: Rotom|64/100 brn|[from] brn
|upkeep
|turn|12
|
|t:|1776322395
|move|p2a: Garchomp|Scale Shot|p1a: Rotom
|-damage|p1a: Rotom|36/100 brn
|-damage|p1a: Rotom|9/100 brn
|-damage|p1a: Rotom|0 fnt
|faint|p1a: Rotom
|-hitcount|p1: Rotom|3
|-unboost|p2a: Garchomp|def|1
|-boost|p2a: Garchomp|spe|1
|
|upkeep
|
|t:|1776322399
|switch|p1a: Iron Valiant|Iron Valiant|100/100
|-enditem|p1a: Iron Valiant|Booster Energy
|-activate|p1a: Iron Valiant|ability: Quark Drive|[fromitem]
|-start|p1a: Iron Valiant|quarkdrivespe
|turn|13
|
|t:|1776322404
|switch|p2a: Clodsire|Clodsire, M|100/100
|-damage|p2a: Clodsire|94/100|[from] Stealth Rock
|move|p1a: Iron Valiant|Moonblast|p2a: Clodsire
|-resisted|p2a: Clodsire
|-damage|p2a: Clodsire|83/100
|-unboost|p2a: Clodsire|spa|1
|
|-heal|p2a: Clodsire|89/100|[from] item: Leftovers
|upkeep
|turn|14
|
|t:|1776322414
|-terastallize|p1a: Iron Valiant|Steel
|move|p1a: Iron Valiant|Calm Mind|p1a: Iron Valiant
|-boost|p1a: Iron Valiant|spa|1
|-boost|p1a: Iron Valiant|spd|1
|move|p2a: Clodsire|Stealth Rock|p1a: Iron Valiant
|-sidestart|p1: DampRockstar|move: Stealth Rock
|
|-heal|p2a: Clodsire|95/100|[from] item: Leftovers
|upkeep
|turn|15
|
|t:|1776322423
|move|p1a: Iron Valiant|Psyshock|p2a: Clodsire
|-supereffective|p2a: Clodsire
|-damage|p2a: Clodsire|32/100
|move|p2a: Clodsire|Earthquake|p1a: Iron Valiant
|-supereffective|p1a: Iron Valiant
|-damage|p1a: Iron Valiant|36/100
|
|-heal|p2a: Clodsire|38/100|[from] item: Leftovers
|upkeep
|turn|16
|
|t:|1776322444
|-terastallize|p2a: Clodsire|Flying
|move|p1a: Iron Valiant|Psyshock|p2a: Clodsire
|-damage|p2a: Clodsire|7/100
|move|p2a: Clodsire|Earthquake|p1a: Iron Valiant
|-supereffective|p1a: Iron Valiant
|-damage|p1a: Iron Valiant|0 fnt
|faint|p1a: Iron Valiant
|-end|p1a: Iron Valiant|Quark Drive|[silent]
|
|-heal|p2a: Clodsire|13/100|[from] item: Leftovers
|upkeep
|
|t:|1776322453
|switch|p1a: Cinderace|Cinderace, F, shiny|100/100
|turn|17
|
|t:|1776322458
|move|p1a: Cinderace|Pyro Ball|p2a: Clodsire|[miss]
|-miss|p1a: Cinderace|p2a: Clodsire
|move|p2a: Clodsire|Earthquake|p1a: Cinderace
|-supereffective|p1a: Cinderace
|-damage|p1a: Cinderace|17/100
|
|-heal|p2a: Clodsire|19/100|[from] item: Leftovers
|upkeep
|turn|18
|
|t:|1776322462
|move|p1a: Cinderace|Pyro Ball|p2a: Clodsire|[miss]
|-miss|p1a: Cinderace|p2a: Clodsire
|move|p2a: Clodsire|Earthquake|p1a: Cinderace
|-supereffective|p1a: Cinderace
|-damage|p1a: Cinderace|0 fnt
|faint|p1a: Cinderace
|
|-heal|p2a: Clodsire|25/100|[from] item: Leftovers
|upkeep
|
|t:|1776322465
|switch|p1a: Gholdengo|Gholdengo|100/100
|-damage|p1a: Gholdengo|94/100|[from] Stealth Rock
|-item|p1a: Gholdengo|Air Balloon
|turn|19
|
|t:|1776322470
|switch|p2a: Hoopa|Hoopa-Unbound|100/100
|-damage|p2a: Hoopa|88/100|[from] Stealth Rock
|move|p1a: Gholdengo|Shadow Ball|p2a: Hoopa
|-damage|p2a: Hoopa|47/100
|
|upkeep
|turn|20
|
|t:|1776322479
|move|p2a: Hoopa|Hyperspace Fury|p1a: Gholdengo
|-supereffective|p1a: Gholdengo
|-damage|p1a: Gholdengo|0 fnt
|-unboost|p2a: Hoopa|def|1
|-enditem|p1a: Gholdengo|Air Balloon
|faint|p1a: Gholdengo
|
|upkeep
|
|t:|1776322481
|switch|p1a: Kingambit|Kingambit, F|100/100
|-damage|p1a: Kingambit|94/100|[from] Stealth Rock
|-activate|p1a: Kingambit|ability: Supreme Overlord
|-start|p1a: Kingambit|fallen5|[silent]
|turn|21
|
|t:|1776322489
|switch|p2a: Clodsire|Clodsire, M, tera:Flying|25/100
|-damage|p2a: Clodsire|0 fnt|[from] Stealth Rock
|faint|p2a: Clodsire
|move|p1a: Kingambit|Iron Head|p2: Clodsire|[notarget]
|-fail|p1a: Kingambit
|
|upkeep
|
|t:|1776322492
|switch|p2a: Rotom|Rotom-Wash|90/100
|-damage|p2a: Rotom|77/100|[from] Stealth Rock
|turn|22
|
|t:|1776322496
|move|p2a: Rotom|Will-O-Wisp|p1a: Kingambit
|-status|p1a: Kingambit|brn
|move|p1a: Kingambit|Swords Dance|p1a: Kingambit
|-boost|p1a: Kingambit|atk|2
|
|-heal|p2a: Rotom|83/100|[from] item: Leftovers
|-damage|p1a: Kingambit|88/100 brn|[from] brn
|upkeep
|turn|23
|
|t:|1776322502
|move|p2a: Rotom|Hydro Pump|p1a: Kingambit
|-damage|p1a: Kingambit|46/100 brn
|move|p1a: Kingambit|Swords Dance|p1a: Kingambit
|-boost|p1a: Kingambit|atk|2
|
|-heal|p2a: Rotom|90/100|[from] item: Leftovers
|-damage|p1a: Kingambit|40/100 brn|[from] brn
|upkeep
|turn|24
|
|t:|1776322512
|move|p1a: Kingambit|Sucker Punch|p2a: Rotom
|-damage|p2a: Rotom|0 fnt
|faint|p2a: Rotom
|
|-damage|p1a: Kingambit|33/100 brn|[from] brn
|upkeep
|
|t:|1776322515
|switch|p2a: Hoopa|Hoopa-Unbound|47/100
|-damage|p2a: Hoopa|35/100|[from] Stealth Rock
|turn|25
|
|t:|1776322522
|move|p2a: Hoopa|Trick|p1a: Kingambit
|-activate|p2a: Hoopa|move: Trick|[of] p1a: Kingambit
|-item|p1a: Kingambit|Choice Scarf|[from] move: Trick
|-item|p2a: Hoopa|Black Glasses|[from] move: Trick
|move|p1a: Kingambit|Kowtow Cleave|p2a: Hoopa
|-damage|p2a: Hoopa|0 fnt
|faint|p2a: Hoopa
|
|-damage|p1a: Kingambit|27/100 brn|[from] brn
|upkeep
|
|t:|1776322531
|switch|p2a: Garchomp|Garchomp, M|54/100
|-damage|p2a: Garchomp|48/100|[from] Stealth Rock
|turn|26
|
|t:|1776322534
|move|p2a: Garchomp|Earthquake|p1a: Kingambit
|-supereffective|p1a: Kingambit
|-damage|p1a: Kingambit|0 fnt
|faint|p1a: Kingambit
|-end|p1a: Kingambit|fallen5|[silent]
|
|win|enmin
|raw|DampRockstar's rating: 1338 &rarr; <strong>1317</strong><br />(-21 for losing)
|raw|enmin's rating: 1313 &rarr; <strong>1334</strong><br />(+21 for winning)
|l|☆DampRockstar
|player|p1|
