|html|<div class="broadcast-blue"><strong>[Gen 9] OU is currently suspecting Tera Blast! For information on how to participate check out the <a href="https://www.smogon.com/tools/suspects/view/200">suspect thread</a>.</strong></div>
|j|☆plmqazplm
|j|☆no vale do fim
|t:|1776059585
|gametype|singles
|player|p1|plmqazplm|beauty-gen4dp|1070
|player|p2|no vale do fim|roxie|1073
|gen|9
|tier|[Gen 9] OU
|rated|
|rule|HP Percentage Mod: HP is shown in percentages
|rule|Endless Battle Clause: Forcing endless battles is banned
|rule|Species Clause: Limit one of each Pokémon
|rule|OHKO Clause: OHKO moves are banned
|rule|Evasion Items Clause: Evasion items are banned
|rule|Evasion Moves Clause: Evasion moves are banned
|rule|Evasion Abilities Clause: Evasion abilities are banned
|rule|Sleep Moves Clause: Sleep-inducing moves are banned
|clearpoke
|poke|p1|Gliscor, M|
|poke|p1|Conkeldurr, F|
|poke|p1|Bellibolt, F|
|poke|p1|Bastiodon, F|
|poke|p1|Incineroar, F|
|poke|p1|Mimikyu, M|
|poke|p2|Clawitzer, M|
|poke|p2|Kingambit, M|
|poke|p2|Hitmonlee, M|
|poke|p2|Galvantula, M|
|poke|p2|Krookodile, M|
|poke|p2|Chandelure, M|
|teampreview
|
|t:|1776059603
|teamsize|p1|6
|teamsize|p2|6
|start
|switch|p1a: Bellibolt|Bellibolt, F|100/100
|switch|p2a: Pernudo|Galvantula, M|100/100
|turn|1
|
|t:|1776059610
|move|p2a: Pernudo|Sticky Web|p1a: Bellibolt
|-sidestart|p1: plmqazplm|move: Sticky Web
|move|p1a: Bellibolt|Toxic|p2a: Pernudo
|-status|p2a: Pernudo|tox
|
|-damage|p2a: Pernudo|94/100 tox|[from] psn
|upkeep
|turn|2
|
|t:|1776059618
|move|p2a: Pernudo|Bug Buzz|p1a: Bellibolt
|-damage|p1a: Bellibolt|53/100
|move|p1a: Bellibolt|Muddy Water|p2a: Pernudo|[miss]
|-miss|p1a: Bellibolt|p2a: Pernudo
|
|-damage|p2a: Pernudo|82/100 tox|[from] psn
|upkeep
|turn|3
|
|t:|1776059627
|move|p2a: Pernudo|Bug Buzz|p1a: Bellibolt
|-damage|p1a: Bellibolt|7/100
|move|p1a: Bellibolt|Slack Off|p1a: Bellibolt
|-heal|p1a: Bellibolt|57/100
|
|-damage|p2a: Pernudo|64/100 tox|[from] psn
|upkeep
|turn|4
|
|t:|1776059635
|move|p2a: Pernudo|Bug Buzz|p1a: Bellibolt
|-damage|p1a: Bellibolt|6/100
|move|p1a: Bellibolt|Slack Off|p1a: Bellibolt
|-heal|p1a: Bellibolt|56/100
|
|-damage|p2a: Pernudo|40/100 tox|[from] psn
|upkeep
|turn|5
|
|t:|1776059644
|move|p2a: Pernudo|Bug Buzz|p1a: Bellibolt
|-damage|p1a: Bellibolt|9/100
|move|p1a: Bellibolt|Slack Off|p1a: Bellibolt
|-heal|p1a: Bellibolt|59/100
|
|-damage|p2a: Pernudo|10/100 tox|[from] psn
|upkeep
|turn|6
|
|t:|1776059653
|move|p2a: Pernudo|Bug Buzz|p1a: Bellibolt
|-damage|p1a: Bellibolt|13/100
|move|p1a: Bellibolt|Slack Off|p1a: Bellibolt
|-heal|p1a: Bellibolt|63/100
|
|-damage|p2a: Pernudo|0 fnt|[from] psn
|faint|p2a: Pernudo
|upkeep
|
|t:|1776059665
|switch|p2a: Lacoste|Krookodile, M|100/100
|turn|7
|
|t:|1776059669
|move|p2a: Lacoste|Fling|p1a: Bellibolt
|-damage|p1a: Bellibolt|59/100
|-start|p1a: Bellibolt|move: Focus Energy
|-enditem|p2a: Lacoste|Lansat Berry|[from] move: Fling
|move|p1a: Bellibolt|Slack Off|p1a: Bellibolt
|-heal|p1a: Bellibolt|100/100
|
|upkeep
|turn|8
|
|t:|1776059685
|move|p2a: Lacoste|Scale Shot|p1a: Bellibolt
|-damage|p1a: Bellibolt|94/100
|-damage|p1a: Bellibolt|88/100
|-damage|p1a: Bellibolt|81/100
|-hitcount|p1a: Bellibolt|3
|-unboost|p2a: Lacoste|def|1
|-boost|p2a: Lacoste|spe|1
|move|p1a: Bellibolt|Muddy Water|p2a: Lacoste
|-supereffective|p2a: Lacoste
|-crit|p2a: Lacoste
|-damage|p2a: Lacoste|0 fnt
|faint|p2a: Lacoste
|
|upkeep
|l|☆no vale do fim
|player|p2|
|j|☆no vale do fim
|player|p2|no vale do fim|roxie|
|
|t:|1776059721
|switch|p2a: Shadow|Chandelure, M|100/100
|turn|9
|
|t:|1776059726
|move|p2a: Shadow|Shadow Ball|p1a: Bellibolt
|-damage|p1a: Bellibolt|29/100
|move|p1a: Bellibolt|Muddy Water|p2a: Shadow
|-supereffective|p2a: Shadow
|-damage|p2a: Shadow|22/100
|-unboost|p2a: Shadow|accuracy|1
|
|upkeep
|turn|10
|
|t:|1776059734
|move|p2a: Shadow|Shadow Ball|p1a: Bellibolt
|-damage|p1a: Bellibolt|0 fnt
|faint|p1a: Bellibolt
|
|upkeep
|
|t:|1776059741
|switch|p1a: Incineroar|Incineroar, F, shiny|100/100
|-ability|p1a: Incineroar|Intimidate|boost
|-unboost|p2a: Shadow|atk|1
|turn|11
|
|t:|1776059748
|move|p2a: Shadow|Memento|p1a: Incineroar
|-unboost|p1a: Incineroar|atk|2
|-unboost|p1a: Incineroar|spa|2
|faint|p2a: Shadow
|move|p1a: Incineroar|Knock Off|p2: Shadow|[notarget]
|-fail|p1a: Incineroar
|
|upkeep
|
|t:|1776059764
|switch|p2a: Poseidon|Clawitzer, M|100/100
|turn|12
|
|t:|1776059770
|move|p2a: Poseidon|Water Pulse|p1a: Incineroar
|-supereffective|p1a: Incineroar
|-damage|p1a: Incineroar|0 fnt
|faint|p1a: Incineroar
|-damage|p2a: Poseidon|91/100|[from] item: Life Orb
|
|upkeep
|
|t:|1776059778
|switch|p1a: Gliscor|Gliscor, M|100/100
|turn|13
|
|t:|1776059791
|move|p2a: Poseidon|Water Pulse|p1a: Gliscor
|-supereffective|p1a: Gliscor
|-damage|p1a: Gliscor|0 fnt
|faint|p1a: Gliscor
|-damage|p2a: Poseidon|81/100|[from] item: Life Orb
|
|upkeep
|
|t:|1776059797
|switch|p1a: Mimikyu|Mimikyu, M|100/100
|-activate|p1a: Mimikyu|move: Sticky Web
|-unboost|p1a: Mimikyu|spe|1
|turn|14
|
|t:|1776059808
|-terastallize|p1a: Mimikyu|Ghost
|move|p2a: Poseidon|Water Pulse|p1a: Mimikyu
|-activate|p1a: Mimikyu|ability: Disguise
|-damage|p1a: Mimikyu|100/100
|detailschange|p1a: Mimikyu|Mimikyu-Busted, M, tera:Ghost
|-damage|p1a: Mimikyu|88/100|[from] pokemon: Mimikyu-Busted
|-enditem|p1a: Mimikyu|Red Card|[of] p2a: Poseidon
|drag|p2a: Rock lee|Hitmonlee, M, shiny|100/100
|move|p1a: Mimikyu|Shadow Claw|p2a: Rock lee
|-damage|p2a: Rock lee|8/100
|-enditem|p2a: Rock lee|Liechi Berry|[eat]
|-boost|p2a: Rock lee|atk|1|[from] item: Liechi Berry
|
|upkeep
|turn|15
|
|t:|1776059823
|move|p2a: Rock lee|Endure|p2a: Rock lee
|-singleturn|p2a: Rock lee|move: Endure
|move|p1a: Mimikyu|Shadow Claw|p2a: Rock lee
|-activate|p2a: Rock lee|move: Endure
|-damage|p2a: Rock lee|1/100
|
|upkeep
|turn|16
|
|t:|1776059830
|move|p2a: Rock lee|Knock Off|p1a: Mimikyu
|-supereffective|p1a: Mimikyu
|-damage|p1a: Mimikyu|10/100
|move|p1a: Mimikyu|Shadow Claw|p2a: Rock lee
|-damage|p2a: Rock lee|0 fnt
|faint|p2a: Rock lee
|
|upkeep
|
|t:|1776059840
|switch|p2a: Shogun|Kingambit, M|100/100
|turn|17
|
|t:|1776059843
|move|p2a: Shogun|Sucker Punch|p1a: Mimikyu
|-supereffective|p1a: Mimikyu
|-damage|p1a: Mimikyu|0 fnt
|faint|p1a: Mimikyu
|
|upkeep
|
|t:|1776059849
|switch|p1a: Bastiodon|Bastiodon, F|100/100
|-activate|p1a: Bastiodon|move: Sticky Web
|-unboost|p1a: Bastiodon|spe|1
|turn|18
|l|☆no vale do fim
|player|p2|
|j|☆no vale do fim
|player|p2|no vale do fim|roxie|
|
|t:|1776059891
|move|p2a: Shogun|Iron Head|p1a: Bastiodon
|-damage|p1a: Bastiodon|67/100
|cant|p1a: Bastiodon|flinch
|
|-heal|p1a: Bastiodon|73/100|[from] item: Leftovers
|upkeep
|turn|19
|
|t:|1776059899
|move|p2a: Shogun|Iron Head|p1a: Bastiodon
|-damage|p1a: Bastiodon|43/100
|cant|p1a: Bastiodon|flinch
|
|-heal|p1a: Bastiodon|49/100|[from] item: Leftovers
|upkeep
|turn|20
|
|t:|1776059913
|move|p1a: Bastiodon|Protect|p1a: Bastiodon
|-singleturn|p1a: Bastiodon|Protect
|move|p2a: Shogun|Iron Head|p1a: Bastiodon
|-activate|p1a: Bastiodon|move: Protect
|
|-heal|p1a: Bastiodon|55/100|[from] item: Leftovers
|upkeep
|turn|21
|
|t:|1776059921
|move|p2a: Shogun|Iron Head|p1a: Bastiodon
|-damage|p1a: Bastiodon|26/100
|move|p1a: Bastiodon|Iron Defense|p1a: Bastiodon
|-boost|p1a: Bastiodon|def|2
|
|-heal|p1a: Bastiodon|32/100|[from] item: Leftovers
|upkeep
|turn|22
|
|t:|1776059929
|move|p1a: Bastiodon|Protect|p1a: Bastiodon
|-singleturn|p1a: Bastiodon|Protect
|move|p2a: Shogun|Swords Dance|p2a: Shogun
|-boost|p2a: Shogun|atk|2
|
|-heal|p1a: Bastiodon|38/100|[from] item: Leftovers
|upkeep
|turn|23
|
|t:|1776059937
|move|p1a: Bastiodon|Protect||[still]
|-fail|p1a: Bastiodon
|move|p2a: Shogun|Iron Head|p1a: Bastiodon
|-damage|p1a: Bastiodon|8/100
|
|-heal|p1a: Bastiodon|14/100|[from] item: Leftovers
|upkeep
|turn|24
|
|t:|1776059945
|move|p2a: Shogun|Iron Head|p1a: Bastiodon
|-damage|p1a: Bastiodon|0 fnt
|faint|p1a: Bastiodon
|
|upkeep
|
|t:|1776059950
|switch|p1a: Conkeldurr|Conkeldurr, F|100/100
|-activate|p1a: Conkeldurr|move: Sticky Web
|-unboost|p1a: Conkeldurr|spe|1
|turn|25
|
|t:|1776059960
|move|p2a: Shogun|Iron Head|p1a: Conkeldurr
|-damage|p1a: Conkeldurr|12/100
|move|p1a: Conkeldurr|Facade|p2a: Shogun
|-resisted|p2a: Shogun
|-damage|p2a: Shogun|92/100
|
|-heal|p2a: Shogun|99/100|[from] item: Leftovers
|-status|p1a: Conkeldurr|brn|[from] item: Flame Orb
|upkeep
|turn|26
|
|t:|1776059972
|move|p2a: Shogun|Iron Head|p1a: Conkeldurr
|-damage|p1a: Conkeldurr|0 fnt
|faint|p1a: Conkeldurr
|
|win|no vale do fim
|raw|plmqazplm's rating: 1070 &rarr; <strong>1050</strong><br />(-20 for losing)
|raw|no vale do fim's rating: 1073 &rarr; <strong>1102</strong><br />(+29 for winning)
|l|☆plmqazplm
|player|p1|
|l|☆no vale do fim
|player|p2|
