|html|<div class="broadcast-blue"><strong>[Gen 9] OU is currently suspecting Tera Blast! For information on how to participate check out the <a href="https://www.smogon.com/tools/suspects/view/200">suspect thread</a>.</strong></div>
|j|☆forsakenlog
|j|☆monocyne
|t:|1776142933
|gametype|singles
|player|p1|forsakenlog|169|1251
|player|p2|monocyne|266|1222
|gen|9
|tier|[Gen 9] OU
|rated|
|rule|HP Percentage Mod: HP is shown in percentages
|rule|Endless Battle Clause: Forcing endless battles is banned
|rule|Species Clause: Limit one of each Pokémon
|rule|OHKO Clause: OHKO moves are banned
|rule|Evasion Items Clause: Evasion items are banned
|rule|Evasion Moves Clause: Evasion moves are banned
|rule|Evasion Abilities Clause: Evasion abilities are banned
|rule|Sleep Moves Clause: Sleep-inducing moves are banned
|clearpoke
|poke|p1|Ogerpon-Wellspring, F|
|poke|p1|Gliscor, M|
|poke|p1|Kingambit, F|
|poke|p1|Glimmora, F|
|poke|p1|Gholdengo|
|poke|p1|Slowking-Galar, M|
|poke|p2|Galvantula, F|
|poke|p2|Skarmory, M|
|poke|p2|Zamazenta-*|
|poke|p2|Alomomola, F|
|poke|p2|Slowking-Galar, M|
|poke|p2|Great Tusk|
|teampreview
|inactive|Battle timer is ON: inactive players will automatically lose when time's up. (requested by forsakenlog)
|
|t:|1776142956
|teamsize|p1|6
|teamsize|p2|6
|start
|switch|p1a: Ogerpon|Ogerpon-Wellspring, F|100/100
|switch|p2a: Great Tusk|Great Tusk|100/100
|turn|1
|
|t:|1776142970
|-end|p2a: Great Tusk|Protosynthesis|[silent]
|switch|p2a: Galvantula|Galvantula, F, shiny|100/100
|move|p1a: Ogerpon|Ivy Cudgel|p2a: Galvantula|[anim] Ivy Cudgel Water
|-crit|p2a: Galvantula
|-enditem|p2a: Galvantula|Focus Sash
|-damage|p2a: Galvantula|1/100
|
|upkeep
|turn|2
|
|t:|1776142993
|switch|p2a: Slowking|Slowking-Galar, M|100/100
|move|p1a: Ogerpon|Ivy Cudgel|p2a: Slowking|[anim] Ivy Cudgel Water
|-damage|p2a: Slowking|40/100
|
|upkeep
|turn|3
|
|t:|1776142998
|move|p1a: Ogerpon|Ivy Cudgel|p2a: Slowking|[anim] Ivy Cudgel Water
|-damage|p2a: Slowking|0 fnt
|faint|p2a: Slowking
|
|upkeep
|
|t:|1776143002
|switch|p2a: Skarmory|Skarmory, M|100/100
|turn|4
|
|t:|1776143007
|move|p1a: Ogerpon|U-turn|p2a: Skarmory
|-resisted|p2a: Skarmory
|-damage|p2a: Skarmory|97/100
|-damage|p1a: Ogerpon|84/100|[from] item: Rocky Helmet|[of] p2a: Skarmory
|
|t:|1776143019
|switch|p1a: Gliscor|Gliscor, M|100/100|[from] U-turn
|move|p2a: Skarmory|Brave Bird|p1a: Gliscor
|-damage|p1a: Gliscor|79/100
|-damage|p2a: Skarmory|89/100|[from] Recoil
|
|-status|p1a: Gliscor|tox|[from] item: Toxic Orb
|upkeep
|turn|5
|
|t:|1776143029
|move|p1a: Gliscor|Stealth Rock|p2a: Skarmory
|-sidestart|p2: monocyne|move: Stealth Rock
|move|p2a: Skarmory|Spikes|p1a: Gliscor
|-sidestart|p1: forsakenlog|Spikes
|
|-heal|p1a: Gliscor|91/100 tox|[from] ability: Poison Heal
|upkeep
|turn|6
|
|t:|1776143038
|switch|p1a: Slowking|Slowking-Galar, M|100/100
|move|p2a: Skarmory|Spikes|p1a: Slowking
|-sidestart|p1: forsakenlog|Spikes
|
|upkeep
|turn|7
|
|t:|1776143045
|move|p1a: Slowking|Future Sight|p2a: Skarmory
|-start|p1a: Slowking|move: Future Sight
|move|p2a: Skarmory|Whirlwind|p1a: Slowking
|drag|p1a: Ogerpon|Ogerpon-Wellspring, F|84/100
|-damage|p1a: Ogerpon|67/100|[from] Spikes
|
|upkeep
|turn|8
|
|t:|1776143068
|-terastallize|p1a: Ogerpon|Water
|detailschange|p1a: Ogerpon|Ogerpon-Wellspring-Tera, F, tera:Water
|-ability|p1a: Ogerpon|Embody Aspect (Wellspring)|boost
|-boost|p1a: Ogerpon|spd|1
|move|p1a: Ogerpon|Swords Dance|p1a: Ogerpon
|-boost|p1a: Ogerpon|atk|2
|move|p2a: Skarmory|Spikes|p1a: Ogerpon
|-sidestart|p1: forsakenlog|Spikes
|
|upkeep
|turn|9
|
|t:|1776143079
|move|p1a: Ogerpon|Ivy Cudgel|p2a: Skarmory|[anim] Ivy Cudgel Water
|-damage|p2a: Skarmory|0 fnt
|faint|p2a: Skarmory
|
|-hint|Future Sight did not hit because the target is fainted.
|upkeep
|
|t:|1776143096
|switch|p2a: Zamazenta|Zamazenta|100/100
|-damage|p2a: Zamazenta|94/100|[from] Stealth Rock
|-ability|p2a: Zamazenta|Dauntless Shield|boost
|-boost|p2a: Zamazenta|def|1
|turn|10
|
|t:|1776143107
|switch|p1a: Gliscor|Gliscor, M|91/100 tox
|move|p2a: Zamazenta|Roar|p1a: Gliscor
|drag|p1a: Slowking|Slowking-Galar, M|100/100
|
|-heal|p2a: Zamazenta|100/100|[from] item: Leftovers
|upkeep
|turn|11
|
|t:|1776143119
|move|p2a: Zamazenta|Crunch|p1a: Slowking
|-supereffective|p1a: Slowking
|-damage|p1a: Slowking|54/100
|move|p1a: Slowking|Thunder Wave|p2a: Zamazenta
|-status|p2a: Zamazenta|par
|
|upkeep
|turn|12
|
|t:|1776143128
|move|p2a: Zamazenta|Crunch|p1a: Slowking
|-supereffective|p1a: Slowking
|-damage|p1a: Slowking|7/100
|move|p1a: Slowking|Future Sight|p2a: Zamazenta
|-start|p1a: Slowking|move: Future Sight
|
|upkeep
|turn|13
|
|t:|1776143139
|switch|p1a: Glimmora|Glimmora, F|100/100
|-damage|p1a: Glimmora|76/100|[from] Spikes
|move|p2a: Zamazenta|Crunch|p1a: Glimmora
|-damage|p1a: Glimmora|47/100
|-unboost|p1a: Glimmora|def|1
|-activate|p1a: Glimmora|ability: Toxic Debris
|-sidestart|p2: monocyne|move: Toxic Spikes
|
|upkeep
|turn|14
|
|t:|1776143144
|move|p1a: Glimmora|Mortal Spin|p2a: Zamazenta
|-damage|p2a: Zamazenta|97/100 par
|-sideend|p1: forsakenlog|Spikes|[from] move: Mortal Spin|[of] p1a: Glimmora
|move|p2a: Zamazenta|Roar|p1a: Glimmora
|drag|p1a: Gholdengo|Gholdengo|100/100
|-item|p1a: Gholdengo|Air Balloon
|
|-end|p2a: Zamazenta|move: Future Sight
|-supereffective|p2a: Zamazenta
|-damage|p2a: Zamazenta|32/100 par
|-heal|p2a: Zamazenta|38/100 par|[from] item: Leftovers
|upkeep
|turn|15
|
|t:|1776143156
|switch|p1a: Glimmora|Glimmora, F|47/100
|cant|p2a: Zamazenta|par
|
|-heal|p2a: Zamazenta|44/100 par|[from] item: Leftovers
|upkeep
|turn|16
|
|t:|1776143165
|move|p1a: Glimmora|Earth Power|p2a: Zamazenta
|-damage|p2a: Zamazenta|20/100 par
|cant|p2a: Zamazenta|par
|
|-heal|p2a: Zamazenta|27/100 par|[from] item: Leftovers
|upkeep
|turn|17
|
|t:|1776143169
|move|p1a: Glimmora|Earth Power|p2a: Zamazenta
|-damage|p2a: Zamazenta|0 fnt
|faint|p2a: Zamazenta
|
|upkeep
|
|t:|1776143172
|switch|p2a: Alomomola|Alomomola, F|100/100
|turn|18
|
|t:|1776143175
|move|p1a: Glimmora|Mortal Spin|p2a: Alomomola
|-damage|p2a: Alomomola|98/100
|-status|p2a: Alomomola|psn
|move|p2a: Alomomola|Scald|p1a: Glimmora
|-supereffective|p1a: Glimmora
|-damage|p1a: Glimmora|10/100
|-status|p1a: Glimmora|brn
|
|-damage|p2a: Alomomola|85/100 psn|[from] psn
|-damage|p1a: Glimmora|3/100 brn|[from] brn
|upkeep
|turn|19
|
|t:|1776143186
|move|p1a: Glimmora|Power Gem|p2a: Alomomola
|-damage|p2a: Alomomola|33/100 psn
|move|p2a: Alomomola|Flip Turn|p1a: Glimmora
|-supereffective|p1a: Glimmora
|-damage|p1a: Glimmora|0 fnt
|-activate|p1a: Glimmora|ability: Toxic Debris
|-sidestart|p2: monocyne|move: Toxic Spikes
|faint|p1a: Glimmora
|
|t:|1776143190
|switch|p2a: Great Tusk|Great Tusk|100/100|[from] Flip Turn
|-damage|p2a: Great Tusk|98/100|[from] Stealth Rock
|-status|p2a: Great Tusk|tox
|
|-damage|p2a: Great Tusk|91/100 tox|[from] psn
|upkeep
|
|t:|1776143192
|switch|p1a: Ogerpon|Ogerpon-Wellspring-Tera, F, tera:Water|67/100
|-ability|p1a: Ogerpon|Embody Aspect (Wellspring)|boost
|-boost|p1a: Ogerpon|spd|1
|turn|20
|
|t:|1776143196
|move|p1a: Ogerpon|Ivy Cudgel|p2a: Great Tusk|[anim] Ivy Cudgel Water
|-supereffective|p2a: Great Tusk
|-damage|p2a: Great Tusk|0 fnt
|faint|p2a: Great Tusk
|-end|p2a: Great Tusk|Protosynthesis|[silent]
|
|upkeep
|
|t:|1776143202
|switch|p2a: Alomomola|Alomomola, F|67/100 psn
|turn|21
|
|t:|1776143207
|move|p1a: Ogerpon|Taunt|p2a: Alomomola
|-start|p2a: Alomomola|move: Taunt
|move|p2a: Alomomola|Scald|p1a: Ogerpon
|-resisted|p1a: Ogerpon
|-damage|p1a: Ogerpon|62/100
|
|-damage|p2a: Alomomola|54/100 psn|[from] psn
|upkeep
|turn|22
|
|t:|1776143216
|move|p1a: Ogerpon|U-turn|p2a: Alomomola
|-damage|p2a: Alomomola|38/100 psn
|
|t:|1776143218
|switch|p1a: Slowking|Slowking-Galar, M|40/100|[from] U-turn
|move|p2a: Alomomola|Scald|p1a: Slowking
|-damage|p1a: Slowking|32/100
|
|-damage|p2a: Alomomola|26/100 psn|[from] psn
|upkeep
|turn|23
|
|t:|1776143227
|move|p2a: Alomomola|Scald|p1a: Slowking
|-damage|p1a: Slowking|24/100
|-prepare|p1a: Slowking|Chilly Reception|[premajor]
|move|p1a: Slowking|Chilly Reception|p1a: Slowking
|-weather|Snowscape
|
|t:|1776143231
|switch|p1a: Ogerpon|Ogerpon-Wellspring-Tera, F, tera:Water|62/100|[from] Chilly Reception
|-ability|p1a: Ogerpon|Embody Aspect (Wellspring)|boost
|-boost|p1a: Ogerpon|spd|1
|
|-weather|Snowscape|[upkeep]
|-damage|p2a: Alomomola|14/100 psn|[from] psn
|-end|p2a: Alomomola|move: Taunt
|upkeep
|turn|24
|
|t:|1776143239
|move|p1a: Ogerpon|U-turn|p2a: Alomomola
|-damage|p2a: Alomomola|0 fnt
|faint|p2a: Alomomola
|c|☆forsakenlog|gg
|
|t:|1776143243
|switch|p1a: Slowking|Slowking-Galar, M|57/100|[from] U-turn
|
|-weather|Snowscape|[upkeep]
|upkeep
|
|t:|1776143248
|switch|p2a: Galvantula|Galvantula, F, shiny|1/100
|-damage|p2a: Galvantula|0 fnt|[from] Stealth Rock
|faint|p2a: Galvantula
|
|win|forsakenlog
|raw|forsakenlog's rating: 1251 &rarr; <strong>1274</strong><br />(+23 for winning)
|raw|monocyne's rating: 1222 &rarr; <strong>1199</strong><br />(-23 for losing)
