|html|<div class="broadcast-blue"><strong>[Gen 9] OU is currently suspecting Tera Blast! For information on how to participate check out the <a href="https://www.smogon.com/tools/suspects/view/200">suspect thread</a>.</strong></div>
|j|☆GODKUD
|j|☆coobykins
|t:|1776043509
|gametype|singles
|player|p1|GODKUD|ghetsis-gen5bw|1422
|player|p2|coobykins|266|1430
|gen|9
|tier|[Gen 9] OU
|rated|
|rule|HP Percentage Mod: HP is shown in percentages
|rule|Endless Battle Clause: Forcing endless battles is banned
|rule|Species Clause: Limit one of each Pokémon
|rule|OHKO Clause: OHKO moves are banned
|rule|Evasion Items Clause: Evasion items are banned
|rule|Evasion Moves Clause: Evasion moves are banned
|rule|Evasion Abilities Clause: Evasion abilities are banned
|rule|Sleep Moves Clause: Sleep-inducing moves are banned
|clearpoke
|poke|p1|Feraligatr, F|
|poke|p1|Conkeldurr, M|
|poke|p1|Rampardos, F|
|poke|p1|Haxorus, F|
|poke|p1|Deoxys-Speed|
|poke|p1|Tornadus-Therian, M|
|poke|p2|Great Tusk|
|poke|p2|Heatran, M|
|poke|p2|Gholdengo|
|poke|p2|Ogerpon-Wellspring, F|
|poke|p2|Iron Valiant|
|poke|p2|Dragapult, F|
|teampreview
|inactive|Battle timer is ON: inactive players will automatically lose when time's up. (requested by GODKUD)
|
|t:|1776043533
|teamsize|p1|6
|teamsize|p2|6
|start
|switch|p1a: Deoxys|Deoxys-Speed|100/100
|switch|p2a: Ogerpon|Ogerpon-Wellspring, F|100/100
|-ability|p1a: Deoxys|Pressure
|turn|1
|
|t:|1776043551
|move|p1a: Deoxys|Taunt|p2a: Ogerpon
|-start|p2a: Ogerpon|move: Taunt
|move|p2a: Ogerpon|Knock Off|p1a: Deoxys
|-supereffective|p1a: Deoxys
|-damage|p1a: Deoxys|11/100
|-enditem|p1a: Deoxys|Light Clay|[from] move: Knock Off|[of] p2a: Ogerpon
|
|upkeep
|turn|2
|
|t:|1776043560
|switch|p2a: Gholdengo|Gholdengo|100/100
|-item|p2a: Gholdengo|Air Balloon
|move|p1a: Deoxys|Stealth Rock|p2a: Gholdengo
|-sidestart|p2: coobykins|move: Stealth Rock
|
|upkeep
|turn|3
|
|t:|1776043570
|move|p1a: Deoxys|Light Screen|p1a: Deoxys
|-sidestart|p1: GODKUD|move: Light Screen
|move|p2a: Gholdengo|Nasty Plot|p2a: Gholdengo
|-boost|p2a: Gholdengo|spa|2
|
|upkeep
|turn|4
|
|t:|1776043578
|switch|p1a: Tornadus|Tornadus-Therian, M|100/100
|move|p2a: Gholdengo|Shadow Ball|p1a: Tornadus
|-damage|p1a: Tornadus|50/100
|
|upkeep
|turn|5
|
|t:|1776043585
|move|p1a: Tornadus|Heat Wave|p2a: Gholdengo
|-supereffective|p2a: Gholdengo
|-damage|p2a: Gholdengo|22/100
|-enditem|p2a: Gholdengo|Air Balloon
|-damage|p1a: Tornadus|40/100|[from] item: Life Orb
|move|p2a: Gholdengo|Shadow Ball|p1a: Tornadus
|-damage|p1a: Tornadus|0 fnt
|faint|p1a: Tornadus
|
|upkeep
|
|t:|1776043596
|switch|p1a: Haxorus|Haxorus, F|100/100
|-ability|p1a: Haxorus|Mold Breaker
|turn|6
|
|t:|1776043602
|move|p1a: Haxorus|Earthquake|p2a: Gholdengo
|-supereffective|p2a: Gholdengo
|-damage|p2a: Gholdengo|0 fnt
|faint|p2a: Gholdengo
|
|upkeep
|
|t:|1776043609
|switch|p2a: Great Tusk|Great Tusk|100/100
|-damage|p2a: Great Tusk|98/100|[from] Stealth Rock
|turn|7
|
|t:|1776043618
|move|p1a: Haxorus|Scale Shot|p2a: Great Tusk
|-damage|p2a: Great Tusk|88/100
|-damage|p2a: Great Tusk|79/100
|-damage|p2a: Great Tusk|70/100
|-damage|p2a: Great Tusk|61/100
|-damage|p2a: Great Tusk|53/100
|-hitcount|p2a: Great Tusk|5
|-unboost|p1a: Haxorus|def|1
|-boost|p1a: Haxorus|spe|1
|move|p2a: Great Tusk|Rapid Spin|p1a: Haxorus
|-damage|p1a: Haxorus|75/100
|-boost|p2a: Great Tusk|spe|1
|-sideend|p2: coobykins|Stealth Rock|[from] move: Rapid Spin|[of] p2a: Great Tusk
|
|-sideend|p1: GODKUD|move: Light Screen
|upkeep
|turn|8
|
|t:|1776043629
|move|p1a: Haxorus|Scale Shot|p2a: Great Tusk
|-damage|p2a: Great Tusk|43/100
|-damage|p2a: Great Tusk|34/100
|-damage|p2a: Great Tusk|25/100
|-damage|p2a: Great Tusk|15/100
|-hitcount|p2a: Great Tusk|4
|-unboost|p1a: Haxorus|def|1
|-boost|p1a: Haxorus|spe|1
|move|p2a: Great Tusk|Ice Spinner|p1a: Haxorus
|-supereffective|p1a: Haxorus
|-damage|p1a: Haxorus|0 fnt
|faint|p1a: Haxorus
|
|upkeep
|
|t:|1776043640
|switch|p1a: Deoxys|Deoxys-Speed|11/100
|-ability|p1a: Deoxys|Pressure
|turn|9
|
|t:|1776043645
|move|p1a: Deoxys|Reflect|p1a: Deoxys
|-sidestart|p1: GODKUD|Reflect
|move|p2a: Great Tusk|Rapid Spin|p1a: Deoxys
|-damage|p1a: Deoxys|2/100
|-boost|p2a: Great Tusk|spe|1
|
|upkeep
|turn|10
|
|t:|1776043650
|move|p2a: Great Tusk|Knock Off|p1a: Deoxys
|-supereffective|p1a: Deoxys
|-damage|p1a: Deoxys|0 fnt
|faint|p1a: Deoxys
|
|upkeep
|
|t:|1776043655
|switch|p1a: Rampardos|Rampardos, F|100/100
|-ability|p1a: Rampardos|Mold Breaker
|turn|11
|
|t:|1776043661
|move|p2a: Great Tusk|Headlong Rush|p1a: Rampardos
|-supereffective|p1a: Rampardos
|-damage|p1a: Rampardos|27/100
|-unboost|p2a: Great Tusk|def|1
|-unboost|p2a: Great Tusk|spd|1
|move|p1a: Rampardos|Trailblaze|p2a: Great Tusk
|-supereffective|p2a: Great Tusk
|-damage|p2a: Great Tusk|0 fnt
|-boost|p1a: Rampardos|spe|1
|-damage|p1a: Rampardos|10/100|[from] item: Rocky Helmet|[of] p2a: Great Tusk
|-enditem|p1a: Rampardos|Salac Berry|[eat]
|-boost|p1a: Rampardos|spe|1|[from] item: Salac Berry
|faint|p2a: Great Tusk
|-end|p2a: Great Tusk|Protosynthesis|[silent]
|
|upkeep
|
|t:|1776043683
|switch|p2a: Iron Valiant|Iron Valiant|100/100
|-enditem|p2a: Iron Valiant|Booster Energy
|-activate|p2a: Iron Valiant|ability: Quark Drive|[fromitem]
|-start|p2a: Iron Valiant|quarkdrivespe
|turn|12
|
|t:|1776043698
|move|p2a: Iron Valiant|Moonblast|p1a: Rampardos
|-damage|p1a: Rampardos|0 fnt
|faint|p1a: Rampardos
|
|upkeep
|
|t:|1776043717
|switch|p1a: Feraligatr|Feraligatr, F|100/100
|turn|13
|
|t:|1776043729
|move|p2a: Iron Valiant|Moonblast|p1a: Feraligatr
|-damage|p1a: Feraligatr|42/100
|move|p1a: Feraligatr|Liquidation|p2a: Iron Valiant
|-damage|p2a: Iron Valiant|4/100
|
|-sideend|p1: GODKUD|Reflect
|upkeep
|turn|14
|
|t:|1776043736
|move|p2a: Iron Valiant|Moonblast|p1a: Feraligatr
|-damage|p1a: Feraligatr|0 fnt
|faint|p1a: Feraligatr
|
|upkeep
|
|t:|1776043738
|switch|p1a: Conkeldurr|Conkeldurr, M|100/100
|turn|15
|
|t:|1776043747
|-terastallize|p2a: Iron Valiant|Ghost
|move|p1a: Conkeldurr|Mach Punch|p2a: Iron Valiant
|-immune|p2a: Iron Valiant
|move|p2a: Iron Valiant|Moonblast|p1a: Conkeldurr
|-supereffective|p1a: Conkeldurr
|-damage|p1a: Conkeldurr|0 fnt
|faint|p1a: Conkeldurr
|
|win|coobykins
|raw|GODKUD's rating: 1422 &rarr; <strong>1402</strong><br />(-20 for losing)
|raw|coobykins's rating: 1430 &rarr; <strong>1450</strong><br />(+20 for winning)
|c|☆GODKUD|fuck tera ghos
|n|‽GODKUD|godkud
|c|~|/log GODKUD was locked from talking by Artemis. (☆GODKUD: fuck tera ghos)
|c|~|/raw <small>This action was done automatically. Want to learn more about the AI? <a href="https://www.smogon.com/forums/threads/3570628/#post-9056769">Visit the information thread</a>.</small>
|l|‽GODKUD
|player|p1|
