|html|<div class="broadcast-blue"><strong>[Gen 9] OU is currently suspecting Tera Blast! For information on how to participate check out the <a href="https://www.smogon.com/tools/suspects/view/200">suspect thread</a>.</strong></div>
|j|☆TracerBuzz
|j|☆zucca10
|t:|1776054430
|gametype|singles
|player|p1|TracerBuzz|170|1122
|player|p2|zucca10|zinzolin|1152
|gen|9
|tier|[Gen 9] OU
|rated|
|rule|HP Percentage Mod: HP is shown in percentages
|rule|Endless Battle Clause: Forcing endless battles is banned
|rule|Species Clause: Limit one of each Pokémon
|rule|OHKO Clause: OHKO moves are banned
|rule|Evasion Items Clause: Evasion items are banned
|rule|Evasion Moves Clause: Evasion moves are banned
|rule|Evasion Abilities Clause: Evasion abilities are banned
|rule|Sleep Moves Clause: Sleep-inducing moves are banned
|clearpoke
|poke|p1|Rampardos, F|
|poke|p1|Clodsire, F|
|poke|p1|Hitmonlee, M|
|poke|p1|Cinderace, F|
|poke|p1|Salazzle, F|
|poke|p1|Latias, F|
|poke|p2|Ambipom, F|
|poke|p2|Kyurem|
|poke|p2|Landorus-Therian, M|
|poke|p2|Garganacl, M|
|poke|p2|Dragapult, M|
|poke|p2|Alomomola, M|
|teampreview
|
|t:|1776054448
|teamsize|p1|6
|teamsize|p2|6
|start
|switch|p1a: Latias|Latias, F|100/100
|switch|p2a: Landorus|Landorus-Therian, M|100/100
|-ability|p2a: Landorus|Intimidate|boost
|-unboost|p1a: Latias|atk|1
|turn|1
|inactive|Battle timer is ON: inactive players will automatically lose when time's up. (requested by TracerBuzz)
|inactive|zucca10 also wants the timer to be on.
|
|t:|1776054458
|move|p2a: Landorus|U-turn|p1a: Latias
|-supereffective|p1a: Latias
|-damage|p1a: Latias|37/100
|
|t:|1776054468
|switch|p2a: Ambipom|Ambipom, F|100/100|[from] U-turn
|move|p1a: Latias|Ice Beam|p2a: Ambipom
|-damage|p2a: Ambipom|41/100
|-damage|p1a: Latias|27/100|[from] item: Life Orb
|
|upkeep
|turn|2
|
|t:|1776054483
|switch|p1a: Cinderace|Cinderace, F|100/100
|move|p2a: Ambipom|Fake Out|p1a: Cinderace
|-damage|p1a: Cinderace|53/100
|
|upkeep
|turn|3
|
|t:|1776054506
|switch|p2a: Landorus|Landorus-Therian, M|100/100
|-ability|p2a: Landorus|Intimidate|boost
|-unboost|p1a: Cinderace|atk|1
|move|p1a: Cinderace|U-turn|p2a: Landorus
|-start|p1a: Cinderace|typechange|Bug|[from] ability: Libero
|-resisted|p2a: Landorus
|-damage|p2a: Landorus|87/100
|
|t:|1776054518
|switch|p1a: Clodsire|Clodsire, F|100/100|[from] U-turn
|
|upkeep
|turn|4
|
|t:|1776054538
|move|p2a: Landorus|Earthquake|p1a: Clodsire
|-supereffective|p1a: Clodsire
|-damage|p1a: Clodsire|15/100
|move|p1a: Clodsire|Counter|p2a: Landorus
|-damage|p2a: Landorus|0 fnt
|faint|p2a: Landorus
|
|-heal|p1a: Clodsire|21/100|[from] item: Leftovers
|upkeep
|inactive|zucca10 has 120 seconds left.
|
|t:|1776054554
|switch|p2a: Ambipom|Ambipom, F|41/100
|turn|5
|
|t:|1776054562
|move|p2a: Ambipom|Fake Out|p1a: Clodsire
|-damage|p1a: Clodsire|0 fnt
|faint|p1a: Clodsire
|
|upkeep
|
|t:|1776054569
|switch|p1a: Cinderace|Cinderace, F|53/100
|turn|6
|
|t:|1776054582
|switch|p2a: Alomomola|Alomomola, M, shiny|100/100
|move|p1a: Cinderace|U-turn|p2a: Alomomola
|-start|p1a: Cinderace|typechange|Bug|[from] ability: Libero
|-crit|p2a: Alomomola
|-damage|p2a: Alomomola|72/100
|
|t:|1776054589
|switch|p1a: Salazzle|Salazzle, F|100/100|[from] U-turn
|
|upkeep
|turn|7
|
|t:|1776054594
|move|p1a: Salazzle|Substitute|p1a: Salazzle
|-start|p1a: Salazzle|Substitute
|-damage|p1a: Salazzle|75/100
|move|p2a: Alomomola|Wish|p2a: Alomomola
|
|-heal|p1a: Salazzle|82/100|[from] item: Leftovers
|upkeep
|turn|8
|
|t:|1776054617
|move|p1a: Salazzle|Toxic|p2a: Alomomola
|-status|p2a: Alomomola|tox
|move|p2a: Alomomola|Flip Turn|p1a: Salazzle
|-supereffective|p1a: Salazzle
|-end|p1a: Salazzle|Substitute
|
|t:|1776054625
|switch|p2a: Ambipom|Ambipom, F|41/100|[from] Flip Turn
|
|-heal|p2a: Ambipom|100/100|[from] move: Wish|[wisher] Alomomola
|-heal|p1a: Salazzle|88/100|[from] item: Leftovers
|upkeep
|turn|9
|
|t:|1776054644
|move|p2a: Ambipom|Fake Out|p1a: Salazzle
|-damage|p1a: Salazzle|42/100
|cant|p1a: Salazzle|flinch
|
|-heal|p1a: Salazzle|48/100|[from] item: Leftovers
|upkeep
|turn|10
|
|t:|1776054657
|move|p1a: Salazzle|Encore|p2a: Ambipom
|-start|p2a: Ambipom|Encore
|move|p2a: Ambipom|Fake Out||[still]
|-hint|Fake Out only works on your first turn out.
|-fail|p2a: Ambipom
|
|-heal|p1a: Salazzle|54/100|[from] item: Leftovers
|upkeep
|turn|11
|inactive|zucca10 has 120 seconds left.
|
|t:|1776054685
|switch|p2a: Garganacl|Garganacl, M, shiny|100/100
|move|p1a: Salazzle|Toxic|p2a: Garganacl
|-immune|p2a: Garganacl|[from] ability: Purifying Salt
|
|-heal|p1a: Salazzle|60/100|[from] item: Leftovers
|upkeep
|turn|12
|
|t:|1776054699
|move|p1a: Salazzle|Substitute|p1a: Salazzle
|-start|p1a: Salazzle|Substitute
|-damage|p1a: Salazzle|35/100
|move|p2a: Garganacl|Salt Cure|p1a: Salazzle
|-supereffective|p1a: Salazzle
|-end|p1a: Salazzle|Substitute
|
|-heal|p1a: Salazzle|42/100|[from] item: Leftovers
|upkeep
|turn|13
|
|t:|1776054707
|move|p1a: Salazzle|Disable|p2a: Garganacl
|-start|p2a: Garganacl|Disable|Salt Cure
|cant|p2a: Garganacl|Disable|Salt Cure
|
|-heal|p1a: Salazzle|48/100|[from] item: Leftovers
|upkeep
|turn|14
|inactive|zucca10 has 120 seconds left.
|
|t:|1776054720
|switch|p1a: Rampardos|Rampardos, F, shiny|100/100
|-ability|p1a: Rampardos|Mold Breaker
|move|p2a: Garganacl|Stealth Rock|p1a: Rampardos
|-sidestart|p1: TracerBuzz|move: Stealth Rock
|
|upkeep
|turn|15
|inactive|zucca10 has 120 seconds left.
|
|t:|1776054754
|switch|p2a: Alomomola|Alomomola, M, shiny|100/100 tox
|move|p1a: Rampardos|Swords Dance|p1a: Rampardos
|-boost|p1a: Rampardos|atk|2
|
|-damage|p2a: Alomomola|94/100 tox|[from] psn
|upkeep
|turn|16
|
|t:|1776054765
|-terastallize|p1a: Rampardos|Grass
|move|p1a: Rampardos|Trailblaze|p2a: Alomomola
|-supereffective|p2a: Alomomola
|-damage|p2a: Alomomola|0 fnt
|-boost|p1a: Rampardos|spe|1
|faint|p2a: Alomomola
|-damage|p1a: Rampardos|91/100|[from] item: Life Orb
|
|upkeep
|
|t:|1776054776
|switch|p2a: Kyurem|Kyurem, shiny|100/100
|-ability|p2a: Kyurem|Pressure
|turn|17
|
|t:|1776054790
|move|p1a: Rampardos|Rock Slide|p2a: Kyurem
|-supereffective|p2a: Kyurem
|-damage|p2a: Kyurem|0 fnt
|faint|p2a: Kyurem
|-damage|p1a: Rampardos|81/100|[from] item: Life Orb
|
|upkeep
|inactive|zucca10 has 90 seconds left.
|
|t:|1776054826
|switch|p2a: Dragapult|Dragapult, M|100/100
|turn|18
|
|t:|1776054833
|move|p2a: Dragapult|Will-O-Wisp|p1a: Rampardos
|-status|p1a: Rampardos|brn
|move|p1a: Rampardos|Earthquake|p2a: Dragapult
|-damage|p2a: Dragapult|24/100
|-damage|p1a: Rampardos|71/100 brn|[from] item: Life Orb
|
|-damage|p1a: Rampardos|65/100 brn|[from] brn
|upkeep
|turn|19
|
|t:|1776054843
|move|p2a: Dragapult|Hex|p1a: Rampardos
|-damage|p1a: Rampardos|0 fnt
|faint|p1a: Rampardos
|-damage|p2a: Dragapult|14/100|[from] item: Life Orb
|
|upkeep
|
|t:|1776054851
|switch|p1a: Salazzle|Salazzle, F|48/100
|-damage|p1a: Salazzle|23/100|[from] Stealth Rock
|turn|20
|
|t:|1776054870
|move|p2a: Dragapult|Draco Meteor|p1a: Salazzle|[miss]
|-miss|p2a: Dragapult|p1a: Salazzle
|move|p1a: Salazzle|Toxic|p2a: Dragapult
|-status|p2a: Dragapult|tox
|
|-heal|p1a: Salazzle|29/100|[from] item: Leftovers
|-damage|p2a: Dragapult|8/100 tox|[from] psn
|upkeep
|turn|21
|inactive|zucca10 has 60 seconds left.
|
|t:|1776054903
|switch|p2a: Garganacl|Garganacl, M, shiny|100/100
|move|p1a: Salazzle|Disable||[still]
|-fail|p1a: Salazzle
|
|-heal|p1a: Salazzle|35/100|[from] item: Leftovers
|upkeep
|turn|22
|inactive|zucca10 has 60 seconds left.
|
|t:|1776054910
|move|p1a: Salazzle|Substitute|p1a: Salazzle
|-start|p1a: Salazzle|Substitute
|-damage|p1a: Salazzle|10/100
|move|p2a: Garganacl|Salt Cure|p1a: Salazzle
|-supereffective|p1a: Salazzle
|-end|p1a: Salazzle|Substitute
|
|-heal|p1a: Salazzle|16/100|[from] item: Leftovers
|upkeep
|turn|23
|inactive|zucca10 has 60 seconds left.
|
|t:|1776054922
|switch|p2a: Ambipom|Ambipom, F|100/100
|move|p1a: Salazzle|Disable||[still]
|-fail|p1a: Salazzle
|
|-heal|p1a: Salazzle|23/100|[from] item: Leftovers
|upkeep
|turn|24
|
|t:|1776054928
|move|p2a: Ambipom|Fake Out|p1a: Salazzle
|-damage|p1a: Salazzle|0 fnt
|faint|p1a: Salazzle
|
|upkeep
|
|t:|1776054938
|switch|p1a: Cinderace|Cinderace, F|53/100
|turn|25
|inactive|zucca10 has 60 seconds left.
|
|t:|1776054971
|move|p1a: Cinderace|High Jump Kick|p2a: Ambipom
|-start|p1a: Cinderace|typechange|Fighting|[from] ability: Libero
|-supereffective|p2a: Ambipom
|-damage|p2a: Ambipom|0 fnt
|faint|p2a: Ambipom
|
|upkeep
|
|t:|1776054985
|switch|p2a: Dragapult|Dragapult, M|8/100 tox
|turn|26
|
|t:|1776054994
|switch|p1a: Hitmonlee|Hitmonlee, M|100/100
|-damage|p1a: Hitmonlee|94/100|[from] Stealth Rock
|move|p2a: Dragapult|Draco Meteor|p1a: Hitmonlee
|-damage|p1a: Hitmonlee|2/100
|-unboost|p2a: Dragapult|spa|2
|-enditem|p1a: Hitmonlee|Liechi Berry|[eat]
|-boost|p1a: Hitmonlee|atk|1|[from] item: Liechi Berry
|-damage|p2a: Dragapult|0 fnt|[from] item: Life Orb
|faint|p2a: Dragapult
|
|upkeep
|
|t:|1776055007
|switch|p2a: Garganacl|Garganacl, M, shiny|100/100
|turn|27
|
|t:|1776055015
|move|p1a: Hitmonlee|Reversal|p2a: Garganacl
|-supereffective|p2a: Garganacl
|-damage|p2a: Garganacl|0 fnt
|faint|p2a: Garganacl
|
|win|TracerBuzz
|raw|TracerBuzz's rating: 1122 &rarr; <strong>1149</strong><br />(+27 for winning)
|raw|zucca10's rating: 1152 &rarr; <strong>1125</strong><br />(-27 for losing)
|l|☆TracerBuzz
|player|p1|
