|html|<div class="broadcast-blue"><strong>[Gen 9] OU is currently suspecting Tera Blast! For information on how to participate check out the <a href="https://www.smogon.com/tools/suspects/view/200">suspect thread</a>.</strong></div>
|j|☆l3x1vfoster
|j|‽RissyL
|t:|1776081518
|gametype|singles
|player|p1|l3x1vfoster|102|1144
|player|p2|RissyL|skyla|1099
|gen|9
|tier|[Gen 9] OU
|rated|
|rule|HP Percentage Mod: HP is shown in percentages
|rule|Endless Battle Clause: Forcing endless battles is banned
|rule|Species Clause: Limit one of each Pokémon
|rule|OHKO Clause: OHKO moves are banned
|rule|Evasion Items Clause: Evasion items are banned
|rule|Evasion Moves Clause: Evasion moves are banned
|rule|Evasion Abilities Clause: Evasion abilities are banned
|rule|Sleep Moves Clause: Sleep-inducing moves are banned
|clearpoke
|poke|p1|Gardevoir, M|
|poke|p1|Flygon, M|
|poke|p1|Kingambit, F|
|poke|p1|Heracross, M|
|poke|p1|Samurott-Hisui, M|
|poke|p1|Iron Moth|
|poke|p2|Lucario, F|
|poke|p2|Regidrago|
|poke|p2|Volcanion|
|poke|p2|Zapdos-Galar|
|poke|p2|Oricorio-Sensu, M|
|poke|p2|Goodra-Hisui, M|
|teampreview
|j| ohko_smeargle
|inactive|Battle timer is ON: inactive players will automatically lose when time's up. (requested by RissyL)
|
|t:|1776081538
|teamsize|p1|6
|teamsize|p2|6
|start
|switch|p1a: Beebo|Flygon, M|100/100
|switch|p2a: Zapdos|Zapdos-Galar|100/100
|turn|1
|
|t:|1776081554
|-terastallize|p1a: Beebo|Electric
|move|p2a: Zapdos|Knock Off|p1a: Beebo
|-damage|p1a: Beebo|31/100
|-enditem|p1a: Beebo|Leftovers|[from] move: Knock Off|[of] p2a: Zapdos
|move|p1a: Beebo|Thunder Punch|p2a: Zapdos
|-supereffective|p2a: Zapdos
|-crit|p2a: Zapdos
|-damage|p2a: Zapdos|0 fnt
|faint|p2a: Zapdos
|
|upkeep
|
|t:|1776081568
|switch|p2a: Regidrago|Regidrago|100/100
|turn|2
|
|t:|1776081576
|move|p2a: Regidrago|Dragon Energy|p1a: Beebo
|-damage|p1a: Beebo|0 fnt
|faint|p1a: Beebo
|
|upkeep
|
|t:|1776081582
|switch|p1a: Viole|Gardevoir, M, shiny|100/100
|-ability|p1a: Viole|Dragon's Maw|Trace|[from] ability: Trace|[of] p2a: Regidrago
|turn|3
|
|t:|1776081591
|switch|p2a: Goodra|Goodra-Hisui, M|100/100
|move|p1a: Viole|Moonblast|p2a: Goodra
|-damage|p2a: Goodra|68/100
|-unboost|p2a: Goodra|spa|1
|
|-heal|p2a: Goodra|74/100|[from] item: Leftovers
|upkeep
|turn|4
|
|t:|1776081616
|move|p1a: Viole|Moonblast|p2a: Goodra
|-damage|p2a: Goodra|41/100
|-unboost|p2a: Goodra|spa|1
|move|p2a: Goodra|Body Slam|p1a: Viole
|-damage|p1a: Viole|71/100
|-status|p1a: Viole|par
|
|-heal|p2a: Goodra|47/100|[from] item: Leftovers
|upkeep
|turn|5
|
|t:|1776081631
|switch|p1a: Rott|Samurott-Hisui, M|100/100
|move|p2a: Goodra|Body Slam|p1a: Rott
|-damage|p1a: Rott|77/100
|
|-heal|p2a: Goodra|53/100|[from] item: Leftovers
|upkeep
|turn|6
|
|t:|1776081642
|move|p1a: Rott|Drill Run|p2a: Goodra
|-supereffective|p2a: Goodra
|-damage|p2a: Goodra|11/100
|move|p2a: Goodra|Dragon Tail|p1a: Rott
|-damage|p1a: Rott|54/100
|drag|p1a: Moriarty|Iron Moth|100/100
|
|-heal|p2a: Goodra|17/100|[from] item: Leftovers
|upkeep
|turn|7
|j| lmfao6969
|
|t:|1776081664
|switch|p2a: Oricorio|Oricorio-Sensu, M|100/100
|move|p1a: Moriarty|Fiery Dance|p2a: Oricorio
|-damage|p2a: Oricorio|0 fnt
|faint|p2a: Oricorio
|
|upkeep
|l| lmfao6969
|
|t:|1776081674
|switch|p2a: Regidrago|Regidrago|100/100
|turn|8
|
|t:|1776081685
|move|p2a: Regidrago|Dragon Energy|p1a: Moriarty
|-damage|p1a: Moriarty|0 fnt
|faint|p1a: Moriarty
|-end|p1a: Moriarty|Quark Drive|[silent]
|
|upkeep
|
|t:|1776081688
|switch|p1a: Viole|Gardevoir, M, shiny|71/100 par
|-ability|p1a: Viole|Dragon's Maw|Trace|[from] ability: Trace|[of] p2a: Regidrago
|turn|9
|
|t:|1776081697
|switch|p2a: Goodra|Goodra-Hisui, M|17/100
|move|p1a: Viole|Calm Mind|p1a: Viole
|-boost|p1a: Viole|spa|1
|-boost|p1a: Viole|spd|1
|
|-heal|p2a: Goodra|23/100|[from] item: Leftovers
|upkeep
|turn|10
|
|t:|1776081707
|move|p2a: Goodra|Ice Beam|p1a: Viole
|-damage|p1a: Viole|53/100 par
|cant|p1a: Viole|par
|
|-heal|p2a: Goodra|29/100|[from] item: Leftovers
|upkeep
|turn|11
|
|t:|1776081716
|move|p2a: Goodra|Ice Beam|p1a: Viole
|-damage|p1a: Viole|36/100 par
|move|p1a: Viole|Moonblast|p2a: Goodra
|-damage|p2a: Goodra|0 fnt
|faint|p2a: Goodra
|
|upkeep
|
|t:|1776081724
|switch|p2a: Lucario|Lucario, F|100/100
|turn|12
|
|t:|1776081731
|move|p2a: Lucario|Bullet Punch|p1a: Viole
|-supereffective|p1a: Viole
|-damage|p1a: Viole|0 fnt
|faint|p1a: Viole
|
|upkeep
|
|t:|1776081738
|switch|p1a: Eto|Heracross, M|100/100
|turn|13
|
|t:|1776081746
|switch|p2a: Volcanion|Volcanion|100/100
|move|p1a: Eto|Counter||[still]
|-fail|p1a: Eto
|
|upkeep
|turn|14
|
|t:|1776081753
|move|p1a: Eto|Brick Break|p2a: Volcanion
|-damage|p2a: Volcanion|61/100
|-damage|p1a: Eto|91/100|[from] item: Life Orb
|move|p2a: Volcanion|Heat Wave|p1a: Eto|[miss]
|-miss|p2a: Volcanion|p1a: Eto
|
|upkeep
|turn|15
|
|t:|1776081767
|move|p1a: Eto|Brick Break|p2a: Volcanion
|-damage|p2a: Volcanion|25/100
|-damage|p1a: Eto|81/100|[from] item: Life Orb
|move|p2a: Volcanion|Heat Wave|p1a: Eto
|-supereffective|p1a: Eto
|-damage|p1a: Eto|0 fnt
|faint|p1a: Eto
|
|upkeep
|
|t:|1776081790
|switch|p1a: Rott|Samurott-Hisui, M|54/100
|turn|16
|
|t:|1776081797
|move|p1a: Rott|Drill Run|p2a: Volcanion
|-supereffective|p2a: Volcanion
|-damage|p2a: Volcanion|0 fnt
|faint|p2a: Volcanion
|
|upkeep
|
|t:|1776081805
|switch|p2a: Regidrago|Regidrago|100/100
|turn|17
|
|t:|1776081830
|move|p2a: Regidrago|Dragon Energy|p1a: Rott
|-damage|p1a: Rott|0 fnt
|faint|p1a: Rott
|
|upkeep
|inactive|l3x1vfoster has 120 seconds left.
|
|t:|1776081857
|switch|p1a: Queengambit|Kingambit, F|100/100
|-activate|p1a: Queengambit|ability: Supreme Overlord
|-start|p1a: Queengambit|fallen5|[silent]
|turn|18
|inactive|l3x1vfoster has 90 seconds left.
|
|t:|1776081883
|move|p2a: Regidrago|Dragon Energy|p1a: Queengambit
|-resisted|p1a: Queengambit
|-damage|p1a: Queengambit|53/100
|move|p1a: Queengambit|Foul Play|p2a: Regidrago
|-damage|p2a: Regidrago|62/100
|
|upkeep
|turn|19
|inactive|l3x1vfoster has 90 seconds left.
|
|t:|1776081895
|move|p2a: Regidrago|Dragon Energy|p1a: Queengambit
|-resisted|p1a: Queengambit
|-damage|p1a: Queengambit|22/100
|move|p1a: Queengambit|Iron Head|p2a: Regidrago
|-damage|p2a: Regidrago|0 fnt
|faint|p2a: Regidrago
|
|upkeep
|
|t:|1776081903
|switch|p2a: Lucario|Lucario, F|100/100
|turn|20
|
|t:|1776081916
|move|p1a: Queengambit|Sucker Punch|p2a: Lucario
|-resisted|p2a: Lucario
|-damage|p2a: Lucario|57/100
|move|p2a: Lucario|Final Gambit|p1a: Queengambit
|-damage|p1a: Queengambit|0 fnt
|faint|p2a: Lucario
|faint|p1a: Queengambit
|-end|p1a: Queengambit|fallen5|[silent]
|
|win|l3x1vfoster
|raw|l3x1vfoster's rating: 1144 &rarr; <strong>1166</strong><br />(+22 for winning)
|raw|RissyL's rating: 1099 &rarr; <strong>1077</strong><br />(-22 for losing)
|l| ohko_smeargle
|l|‽RissyL
|player|p2|
