|html|<div class="broadcast-blue"><strong>[Gen 9] OU is currently suspecting Tera Blast! For information on how to participate check out the <a href="https://www.smogon.com/tools/suspects/view/200">suspect thread</a>.</strong></div>
|j|☆A5h K3tc3m
|j|☆kjojon
|t:|1776352886
|gametype|singles
|player|p1|A5h K3tc3m|steven|1108
|player|p2|kjojon|brock|1162
|gen|9
|tier|[Gen 9] OU
|rated|
|rule|HP Percentage Mod: HP is shown in percentages
|rule|Endless Battle Clause: Forcing endless battles is banned
|rule|Species Clause: Limit one of each Pokémon
|rule|OHKO Clause: OHKO moves are banned
|rule|Evasion Items Clause: Evasion items are banned
|rule|Evasion Moves Clause: Evasion moves are banned
|rule|Evasion Abilities Clause: Evasion abilities are banned
|rule|Sleep Moves Clause: Sleep-inducing moves are banned
|clearpoke
|poke|p1|Samurott-Hisui, F|
|poke|p1|Rotom-Wash|
|poke|p1|Great Tusk|
|poke|p1|Dragapult, M|
|poke|p1|Kingambit, M|
|poke|p1|Iron Valiant|
|poke|p2|Gardevoir, F|
|poke|p2|Incineroar, F|
|poke|p2|Duraludon, M|
|poke|p2|Hitmontop, M|
|poke|p2|Necrozma|
|poke|p2|Porygon-Z|
|teampreview
|
|t:|1776352889
|teamsize|p1|6
|teamsize|p2|6
|start
|switch|p1a: Samurott|Samurott-Hisui, F, shiny|100/100
|switch|p2a: PoyPee|Porygon-Z, shiny|100/100
|turn|1
|
|t:|1776352891
|move|p1a: Samurott|Ceaseless Edge|p2a: PoyPee
|-damage|p2a: PoyPee|44/100
|-sidestart|p2: kjojon|Spikes
|move|p2a: PoyPee|Tri Attack|p1a: Samurott
|-damage|p1a: Samurott|1/100
|
|upkeep
|turn|2
|
|t:|1776352901
|move|p1a: Samurott|Ceaseless Edge|p2a: PoyPee
|-damage|p2a: PoyPee|0 fnt
|-sidestart|p2: kjojon|Spikes
|faint|p2a: PoyPee
|
|upkeep
|
|t:|1776352908
|switch|p2a: Garfiel|Hitmontop, M|100/100
|-damage|p2a: Garfiel|84/100|[from] Spikes
|turn|3
|
|t:|1776352910
|move|p2a: Garfiel|Fake Out|p1a: Samurott
|-damage|p1a: Samurott|0 fnt
|faint|p1a: Samurott
|
|upkeep
|
|t:|1776352916
|switch|p1a: Great Tusk|Great Tusk, shiny|100/100
|turn|4
|
|t:|1776352917
|move|p1a: Great Tusk|Stealth Rock|p2a: Garfiel
|-sidestart|p2: kjojon|move: Stealth Rock
|move|p2a: Garfiel|Triple Axel|p1a: Great Tusk
|-supereffective|p1a: Great Tusk
|-damage|p1a: Great Tusk|84/100
|-supereffective|p1a: Great Tusk
|-damage|p1a: Great Tusk|54/100
|-supereffective|p1a: Great Tusk
|-damage|p1a: Great Tusk|10/100
|-hitcount|p1a: Great Tusk|3
|
|upkeep
|turn|5
|
|t:|1776352932
|move|p2a: Garfiel|Mach Punch|p1a: Great Tusk
|-damage|p1a: Great Tusk|0 fnt
|faint|p1a: Great Tusk
|-end|p1a: Great Tusk|Protosynthesis|[silent]
|
|upkeep
|
|t:|1776352941
|switch|p1a: Iron Valiant|Iron Valiant, shiny|100/100
|-enditem|p1a: Iron Valiant|Booster Energy
|-activate|p1a: Iron Valiant|ability: Quark Drive|[fromitem]
|-start|p1a: Iron Valiant|quarkdrivespe
|turn|6
|
|t:|1776352947
|-terastallize|p2a: Garfiel|Fairy
|move|p1a: Iron Valiant|Moonblast|p2a: Garfiel
|-damage|p2a: Garfiel|28/100
|move|p2a: Garfiel|Rapid Spin|p1a: Iron Valiant
|-damage|p1a: Iron Valiant|70/100
|-boost|p2a: Garfiel|spe|1
|-sideend|p2: kjojon|Spikes|[from] move: Rapid Spin|[of] p2a: Garfiel
|-sideend|p2: kjojon|Stealth Rock|[from] move: Rapid Spin|[of] p2a: Garfiel
|
|upkeep
|turn|7
|
|t:|1776352958
|move|p2a: Garfiel|Mach Punch|p1a: Iron Valiant
|-resisted|p1a: Iron Valiant
|-crit|p1a: Iron Valiant
|-damage|p1a: Iron Valiant|42/100
|move|p1a: Iron Valiant|Psyshock|p2a: Garfiel
|-damage|p2a: Garfiel|0 fnt
|faint|p2a: Garfiel
|
|upkeep
|
|t:|1776352968
|switch|p2a: R-Pyrite|Necrozma, shiny|100/100
|turn|8
|
|t:|1776352977
|move|p1a: Iron Valiant|Moonblast|p2a: R-Pyrite
|-damage|p2a: R-Pyrite|48/100
|move|p2a: R-Pyrite|Photon Geyser|p1a: Iron Valiant
|-supereffective|p1a: Iron Valiant
|-damage|p1a: Iron Valiant|0 fnt
|faint|p1a: Iron Valiant
|-end|p1a: Iron Valiant|Quark Drive|[silent]
|
|upkeep
|inactive|Battle timer is ON: inactive players will automatically lose when time's up. (requested by kjojon)
|
|t:|1776353006
|switch|p1a: Rotom|Rotom-Wash, shiny|100/100
|turn|9
|
|t:|1776353014
|move|p2a: R-Pyrite|Dragon Dance|p2a: R-Pyrite
|-boost|p2a: R-Pyrite|atk|1
|-boost|p2a: R-Pyrite|spe|1
|move|p1a: Rotom|Hydro Pump|p2a: R-Pyrite
|-damage|p2a: R-Pyrite|5/100
|
|upkeep
|turn|10
|
|t:|1776353020
|move|p2a: R-Pyrite|Photon Geyser|p1a: Rotom
|-damage|p1a: Rotom|45/100
|-enditem|p1a: Rotom|Sitrus Berry|[eat]
|-heal|p1a: Rotom|70/100|[from] item: Sitrus Berry
|move|p1a: Rotom|Volt Switch|p2a: R-Pyrite
|-damage|p2a: R-Pyrite|0 fnt
|faint|p2a: R-Pyrite
|
|t:|1776353032
|switch|p1a: Dragapult|Dragapult, M, shiny|100/100|[from] Volt Switch
|
|upkeep
|
|t:|1776353036
|switch|p2a: Xodium|Gardevoir, F, shiny|100/100
|-ability|p2a: Xodium|Infiltrator|Trace|[from] ability: Trace|[of] p1a: Dragapult
|turn|11
|
|t:|1776353038
|move|p2a: Xodium|Moonblast|p1a: Dragapult
|-supereffective|p1a: Dragapult
|-damage|p1a: Dragapult|0 fnt
|faint|p1a: Dragapult
|
|upkeep
|
|t:|1776353047
|switch|p1a: Rotom|Rotom-Wash, shiny|70/100
|turn|12
|
|t:|1776353057
|switch|p2a: Babylon|Duraludon, M, shiny|100/100
|move|p1a: Rotom|Hydro Pump|p2a: Babylon
|-resisted|p2a: Babylon
|-damage|p2a: Babylon|79/100
|
|upkeep
|turn|13
|
|t:|1776353068
|move|p2a: Babylon|Dragon Pulse|p1a: Rotom
|-damage|p1a: Rotom|25/100
|move|p1a: Rotom|Will-O-Wisp|p2a: Babylon|[miss]
|-miss|p1a: Rotom|p2a: Babylon
|
|upkeep
|turn|14
|
|t:|1776353072
|move|p2a: Babylon|Dragon Pulse|p1a: Rotom
|-damage|p1a: Rotom|0 fnt
|faint|p1a: Rotom
|
|upkeep
|
|t:|1776353076
|switch|p1a: Kingambit|Kingambit, M, shiny|100/100
|-activate|p1a: Kingambit|ability: Supreme Overlord
|-start|p1a: Kingambit|fallen5|[silent]
|turn|15
|
|t:|1776353085
|switch|p2a: Rose|Incineroar, F|100/100
|-ability|p2a: Rose|Intimidate|boost
|-unboost|p1a: Kingambit|atk|1
|-terastallize|p1a: Kingambit|Dark
|move|p1a: Kingambit|Kowtow Cleave|p2a: Rose
|-resisted|p2a: Rose
|-damage|p2a: Rose|69/100
|
|-status|p1a: Kingambit|brn|[from] item: Flame Orb
|upkeep
|turn|16
|
|t:|1776353097
|move|p2a: Rose|Fake Out|p1a: Kingambit
|-damage|p1a: Kingambit|90/100 brn
|cant|p1a: Kingambit|flinch
|
|-damage|p1a: Kingambit|84/100 brn|[from] brn
|upkeep
|turn|17
|
|t:|1776353100
|move|p2a: Rose|U-turn|p1a: Kingambit
|-supereffective|p1a: Kingambit
|-damage|p1a: Kingambit|51/100 brn
|
|t:|1776353109
|switch|p2a: Babylon|Duraludon, M, shiny|79/100|[from] U-turn
|move|p1a: Kingambit|Facade|p2a: Babylon
|-resisted|p2a: Babylon
|-damage|p2a: Babylon|61/100
|
|-damage|p1a: Kingambit|45/100 brn|[from] brn
|upkeep
|turn|18
|
|t:|1776353119
|move|p2a: Babylon|Dragon Pulse|p1a: Kingambit
|-damage|p1a: Kingambit|4/100 brn
|move|p1a: Kingambit|Kowtow Cleave|p2a: Babylon
|-damage|p2a: Babylon|38/100
|
|-damage|p1a: Kingambit|0 fnt|[from] brn
|faint|p1a: Kingambit
|-end|p1a: Kingambit|fallen5|[silent]
|
|win|kjojon
|raw|A5h K3tc3m's rating: 1108 &rarr; <strong>1087</strong><br />(-21 for losing)
|raw|kjojon's rating: 1162 &rarr; <strong>1183</strong><br />(+21 for winning)
|l|☆A5h K3tc3m
|player|p1|
|c|☆kjojon|gg's
