|html|<div class="broadcast-blue"><strong>[Gen 9] OU is currently suspecting Volcarona! For information on how to participate check out the <a href="https://www.smogon.com/tools/suspects/view/208">suspect thread</a>.</strong></div>
|j|☆DonutElPro
|j|☆R2shadoblu
|t:|1778507389
|gametype|singles
|player|p1|DonutElPro|richboy|1134
|player|p2|R2shadoblu|101|1139
|gen|9
|tier|[Gen 9] OU
|rated|
|rule|HP Percentage Mod: HP is shown in percentages
|rule|Endless Battle Clause: Forcing endless battles is banned
|rule|Species Clause: Limit one of each Pokémon
|rule|OHKO Clause: OHKO moves are banned
|rule|Evasion Items Clause: Evasion items are banned
|rule|Evasion Moves Clause: Evasion moves are banned
|rule|Evasion Abilities Clause: Evasion abilities are banned
|rule|Sleep Moves Clause: Sleep-inducing moves are banned
|clearpoke
|poke|p1|Serperior, F|
|poke|p1|Floatzel, M|
|poke|p1|Salamence, M|
|poke|p1|Gengar, M|
|poke|p1|Krookodile, F|
|poke|p1|Crabominable, M|
|poke|p2|Slowking-Galar, F|
|poke|p2|Great Tusk|
|poke|p2|Rillaboom, F|
|poke|p2|Kingambit, F|
|poke|p2|Dragapult, F|
|poke|p2|Moltres|
|teampreview
|
|t:|1778507395
|teamsize|p1|6
|teamsize|p2|6
|start
|switch|p1a: Floatzel|Floatzel, M|100/100
|switch|p2a: Dragapult|Dragapult, F|100/100
|turn|1
|
|t:|1778507403
|switch|p2a: Rillaboom|Rillaboom, F|100/100
|-fieldstart|move: Grassy Terrain|[from] ability: Grassy Surge|[of] p2a: Rillaboom
|move|p1a: Floatzel|Ice Beam|p2a: Rillaboom
|-supereffective|p2a: Rillaboom
|-damage|p2a: Rillaboom|48/100
|-damage|p1a: Floatzel|91/100|[from] item: Life Orb
|
|-heal|p1a: Floatzel|97/100|[from] Grassy Terrain
|-heal|p2a: Rillaboom|54/100|[from] Grassy Terrain
|upkeep
|turn|2
|
|t:|1778507417
|move|p2a: Rillaboom|Grassy Glide|p1a: Floatzel
|-supereffective|p1a: Floatzel
|-damage|p1a: Floatzel|0 fnt
|faint|p1a: Floatzel
|
|-heal|p2a: Rillaboom|60/100|[from] Grassy Terrain
|upkeep
|
|t:|1778507428
|switch|p1a: Crabominable|Crabominable, M|100/100
|turn|3
|
|t:|1778507432
|switch|p2a: Moltres|Moltres|100/100
|move|p1a: Crabominable|Ice Hammer|p2a: Moltres
|-damage|p2a: Moltres|50/100
|-unboost|p1a: Crabominable|spe|1
|
|upkeep
|turn|4
|
|t:|1778507442
|switch|p1a: Krookodile|Krookodile, F|100/100
|move|p2a: Moltres|Roost|p2a: Moltres
|-heal|p2a: Moltres|99/100
|-singleturn|p2a: Moltres|move: Roost
|
|-heal|p2a: Moltres|100/100|[from] Grassy Terrain
|upkeep
|turn|5
|
|t:|1778507454
|move|p1a: Krookodile|Stone Edge|p2a: Moltres
|-supereffective|p2a: Moltres
|-damage|p2a: Moltres|14/100
|move|p2a: Moltres|U-turn|p1a: Krookodile
|-supereffective|p1a: Krookodile
|-damage|p1a: Krookodile|63/100
|
|t:|1778507461
|switch|p2a: Great Tusk|Great Tusk|100/100|[from] U-turn
|
|-heal|p1a: Krookodile|69/100|[from] Grassy Terrain
|-fieldend|move: Grassy Terrain
|upkeep
|turn|6
|
|t:|1778507478
|switch|p1a: Serperior|Serperior, F|100/100
|move|p2a: Great Tusk|Stealth Rock|p1a: Serperior
|-sidestart|p1: DonutElPro|move: Stealth Rock
|
|upkeep
|turn|7
|
|t:|1778507484
|-end|p2a: Great Tusk|Protosynthesis|[silent]
|switch|p2a: Slowking|Slowking-Galar, F|100/100
|move|p1a: Serperior|Leaf Storm|p2a: Slowking
|-resisted|p2a: Slowking
|-damage|p2a: Slowking|90/100
|-boost|p1a: Serperior|spa|2
|
|upkeep
|turn|8
|
|t:|1778507495
|switch|p1a: Gengar|Gengar, M|100/100
|-damage|p1a: Gengar|88/100|[from] Stealth Rock
|move|p2a: Slowking|Sludge Bomb|p1a: Gengar
|-resisted|p1a: Gengar
|-damage|p1a: Gengar|75/100
|
|upkeep
|turn|9
|
|t:|1778507506
|move|p1a: Gengar|Shadow Ball|p2a: Slowking
|-supereffective|p2a: Slowking
|-damage|p2a: Slowking|38/100
|-unboost|p2a: Slowking|spd|1
|-prepare|p2a: Slowking|Chilly Reception|[premajor]
|move|p2a: Slowking|Chilly Reception|p2a: Slowking
|-weather|Snowscape
|
|t:|1778507515
|switch|p2a: Kingambit|Kingambit, F|100/100|[from] Chilly Reception
|
|-weather|Snowscape|[upkeep]
|upkeep
|turn|10
|
|t:|1778507532
|switch|p1a: Krookodile|Krookodile, F|69/100
|-damage|p1a: Krookodile|63/100|[from] Stealth Rock
|move|p2a: Kingambit|Sucker Punch||[still]
|-fail|p2a: Kingambit
|
|-weather|Snowscape|[upkeep]
|upkeep
|turn|11
|
|t:|1778507545
|-end|p2a: Kingambit|fallenundefined|[silent]
|switch|p2a: Moltres|Moltres|14/100
|move|p1a: Krookodile|Close Combat|p2a: Moltres
|-resisted|p2a: Moltres
|-damage|p2a: Moltres|0 fnt
|-unboost|p1a: Krookodile|def|1
|-unboost|p1a: Krookodile|spd|1
|faint|p2a: Moltres
|-ability|p1a: Krookodile|Moxie|boost
|-boost|p1a: Krookodile|atk|1
|
|-weather|Snowscape|[upkeep]
|upkeep
|
|t:|1778507557
|switch|p2a: Rillaboom|Rillaboom, F|60/100
|-fieldstart|move: Grassy Terrain|[from] ability: Grassy Surge|[of] p2a: Rillaboom
|turn|12
|
|t:|1778507563
|move|p2a: Rillaboom|Grassy Glide|p1a: Krookodile
|-supereffective|p1a: Krookodile
|-damage|p1a: Krookodile|0 fnt
|faint|p1a: Krookodile
|
|-weather|Snowscape|[upkeep]
|-heal|p2a: Rillaboom|66/100|[from] Grassy Terrain
|upkeep
|
|t:|1778507575
|switch|p1a: Gengar|Gengar, M|75/100
|-damage|p1a: Gengar|63/100|[from] Stealth Rock
|turn|13
|
|t:|1778507584
|switch|p2a: Kingambit|Kingambit, F|100/100
|-activate|p2a: Kingambit|ability: Supreme Overlord
|-start|p2a: Kingambit|fallen1|[silent]
|move|p1a: Gengar|Nasty Plot|p1a: Gengar
|-boost|p1a: Gengar|spa|2
|
|-weather|none
|-heal|p1a: Gengar|69/100|[from] Grassy Terrain
|upkeep
|turn|14
|
|t:|1778507597
|move|p1a: Gengar|Dazzling Gleam|p2a: Kingambit
|-damage|p2a: Kingambit|42/100
|move|p2a: Kingambit|Kowtow Cleave|p1a: Gengar
|-supereffective|p1a: Gengar
|-damage|p1a: Gengar|0 fnt
|faint|p1a: Gengar
|
|-heal|p2a: Kingambit|48/100|[from] Grassy Terrain
|-heal|p2a: Kingambit|54/100|[from] item: Leftovers
|upkeep
|
|t:|1778507609
|switch|p1a: Serperior|Serperior, F|100/100
|-damage|p1a: Serperior|88/100|[from] Stealth Rock
|turn|15
|
|t:|1778507613
|move|p1a: Serperior|Leaf Storm|p2a: Kingambit
|-resisted|p2a: Kingambit
|-damage|p2a: Kingambit|28/100
|-boost|p1a: Serperior|spa|2
|move|p2a: Kingambit|Kowtow Cleave|p1a: Serperior
|-damage|p1a: Serperior|36/100
|
|-heal|p1a: Serperior|42/100|[from] Grassy Terrain
|-heal|p2a: Kingambit|35/100|[from] Grassy Terrain
|-heal|p2a: Kingambit|41/100|[from] item: Leftovers
|upkeep
|turn|16
|
|t:|1778507624
|move|p1a: Serperior|Leaf Storm|p2a: Kingambit
|-resisted|p2a: Kingambit
|-damage|p2a: Kingambit|0 fnt
|-boost|p1a: Serperior|spa|2
|faint|p2a: Kingambit
|-end|p2a: Kingambit|fallen1|[silent]
|
|-heal|p1a: Serperior|48/100|[from] Grassy Terrain
|-fieldend|move: Grassy Terrain
|upkeep
|
|t:|1778507634
|switch|p2a: Dragapult|Dragapult, F|100/100
|turn|17
|
|t:|1778507639
|-terastallize|p2a: Dragapult|Ghost
|move|p2a: Dragapult|Shadow Ball|p1a: Serperior
|-damage|p1a: Serperior|0 fnt
|faint|p1a: Serperior
|
|upkeep
|
|t:|1778507650
|switch|p1a: Crabominable|Crabominable, M|100/100
|-damage|p1a: Crabominable|88/100|[from] Stealth Rock
|turn|18
|
|t:|1778507659
|switch|p2a: Great Tusk|Great Tusk|100/100
|move|p1a: Crabominable|Ice Hammer|p2a: Great Tusk
|-supereffective|p2a: Great Tusk
|-damage|p2a: Great Tusk|0 fnt
|-unboost|p1a: Crabominable|spe|1
|faint|p2a: Great Tusk
|-end|p2a: Great Tusk|Protosynthesis|[silent]
|
|upkeep
|
|t:|1778507671
|switch|p2a: Dragapult|Dragapult, F, tera:Ghost|100/100
|turn|19
|
|t:|1778507677
|move|p2a: Dragapult|Shadow Ball|p1a: Crabominable
|-damage|p1a: Crabominable|29/100
|move|p1a: Crabominable|Thunder Punch|p2a: Dragapult
|-damage|p2a: Dragapult|56/100
|-status|p2a: Dragapult|par
|
|upkeep
|turn|20
|
|t:|1778507685
|move|p2a: Dragapult|Shadow Ball|p1a: Crabominable
|-damage|p1a: Crabominable|0 fnt
|faint|p1a: Crabominable
|
|upkeep
|
|t:|1778507691
|switch|p1a: Salamence|Salamence, M|100/100
|-ability|p1a: Salamence|Intimidate|boost
|-fail|p2a: Dragapult|unboost|[from] ability: Clear Body|[of] p2a: Dragapult
|turn|21
|
|t:|1778507702
|move|p1a: Salamence|Dragon Dance|p1a: Salamence
|-boost|p1a: Salamence|atk|1
|-boost|p1a: Salamence|spe|1
|move|p2a: Dragapult|Shadow Ball|p1a: Salamence
|-damage|p1a: Salamence|3/100
|
|upkeep
|turn|22
|
|t:|1778507715
|move|p1a: Salamence|Dual Wingbeat|p2a: Dragapult
|-damage|p2a: Dragapult|15/100 par
|-damage|p2a: Dragapult|0 fnt
|faint|p2a: Dragapult
|-hitcount|p2: Dragapult|2
|
|upkeep
|
|t:|1778507718
|switch|p2a: Rillaboom|Rillaboom, F|66/100
|-fieldstart|move: Grassy Terrain|[from] ability: Grassy Surge|[of] p2a: Rillaboom
|turn|23
|
|t:|1778507736
|move|p2a: Rillaboom|Grassy Glide|p1a: Salamence
|-resisted|p1a: Salamence
|-damage|p1a: Salamence|0 fnt
|faint|p1a: Salamence
|
|win|R2shadoblu
|raw|DonutElPro's rating: 1134 &rarr; <strong>1109</strong><br />(-25 for losing)
|raw|R2shadoblu's rating: 1139 &rarr; <strong>1164</strong><br />(+25 for winning)
|l|☆DonutElPro
|player|p1|
|l|☆R2shadoblu
|player|p2|
