|html|<div class="broadcast-blue"><strong>[Gen 9] OU is currently suspecting Tera Blast! For information on how to participate check out the <a href="https://www.smogon.com/tools/suspects/view/200">suspect thread</a>.</strong></div>
|j|☆breakway
|j|☆232killa_2
|t:|1776184753
|gametype|singles
|player|p1|breakway|red|1084
|player|p2|232killa_2|volkner|1076
|gen|9
|tier|[Gen 9] OU
|rated|
|rule|HP Percentage Mod: HP is shown in percentages
|rule|Endless Battle Clause: Forcing endless battles is banned
|rule|Species Clause: Limit one of each Pokémon
|rule|OHKO Clause: OHKO moves are banned
|rule|Evasion Items Clause: Evasion items are banned
|rule|Evasion Moves Clause: Evasion moves are banned
|rule|Evasion Abilities Clause: Evasion abilities are banned
|rule|Sleep Moves Clause: Sleep-inducing moves are banned
|clearpoke
|poke|p1|Haxorus, F|
|poke|p1|Floatzel, F|
|poke|p1|Ceruledge, F|
|poke|p1|Ogerpon, F|
|poke|p1|Manaphy|
|poke|p1|Primeape, M|
|poke|p2|Feraligatr, F|
|poke|p2|Scizor, M|
|poke|p2|Great Tusk|
|poke|p2|Gholdengo|
|poke|p2|Raging Bolt|
|poke|p2|Iron Valiant|
|teampreview
|
|t:|1776184773
|teamsize|p1|6
|teamsize|p2|6
|start
|switch|p1a: Primeape|Primeape, M|100/100
|switch|p2a: Great Tusk|Great Tusk|100/100
|turn|1
|
|t:|1776184788
|move|p2a: Great Tusk|Stealth Rock|p1a: Primeape
|-sidestart|p1: breakway|move: Stealth Rock
|move|p1a: Primeape|Bulk Up|p1a: Primeape
|-boost|p1a: Primeape|atk|1
|-boost|p1a: Primeape|def|1
|
|upkeep
|turn|2
|
|t:|1776184797
|move|p2a: Great Tusk|Knock Off|p1a: Primeape
|-resisted|p1a: Primeape
|-damage|p1a: Primeape|85/100
|-enditem|p1a: Primeape|Eviolite|[from] move: Knock Off|[of] p2a: Great Tusk
|move|p1a: Primeape|Drain Punch|p2a: Great Tusk
|-damage|p2a: Great Tusk|62/100
|-heal|p1a: Primeape|100/100|[from] drain|[of] p2a: Great Tusk
|-damage|p1a: Primeape|84/100|[from] item: Rocky Helmet|[of] p2a: Great Tusk
|
|upkeep
|turn|3
|
|t:|1776184821
|-end|p2a: Great Tusk|Protosynthesis|[silent]
|switch|p2a: Iron Valiant|Iron Valiant|100/100
|-enditem|p2a: Iron Valiant|Booster Energy
|-activate|p2a: Iron Valiant|ability: Quark Drive|[fromitem]
|-start|p2a: Iron Valiant|quarkdrivespe
|move|p1a: Primeape|Drain Punch|p2a: Iron Valiant
|-resisted|p2a: Iron Valiant
|-damage|p2a: Iron Valiant|74/100
|-heal|p1a: Primeape|100/100|[from] drain|[of] p2a: Iron Valiant
|
|upkeep
|turn|4
|
|t:|1776184834
|-terastallize|p1a: Primeape|Ghost
|move|p2a: Iron Valiant|Moonblast|p1a: Primeape
|-damage|p1a: Primeape|55/100
|move|p1a: Primeape|Rage Fist|p2a: Iron Valiant
|-damage|p2a: Iron Valiant|0 fnt
|faint|p2a: Iron Valiant
|-end|p2a: Iron Valiant|Quark Drive|[silent]
|
|upkeep
|
|t:|1776184842
|switch|p2a: Gholdengo|Gholdengo|100/100
|-item|p2a: Gholdengo|Air Balloon
|turn|5
|
|t:|1776184848
|move|p1a: Primeape|Rage Fist|p2a: Gholdengo
|-supereffective|p2a: Gholdengo
|-crit|p2a: Gholdengo
|-damage|p2a: Gholdengo|0 fnt
|-enditem|p2a: Gholdengo|Air Balloon
|faint|p2a: Gholdengo
|
|upkeep
|
|t:|1776184857
|switch|p2a: Great Tusk|Great Tusk|62/100
|turn|6
|
|t:|1776184861
|move|p2a: Great Tusk|Knock Off|p1a: Primeape
|-supereffective|p1a: Primeape
|-damage|p1a: Primeape|1/100
|move|p1a: Primeape|Drain Punch|p2a: Great Tusk
|-damage|p2a: Great Tusk|27/100
|-heal|p1a: Primeape|25/100|[from] drain|[of] p2a: Great Tusk
|-damage|p1a: Primeape|8/100|[from] item: Rocky Helmet|[of] p2a: Great Tusk
|
|upkeep
|turn|7
|
|t:|1776184870
|move|p2a: Great Tusk|Knock Off|p1a: Primeape
|-supereffective|p1a: Primeape
|-damage|p1a: Primeape|0 fnt
|faint|p1a: Primeape
|
|upkeep
|
|t:|1776184887
|switch|p1a: Ogerpon|Ogerpon, F|100/100
|-damage|p1a: Ogerpon|88/100|[from] Stealth Rock
|turn|8
|
|t:|1776184894
|move|p1a: Ogerpon|Substitute|p1a: Ogerpon
|-start|p1a: Ogerpon|Substitute
|-damage|p1a: Ogerpon|63/100
|move|p2a: Great Tusk|Knock Off|p1a: Ogerpon
|-end|p1a: Ogerpon|Substitute
|
|-heal|p1a: Ogerpon|69/100|[from] item: Leftovers
|upkeep
|turn|9
|
|t:|1776184903
|move|p1a: Ogerpon|Ivy Cudgel|p2a: Great Tusk
|-supereffective|p2a: Great Tusk
|-crit|p2a: Great Tusk
|-damage|p2a: Great Tusk|0 fnt
|faint|p2a: Great Tusk
|-end|p2a: Great Tusk|Protosynthesis|[silent]
|
|-heal|p1a: Ogerpon|75/100|[from] item: Leftovers
|upkeep
|
|t:|1776184915
|switch|p2a: Scizor|Scizor, M|100/100
|turn|10
|
|t:|1776184928
|move|p1a: Ogerpon|Leech Seed|p2a: Scizor|[miss]
|-miss|p1a: Ogerpon|p2a: Scizor
|move|p2a: Scizor|U-turn|p1a: Ogerpon
|-supereffective|p1a: Ogerpon
|-damage|p1a: Ogerpon|0 fnt
|faint|p1a: Ogerpon
|
|t:|1776184941
|switch|p2a: Raging Bolt|Raging Bolt|100/100|[from] U-turn
|
|upkeep
|
|t:|1776184968
|switch|p1a: Manaphy|Manaphy|100/100
|-damage|p1a: Manaphy|88/100|[from] Stealth Rock
|turn|11
|
|t:|1776184978
|move|p1a: Manaphy|Take Heart|p1a: Manaphy
|-boost|p1a: Manaphy|spa|1
|-boost|p1a: Manaphy|spd|1
|move|p2a: Raging Bolt|Calm Mind|p2a: Raging Bolt
|-boost|p2a: Raging Bolt|spa|1
|-boost|p2a: Raging Bolt|spd|1
|
|upkeep
|turn|12
|
|t:|1776184989
|move|p2a: Raging Bolt|Thunderclap||[still]
|-fail|p2a: Raging Bolt
|move|p1a: Manaphy|Take Heart|p1a: Manaphy
|-boost|p1a: Manaphy|spa|1
|-boost|p1a: Manaphy|spd|1
|
|upkeep
|turn|13
|
|t:|1776185002
|move|p2a: Raging Bolt|Thunderclap||[still]
|-fail|p2a: Raging Bolt
|move|p1a: Manaphy|Take Heart|p1a: Manaphy
|-boost|p1a: Manaphy|spa|1
|-boost|p1a: Manaphy|spd|1
|
|upkeep
|turn|14
|
|t:|1776185010
|move|p1a: Manaphy|Stored Power|p2a: Raging Bolt
|-damage|p2a: Raging Bolt|54/100
|move|p2a: Raging Bolt|Volt Switch|p1a: Manaphy
|-supereffective|p1a: Manaphy
|-damage|p1a: Manaphy|56/100
|
|t:|1776185030
|-end|p2a: Raging Bolt|Protosynthesis|[silent]
|switch|p2a: Feraligatr|Feraligatr, F|100/100|[from] Volt Switch
|
|upkeep
|turn|15
|
|t:|1776185035
|switch|p2a: Raging Bolt|Raging Bolt|54/100
|move|p1a: Manaphy|Stored Power|p2a: Raging Bolt
|-damage|p2a: Raging Bolt|0 fnt
|faint|p2a: Raging Bolt
|-end|p2a: Raging Bolt|Protosynthesis|[silent]
|
|upkeep
|
|t:|1776185041
|switch|p2a: Feraligatr|Feraligatr, F|100/100
|turn|16
|
|t:|1776185050
|move|p1a: Manaphy|Stored Power|p2a: Feraligatr
|-damage|p2a: Feraligatr|8/100
|move|p2a: Feraligatr|Dragon Dance|p2a: Feraligatr
|-boost|p2a: Feraligatr|atk|1
|-boost|p2a: Feraligatr|spe|1
|
|upkeep
|turn|17
|
|t:|1776185059
|switch|p2a: Scizor|Scizor, M|100/100
|move|p1a: Manaphy|Stored Power|p2a: Scizor
|-resisted|p2a: Scizor
|-damage|p2a: Scizor|52/100
|
|upkeep
|turn|18
|
|t:|1776185066
|move|p1a: Manaphy|Rest|p1a: Manaphy
|-status|p1a: Manaphy|slp|[from] move: Rest
|-heal|p1a: Manaphy|100/100 slp|[silent]
|-enditem|p1a: Manaphy|Chesto Berry|[eat]
|-curestatus|p1a: Manaphy|slp|[msg]
|move|p2a: Scizor|U-turn|p1a: Manaphy
|-crit|p1a: Manaphy
|-damage|p1a: Manaphy|50/100
|
|t:|1776185074
|switch|p2a: Feraligatr|Feraligatr, F|8/100|[from] U-turn
|
|upkeep
|turn|19
|
|t:|1776185080
|move|p1a: Manaphy|Stored Power|p2a: Feraligatr
|-damage|p2a: Feraligatr|0 fnt
|faint|p2a: Feraligatr
|
|upkeep
|-message|232killa_2 forfeited.
|
|win|breakway
|raw|breakway's rating: 1084 &rarr; <strong>1111</strong><br />(+27 for winning)
|raw|232killa_2's rating: 1076 &rarr; <strong>1055</strong><br />(-21 for losing)
|l|☆232killa_2
|player|p2|
