|html|<div class="broadcast-blue"><strong>[Gen 9] OU is currently suspecting Tera Blast! For information on how to participate check out the <a href="https://www.smogon.com/tools/suspects/view/200">suspect thread</a>.</strong></div>
|j|☆Idennn
|j|☆DcBaker
|t:|1776220897
|gametype|singles
|player|p1|Idennn|rosa|1335
|player|p2|DcBaker|pokemonrangerf|1335
|gen|9
|tier|[Gen 9] OU
|rated|
|rule|HP Percentage Mod: HP is shown in percentages
|rule|Endless Battle Clause: Forcing endless battles is banned
|rule|Species Clause: Limit one of each Pokémon
|rule|OHKO Clause: OHKO moves are banned
|rule|Evasion Items Clause: Evasion items are banned
|rule|Evasion Moves Clause: Evasion moves are banned
|rule|Evasion Abilities Clause: Evasion abilities are banned
|rule|Sleep Moves Clause: Sleep-inducing moves are banned
|clearpoke
|poke|p1|Zapdos|
|poke|p1|Great Tusk|
|poke|p1|Gholdengo|
|poke|p1|Heatran, F|
|poke|p1|Greninja-*, M|
|poke|p1|Amoonguss, F|
|poke|p2|Deoxys-Speed|
|poke|p2|Ceruledge, M|
|poke|p2|Zamazenta-*|
|poke|p2|Ogerpon-Wellspring, F|
|poke|p2|Glimmora, M|
|poke|p2|Moltres-Galar|
|teampreview
|inactive|Battle timer is ON: inactive players will automatically lose when time's up. (requested by DcBaker)
|
|t:|1776220913
|teamsize|p1|6
|teamsize|p2|6
|start
|switch|p1a: Goat|Greninja, M|100/100
|switch|p2a: gimmie|Glimmora, M|100/100
|turn|1
|inactive|DcBaker has 120 seconds left.
|
|t:|1776220950
|move|p1a: Goat|Dark Pulse|p2a: gimmie
|-damage|p2a: gimmie|37/100
|-damage|p1a: Goat|91/100|[from] item: Life Orb
|move|p2a: gimmie|Meteor Beam||[still]
|-prepare|p2a: gimmie|Meteor Beam
|-boost|p2a: gimmie|spa|1
|-enditem|p2a: gimmie|Power Herb
|-anim|p2a: gimmie|Meteor Beam|p1a: Goat
|-damage|p1a: Goat|0 fnt
|faint|p1a: Goat
|
|upkeep
|
|t:|1776220959
|switch|p1a: Greater Tusk|Great Tusk, shiny|100/100
|turn|2
|inactive|DcBaker has 120 seconds left.
|
|t:|1776220978
|move|p1a: Greater Tusk|Earthquake|p2a: gimmie
|-supereffective|p2a: gimmie
|-damage|p2a: gimmie|0 fnt
|-activate|p2a: gimmie|ability: Toxic Debris
|-sidestart|p1: Idennn|move: Toxic Spikes
|faint|p2a: gimmie
|
|upkeep
|
|t:|1776220990
|switch|p2a: 1/151|Ogerpon-Wellspring, F|100/100
|turn|3
|
|t:|1776220995
|-end|p1a: Greater Tusk|Protosynthesis|[silent]
|switch|p1a: Np.1 Ogerpon Hater|Amoonguss, F, shiny|100/100
|-sideend|p1: Idennn|move: Toxic Spikes|[of] p1a: Np.1 Ogerpon Hater
|move|p2a: 1/151|Swords Dance|p2a: 1/151
|-boost|p2a: 1/151|atk|2
|
|upkeep
|turn|4
|inactive|DcBaker has 120 seconds left.
|
|t:|1776221014
|switch|p2a: DEO|Deoxys-Speed|100/100
|-ability|p2a: DEO|Pressure
|move|p1a: Np.1 Ogerpon Hater|Giga Drain|p2a: DEO
|-damage|p2a: DEO|72/100
|
|upkeep
|turn|5
|inactive|DcBaker has 120 seconds left.
|
|t:|1776221023
|switch|p1a: lava forg|Heatran, F|100/100
|move|p2a: DEO|Taunt|p1a: lava forg
|-start|p1a: lava forg|move: Taunt
|
|upkeep
|turn|6
|inactive|DcBaker has 120 seconds left.
|
|t:|1776221034
|move|p2a: DEO|Light Screen|p2a: DEO
|-sidestart|p2: DcBaker|move: Light Screen
|move|p1a: lava forg|Magma Storm|p2a: DEO|[miss]
|-miss|p1a: lava forg|p2a: DEO
|
|upkeep
|turn|7
|
|t:|1776221037
|move|p2a: DEO|Reflect|p2a: DEO
|-sidestart|p2: DcBaker|Reflect
|move|p1a: lava forg|Magma Storm|p2a: DEO
|-damage|p2a: DEO|35/100
|-activate|p2a: DEO|move: Magma Storm|[of] p1a: lava forg
|
|-damage|p2a: DEO|23/100|[from] move: Magma Storm|[partiallytrapped]
|-end|p1a: lava forg|move: Taunt
|upkeep
|turn|8
|
|t:|1776221048
|move|p2a: DEO|Psycho Boost|p1a: lava forg
|-resisted|p1a: lava forg
|-damage|p1a: lava forg|87/100
|-unboost|p2a: DEO|spa|2
|move|p1a: lava forg|Flash Cannon|p2a: DEO
|-damage|p2a: DEO|0 fnt
|faint|p2a: DEO
|
|upkeep
|
|t:|1776221053
|switch|p2a: 1/151|Ogerpon-Wellspring, F|100/100
|turn|9
|
|t:|1776221056
|switch|p1a: Np.1 Ogerpon Hater|Amoonguss, F, shiny|100/100
|move|p2a: 1/151|Swords Dance|p2a: 1/151
|-boost|p2a: 1/151|atk|2
|
|upkeep
|turn|10
|
|t:|1776221060
|move|p2a: 1/151|Ivy Cudgel|p1a: Np.1 Ogerpon Hater|[anim] Ivy Cudgel Water
|-resisted|p1a: Np.1 Ogerpon Hater
|-damage|p1a: Np.1 Ogerpon Hater|53/100
|move|p1a: Np.1 Ogerpon Hater|Giga Drain|p2a: 1/151
|-damage|p2a: 1/151|87/100
|-heal|p1a: Np.1 Ogerpon Hater|57/100|[from] drain|[of] p2a: 1/151
|
|upkeep
|turn|11
|
|t:|1776221071
|move|p1a: Np.1 Ogerpon Hater|Protect|p1a: Np.1 Ogerpon Hater
|-singleturn|p1a: Np.1 Ogerpon Hater|Protect
|move|p2a: 1/151|Swords Dance|p2a: 1/151
|-boost|p2a: 1/151|atk|2
|
|upkeep
|turn|12
|
|t:|1776221079
|move|p2a: 1/151|Ivy Cudgel|p1a: Np.1 Ogerpon Hater|[anim] Ivy Cudgel Water
|-resisted|p1a: Np.1 Ogerpon Hater
|-damage|p1a: Np.1 Ogerpon Hater|0 fnt
|faint|p1a: Np.1 Ogerpon Hater
|
|upkeep
|-message|Idennn forfeited.
|
|win|DcBaker
|raw|Idennn's rating: 1335 &rarr; <strong>1315</strong><br />(-20 for losing)
|raw|DcBaker's rating: 1335 &rarr; <strong>1355</strong><br />(+20 for winning)
