|html|<div class="broadcast-blue"><strong>[Gen 9] OU is currently suspecting Tera Blast! For information on how to participate check out the <a href="https://www.smogon.com/tools/suspects/view/200">suspect thread</a>.</strong></div>
|j|☆hoennhoein
|j|☆daska
|t:|1776042236
|gametype|singles
|player|p1|hoennhoein|2|1096
|player|p2|daska|steven|1123
|gen|9
|tier|[Gen 9] OU
|rated|
|rule|HP Percentage Mod: HP is shown in percentages
|rule|Endless Battle Clause: Forcing endless battles is banned
|rule|Species Clause: Limit one of each Pokémon
|rule|OHKO Clause: OHKO moves are banned
|rule|Evasion Items Clause: Evasion items are banned
|rule|Evasion Moves Clause: Evasion moves are banned
|rule|Evasion Abilities Clause: Evasion abilities are banned
|rule|Sleep Moves Clause: Sleep-inducing moves are banned
|clearpoke
|poke|p1|Ariados, F|
|poke|p1|Uxie|
|poke|p1|Deoxys-Defense|
|poke|p1|Landorus-Therian, M|
|poke|p1|Azumarill, M|
|poke|p1|Goodra, M|
|poke|p2|Lucario, F|
|poke|p2|Scizor, F|
|poke|p2|Metagross|
|poke|p2|Bisharp, F|
|poke|p2|Excadrill, M|
|poke|p2|Magnezone|
|teampreview
|inactive|Battle timer is ON: inactive players will automatically lose when time's up. (requested by daska)
|
|t:|1776042264
|teamsize|p1|6
|teamsize|p2|6
|start
|switch|p1a: Goodra|Goodra, M, shiny|100/100
|switch|p2a: Excadrill|Excadrill, M|100/100
|-ability|p2a: Excadrill|Mold Breaker
|turn|1
|
|t:|1776042272
|move|p2a: Excadrill|Stealth Rock|p1a: Goodra
|-sidestart|p1: hoennhoein|move: Stealth Rock
|move|p1a: Goodra|Fire Blast|p2a: Excadrill|[miss]
|-miss|p1a: Goodra|p2a: Excadrill
|
|upkeep
|turn|2
|
|t:|1776042279
|move|p2a: Excadrill|Earthquake|p1a: Goodra
|-damage|p1a: Goodra|37/100
|move|p1a: Goodra|Fire Blast|p2a: Excadrill|[miss]
|-miss|p1a: Goodra|p2a: Excadrill
|
|upkeep
|turn|3
|
|t:|1776042288
|switch|p1a: Landorus|Landorus-Therian, M, shiny|100/100
|-damage|p1a: Landorus|88/100|[from] Stealth Rock
|-ability|p1a: Landorus|Intimidate|boost
|-unboost|p2a: Excadrill|atk|1
|move|p2a: Excadrill|Earthquake|p1a: Landorus
|-immune|p1a: Landorus
|
|upkeep
|turn|4
|
|t:|1776042299
|move|p1a: Landorus|Earthquake|p2a: Excadrill
|-supereffective|p2a: Excadrill
|-enditem|p2a: Excadrill|Focus Sash
|-damage|p2a: Excadrill|1/100
|move|p2a: Excadrill|Rock Tomb|p1a: Landorus
|-damage|p1a: Landorus|72/100
|-unboost|p1a: Landorus|spe|1
|
|upkeep
|turn|5
|
|t:|1776042309
|move|p1a: Landorus|Earthquake|p2a: Excadrill
|-supereffective|p2a: Excadrill
|-damage|p2a: Excadrill|0 fnt
|faint|p2a: Excadrill
|
|upkeep
|
|t:|1776042313
|switch|p2a: Metagross|Metagross|100/100
|turn|6
|
|t:|1776042317
|move|p1a: Landorus|Earthquake|p2a: Metagross
|-supereffective|p2a: Metagross
|-damage|p2a: Metagross|14/100
|move|p2a: Metagross|Ice Punch|p1a: Landorus
|-supereffective|p1a: Landorus
|-damage|p1a: Landorus|0 fnt
|faint|p1a: Landorus
|
|upkeep
|
|t:|1776042333
|switch|p1a: Deoxys|Deoxys-Defense, shiny|100/100
|-damage|p1a: Deoxys|88/100|[from] Stealth Rock
|-ability|p1a: Deoxys|Pressure
|turn|7
|
|t:|1776042343
|move|p2a: Metagross|Ice Punch|p1a: Deoxys
|-damage|p1a: Deoxys|60/100
|-damage|p2a: Metagross|0 fnt|[from] item: Rocky Helmet|[of] p1a: Deoxys
|faint|p2a: Metagross
|move|p1a: Deoxys|Trick Room|p1a: Deoxys
|-fieldstart|move: Trick Room|[of] p1a: Deoxys
|
|upkeep
|
|t:|1776042357
|switch|p2a: Magnezone|Magnezone|100/100
|turn|8
|
|t:|1776042365
|move|p2a: Magnezone|Thunderbolt|p1a: Deoxys
|-damage|p1a: Deoxys|35/100
|move|p1a: Deoxys|Teleport|p1a: Deoxys
|
|t:|1776042372
|switch|p1a: Goodra|Goodra, M, shiny|37/100|[from] Teleport
|-damage|p1a: Goodra|25/100|[from] Stealth Rock
|
|upkeep
|turn|9
|
|t:|1776042379
|move|p2a: Magnezone|Flash Cannon|p1a: Goodra
|-damage|p1a: Goodra|11/100
|move|p1a: Goodra|Fire Blast|p2a: Magnezone
|-supereffective|p2a: Magnezone
|-damage|p2a: Magnezone|60/100
|
|upkeep
|turn|10
|
|t:|1776042389
|move|p2a: Magnezone|Tera Blast|p1a: Goodra
|-damage|p1a: Goodra|2/100
|move|p1a: Goodra|Fire Blast|p2a: Magnezone|[miss]
|-miss|p1a: Goodra|p2a: Magnezone
|
|upkeep
|turn|11
|
|t:|1776042406
|move|p2a: Magnezone|Tera Blast|p1a: Goodra
|-damage|p1a: Goodra|0 fnt
|faint|p1a: Goodra
|
|-fieldend|move: Trick Room
|upkeep
|inactive|hoennhoein has 120 seconds left.
|
|t:|1776042431
|switch|p1a: Deoxys|Deoxys-Defense, shiny|35/100
|-damage|p1a: Deoxys|23/100|[from] Stealth Rock
|-ability|p1a: Deoxys|Pressure
|turn|12
|inactive|hoennhoein has 120 seconds left.
|
|t:|1776042438
|move|p1a: Deoxys|Recover|p1a: Deoxys
|-heal|p1a: Deoxys|73/100
|move|p2a: Magnezone|Thunderbolt|p1a: Deoxys
|-damage|p1a: Deoxys|40/100
|
|upkeep
|turn|13
|
|t:|1776042448
|move|p2a: Magnezone|Thunderbolt|p1a: Deoxys
|-damage|p1a: Deoxys|13/100
|move|p1a: Deoxys|Trick Room|p1a: Deoxys
|-fieldstart|move: Trick Room|[of] p1a: Deoxys
|
|upkeep
|turn|14
|inactive|hoennhoein has 120 seconds left.
|
|t:|1776042467
|move|p2a: Magnezone|Thunderbolt|p1a: Deoxys
|-damage|p1a: Deoxys|0 fnt
|faint|p1a: Deoxys
|
|upkeep
|
|t:|1776042472
|switch|p1a: Uxie|Uxie|100/100
|-damage|p1a: Uxie|88/100|[from] Stealth Rock
|turn|15
|
|t:|1776042480
|move|p2a: Magnezone|Volt Switch|p1a: Uxie
|-damage|p1a: Uxie|67/100
|
|t:|1776042484
|switch|p2a: Bisharp|Bisharp, F|100/100|[from] Volt Switch
|move|p1a: Uxie|U-turn|p2a: Bisharp
|-damage|p2a: Bisharp|92/100
|
|t:|1776042494
|switch|p1a: Azumarill|Azumarill, M, shiny|100/100|[from] U-turn
|-damage|p1a: Azumarill|88/100|[from] Stealth Rock
|
|upkeep
|turn|16
|
|t:|1776042503
|move|p1a: Azumarill|Belly Drum|p1a: Azumarill
|-damage|p1a: Azumarill|38/100
|-setboost|p1a: Azumarill|atk|6|[from] move: Belly Drum
|-enditem|p1a: Azumarill|Sitrus Berry|[eat]
|-heal|p1a: Azumarill|63/100|[from] item: Sitrus Berry
|move|p2a: Bisharp|Swords Dance|p2a: Bisharp
|-boost|p2a: Bisharp|atk|2
|
|upkeep
|turn|17
|
|t:|1776042518
|move|p2a: Bisharp|Sucker Punch|p1a: Azumarill
|-resisted|p1a: Azumarill
|-damage|p1a: Azumarill|20/100
|move|p1a: Azumarill|Play Rough|p2a: Bisharp
|-damage|p2a: Bisharp|0 fnt
|faint|p2a: Bisharp
|
|-fieldend|move: Trick Room
|upkeep
|
|t:|1776042526
|switch|p2a: Scizor|Scizor, F|100/100
|turn|18
|
|t:|1776042543
|move|p2a: Scizor|Bullet Punch|p1a: Azumarill
|-damage|p1a: Azumarill|0 fnt
|faint|p1a: Azumarill
|
|upkeep
|
|t:|1776042548
|switch|p1a: Uxie|Uxie|67/100
|-damage|p1a: Uxie|55/100|[from] Stealth Rock
|turn|19
|
|t:|1776042557
|move|p2a: Scizor|Swords Dance|p2a: Scizor
|-boost|p2a: Scizor|atk|2
|move|p1a: Uxie|Trick Room|p1a: Uxie
|-fieldstart|move: Trick Room|[of] p1a: Uxie
|
|-heal|p1a: Uxie|61/100|[from] item: Leftovers
|upkeep
|turn|20
|
|t:|1776042565
|move|p2a: Scizor|U-turn|p1a: Uxie
|-supereffective|p1a: Uxie
|-damage|p1a: Uxie|0 fnt
|faint|p1a: Uxie
|
|t:|1776042569
|switch|p2a: Lucario|Lucario, F|100/100|[from] U-turn
|
|upkeep
|
|t:|1776042573
|switch|p1a: Ariados|Ariados, F, shiny|100/100
|-damage|p1a: Ariados|76/100|[from] Stealth Rock
|turn|21
|
|t:|1776042585
|-terastallize|p2a: Lucario|Normal
|move|p2a: Lucario|Extreme Speed|p1a: Ariados
|-damage|p1a: Ariados|29/100
|move|p1a: Ariados|Focus Energy|p1a: Ariados
|-start|p1a: Ariados|move: Focus Energy
|
|upkeep
|turn|22
|
|t:|1776042596
|move|p2a: Lucario|Extreme Speed|p1a: Ariados
|-damage|p1a: Ariados|0 fnt
|faint|p1a: Ariados
|
|win|daska
|raw|hoennhoein's rating: 1096 &rarr; <strong>1073</strong><br />(-23 for losing)
|raw|daska's rating: 1123 &rarr; <strong>1146</strong><br />(+23 for winning)
|l|☆hoennhoein
|player|p1|
|l|☆daska
|player|p2|
