|html|<div class="broadcast-blue"><strong>[Gen 9] OU is currently suspecting Tera Blast! For information on how to participate check out the <a href="https://www.smogon.com/tools/suspects/view/200">suspect thread</a>.</strong></div>
|j|☆Depinion_97
|j|☆xinenix
|t:|1776057998
|gametype|singles
|player|p1|Depinion_97|policeman-gen4|1104
|player|p2|xinenix|101|1114
|gen|9
|tier|[Gen 9] OU
|rated|
|rule|HP Percentage Mod: HP is shown in percentages
|rule|Endless Battle Clause: Forcing endless battles is banned
|rule|Species Clause: Limit one of each Pokémon
|rule|OHKO Clause: OHKO moves are banned
|rule|Evasion Items Clause: Evasion items are banned
|rule|Evasion Moves Clause: Evasion moves are banned
|rule|Evasion Abilities Clause: Evasion abilities are banned
|rule|Sleep Moves Clause: Sleep-inducing moves are banned
|clearpoke
|poke|p1|Primarina, F|
|poke|p1|Slowking-Galar, M|
|poke|p1|Great Tusk|
|poke|p1|Corviknight, F|
|poke|p1|Hydreigon, M|
|poke|p1|Rillaboom, M|
|poke|p2|Gallade, M|
|poke|p2|Gardevoir, M|
|poke|p2|Grimmsnarl, M|
|poke|p2|Garchomp, F|
|poke|p2|Weavile, F|
|poke|p2|Heatran, M|
|teampreview
|inactive|Battle timer is ON: inactive players will automatically lose when time's up. (requested by xinenix)
|
|t:|1776058019
|teamsize|p1|6
|teamsize|p2|6
|start
|switch|p1a: Rillaboom|Rillaboom, M|100/100
|switch|p2a: Grimmsnarl|Grimmsnarl, M, shiny|100/100
|-fieldstart|move: Grassy Terrain|[from] ability: Grassy Surge|[of] p1a: Rillaboom
|turn|1
|
|t:|1776058025
|move|p2a: Grimmsnarl|Reflect|p2a: Grimmsnarl
|-sidestart|p2: xinenix|Reflect
|move|p1a: Rillaboom|Wood Hammer|p2a: Grimmsnarl
|-damage|p2a: Grimmsnarl|46/100
|-damage|p1a: Rillaboom|83/100|[from] Recoil
|
|-heal|p1a: Rillaboom|89/100|[from] Grassy Terrain
|-heal|p2a: Grimmsnarl|53/100|[from] Grassy Terrain
|upkeep
|turn|2
|
|t:|1776058049
|move|p2a: Grimmsnarl|Parting Shot|p1a: Rillaboom
|-unboost|p1a: Rillaboom|atk|1
|-unboost|p1a: Rillaboom|spa|1
|
|t:|1776058065
|switch|p2a: Heatran|Heatran, M|100/100|[from] Parting Shot
|move|p1a: Rillaboom|U-turn|p2a: Heatran
|-resisted|p2a: Heatran
|-damage|p2a: Heatran|99/100
|-status|p1a: Rillaboom|brn|[from] ability: Flame Body|[of] p2a: Heatran
|
|t:|1776058074
|switch|p1a: Primarina|Primarina, F|100/100|[from] U-turn
|
|-heal|p2a: Heatran|100/100|[from] Grassy Terrain
|upkeep
|turn|3
|
|t:|1776058089
|switch|p2a: Gardevoir|Gardevoir, M|100/100
|-ability|p2a: Gardevoir|Liquid Voice|Trace|[from] ability: Trace|[of] p1a: Primarina
|move|p1a: Primarina|Alluring Voice|p2a: Gardevoir
|-damage|p2a: Gardevoir|50/100
|
|-heal|p2a: Gardevoir|56/100|[from] Grassy Terrain
|upkeep
|turn|4
|
|t:|1776058102
|move|p2a: Gardevoir|Thunderbolt|p1a: Primarina
|-supereffective|p1a: Primarina
|-damage|p1a: Primarina|49/100
|move|p1a: Primarina|Moonblast|p2a: Gardevoir
|-damage|p2a: Gardevoir|0 fnt
|faint|p2a: Gardevoir
|
|-heal|p1a: Primarina|55/100|[from] Grassy Terrain
|-heal|p1a: Primarina|61/100|[from] item: Leftovers
|upkeep
|
|t:|1776058112
|switch|p2a: Weavile|Weavile, F|100/100
|turn|5
|
|t:|1776058116
|move|p2a: Weavile|Poison Jab|p1a: Primarina
|-supereffective|p1a: Primarina
|-damage|p1a: Primarina|2/100
|move|p1a: Primarina|Flip Turn|p2a: Weavile
|-damage|p2a: Weavile|89/100
|-enditem|p1a: Primarina|Leftovers|[silent]|[from] ability: Pickpocket|[of] p1a: Primarina
|-item|p2a: Weavile|Leftovers|[from] ability: Pickpocket|[of] p1a: Primarina
|
|t:|1776058121
|switch|p1a: Corviknight|Corviknight, F|100/100|[from] Flip Turn
|-ability|p1a: Corviknight|Pressure
|
|-heal|p2a: Weavile|95/100|[from] Grassy Terrain
|-heal|p2a: Weavile|100/100|[from] item: Leftovers
|-fieldend|move: Grassy Terrain
|upkeep
|turn|6
|
|t:|1776058126
|switch|p2a: Heatran|Heatran, M|100/100
|move|p1a: Corviknight|U-turn|p2a: Heatran
|-resisted|p2a: Heatran
|-damage|p2a: Heatran|99/100
|
|t:|1776058129
|switch|p1a: Great Tusk|Great Tusk|100/100|[from] U-turn
|
|-heal|p2a: Heatran|100/100|[from] item: Leftovers
|upkeep
|turn|7
|
|t:|1776058143
|switch|p2a: Garchomp|Garchomp, F|100/100
|move|p1a: Great Tusk|Headlong Rush|p2a: Garchomp
|-damage|p2a: Garchomp|66/100
|-unboost|p1a: Great Tusk|def|1
|-unboost|p1a: Great Tusk|spd|1
|-damage|p1a: Great Tusk|88/100|[from] ability: Rough Skin|[of] p2a: Garchomp
|-damage|p1a: Great Tusk|72/100|[from] item: Rocky Helmet|[of] p2a: Garchomp
|
|upkeep
|turn|8
|
|t:|1776058153
|move|p2a: Garchomp|Dragon Claw|p1a: Great Tusk
|-damage|p1a: Great Tusk|29/100
|move|p1a: Great Tusk|Ice Spinner|p2a: Garchomp
|-supereffective|p2a: Garchomp
|-damage|p2a: Garchomp|10/100
|-damage|p1a: Great Tusk|16/100|[from] ability: Rough Skin|[of] p2a: Garchomp
|-damage|p1a: Great Tusk|0 fnt|[from] item: Rocky Helmet|[of] p2a: Garchomp
|faint|p1a: Great Tusk
|-end|p1a: Great Tusk|Protosynthesis|[silent]
|
|-sideend|p2: xinenix|Reflect
|upkeep
|
|t:|1776058159
|switch|p1a: Rillaboom|Rillaboom, M|89/100 brn
|-fieldstart|move: Grassy Terrain|[from] ability: Grassy Surge|[of] p1a: Rillaboom
|turn|9
|
|t:|1776058163
|move|p2a: Garchomp|Stealth Rock|p1a: Rillaboom
|-sidestart|p1: Depinion_97|move: Stealth Rock
|move|p1a: Rillaboom|U-turn|p2a: Garchomp
|-damage|p2a: Garchomp|0 fnt
|-damage|p1a: Rillaboom|77/100 brn|[from] ability: Rough Skin|[of] p2a: Garchomp
|-damage|p1a: Rillaboom|60/100 brn|[from] item: Rocky Helmet|[of] p2a: Garchomp
|faint|p2a: Garchomp
|
|t:|1776058171
|switch|p1a: Slowking|Slowking-Galar, M|100/100|[from] U-turn
|-damage|p1a: Slowking|88/100|[from] Stealth Rock
|
|-heal|p1a: Slowking|94/100|[from] Grassy Terrain
|upkeep
|
|t:|1776058175
|switch|p2a: Gallade|Gallade, M|100/100
|turn|10
|
|t:|1776058179
|move|p2a: Gallade|Psycho Cut|p1a: Slowking
|-crit|p1a: Slowking
|-damage|p1a: Slowking|31/100
|move|p1a: Slowking|Future Sight|p2a: Gallade
|-start|p1a: Slowking|move: Future Sight
|
|-heal|p1a: Slowking|38/100|[from] Grassy Terrain
|upkeep
|turn|11
|
|t:|1776058189
|switch|p1a: Corviknight|Corviknight, F|100/100
|-damage|p1a: Corviknight|88/100|[from] Stealth Rock
|-ability|p1a: Corviknight|Pressure
|move|p2a: Gallade|Swords Dance|p2a: Gallade
|-boost|p2a: Gallade|atk|2
|
|-heal|p1a: Corviknight|94/100|[from] item: Leftovers
|upkeep
|turn|12
|
|t:|1776058196
|move|p2a: Gallade|Sacred Sword|p1a: Corviknight
|-damage|p1a: Corviknight|14/100
|move|p1a: Corviknight|Brave Bird|p2a: Gallade
|-supereffective|p2a: Gallade
|-damage|p2a: Gallade|0 fnt
|faint|p2a: Gallade
|-damage|p1a: Corviknight|0 fnt|[from] Recoil
|faint|p1a: Corviknight
|
|-hint|Future Sight did not hit because the target is fainted.
|upkeep
|
|t:|1776058206
|switch|p2a: Grimmsnarl|Grimmsnarl, M, shiny|53/100
|switch|p1a: Rillaboom|Rillaboom, M|60/100 brn
|-damage|p1a: Rillaboom|48/100 brn|[from] Stealth Rock
|turn|13
|
|t:|1776058211
|move|p2a: Grimmsnarl|Reflect|p2a: Grimmsnarl
|-sidestart|p2: xinenix|Reflect
|move|p1a: Rillaboom|U-turn|p2a: Grimmsnarl
|-damage|p2a: Grimmsnarl|45/100
|
|t:|1776058214
|switch|p1a: Hydreigon|Hydreigon, M, shiny|100/100|[from] U-turn
|-damage|p1a: Hydreigon|88/100|[from] Stealth Rock
|
|-heal|p2a: Grimmsnarl|51/100|[from] Grassy Terrain
|-fieldend|move: Grassy Terrain
|upkeep
|turn|14
|
|t:|1776058220
|move|p2a: Grimmsnarl|Light Screen|p2a: Grimmsnarl
|-sidestart|p2: xinenix|move: Light Screen
|move|p1a: Hydreigon|Flash Cannon|p2a: Grimmsnarl
|-supereffective|p2a: Grimmsnarl
|-damage|p2a: Grimmsnarl|27/100
|
|upkeep
|turn|15
|
|t:|1776058224
|switch|p1a: Slowking|Slowking-Galar, M|71/100
|-damage|p1a: Slowking|58/100|[from] Stealth Rock
|move|p2a: Grimmsnarl|Play Rough|p1a: Slowking
|-resisted|p1a: Slowking
|-damage|p1a: Slowking|41/100
|-damage|p2a: Grimmsnarl|11/100|[from] item: Rocky Helmet|[of] p1a: Slowking
|
|upkeep
|turn|16
|
|t:|1776058236
|move|p2a: Grimmsnarl|Parting Shot|p1a: Slowking
|-unboost|p1a: Slowking|atk|1
|-unboost|p1a: Slowking|spa|1
|
|t:|1776058243
|switch|p2a: Heatran|Heatran, M|100/100|[from] Parting Shot
|-prepare|p1a: Slowking|Chilly Reception|[premajor]
|move|p1a: Slowking|Chilly Reception|p1a: Slowking
|-weather|Snowscape
|
|t:|1776058249
|switch|p1a: Rillaboom|Rillaboom, M|48/100 brn|[from] Chilly Reception
|-damage|p1a: Rillaboom|36/100 brn|[from] Stealth Rock
|-fieldstart|move: Grassy Terrain|[from] ability: Grassy Surge|[of] p1a: Rillaboom
|
|-weather|Snowscape|[upkeep]
|-heal|p1a: Rillaboom|42/100 brn|[from] Grassy Terrain
|-damage|p1a: Rillaboom|36/100 brn|[from] brn
|upkeep
|turn|17
|
|t:|1776058258
|move|p1a: Rillaboom|Drain Punch|p2a: Heatran
|-supereffective|p2a: Heatran
|-damage|p2a: Heatran|89/100
|-heal|p1a: Rillaboom|41/100 brn|[from] drain|[of] p2a: Heatran
|move|p2a: Heatran|Magma Storm|p1a: Rillaboom
|-supereffective|p1a: Rillaboom
|-damage|p1a: Rillaboom|0 fnt
|faint|p1a: Rillaboom
|
|-weather|Snowscape|[upkeep]
|-heal|p2a: Heatran|96/100|[from] Grassy Terrain
|-heal|p2a: Heatran|100/100|[from] item: Leftovers
|upkeep
|
|t:|1776058261
|switch|p1a: Hydreigon|Hydreigon, M, shiny|88/100
|-damage|p1a: Hydreigon|76/100|[from] Stealth Rock
|turn|18
|
|t:|1776058267
|move|p1a: Hydreigon|Earth Power|p2a: Heatran
|-supereffective|p2a: Heatran
|-damage|p2a: Heatran|50/100
|move|p2a: Heatran|Flash Cannon|p1a: Hydreigon
|-damage|p1a: Hydreigon|24/100
|
|-weather|Snowscape|[upkeep]
|-heal|p2a: Heatran|56/100|[from] Grassy Terrain
|-heal|p2a: Heatran|63/100|[from] item: Leftovers
|upkeep
|turn|19
|
|t:|1776058273
|move|p1a: Hydreigon|Earth Power|p2a: Heatran
|-supereffective|p2a: Heatran
|-damage|p2a: Heatran|9/100
|move|p2a: Heatran|Flash Cannon|p1a: Hydreigon
|-damage|p1a: Hydreigon|0 fnt
|faint|p1a: Hydreigon
|
|-weather|Snowscape|[upkeep]
|-heal|p2a: Heatran|15/100|[from] Grassy Terrain
|-heal|p2a: Heatran|21/100|[from] item: Leftovers
|upkeep
|-message|Depinion_97 forfeited.
|
|win|xinenix
|raw|Depinion_97's rating: 1104 &rarr; <strong>1080</strong><br />(-24 for losing)
|raw|xinenix's rating: 1114 &rarr; <strong>1138</strong><br />(+24 for winning)
|l|☆Depinion_97
|player|p1|
|l|☆xinenix
|player|p2|
