|html|<div class="broadcast-blue"><strong>[Gen 9] OU is currently suspecting Tera Blast! For information on how to participate check out the <a href="https://www.smogon.com/tools/suspects/view/200">suspect thread</a>.</strong></div>
|j|☆splashisuseful
|j|☆UCB0
|t:|1776105402
|gametype|singles
|player|p1|splashisuseful|grimsley-gen7|1312
|player|p2|UCB0|n|1359
|gen|9
|tier|[Gen 9] OU
|rated|
|rule|HP Percentage Mod: HP is shown in percentages
|rule|Endless Battle Clause: Forcing endless battles is banned
|rule|Species Clause: Limit one of each Pokémon
|rule|OHKO Clause: OHKO moves are banned
|rule|Evasion Items Clause: Evasion items are banned
|rule|Evasion Moves Clause: Evasion moves are banned
|rule|Evasion Abilities Clause: Evasion abilities are banned
|rule|Sleep Moves Clause: Sleep-inducing moves are banned
|clearpoke
|poke|p1|Pelipper, M|
|poke|p1|Raging Bolt|
|poke|p1|Overqwil, F|
|poke|p1|Barraskewda, F|
|poke|p1|Iron Treads|
|poke|p1|Kingambit, M|
|poke|p2|Excadrill, M|
|poke|p2|Abomasnow, M|
|poke|p2|Clodsire, F|
|poke|p2|Iron Moth|
|poke|p2|Skarmory, M|
|poke|p2|Morpeko, F|
|teampreview
|inactive|Battle timer is ON: inactive players will automatically lose when time's up. (requested by splashisuseful)
|
|t:|1776105416
|teamsize|p1|6
|teamsize|p2|6
|start
|switch|p1a: Pelipper|Pelipper, M|100/100
|switch|p2a: High priestes|Clodsire, F, shiny|100/100
|-weather|RainDance|[from] ability: Drizzle|[of] p1a: Pelipper
|turn|1
|inactive|splashisuseful has 120 seconds left.
|
|t:|1776105448
|move|p1a: Pelipper|Hurricane|p2a: High priestes
|-damage|p2a: High priestes|88/100
|-start|p2a: High priestes|confusion
|-activate|p2a: High priestes|confusion
|-damage|p2a: High priestes|80/100|[from] confusion
|
|-weather|RainDance|[upkeep]
|upkeep
|turn|2
|
|t:|1776105455
|move|p1a: Pelipper|U-turn|p2a: High priestes
|-resisted|p2a: High priestes
|-damage|p2a: High priestes|75/100
|
|t:|1776105470
|switch|p1a: Iron Treads|Iron Treads|100/100|[from] U-turn
|-enditem|p1a: Iron Treads|Booster Energy
|-activate|p1a: Iron Treads|ability: Quark Drive|[fromitem]
|-start|p1a: Iron Treads|quarkdrivespe
|-activate|p2a: High priestes|confusion
|move|p2a: High priestes|Gunk Shot|p1a: Iron Treads
|-immune|p1a: Iron Treads
|
|-weather|RainDance|[upkeep]
|upkeep
|turn|3
|inactive|splashisuseful has 120 seconds left.
|
|t:|1776105492
|switch|p2a: Silver chariot|Skarmory, M|100/100
|move|p1a: Iron Treads|Stealth Rock|p2a: Silver chariot
|-sidestart|p2: UCB0|move: Stealth Rock
|
|-weather|RainDance|[upkeep]
|upkeep
|turn|4
|inactive|splashisuseful has 120 seconds left.
|
|t:|1776105506
|-end|p1a: Iron Treads|Quark Drive|[silent]
|switch|p1a: Raging Bolt|Raging Bolt|100/100
|-enditem|p1a: Raging Bolt|Booster Energy
|-activate|p1a: Raging Bolt|ability: Protosynthesis|[fromitem]
|-start|p1a: Raging Bolt|protosynthesisspa
|move|p2a: Silver chariot|Body Press|p1a: Raging Bolt
|-damage|p1a: Raging Bolt|72/100
|
|-weather|RainDance|[upkeep]
|upkeep
|turn|5
|inactive|splashisuseful has 120 seconds left.
|
|t:|1776105514
|switch|p2a: High priestes|Clodsire, F, shiny|75/100
|-damage|p2a: High priestes|69/100|[from] Stealth Rock
|move|p1a: Raging Bolt|Draco Meteor|p2a: High priestes
|-damage|p2a: High priestes|33/100
|-unboost|p1a: Raging Bolt|spa|2
|
|-weather|RainDance|[upkeep]
|upkeep
|turn|6
|inactive|splashisuseful has 120 seconds left.
|
|t:|1776105531
|-end|p1a: Raging Bolt|Protosynthesis|[silent]
|switch|p1a: Iron Treads|Iron Treads|100/100
|move|p2a: High priestes|Rock Tomb|p1a: Iron Treads
|-resisted|p1a: Iron Treads
|-damage|p1a: Iron Treads|98/100
|-unboost|p1a: Iron Treads|spe|1
|
|-weather|RainDance|[upkeep]
|upkeep
|turn|7
|inactive|splashisuseful has 120 seconds left.
|
|t:|1776105542
|-end|p1a: Iron Treads|Quark Drive|[silent]
|switch|p1a: Raging Bolt|Raging Bolt|72/100
|switch|p2a: Silver chariot|Skarmory, M|100/100
|-damage|p2a: Silver chariot|88/100|[from] Stealth Rock
|
|-weather|RainDance|[upkeep]
|upkeep
|turn|8
|
|t:|1776105549
|switch|p2a: High priestes|Clodsire, F, shiny|33/100
|-damage|p2a: High priestes|27/100|[from] Stealth Rock
|move|p1a: Raging Bolt|Draco Meteor|p2a: High priestes
|-damage|p2a: High priestes|1/100
|-unboost|p1a: Raging Bolt|spa|2
|
|-weather|none
|upkeep
|turn|9
|inactive|splashisuseful has 120 seconds left.
|
|t:|1776105567
|move|p1a: Raging Bolt|Weather Ball|p2a: High priestes
|-damage|p2a: High priestes|0 fnt
|faint|p2a: High priestes
|
|upkeep
|
|t:|1776105573
|switch|p2a: Star platinum|Excadrill, M|100/100
|-damage|p2a: Star platinum|97/100|[from] Stealth Rock
|-ability|p2a: Star platinum|Mold Breaker
|turn|10
|
|t:|1776105584
|-end|p1a: Raging Bolt|Protosynthesis|[silent]
|switch|p1a: Pelipper|Pelipper, M|100/100
|-weather|RainDance|[from] ability: Drizzle|[of] p1a: Pelipper
|move|p2a: Star platinum|Earthquake|p1a: Pelipper
|-immune|p1a: Pelipper
|
|-weather|RainDance|[upkeep]
|upkeep
|turn|11
|
|t:|1776105588
|switch|p2a: Joseph J|Abomasnow, M, shiny|100/100
|-damage|p2a: Joseph J|76/100|[from] Stealth Rock
|-weather|Snowscape|[from] ability: Snow Warning|[of] p2a: Joseph J
|move|p1a: Pelipper|Weather Ball|p2a: Joseph J
|-damage|p2a: Joseph J|48/100
|
|-weather|Snowscape|[upkeep]
|upkeep
|turn|12
|
|t:|1776105607
|move|p2a: Joseph J|Aurora Veil|p2a: Joseph J
|-sidestart|p2: UCB0|move: Aurora Veil
|move|p1a: Pelipper|Hurricane|p2a: Joseph J
|-supereffective|p2a: Joseph J
|-damage|p2a: Joseph J|4/100
|
|-weather|Snowscape|[upkeep]
|upkeep
|turn|13
|
|t:|1776105612
|move|p2a: Joseph J|Icicle Spear|p1a: Pelipper
|-damage|p1a: Pelipper|92/100
|-damage|p1a: Pelipper|83/100
|-damage|p1a: Pelipper|75/100
|-damage|p1a: Pelipper|66/100
|-hitcount|p1a: Pelipper|4
|move|p1a: Pelipper|U-turn|p2a: Joseph J
|-supereffective|p2a: Joseph J
|-damage|p2a: Joseph J|0 fnt
|faint|p2a: Joseph J
|
|t:|1776105621
|switch|p1a: Barraskewda|Barraskewda, F|100/100|[from] U-turn
|
|-weather|Snowscape|[upkeep]
|upkeep
|
|t:|1776105627
|switch|p2a: Flare magician|Iron Moth, shiny|100/100
|-damage|p2a: Flare magician|76/100|[from] Stealth Rock
|-enditem|p2a: Flare magician|Booster Energy
|-activate|p2a: Flare magician|ability: Quark Drive|[fromitem]
|-start|p2a: Flare magician|quarkdrivespe
|turn|14
|
|t:|1776105641
|-terastallize|p1a: Barraskewda|Water
|move|p2a: Flare magician|Energy Ball|p1a: Barraskewda
|-supereffective|p1a: Barraskewda
|-damage|p1a: Barraskewda|0 fnt
|faint|p1a: Barraskewda
|
|-weather|Snowscape|[upkeep]
|upkeep
|
|t:|1776105655
|switch|p1a: Pelipper|Pelipper, M|66/100
|-weather|RainDance|[from] ability: Drizzle|[of] p1a: Pelipper
|turn|15
|
|t:|1776105670
|move|p2a: Flare magician|Sludge Wave|p1a: Pelipper
|-damage|p1a: Pelipper|0 fnt
|faint|p1a: Pelipper
|
|-weather|RainDance|[upkeep]
|upkeep
|
|t:|1776105697
|switch|p1a: Overqwil|Overqwil, F|100/100
|turn|16
|
|t:|1776105713
|-terastallize|p2a: Flare magician|Ground
|move|p1a: Overqwil|Liquidation|p2a: Flare magician
|-supereffective|p2a: Flare magician
|-damage|p2a: Flare magician|0 fnt
|faint|p2a: Flare magician
|-end|p2a: Flare magician|Quark Drive|[silent]
|-damage|p1a: Overqwil|91/100|[from] item: Life Orb
|
|-weather|RainDance|[upkeep]
|-sideend|p2: UCB0|move: Aurora Veil
|upkeep
|
|t:|1776105720
|switch|p2a: Silver chariot|Skarmory, M|88/100
|-damage|p2a: Silver chariot|76/100|[from] Stealth Rock
|turn|17
|inactive|splashisuseful has 120 seconds left.
|
|t:|1776105764
|move|p1a: Overqwil|Liquidation|p2a: Silver chariot
|-damage|p2a: Silver chariot|43/100
|-damage|p1a: Overqwil|74/100|[from] item: Rocky Helmet|[of] p2a: Silver chariot
|-damage|p1a: Overqwil|64/100|[from] item: Life Orb
|move|p2a: Silver chariot|Iron Defense|p2a: Silver chariot
|-boost|p2a: Silver chariot|def|2
|
|-weather|RainDance|[upkeep]
|upkeep
|turn|18
|
|t:|1776105771
|switch|p1a: Raging Bolt|Raging Bolt|72/100
|move|p2a: Silver chariot|Body Press|p1a: Raging Bolt
|-damage|p1a: Raging Bolt|17/100
|
|-weather|RainDance|[upkeep]
|upkeep
|turn|19
|inactive|splashisuseful has 120 seconds left.
|inactive|UCB0 has 120 seconds left.
|
|t:|1776105803
|move|p1a: Raging Bolt|Thunderclap|p2a: Silver chariot
|-supereffective|p2a: Silver chariot
|-damage|p2a: Silver chariot|0 fnt
|faint|p2a: Silver chariot
|
|-weather|RainDance|[upkeep]
|upkeep
|
|t:|1776105806
|switch|p2a: Star platinum|Excadrill, M|97/100
|-damage|p2a: Star platinum|94/100|[from] Stealth Rock
|-ability|p2a: Star platinum|Mold Breaker
|turn|20
|
|t:|1776105808
|move|p2a: Star platinum|Earthquake|p1a: Raging Bolt
|-supereffective|p1a: Raging Bolt
|-damage|p1a: Raging Bolt|0 fnt
|faint|p1a: Raging Bolt
|-end|p1a: Raging Bolt|Protosynthesis|[silent]
|
|-weather|RainDance|[upkeep]
|upkeep
|
|t:|1776105813
|switch|p1a: Overqwil|Overqwil, F|64/100
|turn|21
|
|t:|1776105816
|move|p1a: Overqwil|Liquidation|p2a: Star platinum
|-supereffective|p2a: Star platinum
|-damage|p2a: Star platinum|0 fnt
|faint|p2a: Star platinum
|-damage|p1a: Overqwil|55/100|[from] item: Life Orb
|
|-weather|RainDance|[upkeep]
|upkeep
|
|t:|1776105818
|switch|p2a: Josuke J|Morpeko, F, shiny|100/100
|turn|22
|
|t:|1776105832
|move|p2a: Josuke J|Fake Out|p1a: Overqwil
|-damage|p1a: Overqwil|41/100
|cant|p1a: Overqwil|flinch
|
|-weather|none
|-formechange|p2a: Josuke J|Morpeko-Hangry||[from] ability: Hunger Switch
|upkeep
|turn|23
|c|☆UCB0|Gg
|
|t:|1776105847
|move|p2a: Josuke J|Aura Wheel|p1a: Overqwil
|-resisted|p1a: Overqwil
|-crit|p1a: Overqwil
|-damage|p1a: Overqwil|0 fnt
|-boost|p2a: Josuke J|spe|1
|faint|p1a: Overqwil
|
|-formechange|p2a: Josuke J|Morpeko||[from] ability: Hunger Switch
|upkeep
|
|t:|1776105857
|switch|p1a: Iron Treads|Iron Treads|98/100
|turn|24
|
|t:|1776105859
|move|p2a: Josuke J|Parting Shot|p1a: Iron Treads
|-unboost|p1a: Iron Treads|atk|1
|-unboost|p1a: Iron Treads|spa|1
|move|p1a: Iron Treads|Earth Power|p2a: Josuke J
|-supereffective|p2a: Josuke J
|-damage|p2a: Josuke J|0 fnt
|faint|p2a: Josuke J
|
|win|splashisuseful
|raw|splashisuseful's rating: 1312 &rarr; <strong>1335</strong><br />(+23 for winning)
|raw|UCB0's rating: 1359 &rarr; <strong>1336</strong><br />(-23 for losing)
|c|☆splashisuseful|gg
|l|☆splashisuseful
|player|p1|
|l|☆UCB0
|player|p2|
