|html|<div class="broadcast-blue"><strong>[Gen 9] OU is currently suspecting Tera Blast! For information on how to participate check out the <a href="https://www.smogon.com/tools/suspects/view/200">suspect thread</a>.</strong></div>
|j|☆stonee_boi
|j|☆kingy98
|t:|1776192826
|gametype|singles
|player|p1|stonee_boi|fisherman-gen4|1031
|player|p2|kingy98|gentleman-gen4dp|1043
|gen|9
|tier|[Gen 9] OU
|rated|
|rule|HP Percentage Mod: HP is shown in percentages
|rule|Endless Battle Clause: Forcing endless battles is banned
|rule|Species Clause: Limit one of each Pokémon
|rule|OHKO Clause: OHKO moves are banned
|rule|Evasion Items Clause: Evasion items are banned
|rule|Evasion Moves Clause: Evasion moves are banned
|rule|Evasion Abilities Clause: Evasion abilities are banned
|rule|Sleep Moves Clause: Sleep-inducing moves are banned
|clearpoke
|poke|p1|Samurott-Hisui, M|
|poke|p1|Gliscor, F|
|poke|p1|Gholdengo|
|poke|p1|Tentacruel, F|
|poke|p1|Iron Valiant|
|poke|p1|Dragonite, M|
|poke|p2|Glimmora, M|
|poke|p2|Ursaluna, M|
|poke|p2|Garganacl, M|
|poke|p2|Gliscor, F|
|poke|p2|Dragonite, F|
|poke|p2|Kingambit, M|
|teampreview
|inactive|Battle timer is ON: inactive players will automatically lose when time's up. (requested by stonee_boi)
|
|t:|1776192843
|teamsize|p1|6
|teamsize|p2|6
|start
|switch|p1a: Samurott|Samurott-Hisui, M|100/100
|switch|p2a: GET ROCKED|Glimmora, M|100/100
|turn|1
|inactive|kingy98 has 120 seconds left.
|
|t:|1776192882
|move|p2a: GET ROCKED|Stealth Rock|p1a: Samurott
|-sidestart|p1: stonee_boi|move: Stealth Rock
|move|p1a: Samurott|Ceaseless Edge|p2a: GET ROCKED
|-damage|p2a: GET ROCKED|54/100
|-activate|p2a: GET ROCKED|ability: Toxic Debris
|-sidestart|p1: stonee_boi|move: Toxic Spikes
|-sidestart|p2: kingy98|Spikes
|
|-heal|p2a: GET ROCKED|60/100|[from] item: Leftovers
|upkeep
|turn|2
|inactive|kingy98 has 120 seconds left.
|
|t:|1776192898
|move|p2a: GET ROCKED|Spikes|p1a: Samurott
|-sidestart|p1: stonee_boi|Spikes
|move|p1a: Samurott|Ceaseless Edge|p2a: GET ROCKED
|-damage|p2a: GET ROCKED|16/100
|-activate|p2a: GET ROCKED|ability: Toxic Debris
|-sidestart|p1: stonee_boi|move: Toxic Spikes
|-sidestart|p2: kingy98|Spikes
|
|-heal|p2a: GET ROCKED|22/100|[from] item: Leftovers
|upkeep
|turn|3
|inactive|kingy98 has 120 seconds left.
|
|t:|1776192908
|move|p2a: GET ROCKED|Spikes|p1a: Samurott
|-sidestart|p1: stonee_boi|Spikes
|move|p1a: Samurott|Ceaseless Edge|p2a: GET ROCKED
|-damage|p2a: GET ROCKED|0 fnt
|-sidestart|p2: kingy98|Spikes
|faint|p2a: GET ROCKED
|
|upkeep
|inactive|kingy98 has 120 seconds left.
|
|t:|1776192915
|switch|p2a: Dragonite|Dragonite, F|100/100
|turn|4
|
|t:|1776192919
|-terastallize|p2a: Dragonite|Dragon
|move|p2a: Dragonite|Scale Shot|p1a: Samurott|[miss]
|-miss|p2a: Dragonite|p1a: Samurott
|move|p1a: Samurott|Flip Turn|p2a: Dragonite
|-resisted|p2a: Dragonite
|-damage|p2a: Dragonite|91/100
|
|t:|1776192934
|switch|p1a: Tentacruel|Tentacruel, F|100/100|[from] Flip Turn
|-sideend|p1: stonee_boi|move: Toxic Spikes|[of] p1a: Tentacruel
|
|upkeep
|turn|5
|
|t:|1776192943
|move|p1a: Tentacruel|Rapid Spin|p2a: Dragonite
|-damage|p2a: Dragonite|82/100
|-boost|p1a: Tentacruel|spe|1
|-sideend|p1: stonee_boi|Spikes|[from] move: Rapid Spin|[of] p1a: Tentacruel
|-sideend|p1: stonee_boi|Stealth Rock|[from] move: Rapid Spin|[of] p1a: Tentacruel
|move|p2a: Dragonite|Scale Shot|p1a: Tentacruel|[miss]
|-miss|p2a: Dragonite|p1a: Tentacruel
|
|upkeep
|turn|6
|c|☆stonee_boi|yikes
|c|☆kingy98|f*** you
|
|t:|1776192961
|move|p1a: Tentacruel|Toxic|p2a: Dragonite
|-status|p2a: Dragonite|tox
|move|p2a: Dragonite|Scale Shot|p1a: Tentacruel
|-damage|p1a: Tentacruel|71/100
|-damage|p1a: Tentacruel|41/100
|-damage|p1a: Tentacruel|8/100
|-damage|p1a: Tentacruel|0 fnt
|faint|p1a: Tentacruel
|-hitcount|p1: Tentacruel|4
|-unboost|p2a: Dragonite|def|1
|-boost|p2a: Dragonite|spe|1
|
|-damage|p2a: Dragonite|76/100 tox|[from] psn
|upkeep
|c|☆stonee_boi|sorry man thats just the way it goes
|inactive|stonee_boi has 120 seconds left.
|inactive|stonee_boi has 90 seconds left.
|
|t:|1776193017
|switch|p1a: Iron Valiant|Iron Valiant|100/100
|-enditem|p1a: Iron Valiant|Booster Energy
|-activate|p1a: Iron Valiant|ability: Quark Drive|[fromitem]
|-start|p1a: Iron Valiant|quarkdrivespe
|turn|7
|c|☆kingy98|I know, but I stil hate you with every ounce of my soul,I truly dispise you with such a profound passion, I wish were never born.B***!!!
|c|☆kingy98|no offence
|inactive|kingy98 has 120 seconds left.
|c|☆stonee_boi|none taken
|c|☆kingy98|gg
|-message|kingy98 forfeited.
|
|win|stonee_boi
