|html|<div class="broadcast-blue"><strong>[Gen 9] OU is currently suspecting Tera Blast! For information on how to participate check out the <a href="https://www.smogon.com/tools/suspects/view/200">suspect thread</a>.</strong></div>
|j|☆1200s chud
|j|☆Pyrez57
|t:|1776041898
|gametype|singles
|player|p1|1200s chud|drayton|1618
|player|p2|Pyrez57|adaman|1595
|gen|9
|tier|[Gen 9] OU
|rated|
|rule|HP Percentage Mod: HP is shown in percentages
|rule|Endless Battle Clause: Forcing endless battles is banned
|rule|Species Clause: Limit one of each Pokémon
|rule|OHKO Clause: OHKO moves are banned
|rule|Evasion Items Clause: Evasion items are banned
|rule|Evasion Moves Clause: Evasion moves are banned
|rule|Evasion Abilities Clause: Evasion abilities are banned
|rule|Sleep Moves Clause: Sleep-inducing moves are banned
|clearpoke
|poke|p1|Araquanid, F|
|poke|p1|Gholdengo|
|poke|p1|Rillaboom, M|
|poke|p1|Zamazenta-*|
|poke|p1|Glimmora, F|
|poke|p1|Heatran, F|
|poke|p2|Great Tusk|
|poke|p2|Zapdos|
|poke|p2|Ogerpon-Wellspring, F|
|poke|p2|Latios, M|
|poke|p2|Kingambit, M|
|poke|p2|Grimmsnarl, M|
|teampreview
|inactive|Battle timer is ON: inactive players will automatically lose when time's up. (requested by 1200s chud)
|inactive|1200s chud has 120 seconds left.
|
|t:|1776041942
|teamsize|p1|6
|teamsize|p2|6
|start
|switch|p1a: Glimmora|Glimmora, F|100/100
|switch|p2a: Mr. Prince|Latios, M, shiny|100/100
|turn|1
|
|t:|1776041949
|switch|p1a: Heatran|Heatran, F|100/100
|move|p2a: Mr. Prince|Luster Purge|p1a: Heatran
|-resisted|p1a: Heatran
|-damage|p1a: Heatran|81/100
|-unboost|p1a: Heatran|spd|1
|
|-heal|p1a: Heatran|87/100|[from] item: Leftovers
|upkeep
|turn|2
|
|t:|1776041961
|move|p2a: Mr. Prince|Luster Purge|p1a: Heatran
|-resisted|p1a: Heatran
|-damage|p1a: Heatran|55/100
|move|p1a: Heatran|Magma Storm|p2a: Mr. Prince
|-resisted|p2a: Mr. Prince
|-damage|p2a: Mr. Prince|78/100
|-activate|p2a: Mr. Prince|move: Magma Storm|[of] p1a: Heatran
|
|-heal|p1a: Heatran|61/100|[from] item: Leftovers
|-damage|p2a: Mr. Prince|66/100|[from] move: Magma Storm|[partiallytrapped]
|upkeep
|turn|3
|
|t:|1776041968
|move|p1a: Heatran|Protect|p1a: Heatran
|-singleturn|p1a: Heatran|Protect
|move|p2a: Mr. Prince|Recover|p2a: Mr. Prince
|-heal|p2a: Mr. Prince|100/100
|
|-heal|p1a: Heatran|67/100|[from] item: Leftovers
|-damage|p2a: Mr. Prince|88/100|[from] move: Magma Storm|[partiallytrapped]
|upkeep
|turn|4
|
|t:|1776041982
|switch|p1a: Rillaboom|Rillaboom, M|100/100
|-fieldstart|move: Grassy Terrain|[from] ability: Grassy Surge|[of] p1a: Rillaboom
|move|p2a: Mr. Prince|Draco Meteor|p1a: Rillaboom
|-damage|p1a: Rillaboom|4/100
|-unboost|p2a: Mr. Prince|spa|2
|
|-heal|p1a: Rillaboom|10/100|[from] Grassy Terrain
|-end|p2a: Mr. Prince|Magma Storm|[partiallytrapped]|[silent]
|upkeep
|turn|5
|
|t:|1776042003
|switch|p1a: Araquanid|Araquanid, F|100/100
|move|p2a: Mr. Prince|Ice Beam|p1a: Araquanid
|-resisted|p1a: Araquanid
|-damage|p1a: Araquanid|93/100
|
|-heal|p1a: Araquanid|99/100|[from] Grassy Terrain
|upkeep
|turn|6
|inactive|1200s chud has 120 seconds left.
|
|t:|1776042041
|switch|p2a: Battery Acid|Zapdos, shiny|100/100
|move|p1a: Araquanid|Liquidation|p2a: Battery Acid
|-damage|p2a: Battery Acid|11/100
|-unboost|p2a: Battery Acid|def|1
|-status|p1a: Araquanid|par|[from] ability: Static|[of] p2a: Battery Acid
|
|-heal|p1a: Araquanid|100/100 par|[from] Grassy Terrain
|upkeep
|turn|7
|inactive|1200s chud has 120 seconds left.
|
|t:|1776042053
|switch|p1a: Rillaboom|Rillaboom, M|10/100
|move|p2a: Battery Acid|Volt Switch|p1a: Rillaboom
|-resisted|p1a: Rillaboom
|-damage|p1a: Rillaboom|0 fnt
|faint|p1a: Rillaboom
|
|t:|1776042062
|switch|p2a: Mr. Prince|Latios, M, shiny|88/100|[from] Volt Switch
|
|upkeep
|inactive|1200s chud has 120 seconds left.
|
|t:|1776042076
|switch|p1a: Gholdengo|Gholdengo|100/100
|-enditem|p1a: Gholdengo|Grassy Seed
|-boost|p1a: Gholdengo|def|1|[from] item: Grassy Seed
|turn|8
|j| raditzisthebest
|
|t:|1776042094
|-terastallize|p2a: Mr. Prince|Steel
|move|p2a: Mr. Prince|Luster Purge|p1a: Gholdengo
|-resisted|p1a: Gholdengo
|-damage|p1a: Gholdengo|72/100
|move|p1a: Gholdengo|Nasty Plot|p1a: Gholdengo
|-boost|p1a: Gholdengo|spa|2
|
|-heal|p1a: Gholdengo|78/100|[from] Grassy Terrain
|upkeep
|turn|9
|
|t:|1776042108
|switch|p2a: Goldberg|Grimmsnarl, M|100/100
|move|p1a: Gholdengo|Nasty Plot|p1a: Gholdengo
|-boost|p1a: Gholdengo|spa|2
|
|-heal|p1a: Gholdengo|84/100|[from] Grassy Terrain
|upkeep
|turn|10
|
|t:|1776042112
|move|p2a: Goldberg|Light Screen|p2a: Goldberg
|-sidestart|p2: Pyrez57|move: Light Screen
|move|p1a: Gholdengo|Nasty Plot|p1a: Gholdengo
|-boost|p1a: Gholdengo|spa|2
|
|-heal|p1a: Gholdengo|90/100|[from] Grassy Terrain
|upkeep
|turn|11
|
|t:|1776042115
|move|p2a: Goldberg|Reflect|p2a: Goldberg
|-sidestart|p2: Pyrez57|Reflect
|move|p1a: Gholdengo|Make It Rain|p2a: Goldberg
|-supereffective|p2a: Goldberg
|-damage|p2a: Goldberg|0 fnt
|-unboost|p1a: Gholdengo|spa|1
|faint|p2a: Goldberg
|
|-heal|p1a: Gholdengo|96/100|[from] Grassy Terrain
|-fieldend|move: Grassy Terrain
|upkeep
|
|t:|1776042117
|switch|p2a: Battery Acid|Zapdos, shiny|11/100
|turn|12
|
|t:|1776042125
|-terastallize|p1a: Gholdengo|Steel
|move|p2a: Battery Acid|Heat Wave|p1a: Gholdengo
|-supereffective|p1a: Gholdengo
|-damage|p1a: Gholdengo|33/100
|move|p1a: Gholdengo|Make It Rain|p2a: Battery Acid
|-resisted|p2a: Battery Acid
|-damage|p2a: Battery Acid|0 fnt
|-unboost|p1a: Gholdengo|spa|1
|faint|p2a: Battery Acid
|
|upkeep
|
|t:|1776042129
|switch|p2a: Mr. Prince|Latios, M, shiny, tera:Steel|88/100
|turn|13
|
|t:|1776042141
|move|p2a: Mr. Prince|Draco Meteor|p1a: Gholdengo|[miss]
|-miss|p2a: Mr. Prince|p1a: Gholdengo
|move|p1a: Gholdengo|Recover|p1a: Gholdengo
|-heal|p1a: Gholdengo|83/100
|
|upkeep
|turn|14
|
|t:|1776042149
|move|p2a: Mr. Prince|Luster Purge|p1a: Gholdengo
|-resisted|p1a: Gholdengo
|-damage|p1a: Gholdengo|52/100
|move|p1a: Gholdengo|Recover|p1a: Gholdengo
|-heal|p1a: Gholdengo|100/100
|
|upkeep
|turn|15
|
|t:|1776042153
|move|p2a: Mr. Prince|Luster Purge|p1a: Gholdengo
|-resisted|p1a: Gholdengo
|-damage|p1a: Gholdengo|70/100
|move|p1a: Gholdengo|Nasty Plot|p1a: Gholdengo
|-boost|p1a: Gholdengo|spa|2
|
|upkeep
|turn|16
|
|t:|1776042164
|move|p2a: Mr. Prince|Luster Purge|p1a: Gholdengo
|-resisted|p1a: Gholdengo
|-damage|p1a: Gholdengo|39/100
|move|p1a: Gholdengo|Recover|p1a: Gholdengo
|-heal|p1a: Gholdengo|90/100
|
|upkeep
|turn|17
|
|t:|1776042170
|move|p2a: Mr. Prince|Luster Purge|p1a: Gholdengo
|-resisted|p1a: Gholdengo
|-damage|p1a: Gholdengo|61/100
|-unboost|p1a: Gholdengo|spd|1
|move|p1a: Gholdengo|Make It Rain|p2a: Mr. Prince
|-resisted|p2a: Mr. Prince
|-damage|p2a: Mr. Prince|0 fnt
|-unboost|p1a: Gholdengo|spa|1
|faint|p2a: Mr. Prince
|
|-sideend|p2: Pyrez57|move: Light Screen
|upkeep
|-message|Pyrez57 forfeited.
|
|win|1200s chud
|raw|1200s chud's rating: 1618 &rarr; <strong>1637</strong><br />(+19 for winning)
|raw|Pyrez57's rating: 1595 &rarr; <strong>1576</strong><br />(-19 for losing)
|l|☆Pyrez57
|player|p2|
