|html|<div class="broadcast-blue"><strong>[Gen 9] OU is currently suspecting Tera Blast! For information on how to participate check out the <a href="https://www.smogon.com/tools/suspects/view/200">suspect thread</a>.</strong></div>
|j|☆Hider123
|j|☆WooTB
|t:|1776068434
|gametype|singles
|player|p1|Hider123|dawn|1318
|player|p2|WooTB|palmer|1320
|gen|9
|tier|[Gen 9] OU
|rated|
|rule|HP Percentage Mod: HP is shown in percentages
|rule|Endless Battle Clause: Forcing endless battles is banned
|rule|Species Clause: Limit one of each Pokémon
|rule|OHKO Clause: OHKO moves are banned
|rule|Evasion Items Clause: Evasion items are banned
|rule|Evasion Moves Clause: Evasion moves are banned
|rule|Evasion Abilities Clause: Evasion abilities are banned
|rule|Sleep Moves Clause: Sleep-inducing moves are banned
|clearpoke
|poke|p1|Sandy Shocks|
|poke|p1|Ogerpon, F|
|poke|p1|Latios, M|
|poke|p1|Scizor, F|
|poke|p1|Manaphy|
|poke|p1|Iron Jugulis|
|poke|p2|Gliscor, F|
|poke|p2|Blissey, F|
|poke|p2|Dondozo, F|
|poke|p2|Clodsire, M|
|poke|p2|Ting-Lu|
|poke|p2|Talonflame, M|
|teampreview
|
|t:|1776068445
|teamsize|p1|6
|teamsize|p2|6
|start
|switch|p1a: Iron Jugulis|Iron Jugulis|100/100
|switch|p2a: Gliscor|Gliscor, F|100/100
|-enditem|p1a: Iron Jugulis|Booster Energy
|-activate|p1a: Iron Jugulis|ability: Quark Drive|[fromitem]
|-start|p1a: Iron Jugulis|quarkdrivespe
|turn|1
|
|t:|1776068455
|move|p2a: Gliscor|Protect|p2a: Gliscor
|-singleturn|p2a: Gliscor|Protect
|move|p1a: Iron Jugulis|Taunt|p2a: Gliscor
|-activate|p2a: Gliscor|move: Protect
|
|-status|p2a: Gliscor|tox|[from] item: Toxic Orb
|upkeep
|turn|2
|
|t:|1776068466
|switch|p2a: Ting-Lu|Ting-Lu|100/100
|-ability|p2a: Ting-Lu|Vessel of Ruin
|move|p1a: Iron Jugulis|Taunt|p2a: Ting-Lu
|-start|p2a: Ting-Lu|move: Taunt
|
|upkeep
|turn|3
|
|t:|1776068484
|-end|p1a: Iron Jugulis|Quark Drive|[silent]
|switch|p1a: Manaphy|Manaphy|100/100
|move|p2a: Ting-Lu|Ruination|p1a: Manaphy|[miss]
|-miss|p2a: Ting-Lu|p1a: Manaphy
|
|upkeep
|turn|4
|
|t:|1776068491
|move|p1a: Manaphy|Tail Glow|p1a: Manaphy
|-boost|p1a: Manaphy|spa|3
|move|p2a: Ting-Lu|Ruination|p1a: Manaphy
|-damage|p1a: Manaphy|50/100
|-enditem|p1a: Manaphy|Sitrus Berry|[eat]
|-heal|p1a: Manaphy|75/100|[from] item: Sitrus Berry
|
|-end|p2a: Ting-Lu|move: Taunt
|upkeep
|turn|5
|
|t:|1776068505
|switch|p2a: Dondozo|Dondozo, F|100/100
|move|p1a: Manaphy|Surf|p2a: Dondozo
|-resisted|p2a: Dondozo
|-damage|p2a: Dondozo|82/100
|
|-heal|p2a: Dondozo|89/100|[from] item: Leftovers
|upkeep
|turn|6
|
|t:|1776068514
|move|p1a: Manaphy|Energy Ball|p2a: Dondozo
|-supereffective|p2a: Dondozo
|-damage|p2a: Dondozo|45/100
|-unboost|p2a: Dondozo|spd|1
|move|p2a: Dondozo|Body Press|p1a: Manaphy
|-damage|p1a: Manaphy|50/100
|
|-heal|p2a: Dondozo|51/100|[from] item: Leftovers
|upkeep
|turn|7
|
|t:|1776068528
|switch|p2a: Blissey|Blissey, F|100/100
|move|p1a: Manaphy|Energy Ball|p2a: Blissey
|-damage|p2a: Blissey|79/100
|
|upkeep
|turn|8
|
|t:|1776068546
|switch|p1a: Sandy Shocks|Sandy Shocks|100/100
|-enditem|p1a: Sandy Shocks|Booster Energy
|-activate|p1a: Sandy Shocks|ability: Protosynthesis|[fromitem]
|-start|p1a: Sandy Shocks|protosynthesisspe
|move|p2a: Blissey|Calm Mind|p2a: Blissey
|-boost|p2a: Blissey|spa|1
|-boost|p2a: Blissey|spd|1
|
|upkeep
|turn|9
|
|t:|1776068557
|move|p1a: Sandy Shocks|Stealth Rock|p2a: Blissey
|-sidestart|p2: WooTB|move: Stealth Rock
|move|p2a: Blissey|Calm Mind|p2a: Blissey
|-boost|p2a: Blissey|spa|1
|-boost|p2a: Blissey|spd|1
|
|upkeep
|turn|10
|
|t:|1776068563
|-end|p1a: Sandy Shocks|Protosynthesis|[silent]
|switch|p1a: Scizor|Scizor, F|100/100
|move|p2a: Blissey|Shadow Ball|p1a: Scizor
|-damage|p1a: Scizor|66/100
|
|upkeep
|turn|11
|
|t:|1776068570
|switch|p2a: Dondozo|Dondozo, F|51/100
|-damage|p2a: Dondozo|39/100|[from] Stealth Rock
|move|p1a: Scizor|Swords Dance|p1a: Scizor
|-boost|p1a: Scizor|atk|2
|
|-heal|p2a: Dondozo|45/100|[from] item: Leftovers
|upkeep
|turn|12
|
|t:|1776068581
|move|p1a: Scizor|Knock Off|p2a: Dondozo
|-damage|p2a: Dondozo|28/100
|-enditem|p2a: Dondozo|Leftovers|[from] move: Knock Off|[of] p1a: Scizor
|move|p2a: Dondozo|Rest|p2a: Dondozo
|-status|p2a: Dondozo|slp|[from] move: Rest
|-heal|p2a: Dondozo|100/100 slp|[silent]
|
|upkeep
|turn|13
|
|t:|1776068591
|switch|p1a: Latios|Latios, M|100/100
|cant|p2a: Dondozo|slp
|move|p2a: Dondozo|Sleep Talk|p2a: Dondozo
|move|p2a: Dondozo|Avalanche|p1a: Latios|[from] move: Sleep Talk
|-supereffective|p1a: Latios
|-damage|p1a: Latios|75/100
|-enditem|p1a: Latios|Weakness Policy
|-boost|p1a: Latios|atk|2|[from] item: Weakness Policy
|-boost|p1a: Latios|spa|2|[from] item: Weakness Policy
|
|upkeep
|turn|14
|
|t:|1776068610
|switch|p2a: Blissey|Blissey, F|79/100
|move|p1a: Latios|Agility|p1a: Latios
|-boost|p1a: Latios|spe|2
|
|upkeep
|turn|15
|
|t:|1776068620
|move|p1a: Latios|Calm Mind|p1a: Latios
|-boost|p1a: Latios|spa|1
|-boost|p1a: Latios|spd|1
|move|p2a: Blissey|Calm Mind|p2a: Blissey
|-boost|p2a: Blissey|spa|1
|-boost|p2a: Blissey|spd|1
|
|upkeep
|turn|16
|
|t:|1776068628
|move|p1a: Latios|Stored Power|p2a: Blissey
|-damage|p2a: Blissey|32/100
|move|p2a: Blissey|Calm Mind|p2a: Blissey
|-boost|p2a: Blissey|spa|1
|-boost|p2a: Blissey|spd|1
|
|upkeep
|turn|17
|
|t:|1776068634
|-terastallize|p2a: Blissey|Dark
|move|p1a: Latios|Stored Power|p2a: Blissey
|-immune|p2a: Blissey
|move|p2a: Blissey|Soft-Boiled|p2a: Blissey
|-heal|p2a: Blissey|82/100
|
|upkeep
|turn|18
|
|t:|1776068643
|move|p1a: Latios|Calm Mind|p1a: Latios
|-boost|p1a: Latios|spa|1
|-boost|p1a: Latios|spd|1
|move|p2a: Blissey|Shadow Ball|p1a: Latios
|-supereffective|p1a: Latios
|-damage|p1a: Latios|49/100
|
|upkeep
|turn|19
|
|t:|1776068653
|-terastallize|p1a: Latios|Fighting
|move|p1a: Latios|Calm Mind|p1a: Latios
|-boost|p1a: Latios|spa|1
|-boost|p1a: Latios|spd|1
|move|p2a: Blissey|Seismic Toss|p1a: Latios
|-damage|p1a: Latios|22/100
|
|upkeep
|turn|20
|
|t:|1776068666
|move|p1a: Latios|Aura Sphere|p2a: Blissey
|-supereffective|p2a: Blissey
|-damage|p2a: Blissey|39/100
|move|p2a: Blissey|Seismic Toss|p1a: Latios
|-damage|p1a: Latios|0 fnt
|faint|p1a: Latios
|
|upkeep
|
|t:|1776068676
|switch|p1a: Scizor|Scizor, F|66/100
|turn|21
|
|t:|1776068688
|switch|p2a: Talonflame|Talonflame, M|100/100
|move|p1a: Scizor|Knock Off|p2a: Talonflame
|-damage|p2a: Talonflame|52/100
|-enditem|p2a: Talonflame|Heavy-Duty Boots|[from] move: Knock Off|[of] p1a: Scizor
|
|upkeep
|turn|22
|
|t:|1776068697
|switch|p1a: Manaphy|Manaphy|50/100
|move|p2a: Talonflame|Roost|p2a: Talonflame
|-heal|p2a: Talonflame|100/100
|-singleturn|p2a: Talonflame|move: Roost
|
|upkeep
|turn|23
|
|t:|1776068713
|switch|p2a: Blissey|Blissey, F, tera:Dark|39/100
|move|p1a: Manaphy|Tail Glow|p1a: Manaphy
|-boost|p1a: Manaphy|spa|3
|
|upkeep
|turn|24
|
|t:|1776068721
|move|p1a: Manaphy|Tail Glow|p1a: Manaphy
|-boost|p1a: Manaphy|spa|3
|move|p2a: Blissey|Soft-Boiled|p2a: Blissey
|-heal|p2a: Blissey|89/100
|
|upkeep
|turn|25
|
|t:|1776068727
|move|p1a: Manaphy|Surf|p2a: Blissey
|-damage|p2a: Blissey|41/100
|move|p2a: Blissey|Calm Mind|p2a: Blissey
|-boost|p2a: Blissey|spa|1
|-boost|p2a: Blissey|spd|1
|
|upkeep
|turn|26
|
|t:|1776068734
|move|p1a: Manaphy|Surf|p2a: Blissey
|-damage|p2a: Blissey|11/100
|move|p2a: Blissey|Soft-Boiled|p2a: Blissey
|-heal|p2a: Blissey|61/100
|
|upkeep
|turn|27
|
|t:|1776068742
|switch|p1a: Ogerpon|Ogerpon, F|100/100
|move|p2a: Blissey|Calm Mind|p2a: Blissey
|-boost|p2a: Blissey|spa|1
|-boost|p2a: Blissey|spd|1
|-enditem|p1a: Ogerpon|Mirror Herb
|-boost|p1a: Ogerpon|spa|1|[from] item: Mirror Herb
|-boost|p1a: Ogerpon|spd|1|[from] item: Mirror Herb
|
|upkeep
|turn|28
|
|t:|1776068751
|switch|p2a: Talonflame|Talonflame, M|100/100
|-damage|p2a: Talonflame|51/100|[from] Stealth Rock
|move|p1a: Ogerpon|Swords Dance|p1a: Ogerpon
|-boost|p1a: Ogerpon|atk|2
|
|upkeep
|turn|29
|
|t:|1776068771
|move|p2a: Talonflame|Will-O-Wisp|p1a: Ogerpon
|-status|p1a: Ogerpon|brn
|move|p1a: Ogerpon|Rock Tomb|p2a: Talonflame
|-supereffective|p2a: Talonflame
|-damage|p2a: Talonflame|0 fnt
|faint|p2a: Talonflame
|
|-damage|p1a: Ogerpon|95/100 brn|[from] brn
|upkeep
|
|t:|1776068777
|switch|p2a: Dondozo|Dondozo, F|100/100 slp
|-damage|p2a: Dondozo|88/100 slp|[from] Stealth Rock
|turn|30
|
|t:|1776068785
|move|p1a: Ogerpon|Swords Dance|p1a: Ogerpon
|-boost|p1a: Ogerpon|atk|2
|cant|p2a: Dondozo|slp
|move|p2a: Dondozo|Sleep Talk|p2a: Dondozo
|move|p2a: Dondozo|Avalanche|p1a: Ogerpon|[from] move: Sleep Talk
|-supereffective|p1a: Ogerpon
|-damage|p1a: Ogerpon|61/100 brn
|
|-damage|p1a: Ogerpon|55/100 brn|[from] brn
|upkeep
|turn|31
|
|t:|1776068808
|move|p1a: Ogerpon|Swords Dance|p1a: Ogerpon
|-boost|p1a: Ogerpon|atk|2
|-curestatus|p2a: Dondozo|slp|[msg]
|move|p2a: Dondozo|Avalanche|p1a: Ogerpon
|-supereffective|p1a: Ogerpon
|-damage|p1a: Ogerpon|17/100 brn
|
|-damage|p1a: Ogerpon|11/100 brn|[from] brn
|upkeep
|turn|32
|
|t:|1776068819
|move|p1a: Ogerpon|Ivy Cudgel|p2a: Dondozo
|-supereffective|p2a: Dondozo
|-damage|p2a: Dondozo|65/100
|move|p2a: Dondozo|Body Press|p1a: Ogerpon
|-damage|p1a: Ogerpon|0 fnt
|faint|p1a: Ogerpon
|
|upkeep
|
|t:|1776068831
|switch|p1a: Sandy Shocks|Sandy Shocks|100/100
|turn|33
|
|t:|1776068836
|switch|p2a: Gliscor|Gliscor, F|100/100 tox
|-damage|p2a: Gliscor|88/100 tox|[from] Stealth Rock
|move|p1a: Sandy Shocks|Spikes|p2a: Gliscor
|-sidestart|p2: WooTB|Spikes
|
|-heal|p2a: Gliscor|100/100 tox|[from] ability: Poison Heal
|upkeep
|turn|34
|
|t:|1776068844
|move|p1a: Sandy Shocks|Spikes|p2a: Gliscor
|-sidestart|p2: WooTB|Spikes
|move|p2a: Gliscor|Earthquake|p1a: Sandy Shocks
|-supereffective|p1a: Sandy Shocks
|-damage|p1a: Sandy Shocks|26/100
|
|upkeep
|turn|35
|
|t:|1776068852
|move|p1a: Sandy Shocks|Spikes|p2a: Gliscor
|-sidestart|p2: WooTB|Spikes
|move|p2a: Gliscor|Earthquake|p1a: Sandy Shocks
|-supereffective|p1a: Sandy Shocks
|-damage|p1a: Sandy Shocks|0 fnt
|faint|p1a: Sandy Shocks
|-end|p1a: Sandy Shocks|Protosynthesis|[silent]
|
|upkeep
|
|t:|1776068873
|switch|p1a: Iron Jugulis|Iron Jugulis|100/100
|turn|36
|
|t:|1776068887
|move|p1a: Iron Jugulis|Hurricane|p2a: Gliscor|[miss]
|-miss|p1a: Iron Jugulis|p2a: Gliscor
|move|p2a: Gliscor|Toxic|p1a: Iron Jugulis
|-status|p1a: Iron Jugulis|tox
|
|-damage|p1a: Iron Jugulis|94/100 tox|[from] psn
|upkeep
|turn|37
|
|t:|1776068895
|move|p2a: Gliscor|Protect|p2a: Gliscor
|-singleturn|p2a: Gliscor|Protect
|move|p1a: Iron Jugulis|Hurricane|p2a: Gliscor
|-activate|p2a: Gliscor|move: Protect
|
|-damage|p1a: Iron Jugulis|82/100 tox|[from] psn
|upkeep
|turn|38
|
|t:|1776068904
|move|p1a: Iron Jugulis|Hurricane|p2a: Gliscor
|-damage|p2a: Gliscor|50/100 tox
|move|p2a: Gliscor|Knock Off|p1a: Iron Jugulis
|-resisted|p1a: Iron Jugulis
|-damage|p1a: Iron Jugulis|74/100 tox
|
|-damage|p1a: Iron Jugulis|56/100 tox|[from] psn
|-heal|p2a: Gliscor|62/100 tox|[from] ability: Poison Heal
|upkeep
|turn|39
|
|t:|1776068916
|-end|p1a: Iron Jugulis|Quark Drive|[silent]
|switch|p1a: Manaphy|Manaphy|50/100
|move|p2a: Gliscor|Protect||[still]
|-fail|p2a: Gliscor
|
|-heal|p2a: Gliscor|75/100 tox|[from] ability: Poison Heal
|upkeep
|turn|40
|
|t:|1776068927
|move|p1a: Manaphy|Tail Glow|p1a: Manaphy
|-boost|p1a: Manaphy|spa|3
|move|p2a: Gliscor|Toxic|p1a: Manaphy
|-status|p1a: Manaphy|tox
|
|-damage|p1a: Manaphy|44/100 tox|[from] psn
|-heal|p2a: Gliscor|87/100 tox|[from] ability: Poison Heal
|upkeep
|turn|41
|
|t:|1776068936
|move|p2a: Gliscor|Protect|p2a: Gliscor
|-singleturn|p2a: Gliscor|Protect
|move|p1a: Manaphy|Tail Glow|p1a: Manaphy
|-boost|p1a: Manaphy|spa|3
|
|-damage|p1a: Manaphy|32/100 tox|[from] psn
|-heal|p2a: Gliscor|99/100 tox|[from] ability: Poison Heal
|upkeep
|turn|42
|
|t:|1776068946
|switch|p2a: Clodsire|Clodsire, M|100/100
|-damage|p2a: Clodsire|94/100|[from] Stealth Rock
|-damage|p2a: Clodsire|69/100|[from] Spikes
|move|p1a: Manaphy|Surf|p2a: Clodsire
|-supereffective|p2a: Clodsire
|-damage|p2a: Clodsire|25/100
|
|-heal|p2a: Clodsire|31/100|[from] item: Leftovers
|-damage|p1a: Manaphy|14/100 tox|[from] psn
|upkeep
|turn|43
|
|t:|1776068957
|move|p1a: Manaphy|Surf|p2a: Clodsire
|-supereffective|p2a: Clodsire
|-damage|p2a: Clodsire|0 fnt
|faint|p2a: Clodsire
|
|-damage|p1a: Manaphy|0 fnt|[from] psn
|faint|p1a: Manaphy
|upkeep
|
|t:|1776068966
|switch|p1a: Iron Jugulis|Iron Jugulis|56/100 tox
|switch|p2a: Gliscor|Gliscor, F|99/100 tox
|-damage|p2a: Gliscor|87/100 tox|[from] Stealth Rock
|turn|44
|-message|Hider123 forfeited.
|
|win|WooTB
|raw|Hider123's rating: 1318 &rarr; <strong>1298</strong><br />(-20 for losing)
|raw|WooTB's rating: 1320 &rarr; <strong>1340</strong><br />(+20 for winning)
|l|☆WooTB
|player|p2|
|l|☆Hider123
|player|p1|
