|html|<div class="broadcast-blue"><strong>[Gen 9] OU is currently suspecting Tera Blast! For information on how to participate check out the <a href="https://www.smogon.com/tools/suspects/view/200">suspect thread</a>.</strong></div>
|j|☆tset 19
|j|☆Ryan Cowtinho
|t:|1776103210
|gametype|singles
|player|p1|tset 19|pokemonbreeder|1567
|player|p2|Ryan Cowtinho|170|1507
|gen|9
|tier|[Gen 9] OU
|rated|
|rule|HP Percentage Mod: HP is shown in percentages
|rule|Endless Battle Clause: Forcing endless battles is banned
|rule|Species Clause: Limit one of each Pokémon
|rule|OHKO Clause: OHKO moves are banned
|rule|Evasion Items Clause: Evasion items are banned
|rule|Evasion Moves Clause: Evasion moves are banned
|rule|Evasion Abilities Clause: Evasion abilities are banned
|rule|Sleep Moves Clause: Sleep-inducing moves are banned
|clearpoke
|poke|p1|Pelipper, M|
|poke|p1|Kingdra, M|
|poke|p1|Garganacl, M|
|poke|p1|Corviknight, M|
|poke|p1|Cinderace, F|
|poke|p1|Barraskewda, F|
|poke|p2|Tyranitar, M|
|poke|p2|Excadrill, F|
|poke|p2|Ogerpon-Wellspring, F|
|poke|p2|Pecharunt|
|poke|p2|Skarmory, M|
|poke|p2|Zamazenta-*|
|teampreview
|
|t:|1776103230
|teamsize|p1|6
|teamsize|p2|6
|start
|switch|p1a: The French|Barraskewda, F, shiny|100/100
|switch|p2a: Tyranitar|Tyranitar, M|100/100
|-weather|Sandstorm|[from] ability: Sand Stream|[of] p2a: Tyranitar
|turn|1
|
|t:|1776103236
|switch|p2a: Skarmory|Skarmory, M|100/100
|move|p1a: The French|Close Combat|p2a: Skarmory
|-damage|p2a: Skarmory|62/100
|-unboost|p1a: The French|def|1
|-unboost|p1a: The French|spd|1
|-damage|p1a: The French|84/100|[from] item: Rocky Helmet|[of] p2a: Skarmory
|-damage|p1a: The French|74/100|[from] item: Life Orb
|
|-weather|Sandstorm|[upkeep]
|-damage|p1a: The French|68/100|[from] Sandstorm
|upkeep
|turn|2
|
|t:|1776103244
|switch|p1a: Doja Storm|Pelipper, M, shiny|100/100
|-weather|RainDance|[from] ability: Drizzle|[of] p1a: Doja Storm
|move|p2a: Skarmory|Roost|p2a: Skarmory
|-heal|p2a: Skarmory|100/100
|-singleturn|p2a: Skarmory|move: Roost
|
|-weather|RainDance|[upkeep]
|upkeep
|turn|3
|
|t:|1776103247
|switch|p2a: Tyranitar|Tyranitar, M|100/100
|-weather|Sandstorm|[from] ability: Sand Stream|[of] p2a: Tyranitar
|move|p1a: Doja Storm|U-turn|p2a: Tyranitar
|-supereffective|p2a: Tyranitar
|-damage|p2a: Tyranitar|87/100
|
|t:|1776103250
|switch|p1a: DraKing|Kingdra, M, shiny|100/100|[from] U-turn
|
|-weather|Sandstorm|[upkeep]
|-damage|p1a: DraKing|94/100|[from] Sandstorm
|upkeep
|turn|4
|
|t:|1776103254
|move|p1a: DraKing|Draco Meteor|p2a: Tyranitar
|-damage|p2a: Tyranitar|52/100
|-unboost|p1a: DraKing|spa|2
|move|p2a: Tyranitar|Stealth Rock|p1a: DraKing
|-sidestart|p1: tset 19|move: Stealth Rock
|
|-weather|Sandstorm|[upkeep]
|-damage|p1a: DraKing|88/100|[from] Sandstorm
|upkeep
|turn|5
|
|t:|1776103257
|switch|p1a: Corva Kai|Corviknight, M, shiny|100/100
|-damage|p1a: Corva Kai|88/100|[from] Stealth Rock
|-ability|p1a: Corva Kai|Pressure
|move|p2a: Tyranitar|Knock Off|p1a: Corva Kai
|-damage|p1a: Corva Kai|64/100
|-damage|p2a: Tyranitar|36/100|[from] item: Rocky Helmet|[of] p1a: Corva Kai
|-enditem|p1a: Corva Kai|Rocky Helmet|[from] move: Knock Off|[of] p2a: Tyranitar
|
|-weather|Sandstorm|[upkeep]
|upkeep
|turn|6
|
|t:|1776103262
|switch|p2a: Ogerpon|Ogerpon-Wellspring, F|100/100
|move|p1a: Corva Kai|Defog|p2a: Ogerpon
|-unboost|p2a: Ogerpon|evasion|1
|-sideend|p1: tset 19|Stealth Rock|[from] move: Defog|[of] p1a: Corva Kai
|
|-weather|Sandstorm|[upkeep]
|-damage|p2a: Ogerpon|95/100|[from] Sandstorm
|upkeep
|turn|7
|
|t:|1776103266
|-terastallize|p2a: Ogerpon|Water
|detailschange|p2a: Ogerpon|Ogerpon-Wellspring-Tera, F, tera:Water
|-ability|p2a: Ogerpon|Embody Aspect (Wellspring)|boost
|-boost|p2a: Ogerpon|spd|1
|move|p2a: Ogerpon|Ivy Cudgel|p1a: Corva Kai|[anim] Ivy Cudgel Water
|-damage|p1a: Corva Kai|15/100
|move|p1a: Corva Kai|Brave Bird|p2a: Ogerpon
|-damage|p2a: Ogerpon|44/100
|-damage|p1a: Corva Kai|3/100|[from] Recoil
|
|-weather|Sandstorm|[upkeep]
|-damage|p2a: Ogerpon|38/100|[from] Sandstorm
|upkeep
|turn|8
|
|t:|1776103270
|move|p2a: Ogerpon|Ivy Cudgel|p1a: Corva Kai|[anim] Ivy Cudgel Water
|-damage|p1a: Corva Kai|0 fnt
|faint|p1a: Corva Kai
|
|-weather|Sandstorm|[upkeep]
|-damage|p2a: Ogerpon|32/100|[from] Sandstorm
|upkeep
|
|t:|1776103274
|switch|p1a: The French|Barraskewda, F, shiny|68/100
|turn|9
|
|t:|1776103279
|switch|p1a: DraKing|Kingdra, M, shiny|88/100
|switch|p2a: Skarmory|Skarmory, M|100/100
|
|-weather|Sandstorm|[upkeep]
|-damage|p1a: DraKing|82/100|[from] Sandstorm
|upkeep
|turn|10
|
|t:|1776103282
|move|p1a: DraKing|Surf|p2a: Skarmory
|-damage|p2a: Skarmory|16/100
|move|p2a: Skarmory|Roost|p2a: Skarmory
|-heal|p2a: Skarmory|66/100
|-singleturn|p2a: Skarmory|move: Roost
|
|-weather|none
|upkeep
|turn|11
|
|t:|1776103290
|switch|p2a: Zamazenta|Zamazenta|100/100
|-ability|p2a: Zamazenta|Dauntless Shield|boost
|-boost|p2a: Zamazenta|def|1
|move|p1a: DraKing|Surf|p2a: Zamazenta
|-damage|p2a: Zamazenta|39/100
|
|upkeep
|turn|12
|
|t:|1776103296
|switch|p1a: Doja Storm|Pelipper, M, shiny|100/100
|-weather|RainDance|[from] ability: Drizzle|[of] p1a: Doja Storm
|move|p2a: Zamazenta|Close Combat|p1a: Doja Storm
|-resisted|p1a: Doja Storm
|-damage|p1a: Doja Storm|77/100
|-unboost|p2a: Zamazenta|def|1
|-unboost|p2a: Zamazenta|spd|1
|
|-weather|RainDance|[upkeep]
|upkeep
|turn|13
|
|t:|1776103298
|move|p2a: Zamazenta|Stone Edge|p1a: Doja Storm
|-supereffective|p1a: Doja Storm
|-damage|p1a: Doja Storm|31/100
|move|p1a: Doja Storm|U-turn|p2a: Zamazenta
|-resisted|p2a: Zamazenta
|-damage|p2a: Zamazenta|35/100
|
|t:|1776103304
|switch|p1a: DraKing|Kingdra, M, shiny|82/100|[from] U-turn
|
|-weather|RainDance|[upkeep]
|upkeep
|turn|14
|
|t:|1776103315
|move|p1a: DraKing|Surf|p2a: Zamazenta
|-crit|p2a: Zamazenta
|-damage|p2a: Zamazenta|0 fnt
|faint|p2a: Zamazenta
|
|-weather|RainDance|[upkeep]
|upkeep
|
|t:|1776103317
|switch|p2a: Tyranitar|Tyranitar, M|36/100
|-weather|Sandstorm|[from] ability: Sand Stream|[of] p2a: Tyranitar
|turn|15
|
|t:|1776103323
|switch|p2a: Ogerpon|Ogerpon-Wellspring-Tera, F, tera:Water|32/100
|-ability|p2a: Ogerpon|Embody Aspect (Wellspring)|boost
|-boost|p2a: Ogerpon|spd|1
|move|p1a: DraKing|Surf|p2a: Ogerpon
|-resisted|p2a: Ogerpon
|-damage|p2a: Ogerpon|8/100
|
|-weather|Sandstorm|[upkeep]
|-damage|p2a: Ogerpon|2/100|[from] Sandstorm
|-damage|p1a: DraKing|76/100|[from] Sandstorm
|upkeep
|turn|16
|
|t:|1776103330
|switch|p1a: Lola|Cinderace, F, shiny|100/100
|move|p2a: Ogerpon|Power Whip|p1a: Lola
|-resisted|p1a: Lola
|-damage|p1a: Lola|57/100
|
|-weather|Sandstorm|[upkeep]
|-damage|p1a: Lola|51/100|[from] Sandstorm
|-damage|p2a: Ogerpon|0 fnt|[from] Sandstorm
|faint|p2a: Ogerpon
|detailschange|p2: Ogerpon|Ogerpon-Wellspring, F|[silent]
|upkeep
|
|t:|1776103337
|switch|p2a: Excadrill|Excadrill, F|100/100
|-item|p2a: Excadrill|Air Balloon
|turn|17
|
|t:|1776103348
|move|p2a: Excadrill|Earthquake|p1a: Lola
|-supereffective|p1a: Lola
|-crit|p1a: Lola
|-damage|p1a: Lola|0 fnt
|faint|p1a: Lola
|
|-weather|Sandstorm|[upkeep]
|upkeep
|
|t:|1776103355
|switch|p1a: DraKing|Kingdra, M, shiny|76/100
|turn|18
|
|t:|1776103363
|switch|p2a: Pecharunt|Pecharunt|100/100
|move|p1a: DraKing|Surf|p2a: Pecharunt
|-damage|p2a: Pecharunt|42/100
|
|-weather|Sandstorm|[upkeep]
|-damage|p2a: Pecharunt|36/100|[from] Sandstorm
|-damage|p1a: DraKing|70/100|[from] Sandstorm
|upkeep
|turn|19
|
|t:|1776103370
|move|p2a: Pecharunt|Malignant Chain|p1a: DraKing
|-damage|p1a: DraKing|35/100
|-status|p1a: DraKing|tox
|-start|p1a: DraKing|confusion|[from] ability: Poison Puppeteer|[of] p2a: Pecharunt
|-activate|p1a: DraKing|confusion
|move|p1a: DraKing|Surf|p2a: Pecharunt
|-damage|p2a: Pecharunt|0 fnt
|faint|p2a: Pecharunt
|
|-weather|Sandstorm|[upkeep]
|-damage|p1a: DraKing|28/100 tox|[from] Sandstorm
|-damage|p1a: DraKing|22/100 tox|[from] psn
|upkeep
|
|t:|1776103379
|switch|p2a: Excadrill|Excadrill, F|100/100
|-item|p2a: Excadrill|Air Balloon
|turn|20
|
|t:|1776103393
|switch|p1a: The French|Barraskewda, F, shiny|68/100
|move|p2a: Excadrill|Iron Head|p1a: The French
|-resisted|p1a: The French
|-damage|p1a: The French|20/100
|
|-weather|Sandstorm|[upkeep]
|-damage|p1a: The French|14/100|[from] Sandstorm
|upkeep
|turn|21
|
|t:|1776103403
|move|p1a: The French|Aqua Jet|p2a: Excadrill
|-supereffective|p2a: Excadrill
|-damage|p2a: Excadrill|16/100
|-enditem|p2a: Excadrill|Air Balloon
|-damage|p1a: The French|4/100|[from] item: Life Orb
|move|p2a: Excadrill|Iron Head|p1a: The French
|-resisted|p1a: The French
|-damage|p1a: The French|0 fnt
|faint|p1a: The French
|
|-weather|Sandstorm|[upkeep]
|upkeep
|
|t:|1776103407
|switch|p1a: Doja Storm|Pelipper, M, shiny|31/100
|-weather|RainDance|[from] ability: Drizzle|[of] p1a: Doja Storm
|turn|22
|
|t:|1776103419
|move|p2a: Excadrill|Iron Head|p1a: Doja Storm
|-resisted|p1a: Doja Storm
|-damage|p1a: Doja Storm|12/100
|cant|p1a: Doja Storm|flinch
|
|-weather|RainDance|[upkeep]
|upkeep
|turn|23
|
|t:|1776103429
|move|p2a: Excadrill|Iron Head|p1a: Doja Storm
|-resisted|p1a: Doja Storm
|-damage|p1a: Doja Storm|0 fnt
|faint|p1a: Doja Storm
|
|-weather|RainDance|[upkeep]
|upkeep
|
|t:|1776103433
|switch|p1a: DraKing|Kingdra, M, shiny|22/100 tox
|turn|24
|
|t:|1776103438
|switch|p2a: Tyranitar|Tyranitar, M|36/100
|-weather|Sandstorm|[from] ability: Sand Stream|[of] p2a: Tyranitar
|move|p1a: DraKing|Surf|p2a: Tyranitar
|-supereffective|p2a: Tyranitar
|-damage|p2a: Tyranitar|0 fnt
|faint|p2a: Tyranitar
|
|-weather|Sandstorm|[upkeep]
|-damage|p1a: DraKing|16/100 tox|[from] Sandstorm
|-damage|p1a: DraKing|10/100 tox|[from] psn
|upkeep
|
|t:|1776103450
|switch|p2a: Excadrill|Excadrill, F|16/100
|turn|25
|inactive|Battle timer is ON: inactive players will automatically lose when time's up. (requested by Ryan Cowtinho)
|
|t:|1776103466
|move|p2a: Excadrill|Iron Head|p1a: DraKing
|-resisted|p1a: DraKing
|-damage|p1a: DraKing|0 fnt
|faint|p1a: DraKing
|
|-weather|Sandstorm|[upkeep]
|upkeep
|
|t:|1776103467
|switch|p1a: Garganacl|Garganacl, M, shiny|100/100
|turn|26
|
|t:|1776103470
|-terastallize|p1a: Garganacl|Water
|move|p2a: Excadrill|Earthquake|p1a: Garganacl
|-damage|p1a: Garganacl|65/100
|move|p1a: Garganacl|Salt Cure|p2a: Excadrill
|-resisted|p2a: Excadrill
|-damage|p2a: Excadrill|12/100
|-start|p2a: Excadrill|Salt Cure
|
|-weather|Sandstorm|[upkeep]
|-damage|p1a: Garganacl|59/100|[from] Sandstorm
|-heal|p1a: Garganacl|65/100|[from] item: Leftovers
|-damage|p2a: Excadrill|0 fnt|[from] Salt Cure
|faint|p2a: Excadrill
|upkeep
|
|t:|1776103473
|switch|p2a: Skarmory|Skarmory, M|66/100
|turn|27
|
|t:|1776103476
|move|p2a: Skarmory|Iron Defense|p2a: Skarmory
|-boost|p2a: Skarmory|def|2
|move|p1a: Garganacl|Recover|p1a: Garganacl
|-heal|p1a: Garganacl|100/100
|
|-weather|Sandstorm|[upkeep]
|-damage|p1a: Garganacl|94/100|[from] Sandstorm
|-heal|p1a: Garganacl|100/100|[from] item: Leftovers
|upkeep
|turn|28
|
|t:|1776103479
|move|p2a: Skarmory|Iron Defense|p2a: Skarmory
|-boost|p2a: Skarmory|def|2
|move|p1a: Garganacl|Salt Cure|p2a: Skarmory
|-damage|p2a: Skarmory|63/100
|-start|p2a: Skarmory|Salt Cure
|
|-weather|Sandstorm|[upkeep]
|-damage|p1a: Garganacl|94/100|[from] Sandstorm
|-heal|p1a: Garganacl|100/100|[from] item: Leftovers
|-damage|p2a: Skarmory|38/100|[from] Salt Cure
|upkeep
|turn|29
|
|t:|1776103482
|move|p2a: Skarmory|Roost|p2a: Skarmory
|-heal|p2a: Skarmory|88/100
|-singleturn|p2a: Skarmory|move: Roost
|move|p1a: Garganacl|Salt Cure|p2a: Skarmory
|-resisted|p2a: Skarmory
|-damage|p2a: Skarmory|87/100
|
|-weather|Sandstorm|[upkeep]
|-damage|p1a: Garganacl|94/100|[from] Sandstorm
|-heal|p1a: Garganacl|100/100|[from] item: Leftovers
|-damage|p2a: Skarmory|62/100|[from] Salt Cure
|upkeep
|turn|30
|l|☆Ryan Cowtinho
|inactive|Ryan Cowtinho disconnected and has a minute to reconnect!
|player|p2|
|j|☆Ryan Cowtinho
|inactive|Ryan Cowtinho reconnected and has 115 seconds left.
|player|p2|Ryan Cowtinho|170|
|
|t:|1776103524
|move|p1a: Garganacl|Protect|p1a: Garganacl
|-singleturn|p1a: Garganacl|Protect
|move|p2a: Skarmory|Iron Defense|p2a: Skarmory
|-boost|p2a: Skarmory|def|2
|
|-weather|Sandstorm|[upkeep]
|-damage|p1a: Garganacl|94/100|[from] Sandstorm
|-heal|p1a: Garganacl|100/100|[from] item: Leftovers
|-damage|p2a: Skarmory|37/100|[from] Salt Cure
|upkeep
|turn|31
|
|t:|1776103526
|move|p2a: Skarmory|Roost|p2a: Skarmory
|-heal|p2a: Skarmory|87/100
|-singleturn|p2a: Skarmory|move: Roost
|move|p1a: Garganacl|Salt Cure|p2a: Skarmory
|-resisted|p2a: Skarmory
|-damage|p2a: Skarmory|86/100
|
|-weather|none
|-damage|p2a: Skarmory|61/100|[from] Salt Cure
|upkeep
|turn|32
|
|t:|1776103533
|move|p1a: Garganacl|Protect|p1a: Garganacl
|-singleturn|p1a: Garganacl|Protect
|move|p2a: Skarmory|Iron Defense|p2a: Skarmory
|-boost|p2a: Skarmory|def|0
|
|-damage|p2a: Skarmory|36/100|[from] Salt Cure
|upkeep
|turn|33
|
|t:|1776103537
|move|p2a: Skarmory|Body Press|p1a: Garganacl
|-damage|p1a: Garganacl|21/100
|move|p1a: Garganacl|Recover|p1a: Garganacl
|-heal|p1a: Garganacl|71/100
|
|-heal|p1a: Garganacl|77/100|[from] item: Leftovers
|-damage|p2a: Skarmory|11/100|[from] Salt Cure
|upkeep
|turn|34
|
|t:|1776103540
|move|p2a: Skarmory|Roost|p2a: Skarmory
|-heal|p2a: Skarmory|61/100
|-singleturn|p2a: Skarmory|move: Roost
|move|p1a: Garganacl|Salt Cure|p2a: Skarmory
|-resisted|p2a: Skarmory
|-damage|p2a: Skarmory|60/100
|
|-heal|p1a: Garganacl|83/100|[from] item: Leftovers
|-damage|p2a: Skarmory|35/100|[from] Salt Cure
|upkeep
|turn|35
|
|t:|1776103545
|move|p2a: Skarmory|Roost|p2a: Skarmory
|-heal|p2a: Skarmory|85/100
|-singleturn|p2a: Skarmory|move: Roost
|move|p1a: Garganacl|Salt Cure|p2a: Skarmory
|-resisted|p2a: Skarmory
|-damage|p2a: Skarmory|84/100
|
|-heal|p1a: Garganacl|89/100|[from] item: Leftovers
|-damage|p2a: Skarmory|59/100|[from] Salt Cure
|upkeep
|turn|36
|
|t:|1776103550
|move|p1a: Garganacl|Protect|p1a: Garganacl
|-singleturn|p1a: Garganacl|Protect
|move|p2a: Skarmory|Body Press|p1a: Garganacl
|-activate|p1a: Garganacl|move: Protect
|
|-heal|p1a: Garganacl|95/100|[from] item: Leftovers
|-damage|p2a: Skarmory|34/100|[from] Salt Cure
|upkeep
|turn|37
|
|t:|1776103552
|move|p2a: Skarmory|Body Press|p1a: Garganacl
|-damage|p1a: Garganacl|10/100
|move|p1a: Garganacl|Recover|p1a: Garganacl
|-heal|p1a: Garganacl|60/100
|
|-heal|p1a: Garganacl|66/100|[from] item: Leftovers
|-damage|p2a: Skarmory|9/100|[from] Salt Cure
|upkeep
|turn|38
|
|t:|1776103556
|move|p2a: Skarmory|Body Press|p1a: Garganacl
|-damage|p1a: Garganacl|0 fnt
|faint|p1a: Garganacl
|
|win|Ryan Cowtinho
|raw|tset 19's rating: 1567 &rarr; <strong>1544</strong><br />(-23 for losing)
|raw|Ryan Cowtinho's rating: 1507 &rarr; <strong>1530</strong><br />(+23 for winning)
|l|☆tset 19
|player|p1|
|l|☆Ryan Cowtinho
|player|p2|
