|html|<div class="broadcast-blue"><strong>[Gen 9] OU is currently suspecting Tera Blast! For information on how to participate check out the <a href="https://www.smogon.com/tools/suspects/view/200">suspect thread</a>.</strong></div>
|j|☆idkmorenames
|j|☆brimas22
|t:|1776085754
|gametype|singles
|player|p1|idkmorenames|liza|1150
|player|p2|brimas22|cynthia-gen4|1182
|gen|9
|tier|[Gen 9] OU
|rated|
|rule|HP Percentage Mod: HP is shown in percentages
|rule|Endless Battle Clause: Forcing endless battles is banned
|rule|Species Clause: Limit one of each Pokémon
|rule|OHKO Clause: OHKO moves are banned
|rule|Evasion Items Clause: Evasion items are banned
|rule|Evasion Moves Clause: Evasion moves are banned
|rule|Evasion Abilities Clause: Evasion abilities are banned
|rule|Sleep Moves Clause: Sleep-inducing moves are banned
|clearpoke
|poke|p1|Cinderace, F|
|poke|p1|Ninetales-Alola, M|
|poke|p1|Heatran, M|
|poke|p1|Landorus-Therian, M|
|poke|p1|Garganacl, F|
|poke|p1|Gholdengo|
|poke|p2|Sableye, M|
|poke|p2|Darkrai|
|poke|p2|Ceruledge, M|
|poke|p2|Corviknight, M|
|poke|p2|Mamoswine, M|
|poke|p2|Lanturn, M|
|teampreview
|inactive|Battle timer is ON: inactive players will automatically lose when time's up. (requested by brimas22)
|inactive|idkmorenames also wants the timer to be on.
|
|t:|1776085771
|teamsize|p1|6
|teamsize|p2|6
|start
|switch|p1a: Ninetales|Ninetales-Alola, M, shiny|100/100
|switch|p2a: Corviknight|Corviknight, M|100/100
|-weather|Snowscape|[from] ability: Snow Warning|[of] p1a: Ninetales
|-ability|p2a: Corviknight|Pressure
|turn|1
|
|t:|1776085776
|move|p1a: Ninetales|Aurora Veil|p1a: Ninetales
|-sidestart|p1: idkmorenames|move: Aurora Veil
|move|p2a: Corviknight|Iron Head|p1a: Ninetales
|-supereffective|p1a: Ninetales
|-damage|p1a: Ninetales|48/100
|
|-weather|Snowscape|[upkeep]
|upkeep
|turn|2
|
|t:|1776085780
|switch|p1a: Cinderace|Cinderace, F, shiny|100/100
|move|p2a: Corviknight|Defog|p1a: Cinderace
|-unboost|p1a: Cinderace|evasion|1
|-sideend|p1: idkmorenames|move: Aurora Veil
|
|-weather|Snowscape|[upkeep]
|upkeep
|turn|3
|
|t:|1776085785
|switch|p2a: Lanturn|Lanturn, M|100/100
|move|p1a: Cinderace|Flamethrower|p2a: Lanturn
|-resisted|p2a: Lanturn
|-damage|p2a: Lanturn|88/100
|
|-weather|Snowscape|[upkeep]
|upkeep
|turn|4
|
|t:|1776085797
|switch|p1a: Gholdengo|Gholdengo, shiny|100/100
|move|p2a: Lanturn|Volt Switch|p1a: Gholdengo
|-damage|p1a: Gholdengo|75/100
|
|t:|1776085800
|switch|p2a: Ceruledge|Ceruledge, M|100/100|[from] Volt Switch
|
|-weather|Snowscape|[upkeep]
|upkeep
|turn|5
|
|t:|1776085803
|move|p2a: Ceruledge|Bitter Blade|p1a: Gholdengo
|-supereffective|p1a: Gholdengo
|-damage|p1a: Gholdengo|0 fnt
|faint|p1a: Gholdengo
|
|-weather|none
|upkeep
|
|t:|1776085809
|switch|p1a: Landorus|Landorus-Therian, M, shiny|100/100
|-ability|p1a: Landorus|Intimidate|boost
|-unboost|p2a: Ceruledge|atk|1
|turn|6
|
|t:|1776085825
|move|p2a: Ceruledge|Swords Dance|p2a: Ceruledge
|-boost|p2a: Ceruledge|atk|2
|move|p1a: Landorus|Earthquake|p2a: Ceruledge
|-supereffective|p2a: Ceruledge
|-enditem|p2a: Ceruledge|Focus Sash
|-damage|p2a: Ceruledge|1/100
|-ability|p2a: Ceruledge|Weak Armor|boost
|-unboost|p2a: Ceruledge|def|1
|-boost|p2a: Ceruledge|spe|2
|
|upkeep
|turn|7
|
|t:|1776085831
|move|p2a: Ceruledge|Destiny Bond|p2a: Ceruledge
|-singlemove|p2a: Ceruledge|Destiny Bond
|move|p1a: Landorus|U-turn|p2a: Ceruledge
|-resisted|p2a: Ceruledge
|-damage|p2a: Ceruledge|0 fnt
|faint|p2a: Ceruledge
|-activate|p2a: Ceruledge|move: Destiny Bond
|faint|p1a: Landorus
|
|upkeep
|
|t:|1776085846
|switch|p2a: Sableye|Sableye, M, shiny|100/100
|switch|p1a: Garganacl|Garganacl, F|100/100
|turn|8
|
|t:|1776085853
|move|p2a: Sableye|Foul Play|p1a: Garganacl
|-damage|p1a: Garganacl|79/100
|move|p1a: Garganacl|Salt Cure|p2a: Sableye
|-crit|p2a: Sableye
|-damage|p2a: Sableye|81/100
|-start|p2a: Sableye|Salt Cure
|
|-heal|p1a: Garganacl|85/100|[from] item: Leftovers
|-damage|p2a: Sableye|69/100|[from] Salt Cure
|upkeep
|turn|9
|
|t:|1776085866
|switch|p2a: Lanturn|Lanturn, M|88/100
|move|p1a: Garganacl|Recover|p1a: Garganacl
|-heal|p1a: Garganacl|100/100
|
|upkeep
|turn|10
|
|t:|1776085871
|move|p2a: Lanturn|Scald|p1a: Garganacl
|-supereffective|p1a: Garganacl
|-damage|p1a: Garganacl|66/100
|move|p1a: Garganacl|Earthquake|p2a: Lanturn
|-supereffective|p2a: Lanturn
|-damage|p2a: Lanturn|33/100
|
|-heal|p1a: Garganacl|72/100|[from] item: Leftovers
|upkeep
|turn|11
|
|t:|1776085887
|move|p2a: Lanturn|Scald|p1a: Garganacl
|-supereffective|p1a: Garganacl
|-damage|p1a: Garganacl|40/100
|move|p1a: Garganacl|Stealth Rock|p2a: Lanturn
|-sidestart|p2: brimas22|move: Stealth Rock
|
|-heal|p1a: Garganacl|47/100|[from] item: Leftovers
|upkeep
|turn|12
|
|t:|1776085896
|switch|p1a: Heatran|Heatran, M, shiny|100/100
|-item|p1a: Heatran|Air Balloon
|move|p2a: Lanturn|Scald|p1a: Heatran
|-supereffective|p1a: Heatran
|-damage|p1a: Heatran|53/100
|-enditem|p1a: Heatran|Air Balloon
|
|upkeep
|turn|13
|
|t:|1776085905
|switch|p2a: Corviknight|Corviknight, M|100/100
|-damage|p2a: Corviknight|88/100|[from] Stealth Rock
|-ability|p2a: Corviknight|Pressure
|move|p1a: Heatran|Magma Storm|p2a: Corviknight
|-supereffective|p2a: Corviknight
|-damage|p2a: Corviknight|0 fnt
|faint|p2a: Corviknight
|
|upkeep
|
|t:|1776085921
|switch|p2a: Darkrai|Darkrai, shiny|100/100
|-damage|p2a: Darkrai|88/100|[from] Stealth Rock
|turn|14
|
|t:|1776085925
|move|p2a: Darkrai|Focus Blast|p1a: Heatran|[miss]
|-miss|p2a: Darkrai|p1a: Heatran
|move|p1a: Heatran|Pounce|p2a: Darkrai
|-supereffective|p2a: Darkrai
|-damage|p2a: Darkrai|61/100
|-unboost|p2a: Darkrai|spe|1
|
|upkeep
|turn|15
|
|t:|1776085932
|move|p2a: Darkrai|Focus Blast|p1a: Heatran
|-supereffective|p1a: Heatran
|-damage|p1a: Heatran|0 fnt
|faint|p1a: Heatran
|-damage|p2a: Darkrai|51/100|[from] item: Life Orb
|
|upkeep
|
|t:|1776085937
|switch|p1a: Ninetales|Ninetales-Alola, M, shiny|48/100
|-weather|Snowscape|[from] ability: Snow Warning|[of] p1a: Ninetales
|turn|16
|
|t:|1776085942
|move|p2a: Darkrai|Sludge Bomb|p1a: Ninetales
|-supereffective|p1a: Ninetales
|-crit|p1a: Ninetales
|-damage|p1a: Ninetales|0 fnt
|faint|p1a: Ninetales
|-damage|p2a: Darkrai|41/100|[from] item: Life Orb
|
|-weather|Snowscape|[upkeep]
|upkeep
|
|t:|1776085947
|switch|p1a: Cinderace|Cinderace, F, shiny|100/100
|turn|17
|
|t:|1776085953
|switch|p2a: Lanturn|Lanturn, M|33/100
|-damage|p2a: Lanturn|21/100|[from] Stealth Rock
|move|p1a: Cinderace|Weather Ball|p2a: Lanturn
|-start|p1a: Cinderace|typechange|Ice|[from] ability: Libero
|-resisted|p2a: Lanturn
|-damage|p2a: Lanturn|9/100
|
|-weather|Snowscape|[upkeep]
|upkeep
|turn|18
|
|t:|1776085962
|move|p1a: Cinderace|Weather Ball|p2a: Lanturn
|-resisted|p2a: Lanturn
|-damage|p2a: Lanturn|0 fnt
|faint|p2a: Lanturn
|
|-weather|Snowscape|[upkeep]
|upkeep
|
|t:|1776085965
|switch|p2a: Mamoswine|Mamoswine, M|100/100
|-damage|p2a: Mamoswine|88/100|[from] Stealth Rock
|turn|19
|
|t:|1776085971
|move|p1a: Cinderace|Weather Ball|p2a: Mamoswine
|-damage|p2a: Mamoswine|19/100
|move|p2a: Mamoswine|Rock Slide|p1a: Cinderace
|-supereffective|p1a: Cinderace
|-damage|p1a: Cinderace|33/100
|-damage|p2a: Mamoswine|9/100|[from] item: Life Orb
|
|-weather|Snowscape|[upkeep]
|upkeep
|turn|20
|
|t:|1776085980
|move|p1a: Cinderace|Weather Ball|p2a: Mamoswine
|-damage|p2a: Mamoswine|0 fnt
|faint|p2a: Mamoswine
|
|-weather|none
|upkeep
|
|t:|1776085981
|switch|p2a: Sableye|Sableye, M, shiny|69/100
|turn|21
|
|t:|1776085985
|switch|p1a: Garganacl|Garganacl, F|47/100
|move|p2a: Sableye|Foul Play|p1a: Garganacl
|-damage|p1a: Garganacl|25/100
|
|-heal|p1a: Garganacl|31/100|[from] item: Leftovers
|upkeep
|turn|22
|
|t:|1776085993
|move|p2a: Sableye|Foul Play|p1a: Garganacl
|-damage|p1a: Garganacl|9/100
|move|p1a: Garganacl|Salt Cure|p2a: Sableye
|-damage|p2a: Sableye|55/100
|-start|p2a: Sableye|Salt Cure
|
|-heal|p1a: Garganacl|15/100|[from] item: Leftovers
|-damage|p2a: Sableye|43/100|[from] Salt Cure
|upkeep
|turn|23
|
|t:|1776085999
|switch|p1a: Cinderace|Cinderace, F, shiny|33/100
|move|p2a: Sableye|Foul Play|p1a: Cinderace
|-damage|p1a: Cinderace|0 fnt
|faint|p1a: Cinderace
|
|-damage|p2a: Sableye|30/100|[from] Salt Cure
|upkeep
|
|t:|1776086001
|switch|p1a: Garganacl|Garganacl, F|15/100
|turn|24
|
|t:|1776086004
|move|p2a: Sableye|Foul Play|p1a: Garganacl
|-damage|p1a: Garganacl|0 fnt
|faint|p1a: Garganacl
|
|win|brimas22
|raw|idkmorenames's rating: 1150 &rarr; <strong>1127</strong><br />(-23 for losing)
|raw|brimas22's rating: 1182 &rarr; <strong>1205</strong><br />(+23 for winning)
|l|☆idkmorenames
|player|p1|
|c|☆brimas22|Gg
|l|☆brimas22
|player|p2|
