|html|<div class="broadcast-blue"><strong>[Gen 9] OU is currently suspecting Tera Blast! For information on how to participate check out the <a href="https://www.smogon.com/tools/suspects/view/200">suspect thread</a>.</strong></div>
|j|☆SlNGULARlTY
|j|☆TrentMercer
|t:|1776283891
|gametype|singles
|player|p1|SlNGULARlTY|koga|1479
|player|p2|TrentMercer|cynthia-gen4|1544
|gen|9
|tier|[Gen 9] OU
|rated|
|rule|HP Percentage Mod: HP is shown in percentages
|rule|Endless Battle Clause: Forcing endless battles is banned
|rule|Species Clause: Limit one of each Pokémon
|rule|OHKO Clause: OHKO moves are banned
|rule|Evasion Items Clause: Evasion items are banned
|rule|Evasion Moves Clause: Evasion moves are banned
|rule|Evasion Abilities Clause: Evasion abilities are banned
|rule|Sleep Moves Clause: Sleep-inducing moves are banned
|clearpoke
|poke|p1|Ting-Lu|
|poke|p1|Ogerpon-Wellspring, F|
|poke|p1|Gholdengo|
|poke|p1|Dragonite, F|
|poke|p1|Moltres|
|poke|p1|Primarina, F|
|poke|p2|Landorus-Therian, M|
|poke|p2|Corviknight, M|
|poke|p2|Slowking-Galar, M|
|poke|p2|Crawdaunt, F|
|poke|p2|Darkrai|
|poke|p2|Gholdengo|
|teampreview
|inactive|Battle timer is ON: inactive players will automatically lose when time's up. (requested by SlNGULARlTY)
|inactive|SlNGULARlTY has 120 seconds left.
|
|t:|1776283933
|teamsize|p1|6
|teamsize|p2|6
|start
|switch|p1a: Dragonite|Dragonite, F|100/100
|switch|p2a: Crawdaunt|Crawdaunt, F|100/100
|turn|1
|
|t:|1776283939
|move|p1a: Dragonite|Earthquake|p2a: Crawdaunt
|-damage|p2a: Crawdaunt|45/100
|move|p2a: Crawdaunt|Knock Off|p1a: Dragonite
|-damage|p1a: Dragonite|44/100
|-enditem|p1a: Dragonite|Heavy-Duty Boots|[from] move: Knock Off|[of] p2a: Crawdaunt
|
|upkeep
|turn|2
|
|t:|1776283946
|switch|p1a: Ting-Lu|Ting-Lu|100/100
|-ability|p1a: Ting-Lu|Vessel of Ruin
|switch|p2a: Landorus|Landorus-Therian, M|100/100
|-ability|p2a: Landorus|Intimidate|boost
|-unboost|p1a: Ting-Lu|atk|1
|
|upkeep
|turn|3
|
|t:|1776283948
|move|p2a: Landorus|U-turn|p1a: Ting-Lu
|-supereffective|p1a: Ting-Lu
|-damage|p1a: Ting-Lu|76/100
|
|t:|1776283951
|switch|p2a: Crawdaunt|Crawdaunt, F|45/100|[from] U-turn
|move|p1a: Ting-Lu|Stealth Rock|p2a: Crawdaunt
|-sidestart|p2: TrentMercer|move: Stealth Rock
|
|-heal|p1a: Ting-Lu|82/100|[from] item: Leftovers
|upkeep
|turn|4
|
|t:|1776283956
|switch|p1a: Ogerpon|Ogerpon-Wellspring, F|100/100
|move|p2a: Crawdaunt|Close Combat|p1a: Ogerpon
|-damage|p1a: Ogerpon|17/100
|-unboost|p2a: Crawdaunt|def|1
|-unboost|p2a: Crawdaunt|spd|1
|
|upkeep
|turn|5
|
|t:|1776283962
|switch|p2a: Corviknight|Corviknight, M, shiny|100/100
|-damage|p2a: Corviknight|88/100|[from] Stealth Rock
|-ability|p2a: Corviknight|Pressure
|move|p1a: Ogerpon|Trailblaze|p2a: Corviknight
|-resisted|p2a: Corviknight
|-damage|p2a: Corviknight|84/100
|-boost|p1a: Ogerpon|spe|1
|
|-heal|p2a: Corviknight|90/100|[from] item: Leftovers
|upkeep
|turn|6
|
|t:|1776283965
|move|p1a: Ogerpon|Synthesis|p1a: Ogerpon
|-heal|p1a: Ogerpon|67/100
|move|p2a: Corviknight|U-turn|p1a: Ogerpon
|-supereffective|p1a: Ogerpon
|-damage|p1a: Ogerpon|31/100
|
|t:|1776283969
|switch|p2a: Landorus|Landorus-Therian, M|100/100|[from] U-turn
|-damage|p2a: Landorus|88/100|[from] Stealth Rock
|-ability|p2a: Landorus|Intimidate|boost
|-unboost|p1a: Ogerpon|atk|1
|
|upkeep
|turn|7
|
|t:|1776283976
|switch|p1a: Moltres|Moltres|100/100
|-terastallize|p2a: Landorus|Water
|move|p2a: Landorus|U-turn|p1a: Moltres
|-resisted|p1a: Moltres
|-damage|p1a: Moltres|97/100
|
|t:|1776283983
|switch|p2a: Slowking|Slowking-Galar, M, shiny|100/100|[from] U-turn
|-damage|p2a: Slowking|88/100|[from] Stealth Rock
|
|upkeep
|turn|8
|
|t:|1776283985
|move|p1a: Moltres|U-turn|p2a: Slowking
|-damage|p2a: Slowking|74/100
|
|t:|1776283986
|switch|p1a: Ting-Lu|Ting-Lu|82/100|[from] U-turn
|-ability|p1a: Ting-Lu|Vessel of Ruin
|move|p2a: Slowking|Sludge Bomb|p1a: Ting-Lu
|-resisted|p1a: Ting-Lu
|-damage|p1a: Ting-Lu|73/100
|
|-heal|p1a: Ting-Lu|80/100|[from] item: Leftovers
|upkeep
|turn|9
|
|t:|1776283994
|switch|p2a: Corviknight|Corviknight, M, shiny|90/100
|-damage|p2a: Corviknight|78/100|[from] Stealth Rock
|-ability|p2a: Corviknight|Pressure
|move|p1a: Ting-Lu|Ruination|p2a: Corviknight|[miss]
|-miss|p1a: Ting-Lu|p2a: Corviknight
|
|-heal|p2a: Corviknight|84/100|[from] item: Leftovers
|-heal|p1a: Ting-Lu|86/100|[from] item: Leftovers
|upkeep
|turn|10
|
|t:|1776283998
|move|p2a: Corviknight|U-turn|p1a: Ting-Lu
|-supereffective|p1a: Ting-Lu
|-damage|p1a: Ting-Lu|71/100
|
|t:|1776284003
|switch|p2a: Landorus|Landorus-Therian, M, tera:Water|88/100|[from] U-turn
|-damage|p2a: Landorus|76/100|[from] Stealth Rock
|-ability|p2a: Landorus|Intimidate|boost
|-unboost|p1a: Ting-Lu|atk|1
|move|p1a: Ting-Lu|Ruination|p2a: Landorus
|-damage|p2a: Landorus|38/100
|
|-heal|p1a: Ting-Lu|77/100|[from] item: Leftovers
|upkeep
|turn|11
|
|t:|1776284007
|move|p2a: Landorus|U-turn|p1a: Ting-Lu
|-supereffective|p1a: Ting-Lu
|-damage|p1a: Ting-Lu|53/100
|
|t:|1776284010
|switch|p2a: Corviknight|Corviknight, M, shiny|84/100|[from] U-turn
|-damage|p2a: Corviknight|71/100|[from] Stealth Rock
|-ability|p2a: Corviknight|Pressure
|move|p1a: Ting-Lu|Earthquake|p2a: Corviknight
|-immune|p2a: Corviknight
|
|-heal|p2a: Corviknight|77/100|[from] item: Leftovers
|-heal|p1a: Ting-Lu|59/100|[from] item: Leftovers
|upkeep
|turn|12
|
|t:|1776284013
|move|p2a: Corviknight|Defog|p1a: Ting-Lu
|-unboost|p1a: Ting-Lu|evasion|1
|-sideend|p2: TrentMercer|Stealth Rock|[from] move: Defog|[of] p2a: Corviknight
|move|p1a: Ting-Lu|Ruination|p2a: Corviknight
|-damage|p2a: Corviknight|39/100
|
|-heal|p2a: Corviknight|45/100|[from] item: Leftovers
|-heal|p1a: Ting-Lu|66/100|[from] item: Leftovers
|upkeep
|turn|13
|
|t:|1776284018
|move|p2a: Corviknight|U-turn|p1a: Ting-Lu
|-supereffective|p1a: Ting-Lu
|-damage|p1a: Ting-Lu|51/100
|
|t:|1776284020
|switch|p2a: Crawdaunt|Crawdaunt, F|45/100|[from] U-turn
|move|p1a: Ting-Lu|Stealth Rock|p2a: Crawdaunt
|-sidestart|p2: TrentMercer|move: Stealth Rock
|
|-heal|p1a: Ting-Lu|58/100|[from] item: Leftovers
|upkeep
|turn|14
|
|t:|1776284026
|switch|p1a: Dragonite|Dragonite, F|44/100
|move|p2a: Crawdaunt|Knock Off|p1a: Dragonite
|-damage|p1a: Dragonite|0 fnt
|faint|p1a: Dragonite
|
|upkeep
|
|t:|1776284032
|switch|p1a: Ogerpon|Ogerpon-Wellspring, F|31/100
|turn|15
|
|t:|1776284034
|switch|p2a: Landorus|Landorus-Therian, M, tera:Water|38/100
|-damage|p2a: Landorus|26/100|[from] Stealth Rock
|-ability|p2a: Landorus|Intimidate|boost
|-unboost|p1a: Ogerpon|atk|1
|move|p1a: Ogerpon|Ivy Cudgel|p2a: Landorus|[anim] Ivy Cudgel Water
|-resisted|p2a: Landorus
|-damage|p2a: Landorus|6/100
|
|upkeep
|turn|16
|
|t:|1776284042
|move|p1a: Ogerpon|Ivy Cudgel|p2a: Landorus|[anim] Ivy Cudgel Water
|-resisted|p2a: Landorus
|-damage|p2a: Landorus|0 fnt
|faint|p2a: Landorus
|
|upkeep
|
|t:|1776284045
|switch|p2a: Darkrai|Darkrai|100/100
|-damage|p2a: Darkrai|88/100|[from] Stealth Rock
|turn|17
|
|t:|1776284047
|switch|p1a: Ting-Lu|Ting-Lu|58/100
|-ability|p1a: Ting-Lu|Vessel of Ruin
|move|p2a: Darkrai|Dark Pulse|p1a: Ting-Lu
|-resisted|p1a: Ting-Lu
|-damage|p1a: Ting-Lu|48/100
|
|-heal|p1a: Ting-Lu|54/100|[from] item: Leftovers
|upkeep
|turn|18
|
|t:|1776284054
|switch|p1a: Primarina|Primarina, F|100/100
|move|p2a: Darkrai|Focus Blast|p1a: Primarina
|-resisted|p1a: Primarina
|-damage|p1a: Primarina|88/100
|
|upkeep
|turn|19
|
|t:|1776284060
|switch|p2a: Slowking|Slowking-Galar, M, shiny|100/100
|-damage|p2a: Slowking|88/100|[from] Stealth Rock
|move|p1a: Primarina|Hydro Pump|p2a: Slowking
|-damage|p2a: Slowking|60/100
|
|upkeep
|turn|20
|
|t:|1776284065
|move|p1a: Primarina|Flip Turn|p2a: Slowking
|-damage|p2a: Slowking|46/100
|
|t:|1776284068
|switch|p1a: Gholdengo|Gholdengo|100/100|[from] Flip Turn
|move|p2a: Slowking|Sludge Bomb|p1a: Gholdengo
|-immune|p1a: Gholdengo
|
|upkeep
|turn|21
|
|t:|1776284081
|switch|p2a: Crawdaunt|Crawdaunt, F|45/100
|-damage|p2a: Crawdaunt|33/100|[from] Stealth Rock
|-terastallize|p1a: Gholdengo|Stellar
|move|p1a: Gholdengo|Shadow Ball|p2a: Crawdaunt
|-resisted|p2a: Crawdaunt
|-damage|p2a: Crawdaunt|0 fnt
|faint|p2a: Crawdaunt
|
|upkeep
|
|t:|1776284095
|switch|p2a: Darkrai|Darkrai|88/100
|-damage|p2a: Darkrai|76/100|[from] Stealth Rock
|turn|22
|
|t:|1776284098
|switch|p1a: Primarina|Primarina, F|88/100
|move|p2a: Darkrai|Dark Pulse|p1a: Primarina
|-resisted|p1a: Primarina
|-damage|p1a: Primarina|76/100
|
|upkeep
|turn|23
|
|t:|1776284103
|move|p2a: Darkrai|Sludge Bomb|p1a: Primarina
|-supereffective|p1a: Primarina
|-damage|p1a: Primarina|31/100
|move|p1a: Primarina|Flip Turn|p2a: Darkrai
|-damage|p2a: Darkrai|49/100
|
|t:|1776284109
|switch|p1a: Ting-Lu|Ting-Lu|54/100|[from] Flip Turn
|-ability|p1a: Ting-Lu|Vessel of Ruin
|
|-heal|p1a: Ting-Lu|60/100|[from] item: Leftovers
|upkeep
|turn|24
|
|t:|1776284114
|switch|p2a: Corviknight|Corviknight, M, shiny|45/100
|-damage|p2a: Corviknight|33/100|[from] Stealth Rock
|-ability|p2a: Corviknight|Pressure
|move|p1a: Ting-Lu|Earthquake|p2a: Corviknight
|-immune|p2a: Corviknight
|
|-heal|p2a: Corviknight|39/100|[from] item: Leftovers
|-heal|p1a: Ting-Lu|66/100|[from] item: Leftovers
|upkeep
|turn|25
|
|t:|1776284118
|move|p2a: Corviknight|Roost|p2a: Corviknight
|-heal|p2a: Corviknight|89/100
|-singleturn|p2a: Corviknight|move: Roost
|move|p1a: Ting-Lu|Earthquake|p2a: Corviknight
|-supereffective|p2a: Corviknight
|-damage|p2a: Corviknight|43/100
|
|-heal|p2a: Corviknight|49/100|[from] item: Leftovers
|-heal|p1a: Ting-Lu|72/100|[from] item: Leftovers
|upkeep
|turn|26
|
|t:|1776284124
|move|p2a: Corviknight|U-turn|p1a: Ting-Lu
|-supereffective|p1a: Ting-Lu
|-damage|p1a: Ting-Lu|56/100
|
|t:|1776284145
|switch|p2a: Gholdengo|Gholdengo|100/100|[from] U-turn
|-damage|p2a: Gholdengo|94/100|[from] Stealth Rock
|move|p1a: Ting-Lu|Stealth Rock||[still]
|-fail|p1a: Ting-Lu
|
|-heal|p1a: Ting-Lu|62/100|[from] item: Leftovers
|upkeep
|turn|27
|
|t:|1776284159
|switch|p2a: Corviknight|Corviknight, M, shiny|49/100
|-damage|p2a: Corviknight|37/100|[from] Stealth Rock
|-ability|p2a: Corviknight|Pressure
|switch|p1a: Ogerpon|Ogerpon-Wellspring, F|31/100
|
|-heal|p2a: Corviknight|43/100|[from] item: Leftovers
|upkeep
|turn|28
|
|t:|1776284163
|move|p1a: Ogerpon|Ivy Cudgel|p2a: Corviknight|[anim] Ivy Cudgel Water
|-damage|p2a: Corviknight|11/100
|move|p2a: Corviknight|U-turn|p1a: Ogerpon
|-supereffective|p1a: Ogerpon
|-damage|p1a: Ogerpon|0 fnt
|faint|p1a: Ogerpon
|
|t:|1776284171
|switch|p2a: Darkrai|Darkrai|49/100|[from] U-turn
|-damage|p2a: Darkrai|36/100|[from] Stealth Rock
|
|upkeep
|
|t:|1776284174
|switch|p1a: Ting-Lu|Ting-Lu|62/100
|-ability|p1a: Ting-Lu|Vessel of Ruin
|turn|29
|
|t:|1776284179
|move|p2a: Darkrai|Focus Blast|p1a: Ting-Lu|[miss]
|-miss|p2a: Darkrai|p1a: Ting-Lu
|move|p1a: Ting-Lu|Earthquake|p2a: Darkrai
|-damage|p2a: Darkrai|0 fnt
|faint|p2a: Darkrai
|
|-heal|p1a: Ting-Lu|68/100|[from] item: Leftovers
|upkeep
|
|t:|1776284186
|switch|p2a: Corviknight|Corviknight, M, shiny|11/100
|-damage|p2a: Corviknight|0 fnt|[from] Stealth Rock
|faint|p2a: Corviknight
|
|t:|1776284195
|switch|p2a: Slowking|Slowking-Galar, M, shiny|79/100
|-damage|p2a: Slowking|66/100|[from] Stealth Rock
|turn|30
|
|t:|1776284197
|move|p1a: Ting-Lu|Earthquake|p2a: Slowking
|-supereffective|p2a: Slowking
|-damage|p2a: Slowking|0 fnt
|faint|p2a: Slowking
|
|-heal|p1a: Ting-Lu|74/100|[from] item: Leftovers
|upkeep
|
|t:|1776284200
|switch|p2a: Gholdengo|Gholdengo|94/100
|-damage|p2a: Gholdengo|88/100|[from] Stealth Rock
|turn|31
|
|t:|1776284201
|move|p2a: Gholdengo|Dazzling Gleam|p1a: Ting-Lu
|-supereffective|p1a: Ting-Lu
|-damage|p1a: Ting-Lu|50/100
|move|p1a: Ting-Lu|Earthquake|p2a: Gholdengo
|-supereffective|p2a: Gholdengo
|-damage|p2a: Gholdengo|0 fnt
|faint|p2a: Gholdengo
|
|win|SlNGULARlTY
|raw|SlNGULARlTY's rating: 1479 &rarr; <strong>1503</strong><br />(+24 for winning)
|raw|TrentMercer's rating: 1544 &rarr; <strong>1520</strong><br />(-24 for losing)
|l|☆TrentMercer
|player|p2|
