|html|<div class="broadcast-blue"><strong>[Gen 9] OU is currently suspecting Tera Blast! For information on how to participate check out the <a href="https://www.smogon.com/tools/suspects/view/200">suspect thread</a>.</strong></div>
|j|☆magistermilitum420
|j|‽Scoobert995
|t:|1776100173
|gametype|singles
|player|p1|magistermilitum420|blue|1196
|player|p2|Scoobert995|pokemaniac|1246
|gen|9
|tier|[Gen 9] OU
|rated|
|rule|HP Percentage Mod: HP is shown in percentages
|rule|Endless Battle Clause: Forcing endless battles is banned
|rule|Species Clause: Limit one of each Pokémon
|rule|OHKO Clause: OHKO moves are banned
|rule|Evasion Items Clause: Evasion items are banned
|rule|Evasion Moves Clause: Evasion moves are banned
|rule|Evasion Abilities Clause: Evasion abilities are banned
|rule|Sleep Moves Clause: Sleep-inducing moves are banned
|clearpoke
|poke|p1|Meowscarada, M|
|poke|p1|Great Tusk|
|poke|p1|Alomomola, F|
|poke|p1|Slowking-Galar, F|
|poke|p1|Dragonite, M|
|poke|p1|Heatran, F|
|poke|p2|Iron Valiant|
|poke|p2|Heatran, F|
|poke|p2|Polteageist-Antique|
|poke|p2|Regidrago|
|poke|p2|Maushold-Four|
|poke|p2|Hawlucha, M|
|teampreview
|inactive|Battle timer is ON: inactive players will automatically lose when time's up. (requested by Scoobert995)
|
|t:|1776100180
|teamsize|p1|6
|teamsize|p2|6
|start
|switch|p1a: Mithridates|Slowking-Galar, F|100/100
|switch|p2a: Heatran|Heatran, F|100/100
|turn|1
|
|t:|1776100192
|switch|p1a: Charybdis|Alomomola, F, shiny|100/100
|move|p2a: Heatran|Magma Storm|p1a: Charybdis
|-resisted|p1a: Charybdis
|-damage|p1a: Charybdis|68/100
|-activate|p1a: Charybdis|move: Magma Storm|[of] p2a: Heatran
|
|-damage|p1a: Charybdis|56/100|[from] move: Magma Storm|[partiallytrapped]
|upkeep
|turn|2
|
|t:|1776100201
|move|p2a: Heatran|Protect|p2a: Heatran
|-singleturn|p2a: Heatran|Protect
|move|p1a: Charybdis|Wish|p1a: Charybdis
|
|-damage|p1a: Charybdis|44/100|[from] move: Magma Storm|[partiallytrapped]
|upkeep
|turn|3
|
|t:|1776100208
|-terastallize|p2a: Heatran|Grass
|move|p2a: Heatran|Solar Beam||[still]
|-prepare|p2a: Heatran|Solar Beam
|-enditem|p2a: Heatran|Power Herb
|-anim|p2a: Heatran|Solar Beam|p1a: Charybdis
|-supereffective|p1a: Charybdis
|-damage|p1a: Charybdis|0 fnt
|faint|p1a: Charybdis
|
|upkeep
|
|t:|1776100220
|switch|p1a: Mithridates|Slowking-Galar, F|100/100
|turn|4
|
|t:|1776100225
|move|p2a: Heatran|Magma Storm|p1a: Mithridates
|-damage|p1a: Mithridates|73/100
|-activate|p1a: Mithridates|move: Magma Storm|[of] p2a: Heatran
|move|p1a: Mithridates|Sludge Bomb|p2a: Heatran
|-supereffective|p2a: Heatran
|-damage|p2a: Heatran|33/100
|
|-damage|p1a: Mithridates|61/100|[from] move: Magma Storm|[partiallytrapped]
|upkeep
|turn|5
|
|t:|1776100232
|move|p2a: Heatran|Protect|p2a: Heatran
|-singleturn|p2a: Heatran|Protect
|move|p1a: Mithridates|Sludge Bomb|p2a: Heatran
|-activate|p2a: Heatran|move: Protect
|
|-damage|p1a: Mithridates|48/100|[from] move: Magma Storm|[partiallytrapped]
|upkeep
|turn|6
|
|t:|1776100239
|move|p2a: Heatran|Magma Storm|p1a: Mithridates
|-damage|p1a: Mithridates|22/100
|move|p1a: Mithridates|Sludge Bomb|p2a: Heatran
|-supereffective|p2a: Heatran
|-damage|p2a: Heatran|0 fnt
|faint|p2a: Heatran
|
|-end|p1a: Mithridates|Magma Storm|[partiallytrapped]|[silent]
|upkeep
|
|t:|1776100246
|switch|p2a: Hawlucha|Hawlucha, M|100/100
|turn|7
|
|t:|1776100264
|-terastallize|p1a: Mithridates|Fairy
|move|p2a: Hawlucha|Sky Attack||[still]
|-prepare|p2a: Hawlucha|Sky Attack
|-enditem|p2a: Hawlucha|Power Herb
|-anim|p2a: Hawlucha|Sky Attack|p1a: Mithridates
|-damage|p1a: Mithridates|0 fnt
|faint|p1a: Mithridates
|
|upkeep
|
|t:|1776100273
|switch|p1a: Mahad|Meowscarada, M, shiny|100/100
|turn|8
|
|t:|1776100278
|move|p2a: Hawlucha|High Jump Kick|p1a: Mahad
|-supereffective|p1a: Mahad
|-damage|p1a: Mahad|0 fnt
|faint|p1a: Mahad
|
|upkeep
|
|t:|1776100287
|switch|p1a: Vulcanus|Heatran, F, shiny|100/100
|turn|9
|
|t:|1776100292
|move|p2a: Hawlucha|Swords Dance|p2a: Hawlucha
|-boost|p2a: Hawlucha|atk|2
|move|p1a: Vulcanus|Overheat|p2a: Hawlucha
|-damage|p2a: Hawlucha|0 fnt
|-unboost|p1a: Vulcanus|spa|2
|faint|p2a: Hawlucha
|
|upkeep
|
|t:|1776100301
|switch|p2a: Iron Valiant|Iron Valiant|100/100
|-enditem|p2a: Iron Valiant|Booster Energy
|-activate|p2a: Iron Valiant|ability: Quark Drive|[fromitem]
|-start|p2a: Iron Valiant|quarkdrivespe
|turn|10
|
|t:|1776100309
|switch|p1a: Barca|Great Tusk|100/100
|move|p2a: Iron Valiant|Close Combat|p1a: Barca
|-damage|p1a: Barca|57/100
|-unboost|p2a: Iron Valiant|def|1
|-unboost|p2a: Iron Valiant|spd|1
|
|upkeep
|turn|11
|
|t:|1776100318
|move|p2a: Iron Valiant|Spirit Break|p1a: Barca
|-supereffective|p1a: Barca
|-damage|p1a: Barca|0 fnt
|faint|p1a: Barca
|-end|p1a: Barca|Protosynthesis|[silent]
|
|upkeep
|
|t:|1776100325
|switch|p1a: Vulcanus|Heatran, F, shiny|100/100
|turn|12
|
|t:|1776100328
|move|p2a: Iron Valiant|Close Combat|p1a: Vulcanus
|-supereffective|p1a: Vulcanus
|-damage|p1a: Vulcanus|0 fnt
|-unboost|p2a: Iron Valiant|def|1
|-unboost|p2a: Iron Valiant|spd|1
|faint|p1a: Vulcanus
|
|upkeep
|
|t:|1776100334
|switch|p1a: Ladon|Dragonite, M, shiny|100/100
|turn|13
|
|t:|1776100336
|move|p2a: Iron Valiant|Spirit Break|p1a: Ladon
|-supereffective|p1a: Ladon
|-damage|p1a: Ladon|59/100
|-unboost|p1a: Ladon|spa|1
|move|p1a: Ladon|Dragon Dance|p1a: Ladon
|-boost|p1a: Ladon|atk|1
|-boost|p1a: Ladon|spe|1
|
|upkeep
|turn|14
|
|t:|1776100347
|move|p2a: Iron Valiant|Encore|p1a: Ladon
|-start|p1a: Ladon|Encore
|move|p1a: Ladon|Dragon Dance|p1a: Ladon
|-boost|p1a: Ladon|atk|1
|-boost|p1a: Ladon|spe|1
|
|upkeep
|turn|15
|
|t:|1776100353
|move|p1a: Ladon|Dragon Dance|p1a: Ladon
|-boost|p1a: Ladon|atk|1
|-boost|p1a: Ladon|spe|1
|move|p2a: Iron Valiant|Spirit Break|p1a: Ladon
|-supereffective|p1a: Ladon
|-crit|p1a: Ladon
|-damage|p1a: Ladon|0 fnt
|faint|p1a: Ladon
|
|win|Scoobert995
|raw|magistermilitum420's rating: 1196 &rarr; <strong>1175</strong><br />(-21 for losing)
|raw|Scoobert995's rating: 1246 &rarr; <strong>1267</strong><br />(+21 for winning)
