|html|<div class="broadcast-blue"><strong>[Gen 9] OU is currently suspecting Tera Blast! For information on how to participate check out the <a href="https://www.smogon.com/tools/suspects/view/200">suspect thread</a>.</strong></div>
|j|☆walry
|j|☆nyalicethotep
|t:|1776054127
|gametype|singles
|player|p1|walry|1|1143
|player|p2|nyalicethotep|palmer|1113
|gen|9
|tier|[Gen 9] OU
|rated|
|rule|HP Percentage Mod: HP is shown in percentages
|rule|Endless Battle Clause: Forcing endless battles is banned
|rule|Species Clause: Limit one of each Pokémon
|rule|OHKO Clause: OHKO moves are banned
|rule|Evasion Items Clause: Evasion items are banned
|rule|Evasion Moves Clause: Evasion moves are banned
|rule|Evasion Abilities Clause: Evasion abilities are banned
|rule|Sleep Moves Clause: Sleep-inducing moves are banned
|clearpoke
|poke|p1|Spidops, F|
|poke|p1|Ting-Lu|
|poke|p1|Indeedee-F, F|
|poke|p1|Ambipom, F|
|poke|p1|Regirock|
|poke|p1|Pawmot, M|
|poke|p2|Zamazenta-*|
|poke|p2|Hydrapple, M|
|poke|p2|Ting-Lu|
|poke|p2|Corviknight, F|
|poke|p2|Slowking-Galar, F|
|poke|p2|Gholdengo|
|teampreview
|
|t:|1776054148
|teamsize|p1|6
|teamsize|p2|6
|start
|switch|p1a: Regirock|Regirock|100/100
|switch|p2a: Hydrapple|Hydrapple, M|100/100
|turn|1
|
|t:|1776054155
|move|p1a: Regirock|Explosion|p2a: Hydrapple
|-enditem|p1a: Regirock|Normal Gem|[from] gem
|-damage|p2a: Hydrapple|46/100
|faint|p1a: Regirock
|move|p2a: Hydrapple|Nasty Plot|p2a: Hydrapple
|-boost|p2a: Hydrapple|spa|2
|
|upkeep
|
|t:|1776054170
|switch|p1a: Ambipom|Ambipom, F|100/100
|turn|2
|
|t:|1776054174
|switch|p2a: Corviknight|Corviknight, F|100/100
|move|p1a: Ambipom|Fake Out|p2a: Corviknight
|-resisted|p2a: Corviknight
|-damage|p2a: Corviknight|90/100
|-damage|p1a: Ambipom|84/100|[from] item: Rocky Helmet|[of] p2a: Corviknight
|
|upkeep
|turn|3
|
|t:|1776054187
|switch|p1a: Spidops|Spidops, F|100/100
|move|p2a: Corviknight|U-turn|p1a: Spidops
|-damage|p1a: Spidops|85/100
|
|t:|1776054189
|switch|p2a: Hydrapple|Hydrapple, M|79/100|[from] U-turn
|
|upkeep
|turn|4
|
|t:|1776054199
|move|p2a: Hydrapple|Nasty Plot|p2a: Hydrapple
|-boost|p2a: Hydrapple|spa|2
|move|p1a: Spidops|Leech Life|p2a: Hydrapple
|-supereffective|p2a: Hydrapple
|-damage|p2a: Hydrapple|53/100
|-heal|p1a: Spidops|100/100|[from] drain|[of] p2a: Hydrapple
|
|upkeep
|turn|5
|
|t:|1776054205
|move|p2a: Hydrapple|Giga Drain|p1a: Spidops
|-resisted|p1a: Spidops
|-damage|p1a: Spidops|73/100
|-heal|p2a: Hydrapple|64/100|[from] drain|[of] p1a: Spidops
|move|p1a: Spidops|Circle Throw|p2a: Hydrapple
|-damage|p2a: Hydrapple|57/100
|drag|p2a: Corviknight|Corviknight, F|90/100
|
|upkeep
|turn|6
|
|t:|1776054222
|switch|p1a: Pawmot|Pawmot, M|100/100
|move|p2a: Corviknight|Brave Bird|p1a: Pawmot
|-damage|p1a: Pawmot|50/100
|-damage|p2a: Corviknight|78/100|[from] Recoil
|
|upkeep
|turn|7
|
|t:|1776054229
|switch|p2a: Ting-Lu|Ting-Lu|100/100
|-ability|p2a: Ting-Lu|Vessel of Ruin
|move|p1a: Pawmot|Double Shock|p2a: Ting-Lu
|-immune|p2a: Ting-Lu
|
|upkeep
|turn|8
|-message|walry forfeited.
|
|win|nyalicethotep
|raw|walry's rating: 1143 &rarr; <strong>1116</strong><br />(-27 for losing)
|raw|nyalicethotep's rating: 1113 &rarr; <strong>1140</strong><br />(+27 for winning)
|l|☆walry
|player|p1|
