|html|<div class="broadcast-blue"><strong>[Gen 9] OU is currently suspecting Tera Blast! For information on how to participate check out the <a href="https://www.smogon.com/tools/suspects/view/200">suspect thread</a>.</strong></div>
|j|☆TOXICccccccccccccc
|j|☆vkai3333
|t:|1776105146
|gametype|singles
|player|p1|TOXICccccccccccccc|preschooler|1371
|player|p2|vkai3333|266|1416
|gen|9
|tier|[Gen 9] OU
|rated|
|rule|HP Percentage Mod: HP is shown in percentages
|rule|Endless Battle Clause: Forcing endless battles is banned
|rule|Species Clause: Limit one of each Pokémon
|rule|OHKO Clause: OHKO moves are banned
|rule|Evasion Items Clause: Evasion items are banned
|rule|Evasion Moves Clause: Evasion moves are banned
|rule|Evasion Abilities Clause: Evasion abilities are banned
|rule|Sleep Moves Clause: Sleep-inducing moves are banned
|clearpoke
|poke|p1|Ogerpon-Wellspring, F|
|poke|p1|Heatran, M|
|poke|p1|Goodra-Hisui, F|
|poke|p1|Thundurus-Therian, M|
|poke|p1|Orthworm, M|
|poke|p1|Grimmsnarl, M|
|poke|p2|Walking Wake|
|poke|p2|Lilligant-Hisui, F|
|poke|p2|Cinderace, M|
|poke|p2|Slowking-Galar, M|
|poke|p2|Zapdos|
|poke|p2|Kingambit, F|
|teampreview
|inactive|Battle timer is ON: inactive players will automatically lose when time's up. (requested by TOXICccccccccccccc)
|
|t:|1776105162
|teamsize|p1|6
|teamsize|p2|6
|start
|switch|p1a: Grimmsnarl|Grimmsnarl, M|100/100
|switch|p2a: Cinderace|Cinderace, M|100/100
|turn|1
|
|t:|1776105168
|move|p1a: Grimmsnarl|Thunder Wave|p2a: Cinderace
|-status|p2a: Cinderace|par
|move|p2a: Cinderace|Sunny Day|p2a: Cinderace
|-weather|SunnyDay
|
|-weather|SunnyDay|[upkeep]
|upkeep
|turn|2
|
|t:|1776105178
|move|p1a: Grimmsnarl|Reflect|p1a: Grimmsnarl
|-sidestart|p1: TOXICccccccccccccc|Reflect
|cant|p2a: Cinderace|par
|
|-weather|SunnyDay|[upkeep]
|upkeep
|turn|3
|
|t:|1776105186
|move|p1a: Grimmsnarl|Light Screen|p1a: Grimmsnarl
|-sidestart|p1: TOXICccccccccccccc|move: Light Screen
|move|p2a: Cinderace|Pyro Ball|p1a: Grimmsnarl
|-damage|p1a: Grimmsnarl|71/100
|
|-weather|SunnyDay|[upkeep]
|upkeep
|turn|4
|
|t:|1776105190
|move|p1a: Grimmsnarl|Parting Shot|p2a: Cinderace
|-unboost|p2a: Cinderace|atk|1
|-unboost|p2a: Cinderace|spa|1
|
|t:|1776105194
|switch|p1a: Thundurus|Thundurus-Therian, M|100/100|[from] Parting Shot
|move|p2a: Cinderace|Court Change|p2a: Cinderace
|-start|p2a: Cinderace|typechange|Normal|[from] ability: Libero
|-swapsideconditions
|-activate|p2a: Cinderace|move: Court Change
|
|-weather|SunnyDay|[upkeep]
|upkeep
|turn|5
|
|t:|1776105203
|move|p1a: Thundurus|Volt Switch|p2a: Cinderace
|-damage|p2a: Cinderace|75/100 par
|
|t:|1776105206
|switch|p1a: Grimmsnarl|Grimmsnarl, M|71/100|[from] Volt Switch
|cant|p2a: Cinderace|par
|
|-weather|SunnyDay|[upkeep]
|upkeep
|turn|6
|
|t:|1776105211
|move|p1a: Grimmsnarl|Reflect|p1a: Grimmsnarl
|-sidestart|p1: TOXICccccccccccccc|Reflect
|cant|p2a: Cinderace|par
|
|-weather|SunnyDay|[upkeep]
|upkeep
|turn|7
|
|t:|1776105216
|switch|p2a: Walking Wake|Walking Wake|100/100
|-activate|p2a: Walking Wake|ability: Protosynthesis
|-start|p2a: Walking Wake|protosynthesisspe
|move|p1a: Grimmsnarl|Light Screen|p1a: Grimmsnarl
|-sidestart|p1: TOXICccccccccccccc|move: Light Screen
|
|-weather|SunnyDay|[upkeep]
|upkeep
|turn|8
|
|t:|1776105224
|-end|p2a: Walking Wake|Protosynthesis|[silent]
|switch|p2a: Slowking|Slowking-Galar, M|100/100
|move|p1a: Grimmsnarl|Thunder Wave|p2a: Slowking
|-status|p2a: Slowking|par
|
|-weather|none
|upkeep
|turn|9
|
|t:|1776105230
|move|p1a: Grimmsnarl|Parting Shot|p2a: Slowking
|-unboost|p2a: Slowking|atk|1
|-unboost|p2a: Slowking|spa|1
|
|t:|1776105233
|switch|p1a: Heatran|Heatran, M|100/100|[from] Parting Shot
|move|p2a: Slowking|Sludge Bomb|p1a: Heatran
|-immune|p1a: Heatran
|
|-sideend|p2: vkai3333|Reflect
|upkeep
|turn|10
|
|t:|1776105237
|switch|p2a: Zapdos|Zapdos|100/100
|move|p1a: Heatran|Magma Storm|p2a: Zapdos
|-damage|p2a: Zapdos|80/100
|-activate|p2a: Zapdos|move: Magma Storm|[of] p1a: Heatran
|
|-damage|p2a: Zapdos|67/100|[from] move: Magma Storm|[partiallytrapped]
|-sideend|p2: vkai3333|move: Light Screen
|upkeep
|turn|11
|
|t:|1776105242
|move|p1a: Heatran|Protect|p1a: Heatran
|-singleturn|p1a: Heatran|Protect
|move|p2a: Zapdos|Roost|p2a: Zapdos
|-heal|p2a: Zapdos|100/100
|-singleturn|p2a: Zapdos|move: Roost
|
|-damage|p2a: Zapdos|88/100|[from] move: Magma Storm|[partiallytrapped]
|upkeep
|turn|12
|
|t:|1776105249
|switch|p1a: Thundurus|Thundurus-Therian, M|100/100
|move|p2a: Zapdos|Discharge|p1a: Thundurus
|-immune|p1a: Thundurus|[from] ability: Volt Absorb
|
|-end|p2a: Zapdos|Magma Storm|[partiallytrapped]|[silent]
|upkeep
|turn|13
|
|t:|1776105260
|move|p1a: Thundurus|Agility|p1a: Thundurus
|-boost|p1a: Thundurus|spe|2
|move|p2a: Zapdos|Heat Wave|p1a: Thundurus
|-damage|p1a: Thundurus|84/100
|
|-sideend|p1: TOXICccccccccccccc|Reflect
|upkeep
|turn|14
|
|t:|1776105266
|move|p1a: Thundurus|Dark Pulse|p2a: Zapdos
|-damage|p2a: Zapdos|58/100
|move|p2a: Zapdos|Heat Wave|p1a: Thundurus|[miss]
|-miss|p2a: Zapdos|p1a: Thundurus
|
|-sideend|p1: TOXICccccccccccccc|move: Light Screen
|upkeep
|turn|15
|
|t:|1776105273
|move|p1a: Thundurus|Dark Pulse|p2a: Zapdos
|-damage|p2a: Zapdos|26/100
|move|p2a: Zapdos|Roost|p2a: Zapdos
|-heal|p2a: Zapdos|76/100
|-singleturn|p2a: Zapdos|move: Roost
|
|upkeep
|turn|16
|
|t:|1776105277
|move|p1a: Thundurus|Dark Pulse|p2a: Zapdos
|-damage|p2a: Zapdos|46/100
|move|p2a: Zapdos|Heat Wave|p1a: Thundurus
|-crit|p1a: Thundurus
|-damage|p1a: Thundurus|28/100
|
|upkeep
|turn|17
|
|t:|1776105282
|move|p1a: Thundurus|Volt Switch|p2a: Zapdos
|-damage|p2a: Zapdos|6/100
|
|t:|1776105285
|switch|p1a: Ogerpon|Ogerpon-Wellspring, F|100/100|[from] Volt Switch
|move|p2a: Zapdos|Roost|p2a: Zapdos
|-heal|p2a: Zapdos|56/100
|-singleturn|p2a: Zapdos|move: Roost
|
|upkeep
|turn|18
|
|t:|1776105290
|move|p1a: Ogerpon|Ivy Cudgel|p2a: Zapdos|[anim] Ivy Cudgel Water
|-crit|p2a: Zapdos
|-damage|p2a: Zapdos|0 fnt
|faint|p2a: Zapdos
|
|upkeep
|
|t:|1776105296
|switch|p2a: Slowking|Slowking-Galar, M|100/100 par
|turn|19
|
|t:|1776105300
|move|p1a: Ogerpon|U-turn|p2a: Slowking
|-damage|p2a: Slowking|77/100 par
|
|t:|1776105302
|switch|p1a: Heatran|Heatran, M|100/100|[from] U-turn
|cant|p2a: Slowking|par
|
|-heal|p2a: Slowking|83/100 par|[from] item: Leftovers
|upkeep
|turn|20
|
|t:|1776105306
|move|p1a: Heatran|Magma Storm|p2a: Slowking|[miss]
|-miss|p1a: Heatran|p2a: Slowking
|move|p2a: Slowking|Thunder Wave|p1a: Heatran
|-status|p1a: Heatran|par
|
|-heal|p2a: Slowking|90/100 par|[from] item: Leftovers
|upkeep
|turn|21
|
|t:|1776105314
|switch|p2a: Walking Wake|Walking Wake|100/100
|move|p1a: Heatran|Magma Storm|p2a: Walking Wake
|-resisted|p2a: Walking Wake
|-damage|p2a: Walking Wake|88/100
|-activate|p2a: Walking Wake|move: Magma Storm|[of] p1a: Heatran
|
|-damage|p2a: Walking Wake|76/100|[from] move: Magma Storm|[partiallytrapped]
|upkeep
|turn|22
|
|t:|1776105323
|switch|p1a: Goodra|Goodra-Hisui, F|100/100
|move|p2a: Walking Wake|Draco Meteor|p1a: Goodra
|-damage|p1a: Goodra|60/100
|-unboost|p2a: Walking Wake|spa|2
|-damage|p2a: Walking Wake|66/100|[from] item: Life Orb
|
|-end|p2a: Walking Wake|Magma Storm|[partiallytrapped]|[silent]
|upkeep
|turn|23
|
|t:|1776105342
|-end|p2a: Walking Wake|Protosynthesis|[silent]
|switch|p2a: Kingambit|Kingambit, F|100/100
|-activate|p2a: Kingambit|ability: Supreme Overlord
|-start|p2a: Kingambit|fallen1|[silent]
|switch|p1a: Grimmsnarl|Grimmsnarl, M|71/100
|
|upkeep
|turn|24
|
|t:|1776105349
|move|p1a: Grimmsnarl|Reflect|p1a: Grimmsnarl
|-sidestart|p1: TOXICccccccccccccc|Reflect
|move|p2a: Kingambit|Iron Head|p1a: Grimmsnarl
|-supereffective|p1a: Grimmsnarl
|-damage|p1a: Grimmsnarl|36/100
|
|upkeep
|turn|25
|
|t:|1776105352
|switch|p1a: Heatran|Heatran, M|100/100 par
|move|p2a: Kingambit|Swords Dance|p2a: Kingambit
|-boost|p2a: Kingambit|atk|2
|
|upkeep
|turn|26
|
|t:|1776105357
|-terastallize|p2a: Kingambit|Ghost
|move|p2a: Kingambit|Low Kick|p1a: Heatran
|-supereffective|p1a: Heatran
|-damage|p1a: Heatran|17/100 par
|move|p1a: Heatran|Magma Storm|p2a: Kingambit
|-damage|p2a: Kingambit|56/100
|-activate|p2a: Kingambit|move: Magma Storm|[of] p1a: Heatran
|
|-heal|p2a: Kingambit|62/100|[from] item: Leftovers
|-heal|p1a: Heatran|23/100 par|[from] item: Leftovers
|-damage|p2a: Kingambit|50/100|[from] move: Magma Storm|[partiallytrapped]
|upkeep
|turn|27
|
|t:|1776105367
|move|p1a: Heatran|Protect|p1a: Heatran
|-singleturn|p1a: Heatran|Protect
|move|p2a: Kingambit|Low Kick|p1a: Heatran
|-activate|p1a: Heatran|move: Protect
|
|-heal|p2a: Kingambit|56/100|[from] item: Leftovers
|-heal|p1a: Heatran|29/100 par|[from] item: Leftovers
|-damage|p2a: Kingambit|44/100|[from] move: Magma Storm|[partiallytrapped]
|upkeep
|turn|28
|
|t:|1776105375
|switch|p1a: Grimmsnarl|Grimmsnarl, M|36/100
|move|p2a: Kingambit|Low Kick|p1a: Grimmsnarl
|-damage|p1a: Grimmsnarl|12/100
|
|-heal|p2a: Kingambit|50/100|[from] item: Leftovers
|-end|p2a: Kingambit|Magma Storm|[partiallytrapped]|[silent]
|upkeep
|turn|29
|
|t:|1776105383
|move|p1a: Grimmsnarl|Thunder Wave|p2a: Kingambit
|-status|p2a: Kingambit|par
|move|p2a: Kingambit|Iron Head|p1a: Grimmsnarl
|-supereffective|p1a: Grimmsnarl
|-damage|p1a: Grimmsnarl|0 fnt
|faint|p1a: Grimmsnarl
|
|-heal|p2a: Kingambit|56/100 par|[from] item: Leftovers
|upkeep
|
|t:|1776105391
|switch|p1a: Ogerpon|Ogerpon-Wellspring, F|100/100
|turn|30
|
|t:|1776105395
|-terastallize|p1a: Ogerpon|Water
|detailschange|p1a: Ogerpon|Ogerpon-Wellspring-Tera, F, tera:Water
|-ability|p1a: Ogerpon|Embody Aspect (Wellspring)|boost
|-boost|p1a: Ogerpon|spd|1
|cant|p2a: Kingambit|par
|move|p1a: Ogerpon|Ivy Cudgel|p2a: Kingambit|[anim] Ivy Cudgel Water
|-damage|p2a: Kingambit|0 fnt
|faint|p2a: Kingambit
|-end|p2a: Kingambit|fallen1|[silent]
|
|upkeep
|
|t:|1776105405
|switch|p2a: Walking Wake|Walking Wake|66/100
|turn|31
|
|t:|1776105410
|move|p1a: Ogerpon|Play Rough|p2a: Walking Wake
|-supereffective|p2a: Walking Wake
|-damage|p2a: Walking Wake|0 fnt
|faint|p2a: Walking Wake
|-end|p2a: Walking Wake|Protosynthesis|[silent]
|
|-sideend|p1: TOXICccccccccccccc|Reflect
|upkeep
|
|t:|1776105414
|switch|p2a: Cinderace|Cinderace, M|75/100 par
|turn|32
|
|t:|1776105416
|move|p1a: Ogerpon|Ivy Cudgel|p2a: Cinderace|[anim] Ivy Cudgel Water
|-supereffective|p2a: Cinderace
|-damage|p2a: Cinderace|0 fnt
|faint|p2a: Cinderace
|
|upkeep
|
|t:|1776105419
|switch|p2a: Lilligant|Lilligant-Hisui, F|100/100
|turn|33
|
|t:|1776105423
|move|p1a: Ogerpon|U-turn|p2a: Lilligant
|-damage|p2a: Lilligant|60/100
|
|t:|1776105425
|switch|p1a: Orthworm|Orthworm, M|100/100|[from] U-turn
|move|p2a: Lilligant|Close Combat|p1a: Orthworm
|-supereffective|p1a: Orthworm
|-damage|p1a: Orthworm|0 fnt
|-unboost|p2a: Lilligant|def|1
|-unboost|p2a: Lilligant|spd|1
|faint|p1a: Orthworm
|-damage|p2a: Lilligant|50/100|[from] item: Life Orb
|
|upkeep
|
|t:|1776105440
|switch|p1a: Ogerpon|Ogerpon-Wellspring-Tera, F, tera:Water|100/100
|-ability|p1a: Ogerpon|Embody Aspect (Wellspring)|boost
|-boost|p1a: Ogerpon|spd|1
|turn|34
|
|t:|1776105446
|move|p1a: Ogerpon|Ivy Cudgel|p2a: Lilligant|[anim] Ivy Cudgel Water
|-resisted|p2a: Lilligant
|-damage|p2a: Lilligant|0 fnt
|faint|p2a: Lilligant
|
|upkeep
|
|t:|1776105449
|switch|p2a: Slowking|Slowking-Galar, M|100/100 par
|turn|35
|
|t:|1776105454
|move|p1a: Ogerpon|Ivy Cudgel|p2a: Slowking|[anim] Ivy Cudgel Water
|-damage|p2a: Slowking|26/100 par
|move|p2a: Slowking|Future Sight|p1a: Ogerpon
|-start|p2a: Slowking|move: Future Sight
|
|-heal|p2a: Slowking|32/100 par|[from] item: Leftovers
|upkeep
|turn|36
|
|t:|1776105457
|move|p1a: Ogerpon|Ivy Cudgel|p2a: Slowking|[anim] Ivy Cudgel Water
|-damage|p2a: Slowking|0 fnt
|faint|p2a: Slowking
|
|win|TOXICccccccccccccc
|raw|TOXICccccccccccccc's rating: 1371 &rarr; <strong>1394</strong><br />(+23 for winning)
|raw|vkai3333's rating: 1416 &rarr; <strong>1393</strong><br />(-23 for losing)
|l|☆vkai3333
|player|p2|
|l|☆TOXICccccccccccccc
|player|p1|
