|html|<div class="broadcast-blue"><strong>[Gen 9] OU is currently suspecting Tera Blast! For information on how to participate check out the <a href="https://www.smogon.com/tools/suspects/view/200">suspect thread</a>.</strong></div>
|j|☆fwhiioo
|j|☆Darklight914
|t:|1776057192
|gametype|singles
|player|p1|fwhiioo|swimmerf-gen4|1107
|player|p2|Darklight914|102|1083
|gen|9
|tier|[Gen 9] OU
|rated|
|rule|HP Percentage Mod: HP is shown in percentages
|rule|Endless Battle Clause: Forcing endless battles is banned
|rule|Species Clause: Limit one of each Pokémon
|rule|OHKO Clause: OHKO moves are banned
|rule|Evasion Items Clause: Evasion items are banned
|rule|Evasion Moves Clause: Evasion moves are banned
|rule|Evasion Abilities Clause: Evasion abilities are banned
|rule|Sleep Moves Clause: Sleep-inducing moves are banned
|clearpoke
|poke|p1|Hatterene, F|
|poke|p1|Gastrodon-East, M|
|poke|p1|Tyranitar, F|
|poke|p1|Bisharp, F|
|poke|p1|Mandibuzz, F|
|poke|p1|Pawmot, M|
|poke|p2|Dipplin, F|
|poke|p2|Luxray, M|
|poke|p2|Articuno-Galar|
|poke|p2|Mimikyu, M|
|poke|p2|Rotom-Fan|
|poke|p2|Crawdaunt, M|
|teampreview
|inactive|Battle timer is ON: inactive players will automatically lose when time's up. (requested by fwhiioo)
|
|t:|1776057224
|teamsize|p1|6
|teamsize|p2|6
|start
|switch|p1a: Bisharp|Bisharp, F|100/100
|switch|p2a: Dipplin|Dipplin, F|100/100
|turn|1
|inactive|Darklight914 has 120 seconds left.
|
|t:|1776057261
|move|p1a: Bisharp|Thunder Wave|p2a: Dipplin
|-status|p2a: Dipplin|par
|cant|p2a: Dipplin|par
|
|upkeep
|turn|2
|inactive|Darklight914 has 120 seconds left.
|
|t:|1776057287
|switch|p1a: Pawmot|Pawmot, M|100/100
|move|p2a: Dipplin|Dragon Tail|p1a: Pawmot|[miss]
|-miss|p2a: Dipplin|p1a: Pawmot
|
|upkeep
|turn|3
|
|t:|1776057293
|move|p1a: Pawmot|Ice Punch|p2a: Dipplin
|-supereffective|p2a: Dipplin
|-damage|p2a: Dipplin|40/100 par
|move|p2a: Dipplin|Dragon Tail|p1a: Pawmot
|-damage|p1a: Pawmot|72/100
|drag|p1a: Gastrodon|Gastrodon-East, M|100/100
|
|upkeep
|turn|4
|
|t:|1776057302
|-terastallize|p2a: Dipplin|Fairy
|move|p1a: Gastrodon|Ice Beam|p2a: Dipplin
|-damage|p2a: Dipplin|25/100 par
|move|p2a: Dipplin|Recover|p2a: Dipplin
|-heal|p2a: Dipplin|75/100 par
|
|upkeep
|turn|5
|inactive|Darklight914 has 120 seconds left.
|
|t:|1776057316
|switch|p1a: Bisharp|Bisharp, F|100/100
|move|p2a: Dipplin|Body Slam|p1a: Bisharp
|-resisted|p1a: Bisharp
|-damage|p1a: Bisharp|93/100
|
|upkeep
|turn|6
|inactive|Darklight914 has 120 seconds left.
|inactive|Darklight914 has 90 seconds left.
|
|t:|1776057371
|switch|p2a: Luxray|Luxray, M|100/100
|-ability|p2a: Luxray|Intimidate|boost
|-unboost|p1a: Bisharp|atk|1
|-ability|p1a: Bisharp|Defiant|boost
|-boost|p1a: Bisharp|atk|2
|move|p1a: Bisharp|Iron Head|p2a: Luxray
|-resisted|p2a: Luxray
|-damage|p2a: Luxray|66/100
|
|upkeep
|turn|7
|
|t:|1776057387
|switch|p1a: Gastrodon|Gastrodon-East, M|100/100
|move|p2a: Luxray|Volt Switch|p1a: Gastrodon
|-immune|p1a: Gastrodon
|
|upkeep
|turn|8
|inactive|Darklight914 has 60 seconds left.
|
|t:|1776057425
|switch|p2a: Mimikyu|Mimikyu, M|100/100
|move|p1a: Gastrodon|Hydro Pump|p2a: Mimikyu|[miss]
|-miss|p1a: Gastrodon|p2a: Mimikyu
|
|upkeep
|turn|9
|
|t:|1776057437
|switch|p1a: Bisharp|Bisharp, F|93/100
|move|p2a: Mimikyu|Bulk Up|p2a: Mimikyu
|-boost|p2a: Mimikyu|atk|1
|-boost|p2a: Mimikyu|def|1
|
|upkeep
|turn|10
|inactive|Darklight914 has 60 seconds left.
|inactive|Darklight914 has 30 seconds left.
|inactive|Darklight914 has 20 seconds left.
|inactive|Darklight914 has 15 seconds left.
|inactive|Darklight914 has 10 seconds left.
|inactive|Darklight914 has 5 seconds left.
|inactiveoff|Battle timer is now OFF.
|
|t:|1776057534
|move|p1a: Bisharp|Iron Head|p2a: Mimikyu
|-activate|p2a: Mimikyu|ability: Disguise
|-damage|p2a: Mimikyu|100/100
|detailschange|p2a: Mimikyu|Mimikyu-Busted, M
|-damage|p2a: Mimikyu|88/100|[from] pokemon: Mimikyu-Busted
|move|p2a: Mimikyu|Drain Punch|p1a: Bisharp
|-supereffective|p1a: Bisharp
|-damage|p1a: Bisharp|0 fnt
|-heal|p2a: Mimikyu|100/100|[from] drain|[of] p1a: Bisharp
|faint|p1a: Bisharp
|
|upkeep
|
|t:|1776057543
|switch|p1a: Mandibuzz|Mandibuzz, F|100/100
|turn|11
|
|t:|1776057551
|switch|p1a: Hatterene|Hatterene, F|100/100
|move|p2a: Mimikyu|Drain Punch|p1a: Hatterene
|-resisted|p1a: Hatterene
|-damage|p1a: Hatterene|93/100
|-enditem|p1a: Hatterene|Red Card|[of] p2a: Mimikyu
|drag|p2a: Rotom|Rotom-Fan|100/100
|
|upkeep
|turn|12
|
|t:|1776057563
|move|p2a: Rotom|Reflect|p2a: Rotom
|-sidestart|p2: Darklight914|Reflect
|move|p1a: Hatterene|Trick Room|p1a: Hatterene
|-fieldstart|move: Trick Room|[of] p1a: Hatterene
|
|upkeep
|turn|13
|
|t:|1776057576
|switch|p2a: Articuno|Articuno-Galar|100/100
|move|p1a: Hatterene|Mystical Fire|p2a: Articuno
|-damage|p2a: Articuno|71/100
|-unboost|p2a: Articuno|spa|1
|-ability|p2a: Articuno|Competitive|boost
|-boost|p2a: Articuno|spa|2
|
|upkeep
|turn|14
|
|t:|1776057594
|switch|p1a: Tyranitar|Tyranitar, F|100/100
|-weather|Sandstorm|[from] ability: Sand Stream|[of] p1a: Tyranitar
|move|p2a: Articuno|Light Screen|p2a: Articuno
|-sidestart|p2: Darklight914|move: Light Screen
|
|-weather|Sandstorm|[upkeep]
|-damage|p2a: Articuno|64/100|[from] Sandstorm
|upkeep
|turn|15
|
|t:|1776057608
|switch|p2a: Dipplin|Dipplin, F, tera:Fairy|75/100 par
|move|p1a: Tyranitar|Iron Head|p2a: Dipplin
|-supereffective|p2a: Dipplin
|-damage|p2a: Dipplin|59/100 par
|
|-weather|Sandstorm|[upkeep]
|-damage|p2a: Dipplin|53/100 par|[from] Sandstorm
|upkeep
|turn|16
|
|t:|1776057619
|move|p2a: Dipplin|Recover|p2a: Dipplin
|-heal|p2a: Dipplin|100/100 par
|move|p1a: Tyranitar|Dragon Dance|p1a: Tyranitar
|-boost|p1a: Tyranitar|atk|1
|-boost|p1a: Tyranitar|spe|1
|
|-weather|Sandstorm|[upkeep]
|-damage|p2a: Dipplin|94/100 par|[from] Sandstorm
|-sideend|p2: Darklight914|Reflect
|-fieldend|move: Trick Room
|upkeep
|turn|17
|
|t:|1776057627
|move|p1a: Tyranitar|Iron Head|p2a: Dipplin
|-supereffective|p2a: Dipplin
|-crit|p2a: Dipplin
|-damage|p2a: Dipplin|27/100 par
|cant|p2a: Dipplin|flinch
|
|-weather|Sandstorm|[upkeep]
|-damage|p2a: Dipplin|21/100 par|[from] Sandstorm
|upkeep
|turn|18
|
|t:|1776057638
|switch|p2a: Luxray|Luxray, M|66/100
|-ability|p2a: Luxray|Intimidate|boost
|-unboost|p1a: Tyranitar|atk|1
|move|p1a: Tyranitar|Iron Head|p2a: Luxray
|-resisted|p2a: Luxray
|-damage|p2a: Luxray|49/100
|
|-weather|none
|-sideend|p2: Darklight914|move: Light Screen
|upkeep
|turn|19
|
|t:|1776057682
|move|p1a: Tyranitar|Dragon Dance|p1a: Tyranitar
|-boost|p1a: Tyranitar|atk|1
|-boost|p1a: Tyranitar|spe|1
|move|p2a: Luxray|Crunch|p1a: Tyranitar
|-resisted|p1a: Tyranitar
|-damage|p1a: Tyranitar|91/100
|
|upkeep
|turn|20
|
|t:|1776057692
|switch|p2a: Dipplin|Dipplin, F, tera:Fairy|21/100 par
|move|p1a: Tyranitar|Earthquake|p2a: Dipplin
|-damage|p2a: Dipplin|0 fnt
|faint|p2a: Dipplin
|
|upkeep
|
|t:|1776057700
|switch|p2a: Luxray|Luxray, M|49/100
|-ability|p2a: Luxray|Intimidate|boost
|-unboost|p1a: Tyranitar|atk|1
|turn|21
|
|t:|1776057733
|move|p1a: Tyranitar|Crunch|p2a: Luxray
|-damage|p2a: Luxray|4/100
|move|p2a: Luxray|Volt Switch|p1a: Tyranitar
|-damage|p1a: Tyranitar|63/100
|
|t:|1776057746
|switch|p2a: Crawdaunt|Crawdaunt, M|100/100|[from] Volt Switch
|
|upkeep
|turn|22
|
|t:|1776057752
|switch|p1a: Gastrodon|Gastrodon-East, M|100/100
|move|p2a: Crawdaunt|Dragon Dance|p2a: Crawdaunt
|-boost|p2a: Crawdaunt|atk|1
|-boost|p2a: Crawdaunt|spe|1
|
|upkeep
|turn|23
|
|t:|1776057763
|move|p2a: Crawdaunt|Knock Off|p1a: Gastrodon
|-damage|p1a: Gastrodon|0 fnt
|-damage|p2a: Crawdaunt|84/100|[from] item: Rocky Helmet|[of] p1a: Gastrodon
|-enditem|p1a: Gastrodon|Rocky Helmet|[from] move: Knock Off|[of] p2a: Crawdaunt
|faint|p1a: Gastrodon
|
|upkeep
|
|t:|1776057771
|switch|p1a: Mandibuzz|Mandibuzz, F|100/100
|turn|24
|
|t:|1776057796
|move|p2a: Crawdaunt|Liquidation|p1a: Mandibuzz
|-damage|p1a: Mandibuzz|22/100
|-enditem|p1a: Mandibuzz|Figy Berry|[eat]
|-heal|p1a: Mandibuzz|56/100|[from] item: Figy Berry
|move|p1a: Mandibuzz|Toxic|p2a: Crawdaunt
|-status|p2a: Crawdaunt|tox
|
|-damage|p2a: Crawdaunt|78/100 tox|[from] psn
|upkeep
|turn|25
|
|t:|1776057815
|move|p2a: Crawdaunt|Liquidation|p1a: Mandibuzz
|-damage|p1a: Mandibuzz|0 fnt
|faint|p1a: Mandibuzz
|
|-damage|p2a: Crawdaunt|66/100 tox|[from] psn
|upkeep
|
|t:|1776057826
|switch|p1a: Pawmot|Pawmot, M|72/100
|turn|26
|
|t:|1776057869
|move|p1a: Pawmot|Mach Punch|p2a: Crawdaunt
|-supereffective|p2a: Crawdaunt
|-damage|p2a: Crawdaunt|2/100 tox
|move|p2a: Crawdaunt|Aqua Jet|p1a: Pawmot
|-damage|p1a: Pawmot|2/100
|
|-damage|p2a: Crawdaunt|0 fnt|[from] psn
|faint|p2a: Crawdaunt
|upkeep
|
|t:|1776057880
|switch|p2a: Mimikyu|Mimikyu-Busted, M|100/100
|turn|27
|
|t:|1776057917
|move|p1a: Pawmot|Revival Blessing|p1a: Pawmot
|
|t:|1776057928
|-heal|p1: Bisharp|50/100|[from] move: Revival Blessing
|move|p2a: Mimikyu|Bulk Up|p2a: Mimikyu
|-boost|p2a: Mimikyu|atk|1
|-boost|p2a: Mimikyu|def|1
|-enditem|p1a: Pawmot|Mirror Herb
|-boost|p1a: Pawmot|atk|1|[from] item: Mirror Herb
|-boost|p1a: Pawmot|def|1|[from] item: Mirror Herb
|
|upkeep
|turn|28
|
|t:|1776057944
|move|p1a: Pawmot|Ice Punch|p2a: Mimikyu
|-damage|p2a: Mimikyu|62/100
|move|p2a: Mimikyu|Drain Punch|p1a: Pawmot
|-damage|p1a: Pawmot|0 fnt
|-heal|p2a: Mimikyu|63/100|[from] drain|[of] p1a: Pawmot
|faint|p1a: Pawmot
|
|upkeep
|
|t:|1776057953
|switch|p1a: Hatterene|Hatterene, F|93/100
|turn|29
|
|t:|1776057976
|switch|p1a: Tyranitar|Tyranitar, F|63/100
|-weather|Sandstorm|[from] ability: Sand Stream|[of] p1a: Tyranitar
|move|p2a: Mimikyu|Bulk Up|p2a: Mimikyu
|-boost|p2a: Mimikyu|atk|1
|-boost|p2a: Mimikyu|def|1
|
|-weather|Sandstorm|[upkeep]
|-damage|p2a: Mimikyu|57/100|[from] Sandstorm
|upkeep
|turn|30
|
|t:|1776057983
|move|p1a: Tyranitar|Iron Head|p2a: Mimikyu
|-supereffective|p2a: Mimikyu
|-crit|p2a: Mimikyu
|-damage|p2a: Mimikyu|0 fnt
|faint|p2a: Mimikyu
|
|-weather|Sandstorm|[upkeep]
|upkeep
|
|t:|1776057991
|switch|p2a: Rotom|Rotom-Fan|100/100
|turn|31
|
|t:|1776058055
|switch|p1a: Hatterene|Hatterene, F|93/100
|move|p2a: Rotom|Air Slash|p1a: Hatterene
|-damage|p1a: Hatterene|51/100
|
|-weather|Sandstorm|[upkeep]
|-damage|p2a: Rotom|94/100|[from] Sandstorm
|-damage|p1a: Hatterene|46/100|[from] Sandstorm
|upkeep
|turn|32
|
|t:|1776058065
|move|p2a: Rotom|Air Slash|p1a: Hatterene
|-damage|p1a: Hatterene|1/100
|move|p1a: Hatterene|Trick Room|p1a: Hatterene
|-fieldstart|move: Trick Room|[of] p1a: Hatterene
|
|-weather|Sandstorm|[upkeep]
|-damage|p1a: Hatterene|0 fnt|[from] Sandstorm
|-damage|p2a: Rotom|88/100|[from] Sandstorm
|faint|p1a: Hatterene
|upkeep
|
|t:|1776058082
|switch|p1a: Tyranitar|Tyranitar, F|63/100
|turn|33
|
|t:|1776058087
|switch|p2a: Luxray|Luxray, M|4/100
|-ability|p2a: Luxray|Intimidate|boost
|-unboost|p1a: Tyranitar|atk|1
|move|p1a: Tyranitar|Dragon Dance|p1a: Tyranitar
|-boost|p1a: Tyranitar|atk|1
|-boost|p1a: Tyranitar|spe|1
|
|-weather|none
|upkeep
|turn|34
|
|t:|1776058097
|move|p2a: Luxray|Volt Switch|p1a: Tyranitar
|-damage|p1a: Tyranitar|36/100
|
|t:|1776058101
|switch|p2a: Rotom|Rotom-Fan|88/100|[from] Volt Switch
|move|p1a: Tyranitar|Iron Head|p2a: Rotom
|-resisted|p2a: Rotom
|-damage|p2a: Rotom|71/100
|
|upkeep
|turn|35
|
|t:|1776058117
|switch|p2a: Luxray|Luxray, M|4/100
|-ability|p2a: Luxray|Intimidate|boost
|-unboost|p1a: Tyranitar|atk|1
|move|p1a: Tyranitar|Crunch|p2a: Luxray
|-damage|p2a: Luxray|0 fnt
|faint|p2a: Luxray
|
|upkeep
|
|t:|1776058137
|switch|p2a: Rotom|Rotom-Fan|71/100
|turn|36
|
|t:|1776058145
|move|p2a: Rotom|Reflect|p2a: Rotom
|-sidestart|p2: Darklight914|Reflect
|move|p1a: Tyranitar|Dragon Dance|p1a: Tyranitar
|-boost|p1a: Tyranitar|atk|1
|-boost|p1a: Tyranitar|spe|1
|
|-fieldend|move: Trick Room
|upkeep
|turn|37
|
|t:|1776058192
|move|p1a: Tyranitar|Crunch|p2a: Rotom
|-damage|p2a: Rotom|44/100
|move|p2a: Rotom|Volt Switch|p1a: Tyranitar
|-damage|p1a: Tyranitar|6/100
|
|t:|1776058195
|switch|p2a: Articuno|Articuno-Galar|64/100|[from] Volt Switch
|
|upkeep
|turn|38
|
|t:|1776058204
|move|p1a: Tyranitar|Crunch|p2a: Articuno
|-supereffective|p2a: Articuno
|-damage|p2a: Articuno|19/100
|move|p2a: Articuno|U-turn|p1a: Tyranitar
|-supereffective|p1a: Tyranitar
|-damage|p1a: Tyranitar|0 fnt
|faint|p1a: Tyranitar
|
|t:|1776058210
|switch|p2a: Rotom|Rotom-Fan|44/100|[from] U-turn
|
|upkeep
|
|t:|1776058212
|switch|p1a: Bisharp|Bisharp, F|50/100
|turn|39
|
|t:|1776058226
|-terastallize|p1a: Bisharp|Dark
|move|p1a: Bisharp|Sucker Punch|p2a: Rotom
|-damage|p2a: Rotom|17/100
|move|p2a: Rotom|Volt Switch|p1a: Bisharp
|-damage|p1a: Bisharp|22/100
|
|t:|1776058234
|switch|p2a: Articuno|Articuno-Galar|19/100|[from] Volt Switch
|
|upkeep
|turn|40
|
|t:|1776058238
|move|p2a: Articuno|Recover|p2a: Articuno
|-heal|p2a: Articuno|69/100
|move|p1a: Bisharp|Iron Head|p2a: Articuno
|-damage|p2a: Articuno|46/100
|
|-sideend|p2: Darklight914|Reflect
|upkeep
|turn|41
|
|t:|1776058244
|move|p2a: Articuno|U-turn|p1a: Bisharp
|-supereffective|p1a: Bisharp
|-damage|p1a: Bisharp|0 fnt
|faint|p1a: Bisharp
|
|win|Darklight914
|raw|fwhiioo's rating: 1107 &rarr; <strong>1082</strong><br />(-25 for losing)
|raw|Darklight914's rating: 1106 &rarr; <strong>1131</strong><br />(+25 for winning)
|l|☆fwhiioo
|player|p1|
|l|☆Darklight914
|player|p2|
