|html|<div class="broadcast-blue"><strong>[Gen 9] OU is currently suspecting Tera Blast! For information on how to participate check out the <a href="https://www.smogon.com/tools/suspects/view/200">suspect thread</a>.</strong></div>
|j|☆Smugzy786
|j|☆SnowieSoul
|t:|1776158904
|gametype|singles
|player|p1|Smugzy786|ash-kalos|1000
|player|p2|SnowieSoul|2|1053
|gen|9
|tier|[Gen 9] OU
|rated|
|rule|HP Percentage Mod: HP is shown in percentages
|rule|Endless Battle Clause: Forcing endless battles is banned
|rule|Species Clause: Limit one of each Pokémon
|rule|OHKO Clause: OHKO moves are banned
|rule|Evasion Items Clause: Evasion items are banned
|rule|Evasion Moves Clause: Evasion moves are banned
|rule|Evasion Abilities Clause: Evasion abilities are banned
|rule|Sleep Moves Clause: Sleep-inducing moves are banned
|clearpoke
|poke|p1|Greninja-*, M|
|poke|p1|Pelipper, F|
|poke|p1|Garganacl, F|
|poke|p1|Gholdengo|
|poke|p1|Great Tusk|
|poke|p1|Decidueye, F|
|poke|p2|Gliscor, F|
|poke|p2|Incineroar, M|
|poke|p2|Rillaboom, M|
|poke|p2|Raging Bolt|
|poke|p2|Alomomola, M|
|poke|p2|Hatterene, F|
|teampreview
|j| ohko_smeargle
|
|t:|1776158916
|teamsize|p1|6
|teamsize|p2|6
|start
|switch|p1a: Gholdengo|Gholdengo|100/100
|switch|p2a: Hatterene|Hatterene, F|100/100
|-item|p1a: Gholdengo|Air Balloon
|turn|1
|
|t:|1776158928
|move|p1a: Gholdengo|Shadow Ball|p2a: Hatterene
|-supereffective|p2a: Hatterene
|-damage|p2a: Hatterene|19/100
|-unboost|p2a: Hatterene|spd|1
|move|p2a: Hatterene|Trick Room|p2a: Hatterene
|-fieldstart|move: Trick Room|[of] p2a: Hatterene
|
|upkeep
|turn|2
|
|t:|1776158937
|move|p2a: Hatterene|Shadow Ball|p1a: Gholdengo
|-supereffective|p1a: Gholdengo
|-damage|p1a: Gholdengo|28/100
|-enditem|p1a: Gholdengo|Air Balloon
|move|p1a: Gholdengo|Shadow Ball|p2a: Hatterene
|-supereffective|p2a: Hatterene
|-crit|p2a: Hatterene
|-damage|p2a: Hatterene|0 fnt
|faint|p2a: Hatterene
|
|upkeep
|
|t:|1776158947
|switch|p2a: Incineroar|Incineroar, M|100/100
|-ability|p2a: Incineroar|Intimidate|boost
|-unboost|p1a: Gholdengo|atk|1
|turn|3
|
|t:|1776158952
|switch|p1a: Greninja|Greninja, M|100/100
|move|p2a: Incineroar|Knock Off|p1a: Greninja
|-resisted|p1a: Greninja
|-damage|p1a: Greninja|44/100
|-enditem|p1a: Greninja|Loaded Dice|[from] move: Knock Off|[of] p2a: Incineroar
|-damage|p2a: Incineroar|91/100|[from] item: Life Orb
|
|upkeep
|turn|4
|
|t:|1776158963
|move|p1a: Greninja|Water Shuriken|p2a: Incineroar
|-supereffective|p2a: Incineroar
|-damage|p2a: Incineroar|76/100
|-supereffective|p2a: Incineroar
|-damage|p2a: Incineroar|63/100
|-hitcount|p2a: Incineroar|2
|move|p2a: Incineroar|Parting Shot|p1a: Greninja
|-unboost|p1a: Greninja|atk|1
|-unboost|p1a: Greninja|spa|1
|
|t:|1776158972
|switch|p2a: Raging Bolt|Raging Bolt|100/100|[from] Parting Shot
|-enditem|p2a: Raging Bolt|Booster Energy
|-activate|p2a: Raging Bolt|ability: Protosynthesis|[fromitem]
|-start|p2a: Raging Bolt|protosynthesisspa
|
|upkeep
|turn|5
|
|t:|1776158980
|switch|p1a: Garganacl|Garganacl, F|100/100
|move|p2a: Raging Bolt|Thunderclap||[still]
|-fail|p2a: Raging Bolt
|
|-fieldend|move: Trick Room
|upkeep
|turn|6
|
|t:|1776159001
|-end|p2a: Raging Bolt|Protosynthesis|[silent]
|switch|p2a: Gliscor|Gliscor, F|100/100
|move|p1a: Garganacl|Salt Cure|p2a: Gliscor
|-damage|p2a: Gliscor|89/100
|-start|p2a: Gliscor|Salt Cure
|
|-damage|p2a: Gliscor|76/100|[from] Salt Cure
|-status|p2a: Gliscor|tox|[from] item: Toxic Orb
|upkeep
|turn|7
|
|t:|1776159014
|-terastallize|p2a: Gliscor|Ground
|move|p2a: Gliscor|Earthquake|p1a: Garganacl
|-supereffective|p1a: Garganacl
|-damage|p1a: Garganacl|46/100
|move|p1a: Garganacl|Salt Cure|p2a: Gliscor
|-resisted|p2a: Gliscor
|-damage|p2a: Gliscor|71/100 tox
|
|-heal|p2a: Gliscor|83/100 tox|[from] ability: Poison Heal
|-damage|p2a: Gliscor|71/100 tox|[from] Salt Cure
|upkeep
|turn|8
|
|t:|1776159026
|switch|p1a: Pelipper|Pelipper, F|100/100
|-weather|RainDance|[from] ability: Drizzle|[of] p1a: Pelipper
|move|p2a: Gliscor|Earthquake|p1a: Pelipper
|-immune|p1a: Pelipper
|
|-weather|RainDance|[upkeep]
|-heal|p2a: Gliscor|83/100 tox|[from] ability: Poison Heal
|-damage|p2a: Gliscor|71/100 tox|[from] Salt Cure
|upkeep
|turn|9
|
|t:|1776159041
|move|p2a: Gliscor|Protect|p2a: Gliscor
|-singleturn|p2a: Gliscor|Protect
|move|p1a: Pelipper|Chilling Water|p2a: Gliscor
|-activate|p2a: Gliscor|move: Protect
|
|-weather|RainDance|[upkeep]
|-heal|p2a: Gliscor|83/100 tox|[from] ability: Poison Heal
|-damage|p2a: Gliscor|71/100 tox|[from] Salt Cure
|upkeep
|turn|10
|
|t:|1776159050
|switch|p2a: Raging Bolt|Raging Bolt|100/100
|move|p1a: Pelipper|Chilling Water|p2a: Raging Bolt
|-resisted|p2a: Raging Bolt
|-crit|p2a: Raging Bolt
|-damage|p2a: Raging Bolt|86/100
|-unboost|p2a: Raging Bolt|atk|1
|
|-weather|RainDance|[upkeep]
|upkeep
|turn|11
|
|t:|1776159063
|switch|p1a: Great Tusk|Great Tusk|100/100
|move|p2a: Raging Bolt|Calm Mind|p2a: Raging Bolt
|-boost|p2a: Raging Bolt|spa|1
|-boost|p2a: Raging Bolt|spd|1
|
|-weather|RainDance|[upkeep]
|upkeep
|turn|12
|
|t:|1776159078
|-end|p2a: Raging Bolt|Protosynthesis|[silent]
|switch|p2a: Gliscor|Gliscor, F, tera:Ground|71/100 tox
|move|p1a: Great Tusk|Protect||[still]
|-fail|p1a: Great Tusk
|
|-weather|RainDance|[upkeep]
|-heal|p2a: Gliscor|83/100 tox|[from] ability: Poison Heal
|upkeep
|turn|13
|
|t:|1776159088
|-end|p1a: Great Tusk|Protosynthesis|[silent]
|switch|p1a: Pelipper|Pelipper, F|100/100
|move|p2a: Gliscor|Poison Jab|p1a: Pelipper
|-damage|p1a: Pelipper|87/100
|
|-weather|RainDance|[upkeep]
|-heal|p2a: Gliscor|96/100 tox|[from] ability: Poison Heal
|upkeep
|turn|14
|
|t:|1776159097
|switch|p2a: Raging Bolt|Raging Bolt|86/100
|move|p1a: Pelipper|Chilling Water|p2a: Raging Bolt
|-resisted|p2a: Raging Bolt
|-damage|p2a: Raging Bolt|75/100
|-unboost|p2a: Raging Bolt|atk|1
|
|-weather|RainDance|[upkeep]
|upkeep
|turn|15
|
|t:|1776159123
|switch|p1a: Sophie|Decidueye, F|100/100
|move|p2a: Raging Bolt|Draco Meteor|p1a: Sophie
|-damage|p1a: Sophie|60/100
|-unboost|p2a: Raging Bolt|spa|2
|
|-weather|none
|upkeep
|turn|16
|
|t:|1776159133
|move|p2a: Raging Bolt|Thunder Wave|p1a: Sophie|[miss]
|-miss|p2a: Raging Bolt|p1a: Sophie
|move|p1a: Sophie|Confuse Ray|p2a: Raging Bolt
|-start|p2a: Raging Bolt|confusion
|
|upkeep
|turn|17
|
|t:|1776159140
|-activate|p2a: Raging Bolt|confusion
|move|p2a: Raging Bolt|Thunder Wave|p1a: Sophie
|-status|p1a: Sophie|par
|move|p1a: Sophie|Roost|p1a: Sophie
|-heal|p1a: Sophie|100/100 par
|-singleturn|p1a: Sophie|move: Roost
|
|upkeep
|turn|18
|
|t:|1776159149
|-end|p2a: Raging Bolt|Protosynthesis|[silent]
|switch|p2a: Incineroar|Incineroar, M|63/100
|-ability|p2a: Incineroar|Intimidate|boost
|-unboost|p1a: Sophie|atk|1
|move|p1a: Sophie|U-turn|p2a: Incineroar
|-damage|p2a: Incineroar|52/100
|
|t:|1776159156
|switch|p1a: Pelipper|Pelipper, F|87/100|[from] U-turn
|-weather|RainDance|[from] ability: Drizzle|[of] p1a: Pelipper
|
|-weather|RainDance|[upkeep]
|upkeep
|turn|19
|
|t:|1776159165
|move|p2a: Incineroar|Fake Out|p1a: Pelipper
|-damage|p1a: Pelipper|74/100
|-damage|p2a: Incineroar|42/100|[from] item: Life Orb
|cant|p1a: Pelipper|flinch
|
|-weather|RainDance|[upkeep]
|upkeep
|turn|20
|
|t:|1776159176
|move|p1a: Pelipper|U-turn|p2a: Incineroar
|-damage|p2a: Incineroar|35/100
|
|t:|1776159179
|switch|p1a: Greninja|Greninja, M|44/100|[from] U-turn
|move|p2a: Incineroar|Knock Off|p1a: Greninja
|-resisted|p1a: Greninja
|-damage|p1a: Greninja|5/100
|-damage|p2a: Incineroar|25/100|[from] item: Life Orb
|
|-weather|RainDance|[upkeep]
|upkeep
|turn|21
|
|t:|1776159187
|switch|p2a: Raging Bolt|Raging Bolt|75/100
|move|p1a: Greninja|Hydro Pump|p2a: Raging Bolt|[miss]
|-miss|p1a: Greninja|p2a: Raging Bolt
|
|-weather|RainDance|[upkeep]
|upkeep
|turn|22
|
|t:|1776159195
|switch|p1a: Great Tusk|Great Tusk|100/100
|move|p2a: Raging Bolt|Calm Mind|p2a: Raging Bolt
|-boost|p2a: Raging Bolt|spa|1
|-boost|p2a: Raging Bolt|spd|1
|
|-weather|RainDance|[upkeep]
|upkeep
|turn|23
|
|t:|1776159203
|move|p1a: Great Tusk|Protect|p1a: Great Tusk
|-singleturn|p1a: Great Tusk|Protect
|move|p2a: Raging Bolt|Draco Meteor|p1a: Great Tusk
|-activate|p1a: Great Tusk|move: Protect
|
|-weather|RainDance|[upkeep]
|upkeep
|turn|24
|
|t:|1776159212
|move|p1a: Great Tusk|Knock Off|p2a: Raging Bolt
|-damage|p2a: Raging Bolt|60/100
|move|p2a: Raging Bolt|Draco Meteor|p1a: Great Tusk
|-damage|p1a: Great Tusk|0 fnt
|-unboost|p2a: Raging Bolt|spa|2
|faint|p1a: Great Tusk
|-end|p1a: Great Tusk|Protosynthesis|[silent]
|
|-weather|RainDance|[upkeep]
|upkeep
|
|t:|1776159220
|switch|p1a: Gholdengo|Gholdengo|28/100
|turn|25
|
|t:|1776159228
|-end|p2a: Raging Bolt|Protosynthesis|[silent]
|switch|p2a: Gliscor|Gliscor, F, tera:Ground|96/100 tox
|move|p1a: Gholdengo|Shadow Ball|p2a: Gliscor
|-damage|p2a: Gliscor|60/100 tox
|
|-weather|none
|-heal|p2a: Gliscor|73/100 tox|[from] ability: Poison Heal
|upkeep
|turn|26
|
|t:|1776159244
|switch|p1a: Garganacl|Garganacl, F|46/100
|move|p2a: Gliscor|Earthquake|p1a: Garganacl
|-supereffective|p1a: Garganacl
|-damage|p1a: Garganacl|0 fnt
|faint|p1a: Garganacl
|
|-heal|p2a: Gliscor|85/100 tox|[from] ability: Poison Heal
|upkeep
|
|t:|1776159253
|switch|p1a: Pelipper|Pelipper, F|74/100
|-weather|RainDance|[from] ability: Drizzle|[of] p1a: Pelipper
|turn|27
|
|t:|1776159260
|switch|p2a: Raging Bolt|Raging Bolt|60/100
|move|p1a: Pelipper|Chilling Water|p2a: Raging Bolt
|-resisted|p2a: Raging Bolt
|-damage|p2a: Raging Bolt|49/100
|-unboost|p2a: Raging Bolt|atk|1
|
|-weather|RainDance|[upkeep]
|upkeep
|turn|28
|
|t:|1776159272
|switch|p1a: Sophie|Decidueye, F|100/100 par
|move|p2a: Raging Bolt|Thunder Wave|p1a: Sophie
|-fail|p1a: Sophie|par
|
|-weather|RainDance|[upkeep]
|upkeep
|turn|29
|
|t:|1776159282
|move|p2a: Raging Bolt|Calm Mind|p2a: Raging Bolt
|-boost|p2a: Raging Bolt|spa|1
|-boost|p2a: Raging Bolt|spd|1
|move|p1a: Sophie|Spirit Shackle|p2a: Raging Bolt
|-damage|p2a: Raging Bolt|25/100
|-activate|p2a: Raging Bolt|trapped
|
|-weather|RainDance|[upkeep]
|upkeep
|turn|30
|
|t:|1776159292
|move|p2a: Raging Bolt|Draco Meteor|p1a: Sophie
|-damage|p1a: Sophie|33/100 par
|-unboost|p2a: Raging Bolt|spa|2
|move|p1a: Sophie|Confuse Ray|p2a: Raging Bolt
|-start|p2a: Raging Bolt|confusion
|
|-weather|RainDance|[upkeep]
|upkeep
|turn|31
|
|t:|1776159301
|-activate|p2a: Raging Bolt|confusion
|move|p2a: Raging Bolt|Draco Meteor|p1a: Sophie|[miss]
|-miss|p2a: Raging Bolt|p1a: Sophie
|move|p1a: Sophie|Roost|p1a: Sophie
|-heal|p1a: Sophie|83/100 par
|-singleturn|p1a: Sophie|move: Roost
|
|-weather|RainDance|[upkeep]
|upkeep
|turn|32
|
|t:|1776159309
|-activate|p2a: Raging Bolt|confusion
|move|p2a: Raging Bolt|Calm Mind|p2a: Raging Bolt
|-boost|p2a: Raging Bolt|spa|1
|-boost|p2a: Raging Bolt|spd|1
|move|p1a: Sophie|Spirit Shackle|p2a: Raging Bolt
|-damage|p2a: Raging Bolt|0 fnt
|faint|p2a: Raging Bolt
|-end|p2a: Raging Bolt|Protosynthesis|[silent]
|
|-weather|RainDance|[upkeep]
|upkeep
|
|t:|1776159323
|switch|p2a: Gliscor|Gliscor, F, tera:Ground|85/100 tox
|turn|33
|
|t:|1776159335
|move|p2a: Gliscor|Poison Jab|p1a: Sophie
|-damage|p1a: Sophie|60/100 par
|move|p1a: Sophie|U-turn|p2a: Gliscor
|-damage|p2a: Gliscor|72/100 tox
|
|t:|1776159340
|switch|p1a: Pelipper|Pelipper, F|74/100|[from] U-turn
|
|-weather|RainDance|[upkeep]
|-heal|p2a: Gliscor|85/100 tox|[from] ability: Poison Heal
|upkeep
|turn|34
|
|t:|1776159356
|switch|p2a: Alomomola|Alomomola, M|100/100
|move|p1a: Pelipper|Chilling Water|p2a: Alomomola
|-resisted|p2a: Alomomola
|-damage|p2a: Alomomola|87/100
|-unboost|p2a: Alomomola|atk|1
|
|-weather|none
|-heal|p2a: Alomomola|93/100|[from] item: Leftovers
|upkeep
|turn|35
|
|t:|1776159368
|switch|p1a: Gholdengo|Gholdengo|28/100
|move|p2a: Alomomola|Ice Beam|p1a: Gholdengo
|-resisted|p1a: Gholdengo
|-damage|p1a: Gholdengo|23/100
|
|-heal|p2a: Alomomola|99/100|[from] item: Leftovers
|upkeep
|turn|36
|
|t:|1776159381
|switch|p2a: Gliscor|Gliscor, F, tera:Ground|85/100 tox
|move|p1a: Gholdengo|Shadow Ball|p2a: Gliscor
|-damage|p2a: Gliscor|48/100 tox
|
|-heal|p2a: Gliscor|60/100 tox|[from] ability: Poison Heal
|upkeep
|turn|37
|
|t:|1776159390
|move|p1a: Gholdengo|Shadow Ball|p2a: Gliscor
|-damage|p2a: Gliscor|24/100 tox
|move|p2a: Gliscor|Facade|p1a: Gholdengo
|-immune|p1a: Gholdengo
|
|-heal|p2a: Gliscor|37/100 tox|[from] ability: Poison Heal
|upkeep
|turn|38
|
|t:|1776159401
|move|p1a: Gholdengo|Shadow Ball|p2a: Gliscor
|-damage|p2a: Gliscor|3/100 tox
|move|p2a: Gliscor|Earthquake|p1a: Gholdengo
|-supereffective|p1a: Gholdengo
|-damage|p1a: Gholdengo|0 fnt
|faint|p1a: Gholdengo
|
|-heal|p2a: Gliscor|16/100 tox|[from] ability: Poison Heal
|upkeep
|
|t:|1776159410
|switch|p1a: Sophie|Decidueye, F|60/100 par
|turn|39
|
|t:|1776159418
|move|p2a: Gliscor|Poison Jab|p1a: Sophie
|-damage|p1a: Sophie|37/100 par
|move|p1a: Sophie|Spirit Shackle|p2a: Gliscor
|-damage|p2a: Gliscor|0 fnt
|faint|p2a: Gliscor
|
|upkeep
|
|t:|1776159425
|switch|p2a: Incineroar|Incineroar, M|25/100
|-ability|p2a: Incineroar|Intimidate|boost
|-unboost|p1a: Sophie|atk|1
|turn|40
|
|t:|1776159431
|move|p2a: Incineroar|Knock Off|p1a: Sophie
|-supereffective|p1a: Sophie
|-damage|p1a: Sophie|0 fnt
|-enditem|p1a: Sophie|Heavy-Duty Boots|[from] move: Knock Off|[of] p2a: Incineroar
|faint|p1a: Sophie
|-damage|p2a: Incineroar|15/100|[from] item: Life Orb
|
|upkeep
|
|t:|1776159438
|switch|p1a: Pelipper|Pelipper, F|74/100
|-weather|RainDance|[from] ability: Drizzle|[of] p1a: Pelipper
|turn|41
|
|t:|1776159447
|move|p1a: Pelipper|Chilling Water|p2a: Incineroar
|-supereffective|p2a: Incineroar
|-damage|p2a: Incineroar|0 fnt
|faint|p2a: Incineroar
|
|-weather|RainDance|[upkeep]
|upkeep
|
|t:|1776159456
|switch|p2a: Rillaboom|Rillaboom, M|100/100
|-fieldstart|move: Grassy Terrain|[from] ability: Grassy Surge|[of] p2a: Rillaboom
|turn|42
|
|t:|1776159467
|move|p2a: Rillaboom|Swords Dance|p2a: Rillaboom
|-boost|p2a: Rillaboom|atk|2
|move|p1a: Pelipper|U-turn|p2a: Rillaboom
|-supereffective|p2a: Rillaboom
|-damage|p2a: Rillaboom|85/100
|-damage|p1a: Pelipper|58/100|[from] item: Rocky Helmet|[of] p2a: Rillaboom
|
|t:|1776159473
|switch|p1a: Greninja|Greninja, M|5/100|[from] U-turn
|
|-weather|RainDance|[upkeep]
|-heal|p1a: Greninja|11/100|[from] Grassy Terrain
|-heal|p2a: Rillaboom|91/100|[from] Grassy Terrain
|upkeep
|turn|43
|
|t:|1776159484
|-terastallize|p1a: Greninja|Ghost
|move|p2a: Rillaboom|Grassy Glide|p1a: Greninja
|-damage|p1a: Greninja|0 fnt
|faint|p1a: Greninja
|
|-weather|RainDance|[upkeep]
|-heal|p2a: Rillaboom|97/100|[from] Grassy Terrain
|upkeep
|
|t:|1776159491
|switch|p1a: Pelipper|Pelipper, F|58/100
|turn|44
|
|t:|1776159495
|move|p2a: Rillaboom|Wood Hammer|p1a: Pelipper
|-damage|p1a: Pelipper|0 fnt
|faint|p1a: Pelipper
|-damage|p2a: Rillaboom|81/100|[from] Recoil
|
|win|SnowieSoul
|raw|Smugzy786's rating: 1000 &rarr; <strong>1000</strong><br />(+0 for losing)
|raw|SnowieSoul's rating: 1053 &rarr; <strong>1080</strong><br />(+27 for winning)
|l| ohko_smeargle
|c|☆Smugzy786|ggs
