|html|<div class="broadcast-blue"><strong>[Gen 9] OU is currently suspecting Tera Blast! For information on how to participate check out the <a href="https://www.smogon.com/tools/suspects/view/200">suspect thread</a>.</strong></div>
|j|☆cambi fever
|j|☆rowlet13tb
|t:|1776035501
|gametype|singles
|player|p1|cambi fever|blackbelt-gen4|1342
|player|p2|rowlet13tb|alder|1290
|gen|9
|tier|[Gen 9] OU
|rated|
|rule|HP Percentage Mod: HP is shown in percentages
|rule|Endless Battle Clause: Forcing endless battles is banned
|rule|Species Clause: Limit one of each Pokémon
|rule|OHKO Clause: OHKO moves are banned
|rule|Evasion Items Clause: Evasion items are banned
|rule|Evasion Moves Clause: Evasion moves are banned
|rule|Evasion Abilities Clause: Evasion abilities are banned
|rule|Sleep Moves Clause: Sleep-inducing moves are banned
|clearpoke
|poke|p1|Pelipper, M|
|poke|p1|Iron Treads|
|poke|p1|Hatterene, F|
|poke|p1|Toxicroak, F|
|poke|p1|Barraskewda, F|
|poke|p1|Kyurem|
|poke|p2|Alcremie, F|
|poke|p2|Great Tusk|
|poke|p2|Sinistcha-Masterpiece|
|poke|p2|Greninja-*, M|
|poke|p2|Talonflame, F|
|poke|p2|Scizor, M|
|teampreview
|
|t:|1776035529
|teamsize|p1|6
|teamsize|p2|6
|start
|switch|p1a: Pelipper|Pelipper, M, shiny|100/100
|switch|p2a: Talonflame|Talonflame, F|100/100
|-weather|RainDance|[from] ability: Drizzle|[of] p1a: Pelipper
|turn|1
|
|t:|1776035543
|switch|p1a: Iron Treads|Iron Treads|100/100
|move|p2a: Talonflame|Brave Bird|p1a: Iron Treads
|-resisted|p1a: Iron Treads
|-damage|p1a: Iron Treads|78/100
|-damage|p2a: Talonflame|91/100|[from] Recoil
|
|-weather|RainDance|[upkeep]
|-heal|p1a: Iron Treads|84/100|[from] item: Leftovers
|upkeep
|turn|2
|
|t:|1776035553
|move|p2a: Talonflame|Swords Dance|p2a: Talonflame
|-boost|p2a: Talonflame|atk|2
|move|p1a: Iron Treads|Stealth Rock|p2a: Talonflame
|-sidestart|p2: rowlet13tb|move: Stealth Rock
|
|-weather|RainDance|[upkeep]
|-heal|p1a: Iron Treads|90/100|[from] item: Leftovers
|upkeep
|turn|3
|
|t:|1776035562
|move|p2a: Talonflame|Flare Blitz|p1a: Iron Treads
|-supereffective|p1a: Iron Treads
|-damage|p1a: Iron Treads|2/100
|-damage|p2a: Talonflame|53/100|[from] Recoil
|move|p1a: Iron Treads|Volt Switch|p2a: Talonflame
|-supereffective|p2a: Talonflame
|-damage|p2a: Talonflame|17/100
|
|t:|1776035577
|-end|p1a: Iron Treads|Quark Drive|[silent]
|switch|p1a: Barraskewda|Barraskewda, F, shiny|100/100|[from] Volt Switch
|
|-weather|RainDance|[upkeep]
|upkeep
|turn|4
|
|t:|1776035585
|move|p1a: Barraskewda|Flip Turn|p2a: Talonflame
|-supereffective|p2a: Talonflame
|-damage|p2a: Talonflame|0 fnt
|faint|p2a: Talonflame
|
|t:|1776035596
|switch|p1a: Kyurem|Kyurem|100/100|[from] Flip Turn
|-ability|p1a: Kyurem|Pressure
|
|-weather|RainDance|[upkeep]
|upkeep
|
|t:|1776035603
|switch|p2a: Scizor|Scizor, M|100/100
|-damage|p2a: Scizor|88/100|[from] Stealth Rock
|turn|5
|
|t:|1776035610
|switch|p1a: Toxicroak|Toxicroak, F, shiny|100/100
|move|p2a: Scizor|Defog|p1a: Toxicroak
|-unboost|p1a: Toxicroak|evasion|1
|-sideend|p2: rowlet13tb|Stealth Rock|[from] move: Defog|[of] p2a: Scizor
|
|-weather|RainDance|[upkeep]
|upkeep
|turn|6
|
|t:|1776035618
|move|p2a: Scizor|Bullet Punch|p1a: Toxicroak
|-crit|p1a: Toxicroak
|-damage|p1a: Toxicroak|55/100
|-damage|p2a: Scizor|72/100|[from] item: Rocky Helmet|[of] p1a: Toxicroak
|move|p1a: Toxicroak|Knock Off|p2a: Scizor
|-damage|p2a: Scizor|47/100
|-enditem|p2a: Scizor|Expert Belt|[from] move: Knock Off|[of] p1a: Toxicroak
|
|-weather|RainDance|[upkeep]
|-heal|p1a: Toxicroak|68/100|[from] ability: Dry Skin
|upkeep
|turn|7
|
|t:|1776035629
|move|p1a: Toxicroak|Drain Punch|p2a: Scizor
|-damage|p2a: Scizor|19/100
|-heal|p1a: Toxicroak|81/100|[from] drain|[of] p2a: Scizor
|move|p2a: Scizor|Curse|p2a: Scizor
|-unboost|p2a: Scizor|spe|1
|-boost|p2a: Scizor|atk|1
|-boost|p2a: Scizor|def|1
|
|-weather|RainDance|[upkeep]
|-heal|p1a: Toxicroak|93/100|[from] ability: Dry Skin
|upkeep
|turn|8
|
|t:|1776035641
|move|p2a: Scizor|Bullet Punch|p1a: Toxicroak
|-damage|p1a: Toxicroak|45/100
|-damage|p2a: Scizor|3/100|[from] item: Rocky Helmet|[of] p1a: Toxicroak
|move|p1a: Toxicroak|Encore|p2a: Scizor
|-start|p2a: Scizor|Encore
|
|-weather|none
|upkeep
|turn|9
|
|t:|1776035653
|move|p2a: Scizor|Bullet Punch|p1a: Toxicroak
|-damage|p1a: Toxicroak|2/100
|-damage|p2a: Scizor|0 fnt|[from] item: Rocky Helmet|[of] p1a: Toxicroak
|faint|p2a: Scizor
|move|p1a: Toxicroak|Drain Punch|p2: Scizor|[notarget]
|-fail|p1a: Toxicroak
|
|upkeep
|
|t:|1776035664
|switch|p2a: Sinistcha|Sinistcha-Masterpiece|100/100
|turn|10
|
|t:|1776035672
|move|p1a: Toxicroak|Toxic|p2a: Sinistcha
|-status|p2a: Sinistcha|tox
|move|p2a: Sinistcha|Matcha Gotcha|p1a: Toxicroak
|-resisted|p1a: Toxicroak
|-damage|p1a: Toxicroak|0 fnt
|faint|p1a: Toxicroak
|
|-damage|p2a: Sinistcha|94/100 tox|[from] psn
|upkeep
|
|t:|1776035681
|switch|p1a: Iron Treads|Iron Treads|2/100
|turn|11
|
|t:|1776035690
|move|p1a: Iron Treads|Stealth Rock|p2a: Sinistcha
|-sidestart|p2: rowlet13tb|move: Stealth Rock
|move|p2a: Sinistcha|Strength Sap|p1a: Iron Treads
|-unboost|p1a: Iron Treads|atk|1
|-heal|p2a: Sinistcha|100/100 tox
|
|-heal|p1a: Iron Treads|9/100|[from] item: Leftovers
|-damage|p2a: Sinistcha|88/100 tox|[from] psn
|upkeep
|turn|12
|
|t:|1776035702
|move|p1a: Iron Treads|Earthquake|p2a: Sinistcha
|-resisted|p2a: Sinistcha
|-damage|p2a: Sinistcha|75/100 tox
|move|p2a: Sinistcha|Calm Mind|p2a: Sinistcha
|-boost|p2a: Sinistcha|spa|1
|-boost|p2a: Sinistcha|spd|1
|
|-heal|p1a: Iron Treads|15/100|[from] item: Leftovers
|-heal|p2a: Sinistcha|81/100 tox|[from] item: Leftovers
|-damage|p2a: Sinistcha|63/100 tox|[from] psn
|upkeep
|turn|13
|
|t:|1776035713
|move|p1a: Iron Treads|Earthquake|p2a: Sinistcha
|-resisted|p2a: Sinistcha
|-damage|p2a: Sinistcha|50/100 tox
|move|p2a: Sinistcha|Matcha Gotcha|p1a: Iron Treads
|-damage|p1a: Iron Treads|0 fnt
|-heal|p2a: Sinistcha|58/100 tox|[from] drain|[of] p1a: Iron Treads
|faint|p1a: Iron Treads
|-end|p1a: Iron Treads|Quark Drive|[silent]
|
|-heal|p2a: Sinistcha|64/100 tox|[from] item: Leftovers
|-damage|p2a: Sinistcha|40/100 tox|[from] psn
|upkeep
|
|t:|1776035720
|switch|p1a: Pelipper|Pelipper, M, shiny|100/100
|-weather|RainDance|[from] ability: Drizzle|[of] p1a: Pelipper
|turn|14
|
|t:|1776035735
|switch|p1a: Hatterene|Hatterene, F, shiny|100/100
|move|p2a: Sinistcha|Shadow Ball|p1a: Hatterene
|-supereffective|p1a: Hatterene
|-damage|p1a: Hatterene|0 fnt
|faint|p1a: Hatterene
|
|-weather|RainDance|[upkeep]
|-heal|p2a: Sinistcha|46/100 tox|[from] item: Leftovers
|-damage|p2a: Sinistcha|16/100 tox|[from] psn
|upkeep
|
|t:|1776035743
|switch|p1a: Barraskewda|Barraskewda, F, shiny|100/100
|turn|15
|
|t:|1776035748
|move|p1a: Barraskewda|Flip Turn|p2a: Sinistcha
|-resisted|p2a: Sinistcha
|-damage|p2a: Sinistcha|0 fnt
|faint|p2a: Sinistcha
|
|t:|1776035751
|switch|p1a: Kyurem|Kyurem|100/100|[from] Flip Turn
|-ability|p1a: Kyurem|Pressure
|
|-weather|RainDance|[upkeep]
|upkeep
|
|t:|1776035761
|switch|p2a: Great Tusk|Great Tusk|100/100
|-damage|p2a: Great Tusk|98/100|[from] Stealth Rock
|turn|16
|
|t:|1776035766
|move|p1a: Kyurem|Ice Beam|p2a: Great Tusk
|-supereffective|p2a: Great Tusk
|-damage|p2a: Great Tusk|0 fnt
|faint|p2a: Great Tusk
|-end|p2a: Great Tusk|Protosynthesis|[silent]
|
|-weather|RainDance|[upkeep]
|upkeep
|
|t:|1776035773
|switch|p2a: Alcremie|Alcremie, F|100/100
|-damage|p2a: Alcremie|88/100|[from] Stealth Rock
|turn|17
|
|t:|1776035779
|move|p1a: Kyurem|Ice Beam|p2a: Alcremie
|-damage|p2a: Alcremie|24/100
|move|p2a: Alcremie|Calm Mind|p2a: Alcremie
|-boost|p2a: Alcremie|spa|1
|-boost|p2a: Alcremie|spd|1
|
|-weather|RainDance|[upkeep]
|-heal|p2a: Alcremie|30/100|[from] item: Leftovers
|upkeep
|turn|18
|
|t:|1776035788
|move|p1a: Kyurem|Ice Beam|p2a: Alcremie
|-damage|p2a: Alcremie|0 fnt
|faint|p2a: Alcremie
|
|-weather|RainDance|[upkeep]
|upkeep
|
|t:|1776035795
|switch|p2a: Greninja|Greninja, M|100/100
|-damage|p2a: Greninja|88/100|[from] Stealth Rock
|turn|19
|
|t:|1776035801
|-terastallize|p2a: Greninja|Water
|move|p2a: Greninja|Surf|p1a: Kyurem
|-resisted|p1a: Kyurem
|-damage|p1a: Kyurem|52/100
|-damage|p2a: Greninja|78/100|[from] item: Life Orb
|move|p1a: Kyurem|Ice Beam|p2a: Greninja
|-resisted|p2a: Greninja
|-damage|p2a: Greninja|21/100
|
|-weather|RainDance|[upkeep]
|upkeep
|turn|20
|
|t:|1776035812
|move|p2a: Greninja|Surf|p1a: Kyurem
|-resisted|p1a: Kyurem
|-damage|p1a: Kyurem|1/100
|-damage|p2a: Greninja|11/100|[from] item: Life Orb
|move|p1a: Kyurem|Ice Beam|p2a: Greninja
|-resisted|p2a: Greninja
|-damage|p2a: Greninja|0 fnt
|faint|p2a: Greninja
|
|win|cambi fever
|raw|cambi fever's rating: 1342 &rarr; <strong>1359</strong><br />(+17 for winning)
|raw|rowlet13tb's rating: 1290 &rarr; <strong>1269</strong><br />(-21 for losing)
|l|☆rowlet13tb
|player|p2|
|l|☆cambi fever
|player|p1|
