|html|<div class="broadcast-blue"><strong>[Gen 9] OU is currently suspecting Tera Blast! For information on how to participate check out the <a href="https://www.smogon.com/tools/suspects/view/200">suspect thread</a>.</strong></div>
|j|☆PinguButGood
|j|☆CENTISCORCHBOMB
|t:|1776188657
|gametype|singles
|player|p1|PinguButGood|falkner|1078
|player|p2|CENTISCORCHBOMB|clown|1059
|gen|9
|tier|[Gen 9] OU
|rated|
|rule|HP Percentage Mod: HP is shown in percentages
|rule|Endless Battle Clause: Forcing endless battles is banned
|rule|Species Clause: Limit one of each Pokémon
|rule|OHKO Clause: OHKO moves are banned
|rule|Evasion Items Clause: Evasion items are banned
|rule|Evasion Moves Clause: Evasion moves are banned
|rule|Evasion Abilities Clause: Evasion abilities are banned
|rule|Sleep Moves Clause: Sleep-inducing moves are banned
|clearpoke
|poke|p1|Kyurem|
|poke|p1|Rillaboom, M|
|poke|p1|Garganacl, M|
|poke|p1|Pecharunt|
|poke|p1|Iron Treads|
|poke|p1|Zamazenta-*|
|poke|p2|Clefable, M|
|poke|p2|Excadrill, F|
|poke|p2|Scizor, F|
|poke|p2|Dragapult, F|
|poke|p2|Zamazenta-*|
|poke|p2|Serperior, M|
|teampreview
|inactive|Battle timer is ON: inactive players will automatically lose when time's up. (requested by PinguButGood)
|
|t:|1776188673
|teamsize|p1|6
|teamsize|p2|6
|start
|switch|p1a: Pecharunt|Pecharunt|100/100
|switch|p2a: Clefable|Clefable, M, shiny|100/100
|turn|1
|
|t:|1776188683
|switch|p2a: Excadrill|Excadrill, F, shiny|100/100
|move|p1a: Pecharunt|Parting Shot|p2a: Excadrill
|-unboost|p2a: Excadrill|atk|1
|-unboost|p2a: Excadrill|spa|1
|
|t:|1776188711
|switch|p1a: Kyurem|Kyurem|100/100|[from] Parting Shot
|-ability|p1a: Kyurem|Pressure
|
|upkeep
|turn|2
|
|t:|1776188726
|switch|p2a: Clefable|Clefable, M, shiny|100/100
|move|p1a: Kyurem|Substitute|p1a: Kyurem
|-start|p1a: Kyurem|Substitute
|-damage|p1a: Kyurem|76/100
|
|-heal|p1a: Kyurem|82/100|[from] item: Leftovers
|upkeep
|turn|3
|
|t:|1776188735
|move|p1a: Kyurem|Freeze-Dry|p2a: Clefable
|-damage|p2a: Clefable|68/100
|move|p2a: Clefable|Moonblast|p1a: Kyurem
|-supereffective|p1a: Kyurem
|-end|p1a: Kyurem|Substitute
|
|-heal|p1a: Kyurem|88/100|[from] item: Leftovers
|upkeep
|turn|4
|
|t:|1776188747
|switch|p1a: Pecharunt|Pecharunt|100/100
|-terastallize|p2a: Clefable|Steel
|move|p2a: Clefable|Moonblast|p1a: Pecharunt
|-resisted|p1a: Pecharunt
|-damage|p1a: Pecharunt|73/100
|
|upkeep
|turn|5
|
|t:|1776188756
|move|p1a: Pecharunt|Parting Shot|p2a: Clefable
|-unboost|p2a: Clefable|atk|1
|-unboost|p2a: Clefable|spa|1
|
|t:|1776188765
|switch|p1a: Rillaboom|Rillaboom, M|100/100|[from] Parting Shot
|-fieldstart|move: Grassy Terrain|[from] ability: Grassy Surge|[of] p1a: Rillaboom
|move|p2a: Clefable|Psychic|p1a: Rillaboom
|-damage|p1a: Rillaboom|70/100
|
|-heal|p1a: Rillaboom|76/100|[from] Grassy Terrain
|-heal|p2a: Clefable|74/100|[from] Grassy Terrain
|upkeep
|turn|6
|
|t:|1776188778
|move|p1a: Rillaboom|Knock Off|p2a: Clefable
|-damage|p2a: Clefable|9/100
|-enditem|p2a: Clefable|Life Orb|[from] move: Knock Off|[of] p1a: Rillaboom
|move|p2a: Clefable|Flamethrower|p1a: Rillaboom
|-supereffective|p1a: Rillaboom
|-damage|p1a: Rillaboom|29/100
|
|-heal|p1a: Rillaboom|35/100|[from] Grassy Terrain
|-heal|p2a: Clefable|15/100|[from] Grassy Terrain
|upkeep
|turn|7
|
|t:|1776188787
|move|p1a: Rillaboom|Knock Off|p2a: Clefable
|-damage|p2a: Clefable|0 fnt
|faint|p2a: Clefable
|
|-heal|p1a: Rillaboom|41/100|[from] Grassy Terrain
|upkeep
|-message|CENTISCORCHBOMB forfeited.
|
|win|PinguButGood
|raw|PinguButGood's rating: 1078 &rarr; <strong>1105</strong><br />(+27 for winning)
|raw|CENTISCORCHBOMB's rating: 1059 &rarr; <strong>1041</strong><br />(-18 for losing)
|l|☆CENTISCORCHBOMB
|player|p2|
