|html|<div class="broadcast-blue"><strong>[Gen 9] OU is currently suspecting Tera Blast! For information on how to participate check out the <a href="https://www.smogon.com/tools/suspects/view/200">suspect thread</a>.</strong></div>
|j|☆blueemperor
|j|☆t7pu
|t:|1776090267
|gametype|singles
|player|p1|blueemperor|101|1274
|player|p2|t7pu|1|1328
|gen|9
|tier|[Gen 9] OU
|rated|
|rule|HP Percentage Mod: HP is shown in percentages
|rule|Endless Battle Clause: Forcing endless battles is banned
|rule|Species Clause: Limit one of each Pokémon
|rule|OHKO Clause: OHKO moves are banned
|rule|Evasion Items Clause: Evasion items are banned
|rule|Evasion Moves Clause: Evasion moves are banned
|rule|Evasion Abilities Clause: Evasion abilities are banned
|rule|Sleep Moves Clause: Sleep-inducing moves are banned
|clearpoke
|poke|p1|Dragapult, F|
|poke|p1|Alomomola, F|
|poke|p1|Ting-Lu|
|poke|p1|Kyurem|
|poke|p1|Weezing-Galar, F|
|poke|p1|Corviknight, F|
|poke|p2|Pecharunt|
|poke|p2|Kingambit, F|
|poke|p2|Volcanion|
|poke|p2|Iron Valiant|
|poke|p2|Landorus-Therian, M|
|poke|p2|Deoxys-Speed|
|teampreview
|inactive|Battle timer is ON: inactive players will automatically lose when time's up. (requested by blueemperor)
|
|t:|1776090278
|teamsize|p1|6
|teamsize|p2|6
|start
|switch|p1a: Weezing|Weezing-Galar, F|100/100
|switch|p2a: Deoxys|Deoxys-Speed|100/100
|-ability|p1a: Weezing|Neutralizing Gas
|turn|1
|
|t:|1776090291
|-end|p1a: Weezing|ability: Neutralizing Gas
|-ability|p2a: Deoxys|Pressure
|switch|p1a: Ting-Lu|Ting-Lu|100/100
|-ability|p1a: Ting-Lu|Vessel of Ruin
|move|p2a: Deoxys|Psycho Boost|p1a: Ting-Lu
|-immune|p1a: Ting-Lu
|
|upkeep
|turn|2
|
|t:|1776090314
|move|p2a: Deoxys|Superpower|p1a: Ting-Lu
|-supereffective|p1a: Ting-Lu
|-damage|p1a: Ting-Lu|64/100
|-unboost|p2a: Deoxys|atk|1
|-unboost|p2a: Deoxys|def|1
|-enditem|p2a: Deoxys|Eject Pack
|
|t:|1776090323
|switch|p2a: Iron Valiant|Iron Valiant|100/100
|-enditem|p2a: Iron Valiant|Booster Energy
|-activate|p2a: Iron Valiant|ability: Quark Drive|[fromitem]
|-start|p2a: Iron Valiant|quarkdrivespe
|move|p1a: Ting-Lu|Stealth Rock|p2a: Iron Valiant
|-sidestart|p2: t7pu|move: Stealth Rock
|
|-heal|p1a: Ting-Lu|70/100|[from] item: Leftovers
|upkeep
|turn|3
|
|t:|1776090334
|move|p2a: Iron Valiant|Encore|p1a: Ting-Lu
|-start|p1a: Ting-Lu|Encore
|move|p1a: Ting-Lu|Stealth Rock||[still]
|-fail|p1a: Ting-Lu
|
|-heal|p1a: Ting-Lu|76/100|[from] item: Leftovers
|upkeep
|turn|4
|
|t:|1776090344
|switch|p1a: Corviknight|Corviknight, F|100/100
|-ability|p1a: Corviknight|Pressure
|move|p2a: Iron Valiant|Moonblast|p1a: Corviknight
|-resisted|p1a: Corviknight
|-damage|p1a: Corviknight|88/100
|
|-heal|p1a: Corviknight|94/100|[from] item: Leftovers
|upkeep
|turn|5
|
|t:|1776090356
|move|p2a: Iron Valiant|Knock Off|p1a: Corviknight
|-damage|p1a: Corviknight|64/100
|-enditem|p1a: Corviknight|Leftovers|[from] move: Knock Off|[of] p2a: Iron Valiant
|move|p1a: Corviknight|Brave Bird|p2a: Iron Valiant
|-supereffective|p2a: Iron Valiant
|-damage|p2a: Iron Valiant|0 fnt
|faint|p2a: Iron Valiant
|-end|p2a: Iron Valiant|Quark Drive|[silent]
|-damage|p1a: Corviknight|40/100|[from] Recoil
|
|upkeep
|inactive|t7pu has 120 seconds left.
|
|t:|1776090396
|switch|p2a: Pecharunt|Pecharunt|100/100
|turn|6
|
|t:|1776090404
|move|p2a: Pecharunt|Nasty Plot|p2a: Pecharunt
|-boost|p2a: Pecharunt|spa|2
|move|p1a: Corviknight|U-turn|p2a: Pecharunt
|-resisted|p2a: Pecharunt
|-damage|p2a: Pecharunt|98/100
|
|t:|1776090411
|switch|p1a: Ting-Lu|Ting-Lu|76/100|[from] U-turn
|-ability|p1a: Ting-Lu|Vessel of Ruin
|
|-heal|p1a: Ting-Lu|83/100|[from] item: Leftovers
|upkeep
|turn|7
|
|t:|1776090420
|switch|p2a: Landorus|Landorus-Therian, M|100/100
|-damage|p2a: Landorus|88/100|[from] Stealth Rock
|-ability|p2a: Landorus|Intimidate|boost
|-unboost|p1a: Ting-Lu|atk|1
|move|p1a: Ting-Lu|Earthquake|p2a: Landorus
|-immune|p2a: Landorus
|
|-heal|p1a: Ting-Lu|89/100|[from] item: Leftovers
|upkeep
|turn|8
|
|t:|1776090429
|move|p2a: Landorus|Stealth Rock|p1a: Ting-Lu
|-sidestart|p1: blueemperor|move: Stealth Rock
|move|p1a: Ting-Lu|Ruination|p2a: Landorus
|-damage|p2a: Landorus|44/100
|
|-heal|p1a: Ting-Lu|95/100|[from] item: Leftovers
|upkeep
|turn|9
|
|t:|1776090438
|move|p2a: Landorus|U-turn|p1a: Ting-Lu
|-supereffective|p1a: Ting-Lu
|-damage|p1a: Ting-Lu|69/100
|
|t:|1776090445
|switch|p2a: Volcanion|Volcanion|100/100|[from] U-turn
|-damage|p2a: Volcanion|76/100|[from] Stealth Rock
|move|p1a: Ting-Lu|Ruination|p2a: Volcanion
|-damage|p2a: Volcanion|38/100
|
|-heal|p2a: Volcanion|44/100|[from] item: Leftovers
|-heal|p1a: Ting-Lu|76/100|[from] item: Leftovers
|upkeep
|turn|10
|
|t:|1776090455
|move|p2a: Volcanion|Steam Eruption|p1a: Ting-Lu
|-supereffective|p1a: Ting-Lu
|-damage|p1a: Ting-Lu|31/100
|move|p1a: Ting-Lu|Earthquake|p2a: Volcanion
|-supereffective|p2a: Volcanion
|-damage|p2a: Volcanion|6/100
|
|-heal|p2a: Volcanion|12/100|[from] item: Leftovers
|-heal|p1a: Ting-Lu|37/100|[from] item: Leftovers
|upkeep
|turn|11
|
|t:|1776090466
|switch|p1a: Alomomola|Alomomola, F|100/100
|-damage|p1a: Alomomola|88/100|[from] Stealth Rock
|move|p2a: Volcanion|Steam Eruption|p1a: Alomomola
|-resisted|p1a: Alomomola
|-crit|p1a: Alomomola
|-damage|p1a: Alomomola|43/100
|
|-heal|p2a: Volcanion|18/100|[from] item: Leftovers
|upkeep
|turn|12
|
|t:|1776090483
|move|p2a: Volcanion|Steam Eruption|p1a: Alomomola
|-resisted|p1a: Alomomola
|-damage|p1a: Alomomola|12/100
|move|p1a: Alomomola|Flip Turn|p2a: Volcanion
|-heal|p2a: Volcanion|43/100|[from] ability: Water Absorb|[of] p1a: Alomomola
|
|-heal|p2a: Volcanion|49/100|[from] item: Leftovers
|upkeep
|turn|13
|
|t:|1776090494
|move|p1a: Alomomola|Protect|p1a: Alomomola
|-singleturn|p1a: Alomomola|Protect
|move|p2a: Volcanion|Steam Eruption|p1a: Alomomola
|-activate|p1a: Alomomola|move: Protect
|
|-heal|p2a: Volcanion|55/100|[from] item: Leftovers
|upkeep
|turn|14
|
|t:|1776090523
|move|p2a: Volcanion|Flamethrower|p1a: Alomomola
|-resisted|p1a: Alomomola
|-damage|p1a: Alomomola|0 fnt
|faint|p1a: Alomomola
|
|-heal|p2a: Volcanion|61/100|[from] item: Leftovers
|upkeep
|
|t:|1776090527
|switch|p1a: Weezing|Weezing-Galar, F|100/100
|-ability|p1a: Weezing|Neutralizing Gas
|-damage|p1a: Weezing|88/100|[from] Stealth Rock
|turn|15
|
|t:|1776090538
|move|p2a: Volcanion|Steam Eruption|p1a: Weezing
|-damage|p1a: Weezing|17/100
|move|p1a: Weezing|Toxic|p2a: Volcanion
|-status|p2a: Volcanion|tox
|
|-heal|p2a: Volcanion|67/100 tox|[from] item: Leftovers
|-heal|p1a: Weezing|23/100|[from] item: Leftovers
|-damage|p2a: Volcanion|61/100 tox|[from] psn
|upkeep
|turn|16
|
|t:|1776090544
|move|p1a: Weezing|Protect|p1a: Weezing
|-singleturn|p1a: Weezing|Protect
|move|p2a: Volcanion|Steam Eruption|p1a: Weezing
|-activate|p1a: Weezing|move: Protect
|
|-heal|p2a: Volcanion|67/100 tox|[from] item: Leftovers
|-heal|p1a: Weezing|29/100|[from] item: Leftovers
|-damage|p2a: Volcanion|55/100 tox|[from] psn
|upkeep
|turn|17
|
|t:|1776090560
|-end|p1a: Weezing|ability: Neutralizing Gas
|switch|p1a: Corviknight|Corviknight, F|40/100
|-damage|p1a: Corviknight|28/100|[from] Stealth Rock
|-ability|p1a: Corviknight|Pressure
|move|p2a: Volcanion|Steam Eruption|p1a: Corviknight
|-damage|p1a: Corviknight|0 fnt
|faint|p1a: Corviknight
|
|-heal|p2a: Volcanion|61/100 tox|[from] item: Leftovers
|-damage|p2a: Volcanion|43/100 tox|[from] psn
|upkeep
|
|t:|1776090570
|switch|p1a: Weezing|Weezing-Galar, F|29/100
|-ability|p1a: Weezing|Neutralizing Gas
|-damage|p1a: Weezing|17/100|[from] Stealth Rock
|turn|18
|
|t:|1776090583
|switch|p2a: Pecharunt|Pecharunt|98/100
|move|p1a: Weezing|Protect||[still]
|-fail|p1a: Weezing
|
|-heal|p1a: Weezing|23/100|[from] item: Leftovers
|upkeep
|turn|19
|
|t:|1776090591
|move|p2a: Pecharunt|Nasty Plot|p2a: Pecharunt
|-boost|p2a: Pecharunt|spa|2
|move|p1a: Weezing|Defog|p2a: Pecharunt
|-unboost|p2a: Pecharunt|evasion|1
|-sideend|p2: t7pu|Stealth Rock|[from] move: Defog|[of] p1a: Weezing
|-sideend|p1: blueemperor|Stealth Rock|[from] move: Defog|[of] p1a: Weezing
|
|-heal|p1a: Weezing|29/100|[from] item: Leftovers
|upkeep
|turn|20
|
|t:|1776090604
|move|p2a: Pecharunt|Malignant Chain|p1a: Weezing
|-damage|p1a: Weezing|0 fnt
|faint|p1a: Weezing
|-end|p1a: Weezing|ability: Neutralizing Gas
|
|upkeep
|
|t:|1776090607
|switch|p1a: Dragapult|Dragapult, F|100/100
|turn|21
|
|t:|1776090620
|-terastallize|p1a: Dragapult|Ghost
|-terastallize|p2a: Pecharunt|Fairy
|move|p1a: Dragapult|Tera Blast|p2a: Pecharunt|[anim] Tera Blast Ghost
|-damage|p2a: Pecharunt|51/100
|move|p2a: Pecharunt|Shadow Ball|p1a: Dragapult
|-supereffective|p1a: Dragapult
|-damage|p1a: Dragapult|0 fnt
|faint|p1a: Dragapult
|
|upkeep
|
|t:|1776090631
|switch|p1a: Kyurem|Kyurem, shiny|100/100
|-ability|p1a: Kyurem|Pressure
|turn|22
|
|t:|1776090640
|switch|p2a: Landorus|Landorus-Therian, M|44/100
|-ability|p2a: Landorus|Intimidate|boost
|-unboost|p1a: Kyurem|atk|1
|move|p1a: Kyurem|Flash Cannon|p2a: Landorus
|-damage|p2a: Landorus|17/100
|
|upkeep
|turn|23
|
|t:|1776090657
|move|p1a: Kyurem|Freeze-Dry|p2a: Landorus
|-supereffective|p2a: Landorus
|-damage|p2a: Landorus|0 fnt
|faint|p2a: Landorus
|
|upkeep
|inactive|t7pu has 120 seconds left.
|
|t:|1776090684
|switch|p2a: Deoxys|Deoxys-Speed|100/100
|-ability|p2a: Deoxys|Pressure
|turn|24
|inactive|t7pu has 120 seconds left.
|
|t:|1776090694
|switch|p1a: Ting-Lu|Ting-Lu|37/100
|-ability|p1a: Ting-Lu|Vessel of Ruin
|move|p2a: Deoxys|Knock Off|p1a: Ting-Lu
|-resisted|p1a: Ting-Lu
|-damage|p1a: Ting-Lu|30/100
|-enditem|p1a: Ting-Lu|Leftovers|[from] move: Knock Off|[of] p2a: Deoxys
|
|upkeep
|turn|25
|inactive|t7pu has 120 seconds left.
|
|t:|1776090707
|move|p2a: Deoxys|Superpower|p1a: Ting-Lu
|-supereffective|p1a: Ting-Lu
|-damage|p1a: Ting-Lu|0 fnt
|-unboost|p2a: Deoxys|atk|1
|-unboost|p2a: Deoxys|def|1
|faint|p1a: Ting-Lu
|
|upkeep
|
|t:|1776090709
|switch|p1a: Kyurem|Kyurem, shiny|100/100
|-ability|p1a: Kyurem|Pressure
|turn|26
|
|t:|1776090719
|move|p2a: Deoxys|Psycho Boost|p1a: Kyurem|[miss]
|-miss|p2a: Deoxys|p1a: Kyurem
|move|p1a: Kyurem|Freeze-Dry|p2a: Deoxys
|-damage|p2a: Deoxys|42/100
|
|upkeep
|turn|27
|
|t:|1776090728
|move|p2a: Deoxys|Psycho Boost|p1a: Kyurem
|-damage|p1a: Kyurem|44/100
|-unboost|p2a: Deoxys|spa|2
|move|p1a: Kyurem|Substitute|p1a: Kyurem
|-start|p1a: Kyurem|Substitute
|-damage|p1a: Kyurem|20/100
|
|-heal|p1a: Kyurem|26/100|[from] item: Leftovers
|upkeep
|turn|28
|inactive|t7pu has 120 seconds left.
|
|t:|1776090753
|move|p2a: Deoxys|Psycho Boost|p1a: Kyurem
|-end|p1a: Kyurem|Substitute
|-unboost|p2a: Deoxys|spa|2
|move|p1a: Kyurem|Freeze-Dry|p2a: Deoxys
|-damage|p2a: Deoxys|0 fnt
|faint|p2a: Deoxys
|
|-heal|p1a: Kyurem|32/100|[from] item: Leftovers
|upkeep
|inactive|t7pu has 120 seconds left.
|
|t:|1776090764
|switch|p2a: Volcanion|Volcanion|43/100 tox
|turn|29
|
|t:|1776090769
|move|p1a: Kyurem|Earth Power|p2a: Volcanion
|-supereffective|p2a: Volcanion
|-damage|p2a: Volcanion|0 fnt
|faint|p2a: Volcanion
|
|-heal|p1a: Kyurem|38/100|[from] item: Leftovers
|upkeep
|
|t:|1776090775
|switch|p2a: Pecharunt|Pecharunt, tera:Fairy|51/100
|turn|30
|
|t:|1776090780
|move|p1a: Kyurem|Flash Cannon|p2a: Pecharunt
|-supereffective|p2a: Pecharunt
|-crit|p2a: Pecharunt
|-damage|p2a: Pecharunt|0 fnt
|faint|p2a: Pecharunt
|
|-heal|p1a: Kyurem|44/100|[from] item: Leftovers
|upkeep
|
|t:|1776090783
|switch|p2a: Kingambit|Kingambit, F|100/100
|-activate|p2a: Kingambit|ability: Supreme Overlord
|-start|p2a: Kingambit|fallen5|[silent]
|turn|31
|
|t:|1776090816
|move|p1a: Kyurem|Substitute|p1a: Kyurem
|-start|p1a: Kyurem|Substitute
|-damage|p1a: Kyurem|19/100
|move|p2a: Kingambit|Iron Head|p1a: Kyurem
|-supereffective|p1a: Kyurem
|-end|p1a: Kyurem|Substitute
|
|-heal|p1a: Kyurem|26/100|[from] item: Leftovers
|upkeep
|turn|32
|
|t:|1776090821
|move|p1a: Kyurem|Earth Power|p2a: Kingambit
|-supereffective|p2a: Kingambit
|-damage|p2a: Kingambit|23/100
|move|p2a: Kingambit|Iron Head|p1a: Kyurem
|-supereffective|p1a: Kyurem
|-damage|p1a: Kyurem|0 fnt
|faint|p1a: Kyurem
|
|win|t7pu
|raw|blueemperor's rating: 1274 &rarr; <strong>1253</strong><br />(-21 for losing)
|raw|t7pu's rating: 1328 &rarr; <strong>1345</strong><br />(+17 for winning)
|l|☆blueemperor
|player|p1|
