|html|<div class="broadcast-blue"><strong>[Gen 9] OU is currently suspecting Tera Blast! For information on how to participate check out the <a href="https://www.smogon.com/tools/suspects/view/200">suspect thread</a>.</strong></div>
|j|☆GODKUD
|j|☆Sniper20657
|t:|1776042726
|gametype|singles
|player|p1|GODKUD|ghetsis-gen5bw|1429
|player|p2|Sniper20657|265|1385
|gen|9
|tier|[Gen 9] OU
|rated|
|rule|HP Percentage Mod: HP is shown in percentages
|rule|Endless Battle Clause: Forcing endless battles is banned
|rule|Species Clause: Limit one of each Pokémon
|rule|OHKO Clause: OHKO moves are banned
|rule|Evasion Items Clause: Evasion items are banned
|rule|Evasion Moves Clause: Evasion moves are banned
|rule|Evasion Abilities Clause: Evasion abilities are banned
|rule|Sleep Moves Clause: Sleep-inducing moves are banned
|clearpoke
|poke|p1|Feraligatr, M|
|poke|p1|Conkeldurr, M|
|poke|p1|Rampardos, M|
|poke|p1|Haxorus, M|
|poke|p1|Deoxys-Speed|
|poke|p1|Tornadus-Therian, M|
|poke|p2|Darkrai|
|poke|p2|Indeedee, M|
|poke|p2|Hoopa-Unbound|
|poke|p2|Heatran, M|
|poke|p2|Zamazenta-*|
|poke|p2|Iron Hands|
|teampreview
|inactive|Battle timer is ON: inactive players will automatically lose when time's up. (requested by GODKUD)
|
|t:|1776042744
|teamsize|p1|6
|teamsize|p2|6
|start
|switch|p1a: Deoxys|Deoxys-Speed|100/100
|switch|p2a: Darkrai|Darkrai|100/100
|-ability|p1a: Deoxys|Pressure
|turn|1
|
|t:|1776042752
|move|p2a: Darkrai|Dark Pulse|p1a: Deoxys
|-supereffective|p1a: Deoxys
|-damage|p1a: Deoxys|0 fnt
|faint|p1a: Deoxys
|
|upkeep
|
|t:|1776042757
|switch|p1a: Conkeldurr|Conkeldurr, M|100/100
|turn|2
|
|t:|1776042769
|switch|p2a: Zamazenta|Zamazenta|100/100
|-ability|p2a: Zamazenta|Dauntless Shield|boost
|-boost|p2a: Zamazenta|def|1
|move|p1a: Conkeldurr|Knock Off|p2a: Zamazenta
|-resisted|p2a: Zamazenta
|-damage|p2a: Zamazenta|91/100
|-enditem|p2a: Zamazenta|Leftovers|[from] move: Knock Off|[of] p1a: Conkeldurr
|
|-status|p1a: Conkeldurr|brn|[from] item: Flame Orb
|upkeep
|turn|3
|
|t:|1776042781
|switch|p2a: Heatran|Heatran, M|100/100
|-item|p2a: Heatran|Air Balloon
|move|p1a: Conkeldurr|Drain Punch|p2a: Heatran
|-supereffective|p2a: Heatran
|-damage|p2a: Heatran|0 fnt
|-enditem|p2a: Heatran|Air Balloon
|faint|p2a: Heatran
|
|-damage|p1a: Conkeldurr|95/100 brn|[from] brn
|upkeep
|
|t:|1776042792
|switch|p2a: Indeedee|Indeedee, M|100/100
|-fieldstart|move: Psychic Terrain|[from] ability: Psychic Surge|[of] p2a: Indeedee
|turn|4
|
|t:|1776042799
|move|p2a: Indeedee|Expanding Force|p1a: Conkeldurr
|-supereffective|p1a: Conkeldurr
|-damage|p1a: Conkeldurr|0 fnt
|faint|p1a: Conkeldurr
|
|upkeep
|
|t:|1776042805
|switch|p1a: Feraligatr|Feraligatr, M|100/100
|turn|5
|
|t:|1776042814
|-terastallize|p1a: Feraligatr|Dark
|move|p1a: Feraligatr|Dragon Dance|p1a: Feraligatr
|-boost|p1a: Feraligatr|atk|1
|-boost|p1a: Feraligatr|spe|1
|move|p2a: Indeedee|Expanding Force|p1a: Feraligatr
|-immune|p1a: Feraligatr
|
|upkeep
|turn|6
|
|t:|1776042827
|-terastallize|p2a: Indeedee|Fairy
|move|p1a: Feraligatr|Dragon Dance|p1a: Feraligatr
|-boost|p1a: Feraligatr|atk|1
|-boost|p1a: Feraligatr|spe|1
|move|p2a: Indeedee|Dazzling Gleam|p1a: Feraligatr
|-supereffective|p1a: Feraligatr
|-damage|p1a: Feraligatr|32/100
|
|upkeep
|turn|7
|
|t:|1776042831
|move|p1a: Feraligatr|Liquidation|p2a: Indeedee
|-damage|p2a: Indeedee|0 fnt
|faint|p2a: Indeedee
|
|upkeep
|
|t:|1776042835
|switch|p2a: Zamazenta|Zamazenta|91/100
|turn|8
|
|t:|1776042837
|move|p1a: Feraligatr|Liquidation|p2a: Zamazenta
|-damage|p2a: Zamazenta|0 fnt
|faint|p2a: Zamazenta
|
|upkeep
|
|t:|1776042843
|switch|p2a: Darkrai|Darkrai|100/100
|turn|9
|
|t:|1776042851
|move|p2a: Darkrai|Sludge Bomb|p1a: Feraligatr
|-damage|p1a: Feraligatr|0 fnt
|faint|p1a: Feraligatr
|
|upkeep
|
|t:|1776042858
|switch|p1a: Rampardos|Rampardos, M|100/100
|-ability|p1a: Rampardos|Mold Breaker
|turn|10
|
|t:|1776042867
|switch|p2a: Hoopa|Hoopa-Unbound|100/100
|-enditem|p2a: Hoopa|Psychic Seed
|-boost|p2a: Hoopa|spd|1|[from] item: Psychic Seed
|move|p1a: Rampardos|Trailblaze|p2a: Hoopa
|-damage|p2a: Hoopa|77/100
|-boost|p1a: Rampardos|spe|1
|
|upkeep
|turn|11
|
|t:|1776042872
|move|p1a: Rampardos|Rock Slide|p2a: Hoopa
|-crit|p2a: Hoopa
|-damage|p2a: Hoopa|2/100
|move|p2a: Hoopa|Expanding Force|p1a: Rampardos
|-damage|p1a: Rampardos|0 fnt
|faint|p1a: Rampardos
|-item|p2a: Hoopa|Salac Berry|[from] ability: Magician|[of] p1: Rampardos
|-enditem|p2a: Hoopa|Salac Berry|[eat]
|-boost|p2a: Hoopa|spe|1|[from] item: Salac Berry
|
|-fieldend|move: Psychic Terrain
|upkeep
|
|t:|1776042883
|switch|p1a: Haxorus|Haxorus, M|100/100
|-ability|p1a: Haxorus|Mold Breaker
|turn|12
|
|t:|1776042886
|move|p1a: Haxorus|Scale Shot|p2a: Hoopa
|-damage|p2a: Hoopa|0 fnt
|faint|p2a: Hoopa
|-hitcount|p2: Hoopa|1
|-unboost|p1a: Haxorus|def|1
|-boost|p1a: Haxorus|spe|1
|
|upkeep
|
|t:|1776042892
|switch|p2a: Darkrai|Darkrai|100/100
|turn|13
|
|t:|1776042896
|move|p2a: Darkrai|Ice Beam|p1a: Haxorus
|-supereffective|p1a: Haxorus
|-damage|p1a: Haxorus|4/100
|move|p1a: Haxorus|Scale Shot|p2a: Darkrai
|-damage|p2a: Darkrai|82/100
|-damage|p2a: Darkrai|62/100
|-damage|p2a: Darkrai|42/100
|-damage|p2a: Darkrai|23/100
|-damage|p2a: Darkrai|3/100
|-hitcount|p2a: Darkrai|5
|-unboost|p1a: Haxorus|def|1
|-boost|p1a: Haxorus|spe|1
|
|upkeep
|turn|14
|
|t:|1776042902
|move|p1a: Haxorus|Scale Shot|p2a: Darkrai
|-damage|p2a: Darkrai|0 fnt
|faint|p2a: Darkrai
|-hitcount|p2: Darkrai|1
|-unboost|p1a: Haxorus|def|1
|-boost|p1a: Haxorus|spe|1
|
|upkeep
|
|t:|1776042904
|switch|p2a: Iron Hands|Iron Hands|100/100
|-enditem|p2a: Iron Hands|Booster Energy
|-activate|p2a: Iron Hands|ability: Quark Drive|[fromitem]
|-start|p2a: Iron Hands|quarkdriveatk
|turn|15
|
|t:|1776042907
|move|p1a: Haxorus|Earthquake|p2a: Iron Hands
|-supereffective|p2a: Iron Hands
|-damage|p2a: Iron Hands|50/100
|move|p2a: Iron Hands|Ice Punch|p1a: Haxorus
|-supereffective|p1a: Haxorus
|-damage|p1a: Haxorus|0 fnt
|faint|p1a: Haxorus
|
|upkeep
|
|t:|1776042911
|switch|p1a: Tornadus|Tornadus-Therian, M|100/100
|turn|16
|
|t:|1776042913
|move|p1a: Tornadus|Bleakwind Storm|p2a: Iron Hands|[miss]
|-miss|p1a: Tornadus|p2a: Iron Hands
|move|p2a: Iron Hands|Thunder Punch|p1a: Tornadus
|-supereffective|p1a: Tornadus
|-damage|p1a: Tornadus|0 fnt
|faint|p1a: Tornadus
|
|win|Sniper20657
|raw|GODKUD's rating: 1429 &rarr; <strong>1406</strong><br />(-23 for losing)
|raw|Sniper20657's rating: 1385 &rarr; <strong>1408</strong><br />(+23 for winning)
|l|☆GODKUD
|player|p1|
|l|☆Sniper20657
|player|p2|
