|html|<div class="broadcast-blue"><strong>[Gen 9] OU is currently suspecting Tera Blast! For information on how to participate check out the <a href="https://www.smogon.com/tools/suspects/view/200">suspect thread</a>.</strong></div>
|j|☆generation why?
|j|☆Jros206
|t:|1776035657
|gametype|singles
|player|p1|generation why?|blackbelt-gen4dp|1260
|player|p2|Jros206|170|1320
|gen|9
|tier|[Gen 9] OU
|rated|
|rule|HP Percentage Mod: HP is shown in percentages
|rule|Endless Battle Clause: Forcing endless battles is banned
|rule|Species Clause: Limit one of each Pokémon
|rule|OHKO Clause: OHKO moves are banned
|rule|Evasion Items Clause: Evasion items are banned
|rule|Evasion Moves Clause: Evasion moves are banned
|rule|Evasion Abilities Clause: Evasion abilities are banned
|rule|Sleep Moves Clause: Sleep-inducing moves are banned
|clearpoke
|poke|p1|Gliscor, M|
|poke|p1|Heatran, F|
|poke|p1|Moltres-Galar|
|poke|p1|Dondozo, F|
|poke|p1|Weezing-Galar, F|
|poke|p1|Incineroar, F|
|poke|p2|Ninetales-Alola, F|
|poke|p2|Hatterene, F|
|poke|p2|Rillaboom, M|
|poke|p2|Raging Bolt|
|poke|p2|Polteageist-Antique|
|poke|p2|Garchomp, M|
|teampreview
|c|☆generation why?|glhf
|
|t:|1776035666
|teamsize|p1|6
|teamsize|p2|6
|start
|switch|p1a: Touch The Stove|Heatran, F, shiny|100/100
|switch|p2a: Garchomp|Garchomp, M|100/100
|-item|p1a: Touch The Stove|Air Balloon
|turn|1
|
|t:|1776035688
|switch|p1a: Incineroar|Incineroar, F|100/100
|-ability|p1a: Incineroar|Intimidate|boost
|-unboost|p2a: Garchomp|atk|1
|move|p2a: Garchomp|Stone Edge|p1a: Incineroar
|-supereffective|p1a: Incineroar
|-damage|p1a: Incineroar|54/100
|
|upkeep
|turn|2
|
|t:|1776035695
|switch|p2a: Ninetales|Ninetales-Alola, F|100/100
|-weather|Snowscape|[from] ability: Snow Warning|[of] p2a: Ninetales
|move|p1a: Incineroar|Parting Shot|p2a: Ninetales
|-unboost|p2a: Ninetales|atk|1
|-unboost|p2a: Ninetales|spa|1
|
|t:|1776035699
|switch|p1a: Touch The Stove|Heatran, F, shiny|100/100|[from] Parting Shot
|-item|p1a: Touch The Stove|Air Balloon
|
|-weather|Snowscape|[upkeep]
|upkeep
|turn|3
|
|t:|1776035702
|move|p2a: Ninetales|Aurora Veil|p2a: Ninetales
|-sidestart|p2: Jros206|move: Aurora Veil
|move|p1a: Touch The Stove|Flash Cannon|p2a: Ninetales
|-supereffective|p2a: Ninetales
|-damage|p2a: Ninetales|12/100
|
|-weather|Snowscape|[upkeep]
|upkeep
|turn|4
|
|t:|1776035707
|move|p2a: Ninetales|Encore|p1a: Touch The Stove
|-start|p1a: Touch The Stove|Encore
|move|p1a: Touch The Stove|Flash Cannon|p2a: Ninetales
|-supereffective|p2a: Ninetales
|-damage|p2a: Ninetales|0 fnt
|faint|p2a: Ninetales
|
|-weather|Snowscape|[upkeep]
|upkeep
|
|t:|1776035712
|switch|p2a: Raging Bolt|Raging Bolt|100/100
|turn|5
|
|t:|1776035720
|switch|p1a: LDJ|Gliscor, M|100/100
|move|p2a: Raging Bolt|Calm Mind|p2a: Raging Bolt
|-boost|p2a: Raging Bolt|spa|1
|-boost|p2a: Raging Bolt|spd|1
|
|-weather|Snowscape|[upkeep]
|-status|p1a: LDJ|tox|[from] item: Toxic Orb
|upkeep
|turn|6
|
|t:|1776035727
|move|p1a: LDJ|Earthquake|p2a: Raging Bolt
|-supereffective|p2a: Raging Bolt
|-damage|p2a: Raging Bolt|67/100
|move|p2a: Raging Bolt|Dragon Pulse|p1a: LDJ
|-damage|p1a: LDJ|0 fnt
|faint|p1a: LDJ
|
|-weather|none
|upkeep
|
|t:|1776035732
|switch|p1a: Weezing|Weezing-Galar, F|100/100
|turn|7
|
|t:|1776035737
|move|p2a: Raging Bolt|Thunderbolt|p1a: Weezing
|-damage|p1a: Weezing|26/100
|move|p1a: Weezing|Defog|p2a: Raging Bolt
|-unboost|p2a: Raging Bolt|evasion|1
|-sideend|p2: Jros206|move: Aurora Veil
|
|-heal|p1a: Weezing|32/100|[from] item: Leftovers
|upkeep
|turn|8
|
|t:|1776035745
|move|p2a: Raging Bolt|Thunderbolt|p1a: Weezing
|-damage|p1a: Weezing|0 fnt
|faint|p1a: Weezing
|
|upkeep
|
|t:|1776035751
|switch|p1a: Touch The Stove|Heatran, F, shiny|100/100
|-item|p1a: Touch The Stove|Air Balloon
|turn|9
|
|t:|1776035756
|-terastallize|p1a: Touch The Stove|Ground
|move|p2a: Raging Bolt|Thunderclap|p1a: Touch The Stove
|-immune|p1a: Touch The Stove
|move|p1a: Touch The Stove|Scorching Sands|p2a: Raging Bolt
|-supereffective|p2a: Raging Bolt
|-crit|p2a: Raging Bolt
|-damage|p2a: Raging Bolt|0 fnt
|faint|p2a: Raging Bolt
|-end|p2a: Raging Bolt|Protosynthesis|[silent]
|
|upkeep
|
|t:|1776035763
|switch|p2a: Polteageist|Polteageist-Antique|100/100
|turn|10
|
|t:|1776035767
|move|p2a: Polteageist|Shell Smash|p2a: Polteageist
|-unboost|p2a: Polteageist|def|1
|-unboost|p2a: Polteageist|spd|1
|-boost|p2a: Polteageist|atk|2
|-boost|p2a: Polteageist|spa|2
|-boost|p2a: Polteageist|spe|2
|move|p1a: Touch The Stove|Magma Storm|p2a: Polteageist
|-enditem|p2a: Polteageist|Focus Sash
|-damage|p2a: Polteageist|1/100
|-activate|p2a: Polteageist|move: Magma Storm|[of] p1a: Touch The Stove
|
|-damage|p2a: Polteageist|0 fnt|[from] move: Magma Storm|[partiallytrapped]
|faint|p2a: Polteageist
|upkeep
|
|t:|1776035778
|switch|p2a: Rillaboom|Rillaboom, M|100/100
|-fieldstart|move: Grassy Terrain|[from] ability: Grassy Surge|[of] p2a: Rillaboom
|turn|11
|
|t:|1776035781
|switch|p1a: Incineroar|Incineroar, F|54/100
|-ability|p1a: Incineroar|Intimidate|boost
|-unboost|p2a: Rillaboom|atk|1
|move|p2a: Rillaboom|Grassy Glide|p1a: Incineroar
|-resisted|p1a: Incineroar
|-damage|p1a: Incineroar|35/100
|
|-heal|p1a: Incineroar|41/100|[from] Grassy Terrain
|upkeep
|turn|12
|
|t:|1776035791
|switch|p2a: Hatterene|Hatterene, F|100/100
|move|p1a: Incineroar|Flare Blitz|p2a: Hatterene
|-damage|p2a: Hatterene|26/100
|-status|p2a: Hatterene|brn
|-damage|p1a: Incineroar|21/100|[from] Recoil
|
|-heal|p1a: Incineroar|27/100|[from] Grassy Terrain
|-heal|p2a: Hatterene|32/100 brn|[from] Grassy Terrain
|-heal|p2a: Hatterene|38/100 brn|[from] item: Leftovers
|-damage|p2a: Hatterene|32/100 brn|[from] brn
|upkeep
|turn|13
|
|t:|1776035798
|move|p1a: Incineroar|Flare Blitz|p2a: Hatterene
|-damage|p2a: Hatterene|0 fnt
|faint|p2a: Hatterene
|-damage|p1a: Incineroar|19/100|[from] Recoil
|
|-heal|p1a: Incineroar|25/100|[from] Grassy Terrain
|upkeep
|
|t:|1776035803
|switch|p2a: Garchomp|Garchomp, M|100/100
|turn|14
|
|t:|1776035806
|switch|p1a: Touch The Stove|Heatran, F, shiny, tera:Ground|100/100
|-item|p1a: Touch The Stove|Air Balloon
|move|p2a: Garchomp|Swords Dance|p2a: Garchomp
|-boost|p2a: Garchomp|atk|2
|
|upkeep
|turn|15
|
|t:|1776035812
|-terastallize|p2a: Garchomp|Dragon
|move|p2a: Garchomp|Scale Shot|p1a: Touch The Stove
|-damage|p1a: Touch The Stove|73/100
|-enditem|p1a: Touch The Stove|Air Balloon
|-damage|p1a: Touch The Stove|41/100
|-damage|p1a: Touch The Stove|11/100
|-damage|p1a: Touch The Stove|0 fnt
|faint|p1a: Touch The Stove
|-hitcount|p1: Touch The Stove|4
|-unboost|p2a: Garchomp|def|1
|-boost|p2a: Garchomp|spe|1
|
|-fieldend|move: Grassy Terrain
|upkeep
|
|t:|1776035820
|switch|p1a: Incineroar|Incineroar, F|25/100
|-ability|p1a: Incineroar|Intimidate|boost
|-unboost|p2a: Garchomp|atk|1
|turn|16
|
|t:|1776035827
|switch|p1a: Big Dumb Fish|Dondozo, F|100/100
|move|p2a: Garchomp|Earthquake|p1a: Big Dumb Fish
|-damage|p1a: Big Dumb Fish|67/100
|
|-heal|p1a: Big Dumb Fish|73/100|[from] item: Leftovers
|upkeep
|turn|17
|
|t:|1776035833
|switch|p1a: Incineroar|Incineroar, F|25/100
|-ability|p1a: Incineroar|Intimidate|boost
|-unboost|p2a: Garchomp|atk|1
|move|p2a: Garchomp|Scale Shot|p1a: Incineroar
|-damage|p1a: Incineroar|9/100
|-damage|p1a: Incineroar|0 fnt
|faint|p1a: Incineroar
|-hitcount|p1: Incineroar|2
|-unboost|p2a: Garchomp|def|1
|-boost|p2a: Garchomp|spe|1
|
|upkeep
|
|t:|1776035836
|switch|p1a: Big Dumb Fish|Dondozo, F|73/100
|turn|18
|
|t:|1776035846
|move|p2a: Garchomp|Scale Shot|p1a: Big Dumb Fish
|-crit|p1a: Big Dumb Fish
|-damage|p1a: Big Dumb Fish|58/100
|-damage|p1a: Big Dumb Fish|47/100
|-damage|p1a: Big Dumb Fish|35/100
|-damage|p1a: Big Dumb Fish|24/100
|-damage|p1a: Big Dumb Fish|14/100
|-hitcount|p1a: Big Dumb Fish|5
|-unboost|p2a: Garchomp|def|1
|-boost|p2a: Garchomp|spe|1
|move|p1a: Big Dumb Fish|Avalanche|p2a: Garchomp
|-supereffective|p2a: Garchomp
|-crit|p2a: Garchomp
|-damage|p2a: Garchomp|0 fnt
|-damage|p1a: Big Dumb Fish|1/100|[from] ability: Rough Skin|[of] p2a: Garchomp
|faint|p2a: Garchomp
|
|-heal|p1a: Big Dumb Fish|7/100|[from] item: Leftovers
|upkeep
|
|t:|1776035858
|switch|p2a: Rillaboom|Rillaboom, M|100/100
|-fieldstart|move: Grassy Terrain|[from] ability: Grassy Surge|[of] p2a: Rillaboom
|turn|19
|
|t:|1776035868
|move|p2a: Rillaboom|Brick Break|p1a: Big Dumb Fish
|-damage|p1a: Big Dumb Fish|0 fnt
|faint|p1a: Big Dumb Fish
|
|upkeep
|
|t:|1776035871
|switch|p1a: Spicy KFC|Moltres-Galar, shiny|100/100
|turn|20
|
|t:|1776035874
|move|p1a: Spicy KFC|Air Slash|p2a: Rillaboom
|-supereffective|p2a: Rillaboom
|-damage|p2a: Rillaboom|20/100
|move|p2a: Rillaboom|Brick Break|p1a: Spicy KFC
|-damage|p1a: Spicy KFC|53/100
|
|-heal|p2a: Rillaboom|26/100|[from] Grassy Terrain
|upkeep
|turn|21
|-message|Jros206 forfeited.
|
|win|generation why?
|raw|generation why?'s rating: 1260 &rarr; <strong>1289</strong><br />(+29 for winning)
|raw|Jros206's rating: 1320 &rarr; <strong>1297</strong><br />(-23 for losing)
|l|☆Jros206
|player|p2|
|l|☆generation why?
|player|p1|
