|html|<div class="broadcast-blue"><strong>[Gen 9] OU is currently suspecting Tera Blast! For information on how to participate check out the <a href="https://www.smogon.com/tools/suspects/view/200">suspect thread</a>.</strong></div>
|badge|p2|bronze|gen9randombattle|100-9
|uhtml|medal-msg|<div class="broadcast-blue">Curious what those medals under the avatar are? PS now has Ladder Seasons! For more information, check out the <a href="https://www.smogon.com/forums/threads/3740067/">thread on Smogon.</a></div>
|j|☆Malexrocks
|j|☆M4teo010101
|t:|1776319530
|gametype|singles
|player|p1|Malexrocks|266|1523
|player|p2|M4teo010101|brendan-gen3rs|1452
|gen|9
|tier|[Gen 9] OU
|rated|
|rule|HP Percentage Mod: HP is shown in percentages
|rule|Endless Battle Clause: Forcing endless battles is banned
|rule|Species Clause: Limit one of each Pokémon
|rule|OHKO Clause: OHKO moves are banned
|rule|Evasion Items Clause: Evasion items are banned
|rule|Evasion Moves Clause: Evasion moves are banned
|rule|Evasion Abilities Clause: Evasion abilities are banned
|rule|Sleep Moves Clause: Sleep-inducing moves are banned
|clearpoke
|poke|p1|Skarmory, F|
|poke|p1|Rillaboom, M|
|poke|p1|Hawlucha, F|
|poke|p1|Primarina, F|
|poke|p1|Great Tusk|
|poke|p1|Heatran, F|
|poke|p2|Great Tusk|
|poke|p2|Walking Wake|
|poke|p2|Kingambit, F|
|poke|p2|Venusaur, M|
|poke|p2|Ninetales, F|
|poke|p2|Raging Bolt|
|teampreview
|
|t:|1776319542
|teamsize|p1|6
|teamsize|p2|6
|start
|switch|p1a: Heatran|Heatran, F|100/100
|switch|p2a: Raging Bolt|Raging Bolt|100/100
|-item|p2a: Raging Bolt|Air Balloon
|turn|1
|inactive|Battle timer is ON: inactive players will automatically lose when time's up. (requested by M4teo010101)
|
|t:|1776319552
|move|p2a: Raging Bolt|Calm Mind|p2a: Raging Bolt
|-boost|p2a: Raging Bolt|spa|1
|-boost|p2a: Raging Bolt|spd|1
|move|p1a: Heatran|Magma Storm|p2a: Raging Bolt
|-resisted|p2a: Raging Bolt
|-damage|p2a: Raging Bolt|87/100
|-activate|p2a: Raging Bolt|move: Magma Storm|[of] p1a: Heatran
|-enditem|p2a: Raging Bolt|Air Balloon
|
|-damage|p2a: Raging Bolt|74/100|[from] move: Magma Storm|[partiallytrapped]
|upkeep
|turn|2
|
|t:|1776319563
|move|p2a: Raging Bolt|Thunderbolt|p1a: Heatran
|-damage|p1a: Heatran|47/100
|move|p1a: Heatran|Earth Power|p2a: Raging Bolt
|-supereffective|p2a: Raging Bolt
|-damage|p2a: Raging Bolt|42/100
|-unboost|p2a: Raging Bolt|spd|1
|
|-heal|p1a: Heatran|54/100|[from] item: Leftovers
|-damage|p2a: Raging Bolt|30/100|[from] move: Magma Storm|[partiallytrapped]
|upkeep
|turn|3
|
|t:|1776319574
|move|p2a: Raging Bolt|Thunderbolt|p1a: Heatran
|-damage|p1a: Heatran|6/100
|move|p1a: Heatran|Earth Power|p2a: Raging Bolt
|-supereffective|p2a: Raging Bolt
|-damage|p2a: Raging Bolt|0 fnt
|faint|p2a: Raging Bolt
|-end|p2a: Raging Bolt|Protosynthesis|[silent]
|
|-heal|p1a: Heatran|12/100|[from] item: Leftovers
|upkeep
|
|t:|1776319585
|switch|p2a: Great Tusk|Great Tusk|100/100
|turn|4
|inactive|Malexrocks has 120 seconds left.
|
|t:|1776319628
|move|p2a: Great Tusk|Close Combat|p1a: Heatran
|-supereffective|p1a: Heatran
|-damage|p1a: Heatran|0 fnt
|-unboost|p2a: Great Tusk|def|1
|-unboost|p2a: Great Tusk|spd|1
|faint|p1a: Heatran
|
|upkeep
|
|t:|1776319630
|switch|p1a: Rillaboom|Rillaboom, M|100/100
|-fieldstart|move: Grassy Terrain|[from] ability: Grassy Surge|[of] p1a: Rillaboom
|turn|5
|
|t:|1776319641
|-end|p2a: Great Tusk|Protosynthesis|[silent]
|switch|p2a: Ninetales|Ninetales, F|100/100
|-weather|SunnyDay|[from] ability: Drought|[of] p2a: Ninetales
|move|p1a: Rillaboom|U-turn|p2a: Ninetales
|-resisted|p2a: Ninetales
|-damage|p2a: Ninetales|79/100
|
|t:|1776319643
|switch|p1a: Primarina|Primarina, F|100/100|[from] U-turn
|-enditem|p1a: Primarina|Grassy Seed
|-boost|p1a: Primarina|def|1|[from] item: Grassy Seed
|
|-weather|SunnyDay|[upkeep]
|-heal|p2a: Ninetales|85/100|[from] Grassy Terrain
|upkeep
|turn|6
|
|t:|1776319654
|switch|p2a: Venusaur|Venusaur, M|100/100
|move|p1a: Primarina|Substitute|p1a: Primarina
|-start|p1a: Primarina|Substitute
|-damage|p1a: Primarina|76/100
|
|-weather|SunnyDay|[upkeep]
|-heal|p1a: Primarina|82/100|[from] Grassy Terrain
|upkeep
|turn|7
|
|t:|1776319682
|move|p2a: Venusaur|Growth|p2a: Venusaur
|-boost|p2a: Venusaur|atk|2
|-boost|p2a: Venusaur|spa|2
|move|p1a: Primarina|Moonblast|p2a: Venusaur
|-resisted|p2a: Venusaur
|-damage|p2a: Venusaur|70/100
|
|-weather|SunnyDay|[upkeep]
|-heal|p2a: Venusaur|76/100|[from] Grassy Terrain
|-heal|p1a: Primarina|88/100|[from] Grassy Terrain
|upkeep
|turn|8
|
|t:|1776319693
|move|p2a: Venusaur|Giga Drain|p1a: Primarina
|-supereffective|p1a: Primarina
|-end|p1a: Primarina|Substitute
|-heal|p2a: Venusaur|89/100|[from] drain|[of] p1a: Primarina
|-damage|p2a: Venusaur|79/100|[from] item: Life Orb
|move|p1a: Primarina|Moonblast|p2a: Venusaur
|-resisted|p2a: Venusaur
|-damage|p2a: Venusaur|48/100
|-unboost|p2a: Venusaur|spa|1
|
|-weather|SunnyDay|[upkeep]
|-heal|p2a: Venusaur|54/100|[from] Grassy Terrain
|-heal|p1a: Primarina|94/100|[from] Grassy Terrain
|upkeep
|turn|9
|
|t:|1776319705
|switch|p1a: Skarmory|Skarmory, F|100/100
|move|p2a: Venusaur|Giga Drain|p1a: Skarmory
|-resisted|p1a: Skarmory
|-damage|p1a: Skarmory|72/100
|-heal|p2a: Venusaur|70/100|[from] drain|[of] p1a: Skarmory
|-damage|p2a: Venusaur|60/100|[from] item: Life Orb
|
|-weather|SunnyDay|[upkeep]
|-heal|p2a: Venusaur|66/100|[from] Grassy Terrain
|-fieldend|move: Grassy Terrain
|upkeep
|turn|10
|
|t:|1776319717
|switch|p1a: Rillaboom|Rillaboom, M|100/100
|-fieldstart|move: Grassy Terrain|[from] ability: Grassy Surge|[of] p1a: Rillaboom
|move|p2a: Venusaur|Weather Ball|p1a: Rillaboom
|-supereffective|p1a: Rillaboom
|-damage|p1a: Rillaboom|0 fnt
|faint|p1a: Rillaboom
|-damage|p2a: Venusaur|56/100|[from] item: Life Orb
|
|-weather|SunnyDay|[upkeep]
|-heal|p2a: Venusaur|62/100|[from] Grassy Terrain
|upkeep
|
|t:|1776319718
|switch|p1a: Hawlucha|Hawlucha, F|100/100
|-enditem|p1a: Hawlucha|Grassy Seed
|-boost|p1a: Hawlucha|def|1|[from] item: Grassy Seed
|turn|11
|
|t:|1776319729
|switch|p2a: Kingambit|Kingambit, F|100/100
|-activate|p2a: Kingambit|ability: Supreme Overlord
|-start|p2a: Kingambit|fallen1|[silent]
|-item|p2a: Kingambit|Air Balloon
|move|p1a: Hawlucha|Acrobatics|p2a: Kingambit
|-resisted|p2a: Kingambit
|-crit|p2a: Kingambit
|-damage|p2a: Kingambit|69/100
|-enditem|p2a: Kingambit|Air Balloon
|
|-weather|SunnyDay|[upkeep]
|-heal|p2a: Kingambit|75/100|[from] Grassy Terrain
|upkeep
|turn|12
|
|t:|1776319741
|move|p1a: Hawlucha|Swords Dance|p1a: Hawlucha
|-boost|p1a: Hawlucha|atk|2
|move|p2a: Kingambit|Iron Head|p1a: Hawlucha
|-damage|p1a: Hawlucha|53/100
|
|-weather|none
|-heal|p2a: Kingambit|81/100|[from] Grassy Terrain
|upkeep
|turn|13
|
|t:|1776319752
|-end|p2a: Kingambit|fallen1|[silent]
|switch|p2a: Great Tusk|Great Tusk|100/100
|move|p1a: Hawlucha|Close Combat|p2a: Great Tusk
|-damage|p2a: Great Tusk|35/100
|-unboost|p1a: Hawlucha|def|1
|-unboost|p1a: Hawlucha|spd|1
|
|-heal|p2a: Great Tusk|41/100|[from] Grassy Terrain
|upkeep
|turn|14
|
|t:|1776319758
|move|p1a: Hawlucha|Acrobatics|p2a: Great Tusk
|-supereffective|p2a: Great Tusk
|-damage|p2a: Great Tusk|0 fnt
|faint|p2a: Great Tusk
|-end|p2a: Great Tusk|Protosynthesis|[silent]
|
|-fieldend|move: Grassy Terrain
|upkeep
|
|t:|1776319764
|switch|p2a: Kingambit|Kingambit, F|81/100
|-activate|p2a: Kingambit|ability: Supreme Overlord
|-start|p2a: Kingambit|fallen2|[silent]
|turn|15
|
|t:|1776319769
|-end|p2a: Kingambit|fallen2|[silent]
|switch|p2a: Ninetales|Ninetales, F|85/100
|-weather|SunnyDay|[from] ability: Drought|[of] p2a: Ninetales
|move|p1a: Hawlucha|Close Combat|p2a: Ninetales
|-damage|p2a: Ninetales|0 fnt
|-unboost|p1a: Hawlucha|def|1
|-unboost|p1a: Hawlucha|spd|1
|faint|p2a: Ninetales
|
|-weather|SunnyDay|[upkeep]
|upkeep
|
|t:|1776319776
|switch|p2a: Kingambit|Kingambit, F|81/100
|-activate|p2a: Kingambit|ability: Supreme Overlord
|-start|p2a: Kingambit|fallen3|[silent]
|turn|16
|
|t:|1776319781
|move|p2a: Kingambit|Sucker Punch||[still]
|-fail|p2a: Kingambit
|move|p1a: Hawlucha|Encore|p2a: Kingambit
|-start|p2a: Kingambit|Encore
|
|-weather|SunnyDay|[upkeep]
|upkeep
|turn|17
|
|t:|1776319787
|move|p2a: Kingambit|Sucker Punch||[still]
|-fail|p2a: Kingambit
|move|p1a: Hawlucha|Swords Dance|p1a: Hawlucha
|-boost|p1a: Hawlucha|atk|2
|
|-weather|SunnyDay|[upkeep]
|upkeep
|turn|18
|
|t:|1776319793
|move|p2a: Kingambit|Sucker Punch||[still]
|-fail|p2a: Kingambit
|move|p1a: Hawlucha|Swords Dance|p1a: Hawlucha
|-boost|p1a: Hawlucha|atk|2
|
|-weather|SunnyDay|[upkeep]
|upkeep
|turn|19
|
|t:|1776319798
|move|p2a: Kingambit|Sucker Punch||[still]
|-fail|p2a: Kingambit
|move|p1a: Hawlucha|Swords Dance|p1a: Hawlucha
|-boost|p1a: Hawlucha|atk|0
|
|-weather|SunnyDay|[upkeep]
|-end|p2a: Kingambit|Encore
|upkeep
|turn|20
|
|t:|1776319804
|move|p2a: Kingambit|Sucker Punch||[still]
|-fail|p2a: Kingambit
|move|p1a: Hawlucha|Encore|p2a: Kingambit
|-start|p2a: Kingambit|Encore
|
|-weather|SunnyDay|[upkeep]
|upkeep
|turn|21
|
|t:|1776319810
|move|p2a: Kingambit|Sucker Punch||[still]
|-fail|p2a: Kingambit
|move|p1a: Hawlucha|Swords Dance|p1a: Hawlucha
|-boost|p1a: Hawlucha|atk|0
|
|-weather|SunnyDay|[upkeep]
|upkeep
|turn|22
|
|t:|1776319821
|-end|p2a: Kingambit|fallen3|[silent]
|switch|p2a: Venusaur|Venusaur, M|62/100
|move|p1a: Hawlucha|Swords Dance|p1a: Hawlucha
|-boost|p1a: Hawlucha|atk|0
|
|-weather|none
|upkeep
|turn|23
|
|t:|1776319826
|move|p1a: Hawlucha|Acrobatics|p2a: Venusaur
|-supereffective|p2a: Venusaur
|-damage|p2a: Venusaur|0 fnt
|faint|p2a: Venusaur
|
|upkeep
|
|t:|1776319832
|switch|p2a: Kingambit|Kingambit, F|81/100
|-activate|p2a: Kingambit|ability: Supreme Overlord
|-start|p2a: Kingambit|fallen4|[silent]
|turn|24
|
|t:|1776319838
|move|p2a: Kingambit|Sucker Punch||[still]
|-fail|p2a: Kingambit
|move|p1a: Hawlucha|Encore|p2a: Kingambit
|-start|p2a: Kingambit|Encore
|
|upkeep
|turn|25
|
|t:|1776319844
|-end|p2a: Kingambit|fallen4|[silent]
|switch|p2a: Walking Wake|Walking Wake|100/100
|move|p1a: Hawlucha|Swords Dance|p1a: Hawlucha
|-boost|p1a: Hawlucha|atk|0
|
|upkeep
|turn|26
|
|t:|1776319849
|move|p1a: Hawlucha|Acrobatics|p2a: Walking Wake
|-damage|p2a: Walking Wake|0 fnt
|faint|p2a: Walking Wake
|-end|p2a: Walking Wake|Protosynthesis|[silent]
|
|upkeep
|
|t:|1776319855
|switch|p2a: Kingambit|Kingambit, F|81/100
|-activate|p2a: Kingambit|ability: Supreme Overlord
|-start|p2a: Kingambit|fallen5|[silent]
|turn|27
|
|t:|1776319861
|move|p2a: Kingambit|Sucker Punch|p1a: Hawlucha
|-resisted|p1a: Hawlucha
|-crit|p1a: Hawlucha
|-damage|p1a: Hawlucha|0 fnt
|faint|p1a: Hawlucha
|
|upkeep
|
|t:|1776319864
|switch|p1a: Great Tusk|Great Tusk|100/100
|-enditem|p1a: Great Tusk|Booster Energy
|-activate|p1a: Great Tusk|ability: Protosynthesis|[fromitem]
|-start|p1a: Great Tusk|protosynthesisspe
|turn|28
|
|t:|1776319874
|move|p1a: Great Tusk|Headlong Rush|p2a: Kingambit
|-supereffective|p2a: Kingambit
|-damage|p2a: Kingambit|2/100
|-unboost|p1a: Great Tusk|def|1
|-unboost|p1a: Great Tusk|spd|1
|move|p2a: Kingambit|Iron Head|p1a: Great Tusk
|-damage|p1a: Great Tusk|35/100
|
|upkeep
|turn|29
|
|t:|1776319884
|move|p1a: Great Tusk|Rapid Spin|p2a: Kingambit
|-resisted|p2a: Kingambit
|-damage|p2a: Kingambit|0 fnt
|-boost|p1a: Great Tusk|spe|1
|faint|p2a: Kingambit
|-end|p2a: Kingambit|fallen5|[silent]
|
|win|Malexrocks
|raw|Malexrocks's rating: 1523 &rarr; <strong>1539</strong><br />(+16 for winning)
|raw|M4teo010101's rating: 1452 &rarr; <strong>1436</strong><br />(-16 for losing)
