|html|<div class="broadcast-blue"><strong>[Gen 9] OU is currently suspecting Tera Blast! For information on how to participate check out the <a href="https://www.smogon.com/tools/suspects/view/200">suspect thread</a>.</strong></div>
|j|☆Schmoobis
|j|☆bterry619
|t:|1776058192
|gametype|singles
|player|p1|Schmoobis|clown|1208
|player|p2|bterry619|102|1216
|gen|9
|tier|[Gen 9] OU
|rated|
|rule|HP Percentage Mod: HP is shown in percentages
|rule|Endless Battle Clause: Forcing endless battles is banned
|rule|Species Clause: Limit one of each Pokémon
|rule|OHKO Clause: OHKO moves are banned
|rule|Evasion Items Clause: Evasion items are banned
|rule|Evasion Moves Clause: Evasion moves are banned
|rule|Evasion Abilities Clause: Evasion abilities are banned
|rule|Sleep Moves Clause: Sleep-inducing moves are banned
|clearpoke
|poke|p1|Tyranitar, M|
|poke|p1|Hippowdon, M|
|poke|p1|Scizor, F|
|poke|p1|Hydrapple, F|
|poke|p1|Moltres|
|poke|p1|Greninja-*, M|
|poke|p2|Iron Treads|
|poke|p2|Dragonite, M|
|poke|p2|Corviknight, M|
|poke|p2|Blaziken, F|
|poke|p2|Conkeldurr, F|
|poke|p2|Clodsire, M|
|teampreview
|inactive|Battle timer is ON: inactive players will automatically lose when time's up. (requested by bterry619)
|
|t:|1776058202
|teamsize|p1|6
|teamsize|p2|6
|start
|switch|p1a: Scizor|Scizor, F|100/100
|switch|p2a: Clodsire|Clodsire, M|100/100
|turn|1
|
|t:|1776058211
|move|p1a: Scizor|Dual Wingbeat|p2a: Clodsire
|-damage|p2a: Clodsire|60/100
|-damage|p2a: Clodsire|24/100
|-hitcount|p2a: Clodsire|2
|move|p2a: Clodsire|Toxic Spikes|p1a: Scizor
|-sidestart|p1: Schmoobis|move: Toxic Spikes
|
|-heal|p2a: Clodsire|30/100|[from] item: Black Sludge
|upkeep
|turn|2
|
|t:|1776058220
|switch|p2a: Corviknight|Corviknight, M|100/100
|-ability|p2a: Corviknight|Pressure
|move|p1a: Scizor|Dual Wingbeat|p2a: Corviknight
|-resisted|p2a: Corviknight
|-damage|p2a: Corviknight|91/100
|-damage|p1a: Scizor|84/100|[from] item: Rocky Helmet|[of] p2a: Corviknight
|-resisted|p2a: Corviknight
|-damage|p2a: Corviknight|80/100
|-damage|p1a: Scizor|67/100|[from] item: Rocky Helmet|[of] p2a: Corviknight
|-hitcount|p2a: Corviknight|2
|
|upkeep
|turn|3
|
|t:|1776058234
|switch|p1a: Moltres|Moltres|100/100
|-ability|p1a: Moltres|Pressure
|move|p2a: Corviknight|Brave Bird|p1a: Moltres
|-damage|p1a: Moltres|77/100
|-damage|p2a: Corviknight|73/100|[from] Recoil
|
|upkeep
|turn|4
|
|t:|1776058247
|switch|p2a: Clodsire|Clodsire, M|30/100
|move|p1a: Moltres|Flamethrower|p2a: Clodsire
|-damage|p2a: Clodsire|10/100
|
|-heal|p2a: Clodsire|16/100|[from] item: Black Sludge
|upkeep
|turn|5
|
|t:|1776058256
|move|p1a: Moltres|Flamethrower|p2a: Clodsire
|-damage|p2a: Clodsire|0 fnt
|faint|p2a: Clodsire
|
|upkeep
|
|t:|1776058260
|switch|p2a: Dragonite|Dragonite, M|100/100
|turn|6
|
|t:|1776058266
|move|p2a: Dragonite|Dragon Dance|p2a: Dragonite
|-boost|p2a: Dragonite|atk|1
|-boost|p2a: Dragonite|spe|1
|move|p1a: Moltres|Will-O-Wisp|p2a: Dragonite
|-status|p2a: Dragonite|brn
|
|-damage|p2a: Dragonite|94/100 brn|[from] brn
|upkeep
|turn|7
|
|t:|1776058276
|move|p2a: Dragonite|Dragon Dance|p2a: Dragonite
|-boost|p2a: Dragonite|atk|1
|-boost|p2a: Dragonite|spe|1
|move|p1a: Moltres|U-turn|p2a: Dragonite
|-resisted|p2a: Dragonite
|-damage|p2a: Dragonite|87/100 brn
|
|t:|1776058283
|switch|p1a: Tyranitar|Tyranitar, M|100/100|[from] U-turn
|-status|p1a: Tyranitar|psn
|-weather|Sandstorm|[from] ability: Sand Stream|[of] p1a: Tyranitar
|
|-weather|Sandstorm|[upkeep]
|-damage|p2a: Dragonite|80/100 brn|[from] Sandstorm
|-damage|p1a: Tyranitar|88/100 psn|[from] psn
|-damage|p2a: Dragonite|74/100 brn|[from] brn
|upkeep
|turn|8
|
|t:|1776058294
|move|p2a: Dragonite|Dragon Claw|p1a: Tyranitar
|-damage|p1a: Tyranitar|51/100 psn
|move|p1a: Tyranitar|Ice Punch|p2a: Dragonite
|-supereffective|p2a: Dragonite
|-damage|p2a: Dragonite|0 fnt
|faint|p2a: Dragonite
|
|-weather|Sandstorm|[upkeep]
|-damage|p1a: Tyranitar|39/100 psn|[from] psn
|upkeep
|
|t:|1776058311
|switch|p2a: Conkeldurr|Conkeldurr, F|100/100
|turn|9
|
|t:|1776058319
|-terastallize|p1a: Tyranitar|Ghost
|move|p1a: Tyranitar|Knock Off|p2a: Conkeldurr
|-resisted|p2a: Conkeldurr
|-damage|p2a: Conkeldurr|74/100
|-enditem|p2a: Conkeldurr|Flame Orb|[from] move: Knock Off|[of] p1a: Tyranitar
|move|p2a: Conkeldurr|Thunder Punch|p1a: Tyranitar
|-damage|p1a: Tyranitar|16/100 psn
|
|-weather|Sandstorm|[upkeep]
|-damage|p1a: Tyranitar|10/100 psn|[from] Sandstorm
|-damage|p2a: Conkeldurr|68/100|[from] Sandstorm
|-damage|p1a: Tyranitar|0 fnt|[from] psn
|faint|p1a: Tyranitar
|upkeep
|
|t:|1776058334
|switch|p1a: Moltres|Moltres|77/100
|-ability|p1a: Moltres|Pressure
|turn|10
|
|t:|1776058341
|move|p2a: Conkeldurr|Mach Punch|p1a: Moltres
|-resisted|p1a: Moltres
|-damage|p1a: Moltres|69/100
|move|p1a: Moltres|Flamethrower|p2a: Conkeldurr
|-damage|p2a: Conkeldurr|25/100
|
|-weather|Sandstorm|[upkeep]
|-damage|p1a: Moltres|63/100|[from] Sandstorm
|-damage|p2a: Conkeldurr|19/100|[from] Sandstorm
|upkeep
|turn|11
|
|t:|1776058351
|move|p2a: Conkeldurr|Mach Punch|p1a: Moltres
|-resisted|p1a: Moltres
|-damage|p1a: Moltres|54/100
|move|p1a: Moltres|Flamethrower|p2a: Conkeldurr
|-damage|p2a: Conkeldurr|0 fnt
|faint|p2a: Conkeldurr
|
|-weather|none
|upkeep
|
|t:|1776058355
|switch|p2a: Blaziken|Blaziken, F|100/100
|turn|12
|
|t:|1776058364
|switch|p1a: Hippowdon|Hippowdon, M|100/100
|-status|p1a: Hippowdon|psn
|-weather|Sandstorm|[from] ability: Sand Stream|[of] p1a: Hippowdon
|move|p2a: Blaziken|Swords Dance|p2a: Blaziken
|-boost|p2a: Blaziken|atk|2
|
|-weather|Sandstorm|[upkeep]
|-damage|p2a: Blaziken|95/100|[from] Sandstorm
|-damage|p1a: Hippowdon|88/100 psn|[from] psn
|-ability|p2a: Blaziken|Speed Boost|boost
|-boost|p2a: Blaziken|spe|1
|upkeep
|turn|13
|
|t:|1776058377
|-terastallize|p2a: Blaziken|Fire
|move|p2a: Blaziken|Flare Blitz|p1a: Hippowdon
|-damage|p1a: Hippowdon|0 fnt
|faint|p1a: Hippowdon
|-damage|p2a: Blaziken|54/100|[from] Recoil
|
|-weather|Sandstorm|[upkeep]
|-damage|p2a: Blaziken|48/100|[from] Sandstorm
|-ability|p2a: Blaziken|Speed Boost|boost
|-boost|p2a: Blaziken|spe|1
|upkeep
|
|t:|1776058394
|switch|p1a: Hydrapple|Hydrapple, F|100/100
|-status|p1a: Hydrapple|psn
|turn|14
|
|t:|1776058402
|move|p2a: Blaziken|Close Combat|p1a: Hydrapple
|-crit|p1a: Hydrapple
|-damage|p1a: Hydrapple|0 fnt
|-unboost|p2a: Blaziken|def|1
|-unboost|p2a: Blaziken|spd|1
|-damage|p2a: Blaziken|32/100|[from] item: Rocky Helmet|[of] p1a: Hydrapple
|faint|p1a: Hydrapple
|
|-weather|Sandstorm|[upkeep]
|-damage|p2a: Blaziken|26/100|[from] Sandstorm
|-ability|p2a: Blaziken|Speed Boost|boost
|-boost|p2a: Blaziken|spe|1
|upkeep
|
|t:|1776058418
|switch|p1a: Scizor|Scizor, F|67/100
|turn|15
|
|t:|1776058422
|switch|p2a: Corviknight|Corviknight, M|73/100
|-ability|p2a: Corviknight|Pressure
|move|p1a: Scizor|Bullet Punch|p2a: Corviknight
|-resisted|p2a: Corviknight
|-damage|p2a: Corviknight|59/100
|-damage|p1a: Scizor|51/100|[from] item: Rocky Helmet|[of] p2a: Corviknight
|
|-weather|Sandstorm|[upkeep]
|upkeep
|turn|16
|
|t:|1776058433
|switch|p1a: Moltres|Moltres|54/100
|-ability|p1a: Moltres|Pressure
|move|p2a: Corviknight|Brave Bird|p1a: Moltres
|-damage|p1a: Moltres|28/100
|-damage|p2a: Corviknight|50/100|[from] Recoil
|
|-weather|Sandstorm|[upkeep]
|-damage|p1a: Moltres|22/100|[from] Sandstorm
|upkeep
|turn|17
|
|t:|1776058444
|move|p1a: Moltres|Flamethrower|p2a: Corviknight
|-supereffective|p2a: Corviknight
|-damage|p2a: Corviknight|0 fnt
|faint|p2a: Corviknight
|
|-weather|Sandstorm|[upkeep]
|-damage|p1a: Moltres|16/100|[from] Sandstorm
|upkeep
|
|t:|1776058449
|switch|p2a: Iron Treads|Iron Treads|100/100
|-enditem|p2a: Iron Treads|Booster Energy
|-activate|p2a: Iron Treads|ability: Quark Drive|[fromitem]
|-start|p2a: Iron Treads|quarkdrivespe
|turn|18
|
|t:|1776058455
|move|p2a: Iron Treads|Knock Off|p1a: Moltres
|-damage|p1a: Moltres|0 fnt
|-enditem|p1a: Moltres|Heavy-Duty Boots|[from] move: Knock Off|[of] p2a: Iron Treads
|faint|p1a: Moltres
|
|-weather|Sandstorm|[upkeep]
|upkeep
|
|t:|1776058462
|switch|p1a: Scizor|Scizor, F|51/100
|turn|19
|
|t:|1776058466
|move|p2a: Iron Treads|Earthquake|p1a: Scizor
|-damage|p1a: Scizor|5/100
|move|p1a: Scizor|Close Combat|p2a: Iron Treads
|-supereffective|p2a: Iron Treads
|-damage|p2a: Iron Treads|0 fnt
|-unboost|p1a: Scizor|def|1
|-unboost|p1a: Scizor|spd|1
|faint|p2a: Iron Treads
|-end|p2a: Iron Treads|Quark Drive|[silent]
|
|-weather|none
|upkeep
|
|t:|1776058469
|switch|p2a: Blaziken|Blaziken, F, tera:Fire|26/100
|turn|20
|
|t:|1776058480
|move|p2a: Blaziken|Protect|p2a: Blaziken
|-singleturn|p2a: Blaziken|Protect
|move|p1a: Scizor|Close Combat|p2a: Blaziken
|-activate|p2a: Blaziken|move: Protect
|
|-ability|p2a: Blaziken|Speed Boost|boost
|-boost|p2a: Blaziken|spe|1
|upkeep
|turn|21
|
|t:|1776058489
|move|p2a: Blaziken|Close Combat|p1a: Scizor
|-damage|p1a: Scizor|0 fnt
|-unboost|p2a: Blaziken|def|1
|-unboost|p2a: Blaziken|spd|1
|faint|p1a: Scizor
|
|-ability|p2a: Blaziken|Speed Boost|boost
|-boost|p2a: Blaziken|spe|1
|upkeep
|
|t:|1776058498
|switch|p1a: Greninja|Greninja, M|100/100
|-status|p1a: Greninja|psn
|turn|22
|
|t:|1776058502
|move|p2a: Blaziken|Protect|p2a: Blaziken
|-singleturn|p2a: Blaziken|Protect
|move|p1a: Greninja|Water Shuriken|p2a: Blaziken
|-activate|p2a: Blaziken|move: Protect
|
|-damage|p1a: Greninja|88/100 psn|[from] psn
|-ability|p2a: Blaziken|Speed Boost|boost
|-boost|p2a: Blaziken|spe|1
|upkeep
|turn|23
|
|t:|1776058512
|move|p1a: Greninja|Water Shuriken|p2a: Blaziken
|-supereffective|p2a: Blaziken
|-damage|p2a: Blaziken|0 fnt
|faint|p2a: Blaziken
|-hitcount|p2: Blaziken|1
|-damage|p1a: Greninja|78/100 psn|[from] item: Life Orb
|
|win|Schmoobis
|raw|Schmoobis's rating: 1208 &rarr; <strong>1234</strong><br />(+26 for winning)
|raw|bterry619's rating: 1216 &rarr; <strong>1190</strong><br />(-26 for losing)
|l|☆bterry619
|player|p2|
|l|☆Schmoobis
|player|p1|
