|html|<div class="broadcast-blue"><strong>[Gen 9] OU is currently suspecting Tera Blast! For information on how to participate check out the <a href="https://www.smogon.com/tools/suspects/view/200">suspect thread</a>.</strong></div>
|j|☆Luceo
|j|☆cafecr
|t:|1776057943
|gametype|singles
|player|p1|Luceo|cynthia-masters4|1568
|player|p2|cafecr|169|1472
|gen|9
|tier|[Gen 9] OU
|rated|
|rule|HP Percentage Mod: HP is shown in percentages
|rule|Endless Battle Clause: Forcing endless battles is banned
|rule|Species Clause: Limit one of each Pokémon
|rule|OHKO Clause: OHKO moves are banned
|rule|Evasion Items Clause: Evasion items are banned
|rule|Evasion Moves Clause: Evasion moves are banned
|rule|Evasion Abilities Clause: Evasion abilities are banned
|rule|Sleep Moves Clause: Sleep-inducing moves are banned
|clearpoke
|poke|p1|Weavile, F|
|poke|p1|Zamazenta-*|
|poke|p1|Ting-Lu|
|poke|p1|Sinistcha|
|poke|p1|Slowking-Galar, M|
|poke|p1|Skarmory, M|
|poke|p2|Torkoal, F|
|poke|p2|Venusaur, M|
|poke|p2|Walking Wake|
|poke|p2|Hatterene, F|
|poke|p2|Great Tusk|
|poke|p2|Ceruledge, F|
|teampreview
|inactive|Battle timer is ON: inactive players will automatically lose when time's up. (requested by Luceo)
|inactive|cafecr also wants the timer to be on.
|
|t:|1776057962
|teamsize|p1|6
|teamsize|p2|6
|start
|switch|p1a: Slowking|Slowking-Galar, M|100/100
|switch|p2a: Torkoal|Torkoal, F|100/100
|-weather|SunnyDay|[from] ability: Drought|[of] p2a: Torkoal
|turn|1
|
|t:|1776057966
|switch|p2a: Hatterene|Hatterene, F, shiny|100/100
|-prepare|p1a: Slowking|Chilly Reception|[premajor]
|move|p1a: Slowking|Chilly Reception|p1a: Slowking
|-weather|Snowscape
|
|t:|1776057987
|switch|p1a: Sinistcha|Sinistcha|100/100|[from] Chilly Reception
|
|-weather|Snowscape|[upkeep]
|upkeep
|turn|2
|
|t:|1776057991
|switch|p2a: Torkoal|Torkoal, F|100/100
|-weather|SunnyDay|[from] ability: Drought|[of] p2a: Torkoal
|move|p1a: Sinistcha|Shadow Ball|p2a: Torkoal
|-damage|p2a: Torkoal|61/100
|-unboost|p2a: Torkoal|spd|1
|
|-weather|SunnyDay|[upkeep]
|upkeep
|turn|3
|
|t:|1776057997
|switch|p2a: Don|Great Tusk, shiny|100/100
|-activate|p2a: Don|ability: Protosynthesis
|-start|p2a: Don|protosynthesisatk
|move|p1a: Sinistcha|Shadow Ball|p2a: Don
|-damage|p2a: Don|53/100
|
|-weather|SunnyDay|[upkeep]
|upkeep
|turn|4
|
|t:|1776058005
|move|p2a: Don|Temper Flare|p1a: Sinistcha
|-supereffective|p1a: Sinistcha
|-damage|p1a: Sinistcha|66/100
|move|p1a: Sinistcha|Matcha Gotcha|p2a: Don
|-supereffective|p2a: Don
|-damage|p2a: Don|0 fnt
|-heal|p1a: Sinistcha|95/100|[from] drain|[of] p2a: Don
|faint|p2a: Don
|-end|p2a: Don|Protosynthesis|[silent]
|
|-weather|SunnyDay|[upkeep]
|upkeep
|
|t:|1776058010
|switch|p2a: Ceruledge|Ceruledge, F|100/100
|turn|5
|inactive|Luceo has 120 seconds left.
|inactive|Luceo has 90 seconds left.
|
|t:|1776058084
|-terastallize|p1a: Sinistcha|Poison
|move|p2a: Ceruledge|Swords Dance|p2a: Ceruledge
|-boost|p2a: Ceruledge|atk|2
|move|p1a: Sinistcha|Shadow Ball|p2a: Ceruledge
|-supereffective|p2a: Ceruledge
|-damage|p2a: Ceruledge|20/100
|-unboost|p2a: Ceruledge|spd|1
|
|-weather|SunnyDay|[upkeep]
|upkeep
|turn|6
|
|t:|1776058100
|move|p2a: Ceruledge|Bitter Blade|p1a: Sinistcha
|-damage|p1a: Sinistcha|48/100
|-heal|p2a: Ceruledge|48/100|[from] drain|[of] p1a: Sinistcha
|move|p1a: Sinistcha|Strength Sap|p2a: Ceruledge
|-unboost|p2a: Ceruledge|atk|1
|-heal|p1a: Sinistcha|100/100
|
|-weather|SunnyDay|[upkeep]
|upkeep
|turn|7
|
|t:|1776058106
|move|p2a: Ceruledge|Bitter Blade|p1a: Sinistcha
|-damage|p1a: Sinistcha|63/100
|-heal|p2a: Ceruledge|71/100|[from] drain|[of] p1a: Sinistcha
|move|p1a: Sinistcha|Shadow Ball|p2a: Ceruledge
|-supereffective|p2a: Ceruledge
|-damage|p2a: Ceruledge|0 fnt
|faint|p2a: Ceruledge
|
|-weather|SunnyDay|[upkeep]
|upkeep
|
|t:|1776058112
|switch|p2a: Walking Wake|Walking Wake|100/100
|-activate|p2a: Walking Wake|ability: Protosynthesis
|-start|p2a: Walking Wake|protosynthesisspa
|turn|8
|inactive|Luceo has 90 seconds left.
|
|t:|1776058142
|move|p2a: Walking Wake|Hydro Steam|p1a: Sinistcha
|-damage|p1a: Sinistcha|0 fnt
|faint|p1a: Sinistcha
|
|-weather|SunnyDay|[upkeep]
|upkeep
|
|t:|1776058148
|switch|p1a: Slowking|Slowking-Galar, M|100/100
|turn|9
|
|t:|1776058154
|-terastallize|p2a: Walking Wake|Water
|move|p2a: Walking Wake|Hydro Steam|p1a: Slowking
|-damage|p1a: Slowking|0 fnt
|faint|p1a: Slowking
|
|-weather|none
|-end|p2a: Walking Wake|Protosynthesis
|upkeep
|
|t:|1776058163
|switch|p1a: Weavile|Weavile, F|100/100
|-ability|p1a: Weavile|Pressure
|turn|10
|
|t:|1776058169
|-end|p2a: Walking Wake|Protosynthesis|[silent]
|switch|p2a: Torkoal|Torkoal, F|61/100
|-weather|SunnyDay|[from] ability: Drought|[of] p2a: Torkoal
|move|p1a: Weavile|Knock Off|p2a: Torkoal
|-damage|p2a: Torkoal|24/100
|-enditem|p2a: Torkoal|Heat Rock|[from] move: Knock Off|[of] p1a: Weavile
|
|-weather|SunnyDay|[upkeep]
|upkeep
|turn|11
|
|t:|1776058177
|switch|p2a: Hatterene|Hatterene, F, shiny|100/100
|move|p1a: Weavile|Knock Off|p2a: Hatterene
|-damage|p2a: Hatterene|54/100
|-enditem|p2a: Hatterene|Eject Button|[from] move: Knock Off|[of] p1a: Weavile
|
|-weather|SunnyDay|[upkeep]
|upkeep
|turn|12
|
|t:|1776058182
|move|p1a: Weavile|Triple Axel|p2a: Hatterene
|-damage|p2a: Hatterene|45/100
|-damage|p2a: Hatterene|25/100
|-hitcount|p2a: Hatterene|2
|move|p2a: Hatterene|Mystical Fire|p1a: Weavile
|-supereffective|p1a: Weavile
|-damage|p1a: Weavile|13/100
|-unboost|p1a: Weavile|spa|1
|
|-weather|SunnyDay|[upkeep]
|upkeep
|turn|13
|
|t:|1776058192
|move|p1a: Weavile|Knock Off|p2a: Hatterene
|-damage|p2a: Hatterene|0 fnt
|faint|p2a: Hatterene
|
|-weather|SunnyDay|[upkeep]
|upkeep
|
|t:|1776058195
|switch|p2a: Venusaur|Venusaur, M|100/100
|turn|14
|inactive|Luceo has 120 seconds left.
|
|t:|1776058203
|switch|p1a: Skarmory|Skarmory, M|100/100
|move|p2a: Venusaur|Giga Drain|p1a: Skarmory
|-resisted|p1a: Skarmory
|-damage|p1a: Skarmory|85/100
|-damage|p2a: Venusaur|91/100|[from] item: Life Orb
|
|-weather|SunnyDay|[upkeep]
|upkeep
|turn|15
|inactive|Luceo has 120 seconds left.
|
|t:|1776058223
|switch|p2a: Walking Wake|Walking Wake, tera:Water|100/100
|-activate|p2a: Walking Wake|ability: Protosynthesis
|-start|p2a: Walking Wake|protosynthesisspa
|move|p1a: Skarmory|Body Press|p2a: Walking Wake
|-damage|p2a: Walking Wake|67/100
|
|-weather|SunnyDay|[upkeep]
|upkeep
|turn|16
|
|t:|1776058227
|move|p2a: Walking Wake|Hydro Steam|p1a: Skarmory
|-damage|p1a: Skarmory|0 fnt
|faint|p1a: Skarmory
|
|-weather|SunnyDay|[upkeep]
|upkeep
|inactive|Luceo has 120 seconds left.
|
|t:|1776058261
|switch|p1a: Ting-Lu|Ting-Lu|100/100
|-ability|p1a: Ting-Lu|Vessel of Ruin
|turn|17
|
|t:|1776058264
|move|p2a: Walking Wake|Hydro Steam|p1a: Ting-Lu
|-supereffective|p1a: Ting-Lu
|-damage|p1a: Ting-Lu|0 fnt
|faint|p1a: Ting-Lu
|
|-weather|none
|-end|p2a: Walking Wake|Protosynthesis
|upkeep
|
|t:|1776058272
|switch|p1a: Zamazenta|Zamazenta|100/100
|-ability|p1a: Zamazenta|Dauntless Shield|boost
|-boost|p1a: Zamazenta|def|1
|turn|18
|
|t:|1776058278
|-end|p2a: Walking Wake|Protosynthesis|[silent]
|switch|p2a: Torkoal|Torkoal, F|24/100
|-weather|SunnyDay|[from] ability: Drought|[of] p2a: Torkoal
|move|p1a: Zamazenta|Stone Edge|p2a: Torkoal
|-supereffective|p2a: Torkoal
|-damage|p2a: Torkoal|0 fnt
|faint|p2a: Torkoal
|
|-weather|SunnyDay|[upkeep]
|upkeep
|
|t:|1776058283
|switch|p2a: Venusaur|Venusaur, M|91/100
|turn|19
|inactive|Luceo has 120 seconds left.
|
|t:|1776058300
|move|p2a: Venusaur|Growth|p2a: Venusaur
|-boost|p2a: Venusaur|atk|2
|-boost|p2a: Venusaur|spa|2
|move|p1a: Zamazenta|Stone Edge|p2a: Venusaur|[miss]
|-miss|p1a: Zamazenta|p2a: Venusaur
|
|-weather|SunnyDay|[upkeep]
|upkeep
|turn|20
|
|t:|1776058306
|move|p2a: Venusaur|Giga Drain|p1a: Zamazenta
|-damage|p1a: Zamazenta|18/100
|-heal|p2a: Venusaur|100/100|[from] drain|[of] p1a: Zamazenta
|-damage|p2a: Venusaur|91/100|[from] item: Life Orb
|move|p1a: Zamazenta|Roar|p2a: Venusaur
|drag|p2a: Walking Wake|Walking Wake, tera:Water|67/100
|-activate|p2a: Walking Wake|ability: Protosynthesis
|-start|p2a: Walking Wake|protosynthesisspa
|
|-weather|SunnyDay|[upkeep]
|upkeep
|turn|21
|
|t:|1776058310
|move|p1a: Zamazenta|Close Combat|p2a: Walking Wake
|-damage|p2a: Walking Wake|1/100
|-unboost|p1a: Zamazenta|def|1
|-unboost|p1a: Zamazenta|spd|1
|move|p2a: Walking Wake|Hydro Steam|p1a: Zamazenta
|-damage|p1a: Zamazenta|0 fnt
|faint|p1a: Zamazenta
|
|-weather|SunnyDay|[upkeep]
|upkeep
|
|t:|1776058313
|switch|p1a: Weavile|Weavile, F|13/100
|-ability|p1a: Weavile|Pressure
|turn|22
|
|t:|1776058317
|move|p1a: Weavile|Ice Shard|p2a: Walking Wake
|-resisted|p2a: Walking Wake
|-damage|p2a: Walking Wake|0 fnt
|faint|p2a: Walking Wake
|-end|p2a: Walking Wake|Protosynthesis|[silent]
|
|-weather|none
|upkeep
|
|t:|1776058319
|switch|p2a: Venusaur|Venusaur, M|91/100
|turn|23
|
|t:|1776058321
|move|p1a: Weavile|Triple Axel|p2a: Venusaur
|-supereffective|p2a: Venusaur
|-damage|p2a: Venusaur|64/100
|-supereffective|p2a: Venusaur
|-damage|p2a: Venusaur|11/100
|-supereffective|p2a: Venusaur
|-damage|p2a: Venusaur|0 fnt
|faint|p2a: Venusaur
|-hitcount|p2: Venusaur|3
|
|win|Luceo
|raw|Luceo's rating: 1568 &rarr; <strong>1583</strong><br />(+15 for winning)
|raw|cafecr's rating: 1472 &rarr; <strong>1457</strong><br />(-15 for losing)
|l|☆Luceo
|player|p1|
|l|☆cafecr
|player|p2|
