|html|<div class="broadcast-blue"><strong>[Gen 9] OU is currently suspecting Tera Blast! For information on how to participate check out the <a href="https://www.smogon.com/tools/suspects/view/200">suspect thread</a>.</strong></div>
|j|☆juyyhu
|j|☆abate fabs
|t:|1776100472
|gametype|singles
|player|p1|juyyhu|169|1305
|player|p2|abate fabs|touristf|1320
|gen|9
|tier|[Gen 9] OU
|rated|
|rule|HP Percentage Mod: HP is shown in percentages
|rule|Endless Battle Clause: Forcing endless battles is banned
|rule|Species Clause: Limit one of each Pokémon
|rule|OHKO Clause: OHKO moves are banned
|rule|Evasion Items Clause: Evasion items are banned
|rule|Evasion Moves Clause: Evasion moves are banned
|rule|Evasion Abilities Clause: Evasion abilities are banned
|rule|Sleep Moves Clause: Sleep-inducing moves are banned
|clearpoke
|poke|p1|Gholdengo|
|poke|p1|Iron Treads|
|poke|p1|Moltres|
|poke|p1|Samurott-Hisui, F|
|poke|p1|Sinistcha|
|poke|p1|Ting-Lu|
|poke|p2|Umbreon, F|
|poke|p2|Mandibuzz, F|
|poke|p2|Clodsire, M|
|poke|p2|Hatterene, F|
|poke|p2|Slowking, F|
|poke|p2|Crocalor, M|
|teampreview
|inactive|Battle timer is ON: inactive players will automatically lose when time's up. (requested by abate fabs)
|
|t:|1776100494
|teamsize|p1|6
|teamsize|p2|6
|start
|switch|p1a: Samurott|Samurott-Hisui, F|100/100
|switch|p2a: Checktung|Slowking, F|100/100
|turn|1
|
|t:|1776100505
|switch|p2a: Checking|Mandibuzz, F|100/100
|move|p1a: Samurott|Ceaseless Edge|p2a: Checking
|-resisted|p2a: Checking
|-damage|p2a: Checking|88/100
|-sidestart|p2: abate fabs|Spikes
|
|upkeep
|turn|2
|
|t:|1776100517
|switch|p1a: Ting-Lu|Ting-Lu|100/100
|-ability|p1a: Ting-Lu|Vessel of Ruin
|move|p2a: Checking|Toxic|p1a: Ting-Lu
|-status|p1a: Ting-Lu|tox
|
|-damage|p1a: Ting-Lu|94/100 tox|[from] psn
|upkeep
|turn|3
|
|t:|1776100541
|move|p2a: Checking|Foul Play|p1a: Ting-Lu
|-resisted|p1a: Ting-Lu
|-damage|p1a: Ting-Lu|85/100 tox
|move|p1a: Ting-Lu|Stealth Rock|p2a: Checking
|-sidestart|p2: abate fabs|move: Stealth Rock
|
|-heal|p1a: Ting-Lu|91/100 tox|[from] item: Leftovers
|-damage|p1a: Ting-Lu|79/100 tox|[from] psn
|upkeep
|turn|4
|inactive|juyyhu has 120 seconds left.
|
|t:|1776100569
|switch|p1a: Iron Treads|Iron Treads|100/100
|move|p2a: Checking|Defog|p1a: Iron Treads
|-unboost|p1a: Iron Treads|evasion|1
|-sideend|p2: abate fabs|Spikes|[from] move: Defog|[of] p2a: Checking
|-sideend|p2: abate fabs|Stealth Rock|[from] move: Defog|[of] p2a: Checking
|
|upkeep
|turn|5
|inactive|juyyhu has 120 seconds left.
|
|t:|1776100585
|move|p1a: Iron Treads|Rapid Spin|p2a: Checking
|-damage|p2a: Checking|80/100
|-boost|p1a: Iron Treads|spe|1
|move|p2a: Checking|Foul Play|p1a: Iron Treads
|-damage|p1a: Iron Treads|75/100
|
|upkeep
|turn|6
|inactive|juyyhu has 120 seconds left.
|
|t:|1776100597
|move|p1a: Iron Treads|Ice Spinner|p2a: Checking
|-supereffective|p2a: Checking
|-damage|p2a: Checking|58/100
|move|p2a: Checking|Roost|p2a: Checking
|-heal|p2a: Checking|100/100
|-singleturn|p2a: Checking|move: Roost
|
|upkeep
|turn|7
|inactive|juyyhu has 120 seconds left.
|
|t:|1776100613
|-end|p1a: Iron Treads|Quark Drive|[silent]
|switch|p1a: Ting-Lu|Ting-Lu|79/100 tox
|-ability|p1a: Ting-Lu|Vessel of Ruin
|move|p2a: Checking|Foul Play|p1a: Ting-Lu
|-resisted|p1a: Ting-Lu
|-damage|p1a: Ting-Lu|69/100 tox
|
|-heal|p1a: Ting-Lu|75/100 tox|[from] item: Leftovers
|-damage|p1a: Ting-Lu|69/100 tox|[from] psn
|upkeep
|turn|8
|
|t:|1776100625
|move|p2a: Checking|Foul Play|p1a: Ting-Lu
|-resisted|p1a: Ting-Lu
|-crit|p1a: Ting-Lu
|-damage|p1a: Ting-Lu|55/100 tox
|move|p1a: Ting-Lu|Whirlwind|p2a: Checking
|drag|p2a: Check|Hatterene, F|100/100
|
|-heal|p1a: Ting-Lu|61/100 tox|[from] item: Leftovers
|-damage|p1a: Ting-Lu|48/100 tox|[from] psn
|upkeep
|turn|9
|
|t:|1776100654
|switch|p1a: Gholdengo|Gholdengo|100/100
|move|p2a: Check|Mystical Fire|p1a: Gholdengo
|-supereffective|p1a: Gholdengo
|-damage|p1a: Gholdengo|52/100
|-unboost|p1a: Gholdengo|spa|1
|
|upkeep
|turn|10
|
|t:|1776100664
|-terastallize|p2a: Check|Water
|move|p1a: Gholdengo|Recover|p1a: Gholdengo
|-heal|p1a: Gholdengo|100/100
|move|p2a: Check|Calm Mind|p2a: Check
|-boost|p2a: Check|spa|1
|-boost|p2a: Check|spd|1
|
|upkeep
|turn|11
|inactive|juyyhu has 90 seconds left.
|
|t:|1776100697
|switch|p1a: Ting-Lu|Ting-Lu|48/100 tox
|-ability|p1a: Ting-Lu|Vessel of Ruin
|move|p2a: Check|Calm Mind|p2a: Check
|-boost|p2a: Check|spa|1
|-boost|p2a: Check|spd|1
|
|-heal|p1a: Ting-Lu|55/100 tox|[from] item: Leftovers
|-damage|p1a: Ting-Lu|48/100 tox|[from] psn
|upkeep
|turn|12
|
|t:|1776100713
|move|p1a: Ting-Lu|Ruination|p2a: Check|[miss]
|-miss|p1a: Ting-Lu|p2a: Check
|move|p2a: Check|Draining Kiss|p1a: Ting-Lu
|-supereffective|p1a: Ting-Lu
|-damage|p1a: Ting-Lu|13/100 tox
|
|-heal|p1a: Ting-Lu|20/100 tox|[from] item: Leftovers
|-damage|p1a: Ting-Lu|7/100 tox|[from] psn
|upkeep
|turn|13
|
|t:|1776100738
|move|p1a: Ting-Lu|Ruination|p2a: Check
|-damage|p2a: Check|51/100
|move|p2a: Check|Draining Kiss|p1a: Ting-Lu
|-supereffective|p1a: Ting-Lu
|-damage|p1a: Ting-Lu|0 fnt
|-heal|p2a: Check|59/100|[from] drain|[of] p1a: Ting-Lu
|faint|p1a: Ting-Lu
|
|-heal|p2a: Check|65/100|[from] item: Leftovers
|upkeep
|inactive|juyyhu has 60 seconds left.
|
|t:|1776100755
|switch|p1a: Sinistcha|Sinistcha|100/100
|turn|14
|
|t:|1776100760
|move|p1a: Sinistcha|Calm Mind|p1a: Sinistcha
|-boost|p1a: Sinistcha|spa|1
|-boost|p1a: Sinistcha|spd|1
|move|p2a: Check|Mystical Fire|p1a: Sinistcha
|-supereffective|p1a: Sinistcha
|-damage|p1a: Sinistcha|66/100
|-unboost|p1a: Sinistcha|spa|1
|
|-heal|p2a: Check|71/100|[from] item: Leftovers
|upkeep
|turn|15
|
|t:|1776100770
|move|p1a: Sinistcha|Calm Mind|p1a: Sinistcha
|-boost|p1a: Sinistcha|spa|1
|-boost|p1a: Sinistcha|spd|1
|move|p2a: Check|Mystical Fire|p1a: Sinistcha
|-supereffective|p1a: Sinistcha
|-damage|p1a: Sinistcha|40/100
|-unboost|p1a: Sinistcha|spa|1
|
|-heal|p2a: Check|77/100|[from] item: Leftovers
|upkeep
|turn|16
|
|t:|1776100782
|move|p1a: Sinistcha|Matcha Gotcha|p2a: Check
|-supereffective|p2a: Check
|-damage|p2a: Check|41/100
|-heal|p1a: Sinistcha|56/100|[from] drain|[of] p2a: Check
|move|p2a: Check|Calm Mind|p2a: Check
|-boost|p2a: Check|spa|1
|-boost|p2a: Check|spd|1
|
|-heal|p2a: Check|47/100|[from] item: Leftovers
|upkeep
|turn|17
|inactive|juyyhu has 60 seconds left.
|
|t:|1776100808
|move|p1a: Sinistcha|Calm Mind|p1a: Sinistcha
|-boost|p1a: Sinistcha|spa|1
|-boost|p1a: Sinistcha|spd|1
|move|p2a: Check|Mystical Fire|p1a: Sinistcha
|-supereffective|p1a: Sinistcha
|-damage|p1a: Sinistcha|28/100
|-unboost|p1a: Sinistcha|spa|1
|
|-heal|p2a: Check|53/100|[from] item: Leftovers
|upkeep
|turn|18
|
|t:|1776100820
|-terastallize|p1a: Sinistcha|Poison
|move|p1a: Sinistcha|Matcha Gotcha|p2a: Check
|-supereffective|p2a: Check
|-damage|p2a: Check|23/100
|-heal|p1a: Sinistcha|42/100|[from] drain|[of] p2a: Check
|-status|p2a: Check|brn
|move|p2a: Check|Draining Kiss|p1a: Sinistcha
|-resisted|p1a: Sinistcha
|-damage|p1a: Sinistcha|30/100
|-heal|p2a: Check|33/100 brn|[from] drain|[of] p1a: Sinistcha
|
|-heal|p2a: Check|39/100 brn|[from] item: Leftovers
|-damage|p2a: Check|33/100 brn|[from] brn
|upkeep
|turn|19
|
|t:|1776100837
|move|p1a: Sinistcha|Matcha Gotcha|p2a: Check
|-supereffective|p2a: Check
|-crit|p2a: Check
|-damage|p2a: Check|0 fnt
|-heal|p1a: Sinistcha|45/100|[from] drain|[of] p2a: Check
|faint|p2a: Check
|
|upkeep
|
|t:|1776100842
|switch|p2a: Checkaloo|Crocalor, M|100/100
|turn|20
|
|t:|1776100866
|move|p1a: Sinistcha|Strength Sap|p2a: Checkaloo
|-unboost|p2a: Checkaloo|atk|1
|-heal|p1a: Sinistcha|74/100
|move|p2a: Checkaloo|Fire Spin|p1a: Sinistcha
|-damage|p1a: Sinistcha|67/100
|-activate|p1a: Sinistcha|move: Fire Spin|[of] p2a: Checkaloo
|
|-damage|p1a: Sinistcha|55/100|[from] move: Fire Spin|[partiallytrapped]
|upkeep
|turn|21
|
|t:|1776100878
|move|p1a: Sinistcha|Shadow Ball|p2a: Checkaloo
|-damage|p2a: Checkaloo|80/100
|move|p2a: Checkaloo|Will-O-Wisp|p1a: Sinistcha
|-status|p1a: Sinistcha|brn
|
|-damage|p1a: Sinistcha|52/100 brn|[from] brn
|-damage|p1a: Sinistcha|40/100 brn|[from] move: Fire Spin|[partiallytrapped]
|upkeep
|turn|22
|
|t:|1776100889
|move|p1a: Sinistcha|Calm Mind|p1a: Sinistcha
|-boost|p1a: Sinistcha|spa|1
|-boost|p1a: Sinistcha|spd|1
|move|p2a: Checkaloo|Flamethrower|p1a: Sinistcha
|-damage|p1a: Sinistcha|23/100 brn
|
|-damage|p1a: Sinistcha|20/100 brn|[from] brn
|-damage|p1a: Sinistcha|7/100 brn|[from] move: Fire Spin|[partiallytrapped]
|upkeep
|turn|23
|c|☆abate fabs|!dt unaware
|c|☆abate fabs|/raw <ul class="utilichart"><li class="result"><span class="col namecol"><a href="https://dex.pokemonshowdown.com/abilities/unaware">Unaware</a></span> <span class="col abilitydesccol">This Pokemon ignores other Pokemon's stat stages when taking or doing damage.</span> </li><li style="clear:both"></li></ul>
|c|☆abate fabs|/raw <font size="1"><font color="#686868">Gen:</font> 4&nbsp;|&ThickSpace;&#10003; Ignored by Mold Breaker</font>

|
|t:|1776100904
|move|p1a: Sinistcha|Shadow Ball|p2a: Checkaloo
|-damage|p2a: Checkaloo|59/100
|-unboost|p2a: Checkaloo|spd|1
|move|p2a: Checkaloo|Slack Off|p2a: Checkaloo
|-heal|p2a: Checkaloo|100/100
|
|-damage|p1a: Sinistcha|5/100 brn|[from] brn
|-damage|p1a: Sinistcha|0 fnt|[from] move: Fire Spin|[partiallytrapped]
|faint|p1a: Sinistcha
|upkeep
|inactive|juyyhu has 30 seconds left.
|
|t:|1776100927
|switch|p1a: Samurott|Samurott-Hisui, F|100/100
|turn|24
|inactive|juyyhu has 30 seconds left.
|inactive|abate fabs has 120 seconds left.
|
|t:|1776100977
|move|p1a: Samurott|Razor Shell|p2a: Checkaloo
|-supereffective|p2a: Checkaloo
|-damage|p2a: Checkaloo|17/100
|-unboost|p2a: Checkaloo|def|1
|move|p2a: Checkaloo|Will-O-Wisp|p1a: Samurott
|-status|p1a: Samurott|brn
|
|-damage|p1a: Samurott|94/100 brn|[from] brn
|upkeep
|turn|25
|inactive|juyyhu has 30 seconds left.
|
|t:|1776100988
|switch|p2a: Checkelung|Clodsire, M|100/100
|move|p1a: Samurott|Razor Shell|p2a: Checkelung
|-immune|p2a: Checkelung|[from] ability: Water Absorb
|
|-damage|p1a: Samurott|88/100 brn|[from] brn
|upkeep
|turn|26
|inactive|juyyhu has 30 seconds left.
|
|t:|1776100997
|switch|p1a: Moltres|Moltres|100/100
|move|p2a: Checkelung|Stealth Rock|p1a: Moltres
|-sidestart|p1: juyyhu|move: Stealth Rock
|
|upkeep
|turn|27
|inactive|juyyhu has 30 seconds left.
|
|t:|1776101010
|move|p1a: Moltres|Flamethrower|p2a: Checkelung
|-damage|p2a: Checkelung|76/100
|move|p2a: Checkelung|Gunk Shot|p1a: Moltres
|-damage|p1a: Moltres|71/100
|
|-heal|p2a: Checkelung|82/100|[from] item: Leftovers
|upkeep
|turn|28
|
|t:|1776101024
|move|p1a: Moltres|Will-O-Wisp|p2a: Checkelung
|-status|p2a: Checkelung|brn
|move|p2a: Checkelung|Gunk Shot|p1a: Moltres|[miss]
|-miss|p2a: Checkelung|p1a: Moltres
|
|-heal|p2a: Checkelung|88/100 brn|[from] item: Leftovers
|-damage|p2a: Checkelung|82/100 brn|[from] brn
|upkeep
|turn|29
|
|t:|1776101037
|move|p1a: Moltres|U-turn|p2a: Checkelung
|-resisted|p2a: Checkelung
|-damage|p2a: Checkelung|74/100 brn
|
|t:|1776101041
|switch|p1a: Samurott|Samurott-Hisui, F|88/100 brn|[from] U-turn
|-damage|p1a: Samurott|76/100 brn|[from] Stealth Rock
|move|p2a: Checkelung|Earthquake|p1a: Samurott
|-damage|p1a: Samurott|52/100 brn
|
|-heal|p2a: Checkelung|80/100 brn|[from] item: Leftovers
|-damage|p1a: Samurott|46/100 brn|[from] brn
|-damage|p2a: Checkelung|74/100 brn|[from] brn
|upkeep
|turn|30
|
|t:|1776101054
|move|p1a: Samurott|Ceaseless Edge|p2a: Checkelung
|-damage|p2a: Checkelung|50/100 brn
|-sidestart|p2: abate fabs|Spikes
|move|p2a: Checkelung|Gunk Shot|p1a: Samurott
|-damage|p1a: Samurott|17/100 brn
|
|-heal|p2a: Checkelung|56/100 brn|[from] item: Leftovers
|-damage|p1a: Samurott|11/100 brn|[from] brn
|-damage|p2a: Checkelung|50/100 brn|[from] brn
|upkeep
|turn|31
|
|t:|1776101064
|move|p1a: Samurott|Ceaseless Edge|p2a: Checkelung
|-damage|p2a: Checkelung|26/100 brn
|-sidestart|p2: abate fabs|Spikes
|move|p2a: Checkelung|Earthquake|p1a: Samurott
|-damage|p1a: Samurott|0 fnt
|faint|p1a: Samurott
|
|-heal|p2a: Checkelung|32/100 brn|[from] item: Leftovers
|-damage|p2a: Checkelung|26/100 brn|[from] brn
|upkeep
|
|t:|1776101077
|switch|p1a: Gholdengo|Gholdengo|100/100
|-damage|p1a: Gholdengo|94/100|[from] Stealth Rock
|turn|32
|
|t:|1776101098
|move|p1a: Gholdengo|Nasty Plot|p1a: Gholdengo
|-boost|p1a: Gholdengo|spa|2
|move|p2a: Checkelung|Earthquake|p1a: Gholdengo
|-supereffective|p1a: Gholdengo
|-damage|p1a: Gholdengo|51/100
|
|-heal|p2a: Checkelung|32/100 brn|[from] item: Leftovers
|-damage|p2a: Checkelung|26/100 brn|[from] brn
|upkeep
|turn|33
|
|t:|1776101109
|move|p1a: Gholdengo|Nasty Plot|p1a: Gholdengo
|-boost|p1a: Gholdengo|spa|2
|move|p2a: Checkelung|Earthquake|p1a: Gholdengo
|-supereffective|p1a: Gholdengo
|-damage|p1a: Gholdengo|13/100
|
|-heal|p2a: Checkelung|32/100 brn|[from] item: Leftovers
|-damage|p2a: Checkelung|26/100 brn|[from] brn
|upkeep
|turn|34
|
|t:|1776101120
|move|p1a: Gholdengo|Recover|p1a: Gholdengo
|-heal|p1a: Gholdengo|63/100
|move|p2a: Checkelung|Recover|p2a: Checkelung
|-heal|p2a: Checkelung|76/100 brn
|
|-heal|p2a: Checkelung|82/100 brn|[from] item: Leftovers
|-damage|p2a: Checkelung|76/100 brn|[from] brn
|upkeep
|turn|35
|
|t:|1776101134
|move|p1a: Gholdengo|Make It Rain|p2a: Checkelung
|-damage|p2a: Checkelung|0 fnt
|-unboost|p1a: Gholdengo|spa|1
|faint|p2a: Checkelung
|
|upkeep
|
|t:|1776101140
|switch|p2a: Checking|Mandibuzz, F|100/100
|turn|36
|
|t:|1776101150
|move|p1a: Gholdengo|Thunderbolt|p2a: Checking
|-supereffective|p2a: Checking
|-damage|p2a: Checking|0 fnt
|faint|p2a: Checking
|
|upkeep
|
|t:|1776101153
|switch|p2a: Checkaloo|Crocalor, M|17/100
|-damage|p2a: Checkaloo|0 fnt|[from] Spikes
|faint|p2a: Checkaloo
|
|t:|1776101155
|switch|p2a: Checker|Umbreon, F|100/100
|-damage|p2a: Checker|84/100|[from] Spikes
|turn|37
|
|t:|1776101163
|move|p1a: Gholdengo|Make It Rain|p2a: Checker
|-damage|p2a: Checker|0 fnt
|-unboost|p1a: Gholdengo|spa|1
|faint|p2a: Checker
|
|upkeep
|
|t:|1776101170
|switch|p2a: Checktung|Slowking, F|100/100
|-damage|p2a: Checktung|84/100|[from] Spikes
|turn|38
|
|t:|1776101175
|move|p1a: Gholdengo|Thunderbolt|p2a: Checktung
|-supereffective|p2a: Checktung
|-damage|p2a: Checktung|0 fnt
|faint|p2a: Checktung
|
|win|juyyhu
|raw|juyyhu's rating: 1305 &rarr; <strong>1326</strong><br />(+21 for winning)
|raw|abate fabs's rating: 1320 &rarr; <strong>1299</strong><br />(-21 for losing)
|l|☆abate fabs
|player|p2|
|l|☆juyyhu
|player|p1|
