|html|<div class="broadcast-blue"><strong>[Gen 9] OU is currently suspecting Tera Blast! For information on how to participate check out the <a href="https://www.smogon.com/tools/suspects/view/200">suspect thread</a>.</strong></div>
|j|‽flyatnight1234
|j|‽Oweiner95
|t:|1776096179
|gametype|singles
|player|p1|flyatnight1234|1|1401
|player|p2|Oweiner95|flannery|1465
|gen|9
|tier|[Gen 9] OU
|rated|
|rule|HP Percentage Mod: HP is shown in percentages
|rule|Endless Battle Clause: Forcing endless battles is banned
|rule|Species Clause: Limit one of each Pokémon
|rule|OHKO Clause: OHKO moves are banned
|rule|Evasion Items Clause: Evasion items are banned
|rule|Evasion Moves Clause: Evasion moves are banned
|rule|Evasion Abilities Clause: Evasion abilities are banned
|rule|Sleep Moves Clause: Sleep-inducing moves are banned
|clearpoke
|poke|p1|Garchomp, M|
|poke|p1|Cloyster, F|
|poke|p1|Ninetales-Alola, M|
|poke|p1|Magnezone|
|poke|p1|Kyurem|
|poke|p1|Mew|
|poke|p2|Hoopa-Unbound|
|poke|p2|Clefable, F|
|poke|p2|Great Tusk|
|poke|p2|Cinderace, F|
|poke|p2|Dragonite, M|
|poke|p2|Slowking-Galar, F|
|teampreview
|inactive|Battle timer is ON: inactive players will automatically lose when time's up. (requested by Oweiner95)
|
|t:|1776096197
|teamsize|p1|6
|teamsize|p2|6
|start
|switch|p1a: Garchomp|Garchomp, M|100/100
|switch|p2a: Cinderace|Cinderace, F|100/100
|turn|1
|
|t:|1776096215
|move|p2a: Cinderace|Will-O-Wisp|p1a: Garchomp
|-status|p1a: Garchomp|brn
|move|p1a: Garchomp|Earthquake|p2a: Cinderace
|-supereffective|p2a: Cinderace
|-damage|p2a: Cinderace|3/100
|
|-damage|p1a: Garchomp|94/100 brn|[from] brn
|upkeep
|turn|2
|
|t:|1776096234
|switch|p2a: Clefable|Clefable, F|100/100
|move|p1a: Garchomp|Earthquake|p2a: Clefable
|-damage|p2a: Clefable|68/100
|
|-heal|p2a: Clefable|74/100|[from] item: Leftovers
|-damage|p1a: Garchomp|88/100 brn|[from] brn
|upkeep
|turn|3
|
|t:|1776096244
|switch|p1a: Mew|Mew|100/100
|move|p2a: Clefable|Stealth Rock|p1a: Mew
|-sidestart|p1: flyatnight1234|move: Stealth Rock
|
|-heal|p2a: Clefable|80/100|[from] item: Leftovers
|upkeep
|turn|4
|
|t:|1776096257
|move|p1a: Mew|Calm Mind|p1a: Mew
|-boost|p1a: Mew|spa|1
|-boost|p1a: Mew|spd|1
|move|p2a: Clefable|Knock Off|p1a: Mew
|-supereffective|p1a: Mew
|-damage|p1a: Mew|77/100
|-enditem|p1a: Mew|Leftovers|[from] move: Knock Off|[of] p2a: Clefable
|
|-heal|p2a: Clefable|86/100|[from] item: Leftovers
|upkeep
|turn|5
|
|t:|1776096268
|switch|p2a: Hoopa|Hoopa-Unbound|100/100
|move|p1a: Mew|Psychic|p2a: Hoopa
|-immune|p2a: Hoopa
|
|upkeep
|turn|6
|inactive|flyatnight1234 has 120 seconds left.
|
|t:|1776096288
|switch|p1a: Ninetales|Ninetales-Alola, M|100/100
|-damage|p1a: Ninetales|76/100|[from] Stealth Rock
|-weather|Snowscape|[from] ability: Snow Warning|[of] p1a: Ninetales
|move|p2a: Hoopa|Knock Off|p1a: Ninetales
|-resisted|p1a: Ninetales
|-damage|p1a: Ninetales|52/100
|-enditem|p1a: Ninetales|Choice Specs|[from] move: Knock Off|[of] p2a: Hoopa
|
|-weather|Snowscape|[upkeep]
|upkeep
|turn|7
|inactive|flyatnight1234 has 120 seconds left.
|
|t:|1776096303
|move|p1a: Ninetales|Aurora Veil|p1a: Ninetales
|-sidestart|p1: flyatnight1234|move: Aurora Veil
|move|p2a: Hoopa|Psychic Noise|p1a: Ninetales
|-damage|p1a: Ninetales|26/100
|-start|p1a: Ninetales|move: Heal Block
|
|-weather|Snowscape|[upkeep]
|upkeep
|turn|8
|
|t:|1776096311
|move|p1a: Ninetales|Moonblast|p2a: Hoopa
|-supereffective|p2a: Hoopa
|-crit|p2a: Hoopa
|-damage|p2a: Hoopa|44/100
|-unboost|p2a: Hoopa|spa|1
|move|p2a: Hoopa|Psychic Noise|p1a: Ninetales
|-damage|p1a: Ninetales|8/100
|
|-weather|Snowscape|[upkeep]
|-end|p1a: Ninetales|move: Heal Block
|upkeep
|turn|9
|
|t:|1776096321
|switch|p2a: Slowking|Slowking-Galar, F|100/100
|move|p1a: Ninetales|Moonblast|p2a: Slowking
|-resisted|p2a: Slowking
|-damage|p2a: Slowking|89/100
|
|-weather|Snowscape|[upkeep]
|upkeep
|turn|10
|
|t:|1776096328
|move|p1a: Ninetales|Dark Pulse|p2a: Slowking
|-supereffective|p2a: Slowking
|-crit|p2a: Slowking
|-damage|p2a: Slowking|47/100
|-prepare|p2a: Slowking|Chilly Reception|[premajor]
|move|p2a: Slowking|Chilly Reception|p2a: Slowking
|
|t:|1776096333
|switch|p2a: Cinderace|Cinderace, F|3/100|[from] Chilly Reception
|
|-weather|none
|upkeep
|turn|11
|
|t:|1776096341
|move|p2a: Cinderace|U-turn|p1a: Ninetales
|-resisted|p1a: Ninetales
|-damage|p1a: Ninetales|2/100
|
|t:|1776096343
|switch|p2a: Slowking|Slowking-Galar, F|80/100|[from] U-turn
|move|p1a: Ninetales|Moonblast|p2a: Slowking
|-resisted|p2a: Slowking
|-damage|p2a: Slowking|68/100
|
|-sideend|p1: flyatnight1234|move: Aurora Veil
|upkeep
|turn|12
|
|t:|1776096355
|move|p1a: Ninetales|Dark Pulse|p2a: Slowking
|-supereffective|p2a: Slowking
|-damage|p2a: Slowking|42/100
|-prepare|p2a: Slowking|Chilly Reception|[premajor]
|move|p2a: Slowking|Chilly Reception|p2a: Slowking
|-weather|Snowscape
|
|t:|1776096358
|switch|p2a: Cinderace|Cinderace, F|3/100|[from] Chilly Reception
|
|-weather|Snowscape|[upkeep]
|upkeep
|turn|13
|
|t:|1776096370
|move|p2a: Cinderace|Pyro Ball|p1a: Ninetales
|-supereffective|p1a: Ninetales
|-damage|p1a: Ninetales|0 fnt
|faint|p1a: Ninetales
|
|-weather|Snowscape|[upkeep]
|upkeep
|
|t:|1776096392
|switch|p1a: Cloyster|Cloyster, F|100/100
|-damage|p1a: Cloyster|76/100|[from] Stealth Rock
|turn|14
|inactive|flyatnight1234 has 120 seconds left.
|
|t:|1776096413
|move|p1a: Cloyster|Ice Shard|p2a: Cinderace
|-resisted|p2a: Cinderace
|-damage|p2a: Cinderace|0 fnt
|faint|p2a: Cinderace
|
|-weather|Snowscape|[upkeep]
|upkeep
|
|t:|1776096423
|switch|p2a: Clefable|Clefable, F|86/100
|turn|15
|
|t:|1776096433
|switch|p1a: Magnezone|Magnezone|100/100
|-damage|p1a: Magnezone|94/100|[from] Stealth Rock
|move|p2a: Clefable|Moonblast|p1a: Magnezone
|-resisted|p1a: Magnezone
|-damage|p1a: Magnezone|80/100
|
|-weather|Snowscape|[upkeep]
|-heal|p2a: Clefable|92/100|[from] item: Leftovers
|-heal|p1a: Magnezone|86/100|[from] item: Leftovers
|upkeep
|turn|16
|
|t:|1776096446
|switch|p2a: Hoopa|Hoopa-Unbound|44/100
|move|p1a: Magnezone|Reflect|p1a: Magnezone
|-sidestart|p1: flyatnight1234|Reflect
|
|-weather|none
|-heal|p1a: Magnezone|92/100|[from] item: Leftovers
|upkeep
|turn|17
|
|t:|1776096461
|move|p2a: Hoopa|Knock Off|p1a: Magnezone
|-damage|p1a: Magnezone|72/100
|-enditem|p1a: Magnezone|Leftovers|[from] move: Knock Off|[of] p2a: Hoopa
|move|p1a: Magnezone|Volt Switch|p2a: Hoopa
|-damage|p2a: Hoopa|26/100
|
|t:|1776096468
|switch|p1a: Cloyster|Cloyster, F|76/100|[from] Volt Switch
|-damage|p1a: Cloyster|51/100|[from] Stealth Rock
|
|upkeep
|turn|18
|
|t:|1776096476
|move|p2a: Hoopa|Thunderbolt|p1a: Cloyster
|-supereffective|p1a: Cloyster
|-damage|p1a: Cloyster|0 fnt
|faint|p1a: Cloyster
|
|upkeep
|inactive|flyatnight1234 has 120 seconds left.
|
|t:|1776096497
|switch|p1a: Mew|Mew|77/100
|-damage|p1a: Mew|65/100|[from] Stealth Rock
|turn|19
|inactive|flyatnight1234 has 120 seconds left.
|
|t:|1776096505
|move|p1a: Mew|Aura Sphere|p2a: Hoopa
|-damage|p2a: Hoopa|13/100
|move|p2a: Hoopa|Knock Off|p1a: Mew
|-supereffective|p1a: Mew
|-damage|p1a: Mew|33/100
|
|upkeep
|turn|20
|
|t:|1776096512
|move|p1a: Mew|Flamethrower|p2a: Hoopa
|-damage|p2a: Hoopa|0 fnt
|faint|p2a: Hoopa
|
|-sideend|p1: flyatnight1234|Reflect
|upkeep
|
|t:|1776096530
|switch|p2a: Clefable|Clefable, F|92/100
|turn|21
|
|t:|1776096536
|move|p1a: Mew|Psychic|p2a: Clefable
|-damage|p2a: Clefable|54/100
|-unboost|p2a: Clefable|spd|1
|move|p2a: Clefable|Moonblast|p1a: Mew
|-damage|p1a: Mew|7/100
|-unboost|p1a: Mew|spa|1
|
|-heal|p2a: Clefable|60/100|[from] item: Leftovers
|upkeep
|turn|22
|
|t:|1776096545
|move|p1a: Mew|Psychic|p2a: Clefable
|-damage|p2a: Clefable|18/100
|move|p2a: Clefable|Moonlight|p2a: Clefable
|-heal|p2a: Clefable|68/100
|
|-heal|p2a: Clefable|74/100|[from] item: Leftovers
|upkeep
|turn|23
|
|t:|1776096556
|switch|p2a: Slowking|Slowking-Galar, F|75/100
|move|p1a: Mew|Calm Mind|p1a: Mew
|-boost|p1a: Mew|spa|1
|-boost|p1a: Mew|spd|1
|
|upkeep
|turn|24
|
|t:|1776096563
|move|p1a: Mew|Psychic|p2a: Slowking
|-damage|p2a: Slowking|52/100
|move|p2a: Slowking|Sludge Bomb|p1a: Mew
|-damage|p1a: Mew|0 fnt
|faint|p1a: Mew
|
|upkeep
|
|t:|1776096588
|switch|p1a: Magnezone|Magnezone|72/100
|-damage|p1a: Magnezone|66/100|[from] Stealth Rock
|turn|25
|
|t:|1776096601
|move|p1a: Magnezone|Reflect|p1a: Magnezone
|-sidestart|p1: flyatnight1234|Reflect
|move|p2a: Slowking|Flamethrower|p1a: Magnezone
|-supereffective|p1a: Magnezone
|-damage|p1a: Magnezone|21/100
|
|upkeep
|turn|26
|inactive|flyatnight1234 has 120 seconds left.
|inactive|flyatnight1234 has 90 seconds left.
|
|t:|1776096670
|move|p1a: Magnezone|Volt Switch|p2a: Slowking
|-damage|p2a: Slowking|31/100
|
|t:|1776096674
|switch|p1a: Kyurem|Kyurem|100/100|[from] Volt Switch
|-ability|p1a: Kyurem|Pressure
|move|p2a: Slowking|Future Sight|p1a: Kyurem
|-start|p2a: Slowking|move: Future Sight
|
|upkeep
|turn|27
|
|t:|1776096693
|move|p1a: Kyurem|Earth Power|p2a: Slowking
|-supereffective|p2a: Slowking
|-damage|p2a: Slowking|0 fnt
|faint|p2a: Slowking
|
|upkeep
|
|t:|1776096696
|switch|p2a: Clefable|Clefable, F|74/100
|turn|28
|inactive|flyatnight1234 has 60 seconds left.
|
|t:|1776096721
|switch|p1a: Magnezone|Magnezone|21/100
|-damage|p1a: Magnezone|14/100|[from] Stealth Rock
|move|p2a: Clefable|Moonblast|p1a: Magnezone
|-resisted|p1a: Magnezone
|-damage|p1a: Magnezone|0 fnt
|faint|p1a: Magnezone
|
|-hint|Future Sight did not hit because the target is fainted.
|-heal|p2a: Clefable|80/100|[from] item: Leftovers
|upkeep
|inactive|flyatnight1234 has 60 seconds left.
|
|t:|1776096734
|switch|p1a: Kyurem|Kyurem|100/100
|-ability|p1a: Kyurem|Pressure
|turn|29
|inactive|flyatnight1234 has 60 seconds left.
|
|t:|1776096746
|-terastallize|p1a: Kyurem|Fairy
|move|p1a: Kyurem|Flash Cannon|p2a: Clefable
|-supereffective|p2a: Clefable
|-damage|p2a: Clefable|26/100
|move|p2a: Clefable|Moonblast|p1a: Kyurem
|-damage|p1a: Kyurem|72/100
|-unboost|p1a: Kyurem|spa|1
|
|-heal|p2a: Clefable|32/100|[from] item: Leftovers
|-sideend|p1: flyatnight1234|Reflect
|upkeep
|turn|30
|inactive|flyatnight1234 has 60 seconds left.
|
|t:|1776096757
|move|p1a: Kyurem|Flash Cannon|p2a: Clefable
|-supereffective|p2a: Clefable
|-damage|p2a: Clefable|0 fnt
|faint|p2a: Clefable
|
|upkeep
|
|t:|1776096762
|switch|p2a: Great Tusk|Great Tusk|100/100
|turn|31
|inactive|flyatnight1234 has 60 seconds left.
|
|t:|1776096779
|-terastallize|p2a: Great Tusk|Fighting
|move|p2a: Great Tusk|Rapid Spin|p1a: Kyurem
|-damage|p1a: Kyurem|56/100
|-boost|p2a: Great Tusk|spe|1
|move|p1a: Kyurem|Freeze-Dry|p2a: Great Tusk
|-damage|p2a: Great Tusk|56/100
|
|upkeep
|turn|32
|inactive|flyatnight1234 has 60 seconds left.
|
|t:|1776096810
|move|p2a: Great Tusk|Headlong Rush|p1a: Kyurem
|-damage|p1a: Kyurem|2/100
|-unboost|p2a: Great Tusk|def|1
|-unboost|p2a: Great Tusk|spd|1
|move|p1a: Kyurem|Freeze-Dry|p2a: Great Tusk
|-damage|p2a: Great Tusk|0 fnt
|faint|p2a: Great Tusk
|-end|p2a: Great Tusk|Protosynthesis|[silent]
|
|upkeep
|
|t:|1776096814
|switch|p2a: Dragonite|Dragonite, M|100/100
|turn|33
|
|t:|1776096822
|move|p2a: Dragonite|Extreme Speed|p1a: Kyurem
|-crit|p1a: Kyurem
|-damage|p1a: Kyurem|0 fnt
|faint|p1a: Kyurem
|
|upkeep
|
|t:|1776096828
|switch|p1a: Garchomp|Garchomp, M|88/100 brn
|-damage|p1a: Garchomp|82/100 brn|[from] Stealth Rock
|turn|34
|
|t:|1776096833
|move|p1a: Garchomp|Outrage|p2a: Dragonite
|-supereffective|p2a: Dragonite
|-damage|p2a: Dragonite|52/100
|move|p2a: Dragonite|Earthquake|p1a: Garchomp
|-damage|p1a: Garchomp|51/100 brn
|
|-damage|p1a: Garchomp|45/100 brn|[from] brn
|upkeep
|turn|35
|
|t:|1776096841
|move|p1a: Garchomp|Outrage|p2a: Dragonite|[from] lockedmove
|-supereffective|p2a: Dragonite
|-damage|p2a: Dragonite|0 fnt
|faint|p2a: Dragonite
|
|win|flyatnight1234
|raw|flyatnight1234's rating: 1401 &rarr; <strong>1425</strong><br />(+24 for winning)
|raw|Oweiner95's rating: 1465 &rarr; <strong>1441</strong><br />(-24 for losing)
|l|‽Oweiner95
|player|p2|
|l|‽flyatnight1234
|player|p1|
