|html|<div class="broadcast-blue"><strong>[Gen 9] OU is currently suspecting Tera Blast! For information on how to participate check out the <a href="https://www.smogon.com/tools/suspects/view/200">suspect thread</a>.</strong></div>
|j|☆holo-lyte
|j|☆Billwack123
|t:|1776047605
|gametype|singles
|player|p1|holo-lyte|clerk|1546
|player|p2|Billwack123|shadowtriad|1546
|gen|9
|tier|[Gen 9] OU
|rated|
|rule|HP Percentage Mod: HP is shown in percentages
|rule|Endless Battle Clause: Forcing endless battles is banned
|rule|Species Clause: Limit one of each Pokémon
|rule|OHKO Clause: OHKO moves are banned
|rule|Evasion Items Clause: Evasion items are banned
|rule|Evasion Moves Clause: Evasion moves are banned
|rule|Evasion Abilities Clause: Evasion abilities are banned
|rule|Sleep Moves Clause: Sleep-inducing moves are banned
|clearpoke
|poke|p1|Iron Jugulis|
|poke|p1|Iron Boulder|
|poke|p1|Zapdos-Galar|
|poke|p1|Articuno-Galar|
|poke|p1|Ceruledge, F|
|poke|p1|Glastrier|
|poke|p2|Hoopa-Unbound|
|poke|p2|Zamazenta-*|
|poke|p2|Iron Moth|
|poke|p2|Kyurem|
|poke|p2|Dragonite, F|
|poke|p2|Great Tusk|
|teampreview
|inactive|Battle timer is ON: inactive players will automatically lose when time's up. (requested by Billwack123)
|
|t:|1776047627
|teamsize|p1|6
|teamsize|p2|6
|start
|switch|p1a: on my alt|Iron Boulder|100/100
|switch|p2a: Kyurem|Kyurem|100/100
|-ability|p2a: Kyurem|Pressure
|-enditem|p1a: on my alt|Booster Energy
|-activate|p1a: on my alt|ability: Quark Drive|[fromitem]
|-start|p1a: on my alt|quarkdrivespe
|turn|1
|
|t:|1776047632
|move|p1a: on my alt|Mighty Cleave|p2a: Kyurem
|-supereffective|p2a: Kyurem
|-damage|p2a: Kyurem|5/100
|move|p2a: Kyurem|Earth Power|p1a: on my alt
|-supereffective|p1a: on my alt
|-damage|p1a: on my alt|37/100
|
|upkeep
|turn|2
|
|t:|1776047642
|move|p1a: on my alt|Psycho Cut|p2a: Kyurem
|-damage|p2a: Kyurem|0 fnt
|faint|p2a: Kyurem
|
|upkeep
|j| Kyurem
|
|t:|1776047648
|switch|p2a: Great Tusk|Great Tusk|100/100
|-enditem|p2a: Great Tusk|Booster Energy
|-activate|p2a: Great Tusk|ability: Protosynthesis|[fromitem]
|-start|p2a: Great Tusk|protosynthesisatk
|turn|3
|
|t:|1776047652
|move|p1a: on my alt|Psycho Cut|p2a: Great Tusk
|-supereffective|p2a: Great Tusk
|-damage|p2a: Great Tusk|46/100
|move|p2a: Great Tusk|Headlong Rush|p1a: on my alt
|-supereffective|p1a: on my alt
|-damage|p1a: on my alt|0 fnt
|-unboost|p2a: Great Tusk|def|1
|-unboost|p2a: Great Tusk|spd|1
|faint|p1a: on my alt
|-end|p1a: on my alt|Quark Drive|[silent]
|
|upkeep
|
|t:|1776047670
|switch|p1a: ribbon|Articuno-Galar|100/100
|turn|4
|
|t:|1776047672
|move|p2a: Great Tusk|Head Smash|p1a: ribbon
|-supereffective|p1a: ribbon
|-damage|p1a: ribbon|0 fnt
|faint|p1a: ribbon
|-damage|p2a: Great Tusk|0 fnt|[from] Recoil
|faint|p2a: Great Tusk
|-end|p2a: Great Tusk|Protosynthesis|[silent]
|
|upkeep
|
|t:|1776047688
|switch|p2a: Hoopa|Hoopa-Unbound|100/100
|switch|p1a: ground hornbill|Zapdos-Galar|100/100
|turn|5
|
|t:|1776047709
|-terastallize|p1a: ground hornbill|Ground
|move|p2a: Hoopa|Psychic Noise|p1a: ground hornbill
|-damage|p1a: ground hornbill|56/100
|-start|p1a: ground hornbill|move: Heal Block
|move|p1a: ground hornbill|Thunderous Kick|p2a: Hoopa
|-damage|p2a: Hoopa|19/100
|-unboost|p2a: Hoopa|def|1
|
|upkeep
|turn|6
|
|t:|1776047714
|move|p2a: Hoopa|Psychic Noise|p1a: ground hornbill
|-damage|p1a: ground hornbill|8/100
|move|p1a: ground hornbill|Thunderous Kick|p2a: Hoopa
|-damage|p2a: Hoopa|0 fnt
|faint|p2a: Hoopa
|
|-end|p1a: ground hornbill|move: Heal Block
|upkeep
|
|t:|1776047720
|switch|p2a: Dragonite|Dragonite, F|100/100
|turn|7
|
|t:|1776047723
|move|p2a: Dragonite|Extreme Speed|p1a: ground hornbill
|-damage|p1a: ground hornbill|0 fnt
|faint|p1a: ground hornbill
|
|upkeep
|
|t:|1776047725
|switch|p1a: yurem away|Glastrier|100/100
|turn|8
|
|t:|1776047728
|switch|p2a: Zamazenta|Zamazenta|100/100
|-ability|p2a: Zamazenta|Dauntless Shield|boost
|-boost|p2a: Zamazenta|def|1
|move|p1a: yurem away|Avalanche|p2a: Zamazenta
|-damage|p2a: Zamazenta|83/100
|
|-heal|p2a: Zamazenta|89/100|[from] item: Leftovers
|upkeep
|turn|9
|
|t:|1776047730
|switch|p1a: Scalivur|Ceruledge, F|100/100
|move|p2a: Zamazenta|Iron Defense|p2a: Zamazenta
|-boost|p2a: Zamazenta|def|2
|
|-heal|p2a: Zamazenta|95/100|[from] item: Leftovers
|upkeep
|turn|10
|
|t:|1776047733
|move|p2a: Zamazenta|Crunch|p1a: Scalivur
|-supereffective|p1a: Scalivur
|-damage|p1a: Scalivur|39/100
|-ability|p1a: Scalivur|Weak Armor|boost
|-unboost|p1a: Scalivur|def|1
|-boost|p1a: Scalivur|spe|2
|move|p1a: Scalivur|Shadow Claw|p2a: Zamazenta
|-damage|p2a: Zamazenta|84/100
|
|-heal|p2a: Zamazenta|90/100|[from] item: Leftovers
|upkeep
|turn|11
|
|t:|1776047735
|move|p1a: Scalivur|Destiny Bond|p1a: Scalivur
|-singlemove|p1a: Scalivur|Destiny Bond
|move|p2a: Zamazenta|Crunch|p1a: Scalivur
|-supereffective|p1a: Scalivur
|-damage|p1a: Scalivur|0 fnt
|faint|p1a: Scalivur
|-activate|p1a: Scalivur|move: Destiny Bond
|faint|p2a: Zamazenta
|
|upkeep
|
|t:|1776047741
|switch|p2a: Iron Moth|Iron Moth|100/100
|switch|p1a: tin oesophagus|Iron Jugulis|100/100
|-enditem|p2a: Iron Moth|Booster Energy
|-activate|p2a: Iron Moth|ability: Quark Drive|[fromitem]
|-start|p2a: Iron Moth|quarkdrivespe
|turn|12
|
|t:|1776047753
|-terastallize|p2a: Iron Moth|Fairy
|move|p2a: Iron Moth|Fiery Dance|p1a: tin oesophagus
|-damage|p1a: tin oesophagus|53/100
|-boost|p2a: Iron Moth|spa|1
|move|p1a: tin oesophagus|Earth Power|p2a: Iron Moth
|-damage|p2a: Iron Moth|66/100
|
|upkeep
|turn|13
|
|t:|1776047757
|move|p2a: Iron Moth|Fiery Dance|p1a: tin oesophagus
|-damage|p1a: tin oesophagus|0 fnt
|faint|p1a: tin oesophagus
|-end|p1a: tin oesophagus|Quark Drive|[silent]
|
|upkeep
|
|t:|1776047759
|switch|p1a: yurem away|Glastrier|100/100
|turn|14
|
|t:|1776047764
|move|p2a: Iron Moth|Fiery Dance|p1a: yurem away
|-supereffective|p1a: yurem away
|-damage|p1a: yurem away|11/100
|-boost|p2a: Iron Moth|spa|1
|move|p1a: yurem away|Avalanche|p2a: Iron Moth
|-damage|p2a: Iron Moth|0 fnt
|faint|p2a: Iron Moth
|-end|p2a: Iron Moth|Quark Drive|[silent]
|-ability|p1a: yurem away|Chilling Neigh|boost
|-boost|p1a: yurem away|atk|1
|
|upkeep
|
|t:|1776047766
|switch|p2a: Dragonite|Dragonite, F|100/100
|turn|15
|
|t:|1776047772
|move|p2a: Dragonite|Extreme Speed|p1a: yurem away
|-damage|p1a: yurem away|0 fnt
|faint|p1a: yurem away
|
|win|Billwack123
|raw|holo-lyte's rating: 1546 &rarr; <strong>1526</strong><br />(-20 for losing)
|raw|Billwack123's rating: 1546 &rarr; <strong>1566</strong><br />(+20 for winning)
|l|☆holo-lyte
|player|p1|
|l|☆Billwack123
|player|p2|
