|html|<div class="broadcast-blue"><strong>[Gen 9] OU is currently suspecting Tera Blast! For information on how to participate check out the <a href="https://www.smogon.com/tools/suspects/view/200">suspect thread</a>.</strong></div>
|j|☆YukaSetogaya
|j|☆Guihzxlhemit
|t:|1776033005
|gametype|singles
|player|p1|YukaSetogaya|cynthia-gen4|1157
|player|p2|Guihzxlhemit|nate|1176
|gen|9
|tier|[Gen 9] OU
|rated|
|rule|HP Percentage Mod: HP is shown in percentages
|rule|Endless Battle Clause: Forcing endless battles is banned
|rule|Species Clause: Limit one of each Pokémon
|rule|OHKO Clause: OHKO moves are banned
|rule|Evasion Items Clause: Evasion items are banned
|rule|Evasion Moves Clause: Evasion moves are banned
|rule|Evasion Abilities Clause: Evasion abilities are banned
|rule|Sleep Moves Clause: Sleep-inducing moves are banned
|clearpoke
|poke|p1|Greninja-*, M|
|poke|p1|Iron Moth|
|poke|p1|Alomomola, F|
|poke|p1|Kingambit, F|
|poke|p1|Toxapex, M|
|poke|p1|Excadrill, M|
|poke|p2|Great Tusk|
|poke|p2|Gholdengo|
|poke|p2|Kingambit, M|
|poke|p2|Dragapult, F|
|poke|p2|Amoonguss, M|
|poke|p2|Gliscor, M|
|teampreview
|
|t:|1776033027
|teamsize|p1|6
|teamsize|p2|6
|start
|switch|p1a: Greninja|Greninja, M, shiny|100/100
|switch|p2a: batman be like|Gliscor, M|100/100
|turn|1
|
|t:|1776033035
|switch|p2a: pokebola fodase|Amoonguss, M|100/100
|move|p1a: Greninja|Ice Beam|p2a: pokebola fodase
|-start|p1a: Greninja|typechange|Ice|[from] ability: Protean
|-supereffective|p2a: pokebola fodase
|-crit|p2a: pokebola fodase
|-damage|p2a: pokebola fodase|6/100
|
|-heal|p2a: pokebola fodase|12/100|[from] item: Black Sludge
|upkeep
|turn|2
|
|t:|1776033044
|move|p1a: Greninja|Ice Beam|p2a: pokebola fodase
|-supereffective|p2a: pokebola fodase
|-damage|p2a: pokebola fodase|0 fnt
|faint|p2a: pokebola fodase
|
|upkeep
|
|t:|1776033057
|switch|p2a: estranho|Kingambit, M|100/100
|-activate|p2a: estranho|ability: Supreme Overlord
|-start|p2a: estranho|fallen1|[silent]
|turn|3
|
|t:|1776033068
|switch|p1a: Toxapex|Toxapex, M|100/100
|move|p2a: estranho|Swords Dance|p2a: estranho
|-boost|p2a: estranho|atk|2
|
|upkeep
|turn|4
|inactive|Battle timer is ON: inactive players will automatically lose when time's up. (requested by YukaSetogaya)
|
|t:|1776033079
|move|p2a: estranho|Iron Head|p1a: Toxapex
|-resisted|p1a: Toxapex
|-damage|p1a: Toxapex|65/100
|cant|p1a: Toxapex|flinch
|
|upkeep
|turn|5
|
|t:|1776033089
|move|p2a: estranho|Kowtow Cleave|p1a: Toxapex
|-damage|p1a: Toxapex|0 fnt
|faint|p1a: Toxapex
|
|upkeep
|
|t:|1776033110
|switch|p1a: Iron Moth|Iron Moth, shiny|100/100
|-enditem|p1a: Iron Moth|Booster Energy
|-activate|p1a: Iron Moth|ability: Quark Drive|[fromitem]
|-start|p1a: Iron Moth|quarkdrivespa
|turn|6
|
|t:|1776033128
|-end|p2a: estranho|fallen1|[silent]
|switch|p2a: gordão|Great Tusk, shiny|100/100
|move|p1a: Iron Moth|Fiery Dance|p2a: gordão
|-damage|p2a: gordão|29/100
|
|-heal|p2a: gordão|36/100|[from] item: Leftovers
|upkeep
|turn|7
|
|t:|1776033142
|-terastallize|p1a: Iron Moth|Flying
|-terastallize|p2a: gordão|Water
|move|p1a: Iron Moth|Fiery Dance|p2a: gordão
|-resisted|p2a: gordão
|-damage|p2a: gordão|0 fnt
|faint|p2a: gordão
|-end|p2a: gordão|Protosynthesis|[silent]
|
|upkeep
|
|t:|1776033158
|switch|p2a: batman be like|Gliscor, M|100/100
|turn|8
|
|t:|1776033168
|move|p1a: Iron Moth|Fiery Dance|p2a: batman be like
|-damage|p2a: batman be like|34/100
|-boost|p1a: Iron Moth|spa|1
|move|p2a: batman be like|Toxic|p1a: Iron Moth
|-status|p1a: Iron Moth|tox
|
|-damage|p1a: Iron Moth|95/100 tox|[from] psn
|-status|p2a: batman be like|tox|[from] item: Toxic Orb
|upkeep
|turn|9
|
|t:|1776033174
|move|p2a: batman be like|Protect|p2a: batman be like
|-singleturn|p2a: batman be like|Protect
|move|p1a: Iron Moth|Fiery Dance|p2a: batman be like
|-activate|p2a: batman be like|move: Protect
|
|-damage|p1a: Iron Moth|83/100 tox|[from] psn
|-heal|p2a: batman be like|47/100 tox|[from] ability: Poison Heal
|upkeep
|turn|10
|
|t:|1776033197
|move|p2a: batman be like|Protect||[still]
|-fail|p2a: batman be like
|move|p1a: Iron Moth|Fiery Dance|p2a: batman be like
|-damage|p2a: batman be like|0 fnt
|faint|p2a: batman be like
|
|-damage|p1a: Iron Moth|65/100 tox|[from] psn
|upkeep
|
|t:|1776033207
|switch|p2a: sapequinha|Dragapult, F, shiny|100/100
|turn|11
|
|t:|1776033223
|-end|p1a: Iron Moth|Quark Drive|[silent]
|switch|p1a: Alomomola|Alomomola, F, shiny|100/100
|move|p2a: sapequinha|Shadow Ball|p1a: Alomomola
|-damage|p1a: Alomomola|36/100
|-unboost|p1a: Alomomola|spd|1
|
|upkeep
|turn|12
|
|t:|1776033233
|move|p2a: sapequinha|Shadow Ball|p1a: Alomomola
|-damage|p1a: Alomomola|0 fnt
|faint|p1a: Alomomola
|
|upkeep
|
|t:|1776033237
|switch|p1a: Kingambit|Kingambit, F|100/100
|-activate|p1a: Kingambit|ability: Supreme Overlord
|-start|p1a: Kingambit|fallen2|[silent]
|turn|13
|inactive|YukaSetogaya has 120 seconds left.
|c|☆YukaSetogaya|Ótimo nome para um Dragapult
|
|t:|1776033291
|switch|p2a: bolzani|Gholdengo, shiny|100/100
|-item|p2a: bolzani|Air Balloon
|move|p1a: Kingambit|Sucker Punch||[still]
|-fail|p1a: Kingambit
|
|upkeep
|turn|14
|
|t:|1776033307
|move|p1a: Kingambit|Sucker Punch||[still]
|-fail|p1a: Kingambit
|move|p2a: bolzani|Nasty Plot|p2a: bolzani
|-boost|p2a: bolzani|spa|2
|
|upkeep
|turn|15
|
|t:|1776033314
|move|p2a: bolzani|Nasty Plot|p2a: bolzani
|-boost|p2a: bolzani|spa|2
|move|p1a: Kingambit|Kowtow Cleave|p2a: bolzani
|-supereffective|p2a: bolzani
|-damage|p2a: bolzani|0 fnt
|-enditem|p2a: bolzani|Air Balloon
|faint|p2a: bolzani
|
|upkeep
|
|t:|1776033328
|switch|p2a: estranho|Kingambit, M|100/100
|-activate|p2a: estranho|ability: Supreme Overlord
|-start|p2a: estranho|fallen4|[silent]
|turn|16
|inactive|YukaSetogaya has 120 seconds left.
|
|t:|1776033347
|-end|p1a: Kingambit|fallen2|[silent]
|switch|p1a: Excadrill|Excadrill, M|100/100
|-ability|p1a: Excadrill|Mold Breaker
|move|p2a: estranho|Kowtow Cleave|p1a: Excadrill
|-crit|p1a: Excadrill
|-damage|p1a: Excadrill|0 fnt
|faint|p1a: Excadrill
|
|upkeep
|
|t:|1776033349
|switch|p1a: Iron Moth|Iron Moth, shiny, tera:Flying|65/100 tox
|turn|17
|inactive|YukaSetogaya has 120 seconds left.
|
|t:|1776033369
|move|p2a: estranho|Sucker Punch|p1a: Iron Moth
|-damage|p1a: Iron Moth|0 fnt
|faint|p1a: Iron Moth
|-end|p1a: Iron Moth|Quark Drive|[silent]
|
|upkeep
|inactive|YukaSetogaya has 120 seconds left.
|c|☆YukaSetogaya|cara, os nome são otimos kk
|
|t:|1776033385
|switch|p1a: Greninja|Greninja, M, shiny|100/100
|turn|18
|
|t:|1776033395
|-end|p2a: estranho|fallen4|[silent]
|switch|p2a: sapequinha|Dragapult, F, shiny|100/100
|move|p1a: Greninja|Surf|p2a: sapequinha
|-start|p1a: Greninja|typechange|Water|[from] ability: Protean
|-resisted|p2a: sapequinha
|-damage|p2a: sapequinha|73/100
|
|upkeep
|turn|19
|
|t:|1776033404
|move|p2a: sapequinha|Draco Meteor|p1a: Greninja
|-damage|p1a: Greninja|0 fnt
|-unboost|p2a: sapequinha|spa|2
|faint|p1a: Greninja
|
|upkeep
|
|t:|1776033408
|switch|p1a: Kingambit|Kingambit, F|100/100
|-activate|p1a: Kingambit|ability: Supreme Overlord
|-start|p1a: Kingambit|fallen5|[silent]
|turn|20
|
|t:|1776033411
|move|p2a: sapequinha|Draco Meteor|p1a: Kingambit
|-resisted|p1a: Kingambit
|-crit|p1a: Kingambit
|-damage|p1a: Kingambit|23/100
|-unboost|p2a: sapequinha|spa|2
|move|p1a: Kingambit|Swords Dance|p1a: Kingambit
|-boost|p1a: Kingambit|atk|2
|
|-heal|p1a: Kingambit|29/100|[from] item: Leftovers
|upkeep
|turn|21
|
|t:|1776033414
|move|p1a: Kingambit|Sucker Punch|p2a: sapequinha
|-supereffective|p2a: sapequinha
|-damage|p2a: sapequinha|0 fnt
|faint|p2a: sapequinha
|
|-heal|p1a: Kingambit|35/100|[from] item: Leftovers
|upkeep
|
|t:|1776033417
|switch|p2a: estranho|Kingambit, M|100/100
|-activate|p2a: estranho|ability: Supreme Overlord
|-start|p2a: estranho|fallen5|[silent]
|turn|22
|
|t:|1776033427
|move|p1a: Kingambit|Sucker Punch|p2a: estranho
|-resisted|p2a: estranho
|-damage|p2a: estranho|60/100
|move|p2a: estranho|Kowtow Cleave|p1a: Kingambit
|-resisted|p1a: Kingambit
|-damage|p1a: Kingambit|0 fnt
|faint|p1a: Kingambit
|-end|p1a: Kingambit|fallen5|[silent]
|
|win|Guihzxlhemit
|raw|YukaSetogaya's rating: 1157 &rarr; <strong>1133</strong><br />(-24 for losing)
|raw|Guihzxlhemit's rating: 1176 &rarr; <strong>1200</strong><br />(+24 for winning)
|c|☆YukaSetogaya|boA
|c|☆YukaSetogaya|GG
