|html|<div class="broadcast-blue"><strong>[Gen 9] OU is currently suspecting Volcarona! For information on how to participate check out the <a href="https://www.smogon.com/tools/suspects/view/208">suspect thread</a>.</strong></div>
|j|☆hollow_0
|j|☆hakuteki_hamou
|t:|1778507168
|gametype|singles
|player|p1|hollow_0|flannery|1060
|player|p2|hakuteki_hamou|harlequin|1000
|gen|9
|tier|[Gen 9] OU
|rated|
|rule|HP Percentage Mod: HP is shown in percentages
|rule|Endless Battle Clause: Forcing endless battles is banned
|rule|Species Clause: Limit one of each Pokémon
|rule|OHKO Clause: OHKO moves are banned
|rule|Evasion Items Clause: Evasion items are banned
|rule|Evasion Moves Clause: Evasion moves are banned
|rule|Evasion Abilities Clause: Evasion abilities are banned
|rule|Sleep Moves Clause: Sleep-inducing moves are banned
|clearpoke
|poke|p1|Weezing-Galar, M|
|poke|p1|Gliscor, F|
|poke|p1|Blissey, F|
|poke|p1|Corviknight, F|
|poke|p1|Dondozo, M|
|poke|p1|Toxapex, F|
|poke|p2|Clefable, M|
|poke|p2|Gengar, F|
|poke|p2|Chansey, F|
|poke|p2|Ursaluna, F|
|poke|p2|Dragonite, M|
|poke|p2|Hatterene, F|
|teampreview
|inactive|Battle timer is ON: inactive players will automatically lose when time's up. (requested by hollow_0)
|
|t:|1778507174
|teamsize|p1|6
|teamsize|p2|6
|start
|switch|p1a: Gliscor|Gliscor, F|100/100
|switch|p2a: Clefable|Clefable, M, shiny|100/100
|turn|1
|
|t:|1778507180
|move|p1a: Gliscor|Swords Dance|p1a: Gliscor
|-boost|p1a: Gliscor|atk|2
|move|p2a: Clefable|Metronome|p2a: Clefable
|move|p2a: Clefable|Drill Run|p1a: Gliscor|[from] move: Metronome
|-immune|p1a: Gliscor
|
|-status|p1a: Gliscor|tox|[from] item: Toxic Orb
|upkeep
|turn|2
|j| sylvr7070
|
|t:|1778507189
|move|p1a: Gliscor|Earthquake|p2a: Clefable
|-damage|p2a: Clefable|71/100
|move|p2a: Clefable|Metronome|p2a: Clefable
|move|p2a: Clefable|Ice Punch|p1a: Gliscor|[from] move: Metronome
|-supereffective|p1a: Gliscor
|-damage|p1a: Gliscor|69/100 tox
|
|-heal|p1a: Gliscor|81/100 tox|[from] ability: Poison Heal
|upkeep
|turn|3
|
|t:|1778507200
|move|p1a: Gliscor|Knock Off|p2a: Clefable
|-resisted|p2a: Clefable
|-damage|p2a: Clefable|61/100
|-damage|p1a: Gliscor|65/100 tox|[from] item: Rocky Helmet|[of] p2a: Clefable
|-enditem|p2a: Clefable|Rocky Helmet|[from] move: Knock Off|[of] p1a: Gliscor
|move|p2a: Clefable|Metronome|p2a: Clefable
|move|p2a: Clefable|Water Shuriken|p1a: Gliscor|[from] move: Metronome
|-supereffective|p1a: Gliscor
|-damage|p1a: Gliscor|58/100 tox
|-supereffective|p1a: Gliscor
|-damage|p1a: Gliscor|52/100 tox
|-supereffective|p1a: Gliscor
|-damage|p1a: Gliscor|45/100 tox
|-hitcount|p1a: Gliscor|3
|
|-heal|p1a: Gliscor|58/100 tox|[from] ability: Poison Heal
|upkeep
|turn|4
|
|t:|1778507214
|move|p1a: Gliscor|Earthquake|p2a: Clefable
|-damage|p2a: Clefable|29/100
|move|p2a: Clefable|Metronome|p2a: Clefable
|move|p2a: Clefable|Shock Wave|p1a: Gliscor|[from] move: Metronome
|-immune|p1a: Gliscor
|
|-heal|p1a: Gliscor|70/100 tox|[from] ability: Poison Heal
|upkeep
|turn|5
|
|t:|1778507222
|switch|p2a: Dragonite|Dragonite, M, shiny|100/100
|move|p1a: Gliscor|Earthquake|p2a: Dragonite
|-immune|p2a: Dragonite
|
|-heal|p1a: Gliscor|83/100 tox|[from] ability: Poison Heal
|upkeep
|turn|6
|
|t:|1778507225
|move|p1a: Gliscor|Knock Off|p2a: Dragonite
|-damage|p2a: Dragonite|80/100
|-enditem|p2a: Dragonite|Sitrus Berry|[from] move: Knock Off|[of] p1a: Gliscor
|move|p2a: Dragonite|Metronome|p2a: Dragonite
|move|p2a: Dragonite|Fire Blast|p1a: Gliscor|[from] move: Metronome
|-damage|p1a: Gliscor|66/100 tox
|
|-heal|p1a: Gliscor|78/100 tox|[from] ability: Poison Heal
|upkeep
|turn|7
|
|t:|1778507234
|move|p1a: Gliscor|Knock Off|p2a: Dragonite
|-damage|p2a: Dragonite|52/100
|move|p2a: Dragonite|Metronome|p2a: Dragonite
|move|p2a: Dragonite|High Horsepower|p1a: Gliscor|[from] move: Metronome
|-immune|p1a: Gliscor
|
|-heal|p1a: Gliscor|91/100 tox|[from] ability: Poison Heal
|upkeep
|turn|8
|
|t:|1778507241
|move|p1a: Gliscor|Knock Off|p2a: Dragonite
|-damage|p2a: Dragonite|26/100
|move|p2a: Dragonite|Metronome|p2a: Dragonite
|move|p2a: Dragonite|Acid Spray|p1a: Gliscor|[from] move: Metronome
|-resisted|p1a: Gliscor
|-crit|p1a: Gliscor
|-damage|p1a: Gliscor|86/100 tox
|-unboost|p1a: Gliscor|spd|2
|
|-heal|p1a: Gliscor|99/100 tox|[from] ability: Poison Heal
|upkeep
|turn|9
|
|t:|1778507249
|move|p1a: Gliscor|Knock Off|p2a: Dragonite
|-damage|p2a: Dragonite|0 fnt
|faint|p2a: Dragonite
|
|-heal|p1a: Gliscor|100/100 tox|[from] ability: Poison Heal
|upkeep
|
|t:|1778507255
|switch|p2a: Clefable|Clefable, M, shiny|29/100
|turn|10
|
|t:|1778507256
|move|p1a: Gliscor|Earthquake|p2a: Clefable
|-damage|p2a: Clefable|0 fnt
|faint|p2a: Clefable
|
|upkeep
|c| sylvr7070|this is why i spectate games
|
|t:|1778507261
|switch|p2a: Ursaluna|Ursaluna, F, shiny|100/100
|turn|11
|
|t:|1778507264
|move|p1a: Gliscor|Knock Off|p2a: Ursaluna
|-damage|p2a: Ursaluna|72/100
|-enditem|p2a: Ursaluna|Leftovers|[from] move: Knock Off|[of] p1a: Gliscor
|move|p2a: Ursaluna|Metronome|p2a: Ursaluna
|move|p2a: Ursaluna|Shadow Claw|p1a: Gliscor|[from] move: Metronome
|-damage|p1a: Gliscor|79/100 tox
|
|-heal|p1a: Gliscor|91/100 tox|[from] ability: Poison Heal
|upkeep
|turn|12
|
|t:|1778507272
|move|p1a: Gliscor|Earthquake|p2a: Ursaluna
|-damage|p2a: Ursaluna|22/100
|move|p2a: Ursaluna|Metronome|p2a: Ursaluna
|move|p2a: Ursaluna|Magic Powder|p1a: Gliscor|[from] move: Metronome
|-start|p1a: Gliscor|typechange|Psychic
|
|-heal|p1a: Gliscor|100/100 tox|[from] ability: Poison Heal
|upkeep
|turn|13
|
|t:|1778507280
|move|p1a: Gliscor|Earthquake|p2a: Ursaluna
|-damage|p2a: Ursaluna|0 fnt
|faint|p2a: Ursaluna
|
|upkeep
|
|t:|1778507282
|switch|p2a: Hatterene|Hatterene, F, shiny|100/100
|-item|p2a: Hatterene|Air Balloon
|turn|14
|
|t:|1778507295
|move|p1a: Gliscor|Knock Off|p2a: Hatterene
|-damage|p2a: Hatterene|51/100
|-enditem|p2a: Hatterene|Air Balloon
|move|p2a: Hatterene|Metronome|p2a: Hatterene
|move|p2a: Hatterene|Sky Attack||[from] move: Metronome|[still]
|-prepare|p2a: Hatterene|Sky Attack
|
|upkeep
|turn|15
|
|t:|1778507305
|move|p1a: Gliscor|Protect|p1a: Gliscor
|-singleturn|p1a: Gliscor|Protect
|move|p2a: Hatterene|Sky Attack|p1a: Gliscor|[from] lockedmove
|-activate|p1a: Gliscor|move: Protect
|
|upkeep
|turn|16
|
|t:|1778507310
|move|p1a: Gliscor|Earthquake|p2a: Hatterene
|-damage|p2a: Hatterene|7/100
|move|p2a: Hatterene|Metronome|p2a: Hatterene
|move|p2a: Hatterene|Twister|p1a: Gliscor|[from] move: Metronome
|-damage|p1a: Gliscor|78/100 tox
|
|-heal|p1a: Gliscor|91/100 tox|[from] ability: Poison Heal
|upkeep
|turn|17
|
|t:|1778507317
|move|p1a: Gliscor|Knock Off|p2a: Hatterene
|-damage|p2a: Hatterene|0 fnt
|faint|p2a: Hatterene
|
|-heal|p1a: Gliscor|100/100 tox|[from] ability: Poison Heal
|upkeep
|
|t:|1778507319
|switch|p2a: Chansey|Chansey, F, shiny|100/100
|turn|18
|
|t:|1778507323
|move|p1a: Gliscor|Swords Dance|p1a: Gliscor
|-boost|p1a: Gliscor|atk|2
|move|p2a: Chansey|Metronome|p2a: Chansey
|move|p2a: Chansey|Charge Beam|p1a: Gliscor|[from] move: Metronome
|-damage|p1a: Gliscor|92/100 tox
|-boost|p2a: Chansey|spa|1
|
|-heal|p1a: Gliscor|100/100 tox|[from] ability: Poison Heal
|upkeep
|turn|19
|
|t:|1778507328
|move|p1a: Gliscor|Earthquake|p2a: Chansey
|-damage|p2a: Chansey|61/100
|move|p2a: Chansey|Metronome|p2a: Chansey
|move|p2a: Chansey|Circle Throw|p1a: Gliscor|[from] move: Metronome|[miss]
|-miss|p2a: Chansey|p1a: Gliscor
|
|upkeep
|turn|20
|
|t:|1778507333
|move|p1a: Gliscor|Earthquake|p2a: Chansey
|-damage|p2a: Chansey|20/100
|move|p2a: Chansey|Metronome|p2a: Chansey
|move|p2a: Chansey|Teeter Dance|p1a: Gliscor|[from] move: Metronome
|-start|p1a: Gliscor|confusion
|
|upkeep
|turn|21
|-message|hakuteki_hamou forfeited.
|
|win|hollow_0
|raw|hollow_0's rating: 1060 &rarr; <strong>1086</strong><br />(+26 for winning)
|raw|hakuteki_hamou's rating: 1000 &rarr; <strong>1000</strong><br />(+0 for losing)
|l|☆hakuteki_hamou
|player|p2|
