|html|<div class="broadcast-blue"><strong>[Gen 9] OU is currently suspecting Tera Blast! For information on how to participate check out the <a href="https://www.smogon.com/tools/suspects/view/200">suspect thread</a>.</strong></div>
|j|☆bryanblud
|j|☆Astelzhang
|t:|1776136326
|gametype|singles
|player|p1|bryanblud|mars|1430
|player|p2|Astelzhang|265|1489
|gen|9
|tier|[Gen 9] OU
|rated|
|rule|HP Percentage Mod: HP is shown in percentages
|rule|Endless Battle Clause: Forcing endless battles is banned
|rule|Species Clause: Limit one of each Pokémon
|rule|OHKO Clause: OHKO moves are banned
|rule|Evasion Items Clause: Evasion items are banned
|rule|Evasion Moves Clause: Evasion moves are banned
|rule|Evasion Abilities Clause: Evasion abilities are banned
|rule|Sleep Moves Clause: Sleep-inducing moves are banned
|clearpoke
|poke|p1|Primarina, F|
|poke|p1|Great Tusk|
|poke|p1|Enamorus, F|
|poke|p1|Slowking-Galar, M|
|poke|p1|Iron Valiant|
|poke|p1|Kingambit, F|
|poke|p2|Garganacl, F|
|poke|p2|Dragapult, M|
|poke|p2|Moltres|
|poke|p2|Great Tusk|
|poke|p2|Iron Crown|
|poke|p2|Meowscarada, F|
|teampreview
|inactive|Battle timer is ON: inactive players will automatically lose when time's up. (requested by Astelzhang)
|inactive|bryanblud also wants the timer to be on.
|
|t:|1776136348
|teamsize|p1|6
|teamsize|p2|6
|start
|switch|p1a: hoes mad|Slowking-Galar, M|100/100
|switch|p2a: Iron Crown|Iron Crown|100/100
|turn|1
|
|t:|1776136357
|move|p2a: Iron Crown|Volt Switch|p1a: hoes mad
|-damage|p1a: hoes mad|81/100
|
|t:|1776136368
|-end|p2a: Iron Crown|Quark Drive|[silent]
|switch|p2a: Moltres|Moltres|100/100|[from] Volt Switch
|move|p1a: hoes mad|Flamethrower|p2a: Moltres
|-resisted|p2a: Moltres
|-damage|p2a: Moltres|89/100
|
|upkeep
|turn|2
|
|t:|1776136380
|move|p2a: Moltres|Scorching Sands|p1a: hoes mad
|-supereffective|p1a: hoes mad
|-crit|p1a: hoes mad
|-damage|p1a: hoes mad|15/100
|-status|p1a: hoes mad|brn
|move|p1a: hoes mad|Sludge Bomb|p2a: Moltres
|-damage|p2a: Moltres|51/100
|
|-damage|p1a: hoes mad|9/100 brn|[from] brn
|upkeep
|turn|3
|
|t:|1776136392
|switch|p2a: Meowscarada|Meowscarada, F|100/100
|switch|p1a: Enamorus|Enamorus, F|100/100
|
|upkeep
|turn|4
|
|t:|1776136405
|move|p1a: Enamorus|Moonblast|p2a: Meowscarada
|-supereffective|p2a: Meowscarada
|-damage|p2a: Meowscarada|0 fnt
|faint|p2a: Meowscarada
|
|upkeep
|
|t:|1776136412
|switch|p2a: Iron Crown|Iron Crown|100/100
|turn|5
|
|t:|1776136422
|switch|p1a: Primarina|Primarina, F|100/100
|move|p2a: Iron Crown|Volt Switch|p1a: Primarina
|-supereffective|p1a: Primarina
|-damage|p1a: Primarina|25/100
|
|t:|1776136442
|-end|p2a: Iron Crown|Quark Drive|[silent]
|switch|p2a: Moltres|Moltres|51/100|[from] Volt Switch
|
|-heal|p1a: Primarina|31/100|[from] item: Leftovers
|upkeep
|turn|6
|
|t:|1776136451
|move|p2a: Moltres|Hurricane|p1a: Primarina
|-damage|p1a: Primarina|0 fnt
|faint|p1a: Primarina
|
|upkeep
|inactive|bryanblud has 120 seconds left.
|
|t:|1776136486
|switch|p1a: Enamorus|Enamorus, F|100/100
|turn|7
|
|t:|1776136508
|move|p1a: Enamorus|Moonblast|p2a: Moltres
|-resisted|p2a: Moltres
|-damage|p2a: Moltres|20/100
|move|p2a: Moltres|Hurricane|p1a: Enamorus
|-damage|p1a: Enamorus|0 fnt
|faint|p1a: Enamorus
|
|upkeep
|inactive|bryanblud has 120 seconds left.
|
|t:|1776136523
|switch|p1a: Iron Valiant|Iron Valiant|100/100
|-enditem|p1a: Iron Valiant|Booster Energy
|-activate|p1a: Iron Valiant|ability: Quark Drive|[fromitem]
|-start|p1a: Iron Valiant|quarkdrivespe
|turn|8
|inactive|bryanblud has 120 seconds left.
|
|t:|1776136535
|move|p1a: Iron Valiant|Knock Off|p2a: Moltres
|-damage|p2a: Moltres|0 fnt
|-status|p1a: Iron Valiant|brn|[from] ability: Flame Body|[of] p2a: Moltres
|-enditem|p2a: Moltres|Choice Specs|[from] move: Knock Off|[of] p1a: Iron Valiant
|faint|p2a: Moltres
|
|-damage|p1a: Iron Valiant|94/100 brn|[from] brn
|upkeep
|
|t:|1776136550
|switch|p2a: Iron Crown|Iron Crown|100/100
|turn|9
|
|t:|1776136554
|move|p1a: Iron Valiant|Knock Off|p2a: Iron Crown
|-supereffective|p2a: Iron Crown
|-damage|p2a: Iron Crown|73/100
|-enditem|p2a: Iron Crown|Choice Specs|[from] move: Knock Off|[of] p1a: Iron Valiant
|move|p2a: Iron Crown|Tachyon Cutter|p1a: Iron Valiant
|-supereffective|p1a: Iron Valiant
|-crit|p1a: Iron Valiant
|-damage|p1a: Iron Valiant|0 fnt
|faint|p1a: Iron Valiant
|-end|p1a: Iron Valiant|Quark Drive|[silent]
|-hitcount|p1: Iron Valiant|1
|
|upkeep
|
|t:|1776136562
|switch|p1a: Great Tusk|Great Tusk|100/100
|turn|10
|
|t:|1776136566
|-terastallize|p1a: Great Tusk|Fire
|move|p2a: Iron Crown|Psychic Noise|p1a: Great Tusk
|-damage|p1a: Great Tusk|46/100
|-start|p1a: Great Tusk|move: Heal Block
|move|p1a: Great Tusk|Rapid Spin|p2a: Iron Crown
|-resisted|p2a: Iron Crown
|-damage|p2a: Iron Crown|64/100
|-boost|p1a: Great Tusk|spe|1
|
|upkeep
|turn|11
|
|t:|1776136579
|-end|p2a: Iron Crown|Quark Drive|[silent]
|switch|p2a: Great Tusk|Great Tusk|100/100
|move|p1a: Great Tusk|Headlong Rush|p2a: Great Tusk
|-damage|p2a: Great Tusk|55/100
|-unboost|p1a: Great Tusk|def|1
|-unboost|p1a: Great Tusk|spd|1
|
|-end|p1a: Great Tusk|move: Heal Block
|upkeep
|turn|12
|
|t:|1776136590
|move|p2a: Great Tusk|Headlong Rush|p1a: Great Tusk
|-supereffective|p1a: Great Tusk
|-damage|p1a: Great Tusk|0 fnt
|-unboost|p2a: Great Tusk|def|1
|-unboost|p2a: Great Tusk|spd|1
|faint|p1a: Great Tusk
|-end|p1a: Great Tusk|Protosynthesis|[silent]
|
|upkeep
|-message|bryanblud forfeited.
|
|win|Astelzhang
|raw|bryanblud's rating: 1430 &rarr; <strong>1413</strong><br />(-17 for losing)
|raw|Astelzhang's rating: 1489 &rarr; <strong>1506</strong><br />(+17 for winning)
|l|☆bryanblud
|player|p1|
