|j|☆encore21768768
|j|☆Abyssal Bot
|t:|1776335347
|gametype|singles
|player|p1|encore21768768|265|
|player|p2|Abyssal Bot|supernerd|
|teamsize|p1|6
|teamsize|p2|6
|gen|9
|tier|[Gen 9] OU
|rule|Species Clause: Limit one of each Pokémon
|rule|OHKO Clause: OHKO moves are banned
|rule|Evasion Items Clause: Evasion items are banned
|rule|Evasion Moves Clause: Evasion moves are banned
|rule|Endless Battle Clause: Forcing endless battles is banned
|rule|HP Percentage Mod: HP is shown in percentages
|rule|Sleep Moves Clause: Sleep-inducing moves are banned
|clearpoke
|poke|p1|Volcanion|
|poke|p1|Polteageist|
|poke|p1|Kingdra, F|
|poke|p1|Scrafty, F|
|poke|p1|Raging Bolt|
|poke|p1|Great Tusk|
|poke|p2|Ting-Lu|
|poke|p2|Dragapult, F|
|poke|p2|Slowking-Galar, F|
|poke|p2|Kingambit, M|
|poke|p2|Gliscor, F|
|poke|p2|Zamazenta-*|
|teampreview
|c|☆Abyssal Bot|**WARNING**: Expect much hax.
|inactive|Battle timer is ON: inactive players will automatically lose when time's up. (requested by Abyssal Bot)
|j|*Turbo Bottttt
|
|t:|1776335356
|start
|switch|p1a: Volcanion|Volcanion|100/100
|switch|p2a: Gliscor|Gliscor, F|100/100
|turn|1
|
|t:|1776335360
|move|p2a: Gliscor|Earthquake|p1a: Volcanion
|-supereffective|p1a: Volcanion
|-damage|p1a: Volcanion|61/100
|move|p1a: Volcanion|Will-O-Wisp|p2a: Gliscor|[miss]
|-miss|p1a: Volcanion|p2a: Gliscor
|
|-status|p2a: Gliscor|tox|[from] item: Toxic Orb
|upkeep
|turn|2
|c|☆Abyssal Bot|That thing needs an eye doctor
|
|t:|1776335365
|move|p2a: Gliscor|Earthquake|p1a: Volcanion
|-supereffective|p1a: Volcanion
|-damage|p1a: Volcanion|23/100
|move|p1a: Volcanion|Steam Eruption|p2a: Gliscor
|-supereffective|p2a: Gliscor
|-damage|p2a: Gliscor|18/100 tox
|
|-heal|p2a: Gliscor|31/100 tox|[from] ability: Poison Heal
|upkeep
|turn|3
|
|t:|1776335370
|switch|p1a: Great Tusk|Great Tusk|100/100
|move|p2a: Gliscor|Earthquake|p1a: Great Tusk
|-damage|p1a: Great Tusk|79/100
|
|-heal|p2a: Gliscor|43/100 tox|[from] ability: Poison Heal
|upkeep
|turn|4
|
|t:|1776335371
|move|p2a: Gliscor|Protect|p2a: Gliscor
|-singleturn|p2a: Gliscor|Protect
|move|p1a: Great Tusk|Bulk Up|p1a: Great Tusk
|-boost|p1a: Great Tusk|atk|1
|-boost|p1a: Great Tusk|def|1
|
|-heal|p2a: Gliscor|56/100 tox|[from] ability: Poison Heal
|upkeep
|turn|5
|
|t:|1776335375
|move|p1a: Great Tusk|Rapid Spin|p2a: Gliscor
|-damage|p2a: Gliscor|38/100 tox
|-boost|p1a: Great Tusk|spe|1
|move|p2a: Gliscor|Earthquake|p1a: Great Tusk
|-damage|p1a: Great Tusk|63/100
|
|-heal|p2a: Gliscor|50/100 tox|[from] ability: Poison Heal
|upkeep
|turn|6
|
|t:|1776335378
|move|p2a: Gliscor|Protect|p2a: Gliscor
|-singleturn|p2a: Gliscor|Protect
|move|p1a: Great Tusk|Bulk Up|p1a: Great Tusk
|-boost|p1a: Great Tusk|atk|1
|-boost|p1a: Great Tusk|def|1
|
|-heal|p2a: Gliscor|63/100 tox|[from] ability: Poison Heal
|upkeep
|turn|7
|
|t:|1776335380
|move|p1a: Great Tusk|Ice Spinner|p2a: Gliscor
|-supereffective|p2a: Gliscor
|-damage|p2a: Gliscor|0 tox
|faint|p2a: Gliscor
|
|upkeep
|
|t:|1776335381
|switch|p2a: Dragapult|Dragapult, F|100/100
|turn|8
|
|t:|1776335383
|move|p1a: Great Tusk|Ice Spinner|p2a: Dragapult
|-supereffective|p2a: Dragapult
|-damage|p2a: Dragapult|0
|faint|p2a: Dragapult
|
|upkeep
|
|t:|1776335383
|switch|p2a: Zamazenta|Zamazenta|100/100
|-ability|p2a: Zamazenta|Dauntless Shield|boost
|-boost|p2a: Zamazenta|def|1
|turn|9
|
|t:|1776335386
|move|p1a: Great Tusk|Earthquake|p2a: Zamazenta
|-damage|p2a: Zamazenta|48/100
|move|p2a: Zamazenta|Roar|p1a: Great Tusk
|-end|p1a: Great Tusk|Protosynthesis|[silent]
|drag|p1a: Polteageist|Polteageist|100/100
|
|upkeep
|turn|10
|
|t:|1776335390
|move|p2a: Zamazenta|Crunch|p1a: Polteageist
|-supereffective|p1a: Polteageist
|-damage|p1a: Polteageist|26/100
|-ability|p1a: Polteageist|Weak Armor|boost
|-unboost|p1a: Polteageist|def|1
|-boost|p1a: Polteageist|spe|2
|move|p1a: Polteageist|Shell Smash|p1a: Polteageist
|-unboost|p1a: Polteageist|def|1
|-unboost|p1a: Polteageist|spd|1
|-boost|p1a: Polteageist|atk|2
|-boost|p1a: Polteageist|spa|2
|-boost|p1a: Polteageist|spe|2
|
|upkeep
|turn|11
|
|t:|1776335392
|move|p1a: Polteageist|Stored Power|p2a: Zamazenta
|-supereffective|p2a: Zamazenta
|-damage|p2a: Zamazenta|0
|faint|p2a: Zamazenta
|
|upkeep
|
|t:|1776335392
|switch|p2a: Kingambit|Kingambit, M|100/100
|-activate|p2a: Kingambit|ability: Supreme Overlord
|-start|p2a: Kingambit|fallen3|[silent]
|turn|12
|
|t:|1776335395
|move|p1a: Polteageist|Shadow Ball|p2a: Kingambit
|-resisted|p2a: Kingambit
|-damage|p2a: Kingambit|65/100
|move|p2a: Kingambit|Iron Head|p1a: Polteageist
|-damage|p1a: Polteageist|0
|faint|p1a: Polteageist
|
|-heal|p2a: Kingambit|71/100|[from] item: Leftovers
|upkeep
|
|t:|1776335404
|switch|p1a: Scrafty|Scrafty, F|100/100
|turn|13
|
|t:|1776335406
|move|p1a: Scrafty|Rain Dance|p1a: Scrafty
|-weather|Rain Dance
|move|p2a: Kingambit|Iron Head|p1a: Scrafty
|-damage|p1a: Scrafty|40/100
|
|-weather|Rain Dance|[upkeep]
|-heal|p2a: Kingambit|77/100|[from] item: Leftovers
|upkeep
|turn|14
|
|t:|1776335409
|move|p1a: Scrafty|Drain Punch|p2a: Kingambit
|-supereffective|p2a: Kingambit
|-damage|p2a: Kingambit|4/100
|-heal|p1a: Scrafty|84/100|[from] drain|[of] p2a: Kingambit
|move|p2a: Kingambit|Iron Head|p1a: Scrafty
|-damage|p1a: Scrafty|30/100
|
|-weather|Rain Dance|[upkeep]
|-heal|p2a: Kingambit|10/100|[from] item: Leftovers
|upkeep
|turn|15
|
|t:|1776335414
|move|p1a: Scrafty|Drain Punch|p2a: Kingambit
|-supereffective|p2a: Kingambit
|-crit|p2a: Kingambit
|-damage|p2a: Kingambit|0
|-heal|p1a: Scrafty|36/100|[from] drain|[of] p2a: Kingambit
|faint|p2a: Kingambit
|-end|p2a: Kingambit|fallen3|[silent]
|
|-weather|Rain Dance|[upkeep]
|upkeep
|c|☆Abyssal Bot|I should be the one who gets hax ;-;
|
|t:|1776335414
|switch|p2a: Slowking|Slowking-Galar, F|100/100
|turn|16
|
|t:|1776335416
|move|p1a: Scrafty|Bulk Up|p1a: Scrafty
|-boost|p1a: Scrafty|atk|1
|-boost|p1a: Scrafty|def|1
|move|p2a: Slowking|Flamethrower|p1a: Scrafty
|-damage|p1a: Scrafty|29/100
|
|-weather|Rain Dance|[upkeep]
|upkeep
|turn|17
|
|t:|1776335419
|move|p1a: Scrafty|Crunch|p2a: Slowking
|-supereffective|p2a: Slowking
|-damage|p2a: Slowking|21/100
|move|p2a: Slowking|Sludge Bomb|p1a: Scrafty
|-damage|p1a: Scrafty|5/100
|-status|p1a: Scrafty|psn
|
|-weather|Rain Dance|[upkeep]
|-damage|p1a: Scrafty|0 psn|[from] psn|[of] p2a: Slowking
|faint|p1a: Scrafty
|upkeep
|
|t:|1776335430
|switch|p1a: Kingdra|Kingdra, F|100/100
|turn|18
|
|t:|1776335433
|move|p1a: Kingdra|Focus Energy|p1a: Kingdra
|-start|p1a: Kingdra|move: Focus Energy
|move|p2a: Slowking|Chilly Reception|p2a: Slowking
|-weather|Snow
|
|t:|1776335433
|switch|p2a: Ting-Lu|Ting-Lu|100/100|[from] Chilly Reception
|-ability|p2a: Ting-Lu|Vessel of Ruin
|
|-weather|Snow|[upkeep]
|upkeep
|turn|19
|
|t:|1776335437
|switch|p2a: Slowking|Slowking-Galar, F|54/100
|move|p1a: Kingdra|Scald|p2a: Slowking
|-crit|p2a: Slowking
|-damage|p2a: Slowking|20/100
|
|-weather|Snow|[upkeep]
|upkeep
|turn|20
|c|☆Abyssal Bot|Oh crap, that crit...
|
|t:|1776335440
|move|p1a: Kingdra|Scald|p2a: Slowking
|-crit|p2a: Slowking
|-damage|p2a: Slowking|0
|faint|p2a: Slowking
|
|-weather|Snow|[upkeep]
|upkeep
|c|☆Abyssal Bot|Oh crap, that crit...
|
|t:|1776335440
|switch|p2a: Ting-Lu|Ting-Lu|100/100
|-ability|p2a: Ting-Lu|Vessel of Ruin
|turn|21
|
|t:|1776335442
|move|p1a: Kingdra|Scald|p2a: Ting-Lu
|-supereffective|p2a: Ting-Lu
|-crit|p2a: Ting-Lu
|-damage|p2a: Ting-Lu|44/100
|move|p2a: Ting-Lu|Earthquake|p1a: Kingdra
|-damage|p1a: Kingdra|64/100
|
|-weather|Snow|[upkeep]
|-heal|p2a: Ting-Lu|50/100|[from] item: Leftovers
|upkeep
|turn|22
|c|☆Abyssal Bot|Oh crap, that crit...
|
|t:|1776335444
|move|p1a: Kingdra|Scald|p2a: Ting-Lu
|-supereffective|p2a: Ting-Lu
|-crit|p2a: Ting-Lu
|-damage|p2a: Ting-Lu|1/100
|-status|p2a: Ting-Lu|brn
|move|p2a: Ting-Lu|Earthquake|p1a: Kingdra
|-damage|p1a: Kingdra|43/100
|
|-weather|none
|-heal|p2a: Ting-Lu|7/100 brn|[from] item: Leftovers
|-damage|p2a: Ting-Lu|1/100 brn|[from] brn|[of] p1a: Kingdra
|upkeep
|turn|23
|c|☆Abyssal Bot|Oh crap, that crit...
|
|t:|1776335450
|move|p1a: Kingdra|Ice Beam|p2a: Ting-Lu
|-supereffective|p2a: Ting-Lu
|-crit|p2a: Ting-Lu
|-damage|p2a: Ting-Lu|0 brn
|faint|p2a: Ting-Lu
|
|win|encore21768768
|c|☆Abyssal Bot|Oh crap, that crit...
|c|☆Abyssal Bot|Well Played.
|l|☆Abyssal Bot
|player|p2|
|l|*Turbo Bottttt
