|html|<div class="broadcast-blue"><strong>[Gen 9] OU is currently suspecting Tera Blast! For information on how to participate check out the <a href="https://www.smogon.com/tools/suspects/view/200">suspect thread</a>.</strong></div>
|j|‽alfaro46
|j|☆no1stallh8er
|t:|1776068050
|gametype|singles
|player|p1|alfaro46|265|1225
|player|p2|no1stallh8er|nurse|1266
|gen|9
|tier|[Gen 9] OU
|rated|
|rule|HP Percentage Mod: HP is shown in percentages
|rule|Endless Battle Clause: Forcing endless battles is banned
|rule|Species Clause: Limit one of each Pokémon
|rule|OHKO Clause: OHKO moves are banned
|rule|Evasion Items Clause: Evasion items are banned
|rule|Evasion Moves Clause: Evasion moves are banned
|rule|Evasion Abilities Clause: Evasion abilities are banned
|rule|Sleep Moves Clause: Sleep-inducing moves are banned
|clearpoke
|poke|p1|Ninetales-Alola, F|
|poke|p1|Sandslash-Alola, M|
|poke|p1|Slowking-Galar, F|
|poke|p1|Dragonite, F|
|poke|p1|Beartic, M|
|poke|p1|Heatran, M|
|poke|p2|Great Tusk|
|poke|p2|Walking Wake|
|poke|p2|Venusaur, M|
|poke|p2|Ninetales, M|
|poke|p2|Raging Bolt|
|poke|p2|Hoopa-Unbound|
|teampreview
|c|☆no1stallh8er|glhf
|
|t:|1776068066
|teamsize|p1|6
|teamsize|p2|6
|start
|switch|p1a: Dragonite|Dragonite, F|100/100
|switch|p2a: Great Tusk|Great Tusk|100/100
|turn|1
|
|t:|1776068070
|move|p2a: Great Tusk|Rapid Spin|p1a: Dragonite
|-damage|p1a: Dragonite|91/100
|-boost|p2a: Great Tusk|spe|1
|move|p1a: Dragonite|Dragon Dance|p1a: Dragonite
|-boost|p1a: Dragonite|atk|1
|-boost|p1a: Dragonite|spe|1
|
|upkeep
|turn|2
|
|t:|1776068078
|move|p2a: Great Tusk|Ice Spinner|p1a: Dragonite
|-supereffective|p1a: Dragonite
|-damage|p1a: Dragonite|0 fnt
|faint|p1a: Dragonite
|
|upkeep
|
|t:|1776068082
|switch|p1a: Ninetales|Ninetales-Alola, F|100/100
|-weather|Snowscape|[from] ability: Snow Warning|[of] p1a: Ninetales
|turn|3
|
|t:|1776068085
|-end|p2a: Great Tusk|Protosynthesis|[silent]
|switch|p2a: Ninetales|Ninetales, M|100/100
|-weather|SunnyDay|[from] ability: Drought|[of] p2a: Ninetales
|move|p1a: Ninetales|Aurora Veil||[still]
|-fail|p1a: Ninetales
|
|-weather|SunnyDay|[upkeep]
|upkeep
|turn|4
|
|t:|1776068092
|switch|p1a: Heatran|Heatran, M|100/100
|-item|p1a: Heatran|Air Balloon
|switch|p2a: Great Tusk|Great Tusk|100/100
|-activate|p2a: Great Tusk|ability: Protosynthesis
|-start|p2a: Great Tusk|protosynthesisatk
|
|-weather|SunnyDay|[upkeep]
|upkeep
|turn|5
|
|t:|1776068107
|move|p1a: Heatran|Magma Storm|p2a: Great Tusk
|-damage|p2a: Great Tusk|26/100
|-activate|p2a: Great Tusk|move: Magma Storm|[of] p1a: Heatran
|move|p2a: Great Tusk|Close Combat|p1a: Heatran
|-supereffective|p1a: Heatran
|-damage|p1a: Heatran|0 fnt
|-unboost|p2a: Great Tusk|def|1
|-unboost|p2a: Great Tusk|spd|1
|-enditem|p1a: Heatran|Air Balloon
|faint|p1a: Heatran
|
|-weather|SunnyDay|[upkeep]
|-end|p2a: Great Tusk|Magma Storm|[partiallytrapped]|[silent]
|upkeep
|
|t:|1776068117
|switch|p1a: Ninetales|Ninetales-Alola, F|100/100
|-weather|Snowscape|[from] ability: Snow Warning|[of] p1a: Ninetales
|-end|p2a: Great Tusk|Protosynthesis
|turn|6
|
|t:|1776068122
|-end|p2a: Great Tusk|Protosynthesis|[silent]
|switch|p2a: Ninetales|Ninetales, M|100/100
|-weather|SunnyDay|[from] ability: Drought|[of] p2a: Ninetales
|move|p1a: Ninetales|Moonblast|p2a: Ninetales
|-resisted|p2a: Ninetales
|-damage|p2a: Ninetales|83/100
|
|-weather|SunnyDay|[upkeep]
|upkeep
|turn|7
|
|t:|1776068130
|switch|p1a: Slowking|Slowking-Galar, F|100/100
|move|p2a: Ninetales|Weather Ball|p1a: Slowking
|-damage|p1a: Slowking|73/100
|
|-weather|SunnyDay|[upkeep]
|-heal|p1a: Slowking|79/100|[from] item: Leftovers
|upkeep
|turn|8
|
|t:|1776068149
|switch|p2a: Hoopa|Hoopa-Unbound|100/100
|-prepare|p1a: Slowking|Chilly Reception|[premajor]
|move|p1a: Slowking|Chilly Reception|p1a: Slowking
|-weather|Snowscape
|
|t:|1776068163
|switch|p1a: Beartic|Beartic, M|100/100|[from] Chilly Reception
|
|-weather|Snowscape|[upkeep]
|upkeep
|turn|9
|
|t:|1776068174
|-terastallize|p1a: Beartic|Ice
|move|p1a: Beartic|Icicle Crash|p2a: Hoopa
|-damage|p2a: Hoopa|0 fnt
|faint|p2a: Hoopa
|-damage|p1a: Beartic|91/100|[from] item: Life Orb
|
|-weather|Snowscape|[upkeep]
|upkeep
|
|t:|1776068178
|switch|p2a: Ninetales|Ninetales, M|83/100
|-weather|SunnyDay|[from] ability: Drought|[of] p2a: Ninetales
|turn|10
|
|t:|1776068189
|switch|p1a: Slowking|Slowking-Galar, F|100/100
|move|p2a: Ninetales|Weather Ball|p1a: Slowking
|-damage|p1a: Slowking|76/100
|
|-weather|SunnyDay|[upkeep]
|-heal|p1a: Slowking|82/100|[from] item: Leftovers
|upkeep
|turn|11
|
|t:|1776068206
|switch|p2a: Great Tusk|Great Tusk|26/100
|-activate|p2a: Great Tusk|ability: Protosynthesis
|-start|p2a: Great Tusk|protosynthesisatk
|-prepare|p1a: Slowking|Chilly Reception|[premajor]
|move|p1a: Slowking|Chilly Reception|p1a: Slowking
|-weather|Snowscape
|-end|p2a: Great Tusk|Protosynthesis
|
|t:|1776068217
|switch|p1a: Sandslash|Sandslash-Alola, M|100/100|[from] Chilly Reception
|
|-weather|Snowscape|[upkeep]
|upkeep
|turn|12
|
|t:|1776068224
|-end|p2a: Great Tusk|Protosynthesis|[silent]
|switch|p2a: Ninetales|Ninetales, M|83/100
|-weather|SunnyDay|[from] ability: Drought|[of] p2a: Ninetales
|move|p1a: Sandslash|Earthquake|p2a: Ninetales
|-supereffective|p2a: Ninetales
|-damage|p2a: Ninetales|4/100
|
|-weather|SunnyDay|[upkeep]
|upkeep
|turn|13
|
|t:|1776068232
|switch|p2a: Great Tusk|Great Tusk|26/100
|-activate|p2a: Great Tusk|ability: Protosynthesis
|-start|p2a: Great Tusk|protosynthesisatk
|switch|p1a: Slowking|Slowking-Galar, F|100/100
|
|-weather|SunnyDay|[upkeep]
|upkeep
|turn|14
|
|t:|1776068254
|move|p2a: Great Tusk|Headlong Rush|p1a: Slowking
|-supereffective|p1a: Slowking
|-damage|p1a: Slowking|0 fnt
|-unboost|p2a: Great Tusk|def|1
|-unboost|p2a: Great Tusk|spd|1
|faint|p1a: Slowking
|
|-weather|SunnyDay|[upkeep]
|upkeep
|
|t:|1776068258
|switch|p1a: Ninetales|Ninetales-Alola, F|100/100
|-weather|Snowscape|[from] ability: Snow Warning|[of] p1a: Ninetales
|-end|p2a: Great Tusk|Protosynthesis
|turn|15
|
|t:|1776068266
|move|p1a: Ninetales|Moonblast|p2a: Great Tusk
|-supereffective|p2a: Great Tusk
|-crit|p2a: Great Tusk
|-damage|p2a: Great Tusk|0 fnt
|faint|p2a: Great Tusk
|-end|p2a: Great Tusk|Protosynthesis|[silent]
|
|-weather|Snowscape|[upkeep]
|upkeep
|
|t:|1776068273
|switch|p2a: Ninetales|Ninetales, M|4/100
|-weather|SunnyDay|[from] ability: Drought|[of] p2a: Ninetales
|turn|16
|
|t:|1776068277
|switch|p2a: Venusaur|Venusaur, M|100/100
|move|p1a: Ninetales|Moonblast|p2a: Venusaur
|-resisted|p2a: Venusaur
|-damage|p2a: Venusaur|79/100
|
|-weather|SunnyDay|[upkeep]
|upkeep
|turn|17
|
|t:|1776068284
|move|p2a: Venusaur|Weather Ball|p1a: Ninetales
|-supereffective|p1a: Ninetales
|-damage|p1a: Ninetales|0 fnt
|faint|p1a: Ninetales
|-damage|p2a: Venusaur|69/100|[from] item: Life Orb
|
|-weather|SunnyDay|[upkeep]
|upkeep
|-message|alfaro46 forfeited.
|
|win|no1stallh8er
|raw|alfaro46's rating: 1225 &rarr; <strong>1203</strong><br />(-22 for losing)
|raw|no1stallh8er's rating: 1266 &rarr; <strong>1288</strong><br />(+22 for winning)
|l|‽alfaro46
|player|p1|
|l|☆no1stallh8er
|player|p2|
