|html|<div class="broadcast-blue"><strong>[Gen 9] OU is currently suspecting Tera Blast! For information on how to participate check out the <a href="https://www.smogon.com/tools/suspects/view/200">suspect thread</a>.</strong></div>
|j|☆somilgo
|j|☆l0lill
|t:|1776199401
|gametype|singles
|player|p1|somilgo|1|1174
|player|p2|l0lill|flannery|1145
|gen|9
|tier|[Gen 9] OU
|rated|
|rule|HP Percentage Mod: HP is shown in percentages
|rule|Endless Battle Clause: Forcing endless battles is banned
|rule|Species Clause: Limit one of each Pokémon
|rule|OHKO Clause: OHKO moves are banned
|rule|Evasion Items Clause: Evasion items are banned
|rule|Evasion Moves Clause: Evasion moves are banned
|rule|Evasion Abilities Clause: Evasion abilities are banned
|rule|Sleep Moves Clause: Sleep-inducing moves are banned
|clearpoke
|poke|p1|Zamazenta-*|
|poke|p1|Dragapult, M|
|poke|p1|Great Tusk|
|poke|p1|Kingambit, F|
|poke|p1|Clefable, F|
|poke|p1|Ogerpon-Wellspring, F|
|poke|p2|Hatterene, F|
|poke|p2|Cinderace, F|
|poke|p2|Uxie|
|poke|p2|Ursaluna, F|
|poke|p2|Torkoal, M|
|poke|p2|Iron Hands|
|teampreview
|
|t:|1776199462
|teamsize|p1|6
|teamsize|p2|6
|start
|switch|p1a: Great Tusk|Great Tusk|100/100
|switch|p2a: Clockwork|Uxie|100/100
|turn|1
|
|t:|1776199487
|-end|p1a: Great Tusk|Protosynthesis|[silent]
|switch|p1a: Ogerpon|Ogerpon-Wellspring, F|100/100
|move|p2a: Clockwork|Encore||[still]
|-fail|p2a: Clockwork
|
|upkeep
|turn|2
|
|t:|1776199513
|move|p1a: Ogerpon|Knock Off|p2a: Clockwork
|-supereffective|p2a: Clockwork
|-enditem|p2a: Clockwork|Colbur Berry|[eat]
|-enditem|p2a: Clockwork|Colbur Berry|[weaken]
|-damage|p2a: Clockwork|74/100
|move|p2a: Clockwork|Stealth Rock|p1a: Ogerpon
|-sidestart|p1: somilgo|move: Stealth Rock
|
|upkeep
|turn|3
|
|t:|1776199522
|move|p1a: Ogerpon|Knock Off|p2a: Clockwork
|-supereffective|p2a: Clockwork
|-crit|p2a: Clockwork
|-damage|p2a: Clockwork|12/100
|move|p2a: Clockwork|Trick Room|p2a: Clockwork
|-fieldstart|move: Trick Room|[of] p2a: Clockwork
|
|upkeep
|turn|4
|
|t:|1776199529
|move|p2a: Clockwork|Memento|p1a: Ogerpon
|-unboost|p1a: Ogerpon|atk|2
|-unboost|p1a: Ogerpon|spa|2
|faint|p2a: Clockwork
|move|p1a: Ogerpon|Knock Off|p2: Clockwork|[notarget]
|-fail|p1a: Ogerpon
|
|upkeep
|
|t:|1776199542
|switch|p2a: Ultimate Wildmutt|Ursaluna, F|100/100
|turn|5
|
|t:|1776199603
|switch|p1a: Zamazenta|Zamazenta|100/100
|-ability|p1a: Zamazenta|Dauntless Shield|boost
|-boost|p1a: Zamazenta|def|1
|move|p2a: Ultimate Wildmutt|Swords Dance|p2a: Ultimate Wildmutt
|-boost|p2a: Ultimate Wildmutt|atk|2
|
|-status|p2a: Ultimate Wildmutt|brn|[from] item: Flame Orb
|upkeep
|turn|6
|
|t:|1776199618
|move|p2a: Ultimate Wildmutt|Facade|p1a: Zamazenta
|-damage|p1a: Zamazenta|0 fnt
|faint|p1a: Zamazenta
|
|-damage|p2a: Ultimate Wildmutt|94/100 brn|[from] brn
|upkeep
|
|t:|1776199629
|switch|p1a: Ogerpon|Ogerpon-Wellspring, F|100/100
|-damage|p1a: Ogerpon|88/100|[from] Stealth Rock
|turn|7
|
|t:|1776199633
|move|p2a: Ultimate Wildmutt|Facade|p1a: Ogerpon
|-damage|p1a: Ogerpon|0 fnt
|faint|p1a: Ogerpon
|
|-damage|p2a: Ultimate Wildmutt|88/100 brn|[from] brn
|-fieldend|move: Trick Room
|upkeep
|
|t:|1776199650
|switch|p1a: Dragapult|Dragapult, M|100/100
|-damage|p1a: Dragapult|88/100|[from] Stealth Rock
|turn|8
|
|t:|1776199656
|move|p1a: Dragapult|Draco Meteor|p2a: Ultimate Wildmutt
|-damage|p2a: Ultimate Wildmutt|9/100 brn
|-unboost|p1a: Dragapult|spa|2
|move|p2a: Ultimate Wildmutt|Crunch|p1a: Dragapult
|-supereffective|p1a: Dragapult
|-damage|p1a: Dragapult|0 fnt
|faint|p1a: Dragapult
|
|-damage|p2a: Ultimate Wildmutt|3/100 brn|[from] brn
|upkeep
|
|t:|1776199660
|switch|p1a: Kingambit|Kingambit, F|100/100
|-damage|p1a: Kingambit|94/100|[from] Stealth Rock
|-activate|p1a: Kingambit|ability: Supreme Overlord
|-start|p1a: Kingambit|fallen3|[silent]
|turn|9
|
|t:|1776199666
|move|p1a: Kingambit|Sucker Punch|p2a: Ultimate Wildmutt
|-damage|p2a: Ultimate Wildmutt|0 fnt
|faint|p2a: Ultimate Wildmutt
|
|upkeep
|
|t:|1776199669
|switch|p2a: Swampfire|Cinderace, F|100/100
|turn|10
|
|t:|1776199688
|move|p2a: Swampfire|Pyro Ball|p1a: Kingambit
|-supereffective|p1a: Kingambit
|-damage|p1a: Kingambit|12/100
|move|p1a: Kingambit|Swords Dance|p1a: Kingambit
|-boost|p1a: Kingambit|atk|2
|
|upkeep
|turn|11
|
|t:|1776199696
|move|p1a: Kingambit|Sucker Punch|p2a: Swampfire
|-damage|p2a: Swampfire|0 fnt
|faint|p2a: Swampfire
|
|upkeep
|
|t:|1776199702
|switch|p2a: Sumo Slammer|Iron Hands, shiny|100/100
|-enditem|p2a: Sumo Slammer|Booster Energy
|-activate|p2a: Sumo Slammer|ability: Quark Drive|[fromitem]
|-start|p2a: Sumo Slammer|quarkdrivedef
|turn|12
|
|t:|1776199713
|-end|p1a: Kingambit|fallen3|[silent]
|switch|p1a: Great Tusk|Great Tusk|100/100
|-damage|p1a: Great Tusk|98/100|[from] Stealth Rock
|move|p2a: Sumo Slammer|Drain Punch|p1a: Great Tusk
|-damage|p1a: Great Tusk|80/100
|
|-heal|p1a: Great Tusk|86/100|[from] item: Leftovers
|upkeep
|turn|13
|
|t:|1776199720
|move|p1a: Great Tusk|Earthquake|p2a: Sumo Slammer
|-supereffective|p2a: Sumo Slammer
|-damage|p2a: Sumo Slammer|67/100
|move|p2a: Sumo Slammer|Ice Punch|p1a: Great Tusk
|-supereffective|p1a: Great Tusk
|-damage|p1a: Great Tusk|63/100
|
|-heal|p1a: Great Tusk|69/100|[from] item: Leftovers
|upkeep
|turn|14
|
|t:|1776199742
|move|p1a: Great Tusk|Earthquake|p2a: Sumo Slammer
|-supereffective|p2a: Sumo Slammer
|-damage|p2a: Sumo Slammer|33/100
|move|p2a: Sumo Slammer|Ice Punch|p1a: Great Tusk
|-supereffective|p1a: Great Tusk
|-damage|p1a: Great Tusk|47/100
|
|-heal|p1a: Great Tusk|53/100|[from] item: Leftovers
|upkeep
|turn|15
|
|t:|1776199752
|move|p1a: Great Tusk|Earthquake|p2a: Sumo Slammer
|-supereffective|p2a: Sumo Slammer
|-damage|p2a: Sumo Slammer|0 fnt
|faint|p2a: Sumo Slammer
|-end|p2a: Sumo Slammer|Quark Drive|[silent]
|
|-heal|p1a: Great Tusk|59/100|[from] item: Leftovers
|upkeep
|
|t:|1776199755
|switch|p2a: Goop|Hatterene, F|100/100
|turn|16
|
|t:|1776199770
|-end|p1a: Great Tusk|Protosynthesis|[silent]
|switch|p1a: Clefable|Clefable, F|100/100
|-damage|p1a: Clefable|88/100|[from] Stealth Rock
|move|p2a: Goop|Trick Room|p2a: Goop
|-fieldstart|move: Trick Room|[of] p2a: Goop
|
|-heal|p1a: Clefable|94/100|[from] item: Leftovers
|upkeep
|turn|17
|
|t:|1776199779
|move|p2a: Goop|Psychic|p1a: Clefable
|-damage|p1a: Clefable|59/100
|move|p1a: Clefable|Thunder Wave|p2a: Goop
|move|p2a: Goop|Thunder Wave|p1a: Clefable|[from] ability: Magic Bounce
|-status|p1a: Clefable|par
|
|-heal|p1a: Clefable|65/100 par|[from] item: Leftovers
|upkeep
|turn|18
|
|t:|1776199791
|move|p2a: Goop|Psychic|p1a: Clefable
|-damage|p1a: Clefable|26/100 par
|move|p1a: Clefable|Moonblast|p2a: Goop
|-damage|p2a: Goop|69/100
|-unboost|p2a: Goop|spa|1
|
|-heal|p1a: Clefable|32/100 par|[from] item: Leftovers
|upkeep
|turn|19
|
|t:|1776199796
|move|p2a: Goop|Psychic|p1a: Clefable
|-damage|p1a: Clefable|0 fnt
|faint|p1a: Clefable
|
|upkeep
|
|t:|1776199852
|switch|p1a: Kingambit|Kingambit, F|12/100
|-damage|p1a: Kingambit|6/100|[from] Stealth Rock
|-activate|p1a: Kingambit|ability: Supreme Overlord
|-start|p1a: Kingambit|fallen4|[silent]
|turn|20
|
|t:|1776199859
|move|p1a: Kingambit|Sucker Punch|p2a: Goop
|-damage|p2a: Goop|18/100
|move|p2a: Goop|Dazzling Gleam|p1a: Kingambit
|-damage|p1a: Kingambit|0 fnt
|faint|p1a: Kingambit
|-end|p1a: Kingambit|fallen4|[silent]
|
|-fieldend|move: Trick Room
|upkeep
|
|t:|1776199862
|switch|p1a: Great Tusk|Great Tusk|59/100
|-damage|p1a: Great Tusk|56/100|[from] Stealth Rock
|turn|21
|
|t:|1776199865
|move|p1a: Great Tusk|Knock Off|p2a: Goop
|-damage|p2a: Goop|0 fnt
|-enditem|p2a: Goop|Focus Sash|[from] move: Knock Off|[of] p1a: Great Tusk
|faint|p2a: Goop
|
|-heal|p1a: Great Tusk|62/100|[from] item: Leftovers
|upkeep
|
|t:|1776199867
|switch|p2a: Heatblast|Torkoal, M|100/100
|-weather|SunnyDay|[from] ability: Drought|[of] p2a: Heatblast
|-activate|p1a: Great Tusk|ability: Protosynthesis
|-start|p1a: Great Tusk|protosynthesisdef
|turn|22
|
|t:|1776199872
|-terastallize|p2a: Heatblast|Fire
|move|p1a: Great Tusk|Earthquake|p2a: Heatblast
|-supereffective|p2a: Heatblast
|-damage|p2a: Heatblast|35/100
|move|p2a: Heatblast|Solar Beam||[still]
|-prepare|p2a: Heatblast|Solar Beam
|-anim|p2a: Heatblast|Solar Beam|p1a: Great Tusk
|-supereffective|p1a: Great Tusk
|-crit|p1a: Great Tusk
|-damage|p1a: Great Tusk|0 fnt
|faint|p1a: Great Tusk
|-end|p1a: Great Tusk|Protosynthesis|[silent]
|
|win|l0lill
|raw|somilgo's rating: 1172 &rarr; <strong>1145</strong><br />(-27 for losing)
|raw|l0lill's rating: 1145 &rarr; <strong>1172</strong><br />(+27 for winning)
|c|☆l0lill|ggs
|l|☆somilgo
|player|p1|
