|j|☆encore21768768
|j|☆Abyssal Bot
|t:|1778516974
|gametype|singles
|player|p1|encore21768768|266|
|player|p2|Abyssal Bot|supernerd|
|teamsize|p1|6
|teamsize|p2|6
|gen|9
|tier|[Gen 9] OU
|rule|Species Clause: Limit one of each Pokémon
|rule|OHKO Clause: OHKO moves are banned
|rule|Evasion Items Clause: Evasion items are banned
|rule|Evasion Moves Clause: Evasion moves are banned
|rule|Endless Battle Clause: Forcing endless battles is banned
|rule|HP Percentage Mod: HP is shown in percentages
|rule|Sleep Moves Clause: Sleep-inducing moves are banned
|clearpoke
|poke|p1|Dragonite, F|
|poke|p1|Bellossom, M|
|poke|p1|Wigglytuff, F|
|poke|p1|Azumarill, F|
|poke|p1|Seadra, F|
|poke|p1|Tentacruel, F|
|poke|p2|Skarmory, F|
|poke|p2|Ting-Lu|
|poke|p2|Zamazenta-*|
|poke|p2|Weavile, F|
|poke|p2|Kyurem|
|poke|p2|Slowking-Galar, M|
|teampreview
|c|☆Abyssal Bot|Good Luck and Have Fun my Friend!
|inactive|Battle timer is ON: inactive players will automatically lose when time's up. (requested by Abyssal Bot)
|j|*Turbo Bottttt
|
|t:|1778516977
|start
|switch|p1a: Wigglytuff|Wigglytuff, F|100/100
|switch|p2a: Skarmory|Skarmory, F|100/100
|turn|1
|
|t:|1778516979
|move|p1a: Wigglytuff|Thunder|p2a: Skarmory
|-supereffective|p2a: Skarmory
|-damage|p2a: Skarmory|36/100
|-status|p2a: Skarmory|par
|move|p2a: Skarmory|Stealth Rock|p1a: Wigglytuff
|-sidestart|p1: encore21768768|move: Stealth Rock
|
|upkeep
|turn|2
|
|t:|1778516982
|move|p1a: Wigglytuff|Stealth Rock|p2a: Skarmory
|-sidestart|p2: Abyssal Bot|move: Stealth Rock
|move|p2a: Skarmory|Brave Bird|p1a: Wigglytuff
|-damage|p1a: Wigglytuff|58/100
|-damage|p2a: Skarmory|16/100 par|[from] Recoil
|
|upkeep
|turn|3
|
|t:|1778516984
|move|p1a: Wigglytuff|Ice Beam|p2a: Skarmory
|-damage|p2a: Skarmory|0 par
|faint|p2a: Skarmory
|
|upkeep
|
|t:|1778516984
|switch|p2a: Slowking|Slowking-Galar, M|100/100
|turn|4
|
|t:|1778516988
|move|p1a: Wigglytuff|Thunder|p2a: Slowking
|-damage|p2a: Slowking|87/100
|move|p2a: Slowking|Sludge Bomb|p1a: Wigglytuff
|-supereffective|p1a: Wigglytuff
|-damage|p1a: Wigglytuff|0
|faint|p1a: Wigglytuff
|
|upkeep
|
|t:|1778516991
|switch|p1a: Tentacruel|Tentacruel, F|100/100
|turn|5
|
|t:|1778516993
|move|p1a: Tentacruel|Knock Off|p2a: Slowking
|-supereffective|p2a: Slowking
|-damage|p2a: Slowking|54/100
|-enditem|p2a: Slowking|Heavy-Duty Boots|[from] move: Knock Off|[of] p1a: Tentacruel
|move|p2a: Slowking|Future Sight|p1a: Tentacruel
|-start|p2a: Slowking|move: Future Sight
|
|upkeep
|turn|6
|
|t:|1778516996
|move|p1a: Tentacruel|Rapid Spin|p2a: Slowking
|-damage|p2a: Slowking|46/100
|-boost|p1a: Tentacruel|spe|1
|-sideend|p1: encore21768768|Stealth Rock|[from] move: Rapid Spin|[of] p1a: Tentacruel
|move|p2a: Slowking|Future Sight||[still]
|-fail|p2a: Slowking
|
|upkeep
|turn|7
|
|t:|1778517008
|move|p1a: Tentacruel|Surf|p2a: Slowking
|-damage|p2a: Slowking|30/100
|move|p2a: Slowking|Chilly Reception|p2a: Slowking
|-weather|Snow
|
|t:|1778517008
|switch|p2a: Kyurem|Kyurem|100/100|[from] Chilly Reception
|-ability|p2a: Kyurem|Pressure
|
|-weather|Snow|[upkeep]
|-end|p1a: Tentacruel|move: Future Sight
|-supereffective|p1a: Tentacruel
|-damage|p1a: Tentacruel|49/100
|upkeep
|turn|8
|
|t:|1778517023
|move|p1a: Tentacruel|Knock Off|p2a: Kyurem
|-damage|p2a: Kyurem|91/100
|-enditem|p2a: Kyurem|Heavy-Duty Boots|[from] move: Knock Off|[of] p1a: Tentacruel
|move|p2a: Kyurem|Freeze-Dry|p1a: Tentacruel
|-supereffective|p1a: Tentacruel
|-damage|p1a: Tentacruel|3/100
|
|-weather|Snow|[upkeep]
|upkeep
|turn|9
|
|t:|1778517031
|move|p1a: Tentacruel|Ice Beam|p2a: Kyurem
|-damage|p2a: Kyurem|75/100
|move|p2a: Kyurem|Scale Shot|p1a: Tentacruel|[miss]
|-miss|p2a: Kyurem|p1a: Tentacruel
|
|-weather|Snow|[upkeep]
|upkeep
|turn|10
|c|☆Abyssal Bot|Uh Kyurem, you're as blind as Deino...
|
|t:|1778517038
|move|p1a: Tentacruel|Ice Beam|p2a: Kyurem
|-damage|p2a: Kyurem|59/100
|move|p2a: Kyurem|Scale Shot|p1a: Tentacruel
|-damage|p1a: Tentacruel|0
|faint|p1a: Tentacruel
|-hitcount|p1: Tentacruel|1
|-unboost|p2a: Kyurem|def|1
|-boost|p2a: Kyurem|spe|1
|
|-weather|Snow|[upkeep]
|upkeep
|
|t:|1778517053
|switch|p1a: Azumarill|Azumarill, F|100/100
|turn|11
|
|t:|1778517055
|switch|p2a: Slowking|Slowking-Galar, M|63/100
|-damage|p2a: Slowking|51/100|[from] Stealth Rock|[of] p1: Wigglytuff
|move|p1a: Azumarill|Play Rough|p2a: Slowking
|-resisted|p2a: Slowking
|-damage|p2a: Slowking|23/100
|
|-weather|none
|upkeep
|turn|12
|
|t:|1778517058
|move|p1a: Azumarill|Knock Off|p2a: Slowking
|-supereffective|p2a: Slowking
|-damage|p2a: Slowking|0
|faint|p2a: Slowking
|
|upkeep
|
|t:|1778517058
|switch|p2a: Kyurem|Kyurem|59/100
|-damage|p2a: Kyurem|34/100|[from] Stealth Rock|[of] p1: Wigglytuff
|-ability|p2a: Kyurem|Pressure
|turn|13
|
|t:|1778517063
|move|p2a: Kyurem|Earth Power|p1a: Azumarill
|-damage|p1a: Azumarill|78/100
|move|p1a: Azumarill|Play Rough|p2a: Kyurem
|-supereffective|p2a: Kyurem
|-damage|p2a: Kyurem|0
|faint|p2a: Kyurem
|
|upkeep
|
|t:|1778517063
|switch|p2a: Zamazenta|Zamazenta|100/100
|-ability|p2a: Zamazenta|Dauntless Shield|boost
|-boost|p2a: Zamazenta|def|1
|turn|14
|
|t:|1778517067
|move|p2a: Zamazenta|Heavy Slam|p1a: Azumarill
|-crit|p1a: Azumarill
|-damage|p1a: Azumarill|13/100
|move|p1a: Azumarill|Play Rough|p2a: Zamazenta
|-supereffective|p2a: Zamazenta
|-damage|p2a: Zamazenta|27/100
|
|upkeep
|turn|15
|c|☆Abyssal Bot|YASS!
|
|t:|1778517079
|move|p1a: Azumarill|Aqua Jet|p2a: Zamazenta
|-damage|p2a: Zamazenta|11/100
|move|p2a: Zamazenta|Stone Edge|p1a: Azumarill
|-damage|p1a: Azumarill|0
|faint|p1a: Azumarill
|
|upkeep
|
|t:|1778517086
|switch|p1a: Bellossom|Bellossom, M|100/100
|turn|16
|
|t:|1778517088
|move|p2a: Zamazenta|Close Combat|p1a: Bellossom
|-damage|p1a: Bellossom|23/100
|-unboost|p2a: Zamazenta|def|1
|-unboost|p2a: Zamazenta|spd|1
|move|p1a: Bellossom|Play Rough|p2a: Zamazenta
|-supereffective|p2a: Zamazenta
|-damage|p2a: Zamazenta|0
|faint|p2a: Zamazenta
|
|upkeep
|
|t:|1778517088
|switch|p2a: Weavile|Weavile, F|100/100
|turn|17
|
|t:|1778517090
|move|p2a: Weavile|Triple Axel|p1a: Bellossom
|-supereffective|p1a: Bellossom
|-damage|p1a: Bellossom|0
|faint|p1a: Bellossom
|-hitcount|p1: Bellossom|1
|
|upkeep
|
|t:|1778517100
|switch|p1a: Seadra|Seadra, F|100/100
|turn|18
|
|t:|1778517103
|move|p2a: Weavile|Knock Off|p1a: Seadra
|-damage|p1a: Seadra|75/100
|-enditem|p1a: Seadra|Eviolite|[from] move: Knock Off|[of] p2a: Weavile
|move|p1a: Seadra|Focus Energy|p1a: Seadra
|-start|p1a: Seadra|move: Focus Energy
|
|upkeep
|turn|19
|
|t:|1778517105
|move|p2a: Weavile|Knock Off|p1a: Seadra
|-damage|p1a: Seadra|47/100
|move|p1a: Seadra|Surf|p2a: Weavile
|-damage|p2a: Weavile|56/100
|
|upkeep
|turn|20
|
|t:|1778517107
|move|p2a: Weavile|Knock Off|p1a: Seadra
|-damage|p1a: Seadra|22/100
|move|p1a: Seadra|Surf|p2a: Weavile
|-crit|p2a: Weavile
|-damage|p2a: Weavile|0
|faint|p2a: Weavile
|
|upkeep
|c|☆Abyssal Bot|I should be the one who gets hax ;-;
|
|t:|1778517107
|switch|p2a: Ting-Lu|Ting-Lu|100/100
|-ability|p2a: Ting-Lu|Vessel of Ruin
|turn|21
|
|t:|1778517111
|move|p1a: Seadra|Surf|p2a: Ting-Lu
|-supereffective|p2a: Ting-Lu
|-damage|p2a: Ting-Lu|74/100
|move|p2a: Ting-Lu|Earthquake|p1a: Seadra
|-damage|p1a: Seadra|0
|faint|p1a: Seadra
|
|upkeep
|
|t:|1778517114
|switch|p1a: Dragonite|Dragonite, F|100/100
|turn|22
|
|t:|1778517115
|move|p1a: Dragonite|Encore|p2a: Ting-Lu
|-start|p2a: Ting-Lu|Encore
|move|p2a: Ting-Lu|Earthquake|p1a: Dragonite
|-immune|p1a: Dragonite
|
|upkeep
|turn|23
|
|t:|1778517117
|move|p1a: Dragonite|Dragon Dance|p1a: Dragonite
|-boost|p1a: Dragonite|atk|1
|-boost|p1a: Dragonite|spe|1
|move|p2a: Ting-Lu|Earthquake|p1a: Dragonite
|-immune|p1a: Dragonite
|
|upkeep
|turn|24
|
|t:|1778517119
|move|p1a: Dragonite|Dragon Dance|p1a: Dragonite
|-boost|p1a: Dragonite|atk|1
|-boost|p1a: Dragonite|spe|1
|move|p2a: Ting-Lu|Earthquake|p1a: Dragonite
|-immune|p1a: Dragonite
|
|-end|p2a: Ting-Lu|Encore
|upkeep
|turn|25
|
|t:|1778517122
|move|p1a: Dragonite|Encore|p2a: Ting-Lu
|-start|p2a: Ting-Lu|Encore
|move|p2a: Ting-Lu|Earthquake|p1a: Dragonite
|-immune|p1a: Dragonite
|
|upkeep
|turn|26
|
|t:|1778517124
|move|p1a: Dragonite|Dragon Dance|p1a: Dragonite
|-boost|p1a: Dragonite|atk|1
|-boost|p1a: Dragonite|spe|1
|move|p2a: Ting-Lu|Earthquake|p1a: Dragonite
|-immune|p1a: Dragonite
|
|upkeep
|turn|27
|
|t:|1778517126
|move|p1a: Dragonite|Scale Shot|p2a: Ting-Lu
|-damage|p2a: Ting-Lu|53/100
|-damage|p2a: Ting-Lu|33/100
|-damage|p2a: Ting-Lu|13/100
|-damage|p2a: Ting-Lu|0
|faint|p2a: Ting-Lu
|-hitcount|p2: Ting-Lu|4
|
|win|encore21768768
|c|☆Abyssal Bot|Well Played.
|l|☆Abyssal Bot
|player|p2|
|l|*Turbo Bottttt
