|html|<div class="broadcast-blue"><strong>[Gen 9] OU is currently suspecting Tera Blast! For information on how to participate check out the <a href="https://www.smogon.com/tools/suspects/view/200">suspect thread</a>.</strong></div>
|j|☆YukaSetogaya
|j|☆Trew Master
|t:|1776031684
|gametype|singles
|player|p1|YukaSetogaya|cynthia-gen4|1136
|player|p2|Trew Master|proton|1084
|gen|9
|tier|[Gen 9] OU
|rated|
|rule|HP Percentage Mod: HP is shown in percentages
|rule|Endless Battle Clause: Forcing endless battles is banned
|rule|Species Clause: Limit one of each Pokémon
|rule|OHKO Clause: OHKO moves are banned
|rule|Evasion Items Clause: Evasion items are banned
|rule|Evasion Moves Clause: Evasion moves are banned
|rule|Evasion Abilities Clause: Evasion abilities are banned
|rule|Sleep Moves Clause: Sleep-inducing moves are banned
|clearpoke
|poke|p1|Greninja-*, F|
|poke|p1|Iron Moth|
|poke|p1|Alomomola, M|
|poke|p1|Kingambit, F|
|poke|p1|Toxapex, M|
|poke|p1|Excadrill, F|
|poke|p2|Milotic, M|
|poke|p2|Primeape, F|
|poke|p2|Slaking, F|
|poke|p2|Salazzle, F|
|poke|p2|Zoroark-Hisui, M|
|poke|p2|Snorlax, F|
|teampreview
|inactive|Battle timer is ON: inactive players will automatically lose when time's up. (requested by YukaSetogaya)
|inactiveoff|Battle timer is now OFF.
|
|t:|1776031740
|teamsize|p1|6
|teamsize|p2|6
|start
|switch|p1a: Excadrill|Excadrill, F|100/100
|switch|p2a: Primeape|Primeape, F|100/100
|-ability|p1a: Excadrill|Mold Breaker
|turn|1
|
|t:|1776031754
|move|p2a: Primeape|Brick Break|p1a: Excadrill
|-supereffective|p1a: Excadrill
|-damage|p1a: Excadrill|7/100
|move|p1a: Excadrill|Stealth Rock|p2a: Primeape
|-sidestart|p2: Trew Master|move: Stealth Rock
|
|upkeep
|turn|2
|
|t:|1776031760
|switch|p1a: Alomomola|Alomomola, M, shiny|100/100
|move|p2a: Primeape|Brick Break|p1a: Alomomola
|-damage|p1a: Alomomola|81/100
|
|upkeep
|turn|3
|
|t:|1776031779
|move|p2a: Primeape|Close Combat|p1a: Alomomola
|-damage|p1a: Alomomola|51/100
|-unboost|p2a: Primeape|def|1
|-unboost|p2a: Primeape|spd|1
|move|p1a: Alomomola|Wish|p1a: Alomomola
|
|upkeep
|turn|4
|
|t:|1776031792
|move|p2a: Primeape|Brick Break|p1a: Alomomola
|-damage|p1a: Alomomola|33/100
|move|p1a: Alomomola|Flip Turn|p2a: Primeape
|-damage|p2a: Primeape|71/100
|inactive|Battle timer is ON: inactive players will automatically lose when time's up. (requested by Trew Master)
|
|t:|1776031841
|switch|p1a: Toxapex|Toxapex, M|100/100|[from] Flip Turn
|
|upkeep
|turn|5
|inactive|Trew Master has 120 seconds left.
|
|t:|1776031875
|switch|p2a: Snorlax|Snorlax, F|100/100
|-damage|p2a: Snorlax|88/100|[from] Stealth Rock
|move|p1a: Toxapex|Toxic|p2a: Snorlax
|-status|p2a: Snorlax|tox
|
|-damage|p2a: Snorlax|82/100 tox|[from] psn
|upkeep
|turn|6
|
|t:|1776031886
|move|p1a: Toxapex|Haze|p1a: Toxapex
|-clearallboost
|move|p2a: Snorlax|Double-Edge|p1a: Toxapex
|-damage|p1a: Toxapex|64/100
|-damage|p2a: Snorlax|75/100 tox|[from] Recoil
|
|-damage|p2a: Snorlax|63/100 tox|[from] psn
|upkeep
|turn|7
|
|t:|1776031900
|switch|p1a: Alomomola|Alomomola, M, shiny|66/100
|move|p2a: Snorlax|Double-Edge|p1a: Alomomola
|-damage|p1a: Alomomola|31/100
|-damage|p2a: Snorlax|51/100 tox|[from] Recoil
|
|-damage|p2a: Snorlax|33/100 tox|[from] psn
|upkeep
|-enditem|p2a: Snorlax|Iapapa Berry|[eat]
|-heal|p2a: Snorlax|66/100 tox|[from] item: Iapapa Berry
|turn|8
|inactive|Trew Master has 120 seconds left.
|
|t:|1776031943
|move|p1a: Alomomola|Protect|p1a: Alomomola
|-singleturn|p1a: Alomomola|Protect
|move|p2a: Snorlax|Double-Edge|p1a: Alomomola
|-activate|p1a: Alomomola|move: Protect
|
|-damage|p2a: Snorlax|42/100 tox|[from] psn
|upkeep
|turn|9
|
|t:|1776031963
|switch|p1a: Toxapex|Toxapex, M|97/100
|move|p2a: Snorlax|Double-Edge|p1a: Toxapex
|-crit|p1a: Toxapex
|-damage|p1a: Toxapex|39/100
|-damage|p2a: Snorlax|30/100 tox|[from] Recoil
|
|-damage|p2a: Snorlax|0 fnt|[from] psn
|faint|p2a: Snorlax
|upkeep
|
|t:|1776031978
|switch|p2a: Primeape|Primeape, F|100/100
|-damage|p2a: Primeape|88/100|[from] Stealth Rock
|turn|10
|
|t:|1776031988
|switch|p1a: Alomomola|Alomomola, M, shiny|64/100
|move|p2a: Primeape|Body Slam|p1a: Alomomola
|-damage|p1a: Alomomola|44/100
|
|upkeep
|turn|11
|
|t:|1776032003
|move|p2a: Primeape|Bitter Malice|p1a: Alomomola
|-damage|p1a: Alomomola|3/100
|-unboost|p1a: Alomomola|atk|1
|move|p1a: Alomomola|Wish|p1a: Alomomola
|
|upkeep
|turn|12
|
|t:|1776032011
|move|p1a: Alomomola|Protect|p1a: Alomomola
|-singleturn|p1a: Alomomola|Protect
|move|p2a: Primeape|Bitter Malice|p1a: Alomomola
|-activate|p1a: Alomomola|move: Protect
|
|-heal|p1a: Alomomola|53/100|[from] move: Wish|[wisher] Alomomola
|upkeep
|turn|13
|inactive|Trew Master has 90 seconds left.
|
|t:|1776032036
|move|p2a: Primeape|Bitter Malice|p1a: Alomomola
|-damage|p1a: Alomomola|16/100
|-unboost|p1a: Alomomola|atk|1
|move|p1a: Alomomola|Wish|p1a: Alomomola
|
|upkeep
|turn|14
|inactive|Trew Master has 90 seconds left.
|
|t:|1776032044
|move|p1a: Alomomola|Protect|p1a: Alomomola
|-singleturn|p1a: Alomomola|Protect
|move|p2a: Primeape|Bitter Malice|p1a: Alomomola
|-activate|p1a: Alomomola|move: Protect
|
|-heal|p1a: Alomomola|66/100|[from] move: Wish|[wisher] Alomomola
|upkeep
|turn|15
|
|t:|1776032061
|move|p2a: Primeape|Bitter Malice|p1a: Alomomola
|-damage|p1a: Alomomola|27/100
|-unboost|p1a: Alomomola|atk|1
|move|p1a: Alomomola|Flip Turn|p2a: Primeape
|-damage|p2a: Primeape|73/100
|replace|p2a: Zoroark|Zoroark-Hisui, M
|-end|p2a: Zoroark|Illusion
|inactive|YukaSetogaya has 120 seconds left.
|
|t:|1776032087
|switch|p1a: Kingambit|Kingambit, F|100/100|[from] Flip Turn
|
|upkeep
|turn|16
|inactive|YukaSetogaya has 120 seconds left.
|
|t:|1776032097
|switch|p2a: Salazzle|Salazzle, F|100/100
|-damage|p2a: Salazzle|76/100|[from] Stealth Rock
|move|p1a: Kingambit|Sucker Punch||[still]
|-fail|p1a: Kingambit
|
|upkeep
|turn|17
|
|t:|1776032107
|-end|p1a: Kingambit|fallenundefined|[silent]
|switch|p1a: Alomomola|Alomomola, M, shiny|60/100
|move|p2a: Salazzle|Fire Blast|p1a: Alomomola
|-resisted|p1a: Alomomola
|-damage|p1a: Alomomola|37/100
|
|upkeep
|turn|18
|inactive|Trew Master has 90 seconds left.
|
|t:|1776032138
|switch|p2a: Slaking|Slaking, F|100/100
|-damage|p2a: Slaking|88/100|[from] Stealth Rock
|move|p1a: Alomomola|Wish|p1a: Alomomola
|
|upkeep
|turn|19
|
|t:|1776032149
|move|p1a: Alomomola|Protect|p1a: Alomomola
|-singleturn|p1a: Alomomola|Protect
|move|p2a: Slaking|Body Slam|p1a: Alomomola
|-activate|p1a: Alomomola|move: Protect
|
|-heal|p1a: Alomomola|87/100|[from] move: Wish|[wisher] Alomomola
|upkeep
|turn|20
|
|t:|1776032163
|cant|p2a: Slaking|ability: Truant
|move|p1a: Alomomola|Flip Turn|p2a: Slaking
|-damage|p2a: Slaking|75/100
|
|t:|1776032170
|switch|p1a: Kingambit|Kingambit, F|100/100|[from] Flip Turn
|
|upkeep
|turn|21
|
|t:|1776032191
|-terastallize|p2a: Slaking|Fighting
|-terastallize|p1a: Kingambit|Ghost
|move|p2a: Slaking|Brick Break|p1a: Kingambit
|-immune|p1a: Kingambit
|move|p1a: Kingambit|Swords Dance|p1a: Kingambit
|-boost|p1a: Kingambit|atk|2
|
|upkeep
|turn|22
|inactive|Trew Master has 90 seconds left.
|
|t:|1776032217
|switch|p2a: Salazzle|Salazzle, F|76/100
|-damage|p2a: Salazzle|51/100|[from] Stealth Rock
|move|p1a: Kingambit|Iron Head|p2a: Salazzle
|-resisted|p2a: Salazzle
|-damage|p2a: Salazzle|0 fnt
|faint|p2a: Salazzle
|
|upkeep
|
|t:|1776032226
|switch|p2a: Primeape|Primeape, F|73/100
|-damage|p2a: Primeape|60/100|[from] Stealth Rock
|turn|23
|inactive|YukaSetogaya has 120 seconds left.
|
|t:|1776032257
|-end|p1a: Kingambit|fallenundefined|[silent]
|switch|p1a: Alomomola|Alomomola, M, shiny|100/100
|move|p2a: Primeape|Bitter Malice|p1a: Alomomola
|-damage|p1a: Alomomola|63/100
|-unboost|p1a: Alomomola|atk|1
|
|upkeep
|turn|24
|inactive|Trew Master has 90 seconds left.
|
|t:|1776032279
|move|p2a: Primeape|Bitter Malice|p1a: Alomomola
|-damage|p1a: Alomomola|25/100
|-unboost|p1a: Alomomola|atk|1
|move|p1a: Alomomola|Wish|p1a: Alomomola
|
|upkeep
|turn|25
|
|t:|1776032290
|move|p1a: Alomomola|Protect|p1a: Alomomola
|-singleturn|p1a: Alomomola|Protect
|move|p2a: Primeape|Bitter Malice|p1a: Alomomola
|-activate|p1a: Alomomola|move: Protect
|
|-heal|p1a: Alomomola|75/100|[from] move: Wish|[wisher] Alomomola
|upkeep
|turn|26
|
|t:|1776032300
|move|p2a: Primeape|Bitter Malice|p1a: Alomomola
|-damage|p1a: Alomomola|40/100
|-unboost|p1a: Alomomola|atk|1
|move|p1a: Alomomola|Flip Turn|p2a: Primeape
|-damage|p2a: Primeape|44/100
|replace|p2a: Zoroark|Zoroark-Hisui, M
|-end|p2a: Zoroark|Illusion
|
|t:|1776032313
|switch|p1a: Kingambit|Kingambit, F, tera:Ghost|100/100|[from] Flip Turn
|
|upkeep
|turn|27
|inactive|Trew Master has 90 seconds left.
|
|t:|1776032319
|move|p1a: Kingambit|Sucker Punch|p2a: Zoroark
|-supereffective|p2a: Zoroark
|-damage|p2a: Zoroark|0 fnt
|faint|p2a: Zoroark
|
|upkeep
|inactive|Trew Master has 90 seconds left.
|
|t:|1776032344
|switch|p2a: Milotic|Milotic, M|100/100
|-damage|p2a: Milotic|88/100|[from] Stealth Rock
|turn|28
|
|t:|1776032357
|-end|p1a: Kingambit|fallenundefined|[silent]
|switch|p1a: Toxapex|Toxapex, M|72/100
|move|p2a: Milotic|Aqua Tail|p1a: Toxapex|[miss]
|-miss|p2a: Milotic|p1a: Toxapex
|
|upkeep
|turn|29
|
|t:|1776032375
|move|p2a: Milotic|Blizzard|p1a: Toxapex
|-resisted|p1a: Toxapex
|-damage|p1a: Toxapex|60/100
|move|p1a: Toxapex|Toxic|p2a: Milotic
|-status|p2a: Milotic|tox
|
|-damage|p2a: Milotic|82/100 tox|[from] psn
|upkeep
|turn|30
|
|t:|1776032390
|move|p2a: Milotic|Blizzard|p1a: Toxapex
|-resisted|p1a: Toxapex
|-damage|p1a: Toxapex|47/100
|move|p1a: Toxapex|Toxic Spikes|p2a: Milotic
|-sidestart|p2: Trew Master|move: Toxic Spikes
|
|-damage|p2a: Milotic|70/100 tox|[from] psn
|upkeep
|turn|31
|
|t:|1776032398
|move|p2a: Milotic|Blizzard|p1a: Toxapex
|-resisted|p1a: Toxapex
|-damage|p1a: Toxapex|36/100
|move|p1a: Toxapex|Toxic Spikes|p2a: Milotic
|-sidestart|p2: Trew Master|move: Toxic Spikes
|
|-damage|p2a: Milotic|52/100 tox|[from] psn
|upkeep
|turn|32
|
|t:|1776032408
|move|p2a: Milotic|Blizzard|p1a: Toxapex
|-resisted|p1a: Toxapex
|-damage|p1a: Toxapex|23/100
|move|p1a: Toxapex|Recover|p1a: Toxapex
|-heal|p1a: Toxapex|73/100
|
|-damage|p2a: Milotic|28/100 tox|[from] psn
|upkeep
|turn|33
|
|t:|1776032420
|move|p2a: Milotic|Blizzard|p1a: Toxapex|[miss]
|-miss|p2a: Milotic|p1a: Toxapex
|move|p1a: Toxapex|Recover|p1a: Toxapex
|-heal|p1a: Toxapex|100/100
|
|-damage|p2a: Milotic|0 fnt|[from] psn
|faint|p2a: Milotic
|upkeep
|
|t:|1776032433
|switch|p2a: Slaking|Slaking, F, tera:Fighting|75/100
|-damage|p2a: Slaking|69/100|[from] Stealth Rock
|-status|p2a: Slaking|tox
|turn|34
|inactive|YukaSetogaya has 120 seconds left.
|
|t:|1776032463
|switch|p1a: Alomomola|Alomomola, M, shiny|73/100
|move|p2a: Slaking|Body Slam|p1a: Alomomola
|-damage|p1a: Alomomola|47/100
|-status|p1a: Alomomola|par
|
|-damage|p2a: Slaking|63/100 tox|[from] psn
|upkeep
|turn|35
|l|☆Trew Master
|inactive|Trew Master disconnected and has a minute to reconnect!
|player|p2|
|c|☆YukaSetogaya|Bruh
|inactive|Trew Master has 30 seconds to reconnect!
|inactive|Trew Master has 20 seconds to reconnect!
|inactive|Trew Master has 15 seconds to reconnect!
|inactive|Trew Master has 10 seconds to reconnect!
|inactive|Trew Master has 5 seconds to reconnect!
|-message|Trew Master lost due to inactivity.
|
|win|YukaSetogaya
|raw|YukaSetogaya's rating: 1136 &rarr; <strong>1157</strong><br />(+21 for winning)
|raw|Trew Master's rating: 1084 &rarr; <strong>1065</strong><br />(-19 for losing)
|l|☆YukaSetogaya
|player|p1|
