|html|<div class="broadcast-blue"><strong>[Gen 9] OU is currently suspecting Tera Blast! For information on how to participate check out the <a href="https://www.smogon.com/tools/suspects/view/200">suspect thread</a>.</strong></div>
|j|☆EloPushing
|j|☆zzann
|t:|1776042282
|gametype|singles
|player|p1|EloPushing|lady|1264
|player|p2|zzann|hoopster|1266
|gen|9
|tier|[Gen 9] OU
|rated|
|rule|HP Percentage Mod: HP is shown in percentages
|rule|Endless Battle Clause: Forcing endless battles is banned
|rule|Species Clause: Limit one of each Pokémon
|rule|OHKO Clause: OHKO moves are banned
|rule|Evasion Items Clause: Evasion items are banned
|rule|Evasion Moves Clause: Evasion moves are banned
|rule|Evasion Abilities Clause: Evasion abilities are banned
|rule|Sleep Moves Clause: Sleep-inducing moves are banned
|clearpoke
|poke|p1|Iron Valiant|
|poke|p1|Great Tusk|
|poke|p1|Dragonite, M|
|poke|p1|Deoxys-Speed|
|poke|p1|Glimmora, M|
|poke|p1|Kingambit, M|
|poke|p2|Garganacl, M|
|poke|p2|Toxapex, F|
|poke|p2|Ting-Lu|
|poke|p2|Bronzong|
|poke|p2|Incineroar, F|
|poke|p2|Glimmora, M|
|teampreview
|inactive|Battle timer is ON: inactive players will automatically lose when time's up. (requested by zzann)
|inactive|EloPushing also wants the timer to be on.
|j| ohko_smeargle
|inactive|zzann has 120 seconds left.
|
|t:|1776042332
|teamsize|p1|6
|teamsize|p2|6
|start
|switch|p1a: Limitless|Deoxys-Speed|100/100
|switch|p2a: Garganacl|Garganacl, M|100/100
|-ability|p1a: Limitless|Pressure
|turn|1
|
|t:|1776042341
|move|p1a: Limitless|Taunt|p2a: Garganacl
|-start|p2a: Garganacl|move: Taunt
|cant|p2a: Garganacl|move: Taunt|Stealth Rock
|
|upkeep
|turn|2
|
|t:|1776042346
|switch|p2a: Incineroar|Incineroar, F|100/100
|-ability|p2a: Incineroar|Intimidate|boost
|-unboost|p1a: Limitless|atk|1
|move|p1a: Limitless|Reflect|p1a: Limitless
|-sidestart|p1: EloPushing|Reflect
|
|upkeep
|turn|3
|
|t:|1776042354
|switch|p1a: Behemoth|Great Tusk, shiny|100/100
|-enditem|p1a: Behemoth|Booster Energy
|-activate|p1a: Behemoth|ability: Protosynthesis|[fromitem]
|-start|p1a: Behemoth|protosynthesisspe
|move|p2a: Incineroar|Fake Out|p1a: Behemoth
|-damage|p1a: Behemoth|98/100
|
|upkeep
|turn|4
|
|t:|1776042363
|switch|p2a: Glimmora|Glimmora, M|100/100
|move|p1a: Behemoth|Taunt|p2a: Glimmora
|-start|p2a: Glimmora|move: Taunt
|
|upkeep
|turn|5
|
|t:|1776042369
|move|p1a: Behemoth|Headlong Rush|p2a: Glimmora
|-supereffective|p2a: Glimmora
|-enditem|p2a: Glimmora|Focus Sash
|-damage|p2a: Glimmora|1/100
|-unboost|p1a: Behemoth|def|1
|-unboost|p1a: Behemoth|spd|1
|-activate|p2a: Glimmora|ability: Toxic Debris
|-sidestart|p1: EloPushing|move: Toxic Spikes
|move|p2a: Glimmora|Mortal Spin|p1a: Behemoth
|-resisted|p1a: Behemoth
|-damage|p1a: Behemoth|96/100
|-status|p1a: Behemoth|psn
|
|-damage|p1a: Behemoth|84/100 psn|[from] psn
|upkeep
|turn|6
|
|t:|1776042385
|switch|p2a: Bronzong|Bronzong|100/100
|move|p1a: Behemoth|Headlong Rush|p2a: Bronzong
|-immune|p2a: Bronzong|[from] ability: Levitate
|
|-damage|p1a: Behemoth|71/100 psn|[from] psn
|upkeep
|turn|7
|
|t:|1776042397
|-end|p1a: Behemoth|Protosynthesis|[silent]
|switch|p1a: Granite|Glimmora, M, shiny|100/100
|-sideend|p1: EloPushing|move: Toxic Spikes|[of] p1a: Granite
|move|p2a: Bronzong|Trick Room|p2a: Bronzong
|-fieldstart|move: Trick Room|[of] p2a: Bronzong
|
|upkeep
|turn|8
|
|t:|1776042405
|move|p2a: Bronzong|Gyro Ball|p1a: Granite
|-supereffective|p1a: Granite
|-crit|p1a: Granite
|-damage|p1a: Granite|0 fnt
|-activate|p1a: Granite|ability: Toxic Debris
|-sidestart|p2: zzann|move: Toxic Spikes
|faint|p1a: Granite
|
|upkeep
|
|t:|1776042414
|switch|p1a: Behemoth|Great Tusk, shiny|71/100 psn
|turn|9
|
|t:|1776042422
|move|p2a: Bronzong|Gyro Ball|p1a: Behemoth
|-crit|p1a: Behemoth
|-damage|p1a: Behemoth|35/100 psn
|move|p1a: Behemoth|Head Smash|p2a: Bronzong
|-resisted|p2a: Bronzong
|-damage|p2a: Bronzong|82/100
|-damage|p1a: Behemoth|28/100 psn|[from] Recoil
|
|-heal|p2a: Bronzong|88/100|[from] item: Leftovers
|-damage|p1a: Behemoth|15/100 psn|[from] psn
|-sideend|p1: EloPushing|Reflect
|upkeep
|turn|10
|
|t:|1776042435
|move|p2a: Bronzong|Gyro Ball|p1a: Behemoth
|-damage|p1a: Behemoth|0 fnt
|faint|p1a: Behemoth
|-end|p1a: Behemoth|Protosynthesis|[silent]
|
|-heal|p2a: Bronzong|94/100|[from] item: Leftovers
|upkeep
|
|t:|1776042446
|switch|p1a: Limitless|Deoxys-Speed|100/100
|-ability|p1a: Limitless|Pressure
|turn|11
|inactive|zzann has 120 seconds left.
|
|t:|1776042480
|move|p2a: Bronzong|Gyro Ball|p1a: Limitless
|-damage|p1a: Limitless|46/100
|move|p1a: Limitless|Reflect|p1a: Limitless
|-sidestart|p1: EloPushing|Reflect
|
|-heal|p2a: Bronzong|100/100|[from] item: Leftovers
|-fieldend|move: Trick Room
|upkeep
|turn|12
|
|t:|1776042500
|switch|p1a: Dismantle|Kingambit, M, shiny|100/100
|-activate|p1a: Dismantle|ability: Supreme Overlord
|-start|p1a: Dismantle|fallen2|[silent]
|switch|p2a: Glimmora|Glimmora, M|1/100
|-sideend|p2: zzann|move: Toxic Spikes|[of] p2a: Glimmora
|
|upkeep
|turn|13
|
|t:|1776042507
|move|p1a: Dismantle|Sucker Punch|p2a: Glimmora
|-damage|p2a: Glimmora|0 fnt
|-activate|p2a: Glimmora|ability: Toxic Debris
|-sidestart|p1: EloPushing|move: Toxic Spikes
|faint|p2a: Glimmora
|
|upkeep
|
|t:|1776042513
|switch|p2a: Incineroar|Incineroar, F|100/100
|-ability|p2a: Incineroar|Intimidate|boost
|-unboost|p1a: Dismantle|atk|1
|turn|14
|
|t:|1776042518
|-end|p1a: Dismantle|fallen2|[silent]
|switch|p1a: Terminator|Iron Valiant, shiny|100/100
|-status|p1a: Terminator|psn
|-enditem|p1a: Terminator|Booster Energy
|-activate|p1a: Terminator|ability: Quark Drive|[fromitem]
|-start|p1a: Terminator|quarkdrivespe
|move|p2a: Incineroar|Will-O-Wisp||[still]
|-fail|p2a: Incineroar
|
|-damage|p1a: Terminator|88/100 psn|[from] psn
|upkeep
|turn|15
|
|t:|1776042529
|switch|p2a: Bronzong|Bronzong|100/100
|move|p1a: Terminator|Close Combat|p2a: Bronzong
|-damage|p2a: Bronzong|49/100
|-unboost|p1a: Terminator|def|1
|-unboost|p1a: Terminator|spd|1
|
|-heal|p2a: Bronzong|55/100|[from] item: Leftovers
|-damage|p1a: Terminator|76/100 psn|[from] psn
|upkeep
|turn|16
|
|t:|1776042541
|switch|p2a: Toxapex|Toxapex, F|100/100
|move|p1a: Terminator|Knock Off|p2a: Toxapex
|-damage|p2a: Toxapex|83/100
|-enditem|p2a: Toxapex|Black Sludge|[from] move: Knock Off|[of] p1a: Terminator
|
|-damage|p1a: Terminator|63/100 psn|[from] psn
|upkeep
|turn|17
|
|t:|1776042551
|-end|p1a: Terminator|Quark Drive|[silent]
|switch|p1a: Mahoraga|Dragonite, M|100/100
|move|p2a: Toxapex|Baneful Bunker||[still]
|-fail|p2a: Toxapex
|
|upkeep
|turn|18
|
|t:|1776042560
|switch|p2a: Ting-Lu|Ting-Lu|100/100
|-ability|p2a: Ting-Lu|Vessel of Ruin
|move|p1a: Mahoraga|Substitute|p1a: Mahoraga
|-start|p1a: Mahoraga|Substitute
|-damage|p1a: Mahoraga|76/100
|
|-heal|p1a: Mahoraga|82/100|[from] item: Leftovers
|-sideend|p1: EloPushing|Reflect
|upkeep
|turn|19
|
|t:|1776042570
|move|p1a: Mahoraga|Earthquake|p2a: Ting-Lu
|-damage|p2a: Ting-Lu|85/100
|move|p2a: Ting-Lu|Whirlwind|p1a: Mahoraga
|drag|p1a: Dismantle|Kingambit, M, shiny|100/100
|-activate|p1a: Dismantle|ability: Supreme Overlord
|-start|p1a: Dismantle|fallen2|[silent]
|
|-heal|p2a: Ting-Lu|91/100|[from] item: Leftovers
|upkeep
|turn|20
|
|t:|1776042582
|-end|p1a: Dismantle|fallen2|[silent]
|switch|p1a: Limitless|Deoxys-Speed|46/100
|-status|p1a: Limitless|psn
|-ability|p1a: Limitless|Pressure
|move|p2a: Ting-Lu|Spikes|p1a: Limitless
|-sidestart|p1: EloPushing|Spikes
|
|-heal|p2a: Ting-Lu|98/100|[from] item: Leftovers
|-damage|p1a: Limitless|34/100 psn|[from] psn
|upkeep
|turn|21
|
|t:|1776042593
|move|p2a: Ting-Lu|Protect|p2a: Ting-Lu
|-singleturn|p2a: Ting-Lu|Protect
|move|p1a: Limitless|Reflect|p1a: Limitless
|-sidestart|p1: EloPushing|Reflect
|
|-heal|p2a: Ting-Lu|100/100|[from] item: Leftovers
|-damage|p1a: Limitless|22/100 psn|[from] psn
|upkeep
|turn|22
|
|t:|1776042601
|move|p1a: Limitless|Taunt|p2a: Ting-Lu
|-start|p2a: Ting-Lu|move: Taunt
|cant|p2a: Ting-Lu|move: Taunt|Spikes
|
|-damage|p1a: Limitless|9/100 psn|[from] psn
|upkeep
|turn|23
|
|t:|1776042609
|move|p1a: Limitless|Light Screen|p1a: Limitless
|-sidestart|p1: EloPushing|move: Light Screen
|move|p2a: Ting-Lu|Ruination|p1a: Limitless
|-damage|p1a: Limitless|5/100 psn
|
|-damage|p1a: Limitless|0 fnt|[from] psn
|faint|p1a: Limitless
|upkeep
|
|t:|1776042619
|switch|p1a: Terminator|Iron Valiant, shiny|63/100 psn
|-damage|p1a: Terminator|51/100 psn|[from] Spikes
|turn|24
|
|t:|1776042626
|switch|p2a: Toxapex|Toxapex, F|100/100
|move|p1a: Terminator|Close Combat|p2a: Toxapex
|-resisted|p2a: Toxapex
|-damage|p2a: Toxapex|84/100
|-unboost|p1a: Terminator|def|1
|-unboost|p1a: Terminator|spd|1
|
|-damage|p1a: Terminator|38/100 psn|[from] psn
|upkeep
|turn|25
|
|t:|1776042637
|-end|p1a: Terminator|Quark Drive|[silent]
|switch|p1a: Dismantle|Kingambit, M, shiny|100/100
|-damage|p1a: Dismantle|88/100|[from] Spikes
|-activate|p1a: Dismantle|ability: Supreme Overlord
|-start|p1a: Dismantle|fallen3|[silent]
|move|p2a: Toxapex|Infestation|p1a: Dismantle
|-damage|p1a: Dismantle|87/100
|-activate|p1a: Dismantle|move: Infestation|[of] p2a: Toxapex
|
|-damage|p1a: Dismantle|74/100|[from] move: Infestation|[partiallytrapped]
|upkeep
|turn|26
|
|t:|1776042647
|switch|p2a: Incineroar|Incineroar, F|100/100
|-ability|p2a: Incineroar|Intimidate|boost
|-unboost|p1a: Dismantle|atk|1
|move|p1a: Dismantle|Swords Dance|p1a: Dismantle
|-boost|p1a: Dismantle|atk|2
|
|-end|p1a: Dismantle|Infestation|[partiallytrapped]|[silent]
|upkeep
|turn|27
|
|t:|1776042654
|move|p1a: Dismantle|Low Kick|p2a: Incineroar
|-supereffective|p2a: Incineroar
|-damage|p2a: Incineroar|19/100
|move|p2a: Incineroar|Will-O-Wisp|p1a: Dismantle|[miss]
|-miss|p2a: Incineroar|p1a: Dismantle
|
|upkeep
|turn|28
|
|t:|1776042666
|switch|p2a: Toxapex|Toxapex, F|100/100
|move|p1a: Dismantle|Swords Dance|p1a: Dismantle
|-boost|p1a: Dismantle|atk|2
|
|-sideend|p1: EloPushing|Reflect
|upkeep
|turn|29
|
|t:|1776042677
|switch|p2a: Incineroar|Incineroar, F|19/100
|-ability|p2a: Incineroar|Intimidate|boost
|-unboost|p1a: Dismantle|atk|1
|move|p1a: Dismantle|Iron Head|p2a: Incineroar
|-resisted|p2a: Incineroar
|-damage|p2a: Incineroar|0 fnt
|faint|p2a: Incineroar
|
|upkeep
|
|t:|1776042685
|switch|p2a: Ting-Lu|Ting-Lu|100/100
|-ability|p2a: Ting-Lu|Vessel of Ruin
|turn|30
|
|t:|1776042689
|move|p1a: Dismantle|Low Kick|p2a: Ting-Lu
|-supereffective|p2a: Ting-Lu
|-damage|p2a: Ting-Lu|0 fnt
|faint|p2a: Ting-Lu
|
|-sideend|p1: EloPushing|move: Light Screen
|upkeep
|
|t:|1776042695
|switch|p2a: Garganacl|Garganacl, M|100/100
|turn|31
|
|t:|1776042702
|-terastallize|p2a: Garganacl|Water
|move|p1a: Dismantle|Low Kick|p2a: Garganacl
|-damage|p2a: Garganacl|39/100
|move|p2a: Garganacl|Salt Cure|p1a: Dismantle
|-resisted|p1a: Dismantle
|-damage|p1a: Dismantle|68/100
|-start|p1a: Dismantle|Salt Cure
|
|-heal|p2a: Garganacl|45/100|[from] item: Leftovers
|-damage|p1a: Dismantle|43/100|[from] Salt Cure
|upkeep
|turn|32
|
|t:|1776042714
|move|p2a: Garganacl|Protect|p2a: Garganacl
|-singleturn|p2a: Garganacl|Protect
|move|p1a: Dismantle|Low Kick|p2a: Garganacl
|-activate|p2a: Garganacl|move: Protect
|
|-heal|p2a: Garganacl|51/100|[from] item: Leftovers
|-damage|p1a: Dismantle|18/100|[from] Salt Cure
|upkeep
|turn|33
|
|t:|1776042723
|switch|p2a: Bronzong|Bronzong|55/100
|move|p1a: Dismantle|Iron Head|p2a: Bronzong
|-resisted|p2a: Bronzong
|-damage|p2a: Bronzong|0 fnt
|faint|p2a: Bronzong
|
|-damage|p1a: Dismantle|0 fnt|[from] Salt Cure
|faint|p1a: Dismantle
|-end|p1a: Dismantle|fallen3|[silent]
|upkeep
|
|t:|1776042734
|switch|p1a: Terminator|Iron Valiant, shiny|38/100 psn
|switch|p2a: Garganacl|Garganacl, M, tera:Water|51/100
|-damage|p1a: Terminator|26/100 psn|[from] Spikes
|turn|34
|
|t:|1776042741
|move|p2a: Garganacl|Protect|p2a: Garganacl
|-singleturn|p2a: Garganacl|Protect
|move|p1a: Terminator|Knock Off|p2a: Garganacl
|-activate|p2a: Garganacl|move: Protect
|
|-heal|p2a: Garganacl|57/100|[from] item: Leftovers
|-damage|p1a: Terminator|13/100 psn|[from] psn
|upkeep
|turn|35
|
|t:|1776042752
|-end|p1a: Terminator|Quark Drive|[silent]
|switch|p1a: Mahoraga|Dragonite, M|82/100
|move|p2a: Garganacl|Recover|p2a: Garganacl
|-heal|p2a: Garganacl|100/100
|
|-heal|p1a: Mahoraga|88/100|[from] item: Leftovers
|upkeep
|turn|36
|
|t:|1776042766
|move|p1a: Mahoraga|Substitute|p1a: Mahoraga
|-start|p1a: Mahoraga|Substitute
|-damage|p1a: Mahoraga|63/100
|move|p2a: Garganacl|Salt Cure|p1a: Mahoraga
|-supereffective|p1a: Mahoraga
|-end|p1a: Mahoraga|Substitute
|
|-heal|p1a: Mahoraga|70/100|[from] item: Leftovers
|upkeep
|turn|37
|-message|EloPushing forfeited.
|
|win|zzann
|raw|EloPushing's rating: 1264 &rarr; <strong>1239</strong><br />(-25 for losing)
|raw|zzann's rating: 1266 &rarr; <strong>1291</strong><br />(+25 for winning)
|l|☆EloPushing
|player|p1|
|l| ohko_smeargle
