|html|<div class="broadcast-blue"><strong>[Gen 9] OU is currently suspecting Tera Blast! For information on how to participate check out the <a href="https://www.smogon.com/tools/suspects/view/200">suspect thread</a>.</strong></div>
|j|☆SanDiegoSplashers
|j|☆Afrojolote
|t:|1776105419
|gametype|singles
|player|p1|SanDiegoSplashers|blue|1248
|player|p2|Afrojolote|102|1258
|gen|9
|tier|[Gen 9] OU
|rated|
|rule|HP Percentage Mod: HP is shown in percentages
|rule|Endless Battle Clause: Forcing endless battles is banned
|rule|Species Clause: Limit one of each Pokémon
|rule|OHKO Clause: OHKO moves are banned
|rule|Evasion Items Clause: Evasion items are banned
|rule|Evasion Moves Clause: Evasion moves are banned
|rule|Evasion Abilities Clause: Evasion abilities are banned
|rule|Sleep Moves Clause: Sleep-inducing moves are banned
|clearpoke
|poke|p1|Darkrai|
|poke|p1|Ogerpon-Wellspring, F|
|poke|p1|Sandy Shocks|
|poke|p1|Cinderace, M|
|poke|p1|Dragonite, M|
|poke|p1|Meowscarada, F|
|poke|p2|Yanmega, F|
|poke|p2|Pelipper, M|
|poke|p2|Sandy Shocks|
|poke|p2|Floatzel, F|
|poke|p2|Ogerpon-Wellspring, F|
|poke|p2|Iron Treads|
|teampreview
|inactive|Battle timer is ON: inactive players will automatically lose when time's up. (requested by SanDiegoSplashers)
|
|t:|1776105435
|teamsize|p1|6
|teamsize|p2|6
|start
|switch|p1a: Joker|Meowscarada, F, shiny|100/100
|switch|p2a: Iron Treads|Iron Treads|100/100
|turn|1
|
|t:|1776105440
|move|p1a: Joker|Flower Trick|p2a: Iron Treads
|-start|p1a: Joker|typechange|Grass|[from] ability: Protean
|-crit|p2a: Iron Treads
|-damage|p2a: Iron Treads|30/100
|move|p2a: Iron Treads|Stealth Rock|p1a: Joker
|-sidestart|p1: SanDiegoSplashers|move: Stealth Rock
|
|-heal|p2a: Iron Treads|37/100|[from] item: Leftovers
|upkeep
|turn|2
|
|t:|1776105454
|-end|p2a: Iron Treads|Quark Drive|[silent]
|switch|p2a: Yanmega|Yanmega, F, shiny|100/100
|move|p1a: Joker|Flower Trick|p2a: Yanmega
|-resisted|p2a: Yanmega
|-crit|p2a: Yanmega
|-damage|p2a: Yanmega|77/100
|
|upkeep
|turn|3
|
|t:|1776105461
|switch|p1a: Aguerooooo|Cinderace, M, shiny|100/100
|move|p2a: Yanmega|Protect||[still]
|-fail|p2a: Yanmega
|
|-ability|p2a: Yanmega|Speed Boost|boost
|-boost|p2a: Yanmega|spe|1
|upkeep
|turn|4
|
|t:|1776105468
|move|p2a: Yanmega|Protect|p2a: Yanmega
|-singleturn|p2a: Yanmega|Protect
|move|p1a: Aguerooooo|Will-O-Wisp|p2a: Yanmega
|-activate|p2a: Yanmega|move: Protect
|
|-ability|p2a: Yanmega|Speed Boost|boost
|-boost|p2a: Yanmega|spe|1
|upkeep
|turn|5
|
|t:|1776105485
|switch|p2a: Pelipper|Pelipper, M|100/100
|-weather|RainDance|[from] ability: Drizzle|[of] p2a: Pelipper
|move|p1a: Aguerooooo|Will-O-Wisp|p2a: Pelipper
|-status|p2a: Pelipper|brn
|
|-weather|RainDance|[upkeep]
|-damage|p2a: Pelipper|94/100 brn|[from] brn
|upkeep
|turn|6
|
|t:|1776105492
|move|p1a: Aguerooooo|Court Change|p1a: Aguerooooo
|-start|p1a: Aguerooooo|typechange|Normal|[from] ability: Libero
|-swapsideconditions
|-activate|p1a: Aguerooooo|move: Court Change
|move|p2a: Pelipper|U-turn|p1a: Aguerooooo
|-damage|p1a: Aguerooooo|95/100
|
|t:|1776105502
|switch|p2a: Floatzel|Floatzel, F|100/100|[from] U-turn
|-damage|p2a: Floatzel|88/100|[from] Stealth Rock
|
|-weather|RainDance|[upkeep]
|upkeep
|turn|7
|
|t:|1776105512
|-terastallize|p2a: Floatzel|Water
|move|p2a: Floatzel|Flip Turn|p1a: Aguerooooo
|-damage|p1a: Aguerooooo|0 fnt
|faint|p1a: Aguerooooo
|
|t:|1776105519
|switch|p2a: Iron Treads|Iron Treads|37/100|[from] Flip Turn
|-damage|p2a: Iron Treads|34/100|[from] Stealth Rock
|
|-weather|RainDance|[upkeep]
|-heal|p2a: Iron Treads|40/100|[from] item: Leftovers
|upkeep
|
|t:|1776105526
|switch|p1a: Shrek|Ogerpon-Wellspring, F|100/100
|turn|8
|
|t:|1776105530
|move|p1a: Shrek|Trailblaze|p2a: Iron Treads
|-damage|p2a: Iron Treads|12/100
|-boost|p1a: Shrek|spe|1
|move|p2a: Iron Treads|Rapid Spin|p1a: Shrek
|-damage|p1a: Shrek|78/100
|-boost|p2a: Iron Treads|spe|1
|-sideend|p2: Afrojolote|Stealth Rock|[from] move: Rapid Spin|[of] p2a: Iron Treads
|
|-weather|RainDance|[upkeep]
|-heal|p2a: Iron Treads|18/100|[from] item: Leftovers
|upkeep
|turn|9
|
|t:|1776105542
|move|p1a: Shrek|Trailblaze|p2a: Iron Treads
|-damage|p2a: Iron Treads|0 fnt
|-boost|p1a: Shrek|spe|1
|faint|p2a: Iron Treads
|-end|p2a: Iron Treads|Quark Drive|[silent]
|
|-weather|RainDance|[upkeep]
|upkeep
|
|t:|1776105556
|switch|p2a: Ogerpon|Ogerpon-Wellspring, F|100/100
|turn|10
|
|t:|1776105565
|move|p1a: Shrek|Horn Leech|p2a: Ogerpon
|-damage|p2a: Ogerpon|44/100
|-heal|p1a: Shrek|100/100|[from] drain|[of] p2a: Ogerpon
|move|p2a: Ogerpon|Horn Leech|p1a: Shrek
|-damage|p1a: Shrek|45/100
|-heal|p2a: Ogerpon|72/100|[from] drain|[of] p1a: Shrek
|
|-weather|RainDance|[upkeep]
|upkeep
|turn|11
|
|t:|1776105575
|move|p1a: Shrek|Horn Leech|p2a: Ogerpon
|-damage|p2a: Ogerpon|17/100
|-heal|p1a: Shrek|72/100|[from] drain|[of] p2a: Ogerpon
|move|p2a: Ogerpon|Horn Leech|p1a: Shrek
|-damage|p1a: Shrek|16/100
|-heal|p2a: Ogerpon|45/100|[from] drain|[of] p1a: Shrek
|
|-weather|RainDance|[upkeep]
|upkeep
|turn|12
|
|t:|1776105595
|move|p1a: Shrek|Horn Leech|p2a: Ogerpon
|-damage|p2a: Ogerpon|0 fnt
|-heal|p1a: Shrek|39/100|[from] drain|[of] p2a: Ogerpon
|faint|p2a: Ogerpon
|
|-weather|none
|upkeep
|
|t:|1776105600
|switch|p2a: Yanmega|Yanmega, F, shiny|77/100
|turn|13
|
|t:|1776105604
|move|p2a: Yanmega|Protect|p2a: Yanmega
|-singleturn|p2a: Yanmega|Protect
|move|p1a: Shrek|Swords Dance|p1a: Shrek
|-boost|p1a: Shrek|atk|2
|
|-ability|p2a: Yanmega|Speed Boost|boost
|-boost|p2a: Yanmega|spe|1
|upkeep
|turn|14
|
|t:|1776105609
|-terastallize|p1a: Shrek|Water
|detailschange|p1a: Shrek|Ogerpon-Wellspring-Tera, F, tera:Water
|-ability|p1a: Shrek|Embody Aspect (Wellspring)|boost
|-boost|p1a: Shrek|spd|1
|move|p2a: Yanmega|Protect|p2a: Yanmega
|-singleturn|p2a: Yanmega|Protect
|move|p1a: Shrek|Ivy Cudgel|p2a: Yanmega|[anim] Ivy Cudgel Water
|-activate|p2a: Yanmega|move: Protect
|
|-ability|p2a: Yanmega|Speed Boost|boost
|-boost|p2a: Yanmega|spe|1
|upkeep
|turn|15
|
|t:|1776105624
|move|p1a: Shrek|Ivy Cudgel|p2a: Yanmega|[anim] Ivy Cudgel Water
|-damage|p2a: Yanmega|0 fnt
|faint|p2a: Yanmega
|
|upkeep
|-message|Afrojolote forfeited.
|
|win|SanDiegoSplashers
|raw|SanDiegoSplashers's rating: 1248 &rarr; <strong>1274</strong><br />(+26 for winning)
|raw|Afrojolote's rating: 1258 &rarr; <strong>1232</strong><br />(-26 for losing)
|l|☆Afrojolote
|player|p2|
|l|☆SanDiegoSplashers
|player|p1|
