|html|<div class="broadcast-blue"><strong>[Gen 9] OU is currently suspecting Tera Blast! For information on how to participate check out the <a href="https://www.smogon.com/tools/suspects/view/200">suspect thread</a>.</strong></div>
|j|☆Prof Sonia
|j|☆Sin_Ch4n
|t:|1776338120
|gametype|singles
|player|p1|Prof Sonia|sonia-professor|1145
|player|p2|Sin_Ch4n|fisherman-gen4|1142
|gen|9
|tier|[Gen 9] OU
|rated|
|rule|HP Percentage Mod: HP is shown in percentages
|rule|Endless Battle Clause: Forcing endless battles is banned
|rule|Species Clause: Limit one of each Pokémon
|rule|OHKO Clause: OHKO moves are banned
|rule|Evasion Items Clause: Evasion items are banned
|rule|Evasion Moves Clause: Evasion moves are banned
|rule|Evasion Abilities Clause: Evasion abilities are banned
|rule|Sleep Moves Clause: Sleep-inducing moves are banned
|clearpoke
|poke|p1|Glimmora, F|
|poke|p1|Lurantis, F|
|poke|p1|Ogerpon-Wellspring, F|
|poke|p1|Deoxys-Speed|
|poke|p1|Great Tusk|
|poke|p1|Toxapex, F|
|poke|p2|Kingambit, M|
|poke|p2|Dragapult, F|
|poke|p2|Dragonite, F|
|poke|p2|Alomomola, M|
|poke|p2|Great Tusk|
|poke|p2|Cinderace, F|
|teampreview
|
|t:|1776338151
|teamsize|p1|6
|teamsize|p2|6
|start
|switch|p1a: Kagami|Lurantis, F|100/100
|switch|p2a: Cinderace|Cinderace, F|100/100
|turn|1
|
|t:|1776338170
|switch|p1a: Mara|Toxapex, F, shiny|100/100
|move|p2a: Cinderace|High Jump Kick|p1a: Mara
|-start|p2a: Cinderace|typechange|Fighting|[from] ability: Libero
|-resisted|p1a: Mara
|-damage|p1a: Mara|77/100
|
|-heal|p1a: Mara|83/100|[from] item: Leftovers
|upkeep
|turn|2
|
|t:|1776338199
|move|p2a: Cinderace|U-turn|p1a: Mara
|-resisted|p1a: Mara
|-damage|p1a: Mara|76/100
|
|t:|1776338205
|switch|p2a: Alomomola|Alomomola, M|100/100|[from] U-turn
|move|p1a: Mara|Chilling Water|p2a: Alomomola
|-resisted|p2a: Alomomola
|-damage|p2a: Alomomola|94/100
|-unboost|p2a: Alomomola|atk|1
|
|-heal|p1a: Mara|82/100|[from] item: Leftovers
|upkeep
|turn|3
|
|t:|1776338216
|move|p2a: Alomomola|Scald|p1a: Mara
|-resisted|p1a: Mara
|-crit|p1a: Mara
|-damage|p1a: Mara|75/100
|move|p1a: Mara|Toxic|p2a: Alomomola
|-status|p2a: Alomomola|tox
|
|-heal|p1a: Mara|81/100|[from] item: Leftovers
|-damage|p2a: Alomomola|88/100 tox|[from] psn
|upkeep
|turn|4
|
|t:|1776338225
|move|p2a: Alomomola|Scald|p1a: Mara
|-resisted|p1a: Mara
|-damage|p1a: Mara|75/100
|-status|p1a: Mara|brn
|move|p1a: Mara|Chilling Water|p2a: Alomomola
|-resisted|p2a: Alomomola
|-damage|p2a: Alomomola|83/100 tox
|-unboost|p2a: Alomomola|atk|1
|
|-heal|p1a: Mara|81/100 brn|[from] item: Leftovers
|-damage|p2a: Alomomola|70/100 tox|[from] psn
|-damage|p1a: Mara|75/100 brn|[from] brn
|upkeep
|turn|5
|
|t:|1776338248
|move|p2a: Alomomola|Wish|p2a: Alomomola
|move|p1a: Mara|Chilling Water|p2a: Alomomola
|-resisted|p2a: Alomomola
|-damage|p2a: Alomomola|64/100 tox
|-unboost|p2a: Alomomola|atk|1
|
|-heal|p1a: Mara|81/100 brn|[from] item: Leftovers
|-damage|p2a: Alomomola|45/100 tox|[from] psn
|-damage|p1a: Mara|75/100 brn|[from] brn
|upkeep
|turn|6
|
|t:|1776338259
|move|p2a: Alomomola|Protect|p2a: Alomomola
|-singleturn|p2a: Alomomola|Protect
|move|p1a: Mara|Toxic|p2a: Alomomola
|-activate|p2a: Alomomola|move: Protect
|
|-heal|p2a: Alomomola|95/100 tox|[from] move: Wish|[wisher] Alomomola
|-heal|p1a: Mara|81/100 brn|[from] item: Leftovers
|-damage|p2a: Alomomola|71/100 tox|[from] psn
|-damage|p1a: Mara|75/100 brn|[from] brn
|upkeep
|turn|7
|
|t:|1776338270
|move|p2a: Alomomola|Flip Turn|p1a: Mara
|-resisted|p1a: Mara
|-damage|p1a: Mara|72/100 brn
|
|t:|1776338289
|switch|p2a: Dragonite|Dragonite, F|100/100|[from] Flip Turn
|move|p1a: Mara|Chilling Water|p2a: Dragonite
|-resisted|p2a: Dragonite
|-damage|p2a: Dragonite|98/100
|-unboost|p2a: Dragonite|atk|1
|
|-heal|p1a: Mara|78/100 brn|[from] item: Leftovers
|-damage|p1a: Mara|72/100 brn|[from] brn
|upkeep
|turn|8
|
|t:|1776338299
|move|p2a: Dragonite|Dragon Dance|p2a: Dragonite
|-boost|p2a: Dragonite|atk|1
|-boost|p2a: Dragonite|spe|1
|move|p1a: Mara|Toxic|p2a: Dragonite
|-status|p2a: Dragonite|tox
|
|-heal|p1a: Mara|78/100 brn|[from] item: Leftovers
|-damage|p2a: Dragonite|92/100 tox|[from] psn
|-damage|p1a: Mara|72/100 brn|[from] brn
|upkeep
|turn|9
|
|t:|1776338310
|move|p2a: Dragonite|Dragon Dance|p2a: Dragonite
|-boost|p2a: Dragonite|atk|1
|-boost|p2a: Dragonite|spe|1
|move|p1a: Mara|Chilling Water|p2a: Dragonite
|-resisted|p2a: Dragonite
|-damage|p2a: Dragonite|86/100 tox
|-unboost|p2a: Dragonite|atk|1
|
|-heal|p1a: Mara|78/100 brn|[from] item: Leftovers
|-damage|p2a: Dragonite|74/100 tox|[from] psn
|-damage|p1a: Mara|72/100 brn|[from] brn
|upkeep
|turn|10
|
|t:|1776338355
|move|p2a: Dragonite|Earthquake|p1a: Mara
|-supereffective|p1a: Mara
|-crit|p1a: Mara
|-damage|p1a: Mara|6/100 brn
|move|p1a: Mara|Chilling Water|p2a: Dragonite
|-resisted|p2a: Dragonite
|-damage|p2a: Dragonite|68/100 tox
|-unboost|p2a: Dragonite|atk|1
|
|-heal|p1a: Mara|12/100 brn|[from] item: Leftovers
|-damage|p2a: Dragonite|50/100 tox|[from] psn
|-damage|p1a: Mara|6/100 brn|[from] brn
|upkeep
|turn|11
|
|t:|1776338368
|switch|p2a: Alomomola|Alomomola, M|100/100 tox
|move|p1a: Mara|Baneful Bunker||[still]
|-fail|p1a: Mara
|
|-heal|p1a: Mara|12/100 brn|[from] item: Leftovers
|-damage|p2a: Alomomola|94/100 tox|[from] psn
|-damage|p1a: Mara|6/100 brn|[from] brn
|upkeep
|turn|12
|
|t:|1776338378
|move|p2a: Alomomola|Wish|p2a: Alomomola
|move|p1a: Mara|Recover|p1a: Mara
|-heal|p1a: Mara|56/100 brn
|
|-heal|p1a: Mara|62/100 brn|[from] item: Leftovers
|-damage|p2a: Alomomola|82/100 tox|[from] psn
|-damage|p1a: Mara|56/100 brn|[from] brn
|upkeep
|turn|13
|
|t:|1776338390
|switch|p1a: Kagami|Lurantis, F|100/100
|move|p2a: Alomomola|Flip Turn|p1a: Kagami
|-resisted|p1a: Kagami
|-damage|p1a: Kagami|92/100
|
|t:|1776338396
|switch|p2a: Dragonite|Dragonite, F|50/100 tox|[from] Flip Turn
|
|-heal|p2a: Dragonite|100/100 tox|[from] move: Wish|[wisher] Alomomola
|-damage|p2a: Dragonite|94/100 tox|[from] psn
|upkeep
|turn|14
|
|t:|1776338405
|-terastallize|p1a: Kagami|Fighting
|move|p2a: Dragonite|Dragon Dance|p2a: Dragonite
|-boost|p2a: Dragonite|atk|1
|-boost|p2a: Dragonite|spe|1
|move|p1a: Kagami|Superpower|p2a: Dragonite
|-resisted|p2a: Dragonite
|-damage|p2a: Dragonite|63/100 tox
|-boost|p1a: Kagami|atk|1
|-boost|p1a: Kagami|def|1
|
|-damage|p2a: Dragonite|50/100 tox|[from] psn
|upkeep
|turn|15
|
|t:|1776338421
|move|p2a: Dragonite|Extreme Speed|p1a: Kagami
|-damage|p1a: Kagami|62/100
|move|p1a: Kagami|Superpower|p2a: Dragonite
|-resisted|p2a: Dragonite
|-damage|p2a: Dragonite|4/100 tox
|-boost|p1a: Kagami|atk|1
|-boost|p1a: Kagami|def|1
|
|-damage|p2a: Dragonite|0 fnt|[from] psn
|faint|p2a: Dragonite
|upkeep
|
|t:|1776338434
|switch|p2a: Cinderace|Cinderace, F|100/100
|turn|16
|
|t:|1776338442
|move|p2a: Cinderace|U-turn|p1a: Kagami
|-start|p2a: Cinderace|typechange|Bug|[from] ability: Libero
|-resisted|p1a: Kagami
|-damage|p1a: Kagami|52/100
|
|t:|1776338451
|switch|p2a: Great Tusk|Great Tusk|100/100|[from] U-turn
|-enditem|p2a: Great Tusk|Booster Energy
|-activate|p2a: Great Tusk|ability: Protosynthesis|[fromitem]
|-start|p2a: Great Tusk|protosynthesisdef
|move|p1a: Kagami|Leech Life|p2a: Great Tusk
|-resisted|p2a: Great Tusk
|-damage|p2a: Great Tusk|89/100
|-heal|p1a: Kagami|59/100|[from] drain|[of] p2a: Great Tusk
|
|upkeep
|turn|17
|
|t:|1776338463
|move|p2a: Great Tusk|Stealth Rock|p1a: Kagami
|-sidestart|p1: Prof Sonia|move: Stealth Rock
|move|p1a: Kagami|Superpower|p2a: Great Tusk
|-damage|p2a: Great Tusk|30/100
|-boost|p1a: Kagami|atk|1
|-boost|p1a: Kagami|def|1
|
|upkeep
|turn|18
|
|t:|1776338471
|move|p2a: Great Tusk|Body Press|p1a: Kagami
|-damage|p1a: Kagami|42/100
|move|p1a: Kagami|Superpower|p2a: Great Tusk
|-damage|p2a: Great Tusk|0 fnt
|-boost|p1a: Kagami|atk|1
|-boost|p1a: Kagami|def|1
|faint|p2a: Great Tusk
|-end|p2a: Great Tusk|Protosynthesis|[silent]
|
|upkeep
|
|t:|1776338480
|switch|p2a: Dragapult|Dragapult, F|100/100
|turn|19
|
|t:|1776338484
|move|p2a: Dragapult|Fire Blast|p1a: Kagami|[miss]
|-miss|p2a: Dragapult|p1a: Kagami
|move|p1a: Kagami|Leech Life|p2a: Dragapult
|-resisted|p2a: Dragapult
|-damage|p2a: Dragapult|48/100
|-heal|p1a: Kagami|66/100|[from] drain|[of] p2a: Dragapult
|
|upkeep
|turn|20
|
|t:|1776338492
|move|p2a: Dragapult|Fire Blast|p1a: Kagami|[miss]
|-miss|p2a: Dragapult|p1a: Kagami
|move|p1a: Kagami|Leech Life|p2a: Dragapult
|-resisted|p2a: Dragapult
|-damage|p2a: Dragapult|0 fnt
|-heal|p1a: Kagami|88/100|[from] drain|[of] p2a: Dragapult
|faint|p2a: Dragapult
|
|upkeep
|
|t:|1776338503
|switch|p2a: Alomomola|Alomomola, M|100/100 tox
|turn|21
|
|t:|1776338512
|move|p2a: Alomomola|Scald|p1a: Kagami
|-damage|p1a: Kagami|79/100
|-status|p1a: Kagami|brn
|move|p1a: Kagami|Leaf Blade|p2a: Alomomola
|-supereffective|p2a: Alomomola
|-damage|p2a: Alomomola|33/100 tox
|-damage|p1a: Kagami|62/100 brn|[from] item: Rocky Helmet|[of] p2a: Alomomola
|
|-damage|p2a: Alomomola|27/100 tox|[from] psn
|-damage|p1a: Kagami|56/100 brn|[from] brn
|upkeep
|turn|22
|
|t:|1776338527
|move|p2a: Alomomola|Flip Turn|p1a: Kagami
|-damage|p1a: Kagami|50/100 brn
|
|t:|1776338531
|switch|p2a: Cinderace|Cinderace, F|100/100|[from] Flip Turn
|move|p1a: Kagami|Superpower|p2a: Cinderace
|-damage|p2a: Cinderace|0 fnt
|-boost|p1a: Kagami|atk|1
|-boost|p1a: Kagami|def|1
|faint|p2a: Cinderace
|
|-damage|p1a: Kagami|44/100 brn|[from] brn
|upkeep
|
|t:|1776338544
|switch|p2a: Kingambit|Kingambit, M|100/100
|-activate|p2a: Kingambit|ability: Supreme Overlord
|-start|p2a: Kingambit|fallen4|[silent]
|turn|23
|
|t:|1776338549
|move|p2a: Kingambit|Sucker Punch|p1a: Kagami
|-resisted|p1a: Kagami
|-damage|p1a: Kagami|33/100 brn
|-damage|p2a: Kingambit|91/100|[from] item: Life Orb
|move|p1a: Kagami|Leech Life|p2a: Kingambit
|-damage|p2a: Kingambit|58/100
|-heal|p1a: Kagami|49/100 brn|[from] drain|[of] p2a: Kingambit
|
|-damage|p1a: Kagami|43/100 brn|[from] brn
|upkeep
|turn|24
|
|t:|1776338560
|move|p2a: Kingambit|Kowtow Cleave|p1a: Kagami
|-resisted|p1a: Kagami
|-damage|p1a: Kagami|28/100 brn
|-damage|p2a: Kingambit|48/100|[from] item: Life Orb
|move|p1a: Kagami|Leech Life|p2a: Kingambit
|-damage|p2a: Kingambit|18/100
|-heal|p1a: Kagami|43/100 brn|[from] drain|[of] p2a: Kingambit
|
|-damage|p1a: Kagami|37/100 brn|[from] brn
|upkeep
|turn|25
|
|t:|1776338571
|move|p2a: Kingambit|Iron Head|p1a: Kagami
|-damage|p1a: Kagami|9/100 brn
|-damage|p2a: Kingambit|8/100|[from] item: Life Orb
|move|p1a: Kagami|Leech Life|p2a: Kingambit
|-damage|p2a: Kingambit|0 fnt
|-heal|p1a: Kagami|13/100 brn|[from] drain|[of] p2a: Kingambit
|faint|p2a: Kingambit
|-end|p2a: Kingambit|fallen4|[silent]
|
|-damage|p1a: Kagami|7/100 brn|[from] brn
|upkeep
|
|t:|1776338581
|switch|p2a: Alomomola|Alomomola, M|61/100 tox
|turn|26
|
|t:|1776338585
|move|p2a: Alomomola|Scald|p1a: Kagami
|-damage|p1a: Kagami|0 fnt
|faint|p1a: Kagami
|
|-damage|p2a: Alomomola|54/100 tox|[from] psn
|upkeep
|
|t:|1776338588
|switch|p1a: Tayub|Ogerpon-Wellspring, F|100/100
|-damage|p1a: Tayub|88/100|[from] Stealth Rock
|turn|27
|
|t:|1776338594
|move|p1a: Tayub|Swords Dance|p1a: Tayub
|-boost|p1a: Tayub|atk|2
|move|p2a: Alomomola|Wish|p2a: Alomomola
|
|-damage|p2a: Alomomola|42/100 tox|[from] psn
|upkeep
|turn|28
|
|t:|1776338600
|move|p1a: Tayub|Horn Leech|p2a: Alomomola
|-supereffective|p2a: Alomomola
|-damage|p2a: Alomomola|0 fnt
|-heal|p1a: Tayub|100/100|[from] drain|[of] p2a: Alomomola
|-damage|p1a: Tayub|84/100|[from] item: Rocky Helmet|[of] p2a: Alomomola
|faint|p2a: Alomomola
|
|win|Prof Sonia
|raw|Prof Sonia's rating: 1145 &rarr; <strong>1170</strong><br />(+25 for winning)
|raw|Sin_Ch4n's rating: 1142 &rarr; <strong>1117</strong><br />(-25 for losing)
|l|☆Sin_Ch4n
|player|p2|
|l|☆Prof Sonia
|player|p1|
|j|☆Prof Sonia
|player|p1|Prof Sonia|sonia-professor|
