|html|<div class="broadcast-blue"><strong>[Gen 9] OU is currently suspecting Tera Blast! For information on how to participate check out the <a href="https://www.smogon.com/tools/suspects/view/200">suspect thread</a>.</strong></div>
|j|☆luiiisete
|j|☆luistope
|t:|1776075320
|gametype|singles
|player|p1|luiiisete|266|1250
|player|p2|luistope|101|1198
|gen|9
|tier|[Gen 9] OU
|rated|
|rule|HP Percentage Mod: HP is shown in percentages
|rule|Endless Battle Clause: Forcing endless battles is banned
|rule|Species Clause: Limit one of each Pokémon
|rule|OHKO Clause: OHKO moves are banned
|rule|Evasion Items Clause: Evasion items are banned
|rule|Evasion Moves Clause: Evasion moves are banned
|rule|Evasion Abilities Clause: Evasion abilities are banned
|rule|Sleep Moves Clause: Sleep-inducing moves are banned
|clearpoke
|poke|p1|Pelipper, F|
|poke|p1|Beartic, M|
|poke|p1|Barraskewda, M|
|poke|p1|Ogerpon-Wellspring, F|
|poke|p1|Zapdos|
|poke|p1|Hatterene, F|
|poke|p2|Hawlucha, F|
|poke|p2|Rillaboom, F|
|poke|p2|Garganacl, F|
|poke|p2|Iron Valiant|
|poke|p2|Ting-Lu|
|poke|p2|Gholdengo|
|teampreview
|inactive|Battle timer is ON: inactive players will automatically lose when time's up. (requested by luistope)
|
|t:|1776075324
|teamsize|p1|6
|teamsize|p2|6
|start
|switch|p1a: Hatterene|Hatterene, F|100/100
|switch|p2a: Gholdengo|Gholdengo, shiny|100/100
|turn|1
|
|t:|1776075338
|switch|p1a: Zapdos|Zapdos|100/100
|move|p2a: Gholdengo|Trick|p1a: Zapdos
|-activate|p2a: Gholdengo|move: Trick|[of] p1a: Zapdos
|-item|p1a: Zapdos|Choice Scarf|[from] move: Trick
|-item|p2a: Gholdengo|Assault Vest|[from] move: Trick
|
|upkeep
|turn|2
|
|t:|1776075346
|switch|p2a: Ting-Lu|Ting-Lu|100/100
|-ability|p2a: Ting-Lu|Vessel of Ruin
|move|p1a: Zapdos|Volt Switch|p2a: Ting-Lu
|-immune|p2a: Ting-Lu
|
|upkeep
|turn|3
|
|t:|1776075353
|switch|p1a: Hatterene|Hatterene, F|100/100
|move|p2a: Ting-Lu|Earthquake|p1a: Hatterene
|-damage|p1a: Hatterene|73/100
|-enditem|p1a: Hatterene|Eject Button
|
|t:|1776075359
|switch|p1a: Pelipper|Pelipper, F|100/100
|-weather|RainDance|[from] ability: Drizzle|[of] p1a: Pelipper
|
|-weather|RainDance|[upkeep]
|upkeep
|turn|4
|
|t:|1776075366
|switch|p2a: Rillaboom|Rillaboom, F|100/100
|-fieldstart|move: Grassy Terrain|[from] ability: Grassy Surge|[of] p2a: Rillaboom
|move|p1a: Pelipper|U-turn|p2a: Rillaboom
|-supereffective|p2a: Rillaboom
|-damage|p2a: Rillaboom|80/100
|
|t:|1776075377
|switch|p1a: Zapdos|Zapdos|100/100|[from] U-turn
|
|-weather|RainDance|[upkeep]
|-heal|p2a: Rillaboom|86/100|[from] Grassy Terrain
|-heal|p2a: Rillaboom|92/100|[from] item: Leftovers
|upkeep
|turn|5
|
|t:|1776075384
|switch|p2a: Ting-Lu|Ting-Lu|100/100
|-ability|p2a: Ting-Lu|Vessel of Ruin
|move|p1a: Zapdos|Hurricane|p2a: Ting-Lu
|-damage|p2a: Ting-Lu|76/100
|
|-weather|RainDance|[upkeep]
|-heal|p2a: Ting-Lu|83/100|[from] Grassy Terrain
|-heal|p2a: Ting-Lu|89/100|[from] item: Leftovers
|upkeep
|turn|6
|
|t:|1776075394
|switch|p1a: Hatterene|Hatterene, F|73/100
|move|p2a: Ting-Lu|Earthquake|p1a: Hatterene
|-damage|p1a: Hatterene|57/100
|
|-weather|RainDance|[upkeep]
|-heal|p2a: Ting-Lu|95/100|[from] Grassy Terrain
|-heal|p2a: Ting-Lu|100/100|[from] item: Leftovers
|-heal|p1a: Hatterene|63/100|[from] Grassy Terrain
|upkeep
|turn|7
|
|t:|1776075403
|switch|p2a: Gholdengo|Gholdengo, shiny|100/100
|move|p1a: Hatterene|Draining Kiss|p2a: Gholdengo
|-resisted|p2a: Gholdengo
|-damage|p2a: Gholdengo|92/100
|-heal|p1a: Hatterene|70/100|[from] drain|[of] p2a: Gholdengo
|
|-weather|RainDance|[upkeep]
|-heal|p2a: Gholdengo|98/100|[from] Grassy Terrain
|-heal|p1a: Hatterene|76/100|[from] Grassy Terrain
|upkeep
|turn|8
|
|t:|1776075423
|switch|p1a: Zapdos|Zapdos|100/100
|move|p2a: Gholdengo|Shadow Ball|p1a: Zapdos
|-damage|p1a: Zapdos|54/100
|-unboost|p1a: Zapdos|spd|1
|
|-weather|RainDance|[upkeep]
|-heal|p2a: Gholdengo|100/100|[from] Grassy Terrain
|-fieldend|move: Grassy Terrain
|upkeep
|turn|9
|
|t:|1776075433
|switch|p2a: Ting-Lu|Ting-Lu|100/100
|-ability|p2a: Ting-Lu|Vessel of Ruin
|move|p1a: Zapdos|Weather Ball|p2a: Ting-Lu
|-supereffective|p2a: Ting-Lu
|-damage|p2a: Ting-Lu|62/100
|
|-weather|RainDance|[upkeep]
|-heal|p2a: Ting-Lu|68/100|[from] item: Leftovers
|upkeep
|turn|10
|
|t:|1776075443
|-terastallize|p2a: Ting-Lu|Ghost
|move|p1a: Zapdos|Weather Ball|p2a: Ting-Lu
|-damage|p2a: Ting-Lu|46/100
|move|p2a: Ting-Lu|Stealth Rock|p1a: Zapdos
|-sidestart|p1: luiiisete|move: Stealth Rock
|
|-weather|none
|-heal|p2a: Ting-Lu|52/100|[from] item: Leftovers
|upkeep
|turn|11
|
|t:|1776075450
|switch|p1a: Pelipper|Pelipper, F|100/100
|-damage|p1a: Pelipper|75/100|[from] Stealth Rock
|-weather|RainDance|[from] ability: Drizzle|[of] p1a: Pelipper
|move|p2a: Ting-Lu|Earthquake|p1a: Pelipper
|-immune|p1a: Pelipper
|
|-weather|RainDance|[upkeep]
|-heal|p2a: Ting-Lu|58/100|[from] item: Leftovers
|upkeep
|turn|12
|
|t:|1776075460
|switch|p2a: Rillaboom|Rillaboom, F|92/100
|-fieldstart|move: Grassy Terrain|[from] ability: Grassy Surge|[of] p2a: Rillaboom
|move|p1a: Pelipper|U-turn|p2a: Rillaboom
|-supereffective|p2a: Rillaboom
|-damage|p2a: Rillaboom|73/100
|
|t:|1776075469
|switch|p1a: Beartic|Beartic, M|100/100|[from] U-turn
|-damage|p1a: Beartic|76/100|[from] Stealth Rock
|
|-weather|RainDance|[upkeep]
|-heal|p1a: Beartic|82/100|[from] Grassy Terrain
|-heal|p2a: Rillaboom|79/100|[from] Grassy Terrain
|-heal|p2a: Rillaboom|85/100|[from] item: Leftovers
|upkeep
|turn|13
|
|t:|1776075477
|move|p1a: Beartic|Icicle Spear|p2a: Rillaboom
|-supereffective|p2a: Rillaboom
|-damage|p2a: Rillaboom|54/100
|-supereffective|p2a: Rillaboom
|-damage|p2a: Rillaboom|24/100
|-supereffective|p2a: Rillaboom
|-damage|p2a: Rillaboom|0 fnt
|faint|p2a: Rillaboom
|-hitcount|p2: Rillaboom|3
|
|-weather|RainDance|[upkeep]
|-heal|p1a: Beartic|88/100|[from] Grassy Terrain
|upkeep
|
|t:|1776075486
|switch|p2a: Garganacl|Garganacl, F|100/100
|turn|14
|
|t:|1776075491
|-terastallize|p1a: Beartic|Ground
|move|p1a: Beartic|Substitute|p1a: Beartic
|-start|p1a: Beartic|Substitute
|-damage|p1a: Beartic|63/100
|move|p2a: Garganacl|Salt Cure|p1a: Beartic
|-resisted|p1a: Beartic
|-activate|p1a: Beartic|move: Substitute|[damage]
|
|-weather|RainDance|[upkeep]
|-heal|p1a: Beartic|69/100|[from] Grassy Terrain
|upkeep
|turn|15
|
|t:|1776075500
|move|p1a: Beartic|Swords Dance|p1a: Beartic
|-boost|p1a: Beartic|atk|2
|move|p2a: Garganacl|Iron Defense|p2a: Garganacl
|-boost|p2a: Garganacl|def|2
|
|-weather|RainDance|[upkeep]
|-heal|p1a: Beartic|75/100|[from] Grassy Terrain
|upkeep
|turn|16
|
|t:|1776075507
|move|p1a: Beartic|Swords Dance|p1a: Beartic
|-boost|p1a: Beartic|atk|2
|move|p2a: Garganacl|Iron Defense|p2a: Garganacl
|-boost|p2a: Garganacl|def|2
|
|-weather|RainDance|[upkeep]
|-heal|p1a: Beartic|81/100|[from] Grassy Terrain
|-fieldend|move: Grassy Terrain
|upkeep
|turn|17
|
|t:|1776075515
|move|p1a: Beartic|Swords Dance|p1a: Beartic
|-boost|p1a: Beartic|atk|2
|move|p2a: Garganacl|Iron Defense|p2a: Garganacl
|-boost|p2a: Garganacl|def|2
|
|-weather|RainDance|[upkeep]
|upkeep
|turn|18
|
|t:|1776075521
|move|p1a: Beartic|Earthquake|p2a: Garganacl
|-supereffective|p2a: Garganacl
|-damage|p2a: Garganacl|30/100
|move|p2a: Garganacl|Body Press|p1a: Beartic
|-end|p1a: Beartic|Substitute
|
|-weather|none
|-heal|p2a: Garganacl|36/100|[from] item: Leftovers
|upkeep
|turn|19
|
|t:|1776075533
|switch|p2a: Hawlucha|Hawlucha, F|100/100
|move|p1a: Beartic|Earthquake|p2a: Hawlucha
|-immune|p2a: Hawlucha
|
|upkeep
|turn|20
|
|t:|1776075539
|move|p2a: Hawlucha|Acrobatics|p1a: Beartic
|-damage|p1a: Beartic|49/100
|move|p1a: Beartic|Icicle Spear|p2a: Hawlucha
|-supereffective|p2a: Hawlucha
|-damage|p2a: Hawlucha|0 fnt
|faint|p2a: Hawlucha
|-hitcount|p2: Hawlucha|1
|
|upkeep
|-message|luistope forfeited.
|
|win|luiiisete
|raw|luiiisete's rating: 1250 &rarr; <strong>1271</strong><br />(+21 for winning)
|raw|luistope's rating: 1198 &rarr; <strong>1177</strong><br />(-21 for losing)
|l|☆luistope
|player|p2|
|l|☆luiiisete
|player|p1|
