|html|<div class="broadcast-blue"><strong>[Gen 9] OU is currently suspecting Tera Blast! For information on how to participate check out the <a href="https://www.smogon.com/tools/suspects/view/200">suspect thread</a>.</strong></div>
|j|‽Nini (pu)
|j|☆Kanatawillcomeback
|t:|1776256433
|gametype|singles
|player|p1|Nini (pu)|parasollady-gen4|1065
|player|p2|Kanatawillcomeback|102|1102
|gen|9
|tier|[Gen 9] OU
|rated|
|rule|HP Percentage Mod: HP is shown in percentages
|rule|Endless Battle Clause: Forcing endless battles is banned
|rule|Species Clause: Limit one of each Pokémon
|rule|OHKO Clause: OHKO moves are banned
|rule|Evasion Items Clause: Evasion items are banned
|rule|Evasion Moves Clause: Evasion moves are banned
|rule|Evasion Abilities Clause: Evasion abilities are banned
|rule|Sleep Moves Clause: Sleep-inducing moves are banned
|clearpoke
|poke|p1|Hatterene, F|
|poke|p1|Indeedee, M|
|poke|p1|Mimikyu, F|
|poke|p1|Hoopa-Unbound|
|poke|p1|Ursaluna, F|
|poke|p1|Azumarill, F|
|poke|p2|Pecharunt|
|poke|p2|Kingambit, F|
|poke|p2|Volcanion|
|poke|p2|Iron Valiant|
|poke|p2|Landorus-Therian, M|
|poke|p2|Deoxys-Speed|
|teampreview
|
|t:|1776256447
|teamsize|p1|6
|teamsize|p2|6
|start
|switch|p1a: Hatterene|Hatterene, F, shiny|100/100
|switch|p2a: Landorus|Landorus-Therian, M|100/100
|-ability|p2a: Landorus|Intimidate|boost
|-unboost|p1a: Hatterene|atk|1
|turn|1
|inactive|Battle timer is ON: inactive players will automatically lose when time's up. (requested by Kanatawillcomeback)
|
|t:|1776256455
|move|p2a: Landorus|Taunt|p1a: Hatterene
|move|p1a: Hatterene|Taunt|p2a: Landorus|[from] ability: Magic Bounce
|-start|p2a: Landorus|move: Taunt
|move|p1a: Hatterene|Trick Room|p1a: Hatterene
|-fieldstart|move: Trick Room|[of] p1a: Hatterene
|
|upkeep
|turn|2
|
|t:|1776256466
|switch|p1a: Indeedee|Indeedee, M, shiny|100/100
|-fieldstart|move: Psychic Terrain|[from] ability: Psychic Surge|[of] p1a: Indeedee
|move|p2a: Landorus|U-turn|p1a: Indeedee
|-supereffective|p1a: Indeedee
|-damage|p1a: Indeedee|49/100
|
|t:|1776256478
|switch|p2a: Kingambit|Kingambit, F|100/100|[from] U-turn
|
|upkeep
|turn|3
|
|t:|1776256491
|switch|p1a: Hoopa|Hoopa-Unbound|100/100
|-enditem|p1a: Hoopa|Psychic Seed
|-boost|p1a: Hoopa|spd|1|[from] item: Psychic Seed
|move|p2a: Kingambit|Iron Head|p1a: Hoopa
|-damage|p1a: Hoopa|45/100
|
|upkeep
|turn|4
|
|t:|1776256500
|move|p1a: Hoopa|Focus Blast|p2a: Kingambit
|-supereffective|p2a: Kingambit
|-damage|p2a: Kingambit|0 fnt
|faint|p2a: Kingambit
|-end|p2a: Kingambit|fallenundefined|[silent]
|-item|p1a: Hoopa|Leftovers|[from] ability: Magician|[of] p2: Kingambit
|
|-heal|p1a: Hoopa|51/100|[from] item: Leftovers
|upkeep
|
|t:|1776256511
|switch|p2a: Volcanion|Volcanion|100/100
|turn|5
|
|t:|1776256517
|-terastallize|p1a: Hoopa|Psychic
|move|p1a: Hoopa|Expanding Force|p2a: Volcanion
|-damage|p2a: Volcanion|0 fnt
|faint|p2a: Volcanion
|
|-heal|p1a: Hoopa|57/100|[from] item: Leftovers
|-fieldend|move: Trick Room
|upkeep
|
|t:|1776256528
|switch|p2a: Iron Valiant|Iron Valiant|100/100
|-enditem|p2a: Iron Valiant|Booster Energy
|-activate|p2a: Iron Valiant|ability: Quark Drive|[fromitem]
|-start|p2a: Iron Valiant|quarkdrivespe
|turn|6
|
|t:|1776256534
|-terastallize|p2a: Iron Valiant|Stellar
|move|p2a: Iron Valiant|Knock Off|p1a: Hoopa
|-supereffective|p1a: Hoopa
|-damage|p1a: Hoopa|0 fnt
|-enditem|p1a: Hoopa|Leftovers|[from] move: Knock Off|[of] p2a: Iron Valiant
|faint|p1a: Hoopa
|
|upkeep
|
|t:|1776256541
|switch|p1a: Mimikyu|Mimikyu, F, shiny|100/100
|turn|7
|
|t:|1776256546
|move|p2a: Iron Valiant|Knock Off|p1a: Mimikyu
|-activate|p1a: Mimikyu|ability: Disguise
|-damage|p1a: Mimikyu|100/100
|-enditem|p1a: Mimikyu|Red Card|[from] move: Knock Off|[of] p2a: Iron Valiant
|detailschange|p1a: Mimikyu|Mimikyu-Busted, F, shiny
|-damage|p1a: Mimikyu|88/100|[from] pokemon: Mimikyu-Busted
|move|p1a: Mimikyu|Trick Room|p1a: Mimikyu
|-fieldstart|move: Trick Room|[of] p1a: Mimikyu
|
|upkeep
|turn|8
|
|t:|1776256558
|move|p1a: Mimikyu|Play Rough|p2a: Iron Valiant
|-supereffective|p2a: Iron Valiant
|-damage|p2a: Iron Valiant|32/100
|move|p2a: Iron Valiant|Moonblast|p1a: Mimikyu
|-damage|p1a: Mimikyu|35/100
|
|upkeep
|turn|9
|
|t:|1776256565
|-end|p2a: Iron Valiant|Quark Drive|[silent]
|switch|p2a: Landorus|Landorus-Therian, M|100/100
|-ability|p2a: Landorus|Intimidate|boost
|-unboost|p1a: Mimikyu|atk|1
|move|p1a: Mimikyu|Play Rough|p2a: Landorus
|-damage|p2a: Landorus|83/100
|-damage|p1a: Mimikyu|18/100|[from] item: Rocky Helmet|[of] p2a: Landorus
|
|-fieldend|move: Psychic Terrain
|upkeep
|turn|10
|
|t:|1776256575
|move|p1a: Mimikyu|Destiny Bond|p1a: Mimikyu
|-singlemove|p1a: Mimikyu|Destiny Bond
|move|p2a: Landorus|U-turn|p1a: Mimikyu
|-resisted|p1a: Mimikyu
|-damage|p1a: Mimikyu|13/100
|
|t:|1776256581
|switch|p2a: Iron Valiant|Iron Valiant, tera:Stellar|32/100|[from] U-turn
|
|upkeep
|turn|11
|
|t:|1776256586
|-end|p2a: Iron Valiant|Quark Drive|[silent]
|switch|p2a: Landorus|Landorus-Therian, M|83/100
|-ability|p2a: Landorus|Intimidate|boost
|-unboost|p1a: Mimikyu|atk|1
|move|p1a: Mimikyu|Play Rough|p2a: Landorus|[miss]
|-miss|p1a: Mimikyu|p2a: Landorus
|
|-fieldend|move: Trick Room
|upkeep
|turn|12
|
|t:|1776256595
|move|p2a: Landorus|Taunt|p1a: Mimikyu
|-start|p1a: Mimikyu|move: Taunt
|cant|p1a: Mimikyu|move: Taunt|Destiny Bond
|
|upkeep
|turn|13
|
|t:|1776256602
|switch|p1a: Hatterene|Hatterene, F, shiny|100/100
|move|p2a: Landorus|Stealth Rock|p1a: Hatterene
|move|p1a: Hatterene|Stealth Rock|p2a: Landorus|[from] ability: Magic Bounce
|-sidestart|p2: Kanatawillcomeback|move: Stealth Rock
|
|upkeep
|turn|14
|
|t:|1776256610
|move|p2a: Landorus|U-turn|p1a: Hatterene
|-damage|p1a: Hatterene|80/100
|
|t:|1776256614
|switch|p2a: Pecharunt|Pecharunt|100/100|[from] U-turn
|move|p1a: Hatterene|Trick Room|p1a: Hatterene
|-fieldstart|move: Trick Room|[of] p1a: Hatterene
|
|upkeep
|turn|15
|
|t:|1776256625
|switch|p1a: Azumarill|Azumarill, F|100/100
|move|p2a: Pecharunt|Malignant Chain|p1a: Azumarill
|-supereffective|p1a: Azumarill
|-damage|p1a: Azumarill|18/100
|
|-heal|p1a: Azumarill|24/100|[from] item: Leftovers
|upkeep
|turn|16
|
|t:|1776256644
|switch|p2a: Landorus|Landorus-Therian, M|83/100
|-damage|p2a: Landorus|71/100|[from] Stealth Rock
|-ability|p2a: Landorus|Intimidate|boost
|-unboost|p1a: Azumarill|atk|1
|move|p1a: Azumarill|Surf|p2a: Landorus
|-supereffective|p2a: Landorus
|-damage|p2a: Landorus|7/100
|
|-heal|p1a: Azumarill|30/100|[from] item: Leftovers
|upkeep
|turn|17
|
|t:|1776256653
|move|p1a: Azumarill|Surf|p2a: Landorus
|-supereffective|p2a: Landorus
|-damage|p2a: Landorus|0 fnt
|faint|p2a: Landorus
|
|-heal|p1a: Azumarill|36/100|[from] item: Leftovers
|upkeep
|
|t:|1776256658
|switch|p2a: Pecharunt|Pecharunt|100/100
|turn|18
|
|t:|1776256662
|move|p1a: Azumarill|Belly Drum||[still]
|-fail|p1a: Azumarill
|move|p2a: Pecharunt|Malignant Chain|p1a: Azumarill
|-supereffective|p1a: Azumarill
|-damage|p1a: Azumarill|0 fnt
|faint|p1a: Azumarill
|
|-fieldend|move: Trick Room
|upkeep
|
|t:|1776256670
|switch|p1a: Hatterene|Hatterene, F, shiny|80/100
|turn|19
|
|t:|1776256674
|move|p2a: Pecharunt|Malignant Chain|p1a: Hatterene
|-supereffective|p1a: Hatterene
|-damage|p1a: Hatterene|4/100
|move|p1a: Hatterene|Expanding Force|p2a: Pecharunt
|-supereffective|p2a: Pecharunt
|-damage|p2a: Pecharunt|0 fnt
|faint|p2a: Pecharunt
|
|upkeep
|
|t:|1776256682
|switch|p2a: Deoxys|Deoxys-Speed|100/100
|-damage|p2a: Deoxys|88/100|[from] Stealth Rock
|-ability|p2a: Deoxys|Pressure
|turn|20
|
|t:|1776256689
|switch|p1a: Ursaluna|Ursaluna, F, shiny|100/100
|move|p2a: Deoxys|Knock Off|p1a: Ursaluna
|-damage|p1a: Ursaluna|83/100
|-enditem|p1a: Ursaluna|Flame Orb|[from] move: Knock Off|[of] p2a: Deoxys
|
|upkeep
|turn|21
|
|t:|1776256698
|move|p2a: Deoxys|Superpower|p1a: Ursaluna
|-supereffective|p1a: Ursaluna
|-damage|p1a: Ursaluna|43/100
|-unboost|p2a: Deoxys|atk|1
|-unboost|p2a: Deoxys|def|1
|-enditem|p2a: Deoxys|Eject Pack
|
|t:|1776256701
|switch|p2a: Iron Valiant|Iron Valiant, tera:Stellar|32/100
|-damage|p2a: Iron Valiant|26/100|[from] Stealth Rock
|move|p1a: Ursaluna|Facade|p2a: Iron Valiant
|-damage|p2a: Iron Valiant|0 fnt
|faint|p2a: Iron Valiant
|-end|p2a: Iron Valiant|Quark Drive|[silent]
|
|upkeep
|
|t:|1776256703
|switch|p2a: Deoxys|Deoxys-Speed|88/100
|-damage|p2a: Deoxys|76/100|[from] Stealth Rock
|-ability|p2a: Deoxys|Pressure
|turn|22
|
|t:|1776256719
|move|p2a: Deoxys|Superpower|p1a: Ursaluna
|-supereffective|p1a: Ursaluna
|-damage|p1a: Ursaluna|0 fnt
|-unboost|p2a: Deoxys|atk|1
|-unboost|p2a: Deoxys|def|1
|faint|p1a: Ursaluna
|
|upkeep
|
|t:|1776256727
|switch|p1a: Indeedee|Indeedee, M, shiny|49/100
|-fieldstart|move: Psychic Terrain|[from] ability: Psychic Surge|[of] p1a: Indeedee
|turn|23
|
|t:|1776256736
|move|p2a: Deoxys|Knock Off|p1a: Indeedee
|-supereffective|p1a: Indeedee
|-damage|p1a: Indeedee|4/100
|-enditem|p1a: Indeedee|Terrain Extender|[from] move: Knock Off|[of] p2a: Deoxys
|move|p1a: Indeedee|Expanding Force|p2a: Deoxys
|-resisted|p2a: Deoxys
|-damage|p2a: Deoxys|28/100
|
|upkeep
|turn|24
|
|t:|1776256746
|move|p2a: Deoxys|Knock Off|p1a: Indeedee
|-supereffective|p1a: Indeedee
|-damage|p1a: Indeedee|0 fnt
|faint|p1a: Indeedee
|
|upkeep
|
|t:|1776256752
|switch|p1a: Hatterene|Hatterene, F, shiny|4/100
|turn|25
|
|t:|1776256757
|move|p2a: Deoxys|Knock Off|p1a: Hatterene
|-damage|p1a: Hatterene|0 fnt
|-enditem|p1a: Hatterene|Choice Specs|[from] move: Knock Off|[of] p2a: Deoxys
|faint|p1a: Hatterene
|
|upkeep
|
|t:|1776256762
|switch|p1a: Mimikyu|Mimikyu-Busted, F, shiny|13/100
|turn|26
|
|t:|1776256770
|move|p2a: Deoxys|Knock Off|p1a: Mimikyu
|-damage|p1a: Mimikyu|1/100
|move|p1a: Mimikyu|Play Rough|p2a: Deoxys
|-damage|p2a: Deoxys|0 fnt
|faint|p2a: Deoxys
|
|win|Nini (pu)
|raw|Nini (pu)'s rating: 1065 &rarr; <strong>1098</strong><br />(+33 for winning)
|raw|Kanatawillcomeback's rating: 1102 &rarr; <strong>1074</strong><br />(-28 for losing)
|c|☆Kanatawillcomeback|how much
|c|☆Kanatawillcomeback|was left
