|html|<div class="broadcast-blue"><strong>[Gen 9] OU is currently suspecting Tera Blast! For information on how to participate check out the <a href="https://www.smogon.com/tools/suspects/view/200">suspect thread</a>.</strong></div>
|j|☆guyfieri24
|j|☆monocyne
|t:|1776127843
|gametype|singles
|player|p1|guyfieri24|1|
|player|p2|monocyne|266|
|gen|9
|tier|[Gen 9] OU
|rule|HP Percentage Mod: HP is shown in percentages
|rule|Endless Battle Clause: Forcing endless battles is banned
|rule|Species Clause: Limit one of each Pokémon
|rule|OHKO Clause: OHKO moves are banned
|rule|Evasion Items Clause: Evasion items are banned
|rule|Evasion Moves Clause: Evasion moves are banned
|rule|Evasion Abilities Clause: Evasion abilities are banned
|rule|Sleep Moves Clause: Sleep-inducing moves are banned
|clearpoke
|poke|p1|Moltres|
|poke|p1|Deoxys-Speed|
|poke|p1|Kingambit, M|
|poke|p1|Darkrai|
|poke|p1|Maushold|
|poke|p1|Raging Bolt|
|poke|p2|Dragapult, F|
|poke|p2|Skarmory, M|
|poke|p2|Zamazenta-*|
|poke|p2|Alomomola, M|
|poke|p2|Slowking-Galar, F|
|poke|p2|Iron Moth|
|teampreview
|
|t:|1776127859
|teamsize|p1|6
|teamsize|p2|6
|start
|switch|p1a: Molter|Moltres|100/100
|switch|p2a: Slowking|Slowking-Galar, F|100/100
|turn|1
|
|t:|1776127880
|switch|p2a: Dragapult|Dragapult, F|100/100
|move|p1a: Molter|Fire Blast|p2a: Dragapult|[miss]
|-miss|p1a: Molter|p2a: Dragapult
|
|upkeep
|turn|2
|
|t:|1776127902
|switch|p1a: spirit of the east|Darkrai, shiny|100/100
|move|p2a: Dragapult|Thunderbolt|p1a: spirit of the east
|-damage|p1a: spirit of the east|65/100
|
|upkeep
|turn|3
|
|t:|1776127917
|move|p2a: Dragapult|U-turn|p1a: spirit of the east
|-supereffective|p1a: spirit of the east
|-damage|p1a: spirit of the east|19/100
|
|t:|1776127923
|switch|p2a: Zamazenta|Zamazenta|100/100|[from] U-turn
|-ability|p2a: Zamazenta|Dauntless Shield|boost
|-boost|p2a: Zamazenta|def|1
|move|p1a: spirit of the east|Nasty Plot|p1a: spirit of the east
|-boost|p1a: spirit of the east|spa|2
|
|upkeep
|turn|4
|
|t:|1776127953
|switch|p1a: dna man|Deoxys-Speed|100/100
|-ability|p1a: dna man|Pressure
|move|p2a: Zamazenta|Body Press|p1a: dna man
|-resisted|p1a: dna man
|-damage|p1a: dna man|60/100
|
|upkeep
|turn|5
|
|t:|1776127990
|move|p1a: dna man|Psycho Boost|p2a: Zamazenta
|-supereffective|p2a: Zamazenta
|-damage|p2a: Zamazenta|11/100
|-unboost|p1a: dna man|spa|2
|move|p2a: Zamazenta|Body Press|p1a: dna man
|-resisted|p1a: dna man
|-damage|p1a: dna man|21/100
|
|-heal|p2a: Zamazenta|17/100|[from] item: Leftovers
|upkeep
|turn|6
|
|t:|1776128001
|switch|p2a: Skarmory|Skarmory, M|100/100
|move|p1a: dna man|Psycho Boost|p2a: Skarmory
|-resisted|p2a: Skarmory
|-damage|p2a: Skarmory|80/100
|-unboost|p1a: dna man|spa|2
|
|upkeep
|turn|7
|
|t:|1776128011
|switch|p1a: Molter|Moltres|100/100
|move|p2a: Skarmory|Spikes|p1a: Molter
|-sidestart|p1: guyfieri24|Spikes
|
|upkeep
|turn|8
|
|t:|1776128024
|switch|p2a: Alomomola|Alomomola, M|100/100
|move|p1a: Molter|Fire Blast|p2a: Alomomola
|-resisted|p2a: Alomomola
|-damage|p2a: Alomomola|59/100
|
|upkeep
|turn|9
|
|t:|1776128045
|switch|p1a: not dna man|Raging Bolt|100/100
|-damage|p1a: not dna man|88/100|[from] Spikes
|-enditem|p1a: not dna man|Booster Energy
|-activate|p1a: not dna man|ability: Protosynthesis|[fromitem]
|-start|p1a: not dna man|protosynthesisspa
|move|p2a: Alomomola|Flip Turn|p1a: not dna man
|-resisted|p1a: not dna man
|-damage|p1a: not dna man|82/100
|
|t:|1776128054
|switch|p2a: Dragapult|Dragapult, F|100/100|[from] Flip Turn
|
|upkeep
|turn|10
|
|t:|1776128077
|-end|p1a: not dna man|Protosynthesis|[silent]
|switch|p1a: spirit of the east|Darkrai, shiny|19/100
|-damage|p1a: spirit of the east|7/100|[from] Spikes
|move|p2a: Dragapult|Dragon Darts|p1a: spirit of the east
|-damage|p1a: spirit of the east|0 fnt
|faint|p1a: spirit of the east
|
|upkeep
|
|t:|1776128085
|switch|p1a: chicken family|Maushold|100/100
|-damage|p1a: chicken family|88/100|[from] Spikes
|turn|11
|
|t:|1776128112
|move|p2a: Dragapult|U-turn|p1a: chicken family
|-damage|p1a: chicken family|57/100
|
|t:|1776128119
|switch|p2a: Alomomola|Alomomola, M|93/100|[from] U-turn
|move|p1a: chicken family|Beat Up|p2a: Alomomola
|-damage|p2a: Alomomola|90/100
|-damage|p2a: Alomomola|88/100
|-damage|p2a: Alomomola|84/100
|-damage|p2a: Alomomola|81/100
|-damage|p2a: Alomomola|78/100
|-hitcount|p2a: Alomomola|5
|
|upkeep
|turn|12
|
|t:|1776128139
|move|p1a: chicken family|Population Bomb|p2a: Alomomola
|-damage|p2a: Alomomola|71/100
|-damage|p2a: Alomomola|65/100
|-damage|p2a: Alomomola|59/100
|-damage|p2a: Alomomola|54/100
|-damage|p2a: Alomomola|48/100
|-damage|p2a: Alomomola|42/100
|-damage|p2a: Alomomola|36/100
|-damage|p2a: Alomomola|30/100
|-damage|p2a: Alomomola|24/100
|-damage|p2a: Alomomola|19/100
|-hitcount|p2a: Alomomola|10
|move|p2a: Alomomola|Wish|p2a: Alomomola
|
|upkeep
|turn|13
|
|t:|1776128156
|move|p1a: chicken family|Population Bomb|p2a: Alomomola
|-damage|p2a: Alomomola|13/100
|-damage|p2a: Alomomola|7/100
|-damage|p2a: Alomomola|1/100
|-damage|p2a: Alomomola|0 fnt
|faint|p2a: Alomomola
|-hitcount|p2: Alomomola|4
|
|upkeep
|
|t:|1776128159
|switch|p2a: Zamazenta|Zamazenta|17/100
|turn|14
|
|t:|1776128173
|move|p2a: Zamazenta|Body Press|p1a: chicken family
|-supereffective|p1a: chicken family
|-damage|p1a: chicken family|0 fnt
|faint|p1a: chicken family
|
|-heal|p2a: Zamazenta|23/100|[from] item: Leftovers
|upkeep
|
|t:|1776128203
|switch|p1a: dna man|Deoxys-Speed|21/100
|-damage|p1a: dna man|8/100|[from] Spikes
|-ability|p1a: dna man|Pressure
|turn|15
|
|t:|1776128224
|switch|p2a: Skarmory|Skarmory, M|80/100
|move|p1a: dna man|Focus Blast|p2a: Skarmory|[miss]
|-miss|p1a: dna man|p2a: Skarmory
|
|upkeep
|turn|16
|
|t:|1776128253
|move|p1a: dna man|Focus Blast|p2a: Skarmory|[miss]
|-miss|p1a: dna man|p2a: Skarmory
|move|p2a: Skarmory|Spikes|p1a: dna man
|-sidestart|p1: guyfieri24|Spikes
|
|upkeep
|turn|17
|
|t:|1776128267
|move|p1a: dna man|Focus Blast|p2a: Skarmory|[miss]
|-miss|p1a: dna man|p2a: Skarmory
|move|p2a: Skarmory|Spikes|p1a: dna man
|-sidestart|p1: guyfieri24|Spikes
|
|upkeep
|turn|18
|
|t:|1776128293
|move|p1a: dna man|Focus Blast|p2a: Skarmory
|-damage|p2a: Skarmory|37/100
|move|p2a: Skarmory|Brave Bird|p1a: dna man
|-damage|p1a: dna man|0 fnt
|faint|p1a: dna man
|-damage|p2a: Skarmory|36/100|[from] Recoil
|
|upkeep
|
|t:|1776128304
|switch|p1a: Molter|Moltres|100/100
|turn|19
|
|t:|1776128329
|switch|p2a: Dragapult|Dragapult, F|100/100
|move|p1a: Molter|Fire Blast|p2a: Dragapult
|-resisted|p2a: Dragapult
|-damage|p2a: Dragapult|48/100
|
|upkeep
|turn|20
|
|t:|1776128345
|move|p2a: Dragapult|Thunderbolt|p1a: Molter
|-supereffective|p1a: Molter
|-damage|p1a: Molter|34/100
|move|p1a: Molter|Fire Blast|p2a: Dragapult
|-resisted|p2a: Dragapult
|-damage|p2a: Dragapult|0 fnt
|faint|p2a: Dragapult
|
|upkeep
|
|t:|1776128358
|switch|p2a: Slowking|Slowking-Galar, F|100/100
|turn|21
|
|t:|1776128388
|move|p1a: Molter|Fire Blast|p2a: Slowking
|-damage|p2a: Slowking|65/100
|move|p2a: Slowking|Sludge Bomb|p1a: Molter
|-damage|p1a: Molter|0 fnt
|faint|p1a: Molter
|
|upkeep
|
|t:|1776128397
|switch|p1a: not dna man|Raging Bolt|82/100
|-damage|p1a: not dna man|58/100|[from] Spikes
|turn|22
|
|t:|1776128415
|-terastallize|p2a: Slowking|Water
|move|p1a: not dna man|Draco Meteor|p2a: Slowking
|-damage|p2a: Slowking|28/100
|-unboost|p1a: not dna man|spa|2
|move|p2a: Slowking|Ice Beam|p1a: not dna man
|-supereffective|p1a: not dna man
|-damage|p1a: not dna man|13/100
|
|upkeep
|turn|23
|
|t:|1776128430
|switch|p2a: Iron Moth|Iron Moth|100/100
|-enditem|p2a: Iron Moth|Booster Energy
|-activate|p2a: Iron Moth|ability: Quark Drive|[fromitem]
|-start|p2a: Iron Moth|quarkdrivespe
|move|p1a: not dna man|Thunder|p2a: Iron Moth
|-damage|p2a: Iron Moth|65/100
|
|upkeep
|turn|24
|
|t:|1776128456
|move|p2a: Iron Moth|Dazzling Gleam|p1a: not dna man
|-supereffective|p1a: not dna man
|-damage|p1a: not dna man|0 fnt
|faint|p1a: not dna man
|-end|p1a: not dna man|Protosynthesis|[silent]
|
|upkeep
|
|t:|1776128460
|switch|p1a: king tony|Kingambit, M|100/100
|-damage|p1a: king tony|75/100|[from] Spikes
|-activate|p1a: king tony|ability: Supreme Overlord
|-start|p1a: king tony|fallen5|[silent]
|turn|25
|
|t:|1776128477
|move|p2a: Iron Moth|Fiery Dance|p1a: king tony
|-supereffective|p1a: king tony
|-damage|p1a: king tony|0 fnt
|-boost|p2a: Iron Moth|spa|1
|faint|p1a: king tony
|-end|p1a: king tony|fallen5|[silent]
|
|win|monocyne
|c|☆monocyne|gg
