|html|<div class="broadcast-blue"><strong>[Gen 9] OU is currently suspecting Tera Blast! For information on how to participate check out the <a href="https://www.smogon.com/tools/suspects/view/200">suspect thread</a>.</strong></div>
|j|‽RissyL
|j|☆dialethetica
|t:|1776062116
|gametype|singles
|player|p1|RissyL|skyla|1172
|player|p2|dialethetica|101|1200
|gen|9
|tier|[Gen 9] OU
|rated|
|rule|HP Percentage Mod: HP is shown in percentages
|rule|Endless Battle Clause: Forcing endless battles is banned
|rule|Species Clause: Limit one of each Pokémon
|rule|OHKO Clause: OHKO moves are banned
|rule|Evasion Items Clause: Evasion items are banned
|rule|Evasion Moves Clause: Evasion moves are banned
|rule|Evasion Abilities Clause: Evasion abilities are banned
|rule|Sleep Moves Clause: Sleep-inducing moves are banned
|clearpoke
|poke|p1|Lucario, M|
|poke|p1|Regidrago|
|poke|p1|Volcanion|
|poke|p1|Zapdos-Galar|
|poke|p1|Oricorio-Sensu, F|
|poke|p1|Goodra-Hisui, M|
|poke|p2|Darkrai|
|poke|p2|Mimikyu, F|
|poke|p2|Zoroark-Hisui, F|
|poke|p2|Arcanine-Hisui, M|
|poke|p2|Great Tusk|
|poke|p2|Kingambit, M|
|teampreview
|inactive|Battle timer is ON: inactive players will automatically lose when time's up. (requested by RissyL)
|
|t:|1776062130
|teamsize|p1|6
|teamsize|p2|6
|start
|switch|p1a: Zapdos|Zapdos-Galar|100/100
|switch|p2a: Darkrai|Darkrai|100/100
|turn|1
|
|t:|1776062148
|switch|p2a: Kingambit|Kingambit, M|100/100
|move|p1a: Zapdos|Knock Off|p2a: Kingambit
|-supereffective|p2a: Kingambit
|-damage|p2a: Kingambit|0 fnt
|replace|p2a: Zoroark|Zoroark-Hisui, F, shiny
|-end|p2a: Zoroark|Illusion
|-enditem|p2a: Zoroark|Choice Specs|[from] move: Knock Off|[of] p1a: Zapdos
|faint|p2a: Zoroark
|
|upkeep
|
|t:|1776062160
|switch|p2a: Arcanine|Arcanine-Hisui, M, shiny|100/100
|turn|2
|j| IGiveBackShots
|
|t:|1776062176
|switch|p1a: Volcanion|Volcanion|100/100
|move|p2a: Arcanine|Head Smash|p1a: Volcanion|[miss]
|-miss|p2a: Arcanine|p1a: Volcanion
|
|upkeep
|turn|3
|
|t:|1776062184
|move|p2a: Arcanine|Head Smash|p1a: Volcanion
|-supereffective|p1a: Volcanion
|-damage|p1a: Volcanion|0 fnt
|faint|p1a: Volcanion
|
|upkeep
|
|t:|1776062190
|switch|p1a: Regidrago|Regidrago|100/100
|turn|4
|
|t:|1776062199
|move|p1a: Regidrago|Earth Power|p2a: Arcanine
|-supereffective|p2a: Arcanine
|-damage|p2a: Arcanine|0 fnt
|faint|p2a: Arcanine
|
|upkeep
|
|t:|1776062204
|switch|p2a: Mimikyu|Mimikyu, F, shiny|100/100
|turn|5
|
|t:|1776062209
|switch|p1a: Zapdos|Zapdos-Galar|100/100
|move|p2a: Mimikyu|Swords Dance|p2a: Mimikyu
|-boost|p2a: Mimikyu|atk|2
|
|upkeep
|turn|6
|
|t:|1776062215
|move|p1a: Zapdos|U-turn|p2a: Mimikyu
|-activate|p2a: Mimikyu|ability: Disguise
|-damage|p2a: Mimikyu|100/100
|detailschange|p2a: Mimikyu|Mimikyu-Busted, F, shiny
|-damage|p2a: Mimikyu|88/100|[from] pokemon: Mimikyu-Busted
|
|t:|1776062224
|switch|p1a: Oricorio|Oricorio-Sensu, F|100/100|[from] U-turn
|move|p2a: Mimikyu|Swords Dance|p2a: Mimikyu
|-boost|p2a: Mimikyu|atk|2
|-enditem|p1a: Oricorio|Mirror Herb
|-boost|p1a: Oricorio|atk|2|[from] item: Mirror Herb
|-activate|p1a: Oricorio|ability: Dancer
|move|p1a: Oricorio|Swords Dance|p1a: Oricorio|[from] ability: Dancer
|-boost|p1a: Oricorio|atk|2
|
|upkeep
|turn|7
|
|t:|1776062247
|-terastallize|p1a: Oricorio|Dark
|move|p2a: Mimikyu|Shadow Sneak|p1a: Oricorio
|-resisted|p1a: Oricorio
|-damage|p1a: Oricorio|55/100
|-damage|p2a: Mimikyu|78/100|[from] item: Life Orb
|move|p1a: Oricorio|Tera Blast|p2a: Mimikyu|[anim] Tera Blast Dark
|-damage|p2a: Mimikyu|0 fnt
|faint|p2a: Mimikyu
|
|upkeep
|
|t:|1776062261
|switch|p2a: Darkrai|Darkrai|100/100
|turn|8
|
|t:|1776062267
|move|p2a: Darkrai|Focus Blast|p1a: Oricorio
|-supereffective|p1a: Oricorio
|-damage|p1a: Oricorio|0 fnt
|faint|p1a: Oricorio
|
|upkeep
|
|t:|1776062278
|switch|p1a: Zapdos|Zapdos-Galar|100/100
|turn|9
|
|t:|1776062291
|switch|p2a: Great Tusk|Great Tusk|100/100
|move|p1a: Zapdos|U-turn|p2a: Great Tusk
|-resisted|p2a: Great Tusk
|-damage|p2a: Great Tusk|93/100
|
|t:|1776062298
|switch|p1a: Regidrago|Regidrago|100/100|[from] U-turn
|
|upkeep
|turn|10
|
|t:|1776062303
|move|p1a: Regidrago|Dragon Energy|p2a: Great Tusk
|-damage|p2a: Great Tusk|0 fnt
|faint|p2a: Great Tusk
|-end|p2a: Great Tusk|Protosynthesis|[silent]
|
|upkeep
|
|t:|1776062310
|switch|p2a: Kingambit|Kingambit, M|100/100
|-activate|p2a: Kingambit|ability: Supreme Overlord
|-start|p2a: Kingambit|fallen4|[silent]
|turn|11
|
|t:|1776062322
|switch|p1a: Zapdos|Zapdos-Galar|100/100
|move|p2a: Kingambit|Swords Dance|p2a: Kingambit
|-boost|p2a: Kingambit|atk|2
|
|upkeep
|turn|12
|
|t:|1776062339
|-terastallize|p2a: Kingambit|Ghost
|move|p1a: Zapdos|Close Combat|p2a: Kingambit
|-immune|p2a: Kingambit
|move|p2a: Kingambit|Swords Dance|p2a: Kingambit
|-boost|p2a: Kingambit|atk|2
|
|upkeep
|turn|13
|
|t:|1776062353
|switch|p1a: Goodra|Goodra-Hisui, M|100/100
|move|p2a: Kingambit|Sucker Punch||[still]
|-fail|p2a: Kingambit
|
|upkeep
|turn|14
|
|t:|1776062371
|move|p2a: Kingambit|Kowtow Cleave|p1a: Goodra
|-damage|p1a: Goodra|0 fnt
|faint|p1a: Goodra
|
|upkeep
|
|t:|1776062377
|switch|p1a: Lucario|Lucario, M|100/100
|turn|15
|l| IGiveBackShots
|
|t:|1776062393
|move|p2a: Kingambit|Sucker Punch|p1a: Lucario
|-resisted|p1a: Lucario
|-damage|p1a: Lucario|0 fnt
|faint|p1a: Lucario
|
|upkeep
|
|t:|1776062398
|switch|p1a: Regidrago|Regidrago|100/100
|turn|16
|
|t:|1776062410
|move|p2a: Kingambit|Sucker Punch|p1a: Regidrago
|-damage|p1a: Regidrago|0 fnt
|faint|p1a: Regidrago
|
|upkeep
|-message|RissyL forfeited.
|
|win|dialethetica
|raw|RissyL's rating: 1172 &rarr; <strong>1149</strong><br />(-23 for losing)
|raw|dialethetica's rating: 1200 &rarr; <strong>1223</strong><br />(+23 for winning)
|l|‽RissyL
|player|p1|
|l|☆dialethetica
|player|p2|
