|html|<div class="broadcast-blue"><strong>[Gen 9] OU is currently suspecting Tera Blast! For information on how to participate check out the <a href="https://www.smogon.com/tools/suspects/view/200">suspect thread</a>.</strong></div>
|badge|p2|silver|gen9ou|30-9
|uhtml|medal-msg|<div class="broadcast-blue">Curious what those medals under the avatar are? PS now has Ladder Seasons! For more information, check out the <a href="https://www.smogon.com/forums/threads/3740067/">thread on Smogon.</a></div>
|j|☆Auburn Hills
|j|☆sv gurt
|t:|1776031945
|gametype|singles
|player|p1|Auburn Hills|alder|1820
|player|p2|sv gurt|bugsy-masters|1862
|gen|9
|tier|[Gen 9] OU
|rated|
|rule|HP Percentage Mod: HP is shown in percentages
|rule|Endless Battle Clause: Forcing endless battles is banned
|rule|Species Clause: Limit one of each Pokémon
|rule|OHKO Clause: OHKO moves are banned
|rule|Evasion Items Clause: Evasion items are banned
|rule|Evasion Moves Clause: Evasion moves are banned
|rule|Evasion Abilities Clause: Evasion abilities are banned
|rule|Sleep Moves Clause: Sleep-inducing moves are banned
|clearpoke
|poke|p1|Iron Moth|
|poke|p1|Umbreon, F|
|poke|p1|Garchomp, M|
|poke|p1|Glimmora, M|
|poke|p1|Gholdengo|
|poke|p1|Dragonite, M|
|poke|p2|Tyranitar, F|
|poke|p2|Moltres|
|poke|p2|Rotom-Wash|
|poke|p2|Clodsire, F|
|poke|p2|Dragapult, F|
|poke|p2|Great Tusk|
|teampreview
|
|t:|1776031961
|teamsize|p1|6
|teamsize|p2|6
|start
|switch|p1a: Julia Jacklin|Glimmora, M|100/100
|switch|p2a: Dragapult|Dragapult, F|100/100
|turn|1
|
|t:|1776031981
|move|p2a: Dragapult|Draco Meteor|p1a: Julia Jacklin
|-enditem|p1a: Julia Jacklin|Focus Sash
|-damage|p1a: Julia Jacklin|1/100
|-unboost|p2a: Dragapult|spa|2
|move|p1a: Julia Jacklin|Stealth Rock|p2a: Dragapult
|-sidestart|p2: sv gurt|move: Stealth Rock
|
|upkeep
|turn|2
|
|t:|1776031995
|switch|p1a: Alvvays|Umbreon, F|100/100
|move|p2a: Dragapult|Draco Meteor|p1a: Alvvays
|-damage|p1a: Alvvays|80/100
|-unboost|p2a: Dragapult|spa|2
|
|-heal|p1a: Alvvays|87/100|[from] item: Leftovers
|upkeep
|turn|3
|
|t:|1776032011
|switch|p2a: Clodsire|Clodsire, F|100/100
|-damage|p2a: Clodsire|94/100|[from] Stealth Rock
|switch|p1a: Julia Jacklin|Glimmora, M|1/100
|
|-heal|p2a: Clodsire|100/100|[from] item: Leftovers
|upkeep
|turn|4
|
|t:|1776032020
|move|p1a: Julia Jacklin|Earth Power|p2a: Clodsire
|-supereffective|p2a: Clodsire
|-damage|p2a: Clodsire|69/100
|move|p2a: Clodsire|Stealth Rock|p1a: Julia Jacklin
|-sidestart|p1: Auburn Hills|move: Stealth Rock
|
|-heal|p2a: Clodsire|75/100|[from] item: Leftovers
|upkeep
|turn|5
|
|t:|1776032026
|switch|p2a: Dragapult|Dragapult, F|100/100
|-damage|p2a: Dragapult|88/100|[from] Stealth Rock
|move|p1a: Julia Jacklin|Mortal Spin|p2a: Dragapult
|-resisted|p2a: Dragapult
|-damage|p2a: Dragapult|84/100
|-status|p2a: Dragapult|psn
|-sideend|p1: Auburn Hills|Stealth Rock|[from] move: Mortal Spin|[of] p1a: Julia Jacklin
|
|-damage|p2a: Dragapult|72/100 psn|[from] psn
|upkeep
|turn|6
|
|t:|1776032029
|switch|p1a: Alvvays|Umbreon, F|87/100
|move|p2a: Dragapult|U-turn|p1a: Alvvays
|-supereffective|p1a: Alvvays
|-damage|p1a: Alvvays|59/100
|
|t:|1776032034
|switch|p2a: Tyranitar|Tyranitar, F|100/100|[from] U-turn
|-damage|p2a: Tyranitar|88/100|[from] Stealth Rock
|-weather|Sandstorm|[from] ability: Sand Stream|[of] p2a: Tyranitar
|
|-weather|Sandstorm|[upkeep]
|-damage|p1a: Alvvays|52/100|[from] Sandstorm
|-heal|p1a: Alvvays|59/100|[from] item: Leftovers
|upkeep
|turn|7
|
|t:|1776032038
|move|p2a: Tyranitar|Stone Edge|p1a: Alvvays
|-crit|p1a: Alvvays
|-damage|p1a: Alvvays|0 fnt
|faint|p1a: Alvvays
|
|-weather|Sandstorm|[upkeep]
|upkeep
|
|t:|1776032043
|switch|p1a: Rat Tally|Garchomp, M|100/100
|turn|8
|
|t:|1776032047
|switch|p2a: Rotom|Rotom-Wash|100/100
|-damage|p2a: Rotom|88/100|[from] Stealth Rock
|move|p1a: Rat Tally|Scale Shot|p2a: Rotom
|-damage|p2a: Rotom|77/100
|-damage|p2a: Rotom|65/100
|-damage|p2a: Rotom|53/100
|-damage|p2a: Rotom|42/100
|-hitcount|p2a: Rotom|4
|-unboost|p1a: Rat Tally|def|1
|-boost|p1a: Rat Tally|spe|1
|
|-weather|Sandstorm|[upkeep]
|-damage|p2a: Rotom|36/100|[from] Sandstorm
|-heal|p2a: Rotom|42/100|[from] item: Leftovers
|upkeep
|turn|9
|
|t:|1776032052
|move|p1a: Rat Tally|Scale Shot|p2a: Rotom
|-damage|p2a: Rotom|30/100
|-damage|p2a: Rotom|20/100
|-damage|p2a: Rotom|9/100
|-damage|p2a: Rotom|0 fnt
|faint|p2a: Rotom
|-hitcount|p2: Rotom|4
|-unboost|p1a: Rat Tally|def|1
|-boost|p1a: Rat Tally|spe|1
|
|-weather|Sandstorm|[upkeep]
|upkeep
|
|t:|1776032057
|switch|p2a: Great Tusk|Great Tusk|100/100
|-damage|p2a: Great Tusk|98/100|[from] Stealth Rock
|turn|10
|
|t:|1776032061
|switch|p1a: Julia Jacklin|Glimmora, M|1/100
|move|p2a: Great Tusk|Earthquake|p1a: Julia Jacklin
|-supereffective|p1a: Julia Jacklin
|-damage|p1a: Julia Jacklin|0 fnt
|-activate|p1a: Julia Jacklin|ability: Toxic Debris
|-sidestart|p2: sv gurt|move: Toxic Spikes
|faint|p1a: Julia Jacklin
|
|-weather|none
|-heal|p2a: Great Tusk|100/100|[from] item: Leftovers
|upkeep
|
|t:|1776032064
|switch|p1a: Smino|Gholdengo|100/100
|turn|11
|
|t:|1776032069
|-end|p2a: Great Tusk|Protosynthesis|[silent]
|switch|p2a: Clodsire|Clodsire, F|75/100
|-damage|p2a: Clodsire|69/100|[from] Stealth Rock
|-sideend|p2: sv gurt|move: Toxic Spikes|[of] p2a: Clodsire
|move|p1a: Smino|Trick|p2a: Clodsire
|-activate|p1a: Smino|move: Trick|[of] p2a: Clodsire
|-item|p2a: Clodsire|Choice Scarf|[from] move: Trick
|-item|p1a: Smino|Leftovers|[from] move: Trick
|
|upkeep
|turn|12
|
|t:|1776032074
|move|p1a: Smino|Psyshock|p2a: Clodsire
|-supereffective|p2a: Clodsire
|-damage|p2a: Clodsire|6/100
|move|p2a: Clodsire|Stealth Rock|p1a: Smino
|-sidestart|p1: Auburn Hills|move: Stealth Rock
|
|upkeep
|turn|13
|
|t:|1776032080
|move|p1a: Smino|Trick|p2a: Clodsire
|-activate|p1a: Smino|move: Trick|[of] p2a: Clodsire
|-item|p2a: Clodsire|Leftovers|[from] move: Trick
|-item|p1a: Smino|Choice Scarf|[from] move: Trick
|move|p2a: Clodsire|Stealth Rock||[still]
|-fail|p2a: Clodsire
|
|-heal|p2a: Clodsire|12/100|[from] item: Leftovers
|upkeep
|turn|14
|
|t:|1776032086
|move|p1a: Smino|Shadow Ball|p2a: Clodsire
|-damage|p2a: Clodsire|0 fnt
|faint|p2a: Clodsire
|
|upkeep
|
|t:|1776032087
|switch|p2a: Tyranitar|Tyranitar, F|88/100
|-damage|p2a: Tyranitar|76/100|[from] Stealth Rock
|-weather|Sandstorm|[from] ability: Sand Stream|[of] p2a: Tyranitar
|turn|15
|
|t:|1776032091
|switch|p1a: Elucid|Dragonite, M|100/100
|move|p2a: Tyranitar|Knock Off|p1a: Elucid
|-damage|p1a: Elucid|52/100
|-enditem|p1a: Elucid|Heavy-Duty Boots|[from] move: Knock Off|[of] p2a: Tyranitar
|
|-weather|Sandstorm|[upkeep]
|-damage|p1a: Elucid|46/100|[from] Sandstorm
|upkeep
|turn|16
|
|t:|1776032100
|move|p1a: Elucid|Ice Spinner|p2a: Tyranitar
|-damage|p2a: Tyranitar|46/100
|move|p2a: Tyranitar|Knock Off|p1a: Elucid
|-damage|p1a: Elucid|0 fnt
|faint|p1a: Elucid
|
|-weather|Sandstorm|[upkeep]
|upkeep
|
|t:|1776032103
|switch|p1a: Rat Tally|Garchomp, M|100/100
|-damage|p1a: Rat Tally|94/100|[from] Stealth Rock
|turn|17
|
|t:|1776032107
|move|p1a: Rat Tally|Scale Shot|p2a: Tyranitar
|-damage|p2a: Tyranitar|33/100
|-damage|p2a: Tyranitar|21/100
|-damage|p2a: Tyranitar|10/100
|-damage|p2a: Tyranitar|0 fnt
|faint|p2a: Tyranitar
|-hitcount|p2: Tyranitar|4
|-unboost|p1a: Rat Tally|def|1
|-boost|p1a: Rat Tally|spe|1
|
|-weather|Sandstorm|[upkeep]
|upkeep
|
|t:|1776032110
|switch|p2a: Great Tusk|Great Tusk|100/100
|-damage|p2a: Great Tusk|98/100|[from] Stealth Rock
|turn|18
|
|t:|1776032116
|-terastallize|p1a: Rat Tally|Electric
|move|p1a: Rat Tally|Swords Dance|p1a: Rat Tally
|-boost|p1a: Rat Tally|atk|2
|move|p2a: Great Tusk|Earthquake|p1a: Rat Tally
|-supereffective|p1a: Rat Tally
|-damage|p1a: Rat Tally|0 fnt
|faint|p1a: Rat Tally
|
|-weather|Sandstorm|[upkeep]
|-heal|p2a: Great Tusk|100/100|[from] item: Leftovers
|upkeep
|
|t:|1776032121
|switch|p1a: Smino|Gholdengo|100/100
|-damage|p1a: Smino|94/100|[from] Stealth Rock
|turn|19
|
|t:|1776032139
|-end|p2a: Great Tusk|Protosynthesis|[silent]
|switch|p2a: Dragapult|Dragapult, F|72/100 psn
|-damage|p2a: Dragapult|60/100 psn|[from] Stealth Rock
|move|p1a: Smino|Shadow Ball|p2a: Dragapult
|-supereffective|p2a: Dragapult
|-damage|p2a: Dragapult|0 fnt
|faint|p2a: Dragapult
|
|-weather|none
|upkeep
|
|t:|1776032140
|switch|p2a: Moltres|Moltres|100/100
|turn|20
|
|t:|1776032143
|move|p1a: Smino|Shadow Ball|p2a: Moltres
|-damage|p2a: Moltres|55/100
|move|p2a: Moltres|Flamethrower|p1a: Smino
|-supereffective|p1a: Smino
|-damage|p1a: Smino|2/100
|
|upkeep
|turn|21
|
|t:|1776032148
|move|p1a: Smino|Shadow Ball|p2a: Moltres
|-damage|p2a: Moltres|15/100
|-unboost|p2a: Moltres|spd|1
|move|p2a: Moltres|U-turn|p1a: Smino
|-resisted|p1a: Smino
|-damage|p1a: Smino|0 fnt
|faint|p1a: Smino
|
|t:|1776032149
|switch|p2a: Great Tusk|Great Tusk|100/100|[from] U-turn
|-damage|p2a: Great Tusk|98/100|[from] Stealth Rock
|
|-heal|p2a: Great Tusk|100/100|[from] item: Leftovers
|upkeep
|
|t:|1776032152
|switch|p1a: Carly Rae|Iron Moth|100/100
|-damage|p1a: Carly Rae|76/100|[from] Stealth Rock
|-enditem|p1a: Carly Rae|Booster Energy
|-activate|p1a: Carly Rae|ability: Quark Drive|[fromitem]
|-start|p1a: Carly Rae|quarkdrivespe
|turn|22
|
|t:|1776032166
|move|p1a: Carly Rae|Dazzling Gleam|p2a: Great Tusk
|-supereffective|p2a: Great Tusk
|-damage|p2a: Great Tusk|34/100
|move|p2a: Great Tusk|Earthquake|p1a: Carly Rae
|-supereffective|p1a: Carly Rae
|-damage|p1a: Carly Rae|0 fnt
|faint|p1a: Carly Rae
|-end|p1a: Carly Rae|Quark Drive|[silent]
|
|win|sv gurt
|raw|Auburn Hills's rating: 1797 &rarr; <strong>1782</strong><br />(-15 for losing)
|raw|sv gurt's rating: 1877 &rarr; <strong>1892</strong><br />(+15 for winning)
|l|☆sv gurt
|player|p2|
|l|☆Auburn Hills
|player|p1|
