|html|<div class="broadcast-blue"><strong>[Gen 9] OU is currently suspecting Tera Blast! For information on how to participate check out the <a href="https://www.smogon.com/tools/suspects/view/200">suspect thread</a>.</strong></div>
|j|‽sunbia
|j|☆loudclouds103
|t:|1776074419
|gametype|singles
|player|p1|sunbia|170|1187
|player|p2|loudclouds103|102|1136
|gen|9
|tier|[Gen 9] OU
|rated|
|rule|HP Percentage Mod: HP is shown in percentages
|rule|Endless Battle Clause: Forcing endless battles is banned
|rule|Species Clause: Limit one of each Pokémon
|rule|OHKO Clause: OHKO moves are banned
|rule|Evasion Items Clause: Evasion items are banned
|rule|Evasion Moves Clause: Evasion moves are banned
|rule|Evasion Abilities Clause: Evasion abilities are banned
|rule|Sleep Moves Clause: Sleep-inducing moves are banned
|clearpoke
|poke|p1|Meowscarada, M|
|poke|p1|Pecharunt|
|poke|p1|Enamorus, F|
|poke|p1|Iron Treads|
|poke|p1|Skarmory, F|
|poke|p1|Slowking, M|
|poke|p2|Skuntank, F|
|poke|p2|Ribombee, F|
|poke|p2|Floatzel, M|
|poke|p2|Thundurus, M|
|poke|p2|Moltres|
|poke|p2|Arcanine-Hisui, M|
|teampreview
|inactive|Battle timer is ON: inactive players will automatically lose when time's up. (requested by loudclouds103)
|
|t:|1776074436
|teamsize|p1|6
|teamsize|p2|6
|start
|switch|p1a: Enamorus|Enamorus, F|100/100
|switch|p2a: Ribombee|Ribombee, F|100/100
|turn|1
|inactive|loudclouds103 has 120 seconds left.
|
|t:|1776074485
|move|p1a: Enamorus|Mystical Fire|p2a: Ribombee
|-supereffective|p2a: Ribombee
|-enditem|p2a: Ribombee|Focus Sash
|-damage|p2a: Ribombee|1/100
|move|p2a: Ribombee|Moonblast|p1a: Enamorus
|-damage|p1a: Enamorus|47/100
|-boost|p1a: Enamorus|spa|1
|
|upkeep
|turn|2
|
|t:|1776074495
|switch|p2a: Skuntank|Skuntank, F|100/100
|move|p1a: Enamorus|Mystical Fire|p2a: Skuntank
|-damage|p2a: Skuntank|38/100
|-unboost|p2a: Skuntank|spa|1
|
|-heal|p2a: Skuntank|44/100|[from] item: Black Sludge
|upkeep
|turn|3
|
|t:|1776074508
|switch|p1a: Skarmory|Skarmory, F|100/100
|move|p2a: Skuntank|Gunk Shot|p1a: Skarmory
|-immune|p1a: Skarmory
|
|-heal|p2a: Skuntank|50/100|[from] item: Black Sludge
|upkeep
|turn|4
|
|t:|1776074513
|move|p2a: Skuntank|Temper Flare|p1a: Skarmory
|-supereffective|p1a: Skarmory
|-damage|p1a: Skarmory|49/100
|move|p1a: Skarmory|Body Press|p2a: Skuntank
|-damage|p2a: Skuntank|7/100
|
|-heal|p2a: Skuntank|13/100|[from] item: Black Sludge
|upkeep
|turn|5
|
|t:|1776074520
|move|p2a: Skuntank|Temper Flare|p1a: Skarmory
|-supereffective|p1a: Skarmory
|-damage|p1a: Skarmory|22/100
|move|p1a: Skarmory|Roost|p1a: Skarmory
|-heal|p1a: Skarmory|72/100
|-singleturn|p1a: Skarmory|move: Roost
|
|-heal|p2a: Skuntank|19/100|[from] item: Black Sludge
|upkeep
|turn|6
|
|t:|1776074531
|switch|p1a: Slowking|Slowking, M|100/100
|move|p2a: Skuntank|Knock Off|p1a: Slowking
|-supereffective|p1a: Slowking
|-damage|p1a: Slowking|21/100
|-enditem|p1a: Slowking|Assault Vest|[from] move: Knock Off|[of] p2a: Skuntank
|
|-heal|p2a: Skuntank|25/100|[from] item: Black Sludge
|upkeep
|turn|7
|
|t:|1776074540
|switch|p1a: Skarmory|Skarmory, F|72/100
|move|p2a: Skuntank|Trailblaze|p1a: Skarmory
|-resisted|p1a: Skarmory
|-crit|p1a: Skarmory
|-damage|p1a: Skarmory|69/100
|-boost|p2a: Skuntank|spe|1
|
|-heal|p2a: Skuntank|31/100|[from] item: Black Sludge
|upkeep
|turn|8
|
|t:|1776074549
|move|p2a: Skuntank|Temper Flare|p1a: Skarmory
|-supereffective|p1a: Skarmory
|-damage|p1a: Skarmory|42/100
|move|p1a: Skarmory|Iron Defense|p1a: Skarmory
|-boost|p1a: Skarmory|def|2
|
|-heal|p2a: Skuntank|37/100|[from] item: Black Sludge
|upkeep
|turn|9
|
|t:|1776074557
|switch|p2a: Thundurus|Thundurus, M|100/100
|move|p1a: Skarmory|Roost|p1a: Skarmory
|-heal|p1a: Skarmory|92/100
|-singleturn|p1a: Skarmory|move: Roost
|
|upkeep
|turn|10
|
|t:|1776074569
|switch|p1a: Iron Treads|Iron Treads|100/100
|move|p2a: Thundurus|U-turn|p1a: Iron Treads
|-resisted|p1a: Iron Treads
|-damage|p1a: Iron Treads|94/100
|
|t:|1776074581
|switch|p2a: Arcanine|Arcanine-Hisui, M|100/100|[from] U-turn
|
|-heal|p1a: Iron Treads|99/100|[from] item: Leftovers
|upkeep
|turn|11
|
|t:|1776074590
|-terastallize|p1a: Iron Treads|Dark
|move|p2a: Arcanine|Flare Blitz|p1a: Iron Treads
|-damage|p1a: Iron Treads|46/100
|-damage|p2a: Arcanine|91/100|[from] item: Life Orb
|move|p1a: Iron Treads|Earthquake|p2a: Arcanine
|-supereffective|p2a: Arcanine
|-damage|p2a: Arcanine|0 fnt
|faint|p2a: Arcanine
|
|-heal|p1a: Iron Treads|52/100|[from] item: Leftovers
|upkeep
|
|t:|1776074595
|switch|p2a: Ribombee|Ribombee, F|1/100
|turn|12
|
|t:|1776074598
|move|p2a: Ribombee|Bug Buzz|p1a: Iron Treads
|-supereffective|p1a: Iron Treads
|-damage|p1a: Iron Treads|0 fnt
|faint|p1a: Iron Treads
|-end|p1a: Iron Treads|Quark Drive|[silent]
|
|upkeep
|
|t:|1776074606
|switch|p1a: Enamorus|Enamorus, F|47/100
|turn|13
|
|t:|1776074612
|move|p1a: Enamorus|Moonblast|p2a: Ribombee
|-crit|p2a: Ribombee
|-damage|p2a: Ribombee|0 fnt
|faint|p2a: Ribombee
|
|upkeep
|
|t:|1776074615
|switch|p2a: Moltres|Moltres|100/100
|-ability|p2a: Moltres|Pressure
|turn|14
|
|t:|1776074621
|switch|p1a: Pecharunt|Pecharunt|100/100
|move|p2a: Moltres|Brave Bird|p1a: Pecharunt
|-damage|p1a: Pecharunt|81/100
|-damage|p2a: Moltres|84/100|[from] item: Rocky Helmet|[of] p1a: Pecharunt
|-damage|p2a: Moltres|78/100|[from] Recoil
|
|upkeep
|turn|15
|
|t:|1776074629
|switch|p2a: Skuntank|Skuntank, F|37/100
|move|p1a: Pecharunt|Malignant Chain|p2a: Skuntank
|-resisted|p2a: Skuntank
|-damage|p2a: Skuntank|13/100
|
|-heal|p2a: Skuntank|19/100|[from] item: Black Sludge
|upkeep
|turn|16
|
|t:|1776074634
|move|p2a: Skuntank|Knock Off|p1a: Pecharunt
|-supereffective|p1a: Pecharunt
|-damage|p1a: Pecharunt|44/100
|-damage|p2a: Skuntank|2/100|[from] item: Rocky Helmet|[of] p1a: Pecharunt
|-enditem|p1a: Pecharunt|Rocky Helmet|[from] move: Knock Off|[of] p2a: Skuntank
|move|p1a: Pecharunt|Malignant Chain|p2a: Skuntank
|-resisted|p2a: Skuntank
|-damage|p2a: Skuntank|0 fnt
|faint|p2a: Skuntank
|
|upkeep
|
|t:|1776074644
|switch|p2a: Thundurus|Thundurus, M|100/100
|turn|17
|
|t:|1776074649
|switch|p1a: Slowking|Slowking, M|54/100
|move|p2a: Thundurus|Thunderbolt|p1a: Slowking
|-supereffective|p1a: Slowking
|-damage|p1a: Slowking|0 fnt
|faint|p1a: Slowking
|
|upkeep
|
|t:|1776074655
|switch|p1a: Meowscarada|Meowscarada, M|100/100
|turn|18
|
|t:|1776074658
|move|p1a: Meowscarada|Triple Axel|p2a: Thundurus
|-start|p1a: Meowscarada|typechange|Ice|[from] ability: Protean
|-supereffective|p2a: Thundurus
|-damage|p2a: Thundurus|58/100
|-supereffective|p2a: Thundurus
|-damage|p2a: Thundurus|0 fnt
|faint|p2a: Thundurus
|-hitcount|p2: Thundurus|2
|
|upkeep
|
|t:|1776074663
|switch|p2a: Moltres|Moltres|78/100
|-ability|p2a: Moltres|Pressure
|turn|19
|
|t:|1776074666
|switch|p1a: Pecharunt|Pecharunt|44/100
|move|p2a: Moltres|Will-O-Wisp|p1a: Pecharunt
|-status|p1a: Pecharunt|brn
|
|-damage|p1a: Pecharunt|38/100 brn|[from] brn
|upkeep
|turn|20
|
|t:|1776074670
|move|p1a: Pecharunt|Recover|p1a: Pecharunt
|-heal|p1a: Pecharunt|88/100 brn
|move|p2a: Moltres|U-turn|p1a: Pecharunt
|-resisted|p1a: Pecharunt
|-damage|p1a: Pecharunt|86/100 brn
|-message|loudclouds103 forfeited.
|
|win|sunbia
|raw|sunbia's rating: 1187 &rarr; <strong>1208</strong><br />(+21 for winning)
|raw|loudclouds103's rating: 1136 &rarr; <strong>1115</strong><br />(-21 for losing)
|l|☆loudclouds103
|player|p2|
|l|‽sunbia
|player|p1|
|j|‽sunbia
|player|p1|sunbia|170|
|l|‽sunbia
|player|p1|
