|html|<div class="broadcast-blue"><strong>[Gen 9] OU is currently suspecting Tera Blast! For information on how to participate check out the <a href="https://www.smogon.com/tools/suspects/view/200">suspect thread</a>.</strong></div>
|j|☆Kioskimestari
|j|☆jafar from far
|t:|1776253771
|gametype|singles
|player|p1|Kioskimestari|dancer|1086
|player|p2|jafar from far|ghetsis-gen5bw|1040
|gen|9
|tier|[Gen 9] OU
|rated|
|rule|HP Percentage Mod: HP is shown in percentages
|rule|Endless Battle Clause: Forcing endless battles is banned
|rule|Species Clause: Limit one of each Pokémon
|rule|OHKO Clause: OHKO moves are banned
|rule|Evasion Items Clause: Evasion items are banned
|rule|Evasion Moves Clause: Evasion moves are banned
|rule|Evasion Abilities Clause: Evasion abilities are banned
|rule|Sleep Moves Clause: Sleep-inducing moves are banned
|clearpoke
|poke|p1|Dudunsparce-*, M|
|poke|p1|Meowscarada, M|
|poke|p1|Basculegion, M|
|poke|p1|Dragonite, F|
|poke|p1|Hatterene, F|
|poke|p1|Pawmot, M|
|poke|p2|Heatran, M|
|poke|p2|Glimmora, M|
|poke|p2|Garganacl, M|
|poke|p2|Great Tusk|
|poke|p2|Samurott-Hisui, M|
|poke|p2|Dragonite, F|
|teampreview
|
|t:|1776253779
|teamsize|p1|6
|teamsize|p2|6
|start
|switch|p1a: Dudunsparce|Dudunsparce-Three-Segment, M|100/100
|switch|p2a: Glimmora|Glimmora, M|100/100
|turn|1
|
|t:|1776253786
|switch|p1a: Hatterene|Hatterene, F|100/100
|move|p2a: Glimmora|Toxic|p1a: Hatterene
|move|p1a: Hatterene|Toxic|p2a: Glimmora|[from] ability: Magic Bounce
|-immune|p2a: Glimmora
|
|upkeep
|turn|2
|
|t:|1776253795
|move|p2a: Glimmora|Light Screen|p2a: Glimmora
|-sidestart|p2: jafar from far|move: Light Screen
|move|p1a: Hatterene|Calm Mind|p1a: Hatterene
|-boost|p1a: Hatterene|spa|1
|-boost|p1a: Hatterene|spd|1
|
|upkeep
|turn|3
|
|t:|1776253801
|move|p2a: Glimmora|Reflect|p2a: Glimmora
|-sidestart|p2: jafar from far|Reflect
|move|p1a: Hatterene|Calm Mind|p1a: Hatterene
|-boost|p1a: Hatterene|spa|1
|-boost|p1a: Hatterene|spd|1
|
|upkeep
|turn|4
|
|t:|1776253807
|switch|p2a: Dragonite|Dragonite, F|100/100
|move|p1a: Hatterene|Calm Mind|p1a: Hatterene
|-boost|p1a: Hatterene|spa|1
|-boost|p1a: Hatterene|spd|1
|
|upkeep
|turn|5
|
|t:|1776253817
|move|p2a: Dragonite|Dragon Dance|p2a: Dragonite
|-boost|p2a: Dragonite|atk|1
|-boost|p2a: Dragonite|spe|1
|move|p1a: Hatterene|Dazzling Gleam|p2a: Dragonite
|-supereffective|p2a: Dragonite
|-damage|p2a: Dragonite|32/100
|-enditem|p2a: Dragonite|Weakness Policy
|-boost|p2a: Dragonite|atk|2|[from] item: Weakness Policy
|-boost|p2a: Dragonite|spa|2|[from] item: Weakness Policy
|-damage|p1a: Hatterene|91/100|[from] item: Life Orb
|
|upkeep
|turn|6
|
|t:|1776253828
|move|p2a: Dragonite|Extreme Speed|p1a: Hatterene
|-damage|p1a: Hatterene|3/100
|move|p1a: Hatterene|Dazzling Gleam|p2a: Dragonite
|-supereffective|p2a: Dragonite
|-damage|p2a: Dragonite|0 fnt
|faint|p2a: Dragonite
|-damage|p1a: Hatterene|0 fnt|[from] item: Life Orb
|faint|p1a: Hatterene
|
|-sideend|p2: jafar from far|move: Light Screen
|upkeep
|inactive|Battle timer is ON: inactive players will automatically lose when time's up. (requested by jafar from far)
|
|t:|1776253852
|switch|p2a: Glimmora|Glimmora, M|100/100
|switch|p1a: Pawmot|Pawmot, M|100/100
|-item|p1a: Pawmot|Air Balloon
|turn|7
|
|t:|1776253859
|move|p1a: Pawmot|Fake Out|p2a: Glimmora
|-resisted|p2a: Glimmora
|-damage|p2a: Glimmora|98/100
|-activate|p2a: Glimmora|ability: Toxic Debris
|-sidestart|p1: Kioskimestari|move: Toxic Spikes
|cant|p2a: Glimmora|flinch
|
|-sideend|p2: jafar from far|Reflect
|upkeep
|turn|8
|
|t:|1776253866
|move|p1a: Pawmot|Close Combat|p2a: Glimmora
|-damage|p2a: Glimmora|35/100
|-unboost|p1a: Pawmot|def|1
|-unboost|p1a: Pawmot|spd|1
|-activate|p2a: Glimmora|ability: Toxic Debris
|-sidestart|p1: Kioskimestari|move: Toxic Spikes
|move|p2a: Glimmora|Toxic|p1a: Pawmot
|-status|p1a: Pawmot|tox
|
|-damage|p1a: Pawmot|94/100 tox|[from] psn
|upkeep
|turn|9
|
|t:|1776253877
|move|p1a: Pawmot|Close Combat|p2a: Glimmora
|-damage|p2a: Glimmora|0 fnt
|-unboost|p1a: Pawmot|def|1
|-unboost|p1a: Pawmot|spd|1
|faint|p2a: Glimmora
|
|-damage|p1a: Pawmot|82/100 tox|[from] psn
|upkeep
|
|t:|1776253891
|switch|p2a: Garganacl|Garganacl, M|100/100
|turn|10
|
|t:|1776253897
|move|p1a: Pawmot|Close Combat|p2a: Garganacl
|-supereffective|p2a: Garganacl
|-damage|p2a: Garganacl|30/100
|-unboost|p1a: Pawmot|def|1
|-unboost|p1a: Pawmot|spd|1
|-enditem|p2a: Garganacl|Sitrus Berry|[eat]
|-heal|p2a: Garganacl|55/100|[from] item: Sitrus Berry
|move|p2a: Garganacl|Salt Cure|p1a: Pawmot
|-resisted|p1a: Pawmot
|-damage|p1a: Pawmot|52/100 tox
|-start|p1a: Pawmot|Salt Cure
|-enditem|p1a: Pawmot|Air Balloon
|
|-damage|p1a: Pawmot|34/100 tox|[from] psn
|-damage|p1a: Pawmot|22/100 tox|[from] Salt Cure
|upkeep
|turn|11
|
|t:|1776253911
|move|p2a: Garganacl|Protect|p2a: Garganacl
|-singleturn|p2a: Garganacl|Protect
|move|p1a: Pawmot|Close Combat|p2a: Garganacl
|-activate|p2a: Garganacl|move: Protect
|
|-damage|p1a: Pawmot|0 fnt|[from] psn
|faint|p1a: Pawmot
|upkeep
|c|☆Kioskimestari|bro😭
|inactive|Kioskimestari has 120 seconds left.
|
|t:|1776253939
|switch|p1a: Basculegion|Basculegion, M|100/100
|-status|p1a: Basculegion|tox
|turn|12
|
|t:|1776253944
|-terastallize|p2a: Garganacl|Water
|move|p1a: Basculegion|Liquidation|p2a: Garganacl
|-resisted|p2a: Garganacl
|-damage|p2a: Garganacl|38/100
|move|p2a: Garganacl|Salt Cure|p1a: Basculegion
|-damage|p1a: Basculegion|86/100 tox
|-start|p1a: Basculegion|Salt Cure
|
|-damage|p1a: Basculegion|80/100 tox|[from] psn
|-damage|p1a: Basculegion|55/100 tox|[from] Salt Cure
|upkeep
|turn|13
|inactive|Kioskimestari has 120 seconds left.
|
|t:|1776253964
|switch|p1a: Meowscarada|Meowscarada, M|100/100
|-status|p1a: Meowscarada|tox
|move|p2a: Garganacl|Iron Defense|p2a: Garganacl
|-boost|p2a: Garganacl|def|2
|
|-damage|p1a: Meowscarada|94/100 tox|[from] psn
|upkeep
|turn|14
|inactive|Kioskimestari has 120 seconds left.
|c|☆Kioskimestari|say you swear you went tera water
|
|t:|1776253981
|move|p2a: Garganacl|Protect|p2a: Garganacl
|-singleturn|p2a: Garganacl|Protect
|move|p1a: Meowscarada|Flower Trick|p2a: Garganacl
|-start|p1a: Meowscarada|typechange|Grass|[from] ability: Protean
|-activate|p2a: Garganacl|move: Protect
|
|-damage|p1a: Meowscarada|82/100 tox|[from] psn
|upkeep
|turn|15
|inactive|Kioskimestari has 120 seconds left.
|
|t:|1776253991
|switch|p2a: Samurott|Samurott-Hisui, M|100/100
|move|p1a: Meowscarada|Flower Trick|p2a: Samurott
|-supereffective|p2a: Samurott
|-crit|p2a: Samurott
|-damage|p2a: Samurott|0 fnt
|faint|p2a: Samurott
|
|-damage|p1a: Meowscarada|64/100 tox|[from] psn
|upkeep
|c|☆jafar from far|OH FCK YOUR GRASS
|c|☆jafar from far|MA DUMASS
|c|☆Kioskimestari|stall will NOT save you
|
|t:|1776254008
|switch|p2a: Heatran|Heatran, M|100/100
|turn|16
|
|t:|1776254016
|switch|p1a: Basculegion|Basculegion, M|55/100 tox
|move|p2a: Heatran|Heat Crash|p1a: Basculegion
|-resisted|p1a: Basculegion
|-damage|p1a: Basculegion|40/100 tox
|
|-damage|p1a: Basculegion|34/100 tox|[from] psn
|upkeep
|turn|17
|
|t:|1776254027
|move|p2a: Heatran|Protect|p2a: Heatran
|-singleturn|p2a: Heatran|Protect
|move|p1a: Basculegion|Liquidation|p2a: Heatran
|-activate|p2a: Heatran|move: Protect
|
|-damage|p1a: Basculegion|22/100 tox|[from] psn
|upkeep
|turn|18
|
|t:|1776254036
|switch|p2a: Garganacl|Garganacl, M, tera:Water|38/100
|move|p1a: Basculegion|Liquidation|p2a: Garganacl
|-resisted|p2a: Garganacl
|-damage|p2a: Garganacl|21/100
|
|-damage|p1a: Basculegion|4/100 tox|[from] psn
|upkeep
|turn|19
|c|☆jafar from far|i will stall like my life depends on it
|inactive|Kioskimestari has 120 seconds left.
|c|☆Kioskimestari|Dastardly behaviour😭😭😭
|
|t:|1776254072
|switch|p1a: Meowscarada|Meowscarada, M|64/100 tox
|move|p2a: Garganacl|Iron Defense|p2a: Garganacl
|-boost|p2a: Garganacl|def|2
|
|-damage|p1a: Meowscarada|57/100 tox|[from] psn
|upkeep
|turn|20
|
|t:|1776254082
|move|p2a: Garganacl|Protect|p2a: Garganacl
|-singleturn|p2a: Garganacl|Protect
|move|p1a: Meowscarada|Flower Trick|p2a: Garganacl
|-start|p1a: Meowscarada|typechange|Grass|[from] ability: Protean
|-activate|p2a: Garganacl|move: Protect
|
|-damage|p1a: Meowscarada|45/100 tox|[from] psn
|upkeep
|turn|21
|
|t:|1776254091
|switch|p2a: Heatran|Heatran, M|100/100
|move|p1a: Meowscarada|Flower Trick|p2a: Heatran
|-resisted|p2a: Heatran
|-crit|p2a: Heatran
|-damage|p2a: Heatran|85/100
|
|-damage|p1a: Meowscarada|27/100 tox|[from] psn
|upkeep
|turn|22
|inactive|Kioskimestari has 120 seconds left.
|
|t:|1776254109
|switch|p1a: Dudunsparce|Dudunsparce-Three-Segment, M|100/100
|-status|p1a: Dudunsparce|tox
|move|p2a: Heatran|Protect||[still]
|-fail|p2a: Heatran
|
|-damage|p1a: Dudunsparce|94/100 tox|[from] psn
|upkeep
|turn|23
|
|t:|1776254122
|move|p2a: Heatran|Earth Power|p1a: Dudunsparce
|-damage|p1a: Dudunsparce|67/100 tox
|move|p1a: Dudunsparce|Stealth Rock|p2a: Heatran
|-sidestart|p2: jafar from far|move: Stealth Rock
|
|-heal|p1a: Dudunsparce|74/100 tox|[from] item: Leftovers
|-damage|p1a: Dudunsparce|61/100 tox|[from] psn
|upkeep
|turn|24
|c|☆Kioskimestari|lemme tell you something
|
|t:|1776254147
|move|p2a: Heatran|Heat Crash|p1a: Dudunsparce
|-damage|p1a: Dudunsparce|35/100 tox
|move|p1a: Dudunsparce|Glare|p2a: Heatran
|-status|p2a: Heatran|par
|
|-heal|p1a: Dudunsparce|41/100 tox|[from] item: Leftovers
|-damage|p1a: Dudunsparce|23/100 tox|[from] psn
|upkeep
|turn|25
|c|☆Kioskimestari|this is a paralyze household
|c|☆jafar from far|jon bernthal?
|c|☆Kioskimestari|😭
|
|t:|1776254171
|move|p2a: Heatran|Protect|p2a: Heatran
|-singleturn|p2a: Heatran|Protect
|move|p1a: Dudunsparce|Roost|p1a: Dudunsparce
|-heal|p1a: Dudunsparce|73/100 tox
|-singleturn|p1a: Dudunsparce|move: Roost
|
|-heal|p1a: Dudunsparce|79/100 tox|[from] item: Leftovers
|-damage|p1a: Dudunsparce|54/100 tox|[from] psn
|upkeep
|turn|26
|c|☆jafar from far|oh hell naw
|c|☆Kioskimestari|aw hell yeah
|inactive|Kioskimestari has 90 seconds left.
|
|t:|1776254187
|switch|p1a: Basculegion|Basculegion, M|4/100 tox
|cant|p2a: Heatran|par
|
|-damage|p1a: Basculegion|0 fnt|[from] psn
|faint|p1a: Basculegion
|upkeep
|inactive|Kioskimestari has 90 seconds left.
|c|☆Kioskimestari|NOOO
|
|t:|1776254197
|switch|p1a: Dragonite|Dragonite, F|100/100
|turn|27
|
|t:|1776254203
|move|p2a: Heatran|Protect|p2a: Heatran
|-singleturn|p2a: Heatran|Protect
|move|p1a: Dragonite|Dragon Dance|p1a: Dragonite
|-boost|p1a: Dragonite|atk|1
|-boost|p1a: Dragonite|spe|1
|
|upkeep
|turn|28
|c|☆jafar from far|fk m
|c|☆jafar from far|me
|c|☆Kioskimestari|you forced my hand vro
|
|t:|1776254216
|move|p1a: Dragonite|Body Press|p2a: Heatran
|-supereffective|p2a: Heatran
|-damage|p2a: Heatran|56/100 par
|-damage|p1a: Dragonite|84/100|[from] item: Rocky Helmet|[of] p2a: Heatran
|-status|p1a: Dragonite|brn|[from] ability: Flame Body|[of] p2a: Heatran
|cant|p2a: Heatran|par
|
|-damage|p1a: Dragonite|78/100 brn|[from] brn
|upkeep
|turn|29
|c|☆jafar from far|insane
|c|☆Kioskimestari|this is a what?
|inactive|Kioskimestari has 90 seconds left.
|c|☆Kioskimestari|a paralyze household
|
|t:|1776254241
|move|p2a: Heatran|Protect|p2a: Heatran
|-singleturn|p2a: Heatran|Protect
|move|p1a: Dragonite|Dragon Dance|p1a: Dragonite
|-boost|p1a: Dragonite|atk|1
|-boost|p1a: Dragonite|spe|1
|
|-damage|p1a: Dragonite|72/100 brn|[from] brn
|upkeep
|turn|30
|inactive|Kioskimestari has 90 seconds left.
|
|t:|1776254254
|move|p1a: Dragonite|Dragon Dance|p1a: Dragonite
|-boost|p1a: Dragonite|atk|1
|-boost|p1a: Dragonite|spe|1
|move|p2a: Heatran|Heat Crash|p1a: Dragonite
|-resisted|p1a: Dragonite
|-damage|p1a: Dragonite|58/100 brn
|
|-damage|p1a: Dragonite|52/100 brn|[from] brn
|upkeep
|turn|31
|c|☆jafar from far|nooo stop
|
|t:|1776254262
|switch|p2a: Garganacl|Garganacl, M, tera:Water|21/100
|-damage|p2a: Garganacl|9/100|[from] Stealth Rock
|move|p1a: Dragonite|Dragon Dance|p1a: Dragonite
|-boost|p1a: Dragonite|atk|1
|-boost|p1a: Dragonite|spe|1
|
|-damage|p1a: Dragonite|46/100 brn|[from] brn
|upkeep
|turn|32
|
|t:|1776254271
|move|p1a: Dragonite|Extreme Speed|p2a: Garganacl
|-damage|p2a: Garganacl|0 fnt
|faint|p2a: Garganacl
|
|-damage|p1a: Dragonite|40/100 brn|[from] brn
|upkeep
|
|t:|1776254278
|switch|p2a: Heatran|Heatran, M|56/100 par
|-damage|p2a: Heatran|44/100 par|[from] Stealth Rock
|turn|33
|
|t:|1776254284
|move|p1a: Dragonite|Body Press|p2a: Heatran
|-supereffective|p2a: Heatran
|-damage|p2a: Heatran|29/100 par
|-damage|p1a: Dragonite|23/100 brn|[from] item: Rocky Helmet|[of] p2a: Heatran
|cant|p2a: Heatran|par
|
|-damage|p1a: Dragonite|17/100 brn|[from] brn
|upkeep
|turn|34
|c|☆jafar from far|gg
|c|☆jafar from far|oh
|c|☆jafar from far|oh
|
|t:|1776254293
|move|p1a: Dragonite|Body Press|p2a: Heatran
|-supereffective|p2a: Heatran
|-damage|p2a: Heatran|16/100 par
|-damage|p1a: Dragonite|0 fnt|[from] item: Rocky Helmet|[of] p2a: Heatran
|faint|p1a: Dragonite
|move|p2a: Heatran|Heat Crash|p1: Dragonite|[notarget]
|-fail|p2a: Heatran
|
|upkeep
|c|☆Kioskimestari|bro😭
|c|☆Kioskimestari|how tanky is that guy
|
|t:|1776254310
|switch|p1a: Meowscarada|Meowscarada, M|27/100 tox
|turn|35
|
|t:|1776254314
|switch|p1a: Dudunsparce|Dudunsparce-Three-Segment, M|54/100 tox
|move|p2a: Heatran|Protect||[still]
|-fail|p2a: Heatran
|
|-heal|p1a: Dudunsparce|60/100 tox|[from] item: Leftovers
|-damage|p1a: Dudunsparce|54/100 tox|[from] psn
|upkeep
|turn|36
|inactive|Kioskimestari has 120 seconds left.
|c|☆Kioskimestari|i know of your tactics
|
|t:|1776254329
|move|p1a: Dudunsparce|Roost|p1a: Dudunsparce
|-heal|p1a: Dudunsparce|100/100 tox
|-singleturn|p1a: Dudunsparce|move: Roost
|move|p2a: Heatran|Earth Power|p1a: Dudunsparce
|-crit|p1a: Dudunsparce
|-damage|p1a: Dudunsparce|55/100 tox
|
|-heal|p1a: Dudunsparce|61/100 tox|[from] item: Leftovers
|-damage|p1a: Dudunsparce|49/100 tox|[from] psn
|upkeep
|turn|37
|inactive|Kioskimestari has 120 seconds left.
|
|t:|1776254338
|move|p1a: Dudunsparce|Boomburst|p2a: Heatran
|-resisted|p2a: Heatran
|-damage|p2a: Heatran|0 fnt
|faint|p2a: Heatran
|
|-heal|p1a: Dudunsparce|55/100 tox|[from] item: Leftovers
|-damage|p1a: Dudunsparce|37/100 tox|[from] psn
|upkeep
|
|t:|1776254343
|switch|p2a: Great Tusk|Great Tusk|100/100
|-damage|p2a: Great Tusk|97/100|[from] Stealth Rock
|-enditem|p2a: Great Tusk|Booster Energy
|-activate|p2a: Great Tusk|ability: Protosynthesis|[fromitem]
|-start|p2a: Great Tusk|protosynthesisdef
|turn|38
|c|☆Kioskimestari|do realize
|inactive|Kioskimestari has 120 seconds left.
|c|☆Kioskimestari|that this is a paralyze household
|
|t:|1776254365
|-terastallize|p1a: Dudunsparce|Ghost
|move|p2a: Great Tusk|Bulk Up|p2a: Great Tusk
|-boost|p2a: Great Tusk|atk|1
|-boost|p2a: Great Tusk|def|1
|move|p1a: Dudunsparce|Glare|p2a: Great Tusk
|-status|p2a: Great Tusk|par
|
|-heal|p1a: Dudunsparce|43/100 tox|[from] item: Leftovers
|-damage|p1a: Dudunsparce|18/100 tox|[from] psn
|upkeep
|turn|39
|inactive|Kioskimestari has 120 seconds left.
|
|t:|1776254376
|cant|p2a: Great Tusk|par
|move|p1a: Dudunsparce|Boomburst|p2a: Great Tusk
|-damage|p2a: Great Tusk|34/100 par
|
|-heal|p1a: Dudunsparce|24/100 tox|[from] item: Leftovers
|-damage|p1a: Dudunsparce|0 fnt|[from] psn
|faint|p1a: Dudunsparce
|upkeep
|c|☆jafar from far|holy
|
|t:|1776254384
|switch|p1a: Meowscarada|Meowscarada, M|27/100 tox
|turn|40
|inactive|Kioskimestari has 120 seconds left.
|c|☆Kioskimestari|unless you have protect
|c|☆Kioskimestari|it's wraps brotato chip
|c|☆jafar from far|hehe
|
|t:|1776254403
|move|p1a: Meowscarada|Flower Trick|p2a: Great Tusk
|-start|p1a: Meowscarada|typechange|Grass|[from] ability: Protean
|-supereffective|p2a: Great Tusk
|-crit|p2a: Great Tusk
|-damage|p2a: Great Tusk|0 fnt
|faint|p2a: Great Tusk
|-end|p2a: Great Tusk|Protosynthesis|[silent]
|
|win|Kioskimestari
