|html|<div class="broadcast-blue"><strong>[Gen 9] OU is currently suspecting Tera Blast! For information on how to participate check out the <a href="https://www.smogon.com/tools/suspects/view/200">suspect thread</a>.</strong></div>
|j|☆ToopyDBL
|j|☆big bod3
|t:|1776296511
|gametype|singles
|player|p1|ToopyDBL|102|1018
|player|p2|big bod3|marshal|1079
|gen|9
|tier|[Gen 9] OU
|rated|
|rule|HP Percentage Mod: HP is shown in percentages
|rule|Endless Battle Clause: Forcing endless battles is banned
|rule|Species Clause: Limit one of each Pokémon
|rule|OHKO Clause: OHKO moves are banned
|rule|Evasion Items Clause: Evasion items are banned
|rule|Evasion Moves Clause: Evasion moves are banned
|rule|Evasion Abilities Clause: Evasion abilities are banned
|rule|Sleep Moves Clause: Sleep-inducing moves are banned
|clearpoke
|poke|p1|Salamence, M|
|poke|p1|Glimmora, M|
|poke|p1|Grimmsnarl, M|
|poke|p1|Great Tusk|
|poke|p1|Gholdengo|
|poke|p1|Alomomola, M|
|poke|p2|Alcremie-Mint-Cream, F|
|poke|p2|Dondozo, F|
|poke|p2|Salazzle, F|
|poke|p2|Gholdengo|
|poke|p2|Dragonite, M|
|poke|p2|Gengar, F|
|teampreview
|
|t:|1776296543
|teamsize|p1|6
|teamsize|p2|6
|start
|switch|p1a: Glimmora|Glimmora, M|100/100
|switch|p2a: ᛟᛃᚹCream|Alcremie-Mint-Cream, F|100/100
|turn|1
|
|t:|1776296553
|switch|p2a: ᛟᛝᛃGimmie|Gholdengo|100/100
|move|p1a: Glimmora|Stealth Rock|p2a: ᛟᛝᛃGimmie
|-sidestart|p2: big bod3|move: Stealth Rock
|
|upkeep
|turn|2
|
|t:|1776296561
|move|p1a: Glimmora|Earth Power|p2a: ᛟᛝᛃGimmie
|-supereffective|p2a: ᛟᛝᛃGimmie
|-damage|p2a: ᛟᛝᛃGimmie|43/100
|move|p2a: ᛟᛝᛃGimmie|Nasty Plot|p2a: ᛟᛝᛃGimmie
|-boost|p2a: ᛟᛝᛃGimmie|spa|2
|
|-heal|p2a: ᛟᛝᛃGimmie|49/100|[from] item: Leftovers
|upkeep
|turn|3
|
|t:|1776296572
|-terastallize|p2a: ᛟᛝᛃGimmie|Flying
|move|p1a: Glimmora|Earth Power|p2a: ᛟᛝᛃGimmie
|-immune|p2a: ᛟᛝᛃGimmie
|move|p2a: ᛟᛝᛃGimmie|Recover|p2a: ᛟᛝᛃGimmie
|-heal|p2a: ᛟᛝᛃGimmie|99/100
|
|-heal|p2a: ᛟᛝᛃGimmie|100/100|[from] item: Leftovers
|upkeep
|turn|4
|
|t:|1776296583
|move|p1a: Glimmora|Power Gem|p2a: ᛟᛝᛃGimmie
|-supereffective|p2a: ᛟᛝᛃGimmie
|-damage|p2a: ᛟᛝᛃGimmie|17/100
|move|p2a: ᛟᛝᛃGimmie|Nasty Plot|p2a: ᛟᛝᛃGimmie
|-boost|p2a: ᛟᛝᛃGimmie|spa|2
|
|-heal|p2a: ᛟᛝᛃGimmie|24/100|[from] item: Leftovers
|upkeep
|turn|5
|
|t:|1776296600
|switch|p2a: ᛚᛝᚷDon|Dondozo, F|100/100
|-damage|p2a: ᛚᛝᚷDon|88/100|[from] Stealth Rock
|move|p1a: Glimmora|Power Gem|p2a: ᛚᛝᚷDon
|-damage|p2a: ᛚᛝᚷDon|50/100
|
|-heal|p2a: ᛚᛝᚷDon|57/100|[from] item: Leftovers
|upkeep
|turn|6
|
|t:|1776296614
|switch|p1a: Alomomola|Alomomola, M|100/100
|move|p2a: ᛚᛝᚷDon|Aqua Tail|p1a: Alomomola
|-resisted|p1a: Alomomola
|-damage|p1a: Alomomola|89/100
|-enditem|p1a: Alomomola|Red Card|[of] p2a: ᛚᛝᚷDon
|drag|p2a: ᛒᚠSalazzlé|Salazzle, F|100/100
|-damage|p2a: ᛒᚠSalazzlé|76/100|[from] Stealth Rock
|
|-heal|p2a: ᛒᚠSalazzlé|82/100|[from] item: Black Sludge
|upkeep
|turn|7
|
|t:|1776296625
|move|p2a: ᛒᚠSalazzlé|Trailblaze|p1a: Alomomola
|-supereffective|p1a: Alomomola
|-damage|p1a: Alomomola|81/100
|-boost|p2a: ᛒᚠSalazzlé|spe|1
|move|p1a: Alomomola|Wish|p1a: Alomomola
|
|-heal|p2a: ᛒᚠSalazzlé|88/100|[from] item: Black Sludge
|upkeep
|turn|8
|
|t:|1776296634
|move|p2a: ᛒᚠSalazzlé|Substitute|p2a: ᛒᚠSalazzlé
|-start|p2a: ᛒᚠSalazzlé|Substitute
|-damage|p2a: ᛒᚠSalazzlé|63/100
|move|p1a: Alomomola|Flip Turn|p2a: ᛒᚠSalazzlé
|-supereffective|p2a: ᛒᚠSalazzlé
|-end|p2a: ᛒᚠSalazzlé|Substitute
|
|t:|1776296640
|switch|p1a: Grimmsnarl|Grimmsnarl, M|100/100|[from] Flip Turn
|
|-heal|p2a: ᛒᚠSalazzlé|70/100|[from] item: Black Sludge
|upkeep
|turn|9
|
|t:|1776296647
|move|p1a: Grimmsnarl|Reflect|p1a: Grimmsnarl
|-sidestart|p1: ToopyDBL|Reflect
|move|p2a: ᛒᚠSalazzlé|Toxic|p1a: Grimmsnarl
|-status|p1a: Grimmsnarl|tox
|
|-heal|p2a: ᛒᚠSalazzlé|76/100|[from] item: Black Sludge
|-damage|p1a: Grimmsnarl|94/100 tox|[from] psn
|upkeep
|turn|10
|
|t:|1776296663
|switch|p2a: ᛟᛃᚹCream|Alcremie-Mint-Cream, F|100/100
|-damage|p2a: ᛟᛃᚹCream|88/100|[from] Stealth Rock
|move|p1a: Grimmsnarl|Light Screen|p1a: Grimmsnarl
|-sidestart|p1: ToopyDBL|move: Light Screen
|
|-heal|p2a: ᛟᛃᚹCream|94/100|[from] item: Leftovers
|-damage|p1a: Grimmsnarl|82/100 tox|[from] psn
|upkeep
|turn|11
|
|t:|1776296673
|move|p1a: Grimmsnarl|Parting Shot|p2a: ᛟᛃᚹCream
|-unboost|p2a: ᛟᛃᚹCream|atk|1
|-unboost|p2a: ᛟᛃᚹCream|spa|1
|
|t:|1776296678
|switch|p1a: Potential Mon|Salamence, M|100/100|[from] Parting Shot
|move|p2a: ᛟᛃᚹCream|Calm Mind|p2a: ᛟᛃᚹCream
|-boost|p2a: ᛟᛃᚹCream|spa|1
|-boost|p2a: ᛟᛃᚹCream|spd|1
|
|-heal|p2a: ᛟᛃᚹCream|99/100|[from] item: Leftovers
|upkeep
|turn|12
|
|t:|1776296691
|move|p1a: Potential Mon|Substitute|p1a: Potential Mon
|-start|p1a: Potential Mon|Substitute
|-damage|p1a: Potential Mon|75/100
|move|p2a: ᛟᛃᚹCream|Substitute|p2a: ᛟᛃᚹCream
|-start|p2a: ᛟᛃᚹCream|Substitute
|-damage|p2a: ᛟᛃᚹCream|75/100
|
|-heal|p1a: Potential Mon|82/100|[from] item: Leftovers
|-heal|p2a: ᛟᛃᚹCream|81/100|[from] item: Leftovers
|upkeep
|turn|13
|
|t:|1776296701
|move|p1a: Potential Mon|Dragon Dance|p1a: Potential Mon
|-boost|p1a: Potential Mon|atk|1
|-boost|p1a: Potential Mon|spe|1
|move|p2a: ᛟᛃᚹCream|Calm Mind|p2a: ᛟᛃᚹCream
|-boost|p2a: ᛟᛃᚹCream|spa|1
|-boost|p2a: ᛟᛃᚹCream|spd|1
|
|-heal|p1a: Potential Mon|88/100|[from] item: Leftovers
|-heal|p2a: ᛟᛃᚹCream|87/100|[from] item: Leftovers
|upkeep
|turn|14
|
|t:|1776296713
|move|p1a: Potential Mon|Dragon Dance|p1a: Potential Mon
|-boost|p1a: Potential Mon|atk|1
|-boost|p1a: Potential Mon|spe|1
|move|p2a: ᛟᛃᚹCream|Draining Kiss|p1a: Potential Mon
|-supereffective|p1a: Potential Mon
|-end|p1a: Potential Mon|Substitute
|-heal|p2a: ᛟᛃᚹCream|100/100|[from] drain|[of] p1a: Potential Mon
|
|-heal|p1a: Potential Mon|94/100|[from] item: Leftovers
|upkeep
|turn|15
|
|t:|1776296724
|move|p1a: Potential Mon|Temper Flare|p2a: ᛟᛃᚹCream
|-end|p2a: ᛟᛃᚹCream|Substitute
|move|p2a: ᛟᛃᚹCream|Calm Mind|p2a: ᛟᛃᚹCream
|-boost|p2a: ᛟᛃᚹCream|spa|1
|-boost|p2a: ᛟᛃᚹCream|spd|1
|
|-heal|p1a: Potential Mon|99/100|[from] item: Leftovers
|upkeep
|turn|16
|
|t:|1776296735
|move|p1a: Potential Mon|Temper Flare|p2a: ᛟᛃᚹCream
|-damage|p2a: ᛟᛃᚹCream|51/100
|move|p2a: ᛟᛃᚹCream|Draining Kiss|p1a: Potential Mon
|-supereffective|p1a: Potential Mon
|-damage|p1a: Potential Mon|56/100
|-heal|p2a: ᛟᛃᚹCream|83/100|[from] drain|[of] p1a: Potential Mon
|
|-heal|p1a: Potential Mon|62/100|[from] item: Leftovers
|-heal|p2a: ᛟᛃᚹCream|89/100|[from] item: Leftovers
|-sideend|p1: ToopyDBL|Reflect
|upkeep
|turn|17
|
|t:|1776296751
|switch|p1a: Gholdengo|Gholdengo|100/100
|move|p2a: ᛟᛃᚹCream|Draining Kiss|p1a: Gholdengo
|-resisted|p1a: Gholdengo
|-damage|p1a: Gholdengo|90/100
|-heal|p2a: ᛟᛃᚹCream|97/100|[from] drain|[of] p1a: Gholdengo
|
|-heal|p2a: ᛟᛃᚹCream|100/100|[from] item: Leftovers
|-sideend|p1: ToopyDBL|move: Light Screen
|upkeep
|turn|18
|
|t:|1776296767
|switch|p2a: ᛒᚠSalazzlé|Salazzle, F|76/100
|-damage|p2a: ᛒᚠSalazzlé|51/100|[from] Stealth Rock
|move|p1a: Gholdengo|Trick|p2a: ᛒᚠSalazzlé
|-activate|p1a: Gholdengo|move: Trick|[of] p2a: ᛒᚠSalazzlé
|-item|p2a: ᛒᚠSalazzlé|Choice Scarf|[from] move: Trick
|-item|p1a: Gholdengo|Black Sludge|[from] move: Trick
|
|-damage|p1a: Gholdengo|77/100|[from] item: Black Sludge
|upkeep
|turn|19
|
|t:|1776296779
|move|p2a: ᛒᚠSalazzlé|Substitute|p2a: ᛒᚠSalazzlé
|-start|p2a: ᛒᚠSalazzlé|Substitute
|-damage|p2a: ᛒᚠSalazzlé|26/100
|move|p1a: Gholdengo|Make It Rain|p2a: ᛒᚠSalazzlé
|-resisted|p2a: ᛒᚠSalazzlé
|-crit|p2a: ᛒᚠSalazzlé
|-end|p2a: ᛒᚠSalazzlé|Substitute
|-unboost|p1a: Gholdengo|spa|1
|
|-damage|p1a: Gholdengo|65/100|[from] item: Black Sludge
|upkeep
|turn|20
|
|t:|1776296806
|switch|p2a: ᛟᛝᛃGimmie|Gholdengo, tera:Flying|24/100
|-damage|p2a: ᛟᛝᛃGimmie|0 fnt|[from] Stealth Rock
|faint|p2a: ᛟᛝᛃGimmie
|move|p1a: Gholdengo|Make It Rain|p2: ᛟᛝᛃGimmie|[notarget]
|-fail|p1a: Gholdengo
|
|-damage|p1a: Gholdengo|53/100|[from] item: Black Sludge
|upkeep
|
|t:|1776296820
|switch|p2a: ᛚᛝᚷDon|Dondozo, F|57/100
|-damage|p2a: ᛚᛝᚷDon|44/100|[from] Stealth Rock
|turn|21
|
|t:|1776296837
|move|p1a: Gholdengo|Trick|p2a: ᛚᛝᚷDon
|-activate|p1a: Gholdengo|move: Trick|[of] p2a: ᛚᛝᚷDon
|-item|p2a: ᛚᛝᚷDon|Black Sludge|[from] move: Trick
|-item|p1a: Gholdengo|Leftovers|[from] move: Trick
|move|p2a: ᛚᛝᚷDon|Aqua Tail|p1a: Gholdengo
|-damage|p1a: Gholdengo|1/100
|
|-heal|p1a: Gholdengo|7/100|[from] item: Leftovers
|-damage|p2a: ᛚᛝᚷDon|32/100|[from] item: Black Sludge
|upkeep
|turn|22
|
|t:|1776296850
|switch|p1a: Alomomola|Alomomola, M|100/100
|move|p2a: ᛚᛝᚷDon|Order Up|p1a: Alomomola
|-damage|p1a: Alomomola|88/100
|
|-damage|p2a: ᛚᛝᚷDon|20/100|[from] item: Black Sludge
|upkeep
|turn|23
|
|t:|1776296869
|move|p1a: Alomomola|Wish|p1a: Alomomola
|move|p2a: ᛚᛝᚷDon|Supersonic|p1a: Alomomola
|-start|p1a: Alomomola|confusion
|
|-damage|p2a: ᛚᛝᚷDon|7/100|[from] item: Black Sludge
|upkeep
|turn|24
|
|t:|1776296888
|switch|p2a: ᛉᚷᛇAnnadu|Gengar, F|100/100
|-damage|p2a: ᛉᚷᛇAnnadu|88/100|[from] Stealth Rock
|-activate|p1a: Alomomola|confusion
|-damage|p1a: Alomomola|84/100|[from] confusion
|
|-heal|p1a: Alomomola|100/100|[from] move: Wish|[wisher] Alomomola
|upkeep
|turn|25
|
|t:|1776296898
|move|p2a: ᛉᚷᛇAnnadu|Taunt|p1a: Alomomola
|-start|p1a: Alomomola|move: Taunt
|-activate|p1a: Alomomola|confusion
|move|p1a: Alomomola|Flip Turn|p2a: ᛉᚷᛇAnnadu
|-damage|p2a: ᛉᚷᛇAnnadu|66/100
|
|t:|1776296911
|switch|p1a: Great Tusk|Great Tusk|100/100|[from] Flip Turn
|
|upkeep
|turn|26
|
|t:|1776296920
|switch|p2a: ᛚᛝᚷDon|Dondozo, F|7/100
|-damage|p2a: ᛚᛝᚷDon|0 fnt|[from] Stealth Rock
|faint|p2a: ᛚᛝᚷDon
|move|p1a: Great Tusk|Ice Spinner|p2: ᛚᛝᚷDon|[notarget]
|-fail|p1a: Great Tusk
|
|upkeep
|
|t:|1776296931
|switch|p2a: ᛒᚠSalazzlé|Salazzle, F|26/100
|-damage|p2a: ᛒᚠSalazzlé|1/100|[from] Stealth Rock
|turn|27
|
|t:|1776296935
|move|p2a: ᛒᚠSalazzlé|Toxic|p1a: Great Tusk
|-status|p1a: Great Tusk|tox
|move|p1a: Great Tusk|Rapid Spin|p2a: ᛒᚠSalazzlé
|-damage|p2a: ᛒᚠSalazzlé|0 fnt
|-boost|p1a: Great Tusk|spe|1
|faint|p2a: ᛒᚠSalazzlé
|
|-damage|p1a: Great Tusk|94/100 tox|[from] psn
|upkeep
|
|t:|1776296946
|switch|p2a: ᛉᛏᛚCrown|Dragonite, M|100/100
|-damage|p2a: ᛉᛏᛚCrown|76/100|[from] Stealth Rock
|turn|28
|
|t:|1776296954
|move|p1a: Great Tusk|Ice Spinner|p2a: ᛉᛏᛚCrown
|-supereffective|p2a: ᛉᛏᛚCrown
|-damage|p2a: ᛉᛏᛚCrown|0 fnt
|faint|p2a: ᛉᛏᛚCrown
|
|-damage|p1a: Great Tusk|82/100 tox|[from] psn
|upkeep
|
|t:|1776296963
|switch|p2a: ᛟᛃᚹCream|Alcremie-Mint-Cream, F|100/100
|-damage|p2a: ᛟᛃᚹCream|88/100|[from] Stealth Rock
|turn|29
|
|t:|1776296975
|-terastallize|p1a: Great Tusk|Steel
|move|p1a: Great Tusk|Headlong Rush|p2a: ᛟᛃᚹCream
|-damage|p2a: ᛟᛃᚹCream|30/100
|-unboost|p1a: Great Tusk|def|1
|-unboost|p1a: Great Tusk|spd|1
|move|p2a: ᛟᛃᚹCream|Substitute|p2a: ᛟᛃᚹCream
|-start|p2a: ᛟᛃᚹCream|Substitute
|-damage|p2a: ᛟᛃᚹCream|5/100
|
|-heal|p2a: ᛟᛃᚹCream|11/100|[from] item: Leftovers
|-damage|p1a: Great Tusk|63/100 tox|[from] psn
|upkeep
|turn|30
|
|t:|1776296988
|move|p1a: Great Tusk|Headlong Rush|p2a: ᛟᛃᚹCream
|-end|p2a: ᛟᛃᚹCream|Substitute
|-unboost|p1a: Great Tusk|def|1
|-unboost|p1a: Great Tusk|spd|1
|move|p2a: ᛟᛃᚹCream|Recover|p2a: ᛟᛃᚹCream
|-heal|p2a: ᛟᛃᚹCream|61/100
|
|-heal|p2a: ᛟᛃᚹCream|67/100|[from] item: Leftovers
|-damage|p1a: Great Tusk|39/100 tox|[from] psn
|upkeep
|turn|31
|
|t:|1776297002
|move|p1a: Great Tusk|Headlong Rush|p2a: ᛟᛃᚹCream
|-damage|p2a: ᛟᛃᚹCream|8/100
|-unboost|p1a: Great Tusk|def|1
|-unboost|p1a: Great Tusk|spd|1
|move|p2a: ᛟᛃᚹCream|Substitute|p2a: ᛟᛃᚹCream
|-fail|p2a: ᛟᛃᚹCream|move: Substitute|[weak]
|
|-heal|p2a: ᛟᛃᚹCream|14/100|[from] item: Leftovers
|-damage|p1a: Great Tusk|8/100 tox|[from] psn
|upkeep
|turn|32
|
|t:|1776297016
|-end|p1a: Great Tusk|Protosynthesis|[silent]
|switch|p1a: Alomomola|Alomomola, M|100/100
|move|p2a: ᛟᛃᚹCream|Draining Kiss|p1a: Alomomola
|-damage|p1a: Alomomola|79/100
|-heal|p2a: ᛟᛃᚹCream|39/100|[from] drain|[of] p1a: Alomomola
|
|-heal|p2a: ᛟᛃᚹCream|45/100|[from] item: Leftovers
|upkeep
|turn|33
|
|t:|1776297035
|move|p1a: Alomomola|Wish|p1a: Alomomola
|move|p2a: ᛟᛃᚹCream|Substitute|p2a: ᛟᛃᚹCream
|-start|p2a: ᛟᛃᚹCream|Substitute
|-damage|p2a: ᛟᛃᚹCream|21/100
|
|-heal|p2a: ᛟᛃᚹCream|27/100|[from] item: Leftovers
|upkeep
|turn|34
|
|t:|1776297047
|switch|p1a: Potential Mon|Salamence, M|62/100
|move|p2a: ᛟᛃᚹCream|Calm Mind|p2a: ᛟᛃᚹCream
|-boost|p2a: ᛟᛃᚹCream|spa|1
|-boost|p2a: ᛟᛃᚹCream|spd|1
|
|-heal|p1a: Potential Mon|100/100|[from] move: Wish|[wisher] Alomomola
|-heal|p2a: ᛟᛃᚹCream|33/100|[from] item: Leftovers
|upkeep
|turn|35
|
|t:|1776297062
|switch|p1a: Grimmsnarl|Grimmsnarl, M|82/100 tox
|move|p2a: ᛟᛃᚹCream|Draining Kiss|p1a: Grimmsnarl
|-supereffective|p1a: Grimmsnarl
|-damage|p1a: Grimmsnarl|22/100 tox
|-heal|p2a: ᛟᛃᚹCream|86/100|[from] drain|[of] p1a: Grimmsnarl
|
|-heal|p2a: ᛟᛃᚹCream|92/100|[from] item: Leftovers
|-damage|p1a: Grimmsnarl|16/100 tox|[from] psn
|upkeep
|turn|36
|
|t:|1776297078
|move|p1a: Grimmsnarl|Reflect|p1a: Grimmsnarl
|-sidestart|p1: ToopyDBL|Reflect
|move|p2a: ᛟᛃᚹCream|Calm Mind|p2a: ᛟᛃᚹCream
|-boost|p2a: ᛟᛃᚹCream|spa|1
|-boost|p2a: ᛟᛃᚹCream|spd|1
|
|-heal|p2a: ᛟᛃᚹCream|98/100|[from] item: Leftovers
|-damage|p1a: Grimmsnarl|4/100 tox|[from] psn
|upkeep
|turn|37
|
|t:|1776297088
|move|p1a: Grimmsnarl|Light Screen|p1a: Grimmsnarl
|-sidestart|p1: ToopyDBL|move: Light Screen
|move|p2a: ᛟᛃᚹCream|Calm Mind|p2a: ᛟᛃᚹCream
|-boost|p2a: ᛟᛃᚹCream|spa|1
|-boost|p2a: ᛟᛃᚹCream|spd|1
|
|-heal|p2a: ᛟᛃᚹCream|100/100|[from] item: Leftovers
|-damage|p1a: Grimmsnarl|0 fnt|[from] psn
|faint|p1a: Grimmsnarl
|upkeep
|
|t:|1776297093
|switch|p1a: Alomomola|Alomomola, M|100/100
|turn|38
|
|t:|1776297102
|move|p1a: Alomomola|Wish|p1a: Alomomola
|move|p2a: ᛟᛃᚹCream|Calm Mind|p2a: ᛟᛃᚹCream
|-boost|p2a: ᛟᛃᚹCream|spa|1
|-boost|p2a: ᛟᛃᚹCream|spd|1
|
|upkeep
|turn|39
|
|t:|1776297113
|move|p1a: Alomomola|Flip Turn|p2a: ᛟᛃᚹCream
|-activate|p2a: ᛟᛃᚹCream|move: Substitute|[damage]
|
|t:|1776297117
|switch|p1a: Glimmora|Glimmora, M|100/100|[from] Flip Turn
|move|p2a: ᛟᛃᚹCream|Calm Mind|p2a: ᛟᛃᚹCream
|-boost|p2a: ᛟᛃᚹCream|spa|1
|-boost|p2a: ᛟᛃᚹCream|spd|1
|
|upkeep
|turn|40
|
|t:|1776297133
|move|p1a: Glimmora|Mortal Spin|p2a: ᛟᛃᚹCream
|-supereffective|p2a: ᛟᛃᚹCream
|-activate|p2a: ᛟᛃᚹCream|move: Substitute|[damage]
|move|p2a: ᛟᛃᚹCream|Substitute|p2a: ᛟᛃᚹCream
|-fail|p2a: ᛟᛃᚹCream|move: Substitute
|
|upkeep
|turn|41
|
|t:|1776297140
|move|p1a: Glimmora|Mortal Spin|p2a: ᛟᛃᚹCream
|-supereffective|p2a: ᛟᛃᚹCream
|-end|p2a: ᛟᛃᚹCream|Substitute
|move|p2a: ᛟᛃᚹCream|Substitute|p2a: ᛟᛃᚹCream
|-start|p2a: ᛟᛃᚹCream|Substitute
|-damage|p2a: ᛟᛃᚹCream|76/100
|
|-heal|p2a: ᛟᛃᚹCream|82/100|[from] item: Leftovers
|upkeep
|turn|42
|
|t:|1776297149
|move|p1a: Glimmora|Mortal Spin|p2a: ᛟᛃᚹCream
|-supereffective|p2a: ᛟᛃᚹCream
|-activate|p2a: ᛟᛃᚹCream|move: Substitute|[damage]
|move|p2a: ᛟᛃᚹCream|Calm Mind|p2a: ᛟᛃᚹCream
|-boost|p2a: ᛟᛃᚹCream|spa|1
|-boost|p2a: ᛟᛃᚹCream|spd|1
|
|-heal|p2a: ᛟᛃᚹCream|88/100|[from] item: Leftovers
|upkeep
|turn|43
|
|t:|1776297162
|move|p1a: Glimmora|Mortal Spin|p2a: ᛟᛃᚹCream
|-supereffective|p2a: ᛟᛃᚹCream
|-activate|p2a: ᛟᛃᚹCream|move: Substitute|[damage]
|move|p2a: ᛟᛃᚹCream|Draining Kiss|p1a: Glimmora
|-resisted|p1a: Glimmora
|-damage|p1a: Glimmora|75/100
|-heal|p2a: ᛟᛃᚹCream|100/100|[from] drain|[of] p1a: Glimmora
|
|-sideend|p1: ToopyDBL|Reflect
|upkeep
|turn|44
|
|t:|1776297171
|move|p1a: Glimmora|Mortal Spin|p2a: ᛟᛃᚹCream
|-supereffective|p2a: ᛟᛃᚹCream
|-end|p2a: ᛟᛃᚹCream|Substitute
|move|p2a: ᛟᛃᚹCream|Draining Kiss|p1a: Glimmora
|-resisted|p1a: Glimmora
|-damage|p1a: Glimmora|51/100
|
|-sideend|p1: ToopyDBL|move: Light Screen
|upkeep
|turn|45
|
|t:|1776297182
|move|p1a: Glimmora|Mortal Spin|p2a: ᛟᛃᚹCream
|-supereffective|p2a: ᛟᛃᚹCream
|-damage|p2a: ᛟᛃᚹCream|90/100
|-status|p2a: ᛟᛃᚹCream|psn
|move|p2a: ᛟᛃᚹCream|Draining Kiss|p1a: Glimmora
|-resisted|p1a: Glimmora
|-damage|p1a: Glimmora|0 fnt
|-heal|p2a: ᛟᛃᚹCream|100/100 psn|[from] drain|[of] p1a: Glimmora
|faint|p1a: Glimmora
|
|-damage|p2a: ᛟᛃᚹCream|88/100 psn|[from] psn
|upkeep
|
|t:|1776297192
|switch|p1a: Alomomola|Alomomola, M|100/100
|turn|46
|
|t:|1776297197
|move|p1a: Alomomola|Wish|p1a: Alomomola
|move|p2a: ᛟᛃᚹCream|Substitute|p2a: ᛟᛃᚹCream
|-start|p2a: ᛟᛃᚹCream|Substitute
|-damage|p2a: ᛟᛃᚹCream|63/100 psn
|
|-heal|p2a: ᛟᛃᚹCream|69/100 psn|[from] item: Leftovers
|-damage|p2a: ᛟᛃᚹCream|57/100 psn|[from] psn
|upkeep
|turn|47
|
|t:|1776297210
|move|p1a: Alomomola|Protect|p1a: Alomomola
|-singleturn|p1a: Alomomola|Protect
|move|p2a: ᛟᛃᚹCream|Draining Kiss|p1a: Alomomola
|-activate|p1a: Alomomola|move: Protect
|
|-heal|p2a: ᛟᛃᚹCream|63/100 psn|[from] item: Leftovers
|-damage|p2a: ᛟᛃᚹCream|51/100 psn|[from] psn
|upkeep
|turn|48
|
|t:|1776297222
|move|p2a: ᛟᛃᚹCream|Draining Kiss|p1a: Alomomola
|-damage|p1a: Alomomola|12/100
|-heal|p2a: ᛟᛃᚹCream|100/100 psn|[from] drain|[of] p1a: Alomomola
|move|p1a: Alomomola|Mirror Coat|p2a: ᛟᛃᚹCream
|-end|p2a: ᛟᛃᚹCream|Substitute
|
|-damage|p2a: ᛟᛃᚹCream|88/100 psn|[from] psn
|upkeep
|turn|49
|
|t:|1776297243
|switch|p1a: Potential Mon|Salamence, M|100/100
|move|p2a: ᛟᛃᚹCream|Substitute|p2a: ᛟᛃᚹCream
|-start|p2a: ᛟᛃᚹCream|Substitute
|-damage|p2a: ᛟᛃᚹCream|63/100 psn
|
|-heal|p2a: ᛟᛃᚹCream|69/100 psn|[from] item: Leftovers
|-damage|p2a: ᛟᛃᚹCream|57/100 psn|[from] psn
|upkeep
|turn|50
|
|t:|1776297254
|move|p1a: Potential Mon|Substitute|p1a: Potential Mon
|-start|p1a: Potential Mon|Substitute
|-damage|p1a: Potential Mon|75/100
|move|p2a: ᛟᛃᚹCream|Draining Kiss|p1a: Potential Mon
|-supereffective|p1a: Potential Mon
|-end|p1a: Potential Mon|Substitute
|-heal|p2a: ᛟᛃᚹCream|76/100 psn|[from] drain|[of] p1a: Potential Mon
|
|-heal|p1a: Potential Mon|82/100|[from] item: Leftovers
|-heal|p2a: ᛟᛃᚹCream|82/100 psn|[from] item: Leftovers
|-damage|p2a: ᛟᛃᚹCream|70/100 psn|[from] psn
|upkeep
|turn|51
|
|t:|1776297270
|move|p1a: Potential Mon|Substitute|p1a: Potential Mon
|-start|p1a: Potential Mon|Substitute
|-damage|p1a: Potential Mon|57/100
|move|p2a: ᛟᛃᚹCream|Draining Kiss|p1a: Potential Mon
|-supereffective|p1a: Potential Mon
|-end|p1a: Potential Mon|Substitute
|-heal|p2a: ᛟᛃᚹCream|89/100 psn|[from] drain|[of] p1a: Potential Mon
|
|-heal|p1a: Potential Mon|63/100|[from] item: Leftovers
|-heal|p2a: ᛟᛃᚹCream|95/100 psn|[from] item: Leftovers
|-damage|p2a: ᛟᛃᚹCream|82/100 psn|[from] psn
|upkeep
|turn|52
|
|t:|1776297289
|move|p1a: Potential Mon|Outrage|p2a: ᛟᛃᚹCream
|-immune|p2a: ᛟᛃᚹCream
|move|p2a: ᛟᛃᚹCream|Draining Kiss|p1a: Potential Mon
|-supereffective|p1a: Potential Mon
|-damage|p1a: Potential Mon|0 fnt
|-heal|p2a: ᛟᛃᚹCream|100/100 psn|[from] drain|[of] p1a: Potential Mon
|faint|p1a: Potential Mon
|
|-damage|p2a: ᛟᛃᚹCream|88/100 psn|[from] psn
|upkeep
|
|t:|1776297293
|switch|p1a: Alomomola|Alomomola, M|45/100
|turn|53
|
|t:|1776297303
|move|p1a: Alomomola|Wish|p1a: Alomomola
|move|p2a: ᛟᛃᚹCream|Draining Kiss|p1a: Alomomola
|-damage|p1a: Alomomola|0 fnt
|-heal|p2a: ᛟᛃᚹCream|100/100 psn|[from] drain|[of] p1a: Alomomola
|faint|p1a: Alomomola
|
|-damage|p2a: ᛟᛃᚹCream|88/100 psn|[from] psn
|upkeep
|
|t:|1776297308
|switch|p1a: Gholdengo|Gholdengo|7/100
|turn|54
|
|t:|1776297315
|move|p1a: Gholdengo|Shadow Ball|p2a: ᛟᛃᚹCream
|-activate|p2a: ᛟᛃᚹCream|move: Substitute|[damage]
|move|p2a: ᛟᛃᚹCream|Draining Kiss|p1a: Gholdengo
|-resisted|p1a: Gholdengo
|-damage|p1a: Gholdengo|0 fnt
|-heal|p2a: ᛟᛃᚹCream|93/100 psn|[from] drain|[of] p1a: Gholdengo
|faint|p1a: Gholdengo
|
|-heal|p2a: ᛟᛃᚹCream|99/100 psn|[from] item: Leftovers
|-damage|p2a: ᛟᛃᚹCream|86/100 psn|[from] psn
|upkeep
|-message|ToopyDBL forfeited.
|
|win|big bod3
|raw|ToopyDBL's rating: 1018 &rarr; <strong>1008</strong><br />(-10 for losing)
|raw|big bod3's rating: 1079 &rarr; <strong>1102</strong><br />(+23 for winning)
|l|☆ToopyDBL
|player|p1|
