|html|<div class="broadcast-blue"><strong>[Gen 9] OU is currently suspecting Tera Blast! For information on how to participate check out the <a href="https://www.smogon.com/tools/suspects/view/200">suspect thread</a>.</strong></div>
|j|☆magikarp456
|j|☆trashandlucky
|t:|1776102030
|gametype|singles
|player|p1|magikarp456|roughneck-gen4|1259
|player|p2|trashandlucky|clerk|1220
|gen|9
|tier|[Gen 9] OU
|rated|
|rule|HP Percentage Mod: HP is shown in percentages
|rule|Endless Battle Clause: Forcing endless battles is banned
|rule|Species Clause: Limit one of each Pokémon
|rule|OHKO Clause: OHKO moves are banned
|rule|Evasion Items Clause: Evasion items are banned
|rule|Evasion Moves Clause: Evasion moves are banned
|rule|Evasion Abilities Clause: Evasion abilities are banned
|rule|Sleep Moves Clause: Sleep-inducing moves are banned
|clearpoke
|poke|p1|Kingambit, F|
|poke|p1|Tsareena, F|
|poke|p1|Duraludon, F|
|poke|p1|Goodra-Hisui, F|
|poke|p1|Dragapult, F|
|poke|p1|Glaceon, F|
|poke|p2|Raging Bolt|
|poke|p2|Cinderace, F|
|poke|p2|Gholdengo|
|poke|p2|Slowking-Galar, F|
|poke|p2|Iron Boulder|
|poke|p2|Gliscor, F|
|teampreview
|
|t:|1776102046
|teamsize|p1|6
|teamsize|p2|6
|start
|switch|p1a: Duraludon|Duraludon, F|100/100
|switch|p2a: Cinderace|Cinderace, F|100/100
|turn|1
|
|t:|1776102049
|move|p2a: Cinderace|U-turn|p1a: Duraludon
|-start|p2a: Cinderace|typechange|Bug|[from] ability: Libero
|-resisted|p1a: Duraludon
|-damage|p1a: Duraludon|90/100
|
|t:|1776102053
|switch|p2a: Gliscor|Gliscor, F|100/100|[from] U-turn
|move|p1a: Duraludon|Stealth Rock|p2a: Gliscor
|-sidestart|p2: trashandlucky|move: Stealth Rock
|
|-status|p2a: Gliscor|tox|[from] item: Toxic Orb
|upkeep
|turn|2
|
|t:|1776102057
|switch|p1a: Glaceon|Glaceon, F|100/100
|move|p2a: Gliscor|Swords Dance|p2a: Gliscor
|-boost|p2a: Gliscor|atk|2
|
|upkeep
|turn|3
|
|t:|1776102075
|-terastallize|p2a: Gliscor|Steel
|move|p2a: Gliscor|Earthquake|p1a: Glaceon
|-damage|p1a: Glaceon|37/100
|move|p1a: Glaceon|Freeze-Dry|p2a: Gliscor
|-resisted|p2a: Gliscor
|-damage|p2a: Gliscor|78/100 tox
|
|-heal|p1a: Glaceon|43/100|[from] item: Leftovers
|-heal|p2a: Gliscor|90/100 tox|[from] ability: Poison Heal
|upkeep
|turn|4
|
|t:|1776102087
|move|p2a: Gliscor|Dual Wingbeat|p1a: Glaceon
|-damage|p1a: Glaceon|18/100
|-damage|p1a: Glaceon|0 fnt
|faint|p1a: Glaceon
|-hitcount|p1: Glaceon|2
|
|-heal|p2a: Gliscor|100/100 tox|[from] ability: Poison Heal
|upkeep
|inactive|Battle timer is ON: inactive players will automatically lose when time's up. (requested by trashandlucky)
|
|t:|1776102092
|switch|p1a: Dragapult|Dragapult, F|100/100
|turn|5
|
|t:|1776102097
|move|p1a: Dragapult|Flamethrower|p2a: Gliscor
|-supereffective|p2a: Gliscor
|-damage|p2a: Gliscor|0 fnt
|faint|p2a: Gliscor
|
|upkeep
|
|t:|1776102102
|switch|p2a: Raging Bolt|Raging Bolt|100/100
|-damage|p2a: Raging Bolt|88/100|[from] Stealth Rock
|-enditem|p2a: Raging Bolt|Booster Energy
|-activate|p2a: Raging Bolt|ability: Protosynthesis|[fromitem]
|-start|p2a: Raging Bolt|protosynthesisspa
|turn|6
|
|t:|1776102108
|switch|p1a: Goodra|Goodra-Hisui, F|100/100
|move|p2a: Raging Bolt|Dragon Pulse|p1a: Goodra
|-damage|p1a: Goodra|76/100
|
|upkeep
|turn|7
|
|t:|1776102112
|move|p2a: Raging Bolt|Calm Mind|p2a: Raging Bolt
|-boost|p2a: Raging Bolt|spa|1
|-boost|p2a: Raging Bolt|spd|1
|move|p1a: Goodra|Knock Off|p2a: Raging Bolt
|-damage|p2a: Raging Bolt|77/100
|
|upkeep
|turn|8
|
|t:|1776102117
|move|p2a: Raging Bolt|Dragon Pulse|p1a: Goodra
|-crit|p1a: Goodra
|-damage|p1a: Goodra|24/100
|move|p1a: Goodra|Draco Meteor|p2a: Raging Bolt
|-supereffective|p2a: Raging Bolt
|-damage|p2a: Raging Bolt|20/100
|-unboost|p1a: Goodra|spa|2
|
|upkeep
|turn|9
|
|t:|1776102122
|move|p2a: Raging Bolt|Dragon Pulse|p1a: Goodra
|-damage|p1a: Goodra|0 fnt
|faint|p1a: Goodra
|
|upkeep
|
|t:|1776102127
|switch|p1a: Dragapult|Dragapult, F|100/100
|turn|10
|
|t:|1776102130
|move|p2a: Raging Bolt|Thunderclap|p1a: Dragapult
|-resisted|p1a: Dragapult
|-damage|p1a: Dragapult|45/100
|move|p1a: Dragapult|Shadow Ball|p2a: Raging Bolt
|-damage|p2a: Raging Bolt|0 fnt
|faint|p2a: Raging Bolt
|-end|p2a: Raging Bolt|Protosynthesis|[silent]
|
|upkeep
|
|t:|1776102135
|switch|p2a: Anti-Matter|Slowking-Galar, F, shiny|100/100
|turn|11
|
|t:|1776102140
|move|p1a: Dragapult|Shadow Ball|p2a: Anti-Matter
|-supereffective|p2a: Anti-Matter
|-damage|p2a: Anti-Matter|42/100
|move|p2a: Anti-Matter|Psyshock|p1a: Dragapult
|-damage|p1a: Dragapult|3/100
|
|upkeep
|turn|12
|
|t:|1776102143
|move|p1a: Dragapult|Shadow Ball|p2a: Anti-Matter
|-supereffective|p2a: Anti-Matter
|-damage|p2a: Anti-Matter|0 fnt
|faint|p2a: Anti-Matter
|
|upkeep
|
|t:|1776102146
|switch|p2a: Iron Boulder|Iron Boulder|100/100
|-damage|p2a: Iron Boulder|88/100|[from] Stealth Rock
|-enditem|p2a: Iron Boulder|Booster Energy
|-activate|p2a: Iron Boulder|ability: Quark Drive|[fromitem]
|-start|p2a: Iron Boulder|quarkdrivespe
|turn|13
|
|t:|1776102151
|switch|p1a: Duraludon|Duraludon, F|90/100
|move|p2a: Iron Boulder|Mighty Cleave|p1a: Duraludon
|-resisted|p1a: Duraludon
|-damage|p1a: Duraludon|79/100
|
|upkeep
|turn|14
|
|t:|1776102155
|move|p2a: Iron Boulder|Earthquake|p1a: Duraludon
|-supereffective|p1a: Duraludon
|-damage|p1a: Duraludon|48/100
|move|p1a: Duraludon|Flash Cannon|p2a: Iron Boulder
|-supereffective|p2a: Iron Boulder
|-damage|p2a: Iron Boulder|13/100
|
|upkeep
|turn|15
|
|t:|1776102159
|move|p2a: Iron Boulder|Earthquake|p1a: Duraludon
|-supereffective|p1a: Duraludon
|-damage|p1a: Duraludon|16/100
|move|p1a: Duraludon|Body Press|p2a: Iron Boulder
|-damage|p2a: Iron Boulder|0 fnt
|faint|p2a: Iron Boulder
|-end|p2a: Iron Boulder|Quark Drive|[silent]
|
|upkeep
|
|t:|1776102162
|switch|p2a: Cinderace|Cinderace, F|100/100
|-damage|p2a: Cinderace|76/100|[from] Stealth Rock
|turn|16
|
|t:|1776102165
|move|p2a: Cinderace|Pyro Ball|p1a: Duraludon
|-damage|p1a: Duraludon|0 fnt
|faint|p1a: Duraludon
|
|upkeep
|
|t:|1776102171
|switch|p1a: Dragapult|Dragapult, F|3/100
|turn|17
|
|t:|1776102177
|move|p1a: Dragapult|Shadow Ball|p2a: Cinderace
|-damage|p2a: Cinderace|0 fnt
|faint|p2a: Cinderace
|
|upkeep
|
|t:|1776102180
|switch|p2a: Fazers|Gholdengo|100/100
|-damage|p2a: Fazers|94/100|[from] Stealth Rock
|turn|18
|
|t:|1776102182
|move|p1a: Dragapult|Shadow Ball|p2a: Fazers
|-supereffective|p2a: Fazers
|-damage|p2a: Fazers|0 fnt
|faint|p2a: Fazers
|
|win|magikarp456
|raw|magikarp456's rating: 1259 &rarr; <strong>1281</strong><br />(+22 for winning)
|raw|trashandlucky's rating: 1220 &rarr; <strong>1198</strong><br />(-22 for losing)
|l|☆trashandlucky
|player|p2|
|l|☆magikarp456
|player|p1|
