|html|<div class="broadcast-blue"><strong>[Gen 9] OU is currently suspecting Tera Blast! For information on how to participate check out the <a href="https://www.smogon.com/tools/suspects/view/200">suspect thread</a>.</strong></div>
|j|☆scarchevalier
|j|☆Zero_01011010
|t:|1776110033
|gametype|singles
|player|p1|scarchevalier|iris-gen5bw2|
|player|p2|Zero_01011010|crasherwake|
|gen|9
|tier|[Gen 9] OU
|rule|HP Percentage Mod: HP is shown in percentages
|rule|Endless Battle Clause: Forcing endless battles is banned
|rule|Species Clause: Limit one of each Pokémon
|rule|OHKO Clause: OHKO moves are banned
|rule|Evasion Items Clause: Evasion items are banned
|rule|Evasion Moves Clause: Evasion moves are banned
|rule|Evasion Abilities Clause: Evasion abilities are banned
|rule|Sleep Moves Clause: Sleep-inducing moves are banned
|clearpoke
|poke|p1|Torracat, M|
|poke|p1|Kingambit, F|
|poke|p1|Ogerpon-Wellspring, F|
|poke|p1|Dragapult, F|
|poke|p1|Landorus-Therian, M|
|poke|p1|Toxapex, F|
|poke|p2|Tyranitar, F|
|poke|p2|Gardevoir, M|
|poke|p2|Meowscarada, F|
|poke|p2|Espeon, F|
|poke|p2|Gliscor, F|
|poke|p2|Dragapult, F|
|teampreview
|inactive|Battle timer is ON: inactive players will automatically lose when time's up. (requested by scarchevalier)
|inactive|Zero_01011010 has 270 seconds left.
|l|☆scarchevalier
|inactive|scarchevalier disconnected and has 300 seconds to reconnect!
|player|p1|
|j|☆scarchevalier
|inactive|scarchevalier reconnected.
|player|p1|scarchevalier|iris-gen5bw2|
|
|t:|1776110078
|teamsize|p1|6
|teamsize|p2|6
|start
|switch|p1a: Lucky|Torracat, M, shiny|100/100
|switch|p2a: Gliscor|Gliscor, F, shiny|100/100
|-ability|p1a: Lucky|Intimidate|boost
|-unboost|p2a: Gliscor|atk|1
|turn|1
|
|t:|1776110084
|switch|p2a: Dragapult|Dragapult, F, shiny|100/100
|move|p1a: Lucky|Taunt|p2a: Dragapult
|-start|p2a: Dragapult|move: Taunt
|
|upkeep
|turn|2
|
|t:|1776110091
|move|p2a: Dragapult|U-turn|p1a: Lucky
|-resisted|p1a: Lucky
|-damage|p1a: Lucky|87/100
|
|t:|1776110098
|switch|p2a: Gliscor|Gliscor, F, shiny|100/100|[from] U-turn
|move|p1a: Lucky|Parting Shot|p2a: Gliscor
|-unboost|p2a: Gliscor|atk|1
|-unboost|p2a: Gliscor|spa|1
|
|t:|1776110106
|switch|p1a: Ogerpon|Ogerpon-Wellspring, F|100/100|[from] Parting Shot
|
|-status|p2a: Gliscor|tox|[from] item: Toxic Orb
|upkeep
|turn|3
|
|t:|1776110112
|move|p1a: Ogerpon|Ivy Cudgel|p2a: Gliscor|[anim] Ivy Cudgel Water
|-supereffective|p2a: Gliscor
|-damage|p2a: Gliscor|0 fnt
|faint|p2a: Gliscor
|
|upkeep
|
|t:|1776110119
|switch|p2a: Dragapult|Dragapult, F, shiny|100/100
|turn|4
|
|t:|1776110123
|switch|p1a: Toxapex|Toxapex, F|100/100
|move|p2a: Dragapult|U-turn|p1a: Toxapex
|-resisted|p1a: Toxapex
|-damage|p1a: Toxapex|92/100
|
|t:|1776110140
|switch|p2a: Espeon|Espeon, F, shiny|100/100|[from] U-turn
|
|-heal|p1a: Toxapex|98/100|[from] item: Black Sludge
|upkeep
|turn|5
|
|t:|1776110154
|switch|p1a: Kingambit|Kingambit, F, shiny|100/100
|move|p2a: Espeon|Calm Mind|p2a: Espeon
|-boost|p2a: Espeon|spa|1
|-boost|p2a: Espeon|spd|1
|
|upkeep
|turn|6
|
|t:|1776110163
|move|p2a: Espeon|Draining Kiss|p1a: Kingambit
|-damage|p1a: Kingambit|67/100
|-damage|p2a: Espeon|91/100|[from] item: Life Orb
|move|p1a: Kingambit|Kowtow Cleave|p2a: Espeon
|-supereffective|p2a: Espeon
|-damage|p2a: Espeon|0 fnt
|faint|p2a: Espeon
|
|upkeep
|
|t:|1776110176
|switch|p2a: Tyranitar|Tyranitar, F, shiny|100/100
|-weather|Sandstorm|[from] ability: Sand Stream|[of] p2a: Tyranitar
|turn|7
|
|t:|1776110191
|-end|p1a: Kingambit|fallenundefined|[silent]
|switch|p1a: Landorus|Landorus-Therian, M|100/100
|-ability|p1a: Landorus|Intimidate|boost
|-unboost|p2a: Tyranitar|atk|1
|move|p2a: Tyranitar|Dragon Dance|p2a: Tyranitar
|-boost|p2a: Tyranitar|atk|1
|-boost|p2a: Tyranitar|spe|1
|
|-weather|Sandstorm|[upkeep]
|upkeep
|turn|8
|
|t:|1776110206
|-terastallize|p2a: Tyranitar|Ghost
|move|p2a: Tyranitar|Dragon Dance|p2a: Tyranitar
|-boost|p2a: Tyranitar|atk|1
|-boost|p2a: Tyranitar|spe|1
|move|p1a: Landorus|Taunt|p2a: Tyranitar
|-start|p2a: Tyranitar|move: Taunt
|
|-weather|Sandstorm|[upkeep]
|-damage|p2a: Tyranitar|94/100|[from] Sandstorm
|-heal|p2a: Tyranitar|100/100|[from] item: Leftovers
|upkeep
|turn|9
|
|t:|1776110224
|move|p2a: Tyranitar|Tera Blast|p1a: Landorus|[anim] Tera Blast Ghost
|-damage|p1a: Landorus|35/100
|move|p1a: Landorus|Stealth Rock|p2a: Tyranitar
|-sidestart|p2: Zero_01011010|move: Stealth Rock
|
|-weather|Sandstorm|[upkeep]
|-damage|p2a: Tyranitar|94/100|[from] Sandstorm
|-heal|p2a: Tyranitar|100/100|[from] item: Leftovers
|-heal|p1a: Landorus|41/100|[from] item: Leftovers
|upkeep
|turn|10
|
|t:|1776110233
|switch|p1a: Lucky|Torracat, M, shiny|87/100
|-ability|p1a: Lucky|Intimidate|boost
|-unboost|p2a: Tyranitar|atk|1
|move|p2a: Tyranitar|Tera Blast|p1a: Lucky|[anim] Tera Blast Ghost
|-damage|p1a: Lucky|30/100
|
|-weather|Sandstorm|[upkeep]
|-damage|p2a: Tyranitar|94/100|[from] Sandstorm
|-damage|p1a: Lucky|24/100|[from] Sandstorm
|-heal|p2a: Tyranitar|100/100|[from] item: Leftovers
|upkeep
|turn|11
|
|t:|1776110246
|switch|p1a: Landorus|Landorus-Therian, M|41/100
|-ability|p1a: Landorus|Intimidate|boost
|-unboost|p2a: Tyranitar|atk|1
|move|p2a: Tyranitar|Tera Blast|p1a: Landorus|[anim] Tera Blast Ghost
|-damage|p1a: Landorus|11/100
|
|-weather|none
|-heal|p1a: Landorus|17/100|[from] item: Leftovers
|-end|p2a: Tyranitar|move: Taunt
|upkeep
|turn|12
|
|t:|1776110258
|move|p2a: Tyranitar|Dragon Dance|p2a: Tyranitar
|-boost|p2a: Tyranitar|atk|1
|-boost|p2a: Tyranitar|spe|1
|move|p1a: Landorus|U-turn|p2a: Tyranitar
|-resisted|p2a: Tyranitar
|-damage|p2a: Tyranitar|90/100
|
|t:|1776110262
|switch|p1a: Kingambit|Kingambit, F, shiny|67/100|[from] U-turn
|
|-heal|p2a: Tyranitar|96/100|[from] item: Leftovers
|upkeep
|turn|13
|
|t:|1776110267
|move|p1a: Kingambit|Sucker Punch|p2a: Tyranitar
|-supereffective|p2a: Tyranitar
|-crit|p2a: Tyranitar
|-damage|p2a: Tyranitar|0 fnt
|faint|p2a: Tyranitar
|
|upkeep
|
|t:|1776110278
|switch|p2a: Gardevoir|Gardevoir, M, shiny|100/100
|-damage|p2a: Gardevoir|88/100|[from] Stealth Rock
|turn|14
|inactive|Zero_01011010 has 270 seconds left.
|
|t:|1776110335
|-end|p1a: Kingambit|fallenundefined|[silent]
|switch|p1a: Toxapex|Toxapex, F|100/100
|move|p2a: Gardevoir|Moonblast|p1a: Toxapex
|-resisted|p1a: Toxapex
|-damage|p1a: Toxapex|83/100
|
|-heal|p1a: Toxapex|89/100|[from] item: Black Sludge
|upkeep
|turn|15
|c|☆scarchevalier|6-0 incoming
|
|t:|1776110354
|switch|p2a: Dragapult|Dragapult, F, shiny|100/100
|-damage|p2a: Dragapult|88/100|[from] Stealth Rock
|-terastallize|p1a: Toxapex|Steel
|move|p1a: Toxapex|Toxic|p2a: Dragapult
|-status|p2a: Dragapult|tox
|
|-damage|p1a: Toxapex|77/100|[from] item: Black Sludge
|-damage|p2a: Dragapult|82/100 tox|[from] psn
|upkeep
|turn|16
|inactive|Zero_01011010 has 240 seconds left.
|
|t:|1776110369
|move|p2a: Dragapult|U-turn|p1a: Toxapex
|-resisted|p1a: Toxapex
|-damage|p1a: Toxapex|69/100
|inactive|Zero_01011010 has 240 seconds left.
|
|t:|1776110376
|switch|p2a: Meowscarada|Meowscarada, F, shiny|100/100|[from] U-turn
|-damage|p2a: Meowscarada|88/100|[from] Stealth Rock
|move|p1a: Toxapex|Recover|p1a: Toxapex
|-heal|p1a: Toxapex|100/100
|
|-damage|p1a: Toxapex|88/100|[from] item: Black Sludge
|upkeep
|turn|17
|
|t:|1776110387
|move|p2a: Meowscarada|U-turn|p1a: Toxapex
|-start|p2a: Meowscarada|typechange|Bug|[from] ability: Protean
|-resisted|p1a: Toxapex
|-damage|p1a: Toxapex|76/100
|
|t:|1776110390
|switch|p2a: Dragapult|Dragapult, F, shiny|82/100 tox|[from] U-turn
|-damage|p2a: Dragapult|70/100 tox|[from] Stealth Rock
|move|p1a: Toxapex|Toxic|p2a: Dragapult
|-fail|p2a: Dragapult|tox
|
|-damage|p1a: Toxapex|64/100|[from] item: Black Sludge
|-damage|p2a: Dragapult|64/100 tox|[from] psn
|upkeep
|turn|18
|
|t:|1776110394
|move|p2a: Dragapult|Phantom Force||[still]
|-prepare|p2a: Dragapult|Phantom Force
|move|p1a: Toxapex|Recover|p1a: Toxapex
|-heal|p1a: Toxapex|100/100
|
|-damage|p1a: Toxapex|88/100|[from] item: Black Sludge
|-damage|p2a: Dragapult|52/100 tox|[from] psn
|upkeep
|turn|19
|
|t:|1776110402
|move|p2a: Dragapult|Phantom Force|p1a: Toxapex|[from] lockedmove
|-damage|p1a: Toxapex|53/100
|move|p1a: Toxapex|Toxic Spikes|p2a: Dragapult
|-sidestart|p2: Zero_01011010|move: Toxic Spikes
|
|-damage|p1a: Toxapex|41/100|[from] item: Black Sludge
|-damage|p2a: Dragapult|34/100 tox|[from] psn
|upkeep
|turn|20
|
|t:|1776110411
|move|p2a: Dragapult|Phantom Force||[still]
|-prepare|p2a: Dragapult|Phantom Force
|move|p1a: Toxapex|Toxic Spikes|p2a: Dragapult
|-sidestart|p2: Zero_01011010|move: Toxic Spikes
|
|-damage|p1a: Toxapex|29/100|[from] item: Black Sludge
|-damage|p2a: Dragapult|10/100 tox|[from] psn
|upkeep
|turn|21
|
|t:|1776110418
|switch|p1a: Kingambit|Kingambit, F, shiny|67/100
|move|p2a: Dragapult|Phantom Force|p1a: Kingambit|[from] lockedmove
|-resisted|p1a: Kingambit
|-damage|p1a: Kingambit|50/100
|
|-damage|p2a: Dragapult|0 fnt|[from] psn
|faint|p2a: Dragapult
|upkeep
|
|t:|1776110422
|switch|p2a: Gardevoir|Gardevoir, M, shiny|88/100
|-damage|p2a: Gardevoir|76/100|[from] Stealth Rock
|-status|p2a: Gardevoir|tox
|turn|22
|
|t:|1776110429
|-end|p1a: Kingambit|fallenundefined|[silent]
|switch|p1a: Toxapex|Toxapex, F, tera:Steel|62/100
|move|p2a: Gardevoir|Vacuum Wave|p1a: Toxapex
|-supereffective|p1a: Toxapex
|-damage|p1a: Toxapex|44/100
|
|-damage|p1a: Toxapex|32/100|[from] item: Black Sludge
|-damage|p2a: Gardevoir|70/100 tox|[from] psn
|upkeep
|turn|23
|
|t:|1776110441
|switch|p1a: Ogerpon|Ogerpon-Wellspring, F|100/100
|move|p2a: Gardevoir|Shadow Ball|p1a: Ogerpon
|-damage|p1a: Ogerpon|68/100
|
|-damage|p2a: Gardevoir|58/100 tox|[from] psn
|upkeep
|turn|24
|
|t:|1776110449
|move|p1a: Ogerpon|Ivy Cudgel|p2a: Gardevoir|[anim] Ivy Cudgel Water
|-damage|p2a: Gardevoir|0 fnt
|faint|p2a: Gardevoir
|
|upkeep
|
|t:|1776110452
|switch|p2a: Meowscarada|Meowscarada, F, shiny|88/100
|-damage|p2a: Meowscarada|76/100|[from] Stealth Rock
|-status|p2a: Meowscarada|tox
|turn|25
|
|t:|1776110460
|switch|p1a: Toxapex|Toxapex, F, tera:Steel|65/100
|move|p2a: Meowscarada|U-turn|p1a: Toxapex
|-start|p2a: Meowscarada|typechange|Bug|[from] ability: Protean
|-resisted|p1a: Toxapex
|-damage|p1a: Toxapex|52/100
|
|-damage|p1a: Toxapex|40/100|[from] item: Black Sludge
|-damage|p2a: Meowscarada|70/100 tox|[from] psn
|upkeep
|turn|26
|
|t:|1776110477
|move|p2a: Meowscarada|U-turn|p1a: Toxapex
|-resisted|p1a: Toxapex
|-damage|p1a: Toxapex|28/100
|move|p1a: Toxapex|Recover|p1a: Toxapex
|-heal|p1a: Toxapex|78/100
|
|-damage|p1a: Toxapex|66/100|[from] item: Black Sludge
|-damage|p2a: Meowscarada|57/100 tox|[from] psn
|upkeep
|turn|27
|
|t:|1776110481
|move|p2a: Meowscarada|U-turn|p1a: Toxapex
|-resisted|p1a: Toxapex
|-damage|p1a: Toxapex|53/100
|move|p1a: Toxapex|Recover|p1a: Toxapex
|-heal|p1a: Toxapex|100/100
|
|-damage|p1a: Toxapex|88/100|[from] item: Black Sludge
|-damage|p2a: Meowscarada|39/100 tox|[from] psn
|upkeep
|turn|28
|c|☆scarchevalier|choice band???
|
|t:|1776110492
|move|p2a: Meowscarada|U-turn|p1a: Toxapex
|-resisted|p1a: Toxapex
|-damage|p1a: Toxapex|76/100
|move|p1a: Toxapex|Recover|p1a: Toxapex
|-heal|p1a: Toxapex|100/100
|
|-damage|p1a: Toxapex|88/100|[from] item: Black Sludge
|-damage|p2a: Meowscarada|14/100 tox|[from] psn
|upkeep
|turn|29
|c|☆scarchevalier|gg lmao
|c|☆scarchevalier|6-0
|
|t:|1776110497
|move|p2a: Meowscarada|U-turn|p1a: Toxapex
|-resisted|p1a: Toxapex
|-damage|p1a: Toxapex|76/100
|move|p1a: Toxapex|Recover|p1a: Toxapex
|-heal|p1a: Toxapex|100/100
|
|-damage|p1a: Toxapex|88/100|[from] item: Black Sludge
|-damage|p2a: Meowscarada|0 fnt|[from] psn
|faint|p2a: Meowscarada
|
|win|scarchevalier
|l|☆Zero_01011010
|player|p2|
