|html|<div class="broadcast-blue"><strong>[Gen 9] OU is currently suspecting Tera Blast! For information on how to participate check out the <a href="https://www.smogon.com/tools/suspects/view/200">suspect thread</a>.</strong></div>
|j|☆kingofdondons
|j|‽RogueBoi
|t:|1776188059
|gametype|singles
|player|p1|kingofdondons|skyla|1544
|player|p2|RogueBoi|grimsley|1611
|gen|9
|tier|[Gen 9] OU
|rated|
|rule|HP Percentage Mod: HP is shown in percentages
|rule|Endless Battle Clause: Forcing endless battles is banned
|rule|Species Clause: Limit one of each Pokémon
|rule|OHKO Clause: OHKO moves are banned
|rule|Evasion Items Clause: Evasion items are banned
|rule|Evasion Moves Clause: Evasion moves are banned
|rule|Evasion Abilities Clause: Evasion abilities are banned
|rule|Sleep Moves Clause: Sleep-inducing moves are banned
|clearpoke
|poke|p1|Ting-Lu|
|poke|p1|Gholdengo|
|poke|p1|Glimmora, M|
|poke|p1|Dragonite, F|
|poke|p1|Iron Valiant|
|poke|p1|Kyurem|
|poke|p2|Kyurem|
|poke|p2|Zapdos|
|poke|p2|Gholdengo|
|poke|p2|Samurott-Hisui, M|
|poke|p2|Ting-Lu|
|poke|p2|Weezing-Galar, M|
|teampreview
|inactive|Battle timer is ON: inactive players will automatically lose when time's up. (requested by kingofdondons)
|inactive|RogueBoi also wants the timer to be on.
|inactive|RogueBoi has 120 seconds left.
|inactive|RogueBoi has 90 seconds left.
|
|t:|1776188127
|teamsize|p1|6
|teamsize|p2|6
|start
|switch|p1a: Ting-Lu|Ting-Lu|100/100
|switch|p2a: Samurott|Samurott-Hisui, M|100/100
|-ability|p1a: Ting-Lu|Vessel of Ruin
|turn|1
|
|t:|1776188150
|move|p2a: Samurott|Aqua Cutter|p1a: Ting-Lu
|-supereffective|p1a: Ting-Lu
|-damage|p1a: Ting-Lu|64/100
|-enditem|p1a: Ting-Lu|Red Card|[of] p2a: Samurott
|drag|p2a: Ting-Lu|Ting-Lu|100/100
|-ability|p2a: Ting-Lu|Vessel of Ruin
|move|p1a: Ting-Lu|Stealth Rock|p2a: Ting-Lu
|-sidestart|p2: RogueBoi|move: Stealth Rock
|
|upkeep
|turn|2
|
|t:|1776188162
|move|p2a: Ting-Lu|Stealth Rock|p1a: Ting-Lu
|-sidestart|p1: kingofdondons|move: Stealth Rock
|move|p1a: Ting-Lu|Taunt|p2a: Ting-Lu
|-start|p2a: Ting-Lu|move: Taunt
|
|upkeep
|turn|3
|inactive|kingofdondons has 120 seconds left.
|inactive|kingofdondons has 90 seconds left.
|
|t:|1776188246
|switch|p2a: Samurott|Samurott-Hisui, M|100/100
|-damage|p2a: Samurott|88/100|[from] Stealth Rock
|move|p1a: Ting-Lu|Ruination|p2a: Samurott
|-damage|p2a: Samurott|44/100
|
|upkeep
|turn|4
|
|t:|1776188254
|move|p2a: Samurott|Aqua Cutter|p1a: Ting-Lu
|-supereffective|p1a: Ting-Lu
|-damage|p1a: Ting-Lu|28/100
|move|p1a: Ting-Lu|Earthquake|p2a: Samurott
|-damage|p2a: Samurott|1/100
|
|upkeep
|turn|5
|
|t:|1776188258
|move|p2a: Samurott|Ceaseless Edge|p1a: Ting-Lu
|-resisted|p1a: Ting-Lu
|-damage|p1a: Ting-Lu|19/100
|-sidestart|p1: kingofdondons|Spikes
|move|p1a: Ting-Lu|Earthquake|p2a: Samurott
|-damage|p2a: Samurott|0 fnt
|faint|p2a: Samurott
|
|upkeep
|
|t:|1776188275
|switch|p2a: Gholdengo|Gholdengo|100/100
|-damage|p2a: Gholdengo|94/100|[from] Stealth Rock
|turn|6
|
|t:|1776188293
|move|p2a: Gholdengo|Make It Rain|p1a: Ting-Lu
|-damage|p1a: Ting-Lu|0 fnt
|-unboost|p2a: Gholdengo|spa|1
|faint|p1a: Ting-Lu
|
|upkeep
|inactive|kingofdondons has 90 seconds left.
|
|t:|1776188317
|switch|p1a: Gholdengo|Gholdengo|100/100
|-damage|p1a: Gholdengo|94/100|[from] Stealth Rock
|-damage|p1a: Gholdengo|82/100|[from] Spikes
|turn|7
|
|t:|1776188340
|switch|p2a: Ting-Lu|Ting-Lu|100/100
|-damage|p2a: Ting-Lu|94/100|[from] Stealth Rock
|-ability|p2a: Ting-Lu|Vessel of Ruin
|move|p1a: Gholdengo|Shadow Ball|p2a: Ting-Lu
|-resisted|p2a: Ting-Lu
|-damage|p2a: Ting-Lu|86/100
|
|-heal|p2a: Ting-Lu|92/100|[from] item: Leftovers
|upkeep
|turn|8
|inactive|RogueBoi has 120 seconds left.
|
|t:|1776188375
|switch|p1a: Kyurem|Kyurem|100/100
|-damage|p1a: Kyurem|76/100|[from] Stealth Rock
|-damage|p1a: Kyurem|63/100|[from] Spikes
|-ability|p1a: Kyurem|Pressure
|move|p2a: Ting-Lu|Earthquake|p1a: Kyurem
|-damage|p1a: Kyurem|26/100
|
|-heal|p1a: Kyurem|32/100|[from] item: Leftovers
|-heal|p2a: Ting-Lu|99/100|[from] item: Leftovers
|upkeep
|turn|9
|inactive|kingofdondons has 90 seconds left.
|
|t:|1776188403
|move|p1a: Kyurem|Icicle Spear|p2a: Ting-Lu
|-supereffective|p2a: Ting-Lu
|-damage|p2a: Ting-Lu|83/100
|-supereffective|p2a: Ting-Lu
|-damage|p2a: Ting-Lu|67/100
|-hitcount|p2a: Ting-Lu|2
|move|p2a: Ting-Lu|Whirlwind|p1a: Kyurem
|drag|p1a: Dragonite|Dragonite, F|100/100
|
|-heal|p2a: Ting-Lu|73/100|[from] item: Leftovers
|upkeep
|turn|10
|inactive|kingofdondons has 90 seconds left.
|inactive|RogueBoi has 90 seconds left.
|
|t:|1776188442
|switch|p1a: Kyurem|Kyurem|32/100
|-damage|p1a: Kyurem|8/100|[from] Stealth Rock
|-damage|p1a: Kyurem|0 fnt|[from] Spikes
|faint|p1a: Kyurem
|move|p2a: Ting-Lu|Ruination|p1: Kyurem|[notarget]
|-fail|p2a: Ting-Lu
|
|-heal|p2a: Ting-Lu|79/100|[from] item: Leftovers
|upkeep
|
|t:|1776188449
|switch|p1a: Iron Valiant|Iron Valiant|100/100
|-damage|p1a: Iron Valiant|94/100|[from] Stealth Rock
|-damage|p1a: Iron Valiant|82/100|[from] Spikes
|-enditem|p1a: Iron Valiant|Booster Energy
|-activate|p1a: Iron Valiant|ability: Quark Drive|[fromitem]
|-start|p1a: Iron Valiant|quarkdrivespe
|turn|11
|inactive|RogueBoi has 90 seconds left.
|
|t:|1776188482
|switch|p2a: Weezing|Weezing-Galar, M|100/100
|-damage|p2a: Weezing|88/100|[from] Stealth Rock
|move|p1a: Iron Valiant|Close Combat|p2a: Weezing
|-resisted|p2a: Weezing
|-damage|p2a: Weezing|79/100
|-unboost|p1a: Iron Valiant|def|1
|-unboost|p1a: Iron Valiant|spd|1
|
|-heal|p2a: Weezing|85/100|[from] item: Black Sludge
|upkeep
|turn|12
|inactive|kingofdondons has 90 seconds left.
|inactive|RogueBoi has 60 seconds left.
|
|t:|1776188524
|-end|p1a: Iron Valiant|Quark Drive|[silent]
|switch|p1a: Glimmora|Glimmora, M|100/100
|-damage|p1a: Glimmora|88/100|[from] Stealth Rock
|-damage|p1a: Glimmora|76/100|[from] Spikes
|move|p2a: Weezing|Sludge Bomb|p1a: Glimmora
|-resisted|p1a: Glimmora
|-damage|p1a: Glimmora|66/100
|
|-heal|p2a: Weezing|91/100|[from] item: Black Sludge
|upkeep
|turn|13
|inactive|RogueBoi has 60 seconds left.
|
|t:|1776188533
|move|p1a: Glimmora|Mortal Spin|p2a: Weezing
|-damage|p2a: Weezing|86/100
|-sideend|p1: kingofdondons|Spikes|[from] move: Mortal Spin|[of] p1a: Glimmora
|-sideend|p1: kingofdondons|Stealth Rock|[from] move: Mortal Spin|[of] p1a: Glimmora
|move|p2a: Weezing|Defog|p1a: Glimmora
|-unboost|p1a: Glimmora|evasion|1
|-sideend|p2: RogueBoi|Stealth Rock|[from] move: Defog|[of] p2a: Weezing
|
|-heal|p2a: Weezing|92/100|[from] item: Black Sludge
|upkeep
|turn|14
|
|t:|1776188542
|switch|p2a: Ting-Lu|Ting-Lu|79/100
|-ability|p2a: Ting-Lu|Vessel of Ruin
|move|p1a: Glimmora|Toxic Spikes|p2a: Ting-Lu
|-sidestart|p2: RogueBoi|move: Toxic Spikes
|
|-heal|p2a: Ting-Lu|85/100|[from] item: Leftovers
|upkeep
|turn|15
|
|t:|1776188554
|switch|p1a: Gholdengo|Gholdengo|82/100
|move|p2a: Ting-Lu|Earthquake|p1a: Gholdengo
|-supereffective|p1a: Gholdengo
|-damage|p1a: Gholdengo|0 fnt
|faint|p1a: Gholdengo
|
|-heal|p2a: Ting-Lu|92/100|[from] item: Leftovers
|upkeep
|
|t:|1776188556
|switch|p1a: Iron Valiant|Iron Valiant|82/100
|turn|16
|inactive|kingofdondons has 90 seconds left.
|
|t:|1776188577
|switch|p2a: Weezing|Weezing-Galar, M|92/100
|move|p1a: Iron Valiant|Swords Dance|p1a: Iron Valiant
|-boost|p1a: Iron Valiant|atk|2
|
|-heal|p2a: Weezing|98/100|[from] item: Black Sludge
|upkeep
|turn|17
|inactive|kingofdondons has 90 seconds left.
|
|t:|1776188593
|move|p1a: Iron Valiant|Knock Off|p2a: Weezing
|-resisted|p2a: Weezing
|-damage|p2a: Weezing|78/100
|-enditem|p2a: Weezing|Black Sludge|[from] move: Knock Off|[of] p1a: Iron Valiant
|move|p2a: Weezing|Will-O-Wisp|p1a: Iron Valiant
|-status|p1a: Iron Valiant|brn
|
|-damage|p1a: Iron Valiant|76/100 brn|[from] brn
|upkeep
|turn|18
|
|t:|1776188597
|move|p1a: Iron Valiant|Encore|p2a: Weezing
|-start|p2a: Weezing|Encore
|move|p2a: Weezing|Will-O-Wisp|p1a: Iron Valiant
|-fail|p1a: Iron Valiant|brn
|
|-damage|p1a: Iron Valiant|69/100 brn|[from] brn
|upkeep
|turn|19
|
|t:|1776188603
|switch|p2a: Zapdos|Zapdos|100/100
|move|p1a: Iron Valiant|Swords Dance|p1a: Iron Valiant
|-boost|p1a: Iron Valiant|atk|2
|
|-damage|p1a: Iron Valiant|63/100 brn|[from] brn
|upkeep
|turn|20
|
|t:|1776188607
|move|p1a: Iron Valiant|Knock Off|p2a: Zapdos
|-damage|p2a: Zapdos|63/100
|-enditem|p2a: Zapdos|Heavy-Duty Boots|[from] move: Knock Off|[of] p1a: Iron Valiant
|move|p2a: Zapdos|Discharge|p1a: Iron Valiant
|-damage|p1a: Iron Valiant|3/100 brn
|
|-damage|p1a: Iron Valiant|0 fnt|[from] brn
|faint|p1a: Iron Valiant
|-end|p1a: Iron Valiant|Quark Drive|[silent]
|upkeep
|
|t:|1776188613
|switch|p1a: Glimmora|Glimmora, M|66/100
|turn|21
|inactive|kingofdondons has 120 seconds left.
|
|t:|1776188622
|switch|p2a: Ting-Lu|Ting-Lu|92/100
|-status|p2a: Ting-Lu|psn
|-ability|p2a: Ting-Lu|Vessel of Ruin
|move|p1a: Glimmora|Meteor Beam||[still]
|-prepare|p1a: Glimmora|Meteor Beam
|-boost|p1a: Glimmora|spa|1
|-enditem|p1a: Glimmora|Power Herb
|-anim|p1a: Glimmora|Meteor Beam|p2a: Ting-Lu
|-resisted|p2a: Ting-Lu
|-damage|p2a: Ting-Lu|71/100 psn
|
|-heal|p2a: Ting-Lu|77/100 psn|[from] item: Leftovers
|-damage|p2a: Ting-Lu|65/100 psn|[from] psn
|upkeep
|turn|22
|
|t:|1776188628
|switch|p1a: Dragonite|Dragonite, F|100/100
|move|p2a: Ting-Lu|Ruination|p1a: Dragonite
|-damage|p1a: Dragonite|51/100
|
|-heal|p2a: Ting-Lu|71/100 psn|[from] item: Leftovers
|-damage|p2a: Ting-Lu|59/100 psn|[from] psn
|upkeep
|turn|23
|
|t:|1776188632
|move|p1a: Dragonite|Earthquake|p2a: Ting-Lu
|-damage|p2a: Ting-Lu|39/100 psn
|move|p2a: Ting-Lu|Whirlwind|p1a: Dragonite
|drag|p1a: Glimmora|Glimmora, M|66/100
|
|-heal|p2a: Ting-Lu|45/100 psn|[from] item: Leftovers
|-damage|p2a: Ting-Lu|33/100 psn|[from] psn
|upkeep
|turn|24
|
|t:|1776188648
|move|p1a: Glimmora|Toxic Spikes|p2a: Ting-Lu
|-sidestart|p2: RogueBoi|move: Toxic Spikes
|move|p2a: Ting-Lu|Earthquake|p1a: Glimmora
|-supereffective|p1a: Glimmora
|-damage|p1a: Glimmora|0 fnt
|faint|p1a: Glimmora
|
|-heal|p2a: Ting-Lu|39/100 psn|[from] item: Leftovers
|-damage|p2a: Ting-Lu|27/100 psn|[from] psn
|upkeep
|
|t:|1776188650
|switch|p1a: Dragonite|Dragonite, F|51/100
|turn|25
|
|t:|1776188663
|move|p1a: Dragonite|Dragon Dance|p1a: Dragonite
|-boost|p1a: Dragonite|atk|1
|-boost|p1a: Dragonite|spe|1
|move|p2a: Ting-Lu|Ruination|p1a: Dragonite
|-damage|p1a: Dragonite|26/100
|
|-heal|p2a: Ting-Lu|33/100 psn|[from] item: Leftovers
|-damage|p2a: Ting-Lu|20/100 psn|[from] psn
|upkeep
|turn|26
|
|t:|1776188669
|switch|p2a: Gholdengo|Gholdengo|94/100
|move|p1a: Dragonite|Dragon Dance|p1a: Dragonite
|-boost|p1a: Dragonite|atk|1
|-boost|p1a: Dragonite|spe|1
|
|upkeep
|turn|27
|
|t:|1776188687
|-terastallize|p2a: Gholdengo|Ghost
|move|p1a: Dragonite|Earthquake|p2a: Gholdengo
|-damage|p2a: Gholdengo|0 fnt
|faint|p2a: Gholdengo
|
|upkeep
|
|t:|1776188695
|switch|p2a: Kyurem|Kyurem, shiny|100/100
|-status|p2a: Kyurem|tox
|-ability|p2a: Kyurem|Pressure
|turn|28
|
|t:|1776188700
|-terastallize|p1a: Dragonite|Flying
|move|p1a: Dragonite|Tera Blast|p2a: Kyurem|[anim] Tera Blast Flying
|-damage|p2a: Kyurem|0 fnt
|faint|p2a: Kyurem
|
|upkeep
|
|t:|1776188707
|switch|p2a: Weezing|Weezing-Galar, M|78/100
|turn|29
|
|t:|1776188719
|move|p1a: Dragonite|Tera Blast|p2a: Weezing|[anim] Tera Blast Flying
|-damage|p2a: Weezing|0 fnt
|faint|p2a: Weezing
|
|upkeep
|
|t:|1776188723
|switch|p2a: Zapdos|Zapdos|63/100
|turn|30
|
|t:|1776188749
|move|p1a: Dragonite|Tera Blast|p2a: Zapdos|[anim] Tera Blast Flying
|-resisted|p2a: Zapdos
|-damage|p2a: Zapdos|21/100
|move|p2a: Zapdos|Discharge|p1a: Dragonite
|-supereffective|p1a: Dragonite
|-damage|p1a: Dragonite|0 fnt
|faint|p1a: Dragonite
|
|win|RogueBoi
|raw|kingofdondons's rating: 1544 &rarr; <strong>1528</strong><br />(-16 for losing)
|raw|RogueBoi's rating: 1611 &rarr; <strong>1627</strong><br />(+16 for winning)
|l|☆kingofdondons
|player|p1|
