|html|<div class="broadcast-blue"><strong>[Gen 9] OU is currently suspecting Tera Blast! For information on how to participate check out the <a href="https://www.smogon.com/tools/suspects/view/200">suspect thread</a>.</strong></div>
|j|☆jibreel69
|j|☆bobbybobby123
|t:|1776130096
|gametype|singles
|player|p1|jibreel69|266|1498
|player|p2|bobbybobby123|266|1509
|gen|9
|tier|[Gen 9] OU
|rated|
|rule|HP Percentage Mod: HP is shown in percentages
|rule|Endless Battle Clause: Forcing endless battles is banned
|rule|Species Clause: Limit one of each Pokémon
|rule|OHKO Clause: OHKO moves are banned
|rule|Evasion Items Clause: Evasion items are banned
|rule|Evasion Moves Clause: Evasion moves are banned
|rule|Evasion Abilities Clause: Evasion abilities are banned
|rule|Sleep Moves Clause: Sleep-inducing moves are banned
|clearpoke
|poke|p1|Deoxys-Speed|
|poke|p1|Iron Valiant|
|poke|p1|Ogerpon-Wellspring, F|
|poke|p1|Ting-Lu|
|poke|p1|Iron Moth|
|poke|p1|Kingambit, M|
|poke|p2|Great Tusk|
|poke|p2|Rillaboom, M|
|poke|p2|Slowking-Galar, M|
|poke|p2|Frosmoth, M|
|poke|p2|Deoxys-Speed|
|poke|p2|Kyurem|
|teampreview
|inactive|Battle timer is ON: inactive players will automatically lose when time's up. (requested by bobbybobby123)
|
|t:|1776130112
|teamsize|p1|6
|teamsize|p2|6
|start
|switch|p1a: two words|Iron Moth|100/100
|switch|p2a: Deoxys|Deoxys-Speed|100/100
|-ability|p2a: Deoxys|Pressure
|-enditem|p1a: two words|Booster Energy
|-activate|p1a: two words|ability: Quark Drive|[fromitem]
|-start|p1a: two words|quarkdrivespe
|turn|1
|
|t:|1776130130
|move|p1a: two words|Light Screen|p1a: two words
|-sidestart|p1: jibreel69|move: Light Screen
|move|p2a: Deoxys|Light Screen|p2a: Deoxys
|-sidestart|p2: bobbybobby123|move: Light Screen
|
|upkeep
|turn|2
|
|t:|1776130157
|switch|p2a: Rillaboom|Rillaboom, M, shiny|100/100
|-fieldstart|move: Grassy Terrain|[from] ability: Grassy Surge|[of] p2a: Rillaboom
|move|p1a: two words|Fiery Dance|p2a: Rillaboom
|-supereffective|p2a: Rillaboom
|-damage|p2a: Rillaboom|58/100
|-boost|p1a: two words|spa|1
|
|-heal|p2a: Rillaboom|64/100|[from] Grassy Terrain
|upkeep
|turn|3
|
|t:|1776130165
|switch|p2a: Slowking|Slowking-Galar, M, shiny|100/100
|move|p1a: two words|Fiery Dance|p2a: Slowking
|-damage|p2a: Slowking|77/100
|
|-heal|p2a: Slowking|83/100|[from] Grassy Terrain
|upkeep
|turn|4
|
|t:|1776130170
|move|p1a: two words|Toxic Spikes|p2a: Slowking
|-sidestart|p2: bobbybobby123|move: Toxic Spikes
|-prepare|p2a: Slowking|Chilly Reception|[premajor]
|move|p2a: Slowking|Chilly Reception|p2a: Slowking
|-weather|Snowscape
|
|t:|1776130176
|switch|p2a: Great Tusk|Great Tusk, shiny|100/100|[from] Chilly Reception
|-status|p2a: Great Tusk|psn
|-enditem|p2a: Great Tusk|Booster Energy
|-activate|p2a: Great Tusk|ability: Protosynthesis|[fromitem]
|-start|p2a: Great Tusk|protosynthesisatk
|
|-weather|Snowscape|[upkeep]
|-damage|p2a: Great Tusk|88/100 psn|[from] psn
|upkeep
|turn|5
|
|t:|1776130190
|-terastallize|p1a: two words|Ghost
|move|p1a: two words|Fiery Dance|p2a: Great Tusk
|-damage|p2a: Great Tusk|45/100 psn
|move|p2a: Great Tusk|Rapid Spin|p1a: two words
|-immune|p1a: two words
|
|-weather|Snowscape|[upkeep]
|-heal|p2a: Great Tusk|51/100 psn|[from] Grassy Terrain
|-damage|p2a: Great Tusk|39/100 psn|[from] psn
|-sideend|p1: jibreel69|move: Light Screen
|upkeep
|turn|6
|
|t:|1776130196
|move|p1a: two words|Fiery Dance|p2a: Great Tusk
|-damage|p2a: Great Tusk|0 fnt
|faint|p2a: Great Tusk
|-end|p2a: Great Tusk|Protosynthesis|[silent]
|
|-weather|Snowscape|[upkeep]
|upkeep
|
|t:|1776130202
|switch|p2a: Slowking|Slowking-Galar, M, shiny|100/100
|-sideend|p2: bobbybobby123|move: Toxic Spikes|[of] p2a: Slowking
|turn|7
|
|t:|1776130207
|switch|p2a: Frosmoth|Frosmoth, M, shiny|100/100
|-enditem|p2a: Frosmoth|Grassy Seed
|-boost|p2a: Frosmoth|def|1|[from] item: Grassy Seed
|move|p1a: two words|Toxic Spikes|p2a: Frosmoth
|-sidestart|p2: bobbybobby123|move: Toxic Spikes
|
|-weather|Snowscape|[upkeep]
|upkeep
|turn|8
|
|t:|1776130214
|move|p1a: two words|Fiery Dance|p2a: Frosmoth
|-supereffective|p2a: Frosmoth
|-damage|p2a: Frosmoth|31/100
|-boost|p1a: two words|spa|1
|move|p2a: Frosmoth|Quiver Dance|p2a: Frosmoth
|-boost|p2a: Frosmoth|spa|1
|-boost|p2a: Frosmoth|spd|1
|-boost|p2a: Frosmoth|spe|1
|
|-weather|Snowscape|[upkeep]
|-heal|p2a: Frosmoth|37/100|[from] Grassy Terrain
|-sideend|p2: bobbybobby123|move: Light Screen
|upkeep
|turn|9
|
|t:|1776130221
|-terastallize|p2a: Frosmoth|Electric
|move|p1a: two words|Fiery Dance|p2a: Frosmoth
|-damage|p2a: Frosmoth|10/100
|-boost|p1a: two words|spa|1
|move|p2a: Frosmoth|Quiver Dance|p2a: Frosmoth
|-boost|p2a: Frosmoth|spa|1
|-boost|p2a: Frosmoth|spd|1
|-boost|p2a: Frosmoth|spe|1
|
|-weather|Snowscape|[upkeep]
|-heal|p2a: Frosmoth|16/100|[from] Grassy Terrain
|-fieldend|move: Grassy Terrain
|upkeep
|turn|10
|
|t:|1776130227
|move|p1a: two words|Fiery Dance|p2a: Frosmoth
|-damage|p2a: Frosmoth|0 fnt
|-boost|p1a: two words|spa|1
|faint|p2a: Frosmoth
|
|-weather|Snowscape|[upkeep]
|upkeep
|c|☆bobbybobby123|I forgot to tera 😭 how stupid
|-message|bobbybobby123 forfeited.
|
|win|jibreel69
|raw|jibreel69's rating: 1498 &rarr; <strong>1519</strong><br />(+21 for winning)
|raw|bobbybobby123's rating: 1509 &rarr; <strong>1488</strong><br />(-21 for losing)
