|html|<div class="broadcast-blue"><strong>[Gen 9] OU is currently suspecting Tera Blast! For information on how to participate check out the <a href="https://www.smogon.com/tools/suspects/view/200">suspect thread</a>.</strong></div>
|j|☆tbrantl99
|j|☆magistermilitum420
|t:|1776304639
|gametype|singles
|player|p1|tbrantl99|266|1286
|player|p2|magistermilitum420|blue|1295
|gen|9
|tier|[Gen 9] OU
|rated|
|rule|HP Percentage Mod: HP is shown in percentages
|rule|Endless Battle Clause: Forcing endless battles is banned
|rule|Species Clause: Limit one of each Pokémon
|rule|OHKO Clause: OHKO moves are banned
|rule|Evasion Items Clause: Evasion items are banned
|rule|Evasion Moves Clause: Evasion moves are banned
|rule|Evasion Abilities Clause: Evasion abilities are banned
|rule|Sleep Moves Clause: Sleep-inducing moves are banned
|clearpoke
|poke|p1|Ninetales, M|
|poke|p1|Blaziken, M|
|poke|p1|Walking Wake|
|poke|p1|Whimsicott, M|
|poke|p1|Great Tusk|
|poke|p1|Iron Moth|
|poke|p2|Meowscarada, F|
|poke|p2|Great Tusk|
|poke|p2|Alomomola, M|
|poke|p2|Slowking-Galar, M|
|poke|p2|Iron Valiant|
|poke|p2|Heatran, F|
|teampreview
|
|t:|1776304650
|teamsize|p1|6
|teamsize|p2|6
|start
|switch|p1a: Dubya|Walking Wake|100/100
|switch|p2a: Vulcanus|Heatran, F, shiny|100/100
|turn|1
|
|t:|1776304660
|switch|p2a: Mithridates|Slowking-Galar, M|100/100
|move|p1a: Dubya|Knock Off|p2a: Mithridates
|-supereffective|p2a: Mithridates
|-damage|p2a: Mithridates|68/100
|-enditem|p2a: Mithridates|Assault Vest|[from] move: Knock Off|[of] p1a: Dubya
|
|upkeep
|turn|2
|
|t:|1776304680
|move|p1a: Dubya|Draco Meteor|p2a: Mithridates
|-damage|p2a: Mithridates|25/100
|-unboost|p1a: Dubya|spa|2
|move|p2a: Mithridates|Sludge Bomb|p1a: Dubya
|-damage|p1a: Dubya|74/100
|-status|p1a: Dubya|psn
|
|-damage|p1a: Dubya|61/100 psn|[from] psn
|upkeep
|turn|3
|
|t:|1776304708
|switch|p2a: Mahad|Meowscarada, F, shiny|100/100
|move|p1a: Dubya|Draco Meteor|p2a: Mahad
|-damage|p2a: Mahad|57/100
|-unboost|p1a: Dubya|spa|2
|
|-damage|p1a: Dubya|49/100 psn|[from] psn
|upkeep
|turn|4
|
|t:|1776304742
|-end|p1a: Dubya|Protosynthesis|[silent]
|switch|p1a: Address Me|Great Tusk|100/100
|move|p2a: Mahad|Knock Off|p1a: Address Me
|-start|p2a: Mahad|typechange|Dark|[from] ability: Protean
|-resisted|p1a: Address Me
|-damage|p1a: Address Me|87/100
|-damage|p2a: Mahad|40/100|[from] item: Rocky Helmet|[of] p1a: Address Me
|-enditem|p1a: Address Me|Rocky Helmet|[from] move: Knock Off|[of] p2a: Mahad
|
|upkeep
|turn|5
|
|t:|1776304754
|switch|p2a: Barca|Great Tusk|100/100
|move|p1a: Address Me|Stealth Rock|p2a: Barca
|-sidestart|p2: magistermilitum420|move: Stealth Rock
|
|upkeep
|turn|6
|
|t:|1776304764
|move|p1a: Address Me|Ice Spinner|p2a: Barca
|-supereffective|p2a: Barca
|-damage|p2a: Barca|79/100
|move|p2a: Barca|Rapid Spin|p1a: Address Me
|-damage|p1a: Address Me|77/100
|-boost|p2a: Barca|spe|1
|-sideend|p2: magistermilitum420|Stealth Rock|[from] move: Rapid Spin|[of] p2a: Barca
|
|-heal|p2a: Barca|86/100|[from] item: Leftovers
|upkeep
|turn|7
|
|t:|1776304782
|move|p2a: Barca|Stealth Rock|p1a: Address Me
|-sidestart|p1: tbrantl99|move: Stealth Rock
|move|p1a: Address Me|Ice Spinner|p2a: Barca
|-supereffective|p2a: Barca
|-damage|p2a: Barca|63/100
|
|-heal|p2a: Barca|70/100|[from] item: Leftovers
|upkeep
|turn|8
|
|t:|1776304789
|move|p2a: Barca|Earthquake|p1a: Address Me
|-damage|p1a: Address Me|50/100
|move|p1a: Address Me|Rapid Spin|p2a: Barca
|-damage|p2a: Barca|63/100
|-boost|p1a: Address Me|spe|1
|-sideend|p1: tbrantl99|Stealth Rock|[from] move: Rapid Spin|[of] p1a: Address Me
|
|-heal|p2a: Barca|69/100|[from] item: Leftovers
|upkeep
|turn|9
|
|t:|1776304800
|-end|p1a: Address Me|Protosynthesis|[silent]
|switch|p1a: borutodad|Ninetales, M|100/100
|-weather|SunnyDay|[from] ability: Drought|[of] p1a: borutodad
|-activate|p2a: Barca|ability: Protosynthesis
|-start|p2a: Barca|protosynthesisdef
|move|p2a: Barca|Earthquake|p1a: borutodad
|-supereffective|p1a: borutodad
|-damage|p1a: borutodad|0 fnt
|faint|p1a: borutodad
|
|-weather|SunnyDay|[upkeep]
|-heal|p2a: Barca|76/100|[from] item: Leftovers
|upkeep
|
|t:|1776304813
|switch|p1a: Kokushibo|Iron Moth|100/100
|-enditem|p1a: Kokushibo|Booster Energy
|-activate|p1a: Kokushibo|ability: Quark Drive|[fromitem]
|-start|p1a: Kokushibo|quarkdrivespe
|turn|10
|
|t:|1776304821
|-end|p2a: Barca|Protosynthesis|[silent]
|switch|p2a: Vulcanus|Heatran, F, shiny|100/100
|move|p1a: Kokushibo|Solar Beam||[still]
|-prepare|p1a: Kokushibo|Solar Beam
|-anim|p1a: Kokushibo|Solar Beam|p2a: Vulcanus
|-resisted|p2a: Vulcanus
|-damage|p2a: Vulcanus|91/100
|
|-weather|SunnyDay|[upkeep]
|upkeep
|turn|11
|
|t:|1776304837
|-end|p1a: Kokushibo|Quark Drive|[silent]
|switch|p1a: Dubya|Walking Wake|49/100 psn
|-activate|p1a: Dubya|ability: Protosynthesis
|-start|p1a: Dubya|protosynthesisspe
|move|p2a: Vulcanus|Overheat|p1a: Dubya
|-resisted|p1a: Dubya
|-damage|p1a: Dubya|23/100 psn
|-unboost|p2a: Vulcanus|spa|2
|
|-weather|SunnyDay|[upkeep]
|-damage|p1a: Dubya|11/100 psn|[from] psn
|upkeep
|turn|12
|
|t:|1776304849
|switch|p2a: Mithridates|Slowking-Galar, M|58/100
|move|p1a: Dubya|Knock Off|p2a: Mithridates
|-supereffective|p2a: Mithridates
|-damage|p2a: Mithridates|36/100
|
|-weather|SunnyDay|[upkeep]
|-damage|p1a: Dubya|0 fnt|[from] psn
|faint|p1a: Dubya
|-end|p1a: Dubya|Protosynthesis|[silent]
|upkeep
|
|t:|1776304867
|switch|p1a: Treevis Scott|Whimsicott, M|100/100
|turn|13
|
|t:|1776304872
|move|p1a: Treevis Scott|Shadow Ball|p2a: Mithridates
|-supereffective|p2a: Mithridates
|-damage|p2a: Mithridates|0 fnt
|faint|p2a: Mithridates
|-damage|p1a: Treevis Scott|91/100|[from] item: Life Orb
|
|-weather|SunnyDay|[upkeep]
|upkeep
|
|t:|1776304880
|switch|p2a: Vulcanus|Heatran, F, shiny|91/100
|turn|14
|
|t:|1776304890
|-terastallize|p1a: Treevis Scott|Ghost
|move|p1a: Treevis Scott|Shadow Ball|p2a: Vulcanus
|-damage|p2a: Vulcanus|45/100
|-damage|p1a: Treevis Scott|81/100|[from] item: Life Orb
|move|p2a: Vulcanus|Earth Power|p1a: Treevis Scott
|-damage|p1a: Treevis Scott|12/100
|
|-weather|SunnyDay|[upkeep]
|upkeep
|turn|15
|
|t:|1776304913
|switch|p2a: Mahad|Meowscarada, F, shiny|40/100
|move|p1a: Treevis Scott|Shadow Ball|p2a: Mahad
|-resisted|p2a: Mahad
|-damage|p2a: Mahad|7/100
|-damage|p1a: Treevis Scott|2/100|[from] item: Life Orb
|
|-weather|SunnyDay|[upkeep]
|upkeep
|turn|16
|
|t:|1776304930
|move|p2a: Mahad|U-turn|p1a: Treevis Scott
|-start|p2a: Mahad|typechange|Bug|[from] ability: Protean
|-resisted|p1a: Treevis Scott
|-damage|p1a: Treevis Scott|0 fnt
|faint|p1a: Treevis Scott
|
|t:|1776304937
|switch|p2a: Barca|Great Tusk|76/100|[from] U-turn
|-activate|p2a: Barca|ability: Protosynthesis
|-start|p2a: Barca|protosynthesisdef
|
|-weather|none
|-end|p2a: Barca|Protosynthesis
|-heal|p2a: Barca|82/100|[from] item: Leftovers
|upkeep
|
|t:|1776304945
|switch|p1a: kenshiro|Blaziken, M|100/100
|turn|17
|
|t:|1776304957
|move|p1a: kenshiro|Protect|p1a: kenshiro
|-singleturn|p1a: kenshiro|Protect
|move|p2a: Barca|Earthquake|p1a: kenshiro
|-activate|p1a: kenshiro|move: Protect
|
|-heal|p2a: Barca|88/100|[from] item: Leftovers
|-ability|p1a: kenshiro|Speed Boost|boost
|-boost|p1a: kenshiro|spe|1
|upkeep
|turn|18
|
|t:|1776304966
|move|p1a: kenshiro|Swords Dance|p1a: kenshiro
|-boost|p1a: kenshiro|atk|2
|move|p2a: Barca|Earthquake|p1a: kenshiro
|-supereffective|p1a: kenshiro
|-damage|p1a: kenshiro|0 fnt
|faint|p1a: kenshiro
|
|-heal|p2a: Barca|94/100|[from] item: Leftovers
|upkeep
|
|t:|1776304974
|switch|p1a: Kokushibo|Iron Moth|100/100
|turn|19
|
|t:|1776304982
|-end|p2a: Barca|Protosynthesis|[silent]
|switch|p2a: Vulcanus|Heatran, F, shiny|45/100
|move|p1a: Kokushibo|Fiery Dance|p2a: Vulcanus
|-start|p2a: Vulcanus|ability: Flash Fire
|
|upkeep
|turn|20
|-message|tbrantl99 forfeited.
|
|win|magistermilitum420
|raw|tbrantl99's rating: 1286 &rarr; <strong>1262</strong><br />(-24 for losing)
|raw|magistermilitum420's rating: 1295 &rarr; <strong>1319</strong><br />(+24 for winning)
|l|☆tbrantl99
|player|p1|
