|html|<div class="broadcast-blue"><strong>[Gen 9] OU is currently suspecting Tera Blast! For information on how to participate check out the <a href="https://www.smogon.com/tools/suspects/view/200">suspect thread</a>.</strong></div>
|j|☆ShreeRadhe
|j|☆SpeedStallica
|t:|1776082121
|gametype|singles
|player|p1|ShreeRadhe|101|1121
|player|p2|SpeedStallica|hugh|1176
|gen|9
|tier|[Gen 9] OU
|rated|
|rule|HP Percentage Mod: HP is shown in percentages
|rule|Endless Battle Clause: Forcing endless battles is banned
|rule|Species Clause: Limit one of each Pokémon
|rule|OHKO Clause: OHKO moves are banned
|rule|Evasion Items Clause: Evasion items are banned
|rule|Evasion Moves Clause: Evasion moves are banned
|rule|Evasion Abilities Clause: Evasion abilities are banned
|rule|Sleep Moves Clause: Sleep-inducing moves are banned
|clearpoke
|poke|p1|Great Tusk|
|poke|p1|Garganacl, M|
|poke|p1|Dragapult, M|
|poke|p1|Slowking-Galar, F|
|poke|p1|Meowscarada, M|
|poke|p1|Alomomola, F|
|poke|p2|Kingambit, F|
|poke|p2|Dragapult, M|
|poke|p2|Samurott-Hisui, F|
|poke|p2|Zamazenta-*|
|poke|p2|Enamorus, F|
|poke|p2|Iron Treads|
|teampreview
|inactive|Battle timer is ON: inactive players will automatically lose when time's up. (requested by SpeedStallica)
|inactive|SpeedStallica has 120 seconds left.
|
|t:|1776082155
|teamsize|p1|6
|teamsize|p2|6
|start
|switch|p1a: Great Tusk|Great Tusk|100/100
|switch|p2a: Samurott|Samurott-Hisui, F, shiny|100/100
|turn|1
|c|☆SpeedStallica|,
|l|☆SpeedStallica
|inactive|SpeedStallica disconnected and has a minute to reconnect!
|player|p2|
|j|☆SpeedStallica
|inactive|SpeedStallica reconnected and has 120 seconds left.
|player|p2|SpeedStallica|hugh|
|
|t:|1776082190
|move|p1a: Great Tusk|Close Combat|p2a: Samurott
|-supereffective|p2a: Samurott
|-enditem|p2a: Samurott|Focus Sash
|-damage|p2a: Samurott|1/100
|-unboost|p1a: Great Tusk|def|1
|-unboost|p1a: Great Tusk|spd|1
|move|p2a: Samurott|Razor Shell|p1a: Great Tusk
|-supereffective|p1a: Great Tusk
|-damage|p1a: Great Tusk|0 fnt
|faint|p1a: Great Tusk
|-end|p1a: Great Tusk|Protosynthesis|[silent]
|
|upkeep
|inactive|ShreeRadhe has 120 seconds left.
|c|☆SpeedStallica|,
|
|t:|1776082220
|switch|p1a: Meowscarada|Meowscarada, M, shiny|100/100
|turn|2
|
|t:|1776082225
|move|p2a: Samurott|Sucker Punch|p1a: Meowscarada
|-resisted|p1a: Meowscarada
|-damage|p1a: Meowscarada|76/100
|move|p1a: Meowscarada|U-turn|p2a: Samurott
|-start|p1a: Meowscarada|typechange|Bug|[from] ability: Protean
|-supereffective|p2a: Samurott
|-damage|p2a: Samurott|0 fnt
|faint|p2a: Samurott
|
|t:|1776082236
|switch|p1a: Dragapult|Dragapult, M, shiny|100/100|[from] U-turn
|
|upkeep
|
|t:|1776082249
|switch|p2a: Enamorus|Enamorus, F|100/100
|turn|3
|
|t:|1776082260
|-terastallize|p1a: Dragapult|Ghost
|move|p1a: Dragapult|Tera Blast|p2a: Enamorus|[anim] Tera Blast Ghost
|-enditem|p2a: Enamorus|Focus Sash
|-damage|p2a: Enamorus|1/100
|move|p2a: Enamorus|Moonblast|p1a: Dragapult
|-damage|p1a: Dragapult|19/100
|
|upkeep
|turn|4
|
|t:|1776082270
|move|p1a: Dragapult|Tera Blast|p2a: Enamorus|[anim] Tera Blast Ghost
|-damage|p2a: Enamorus|0 fnt
|faint|p2a: Enamorus
|
|upkeep
|
|t:|1776082274
|switch|p2a: Dragapult|Dragapult, M, shiny|100/100
|turn|5
|
|t:|1776082285
|switch|p1a: Slowking|Slowking-Galar, F, shiny|100/100
|move|p2a: Dragapult|Sucker Punch||[still]
|-fail|p2a: Dragapult
|
|upkeep
|turn|6
|
|t:|1776082295
|move|p2a: Dragapult|Sucker Punch||[still]
|-fail|p2a: Dragapult
|-prepare|p1a: Slowking|Chilly Reception|[premajor]
|move|p1a: Slowking|Chilly Reception|p1a: Slowking
|-weather|Snowscape
|
|t:|1776082303
|switch|p1a: Meowscarada|Meowscarada, M, shiny|76/100|[from] Chilly Reception
|
|-weather|Snowscape|[upkeep]
|upkeep
|turn|7
|c|☆SpeedStallica|You didnt scald?
|
|t:|1776082323
|switch|p2a: Zamazenta|Zamazenta, shiny|100/100
|-ability|p2a: Zamazenta|Dauntless Shield|boost
|-boost|p2a: Zamazenta|def|1
|move|p1a: Meowscarada|Knock Off|p2a: Zamazenta
|-start|p1a: Meowscarada|typechange|Dark|[from] ability: Protean
|-resisted|p2a: Zamazenta
|-damage|p2a: Zamazenta|92/100
|-enditem|p2a: Zamazenta|Leftovers|[from] move: Knock Off|[of] p1a: Meowscarada
|
|-weather|Snowscape|[upkeep]
|upkeep
|turn|8
|
|t:|1776082340
|switch|p1a: Slowking|Slowking-Galar, F, shiny|100/100
|move|p2a: Zamazenta|Iron Defense|p2a: Zamazenta
|-boost|p2a: Zamazenta|def|2
|
|-weather|Snowscape|[upkeep]
|upkeep
|turn|9
|
|t:|1776082347
|move|p2a: Zamazenta|Iron Defense|p2a: Zamazenta
|-boost|p2a: Zamazenta|def|2
|move|p1a: Slowking|Toxic|p2a: Zamazenta
|-status|p2a: Zamazenta|tox
|
|-weather|Snowscape|[upkeep]
|-damage|p2a: Zamazenta|86/100 tox|[from] psn
|upkeep
|turn|10
|
|t:|1776082356
|move|p1a: Slowking|Psychic Noise|p2a: Zamazenta
|-supereffective|p2a: Zamazenta
|-damage|p2a: Zamazenta|41/100 tox
|-start|p2a: Zamazenta|move: Heal Block
|move|p2a: Zamazenta|Roar|p1a: Slowking
|drag|p1a: Meowscarada|Meowscarada, M, shiny|76/100
|
|-weather|none
|-damage|p2a: Zamazenta|29/100 tox|[from] psn
|upkeep
|turn|11
|inactive|ShreeRadhe has 120 seconds left.
|
|t:|1776082397
|move|p1a: Meowscarada|U-turn|p2a: Zamazenta
|-start|p1a: Meowscarada|typechange|Bug|[from] ability: Protean
|-resisted|p2a: Zamazenta
|-damage|p2a: Zamazenta|26/100 tox
|
|t:|1776082405
|switch|p1a: Slowking|Slowking-Galar, F, shiny|100/100|[from] U-turn
|move|p2a: Zamazenta|Body Press|p1a: Slowking
|-resisted|p1a: Slowking
|-damage|p1a: Slowking|63/100
|
|-damage|p2a: Zamazenta|7/100 tox|[from] psn
|-end|p2a: Zamazenta|move: Heal Block
|upkeep
|turn|12
|
|t:|1776082418
|move|p2a: Zamazenta|Body Press|p1a: Slowking
|-resisted|p1a: Slowking
|-damage|p1a: Slowking|26/100
|-prepare|p1a: Slowking|Chilly Reception|[premajor]
|move|p1a: Slowking|Chilly Reception|p1a: Slowking
|-weather|Snowscape
|
|t:|1776082429
|switch|p1a: Meowscarada|Meowscarada, M, shiny|76/100|[from] Chilly Reception
|
|-weather|Snowscape|[upkeep]
|-damage|p2a: Zamazenta|0 fnt|[from] psn
|faint|p2a: Zamazenta
|upkeep
|
|t:|1776082446
|switch|p2a: Kingambit|Kingambit, F|100/100
|-activate|p2a: Kingambit|ability: Supreme Overlord
|-start|p2a: Kingambit|fallen3|[silent]
|turn|13
|
|t:|1776082472
|move|p1a: Meowscarada|U-turn|p2a: Kingambit
|-start|p1a: Meowscarada|typechange|Bug|[from] ability: Protean
|-damage|p2a: Kingambit|77/100
|
|t:|1776082477
|switch|p1a: Garganacl|Garganacl, M|100/100|[from] U-turn
|move|p2a: Kingambit|Swords Dance|p2a: Kingambit
|-boost|p2a: Kingambit|atk|2
|
|-weather|Snowscape|[upkeep]
|upkeep
|turn|14
|c|☆SpeedStallica|,
|
|t:|1776082486
|move|p2a: Kingambit|Iron Head|p1a: Garganacl
|-supereffective|p1a: Garganacl
|-damage|p1a: Garganacl|0 fnt
|faint|p1a: Garganacl
|
|-weather|Snowscape|[upkeep]
|upkeep
|
|t:|1776082499
|switch|p1a: Alomomola|Alomomola, F|100/100
|turn|15
|
|t:|1776082503
|-terastallize|p2a: Kingambit|Dark
|move|p1a: Alomomola|Scald|p2a: Kingambit
|-damage|p2a: Kingambit|66/100
|-status|p2a: Kingambit|brn
|move|p2a: Kingambit|Kowtow Cleave|p1a: Alomomola
|-damage|p1a: Alomomola|39/100
|
|-weather|Snowscape|[upkeep]
|-damage|p2a: Kingambit|60/100 brn|[from] brn
|upkeep
|turn|16
|inactive|ShreeRadhe has 120 seconds left.
|
|t:|1776082520
|move|p1a: Alomomola|Protect|p1a: Alomomola
|-singleturn|p1a: Alomomola|Protect
|move|p2a: Kingambit|Swords Dance|p2a: Kingambit
|-boost|p2a: Kingambit|atk|2
|
|-weather|none
|-damage|p2a: Kingambit|53/100 brn|[from] brn
|upkeep
|turn|17
|
|t:|1776082530
|switch|p1a: Dragapult|Dragapult, M, shiny, tera:Ghost|19/100
|move|p2a: Kingambit|Swords Dance|p2a: Kingambit
|-boost|p2a: Kingambit|atk|2
|
|-damage|p2a: Kingambit|47/100 brn|[from] brn
|upkeep
|turn|18
|inactive|ShreeRadhe has 120 seconds left.
|
|t:|1776082551
|move|p2a: Kingambit|Sucker Punch|p1a: Dragapult
|-supereffective|p1a: Dragapult
|-damage|p1a: Dragapult|0 fnt
|faint|p1a: Dragapult
|
|-damage|p2a: Kingambit|41/100 brn|[from] brn
|upkeep
|inactive|ShreeRadhe has 90 seconds left.
|
|t:|1776082573
|switch|p1a: Alomomola|Alomomola, F|72/100
|turn|19
|inactive|ShreeRadhe has 90 seconds left.
|
|t:|1776082595
|move|p1a: Alomomola|Wish|p1a: Alomomola
|move|p2a: Kingambit|Kowtow Cleave|p1a: Alomomola
|-damage|p1a: Alomomola|0 fnt
|faint|p1a: Alomomola
|
|-damage|p2a: Kingambit|35/100 brn|[from] brn
|upkeep
|c|☆SpeedStallica|,
|
|t:|1776082607
|switch|p1a: Meowscarada|Meowscarada, M, shiny|76/100
|turn|20
|
|t:|1776082614
|move|p2a: Kingambit|Sucker Punch|p1a: Meowscarada
|-resisted|p1a: Meowscarada
|-damage|p1a: Meowscarada|0 fnt
|faint|p1a: Meowscarada
|
|-damage|p2a: Kingambit|29/100 brn|[from] brn
|upkeep
|-message|ShreeRadhe forfeited.
|
|win|SpeedStallica
|raw|ShreeRadhe's rating: 1121 &rarr; <strong>1100</strong><br />(-21 for losing)
|raw|SpeedStallica's rating: 1176 &rarr; <strong>1197</strong><br />(+21 for winning)
|l|☆ShreeRadhe
|player|p1|
