|html|<div class="broadcast-blue"><strong>[Gen 9] OU is currently suspecting Tera Blast! For information on how to participate check out the <a href="https://www.smogon.com/tools/suspects/view/200">suspect thread</a>.</strong></div>
|j|☆beebeebaobao
|j|☆setroboomin
|t:|1776036337
|gametype|singles
|player|p1|beebeebaobao|twins-gen4dp|1438
|player|p2|setroboomin|volkner|1423
|gen|9
|tier|[Gen 9] OU
|rated|
|rule|HP Percentage Mod: HP is shown in percentages
|rule|Endless Battle Clause: Forcing endless battles is banned
|rule|Species Clause: Limit one of each Pokémon
|rule|OHKO Clause: OHKO moves are banned
|rule|Evasion Items Clause: Evasion items are banned
|rule|Evasion Moves Clause: Evasion moves are banned
|rule|Evasion Abilities Clause: Evasion abilities are banned
|rule|Sleep Moves Clause: Sleep-inducing moves are banned
|clearpoke
|poke|p1|Hydrapple, M|
|poke|p1|Quaquaval, F|
|poke|p1|Heatran, F|
|poke|p1|Kingambit, F|
|poke|p1|Iron Valiant|
|poke|p1|Dragapult, F|
|poke|p2|Enamorus, F|
|poke|p2|Meowscarada, F|
|poke|p2|Pecharunt|
|poke|p2|Hatterene, F|
|poke|p2|Iron Treads|
|poke|p2|Zamazenta-*|
|teampreview
|j| ohko_smeargle
|inactive|Battle timer is ON: inactive players will automatically lose when time's up. (requested by setroboomin)
|
|t:|1776036349
|teamsize|p1|6
|teamsize|p2|6
|start
|switch|p1a: Hydrapple|Hydrapple, M|100/100
|switch|p2a: Iron Treads|Iron Treads|100/100
|-enditem|p2a: Iron Treads|Booster Energy
|-activate|p2a: Iron Treads|ability: Quark Drive|[fromitem]
|-start|p2a: Iron Treads|quarkdrivespe
|turn|1
|
|t:|1776036356
|move|p2a: Iron Treads|Ice Spinner|p1a: Hydrapple
|-supereffective|p1a: Hydrapple
|-damage|p1a: Hydrapple|43/100
|-damage|p2a: Iron Treads|84/100|[from] item: Rocky Helmet|[of] p1a: Hydrapple
|move|p1a: Hydrapple|Earth Power|p2a: Iron Treads
|-supereffective|p2a: Iron Treads
|-damage|p2a: Iron Treads|15/100
|
|upkeep
|turn|2
|
|t:|1776036365
|move|p2a: Iron Treads|Ice Spinner|p1a: Hydrapple
|-supereffective|p1a: Hydrapple
|-damage|p1a: Hydrapple|0 fnt
|-damage|p2a: Iron Treads|0 fnt|[from] item: Rocky Helmet|[of] p1a: Hydrapple
|faint|p1a: Hydrapple
|faint|p2a: Iron Treads
|-end|p2a: Iron Treads|Quark Drive|[silent]
|
|upkeep
|
|t:|1776036374
|switch|p2a: Hatterene|Hatterene, F|100/100
|switch|p1a: Dragapult|Dragapult, F|100/100
|turn|3
|
|t:|1776036379
|move|p1a: Dragapult|U-turn|p2a: Hatterene
|-damage|p2a: Hatterene|79/100
|
|t:|1776036381
|switch|p1a: Heatran|Heatran, F|100/100|[from] U-turn
|-item|p1a: Heatran|Air Balloon
|move|p2a: Hatterene|Nuzzle|p1a: Heatran
|-damage|p1a: Heatran|97/100
|-status|p1a: Heatran|par
|-enditem|p1a: Heatran|Air Balloon
|
|upkeep
|turn|4
|
|t:|1776036391
|switch|p2a: Enamorus|Enamorus, F|100/100
|move|p1a: Heatran|Magma Storm|p2a: Enamorus
|-damage|p2a: Enamorus|42/100
|-activate|p2a: Enamorus|move: Magma Storm|[of] p1a: Heatran
|
|-damage|p2a: Enamorus|30/100|[from] move: Magma Storm|[partiallytrapped]
|upkeep
|turn|5
|
|t:|1776036401
|move|p2a: Enamorus|Earth Power|p1a: Heatran
|-supereffective|p1a: Heatran
|-damage|p1a: Heatran|5/100 par
|move|p1a: Heatran|Stealth Rock|p2a: Enamorus
|-sidestart|p2: setroboomin|move: Stealth Rock
|
|-damage|p2a: Enamorus|17/100|[from] move: Magma Storm|[partiallytrapped]
|upkeep
|turn|6
|c|☆setroboomin|4x weakness against a 405 spa
|
|t:|1776036418
|move|p2a: Enamorus|Earth Power|p1a: Heatran
|-supereffective|p1a: Heatran
|-damage|p1a: Heatran|0 fnt
|faint|p1a: Heatran
|
|-end|p2a: Enamorus|Magma Storm|[partiallytrapped]|[silent]
|upkeep
|
|t:|1776036422
|switch|p1a: Dragapult|Dragapult, F|100/100
|turn|7
|
|t:|1776036424
|move|p2a: Enamorus|Earth Power|p1a: Dragapult
|-damage|p1a: Dragapult|50/100
|move|p1a: Dragapult|Hex|p2a: Enamorus
|-damage|p2a: Enamorus|0 fnt
|faint|p2a: Enamorus
|
|upkeep
|
|t:|1776036430
|switch|p2a: Meowscarada|Meowscarada, F|100/100
|-damage|p2a: Meowscarada|88/100|[from] Stealth Rock
|turn|8
|
|t:|1776036440
|switch|p1a: Kingambit|Kingambit, F|100/100
|-activate|p1a: Kingambit|ability: Supreme Overlord
|-start|p1a: Kingambit|fallen2|[silent]
|switch|p2a: Hatterene|Hatterene, F|79/100
|-damage|p2a: Hatterene|67/100|[from] Stealth Rock
|
|upkeep
|turn|9
|inactive|beebeebaobao has 120 seconds left.
|
|t:|1776036471
|-end|p1a: Kingambit|fallen2|[silent]
|switch|p1a: Quaquaval|Quaquaval, F|100/100
|move|p2a: Hatterene|Nuzzle|p1a: Quaquaval
|-supereffective|p1a: Quaquaval
|-damage|p1a: Quaquaval|91/100
|-status|p1a: Quaquaval|par
|
|upkeep
|turn|10
|
|t:|1776036479
|move|p1a: Quaquaval|Aqua Step|p2a: Hatterene
|-damage|p2a: Hatterene|23/100
|-boost|p1a: Quaquaval|spe|1
|move|p2a: Hatterene|Psyshock|p1a: Quaquaval
|-supereffective|p1a: Quaquaval
|-damage|p1a: Quaquaval|0 fnt
|faint|p1a: Quaquaval
|
|upkeep
|
|t:|1776036487
|switch|p1a: Dragapult|Dragapult, F|50/100
|turn|11
|
|t:|1776036491
|move|p1a: Dragapult|Hex|p2a: Hatterene
|-supereffective|p2a: Hatterene
|-damage|p2a: Hatterene|0 fnt
|faint|p2a: Hatterene
|
|upkeep
|
|t:|1776036495
|switch|p2a: Zamazenta|Zamazenta|100/100
|-damage|p2a: Zamazenta|94/100|[from] Stealth Rock
|-ability|p2a: Zamazenta|Dauntless Shield|boost
|-boost|p2a: Zamazenta|def|1
|turn|12
|
|t:|1776036506
|move|p1a: Dragapult|Will-O-Wisp|p2a: Zamazenta
|-status|p2a: Zamazenta|brn
|move|p2a: Zamazenta|Body Press|p1a: Dragapult
|-immune|p1a: Dragapult
|
|-heal|p2a: Zamazenta|100/100 brn|[from] item: Leftovers
|-damage|p2a: Zamazenta|94/100 brn|[from] brn
|upkeep
|turn|13
|
|t:|1776036511
|move|p1a: Dragapult|Hex|p2a: Zamazenta
|-damage|p2a: Zamazenta|52/100 brn
|move|p2a: Zamazenta|Iron Defense|p2a: Zamazenta
|-boost|p2a: Zamazenta|def|2
|
|-heal|p2a: Zamazenta|58/100 brn|[from] item: Leftovers
|-damage|p2a: Zamazenta|52/100 brn|[from] brn
|upkeep
|turn|14
|
|t:|1776036516
|move|p1a: Dragapult|U-turn|p2a: Zamazenta
|-resisted|p2a: Zamazenta
|-damage|p2a: Zamazenta|49/100 brn
|
|t:|1776036518
|switch|p1a: Iron Valiant|Iron Valiant|100/100|[from] U-turn
|-enditem|p1a: Iron Valiant|Booster Energy
|-activate|p1a: Iron Valiant|ability: Quark Drive|[fromitem]
|-start|p1a: Iron Valiant|quarkdrivespe
|move|p2a: Zamazenta|Crunch|p1a: Iron Valiant
|-resisted|p1a: Iron Valiant
|-damage|p1a: Iron Valiant|97/100
|-unboost|p1a: Iron Valiant|def|1
|
|-heal|p2a: Zamazenta|55/100 brn|[from] item: Leftovers
|-damage|p2a: Zamazenta|49/100 brn|[from] brn
|upkeep
|turn|15
|
|t:|1776036525
|move|p1a: Iron Valiant|Moonblast|p2a: Zamazenta
|-supereffective|p2a: Zamazenta
|-damage|p2a: Zamazenta|0 fnt
|faint|p2a: Zamazenta
|
|upkeep
|
|t:|1776036528
|switch|p2a: Pecharunt|Pecharunt|100/100
|-damage|p2a: Pecharunt|88/100|[from] Stealth Rock
|-item|p2a: Pecharunt|Air Balloon
|turn|16
|
|t:|1776036539
|switch|p2a: Meowscarada|Meowscarada, F|88/100
|-damage|p2a: Meowscarada|76/100|[from] Stealth Rock
|move|p1a: Iron Valiant|Thunderbolt|p2a: Meowscarada
|-resisted|p2a: Meowscarada
|-crit|p2a: Meowscarada
|-damage|p2a: Meowscarada|41/100
|
|upkeep
|turn|17
|
|t:|1776036547
|move|p1a: Iron Valiant|Moonblast|p2a: Meowscarada
|-supereffective|p2a: Meowscarada
|-damage|p2a: Meowscarada|0 fnt
|faint|p2a: Meowscarada
|
|upkeep
|
|t:|1776036548
|switch|p2a: Pecharunt|Pecharunt|88/100
|-damage|p2a: Pecharunt|76/100|[from] Stealth Rock
|-item|p2a: Pecharunt|Air Balloon
|turn|18
|
|t:|1776036550
|move|p1a: Iron Valiant|Thunderbolt|p2a: Pecharunt
|-damage|p2a: Pecharunt|46/100
|-enditem|p2a: Pecharunt|Air Balloon
|move|p2a: Pecharunt|Malignant Chain|p1a: Iron Valiant
|-supereffective|p1a: Iron Valiant
|-damage|p1a: Iron Valiant|0 fnt
|faint|p1a: Iron Valiant
|-end|p1a: Iron Valiant|Quark Drive|[silent]
|
|upkeep
|
|t:|1776036556
|switch|p1a: Dragapult|Dragapult, F|50/100
|turn|19
|c|☆setroboomin|yeah bro don't switch from the pecharunt that can one shot you what are these players i'm against bro
|
|t:|1776036563
|move|p1a: Dragapult|Hex|p2a: Pecharunt
|-supereffective|p2a: Pecharunt
|-damage|p2a: Pecharunt|0 fnt
|faint|p2a: Pecharunt
|
|win|beebeebaobao
|raw|beebeebaobao's rating: 1438 &rarr; <strong>1457</strong><br />(+19 for winning)
|raw|setroboomin's rating: 1423 &rarr; <strong>1404</strong><br />(-19 for losing)
|l|☆setroboomin
|player|p2|
|l| ohko_smeargle
