|j|☆ihymyly
|j|☆FP.//06
|t:|1779704866
|gametype|singles
|player|p1|ihymyly|266|1593
|player|p2|FP.//06|lucas|1604
|gen|9
|tier|[Gen 9] OU
|rated|
|rule|HP Percentage Mod: HP is shown in percentages
|rule|Endless Battle Clause: Forcing endless battles is banned
|rule|Species Clause: Limit one of each Pokémon
|rule|OHKO Clause: OHKO moves are banned
|rule|Evasion Items Clause: Evasion items are banned
|rule|Evasion Moves Clause: Evasion moves are banned
|rule|Evasion Abilities Clause: Evasion abilities are banned
|rule|Sleep Moves Clause: Sleep-inducing moves are banned
|clearpoke
|poke|p1|Darkrai|
|poke|p1|Zapdos|
|poke|p1|Weavile, M|
|poke|p1|Samurott-Hisui, M|
|poke|p1|Great Tusk|
|poke|p1|Latios, M|
|poke|p2|Landorus-Therian, M|
|poke|p2|Glimmora, M|
|poke|p2|Zamazenta-*|
|poke|p2|Gholdengo|
|poke|p2|Kyurem|
|poke|p2|Kingambit, F|
|teampreview
|inactive|Battle timer is ON: inactive players will automatically lose when time's up. (requested by FP.//06)
|
|t:|1779704878
|teamsize|p1|6
|teamsize|p2|6
|start
|switch|p1a: Zapdos|Zapdos, shiny|100/100
|switch|p2a: Landorus|Landorus-Therian, M|100/100
|-ability|p2a: Landorus|Intimidate|boost
|-unboost|p1a: Zapdos|atk|1
|turn|1
|
|t:|1779704893
|move|p2a: Landorus|Stealth Rock|p1a: Zapdos
|-sidestart|p1: ihymyly|move: Stealth Rock
|move|p1a: Zapdos|Hurricane|p2a: Landorus
|-damage|p2a: Landorus|50/100
|-start|p2a: Landorus|confusion
|
|upkeep
|turn|2
|
|t:|1779704899
|switch|p2a: Glimmora|Glimmora, M|100/100
|move|p1a: Zapdos|Volt Switch|p2a: Glimmora
|-damage|p2a: Glimmora|61/100
|
|t:|1779704904
|switch|p1a: Great Tusk|Great Tusk|100/100|[from] Volt Switch
|
|upkeep
|turn|3
|
|t:|1779704916
|switch|p2a: Gholdengo|Gholdengo|100/100
|-item|p2a: Gholdengo|Air Balloon
|move|p1a: Great Tusk|Stealth Rock|p2a: Gholdengo
|-sidestart|p2: FP.//06|move: Stealth Rock
|
|upkeep
|turn|4
|
|t:|1779704936
|-end|p1a: Great Tusk|Protosynthesis|[silent]
|switch|p1a: Samurott|Samurott-Hisui, M|100/100
|-damage|p1a: Samurott|88/100|[from] Stealth Rock
|switch|p2a: Glimmora|Glimmora, M|61/100
|-damage|p2a: Glimmora|49/100|[from] Stealth Rock
|
|upkeep
|turn|5
|
|t:|1779704946
|move|p2a: Glimmora|Mortal Spin|p1a: Samurott
|-damage|p1a: Samurott|82/100
|-status|p1a: Samurott|psn
|-sideend|p2: FP.//06|Stealth Rock|[from] move: Mortal Spin|[of] p2a: Glimmora
|move|p1a: Samurott|Razor Shell|p2a: Glimmora
|-supereffective|p2a: Glimmora
|-damage|p2a: Glimmora|0 fnt
|-activate|p2a: Glimmora|ability: Toxic Debris
|-sidestart|p1: ihymyly|move: Toxic Spikes
|faint|p2a: Glimmora
|
|-damage|p1a: Samurott|70/100 psn|[from] psn
|upkeep
|
|t:|1779704950
|switch|p2a: Kyurem|Kyurem|100/100
|-ability|p2a: Kyurem|Pressure
|turn|6
|
|t:|1779704954
|move|p2a: Kyurem|Dragon Dance|p2a: Kyurem
|-boost|p2a: Kyurem|atk|1
|-boost|p2a: Kyurem|spe|1
|move|p1a: Samurott|Ceaseless Edge|p2a: Kyurem
|-damage|p2a: Kyurem|57/100
|-sidestart|p2: FP.//06|Spikes
|
|-damage|p1a: Samurott|58/100 psn|[from] psn
|upkeep
|turn|7
|
|t:|1779704966
|move|p1a: Samurott|Sucker Punch|p2a: Kyurem
|-damage|p2a: Kyurem|29/100
|move|p2a: Kyurem|Scale Shot|p1a: Samurott
|-damage|p1a: Samurott|36/100 psn
|-damage|p1a: Samurott|16/100 psn
|-damage|p1a: Samurott|0 fnt
|faint|p1a: Samurott
|-hitcount|p1: Samurott|3
|-unboost|p2a: Kyurem|def|1
|-boost|p2a: Kyurem|spe|1
|
|upkeep
|inactive|ihymyly has 120 seconds left.
|
|t:|1779704996
|switch|p1a: Mr. -ice Guy|Weavile, M|100/100
|-ability|p1a: Mr. -ice Guy|Pressure
|turn|8
|
|t:|1779705006
|switch|p2a: Zamazenta|Zamazenta|100/100
|-damage|p2a: Zamazenta|88/100|[from] Spikes
|-ability|p2a: Zamazenta|Dauntless Shield|boost
|-boost|p2a: Zamazenta|def|1
|-terastallize|p1a: Mr. -ice Guy|Ice
|move|p1a: Mr. -ice Guy|Ice Shard|p2a: Zamazenta
|-damage|p2a: Zamazenta|73/100
|
|-heal|p2a: Zamazenta|79/100|[from] item: Leftovers
|upkeep
|turn|9
|inactive|ihymyly has 120 seconds left.
|
|t:|1779705046
|switch|p2a: Kyurem|Kyurem|29/100
|-damage|p2a: Kyurem|17/100|[from] Spikes
|-ability|p2a: Kyurem|Pressure
|switch|p1a: Zapdos|Zapdos, shiny|100/100
|
|upkeep
|turn|10
|
|t:|1779705050
|switch|p1a: Mr. -ice Guy|Weavile, M, tera:Ice|100/100
|-ability|p1a: Mr. -ice Guy|Pressure
|move|p2a: Kyurem|Icicle Spear|p1a: Mr. -ice Guy
|-resisted|p1a: Mr. -ice Guy
|-damage|p1a: Mr. -ice Guy|90/100
|-resisted|p1a: Mr. -ice Guy
|-damage|p1a: Mr. -ice Guy|77/100
|-resisted|p1a: Mr. -ice Guy
|-damage|p1a: Mr. -ice Guy|66/100
|-resisted|p1a: Mr. -ice Guy
|-damage|p1a: Mr. -ice Guy|54/100
|-hitcount|p1a: Mr. -ice Guy|4
|
|upkeep
|turn|11
|
|t:|1779705063
|switch|p2a: Zamazenta|Zamazenta|79/100
|-damage|p2a: Zamazenta|67/100|[from] Spikes
|move|p1a: Mr. -ice Guy|Knock Off|p2a: Zamazenta
|-resisted|p2a: Zamazenta
|-damage|p2a: Zamazenta|46/100
|-enditem|p2a: Zamazenta|Leftovers|[from] move: Knock Off|[of] p1a: Mr. -ice Guy
|
|upkeep
|turn|12
|
|t:|1779705068
|switch|p1a: Zapdos|Zapdos, shiny|100/100
|move|p2a: Zamazenta|Body Press|p1a: Zapdos
|-resisted|p1a: Zapdos
|-damage|p1a: Zapdos|88/100
|
|upkeep
|turn|13
|
|t:|1779705077
|switch|p2a: Landorus|Landorus-Therian, M|50/100
|-ability|p2a: Landorus|Intimidate|boost
|-unboost|p1a: Zapdos|atk|1
|move|p1a: Zapdos|Volt Switch|p2a: Landorus
|-immune|p2a: Landorus
|
|upkeep
|turn|14
|
|t:|1779705081
|move|p2a: Landorus|U-turn|p1a: Zapdos
|-resisted|p1a: Zapdos
|-damage|p1a: Zapdos|81/100
|-status|p2a: Landorus|par|[from] ability: Static|[of] p1a: Zapdos
|
|t:|1779705084
|switch|p2a: Kyurem|Kyurem|17/100|[from] U-turn
|-damage|p2a: Kyurem|5/100|[from] Spikes
|-ability|p2a: Kyurem|Pressure
|move|p1a: Zapdos|Hurricane|p2a: Kyurem
|-damage|p2a: Kyurem|0 fnt
|faint|p2a: Kyurem
|
|upkeep
|
|t:|1779705090
|switch|p2a: Kingambit|Kingambit, F|100/100
|-damage|p2a: Kingambit|88/100|[from] Spikes
|-activate|p2a: Kingambit|ability: Supreme Overlord
|-start|p2a: Kingambit|fallen2|[silent]
|turn|15
|inactive|ihymyly has 120 seconds left.
|
|t:|1779705131
|move|p1a: Zapdos|Volt Switch|p2a: Kingambit
|-damage|p2a: Kingambit|60/100
|
|t:|1779705136
|switch|p1a: Great Tusk|Great Tusk|100/100|[from] Volt Switch
|move|p2a: Kingambit|Swords Dance|p2a: Kingambit
|-boost|p2a: Kingambit|atk|2
|
|-heal|p2a: Kingambit|66/100|[from] item: Leftovers
|upkeep
|turn|16
|inactive|ihymyly has 120 seconds left.
|
|t:|1779705144
|-terastallize|p2a: Kingambit|Ghost
|move|p1a: Great Tusk|Headlong Rush|p2a: Kingambit
|-damage|p2a: Kingambit|26/100
|-unboost|p1a: Great Tusk|def|1
|-unboost|p1a: Great Tusk|spd|1
|move|p2a: Kingambit|Iron Head|p1a: Great Tusk
|-damage|p1a: Great Tusk|2/100
|
|-heal|p2a: Kingambit|32/100|[from] item: Leftovers
|upkeep
|turn|17
|inactive|ihymyly has 120 seconds left.
|
|t:|1779705169
|move|p2a: Kingambit|Sucker Punch||[still]
|-fail|p2a: Kingambit
|move|p1a: Great Tusk|Stealth Rock|p2a: Kingambit
|-sidestart|p2: FP.//06|move: Stealth Rock
|
|-heal|p2a: Kingambit|38/100|[from] item: Leftovers
|upkeep
|turn|18
|inactive|ihymyly has 120 seconds left.
|
|t:|1779705186
|-end|p1a: Great Tusk|Protosynthesis|[silent]
|switch|p1a: Latios|Latios, M|100/100
|-damage|p1a: Latios|88/100|[from] Stealth Rock
|move|p2a: Kingambit|Sucker Punch||[still]
|-fail|p2a: Kingambit
|
|-heal|p2a: Kingambit|44/100|[from] item: Leftovers
|upkeep
|turn|19
|inactive|ihymyly has 120 seconds left.
|
|t:|1779705194
|move|p2a: Kingambit|Sucker Punch||[still]
|-fail|p2a: Kingambit
|move|p1a: Latios|Calm Mind|p1a: Latios
|-boost|p1a: Latios|spa|1
|-boost|p1a: Latios|spd|1
|
|-heal|p2a: Kingambit|50/100|[from] item: Leftovers
|upkeep
|turn|20
|
|t:|1779705200
|move|p2a: Kingambit|Sucker Punch||[still]
|-fail|p2a: Kingambit
|move|p1a: Latios|Calm Mind|p1a: Latios
|-boost|p1a: Latios|spa|1
|-boost|p1a: Latios|spd|1
|
|-heal|p2a: Kingambit|56/100|[from] item: Leftovers
|upkeep
|turn|21
|
|t:|1779705208
|move|p1a: Latios|Draco Meteor|p2a: Kingambit
|-damage|p2a: Kingambit|0 fnt
|-unboost|p1a: Latios|spa|2
|faint|p2a: Kingambit
|-end|p2a: Kingambit|fallen2|[silent]
|
|upkeep
|
|t:|1779705211
|switch|p2a: Gholdengo|Gholdengo|100/100
|-damage|p2a: Gholdengo|94/100|[from] Stealth Rock
|-item|p2a: Gholdengo|Air Balloon
|turn|22
|
|t:|1779705217
|move|p1a: Latios|Calm Mind|p1a: Latios
|-boost|p1a: Latios|spa|1
|-boost|p1a: Latios|spd|1
|move|p2a: Gholdengo|Thunder Wave|p1a: Latios
|-status|p1a: Latios|par
|
|upkeep
|turn|23
|
|t:|1779705220
|move|p2a: Gholdengo|Hex|p1a: Latios
|-supereffective|p1a: Latios
|-damage|p1a: Latios|39/100 par
|move|p1a: Latios|Luster Purge|p2a: Gholdengo
|-resisted|p2a: Gholdengo
|-damage|p2a: Gholdengo|53/100
|-unboost|p2a: Gholdengo|spd|1
|-enditem|p2a: Gholdengo|Air Balloon
|
|upkeep
|turn|24
|
|t:|1779705228
|move|p2a: Gholdengo|Recover|p2a: Gholdengo
|-heal|p2a: Gholdengo|100/100
|move|p1a: Latios|Luster Purge|p2a: Gholdengo
|-resisted|p2a: Gholdengo
|-damage|p2a: Gholdengo|31/100
|
|upkeep
|turn|25
|
|t:|1779705233
|move|p2a: Gholdengo|Recover|p2a: Gholdengo
|-heal|p2a: Gholdengo|81/100
|move|p1a: Latios|Draco Meteor|p2a: Gholdengo
|-resisted|p2a: Gholdengo
|-damage|p2a: Gholdengo|0 fnt
|-unboost|p1a: Latios|spa|2
|faint|p2a: Gholdengo
|
|upkeep
|-message|FP.//06 forfeited.
|
|win|ihymyly
|raw|ihymyly's rating: 1593 &rarr; <strong>1614</strong><br />(+21 for winning)
|raw|FP.&#x2f;&#x2f;06's rating: 1604 &rarr; <strong>1583</strong><br />(-21 for losing)
|l|☆FP.//06
|player|p2|
|l|☆ihymyly
|player|p1|
