|j|☆Oum immortel
|j|☆claudechamp
|t:|1779575462
|gametype|singles
|player|p1|Oum immortel|n|1123
|player|p2|claudechamp|101|1148
|gen|9
|tier|[Gen 9] OU
|rated|
|rule|HP Percentage Mod: HP is shown in percentages
|rule|Endless Battle Clause: Forcing endless battles is banned
|rule|Species Clause: Limit one of each Pokémon
|rule|OHKO Clause: OHKO moves are banned
|rule|Evasion Items Clause: Evasion items are banned
|rule|Evasion Moves Clause: Evasion moves are banned
|rule|Evasion Abilities Clause: Evasion abilities are banned
|rule|Sleep Moves Clause: Sleep-inducing moves are banned
|clearpoke
|poke|p1|Blissey, F|
|poke|p1|Corviknight, F|
|poke|p1|Clodsire, M|
|poke|p1|Dondozo, M|
|poke|p1|Alomomola, F|
|poke|p1|Garganacl, F|
|poke|p2|Gliscor, M|
|poke|p2|Gholdengo|
|poke|p2|Zamazenta-*|
|poke|p2|Blissey, F|
|poke|p2|Skarmory, M|
|poke|p2|Pecharunt|
|teampreview
|c|☆claudechamp|hf
|inactive|Battle timer is ON: inactive players will automatically lose when time's up. (requested by claudechamp)
|
|t:|1779575474
|teamsize|p1|6
|teamsize|p2|6
|start
|switch|p1a: Clodsire|Clodsire, M|100/100
|switch|p2a: Skarmory|Skarmory, M|100/100
|turn|1
|
|t:|1779575483
|move|p2a: Skarmory|Spikes|p1a: Clodsire
|-sidestart|p1: Oum immortel|Spikes
|move|p1a: Clodsire|Spikes|p2a: Skarmory
|-sidestart|p2: claudechamp|Spikes
|
|upkeep
|turn|2
|
|t:|1779575488
|move|p2a: Skarmory|Spikes|p1a: Clodsire
|-sidestart|p1: Oum immortel|Spikes
|move|p1a: Clodsire|Spikes|p2a: Skarmory
|-sidestart|p2: claudechamp|Spikes
|
|upkeep
|turn|3
|
|t:|1779575496
|move|p2a: Skarmory|Spikes|p1a: Clodsire
|-sidestart|p1: Oum immortel|Spikes
|move|p1a: Clodsire|Spikes|p2a: Skarmory
|-sidestart|p2: claudechamp|Spikes
|
|upkeep
|turn|4
|
|t:|1779575512
|switch|p2a: Gliscor|Gliscor, M|100/100
|switch|p1a: Garganacl|Garganacl, F|100/100
|-damage|p1a: Garganacl|75/100|[from] Spikes
|
|-heal|p1a: Garganacl|82/100|[from] item: Leftovers
|-status|p2a: Gliscor|tox|[from] item: Toxic Orb
|upkeep
|turn|5
|
|t:|1779575525
|move|p2a: Gliscor|Swords Dance|p2a: Gliscor
|-boost|p2a: Gliscor|atk|2
|move|p1a: Garganacl|Salt Cure|p2a: Gliscor
|-damage|p2a: Gliscor|90/100 tox
|-start|p2a: Gliscor|Salt Cure
|
|-heal|p1a: Garganacl|88/100|[from] item: Leftovers
|-heal|p2a: Gliscor|100/100 tox|[from] ability: Poison Heal
|-damage|p2a: Gliscor|88/100 tox|[from] Salt Cure
|upkeep
|turn|6
|
|t:|1779575540
|move|p2a: Gliscor|Earthquake|p1a: Garganacl
|-supereffective|p1a: Garganacl
|-crit|p1a: Garganacl
|-damage|p1a: Garganacl|0 fnt
|faint|p1a: Garganacl
|
|-heal|p2a: Gliscor|100/100 tox|[from] ability: Poison Heal
|-damage|p2a: Gliscor|88/100 tox|[from] Salt Cure
|upkeep
|inactive|Oum immortel has 120 seconds left.
|
|t:|1779575582
|switch|p1a: Dondozo|Dondozo, M|100/100
|turn|7
|
|t:|1779575588
|move|p2a: Gliscor|Knock Off|p1a: Dondozo
|-damage|p1a: Dondozo|91/100
|-enditem|p1a: Dondozo|Heavy-Duty Boots|[from] move: Knock Off|[of] p2a: Gliscor
|move|p1a: Dondozo|Liquidation|p2a: Gliscor
|-supereffective|p2a: Gliscor
|-damage|p2a: Gliscor|42/100 tox
|
|-heal|p2a: Gliscor|54/100 tox|[from] ability: Poison Heal
|-damage|p2a: Gliscor|42/100 tox|[from] Salt Cure
|upkeep
|turn|8
|
|t:|1779575603
|switch|p2a: Pecharunt|Pecharunt|100/100
|move|p1a: Dondozo|Liquidation|p2a: Pecharunt
|-damage|p2a: Pecharunt|87/100
|
|upkeep
|turn|9
|
|t:|1779575612
|move|p2a: Pecharunt|Toxic|p1a: Dondozo
|-status|p1a: Dondozo|tox
|-start|p1a: Dondozo|confusion|[from] ability: Poison Puppeteer|[of] p2a: Pecharunt
|-activate|p1a: Dondozo|confusion
|-damage|p1a: Dondozo|87/100 tox|[from] confusion
|
|-damage|p1a: Dondozo|81/100 tox|[from] psn
|upkeep
|turn|10
|
|t:|1779575621
|move|p2a: Pecharunt|Shadow Ball|p1a: Dondozo
|-damage|p1a: Dondozo|55/100 tox
|-activate|p1a: Dondozo|confusion
|move|p1a: Dondozo|Rest|p1a: Dondozo
|-status|p1a: Dondozo|slp|[from] move: Rest
|-heal|p1a: Dondozo|100/100 slp|[silent]
|
|upkeep
|turn|11
|inactive|Oum immortel has 120 seconds left.
|
|t:|1779575630
|switch|p2a: Gliscor|Gliscor, M|42/100 tox
|cant|p1a: Dondozo|slp
|-activate|p1a: Dondozo|confusion
|move|p1a: Dondozo|Sleep Talk|p1a: Dondozo
|move|p1a: Dondozo|Rest||[from] move: Sleep Talk|[still]
|-fail|p1a: Dondozo
|
|-heal|p2a: Gliscor|54/100 tox|[from] ability: Poison Heal
|upkeep
|turn|12
|inactive|Oum immortel has 120 seconds left.
|
|t:|1779575643
|move|p2a: Gliscor|Protect|p2a: Gliscor
|-singleturn|p2a: Gliscor|Protect
|cant|p1a: Dondozo|slp
|-end|p1a: Dondozo|confusion
|move|p1a: Dondozo|Sleep Talk|p1a: Dondozo
|move|p1a: Dondozo|Liquidation|p2a: Gliscor|[from] move: Sleep Talk
|-activate|p2a: Gliscor|move: Protect
|
|-heal|p2a: Gliscor|67/100 tox|[from] ability: Poison Heal
|upkeep
|turn|13
|inactive|Oum immortel has 120 seconds left.
|
|t:|1779575656
|switch|p2a: Pecharunt|Pecharunt|87/100
|-curestatus|p1a: Dondozo|slp|[msg]
|move|p1a: Dondozo|Sleep Talk||[still]
|-fail|p1a: Dondozo
|
|upkeep
|turn|14
|inactive|Oum immortel has 120 seconds left.
|-message|Oum immortel forfeited.
|
|win|claudechamp
|raw|Oum immortel's rating: 1123 &rarr; <strong>1101</strong><br />(-22 for losing)
|raw|claudechamp's rating: 1171 &rarr; <strong>1193</strong><br />(+22 for winning)
|c|☆claudechamp|gg
|l|☆Oum immortel
|player|p1|
