|j|☆big-dumbah30
|j|☆STAYCUENTAROBABLE
|t:|1779601379
|gametype|singles
|player|p1|big-dumbah30|169|1113
|player|p2|STAYCUENTAROBABLE|266|1000
|gen|9
|tier|[Gen 9] OU
|rated|
|rule|HP Percentage Mod: HP is shown in percentages
|rule|Endless Battle Clause: Forcing endless battles is banned
|rule|Species Clause: Limit one of each Pokémon
|rule|OHKO Clause: OHKO moves are banned
|rule|Evasion Items Clause: Evasion items are banned
|rule|Evasion Moves Clause: Evasion moves are banned
|rule|Evasion Abilities Clause: Evasion abilities are banned
|rule|Sleep Moves Clause: Sleep-inducing moves are banned
|clearpoke
|poke|p1|Dragapult, M|
|poke|p1|Glimmora, F|
|poke|p1|Sandy Shocks|
|poke|p1|Meowscarada, F|
|poke|p1|Iron Valiant|
|poke|p1|Maushold-Four|
|poke|p2|Tsareena, F|
|poke|p2|Iron Valiant|
|poke|p2|Garganacl, M|
|poke|p2|Gholdengo|
|poke|p2|Landorus-Therian, M|
|poke|p2|Ogerpon-Wellspring, F|
|teampreview
|
|t:|1779601396
|teamsize|p1|6
|teamsize|p2|6
|start
|switch|p1a: Meowscarada|Meowscarada, F, shiny|100/100
|switch|p2a: Garganacl|Garganacl, M|100/100
|turn|1
|
|t:|1779601423
|switch|p2a: Ogerpon|Ogerpon-Wellspring, F|100/100
|move|p1a: Meowscarada|Flower Trick|p2a: Ogerpon
|-start|p1a: Meowscarada|typechange|Grass|[from] ability: Protean
|-crit|p2a: Ogerpon
|-damage|p2a: Ogerpon|16/100
|-damage|p1a: Meowscarada|91/100|[from] item: Life Orb
|
|upkeep
|turn|2
|
|t:|1779601477
|switch|p2a: Landorus|Landorus-Therian, M|100/100
|-ability|p2a: Landorus|Intimidate|boost
|-unboost|p1a: Meowscarada|atk|1
|move|p1a: Meowscarada|U-turn|p2a: Landorus
|-resisted|p2a: Landorus
|-damage|p2a: Landorus|91/100
|-damage|p1a: Meowscarada|74/100|[from] item: Rocky Helmet|[of] p2a: Landorus
|-damage|p1a: Meowscarada|64/100|[from] item: Life Orb
|
|t:|1779601492
|switch|p1a: Glimmora|Glimmora, F, shiny|100/100|[from] U-turn
|
|upkeep
|turn|3
|
|t:|1779601523
|-terastallize|p1a: Glimmora|Rock
|move|p2a: Landorus|Earthquake|p1a: Glimmora
|-supereffective|p1a: Glimmora
|-damage|p1a: Glimmora|0 fnt
|-activate|p1a: Glimmora|ability: Toxic Debris
|-sidestart|p2: STAYCUENTAROBABLE|move: Toxic Spikes
|faint|p1a: Glimmora
|
|upkeep
|
|t:|1779601543
|switch|p1a: Dragapult|Dragapult, M, shiny|100/100
|turn|4
|
|t:|1779601578
|switch|p2a: Iron Valiant|Iron Valiant|100/100
|-status|p2a: Iron Valiant|psn
|move|p1a: Dragapult|Surf|p2a: Iron Valiant
|-damage|p2a: Iron Valiant|30/100 psn
|
|-damage|p2a: Iron Valiant|18/100 psn|[from] psn
|upkeep
|turn|5
|
|t:|1779601587
|move|p1a: Dragapult|Surf|p2a: Iron Valiant
|-damage|p2a: Iron Valiant|0 fnt
|faint|p2a: Iron Valiant
|-end|p2a: Iron Valiant|Quark Drive|[silent]
|
|upkeep
|
|t:|1779601629
|switch|p2a: Gholdengo|Gholdengo|100/100
|turn|6
|
|t:|1779601644
|switch|p1a: Meowscarada|Meowscarada, F, shiny|64/100
|move|p2a: Gholdengo|Make It Rain|p1a: Meowscarada
|-damage|p1a: Meowscarada|0 fnt
|-unboost|p2a: Gholdengo|spa|1
|faint|p1a: Meowscarada
|
|upkeep
|
|t:|1779601662
|switch|p1a: Sandy Shocks|Sandy Shocks, shiny|100/100
|-enditem|p1a: Sandy Shocks|Booster Energy
|-activate|p1a: Sandy Shocks|ability: Protosynthesis|[fromitem]
|-start|p1a: Sandy Shocks|protosynthesisspa
|turn|7
|
|t:|1779601679
|switch|p2a: NiNA TEMU|Tsareena, F|100/100
|-status|p2a: NiNA TEMU|psn
|move|p1a: Sandy Shocks|Earth Power|p2a: NiNA TEMU
|-resisted|p2a: NiNA TEMU
|-damage|p2a: NiNA TEMU|70/100 psn
|
|-damage|p2a: NiNA TEMU|57/100 psn|[from] psn
|upkeep
|turn|8
|
|t:|1779601694
|-end|p1a: Sandy Shocks|Protosynthesis|[silent]
|switch|p1a: Dragapult|Dragapult, M, shiny|100/100
|move|p2a: NiNA TEMU|Power Whip|p1a: Dragapult
|-resisted|p1a: Dragapult
|-damage|p1a: Dragapult|69/100
|
|-damage|p2a: NiNA TEMU|45/100 psn|[from] psn
|upkeep
|turn|9
|
|t:|1779601713
|switch|p2a: Garganacl|Garganacl, M|100/100
|move|p1a: Dragapult|Flamethrower|p2a: Garganacl
|-resisted|p2a: Garganacl
|-damage|p2a: Garganacl|87/100
|
|-heal|p2a: Garganacl|93/100|[from] item: Leftovers
|upkeep
|turn|10
|
|t:|1779601726
|switch|p1a: Sandy Shocks|Sandy Shocks, shiny|100/100
|move|p2a: Garganacl|Stealth Rock|p1a: Sandy Shocks
|-sidestart|p1: big-dumbah30|move: Stealth Rock
|
|-heal|p2a: Garganacl|99/100|[from] item: Leftovers
|upkeep
|turn|11
|
|t:|1779601765
|switch|p2a: Landorus|Landorus-Therian, M|91/100
|-ability|p2a: Landorus|Intimidate|boost
|-unboost|p1a: Sandy Shocks|atk|1
|move|p1a: Sandy Shocks|Earth Power|p2a: Landorus
|-immune|p2a: Landorus
|
|upkeep
|turn|12
|
|t:|1779601784
|-end|p1a: Sandy Shocks|Protosynthesis|[silent]
|switch|p1a: Iron Valiant|Iron Valiant, shiny|100/100
|-damage|p1a: Iron Valiant|94/100|[from] Stealth Rock
|-enditem|p1a: Iron Valiant|Booster Energy
|-activate|p1a: Iron Valiant|ability: Quark Drive|[fromitem]
|-start|p1a: Iron Valiant|quarkdrivespe
|move|p2a: Landorus|Earthquake|p1a: Iron Valiant
|-damage|p1a: Iron Valiant|30/100
|
|upkeep
|turn|13
|
|t:|1779601801
|move|p1a: Iron Valiant|Moonblast|p2a: Landorus
|-damage|p2a: Landorus|42/100
|-unboost|p2a: Landorus|spa|1
|move|p2a: Landorus|Earthquake|p1a: Iron Valiant
|-crit|p1a: Iron Valiant
|-damage|p1a: Iron Valiant|0 fnt
|faint|p1a: Iron Valiant
|-end|p1a: Iron Valiant|Quark Drive|[silent]
|
|upkeep
|
|t:|1779601810
|switch|p1a: Sandy Shocks|Sandy Shocks, shiny|100/100
|-damage|p1a: Sandy Shocks|94/100|[from] Stealth Rock
|turn|14
|
|t:|1779601820
|move|p1a: Sandy Shocks|Flash Cannon|p2a: Landorus
|-damage|p2a: Landorus|12/100
|move|p2a: Landorus|Earthquake|p1a: Sandy Shocks
|-supereffective|p1a: Sandy Shocks
|-damage|p1a: Sandy Shocks|0 fnt
|faint|p1a: Sandy Shocks
|-end|p1a: Sandy Shocks|Protosynthesis|[silent]
|
|upkeep
|
|t:|1779601827
|switch|p1a: Dragapult|Dragapult, M, shiny|69/100
|-damage|p1a: Dragapult|56/100|[from] Stealth Rock
|turn|15
|
|t:|1779601854
|move|p1a: Dragapult|Surf|p2a: Landorus
|-supereffective|p2a: Landorus
|-damage|p2a: Landorus|0 fnt
|faint|p2a: Landorus
|
|upkeep
|
|t:|1779601859
|switch|p2a: Garganacl|Garganacl, M|99/100
|turn|16
|
|t:|1779601867
|move|p1a: Dragapult|Surf|p2a: Garganacl
|-supereffective|p2a: Garganacl
|-crit|p2a: Garganacl
|-damage|p2a: Garganacl|24/100
|move|p2a: Garganacl|Salt Cure|p1a: Dragapult
|-damage|p1a: Dragapult|37/100
|-start|p1a: Dragapult|Salt Cure
|
|-heal|p2a: Garganacl|30/100|[from] item: Leftovers
|-damage|p1a: Dragapult|25/100|[from] Salt Cure
|upkeep
|turn|17
|
|t:|1779601879
|move|p2a: Garganacl|Protect|p2a: Garganacl
|-singleturn|p2a: Garganacl|Protect
|move|p1a: Dragapult|Surf|p2a: Garganacl
|-activate|p2a: Garganacl|move: Protect
|
|-heal|p2a: Garganacl|36/100|[from] item: Leftovers
|-damage|p1a: Dragapult|12/100|[from] Salt Cure
|upkeep
|turn|18
|
|t:|1779601918
|switch|p2a: Ogerpon|Ogerpon-Wellspring, F|16/100
|-status|p2a: Ogerpon|psn
|move|p1a: Dragapult|Surf|p2a: Ogerpon
|-heal|p2a: Ogerpon|41/100 psn|[from] ability: Water Absorb|[of] p1a: Dragapult
|
|-damage|p2a: Ogerpon|29/100 psn|[from] psn
|-damage|p1a: Dragapult|0 fnt|[from] Salt Cure
|faint|p1a: Dragapult
|upkeep
|
|t:|1779601927
|switch|p1a: Maushold|Maushold-Four, shiny|100/100
|-damage|p1a: Maushold|88/100|[from] Stealth Rock
|turn|19
|
|t:|1779601939
|move|p1a: Maushold|Bullet Seed|p2a: Ogerpon
|-damage|p2a: Ogerpon|16/100 psn
|-damage|p2a: Ogerpon|5/100 psn
|-damage|p2a: Ogerpon|0 fnt
|faint|p2a: Ogerpon
|-hitcount|p2: Ogerpon|3
|
|upkeep
|
|t:|1779601947
|switch|p2a: Garganacl|Garganacl, M|36/100
|turn|20
|
|t:|1779601953
|move|p1a: Maushold|Bullet Seed|p2a: Garganacl
|-supereffective|p2a: Garganacl
|-damage|p2a: Garganacl|24/100
|-supereffective|p2a: Garganacl
|-damage|p2a: Garganacl|12/100
|-supereffective|p2a: Garganacl
|-crit|p2a: Garganacl
|-damage|p2a: Garganacl|0 fnt
|faint|p2a: Garganacl
|-hitcount|p2: Garganacl|3
|
|upkeep
|
|t:|1779601963
|switch|p2a: Gholdengo|Gholdengo|100/100
|turn|21
|
|t:|1779601972
|move|p2a: Gholdengo|Make It Rain|p1a: Maushold
|-damage|p1a: Maushold|0 fnt
|-unboost|p2a: Gholdengo|spa|1
|faint|p1a: Maushold
|
|win|STAYCUENTAROBABLE
|raw|big-dumbah30's rating: 1113 &rarr; <strong>1080</strong><br />(-33 for losing)
|raw|STAYCUENTAROBABLE's rating: 1000 &rarr; <strong>1053</strong><br />(+53 for winning)
|l|☆big-dumbah30
|player|p1|
