|j|☆jjjnkn
|j|‽andjelicpwnsu
|t:|1779681944
|gametype|singles
|player|p1|jjjnkn|marnie-masters3|1326
|player|p2|andjelicpwnsu|wallace|1290
|gen|9
|tier|[Gen 9] OU
|rated|
|rule|HP Percentage Mod: HP is shown in percentages
|rule|Endless Battle Clause: Forcing endless battles is banned
|rule|Species Clause: Limit one of each Pokémon
|rule|OHKO Clause: OHKO moves are banned
|rule|Evasion Items Clause: Evasion items are banned
|rule|Evasion Moves Clause: Evasion moves are banned
|rule|Evasion Abilities Clause: Evasion abilities are banned
|rule|Sleep Moves Clause: Sleep-inducing moves are banned
|clearpoke
|poke|p1|Wo-Chien|
|poke|p1|Torkoal, F|
|poke|p1|Great Tusk|
|poke|p1|Walking Wake|
|poke|p1|Clefable, F|
|poke|p1|Cinderace, M|
|poke|p2|Hatterene, F|
|poke|p2|Iron Moth|
|poke|p2|Gliscor, F|
|poke|p2|Ogerpon-Wellspring, F|
|poke|p2|Pecharunt|
|poke|p2|Moltres-Galar|
|teampreview
|inactive|Battle timer is ON: inactive players will automatically lose when time's up. (requested by jjjnkn)
|inactive|andjelicpwnsu has 120 seconds left.
|
|t:|1779681975
|teamsize|p1|6
|teamsize|p2|6
|start
|switch|p1a: Clefable|Clefable, F|100/100
|switch|p2a: Pecharunt|Pecharunt|100/100
|turn|1
|
|t:|1779681985
|switch|p1a: Torkoal|Torkoal, F|100/100
|-weather|SunnyDay|[from] ability: Drought|[of] p1a: Torkoal
|move|p2a: Pecharunt|Malignant Chain|p1a: Torkoal
|-damage|p1a: Torkoal|72/100
|-status|p1a: Torkoal|tox
|-start|p1a: Torkoal|confusion|[from] ability: Poison Puppeteer|[of] p2a: Pecharunt
|
|-weather|SunnyDay|[upkeep]
|-damage|p1a: Torkoal|66/100 tox|[from] psn
|upkeep
|turn|2
|
|t:|1779681991
|move|p2a: Pecharunt|Parting Shot|p1a: Torkoal
|-unboost|p1a: Torkoal|atk|1
|-unboost|p1a: Torkoal|spa|1
|
|t:|1779681995
|switch|p2a: Hatterene|Hatterene, F|100/100|[from] Parting Shot
|-activate|p1a: Torkoal|confusion
|move|p1a: Torkoal|Will-O-Wisp|p2a: Hatterene
|move|p2a: Hatterene|Will-O-Wisp||[from] ability: Magic Bounce|[still]
|-fail|p2a: Hatterene
|
|-weather|SunnyDay|[upkeep]
|-damage|p1a: Torkoal|53/100 tox|[from] psn
|upkeep
|turn|3
|
|t:|1779682014
|switch|p1a: Walking Wake|Walking Wake|100/100
|-activate|p1a: Walking Wake|ability: Protosynthesis
|-start|p1a: Walking Wake|protosynthesisspe
|move|p2a: Hatterene|Calm Mind|p2a: Hatterene
|-boost|p2a: Hatterene|spa|1
|-boost|p2a: Hatterene|spd|1
|
|-weather|SunnyDay|[upkeep]
|upkeep
|turn|4
|
|t:|1779682023
|move|p1a: Walking Wake|Flamethrower|p2a: Hatterene
|-damage|p2a: Hatterene|60/100
|move|p2a: Hatterene|Draining Kiss|p1a: Walking Wake
|-supereffective|p1a: Walking Wake
|-damage|p1a: Walking Wake|20/100
|-heal|p2a: Hatterene|100/100|[from] drain|[of] p1a: Walking Wake
|
|-weather|SunnyDay|[upkeep]
|upkeep
|turn|5
|
|t:|1779682030
|move|p1a: Walking Wake|Flamethrower|p2a: Hatterene
|-damage|p2a: Hatterene|63/100
|move|p2a: Hatterene|Draining Kiss|p1a: Walking Wake
|-supereffective|p1a: Walking Wake
|-damage|p1a: Walking Wake|0 fnt
|-heal|p2a: Hatterene|79/100|[from] drain|[of] p1a: Walking Wake
|faint|p1a: Walking Wake
|-end|p1a: Walking Wake|Protosynthesis|[silent]
|
|-weather|SunnyDay|[upkeep]
|-heal|p2a: Hatterene|85/100|[from] item: Leftovers
|upkeep
|
|t:|1779682034
|switch|p1a: Cinderace|Cinderace, M|100/100
|-item|p1a: Cinderace|Air Balloon
|turn|6
|
|t:|1779682040
|switch|p2a: Pecharunt|Pecharunt|100/100
|move|p1a: Cinderace|Swords Dance|p1a: Cinderace
|-boost|p1a: Cinderace|atk|2
|
|-weather|SunnyDay|[upkeep]
|upkeep
|turn|7
|
|t:|1779682046
|-terastallize|p1a: Cinderace|Fire
|move|p1a: Cinderace|Pyro Ball|p2a: Pecharunt
|-damage|p2a: Pecharunt|0 fnt
|faint|p2a: Pecharunt
|
|-weather|SunnyDay|[upkeep]
|upkeep
|
|t:|1779682058
|switch|p2a: Iron Moth|Iron Moth, shiny|100/100
|-enditem|p2a: Iron Moth|Booster Energy
|-activate|p2a: Iron Moth|ability: Quark Drive|[fromitem]
|-start|p2a: Iron Moth|quarkdrivespe
|turn|8
|
|t:|1779682064
|move|p2a: Iron Moth|Substitute|p2a: Iron Moth
|-start|p2a: Iron Moth|Substitute
|-damage|p2a: Iron Moth|76/100
|move|p1a: Cinderace|Pyro Ball|p2a: Iron Moth
|-resisted|p2a: Iron Moth
|-end|p2a: Iron Moth|Substitute
|
|-weather|none
|upkeep
|turn|9
|
|t:|1779682069
|move|p2a: Iron Moth|Substitute|p2a: Iron Moth
|-start|p2a: Iron Moth|Substitute
|-damage|p2a: Iron Moth|51/100
|move|p1a: Cinderace|Flame Charge|p2a: Iron Moth
|-resisted|p2a: Iron Moth
|-end|p2a: Iron Moth|Substitute
|-boost|p1a: Cinderace|spe|1
|
|upkeep
|turn|10
|
|t:|1779682076
|move|p1a: Cinderace|Pyro Ball|p2a: Iron Moth
|-resisted|p2a: Iron Moth
|-crit|p2a: Iron Moth
|-damage|p2a: Iron Moth|0 fnt
|faint|p2a: Iron Moth
|-end|p2a: Iron Moth|Quark Drive|[silent]
|
|upkeep
|
|t:|1779682080
|switch|p2a: Ogerpon|Ogerpon-Wellspring, F|100/100
|turn|11
|
|t:|1779682082
|move|p1a: Cinderace|Pyro Ball|p2a: Ogerpon
|-damage|p2a: Ogerpon|0 fnt
|faint|p2a: Ogerpon
|
|upkeep
|
|t:|1779682085
|switch|p2a: Gliscor|Gliscor, F|100/100
|turn|12
|
|t:|1779682091
|-terastallize|p2a: Gliscor|Normal
|move|p1a: Cinderace|Swords Dance|p1a: Cinderace
|-boost|p1a: Cinderace|atk|2
|move|p2a: Gliscor|Facade|p1a: Cinderace
|-damage|p1a: Cinderace|67/100
|-enditem|p1a: Cinderace|Air Balloon
|
|-status|p2a: Gliscor|tox|[from] item: Toxic Orb
|upkeep
|turn|13
|
|t:|1779682105
|move|p1a: Cinderace|Low Kick|p2a: Gliscor
|-supereffective|p2a: Gliscor
|-damage|p2a: Gliscor|14/100 tox
|move|p2a: Gliscor|Earthquake|p1a: Cinderace
|-supereffective|p1a: Cinderace
|-damage|p1a: Cinderace|0 fnt
|faint|p1a: Cinderace
|
|-heal|p2a: Gliscor|26/100 tox|[from] ability: Poison Heal
|upkeep
|
|t:|1779682112
|switch|p1a: Torkoal|Torkoal, F|53/100 tox
|-weather|SunnyDay|[from] ability: Drought|[of] p1a: Torkoal
|turn|14
|
|t:|1779682116
|move|p2a: Gliscor|Earthquake|p1a: Torkoal
|-supereffective|p1a: Torkoal
|-damage|p1a: Torkoal|3/100 tox
|move|p1a: Torkoal|Overheat|p2a: Gliscor
|-damage|p2a: Gliscor|0 fnt
|-unboost|p1a: Torkoal|spa|2
|faint|p2a: Gliscor
|
|-weather|SunnyDay|[upkeep]
|-damage|p1a: Torkoal|0 fnt|[from] psn
|faint|p1a: Torkoal
|upkeep
|
|t:|1779682129
|switch|p2a: Hatterene|Hatterene, F|85/100
|switch|p1a: Wo-Chien|Wo-Chien, shiny|100/100
|-ability|p1a: Wo-Chien|Tablets of Ruin
|turn|15
|
|t:|1779682133
|move|p1a: Wo-Chien|Growth|p1a: Wo-Chien
|-boost|p1a: Wo-Chien|atk|2
|-boost|p1a: Wo-Chien|spa|2
|move|p2a: Hatterene|Calm Mind|p2a: Hatterene
|-boost|p2a: Hatterene|spa|1
|-boost|p2a: Hatterene|spd|1
|
|-weather|SunnyDay|[upkeep]
|-heal|p2a: Hatterene|91/100|[from] item: Leftovers
|upkeep
|turn|16
|
|t:|1779682138
|move|p1a: Wo-Chien|Knock Off|p2a: Hatterene
|-damage|p2a: Hatterene|6/100
|-enditem|p2a: Hatterene|Leftovers|[from] move: Knock Off|[of] p1a: Wo-Chien
|-damage|p1a: Wo-Chien|91/100|[from] item: Life Orb
|move|p2a: Hatterene|Calm Mind|p2a: Hatterene
|-boost|p2a: Hatterene|spa|1
|-boost|p2a: Hatterene|spd|1
|
|-weather|SunnyDay|[upkeep]
|upkeep
|turn|17
|
|t:|1779682143
|move|p1a: Wo-Chien|Trailblaze|p2a: Hatterene
|-damage|p2a: Hatterene|0 fnt
|-boost|p1a: Wo-Chien|spe|1
|faint|p2a: Hatterene
|-damage|p1a: Wo-Chien|81/100|[from] item: Life Orb
|
|-weather|SunnyDay|[upkeep]
|upkeep
|
|t:|1779682146
|switch|p2a: Moltres|Moltres-Galar|100/100
|turn|18
|
|t:|1779682155
|move|p1a: Wo-Chien|Knock Off|p2a: Moltres
|-resisted|p2a: Moltres
|-damage|p2a: Moltres|57/100
|-enditem|p2a: Moltres|Sitrus Berry|[from] move: Knock Off|[of] p1a: Wo-Chien
|-damage|p1a: Wo-Chien|71/100|[from] item: Life Orb
|move|p2a: Moltres|Hurricane|p1a: Wo-Chien
|-supereffective|p1a: Wo-Chien
|-damage|p1a: Wo-Chien|0 fnt
|faint|p1a: Wo-Chien
|
|-weather|SunnyDay|[upkeep]
|upkeep
|
|t:|1779682162
|switch|p1a: Clefable|Clefable, F|100/100
|turn|19
|
|t:|1779682165
|move|p2a: Moltres|Taunt|p1a: Clefable
|-start|p1a: Clefable|move: Taunt
|move|p1a: Clefable|Moonblast|p2a: Moltres
|-supereffective|p2a: Moltres
|-damage|p2a: Moltres|16/100
|-ability|p2a: Moltres|Berserk|boost
|-boost|p2a: Moltres|spa|1
|
|-weather|SunnyDay|[upkeep]
|upkeep
|turn|20
|
|t:|1779682170
|move|p2a: Moltres|Hurricane|p1a: Clefable|[miss]
|-miss|p2a: Moltres|p1a: Clefable
|move|p1a: Clefable|Moonblast|p2a: Moltres
|-supereffective|p2a: Moltres
|-damage|p2a: Moltres|0 fnt
|faint|p2a: Moltres
|
|win|jjjnkn
|raw|jjjnkn's rating: 1326 &rarr; <strong>1344</strong><br />(+18 for winning)
|raw|andjelicpwnsu's rating: 1290 &rarr; <strong>1268</strong><br />(-22 for losing)
|l|‽andjelicpwnsu
|player|p2|
|l|☆jjjnkn
|player|p1|
