|j|☆i will eat another
|j|☆one4three4
|t:|1779648942
|gametype|singles
|player|p1|i will eat another|depotagent|1242
|player|p2|one4three4|102|1225
|gen|9
|tier|[Gen 9] OU
|rated|
|rule|HP Percentage Mod: HP is shown in percentages
|rule|Endless Battle Clause: Forcing endless battles is banned
|rule|Species Clause: Limit one of each Pokémon
|rule|OHKO Clause: OHKO moves are banned
|rule|Evasion Items Clause: Evasion items are banned
|rule|Evasion Moves Clause: Evasion moves are banned
|rule|Evasion Abilities Clause: Evasion abilities are banned
|rule|Sleep Moves Clause: Sleep-inducing moves are banned
|clearpoke
|poke|p1|Breloom, M|
|poke|p1|Swinub, M|
|poke|p1|Iron Crown|
|poke|p1|Talonflame, F|
|poke|p1|Greninja-*, F|
|poke|p1|Glimmora, M|
|poke|p2|Corviknight, F|
|poke|p2|Raging Bolt|
|poke|p2|Slowking-Galar, M|
|poke|p2|Darkrai|
|poke|p2|Landorus-Therian, M|
|poke|p2|Samurott-Hisui, F|
|teampreview
|inactive|Battle timer is ON: inactive players will automatically lose when time's up. (requested by i will eat another)
|c|☆one4three4|wut
|
|t:|1779648956
|teamsize|p1|6
|teamsize|p2|6
|start
|switch|p1a: Breloom|Breloom, M|100/100
|switch|p2a: Landorus|Landorus-Therian, M|100/100
|-ability|p2a: Landorus|Intimidate|boost
|-unboost|p1a: Breloom|atk|1
|turn|1
|
|t:|1779648964
|switch|p1a: Glimmora|Glimmora, M|100/100
|move|p2a: Landorus|Taunt|p1a: Glimmora
|-start|p1a: Glimmora|move: Taunt
|
|upkeep
|turn|2
|
|t:|1779648974
|switch|p1a: Talonflame|Talonflame, F|100/100
|move|p2a: Landorus|Stealth Rock|p1a: Talonflame
|-sidestart|p1: i will eat another|move: Stealth Rock
|
|upkeep
|turn|3
|
|t:|1779648983
|move|p1a: Talonflame|Defog|p2a: Landorus
|-unboost|p2a: Landorus|evasion|1
|-sideend|p1: i will eat another|Stealth Rock|[from] move: Defog|[of] p1a: Talonflame
|move|p2a: Landorus|Taunt|p1a: Talonflame
|-start|p1a: Talonflame|move: Taunt
|
|upkeep
|turn|4
|
|t:|1779648989
|move|p1a: Talonflame|Flamethrower|p2a: Landorus
|-damage|p2a: Landorus|76/100
|move|p2a: Landorus|Stealth Rock|p1a: Talonflame
|-sidestart|p1: i will eat another|move: Stealth Rock
|
|upkeep
|turn|5
|
|t:|1779649000
|switch|p2a: Slowking|Slowking-Galar, M|100/100
|move|p1a: Talonflame|Flamethrower|p2a: Slowking
|-damage|p2a: Slowking|87/100
|
|upkeep
|turn|6
|
|t:|1779649010
|move|p1a: Talonflame|Flamethrower|p2a: Slowking
|-damage|p2a: Slowking|71/100
|move|p2a: Slowking|Thunder Wave|p1a: Talonflame
|-status|p1a: Talonflame|par
|
|-end|p1a: Talonflame|move: Taunt
|upkeep
|turn|7
|
|t:|1779649021
|move|p1a: Talonflame|Defog|p2a: Slowking
|-unboost|p2a: Slowking|evasion|1
|-sideend|p1: i will eat another|Stealth Rock|[from] move: Defog|[of] p1a: Talonflame
|move|p2a: Slowking|Sludge Bomb|p1a: Talonflame
|-damage|p1a: Talonflame|55/100 par
|
|upkeep
|turn|8
|
|t:|1779649029
|switch|p1a: Iron Crown|Iron Crown|100/100
|-enditem|p1a: Iron Crown|Booster Energy
|-activate|p1a: Iron Crown|ability: Quark Drive|[fromitem]
|-start|p1a: Iron Crown|quarkdrivespe
|-prepare|p2a: Slowking|Chilly Reception|[premajor]
|move|p2a: Slowking|Chilly Reception|p2a: Slowking
|-weather|Snowscape
|
|t:|1779649043
|switch|p2a: Samurott|Samurott-Hisui, F|100/100|[from] Chilly Reception
|
|-weather|Snowscape|[upkeep]
|upkeep
|turn|9
|
|t:|1779649059
|-terastallize|p2a: Samurott|Fire
|move|p1a: Iron Crown|Focus Blast|p2a: Samurott|[miss]
|-miss|p1a: Iron Crown|p2a: Samurott
|move|p2a: Samurott|Ceaseless Edge|p1a: Iron Crown|[miss]
|-miss|p2a: Samurott|p1a: Iron Crown
|
|-weather|Snowscape|[upkeep]
|upkeep
|turn|10
|
|t:|1779649072
|switch|p2a: Slowking|Slowking-Galar, M|100/100
|-terastallize|p1a: Iron Crown|Fighting
|move|p1a: Iron Crown|Psyshock|p2a: Slowking
|-damage|p2a: Slowking|59/100
|
|-weather|Snowscape|[upkeep]
|upkeep
|turn|11
|
|t:|1779649086
|move|p1a: Iron Crown|Psyshock|p2a: Slowking
|-damage|p2a: Slowking|20/100
|move|p2a: Slowking|Thunder Wave|p1a: Iron Crown
|-status|p1a: Iron Crown|par
|
|-weather|Snowscape|[upkeep]
|upkeep
|turn|12
|
|t:|1779649094
|switch|p2a: Darkrai|Darkrai|100/100
|move|p1a: Iron Crown|Psyshock|p2a: Darkrai
|-immune|p2a: Darkrai
|
|-weather|none
|upkeep
|turn|13
|
|t:|1779649113
|move|p2a: Darkrai|Sludge Bomb|p1a: Iron Crown
|-damage|p1a: Iron Crown|72/100 par
|cant|p1a: Iron Crown|par
|
|upkeep
|turn|14
|
|t:|1779649123
|switch|p2a: Slowking|Slowking-Galar, M|54/100
|move|p1a: Iron Crown|Focus Blast|p2a: Slowking
|-resisted|p2a: Slowking
|-damage|p2a: Slowking|45/100
|-unboost|p2a: Slowking|spd|1
|
|upkeep
|turn|15
|
|t:|1779649130
|switch|p2a: Darkrai|Darkrai|100/100
|move|p1a: Iron Crown|Psyshock|p2a: Darkrai
|-immune|p2a: Darkrai
|
|upkeep
|turn|16
|
|t:|1779649151
|move|p2a: Darkrai|Focus Blast|p1a: Iron Crown|[miss]
|-miss|p2a: Darkrai|p1a: Iron Crown
|move|p1a: Iron Crown|Calm Mind|p1a: Iron Crown
|-boost|p1a: Iron Crown|spa|1
|-boost|p1a: Iron Crown|spd|1
|
|upkeep
|turn|17
|
|t:|1779649166
|switch|p2a: Samurott|Samurott-Hisui, F, tera:Fire|100/100
|move|p1a: Iron Crown|Focus Blast|p2a: Samurott
|-damage|p2a: Samurott|10/100
|
|upkeep
|turn|18
|
|t:|1779649176
|move|p2a: Samurott|Aqua Cutter|p1a: Iron Crown
|-damage|p1a: Iron Crown|28/100 par
|cant|p1a: Iron Crown|par
|
|upkeep
|turn|19
|
|t:|1779649183
|move|p2a: Samurott|Aqua Cutter|p1a: Iron Crown
|-damage|p1a: Iron Crown|0 fnt
|faint|p1a: Iron Crown
|-end|p1a: Iron Crown|Quark Drive|[silent]
|
|upkeep
|
|t:|1779649188
|switch|p1a: Breloom|Breloom, M|100/100
|turn|20
|
|t:|1779649193
|switch|p2a: Corviknight|Corviknight, F|100/100
|-ability|p2a: Corviknight|Pressure
|move|p1a: Breloom|Mach Punch|p2a: Corviknight
|-damage|p2a: Corviknight|78/100
|-damage|p1a: Breloom|91/100|[from] item: Life Orb
|
|-heal|p2a: Corviknight|84/100|[from] item: Leftovers
|upkeep
|turn|21
|
|t:|1779649203
|switch|p1a: Talonflame|Talonflame, F|55/100 par
|move|p2a: Corviknight|U-turn|p1a: Talonflame
|-resisted|p1a: Talonflame
|-damage|p1a: Talonflame|51/100 par
|-status|p2a: Corviknight|brn|[from] ability: Flame Body|[of] p1a: Talonflame
|
|t:|1779649211
|switch|p2a: Samurott|Samurott-Hisui, F, tera:Fire|10/100|[from] U-turn
|
|upkeep
|turn|22
|
|t:|1779649215
|move|p2a: Samurott|Ceaseless Edge|p1a: Talonflame
|-damage|p1a: Talonflame|0 fnt
|-sidestart|p1: i will eat another|Spikes
|faint|p1a: Talonflame
|
|upkeep
|
|t:|1779649221
|switch|p1a: Glimmora|Glimmora, M|100/100
|-damage|p1a: Glimmora|88/100|[from] Spikes
|turn|23
|
|t:|1779649234
|move|p1a: Glimmora|Meteor Beam||[still]
|-prepare|p1a: Glimmora|Meteor Beam
|-boost|p1a: Glimmora|spa|1
|-enditem|p1a: Glimmora|Power Herb
|-anim|p1a: Glimmora|Meteor Beam|p2a: Samurott
|-supereffective|p2a: Samurott
|-damage|p2a: Samurott|0 fnt
|faint|p2a: Samurott
|
|upkeep
|
|t:|1779649246
|switch|p2a: Landorus|Landorus-Therian, M|76/100
|-ability|p2a: Landorus|Intimidate|boost
|-unboost|p1a: Glimmora|atk|1
|turn|24
|
|t:|1779649253
|move|p2a: Landorus|Earthquake|p1a: Glimmora
|-supereffective|p1a: Glimmora
|-damage|p1a: Glimmora|0 fnt
|-activate|p1a: Glimmora|ability: Toxic Debris
|-sidestart|p2: one4three4|move: Toxic Spikes
|faint|p1a: Glimmora
|
|upkeep
|
|t:|1779649259
|switch|p1a: Swinub|Swinub, M|100/100
|-damage|p1a: Swinub|88/100|[from] Spikes
|turn|25
|
|t:|1779649263
|move|p1a: Swinub|Ice Shard|p2a: Landorus
|-supereffective|p2a: Landorus
|-damage|p2a: Landorus|29/100
|move|p2a: Landorus|U-turn|p1a: Swinub
|-damage|p1a: Swinub|38/100
|
|t:|1779649268
|switch|p2a: Corviknight|Corviknight, F|84/100 brn|[from] U-turn
|-ability|p2a: Corviknight|Pressure
|
|-heal|p2a: Corviknight|90/100 brn|[from] item: Leftovers
|-damage|p2a: Corviknight|84/100 brn|[from] brn
|upkeep
|turn|26
|
|t:|1779649278
|move|p2a: Corviknight|U-turn|p1a: Swinub
|-damage|p1a: Swinub|23/100
|
|t:|1779649281
|switch|p2a: Slowking|Slowking-Galar, M|78/100|[from] U-turn
|-sideend|p2: one4three4|move: Toxic Spikes|[of] p2a: Slowking
|move|p1a: Swinub|Endeavor|p2a: Slowking
|-damage|p2a: Slowking|18/100
|
|upkeep
|turn|27
|
|t:|1779649291
|switch|p2a: Landorus|Landorus-Therian, M|29/100
|-ability|p2a: Landorus|Intimidate|boost
|-fail|p1a: Swinub|unboost|Attack|[from] ability: Oblivious|[of] p1a: Swinub
|move|p1a: Swinub|Earthquake|p2a: Landorus
|-immune|p2a: Landorus
|
|upkeep
|turn|28
|
|t:|1779649300
|move|p1a: Swinub|Ice Shard|p2a: Landorus
|-supereffective|p2a: Landorus
|-damage|p2a: Landorus|0 fnt
|faint|p2a: Landorus
|
|upkeep
|
|t:|1779649305
|switch|p2a: Raging Bolt|Raging Bolt|100/100
|turn|29
|
|t:|1779649314
|-end|p2a: Raging Bolt|Protosynthesis|[silent]
|switch|p2a: Corviknight|Corviknight, F|84/100 brn
|-ability|p2a: Corviknight|Pressure
|move|p1a: Swinub|Endeavor|p2a: Corviknight
|-damage|p2a: Corviknight|18/100 brn
|
|-heal|p2a: Corviknight|24/100 brn|[from] item: Leftovers
|-damage|p2a: Corviknight|18/100 brn|[from] brn
|upkeep
|turn|30
|
|t:|1779649326
|move|p1a: Swinub|Ice Shard|p2a: Corviknight
|-damage|p2a: Corviknight|9/100 brn
|move|p2a: Corviknight|Roost|p2a: Corviknight
|-heal|p2a: Corviknight|59/100 brn
|-singleturn|p2a: Corviknight|move: Roost
|
|-heal|p2a: Corviknight|65/100 brn|[from] item: Leftovers
|-damage|p2a: Corviknight|59/100 brn|[from] brn
|upkeep
|turn|31
|
|t:|1779649336
|move|p2a: Corviknight|Brave Bird|p1a: Swinub
|-damage|p1a: Swinub|0 fnt
|faint|p1a: Swinub
|-damage|p2a: Corviknight|53/100 brn|[from] Recoil
|
|-heal|p2a: Corviknight|60/100 brn|[from] item: Leftovers
|-damage|p2a: Corviknight|53/100 brn|[from] brn
|upkeep
|
|t:|1779649343
|switch|p1a: Greninja|Greninja, F|100/100
|-damage|p1a: Greninja|88/100|[from] Spikes
|turn|32
|
|t:|1779649347
|switch|p2a: Slowking|Slowking-Galar, M|51/100
|move|p1a: Greninja|Ice Beam|p2a: Slowking
|-start|p1a: Greninja|typechange|Ice|[from] ability: Protean
|-damage|p2a: Slowking|14/100
|
|upkeep
|turn|33
|
|t:|1779649361
|switch|p2a: Darkrai|Darkrai|100/100
|move|p1a: Greninja|Ice Beam|p2a: Darkrai
|-damage|p2a: Darkrai|22/100
|
|upkeep
|turn|34
|
|t:|1779649368
|move|p2a: Darkrai|Dark Pulse|p1a: Greninja
|-damage|p1a: Greninja|23/100
|move|p1a: Greninja|Ice Beam|p2a: Darkrai
|-damage|p2a: Darkrai|0 fnt
|faint|p2a: Darkrai
|
|upkeep
|
|t:|1779649379
|switch|p2a: Raging Bolt|Raging Bolt|100/100
|turn|35
|
|t:|1779649383
|move|p2a: Raging Bolt|Thunderclap|p1a: Greninja
|-damage|p1a: Greninja|0 fnt
|faint|p1a: Greninja
|
|upkeep
|
|t:|1779649387
|switch|p1a: Breloom|Breloom, M|91/100
|-damage|p1a: Breloom|78/100|[from] Spikes
|turn|36
|
|t:|1779649393
|-end|p2a: Raging Bolt|Protosynthesis|[silent]
|switch|p2a: Corviknight|Corviknight, F|53/100 brn
|-ability|p2a: Corviknight|Pressure
|move|p1a: Breloom|Bulldoze|p2a: Corviknight
|-immune|p2a: Corviknight
|
|-heal|p2a: Corviknight|60/100 brn|[from] item: Leftovers
|-damage|p2a: Corviknight|53/100 brn|[from] brn
|upkeep
|turn|37
|
|t:|1779649403
|move|p1a: Breloom|Rock Slide|p2a: Corviknight
|-damage|p2a: Corviknight|34/100 brn
|-damage|p1a: Breloom|68/100|[from] item: Life Orb
|cant|p2a: Corviknight|flinch
|
|-heal|p2a: Corviknight|40/100 brn|[from] item: Leftovers
|-damage|p2a: Corviknight|34/100 brn|[from] brn
|upkeep
|turn|38
|
|t:|1779649411
|move|p1a: Breloom|Rock Slide|p2a: Corviknight
|-damage|p2a: Corviknight|14/100 brn
|-damage|p1a: Breloom|58/100|[from] item: Life Orb
|move|p2a: Corviknight|Roost|p2a: Corviknight
|-heal|p2a: Corviknight|64/100 brn
|-singleturn|p2a: Corviknight|move: Roost
|
|-heal|p2a: Corviknight|71/100 brn|[from] item: Leftovers
|-damage|p2a: Corviknight|64/100 brn|[from] brn
|upkeep
|turn|39
|-message|i will eat another forfeited.
|
|win|one4three4
|raw|i will eat another's rating: 1242 &rarr; <strong>1216</strong><br />(-26 for losing)
|raw|one4three4's rating: 1225 &rarr; <strong>1251</strong><br />(+26 for winning)
|l|☆i will eat another
|player|p1|
|l|☆one4three4
|player|p2|
