|j|☆AmygdalanResponse
|j|☆darago_a
|t:|1779557991
|gametype|singles
|player|p1|AmygdalanResponse|marshal|1479
|player|p2|darago_a|baker|1523
|gen|9
|tier|[Gen 9] OU
|rated|
|rule|HP Percentage Mod: HP is shown in percentages
|rule|Endless Battle Clause: Forcing endless battles is banned
|rule|Species Clause: Limit one of each Pokémon
|rule|OHKO Clause: OHKO moves are banned
|rule|Evasion Items Clause: Evasion items are banned
|rule|Evasion Moves Clause: Evasion moves are banned
|rule|Evasion Abilities Clause: Evasion abilities are banned
|rule|Sleep Moves Clause: Sleep-inducing moves are banned
|clearpoke
|poke|p1|Ninetales, M|
|poke|p1|Hatterene, F|
|poke|p1|Walking Wake|
|poke|p1|Great Tusk|
|poke|p1|Lilligant-Hisui, F|
|poke|p1|Slither Wing|
|poke|p2|Cinderace, F|
|poke|p2|Gholdengo|
|poke|p2|Dondozo, M|
|poke|p2|Hydrapple, M|
|poke|p2|Corviknight, M|
|poke|p2|Ting-Lu|
|teampreview
|c|☆AmygdalanResponse|gl hf
|
|t:|1779558006
|teamsize|p1|6
|teamsize|p2|6
|start
|switch|p1a: Walking Wake|Walking Wake|100/100
|switch|p2a: Cinderace|Cinderace, F|100/100
|turn|1
|
|t:|1779558010
|move|p2a: Cinderace|U-turn|p1a: Walking Wake
|-start|p2a: Cinderace|typechange|Bug|[from] ability: Libero
|-damage|p1a: Walking Wake|65/100
|
|t:|1779558014
|switch|p2a: Corviknight|Corviknight, M|100/100|[from] U-turn
|-ability|p2a: Corviknight|Pressure
|move|p1a: Walking Wake|Flip Turn|p2a: Corviknight
|-damage|p2a: Corviknight|90/100
|-damage|p1a: Walking Wake|48/100|[from] item: Rocky Helmet|[of] p2a: Corviknight
|
|t:|1779558016
|-end|p1a: Walking Wake|Protosynthesis|[silent]
|switch|p1a: Ninetales|Ninetales, M|100/100|[from] Flip Turn
|-weather|SunnyDay|[from] ability: Drought|[of] p1a: Ninetales
|
|-weather|SunnyDay|[upkeep]
|upkeep
|turn|2
|
|t:|1779558026
|switch|p2a: Ting-Lu|Ting-Lu|100/100
|-ability|p2a: Ting-Lu|Vessel of Ruin
|move|p1a: Ninetales|Will-O-Wisp|p2a: Ting-Lu
|-status|p2a: Ting-Lu|brn
|
|-weather|SunnyDay|[upkeep]
|-damage|p2a: Ting-Lu|94/100 brn|[from] brn
|upkeep
|turn|3
|
|t:|1779558034
|switch|p1a: Hatterene|Hatterene, F|100/100
|move|p2a: Ting-Lu|Earthquake|p1a: Hatterene
|-damage|p1a: Hatterene|86/100
|
|-weather|SunnyDay|[upkeep]
|-heal|p2a: Ting-Lu|100/100 brn|[from] item: Leftovers
|-damage|p2a: Ting-Lu|94/100 brn|[from] brn
|upkeep
|turn|4
|
|t:|1779558049
|switch|p2a: Cinderace|Cinderace, F|100/100
|move|p1a: Hatterene|Draining Kiss|p2a: Cinderace
|-resisted|p2a: Cinderace
|-damage|p2a: Cinderace|83/100
|-heal|p1a: Hatterene|98/100|[from] drain|[of] p2a: Cinderace
|
|-weather|SunnyDay|[upkeep]
|upkeep
|turn|5
|
|t:|1779558055
|move|p2a: Cinderace|Pyro Ball|p1a: Hatterene|[miss]
|-miss|p2a: Cinderace|p1a: Hatterene
|move|p1a: Hatterene|Nuzzle|p2a: Cinderace
|-crit|p2a: Cinderace
|-damage|p2a: Cinderace|75/100
|-status|p2a: Cinderace|par
|
|-weather|SunnyDay|[upkeep]
|upkeep
|turn|6
|
|t:|1779558058
|move|p2a: Cinderace|Pyro Ball|p1a: Hatterene
|-damage|p1a: Hatterene|26/100
|move|p1a: Hatterene|Psychic Noise|p2a: Cinderace
|-damage|p2a: Cinderace|25/100 par
|-start|p2a: Cinderace|move: Heal Block
|
|-weather|SunnyDay|[upkeep]
|upkeep
|turn|7
|
|t:|1779558068
|move|p2a: Cinderace|Pyro Ball|p1a: Hatterene
|-damage|p1a: Hatterene|0 fnt
|faint|p1a: Hatterene
|
|-weather|SunnyDay|[upkeep]
|-end|p2a: Cinderace|move: Heal Block
|upkeep
|
|t:|1779558075
|switch|p1a: Slither Wing|Slither Wing|100/100
|-activate|p1a: Slither Wing|ability: Protosynthesis
|-start|p1a: Slither Wing|protosynthesisatk
|turn|8
|
|t:|1779558081
|switch|p2a: Corviknight|Corviknight, M|90/100
|-ability|p2a: Corviknight|Pressure
|move|p1a: Slither Wing|First Impression|p2a: Corviknight
|-resisted|p2a: Corviknight
|-damage|p2a: Corviknight|79/100
|-damage|p1a: Slither Wing|84/100|[from] item: Rocky Helmet|[of] p2a: Corviknight
|
|-weather|none
|-end|p1a: Slither Wing|Protosynthesis
|upkeep
|turn|9
|
|t:|1779558088
|-end|p1a: Slither Wing|Protosynthesis|[silent]
|switch|p1a: Ninetales|Ninetales, M|100/100
|-weather|SunnyDay|[from] ability: Drought|[of] p1a: Ninetales
|move|p2a: Corviknight|U-turn|p1a: Ninetales
|-resisted|p1a: Ninetales
|-damage|p1a: Ninetales|92/100
|
|t:|1779558094
|switch|p2a: Hydrapple|Hydrapple, M|100/100|[from] U-turn
|
|-weather|SunnyDay|[upkeep]
|upkeep
|turn|10
|
|t:|1779558102
|move|p1a: Ninetales|Will-O-Wisp|p2a: Hydrapple
|-status|p2a: Hydrapple|brn
|move|p2a: Hydrapple|Dragon Tail|p1a: Ninetales
|-damage|p1a: Ninetales|80/100
|drag|p1a: Great Tusk|Great Tusk|100/100
|-activate|p1a: Great Tusk|ability: Protosynthesis
|-start|p1a: Great Tusk|protosynthesisatk
|
|-weather|SunnyDay|[upkeep]
|-damage|p2a: Hydrapple|94/100 brn|[from] brn
|upkeep
|turn|11
|
|t:|1779558107
|move|p1a: Great Tusk|Stealth Rock|p2a: Hydrapple
|-sidestart|p2: darago_a|move: Stealth Rock
|move|p2a: Hydrapple|Leaf Storm|p1a: Great Tusk
|-supereffective|p1a: Great Tusk
|-damage|p1a: Great Tusk|0 fnt
|-unboost|p2a: Hydrapple|spa|2
|faint|p1a: Great Tusk
|-end|p1a: Great Tusk|Protosynthesis|[silent]
|-enditem|p2a: Hydrapple|Eject Pack
|
|t:|1779558132
|switch|p2a: Corviknight|Corviknight, M|79/100
|-damage|p2a: Corviknight|67/100|[from] Stealth Rock
|-ability|p2a: Corviknight|Pressure
|
|-weather|SunnyDay|[upkeep]
|upkeep
|
|t:|1779558136
|switch|p1a: Walking Wake|Walking Wake|48/100
|-activate|p1a: Walking Wake|ability: Protosynthesis
|-start|p1a: Walking Wake|protosynthesisspe
|turn|12
|
|t:|1779558148
|switch|p2a: Cinderace|Cinderace, F|25/100 par
|move|p1a: Walking Wake|Flamethrower|p2a: Cinderace
|-resisted|p2a: Cinderace
|-damage|p2a: Cinderace|0 fnt
|faint|p2a: Cinderace
|
|-weather|SunnyDay|[upkeep]
|upkeep
|
|t:|1779558161
|switch|p2a: Ting-Lu|Ting-Lu|94/100 brn
|-damage|p2a: Ting-Lu|88/100 brn|[from] Stealth Rock
|-ability|p2a: Ting-Lu|Vessel of Ruin
|turn|13
|
|t:|1779558167
|-end|p1a: Walking Wake|Protosynthesis|[silent]
|switch|p1a: Slither Wing|Slither Wing|84/100
|-activate|p1a: Slither Wing|ability: Protosynthesis
|-start|p1a: Slither Wing|protosynthesisatk
|move|p2a: Ting-Lu|Earthquake|p1a: Slither Wing
|-resisted|p1a: Slither Wing
|-damage|p1a: Slither Wing|72/100
|
|-weather|SunnyDay|[upkeep]
|-heal|p2a: Ting-Lu|94/100 brn|[from] item: Leftovers
|-damage|p2a: Ting-Lu|88/100 brn|[from] brn
|upkeep
|turn|14
|
|t:|1779558178
|-terastallize|p2a: Ting-Lu|Poison
|move|p1a: Slither Wing|Close Combat|p2a: Ting-Lu
|-resisted|p2a: Ting-Lu
|-damage|p2a: Ting-Lu|62/100 brn
|-unboost|p1a: Slither Wing|def|1
|-unboost|p1a: Slither Wing|spd|1
|move|p2a: Ting-Lu|Rest|p2a: Ting-Lu
|-status|p2a: Ting-Lu|slp|[from] move: Rest
|-heal|p2a: Ting-Lu|100/100 slp|[silent]
|
|-weather|SunnyDay|[upkeep]
|upkeep
|turn|15
|
|t:|1779558182
|move|p1a: Slither Wing|Earthquake|p2a: Ting-Lu
|-supereffective|p2a: Ting-Lu
|-damage|p2a: Ting-Lu|43/100 slp
|cant|p2a: Ting-Lu|slp
|move|p2a: Ting-Lu|Sleep Talk|p2a: Ting-Lu
|move|p2a: Ting-Lu|Rest||[from] move: Sleep Talk|[still]
|-fail|p2a: Ting-Lu
|
|-weather|SunnyDay|[upkeep]
|-heal|p2a: Ting-Lu|49/100 slp|[from] item: Leftovers
|upkeep
|turn|16
|
|t:|1779558188
|switch|p2a: Corviknight|Corviknight, M|67/100
|-damage|p2a: Corviknight|55/100|[from] Stealth Rock
|-ability|p2a: Corviknight|Pressure
|move|p1a: Slither Wing|Close Combat|p2a: Corviknight
|-damage|p2a: Corviknight|2/100
|-unboost|p1a: Slither Wing|def|1
|-unboost|p1a: Slither Wing|spd|1
|-damage|p1a: Slither Wing|55/100|[from] item: Rocky Helmet|[of] p2a: Corviknight
|
|-weather|none
|-end|p1a: Slither Wing|Protosynthesis
|upkeep
|turn|17
|
|t:|1779558192
|move|p1a: Slither Wing|U-turn|p2a: Corviknight
|-resisted|p2a: Corviknight
|-damage|p2a: Corviknight|0 fnt
|-damage|p1a: Slither Wing|39/100|[from] item: Rocky Helmet|[of] p2a: Corviknight
|faint|p2a: Corviknight
|
|t:|1779558195
|-end|p1a: Slither Wing|Protosynthesis|[silent]
|switch|p1a: Ninetales|Ninetales, M|80/100|[from] U-turn
|-weather|SunnyDay|[from] ability: Drought|[of] p1a: Ninetales
|
|-weather|SunnyDay|[upkeep]
|upkeep
|
|t:|1779558198
|switch|p2a: Hydrapple|Hydrapple, M|100/100 brn
|-damage|p2a: Hydrapple|88/100 brn|[from] Stealth Rock
|turn|18
|
|t:|1779558203
|move|p1a: Ninetales|Weather Ball|p2a: Hydrapple
|-damage|p2a: Hydrapple|47/100 brn
|move|p2a: Hydrapple|Draco Meteor|p1a: Ninetales
|-damage|p1a: Ninetales|33/100
|-unboost|p2a: Hydrapple|spa|2
|
|-weather|SunnyDay|[upkeep]
|-damage|p2a: Hydrapple|41/100 brn|[from] brn
|upkeep
|turn|19
|
|t:|1779558209
|switch|p2a: Dondozo|Dondozo, M|100/100
|-damage|p2a: Dondozo|88/100|[from] Stealth Rock
|move|p1a: Ninetales|Weather Ball|p2a: Dondozo
|-resisted|p2a: Dondozo
|-damage|p2a: Dondozo|73/100
|
|-weather|SunnyDay|[upkeep]
|-heal|p2a: Dondozo|80/100|[from] item: Leftovers
|upkeep
|turn|20
|
|t:|1779558213
|switch|p2a: Ting-Lu|Ting-Lu, tera:Poison|49/100 slp
|-damage|p2a: Ting-Lu|37/100 slp|[from] Stealth Rock
|-ability|p2a: Ting-Lu|Vessel of Ruin
|move|p1a: Ninetales|Will-O-Wisp||[still]
|-fail|p1a: Ninetales
|
|-weather|SunnyDay|[upkeep]
|-heal|p2a: Ting-Lu|43/100 slp|[from] item: Leftovers
|upkeep
|turn|21
|
|t:|1779558221
|switch|p1a: Slither Wing|Slither Wing|39/100
|-activate|p1a: Slither Wing|ability: Protosynthesis
|-start|p1a: Slither Wing|protosynthesisatk
|cant|p2a: Ting-Lu|slp
|move|p2a: Ting-Lu|Sleep Talk|p2a: Ting-Lu
|move|p2a: Ting-Lu|Rest||[from] move: Sleep Talk|[still]
|-fail|p2a: Ting-Lu
|
|-weather|SunnyDay|[upkeep]
|-heal|p2a: Ting-Lu|49/100 slp|[from] item: Leftovers
|upkeep
|turn|22
|
|t:|1779558226
|switch|p2a: Hydrapple|Hydrapple, M|75/100 brn
|-damage|p2a: Hydrapple|62/100 brn|[from] Stealth Rock
|move|p1a: Slither Wing|Earthquake|p2a: Hydrapple
|-resisted|p2a: Hydrapple
|-damage|p2a: Hydrapple|48/100 brn
|
|-weather|SunnyDay|[upkeep]
|-damage|p2a: Hydrapple|42/100 brn|[from] brn
|upkeep
|turn|23
|
|t:|1779558233
|switch|p2a: Gholdengo|Gholdengo|100/100
|-damage|p2a: Gholdengo|94/100|[from] Stealth Rock
|move|p1a: Slither Wing|U-turn|p2a: Gholdengo
|-resisted|p2a: Gholdengo
|-damage|p2a: Gholdengo|79/100
|
|t:|1779558237
|-end|p1a: Slither Wing|Protosynthesis|[silent]
|switch|p1a: Walking Wake|Walking Wake|48/100|[from] U-turn
|-activate|p1a: Walking Wake|ability: Protosynthesis
|-start|p1a: Walking Wake|protosynthesisspe
|
|-weather|SunnyDay|[upkeep]
|upkeep
|turn|24
|
|t:|1779558248
|move|p1a: Walking Wake|Flamethrower|p2a: Gholdengo
|-supereffective|p2a: Gholdengo
|-damage|p2a: Gholdengo|0 fnt
|faint|p2a: Gholdengo
|
|-weather|none
|-end|p1a: Walking Wake|Protosynthesis
|upkeep
|
|t:|1779558258
|switch|p2a: Ting-Lu|Ting-Lu, tera:Poison|49/100 slp
|-damage|p2a: Ting-Lu|37/100 slp|[from] Stealth Rock
|-ability|p2a: Ting-Lu|Vessel of Ruin
|turn|25
|
|t:|1779558262
|-end|p1a: Walking Wake|Protosynthesis|[silent]
|switch|p1a: Ninetales|Ninetales, M|33/100
|-weather|SunnyDay|[from] ability: Drought|[of] p1a: Ninetales
|-curestatus|p2a: Ting-Lu|slp|[msg]
|move|p2a: Ting-Lu|Earthquake|p1a: Ninetales
|-supereffective|p1a: Ninetales
|-damage|p1a: Ninetales|0 fnt
|faint|p1a: Ninetales
|
|-weather|SunnyDay|[upkeep]
|-heal|p2a: Ting-Lu|43/100|[from] item: Leftovers
|upkeep
|
|t:|1779558280
|switch|p1a: Lilligant|Lilligant-Hisui, F|100/100
|turn|26
|
|t:|1779558284
|switch|p2a: Hydrapple|Hydrapple, M|75/100 brn
|-damage|p2a: Hydrapple|63/100 brn|[from] Stealth Rock
|move|p1a: Lilligant|Swords Dance|p1a: Lilligant
|-boost|p1a: Lilligant|atk|2
|
|-weather|SunnyDay|[upkeep]
|-damage|p2a: Hydrapple|57/100 brn|[from] brn
|upkeep
|turn|27
|
|t:|1779558287
|move|p1a: Lilligant|Triple Axel|p2a: Hydrapple
|-supereffective|p2a: Hydrapple
|-damage|p2a: Hydrapple|17/100 brn
|-supereffective|p2a: Hydrapple
|-damage|p2a: Hydrapple|0 fnt
|faint|p2a: Hydrapple
|-hitcount|p2: Hydrapple|2
|-damage|p1a: Lilligant|91/100|[from] item: Life Orb
|
|-weather|SunnyDay|[upkeep]
|upkeep
|
|t:|1779558289
|switch|p2a: Dondozo|Dondozo, M|80/100
|-damage|p2a: Dondozo|67/100|[from] Stealth Rock
|turn|28
|
|t:|1779558292
|switch|p2a: Ting-Lu|Ting-Lu, tera:Poison|43/100
|-damage|p2a: Ting-Lu|31/100|[from] Stealth Rock
|-ability|p2a: Ting-Lu|Vessel of Ruin
|move|p1a: Lilligant|Solar Blade||[still]
|-prepare|p1a: Lilligant|Solar Blade
|-anim|p1a: Lilligant|Solar Blade|p2a: Ting-Lu
|-resisted|p2a: Ting-Lu
|-damage|p2a: Ting-Lu|0 fnt
|faint|p2a: Ting-Lu
|-damage|p1a: Lilligant|81/100|[from] item: Life Orb
|
|-weather|SunnyDay|[upkeep]
|upkeep
|
|t:|1779558293
|switch|p2a: Dondozo|Dondozo, M|67/100
|-damage|p2a: Dondozo|55/100|[from] Stealth Rock
|turn|29
|
|t:|1779558295
|move|p1a: Lilligant|Solar Blade||[still]
|-prepare|p1a: Lilligant|Solar Blade
|-anim|p1a: Lilligant|Solar Blade|p2a: Dondozo
|-supereffective|p2a: Dondozo
|-damage|p2a: Dondozo|0 fnt
|faint|p2a: Dondozo
|-damage|p1a: Lilligant|71/100|[from] item: Life Orb
|
|win|AmygdalanResponse
|raw|AmygdalanResponse's rating: 1479 &rarr; <strong>1502</strong><br />(+23 for winning)
|raw|darago_a's rating: 1523 &rarr; <strong>1500</strong><br />(-23 for losing)
|l|☆darago_a
|player|p2|
|c|☆AmygdalanResponse|gg
|l|☆AmygdalanResponse
|player|p1|
