|j|☆MemesOnToast
|j|☆destructeurdecul
|t:|1779561247
|gametype|singles
|player|p1|MemesOnToast|clown|1193
|player|p2|destructeurdecul|1|1226
|gen|9
|tier|[Gen 9] OU
|rated|
|rule|HP Percentage Mod: HP is shown in percentages
|rule|Endless Battle Clause: Forcing endless battles is banned
|rule|Species Clause: Limit one of each Pokémon
|rule|OHKO Clause: OHKO moves are banned
|rule|Evasion Items Clause: Evasion items are banned
|rule|Evasion Moves Clause: Evasion moves are banned
|rule|Evasion Abilities Clause: Evasion abilities are banned
|rule|Sleep Moves Clause: Sleep-inducing moves are banned
|clearpoke
|poke|p1|Revavroom, F|
|poke|p1|Raging Bolt|
|poke|p1|Politoed, F|
|poke|p1|Gallade, M|
|poke|p1|Toxapex, F|
|poke|p1|Barraskewda, F|
|poke|p2|Garganacl, F|
|poke|p2|Samurott-Hisui, F|
|poke|p2|Glimmora, M|
|poke|p2|Kleavor, F|
|poke|p2|Rillaboom, M|
|poke|p2|Mienshao, M|
|teampreview
|inactive|Battle timer is ON: inactive players will automatically lose when time's up. (requested by destructeurdecul)
|
|t:|1779561252
|teamsize|p1|6
|teamsize|p2|6
|start
|switch|p1a: Politoed|Politoed, F|100/100
|switch|p2a: Kleavor|Kleavor, F|100/100
|-weather|RainDance|[from] ability: Drizzle|[of] p1a: Politoed
|turn|1
|
|t:|1779561256
|move|p2a: Kleavor|Stone Axe|p1a: Politoed
|-damage|p1a: Politoed|27/100
|-sidestart|p1: MemesOnToast|move: Stealth Rock
|-enditem|p1a: Politoed|Sitrus Berry|[eat]
|-heal|p1a: Politoed|51/100|[from] item: Sitrus Berry
|move|p1a: Politoed|Belly Drum|p1a: Politoed
|-damage|p1a: Politoed|1/100
|-setboost|p1a: Politoed|atk|6|[from] move: Belly Drum
|
|-weather|RainDance|[upkeep]
|upkeep
|turn|2
|
|t:|1779561267
|move|p2a: Kleavor|Stone Axe|p1a: Politoed|[miss]
|-miss|p2a: Kleavor|p1a: Politoed
|move|p1a: Politoed|Liquidation|p2a: Kleavor
|-supereffective|p2a: Kleavor
|-damage|p2a: Kleavor|0 fnt
|faint|p2a: Kleavor
|
|-weather|RainDance|[upkeep]
|upkeep
|
|t:|1779561276
|switch|p2a: Rillaboom|Rillaboom, M|100/100
|-fieldstart|move: Grassy Terrain|[from] ability: Grassy Surge|[of] p2a: Rillaboom
|turn|3
|
|t:|1779561282
|move|p2a: Rillaboom|Fake Out|p1a: Politoed
|-damage|p1a: Politoed|0 fnt
|faint|p1a: Politoed
|-damage|p2a: Rillaboom|91/100|[from] item: Life Orb
|
|-weather|RainDance|[upkeep]
|-heal|p2a: Rillaboom|97/100|[from] Grassy Terrain
|upkeep
|
|t:|1779561303
|switch|p1a: Barraskewda|Barraskewda, F|100/100
|-damage|p1a: Barraskewda|88/100|[from] Stealth Rock
|turn|4
|
|t:|1779561312
|move|p2a: Rillaboom|Grassy Glide|p1a: Barraskewda
|-supereffective|p1a: Barraskewda
|-damage|p1a: Barraskewda|0 fnt
|faint|p1a: Barraskewda
|-damage|p2a: Rillaboom|87/100|[from] item: Life Orb
|
|-weather|RainDance|[upkeep]
|-heal|p2a: Rillaboom|93/100|[from] Grassy Terrain
|upkeep
|
|t:|1779561315
|switch|p1a: Raging Bolt|Raging Bolt|100/100
|-damage|p1a: Raging Bolt|88/100|[from] Stealth Rock
|-enditem|p1a: Raging Bolt|Booster Energy
|-activate|p1a: Raging Bolt|ability: Protosynthesis|[fromitem]
|-start|p1a: Raging Bolt|protosynthesisspa
|turn|5
|
|t:|1779561318
|move|p2a: Rillaboom|Drum Beating|p1a: Raging Bolt
|-resisted|p1a: Raging Bolt
|-damage|p1a: Raging Bolt|60/100
|-unboost|p1a: Raging Bolt|spe|1
|-damage|p2a: Rillaboom|83/100|[from] item: Life Orb
|move|p1a: Raging Bolt|Calm Mind|p1a: Raging Bolt
|-boost|p1a: Raging Bolt|spa|1
|-boost|p1a: Raging Bolt|spd|1
|
|-weather|none
|-heal|p2a: Rillaboom|89/100|[from] Grassy Terrain
|-heal|p1a: Raging Bolt|66/100|[from] Grassy Terrain
|upkeep
|turn|6
|
|t:|1779561329
|move|p2a: Rillaboom|Wood Hammer|p1a: Raging Bolt
|-resisted|p1a: Raging Bolt
|-damage|p1a: Raging Bolt|25/100
|-damage|p2a: Rillaboom|71/100|[from] Recoil
|-damage|p2a: Rillaboom|61/100|[from] item: Life Orb
|move|p1a: Raging Bolt|Thunderbolt|p2a: Rillaboom
|-resisted|p2a: Rillaboom
|-damage|p2a: Rillaboom|0 fnt
|faint|p2a: Rillaboom
|
|-heal|p1a: Raging Bolt|31/100|[from] Grassy Terrain
|upkeep
|
|t:|1779561335
|switch|p2a: Garganacl|Garganacl, F|100/100
|turn|7
|
|t:|1779561341
|move|p1a: Raging Bolt|Thunderbolt|p2a: Garganacl
|-damage|p2a: Garganacl|34/100
|move|p2a: Garganacl|Salt Cure|p1a: Raging Bolt
|-damage|p1a: Raging Bolt|20/100
|-start|p1a: Raging Bolt|Salt Cure
|
|-heal|p1a: Raging Bolt|26/100|[from] Grassy Terrain
|-heal|p2a: Garganacl|40/100|[from] Grassy Terrain
|-heal|p2a: Garganacl|47/100|[from] item: Leftovers
|-damage|p1a: Raging Bolt|14/100|[from] Salt Cure
|-fieldend|move: Grassy Terrain
|upkeep
|turn|8
|inactive|MemesOnToast has 120 seconds left.
|inactive|MemesOnToast has 90 seconds left.
|
|t:|1779561411
|move|p1a: Raging Bolt|Draco Meteor|p2a: Garganacl
|-damage|p2a: Garganacl|0 fnt
|-unboost|p1a: Raging Bolt|spa|2
|faint|p2a: Garganacl
|
|-damage|p1a: Raging Bolt|1/100|[from] Salt Cure
|upkeep
|
|t:|1779561420
|switch|p2a: Mienshao|Mienshao, M|100/100
|turn|9
|
|t:|1779561429
|move|p2a: Mienshao|Fake Out|p1a: Raging Bolt
|-damage|p1a: Raging Bolt|0 fnt
|faint|p1a: Raging Bolt
|-end|p1a: Raging Bolt|Protosynthesis|[silent]
|-damage|p2a: Mienshao|91/100|[from] item: Life Orb
|
|upkeep
|
|t:|1779561434
|switch|p1a: Revavroom|Revavroom, F|100/100
|-damage|p1a: Revavroom|95/100|[from] Stealth Rock
|turn|10
|
|t:|1779561438
|move|p2a: Mienshao|High Jump Kick|p1a: Revavroom
|-damage|p1a: Revavroom|0 fnt
|faint|p1a: Revavroom
|-damage|p2a: Mienshao|81/100|[from] item: Life Orb
|
|upkeep
|
|t:|1779561444
|switch|p1a: Gallade|Gallade, M|100/100
|-damage|p1a: Gallade|94/100|[from] Stealth Rock
|turn|11
|
|t:|1779561457
|move|p2a: Mienshao|Triple Axel|p1a: Gallade
|-damage|p1a: Gallade|80/100
|-hitcount|p1a: Gallade|1
|-damage|p2a: Mienshao|71/100|[from] item: Life Orb
|move|p1a: Gallade|Psycho Cut|p2a: Mienshao
|-supereffective|p2a: Mienshao
|-damage|p2a: Mienshao|0 fnt
|faint|p2a: Mienshao
|
|upkeep
|
|t:|1779561464
|switch|p2a: Samurott|Samurott-Hisui, F|100/100
|turn|12
|inactive|MemesOnToast has 120 seconds left.
|inactive|MemesOnToast has 90 seconds left.
|
|t:|1779561525
|-terastallize|p2a: Samurott|Ground
|move|p2a: Samurott|Drill Run|p1a: Gallade
|-damage|p1a: Gallade|18/100
|move|p1a: Gallade|Sacred Sword|p2a: Samurott
|-damage|p2a: Samurott|16/100
|
|upkeep
|turn|13
|
|t:|1779561530
|move|p2a: Samurott|Drill Run|p1a: Gallade
|-crit|p1a: Gallade
|-damage|p1a: Gallade|0 fnt
|faint|p1a: Gallade
|
|upkeep
|
|t:|1779561535
|switch|p1a: Toxapex|Toxapex, F|100/100
|-damage|p1a: Toxapex|88/100|[from] Stealth Rock
|turn|14
|
|t:|1779561539
|move|p1a: Toxapex|Baneful Bunker|p1a: Toxapex
|-singleturn|p1a: Toxapex|move: Protect
|move|p2a: Samurott|Drill Run|p1a: Toxapex
|-activate|p1a: Toxapex|move: Protect
|-status|p2a: Samurott|psn
|
|-heal|p1a: Toxapex|94/100|[from] item: Black Sludge
|-damage|p2a: Samurott|4/100 psn|[from] psn
|upkeep
|turn|15
|
|t:|1779561548
|move|p2a: Samurott|Drill Run|p1a: Toxapex|[miss]
|-miss|p2a: Samurott|p1a: Toxapex
|move|p1a: Toxapex|Recover|p1a: Toxapex
|-heal|p1a: Toxapex|100/100
|
|-damage|p2a: Samurott|0 fnt|[from] psn
|faint|p2a: Samurott
|upkeep
|
|t:|1779561550
|switch|p2a: Glimmora|Glimmora, M|100/100
|turn|16
|
|t:|1779561555
|move|p2a: Glimmora|Meteor Beam||[still]
|-prepare|p2a: Glimmora|Meteor Beam
|-boost|p2a: Glimmora|spa|1
|-enditem|p2a: Glimmora|Power Herb
|-anim|p2a: Glimmora|Meteor Beam|p1a: Toxapex
|-damage|p1a: Toxapex|24/100
|move|p1a: Toxapex|Infestation|p2a: Glimmora
|-resisted|p2a: Glimmora
|-damage|p2a: Glimmora|98/100
|-activate|p2a: Glimmora|move: Infestation|[of] p1a: Toxapex
|
|-heal|p1a: Toxapex|30/100|[from] item: Black Sludge
|-damage|p2a: Glimmora|86/100|[from] move: Infestation|[partiallytrapped]
|upkeep
|turn|17
|
|t:|1779561560
|move|p1a: Toxapex|Baneful Bunker|p1a: Toxapex
|-singleturn|p1a: Toxapex|move: Protect
|move|p2a: Glimmora|Meteor Beam||[still]
|-prepare|p2a: Glimmora|Meteor Beam
|-boost|p2a: Glimmora|spa|1
|
|-heal|p1a: Toxapex|36/100|[from] item: Black Sludge
|-damage|p2a: Glimmora|73/100|[from] move: Infestation|[partiallytrapped]
|upkeep
|turn|18
|
|t:|1779561567
|-terastallize|p1a: Toxapex|Steel
|move|p1a: Toxapex|Baneful Bunker||[still]
|-fail|p1a: Toxapex
|move|p2a: Glimmora|Meteor Beam|p1a: Toxapex|[from] lockedmove
|-resisted|p1a: Toxapex
|-damage|p1a: Toxapex|0 fnt
|faint|p1a: Toxapex
|
|win|destructeurdecul
|raw|MemesOnToast's rating: 1193 &rarr; <strong>1170</strong><br />(-23 for losing)
|raw|destructeurdecul's rating: 1226 &rarr; <strong>1249</strong><br />(+23 for winning)
|l|☆destructeurdecul
|player|p2|
|l|☆MemesOnToast
|player|p1|
