|j|☆totally ligit
|j|☆maxezzz
|t:|1779664777
|gametype|singles
|player|p1|totally ligit|265|1460
|player|p2|maxezzz|waitress|1507
|gen|9
|tier|[Gen 9] OU
|rated|
|rule|HP Percentage Mod: HP is shown in percentages
|rule|Endless Battle Clause: Forcing endless battles is banned
|rule|Species Clause: Limit one of each Pokémon
|rule|OHKO Clause: OHKO moves are banned
|rule|Evasion Items Clause: Evasion items are banned
|rule|Evasion Moves Clause: Evasion moves are banned
|rule|Evasion Abilities Clause: Evasion abilities are banned
|rule|Sleep Moves Clause: Sleep-inducing moves are banned
|clearpoke
|poke|p1|Dragapult, F|
|poke|p1|Maushold-Four|
|poke|p1|Meowscarada, M|
|poke|p1|Walking Wake|
|poke|p1|Weezing-Galar, M|
|poke|p1|Magnezone|
|poke|p2|Scizor, F|
|poke|p2|Heatran, F|
|poke|p2|Raging Bolt|
|poke|p2|Great Tusk|
|poke|p2|Alomomola, M|
|poke|p2|Enamorus, F|
|teampreview
|inactive|Battle timer is ON: inactive players will automatically lose when time's up. (requested by totally ligit)
|
|t:|1779664790
|teamsize|p1|6
|teamsize|p2|6
|start
|switch|p1a: Bonk*10|Maushold-Four|100/100
|switch|p2a: Enamorus|Enamorus, F|100/100
|turn|1
|
|t:|1779664813
|switch|p2a: Heatran|Heatran, F, shiny|100/100
|-item|p2a: Heatran|Air Balloon
|move|p1a: Bonk*10|Population Bomb|p2a: Heatran
|-resisted|p2a: Heatran
|-damage|p2a: Heatran|96/100
|-enditem|p2a: Heatran|Air Balloon
|-resisted|p2a: Heatran
|-damage|p2a: Heatran|91/100
|-resisted|p2a: Heatran
|-damage|p2a: Heatran|87/100
|-resisted|p2a: Heatran
|-damage|p2a: Heatran|82/100
|-resisted|p2a: Heatran
|-damage|p2a: Heatran|78/100
|-resisted|p2a: Heatran
|-damage|p2a: Heatran|73/100
|-resisted|p2a: Heatran
|-damage|p2a: Heatran|68/100
|-resisted|p2a: Heatran
|-damage|p2a: Heatran|63/100
|-resisted|p2a: Heatran
|-damage|p2a: Heatran|59/100
|-resisted|p2a: Heatran
|-crit|p2a: Heatran
|-damage|p2a: Heatran|52/100
|-hitcount|p2a: Heatran|10
|
|upkeep
|turn|2
|
|t:|1779664832
|move|p1a: Bonk*10|Tidy Up|p1a: Bonk*10
|-boost|p1a: Bonk*10|atk|1
|-boost|p1a: Bonk*10|spe|1
|move|p2a: Heatran|Stealth Rock|p1a: Bonk*10
|-sidestart|p1: totally ligit|move: Stealth Rock
|
|upkeep
|turn|3
|
|t:|1779664835
|switch|p2a: Alomomola|Alomomola, M, shiny|100/100
|move|p1a: Bonk*10|Population Bomb|p2a: Alomomola
|-damage|p2a: Alomomola|92/100
|-damage|p1a: Bonk*10|84/100|[from] item: Rocky Helmet|[of] p2a: Alomomola
|-damage|p2a: Alomomola|83/100
|-damage|p1a: Bonk*10|67/100|[from] item: Rocky Helmet|[of] p2a: Alomomola
|-damage|p2a: Alomomola|75/100
|-damage|p1a: Bonk*10|51/100|[from] item: Rocky Helmet|[of] p2a: Alomomola
|-damage|p2a: Alomomola|66/100
|-damage|p1a: Bonk*10|34/100|[from] item: Rocky Helmet|[of] p2a: Alomomola
|-damage|p2a: Alomomola|56/100
|-damage|p1a: Bonk*10|17/100|[from] item: Rocky Helmet|[of] p2a: Alomomola
|-damage|p2a: Alomomola|47/100
|-damage|p1a: Bonk*10|1/100|[from] item: Rocky Helmet|[of] p2a: Alomomola
|-hitcount|p2a: Alomomola|6
|
|upkeep
|turn|4
|
|t:|1779664858
|move|p1a: Bonk*10|Tidy Up|p1a: Bonk*10
|-sideend|p1: totally ligit|Stealth Rock
|-activate|p1a: Bonk*10|move: Tidy Up
|-boost|p1a: Bonk*10|atk|1
|-boost|p1a: Bonk*10|spe|1
|move|p2a: Alomomola|Wish|p2a: Alomomola
|
|upkeep
|turn|5
|
|t:|1779664866
|move|p1a: Bonk*10|Thunder Wave|p2a: Alomomola
|-status|p2a: Alomomola|par
|move|p2a: Alomomola|Flip Turn|p1a: Bonk*10
|-damage|p1a: Bonk*10|0 fnt
|faint|p1a: Bonk*10
|
|t:|1779664870
|switch|p2a: Heatran|Heatran, F, shiny|52/100|[from] Flip Turn
|
|-heal|p2a: Heatran|100/100|[from] move: Wish|[wisher] Alomomola
|upkeep
|
|t:|1779664888
|switch|p1a: Walking Wake|Walking Wake|100/100
|-enditem|p1a: Walking Wake|Booster Energy
|-activate|p1a: Walking Wake|ability: Protosynthesis|[fromitem]
|-start|p1a: Walking Wake|protosynthesisspa
|turn|6
|
|t:|1779664910
|switch|p2a: Raging Bolt|Raging Bolt|100/100
|move|p1a: Walking Wake|Scald|p2a: Raging Bolt
|-resisted|p2a: Raging Bolt
|-damage|p2a: Raging Bolt|79/100
|
|upkeep
|turn|7
|
|t:|1779664918
|-end|p2a: Raging Bolt|Protosynthesis|[silent]
|switch|p2a: Heatran|Heatran, F, shiny|100/100
|move|p1a: Walking Wake|Dragon Pulse|p2a: Heatran
|-resisted|p2a: Heatran
|-damage|p2a: Heatran|81/100
|
|upkeep
|turn|8
|
|t:|1779664925
|move|p1a: Walking Wake|Scald|p2a: Heatran
|-supereffective|p2a: Heatran
|-damage|p2a: Heatran|15/100
|move|p2a: Heatran|Earth Power|p1a: Walking Wake
|-damage|p1a: Walking Wake|71/100
|
|upkeep
|turn|9
|
|t:|1779664935
|move|p1a: Walking Wake|Scald|p2a: Heatran
|-supereffective|p2a: Heatran
|-damage|p2a: Heatran|0 fnt
|faint|p2a: Heatran
|
|upkeep
|inactive|maxezzz has 120 seconds left.
|
|t:|1779664965
|switch|p2a: Scizor|Scizor, F, shiny|100/100
|turn|10
|
|t:|1779664967
|-end|p1a: Walking Wake|Protosynthesis|[silent]
|switch|p1a: Magnezone|Magnezone|100/100
|move|p2a: Scizor|Swords Dance|p2a: Scizor
|-boost|p2a: Scizor|atk|2
|
|upkeep
|turn|11
|
|t:|1779664977
|move|p1a: Magnezone|Thunderbolt|p2a: Scizor
|-damage|p2a: Scizor|0 fnt
|faint|p2a: Scizor
|
|upkeep
|
|t:|1779664990
|switch|p2a: Raging Bolt|Raging Bolt|79/100
|turn|12
|
|t:|1779664999
|switch|p1a: Walking Wake|Walking Wake|71/100
|move|p2a: Raging Bolt|Volt Switch|p1a: Walking Wake
|-damage|p1a: Walking Wake|0 fnt
|faint|p1a: Walking Wake
|-end|p1a: Walking Wake|Protosynthesis|[silent]
|
|t:|1779665005
|-end|p2a: Raging Bolt|Protosynthesis|[silent]
|switch|p2a: Alomomola|Alomomola, M, shiny|81/100 par|[from] Volt Switch
|
|upkeep
|
|t:|1779665010
|switch|p1a: Magnezone|Magnezone|100/100
|turn|13
|
|t:|1779665014
|switch|p2a: Raging Bolt|Raging Bolt|79/100
|move|p1a: Magnezone|Flash Cannon|p2a: Raging Bolt
|-resisted|p2a: Raging Bolt
|-damage|p2a: Raging Bolt|52/100
|
|upkeep
|turn|14
|
|t:|1779665022
|move|p1a: Magnezone|Flash Cannon|p2a: Raging Bolt
|-resisted|p2a: Raging Bolt
|-crit|p2a: Raging Bolt
|-damage|p2a: Raging Bolt|8/100
|move|p2a: Raging Bolt|Volt Switch|p1a: Magnezone
|-resisted|p1a: Magnezone
|-damage|p1a: Magnezone|62/100
|inactive|maxezzz has 120 seconds left.
|
|t:|1779665057
|-end|p2a: Raging Bolt|Protosynthesis|[silent]
|switch|p2a: Great Tusk|Great Tusk, shiny|100/100|[from] Volt Switch
|
|upkeep
|turn|15
|
|t:|1779665061
|switch|p1a: Weezing|Weezing-Galar, M|100/100
|move|p2a: Great Tusk|Close Combat|p1a: Weezing
|-resisted|p1a: Weezing
|-damage|p1a: Weezing|91/100
|-unboost|p2a: Great Tusk|def|1
|-unboost|p2a: Great Tusk|spd|1
|
|-heal|p1a: Weezing|97/100|[from] item: Leftovers
|upkeep
|turn|16
|inactive|maxezzz has 120 seconds left.
|
|t:|1779665079
|-end|p2a: Great Tusk|Protosynthesis|[silent]
|switch|p2a: Alomomola|Alomomola, M, shiny|100/100 par
|move|p1a: Weezing|Strange Steam|p2a: Alomomola
|-damage|p2a: Alomomola|69/100 par
|
|-heal|p1a: Weezing|100/100|[from] item: Leftovers
|upkeep
|turn|17
|
|t:|1779665082
|move|p1a: Weezing|Strange Steam|p2a: Alomomola
|-damage|p2a: Alomomola|35/100 par
|move|p2a: Alomomola|Flip Turn|p1a: Weezing
|-damage|p1a: Weezing|90/100
|
|t:|1779665095
|switch|p2a: Raging Bolt|Raging Bolt|8/100|[from] Flip Turn
|
|-heal|p1a: Weezing|96/100|[from] item: Leftovers
|upkeep
|turn|18
|
|t:|1779665101
|switch|p1a: Magnezone|Magnezone|62/100
|move|p2a: Raging Bolt|Volt Switch|p1a: Magnezone
|-resisted|p1a: Magnezone
|-damage|p1a: Magnezone|20/100
|inactive|maxezzz has 120 seconds left.
|
|t:|1779665123
|-end|p2a: Raging Bolt|Protosynthesis|[silent]
|switch|p2a: Enamorus|Enamorus, F|100/100|[from] Volt Switch
|
|upkeep
|turn|19
|
|t:|1779665130
|move|p2a: Enamorus|Moonblast|p1a: Magnezone
|-resisted|p1a: Magnezone
|-damage|p1a: Magnezone|0 fnt
|faint|p1a: Magnezone
|
|upkeep
|
|t:|1779665134
|switch|p1a: Meowscarada|Meowscarada, M|100/100
|turn|20
|
|t:|1779665140
|switch|p2a: Alomomola|Alomomola, M, shiny|68/100 par
|move|p1a: Meowscarada|U-turn|p2a: Alomomola
|-start|p1a: Meowscarada|typechange|Bug|[from] ability: Protean
|-damage|p2a: Alomomola|51/100 par
|-damage|p1a: Meowscarada|84/100|[from] item: Rocky Helmet|[of] p2a: Alomomola
|
|t:|1779665143
|switch|p1a: Dragapult|Dragapult, F|100/100|[from] U-turn
|
|upkeep
|turn|21
|
|t:|1779665150
|move|p1a: Dragapult|Dragon Darts|p2a: Alomomola
|-damage|p2a: Alomomola|34/100 par
|-anim|p1a: Dragapult|Dragon Darts|p2a: Alomomola
|-damage|p2a: Alomomola|19/100 par
|move|p2a: Alomomola|Tickle|p1a: Dragapult
|-unboost|p1a: Dragapult|atk|1
|-unboost|p1a: Dragapult|def|1
|
|upkeep
|turn|22
|
|t:|1779665154
|move|p1a: Dragapult|U-turn|p2a: Alomomola
|-damage|p2a: Alomomola|10/100 par
|-damage|p1a: Dragapult|84/100|[from] item: Rocky Helmet|[of] p2a: Alomomola
|
|t:|1779665156
|switch|p1a: Weezing|Weezing-Galar, M|96/100|[from] U-turn
|move|p2a: Alomomola|Wish|p2a: Alomomola
|
|-heal|p1a: Weezing|100/100|[from] item: Leftovers
|upkeep
|turn|23
|
|t:|1779665167
|cant|p2a: Alomomola|par
|move|p1a: Weezing|Strange Steam|p2a: Alomomola
|-damage|p2a: Alomomola|0 fnt
|faint|p2a: Alomomola
|
|upkeep
|
|t:|1779665174
|switch|p2a: Raging Bolt|Raging Bolt|8/100
|turn|24
|
|t:|1779665177
|move|p2a: Raging Bolt|Volt Switch|p1a: Weezing
|-damage|p1a: Weezing|19/100
|
|t:|1779665187
|-end|p2a: Raging Bolt|Protosynthesis|[silent]
|switch|p2a: Great Tusk|Great Tusk, shiny|100/100|[from] Volt Switch
|move|p1a: Weezing|Strange Steam|p2a: Great Tusk
|-supereffective|p2a: Great Tusk
|-damage|p2a: Great Tusk|18/100
|
|-heal|p1a: Weezing|25/100|[from] item: Leftovers
|upkeep
|turn|25
|
|t:|1779665190
|move|p2a: Great Tusk|Ice Spinner|p1a: Weezing
|-damage|p1a: Weezing|6/100
|move|p1a: Weezing|Strange Steam|p2a: Great Tusk
|-supereffective|p2a: Great Tusk
|-crit|p2a: Great Tusk
|-damage|p2a: Great Tusk|0 fnt
|faint|p2a: Great Tusk
|-end|p2a: Great Tusk|Protosynthesis|[silent]
|
|-heal|p1a: Weezing|12/100|[from] item: Leftovers
|upkeep
|
|t:|1779665199
|switch|p2a: Enamorus|Enamorus, F|100/100
|turn|26
|
|t:|1779665202
|move|p2a: Enamorus|Moonblast|p1a: Weezing
|-resisted|p1a: Weezing
|-damage|p1a: Weezing|0 fnt
|faint|p1a: Weezing
|
|upkeep
|
|t:|1779665205
|switch|p1a: Meowscarada|Meowscarada, M|84/100
|turn|27
|
|t:|1779665213
|-terastallize|p2a: Enamorus|Fairy
|move|p1a: Meowscarada|Triple Axel|p2a: Enamorus
|-start|p1a: Meowscarada|typechange|Ice|[from] ability: Protean
|-damage|p2a: Enamorus|85/100
|-damage|p2a: Enamorus|56/100
|-damage|p2a: Enamorus|15/100
|-hitcount|p2a: Enamorus|3
|move|p2a: Enamorus|Moonblast|p1a: Meowscarada
|-damage|p1a: Meowscarada|0 fnt
|faint|p1a: Meowscarada
|
|upkeep
|
|t:|1779665224
|switch|p1a: Dragapult|Dragapult, F|84/100
|turn|28
|
|t:|1779665227
|-terastallize|p1a: Dragapult|Dragon
|move|p2a: Enamorus|Moonblast|p1a: Dragapult
|-supereffective|p1a: Dragapult
|-damage|p1a: Dragapult|0 fnt
|faint|p1a: Dragapult
|
|win|maxezzz
|raw|totally ligit's rating: 1460 &rarr; <strong>1443</strong><br />(-17 for losing)
|raw|maxezzz's rating: 1507 &rarr; <strong>1524</strong><br />(+17 for winning)
|l|☆totally ligit
|player|p1|
