|j|☆NewNewNwAcc
|j|☆she's my winona
|t:|1779556700
|gametype|singles
|player|p1|NewNewNwAcc|hooligans|1262
|player|p2|she's my winona|palmer|1304
|gen|9
|tier|[Gen 9] OU
|rated|
|rule|HP Percentage Mod: HP is shown in percentages
|rule|Endless Battle Clause: Forcing endless battles is banned
|rule|Species Clause: Limit one of each Pokémon
|rule|OHKO Clause: OHKO moves are banned
|rule|Evasion Items Clause: Evasion items are banned
|rule|Evasion Moves Clause: Evasion moves are banned
|rule|Evasion Abilities Clause: Evasion abilities are banned
|rule|Sleep Moves Clause: Sleep-inducing moves are banned
|clearpoke
|poke|p1|Orthworm, F|
|poke|p1|Gliscor, F|
|poke|p1|Ceruledge, M|
|poke|p1|Ting-Lu|
|poke|p1|Dragonite, M|
|poke|p1|Sinistcha|
|poke|p2|Pelipper, F|
|poke|p2|Raging Bolt|
|poke|p2|Overqwil, M|
|poke|p2|Barraskewda, M|
|poke|p2|Iron Treads|
|poke|p2|Kingambit, M|
|teampreview
|inactive|Battle timer is ON: inactive players will automatically lose when time's up. (requested by NewNewNwAcc)
|
|t:|1779556708
|teamsize|p1|6
|teamsize|p2|6
|start
|switch|p1a: Orthworm|Orthworm, F|100/100
|switch|p2a: Pelipper|Pelipper, F|100/100
|-weather|RainDance|[from] ability: Drizzle|[of] p2a: Pelipper
|turn|1
|
|t:|1779556719
|move|p1a: Orthworm|Spikes|p2a: Pelipper
|-sidestart|p2: she's my winona|Spikes
|move|p2a: Pelipper|U-turn|p1a: Orthworm
|-resisted|p1a: Orthworm
|-damage|p1a: Orthworm|97/100
|
|t:|1779556730
|switch|p2a: Barraskewda|Barraskewda, M|100/100|[from] U-turn
|-damage|p2a: Barraskewda|88/100|[from] Spikes
|
|-weather|RainDance|[upkeep]
|-heal|p1a: Orthworm|100/100|[from] item: Leftovers
|upkeep
|turn|2
|
|t:|1779556742
|-terastallize|p2a: Barraskewda|Water
|move|p2a: Barraskewda|Liquidation|p1a: Orthworm
|-damage|p1a: Orthworm|7/100
|move|p1a: Orthworm|Iron Defense|p1a: Orthworm
|-boost|p1a: Orthworm|def|2
|
|-weather|RainDance|[upkeep]
|-heal|p1a: Orthworm|14/100|[from] item: Leftovers
|upkeep
|turn|3
|
|t:|1779556751
|switch|p1a: Dragonite|Dragonite, M|100/100
|move|p2a: Barraskewda|Liquidation|p1a: Dragonite
|-resisted|p1a: Dragonite
|-damage|p1a: Dragonite|69/100
|
|-weather|RainDance|[upkeep]
|upkeep
|turn|4
|
|t:|1779556757
|move|p2a: Barraskewda|Liquidation|p1a: Dragonite
|-resisted|p1a: Dragonite
|-damage|p1a: Dragonite|0 fnt
|faint|p1a: Dragonite
|
|-weather|RainDance|[upkeep]
|upkeep
|
|t:|1779556764
|switch|p1a: Sinistcha|Sinistcha|100/100
|turn|5
|
|t:|1779556767
|move|p2a: Barraskewda|Liquidation|p1a: Sinistcha
|-resisted|p1a: Sinistcha
|-damage|p1a: Sinistcha|54/100
|move|p1a: Sinistcha|Matcha Gotcha|p2a: Barraskewda
|-supereffective|p2a: Barraskewda
|-damage|p2a: Barraskewda|0 fnt
|-heal|p1a: Sinistcha|88/100|[from] drain|[of] p2a: Barraskewda
|faint|p2a: Barraskewda
|
|-weather|RainDance|[upkeep]
|upkeep
|
|t:|1779556778
|switch|p2a: Overqwil|Overqwil, M|100/100
|-damage|p2a: Overqwil|88/100|[from] Spikes
|turn|6
|
|t:|1779556782
|-terastallize|p1a: Sinistcha|Poison
|move|p2a: Overqwil|Crunch|p1a: Sinistcha
|-damage|p1a: Sinistcha|50/100
|-damage|p2a: Overqwil|78/100|[from] item: Life Orb
|move|p1a: Sinistcha|Strength Sap|p2a: Overqwil
|-unboost|p2a: Overqwil|atk|1
|-heal|p1a: Sinistcha|100/100
|
|-weather|RainDance|[upkeep]
|upkeep
|turn|7
|
|t:|1779556802
|switch|p2a: Iron Treads|Iron Treads|100/100
|-damage|p2a: Iron Treads|88/100|[from] Spikes
|-enditem|p2a: Iron Treads|Booster Energy
|-activate|p2a: Iron Treads|ability: Quark Drive|[fromitem]
|-start|p2a: Iron Treads|quarkdrivespe
|move|p1a: Sinistcha|Calm Mind|p1a: Sinistcha
|-boost|p1a: Sinistcha|spa|1
|-boost|p1a: Sinistcha|spd|1
|
|-weather|RainDance|[upkeep]
|upkeep
|turn|8
|
|t:|1779556811
|move|p2a: Iron Treads|Earth Power|p1a: Sinistcha
|-supereffective|p1a: Sinistcha
|-damage|p1a: Sinistcha|44/100
|move|p1a: Sinistcha|Strength Sap|p2a: Iron Treads
|-unboost|p2a: Iron Treads|atk|1
|-heal|p1a: Sinistcha|100/100
|
|-weather|none
|upkeep
|turn|9
|
|t:|1779556822
|move|p2a: Iron Treads|Earth Power|p1a: Sinistcha
|-supereffective|p1a: Sinistcha
|-damage|p1a: Sinistcha|43/100
|move|p1a: Sinistcha|Matcha Gotcha|p2a: Iron Treads
|-damage|p2a: Iron Treads|23/100
|-heal|p1a: Sinistcha|74/100|[from] drain|[of] p2a: Iron Treads
|
|upkeep
|turn|10
|
|t:|1779556831
|move|p2a: Iron Treads|Earth Power|p1a: Sinistcha
|-supereffective|p1a: Sinistcha
|-damage|p1a: Sinistcha|19/100
|move|p1a: Sinistcha|Strength Sap|p2a: Iron Treads
|-unboost|p2a: Iron Treads|atk|1
|-heal|p1a: Sinistcha|64/100
|
|upkeep
|turn|11
|
|t:|1779556839
|switch|p1a: Orthworm|Orthworm, F|14/100
|move|p2a: Iron Treads|Earth Power|p1a: Orthworm
|-heal|p1a: Orthworm|39/100|[from] ability: Earth Eater|[of] p2a: Iron Treads
|
|-heal|p1a: Orthworm|45/100|[from] item: Leftovers
|upkeep
|turn|12
|
|t:|1779556847
|move|p2a: Iron Treads|Steel Beam|p1a: Orthworm
|-resisted|p1a: Orthworm
|-damage|p1a: Orthworm|13/100
|-damage|p2a: Iron Treads|0 fnt|[from] steelbeam
|faint|p2a: Iron Treads
|-end|p2a: Iron Treads|Quark Drive|[silent]
|move|p1a: Orthworm|Iron Defense|p1a: Orthworm
|-boost|p1a: Orthworm|def|2
|
|-heal|p1a: Orthworm|19/100|[from] item: Leftovers
|upkeep
|
|t:|1779556857
|switch|p2a: Pelipper|Pelipper, F|100/100
|-weather|RainDance|[from] ability: Drizzle|[of] p2a: Pelipper
|turn|13
|
|t:|1779556863
|move|p1a: Orthworm|Spikes|p2a: Pelipper
|-sidestart|p2: she's my winona|Spikes
|move|p2a: Pelipper|Weather Ball|p1a: Orthworm
|-damage|p1a: Orthworm|0 fnt
|faint|p1a: Orthworm
|
|-weather|RainDance|[upkeep]
|upkeep
|
|t:|1779556875
|switch|p1a: Sinistcha|Sinistcha, tera:Poison|64/100
|turn|14
|
|t:|1779556879
|move|p1a: Sinistcha|Matcha Gotcha|p2a: Pelipper|[miss]
|-miss|p1a: Sinistcha|p2a: Pelipper
|move|p2a: Pelipper|Hurricane|p1a: Sinistcha
|-damage|p1a: Sinistcha|22/100
|-start|p1a: Sinistcha|confusion
|
|-weather|RainDance|[upkeep]
|upkeep
|turn|15
|
|t:|1779556889
|switch|p1a: Ting-Lu|Ting-Lu|100/100
|-ability|p1a: Ting-Lu|Vessel of Ruin
|move|p2a: Pelipper|Hurricane|p1a: Ting-Lu
|-damage|p1a: Ting-Lu|85/100
|
|-weather|RainDance|[upkeep]
|-heal|p1a: Ting-Lu|91/100|[from] item: Leftovers
|upkeep
|turn|16
|
|t:|1779556897
|move|p1a: Ting-Lu|Stealth Rock|p2a: Pelipper
|-sidestart|p2: she's my winona|move: Stealth Rock
|move|p2a: Pelipper|Weather Ball|p1a: Ting-Lu
|-supereffective|p1a: Ting-Lu
|-damage|p1a: Ting-Lu|47/100
|
|-weather|RainDance|[upkeep]
|-heal|p1a: Ting-Lu|54/100|[from] item: Leftovers
|upkeep
|turn|17
|inactive|NewNewNwAcc has 120 seconds left.
|
|t:|1779556929
|move|p2a: Pelipper|U-turn|p1a: Ting-Lu
|-supereffective|p1a: Ting-Lu
|-damage|p1a: Ting-Lu|43/100
|
|t:|1779556948
|switch|p2a: Raging Bolt|Raging Bolt|100/100|[from] U-turn
|-damage|p2a: Raging Bolt|84/100|[from] Spikes
|-damage|p2a: Raging Bolt|72/100|[from] Stealth Rock
|-enditem|p2a: Raging Bolt|Booster Energy
|-activate|p2a: Raging Bolt|ability: Protosynthesis|[fromitem]
|-start|p2a: Raging Bolt|protosynthesisspa
|move|p1a: Ting-Lu|Whirlwind|p2a: Raging Bolt
|-end|p2a: Raging Bolt|Protosynthesis|[silent]
|drag|p2a: Overqwil|Overqwil, M|78/100
|-damage|p2a: Overqwil|62/100|[from] Spikes
|-damage|p2a: Overqwil|50/100|[from] Stealth Rock
|
|-weather|RainDance|[upkeep]
|-heal|p1a: Ting-Lu|49/100|[from] item: Leftovers
|upkeep
|turn|18
|inactive|NewNewNwAcc has 120 seconds left.
|inactive|NewNewNwAcc has 90 seconds left.
|inactive|NewNewNwAcc has 60 seconds left.
|
|t:|1779557040
|move|p2a: Overqwil|Liquidation|p1a: Ting-Lu
|-supereffective|p1a: Ting-Lu
|-damage|p1a: Ting-Lu|0 fnt
|faint|p1a: Ting-Lu
|-damage|p2a: Overqwil|40/100|[from] item: Life Orb
|
|-weather|RainDance|[upkeep]
|upkeep
|
|t:|1779557042
|switch|p1a: Sinistcha|Sinistcha, tera:Poison|22/100
|turn|19
|
|t:|1779557050
|move|p2a: Overqwil|Crunch|p1a: Sinistcha
|-crit|p1a: Sinistcha
|-damage|p1a: Sinistcha|0 fnt
|faint|p1a: Sinistcha
|-damage|p2a: Overqwil|30/100|[from] item: Life Orb
|
|-weather|RainDance|[upkeep]
|upkeep
|inactive|NewNewNwAcc has 60 seconds left.
|
|t:|1779557057
|switch|p1a: Gliscor|Gliscor, F|100/100
|turn|20
|
|t:|1779557064
|move|p1a: Gliscor|Protect|p1a: Gliscor
|-singleturn|p1a: Gliscor|Protect
|move|p2a: Overqwil|Swords Dance|p2a: Overqwil
|-boost|p2a: Overqwil|atk|2
|
|-weather|none
|-status|p1a: Gliscor|tox|[from] item: Toxic Orb
|upkeep
|turn|21
|
|t:|1779557084
|move|p2a: Overqwil|Liquidation|p1a: Gliscor
|-supereffective|p1a: Gliscor
|-damage|p1a: Gliscor|0 fnt
|faint|p1a: Gliscor
|-damage|p2a: Overqwil|20/100|[from] item: Life Orb
|
|upkeep
|
|t:|1779557086
|switch|p1a: Ceruledge|Ceruledge, M|100/100
|turn|22
|
|t:|1779557092
|move|p1a: Ceruledge|Shadow Sneak|p2a: Overqwil
|-resisted|p2a: Overqwil
|-damage|p2a: Overqwil|6/100
|-damage|p1a: Ceruledge|91/100|[from] item: Life Orb
|move|p2a: Overqwil|Liquidation|p1a: Ceruledge
|-supereffective|p1a: Ceruledge
|-damage|p1a: Ceruledge|0 fnt
|faint|p1a: Ceruledge
|-damage|p2a: Overqwil|0 fnt|[from] item: Life Orb
|faint|p2a: Overqwil
|
|win|she's my winona
|raw|NewNewNwAcc's rating: 1262 &rarr; <strong>1240</strong><br />(-22 for losing)
|raw|she&apos;s my winona's rating: 1304 &rarr; <strong>1322</strong><br />(+18 for winning)
