|j|☆conwynaut
|j|☆hueehuuuek
|t:|1779682021
|gametype|singles
|player|p1|conwynaut|2|1374
|player|p2|hueehuuuek|steven|1329
|gen|9
|tier|[Gen 9] OU
|rated|
|rule|HP Percentage Mod: HP is shown in percentages
|rule|Endless Battle Clause: Forcing endless battles is banned
|rule|Species Clause: Limit one of each Pokémon
|rule|OHKO Clause: OHKO moves are banned
|rule|Evasion Items Clause: Evasion items are banned
|rule|Evasion Moves Clause: Evasion moves are banned
|rule|Evasion Abilities Clause: Evasion abilities are banned
|rule|Sleep Moves Clause: Sleep-inducing moves are banned
|clearpoke
|poke|p1|Weezing-Galar, M|
|poke|p1|Alomomola, M|
|poke|p1|Iron Treads|
|poke|p1|Tornadus-Therian, M|
|poke|p1|Zamazenta-*|
|poke|p1|Lokix, F|
|poke|p2|Suicune|
|poke|p2|Dragonite, M|
|poke|p2|Cinderace, M|
|poke|p2|Zamazenta-*|
|poke|p2|Blaziken, F|
|poke|p2|Zapdos-Galar|
|teampreview
|inactive|Battle timer is ON: inactive players will automatically lose when time's up. (requested by hueehuuuek)
|
|t:|1779682040
|teamsize|p1|6
|teamsize|p2|6
|start
|switch|p1a: Iron Treads|Iron Treads|100/100
|switch|p2a: Blaziken|Blaziken, F|100/100
|turn|1
|
|t:|1779682047
|move|p1a: Iron Treads|Stealth Rock|p2a: Blaziken
|-sidestart|p2: hueehuuuek|move: Stealth Rock
|move|p2a: Blaziken|Close Combat|p1a: Iron Treads
|-supereffective|p1a: Iron Treads
|-damage|p1a: Iron Treads|0 fnt
|-unboost|p2a: Blaziken|def|1
|-unboost|p2a: Blaziken|spd|1
|faint|p1a: Iron Treads
|-end|p1a: Iron Treads|Quark Drive|[silent]
|
|-ability|p2a: Blaziken|Speed Boost|boost
|-boost|p2a: Blaziken|spe|1
|upkeep
|
|t:|1779682059
|switch|p1a: Tornadus|Tornadus-Therian, M|100/100
|turn|2
|
|t:|1779682063
|move|p2a: Blaziken|Swords Dance|p2a: Blaziken
|-boost|p2a: Blaziken|atk|2
|move|p1a: Tornadus|Bleakwind Storm|p2a: Blaziken
|-supereffective|p2a: Blaziken
|-enditem|p2a: Blaziken|Focus Sash
|-damage|p2a: Blaziken|1/100
|
|-ability|p2a: Blaziken|Speed Boost|boost
|-boost|p2a: Blaziken|spe|1
|upkeep
|turn|3
|
|t:|1779682073
|move|p2a: Blaziken|Knock Off|p1a: Tornadus
|-damage|p1a: Tornadus|25/100
|-enditem|p1a: Tornadus|Assault Vest|[from] move: Knock Off|[of] p2a: Blaziken
|move|p1a: Tornadus|U-turn|p2a: Blaziken
|-resisted|p2a: Blaziken
|-damage|p2a: Blaziken|0 fnt
|faint|p2a: Blaziken
|
|t:|1779682078
|switch|p1a: Lokix|Lokix, F|100/100|[from] U-turn
|
|upkeep
|
|t:|1779682087
|switch|p2a: Zapdos|Zapdos-Galar|100/100
|-damage|p2a: Zapdos|88/100|[from] Stealth Rock
|turn|4
|
|t:|1779682106
|switch|p1a: Alomomola|Alomomola, M|100/100
|move|p2a: Zapdos|Thunderous Kick|p1a: Alomomola
|-damage|p1a: Alomomola|72/100
|-unboost|p1a: Alomomola|def|1
|-damage|p2a: Zapdos|72/100|[from] item: Rocky Helmet|[of] p1a: Alomomola
|
|-heal|p2a: Zapdos|78/100|[from] item: Leftovers
|upkeep
|turn|5
|
|t:|1779682111
|move|p2a: Zapdos|Substitute|p2a: Zapdos
|-start|p2a: Zapdos|Substitute
|-damage|p2a: Zapdos|53/100
|move|p1a: Alomomola|Tickle||[still]
|-fail|p1a: Alomomola
|
|-heal|p2a: Zapdos|59/100|[from] item: Leftovers
|upkeep
|turn|6
|
|t:|1779682116
|move|p2a: Zapdos|Bulk Up|p2a: Zapdos
|-boost|p2a: Zapdos|atk|1
|-boost|p2a: Zapdos|def|1
|move|p1a: Alomomola|Flip Turn|p2a: Zapdos
|-activate|p2a: Zapdos|move: Substitute|[damage]
|
|t:|1779682134
|switch|p1a: Zamazenta|Zamazenta|100/100|[from] Flip Turn
|-ability|p1a: Zamazenta|Dauntless Shield|boost
|-boost|p1a: Zamazenta|def|1
|
|-heal|p2a: Zapdos|65/100|[from] item: Leftovers
|upkeep
|turn|7
|
|t:|1779682140
|-terastallize|p1a: Zamazenta|Steel
|move|p1a: Zamazenta|Heavy Slam|p2a: Zapdos
|-end|p2a: Zapdos|Substitute
|move|p2a: Zapdos|Thunderous Kick|p1a: Zamazenta
|-supereffective|p1a: Zamazenta
|-damage|p1a: Zamazenta|8/100
|-unboost|p1a: Zamazenta|def|1
|
|-heal|p2a: Zapdos|72/100|[from] item: Leftovers
|upkeep
|turn|8
|
|t:|1779682153
|move|p1a: Zamazenta|Heavy Slam|p2a: Zapdos
|-damage|p2a: Zapdos|25/100
|move|p2a: Zapdos|Thunderous Kick|p1a: Zamazenta
|-supereffective|p1a: Zamazenta
|-damage|p1a: Zamazenta|0 fnt
|faint|p1a: Zamazenta
|
|-heal|p2a: Zapdos|32/100|[from] item: Leftovers
|upkeep
|
|t:|1779682164
|switch|p1a: Tornadus|Tornadus-Therian, M|58/100
|turn|9
|
|t:|1779682168
|move|p1a: Tornadus|Bleakwind Storm|p2a: Zapdos
|-supereffective|p2a: Zapdos
|-damage|p2a: Zapdos|0 fnt
|faint|p2a: Zapdos
|
|upkeep
|
|t:|1779682179
|switch|p2a: Suicune|Suicune, shiny|100/100
|-damage|p2a: Suicune|88/100|[from] Stealth Rock
|-ability|p2a: Suicune|Pressure
|turn|10
|
|t:|1779682185
|move|p1a: Tornadus|U-turn|p2a: Suicune
|-damage|p2a: Suicune|81/100
|
|t:|1779682192
|switch|p1a: Lokix|Lokix, F|100/100|[from] U-turn
|move|p2a: Suicune|Scald|p1a: Lokix
|-damage|p1a: Lokix|50/100
|
|-heal|p2a: Suicune|87/100|[from] item: Leftovers
|upkeep
|turn|11
|
|t:|1779682200
|-terastallize|p2a: Suicune|Fairy
|move|p1a: Lokix|First Impression|p2a: Suicune
|-resisted|p2a: Suicune
|-damage|p2a: Suicune|53/100
|move|p2a: Suicune|Scald|p1a: Lokix
|-damage|p1a: Lokix|3/100
|
|-heal|p2a: Suicune|59/100|[from] item: Leftovers
|upkeep
|turn|12
|
|t:|1779682213
|switch|p1a: Alomomola|Alomomola, M|100/100
|move|p2a: Suicune|Calm Mind|p2a: Suicune
|-boost|p2a: Suicune|spa|1
|-boost|p2a: Suicune|spd|1
|
|-heal|p2a: Suicune|66/100|[from] item: Leftovers
|upkeep
|turn|13
|
|t:|1779682218
|move|p2a: Suicune|Calm Mind|p2a: Suicune
|-boost|p2a: Suicune|spa|1
|-boost|p2a: Suicune|spd|1
|move|p1a: Alomomola|Wish|p1a: Alomomola
|
|-heal|p2a: Suicune|72/100|[from] item: Leftovers
|upkeep
|turn|14
|
|t:|1779682221
|move|p2a: Suicune|Calm Mind|p2a: Suicune
|-boost|p2a: Suicune|spa|1
|-boost|p2a: Suicune|spd|1
|move|p1a: Alomomola|Tickle|p2a: Suicune
|-unboost|p2a: Suicune|atk|1
|-unboost|p2a: Suicune|def|1
|
|-heal|p2a: Suicune|78/100|[from] item: Leftovers
|upkeep
|turn|15
|
|t:|1779682227
|move|p2a: Suicune|Scald|p1a: Alomomola
|-resisted|p1a: Alomomola
|-damage|p1a: Alomomola|74/100
|move|p1a: Alomomola|Flip Turn|p2a: Suicune
|-damage|p2a: Suicune|65/100
|
|t:|1779682233
|switch|p1a: Lokix|Lokix, F|3/100|[from] Flip Turn
|
|-heal|p2a: Suicune|71/100|[from] item: Leftovers
|upkeep
|turn|16
|
|t:|1779682243
|switch|p1a: Alomomola|Alomomola, M|100/100
|move|p2a: Suicune|Scald|p1a: Alomomola
|-resisted|p1a: Alomomola
|-damage|p1a: Alomomola|72/100
|
|-heal|p2a: Suicune|77/100|[from] item: Leftovers
|upkeep
|turn|17
|
|t:|1779682248
|switch|p2a: Cinderace|Cinderace, M|100/100
|-damage|p2a: Cinderace|76/100|[from] Stealth Rock
|move|p1a: Alomomola|Wish|p1a: Alomomola
|
|upkeep
|turn|18
|
|t:|1779682254
|move|p2a: Cinderace|Court Change|p2a: Cinderace
|-start|p2a: Cinderace|typechange|Normal|[from] ability: Libero
|-swapsideconditions
|-activate|p2a: Cinderace|move: Court Change
|move|p1a: Alomomola|Flip Turn|p2a: Cinderace
|-damage|p2a: Cinderace|51/100
|
|t:|1779682263
|switch|p1a: Weezing|Weezing-Galar, M|100/100|[from] Flip Turn
|-ability|p1a: Weezing|Neutralizing Gas
|-damage|p1a: Weezing|88/100|[from] Stealth Rock
|
|-heal|p1a: Weezing|100/100|[from] move: Wish|[wisher] Alomomola
|upkeep
|turn|19
|
|t:|1779682267
|move|p2a: Cinderace|U-turn|p1a: Weezing
|-resisted|p1a: Weezing
|-damage|p1a: Weezing|97/100
|
|t:|1779682270
|switch|p2a: Suicune|Suicune, shiny, tera:Fairy|77/100|[from] U-turn
|move|p1a: Weezing|Defog|p2a: Suicune
|-unboost|p2a: Suicune|evasion|1
|-sideend|p1: conwynaut|Stealth Rock|[from] move: Defog|[of] p1a: Weezing
|
|-heal|p2a: Suicune|83/100|[from] item: Leftovers
|-heal|p1a: Weezing|100/100|[from] item: Leftovers
|upkeep
|turn|20
|
|t:|1779682273
|move|p2a: Suicune|Calm Mind|p2a: Suicune
|-boost|p2a: Suicune|spa|1
|-boost|p2a: Suicune|spd|1
|move|p1a: Weezing|Toxic|p2a: Suicune
|-status|p2a: Suicune|tox
|
|-heal|p2a: Suicune|89/100 tox|[from] item: Leftovers
|-damage|p2a: Suicune|83/100 tox|[from] psn
|upkeep
|turn|21
|
|t:|1779682280
|move|p1a: Weezing|Protect|p1a: Weezing
|-singleturn|p1a: Weezing|Protect
|move|p2a: Suicune|Calm Mind|p2a: Suicune
|-boost|p2a: Suicune|spa|1
|-boost|p2a: Suicune|spd|1
|
|-heal|p2a: Suicune|89/100 tox|[from] item: Leftovers
|-damage|p2a: Suicune|77/100 tox|[from] psn
|upkeep
|turn|22
|
|t:|1779682287
|-end|p1a: Weezing|ability: Neutralizing Gas
|-ability|p2a: Suicune|Pressure
|switch|p1a: Alomomola|Alomomola, M|100/100
|move|p2a: Suicune|Scald|p1a: Alomomola
|-resisted|p1a: Alomomola
|-damage|p1a: Alomomola|79/100
|
|-heal|p2a: Suicune|83/100 tox|[from] item: Leftovers
|-damage|p2a: Suicune|65/100 tox|[from] psn
|upkeep
|turn|23
|
|t:|1779682299
|switch|p2a: Zamazenta|Zamazenta|100/100
|-ability|p2a: Zamazenta|Dauntless Shield|boost
|-boost|p2a: Zamazenta|def|1
|move|p1a: Alomomola|Tickle|p2a: Zamazenta
|-unboost|p2a: Zamazenta|atk|1
|-unboost|p2a: Zamazenta|def|1
|
|upkeep
|turn|24
|
|t:|1779682306
|move|p2a: Zamazenta|Substitute|p2a: Zamazenta
|-start|p2a: Zamazenta|Substitute
|-damage|p2a: Zamazenta|76/100
|move|p1a: Alomomola|Tickle||[still]
|-fail|p1a: Alomomola
|
|-heal|p2a: Zamazenta|82/100|[from] item: Leftovers
|upkeep
|turn|25
|
|t:|1779682310
|move|p2a: Zamazenta|Iron Defense|p2a: Zamazenta
|-boost|p2a: Zamazenta|def|2
|move|p1a: Alomomola|Wish|p1a: Alomomola
|
|-heal|p2a: Zamazenta|88/100|[from] item: Leftovers
|upkeep
|turn|26
|
|t:|1779682317
|move|p2a: Zamazenta|Iron Defense|p2a: Zamazenta
|-boost|p2a: Zamazenta|def|2
|move|p1a: Alomomola|Flip Turn|p2a: Zamazenta
|-activate|p2a: Zamazenta|move: Substitute|[damage]
|
|t:|1779682320
|switch|p1a: Lokix|Lokix, F|3/100|[from] Flip Turn
|
|-heal|p1a: Lokix|87/100|[from] move: Wish|[wisher] Alomomola
|-heal|p2a: Zamazenta|94/100|[from] item: Leftovers
|upkeep
|turn|27
|
|t:|1779682329
|switch|p1a: Tornadus|Tornadus-Therian, M|92/100
|move|p2a: Zamazenta|Body Press|p1a: Tornadus
|-resisted|p1a: Tornadus
|-damage|p1a: Tornadus|38/100
|
|-heal|p2a: Zamazenta|100/100|[from] item: Leftovers
|upkeep
|turn|28
|
|t:|1779682334
|move|p2a: Zamazenta|Body Press|p1a: Tornadus
|-resisted|p1a: Tornadus
|-damage|p1a: Tornadus|0 fnt
|faint|p1a: Tornadus
|
|upkeep
|
|t:|1779682337
|switch|p1a: Weezing|Weezing-Galar, M|100/100
|-ability|p1a: Weezing|Neutralizing Gas
|turn|29
|
|t:|1779682340
|move|p2a: Zamazenta|Body Press|p1a: Weezing
|-resisted|p1a: Weezing
|-damage|p1a: Weezing|86/100
|move|p1a: Weezing|Defog||[still]
|-fail|p1a: Weezing
|
|-heal|p1a: Weezing|92/100|[from] item: Leftovers
|upkeep
|turn|30
|
|t:|1779682352
|move|p1a: Weezing|Protect|p1a: Weezing
|-singleturn|p1a: Weezing|Protect
|move|p2a: Zamazenta|Iron Defense|p2a: Zamazenta
|-boost|p2a: Zamazenta|def|2
|
|-heal|p1a: Weezing|98/100|[from] item: Leftovers
|upkeep
|turn|31
|
|t:|1779682363
|-end|p1a: Weezing|ability: Neutralizing Gas
|switch|p1a: Alomomola|Alomomola, M|100/100
|move|p2a: Zamazenta|Iron Defense|p2a: Zamazenta
|-boost|p2a: Zamazenta|def|0
|
|upkeep
|turn|32
|
|t:|1779682368
|move|p2a: Zamazenta|Body Press|p1a: Alomomola
|-damage|p1a: Alomomola|26/100
|-damage|p2a: Zamazenta|84/100|[from] item: Rocky Helmet|[of] p1a: Alomomola
|move|p1a: Alomomola|Flip Turn|p2a: Zamazenta
|-activate|p2a: Zamazenta|move: Substitute|[damage]
|
|t:|1779682373
|switch|p1a: Weezing|Weezing-Galar, M|98/100|[from] Flip Turn
|-ability|p1a: Weezing|Neutralizing Gas
|
|-heal|p2a: Zamazenta|90/100|[from] item: Leftovers
|-heal|p1a: Weezing|100/100|[from] item: Leftovers
|upkeep
|turn|33
|
|t:|1779682377
|move|p1a: Weezing|Protect|p1a: Weezing
|-singleturn|p1a: Weezing|Protect
|move|p2a: Zamazenta|Crunch|p1a: Weezing
|-activate|p1a: Weezing|move: Protect
|
|-heal|p2a: Zamazenta|96/100|[from] item: Leftovers
|upkeep
|turn|34
|
|t:|1779682402
|move|p2a: Zamazenta|Crunch|p1a: Weezing
|-resisted|p1a: Weezing
|-damage|p1a: Weezing|96/100
|move|p1a: Weezing|Defog||[still]
|-fail|p1a: Weezing
|
|-heal|p2a: Zamazenta|100/100|[from] item: Leftovers
|-heal|p1a: Weezing|100/100|[from] item: Leftovers
|upkeep
|turn|35
|inactive|hueehuuuek has 120 seconds left.
|inactive|hueehuuuek has 90 seconds left.
|
|t:|1779682469
|move|p2a: Zamazenta|Crunch|p1a: Weezing
|-resisted|p1a: Weezing
|-damage|p1a: Weezing|96/100
|move|p1a: Weezing|Toxic||[still]
|-fail|p1a: Weezing
|
|-heal|p1a: Weezing|100/100|[from] item: Leftovers
|upkeep
|turn|36
|
|t:|1779682478
|move|p1a: Weezing|Protect|p1a: Weezing
|-singleturn|p1a: Weezing|Protect
|move|p2a: Zamazenta|Iron Defense|p2a: Zamazenta
|-boost|p2a: Zamazenta|def|0
|
|upkeep
|turn|37
|
|t:|1779682488
|move|p2a: Zamazenta|Iron Defense|p2a: Zamazenta
|-boost|p2a: Zamazenta|def|0
|move|p1a: Weezing|Defog||[still]
|-fail|p1a: Weezing
|
|upkeep
|turn|38
|
|t:|1779682494
|move|p2a: Zamazenta|Iron Defense|p2a: Zamazenta
|-boost|p2a: Zamazenta|def|0
|move|p1a: Weezing|Defog||[still]
|-fail|p1a: Weezing
|
|upkeep
|turn|39
|
|t:|1779682502
|move|p2a: Zamazenta|Iron Defense|p2a: Zamazenta
|-boost|p2a: Zamazenta|def|0
|move|p1a: Weezing|Defog||[still]
|-fail|p1a: Weezing
|
|upkeep
|turn|40
|
|t:|1779682510
|move|p2a: Zamazenta|Iron Defense|p2a: Zamazenta
|-boost|p2a: Zamazenta|def|0
|move|p1a: Weezing|Defog||[still]
|-fail|p1a: Weezing
|
|upkeep
|turn|41
|
|t:|1779682516
|move|p2a: Zamazenta|Crunch|p1a: Weezing
|-resisted|p1a: Weezing
|-damage|p1a: Weezing|96/100
|move|p1a: Weezing|Defog||[still]
|-fail|p1a: Weezing
|
|-heal|p1a: Weezing|100/100|[from] item: Leftovers
|upkeep
|turn|42
|
|t:|1779682523
|move|p2a: Zamazenta|Crunch|p1a: Weezing
|-resisted|p1a: Weezing
|-damage|p1a: Weezing|96/100
|move|p1a: Weezing|Defog||[still]
|-fail|p1a: Weezing
|
|-heal|p1a: Weezing|100/100|[from] item: Leftovers
|upkeep
|turn|43
|
|t:|1779682533
|move|p2a: Zamazenta|Iron Defense|p2a: Zamazenta
|-boost|p2a: Zamazenta|def|0
|move|p1a: Weezing|Defog||[still]
|-fail|p1a: Weezing
|
|upkeep
|turn|44
|
|t:|1779682538
|move|p2a: Zamazenta|Crunch|p1a: Weezing
|-resisted|p1a: Weezing
|-damage|p1a: Weezing|96/100
|-unboost|p1a: Weezing|def|1
|move|p1a: Weezing|Defog||[still]
|-fail|p1a: Weezing
|
|-heal|p1a: Weezing|100/100|[from] item: Leftovers
|upkeep
|turn|45
|
|t:|1779682547
|move|p2a: Zamazenta|Iron Defense|p2a: Zamazenta
|-boost|p2a: Zamazenta|def|0
|move|p1a: Weezing|Defog||[still]
|-fail|p1a: Weezing
|
|upkeep
|turn|46
|
|t:|1779682551
|move|p2a: Zamazenta|Crunch|p1a: Weezing
|-resisted|p1a: Weezing
|-damage|p1a: Weezing|93/100
|move|p1a: Weezing|Defog||[still]
|-fail|p1a: Weezing
|
|-heal|p1a: Weezing|99/100|[from] item: Leftovers
|upkeep
|turn|47
|
|t:|1779682557
|-end|p1a: Weezing|ability: Neutralizing Gas
|switch|p1a: Alomomola|Alomomola, M|60/100
|move|p2a: Zamazenta|Crunch|p1a: Alomomola
|-damage|p1a: Alomomola|50/100
|-damage|p2a: Zamazenta|84/100|[from] item: Rocky Helmet|[of] p1a: Alomomola
|
|-heal|p2a: Zamazenta|90/100|[from] item: Leftovers
|upkeep
|turn|48
|
|t:|1779682566
|move|p1a: Alomomola|Protect|p1a: Alomomola
|-singleturn|p1a: Alomomola|Protect
|move|p2a: Zamazenta|Body Press|p1a: Alomomola
|-activate|p1a: Alomomola|move: Protect
|
|-heal|p2a: Zamazenta|96/100|[from] item: Leftovers
|upkeep
|turn|49
|
|t:|1779682573
|switch|p1a: Weezing|Weezing-Galar, M|99/100
|-ability|p1a: Weezing|Neutralizing Gas
|move|p2a: Zamazenta|Body Press|p1a: Weezing
|-resisted|p1a: Weezing
|-damage|p1a: Weezing|78/100
|
|-heal|p2a: Zamazenta|100/100|[from] item: Leftovers
|-heal|p1a: Weezing|84/100|[from] item: Leftovers
|upkeep
|turn|50
|
|t:|1779682584
|move|p2a: Zamazenta|Crunch|p1a: Weezing
|-resisted|p1a: Weezing
|-damage|p1a: Weezing|79/100
|move|p1a: Weezing|Defog||[still]
|-fail|p1a: Weezing
|
|-heal|p1a: Weezing|85/100|[from] item: Leftovers
|upkeep
|turn|51
|
|t:|1779682593
|move|p2a: Zamazenta|Body Press|p1a: Weezing
|-resisted|p1a: Weezing
|-damage|p1a: Weezing|63/100
|move|p1a: Weezing|Defog||[still]
|-fail|p1a: Weezing
|
|-heal|p1a: Weezing|69/100|[from] item: Leftovers
|upkeep
|turn|52
|
|t:|1779682600
|move|p2a: Zamazenta|Crunch|p1a: Weezing
|-resisted|p1a: Weezing
|-damage|p1a: Weezing|64/100
|move|p1a: Weezing|Defog||[still]
|-fail|p1a: Weezing
|
|-heal|p1a: Weezing|70/100|[from] item: Leftovers
|upkeep
|turn|53
|
|t:|1779682605
|move|p1a: Weezing|Protect|p1a: Weezing
|-singleturn|p1a: Weezing|Protect
|move|p2a: Zamazenta|Crunch|p1a: Weezing
|-activate|p1a: Weezing|move: Protect
|
|-heal|p1a: Weezing|76/100|[from] item: Leftovers
|upkeep
|turn|54
|
|t:|1779682611
|move|p2a: Zamazenta|Body Press|p1a: Weezing
|-resisted|p1a: Weezing
|-damage|p1a: Weezing|55/100
|move|p1a: Weezing|Defog||[still]
|-fail|p1a: Weezing
|
|-heal|p1a: Weezing|61/100|[from] item: Leftovers
|upkeep
|turn|55
|
|t:|1779682616
|move|p2a: Zamazenta|Body Press|p1a: Weezing
|-resisted|p1a: Weezing
|-damage|p1a: Weezing|42/100
|move|p1a: Weezing|Defog||[still]
|-fail|p1a: Weezing
|
|-heal|p1a: Weezing|48/100|[from] item: Leftovers
|upkeep
|turn|56
|
|t:|1779682625
|move|p1a: Weezing|Protect|p1a: Weezing
|-singleturn|p1a: Weezing|Protect
|move|p2a: Zamazenta|Crunch|p1a: Weezing
|-activate|p1a: Weezing|move: Protect
|
|-heal|p1a: Weezing|54/100|[from] item: Leftovers
|upkeep
|turn|57
|
|t:|1779682635
|move|p2a: Zamazenta|Body Press|p1a: Weezing
|-resisted|p1a: Weezing
|-damage|p1a: Weezing|34/100
|move|p1a: Weezing|Defog||[still]
|-fail|p1a: Weezing
|
|-heal|p1a: Weezing|40/100|[from] item: Leftovers
|upkeep
|turn|58
|
|t:|1779682639
|move|p2a: Zamazenta|Body Press|p1a: Weezing
|-resisted|p1a: Weezing
|-damage|p1a: Weezing|19/100
|move|p1a: Weezing|Defog||[still]
|-fail|p1a: Weezing
|
|-heal|p1a: Weezing|25/100|[from] item: Leftovers
|upkeep
|turn|59
|
|t:|1779682645
|move|p1a: Weezing|Protect|p1a: Weezing
|-singleturn|p1a: Weezing|Protect
|move|p2a: Zamazenta|Crunch|p1a: Weezing
|-activate|p1a: Weezing|move: Protect
|
|-heal|p1a: Weezing|31/100|[from] item: Leftovers
|upkeep
|turn|60
|
|t:|1779682651
|move|p1a: Weezing|Protect|p1a: Weezing
|-singleturn|p1a: Weezing|Protect
|move|p2a: Zamazenta|Body Press|p1a: Weezing
|-activate|p1a: Weezing|move: Protect
|
|-heal|p1a: Weezing|37/100|[from] item: Leftovers
|upkeep
|turn|61
|
|t:|1779682657
|move|p2a: Zamazenta|Body Press|p1a: Weezing
|-resisted|p1a: Weezing
|-crit|p1a: Weezing
|-damage|p1a: Weezing|9/100
|move|p1a: Weezing|Defog||[still]
|-fail|p1a: Weezing
|
|-heal|p1a: Weezing|15/100|[from] item: Leftovers
|upkeep
|turn|62
|
|t:|1779682661
|move|p1a: Weezing|Protect|p1a: Weezing
|-singleturn|p1a: Weezing|Protect
|move|p2a: Zamazenta|Body Press|p1a: Weezing
|-activate|p1a: Weezing|move: Protect
|
|-heal|p1a: Weezing|21/100|[from] item: Leftovers
|upkeep
|turn|63
|
|t:|1779682676
|-end|p1a: Weezing|ability: Neutralizing Gas
|switch|p1a: Alomomola|Alomomola, M|84/100
|move|p2a: Zamazenta|Body Press|p1a: Alomomola
|-damage|p1a: Alomomola|13/100
|-damage|p2a: Zamazenta|84/100|[from] item: Rocky Helmet|[of] p1a: Alomomola
|
|-heal|p2a: Zamazenta|90/100|[from] item: Leftovers
|upkeep
|turn|64
|
|t:|1779682686
|move|p1a: Alomomola|Protect|p1a: Alomomola
|-singleturn|p1a: Alomomola|Protect
|move|p2a: Zamazenta|Crunch|p1a: Alomomola
|-activate|p1a: Alomomola|move: Protect
|
|-heal|p2a: Zamazenta|96/100|[from] item: Leftovers
|upkeep
|turn|65
|
|t:|1779682695
|move|p2a: Zamazenta|Body Press|p1a: Alomomola
|-damage|p1a: Alomomola|0 fnt
|-damage|p2a: Zamazenta|80/100|[from] item: Rocky Helmet|[of] p1a: Alomomola
|faint|p1a: Alomomola
|
|-heal|p2a: Zamazenta|86/100|[from] item: Leftovers
|upkeep
|
|t:|1779682699
|switch|p1a: Weezing|Weezing-Galar, M|21/100
|-ability|p1a: Weezing|Neutralizing Gas
|turn|66
|
|t:|1779682707
|switch|p2a: Suicune|Suicune, shiny, tera:Fairy|65/100 tox
|move|p1a: Weezing|Defog|p2a: Suicune
|-unboost|p2a: Suicune|evasion|1
|
|-heal|p2a: Suicune|71/100 tox|[from] item: Leftovers
|-heal|p1a: Weezing|27/100|[from] item: Leftovers
|-damage|p2a: Suicune|65/100 tox|[from] psn
|upkeep
|turn|67
|
|t:|1779682718
|move|p1a: Weezing|Protect|p1a: Weezing
|-singleturn|p1a: Weezing|Protect
|move|p2a: Suicune|Scald|p1a: Weezing
|-activate|p1a: Weezing|move: Protect
|
|-heal|p2a: Suicune|71/100 tox|[from] item: Leftovers
|-heal|p1a: Weezing|33/100|[from] item: Leftovers
|-damage|p2a: Suicune|58/100 tox|[from] psn
|upkeep
|turn|68
|
|t:|1779682733
|-end|p1a: Weezing|ability: Neutralizing Gas
|-ability|p2a: Suicune|Pressure
|switch|p1a: Lokix|Lokix, F|87/100
|move|p2a: Suicune|Scald|p1a: Lokix
|-damage|p1a: Lokix|41/100
|
|-heal|p2a: Suicune|65/100 tox|[from] item: Leftovers
|-damage|p2a: Suicune|46/100 tox|[from] psn
|upkeep
|turn|69
|
|t:|1779682740
|move|p1a: Lokix|Leech Life|p2a: Suicune
|-resisted|p2a: Suicune
|-damage|p2a: Suicune|16/100 tox
|-heal|p1a: Lokix|63/100|[from] drain|[of] p2a: Suicune
|move|p2a: Suicune|Scald|p1a: Lokix
|-damage|p1a: Lokix|17/100
|-status|p1a: Lokix|brn
|
|-heal|p2a: Suicune|22/100 tox|[from] item: Leftovers
|-damage|p2a: Suicune|0 fnt|[from] psn
|faint|p2a: Suicune
|-damage|p1a: Lokix|11/100 brn|[from] brn
|upkeep
|
|t:|1779682743
|switch|p2a: Cinderace|Cinderace, M|51/100
|turn|70
|
|t:|1779682746
|switch|p1a: Weezing|Weezing-Galar, M|33/100
|-ability|p1a: Weezing|Neutralizing Gas
|move|p2a: Cinderace|Pyro Ball|p1a: Weezing
|-damage|p1a: Weezing|0 fnt
|faint|p1a: Weezing
|-end|p1a: Weezing|ability: Neutralizing Gas
|
|upkeep
|
|t:|1779682748
|switch|p1a: Lokix|Lokix, F|11/100 brn
|turn|71
|
|t:|1779682750
|move|p1a: Lokix|First Impression|p2a: Cinderace
|-resisted|p2a: Cinderace
|-damage|p2a: Cinderace|5/100
|move|p2a: Cinderace|Pyro Ball|p1a: Lokix
|-supereffective|p1a: Lokix
|-damage|p1a: Lokix|0 fnt
|faint|p1a: Lokix
|
|win|hueehuuuek
|raw|conwynaut's rating: 1374 &rarr; <strong>1351</strong><br />(-23 for losing)
|raw|hueehuuuek's rating: 1329 &rarr; <strong>1352</strong><br />(+23 for winning)
|l|☆conwynaut
|player|p1|
|l|☆hueehuuuek
|player|p2|
