|j|☆greattrainer123
|j|☆Jeffthe1st
|t:|1779621219
|gametype|singles
|player|p1|greattrainer123|2|1367
|player|p2|Jeffthe1st|170|1336
|gen|9
|tier|[Gen 9] OU
|rated|
|rule|HP Percentage Mod: HP is shown in percentages
|rule|Endless Battle Clause: Forcing endless battles is banned
|rule|Species Clause: Limit one of each Pokémon
|rule|OHKO Clause: OHKO moves are banned
|rule|Evasion Items Clause: Evasion items are banned
|rule|Evasion Moves Clause: Evasion moves are banned
|rule|Evasion Abilities Clause: Evasion abilities are banned
|rule|Sleep Moves Clause: Sleep-inducing moves are banned
|clearpoke
|poke|p1|Corviknight, F|
|poke|p1|Fezandipiti, M|
|poke|p1|Bellibolt, F|
|poke|p1|Alomomola, F|
|poke|p1|Mandibuzz, F|
|poke|p1|Blissey, F|
|poke|p2|Hydrapple, F|
|poke|p2|Dondozo, F|
|poke|p2|Clodsire, F|
|poke|p2|Moltres|
|poke|p2|Great Tusk|
|poke|p2|Blissey, F|
|teampreview
|inactive|Battle timer is ON: inactive players will automatically lose when time's up. (requested by greattrainer123)
|
|t:|1779621239
|teamsize|p1|6
|teamsize|p2|6
|start
|switch|p1a: Fezandipiti|Fezandipiti, M|100/100
|switch|p2a: Clodsire|Clodsire, F|100/100
|turn|1
|
|t:|1779621252
|move|p1a: Fezandipiti|U-turn|p2a: Clodsire
|-resisted|p2a: Clodsire
|-damage|p2a: Clodsire|93/100
|
|t:|1779621263
|switch|p1a: Corviknight|Corviknight, F|100/100|[from] U-turn
|move|p2a: Clodsire|Spikes|p1a: Corviknight
|-sidestart|p1: greattrainer123|Spikes
|
|upkeep
|turn|2
|
|t:|1779621274
|switch|p2a: Dondozo|Dondozo, F|100/100
|move|p1a: Corviknight|Taunt|p2a: Dondozo
|-start|p2a: Dondozo|move: Taunt
|
|upkeep
|turn|3
|
|t:|1779621295
|move|p1a: Corviknight|U-turn|p2a: Dondozo
|-damage|p2a: Dondozo|94/100
|
|t:|1779621299
|switch|p1a: Bellibolt|Bellibolt, F|100/100|[from] U-turn
|-damage|p1a: Bellibolt|88/100|[from] Spikes
|move|p2a: Dondozo|Avalanche|p1a: Bellibolt
|-damage|p1a: Bellibolt|80/100
|
|-heal|p1a: Bellibolt|86/100|[from] item: Leftovers
|-heal|p2a: Dondozo|99/100|[from] item: Leftovers
|upkeep
|turn|4
|
|t:|1779621312
|switch|p1a: Corviknight|Corviknight, F|100/100
|switch|p2a: Clodsire|Clodsire, F|93/100
|
|upkeep
|turn|5
|
|t:|1779621322
|switch|p2a: Moltres|Moltres|100/100
|move|p1a: Corviknight|Defog|p2a: Moltres
|-unboost|p2a: Moltres|evasion|1
|-sideend|p1: greattrainer123|Spikes|[from] move: Defog|[of] p1a: Corviknight
|
|upkeep
|turn|6
|
|t:|1779621351
|switch|p1a: Fezandipiti|Fezandipiti, M|100/100
|move|p2a: Moltres|Flamethrower|p1a: Fezandipiti
|-damage|p1a: Fezandipiti|79/100
|
|-heal|p1a: Fezandipiti|85/100|[from] item: Leftovers
|upkeep
|turn|7
|
|t:|1779621359
|switch|p2a: Clodsire|Clodsire, F|93/100
|move|p1a: Fezandipiti|Toxic|p2a: Clodsire
|-immune|p2a: Clodsire
|
|-heal|p1a: Fezandipiti|91/100|[from] item: Leftovers
|upkeep
|turn|8
|
|t:|1779621377
|move|p1a: Fezandipiti|U-turn|p2a: Clodsire
|-resisted|p2a: Clodsire
|-damage|p2a: Clodsire|86/100
|
|t:|1779621380
|switch|p1a: Corviknight|Corviknight, F|100/100|[from] U-turn
|move|p2a: Clodsire|Spikes|p1a: Corviknight
|-sidestart|p1: greattrainer123|Spikes
|
|upkeep
|turn|9
|
|t:|1779621385
|switch|p2a: Moltres|Moltres|100/100
|move|p1a: Corviknight|Defog|p2a: Moltres
|-unboost|p2a: Moltres|evasion|1
|-sideend|p1: greattrainer123|Spikes|[from] move: Defog|[of] p1a: Corviknight
|
|upkeep
|turn|10
|inactive|greattrainer123 has 120 seconds left.
|
|t:|1779621416
|switch|p1a: Blissey|Blissey, F|100/100
|move|p2a: Moltres|Flamethrower|p1a: Blissey
|-damage|p1a: Blissey|89/100
|
|-heal|p1a: Blissey|95/100|[from] item: Leftovers
|upkeep
|turn|11
|
|t:|1779621423
|move|p2a: Moltres|U-turn|p1a: Blissey
|-damage|p1a: Blissey|65/100
|
|t:|1779621428
|switch|p2a: Clodsire|Clodsire, F|86/100|[from] U-turn
|move|p1a: Blissey|Ice Beam|p2a: Clodsire
|-supereffective|p2a: Clodsire
|-damage|p2a: Clodsire|64/100
|
|-heal|p1a: Blissey|71/100|[from] item: Leftovers
|upkeep
|turn|12
|-message|greattrainer123 forfeited.
|
|win|Jeffthe1st
|raw|greattrainer123's rating: 1345 &rarr; <strong>1324</strong><br />(-21 for losing)
|raw|Jeffthe1st's rating: 1336 &rarr; <strong>1357</strong><br />(+21 for winning)
|l|☆greattrainer123
|player|p1|
|l|☆Jeffthe1st
|player|p2|
