|j|☆ahjskahskjah
|j|☆Nuii09
|t:|1779570445
|gametype|singles
|player|p1|ahjskahskjah|plasmagrunt-gen5bw|1610
|player|p2|Nuii09|baker|1641
|gen|9
|tier|[Gen 9] OU
|rated|
|rule|HP Percentage Mod: HP is shown in percentages
|rule|Endless Battle Clause: Forcing endless battles is banned
|rule|Species Clause: Limit one of each Pokémon
|rule|OHKO Clause: OHKO moves are banned
|rule|Evasion Items Clause: Evasion items are banned
|rule|Evasion Moves Clause: Evasion moves are banned
|rule|Evasion Abilities Clause: Evasion abilities are banned
|rule|Sleep Moves Clause: Sleep-inducing moves are banned
|clearpoke
|poke|p1|Dragonite, F|
|poke|p1|Clefable, F|
|poke|p1|Gliscor, F|
|poke|p1|Dondozo, F|
|poke|p1|Ogerpon, F|
|poke|p1|Gholdengo|
|poke|p2|Hydrapple, M|
|poke|p2|Darkrai|
|poke|p2|Cinderace, F|
|poke|p2|Clodsire, M|
|poke|p2|Corviknight, F|
|poke|p2|Alomomola, F|
|teampreview
|inactive|Battle timer is ON: inactive players will automatically lose when time's up. (requested by ahjskahskjah)
|
|t:|1779570454
|teamsize|p1|6
|teamsize|p2|6
|start
|switch|p1a: Gliscor|Gliscor, F|100/100
|switch|p2a: Hydrapple|Hydrapple, M|100/100
|turn|1
|
|t:|1779570458
|move|p1a: Gliscor|Toxic|p2a: Hydrapple
|-status|p2a: Hydrapple|tox
|move|p2a: Hydrapple|Fickle Beam|p1a: Gliscor
|-damage|p1a: Gliscor|49/100
|-damage|p2a: Hydrapple|91/100 tox|[from] item: Life Orb
|
|-damage|p2a: Hydrapple|84/100 tox|[from] psn
|-status|p1a: Gliscor|tox|[from] item: Toxic Orb
|upkeep
|turn|2
|
|t:|1779570463
|move|p1a: Gliscor|Protect|p1a: Gliscor
|-singleturn|p1a: Gliscor|Protect
|move|p2a: Hydrapple|Nasty Plot|p2a: Hydrapple
|-boost|p2a: Hydrapple|spa|2
|
|-heal|p1a: Gliscor|61/100 tox|[from] ability: Poison Heal
|-damage|p2a: Hydrapple|72/100 tox|[from] psn
|upkeep
|turn|3
|
|t:|1779570468
|switch|p1a: Clefable|Clefable, F|100/100
|move|p2a: Hydrapple|Leaf Storm|p1a: Clefable
|-damage|p1a: Clefable|0 fnt
|-unboost|p2a: Hydrapple|spa|2
|faint|p1a: Clefable
|-damage|p2a: Hydrapple|62/100 tox|[from] item: Life Orb
|
|-damage|p2a: Hydrapple|44/100 tox|[from] psn
|upkeep
|
|t:|1779570474
|switch|p1a: Gholdengo|Gholdengo|100/100
|turn|4
|
|t:|1779570476
|switch|p2a: Alomomola|Alomomola, F|100/100
|move|p1a: Gholdengo|Shadow Ball|p2a: Alomomola
|-damage|p2a: Alomomola|83/100
|
|upkeep
|turn|5
|
|t:|1779570484
|switch|p1a: Ogerpon|Ogerpon, F|100/100
|move|p2a: Alomomola|Flip Turn|p1a: Ogerpon
|-resisted|p1a: Ogerpon
|-damage|p1a: Ogerpon|90/100
|
|t:|1779570486
|switch|p2a: Cinderace|Cinderace, F|100/100|[from] Flip Turn
|
|upkeep
|turn|6
|
|t:|1779570490
|switch|p1a: Dondozo|Dondozo, F, shiny|100/100
|move|p2a: Cinderace|U-turn|p1a: Dondozo
|-start|p2a: Cinderace|typechange|Bug|[from] ability: Libero
|-damage|p1a: Dondozo|79/100
|
|t:|1779570493
|switch|p2a: Hydrapple|Hydrapple, M|77/100 tox|[from] U-turn
|
|-damage|p2a: Hydrapple|71/100 tox|[from] psn
|upkeep
|turn|7
|
|t:|1779570499
|switch|p1a: Gholdengo|Gholdengo|100/100
|move|p2a: Hydrapple|Leaf Storm|p1a: Gholdengo
|-resisted|p1a: Gholdengo
|-damage|p1a: Gholdengo|58/100
|-unboost|p2a: Hydrapple|spa|2
|-damage|p2a: Hydrapple|61/100 tox|[from] item: Life Orb
|
|-damage|p2a: Hydrapple|49/100 tox|[from] psn
|upkeep
|turn|8
|
|t:|1779570506
|switch|p2a: Alomomola|Alomomola, F|100/100
|move|p1a: Gholdengo|Recover|p1a: Gholdengo
|-heal|p1a: Gholdengo|100/100
|
|upkeep
|turn|9
|
|t:|1779570508
|move|p1a: Gholdengo|Nasty Plot|p1a: Gholdengo
|-boost|p1a: Gholdengo|spa|2
|move|p2a: Alomomola|Flip Turn|p1a: Gholdengo
|-damage|p1a: Gholdengo|88/100
|
|t:|1779570511
|switch|p2a: Darkrai|Darkrai, shiny|100/100|[from] Flip Turn
|
|upkeep
|turn|10
|
|t:|1779570515
|switch|p2a: Alomomola|Alomomola, F|100/100
|-terastallize|p1a: Gholdengo|Water
|move|p1a: Gholdengo|Make It Rain|p2a: Alomomola
|-resisted|p2a: Alomomola
|-damage|p2a: Alomomola|75/100
|-unboost|p1a: Gholdengo|spa|1
|
|upkeep
|turn|11
|
|t:|1779570528
|move|p1a: Gholdengo|Nasty Plot|p1a: Gholdengo
|-boost|p1a: Gholdengo|spa|2
|move|p2a: Alomomola|Flip Turn|p1a: Gholdengo
|-resisted|p1a: Gholdengo
|-damage|p1a: Gholdengo|81/100
|inactive|Nuii09 has 120 seconds left.
|
|t:|1779570576
|switch|p2a: Cinderace|Cinderace, F|100/100|[from] Flip Turn
|
|upkeep
|turn|12
|
|t:|1779570582
|move|p2a: Cinderace|U-turn|p1a: Gholdengo
|-start|p2a: Cinderace|typechange|Bug|[from] ability: Libero
|-damage|p1a: Gholdengo|45/100
|
|t:|1779570590
|switch|p2a: Alomomola|Alomomola, F|100/100|[from] U-turn
|move|p1a: Gholdengo|Shadow Ball|p2a: Alomomola
|-damage|p2a: Alomomola|54/100
|
|upkeep
|turn|13
|
|t:|1779570598
|move|p1a: Gholdengo|Recover|p1a: Gholdengo
|-heal|p1a: Gholdengo|95/100
|move|p2a: Alomomola|Mirror Coat||[still]
|-fail|p2a: Alomomola
|
|upkeep
|turn|14
|
|t:|1779570606
|move|p1a: Gholdengo|Nasty Plot|p1a: Gholdengo
|-boost|p1a: Gholdengo|spa|2
|move|p2a: Alomomola|Flip Turn|p1a: Gholdengo
|-resisted|p1a: Gholdengo
|-damage|p1a: Gholdengo|89/100
|
|t:|1779570632
|switch|p2a: Clodsire|Clodsire, M, shiny|100/100|[from] Flip Turn
|
|upkeep
|turn|15
|
|t:|1779570641
|move|p2a: Clodsire|Protect|p2a: Clodsire
|-singleturn|p2a: Clodsire|Protect
|move|p1a: Gholdengo|Shadow Ball|p2a: Clodsire
|-activate|p2a: Clodsire|move: Protect
|
|upkeep
|turn|16
|
|t:|1779570654
|move|p1a: Gholdengo|Make It Rain|p2a: Clodsire
|-damage|p2a: Clodsire|61/100
|-unboost|p1a: Gholdengo|spa|1
|move|p2a: Clodsire|Toxic|p1a: Gholdengo
|-immune|p1a: Gholdengo|[from] ability: Good as Gold
|
|-heal|p2a: Clodsire|67/100|[from] item: Leftovers
|upkeep
|turn|17
|
|t:|1779570661
|move|p2a: Clodsire|Protect|p2a: Clodsire
|-singleturn|p2a: Clodsire|Protect
|move|p1a: Gholdengo|Shadow Ball|p2a: Clodsire
|-activate|p2a: Clodsire|move: Protect
|
|-heal|p2a: Clodsire|73/100|[from] item: Leftovers
|upkeep
|turn|18
|
|t:|1779570667
|move|p1a: Gholdengo|Shadow Ball|p2a: Clodsire
|-damage|p2a: Clodsire|46/100
|move|p2a: Clodsire|Toxic|p1a: Gholdengo
|-immune|p1a: Gholdengo|[from] ability: Good as Gold
|
|-heal|p2a: Clodsire|52/100|[from] item: Leftovers
|upkeep
|turn|19
|
|t:|1779570671
|move|p2a: Clodsire|Protect|p2a: Clodsire
|-singleturn|p2a: Clodsire|Protect
|move|p1a: Gholdengo|Shadow Ball|p2a: Clodsire
|-activate|p2a: Clodsire|move: Protect
|
|-heal|p2a: Clodsire|58/100|[from] item: Leftovers
|upkeep
|turn|20
|
|t:|1779570673
|move|p1a: Gholdengo|Shadow Ball|p2a: Clodsire
|-damage|p2a: Clodsire|33/100
|move|p2a: Clodsire|Recover|p2a: Clodsire
|-heal|p2a: Clodsire|83/100
|
|-heal|p2a: Clodsire|89/100|[from] item: Leftovers
|upkeep
|turn|21
|
|t:|1779570679
|move|p2a: Clodsire|Protect|p2a: Clodsire
|-singleturn|p2a: Clodsire|Protect
|move|p1a: Gholdengo|Shadow Ball|p2a: Clodsire
|-activate|p2a: Clodsire|move: Protect
|
|-heal|p2a: Clodsire|95/100|[from] item: Leftovers
|upkeep
|turn|22
|
|t:|1779570689
|move|p1a: Gholdengo|Shadow Ball|p2a: Clodsire
|-damage|p2a: Clodsire|67/100
|move|p2a: Clodsire|Toxic|p1a: Gholdengo
|-immune|p1a: Gholdengo|[from] ability: Good as Gold
|
|-heal|p2a: Clodsire|74/100|[from] item: Leftovers
|upkeep
|turn|23
|
|t:|1779570694
|switch|p1a: Gliscor|Gliscor, F|61/100 tox
|move|p2a: Clodsire|Protect||[still]
|-fail|p2a: Clodsire
|
|-heal|p2a: Clodsire|80/100|[from] item: Leftovers
|-heal|p1a: Gliscor|74/100 tox|[from] ability: Poison Heal
|upkeep
|turn|24
|
|t:|1779570698
|switch|p2a: Corviknight|Corviknight, F|100/100
|-ability|p2a: Corviknight|Pressure
|move|p1a: Gliscor|Spikes|p2a: Corviknight
|-sidestart|p2: Nuii09|Spikes
|
|-heal|p1a: Gliscor|86/100 tox|[from] ability: Poison Heal
|upkeep
|turn|25
|
|t:|1779570707
|move|p1a: Gliscor|Knock Off|p2a: Corviknight
|-damage|p2a: Corviknight|88/100
|-damage|p1a: Gliscor|70/100 tox|[from] item: Rocky Helmet|[of] p2a: Corviknight
|-enditem|p2a: Corviknight|Rocky Helmet|[from] move: Knock Off|[of] p1a: Gliscor
|move|p2a: Corviknight|U-turn|p1a: Gliscor
|-resisted|p1a: Gliscor
|-damage|p1a: Gliscor|64/100 tox
|
|t:|1779570710
|switch|p2a: Hydrapple|Hydrapple, M|82/100 tox|[from] U-turn
|-damage|p2a: Hydrapple|70/100 tox|[from] Spikes
|
|-heal|p1a: Gliscor|76/100 tox|[from] ability: Poison Heal
|-damage|p2a: Hydrapple|64/100 tox|[from] psn
|upkeep
|turn|26
|
|t:|1779570723
|move|p1a: Gliscor|Knock Off|p2a: Hydrapple
|-damage|p2a: Hydrapple|47/100 tox
|-enditem|p2a: Hydrapple|Life Orb|[from] move: Knock Off|[of] p1a: Gliscor
|move|p2a: Hydrapple|Nasty Plot|p2a: Hydrapple
|-boost|p2a: Hydrapple|spa|2
|
|-heal|p1a: Gliscor|89/100 tox|[from] ability: Poison Heal
|-damage|p2a: Hydrapple|35/100 tox|[from] psn
|upkeep
|turn|27
|
|t:|1779570728
|switch|p2a: Corviknight|Corviknight, F|88/100
|-ability|p2a: Corviknight|Pressure
|move|p1a: Gliscor|Protect||[still]
|-fail|p1a: Gliscor
|
|-heal|p1a: Gliscor|100/100 tox|[from] ability: Poison Heal
|upkeep
|turn|28
|
|t:|1779570732
|move|p1a: Gliscor|Spikes|p2a: Corviknight
|-sidestart|p2: Nuii09|Spikes
|move|p2a: Corviknight|U-turn|p1a: Gliscor
|-resisted|p1a: Gliscor
|-damage|p1a: Gliscor|95/100 tox
|
|t:|1779570735
|switch|p2a: Hydrapple|Hydrapple, M|68/100 tox|[from] U-turn
|-damage|p2a: Hydrapple|52/100 tox|[from] Spikes
|
|-heal|p1a: Gliscor|100/100 tox|[from] ability: Poison Heal
|-damage|p2a: Hydrapple|46/100 tox|[from] psn
|upkeep
|turn|29
|
|t:|1779570743
|switch|p1a: Ogerpon|Ogerpon, F|90/100
|switch|p2a: Corviknight|Corviknight, F|88/100
|-ability|p2a: Corviknight|Pressure
|
|upkeep
|turn|30
|
|t:|1779570746
|move|p1a: Ogerpon|Leech Seed|p2a: Corviknight
|-start|p2a: Corviknight|move: Leech Seed
|move|p2a: Corviknight|Defog|p1a: Ogerpon
|-unboost|p1a: Ogerpon|evasion|1
|-ability|p1a: Ogerpon|Defiant|boost
|-boost|p1a: Ogerpon|atk|2
|-sideend|p2: Nuii09|Spikes|[from] move: Defog|[of] p2a: Corviknight
|
|-damage|p2a: Corviknight|76/100|[from] Leech Seed|[of] p1a: Ogerpon
|-heal|p1a: Ogerpon|100/100|[silent]
|upkeep
|turn|31
|
|t:|1779570751
|move|p1a: Ogerpon|Encore|p2a: Corviknight
|-start|p2a: Corviknight|Encore
|move|p2a: Corviknight|Defog|p1a: Ogerpon
|-unboost|p1a: Ogerpon|evasion|1
|-ability|p1a: Ogerpon|Defiant|boost
|-boost|p1a: Ogerpon|atk|2
|
|-damage|p2a: Corviknight|63/100|[from] Leech Seed|[of] p1a: Ogerpon
|upkeep
|turn|32
|
|t:|1779570757
|switch|p2a: Hydrapple|Hydrapple, M|79/100 tox
|move|p1a: Ogerpon|Ivy Cudgel|p2a: Hydrapple
|-resisted|p2a: Hydrapple
|-damage|p2a: Hydrapple|48/100 tox
|
|-damage|p2a: Hydrapple|41/100 tox|[from] psn
|upkeep
|turn|33
|
|t:|1779570786
|switch|p2a: Darkrai|Darkrai, shiny|100/100
|move|p1a: Ogerpon|Ivy Cudgel|p2a: Darkrai
|-damage|p2a: Darkrai|0 fnt
|faint|p2a: Darkrai
|
|upkeep
|
|t:|1779570791
|switch|p2a: Corviknight|Corviknight, F|63/100
|-ability|p2a: Corviknight|Pressure
|turn|34
|
|t:|1779570804
|switch|p1a: Gliscor|Gliscor, F|100/100 tox
|move|p2a: Corviknight|Brave Bird|p1a: Gliscor
|-damage|p1a: Gliscor|74/100 tox
|-damage|p2a: Corviknight|56/100|[from] Recoil
|
|-heal|p1a: Gliscor|86/100 tox|[from] ability: Poison Heal
|upkeep
|turn|35
|
|t:|1779570808
|move|p1a: Gliscor|Spikes|p2a: Corviknight
|-sidestart|p2: Nuii09|Spikes
|move|p2a: Corviknight|Roost|p2a: Corviknight
|-heal|p2a: Corviknight|100/100
|-singleturn|p2a: Corviknight|move: Roost
|
|-heal|p1a: Gliscor|99/100 tox|[from] ability: Poison Heal
|upkeep
|turn|36
|
|t:|1779570813
|switch|p1a: Ogerpon|Ogerpon, F|100/100
|move|p2a: Corviknight|Defog|p1a: Ogerpon
|-unboost|p1a: Ogerpon|evasion|1
|-ability|p1a: Ogerpon|Defiant|boost
|-boost|p1a: Ogerpon|atk|2
|-sideend|p2: Nuii09|Spikes|[from] move: Defog|[of] p2a: Corviknight
|
|upkeep
|turn|37
|
|t:|1779570818
|switch|p2a: Hydrapple|Hydrapple, M|75/100 tox
|move|p1a: Ogerpon|Leech Seed|p2a: Hydrapple
|-immune|p2a: Hydrapple
|
|-damage|p2a: Hydrapple|69/100 tox|[from] psn
|upkeep
|turn|38
|
|t:|1779570823
|move|p1a: Ogerpon|U-turn|p2a: Hydrapple
|-supereffective|p2a: Hydrapple
|-damage|p2a: Hydrapple|0 fnt
|faint|p2a: Hydrapple
|
|t:|1779570842
|switch|p1a: Dondozo|Dondozo, F, shiny|79/100|[from] U-turn
|
|upkeep
|
|t:|1779570848
|switch|p2a: Cinderace|Cinderace, F|100/100
|turn|39
|
|t:|1779570851
|move|p2a: Cinderace|High Jump Kick|p1a: Dondozo
|-start|p2a: Cinderace|typechange|Fighting|[from] ability: Libero
|-damage|p1a: Dondozo|36/100
|move|p1a: Dondozo|Curse|p1a: Dondozo
|-unboost|p1a: Dondozo|spe|1
|-boost|p1a: Dondozo|atk|1
|-boost|p1a: Dondozo|def|1
|
|upkeep
|turn|40
|
|t:|1779570869
|switch|p1a: Gliscor|Gliscor, F|99/100 tox
|move|p2a: Cinderace|High Jump Kick|p1a: Gliscor
|-resisted|p1a: Gliscor
|-damage|p1a: Gliscor|65/100 tox
|
|-heal|p1a: Gliscor|77/100 tox|[from] ability: Poison Heal
|upkeep
|turn|41
|
|t:|1779570874
|switch|p2a: Corviknight|Corviknight, F|100/100
|-ability|p2a: Corviknight|Pressure
|move|p1a: Gliscor|Spikes|p2a: Corviknight
|-sidestart|p2: Nuii09|Spikes
|
|-heal|p1a: Gliscor|90/100 tox|[from] ability: Poison Heal
|upkeep
|turn|42
|-message|Nuii09 forfeited.
|
|win|ahjskahskjah
|raw|ahjskahskjah's rating: 1610 &rarr; <strong>1632</strong><br />(+22 for winning)
|raw|Nuii09's rating: 1641 &rarr; <strong>1619</strong><br />(-22 for losing)
|l|☆Nuii09
|player|p2|
