|j|☆poyoloswag
|j|☆party girl 2004
|t:|1779556821
|gametype|singles
|player|p1|poyoloswag|265|1306
|player|p2|party girl 2004|lass-gen4dp|1350
|gen|9
|tier|[Gen 9] OU
|rated|
|rule|HP Percentage Mod: HP is shown in percentages
|rule|Endless Battle Clause: Forcing endless battles is banned
|rule|Species Clause: Limit one of each Pokémon
|rule|OHKO Clause: OHKO moves are banned
|rule|Evasion Items Clause: Evasion items are banned
|rule|Evasion Moves Clause: Evasion moves are banned
|rule|Evasion Abilities Clause: Evasion abilities are banned
|rule|Sleep Moves Clause: Sleep-inducing moves are banned
|clearpoke
|poke|p1|Gliscor, F|
|poke|p1|Clefable, M|
|poke|p1|Latios, M|
|poke|p1|Gholdengo|
|poke|p1|Zapdos|
|poke|p1|Zamazenta-*|
|poke|p2|Mew|
|poke|p2|Emboar, M|
|poke|p2|Serperior, M|
|poke|p2|Murkrow, L7, M|
|poke|p2|Hoopa-Unbound|
|poke|p2|Dragonite, M|
|teampreview
|inactive|Battle timer is ON: inactive players will automatically lose when time's up. (requested by party girl 2004)
|inactive|poyoloswag also wants the timer to be on.
|
|t:|1779556827
|teamsize|p1|6
|teamsize|p2|6
|start
|switch|p1a: Gliscor|Gliscor, F|100/100
|switch|p2a: 1111|Mew, shiny|100/100
|turn|1
|
|t:|1779556832
|move|p1a: Gliscor|Protect|p1a: Gliscor
|-singleturn|p1a: Gliscor|Protect
|move|p2a: 1111|Taunt|p1a: Gliscor
|-activate|p1a: Gliscor|move: Protect
|
|-status|p1a: Gliscor|tox|[from] item: Toxic Orb
|upkeep
|turn|2
|
|t:|1779556836
|switch|p1a: Zapdos|Zapdos|100/100
|move|p2a: 1111|Taunt|p1a: Zapdos
|-start|p1a: Zapdos|move: Taunt
|
|upkeep
|turn|3
|
|t:|1779556841
|move|p2a: 1111|Gravity|p2a: 1111
|-fieldstart|move: Gravity
|move|p1a: Zapdos|U-turn|p2a: 1111
|-supereffective|p2a: 1111
|-damage|p2a: 1111|78/100
|
|t:|1779556844
|switch|p1a: Gliscor|Gliscor, F|100/100 tox|[from] U-turn
|
|upkeep
|turn|4
|
|t:|1779556849
|move|p2a: 1111|Taunt|p1a: Gliscor
|-start|p1a: Gliscor|move: Taunt
|move|p1a: Gliscor|Earthquake|p2a: 1111
|-damage|p2a: 1111|50/100
|
|upkeep
|turn|5
|
|t:|1779556853
|switch|p1a: Zapdos|Zapdos|100/100
|move|p2a: 1111|Tailwind|p2a: 1111
|-sidestart|p2: party girl 2004|move: Tailwind
|
|upkeep
|turn|6
|
|t:|1779556856
|move|p2a: 1111|Misty Explosion|p1a: Zapdos
|-damage|p1a: Zapdos|79/100
|faint|p2a: 1111
|move|p1a: Zapdos|Thunderbolt|p2: 1111|[notarget]
|-fail|p1a: Zapdos
|
|upkeep
|
|t:|1779556859
|switch|p2a: 2222|Emboar, M, shiny|100/100
|turn|7
|
|t:|1779556865
|-terastallize|p2a: 2222|Rock
|move|p2a: 2222|Head Smash|p1a: Zapdos
|-supereffective|p1a: Zapdos
|-damage|p1a: Zapdos|0 fnt
|faint|p1a: Zapdos
|-damage|p2a: 2222|59/100|[from] Recoil
|-damage|p2a: 2222|49/100|[from] item: Life Orb
|
|-fieldend|move: Gravity
|upkeep
|
|t:|1779556872
|switch|p1a: Gliscor|Gliscor, F|100/100 tox
|turn|8
|
|t:|1779556876
|move|p1a: Gliscor|Protect|p1a: Gliscor
|-singleturn|p1a: Gliscor|Protect
|move|p2a: 2222|Head Smash|p1a: Gliscor
|-activate|p1a: Gliscor|move: Protect
|
|-sideend|p2: party girl 2004|move: Tailwind
|upkeep
|turn|9
|
|t:|1779556878
|move|p2a: 2222|Head Smash|p1a: Gliscor
|-damage|p1a: Gliscor|9/100 tox
|-damage|p2a: 2222|6/100|[from] Recoil
|-damage|p2a: 2222|0 fnt|[from] item: Life Orb
|faint|p2a: 2222
|move|p1a: Gliscor|Spikes|p2: 2222
|-sidestart|p2: party girl 2004|Spikes
|
|-heal|p1a: Gliscor|21/100 tox|[from] ability: Poison Heal
|upkeep
|
|t:|1779556894
|switch|p2a: 3333|Serperior, M, shiny|100/100
|-damage|p2a: 3333|88/100|[from] Spikes
|turn|10
|
|t:|1779556901
|switch|p1a: Gholdengo|Gholdengo|100/100
|move|p2a: 3333|Leaf Storm|p1a: Gholdengo
|-resisted|p1a: Gholdengo
|-damage|p1a: Gholdengo|75/100
|-boost|p2a: 3333|spa|2
|
|upkeep
|turn|11
|
|t:|1779556905
|move|p1a: Gholdengo|Shadow Ball|p2a: 3333
|-damage|p2a: 3333|38/100
|move|p2a: 3333|Glare|p1a: Gholdengo
|-immune|p1a: Gholdengo|[from] ability: Good as Gold
|
|upkeep
|turn|12
|
|t:|1779556912
|move|p1a: Gholdengo|Shadow Ball|p2a: 3333
|-damage|p2a: 3333|0 fnt
|faint|p2a: 3333
|
|upkeep
|
|t:|1779556915
|switch|p2a: 4444|Murkrow, L7, M, shiny|100/100
|turn|13
|
|t:|1779556920
|switch|p1a: Clefable|Clefable, M|100/100
|move|p2a: 4444|Tailwind|p2a: 4444
|-sidestart|p2: party girl 2004|move: Tailwind
|
|upkeep
|turn|14
|
|t:|1779556923
|move|p1a: Clefable|Stealth Rock|p2a: 4444
|-sidestart|p2: party girl 2004|move: Stealth Rock
|move|p2a: 4444|U-turn|p1a: Clefable
|-resisted|p1a: Clefable
|-damage|p1a: Clefable|99/100
|
|t:|1779556927
|switch|p2a: 5555|Hoopa-Unbound|100/100|[from] U-turn
|-damage|p2a: 5555|88/100|[from] Spikes
|-damage|p2a: 5555|76/100|[from] Stealth Rock
|
|-heal|p1a: Clefable|100/100|[from] item: Leftovers
|upkeep
|turn|15
|
|t:|1779556940
|move|p2a: 5555|Zen Headbutt|p1a: Clefable
|-damage|p1a: Clefable|40/100
|-damage|p2a: 5555|66/100|[from] item: Life Orb
|cant|p1a: Clefable|flinch
|
|-heal|p1a: Clefable|46/100|[from] item: Leftovers
|upkeep
|turn|16
|
|t:|1779556943
|move|p2a: 5555|Zen Headbutt|p1a: Clefable
|-damage|p1a: Clefable|0 fnt
|faint|p1a: Clefable
|-damage|p2a: 5555|56/100|[from] item: Life Orb
|
|-sideend|p2: party girl 2004|move: Tailwind
|upkeep
|
|t:|1779556948
|switch|p1a: Gholdengo|Gholdengo|75/100
|turn|17
|
|t:|1779556951
|-terastallize|p1a: Gholdengo|Fairy
|move|p1a: Gholdengo|Dazzling Gleam|p2a: 5555
|-supereffective|p2a: 5555
|-damage|p2a: 5555|0 fnt
|faint|p2a: 5555
|
|upkeep
|
|t:|1779556958
|switch|p2a: 4444|Murkrow, L7, M, shiny|100/100
|-damage|p2a: 4444|78/100|[from] Stealth Rock
|turn|18
|
|t:|1779556963
|move|p2a: 4444|Tailwind|p2a: 4444
|-sidestart|p2: party girl 2004|move: Tailwind
|move|p1a: Gholdengo|Dazzling Gleam|p2a: 4444
|-supereffective|p2a: 4444
|-damage|p2a: 4444|0 fnt
|faint|p2a: 4444
|
|upkeep
|
|t:|1779556966
|switch|p2a: 6666|Dragonite, M, shiny|100/100
|turn|19
|
|t:|1779556984
|move|p2a: 6666|Dragon Dance|p2a: 6666
|-boost|p2a: 6666|atk|1
|-boost|p2a: 6666|spe|1
|move|p1a: Gholdengo|Dazzling Gleam|p2a: 6666
|-supereffective|p2a: 6666
|-damage|p2a: 6666|60/100
|
|upkeep
|turn|20
|
|t:|1779557000
|move|p2a: 6666|Roost|p2a: 6666
|-heal|p2a: 6666|100/100
|-singleturn|p2a: 6666|move: Roost
|move|p1a: Gholdengo|Dazzling Gleam|p2a: 6666
|-supereffective|p2a: 6666
|-damage|p2a: 6666|57/100
|
|upkeep
|turn|21
|
|t:|1779557007
|move|p2a: 6666|Roost|p2a: 6666
|-heal|p2a: 6666|100/100
|-singleturn|p2a: 6666|move: Roost
|move|p1a: Gholdengo|Dazzling Gleam|p2a: 6666
|-supereffective|p2a: 6666
|-damage|p2a: 6666|63/100
|
|-sideend|p2: party girl 2004|move: Tailwind
|upkeep
|turn|22
|
|t:|1779557010
|move|p1a: Gholdengo|Dazzling Gleam|p2a: 6666
|-supereffective|p2a: 6666
|-damage|p2a: 6666|0 fnt
|faint|p2a: 6666
|
|win|poyoloswag
|raw|poyoloswag's rating: 1306 &rarr; <strong>1329</strong><br />(+23 for winning)
|raw|party girl 2004's rating: 1350 &rarr; <strong>1327</strong><br />(-23 for losing)
|l|☆party girl 2004
|player|p2|
|l|☆poyoloswag
|player|p1|
