|j|☆OP Earthquakes
|j|☆Purple Amoonguss
|t:|1779646836
|gametype|singles
|player|p1|OP Earthquakes|giovanni-masters|1626
|player|p2|Purple Amoonguss|pokemonbreederf|1632
|gen|9
|tier|[Gen 9] OU
|rated|
|rule|HP Percentage Mod: HP is shown in percentages
|rule|Endless Battle Clause: Forcing endless battles is banned
|rule|Species Clause: Limit one of each Pokémon
|rule|OHKO Clause: OHKO moves are banned
|rule|Evasion Items Clause: Evasion items are banned
|rule|Evasion Moves Clause: Evasion moves are banned
|rule|Evasion Abilities Clause: Evasion abilities are banned
|rule|Sleep Moves Clause: Sleep-inducing moves are banned
|clearpoke
|poke|p1|Tyranitar, F|
|poke|p1|Pawmot, F|
|poke|p1|Kyurem|
|poke|p1|Excadrill, M|
|poke|p1|Hawlucha, M|
|poke|p1|Grimmsnarl, M|
|poke|p2|Gliscor, F|
|poke|p2|Heatran, M|
|poke|p2|Sinistcha|
|poke|p2|Corviknight, M|
|poke|p2|Tentacruel, M|
|poke|p2|Darkrai|
|teampreview
|inactive|Battle timer is ON: inactive players will automatically lose when time's up. (requested by OP Earthquakes)
|
|t:|1779646852
|teamsize|p1|6
|teamsize|p2|6
|start
|switch|p1a: Toshiro|Kyurem, shiny|100/100
|switch|p2a: Darkrai|Darkrai|100/100
|-ability|p1a: Toshiro|Pressure
|turn|1
|
|t:|1779646854
|move|p2a: Darkrai|Knock Off|p1a: Toshiro
|-damage|p1a: Toshiro|65/100
|-enditem|p1a: Toshiro|Expert Belt|[from] move: Knock Off|[of] p2a: Darkrai
|move|p1a: Toshiro|Freeze-Dry|p2a: Darkrai
|-damage|p2a: Darkrai|47/100
|
|upkeep
|turn|2
|j| 54 Insane Rats
|c|☆OP Earthquakes|might as well go for the hax
|inactive|Purple Amoonguss has 120 seconds left.
|inactive|Purple Amoonguss has 90 seconds left.
|
|t:|1779646918
|move|p2a: Darkrai|Dark Pulse|p1a: Toshiro
|-damage|p1a: Toshiro|14/100
|move|p1a: Toshiro|Freeze-Dry|p2a: Darkrai
|-damage|p2a: Darkrai|0 fnt
|faint|p2a: Darkrai
|
|upkeep
|inactive|Purple Amoonguss has 90 seconds left.
|l| 54 Insane Rats
|j| 54 Insane Rats
|
|t:|1779646937
|switch|p2a: Tentacruel|Tentacruel, M, shiny|100/100
|turn|3
|l| 54 Insane Rats
|
|t:|1779646950
|move|p2a: Tentacruel|Sludge Bomb|p1a: Toshiro
|-crit|p1a: Toshiro
|-damage|p1a: Toshiro|0 fnt
|faint|p1a: Toshiro
|
|upkeep
|
|t:|1779646954
|switch|p1a: Porunga|Pawmot, F|100/100
|turn|4
|inactive|Purple Amoonguss has 90 seconds left.
|
|t:|1779646959
|switch|p2a: Sinistcha|Sinistcha|100/100
|move|p1a: Porunga|Revival Blessing|p1a: Porunga
|-enditem|p1a: Porunga|Leppa Berry|[eat]
|-activate|p1a: Porunga|item: Leppa Berry|Revival Blessing|[consumed]
|
|t:|1779646964
|-heal|p1: Toshiro|50/100|[from] move: Revival Blessing
|
|upkeep
|turn|5
|j| kanaete onegai
|
|t:|1779646969
|switch|p1a: Itachi|Hawlucha, M, shiny|100/100
|-ability|p1a: Itachi|Mold Breaker
|switch|p2a: Heatran|Heatran, M|100/100
|
|upkeep
|turn|6
|
|t:|1779646980
|-terastallize|p2a: Heatran|Ghost
|move|p1a: Itachi|Swords Dance|p1a: Itachi
|-boost|p1a: Itachi|atk|2
|move|p2a: Heatran|Stealth Rock|p1a: Itachi
|-sidestart|p1: OP Earthquakes|move: Stealth Rock
|
|upkeep
|turn|7
|
|t:|1779646986
|move|p1a: Itachi|Encore|p2a: Heatran
|-start|p2a: Heatran|Encore
|move|p2a: Heatran|Stealth Rock||[still]
|-fail|p2a: Heatran
|
|upkeep
|turn|8
|
|t:|1779646990
|switch|p2a: Gliscor|Gliscor, F|100/100
|move|p1a: Itachi|Swords Dance|p1a: Itachi
|-boost|p1a: Itachi|atk|2
|
|-status|p2a: Gliscor|tox|[from] item: Toxic Orb
|upkeep
|turn|9
|
|t:|1779646994
|switch|p2a: Heatran|Heatran, M, tera:Ghost|100/100
|move|p1a: Itachi|Brave Bird|p2a: Heatran
|-crit|p2a: Heatran
|-damage|p2a: Heatran|0 fnt
|faint|p2a: Heatran
|-damage|p1a: Itachi|58/100|[from] Recoil
|
|upkeep
|
|t:|1779646999
|switch|p2a: Corviknight|Corviknight, M|100/100
|-ability|p2a: Corviknight|Pressure
|turn|10
|
|t:|1779647001
|move|p1a: Itachi|Defog|p2a: Corviknight
|-unboost|p2a: Corviknight|evasion|1
|-sideend|p1: OP Earthquakes|Stealth Rock|[from] move: Defog|[of] p1a: Itachi
|move|p2a: Corviknight|Brave Bird|p1a: Itachi
|-supereffective|p1a: Itachi
|-damage|p1a: Itachi|0 fnt
|faint|p1a: Itachi
|-damage|p2a: Corviknight|86/100|[from] Recoil
|
|upkeep
|
|t:|1779647011
|switch|p1a: Toshiro|Kyurem, shiny|50/100
|-ability|p1a: Toshiro|Pressure
|turn|11
|
|t:|1779647015
|move|p1a: Toshiro|Freeze-Dry|p2a: Corviknight
|-damage|p2a: Corviknight|47/100
|move|p2a: Corviknight|U-turn|p1a: Toshiro
|-damage|p1a: Toshiro|38/100
|
|t:|1779647019
|switch|p2a: Tentacruel|Tentacruel, M, shiny|100/100|[from] U-turn
|
|upkeep
|turn|12
|
|t:|1779647021
|move|p2a: Tentacruel|Sludge Bomb|p1a: Toshiro
|-damage|p1a: Toshiro|9/100
|move|p1a: Toshiro|Freeze-Dry|p2a: Tentacruel
|-supereffective|p2a: Tentacruel
|-damage|p2a: Tentacruel|29/100
|
|upkeep
|turn|13
|
|t:|1779647031
|move|p2a: Tentacruel|Rapid Spin|p1a: Toshiro
|-damage|p1a: Toshiro|1/100
|-boost|p2a: Tentacruel|spe|1
|move|p1a: Toshiro|Freeze-Dry|p2a: Tentacruel
|-supereffective|p2a: Tentacruel
|-damage|p2a: Tentacruel|0 fnt
|faint|p2a: Tentacruel
|
|upkeep
|
|t:|1779647035
|switch|p2a: Corviknight|Corviknight, M|47/100
|-ability|p2a: Corviknight|Pressure
|turn|14
|c|☆OP Earthquakes|did u do that on purpose?
|
|t:|1779647060
|move|p1a: Toshiro|Freeze-Dry|p2a: Corviknight
|-damage|p2a: Corviknight|12/100
|move|p2a: Corviknight|Roost|p2a: Corviknight
|-heal|p2a: Corviknight|62/100
|-singleturn|p2a: Corviknight|move: Roost
|
|upkeep
|turn|15
|c|☆Purple Amoonguss|No
|c|☆Purple Amoonguss|:)
|c|☆OP Earthquakes|LOL
|c|☆OP Earthquakes|BRO
|c|☆OP Earthquakes|lemme find out
|inactive|OP Earthquakes has 120 seconds left.
|
|t:|1779647080
|move|p1a: Toshiro|Endeavor|p2a: Corviknight
|-damage|p2a: Corviknight|2/100
|-damage|p1a: Toshiro|0 fnt|[from] item: Rocky Helmet|[of] p2a: Corviknight
|faint|p1a: Toshiro
|move|p2a: Corviknight|Roost|p2a: Corviknight
|-heal|p2a: Corviknight|52/100
|-singleturn|p2a: Corviknight|move: Roost
|
|upkeep
|inactive|OP Earthquakes has 120 seconds left.
|c|☆OP Earthquakes|THIS DOOD
|c|☆OP Earthquakes|LOL
|j| FaronAan
|
|t:|1779647094
|switch|p1a: Porunga|Pawmot, F|100/100
|turn|16
|
|t:|1779647101
|switch|p2a: Sinistcha|Sinistcha|100/100
|move|p1a: Porunga|Revival Blessing|p1a: Porunga
|
|t:|1779647106
|-heal|p1: Toshiro|50/100|[from] move: Revival Blessing
|
|upkeep
|turn|17
|
|t:|1779647112
|switch|p1a: Grimmsnarl|Grimmsnarl, M|100/100
|move|p2a: Sinistcha|Calm Mind|p2a: Sinistcha
|-boost|p2a: Sinistcha|spa|1
|-boost|p2a: Sinistcha|spd|1
|
|upkeep
|turn|18
|
|t:|1779647115
|move|p1a: Grimmsnarl|Light Screen|p1a: Grimmsnarl
|-sidestart|p1: OP Earthquakes|move: Light Screen
|move|p2a: Sinistcha|Calm Mind|p2a: Sinistcha
|-boost|p2a: Sinistcha|spa|1
|-boost|p2a: Sinistcha|spd|1
|
|upkeep
|turn|19
|
|t:|1779647119
|switch|p1a: The sandstorm|Tyranitar, F, shiny|100/100
|-weather|Sandstorm|[from] ability: Sand Stream|[of] p1a: The sandstorm
|move|p2a: Sinistcha|Calm Mind|p2a: Sinistcha
|-boost|p2a: Sinistcha|spa|1
|-boost|p2a: Sinistcha|spd|1
|
|-weather|Sandstorm|[upkeep]
|-damage|p2a: Sinistcha|94/100|[from] Sandstorm
|upkeep
|turn|20
|
|t:|1779647126
|move|p2a: Sinistcha|Matcha Gotcha|p1a: The sandstorm
|-supereffective|p1a: The sandstorm
|-damage|p1a: The sandstorm|46/100
|-heal|p2a: Sinistcha|100/100|[from] drain|[of] p1a: The sandstorm
|move|p1a: The sandstorm|Roar|p2a: Sinistcha
|drag|p2a: Gliscor|Gliscor, F|100/100 tox
|
|-weather|Sandstorm|[upkeep]
|upkeep
|turn|21
|
|t:|1779647139
|switch|p1a: Toshiro|Kyurem, shiny|50/100
|-ability|p1a: Toshiro|Pressure
|move|p2a: Gliscor|Earthquake|p1a: Toshiro
|-damage|p1a: Toshiro|20/100
|
|-weather|Sandstorm|[upkeep]
|-damage|p1a: Toshiro|13/100|[from] Sandstorm
|upkeep
|turn|22
|
|t:|1779647143
|move|p2a: Gliscor|Protect|p2a: Gliscor
|-singleturn|p2a: Gliscor|Protect
|move|p1a: Toshiro|Freeze-Dry|p2a: Gliscor
|-activate|p2a: Gliscor|move: Protect
|
|-weather|Sandstorm|[upkeep]
|-damage|p1a: Toshiro|7/100|[from] Sandstorm
|upkeep
|turn|23
|
|t:|1779647159
|move|p1a: Toshiro|Freeze-Dry|p2a: Gliscor
|-supereffective|p2a: Gliscor
|-damage|p2a: Gliscor|0 fnt
|faint|p2a: Gliscor
|
|-weather|Sandstorm|[upkeep]
|-damage|p1a: Toshiro|1/100|[from] Sandstorm
|upkeep
|
|t:|1779647163
|switch|p2a: Corviknight|Corviknight, M|52/100
|-ability|p2a: Corviknight|Pressure
|turn|24
|
|t:|1779647183
|switch|p1a: Grimmsnarl|Grimmsnarl, M|100/100
|move|p2a: Corviknight|Roost|p2a: Corviknight
|-heal|p2a: Corviknight|100/100
|-singleturn|p2a: Corviknight|move: Roost
|
|-weather|Sandstorm|[upkeep]
|-damage|p1a: Grimmsnarl|94/100|[from] Sandstorm
|upkeep
|turn|25
|
|t:|1779647194
|move|p1a: Grimmsnarl|Reflect|p1a: Grimmsnarl
|-sidestart|p1: OP Earthquakes|Reflect
|move|p2a: Corviknight|Iron Defense|p2a: Corviknight
|-boost|p2a: Corviknight|def|2
|
|-weather|Sandstorm|[upkeep]
|-damage|p1a: Grimmsnarl|88/100|[from] Sandstorm
|-sideend|p1: OP Earthquakes|move: Light Screen
|upkeep
|turn|26
|
|t:|1779647197
|move|p1a: Grimmsnarl|Thunder Wave|p2a: Corviknight
|-status|p2a: Corviknight|par
|cant|p2a: Corviknight|par
|
|-weather|none
|upkeep
|turn|27
|
|t:|1779647205
|move|p1a: Grimmsnarl|Light Screen|p1a: Grimmsnarl
|-sidestart|p1: OP Earthquakes|move: Light Screen
|cant|p2a: Corviknight|par
|
|upkeep
|turn|28
|
|t:|1779647209
|switch|p1a: Toshiro|Kyurem, shiny|1/100
|-ability|p1a: Toshiro|Pressure
|move|p2a: Corviknight|Iron Defense|p2a: Corviknight
|-boost|p2a: Corviknight|def|2
|
|upkeep
|turn|29
|
|t:|1779647234
|move|p1a: Toshiro|Endeavor|p2a: Corviknight
|-damage|p2a: Corviknight|1/100 par
|-damage|p1a: Toshiro|0 fnt|[from] item: Rocky Helmet|[of] p2a: Corviknight
|faint|p1a: Toshiro
|move|p2a: Corviknight|Roost|p2a: Corviknight
|-heal|p2a: Corviknight|51/100 par
|-singleturn|p2a: Corviknight|move: Roost
|
|upkeep
|inactive|OP Earthquakes has 120 seconds left.
|
|t:|1779647245
|switch|p1a: The sandstorm|Tyranitar, F, shiny|46/100
|-weather|Sandstorm|[from] ability: Sand Stream|[of] p1a: The sandstorm
|turn|30
|
|t:|1779647248
|move|p1a: The sandstorm|Stealth Rock|p2a: Corviknight
|-sidestart|p2: Purple Amoonguss|move: Stealth Rock
|move|p2a: Corviknight|Roost|p2a: Corviknight
|-heal|p2a: Corviknight|100/100 par
|-singleturn|p2a: Corviknight|move: Roost
|
|-weather|Sandstorm|[upkeep]
|upkeep
|turn|31
|
|t:|1779647257
|switch|p1a: Porunga|Pawmot, F|100/100
|move|p2a: Corviknight|Brave Bird|p1a: Porunga
|-damage|p1a: Porunga|77/100
|-damage|p2a: Corviknight|94/100 par|[from] Recoil
|
|-weather|Sandstorm|[upkeep]
|-damage|p1a: Porunga|71/100|[from] Sandstorm
|upkeep
|turn|32
|
|t:|1779647261
|move|p1a: Porunga|Rest|p1a: Porunga
|-status|p1a: Porunga|slp|[from] move: Rest
|-heal|p1a: Porunga|100/100 slp|[silent]
|move|p2a: Corviknight|Iron Defense|p2a: Corviknight
|-boost|p2a: Corviknight|def|2
|
|-weather|Sandstorm|[upkeep]
|-damage|p1a: Porunga|94/100 slp|[from] Sandstorm
|-sideend|p1: OP Earthquakes|Reflect
|upkeep
|turn|33
|c|☆Purple Amoonguss|No
|c|☆OP Earthquakes|u got jokes
|c|☆OP Earthquakes|but
|c|☆Purple Amoonguss|Please dont
|c|☆OP Earthquakes|I got bigger jokes
|c|☆Purple Amoonguss|i beg you
|inactive|Purple Amoonguss has 120 seconds left.
|
|t:|1779647295
|switch|p2a: Sinistcha|Sinistcha|100/100
|cant|p1a: Porunga|slp
|move|p1a: Porunga|Sleep Talk|p1a: Porunga
|move|p1a: Porunga|Rest||[from] move: Sleep Talk|[still]
|-fail|p1a: Porunga
|
|-weather|Sandstorm|[upkeep]
|-damage|p1a: Porunga|88/100 slp|[from] Sandstorm
|-damage|p2a: Sinistcha|94/100|[from] Sandstorm
|upkeep
|turn|34
|
|t:|1779647301
|cant|p1a: Porunga|slp
|move|p1a: Porunga|Sleep Talk|p1a: Porunga
|move|p1a: Porunga|Revival Blessing|p1a: Porunga|[from] move: Sleep Talk
|l| FaronAan
|c|☆OP Earthquakes|yuh yuh yuuhhh
|
|t:|1779647312
|-heal|p1: Toshiro|50/100|[from] move: Revival Blessing
|move|p2a: Sinistcha|Calm Mind|p2a: Sinistcha
|-boost|p2a: Sinistcha|spa|1
|-boost|p2a: Sinistcha|spd|1
|
|-weather|Sandstorm|[upkeep]
|-damage|p1a: Porunga|82/100 slp|[from] Sandstorm
|-damage|p2a: Sinistcha|88/100|[from] Sandstorm
|-sideend|p1: OP Earthquakes|move: Light Screen
|upkeep
|turn|35
|c|☆Purple Amoonguss|Sobbing rn
|
|t:|1779647323
|switch|p1a: OP|Excadrill, M|100/100
|move|p2a: Sinistcha|Calm Mind|p2a: Sinistcha
|-boost|p2a: Sinistcha|spa|1
|-boost|p2a: Sinistcha|spd|1
|
|-weather|Sandstorm|[upkeep]
|-damage|p2a: Sinistcha|82/100|[from] Sandstorm
|upkeep
|turn|36
|
|t:|1779647333
|-terastallize|p1a: OP|Fire
|move|p1a: OP|Iron Head|p2a: Sinistcha
|-damage|p2a: Sinistcha|27/100
|move|p2a: Sinistcha|Strength Sap|p1a: OP
|-unboost|p1a: OP|atk|1
|-heal|p2a: Sinistcha|100/100
|
|-weather|Sandstorm|[upkeep]
|-damage|p2a: Sinistcha|94/100|[from] Sandstorm
|upkeep
|turn|37
|
|t:|1779647350
|switch|p1a: Grimmsnarl|Grimmsnarl, M|88/100
|move|p2a: Sinistcha|Strength Sap|p1a: Grimmsnarl
|-unboost|p1a: Grimmsnarl|atk|1
|-heal|p2a: Sinistcha|100/100
|
|-weather|none
|upkeep
|turn|38
|
|t:|1779647355
|move|p1a: Grimmsnarl|Light Screen|p1a: Grimmsnarl
|-sidestart|p1: OP Earthquakes|move: Light Screen
|move|p2a: Sinistcha|Calm Mind|p2a: Sinistcha
|-boost|p2a: Sinistcha|spa|1
|-boost|p2a: Sinistcha|spd|1
|
|upkeep
|turn|39
|
|t:|1779647360
|move|p1a: Grimmsnarl|Thunder Wave|p2a: Sinistcha
|-status|p2a: Sinistcha|par
|move|p2a: Sinistcha|Matcha Gotcha|p1a: Grimmsnarl
|-damage|p1a: Grimmsnarl|37/100
|
|upkeep
|turn|40
|
|t:|1779647363
|switch|p1a: The sandstorm|Tyranitar, F, shiny|46/100
|-weather|Sandstorm|[from] ability: Sand Stream|[of] p1a: The sandstorm
|move|p2a: Sinistcha|Matcha Gotcha|p1a: The sandstorm
|-supereffective|p1a: The sandstorm
|-crit|p1a: The sandstorm
|-damage|p1a: The sandstorm|0 fnt
|faint|p1a: The sandstorm
|
|-weather|Sandstorm|[upkeep]
|-damage|p2a: Sinistcha|94/100 par|[from] Sandstorm
|upkeep
|
|t:|1779647366
|switch|p1a: OP|Excadrill, M, tera:Fire|100/100
|turn|41
|j| brother iggins
|
|t:|1779647369
|switch|p2a: Corviknight|Corviknight, M|94/100 par
|-damage|p2a: Corviknight|82/100 par|[from] Stealth Rock
|-ability|p2a: Corviknight|Pressure
|move|p1a: OP|Iron Head|p2a: Corviknight
|-resisted|p2a: Corviknight
|-damage|p2a: Corviknight|60/100 par
|-damage|p1a: OP|84/100|[from] item: Rocky Helmet|[of] p2a: Corviknight
|
|-weather|Sandstorm|[upkeep]
|upkeep
|turn|42
|j| hattybatty304
|
|t:|1779647391
|switch|p1a: Grimmsnarl|Grimmsnarl, M|37/100
|move|p2a: Corviknight|Roost|p2a: Corviknight
|-heal|p2a: Corviknight|100/100 par
|-singleturn|p2a: Corviknight|move: Roost
|
|-weather|Sandstorm|[upkeep]
|-damage|p1a: Grimmsnarl|31/100|[from] Sandstorm
|upkeep
|turn|43
|
|t:|1779647394
|move|p1a: Grimmsnarl|Reflect|p1a: Grimmsnarl
|-sidestart|p1: OP Earthquakes|Reflect
|move|p2a: Corviknight|U-turn|p1a: Grimmsnarl
|-damage|p1a: Grimmsnarl|22/100
|
|t:|1779647396
|switch|p2a: Sinistcha|Sinistcha|94/100 par|[from] U-turn
|
|-weather|Sandstorm|[upkeep]
|-damage|p1a: Grimmsnarl|16/100|[from] Sandstorm
|-damage|p2a: Sinistcha|88/100 par|[from] Sandstorm
|upkeep
|turn|44
|
|t:|1779647400
|switch|p1a: Toshiro|Kyurem, shiny|50/100
|-ability|p1a: Toshiro|Pressure
|cant|p2a: Sinistcha|par
|
|-weather|Sandstorm|[upkeep]
|-damage|p1a: Toshiro|44/100|[from] Sandstorm
|-damage|p2a: Sinistcha|82/100 par|[from] Sandstorm
|upkeep
|turn|45
|
|t:|1779647403
|switch|p2a: Corviknight|Corviknight, M|100/100 par
|-damage|p2a: Corviknight|88/100 par|[from] Stealth Rock
|-ability|p2a: Corviknight|Pressure
|move|p1a: Toshiro|Freeze-Dry|p2a: Corviknight
|-damage|p2a: Corviknight|53/100 par
|
|-weather|Sandstorm|[upkeep]
|-damage|p1a: Toshiro|38/100|[from] Sandstorm
|-sideend|p1: OP Earthquakes|move: Light Screen
|upkeep
|turn|46
|
|t:|1779647410
|move|p1a: Toshiro|Freeze-Dry|p2a: Corviknight
|-damage|p2a: Corviknight|15/100 par
|move|p2a: Corviknight|Roost|p2a: Corviknight
|-heal|p2a: Corviknight|65/100 par
|-singleturn|p2a: Corviknight|move: Roost
|
|-weather|Sandstorm|[upkeep]
|-damage|p1a: Toshiro|32/100|[from] Sandstorm
|upkeep
|turn|47
|j| Aitana y Zoilo
|
|t:|1779647415
|move|p1a: Toshiro|Freeze-Dry|p2a: Corviknight
|-damage|p2a: Corviknight|25/100 par
|move|p2a: Corviknight|Roost|p2a: Corviknight
|-heal|p2a: Corviknight|75/100 par
|-singleturn|p2a: Corviknight|move: Roost
|
|-weather|none
|upkeep
|turn|48
|c|☆OP Earthquakes|finally
|c|☆OP Earthquakes|no more shenanigans
|
|t:|1779647438
|move|p1a: Toshiro|Freeze-Dry|p2a: Corviknight
|-damage|p2a: Corviknight|36/100 par
|cant|p2a: Corviknight|par
|
|upkeep
|turn|49
|l| Aitana y Zoilo
|
|t:|1779647443
|move|p1a: Toshiro|Freeze-Dry|p2a: Corviknight
|-damage|p2a: Corviknight|0 fnt
|faint|p2a: Corviknight
|
|upkeep
|
|t:|1779647446
|switch|p2a: Sinistcha|Sinistcha|82/100 par
|turn|50
|
|t:|1779647449
|move|p1a: Toshiro|Freeze-Dry|p2a: Sinistcha
|-supereffective|p2a: Sinistcha
|-damage|p2a: Sinistcha|0 fnt
|faint|p2a: Sinistcha
|
|win|OP Earthquakes
|raw|OP Earthquakes's rating: 1626 &rarr; <strong>1646</strong><br />(+20 for winning)
|raw|Purple Amoonguss's rating: 1632 &rarr; <strong>1612</strong><br />(-20 for losing)
|l|☆OP Earthquakes
|player|p1|
|c|☆Purple Amoonguss|gg
|c|☆Purple Amoonguss|next time
|l| hattybatty304
|l|☆Purple Amoonguss
|player|p2|
