|j|☆amyraaaaaa
|j|☆maple_syrup689hoe
|t:|1779720715
|gametype|singles
|player|p1|amyraaaaaa|elesa|1423
|player|p2|maple_syrup689hoe|169|1505
|gen|9
|tier|[Gen 9] OU
|rated|
|rule|HP Percentage Mod: HP is shown in percentages
|rule|Endless Battle Clause: Forcing endless battles is banned
|rule|Species Clause: Limit one of each Pokémon
|rule|OHKO Clause: OHKO moves are banned
|rule|Evasion Items Clause: Evasion items are banned
|rule|Evasion Moves Clause: Evasion moves are banned
|rule|Evasion Abilities Clause: Evasion abilities are banned
|rule|Sleep Moves Clause: Sleep-inducing moves are banned
|clearpoke
|poke|p1|Blissey, F|
|poke|p1|Clefable, F|
|poke|p1|Gliscor, F|
|poke|p1|Ting-Lu|
|poke|p1|Dondozo, F|
|poke|p1|Amoonguss, F|
|poke|p2|Glimmora, M|
|poke|p2|Great Tusk|
|poke|p2|Ogerpon-Wellspring, F|
|poke|p2|Gholdengo|
|poke|p2|Kingambit, F|
|poke|p2|Enamorus, F|
|teampreview
|
|t:|1779720734
|teamsize|p1|6
|teamsize|p2|6
|start
|switch|p1a: Gliscor|Gliscor, F|100/100
|switch|p2a: Kingambit|Kingambit, F|100/100
|turn|1
|inactive|Battle timer is ON: inactive players will automatically lose when time's up. (requested by maple_syrup689hoe)
|inactive|amyraaaaaa has 120 seconds left.
|
|t:|1779720797
|-end|p2a: Kingambit|fallenundefined|[silent]
|switch|p2a: Gholdengo|Gholdengo|100/100
|-item|p2a: Gholdengo|Air Balloon
|move|p1a: Gliscor|Knock Off|p2a: Gholdengo
|-supereffective|p2a: Gholdengo
|-damage|p2a: Gholdengo|54/100
|-enditem|p2a: Gholdengo|Air Balloon
|
|-status|p1a: Gliscor|tox|[from] item: Toxic Orb
|upkeep
|turn|2
|
|t:|1779720823
|move|p2a: Gholdengo|Make It Rain|p1a: Gliscor
|-damage|p1a: Gliscor|18/100 tox
|-unboost|p2a: Gholdengo|spa|1
|move|p1a: Gliscor|Spikes|p2a: Gholdengo
|-sidestart|p2: maple_syrup689hoe|Spikes
|
|-heal|p1a: Gliscor|30/100 tox|[from] ability: Poison Heal
|upkeep
|turn|3
|inactive|amyraaaaaa has 120 seconds left.
|inactive|amyraaaaaa has 90 seconds left.
|
|t:|1779720906
|move|p1a: Gliscor|Protect|p1a: Gliscor
|-singleturn|p1a: Gliscor|Protect
|move|p2a: Gholdengo|Nasty Plot|p2a: Gholdengo
|-boost|p2a: Gholdengo|spa|2
|
|-heal|p1a: Gliscor|43/100 tox|[from] ability: Poison Heal
|upkeep
|turn|4
|
|t:|1779720912
|switch|p1a: Blissey|Blissey, F|100/100
|move|p2a: Gholdengo|Nasty Plot|p2a: Gholdengo
|-boost|p2a: Gholdengo|spa|2
|
|upkeep
|turn|5
|
|t:|1779720917
|move|p2a: Gholdengo|Focus Blast|p1a: Blissey|[miss]
|-miss|p2a: Gholdengo|p1a: Blissey
|move|p1a: Blissey|Calm Mind|p1a: Blissey
|-boost|p1a: Blissey|spa|1
|-boost|p1a: Blissey|spd|1
|
|upkeep
|turn|6
|inactive|amyraaaaaa has 90 seconds left.
|
|t:|1779720928
|switch|p2a: Glimmora|Glimmora, M|100/100
|-damage|p2a: Glimmora|88/100|[from] Spikes
|move|p1a: Blissey|Calm Mind|p1a: Blissey
|-boost|p1a: Blissey|spa|1
|-boost|p1a: Blissey|spd|1
|
|upkeep
|turn|7
|
|t:|1779720939
|switch|p1a: Ting-Lu|Ting-Lu|100/100
|-ability|p1a: Ting-Lu|Vessel of Ruin
|move|p2a: Glimmora|Stealth Rock|p1a: Ting-Lu
|-sidestart|p1: amyraaaaaa|move: Stealth Rock
|
|upkeep
|turn|8
|inactive|amyraaaaaa has 90 seconds left.
|inactive|amyraaaaaa has 60 seconds left.
|
|t:|1779721008
|move|p2a: Glimmora|Mortal Spin|p1a: Ting-Lu
|-resisted|p1a: Ting-Lu
|-damage|p1a: Ting-Lu|99/100
|-status|p1a: Ting-Lu|psn
|-sideend|p2: maple_syrup689hoe|Spikes|[from] move: Mortal Spin|[of] p2a: Glimmora
|move|p1a: Ting-Lu|Stealth Rock|p2a: Glimmora
|-sidestart|p2: maple_syrup689hoe|move: Stealth Rock
|
|-damage|p1a: Ting-Lu|86/100 psn|[from] psn
|upkeep
|turn|9
|
|t:|1779721017
|move|p2a: Glimmora|Mortal Spin|p1a: Ting-Lu
|-resisted|p1a: Ting-Lu
|-damage|p1a: Ting-Lu|85/100 psn
|-sideend|p2: maple_syrup689hoe|Stealth Rock|[from] move: Mortal Spin|[of] p2a: Glimmora
|move|p1a: Ting-Lu|Earthquake|p2a: Glimmora
|-supereffective|p2a: Glimmora
|-damage|p2a: Glimmora|0 fnt
|-activate|p2a: Glimmora|ability: Toxic Debris
|-sidestart|p1: amyraaaaaa|move: Toxic Spikes
|faint|p2a: Glimmora
|
|-damage|p1a: Ting-Lu|72/100 psn|[from] psn
|upkeep
|
|t:|1779721023
|switch|p2a: Enamorus|Enamorus, F|100/100
|turn|10
|
|t:|1779721026
|move|p1a: Ting-Lu|Protect|p1a: Ting-Lu
|-singleturn|p1a: Ting-Lu|Protect
|move|p2a: Enamorus|Calm Mind|p2a: Enamorus
|-boost|p2a: Enamorus|spa|1
|-boost|p2a: Enamorus|spd|1
|
|-damage|p1a: Ting-Lu|60/100 psn|[from] psn
|upkeep
|turn|11
|
|t:|1779721043
|switch|p1a: Amoonguss|Amoonguss, F|100/100
|-sideend|p1: amyraaaaaa|move: Toxic Spikes|[of] p1a: Amoonguss
|move|p2a: Enamorus|Moonblast|p1a: Amoonguss
|-resisted|p1a: Amoonguss
|-damage|p1a: Amoonguss|65/100
|
|upkeep
|turn|12
|inactive|amyraaaaaa has 60 seconds left.
|
|t:|1779721084
|move|p2a: Enamorus|Substitute|p2a: Enamorus
|-start|p2a: Enamorus|Substitute
|-damage|p2a: Enamorus|76/100
|move|p1a: Amoonguss|Toxic||[still]
|-fail|p1a: Amoonguss
|
|-heal|p2a: Enamorus|82/100|[from] item: Leftovers
|upkeep
|turn|13
|inactive|maple_syrup689hoe has 120 seconds left.
|
|t:|1779721118
|switch|p1a: Blissey|Blissey, F|100/100
|move|p2a: Enamorus|Calm Mind|p2a: Enamorus
|-boost|p2a: Enamorus|spa|1
|-boost|p2a: Enamorus|spd|1
|
|-heal|p2a: Enamorus|88/100|[from] item: Leftovers
|upkeep
|turn|14
|inactive|amyraaaaaa has 30 seconds left.
|inactive|amyraaaaaa has 20 seconds left.
|inactive|amyraaaaaa has 15 seconds left.
|inactive|amyraaaaaa has 10 seconds left.
|inactive|amyraaaaaa has 5 seconds left.
|-message|amyraaaaaa lost due to inactivity.
|
|win|maple_syrup689hoe
|raw|amyraaaaaa's rating: 1423 &rarr; <strong>1407</strong><br />(-16 for losing)
|raw|maple_syrup689hoe's rating: 1487 &rarr; <strong>1503</strong><br />(+16 for winning)
|l|☆maple_syrup689hoe
|player|p2|
|l|☆amyraaaaaa
|player|p1|
