|j|☆Liaoa
|j|☆testdwe
|t:|1779692641
|gametype|singles
|player|p1|Liaoa|bellelba|1503
|player|p2|testdwe|169|1628
|gen|9
|tier|[Gen 9] OU
|rated|
|rule|HP Percentage Mod: HP is shown in percentages
|rule|Endless Battle Clause: Forcing endless battles is banned
|rule|Species Clause: Limit one of each Pokémon
|rule|OHKO Clause: OHKO moves are banned
|rule|Evasion Items Clause: Evasion items are banned
|rule|Evasion Moves Clause: Evasion moves are banned
|rule|Evasion Abilities Clause: Evasion abilities are banned
|rule|Sleep Moves Clause: Sleep-inducing moves are banned
|clearpoke
|poke|p1|Lycanroc-Dusk, M|
|poke|p1|Ogerpon-Wellspring, F|
|poke|p1|Cinderace, F|
|poke|p1|Blaziken, M|
|poke|p1|Gholdengo|
|poke|p1|Landorus-Therian, M|
|poke|p2|Alomomola, F|
|poke|p2|Garganacl, M|
|poke|p2|Tyranitar, M|
|poke|p2|Excadrill, M|
|poke|p2|Hydrapple, M|
|poke|p2|Enamorus, F|
|teampreview
|inactive|Battle timer is ON: inactive players will automatically lose when time's up. (requested by Liaoa)
|j| RealKaz
|
|t:|1779692665
|teamsize|p1|6
|teamsize|p2|6
|start
|switch|p1a: Landorus|Landorus-Therian, M|100/100
|switch|p2a: Hydrapple|Hydrapple, M|100/100
|-ability|p1a: Landorus|Intimidate|boost
|-unboost|p2a: Hydrapple|atk|1
|turn|1
|
|t:|1779692673
|move|p1a: Landorus|Stealth Rock|p2a: Hydrapple
|-sidestart|p2: testdwe|move: Stealth Rock
|move|p2a: Hydrapple|Nasty Plot|p2a: Hydrapple
|-boost|p2a: Hydrapple|spa|2
|
|upkeep
|turn|2
|
|t:|1779692686
|switch|p1a: Gholdengo|Gholdengo|100/100
|move|p2a: Hydrapple|Giga Drain|p1a: Gholdengo
|-resisted|p1a: Gholdengo
|-damage|p1a: Gholdengo|70/100
|
|upkeep
|turn|3
|
|t:|1779692693
|move|p1a: Gholdengo|Nasty Plot|p1a: Gholdengo
|-boost|p1a: Gholdengo|spa|2
|move|p2a: Hydrapple|Earth Power|p1a: Gholdengo
|-supereffective|p1a: Gholdengo
|-damage|p1a: Gholdengo|0 fnt
|faint|p1a: Gholdengo
|
|upkeep
|
|t:|1779692699
|switch|p1a: Cinderace|Cinderace, F|100/100
|turn|4
|
|t:|1779692702
|-terastallize|p1a: Cinderace|Fire
|move|p1a: Cinderace|Pyro Ball|p2a: Hydrapple|[miss]
|-miss|p1a: Cinderace|p2a: Hydrapple
|move|p2a: Hydrapple|Earth Power|p1a: Cinderace
|-supereffective|p1a: Cinderace
|-damage|p1a: Cinderace|0 fnt
|faint|p1a: Cinderace
|
|upkeep
|c|☆testdwe|lol
|
|t:|1779692710
|switch|p1a: Ogerpon|Ogerpon-Wellspring, F|100/100
|turn|5
|
|t:|1779692714
|move|p1a: Ogerpon|Play Rough|p2a: Hydrapple
|-supereffective|p2a: Hydrapple
|-damage|p2a: Hydrapple|61/100
|-unboost|p2a: Hydrapple|atk|1
|-damage|p1a: Ogerpon|84/100|[from] item: Rocky Helmet|[of] p2a: Hydrapple
|move|p2a: Hydrapple|Giga Drain|p1a: Ogerpon
|-damage|p1a: Ogerpon|12/100
|-heal|p2a: Hydrapple|88/100|[from] drain|[of] p1a: Ogerpon
|
|upkeep
|turn|6
|
|t:|1779692718
|move|p1a: Ogerpon|Play Rough|p2a: Hydrapple
|-supereffective|p2a: Hydrapple
|-damage|p2a: Hydrapple|47/100
|-damage|p1a: Ogerpon|0 fnt|[from] item: Rocky Helmet|[of] p2a: Hydrapple
|faint|p1a: Ogerpon
|move|p2a: Hydrapple|Giga Drain|p1: Ogerpon|[notarget]
|-fail|p2a: Hydrapple
|
|upkeep
|
|t:|1779692722
|switch|p1a: Lycanroc|Lycanroc-Dusk, M|100/100
|turn|7
|
|t:|1779692732
|move|p1a: Lycanroc|Stone Edge|p2a: Hydrapple
|-damage|p2a: Hydrapple|0 fnt
|faint|p2a: Hydrapple
|
|upkeep
|
|t:|1779692748
|switch|p2a: Tyranitar|Tyranitar, M|100/100
|-damage|p2a: Tyranitar|88/100|[from] Stealth Rock
|-weather|Sandstorm|[from] ability: Sand Stream|[of] p2a: Tyranitar
|turn|8
|
|t:|1779692752
|switch|p1a: Landorus|Landorus-Therian, M|100/100
|-ability|p1a: Landorus|Intimidate|boost
|-unboost|p2a: Tyranitar|atk|1
|move|p2a: Tyranitar|Ice Punch|p1a: Landorus
|-supereffective|p1a: Landorus
|-enditem|p1a: Landorus|Focus Sash
|-damage|p1a: Landorus|1/100
|
|-weather|Sandstorm|[upkeep]
|upkeep
|turn|9
|
|t:|1779692761
|switch|p2a: Alomomola|Alomomola, F|100/100
|-damage|p2a: Alomomola|88/100|[from] Stealth Rock
|move|p1a: Landorus|Earth Power|p2a: Alomomola
|-damage|p2a: Alomomola|70/100
|
|-weather|Sandstorm|[upkeep]
|-damage|p2a: Alomomola|63/100|[from] Sandstorm
|upkeep
|turn|10
|
|t:|1779692766
|move|p1a: Landorus|Earth Power|p2a: Alomomola
|-damage|p2a: Alomomola|44/100
|-unboost|p2a: Alomomola|spd|1
|move|p2a: Alomomola|Flip Turn|p1a: Landorus
|-supereffective|p1a: Landorus
|-damage|p1a: Landorus|0 fnt
|faint|p1a: Landorus
|
|t:|1779692770
|switch|p2a: Excadrill|Excadrill, M|100/100|[from] Flip Turn
|-damage|p2a: Excadrill|97/100|[from] Stealth Rock
|
|-weather|Sandstorm|[upkeep]
|-heal|p2a: Excadrill|100/100|[from] item: Leftovers
|upkeep
|
|t:|1779692772
|switch|p1a: Blaziken|Blaziken, M|100/100
|turn|11
|
|t:|1779692783
|move|p1a: Blaziken|Vacuum Wave|p2a: Excadrill
|-supereffective|p2a: Excadrill
|-damage|p2a: Excadrill|48/100
|move|p2a: Excadrill|Earthquake|p1a: Blaziken
|-supereffective|p1a: Blaziken
|-damage|p1a: Blaziken|0 fnt
|faint|p1a: Blaziken
|
|-weather|Sandstorm|[upkeep]
|-heal|p2a: Excadrill|55/100|[from] item: Leftovers
|upkeep
|-message|Liaoa forfeited.
|
|win|testdwe
|raw|Liaoa's rating: 1503 &rarr; <strong>1490</strong><br />(-13 for losing)
|raw|testdwe's rating: 1628 &rarr; <strong>1641</strong><br />(+13 for winning)
|l|☆Liaoa
|player|p1|
|l|☆testdwe
|player|p2|
|l| RealKaz
