|inactive|Battle timer is ON: inactive players will automatically lose when time's up.
|t:|1779569114
|gametype|singles
|player|p1|Sagisolar|#wcop2025uk2|
|player|p2|PigWarrior19|#rbtt9phantoms2|
|gen|9
|tier|[Gen 9] OU
|rule|HP Percentage Mod: HP is shown in percentages
|rule|Endless Battle Clause: Forcing endless battles is banned
|rule|Species Clause: Limit one of each Pokémon
|rule|OHKO Clause: OHKO moves are banned
|rule|Evasion Items Clause: Evasion items are banned
|rule|Evasion Moves Clause: Evasion moves are banned
|rule|Evasion Abilities Clause: Evasion abilities are banned
|rule|Sleep Moves Clause: Sleep-inducing moves are banned
|clearpoke
|poke|p1|Toxapex, F|
|poke|p1|Moltres|
|poke|p1|Ursaluna, F|
|poke|p1|Excadrill, F|
|poke|p1|Tyranitar, F|
|poke|p1|Dragapult, F|
|poke|p2|Alomomola, L99, F|
|poke|p2|Latios, M|
|poke|p2|Blissey, F|
|poke|p2|Great Tusk|
|poke|p2|Gholdengo|
|poke|p2|Zamazenta-*|
|teampreview
|c|☆Sagisolar|glhf
|c|☆PigWarrior19|hf
|inactive|Sagisolar has 270 seconds left.
|
|t:|1779569159
|teamsize|p1|6
|teamsize|p2|6
|start
|switch|p1a: Dragapult|Dragapult, F|100/100
|switch|p2a: Alomomola|Alomomola, L99, F|100/100
|turn|1
|
|t:|1779569177
|move|p1a: Dragapult|Will-O-Wisp|p2a: Alomomola
|-status|p2a: Alomomola|brn
|move|p2a: Alomomola|Flip Turn|p1a: Dragapult
|-resisted|p1a: Dragapult
|-damage|p1a: Dragapult|95/100
|
|t:|1779569185
|switch|p2a: Gholdengo|Gholdengo|100/100|[from] Flip Turn
|-item|p2a: Gholdengo|Air Balloon
|
|upkeep
|turn|2
|
|t:|1779569190
|move|p1a: Dragapult|U-turn|p2a: Gholdengo
|-resisted|p2a: Gholdengo
|-damage|p2a: Gholdengo|97/100
|-enditem|p2a: Gholdengo|Air Balloon
|
|t:|1779569203
|switch|p1a: Toxapex|Toxapex, F|100/100|[from] U-turn
|move|p2a: Gholdengo|Make It Rain|p1a: Toxapex
|-resisted|p1a: Toxapex
|-damage|p1a: Toxapex|81/100
|-unboost|p2a: Gholdengo|spa|1
|-enditem|p1a: Toxapex|Eject Button
|inactive|Sagisolar has 270 seconds left.
|
|t:|1779569229
|switch|p1a: Moltres|Moltres|100/100
|
|upkeep
|turn|3
|
|t:|1779569234
|switch|p2a: Alomomola|Alomomola, L99, F|100/100 brn
|move|p1a: Moltres|U-turn|p2a: Alomomola
|-crit|p2a: Alomomola
|-damage|p2a: Alomomola|89/100 brn
|
|t:|1779569237
|switch|p1a: Tyranitar|Tyranitar, F|100/100|[from] U-turn
|-weather|Sandstorm|[from] ability: Sand Stream|[of] p1a: Tyranitar
|
|-weather|Sandstorm|[upkeep]
|-damage|p2a: Alomomola|83/100 brn|[from] Sandstorm
|-damage|p2a: Alomomola|77/100 brn|[from] brn
|upkeep
|turn|4
|
|t:|1779569241
|move|p1a: Tyranitar|Stealth Rock|p2a: Alomomola
|-sidestart|p2: PigWarrior19|move: Stealth Rock
|move|p2a: Alomomola|Flip Turn|p1a: Tyranitar
|-supereffective|p1a: Tyranitar
|-damage|p1a: Tyranitar|89/100
|
|t:|1779569253
|switch|p2a: Great Tusk|Great Tusk|100/100|[from] Flip Turn
|
|-weather|Sandstorm|[upkeep]
|upkeep
|turn|5
|
|t:|1779569260
|switch|p1a: Dragapult|Dragapult, F|95/100
|move|p2a: Great Tusk|Headlong Rush|p1a: Dragapult
|-damage|p1a: Dragapult|6/100
|-unboost|p2a: Great Tusk|def|1
|-unboost|p2a: Great Tusk|spd|1
|
|-weather|Sandstorm|[upkeep]
|-damage|p1a: Dragapult|0 fnt|[from] Sandstorm
|faint|p1a: Dragapult
|upkeep
|
|t:|1779569270
|switch|p1a: Moltres|Moltres|100/100
|turn|6
|
|t:|1779569278
|-end|p2a: Great Tusk|Protosynthesis|[silent]
|switch|p2a: Alomomola|Alomomola, L99, F|100/100 brn
|move|p1a: Moltres|U-turn|p2a: Alomomola
|-damage|p2a: Alomomola|93/100 brn
|
|t:|1779569284
|switch|p1a: Excadrill|Excadrill, F|100/100|[from] U-turn
|-item|p1a: Excadrill|Air Balloon
|
|-weather|Sandstorm|[upkeep]
|-damage|p2a: Alomomola|86/100 brn|[from] Sandstorm
|-damage|p2a: Alomomola|80/100 brn|[from] brn
|upkeep
|turn|7
|
|t:|1779569291
|move|p1a: Excadrill|Swords Dance|p1a: Excadrill
|-boost|p1a: Excadrill|atk|2
|move|p2a: Alomomola|Flip Turn|p1a: Excadrill
|-supereffective|p1a: Excadrill
|-damage|p1a: Excadrill|77/100
|-enditem|p1a: Excadrill|Air Balloon
|
|t:|1779569295
|switch|p2a: Great Tusk|Great Tusk|100/100|[from] Flip Turn
|
|-weather|Sandstorm|[upkeep]
|upkeep
|turn|8
|
|t:|1779569298
|-terastallize|p1a: Excadrill|Ground
|move|p1a: Excadrill|Earthquake|p2a: Great Tusk
|-damage|p2a: Great Tusk|0 fnt
|faint|p2a: Great Tusk
|-end|p2a: Great Tusk|Protosynthesis|[silent]
|
|-weather|Sandstorm|[upkeep]
|upkeep
|
|t:|1779569320
|switch|p2a: Alomomola|Alomomola, L99, F|100/100 brn
|turn|9
|
|t:|1779569325
|move|p2a: Alomomola|Protect|p2a: Alomomola
|-singleturn|p2a: Alomomola|Protect
|move|p1a: Excadrill|Earthquake|p2a: Alomomola
|-activate|p2a: Alomomola|move: Protect
|
|-weather|Sandstorm|[upkeep]
|-damage|p2a: Alomomola|94/100 brn|[from] Sandstorm
|-damage|p2a: Alomomola|88/100 brn|[from] brn
|upkeep
|turn|10
|
|t:|1779569332
|-terastallize|p2a: Alomomola|Ghost
|move|p1a: Excadrill|Iron Head|p2a: Alomomola
|-damage|p2a: Alomomola|45/100 brn
|move|p2a: Alomomola|Flip Turn|p1a: Excadrill
|-supereffective|p1a: Excadrill
|-damage|p1a: Excadrill|53/100
|
|t:|1779569337
|switch|p2a: Latios|Latios, M|100/100|[from] Flip Turn
|-damage|p2a: Latios|88/100|[from] Stealth Rock
|
|-weather|none
|upkeep
|turn|11
|
|t:|1779569355
|switch|p1a: Tyranitar|Tyranitar, F|89/100
|-weather|Sandstorm|[from] ability: Sand Stream|[of] p1a: Tyranitar
|move|p2a: Latios|Flip Turn|p1a: Tyranitar
|-supereffective|p1a: Tyranitar
|-damage|p1a: Tyranitar|72/100
|
|t:|1779569358
|switch|p2a: Zamazenta|Zamazenta|100/100|[from] Flip Turn
|-ability|p2a: Zamazenta|Dauntless Shield|boost
|-boost|p2a: Zamazenta|def|1
|
|-weather|Sandstorm|[upkeep]
|-damage|p2a: Zamazenta|94/100|[from] Sandstorm
|upkeep
|turn|12
|
|t:|1779569366
|switch|p2a: Latios|Latios, M|88/100
|-damage|p2a: Latios|76/100|[from] Stealth Rock
|switch|p1a: Toxapex|Toxapex, F|100/100
|
|-weather|Sandstorm|[upkeep]
|-damage|p2a: Latios|70/100|[from] Sandstorm
|-damage|p1a: Toxapex|95/100|[from] Sandstorm
|upkeep
|turn|13
|
|t:|1779569384
|move|p2a: Latios|Draco Meteor|p1a: Toxapex
|-crit|p1a: Toxapex
|-damage|p1a: Toxapex|0 fnt
|-unboost|p2a: Latios|spa|2
|faint|p1a: Toxapex
|
|-weather|Sandstorm|[upkeep]
|-damage|p2a: Latios|64/100|[from] Sandstorm
|upkeep
|
|t:|1779569388
|switch|p1a: Excadrill|Excadrill, F, tera:Ground|53/100
|turn|14
|
|t:|1779569398
|move|p1a: Excadrill|Iron Head|p2a: Latios
|-damage|p2a: Latios|4/100
|move|p2a: Latios|Draco Meteor|p1a: Excadrill
|-damage|p1a: Excadrill|0 fnt
|-unboost|p2a: Latios|spa|2
|faint|p1a: Excadrill
|
|-weather|Sandstorm|[upkeep]
|-damage|p2a: Latios|0 fnt|[from] Sandstorm
|faint|p2a: Latios
|upkeep
|
|t:|1779569413
|switch|p2a: Zamazenta|Zamazenta|94/100
|switch|p1a: Moltres|Moltres|100/100
|turn|15
|
|t:|1779569422
|switch|p2a: Blissey|Blissey, F|100/100
|move|p1a: Moltres|Flamethrower|p2a: Blissey
|-damage|p2a: Blissey|90/100
|
|-weather|Sandstorm|[upkeep]
|-damage|p1a: Moltres|94/100|[from] Sandstorm
|-damage|p2a: Blissey|84/100|[from] Sandstorm
|upkeep
|turn|16
|
|t:|1779569427
|move|p1a: Moltres|U-turn|p2a: Blissey
|-damage|p2a: Blissey|68/100
|
|t:|1779569433
|switch|p1a: Ursaluna|Ursaluna, F|100/100|[from] U-turn
|move|p2a: Blissey|Seismic Toss|p1a: Ursaluna
|-damage|p1a: Ursaluna|77/100
|
|-weather|Sandstorm|[upkeep]
|-damage|p2a: Blissey|62/100|[from] Sandstorm
|-status|p1a: Ursaluna|brn|[from] item: Flame Orb
|upkeep
|turn|17
|
|t:|1779569441
|switch|p2a: Alomomola|Alomomola, L99, F, tera:Ghost|79/100 brn
|move|p1a: Ursaluna|Headlong Rush|p2a: Alomomola
|-damage|p2a: Alomomola|18/100 brn
|-unboost|p1a: Ursaluna|def|1
|-unboost|p1a: Ursaluna|spd|1
|
|-weather|Sandstorm|[upkeep]
|-damage|p2a: Alomomola|12/100 brn|[from] Sandstorm
|-damage|p1a: Ursaluna|71/100 brn|[from] brn
|-damage|p2a: Alomomola|6/100 brn|[from] brn
|upkeep
|turn|18
|
|t:|1779569448
|move|p1a: Ursaluna|Headlong Rush|p2a: Alomomola
|-damage|p2a: Alomomola|0 fnt
|-unboost|p1a: Ursaluna|def|1
|-unboost|p1a: Ursaluna|spd|1
|faint|p2a: Alomomola
|
|-weather|none
|-damage|p1a: Ursaluna|65/100 brn|[from] brn
|upkeep
|
|t:|1779569454
|switch|p2a: Zamazenta|Zamazenta|94/100
|turn|19
|inactive|Sagisolar has 270 seconds left.
|inactive|Sagisolar has 240 seconds left.
|
|t:|1779569514
|switch|p1a: Moltres|Moltres|94/100
|move|p2a: Zamazenta|Close Combat|p1a: Moltres
|-resisted|p1a: Moltres
|-damage|p1a: Moltres|68/100
|-unboost|p2a: Zamazenta|def|1
|-unboost|p2a: Zamazenta|spd|1
|
|upkeep
|turn|20
|
|t:|1779569521
|move|p2a: Zamazenta|Stone Edge|p1a: Moltres
|-supereffective|p1a: Moltres
|-damage|p1a: Moltres|0 fnt
|faint|p1a: Moltres
|
|upkeep
|c|☆Sagisolar|gg
|-message|Sagisolar forfeited.
|
|win|PigWarrior19
|c|☆PigWarrior19|gg
