|j|☆Waliiiztttt
|j|☆drkoalla123
|t:|1779712805
|gametype|singles
|player|p1|Waliiiztttt|266|1082
|player|p2|drkoalla123|red|1132
|gen|9
|tier|[Gen 9] OU
|rated|
|rule|HP Percentage Mod: HP is shown in percentages
|rule|Endless Battle Clause: Forcing endless battles is banned
|rule|Species Clause: Limit one of each Pokémon
|rule|OHKO Clause: OHKO moves are banned
|rule|Evasion Items Clause: Evasion items are banned
|rule|Evasion Moves Clause: Evasion moves are banned
|rule|Evasion Abilities Clause: Evasion abilities are banned
|rule|Sleep Moves Clause: Sleep-inducing moves are banned
|clearpoke
|poke|p1|Chansey, F|
|poke|p1|Dragonite, F|
|poke|p1|Mandibuzz, F|
|poke|p1|Ceruledge, F|
|poke|p1|Heatran, F|
|poke|p1|Serperior, M|
|poke|p2|Charizard, F|
|poke|p2|Venusaur, F|
|poke|p2|Blastoise, F|
|poke|p2|Snorlax, M|
|poke|p2|Pikachu, M|
|poke|p2|Lapras, M|
|teampreview
|inactive|Battle timer is ON: inactive players will automatically lose when time's up. (requested by drkoalla123)
|
|t:|1779712814
|teamsize|p1|6
|teamsize|p2|6
|start
|switch|p1a: Heatran|Heatran, F|100/100
|switch|p2a: Pikachu|Pikachu, M|100/100
|turn|1
|
|t:|1779712820
|move|p2a: Pikachu|Volt Switch|p1a: Heatran
|-damage|p1a: Heatran|72/100
|
|t:|1779712823
|switch|p2a: Snorlax|Snorlax, M|100/100|[from] Volt Switch
|move|p1a: Heatran|Lava Plume|p2a: Snorlax
|-damage|p2a: Snorlax|81/100
|
|-heal|p1a: Heatran|78/100|[from] item: Leftovers
|upkeep
|turn|2
|
|t:|1779712833
|switch|p1a: Mandibuzz|Mandibuzz, F|100/100
|move|p2a: Snorlax|Rain Dance|p2a: Snorlax
|-weather|RainDance
|
|-weather|RainDance|[upkeep]
|upkeep
|turn|3
|
|t:|1779712839
|switch|p2a: Lapras|Lapras, M, shiny|100/100
|move|p1a: Mandibuzz|Toxic|p2a: Lapras
|-status|p2a: Lapras|tox
|
|-weather|RainDance|[upkeep]
|-damage|p2a: Lapras|94/100 tox|[from] psn
|upkeep
|turn|4
|
|t:|1779712848
|switch|p1a: Chansey|Chansey, F|100/100
|move|p2a: Lapras|Thunder|p1a: Chansey
|-damage|p1a: Chansey|88/100
|
|-weather|RainDance|[upkeep]
|-damage|p2a: Lapras|82/100 tox|[from] psn
|upkeep
|turn|5
|
|t:|1779712860
|switch|p2a: Snorlax|Snorlax, M|81/100
|move|p1a: Chansey|Stealth Rock|p2a: Snorlax
|-sidestart|p2: drkoalla123|move: Stealth Rock
|
|-weather|RainDance|[upkeep]
|upkeep
|turn|6
|
|t:|1779712867
|switch|p1a: Mandibuzz|Mandibuzz, F|100/100
|move|p2a: Snorlax|Body Slam|p1a: Mandibuzz
|-damage|p1a: Mandibuzz|83/100
|-damage|p2a: Snorlax|65/100|[from] item: Rocky Helmet|[of] p1a: Mandibuzz
|
|-weather|none
|upkeep
|turn|7
|
|t:|1779712876
|move|p1a: Mandibuzz|Foul Play|p2a: Snorlax
|-damage|p2a: Snorlax|38/100
|move|p2a: Snorlax|Body Slam|p1a: Mandibuzz
|-damage|p1a: Mandibuzz|64/100
|-status|p1a: Mandibuzz|par
|-damage|p2a: Snorlax|22/100|[from] item: Rocky Helmet|[of] p1a: Mandibuzz
|
|upkeep
|turn|8
|
|t:|1779712886
|move|p1a: Mandibuzz|Foul Play|p2a: Snorlax
|-damage|p2a: Snorlax|0 fnt
|faint|p2a: Snorlax
|
|upkeep
|
|t:|1779712890
|switch|p2a: Pikachu|Pikachu, M|100/100
|-damage|p2a: Pikachu|88/100|[from] Stealth Rock
|turn|9
|
|t:|1779712896
|switch|p1a: Chansey|Chansey, F|88/100
|move|p2a: Pikachu|Thunder|p1a: Chansey
|-damage|p1a: Chansey|71/100
|
|upkeep
|turn|10
|
|t:|1779712903
|move|p2a: Pikachu|Draining Kiss|p1a: Chansey
|-damage|p1a: Chansey|66/100
|-heal|p2a: Pikachu|100/100|[from] drain|[of] p1a: Chansey
|move|p1a: Chansey|Seismic Toss|p2a: Pikachu
|-damage|p2a: Pikachu|53/100
|
|upkeep
|turn|11
|
|t:|1779712911
|move|p2a: Pikachu|Volt Switch|p1a: Chansey
|-damage|p1a: Chansey|55/100
|
|t:|1779712917
|switch|p2a: Venusaur|Venusaur, F|100/100|[from] Volt Switch
|-damage|p2a: Venusaur|88/100|[from] Stealth Rock
|move|p1a: Chansey|Seismic Toss|p2a: Venusaur
|-damage|p2a: Venusaur|55/100
|
|-heal|p2a: Venusaur|61/100|[from] item: Leftovers
|upkeep
|turn|12
|
|t:|1779712927
|move|p2a: Venusaur|Toxic|p1a: Chansey
|-status|p1a: Chansey|tox
|move|p1a: Chansey|Soft-Boiled|p1a: Chansey
|-heal|p1a: Chansey|100/100 tox
|
|-heal|p2a: Venusaur|67/100|[from] item: Leftovers
|-damage|p1a: Chansey|94/100 tox|[from] psn
|upkeep
|turn|13
|
|t:|1779712936
|move|p2a: Venusaur|Growth|p2a: Venusaur
|-boost|p2a: Venusaur|atk|1
|-boost|p2a: Venusaur|spa|1
|move|p1a: Chansey|Thunder Wave|p2a: Venusaur|[miss]
|-miss|p1a: Chansey|p2a: Venusaur
|
|-heal|p2a: Venusaur|73/100|[from] item: Leftovers
|-damage|p1a: Chansey|82/100 tox|[from] psn
|upkeep
|turn|14
|
|t:|1779712946
|move|p2a: Venusaur|Growth|p2a: Venusaur
|-boost|p2a: Venusaur|atk|1
|-boost|p2a: Venusaur|spa|1
|move|p1a: Chansey|Thunder Wave|p2a: Venusaur
|-status|p2a: Venusaur|par
|
|-heal|p2a: Venusaur|79/100 par|[from] item: Leftovers
|-damage|p1a: Chansey|63/100 tox|[from] psn
|upkeep
|turn|15
|
|t:|1779712956
|-curestatus|p1a: Chansey|tox|[from] ability: Natural Cure|[silent]
|switch|p1a: Heatran|Heatran, F|78/100
|move|p2a: Venusaur|Growth|p2a: Venusaur
|-boost|p2a: Venusaur|atk|1
|-boost|p2a: Venusaur|spa|1
|
|-heal|p1a: Heatran|84/100|[from] item: Leftovers
|-heal|p2a: Venusaur|85/100 par|[from] item: Leftovers
|upkeep
|turn|16
|
|t:|1779712966
|-terastallize|p2a: Venusaur|Flying
|move|p1a: Heatran|Lava Plume|p2a: Venusaur
|-damage|p2a: Venusaur|46/100 par
|move|p2a: Venusaur|Earth Power|p1a: Heatran
|-supereffective|p1a: Heatran
|-crit|p1a: Heatran
|-damage|p1a: Heatran|0 fnt
|faint|p1a: Heatran
|
|-heal|p2a: Venusaur|52/100 par|[from] item: Leftovers
|upkeep
|
|t:|1779712979
|switch|p1a: Dragonite|Dragonite, F|100/100
|turn|17
|
|t:|1779712986
|move|p1a: Dragonite|Ice Spinner|p2a: Venusaur
|-supereffective|p2a: Venusaur
|-crit|p2a: Venusaur
|-damage|p2a: Venusaur|0 fnt
|faint|p2a: Venusaur
|
|upkeep
|
|t:|1779712992
|switch|p2a: Blastoise|Blastoise, F|100/100
|-damage|p2a: Blastoise|88/100|[from] Stealth Rock
|turn|18
|inactive|drkoalla123 has 120 seconds left.
|
|t:|1779713051
|switch|p1a: Chansey|Chansey, F|63/100
|move|p2a: Blastoise|Ice Beam|p1a: Chansey
|-damage|p1a: Chansey|58/100
|
|-heal|p2a: Blastoise|94/100|[from] item: Leftovers
|upkeep
|turn|19
|
|t:|1779713061
|move|p2a: Blastoise|Rapid Spin|p1a: Chansey
|-damage|p1a: Chansey|51/100
|-boost|p2a: Blastoise|spe|1
|-sideend|p2: drkoalla123|Stealth Rock|[from] move: Rapid Spin|[of] p2a: Blastoise
|move|p1a: Chansey|Soft-Boiled|p1a: Chansey
|-heal|p1a: Chansey|100/100
|
|-heal|p2a: Blastoise|99/100|[from] item: Leftovers
|upkeep
|turn|20
|
|t:|1779713071
|move|p2a: Blastoise|Shell Smash|p2a: Blastoise
|-unboost|p2a: Blastoise|def|1
|-unboost|p2a: Blastoise|spd|1
|-boost|p2a: Blastoise|atk|2
|-boost|p2a: Blastoise|spa|2
|-boost|p2a: Blastoise|spe|2
|move|p1a: Chansey|Stealth Rock|p2a: Blastoise
|-sidestart|p2: drkoalla123|move: Stealth Rock
|
|-heal|p2a: Blastoise|100/100|[from] item: Leftovers
|upkeep
|turn|21
|
|t:|1779713081
|move|p2a: Blastoise|Shell Smash|p2a: Blastoise
|-unboost|p2a: Blastoise|def|1
|-unboost|p2a: Blastoise|spd|1
|-boost|p2a: Blastoise|atk|2
|-boost|p2a: Blastoise|spa|2
|-boost|p2a: Blastoise|spe|2
|move|p1a: Chansey|Thunder Wave|p2a: Blastoise
|-status|p2a: Blastoise|par
|
|upkeep
|turn|22
|
|t:|1779713090
|move|p2a: Blastoise|Shell Smash|p2a: Blastoise
|-unboost|p2a: Blastoise|def|1
|-unboost|p2a: Blastoise|spd|1
|-boost|p2a: Blastoise|atk|2
|-boost|p2a: Blastoise|spa|2
|-boost|p2a: Blastoise|spe|1
|move|p1a: Chansey|Seismic Toss|p2a: Blastoise
|-damage|p2a: Blastoise|73/100 par
|
|-heal|p2a: Blastoise|79/100 par|[from] item: Leftovers
|upkeep
|turn|23
|inactive|drkoalla123 has 120 seconds left.
|
|t:|1779713101
|switch|p1a: Mandibuzz|Mandibuzz, F|64/100 par
|move|p2a: Blastoise|Hydro Pump|p1a: Mandibuzz
|-damage|p1a: Mandibuzz|0 fnt
|faint|p1a: Mandibuzz
|
|-heal|p2a: Blastoise|85/100 par|[from] item: Leftovers
|upkeep
|
|t:|1779713111
|switch|p1a: Dragonite|Dragonite, F|100/100
|turn|24
|
|t:|1779713123
|move|p1a: Dragonite|Extreme Speed|p2a: Blastoise
|-damage|p2a: Blastoise|9/100 par
|cant|p2a: Blastoise|par
|
|-heal|p2a: Blastoise|15/100 par|[from] item: Leftovers
|upkeep
|turn|25
|
|t:|1779713131
|move|p1a: Dragonite|Extreme Speed|p2a: Blastoise
|-damage|p2a: Blastoise|0 fnt
|faint|p2a: Blastoise
|
|upkeep
|
|t:|1779713134
|switch|p2a: Lapras|Lapras, M, shiny|82/100 tox
|-damage|p2a: Lapras|57/100 tox|[from] Stealth Rock
|turn|26
|
|t:|1779713141
|switch|p1a: Chansey|Chansey, F|100/100
|move|p2a: Lapras|Ice Beam|p1a: Chansey
|-damage|p1a: Chansey|84/100
|
|-damage|p2a: Lapras|51/100 tox|[from] psn
|upkeep
|turn|27
|
|t:|1779713149
|switch|p2a: Charizard|Charizard, F|100/100
|-damage|p2a: Charizard|50/100|[from] Stealth Rock
|move|p1a: Chansey|Seismic Toss|p2a: Charizard
|-damage|p2a: Charizard|17/100
|
|upkeep
|turn|28
|
|t:|1779713177
|move|p2a: Charizard|Focus Blast|p1a: Chansey
|-supereffective|p1a: Chansey
|-damage|p1a: Chansey|62/100
|move|p1a: Chansey|Seismic Toss|p2a: Charizard
|-damage|p2a: Charizard|0 fnt
|faint|p2a: Charizard
|
|upkeep
|-message|drkoalla123 forfeited.
|
|win|Waliiiztttt
|raw|Waliiiztttt's rating: 1082 &rarr; <strong>1114</strong><br />(+32 for winning)
|raw|drkoalla123's rating: 1132 &rarr; <strong>1103</strong><br />(-29 for losing)
|l|☆drkoalla123
|player|p2|
|l|☆Waliiiztttt
|player|p1|
