|j|☆datesarehealthy
|j|☆onclemondrop
|t:|1779642098
|gametype|singles
|player|p1|datesarehealthy|pokefan|1221
|player|p2|onclemondrop|170|1174
|gen|9
|tier|[Gen 9] OU
|rated|
|rule|HP Percentage Mod: HP is shown in percentages
|rule|Endless Battle Clause: Forcing endless battles is banned
|rule|Species Clause: Limit one of each Pokémon
|rule|OHKO Clause: OHKO moves are banned
|rule|Evasion Items Clause: Evasion items are banned
|rule|Evasion Moves Clause: Evasion moves are banned
|rule|Evasion Abilities Clause: Evasion abilities are banned
|rule|Sleep Moves Clause: Sleep-inducing moves are banned
|clearpoke
|poke|p1|Pecharunt|
|poke|p1|Slowking-Galar, F|
|poke|p1|Swalot, M|
|poke|p1|Skuntank, F|
|poke|p1|Gengar, M|
|poke|p1|Gliscor, M|
|poke|p2|Darkrai|
|poke|p2|Samurott-Hisui, F|
|poke|p2|Great Tusk|
|poke|p2|Gholdengo|
|poke|p2|Iron Valiant|
|poke|p2|Moltres|
|teampreview
|inactive|Battle timer is ON: inactive players will automatically lose when time's up. (requested by onclemondrop)
|
|t:|1779642155
|teamsize|p1|6
|teamsize|p2|6
|start
|switch|p1a: Skuntank|Skuntank, F|100/100
|switch|p2a: Samurott|Samurott-Hisui, F|100/100
|turn|1
|
|t:|1779642162
|move|p2a: Samurott|Flip Turn|p1a: Skuntank
|-damage|p1a: Skuntank|79/100
|-damage|p2a: Samurott|84/100|[from] item: Rocky Helmet|[of] p1a: Skuntank
|
|t:|1779642174
|switch|p2a: Moltres|Moltres|100/100|[from] Flip Turn
|move|p1a: Skuntank|Toxic|p2a: Moltres
|-status|p2a: Moltres|tox
|
|-damage|p2a: Moltres|94/100 tox|[from] psn
|upkeep
|turn|2
|
|t:|1779642185
|switch|p1a: Slowking|Slowking-Galar, F|100/100
|move|p2a: Moltres|Flamethrower|p1a: Slowking
|-damage|p1a: Slowking|80/100
|
|-heal|p1a: Slowking|86/100|[from] item: Leftovers
|-damage|p2a: Moltres|82/100 tox|[from] psn
|upkeep
|turn|3
|
|t:|1779642202
|move|p2a: Moltres|U-turn|p1a: Slowking
|-damage|p1a: Slowking|70/100
|
|t:|1779642208
|switch|p2a: Samurott|Samurott-Hisui, F|84/100|[from] U-turn
|move|p1a: Slowking|Hex|p2a: Samurott
|-resisted|p2a: Samurott
|-damage|p2a: Samurott|73/100
|
|-heal|p1a: Slowking|76/100|[from] item: Leftovers
|upkeep
|turn|4
|
|t:|1779642216
|switch|p1a: Skuntank|Skuntank, F|79/100
|move|p2a: Samurott|Ceaseless Edge|p1a: Skuntank
|-resisted|p1a: Skuntank
|-damage|p1a: Skuntank|60/100
|-damage|p2a: Samurott|56/100|[from] item: Rocky Helmet|[of] p1a: Skuntank
|-sidestart|p1: datesarehealthy|Spikes
|
|upkeep
|turn|5
|
|t:|1779642231
|switch|p2a: Moltres|Moltres|82/100 tox
|move|p1a: Skuntank|Fire Spin|p2a: Moltres|[miss]
|-miss|p1a: Skuntank|p2a: Moltres
|
|-damage|p2a: Moltres|76/100 tox|[from] psn
|upkeep
|turn|6
|
|t:|1779642240
|switch|p1a: Slowking|Slowking-Galar, F|100/100
|-damage|p1a: Slowking|88/100|[from] Spikes
|move|p2a: Moltres|Flamethrower|p1a: Slowking
|-damage|p1a: Slowking|64/100
|
|-heal|p1a: Slowking|70/100|[from] item: Leftovers
|-damage|p2a: Moltres|64/100 tox|[from] psn
|upkeep
|turn|7
|
|t:|1779642254
|-terastallize|p1a: Slowking|Ghost
|move|p2a: Moltres|Roost|p2a: Moltres
|-heal|p2a: Moltres|100/100 tox
|-singleturn|p2a: Moltres|move: Roost
|move|p1a: Slowking|Curse|p2a: Moltres
|-start|p2a: Moltres|Curse|[of] p1a: Slowking
|-damage|p1a: Slowking|20/100
|
|-heal|p1a: Slowking|26/100|[from] item: Leftovers
|-damage|p2a: Moltres|82/100 tox|[from] psn
|-damage|p2a: Moltres|58/100 tox|[from] Curse
|upkeep
|turn|8
|
|t:|1779642270
|switch|p1a: Swalot|Swalot, M|100/100
|-damage|p1a: Swalot|88/100|[from] Spikes
|move|p2a: Moltres|Flamethrower|p1a: Swalot
|-damage|p1a: Swalot|49/100
|
|-damage|p2a: Moltres|34/100 tox|[from] psn
|-damage|p2a: Moltres|9/100 tox|[from] Curse
|upkeep
|turn|9
|
|t:|1779642284
|move|p2a: Moltres|Flamethrower|p1a: Swalot
|-damage|p1a: Swalot|12/100
|move|p1a: Swalot|Toxic Spikes|p2a: Moltres
|-sidestart|p2: onclemondrop|move: Toxic Spikes
|
|-damage|p2a: Moltres|0 fnt|[from] psn
|faint|p2a: Moltres
|upkeep
|
|t:|1779642292
|switch|p2a: Gholdengo|Gholdengo|100/100
|-item|p2a: Gholdengo|Air Balloon
|turn|10
|-enditem|p1a: Swalot|Custap Berry|[eat]
|-activate|p1a: Swalot|item: Custap Berry|[consumed]
|
|t:|1779642298
|move|p1a: Swalot|Destiny Bond|p1a: Swalot
|-singlemove|p1a: Swalot|Destiny Bond
|move|p2a: Gholdengo|Nasty Plot|p2a: Gholdengo
|-boost|p2a: Gholdengo|spa|2
|
|upkeep
|turn|11
|
|t:|1779642305
|move|p2a: Gholdengo|Nasty Plot|p2a: Gholdengo
|-boost|p2a: Gholdengo|spa|2
|move|p1a: Swalot|Knock Off|p2a: Gholdengo
|-supereffective|p2a: Gholdengo
|-damage|p2a: Gholdengo|60/100
|-enditem|p2a: Gholdengo|Air Balloon
|
|upkeep
|turn|12
|
|t:|1779642313
|move|p2a: Gholdengo|Shadow Ball|p1a: Swalot
|-damage|p1a: Swalot|0 fnt
|faint|p1a: Swalot
|
|upkeep
|
|t:|1779642317
|switch|p1a: Gengar|Gengar, M|100/100
|turn|13
|
|t:|1779642325
|move|p1a: Gengar|Shadow Ball|p2a: Gholdengo
|-supereffective|p2a: Gholdengo
|-damage|p2a: Gholdengo|0 fnt
|faint|p2a: Gholdengo
|
|upkeep
|
|t:|1779642330
|switch|p2a: Samurott|Samurott-Hisui, F|56/100
|turn|14
|
|t:|1779642342
|switch|p1a: Skuntank|Skuntank, F|60/100
|-damage|p1a: Skuntank|48/100|[from] Spikes
|move|p2a: Samurott|Ceaseless Edge|p1a: Skuntank
|-resisted|p1a: Skuntank
|-damage|p1a: Skuntank|31/100
|-damage|p2a: Samurott|40/100|[from] item: Rocky Helmet|[of] p1a: Skuntank
|-sidestart|p1: datesarehealthy|Spikes
|
|upkeep
|turn|15
|
|t:|1779642352
|move|p2a: Samurott|Razor Shell|p1a: Skuntank
|-damage|p1a: Skuntank|0 fnt
|-damage|p2a: Samurott|15/100|[from] ability: Aftermath|[of] p1a: Skuntank
|-damage|p2a: Samurott|0 fnt|[from] item: Rocky Helmet|[of] p1a: Skuntank
|faint|p1a: Skuntank
|faint|p2a: Samurott
|
|upkeep
|
|t:|1779642368
|switch|p2a: Great Tusk|Great Tusk|100/100
|switch|p1a: Gliscor|Gliscor, M|100/100
|turn|16
|
|t:|1779642375
|switch|p1a: Pecharunt|Pecharunt|100/100
|-damage|p1a: Pecharunt|84/100|[from] Spikes
|move|p2a: Great Tusk|Ice Spinner|p1a: Pecharunt
|-damage|p1a: Pecharunt|72/100
|
|-heal|p1a: Pecharunt|78/100|[from] item: Leftovers
|upkeep
|turn|17
|
|t:|1779642383
|move|p2a: Great Tusk|Stealth Rock|p1a: Pecharunt
|-sidestart|p1: datesarehealthy|move: Stealth Rock
|move|p1a: Pecharunt|Toxic|p2a: Great Tusk
|-status|p2a: Great Tusk|tox
|-start|p2a: Great Tusk|confusion|[from] ability: Poison Puppeteer|[of] p1a: Pecharunt
|
|-heal|p1a: Pecharunt|84/100|[from] item: Leftovers
|-damage|p2a: Great Tusk|94/100 tox|[from] psn
|upkeep
|turn|18
|
|t:|1779642391
|-activate|p2a: Great Tusk|confusion
|-damage|p2a: Great Tusk|84/100 tox|[from] confusion
|move|p1a: Pecharunt|Recover|p1a: Pecharunt
|-heal|p1a: Pecharunt|100/100
|
|-damage|p2a: Great Tusk|71/100 tox|[from] psn
|upkeep
|turn|19
|
|t:|1779642397
|move|p1a: Pecharunt|Protect|p1a: Pecharunt
|-singleturn|p1a: Pecharunt|Protect
|-activate|p2a: Great Tusk|confusion
|-damage|p2a: Great Tusk|61/100 tox|[from] confusion
|
|-damage|p2a: Great Tusk|42/100 tox|[from] psn
|upkeep
|turn|20
|
|t:|1779642404
|-activate|p2a: Great Tusk|confusion
|move|p2a: Great Tusk|Headlong Rush|p1a: Pecharunt
|-supereffective|p1a: Pecharunt
|-damage|p1a: Pecharunt|45/100
|-unboost|p2a: Great Tusk|def|1
|-unboost|p2a: Great Tusk|spd|1
|move|p1a: Pecharunt|Recover|p1a: Pecharunt
|-heal|p1a: Pecharunt|95/100
|
|-heal|p1a: Pecharunt|100/100|[from] item: Leftovers
|-damage|p2a: Great Tusk|17/100 tox|[from] psn
|upkeep
|turn|21
|
|t:|1779642414
|move|p1a: Pecharunt|Protect|p1a: Pecharunt
|-singleturn|p1a: Pecharunt|Protect
|-activate|p2a: Great Tusk|confusion
|-damage|p2a: Great Tusk|1/100 tox|[from] confusion
|
|-damage|p2a: Great Tusk|0 fnt|[from] psn
|faint|p2a: Great Tusk
|-end|p2a: Great Tusk|Protosynthesis|[silent]
|upkeep
|
|t:|1779642417
|switch|p2a: Darkrai|Darkrai|100/100
|turn|22
|
|t:|1779642423
|move|p2a: Darkrai|Dark Pulse|p1a: Pecharunt
|-supereffective|p1a: Pecharunt
|-damage|p1a: Pecharunt|20/100
|move|p1a: Pecharunt|Toxic|p2a: Darkrai
|-status|p2a: Darkrai|tox
|-start|p2a: Darkrai|confusion|[from] ability: Poison Puppeteer|[of] p1a: Pecharunt
|
|-heal|p1a: Pecharunt|26/100|[from] item: Leftovers
|-damage|p2a: Darkrai|94/100 tox|[from] psn
|upkeep
|turn|23
|
|t:|1779642436
|move|p1a: Pecharunt|Protect|p1a: Pecharunt
|-singleturn|p1a: Pecharunt|Protect
|-activate|p2a: Darkrai|confusion
|-damage|p2a: Darkrai|83/100 tox|[from] confusion
|
|-heal|p1a: Pecharunt|32/100|[from] item: Leftovers
|-damage|p2a: Darkrai|71/100 tox|[from] psn
|upkeep
|turn|24
|
|t:|1779642443
|-activate|p2a: Darkrai|confusion
|move|p2a: Darkrai|Dark Pulse|p1a: Pecharunt
|-supereffective|p1a: Pecharunt
|-damage|p1a: Pecharunt|0 fnt
|faint|p1a: Pecharunt
|
|-damage|p2a: Darkrai|53/100 tox|[from] psn
|upkeep
|
|t:|1779642451
|switch|p1a: Gengar|Gengar, M|100/100
|turn|25
|
|t:|1779642457
|-activate|p2a: Darkrai|confusion
|move|p2a: Darkrai|Dark Pulse|p1a: Gengar
|-supereffective|p1a: Gengar
|-damage|p1a: Gengar|0 fnt
|faint|p1a: Gengar
|
|-damage|p2a: Darkrai|29/100 tox|[from] psn
|upkeep
|
|t:|1779642463
|switch|p1a: Gliscor|Gliscor, M|100/100
|-damage|p1a: Gliscor|88/100|[from] Stealth Rock
|turn|26
|
|t:|1779642467
|move|p1a: Gliscor|Protect|p1a: Gliscor
|-singleturn|p1a: Gliscor|Protect
|-end|p2a: Darkrai|confusion
|move|p2a: Darkrai|Ice Beam|p1a: Gliscor
|-activate|p1a: Gliscor|move: Protect
|
|-damage|p2a: Darkrai|0 fnt|[from] psn
|faint|p2a: Darkrai
|-status|p1a: Gliscor|tox|[from] item: Toxic Orb
|upkeep
|
|t:|1779642469
|switch|p2a: Iron Valiant|Iron Valiant|100/100
|-status|p2a: Iron Valiant|psn
|-enditem|p2a: Iron Valiant|Booster Energy
|-activate|p2a: Iron Valiant|ability: Quark Drive|[fromitem]
|-start|p2a: Iron Valiant|quarkdrivespe
|turn|27
|
|t:|1779642485
|move|p2a: Iron Valiant|Moonblast|p1a: Gliscor
|-damage|p1a: Gliscor|50/100 tox
|move|p1a: Gliscor|Earthquake|p2a: Iron Valiant
|-damage|p2a: Iron Valiant|61/100 psn
|
|-damage|p2a: Iron Valiant|48/100 psn|[from] psn
|-heal|p1a: Gliscor|62/100 tox|[from] ability: Poison Heal
|upkeep
|turn|28
|
|t:|1779642494
|move|p1a: Gliscor|Protect|p1a: Gliscor
|-singleturn|p1a: Gliscor|Protect
|move|p2a: Iron Valiant|Moonblast|p1a: Gliscor
|-activate|p1a: Gliscor|move: Protect
|
|-damage|p2a: Iron Valiant|36/100 psn|[from] psn
|-heal|p1a: Gliscor|75/100 tox|[from] ability: Poison Heal
|upkeep
|turn|29
|c|☆onclemondrop|gg
|c|☆datesarehealthy|gg
|-message|onclemondrop forfeited.
|
|win|datesarehealthy
|raw|datesarehealthy's rating: 1221 &rarr; <strong>1243</strong><br />(+22 for winning)
|raw|onclemondrop's rating: 1174 &rarr; <strong>1152</strong><br />(-22 for losing)
|l|☆onclemondrop
|player|p2|
|l|☆datesarehealthy
|player|p1|
