|j|☆Ballerr
|j|☆chrisnwobu
|t:|1779684879
|gametype|singles
|player|p1|Ballerr|miku-ground|1496
|player|p2|chrisnwobu|2|1509
|gen|9
|tier|[Gen 9] OU
|rated|
|rule|HP Percentage Mod: HP is shown in percentages
|rule|Endless Battle Clause: Forcing endless battles is banned
|rule|Species Clause: Limit one of each Pokémon
|rule|OHKO Clause: OHKO moves are banned
|rule|Evasion Items Clause: Evasion items are banned
|rule|Evasion Moves Clause: Evasion moves are banned
|rule|Evasion Abilities Clause: Evasion abilities are banned
|rule|Sleep Moves Clause: Sleep-inducing moves are banned
|clearpoke
|poke|p1|Entei|
|poke|p1|Gliscor, M|
|poke|p1|Tornadus-Therian, M|
|poke|p1|Great Tusk|
|poke|p1|Dragapult, M|
|poke|p1|Samurott-Hisui, M|
|poke|p2|Alomomola, M|
|poke|p2|Clodsire, F|
|poke|p2|Corviknight, M|
|poke|p2|Iron Valiant|
|poke|p2|Meowscarada, M|
|poke|p2|Dragapult, M|
|teampreview
|inactive|Battle timer is ON: inactive players will automatically lose when time's up. (requested by chrisnwobu)
|
|t:|1779684909
|teamsize|p1|6
|teamsize|p2|6
|start
|switch|p1a: Samurott|Samurott-Hisui, M|100/100
|switch|p2a: Meowscarada|Meowscarada, M|100/100
|turn|1
|
|t:|1779684931
|switch|p1a: Dragapult|Dragapult, M|100/100
|move|p2a: Meowscarada|U-turn|p1a: Dragapult
|-start|p2a: Meowscarada|typechange|Bug|[from] ability: Protean
|-resisted|p1a: Dragapult
|-damage|p1a: Dragapult|77/100
|
|t:|1779684950
|switch|p2a: Clodsire|Clodsire, F|100/100|[from] U-turn
|
|upkeep
|turn|2
|inactive|Ballerr has 120 seconds left.
|
|t:|1779684979
|move|p1a: Dragapult|Will-O-Wisp|p2a: Clodsire
|-status|p2a: Clodsire|brn
|move|p2a: Clodsire|Stealth Rock|p1a: Dragapult
|-sidestart|p1: Ballerr|move: Stealth Rock
|
|-damage|p2a: Clodsire|94/100 brn|[from] brn
|upkeep
|turn|3
|
|t:|1779684988
|move|p1a: Dragapult|Dragon Darts|p2a: Clodsire
|-damage|p2a: Clodsire|71/100 brn
|-anim|p1a: Dragapult|Dragon Darts|p2a: Clodsire
|-crit|p2a: Clodsire
|-damage|p2a: Clodsire|40/100 brn
|move|p2a: Clodsire|Toxic|p1a: Dragapult
|-status|p1a: Dragapult|tox
|
|-heal|p2a: Clodsire|46/100 brn|[from] item: Leftovers
|-damage|p1a: Dragapult|71/100 tox|[from] psn
|-damage|p2a: Clodsire|40/100 brn|[from] brn
|upkeep
|turn|4
|
|t:|1779684999
|switch|p2a: Iron Valiant|Iron Valiant|100/100
|-enditem|p2a: Iron Valiant|Booster Energy
|-activate|p2a: Iron Valiant|ability: Quark Drive|[fromitem]
|-start|p2a: Iron Valiant|quarkdrivespe
|move|p1a: Dragapult|Will-O-Wisp|p2a: Iron Valiant
|-status|p2a: Iron Valiant|brn
|
|-damage|p1a: Dragapult|59/100 tox|[from] psn
|-damage|p2a: Iron Valiant|94/100 brn|[from] brn
|upkeep
|turn|5
|
|t:|1779685012
|switch|p1a: Samurott|Samurott-Hisui, M|100/100
|-damage|p1a: Samurott|88/100|[from] Stealth Rock
|move|p2a: Iron Valiant|Calm Mind|p2a: Iron Valiant
|-boost|p2a: Iron Valiant|spa|1
|-boost|p2a: Iron Valiant|spd|1
|
|-damage|p2a: Iron Valiant|88/100 brn|[from] brn
|upkeep
|turn|6
|
|t:|1779685021
|-terastallize|p1a: Samurott|Poison
|move|p2a: Iron Valiant|Moonblast|p1a: Samurott
|-resisted|p1a: Samurott
|-damage|p1a: Samurott|63/100
|move|p1a: Samurott|Razor Shell|p2a: Iron Valiant
|-damage|p2a: Iron Valiant|14/100 brn
|-unboost|p2a: Iron Valiant|def|1
|
|-damage|p2a: Iron Valiant|8/100 brn|[from] brn
|upkeep
|turn|7
|
|t:|1779685038
|-end|p2a: Iron Valiant|Quark Drive|[silent]
|switch|p2a: Alomomola|Alomomola, M|100/100
|move|p1a: Samurott|Ceaseless Edge|p2a: Alomomola
|-damage|p2a: Alomomola|77/100
|-damage|p1a: Samurott|47/100|[from] item: Rocky Helmet|[of] p2a: Alomomola
|-sidestart|p2: chrisnwobu|Spikes
|
|upkeep
|turn|8
|
|t:|1779685047
|move|p1a: Samurott|Knock Off|p2a: Alomomola
|-damage|p2a: Alomomola|55/100
|-damage|p1a: Samurott|31/100|[from] item: Rocky Helmet|[of] p2a: Alomomola
|-enditem|p2a: Alomomola|Rocky Helmet|[from] move: Knock Off|[of] p1a: Samurott
|move|p2a: Alomomola|Flip Turn|p1a: Samurott
|-crit|p1a: Samurott
|-damage|p1a: Samurott|5/100
|
|t:|1779685051
|switch|p2a: Corviknight|Corviknight, M|100/100|[from] Flip Turn
|-ability|p2a: Corviknight|Pressure
|
|upkeep
|turn|9
|
|t:|1779685070
|switch|p2a: Alomomola|Alomomola, M|88/100
|-damage|p2a: Alomomola|76/100|[from] Spikes
|move|p1a: Samurott|Knock Off|p2a: Alomomola
|-damage|p2a: Alomomola|61/100
|
|upkeep
|turn|10
|
|t:|1779685077
|move|p2a: Alomomola|Aqua Jet|p1a: Samurott
|-damage|p1a: Samurott|0 fnt
|faint|p1a: Samurott
|
|upkeep
|
|t:|1779685091
|switch|p1a: Dragapult|Dragapult, M|59/100 tox
|-damage|p1a: Dragapult|47/100 tox|[from] Stealth Rock
|turn|11
|
|t:|1779685102
|move|p2a: Alomomola|Protect|p2a: Alomomola
|-singleturn|p2a: Alomomola|Protect
|move|p1a: Dragapult|Will-O-Wisp|p2a: Alomomola
|-activate|p2a: Alomomola|move: Protect
|
|-damage|p1a: Dragapult|41/100 tox|[from] psn
|upkeep
|turn|12
|
|t:|1779685108
|switch|p1a: Great Tusk|Great Tusk|100/100
|move|p2a: Alomomola|Wish|p2a: Alomomola
|
|upkeep
|turn|13
|
|t:|1779685117
|move|p1a: Great Tusk|Rapid Spin|p2a: Alomomola
|-damage|p2a: Alomomola|53/100
|-boost|p1a: Great Tusk|spe|1
|-sideend|p1: Ballerr|Stealth Rock|[from] move: Rapid Spin|[of] p1a: Great Tusk
|move|p2a: Alomomola|Flip Turn|p1a: Great Tusk
|-supereffective|p1a: Great Tusk
|-damage|p1a: Great Tusk|78/100
|
|t:|1779685130
|switch|p2a: Meowscarada|Meowscarada, M|100/100|[from] Flip Turn
|-damage|p2a: Meowscarada|88/100|[from] Spikes
|
|-heal|p2a: Meowscarada|100/100|[from] move: Wish|[wisher] Alomomola
|upkeep
|turn|14
|
|t:|1779685142
|-end|p1a: Great Tusk|Protosynthesis|[silent]
|switch|p1a: Entei|Entei|100/100
|move|p2a: Meowscarada|Triple Axel|p1a: Entei
|-start|p2a: Meowscarada|typechange|Ice|[from] ability: Protean
|-resisted|p1a: Entei
|-damage|p1a: Entei|95/100
|-resisted|p1a: Entei
|-damage|p1a: Entei|85/100
|-resisted|p1a: Entei
|-damage|p1a: Entei|69/100
|-hitcount|p1a: Entei|3
|
|upkeep
|turn|15
|
|t:|1779685155
|switch|p2a: Alomomola|Alomomola, M|86/100
|-damage|p2a: Alomomola|73/100|[from] Spikes
|move|p1a: Entei|Sacred Fire|p2a: Alomomola
|-resisted|p2a: Alomomola
|-damage|p2a: Alomomola|54/100
|-status|p2a: Alomomola|brn
|
|-damage|p2a: Alomomola|47/100 brn|[from] brn
|upkeep
|turn|16
|inactive|Ballerr has 120 seconds left.
|
|t:|1779685193
|switch|p1a: Gliscor|Gliscor, M|100/100
|move|p2a: Alomomola|Flip Turn|p1a: Gliscor
|-supereffective|p1a: Gliscor
|-damage|p1a: Gliscor|87/100
|
|t:|1779685206
|switch|p2a: Meowscarada|Meowscarada, M|100/100|[from] Flip Turn
|-damage|p2a: Meowscarada|88/100|[from] Spikes
|
|-status|p1a: Gliscor|tox|[from] item: Toxic Orb
|upkeep
|turn|17
|
|t:|1779685211
|move|p1a: Gliscor|Protect|p1a: Gliscor
|-singleturn|p1a: Gliscor|Protect
|move|p2a: Meowscarada|Triple Axel|p1a: Gliscor
|-start|p2a: Meowscarada|typechange|Ice|[from] ability: Protean
|-activate|p1a: Gliscor|move: Protect
|
|-heal|p1a: Gliscor|99/100 tox|[from] ability: Poison Heal
|upkeep
|turn|18
|
|t:|1779685221
|switch|p1a: Tornadus|Tornadus-Therian, M|100/100
|move|p2a: Meowscarada|Triple Axel|p1a: Tornadus
|-supereffective|p1a: Tornadus
|-damage|p1a: Tornadus|72/100
|-damage|p2a: Meowscarada|72/100|[from] item: Rocky Helmet|[of] p1a: Tornadus
|-supereffective|p1a: Tornadus
|-damage|p1a: Tornadus|18/100
|-damage|p2a: Meowscarada|55/100|[from] item: Rocky Helmet|[of] p1a: Tornadus
|-supereffective|p1a: Tornadus
|-damage|p1a: Tornadus|0 fnt
|-damage|p2a: Meowscarada|39/100|[from] item: Rocky Helmet|[of] p1a: Tornadus
|faint|p1a: Tornadus
|-hitcount|p1: Tornadus|3
|
|upkeep
|inactive|Ballerr has 120 seconds left.
|inactive|Ballerr has 90 seconds left.
|
|t:|1779685266
|switch|p1a: Entei|Entei|69/100
|turn|19
|inactive|Ballerr has 90 seconds left.
|
|t:|1779685282
|switch|p2a: Alomomola|Alomomola, M|81/100 brn
|-damage|p2a: Alomomola|68/100 brn|[from] Spikes
|switch|p1a: Dragapult|Dragapult, M|41/100 tox
|
|-damage|p1a: Dragapult|35/100 tox|[from] psn
|-damage|p2a: Alomomola|62/100 brn|[from] brn
|upkeep
|turn|20
|
|t:|1779685293
|move|p1a: Dragapult|Hex|p2a: Alomomola
|-damage|p2a: Alomomola|0 fnt
|faint|p2a: Alomomola
|
|-damage|p1a: Dragapult|23/100 tox|[from] psn
|upkeep
|
|t:|1779685300
|switch|p2a: Corviknight|Corviknight, M|100/100
|-ability|p2a: Corviknight|Pressure
|turn|21
|
|t:|1779685305
|switch|p1a: Entei|Entei|69/100
|move|p2a: Corviknight|Defog|p1a: Entei
|-unboost|p1a: Entei|evasion|1
|-sideend|p2: chrisnwobu|Spikes|[from] move: Defog|[of] p2a: Corviknight
|
|upkeep
|turn|22
|
|t:|1779685312
|-terastallize|p2a: Corviknight|Dragon
|move|p1a: Entei|Sacred Fire|p2a: Corviknight
|-resisted|p2a: Corviknight
|-damage|p2a: Corviknight|79/100
|-status|p2a: Corviknight|brn
|move|p2a: Corviknight|Brave Bird|p1a: Entei
|-damage|p1a: Entei|50/100
|-damage|p2a: Corviknight|73/100 brn|[from] Recoil
|
|-damage|p2a: Corviknight|67/100 brn|[from] brn
|upkeep
|turn|23
|inactive|Ballerr has 120 seconds left.
|
|t:|1779685321
|switch|p1a: Gliscor|Gliscor, M|99/100 tox
|move|p2a: Corviknight|U-turn|p1a: Gliscor
|-resisted|p1a: Gliscor
|-damage|p1a: Gliscor|97/100 tox
|
|t:|1779685331
|switch|p2a: Meowscarada|Meowscarada, M|39/100|[from] U-turn
|
|-heal|p1a: Gliscor|100/100 tox|[from] ability: Poison Heal
|upkeep
|turn|24
|
|t:|1779685334
|move|p1a: Gliscor|Protect|p1a: Gliscor
|-singleturn|p1a: Gliscor|Protect
|move|p2a: Meowscarada|Triple Axel|p1a: Gliscor
|-start|p2a: Meowscarada|typechange|Ice|[from] ability: Protean
|-activate|p1a: Gliscor|move: Protect
|
|upkeep
|turn|25
|
|t:|1779685354
|switch|p2a: Dragapult|Dragapult, M|100/100
|switch|p1a: Great Tusk|Great Tusk|78/100
|
|upkeep
|turn|26
|
|t:|1779685362
|move|p2a: Dragapult|Shadow Ball|p1a: Great Tusk
|-damage|p1a: Great Tusk|3/100
|move|p1a: Great Tusk|Stealth Rock|p2a: Dragapult
|-sidestart|p2: chrisnwobu|move: Stealth Rock
|
|upkeep
|turn|27
|
|t:|1779685367
|move|p2a: Dragapult|Shadow Ball|p1a: Great Tusk
|-damage|p1a: Great Tusk|0 fnt
|faint|p1a: Great Tusk
|-end|p1a: Great Tusk|Protosynthesis|[silent]
|
|upkeep
|
|t:|1779685372
|switch|p1a: Dragapult|Dragapult, M|23/100 tox
|turn|28
|
|t:|1779685384
|move|p1a: Dragapult|Dragon Darts|p2a: Dragapult
|-supereffective|p2a: Dragapult
|-damage|p2a: Dragapult|43/100
|-anim|p1a: Dragapult|Dragon Darts|p2a: Dragapult
|-supereffective|p2a: Dragapult
|-damage|p2a: Dragapult|0 fnt
|faint|p2a: Dragapult
|
|-damage|p1a: Dragapult|17/100 tox|[from] psn
|upkeep
|
|t:|1779685395
|switch|p2a: Corviknight|Corviknight, M, tera:Dragon|67/100 brn
|-damage|p2a: Corviknight|55/100 brn|[from] Stealth Rock
|-ability|p2a: Corviknight|Pressure
|turn|29
|
|t:|1779685404
|switch|p2a: Iron Valiant|Iron Valiant|8/100 brn
|-damage|p2a: Iron Valiant|2/100 brn|[from] Stealth Rock
|move|p1a: Dragapult|Dragon Darts|p2a: Iron Valiant
|-immune|p2a: Iron Valiant
|
|-damage|p1a: Dragapult|5/100 tox|[from] psn
|-damage|p2a: Iron Valiant|0 fnt|[from] brn
|faint|p2a: Iron Valiant
|-end|p2a: Iron Valiant|Quark Drive|[silent]
|upkeep
|
|t:|1779685416
|switch|p2a: Clodsire|Clodsire, F|40/100 brn
|-damage|p2a: Clodsire|34/100 brn|[from] Stealth Rock
|turn|30
|
|t:|1779685431
|move|p1a: Dragapult|Dragon Darts|p2a: Clodsire
|-damage|p2a: Clodsire|10/100 brn
|-anim|p1a: Dragapult|Dragon Darts|p2a: Clodsire
|-damage|p2a: Clodsire|0 fnt
|faint|p2a: Clodsire
|
|-damage|p1a: Dragapult|0 fnt|[from] psn
|faint|p1a: Dragapult
|upkeep
|
|t:|1779685444
|switch|p1a: Entei|Entei|50/100
|switch|p2a: Corviknight|Corviknight, M, tera:Dragon|55/100 brn
|-damage|p2a: Corviknight|43/100 brn|[from] Stealth Rock
|-ability|p2a: Corviknight|Pressure
|turn|31
|
|t:|1779685451
|switch|p1a: Gliscor|Gliscor, M|100/100 tox
|move|p2a: Corviknight|Roost|p2a: Corviknight
|-heal|p2a: Corviknight|93/100 brn
|
|-damage|p2a: Corviknight|87/100 brn|[from] brn
|upkeep
|turn|32
|
|t:|1779685460
|switch|p1a: Entei|Entei|50/100
|move|p2a: Corviknight|Defog|p1a: Entei
|-unboost|p1a: Entei|evasion|1
|-sideend|p2: chrisnwobu|Stealth Rock|[from] move: Defog|[of] p2a: Corviknight
|
|-damage|p2a: Corviknight|81/100 brn|[from] brn
|upkeep
|turn|33
|
|t:|1779685471
|move|p1a: Entei|Extreme Speed|p2a: Corviknight
|-damage|p2a: Corviknight|57/100 brn
|-damage|p1a: Entei|34/100|[from] item: Rocky Helmet|[of] p2a: Corviknight
|move|p2a: Corviknight|Brave Bird|p1a: Entei
|-damage|p1a: Entei|14/100
|-damage|p2a: Corviknight|51/100 brn|[from] Recoil
|
|-damage|p2a: Corviknight|45/100 brn|[from] brn
|upkeep
|turn|34
|
|t:|1779685477
|switch|p1a: Gliscor|Gliscor, M|100/100 tox
|move|p2a: Corviknight|U-turn|p1a: Gliscor
|-resisted|p1a: Gliscor
|-damage|p1a: Gliscor|98/100 tox
|
|t:|1779685479
|switch|p2a: Meowscarada|Meowscarada, M|39/100|[from] U-turn
|
|-heal|p1a: Gliscor|100/100 tox|[from] ability: Poison Heal
|upkeep
|turn|35
|
|t:|1779685486
|move|p2a: Meowscarada|Triple Axel|p1a: Gliscor
|-start|p2a: Meowscarada|typechange|Ice|[from] ability: Protean
|-supereffective|p1a: Gliscor
|-damage|p1a: Gliscor|69/100 tox
|-supereffective|p1a: Gliscor
|-damage|p1a: Gliscor|6/100 tox
|-supereffective|p1a: Gliscor
|-damage|p1a: Gliscor|0 fnt
|faint|p1a: Gliscor
|-hitcount|p1: Gliscor|3
|
|upkeep
|
|t:|1779685494
|switch|p1a: Entei|Entei|14/100
|turn|36
|
|t:|1779685497
|move|p2a: Meowscarada|Triple Axel|p1a: Entei|[miss]
|-miss|p2a: Meowscarada|p1a: Entei
|move|p1a: Entei|Sacred Fire|p2a: Meowscarada
|-supereffective|p2a: Meowscarada
|-damage|p2a: Meowscarada|0 fnt
|faint|p2a: Meowscarada
|
|upkeep
|
|t:|1779685500
|switch|p2a: Corviknight|Corviknight, M, tera:Dragon|45/100 brn
|-ability|p2a: Corviknight|Pressure
|turn|37
|
|t:|1779685504
|move|p1a: Entei|Sacred Fire|p2a: Corviknight
|-resisted|p2a: Corviknight
|-damage|p2a: Corviknight|23/100 brn
|move|p2a: Corviknight|Brave Bird|p1a: Entei
|-damage|p1a: Entei|0 fnt
|faint|p1a: Entei
|-damage|p2a: Corviknight|18/100 brn|[from] Recoil
|
|win|chrisnwobu
|raw|Ballerr's rating: 1496 &rarr; <strong>1477</strong><br />(-19 for losing)
|raw|chrisnwobu's rating: 1509 &rarr; <strong>1528</strong><br />(+19 for winning)
|l|☆Ballerr
|player|p1|
|l|☆chrisnwobu
|player|p2|
