|j|☆A1vinZenith
|j|☆knownah39
|t:|1779611614
|gametype|singles
|player|p1|A1vinZenith|alder|1076
|player|p2|knownah39|richboy-gen4|1075
|gen|9
|tier|[Gen 9] OU
|rated|
|rule|HP Percentage Mod: HP is shown in percentages
|rule|Endless Battle Clause: Forcing endless battles is banned
|rule|Species Clause: Limit one of each Pokémon
|rule|OHKO Clause: OHKO moves are banned
|rule|Evasion Items Clause: Evasion items are banned
|rule|Evasion Moves Clause: Evasion moves are banned
|rule|Evasion Abilities Clause: Evasion abilities are banned
|rule|Sleep Moves Clause: Sleep-inducing moves are banned
|clearpoke
|poke|p1|Greninja-*, M|
|poke|p1|Venusaur, M|
|poke|p1|Metagross|
|poke|p1|Blaziken, F|
|poke|p1|Latios, M|
|poke|p1|Kingambit, M|
|poke|p2|Deoxys-Speed|
|poke|p2|Torkoal, M|
|poke|p2|Vileplume, M|
|poke|p2|Ceruledge, F|
|poke|p2|Hawlucha, M|
|poke|p2|Garganacl, F|
|teampreview
|
|t:|1779611619
|teamsize|p1|6
|teamsize|p2|6
|start
|switch|p1a: Greninja|Greninja, M, shiny|100/100
|switch|p2a: Hawlucha|Hawlucha, M|100/100
|turn|1
|
|t:|1779611634
|move|p2a: Hawlucha|Protect|p2a: Hawlucha
|-singleturn|p2a: Hawlucha|Protect
|move|p1a: Greninja|Ice Beam|p2a: Hawlucha
|-start|p1a: Greninja|typechange|Ice|[from] ability: Protean
|-activate|p2a: Hawlucha|move: Protect
|
|upkeep
|turn|2
|
|t:|1779611644
|move|p1a: Greninja|Hydro Pump|p2a: Hawlucha
|-damage|p2a: Hawlucha|51/100
|move|p2a: Hawlucha|Body Slam|p1a: Greninja
|-enditem|p2a: Hawlucha|Normal Gem|[from] gem
|-damage|p1a: Greninja|47/100
|
|upkeep
|turn|3
|
|t:|1779611655
|move|p2a: Hawlucha|Endure|p2a: Hawlucha
|-singleturn|p2a: Hawlucha|move: Endure
|move|p1a: Greninja|Ice Beam|p2a: Hawlucha
|-supereffective|p2a: Hawlucha
|-activate|p2a: Hawlucha|move: Endure
|-damage|p2a: Hawlucha|1/100
|
|upkeep
|turn|4
|
|t:|1779611663
|move|p2a: Hawlucha|Reversal|p1a: Greninja
|-supereffective|p1a: Greninja
|-damage|p1a: Greninja|0 fnt
|faint|p1a: Greninja
|
|upkeep
|
|t:|1779611675
|switch|p1a: Venusaur|Venusaur, M|100/100
|turn|5
|
|t:|1779611680
|move|p2a: Hawlucha|Reversal|p1a: Venusaur
|-resisted|p1a: Venusaur
|-crit|p1a: Venusaur
|-damage|p1a: Venusaur|16/100
|move|p1a: Venusaur|Sludge Bomb|p2a: Hawlucha
|-damage|p2a: Hawlucha|0 fnt
|faint|p2a: Hawlucha
|
|upkeep
|
|t:|1779611689
|switch|p2a: Ceruledge|Ceruledge, F|100/100
|turn|6
|
|t:|1779611693
|move|p2a: Ceruledge|Swords Dance|p2a: Ceruledge
|-boost|p2a: Ceruledge|atk|2
|move|p1a: Venusaur|Giga Drain|p2a: Ceruledge
|-resisted|p2a: Ceruledge
|-damage|p2a: Ceruledge|80/100
|-heal|p1a: Venusaur|26/100|[from] drain|[of] p2a: Ceruledge
|
|upkeep
|turn|7
|
|t:|1779611701
|move|p2a: Ceruledge|Swords Dance|p2a: Ceruledge
|-boost|p2a: Ceruledge|atk|2
|move|p1a: Venusaur|Sludge Bomb|p2a: Ceruledge
|-resisted|p2a: Ceruledge
|-damage|p2a: Ceruledge|56/100
|-status|p2a: Ceruledge|psn
|
|-damage|p2a: Ceruledge|43/100 psn|[from] psn
|upkeep
|turn|8
|
|t:|1779611711
|move|p2a: Ceruledge|Bitter Blade|p1a: Venusaur
|-supereffective|p1a: Venusaur
|-damage|p1a: Venusaur|0 fnt
|-heal|p2a: Ceruledge|57/100 psn|[from] drain|[of] p1a: Venusaur
|faint|p1a: Venusaur
|
|-damage|p2a: Ceruledge|44/100 psn|[from] psn
|upkeep
|
|t:|1779611722
|switch|p1a: Blaziken|Blaziken, F|100/100
|turn|9
|
|t:|1779611729
|move|p2a: Ceruledge|Dragon Claw|p1a: Blaziken
|-damage|p1a: Blaziken|0 fnt
|faint|p1a: Blaziken
|
|-damage|p2a: Ceruledge|32/100 psn|[from] psn
|upkeep
|
|t:|1779611737
|switch|p1a: Latios|Latios, M, shiny|100/100
|turn|10
|
|t:|1779611744
|move|p1a: Latios|Luster Purge|p2a: Ceruledge
|-damage|p2a: Ceruledge|0 fnt
|faint|p2a: Ceruledge
|
|upkeep
|
|t:|1779611751
|switch|p2a: Deoxys|Deoxys-Speed|100/100
|-ability|p2a: Deoxys|Pressure
|turn|11
|
|t:|1779611756
|move|p2a: Deoxys|Substitute|p2a: Deoxys
|-start|p2a: Deoxys|Substitute
|-damage|p2a: Deoxys|76/100
|move|p1a: Latios|Draco Meteor|p2a: Deoxys
|-end|p2a: Deoxys|Substitute
|-unboost|p1a: Latios|spa|2
|
|upkeep
|turn|12
|
|t:|1779611773
|switch|p2a: Torkoal|Torkoal, M|100/100
|-weather|SunnyDay|[from] ability: Drought|[of] p2a: Torkoal
|-terastallize|p1a: Latios|Dragon
|move|p1a: Latios|Draco Meteor|p2a: Torkoal
|-damage|p2a: Torkoal|19/100
|-unboost|p1a: Latios|spa|2
|
|-weather|SunnyDay|[upkeep]
|upkeep
|turn|13
|
|t:|1779611787
|move|p1a: Latios|Shadow Ball|p2a: Torkoal
|-damage|p2a: Torkoal|6/100
|move|p2a: Torkoal|Body Press|p1a: Latios
|-damage|p1a: Latios|57/100
|
|-weather|SunnyDay|[upkeep]
|upkeep
|turn|14
|
|t:|1779611795
|move|p1a: Latios|Shadow Ball|p2a: Torkoal
|-damage|p2a: Torkoal|0 fnt
|faint|p2a: Torkoal
|
|-weather|SunnyDay|[upkeep]
|upkeep
|
|t:|1779611801
|switch|p2a: Deoxys|Deoxys-Speed|76/100
|-ability|p2a: Deoxys|Pressure
|turn|15
|
|t:|1779611806
|move|p2a: Deoxys|Trick|p1a: Latios
|-activate|p2a: Deoxys|move: Trick|[of] p1a: Latios
|-item|p1a: Latios|Choice Scarf|[from] move: Trick
|-item|p2a: Deoxys|Soul Dew|[from] move: Trick
|move|p1a: Latios|Luster Purge|p2a: Deoxys
|-resisted|p2a: Deoxys
|-damage|p2a: Deoxys|62/100
|
|-weather|SunnyDay|[upkeep]
|upkeep
|turn|16
|
|t:|1779611815
|move|p2a: Deoxys|Stealth Rock|p1a: Latios
|-sidestart|p1: A1vinZenith|move: Stealth Rock
|move|p1a: Latios|Luster Purge|p2a: Deoxys
|-resisted|p2a: Deoxys
|-damage|p2a: Deoxys|48/100
|-unboost|p2a: Deoxys|spd|1
|
|-weather|SunnyDay|[upkeep]
|upkeep
|turn|17
|
|t:|1779611824
|move|p2a: Deoxys|Substitute|p2a: Deoxys
|-start|p2a: Deoxys|Substitute
|-damage|p2a: Deoxys|24/100
|move|p1a: Latios|Luster Purge|p2a: Deoxys
|-resisted|p2a: Deoxys
|-activate|p2a: Deoxys|move: Substitute|[damage]
|
|-weather|SunnyDay|[upkeep]
|upkeep
|turn|18
|
|t:|1779611833
|move|p2a: Deoxys|Poison Jab|p1a: Latios
|-damage|p1a: Latios|26/100
|-status|p1a: Latios|psn
|move|p1a: Latios|Luster Purge|p2a: Deoxys
|-resisted|p2a: Deoxys
|-crit|p2a: Deoxys
|-end|p2a: Deoxys|Substitute
|
|-weather|SunnyDay|[upkeep]
|-damage|p1a: Latios|13/100 psn|[from] psn
|upkeep
|turn|19
|
|t:|1779611847
|move|p2a: Deoxys|Poison Jab|p1a: Latios
|-damage|p1a: Latios|0 fnt
|faint|p1a: Latios
|
|-weather|none
|upkeep
|
|t:|1779611853
|switch|p1a: Metagross|Metagross|100/100
|-damage|p1a: Metagross|95/100|[from] Stealth Rock
|turn|20
|
|t:|1779611859
|move|p1a: Metagross|Bullet Punch|p2a: Deoxys
|-damage|p2a: Deoxys|0 fnt
|faint|p2a: Deoxys
|
|upkeep
|
|t:|1779611865
|switch|p2a: Garganacl|Garganacl, F|100/100
|turn|21
|
|t:|1779611869
|move|p1a: Metagross|Earthquake|p2a: Garganacl
|-supereffective|p2a: Garganacl
|-damage|p2a: Garganacl|59/100
|move|p2a: Garganacl|Substitute|p2a: Garganacl
|-start|p2a: Garganacl|Substitute
|-damage|p2a: Garganacl|34/100
|
|-heal|p2a: Garganacl|40/100|[from] item: Leftovers
|upkeep
|turn|22
|
|t:|1779611880
|move|p1a: Metagross|Bullet Punch|p2a: Garganacl
|-supereffective|p2a: Garganacl
|-crit|p2a: Garganacl
|-end|p2a: Garganacl|Substitute
|move|p2a: Garganacl|Iron Defense|p2a: Garganacl
|-boost|p2a: Garganacl|def|2
|
|-heal|p2a: Garganacl|46/100|[from] item: Leftovers
|upkeep
|turn|23
|
|t:|1779611896
|move|p1a: Metagross|Meteor Mash|p2a: Garganacl
|-supereffective|p2a: Garganacl
|-damage|p2a: Garganacl|13/100
|move|p2a: Garganacl|Salt Cure|p1a: Metagross
|-resisted|p1a: Metagross
|-damage|p1a: Metagross|86/100
|-start|p1a: Metagross|Salt Cure
|
|-heal|p2a: Garganacl|19/100|[from] item: Leftovers
|-damage|p1a: Metagross|61/100|[from] Salt Cure
|upkeep
|turn|24
|
|t:|1779611907
|move|p1a: Metagross|Bullet Punch|p2a: Garganacl
|-supereffective|p2a: Garganacl
|-damage|p2a: Garganacl|3/100
|move|p2a: Garganacl|Substitute|p2a: Garganacl
|-fail|p2a: Garganacl|move: Substitute|[weak]
|
|-heal|p2a: Garganacl|9/100|[from] item: Leftovers
|-damage|p1a: Metagross|36/100|[from] Salt Cure
|upkeep
|turn|25
|
|t:|1779611916
|move|p1a: Metagross|Bullet Punch|p2a: Garganacl
|-supereffective|p2a: Garganacl
|-damage|p2a: Garganacl|0 fnt
|faint|p2a: Garganacl
|
|-damage|p1a: Metagross|11/100|[from] Salt Cure
|upkeep
|
|t:|1779611920
|switch|p2a: Vileplume|Vileplume, M, shiny|100/100
|turn|26
|
|t:|1779611930
|-terastallize|p2a: Vileplume|Grass
|move|p1a: Metagross|Zen Headbutt|p2a: Vileplume
|-damage|p2a: Vileplume|53/100
|move|p2a: Vileplume|Giga Drain|p1a: Metagross
|-resisted|p1a: Metagross
|-damage|p1a: Metagross|0 fnt
|-heal|p2a: Vileplume|57/100|[from] drain|[of] p1a: Metagross
|faint|p1a: Metagross
|
|upkeep
|
|t:|1779611941
|switch|p1a: Kingambit|Kingambit, M|100/100
|-damage|p1a: Kingambit|94/100|[from] Stealth Rock
|-activate|p1a: Kingambit|ability: Supreme Overlord
|-start|p1a: Kingambit|fallen5|[silent]
|turn|27
|
|t:|1779611949
|move|p1a: Kingambit|Iron Head|p2a: Vileplume
|-damage|p2a: Vileplume|0 fnt
|faint|p2a: Vileplume
|
|win|A1vinZenith
|raw|A1vinZenith's rating: 1076 &rarr; <strong>1107</strong><br />(+31 for winning)
|raw|knownah39's rating: 1101 &rarr; <strong>1074</strong><br />(-27 for losing)
|l|☆A1vinZenith
|player|p1|
