|j|☆k1ng l4rper
|j|☆adamecek
|t:|1779604876
|gametype|singles
|player|p1|k1ng l4rper|101|1172
|player|p2|adamecek|101|1144
|gen|9
|tier|[Gen 9] OU
|rated|
|rule|HP Percentage Mod: HP is shown in percentages
|rule|Endless Battle Clause: Forcing endless battles is banned
|rule|Species Clause: Limit one of each Pokémon
|rule|OHKO Clause: OHKO moves are banned
|rule|Evasion Items Clause: Evasion items are banned
|rule|Evasion Moves Clause: Evasion moves are banned
|rule|Evasion Abilities Clause: Evasion abilities are banned
|rule|Sleep Moves Clause: Sleep-inducing moves are banned
|clearpoke
|poke|p1|Meowscarada, M|
|poke|p1|Cinderace, F|
|poke|p1|Alomomola, F|
|poke|p1|Pecharunt|
|poke|p1|Great Tusk|
|poke|p1|Latios, M|
|poke|p2|Galvantula, F|
|poke|p2|Ceruledge, F|
|poke|p2|Dusclops, M|
|poke|p2|Walking Wake|
|poke|p2|Torkoal, M|
|poke|p2|Lilligant-Hisui, F|
|teampreview
|inactive|Battle timer is ON: inactive players will automatically lose when time's up. (requested by k1ng l4rper)
|
|t:|1779604910
|teamsize|p1|6
|teamsize|p2|6
|start
|switch|p1a: Meowscarada|Meowscarada, M|100/100
|switch|p2a: Galvantula|Galvantula, F|100/100
|turn|1
|
|t:|1779604924
|move|p1a: Meowscarada|Triple Axel|p2a: Galvantula
|-start|p1a: Meowscarada|typechange|Ice|[from] ability: Protean
|-damage|p2a: Galvantula|75/100
|-damage|p1a: Meowscarada|84/100|[from] item: Rocky Helmet|[of] p2a: Galvantula
|-hitcount|p2a: Galvantula|1
|move|p2a: Galvantula|Sticky Web|p1a: Meowscarada
|-sidestart|p1: k1ng l4rper|move: Sticky Web
|
|upkeep
|turn|2
|
|t:|1779604934
|switch|p2a: Torkoal|Torkoal, M|100/100
|-weather|SunnyDay|[from] ability: Drought|[of] p2a: Torkoal
|move|p1a: Meowscarada|Triple Axel|p2a: Torkoal
|-resisted|p2a: Torkoal
|-damage|p2a: Torkoal|96/100
|-resisted|p2a: Torkoal
|-damage|p2a: Torkoal|88/100
|-resisted|p2a: Torkoal
|-damage|p2a: Torkoal|77/100
|-hitcount|p2a: Torkoal|3
|
|-weather|SunnyDay|[upkeep]
|upkeep
|turn|3
|
|t:|1779604947
|switch|p1a: Alomomola|Alomomola, F|100/100
|-activate|p1a: Alomomola|move: Sticky Web
|-unboost|p1a: Alomomola|spe|1
|move|p2a: Torkoal|Overheat|p1a: Alomomola
|-resisted|p1a: Alomomola
|-damage|p1a: Alomomola|85/100
|-unboost|p2a: Torkoal|spa|2
|
|-weather|SunnyDay|[upkeep]
|upkeep
|turn|4
|
|t:|1779604956
|switch|p2a: Lilligant|Lilligant-Hisui, F|100/100
|move|p1a: Alomomola|Flip Turn|p2a: Lilligant
|-resisted|p2a: Lilligant
|-damage|p2a: Lilligant|94/100
|
|t:|1779604969
|switch|p1a: Latios|Latios, M|100/100|[from] Flip Turn
|
|-weather|SunnyDay|[upkeep]
|upkeep
|turn|5
|
|t:|1779604975
|switch|p2a: Dusclops|Dusclops, M|100/100
|-item|p1a: Latios|Choice Specs|[from] ability: Frisk|[of] p2a: Dusclops
|move|p1a: Latios|Dragon Pulse|p2a: Dusclops
|-damage|p2a: Dusclops|57/100
|
|-weather|SunnyDay|[upkeep]
|upkeep
|turn|6
|
|t:|1779604984
|move|p1a: Latios|Dragon Pulse|p2a: Dusclops
|-damage|p2a: Dusclops|12/100
|move|p2a: Dusclops|Will-O-Wisp|p1a: Latios|[miss]
|-miss|p2a: Dusclops|p1a: Latios
|
|-weather|none
|upkeep
|turn|7
|
|t:|1779604992
|move|p1a: Latios|Dragon Pulse|p2a: Dusclops
|-damage|p2a: Dusclops|0 fnt
|faint|p2a: Dusclops
|
|upkeep
|
|t:|1779604999
|switch|p2a: Ceruledge|Ceruledge, F|100/100
|turn|8
|
|t:|1779605003
|move|p1a: Latios|Dragon Pulse|p2a: Ceruledge
|-damage|p2a: Ceruledge|10/100
|move|p2a: Ceruledge|Poltergeist|p1a: Latios
|-activate|p1a: Latios|move: Poltergeist|Choice Specs
|-supereffective|p1a: Latios
|-damage|p1a: Latios|0 fnt
|faint|p1a: Latios
|
|upkeep
|
|t:|1779605009
|switch|p1a: Alomomola|Alomomola, F|100/100
|-activate|p1a: Alomomola|move: Sticky Web
|-unboost|p1a: Alomomola|spe|1
|turn|9
|
|t:|1779605016
|switch|p2a: Galvantula|Galvantula, F|75/100
|move|p1a: Alomomola|Flip Turn|p2a: Galvantula
|-damage|p2a: Galvantula|42/100
|-damage|p1a: Alomomola|84/100|[from] item: Rocky Helmet|[of] p2a: Galvantula
|
|t:|1779605022
|switch|p1a: Cinderace|Cinderace, F|100/100|[from] Flip Turn
|
|upkeep
|turn|10
|
|t:|1779605029
|switch|p2a: Walking Wake|Walking Wake|100/100
|-enditem|p2a: Walking Wake|Booster Energy
|-activate|p2a: Walking Wake|ability: Protosynthesis|[fromitem]
|-start|p2a: Walking Wake|protosynthesisspa
|move|p1a: Cinderace|Pyro Ball|p2a: Walking Wake
|-resisted|p2a: Walking Wake
|-damage|p2a: Walking Wake|86/100
|
|upkeep
|turn|11
|
|t:|1779605038
|move|p1a: Cinderace|Court Change|p1a: Cinderace
|-swapsideconditions
|-activate|p1a: Cinderace|move: Court Change
|move|p2a: Walking Wake|Hydro Steam|p1a: Cinderace
|-supereffective|p1a: Cinderace
|-damage|p1a: Cinderace|0 fnt
|faint|p1a: Cinderace
|
|upkeep
|
|t:|1779605044
|switch|p1a: Alomomola|Alomomola, F|100/100
|turn|12
|
|t:|1779605048
|move|p2a: Walking Wake|Knock Off|p1a: Alomomola
|-damage|p1a: Alomomola|86/100
|-enditem|p1a: Alomomola|Assault Vest|[from] move: Knock Off|[of] p2a: Walking Wake
|move|p1a: Alomomola|Mirror Coat||[still]
|-fail|p1a: Alomomola
|
|upkeep
|turn|13
|
|t:|1779605059
|-end|p2a: Walking Wake|Protosynthesis|[silent]
|switch|p2a: Galvantula|Galvantula, F|42/100
|-activate|p2a: Galvantula|move: Sticky Web
|-unboost|p2a: Galvantula|spe|1
|move|p1a: Alomomola|Flip Turn|p2a: Galvantula
|-damage|p2a: Galvantula|10/100
|-damage|p1a: Alomomola|70/100|[from] item: Rocky Helmet|[of] p2a: Galvantula
|
|t:|1779605064
|switch|p1a: Great Tusk|Great Tusk|100/100|[from] Flip Turn
|
|upkeep
|turn|14
|
|t:|1779605070
|move|p1a: Great Tusk|Earthquake|p2a: Galvantula
|-damage|p2a: Galvantula|0 fnt
|faint|p2a: Galvantula
|
|upkeep
|
|t:|1779605084
|switch|p2a: Walking Wake|Walking Wake|86/100
|-activate|p2a: Walking Wake|move: Sticky Web
|-unboost|p2a: Walking Wake|spe|1
|turn|15
|
|t:|1779605098
|-end|p1a: Great Tusk|Protosynthesis|[silent]
|switch|p1a: Pecharunt|Pecharunt|100/100
|move|p2a: Walking Wake|Hydro Steam|p1a: Pecharunt
|-damage|p1a: Pecharunt|56/100
|
|upkeep
|turn|16
|
|t:|1779605105
|move|p2a: Walking Wake|Knock Off|p1a: Pecharunt
|-supereffective|p1a: Pecharunt
|-damage|p1a: Pecharunt|37/100
|-enditem|p1a: Pecharunt|Heavy-Duty Boots|[from] move: Knock Off|[of] p2a: Walking Wake
|move|p1a: Pecharunt|Malignant Chain|p2a: Walking Wake
|-damage|p2a: Walking Wake|48/100
|
|upkeep
|turn|17
|
|t:|1779605113
|move|p2a: Walking Wake|Hydro Steam|p1a: Pecharunt
|-damage|p1a: Pecharunt|0 fnt
|faint|p1a: Pecharunt
|
|upkeep
|
|t:|1779605116
|switch|p1a: Meowscarada|Meowscarada, M|84/100
|turn|18
|
|t:|1779605121
|-end|p2a: Walking Wake|Protosynthesis|[silent]
|switch|p2a: Lilligant|Lilligant-Hisui, F|94/100
|-activate|p2a: Lilligant|move: Sticky Web
|-unboost|p2a: Lilligant|spe|1
|move|p1a: Meowscarada|U-turn|p2a: Lilligant
|-start|p1a: Meowscarada|typechange|Bug|[from] ability: Protean
|-crit|p2a: Lilligant
|-damage|p2a: Lilligant|0 fnt
|faint|p2a: Lilligant
|
|t:|1779605130
|switch|p1a: Great Tusk|Great Tusk|100/100|[from] U-turn
|
|upkeep
|
|t:|1779605135
|switch|p2a: Walking Wake|Walking Wake|48/100
|-activate|p2a: Walking Wake|move: Sticky Web
|-unboost|p2a: Walking Wake|spe|1
|turn|19
|
|t:|1779605140
|move|p1a: Great Tusk|Rapid Spin|p2a: Walking Wake
|-damage|p2a: Walking Wake|30/100
|-boost|p1a: Great Tusk|spe|1
|move|p2a: Walking Wake|Hydro Steam|p1a: Great Tusk
|-supereffective|p1a: Great Tusk
|-damage|p1a: Great Tusk|0 fnt
|faint|p1a: Great Tusk
|-end|p1a: Great Tusk|Protosynthesis|[silent]
|
|upkeep
|
|t:|1779605142
|switch|p1a: Meowscarada|Meowscarada, M|84/100
|turn|20
|
|t:|1779605148
|move|p1a: Meowscarada|Knock Off|p2a: Walking Wake
|-start|p1a: Meowscarada|typechange|Dark|[from] ability: Protean
|-damage|p2a: Walking Wake|0 fnt
|faint|p2a: Walking Wake
|-end|p2a: Walking Wake|Protosynthesis|[silent]
|
|upkeep
|
|t:|1779605155
|switch|p2a: Torkoal|Torkoal, M|77/100
|-activate|p2a: Torkoal|move: Sticky Web
|-unboost|p2a: Torkoal|spe|1
|-weather|SunnyDay|[from] ability: Drought|[of] p2a: Torkoal
|turn|21
|
|t:|1779605162
|-terastallize|p1a: Meowscarada|Dark
|move|p1a: Meowscarada|Knock Off|p2a: Torkoal
|-damage|p2a: Torkoal|27/100
|-enditem|p2a: Torkoal|Focus Sash|[from] move: Knock Off|[of] p1a: Meowscarada
|move|p2a: Torkoal|Overheat|p1a: Meowscarada
|-damage|p1a: Meowscarada|0 fnt
|-unboost|p2a: Torkoal|spa|2
|faint|p1a: Meowscarada
|
|-weather|SunnyDay|[upkeep]
|upkeep
|
|t:|1779605167
|switch|p1a: Alomomola|Alomomola, F|100/100
|turn|22
|
|t:|1779605183
|move|p1a: Alomomola|Scald|p2a: Torkoal
|-supereffective|p2a: Torkoal
|-damage|p2a: Torkoal|8/100
|move|p2a: Torkoal|Rapid Spin|p1a: Alomomola
|-damage|p1a: Alomomola|93/100
|-boost|p2a: Torkoal|spe|1
|-sideend|p2: adamecek|Sticky Web|[from] move: Rapid Spin|[of] p2a: Torkoal
|
|-weather|SunnyDay|[upkeep]
|upkeep
|turn|23
|
|t:|1779605193
|move|p1a: Alomomola|Scald|p2a: Torkoal
|-supereffective|p2a: Torkoal
|-damage|p2a: Torkoal|0 fnt
|faint|p2a: Torkoal
|
|-weather|SunnyDay|[upkeep]
|upkeep
|
|t:|1779605198
|switch|p2a: Ceruledge|Ceruledge, F|10/100
|turn|24
|
|t:|1779605202
|move|p2a: Ceruledge|Bitter Blade|p1a: Alomomola
|-resisted|p1a: Alomomola
|-damage|p1a: Alomomola|70/100
|-heal|p2a: Ceruledge|31/100|[from] drain|[of] p1a: Alomomola
|move|p1a: Alomomola|Flip Turn|p2a: Ceruledge
|-supereffective|p2a: Ceruledge
|-damage|p2a: Ceruledge|11/100
|-ability|p2a: Ceruledge|Weak Armor|boost
|-unboost|p2a: Ceruledge|def|1
|-boost|p2a: Ceruledge|spe|2
|-enditem|p2a: Ceruledge|Weakness Policy
|-boost|p2a: Ceruledge|atk|2|[from] item: Weakness Policy
|-boost|p2a: Ceruledge|spa|2|[from] item: Weakness Policy
|
|-weather|SunnyDay|[upkeep]
|upkeep
|turn|25
|
|t:|1779605214
|move|p2a: Ceruledge|Bitter Blade|p1a: Alomomola
|-resisted|p1a: Alomomola
|-damage|p1a: Alomomola|20/100
|-heal|p2a: Ceruledge|56/100|[from] drain|[of] p1a: Alomomola
|move|p1a: Alomomola|Flip Turn|p2a: Ceruledge
|-supereffective|p2a: Ceruledge
|-damage|p2a: Ceruledge|25/100
|-ability|p2a: Ceruledge|Weak Armor|boost
|-unboost|p2a: Ceruledge|def|1
|-boost|p2a: Ceruledge|spe|2
|
|-weather|none
|upkeep
|turn|26
|-message|k1ng l4rper forfeited.
|
|win|adamecek
|raw|k1ng l4rper's rating: 1187 &rarr; <strong>1159</strong><br />(-28 for losing)
|raw|adamecek's rating: 1144 &rarr; <strong>1172</strong><br />(+28 for winning)
|l|☆k1ng l4rper
|player|p1|
|l|☆adamecek
|player|p2|
