|j|☆purpashroom
|j|☆maizhelun111
|t:|1779685020
|gametype|singles
|player|p1|purpashroom|richboy-gen4|1193
|player|p2|maizhelun111|2|1243
|gen|9
|tier|[Gen 9] OU
|rated|
|rule|HP Percentage Mod: HP is shown in percentages
|rule|Endless Battle Clause: Forcing endless battles is banned
|rule|Species Clause: Limit one of each Pokémon
|rule|OHKO Clause: OHKO moves are banned
|rule|Evasion Items Clause: Evasion items are banned
|rule|Evasion Moves Clause: Evasion moves are banned
|rule|Evasion Abilities Clause: Evasion abilities are banned
|rule|Sleep Moves Clause: Sleep-inducing moves are banned
|clearpoke
|poke|p1|Gliscor, M|
|poke|p1|Toedscruel, M|
|poke|p1|Garganacl, M|
|poke|p1|Klefki, F|
|poke|p1|Dragapult, F|
|poke|p1|Weezing-Galar, M|
|poke|p2|Ogerpon, F|
|poke|p2|Pecharunt|
|poke|p2|Weavile, M|
|poke|p2|Primarina, M|
|poke|p2|Great Tusk|
|poke|p2|Heatran, M|
|teampreview
|inactive|Battle timer is ON: inactive players will automatically lose when time's up. (requested by purpashroom)
|
|t:|1779685040
|teamsize|p1|6
|teamsize|p2|6
|start
|switch|p1a: Klefking|Klefki, F, shiny|100/100
|switch|p2a: Chaos|Heatran, M, shiny|100/100
|-item|p2a: Chaos|Air Balloon
|turn|1
|
|t:|1779685050
|move|p1a: Klefking|Light Screen|p1a: Klefking
|-sidestart|p1: purpashroom|move: Light Screen
|move|p2a: Chaos|Magma Storm|p1a: Klefking
|-supereffective|p1a: Klefking
|-damage|p1a: Klefking|43/100
|-activate|p1a: Klefking|move: Magma Storm|[of] p2a: Chaos
|
|-damage|p1a: Klefking|31/100|[from] move: Magma Storm|[partiallytrapped]
|upkeep
|turn|2
|
|t:|1779685067
|move|p1a: Klefking|Reflect|p1a: Klefking
|-sidestart|p1: purpashroom|Reflect
|move|p2a: Chaos|Earth Power|p1a: Klefking
|-supereffective|p1a: Klefking
|-damage|p1a: Klefking|0 fnt
|faint|p1a: Klefking
|
|upkeep
|
|t:|1779685081
|switch|p1a: Gligoat|Gliscor, M|100/100
|turn|3
|
|t:|1779685089
|move|p1a: Gligoat|Protect|p1a: Gligoat
|-singleturn|p1a: Gligoat|Protect
|move|p2a: Chaos|Taunt|p1a: Gligoat
|-activate|p1a: Gligoat|move: Protect
|
|-status|p1a: Gligoat|tox|[from] item: Toxic Orb
|upkeep
|turn|4
|
|t:|1779685098
|switch|p1a: Gargagoat|Garganacl, M|100/100
|move|p2a: Chaos|Taunt|p1a: Gargagoat
|-start|p1a: Gargagoat|move: Taunt
|
|upkeep
|turn|5
|
|t:|1779685118
|switch|p2a: Anonymous|Ogerpon, F|100/100
|move|p1a: Gargagoat|Salt Cure|p2a: Anonymous
|-damage|p2a: Anonymous|81/100
|-start|p2a: Anonymous|Salt Cure
|
|-damage|p2a: Anonymous|69/100|[from] Salt Cure
|upkeep
|turn|6
|
|t:|1779685130
|move|p2a: Anonymous|U-turn|p1a: Gargagoat
|-damage|p1a: Gargagoat|90/100
|
|t:|1779685138
|switch|p2a: Celestine|Primarina, M, shiny|100/100|[from] U-turn
|move|p1a: Gargagoat|Body Press|p2a: Celestine
|-resisted|p2a: Celestine
|-damage|p2a: Celestine|87/100
|
|-heal|p1a: Gargagoat|96/100|[from] item: Leftovers
|-end|p1a: Gargagoat|move: Taunt
|upkeep
|turn|7
|
|t:|1779685150
|move|p2a: Celestine|Whirlpool|p1a: Gargagoat
|-supereffective|p1a: Gargagoat
|-damage|p1a: Gargagoat|84/100
|-activate|p1a: Gargagoat|move: Whirlpool|[of] p2a: Celestine
|move|p1a: Gargagoat|Salt Cure|p2a: Celestine
|-damage|p2a: Celestine|70/100
|-start|p2a: Celestine|Salt Cure
|
|-heal|p1a: Gargagoat|91/100|[from] item: Leftovers
|-damage|p2a: Celestine|45/100|[from] Salt Cure
|-damage|p1a: Gargagoat|78/100|[from] move: Whirlpool|[partiallytrapped]
|upkeep
|turn|8
|
|t:|1779685162
|move|p2a: Celestine|Psychic Noise|p1a: Gargagoat
|-supereffective|p1a: Gargagoat
|-damage|p1a: Gargagoat|49/100
|-start|p1a: Gargagoat|move: Heal Block
|move|p1a: Gargagoat|Stealth Rock|p2a: Celestine
|-sidestart|p2: maizhelun111|move: Stealth Rock
|
|-damage|p2a: Celestine|20/100|[from] Salt Cure
|-damage|p1a: Gargagoat|37/100|[from] move: Whirlpool|[partiallytrapped]
|-sideend|p1: purpashroom|move: Light Screen
|upkeep
|turn|9
|
|t:|1779685184
|-terastallize|p1a: Gargagoat|Water
|move|p2a: Celestine|Psychic Noise|p1a: Gargagoat
|-resisted|p1a: Gargagoat
|-damage|p1a: Gargagoat|25/100
|move|p1a: Gargagoat|Salt Cure|p2a: Celestine
|-damage|p2a: Celestine|2/100
|
|-damage|p2a: Celestine|0 fnt|[from] Salt Cure
|faint|p2a: Celestine
|-end|p1a: Gargagoat|Whirlpool|[partiallytrapped]|[silent]
|-end|p1a: Gargagoat|move: Heal Block
|-sideend|p1: purpashroom|Reflect
|upkeep
|
|t:|1779685193
|switch|p2a: Behemoth|Great Tusk, shiny|100/100
|turn|10
|
|t:|1779685216
|switch|p1a: Gligoat|Gliscor, M|100/100 tox
|move|p2a: Behemoth|Headlong Rush|p1a: Gligoat
|-immune|p1a: Gligoat
|
|upkeep
|turn|11
|
|t:|1779685225
|move|p1a: Gligoat|Toxic|p2a: Behemoth
|-status|p2a: Behemoth|tox
|move|p2a: Behemoth|Bulk Up|p2a: Behemoth
|-boost|p2a: Behemoth|atk|1
|-boost|p2a: Behemoth|def|1
|
|-damage|p2a: Behemoth|94/100 tox|[from] psn
|upkeep
|turn|12
|
|t:|1779685241
|move|p1a: Gligoat|Substitute|p1a: Gligoat
|-start|p1a: Gligoat|Substitute
|-damage|p1a: Gligoat|75/100 tox
|move|p2a: Behemoth|Ice Spinner|p1a: Gligoat
|-supereffective|p1a: Gligoat
|-end|p1a: Gligoat|Substitute
|
|-heal|p1a: Gligoat|88/100 tox|[from] ability: Poison Heal
|-damage|p2a: Behemoth|82/100 tox|[from] psn
|upkeep
|turn|13
|
|t:|1779685254
|move|p1a: Gligoat|Substitute|p1a: Gligoat
|-start|p1a: Gligoat|Substitute
|-damage|p1a: Gligoat|63/100 tox
|move|p2a: Behemoth|Rapid Spin|p1a: Gligoat
|-activate|p1a: Gligoat|move: Substitute|[damage]
|-sideend|p2: maizhelun111|Stealth Rock|[from] move: Rapid Spin|[of] p2a: Behemoth
|-boost|p2a: Behemoth|spe|1
|
|-damage|p2a: Behemoth|64/100 tox|[from] psn
|-heal|p1a: Gligoat|75/100 tox|[from] ability: Poison Heal
|upkeep
|turn|14
|inactive|purpashroom has 120 seconds left.
|
|t:|1779685269
|-end|p2a: Behemoth|Protosynthesis|[silent]
|switch|p2a: Chaos|Heatran, M, shiny|100/100
|-item|p2a: Chaos|Air Balloon
|move|p1a: Gligoat|Protect||[still]
|-fail|p1a: Gligoat
|
|-heal|p1a: Gligoat|88/100 tox|[from] ability: Poison Heal
|upkeep
|turn|15
|inactive|purpashroom has 120 seconds left.
|
|t:|1779685285
|switch|p1a: Gargagoat|Garganacl, M, tera:Water|25/100
|move|p2a: Chaos|Stealth Rock|p1a: Gargagoat
|-sidestart|p1: purpashroom|move: Stealth Rock
|
|-heal|p1a: Gargagoat|31/100|[from] item: Leftovers
|upkeep
|turn|16
|inactive|purpashroom has 120 seconds left.
|
|t:|1779685298
|switch|p2a: Anonymous|Ogerpon, F|69/100
|move|p1a: Gargagoat|Recover|p1a: Gargagoat
|-heal|p1a: Gargagoat|81/100
|
|-heal|p1a: Gargagoat|87/100|[from] item: Leftovers
|upkeep
|turn|17
|inactive|purpashroom has 120 seconds left.
|
|t:|1779685307
|switch|p1a: Goatscruel|Toedscruel, M|100/100
|move|p2a: Anonymous|Knock Off|p1a: Goatscruel
|-crit|p1a: Goatscruel
|-damage|p1a: Goatscruel|2/100
|-enditem|p1a: Goatscruel|Heavy-Duty Boots|[from] move: Knock Off|[of] p2a: Anonymous
|
|upkeep
|turn|18
|inactive|purpashroom has 120 seconds left.
|
|t:|1779685319
|move|p2a: Anonymous|Knock Off|p1a: Goatscruel
|-damage|p1a: Goatscruel|0 fnt
|faint|p1a: Goatscruel
|
|upkeep
|inactive|purpashroom has 120 seconds left.
|
|t:|1779685329
|switch|p1a: Gligoat|Gliscor, M|88/100 tox
|-damage|p1a: Gligoat|75/100 tox|[from] Stealth Rock
|turn|19
|inactive|purpashroom has 120 seconds left.
|
|t:|1779685339
|switch|p2a: Chaos|Heatran, M, shiny|100/100
|-item|p2a: Chaos|Air Balloon
|move|p1a: Gligoat|Toxic|p2a: Chaos
|-immune|p2a: Chaos
|
|-heal|p1a: Gligoat|88/100 tox|[from] ability: Poison Heal
|upkeep
|turn|20
|
|t:|1779685348
|switch|p1a: Gargagoat|Garganacl, M, tera:Water|87/100
|-damage|p1a: Gargagoat|75/100|[from] Stealth Rock
|move|p2a: Chaos|Taunt|p1a: Gargagoat
|-start|p1a: Gargagoat|move: Taunt
|
|-heal|p1a: Gargagoat|81/100|[from] item: Leftovers
|upkeep
|turn|21
|
|t:|1779685364
|switch|p2a: Behemoth|Great Tusk, shiny|64/100 tox
|move|p1a: Gargagoat|Salt Cure|p2a: Behemoth
|-resisted|p2a: Behemoth
|-damage|p2a: Behemoth|62/100 tox
|-start|p2a: Behemoth|Salt Cure
|
|-heal|p1a: Gargagoat|87/100|[from] item: Leftovers
|-damage|p2a: Behemoth|56/100 tox|[from] psn
|-damage|p2a: Behemoth|43/100 tox|[from] Salt Cure
|upkeep
|turn|22
|
|t:|1779685378
|-end|p2a: Behemoth|Protosynthesis|[silent]
|switch|p2a: Anonymous|Ogerpon, F|69/100
|switch|p1a: Gligoat|Gliscor, M|88/100 tox
|-damage|p1a: Gligoat|75/100 tox|[from] Stealth Rock
|
|-heal|p1a: Gligoat|88/100 tox|[from] ability: Poison Heal
|upkeep
|turn|23
|
|t:|1779685386
|-terastallize|p2a: Anonymous|Grass
|detailschange|p2a: Anonymous|Ogerpon-Teal-Tera, F, tera:Grass
|-ability|p2a: Anonymous|Embody Aspect (Teal)|boost
|-boost|p2a: Anonymous|spe|1
|move|p2a: Anonymous|Ivy Cudgel|p1a: Gligoat
|-damage|p1a: Gligoat|27/100 tox
|move|p1a: Gligoat|Toxic|p2a: Anonymous
|-status|p2a: Anonymous|tox
|
|-damage|p2a: Anonymous|63/100 tox|[from] psn
|-heal|p1a: Gligoat|39/100 tox|[from] ability: Poison Heal
|upkeep
|turn|24
|l|☆purpashroom
|inactive|purpashroom disconnected and has a minute to reconnect!
|player|p1|
|inactive|purpashroom has 30 seconds to reconnect!
|inactive|purpashroom has 20 seconds to reconnect!
|inactive|purpashroom has 15 seconds to reconnect!
|inactive|purpashroom has 10 seconds to reconnect!
|inactive|purpashroom has 5 seconds to reconnect!
|-message|purpashroom lost due to inactivity.
|
|win|maizhelun111
|raw|purpashroom's rating: 1193 &rarr; <strong>1172</strong><br />(-21 for losing)
|raw|maizhelun111's rating: 1243 &rarr; <strong>1264</strong><br />(+21 for winning)
|j|☆purpashroom
|player|p1|purpashroom|richboy-gen4|
|l|☆maizhelun111
|player|p2|
|l|☆purpashroom
|player|p1|
