|j|☆anamchara
|j|☆my 100lb pug
|t:|1779572357
|gametype|singles
|player|p1|anamchara|169|1490
|player|p2|my 100lb pug|101|1570
|gen|9
|tier|[Gen 9] OU
|rated|
|rule|HP Percentage Mod: HP is shown in percentages
|rule|Endless Battle Clause: Forcing endless battles is banned
|rule|Species Clause: Limit one of each Pokémon
|rule|OHKO Clause: OHKO moves are banned
|rule|Evasion Items Clause: Evasion items are banned
|rule|Evasion Moves Clause: Evasion moves are banned
|rule|Evasion Abilities Clause: Evasion abilities are banned
|rule|Sleep Moves Clause: Sleep-inducing moves are banned
|clearpoke
|poke|p1|Slowking-Galar, M|
|poke|p1|Meowscarada, M|
|poke|p1|Iron Valiant|
|poke|p1|Ogerpon-Wellspring, F|
|poke|p1|Glimmora, F|
|poke|p1|Dragapult, M|
|poke|p2|Delphox, M|
|poke|p2|Raging Bolt|
|poke|p2|Samurott-Hisui, M|
|poke|p2|Hatterene, F|
|poke|p2|Great Tusk|
|poke|p2|Kyurem|
|teampreview
|
|t:|1779572381
|teamsize|p1|6
|teamsize|p2|6
|start
|switch|p1a: Meowscarada|Meowscarada, M|100/100
|switch|p2a: Hatterene|Hatterene, F|100/100
|turn|1
|
|t:|1779572399
|move|p1a: Meowscarada|U-turn|p2a: Hatterene
|-start|p1a: Meowscarada|typechange|Bug|[from] ability: Protean
|-damage|p2a: Hatterene|64/100
|
|t:|1779572413
|switch|p1a: Slowking|Slowking-Galar, M|100/100|[from] U-turn
|move|p2a: Hatterene|Psychic Noise|p1a: Slowking
|-damage|p1a: Slowking|75/100
|-start|p1a: Slowking|move: Heal Block
|
|upkeep
|turn|2
|
|t:|1779572419
|switch|p2a: Samurott|Samurott-Hisui, M|100/100
|move|p1a: Slowking|Sludge Bomb|p2a: Samurott
|-damage|p2a: Samurott|38/100
|-status|p2a: Samurott|psn
|
|-damage|p2a: Samurott|25/100 psn|[from] psn
|-end|p1a: Slowking|move: Heal Block
|upkeep
|turn|3
|
|t:|1779572425
|switch|p1a: Glimmora|Glimmora, F|100/100
|move|p2a: Samurott|Ceaseless Edge|p1a: Glimmora
|-crit|p1a: Glimmora
|-damage|p1a: Glimmora|24/100
|-activate|p1a: Glimmora|ability: Toxic Debris
|-sidestart|p2: my 100lb pug|move: Toxic Spikes
|-sidestart|p1: anamchara|Spikes
|
|-damage|p2a: Samurott|13/100 psn|[from] psn
|upkeep
|turn|4
|
|t:|1779572427
|move|p2a: Samurott|Ceaseless Edge|p1a: Glimmora
|-damage|p1a: Glimmora|0 fnt
|-activate|p1a: Glimmora|ability: Toxic Debris
|-sidestart|p2: my 100lb pug|move: Toxic Spikes
|-sidestart|p1: anamchara|Spikes
|faint|p1a: Glimmora
|
|-damage|p2a: Samurott|0 fnt|[from] psn
|faint|p2a: Samurott
|upkeep
|
|t:|1779572431
|switch|p1a: Ogerpon|Ogerpon-Wellspring, F|100/100
|switch|p2a: Great Tusk|Great Tusk|100/100
|-damage|p1a: Ogerpon|84/100|[from] Spikes
|turn|5
|
|t:|1779572437
|move|p1a: Ogerpon|Trailblaze|p2a: Great Tusk
|-supereffective|p2a: Great Tusk
|-damage|p2a: Great Tusk|63/100
|-boost|p1a: Ogerpon|spe|1
|move|p2a: Great Tusk|Rapid Spin|p1a: Ogerpon
|-damage|p1a: Ogerpon|61/100
|-boost|p2a: Great Tusk|spe|1
|-sideend|p2: my 100lb pug|Toxic Spikes|[from] move: Rapid Spin|[of] p2a: Great Tusk
|
|upkeep
|turn|6
|
|t:|1779572443
|-end|p2a: Great Tusk|Protosynthesis|[silent]
|switch|p2a: Kyurem|Kyurem|100/100
|-ability|p2a: Kyurem|Pressure
|move|p1a: Ogerpon|Horn Leech|p2a: Kyurem
|-resisted|p2a: Kyurem
|-damage|p2a: Kyurem|78/100
|-heal|p1a: Ogerpon|76/100|[from] drain|[of] p2a: Kyurem
|
|upkeep
|turn|7
|
|t:|1779572471
|-terastallize|p1a: Ogerpon|Water
|detailschange|p1a: Ogerpon|Ogerpon-Wellspring-Tera, F, tera:Water
|-ability|p1a: Ogerpon|Embody Aspect (Wellspring)|boost
|-boost|p1a: Ogerpon|spd|1
|move|p1a: Ogerpon|Play Rough|p2a: Kyurem
|-supereffective|p2a: Kyurem
|-damage|p2a: Kyurem|3/100
|move|p2a: Kyurem|Scale Shot|p1a: Ogerpon
|-damage|p1a: Ogerpon|59/100
|-damage|p1a: Ogerpon|43/100
|-damage|p1a: Ogerpon|25/100
|-damage|p1a: Ogerpon|7/100
|-damage|p1a: Ogerpon|0 fnt
|faint|p1a: Ogerpon
|detailschange|p1: Ogerpon|Ogerpon-Wellspring, F|[silent]
|-hitcount|p1: Ogerpon|5
|-unboost|p2a: Kyurem|def|1
|-boost|p2a: Kyurem|spe|1
|
|upkeep
|
|t:|1779572476
|switch|p1a: Meowscarada|Meowscarada, M|100/100
|-damage|p1a: Meowscarada|84/100|[from] Spikes
|turn|8
|
|t:|1779572483
|move|p1a: Meowscarada|U-turn|p2a: Kyurem
|-start|p1a: Meowscarada|typechange|Bug|[from] ability: Protean
|-damage|p2a: Kyurem|0 fnt
|faint|p2a: Kyurem
|
|t:|1779572486
|switch|p1a: Slowking|Slowking-Galar, M|100/100|[from] U-turn
|-damage|p1a: Slowking|84/100|[from] Spikes
|
|upkeep
|
|t:|1779572499
|switch|p2a: Great Tusk|Great Tusk|63/100
|turn|9
|
|t:|1779572504
|move|p2a: Great Tusk|Headlong Rush|p1a: Slowking
|-supereffective|p1a: Slowking
|-damage|p1a: Slowking|0 fnt
|-unboost|p2a: Great Tusk|def|1
|-unboost|p2a: Great Tusk|spd|1
|faint|p1a: Slowking
|
|upkeep
|
|t:|1779572507
|switch|p1a: Iron Valiant|Iron Valiant|100/100
|-damage|p1a: Iron Valiant|84/100|[from] Spikes
|-enditem|p1a: Iron Valiant|Booster Energy
|-activate|p1a: Iron Valiant|ability: Quark Drive|[fromitem]
|-start|p1a: Iron Valiant|quarkdrivespe
|turn|10
|
|t:|1779572517
|move|p1a: Iron Valiant|Spirit Break|p2a: Great Tusk
|-supereffective|p2a: Great Tusk
|-damage|p2a: Great Tusk|0 fnt
|faint|p2a: Great Tusk
|-end|p2a: Great Tusk|Protosynthesis|[silent]
|
|upkeep
|
|t:|1779572522
|switch|p2a: Delphox|Delphox, M|100/100
|turn|11
|
|t:|1779572560
|-terastallize|p2a: Delphox|Fairy
|move|p1a: Iron Valiant|Knock Off|p2a: Delphox
|-resisted|p2a: Delphox
|-damage|p2a: Delphox|73/100
|-enditem|p2a: Delphox|Choice Specs|[from] move: Knock Off|[of] p1a: Iron Valiant
|move|p2a: Delphox|Dazzling Gleam|p1a: Iron Valiant
|-supereffective|p1a: Iron Valiant
|-damage|p1a: Iron Valiant|0 fnt
|faint|p1a: Iron Valiant
|-end|p1a: Iron Valiant|Quark Drive|[silent]
|
|upkeep
|
|t:|1779572562
|switch|p1a: Dragapult|Dragapult, M|100/100
|-damage|p1a: Dragapult|84/100|[from] Spikes
|turn|12
|
|t:|1779572572
|move|p1a: Dragapult|Will-O-Wisp|p2a: Delphox
|-status|p2a: Delphox|brn
|move|p2a: Delphox|Dazzling Gleam|p1a: Dragapult
|-supereffective|p1a: Dragapult
|-damage|p1a: Dragapult|0 fnt
|faint|p1a: Dragapult
|-item|p2a: Delphox|Life Orb|[from] ability: Magician|[of] p1: Dragapult
|
|-damage|p2a: Delphox|67/100 brn|[from] brn
|upkeep
|
|t:|1779572575
|switch|p1a: Meowscarada|Meowscarada, M|84/100
|-damage|p1a: Meowscarada|67/100|[from] Spikes
|turn|13
|
|t:|1779572583
|move|p1a: Meowscarada|Triple Axel|p2a: Delphox
|-start|p1a: Meowscarada|typechange|Ice|[from] ability: Protean
|-damage|p2a: Delphox|53/100 brn
|-damage|p2a: Delphox|23/100 brn
|-damage|p2a: Delphox|0 fnt
|faint|p2a: Delphox
|-hitcount|p2: Delphox|3
|
|upkeep
|
|t:|1779572588
|switch|p2a: Hatterene|Hatterene, F|64/100
|turn|14
|
|t:|1779572591
|move|p1a: Meowscarada|Triple Axel|p2a: Hatterene
|-damage|p2a: Hatterene|52/100
|-damage|p2a: Hatterene|30/100
|-damage|p2a: Hatterene|0 fnt
|faint|p2a: Hatterene
|-hitcount|p2: Hatterene|3
|
|upkeep
|
|t:|1779572593
|switch|p2a: Raging Bolt|Raging Bolt|100/100
|-enditem|p2a: Raging Bolt|Booster Energy
|-activate|p2a: Raging Bolt|ability: Protosynthesis|[fromitem]
|-start|p2a: Raging Bolt|protosynthesisspa
|turn|15
|
|t:|1779572596
|move|p2a: Raging Bolt|Thunderclap|p1a: Meowscarada
|-damage|p1a: Meowscarada|0 fnt
|faint|p1a: Meowscarada
|
|win|my 100lb pug
|raw|anamchara's rating: 1512 &rarr; <strong>1495</strong><br />(-17 for losing)
|raw|my 100lb pug's rating: 1570 &rarr; <strong>1587</strong><br />(+17 for winning)
|l|☆anamchara
|player|p1|
