|j|☆Kogasscarf
|j|☆cuckalicious
|t:|1779596145
|gametype|singles
|player|p1|Kogasscarf|koga|1378
|player|p2|cuckalicious|marley|1396
|gen|9
|tier|[Gen 9] OU
|rated|
|rule|HP Percentage Mod: HP is shown in percentages
|rule|Endless Battle Clause: Forcing endless battles is banned
|rule|Species Clause: Limit one of each Pokémon
|rule|OHKO Clause: OHKO moves are banned
|rule|Evasion Items Clause: Evasion items are banned
|rule|Evasion Moves Clause: Evasion moves are banned
|rule|Evasion Abilities Clause: Evasion abilities are banned
|rule|Sleep Moves Clause: Sleep-inducing moves are banned
|clearpoke
|poke|p1|Zamazenta-*|
|poke|p1|Ceruledge, F|
|poke|p1|Enamorus, F|
|poke|p1|Cinderace, M|
|poke|p1|Orthworm, M|
|poke|p1|Iron Treads|
|poke|p2|Volcanion|
|poke|p2|Pelipper, M|
|poke|p2|Iron Treads|
|poke|p2|Raging Bolt|
|poke|p2|Pecharunt|
|poke|p2|Kyurem|
|teampreview
|inactive|Battle timer is ON: inactive players will automatically lose when time's up. (requested by Kogasscarf)
|
|t:|1779596158
|teamsize|p1|6
|teamsize|p2|6
|start
|switch|p1a: Iron Treads|Iron Treads|100/100
|switch|p2a: Pelipper|Pelipper, M|100/100
|-weather|RainDance|[from] ability: Drizzle|[of] p2a: Pelipper
|turn|1
|
|t:|1779596161
|move|p1a: Iron Treads|Volt Switch|p2a: Pelipper
|-supereffective|p2a: Pelipper
|-damage|p2a: Pelipper|3/100
|j| dlflf
|
|t:|1779596177
|-end|p1a: Iron Treads|Quark Drive|[silent]
|switch|p1a: Enamorus|Enamorus, F|100/100|[from] Volt Switch
|move|p2a: Pelipper|U-turn|p1a: Enamorus
|-resisted|p1a: Enamorus
|-damage|p1a: Enamorus|97/100
|-start|p2a: Pelipper|Attract|[from] ability: Cute Charm|[of] p1a: Enamorus
|
|t:|1779596190
|switch|p2a: Iron Treads|Iron Treads|100/100|[from] U-turn
|-enditem|p2a: Iron Treads|Booster Energy
|-activate|p2a: Iron Treads|ability: Quark Drive|[fromitem]
|-start|p2a: Iron Treads|quarkdrivespe
|
|-weather|RainDance|[upkeep]
|upkeep
|turn|2
|
|t:|1779596195
|move|p2a: Iron Treads|Stealth Rock|p1a: Enamorus
|-sidestart|p1: Kogasscarf|move: Stealth Rock
|move|p1a: Enamorus|Earth Power|p2a: Iron Treads
|-supereffective|p2a: Iron Treads
|-damage|p2a: Iron Treads|0 fnt
|faint|p2a: Iron Treads
|-end|p2a: Iron Treads|Quark Drive|[silent]
|
|-weather|RainDance|[upkeep]
|upkeep
|
|t:|1779596204
|switch|p2a: Pelipper|Pelipper, M|3/100
|turn|3
|
|t:|1779596209
|move|p1a: Enamorus|Mystical Fire|p2a: Pelipper
|-resisted|p2a: Pelipper
|-damage|p2a: Pelipper|0 fnt
|faint|p2a: Pelipper
|
|-weather|RainDance|[upkeep]
|upkeep
|
|t:|1779596220
|switch|p2a: Kyurem|Kyurem|100/100
|-ability|p2a: Kyurem|Pressure
|turn|4
|c|☆Kogasscarf|Expert belt not specs
|
|t:|1779596239
|-terastallize|p2a: Kyurem|Ice
|move|p1a: Enamorus|Moonblast|p2a: Kyurem
|-damage|p2a: Kyurem|43/100
|-unboost|p2a: Kyurem|spa|1
|move|p2a: Kyurem|Dragon Dance|p2a: Kyurem
|-boost|p2a: Kyurem|atk|1
|-boost|p2a: Kyurem|spe|1
|
|-weather|RainDance|[upkeep]
|upkeep
|turn|5
|
|t:|1779596246
|move|p2a: Kyurem|Icicle Spear|p1a: Enamorus
|-supereffective|p1a: Enamorus
|-damage|p1a: Enamorus|8/100
|-supereffective|p1a: Enamorus
|-damage|p1a: Enamorus|0 fnt
|faint|p1a: Enamorus
|-hitcount|p1: Enamorus|2
|
|-weather|RainDance|[upkeep]
|upkeep
|
|t:|1779596252
|switch|p1a: Orthworm|Orthworm, M|100/100
|-damage|p1a: Orthworm|94/100|[from] Stealth Rock
|turn|6
|
|t:|1779596257
|switch|p2a: Pecharunt|Pecharunt|100/100
|move|p1a: Orthworm|Iron Defense|p1a: Orthworm
|-boost|p1a: Orthworm|def|2
|
|-weather|RainDance|[upkeep]
|-heal|p1a: Orthworm|100/100|[from] item: Leftovers
|upkeep
|turn|7
|
|t:|1779596263
|move|p2a: Pecharunt|Nasty Plot|p2a: Pecharunt
|-boost|p2a: Pecharunt|spa|2
|move|p1a: Orthworm|Earthquake|p2a: Pecharunt
|-supereffective|p2a: Pecharunt
|-damage|p2a: Pecharunt|69/100
|
|-weather|RainDance|[upkeep]
|upkeep
|turn|8
|
|t:|1779596272
|move|p2a: Pecharunt|Shadow Ball|p1a: Orthworm
|-damage|p1a: Orthworm|0 fnt
|faint|p1a: Orthworm
|
|-weather|none
|upkeep
|
|t:|1779596282
|switch|p1a: Iron Treads|Iron Treads|100/100
|-damage|p1a: Iron Treads|97/100|[from] Stealth Rock
|turn|9
|
|t:|1779596300
|move|p1a: Iron Treads|Steel Beam|p2a: Pecharunt
|-damage|p2a: Pecharunt|0 fnt
|-damage|p1a: Iron Treads|47/100|[from] steelbeam
|faint|p2a: Pecharunt
|
|upkeep
|inactive|cuckalicious has 120 seconds left.
|
|t:|1779596324
|switch|p2a: Kyurem|Kyurem, tera:Ice|43/100
|-ability|p2a: Kyurem|Pressure
|turn|10
|
|t:|1779596331
|move|p2a: Kyurem|Icicle Spear|p1a: Iron Treads
|-damage|p1a: Iron Treads|31/100
|-damage|p1a: Iron Treads|15/100
|-damage|p1a: Iron Treads|0 fnt
|faint|p1a: Iron Treads
|-end|p1a: Iron Treads|Quark Drive|[silent]
|-hitcount|p1: Iron Treads|3
|
|upkeep
|
|t:|1779596338
|switch|p1a: Cinderace|Cinderace, M|100/100
|turn|11
|
|t:|1779596343
|move|p1a: Cinderace|Court Change|p1a: Cinderace
|-start|p1a: Cinderace|typechange|Normal|[from] ability: Libero
|-swapsideconditions
|-activate|p1a: Cinderace|move: Court Change
|move|p2a: Kyurem|Scale Shot|p1a: Cinderace
|-damage|p1a: Cinderace|80/100
|-damage|p1a: Cinderace|61/100
|-crit|p1a: Cinderace
|-damage|p1a: Cinderace|32/100
|-damage|p1a: Cinderace|11/100
|-hitcount|p1a: Cinderace|4
|-unboost|p2a: Kyurem|def|1
|-boost|p2a: Kyurem|spe|1
|
|upkeep
|turn|12
|
|t:|1779596354
|move|p2a: Kyurem|Icicle Spear|p1a: Cinderace
|-damage|p1a: Cinderace|0 fnt
|faint|p1a: Cinderace
|-hitcount|p1: Cinderace|1
|
|upkeep
|
|t:|1779596356
|switch|p1a: Ceruledge|Ceruledge, F|100/100
|turn|13
|
|t:|1779596364
|-terastallize|p1a: Ceruledge|Ghost
|move|p1a: Ceruledge|Shadow Sneak|p2a: Kyurem
|-damage|p2a: Kyurem|3/100
|move|p2a: Kyurem|Scale Shot|p1a: Ceruledge
|-damage|p1a: Ceruledge|86/100
|-ability|p1a: Ceruledge|Weak Armor|boost
|-unboost|p1a: Ceruledge|def|1
|-boost|p1a: Ceruledge|spe|2
|-damage|p1a: Ceruledge|65/100
|-ability|p1a: Ceruledge|Weak Armor|boost
|-unboost|p1a: Ceruledge|def|1
|-boost|p1a: Ceruledge|spe|2
|-damage|p1a: Ceruledge|34/100
|-ability|p1a: Ceruledge|Weak Armor|boost
|-unboost|p1a: Ceruledge|def|1
|-boost|p1a: Ceruledge|spe|2
|-damage|p1a: Ceruledge|0 fnt
|faint|p1a: Ceruledge
|-hitcount|p1: Ceruledge|4
|-unboost|p2a: Kyurem|def|1
|-boost|p2a: Kyurem|spe|1
|
|upkeep
|
|t:|1779596368
|switch|p1a: Zamazenta|Zamazenta|100/100
|-ability|p1a: Zamazenta|Dauntless Shield|boost
|-boost|p1a: Zamazenta|def|1
|turn|14
|
|t:|1779596376
|move|p2a: Kyurem|Freeze-Dry|p1a: Zamazenta
|-damage|p1a: Zamazenta|70/100
|move|p1a: Zamazenta|Iron Defense|p1a: Zamazenta
|-boost|p1a: Zamazenta|def|2
|
|-heal|p1a: Zamazenta|76/100|[from] item: Leftovers
|upkeep
|turn|15
|
|t:|1779596384
|move|p2a: Kyurem|Freeze-Dry|p1a: Zamazenta
|-damage|p1a: Zamazenta|44/100
|move|p1a: Zamazenta|Body Press|p2a: Kyurem
|-supereffective|p2a: Kyurem
|-damage|p2a: Kyurem|0 fnt
|faint|p2a: Kyurem
|
|-heal|p1a: Zamazenta|50/100|[from] item: Leftovers
|upkeep
|
|t:|1779596388
|switch|p2a: Raging Bolt|Raging Bolt|100/100
|-damage|p2a: Raging Bolt|88/100|[from] Stealth Rock
|-enditem|p2a: Raging Bolt|Booster Energy
|-activate|p2a: Raging Bolt|ability: Protosynthesis|[fromitem]
|-start|p2a: Raging Bolt|protosynthesisspa
|turn|16
|
|t:|1779596392
|move|p1a: Zamazenta|Body Press|p2a: Raging Bolt
|-damage|p2a: Raging Bolt|2/100
|move|p2a: Raging Bolt|Thunderbolt|p1a: Zamazenta
|-crit|p1a: Zamazenta
|-damage|p1a: Zamazenta|0 fnt
|faint|p1a: Zamazenta
|
|win|cuckalicious
|raw|Kogasscarf's rating: 1378 &rarr; <strong>1359</strong><br />(-19 for losing)
|raw|cuckalicious's rating: 1396 &rarr; <strong>1415</strong><br />(+19 for winning)
|c|☆cuckalicious|gg
|l|☆Kogasscarf
|player|p1|
|l|☆cuckalicious
|player|p2|
