|j|☆Racceth
|j|☆lunarfae
|t:|1779687982
|gametype|singles
|player|p1|Racceth|clerkf|1076
|player|p2|lunarfae|doubleteam|1090
|gen|9
|tier|[Gen 9] OU
|rated|
|rule|HP Percentage Mod: HP is shown in percentages
|rule|Endless Battle Clause: Forcing endless battles is banned
|rule|Species Clause: Limit one of each Pokémon
|rule|OHKO Clause: OHKO moves are banned
|rule|Evasion Items Clause: Evasion items are banned
|rule|Evasion Moves Clause: Evasion moves are banned
|rule|Evasion Abilities Clause: Evasion abilities are banned
|rule|Sleep Moves Clause: Sleep-inducing moves are banned
|clearpoke
|poke|p1|Conkeldurr, M|
|poke|p1|Drednaw, F|
|poke|p2|Mandibuzz, F|
|poke|p2|Goodra-Hisui, F|
|poke|p2|Registeel|
|poke|p2|Jumpluff, F|
|poke|p2|Vaporeon, M|
|poke|p2|Mudsdale, F|
|teampreview
|
|t:|1779687996
|teamsize|p1|2
|teamsize|p2|6
|start
|switch|p1a: Drednaw|Drednaw, F|100/100
|switch|p2a: Jumpluff|Jumpluff, F, shiny|100/100
|turn|1
|
|t:|1779688004
|move|p2a: Jumpluff|Switcheroo|p1a: Drednaw
|-activate|p2a: Jumpluff|move: Trick|[of] p1a: Drednaw
|-item|p1a: Drednaw|Toxic Orb|[from] move: Switcheroo
|-item|p2a: Jumpluff|Choice Band|[from] move: Switcheroo
|move|p1a: Drednaw|Shell Smash|p1a: Drednaw
|-unboost|p1a: Drednaw|def|1
|-unboost|p1a: Drednaw|spd|1
|-boost|p1a: Drednaw|atk|2
|-boost|p1a: Drednaw|spa|2
|-boost|p1a: Drednaw|spe|2
|
|-status|p1a: Drednaw|tox|[from] item: Toxic Orb
|upkeep
|turn|2
|
|t:|1779688019
|move|p1a: Drednaw|Crunch|p2a: Jumpluff
|-damage|p2a: Jumpluff|32/100
|move|p2a: Jumpluff|Encore|p1a: Drednaw
|-start|p1a: Drednaw|Encore
|
|-damage|p1a: Drednaw|94/100 tox|[from] psn
|upkeep
|turn|3
|
|t:|1779688030
|switch|p2a: Mudsdale|Mudsdale, F|100/100
|move|p1a: Drednaw|Crunch|p2a: Mudsdale
|-damage|p2a: Mudsdale|71/100
|-damage|p1a: Drednaw|78/100 tox|[from] item: Rocky Helmet|[of] p2a: Mudsdale
|-ability|p2a: Mudsdale|Stamina|boost
|-boost|p2a: Mudsdale|def|1
|
|-damage|p1a: Drednaw|65/100 tox|[from] psn
|upkeep
|turn|4
|
|t:|1779688044
|move|p1a: Drednaw|Crunch|p2a: Mudsdale
|-damage|p2a: Mudsdale|50/100
|-unboost|p2a: Mudsdale|def|1
|-damage|p1a: Drednaw|48/100 tox|[from] item: Rocky Helmet|[of] p2a: Mudsdale
|-ability|p2a: Mudsdale|Stamina|boost
|-boost|p2a: Mudsdale|def|1
|move|p2a: Mudsdale|Body Press|p1a: Drednaw
|-supereffective|p1a: Drednaw
|-damage|p1a: Drednaw|0 fnt
|faint|p1a: Drednaw
|
|upkeep
|
|t:|1779688053
|switch|p1a: Conkeldurr|Conkeldurr, M, shiny|100/100
|turn|5
|
|t:|1779688060
|-terastallize|p1a: Conkeldurr|Normal
|move|p1a: Conkeldurr|Substitute|p1a: Conkeldurr
|-start|p1a: Conkeldurr|Substitute
|-damage|p1a: Conkeldurr|76/100
|move|p2a: Mudsdale|Body Press|p1a: Conkeldurr
|-supereffective|p1a: Conkeldurr
|-end|p1a: Conkeldurr|Substitute
|
|-status|p1a: Conkeldurr|brn|[from] item: Flame Orb
|upkeep
|turn|6
|
|t:|1779688072
|move|p1a: Conkeldurr|Facade|p2a: Mudsdale
|-damage|p2a: Mudsdale|1/100
|-damage|p1a: Conkeldurr|59/100 brn|[from] item: Rocky Helmet|[of] p2a: Mudsdale
|-ability|p2a: Mudsdale|Stamina|boost
|-boost|p2a: Mudsdale|def|1
|move|p2a: Mudsdale|Body Press|p1a: Conkeldurr
|-supereffective|p1a: Conkeldurr
|-damage|p1a: Conkeldurr|0 fnt
|faint|p1a: Conkeldurr
|
|win|lunarfae
|raw|Racceth's rating: 1076 &rarr; <strong>1055</strong><br />(-21 for losing)
|raw|lunarfae's rating: 1090 &rarr; <strong>1115</strong><br />(+25 for winning)
|l|☆Racceth
|player|p1|
|l|☆lunarfae
|player|p2|
