|j|☆eros maniac
|j|☆RedemptiveSketch
|t:|1779612626
|gametype|singles
|player|p1|eros maniac|hilbert-wonderlauncher|1723
|player|p2|RedemptiveSketch|koga-lgpe|1662
|gen|9
|tier|[Gen 9] OU
|rated|
|rule|HP Percentage Mod: HP is shown in percentages
|rule|Endless Battle Clause: Forcing endless battles is banned
|rule|Species Clause: Limit one of each Pokémon
|rule|OHKO Clause: OHKO moves are banned
|rule|Evasion Items Clause: Evasion items are banned
|rule|Evasion Moves Clause: Evasion moves are banned
|rule|Evasion Abilities Clause: Evasion abilities are banned
|rule|Sleep Moves Clause: Sleep-inducing moves are banned
|clearpoke
|poke|p1|Frosmoth, F|
|poke|p1|Maushold-Four|
|poke|p1|Okidogi, M|
|poke|p1|Sinistcha|
|poke|p1|Alomomola, M|
|poke|p1|Weezing-Galar, M|
|poke|p2|Ribombee, F|
|poke|p2|Lokix, M|
|poke|p2|Raging Bolt|
|poke|p2|Great Tusk|
|poke|p2|Gholdengo|
|poke|p2|Iron Moth|
|teampreview
|inactive|Battle timer is ON: inactive players will automatically lose when time's up. (requested by RedemptiveSketch)
|
|t:|1779612644
|teamsize|p1|6
|teamsize|p2|6
|start
|switch|p1a: Frosmoth|Frosmoth, F, shiny|100/100
|switch|p2a: Luvsic Hexalogy|Iron Moth, shiny|100/100
|-enditem|p2a: Luvsic Hexalogy|Booster Energy
|-activate|p2a: Luvsic Hexalogy|ability: Quark Drive|[fromitem]
|-start|p2a: Luvsic Hexalogy|quarkdrivespa
|turn|1
|j| Concept Everything
|
|t:|1779612661
|-terastallize|p1a: Frosmoth|Electric
|move|p2a: Luvsic Hexalogy|Sludge Wave|p1a: Frosmoth
|-damage|p1a: Frosmoth|71/100
|move|p1a: Frosmoth|Quiver Dance|p1a: Frosmoth
|-boost|p1a: Frosmoth|spa|1
|-boost|p1a: Frosmoth|spd|1
|-boost|p1a: Frosmoth|spe|1
|
|-heal|p1a: Frosmoth|77/100|[from] item: Leftovers
|upkeep
|turn|2
|
|t:|1779612679
|-end|p2a: Luvsic Hexalogy|Quark Drive|[silent]
|switch|p2a: Reflection Eternal|Gholdengo, shiny|100/100
|-item|p2a: Reflection Eternal|Air Balloon
|move|p1a: Frosmoth|Substitute|p1a: Frosmoth
|-start|p1a: Frosmoth|Substitute
|-damage|p1a: Frosmoth|52/100
|
|-heal|p1a: Frosmoth|58/100|[from] item: Leftovers
|upkeep
|turn|3
|
|t:|1779612684
|move|p2a: Reflection Eternal|Nasty Plot|p2a: Reflection Eternal
|-boost|p2a: Reflection Eternal|spa|2
|move|p1a: Frosmoth|Quiver Dance|p1a: Frosmoth
|-boost|p1a: Frosmoth|spa|1
|-boost|p1a: Frosmoth|spd|1
|-boost|p1a: Frosmoth|spe|1
|
|-heal|p1a: Frosmoth|64/100|[from] item: Leftovers
|upkeep
|turn|4
|
|t:|1779612687
|move|p1a: Frosmoth|Quiver Dance|p1a: Frosmoth
|-boost|p1a: Frosmoth|spa|1
|-boost|p1a: Frosmoth|spd|1
|-boost|p1a: Frosmoth|spe|1
|move|p2a: Reflection Eternal|Psyshock|p1a: Frosmoth
|-end|p1a: Frosmoth|Substitute
|
|-heal|p1a: Frosmoth|70/100|[from] item: Leftovers
|upkeep
|turn|5
|
|t:|1779612691
|move|p1a: Frosmoth|Ice Beam|p2a: Reflection Eternal
|-resisted|p2a: Reflection Eternal
|-damage|p2a: Reflection Eternal|38/100
|-enditem|p2a: Reflection Eternal|Air Balloon
|move|p2a: Reflection Eternal|Psyshock|p1a: Frosmoth
|-damage|p1a: Frosmoth|25/100
|
|-heal|p1a: Frosmoth|32/100|[from] item: Leftovers
|upkeep
|turn|6
|
|t:|1779612695
|move|p1a: Frosmoth|Ice Beam|p2a: Reflection Eternal
|-resisted|p2a: Reflection Eternal
|-damage|p2a: Reflection Eternal|0 fnt
|faint|p2a: Reflection Eternal
|
|-heal|p1a: Frosmoth|38/100|[from] item: Leftovers
|upkeep
|
|t:|1779612697
|switch|p2a: Battlecry|Lokix, M, shiny|100/100
|turn|7
|
|t:|1779612699
|switch|p1a: Okidogi|Okidogi, M|100/100
|move|p2a: Battlecry|Knock Off|p1a: Okidogi
|-resisted|p1a: Okidogi
|-crit|p1a: Okidogi
|-damage|p1a: Okidogi|29/100
|-enditem|p1a: Okidogi|Choice Band|[from] move: Knock Off|[of] p2a: Battlecry
|-damage|p2a: Battlecry|91/100|[from] item: Life Orb
|
|upkeep
|turn|8
|
|t:|1779612710
|switch|p2a: Metaphorical Music|Ribombee, F, shiny|100/100
|switch|p1a: Weezing|Weezing-Galar, M|100/100
|-ability|p1a: Weezing|Neutralizing Gas
|
|upkeep
|turn|9
|
|t:|1779612713
|-end|p1a: Weezing|ability: Neutralizing Gas
|switch|p1a: Alomomola|Alomomola, M, shiny|100/100
|move|p2a: Metaphorical Music|Stun Spore|p1a: Alomomola
|-status|p1a: Alomomola|par
|
|upkeep
|turn|10
|
|t:|1779612717
|move|p2a: Metaphorical Music|Sticky Web|p1a: Alomomola
|-sidestart|p1: eros maniac|move: Sticky Web
|move|p1a: Alomomola|Wish|p1a: Alomomola
|
|upkeep
|turn|11
|
|t:|1779612725
|switch|p2a: Aruarian|Great Tusk, shiny|100/100
|-enditem|p2a: Aruarian|Booster Energy
|-activate|p2a: Aruarian|ability: Protosynthesis|[fromitem]
|-start|p2a: Aruarian|protosynthesisatk
|switch|p1a: Frosmoth|Frosmoth, F, shiny, tera:Electric|38/100
|-activate|p1a: Frosmoth|move: Sticky Web
|-unboost|p1a: Frosmoth|spe|1
|
|-heal|p1a: Frosmoth|100/100|[from] move: Wish|[wisher] Alomomola
|upkeep
|turn|12
|
|t:|1779612730
|switch|p1a: Sinistcha|Sinistcha, shiny|100/100
|-activate|p1a: Sinistcha|move: Sticky Web
|-unboost|p1a: Sinistcha|spe|1
|move|p2a: Aruarian|Headlong Rush|p1a: Sinistcha
|-resisted|p1a: Sinistcha
|-damage|p1a: Sinistcha|72/100
|-unboost|p2a: Aruarian|def|1
|-unboost|p2a: Aruarian|spd|1
|
|upkeep
|turn|13
|
|t:|1779612735
|move|p2a: Aruarian|Ice Spinner|p1a: Sinistcha
|-supereffective|p1a: Sinistcha
|-damage|p1a: Sinistcha|21/100
|move|p1a: Sinistcha|Shadow Ball|p2a: Aruarian
|-damage|p2a: Aruarian|27/100
|
|upkeep
|turn|14
|
|t:|1779612740
|switch|p1a: Alomomola|Alomomola, M, shiny|100/100 par
|-activate|p1a: Alomomola|move: Sticky Web
|-unboost|p1a: Alomomola|spe|1
|move|p2a: Aruarian|Headlong Rush|p1a: Alomomola
|-damage|p1a: Alomomola|48/100 par
|-unboost|p2a: Aruarian|def|1
|-unboost|p2a: Aruarian|spd|1
|-damage|p2a: Aruarian|10/100|[from] item: Rocky Helmet|[of] p1a: Alomomola
|
|upkeep
|turn|15
|
|t:|1779612745
|move|p2a: Aruarian|Headlong Rush|p1a: Alomomola
|-damage|p1a: Alomomola|0 fnt
|-unboost|p2a: Aruarian|def|1
|-unboost|p2a: Aruarian|spd|1
|-damage|p2a: Aruarian|0 fnt|[from] item: Rocky Helmet|[of] p1a: Alomomola
|faint|p1a: Alomomola
|faint|p2a: Aruarian
|-end|p2a: Aruarian|Protosynthesis|[silent]
|
|upkeep
|
|t:|1779612750
|switch|p2a: Battlecry|Lokix, M, shiny|91/100
|switch|p1a: Okidogi|Okidogi, M|29/100
|-activate|p1a: Okidogi|move: Sticky Web
|-unboost|p1a: Okidogi|spe|1
|turn|16
|
|t:|1779612755
|move|p2a: Battlecry|Knock Off|p1a: Okidogi
|-resisted|p1a: Okidogi
|-damage|p1a: Okidogi|0 fnt
|faint|p1a: Okidogi
|-damage|p2a: Battlecry|81/100|[from] item: Life Orb
|
|upkeep
|
|t:|1779612758
|switch|p1a: Weezing|Weezing-Galar, M|100/100
|-ability|p1a: Weezing|Neutralizing Gas
|-activate|p1a: Weezing|move: Sticky Web
|-unboost|p1a: Weezing|spe|1
|turn|17
|
|t:|1779612769
|switch|p2a: Blessing It|Raging Bolt|100/100
|move|p1a: Weezing|Defog|p2a: Blessing It
|-unboost|p2a: Blessing It|evasion|1
|-sideend|p1: eros maniac|Sticky Web|[from] move: Defog|[of] p1a: Weezing
|
|upkeep
|turn|18
|
|t:|1779612774
|-end|p1a: Weezing|ability: Neutralizing Gas
|switch|p1a: Frosmoth|Frosmoth, F, shiny, tera:Electric|100/100
|-enditem|p2a: Blessing It|Booster Energy
|-activate|p2a: Blessing It|ability: Protosynthesis|[fromitem]
|-start|p2a: Blessing It|protosynthesisspa
|move|p2a: Blessing It|Calm Mind|p2a: Blessing It
|-boost|p2a: Blessing It|spa|1
|-boost|p2a: Blessing It|spd|1
|
|upkeep
|turn|19
|
|t:|1779612778
|move|p2a: Blessing It|Dragon Pulse|p1a: Frosmoth
|-damage|p1a: Frosmoth|58/100
|move|p1a: Frosmoth|Quiver Dance|p1a: Frosmoth
|-boost|p1a: Frosmoth|spa|1
|-boost|p1a: Frosmoth|spd|1
|-boost|p1a: Frosmoth|spe|1
|
|-heal|p1a: Frosmoth|64/100|[from] item: Leftovers
|upkeep
|turn|20
|
|t:|1779612784
|-terastallize|p2a: Blessing It|Ghost
|move|p1a: Frosmoth|Quiver Dance|p1a: Frosmoth
|-boost|p1a: Frosmoth|spa|1
|-boost|p1a: Frosmoth|spd|1
|-boost|p1a: Frosmoth|spe|1
|move|p2a: Blessing It|Calm Mind|p2a: Blessing It
|-boost|p2a: Blessing It|spa|1
|-boost|p2a: Blessing It|spd|1
|
|-heal|p1a: Frosmoth|70/100|[from] item: Leftovers
|upkeep
|turn|21
|
|t:|1779612790
|move|p1a: Frosmoth|Quiver Dance|p1a: Frosmoth
|-boost|p1a: Frosmoth|spa|1
|-boost|p1a: Frosmoth|spd|1
|-boost|p1a: Frosmoth|spe|1
|move|p2a: Blessing It|Calm Mind|p2a: Blessing It
|-boost|p2a: Blessing It|spa|1
|-boost|p2a: Blessing It|spd|1
|
|-heal|p1a: Frosmoth|76/100|[from] item: Leftovers
|upkeep
|turn|22
|
|t:|1779612798
|move|p1a: Frosmoth|Quiver Dance|p1a: Frosmoth
|-boost|p1a: Frosmoth|spa|1
|-boost|p1a: Frosmoth|spd|1
|-boost|p1a: Frosmoth|spe|1
|move|p2a: Blessing It|Dragon Pulse|p1a: Frosmoth
|-damage|p1a: Frosmoth|54/100
|
|-heal|p1a: Frosmoth|60/100|[from] item: Leftovers
|upkeep
|turn|23
|
|t:|1779612805
|move|p1a: Frosmoth|Quiver Dance|p1a: Frosmoth
|-boost|p1a: Frosmoth|spa|1
|-boost|p1a: Frosmoth|spd|1
|-boost|p1a: Frosmoth|spe|1
|move|p2a: Blessing It|Calm Mind|p2a: Blessing It
|-boost|p2a: Blessing It|spa|1
|-boost|p2a: Blessing It|spd|1
|
|-heal|p1a: Frosmoth|66/100|[from] item: Leftovers
|upkeep
|turn|24
|
|t:|1779612808
|move|p1a: Frosmoth|Quiver Dance|p1a: Frosmoth
|-boost|p1a: Frosmoth|spa|1
|-boost|p1a: Frosmoth|spd|1
|-boost|p1a: Frosmoth|spe|1
|move|p2a: Blessing It|Calm Mind|p2a: Blessing It
|-boost|p2a: Blessing It|spa|1
|-boost|p2a: Blessing It|spd|1
|
|-heal|p1a: Frosmoth|72/100|[from] item: Leftovers
|upkeep
|turn|25
|
|t:|1779612810
|move|p1a: Frosmoth|Substitute|p1a: Frosmoth
|-start|p1a: Frosmoth|Substitute
|-damage|p1a: Frosmoth|47/100
|move|p2a: Blessing It|Dragon Pulse|p1a: Frosmoth
|-end|p1a: Frosmoth|Substitute
|
|-heal|p1a: Frosmoth|53/100|[from] item: Leftovers
|upkeep
|turn|26
|
|t:|1779612813
|move|p1a: Frosmoth|Ice Beam|p2a: Blessing It
|-damage|p2a: Blessing It|51/100
|-status|p2a: Blessing It|frz
|cant|p2a: Blessing It|frz
|
|-heal|p1a: Frosmoth|59/100|[from] item: Leftovers
|upkeep
|turn|27
|c|☆RedemptiveSketch|bruh
|
|t:|1779612819
|move|p1a: Frosmoth|Ice Beam|p2a: Blessing It
|-damage|p2a: Blessing It|2/100 frz
|cant|p2a: Blessing It|frz
|
|-heal|p1a: Frosmoth|65/100|[from] item: Leftovers
|upkeep
|turn|28
|
|t:|1779612822
|move|p1a: Frosmoth|Substitute|p1a: Frosmoth
|-start|p1a: Frosmoth|Substitute
|-damage|p1a: Frosmoth|40/100
|-curestatus|p2a: Blessing It|frz|[msg]
|move|p2a: Blessing It|Dragon Pulse|p1a: Frosmoth
|-end|p1a: Frosmoth|Substitute
|
|-heal|p1a: Frosmoth|46/100|[from] item: Leftovers
|upkeep
|turn|29
|
|t:|1779612826
|move|p2a: Blessing It|Thunderclap|p1a: Frosmoth
|-resisted|p1a: Frosmoth
|-damage|p1a: Frosmoth|36/100
|move|p1a: Frosmoth|Ice Beam|p2a: Blessing It
|-damage|p2a: Blessing It|0 fnt
|faint|p2a: Blessing It
|-end|p2a: Blessing It|Protosynthesis|[silent]
|
|-heal|p1a: Frosmoth|42/100|[from] item: Leftovers
|upkeep
|
|t:|1779612830
|switch|p2a: Battlecry|Lokix, M, shiny|81/100
|turn|30
|
|t:|1779612845
|move|p2a: Battlecry|Sucker Punch||[still]
|-fail|p2a: Battlecry
|move|p1a: Frosmoth|Substitute|p1a: Frosmoth
|-start|p1a: Frosmoth|Substitute
|-damage|p1a: Frosmoth|17/100
|
|-heal|p1a: Frosmoth|23/100|[from] item: Leftovers
|upkeep
|turn|31
|-message|RedemptiveSketch forfeited.
|
|win|eros maniac
|raw|eros maniac's rating: 1723 &rarr; <strong>1740</strong><br />(+17 for winning)
|raw|RedemptiveSketch's rating: 1662 &rarr; <strong>1645</strong><br />(-17 for losing)
|l|☆RedemptiveSketch
|player|p2|
|l|☆eros maniac
|player|p1|
|l| Concept Everything
