|j|☆Coronojk
|j|☆Player UNOWN
|t:|1779692336
|gametype|singles
|player|p1|Coronojk|169|1079
|player|p2|Player UNOWN|scientist-gen4|1124
|gen|9
|tier|[Gen 9] OU
|rated|
|rule|HP Percentage Mod: HP is shown in percentages
|rule|Endless Battle Clause: Forcing endless battles is banned
|rule|Species Clause: Limit one of each Pokémon
|rule|OHKO Clause: OHKO moves are banned
|rule|Evasion Items Clause: Evasion items are banned
|rule|Evasion Moves Clause: Evasion moves are banned
|rule|Evasion Abilities Clause: Evasion abilities are banned
|rule|Sleep Moves Clause: Sleep-inducing moves are banned
|clearpoke
|poke|p1|Combee, F|
|poke|p1|Revavroom, F|
|poke|p1|Zoroark, F|
|poke|p1|Sudowoodo, M|
|poke|p1|Golurk|
|poke|p1|Meganium, M|
|poke|p2|Tyranitar, M|
|poke|p2|Scizor, M|
|poke|p2|Flygon, F|
|poke|p2|Empoleon, M|
|poke|p2|Hippowdon, M|
|poke|p2|Sandy Shocks|
|teampreview
|inactive|Battle timer is ON: inactive players will automatically lose when time's up. (requested by Player UNOWN)
|
|t:|1779692379
|teamsize|p1|6
|teamsize|p2|6
|start
|switch|p1a: Golurk|Golurk|100/100
|switch|p2a: Hippowdon|Hippowdon, M|100/100
|-weather|Sandstorm|[from] ability: Sand Stream|[of] p2a: Hippowdon
|turn|1
|
|t:|1779692387
|move|p1a: Golurk|Stealth Rock|p2a: Hippowdon
|-sidestart|p2: Player UNOWN|move: Stealth Rock
|move|p2a: Hippowdon|Stealth Rock|p1a: Golurk
|-sidestart|p1: Coronojk|move: Stealth Rock
|
|-weather|Sandstorm|[upkeep]
|upkeep
|turn|2
|
|t:|1779692396
|move|p1a: Golurk|Trick|p2a: Hippowdon
|-activate|p1a: Golurk|move: Trick|[of] p2a: Hippowdon
|-item|p2a: Hippowdon|Assault Vest|[from] move: Trick
|-item|p1a: Golurk|Rocky Helmet|[from] move: Trick
|move|p2a: Hippowdon|Whirlwind|p1a: Golurk
|drag|p1a: Revavroom|Revavroom, F|100/100
|-damage|p1a: Revavroom|95/100|[from] Stealth Rock
|-item|p1a: Revavroom|Air Balloon
|
|-weather|Sandstorm|[upkeep]
|upkeep
|turn|3
|
|t:|1779692410
|move|p1a: Revavroom|Shift Gear|p1a: Revavroom
|-boost|p1a: Revavroom|spe|2
|-boost|p1a: Revavroom|atk|1
|move|p2a: Hippowdon|Stone Edge|p1a: Revavroom
|-resisted|p1a: Revavroom
|-damage|p1a: Revavroom|77/100
|-enditem|p1a: Revavroom|Air Balloon
|
|-weather|Sandstorm|[upkeep]
|upkeep
|turn|4
|
|t:|1779692421
|move|p1a: Revavroom|Iron Head|p2a: Hippowdon
|-damage|p2a: Hippowdon|53/100
|move|p2a: Hippowdon|Earthquake|p1a: Revavroom
|-supereffective|p1a: Revavroom
|-damage|p1a: Revavroom|0 fnt
|faint|p1a: Revavroom
|
|-weather|Sandstorm|[upkeep]
|upkeep
|
|t:|1779692436
|switch|p1a: Meganium|Meganium, M|100/100
|-damage|p1a: Meganium|88/100|[from] Stealth Rock
|turn|5
|
|t:|1779692446
|switch|p2a: Empoleon|Empoleon, M|100/100
|-damage|p2a: Empoleon|94/100|[from] Stealth Rock
|move|p1a: Meganium|Leech Seed|p2a: Empoleon
|-start|p2a: Empoleon|move: Leech Seed
|
|-weather|none
|-heal|p1a: Meganium|94/100|[from] item: Leftovers
|-damage|p2a: Empoleon|82/100|[from] Leech Seed|[of] p1a: Meganium
|-heal|p1a: Meganium|100/100|[silent]
|upkeep
|turn|6
|
|t:|1779692457
|move|p1a: Meganium|Energy Ball|p2a: Empoleon
|-damage|p2a: Empoleon|57/100
|move|p2a: Empoleon|Ice Beam|p1a: Meganium
|-supereffective|p1a: Meganium
|-damage|p1a: Meganium|58/100
|
|-heal|p1a: Meganium|64/100|[from] item: Leftovers
|-damage|p2a: Empoleon|44/100|[from] Leech Seed|[of] p1a: Meganium
|-heal|p1a: Meganium|75/100|[silent]
|upkeep
|turn|7
|
|t:|1779692469
|move|p1a: Meganium|Protect|p1a: Meganium
|-singleturn|p1a: Meganium|Protect
|move|p2a: Empoleon|Roost|p2a: Empoleon
|-heal|p2a: Empoleon|94/100
|-singleturn|p2a: Empoleon|move: Roost
|
|-heal|p1a: Meganium|81/100|[from] item: Leftovers
|-damage|p2a: Empoleon|82/100|[from] Leech Seed|[of] p1a: Meganium
|-heal|p1a: Meganium|93/100|[silent]
|upkeep
|turn|8
|
|t:|1779692479
|move|p1a: Meganium|Energy Ball|p2a: Empoleon
|-damage|p2a: Empoleon|56/100
|move|p2a: Empoleon|Ice Beam|p1a: Meganium
|-supereffective|p1a: Meganium
|-damage|p1a: Meganium|49/100
|
|-heal|p1a: Meganium|55/100|[from] item: Leftovers
|-damage|p2a: Empoleon|44/100|[from] Leech Seed|[of] p1a: Meganium
|-heal|p1a: Meganium|66/100|[silent]
|upkeep
|turn|9
|
|t:|1779692489
|move|p1a: Meganium|Energy Ball|p2a: Empoleon
|-damage|p2a: Empoleon|19/100
|move|p2a: Empoleon|Roost|p2a: Empoleon
|-heal|p2a: Empoleon|69/100
|-singleturn|p2a: Empoleon|move: Roost
|
|-heal|p1a: Meganium|72/100|[from] item: Leftovers
|-damage|p2a: Empoleon|56/100|[from] Leech Seed|[of] p1a: Meganium
|-heal|p1a: Meganium|84/100|[silent]
|upkeep
|turn|10
|
|t:|1779692502
|move|p1a: Meganium|Energy Ball|p2a: Empoleon
|-damage|p2a: Empoleon|29/100
|move|p2a: Empoleon|Roost|p2a: Empoleon
|-heal|p2a: Empoleon|79/100
|-singleturn|p2a: Empoleon|move: Roost
|
|-heal|p1a: Meganium|90/100|[from] item: Leftovers
|-damage|p2a: Empoleon|66/100|[from] Leech Seed|[of] p1a: Meganium
|-heal|p1a: Meganium|100/100|[silent]
|upkeep
|turn|11
|
|t:|1779692513
|switch|p2a: Scizor|Scizor, M|100/100
|-damage|p2a: Scizor|88/100|[from] Stealth Rock
|move|p1a: Meganium|Energy Ball|p2a: Scizor
|-resisted|p2a: Scizor
|-damage|p2a: Scizor|79/100
|
|upkeep
|turn|12
|
|t:|1779692521
|move|p2a: Scizor|Swords Dance|p2a: Scizor
|-boost|p2a: Scizor|atk|2
|move|p1a: Meganium|Dragon Tail|p2a: Scizor
|-resisted|p2a: Scizor
|-damage|p2a: Scizor|71/100
|-damage|p1a: Meganium|84/100|[from] item: Rocky Helmet|[of] p2a: Scizor
|drag|p2a: Sandy Shocks|Sandy Shocks|100/100
|-damage|p2a: Sandy Shocks|94/100|[from] Stealth Rock
|
|-heal|p1a: Meganium|90/100|[from] item: Leftovers
|upkeep
|turn|13
|
|t:|1779692534
|move|p2a: Sandy Shocks|Thunder Wave|p1a: Meganium
|-status|p1a: Meganium|par
|move|p1a: Meganium|Leech Seed|p2a: Sandy Shocks
|-start|p2a: Sandy Shocks|move: Leech Seed
|
|-heal|p1a: Meganium|96/100 par|[from] item: Leftovers
|-damage|p2a: Sandy Shocks|82/100|[from] Leech Seed|[of] p1a: Meganium
|-heal|p1a: Meganium|100/100 par|[silent]
|upkeep
|turn|14
|
|t:|1779692562
|-end|p2a: Sandy Shocks|Protosynthesis|[silent]
|switch|p2a: Flygon|Flygon, F|100/100
|-damage|p2a: Flygon|95/100|[from] Stealth Rock
|cant|p1a: Meganium|par
|
|upkeep
|turn|15
|
|t:|1779692570
|move|p2a: Flygon|Dragon Dance|p2a: Flygon
|-boost|p2a: Flygon|atk|1
|-boost|p2a: Flygon|spe|1
|move|p1a: Meganium|Dragon Tail|p2a: Flygon
|-supereffective|p2a: Flygon
|-damage|p2a: Flygon|61/100
|drag|p2a: Empoleon|Empoleon, M|66/100
|-damage|p2a: Empoleon|60/100|[from] Stealth Rock
|
|upkeep
|turn|16
|
|t:|1779692591
|move|p2a: Empoleon|Ice Beam|p1a: Meganium
|-supereffective|p1a: Meganium
|-damage|p1a: Meganium|57/100 par
|cant|p1a: Meganium|par
|
|-heal|p1a: Meganium|63/100 par|[from] item: Leftovers
|upkeep
|turn|17
|
|t:|1779692600
|move|p2a: Empoleon|Ice Beam|p1a: Meganium
|-supereffective|p1a: Meganium
|-damage|p1a: Meganium|19/100 par
|cant|p1a: Meganium|par
|
|-heal|p1a: Meganium|25/100 par|[from] item: Leftovers
|upkeep
|turn|18
|
|t:|1779692608
|move|p2a: Empoleon|Ice Beam|p1a: Meganium
|-supereffective|p1a: Meganium
|-damage|p1a: Meganium|0 fnt
|faint|p1a: Meganium
|
|upkeep
|
|t:|1779692613
|switch|p1a: Sudowoodo|Sudowoodo, M|100/100
|-damage|p1a: Sudowoodo|88/100|[from] Stealth Rock
|turn|19
|
|t:|1779692621
|move|p1a: Sudowoodo|Swords Dance|p1a: Sudowoodo
|-boost|p1a: Sudowoodo|atk|2
|move|p2a: Empoleon|Surf|p1a: Sudowoodo
|-damage|p1a: Sudowoodo|0 fnt
|replace|p1a: Zoroark|Zoroark, F
|-end|p1a: Zoroark|Illusion
|faint|p1a: Zoroark
|
|upkeep
|
|t:|1779692626
|switch|p1a: Golurk|Golurk|100/100
|-damage|p1a: Golurk|94/100|[from] Stealth Rock
|turn|20
|
|t:|1779692633
|move|p2a: Empoleon|Surf|p1a: Golurk
|-supereffective|p1a: Golurk
|-damage|p1a: Golurk|0 fnt
|faint|p1a: Golurk
|
|upkeep
|-message|Coronojk forfeited.
|
|win|Player UNOWN
|raw|Coronojk's rating: 1079 &rarr; <strong>1060</strong><br />(-19 for losing)
|raw|Player UNOWN's rating: 1124 &rarr; <strong>1146</strong><br />(+22 for winning)
|l|☆Coronojk
|player|p1|
|l|☆Player UNOWN
|player|p2|
