|j|☆SpoonTheHarpoon
|j|☆The Name Change
|t:|1779622858
|gametype|singles
|player|p1|SpoonTheHarpoon|265|1349
|player|p2|The Name Change|102|1418
|gen|9
|tier|[Gen 9] OU
|rated|
|rule|HP Percentage Mod: HP is shown in percentages
|rule|Endless Battle Clause: Forcing endless battles is banned
|rule|Species Clause: Limit one of each Pokémon
|rule|OHKO Clause: OHKO moves are banned
|rule|Evasion Items Clause: Evasion items are banned
|rule|Evasion Moves Clause: Evasion moves are banned
|rule|Evasion Abilities Clause: Evasion abilities are banned
|rule|Sleep Moves Clause: Sleep-inducing moves are banned
|clearpoke
|poke|p1|Darkrai|
|poke|p1|Garchomp, F|
|poke|p1|Alomomola, F|
|poke|p1|Corviknight, F|
|poke|p1|Weezing-Galar, F|
|poke|p1|Ogerpon, F|
|poke|p2|Slither Wing|
|poke|p2|Ninetales, M|
|poke|p2|Raging Bolt|
|poke|p2|Dragapult, F|
|poke|p2|Great Tusk|
|poke|p2|Fezandipiti, M|
|teampreview
|
|t:|1779622868
|teamsize|p1|6
|teamsize|p2|6
|start
|switch|p1a: Weezing|Weezing-Galar, F|100/100
|switch|p2a: Ninetales|Ninetales, M|100/100
|-ability|p1a: Weezing|Neutralizing Gas
|turn|1
|
|t:|1779622881
|switch|p2a: Fezandipiti|Fezandipiti, M|100/100
|move|p1a: Weezing|Sludge Bomb|p2a: Fezandipiti
|-damage|p2a: Fezandipiti|83/100
|
|upkeep
|turn|2
|
|t:|1779622888
|move|p2a: Fezandipiti|U-turn|p1a: Weezing
|-resisted|p1a: Weezing
|-damage|p1a: Weezing|98/100
|
|t:|1779622900
|switch|p2a: Ninetales|Ninetales, M|100/100|[from] U-turn
|move|p1a: Weezing|Will-O-Wisp|p2a: Ninetales
|-immune|p2a: Ninetales
|
|-heal|p1a: Weezing|100/100|[from] item: Leftovers
|upkeep
|turn|3
|
|t:|1779622906
|switch|p2a: Raging Bolt|Raging Bolt|100/100
|-end|p1a: Weezing|ability: Neutralizing Gas
|switch|p1a: Alomomola|Alomomola, F|100/100
|
|upkeep
|turn|4
|
|t:|1779622919
|switch|p1a: Weezing|Weezing-Galar, F|100/100
|-ability|p1a: Weezing|Neutralizing Gas
|move|p2a: Raging Bolt|Draco Meteor|p1a: Weezing
|-immune|p1a: Weezing
|
|upkeep
|turn|5
|
|t:|1779622924
|-end|p2a: Raging Bolt|Protosynthesis|[silent]
|switch|p2a: Fezandipiti|Fezandipiti, M|83/100
|move|p1a: Weezing|Sludge Bomb|p2a: Fezandipiti
|-damage|p2a: Fezandipiti|64/100
|
|upkeep
|turn|6
|
|t:|1779622928
|move|p2a: Fezandipiti|Roost|p2a: Fezandipiti
|-heal|p2a: Fezandipiti|100/100
|-singleturn|p2a: Fezandipiti|move: Roost
|move|p1a: Weezing|Sludge Bomb|p2a: Fezandipiti
|-damage|p2a: Fezandipiti|83/100
|
|upkeep
|turn|7
|
|t:|1779622934
|-end|p1a: Weezing|ability: Neutralizing Gas
|switch|p1a: Corviknight|Corviknight, F|100/100
|-ability|p1a: Corviknight|Pressure
|move|p2a: Fezandipiti|U-turn|p1a: Corviknight
|-resisted|p1a: Corviknight
|-damage|p1a: Corviknight|97/100
|
|t:|1779622938
|switch|p2a: Ninetales|Ninetales, M|100/100|[from] U-turn
|-weather|SunnyDay|[from] ability: Drought|[of] p2a: Ninetales
|
|-weather|SunnyDay|[upkeep]
|-heal|p1a: Corviknight|100/100|[from] item: Leftovers
|upkeep
|turn|8
|
|t:|1779622956
|switch|p2a: Dragapult|Dragapult, F|100/100
|switch|p1a: Alomomola|Alomomola, F|100/100
|
|-weather|SunnyDay|[upkeep]
|upkeep
|turn|9
|
|t:|1779622963
|move|p2a: Dragapult|Shadow Ball|p1a: Alomomola
|-damage|p1a: Alomomola|78/100
|-unboost|p1a: Alomomola|spd|1
|-damage|p2a: Dragapult|91/100|[from] item: Life Orb
|move|p1a: Alomomola|Flip Turn|p2a: Dragapult
|-resisted|p2a: Dragapult
|-damage|p2a: Dragapult|86/100
|
|t:|1779622969
|switch|p1a: Darkrai|Darkrai|100/100|[from] Flip Turn
|
|-weather|SunnyDay|[upkeep]
|upkeep
|turn|10
|
|t:|1779623006
|switch|p2a: Fezandipiti|Fezandipiti, M|83/100
|move|p1a: Darkrai|Ice Beam|p2a: Fezandipiti
|-crit|p2a: Fezandipiti
|-damage|p2a: Fezandipiti|35/100
|
|-weather|SunnyDay|[upkeep]
|upkeep
|turn|11
|inactive|Battle timer is ON: inactive players will automatically lose when time's up. (requested by SpoonTheHarpoon)
|
|t:|1779623012
|move|p1a: Darkrai|Ice Beam|p2a: Fezandipiti
|-damage|p2a: Fezandipiti|5/100
|move|p2a: Fezandipiti|Roost|p2a: Fezandipiti
|-heal|p2a: Fezandipiti|55/100
|-singleturn|p2a: Fezandipiti|move: Roost
|
|-weather|SunnyDay|[upkeep]
|upkeep
|turn|12
|
|t:|1779623025
|switch|p1a: Alomomola|Alomomola, F|100/100
|move|p2a: Fezandipiti|U-turn|p1a: Alomomola
|-damage|p1a: Alomomola|88/100
|
|t:|1779623050
|switch|p2a: Raging Bolt|Raging Bolt|100/100|[from] U-turn
|-activate|p2a: Raging Bolt|ability: Protosynthesis
|-start|p2a: Raging Bolt|protosynthesisspa
|
|-weather|SunnyDay|[upkeep]
|upkeep
|turn|13
|
|t:|1779623060
|switch|p1a: Weezing|Weezing-Galar, F|100/100
|-ability|p1a: Weezing|Neutralizing Gas
|move|p2a: Raging Bolt|Draco Meteor|p1a: Weezing
|-immune|p1a: Weezing
|
|-weather|SunnyDay|[upkeep]
|upkeep
|turn|14
|-message|The Name Change forfeited.
|
|win|SpoonTheHarpoon
|raw|SpoonTheHarpoon's rating: 1349 &rarr; <strong>1373</strong><br />(+24 for winning)
|raw|The Name Change's rating: 1418 &rarr; <strong>1394</strong><br />(-24 for losing)
|l|☆The Name Change
|player|p2|
