|j|☆ohko by scald
|j|☆NewNewNwAcc
|t:|1779636534
|gametype|singles
|player|p1|ohko by scald|roxie-masters|1384
|player|p2|NewNewNwAcc|hooligans|1325
|gen|9
|tier|[Gen 9] OU
|rated|
|rule|HP Percentage Mod: HP is shown in percentages
|rule|Endless Battle Clause: Forcing endless battles is banned
|rule|Species Clause: Limit one of each Pokémon
|rule|OHKO Clause: OHKO moves are banned
|rule|Evasion Items Clause: Evasion items are banned
|rule|Evasion Moves Clause: Evasion moves are banned
|rule|Evasion Abilities Clause: Evasion abilities are banned
|rule|Sleep Moves Clause: Sleep-inducing moves are banned
|clearpoke
|poke|p1|Cloyster, M|
|poke|p1|Toxtricity, F|
|poke|p1|Dragapult, F|
|poke|p1|Hawlucha, F|
|poke|p1|Rillaboom, F|
|poke|p1|Heatran, F|
|poke|p2|Orthworm, F|
|poke|p2|Gliscor, F|
|poke|p2|Meowscarada, F|
|poke|p2|Ting-Lu|
|poke|p2|Dragonite, M|
|poke|p2|Sinistcha|
|teampreview
|inactive|Battle timer is ON: inactive players will automatically lose when time's up. (requested by NewNewNwAcc)
|inactive|ohko by scald also wants the timer to be on.
|
|t:|1779636563
|teamsize|p1|6
|teamsize|p2|6
|start
|switch|p1a: 700°C iron ball|Heatran, F, shiny|100/100
|switch|p2a: Gliscor|Gliscor, F|100/100
|turn|1
|
|t:|1779636582
|move|p2a: Gliscor|Protect|p2a: Gliscor
|-singleturn|p2a: Gliscor|Protect
|move|p1a: 700°C iron ball|Stealth Rock|p2a: Gliscor
|-sidestart|p2: NewNewNwAcc|move: Stealth Rock
|
|-status|p2a: Gliscor|tox|[from] item: Toxic Orb
|upkeep
|turn|2
|
|t:|1779636590
|switch|p2a: Dragonite|Dragonite, M|100/100
|move|p1a: 700°C iron ball|Magma Storm|p2a: Dragonite
|-resisted|p2a: Dragonite
|-damage|p2a: Dragonite|89/100
|-activate|p2a: Dragonite|move: Magma Storm|[of] p1a: 700°C iron ball
|
|-damage|p2a: Dragonite|77/100|[from] move: Magma Storm|[partiallytrapped]
|upkeep
|turn|3
|
|t:|1779636603
|switch|p1a: MF BOOM|Rillaboom, F|100/100
|-fieldstart|move: Grassy Terrain|[from] ability: Grassy Surge|[of] p1a: MF BOOM
|move|p2a: Dragonite|Roost|p2a: Dragonite
|-heal|p2a: Dragonite|100/100
|-singleturn|p2a: Dragonite|move: Roost
|
|-end|p2a: Dragonite|Magma Storm|[partiallytrapped]|[silent]
|upkeep
|turn|4
|
|t:|1779636630
|move|p1a: MF BOOM|U-turn|p2a: Dragonite
|-resisted|p2a: Dragonite
|-damage|p2a: Dragonite|91/100
|
|t:|1779636634
|switch|p1a: Cloist Mritical|Cloyster, M|100/100|[from] U-turn
|move|p2a: Dragonite|Dragon Tail|p1a: Cloist Mritical
|-damage|p1a: Cloist Mritical|72/100
|drag|p1a: MF BOOM 2|Toxtricity, F|100/100
|
|upkeep
|turn|5
|
|t:|1779636644
|move|p1a: MF BOOM 2|Shift Gear|p1a: MF BOOM 2
|-boost|p1a: MF BOOM 2|spe|2
|-boost|p1a: MF BOOM 2|atk|1
|move|p2a: Dragonite|Earthquake|p1a: MF BOOM 2
|-supereffective|p1a: MF BOOM 2
|-crit|p1a: MF BOOM 2
|-damage|p1a: MF BOOM 2|0 fnt
|faint|p1a: MF BOOM 2
|
|upkeep
|
|t:|1779636649
|switch|p1a: Cloist Mritical|Cloyster, M|72/100
|turn|6
|
|t:|1779636656
|switch|p2a: Orthworm|Orthworm, F|100/100
|-damage|p2a: Orthworm|94/100|[from] Stealth Rock
|move|p1a: Cloist Mritical|Icicle Spear|p2a: Orthworm
|-resisted|p2a: Orthworm
|-damage|p2a: Orthworm|90/100
|-resisted|p2a: Orthworm
|-damage|p2a: Orthworm|86/100
|-resisted|p2a: Orthworm
|-damage|p2a: Orthworm|82/100
|-resisted|p2a: Orthworm
|-damage|p2a: Orthworm|78/100
|-resisted|p2a: Orthworm
|-damage|p2a: Orthworm|74/100
|-hitcount|p2a: Orthworm|5
|
|-heal|p1a: Cloist Mritical|78/100|[from] Grassy Terrain
|-heal|p2a: Orthworm|80/100|[from] Grassy Terrain
|-heal|p2a: Orthworm|87/100|[from] item: Leftovers
|upkeep
|turn|7
|
|t:|1779636682
|switch|p1a: Dragapult|Dragapult, F|100/100
|move|p2a: Orthworm|Iron Defense|p2a: Orthworm
|-boost|p2a: Orthworm|def|2
|
|-heal|p2a: Orthworm|93/100|[from] Grassy Terrain
|-heal|p2a: Orthworm|99/100|[from] item: Leftovers
|-fieldend|move: Grassy Terrain
|upkeep
|turn|8
|
|t:|1779636687
|switch|p2a: Ting-Lu|Ting-Lu|100/100
|-damage|p2a: Ting-Lu|94/100|[from] Stealth Rock
|-ability|p2a: Ting-Lu|Vessel of Ruin
|move|p1a: Dragapult|Will-O-Wisp|p2a: Ting-Lu
|-status|p2a: Ting-Lu|brn
|
|-heal|p2a: Ting-Lu|100/100 brn|[from] item: Leftovers
|-damage|p2a: Ting-Lu|94/100 brn|[from] brn
|upkeep
|turn|9
|
|t:|1779636694
|move|p1a: Dragapult|U-turn|p2a: Ting-Lu
|-supereffective|p2a: Ting-Lu
|-damage|p2a: Ting-Lu|72/100 brn
|
|t:|1779636697
|switch|p1a: MF BOOM|Rillaboom, F|100/100|[from] U-turn
|-fieldstart|move: Grassy Terrain|[from] ability: Grassy Surge|[of] p1a: MF BOOM
|move|p2a: Ting-Lu|Stealth Rock|p1a: MF BOOM
|-sidestart|p1: ohko by scald|move: Stealth Rock
|
|-heal|p2a: Ting-Lu|79/100 brn|[from] Grassy Terrain
|-heal|p2a: Ting-Lu|85/100 brn|[from] item: Leftovers
|-damage|p2a: Ting-Lu|79/100 brn|[from] brn
|upkeep
|turn|10
|
|t:|1779636701
|switch|p2a: Dragonite|Dragonite, M|91/100
|move|p1a: MF BOOM|U-turn|p2a: Dragonite
|-resisted|p2a: Dragonite
|-damage|p2a: Dragonite|74/100
|
|t:|1779636706
|switch|p1a: Cloist Mritical|Cloyster, M|78/100|[from] U-turn
|-damage|p1a: Cloist Mritical|53/100|[from] Stealth Rock
|
|-heal|p1a: Cloist Mritical|59/100|[from] Grassy Terrain
|upkeep
|turn|11
|
|t:|1779636710
|switch|p2a: Orthworm|Orthworm, F|99/100
|-damage|p2a: Orthworm|93/100|[from] Stealth Rock
|move|p1a: Cloist Mritical|Shell Smash|p1a: Cloist Mritical
|-unboost|p1a: Cloist Mritical|def|1
|-unboost|p1a: Cloist Mritical|spd|1
|-boost|p1a: Cloist Mritical|atk|2
|-boost|p1a: Cloist Mritical|spa|2
|-boost|p1a: Cloist Mritical|spe|2
|
|-heal|p1a: Cloist Mritical|66/100|[from] Grassy Terrain
|-heal|p2a: Orthworm|99/100|[from] Grassy Terrain
|-heal|p2a: Orthworm|100/100|[from] item: Leftovers
|upkeep
|turn|12
|
|t:|1779636716
|move|p1a: Cloist Mritical|Hydro Pump|p2a: Orthworm|[miss]
|-miss|p1a: Cloist Mritical|p2a: Orthworm
|move|p2a: Orthworm|Body Press|p1a: Cloist Mritical
|-supereffective|p1a: Cloist Mritical
|-damage|p1a: Cloist Mritical|0 fnt
|faint|p1a: Cloist Mritical
|
|upkeep
|
|t:|1779636734
|switch|p1a: John Cena|Hawlucha, F|100/100
|-damage|p1a: John Cena|88/100|[from] Stealth Rock
|-enditem|p1a: John Cena|Grassy Seed
|-boost|p1a: John Cena|def|1|[from] item: Grassy Seed
|turn|13
|inactive|NewNewNwAcc has 120 seconds left.
|inactive|NewNewNwAcc has 90 seconds left.
|
|t:|1779636801
|switch|p2a: Gliscor|Gliscor, F|100/100 tox
|-damage|p2a: Gliscor|88/100 tox|[from] Stealth Rock
|move|p1a: John Cena|Swords Dance|p1a: John Cena
|-boost|p1a: John Cena|atk|2
|
|-heal|p2a: Gliscor|100/100 tox|[from] ability: Poison Heal
|-fieldend|move: Grassy Terrain
|upkeep
|turn|14
|
|t:|1779636809
|move|p1a: John Cena|Swords Dance|p1a: John Cena
|-boost|p1a: John Cena|atk|2
|move|p2a: Gliscor|Toxic|p1a: John Cena|[miss]
|-miss|p2a: Gliscor|p1a: John Cena
|
|upkeep
|turn|15
|
|t:|1779636814
|move|p1a: John Cena|Acrobatics|p2a: Gliscor
|-damage|p2a: Gliscor|0 fnt
|faint|p2a: Gliscor
|
|upkeep
|
|t:|1779636832
|switch|p2a: Orthworm|Orthworm, F|100/100
|-damage|p2a: Orthworm|94/100|[from] Stealth Rock
|turn|16
|
|t:|1779636849
|-terastallize|p2a: Orthworm|Ghost
|move|p1a: John Cena|Close Combat|p2a: Orthworm
|-immune|p2a: Orthworm
|move|p2a: Orthworm|Iron Defense|p2a: Orthworm
|-boost|p2a: Orthworm|def|2
|
|-heal|p2a: Orthworm|100/100|[from] item: Leftovers
|upkeep
|turn|17
|
|t:|1779636853
|move|p1a: John Cena|Encore|p2a: Orthworm
|-start|p2a: Orthworm|Encore
|move|p2a: Orthworm|Iron Defense|p2a: Orthworm
|-boost|p2a: Orthworm|def|2
|
|upkeep
|turn|18
|
|t:|1779636858
|move|p1a: John Cena|Swords Dance|p1a: John Cena
|-boost|p1a: John Cena|atk|2
|move|p2a: Orthworm|Iron Defense|p2a: Orthworm
|-boost|p2a: Orthworm|def|2
|
|upkeep
|turn|19
|
|t:|1779636862
|move|p1a: John Cena|Acrobatics|p2a: Orthworm
|-crit|p2a: Orthworm
|-damage|p2a: Orthworm|0 fnt
|faint|p2a: Orthworm
|
|upkeep
|-message|NewNewNwAcc forfeited.
|
|win|ohko by scald
|raw|ohko by scald's rating: 1384 &rarr; <strong>1401</strong><br />(+17 for winning)
|raw|NewNewNwAcc's rating: 1325 &rarr; <strong>1308</strong><br />(-17 for losing)
|l|☆NewNewNwAcc
|player|p2|
