|j|☆Pfullmetal09
|j|☆Geralt1234
|t:|1779631873
|gametype|singles
|player|p1|Pfullmetal09|2|1185
|player|p2|Geralt1234|266|1181
|gen|9
|tier|[Gen 9] OU
|rated|
|rule|HP Percentage Mod: HP is shown in percentages
|rule|Endless Battle Clause: Forcing endless battles is banned
|rule|Species Clause: Limit one of each Pokémon
|rule|OHKO Clause: OHKO moves are banned
|rule|Evasion Items Clause: Evasion items are banned
|rule|Evasion Moves Clause: Evasion moves are banned
|rule|Evasion Abilities Clause: Evasion abilities are banned
|rule|Sleep Moves Clause: Sleep-inducing moves are banned
|clearpoke
|poke|p1|Ninetales-Alola, M|
|poke|p1|Cetitan, F|
|poke|p1|Kyurem|
|poke|p1|Sandslash-Alola, M|
|poke|p1|Moltres|
|poke|p1|Zamazenta-*|
|poke|p2|Tyranitar, F|
|poke|p2|Excadrill, F|
|poke|p2|Keldeo-Resolute|
|poke|p2|Tornadus-Therian, M|
|poke|p2|Heatran, F|
|poke|p2|Hydrapple, F|
|teampreview
|inactive|Battle timer is ON: inactive players will automatically lose when time's up. (requested by Pfullmetal09)
|
|t:|1779631891
|teamsize|p1|6
|teamsize|p2|6
|start
|switch|p1a: Ninetales|Ninetales-Alola, M|100/100
|switch|p2a: Keldeo|Keldeo-Resolute|100/100
|-weather|Snowscape|[from] ability: Snow Warning|[of] p1a: Ninetales
|turn|1
|
|t:|1779631898
|move|p1a: Ninetales|Freeze-Dry|p2a: Keldeo
|-supereffective|p2a: Keldeo
|-damage|p2a: Keldeo|42/100
|move|p2a: Keldeo|Flip Turn|p1a: Ninetales
|-crit|p1a: Ninetales
|-damage|p1a: Ninetales|79/100
|
|t:|1779631905
|switch|p2a: Tyranitar|Tyranitar, F|100/100|[from] Flip Turn
|-weather|Sandstorm|[from] ability: Sand Stream|[of] p2a: Tyranitar
|
|-weather|Sandstorm|[upkeep]
|-damage|p1a: Ninetales|73/100|[from] Sandstorm
|upkeep
|turn|2
|
|t:|1779631918
|switch|p1a: Zamazenta|Zamazenta|100/100
|-ability|p1a: Zamazenta|Dauntless Shield|boost
|-boost|p1a: Zamazenta|def|1
|move|p2a: Tyranitar|Stone Edge|p1a: Zamazenta
|-resisted|p1a: Zamazenta
|-damage|p1a: Zamazenta|77/100
|
|-weather|Sandstorm|[upkeep]
|-damage|p1a: Zamazenta|70/100|[from] Sandstorm
|-heal|p1a: Zamazenta|77/100|[from] item: Leftovers
|upkeep
|turn|3
|
|t:|1779631931
|switch|p2a: Hydrapple|Hydrapple, F|100/100
|move|p1a: Zamazenta|Body Press|p2a: Hydrapple
|-damage|p2a: Hydrapple|75/100
|-damage|p1a: Zamazenta|60/100|[from] item: Rocky Helmet|[of] p2a: Hydrapple
|
|-weather|Sandstorm|[upkeep]
|-damage|p1a: Zamazenta|54/100|[from] Sandstorm
|-damage|p2a: Hydrapple|69/100|[from] Sandstorm
|-heal|p1a: Zamazenta|60/100|[from] item: Leftovers
|upkeep
|turn|4
|
|t:|1779631945
|switch|p1a: Moltres|Moltres|100/100
|move|p2a: Hydrapple|Giga Drain|p1a: Moltres
|-resisted|p1a: Moltres
|-damage|p1a: Moltres|91/100
|-heal|p2a: Hydrapple|73/100|[from] drain|[of] p1a: Moltres
|
|-weather|Sandstorm|[upkeep]
|-damage|p1a: Moltres|85/100|[from] Sandstorm
|-damage|p2a: Hydrapple|67/100|[from] Sandstorm
|upkeep
|turn|5
|
|t:|1779631957
|switch|p2a: Heatran|Heatran, F|100/100
|move|p1a: Moltres|Hurricane|p2a: Heatran|[miss]
|-miss|p1a: Moltres|p2a: Heatran
|
|-weather|none
|upkeep
|turn|6
|
|t:|1779631967
|move|p1a: Moltres|Flamethrower|p2a: Heatran
|-damage|p2a: Heatran|71/100
|move|p2a: Heatran|Stealth Rock|p1a: Moltres
|-sidestart|p1: Pfullmetal09|move: Stealth Rock
|
|-heal|p2a: Heatran|77/100|[from] item: Leftovers
|upkeep
|turn|7
|
|t:|1779631981
|switch|p2a: Tyranitar|Tyranitar, F|100/100
|-weather|Sandstorm|[from] ability: Sand Stream|[of] p2a: Tyranitar
|move|p1a: Moltres|Flamethrower|p2a: Tyranitar
|-resisted|p2a: Tyranitar
|-damage|p2a: Tyranitar|85/100
|
|-weather|Sandstorm|[upkeep]
|-damage|p1a: Moltres|78/100|[from] Sandstorm
|upkeep
|turn|8
|
|t:|1779631993
|move|p1a: Moltres|U-turn|p2a: Tyranitar
|-supereffective|p2a: Tyranitar
|-damage|p2a: Tyranitar|58/100
|
|t:|1779631995
|switch|p1a: Zamazenta|Zamazenta|60/100|[from] U-turn
|-damage|p1a: Zamazenta|54/100|[from] Stealth Rock
|move|p2a: Tyranitar|Knock Off|p1a: Zamazenta
|-resisted|p1a: Zamazenta
|-damage|p1a: Zamazenta|22/100
|-enditem|p1a: Zamazenta|Leftovers|[from] move: Knock Off|[of] p2a: Tyranitar
|
|-weather|Sandstorm|[upkeep]
|-damage|p1a: Zamazenta|16/100|[from] Sandstorm
|upkeep
|turn|9
|
|t:|1779632006
|switch|p1a: OneInAMilion|Sandslash-Alola, M|100/100
|switch|p2a: Hydrapple|Hydrapple, F|99/100
|
|-weather|Sandstorm|[upkeep]
|-damage|p2a: Hydrapple|94/100|[from] Sandstorm
|upkeep
|turn|10
|
|t:|1779632018
|switch|p2a: Excadrill|Excadrill, F|100/100
|-item|p2a: Excadrill|Air Balloon
|move|p1a: OneInAMilion|Stealth Rock|p2a: Excadrill
|-sidestart|p2: Geralt1234|move: Stealth Rock
|
|-weather|Sandstorm|[upkeep]
|upkeep
|turn|11
|
|t:|1779632029
|switch|p1a: Moltres|Moltres|78/100
|move|p2a: Excadrill|Iron Head|p1a: Moltres
|-resisted|p1a: Moltres
|-damage|p1a: Moltres|53/100
|
|-weather|none
|upkeep
|turn|12
|
|t:|1779632039
|switch|p2a: Tyranitar|Tyranitar, F|58/100
|-damage|p2a: Tyranitar|46/100|[from] Stealth Rock
|-weather|Sandstorm|[from] ability: Sand Stream|[of] p2a: Tyranitar
|move|p1a: Moltres|Flamethrower|p2a: Tyranitar
|-resisted|p2a: Tyranitar
|-damage|p2a: Tyranitar|30/100
|
|-weather|Sandstorm|[upkeep]
|-damage|p1a: Moltres|47/100|[from] Sandstorm
|upkeep
|turn|13
|inactive|Pfullmetal09 has 120 seconds left.
|inactive|Pfullmetal09 has 90 seconds left.
|inactive|Pfullmetal09 has 60 seconds left.
|inactive|Pfullmetal09 has 30 seconds left.
|inactive|Pfullmetal09 has 20 seconds left.
|inactive|Pfullmetal09 has 15 seconds left.
|inactive|Pfullmetal09 has 10 seconds left.
|inactive|Pfullmetal09 has 5 seconds left.
|-message|Pfullmetal09 lost due to inactivity.
|
|win|Geralt1234
|raw|Pfullmetal09's rating: 1185 &rarr; <strong>1160</strong><br />(-25 for losing)
|raw|Geralt1234's rating: 1181 &rarr; <strong>1206</strong><br />(+25 for winning)
|l|☆Geralt1234
|player|p2|
