|j|☆phap'a
|j|☆EverMaster21
|t:|1779649852
|gametype|singles
|player|p1|phap'a|dawn|1157
|player|p2|EverMaster21|cynthia|1153
|gen|9
|tier|[Gen 9] OU
|rated|
|rule|HP Percentage Mod: HP is shown in percentages
|rule|Endless Battle Clause: Forcing endless battles is banned
|rule|Species Clause: Limit one of each Pokémon
|rule|OHKO Clause: OHKO moves are banned
|rule|Evasion Items Clause: Evasion items are banned
|rule|Evasion Moves Clause: Evasion moves are banned
|rule|Evasion Abilities Clause: Evasion abilities are banned
|rule|Sleep Moves Clause: Sleep-inducing moves are banned
|clearpoke
|poke|p1|Iron Treads|
|poke|p1|Samurott-Hisui, M|
|poke|p1|Iron Moth|
|poke|p1|Kyurem|
|poke|p1|Ting-Lu|
|poke|p1|Deoxys-Speed|
|poke|p2|Smeargle, M|
|poke|p2|Moltres-Galar|
|poke|p2|Gholdengo|
|poke|p2|Samurott-Hisui, M|
|poke|p2|Deoxys-Speed|
|poke|p2|Venusaur, M|
|teampreview
|inactive|Battle timer is ON: inactive players will automatically lose when time's up. (requested by phap'a)
|c|☆phap'a|GLHF
|
|t:|1779649865
|teamsize|p1|6
|teamsize|p2|6
|start
|switch|p1a: Deoxys|Deoxys-Speed|100/100
|switch|p2a: XLR8|Deoxys-Speed|100/100
|-ability|p2a: XLR8|Pressure
|-ability|p1a: Deoxys|Pressure
|turn|1
|c|☆phap'a|W reference
|
|t:|1779649877
|move|p2a: XLR8|Taunt|p1a: Deoxys
|-start|p1a: Deoxys|move: Taunt
|cant|p1a: Deoxys|move: Taunt|Thunder Wave
|
|upkeep
|turn|2
|
|t:|1779649887
|switch|p1a: Ting-Lu|Ting-Lu|100/100
|-ability|p1a: Ting-Lu|Vessel of Ruin
|move|p2a: XLR8|Reflect|p2a: XLR8
|-sidestart|p2: EverMaster21|Reflect
|
|upkeep
|turn|3
|
|t:|1779649894
|move|p2a: XLR8|Light Screen|p2a: XLR8
|-sidestart|p2: EverMaster21|move: Light Screen
|move|p1a: Ting-Lu|Whirlwind|p2a: XLR8
|drag|p2a: Jack|Samurott-Hisui, M|100/100
|
|upkeep
|turn|4
|
|t:|1779649910
|-terastallize|p1a: Ting-Lu|Dark
|move|p2a: Jack|Ceaseless Edge|p1a: Ting-Lu|[miss]
|-miss|p2a: Jack|p1a: Ting-Lu
|move|p1a: Ting-Lu|Ruination|p2a: Jack
|-damage|p2a: Jack|51/100
|
|upkeep
|turn|5
|
|t:|1779649918
|move|p2a: Jack|Ceaseless Edge|p1a: Ting-Lu
|-resisted|p1a: Ting-Lu
|-damage|p1a: Ting-Lu|89/100
|-damage|p2a: Jack|34/100|[from] item: Rocky Helmet|[of] p1a: Ting-Lu
|-sidestart|p1: phap'a|Spikes
|move|p1a: Ting-Lu|Ruination|p2a: Jack
|-damage|p2a: Jack|17/100
|
|upkeep
|turn|6
|
|t:|1779649925
|move|p2a: Jack|Ceaseless Edge|p1a: Ting-Lu
|-resisted|p1a: Ting-Lu
|-damage|p1a: Ting-Lu|76/100
|-damage|p2a: Jack|1/100|[from] item: Rocky Helmet|[of] p1a: Ting-Lu
|-sidestart|p1: phap'a|Spikes
|move|p1a: Ting-Lu|Earthquake|p2a: Jack
|-damage|p2a: Jack|0 fnt
|faint|p2a: Jack
|
|upkeep
|
|t:|1779649937
|switch|p2a: Picasso|Smeargle, M|100/100
|turn|7
|
|t:|1779649940
|move|p2a: Picasso|No Retreat|p2a: Picasso
|-boost|p2a: Picasso|atk|1
|-boost|p2a: Picasso|def|1
|-boost|p2a: Picasso|spa|1
|-boost|p2a: Picasso|spd|1
|-boost|p2a: Picasso|spe|1
|-start|p2a: Picasso|move: No Retreat
|move|p1a: Ting-Lu|Whirlwind|p2a: Picasso
|drag|p2a: Rex|Venusaur, M, shiny|100/100
|
|upkeep
|turn|8
|
|t:|1779649950
|move|p2a: Rex|Growth|p2a: Rex
|-boost|p2a: Rex|atk|1
|-boost|p2a: Rex|spa|1
|move|p1a: Ting-Lu|Ruination|p2a: Rex
|-damage|p2a: Rex|51/100
|
|upkeep
|turn|9
|
|t:|1779649958
|move|p2a: Rex|Sludge Bomb|p1a: Ting-Lu
|-damage|p1a: Ting-Lu|32/100
|-damage|p2a: Rex|41/100|[from] item: Life Orb
|move|p1a: Ting-Lu|Whirlwind|p2a: Rex
|drag|p2a: XLR8|Deoxys-Speed|100/100
|-ability|p2a: XLR8|Pressure
|
|-sideend|p2: EverMaster21|Reflect
|upkeep
|turn|10
|
|t:|1779649968
|move|p2a: XLR8|Taunt|p1a: Ting-Lu
|-start|p1a: Ting-Lu|move: Taunt
|move|p1a: Ting-Lu|Ruination|p2a: XLR8
|-damage|p2a: XLR8|51/100
|
|-sideend|p2: EverMaster21|move: Light Screen
|upkeep
|turn|11
|
|t:|1779649976
|move|p2a: XLR8|Reflect|p2a: XLR8
|-sidestart|p2: EverMaster21|Reflect
|move|p1a: Ting-Lu|Ruination|p2a: XLR8
|-damage|p2a: XLR8|26/100
|
|upkeep
|turn|12
|
|t:|1779649979
|move|p2a: XLR8|Light Screen|p2a: XLR8
|-sidestart|p2: EverMaster21|move: Light Screen
|move|p1a: Ting-Lu|Ruination|p2a: XLR8|[miss]
|-miss|p1a: Ting-Lu|p2a: XLR8
|
|-end|p1a: Ting-Lu|move: Taunt
|upkeep
|turn|13
|
|t:|1779649985
|move|p2a: XLR8|Taunt|p1a: Ting-Lu
|-start|p1a: Ting-Lu|move: Taunt
|move|p1a: Ting-Lu|Ruination|p2a: XLR8
|-damage|p2a: XLR8|13/100
|
|upkeep
|turn|14
|
|t:|1779649995
|switch|p2a: Picasso|Smeargle, M|100/100
|move|p1a: Ting-Lu|Earthquake|p2a: Picasso
|-crit|p2a: Picasso
|-damage|p2a: Picasso|0 fnt
|faint|p2a: Picasso
|
|upkeep
|
|t:|1779650007
|switch|p2a: Rex|Venusaur, M, shiny|41/100
|turn|15
|
|t:|1779650013
|move|p2a: Rex|Sludge Bomb|p1a: Ting-Lu
|-damage|p1a: Ting-Lu|1/100
|-status|p1a: Ting-Lu|psn
|-damage|p2a: Rex|31/100|[from] item: Life Orb
|move|p1a: Ting-Lu|Ruination|p2a: Rex
|-damage|p2a: Rex|16/100
|
|-damage|p1a: Ting-Lu|0 fnt|[from] psn
|faint|p1a: Ting-Lu
|upkeep
|
|t:|1779650027
|switch|p1a: Iron Treads|Iron Treads|100/100
|-damage|p1a: Iron Treads|84/100|[from] Spikes
|-enditem|p1a: Iron Treads|Booster Energy
|-activate|p1a: Iron Treads|ability: Quark Drive|[fromitem]
|-start|p1a: Iron Treads|quarkdrivespe
|turn|16
|
|t:|1779650032
|move|p1a: Iron Treads|Iron Head|p2a: Rex
|-damage|p2a: Rex|0 fnt
|faint|p2a: Rex
|
|upkeep
|
|t:|1779650038
|switch|p2a: XLR8|Deoxys-Speed|13/100
|-ability|p2a: XLR8|Pressure
|turn|17
|
|t:|1779650044
|move|p1a: Iron Treads|Iron Head|p2a: XLR8
|-damage|p2a: XLR8|0 fnt
|faint|p2a: XLR8
|
|upkeep
|
|t:|1779650046
|switch|p2a: BiggestBird|Moltres-Galar|100/100
|turn|18
|
|t:|1779650052
|move|p1a: Iron Treads|Rapid Spin|p2a: BiggestBird
|-damage|p2a: BiggestBird|92/100
|-boost|p1a: Iron Treads|spe|1
|-sideend|p1: phap'a|Spikes|[from] move: Rapid Spin|[of] p1a: Iron Treads
|move|p2a: BiggestBird|Nasty Plot|p2a: BiggestBird
|-boost|p2a: BiggestBird|spa|2
|
|-sideend|p2: EverMaster21|Reflect
|upkeep
|turn|19
|
|t:|1779650063
|move|p1a: Iron Treads|Volt Switch|p2a: BiggestBird
|-supereffective|p2a: BiggestBird
|-damage|p2a: BiggestBird|82/100
|
|t:|1779650066
|-end|p1a: Iron Treads|Quark Drive|[silent]
|switch|p1a: Kyurem|Kyurem|100/100|[from] Volt Switch
|-ability|p1a: Kyurem|Pressure
|move|p2a: BiggestBird|Agility|p2a: BiggestBird
|-boost|p2a: BiggestBird|spe|2
|
|-sideend|p2: EverMaster21|move: Light Screen
|upkeep
|turn|20
|
|t:|1779650082
|move|p2a: BiggestBird|Hurricane|p1a: Kyurem
|-damage|p1a: Kyurem|9/100
|move|p1a: Kyurem|Icicle Spear|p2a: BiggestBird
|-supereffective|p2a: BiggestBird
|-damage|p2a: BiggestBird|48/100
|-enditem|p2a: BiggestBird|Sitrus Berry|[eat]
|-heal|p2a: BiggestBird|73/100|[from] item: Sitrus Berry
|-supereffective|p2a: BiggestBird
|-damage|p2a: BiggestBird|42/100
|-supereffective|p2a: BiggestBird
|-damage|p2a: BiggestBird|12/100
|-supereffective|p2a: BiggestBird
|-damage|p2a: BiggestBird|0 fnt
|faint|p2a: BiggestBird
|-hitcount|p2: BiggestBird|4
|
|upkeep
|
|t:|1779650090
|switch|p2a: Run yo pockets|Gholdengo|100/100
|turn|21
|
|t:|1779650102
|move|p2a: Run yo pockets|Shadow Ball|p1a: Kyurem
|-damage|p1a: Kyurem|0 fnt
|faint|p1a: Kyurem
|
|upkeep
|c|☆phap'a|No kyurem? no problem
|
|t:|1779650114
|switch|p1a: Iron Moth|Iron Moth|100/100
|-enditem|p1a: Iron Moth|Booster Energy
|-activate|p1a: Iron Moth|ability: Quark Drive|[fromitem]
|-start|p1a: Iron Moth|quarkdrivespa
|turn|22
|
|t:|1779650118
|move|p2a: Run yo pockets|Shadow Ball|p1a: Iron Moth
|-damage|p1a: Iron Moth|58/100
|move|p1a: Iron Moth|Fiery Dance|p2a: Run yo pockets
|-supereffective|p2a: Run yo pockets
|-crit|p2a: Run yo pockets
|-damage|p2a: Run yo pockets|0 fnt
|faint|p2a: Run yo pockets
|
|win|phap'a
|raw|phap&apos;a's rating: 1157 &rarr; <strong>1182</strong><br />(+25 for winning)
|raw|EverMaster21's rating: 1153 &rarr; <strong>1128</strong><br />(-25 for losing)
|l|☆EverMaster21
|player|p2|
|c|☆phap'a|GGWP
