|j|☆Team10thPlanet
|j|☆icetray28
|t:|1779558316
|gametype|singles
|player|p1|Team10thPlanet|veteran|1464
|player|p2|icetray28|266|1414
|gen|9
|tier|[Gen 9] OU
|rated|
|rule|HP Percentage Mod: HP is shown in percentages
|rule|Endless Battle Clause: Forcing endless battles is banned
|rule|Species Clause: Limit one of each Pokémon
|rule|OHKO Clause: OHKO moves are banned
|rule|Evasion Items Clause: Evasion items are banned
|rule|Evasion Moves Clause: Evasion moves are banned
|rule|Evasion Abilities Clause: Evasion abilities are banned
|rule|Sleep Moves Clause: Sleep-inducing moves are banned
|clearpoke
|poke|p1|Zamazenta-*|
|poke|p1|Dragonite, M|
|poke|p1|Araquanid, M|
|poke|p1|Iron Treads|
|poke|p1|Raikou|
|poke|p1|Enamorus, F|
|poke|p2|Iron Hands|
|poke|p2|Glimmora, M|
|poke|p2|Landorus-Therian, M|
|poke|p2|Dragapult, M|
|poke|p2|Primarina, F|
|poke|p2|Kingambit, F|
|teampreview
|inactive|Battle timer is ON: inactive players will automatically lose when time's up. (requested by icetray28)
|
|t:|1779558340
|teamsize|p1|6
|teamsize|p2|6
|start
|switch|p1a: Diego ⚡️|Raikou|100/100
|switch|p2a: Iron Hands|Iron Hands|100/100
|-ability|p1a: Diego ⚡️|Pressure
|-enditem|p2a: Iron Hands|Booster Energy
|-activate|p2a: Iron Hands|ability: Quark Drive|[fromitem]
|-start|p2a: Iron Hands|quarkdriveatk
|turn|1
|
|t:|1779558353
|move|p1a: Diego ⚡️|Scald|p2a: Iron Hands
|-damage|p2a: Iron Hands|71/100
|-status|p2a: Iron Hands|brn
|move|p2a: Iron Hands|Earthquake|p1a: Diego ⚡️
|-supereffective|p1a: Diego ⚡️
|-damage|p1a: Diego ⚡️|28/100
|
|-damage|p2a: Iron Hands|65/100 brn|[from] brn
|upkeep
|turn|2
|
|t:|1779558370
|switch|p1a: Johnny Tsunami 🌊|Araquanid, M|100/100
|move|p2a: Iron Hands|Ice Punch|p1a: Johnny Tsunami 🌊
|-resisted|p1a: Johnny Tsunami 🌊
|-damage|p1a: Johnny Tsunami 🌊|90/100
|
|-damage|p2a: Iron Hands|59/100 brn|[from] brn
|upkeep
|turn|3
|
|t:|1779558381
|move|p2a: Iron Hands|Supercell Slam|p1a: Johnny Tsunami 🌊
|-supereffective|p1a: Johnny Tsunami 🌊
|-damage|p1a: Johnny Tsunami 🌊|6/100
|move|p1a: Johnny Tsunami 🌊|Sticky Web|p2a: Iron Hands
|-sidestart|p2: icetray28|move: Sticky Web
|
|-damage|p2a: Iron Hands|53/100 brn|[from] brn
|upkeep
|turn|4
|-enditem|p1a: Johnny Tsunami 🌊|Custap Berry|[eat]
|-activate|p1a: Johnny Tsunami 🌊|item: Custap Berry|[consumed]
|
|t:|1779558392
|move|p1a: Johnny Tsunami 🌊|Endeavor|p2a: Iron Hands
|-damage|p2a: Iron Hands|5/100 brn
|move|p2a: Iron Hands|Earthquake|p1a: Johnny Tsunami 🌊
|-resisted|p1a: Johnny Tsunami 🌊
|-damage|p1a: Johnny Tsunami 🌊|0 fnt
|faint|p1a: Johnny Tsunami 🌊
|
|-damage|p2a: Iron Hands|0 fnt|[from] brn
|faint|p2a: Iron Hands
|-end|p2a: Iron Hands|Quark Drive|[silent]
|upkeep
|inactive|Team10thPlanet has 120 seconds left.
|
|t:|1779558417
|switch|p2a: Landorus|Landorus-Therian, M|100/100
|switch|p1a: Diego ⚡️|Raikou|28/100
|-ability|p1a: Diego ⚡️|Pressure
|-ability|p2a: Landorus|Intimidate|boost
|-unboost|p1a: Diego ⚡️|atk|1
|turn|5
|
|t:|1779558425
|move|p1a: Diego ⚡️|Scald|p2a: Landorus
|-supereffective|p2a: Landorus
|-damage|p2a: Landorus|19/100
|move|p2a: Landorus|Earth Power|p1a: Diego ⚡️
|-supereffective|p1a: Diego ⚡️
|-damage|p1a: Diego ⚡️|0 fnt
|faint|p1a: Diego ⚡️
|
|upkeep
|inactive|Team10thPlanet has 120 seconds left.
|
|t:|1779558457
|switch|p1a: Enamorus|Enamorus, F|100/100
|turn|6
|
|t:|1779558465
|move|p1a: Enamorus|Mystical Fire|p2a: Landorus
|-damage|p2a: Landorus|0 fnt
|faint|p2a: Landorus
|
|upkeep
|
|t:|1779558472
|switch|p2a: Primarina|Primarina, F|100/100
|-activate|p2a: Primarina|move: Sticky Web
|-unboost|p2a: Primarina|spe|1
|turn|7
|
|t:|1779558487
|move|p1a: Enamorus|Mystical Fire|p2a: Primarina
|-resisted|p2a: Primarina
|-damage|p2a: Primarina|93/100
|-unboost|p2a: Primarina|spa|1
|move|p2a: Primarina|Psychic Noise|p1a: Enamorus
|-damage|p1a: Enamorus|64/100
|-start|p1a: Enamorus|move: Heal Block
|
|upkeep
|turn|8
|
|t:|1779558511
|switch|p1a: Fat Boy|Dragonite, M, shiny|100/100
|move|p2a: Primarina|Flip Turn|p1a: Fat Boy
|-resisted|p1a: Fat Boy
|-damage|p1a: Fat Boy|97/100
|
|t:|1779558515
|switch|p2a: Glimmora|Glimmora, M|100/100|[from] Flip Turn
|-activate|p2a: Glimmora|move: Sticky Web
|-unboost|p2a: Glimmora|spe|1
|
|upkeep
|turn|9
|
|t:|1779558523
|switch|p1a: Iron Treads|Iron Treads|100/100
|-enditem|p1a: Iron Treads|Booster Energy
|-activate|p1a: Iron Treads|ability: Quark Drive|[fromitem]
|-start|p1a: Iron Treads|quarkdrivespe
|move|p2a: Glimmora|Mortal Spin|p1a: Iron Treads
|-immune|p1a: Iron Treads
|
|upkeep
|turn|10
|
|t:|1779558532
|switch|p2a: Primarina|Primarina, F|93/100
|-activate|p2a: Primarina|move: Sticky Web
|-unboost|p2a: Primarina|spe|1
|move|p1a: Iron Treads|Earthquake|p2a: Primarina
|-damage|p2a: Primarina|43/100
|
|upkeep
|turn|11
|
|t:|1779558540
|move|p1a: Iron Treads|Earthquake|p2a: Primarina
|-damage|p2a: Primarina|0 fnt
|faint|p2a: Primarina
|
|upkeep
|
|t:|1779558548
|switch|p2a: Dragapult|Dragapult, M|100/100
|-activate|p2a: Dragapult|move: Sticky Web
|-fail|p2a: Dragapult|unboost|[from] ability: Clear Body|[of] p2a: Dragapult
|turn|12
|
|t:|1779558555
|move|p1a: Iron Treads|Knock Off|p2a: Dragapult
|-supereffective|p2a: Dragapult
|-damage|p2a: Dragapult|19/100
|-enditem|p2a: Dragapult|Choice Band|[from] move: Knock Off|[of] p1a: Iron Treads
|move|p2a: Dragapult|Phantom Force||[still]
|-prepare|p2a: Dragapult|Phantom Force
|
|upkeep
|turn|13
|
|t:|1779558569
|move|p1a: Iron Treads|Knock Off|p2a: Dragapult|[miss]
|-miss|p1a: Iron Treads|p2a: Dragapult
|move|p2a: Dragapult|Phantom Force|p1a: Iron Treads|[from] lockedmove
|-damage|p1a: Iron Treads|60/100
|
|upkeep
|turn|14
|
|t:|1779558580
|move|p1a: Iron Treads|Knock Off|p2a: Dragapult
|-supereffective|p2a: Dragapult
|-damage|p2a: Dragapult|0 fnt
|faint|p2a: Dragapult
|
|upkeep
|
|t:|1779558582
|switch|p2a: Glimmora|Glimmora, M|100/100
|-activate|p2a: Glimmora|move: Sticky Web
|-unboost|p2a: Glimmora|spe|1
|turn|15
|inactive|Team10thPlanet has 120 seconds left.
|
|t:|1779558630
|-terastallize|p2a: Glimmora|Fairy
|move|p1a: Iron Treads|Earthquake|p2a: Glimmora
|-damage|p2a: Glimmora|47/100
|-activate|p2a: Glimmora|ability: Toxic Debris
|-sidestart|p1: Team10thPlanet|move: Toxic Spikes
|move|p2a: Glimmora|Earth Power|p1a: Iron Treads
|-supereffective|p1a: Iron Treads
|-damage|p1a: Iron Treads|0 fnt
|faint|p1a: Iron Treads
|-end|p1a: Iron Treads|Quark Drive|[silent]
|
|upkeep
|inactive|Team10thPlanet has 90 seconds left.
|
|t:|1779558653
|switch|p1a: Enamorus|Enamorus, F|64/100
|turn|16
|
|t:|1779558666
|-terastallize|p1a: Enamorus|Fairy
|move|p1a: Enamorus|Moonblast|p2a: Glimmora
|-damage|p2a: Glimmora|0 fnt
|faint|p2a: Glimmora
|
|upkeep
|
|t:|1779558670
|switch|p2a: Kingambit|Kingambit, F|100/100
|-activate|p2a: Kingambit|move: Sticky Web
|-unboost|p2a: Kingambit|spe|1
|-activate|p2a: Kingambit|ability: Supreme Overlord
|-start|p2a: Kingambit|fallen5|[silent]
|turn|17
|inactive|Team10thPlanet has 90 seconds left.
|
|t:|1779558678
|move|p1a: Enamorus|Moonblast|p2a: Kingambit
|-damage|p2a: Kingambit|30/100
|move|p2a: Kingambit|Iron Head|p1a: Enamorus
|-supereffective|p1a: Enamorus
|-damage|p1a: Enamorus|0 fnt
|faint|p1a: Enamorus
|
|-heal|p2a: Kingambit|36/100|[from] item: Leftovers
|upkeep
|inactive|Team10thPlanet has 90 seconds left.
|
|t:|1779558688
|switch|p1a: Fat Boy|Dragonite, M, shiny|97/100
|turn|18
|
|t:|1779558694
|move|p1a: Fat Boy|Earthquake|p2a: Kingambit
|-supereffective|p2a: Kingambit
|-damage|p2a: Kingambit|0 fnt
|faint|p2a: Kingambit
|-end|p2a: Kingambit|fallen5|[silent]
|
|win|Team10thPlanet
|raw|Team10thPlanet's rating: 1464 &rarr; <strong>1481</strong><br />(+17 for winning)
|raw|icetray28's rating: 1414 &rarr; <strong>1397</strong><br />(-17 for losing)
|l|☆icetray28
|player|p2|
|l|☆Team10thPlanet
|player|p1|
