|j|☆ohiottoman
|j|☆Corphish#1Fan
|t:|1779724965
|gametype|singles
|player|p1|ohiottoman|265|1055
|player|p2|Corphish#1Fan|cynthia-gen4|1083
|gen|9
|tier|[Gen 9] OU
|rated|
|rule|HP Percentage Mod: HP is shown in percentages
|rule|Endless Battle Clause: Forcing endless battles is banned
|rule|Species Clause: Limit one of each Pokémon
|rule|OHKO Clause: OHKO moves are banned
|rule|Evasion Items Clause: Evasion items are banned
|rule|Evasion Moves Clause: Evasion moves are banned
|rule|Evasion Abilities Clause: Evasion abilities are banned
|rule|Sleep Moves Clause: Sleep-inducing moves are banned
|clearpoke
|poke|p1|Zapdos|
|poke|p1|Ribombee, M|
|poke|p1|Mabosstiff, M|
|poke|p1|Great Tusk|
|poke|p1|Iron Crown|
|poke|p1|Ogerpon-Wellspring, F|
|poke|p2|Pelipper, M|
|poke|p2|Basculegion-F, F|
|poke|p2|Raging Bolt|
|poke|p2|Corphish, F|
|poke|p2|Iron Treads|
|poke|p2|Tatsugiri, F|
|teampreview
|
|t:|1779724977
|teamsize|p1|6
|teamsize|p2|6
|start
|switch|p1a: Zapdos|Zapdos|100/100
|switch|p2a: Pelipper|Pelipper, M|100/100
|-weather|RainDance|[from] ability: Drizzle|[of] p2a: Pelipper
|turn|1
|
|t:|1779724997
|switch|p2a: Raging Bolt|Raging Bolt|100/100
|-enditem|p2a: Raging Bolt|Booster Energy
|-activate|p2a: Raging Bolt|ability: Protosynthesis|[fromitem]
|-start|p2a: Raging Bolt|protosynthesisspa
|move|p1a: Zapdos|U-turn|p2a: Raging Bolt
|-damage|p2a: Raging Bolt|88/100
|j| axknwslittl
|l| axknwslittl
|j| brodiewhat
|
|t:|1779725002
|switch|p1a: Great Tusk|Great Tusk|100/100|[from] U-turn
|-enditem|p1a: Great Tusk|Booster Energy
|-activate|p1a: Great Tusk|ability: Protosynthesis|[fromitem]
|-start|p1a: Great Tusk|protosynthesisatk
|
|-weather|RainDance|[upkeep]
|upkeep
|turn|2
|j| t44 (the one)
|
|t:|1779725012
|-terastallize|p2a: Raging Bolt|Fairy
|move|p1a: Great Tusk|Knock Off|p2a: Raging Bolt
|-resisted|p2a: Raging Bolt
|-damage|p2a: Raging Bolt|74/100
|move|p2a: Raging Bolt|Dragon Pulse|p1a: Great Tusk
|-damage|p1a: Great Tusk|2/100
|
|-weather|RainDance|[upkeep]
|upkeep
|turn|3
|
|t:|1779725019
|move|p1a: Great Tusk|Headlong Rush|p2a: Raging Bolt
|-damage|p2a: Raging Bolt|0 fnt
|-unboost|p1a: Great Tusk|def|1
|-unboost|p1a: Great Tusk|spd|1
|faint|p2a: Raging Bolt
|-end|p2a: Raging Bolt|Protosynthesis|[silent]
|
|-weather|RainDance|[upkeep]
|upkeep
|
|t:|1779725029
|switch|p2a: Basculegion|Basculegion-F, F|100/100
|turn|4
|
|t:|1779725032
|-end|p1a: Great Tusk|Protosynthesis|[silent]
|switch|p1a: Ogerpon|Ogerpon-Wellspring, F|100/100
|move|p2a: Basculegion|Shadow Ball|p1a: Ogerpon
|-damage|p1a: Ogerpon|30/100
|
|-weather|RainDance|[upkeep]
|upkeep
|turn|5
|
|t:|1779725037
|switch|p1a: Mabosstiff|Mabosstiff, M|100/100
|move|p2a: Basculegion|Shadow Ball|p1a: Mabosstiff
|-resisted|p1a: Mabosstiff
|-damage|p1a: Mabosstiff|56/100
|
|-weather|RainDance|[upkeep]
|upkeep
|turn|6
|c|☆ohiottoman|yo swap gang
|
|t:|1779725044
|switch|p2a: Iron Treads|Iron Treads|100/100
|-enditem|p2a: Iron Treads|Booster Energy
|-activate|p2a: Iron Treads|ability: Quark Drive|[fromitem]
|-start|p2a: Iron Treads|quarkdrivespe
|move|p1a: Mabosstiff|Crunch|p2a: Iron Treads
|-damage|p2a: Iron Treads|2/100
|
|-weather|RainDance|[upkeep]
|upkeep
|turn|7
|c|☆ohiottoman|WE GOT THE CLIP CHAT
|
|t:|1779725055
|switch|p1a: Zapdos|Zapdos|100/100
|move|p2a: Iron Treads|Stealth Rock|p1a: Zapdos
|-sidestart|p1: ohiottoman|move: Stealth Rock
|
|-weather|RainDance|[upkeep]
|upkeep
|turn|8
|
|t:|1779725059
|move|p2a: Iron Treads|Ice Spinner|p1a: Zapdos
|-supereffective|p1a: Zapdos
|-damage|p1a: Zapdos|37/100
|-status|p2a: Iron Treads|par|[from] ability: Static|[of] p1a: Zapdos
|move|p1a: Zapdos|U-turn|p2a: Iron Treads
|-resisted|p2a: Iron Treads
|-crit|p2a: Iron Treads
|-damage|p2a: Iron Treads|0 fnt
|faint|p2a: Iron Treads
|-end|p2a: Iron Treads|Quark Drive|[silent]
|
|t:|1779725064
|switch|p1a: Iron Crown|Iron Crown|100/100|[from] U-turn
|-damage|p1a: Iron Crown|94/100|[from] Stealth Rock
|
|-weather|none
|upkeep
|
|t:|1779725069
|switch|p2a: Pelipper|Pelipper, M|100/100
|-weather|RainDance|[from] ability: Drizzle|[of] p2a: Pelipper
|turn|9
|
|t:|1779725086
|switch|p2a: Tatsugiri|Tatsugiri, F|100/100
|move|p1a: Iron Crown|Volt Switch|p2a: Tatsugiri
|-damage|p2a: Tatsugiri|54/100
|
|t:|1779725094
|-end|p1a: Iron Crown|Quark Drive|[silent]
|switch|p1a: Ogerpon|Ogerpon-Wellspring, F|30/100|[from] Volt Switch
|-damage|p1a: Ogerpon|18/100|[from] Stealth Rock
|
|-weather|RainDance|[upkeep]
|upkeep
|turn|10
|
|t:|1779725098
|move|p2a: Tatsugiri|Draco Meteor|p1a: Ogerpon
|-damage|p1a: Ogerpon|0 fnt
|-unboost|p2a: Tatsugiri|spa|2
|faint|p1a: Ogerpon
|
|-weather|RainDance|[upkeep]
|upkeep
|
|t:|1779725103
|switch|p1a: Iron Crown|Iron Crown|94/100
|-damage|p1a: Iron Crown|88/100|[from] Stealth Rock
|turn|11
|
|t:|1779725108
|switch|p2a: Basculegion|Basculegion-F, F|100/100
|move|p1a: Iron Crown|Psyshock|p2a: Basculegion
|-damage|p2a: Basculegion|27/100
|
|-weather|RainDance|[upkeep]
|upkeep
|turn|12
|
|t:|1779725114
|-end|p1a: Iron Crown|Quark Drive|[silent]
|switch|p1a: Great Tusk|Great Tusk|2/100
|-damage|p1a: Great Tusk|0 fnt|[from] Stealth Rock
|faint|p1a: Great Tusk
|-end|p1a: Great Tusk|Protosynthesis|[silent]
|move|p2a: Basculegion|Surf|p1: Great Tusk|[notarget]
|-fail|p2a: Basculegion
|
|-weather|RainDance|[upkeep]
|upkeep
|
|t:|1779725126
|switch|p1a: Iron Crown|Iron Crown|88/100
|-damage|p1a: Iron Crown|82/100|[from] Stealth Rock
|turn|13
|
|t:|1779725130
|move|p2a: Basculegion|Surf|p1a: Iron Crown
|-damage|p1a: Iron Crown|0 fnt
|faint|p1a: Iron Crown
|-end|p1a: Iron Crown|Quark Drive|[silent]
|
|-weather|RainDance|[upkeep]
|upkeep
|
|t:|1779725135
|switch|p1a: Zapdos|Zapdos|37/100
|turn|14
|
|t:|1779725138
|move|p2a: Basculegion|Surf|p1a: Zapdos
|-damage|p1a: Zapdos|0 fnt
|faint|p1a: Zapdos
|
|-weather|RainDance|[upkeep]
|upkeep
|
|t:|1779725140
|switch|p1a: Ribombee|Ribombee, M|100/100
|-damage|p1a: Ribombee|76/100|[from] Stealth Rock
|turn|15
|
|t:|1779725144
|move|p2a: Basculegion|Surf|p1a: Ribombee
|-damage|p1a: Ribombee|0 fnt
|faint|p1a: Ribombee
|
|-weather|RainDance|[upkeep]
|upkeep
|
|t:|1779725146
|switch|p1a: Mabosstiff|Mabosstiff, M|56/100
|-damage|p1a: Mabosstiff|43/100|[from] Stealth Rock
|turn|16
|l| t44 (the one)
|
|t:|1779725151
|move|p2a: Basculegion|Surf|p1a: Mabosstiff
|-damage|p1a: Mabosstiff|0 fnt
|faint|p1a: Mabosstiff
|
|win|Corphish#1Fan
|raw|ohiottoman's rating: 1055 &rarr; <strong>1038</strong><br />(-17 for losing)
|raw|Corphish#1Fan's rating: 1083 &rarr; <strong>1108</strong><br />(+25 for winning)
|l|☆Corphish#1Fan
|player|p2|
|l|☆ohiottoman
|player|p1|
|j| t44 (the one)
