|j|☆pokemonguy94
|j|☆aria4games
|t:|1779613297
|gametype|singles
|player|p1|pokemonguy94|cynthia|1483
|player|p2|aria4games|baker|1401
|gen|9
|tier|[Gen 9] OU
|rated|
|rule|HP Percentage Mod: HP is shown in percentages
|rule|Endless Battle Clause: Forcing endless battles is banned
|rule|Species Clause: Limit one of each Pokémon
|rule|OHKO Clause: OHKO moves are banned
|rule|Evasion Items Clause: Evasion items are banned
|rule|Evasion Moves Clause: Evasion moves are banned
|rule|Evasion Abilities Clause: Evasion abilities are banned
|rule|Sleep Moves Clause: Sleep-inducing moves are banned
|clearpoke
|poke|p1|Grimmsnarl, M|
|poke|p1|Great Tusk|
|poke|p1|Latias, F|
|poke|p1|Iron Valiant|
|poke|p1|Raging Bolt|
|poke|p1|Garchomp, M|
|poke|p2|Cinderace, M|
|poke|p2|Reuniclus, F|
|poke|p2|Kyurem|
|poke|p2|Raging Bolt|
|poke|p2|Darkrai|
|poke|p2|Keldeo-Resolute|
|teampreview
|inactive|Battle timer is ON: inactive players will automatically lose when time's up. (requested by pokemonguy94)
|
|t:|1779613307
|teamsize|p1|6
|teamsize|p2|6
|start
|switch|p1a: Grimmsnarl|Grimmsnarl, M|100/100
|switch|p2a: lil trooper|Keldeo-Resolute|100/100
|turn|1
|
|t:|1779613314
|move|p1a: Grimmsnarl|Reflect|p1a: Grimmsnarl
|-sidestart|p1: pokemonguy94|Reflect
|move|p2a: lil trooper|Flip Turn|p1a: Grimmsnarl
|-damage|p1a: Grimmsnarl|92/100
|
|t:|1779613317
|switch|p2a: '06 wayne rooney|Cinderace, M|100/100|[from] Flip Turn
|
|upkeep
|turn|2
|
|t:|1779613320
|move|p1a: Grimmsnarl|Taunt|p2a: '06 wayne rooney
|-start|p2a: '06 wayne rooney|move: Taunt
|cant|p2a: '06 wayne rooney|move: Taunt|Court Change
|
|upkeep
|turn|3
|
|t:|1779613325
|move|p1a: Grimmsnarl|Parting Shot|p2a: '06 wayne rooney
|-unboost|p2a: '06 wayne rooney|atk|1
|-unboost|p2a: '06 wayne rooney|spa|1
|
|t:|1779613328
|switch|p1a: Latias|Latias, F|100/100|[from] Parting Shot
|move|p2a: '06 wayne rooney|Pyro Ball|p1a: Latias
|-resisted|p1a: Latias
|-damage|p1a: Latias|92/100
|
|upkeep
|turn|4
|
|t:|1779613335
|move|p2a: '06 wayne rooney|U-turn|p1a: Latias
|-start|p2a: '06 wayne rooney|typechange|Bug|[from] ability: Libero
|-supereffective|p1a: Latias
|-damage|p1a: Latias|74/100
|-enditem|p1a: Latias|Weakness Policy
|-boost|p1a: Latias|atk|2|[from] item: Weakness Policy
|-boost|p1a: Latias|spa|2|[from] item: Weakness Policy
|
|t:|1779613341
|switch|p2a: NU's finest|Reuniclus, F, shiny|100/100|[from] U-turn
|move|p1a: Latias|Agility|p1a: Latias
|-boost|p1a: Latias|spe|2
|
|upkeep
|turn|5
|
|t:|1779613347
|move|p1a: Latias|Calm Mind|p1a: Latias
|-boost|p1a: Latias|spa|1
|-boost|p1a: Latias|spd|1
|move|p2a: NU's finest|Thunder Wave|p1a: Latias
|-status|p1a: Latias|par
|
|upkeep
|turn|6
|
|t:|1779613356
|move|p1a: Latias|Agility|p1a: Latias
|-boost|p1a: Latias|spe|2
|move|p2a: NU's finest|Future Sight|p1a: Latias
|-start|p2a: NU's finest|move: Future Sight
|
|upkeep
|turn|7
|
|t:|1779613361
|switch|p2a: freddie gibbs|Darkrai|100/100
|move|p1a: Latias|Calm Mind|p1a: Latias
|-boost|p1a: Latias|spa|1
|-boost|p1a: Latias|spd|1
|
|upkeep
|turn|8
|
|t:|1779613369
|-terastallize|p1a: Latias|Fairy
|cant|p1a: Latias|par
|move|p2a: freddie gibbs|Dark Pulse|p1a: Latias
|-resisted|p1a: Latias
|-damage|p1a: Latias|59/100 par
|
|-end|p1a: Latias|move: Future Sight
|-damage|p1a: Latias|37/100 par
|-sideend|p1: pokemonguy94|Reflect
|upkeep
|turn|9
|
|t:|1779613377
|switch|p2a: NU's finest|Reuniclus, F, shiny|100/100
|move|p1a: Latias|Draining Kiss|p2a: NU's finest
|-damage|p2a: NU's finest|32/100
|-heal|p1a: Latias|100/100 par|[from] drain|[of] p2a: NU's finest
|-damage|p1a: Latias|84/100 par|[from] item: Rocky Helmet|[of] p2a: NU's finest
|
|upkeep
|turn|10
|
|t:|1779613385
|move|p1a: Latias|Stored Power|p2a: NU's finest
|-resisted|p2a: NU's finest
|-damage|p2a: NU's finest|0 fnt
|faint|p2a: NU's finest
|
|upkeep
|
|t:|1779613387
|switch|p2a: freddie gibbs|Darkrai|100/100
|turn|11
|
|t:|1779613392
|-terastallize|p2a: freddie gibbs|Poison
|move|p1a: Latias|Draining Kiss|p2a: freddie gibbs
|-resisted|p2a: freddie gibbs
|-damage|p2a: freddie gibbs|54/100
|-heal|p1a: Latias|100/100 par|[from] drain|[of] p2a: freddie gibbs
|move|p2a: freddie gibbs|Sludge Bomb|p1a: Latias
|-supereffective|p1a: Latias
|-damage|p1a: Latias|40/100 par
|
|upkeep
|turn|12
|
|t:|1779613401
|move|p1a: Latias|Stored Power|p2a: freddie gibbs
|-supereffective|p2a: freddie gibbs
|-damage|p2a: freddie gibbs|0 fnt
|faint|p2a: freddie gibbs
|
|upkeep
|
|t:|1779613404
|switch|p2a: super mario|Kyurem, shiny|100/100
|-ability|p2a: super mario|Pressure
|turn|13
|
|t:|1779613408
|cant|p1a: Latias|par
|move|p2a: super mario|Freeze-Dry|p1a: Latias
|-damage|p1a: Latias|26/100 par
|
|upkeep
|turn|14
|
|t:|1779613414
|move|p1a: Latias|Draining Kiss|p2a: super mario
|-supereffective|p2a: super mario
|-damage|p2a: super mario|32/100
|-heal|p1a: Latias|100/100 par|[from] drain|[of] p2a: super mario
|move|p2a: super mario|Freeze-Dry|p1a: Latias
|-damage|p1a: Latias|86/100 par
|
|upkeep
|turn|15
|
|t:|1779613421
|move|p1a: Latias|Draining Kiss|p2a: super mario
|-supereffective|p2a: super mario
|-damage|p2a: super mario|0 fnt
|-heal|p1a: Latias|100/100 par|[from] drain|[of] p2a: super mario
|faint|p2a: super mario
|
|upkeep
|inactive|aria4games has 120 seconds left.
|
|t:|1779613480
|switch|p2a: '06 wayne rooney|Cinderace, M|100/100
|turn|16
|
|t:|1779613483
|move|p1a: Latias|Stored Power|p2a: '06 wayne rooney
|-damage|p2a: '06 wayne rooney|0 fnt
|faint|p2a: '06 wayne rooney
|
|upkeep
|
|t:|1779613491
|switch|p2a: lil trooper|Keldeo-Resolute|100/100
|turn|17
|c|☆pokemonguy94|thunder wave belongs in 2005 leave it there
|
|t:|1779613500
|move|p2a: lil trooper|Secret Sword|p1a: Latias
|-resisted|p1a: Latias
|-damage|p1a: Latias|78/100 par
|move|p1a: Latias|Draining Kiss|p2a: lil trooper
|-supereffective|p2a: lil trooper
|-damage|p2a: lil trooper|0 fnt
|-heal|p1a: Latias|100/100 par|[from] drain|[of] p2a: lil trooper
|faint|p2a: lil trooper
|
|upkeep
|inactive|aria4games has 120 seconds left.
|c|☆aria4games|🤓
|
|t:|1779613527
|switch|p2a: raging goat|Raging Bolt|100/100
|-enditem|p2a: raging goat|Booster Energy
|-activate|p2a: raging goat|ability: Protosynthesis|[fromitem]
|-start|p2a: raging goat|protosynthesisspa
|turn|18
|
|t:|1779613531
|cant|p1a: Latias|par
|move|p2a: raging goat|Thunderbolt|p1a: Latias
|-damage|p1a: Latias|71/100 par
|
|upkeep
|turn|19
|
|t:|1779613536
|move|p1a: Latias|Draining Kiss|p2a: raging goat
|-supereffective|p2a: raging goat
|-damage|p2a: raging goat|0 fnt
|-heal|p1a: Latias|100/100 par|[from] drain|[of] p2a: raging goat
|faint|p2a: raging goat
|-end|p2a: raging goat|Protosynthesis|[silent]
|
|win|pokemonguy94
|raw|pokemonguy94's rating: 1483 &rarr; <strong>1498</strong><br />(+15 for winning)
|raw|aria4games's rating: 1401 &rarr; <strong>1386</strong><br />(-15 for losing)
|l|☆aria4games
|player|p2|
