|j|☆Ramolum
|j|☆mayormccheese78
|t:|1779713900
|gametype|singles
|player|p1|Ramolum|101|1176
|player|p2|mayormccheese78|265|1229
|gen|9
|tier|[Gen 9] OU
|rated|
|rule|HP Percentage Mod: HP is shown in percentages
|rule|Endless Battle Clause: Forcing endless battles is banned
|rule|Species Clause: Limit one of each Pokémon
|rule|OHKO Clause: OHKO moves are banned
|rule|Evasion Items Clause: Evasion items are banned
|rule|Evasion Moves Clause: Evasion moves are banned
|rule|Evasion Abilities Clause: Evasion abilities are banned
|rule|Sleep Moves Clause: Sleep-inducing moves are banned
|clearpoke
|poke|p1|Dragapult, F|
|poke|p1|Gyarados, F|
|poke|p1|Tyranitar, F|
|poke|p1|Frosmoth, M|
|poke|p1|Lilligant, F|
|poke|p1|Oricorio, M|
|poke|p2|Kyurem|
|poke|p2|Kingambit, M|
|poke|p2|Slowking-Galar, F|
|poke|p2|Great Tusk|
|poke|p2|Heatran, M|
|poke|p2|Ting-Lu|
|teampreview
|inactive|Battle timer is ON: inactive players will automatically lose when time's up. (requested by Ramolum)
|inactive|mayormccheese78 also wants the timer to be on.
|
|t:|1779713918
|teamsize|p1|6
|teamsize|p2|6
|start
|switch|p1a: Tyranitar|Tyranitar, F|100/100
|switch|p2a: Heatran|Heatran, M|100/100
|-weather|Sandstorm|[from] ability: Sand Stream|[of] p1a: Tyranitar
|turn|1
|
|t:|1779713924
|move|p1a: Tyranitar|Dragon Dance|p1a: Tyranitar
|-boost|p1a: Tyranitar|atk|1
|-boost|p1a: Tyranitar|spe|1
|move|p2a: Heatran|Earth Power|p1a: Tyranitar
|-supereffective|p1a: Tyranitar
|-crit|p1a: Tyranitar
|-damage|p1a: Tyranitar|44/100
|
|-weather|Sandstorm|[upkeep]
|-heal|p1a: Tyranitar|50/100|[from] item: Leftovers
|upkeep
|turn|2
|
|t:|1779713933
|-terastallize|p2a: Heatran|Flying
|move|p1a: Tyranitar|Brick Break|p2a: Heatran
|-resisted|p2a: Heatran
|-damage|p2a: Heatran|83/100
|move|p2a: Heatran|Will-O-Wisp|p1a: Tyranitar
|-status|p1a: Tyranitar|brn
|
|-weather|Sandstorm|[upkeep]
|-damage|p2a: Heatran|76/100|[from] Sandstorm
|-heal|p1a: Tyranitar|57/100 brn|[from] item: Leftovers
|-heal|p2a: Heatran|83/100|[from] item: Leftovers
|-damage|p1a: Tyranitar|50/100 brn|[from] brn
|upkeep
|turn|3
|
|t:|1779713945
|move|p1a: Tyranitar|Rock Slide|p2a: Heatran
|-supereffective|p2a: Heatran
|-damage|p2a: Heatran|26/100
|move|p2a: Heatran|Earth Power|p1a: Tyranitar
|-supereffective|p1a: Tyranitar
|-damage|p1a: Tyranitar|12/100 brn
|
|-weather|Sandstorm|[upkeep]
|-damage|p2a: Heatran|20/100|[from] Sandstorm
|-heal|p1a: Tyranitar|19/100 brn|[from] item: Leftovers
|-heal|p2a: Heatran|26/100|[from] item: Leftovers
|-damage|p1a: Tyranitar|12/100 brn|[from] brn
|upkeep
|turn|4
|
|t:|1779713957
|switch|p2a: Poop Stripe|Great Tusk, shiny|100/100
|move|p1a: Tyranitar|Rock Slide|p2a: Poop Stripe
|-resisted|p2a: Poop Stripe
|-damage|p2a: Poop Stripe|97/100
|
|-weather|Sandstorm|[upkeep]
|-heal|p1a: Tyranitar|19/100 brn|[from] item: Leftovers
|-damage|p1a: Tyranitar|12/100 brn|[from] brn
|upkeep
|turn|5
|
|t:|1779713967
|move|p1a: Tyranitar|Crunch|p2a: Poop Stripe
|-resisted|p2a: Poop Stripe
|-damage|p2a: Poop Stripe|89/100
|move|p2a: Poop Stripe|Headlong Rush|p1a: Tyranitar
|-supereffective|p1a: Tyranitar
|-damage|p1a: Tyranitar|0 fnt
|-unboost|p2a: Poop Stripe|def|1
|-unboost|p2a: Poop Stripe|spd|1
|faint|p1a: Tyranitar
|
|-weather|none
|upkeep
|
|t:|1779713976
|switch|p1a: Oricorio|Oricorio, M|100/100
|turn|6
|
|t:|1779713984
|move|p1a: Oricorio|Quiver Dance|p1a: Oricorio
|-boost|p1a: Oricorio|spa|1
|-boost|p1a: Oricorio|spd|1
|-boost|p1a: Oricorio|spe|1
|move|p2a: Poop Stripe|Rapid Spin|p1a: Oricorio
|-damage|p1a: Oricorio|84/100
|-boost|p2a: Poop Stripe|spe|1
|
|upkeep
|turn|7
|
|t:|1779713991
|move|p1a: Oricorio|Air Cutter|p2a: Poop Stripe|[miss]
|-miss|p1a: Oricorio|p2a: Poop Stripe
|move|p2a: Poop Stripe|Ice Spinner|p1a: Oricorio
|-damage|p1a: Oricorio|57/100
|
|upkeep
|turn|8
|
|t:|1779713997
|move|p1a: Oricorio|Air Cutter|p2a: Poop Stripe|[miss]
|-miss|p1a: Oricorio|p2a: Poop Stripe
|move|p2a: Poop Stripe|Knock Off|p1a: Oricorio
|-damage|p1a: Oricorio|26/100
|-enditem|p1a: Oricorio|Heavy-Duty Boots|[from] move: Knock Off|[of] p2a: Poop Stripe
|
|upkeep
|turn|9
|
|t:|1779714004
|move|p1a: Oricorio|Air Cutter|p2a: Poop Stripe
|-supereffective|p2a: Poop Stripe
|-damage|p2a: Poop Stripe|0 fnt
|faint|p2a: Poop Stripe
|-end|p2a: Poop Stripe|Protosynthesis|[silent]
|
|upkeep
|
|t:|1779714009
|switch|p2a: Slowking|Slowking-Galar, F|100/100
|turn|10
|
|t:|1779714015
|move|p1a: Oricorio|Revelation Dance|p2a: Slowking
|-damage|p2a: Slowking|53/100
|move|p2a: Slowking|Sludge Bomb|p1a: Oricorio
|-damage|p1a: Oricorio|0 fnt
|faint|p1a: Oricorio
|
|-heal|p2a: Slowking|59/100|[from] item: Leftovers
|upkeep
|
|t:|1779714024
|switch|p1a: Dragapult|Dragapult, F|100/100
|turn|11
|
|t:|1779714027
|switch|p2a: Kingambit|Kingambit, M, shiny|100/100
|-activate|p2a: Kingambit|ability: Supreme Overlord
|-start|p2a: Kingambit|fallen1|[silent]
|move|p1a: Dragapult|Dragon Dance|p1a: Dragapult
|-boost|p1a: Dragapult|atk|1
|-boost|p1a: Dragapult|spe|1
|
|upkeep
|turn|12
|
|t:|1779714039
|-terastallize|p1a: Dragapult|Steel
|move|p1a: Dragapult|Dragon Dance|p1a: Dragapult
|-boost|p1a: Dragapult|atk|1
|-boost|p1a: Dragapult|spe|1
|move|p2a: Kingambit|Kowtow Cleave|p1a: Dragapult
|-damage|p1a: Dragapult|35/100
|
|-heal|p1a: Dragapult|41/100|[from] item: Leftovers
|upkeep
|turn|13
|
|t:|1779714049
|move|p2a: Kingambit|Sucker Punch|p1a: Dragapult
|-damage|p1a: Dragapult|0 fnt
|faint|p1a: Dragapult
|
|upkeep
|
|t:|1779714057
|switch|p1a: Gyarados|Gyarados, F|100/100
|turn|14
|
|t:|1779714068
|-end|p2a: Kingambit|fallen1|[silent]
|switch|p2a: Kyurem|Kyurem|100/100
|-ability|p2a: Kyurem|Pressure
|move|p1a: Gyarados|Dragon Dance|p1a: Gyarados
|-boost|p1a: Gyarados|atk|1
|-boost|p1a: Gyarados|spe|1
|
|upkeep
|turn|15
|
|t:|1779714080
|move|p1a: Gyarados|Ice Fang|p2a: Kyurem
|-damage|p2a: Kyurem|54/100
|-damage|p1a: Gyarados|91/100|[from] item: Life Orb
|move|p2a: Kyurem|Freeze-Dry|p1a: Gyarados
|-supereffective|p1a: Gyarados
|-damage|p1a: Gyarados|0 fnt
|faint|p1a: Gyarados
|
|upkeep
|
|t:|1779714088
|switch|p1a: Frosmoth|Frosmoth, M|100/100
|turn|16
|
|t:|1779714101
|move|p2a: Kyurem|Ice Beam|p1a: Frosmoth
|-resisted|p1a: Frosmoth
|-damage|p1a: Frosmoth|69/100
|move|p1a: Frosmoth|Quiver Dance|p1a: Frosmoth
|-boost|p1a: Frosmoth|spa|1
|-boost|p1a: Frosmoth|spd|1
|-boost|p1a: Frosmoth|spe|1
|
|upkeep
|turn|17
|
|t:|1779714109
|switch|p2a: Slowking|Slowking-Galar, F|92/100
|move|p1a: Frosmoth|Quiver Dance|p1a: Frosmoth
|-boost|p1a: Frosmoth|spa|1
|-boost|p1a: Frosmoth|spd|1
|-boost|p1a: Frosmoth|spe|1
|
|-heal|p2a: Slowking|98/100|[from] item: Leftovers
|upkeep
|turn|18
|
|t:|1779714120
|move|p1a: Frosmoth|Bug Buzz|p2a: Slowking
|-damage|p2a: Slowking|28/100
|move|p2a: Slowking|Toxic|p1a: Frosmoth
|-status|p1a: Frosmoth|tox
|
|-heal|p2a: Slowking|35/100|[from] item: Leftovers
|-damage|p1a: Frosmoth|63/100 tox|[from] psn
|upkeep
|turn|19
|
|t:|1779714132
|move|p1a: Frosmoth|Bug Buzz|p2a: Slowking
|-damage|p2a: Slowking|0 fnt
|faint|p2a: Slowking
|
|-damage|p1a: Frosmoth|50/100 tox|[from] psn
|upkeep
|
|t:|1779714140
|switch|p2a: Ting-Lu|Ting-Lu|100/100
|-ability|p2a: Ting-Lu|Vessel of Ruin
|turn|20
|
|t:|1779714145
|move|p1a: Frosmoth|Ice Beam|p2a: Ting-Lu
|-supereffective|p2a: Ting-Lu
|-damage|p2a: Ting-Lu|23/100
|move|p2a: Ting-Lu|Ruination|p1a: Frosmoth
|-damage|p1a: Frosmoth|26/100 tox
|
|-heal|p2a: Ting-Lu|30/100|[from] item: Leftovers
|-damage|p1a: Frosmoth|8/100 tox|[from] psn
|upkeep
|turn|21
|
|t:|1779714154
|switch|p2a: Kyurem|Kyurem|54/100
|-ability|p2a: Kyurem|Pressure
|move|p1a: Frosmoth|Giga Drain|p2a: Kyurem
|-resisted|p2a: Kyurem
|-damage|p2a: Kyurem|32/100
|-heal|p1a: Frosmoth|23/100 tox|[from] drain|[of] p2a: Kyurem
|
|-damage|p1a: Frosmoth|0 fnt|[from] psn
|faint|p1a: Frosmoth
|upkeep
|
|t:|1779714163
|switch|p1a: Lilligant|Lilligant, F|100/100
|turn|22
|
|t:|1779714168
|move|p2a: Kyurem|Ice Beam|p1a: Lilligant
|-supereffective|p1a: Lilligant
|-damage|p1a: Lilligant|0 fnt
|faint|p1a: Lilligant
|
|win|mayormccheese78
|raw|Ramolum's rating: 1176 &rarr; <strong>1155</strong><br />(-21 for losing)
|raw|mayormccheese78's rating: 1229 &rarr; <strong>1250</strong><br />(+21 for winning)
|l|☆mayormccheese78
|player|p2|
|l|☆Ramolum
|player|p1|
