|j|☆kyroshero
|j|☆Nejuuu
|t:|1779631971
|gametype|singles
|player|p1|kyroshero|drayden|1170
|player|p2|Nejuuu|hugh|1152
|gen|9
|tier|[Gen 9] OU
|rated|
|rule|HP Percentage Mod: HP is shown in percentages
|rule|Endless Battle Clause: Forcing endless battles is banned
|rule|Species Clause: Limit one of each Pokémon
|rule|OHKO Clause: OHKO moves are banned
|rule|Evasion Items Clause: Evasion items are banned
|rule|Evasion Moves Clause: Evasion moves are banned
|rule|Evasion Abilities Clause: Evasion abilities are banned
|rule|Sleep Moves Clause: Sleep-inducing moves are banned
|clearpoke
|poke|p1|Dragonite, M|
|poke|p1|Regieleki|
|poke|p1|Weavile, F|
|poke|p1|Azumarill, F|
|poke|p1|Skeledirge, M|
|poke|p1|Muk-Alola, F|
|poke|p2|Glimmora, M|
|poke|p2|Great Tusk|
|poke|p2|Iron Valiant|
|poke|p2|Toxapex, M|
|poke|p2|Raging Bolt|
|poke|p2|Lokix, M|
|teampreview
|inactive|Battle timer is ON: inactive players will automatically lose when time's up. (requested by kyroshero)
|inactive|Nejuuu also wants the timer to be on.
|
|t:|1779631977
|teamsize|p1|6
|teamsize|p2|6
|start
|switch|p1a: Muk|Muk-Alola, F|100/100
|switch|p2a: Glimmora|Glimmora, M|100/100
|turn|1
|
|t:|1779631981
|move|p2a: Glimmora|Stealth Rock|p1a: Muk
|-sidestart|p1: kyroshero|move: Stealth Rock
|move|p1a: Muk|Knock Off|p2a: Glimmora
|-damage|p2a: Glimmora|48/100
|-activate|p2a: Glimmora|ability: Toxic Debris
|-sidestart|p1: kyroshero|move: Toxic Spikes
|-enditem|p2a: Glimmora|Focus Sash|[from] move: Knock Off|[of] p1a: Muk
|
|upkeep
|turn|2
|
|t:|1779631988
|move|p2a: Glimmora|Spiky Shield|p2a: Glimmora
|-singleturn|p2a: Glimmora|move: Protect
|move|p1a: Muk|Knock Off|p2a: Glimmora
|-activate|p2a: Glimmora|move: Protect
|-damage|p1a: Muk|88/100|[from] Spiky Shield|[of] p2a: Glimmora
|
|upkeep
|turn|3
|
|t:|1779631994
|move|p2a: Glimmora|Earth Power|p1a: Muk
|-supereffective|p1a: Muk
|-damage|p1a: Muk|59/100
|move|p1a: Muk|Knock Off|p2a: Glimmora
|-damage|p2a: Glimmora|15/100
|-activate|p2a: Glimmora|ability: Toxic Debris
|-sidestart|p1: kyroshero|move: Toxic Spikes
|
|upkeep
|turn|4
|
|t:|1779632001
|move|p2a: Glimmora|Spiky Shield|p2a: Glimmora
|-singleturn|p2a: Glimmora|move: Protect
|move|p1a: Muk|Shadow Sneak|p2a: Glimmora
|-activate|p2a: Glimmora|move: Protect
|-damage|p1a: Muk|47/100|[from] Spiky Shield|[of] p2a: Glimmora
|
|upkeep
|turn|5
|
|t:|1779632008
|move|p2a: Glimmora|Spiky Shield||[still]
|-fail|p2a: Glimmora
|move|p1a: Muk|Drain Punch|p2a: Glimmora
|-damage|p2a: Glimmora|0 fnt
|-heal|p1a: Muk|52/100|[from] drain|[of] p2a: Glimmora
|faint|p2a: Glimmora
|
|upkeep
|
|t:|1779632020
|switch|p2a: Lokix|Lokix, M|100/100
|turn|6
|
|t:|1779632024
|move|p2a: Lokix|First Impression|p1a: Muk
|-damage|p1a: Muk|0 fnt
|faint|p1a: Muk
|-damage|p2a: Lokix|91/100|[from] item: Life Orb
|
|upkeep
|
|t:|1779632028
|switch|p1a: Regieleki|Regieleki|100/100
|turn|7
|
|t:|1779632034
|move|p2a: Lokix|Sucker Punch|p1a: Regieleki
|-damage|p1a: Regieleki|18/100
|-damage|p2a: Lokix|81/100|[from] item: Life Orb
|move|p1a: Regieleki|Rapid Spin|p2a: Lokix
|-damage|p2a: Lokix|65/100
|-boost|p1a: Regieleki|spe|1
|-sideend|p1: kyroshero|Toxic Spikes|[from] move: Rapid Spin|[of] p1a: Regieleki
|-sideend|p1: kyroshero|Stealth Rock|[from] move: Rapid Spin|[of] p1a: Regieleki
|
|upkeep
|turn|8
|
|t:|1779632043
|switch|p1a: Dragonite|Dragonite, M|100/100
|move|p2a: Lokix|Sucker Punch||[still]
|-fail|p2a: Lokix
|
|upkeep
|turn|9
|
|t:|1779632047
|move|p2a: Lokix|Knock Off|p1a: Dragonite
|-damage|p1a: Dragonite|67/100
|-enditem|p1a: Dragonite|Silk Scarf|[from] move: Knock Off|[of] p2a: Lokix
|-damage|p2a: Lokix|55/100|[from] item: Life Orb
|move|p1a: Dragonite|Dragon Dance|p1a: Dragonite
|-boost|p1a: Dragonite|atk|1
|-boost|p1a: Dragonite|spe|1
|
|upkeep
|turn|10
|
|t:|1779632056
|-terastallize|p1a: Dragonite|Normal
|move|p1a: Dragonite|Extreme Speed|p2a: Lokix
|-damage|p2a: Lokix|0 fnt
|faint|p2a: Lokix
|
|upkeep
|
|t:|1779632065
|switch|p2a: Raging Bolt|Raging Bolt|100/100
|turn|11
|
|t:|1779632073
|-terastallize|p2a: Raging Bolt|Fairy
|move|p1a: Dragonite|Earthquake|p2a: Raging Bolt
|-damage|p2a: Raging Bolt|55/100
|move|p2a: Raging Bolt|Thunderbolt|p1a: Dragonite
|-damage|p1a: Dragonite|15/100
|
|-heal|p2a: Raging Bolt|61/100|[from] item: Leftovers
|upkeep
|turn|12
|
|t:|1779632078
|move|p2a: Raging Bolt|Thunderclap|p1a: Dragonite
|-damage|p1a: Dragonite|0 fnt
|faint|p1a: Dragonite
|
|-heal|p2a: Raging Bolt|67/100|[from] item: Leftovers
|upkeep
|
|t:|1779632083
|switch|p1a: Skeledirge|Skeledirge, M|100/100
|turn|13
|
|t:|1779632088
|move|p2a: Raging Bolt|Calm Mind|p2a: Raging Bolt
|-boost|p2a: Raging Bolt|spa|1
|-boost|p2a: Raging Bolt|spd|1
|move|p1a: Skeledirge|Torch Song|p2a: Raging Bolt
|-damage|p2a: Raging Bolt|31/100
|-boost|p1a: Skeledirge|spa|1
|
|-heal|p2a: Raging Bolt|37/100|[from] item: Leftovers
|upkeep
|turn|14
|
|t:|1779632093
|move|p2a: Raging Bolt|Thunderbolt|p1a: Skeledirge
|-crit|p1a: Skeledirge
|-damage|p1a: Skeledirge|22/100
|move|p1a: Skeledirge|Torch Song|p2a: Raging Bolt
|-damage|p2a: Raging Bolt|0 fnt
|-boost|p1a: Skeledirge|spa|1
|faint|p2a: Raging Bolt
|-end|p2a: Raging Bolt|Protosynthesis|[silent]
|
|-heal|p1a: Skeledirge|28/100|[from] item: Leftovers
|upkeep
|
|t:|1779632099
|switch|p2a: Great Tusk|Great Tusk|100/100
|turn|15
|
|t:|1779632107
|move|p2a: Great Tusk|Earthquake|p1a: Skeledirge
|-supereffective|p1a: Skeledirge
|-damage|p1a: Skeledirge|0 fnt
|faint|p1a: Skeledirge
|
|upkeep
|
|t:|1779632110
|switch|p1a: Azumarill|Azumarill, F|100/100
|turn|16
|
|t:|1779632116
|move|p2a: Great Tusk|Earthquake|p1a: Azumarill
|-damage|p1a: Azumarill|49/100
|-enditem|p1a: Azumarill|Sitrus Berry|[eat]
|-heal|p1a: Azumarill|74/100|[from] item: Sitrus Berry
|move|p1a: Azumarill|Belly Drum|p1a: Azumarill
|-damage|p1a: Azumarill|24/100
|-setboost|p1a: Azumarill|atk|6|[from] move: Belly Drum
|
|upkeep
|turn|17
|
|t:|1779632121
|move|p1a: Azumarill|Aqua Jet|p2a: Great Tusk
|-supereffective|p2a: Great Tusk
|-damage|p2a: Great Tusk|0 fnt
|faint|p2a: Great Tusk
|-end|p2a: Great Tusk|Protosynthesis|[silent]
|
|upkeep
|
|t:|1779632126
|switch|p2a: Toxapex|Toxapex, M|100/100
|turn|18
|
|t:|1779632128
|move|p1a: Azumarill|Liquidation|p2a: Toxapex
|-resisted|p2a: Toxapex
|-damage|p2a: Toxapex|32/100
|-damage|p1a: Azumarill|7/100|[from] item: Rocky Helmet|[of] p2a: Toxapex
|move|p2a: Toxapex|Toxic|p1a: Azumarill
|-status|p1a: Azumarill|tox
|
|-damage|p1a: Azumarill|1/100 tox|[from] psn
|upkeep
|turn|19
|
|t:|1779632137
|move|p2a: Toxapex|Baneful Bunker|p2a: Toxapex
|-singleturn|p2a: Toxapex|move: Protect
|move|p1a: Azumarill|Liquidation|p2a: Toxapex
|-activate|p2a: Toxapex|move: Protect
|
|-damage|p1a: Azumarill|0 fnt|[from] psn
|faint|p1a: Azumarill
|upkeep
|
|t:|1779632139
|switch|p1a: Regieleki|Regieleki|18/100
|turn|20
|
|t:|1779632144
|move|p1a: Regieleki|Thunderbolt|p2a: Toxapex
|-supereffective|p2a: Toxapex
|-damage|p2a: Toxapex|0 fnt
|faint|p2a: Toxapex
|
|upkeep
|
|t:|1779632146
|switch|p2a: Iron Valiant|Iron Valiant|100/100
|-enditem|p2a: Iron Valiant|Booster Energy
|-activate|p2a: Iron Valiant|ability: Quark Drive|[fromitem]
|-start|p2a: Iron Valiant|quarkdrivespe
|turn|21
|
|t:|1779632154
|move|p1a: Regieleki|Explosion|p2a: Iron Valiant
|-damage|p2a: Iron Valiant|24/100
|faint|p1a: Regieleki
|move|p2a: Iron Valiant|Spirit Break|p1: Regieleki|[notarget]
|-fail|p2a: Iron Valiant
|
|upkeep
|
|t:|1779632157
|switch|p1a: Weavile|Weavile, F|100/100
|turn|22
|
|t:|1779632161
|move|p2a: Iron Valiant|Endure|p2a: Iron Valiant
|-singleturn|p2a: Iron Valiant|move: Endure
|move|p1a: Weavile|Knock Off|p2a: Iron Valiant
|-resisted|p2a: Iron Valiant
|-damage|p2a: Iron Valiant|10/100
|-damage|p1a: Weavile|91/100|[from] item: Life Orb
|
|upkeep
|turn|23
|
|t:|1779632167
|move|p2a: Iron Valiant|Destiny Bond|p2a: Iron Valiant
|-singlemove|p2a: Iron Valiant|Destiny Bond
|move|p1a: Weavile|Trailblaze|p2a: Iron Valiant
|-damage|p2a: Iron Valiant|0 fnt
|-boost|p1a: Weavile|spe|1
|faint|p2a: Iron Valiant
|-activate|p2a: Iron Valiant|move: Destiny Bond
|-end|p2a: Iron Valiant|Quark Drive|[silent]
|faint|p1a: Weavile
|
|win|kyroshero
|raw|kyroshero's rating: 1170 &rarr; <strong>1194</strong><br />(+24 for winning)
|raw|Nejuuu's rating: 1152 &rarr; <strong>1128</strong><br />(-24 for losing)
|c|☆Nejuuu|Uh
|c|☆kyroshero|Huh
|c|☆kyroshero|???
|c|☆kyroshero|What happen did i win??
|c|☆kyroshero|Whyy??
|c|☆Nejuuu|Cuz me fainted first
|c|☆Nejuuu|Lol
|c|☆kyroshero|Ohhhh
|c|☆Nejuuu|GG
|l|☆Nejuuu
|player|p2|
|c|☆kyroshero|So at least you have to leave one pokemon like that
|c|☆kyroshero|Hh
|c|☆kyroshero|GG
