|j|‽iaremoose
|j|☆Mca player 11
|t:|1779694455
|gametype|singles
|player|p1|iaremoose|harlequin|1342
|player|p2|Mca player 11|lucas|1422
|gen|9
|tier|[Gen 9] OU
|rated|
|rule|HP Percentage Mod: HP is shown in percentages
|rule|Endless Battle Clause: Forcing endless battles is banned
|rule|Species Clause: Limit one of each Pokémon
|rule|OHKO Clause: OHKO moves are banned
|rule|Evasion Items Clause: Evasion items are banned
|rule|Evasion Moves Clause: Evasion moves are banned
|rule|Evasion Abilities Clause: Evasion abilities are banned
|rule|Sleep Moves Clause: Sleep-inducing moves are banned
|clearpoke
|poke|p1|Hoopa-Unbound|
|poke|p1|Araquanid, M|
|poke|p1|Shiftry, F|
|poke|p1|Ceruledge, F|
|poke|p1|Dragonite, F|
|poke|p1|Espeon, F|
|poke|p2|Deoxys-Speed|
|poke|p2|Iron Moth|
|poke|p2|Zamazenta-*|
|poke|p2|Gholdengo|
|poke|p2|Rillaboom, M|
|poke|p2|Iron Jugulis|
|teampreview
|
|t:|1779694467
|teamsize|p1|6
|teamsize|p2|6
|start
|switch|p1a: Araquanid|Araquanid, M|100/100
|switch|p2a: Iron Jugulis|Iron Jugulis|100/100
|-enditem|p2a: Iron Jugulis|Booster Energy
|-activate|p2a: Iron Jugulis|ability: Quark Drive|[fromitem]
|-start|p2a: Iron Jugulis|quarkdrivespe
|turn|1
|
|t:|1779694475
|switch|p1a: Shiftry|Shiftry, F|100/100
|move|p2a: Iron Jugulis|Taunt|p1a: Shiftry
|-start|p1a: Shiftry|move: Taunt
|
|upkeep
|turn|2
|
|t:|1779694484
|move|p2a: Iron Jugulis|Hurricane|p1a: Shiftry
|-ability|p1a: Shiftry|Wind Rider|boost
|-boost|p1a: Shiftry|atk|1
|move|p1a: Shiftry|Heat Wave|p2a: Iron Jugulis
|-damage|p2a: Iron Jugulis|60/100
|-damage|p1a: Shiftry|91/100|[from] item: Life Orb
|
|upkeep
|turn|3
|
|t:|1779694491
|move|p2a: Iron Jugulis|Knock Off|p1a: Shiftry
|-resisted|p1a: Shiftry
|-damage|p1a: Shiftry|68/100
|-enditem|p1a: Shiftry|Life Orb|[from] move: Knock Off|[of] p2a: Iron Jugulis
|move|p1a: Shiftry|Leaf Blade|p2a: Iron Jugulis
|-resisted|p2a: Iron Jugulis
|-damage|p2a: Iron Jugulis|27/100
|
|-end|p1a: Shiftry|move: Taunt
|upkeep
|turn|4
|
|t:|1779694496
|-end|p2a: Iron Jugulis|Quark Drive|[silent]
|switch|p2a: Iron Moth|Iron Moth|100/100
|-enditem|p2a: Iron Moth|Booster Energy
|-activate|p2a: Iron Moth|ability: Quark Drive|[fromitem]
|-start|p2a: Iron Moth|quarkdrivespe
|move|p1a: Shiftry|Tailwind|p1a: Shiftry
|-sidestart|p1: iaremoose|move: Tailwind
|-ability|p1a: Shiftry|Wind Rider|boost
|-boost|p1a: Shiftry|atk|1
|
|upkeep
|turn|5
|
|t:|1779694500
|move|p1a: Shiftry|Knock Off|p2a: Iron Moth
|-damage|p2a: Iron Moth|28/100
|move|p2a: Iron Moth|Fiery Dance|p1a: Shiftry
|-supereffective|p1a: Shiftry
|-damage|p1a: Shiftry|0 fnt
|-boost|p2a: Iron Moth|spa|1
|faint|p1a: Shiftry
|
|upkeep
|
|t:|1779694511
|switch|p1a: Araquanid|Araquanid, M|100/100
|turn|6
|
|t:|1779694515
|move|p2a: Iron Moth|Toxic Spikes|p1a: Araquanid
|-sidestart|p1: iaremoose|move: Toxic Spikes
|move|p1a: Araquanid|Sticky Web|p2a: Iron Moth
|-sidestart|p2: Mca player 11|move: Sticky Web
|
|upkeep
|turn|7
|
|t:|1779694522
|move|p2a: Iron Moth|Sludge Wave|p1a: Araquanid
|-damage|p1a: Araquanid|54/100
|move|p1a: Araquanid|Liquidation|p2a: Iron Moth
|-supereffective|p2a: Iron Moth
|-damage|p2a: Iron Moth|0 fnt
|faint|p2a: Iron Moth
|-end|p2a: Iron Moth|Quark Drive|[silent]
|
|-sideend|p1: iaremoose|move: Tailwind
|upkeep
|
|t:|1779694531
|switch|p2a: Iron Jugulis|Iron Jugulis|27/100
|turn|8
|
|t:|1779694537
|move|p2a: Iron Jugulis|Taunt|p1a: Araquanid
|-start|p1a: Araquanid|move: Taunt
|-enditem|p1a: Araquanid|Mental Herb
|-end|p1a: Araquanid|move: Taunt
|move|p1a: Araquanid|Liquidation|p2a: Iron Jugulis
|-damage|p2a: Iron Jugulis|0 fnt
|faint|p2a: Iron Jugulis
|-end|p2a: Iron Jugulis|Quark Drive|[silent]
|
|upkeep
|
|t:|1779694542
|switch|p2a: Rillaboom|Rillaboom, M|100/100
|-activate|p2a: Rillaboom|move: Sticky Web
|-unboost|p2a: Rillaboom|spe|1
|-fieldstart|move: Grassy Terrain|[from] ability: Grassy Surge|[of] p2a: Rillaboom
|turn|9
|
|t:|1779694545
|move|p2a: Rillaboom|Swords Dance|p2a: Rillaboom
|-boost|p2a: Rillaboom|atk|2
|move|p1a: Araquanid|Lunge|p2a: Rillaboom
|-supereffective|p2a: Rillaboom
|-damage|p2a: Rillaboom|53/100
|-unboost|p2a: Rillaboom|atk|1
|
|-heal|p2a: Rillaboom|59/100|[from] Grassy Terrain
|-heal|p1a: Araquanid|60/100|[from] Grassy Terrain
|upkeep
|turn|10
|
|t:|1779694547
|move|p2a: Rillaboom|Grassy Glide|p1a: Araquanid
|-damage|p1a: Araquanid|0 fnt
|faint|p1a: Araquanid
|-damage|p2a: Rillaboom|49/100|[from] item: Life Orb
|
|-heal|p2a: Rillaboom|55/100|[from] Grassy Terrain
|upkeep
|
|t:|1779694557
|switch|p1a: Ceruledge|Ceruledge, F|100/100
|turn|11
|
|t:|1779694561
|move|p1a: Ceruledge|Bitter Blade|p2a: Rillaboom
|-supereffective|p2a: Rillaboom
|-damage|p2a: Rillaboom|0 fnt
|faint|p2a: Rillaboom
|
|upkeep
|
|t:|1779694562
|switch|p2a: Gholdengo|Gholdengo|100/100
|-activate|p2a: Gholdengo|move: Sticky Web
|-unboost|p2a: Gholdengo|spe|1
|-enditem|p2a: Gholdengo|Grassy Seed
|-boost|p2a: Gholdengo|def|1|[from] item: Grassy Seed
|turn|12
|
|t:|1779694571
|-terastallize|p1a: Ceruledge|Fighting
|-terastallize|p2a: Gholdengo|Water
|move|p1a: Ceruledge|Swords Dance|p1a: Ceruledge
|-boost|p1a: Ceruledge|atk|2
|move|p2a: Gholdengo|Nasty Plot|p2a: Gholdengo
|-boost|p2a: Gholdengo|spa|2
|
|upkeep
|turn|13
|
|t:|1779694577
|move|p1a: Ceruledge|Close Combat|p2a: Gholdengo
|-damage|p2a: Gholdengo|27/100
|-unboost|p1a: Ceruledge|def|1
|-unboost|p1a: Ceruledge|spd|1
|move|p2a: Gholdengo|Make It Rain|p1a: Ceruledge
|-damage|p1a: Ceruledge|0 fnt
|-unboost|p2a: Gholdengo|spa|1
|faint|p1a: Ceruledge
|
|-heal|p2a: Gholdengo|33/100|[from] Grassy Terrain
|-fieldend|move: Grassy Terrain
|upkeep
|
|t:|1779694588
|switch|p1a: Hoopa|Hoopa-Unbound|100/100
|-status|p1a: Hoopa|psn
|turn|14
|
|t:|1779694592
|move|p1a: Hoopa|Hyperspace Fury|p2a: Gholdengo
|-damage|p2a: Gholdengo|0 fnt
|-unboost|p1a: Hoopa|def|1
|faint|p2a: Gholdengo
|-damage|p1a: Hoopa|91/100 psn|[from] item: Life Orb
|
|-damage|p1a: Hoopa|78/100 psn|[from] psn
|upkeep
|
|t:|1779694595
|switch|p2a: Zamazenta|Zamazenta, shiny|100/100
|-activate|p2a: Zamazenta|move: Sticky Web
|-unboost|p2a: Zamazenta|spe|1
|-ability|p2a: Zamazenta|Dauntless Shield|boost
|-boost|p2a: Zamazenta|def|1
|turn|15
|
|t:|1779694599
|move|p1a: Hoopa|Psychic Noise|p2a: Zamazenta
|-supereffective|p2a: Zamazenta
|-damage|p2a: Zamazenta|4/100
|-start|p2a: Zamazenta|move: Heal Block
|-damage|p1a: Hoopa|68/100 psn|[from] item: Life Orb
|move|p2a: Zamazenta|Crunch|p1a: Hoopa
|-crit|p1a: Hoopa
|-damage|p1a: Hoopa|0 fnt
|faint|p1a: Hoopa
|
|upkeep
|-message|Mca player 11 forfeited.
|
|win|iaremoose
|raw|iaremoose's rating: 1342 &rarr; <strong>1367</strong><br />(+25 for winning)
|raw|Mca player 11's rating: 1422 &rarr; <strong>1397</strong><br />(-25 for losing)
|l|☆Mca player 11
|player|p2|
|l|‽iaremoose
|player|p1|
