|j|☆futuristicFlash
|j|☆summerise
|t:|1779596935
|gametype|singles
|player|p1|futuristicFlash|102|1400
|player|p2|summerise|bugcatcher-gen4dp|1392
|gen|9
|tier|[Gen 9] OU
|rated|
|rule|HP Percentage Mod: HP is shown in percentages
|rule|Endless Battle Clause: Forcing endless battles is banned
|rule|Species Clause: Limit one of each Pokémon
|rule|OHKO Clause: OHKO moves are banned
|rule|Evasion Items Clause: Evasion items are banned
|rule|Evasion Moves Clause: Evasion moves are banned
|rule|Evasion Abilities Clause: Evasion abilities are banned
|rule|Sleep Moves Clause: Sleep-inducing moves are banned
|clearpoke
|poke|p1|Toxapex, F|
|poke|p1|Cinderace, F|
|poke|p1|Corviknight, F|
|poke|p1|Regidrago|
|poke|p1|Regieleki|
|poke|p1|Latios, M|
|poke|p2|Darkrai|
|poke|p2|Slowking-Galar, F|
|poke|p2|Ogerpon-Wellspring, F|
|poke|p2|Zapdos-Galar|
|poke|p2|Iron Treads|
|poke|p2|Kyurem|
|teampreview
|inactive|Battle timer is ON: inactive players will automatically lose when time's up. (requested by summerise)
|
|t:|1779596947
|teamsize|p1|6
|teamsize|p2|6
|start
|switch|p1a: Toxapex|Toxapex, F, shiny|100/100
|switch|p2a: Kyurem|Kyurem|100/100
|-ability|p2a: Kyurem|Pressure
|turn|1
|
|t:|1779596952
|move|p2a: Kyurem|Freeze-Dry|p1a: Toxapex
|-supereffective|p1a: Toxapex
|-damage|p1a: Toxapex|49/100
|move|p1a: Toxapex|Sludge Bomb|p2a: Kyurem
|-damage|p2a: Kyurem|58/100
|
|upkeep
|turn|2
|
|t:|1779596960
|switch|p1a: Cinderace|Cinderace, F|100/100
|move|p2a: Kyurem|Scale Shot|p1a: Cinderace
|-damage|p1a: Cinderace|81/100
|-damage|p1a: Cinderace|63/100
|-damage|p1a: Cinderace|45/100
|-crit|p1a: Cinderace
|-damage|p1a: Cinderace|18/100
|-hitcount|p1a: Cinderace|4
|-unboost|p2a: Kyurem|def|1
|-boost|p2a: Kyurem|spe|1
|
|upkeep
|turn|3
|
|t:|1779596974
|move|p1a: Cinderace|Sucker Punch|p2a: Kyurem
|-start|p1a: Cinderace|typechange|Dark|[from] ability: Libero
|-damage|p2a: Kyurem|0 fnt
|faint|p2a: Kyurem
|
|upkeep
|
|t:|1779596982
|switch|p2a: Zapdos|Zapdos-Galar|100/100
|turn|4
|
|t:|1779596987
|switch|p1a: Corviknight|Corviknight, F|100/100
|move|p2a: Zapdos|U-turn|p1a: Corviknight
|-resisted|p1a: Corviknight
|-damage|p1a: Corviknight|97/100
|-damage|p2a: Zapdos|84/100|[from] item: Rocky Helmet|[of] p1a: Corviknight
|
|t:|1779596994
|switch|p2a: Darkrai|Darkrai|100/100|[from] U-turn
|
|upkeep
|turn|5
|
|t:|1779597000
|move|p2a: Darkrai|Dark Pulse|p1a: Corviknight
|-damage|p1a: Corviknight|32/100
|cant|p1a: Corviknight|flinch
|
|upkeep
|turn|6
|
|t:|1779597011
|move|p2a: Darkrai|Dark Pulse|p1a: Corviknight
|-damage|p1a: Corviknight|0 fnt
|faint|p1a: Corviknight
|
|upkeep
|
|t:|1779597014
|switch|p1a: Cinderace|Cinderace, F|18/100
|turn|7
|
|t:|1779597018
|move|p1a: Cinderace|Sucker Punch|p2a: Darkrai
|-start|p1a: Cinderace|typechange|Dark|[from] ability: Libero
|-resisted|p2a: Darkrai
|-damage|p2a: Darkrai|66/100
|move|p2a: Darkrai|Dark Pulse|p1a: Cinderace
|-resisted|p1a: Cinderace
|-damage|p1a: Cinderace|0 fnt
|faint|p1a: Cinderace
|
|upkeep
|
|t:|1779597027
|switch|p1a: Regidrago|Regidrago|100/100
|turn|8
|
|t:|1779597031
|move|p1a: Regidrago|Dragon Energy|p2a: Darkrai
|-damage|p2a: Darkrai|0 fnt
|faint|p2a: Darkrai
|
|upkeep
|
|t:|1779597037
|switch|p2a: Zapdos|Zapdos-Galar|84/100
|turn|9
|
|t:|1779597040
|move|p2a: Zapdos|Brave Bird|p1a: Regidrago
|-damage|p1a: Regidrago|33/100
|-damage|p2a: Zapdos|46/100|[from] Recoil
|move|p1a: Regidrago|Dragon Energy|p2a: Zapdos
|-damage|p2a: Zapdos|9/100
|
|upkeep
|turn|10
|
|t:|1779597045
|move|p2a: Zapdos|Brave Bird|p1a: Regidrago
|-damage|p1a: Regidrago|0 fnt
|faint|p1a: Regidrago
|-damage|p2a: Zapdos|0 fnt|[from] Recoil
|faint|p2a: Zapdos
|
|upkeep
|
|t:|1779597054
|switch|p2a: Slowking|Slowking-Galar, F|100/100
|switch|p1a: Latios|Latios, M|100/100
|turn|11
|
|t:|1779597059
|switch|p1a: Toxapex|Toxapex, F, shiny|82/100
|-terastallize|p2a: Slowking|Water
|move|p2a: Slowking|Thunder Wave|p1a: Toxapex|[miss]
|-miss|p2a: Slowking|p1a: Toxapex
|
|upkeep
|turn|12
|
|t:|1779597069
|move|p1a: Toxapex|Sludge Bomb|p2a: Slowking
|-damage|p2a: Slowking|72/100
|move|p2a: Slowking|Future Sight|p1a: Toxapex
|-start|p2a: Slowking|move: Future Sight
|
|upkeep
|turn|13
|
|t:|1779597074
|move|p1a: Toxapex|Sludge Bomb|p2a: Slowking
|-damage|p2a: Slowking|44/100
|-prepare|p2a: Slowking|Chilly Reception|[premajor]
|move|p2a: Slowking|Chilly Reception|p2a: Slowking
|-weather|Snowscape
|
|t:|1779597077
|switch|p2a: Iron Treads|Iron Treads|100/100|[from] Chilly Reception
|-enditem|p2a: Iron Treads|Booster Energy
|-activate|p2a: Iron Treads|ability: Quark Drive|[fromitem]
|-start|p2a: Iron Treads|quarkdrivespe
|
|-weather|Snowscape|[upkeep]
|upkeep
|turn|14
|
|t:|1779597088
|-end|p2a: Iron Treads|Quark Drive|[silent]
|switch|p2a: Slowking|Slowking-Galar, F, tera:Water|77/100
|switch|p1a: Regieleki|Regieleki|100/100
|
|-weather|Snowscape|[upkeep]
|-end|p1a: Regieleki|move: Future Sight
|-damage|p1a: Regieleki|10/100
|upkeep
|turn|15
|
|t:|1779597103
|switch|p2a: Iron Treads|Iron Treads|100/100
|move|p1a: Regieleki|Explosion|p2a: Iron Treads
|-resisted|p2a: Iron Treads
|-damage|p2a: Iron Treads|77/100
|faint|p1a: Regieleki
|
|-weather|Snowscape|[upkeep]
|upkeep
|
|t:|1779597111
|switch|p1a: Latios|Latios, M|100/100
|turn|16
|
|t:|1779597114
|move|p2a: Iron Treads|Stone Edge|p1a: Latios|[miss]
|-miss|p2a: Iron Treads|p1a: Latios
|move|p1a: Latios|Agility|p1a: Latios
|-boost|p1a: Latios|spe|2
|
|-weather|Snowscape|[upkeep]
|upkeep
|turn|17
|
|t:|1779597139
|-terastallize|p1a: Latios|Steel
|move|p1a: Latios|Agility|p1a: Latios
|-boost|p1a: Latios|spe|2
|move|p2a: Iron Treads|Stone Edge|p1a: Latios
|-resisted|p1a: Latios
|-damage|p1a: Latios|83/100
|
|-weather|none
|upkeep
|turn|18
|
|t:|1779597149
|-end|p2a: Iron Treads|Quark Drive|[silent]
|switch|p2a: Ogerpon|Ogerpon-Wellspring, F|100/100
|move|p1a: Latios|Aura Sphere|p2a: Ogerpon
|-damage|p2a: Ogerpon|71/100
|
|upkeep
|turn|19
|
|t:|1779597156
|move|p1a: Latios|Stored Power|p2a: Ogerpon
|-damage|p2a: Ogerpon|12/100
|move|p2a: Ogerpon|Ivy Cudgel|p1a: Latios|[anim] Ivy Cudgel Water
|-damage|p1a: Latios|11/100
|
|upkeep
|turn|20
|
|t:|1779597163
|move|p1a: Latios|Stored Power|p2a: Ogerpon
|-damage|p2a: Ogerpon|0 fnt
|faint|p2a: Ogerpon
|
|upkeep
|
|t:|1779597165
|switch|p2a: Iron Treads|Iron Treads|77/100
|turn|21
|
|t:|1779597169
|move|p1a: Latios|Recover|p1a: Latios
|-heal|p1a: Latios|61/100
|move|p2a: Iron Treads|Stone Edge|p1a: Latios
|-resisted|p1a: Latios
|-damage|p1a: Latios|43/100
|
|upkeep
|turn|22
|
|t:|1779597176
|-end|p2a: Iron Treads|Quark Drive|[silent]
|switch|p2a: Slowking|Slowking-Galar, F, tera:Water|100/100
|move|p1a: Latios|Recover|p1a: Latios
|-heal|p1a: Latios|93/100
|
|upkeep
|turn|23
|
|t:|1779597181
|move|p1a: Latios|Agility|p1a: Latios
|-boost|p1a: Latios|spe|2
|move|p2a: Slowking|Thunder Wave|p1a: Latios
|-status|p1a: Latios|par
|
|upkeep
|turn|24
|
|t:|1779597187
|move|p1a: Latios|Stored Power|p2a: Slowking
|-damage|p2a: Slowking|55/100
|move|p2a: Slowking|Future Sight|p1a: Latios
|-start|p2a: Slowking|move: Future Sight
|
|upkeep
|turn|25
|
|t:|1779597192
|cant|p1a: Latios|par
|-prepare|p2a: Slowking|Chilly Reception|[premajor]
|move|p2a: Slowking|Chilly Reception|p2a: Slowking
|-weather|Snowscape
|
|t:|1779597194
|switch|p2a: Iron Treads|Iron Treads|77/100|[from] Chilly Reception
|
|-weather|Snowscape|[upkeep]
|upkeep
|turn|26
|
|t:|1779597196
|-end|p2a: Iron Treads|Quark Drive|[silent]
|switch|p2a: Slowking|Slowking-Galar, F, tera:Water|89/100
|move|p1a: Latios|Aura Sphere|p2a: Slowking
|-damage|p2a: Slowking|70/100
|
|-weather|Snowscape|[upkeep]
|-end|p1a: Latios|move: Future Sight
|-resisted|p1a: Latios
|-damage|p1a: Latios|75/100 par
|upkeep
|turn|27
|
|t:|1779597202
|cant|p1a: Latios|par
|move|p2a: Slowking|Future Sight|p1a: Latios
|-start|p2a: Slowking|move: Future Sight
|
|-weather|Snowscape|[upkeep]
|upkeep
|turn|28
|
|t:|1779597205
|move|p1a: Latios|Stored Power|p2a: Slowking
|-damage|p2a: Slowking|23/100
|-prepare|p2a: Slowking|Chilly Reception|[premajor]
|move|p2a: Slowking|Chilly Reception|p2a: Slowking
|
|t:|1779597211
|switch|p2a: Iron Treads|Iron Treads|77/100|[from] Chilly Reception
|
|-weather|Snowscape|[upkeep]
|upkeep
|turn|29
|
|t:|1779597217
|move|p1a: Latios|Stored Power|p2a: Iron Treads
|-resisted|p2a: Iron Treads
|-damage|p2a: Iron Treads|25/100
|move|p2a: Iron Treads|Stone Edge|p1a: Latios
|-resisted|p1a: Latios
|-crit|p1a: Latios
|-damage|p1a: Latios|46/100 par
|
|-weather|none
|-end|p1a: Latios|move: Future Sight
|-resisted|p1a: Latios
|-damage|p1a: Latios|29/100 par
|upkeep
|turn|30
|
|t:|1779597223
|-end|p2a: Iron Treads|Quark Drive|[silent]
|switch|p2a: Slowking|Slowking-Galar, F, tera:Water|56/100
|move|p1a: Latios|Recover|p1a: Latios
|-heal|p1a: Latios|79/100 par
|
|upkeep
|turn|31
|
|t:|1779597225
|move|p1a: Latios|Stored Power|p2a: Slowking
|-damage|p2a: Slowking|13/100
|move|p2a: Slowking|Future Sight|p1a: Latios
|-start|p2a: Slowking|move: Future Sight
|
|upkeep
|turn|32
|
|t:|1779597230
|switch|p2a: Iron Treads|Iron Treads|25/100
|move|p1a: Latios|Stored Power|p2a: Iron Treads
|-resisted|p2a: Iron Treads
|-damage|p2a: Iron Treads|0 fnt
|faint|p2a: Iron Treads
|-end|p2a: Iron Treads|Quark Drive|[silent]
|
|upkeep
|
|t:|1779597232
|switch|p2a: Slowking|Slowking-Galar, F, tera:Water|46/100
|turn|33
|
|t:|1779597238
|move|p1a: Latios|Stored Power|p2a: Slowking
|-damage|p2a: Slowking|4/100
|move|p2a: Slowking|Sludge Bomb|p1a: Latios
|-immune|p1a: Latios
|
|-end|p1a: Latios|move: Future Sight
|-resisted|p1a: Latios
|-damage|p1a: Latios|62/100 par
|upkeep
|turn|34
|-message|summerise forfeited.
|
|win|futuristicFlash
|raw|futuristicFlash's rating: 1400 &rarr; <strong>1420</strong><br />(+20 for winning)
|raw|summerise's rating: 1392 &rarr; <strong>1372</strong><br />(-20 for losing)
|l|☆summerise
|player|p2|
|l|☆futuristicFlash
|player|p1|
