|j|☆TWENNY7
|j|☆uh76
|t:|1779655079
|gametype|singles
|player|p1|TWENNY7|hau-stance|1394
|player|p2|uh76|265|1365
|gen|9
|tier|[Gen 9] OU
|rated|
|rule|HP Percentage Mod: HP is shown in percentages
|rule|Endless Battle Clause: Forcing endless battles is banned
|rule|Species Clause: Limit one of each Pokémon
|rule|OHKO Clause: OHKO moves are banned
|rule|Evasion Items Clause: Evasion items are banned
|rule|Evasion Moves Clause: Evasion moves are banned
|rule|Evasion Abilities Clause: Evasion abilities are banned
|rule|Sleep Moves Clause: Sleep-inducing moves are banned
|clearpoke
|poke|p1|Iron Valiant|
|poke|p1|Tyranitar, F|
|poke|p1|Zapdos|
|poke|p1|Darkrai|
|poke|p1|Okidogi, M|
|poke|p1|Mew|
|poke|p2|Samurott-Hisui, M|
|poke|p2|Hydrapple, F|
|poke|p2|Zapdos|
|poke|p2|Great Tusk|
|poke|p2|Gholdengo|
|poke|p2|Iron Valiant|
|teampreview
|
|t:|1779655092
|teamsize|p1|6
|teamsize|p2|6
|start
|switch|p1a: CASPER|Okidogi, M|100/100
|switch|p2a: Zapdos|Zapdos|100/100
|turn|1
|
|t:|1779655095
|switch|p1a: CODE:red|Tyranitar, F, shiny|100/100
|-weather|Sandstorm|[from] ability: Sand Stream|[of] p1a: CODE:red
|move|p2a: Zapdos|Hurricane|p1a: CODE:red
|-resisted|p1a: CODE:red
|-damage|p1a: CODE:red|89/100
|-enditem|p1a: CODE:red|Red Card|[of] p2a: Zapdos
|drag|p2a: Great Tusk|Great Tusk|100/100
|
|-weather|Sandstorm|[upkeep]
|upkeep
|turn|2
|
|t:|1779655098
|-terastallize|p1a: CODE:red|Ghost
|move|p2a: Great Tusk|Headlong Rush|p1a: CODE:red
|-damage|p1a: CODE:red|40/100
|-unboost|p2a: Great Tusk|def|1
|-unboost|p2a: Great Tusk|spd|1
|move|p1a: CODE:red|Ice Beam|p2a: Great Tusk
|-supereffective|p2a: Great Tusk
|-damage|p2a: Great Tusk|7/100
|-status|p2a: Great Tusk|frz
|
|-weather|Sandstorm|[upkeep]
|-damage|p1a: CODE:red|34/100|[from] Sandstorm
|upkeep
|turn|3
|
|t:|1779655113
|-end|p2a: Great Tusk|Protosynthesis|[silent]
|switch|p2a: Gholdengo|Gholdengo|100/100
|move|p1a: CODE:red|Stealth Rock|p2a: Gholdengo
|-sidestart|p2: uh76|move: Stealth Rock
|
|-weather|Sandstorm|[upkeep]
|-damage|p1a: CODE:red|28/100|[from] Sandstorm
|upkeep
|turn|4
|
|t:|1779655118
|move|p2a: Gholdengo|Shadow Ball|p1a: CODE:red
|-supereffective|p1a: CODE:red
|-damage|p1a: CODE:red|0 fnt
|faint|p1a: CODE:red
|
|-weather|Sandstorm|[upkeep]
|upkeep
|
|t:|1779655121
|switch|p1a: Zzz|Darkrai|100/100
|turn|5
|inactive|Battle timer is ON: inactive players will automatically lose when time's up. (requested by TWENNY7)
|
|t:|1779655153
|switch|p1a: CASPER|Okidogi, M|100/100
|switch|p2a: Samurott|Samurott-Hisui, M|100/100
|-damage|p2a: Samurott|88/100|[from] Stealth Rock
|
|-weather|none
|upkeep
|turn|6
|
|t:|1779655159
|switch|p2a: Gholdengo|Gholdengo|100/100
|-damage|p2a: Gholdengo|94/100|[from] Stealth Rock
|move|p1a: CASPER|Bulk Up|p1a: CASPER
|-boost|p1a: CASPER|atk|1
|-boost|p1a: CASPER|def|1
|
|upkeep
|turn|7
|
|t:|1779655162
|move|p2a: Gholdengo|Nasty Plot|p2a: Gholdengo
|-boost|p2a: Gholdengo|spa|2
|move|p1a: CASPER|Knock Off|p2a: Gholdengo
|-supereffective|p2a: Gholdengo
|-damage|p2a: Gholdengo|10/100
|-enditem|p2a: Gholdengo|Metal Coat|[from] move: Knock Off|[of] p1a: CASPER
|
|upkeep
|turn|8
|
|t:|1779655173
|switch|p1a: Zzz|Darkrai|100/100
|move|p2a: Gholdengo|Make It Rain|p1a: Zzz
|-damage|p1a: Zzz|0 fnt
|-unboost|p2a: Gholdengo|spa|1
|faint|p1a: Zzz
|
|upkeep
|
|t:|1779655179
|switch|p1a: SHOXY|Zapdos|100/100
|turn|9
|
|t:|1779655194
|move|p1a: SHOXY|Hurricane|p2a: Gholdengo
|-resisted|p2a: Gholdengo
|-damage|p2a: Gholdengo|0 fnt
|faint|p2a: Gholdengo
|
|upkeep
|
|t:|1779655200
|switch|p2a: Samurott|Samurott-Hisui, M|88/100
|-damage|p2a: Samurott|76/100|[from] Stealth Rock
|turn|10
|
|t:|1779655204
|switch|p1a: CASPER|Okidogi, M|100/100
|move|p2a: Samurott|Ceaseless Edge|p1a: CASPER
|-resisted|p1a: CASPER
|-damage|p1a: CASPER|84/100
|-sidestart|p1: TWENNY7|Spikes
|
|-heal|p1a: CASPER|90/100|[from] item: Leftovers
|upkeep
|turn|11
|
|t:|1779655211
|switch|p2a: Zapdos|Zapdos|100/100
|move|p1a: CASPER|Bulk Up|p1a: CASPER
|-boost|p1a: CASPER|atk|1
|-boost|p1a: CASPER|def|1
|
|-heal|p1a: CASPER|97/100|[from] item: Leftovers
|upkeep
|turn|12
|
|t:|1779655218
|switch|p1a: SHOXY|Zapdos|100/100
|move|p2a: Zapdos|Hurricane|p1a: SHOXY|[miss]
|-miss|p2a: Zapdos|p1a: SHOXY
|
|upkeep
|turn|13
|
|t:|1779655223
|move|p1a: SHOXY|Hurricane|p2a: Zapdos
|-resisted|p2a: Zapdos
|-crit|p2a: Zapdos
|-damage|p2a: Zapdos|38/100
|move|p2a: Zapdos|Volt Switch|p1a: SHOXY
|-damage|p1a: SHOXY|54/100
|
|t:|1779655232
|switch|p2a: Samurott|Samurott-Hisui, M|76/100|[from] Volt Switch
|-damage|p2a: Samurott|64/100|[from] Stealth Rock
|
|upkeep
|turn|14
|
|t:|1779655244
|switch|p2a: Great Tusk|Great Tusk|7/100 frz
|move|p1a: SHOXY|Hurricane|p2a: Great Tusk|[miss]
|-miss|p1a: SHOXY|p2a: Great Tusk
|
|upkeep
|turn|15
|
|t:|1779655249
|cant|p2a: Great Tusk|frz
|move|p1a: SHOXY|Hurricane|p2a: Great Tusk|[miss]
|-miss|p1a: SHOXY|p2a: Great Tusk
|
|upkeep
|turn|16
|
|t:|1779655252
|cant|p2a: Great Tusk|frz
|move|p1a: SHOXY|Hurricane|p2a: Great Tusk
|-supereffective|p2a: Great Tusk
|-damage|p2a: Great Tusk|0 fnt
|faint|p2a: Great Tusk
|-end|p2a: Great Tusk|Protosynthesis|[silent]
|
|upkeep
|
|t:|1779655264
|switch|p2a: Samurott|Samurott-Hisui, M|64/100
|-damage|p2a: Samurott|51/100|[from] Stealth Rock
|turn|17
|
|t:|1779655268
|move|p2a: Samurott|Sucker Punch|p1a: SHOXY
|-damage|p1a: SHOXY|15/100
|move|p1a: SHOXY|Hurricane|p2a: Samurott
|-damage|p2a: Samurott|0 fnt
|faint|p2a: Samurott
|
|upkeep
|
|t:|1779655275
|switch|p2a: Zapdos|Zapdos|38/100
|turn|18
|
|t:|1779655277
|move|p1a: SHOXY|Hurricane|p2a: Zapdos|[miss]
|-miss|p1a: SHOXY|p2a: Zapdos
|move|p2a: Zapdos|Roost|p2a: Zapdos
|-heal|p2a: Zapdos|88/100
|-singleturn|p2a: Zapdos|move: Roost
|
|upkeep
|turn|19
|
|t:|1779655283
|move|p1a: SHOXY|Hurricane|p2a: Zapdos
|-resisted|p2a: Zapdos
|-damage|p2a: Zapdos|43/100
|move|p2a: Zapdos|Volt Switch|p1a: SHOXY
|-damage|p1a: SHOXY|0 fnt
|faint|p1a: SHOXY
|
|t:|1779655297
|switch|p2a: Hydrapple|Hydrapple, F|100/100|[from] Volt Switch
|-damage|p2a: Hydrapple|88/100|[from] Stealth Rock
|
|upkeep
|
|t:|1779655301
|switch|p1a: CASPER|Okidogi, M|97/100
|-damage|p1a: CASPER|84/100|[from] Spikes
|turn|20
|
|t:|1779655304
|move|p1a: CASPER|Ice Punch|p2a: Hydrapple
|-supereffective|p2a: Hydrapple
|-damage|p2a: Hydrapple|42/100
|-damage|p1a: CASPER|67/100|[from] item: Rocky Helmet|[of] p2a: Hydrapple
|move|p2a: Hydrapple|Nasty Plot|p2a: Hydrapple
|-boost|p2a: Hydrapple|spa|2
|
|-heal|p1a: CASPER|74/100|[from] item: Leftovers
|upkeep
|turn|21
|
|t:|1779655308
|-terastallize|p2a: Hydrapple|Steel
|move|p1a: CASPER|Ice Punch|p2a: Hydrapple
|-resisted|p2a: Hydrapple
|-damage|p2a: Hydrapple|36/100
|-damage|p1a: CASPER|57/100|[from] item: Rocky Helmet|[of] p2a: Hydrapple
|move|p2a: Hydrapple|Earth Power|p1a: CASPER
|-supereffective|p1a: CASPER
|-crit|p1a: CASPER
|-damage|p1a: CASPER|0 fnt
|faint|p1a: CASPER
|
|upkeep
|
|t:|1779655318
|switch|p1a: RUNE 2H|Iron Valiant|100/100
|-damage|p1a: RUNE 2H|88/100|[from] Spikes
|-enditem|p1a: RUNE 2H|Booster Energy
|-activate|p1a: RUNE 2H|ability: Quark Drive|[fromitem]
|-start|p1a: RUNE 2H|quarkdrivespe
|turn|22
|
|t:|1779655322
|move|p1a: RUNE 2H|Close Combat|p2a: Hydrapple
|-supereffective|p2a: Hydrapple
|-damage|p2a: Hydrapple|0 fnt
|-unboost|p1a: RUNE 2H|def|1
|-unboost|p1a: RUNE 2H|spd|1
|-damage|p1a: RUNE 2H|71/100|[from] item: Rocky Helmet|[of] p2a: Hydrapple
|faint|p2a: Hydrapple
|
|upkeep
|
|t:|1779655327
|switch|p2a: Zapdos|Zapdos|43/100
|turn|23
|
|t:|1779655332
|move|p1a: RUNE 2H|Psycho Cut|p2a: Zapdos
|-damage|p2a: Zapdos|19/100
|move|p2a: Zapdos|Hurricane|p1a: RUNE 2H|[miss]
|-miss|p2a: Zapdos|p1a: RUNE 2H
|
|upkeep
|turn|24
|
|t:|1779655336
|move|p1a: RUNE 2H|Knock Off|p2a: Zapdos
|-damage|p2a: Zapdos|0 fnt
|-enditem|p2a: Zapdos|Heavy-Duty Boots|[from] move: Knock Off|[of] p1a: RUNE 2H
|faint|p2a: Zapdos
|
|upkeep
|
|t:|1779655338
|switch|p2a: Iron Valiant|Iron Valiant|100/100
|-damage|p2a: Iron Valiant|94/100|[from] Stealth Rock
|-enditem|p2a: Iron Valiant|Booster Energy
|-activate|p2a: Iron Valiant|ability: Quark Drive|[fromitem]
|-start|p2a: Iron Valiant|quarkdrivespe
|turn|25
|
|t:|1779655342
|move|p2a: Iron Valiant|Moonblast|p1a: RUNE 2H
|-supereffective|p1a: RUNE 2H
|-damage|p1a: RUNE 2H|0 fnt
|faint|p1a: RUNE 2H
|-end|p1a: RUNE 2H|Quark Drive|[silent]
|
|upkeep
|
|t:|1779655344
|switch|p1a: BLUE DREAM|Mew, shiny|100/100
|-damage|p1a: BLUE DREAM|88/100|[from] Spikes
|turn|26
|
|t:|1779655350
|move|p2a: Iron Valiant|Knock Off|p1a: BLUE DREAM
|-supereffective|p1a: BLUE DREAM
|-crit|p1a: BLUE DREAM
|-damage|p1a: BLUE DREAM|0 fnt
|-enditem|p1a: BLUE DREAM|Choice Specs|[from] move: Knock Off|[of] p2a: Iron Valiant
|faint|p1a: BLUE DREAM
|
|win|uh76
|raw|TWENNY7's rating: 1394 &rarr; <strong>1372</strong><br />(-22 for losing)
|raw|uh76's rating: 1365 &rarr; <strong>1387</strong><br />(+22 for winning)
|l|☆TWENNY7
|player|p1|
|l|☆uh76
|player|p2|
