|j|☆Grassros
|j|☆MoncefTheW
|t:|1779635052
|gametype|singles
|player|p1|Grassros|ingo|1153
|player|p2|MoncefTheW|psychic-gen4|1141
|gen|9
|tier|[Gen 9] OU
|rated|
|rule|HP Percentage Mod: HP is shown in percentages
|rule|Endless Battle Clause: Forcing endless battles is banned
|rule|Species Clause: Limit one of each Pokémon
|rule|OHKO Clause: OHKO moves are banned
|rule|Evasion Items Clause: Evasion items are banned
|rule|Evasion Moves Clause: Evasion moves are banned
|rule|Evasion Abilities Clause: Evasion abilities are banned
|rule|Sleep Moves Clause: Sleep-inducing moves are banned
|clearpoke
|poke|p1|Glimmora, F|
|poke|p1|Enamorus, F|
|poke|p1|Samurott-Hisui, M|
|poke|p1|Iron Moth|
|poke|p1|Meowscarada, F|
|poke|p1|Garchomp, F|
|poke|p2|Meowscarada, F|
|poke|p2|Volcanion|
|poke|p2|Scizor, M|
|poke|p2|Mimikyu, M|
|poke|p2|Blissey, F|
|poke|p2|Iron Hands|
|teampreview
|inactive|Battle timer is ON: inactive players will automatically lose when time's up. (requested by Grassros)
|inactive|MoncefTheW also wants the timer to be on.
|
|t:|1779635060
|teamsize|p1|6
|teamsize|p2|6
|start
|switch|p1a: Glimmora|Glimmora, F|100/100
|switch|p2a: Obsidian|Volcanion|100/100
|turn|1
|
|t:|1779635064
|move|p1a: Glimmora|Stealth Rock|p2a: Obsidian
|-sidestart|p2: MoncefTheW|move: Stealth Rock
|move|p2a: Obsidian|Steam Eruption|p1a: Glimmora
|-supereffective|p1a: Glimmora
|-enditem|p1a: Glimmora|Focus Sash
|-damage|p1a: Glimmora|1/100
|
|upkeep
|turn|2
|
|t:|1779635070
|move|p1a: Glimmora|Mortal Spin|p2a: Obsidian
|-damage|p2a: Obsidian|94/100
|-status|p2a: Obsidian|psn
|move|p2a: Obsidian|Earth Power|p1a: Glimmora
|-supereffective|p1a: Glimmora
|-damage|p1a: Glimmora|0 fnt
|faint|p1a: Glimmora
|
|-heal|p2a: Obsidian|99/100 psn|[from] item: Leftovers
|-damage|p2a: Obsidian|87/100 psn|[from] psn
|upkeep
|
|t:|1779635087
|switch|p1a: Garchomp|Garchomp, F|100/100
|turn|3
|
|t:|1779635092
|move|p1a: Garchomp|Swords Dance|p1a: Garchomp
|-boost|p1a: Garchomp|atk|2
|move|p2a: Obsidian|Steam Eruption|p1a: Garchomp
|-damage|p1a: Garchomp|36/100
|-status|p1a: Garchomp|brn
|
|-heal|p2a: Obsidian|93/100 psn|[from] item: Leftovers
|-damage|p2a: Obsidian|81/100 psn|[from] psn
|-damage|p1a: Garchomp|29/100 brn|[from] brn
|upkeep
|turn|4
|
|t:|1779635103
|switch|p2a: paws with claws|Meowscarada, F, shiny|100/100
|-damage|p2a: paws with claws|88/100|[from] Stealth Rock
|move|p1a: Garchomp|Scale Shot|p2a: paws with claws|[miss]
|-miss|p1a: Garchomp|p2a: paws with claws
|
|-damage|p1a: Garchomp|23/100 brn|[from] brn
|upkeep
|turn|5
|
|t:|1779635113
|move|p2a: paws with claws|U-turn|p1a: Garchomp
|-start|p2a: paws with claws|typechange|Bug|[from] ability: Protean
|-crit|p1a: Garchomp
|-damage|p1a: Garchomp|0 fnt
|-damage|p2a: paws with claws|76/100|[from] ability: Rough Skin|[of] p1a: Garchomp
|faint|p1a: Garchomp
|
|t:|1779635118
|switch|p2a: fat but enduring|Blissey, F|100/100|[from] U-turn
|-damage|p2a: fat but enduring|88/100|[from] Stealth Rock
|
|-heal|p2a: fat but enduring|94/100|[from] item: Leftovers
|upkeep
|
|t:|1779635121
|switch|p1a: Enamorus|Enamorus, F|100/100
|turn|6
|
|t:|1779635124
|move|p1a: Enamorus|Superpower|p2a: fat but enduring
|-supereffective|p2a: fat but enduring
|-damage|p2a: fat but enduring|27/100
|-boost|p1a: Enamorus|atk|1
|-boost|p1a: Enamorus|def|1
|move|p2a: fat but enduring|Heal Bell|p2a: fat but enduring
|-activate|p2a: fat but enduring|move: Heal Bell
|-curestatus|p2: Obsidian|psn|[msg]
|
|-heal|p2a: fat but enduring|33/100|[from] item: Leftovers
|upkeep
|turn|7
|
|t:|1779635128
|-terastallize|p2a: fat but enduring|Ghost
|move|p1a: Enamorus|Superpower|p2a: fat but enduring
|-immune|p2a: fat but enduring
|move|p2a: fat but enduring|Thunder Wave|p1a: Enamorus
|-status|p1a: Enamorus|par
|
|-heal|p2a: fat but enduring|40/100|[from] item: Leftovers
|upkeep
|turn|8
|
|t:|1779635137
|move|p1a: Enamorus|Play Rough|p2a: fat but enduring|[miss]
|-miss|p1a: Enamorus|p2a: fat but enduring
|move|p2a: fat but enduring|Soft-Boiled|p2a: fat but enduring
|-heal|p2a: fat but enduring|90/100
|
|-heal|p2a: fat but enduring|96/100|[from] item: Leftovers
|upkeep
|turn|9
|
|t:|1779635142
|switch|p2a: scissors|Scizor, M|100/100
|-damage|p2a: scissors|88/100|[from] Stealth Rock
|move|p1a: Enamorus|Play Rough|p2a: scissors
|-resisted|p2a: scissors
|-damage|p2a: scissors|53/100
|-unboost|p2a: scissors|atk|1
|
|-heal|p2a: scissors|59/100|[from] item: Leftovers
|upkeep
|turn|10
|
|t:|1779635149
|cant|p1a: Enamorus|par
|move|p2a: scissors|Swords Dance|p2a: scissors
|-boost|p2a: scissors|atk|2
|
|-heal|p2a: scissors|65/100|[from] item: Leftovers
|upkeep
|turn|11
|
|t:|1779635152
|move|p2a: scissors|Bullet Punch|p1a: Enamorus
|-supereffective|p1a: Enamorus
|-damage|p1a: Enamorus|0 fnt
|faint|p1a: Enamorus
|
|-heal|p2a: scissors|71/100|[from] item: Leftovers
|upkeep
|
|t:|1779635155
|switch|p1a: Iron Moth|Iron Moth|100/100
|-enditem|p1a: Iron Moth|Booster Energy
|-activate|p1a: Iron Moth|ability: Quark Drive|[fromitem]
|-start|p1a: Iron Moth|quarkdrivespa
|turn|12
|
|t:|1779635160
|switch|p2a: pikachu wannabe|Mimikyu, M, shiny|100/100
|-damage|p2a: pikachu wannabe|88/100|[from] Stealth Rock
|move|p1a: Iron Moth|Fiery Dance|p2a: pikachu wannabe
|-activate|p2a: pikachu wannabe|ability: Disguise
|-damage|p2a: pikachu wannabe|88/100
|detailschange|p2a: pikachu wannabe|Mimikyu-Busted, M, shiny
|-damage|p2a: pikachu wannabe|76/100|[from] pokemon: Mimikyu-Busted
|-enditem|p2a: pikachu wannabe|Red Card|[of] p1a: Iron Moth
|-end|p1a: Iron Moth|Quark Drive|[silent]
|drag|p1a: Meowscarada|Meowscarada, F|100/100
|
|upkeep
|turn|13
|
|t:|1779635185
|move|p1a: Meowscarada|Triple Axel|p2a: pikachu wannabe
|-start|p1a: Meowscarada|typechange|Ice|[from] ability: Protean
|-damage|p2a: pikachu wannabe|53/100
|-damage|p2a: pikachu wannabe|10/100
|-damage|p2a: pikachu wannabe|0 fnt
|faint|p2a: pikachu wannabe
|-hitcount|p2: pikachu wannabe|3
|
|upkeep
|
|t:|1779635189
|switch|p2a: fat but strong|Iron Hands, shiny|100/100
|-damage|p2a: fat but strong|94/100|[from] Stealth Rock
|-enditem|p2a: fat but strong|Booster Energy
|-activate|p2a: fat but strong|ability: Quark Drive|[fromitem]
|-start|p2a: fat but strong|quarkdriveatk
|turn|14
|
|t:|1779635193
|switch|p1a: Iron Moth|Iron Moth|100/100
|move|p2a: fat but strong|Swords Dance|p2a: fat but strong
|-boost|p2a: fat but strong|atk|2
|
|upkeep
|turn|15
|
|t:|1779635197
|move|p1a: Iron Moth|Fiery Dance|p2a: fat but strong
|-damage|p2a: fat but strong|62/100
|-boost|p1a: Iron Moth|spa|1
|move|p2a: fat but strong|Supercell Slam|p1a: Iron Moth
|-damage|p1a: Iron Moth|0 fnt
|faint|p1a: Iron Moth
|-end|p1a: Iron Moth|Quark Drive|[silent]
|
|upkeep
|
|t:|1779635205
|switch|p1a: Samurott|Samurott-Hisui, M|100/100
|turn|16
|
|t:|1779635210
|move|p1a: Samurott|Razor Shell|p2a: fat but strong
|-damage|p2a: fat but strong|27/100
|-unboost|p2a: fat but strong|def|1
|move|p2a: fat but strong|Drain Punch|p1a: Samurott
|-supereffective|p1a: Samurott
|-damage|p1a: Samurott|0 fnt
|-heal|p2a: fat but strong|63/100|[from] drain|[of] p1a: Samurott
|faint|p1a: Samurott
|
|upkeep
|
|t:|1779635213
|switch|p1a: Meowscarada|Meowscarada, F|100/100
|turn|17
|
|t:|1779635220
|move|p1a: Meowscarada|Flower Trick|p2a: fat but strong
|-start|p1a: Meowscarada|typechange|Grass|[from] ability: Protean
|-crit|p2a: fat but strong
|-damage|p2a: fat but strong|0 fnt
|faint|p2a: fat but strong
|-end|p2a: fat but strong|Quark Drive|[silent]
|
|upkeep
|
|t:|1779635228
|switch|p2a: fat but enduring|Blissey, F, tera:Ghost|96/100
|-damage|p2a: fat but enduring|83/100|[from] Stealth Rock
|turn|18
|
|t:|1779635230
|move|p1a: Meowscarada|Flower Trick|p2a: fat but enduring
|-crit|p2a: fat but enduring
|-damage|p2a: fat but enduring|19/100
|move|p2a: fat but enduring|Thunder Wave|p1a: Meowscarada
|-status|p1a: Meowscarada|par
|
|-heal|p2a: fat but enduring|25/100|[from] item: Leftovers
|upkeep
|turn|19
|
|t:|1779635239
|-terastallize|p1a: Meowscarada|Grass
|move|p1a: Meowscarada|Flower Trick|p2a: fat but enduring
|-crit|p2a: fat but enduring
|-damage|p2a: fat but enduring|0 fnt
|faint|p2a: fat but enduring
|
|upkeep
|
|t:|1779635244
|switch|p2a: paws with claws|Meowscarada, F, shiny|76/100
|-damage|p2a: paws with claws|64/100|[from] Stealth Rock
|turn|20
|
|t:|1779635247
|move|p2a: paws with claws|Triple Axel|p1a: Meowscarada
|-start|p2a: paws with claws|typechange|Ice|[from] ability: Protean
|-supereffective|p1a: Meowscarada
|-damage|p1a: Meowscarada|53/100 par
|-supereffective|p1a: Meowscarada
|-damage|p1a: Meowscarada|0 fnt
|faint|p1a: Meowscarada
|-hitcount|p1: Meowscarada|2
|
|win|MoncefTheW
|raw|Grassros's rating: 1153 &rarr; <strong>1127</strong><br />(-26 for losing)
|raw|MoncefTheW's rating: 1141 &rarr; <strong>1167</strong><br />(+26 for winning)
