|j|☆TheLump
|j|☆PikaMax9
|t:|1779597158
|gametype|singles
|player|p1|TheLump|101|1153
|player|p2|PikaMax9|unknown|1082
|gen|9
|tier|[Gen 9] OU
|rated|
|rule|HP Percentage Mod: HP is shown in percentages
|rule|Endless Battle Clause: Forcing endless battles is banned
|rule|Species Clause: Limit one of each Pokémon
|rule|OHKO Clause: OHKO moves are banned
|rule|Evasion Items Clause: Evasion items are banned
|rule|Evasion Moves Clause: Evasion moves are banned
|rule|Evasion Abilities Clause: Evasion abilities are banned
|rule|Sleep Moves Clause: Sleep-inducing moves are banned
|clearpoke
|poke|p1|Torkoal, F|
|poke|p1|Weepinbell, M|
|poke|p1|Slither Wing|
|poke|p1|Iron Moth|
|poke|p1|Exeggutor, M|
|poke|p1|Victreebel, M|
|poke|p2|Gliscor, M|
|poke|p2|Ogerpon-Cornerstone, F|
|poke|p2|Iron Valiant|
|poke|p2|Dragapult, F|
|poke|p2|Iron Moth|
|poke|p2|Ninetales-Alola, M|
|teampreview
|
|t:|1779597192
|teamsize|p1|6
|teamsize|p2|6
|start
|switch|p1a: Torkoal|Torkoal, F, shiny|100/100
|switch|p2a: Dragapult|Dragapult, F|100/100
|-weather|SunnyDay|[from] ability: Drought|[of] p1a: Torkoal
|turn|1
|
|t:|1779597198
|move|p2a: Dragapult|Surf|p1a: Torkoal
|-supereffective|p1a: Torkoal
|-damage|p1a: Torkoal|72/100
|move|p1a: Torkoal|Will-O-Wisp|p2a: Dragapult
|-status|p2a: Dragapult|brn
|
|-weather|SunnyDay|[upkeep]
|-damage|p2a: Dragapult|95/100 brn|[from] brn
|upkeep
|turn|2
|
|t:|1779597215
|switch|p2a: Gliscor|Gliscor, M|100/100
|move|p1a: Torkoal|Stealth Rock|p2a: Gliscor
|-sidestart|p2: PikaMax9|move: Stealth Rock
|
|-weather|SunnyDay|[upkeep]
|upkeep
|turn|3
|
|t:|1779597222
|move|p2a: Gliscor|Knock Off|p1a: Torkoal
|-damage|p1a: Torkoal|53/100
|-enditem|p1a: Torkoal|Heat Rock|[from] move: Knock Off|[of] p2a: Gliscor
|move|p1a: Torkoal|Will-O-Wisp|p2a: Gliscor
|-status|p2a: Gliscor|brn
|
|-weather|SunnyDay|[upkeep]
|-damage|p2a: Gliscor|94/100 brn|[from] brn
|upkeep
|turn|4
|
|t:|1779597232
|move|p2a: Gliscor|Stealth Rock|p1a: Torkoal
|-sidestart|p1: TheLump|move: Stealth Rock
|move|p1a: Torkoal|Lava Plume|p2a: Gliscor
|-damage|p2a: Gliscor|41/100 brn
|
|-weather|SunnyDay|[upkeep]
|-damage|p2a: Gliscor|35/100 brn|[from] brn
|upkeep
|turn|5
|
|t:|1779597239
|move|p2a: Gliscor|Earthquake|p1a: Torkoal
|-supereffective|p1a: Torkoal
|-damage|p1a: Torkoal|23/100
|move|p1a: Torkoal|Rapid Spin|p2a: Gliscor
|-damage|p2a: Gliscor|26/100 brn
|-boost|p1a: Torkoal|spe|1
|-sideend|p1: TheLump|Stealth Rock|[from] move: Rapid Spin|[of] p1a: Torkoal
|
|-weather|SunnyDay|[upkeep]
|-damage|p2a: Gliscor|19/100 brn|[from] brn
|upkeep
|turn|6
|
|t:|1779597254
|switch|p2a: Iron Moth|Iron Moth|100/100
|-damage|p2a: Iron Moth|76/100|[from] Stealth Rock
|move|p1a: Torkoal|Rapid Spin|p2a: Iron Moth
|-damage|p2a: Iron Moth|61/100
|-boost|p1a: Torkoal|spe|1
|
|-weather|SunnyDay|[upkeep]
|upkeep
|turn|7
|
|t:|1779597262
|move|p2a: Iron Moth|Fiery Dance|p1a: Torkoal
|-resisted|p1a: Torkoal
|-damage|p1a: Torkoal|0 fnt
|faint|p1a: Torkoal
|
|-weather|SunnyDay|[upkeep]
|upkeep
|
|t:|1779597265
|switch|p1a: Iron Moth|Iron Moth|100/100
|-enditem|p1a: Iron Moth|Booster Energy
|-activate|p1a: Iron Moth|ability: Quark Drive|[fromitem]
|-start|p1a: Iron Moth|quarkdrivespe
|turn|8
|
|t:|1779597293
|move|p1a: Iron Moth|Fiery Dance|p2a: Iron Moth
|-resisted|p2a: Iron Moth
|-damage|p2a: Iron Moth|28/100
|move|p2a: Iron Moth|Fiery Dance|p1a: Iron Moth
|-resisted|p1a: Iron Moth
|-damage|p1a: Iron Moth|68/100
|-boost|p2a: Iron Moth|spa|1
|
|-weather|none
|upkeep
|turn|9
|
|t:|1779597315
|-end|p2a: Iron Moth|Quark Drive|[silent]
|switch|p2a: Dragapult|Dragapult, F|95/100 brn
|-damage|p2a: Dragapult|82/100 brn|[from] Stealth Rock
|move|p1a: Iron Moth|Fiery Dance|p2a: Dragapult
|-resisted|p2a: Dragapult
|-damage|p2a: Dragapult|53/100 brn
|-boost|p1a: Iron Moth|spa|1
|
|-damage|p2a: Dragapult|47/100 brn|[from] brn
|upkeep
|turn|10
|
|t:|1779597325
|move|p1a: Iron Moth|Dazzling Gleam|p2a: Dragapult
|-supereffective|p2a: Dragapult
|-damage|p2a: Dragapult|0 fnt
|faint|p2a: Dragapult
|
|upkeep
|
|t:|1779597333
|switch|p2a: Gliscor|Gliscor, M|19/100 brn
|turn|11
|
|t:|1779597339
|move|p1a: Iron Moth|Fiery Dance|p2a: Gliscor
|-damage|p2a: Gliscor|0 fnt
|-boost|p1a: Iron Moth|spa|1
|faint|p2a: Gliscor
|
|upkeep
|
|t:|1779597357
|switch|p2a: Iron Valiant|Iron Valiant|100/100
|-damage|p2a: Iron Valiant|94/100|[from] Stealth Rock
|turn|12
|
|t:|1779597367
|move|p1a: Iron Moth|Sludge Wave|p2a: Iron Valiant
|-supereffective|p2a: Iron Valiant
|-damage|p2a: Iron Valiant|0 fnt
|faint|p2a: Iron Valiant
|-end|p2a: Iron Valiant|Quark Drive|[silent]
|
|upkeep
|
|t:|1779597375
|switch|p2a: Ninetales|Ninetales-Alola, M|100/100
|-damage|p2a: Ninetales|76/100|[from] Stealth Rock
|-weather|Snowscape|[from] ability: Snow Warning|[of] p2a: Ninetales
|turn|13
|
|t:|1779597383
|move|p1a: Iron Moth|Fiery Dance|p2a: Ninetales
|-supereffective|p2a: Ninetales
|-damage|p2a: Ninetales|0 fnt
|faint|p2a: Ninetales
|
|-weather|Snowscape|[upkeep]
|upkeep
|
|t:|1779597391
|switch|p2a: Iron Moth|Iron Moth|28/100
|-damage|p2a: Iron Moth|3/100|[from] Stealth Rock
|turn|14
|
|t:|1779597396
|move|p1a: Iron Moth|Fiery Dance|p2a: Iron Moth
|-resisted|p2a: Iron Moth
|-damage|p2a: Iron Moth|0 fnt
|faint|p2a: Iron Moth
|-end|p2a: Iron Moth|Quark Drive|[silent]
|
|-weather|Snowscape|[upkeep]
|upkeep
|
|t:|1779597403
|switch|p2a: Ogerpon|Ogerpon-Cornerstone, F|100/100
|-damage|p2a: Ogerpon|88/100|[from] Stealth Rock
|turn|15
|
|t:|1779597409
|move|p1a: Iron Moth|Fiery Dance|p2a: Ogerpon
|-damage|p2a: Ogerpon|0 fnt
|faint|p2a: Ogerpon
|
|win|TheLump
|raw|TheLump's rating: 1153 &rarr; <strong>1173</strong><br />(+20 for winning)
|raw|PikaMax9's rating: 1082 &rarr; <strong>1064</strong><br />(-18 for losing)
|l|☆TheLump
|player|p1|
|l|☆PikaMax9
|player|p2|
