|j|☆TheSwagBlaster
|j|☆thegreatestnone
|t:|1779685786
|gametype|singles
|player|p1|TheSwagBlaster|roxie|1445
|player|p2|thegreatestnone|169|1372
|gen|9
|tier|[Gen 9] OU
|rated|
|rule|HP Percentage Mod: HP is shown in percentages
|rule|Endless Battle Clause: Forcing endless battles is banned
|rule|Species Clause: Limit one of each Pokémon
|rule|OHKO Clause: OHKO moves are banned
|rule|Evasion Items Clause: Evasion items are banned
|rule|Evasion Moves Clause: Evasion moves are banned
|rule|Evasion Abilities Clause: Evasion abilities are banned
|rule|Sleep Moves Clause: Sleep-inducing moves are banned
|clearpoke
|poke|p1|Iron Valiant|
|poke|p1|Ting-Lu|
|poke|p1|Great Tusk|
|poke|p1|Gholdengo|
|poke|p1|Garganacl, F|
|poke|p1|Pecharunt|
|poke|p2|Politoed, F|
|poke|p2|Crawdaunt, M|
|poke|p2|Pelipper, M|
|poke|p2|Iron Valiant|
|poke|p2|Azumarill, F|
|poke|p2|Regieleki|
|teampreview
|
|t:|1779685815
|teamsize|p1|6
|teamsize|p2|6
|start
|switch|p1a: Garganacl|Garganacl, F|100/100
|switch|p2a: Politoed|Politoed, F|100/100
|-weather|RainDance|[from] ability: Drizzle|[of] p2a: Politoed
|turn|1
|
|t:|1779685824
|-terastallize|p1a: Garganacl|Water
|move|p2a: Politoed|Surf|p1a: Garganacl
|-resisted|p1a: Garganacl
|-damage|p1a: Garganacl|86/100
|move|p1a: Garganacl|Salt Cure|p2a: Politoed
|-damage|p2a: Politoed|84/100
|-start|p2a: Politoed|Salt Cure
|
|-weather|RainDance|[upkeep]
|-heal|p1a: Garganacl|92/100|[from] item: Leftovers
|-damage|p2a: Politoed|59/100|[from] Salt Cure
|upkeep
|turn|2
|
|t:|1779685836
|switch|p2a: Regieleki|Regieleki|100/100
|move|p1a: Garganacl|Salt Cure|p2a: Regieleki
|-damage|p2a: Regieleki|75/100
|-start|p2a: Regieleki|Salt Cure
|
|-weather|RainDance|[upkeep]
|-heal|p1a: Garganacl|99/100|[from] item: Leftovers
|-damage|p2a: Regieleki|63/100|[from] Salt Cure
|upkeep
|turn|3
|
|t:|1779685845
|switch|p2a: Azumarill|Azumarill, F|100/100
|move|p1a: Garganacl|Protect||[still]
|-fail|p1a: Garganacl
|
|-weather|RainDance|[upkeep]
|-heal|p1a: Garganacl|100/100|[from] item: Leftovers
|upkeep
|turn|4
|
|t:|1779685865
|switch|p2a: Iron Valiant|Iron Valiant|100/100
|move|p1a: Garganacl|Salt Cure|p2a: Iron Valiant
|-resisted|p2a: Iron Valiant
|-damage|p2a: Iron Valiant|91/100
|-start|p2a: Iron Valiant|Salt Cure
|
|-weather|RainDance|[upkeep]
|-damage|p2a: Iron Valiant|79/100|[from] Salt Cure
|upkeep
|turn|5
|
|t:|1779685874
|switch|p1a: Pecharunt|Pecharunt|100/100
|move|p2a: Iron Valiant|Knock Off|p1a: Pecharunt
|-supereffective|p1a: Pecharunt
|-damage|p1a: Pecharunt|53/100
|-enditem|p1a: Pecharunt|Heavy-Duty Boots|[from] move: Knock Off|[of] p2a: Iron Valiant
|
|-weather|RainDance|[upkeep]
|-damage|p2a: Iron Valiant|66/100|[from] Salt Cure
|upkeep
|turn|6
|
|t:|1779685883
|-end|p2a: Iron Valiant|Quark Drive|[silent]
|switch|p2a: Pelipper|Pelipper, M|100/100
|move|p1a: Pecharunt|Parting Shot|p2a: Pelipper
|-unboost|p2a: Pelipper|atk|1
|-unboost|p2a: Pelipper|spa|1
|
|t:|1779685891
|switch|p1a: Garganacl|Garganacl, F, tera:Water|100/100|[from] Parting Shot
|
|-weather|RainDance|[upkeep]
|upkeep
|turn|7
|
|t:|1779685900
|move|p2a: Pelipper|Hurricane|p1a: Garganacl
|-damage|p1a: Garganacl|68/100
|move|p1a: Garganacl|Salt Cure|p2a: Pelipper
|-supereffective|p2a: Pelipper
|-damage|p2a: Pelipper|68/100
|-start|p2a: Pelipper|Salt Cure
|
|-weather|RainDance|[upkeep]
|-heal|p1a: Garganacl|74/100|[from] item: Leftovers
|-damage|p2a: Pelipper|44/100|[from] Salt Cure
|upkeep
|turn|8
|
|t:|1779685910
|switch|p2a: Iron Valiant|Iron Valiant|66/100
|move|p1a: Garganacl|Salt Cure|p2a: Iron Valiant
|-resisted|p2a: Iron Valiant
|-damage|p2a: Iron Valiant|58/100
|-start|p2a: Iron Valiant|Salt Cure
|
|-weather|none
|-heal|p1a: Garganacl|80/100|[from] item: Leftovers
|-damage|p2a: Iron Valiant|45/100|[from] Salt Cure
|upkeep
|turn|9
|
|t:|1779685920
|-end|p2a: Iron Valiant|Quark Drive|[silent]
|switch|p2a: Pelipper|Pelipper, M|44/100
|-weather|RainDance|[from] ability: Drizzle|[of] p2a: Pelipper
|move|p1a: Garganacl|Protect||[still]
|-fail|p1a: Garganacl
|
|-weather|RainDance|[upkeep]
|-heal|p1a: Garganacl|86/100|[from] item: Leftovers
|upkeep
|turn|10
|
|t:|1779685929
|move|p2a: Pelipper|Hurricane|p1a: Garganacl
|-damage|p1a: Garganacl|40/100
|-start|p1a: Garganacl|confusion
|-activate|p1a: Garganacl|confusion
|move|p1a: Garganacl|Salt Cure|p2a: Pelipper
|-supereffective|p2a: Pelipper
|-damage|p2a: Pelipper|13/100
|-start|p2a: Pelipper|Salt Cure
|
|-weather|RainDance|[upkeep]
|-heal|p1a: Garganacl|47/100|[from] item: Leftovers
|-damage|p2a: Pelipper|0 fnt|[from] Salt Cure
|faint|p2a: Pelipper
|upkeep
|
|t:|1779685934
|switch|p2a: Crawdaunt|Crawdaunt, M|100/100
|turn|11
|
|t:|1779685954
|move|p2a: Crawdaunt|Liquidation|p1a: Garganacl
|-resisted|p1a: Garganacl
|-damage|p1a: Garganacl|2/100
|-unboost|p1a: Garganacl|def|1
|-activate|p1a: Garganacl|confusion
|-damage|p1a: Garganacl|0 fnt|[from] confusion
|faint|p1a: Garganacl
|
|-weather|RainDance|[upkeep]
|upkeep
|
|t:|1779685961
|switch|p1a: Iron Valiant|Iron Valiant|100/100
|turn|12
|
|t:|1779685967
|switch|p2a: Regieleki|Regieleki|63/100
|move|p1a: Iron Valiant|Moonblast|p2a: Regieleki
|-damage|p2a: Regieleki|0 fnt
|faint|p2a: Regieleki
|
|-weather|RainDance|[upkeep]
|upkeep
|
|t:|1779685971
|switch|p2a: Crawdaunt|Crawdaunt, M|100/100
|turn|13
|
|t:|1779685980
|-terastallize|p2a: Crawdaunt|Water
|move|p2a: Crawdaunt|Aqua Jet|p1a: Iron Valiant
|-damage|p1a: Iron Valiant|12/100
|move|p1a: Iron Valiant|Moonblast|p2a: Crawdaunt
|-damage|p2a: Crawdaunt|0 fnt
|faint|p2a: Crawdaunt
|
|-weather|none
|upkeep
|
|t:|1779685986
|switch|p2a: Politoed|Politoed, F|59/100
|-weather|RainDance|[from] ability: Drizzle|[of] p2a: Politoed
|turn|14
|
|t:|1779685992
|move|p1a: Iron Valiant|Moonblast|p2a: Politoed
|-damage|p2a: Politoed|10/100
|-unboost|p2a: Politoed|spa|1
|move|p2a: Politoed|Surf|p1a: Iron Valiant
|-damage|p1a: Iron Valiant|0 fnt
|faint|p1a: Iron Valiant
|-end|p1a: Iron Valiant|Quark Drive|[silent]
|
|-weather|RainDance|[upkeep]
|upkeep
|
|t:|1779686004
|switch|p1a: Gholdengo|Gholdengo|100/100
|-item|p1a: Gholdengo|Air Balloon
|turn|15
|
|t:|1779686010
|switch|p2a: Iron Valiant|Iron Valiant|45/100
|move|p1a: Gholdengo|Shadow Ball|p2a: Iron Valiant
|-damage|p2a: Iron Valiant|0 fnt
|faint|p2a: Iron Valiant
|-end|p2a: Iron Valiant|Quark Drive|[silent]
|
|-weather|RainDance|[upkeep]
|upkeep
|
|t:|1779686012
|switch|p2a: Azumarill|Azumarill, F|100/100
|turn|16
|
|t:|1779686021
|move|p1a: Gholdengo|Shadow Ball|p2a: Azumarill
|-damage|p2a: Azumarill|64/100
|move|p2a: Azumarill|Belly Drum|p2a: Azumarill
|-damage|p2a: Azumarill|14/100
|-setboost|p2a: Azumarill|atk|6|[from] move: Belly Drum
|-enditem|p2a: Azumarill|Sitrus Berry|[eat]
|-heal|p2a: Azumarill|39/100|[from] item: Sitrus Berry
|
|-weather|RainDance|[upkeep]
|upkeep
|turn|17
|
|t:|1779686032
|move|p2a: Azumarill|Aqua Jet|p1a: Gholdengo
|-damage|p1a: Gholdengo|0 fnt
|-enditem|p1a: Gholdengo|Air Balloon
|faint|p1a: Gholdengo
|
|-weather|RainDance|[upkeep]
|upkeep
|
|t:|1779686048
|switch|p1a: Pecharunt|Pecharunt|53/100
|turn|18
|
|t:|1779686051
|move|p2a: Azumarill|Aqua Jet|p1a: Pecharunt
|-damage|p1a: Pecharunt|0 fnt
|faint|p1a: Pecharunt
|
|-weather|RainDance|[upkeep]
|upkeep
|-message|TheSwagBlaster forfeited.
|
|win|thegreatestnone
|raw|TheSwagBlaster's rating: 1445 &rarr; <strong>1421</strong><br />(-24 for losing)
|raw|thegreatestnone's rating: 1372 &rarr; <strong>1396</strong><br />(+24 for winning)
|l|☆TheSwagBlaster
|player|p1|
|l|☆thegreatestnone
|player|p2|
