|j|☆vaxanon
|j|☆chaitu ghuge
|t:|1779718379
|gametype|singles
|player|p1|vaxanon|169|1296
|player|p2|chaitu ghuge|bellelba|1345
|gen|9
|tier|[Gen 9] OU
|rated|
|rule|HP Percentage Mod: HP is shown in percentages
|rule|Endless Battle Clause: Forcing endless battles is banned
|rule|Species Clause: Limit one of each Pokémon
|rule|OHKO Clause: OHKO moves are banned
|rule|Evasion Items Clause: Evasion items are banned
|rule|Evasion Moves Clause: Evasion moves are banned
|rule|Evasion Abilities Clause: Evasion abilities are banned
|rule|Sleep Moves Clause: Sleep-inducing moves are banned
|clearpoke
|poke|p1|Meowscarada, F|
|poke|p1|Gastrodon-East, M|
|poke|p1|Ambipom, M|
|poke|p1|Cinderace, M|
|poke|p1|Whimsicott, F|
|poke|p1|Sableye, M|
|poke|p2|Raging Bolt|
|poke|p2|Kingambit, M|
|poke|p2|Hatterene, F|
|poke|p2|Great Tusk|
|poke|p2|Torkoal, M|
|poke|p2|Walking Wake|
|teampreview
|inactive|Battle timer is ON: inactive players will automatically lose when time's up. (requested by chaitu ghuge)
|
|t:|1779718390
|teamsize|p1|6
|teamsize|p2|6
|start
|switch|p1a: Ambipom|Ambipom, M, shiny|100/100
|switch|p2a: Torkoal|Torkoal, M, shiny|100/100
|-weather|SunnyDay|[from] ability: Drought|[of] p2a: Torkoal
|turn|1
|
|t:|1779718397
|-terastallize|p1a: Ambipom|Normal
|move|p1a: Ambipom|Fake Out|p2a: Torkoal
|-damage|p2a: Torkoal|77/100
|cant|p2a: Torkoal|flinch
|
|-weather|SunnyDay|[upkeep]
|upkeep
|turn|2
|
|t:|1779718404
|move|p1a: Ambipom|U-turn|p2a: Torkoal
|-resisted|p2a: Torkoal
|-damage|p2a: Torkoal|70/100
|
|t:|1779718407
|switch|p1a: Gastrodon|Gastrodon-East, M|100/100|[from] U-turn
|move|p2a: Torkoal|Will-O-Wisp|p1a: Gastrodon
|-status|p1a: Gastrodon|brn
|
|-weather|SunnyDay|[upkeep]
|-damage|p1a: Gastrodon|94/100 brn|[from] brn
|upkeep
|turn|3
|
|t:|1779718416
|switch|p2a: Hatterene|Hatterene, F, shiny|100/100
|move|p1a: Gastrodon|Chilling Water|p2a: Hatterene
|-damage|p2a: Hatterene|96/100
|-unboost|p2a: Hatterene|atk|1
|
|-weather|SunnyDay|[upkeep]
|-damage|p1a: Gastrodon|88/100 brn|[from] brn
|upkeep
|turn|4
|
|t:|1779718433
|move|p1a: Gastrodon|Earth Power|p2a: Hatterene
|-damage|p2a: Hatterene|79/100
|move|p2a: Hatterene|Draining Kiss|p1a: Gastrodon
|-damage|p1a: Gastrodon|64/100 brn
|-heal|p2a: Hatterene|100/100|[from] drain|[of] p1a: Gastrodon
|-damage|p2a: Hatterene|84/100|[from] item: Rocky Helmet|[of] p1a: Gastrodon
|
|-weather|SunnyDay|[upkeep]
|-damage|p1a: Gastrodon|58/100 brn|[from] brn
|upkeep
|turn|5
|
|t:|1779718445
|move|p1a: Gastrodon|Recover|p1a: Gastrodon
|-heal|p1a: Gastrodon|100/100 brn
|move|p2a: Hatterene|Psyshock|p1a: Gastrodon
|-damage|p1a: Gastrodon|70/100 brn
|
|-weather|SunnyDay|[upkeep]
|-damage|p1a: Gastrodon|63/100 brn|[from] brn
|upkeep
|turn|6
|
|t:|1779718453
|switch|p1a: Meowscarada|Meowscarada, F, shiny|100/100
|move|p2a: Hatterene|Mystical Fire|p1a: Meowscarada
|-supereffective|p1a: Meowscarada
|-damage|p1a: Meowscarada|0 fnt
|faint|p1a: Meowscarada
|
|-weather|SunnyDay|[upkeep]
|upkeep
|-message|vaxanon forfeited.
|
|win|chaitu ghuge
|raw|vaxanon's rating: 1296 &rarr; <strong>1275</strong><br />(-21 for losing)
|raw|chaitu ghuge's rating: 1345 &rarr; <strong>1362</strong><br />(+17 for winning)
|l|☆vaxanon
|player|p1|
|l|☆chaitu ghuge
|player|p2|
