|j|☆suntt1
|j|☆engeruzimmer
|t:|1779610172
|gametype|singles
|player|p1|suntt1|102|1194
|player|p2|engeruzimmer|102|1269
|gen|9
|tier|[Gen 9] OU
|rated|
|rule|HP Percentage Mod: HP is shown in percentages
|rule|Endless Battle Clause: Forcing endless battles is banned
|rule|Species Clause: Limit one of each Pokémon
|rule|OHKO Clause: OHKO moves are banned
|rule|Evasion Items Clause: Evasion items are banned
|rule|Evasion Moves Clause: Evasion moves are banned
|rule|Evasion Abilities Clause: Evasion abilities are banned
|rule|Sleep Moves Clause: Sleep-inducing moves are banned
|clearpoke
|poke|p1|Ninetales, F|
|poke|p1|Slither Wing|
|poke|p1|Great Tusk|
|poke|p1|Walking Wake|
|poke|p1|Heatran, M|
|poke|p1|Venusaur, M|
|poke|p2|Skeledirge, M|
|poke|p2|Gastrodon, F|
|poke|p2|Walking Wake|
|poke|p2|Lilligant-Hisui, F|
|poke|p2|Torkoal, F|
|poke|p2|Sableye, M|
|teampreview
|
|t:|1779610198
|teamsize|p1|6
|teamsize|p2|6
|start
|switch|p1a: Ninetales|Ninetales, F|100/100
|switch|p2a: Sableye|Sableye, M, shiny|100/100
|-weather|SunnyDay|[from] ability: Drought|[of] p1a: Ninetales
|turn|1
|
|t:|1779610210
|switch|p1a: Heatran|Heatran, M|100/100
|move|p2a: Sableye|Light Screen|p2a: Sableye
|-sidestart|p2: engeruzimmer|move: Light Screen
|
|-weather|SunnyDay|[upkeep]
|upkeep
|turn|2
|
|t:|1779610216
|move|p2a: Sableye|Reflect|p2a: Sableye
|-sidestart|p2: engeruzimmer|Reflect
|move|p1a: Heatran|Stealth Rock|p2a: Sableye
|-sidestart|p2: engeruzimmer|move: Stealth Rock
|
|-weather|SunnyDay|[upkeep]
|upkeep
|turn|3
|
|t:|1779610228
|switch|p2a: Gastrodon|Gastrodon, F|100/100
|-damage|p2a: Gastrodon|94/100|[from] Stealth Rock
|move|p1a: Heatran|Flamethrower|p2a: Gastrodon
|-resisted|p2a: Gastrodon
|-damage|p2a: Gastrodon|77/100
|
|-weather|SunnyDay|[upkeep]
|-heal|p2a: Gastrodon|84/100|[from] item: Leftovers
|upkeep
|turn|4
|
|t:|1779610239
|move|p1a: Heatran|Solar Beam||[still]
|-prepare|p1a: Heatran|Solar Beam
|-anim|p1a: Heatran|Solar Beam|p2a: Gastrodon
|-supereffective|p2a: Gastrodon
|-damage|p2a: Gastrodon|11/100
|move|p2a: Gastrodon|Spikes|p1a: Heatran
|-sidestart|p1: suntt1|Spikes
|
|-weather|SunnyDay|[upkeep]
|-heal|p2a: Gastrodon|17/100|[from] item: Leftovers
|upkeep
|turn|5
|
|t:|1779610249
|switch|p2a: Torkoal|Torkoal, F, shiny|100/100
|-damage|p2a: Torkoal|75/100|[from] Stealth Rock
|move|p1a: Heatran|Solar Beam||[still]
|-prepare|p1a: Heatran|Solar Beam
|-anim|p1a: Heatran|Solar Beam|p2a: Torkoal
|-resisted|p2a: Torkoal
|-damage|p2a: Torkoal|59/100
|
|-weather|SunnyDay|[upkeep]
|upkeep
|turn|6
|
|t:|1779610262
|move|p1a: Heatran|Flamethrower|p2a: Torkoal
|-resisted|p2a: Torkoal
|-damage|p2a: Torkoal|28/100
|move|p2a: Torkoal|Stealth Rock|p1a: Heatran
|-sidestart|p1: suntt1|move: Stealth Rock
|
|-weather|SunnyDay|[upkeep]
|upkeep
|turn|7
|
|t:|1779610271
|move|p1a: Heatran|Flamethrower|p2a: Torkoal
|-resisted|p2a: Torkoal
|-damage|p2a: Torkoal|0 fnt
|faint|p2a: Torkoal
|
|-weather|SunnyDay|[upkeep]
|upkeep
|
|t:|1779610288
|switch|p2a: Lilligant|Lilligant-Hisui, F, shiny|100/100
|-damage|p2a: Lilligant|94/100|[from] Stealth Rock
|turn|8
|
|t:|1779610295
|switch|p1a: Slither Wing|Slither Wing|100/100
|-damage|p1a: Slither Wing|88/100|[from] Spikes
|-damage|p1a: Slither Wing|76/100|[from] Stealth Rock
|-activate|p1a: Slither Wing|ability: Protosynthesis
|-start|p1a: Slither Wing|protosynthesisatk
|-terastallize|p2a: Lilligant|Fire
|move|p2a: Lilligant|Swords Dance|p2a: Lilligant
|-boost|p2a: Lilligant|atk|2
|
|-weather|none
|-end|p1a: Slither Wing|Protosynthesis
|-sideend|p2: engeruzimmer|move: Light Screen
|upkeep
|turn|9
|
|t:|1779610322
|-end|p1a: Slither Wing|Protosynthesis|[silent]
|switch|p1a: Ninetales|Ninetales, F|100/100
|-damage|p1a: Ninetales|88/100|[from] Spikes
|-damage|p1a: Ninetales|63/100|[from] Stealth Rock
|-weather|SunnyDay|[from] ability: Drought|[of] p1a: Ninetales
|move|p2a: Lilligant|Triple Axel|p1a: Ninetales
|-resisted|p1a: Ninetales
|-damage|p1a: Ninetales|57/100
|-resisted|p1a: Ninetales
|-damage|p1a: Ninetales|44/100
|-resisted|p1a: Ninetales
|-damage|p1a: Ninetales|25/100
|-hitcount|p1a: Ninetales|3
|
|-weather|SunnyDay|[upkeep]
|-sideend|p2: engeruzimmer|Reflect
|upkeep
|turn|10
|
|t:|1779610342
|switch|p1a: Slither Wing|Slither Wing|76/100
|-damage|p1a: Slither Wing|64/100|[from] Spikes
|-damage|p1a: Slither Wing|51/100|[from] Stealth Rock
|-activate|p1a: Slither Wing|ability: Protosynthesis
|-start|p1a: Slither Wing|protosynthesisatk
|move|p2a: Lilligant|Triple Axel|p1a: Slither Wing
|-damage|p1a: Slither Wing|43/100
|-damage|p2a: Lilligant|78/100|[from] item: Rocky Helmet|[of] p1a: Slither Wing
|-damage|p1a: Slither Wing|28/100
|-damage|p2a: Lilligant|62/100|[from] item: Rocky Helmet|[of] p1a: Slither Wing
|-damage|p1a: Slither Wing|3/100
|-damage|p2a: Lilligant|45/100|[from] item: Rocky Helmet|[of] p1a: Slither Wing
|-hitcount|p1a: Slither Wing|3
|
|-weather|SunnyDay|[upkeep]
|upkeep
|turn|11
|
|t:|1779610360
|move|p1a: Slither Wing|First Impression|p2a: Lilligant
|-resisted|p2a: Lilligant
|-damage|p2a: Lilligant|18/100
|move|p2a: Lilligant|Solar Beam||[still]
|-prepare|p2a: Lilligant|Solar Beam
|-anim|p2a: Lilligant|Solar Beam|p1a: Slither Wing
|-resisted|p1a: Slither Wing
|-damage|p1a: Slither Wing|0 fnt
|faint|p1a: Slither Wing
|-end|p1a: Slither Wing|Protosynthesis|[silent]
|
|-weather|SunnyDay|[upkeep]
|upkeep
|
|t:|1779610377
|switch|p1a: Heatran|Heatran, M|100/100
|-damage|p1a: Heatran|88/100|[from] Spikes
|-damage|p1a: Heatran|76/100|[from] Stealth Rock
|turn|12
|
|t:|1779610386
|move|p2a: Lilligant|Close Combat|p1a: Heatran
|-supereffective|p1a: Heatran
|-damage|p1a: Heatran|0 fnt
|-unboost|p2a: Lilligant|def|1
|-unboost|p2a: Lilligant|spd|1
|faint|p1a: Heatran
|
|-weather|SunnyDay|[upkeep]
|upkeep
|
|t:|1779610396
|switch|p1a: Great Tusk|Great Tusk|100/100
|-damage|p1a: Great Tusk|88/100|[from] Spikes
|-damage|p1a: Great Tusk|85/100|[from] Stealth Rock
|-activate|p1a: Great Tusk|ability: Protosynthesis
|-start|p1a: Great Tusk|protosynthesisspe
|turn|13
|
|t:|1779610407
|-terastallize|p1a: Great Tusk|Fire
|move|p2a: Lilligant|Triple Axel|p1a: Great Tusk
|-resisted|p1a: Great Tusk
|-damage|p1a: Great Tusk|82/100
|-resisted|p1a: Great Tusk
|-damage|p1a: Great Tusk|75/100
|-resisted|p1a: Great Tusk
|-damage|p1a: Great Tusk|65/100
|-hitcount|p1a: Great Tusk|3
|move|p1a: Great Tusk|Rapid Spin|p2a: Lilligant
|-damage|p2a: Lilligant|0 fnt
|-boost|p1a: Great Tusk|spe|1
|-sideend|p1: suntt1|Spikes|[from] move: Rapid Spin|[of] p1a: Great Tusk
|-sideend|p1: suntt1|Stealth Rock|[from] move: Rapid Spin|[of] p1a: Great Tusk
|faint|p2a: Lilligant
|
|-weather|SunnyDay|[upkeep]
|upkeep
|
|t:|1779610422
|switch|p2a: Walking Wake|Walking Wake|100/100
|-damage|p2a: Walking Wake|88/100|[from] Stealth Rock
|-activate|p2a: Walking Wake|ability: Protosynthesis
|-start|p2a: Walking Wake|protosynthesisspa
|turn|14
|
|t:|1779610430
|move|p1a: Great Tusk|Headlong Rush|p2a: Walking Wake
|-damage|p2a: Walking Wake|35/100
|-unboost|p1a: Great Tusk|def|1
|-unboost|p1a: Great Tusk|spd|1
|move|p2a: Walking Wake|Hydro Steam|p1a: Great Tusk
|-supereffective|p1a: Great Tusk
|-crit|p1a: Great Tusk
|-damage|p1a: Great Tusk|0 fnt
|faint|p1a: Great Tusk
|-end|p1a: Great Tusk|Protosynthesis|[silent]
|
|-weather|SunnyDay|[upkeep]
|upkeep
|
|t:|1779610435
|switch|p1a: Venusaur|Venusaur, M|100/100
|turn|15
|
|t:|1779610455
|move|p1a: Venusaur|Solar Beam||[still]
|-prepare|p1a: Venusaur|Solar Beam
|-anim|p1a: Venusaur|Solar Beam|p2a: Walking Wake
|-damage|p2a: Walking Wake|0 fnt
|faint|p2a: Walking Wake
|-end|p2a: Walking Wake|Protosynthesis|[silent]
|
|-weather|SunnyDay|[upkeep]
|upkeep
|-message|engeruzimmer forfeited.
|
|win|suntt1
|raw|suntt1's rating: 1194 &rarr; <strong>1224</strong><br />(+30 for winning)
|raw|engeruzimmer's rating: 1269 &rarr; <strong>1239</strong><br />(-30 for losing)
|l|☆engeruzimmer
|player|p2|
|l|☆suntt1
|player|p1|
