|j|☆ihatedarmanitan
|j|☆finalburgerevolu
|t:|1779555244
|gametype|singles
|player|p1|ihatedarmanitan|roxie-masters|1131
|player|p2|finalburgerevolu|2|1109
|gen|9
|tier|[Gen 9] OU
|rated|
|rule|HP Percentage Mod: HP is shown in percentages
|rule|Endless Battle Clause: Forcing endless battles is banned
|rule|Species Clause: Limit one of each Pokémon
|rule|OHKO Clause: OHKO moves are banned
|rule|Evasion Items Clause: Evasion items are banned
|rule|Evasion Moves Clause: Evasion moves are banned
|rule|Evasion Abilities Clause: Evasion abilities are banned
|rule|Sleep Moves Clause: Sleep-inducing moves are banned
|clearpoke
|poke|p1|Slowking-Galar, M|
|poke|p1|Ogerpon-Wellspring, F|
|poke|p1|Iron Valiant|
|poke|p1|Gholdengo|
|poke|p1|Gliscor, F|
|poke|p1|Samurott-Hisui, F|
|poke|p2|Tyranitar, M|
|poke|p2|Houndstone, F|
|poke|p2|Tornadus-Therian, M|
|poke|p2|Sandslash, F|
|poke|p2|Tsareena, F|
|poke|p2|Rotom-Wash|
|teampreview
|
|t:|1779555272
|teamsize|p1|6
|teamsize|p2|6
|start
|switch|p1a: landbat|Gliscor, F|100/100
|switch|p2a: Tyranitar|Tyranitar, M|100/100
|-weather|Sandstorm|[from] ability: Sand Stream|[of] p2a: Tyranitar
|turn|1
|
|t:|1779555282
|move|p1a: landbat|Protect|p1a: landbat
|-singleturn|p1a: landbat|Protect
|move|p2a: Tyranitar|Stealth Rock|p1a: landbat
|-sidestart|p1: ihatedarmanitan|move: Stealth Rock
|
|-weather|Sandstorm|[upkeep]
|-status|p1a: landbat|tox|[from] item: Toxic Orb
|upkeep
|turn|2
|
|t:|1779555287
|switch|p2a: Rotom|Rotom-Wash|100/100
|move|p1a: landbat|Stealth Rock|p2a: Rotom
|-sidestart|p2: finalburgerevolu|move: Stealth Rock
|
|-weather|Sandstorm|[upkeep]
|-damage|p2a: Rotom|94/100|[from] Sandstorm
|-heal|p2a: Rotom|100/100|[from] item: Leftovers
|upkeep
|turn|3
|
|t:|1779555294
|switch|p1a: Ogerpon|Ogerpon-Wellspring, F|100/100
|-damage|p1a: Ogerpon|88/100|[from] Stealth Rock
|move|p2a: Rotom|Will-O-Wisp|p1a: Ogerpon|[miss]
|-miss|p2a: Rotom|p1a: Ogerpon
|
|-weather|Sandstorm|[upkeep]
|-damage|p1a: Ogerpon|82/100|[from] Sandstorm
|-damage|p2a: Rotom|94/100|[from] Sandstorm
|-heal|p2a: Rotom|100/100|[from] item: Leftovers
|upkeep
|turn|4
|
|t:|1779555306
|move|p1a: Ogerpon|Horn Leech|p2a: Rotom
|-supereffective|p2a: Rotom
|-damage|p2a: Rotom|12/100
|-heal|p1a: Ogerpon|100/100|[from] drain|[of] p2a: Rotom
|move|p2a: Rotom|Will-O-Wisp|p1a: Ogerpon
|-status|p1a: Ogerpon|brn
|
|-weather|Sandstorm|[upkeep]
|-damage|p1a: Ogerpon|95/100 brn|[from] Sandstorm
|-damage|p2a: Rotom|5/100|[from] Sandstorm
|-heal|p2a: Rotom|12/100|[from] item: Leftovers
|-damage|p1a: Ogerpon|89/100 brn|[from] brn
|upkeep
|turn|5
|
|t:|1779555315
|switch|p2a: Tsareena|Tsareena, F|100/100
|-damage|p2a: Tsareena|88/100|[from] Stealth Rock
|move|p1a: Ogerpon|U-turn|p2a: Tsareena
|-supereffective|p2a: Tsareena
|-damage|p2a: Tsareena|61/100
|
|t:|1779555323
|switch|p1a: glowking|Slowking-Galar, M|100/100|[from] U-turn
|-damage|p1a: glowking|88/100|[from] Stealth Rock
|
|-weather|Sandstorm|[upkeep]
|-damage|p2a: Tsareena|55/100|[from] Sandstorm
|-damage|p1a: glowking|82/100|[from] Sandstorm
|-heal|p2a: Tsareena|61/100|[from] item: Leftovers
|-heal|p1a: glowking|88/100|[from] item: Black Sludge
|upkeep
|turn|6
|
|t:|1779555327
|move|p2a: Tsareena|Rapid Spin|p1a: glowking
|-damage|p1a: glowking|71/100
|-boost|p2a: Tsareena|spe|1
|-sideend|p2: finalburgerevolu|Stealth Rock|[from] move: Rapid Spin|[of] p2a: Tsareena
|move|p1a: glowking|Ice Beam|p2a: Tsareena
|-supereffective|p2a: Tsareena
|-damage|p2a: Tsareena|17/100
|
|-weather|Sandstorm|[upkeep]
|-damage|p2a: Tsareena|11/100|[from] Sandstorm
|-damage|p1a: glowking|64/100|[from] Sandstorm
|-heal|p2a: Tsareena|17/100|[from] item: Leftovers
|-heal|p1a: glowking|71/100|[from] item: Black Sludge
|upkeep
|turn|7
|
|t:|1779555335
|move|p2a: Tsareena|U-turn|p1a: glowking
|-damage|p1a: glowking|43/100
|inactive|Battle timer is ON: inactive players will automatically lose when time's up. (requested by ihatedarmanitan)
|
|t:|1779555345
|switch|p2a: Tyranitar|Tyranitar, M|100/100|[from] U-turn
|move|p1a: glowking|Ice Beam|p2a: Tyranitar
|-damage|p2a: Tyranitar|87/100
|
|-weather|Sandstorm|[upkeep]
|-damage|p1a: glowking|37/100|[from] Sandstorm
|-heal|p1a: glowking|43/100|[from] item: Black Sludge
|upkeep
|turn|8
|
|t:|1779555355
|switch|p1a: Ogerpon|Ogerpon-Wellspring, F|89/100 brn
|-damage|p1a: Ogerpon|76/100 brn|[from] Stealth Rock
|move|p2a: Tyranitar|Thunder Wave|p1a: Ogerpon|[miss]
|-miss|p2a: Tyranitar|p1a: Ogerpon
|
|-weather|none
|-damage|p1a: Ogerpon|70/100 brn|[from] brn
|upkeep
|turn|9
|
|t:|1779555368
|switch|p2a: Tsareena|Tsareena, F|17/100
|move|p1a: Ogerpon|Horn Leech|p2a: Tsareena
|-resisted|p2a: Tsareena
|-damage|p2a: Tsareena|5/100
|-heal|p1a: Ogerpon|77/100 brn|[from] drain|[of] p2a: Tsareena
|
|-heal|p2a: Tsareena|11/100|[from] item: Leftovers
|-damage|p1a: Ogerpon|71/100 brn|[from] brn
|upkeep
|turn|10
|
|t:|1779555388
|move|p1a: Ogerpon|Knock Off|p2a: Tsareena
|-damage|p2a: Tsareena|0 fnt
|-enditem|p2a: Tsareena|Leftovers|[from] move: Knock Off|[of] p1a: Ogerpon
|faint|p2a: Tsareena
|
|-damage|p1a: Ogerpon|65/100 brn|[from] brn
|upkeep
|
|t:|1779555391
|switch|p2a: Tornadus|Tornadus-Therian, M|100/100
|turn|11
|inactive|finalburgerevolu has 120 seconds left.
|
|t:|1779555428
|switch|p1a: glowking|Slowking-Galar, M|76/100
|-damage|p1a: glowking|64/100|[from] Stealth Rock
|move|p2a: Tornadus|Bleakwind Storm|p1a: glowking
|-damage|p1a: glowking|36/100
|-unboost|p1a: glowking|spe|1
|
|-heal|p1a: glowking|42/100|[from] item: Black Sludge
|upkeep
|turn|12
|inactive|finalburgerevolu has 120 seconds left.
|
|t:|1779555444
|move|p2a: Tornadus|U-turn|p1a: glowking
|-damage|p1a: glowking|28/100
|
|t:|1779555446
|switch|p2a: Rotom|Rotom-Wash|12/100|[from] U-turn
|move|p1a: glowking|Slack Off|p1a: glowking
|-heal|p1a: glowking|78/100
|
|-heal|p2a: Rotom|18/100|[from] item: Leftovers
|-heal|p1a: glowking|84/100|[from] item: Black Sludge
|upkeep
|turn|13
|
|t:|1779555457
|move|p2a: Rotom|Pain Split|p1a: glowking
|-sethp|p1a: glowking|49/100|[from] move: Pain Split|[silent]
|-sethp|p2a: Rotom|63/100|[from] move: Pain Split
|move|p1a: glowking|Future Sight|p2a: Rotom
|-start|p1a: glowking|move: Future Sight
|
|-heal|p2a: Rotom|70/100|[from] item: Leftovers
|-heal|p1a: glowking|55/100|[from] item: Black Sludge
|upkeep
|turn|14
|
|t:|1779555469
|move|p2a: Rotom|Volt Switch|p1a: glowking
|-damage|p1a: glowking|37/100
|
|t:|1779555472
|switch|p2a: Tyranitar|Tyranitar, M|87/100|[from] Volt Switch
|-weather|Sandstorm|[from] ability: Sand Stream|[of] p2a: Tyranitar
|-prepare|p1a: glowking|Chilly Reception|[premajor]
|move|p1a: glowking|Chilly Reception|p1a: glowking
|-weather|Snowscape
|
|t:|1779555483
|switch|p1a: guess the set|Iron Valiant|100/100|[from] Chilly Reception
|
|-weather|Snowscape|[upkeep]
|upkeep
|turn|15
|
|t:|1779555492
|switch|p2a: Tornadus|Tornadus-Therian, M|100/100
|move|p1a: guess the set|Moonblast|p2a: Tornadus
|-damage|p2a: Tornadus|59/100
|
|-weather|Snowscape|[upkeep]
|-end|p2a: Tornadus|move: Future Sight
|-damage|p2a: Tornadus|22/100
|upkeep
|turn|16
|
|t:|1779555513
|switch|p2a: Rotom|Rotom-Wash|70/100
|-end|p1a: guess the set|Quark Drive|[silent]
|switch|p1a: glowking|Slowking-Galar, M|70/100
|-damage|p1a: glowking|57/100|[from] Stealth Rock
|
|-weather|Snowscape|[upkeep]
|-heal|p2a: Rotom|76/100|[from] item: Leftovers
|-heal|p1a: glowking|63/100|[from] item: Black Sludge
|upkeep
|turn|17
|c|☆ihatedarmanitan|why sandslash instead of excadrill
|
|t:|1779555522
|move|p2a: Rotom|Volt Switch|p1a: glowking
|-damage|p1a: glowking|42/100
|
|t:|1779555526
|switch|p2a: Houndstone|Houndstone, F|100/100|[from] Volt Switch
|move|p1a: glowking|Future Sight|p2a: Houndstone
|-start|p1a: glowking|move: Future Sight
|
|-weather|Snowscape|[upkeep]
|-heal|p1a: glowking|48/100|[from] item: Black Sludge
|upkeep
|turn|18
|
|t:|1779555533
|switch|p1a: Samurott|Samurott-Hisui, F|100/100
|-damage|p1a: Samurott|88/100|[from] Stealth Rock
|move|p2a: Houndstone|Poltergeist|p1a: Samurott
|-activate|p1a: Samurott|move: Poltergeist|Choice Band
|-resisted|p1a: Samurott
|-damage|p1a: Samurott|44/100
|
|-weather|none
|upkeep
|turn|19
|
|t:|1779555549
|switch|p2a: Tyranitar|Tyranitar, M|87/100
|-weather|Sandstorm|[from] ability: Sand Stream|[of] p2a: Tyranitar
|move|p1a: Samurott|Razor Shell|p2a: Tyranitar
|-supereffective|p2a: Tyranitar
|-damage|p2a: Tyranitar|1/100
|-unboost|p2a: Tyranitar|def|1
|
|-weather|Sandstorm|[upkeep]
|-damage|p1a: Samurott|38/100|[from] Sandstorm
|-end|p2a: Tyranitar|move: Future Sight
|-immune|p2a: Tyranitar
|upkeep
|turn|20
|
|t:|1779555558
|switch|p2a: Rotom|Rotom-Wash|76/100
|move|p1a: Samurott|Razor Shell|p2a: Rotom
|-resisted|p2a: Rotom
|-damage|p2a: Rotom|37/100
|
|-weather|Sandstorm|[upkeep]
|-damage|p1a: Samurott|32/100|[from] Sandstorm
|-damage|p2a: Rotom|31/100|[from] Sandstorm
|-heal|p2a: Rotom|37/100|[from] item: Leftovers
|upkeep
|turn|21
|
|t:|1779555565
|move|p1a: Samurott|Razor Shell|p2a: Rotom
|-resisted|p2a: Rotom
|-damage|p2a: Rotom|0 fnt
|faint|p2a: Rotom
|
|-weather|Sandstorm|[upkeep]
|-damage|p1a: Samurott|25/100|[from] Sandstorm
|upkeep
|
|t:|1779555586
|switch|p2a: Houndstone|Houndstone, F|100/100
|turn|22
|
|t:|1779555590
|move|p2a: Houndstone|Poltergeist|p1a: Samurott
|-activate|p1a: Samurott|move: Poltergeist|Choice Band
|-resisted|p1a: Samurott
|-damage|p1a: Samurott|0 fnt
|faint|p1a: Samurott
|
|-weather|Sandstorm|[upkeep]
|upkeep
|
|t:|1779555595
|switch|p1a: landbat|Gliscor, F|100/100 tox
|-damage|p1a: landbat|88/100 tox|[from] Stealth Rock
|turn|23
|
|t:|1779555597
|move|p2a: Houndstone|Poltergeist|p1a: landbat
|-activate|p1a: landbat|move: Poltergeist|Toxic Orb
|-damage|p1a: landbat|41/100 tox
|move|p1a: landbat|Earthquake|p2a: Houndstone
|-damage|p2a: Houndstone|63/100
|
|-weather|Sandstorm|[upkeep]
|-heal|p1a: landbat|54/100 tox|[from] ability: Poison Heal
|upkeep
|turn|24
|
|t:|1779555603
|move|p1a: landbat|Protect|p1a: landbat
|-singleturn|p1a: landbat|Protect
|move|p2a: Houndstone|Poltergeist|p1a: landbat
|-activate|p1a: landbat|move: Protect
|
|-weather|Sandstorm|[upkeep]
|-heal|p1a: landbat|66/100 tox|[from] ability: Poison Heal
|upkeep
|turn|25
|
|t:|1779555607
|move|p2a: Houndstone|Poltergeist|p1a: landbat
|-activate|p1a: landbat|move: Poltergeist|Toxic Orb
|-damage|p1a: landbat|19/100 tox
|move|p1a: landbat|Earthquake|p2a: Houndstone
|-crit|p2a: Houndstone
|-damage|p2a: Houndstone|8/100
|
|-weather|Sandstorm|[upkeep]
|-heal|p1a: landbat|32/100 tox|[from] ability: Poison Heal
|upkeep
|turn|26
|
|t:|1779555615
|move|p1a: landbat|Protect|p1a: landbat
|-singleturn|p1a: landbat|Protect
|move|p2a: Houndstone|Poltergeist|p1a: landbat
|-activate|p1a: landbat|move: Protect
|
|-weather|none
|-heal|p1a: landbat|44/100 tox|[from] ability: Poison Heal
|upkeep
|turn|27
|
|t:|1779555638
|switch|p1a: Ogerpon|Ogerpon-Wellspring, F|65/100 brn
|-damage|p1a: Ogerpon|53/100 brn|[from] Stealth Rock
|switch|p2a: Tyranitar|Tyranitar, M|1/100
|-weather|Sandstorm|[from] ability: Sand Stream|[of] p2a: Tyranitar
|
|-weather|Sandstorm|[upkeep]
|-damage|p1a: Ogerpon|47/100 brn|[from] Sandstorm
|-damage|p1a: Ogerpon|41/100 brn|[from] brn
|upkeep
|turn|28
|
|t:|1779555651
|move|p1a: Ogerpon|U-turn|p2a: Tyranitar
|-supereffective|p2a: Tyranitar
|-damage|p2a: Tyranitar|0 fnt
|faint|p2a: Tyranitar
|
|t:|1779555654
|switch|p1a: landbat|Gliscor, F|44/100 tox|[from] U-turn
|-damage|p1a: landbat|32/100 tox|[from] Stealth Rock
|
|-weather|Sandstorm|[upkeep]
|-heal|p1a: landbat|44/100 tox|[from] ability: Poison Heal
|upkeep
|
|t:|1779555662
|switch|p2a: Sandslash|Sandslash, F|100/100
|turn|29
|
|t:|1779555666
|move|p1a: landbat|Protect|p1a: landbat
|-singleturn|p1a: landbat|Protect
|move|p2a: Sandslash|Swords Dance|p2a: Sandslash
|-boost|p2a: Sandslash|atk|2
|
|-weather|Sandstorm|[upkeep]
|-heal|p1a: landbat|56/100 tox|[from] ability: Poison Heal
|upkeep
|turn|30
|
|t:|1779555673
|move|p2a: Sandslash|Knock Off|p1a: landbat
|-damage|p1a: landbat|11/100 tox
|-enditem|p1a: landbat|Toxic Orb|[from] move: Knock Off|[of] p2a: Sandslash
|-damage|p2a: Sandslash|91/100|[from] item: Life Orb
|move|p1a: landbat|Earthquake|p2a: Sandslash
|-damage|p2a: Sandslash|54/100
|
|-weather|Sandstorm|[upkeep]
|-heal|p1a: landbat|23/100 tox|[from] ability: Poison Heal
|upkeep
|turn|31
|
|t:|1779555678
|move|p1a: landbat|Protect|p1a: landbat
|-singleturn|p1a: landbat|Protect
|move|p2a: Sandslash|Knock Off|p1a: landbat
|-activate|p1a: landbat|move: Protect
|
|-weather|Sandstorm|[upkeep]
|-heal|p1a: landbat|36/100 tox|[from] ability: Poison Heal
|upkeep
|turn|32
|
|t:|1779555683
|switch|p1a: Ogerpon|Ogerpon-Wellspring, F|41/100 brn
|-damage|p1a: Ogerpon|28/100 brn|[from] Stealth Rock
|-terastallize|p2a: Sandslash|Dark
|move|p2a: Sandslash|Knock Off|p1a: Ogerpon
|-damage|p1a: Ogerpon|0 fnt
|faint|p1a: Ogerpon
|-damage|p2a: Sandslash|44/100|[from] item: Life Orb
|
|-weather|Sandstorm|[upkeep]
|upkeep
|
|t:|1779555697
|switch|p1a: landbat|Gliscor, F|36/100 tox
|-damage|p1a: landbat|23/100 tox|[from] Stealth Rock
|turn|33
|
|t:|1779555703
|move|p1a: landbat|Protect|p1a: landbat
|-singleturn|p1a: landbat|Protect
|move|p2a: Sandslash|Knock Off|p1a: landbat
|-activate|p1a: landbat|move: Protect
|
|-weather|Sandstorm|[upkeep]
|-heal|p1a: landbat|36/100 tox|[from] ability: Poison Heal
|upkeep
|turn|34
|
|t:|1779555708
|move|p2a: Sandslash|Knock Off|p1a: landbat
|-damage|p1a: landbat|0 fnt
|faint|p1a: landbat
|-damage|p2a: Sandslash|34/100|[from] item: Life Orb
|
|-weather|none
|upkeep
|
|t:|1779555716
|switch|p1a: guess the set|Iron Valiant|100/100
|turn|35
|
|t:|1779555720
|switch|p2a: Tornadus|Tornadus-Therian, M|55/100
|move|p1a: guess the set|Moonblast|p2a: Tornadus
|-damage|p2a: Tornadus|15/100
|
|upkeep
|turn|36
|
|t:|1779555736
|switch|p2a: Sandslash|Sandslash, F, tera:Dark|34/100
|move|p1a: guess the set|Moonblast|p2a: Sandslash
|-supereffective|p2a: Sandslash
|-damage|p2a: Sandslash|0 fnt
|faint|p2a: Sandslash
|
|upkeep
|
|t:|1779555740
|switch|p2a: Tornadus|Tornadus-Therian, M|48/100
|turn|37
|
|t:|1779555748
|-end|p1a: guess the set|Quark Drive|[silent]
|switch|p1a: glowking|Slowking-Galar, M|81/100
|-damage|p1a: glowking|69/100|[from] Stealth Rock
|move|p2a: Tornadus|Bleakwind Storm|p1a: glowking
|-damage|p1a: glowking|41/100
|-unboost|p1a: glowking|spe|1
|
|-heal|p1a: glowking|47/100|[from] item: Black Sludge
|upkeep
|turn|38
|
|t:|1779555759
|move|p2a: Tornadus|U-turn|p1a: glowking
|-damage|p1a: glowking|32/100
|
|t:|1779555760
|switch|p2a: Houndstone|Houndstone, F|8/100|[from] U-turn
|move|p1a: glowking|Slack Off|p1a: glowking
|-heal|p1a: glowking|82/100
|
|-heal|p1a: glowking|88/100|[from] item: Black Sludge
|upkeep
|turn|39
|
|t:|1779555771
|move|p2a: Houndstone|Poltergeist|p1a: glowking
|-activate|p1a: glowking|move: Poltergeist|Black Sludge
|-supereffective|p1a: glowking
|-damage|p1a: glowking|0 fnt
|faint|p1a: glowking
|
|upkeep
|
|t:|1779555779
|switch|p1a: guess the set|Iron Valiant|100/100
|turn|40
|
|t:|1779555792
|switch|p2a: Tornadus|Tornadus-Therian, M|81/100
|move|p1a: guess the set|Moonblast|p2a: Tornadus
|-damage|p2a: Tornadus|45/100
|-unboost|p2a: Tornadus|spa|1
|
|upkeep
|turn|41
|
|t:|1779555797
|move|p2a: Tornadus|Bleakwind Storm|p1a: guess the set
|-supereffective|p1a: guess the set
|-damage|p1a: guess the set|0 fnt
|faint|p1a: guess the set
|-end|p1a: guess the set|Quark Drive|[silent]
|
|upkeep
|
|t:|1779555800
|switch|p1a: no status?|Gholdengo|100/100
|-damage|p1a: no status?|94/100|[from] Stealth Rock
|-item|p1a: no status?|Air Balloon
|turn|42
|
|t:|1779555809
|move|p2a: Tornadus|Heat Wave|p1a: no status?
|-supereffective|p1a: no status?
|-damage|p1a: no status?|55/100
|-enditem|p1a: no status?|Air Balloon
|move|p1a: no status?|Shadow Ball|p2a: Tornadus
|-crit|p2a: Tornadus
|-damage|p2a: Tornadus|0 fnt
|faint|p2a: Tornadus
|
|upkeep
|
|t:|1779555811
|switch|p2a: Houndstone|Houndstone, F|8/100
|turn|43
|
|t:|1779555815
|-terastallize|p1a: no status?|Steel
|move|p2a: Houndstone|Shadow Sneak|p1a: no status?
|-damage|p1a: no status?|27/100
|move|p1a: no status?|Shadow Ball|p2a: Houndstone
|-supereffective|p2a: Houndstone
|-damage|p2a: Houndstone|0 fnt
|faint|p2a: Houndstone
|
|win|ihatedarmanitan
|raw|ihatedarmanitan's rating: 1131 &rarr; <strong>1154</strong><br />(+23 for winning)
|raw|finalburgerevolu's rating: 1109 &rarr; <strong>1086</strong><br />(-23 for losing)
|l|☆finalburgerevolu
|player|p2|
|l|☆ihatedarmanitan
|player|p1|
