|j|☆enigma96
|j|☆cl9ud
|t:|1779671215
|gametype|singles
|player|p1|enigma96|jogger|1147
|player|p2|cl9ud|101|1197
|gen|9
|tier|[Gen 9] OU
|rated|
|rule|HP Percentage Mod: HP is shown in percentages
|rule|Endless Battle Clause: Forcing endless battles is banned
|rule|Species Clause: Limit one of each Pokémon
|rule|OHKO Clause: OHKO moves are banned
|rule|Evasion Items Clause: Evasion items are banned
|rule|Evasion Moves Clause: Evasion moves are banned
|rule|Evasion Abilities Clause: Evasion abilities are banned
|rule|Sleep Moves Clause: Sleep-inducing moves are banned
|clearpoke
|poke|p1|Incineroar, M|
|poke|p1|Meowscarada, M|
|poke|p1|Luxray, M|
|poke|p1|Espeon, M|
|poke|p1|Pyroar, M|
|poke|p1|Persian-Alola, M|
|poke|p2|Iron Moth|
|poke|p2|Gliscor, M|
|poke|p2|Hatterene, F|
|poke|p2|Ogerpon-Wellspring, F|
|poke|p2|Raging Bolt|
|poke|p2|Zamazenta-*|
|teampreview
|
|t:|1779671228
|teamsize|p1|6
|teamsize|p2|6
|start
|switch|p1a: Meowscarada|Meowscarada, M, shiny|100/100
|switch|p2a: Iron Moth|Iron Moth|100/100
|-enditem|p2a: Iron Moth|Booster Energy
|-activate|p2a: Iron Moth|ability: Quark Drive|[fromitem]
|-start|p2a: Iron Moth|quarkdrivespe
|turn|1
|inactive|Battle timer is ON: inactive players will automatically lose when time's up. (requested by enigma96)
|
|t:|1779671238
|move|p1a: Meowscarada|U-turn|p2a: Iron Moth
|-start|p1a: Meowscarada|typechange|Bug|[from] ability: Protean
|-resisted|p2a: Iron Moth
|-damage|p2a: Iron Moth|88/100
|
|t:|1779671246
|switch|p1a: Pyroar|Pyroar, M|100/100|[from] U-turn
|-ability|p1a: Pyroar|Unnerve
|move|p2a: Iron Moth|Fiery Dance|p1a: Pyroar
|-resisted|p1a: Pyroar
|-damage|p1a: Pyroar|80/100
|
|upkeep
|turn|2
|
|t:|1779671267
|move|p2a: Iron Moth|Toxic Spikes|p1a: Pyroar
|-sidestart|p1: enigma96|move: Toxic Spikes
|move|p1a: Pyroar|Hyper Voice|p2a: Iron Moth
|-damage|p2a: Iron Moth|50/100
|
|upkeep
|turn|3
|
|t:|1779671279
|switch|p1a: Espeon|Espeon, M|100/100
|-status|p1a: Espeon|psn
|-terastallize|p2a: Iron Moth|Ghost
|move|p2a: Iron Moth|Toxic Spikes|p1a: Espeon
|move|p1a: Espeon|Toxic Spikes|p2a: Iron Moth|[from] ability: Magic Bounce
|-sidestart|p2: cl9ud|move: Toxic Spikes
|
|-damage|p1a: Espeon|88/100 psn|[from] psn
|upkeep
|turn|4
|
|t:|1779671291
|move|p1a: Espeon|Shadow Ball|p2a: Iron Moth
|-supereffective|p2a: Iron Moth
|-damage|p2a: Iron Moth|0 fnt
|faint|p2a: Iron Moth
|-end|p2a: Iron Moth|Quark Drive|[silent]
|
|-damage|p1a: Espeon|76/100 psn|[from] psn
|upkeep
|
|t:|1779671301
|switch|p2a: Gliscor|Gliscor, M|100/100
|turn|5
|
|t:|1779671323
|switch|p1a: Persian|Persian-Alola, M, shiny|100/100
|-status|p1a: Persian|psn
|move|p2a: Gliscor|Swords Dance|p2a: Gliscor
|-boost|p2a: Gliscor|atk|2
|
|-damage|p1a: Persian|88/100 psn|[from] psn
|-status|p2a: Gliscor|tox|[from] item: Toxic Orb
|upkeep
|turn|6
|
|t:|1779671334
|move|p1a: Persian|Chilling Water|p2a: Gliscor
|-supereffective|p2a: Gliscor
|-damage|p2a: Gliscor|66/100 tox
|-unboost|p2a: Gliscor|atk|1
|move|p2a: Gliscor|Facade|p1a: Persian
|-damage|p1a: Persian|24/100 psn
|-damage|p2a: Gliscor|50/100 tox|[from] item: Rocky Helmet|[of] p1a: Persian
|
|-damage|p1a: Persian|12/100 psn|[from] psn
|-heal|p2a: Gliscor|62/100 tox|[from] ability: Poison Heal
|upkeep
|turn|7
|
|t:|1779671352
|move|p1a: Persian|Chilling Water|p2a: Gliscor
|-supereffective|p2a: Gliscor
|-damage|p2a: Gliscor|33/100 tox
|-unboost|p2a: Gliscor|atk|1
|move|p2a: Gliscor|Agility|p2a: Gliscor
|-boost|p2a: Gliscor|spe|2
|
|-heal|p2a: Gliscor|45/100 tox|[from] ability: Poison Heal
|-damage|p1a: Persian|0 fnt|[from] psn
|faint|p1a: Persian
|upkeep
|inactive|enigma96 has 120 seconds left.
|
|t:|1779671382
|switch|p1a: Meowscarada|Meowscarada, M, shiny|100/100
|-status|p1a: Meowscarada|psn
|turn|8
|
|t:|1779671406
|move|p1a: Meowscarada|Triple Axel|p2a: Gliscor
|-start|p1a: Meowscarada|typechange|Ice|[from] ability: Protean
|-supereffective|p2a: Gliscor
|-damage|p2a: Gliscor|13/100 tox
|-supereffective|p2a: Gliscor
|-damage|p2a: Gliscor|0 fnt
|faint|p2a: Gliscor
|-hitcount|p2: Gliscor|2
|
|-damage|p1a: Meowscarada|88/100 psn|[from] psn
|upkeep
|
|t:|1779671416
|switch|p2a: Zamazenta|Zamazenta|100/100
|-status|p2a: Zamazenta|psn
|-ability|p2a: Zamazenta|Dauntless Shield|boost
|-boost|p2a: Zamazenta|def|1
|turn|9
|inactive|enigma96 has 90 seconds left.
|
|t:|1779671450
|switch|p1a: Incineroar|Incineroar, M, shiny|100/100
|-ability|p1a: Incineroar|Intimidate|boost
|-unboost|p2a: Zamazenta|atk|1
|move|p2a: Zamazenta|Light Screen|p2a: Zamazenta
|-sidestart|p2: cl9ud|move: Light Screen
|
|-damage|p2a: Zamazenta|88/100 psn|[from] psn
|upkeep
|turn|10
|inactive|enigma96 has 90 seconds left.
|
|t:|1779671462
|move|p2a: Zamazenta|Reflect|p2a: Zamazenta
|-sidestart|p2: cl9ud|Reflect
|move|p1a: Incineroar|Parting Shot|p2a: Zamazenta
|-unboost|p2a: Zamazenta|atk|1
|-unboost|p2a: Zamazenta|spa|1
|
|t:|1779671472
|switch|p1a: Luxray|Luxray, M|100/100|[from] Parting Shot
|-status|p1a: Luxray|psn
|
|-damage|p2a: Zamazenta|76/100 psn|[from] psn
|-damage|p1a: Luxray|88/100 psn|[from] psn
|upkeep
|turn|11
|inactive|enigma96 has 90 seconds left.
|
|t:|1779671480
|switch|p2a: Raging Bolt|Raging Bolt|100/100
|-status|p2a: Raging Bolt|psn
|-enditem|p2a: Raging Bolt|Booster Energy
|-activate|p2a: Raging Bolt|ability: Protosynthesis|[fromitem]
|-start|p2a: Raging Bolt|protosynthesisspa
|move|p1a: Luxray|Psychic Fangs|p2a: Raging Bolt
|-sideend|p2: cl9ud|Reflect
|-sideend|p2: cl9ud|move: Light Screen
|-damage|p2a: Raging Bolt|61/100 psn
|
|-damage|p1a: Luxray|76/100 psn|[from] psn
|-damage|p2a: Raging Bolt|48/100 psn|[from] psn
|upkeep
|turn|12
|inactive|enigma96 has 90 seconds left.
|
|t:|1779671498
|move|p1a: Luxray|Facade|p2a: Raging Bolt
|-damage|p2a: Raging Bolt|0 fnt
|faint|p2a: Raging Bolt
|-end|p2a: Raging Bolt|Protosynthesis|[silent]
|
|-damage|p1a: Luxray|64/100 psn|[from] psn
|upkeep
|-message|cl9ud forfeited.
|
|win|enigma96
|raw|enigma96's rating: 1147 &rarr; <strong>1176</strong><br />(+29 for winning)
|raw|cl9ud's rating: 1197 &rarr; <strong>1168</strong><br />(-29 for losing)
|l|☆cl9ud
|player|p2|
|l|☆enigma96
|player|p1|
