|j|☆koolesttt
|j|☆samply amazing
|t:|1779648286
|gametype|singles
|player|p1|koolesttt|veteran|1343
|player|p2|samply amazing|ethan|1286
|gen|9
|tier|[Gen 9] OU
|rated|
|rule|HP Percentage Mod: HP is shown in percentages
|rule|Endless Battle Clause: Forcing endless battles is banned
|rule|Species Clause: Limit one of each Pokémon
|rule|OHKO Clause: OHKO moves are banned
|rule|Evasion Items Clause: Evasion items are banned
|rule|Evasion Moves Clause: Evasion moves are banned
|rule|Evasion Abilities Clause: Evasion abilities are banned
|rule|Sleep Moves Clause: Sleep-inducing moves are banned
|clearpoke
|poke|p1|Chandelure, M|
|poke|p1|Ninetales-Alola, M|
|poke|p1|Thundurus-Therian, M|
|poke|p1|Beartic, M|
|poke|p1|Slowking-Galar, M|
|poke|p1|Great Tusk|
|poke|p2|Weezing-Galar, M|
|poke|p2|Gliscor, F|
|poke|p2|Blissey, F|
|poke|p2|Corviknight, F|
|poke|p2|Dondozo, F|
|poke|p2|Toxapex, M|
|teampreview
|
|t:|1779648310
|teamsize|p1|6
|teamsize|p2|6
|start
|switch|p1a: Slowking|Slowking-Galar, M|100/100
|switch|p2a: Weezing|Weezing-Galar, M|100/100
|-ability|p2a: Weezing|Neutralizing Gas
|turn|1
|
|t:|1779648319
|move|p2a: Weezing|Toxic Spikes|p1a: Slowking
|-sidestart|p1: koolesttt|move: Toxic Spikes
|move|p1a: Slowking|Future Sight|p2a: Weezing
|-start|p1a: Slowking|move: Future Sight
|
|upkeep
|turn|2
|
|t:|1779648339
|move|p2a: Weezing|Toxic Spikes|p1a: Slowking
|-sidestart|p1: koolesttt|move: Toxic Spikes
|move|p1a: Slowking|Sludge Bomb|p2a: Weezing
|-damage|p2a: Weezing|55/100
|
|upkeep
|turn|3
|
|t:|1779648344
|-end|p2a: Weezing|ability: Neutralizing Gas
|switch|p2a: Blissey|Blissey, F|100/100
|-prepare|p1a: Slowking|Chilly Reception|[premajor]
|move|p1a: Slowking|Chilly Reception|p1a: Slowking
|-weather|Snowscape
|
|t:|1779648347
|switch|p1a: Great Tusk|Great Tusk|100/100|[from] Chilly Reception
|
|-weather|Snowscape|[upkeep]
|-end|p2a: Blissey|move: Future Sight
|-damage|p2a: Blissey|88/100
|-heal|p2a: Blissey|94/100|[from] item: Leftovers
|upkeep
|turn|4
|
|t:|1779648358
|switch|p2a: Corviknight|Corviknight, F|100/100
|-ability|p2a: Corviknight|Pressure
|move|p1a: Great Tusk|Rapid Spin|p2a: Corviknight
|-resisted|p2a: Corviknight
|-damage|p2a: Corviknight|95/100
|-boost|p1a: Great Tusk|spe|1
|-sideend|p1: koolesttt|Toxic Spikes|[from] move: Rapid Spin|[of] p1a: Great Tusk
|
|-weather|Snowscape|[upkeep]
|-heal|p2a: Corviknight|100/100|[from] item: Leftovers
|upkeep
|turn|5
|
|t:|1779648381
|-end|p1a: Great Tusk|Protosynthesis|[silent]
|switch|p1a: Chandelure|Chandelure, M|100/100
|move|p2a: Corviknight|Iron Defense|p2a: Corviknight
|-boost|p2a: Corviknight|def|2
|
|-weather|Snowscape|[upkeep]
|upkeep
|turn|6
|
|t:|1779648408
|switch|p1a: Great Tusk|Great Tusk|100/100
|switch|p2a: Blissey|Blissey, F|94/100
|
|-weather|Snowscape|[upkeep]
|-heal|p2a: Blissey|99/100|[from] item: Leftovers
|upkeep
|turn|7
|
|t:|1779648437
|switch|p2a: Corviknight|Corviknight, F|100/100
|-ability|p2a: Corviknight|Pressure
|move|p1a: Great Tusk|Ice Spinner|p2a: Corviknight
|-damage|p2a: Corviknight|82/100
|
|-weather|none
|-heal|p2a: Corviknight|89/100|[from] item: Leftovers
|upkeep
|turn|8
|
|t:|1779648462
|-end|p1a: Great Tusk|Protosynthesis|[silent]
|switch|p1a: Chandelure|Chandelure, M|100/100
|switch|p2a: Toxapex|Toxapex, M|100/100
|
|upkeep
|turn|9
|
|t:|1779648468
|switch|p1a: Slowking|Slowking-Galar, M|100/100
|move|p2a: Toxapex|Toxic|p1a: Slowking
|-immune|p1a: Slowking
|
|upkeep
|turn|10
|
|t:|1779648492
|switch|p2a: Corviknight|Corviknight, F|89/100
|-ability|p2a: Corviknight|Pressure
|move|p1a: Slowking|Future Sight|p2a: Corviknight
|-start|p1a: Slowking|move: Future Sight
|
|-heal|p2a: Corviknight|95/100|[from] item: Leftovers
|upkeep
|turn|11
|
|t:|1779648506
|switch|p2a: Weezing|Weezing-Galar, M|55/100
|-ability|p2a: Weezing|Neutralizing Gas
|-prepare|p1a: Slowking|Chilly Reception|[premajor]
|move|p1a: Slowking|Chilly Reception|p1a: Slowking
|-weather|Snowscape
|
|t:|1779648514
|switch|p1a: Great Tusk|Great Tusk|100/100|[from] Chilly Reception
|
|-weather|Snowscape|[upkeep]
|upkeep
|turn|12
|
|t:|1779648523
|move|p1a: Great Tusk|Headlong Rush|p2a: Weezing
|-supereffective|p2a: Weezing
|-damage|p2a: Weezing|0 fnt
|-unboost|p1a: Great Tusk|def|1
|-unboost|p1a: Great Tusk|spd|1
|faint|p2a: Weezing
|-end|p2a: Weezing|ability: Neutralizing Gas
|
|-weather|Snowscape|[upkeep]
|-hint|Future Sight did not hit because the target is fainted.
|upkeep
|
|t:|1779648560
|switch|p2a: Dondozo|Dondozo, F|100/100
|turn|13
|
|t:|1779648572
|-end|p1a: Great Tusk|Protosynthesis|[silent]
|switch|p1a: Thundurus|Thundurus-Therian, M|100/100
|switch|p2a: Blissey|Blissey, F|99/100
|
|-weather|Snowscape|[upkeep]
|-heal|p2a: Blissey|100/100|[from] item: Leftovers
|upkeep
|turn|14
|
|t:|1779648620
|switch|p1a: Great Tusk|Great Tusk|100/100
|move|p2a: Blissey|Stealth Rock|p1a: Great Tusk
|-sidestart|p1: koolesttt|move: Stealth Rock
|
|-weather|Snowscape|[upkeep]
|upkeep
|turn|15
|inactive|Battle timer is ON: inactive players will automatically lose when time's up. (requested by koolesttt)
|
|t:|1779648676
|switch|p2a: Gliscor|Gliscor, F|100/100
|move|p1a: Great Tusk|Rapid Spin|p2a: Gliscor
|-damage|p2a: Gliscor|87/100
|-boost|p1a: Great Tusk|spe|1
|-sideend|p1: koolesttt|Stealth Rock|[from] move: Rapid Spin|[of] p1a: Great Tusk
|
|-weather|none
|-status|p2a: Gliscor|tox|[from] item: Toxic Orb
|upkeep
|turn|16
|
|t:|1779648683
|move|p2a: Gliscor|Protect|p2a: Gliscor
|-singleturn|p2a: Gliscor|Protect
|move|p1a: Great Tusk|Ice Spinner|p2a: Gliscor
|-activate|p2a: Gliscor|move: Protect
|
|-heal|p2a: Gliscor|99/100 tox|[from] ability: Poison Heal
|upkeep
|turn|17
|
|t:|1779648689
|-terastallize|p2a: Gliscor|Dark
|move|p1a: Great Tusk|Headlong Rush|p2a: Gliscor
|-damage|p2a: Gliscor|47/100 tox
|-unboost|p1a: Great Tusk|def|1
|-unboost|p1a: Great Tusk|spd|1
|move|p2a: Gliscor|Swords Dance|p2a: Gliscor
|-boost|p2a: Gliscor|atk|2
|
|-heal|p2a: Gliscor|60/100 tox|[from] ability: Poison Heal
|upkeep
|turn|18
|
|t:|1779648703
|-end|p1a: Great Tusk|Protosynthesis|[silent]
|switch|p1a: Ninetales|Ninetales-Alola, M|100/100
|-weather|Snowscape|[from] ability: Snow Warning|[of] p1a: Ninetales
|move|p2a: Gliscor|Protect||[still]
|-fail|p2a: Gliscor
|
|-weather|Snowscape|[upkeep]
|-heal|p2a: Gliscor|72/100 tox|[from] ability: Poison Heal
|upkeep
|turn|19
|
|t:|1779648710
|move|p2a: Gliscor|Protect|p2a: Gliscor
|-singleturn|p2a: Gliscor|Protect
|move|p1a: Ninetales|Encore|p2a: Gliscor
|-activate|p2a: Gliscor|move: Protect
|
|-weather|Snowscape|[upkeep]
|-heal|p2a: Gliscor|85/100 tox|[from] ability: Poison Heal
|upkeep
|turn|20
|inactive|samply amazing has 120 seconds left.
|
|t:|1779648746
|switch|p2a: Toxapex|Toxapex, M|100/100
|move|p1a: Ninetales|Encore||[still]
|-fail|p1a: Ninetales
|
|-weather|Snowscape|[upkeep]
|upkeep
|turn|21
|inactive|samply amazing has 120 seconds left.
|
|t:|1779648752
|switch|p1a: Slowking|Slowking-Galar, M|100/100
|switch|p2a: Gliscor|Gliscor, F, tera:Dark|85/100 tox
|
|-weather|Snowscape|[upkeep]
|-heal|p2a: Gliscor|97/100 tox|[from] ability: Poison Heal
|upkeep
|turn|22
|inactive|samply amazing has 120 seconds left.
|
|t:|1779648780
|switch|p1a: Thundurus|Thundurus-Therian, M|100/100
|move|p2a: Gliscor|Earthquake|p1a: Thundurus
|-immune|p1a: Thundurus
|
|-weather|none
|-heal|p2a: Gliscor|100/100 tox|[from] ability: Poison Heal
|upkeep
|turn|23
|
|t:|1779648795
|move|p1a: Thundurus|Thunderbolt|p2a: Gliscor
|-damage|p2a: Gliscor|58/100 tox
|move|p2a: Gliscor|Knock Off|p1a: Thundurus
|-damage|p1a: Thundurus|47/100
|-enditem|p1a: Thundurus|Heavy-Duty Boots|[from] move: Knock Off|[of] p2a: Gliscor
|
|-heal|p2a: Gliscor|71/100 tox|[from] ability: Poison Heal
|upkeep
|turn|24
|
|t:|1779648810
|switch|p1a: Ninetales|Ninetales-Alola, M|100/100
|-weather|Snowscape|[from] ability: Snow Warning|[of] p1a: Ninetales
|move|p2a: Gliscor|Swords Dance|p2a: Gliscor
|-boost|p2a: Gliscor|atk|2
|
|-weather|Snowscape|[upkeep]
|-heal|p2a: Gliscor|83/100 tox|[from] ability: Poison Heal
|upkeep
|turn|25
|inactive|samply amazing has 90 seconds left.
|
|t:|1779648850
|switch|p2a: Toxapex|Toxapex, M|100/100
|move|p1a: Ninetales|Freeze-Dry|p2a: Toxapex
|-supereffective|p2a: Toxapex
|-damage|p2a: Toxapex|67/100
|
|-weather|Snowscape|[upkeep]
|upkeep
|turn|26
|
|t:|1779648865
|switch|p1a: Slowking|Slowking-Galar, M|100/100
|move|p2a: Toxapex|Toxic|p1a: Slowking
|-immune|p1a: Slowking
|
|-weather|Snowscape|[upkeep]
|upkeep
|turn|27
|
|t:|1779648872
|switch|p2a: Corviknight|Corviknight, F|95/100
|-ability|p2a: Corviknight|Pressure
|-prepare|p1a: Slowking|Chilly Reception|[premajor]
|move|p1a: Slowking|Chilly Reception|p1a: Slowking
|
|t:|1779648874
|switch|p1a: Thundurus|Thundurus-Therian, M|47/100|[from] Chilly Reception
|
|-weather|Snowscape|[upkeep]
|-heal|p2a: Corviknight|100/100|[from] item: Leftovers
|upkeep
|turn|28
|inactive|samply amazing has 90 seconds left.
|
|t:|1779648891
|switch|p1a: Great Tusk|Great Tusk|100/100
|switch|p2a: Gliscor|Gliscor, F, tera:Dark|83/100 tox
|
|-weather|none
|-heal|p2a: Gliscor|96/100 tox|[from] ability: Poison Heal
|upkeep
|turn|29
|inactive|samply amazing has 90 seconds left.
|
|t:|1779648903
|move|p1a: Great Tusk|Stealth Rock|p2a: Gliscor
|-sidestart|p2: samply amazing|move: Stealth Rock
|move|p2a: Gliscor|Swords Dance|p2a: Gliscor
|-boost|p2a: Gliscor|atk|2
|
|-heal|p2a: Gliscor|100/100 tox|[from] ability: Poison Heal
|upkeep
|turn|30
|inactive|samply amazing has 90 seconds left.
|
|t:|1779648915
|-end|p1a: Great Tusk|Protosynthesis|[silent]
|switch|p1a: Ninetales|Ninetales-Alola, M|100/100
|-weather|Snowscape|[from] ability: Snow Warning|[of] p1a: Ninetales
|move|p2a: Gliscor|Earthquake|p1a: Ninetales
|-damage|p1a: Ninetales|44/100
|
|-weather|Snowscape|[upkeep]
|upkeep
|turn|31
|inactive|samply amazing has 90 seconds left.
|
|t:|1779648921
|move|p1a: Ninetales|Aurora Veil|p1a: Ninetales
|-sidestart|p1: koolesttt|move: Aurora Veil
|move|p2a: Gliscor|Earthquake|p1a: Ninetales
|-damage|p1a: Ninetales|18/100
|
|-weather|Snowscape|[upkeep]
|upkeep
|turn|32
|inactive|samply amazing has 90 seconds left.
|
|t:|1779648940
|switch|p1a: Chandelure|Chandelure, M|100/100
|move|p2a: Gliscor|Knock Off|p1a: Chandelure
|-supereffective|p1a: Chandelure
|-damage|p1a: Chandelure|15/100
|-enditem|p1a: Chandelure|Weakness Policy
|-boost|p1a: Chandelure|atk|2|[from] item: Weakness Policy
|-boost|p1a: Chandelure|spa|2|[from] item: Weakness Policy
|
|-weather|Snowscape|[upkeep]
|upkeep
|turn|33
|inactive|samply amazing has 90 seconds left.
|
|t:|1779648954
|move|p1a: Chandelure|Flamethrower|p2a: Gliscor
|-damage|p2a: Gliscor|30/100 tox
|move|p2a: Gliscor|Knock Off|p1a: Chandelure
|-supereffective|p1a: Chandelure
|-damage|p1a: Chandelure|0 fnt
|faint|p1a: Chandelure
|
|-weather|Snowscape|[upkeep]
|-heal|p2a: Gliscor|42/100 tox|[from] ability: Poison Heal
|upkeep
|
|t:|1779648962
|switch|p1a: Beartic|Beartic, M|100/100
|turn|34
|inactive|samply amazing has 90 seconds left.
|
|t:|1779648986
|switch|p2a: Corviknight|Corviknight, F|100/100
|-damage|p2a: Corviknight|88/100|[from] Stealth Rock
|-ability|p2a: Corviknight|Pressure
|move|p1a: Beartic|Icicle Crash|p2a: Corviknight
|-damage|p2a: Corviknight|47/100
|
|-weather|none
|-heal|p2a: Corviknight|54/100|[from] item: Leftovers
|upkeep
|turn|35
|inactive|samply amazing has 90 seconds left.
|
|t:|1779648997
|move|p1a: Beartic|Icicle Crash|p2a: Corviknight
|-damage|p2a: Corviknight|13/100
|cant|p2a: Corviknight|flinch
|
|-heal|p2a: Corviknight|19/100|[from] item: Leftovers
|upkeep
|turn|36
|inactive|samply amazing has 90 seconds left.
|
|t:|1779649011
|switch|p2a: Toxapex|Toxapex, M|99/100
|-damage|p2a: Toxapex|88/100|[from] Stealth Rock
|move|p1a: Beartic|Icicle Crash|p2a: Toxapex
|-resisted|p2a: Toxapex
|-damage|p2a: Toxapex|67/100
|
|upkeep
|turn|37
|
|t:|1779649019
|switch|p1a: Slowking|Slowking-Galar, M|100/100
|move|p2a: Toxapex|Toxic|p1a: Slowking
|-immune|p1a: Slowking
|
|upkeep
|turn|38
|inactive|samply amazing has 90 seconds left.
|
|t:|1779649034
|switch|p2a: Gliscor|Gliscor, F, tera:Dark|42/100 tox
|-damage|p2a: Gliscor|30/100 tox|[from] Stealth Rock
|move|p1a: Slowking|Future Sight|p2a: Gliscor
|-start|p1a: Slowking|move: Future Sight
|
|-heal|p2a: Gliscor|42/100 tox|[from] ability: Poison Heal
|-sideend|p1: koolesttt|move: Aurora Veil
|upkeep
|turn|39
|inactive|samply amazing has 90 seconds left.
|
|t:|1779649056
|switch|p1a: Thundurus|Thundurus-Therian, M|47/100
|move|p2a: Gliscor|Knock Off|p1a: Thundurus
|-damage|p1a: Thundurus|14/100
|
|-heal|p2a: Gliscor|55/100 tox|[from] ability: Poison Heal
|upkeep
|turn|40
|inactive|samply amazing has 90 seconds left.
|
|t:|1779649071
|move|p2a: Gliscor|Protect|p2a: Gliscor
|-singleturn|p2a: Gliscor|Protect
|move|p1a: Thundurus|Thunderbolt|p2a: Gliscor
|-activate|p2a: Gliscor|move: Protect
|
|-end|p2a: Gliscor|move: Future Sight
|-immune|p2a: Gliscor
|-heal|p2a: Gliscor|67/100 tox|[from] ability: Poison Heal
|upkeep
|turn|41
|inactive|samply amazing has 90 seconds left.
|
|t:|1779649083
|move|p1a: Thundurus|Thunderbolt|p2a: Gliscor
|-damage|p2a: Gliscor|23/100 tox
|move|p2a: Gliscor|Knock Off|p1a: Thundurus
|-damage|p1a: Thundurus|0 fnt
|faint|p1a: Thundurus
|
|-heal|p2a: Gliscor|35/100 tox|[from] ability: Poison Heal
|upkeep
|
|t:|1779649094
|switch|p1a: Ninetales|Ninetales-Alola, M|18/100
|-weather|Snowscape|[from] ability: Snow Warning|[of] p1a: Ninetales
|turn|42
|inactive|samply amazing has 90 seconds left.
|
|t:|1779649122
|switch|p2a: Toxapex|Toxapex, M|99/100
|-damage|p2a: Toxapex|88/100|[from] Stealth Rock
|move|p1a: Ninetales|Moonblast|p2a: Toxapex
|-resisted|p2a: Toxapex
|-damage|p2a: Toxapex|76/100
|
|-weather|Snowscape|[upkeep]
|upkeep
|turn|43
|
|t:|1779649129
|switch|p1a: Beartic|Beartic, M|100/100
|switch|p2a: Corviknight|Corviknight, F|19/100
|-damage|p2a: Corviknight|7/100|[from] Stealth Rock
|-ability|p2a: Corviknight|Pressure
|
|-weather|Snowscape|[upkeep]
|-heal|p2a: Corviknight|13/100|[from] item: Leftovers
|upkeep
|turn|44
|
|t:|1779649134
|switch|p2a: Dondozo|Dondozo, F|100/100
|-damage|p2a: Dondozo|88/100|[from] Stealth Rock
|move|p1a: Beartic|Icicle Crash|p2a: Dondozo
|-resisted|p2a: Dondozo
|-damage|p2a: Dondozo|73/100
|
|-weather|Snowscape|[upkeep]
|-heal|p2a: Dondozo|79/100|[from] item: Leftovers
|upkeep
|turn|45
|
|t:|1779649147
|switch|p1a: Slowking|Slowking-Galar, M|100/100
|move|p2a: Dondozo|Waterfall|p1a: Slowking
|-damage|p1a: Slowking|74/100
|
|-weather|Snowscape|[upkeep]
|-heal|p2a: Dondozo|85/100|[from] item: Leftovers
|upkeep
|turn|46
|
|t:|1779649155
|switch|p2a: Corviknight|Corviknight, F|13/100
|-damage|p2a: Corviknight|1/100|[from] Stealth Rock
|-ability|p2a: Corviknight|Pressure
|-prepare|p1a: Slowking|Chilly Reception|[premajor]
|move|p1a: Slowking|Chilly Reception|p1a: Slowking
|
|t:|1779649158
|switch|p1a: Beartic|Beartic, M|100/100|[from] Chilly Reception
|
|-weather|none
|-heal|p2a: Corviknight|7/100|[from] item: Leftovers
|upkeep
|turn|47
|
|t:|1779649165
|move|p1a: Beartic|Close Combat|p2a: Corviknight
|-damage|p2a: Corviknight|0 fnt
|-unboost|p1a: Beartic|def|1
|-unboost|p1a: Beartic|spd|1
|faint|p2a: Corviknight
|
|upkeep
|
|t:|1779649191
|switch|p2a: Gliscor|Gliscor, F, tera:Dark|35/100 tox
|-damage|p2a: Gliscor|23/100 tox|[from] Stealth Rock
|turn|48
|
|t:|1779649204
|move|p2a: Gliscor|Protect|p2a: Gliscor
|-singleturn|p2a: Gliscor|Protect
|move|p1a: Beartic|Close Combat|p2a: Gliscor
|-activate|p2a: Gliscor|move: Protect
|
|-heal|p2a: Gliscor|35/100 tox|[from] ability: Poison Heal
|upkeep
|turn|49
|
|t:|1779649217
|switch|p2a: Toxapex|Toxapex, M|100/100
|-damage|p2a: Toxapex|88/100|[from] Stealth Rock
|move|p1a: Beartic|Close Combat|p2a: Toxapex
|-resisted|p2a: Toxapex
|-damage|p2a: Toxapex|69/100
|-unboost|p1a: Beartic|def|1
|-unboost|p1a: Beartic|spd|1
|
|upkeep
|turn|50
|
|t:|1779649224
|switch|p1a: Slowking|Slowking-Galar, M|100/100
|switch|p2a: Blissey|Blissey, F|100/100
|-damage|p2a: Blissey|88/100|[from] Stealth Rock
|
|-heal|p2a: Blissey|94/100|[from] item: Leftovers
|upkeep
|turn|51
|inactive|samply amazing has 90 seconds left.
|
|t:|1779649258
|move|p2a: Blissey|Seismic Toss|p1a: Slowking
|-damage|p1a: Slowking|75/100
|-prepare|p1a: Slowking|Chilly Reception|[premajor]
|move|p1a: Slowking|Chilly Reception|p1a: Slowking
|-weather|Snowscape
|
|t:|1779649264
|switch|p1a: Beartic|Beartic, M|100/100|[from] Chilly Reception
|
|-weather|Snowscape|[upkeep]
|-heal|p2a: Blissey|100/100|[from] item: Leftovers
|upkeep
|turn|52
|inactive|samply amazing has 90 seconds left.
|
|t:|1779649285
|switch|p2a: Dondozo|Dondozo, F|85/100
|-damage|p2a: Dondozo|73/100|[from] Stealth Rock
|move|p1a: Beartic|Icicle Crash|p2a: Dondozo
|-resisted|p2a: Dondozo
|-damage|p2a: Dondozo|58/100
|
|-weather|Snowscape|[upkeep]
|-heal|p2a: Dondozo|64/100|[from] item: Leftovers
|upkeep
|turn|53
|
|t:|1779649293
|switch|p1a: Slowking|Slowking-Galar, M|100/100
|move|p2a: Dondozo|Curse|p2a: Dondozo
|-unboost|p2a: Dondozo|spe|1
|-boost|p2a: Dondozo|atk|1
|-boost|p2a: Dondozo|def|1
|
|-weather|Snowscape|[upkeep]
|-heal|p2a: Dondozo|70/100|[from] item: Leftovers
|upkeep
|turn|54
|inactive|samply amazing has 90 seconds left.
|
|t:|1779649301
|move|p2a: Dondozo|Rest|p2a: Dondozo
|-status|p2a: Dondozo|slp|[from] move: Rest
|-heal|p2a: Dondozo|100/100 slp|[silent]
|move|p1a: Slowking|Sludge Bomb|p2a: Dondozo
|-damage|p2a: Dondozo|70/100 slp
|
|-weather|Snowscape|[upkeep]
|-heal|p2a: Dondozo|76/100 slp|[from] item: Leftovers
|upkeep
|turn|55
|
|t:|1779649307
|cant|p2a: Dondozo|slp
|move|p2a: Dondozo|Sleep Talk|p2a: Dondozo
|move|p2a: Dondozo|Waterfall|p1a: Slowking|[from] move: Sleep Talk
|-damage|p1a: Slowking|57/100
|-prepare|p1a: Slowking|Chilly Reception|[premajor]
|move|p1a: Slowking|Chilly Reception|p1a: Slowking
|
|t:|1779649312
|switch|p1a: Ninetales|Ninetales-Alola, M|18/100|[from] Chilly Reception
|
|-weather|none
|-heal|p2a: Dondozo|82/100 slp|[from] item: Leftovers
|upkeep
|turn|56
|
|t:|1779649317
|move|p1a: Ninetales|Freeze-Dry|p2a: Dondozo
|-supereffective|p2a: Dondozo
|-damage|p2a: Dondozo|45/100 slp
|cant|p2a: Dondozo|slp
|move|p2a: Dondozo|Sleep Talk|p2a: Dondozo
|move|p2a: Dondozo|Waterfall|p1a: Ninetales|[from] move: Sleep Talk
|-damage|p1a: Ninetales|0 fnt
|faint|p1a: Ninetales
|
|-heal|p2a: Dondozo|51/100 slp|[from] item: Leftovers
|upkeep
|
|t:|1779649328
|switch|p1a: Slowking|Slowking-Galar, M|90/100
|turn|57
|inactive|samply amazing has 120 seconds left.
|
|t:|1779649343
|-curestatus|p2a: Dondozo|slp|[msg]
|move|p2a: Dondozo|Sleep Talk||[still]
|-fail|p2a: Dondozo
|move|p1a: Slowking|Future Sight|p2a: Dondozo
|-start|p1a: Slowking|move: Future Sight
|
|-heal|p2a: Dondozo|57/100|[from] item: Leftovers
|upkeep
|turn|58
|inactive|samply amazing has 120 seconds left.
|
|t:|1779649358
|move|p2a: Dondozo|Waterfall|p1a: Slowking
|-damage|p1a: Slowking|49/100
|move|p1a: Slowking|Sludge Bomb|p2a: Dondozo
|-damage|p2a: Dondozo|23/100
|
|-heal|p2a: Dondozo|29/100|[from] item: Leftovers
|upkeep
|turn|59
|
|t:|1779649365
|move|p2a: Dondozo|Rest|p2a: Dondozo
|-status|p2a: Dondozo|slp|[from] move: Rest
|-heal|p2a: Dondozo|100/100 slp|[silent]
|move|p1a: Slowking|Sludge Bomb|p2a: Dondozo
|-damage|p2a: Dondozo|68/100 slp
|
|-end|p2a: Dondozo|move: Future Sight
|-damage|p2a: Dondozo|28/100 slp
|-heal|p2a: Dondozo|34/100 slp|[from] item: Leftovers
|upkeep
|turn|60
|inactive|samply amazing has 120 seconds left.
|
|t:|1779649373
|cant|p2a: Dondozo|slp
|move|p2a: Dondozo|Sleep Talk|p2a: Dondozo
|move|p2a: Dondozo|Rest||[from] move: Sleep Talk|[still]
|-fail|p2a: Dondozo
|move|p1a: Slowking|Sludge Bomb|p2a: Dondozo
|-damage|p2a: Dondozo|2/100 slp
|
|-heal|p2a: Dondozo|8/100 slp|[from] item: Leftovers
|upkeep
|turn|61
|
|t:|1779649379
|cant|p2a: Dondozo|slp
|move|p2a: Dondozo|Sleep Talk|p2a: Dondozo
|move|p2a: Dondozo|Waterfall|p1a: Slowking|[from] move: Sleep Talk
|-damage|p1a: Slowking|10/100
|move|p1a: Slowking|Sludge Bomb|p2a: Dondozo
|-damage|p2a: Dondozo|0 fnt
|faint|p2a: Dondozo
|
|upkeep
|inactive|samply amazing has 120 seconds left.
|
|t:|1779649392
|switch|p2a: Gliscor|Gliscor, F, tera:Dark|35/100 tox
|-damage|p2a: Gliscor|23/100 tox|[from] Stealth Rock
|turn|62
|inactive|samply amazing has 120 seconds left.
|
|t:|1779649402
|switch|p1a: Great Tusk|Great Tusk|100/100
|move|p2a: Gliscor|Earthquake|p1a: Great Tusk
|-damage|p1a: Great Tusk|75/100
|
|-heal|p2a: Gliscor|35/100 tox|[from] ability: Poison Heal
|upkeep
|turn|63
|
|t:|1779649409
|move|p2a: Gliscor|Protect|p2a: Gliscor
|-singleturn|p2a: Gliscor|Protect
|move|p1a: Great Tusk|Headlong Rush|p2a: Gliscor
|-activate|p2a: Gliscor|move: Protect
|
|-heal|p2a: Gliscor|48/100 tox|[from] ability: Poison Heal
|upkeep
|turn|64
|inactive|samply amazing has 120 seconds left.
|
|t:|1779649437
|move|p1a: Great Tusk|Headlong Rush|p2a: Gliscor
|-damage|p2a: Gliscor|0 fnt
|-unboost|p1a: Great Tusk|def|1
|-unboost|p1a: Great Tusk|spd|1
|faint|p2a: Gliscor
|
|upkeep
|
|t:|1779649443
|switch|p2a: Toxapex|Toxapex, M|100/100
|-damage|p2a: Toxapex|88/100|[from] Stealth Rock
|turn|65
|
|t:|1779649446
|switch|p2a: Blissey|Blissey, F|100/100
|-damage|p2a: Blissey|88/100|[from] Stealth Rock
|move|p1a: Great Tusk|Headlong Rush|p2a: Blissey
|-damage|p2a: Blissey|24/100
|-unboost|p1a: Great Tusk|def|1
|-unboost|p1a: Great Tusk|spd|1
|
|-heal|p2a: Blissey|31/100|[from] item: Leftovers
|upkeep
|turn|66
|
|t:|1779649450
|switch|p2a: Toxapex|Toxapex, M|100/100
|-damage|p2a: Toxapex|88/100|[from] Stealth Rock
|move|p1a: Great Tusk|Headlong Rush|p2a: Toxapex
|-supereffective|p2a: Toxapex
|-damage|p2a: Toxapex|12/100
|-unboost|p1a: Great Tusk|def|1
|-unboost|p1a: Great Tusk|spd|1
|
|upkeep
|turn|67
|-message|samply amazing forfeited.
|
|win|koolesttt
|raw|koolesttt's rating: 1343 &rarr; <strong>1360</strong><br />(+17 for winning)
|raw|samply amazing's rating: 1286 &rarr; <strong>1265</strong><br />(-21 for losing)
|l|☆samply amazing
|player|p2|
