|j|☆falihsan
|j|☆elmonelio
|t:|1779698146
|gametype|singles
|player|p1|falihsan|266|1117
|player|p2|elmonelio|ethan|1188
|gen|9
|tier|[Gen 9] OU
|rated|
|rule|HP Percentage Mod: HP is shown in percentages
|rule|Endless Battle Clause: Forcing endless battles is banned
|rule|Species Clause: Limit one of each Pokémon
|rule|OHKO Clause: OHKO moves are banned
|rule|Evasion Items Clause: Evasion items are banned
|rule|Evasion Moves Clause: Evasion moves are banned
|rule|Evasion Abilities Clause: Evasion abilities are banned
|rule|Sleep Moves Clause: Sleep-inducing moves are banned
|clearpoke
|poke|p1|Dragalge, M|
|poke|p1|Ceruledge, M|
|poke|p1|Meowscarada, F|
|poke|p1|Dondozo, F|
|poke|p1|Iron Valiant|
|poke|p1|Zapdos|
|poke|p2|Zapdos|
|poke|p2|Tauros-Paldea-Aqua, M|
|poke|p2|Skeledirge, F|
|poke|p2|Kingambit, M|
|poke|p2|Mamoswine, F|
|poke|p2|Maushold-Four|
|teampreview
|
|t:|1779698162
|teamsize|p1|6
|teamsize|p2|6
|start
|switch|p1a: nonce|Dragalge, M|100/100
|switch|p2a: Mamoswine|Mamoswine, F|100/100
|turn|1
|
|t:|1779698176
|move|p2a: Mamoswine|Icicle Spear|p1a: nonce
|-supereffective|p1a: nonce
|-damage|p1a: nonce|77/100
|-supereffective|p1a: nonce
|-damage|p1a: nonce|56/100
|-supereffective|p1a: nonce
|-damage|p1a: nonce|32/100
|-supereffective|p1a: nonce
|-damage|p1a: nonce|9/100
|-hitcount|p1a: nonce|4
|move|p1a: nonce|Scald|p2a: Mamoswine
|-supereffective|p2a: Mamoswine
|-damage|p2a: Mamoswine|54/100
|-status|p2a: Mamoswine|brn
|
|-heal|p1a: nonce|15/100|[from] item: Black Sludge
|-damage|p2a: Mamoswine|48/100 brn|[from] brn
|upkeep
|turn|2
|
|t:|1779698196
|move|p1a: nonce|Protect|p1a: nonce
|-singleturn|p1a: nonce|Protect
|move|p2a: Mamoswine|Icicle Spear|p1a: nonce
|-activate|p1a: nonce|move: Protect
|
|-heal|p1a: nonce|21/100|[from] item: Black Sludge
|-damage|p2a: Mamoswine|42/100 brn|[from] brn
|upkeep
|turn|3
|
|t:|1779698205
|switch|p1a: nonce 4|Dondozo, F|100/100
|move|p2a: Mamoswine|Stealth Rock|p1a: nonce 4
|-sidestart|p1: falihsan|move: Stealth Rock
|
|-damage|p2a: Mamoswine|36/100 brn|[from] brn
|upkeep
|turn|4
|
|t:|1779698221
|switch|p2a: Zapdos|Zapdos|100/100
|move|p1a: nonce 4|Body Press|p2a: Zapdos
|-resisted|p2a: Zapdos
|-damage|p2a: Zapdos|87/100
|-status|p1a: nonce 4|par|[from] ability: Static|[of] p2a: Zapdos
|
|upkeep
|turn|5
|
|t:|1779698231
|move|p2a: Zapdos|Discharge|p1a: nonce 4
|-supereffective|p1a: nonce 4
|-damage|p1a: nonce 4|35/100 par
|move|p1a: nonce 4|Rest|p1a: nonce 4
|-status|p1a: nonce 4|slp|[from] move: Rest
|-heal|p1a: nonce 4|100/100 slp|[silent]
|
|upkeep
|turn|6
|
|t:|1779698256
|switch|p1a: king|Zapdos, shiny|100/100
|-damage|p1a: king|76/100|[from] Stealth Rock
|-ability|p1a: king|Pressure
|move|p2a: Zapdos|Discharge|p1a: king
|-damage|p1a: king|30/100
|
|upkeep
|turn|7
|
|t:|1779698274
|move|p1a: king|Heat Wave|p2a: Zapdos
|-damage|p2a: Zapdos|56/100
|-damage|p1a: king|20/100|[from] item: Life Orb
|move|p2a: Zapdos|Discharge|p1a: king
|-damage|p1a: king|0 fnt
|faint|p1a: king
|
|upkeep
|
|t:|1779698289
|switch|p1a: nonce 2|Ceruledge, M, shiny|100/100
|-damage|p1a: nonce 2|76/100|[from] Stealth Rock
|turn|8
|
|t:|1779698300
|move|p1a: nonce 2|Bitter Blade|p2a: Zapdos
|-damage|p2a: Zapdos|8/100
|-heal|p1a: nonce 2|100/100|[from] drain|[of] p2a: Zapdos
|-enditem|p2a: Zapdos|Aguav Berry|[eat]
|-heal|p2a: Zapdos|41/100|[from] item: Aguav Berry
|move|p2a: Zapdos|Thunder Wave|p1a: nonce 2
|-status|p1a: nonce 2|par
|
|upkeep
|turn|9
|
|t:|1779698310
|move|p2a: Zapdos|Roost|p2a: Zapdos
|-heal|p2a: Zapdos|91/100
|-singleturn|p2a: Zapdos|move: Roost
|cant|p1a: nonce 2|par
|
|upkeep
|turn|10
|
|t:|1779698324
|move|p2a: Zapdos|Discharge|p1a: nonce 2
|-damage|p1a: nonce 2|59/100 par
|move|p1a: nonce 2|Bitter Blade|p2a: Zapdos
|-crit|p2a: Zapdos
|-damage|p2a: Zapdos|22/100
|-heal|p1a: nonce 2|100/100 par|[from] drain|[of] p2a: Zapdos
|
|upkeep
|turn|11
|inactive|Battle timer is ON: inactive players will automatically lose when time's up. (requested by elmonelio)
|
|t:|1779698391
|switch|p2a: Tauros|Tauros-Paldea-Aqua, M|100/100
|-ability|p2a: Tauros|Intimidate|boost
|-unboost|p1a: nonce 2|atk|1
|cant|p1a: nonce 2|par
|
|upkeep
|turn|12
|
|t:|1779698399
|move|p2a: Tauros|Raging Bull|p1a: nonce 2
|-supereffective|p1a: nonce 2
|-enditem|p1a: nonce 2|Focus Sash
|-damage|p1a: nonce 2|1/100 par
|-ability|p1a: nonce 2|Weak Armor|boost
|-unboost|p1a: nonce 2|def|1
|-boost|p1a: nonce 2|spe|2
|move|p1a: nonce 2|Close Combat|p2a: Tauros
|-damage|p2a: Tauros|71/100
|-unboost|p1a: nonce 2|def|1
|-unboost|p1a: nonce 2|spd|1
|-damage|p1a: nonce 2|0 fnt|[from] item: Rocky Helmet|[of] p2a: Tauros
|faint|p1a: nonce 2
|
|upkeep
|
|t:|1779698417
|switch|p1a: nonce 5|Iron Valiant, shiny|100/100
|-damage|p1a: nonce 5|94/100|[from] Stealth Rock
|-enditem|p1a: nonce 5|Booster Energy
|-activate|p1a: nonce 5|ability: Quark Drive|[fromitem]
|-start|p1a: nonce 5|quarkdrivespe
|turn|13
|
|t:|1779698428
|move|p2a: Tauros|Aqua Jet|p1a: nonce 5
|-damage|p1a: nonce 5|71/100
|move|p1a: nonce 5|Moonblast|p2a: Tauros
|-supereffective|p2a: Tauros
|-crit|p2a: Tauros
|-damage|p2a: Tauros|0 fnt
|faint|p2a: Tauros
|
|upkeep
|
|t:|1779698444
|switch|p2a: Zapdos|Zapdos|22/100
|turn|14
|
|t:|1779698449
|move|p1a: nonce 5|Psyshock|p2a: Zapdos
|-damage|p2a: Zapdos|0 fnt
|faint|p2a: Zapdos
|
|upkeep
|
|t:|1779698456
|switch|p2a: Maushold|Maushold-Four|100/100
|turn|15
|
|t:|1779698478
|move|p1a: nonce 5|Aura Sphere|p2a: Maushold
|-supereffective|p2a: Maushold
|-damage|p2a: Maushold|0 fnt
|faint|p2a: Maushold
|
|upkeep
|
|t:|1779698484
|switch|p2a: Skeledirge|Skeledirge, F|100/100
|turn|16
|
|t:|1779698493
|-end|p1a: nonce 5|Quark Drive|[silent]
|switch|p1a: nonce 4|Dondozo, F|100/100 slp
|-damage|p1a: nonce 4|88/100 slp|[from] Stealth Rock
|move|p2a: Skeledirge|Torch Song|p1a: nonce 4
|-resisted|p1a: nonce 4
|-damage|p1a: nonce 4|72/100 slp
|-boost|p2a: Skeledirge|spa|1
|
|-heal|p1a: nonce 4|78/100 slp|[from] item: Leftovers
|upkeep
|turn|17
|inactive|falihsan has 120 seconds left.
|
|t:|1779698544
|move|p2a: Skeledirge|Torch Song|p1a: nonce 4
|-resisted|p1a: nonce 4
|-damage|p1a: nonce 4|63/100 slp
|-boost|p2a: Skeledirge|spa|1
|cant|p1a: nonce 4|slp
|
|-heal|p1a: nonce 4|69/100 slp|[from] item: Leftovers
|upkeep
|turn|18
|
|t:|1779698559
|move|p2a: Skeledirge|Shadow Ball|p1a: nonce 4
|-damage|p1a: nonce 4|38/100 slp
|cant|p1a: nonce 4|slp
|
|-heal|p1a: nonce 4|44/100 slp|[from] item: Leftovers
|upkeep
|turn|19
|
|t:|1779698568
|move|p2a: Skeledirge|Torch Song|p1a: nonce 4
|-resisted|p1a: nonce 4
|-damage|p1a: nonce 4|29/100 slp
|-boost|p2a: Skeledirge|spa|1
|-curestatus|p1a: nonce 4|slp|[msg]
|move|p1a: nonce 4|Wave Crash|p2a: Skeledirge
|-supereffective|p2a: Skeledirge
|-damage|p2a: Skeledirge|51/100
|-damage|p1a: nonce 4|16/100|[from] Recoil
|
|-heal|p2a: Skeledirge|57/100|[from] item: Leftovers
|-heal|p1a: nonce 4|22/100|[from] item: Leftovers
|upkeep
|turn|20
|
|t:|1779698584
|move|p2a: Skeledirge|Shadow Ball|p1a: nonce 4
|-damage|p1a: nonce 4|0 fnt
|faint|p1a: nonce 4
|
|-heal|p2a: Skeledirge|63/100|[from] item: Leftovers
|upkeep
|inactive|falihsan has 90 seconds left.
|
|t:|1779698605
|switch|p1a: nonce 3|Meowscarada, F, shiny|100/100
|-damage|p1a: nonce 3|88/100|[from] Stealth Rock
|turn|21
|
|t:|1779698613
|-terastallize|p2a: Skeledirge|Fairy
|move|p1a: nonce 3|Knock Off|p2a: Skeledirge
|-start|p1a: nonce 3|typechange|Dark|[from] ability: Protean
|-resisted|p2a: Skeledirge
|-damage|p2a: Skeledirge|48/100
|-enditem|p2a: Skeledirge|Leftovers|[from] move: Knock Off|[of] p1a: nonce 3
|move|p2a: Skeledirge|Torch Song|p1a: nonce 3
|-damage|p1a: nonce 3|0 fnt
|-boost|p2a: Skeledirge|spa|1
|faint|p1a: nonce 3
|
|upkeep
|
|t:|1779698626
|switch|p1a: nonce|Dragalge, M|21/100
|-damage|p1a: nonce|9/100|[from] Stealth Rock
|turn|22
|
|t:|1779698635
|move|p2a: Skeledirge|Alluring Voice|p1a: nonce
|-damage|p1a: nonce|0 fnt
|faint|p1a: nonce
|
|upkeep
|
|t:|1779698640
|switch|p1a: nonce 5|Iron Valiant, shiny|71/100
|-damage|p1a: nonce 5|65/100|[from] Stealth Rock
|turn|23
|inactive|falihsan has 90 seconds left.
|
|t:|1779698654
|move|p1a: nonce 5|Moonblast|p2a: Skeledirge
|-damage|p2a: Skeledirge|0 fnt
|faint|p2a: Skeledirge
|
|upkeep
|
|t:|1779698659
|switch|p2a: Mamoswine|Mamoswine, F|36/100 brn
|turn|24
|inactive|falihsan has 90 seconds left.
|
|t:|1779698673
|move|p1a: nonce 5|Aura Sphere|p2a: Mamoswine
|-supereffective|p2a: Mamoswine
|-damage|p2a: Mamoswine|0 fnt
|faint|p2a: Mamoswine
|
|upkeep
|
|t:|1779698678
|switch|p2a: Kingambit|Kingambit, M|100/100
|-activate|p2a: Kingambit|ability: Supreme Overlord
|-start|p2a: Kingambit|fallen5|[silent]
|turn|25
|
|t:|1779698690
|move|p2a: Kingambit|Sucker Punch|p1a: nonce 5
|-resisted|p1a: nonce 5
|-damage|p1a: nonce 5|42/100
|move|p1a: nonce 5|Aura Sphere|p2a: Kingambit
|-supereffective|p2a: Kingambit
|-damage|p2a: Kingambit|0 fnt
|faint|p2a: Kingambit
|-end|p2a: Kingambit|fallen5|[silent]
|
|win|falihsan
|raw|falihsan's rating: 1117 &rarr; <strong>1147</strong><br />(+30 for winning)
|raw|elmonelio's rating: 1188 &rarr; <strong>1158</strong><br />(-30 for losing)
|l|☆elmonelio
|player|p2|
|c|☆falihsan|just quit
|l|☆falihsan
|player|p1|
