|j|☆Sil3nt_Phant0m
|j|☆Memone123
|t:|1779654929
|gametype|singles
|player|p1|Sil3nt_Phant0m|lance|1083
|player|p2|Memone123|169|1092
|gen|9
|tier|[Gen 9] OU
|rated|
|rule|HP Percentage Mod: HP is shown in percentages
|rule|Endless Battle Clause: Forcing endless battles is banned
|rule|Species Clause: Limit one of each Pokémon
|rule|OHKO Clause: OHKO moves are banned
|rule|Evasion Items Clause: Evasion items are banned
|rule|Evasion Moves Clause: Evasion moves are banned
|rule|Evasion Abilities Clause: Evasion abilities are banned
|rule|Sleep Moves Clause: Sleep-inducing moves are banned
|clearpoke
|poke|p1|Dragapult, M|
|poke|p1|Gliscor, M|
|poke|p1|Kingambit, F|
|poke|p1|Glimmora, M|
|poke|p1|Ceruledge, F|
|poke|p1|Garganacl, M|
|poke|p2|Voltorb-Hisui|
|poke|p2|Golem, M|
|poke|p2|Regirock|
|poke|p2|Weezing, F|
|poke|p2|Diancie|
|poke|p2|Metagross|
|teampreview
|inactive|Battle timer is ON: inactive players will automatically lose when time's up. (requested by Memone123)
|
|t:|1779654953
|teamsize|p1|6
|teamsize|p2|6
|start
|switch|p1a: Glimmora|Glimmora, M|100/100
|switch|p2a: Regirock|Regirock|100/100
|turn|1
|
|t:|1779654959
|move|p1a: Glimmora|Mortal Spin|p2a: Regirock
|-resisted|p2a: Regirock
|-damage|p2a: Regirock|98/100
|-status|p2a: Regirock|psn
|move|p2a: Regirock|Iron Defense|p2a: Regirock
|-boost|p2a: Regirock|def|2
|
|-heal|p2a: Regirock|100/100 psn|[from] item: Leftovers
|-damage|p2a: Regirock|88/100 psn|[from] psn
|upkeep
|turn|2
|
|t:|1779654970
|move|p1a: Glimmora|Stealth Rock|p2a: Regirock
|-sidestart|p2: Memone123|move: Stealth Rock
|move|p2a: Regirock|Iron Defense|p2a: Regirock
|-boost|p2a: Regirock|def|2
|
|-heal|p2a: Regirock|94/100 psn|[from] item: Leftovers
|-damage|p2a: Regirock|82/100 psn|[from] psn
|upkeep
|turn|3
|
|t:|1779654982
|move|p1a: Glimmora|Spikes|p2a: Regirock
|-sidestart|p2: Memone123|Spikes
|move|p2a: Regirock|Body Press|p1a: Glimmora
|-damage|p1a: Glimmora|0 fnt
|-activate|p1a: Glimmora|ability: Toxic Debris
|-sidestart|p2: Memone123|move: Toxic Spikes
|faint|p1a: Glimmora
|
|-heal|p2a: Regirock|88/100 psn|[from] item: Leftovers
|-damage|p2a: Regirock|76/100 psn|[from] psn
|upkeep
|inactive|Sil3nt_Phant0m has 120 seconds left.
|
|t:|1779655014
|switch|p1a: Dragapult|Dragapult, M|100/100
|turn|4
|inactive|Sil3nt_Phant0m has 120 seconds left.
|
|t:|1779655024
|move|p1a: Dragapult|Dragon Darts|p2a: Regirock
|-damage|p2a: Regirock|70/100 psn
|-anim|p1a: Dragapult|Dragon Darts|p2a: Regirock
|-damage|p2a: Regirock|65/100 psn
|move|p2a: Regirock|Stealth Rock|p1a: Dragapult
|-sidestart|p1: Sil3nt_Phant0m|move: Stealth Rock
|
|-heal|p2a: Regirock|71/100 psn|[from] item: Leftovers
|-damage|p2a: Regirock|59/100 psn|[from] psn
|upkeep
|turn|5
|inactive|Sil3nt_Phant0m has 120 seconds left.
|
|t:|1779655044
|switch|p2a: Diancie|Diancie|100/100
|-damage|p2a: Diancie|88/100|[from] Stealth Rock
|-damage|p2a: Diancie|76/100|[from] Spikes
|-status|p2a: Diancie|psn
|move|p1a: Dragapult|Shadow Ball|p2a: Diancie
|-damage|p2a: Diancie|58/100 psn
|
|-damage|p2a: Diancie|45/100 psn|[from] psn
|upkeep
|turn|6
|
|t:|1779655059
|move|p1a: Dragapult|U-turn|p2a: Diancie
|-resisted|p2a: Diancie
|-damage|p2a: Diancie|33/100 psn
|
|t:|1779655064
|switch|p1a: Gliscor|Gliscor, M|100/100|[from] U-turn
|-damage|p1a: Gliscor|88/100|[from] Stealth Rock
|move|p2a: Diancie|Misty Explosion|p1a: Gliscor
|-damage|p1a: Gliscor|46/100
|faint|p2a: Diancie
|
|-status|p1a: Gliscor|tox|[from] item: Toxic Orb
|upkeep
|inactive|Memone123 has 120 seconds left.
|
|t:|1779655084
|switch|p2a: Weezing|Weezing, F|100/100
|-damage|p2a: Weezing|88/100|[from] Stealth Rock
|turn|7
|
|t:|1779655092
|move|p1a: Gliscor|Protect|p1a: Gliscor
|-singleturn|p1a: Gliscor|Protect
|move|p2a: Weezing|Toxic Spikes|p1a: Gliscor
|-sidestart|p1: Sil3nt_Phant0m|move: Toxic Spikes
|
|-heal|p2a: Weezing|94/100|[from] item: Leftovers
|-heal|p1a: Gliscor|58/100 tox|[from] ability: Poison Heal
|upkeep
|turn|8
|
|t:|1779655100
|move|p1a: Gliscor|Knock Off|p2a: Weezing
|-damage|p2a: Weezing|67/100
|-enditem|p2a: Weezing|Leftovers|[from] move: Knock Off|[of] p1a: Gliscor
|move|p2a: Weezing|Explosion|p1a: Gliscor
|-damage|p1a: Gliscor|0 fnt
|faint|p2a: Weezing
|faint|p1a: Gliscor
|
|upkeep
|inactive|Memone123 has 120 seconds left.
|
|t:|1779655124
|switch|p1a: Ceruledge|Ceruledge, F|100/100
|switch|p2a: Metagross|Metagross|100/100
|-damage|p1a: Ceruledge|76/100|[from] Stealth Rock
|-status|p1a: Ceruledge|psn
|-damage|p2a: Metagross|95/100|[from] Stealth Rock
|-item|p2a: Metagross|Air Balloon
|turn|9
|inactive|Memone123 has 120 seconds left.
|
|t:|1779655136
|move|p1a: Ceruledge|Shadow Sneak|p2a: Metagross
|-supereffective|p2a: Metagross
|-damage|p2a: Metagross|56/100
|-enditem|p2a: Metagross|Air Balloon
|move|p2a: Metagross|Earthquake|p1a: Ceruledge
|-supereffective|p1a: Ceruledge
|-damage|p1a: Ceruledge|0 fnt
|faint|p1a: Ceruledge
|
|upkeep
|
|t:|1779655148
|switch|p1a: Dragapult|Dragapult, M|100/100
|-damage|p1a: Dragapult|88/100|[from] Stealth Rock
|-status|p1a: Dragapult|psn
|turn|10
|
|t:|1779655157
|-terastallize|p2a: Metagross|Steel
|move|p2a: Metagross|Bullet Punch|p1a: Dragapult
|-damage|p1a: Dragapult|36/100 psn
|move|p1a: Dragapult|Shadow Ball|p2a: Metagross
|-damage|p2a: Metagross|21/100
|
|-damage|p1a: Dragapult|24/100 psn|[from] psn
|upkeep
|turn|11
|
|t:|1779655167
|move|p2a: Metagross|Bullet Punch|p1a: Dragapult
|-damage|p1a: Dragapult|0 fnt
|faint|p1a: Dragapult
|
|upkeep
|
|t:|1779655172
|switch|p1a: Garganacl|Garganacl, M|100/100
|-damage|p1a: Garganacl|88/100|[from] Stealth Rock
|turn|12
|
|t:|1779655188
|move|p2a: Metagross|Earthquake|p1a: Garganacl
|-supereffective|p1a: Garganacl
|-damage|p1a: Garganacl|46/100
|move|p1a: Garganacl|Salt Cure|p2a: Metagross
|-resisted|p2a: Metagross
|-damage|p2a: Metagross|15/100
|-start|p2a: Metagross|Salt Cure
|
|-heal|p1a: Garganacl|52/100|[from] item: Leftovers
|-damage|p2a: Metagross|0 fnt|[from] Salt Cure
|faint|p2a: Metagross
|upkeep
|
|t:|1779655202
|switch|p2a: Regirock|Regirock|59/100 psn
|-damage|p2a: Regirock|47/100 psn|[from] Stealth Rock
|-damage|p2a: Regirock|34/100 psn|[from] Spikes
|turn|13
|
|t:|1779655209
|move|p2a: Regirock|Body Press|p1a: Garganacl
|-supereffective|p1a: Garganacl
|-damage|p1a: Garganacl|16/100
|move|p1a: Garganacl|Recover|p1a: Garganacl
|-heal|p1a: Garganacl|66/100
|
|-heal|p2a: Regirock|40/100 psn|[from] item: Leftovers
|-heal|p1a: Garganacl|72/100|[from] item: Leftovers
|-damage|p2a: Regirock|28/100 psn|[from] psn
|upkeep
|turn|14
|
|t:|1779655220
|move|p2a: Regirock|Iron Defense|p2a: Regirock
|-boost|p2a: Regirock|def|2
|move|p1a: Garganacl|Recover|p1a: Garganacl
|-heal|p1a: Garganacl|100/100
|
|-heal|p2a: Regirock|34/100 psn|[from] item: Leftovers
|-damage|p2a: Regirock|22/100 psn|[from] psn
|upkeep
|turn|15
|
|t:|1779655228
|move|p2a: Regirock|Body Press|p1a: Garganacl
|-supereffective|p1a: Garganacl
|-damage|p1a: Garganacl|32/100
|move|p1a: Garganacl|Salt Cure|p2a: Regirock
|-damage|p2a: Regirock|17/100 psn
|-start|p2a: Regirock|Salt Cure
|
|-heal|p2a: Regirock|23/100 psn|[from] item: Leftovers
|-heal|p1a: Garganacl|38/100|[from] item: Leftovers
|-damage|p2a: Regirock|10/100 psn|[from] psn
|-damage|p2a: Regirock|0 fnt|[from] Salt Cure
|faint|p2a: Regirock
|upkeep
|
|t:|1779655239
|switch|p2a: Golem|Golem, M|100/100
|-damage|p2a: Golem|95/100|[from] Stealth Rock
|-damage|p2a: Golem|82/100|[from] Spikes
|-status|p2a: Golem|psn
|turn|16
|
|t:|1779655247
|move|p2a: Golem|Earthquake|p1a: Garganacl
|-supereffective|p1a: Garganacl
|-damage|p1a: Garganacl|0 fnt
|faint|p1a: Garganacl
|
|-damage|p2a: Golem|70/100 psn|[from] psn
|upkeep
|
|t:|1779655253
|switch|p1a: Kingambit|Kingambit, F|100/100
|-damage|p1a: Kingambit|94/100|[from] Stealth Rock
|-activate|p1a: Kingambit|ability: Supreme Overlord
|-start|p1a: Kingambit|fallen5|[silent]
|turn|17
|
|t:|1779655257
|move|p2a: Golem|Earthquake|p1a: Kingambit
|-supereffective|p1a: Kingambit
|-damage|p1a: Kingambit|23/100
|move|p1a: Kingambit|Iron Head|p2a: Golem
|-supereffective|p2a: Golem
|-damage|p2a: Golem|0 fnt
|faint|p2a: Golem
|
|upkeep
|
|t:|1779655264
|switch|p2a: Voltorb|Voltorb-Hisui|100/100
|-damage|p2a: Voltorb|88/100|[from] Stealth Rock
|-damage|p2a: Voltorb|76/100|[from] Spikes
|-status|p2a: Voltorb|psn
|turn|18
|
|t:|1779655270
|move|p1a: Kingambit|Sucker Punch||[still]
|-fail|p1a: Kingambit
|move|p2a: Voltorb|Substitute|p2a: Voltorb
|-start|p2a: Voltorb|Substitute
|-damage|p2a: Voltorb|51/100 psn
|
|-heal|p2a: Voltorb|57/100 psn|[from] item: Leftovers
|-damage|p2a: Voltorb|45/100 psn|[from] psn
|upkeep
|turn|19
|
|t:|1779655279
|move|p2a: Voltorb|Leech Seed|p1a: Kingambit
|-start|p1a: Kingambit|move: Leech Seed
|move|p1a: Kingambit|Iron Head|p2a: Voltorb
|-resisted|p2a: Voltorb
|-end|p2a: Voltorb|Substitute
|
|-heal|p2a: Voltorb|51/100 psn|[from] item: Leftovers
|-damage|p1a: Kingambit|10/100|[from] Leech Seed|[of] p2a: Voltorb
|-heal|p2a: Voltorb|73/100 psn|[silent]
|-damage|p2a: Voltorb|61/100 psn|[from] psn
|upkeep
|turn|20
|
|t:|1779655288
|move|p2a: Voltorb|Substitute|p2a: Voltorb
|-start|p2a: Voltorb|Substitute
|-damage|p2a: Voltorb|37/100 psn
|move|p1a: Kingambit|Kowtow Cleave|p2a: Voltorb
|-end|p2a: Voltorb|Substitute
|
|-heal|p2a: Voltorb|42/100 psn|[from] item: Leftovers
|-damage|p1a: Kingambit|0 fnt|[from] Leech Seed|[of] p2a: Voltorb
|-heal|p2a: Voltorb|60/100 psn|[silent]
|faint|p1a: Kingambit
|-end|p1a: Kingambit|fallen5|[silent]
|
|win|Memone123
|raw|Sil3nt_Phant0m's rating: 1083 &rarr; <strong>1061</strong><br />(-22 for losing)
|raw|Memone123's rating: 1092 &rarr; <strong>1118</strong><br />(+26 for winning)
|l|☆Sil3nt_Phant0m
|player|p1|
|l|☆Memone123
|player|p2|
