|j|☆SgtBrick14
|j|☆calamitycow
|t:|1779595888
|gametype|singles
|player|p1|SgtBrick14|pokemonranger|1454
|player|p2|calamitycow|miku-water|1521
|gen|9
|tier|[Gen 9] OU
|rated|
|rule|HP Percentage Mod: HP is shown in percentages
|rule|Endless Battle Clause: Forcing endless battles is banned
|rule|Species Clause: Limit one of each Pokémon
|rule|OHKO Clause: OHKO moves are banned
|rule|Evasion Items Clause: Evasion items are banned
|rule|Evasion Moves Clause: Evasion moves are banned
|rule|Evasion Abilities Clause: Evasion abilities are banned
|rule|Sleep Moves Clause: Sleep-inducing moves are banned
|clearpoke
|poke|p1|Lucario, F|
|poke|p1|Kingambit, M|
|poke|p1|Dragapult, M|
|poke|p1|Gengar, F|
|poke|p1|Cloyster, M|
|poke|p1|Froslass, F|
|poke|p2|Samurott-Hisui, F|
|poke|p2|Gholdengo|
|poke|p2|Revavroom, F|
|poke|p2|Landorus-Therian, M|
|poke|p2|Latios, M|
|poke|p2|Zamazenta-*|
|teampreview
|inactive|Battle timer is ON: inactive players will automatically lose when time's up. (requested by calamitycow)
|
|t:|1779595902
|teamsize|p1|6
|teamsize|p2|6
|start
|switch|p1a: Dragapult|Dragapult, M|100/100
|switch|p2a: Landorus|Landorus-Therian, M|100/100
|-ability|p2a: Landorus|Intimidate|boost
|-fail|p1a: Dragapult|unboost|[from] ability: Clear Body|[of] p1a: Dragapult
|turn|1
|
|t:|1779595918
|move|p1a: Dragapult|Dragon Dance|p1a: Dragapult
|-boost|p1a: Dragapult|atk|1
|-boost|p1a: Dragapult|spe|1
|move|p2a: Landorus|Stealth Rock|p1a: Dragapult
|-sidestart|p1: SgtBrick14|move: Stealth Rock
|
|upkeep
|turn|2
|
|t:|1779595924
|move|p1a: Dragapult|Dragon Dance|p1a: Dragapult
|-boost|p1a: Dragapult|atk|1
|-boost|p1a: Dragapult|spe|1
|move|p2a: Landorus|Earthquake|p1a: Dragapult
|-damage|p1a: Dragapult|31/100
|
|upkeep
|turn|3
|
|t:|1779595928
|move|p1a: Dragapult|Dragon Darts|p2a: Landorus
|-damage|p2a: Landorus|50/100
|-anim|p1a: Dragapult|Dragon Darts|p2a: Landorus
|-damage|p2a: Landorus|0 fnt
|faint|p2a: Landorus
|
|upkeep
|
|t:|1779595942
|switch|p2a: Samurott|Samurott-Hisui, F|100/100
|turn|4
|
|t:|1779595971
|move|p1a: Dragapult|Sucker Punch|p2a: Samurott
|-resisted|p2a: Samurott
|-damage|p2a: Samurott|75/100
|move|p2a: Samurott|Sucker Punch||[still]
|-fail|p2a: Samurott
|
|upkeep
|turn|5
|
|t:|1779595982
|move|p1a: Dragapult|Sucker Punch|p2a: Samurott
|-resisted|p2a: Samurott
|-damage|p2a: Samurott|48/100
|move|p2a: Samurott|Sucker Punch||[still]
|-fail|p2a: Samurott
|
|upkeep
|turn|6
|j| Pakas123
|
|t:|1779595986
|move|p1a: Dragapult|Sucker Punch|p2a: Samurott
|-resisted|p2a: Samurott
|-damage|p2a: Samurott|21/100
|move|p2a: Samurott|Sucker Punch||[still]
|-fail|p2a: Samurott
|
|upkeep
|turn|7
|
|t:|1779595990
|move|p1a: Dragapult|Sucker Punch|p2a: Samurott
|-resisted|p2a: Samurott
|-damage|p2a: Samurott|0 fnt
|faint|p2a: Samurott
|
|upkeep
|
|t:|1779595994
|switch|p2a: Revavroom|Revavroom, F|100/100
|turn|8
|
|t:|1779596001
|move|p1a: Dragapult|Phantom Force||[still]
|-prepare|p1a: Dragapult|Phantom Force
|move|p2a: Revavroom|Gunk Shot|p1a: Dragapult|[miss]
|-miss|p2a: Revavroom|p1a: Dragapult
|
|upkeep
|turn|9
|
|t:|1779596006
|move|p1a: Dragapult|Phantom Force|p2a: Revavroom|[from] lockedmove
|-damage|p2a: Revavroom|0 fnt
|faint|p2a: Revavroom
|
|upkeep
|-message|calamitycow forfeited.
|
|win|SgtBrick14
|raw|SgtBrick14's rating: 1454 &rarr; <strong>1478</strong><br />(+24 for winning)
|raw|calamitycow's rating: 1521 &rarr; <strong>1497</strong><br />(-24 for losing)
|l|☆calamitycow
|player|p2|
|l|☆SgtBrick14
|player|p1|
|l| Pakas123
