|j|‽Notafatwhitekid
|j|☆AP Precalculus
|t:|1779644336
|gametype|singles
|player|p1|Notafatwhitekid|102|1402
|player|p2|AP Precalculus|workerice|1344
|gen|9
|tier|[Gen 9] OU
|rated|
|rule|HP Percentage Mod: HP is shown in percentages
|rule|Endless Battle Clause: Forcing endless battles is banned
|rule|Species Clause: Limit one of each Pokémon
|rule|OHKO Clause: OHKO moves are banned
|rule|Evasion Items Clause: Evasion items are banned
|rule|Evasion Moves Clause: Evasion moves are banned
|rule|Evasion Abilities Clause: Evasion abilities are banned
|rule|Sleep Moves Clause: Sleep-inducing moves are banned
|clearpoke
|poke|p1|Dragonite, F|
|poke|p1|Great Tusk|
|poke|p1|Deoxys-Speed|
|poke|p1|Gholdengo|
|poke|p1|Zamazenta-*|
|poke|p1|Iron Valiant|
|poke|p2|Hatterene, F|
|poke|p2|Drifblim, F|
|poke|p2|Deoxys-Defense|
|poke|p2|Ursaluna, F|
|poke|p2|Iron Hands|
|poke|p2|Enamorus-Therian, F|
|teampreview
|inactive|Battle timer is ON: inactive players will automatically lose when time's up. (requested by AP Precalculus)
|
|t:|1779644358
|teamsize|p1|6
|teamsize|p2|6
|start
|switch|p1a: Deoxys|Deoxys-Speed|100/100
|switch|p2a: The Quiett|Hatterene, F|100/100
|-ability|p1a: Deoxys|Pressure
|turn|1
|
|t:|1779644367
|move|p1a: Deoxys|Skill Swap|p2a: The Quiett
|-activate|p1a: Deoxys|Skill Swap|Magic Bounce|Pressure|[of] p2a: The Quiett
|-ability|p2a: The Quiett|Pressure
|move|p2a: The Quiett|Trick Room|p2a: The Quiett
|-fieldstart|move: Trick Room|[of] p2a: The Quiett
|
|upkeep
|turn|2
|
|t:|1779644377
|move|p2a: The Quiett|Shadow Ball|p1a: Deoxys
|-supereffective|p1a: Deoxys
|-damage|p1a: Deoxys|18/100
|-unboost|p1a: Deoxys|spd|1
|move|p1a: Deoxys|Spikes|p2a: The Quiett
|-sidestart|p2: AP Precalculus|Spikes
|
|upkeep
|turn|3
|
|t:|1779644391
|move|p2a: The Quiett|Shadow Ball|p1a: Deoxys
|-supereffective|p1a: Deoxys
|-damage|p1a: Deoxys|0 fnt
|faint|p1a: Deoxys
|
|upkeep
|
|t:|1779644404
|switch|p1a: Gholdengo|Gholdengo|100/100
|turn|4
|
|t:|1779644415
|-terastallize|p2a: The Quiett|Fire
|move|p2a: The Quiett|Shadow Ball|p1a: Gholdengo
|-supereffective|p1a: Gholdengo
|-damage|p1a: Gholdengo|37/100
|move|p1a: Gholdengo|Make It Rain|p2a: The Quiett
|-resisted|p2a: The Quiett
|-damage|p2a: The Quiett|67/100
|-unboost|p1a: Gholdengo|spa|1
|
|upkeep
|turn|5
|
|t:|1779644425
|move|p2a: The Quiett|Shadow Ball|p1a: Gholdengo
|-supereffective|p1a: Gholdengo
|-damage|p1a: Gholdengo|0 fnt
|faint|p1a: Gholdengo
|
|-fieldend|move: Trick Room
|upkeep
|
|t:|1779644428
|switch|p1a: Great Tusk|Great Tusk|100/100
|-enditem|p1a: Great Tusk|Booster Energy
|-activate|p1a: Great Tusk|ability: Protosynthesis|[fromitem]
|-start|p1a: Great Tusk|protosynthesisspe
|turn|6
|
|t:|1779644437
|move|p1a: Great Tusk|Headlong Rush|p2a: The Quiett
|-supereffective|p2a: The Quiett
|-damage|p2a: The Quiett|0 fnt
|-unboost|p1a: Great Tusk|def|1
|-unboost|p1a: Great Tusk|spd|1
|faint|p2a: The Quiett
|
|upkeep
|
|t:|1779644442
|switch|p2a: Enamorus|Enamorus-Therian, F|100/100
|turn|7
|inactive|Notafatwhitekid has 120 seconds left.
|
|t:|1779644479
|-terastallize|p1a: Great Tusk|Ghost
|move|p1a: Great Tusk|Ice Spinner|p2a: Enamorus
|-supereffective|p2a: Enamorus
|-damage|p2a: Enamorus|57/100
|move|p2a: Enamorus|Alluring Voice|p1a: Great Tusk
|-damage|p1a: Great Tusk|6/100
|-enditem|p2a: Enamorus|Throat Spray
|-boost|p2a: Enamorus|spa|1|[from] item: Throat Spray
|
|upkeep
|turn|8
|inactive|Notafatwhitekid has 120 seconds left.
|
|t:|1779644495
|move|p1a: Great Tusk|Ice Spinner|p2a: Enamorus
|-supereffective|p2a: Enamorus
|-damage|p2a: Enamorus|18/100
|move|p2a: Enamorus|Alluring Voice|p1a: Great Tusk
|-damage|p1a: Great Tusk|0 fnt
|faint|p1a: Great Tusk
|-end|p1a: Great Tusk|Protosynthesis|[silent]
|
|upkeep
|
|t:|1779644503
|switch|p1a: Iron Valiant|Iron Valiant|100/100
|-enditem|p1a: Iron Valiant|Booster Energy
|-activate|p1a: Iron Valiant|ability: Quark Drive|[fromitem]
|-start|p1a: Iron Valiant|quarkdrivespe
|turn|9
|
|t:|1779644507
|move|p1a: Iron Valiant|Moonblast|p2a: Enamorus
|-damage|p2a: Enamorus|0 fnt
|faint|p2a: Enamorus
|
|upkeep
|
|t:|1779644511
|switch|p2a: Drag 'em Out|Drifblim, F|100/100
|turn|10
|
|t:|1779644515
|move|p1a: Iron Valiant|Knock Off|p2a: Drag 'em Out
|-supereffective|p2a: Drag 'em Out
|-damage|p2a: Drag 'em Out|25/100
|-enditem|p2a: Drag 'em Out|Focus Sash|[from] move: Knock Off|[of] p1a: Iron Valiant
|move|p2a: Drag 'em Out|Trick Room|p2a: Drag 'em Out
|-fieldstart|move: Trick Room|[of] p2a: Drag 'em Out
|
|upkeep
|turn|11
|
|t:|1779644527
|move|p2a: Drag 'em Out|Explosion|p1a: Iron Valiant
|-damage|p1a: Iron Valiant|10/100
|faint|p2a: Drag 'em Out
|move|p1a: Iron Valiant|Taunt|p2: Drag 'em Out|[notarget]
|-fail|p1a: Iron Valiant
|
|upkeep
|
|t:|1779644533
|switch|p2a: Cocaine Bear|Ursaluna, F|100/100
|-damage|p2a: Cocaine Bear|88/100|[from] Spikes
|turn|12
|
|t:|1779644538
|move|p2a: Cocaine Bear|Facade|p1a: Iron Valiant
|-damage|p1a: Iron Valiant|0 fnt
|faint|p1a: Iron Valiant
|-end|p1a: Iron Valiant|Quark Drive|[silent]
|
|-status|p2a: Cocaine Bear|brn|[from] item: Flame Orb
|upkeep
|
|t:|1779644542
|switch|p1a: Zamazenta|Zamazenta|100/100
|-ability|p1a: Zamazenta|Dauntless Shield|boost
|-boost|p1a: Zamazenta|def|1
|turn|13
|
|t:|1779644552
|move|p2a: Cocaine Bear|Facade|p1a: Zamazenta
|-damage|p1a: Zamazenta|16/100
|move|p1a: Zamazenta|Close Combat|p2a: Cocaine Bear
|-supereffective|p2a: Cocaine Bear
|-damage|p2a: Cocaine Bear|0 fnt
|-unboost|p1a: Zamazenta|def|1
|-unboost|p1a: Zamazenta|spd|1
|faint|p2a: Cocaine Bear
|-damage|p1a: Zamazenta|6/100|[from] item: Life Orb
|
|upkeep
|
|t:|1779644564
|switch|p2a: Deoxys|Deoxys-Defense|100/100
|-ability|p2a: Deoxys|Pressure
|turn|14
|
|t:|1779644568
|move|p2a: Deoxys|Stealth Rock|p1a: Zamazenta
|-sidestart|p1: Notafatwhitekid|move: Stealth Rock
|move|p1a: Zamazenta|Ice Fang|p2a: Deoxys
|-damage|p2a: Deoxys|80/100
|-damage|p1a: Zamazenta|0 fnt|[from] item: Life Orb
|faint|p1a: Zamazenta
|
|-fieldend|move: Trick Room
|upkeep
|
|t:|1779644571
|switch|p1a: Dragonite|Dragonite, F|100/100
|-damage|p1a: Dragonite|76/100|[from] Stealth Rock
|turn|15
|
|t:|1779644579
|move|p1a: Dragonite|Dragon Dance|p1a: Dragonite
|-boost|p1a: Dragonite|atk|1
|-boost|p1a: Dragonite|spe|1
|move|p2a: Deoxys|Trick Room|p2a: Deoxys
|-fieldstart|move: Trick Room|[of] p2a: Deoxys
|
|upkeep
|turn|16
|
|t:|1779644584
|move|p1a: Dragonite|Dragon Dance|p1a: Dragonite
|-boost|p1a: Dragonite|atk|1
|-boost|p1a: Dragonite|spe|1
|move|p2a: Deoxys|Teleport|p2a: Deoxys
|
|t:|1779644586
|switch|p2a: THE HANDS|Iron Hands|100/100|[from] Teleport
|-damage|p2a: THE HANDS|88/100|[from] Spikes
|-enditem|p2a: THE HANDS|Booster Energy
|-activate|p2a: THE HANDS|ability: Quark Drive|[fromitem]
|-start|p2a: THE HANDS|quarkdriveatk
|
|upkeep
|turn|17
|
|t:|1779644590
|move|p2a: THE HANDS|Ice Punch|p1a: Dragonite
|-supereffective|p1a: Dragonite
|-damage|p1a: Dragonite|0 fnt
|faint|p1a: Dragonite
|
|win|AP Precalculus
|raw|Notafatwhitekid's rating: 1402 &rarr; <strong>1379</strong><br />(-23 for losing)
|raw|AP Precalculus's rating: 1344 &rarr; <strong>1367</strong><br />(+23 for winning)
|l|‽Notafatwhitekid
|player|p1|
|l|☆AP Precalculus
|player|p2|
