|badge|p1|bronze|gen9randombattle|100-9
|uhtml|medal-msg|<div class="broadcast-blue">Curious what those medals under the avatar are? PS now has Ladder Seasons! For more information, check out the <a href="https://www.smogon.com/forums/threads/3740067/">thread on Smogon.</a></div>
|j|☆Gloriousplays
|j|☆Catactual
|t:|1779630387
|gametype|singles
|player|p1|Gloriousplays|ash|1558
|player|p2|Catactual|266|1542
|gen|9
|tier|[Gen 9] OU
|rated|
|rule|HP Percentage Mod: HP is shown in percentages
|rule|Endless Battle Clause: Forcing endless battles is banned
|rule|Species Clause: Limit one of each Pokémon
|rule|OHKO Clause: OHKO moves are banned
|rule|Evasion Items Clause: Evasion items are banned
|rule|Evasion Moves Clause: Evasion moves are banned
|rule|Evasion Abilities Clause: Evasion abilities are banned
|rule|Sleep Moves Clause: Sleep-inducing moves are banned
|clearpoke
|poke|p1|Zamazenta-*|
|poke|p1|Braviary-Hisui, M|
|poke|p1|Gholdengo|
|poke|p1|Raging Bolt|
|poke|p1|Hatterene, F|
|poke|p1|Darkrai|
|poke|p2|Zamazenta-*|
|poke|p2|Kyurem|
|poke|p2|Alomomola, F|
|poke|p2|Ting-Lu|
|poke|p2|Corviknight, F|
|poke|p2|Rillaboom, M|
|teampreview
|
|t:|1779630398
|teamsize|p1|6
|teamsize|p2|6
|start
|switch|p1a: Hatterene|Hatterene, F|100/100
|switch|p2a: Rillaboom|Rillaboom, M|100/100
|-fieldstart|move: Grassy Terrain|[from] ability: Grassy Surge|[of] p2a: Rillaboom
|turn|1
|
|t:|1779630404
|move|p2a: Rillaboom|Wood Hammer|p1a: Hatterene
|-damage|p1a: Hatterene|0 fnt
|faint|p1a: Hatterene
|-damage|p2a: Rillaboom|70/100|[from] Recoil
|
|-heal|p2a: Rillaboom|76/100|[from] Grassy Terrain
|upkeep
|
|t:|1779630408
|switch|p1a: Zamazenta|Zamazenta|100/100
|-ability|p1a: Zamazenta|Dauntless Shield|boost
|-boost|p1a: Zamazenta|def|1
|turn|2
|
|t:|1779630414
|switch|p2a: Alomomola|Alomomola, F|100/100
|move|p1a: Zamazenta|Reflect|p1a: Zamazenta
|-sidestart|p1: Gloriousplays|Reflect
|
|upkeep
|turn|3
|
|t:|1779630419
|move|p1a: Zamazenta|Light Screen|p1a: Zamazenta
|-sidestart|p1: Gloriousplays|move: Light Screen
|move|p2a: Alomomola|Flip Turn|p1a: Zamazenta
|-damage|p1a: Zamazenta|96/100
|
|t:|1779630423
|switch|p2a: Ting-Lu|Ting-Lu|100/100|[from] Flip Turn
|-ability|p2a: Ting-Lu|Vessel of Ruin
|
|-heal|p1a: Zamazenta|100/100|[from] Grassy Terrain
|upkeep
|turn|4
|
|t:|1779630425
|move|p1a: Zamazenta|Close Combat|p2a: Ting-Lu
|-supereffective|p2a: Ting-Lu
|-damage|p2a: Ting-Lu|46/100
|-unboost|p1a: Zamazenta|def|1
|-unboost|p1a: Zamazenta|spd|1
|move|p2a: Ting-Lu|Stealth Rock|p1a: Zamazenta
|-sidestart|p1: Gloriousplays|move: Stealth Rock
|
|-heal|p2a: Ting-Lu|53/100|[from] Grassy Terrain
|-heal|p2a: Ting-Lu|59/100|[from] item: Leftovers
|upkeep
|turn|5
|
|t:|1779630432
|switch|p2a: Alomomola|Alomomola, F|100/100
|move|p1a: Zamazenta|Close Combat|p2a: Alomomola
|-damage|p2a: Alomomola|75/100
|-unboost|p1a: Zamazenta|def|1
|-unboost|p1a: Zamazenta|spd|1
|
|-heal|p2a: Alomomola|81/100|[from] Grassy Terrain
|-heal|p2a: Alomomola|87/100|[from] item: Leftovers
|-fieldend|move: Grassy Terrain
|upkeep
|turn|6
|
|t:|1779630438
|move|p2a: Alomomola|Scald|p1a: Zamazenta
|-damage|p1a: Zamazenta|89/100
|-status|p1a: Zamazenta|brn
|move|p1a: Zamazenta|Roar|p2a: Alomomola
|drag|p2a: Corviknight|Corviknight, F|100/100
|-ability|p2a: Corviknight|Pressure
|
|-damage|p1a: Zamazenta|83/100 brn|[from] brn
|upkeep
|turn|7
|
|t:|1779630447
|switch|p1a: Gholdengo|Gholdengo|100/100
|-damage|p1a: Gholdengo|94/100|[from] Stealth Rock
|move|p2a: Corviknight|U-turn|p1a: Gholdengo
|-resisted|p1a: Gholdengo
|-damage|p1a: Gholdengo|93/100
|
|t:|1779630452
|switch|p2a: Ting-Lu|Ting-Lu|59/100|[from] U-turn
|-ability|p2a: Ting-Lu|Vessel of Ruin
|
|-heal|p2a: Ting-Lu|65/100|[from] item: Leftovers
|upkeep
|turn|8
|
|t:|1779630455
|move|p1a: Gholdengo|Nasty Plot|p1a: Gholdengo
|-boost|p1a: Gholdengo|spa|2
|move|p2a: Ting-Lu|Ruination|p1a: Gholdengo|[miss]
|-miss|p2a: Ting-Lu|p1a: Gholdengo
|
|-heal|p2a: Ting-Lu|71/100|[from] item: Leftovers
|upkeep
|turn|9
|
|t:|1779630459
|-terastallize|p1a: Gholdengo|Steel
|move|p1a: Gholdengo|Make It Rain|p2a: Ting-Lu
|-damage|p2a: Ting-Lu|0 fnt
|-unboost|p1a: Gholdengo|spa|1
|faint|p2a: Ting-Lu
|
|-sideend|p1: Gloriousplays|Reflect
|upkeep
|
|t:|1779630468
|switch|p2a: Zamazenta|Zamazenta|100/100
|-ability|p2a: Zamazenta|Dauntless Shield|boost
|-boost|p2a: Zamazenta|def|1
|turn|10
|
|t:|1779630471
|switch|p1a: Zamazenta|Zamazenta|83/100 brn
|-damage|p1a: Zamazenta|77/100 brn|[from] Stealth Rock
|move|p2a: Zamazenta|Close Combat|p1a: Zamazenta
|-damage|p1a: Zamazenta|22/100 brn
|-unboost|p2a: Zamazenta|def|1
|-unboost|p2a: Zamazenta|spd|1
|-damage|p2a: Zamazenta|91/100|[from] item: Life Orb
|
|-damage|p1a: Zamazenta|16/100 brn|[from] brn
|-sideend|p1: Gloriousplays|move: Light Screen
|upkeep
|turn|11
|
|t:|1779630474
|move|p1a: Zamazenta|Reflect|p1a: Zamazenta
|-sidestart|p1: Gloriousplays|Reflect
|move|p2a: Zamazenta|Close Combat|p1a: Zamazenta
|-damage|p1a: Zamazenta|0 fnt
|-unboost|p2a: Zamazenta|def|1
|-unboost|p2a: Zamazenta|spd|1
|faint|p1a: Zamazenta
|-damage|p2a: Zamazenta|81/100|[from] item: Life Orb
|
|upkeep
|
|t:|1779630478
|switch|p1a: xerxes|Braviary-Hisui, M, shiny|100/100
|turn|12
|
|t:|1779630482
|switch|p2a: Corviknight|Corviknight, F|100/100
|-ability|p2a: Corviknight|Pressure
|move|p1a: xerxes|Esper Wing|p2a: Corviknight
|-resisted|p2a: Corviknight
|-damage|p2a: Corviknight|79/100
|-boost|p1a: xerxes|spe|1
|
|upkeep
|turn|13
|
|t:|1779630486
|move|p1a: xerxes|Esper Wing|p2a: Corviknight
|-resisted|p2a: Corviknight
|-damage|p2a: Corviknight|57/100
|-boost|p1a: xerxes|spe|1
|move|p2a: Corviknight|U-turn|p1a: xerxes
|-damage|p1a: xerxes|95/100
|
|t:|1779630490
|switch|p2a: Kyurem|Kyurem|100/100|[from] U-turn
|-ability|p2a: Kyurem|Pressure
|
|upkeep
|turn|14
|
|t:|1779630493
|move|p1a: xerxes|Calm Mind|p1a: xerxes
|-boost|p1a: xerxes|spa|1
|-boost|p1a: xerxes|spd|1
|move|p2a: Kyurem|Freeze-Dry|p1a: xerxes
|-supereffective|p1a: xerxes
|-crit|p1a: xerxes
|-damage|p1a: xerxes|0 fnt
|faint|p1a: xerxes
|
|upkeep
|
|t:|1779630508
|switch|p1a: Raging Bolt|Raging Bolt|100/100
|-damage|p1a: Raging Bolt|88/100|[from] Stealth Rock
|-enditem|p1a: Raging Bolt|Booster Energy
|-activate|p1a: Raging Bolt|ability: Protosynthesis|[fromitem]
|-start|p1a: Raging Bolt|protosynthesisspa
|turn|15
|
|t:|1779630512
|move|p2a: Kyurem|Freeze-Dry|p1a: Raging Bolt
|-supereffective|p1a: Raging Bolt
|-damage|p1a: Raging Bolt|16/100
|move|p1a: Raging Bolt|Dragon Pulse|p2a: Kyurem
|-supereffective|p2a: Kyurem
|-damage|p2a: Kyurem|0 fnt
|faint|p2a: Kyurem
|
|upkeep
|
|t:|1779630520
|switch|p2a: Zamazenta|Zamazenta|81/100
|turn|16
|
|t:|1779630522
|move|p1a: Raging Bolt|Thunderclap|p2a: Zamazenta
|-damage|p2a: Zamazenta|33/100
|move|p2a: Zamazenta|Close Combat|p1a: Raging Bolt
|-damage|p1a: Raging Bolt|0 fnt
|-unboost|p2a: Zamazenta|def|1
|-unboost|p2a: Zamazenta|spd|1
|faint|p1a: Raging Bolt
|-end|p1a: Raging Bolt|Protosynthesis|[silent]
|-damage|p2a: Zamazenta|23/100|[from] item: Life Orb
|
|upkeep
|
|t:|1779630526
|switch|p1a: Gholdengo|Gholdengo, tera:Steel|93/100
|-damage|p1a: Gholdengo|87/100|[from] Stealth Rock
|turn|17
|
|t:|1779630533
|move|p2a: Zamazenta|Close Combat|p1a: Gholdengo
|-supereffective|p1a: Gholdengo
|-damage|p1a: Gholdengo|0 fnt
|-unboost|p2a: Zamazenta|def|1
|-unboost|p2a: Zamazenta|spd|1
|faint|p1a: Gholdengo
|-damage|p2a: Zamazenta|13/100|[from] item: Life Orb
|
|upkeep
|
|t:|1779630535
|switch|p1a: Darkrai|Darkrai|100/100
|-damage|p1a: Darkrai|88/100|[from] Stealth Rock
|turn|18
|
|t:|1779630537
|move|p1a: Darkrai|Dark Pulse|p2a: Zamazenta
|-resisted|p2a: Zamazenta
|-damage|p2a: Zamazenta|0 fnt
|faint|p2a: Zamazenta
|
|-sideend|p1: Gloriousplays|Reflect
|upkeep
|
|t:|1779630547
|switch|p2a: Corviknight|Corviknight, F|57/100
|-ability|p2a: Corviknight|Pressure
|turn|19
|
|t:|1779630550
|move|p1a: Darkrai|Dark Pulse|p2a: Corviknight
|-damage|p2a: Corviknight|25/100
|move|p2a: Corviknight|Roost|p2a: Corviknight
|-heal|p2a: Corviknight|75/100
|-singleturn|p2a: Corviknight|move: Roost
|
|upkeep
|turn|20
|
|t:|1779630555
|move|p1a: Darkrai|Dark Pulse|p2a: Corviknight
|-damage|p2a: Corviknight|42/100
|move|p2a: Corviknight|Roost|p2a: Corviknight
|-heal|p2a: Corviknight|92/100
|-singleturn|p2a: Corviknight|move: Roost
|
|upkeep
|turn|21
|
|t:|1779630557
|move|p1a: Darkrai|Dark Pulse|p2a: Corviknight
|-damage|p2a: Corviknight|60/100
|cant|p2a: Corviknight|flinch
|
|upkeep
|turn|22
|-message|Gloriousplays forfeited.
|
|win|Catactual
|raw|Gloriousplays's rating: 1558 &rarr; <strong>1537</strong><br />(-21 for losing)
|raw|Catactual's rating: 1542 &rarr; <strong>1563</strong><br />(+21 for winning)
|l|☆Gloriousplays
|player|p1|
|l|☆Catactual
|player|p2|
