|badge|p1|bronze|gen9randombattle|100-9
|uhtml|medal-msg|<div class="broadcast-blue">Curious what those medals under the avatar are? PS now has Ladder Seasons! For more information, check out the <a href="https://www.smogon.com/forums/threads/3740067/">thread on Smogon.</a></div>
|j|☆Gloriousplays
|j|☆Mr Tpen
|t:|1779641894
|gametype|singles
|player|p1|Gloriousplays|ash|1601
|player|p2|Mr Tpen|102|1656
|gen|9
|tier|[Gen 9] OU
|rated|
|rule|HP Percentage Mod: HP is shown in percentages
|rule|Endless Battle Clause: Forcing endless battles is banned
|rule|Species Clause: Limit one of each Pokémon
|rule|OHKO Clause: OHKO moves are banned
|rule|Evasion Items Clause: Evasion items are banned
|rule|Evasion Moves Clause: Evasion moves are banned
|rule|Evasion Abilities Clause: Evasion abilities are banned
|rule|Sleep Moves Clause: Sleep-inducing moves are banned
|clearpoke
|poke|p1|Umbreon, F|
|poke|p1|Gholdengo|
|poke|p1|Garchomp, F|
|poke|p1|Iron Treads|
|poke|p1|Dragonite, M|
|poke|p1|Iron Valiant|
|poke|p2|Kyurem|
|poke|p2|Hatterene, F|
|poke|p2|Darkrai|
|poke|p2|Great Tusk|
|poke|p2|Dragonite, F|
|poke|p2|Gholdengo|
|teampreview
|inactive|Battle timer is ON: inactive players will automatically lose when time's up. (requested by Mr Tpen)
|
|t:|1779641926
|teamsize|p1|6
|teamsize|p2|6
|start
|switch|p1a: Gholdengo|Gholdengo|100/100
|switch|p2a: Kyurem|Kyurem|100/100
|-ability|p2a: Kyurem|Pressure
|turn|1
|
|t:|1779641933
|move|p1a: Gholdengo|Make It Rain|p2a: Kyurem
|-supereffective|p2a: Kyurem
|-damage|p2a: Kyurem|23/100
|-unboost|p1a: Gholdengo|spa|1
|move|p2a: Kyurem|Earth Power|p1a: Gholdengo
|-supereffective|p1a: Gholdengo
|-damage|p1a: Gholdengo|32/100
|
|upkeep
|turn|2
|
|t:|1779641955
|move|p1a: Gholdengo|Make It Rain|p2a: Kyurem
|-supereffective|p2a: Kyurem
|-damage|p2a: Kyurem|0 fnt
|-unboost|p1a: Gholdengo|spa|1
|faint|p2a: Kyurem
|
|upkeep
|
|t:|1779641959
|switch|p2a: Great Tusk|Great Tusk|100/100
|turn|3
|
|t:|1779641972
|switch|p1a: Garchomp|Garchomp, F|100/100
|move|p2a: Great Tusk|Stealth Rock|p1a: Garchomp
|-sidestart|p1: Gloriousplays|move: Stealth Rock
|
|upkeep
|turn|4
|
|t:|1779641987
|-terastallize|p1a: Garchomp|Ghost
|move|p2a: Great Tusk|Rapid Spin|p1a: Garchomp
|-immune|p1a: Garchomp
|move|p1a: Garchomp|Stealth Rock|p2a: Great Tusk
|-sidestart|p2: Mr Tpen|move: Stealth Rock
|
|upkeep
|turn|5
|
|t:|1779641992
|-end|p2a: Great Tusk|Protosynthesis|[silent]
|switch|p2a: Hatterene|Hatterene, F|100/100
|-damage|p2a: Hatterene|88/100|[from] Stealth Rock
|move|p1a: Garchomp|Dragon Tail|p2a: Hatterene
|-immune|p2a: Hatterene
|
|upkeep
|turn|6
|
|t:|1779642000
|switch|p1a: Gholdengo|Gholdengo|32/100
|-damage|p1a: Gholdengo|26/100|[from] Stealth Rock
|switch|p2a: Darkrai|Darkrai|100/100
|-damage|p2a: Darkrai|88/100|[from] Stealth Rock
|
|upkeep
|turn|7
|
|t:|1779642009
|move|p2a: Darkrai|Dark Pulse|p1a: Gholdengo
|-supereffective|p1a: Gholdengo
|-damage|p1a: Gholdengo|0 fnt
|faint|p1a: Gholdengo
|
|upkeep
|
|t:|1779642015
|switch|p1a: Iron Valiant|Iron Valiant|100/100
|-damage|p1a: Iron Valiant|94/100|[from] Stealth Rock
|turn|8
|
|t:|1779642023
|move|p2a: Darkrai|Dark Pulse|p1a: Iron Valiant
|-resisted|p1a: Iron Valiant
|-damage|p1a: Iron Valiant|72/100
|cant|p1a: Iron Valiant|flinch
|
|upkeep
|turn|9
|
|t:|1779642028
|move|p2a: Darkrai|Dark Pulse|p1a: Iron Valiant
|-resisted|p1a: Iron Valiant
|-damage|p1a: Iron Valiant|49/100
|move|p1a: Iron Valiant|Moonblast|p2a: Darkrai
|-supereffective|p2a: Darkrai
|-damage|p2a: Darkrai|0 fnt
|faint|p2a: Darkrai
|
|upkeep
|
|t:|1779642032
|switch|p2a: Gholdengo|Gholdengo|100/100
|-damage|p2a: Gholdengo|94/100|[from] Stealth Rock
|turn|10
|
|t:|1779642040
|-end|p1a: Iron Valiant|Quark Drive|[silent]
|switch|p1a: of China|Umbreon, F|100/100
|-damage|p1a: of China|88/100|[from] Stealth Rock
|move|p2a: Gholdengo|Make It Rain|p1a: of China
|-damage|p1a: of China|44/100
|-unboost|p2a: Gholdengo|spa|1
|
|-heal|p1a: of China|50/100|[from] item: Leftovers
|upkeep
|turn|11
|
|t:|1779642056
|move|p2a: Gholdengo|Nasty Plot|p2a: Gholdengo
|-boost|p2a: Gholdengo|spa|2
|move|p1a: of China|Wish|p1a: of China
|
|-heal|p1a: of China|56/100|[from] item: Leftovers
|upkeep
|turn|12
|
|t:|1779642070
|switch|p1a: Iron Treads|Iron Treads|100/100
|-damage|p1a: Iron Treads|98/100|[from] Stealth Rock
|-item|p1a: Iron Treads|Air Balloon
|move|p2a: Gholdengo|Nasty Plot|p2a: Gholdengo
|-boost|p2a: Gholdengo|spa|2
|
|-heal|p1a: Iron Treads|100/100|[from] move: Wish|[wisher] of China
|upkeep
|turn|13
|
|t:|1779642074
|move|p1a: Iron Treads|Earthquake|p2a: Gholdengo
|-supereffective|p2a: Gholdengo
|-enditem|p2a: Gholdengo|Shuca Berry|[eat]
|-enditem|p2a: Gholdengo|Shuca Berry|[weaken]
|-damage|p2a: Gholdengo|53/100
|move|p2a: Gholdengo|Make It Rain|p1a: Iron Treads
|-resisted|p1a: Iron Treads
|-damage|p1a: Iron Treads|16/100
|-unboost|p2a: Gholdengo|spa|1
|-enditem|p1a: Iron Treads|Air Balloon
|
|upkeep
|turn|14
|
|t:|1779642079
|switch|p2a: Great Tusk|Great Tusk|100/100
|-damage|p2a: Great Tusk|97/100|[from] Stealth Rock
|move|p1a: Iron Treads|Earthquake|p2a: Great Tusk
|-damage|p2a: Great Tusk|76/100
|
|-heal|p2a: Great Tusk|83/100|[from] item: Leftovers
|upkeep
|turn|15
|
|t:|1779642082
|-end|p1a: Iron Treads|Quark Drive|[silent]
|switch|p1a: Garchomp|Garchomp, F, tera:Ghost|100/100
|-damage|p1a: Garchomp|88/100|[from] Stealth Rock
|move|p2a: Great Tusk|Rapid Spin|p1a: Garchomp
|-immune|p1a: Garchomp
|
|-heal|p2a: Great Tusk|89/100|[from] item: Leftovers
|upkeep
|turn|16
|
|t:|1779642086
|-end|p2a: Great Tusk|Protosynthesis|[silent]
|switch|p2a: Hatterene|Hatterene, F|88/100
|-damage|p2a: Hatterene|76/100|[from] Stealth Rock
|move|p1a: Garchomp|Earthquake|p2a: Hatterene
|-damage|p2a: Hatterene|42/100
|
|upkeep
|turn|17
|
|t:|1779642089
|move|p1a: Garchomp|Earthquake|p2a: Hatterene
|-damage|p2a: Hatterene|5/100
|move|p2a: Hatterene|Pain Split|p1a: Garchomp
|-sethp|p1a: Garchomp|46/100|[from] move: Pain Split|[silent]
|-sethp|p2a: Hatterene|60/100|[from] move: Pain Split
|
|upkeep
|turn|18
|
|t:|1779642098
|move|p1a: Garchomp|Earthquake|p2a: Hatterene
|-damage|p2a: Hatterene|25/100
|move|p2a: Hatterene|Nuzzle|p1a: Garchomp
|-damage|p1a: Garchomp|43/100
|-status|p1a: Garchomp|par
|-damage|p2a: Hatterene|13/100|[from] ability: Rough Skin|[of] p1a: Garchomp
|-damage|p2a: Hatterene|0 fnt|[from] item: Rocky Helmet|[of] p1a: Garchomp
|faint|p2a: Hatterene
|
|upkeep
|
|t:|1779642103
|switch|p2a: Great Tusk|Great Tusk|89/100
|-damage|p2a: Great Tusk|86/100|[from] Stealth Rock
|turn|19
|
|t:|1779642106
|move|p2a: Great Tusk|Headlong Rush|p1a: Garchomp
|-damage|p1a: Garchomp|12/100 par
|-unboost|p2a: Great Tusk|def|1
|-unboost|p2a: Great Tusk|spd|1
|-damage|p2a: Great Tusk|73/100|[from] ability: Rough Skin|[of] p1a: Garchomp
|-damage|p2a: Great Tusk|57/100|[from] item: Rocky Helmet|[of] p1a: Garchomp
|move|p1a: Garchomp|Earthquake|p2a: Great Tusk
|-damage|p2a: Great Tusk|22/100
|
|-heal|p2a: Great Tusk|28/100|[from] item: Leftovers
|upkeep
|turn|20
|
|t:|1779642109
|move|p2a: Great Tusk|Headlong Rush|p1a: Garchomp
|-damage|p1a: Garchomp|0 fnt
|-unboost|p2a: Great Tusk|def|1
|-unboost|p2a: Great Tusk|spd|1
|-damage|p2a: Great Tusk|16/100|[from] ability: Rough Skin|[of] p1a: Garchomp
|-damage|p2a: Great Tusk|0 fnt|[from] item: Rocky Helmet|[of] p1a: Garchomp
|faint|p1a: Garchomp
|faint|p2a: Great Tusk
|-end|p2a: Great Tusk|Protosynthesis|[silent]
|
|upkeep
|
|t:|1779642123
|switch|p2a: Gholdengo|Gholdengo|53/100
|switch|p1a: of China|Umbreon, F|56/100
|-damage|p2a: Gholdengo|47/100|[from] Stealth Rock
|-damage|p1a: of China|43/100|[from] Stealth Rock
|turn|21
|
|t:|1779642133
|switch|p1a: Iron Treads|Iron Treads|16/100
|-damage|p1a: Iron Treads|13/100|[from] Stealth Rock
|move|p2a: Gholdengo|Nasty Plot|p2a: Gholdengo
|-boost|p2a: Gholdengo|spa|2
|
|upkeep
|turn|22
|
|t:|1779642139
|-terastallize|p2a: Gholdengo|Flying
|move|p1a: Iron Treads|Earthquake|p2a: Gholdengo
|-immune|p2a: Gholdengo
|move|p2a: Gholdengo|Make It Rain|p1a: Iron Treads
|-resisted|p1a: Iron Treads
|-damage|p1a: Iron Treads|0 fnt
|-unboost|p2a: Gholdengo|spa|1
|faint|p1a: Iron Treads
|-end|p1a: Iron Treads|Quark Drive|[silent]
|
|upkeep
|
|t:|1779642159
|switch|p1a: Iron Valiant|Iron Valiant|49/100
|-damage|p1a: Iron Valiant|43/100|[from] Stealth Rock
|turn|23
|j| SiguWay
|
|t:|1779642162
|move|p1a: Iron Valiant|Moonblast|p2a: Gholdengo
|-damage|p2a: Gholdengo|0 fnt
|faint|p2a: Gholdengo
|
|upkeep
|
|t:|1779642163
|switch|p2a: Dragonite|Dragonite, F|100/100
|turn|24
|
|t:|1779642166
|move|p1a: Iron Valiant|Moonblast|p2a: Dragonite
|-supereffective|p2a: Dragonite
|-damage|p2a: Dragonite|54/100
|-unboost|p2a: Dragonite|spa|1
|move|p2a: Dragonite|Dragon Dance|p2a: Dragonite
|-boost|p2a: Dragonite|atk|1
|-boost|p2a: Dragonite|spe|1
|
|upkeep
|turn|25
|
|t:|1779642169
|move|p2a: Dragonite|Extreme Speed|p1a: Iron Valiant
|-damage|p1a: Iron Valiant|0 fnt
|faint|p1a: Iron Valiant
|-end|p1a: Iron Valiant|Quark Drive|[silent]
|
|upkeep
|
|t:|1779642173
|switch|p1a: of China|Umbreon, F|43/100
|-damage|p1a: of China|31/100|[from] Stealth Rock
|turn|26
|
|t:|1779642178
|move|p2a: Dragonite|Extreme Speed|p1a: of China
|-damage|p1a: of China|5/100
|move|p1a: of China|Foul Play|p2a: Dragonite
|-damage|p2a: Dragonite|0 fnt
|faint|p2a: Dragonite
|
|win|Gloriousplays
|raw|Gloriousplays's rating: 1601 &rarr; <strong>1624</strong><br />(+23 for winning)
|raw|Mr Tpen's rating: 1656 &rarr; <strong>1633</strong><br />(-23 for losing)
|l|☆Mr Tpen
|player|p2|
