|j|☆TeaPause
|j|☆xander073
|t:|1779663905
|gametype|singles
|player|p1|TeaPause|waiter|1383
|player|p2|xander073|gladion-stance|1423
|gen|9
|tier|[Gen 9] OU
|rated|
|rule|HP Percentage Mod: HP is shown in percentages
|rule|Endless Battle Clause: Forcing endless battles is banned
|rule|Species Clause: Limit one of each Pokémon
|rule|OHKO Clause: OHKO moves are banned
|rule|Evasion Items Clause: Evasion items are banned
|rule|Evasion Moves Clause: Evasion moves are banned
|rule|Evasion Abilities Clause: Evasion abilities are banned
|rule|Sleep Moves Clause: Sleep-inducing moves are banned
|clearpoke
|poke|p1|Decidueye-Hisui, M|
|poke|p1|Heatran, F|
|poke|p1|Dragapult, F|
|poke|p1|Muk-Alola, F|
|poke|p1|Hatterene, F|
|poke|p1|Oricorio-Pom-Pom, M|
|poke|p2|Gliscor, F|
|poke|p2|Corviknight, F|
|poke|p2|Iron Moth|
|poke|p2|Ogerpon-Wellspring, F|
|poke|p2|Kingambit, M|
|poke|p2|Iron Valiant|
|teampreview
|inactive|Battle timer is ON: inactive players will automatically lose when time's up. (requested by TeaPause)
|
|t:|1779663912
|teamsize|p1|6
|teamsize|p2|6
|start
|switch|p1a: Muk|Muk-Alola, F|100/100
|switch|p2a: Gliscor|Gliscor, F|100/100
|turn|1
|
|t:|1779663925
|move|p2a: Gliscor|Protect|p2a: Gliscor
|-singleturn|p2a: Gliscor|Protect
|move|p1a: Muk|Knock Off|p2a: Gliscor
|-activate|p2a: Gliscor|move: Protect
|
|-status|p2a: Gliscor|tox|[from] item: Toxic Orb
|upkeep
|turn|2
|
|t:|1779663933
|move|p2a: Gliscor|U-turn|p1a: Muk
|-damage|p1a: Muk|89/100
|
|t:|1779663942
|switch|p2a: Corviknight|Corviknight, F|100/100|[from] U-turn
|-ability|p2a: Corviknight|Pressure
|move|p1a: Muk|Ice Punch|p2a: Corviknight
|-damage|p2a: Corviknight|87/100
|
|-heal|p2a: Corviknight|93/100|[from] item: Leftovers
|upkeep
|turn|3
|
|t:|1779663956
|move|p2a: Corviknight|Brave Bird|p1a: Muk
|-damage|p1a: Muk|57/100
|-damage|p2a: Corviknight|84/100|[from] Recoil
|move|p1a: Muk|Knock Off|p2a: Corviknight
|-crit|p2a: Corviknight
|-damage|p2a: Corviknight|43/100
|-enditem|p2a: Corviknight|Leftovers|[from] move: Knock Off|[of] p1a: Muk
|
|upkeep
|turn|4
|
|t:|1779663965
|move|p2a: Corviknight|Roost|p2a: Corviknight
|-heal|p2a: Corviknight|93/100
|-singleturn|p2a: Corviknight|move: Roost
|move|p1a: Muk|Drain Punch|p2a: Corviknight
|-supereffective|p2a: Corviknight
|-damage|p2a: Corviknight|67/100
|-heal|p1a: Muk|72/100|[from] drain|[of] p2a: Corviknight
|
|upkeep
|turn|5
|
|t:|1779663978
|switch|p1a: Heatran|Heatran, F|100/100
|move|p2a: Corviknight|U-turn|p1a: Heatran
|-resisted|p1a: Heatran
|-damage|p1a: Heatran|97/100
|
|t:|1779663981
|switch|p2a: Gliscor|Gliscor, F|100/100 tox|[from] U-turn
|
|-heal|p1a: Heatran|100/100|[from] item: Leftovers
|upkeep
|turn|6
|
|t:|1779664003
|switch|p1a: Oricorio|Oricorio-Pom-Pom, M|100/100
|move|p2a: Gliscor|Earthquake|p1a: Oricorio
|-immune|p1a: Oricorio
|
|upkeep
|turn|7
|
|t:|1779664012
|move|p2a: Gliscor|U-turn|p1a: Oricorio
|-resisted|p1a: Oricorio
|-damage|p1a: Oricorio|93/100
|
|t:|1779664014
|switch|p2a: Kingambit|Kingambit, M|100/100|[from] U-turn
|move|p1a: Oricorio|Quiver Dance|p1a: Oricorio
|-boost|p1a: Oricorio|spa|1
|-boost|p1a: Oricorio|spd|1
|-boost|p1a: Oricorio|spe|1
|
|upkeep
|turn|8
|
|t:|1779664024
|switch|p1a: Decidueye|Decidueye-Hisui, M|100/100
|move|p2a: Kingambit|Swords Dance|p2a: Kingambit
|-boost|p2a: Kingambit|atk|2
|
|upkeep
|turn|9
|
|t:|1779664034
|-terastallize|p2a: Kingambit|Fairy
|move|p1a: Decidueye|Triple Arrows|p2a: Kingambit
|-resisted|p2a: Kingambit
|-damage|p2a: Kingambit|77/100
|move|p2a: Kingambit|Kowtow Cleave|p1a: Decidueye
|-resisted|p1a: Decidueye
|-damage|p1a: Decidueye|43/100
|
|-heal|p2a: Kingambit|84/100|[from] item: Leftovers
|upkeep
|turn|10
|
|t:|1779664053
|move|p1a: Decidueye|Triple Arrows|p2a: Kingambit
|-resisted|p2a: Kingambit
|-crit|p2a: Kingambit
|-damage|p2a: Kingambit|48/100
|move|p2a: Kingambit|Kowtow Cleave|p1a: Decidueye
|-resisted|p1a: Decidueye
|-crit|p1a: Decidueye
|-damage|p1a: Decidueye|0 fnt
|faint|p1a: Decidueye
|
|-heal|p2a: Kingambit|54/100|[from] item: Leftovers
|upkeep
|
|t:|1779664071
|switch|p1a: Muk|Muk-Alola, F|72/100
|turn|11
|
|t:|1779664077
|move|p1a: Muk|Poison Jab|p2a: Kingambit
|-supereffective|p2a: Kingambit
|-damage|p2a: Kingambit|0 fnt
|faint|p2a: Kingambit
|-end|p2a: Kingambit|fallenundefined|[silent]
|
|upkeep
|
|t:|1779664086
|switch|p2a: Gliscor|Gliscor, F|100/100 tox
|turn|12
|
|t:|1779664090
|switch|p1a: Oricorio|Oricorio-Pom-Pom, M|93/100
|move|p2a: Gliscor|Earthquake|p1a: Oricorio
|-immune|p1a: Oricorio
|
|upkeep
|turn|13
|
|t:|1779664098
|move|p2a: Gliscor|U-turn|p1a: Oricorio
|-resisted|p1a: Oricorio
|-damage|p1a: Oricorio|87/100
|
|t:|1779664100
|switch|p2a: Iron Moth|Iron Moth|100/100|[from] U-turn
|move|p1a: Oricorio|Quiver Dance|p1a: Oricorio
|-boost|p1a: Oricorio|spa|1
|-boost|p1a: Oricorio|spd|1
|-boost|p1a: Oricorio|spe|1
|
|upkeep
|turn|14
|
|t:|1779664111
|switch|p1a: Heatran|Heatran, F|100/100
|move|p2a: Iron Moth|Fiery Dance|p1a: Heatran
|-start|p1a: Heatran|ability: Flash Fire
|
|upkeep
|turn|15
|-message|xander073 forfeited.
|
|win|TeaPause
|raw|TeaPause's rating: 1383 &rarr; <strong>1405</strong><br />(+22 for winning)
|raw|xander073's rating: 1423 &rarr; <strong>1401</strong><br />(-22 for losing)
|l|☆xander073
|player|p2|
|l|☆TeaPause
|player|p1|
