|j|☆Slashutu
|j|☆silverfalcom
|t:|1779572955
|gametype|singles
|player|p1|Slashutu|265|1544
|player|p2|silverfalcom|102|1597
|gen|9
|tier|[Gen 9] OU
|rated|
|rule|HP Percentage Mod: HP is shown in percentages
|rule|Endless Battle Clause: Forcing endless battles is banned
|rule|Species Clause: Limit one of each Pokémon
|rule|OHKO Clause: OHKO moves are banned
|rule|Evasion Items Clause: Evasion items are banned
|rule|Evasion Moves Clause: Evasion moves are banned
|rule|Evasion Abilities Clause: Evasion abilities are banned
|rule|Sleep Moves Clause: Sleep-inducing moves are banned
|clearpoke
|poke|p1|Hatterene, F|
|poke|p1|Ursaluna, M|
|poke|p1|Porygon2|
|poke|p1|Cresselia, F|
|poke|p1|Iron Hands|
|poke|p1|Volcanion|
|poke|p2|Regieleki|
|poke|p2|Ogerpon-Wellspring, F|
|poke|p2|Landorus-Therian, M|
|poke|p2|Primarina, F|
|poke|p2|Heatran, M|
|poke|p2|Iron Valiant|
|teampreview
|
|t:|1779572969
|teamsize|p1|6
|teamsize|p2|6
|start
|switch|p1a: TARS|Porygon2|100/100
|switch|p2a: Regieleki|Regieleki|100/100
|-ability|p1a: TARS|Download|boost
|-boost|p1a: TARS|atk|1
|turn|1
|
|t:|1779572974
|move|p2a: Regieleki|Thunderbolt|p1a: TARS
|-damage|p1a: TARS|66/100
|move|p1a: TARS|Trick Room|p1a: TARS
|-fieldstart|move: Trick Room|[of] p1a: TARS
|
|upkeep
|turn|2
|
|t:|1779572981
|move|p1a: TARS|Ice Beam|p2a: Regieleki
|-damage|p2a: Regieleki|42/100
|move|p2a: Regieleki|Thunderbolt|p1a: TARS
|-damage|p1a: TARS|33/100
|
|upkeep
|turn|3
|
|t:|1779572992
|switch|p1a: Mann|Ursaluna, M|100/100
|switch|p2a: Heatran|Heatran, M|100/100
|-item|p2a: Heatran|Air Balloon
|
|-status|p1a: Mann|brn|[from] item: Flame Orb
|upkeep
|turn|4
|
|t:|1779572998
|switch|p2a: Landorus|Landorus-Therian, M|100/100
|-ability|p2a: Landorus|Intimidate|boost
|-unboost|p1a: Mann|atk|1
|move|p1a: Mann|Facade|p2a: Landorus
|-damage|p2a: Landorus|23/100
|-damage|p1a: Mann|84/100 brn|[from] item: Rocky Helmet|[of] p2a: Landorus
|
|-damage|p1a: Mann|78/100 brn|[from] brn
|upkeep
|turn|5
|
|t:|1779573045
|switch|p2a: Heatran|Heatran, M|100/100
|-item|p2a: Heatran|Air Balloon
|move|p1a: Mann|Facade|p2a: Heatran
|-resisted|p2a: Heatran
|-damage|p2a: Heatran|64/100
|-enditem|p2a: Heatran|Air Balloon
|
|-damage|p1a: Mann|72/100 brn|[from] brn
|-fieldend|move: Trick Room
|upkeep
|turn|6
|
|t:|1779573053
|move|p2a: Heatran|Magma Storm|p1a: Mann
|-crit|p1a: Mann
|-damage|p1a: Mann|13/100 brn
|-activate|p1a: Mann|move: Magma Storm|[of] p2a: Heatran
|move|p1a: Mann|Headlong Rush|p2a: Heatran
|-supereffective|p2a: Heatran
|-damage|p2a: Heatran|0 fnt
|-unboost|p1a: Mann|def|1
|-unboost|p1a: Mann|spd|1
|faint|p2a: Heatran
|
|-damage|p1a: Mann|7/100 brn|[from] brn
|-end|p1a: Mann|Magma Storm|[partiallytrapped]|[silent]
|upkeep
|
|t:|1779573066
|switch|p2a: Iron Valiant|Iron Valiant|100/100
|-enditem|p2a: Iron Valiant|Booster Energy
|-activate|p2a: Iron Valiant|ability: Quark Drive|[fromitem]
|-start|p2a: Iron Valiant|quarkdrivespe
|turn|7
|
|t:|1779573073
|switch|p1a: Miller|Cresselia, F, shiny|100/100
|move|p2a: Iron Valiant|Moonblast|p1a: Miller
|-damage|p1a: Miller|72/100
|-unboost|p1a: Miller|spa|1
|
|upkeep
|turn|8
|
|t:|1779573090
|-terastallize|p2a: Iron Valiant|Ghost
|move|p2a: Iron Valiant|Shadow Ball|p1a: Miller
|-supereffective|p1a: Miller
|-damage|p1a: Miller|25/100
|move|p1a: Miller|Trick Room|p1a: Miller
|-fieldstart|move: Trick Room|[of] p1a: Miller
|
|upkeep
|turn|9
|
|t:|1779573102
|move|p1a: Miller|Lunar Dance|p1a: Miller
|faint|p1a: Miller
|move|p2a: Iron Valiant|Calm Mind|p2a: Iron Valiant
|-boost|p2a: Iron Valiant|spa|1
|-boost|p2a: Iron Valiant|spd|1
|
|upkeep
|
|t:|1779573113
|switch|p1a: CASE|Iron Hands|100/100
|-enditem|p1a: CASE|Booster Energy
|-activate|p1a: CASE|ability: Quark Drive|[fromitem]
|-start|p1a: CASE|quarkdriveatk
|turn|10
|
|t:|1779573116
|move|p1a: CASE|Wild Charge|p2a: Iron Valiant
|-damage|p2a: Iron Valiant|6/100
|-damage|p1a: CASE|87/100|[from] Recoil
|move|p2a: Iron Valiant|Moonblast|p1a: CASE
|-supereffective|p1a: CASE
|-damage|p1a: CASE|0 fnt
|faint|p1a: CASE
|-end|p1a: CASE|Quark Drive|[silent]
|
|upkeep
|
|t:|1779573119
|switch|p1a: Mann|Ursaluna, M|7/100 brn
|-heal|p1a: Mann|100/100|[from] move: Lunar Dance
|turn|11
|
|t:|1779573129
|-end|p2a: Iron Valiant|Quark Drive|[silent]
|switch|p2a: Landorus|Landorus-Therian, M|23/100
|-ability|p2a: Landorus|Intimidate|boost
|-unboost|p1a: Mann|atk|1
|move|p1a: Mann|Fire Punch|p2a: Landorus
|-damage|p2a: Landorus|1/100
|-damage|p1a: Mann|84/100|[from] item: Rocky Helmet|[of] p2a: Landorus
|
|-status|p1a: Mann|brn|[from] item: Flame Orb
|upkeep
|turn|12
|
|t:|1779573151
|switch|p2a: Iron Valiant|Iron Valiant, tera:Ghost|6/100
|move|p1a: Mann|Fire Punch|p2a: Iron Valiant
|-damage|p2a: Iron Valiant|0 fnt
|faint|p2a: Iron Valiant
|-end|p2a: Iron Valiant|Quark Drive|[silent]
|
|-damage|p1a: Mann|78/100 brn|[from] brn
|-fieldend|move: Trick Room
|upkeep
|
|t:|1779573163
|switch|p2a: Ogerpon|Ogerpon-Wellspring, F|100/100
|turn|13
|
|t:|1779573170
|-terastallize|p1a: Mann|Normal
|move|p2a: Ogerpon|Swords Dance|p2a: Ogerpon
|-boost|p2a: Ogerpon|atk|2
|move|p1a: Mann|Facade|p2a: Ogerpon
|-damage|p2a: Ogerpon|0 fnt
|faint|p2a: Ogerpon
|
|-damage|p1a: Mann|72/100 brn|[from] brn
|upkeep
|
|t:|1779573176
|switch|p2a: Regieleki|Regieleki|42/100
|turn|14
|
|t:|1779573196
|switch|p1a: TARS|Porygon2|33/100
|-ability|p1a: TARS|Download|boost
|-boost|p1a: TARS|atk|1
|move|p2a: Regieleki|Volt Switch|p1a: TARS
|-damage|p1a: TARS|7/100
|
|t:|1779573205
|switch|p2a: Landorus|Landorus-Therian, M|1/100|[from] Volt Switch
|-ability|p2a: Landorus|Intimidate|boost
|-unboost|p1a: TARS|atk|1
|
|upkeep
|turn|15
|
|t:|1779573208
|move|p2a: Landorus|Earthquake|p1a: TARS
|-damage|p1a: TARS|0 fnt
|faint|p1a: TARS
|
|upkeep
|
|t:|1779573211
|switch|p1a: Brand|Hatterene, F, shiny|100/100
|turn|16
|
|t:|1779573222
|move|p2a: Landorus|Earthquake|p1a: Brand
|-damage|p1a: Brand|47/100
|move|p1a: Brand|Trick Room|p1a: Brand
|-fieldstart|move: Trick Room|[of] p1a: Brand
|
|upkeep
|turn|17
|
|t:|1779573230
|move|p1a: Brand|Psychic Noise|p2a: Landorus
|-crit|p2a: Landorus
|-damage|p2a: Landorus|0 fnt
|faint|p2a: Landorus
|
|upkeep
|
|t:|1779573233
|switch|p2a: Primarina|Primarina, F|100/100
|turn|18
|
|t:|1779573241
|move|p1a: Brand|Healing Wish|p1a: Brand
|faint|p1a: Brand
|move|p2a: Primarina|Calm Mind|p2a: Primarina
|-boost|p2a: Primarina|spa|1
|-boost|p2a: Primarina|spd|1
|
|upkeep
|
|t:|1779573244
|switch|p1a: Mann|Ursaluna, M, tera:Normal|72/100 brn
|-heal|p1a: Mann|100/100|[from] move: Healing Wish
|turn|19
|
|t:|1779573251
|move|p1a: Mann|Protect|p1a: Mann
|-singleturn|p1a: Mann|Protect
|move|p2a: Primarina|Moonblast|p1a: Mann
|-activate|p1a: Mann|move: Protect
|
|-status|p1a: Mann|brn|[from] item: Flame Orb
|upkeep
|turn|20
|
|t:|1779573256
|move|p1a: Mann|Facade|p2a: Primarina
|-damage|p2a: Primarina|0 fnt
|faint|p2a: Primarina
|
|-damage|p1a: Mann|94/100 brn|[from] brn
|-fieldend|move: Trick Room
|upkeep
|
|t:|1779573259
|switch|p2a: Regieleki|Regieleki|42/100
|turn|21
|
|t:|1779573260
|move|p2a: Regieleki|Thunderbolt|p1a: Mann
|-damage|p1a: Mann|48/100 brn
|move|p1a: Mann|Facade|p2a: Regieleki
|-damage|p2a: Regieleki|0 fnt
|faint|p2a: Regieleki
|
|win|Slashutu
|raw|Slashutu's rating: 1544 &rarr; <strong>1567</strong><br />(+23 for winning)
|raw|silverfalcom's rating: 1597 &rarr; <strong>1574</strong><br />(-23 for losing)
|l|☆Slashutu
|player|p1|
|l|☆silverfalcom
|player|p2|
