|j|☆PixelPenguin2
|j|☆komisan777
|t:|1779692551
|gametype|singles
|player|p1|PixelPenguin2|guitarist|1496
|player|p2|komisan777|lucas|1477
|gen|9
|tier|[Gen 9] OU
|rated|
|rule|HP Percentage Mod: HP is shown in percentages
|rule|Endless Battle Clause: Forcing endless battles is banned
|rule|Species Clause: Limit one of each Pokémon
|rule|OHKO Clause: OHKO moves are banned
|rule|Evasion Items Clause: Evasion items are banned
|rule|Evasion Moves Clause: Evasion moves are banned
|rule|Evasion Abilities Clause: Evasion abilities are banned
|rule|Sleep Moves Clause: Sleep-inducing moves are banned
|clearpoke
|poke|p1|Ogerpon-Cornerstone, F|
|poke|p1|Hatterene, F|
|poke|p1|Iron Crown|
|poke|p1|Dragonite, F|
|poke|p1|Ting-Lu|
|poke|p1|Tornadus-Therian, M|
|poke|p2|Araquanid, M|
|poke|p2|Pecharunt|
|poke|p2|Great Tusk|
|poke|p2|Samurott-Hisui, F|
|poke|p2|Enamorus, F|
|poke|p2|Kyurem|
|teampreview
|inactive|Battle timer is ON: inactive players will automatically lose when time's up. (requested by PixelPenguin2)
|
|t:|1779692558
|teamsize|p1|6
|teamsize|p2|6
|start
|switch|p1a: Ting-Lu|Ting-Lu|100/100
|switch|p2a: Samurott|Samurott-Hisui, F|100/100
|-ability|p1a: Ting-Lu|Vessel of Ruin
|turn|1
|
|t:|1779692574
|switch|p1a: Ogerpon|Ogerpon-Cornerstone, F|100/100
|move|p2a: Samurott|Swords Dance|p2a: Samurott
|-boost|p2a: Samurott|atk|2
|
|upkeep
|turn|2
|
|t:|1779692579
|move|p1a: Ogerpon|Ivy Cudgel|p2a: Samurott|[anim] Ivy Cudgel Rock
|-damage|p2a: Samurott|12/100
|move|p2a: Samurott|Ceaseless Edge|p1a: Ogerpon
|-ability|p1a: Ogerpon|Sturdy
|-damage|p1a: Ogerpon|1/100
|-sidestart|p1: PixelPenguin2|Spikes
|
|upkeep
|turn|3
|
|t:|1779692592
|move|p2a: Samurott|Sucker Punch|p1a: Ogerpon
|-damage|p1a: Ogerpon|0 fnt
|faint|p1a: Ogerpon
|
|upkeep
|
|t:|1779692595
|switch|p1a: Tornadus|Tornadus-Therian, M|100/100
|turn|4
|
|t:|1779692601
|-terastallize|p2a: Samurott|Dark
|move|p2a: Samurott|Sucker Punch|p1a: Tornadus
|-damage|p1a: Tornadus|0 fnt
|faint|p1a: Tornadus
|
|upkeep
|
|t:|1779692609
|switch|p1a: Dragonite|Dragonite, F|100/100
|turn|5
|
|t:|1779692612
|move|p2a: Samurott|Sucker Punch|p1a: Dragonite
|-damage|p1a: Dragonite|39/100
|move|p1a: Dragonite|Scale Shot|p2a: Samurott
|-damage|p2a: Samurott|0 fnt
|faint|p2a: Samurott
|-hitcount|p2: Samurott|1
|-unboost|p1a: Dragonite|def|1
|-boost|p1a: Dragonite|spe|1
|
|upkeep
|
|t:|1779692619
|switch|p2a: Great Tusk|Great Tusk|100/100
|turn|6
|
|t:|1779692623
|switch|p1a: Hatterene|Hatterene, F|100/100
|-item|p1a: Hatterene|Air Balloon
|move|p2a: Great Tusk|Ice Spinner|p1a: Hatterene
|-damage|p1a: Hatterene|77/100
|-enditem|p1a: Hatterene|Air Balloon
|
|upkeep
|turn|7
|
|t:|1779692629
|-end|p2a: Great Tusk|Protosynthesis|[silent]
|switch|p2a: Araquanid|Araquanid, M|100/100
|move|p1a: Hatterene|Draining Kiss|p2a: Araquanid
|-damage|p2a: Araquanid|83/100
|-heal|p1a: Hatterene|91/100|[from] drain|[of] p2a: Araquanid
|
|upkeep
|turn|8
|
|t:|1779692635
|move|p2a: Araquanid|Surf|p1a: Hatterene
|-damage|p1a: Hatterene|32/100
|move|p1a: Hatterene|Nuzzle|p2a: Araquanid
|-supereffective|p2a: Araquanid
|-damage|p2a: Araquanid|76/100
|-status|p2a: Araquanid|par
|
|upkeep
|turn|9
|
|t:|1779692639
|move|p1a: Hatterene|Pain Split|p2a: Araquanid
|-sethp|p2a: Araquanid|53/100 par|[from] move: Pain Split|[silent]
|-sethp|p1a: Hatterene|56/100|[from] move: Pain Split
|move|p2a: Araquanid|Surf|p1a: Hatterene
|-damage|p1a: Hatterene|0 fnt
|faint|p1a: Hatterene
|
|upkeep
|
|t:|1779692642
|switch|p1a: Dragonite|Dragonite, F|39/100
|turn|10
|
|t:|1779692646
|switch|p2a: Great Tusk|Great Tusk|100/100
|move|p1a: Dragonite|Dragon Dance|p1a: Dragonite
|-boost|p1a: Dragonite|atk|1
|-boost|p1a: Dragonite|spe|1
|
|upkeep
|turn|11
|
|t:|1779692651
|move|p1a: Dragonite|Hurricane|p2a: Great Tusk|[miss]
|-miss|p1a: Dragonite|p2a: Great Tusk
|move|p2a: Great Tusk|Ice Spinner|p1a: Dragonite
|-supereffective|p1a: Dragonite
|-damage|p1a: Dragonite|0 fnt
|faint|p1a: Dragonite
|
|upkeep
|
|t:|1779692656
|switch|p1a: Ting-Lu|Ting-Lu|100/100
|-damage|p1a: Ting-Lu|88/100|[from] Spikes
|-ability|p1a: Ting-Lu|Vessel of Ruin
|turn|12
|
|t:|1779692660
|-end|p2a: Great Tusk|Protosynthesis|[silent]
|switch|p2a: Araquanid|Araquanid, M|53/100 par
|move|p1a: Ting-Lu|Stealth Rock|p2a: Araquanid
|-sidestart|p2: komisan777|move: Stealth Rock
|
|upkeep
|turn|13
|
|t:|1779692664
|move|p1a: Ting-Lu|Taunt|p2a: Araquanid
|-start|p2a: Araquanid|move: Taunt
|cant|p2a: Araquanid|par
|
|upkeep
|turn|14
|
|t:|1779692668
|move|p1a: Ting-Lu|Ruination|p2a: Araquanid
|-damage|p2a: Araquanid|27/100 par
|move|p2a: Araquanid|Surf|p1a: Ting-Lu
|-supereffective|p1a: Ting-Lu
|-damage|p1a: Ting-Lu|23/100
|
|upkeep
|turn|15
|
|t:|1779692673
|move|p1a: Ting-Lu|Earthquake|p2a: Araquanid
|-resisted|p2a: Araquanid
|-damage|p2a: Araquanid|9/100 par
|move|p2a: Araquanid|Surf|p1a: Ting-Lu
|-supereffective|p1a: Ting-Lu
|-damage|p1a: Ting-Lu|0 fnt
|faint|p1a: Ting-Lu
|
|-end|p2a: Araquanid|move: Taunt
|upkeep
|
|t:|1779692675
|switch|p1a: Iron Crown|Iron Crown|100/100
|-damage|p1a: Iron Crown|88/100|[from] Spikes
|turn|16
|-enditem|p2a: Araquanid|Custap Berry|[eat]
|-activate|p2a: Araquanid|item: Custap Berry|[consumed]
|
|t:|1779692678
|move|p2a: Araquanid|Endeavor|p1a: Iron Crown
|-damage|p1a: Iron Crown|9/100
|move|p1a: Iron Crown|Tachyon Cutter|p2a: Araquanid
|-resisted|p2a: Araquanid
|-damage|p2a: Araquanid|0 fnt
|faint|p2a: Araquanid
|-hitcount|p2: Araquanid|1
|
|upkeep
|
|t:|1779692684
|switch|p2a: Pecharunt|Pecharunt|100/100
|-damage|p2a: Pecharunt|88/100|[from] Stealth Rock
|-item|p2a: Pecharunt|Air Balloon
|turn|17
|
|t:|1779692690
|move|p1a: Iron Crown|Tachyon Cutter|p2a: Pecharunt
|-damage|p2a: Pecharunt|48/100
|-enditem|p2a: Pecharunt|Air Balloon
|-damage|p2a: Pecharunt|9/100
|-hitcount|p2a: Pecharunt|2
|move|p2a: Pecharunt|Shadow Ball|p1a: Iron Crown
|-supereffective|p1a: Iron Crown
|-damage|p1a: Iron Crown|0 fnt
|faint|p1a: Iron Crown
|-end|p1a: Iron Crown|Quark Drive|[silent]
|
|win|komisan777
|raw|PixelPenguin2's rating: 1496 &rarr; <strong>1475</strong><br />(-21 for losing)
|raw|komisan777's rating: 1477 &rarr; <strong>1498</strong><br />(+21 for winning)
|l|☆PixelPenguin2
|player|p1|
|l|☆komisan777
|player|p2|
