|j|☆TheLump
|j|☆npctypebeat
|t:|1779594793
|gametype|singles
|player|p1|TheLump|101|1143
|player|p2|npctypebeat|2|1136
|gen|9
|tier|[Gen 9] OU
|rated|
|rule|HP Percentage Mod: HP is shown in percentages
|rule|Endless Battle Clause: Forcing endless battles is banned
|rule|Species Clause: Limit one of each Pokémon
|rule|OHKO Clause: OHKO moves are banned
|rule|Evasion Items Clause: Evasion items are banned
|rule|Evasion Moves Clause: Evasion moves are banned
|rule|Evasion Abilities Clause: Evasion abilities are banned
|rule|Sleep Moves Clause: Sleep-inducing moves are banned
|clearpoke
|poke|p1|Torkoal, F|
|poke|p1|Weepinbell, M|
|poke|p1|Slither Wing|
|poke|p1|Iron Moth|
|poke|p1|Exeggutor, M|
|poke|p1|Victreebel, M|
|poke|p2|Gliscor, F|
|poke|p2|Gholdengo|
|poke|p2|Zamazenta-*|
|poke|p2|Blissey, F|
|poke|p2|Skarmory, F|
|poke|p2|Pecharunt|
|teampreview
|c|☆npctypebeat|hf
|
|t:|1779594806
|teamsize|p1|6
|teamsize|p2|6
|start
|switch|p1a: Torkoal|Torkoal, F, shiny|100/100
|switch|p2a: Skarmory|Skarmory, F|100/100
|-weather|SunnyDay|[from] ability: Drought|[of] p1a: Torkoal
|turn|1
|inactive|Battle timer is ON: inactive players will automatically lose when time's up. (requested by npctypebeat)
|inactive|TheLump has 120 seconds left.
|inactive|npctypebeat has 120 seconds left.
|inactive|TheLump has 90 seconds left.
|
|t:|1779594878
|move|p2a: Skarmory|Spikes|p1a: Torkoal
|-sidestart|p1: TheLump|Spikes
|move|p1a: Torkoal|Stealth Rock|p2a: Skarmory
|-sidestart|p2: npctypebeat|move: Stealth Rock
|
|-weather|SunnyDay|[upkeep]
|upkeep
|turn|2
|c|☆TheLump|u2
|
|t:|1779594893
|move|p2a: Skarmory|Spikes|p1a: Torkoal
|-sidestart|p1: TheLump|Spikes
|move|p1a: Torkoal|Lava Plume|p2a: Skarmory
|-supereffective|p2a: Skarmory
|-ability|p2a: Skarmory|Sturdy
|-damage|p2a: Skarmory|1/100
|-status|p2a: Skarmory|brn
|
|-weather|SunnyDay|[upkeep]
|-damage|p2a: Skarmory|0 fnt|[from] brn
|faint|p2a: Skarmory
|upkeep
|inactive|npctypebeat has 120 seconds left.
|
|t:|1779594927
|switch|p2a: Blissey|Blissey, F|100/100
|turn|3
|inactive|TheLump has 120 seconds left.
|
|t:|1779594960
|move|p2a: Blissey|Stealth Rock|p1a: Torkoal
|-sidestart|p1: TheLump|move: Stealth Rock
|move|p1a: Torkoal|Rapid Spin|p2a: Blissey
|-damage|p2a: Blissey|91/100
|-boost|p1a: Torkoal|spe|1
|-sideend|p1: TheLump|Spikes|[from] move: Rapid Spin|[of] p1a: Torkoal
|-sideend|p1: TheLump|Stealth Rock|[from] move: Rapid Spin|[of] p1a: Torkoal
|
|-weather|SunnyDay|[upkeep]
|upkeep
|turn|4
|inactive|npctypebeat has 90 seconds left.
|
|t:|1779594991
|switch|p1a: Macrophylla|Weepinbell, M|100/100
|move|p2a: Blissey|Stealth Rock|p1a: Macrophylla
|-sidestart|p1: TheLump|move: Stealth Rock
|
|-weather|SunnyDay|[upkeep]
|upkeep
|turn|5
|
|t:|1779595005
|switch|p2a: Gliscor|Gliscor, F|100/100
|-damage|p2a: Gliscor|88/100|[from] Stealth Rock
|move|p1a: Macrophylla|Knock Off|p2a: Gliscor
|-damage|p2a: Gliscor|72/100
|-enditem|p2a: Gliscor|Toxic Orb|[from] move: Knock Off|[of] p1a: Macrophylla
|
|-weather|SunnyDay|[upkeep]
|upkeep
|turn|6
|
|t:|1779595013
|switch|p1a: Torkoal|Torkoal, F, shiny|100/100
|-damage|p1a: Torkoal|76/100|[from] Stealth Rock
|move|p2a: Gliscor|Earthquake|p1a: Torkoal
|-supereffective|p1a: Torkoal
|-damage|p1a: Torkoal|27/100
|
|-weather|SunnyDay|[upkeep]
|upkeep
|turn|7
|
|t:|1779595029
|move|p2a: Gliscor|Earthquake|p1a: Torkoal
|-supereffective|p1a: Torkoal
|-damage|p1a: Torkoal|0 fnt
|faint|p1a: Torkoal
|
|-weather|SunnyDay|[upkeep]
|upkeep
|
|t:|1779595036
|switch|p1a: Iron Moth|Iron Moth|100/100
|-damage|p1a: Iron Moth|75/100|[from] Stealth Rock
|-enditem|p1a: Iron Moth|Booster Energy
|-activate|p1a: Iron Moth|ability: Quark Drive|[fromitem]
|-start|p1a: Iron Moth|quarkdrivespe
|turn|8
|
|t:|1779595040
|-terastallize|p1a: Iron Moth|Flying
|move|p1a: Iron Moth|Fiery Dance|p2a: Gliscor
|-damage|p2a: Gliscor|16/100
|move|p2a: Gliscor|Earthquake|p1a: Iron Moth
|-immune|p1a: Iron Moth
|
|-weather|none
|upkeep
|turn|9
|inactive|npctypebeat has 120 seconds left.
|
|t:|1779595048
|switch|p2a: Blissey|Blissey, F|91/100
|move|p1a: Iron Moth|Fiery Dance|p2a: Blissey
|-damage|p2a: Blissey|78/100
|-boost|p1a: Iron Moth|spa|1
|
|upkeep
|turn|10
|inactive|npctypebeat has 120 seconds left.
|
|t:|1779595062
|move|p1a: Iron Moth|Fiery Dance|p2a: Blissey
|-damage|p2a: Blissey|58/100
|move|p2a: Blissey|Shadow Ball|p1a: Iron Moth
|-damage|p1a: Iron Moth|62/100
|
|upkeep
|turn|11
|inactive|npctypebeat has 120 seconds left.
|
|t:|1779595072
|move|p1a: Iron Moth|Fiery Dance|p2a: Blissey
|-damage|p2a: Blissey|39/100
|-boost|p1a: Iron Moth|spa|1
|move|p2a: Blissey|Shadow Ball|p1a: Iron Moth
|-damage|p1a: Iron Moth|49/100
|
|upkeep
|turn|12
|inactive|npctypebeat has 120 seconds left.
|
|t:|1779595084
|switch|p2a: Gliscor|Gliscor, F|16/100
|-damage|p2a: Gliscor|3/100|[from] Stealth Rock
|move|p1a: Iron Moth|Sludge Wave|p2a: Gliscor
|-resisted|p2a: Gliscor
|-damage|p2a: Gliscor|0 fnt
|faint|p2a: Gliscor
|
|upkeep
|inactive|npctypebeat has 120 seconds left.
|
|t:|1779595098
|switch|p2a: Zamazenta|Zamazenta|100/100
|-ability|p2a: Zamazenta|Dauntless Shield|boost
|-boost|p2a: Zamazenta|def|1
|turn|13
|inactive|npctypebeat has 120 seconds left.
|
|t:|1779595125
|move|p1a: Iron Moth|Psychic|p2a: Zamazenta
|-supereffective|p2a: Zamazenta
|-damage|p2a: Zamazenta|0 fnt
|faint|p2a: Zamazenta
|
|upkeep
|
|t:|1779595135
|switch|p2a: Blissey|Blissey, F|39/100
|turn|14
|
|t:|1779595141
|move|p1a: Iron Moth|Fiery Dance|p2a: Blissey
|-damage|p2a: Blissey|12/100
|-boost|p1a: Iron Moth|spa|1
|move|p2a: Blissey|Shadow Ball|p1a: Iron Moth
|-damage|p1a: Iron Moth|35/100
|-unboost|p1a: Iron Moth|spd|1
|
|upkeep
|turn|15
|
|t:|1779595153
|switch|p2a: Pecharunt|Pecharunt|100/100
|move|p1a: Iron Moth|Fiery Dance|p2a: Pecharunt
|-damage|p2a: Pecharunt|1/100
|-boost|p1a: Iron Moth|spa|1
|
|upkeep
|turn|16
|
|t:|1779595165
|switch|p2a: Gholdengo|Gholdengo|100/100
|-damage|p2a: Gholdengo|94/100|[from] Stealth Rock
|move|p1a: Iron Moth|Fiery Dance|p2a: Gholdengo
|-supereffective|p2a: Gholdengo
|-damage|p2a: Gholdengo|0 fnt
|-boost|p1a: Iron Moth|spa|1
|faint|p2a: Gholdengo
|
|upkeep
|inactive|npctypebeat has 90 seconds left.
|
|t:|1779595186
|switch|p2a: Pecharunt|Pecharunt|1/100
|turn|17
|inactive|npctypebeat has 90 seconds left.
|
|t:|1779595196
|move|p1a: Iron Moth|Fiery Dance|p2a: Pecharunt
|-damage|p2a: Pecharunt|0 fnt
|-boost|p1a: Iron Moth|spa|1
|faint|p2a: Pecharunt
|
|upkeep
|inactive|npctypebeat has 90 seconds left.
|
|t:|1779595204
|switch|p2a: Blissey|Blissey, F|12/100
|turn|18
|
|t:|1779595208
|move|p1a: Iron Moth|Fiery Dance|p2a: Blissey
|-damage|p2a: Blissey|0 fnt
|faint|p2a: Blissey
|
|win|TheLump
|raw|TheLump's rating: 1143 &rarr; <strong>1167</strong><br />(+24 for winning)
|raw|npctypebeat's rating: 1136 &rarr; <strong>1112</strong><br />(-24 for losing)
|c|☆npctypebeat|gg
|c|☆TheLump|gg
