|j|☆matys 3333
|j|☆Dat boii fam
|t:|1779712037
|gametype|singles
|player|p1|matys 3333|102|1405
|player|p2|Dat boii fam|li|1429
|gen|9
|tier|[Gen 9] OU
|rated|
|rule|HP Percentage Mod: HP is shown in percentages
|rule|Endless Battle Clause: Forcing endless battles is banned
|rule|Species Clause: Limit one of each Pokémon
|rule|OHKO Clause: OHKO moves are banned
|rule|Evasion Items Clause: Evasion items are banned
|rule|Evasion Moves Clause: Evasion moves are banned
|rule|Evasion Abilities Clause: Evasion abilities are banned
|rule|Sleep Moves Clause: Sleep-inducing moves are banned
|clearpoke
|poke|p1|Iron Moth|
|poke|p1|Kingambit, F|
|poke|p1|Dragonite, F|
|poke|p1|Ogerpon-Cornerstone, F|
|poke|p1|Iron Valiant|
|poke|p1|Raging Bolt|
|poke|p2|Alomomola, M|
|poke|p2|Landorus-Therian, M|
|poke|p2|Zapdos|
|poke|p2|Tornadus-Therian, M|
|poke|p2|Scizor, M|
|poke|p2|Amoonguss, F|
|teampreview
|
|t:|1779712053
|teamsize|p1|6
|teamsize|p2|6
|start
|switch|p1a: Raging Bolt|Raging Bolt|100/100
|switch|p2a: Landorus|Landorus-Therian, M|100/100
|-ability|p2a: Landorus|Intimidate|boost
|-unboost|p1a: Raging Bolt|atk|1
|-enditem|p1a: Raging Bolt|Booster Energy
|-activate|p1a: Raging Bolt|ability: Protosynthesis|[fromitem]
|-start|p1a: Raging Bolt|protosynthesisspa
|turn|1
|inactive|Battle timer is ON: inactive players will automatically lose when time's up. (requested by Dat boii fam)
|l|☆matys 3333
|inactive|matys 3333 disconnected and has a minute to reconnect!
|player|p1|
|j|☆matys 3333
|inactive|matys 3333 reconnected and has 140 seconds left.
|player|p1|matys 3333|102|
|
|t:|1779712071
|-end|p1a: Raging Bolt|Protosynthesis|[silent]
|switch|p1a: Dragonite|Dragonite, F|100/100
|move|p2a: Landorus|Earthquake|p1a: Dragonite
|-immune|p1a: Dragonite
|
|upkeep
|turn|2
|
|t:|1779712077
|switch|p2a: Alomomola|Alomomola, M|100/100
|move|p1a: Dragonite|Dragon Dance|p1a: Dragonite
|-boost|p1a: Dragonite|atk|1
|-boost|p1a: Dragonite|spe|1
|
|upkeep
|turn|3
|
|t:|1779712086
|-terastallize|p1a: Dragonite|Normal
|move|p1a: Dragonite|Dragon Dance|p1a: Dragonite
|-boost|p1a: Dragonite|atk|1
|-boost|p1a: Dragonite|spe|1
|move|p2a: Alomomola|Alluring Voice|p1a: Dragonite
|-crit|p1a: Dragonite
|-damage|p1a: Dragonite|93/100
|-start|p1a: Dragonite|confusion
|
|upkeep
|turn|4
|
|t:|1779712095
|-activate|p1a: Dragonite|confusion
|move|p1a: Dragonite|Earthquake|p2a: Alomomola
|-damage|p2a: Alomomola|53/100
|move|p2a: Alomomola|Flip Turn|p1a: Dragonite
|-damage|p1a: Dragonite|73/100
|
|t:|1779712104
|switch|p2a: Amoonguss|Amoonguss, F|100/100|[from] Flip Turn
|
|upkeep
|turn|5
|
|t:|1779712110
|-activate|p1a: Dragonite|confusion
|move|p1a: Dragonite|Ice Spinner|p2a: Amoonguss
|-supereffective|p2a: Amoonguss
|-crit|p2a: Amoonguss
|-damage|p2a: Amoonguss|0 fnt
|-damage|p1a: Dragonite|57/100|[from] item: Rocky Helmet|[of] p2a: Amoonguss
|faint|p2a: Amoonguss
|
|upkeep
|
|t:|1779712117
|switch|p2a: Scizor|Scizor, M|100/100
|turn|6
|
|t:|1779712123
|-activate|p1a: Dragonite|confusion
|move|p1a: Dragonite|Earthquake|p2a: Scizor
|-damage|p2a: Scizor|22/100
|move|p2a: Scizor|Knock Off|p1a: Dragonite
|-damage|p1a: Dragonite|22/100
|-enditem|p1a: Dragonite|Heavy-Duty Boots|[from] move: Knock Off|[of] p2a: Scizor
|
|upkeep
|turn|7
|
|t:|1779712130
|-activate|p1a: Dragonite|confusion
|move|p1a: Dragonite|Extreme Speed|p2a: Scizor
|-resisted|p2a: Scizor
|-damage|p2a: Scizor|0 fnt
|faint|p2a: Scizor
|
|upkeep
|
|t:|1779712135
|switch|p2a: Landorus|Landorus-Therian, M|100/100
|-ability|p2a: Landorus|Intimidate|boost
|-unboost|p1a: Dragonite|atk|1
|turn|8
|
|t:|1779712141
|switch|p2a: Alomomola|Alomomola, M|86/100
|-end|p1a: Dragonite|confusion
|move|p1a: Dragonite|Ice Spinner|p2a: Alomomola
|-resisted|p2a: Alomomola
|-damage|p2a: Alomomola|73/100
|
|upkeep
|turn|9
|
|t:|1779712149
|move|p1a: Dragonite|Earthquake|p2a: Alomomola
|-damage|p2a: Alomomola|36/100
|move|p2a: Alomomola|Flip Turn|p1a: Dragonite
|-damage|p1a: Dragonite|3/100
|
|t:|1779712154
|switch|p2a: Landorus|Landorus-Therian, M|100/100|[from] Flip Turn
|-ability|p2a: Landorus|Intimidate|boost
|-unboost|p1a: Dragonite|atk|1
|
|upkeep
|turn|10
|
|t:|1779712160
|switch|p2a: Alomomola|Alomomola, M|70/100
|move|p1a: Dragonite|Ice Spinner|p2a: Alomomola
|-resisted|p2a: Alomomola
|-damage|p2a: Alomomola|61/100
|
|upkeep
|turn|11
|
|t:|1779712166
|move|p1a: Dragonite|Earthquake|p2a: Alomomola
|-damage|p2a: Alomomola|38/100
|move|p2a: Alomomola|Flip Turn|p1a: Dragonite
|-damage|p1a: Dragonite|0 fnt
|faint|p1a: Dragonite
|
|t:|1779712173
|switch|p2a: Landorus|Landorus-Therian, M|100/100|[from] Flip Turn
|
|upkeep
|
|t:|1779712178
|switch|p1a: Ogerpon|Ogerpon-Cornerstone, F|100/100
|turn|12
|
|t:|1779712184
|move|p2a: Landorus|U-turn|p1a: Ogerpon
|-supereffective|p1a: Ogerpon
|-damage|p1a: Ogerpon|21/100
|
|t:|1779712191
|switch|p2a: Zapdos|Zapdos|100/100|[from] U-turn
|move|p1a: Ogerpon|Ivy Cudgel|p2a: Zapdos|[anim] Ivy Cudgel Rock
|-supereffective|p2a: Zapdos
|-damage|p2a: Zapdos|0 fnt
|faint|p2a: Zapdos
|
|upkeep
|
|t:|1779712197
|switch|p2a: Landorus|Landorus-Therian, M|100/100
|-ability|p2a: Landorus|Intimidate|boost
|-unboost|p1a: Ogerpon|atk|1
|turn|13
|
|t:|1779712203
|move|p2a: Landorus|Earthquake|p1a: Ogerpon
|-damage|p1a: Ogerpon|0 fnt
|faint|p1a: Ogerpon
|
|upkeep
|
|t:|1779712213
|switch|p1a: Iron Valiant|Iron Valiant|100/100
|-enditem|p1a: Iron Valiant|Booster Energy
|-activate|p1a: Iron Valiant|ability: Quark Drive|[fromitem]
|-start|p1a: Iron Valiant|quarkdrivespe
|turn|14
|
|t:|1779712220
|-terastallize|p2a: Landorus|Ground
|move|p1a: Iron Valiant|Spirit Break|p2a: Landorus
|-damage|p2a: Landorus|55/100
|-unboost|p2a: Landorus|spa|1
|move|p2a: Landorus|Earthquake|p1a: Iron Valiant
|-damage|p1a: Iron Valiant|0 fnt
|faint|p1a: Iron Valiant
|-end|p1a: Iron Valiant|Quark Drive|[silent]
|
|upkeep
|
|t:|1779712236
|switch|p1a: Raging Bolt|Raging Bolt|100/100
|turn|15
|
|t:|1779712240
|move|p2a: Landorus|Earthquake|p1a: Raging Bolt
|-supereffective|p1a: Raging Bolt
|-damage|p1a: Raging Bolt|0 fnt
|faint|p1a: Raging Bolt
|-end|p1a: Raging Bolt|Protosynthesis|[silent]
|
|upkeep
|
|t:|1779712245
|switch|p1a: Iron Moth|Iron Moth|100/100
|-enditem|p1a: Iron Moth|Booster Energy
|-activate|p1a: Iron Moth|ability: Quark Drive|[fromitem]
|-start|p1a: Iron Moth|quarkdrivespe
|turn|16
|
|t:|1779712254
|move|p1a: Iron Moth|Energy Ball|p2a: Landorus
|-supereffective|p2a: Landorus
|-damage|p2a: Landorus|0 fnt
|faint|p2a: Landorus
|
|upkeep
|
|t:|1779712260
|switch|p2a: Tornadus|Tornadus-Therian, M|100/100
|turn|17
|
|t:|1779712267
|move|p1a: Iron Moth|Fiery Dance|p2a: Tornadus
|-damage|p2a: Tornadus|54/100
|-boost|p1a: Iron Moth|spa|1
|move|p2a: Tornadus|Bleakwind Storm|p1a: Iron Moth|[miss]
|-miss|p2a: Tornadus|p1a: Iron Moth
|
|upkeep
|turn|18
|-message|Dat boii fam forfeited.
|
|win|matys 3333
|raw|matys 3333's rating: 1405 &rarr; <strong>1426</strong><br />(+21 for winning)
|raw|Dat boii fam's rating: 1429 &rarr; <strong>1408</strong><br />(-21 for losing)
|l|☆Dat boii fam
|player|p2|
