|j|☆A05236
|j|☆Abyssal Bot
|t:|1779654496
|gametype|singles
|player|p1|A05236|265|
|player|p2|Abyssal Bot|supernerd|
|teamsize|p1|6
|teamsize|p2|6
|gen|9
|tier|[Gen 9] OU
|rule|Species Clause: Limit one of each Pokémon
|rule|OHKO Clause: OHKO moves are banned
|rule|Evasion Items Clause: Evasion items are banned
|rule|Evasion Moves Clause: Evasion moves are banned
|rule|Endless Battle Clause: Forcing endless battles is banned
|rule|HP Percentage Mod: HP is shown in percentages
|rule|Sleep Moves Clause: Sleep-inducing moves are banned
|clearpoke
|poke|p1|Rufflet, M|
|poke|p1|Ninetales-Alola, F|
|poke|p1|Carkol, F|
|poke|p1|Dragonair, M|
|poke|p1|Magnezone|
|poke|p1|Dragonite, M|
|poke|p2|Gholdengo|
|poke|p2|Ting-Lu|
|poke|p2|Deoxys-Speed|
|poke|p2|Garganacl, F|
|poke|p2|Ogerpon, F|
|poke|p2|Gliscor, M|
|teampreview
|c|☆Abyssal Bot|**WARNING**: Expect much hax.
|inactive|Battle timer is ON: inactive players will automatically lose when time's up. (requested by Abyssal Bot)
|j|*Turbo Bottttt
|
|t:|1779654501
|start
|switch|p1a: china|Dragonair, M|100/100
|switch|p2a: Ogerpon|Ogerpon, F|100/100
|turn|1
|
|t:|1779654509
|switch|p2a: Gholdengo|Gholdengo|100/100
|move|p1a: china|Thunder Wave|p2a: Gholdengo
|-immune|p2a: Gholdengo|[from] ability: Good as Gold
|
|upkeep
|turn|2
|inactive|A05236 has 270 seconds left.
|
|t:|1779654540
|switch|p1a: inroads|Carkol, F|100/100
|move|p2a: Gholdengo|Focus Blast|p1a: inroads
|-supereffective|p1a: inroads
|-damage|p1a: inroads|38/100
|
|upkeep
|turn|3
|
|t:|1779654546
|switch|p1a: twice|Rufflet, M|100/100
|move|p2a: Gholdengo|Hex|p1a: twice
|-immune|p1a: twice
|
|upkeep
|turn|4
|
|t:|1779654550
|move|p2a: Gholdengo|Thunder Wave|p1a: twice
|-status|p1a: twice|par
|cant|p1a: twice|par
|
|upkeep
|turn|5
|
|t:|1779654553
|move|p2a: Gholdengo|Focus Blast|p1a: twice
|-damage|p1a: twice|68/100 par
|move|p1a: twice|Brave Bird|p2a: Gholdengo
|-resisted|p2a: Gholdengo
|-damage|p2a: Gholdengo|77/100
|-damage|p1a: twice|57/100 par|[from] Recoil
|
|upkeep
|turn|6
|
|t:|1779654556
|move|p2a: Gholdengo|Focus Blast|p1a: twice
|-damage|p1a: twice|24/100 par
|cant|p1a: twice|par
|
|upkeep
|turn|7
|
|t:|1779654560
|move|p2a: Gholdengo|Focus Blast|p1a: twice
|-damage|p1a: twice|0 par
|faint|p1a: twice
|
|upkeep
|
|t:|1779654565
|switch|p1a: deadly|Magnezone|100/100
|turn|8
|
|t:|1779654567
|move|p1a: deadly|Magnet Rise|p1a: deadly
|-start|p1a: deadly|Magnet Rise
|move|p2a: Gholdengo|Focus Blast|p1a: deadly|[miss]
|-miss|p2a: Gholdengo|p1a: deadly
|
|upkeep
|turn|9
|c|☆Abyssal Bot|;-;
|
|t:|1779654570
|move|p1a: deadly|Thunderbolt|p2a: Gholdengo
|-damage|p2a: Gholdengo|17/100
|-damage|p1a: deadly|91/100|[from] item: Life Orb
|move|p2a: Gholdengo|Focus Blast|p1a: deadly
|-supereffective|p1a: deadly
|-damage|p1a: deadly|0
|faint|p1a: deadly
|
|upkeep
|
|t:|1779654582
|switch|p1a: the agency|Dragonite, M|100/100
|turn|10
|
|t:|1779654585
|move|p1a: the agency|Fire Punch|p2a: Gholdengo
|-supereffective|p2a: Gholdengo
|-damage|p2a: Gholdengo|0
|faint|p2a: Gholdengo
|
|upkeep
|
|t:|1779654585
|switch|p2a: Garganacl|Garganacl, F|100/100
|turn|11
|
|t:|1779654591
|switch|p1a: inroads|Carkol, F|38/100
|move|p2a: Garganacl|Protect||[still]
|-fail|p2a: Garganacl
|
|upkeep
|turn|12
|
|t:|1779654594
|move|p1a: inroads|Stealth Rock|p2a: Garganacl
|-sidestart|p2: Abyssal Bot|move: Stealth Rock
|move|p2a: Garganacl|Stealth Rock|p1a: inroads
|-sidestart|p1: A05236|move: Stealth Rock
|
|upkeep
|turn|13
|
|t:|1779654596
|move|p1a: inroads|Rapid Spin|p2a: Garganacl
|-resisted|p2a: Garganacl
|-damage|p2a: Garganacl|99/100
|-boost|p1a: inroads|spe|1
|-sideend|p1: A05236|Stealth Rock|[from] move: Rapid Spin|[of] p1a: inroads
|move|p2a: Garganacl|Salt Cure|p1a: inroads
|-supereffective|p1a: inroads
|-damage|p1a: inroads|25/100
|-start|p1a: inroads|Salt Cure
|
|-heal|p2a: Garganacl|100/100|[from] item: Leftovers
|-damage|p1a: inroads|12/100|[from] Salt Cure|[of] p2a: Garganacl
|upkeep
|turn|14
|
|t:|1779654599
|move|p1a: inroads|Rapid Spin|p2a: Garganacl
|-resisted|p2a: Garganacl
|-damage|p2a: Garganacl|99/100
|-boost|p1a: inroads|spe|1
|move|p2a: Garganacl|Salt Cure|p1a: inroads
|-supereffective|p1a: inroads
|-damage|p1a: inroads|0
|faint|p1a: inroads
|
|-heal|p2a: Garganacl|100/100|[from] item: Leftovers
|upkeep
|
|t:|1779654613
|switch|p1a: negotiations|Ninetales-Alola, F|100/100
|-weather|Snow|[from] ability: Snow Warning|[of] p1a: negotiations
|turn|15
|
|t:|1779654616
|switch|p2a: Deoxys|Deoxys-Speed|100/100
|-ability|p2a: Deoxys|Pressure
|move|p1a: negotiations|Aurora Veil|p1a: negotiations
|-sidestart|p1: A05236|move: Aurora Veil
|
|-weather|Snow|[upkeep]
|upkeep
|turn|16
|
|t:|1779654621
|move|p2a: Deoxys|Psycho Boost|p1a: negotiations
|-damage|p1a: negotiations|68/100
|-unboost|p2a: Deoxys|spa|2
|move|p1a: negotiations|Nasty Plot|p1a: negotiations
|-boost|p1a: negotiations|spa|2
|
|-weather|Snow|[upkeep]
|upkeep
|turn|17
|
|t:|1779654624
|move|p2a: Deoxys|Superpower|p1a: negotiations
|-damage|p1a: negotiations|52/100
|-unboost|p2a: Deoxys|atk|1
|-unboost|p2a: Deoxys|def|1
|move|p1a: negotiations|Moonblast|p2a: Deoxys
|-damage|p2a: Deoxys|0
|faint|p2a: Deoxys
|
|-weather|Snow|[upkeep]
|upkeep
|
|t:|1779654624
|switch|p2a: Garganacl|Garganacl, F|100/100
|-damage|p2a: Garganacl|88/100|[from] Stealth Rock|[of] p1: inroads
|turn|18
|
|t:|1779654627
|move|p1a: negotiations|Chilling Water|p2a: Garganacl
|-supereffective|p2a: Garganacl
|-crit|p2a: Garganacl
|-damage|p2a: Garganacl|25/100
|-unboost|p2a: Garganacl|atk|1
|move|p2a: Garganacl|Salt Cure|p1a: negotiations
|-supereffective|p1a: negotiations
|-damage|p1a: negotiations|42/100
|-start|p1a: negotiations|Salt Cure
|
|-weather|Snow|[upkeep]
|-heal|p2a: Garganacl|31/100|[from] item: Leftovers
|-damage|p1a: negotiations|30/100|[from] Salt Cure|[of] p2a: Garganacl
|upkeep
|turn|19
|c|☆Abyssal Bot|I should be the one who gets hax ;-;
|
|t:|1779654630
|move|p2a: Garganacl|Protect|p2a: Garganacl
|-singleturn|p2a: Garganacl|Protect
|move|p1a: negotiations|Chilling Water|p2a: Garganacl
|-activate|p2a: Garganacl|move: Protect
|
|-weather|none
|-heal|p2a: Garganacl|37/100|[from] item: Leftovers
|-damage|p1a: negotiations|17/100|[from] Salt Cure|[of] p2a: Garganacl
|upkeep
|turn|20
|
|t:|1779654632
|move|p1a: negotiations|Chilling Water|p2a: Garganacl
|-supereffective|p2a: Garganacl
|-damage|p2a: Garganacl|0
|faint|p2a: Garganacl
|
|-damage|p1a: negotiations|5/100|[from] Salt Cure|[of] p2: Garganacl
|upkeep
|
|t:|1779654633
|switch|p2a: Ogerpon|Ogerpon, F|100/100
|turn|21
|
|t:|1779654644
|switch|p1a: china|Dragonair, M|100/100
|move|p2a: Ogerpon|Knock Off|p1a: china
|-damage|p1a: china|91/100
|-enditem|p1a: china|Eviolite|[from] move: Knock Off|[of] p2a: Ogerpon
|
|upkeep
|turn|22
|
|t:|1779654647
|switch|p2a: Ting-Lu|Ting-Lu|100/100
|-ability|p2a: Ting-Lu|Vessel of Ruin
|move|p1a: china|Thunder Wave|p2a: Ting-Lu
|-immune|p2a: Ting-Lu
|
|-sideend|p1: A05236|move: Aurora Veil
|upkeep
|turn|23
|
|t:|1779654650
|move|p1a: china|Dragon Dance|p1a: china
|-boost|p1a: china|atk|1
|-boost|p1a: china|spe|1
|move|p2a: Ting-Lu|Earthquake|p1a: china
|-damage|p1a: china|53/100
|
|upkeep
|turn|24
|
|t:|1779654654
|move|p1a: china|Outrage|p2a: Ting-Lu
|-damage|p2a: Ting-Lu|72/100
|move|p2a: Ting-Lu|Earthquake|p1a: china
|-crit|p1a: china
|-damage|p1a: china|0
|faint|p1a: china
|
|upkeep
|c|☆Abyssal Bot|LOL Die!
|
|t:|1779654659
|switch|p1a: the agency|Dragonite, M|100/100
|turn|25
|
|t:|1779654661
|switch|p2a: Gliscor|Gliscor, M|100/100
|-damage|p2a: Gliscor|88/100|[from] Stealth Rock|[of] p1: inroads
|move|p1a: the agency|Dragon Dance|p1a: the agency
|-boost|p1a: the agency|atk|1
|-boost|p1a: the agency|spe|1
|
|-status|p2a: Gliscor|tox|[from] item: Toxic Orb
|upkeep
|turn|26
|
|t:|1779654666
|move|p2a: Gliscor|Protect|p2a: Gliscor
|-singleturn|p2a: Gliscor|Protect
|move|p1a: the agency|Dragon Dance|p1a: the agency
|-boost|p1a: the agency|atk|1
|-boost|p1a: the agency|spe|1
|
|-heal|p2a: Gliscor|100/100 tox|[from] ability: Poison Heal
|upkeep
|turn|27
|
|t:|1779654668
|move|p1a: the agency|Encore|p2a: Gliscor
|-start|p2a: Gliscor|Encore
|move|p2a: Gliscor|Protect||[still]
|-fail|p2a: Gliscor
|
|upkeep
|turn|28
|
|t:|1779654670
|switch|p2a: Ting-Lu|Ting-Lu|72/100
|-ability|p2a: Ting-Lu|Vessel of Ruin
|move|p1a: the agency|Dragon Dance|p1a: the agency
|-boost|p1a: the agency|atk|1
|-boost|p1a: the agency|spe|1
|
|upkeep
|turn|29
|
|t:|1779654672
|move|p1a: the agency|Scale Shot|p2a: Ting-Lu
|-damage|p2a: Ting-Lu|50/100
|-damage|p2a: Ting-Lu|31/100
|-damage|p2a: Ting-Lu|9/100
|-damage|p2a: Ting-Lu|0
|faint|p2a: Ting-Lu
|-hitcount|p2: Ting-Lu|4
|-unboost|p1a: the agency|def|1
|-boost|p1a: the agency|spe|1
|
|upkeep
|
|t:|1779654672
|switch|p2a: Ogerpon|Ogerpon, F|100/100
|turn|30
|
|t:|1779654678
|move|p1a: the agency|Fire Punch|p2a: Ogerpon
|-supereffective|p2a: Ogerpon
|-damage|p2a: Ogerpon|0
|faint|p2a: Ogerpon
|
|upkeep
|
|t:|1779654678
|switch|p2a: Gliscor|Gliscor, M|100/100 tox
|-damage|p2a: Gliscor|88/100 tox|[from] Stealth Rock|[of] p1: inroads
|turn|31
|
|t:|1779654681
|move|p1a: the agency|Scale Shot|p2a: Gliscor
|-damage|p2a: Gliscor|61/100 tox
|-damage|p2a: Gliscor|35/100 tox
|-damage|p2a: Gliscor|4/100 tox
|-damage|p2a: Gliscor|0 tox
|faint|p2a: Gliscor
|-hitcount|p2: Gliscor|4
|
|win|A05236
|c|☆Abyssal Bot|Well Played.
|l|☆Abyssal Bot
|player|p2|
|l|*Turbo Bottttt
