|j|☆CakNoel
|j|☆mikael_ita
|t:|1779621714
|gametype|singles
|player|p1|CakNoel|hoopster|1352
|player|p2|mikael_ita|170|1297
|gen|9
|tier|[Gen 9] OU
|rated|
|rule|HP Percentage Mod: HP is shown in percentages
|rule|Endless Battle Clause: Forcing endless battles is banned
|rule|Species Clause: Limit one of each Pokémon
|rule|OHKO Clause: OHKO moves are banned
|rule|Evasion Items Clause: Evasion items are banned
|rule|Evasion Moves Clause: Evasion moves are banned
|rule|Evasion Abilities Clause: Evasion abilities are banned
|rule|Sleep Moves Clause: Sleep-inducing moves are banned
|clearpoke
|poke|p1|Tyranitar, F|
|poke|p1|Excadrill, F|
|poke|p1|Kingambit, M|
|poke|p1|Alomomola, F|
|poke|p1|Ogerpon-Wellspring, F|
|poke|p1|Corviknight, M|
|poke|p2|Cinderace, F|
|poke|p2|Zoroark-Hisui, M|
|poke|p2|Ogerpon-Wellspring, F|
|poke|p2|Iron Valiant|
|poke|p2|Dragonite, M|
|poke|p2|Kingambit, M|
|teampreview
|inactive|Battle timer is ON: inactive players will automatically lose when time's up. (requested by mikael_ita)
|
|t:|1779621723
|teamsize|p1|6
|teamsize|p2|6
|start
|switch|p1a: Tyranitar|Tyranitar, F|100/100
|switch|p2a: Cinderace|Cinderace, F|100/100
|-weather|Sandstorm|[from] ability: Sand Stream|[of] p1a: Tyranitar
|turn|1
|
|t:|1779621731
|move|p2a: Cinderace|U-turn|p1a: Tyranitar
|-start|p2a: Cinderace|typechange|Bug|[from] ability: Libero
|-supereffective|p1a: Tyranitar
|-damage|p1a: Tyranitar|49/100
|
|t:|1779621746
|switch|p2a: Iron Valiant|Iron Valiant|100/100|[from] U-turn
|-enditem|p2a: Iron Valiant|Booster Energy
|-activate|p2a: Iron Valiant|ability: Quark Drive|[fromitem]
|-start|p2a: Iron Valiant|quarkdrivespe
|move|p1a: Tyranitar|Thunder Wave|p2a: Iron Valiant
|-status|p2a: Iron Valiant|par
|
|-weather|Sandstorm|[upkeep]
|-damage|p2a: Iron Valiant|94/100 par|[from] Sandstorm
|upkeep
|turn|2
|
|t:|1779621760
|switch|p1a: Alomomola|Alomomola, F|100/100
|cant|p2a: Iron Valiant|par
|
|-weather|Sandstorm|[upkeep]
|-damage|p2a: Iron Valiant|88/100 par|[from] Sandstorm
|-damage|p1a: Alomomola|94/100|[from] Sandstorm
|upkeep
|turn|3
|
|t:|1779621771
|move|p2a: Iron Valiant|Thunderbolt|p1a: Alomomola
|-supereffective|p1a: Alomomola
|-damage|p1a: Alomomola|42/100
|move|p1a: Alomomola|Wish|p1a: Alomomola
|
|-weather|Sandstorm|[upkeep]
|-damage|p2a: Iron Valiant|82/100 par|[from] Sandstorm
|-damage|p1a: Alomomola|36/100|[from] Sandstorm
|upkeep
|turn|4
|
|t:|1779621784
|switch|p1a: Tyranitar|Tyranitar, F|49/100
|move|p2a: Iron Valiant|Aura Sphere|p1a: Tyranitar
|-supereffective|p1a: Tyranitar
|-damage|p1a: Tyranitar|0 fnt
|faint|p1a: Tyranitar
|
|-weather|Sandstorm|[upkeep]
|-damage|p2a: Iron Valiant|76/100 par|[from] Sandstorm
|upkeep
|
|t:|1779621791
|switch|p1a: Excadrill|Excadrill, F|100/100
|turn|5
|
|t:|1779621809
|-terastallize|p1a: Excadrill|Ground
|move|p1a: Excadrill|Swords Dance|p1a: Excadrill
|-boost|p1a: Excadrill|atk|2
|cant|p2a: Iron Valiant|par
|
|-weather|Sandstorm|[upkeep]
|-damage|p2a: Iron Valiant|69/100 par|[from] Sandstorm
|upkeep
|turn|6
|
|t:|1779621821
|move|p1a: Excadrill|Earthquake|p2a: Iron Valiant
|-damage|p2a: Iron Valiant|0 fnt
|faint|p2a: Iron Valiant
|-end|p2a: Iron Valiant|Quark Drive|[silent]
|-damage|p1a: Excadrill|91/100|[from] item: Life Orb
|
|-weather|Sandstorm|[upkeep]
|upkeep
|
|t:|1779621829
|switch|p2a: Cinderace|Cinderace, F|100/100
|turn|7
|
|t:|1779621834
|move|p2a: Cinderace|Sucker Punch|p1a: Excadrill
|-start|p2a: Cinderace|typechange|Dark|[from] ability: Libero
|-damage|p1a: Excadrill|43/100
|move|p1a: Excadrill|Rock Slide|p2a: Cinderace
|-damage|p2a: Cinderace|0 fnt
|faint|p2a: Cinderace
|-damage|p1a: Excadrill|33/100|[from] item: Life Orb
|
|-weather|Sandstorm|[upkeep]
|upkeep
|
|t:|1779621847
|switch|p2a: Dragonite|Dragonite, M|100/100
|turn|8
|
|t:|1779621852
|switch|p1a: Alomomola|Alomomola, F|69/100
|-terastallize|p2a: Dragonite|Normal
|move|p2a: Dragonite|Extreme Speed|p1a: Alomomola
|-damage|p1a: Alomomola|42/100
|
|-weather|none
|upkeep
|turn|9
|
|t:|1779621862
|move|p2a: Dragonite|Dragon Dance|p2a: Dragonite
|-boost|p2a: Dragonite|atk|1
|-boost|p2a: Dragonite|spe|1
|move|p1a: Alomomola|Flip Turn|p2a: Dragonite
|-damage|p2a: Dragonite|91/100
|
|t:|1779621868
|switch|p1a: Corviknight|Corviknight, M|100/100|[from] Flip Turn
|-ability|p1a: Corviknight|Pressure
|
|upkeep
|turn|10
|
|t:|1779621874
|move|p2a: Dragonite|Dragon Dance|p2a: Dragonite
|-boost|p2a: Dragonite|atk|1
|-boost|p2a: Dragonite|spe|1
|move|p1a: Corviknight|Brave Bird|p2a: Dragonite
|-damage|p2a: Dragonite|53/100
|-damage|p1a: Corviknight|90/100|[from] Recoil
|
|upkeep
|turn|11
|
|t:|1779621881
|move|p2a: Dragonite|Extreme Speed|p1a: Corviknight
|-resisted|p1a: Corviknight
|-damage|p1a: Corviknight|64/100
|-damage|p2a: Dragonite|36/100|[from] item: Rocky Helmet|[of] p1a: Corviknight
|move|p1a: Corviknight|Brave Bird|p2a: Dragonite
|-damage|p2a: Dragonite|0 fnt
|faint|p2a: Dragonite
|-damage|p1a: Corviknight|54/100|[from] Recoil
|
|upkeep
|-message|mikael_ita forfeited.
|
|win|CakNoel
|raw|CakNoel's rating: 1352 &rarr; <strong>1369</strong><br />(+17 for winning)
|raw|mikael_ita's rating: 1297 &rarr; <strong>1276</strong><br />(-21 for losing)
|l|☆mikael_ita
|player|p2|
