|j|☆wuxinshushu1
|j|☆baller salsa
|t:|1779704417
|gametype|singles
|player|p1|wuxinshushu1|hiker-gen4|1381
|player|p2|baller salsa|ingo|1414
|gen|9
|tier|[Gen 9] OU
|rated|
|rule|HP Percentage Mod: HP is shown in percentages
|rule|Endless Battle Clause: Forcing endless battles is banned
|rule|Species Clause: Limit one of each Pokémon
|rule|OHKO Clause: OHKO moves are banned
|rule|Evasion Items Clause: Evasion items are banned
|rule|Evasion Moves Clause: Evasion moves are banned
|rule|Evasion Abilities Clause: Evasion abilities are banned
|rule|Sleep Moves Clause: Sleep-inducing moves are banned
|clearpoke
|poke|p1|Hydrapple, F|
|poke|p1|Alomomola, M|
|poke|p1|Cinderace, F|
|poke|p1|Gliscor, M|
|poke|p1|Slowking-Galar, M|
|poke|p1|Clefable, F|
|poke|p2|Glimmora, F|
|poke|p2|Ogerpon-Wellspring, F|
|poke|p2|Kingambit, F|
|poke|p2|Raging Bolt|
|poke|p2|Ceruledge, M|
|poke|p2|Iron Valiant|
|teampreview
|
|t:|1779704437
|teamsize|p1|6
|teamsize|p2|6
|start
|switch|p1a: Clefable|Clefable, F|100/100
|switch|p2a: Raging Boner|Raging Bolt|100/100
|turn|1
|
|t:|1779704446
|-terastallize|p2a: Raging Boner|Electric
|move|p2a: Raging Boner|Thunderbolt|p1a: Clefable
|-damage|p1a: Clefable|53/100
|move|p1a: Clefable|Thunder Wave|p2a: Raging Boner
|-immune|p2a: Raging Boner
|
|-heal|p1a: Clefable|59/100|[from] item: Leftovers
|upkeep
|turn|2
|
|t:|1779704458
|move|p2a: Raging Boner|Volt Switch|p1a: Clefable
|-damage|p1a: Clefable|24/100
|
|t:|1779704463
|-end|p2a: Raging Boner|Protosynthesis|[silent]
|switch|p2a: Starting|Glimmora, F|100/100|[from] Volt Switch
|move|p1a: Clefable|Stealth Rock|p2a: Starting
|-sidestart|p2: baller salsa|move: Stealth Rock
|
|-heal|p1a: Clefable|30/100|[from] item: Leftovers
|upkeep
|turn|3
|
|t:|1779704474
|switch|p1a: Gliscor|Gliscor, M|100/100
|move|p2a: Starting|Mortal Spin|p1a: Gliscor
|-resisted|p1a: Gliscor
|-damage|p1a: Gliscor|99/100
|-status|p1a: Gliscor|psn
|-sideend|p2: baller salsa|Stealth Rock|[from] move: Mortal Spin|[of] p2a: Starting
|
|-heal|p1a: Gliscor|100/100 psn|[from] ability: Poison Heal
|upkeep
|turn|4
|
|t:|1779704487
|move|p2a: Starting|Spiky Shield|p2a: Starting
|-singleturn|p2a: Starting|move: Protect
|move|p1a: Gliscor|Earthquake|p2a: Starting
|-activate|p2a: Starting|move: Protect
|
|upkeep
|turn|5
|
|t:|1779704494
|switch|p2a: Dilemma|Ogerpon-Wellspring, F|100/100
|move|p1a: Gliscor|Knock Off|p2a: Dilemma
|-damage|p2a: Dilemma|86/100
|
|upkeep
|turn|6
|
|t:|1779704502
|-terastallize|p1a: Gliscor|Water
|move|p2a: Dilemma|Swords Dance|p2a: Dilemma
|-boost|p2a: Dilemma|atk|2
|move|p1a: Gliscor|Toxic|p2a: Dilemma|[miss]
|-miss|p1a: Gliscor|p2a: Dilemma
|
|upkeep
|turn|7
|
|t:|1779704514
|move|p2a: Dilemma|Horn Leech|p1a: Gliscor
|-supereffective|p1a: Gliscor
|-damage|p1a: Gliscor|9/100 psn
|-heal|p2a: Dilemma|100/100|[from] drain|[of] p1a: Gliscor
|move|p1a: Gliscor|Toxic|p2a: Dilemma
|-status|p2a: Dilemma|tox
|
|-damage|p2a: Dilemma|94/100 tox|[from] psn
|-heal|p1a: Gliscor|21/100 psn|[from] ability: Poison Heal
|upkeep
|turn|8
|
|t:|1779704526
|move|p1a: Gliscor|Protect|p1a: Gliscor
|-singleturn|p1a: Gliscor|Protect
|move|p2a: Dilemma|Swords Dance|p2a: Dilemma
|-boost|p2a: Dilemma|atk|2
|
|-damage|p2a: Dilemma|82/100 tox|[from] psn
|-heal|p1a: Gliscor|34/100 psn|[from] ability: Poison Heal
|upkeep
|turn|9
|
|t:|1779704537
|switch|p1a: Hydrapple|Hydrapple, F|100/100
|move|p2a: Dilemma|Horn Leech|p1a: Hydrapple
|-resisted|p1a: Hydrapple
|-damage|p1a: Hydrapple|81/100
|-heal|p2a: Dilemma|93/100 tox|[from] drain|[of] p1a: Hydrapple
|
|-heal|p1a: Hydrapple|87/100|[from] item: Leftovers
|-damage|p2a: Dilemma|75/100 tox|[from] psn
|upkeep
|turn|10
|
|t:|1779704554
|switch|p1a: Clefable|Clefable, F|30/100
|move|p2a: Dilemma|Play Rough|p1a: Clefable
|-damage|p1a: Clefable|0 fnt
|faint|p1a: Clefable
|
|-damage|p2a: Dilemma|51/100 tox|[from] psn
|upkeep
|
|t:|1779704565
|switch|p1a: Gliscor|Gliscor, M, tera:Water|34/100 psn
|turn|11
|
|t:|1779704569
|move|p1a: Gliscor|Protect|p1a: Gliscor
|-singleturn|p1a: Gliscor|Protect
|move|p2a: Dilemma|Horn Leech|p1a: Gliscor
|-activate|p1a: Gliscor|move: Protect
|
|-damage|p2a: Dilemma|21/100 tox|[from] psn
|-heal|p1a: Gliscor|46/100 psn|[from] ability: Poison Heal
|upkeep
|turn|12
|
|t:|1779704580
|switch|p1a: Hydrapple|Hydrapple, F|100/100
|move|p2a: Dilemma|Horn Leech|p1a: Hydrapple
|-resisted|p1a: Hydrapple
|-damage|p1a: Hydrapple|81/100
|-heal|p2a: Dilemma|32/100 tox|[from] drain|[of] p1a: Hydrapple
|
|-heal|p1a: Hydrapple|87/100|[from] item: Leftovers
|-damage|p2a: Dilemma|0 fnt|[from] psn
|faint|p2a: Dilemma
|upkeep
|
|t:|1779704591
|switch|p2a: Starting|Glimmora, F|100/100
|turn|13
|
|t:|1779704599
|move|p2a: Starting|Stealth Rock|p1a: Hydrapple
|-sidestart|p1: wuxinshushu1|move: Stealth Rock
|move|p1a: Hydrapple|Earth Power|p2a: Starting
|-supereffective|p2a: Starting
|-enditem|p2a: Starting|Focus Sash
|-damage|p2a: Starting|1/100
|
|-heal|p1a: Hydrapple|93/100|[from] item: Leftovers
|upkeep
|turn|14
|
|t:|1779704613
|move|p2a: Starting|Mortal Spin|p1a: Hydrapple
|-supereffective|p1a: Hydrapple
|-damage|p1a: Hydrapple|84/100
|-status|p1a: Hydrapple|psn
|move|p1a: Hydrapple|Giga Drain|p2a: Starting
|-damage|p2a: Starting|0 fnt
|-heal|p1a: Hydrapple|84/100 psn|[from] drain|[of] p2a: Starting
|faint|p2a: Starting
|
|-heal|p1a: Hydrapple|91/100 psn|[from] item: Leftovers
|-damage|p1a: Hydrapple|78/100 psn|[from] psn
|upkeep
|
|t:|1779704632
|switch|p2a: Schrödinger|Iron Valiant|100/100
|turn|15
|
|t:|1779704644
|switch|p1a: Slowking|Slowking-Galar, M|100/100
|-damage|p1a: Slowking|88/100|[from] Stealth Rock
|move|p2a: Schrödinger|Moonblast|p1a: Slowking
|-resisted|p1a: Slowking
|-damage|p1a: Slowking|69/100
|
|upkeep
|turn|16
|
|t:|1779704662
|-end|p2a: Schrödinger|Quark Drive|[silent]
|switch|p2a: Blade go brrrrrr|Ceruledge, M|100/100
|-prepare|p1a: Slowking|Chilly Reception|[premajor]
|move|p1a: Slowking|Chilly Reception|p1a: Slowking
|-weather|Snowscape
|
|t:|1779704670
|switch|p1a: Cinderace|Cinderace, F|100/100|[from] Chilly Reception
|
|-weather|Snowscape|[upkeep]
|upkeep
|turn|17
|
|t:|1779704679
|move|p1a: Cinderace|Court Change|p1a: Cinderace
|-start|p1a: Cinderace|typechange|Normal|[from] ability: Libero
|-swapsideconditions
|-activate|p1a: Cinderace|move: Court Change
|move|p2a: Blade go brrrrrr|Swords Dance|p2a: Blade go brrrrrr
|-boost|p2a: Blade go brrrrrr|atk|2
|
|-weather|Snowscape|[upkeep]
|upkeep
|turn|18
|
|t:|1779704691
|move|p1a: Cinderace|Sucker Punch|p2a: Blade go brrrrrr
|-supereffective|p2a: Blade go brrrrrr
|-damage|p2a: Blade go brrrrrr|36/100
|-ability|p2a: Blade go brrrrrr|Weak Armor|boost
|-unboost|p2a: Blade go brrrrrr|def|1
|-boost|p2a: Blade go brrrrrr|spe|2
|move|p2a: Blade go brrrrrr|Bitter Blade|p1a: Cinderace
|-damage|p1a: Cinderace|0 fnt
|-heal|p2a: Blade go brrrrrr|88/100|[from] drain|[of] p1a: Cinderace
|faint|p1a: Cinderace
|
|-weather|Snowscape|[upkeep]
|upkeep
|
|t:|1779704711
|switch|p1a: Alomomola|Alomomola, M|100/100
|turn|19
|
|t:|1779704718
|move|p1a: Alomomola|Aqua Jet|p2a: Blade go brrrrrr
|-supereffective|p2a: Blade go brrrrrr
|-damage|p2a: Blade go brrrrrr|42/100
|-ability|p2a: Blade go brrrrrr|Weak Armor|boost
|-unboost|p2a: Blade go brrrrrr|def|1
|-boost|p2a: Blade go brrrrrr|spe|2
|move|p2a: Blade go brrrrrr|Poltergeist|p1a: Alomomola
|-activate|p1a: Alomomola|move: Poltergeist|Rocky Helmet
|-damage|p1a: Alomomola|36/100
|
|-weather|Snowscape|[upkeep]
|upkeep
|turn|20
|
|t:|1779704730
|move|p2a: Blade go brrrrrr|Shadow Sneak|p1a: Alomomola
|-damage|p1a: Alomomola|9/100
|-damage|p2a: Blade go brrrrrr|25/100|[from] item: Rocky Helmet|[of] p1a: Alomomola
|move|p1a: Alomomola|Aqua Jet|p2a: Blade go brrrrrr
|-supereffective|p2a: Blade go brrrrrr
|-damage|p2a: Blade go brrrrrr|0 fnt
|faint|p2a: Blade go brrrrrr
|
|-weather|none
|upkeep
|inactive|Battle timer is ON: inactive players will automatically lose when time's up. (requested by wuxinshushu1)
|
|t:|1779704745
|switch|p2a: Raging Boner|Raging Bolt, tera:Electric|100/100
|-damage|p2a: Raging Boner|88/100|[from] Stealth Rock
|turn|21
|
|t:|1779704757
|switch|p1a: Gliscor|Gliscor, M, tera:Water|46/100 psn
|move|p2a: Raging Boner|Volt Switch|p1a: Gliscor
|-supereffective|p1a: Gliscor
|-damage|p1a: Gliscor|0 fnt
|faint|p1a: Gliscor
|
|t:|1779704764
|-end|p2a: Raging Boner|Protosynthesis|[silent]
|switch|p2a: Gambit|Kingambit, F|100/100|[from] Volt Switch
|-damage|p2a: Gambit|94/100|[from] Stealth Rock
|-activate|p2a: Gambit|ability: Supreme Overlord
|-start|p2a: Gambit|fallen3|[silent]
|
|-heal|p2a: Gambit|100/100|[from] item: Leftovers
|upkeep
|
|t:|1779704776
|switch|p1a: Slowking|Slowking-Galar, M|100/100
|turn|22
|
|t:|1779704781
|move|p2a: Gambit|Swords Dance|p2a: Gambit
|-boost|p2a: Gambit|atk|2
|move|p1a: Slowking|Flamethrower|p2a: Gambit
|-supereffective|p2a: Gambit
|-damage|p2a: Gambit|22/100
|-damage|p1a: Slowking|91/100|[from] item: Life Orb
|
|-heal|p2a: Gambit|28/100|[from] item: Leftovers
|upkeep
|turn|23
|
|t:|1779704796
|move|p2a: Gambit|Kowtow Cleave|p1a: Slowking
|-supereffective|p1a: Slowking
|-damage|p1a: Slowking|0 fnt
|faint|p1a: Slowking
|
|-heal|p2a: Gambit|34/100|[from] item: Leftovers
|upkeep
|
|t:|1779704805
|switch|p1a: Hydrapple|Hydrapple, F|100/100 psn
|turn|24
|
|t:|1779704811
|move|p1a: Hydrapple|Earth Power|p2a: Gambit
|-supereffective|p2a: Gambit
|-damage|p2a: Gambit|0 fnt
|faint|p2a: Gambit
|-end|p2a: Gambit|fallen3|[silent]
|
|-damage|p1a: Hydrapple|88/100 psn|[from] psn
|upkeep
|
|t:|1779704815
|switch|p2a: Schrödinger|Iron Valiant|100/100
|-damage|p2a: Schrödinger|94/100|[from] Stealth Rock
|turn|25
|
|t:|1779704825
|move|p2a: Schrödinger|Moonblast|p1a: Hydrapple
|-supereffective|p1a: Hydrapple
|-damage|p1a: Hydrapple|0 fnt
|faint|p1a: Hydrapple
|
|upkeep
|
|t:|1779704831
|switch|p1a: Alomomola|Alomomola, M|42/100
|turn|26
|n|!baller salsa|ballersalsa
|-message|wuxinshushu1 forfeited.
|
|win|baller salsa
|raw|wuxinshushu1's rating: 1381 &rarr; <strong>1363</strong><br />(-18 for losing)
|raw|baller salsa's rating: 1414 &rarr; <strong>1432</strong><br />(+18 for winning)
|l|☆wuxinshushu1
|player|p1|
