|j|☆eros maniac
|j|☆choispecs ironmoth
|t:|1779612019
|gametype|singles
|player|p1|eros maniac|hilbert-wonderlauncher|1695
|player|p2|choispecs ironmoth|lucas|1658
|gen|9
|tier|[Gen 9] OU
|rated|
|rule|HP Percentage Mod: HP is shown in percentages
|rule|Endless Battle Clause: Forcing endless battles is banned
|rule|Species Clause: Limit one of each Pokémon
|rule|OHKO Clause: OHKO moves are banned
|rule|Evasion Items Clause: Evasion items are banned
|rule|Evasion Moves Clause: Evasion moves are banned
|rule|Evasion Abilities Clause: Evasion abilities are banned
|rule|Sleep Moves Clause: Sleep-inducing moves are banned
|clearpoke
|poke|p1|Frosmoth, F|
|poke|p1|Maushold-Four|
|poke|p1|Okidogi, M|
|poke|p1|Sinistcha|
|poke|p1|Alomomola, F|
|poke|p1|Weezing-Galar, F|
|poke|p2|Kyurem|
|poke|p2|Cinderace, M|
|poke|p2|Kingambit, F|
|poke|p2|Landorus-Therian, M|
|poke|p2|Iron Valiant|
|poke|p2|Slowking-Galar, F|
|teampreview
|inactive|Battle timer is ON: inactive players will automatically lose when time's up. (requested by eros maniac)
|
|t:|1779612024
|teamsize|p1|6
|teamsize|p2|6
|start
|switch|p1a: Frosmoth|Frosmoth, F, shiny|100/100
|switch|p2a: Landorus|Landorus-Therian, M|100/100
|-ability|p2a: Landorus|Intimidate|boost
|-unboost|p1a: Frosmoth|atk|1
|turn|1
|
|t:|1779612026
|switch|p1a: Alomomola|Alomomola, F, shiny|100/100
|move|p2a: Landorus|Rock Tomb|p1a: Alomomola
|-damage|p1a: Alomomola|88/100
|-unboost|p1a: Alomomola|spe|1
|
|upkeep
|turn|2
|
|t:|1779612031
|move|p2a: Landorus|U-turn|p1a: Alomomola
|-damage|p1a: Alomomola|73/100
|-damage|p2a: Landorus|84/100|[from] item: Rocky Helmet|[of] p1a: Alomomola
|
|t:|1779612033
|switch|p2a: Slowking|Slowking-Galar, F|100/100|[from] U-turn
|move|p1a: Alomomola|Flip Turn|p2a: Slowking
|-damage|p2a: Slowking|82/100
|
|t:|1779612038
|switch|p1a: Frosmoth|Frosmoth, F, shiny|100/100|[from] Flip Turn
|
|upkeep
|turn|3
|
|t:|1779612043
|move|p1a: Frosmoth|Substitute|p1a: Frosmoth
|-start|p1a: Frosmoth|Substitute
|-damage|p1a: Frosmoth|75/100
|move|p2a: Slowking|Thunder Wave||[still]
|-fail|p2a: Slowking
|
|-heal|p1a: Frosmoth|82/100|[from] item: Leftovers
|upkeep
|turn|4
|
|t:|1779612048
|move|p1a: Frosmoth|Quiver Dance|p1a: Frosmoth
|-boost|p1a: Frosmoth|spa|1
|-boost|p1a: Frosmoth|spd|1
|-boost|p1a: Frosmoth|spe|1
|move|p2a: Slowking|Sludge Bomb|p1a: Frosmoth
|-activate|p1a: Frosmoth|move: Substitute|[damage]
|
|-heal|p1a: Frosmoth|88/100|[from] item: Leftovers
|upkeep
|turn|5
|
|t:|1779612052
|move|p1a: Frosmoth|Quiver Dance|p1a: Frosmoth
|-boost|p1a: Frosmoth|spa|1
|-boost|p1a: Frosmoth|spd|1
|-boost|p1a: Frosmoth|spe|1
|move|p2a: Slowking|Sludge Bomb|p1a: Frosmoth
|-activate|p1a: Frosmoth|move: Substitute|[damage]
|
|-heal|p1a: Frosmoth|94/100|[from] item: Leftovers
|upkeep
|turn|6
|
|t:|1779612060
|switch|p2a: Iron Valiant|Iron Valiant|100/100
|-enditem|p2a: Iron Valiant|Booster Energy
|-activate|p2a: Iron Valiant|ability: Quark Drive|[fromitem]
|-start|p2a: Iron Valiant|quarkdrivespe
|move|p1a: Frosmoth|Quiver Dance|p1a: Frosmoth
|-boost|p1a: Frosmoth|spa|1
|-boost|p1a: Frosmoth|spd|1
|-boost|p1a: Frosmoth|spe|1
|
|-heal|p1a: Frosmoth|99/100|[from] item: Leftovers
|upkeep
|turn|7
|
|t:|1779612068
|-terastallize|p2a: Iron Valiant|Ghost
|move|p2a: Iron Valiant|Encore|p1a: Frosmoth
|-start|p1a: Frosmoth|Encore
|move|p1a: Frosmoth|Quiver Dance|p1a: Frosmoth
|-boost|p1a: Frosmoth|spa|1
|-boost|p1a: Frosmoth|spd|1
|-boost|p1a: Frosmoth|spe|1
|
|-heal|p1a: Frosmoth|100/100|[from] item: Leftovers
|upkeep
|turn|8
|
|t:|1779612073
|-end|p2a: Iron Valiant|Quark Drive|[silent]
|switch|p2a: Kingambit|Kingambit, F|100/100
|move|p1a: Frosmoth|Quiver Dance|p1a: Frosmoth
|-boost|p1a: Frosmoth|spa|1
|-boost|p1a: Frosmoth|spd|1
|-boost|p1a: Frosmoth|spe|1
|
|upkeep
|turn|9
|
|t:|1779612075
|move|p1a: Frosmoth|Quiver Dance|p1a: Frosmoth
|-boost|p1a: Frosmoth|spa|1
|-boost|p1a: Frosmoth|spd|1
|-boost|p1a: Frosmoth|spe|1
|move|p2a: Kingambit|Kowtow Cleave|p1a: Frosmoth
|-end|p1a: Frosmoth|Substitute
|
|-end|p1a: Frosmoth|Encore
|upkeep
|turn|10
|
|t:|1779612080
|move|p1a: Frosmoth|Bug Buzz|p2a: Kingambit
|-damage|p2a: Kingambit|0 fnt
|faint|p2a: Kingambit
|-end|p2a: Kingambit|fallenundefined|[silent]
|
|upkeep
|
|t:|1779612088
|switch|p2a: Cinderace|Cinderace, M|100/100
|turn|11
|
|t:|1779612091
|switch|p1a: Alomomola|Alomomola, F, shiny|100/100
|move|p2a: Cinderace|Pyro Ball|p1a: Alomomola|[miss]
|-miss|p2a: Cinderace|p1a: Alomomola
|
|upkeep
|turn|12
|
|t:|1779612094
|move|p2a: Cinderace|U-turn|p1a: Alomomola
|-start|p2a: Cinderace|typechange|Bug|[from] ability: Libero
|-damage|p1a: Alomomola|78/100
|-damage|p2a: Cinderace|84/100|[from] item: Rocky Helmet|[of] p1a: Alomomola
|
|t:|1779612097
|switch|p2a: Slowking|Slowking-Galar, F|100/100|[from] U-turn
|move|p1a: Alomomola|Flip Turn|p2a: Slowking
|-damage|p2a: Slowking|84/100
|
|t:|1779612101
|switch|p1a: Frosmoth|Frosmoth, F, shiny|100/100|[from] Flip Turn
|
|upkeep
|turn|13
|
|t:|1779612104
|move|p1a: Frosmoth|Substitute|p1a: Frosmoth
|-start|p1a: Frosmoth|Substitute
|-damage|p1a: Frosmoth|75/100
|move|p2a: Slowking|Sludge Bomb|p1a: Frosmoth
|-activate|p1a: Frosmoth|move: Substitute|[damage]
|
|-heal|p1a: Frosmoth|82/100|[from] item: Leftovers
|upkeep
|turn|14
|
|t:|1779612108
|move|p1a: Frosmoth|Quiver Dance|p1a: Frosmoth
|-boost|p1a: Frosmoth|spa|1
|-boost|p1a: Frosmoth|spd|1
|-boost|p1a: Frosmoth|spe|1
|-prepare|p2a: Slowking|Chilly Reception|[premajor]
|move|p2a: Slowking|Chilly Reception|p2a: Slowking
|-weather|Snowscape
|
|t:|1779612110
|switch|p2a: Iron Valiant|Iron Valiant, tera:Ghost|100/100|[from] Chilly Reception
|
|-weather|Snowscape|[upkeep]
|-heal|p1a: Frosmoth|88/100|[from] item: Leftovers
|upkeep
|turn|15
|
|t:|1779612114
|move|p2a: Iron Valiant|Encore|p1a: Frosmoth
|-start|p1a: Frosmoth|Encore
|move|p1a: Frosmoth|Quiver Dance|p1a: Frosmoth
|-boost|p1a: Frosmoth|spa|1
|-boost|p1a: Frosmoth|spd|1
|-boost|p1a: Frosmoth|spe|1
|
|-weather|Snowscape|[upkeep]
|-heal|p1a: Frosmoth|94/100|[from] item: Leftovers
|upkeep
|turn|16
|
|t:|1779612118
|-end|p2a: Iron Valiant|Quark Drive|[silent]
|switch|p2a: Landorus|Landorus-Therian, M|84/100
|-ability|p2a: Landorus|Intimidate|boost
|-immune|p1a: Frosmoth
|move|p1a: Frosmoth|Quiver Dance|p1a: Frosmoth
|-boost|p1a: Frosmoth|spa|1
|-boost|p1a: Frosmoth|spd|1
|-boost|p1a: Frosmoth|spe|1
|
|-weather|Snowscape|[upkeep]
|-heal|p1a: Frosmoth|99/100|[from] item: Leftovers
|upkeep
|turn|17
|
|t:|1779612120
|move|p1a: Frosmoth|Quiver Dance|p1a: Frosmoth
|-boost|p1a: Frosmoth|spa|1
|-boost|p1a: Frosmoth|spd|1
|-boost|p1a: Frosmoth|spe|1
|move|p2a: Landorus|Earthquake|p1a: Frosmoth
|-resisted|p1a: Frosmoth
|-end|p1a: Frosmoth|Substitute
|
|-weather|Snowscape|[upkeep]
|-heal|p1a: Frosmoth|100/100|[from] item: Leftovers
|-end|p1a: Frosmoth|Encore
|upkeep
|turn|18
|
|t:|1779612124
|move|p1a: Frosmoth|Ice Beam|p2a: Landorus
|-supereffective|p2a: Landorus
|-damage|p2a: Landorus|0 fnt
|faint|p2a: Landorus
|
|-weather|none
|upkeep
|-message|choispecs ironmoth forfeited.
|
|win|eros maniac
|raw|eros maniac's rating: 1695 &rarr; <strong>1713</strong><br />(+18 for winning)
|raw|choispecs ironmoth's rating: 1658 &rarr; <strong>1640</strong><br />(-18 for losing)
|l|☆choispecs ironmoth
|player|p2|
|l|☆eros maniac
|player|p1|
