|j|☆ghostoftheranch
|j|☆shams713
|t:|1779573785
|gametype|singles
|player|p1|ghostoftheranch|medium|1595
|player|p2|shams713|266|1592
|gen|9
|tier|[Gen 9] OU
|rated|
|rule|HP Percentage Mod: HP is shown in percentages
|rule|Endless Battle Clause: Forcing endless battles is banned
|rule|Species Clause: Limit one of each Pokémon
|rule|OHKO Clause: OHKO moves are banned
|rule|Evasion Items Clause: Evasion items are banned
|rule|Evasion Moves Clause: Evasion moves are banned
|rule|Evasion Abilities Clause: Evasion abilities are banned
|rule|Sleep Moves Clause: Sleep-inducing moves are banned
|clearpoke
|poke|p1|Cramorant, M|
|poke|p1|Gallade, M|
|poke|p1|Kingambit, M|
|poke|p1|Iron Moth|
|poke|p1|Enamorus, F|
|poke|p1|Ogerpon-Cornerstone, F|
|poke|p2|Pelipper, F|
|poke|p2|Raging Bolt|
|poke|p2|Overqwil, F|
|poke|p2|Barraskewda, M|
|poke|p2|Iron Treads|
|poke|p2|Kingambit, M|
|teampreview
|c|☆shams713|oh snap da bird
|inactive|Battle timer is ON: inactive players will automatically lose when time's up. (requested by shams713)
|
|t:|1779573822
|teamsize|p1|6
|teamsize|p2|6
|start
|switch|p1a: Cramorant|Cramorant, M|100/100
|switch|p2a: Pelipper|Pelipper, F|100/100
|-weather|RainDance|[from] ability: Drizzle|[of] p2a: Pelipper
|turn|1
|c|☆ghostoftheranch|here he is
|
|t:|1779573836
|move|p1a: Cramorant|Tailwind|p1a: Cramorant
|-sidestart|p1: ghostoftheranch|move: Tailwind
|move|p2a: Pelipper|U-turn|p1a: Cramorant
|-resisted|p1a: Cramorant
|-damage|p1a: Cramorant|91/100
|
|t:|1779573846
|switch|p2a: Overqwil|Overqwil, F|100/100|[from] U-turn
|
|-weather|RainDance|[upkeep]
|upkeep
|turn|2
|
|t:|1779573854
|move|p1a: Cramorant|Surf|p2a: Overqwil
|-formechange|p1a: Cramorant|Cramorant-Gulping|
|-damage|p2a: Overqwil|4/100
|move|p2a: Overqwil|Gunk Shot|p1a: Cramorant|[miss]
|-miss|p2a: Overqwil|p1a: Cramorant
|
|-weather|RainDance|[upkeep]
|upkeep
|turn|3
|
|t:|1779573866
|switch|p2a: Raging Bolt|Raging Bolt|100/100
|-enditem|p2a: Raging Bolt|Booster Energy
|-activate|p2a: Raging Bolt|ability: Protosynthesis|[fromitem]
|-start|p2a: Raging Bolt|protosynthesisspa
|move|p1a: Cramorant|Surf|p2a: Raging Bolt
|-resisted|p2a: Raging Bolt
|-damage|p2a: Raging Bolt|74/100
|
|-weather|RainDance|[upkeep]
|upkeep
|turn|4
|
|t:|1779573876
|-terastallize|p1a: Cramorant|Ground
|move|p1a: Cramorant|Surf|p2a: Raging Bolt
|-resisted|p2a: Raging Bolt
|-damage|p2a: Raging Bolt|50/100
|move|p2a: Raging Bolt|Thunder|p1a: Cramorant
|-immune|p1a: Cramorant
|
|-weather|RainDance|[upkeep]
|-sideend|p1: ghostoftheranch|move: Tailwind
|upkeep
|turn|5
|c|☆shams713|im finished
|
|t:|1779573887
|move|p1a: Cramorant|Tailwind|p1a: Cramorant
|-sidestart|p1: ghostoftheranch|move: Tailwind
|move|p2a: Raging Bolt|Weather Ball|p1a: Cramorant
|-supereffective|p1a: Cramorant
|-damage|p1a: Cramorant|0 fnt
|-damage|p2a: Raging Bolt|25/100|[from] ability: Gulp Missile|[of] p1a: Cramorant
|-unboost|p2a: Raging Bolt|def|1
|-formechange|p1a: Cramorant|Cramorant|
|faint|p1a: Cramorant
|
|-weather|RainDance|[upkeep]
|upkeep
|inactive|ghostoftheranch has 120 seconds left.
|
|t:|1779573926
|switch|p1a: Kingambit|Kingambit, M|100/100
|-activate|p1a: Kingambit|ability: Supreme Overlord
|-start|p1a: Kingambit|fallen1|[silent]
|turn|6
|
|t:|1779573940
|-end|p2a: Raging Bolt|Protosynthesis|[silent]
|switch|p2a: Overqwil|Overqwil, F|4/100
|move|p1a: Kingambit|Swords Dance|p1a: Kingambit
|-boost|p1a: Kingambit|atk|2
|
|-weather|RainDance|[upkeep]
|upkeep
|turn|7
|
|t:|1779573944
|move|p1a: Kingambit|Sucker Punch||[still]
|-fail|p1a: Kingambit
|move|p2a: Overqwil|Swords Dance|p2a: Overqwil
|-boost|p2a: Overqwil|atk|2
|
|-weather|RainDance|[upkeep]
|upkeep
|turn|8
|
|t:|1779573947
|move|p1a: Kingambit|Sucker Punch|p2a: Overqwil
|-resisted|p2a: Overqwil
|-damage|p2a: Overqwil|0 fnt
|faint|p2a: Overqwil
|-damage|p1a: Kingambit|91/100|[from] item: Life Orb
|
|-weather|none
|-sideend|p1: ghostoftheranch|move: Tailwind
|upkeep
|
|t:|1779573950
|switch|p2a: Pelipper|Pelipper, F|100/100
|-weather|RainDance|[from] ability: Drizzle|[of] p2a: Pelipper
|turn|9
|
|t:|1779573959
|switch|p2a: Raging Bolt|Raging Bolt|25/100
|move|p1a: Kingambit|Iron Head|p2a: Raging Bolt
|-resisted|p2a: Raging Bolt
|-damage|p2a: Raging Bolt|0 fnt
|faint|p2a: Raging Bolt
|-end|p2a: Raging Bolt|Protosynthesis|[silent]
|-damage|p1a: Kingambit|81/100|[from] item: Life Orb
|
|-weather|RainDance|[upkeep]
|upkeep
|
|t:|1779573962
|switch|p2a: Barraskewda|Barraskewda, M|100/100
|turn|10
|
|t:|1779573976
|-end|p1a: Kingambit|fallen1|[silent]
|switch|p1a: Iron Moth|Iron Moth|100/100
|-enditem|p1a: Iron Moth|Booster Energy
|-activate|p1a: Iron Moth|ability: Quark Drive|[fromitem]
|-start|p1a: Iron Moth|quarkdrivespe
|-terastallize|p2a: Barraskewda|Water
|move|p2a: Barraskewda|Aqua Jet|p1a: Iron Moth
|-supereffective|p1a: Iron Moth
|-damage|p1a: Iron Moth|0 fnt
|faint|p1a: Iron Moth
|-end|p1a: Iron Moth|Quark Drive|[silent]
|
|-weather|RainDance|[upkeep]
|upkeep
|
|t:|1779573993
|switch|p1a: Gallade|Gallade, M|100/100
|turn|11
|
|t:|1779574000
|switch|p2a: Iron Treads|Iron Treads|100/100
|-enditem|p2a: Iron Treads|Booster Energy
|-activate|p2a: Iron Treads|ability: Quark Drive|[fromitem]
|-start|p2a: Iron Treads|quarkdrivespe
|move|p1a: Gallade|Sacred Sword|p2a: Iron Treads
|-supereffective|p2a: Iron Treads
|-damage|p2a: Iron Treads|0 fnt
|faint|p2a: Iron Treads
|-end|p2a: Iron Treads|Quark Drive|[silent]
|
|-weather|RainDance|[upkeep]
|upkeep
|
|t:|1779574005
|switch|p2a: Barraskewda|Barraskewda, M, tera:Water|100/100
|turn|12
|
|t:|1779574009
|move|p2a: Barraskewda|Flip Turn|p1a: Gallade
|-enditem|p1a: Gallade|Focus Sash
|-damage|p1a: Gallade|1/100
|
|t:|1779574013
|switch|p2a: Pelipper|Pelipper, F|100/100|[from] Flip Turn
|move|p1a: Gallade|Sacred Sword|p2a: Pelipper
|-resisted|p2a: Pelipper
|-damage|p2a: Pelipper|77/100
|
|-weather|RainDance|[upkeep]
|upkeep
|turn|13
|
|t:|1779574018
|move|p1a: Gallade|Psycho Cut|p2a: Pelipper
|-crit|p2a: Pelipper
|-damage|p2a: Pelipper|14/100
|move|p2a: Pelipper|U-turn|p1a: Gallade
|-damage|p1a: Gallade|0 fnt
|faint|p1a: Gallade
|
|t:|1779574024
|switch|p2a: Barraskewda|Barraskewda, M, tera:Water|100/100|[from] U-turn
|
|-weather|RainDance|[upkeep]
|upkeep
|
|t:|1779574039
|switch|p1a: Ogerpon|Ogerpon-Cornerstone, F|100/100
|turn|14
|inactive|ghostoftheranch has 120 seconds left.
|
|t:|1779574079
|move|p2a: Barraskewda|Flip Turn|p1a: Ogerpon
|-ability|p1a: Ogerpon|Sturdy
|-damage|p1a: Ogerpon|1/100
|
|t:|1779574083
|switch|p2a: Kingambit|Kingambit, M|100/100|[from] Flip Turn
|-activate|p2a: Kingambit|ability: Supreme Overlord
|-start|p2a: Kingambit|fallen3|[silent]
|move|p1a: Ogerpon|Trailblaze|p2a: Kingambit
|-resisted|p2a: Kingambit
|-damage|p2a: Kingambit|90/100
|-boost|p1a: Ogerpon|spe|1
|
|-weather|RainDance|[upkeep]
|-heal|p2a: Kingambit|96/100|[from] item: Leftovers
|upkeep
|turn|15
|inactive|ghostoftheranch has 120 seconds left.
|inactive|shams713 has 120 seconds left.
|inactive|shams713 has 90 seconds left.
|
|t:|1779574147
|switch|p1a: Kingambit|Kingambit, M|81/100
|-activate|p1a: Kingambit|ability: Supreme Overlord
|-start|p1a: Kingambit|fallen3|[silent]
|move|p2a: Kingambit|Iron Head|p1a: Kingambit
|-resisted|p1a: Kingambit
|-damage|p1a: Kingambit|52/100
|
|-weather|RainDance|[upkeep]
|-heal|p2a: Kingambit|100/100|[from] item: Leftovers
|upkeep
|turn|16
|inactive|shams713 has 90 seconds left.
|
|t:|1779574176
|-end|p2a: Kingambit|fallen3|[silent]
|switch|p2a: Barraskewda|Barraskewda, M, tera:Water|100/100
|move|p1a: Kingambit|Low Kick|p2a: Barraskewda
|-damage|p2a: Barraskewda|23/100
|-damage|p1a: Kingambit|42/100|[from] item: Life Orb
|
|-weather|none
|upkeep
|turn|17
|
|t:|1779574195
|switch|p2a: Pelipper|Pelipper, F|14/100
|-weather|RainDance|[from] ability: Drizzle|[of] p2a: Pelipper
|move|p1a: Kingambit|Sucker Punch||[still]
|-fail|p1a: Kingambit
|
|-weather|RainDance|[upkeep]
|upkeep
|turn|18
|
|t:|1779574210
|move|p1a: Kingambit|Sucker Punch|p2a: Pelipper
|-damage|p2a: Pelipper|0 fnt
|faint|p2a: Pelipper
|-damage|p1a: Kingambit|32/100|[from] item: Life Orb
|
|-weather|RainDance|[upkeep]
|upkeep
|
|t:|1779574213
|switch|p2a: Barraskewda|Barraskewda, M, tera:Water|23/100
|turn|19
|
|t:|1779574235
|-end|p1a: Kingambit|fallen3|[silent]
|switch|p1a: Ogerpon|Ogerpon-Cornerstone, F|1/100
|move|p2a: Barraskewda|Aqua Jet|p1a: Ogerpon
|-damage|p1a: Ogerpon|0 fnt
|faint|p1a: Ogerpon
|
|-weather|RainDance|[upkeep]
|upkeep
|
|t:|1779574243
|switch|p1a: Enamorus|Enamorus, F|100/100
|turn|20
|
|t:|1779574250
|move|p2a: Barraskewda|Aqua Jet|p1a: Enamorus
|-enditem|p1a: Enamorus|Focus Sash
|-damage|p1a: Enamorus|1/100
|move|p1a: Enamorus|Moonblast|p2a: Barraskewda
|-damage|p2a: Barraskewda|0 fnt
|faint|p2a: Barraskewda
|
|-weather|RainDance|[upkeep]
|upkeep
|
|t:|1779574255
|switch|p2a: Kingambit|Kingambit, M|100/100
|-activate|p2a: Kingambit|ability: Supreme Overlord
|-start|p2a: Kingambit|fallen5|[silent]
|turn|21
|
|t:|1779574271
|move|p2a: Kingambit|Sucker Punch||[still]
|-fail|p2a: Kingambit
|move|p1a: Enamorus|Healing Wish|p1a: Enamorus
|faint|p1a: Enamorus
|
|-weather|RainDance|[upkeep]
|upkeep
|
|t:|1779574273
|switch|p1a: Kingambit|Kingambit, M|32/100
|-heal|p1a: Kingambit|100/100|[from] move: Healing Wish
|-activate|p1a: Kingambit|ability: Supreme Overlord
|-start|p1a: Kingambit|fallen5|[silent]
|turn|22
|c|☆shams713|why did i think i could handle a team
|c|☆shams713|damn gg
|
|t:|1779574282
|move|p1a: Kingambit|Low Kick|p2a: Kingambit
|-supereffective|p2a: Kingambit
|-damage|p2a: Kingambit|0 fnt
|faint|p2a: Kingambit
|-end|p2a: Kingambit|fallen5|[silent]
|-damage|p1a: Kingambit|91/100|[from] item: Life Orb
|
|win|ghostoftheranch
|raw|ghostoftheranch's rating: 1595 &rarr; <strong>1615</strong><br />(+20 for winning)
|raw|shams713's rating: 1592 &rarr; <strong>1572</strong><br />(-20 for losing)
|c|☆ghostoftheranch|gg
|l|☆shams713
|player|p2|
|l|☆ghostoftheranch
|player|p1|
