|j|☆acediawa
|j|☆yueeeem
|t:|1779598949
|gametype|singles
|player|p1|acediawa|backersf|1351
|player|p2|yueeeem|nurse|1465
|gen|9
|tier|[Gen 9] OU
|rated|
|rule|HP Percentage Mod: HP is shown in percentages
|rule|Endless Battle Clause: Forcing endless battles is banned
|rule|Species Clause: Limit one of each Pokémon
|rule|OHKO Clause: OHKO moves are banned
|rule|Evasion Items Clause: Evasion items are banned
|rule|Evasion Moves Clause: Evasion moves are banned
|rule|Evasion Abilities Clause: Evasion abilities are banned
|rule|Sleep Moves Clause: Sleep-inducing moves are banned
|clearpoke
|poke|p1|Kyurem|
|poke|p1|Corviknight, F|
|poke|p1|Ting-Lu|
|poke|p1|Dondozo, F|
|poke|p1|Slowking-Galar, M|
|poke|p1|Cinderace, F|
|poke|p2|Braviary-Hisui, M|
|poke|p2|Pelipper, F|
|poke|p2|Iron Treads|
|poke|p2|Basculegion, M|
|poke|p2|Raging Bolt|
|poke|p2|Kingambit, F|
|teampreview
|inactive|Battle timer is ON: inactive players will automatically lose when time's up. (requested by acediawa)
|
|t:|1779598966
|teamsize|p1|6
|teamsize|p2|6
|start
|switch|p1a: Kyurem|Kyurem|100/100
|switch|p2a: Iron Treads|Iron Treads|100/100
|-ability|p1a: Kyurem|Pressure
|-enditem|p2a: Iron Treads|Booster Energy
|-activate|p2a: Iron Treads|ability: Quark Drive|[fromitem]
|-start|p2a: Iron Treads|quarkdrivespe
|turn|1
|
|t:|1779598975
|-terastallize|p2a: Iron Treads|Ghost
|move|p2a: Iron Treads|Iron Head|p1a: Kyurem
|-supereffective|p1a: Kyurem
|-damage|p1a: Kyurem|38/100
|move|p1a: Kyurem|Earth Power|p2a: Iron Treads
|-damage|p2a: Iron Treads|62/100
|
|-heal|p1a: Kyurem|44/100|[from] item: Leftovers
|upkeep
|turn|2
|
|t:|1779598990
|switch|p1a: Dondozo|Dondozo, F|100/100
|move|p2a: Iron Treads|Earthquake|p1a: Dondozo
|-damage|p1a: Dondozo|81/100
|
|-heal|p1a: Dondozo|88/100|[from] item: Leftovers
|upkeep
|turn|3
|
|t:|1779598996
|-end|p2a: Iron Treads|Quark Drive|[silent]
|switch|p2a: Pelipper|Pelipper, F|100/100
|-weather|RainDance|[from] ability: Drizzle|[of] p2a: Pelipper
|move|p1a: Dondozo|Waterfall|p2a: Pelipper
|-resisted|p2a: Pelipper
|-damage|p2a: Pelipper|83/100
|
|-weather|RainDance|[upkeep]
|-heal|p1a: Dondozo|94/100|[from] item: Leftovers
|upkeep
|turn|4
|
|t:|1779599002
|switch|p1a: Slowking|Slowking-Galar, M|100/100
|move|p2a: Pelipper|Hurricane|p1a: Slowking
|-damage|p1a: Slowking|79/100
|-start|p1a: Slowking|confusion
|
|-weather|RainDance|[upkeep]
|upkeep
|turn|5
|
|t:|1779599010
|move|p2a: Pelipper|U-turn|p1a: Slowking
|-damage|p1a: Slowking|71/100
|
|t:|1779599014
|switch|p2a: Iron Treads|Iron Treads, tera:Ghost|62/100|[from] U-turn
|-activate|p1a: Slowking|confusion
|-damage|p1a: Slowking|65/100|[from] confusion
|
|-weather|RainDance|[upkeep]
|upkeep
|turn|6
|
|t:|1779599020
|-end|p2a: Iron Treads|Quark Drive|[silent]
|switch|p2a: Basculegion|Basculegion, M|100/100
|switch|p1a: Dondozo|Dondozo, F|94/100
|
|-weather|RainDance|[upkeep]
|-heal|p1a: Dondozo|99/100|[from] item: Leftovers
|upkeep
|turn|7
|
|t:|1779599025
|move|p2a: Basculegion|Flip Turn|p1a: Dondozo
|-resisted|p1a: Dondozo
|-damage|p1a: Dondozo|84/100
|
|t:|1779599029
|switch|p2a: Pelipper|Pelipper, F|83/100|[from] Flip Turn
|move|p1a: Dondozo|Curse|p1a: Dondozo
|-unboost|p1a: Dondozo|spe|1
|-boost|p1a: Dondozo|atk|1
|-boost|p1a: Dondozo|def|1
|
|-weather|RainDance|[upkeep]
|-heal|p1a: Dondozo|90/100|[from] item: Leftovers
|upkeep
|turn|8
|
|t:|1779599037
|move|p2a: Pelipper|Hurricane|p1a: Dondozo
|-damage|p1a: Dondozo|57/100
|move|p1a: Dondozo|Curse|p1a: Dondozo
|-unboost|p1a: Dondozo|spe|1
|-boost|p1a: Dondozo|atk|1
|-boost|p1a: Dondozo|def|1
|
|-weather|RainDance|[upkeep]
|-heal|p1a: Dondozo|63/100|[from] item: Leftovers
|upkeep
|turn|9
|
|t:|1779599047
|move|p2a: Pelipper|Hurricane|p1a: Dondozo
|-damage|p1a: Dondozo|29/100
|move|p1a: Dondozo|Curse|p1a: Dondozo
|-unboost|p1a: Dondozo|spe|1
|-boost|p1a: Dondozo|atk|1
|-boost|p1a: Dondozo|def|1
|
|-weather|RainDance|[upkeep]
|-heal|p1a: Dondozo|35/100|[from] item: Leftovers
|upkeep
|turn|10
|
|t:|1779599055
|move|p2a: Pelipper|Hurricane|p1a: Dondozo
|-damage|p1a: Dondozo|1/100
|-start|p1a: Dondozo|confusion
|-activate|p1a: Dondozo|confusion
|-damage|p1a: Dondozo|0 fnt|[from] confusion
|faint|p1a: Dondozo
|
|-weather|none
|upkeep
|
|t:|1779599060
|switch|p1a: Kyurem|Kyurem|44/100
|-ability|p1a: Kyurem|Pressure
|turn|11
|
|t:|1779599063
|switch|p2a: Iron Treads|Iron Treads, tera:Ghost|62/100
|move|p1a: Kyurem|Freeze-Dry|p2a: Iron Treads
|-damage|p2a: Iron Treads|20/100
|
|-heal|p1a: Kyurem|50/100|[from] item: Leftovers
|upkeep
|turn|12
|
|t:|1779599071
|-end|p2a: Iron Treads|Quark Drive|[silent]
|switch|p2a: Pelipper|Pelipper, F|83/100
|-weather|RainDance|[from] ability: Drizzle|[of] p2a: Pelipper
|move|p1a: Kyurem|Protect||[still]
|-fail|p1a: Kyurem
|
|-weather|RainDance|[upkeep]
|-heal|p1a: Kyurem|56/100|[from] item: Leftovers
|upkeep
|turn|13
|
|t:|1779599079
|switch|p2a: Kingambit|Kingambit, F|100/100
|-item|p2a: Kingambit|Air Balloon
|move|p1a: Kyurem|Freeze-Dry|p2a: Kingambit
|-resisted|p2a: Kingambit
|-damage|p2a: Kingambit|82/100
|-enditem|p2a: Kingambit|Air Balloon
|
|-weather|RainDance|[upkeep]
|-heal|p1a: Kyurem|62/100|[from] item: Leftovers
|upkeep
|turn|14
|
|t:|1779599084
|move|p1a: Kyurem|Protect|p1a: Kyurem
|-singleturn|p1a: Kyurem|Protect
|move|p2a: Kingambit|Low Kick|p1a: Kyurem
|-activate|p1a: Kyurem|move: Protect
|
|-weather|RainDance|[upkeep]
|-heal|p1a: Kyurem|69/100|[from] item: Leftovers
|upkeep
|turn|15
|
|t:|1779599088
|switch|p1a: Corviknight|Corviknight, F|100/100
|-ability|p1a: Corviknight|Pressure
|move|p2a: Kingambit|Low Kick|p1a: Corviknight
|-crit|p1a: Corviknight
|-damage|p1a: Corviknight|76/100
|-damage|p2a: Kingambit|66/100|[from] item: Rocky Helmet|[of] p1a: Corviknight
|
|-weather|RainDance|[upkeep]
|upkeep
|turn|16
|
|t:|1779599094
|-end|p2a: Kingambit|fallenundefined|[silent]
|switch|p2a: Basculegion|Basculegion, M|100/100
|move|p1a: Corviknight|U-turn|p2a: Basculegion
|-resisted|p2a: Basculegion
|-damage|p2a: Basculegion|92/100
|
|t:|1779599107
|switch|p1a: Kyurem|Kyurem|69/100|[from] U-turn
|-ability|p1a: Kyurem|Pressure
|
|-weather|RainDance|[upkeep]
|-heal|p1a: Kyurem|75/100|[from] item: Leftovers
|upkeep
|turn|17
|
|t:|1779599122
|move|p1a: Kyurem|Protect|p1a: Kyurem
|-singleturn|p1a: Kyurem|Protect
|move|p2a: Basculegion|Outrage|p1a: Kyurem
|-activate|p1a: Kyurem|move: Protect
|
|-weather|RainDance|[upkeep]
|-heal|p1a: Kyurem|81/100|[from] item: Leftovers
|upkeep
|turn|18
|
|t:|1779599131
|switch|p2a: Raging Bolt|Raging Bolt|100/100
|-enditem|p2a: Raging Bolt|Booster Energy
|-activate|p2a: Raging Bolt|ability: Protosynthesis|[fromitem]
|-start|p2a: Raging Bolt|protosynthesisspa
|switch|p1a: Corviknight|Corviknight, F|76/100
|-ability|p1a: Corviknight|Pressure
|
|-weather|RainDance|[upkeep]
|upkeep
|turn|19
|
|t:|1779599138
|switch|p1a: Ting-Lu|Ting-Lu|100/100
|-ability|p1a: Ting-Lu|Vessel of Ruin
|move|p2a: Raging Bolt|Weather Ball|p1a: Ting-Lu
|-supereffective|p1a: Ting-Lu
|-damage|p1a: Ting-Lu|40/100
|
|-weather|none
|-heal|p1a: Ting-Lu|46/100|[from] item: Leftovers
|upkeep
|turn|20
|
|t:|1779599146
|move|p2a: Raging Bolt|Draco Meteor|p1a: Ting-Lu
|-crit|p1a: Ting-Lu
|-damage|p1a: Ting-Lu|0 fnt
|-unboost|p2a: Raging Bolt|spa|2
|faint|p1a: Ting-Lu
|
|upkeep
|
|t:|1779599159
|switch|p1a: Slowking|Slowking-Galar, M|98/100
|turn|21
|
|t:|1779599165
|-end|p2a: Raging Bolt|Protosynthesis|[silent]
|switch|p2a: Kingambit|Kingambit, F|66/100
|move|p1a: Slowking|Future Sight|p2a: Kingambit
|-start|p1a: Slowking|move: Future Sight
|
|upkeep
|turn|22
|
|t:|1779599172
|move|p2a: Kingambit|Kowtow Cleave|p1a: Slowking
|-supereffective|p1a: Slowking
|-crit|p1a: Slowking
|-damage|p1a: Slowking|0 fnt
|faint|p1a: Slowking
|
|upkeep
|
|t:|1779599177
|switch|p1a: Corviknight|Corviknight, F|76/100
|-ability|p1a: Corviknight|Pressure
|turn|23
|-message|acediawa forfeited.
|
|win|yueeeem
|raw|acediawa's rating: 1351 &rarr; <strong>1337</strong><br />(-14 for losing)
|raw|yueeeem's rating: 1465 &rarr; <strong>1479</strong><br />(+14 for winning)
|l|☆acediawa
|player|p1|
