|j|☆dang21
|j|‽Roboute
|t:|1779682940
|gametype|singles
|player|p1|dang21|hilbert-wonderlauncher|1292
|player|p2|Roboute|266|1340
|gen|9
|tier|[Gen 9] OU
|rated|
|rule|HP Percentage Mod: HP is shown in percentages
|rule|Endless Battle Clause: Forcing endless battles is banned
|rule|Species Clause: Limit one of each Pokémon
|rule|OHKO Clause: OHKO moves are banned
|rule|Evasion Items Clause: Evasion items are banned
|rule|Evasion Moves Clause: Evasion moves are banned
|rule|Evasion Abilities Clause: Evasion abilities are banned
|rule|Sleep Moves Clause: Sleep-inducing moves are banned
|clearpoke
|poke|p1|Gholdengo|
|poke|p1|Kingambit, M|
|poke|p1|Kyurem|
|poke|p1|Primarina, M|
|poke|p1|Ogerpon, F|
|poke|p1|Cinderace, M|
|poke|p2|Hoopa|
|poke|p2|Cinderace, M|
|poke|p2|Mandibuzz, F|
|poke|p2|Kyurem|
|poke|p2|Ting-Lu|
|poke|p2|Manaphy|
|teampreview
|inactive|Battle timer is ON: inactive players will automatically lose when time's up. (requested by Roboute)
|
|t:|1779682953
|teamsize|p1|6
|teamsize|p2|6
|start
|switch|p1a: Ogerpon|Ogerpon, F|100/100
|switch|p2a: Hoopa|Hoopa|100/100
|turn|1
|
|t:|1779682958
|switch|p2a: Mandibuzz|Mandibuzz, F, shiny|100/100
|move|p1a: Ogerpon|Knock Off|p2a: Mandibuzz
|-resisted|p2a: Mandibuzz
|-damage|p2a: Mandibuzz|86/100
|-damage|p1a: Ogerpon|84/100|[from] item: Rocky Helmet|[of] p2a: Mandibuzz
|-enditem|p2a: Mandibuzz|Rocky Helmet|[from] move: Knock Off|[of] p1a: Ogerpon
|
|upkeep
|turn|2
|
|t:|1779682968
|switch|p1a: Kyurem|Kyurem|100/100
|-ability|p1a: Kyurem|Pressure
|move|p2a: Mandibuzz|Toxic|p1a: Kyurem
|-status|p1a: Kyurem|tox
|
|-damage|p1a: Kyurem|94/100 tox|[from] psn
|upkeep
|turn|3
|
|t:|1779682980
|switch|p2a: Cinderace|Cinderace, M|100/100
|move|p1a: Kyurem|Draco Meteor|p2a: Cinderace
|-damage|p2a: Cinderace|0 fnt
|-unboost|p1a: Kyurem|spa|2
|faint|p2a: Cinderace
|
|-damage|p1a: Kyurem|82/100 tox|[from] psn
|upkeep
|
|t:|1779682992
|switch|p2a: Ting-Lu|Ting-Lu|100/100
|-ability|p2a: Ting-Lu|Vessel of Ruin
|turn|4
|
|t:|1779682998
|switch|p1a: Ogerpon|Ogerpon, F|84/100
|move|p2a: Ting-Lu|Stealth Rock|p1a: Ogerpon
|-sidestart|p1: dang21|move: Stealth Rock
|
|upkeep
|turn|5
|
|t:|1779683004
|switch|p2a: Mandibuzz|Mandibuzz, F, shiny|86/100
|move|p1a: Ogerpon|U-turn|p2a: Mandibuzz
|-damage|p2a: Mandibuzz|65/100
|
|t:|1779683011
|switch|p1a: Cinderace|Cinderace, M|100/100|[from] U-turn
|
|upkeep
|turn|6
|
|t:|1779683020
|move|p1a: Cinderace|Court Change|p1a: Cinderace
|-start|p1a: Cinderace|typechange|Normal|[from] ability: Libero
|-swapsideconditions
|-activate|p1a: Cinderace|move: Court Change
|move|p2a: Mandibuzz|Toxic|p1a: Cinderace
|-status|p1a: Cinderace|tox
|
|-damage|p1a: Cinderace|95/100 tox|[from] psn
|upkeep
|turn|7
|
|t:|1779683026
|move|p1a: Cinderace|Pyro Ball|p2a: Mandibuzz
|-damage|p2a: Mandibuzz|42/100
|move|p2a: Mandibuzz|Roost|p2a: Mandibuzz
|-heal|p2a: Mandibuzz|92/100
|-singleturn|p2a: Mandibuzz|move: Roost
|
|-damage|p1a: Cinderace|83/100 tox|[from] psn
|upkeep
|turn|8
|
|t:|1779683029
|move|p1a: Cinderace|U-turn|p2a: Mandibuzz
|-damage|p2a: Mandibuzz|78/100
|
|t:|1779683033
|switch|p1a: Kyurem|Kyurem|82/100 tox|[from] U-turn
|-ability|p1a: Kyurem|Pressure
|move|p2a: Mandibuzz|Defog|p1a: Kyurem
|-unboost|p1a: Kyurem|evasion|1
|-sideend|p2: Roboute|Stealth Rock|[from] move: Defog|[of] p2a: Mandibuzz
|
|-damage|p1a: Kyurem|76/100 tox|[from] psn
|upkeep
|turn|9
|
|t:|1779683038
|switch|p2a: Ting-Lu|Ting-Lu|100/100
|-ability|p2a: Ting-Lu|Vessel of Ruin
|move|p1a: Kyurem|Freeze-Dry|p2a: Ting-Lu
|-supereffective|p2a: Ting-Lu
|-damage|p2a: Ting-Lu|45/100
|-enditem|p2a: Ting-Lu|Weakness Policy
|-boost|p2a: Ting-Lu|atk|2|[from] item: Weakness Policy
|-boost|p2a: Ting-Lu|spa|2|[from] item: Weakness Policy
|
|-damage|p1a: Kyurem|64/100 tox|[from] psn
|upkeep
|turn|10
|
|t:|1779683049
|-terastallize|p2a: Ting-Lu|Steel
|move|p1a: Kyurem|Freeze-Dry|p2a: Ting-Lu
|-resisted|p2a: Ting-Lu
|-damage|p2a: Ting-Lu|29/100
|move|p2a: Ting-Lu|Heavy Slam|p1a: Kyurem
|-supereffective|p1a: Kyurem
|-damage|p1a: Kyurem|0 fnt
|faint|p1a: Kyurem
|
|upkeep
|
|t:|1779683059
|switch|p1a: Cinderace|Cinderace, M|83/100 tox
|turn|11
|
|t:|1779683062
|switch|p2a: Mandibuzz|Mandibuzz, F, shiny|78/100
|move|p1a: Cinderace|Pyro Ball|p2a: Mandibuzz|[miss]
|-miss|p1a: Cinderace|p2a: Mandibuzz
|
|-damage|p1a: Cinderace|77/100 tox|[from] psn
|upkeep
|turn|12
|
|t:|1779683068
|move|p1a: Cinderace|U-turn|p2a: Mandibuzz
|-start|p1a: Cinderace|typechange|Bug|[from] ability: Libero
|-damage|p2a: Mandibuzz|57/100
|
|t:|1779683073
|switch|p1a: Gholdengo|Gholdengo|100/100|[from] U-turn
|-item|p1a: Gholdengo|Air Balloon
|move|p2a: Mandibuzz|Foul Play|p1a: Gholdengo
|-supereffective|p1a: Gholdengo
|-damage|p1a: Gholdengo|71/100
|-enditem|p1a: Gholdengo|Air Balloon
|
|upkeep
|turn|13
|
|t:|1779683083
|switch|p2a: Manaphy|Manaphy|100/100
|move|p1a: Gholdengo|Nasty Plot|p1a: Gholdengo
|-boost|p1a: Gholdengo|spa|2
|
|upkeep
|turn|14
|
|t:|1779683089
|move|p2a: Manaphy|Take Heart|p2a: Manaphy
|-boost|p2a: Manaphy|spa|1
|-boost|p2a: Manaphy|spd|1
|move|p1a: Gholdengo|Shadow Ball|p2a: Manaphy
|-damage|p2a: Manaphy|52/100
|
|-heal|p2a: Manaphy|58/100|[from] item: Leftovers
|upkeep
|turn|15
|
|t:|1779683100
|move|p2a: Manaphy|Scald|p1a: Gholdengo
|-damage|p1a: Gholdengo|31/100
|move|p1a: Gholdengo|Shadow Ball|p2a: Manaphy
|-damage|p2a: Manaphy|3/100
|
|-heal|p2a: Manaphy|9/100|[from] item: Leftovers
|upkeep
|turn|16
|
|t:|1779683109
|switch|p1a: Ogerpon|Ogerpon, F|84/100
|move|p2a: Manaphy|Scald|p1a: Ogerpon
|-resisted|p1a: Ogerpon
|-damage|p1a: Ogerpon|57/100
|
|-heal|p2a: Manaphy|16/100|[from] item: Leftovers
|upkeep
|turn|17
|
|t:|1779683125
|move|p1a: Ogerpon|Rock Tomb|p2a: Manaphy
|-damage|p2a: Manaphy|0 fnt
|faint|p2a: Manaphy
|
|upkeep
|
|t:|1779683128
|switch|p2a: Kyurem|Kyurem|100/100
|-ability|p2a: Kyurem|Pressure
|turn|18
|
|t:|1779683135
|-terastallize|p1a: Ogerpon|Grass
|detailschange|p1a: Ogerpon|Ogerpon-Teal-Tera, F, tera:Grass
|-ability|p1a: Ogerpon|Embody Aspect (Teal)|boost
|-boost|p1a: Ogerpon|spe|1
|move|p1a: Ogerpon|Rock Tomb|p2a: Kyurem
|-supereffective|p2a: Kyurem
|-damage|p2a: Kyurem|43/100
|-unboost|p2a: Kyurem|spe|1
|move|p2a: Kyurem|Freeze-Dry|p1a: Ogerpon
|-supereffective|p1a: Ogerpon
|-damage|p1a: Ogerpon|0 fnt
|faint|p1a: Ogerpon
|detailschange|p1: Ogerpon|Ogerpon, F|[silent]
|
|upkeep
|
|t:|1779683146
|switch|p1a: Gholdengo|Gholdengo|31/100
|turn|19
|
|t:|1779683155
|switch|p2a: Ting-Lu|Ting-Lu, tera:Steel|29/100
|-ability|p2a: Ting-Lu|Vessel of Ruin
|move|p1a: Gholdengo|Make It Rain|p2a: Ting-Lu
|-resisted|p2a: Ting-Lu
|-damage|p2a: Ting-Lu|11/100
|-unboost|p1a: Gholdengo|spa|1
|
|upkeep
|turn|20
|
|t:|1779683163
|switch|p1a: Primarina|Primarina, M|100/100
|move|p2a: Ting-Lu|Earthquake|p1a: Primarina
|-damage|p1a: Primarina|53/100
|
|-heal|p1a: Primarina|59/100|[from] item: Leftovers
|upkeep
|turn|21
|
|t:|1779683170
|move|p1a: Primarina|Moonblast|p2a: Ting-Lu
|-resisted|p2a: Ting-Lu
|-damage|p2a: Ting-Lu|0 fnt
|faint|p2a: Ting-Lu
|
|-heal|p1a: Primarina|65/100|[from] item: Leftovers
|upkeep
|
|t:|1779683183
|switch|p2a: Kyurem|Kyurem|43/100
|-ability|p2a: Kyurem|Pressure
|turn|22
|
|t:|1779683186
|switch|p1a: Gholdengo|Gholdengo|31/100
|move|p2a: Kyurem|Freeze-Dry|p1a: Gholdengo
|-resisted|p1a: Gholdengo
|-damage|p1a: Gholdengo|14/100
|
|upkeep
|turn|23
|
|t:|1779683193
|move|p2a: Kyurem|Freeze-Dry|p1a: Gholdengo
|-resisted|p1a: Gholdengo
|-damage|p1a: Gholdengo|0 fnt
|faint|p1a: Gholdengo
|
|upkeep
|
|t:|1779683197
|switch|p1a: Kingambit|Kingambit, M|100/100
|-activate|p1a: Kingambit|ability: Supreme Overlord
|-start|p1a: Kingambit|fallen3|[silent]
|turn|24
|
|t:|1779683203
|switch|p2a: Mandibuzz|Mandibuzz, F, shiny|57/100
|move|p1a: Kingambit|Swords Dance|p1a: Kingambit
|-boost|p1a: Kingambit|atk|2
|
|upkeep
|turn|25
|
|t:|1779683206
|move|p2a: Mandibuzz|Foul Play|p1a: Kingambit
|-resisted|p1a: Kingambit
|-damage|p1a: Kingambit|61/100
|move|p1a: Kingambit|Iron Head|p2a: Mandibuzz
|-damage|p2a: Mandibuzz|0 fnt
|faint|p2a: Mandibuzz
|
|upkeep
|
|t:|1779683212
|switch|p2a: Hoopa|Hoopa|100/100
|turn|26
|
|t:|1779683215
|move|p2a: Hoopa|Substitute|p2a: Hoopa
|-start|p2a: Hoopa|Substitute
|-damage|p2a: Hoopa|76/100
|move|p1a: Kingambit|Kowtow Cleave|p2a: Hoopa
|-supereffective|p2a: Hoopa
|-crit|p2a: Hoopa
|-end|p2a: Hoopa|Substitute
|
|upkeep
|turn|27
|
|t:|1779683221
|move|p2a: Hoopa|Substitute|p2a: Hoopa
|-start|p2a: Hoopa|Substitute
|-damage|p2a: Hoopa|51/100
|move|p1a: Kingambit|Kowtow Cleave|p2a: Hoopa
|-supereffective|p2a: Hoopa
|-end|p2a: Hoopa|Substitute
|
|upkeep
|turn|28
|
|t:|1779683227
|move|p2a: Hoopa|Substitute|p2a: Hoopa
|-start|p2a: Hoopa|Substitute
|-damage|p2a: Hoopa|26/100
|move|p1a: Kingambit|Kowtow Cleave|p2a: Hoopa
|-supereffective|p2a: Hoopa
|-end|p2a: Hoopa|Substitute
|
|upkeep
|turn|29
|
|t:|1779683237
|move|p2a: Hoopa|Substitute|p2a: Hoopa
|-start|p2a: Hoopa|Substitute
|-damage|p2a: Hoopa|1/100
|-enditem|p2a: Hoopa|Aguav Berry|[eat]
|-heal|p2a: Hoopa|34/100|[from] item: Aguav Berry
|move|p1a: Kingambit|Kowtow Cleave|p2a: Hoopa
|-supereffective|p2a: Hoopa
|-end|p2a: Hoopa|Substitute
|
|upkeep
|turn|30
|
|t:|1779683245
|move|p2a: Hoopa|Focus Blast|p1a: Kingambit
|-supereffective|p1a: Kingambit
|-damage|p1a: Kingambit|0 fnt
|faint|p1a: Kingambit
|-end|p1a: Kingambit|fallen3|[silent]
|-item|p2a: Hoopa|Black Glasses|[from] ability: Magician|[of] p1: Kingambit
|
|upkeep
|
|t:|1779683250
|switch|p1a: Cinderace|Cinderace, M|77/100 tox
|turn|31
|
|t:|1779683262
|move|p1a: Cinderace|Pyro Ball|p2a: Hoopa
|-damage|p2a: Hoopa|0 fnt
|faint|p2a: Hoopa
|
|-damage|p1a: Cinderace|71/100 tox|[from] psn
|upkeep
|
|t:|1779683271
|switch|p2a: Kyurem|Kyurem|43/100
|-ability|p2a: Kyurem|Pressure
|turn|32
|
|t:|1779683274
|move|p1a: Cinderace|Sucker Punch|p2a: Kyurem
|-start|p1a: Cinderace|typechange|Dark|[from] ability: Libero
|-damage|p2a: Kyurem|10/100
|move|p2a: Kyurem|Earth Power|p1a: Cinderace
|-damage|p1a: Cinderace|29/100 tox
|
|-damage|p1a: Cinderace|17/100 tox|[from] psn
|upkeep
|turn|33
|-message|Roboute forfeited.
|
|win|dang21
|raw|dang21's rating: 1292 &rarr; <strong>1320</strong><br />(+28 for winning)
|raw|Roboute's rating: 1340 &rarr; <strong>1317</strong><br />(-23 for losing)
|l|‽Roboute
|player|p2|
|l|☆dang21
|player|p1|
