|j|☆greattrainer123
|j|☆FeetSnifferXO
|t:|1779598252
|gametype|singles
|player|p1|greattrainer123|2|1322
|player|p2|FeetSnifferXO|101|1311
|gen|9
|tier|[Gen 9] OU
|rated|
|rule|HP Percentage Mod: HP is shown in percentages
|rule|Endless Battle Clause: Forcing endless battles is banned
|rule|Species Clause: Limit one of each Pokémon
|rule|OHKO Clause: OHKO moves are banned
|rule|Evasion Items Clause: Evasion items are banned
|rule|Evasion Moves Clause: Evasion moves are banned
|rule|Evasion Abilities Clause: Evasion abilities are banned
|rule|Sleep Moves Clause: Sleep-inducing moves are banned
|clearpoke
|poke|p1|Kingambit, F|
|poke|p1|Ursaluna, M|
|poke|p1|Mew|
|poke|p1|Ribombee, F|
|poke|p1|Espeon, M|
|poke|p1|Deoxys-Defense|
|poke|p2|Garganacl, M|
|poke|p2|Quaquaval, M|
|poke|p2|Dragapult, M|
|poke|p2|Pecharunt|
|poke|p2|Maushold-Four|
|poke|p2|Ninetales-Alola, F|
|teampreview
|inactive|Battle timer is ON: inactive players will automatically lose when time's up. (requested by greattrainer123)
|
|t:|1779598269
|teamsize|p1|6
|teamsize|p2|6
|start
|switch|p1a: Ribombee|Ribombee, F|100/100
|switch|p2a: Maushold|Maushold-Four|100/100
|turn|1
|inactive|FeetSnifferXO also wants the timer to be on.
|
|t:|1779598280
|switch|p1a: Kingambit|Kingambit, F|100/100
|move|p2a: Maushold|Tidy Up|p2a: Maushold
|-boost|p2a: Maushold|atk|1
|-boost|p2a: Maushold|spe|1
|
|upkeep
|turn|2
|
|t:|1779598287
|-terastallize|p1a: Kingambit|Dark
|move|p2a: Maushold|Tidy Up|p2a: Maushold
|-boost|p2a: Maushold|atk|1
|-boost|p2a: Maushold|spe|1
|move|p1a: Kingambit|Kowtow Cleave|p2a: Maushold
|-damage|p2a: Maushold|0 fnt
|faint|p2a: Maushold
|
|upkeep
|c|☆FeetSnifferXO|misclicked brehh
|
|t:|1779598306
|switch|p2a: Quaquaval|Quaquaval, M|100/100
|turn|3
|
|t:|1779598321
|-end|p1a: Kingambit|fallenundefined|[silent]
|switch|p1a: Deoxys|Deoxys-Defense|100/100
|-ability|p1a: Deoxys|Pressure
|move|p2a: Quaquaval|Aqua Step|p1a: Deoxys
|-damage|p1a: Deoxys|76/100
|-boost|p2a: Quaquaval|spe|1
|
|upkeep
|turn|4
|
|t:|1779598336
|move|p2a: Quaquaval|Knock Off|p1a: Deoxys
|-supereffective|p1a: Deoxys
|-damage|p1a: Deoxys|35/100
|-enditem|p1a: Deoxys|Sitrus Berry|[from] move: Knock Off|[of] p2a: Quaquaval
|move|p1a: Deoxys|Trick Room|p1a: Deoxys
|-fieldstart|move: Trick Room|[of] p1a: Deoxys
|
|upkeep
|turn|5
|
|t:|1779598344
|move|p2a: Quaquaval|Knock Off|p1a: Deoxys
|-supereffective|p1a: Deoxys
|-damage|p1a: Deoxys|8/100
|move|p1a: Deoxys|Teleport|p1a: Deoxys
|
|t:|1779598348
|switch|p1a: Ursaluna|Ursaluna, M|100/100|[from] Teleport
|
|-status|p1a: Ursaluna|brn|[from] item: Flame Orb
|upkeep
|turn|6
|
|t:|1779598363
|move|p1a: Ursaluna|Headlong Rush|p2a: Quaquaval
|-damage|p2a: Quaquaval|0 fnt
|-unboost|p1a: Ursaluna|def|1
|-unboost|p1a: Ursaluna|spd|1
|faint|p2a: Quaquaval
|
|-damage|p1a: Ursaluna|94/100 brn|[from] brn
|upkeep
|
|t:|1779598377
|switch|p2a: Garganacl|Garganacl, M|100/100
|turn|7
|
|t:|1779598385
|-terastallize|p2a: Garganacl|Bug
|move|p2a: Garganacl|Salt Cure|p1a: Ursaluna
|-resisted|p1a: Ursaluna
|-damage|p1a: Ursaluna|88/100 brn
|-start|p1a: Ursaluna|Salt Cure
|move|p1a: Ursaluna|Headlong Rush|p2a: Garganacl
|-resisted|p2a: Garganacl
|-damage|p2a: Garganacl|69/100
|-unboost|p1a: Ursaluna|def|1
|-unboost|p1a: Ursaluna|spd|1
|
|-heal|p2a: Garganacl|75/100|[from] item: Leftovers
|-damage|p1a: Ursaluna|81/100 brn|[from] brn
|-damage|p1a: Ursaluna|69/100 brn|[from] Salt Cure
|upkeep
|turn|8
|
|t:|1779598399
|move|p2a: Garganacl|Iron Defense|p2a: Garganacl
|-boost|p2a: Garganacl|def|2
|move|p1a: Ursaluna|Facade|p2a: Garganacl
|-damage|p2a: Garganacl|40/100
|
|-heal|p2a: Garganacl|47/100|[from] item: Leftovers
|-damage|p1a: Ursaluna|63/100 brn|[from] brn
|-damage|p1a: Ursaluna|51/100 brn|[from] Salt Cure
|-fieldend|move: Trick Room
|upkeep
|turn|9
|
|t:|1779598409
|switch|p1a: Deoxys|Deoxys-Defense|8/100
|-ability|p1a: Deoxys|Pressure
|move|p2a: Garganacl|Recover|p2a: Garganacl
|-heal|p2a: Garganacl|97/100
|
|-heal|p2a: Garganacl|100/100|[from] item: Leftovers
|upkeep
|turn|10
|inactive|greattrainer123 has 120 seconds left.
|
|t:|1779598456
|switch|p1a: Ribombee|Ribombee, F|100/100
|move|p2a: Garganacl|Salt Cure|p1a: Ribombee
|-supereffective|p1a: Ribombee
|-damage|p1a: Ribombee|57/100
|
|upkeep
|turn|11
|
|t:|1779598469
|move|p1a: Ribombee|Reflect|p1a: Ribombee
|-sidestart|p1: greattrainer123|Reflect
|move|p2a: Garganacl|Iron Defense|p2a: Garganacl
|-boost|p2a: Garganacl|def|2
|
|upkeep
|turn|12
|
|t:|1779598475
|move|p1a: Ribombee|Light Screen|p1a: Ribombee
|-sidestart|p1: greattrainer123|move: Light Screen
|move|p2a: Garganacl|Body Press|p1a: Ribombee
|-resisted|p1a: Ribombee
|-damage|p1a: Ribombee|40/100
|
|upkeep
|turn|13
|
|t:|1779598482
|move|p1a: Ribombee|Sticky Web|p2a: Garganacl
|-sidestart|p2: FeetSnifferXO|move: Sticky Web
|move|p2a: Garganacl|Salt Cure|p1a: Ribombee
|-supereffective|p1a: Ribombee
|-damage|p1a: Ribombee|18/100
|
|upkeep
|turn|14
|
|t:|1779598489
|move|p1a: Ribombee|Sticky Web||[still]
|-fail|p1a: Ribombee
|move|p2a: Garganacl|Salt Cure|p1a: Ribombee
|-supereffective|p1a: Ribombee
|-damage|p1a: Ribombee|0 fnt
|faint|p1a: Ribombee
|
|upkeep
|
|t:|1779598498
|switch|p1a: Espeon|Espeon, M|100/100
|turn|15
|
|t:|1779598504
|move|p1a: Espeon|Trick|p2a: Garganacl
|-activate|p1a: Espeon|move: Trick|[of] p2a: Garganacl
|-item|p2a: Garganacl|Choice Specs|[from] move: Trick
|-item|p1a: Espeon|Leftovers|[from] move: Trick
|move|p2a: Garganacl|Salt Cure|p1a: Espeon
|-damage|p1a: Espeon|88/100
|-start|p1a: Espeon|Salt Cure
|
|-heal|p1a: Espeon|93/100|[from] item: Leftovers
|-damage|p1a: Espeon|81/100|[from] Salt Cure
|upkeep
|turn|16
|
|t:|1779598514
|move|p1a: Espeon|Psychic|p2a: Garganacl
|-damage|p2a: Garganacl|60/100
|-unboost|p2a: Garganacl|spd|1
|move|p2a: Garganacl|Salt Cure|p1a: Espeon
|-damage|p1a: Espeon|68/100
|
|-heal|p1a: Espeon|74/100|[from] item: Leftovers
|-damage|p1a: Espeon|62/100|[from] Salt Cure
|upkeep
|turn|17
|
|t:|1779598523
|move|p1a: Espeon|Psychic|p2a: Garganacl
|-damage|p2a: Garganacl|7/100
|move|p2a: Garganacl|Salt Cure|p1a: Espeon
|-damage|p1a: Espeon|48/100
|
|-heal|p1a: Espeon|54/100|[from] item: Leftovers
|-damage|p1a: Espeon|42/100|[from] Salt Cure
|upkeep
|turn|18
|
|t:|1779598531
|move|p1a: Espeon|Psychic|p2a: Garganacl
|-damage|p2a: Garganacl|0 fnt
|faint|p2a: Garganacl
|
|-heal|p1a: Espeon|48/100|[from] item: Leftovers
|-damage|p1a: Espeon|36/100|[from] Salt Cure
|-sideend|p1: greattrainer123|Reflect
|upkeep
|
|t:|1779598543
|switch|p2a: Dragapult|Dragapult, M|100/100
|-activate|p2a: Dragapult|move: Sticky Web
|-unboost|p2a: Dragapult|spe|1
|turn|19
|
|t:|1779598555
|switch|p1a: Deoxys|Deoxys-Defense|8/100
|-ability|p1a: Deoxys|Pressure
|move|p2a: Dragapult|Sucker Punch||[still]
|-fail|p2a: Dragapult
|
|-sideend|p1: greattrainer123|move: Light Screen
|upkeep
|turn|20
|
|t:|1779598563
|move|p2a: Dragapult|Dragon Darts|p1a: Deoxys
|-damage|p1a: Deoxys|0 fnt
|faint|p1a: Deoxys
|-damage|p2a: Dragapult|91/100|[from] item: Life Orb
|
|upkeep
|
|t:|1779598571
|switch|p1a: Kingambit|Kingambit, F, tera:Dark|100/100
|-activate|p1a: Kingambit|ability: Supreme Overlord
|-start|p1a: Kingambit|fallen2|[silent]
|turn|21
|
|t:|1779598578
|switch|p2a: Pecharunt|Pecharunt|100/100
|-activate|p2a: Pecharunt|move: Sticky Web
|-unboost|p2a: Pecharunt|spe|1
|move|p1a: Kingambit|Kowtow Cleave|p2a: Pecharunt
|-supereffective|p2a: Pecharunt
|-damage|p2a: Pecharunt|0 fnt
|faint|p2a: Pecharunt
|
|upkeep
|
|t:|1779598586
|switch|p2a: Ninetales|Ninetales-Alola, F|100/100
|-activate|p2a: Ninetales|move: Sticky Web
|-unboost|p2a: Ninetales|spe|1
|-weather|Snowscape|[from] ability: Snow Warning|[of] p2a: Ninetales
|turn|22
|
|t:|1779598601
|-end|p1a: Kingambit|fallen2|[silent]
|switch|p1a: Mew|Mew|100/100
|move|p2a: Ninetales|Aurora Veil|p2a: Ninetales
|-sidestart|p2: FeetSnifferXO|move: Aurora Veil
|
|-weather|Snowscape|[upkeep]
|upkeep
|turn|23
|
|t:|1779598612
|move|p1a: Mew|Brave Bird|p2a: Ninetales
|-damage|p2a: Ninetales|84/100
|-damage|p1a: Mew|95/100|[from] Recoil
|move|p2a: Ninetales|Moonblast|p1a: Mew
|-damage|p1a: Mew|69/100
|
|-weather|Snowscape|[upkeep]
|upkeep
|turn|24
|
|t:|1779598620
|move|p1a: Mew|Brave Bird|p2a: Ninetales
|-damage|p2a: Ninetales|68/100
|-damage|p1a: Mew|64/100|[from] Recoil
|move|p2a: Ninetales|Moonblast|p1a: Mew
|-damage|p1a: Mew|36/100
|
|-weather|Snowscape|[upkeep]
|upkeep
|turn|25
|
|t:|1779598629
|move|p1a: Mew|Supercell Slam|p2a: Ninetales
|-damage|p2a: Ninetales|54/100
|move|p2a: Ninetales|Moonblast|p1a: Mew
|-damage|p1a: Mew|10/100
|
|-weather|Snowscape|[upkeep]
|upkeep
|turn|26
|inactive|greattrainer123 has 120 seconds left.
|
|t:|1779598665
|move|p1a: Mew|Close Combat|p2a: Ninetales
|-damage|p2a: Ninetales|38/100
|-unboost|p1a: Mew|def|1
|-unboost|p1a: Mew|spd|1
|move|p2a: Ninetales|Moonblast|p1a: Mew
|-damage|p1a: Mew|0 fnt
|faint|p1a: Mew
|
|-weather|none
|upkeep
|
|t:|1779598675
|switch|p1a: Espeon|Espeon, M|36/100
|turn|27
|
|t:|1779598678
|move|p1a: Espeon|Psychic|p2a: Ninetales
|-crit|p2a: Ninetales
|-damage|p2a: Ninetales|0 fnt
|faint|p2a: Ninetales
|
|-heal|p1a: Espeon|42/100|[from] item: Leftovers
|upkeep
|
|t:|1779598684
|switch|p2a: Dragapult|Dragapult, M|91/100
|-activate|p2a: Dragapult|move: Sticky Web
|-unboost|p2a: Dragapult|spe|1
|turn|28
|
|t:|1779598695
|move|p2a: Dragapult|Sucker Punch|p1a: Espeon
|-supereffective|p1a: Espeon
|-damage|p1a: Espeon|0 fnt
|faint|p1a: Espeon
|-damage|p2a: Dragapult|81/100|[from] item: Life Orb
|
|upkeep
|
|t:|1779598699
|switch|p1a: Ursaluna|Ursaluna, M|51/100 brn
|turn|29
|
|t:|1779598703
|move|p2a: Dragapult|Dragon Darts|p1a: Ursaluna
|-damage|p1a: Ursaluna|29/100 brn
|-anim|p2a: Dragapult|Dragon Darts|p1a: Ursaluna
|-damage|p1a: Ursaluna|7/100 brn
|-damage|p2a: Dragapult|71/100|[from] item: Life Orb
|move|p1a: Ursaluna|Headlong Rush|p2a: Dragapult
|-damage|p2a: Dragapult|0 fnt
|-unboost|p1a: Ursaluna|def|1
|-unboost|p1a: Ursaluna|spd|1
|faint|p2a: Dragapult
|
|win|greattrainer123
|raw|greattrainer123's rating: 1322 &rarr; <strong>1341</strong><br />(+19 for winning)
|raw|FeetSnifferXO's rating: 1311 &rarr; <strong>1292</strong><br />(-19 for losing)
|l|☆greattrainer123
|player|p1|
|l|☆FeetSnifferXO
|player|p2|
