|j|☆yzyang
|j|☆AZZBoi
|t:|1779686044
|gametype|singles
|player|p1|yzyang|266|1260
|player|p2|AZZBoi|102|1193
|gen|9
|tier|[Gen 9] OU
|rated|
|rule|HP Percentage Mod: HP is shown in percentages
|rule|Endless Battle Clause: Forcing endless battles is banned
|rule|Species Clause: Limit one of each Pokémon
|rule|OHKO Clause: OHKO moves are banned
|rule|Evasion Items Clause: Evasion items are banned
|rule|Evasion Moves Clause: Evasion moves are banned
|rule|Evasion Abilities Clause: Evasion abilities are banned
|rule|Sleep Moves Clause: Sleep-inducing moves are banned
|clearpoke
|poke|p1|Alomomola, M|
|poke|p1|Slowking, M|
|poke|p1|Corviknight, F|
|poke|p1|Blaziken, F|
|poke|p1|Ambipom, M|
|poke|p1|Meowscarada, F|
|poke|p2|Feraligatr, F|
|poke|p2|Typhlosion-Hisui, F|
|poke|p2|Regidrago|
|poke|p2|Kingambit, F|
|poke|p2|Hatterene, F|
|poke|p2|Deoxys-Speed|
|teampreview
|inactive|Battle timer is ON: inactive players will automatically lose when time's up. (requested by yzyang)
|
|t:|1779686054
|teamsize|p1|6
|teamsize|p2|6
|start
|switch|p1a: Meowscarada|Meowscarada, F|100/100
|switch|p2a: Deoxys|Deoxys-Speed|100/100
|-ability|p2a: Deoxys|Pressure
|turn|1
|
|t:|1779686062
|move|p1a: Meowscarada|U-turn|p2a: Deoxys
|-start|p1a: Meowscarada|typechange|Bug|[from] ability: Protean
|-supereffective|p2a: Deoxys
|-damage|p2a: Deoxys|23/100
|-enditem|p2a: Deoxys|Red Card|[of] p1a: Meowscarada
|drag|p1a: Corviknight|Corviknight, F|100/100
|-ability|p1a: Corviknight|Pressure
|move|p2a: Deoxys|Stealth Rock|p1a: Corviknight
|-sidestart|p1: yzyang|move: Stealth Rock
|
|upkeep
|turn|2
|
|t:|1779686081
|switch|p2a: Feraligatr|Feraligatr, F|100/100
|move|p1a: Corviknight|Defog|p2a: Feraligatr
|-unboost|p2a: Feraligatr|evasion|1
|-sideend|p1: yzyang|Stealth Rock|[from] move: Defog|[of] p1a: Corviknight
|
|upkeep
|turn|3
|
|t:|1779686093
|move|p2a: Feraligatr|Dragon Dance|p2a: Feraligatr
|-boost|p2a: Feraligatr|atk|1
|-boost|p2a: Feraligatr|spe|1
|move|p1a: Corviknight|U-turn|p2a: Feraligatr
|-damage|p2a: Feraligatr|84/100
|
|t:|1779686099
|switch|p1a: Ambipom|Ambipom, M|100/100|[from] U-turn
|
|upkeep
|turn|4
|
|t:|1779686105
|-terastallize|p1a: Ambipom|Normal
|move|p1a: Ambipom|Fake Out|p2a: Feraligatr
|-damage|p2a: Feraligatr|25/100
|cant|p2a: Feraligatr|flinch
|
|upkeep
|turn|5
|
|t:|1779686113
|switch|p1a: Alomomola|Alomomola, M|100/100
|move|p2a: Feraligatr|Liquidation|p1a: Alomomola
|-resisted|p1a: Alomomola
|-damage|p1a: Alomomola|70/100
|-damage|p2a: Feraligatr|8/100|[from] item: Rocky Helmet|[of] p1a: Alomomola
|
|upkeep
|turn|6
|
|t:|1779686124
|switch|p2a: Deoxys|Deoxys-Speed|23/100
|-ability|p2a: Deoxys|Pressure
|move|p1a: Alomomola|Flip Turn|p2a: Deoxys
|-damage|p2a: Deoxys|1/100
|
|t:|1779686131
|switch|p1a: Meowscarada|Meowscarada, F|100/100|[from] Flip Turn
|
|upkeep
|turn|7
|
|t:|1779686140
|move|p1a: Meowscarada|U-turn|p2a: Deoxys
|-start|p1a: Meowscarada|typechange|Bug|[from] ability: Protean
|-supereffective|p2a: Deoxys
|-damage|p2a: Deoxys|0 fnt
|faint|p2a: Deoxys
|
|t:|1779686168
|switch|p1a: Ambipom|Ambipom, M, tera:Normal|100/100|[from] U-turn
|
|upkeep
|
|t:|1779686179
|switch|p2a: Typhlosion|Typhlosion-Hisui, F|100/100
|-item|p1a: Ambipom|Choice Band|[from] ability: Frisk|[of] p2a: Typhlosion
|turn|8
|
|t:|1779686196
|switch|p1a: Slowking|Slowking, M|100/100
|-terastallize|p2a: Typhlosion|Fire
|move|p2a: Typhlosion|Eruption|p1a: Slowking
|-resisted|p1a: Slowking
|-damage|p1a: Slowking|73/100
|
|upkeep
|turn|9
|
|t:|1779686207
|switch|p2a: Kingambit|Kingambit, F|100/100
|-activate|p2a: Kingambit|ability: Supreme Overlord
|-start|p2a: Kingambit|fallen1|[silent]
|move|p1a: Slowking|Surf|p2a: Kingambit
|-damage|p2a: Kingambit|50/100
|
|upkeep
|turn|10
|
|t:|1779686215
|switch|p1a: Alomomola|Alomomola, M|100/100
|move|p2a: Kingambit|Swords Dance|p2a: Kingambit
|-boost|p2a: Kingambit|atk|2
|
|upkeep
|turn|11
|
|t:|1779686221
|move|p2a: Kingambit|Sucker Punch|p1a: Alomomola
|-damage|p1a: Alomomola|40/100
|-damage|p2a: Kingambit|34/100|[from] item: Rocky Helmet|[of] p1a: Alomomola
|-damage|p2a: Kingambit|24/100|[from] item: Life Orb
|move|p1a: Alomomola|Flip Turn|p2a: Kingambit
|-damage|p2a: Kingambit|13/100
|
|t:|1779686229
|switch|p1a: Ambipom|Ambipom, M, tera:Normal|100/100|[from] Flip Turn
|
|upkeep
|turn|12
|
|t:|1779686234
|move|p1a: Ambipom|Fake Out|p2a: Kingambit
|-resisted|p2a: Kingambit
|-damage|p2a: Kingambit|0 fnt
|faint|p2a: Kingambit
|-end|p2a: Kingambit|fallen1|[silent]
|
|upkeep
|-message|AZZBoi forfeited.
|
|win|yzyang
|raw|yzyang's rating: 1260 &rarr; <strong>1280</strong><br />(+20 for winning)
|raw|AZZBoi's rating: 1193 &rarr; <strong>1173</strong><br />(-20 for losing)
|l|☆AZZBoi
|player|p2|
|l|☆yzyang
|player|p1|
