|j|☆Gimmicksquad
|j|☆Thederpa1
|t:|1779645517
|gametype|singles
|player|p1|Gimmicksquad|266|1401
|player|p2|Thederpa1|swimmer-gen4dp|1479
|gen|9
|tier|[Gen 9] OU
|rated|
|rule|HP Percentage Mod: HP is shown in percentages
|rule|Endless Battle Clause: Forcing endless battles is banned
|rule|Species Clause: Limit one of each Pokémon
|rule|OHKO Clause: OHKO moves are banned
|rule|Evasion Items Clause: Evasion items are banned
|rule|Evasion Moves Clause: Evasion moves are banned
|rule|Evasion Abilities Clause: Evasion abilities are banned
|rule|Sleep Moves Clause: Sleep-inducing moves are banned
|clearpoke
|poke|p1|Donphan, L6, M|
|poke|p1|Lapras, M|
|poke|p1|Ditto|
|poke|p1|Cloyster, F|
|poke|p1|Zamazenta-*|
|poke|p1|Smeargle, M|
|poke|p2|Kyurem|
|poke|p2|Great Tusk|
|poke|p2|Gholdengo|
|poke|p2|Primarina, M|
|poke|p2|Lokix, M|
|poke|p2|Gliscor, F|
|teampreview
|
|t:|1779645535
|teamsize|p1|6
|teamsize|p2|6
|start
|switch|p1a: Donphan|Donphan, L6, M|100/100
|switch|p2a: Primarina|Primarina, M|100/100
|turn|1
|inactive|Battle timer is ON: inactive players will automatically lose when time's up. (requested by Thederpa1)
|
|t:|1779645540
|move|p2a: Primarina|Substitute|p2a: Primarina
|-start|p2a: Primarina|Substitute
|-damage|p2a: Primarina|76/100
|move|p1a: Donphan|Endeavor|p2a: Primarina
|-end|p2a: Primarina|Substitute
|
|-heal|p2a: Primarina|82/100|[from] item: Leftovers
|upkeep
|turn|2
|
|t:|1779645549
|move|p2a: Primarina|Psychic Noise|p1a: Donphan
|-supereffective|p1a: Donphan
|-ability|p1a: Donphan|Sturdy
|-damage|p1a: Donphan|4/100
|-start|p1a: Donphan|move: Heal Block
|move|p1a: Donphan|Endeavor|p2a: Primarina
|-damage|p2a: Primarina|1/100
|
|-heal|p2a: Primarina|7/100|[from] item: Leftovers
|upkeep
|turn|3
|
|t:|1779645556
|switch|p2a: Lokix|Lokix, M|100/100
|move|p1a: Donphan|Stealth Rock|p2a: Lokix
|-sidestart|p2: Thederpa1|move: Stealth Rock
|
|-end|p1a: Donphan|move: Heal Block
|upkeep
|turn|4
|
|t:|1779645561
|move|p2a: Lokix|U-turn|p1a: Donphan
|-damage|p1a: Donphan|0 fnt
|faint|p1a: Donphan
|
|t:|1779645565
|switch|p2a: Gliscor|Gliscor, F|100/100|[from] U-turn
|-damage|p2a: Gliscor|88/100|[from] Stealth Rock
|
|-status|p2a: Gliscor|tox|[from] item: Toxic Orb
|upkeep
|
|t:|1779645571
|switch|p1a: Smeargle|Smeargle, M|100/100
|turn|5
|
|t:|1779645576
|move|p1a: Smeargle|Trick|p2a: Gliscor
|-activate|p1a: Smeargle|move: Trick|[of] p2a: Gliscor
|-item|p2a: Gliscor|Choice Scarf|[from] move: Trick
|-item|p1a: Smeargle|Toxic Orb|[from] move: Trick
|move|p2a: Gliscor|Stealth Rock|p1a: Smeargle
|-sidestart|p1: Gimmicksquad|move: Stealth Rock
|
|-heal|p2a: Gliscor|100/100 tox|[from] ability: Poison Heal
|-status|p1a: Smeargle|tox|[from] item: Toxic Orb
|upkeep
|turn|6
|
|t:|1779645586
|switch|p2a: Great Tusk|Great Tusk|100/100
|-damage|p2a: Great Tusk|98/100|[from] Stealth Rock
|-enditem|p2a: Great Tusk|Booster Energy
|-activate|p2a: Great Tusk|ability: Protosynthesis|[fromitem]
|-start|p2a: Great Tusk|protosynthesisatk
|move|p1a: Smeargle|Rapid Spin|p2a: Great Tusk
|-damage|p2a: Great Tusk|92/100
|-boost|p1a: Smeargle|spe|1
|-sideend|p1: Gimmicksquad|Stealth Rock|[from] move: Rapid Spin|[of] p1a: Smeargle
|
|-damage|p1a: Smeargle|94/100 tox|[from] psn
|upkeep
|turn|7
|
|t:|1779645595
|move|p1a: Smeargle|Memento|p2a: Great Tusk
|-unboost|p2a: Great Tusk|atk|2
|-unboost|p2a: Great Tusk|spa|2
|faint|p1a: Smeargle
|move|p2a: Great Tusk|Rapid Spin|p1: Smeargle|[notarget]
|-fail|p2a: Great Tusk
|
|upkeep
|
|t:|1779645602
|switch|p1a: Cloyster|Cloyster, F|100/100
|turn|8
|
|t:|1779645606
|-terastallize|p1a: Cloyster|Ghost
|move|p2a: Great Tusk|Rapid Spin|p1a: Cloyster
|-immune|p1a: Cloyster
|move|p1a: Cloyster|Shell Smash|p1a: Cloyster
|-unboost|p1a: Cloyster|def|1
|-unboost|p1a: Cloyster|spd|1
|-boost|p1a: Cloyster|atk|2
|-boost|p1a: Cloyster|spa|2
|-boost|p1a: Cloyster|spe|2
|
|upkeep
|turn|9
|
|t:|1779645625
|-terastallize|p2a: Great Tusk|Steel
|move|p1a: Cloyster|Icicle Spear|p2a: Great Tusk
|-resisted|p2a: Great Tusk
|-damage|p2a: Great Tusk|83/100
|-resisted|p2a: Great Tusk
|-crit|p2a: Great Tusk
|-damage|p2a: Great Tusk|71/100
|-resisted|p2a: Great Tusk
|-damage|p2a: Great Tusk|62/100
|-resisted|p2a: Great Tusk
|-crit|p2a: Great Tusk
|-damage|p2a: Great Tusk|49/100
|-resisted|p2a: Great Tusk
|-damage|p2a: Great Tusk|41/100
|-hitcount|p2a: Great Tusk|5
|move|p2a: Great Tusk|Knock Off|p1a: Cloyster
|-supereffective|p1a: Cloyster
|-damage|p1a: Cloyster|42/100
|-enditem|p1a: Cloyster|Focus Sash|[from] move: Knock Off|[of] p2a: Great Tusk
|
|upkeep
|turn|10
|
|t:|1779645645
|-end|p2a: Great Tusk|Protosynthesis|[silent]
|switch|p2a: Primarina|Primarina, M|7/100
|-damage|p2a: Primarina|0 fnt|[from] Stealth Rock
|faint|p2a: Primarina
|move|p1a: Cloyster|Icicle Spear|p2: Primarina|[notarget]
|-fail|p1a: Cloyster
|
|upkeep
|
|t:|1779645656
|switch|p2a: Gholdengo|Gholdengo|100/100
|-damage|p2a: Gholdengo|94/100|[from] Stealth Rock
|-item|p2a: Gholdengo|Air Balloon
|turn|11
|
|t:|1779645662
|move|p1a: Cloyster|Icicle Spear|p2a: Gholdengo
|-resisted|p2a: Gholdengo
|-damage|p2a: Gholdengo|82/100
|-enditem|p2a: Gholdengo|Air Balloon
|-resisted|p2a: Gholdengo
|-damage|p2a: Gholdengo|68/100
|-resisted|p2a: Gholdengo
|-damage|p2a: Gholdengo|54/100
|-resisted|p2a: Gholdengo
|-damage|p2a: Gholdengo|41/100
|-resisted|p2a: Gholdengo
|-damage|p2a: Gholdengo|28/100
|-hitcount|p2a: Gholdengo|5
|move|p2a: Gholdengo|Shadow Ball|p1a: Cloyster
|-supereffective|p1a: Cloyster
|-damage|p1a: Cloyster|0 fnt
|faint|p1a: Cloyster
|
|upkeep
|
|t:|1779645678
|switch|p1a: Zamazenta|Zamazenta, shiny|100/100
|-ability|p1a: Zamazenta|Dauntless Shield|boost
|-boost|p1a: Zamazenta|def|1
|turn|12
|
|t:|1779645683
|move|p1a: Zamazenta|Crunch|p2a: Gholdengo
|-supereffective|p2a: Gholdengo
|-damage|p2a: Gholdengo|0 fnt
|faint|p2a: Gholdengo
|
|upkeep
|
|t:|1779645687
|switch|p2a: Gliscor|Gliscor, F|100/100 tox
|-damage|p2a: Gliscor|88/100 tox|[from] Stealth Rock
|turn|13
|
|t:|1779645695
|move|p1a: Zamazenta|Iron Defense|p1a: Zamazenta
|-boost|p1a: Zamazenta|def|2
|move|p2a: Gliscor|Toxic|p1a: Zamazenta
|-status|p1a: Zamazenta|tox
|-enditem|p1a: Zamazenta|Lum Berry|[eat]
|-curestatus|p1a: Zamazenta|tox|[msg]
|
|-heal|p2a: Gliscor|100/100 tox|[from] ability: Poison Heal
|upkeep
|turn|14
|
|t:|1779645710
|switch|p1a: Ditto|Ditto|100/100
|-transform|p1a: Ditto|p2a: Gliscor|[from] ability: Imposter
|move|p2a: Gliscor|Toxic|p1a: Ditto
|-status|p1a: Ditto|tox
|
|upkeep
|turn|15
|
|t:|1779645731
|move|p2a: Gliscor|Toxic|p1a: Ditto
|-fail|p1a: Ditto|tox
|move|p1a: Ditto|Earthquake|p2a: Gliscor
|-immune|p2a: Gliscor
|
|upkeep
|turn|16
|inactive|Gimmicksquad has 120 seconds left.
|
|t:|1779645752
|move|p2a: Gliscor|Toxic|p1a: Ditto
|-fail|p1a: Ditto|tox
|move|p1a: Ditto|Toxic|p2a: Gliscor
|-fail|p2a: Gliscor|tox
|
|upkeep
|turn|17
|
|t:|1779645755
|move|p2a: Gliscor|Toxic|p1a: Ditto
|-fail|p1a: Ditto|tox
|move|p1a: Ditto|Stealth Rock||[still]
|-fail|p1a: Ditto
|
|upkeep
|turn|18
|
|t:|1779645762
|move|p2a: Gliscor|Toxic|p1a: Ditto
|-fail|p1a: Ditto|tox
|move|p1a: Ditto|Toxic|p2a: Gliscor
|-fail|p2a: Gliscor|tox
|
|upkeep
|turn|19
|
|t:|1779645776
|move|p2a: Gliscor|Toxic|p1a: Ditto
|-fail|p1a: Ditto|tox
|move|p1a: Ditto|Stealth Rock||[still]
|-fail|p1a: Ditto
|
|upkeep
|turn|20
|
|t:|1779645784
|move|p2a: Gliscor|Toxic|p1a: Ditto
|-fail|p1a: Ditto|tox
|move|p1a: Ditto|Earthquake|p2a: Gliscor
|-immune|p2a: Gliscor
|
|upkeep
|turn|21
|
|t:|1779645790
|switch|p2a: Kyurem|Kyurem|100/100
|-damage|p2a: Kyurem|76/100|[from] Stealth Rock
|-ability|p2a: Kyurem|Pressure
|move|p1a: Ditto|Protect||[still]
|-fail|p1a: Ditto
|
|upkeep
|turn|22
|
|t:|1779645801
|move|p2a: Kyurem|Freeze-Dry|p1a: Ditto
|-supereffective|p1a: Ditto
|-enditem|p1a: Ditto|Focus Sash
|-damage|p1a: Ditto|1/100 tox
|move|p1a: Ditto|Toxic|p2a: Kyurem
|-status|p2a: Kyurem|tox
|
|-damage|p2a: Kyurem|70/100 tox|[from] psn
|-heal|p1a: Ditto|13/100 tox|[from] ability: Poison Heal
|upkeep
|turn|23
|
|t:|1779645809
|move|p1a: Ditto|Protect|p1a: Ditto
|-singleturn|p1a: Ditto|Protect
|move|p2a: Kyurem|Ice Beam|p1a: Ditto
|-activate|p1a: Ditto|move: Protect
|
|-damage|p2a: Kyurem|57/100 tox|[from] psn
|-heal|p1a: Ditto|25/100 tox|[from] ability: Poison Heal
|upkeep
|turn|24
|
|t:|1779645816
|switch|p1a: Lapras|Lapras, M|100/100
|move|p2a: Kyurem|Freeze-Dry|p1a: Lapras
|-damage|p1a: Lapras|76/100
|
|-damage|p2a: Kyurem|39/100 tox|[from] psn
|upkeep
|turn|25
|
|t:|1779645823
|move|p2a: Kyurem|Body Press|p1a: Lapras
|-supereffective|p1a: Lapras
|-damage|p1a: Lapras|42/100
|move|p1a: Lapras|Whirlpool|p2a: Kyurem
|-resisted|p2a: Kyurem
|-damage|p2a: Kyurem|35/100 tox
|-activate|p2a: Kyurem|move: Whirlpool|[of] p1a: Lapras
|
|-damage|p2a: Kyurem|11/100 tox|[from] psn
|-damage|p2a: Kyurem|0 fnt|[from] move: Whirlpool|[partiallytrapped]
|faint|p2a: Kyurem
|upkeep
|
|t:|1779645827
|switch|p2a: Great Tusk|Great Tusk, tera:Steel|41/100
|-damage|p2a: Great Tusk|35/100|[from] Stealth Rock
|turn|26
|
|t:|1779645838
|move|p2a: Great Tusk|Headlong Rush|p1a: Lapras
|-damage|p1a: Lapras|0 fnt
|-unboost|p2a: Great Tusk|def|1
|-unboost|p2a: Great Tusk|spd|1
|faint|p1a: Lapras
|
|upkeep
|
|t:|1779645855
|switch|p1a: Zamazenta|Zamazenta, shiny|100/100
|turn|27
|
|t:|1779645857
|-end|p2a: Great Tusk|Protosynthesis|[silent]
|switch|p2a: Gliscor|Gliscor, F|100/100 tox
|-damage|p2a: Gliscor|88/100 tox|[from] Stealth Rock
|move|p1a: Zamazenta|Iron Defense|p1a: Zamazenta
|-boost|p1a: Zamazenta|def|2
|
|-heal|p2a: Gliscor|100/100 tox|[from] ability: Poison Heal
|upkeep
|turn|28
|
|t:|1779645863
|switch|p1a: Ditto|Ditto|25/100 tox
|-transform|p1a: Ditto|p2a: Gliscor|[from] ability: Imposter
|move|p2a: Gliscor|Toxic|p1a: Ditto
|-fail|p1a: Ditto|tox
|
|-heal|p1a: Ditto|38/100 tox|[from] ability: Poison Heal
|upkeep
|turn|29
|
|t:|1779645873
|switch|p2a: Lokix|Lokix, M|100/100
|-damage|p2a: Lokix|76/100|[from] Stealth Rock
|move|p1a: Ditto|Earthquake|p2a: Lokix
|-resisted|p2a: Lokix
|-damage|p2a: Lokix|52/100
|
|-heal|p1a: Ditto|50/100 tox|[from] ability: Poison Heal
|upkeep
|turn|30
|
|t:|1779645879
|move|p1a: Ditto|Protect|p1a: Ditto
|-singleturn|p1a: Ditto|Protect
|move|p2a: Lokix|Leech Life|p1a: Ditto
|-activate|p1a: Ditto|move: Protect
|
|-heal|p1a: Ditto|62/100 tox|[from] ability: Poison Heal
|upkeep
|turn|31
|
|t:|1779645886
|move|p2a: Lokix|Leech Life|p1a: Ditto
|-resisted|p1a: Ditto
|-damage|p1a: Ditto|18/100 tox
|-heal|p2a: Lokix|75/100|[from] drain|[of] p1a: Ditto
|move|p1a: Ditto|Toxic|p2a: Lokix
|-status|p2a: Lokix|tox
|
|-damage|p2a: Lokix|69/100 tox|[from] psn
|-heal|p1a: Ditto|31/100 tox|[from] ability: Poison Heal
|upkeep
|turn|32
|
|t:|1779645892
|move|p1a: Ditto|Protect|p1a: Ditto
|-singleturn|p1a: Ditto|Protect
|move|p2a: Lokix|Leech Life|p1a: Ditto
|-activate|p1a: Ditto|move: Protect
|
|-damage|p2a: Lokix|57/100 tox|[from] psn
|-heal|p1a: Ditto|43/100 tox|[from] ability: Poison Heal
|upkeep
|turn|33
|
|t:|1779645908
|switch|p1a: Zamazenta|Zamazenta, shiny|100/100
|move|p2a: Lokix|Leech Life|p1a: Zamazenta
|-resisted|p1a: Zamazenta
|-damage|p1a: Zamazenta|52/100
|-heal|p2a: Lokix|85/100 tox|[from] drain|[of] p1a: Zamazenta
|
|-damage|p2a: Lokix|67/100 tox|[from] psn
|upkeep
|turn|34
|
|t:|1779645916
|switch|p2a: Gliscor|Gliscor, F|100/100 tox
|-damage|p2a: Gliscor|88/100 tox|[from] Stealth Rock
|move|p1a: Zamazenta|Iron Defense|p1a: Zamazenta
|-boost|p1a: Zamazenta|def|2
|
|-heal|p2a: Gliscor|100/100 tox|[from] ability: Poison Heal
|upkeep
|turn|35
|
|t:|1779645922
|switch|p1a: Ditto|Ditto|43/100 tox
|-transform|p1a: Ditto|p2a: Gliscor|[from] ability: Imposter
|move|p2a: Gliscor|Stealth Rock|p1a: Ditto
|-sidestart|p1: Gimmicksquad|move: Stealth Rock
|
|-heal|p1a: Ditto|55/100 tox|[from] ability: Poison Heal
|upkeep
|turn|36
|
|t:|1779645937
|move|p2a: Gliscor|Stealth Rock||[still]
|-fail|p2a: Gliscor
|move|p1a: Ditto|Earthquake|p2a: Gliscor
|-immune|p2a: Gliscor
|
|-heal|p1a: Ditto|68/100 tox|[from] ability: Poison Heal
|upkeep
|turn|37
|
|t:|1779645942
|switch|p2a: Great Tusk|Great Tusk, tera:Steel|35/100
|-damage|p2a: Great Tusk|29/100|[from] Stealth Rock
|move|p1a: Ditto|Earthquake|p2a: Great Tusk
|-supereffective|p2a: Great Tusk
|-damage|p2a: Great Tusk|0 fnt
|faint|p2a: Great Tusk
|-end|p2a: Great Tusk|Protosynthesis|[silent]
|
|-heal|p1a: Ditto|80/100 tox|[from] ability: Poison Heal
|upkeep
|
|t:|1779645948
|switch|p2a: Lokix|Lokix, M|67/100 tox
|-damage|p2a: Lokix|43/100 tox|[from] Stealth Rock
|turn|38
|
|t:|1779645952
|move|p1a: Ditto|Protect|p1a: Ditto
|-singleturn|p1a: Ditto|Protect
|move|p2a: Lokix|Leech Life|p1a: Ditto
|-activate|p1a: Ditto|move: Protect
|
|-damage|p2a: Lokix|37/100 tox|[from] psn
|-heal|p1a: Ditto|92/100 tox|[from] ability: Poison Heal
|upkeep
|turn|39
|
|t:|1779645958
|move|p2a: Lokix|Leech Life|p1a: Ditto
|-resisted|p1a: Ditto
|-damage|p1a: Ditto|46/100 tox
|-heal|p2a: Lokix|61/100 tox|[from] drain|[of] p1a: Ditto
|move|p1a: Ditto|Earthquake|p2a: Lokix
|-resisted|p2a: Lokix
|-damage|p2a: Lokix|37/100 tox
|
|-damage|p2a: Lokix|25/100 tox|[from] psn
|-heal|p1a: Ditto|59/100 tox|[from] ability: Poison Heal
|upkeep
|turn|40
|
|t:|1779645965
|move|p1a: Ditto|Protect|p1a: Ditto
|-singleturn|p1a: Ditto|Protect
|move|p2a: Lokix|Leech Life|p1a: Ditto
|-activate|p1a: Ditto|move: Protect
|
|-damage|p2a: Lokix|7/100 tox|[from] psn
|-heal|p1a: Ditto|71/100 tox|[from] ability: Poison Heal
|upkeep
|turn|41
|
|t:|1779645973
|move|p2a: Lokix|Leech Life|p1a: Ditto
|-resisted|p1a: Ditto
|-damage|p1a: Ditto|30/100 tox
|-heal|p2a: Lokix|28/100 tox|[from] drain|[of] p1a: Ditto
|move|p1a: Ditto|Earthquake|p2a: Lokix
|-resisted|p2a: Lokix
|-damage|p2a: Lokix|4/100 tox
|
|-damage|p2a: Lokix|0 fnt|[from] psn
|faint|p2a: Lokix
|-heal|p1a: Ditto|43/100 tox|[from] ability: Poison Heal
|upkeep
|
|t:|1779645976
|switch|p2a: Gliscor|Gliscor, F|100/100 tox
|-damage|p2a: Gliscor|88/100 tox|[from] Stealth Rock
|turn|42
|
|t:|1779645982
|move|p2a: Gliscor|Earthquake|p1a: Ditto
|-immune|p1a: Ditto
|move|p1a: Ditto|Stealth Rock||[still]
|-fail|p1a: Ditto
|
|-heal|p2a: Gliscor|100/100 tox|[from] ability: Poison Heal
|-heal|p1a: Ditto|55/100 tox|[from] ability: Poison Heal
|upkeep
|turn|43
|
|t:|1779645987
|move|p2a: Gliscor|Earthquake|p1a: Ditto
|-immune|p1a: Ditto
|move|p1a: Ditto|Stealth Rock||[still]
|-fail|p1a: Ditto
|
|-heal|p1a: Ditto|67/100 tox|[from] ability: Poison Heal
|upkeep
|turn|44
|
|t:|1779645992
|move|p2a: Gliscor|Earthquake|p1a: Ditto
|-immune|p1a: Ditto
|move|p1a: Ditto|Stealth Rock||[still]
|-fail|p1a: Ditto
|
|-heal|p1a: Ditto|80/100 tox|[from] ability: Poison Heal
|upkeep
|turn|45
|
|t:|1779645994
|move|p2a: Gliscor|Earthquake|p1a: Ditto
|-immune|p1a: Ditto
|move|p1a: Ditto|Stealth Rock||[still]
|-fail|p1a: Ditto
|
|-heal|p1a: Ditto|92/100 tox|[from] ability: Poison Heal
|upkeep
|turn|46
|
|t:|1779645996
|move|p2a: Gliscor|Earthquake|p1a: Ditto
|-immune|p1a: Ditto
|move|p1a: Ditto|Stealth Rock||[still]
|-fail|p1a: Ditto
|
|-heal|p1a: Ditto|100/100 tox|[from] ability: Poison Heal
|upkeep
|turn|47
|
|t:|1779645998
|move|p1a: Ditto|Protect|p1a: Ditto
|-singleturn|p1a: Ditto|Protect
|move|p2a: Gliscor|Earthquake|p1a: Ditto
|-activate|p1a: Ditto|move: Protect
|
|upkeep
|turn|48
|
|t:|1779646006
|move|p2a: Gliscor|Earthquake|p1a: Ditto
|-immune|p1a: Ditto
|move|p1a: Ditto|Earthquake|p2a: Gliscor
|-immune|p2a: Gliscor
|
|upkeep
|turn|49
|
|t:|1779646007
|move|p1a: Ditto|Protect|p1a: Ditto
|-singleturn|p1a: Ditto|Protect
|move|p2a: Gliscor|Earthquake|p1a: Ditto
|-activate|p1a: Ditto|move: Protect
|
|upkeep
|turn|50
|
|t:|1779646009
|move|p2a: Gliscor|Earthquake|p1a: Ditto
|-immune|p1a: Ditto
|move|p1a: Ditto|Toxic|p2a: Gliscor
|-fail|p2a: Gliscor|tox
|
|upkeep
|turn|51
|
|t:|1779646012
|move|p2a: Gliscor|Earthquake|p1a: Ditto
|-immune|p1a: Ditto
|move|p1a: Ditto|Toxic|p2a: Gliscor
|-fail|p2a: Gliscor|tox
|
|upkeep
|turn|52
|
|t:|1779646015
|move|p2a: Gliscor|Earthquake|p1a: Ditto
|-immune|p1a: Ditto
|move|p1a: Ditto|Toxic|p2a: Gliscor
|-fail|p2a: Gliscor|tox
|
|upkeep
|turn|53
|
|t:|1779646017
|move|p2a: Gliscor|Earthquake|p1a: Ditto
|-immune|p1a: Ditto
|move|p1a: Ditto|Toxic|p2a: Gliscor
|-fail|p2a: Gliscor|tox
|
|upkeep
|turn|54
|
|t:|1779646019
|move|p2a: Gliscor|Earthquake|p1a: Ditto
|-immune|p1a: Ditto
|move|p1a: Ditto|Toxic|p2a: Gliscor
|-fail|p2a: Gliscor|tox
|
|upkeep
|turn|55
|
|t:|1779646022
|move|p1a: Ditto|Protect|p1a: Ditto
|-singleturn|p1a: Ditto|Protect
|move|p2a: Gliscor|Earthquake|p1a: Ditto
|-activate|p1a: Ditto|move: Protect
|
|upkeep
|turn|56
|
|t:|1779646027
|switch|p1a: Zamazenta|Zamazenta, shiny|52/100
|-damage|p1a: Zamazenta|46/100|[from] Stealth Rock
|move|p2a: Gliscor|Earthquake|p1a: Zamazenta
|-damage|p1a: Zamazenta|20/100
|
|upkeep
|turn|57
|
|t:|1779646031
|move|p1a: Zamazenta|Iron Defense|p1a: Zamazenta
|-boost|p1a: Zamazenta|def|2
|move|p2a: Gliscor|Earthquake|p1a: Zamazenta
|-damage|p1a: Zamazenta|4/100
|
|upkeep
|turn|58
|
|t:|1779646039
|move|p1a: Zamazenta|Crunch|p2a: Gliscor
|-damage|p2a: Gliscor|84/100 tox
|-activate|p2a: Gliscor|move: Struggle
|move|p2a: Gliscor|Struggle|p1a: Zamazenta
|-damage|p1a: Zamazenta|0 fnt
|faint|p1a: Zamazenta
|-damage|p2a: Gliscor|58/100 tox|[from] recoil
|
|-heal|p2a: Gliscor|71/100 tox|[from] ability: Poison Heal
|upkeep
|
|t:|1779646045
|switch|p1a: Ditto|Ditto|100/100 tox
|-damage|p1a: Ditto|88/100 tox|[from] Stealth Rock
|-transform|p1a: Ditto|p2a: Gliscor|[from] ability: Imposter
|turn|59
|
|t:|1779646051
|move|p1a: Ditto|Protect|p1a: Ditto
|-singleturn|p1a: Ditto|Protect
|-activate|p2a: Gliscor|move: Struggle
|move|p2a: Gliscor|Struggle|p1a: Ditto
|-activate|p1a: Ditto|move: Protect
|
|-heal|p2a: Gliscor|83/100 tox|[from] ability: Poison Heal
|-heal|p1a: Ditto|100/100 tox|[from] ability: Poison Heal
|upkeep
|turn|60
|
|t:|1779646057
|-activate|p2a: Gliscor|move: Struggle
|move|p2a: Gliscor|Struggle|p1a: Ditto
|-damage|p1a: Ditto|92/100 tox
|-damage|p2a: Gliscor|58/100 tox|[from] recoil
|move|p1a: Ditto|Stealth Rock||[still]
|-fail|p1a: Ditto
|
|-heal|p2a: Gliscor|71/100 tox|[from] ability: Poison Heal
|-heal|p1a: Ditto|100/100 tox|[from] ability: Poison Heal
|upkeep
|turn|61
|
|t:|1779646064
|-activate|p2a: Gliscor|move: Struggle
|move|p2a: Gliscor|Struggle|p1a: Ditto
|-damage|p1a: Ditto|92/100 tox
|-damage|p2a: Gliscor|45/100 tox|[from] recoil
|move|p1a: Ditto|Stealth Rock||[still]
|-fail|p1a: Ditto
|
|-heal|p2a: Gliscor|58/100 tox|[from] ability: Poison Heal
|-heal|p1a: Ditto|100/100 tox|[from] ability: Poison Heal
|upkeep
|turn|62
|
|t:|1779646067
|-activate|p2a: Gliscor|move: Struggle
|move|p2a: Gliscor|Struggle|p1a: Ditto
|-damage|p1a: Ditto|92/100 tox
|-damage|p2a: Gliscor|33/100 tox|[from] recoil
|move|p1a: Ditto|Stealth Rock||[still]
|-fail|p1a: Ditto
|
|-heal|p2a: Gliscor|45/100 tox|[from] ability: Poison Heal
|-heal|p1a: Ditto|100/100 tox|[from] ability: Poison Heal
|upkeep
|turn|63
|
|t:|1779646068
|-activate|p2a: Gliscor|move: Struggle
|move|p2a: Gliscor|Struggle|p1a: Ditto
|-damage|p1a: Ditto|92/100 tox
|-damage|p2a: Gliscor|20/100 tox|[from] recoil
|move|p1a: Ditto|Stealth Rock||[still]
|-fail|p1a: Ditto
|
|-heal|p2a: Gliscor|32/100 tox|[from] ability: Poison Heal
|-heal|p1a: Ditto|100/100 tox|[from] ability: Poison Heal
|upkeep
|turn|64
|
|t:|1779646070
|-activate|p2a: Gliscor|move: Struggle
|move|p2a: Gliscor|Struggle|p1a: Ditto
|-damage|p1a: Ditto|92/100 tox
|-damage|p2a: Gliscor|7/100 tox|[from] recoil
|move|p1a: Ditto|Stealth Rock||[still]
|-fail|p1a: Ditto
|
|-heal|p2a: Gliscor|20/100 tox|[from] ability: Poison Heal
|-heal|p1a: Ditto|100/100 tox|[from] ability: Poison Heal
|upkeep
|turn|65
|
|t:|1779646073
|-activate|p2a: Gliscor|move: Struggle
|move|p2a: Gliscor|Struggle|p1a: Ditto
|-damage|p1a: Ditto|91/100 tox
|-damage|p2a: Gliscor|0 fnt|[from] recoil
|faint|p2a: Gliscor
|
|win|Gimmicksquad
|raw|Gimmicksquad's rating: 1401 &rarr; <strong>1425</strong><br />(+24 for winning)
|raw|Thederpa1's rating: 1479 &rarr; <strong>1455</strong><br />(-24 for losing)
|l|☆Thederpa1
|player|p2|
|l|☆Gimmicksquad
|player|p1|
