|j|☆x789123
|j|☆claudechamp
|t:|1779699198
|gametype|singles
|player|p1|x789123|skierf|1125
|player|p2|claudechamp|169|1152
|gen|9
|tier|[Gen 9] OU
|rated|
|rule|HP Percentage Mod: HP is shown in percentages
|rule|Endless Battle Clause: Forcing endless battles is banned
|rule|Species Clause: Limit one of each Pokémon
|rule|OHKO Clause: OHKO moves are banned
|rule|Evasion Items Clause: Evasion items are banned
|rule|Evasion Moves Clause: Evasion moves are banned
|rule|Evasion Abilities Clause: Evasion abilities are banned
|rule|Sleep Moves Clause: Sleep-inducing moves are banned
|clearpoke
|poke|p1|Slowking-Galar, M|
|poke|p1|Scizor, M|
|poke|p1|Hydrapple, F|
|poke|p1|Cinderace, F|
|poke|p1|Sandy Shocks|
|poke|p1|Alomomola, F|
|poke|p2|Gliscor, M|
|poke|p2|Ogerpon, F|
|poke|p2|Walking Wake|
|poke|p2|Blissey, F|
|poke|p2|Corviknight, F|
|poke|p2|Pecharunt|
|teampreview
|c|☆claudechamp|hf
|inactive|Battle timer is ON: inactive players will automatically lose when time's up. (requested by claudechamp)
|
|t:|1779699221
|teamsize|p1|6
|teamsize|p2|6
|start
|switch|p1a: Cinderace|Cinderace, F|100/100
|switch|p2a: Gliscor|Gliscor, M|100/100
|turn|1
|
|t:|1779699224
|move|p2a: Gliscor|Protect|p2a: Gliscor
|-singleturn|p2a: Gliscor|Protect
|move|p1a: Cinderace|U-turn|p2a: Gliscor
|-start|p1a: Cinderace|typechange|Bug|[from] ability: Libero
|-activate|p2a: Gliscor|move: Protect
|
|-status|p2a: Gliscor|tox|[from] item: Toxic Orb
|upkeep
|turn|2
|
|t:|1779699228
|move|p1a: Cinderace|U-turn|p2a: Gliscor
|-resisted|p2a: Gliscor
|-damage|p2a: Gliscor|86/100 tox
|
|t:|1779699239
|switch|p1a: Hydrapple|Hydrapple, F|100/100|[from] U-turn
|move|p2a: Gliscor|Spikes|p1a: Hydrapple
|-sidestart|p1: x789123|Spikes
|
|-heal|p2a: Gliscor|99/100 tox|[from] ability: Poison Heal
|upkeep
|turn|3
|
|t:|1779699242
|move|p2a: Gliscor|Spikes|p1a: Hydrapple
|-sidestart|p1: x789123|Spikes
|move|p1a: Hydrapple|Hydro Pump|p2a: Gliscor
|-supereffective|p2a: Gliscor
|-damage|p2a: Gliscor|31/100 tox
|
|-heal|p2a: Gliscor|43/100 tox|[from] ability: Poison Heal
|upkeep
|turn|4
|
|t:|1779699252
|switch|p2a: Walking Wake|Walking Wake|100/100
|move|p1a: Hydrapple|Hydro Pump|p2a: Walking Wake
|-resisted|p2a: Walking Wake
|-damage|p2a: Walking Wake|90/100
|
|upkeep
|turn|5
|
|t:|1779699260
|switch|p1a: Slowking|Slowking-Galar, M|100/100
|-damage|p1a: Slowking|84/100|[from] Spikes
|move|p2a: Walking Wake|Draco Meteor|p1a: Slowking
|-damage|p1a: Slowking|45/100
|-unboost|p2a: Walking Wake|spa|2
|
|-heal|p1a: Slowking|51/100|[from] item: Black Sludge
|upkeep
|turn|6
|
|t:|1779699265
|-end|p2a: Walking Wake|Protosynthesis|[silent]
|switch|p2a: Gliscor|Gliscor, M|43/100 tox
|move|p1a: Slowking|Trick|p2a: Gliscor
|-activate|p1a: Slowking|move: Trick|[of] p2a: Gliscor
|-item|p2a: Gliscor|Black Sludge|[from] move: Trick
|-item|p1a: Slowking|Toxic Orb|[from] move: Trick
|
|-damage|p2a: Gliscor|31/100 tox|[from] item: Black Sludge
|-heal|p2a: Gliscor|43/100 tox|[from] ability: Poison Heal
|upkeep
|turn|7
|
|t:|1779699272
|move|p2a: Gliscor|Earthquake|p1a: Slowking
|-supereffective|p1a: Slowking
|-damage|p1a: Slowking|0 fnt
|faint|p1a: Slowking
|
|-damage|p2a: Gliscor|31/100 tox|[from] item: Black Sludge
|-heal|p2a: Gliscor|43/100 tox|[from] ability: Poison Heal
|upkeep
|
|t:|1779699279
|switch|p1a: Hydrapple|Hydrapple, F|100/100
|-damage|p1a: Hydrapple|84/100|[from] Spikes
|turn|8
|
|t:|1779699281
|switch|p2a: Blissey|Blissey, F|100/100
|move|p1a: Hydrapple|Giga Drain|p2a: Blissey
|-damage|p2a: Blissey|89/100
|-heal|p1a: Hydrapple|95/100|[from] drain|[of] p2a: Blissey
|
|upkeep
|turn|9
|
|t:|1779699287
|move|p2a: Blissey|Stealth Rock|p1a: Hydrapple
|-sidestart|p1: x789123|move: Stealth Rock
|move|p1a: Hydrapple|Nasty Plot|p1a: Hydrapple
|-boost|p1a: Hydrapple|spa|2
|
|upkeep
|turn|10
|
|t:|1779699290
|move|p2a: Blissey|Seismic Toss|p1a: Hydrapple
|-damage|p1a: Hydrapple|66/100
|-damage|p2a: Blissey|72/100|[from] item: Rocky Helmet|[of] p1a: Hydrapple
|move|p1a: Hydrapple|Nasty Plot|p1a: Hydrapple
|-boost|p1a: Hydrapple|spa|2
|
|upkeep
|turn|11
|
|t:|1779699295
|move|p2a: Blissey|Seismic Toss|p1a: Hydrapple
|-damage|p1a: Hydrapple|38/100
|-damage|p2a: Blissey|56/100|[from] item: Rocky Helmet|[of] p1a: Hydrapple
|move|p1a: Hydrapple|Nasty Plot|p1a: Hydrapple
|-boost|p1a: Hydrapple|spa|2
|
|upkeep
|turn|12
|
|t:|1779699302
|move|p2a: Blissey|Seismic Toss|p1a: Hydrapple
|-damage|p1a: Hydrapple|10/100
|-damage|p2a: Blissey|39/100|[from] item: Rocky Helmet|[of] p1a: Hydrapple
|move|p1a: Hydrapple|Giga Drain|p2a: Blissey
|-damage|p2a: Blissey|0 fnt
|-heal|p1a: Hydrapple|46/100|[from] drain|[of] p2a: Blissey
|faint|p2a: Blissey
|
|upkeep
|
|t:|1779699306
|switch|p2a: Pecharunt|Pecharunt|100/100
|turn|13
|
|t:|1779699319
|move|p2a: Pecharunt|Malignant Chain|p1a: Hydrapple
|-supereffective|p1a: Hydrapple
|-damage|p1a: Hydrapple|0 fnt
|faint|p1a: Hydrapple
|
|upkeep
|
|t:|1779699324
|switch|p1a: Cinderace|Cinderace, F|100/100
|turn|14
|
|t:|1779699326
|move|p1a: Cinderace|Court Change|p1a: Cinderace
|-start|p1a: Cinderace|typechange|Normal|[from] ability: Libero
|-swapsideconditions
|-activate|p1a: Cinderace|move: Court Change
|move|p2a: Pecharunt|Malignant Chain|p1a: Cinderace
|-damage|p1a: Cinderace|58/100
|
|upkeep
|turn|15
|
|t:|1779699332
|move|p1a: Cinderace|U-turn|p2a: Pecharunt
|-resisted|p2a: Pecharunt
|-damage|p2a: Pecharunt|98/100
|
|t:|1779699335
|switch|p1a: Scizor|Scizor, M|100/100|[from] U-turn
|move|p2a: Pecharunt|Foul Play|p1a: Scizor
|-damage|p1a: Scizor|66/100
|
|upkeep
|turn|16
|
|t:|1779699338
|move|p2a: Pecharunt|Foul Play|p1a: Scizor
|-crit|p1a: Scizor
|-damage|p1a: Scizor|12/100
|move|p1a: Scizor|Knock Off|p2a: Pecharunt
|-supereffective|p2a: Pecharunt
|-damage|p2a: Pecharunt|43/100
|-enditem|p2a: Pecharunt|Heavy-Duty Boots|[from] move: Knock Off|[of] p1a: Scizor
|
|upkeep
|turn|17
|
|t:|1779699343
|switch|p1a: Alomomola|Alomomola, F|100/100
|move|p2a: Pecharunt|Foul Play|p1a: Alomomola
|-damage|p1a: Alomomola|92/100
|
|-heal|p1a: Alomomola|98/100|[from] item: Leftovers
|upkeep
|turn|18
|
|t:|1779699347
|move|p2a: Pecharunt|Recover|p2a: Pecharunt
|-heal|p2a: Pecharunt|93/100
|move|p1a: Alomomola|Wish|p1a: Alomomola
|
|-heal|p1a: Alomomola|100/100|[from] item: Leftovers
|upkeep
|turn|19
|
|t:|1779699353
|move|p2a: Pecharunt|Malignant Chain|p1a: Alomomola
|-crit|p1a: Alomomola
|-damage|p1a: Alomomola|43/100
|move|p1a: Alomomola|Flip Turn|p2a: Pecharunt
|-damage|p2a: Pecharunt|85/100
|
|t:|1779699357
|switch|p1a: Scizor|Scizor, M|12/100|[from] Flip Turn
|
|-heal|p1a: Scizor|89/100|[from] move: Wish|[wisher] Alomomola
|upkeep
|turn|20
|
|t:|1779699367
|-terastallize|p2a: Pecharunt|Dark
|move|p2a: Pecharunt|Foul Play|p1a: Scizor
|-damage|p1a: Scizor|33/100
|move|p1a: Scizor|U-turn|p2a: Pecharunt
|-supereffective|p2a: Pecharunt
|-damage|p2a: Pecharunt|33/100
|
|t:|1779699372
|switch|p1a: Alomomola|Alomomola, F|77/100|[from] U-turn
|
|-heal|p1a: Alomomola|83/100|[from] item: Leftovers
|upkeep
|turn|21
|
|t:|1779699376
|move|p2a: Pecharunt|Recover|p2a: Pecharunt
|-heal|p2a: Pecharunt|83/100
|move|p1a: Alomomola|Mirror Coat||[still]
|-fail|p1a: Alomomola
|
|-heal|p1a: Alomomola|89/100|[from] item: Leftovers
|upkeep
|turn|22
|
|t:|1779699380
|move|p2a: Pecharunt|Malignant Chain|p1a: Alomomola
|-damage|p1a: Alomomola|50/100
|-status|p1a: Alomomola|tox
|-start|p1a: Alomomola|confusion|[from] ability: Poison Puppeteer|[of] p2a: Pecharunt
|-activate|p1a: Alomomola|confusion
|-damage|p1a: Alomomola|46/100 tox|[from] confusion
|
|-heal|p1a: Alomomola|52/100 tox|[from] item: Leftovers
|-damage|p1a: Alomomola|46/100 tox|[from] psn
|upkeep
|turn|23
|
|t:|1779699387
|move|p2a: Pecharunt|Foul Play|p1a: Alomomola
|-damage|p1a: Alomomola|32/100 tox
|-activate|p1a: Alomomola|confusion
|move|p1a: Alomomola|Flip Turn|p2a: Pecharunt
|-damage|p2a: Pecharunt|74/100
|
|t:|1779699389
|switch|p1a: Scizor|Scizor, M|33/100|[from] Flip Turn
|
|upkeep
|turn|24
|
|t:|1779699396
|move|p2a: Pecharunt|Foul Play|p1a: Scizor
|-damage|p1a: Scizor|0 fnt
|faint|p1a: Scizor
|
|upkeep
|-message|x789123 forfeited.
|
|win|claudechamp
|raw|x789123's rating: 1125 &rarr; <strong>1100</strong><br />(-25 for losing)
|raw|claudechamp's rating: 1123 &rarr; <strong>1148</strong><br />(+25 for winning)
|c|☆claudechamp|gg
|l|☆x789123
|player|p1|
