|j|☆tanmaysinha7
|j|☆Tgod33
|t:|1779611674
|gametype|singles
|player|p1|tanmaysinha7|hilbert-wonderlauncher|1167
|player|p2|Tgod33|266|1167
|gen|9
|tier|[Gen 9] OU
|rated|
|rule|HP Percentage Mod: HP is shown in percentages
|rule|Endless Battle Clause: Forcing endless battles is banned
|rule|Species Clause: Limit one of each Pokémon
|rule|OHKO Clause: OHKO moves are banned
|rule|Evasion Items Clause: Evasion items are banned
|rule|Evasion Moves Clause: Evasion moves are banned
|rule|Evasion Abilities Clause: Evasion abilities are banned
|rule|Sleep Moves Clause: Sleep-inducing moves are banned
|clearpoke
|poke|p1|Kyurem|
|poke|p1|Cinderace, F|
|poke|p1|Dragapult, F|
|poke|p1|Slowking-Galar, M|
|poke|p1|Zamazenta-*|
|poke|p1|Kingambit, M|
|poke|p2|Iron Jugulis|
|poke|p2|Politoed, F|
|poke|p2|Ogerpon, F|
|poke|p2|Tornadus-Therian, M|
|poke|p2|Excadrill, M|
|poke|p2|Uxie|
|teampreview
|inactive|Battle timer is ON: inactive players will automatically lose when time's up. (requested by tanmaysinha7)
|
|t:|1779611700
|teamsize|p1|6
|teamsize|p2|6
|start
|switch|p1a: Kyurem|Kyurem|100/100
|switch|p2a: Politoed|Politoed, F|100/100
|-ability|p1a: Kyurem|Pressure
|-weather|RainDance|[from] ability: Drizzle|[of] p2a: Politoed
|turn|1
|
|t:|1779611718
|switch|p2a: Uxie|Uxie|100/100
|move|p1a: Kyurem|Freeze-Dry|p2a: Uxie
|-damage|p2a: Uxie|55/100
|
|-weather|RainDance|[upkeep]
|upkeep
|turn|2
|
|t:|1779611735
|switch|p1a: Slowking|Slowking-Galar, M|100/100
|move|p2a: Uxie|Thunder Wave|p1a: Slowking|[miss]
|-miss|p2a: Uxie|p1a: Slowking
|
|-weather|RainDance|[upkeep]
|upkeep
|turn|3
|
|t:|1779611755
|switch|p2a: Politoed|Politoed, F|100/100
|move|p1a: Slowking|Sludge Bomb|p2a: Politoed
|-damage|p2a: Politoed|73/100
|
|-weather|RainDance|[upkeep]
|upkeep
|turn|4
|
|t:|1779611764
|move|p2a: Politoed|Earth Power|p1a: Slowking
|-supereffective|p1a: Slowking
|-damage|p1a: Slowking|68/100
|move|p1a: Slowking|Future Sight|p2a: Politoed
|-start|p1a: Slowking|move: Future Sight
|
|-weather|RainDance|[upkeep]
|upkeep
|turn|5
|
|t:|1779611773
|switch|p2a: Iron Jugulis|Iron Jugulis|100/100
|-enditem|p2a: Iron Jugulis|Booster Energy
|-activate|p2a: Iron Jugulis|ability: Quark Drive|[fromitem]
|-start|p2a: Iron Jugulis|quarkdrivespe
|move|p1a: Slowking|Sludge Bomb|p2a: Iron Jugulis
|-damage|p2a: Iron Jugulis|58/100
|-status|p2a: Iron Jugulis|psn
|
|-weather|none
|-damage|p2a: Iron Jugulis|45/100 psn|[from] psn
|upkeep
|turn|6
|
|t:|1779611785
|move|p2a: Iron Jugulis|Dark Pulse|p1a: Slowking
|-supereffective|p1a: Slowking
|-damage|p1a: Slowking|36/100
|move|p1a: Slowking|Sludge Bomb|p2a: Iron Jugulis
|-damage|p2a: Iron Jugulis|1/100 psn
|
|-end|p2a: Iron Jugulis|move: Future Sight
|-immune|p2a: Iron Jugulis
|-damage|p2a: Iron Jugulis|0 fnt|[from] psn
|faint|p2a: Iron Jugulis
|-end|p2a: Iron Jugulis|Quark Drive|[silent]
|upkeep
|
|t:|1779611798
|switch|p2a: Excadrill|Excadrill, M|100/100
|-ability|p2a: Excadrill|Mold Breaker
|turn|7
|
|t:|1779611804
|move|p2a: Excadrill|Swords Dance|p2a: Excadrill
|-boost|p2a: Excadrill|atk|2
|move|p1a: Slowking|Flamethrower|p2a: Excadrill
|-supereffective|p2a: Excadrill
|-damage|p2a: Excadrill|44/100
|
|upkeep
|turn|8
|
|t:|1779611814
|move|p2a: Excadrill|Rapid Spin|p1a: Slowking
|-damage|p1a: Slowking|0 fnt
|-boost|p2a: Excadrill|spe|1
|faint|p1a: Slowking
|-damage|p2a: Excadrill|34/100|[from] item: Life Orb
|
|upkeep
|
|t:|1779611823
|switch|p1a: Dragapult|Dragapult, F|100/100
|turn|9
|
|t:|1779611827
|move|p2a: Excadrill|Earthquake|p1a: Dragapult
|-damage|p1a: Dragapult|0 fnt
|faint|p1a: Dragapult
|-damage|p2a: Excadrill|24/100|[from] item: Life Orb
|
|upkeep
|
|t:|1779611835
|switch|p1a: Kyurem|Kyurem|100/100
|-ability|p1a: Kyurem|Pressure
|turn|10
|
|t:|1779611850
|move|p2a: Excadrill|Iron Head|p1a: Kyurem
|-supereffective|p1a: Kyurem
|-damage|p1a: Kyurem|0 fnt
|faint|p1a: Kyurem
|-damage|p2a: Excadrill|14/100|[from] item: Life Orb
|
|upkeep
|
|t:|1779611856
|switch|p1a: Kingambit|Kingambit, M, shiny|100/100
|-activate|p1a: Kingambit|ability: Supreme Overlord
|-start|p1a: Kingambit|fallen3|[silent]
|turn|11
|
|t:|1779611864
|-terastallize|p1a: Kingambit|Ghost
|move|p1a: Kingambit|Sucker Punch|p2a: Excadrill
|-damage|p2a: Excadrill|0 fnt
|faint|p2a: Excadrill
|
|upkeep
|
|t:|1779611875
|switch|p2a: Uxie|Uxie|55/100
|turn|12
|
|t:|1779611879
|move|p1a: Kingambit|Sucker Punch||[still]
|-fail|p1a: Kingambit
|move|p2a: Uxie|Trick|p1a: Kingambit
|-activate|p2a: Uxie|move: Trick|[of] p1a: Kingambit
|-item|p1a: Kingambit|Choice Scarf|[from] move: Trick
|-item|p2a: Uxie|Black Glasses|[from] move: Trick
|
|upkeep
|turn|13
|
|t:|1779611894
|move|p1a: Kingambit|Sucker Punch||[still]
|-fail|p1a: Kingambit
|move|p2a: Uxie|Thunder Wave|p1a: Kingambit
|-status|p1a: Kingambit|par
|
|upkeep
|turn|14
|
|t:|1779611901
|move|p1a: Kingambit|Sucker Punch||[still]
|-fail|p1a: Kingambit
|move|p2a: Uxie|Pain Split|p1a: Kingambit
|-sethp|p1a: Kingambit|74/100 par|[from] move: Pain Split|[silent]
|-sethp|p2a: Uxie|86/100|[from] move: Pain Split
|
|upkeep
|turn|15
|
|t:|1779611910
|-end|p1a: Kingambit|fallen3|[silent]
|switch|p1a: Cinderace|Cinderace, F|100/100
|move|p2a: Uxie|Stealth Rock|p1a: Cinderace
|-sidestart|p1: tanmaysinha7|move: Stealth Rock
|
|upkeep
|turn|16
|
|t:|1779611917
|move|p1a: Cinderace|U-turn|p2a: Uxie
|-start|p1a: Cinderace|typechange|Bug|[from] ability: Libero
|-supereffective|p2a: Uxie
|-damage|p2a: Uxie|38/100
|
|t:|1779611922
|switch|p1a: Zamazenta|Zamazenta|100/100|[from] U-turn
|-damage|p1a: Zamazenta|95/100|[from] Stealth Rock
|-ability|p1a: Zamazenta|Dauntless Shield|boost
|-boost|p1a: Zamazenta|def|1
|move|p2a: Uxie|Thunder Wave|p1a: Zamazenta
|-status|p1a: Zamazenta|par
|
|-heal|p1a: Zamazenta|100/100 par|[from] item: Leftovers
|upkeep
|turn|17
|
|t:|1779611932
|move|p2a: Uxie|Pain Split|p1a: Zamazenta
|-sethp|p1a: Zamazenta|68/100 par|[from] move: Pain Split|[silent]
|-sethp|p2a: Uxie|72/100|[from] move: Pain Split
|move|p1a: Zamazenta|Body Press|p2a: Uxie
|-resisted|p2a: Uxie
|-damage|p2a: Uxie|49/100
|
|-heal|p1a: Zamazenta|74/100 par|[from] item: Leftovers
|upkeep
|turn|18
|
|t:|1779611947
|switch|p2a: Politoed|Politoed, F|73/100
|-weather|RainDance|[from] ability: Drizzle|[of] p2a: Politoed
|move|p1a: Zamazenta|Rest|p1a: Zamazenta
|-status|p1a: Zamazenta|slp|[from] move: Rest
|-heal|p1a: Zamazenta|100/100 slp|[silent]
|
|-weather|RainDance|[upkeep]
|upkeep
|turn|19
|
|t:|1779611969
|cant|p1a: Zamazenta|slp
|move|p2a: Politoed|Weather Ball|p1a: Zamazenta
|-damage|p1a: Zamazenta|24/100 slp
|
|-weather|RainDance|[upkeep]
|-heal|p1a: Zamazenta|30/100 slp|[from] item: Leftovers
|upkeep
|turn|20
|
|t:|1779611978
|switch|p1a: Kingambit|Kingambit, M, shiny, tera:Ghost|74/100 par
|-damage|p1a: Kingambit|62/100 par|[from] Stealth Rock
|-activate|p1a: Kingambit|ability: Supreme Overlord
|-start|p1a: Kingambit|fallen3|[silent]
|move|p2a: Politoed|Weather Ball|p1a: Kingambit
|-damage|p1a: Kingambit|0 fnt
|faint|p1a: Kingambit
|-end|p1a: Kingambit|fallen3|[silent]
|
|-weather|RainDance|[upkeep]
|upkeep
|
|t:|1779611988
|switch|p1a: Cinderace|Cinderace, F|100/100
|turn|21
|
|t:|1779611994
|move|p1a: Cinderace|High Jump Kick|p2a: Politoed
|-start|p1a: Cinderace|typechange|Fighting|[from] ability: Libero
|-damage|p2a: Politoed|5/100
|move|p2a: Politoed|Weather Ball|p1a: Cinderace
|-damage|p1a: Cinderace|0 fnt
|faint|p1a: Cinderace
|
|-weather|RainDance|[upkeep]
|upkeep
|
|t:|1779612011
|switch|p1a: Zamazenta|Zamazenta|30/100 slp
|-damage|p1a: Zamazenta|24/100 slp|[from] Stealth Rock
|turn|22
|
|t:|1779612027
|cant|p1a: Zamazenta|slp
|move|p2a: Politoed|Weather Ball|p1a: Zamazenta
|-damage|p1a: Zamazenta|0 fnt
|faint|p1a: Zamazenta
|
|win|Tgod33
|raw|tanmaysinha7's rating: 1167 &rarr; <strong>1142</strong><br />(-25 for losing)
|raw|Tgod33's rating: 1167 &rarr; <strong>1192</strong><br />(+25 for winning)
|l|☆Tgod33
|player|p2|
|l|☆tanmaysinha7
|player|p1|
