|j|☆Belike
|j|☆Csover
|t:|1779589463
|gametype|singles
|player|p1|Belike|rocketgrunt|1171
|player|p2|Csover|elesa|1188
|gen|9
|tier|[Gen 9] OU
|rated|
|rule|HP Percentage Mod: HP is shown in percentages
|rule|Endless Battle Clause: Forcing endless battles is banned
|rule|Species Clause: Limit one of each Pokémon
|rule|OHKO Clause: OHKO moves are banned
|rule|Evasion Items Clause: Evasion items are banned
|rule|Evasion Moves Clause: Evasion moves are banned
|rule|Evasion Abilities Clause: Evasion abilities are banned
|rule|Sleep Moves Clause: Sleep-inducing moves are banned
|clearpoke
|poke|p1|Regidrago|
|poke|p1|Registeel|
|poke|p1|Regice|
|poke|p1|Regigigas|
|poke|p1|Regieleki|
|poke|p1|Regirock|
|poke|p2|Scizor, F|
|poke|p2|Ogerpon-Wellspring, F|
|poke|p2|Raging Bolt|
|poke|p2|Pecharunt|
|poke|p2|Landorus-Therian, M|
|poke|p2|Samurott-Hisui, F|
|teampreview
|inactive|Battle timer is ON: inactive players will automatically lose when time's up. (requested by Belike)
|
|t:|1779589468
|teamsize|p1|6
|teamsize|p2|6
|start
|switch|p1a: Regice|Regice|100/100
|switch|p2a: Landorus|Landorus-Therian, M|100/100
|-ability|p2a: Landorus|Intimidate|boost
|-fail|p1a: Regice|unboost|[from] ability: Clear Body|[of] p1a: Regice
|turn|1
|
|t:|1779589476
|switch|p2a: Scizor|Scizor, F|100/100
|move|p1a: Regice|Ice Beam|p2a: Scizor
|-resisted|p2a: Scizor
|-damage|p2a: Scizor|73/100
|
|upkeep
|turn|2
|
|t:|1779589480
|switch|p1a: Regirock|Regirock|100/100
|move|p2a: Scizor|Bullet Punch|p1a: Regirock
|-supereffective|p1a: Regirock
|-damage|p1a: Regirock|61/100
|
|-heal|p1a: Regirock|67/100|[from] item: Leftovers
|upkeep
|turn|3
|
|t:|1779589485
|move|p2a: Scizor|Bullet Punch|p1a: Regirock
|-supereffective|p1a: Regirock
|-damage|p1a: Regirock|27/100
|move|p1a: Regirock|Curse|p1a: Regirock
|-unboost|p1a: Regirock|spe|1
|-boost|p1a: Regirock|atk|1
|-boost|p1a: Regirock|def|1
|
|-heal|p1a: Regirock|33/100|[from] item: Leftovers
|upkeep
|turn|4
|
|t:|1779589488
|move|p2a: Scizor|Bullet Punch|p1a: Regirock
|-supereffective|p1a: Regirock
|-damage|p1a: Regirock|5/100
|move|p1a: Regirock|Rest|p1a: Regirock
|-status|p1a: Regirock|slp|[from] move: Rest
|-heal|p1a: Regirock|100/100 slp|[silent]
|
|upkeep
|turn|5
|
|t:|1779589492
|move|p2a: Scizor|Bullet Punch|p1a: Regirock
|-supereffective|p1a: Regirock
|-damage|p1a: Regirock|74/100 slp
|cant|p1a: Regirock|slp
|
|-heal|p1a: Regirock|80/100 slp|[from] item: Leftovers
|upkeep
|turn|6
|
|t:|1779589494
|move|p2a: Scizor|Bullet Punch|p1a: Regirock
|-supereffective|p1a: Regirock
|-damage|p1a: Regirock|49/100 slp
|cant|p1a: Regirock|slp
|
|-heal|p1a: Regirock|55/100 slp|[from] item: Leftovers
|upkeep
|turn|7
|
|t:|1779589497
|move|p2a: Scizor|Bullet Punch|p1a: Regirock
|-supereffective|p1a: Regirock
|-damage|p1a: Regirock|27/100 slp
|-curestatus|p1a: Regirock|slp|[msg]
|move|p1a: Regirock|Curse|p1a: Regirock
|-unboost|p1a: Regirock|spe|1
|-boost|p1a: Regirock|atk|1
|-boost|p1a: Regirock|def|1
|
|-heal|p1a: Regirock|33/100|[from] item: Leftovers
|upkeep
|turn|8
|
|t:|1779589501
|-terastallize|p2a: Scizor|Steel
|move|p2a: Scizor|Bullet Punch|p1a: Regirock
|-supereffective|p1a: Regirock
|-damage|p1a: Regirock|4/100
|move|p1a: Regirock|Body Press|p2a: Scizor
|-supereffective|p2a: Scizor
|-damage|p2a: Scizor|0 fnt
|faint|p2a: Scizor
|
|-heal|p1a: Regirock|10/100|[from] item: Leftovers
|upkeep
|
|t:|1779589505
|switch|p2a: Landorus|Landorus-Therian, M|100/100
|-ability|p2a: Landorus|Intimidate|boost
|-fail|p1a: Regirock|unboost|[from] ability: Clear Body|[of] p1a: Regirock
|turn|9
|
|t:|1779589509
|move|p2a: Landorus|Earthquake|p1a: Regirock
|-supereffective|p1a: Regirock
|-damage|p1a: Regirock|0 fnt
|faint|p1a: Regirock
|
|upkeep
|
|t:|1779589511
|switch|p1a: Regice|Regice|100/100
|turn|10
|
|t:|1779589519
|switch|p2a: Samurott|Samurott-Hisui, F|100/100
|move|p1a: Regice|Ice Beam|p2a: Samurott
|-resisted|p2a: Samurott
|-damage|p2a: Samurott|70/100
|
|upkeep
|turn|11
|
|t:|1779589523
|move|p2a: Samurott|Ceaseless Edge|p1a: Regice
|-damage|p1a: Regice|56/100
|-sidestart|p1: Belike|Spikes
|move|p1a: Regice|Thunderbolt|p2a: Samurott
|-supereffective|p2a: Samurott
|-damage|p2a: Samurott|0 fnt
|faint|p2a: Samurott
|
|upkeep
|
|t:|1779589531
|switch|p2a: Pecharunt|Pecharunt|100/100
|turn|12
|
|t:|1779589539
|switch|p1a: Registeel|Registeel|100/100
|-damage|p1a: Registeel|88/100|[from] Spikes
|move|p2a: Pecharunt|Malignant Chain|p1a: Registeel
|-immune|p1a: Registeel
|
|-heal|p1a: Registeel|94/100|[from] item: Leftovers
|upkeep
|turn|13
|
|t:|1779589543
|move|p2a: Pecharunt|Parting Shot|p1a: Registeel
|-fail|p1a: Registeel|unboost|[from] ability: Clear Body|[of] p1a: Registeel
|move|p1a: Registeel|Stealth Rock|p2a: Pecharunt
|-sidestart|p2: Csover|move: Stealth Rock
|
|-heal|p1a: Registeel|99/100|[from] item: Leftovers
|upkeep
|turn|14
|-message|Csover forfeited.
|
|win|Belike
|raw|Belike's rating: 1171 &rarr; <strong>1197</strong><br />(+26 for winning)
|raw|Csover's rating: 1188 &rarr; <strong>1162</strong><br />(-26 for losing)
|l|☆Csover
|player|p2|
