|j|☆Pearl Loose
|j|☆Envixity39
|t:|1779709277
|gametype|singles
|player|p1|Pearl Loose|265|1295
|player|p2|Envixity39|guitarist|1349
|gen|9
|tier|[Gen 9] OU
|rated|
|rule|HP Percentage Mod: HP is shown in percentages
|rule|Endless Battle Clause: Forcing endless battles is banned
|rule|Species Clause: Limit one of each Pokémon
|rule|OHKO Clause: OHKO moves are banned
|rule|Evasion Items Clause: Evasion items are banned
|rule|Evasion Moves Clause: Evasion moves are banned
|rule|Evasion Abilities Clause: Evasion abilities are banned
|rule|Sleep Moves Clause: Sleep-inducing moves are banned
|clearpoke
|poke|p1|Alomomola, M|
|poke|p1|Skeledirge, F|
|poke|p1|Ninetales-Alola, F|
|poke|p1|Cresselia, F|
|poke|p1|Toxicroak, M|
|poke|p1|Gliscor, M|
|poke|p2|Darkrai|
|poke|p2|Hydreigon, M|
|poke|p2|Pecharunt|
|poke|p2|Iron Valiant|
|poke|p2|Tornadus-Therian, M|
|poke|p2|Gliscor, M|
|teampreview
|inactive|Battle timer is ON: inactive players will automatically lose when time's up. (requested by Envixity39)
|
|t:|1779709294
|teamsize|p1|6
|teamsize|p2|6
|start
|switch|p1a: Alomomola|Alomomola, M|100/100
|switch|p2a: Pecharunt|Pecharunt|100/100
|turn|1
|
|t:|1779709302
|switch|p1a: Gliscor|Gliscor, M|100/100
|move|p2a: Pecharunt|Malignant Chain|p1a: Gliscor
|-resisted|p1a: Gliscor
|-damage|p1a: Gliscor|83/100
|
|-status|p1a: Gliscor|tox|[from] item: Toxic Orb
|upkeep
|turn|2
|
|t:|1779709311
|move|p1a: Gliscor|Knock Off|p2a: Pecharunt
|-supereffective|p2a: Pecharunt
|-damage|p2a: Pecharunt|76/100
|-enditem|p2a: Pecharunt|Heavy-Duty Boots|[from] move: Knock Off|[of] p1a: Gliscor
|move|p2a: Pecharunt|Parting Shot|p1a: Gliscor
|-unboost|p1a: Gliscor|atk|1
|-unboost|p1a: Gliscor|spa|1
|
|t:|1779709327
|switch|p2a: Gliscor|Gliscor, M|100/100|[from] Parting Shot
|
|-heal|p1a: Gliscor|95/100 tox|[from] ability: Poison Heal
|-status|p2a: Gliscor|tox|[from] item: Toxic Orb
|upkeep
|turn|3
|
|t:|1779709335
|move|p2a: Gliscor|Stealth Rock|p1a: Gliscor
|-sidestart|p1: Pearl Loose|move: Stealth Rock
|move|p1a: Gliscor|Swords Dance|p1a: Gliscor
|-boost|p1a: Gliscor|atk|2
|
|-heal|p1a: Gliscor|100/100 tox|[from] ability: Poison Heal
|upkeep
|turn|4
|
|t:|1779709344
|switch|p2a: Darkrai|Darkrai|100/100
|move|p1a: Gliscor|Swords Dance|p1a: Gliscor
|-boost|p1a: Gliscor|atk|2
|
|upkeep
|turn|5
|
|t:|1779709351
|-terastallize|p1a: Gliscor|Normal
|move|p2a: Darkrai|Ice Beam|p1a: Gliscor
|-damage|p1a: Gliscor|66/100 tox
|move|p1a: Gliscor|Facade|p2a: Darkrai
|-damage|p2a: Darkrai|0 fnt
|faint|p2a: Darkrai
|
|-heal|p1a: Gliscor|79/100 tox|[from] ability: Poison Heal
|upkeep
|
|t:|1779709359
|switch|p2a: Iron Valiant|Iron Valiant|100/100
|turn|6
|
|t:|1779709378
|-end|p2a: Iron Valiant|Quark Drive|[silent]
|switch|p2a: Gliscor|Gliscor, M|100/100 tox
|switch|p1a: Cresselia|Cresselia, F|100/100
|-damage|p1a: Cresselia|88/100|[from] Stealth Rock
|
|-heal|p1a: Cresselia|94/100|[from] item: Leftovers
|upkeep
|turn|7
|
|t:|1779709396
|switch|p1a: Gliscor|Gliscor, M, tera:Normal|79/100 tox
|-damage|p1a: Gliscor|66/100 tox|[from] Stealth Rock
|move|p2a: Gliscor|Spikes|p1a: Gliscor
|-sidestart|p1: Pearl Loose|Spikes
|
|-heal|p1a: Gliscor|79/100 tox|[from] ability: Poison Heal
|upkeep
|turn|8
|
|t:|1779709405
|switch|p2a: Iron Valiant|Iron Valiant|100/100
|move|p1a: Gliscor|Facade|p2a: Iron Valiant
|-damage|p2a: Iron Valiant|27/100
|
|-heal|p1a: Gliscor|91/100 tox|[from] ability: Poison Heal
|upkeep
|turn|9
|
|t:|1779709414
|move|p2a: Iron Valiant|Close Combat|p1a: Gliscor
|-supereffective|p1a: Gliscor
|-damage|p1a: Gliscor|0 fnt
|-unboost|p2a: Iron Valiant|def|1
|-unboost|p2a: Iron Valiant|spd|1
|faint|p1a: Gliscor
|
|upkeep
|
|t:|1779709422
|switch|p1a: Skeledirge|Skeledirge, F|100/100
|turn|10
|
|t:|1779709430
|-end|p2a: Iron Valiant|Quark Drive|[silent]
|switch|p2a: Gliscor|Gliscor, M|100/100 tox
|move|p1a: Skeledirge|Torch Song|p2a: Gliscor
|-damage|p2a: Gliscor|67/100 tox
|-boost|p1a: Skeledirge|spa|1
|
|-heal|p2a: Gliscor|80/100 tox|[from] ability: Poison Heal
|upkeep
|turn|11
|
|t:|1779709440
|move|p2a: Gliscor|Spikes|p1a: Skeledirge
|-sidestart|p1: Pearl Loose|Spikes
|move|p1a: Skeledirge|Torch Song|p2a: Gliscor
|-damage|p2a: Gliscor|23/100 tox
|-boost|p1a: Skeledirge|spa|1
|
|-heal|p2a: Gliscor|35/100 tox|[from] ability: Poison Heal
|upkeep
|turn|12
|
|t:|1779709449
|move|p2a: Gliscor|Protect|p2a: Gliscor
|-singleturn|p2a: Gliscor|Protect
|move|p1a: Skeledirge|Torch Song|p2a: Gliscor
|-activate|p2a: Gliscor|move: Protect
|
|-heal|p2a: Gliscor|47/100 tox|[from] ability: Poison Heal
|upkeep
|turn|13
|
|t:|1779709459
|move|p2a: Gliscor|Earthquake|p1a: Skeledirge
|-supereffective|p1a: Skeledirge
|-damage|p1a: Skeledirge|61/100
|move|p1a: Skeledirge|Torch Song|p2a: Gliscor
|-damage|p2a: Gliscor|0 fnt
|-boost|p1a: Skeledirge|spa|1
|faint|p2a: Gliscor
|
|upkeep
|
|t:|1779709468
|switch|p2a: Iron Valiant|Iron Valiant|27/100
|turn|14
|
|t:|1779709472
|move|p2a: Iron Valiant|Knock Off|p1a: Skeledirge
|-supereffective|p1a: Skeledirge
|-damage|p1a: Skeledirge|0 fnt
|-enditem|p1a: Skeledirge|Heavy-Duty Boots|[from] move: Knock Off|[of] p2a: Iron Valiant
|faint|p1a: Skeledirge
|
|upkeep
|-message|Pearl Loose forfeited.
|
|win|Envixity39
|raw|Pearl Loose's rating: 1295 &rarr; <strong>1274</strong><br />(-21 for losing)
|raw|Envixity39's rating: 1349 &rarr; <strong>1366</strong><br />(+17 for winning)
|l|☆Pearl Loose
|player|p1|
|l|☆Envixity39
|player|p2|
|j|☆Envixity39
|player|p2|Envixity39|guitarist|
