|j|☆ikthoizzykil
|j|☆Tsaun
|t:|1779675432
|gametype|singles
|player|p1|ikthoizzykil|pokemaniac-gen3rs|1340
|player|p2|Tsaun|169|1371
|gen|9
|tier|[Gen 9] OU
|rated|
|rule|HP Percentage Mod: HP is shown in percentages
|rule|Endless Battle Clause: Forcing endless battles is banned
|rule|Species Clause: Limit one of each Pokémon
|rule|OHKO Clause: OHKO moves are banned
|rule|Evasion Items Clause: Evasion items are banned
|rule|Evasion Moves Clause: Evasion moves are banned
|rule|Evasion Abilities Clause: Evasion abilities are banned
|rule|Sleep Moves Clause: Sleep-inducing moves are banned
|clearpoke
|poke|p1|Slaking, F|
|poke|p1|Rillaboom, M|
|poke|p1|Alomomola, F|
|poke|p1|Pecharunt|
|poke|p1|Great Tusk|
|poke|p1|Goodra-Hisui, M|
|poke|p2|Ninetales, M|
|poke|p2|Walking Wake|
|poke|p2|Great Tusk|
|poke|p2|Raging Bolt|
|poke|p2|Ceruledge, F|
|poke|p2|Heatran, M|
|teampreview
|inactive|Battle timer is ON: inactive players will automatically lose when time's up. (requested by ikthoizzykil)
|
|t:|1779675453
|teamsize|p1|6
|teamsize|p2|6
|start
|switch|p1a: Slaking|Slaking, F|100/100
|switch|p2a: Walking Wake|Walking Wake|100/100
|turn|1
|
|t:|1779675458
|move|p2a: Walking Wake|Flip Turn|p1a: Slaking
|-damage|p1a: Slaking|90/100
|
|t:|1779675463
|-end|p2a: Walking Wake|Protosynthesis|[silent]
|switch|p2a: Heatran|Heatran, M|100/100|[from] Flip Turn
|-item|p2a: Heatran|Air Balloon
|move|p1a: Slaking|Knock Off|p2a: Heatran
|-damage|p2a: Heatran|70/100
|-enditem|p2a: Heatran|Air Balloon
|
|upkeep
|turn|2
|
|t:|1779675473
|switch|p1a: Alomomola|Alomomola, F|100/100
|move|p2a: Heatran|Magma Storm|p1a: Alomomola|[miss]
|-miss|p2a: Heatran|p1a: Alomomola
|
|upkeep
|turn|3
|
|t:|1779675478
|move|p2a: Heatran|Stealth Rock|p1a: Alomomola
|-sidestart|p1: ikthoizzykil|move: Stealth Rock
|move|p1a: Alomomola|Flip Turn|p2a: Heatran
|-supereffective|p2a: Heatran
|-damage|p2a: Heatran|42/100
|
|t:|1779675483
|switch|p1a: Great Tusk|Great Tusk|100/100|[from] Flip Turn
|
|upkeep
|turn|4
|
|t:|1779675489
|switch|p2a: Ceruledge|Ceruledge, F|100/100
|move|p1a: Great Tusk|Headlong Rush|p2a: Ceruledge
|-supereffective|p2a: Ceruledge
|-damage|p2a: Ceruledge|0 fnt
|-unboost|p1a: Great Tusk|def|1
|-unboost|p1a: Great Tusk|spd|1
|faint|p2a: Ceruledge
|
|upkeep
|
|t:|1779675492
|switch|p2a: Walking Wake|Walking Wake|100/100
|turn|5
|
|t:|1779675499
|-end|p1a: Great Tusk|Protosynthesis|[silent]
|switch|p1a: Goodra|Goodra-Hisui, M|100/100
|-damage|p1a: Goodra|94/100|[from] Stealth Rock
|move|p2a: Walking Wake|Draco Meteor|p1a: Goodra
|-damage|p1a: Goodra|68/100
|-unboost|p2a: Walking Wake|spa|2
|
|upkeep
|turn|6
|
|t:|1779675507
|-end|p2a: Walking Wake|Protosynthesis|[silent]
|switch|p2a: Heatran|Heatran, M|42/100
|move|p1a: Goodra|Dragon Pulse|p2a: Heatran
|-resisted|p2a: Heatran
|-damage|p2a: Heatran|23/100
|
|upkeep
|turn|7
|
|t:|1779675514
|switch|p1a: Alomomola|Alomomola, F|100/100
|move|p2a: Heatran|Magma Storm|p1a: Alomomola
|-resisted|p1a: Alomomola
|-damage|p1a: Alomomola|65/100
|-activate|p1a: Alomomola|move: Magma Storm|[of] p2a: Heatran
|
|-damage|p1a: Alomomola|52/100|[from] move: Magma Storm|[partiallytrapped]
|upkeep
|turn|8
|
|t:|1779675524
|move|p2a: Heatran|Flash Cannon|p1a: Alomomola
|-resisted|p1a: Alomomola
|-damage|p1a: Alomomola|27/100
|move|p1a: Alomomola|Flip Turn|p2a: Heatran
|-supereffective|p2a: Heatran
|-crit|p2a: Heatran
|-damage|p2a: Heatran|0 fnt
|faint|p2a: Heatran
|
|t:|1779675532
|switch|p1a: Slaking|Slaking, F|90/100|[from] Flip Turn
|-damage|p1a: Slaking|77/100|[from] Stealth Rock
|
|upkeep
|
|t:|1779675540
|switch|p2a: Great Tusk|Great Tusk|100/100
|turn|9
|
|t:|1779675546
|switch|p1a: Pecharunt|Pecharunt|100/100
|-damage|p1a: Pecharunt|88/100|[from] Stealth Rock
|move|p2a: Great Tusk|Bulk Up|p2a: Great Tusk
|-boost|p2a: Great Tusk|atk|1
|-boost|p2a: Great Tusk|def|1
|
|upkeep
|turn|10
|
|t:|1779675557
|move|p2a: Great Tusk|Headlong Rush|p1a: Pecharunt
|-supereffective|p1a: Pecharunt
|-damage|p1a: Pecharunt|0 fnt
|-unboost|p2a: Great Tusk|def|1
|-unboost|p2a: Great Tusk|spd|1
|-damage|p2a: Great Tusk|84/100|[from] item: Rocky Helmet|[of] p1a: Pecharunt
|faint|p1a: Pecharunt
|
|upkeep
|
|t:|1779675564
|switch|p1a: Rillaboom|Rillaboom, M|100/100
|-damage|p1a: Rillaboom|88/100|[from] Stealth Rock
|-fieldstart|move: Grassy Terrain|[from] ability: Grassy Surge|[of] p1a: Rillaboom
|turn|11
|
|t:|1779675571
|-end|p2a: Great Tusk|Protosynthesis|[silent]
|switch|p2a: Ninetales|Ninetales, M|100/100
|-weather|SunnyDay|[from] ability: Drought|[of] p2a: Ninetales
|-terastallize|p1a: Rillaboom|Grass
|move|p1a: Rillaboom|Grassy Glide|p2a: Ninetales
|-resisted|p2a: Ninetales
|-damage|p2a: Ninetales|41/100
|
|-weather|SunnyDay|[upkeep]
|-heal|p2a: Ninetales|47/100|[from] Grassy Terrain
|-heal|p1a: Rillaboom|94/100|[from] Grassy Terrain
|upkeep
|turn|12
|
|t:|1779675585
|move|p1a: Rillaboom|Grassy Glide|p2a: Ninetales
|-resisted|p2a: Ninetales
|-damage|p2a: Ninetales|0 fnt
|faint|p2a: Ninetales
|
|-weather|SunnyDay|[upkeep]
|-heal|p1a: Rillaboom|100/100|[from] Grassy Terrain
|upkeep
|
|t:|1779675587
|switch|p2a: Raging Bolt|Raging Bolt|100/100
|-activate|p2a: Raging Bolt|ability: Protosynthesis
|-start|p2a: Raging Bolt|protosynthesisspa
|turn|13
|
|t:|1779675600
|switch|p1a: Alomomola|Alomomola, F|60/100
|move|p2a: Raging Bolt|Weather Ball|p1a: Alomomola
|-resisted|p1a: Alomomola
|-damage|p1a: Alomomola|5/100
|-damage|p2a: Raging Bolt|91/100|[from] item: Life Orb
|
|-weather|SunnyDay|[upkeep]
|-heal|p2a: Raging Bolt|97/100|[from] Grassy Terrain
|-heal|p1a: Alomomola|11/100|[from] Grassy Terrain
|upkeep
|turn|14
|
|t:|1779675609
|move|p2a: Raging Bolt|Discharge|p1a: Alomomola
|-supereffective|p1a: Alomomola
|-damage|p1a: Alomomola|0 fnt
|faint|p1a: Alomomola
|-damage|p2a: Raging Bolt|87/100|[from] item: Life Orb
|
|-weather|SunnyDay|[upkeep]
|-heal|p2a: Raging Bolt|93/100|[from] Grassy Terrain
|upkeep
|
|t:|1779675617
|switch|p1a: Great Tusk|Great Tusk|100/100
|-activate|p1a: Great Tusk|ability: Protosynthesis
|-start|p1a: Great Tusk|protosynthesisatk
|turn|15
|
|t:|1779675621
|-terastallize|p2a: Raging Bolt|Grass
|move|p1a: Great Tusk|Headlong Rush|p2a: Raging Bolt
|-resisted|p2a: Raging Bolt
|-damage|p2a: Raging Bolt|63/100
|-unboost|p1a: Great Tusk|def|1
|-unboost|p1a: Great Tusk|spd|1
|move|p2a: Raging Bolt|Weather Ball|p1a: Great Tusk
|-damage|p1a: Great Tusk|0 fnt
|faint|p1a: Great Tusk
|-end|p1a: Great Tusk|Protosynthesis|[silent]
|-damage|p2a: Raging Bolt|53/100|[from] item: Life Orb
|
|-weather|SunnyDay|[upkeep]
|-heal|p2a: Raging Bolt|59/100|[from] Grassy Terrain
|-fieldend|move: Grassy Terrain
|upkeep
|
|t:|1779675634
|switch|p1a: Goodra|Goodra-Hisui, M|68/100
|-damage|p1a: Goodra|62/100|[from] Stealth Rock
|turn|16
|
|t:|1779675639
|move|p2a: Raging Bolt|Draco Meteor|p1a: Goodra
|-damage|p1a: Goodra|10/100
|-unboost|p2a: Raging Bolt|spa|2
|-damage|p2a: Raging Bolt|49/100|[from] item: Life Orb
|move|p1a: Goodra|Fire Blast|p2a: Raging Bolt
|-supereffective|p2a: Raging Bolt
|-damage|p2a: Raging Bolt|0 fnt
|faint|p2a: Raging Bolt
|-end|p2a: Raging Bolt|Protosynthesis|[silent]
|
|-weather|SunnyDay|[upkeep]
|upkeep
|
|t:|1779675649
|switch|p2a: Walking Wake|Walking Wake|100/100
|-activate|p2a: Walking Wake|ability: Protosynthesis
|-start|p2a: Walking Wake|protosynthesisspa
|turn|17
|
|t:|1779675654
|move|p2a: Walking Wake|Weather Ball|p1a: Goodra
|-damage|p1a: Goodra|0 fnt
|faint|p1a: Goodra
|
|-weather|SunnyDay|[upkeep]
|upkeep
|
|t:|1779675660
|switch|p1a: Slaking|Slaking, F|77/100
|-damage|p1a: Slaking|65/100|[from] Stealth Rock
|turn|18
|
|t:|1779675665
|move|p2a: Walking Wake|Weather Ball|p1a: Slaking
|-damage|p1a: Slaking|30/100
|move|p1a: Slaking|Body Slam|p2a: Walking Wake
|-damage|p2a: Walking Wake|45/100
|
|-weather|none
|-end|p2a: Walking Wake|Protosynthesis
|upkeep
|turn|19
|-message|Tsaun forfeited.
|
|win|ikthoizzykil
|raw|ikthoizzykil's rating: 1340 &rarr; <strong>1362</strong><br />(+22 for winning)
|raw|Tsaun's rating: 1371 &rarr; <strong>1349</strong><br />(-22 for losing)
|l|☆Tsaun
|player|p2|
