|j|☆my shitters
|j|☆Kristianna
|t:|1779592782
|gametype|singles
|player|p1|my shitters|preschooler|1209
|player|p2|Kristianna|266|1186
|gen|9
|tier|[Gen 9] OU
|rated|
|rule|HP Percentage Mod: HP is shown in percentages
|rule|Endless Battle Clause: Forcing endless battles is banned
|rule|Species Clause: Limit one of each Pokémon
|rule|OHKO Clause: OHKO moves are banned
|rule|Evasion Items Clause: Evasion items are banned
|rule|Evasion Moves Clause: Evasion moves are banned
|rule|Evasion Abilities Clause: Evasion abilities are banned
|rule|Sleep Moves Clause: Sleep-inducing moves are banned
|clearpoke
|poke|p1|Sableye, F|
|poke|p1|Glastrier|
|poke|p1|Alcremie-Ruby-Swirl, F|
|poke|p1|Ursaring, M|
|poke|p1|Primeape, F|
|poke|p1|Vikavolt, F|
|poke|p2|Ninetales, F|
|poke|p2|Walking Wake|
|poke|p2|Raging Bolt|
|poke|p2|Lilligant-Hisui, F|
|poke|p2|Ceruledge, F|
|poke|p2|Enamorus, F|
|teampreview
|inactive|Battle timer is ON: inactive players will automatically lose when time's up. (requested by Kristianna)
|inactive|my shitters also wants the timer to be on.
|inactive|my shitters has 120 seconds left.
|
|t:|1779592813
|teamsize|p1|6
|teamsize|p2|6
|start
|switch|p1a: 💎Posting|Sableye, F|100/100
|switch|p2a: Ninetales|Ninetales, F|100/100
|-weather|SunnyDay|[from] ability: Drought|[of] p2a: Ninetales
|turn|1
|
|t:|1779592820
|move|p1a: 💎Posting|Light Screen|p1a: 💎Posting
|-sidestart|p1: my shitters|move: Light Screen
|move|p2a: Ninetales|Weather Ball|p1a: 💎Posting
|-damage|p1a: 💎Posting|65/100
|
|-weather|SunnyDay|[upkeep]
|upkeep
|turn|2
|
|t:|1779592822
|move|p1a: 💎Posting|Taunt|p2a: Ninetales
|-start|p2a: Ninetales|move: Taunt
|cant|p2a: Ninetales|move: Taunt|Encore
|
|-weather|SunnyDay|[upkeep]
|upkeep
|turn|3
|
|t:|1779592826
|switch|p2a: Enamorus|Enamorus, F|100/100
|move|p1a: 💎Posting|Reflect|p1a: 💎Posting
|-sidestart|p1: my shitters|Reflect
|
|-weather|SunnyDay|[upkeep]
|upkeep
|turn|4
|
|t:|1779592832
|switch|p1a: CremDeLaCreamie|Alcremie-Ruby-Swirl, F|100/100
|move|p2a: Enamorus|Moonblast|p1a: CremDeLaCreamie
|-damage|p1a: CremDeLaCreamie|80/100
|
|-weather|SunnyDay|[upkeep]
|-heal|p1a: CremDeLaCreamie|86/100|[from] item: Leftovers
|upkeep
|turn|5
|
|t:|1779592837
|switch|p2a: Ninetales|Ninetales, F|100/100
|move|p1a: CremDeLaCreamie|Calm Mind|p1a: CremDeLaCreamie
|-boost|p1a: CremDeLaCreamie|spa|1
|-boost|p1a: CremDeLaCreamie|spd|1
|
|-weather|SunnyDay|[upkeep]
|-heal|p1a: CremDeLaCreamie|92/100|[from] item: Leftovers
|upkeep
|turn|6
|
|t:|1779592839
|move|p2a: Ninetales|Encore|p1a: CremDeLaCreamie
|-block|p1a: CremDeLaCreamie|ability: Aroma Veil|[of] p1a: CremDeLaCreamie
|move|p1a: CremDeLaCreamie|Calm Mind|p1a: CremDeLaCreamie
|-boost|p1a: CremDeLaCreamie|spa|1
|-boost|p1a: CremDeLaCreamie|spd|1
|
|-weather|SunnyDay|[upkeep]
|-heal|p1a: CremDeLaCreamie|98/100|[from] item: Leftovers
|upkeep
|turn|7
|
|t:|1779592847
|switch|p2a: Lilligant|Lilligant-Hisui, F|100/100
|move|p1a: CremDeLaCreamie|Acid Armor|p1a: CremDeLaCreamie
|-boost|p1a: CremDeLaCreamie|def|2
|
|-weather|SunnyDay|[upkeep]
|-heal|p1a: CremDeLaCreamie|100/100|[from] item: Leftovers
|upkeep
|turn|8
|
|t:|1779592852
|-terastallize|p2a: Lilligant|Flying
|move|p2a: Lilligant|Defog|p1a: CremDeLaCreamie
|-unboost|p1a: CremDeLaCreamie|evasion|1
|-sideend|p1: my shitters|Reflect
|-sideend|p1: my shitters|move: Light Screen
|move|p1a: CremDeLaCreamie|Acid Armor|p1a: CremDeLaCreamie
|-boost|p1a: CremDeLaCreamie|def|2
|
|-weather|none
|upkeep
|turn|9
|
|t:|1779592857
|move|p2a: Lilligant|Solar Blade||[still]
|-prepare|p2a: Lilligant|Solar Blade
|move|p1a: CremDeLaCreamie|Calm Mind|p1a: CremDeLaCreamie
|-boost|p1a: CremDeLaCreamie|spa|1
|-boost|p1a: CremDeLaCreamie|spd|1
|
|upkeep
|turn|10
|
|t:|1779592859
|move|p2a: Lilligant|Solar Blade|p1a: CremDeLaCreamie|[from] lockedmove
|-damage|p1a: CremDeLaCreamie|80/100
|move|p1a: CremDeLaCreamie|Acid Armor|p1a: CremDeLaCreamie
|-boost|p1a: CremDeLaCreamie|def|2
|
|-heal|p1a: CremDeLaCreamie|86/100|[from] item: Leftovers
|upkeep
|turn|11
|
|t:|1779592866
|switch|p2a: Ninetales|Ninetales, F|100/100
|-weather|SunnyDay|[from] ability: Drought|[of] p2a: Ninetales
|move|p1a: CremDeLaCreamie|Calm Mind|p1a: CremDeLaCreamie
|-boost|p1a: CremDeLaCreamie|spa|1
|-boost|p1a: CremDeLaCreamie|spd|1
|
|-weather|SunnyDay|[upkeep]
|-heal|p1a: CremDeLaCreamie|92/100|[from] item: Leftovers
|upkeep
|turn|12
|-message|Kristianna forfeited.
|
|win|my shitters
|raw|my shitters's rating: 1209 &rarr; <strong>1232</strong><br />(+23 for winning)
|raw|Kristianna's rating: 1186 &rarr; <strong>1163</strong><br />(-23 for losing)
|l|☆Kristianna
|player|p2|
