|j|‽BruhRNG
|j|☆shadowstrikegaming
|t:|1779560062
|gametype|singles
|player|p1|BruhRNG|265|1146
|player|p2|shadowstrikegaming|169|1119
|gen|9
|tier|[Gen 9] OU
|rated|
|rule|HP Percentage Mod: HP is shown in percentages
|rule|Endless Battle Clause: Forcing endless battles is banned
|rule|Species Clause: Limit one of each Pokémon
|rule|OHKO Clause: OHKO moves are banned
|rule|Evasion Items Clause: Evasion items are banned
|rule|Evasion Moves Clause: Evasion moves are banned
|rule|Evasion Abilities Clause: Evasion abilities are banned
|rule|Sleep Moves Clause: Sleep-inducing moves are banned
|clearpoke
|poke|p1|Quaquaval, F|
|poke|p1|Zamazenta-*|
|poke|p1|Landorus-Therian, M|
|poke|p1|Darkrai|
|poke|p1|Rillaboom, F|
|poke|p1|Iron Crown|
|poke|p2|Dragonite, M|
|poke|p2|Haxorus, M|
|poke|p2|Duraludon, M|
|poke|p2|Raging Bolt|
|poke|p2|Zoroark-Hisui, M|
|poke|p2|Grafaiai, M|
|teampreview
|inactive|Battle timer is ON: inactive players will automatically lose when time's up. (requested by shadowstrikegaming)
|
|t:|1779560083
|teamsize|p1|6
|teamsize|p2|6
|start
|switch|p1a: Landorus|Landorus-Therian, M|100/100
|switch|p2a: Raging Bolt|Raging Bolt|100/100
|-ability|p1a: Landorus|Intimidate|boost
|-unboost|p2a: Raging Bolt|atk|1
|-enditem|p2a: Raging Bolt|Booster Energy
|-activate|p2a: Raging Bolt|ability: Protosynthesis|[fromitem]
|-start|p2a: Raging Bolt|protosynthesisdef
|turn|1
|inactive|BruhRNG has 120 seconds left.
|
|t:|1779560124
|move|p1a: Landorus|Stealth Rock|p2a: Raging Bolt
|-sidestart|p2: shadowstrikegaming|move: Stealth Rock
|move|p2a: Raging Bolt|Dragon Pulse|p1a: Landorus
|-crit|p1a: Landorus
|-damage|p1a: Landorus|44/100
|
|upkeep
|turn|2
|
|t:|1779560138
|move|p1a: Landorus|Earth Power|p2a: Raging Bolt
|-supereffective|p2a: Raging Bolt
|-damage|p2a: Raging Bolt|42/100
|move|p2a: Raging Bolt|Dragon Pulse|p1a: Landorus
|-damage|p1a: Landorus|3/100
|
|upkeep
|turn|3
|
|t:|1779560152
|move|p1a: Landorus|Earth Power|p2a: Raging Bolt
|-supereffective|p2a: Raging Bolt
|-damage|p2a: Raging Bolt|0 fnt
|faint|p2a: Raging Bolt
|-end|p2a: Raging Bolt|Protosynthesis|[silent]
|
|upkeep
|
|t:|1779560156
|switch|p2a: Dragonite|Dragonite, M|100/100
|-damage|p2a: Dragonite|75/100|[from] Stealth Rock
|turn|4
|
|t:|1779560161
|move|p1a: Landorus|Taunt|p2a: Dragonite
|-start|p2a: Dragonite|move: Taunt
|cant|p2a: Dragonite|move: Taunt|Dragon Dance
|
|upkeep
|turn|5
|
|t:|1779560166
|move|p1a: Landorus|U-turn|p2a: Dragonite
|-resisted|p2a: Dragonite
|-damage|p2a: Dragonite|65/100
|inactive|BruhRNG has 120 seconds left.
|
|t:|1779560187
|switch|p1a: Iron Crown|Iron Crown|100/100|[from] U-turn
|move|p2a: Dragonite|Dragon Claw|p1a: Iron Crown
|-resisted|p1a: Iron Crown
|-damage|p1a: Iron Crown|81/100
|
|upkeep
|turn|6
|
|t:|1779560197
|move|p1a: Iron Crown|Tachyon Cutter|p2a: Dragonite
|-damage|p2a: Dragonite|44/100
|-damage|p2a: Dragonite|19/100
|-hitcount|p2a: Dragonite|2
|move|p2a: Dragonite|Fire Punch|p1a: Iron Crown
|-supereffective|p1a: Iron Crown
|-damage|p1a: Iron Crown|28/100
|
|-end|p2a: Dragonite|move: Taunt
|upkeep
|turn|7
|
|t:|1779560206
|move|p2a: Dragonite|Extreme Speed|p1a: Iron Crown
|-resisted|p1a: Iron Crown
|-damage|p1a: Iron Crown|15/100
|move|p1a: Iron Crown|Tachyon Cutter|p2a: Dragonite
|-damage|p2a: Dragonite|0 fnt
|faint|p2a: Dragonite
|-hitcount|p2: Dragonite|1
|
|upkeep
|
|t:|1779560214
|switch|p2a: Duraludon|Duraludon, M|100/100
|-damage|p2a: Duraludon|94/100|[from] Stealth Rock
|turn|8
|
|t:|1779560219
|move|p1a: Iron Crown|Volt Switch|p2a: Duraludon
|-resisted|p2a: Duraludon
|-damage|p2a: Duraludon|87/100
|
|t:|1779560227
|-end|p1a: Iron Crown|Quark Drive|[silent]
|switch|p1a: Landorus|Landorus-Therian, M|3/100|[from] Volt Switch
|-ability|p1a: Landorus|Intimidate|boost
|-unboost|p2a: Duraludon|atk|1
|move|p2a: Duraludon|Iron Defense|p2a: Duraludon
|-boost|p2a: Duraludon|def|2
|
|upkeep
|turn|9
|
|t:|1779560242
|move|p1a: Landorus|Earth Power|p2a: Duraludon
|-supereffective|p2a: Duraludon
|-damage|p2a: Duraludon|39/100
|move|p2a: Duraludon|Dragon Tail|p1a: Landorus
|-damage|p1a: Landorus|0 fnt
|-damage|p2a: Duraludon|22/100|[from] item: Rocky Helmet|[of] p1a: Landorus
|faint|p1a: Landorus
|
|upkeep
|
|t:|1779560250
|switch|p1a: Darkrai|Darkrai|100/100
|turn|10
|
|t:|1779560256
|move|p1a: Darkrai|Dark Pulse|p2a: Duraludon
|-damage|p2a: Duraludon|0 fnt
|faint|p2a: Duraludon
|
|upkeep
|-message|shadowstrikegaming forfeited.
|
|win|BruhRNG
|raw|BruhRNG's rating: 1146 &rarr; <strong>1169</strong><br />(+23 for winning)
|raw|shadowstrikegaming's rating: 1119 &rarr; <strong>1096</strong><br />(-23 for losing)
|l|☆shadowstrikegaming
|player|p2|
|l|‽BruhRNG
|player|p1|
