|j|☆npctypebeat
|j|☆Chinatownz
|t:|1779655869
|gametype|singles
|player|p1|npctypebeat|101|1185
|player|p2|Chinatownz|fisherman-gen4|1237
|gen|9
|tier|[Gen 9] OU
|rated|
|rule|HP Percentage Mod: HP is shown in percentages
|rule|Endless Battle Clause: Forcing endless battles is banned
|rule|Species Clause: Limit one of each Pokémon
|rule|OHKO Clause: OHKO moves are banned
|rule|Evasion Items Clause: Evasion items are banned
|rule|Evasion Moves Clause: Evasion moves are banned
|rule|Evasion Abilities Clause: Evasion abilities are banned
|rule|Sleep Moves Clause: Sleep-inducing moves are banned
|clearpoke
|poke|p1|Corviknight, F|
|poke|p1|Ting-Lu|
|poke|p1|Kyurem|
|poke|p1|Dondozo, M|
|poke|p1|Slowking-Galar, F|
|poke|p1|Cinderace, F|
|poke|p2|Klefki, F|
|poke|p2|Pelipper, M|
|poke|p2|Dragonite, F|
|poke|p2|Barraskewda, F|
|poke|p2|Toedscruel, F|
|poke|p2|Blissey, F|
|teampreview
|c|☆npctypebeat|hf
|inactive|Battle timer is ON: inactive players will automatically lose when time's up. (requested by Chinatownz)
|inactive|npctypebeat also wants the timer to be on.
|
|t:|1779655878
|teamsize|p1|6
|teamsize|p2|6
|start
|switch|p1a: Cinderace|Cinderace, F|100/100
|switch|p2a: Barraskewda|Barraskewda, F|100/100
|turn|1
|
|t:|1779655882
|-terastallize|p2a: Barraskewda|Water
|move|p2a: Barraskewda|Flip Turn|p1a: Cinderace
|-supereffective|p1a: Cinderace
|-damage|p1a: Cinderace|0 fnt
|faint|p1a: Cinderace
|
|t:|1779655888
|switch|p2a: Klefki|Klefki, F|100/100|[from] Flip Turn
|
|upkeep
|
|t:|1779655890
|switch|p1a: Ting-Lu|Ting-Lu|100/100
|-ability|p1a: Ting-Lu|Vessel of Ruin
|turn|2
|
|t:|1779655899
|move|p2a: Klefki|Spikes|p1a: Ting-Lu
|-sidestart|p1: npctypebeat|Spikes
|move|p1a: Ting-Lu|Payback|p2a: Klefki
|-resisted|p2a: Klefki
|-damage|p2a: Klefki|85/100
|
|upkeep
|turn|3
|
|t:|1779655907
|move|p2a: Klefki|Spikes|p1a: Ting-Lu
|-sidestart|p1: npctypebeat|Spikes
|move|p1a: Ting-Lu|Earthquake|p2a: Klefki
|-supereffective|p2a: Klefki
|-damage|p2a: Klefki|19/100
|
|upkeep
|turn|4
|
|t:|1779655910
|switch|p1a: Corviknight|Corviknight, F|100/100
|-ability|p1a: Corviknight|Pressure
|move|p2a: Klefki|Spikes|p1a: Corviknight
|-sidestart|p1: npctypebeat|Spikes
|
|upkeep
|turn|5
|
|t:|1779655915
|switch|p2a: Toedscruel|Toedscruel, F|100/100
|move|p1a: Corviknight|Defog|p2a: Toedscruel
|-unboost|p2a: Toedscruel|evasion|1
|-sideend|p1: npctypebeat|Spikes|[from] move: Defog|[of] p1a: Corviknight
|
|upkeep
|turn|6
|
|t:|1779655920
|move|p1a: Corviknight|Brave Bird|p2a: Toedscruel
|-supereffective|p2a: Toedscruel
|-damage|p2a: Toedscruel|0 fnt
|faint|p2a: Toedscruel
|-damage|p1a: Corviknight|70/100|[from] Recoil
|
|upkeep
|
|t:|1779655926
|switch|p2a: Pelipper|Pelipper, M|100/100
|-weather|RainDance|[from] ability: Drizzle|[of] p2a: Pelipper
|turn|7
|
|t:|1779655928
|switch|p1a: Kyurem|Kyurem|100/100
|-ability|p1a: Kyurem|Pressure
|move|p2a: Pelipper|U-turn|p1a: Kyurem
|-damage|p1a: Kyurem|92/100
|
|t:|1779655931
|switch|p2a: Barraskewda|Barraskewda, F, tera:Water|100/100|[from] U-turn
|
|-weather|RainDance|[upkeep]
|-heal|p1a: Kyurem|99/100|[from] item: Leftovers
|upkeep
|turn|8
|
|t:|1779655936
|move|p2a: Barraskewda|Brick Break|p1a: Kyurem
|-supereffective|p1a: Kyurem
|-damage|p1a: Kyurem|16/100
|move|p1a: Kyurem|Freeze-Dry|p2a: Barraskewda
|-supereffective|p2a: Barraskewda
|-damage|p2a: Barraskewda|0 fnt
|faint|p2a: Barraskewda
|
|-weather|RainDance|[upkeep]
|-heal|p1a: Kyurem|22/100|[from] item: Leftovers
|upkeep
|
|t:|1779655943
|switch|p2a: Dragonite|Dragonite, F|100/100
|turn|9
|
|t:|1779655945
|move|p2a: Dragonite|Extreme Speed|p1a: Kyurem
|-damage|p1a: Kyurem|0 fnt
|faint|p1a: Kyurem
|
|-weather|RainDance|[upkeep]
|upkeep
|
|t:|1779655952
|switch|p1a: Corviknight|Corviknight, F|70/100
|-ability|p1a: Corviknight|Pressure
|turn|10
|
|t:|1779655959
|switch|p2a: Pelipper|Pelipper, M|100/100
|move|p1a: Corviknight|Roost|p1a: Corviknight
|-heal|p1a: Corviknight|100/100
|-singleturn|p1a: Corviknight|move: Roost
|
|-weather|RainDance|[upkeep]
|upkeep
|turn|11
|
|t:|1779655962
|move|p1a: Corviknight|Brave Bird|p2a: Pelipper
|-damage|p2a: Pelipper|72/100
|-damage|p1a: Corviknight|93/100|[from] Recoil
|move|p2a: Pelipper|Surf|p1a: Corviknight
|-damage|p1a: Corviknight|52/100
|
|-weather|RainDance|[upkeep]
|upkeep
|turn|12
|
|t:|1779655982
|move|p1a: Corviknight|Roost|p1a: Corviknight
|-heal|p1a: Corviknight|100/100
|-singleturn|p1a: Corviknight|move: Roost
|move|p2a: Pelipper|Surf|p1a: Corviknight
|-damage|p1a: Corviknight|55/100
|
|-weather|RainDance|[upkeep]
|upkeep
|turn|13
|
|t:|1779655988
|move|p1a: Corviknight|Roost|p1a: Corviknight
|-heal|p1a: Corviknight|100/100
|-singleturn|p1a: Corviknight|move: Roost
|move|p2a: Pelipper|Surf|p1a: Corviknight
|-damage|p1a: Corviknight|59/100
|
|-weather|RainDance|[upkeep]
|upkeep
|turn|14
|
|t:|1779656001
|move|p1a: Corviknight|Roost|p1a: Corviknight
|-heal|p1a: Corviknight|100/100
|-singleturn|p1a: Corviknight|move: Roost
|move|p2a: Pelipper|Surf|p1a: Corviknight
|-damage|p1a: Corviknight|54/100
|
|-weather|none
|upkeep
|turn|15
|
|t:|1779656008
|move|p1a: Corviknight|Roost|p1a: Corviknight
|-heal|p1a: Corviknight|100/100
|-singleturn|p1a: Corviknight|move: Roost
|move|p2a: Pelipper|Surf|p1a: Corviknight
|-damage|p1a: Corviknight|72/100
|
|upkeep
|turn|16
|
|t:|1779656017
|move|p1a: Corviknight|Brave Bird|p2a: Pelipper
|-damage|p2a: Pelipper|42/100
|-damage|p1a: Corviknight|64/100|[from] Recoil
|move|p2a: Pelipper|Surf|p1a: Corviknight
|-damage|p1a: Corviknight|34/100
|
|upkeep
|turn|17
|
|t:|1779656027
|move|p1a: Corviknight|Roost|p1a: Corviknight
|-heal|p1a: Corviknight|84/100
|-singleturn|p1a: Corviknight|move: Roost
|move|p2a: Pelipper|Roost|p2a: Pelipper
|-heal|p2a: Pelipper|92/100
|-singleturn|p2a: Pelipper|move: Roost
|
|upkeep
|turn|18
|
|t:|1779656035
|switch|p1a: Slowking|Slowking-Galar, F|100/100
|move|p2a: Pelipper|Surf|p1a: Slowking
|-damage|p1a: Slowking|75/100
|
|upkeep
|turn|19
|
|t:|1779656045
|move|p2a: Pelipper|U-turn|p1a: Slowking
|-damage|p1a: Slowking|69/100
|
|t:|1779656047
|switch|p2a: Blissey|Blissey, F|100/100|[from] U-turn
|move|p1a: Slowking|Ice Beam|p2a: Blissey
|-damage|p2a: Blissey|94/100
|
|-heal|p2a: Blissey|100/100|[from] item: Leftovers
|upkeep
|turn|20
|
|t:|1779656056
|move|p2a: Blissey|Thunder Wave|p1a: Slowking
|-status|p1a: Slowking|par
|move|p1a: Slowking|Ice Beam|p2a: Blissey
|-damage|p2a: Blissey|94/100
|
|-heal|p2a: Blissey|99/100|[from] item: Leftovers
|upkeep
|turn|21
|
|t:|1779656062
|switch|p1a: Dondozo|Dondozo, M|100/100
|move|p2a: Blissey|Seismic Toss|p1a: Dondozo
|-damage|p1a: Dondozo|81/100
|
|-heal|p2a: Blissey|100/100|[from] item: Leftovers
|-heal|p1a: Dondozo|87/100|[from] item: Leftovers
|upkeep
|turn|22
|
|t:|1779656083
|move|p2a: Blissey|Seismic Toss|p1a: Dondozo
|-damage|p1a: Dondozo|67/100
|move|p1a: Dondozo|Body Press|p2a: Blissey
|-supereffective|p2a: Blissey
|-damage|p2a: Blissey|24/100
|
|-heal|p2a: Blissey|30/100|[from] item: Leftovers
|-heal|p1a: Dondozo|73/100|[from] item: Leftovers
|upkeep
|turn|23
|
|t:|1779656096
|switch|p2a: Pelipper|Pelipper, M|92/100
|-weather|RainDance|[from] ability: Drizzle|[of] p2a: Pelipper
|move|p1a: Dondozo|Body Press|p2a: Pelipper
|-resisted|p2a: Pelipper
|-damage|p2a: Pelipper|84/100
|
|-weather|RainDance|[upkeep]
|-heal|p1a: Dondozo|79/100|[from] item: Leftovers
|upkeep
|turn|24
|
|t:|1779656107
|switch|p1a: Slowking|Slowking-Galar, F|100/100 par
|move|p2a: Pelipper|Hurricane|p1a: Slowking
|-damage|p1a: Slowking|71/100 par
|-start|p1a: Slowking|confusion
|
|-weather|RainDance|[upkeep]
|upkeep
|turn|25
|
|t:|1779656124
|move|p2a: Pelipper|Hurricane|p1a: Slowking
|-damage|p1a: Slowking|42/100 par
|-prepare|p1a: Slowking|Chilly Reception|[premajor]
|-activate|p1a: Slowking|confusion
|-damage|p1a: Slowking|38/100 par|[from] confusion
|
|-weather|RainDance|[upkeep]
|upkeep
|turn|26
|
|t:|1779656135
|switch|p1a: Dondozo|Dondozo, M|79/100
|move|p2a: Pelipper|Hurricane|p1a: Dondozo
|-damage|p1a: Dondozo|57/100
|-start|p1a: Dondozo|confusion
|
|-weather|RainDance|[upkeep]
|-heal|p1a: Dondozo|63/100|[from] item: Leftovers
|upkeep
|turn|27
|
|t:|1779656146
|move|p2a: Pelipper|Hurricane|p1a: Dondozo
|-damage|p1a: Dondozo|41/100
|-activate|p1a: Dondozo|confusion
|-damage|p1a: Dondozo|36/100|[from] confusion
|
|-weather|RainDance|[upkeep]
|-heal|p1a: Dondozo|42/100|[from] item: Leftovers
|upkeep
|turn|28
|
|t:|1779656156
|switch|p1a: Slowking|Slowking-Galar, F|71/100 par
|move|p2a: Pelipper|U-turn|p1a: Slowking
|-damage|p1a: Slowking|65/100 par
|
|t:|1779656168
|switch|p2a: Dragonite|Dragonite, F|100/100|[from] U-turn
|
|-weather|RainDance|[upkeep]
|upkeep
|turn|29
|
|t:|1779656178
|switch|p1a: Dondozo|Dondozo, M|42/100
|move|p2a: Dragonite|Extreme Speed|p1a: Dondozo
|-damage|p1a: Dondozo|28/100
|
|-weather|RainDance|[upkeep]
|-heal|p1a: Dondozo|34/100|[from] item: Leftovers
|upkeep
|turn|30
|
|t:|1779656197
|switch|p2a: Pelipper|Pelipper, M|84/100
|move|p1a: Dondozo|Rest|p1a: Dondozo
|-status|p1a: Dondozo|slp|[from] move: Rest
|-heal|p1a: Dondozo|100/100 slp|[silent]
|
|-weather|none
|upkeep
|turn|31
|
|t:|1779656206
|switch|p1a: Ting-Lu|Ting-Lu|100/100
|-ability|p1a: Ting-Lu|Vessel of Ruin
|move|p2a: Pelipper|U-turn|p1a: Ting-Lu
|-supereffective|p1a: Ting-Lu
|-damage|p1a: Ting-Lu|92/100
|
|t:|1779656217
|switch|p2a: Dragonite|Dragonite, F|100/100|[from] U-turn
|
|-heal|p1a: Ting-Lu|98/100|[from] item: Leftovers
|upkeep
|turn|32
|
|t:|1779656227
|switch|p2a: Pelipper|Pelipper, M|84/100
|-weather|RainDance|[from] ability: Drizzle|[of] p2a: Pelipper
|move|p1a: Ting-Lu|Payback|p2a: Pelipper
|-damage|p2a: Pelipper|71/100
|
|-weather|RainDance|[upkeep]
|-heal|p1a: Ting-Lu|100/100|[from] item: Leftovers
|upkeep
|turn|33
|
|t:|1779656237
|move|p2a: Pelipper|Surf|p1a: Ting-Lu
|-supereffective|p1a: Ting-Lu
|-damage|p1a: Ting-Lu|63/100
|move|p1a: Ting-Lu|Payback|p2a: Pelipper
|-damage|p2a: Pelipper|45/100
|
|-weather|RainDance|[upkeep]
|-heal|p1a: Ting-Lu|69/100|[from] item: Leftovers
|upkeep
|turn|34
|
|t:|1779656250
|move|p2a: Pelipper|Roost|p2a: Pelipper
|-heal|p2a: Pelipper|95/100
|-singleturn|p2a: Pelipper|move: Roost
|move|p1a: Ting-Lu|Payback|p2a: Pelipper
|-damage|p2a: Pelipper|68/100
|
|-weather|RainDance|[upkeep]
|-heal|p1a: Ting-Lu|75/100|[from] item: Leftovers
|upkeep
|turn|35
|
|t:|1779656263
|move|p2a: Pelipper|Surf|p1a: Ting-Lu
|-supereffective|p1a: Ting-Lu
|-damage|p1a: Ting-Lu|39/100
|move|p1a: Ting-Lu|Rest|p1a: Ting-Lu
|-status|p1a: Ting-Lu|slp|[from] move: Rest
|-heal|p1a: Ting-Lu|100/100 slp|[silent]
|
|-weather|RainDance|[upkeep]
|upkeep
|turn|36
|
|t:|1779656277
|move|p2a: Pelipper|Hurricane|p1a: Ting-Lu
|-damage|p1a: Ting-Lu|85/100 slp
|cant|p1a: Ting-Lu|slp
|move|p1a: Ting-Lu|Sleep Talk|p1a: Ting-Lu
|move|p1a: Ting-Lu|Earthquake|p2a: Pelipper|[from] move: Sleep Talk
|-immune|p2a: Pelipper
|
|-weather|RainDance|[upkeep]
|-heal|p1a: Ting-Lu|91/100 slp|[from] item: Leftovers
|upkeep
|turn|37
|
|t:|1779656289
|move|p2a: Pelipper|U-turn|p1a: Ting-Lu
|-supereffective|p1a: Ting-Lu
|-damage|p1a: Ting-Lu|81/100 slp
|
|t:|1779656291
|switch|p2a: Dragonite|Dragonite, F|100/100|[from] U-turn
|cant|p1a: Ting-Lu|slp
|
|-weather|RainDance|[upkeep]
|-heal|p1a: Ting-Lu|88/100 slp|[from] item: Leftovers
|upkeep
|turn|38
|
|t:|1779656309
|move|p2a: Dragonite|Dragon Dance|p2a: Dragonite
|-boost|p2a: Dragonite|atk|1
|-boost|p2a: Dragonite|spe|1
|-curestatus|p1a: Ting-Lu|slp|[msg]
|move|p1a: Ting-Lu|Payback|p2a: Dragonite
|-damage|p2a: Dragonite|82/100
|
|-weather|RainDance|[upkeep]
|-heal|p2a: Dragonite|89/100|[from] item: Leftovers
|-heal|p1a: Ting-Lu|94/100|[from] item: Leftovers
|upkeep
|turn|39
|
|t:|1779656324
|move|p2a: Dragonite|Dragon Dance|p2a: Dragonite
|-boost|p2a: Dragonite|atk|1
|-boost|p2a: Dragonite|spe|1
|move|p1a: Ting-Lu|Payback|p2a: Dragonite
|-damage|p2a: Dragonite|56/100
|
|-weather|none
|-heal|p2a: Dragonite|62/100|[from] item: Leftovers
|-heal|p1a: Ting-Lu|99/100|[from] item: Leftovers
|upkeep
|turn|40
|inactive|npctypebeat has 120 seconds left.
|
|t:|1779656352
|switch|p1a: Corviknight|Corviknight, F|84/100
|-ability|p1a: Corviknight|Pressure
|move|p2a: Dragonite|Roost|p2a: Dragonite
|-heal|p2a: Dragonite|100/100
|-singleturn|p2a: Dragonite|move: Roost
|
|upkeep
|turn|41
|inactive|npctypebeat has 120 seconds left.
|
|t:|1779656370
|move|p2a: Dragonite|Dragon Dance|p2a: Dragonite
|-boost|p2a: Dragonite|atk|1
|-boost|p2a: Dragonite|spe|1
|move|p1a: Corviknight|Brave Bird|p2a: Dragonite
|-damage|p2a: Dragonite|84/100
|-damage|p1a: Corviknight|79/100|[from] Recoil
|
|-heal|p2a: Dragonite|90/100|[from] item: Leftovers
|upkeep
|turn|42
|inactive|npctypebeat has 120 seconds left.
|
|t:|1779656388
|move|p2a: Dragonite|Dragon Dance|p2a: Dragonite
|-boost|p2a: Dragonite|atk|1
|-boost|p2a: Dragonite|spe|1
|move|p1a: Corviknight|Brave Bird|p2a: Dragonite
|-damage|p2a: Dragonite|58/100
|-damage|p1a: Corviknight|69/100|[from] Recoil
|
|-heal|p2a: Dragonite|64/100|[from] item: Leftovers
|upkeep
|turn|43
|
|t:|1779656411
|move|p2a: Dragonite|Extreme Speed|p1a: Corviknight
|-resisted|p1a: Corviknight
|-damage|p1a: Corviknight|49/100
|-damage|p2a: Dragonite|47/100|[from] item: Rocky Helmet|[of] p1a: Corviknight
|move|p1a: Corviknight|Brave Bird|p2a: Dragonite
|-damage|p2a: Dragonite|12/100
|-damage|p1a: Corviknight|37/100|[from] Recoil
|
|-heal|p2a: Dragonite|18/100|[from] item: Leftovers
|upkeep
|turn|44
|inactive|npctypebeat has 90 seconds left.
|
|t:|1779656435
|move|p2a: Dragonite|Roost|p2a: Dragonite
|-heal|p2a: Dragonite|68/100
|-singleturn|p2a: Dragonite|move: Roost
|move|p1a: Corviknight|Brave Bird|p2a: Dragonite
|-damage|p2a: Dragonite|35/100
|-damage|p1a: Corviknight|27/100|[from] Recoil
|
|-heal|p2a: Dragonite|41/100|[from] item: Leftovers
|upkeep
|turn|45
|inactive|npctypebeat has 90 seconds left.
|
|t:|1779656459
|switch|p1a: Dondozo|Dondozo, M|100/100 slp
|move|p2a: Dragonite|Roost|p2a: Dragonite
|-heal|p2a: Dragonite|91/100
|-singleturn|p2a: Dragonite|move: Roost
|
|-heal|p2a: Dragonite|97/100|[from] item: Leftovers
|upkeep
|turn|46
|
|t:|1779656479
|switch|p2a: Klefki|Klefki, F|19/100
|cant|p1a: Dondozo|slp
|
|upkeep
|turn|47
|inactive|npctypebeat has 60 seconds left.
|
|t:|1779656503
|switch|p1a: Corviknight|Corviknight, F|27/100
|-ability|p1a: Corviknight|Pressure
|move|p2a: Klefki|Switcheroo|p1a: Corviknight
|-activate|p2a: Klefki|move: Trick|[of] p1a: Corviknight
|-item|p1a: Corviknight|Choice Scarf|[from] move: Switcheroo
|-item|p2a: Klefki|Rocky Helmet|[from] move: Switcheroo
|
|upkeep
|turn|48
|inactive|npctypebeat has 60 seconds left.
|
|t:|1779656521
|move|p1a: Corviknight|Roost|p1a: Corviknight
|-heal|p1a: Corviknight|77/100
|-singleturn|p1a: Corviknight|move: Roost
|move|p2a: Klefki|Foul Play|p1a: Corviknight
|-damage|p1a: Corviknight|66/100
|
|upkeep
|turn|49
|inactive|npctypebeat has 60 seconds left.
|
|t:|1779656536
|switch|p2a: Pelipper|Pelipper, M|68/100
|-weather|RainDance|[from] ability: Drizzle|[of] p2a: Pelipper
|move|p1a: Corviknight|Roost|p1a: Corviknight
|-heal|p1a: Corviknight|100/100
|-singleturn|p1a: Corviknight|move: Roost
|
|-weather|RainDance|[upkeep]
|upkeep
|turn|50
|inactive|npctypebeat has 60 seconds left.
|
|t:|1779656552
|switch|p1a: Ting-Lu|Ting-Lu|99/100
|-ability|p1a: Ting-Lu|Vessel of Ruin
|move|p2a: Pelipper|Hurricane|p1a: Ting-Lu
|-damage|p1a: Ting-Lu|86/100
|-start|p1a: Ting-Lu|confusion
|
|-weather|RainDance|[upkeep]
|-heal|p1a: Ting-Lu|92/100|[from] item: Leftovers
|upkeep
|turn|51
|
|t:|1779656565
|move|p2a: Pelipper|Surf|p1a: Ting-Lu
|-supereffective|p1a: Ting-Lu
|-damage|p1a: Ting-Lu|54/100
|-activate|p1a: Ting-Lu|confusion
|-damage|p1a: Ting-Lu|49/100|[from] confusion
|
|-weather|RainDance|[upkeep]
|-heal|p1a: Ting-Lu|55/100|[from] item: Leftovers
|upkeep
|turn|52
|
|t:|1779656572
|move|p2a: Pelipper|Surf|p1a: Ting-Lu
|-supereffective|p1a: Ting-Lu
|-damage|p1a: Ting-Lu|15/100
|-activate|p1a: Ting-Lu|confusion
|-damage|p1a: Ting-Lu|9/100|[from] confusion
|
|-weather|RainDance|[upkeep]
|-heal|p1a: Ting-Lu|15/100|[from] item: Leftovers
|upkeep
|turn|53
|inactive|npctypebeat has 60 seconds left.
|
|t:|1779656586
|switch|p1a: Dondozo|Dondozo, M|100/100 slp
|move|p2a: Pelipper|Surf|p1a: Dondozo
|-resisted|p1a: Dondozo
|-damage|p1a: Dondozo|86/100 slp
|
|-weather|RainDance|[upkeep]
|-heal|p1a: Dondozo|93/100 slp|[from] item: Leftovers
|upkeep
|turn|54
|inactive|npctypebeat has 60 seconds left.
|
|t:|1779656600
|switch|p1a: Slowking|Slowking-Galar, F|99/100 par
|move|p2a: Pelipper|Hurricane|p1a: Slowking
|-damage|p1a: Slowking|70/100 par
|
|-weather|RainDance|[upkeep]
|upkeep
|turn|55
|inactive|npctypebeat has 60 seconds left.
|
|t:|1779656617
|move|p2a: Pelipper|U-turn|p1a: Slowking
|-damage|p1a: Slowking|64/100 par
|c|☆Chinatownz|Oml this gameplay is so ass
|
|t:|1779656623
|switch|p2a: Blissey|Blissey, F|30/100|[from] U-turn
|move|p1a: Slowking|Sludge Bomb|p2a: Blissey
|-damage|p2a: Blissey|21/100
|
|-weather|RainDance|[upkeep]
|-heal|p2a: Blissey|27/100|[from] item: Leftovers
|upkeep
|turn|56
|inactive|npctypebeat has 60 seconds left.
|
|t:|1779656642
|move|p2a: Blissey|Soft-Boiled|p2a: Blissey
|-heal|p2a: Blissey|77/100
|-prepare|p1a: Slowking|Chilly Reception|[premajor]
|move|p1a: Slowking|Chilly Reception|p1a: Slowking
|-weather|Snowscape
|
|t:|1779656658
|switch|p1a: Corviknight|Corviknight, F|100/100|[from] Chilly Reception
|-ability|p1a: Corviknight|Pressure
|
|-weather|Snowscape|[upkeep]
|-heal|p2a: Blissey|83/100|[from] item: Leftovers
|upkeep
|turn|57
|
|t:|1779656664
|switch|p2a: Dragonite|Dragonite, F|97/100
|move|p1a: Corviknight|U-turn|p2a: Dragonite
|-resisted|p2a: Dragonite
|-damage|p2a: Dragonite|91/100
|
|t:|1779656678
|switch|p1a: Slowking|Slowking-Galar, F|97/100 par|[from] U-turn
|
|-weather|Snowscape|[upkeep]
|-heal|p2a: Dragonite|98/100|[from] item: Leftovers
|upkeep
|turn|58
|
|t:|1779656689
|move|p2a: Dragonite|Earthquake|p1a: Slowking
|-supereffective|p1a: Slowking
|-enditem|p1a: Slowking|Shuca Berry|[eat]
|-enditem|p1a: Slowking|Shuca Berry|[weaken]
|-damage|p1a: Slowking|74/100 par
|cant|p1a: Slowking|par
|
|-weather|Snowscape|[upkeep]
|-heal|p2a: Dragonite|100/100|[from] item: Leftovers
|upkeep
|turn|59
|
|t:|1779656701
|move|p2a: Dragonite|Earthquake|p1a: Slowking
|-supereffective|p1a: Slowking
|-damage|p1a: Slowking|32/100 par
|move|p1a: Slowking|Ice Beam|p2a: Dragonite
|-supereffective|p2a: Dragonite
|-damage|p2a: Dragonite|58/100
|
|-weather|Snowscape|[upkeep]
|-heal|p2a: Dragonite|64/100|[from] item: Leftovers
|upkeep
|turn|60
|
|t:|1779656713
|switch|p1a: Corviknight|Corviknight, F|100/100
|-ability|p1a: Corviknight|Pressure
|move|p2a: Dragonite|Earthquake|p1a: Corviknight
|-immune|p1a: Corviknight
|
|-weather|none
|-heal|p2a: Dragonite|70/100|[from] item: Leftovers
|upkeep
|turn|61
|-message|Chinatownz forfeited.
|
|win|npctypebeat
|raw|npctypebeat's rating: 1132 &rarr; <strong>1164</strong><br />(+32 for winning)
|raw|Chinatownz's rating: 1237 &rarr; <strong>1205</strong><br />(-32 for losing)
|l|☆Chinatownz
|player|p2|
|c|☆npctypebeat|gg
