|j|☆rebefzreet
|j|☆carciox
|t:|1779606876
|gametype|singles
|player|p1|rebefzreet|101|1344
|player|p2|carciox|1|1475
|gen|9
|tier|[Gen 9] OU
|rated|
|rule|HP Percentage Mod: HP is shown in percentages
|rule|Endless Battle Clause: Forcing endless battles is banned
|rule|Species Clause: Limit one of each Pokémon
|rule|OHKO Clause: OHKO moves are banned
|rule|Evasion Items Clause: Evasion items are banned
|rule|Evasion Moves Clause: Evasion moves are banned
|rule|Evasion Abilities Clause: Evasion abilities are banned
|rule|Sleep Moves Clause: Sleep-inducing moves are banned
|clearpoke
|poke|p1|Zapdos|
|poke|p1|Zangoose, M|
|poke|p1|Gholdengo|
|poke|p1|Latias, F|
|poke|p1|Weavile, F|
|poke|p1|Deoxys-Speed|
|poke|p2|Kingambit, F|
|poke|p2|Cinderace, F|
|poke|p2|Landorus-Therian, M|
|poke|p2|Iron Valiant|
|poke|p2|Kyurem|
|poke|p2|Slowking-Galar, M|
|teampreview
|inactive|Battle timer is ON: inactive players will automatically lose when time's up. (requested by carciox)
|
|t:|1779606882
|teamsize|p1|6
|teamsize|p2|6
|start
|switch|p1a: Deoxys|Deoxys-Speed|100/100
|switch|p2a: Cinderace|Cinderace, F, shiny|100/100
|-ability|p1a: Deoxys|Pressure
|turn|1
|
|t:|1779606890
|move|p1a: Deoxys|Thunder Wave|p2a: Cinderace
|-status|p2a: Cinderace|par
|cant|p2a: Cinderace|par
|
|upkeep
|turn|2
|
|t:|1779606896
|move|p1a: Deoxys|Stealth Rock|p2a: Cinderace
|-sidestart|p2: carciox|move: Stealth Rock
|move|p2a: Cinderace|U-turn|p1a: Deoxys
|-supereffective|p1a: Deoxys
|-damage|p1a: Deoxys|51/100
|
|t:|1779606901
|switch|p2a: Landorus|Landorus-Therian, M, shiny|100/100|[from] U-turn
|-damage|p2a: Landorus|88/100|[from] Stealth Rock
|-ability|p2a: Landorus|Intimidate|boost
|-unboost|p1a: Deoxys|atk|1
|
|upkeep
|turn|3
|
|t:|1779606908
|move|p1a: Deoxys|Taunt|p2a: Landorus
|-start|p2a: Landorus|move: Taunt
|move|p2a: Landorus|U-turn|p1a: Deoxys
|-supereffective|p1a: Deoxys
|-damage|p1a: Deoxys|0 fnt
|faint|p1a: Deoxys
|
|t:|1779606916
|switch|p2a: Cinderace|Cinderace, F, shiny|100/100 par|[from] U-turn
|
|upkeep
|
|t:|1779606922
|switch|p1a: Zangoose|Zangoose, M|100/100
|turn|4
|
|t:|1779606945
|switch|p1a: Zapdos|Zapdos, shiny|100/100
|move|p2a: Cinderace|Will-O-Wisp|p1a: Zapdos|[miss]
|-miss|p2a: Cinderace|p1a: Zapdos
|
|upkeep
|turn|5
|
|t:|1779606952
|move|p1a: Zapdos|Hurricane|p2a: Cinderace|[miss]
|-miss|p1a: Zapdos|p2a: Cinderace
|move|p2a: Cinderace|Court Change|p2a: Cinderace
|-swapsideconditions
|-activate|p2a: Cinderace|move: Court Change
|
|upkeep
|turn|6
|
|t:|1779606959
|move|p1a: Zapdos|Hurricane|p2a: Cinderace
|-damage|p2a: Cinderace|43/100 par
|move|p2a: Cinderace|U-turn|p1a: Zapdos
|-resisted|p1a: Zapdos
|-damage|p1a: Zapdos|94/100
|
|t:|1779606966
|switch|p2a: Slowking|Slowking-Galar, M, shiny|100/100|[from] U-turn
|
|upkeep
|turn|7
|
|t:|1779606971
|move|p1a: Zapdos|Thunder Wave|p2a: Slowking
|-status|p2a: Slowking|par
|cant|p2a: Slowking|par
|
|upkeep
|turn|8
|
|t:|1779606977
|switch|p1a: Gholdengo|Gholdengo|100/100
|-damage|p1a: Gholdengo|94/100|[from] Stealth Rock
|move|p2a: Slowking|Sludge Bomb|p1a: Gholdengo
|-immune|p1a: Gholdengo
|
|upkeep
|turn|9
|
|t:|1779606985
|switch|p1a: Weavile|Weavile, F|100/100
|-damage|p1a: Weavile|76/100|[from] Stealth Rock
|-prepare|p2a: Slowking|Chilly Reception|[premajor]
|move|p2a: Slowking|Chilly Reception|p2a: Slowking
|-weather|Snowscape
|
|t:|1779607001
|switch|p2a: Kyurem|Kyurem, shiny|100/100|[from] Chilly Reception
|-ability|p2a: Kyurem|Pressure
|
|-weather|Snowscape|[upkeep]
|upkeep
|turn|10
|
|t:|1779607008
|move|p1a: Weavile|Low Kick|p2a: Kyurem
|-supereffective|p2a: Kyurem
|-damage|p2a: Kyurem|28/100
|move|p2a: Kyurem|Earth Power|p1a: Weavile
|-damage|p1a: Weavile|31/100
|
|-weather|Snowscape|[upkeep]
|-heal|p2a: Kyurem|34/100|[from] item: Leftovers
|upkeep
|turn|11
|
|t:|1779607017
|move|p2a: Kyurem|Protect|p2a: Kyurem
|-singleturn|p2a: Kyurem|Protect
|move|p1a: Weavile|Low Kick|p2a: Kyurem
|-activate|p2a: Kyurem|move: Protect
|
|-weather|Snowscape|[upkeep]
|-heal|p2a: Kyurem|40/100|[from] item: Leftovers
|upkeep
|turn|12
|
|t:|1779607026
|switch|p2a: Landorus|Landorus-Therian, M, shiny|88/100
|-ability|p2a: Landorus|Intimidate|boost
|-unboost|p1a: Weavile|atk|1
|move|p1a: Weavile|Low Kick|p2a: Landorus
|-resisted|p2a: Landorus
|-damage|p2a: Landorus|75/100
|-damage|p1a: Weavile|15/100|[from] item: Rocky Helmet|[of] p2a: Landorus
|
|-weather|Snowscape|[upkeep]
|upkeep
|turn|13
|
|t:|1779607036
|move|p1a: Weavile|Low Kick|p2a: Landorus
|-resisted|p2a: Landorus
|-damage|p2a: Landorus|63/100
|-damage|p1a: Weavile|0 fnt|[from] item: Rocky Helmet|[of] p2a: Landorus
|faint|p1a: Weavile
|move|p2a: Landorus|U-turn|p1: Weavile|[notarget]
|-fail|p2a: Landorus
|
|-weather|none
|upkeep
|
|t:|1779607055
|switch|p1a: Gholdengo|Gholdengo|94/100
|-damage|p1a: Gholdengo|88/100|[from] Stealth Rock
|turn|14
|c|☆carciox|So gullible
|
|t:|1779607060
|move|p2a: Landorus|Earthquake|p1a: Gholdengo
|-supereffective|p1a: Gholdengo
|-damage|p1a: Gholdengo|20/100
|move|p1a: Gholdengo|Make It Rain|p2a: Landorus
|-damage|p2a: Landorus|0 fnt
|-unboost|p1a: Gholdengo|spa|1
|faint|p2a: Landorus
|
|upkeep
|
|t:|1779607071
|switch|p2a: Kyurem|Kyurem, shiny|40/100
|-ability|p2a: Kyurem|Pressure
|turn|15
|
|t:|1779607082
|switch|p1a: Zapdos|Zapdos, shiny|94/100
|move|p2a: Kyurem|Substitute|p2a: Kyurem
|-start|p2a: Kyurem|Substitute
|-damage|p2a: Kyurem|15/100
|
|-heal|p2a: Kyurem|21/100|[from] item: Leftovers
|upkeep
|turn|16
|
|t:|1779607090
|move|p2a: Kyurem|Freeze-Dry|p1a: Zapdos
|-supereffective|p1a: Zapdos
|-damage|p1a: Zapdos|25/100
|move|p1a: Zapdos|Volt Switch|p2a: Kyurem
|-resisted|p2a: Kyurem
|-activate|p2a: Kyurem|move: Substitute|[damage]
|
|t:|1779607097
|switch|p1a: Zangoose|Zangoose, M|100/100|[from] Volt Switch
|-damage|p1a: Zangoose|88/100|[from] Stealth Rock
|
|-heal|p2a: Kyurem|28/100|[from] item: Leftovers
|-status|p1a: Zangoose|tox|[from] item: Toxic Orb
|upkeep
|turn|17
|
|t:|1779607105
|move|p1a: Zangoose|Quick Attack|p2a: Kyurem
|-end|p2a: Kyurem|Substitute
|move|p2a: Kyurem|Freeze-Dry|p1a: Zangoose
|-damage|p1a: Zangoose|26/100 tox
|
|-heal|p2a: Kyurem|34/100|[from] item: Leftovers
|-damage|p1a: Zangoose|20/100 tox|[from] psn
|upkeep
|turn|18
|
|t:|1779607118
|-terastallize|p1a: Zangoose|Normal
|move|p2a: Kyurem|Protect|p2a: Kyurem
|-singleturn|p2a: Kyurem|Protect
|move|p1a: Zangoose|Quick Attack|p2a: Kyurem
|-activate|p2a: Kyurem|move: Protect
|
|-heal|p2a: Kyurem|40/100|[from] item: Leftovers
|-damage|p1a: Zangoose|9/100 tox|[from] psn
|upkeep
|turn|19
|
|t:|1779607131
|switch|p2a: Kingambit|Kingambit, F|100/100
|-activate|p2a: Kingambit|ability: Supreme Overlord
|-start|p2a: Kingambit|fallen1|[silent]
|move|p1a: Zangoose|Quick Attack|p2a: Kingambit
|-resisted|p2a: Kingambit
|-damage|p2a: Kingambit|86/100
|
|-heal|p2a: Kingambit|93/100|[from] item: Leftovers
|-damage|p1a: Zangoose|0 fnt|[from] psn
|faint|p1a: Zangoose
|upkeep
|
|t:|1779607143
|switch|p1a: Gholdengo|Gholdengo|20/100
|-damage|p1a: Gholdengo|13/100|[from] Stealth Rock
|turn|20
|
|t:|1779607148
|move|p2a: Kingambit|Sucker Punch||[still]
|-fail|p2a: Kingambit
|move|p1a: Gholdengo|Recover|p1a: Gholdengo
|-heal|p1a: Gholdengo|63/100
|
|-heal|p2a: Kingambit|99/100|[from] item: Leftovers
|upkeep
|turn|21
|
|t:|1779607156
|switch|p1a: Zapdos|Zapdos, shiny|25/100
|move|p2a: Kingambit|Kowtow Cleave|p1a: Zapdos
|-damage|p1a: Zapdos|0 fnt
|-status|p2a: Kingambit|par|[from] ability: Static|[of] p1a: Zapdos
|faint|p1a: Zapdos
|
|-heal|p2a: Kingambit|100/100 par|[from] item: Leftovers
|upkeep
|
|t:|1779607164
|switch|p1a: Latias|Latias, F|100/100
|-damage|p1a: Latias|88/100|[from] Stealth Rock
|turn|22
|
|t:|1779607173
|move|p1a: Latias|Draco Meteor|p2a: Kingambit
|-resisted|p2a: Kingambit
|-damage|p2a: Kingambit|67/100 par
|-unboost|p1a: Latias|spa|2
|move|p2a: Kingambit|Kowtow Cleave|p1a: Latias
|-supereffective|p1a: Latias
|-damage|p1a: Latias|0 fnt
|faint|p1a: Latias
|
|-heal|p2a: Kingambit|73/100 par|[from] item: Leftovers
|upkeep
|
|t:|1779607175
|switch|p1a: Gholdengo|Gholdengo|63/100
|-damage|p1a: Gholdengo|57/100|[from] Stealth Rock
|turn|23
|
|t:|1779607187
|move|p1a: Gholdengo|Nasty Plot|p1a: Gholdengo
|-boost|p1a: Gholdengo|spa|2
|move|p2a: Kingambit|Kowtow Cleave|p1a: Gholdengo
|-supereffective|p1a: Gholdengo
|-damage|p1a: Gholdengo|0 fnt
|-damage|p2a: Kingambit|57/100 par|[from] item: Rocky Helmet|[of] p1a: Gholdengo
|faint|p1a: Gholdengo
|
|win|carciox
|raw|rebefzreet's rating: 1344 &rarr; <strong>1331</strong><br />(-13 for losing)
|raw|carciox's rating: 1475 &rarr; <strong>1488</strong><br />(+13 for winning)
|l|☆rebefzreet
|player|p1|
|l|☆carciox
|player|p2|
