|j|☆Davetron3030
|j|☆sickofme
|t:|1779712621
|gametype|singles
|player|p1|Davetron3030|dancer|1503
|player|p2|sickofme|miku-water|1624
|gen|9
|tier|[Gen 9] OU
|rated|
|rule|HP Percentage Mod: HP is shown in percentages
|rule|Endless Battle Clause: Forcing endless battles is banned
|rule|Species Clause: Limit one of each Pokémon
|rule|OHKO Clause: OHKO moves are banned
|rule|Evasion Items Clause: Evasion items are banned
|rule|Evasion Moves Clause: Evasion moves are banned
|rule|Evasion Abilities Clause: Evasion abilities are banned
|rule|Sleep Moves Clause: Sleep-inducing moves are banned
|clearpoke
|poke|p1|Garchomp, F|
|poke|p1|Gholdengo|
|poke|p1|Iron Crown|
|poke|p1|Iron Valiant|
|poke|p1|Samurott-Hisui, M|
|poke|p1|Zapdos-Galar|
|poke|p2|Ogerpon-Wellspring, F|
|poke|p2|Zamazenta-*|
|poke|p2|Iron Treads|
|poke|p2|Gliscor, M|
|poke|p2|Moltres|
|poke|p2|Lokix, F|
|teampreview
|
|t:|1779712650
|teamsize|p1|6
|teamsize|p2|6
|start
|switch|p1a: Samurott|Samurott-Hisui, M|100/100
|switch|p2a: Gliscor|Gliscor, M|100/100
|turn|1
|inactive|Battle timer is ON: inactive players will automatically lose when time's up. (requested by sickofme)
|
|t:|1779712662
|switch|p2a: Moltres|Moltres|100/100
|move|p1a: Samurott|Taunt|p2a: Moltres
|-start|p2a: Moltres|move: Taunt
|
|upkeep
|turn|2
|inactive|sickofme has 120 seconds left.
|
|t:|1779712696
|move|p1a: Samurott|Aqua Cutter|p2a: Moltres
|-supereffective|p2a: Moltres
|-damage|p2a: Moltres|39/100
|move|p2a: Moltres|U-turn|p1a: Samurott
|-supereffective|p1a: Samurott
|-damage|p1a: Samurott|66/100
|
|t:|1779712701
|switch|p2a: Ogerpon|Ogerpon-Wellspring, F|100/100|[from] U-turn
|
|upkeep
|turn|3
|
|t:|1779712706
|switch|p1a: Garchomp|Garchomp, F|100/100
|move|p2a: Ogerpon|Spikes|p1a: Garchomp
|-sidestart|p1: Davetron3030|Spikes
|
|upkeep
|turn|4
|
|t:|1779712712
|move|p2a: Ogerpon|Ivy Cudgel|p1a: Garchomp|[anim] Ivy Cudgel Water
|-crit|p1a: Garchomp
|-damage|p1a: Garchomp|37/100
|move|p1a: Garchomp|Stealth Rock|p2a: Ogerpon
|-sidestart|p2: sickofme|move: Stealth Rock
|
|upkeep
|turn|5
|
|t:|1779712718
|move|p2a: Ogerpon|Ivy Cudgel|p1a: Garchomp|[anim] Ivy Cudgel Water
|-damage|p1a: Garchomp|0 fnt
|faint|p1a: Garchomp
|
|upkeep
|
|t:|1779712723
|switch|p1a: Zapdos|Zapdos-Galar|100/100
|turn|6
|
|t:|1779712736
|switch|p2a: Moltres|Moltres|39/100
|move|p1a: Zapdos|Brave Bird|p2a: Moltres
|-damage|p2a: Moltres|0 fnt
|faint|p2a: Moltres
|-damage|p1a: Zapdos|85/100|[from] Recoil
|
|upkeep
|
|t:|1779712741
|switch|p2a: Iron Treads|Iron Treads|100/100
|-damage|p2a: Iron Treads|98/100|[from] Stealth Rock
|turn|7
|
|t:|1779712750
|switch|p1a: Gholdengo|Gholdengo|100/100
|-damage|p1a: Gholdengo|88/100|[from] Spikes
|move|p2a: Iron Treads|Rapid Spin|p1a: Gholdengo
|-immune|p1a: Gholdengo
|
|-heal|p2a: Iron Treads|100/100|[from] item: Leftovers
|-heal|p1a: Gholdengo|94/100|[from] item: Leftovers
|upkeep
|turn|8
|
|t:|1779712761
|switch|p1a: Zapdos|Zapdos-Galar|85/100
|move|p2a: Iron Treads|Earthquake|p1a: Zapdos
|-immune|p1a: Zapdos
|
|upkeep
|turn|9
|
|t:|1779712771
|-terastallize|p2a: Iron Treads|Flying
|move|p1a: Zapdos|Thunderous Kick|p2a: Iron Treads
|-resisted|p2a: Iron Treads
|-damage|p2a: Iron Treads|84/100
|-unboost|p2a: Iron Treads|def|1
|move|p2a: Iron Treads|Rapid Spin|p1a: Zapdos
|-damage|p1a: Zapdos|70/100
|-boost|p2a: Iron Treads|spe|1
|-sideend|p2: sickofme|Stealth Rock|[from] move: Rapid Spin|[of] p2a: Iron Treads
|
|-heal|p2a: Iron Treads|90/100|[from] item: Leftovers
|upkeep
|turn|10
|
|t:|1779712784
|move|p2a: Iron Treads|Stealth Rock|p1a: Zapdos
|-sidestart|p1: Davetron3030|move: Stealth Rock
|move|p1a: Zapdos|Thunderous Kick|p2a: Iron Treads
|-resisted|p2a: Iron Treads
|-damage|p2a: Iron Treads|63/100
|-unboost|p2a: Iron Treads|def|1
|
|-heal|p2a: Iron Treads|69/100|[from] item: Leftovers
|upkeep
|turn|11
|
|t:|1779712793
|move|p2a: Iron Treads|Volt Switch|p1a: Zapdos
|-supereffective|p1a: Zapdos
|-damage|p1a: Zapdos|44/100
|
|t:|1779712798
|-end|p2a: Iron Treads|Quark Drive|[silent]
|switch|p2a: Lokix|Lokix, F|100/100|[from] Volt Switch
|move|p1a: Zapdos|Thunderous Kick|p2a: Lokix
|-damage|p2a: Lokix|38/100
|-unboost|p2a: Lokix|def|1
|
|upkeep
|turn|12
|
|t:|1779712806
|move|p2a: Lokix|First Impression|p1a: Zapdos
|-resisted|p1a: Zapdos
|-damage|p1a: Zapdos|6/100
|move|p1a: Zapdos|Thunderous Kick|p2a: Lokix
|-damage|p2a: Lokix|0 fnt
|faint|p2a: Lokix
|
|upkeep
|
|t:|1779712815
|switch|p2a: Gliscor|Gliscor, M|100/100
|turn|13
|
|t:|1779712823
|move|p1a: Zapdos|Thunderous Kick|p2a: Gliscor
|-resisted|p2a: Gliscor
|-damage|p2a: Gliscor|80/100
|-unboost|p2a: Gliscor|def|1
|move|p2a: Gliscor|Facade|p1a: Zapdos
|-damage|p1a: Zapdos|0 fnt
|faint|p1a: Zapdos
|
|-status|p2a: Gliscor|tox|[from] item: Toxic Orb
|upkeep
|
|t:|1779712835
|switch|p1a: Samurott|Samurott-Hisui, M|66/100
|-damage|p1a: Samurott|54/100|[from] Spikes
|-damage|p1a: Samurott|41/100|[from] Stealth Rock
|turn|14
|inactive|sickofme has 120 seconds left.
|
|t:|1779712882
|move|p1a: Samurott|Ceaseless Edge|p2a: Gliscor
|-damage|p2a: Gliscor|15/100 tox
|-sidestart|p2: sickofme|Spikes
|move|p2a: Gliscor|Facade|p1a: Samurott
|-damage|p1a: Samurott|0 fnt
|faint|p1a: Samurott
|
|-heal|p2a: Gliscor|27/100 tox|[from] ability: Poison Heal
|upkeep
|
|t:|1779712893
|switch|p1a: Iron Valiant|Iron Valiant|100/100
|-damage|p1a: Iron Valiant|88/100|[from] Spikes
|-damage|p1a: Iron Valiant|82/100|[from] Stealth Rock
|turn|15
|
|t:|1779712908
|move|p1a: Iron Valiant|Moonblast|p2a: Gliscor
|-damage|p2a: Gliscor|0 fnt
|faint|p2a: Gliscor
|
|upkeep
|
|t:|1779712912
|switch|p2a: Ogerpon|Ogerpon-Wellspring, F|100/100
|-damage|p2a: Ogerpon|88/100|[from] Spikes
|turn|16
|
|t:|1779712916
|move|p1a: Iron Valiant|Moonblast|p2a: Ogerpon
|-damage|p2a: Ogerpon|7/100
|-unboost|p2a: Ogerpon|spa|1
|move|p2a: Ogerpon|Ivy Cudgel|p1a: Iron Valiant|[anim] Ivy Cudgel Water
|-damage|p1a: Iron Valiant|8/100
|
|upkeep
|turn|17
|
|t:|1779712924
|move|p1a: Iron Valiant|Moonblast|p2a: Ogerpon
|-damage|p2a: Ogerpon|0 fnt
|faint|p2a: Ogerpon
|
|upkeep
|
|t:|1779712925
|switch|p2a: Iron Treads|Iron Treads, tera:Flying|69/100
|turn|18
|
|t:|1779712931
|move|p1a: Iron Valiant|Moonblast|p2a: Iron Treads
|-damage|p2a: Iron Treads|0 fnt
|faint|p2a: Iron Treads
|-end|p2a: Iron Treads|Quark Drive|[silent]
|
|upkeep
|j| yuureisuisei
|
|t:|1779712934
|switch|p2a: Zamazenta|Zamazenta|100/100
|-damage|p2a: Zamazenta|88/100|[from] Spikes
|-ability|p2a: Zamazenta|Dauntless Shield|boost
|-boost|p2a: Zamazenta|def|1
|turn|19
|
|t:|1779712940
|move|p2a: Zamazenta|Body Press|p1a: Iron Valiant
|-resisted|p1a: Iron Valiant
|-damage|p1a: Iron Valiant|0 fnt
|faint|p1a: Iron Valiant
|-end|p1a: Iron Valiant|Quark Drive|[silent]
|
|upkeep
|
|t:|1779712946
|switch|p1a: Iron Crown|Iron Crown|100/100
|-damage|p1a: Iron Crown|88/100|[from] Spikes
|-damage|p1a: Iron Crown|82/100|[from] Stealth Rock
|turn|20
|
|t:|1779712953
|move|p2a: Zamazenta|Body Press|p1a: Iron Crown
|-damage|p1a: Iron Crown|31/100
|move|p1a: Iron Crown|Psychic Noise|p2a: Zamazenta
|-supereffective|p2a: Zamazenta
|-damage|p2a: Zamazenta|32/100
|-start|p2a: Zamazenta|move: Heal Block
|
|upkeep
|turn|21
|
|t:|1779712963
|move|p2a: Zamazenta|Body Press|p1a: Iron Crown
|-damage|p1a: Iron Crown|0 fnt
|faint|p1a: Iron Crown
|-end|p1a: Iron Crown|Quark Drive|[silent]
|
|-end|p2a: Zamazenta|move: Heal Block
|upkeep
|
|t:|1779712969
|switch|p1a: Gholdengo|Gholdengo|94/100
|-damage|p1a: Gholdengo|82/100|[from] Spikes
|-damage|p1a: Gholdengo|76/100|[from] Stealth Rock
|turn|22
|
|t:|1779712975
|move|p2a: Zamazenta|Rest|p2a: Zamazenta
|-status|p2a: Zamazenta|slp|[from] move: Rest
|-heal|p2a: Zamazenta|100/100 slp|[silent]
|-enditem|p2a: Zamazenta|Chesto Berry|[eat]
|-curestatus|p2a: Zamazenta|slp|[msg]
|move|p1a: Gholdengo|Make It Rain|p2a: Zamazenta
|-damage|p2a: Zamazenta|59/100
|-unboost|p1a: Gholdengo|spa|1
|
|-heal|p1a: Gholdengo|82/100|[from] item: Leftovers
|upkeep
|turn|23
|
|t:|1779712987
|move|p2a: Zamazenta|Heavy Slam|p1a: Gholdengo
|-resisted|p1a: Gholdengo
|-damage|p1a: Gholdengo|70/100
|move|p1a: Gholdengo|Thunder Wave|p2a: Zamazenta
|-status|p2a: Zamazenta|par
|
|-heal|p1a: Gholdengo|76/100|[from] item: Leftovers
|upkeep
|turn|24
|
|t:|1779712996
|move|p1a: Gholdengo|Hex|p2a: Zamazenta
|-damage|p2a: Zamazenta|28/100 par
|move|p2a: Zamazenta|Heavy Slam|p1a: Gholdengo
|-resisted|p1a: Gholdengo
|-damage|p1a: Gholdengo|65/100
|
|-heal|p1a: Gholdengo|71/100|[from] item: Leftovers
|upkeep
|turn|25
|
|t:|1779713016
|move|p1a: Gholdengo|Hex|p2a: Zamazenta
|-damage|p2a: Zamazenta|0 fnt
|faint|p2a: Zamazenta
|
|win|Davetron3030
|raw|Davetron3030's rating: 1503 &rarr; <strong>1530</strong><br />(+27 for winning)
|raw|sickofme's rating: 1624 &rarr; <strong>1597</strong><br />(-27 for losing)
|l|☆sickofme
|player|p2|
|l| yuureisuisei
|l|☆Davetron3030
|player|p1|
