|j|☆kk3jj
|j|☆Literally Trish
|t:|1779666530
|gametype|singles
|player|p1|kk3jj|2|1052
|player|p2|Literally Trish|bianca|1069
|gen|9
|tier|[Gen 9] OU
|rated|
|rule|HP Percentage Mod: HP is shown in percentages
|rule|Endless Battle Clause: Forcing endless battles is banned
|rule|Species Clause: Limit one of each Pokémon
|rule|OHKO Clause: OHKO moves are banned
|rule|Evasion Items Clause: Evasion items are banned
|rule|Evasion Moves Clause: Evasion moves are banned
|rule|Evasion Abilities Clause: Evasion abilities are banned
|rule|Sleep Moves Clause: Sleep-inducing moves are banned
|clearpoke
|poke|p1|Totodile, F|
|poke|p1|Croconaw, M|
|poke|p1|Feraligatr, M|
|poke|p1|Ninetales-Alola, F|
|poke|p1|Samurott-Hisui, M|
|poke|p1|Heatran, F|
|poke|p2|Iron Valiant|
|poke|p2|Fezandipiti, M|
|poke|p2|Empoleon, M|
|poke|p2|Infernape, M|
|poke|p2|Bronzong|
|poke|p2|Rotom-Fan|
|teampreview
|
|t:|1779666536
|teamsize|p1|6
|teamsize|p2|6
|start
|switch|p1a: Samurott|Samurott-Hisui, M|100/100
|switch|p2a: Narancia|Rotom-Fan|100/100
|turn|1
|
|t:|1779666543
|switch|p1a: Heatran|Heatran, F|100/100
|move|p2a: Narancia|Thunderbolt|p1a: Heatran
|-damage|p1a: Heatran|79/100
|
|upkeep
|turn|2
|
|t:|1779666555
|switch|p2a: Bucciarati|Empoleon, M, shiny|100/100
|move|p1a: Heatran|Magma Storm|p2a: Bucciarati|[miss]
|-miss|p1a: Heatran|p2a: Bucciarati
|
|upkeep
|turn|3
|
|t:|1779666561
|switch|p1a: Croconaw|Croconaw, M|100/100
|move|p2a: Bucciarati|Surf|p1a: Croconaw
|-resisted|p1a: Croconaw
|-damage|p1a: Croconaw|83/100
|
|upkeep
|turn|4
|
|t:|1779666576
|move|p2a: Bucciarati|Grass Knot|p1a: Croconaw
|-supereffective|p1a: Croconaw
|-damage|p1a: Croconaw|51/100
|move|p1a: Croconaw|Endeavor|p2a: Bucciarati
|-damage|p2a: Bucciarati|37/100
|
|-heal|p2a: Bucciarati|43/100|[from] item: Leftovers
|upkeep
|turn|5
|
|t:|1779666588
|move|p2a: Bucciarati|Grass Knot|p1a: Croconaw
|-supereffective|p1a: Croconaw
|-damage|p1a: Croconaw|14/100
|move|p1a: Croconaw|Endeavor|p2a: Bucciarati
|-damage|p2a: Bucciarati|10/100
|
|-heal|p2a: Bucciarati|16/100|[from] item: Leftovers
|upkeep
|turn|6
|
|t:|1779666596
|move|p2a: Bucciarati|Roost|p2a: Bucciarati
|-heal|p2a: Bucciarati|66/100
|-singleturn|p2a: Bucciarati|move: Roost
|move|p1a: Croconaw|Endeavor|p2a: Bucciarati
|-damage|p2a: Bucciarati|10/100
|
|-heal|p2a: Bucciarati|16/100|[from] item: Leftovers
|upkeep
|turn|7
|
|t:|1779666603
|move|p2a: Bucciarati|Grass Knot|p1a: Croconaw
|-supereffective|p1a: Croconaw
|-damage|p1a: Croconaw|0 fnt
|faint|p1a: Croconaw
|
|-heal|p2a: Bucciarati|23/100|[from] item: Leftovers
|upkeep
|
|t:|1779666609
|switch|p1a: Samurott|Samurott-Hisui, M|100/100
|turn|8
|
|t:|1779666615
|move|p1a: Samurott|Ceaseless Edge|p2a: Bucciarati
|-damage|p2a: Bucciarati|0 fnt
|-sidestart|p2: Literally Trish|Spikes
|faint|p2a: Bucciarati
|
|upkeep
|
|t:|1779666623
|switch|p2a: Giorno|Iron Valiant|100/100
|-damage|p2a: Giorno|88/100|[from] Spikes
|-enditem|p2a: Giorno|Booster Energy
|-activate|p2a: Giorno|ability: Quark Drive|[fromitem]
|-start|p2a: Giorno|quarkdrivespe
|turn|9
|
|t:|1779666628
|switch|p1a: Ninetales|Ninetales-Alola, F|100/100
|-weather|Snowscape|[from] ability: Snow Warning|[of] p1a: Ninetales
|move|p2a: Giorno|Moonblast|p1a: Ninetales
|-damage|p1a: Ninetales|60/100
|
|-weather|Snowscape|[upkeep]
|upkeep
|turn|10
|
|t:|1779666636
|-terastallize|p2a: Giorno|Fairy
|move|p2a: Giorno|Moonblast|p1a: Ninetales
|-damage|p1a: Ninetales|8/100
|move|p1a: Ninetales|Aurora Veil|p1a: Ninetales
|-sidestart|p1: kk3jj|move: Aurora Veil
|
|-weather|Snowscape|[upkeep]
|upkeep
|turn|11
|
|t:|1779666643
|move|p2a: Giorno|Moonblast|p1a: Ninetales
|-damage|p1a: Ninetales|0 fnt
|faint|p1a: Ninetales
|
|-weather|Snowscape|[upkeep]
|upkeep
|
|t:|1779666649
|switch|p1a: Heatran|Heatran, F|79/100
|turn|12
|
|t:|1779666651
|move|p2a: Giorno|Close Combat|p1a: Heatran
|-supereffective|p1a: Heatran
|-damage|p1a: Heatran|31/100
|-unboost|p2a: Giorno|def|1
|-unboost|p2a: Giorno|spd|1
|move|p1a: Heatran|Flash Cannon|p2a: Giorno
|-supereffective|p2a: Giorno
|-damage|p2a: Giorno|0 fnt
|faint|p2a: Giorno
|-end|p2a: Giorno|Quark Drive|[silent]
|
|-weather|Snowscape|[upkeep]
|upkeep
|
|t:|1779666665
|switch|p2a: Abbacchio|Bronzong|100/100
|turn|13
|
|t:|1779666668
|move|p1a: Heatran|Flamethrower|p2a: Abbacchio
|-supereffective|p2a: Abbacchio
|-damage|p2a: Abbacchio|45/100
|move|p2a: Abbacchio|Stealth Rock|p1a: Heatran
|-sidestart|p1: kk3jj|move: Stealth Rock
|
|-weather|none
|-heal|p2a: Abbacchio|52/100|[from] item: Leftovers
|upkeep
|turn|14
|
|t:|1779666675
|move|p2a: Abbacchio|Protect|p2a: Abbacchio
|-singleturn|p2a: Abbacchio|Protect
|move|p1a: Heatran|Flamethrower|p2a: Abbacchio
|-activate|p2a: Abbacchio|move: Protect
|
|-heal|p2a: Abbacchio|58/100|[from] item: Leftovers
|upkeep
|turn|15
|
|t:|1779666685
|move|p2a: Abbacchio|Protect||[still]
|-fail|p2a: Abbacchio
|move|p1a: Heatran|Magma Storm|p2a: Abbacchio|[miss]
|-miss|p1a: Heatran|p2a: Abbacchio
|
|-heal|p2a: Abbacchio|64/100|[from] item: Leftovers
|upkeep
|turn|16
|
|t:|1779666691
|move|p2a: Abbacchio|Protect|p2a: Abbacchio
|-singleturn|p2a: Abbacchio|Protect
|move|p1a: Heatran|Magma Storm|p2a: Abbacchio
|-activate|p2a: Abbacchio|move: Protect
|
|-heal|p2a: Abbacchio|70/100|[from] item: Leftovers
|upkeep
|turn|17
|
|t:|1779666698
|move|p2a: Abbacchio|Protect||[still]
|-fail|p2a: Abbacchio
|move|p1a: Heatran|Magma Storm|p2a: Abbacchio
|-supereffective|p2a: Abbacchio
|-damage|p2a: Abbacchio|11/100
|-activate|p2a: Abbacchio|move: Magma Storm|[of] p1a: Heatran
|
|-heal|p2a: Abbacchio|17/100|[from] item: Leftovers
|-damage|p2a: Abbacchio|5/100|[from] move: Magma Storm|[partiallytrapped]
|-sideend|p1: kk3jj|move: Aurora Veil
|upkeep
|turn|18
|
|t:|1779666706
|move|p1a: Heatran|Flamethrower|p2a: Abbacchio
|-supereffective|p2a: Abbacchio
|-damage|p2a: Abbacchio|0 fnt
|faint|p2a: Abbacchio
|
|upkeep
|
|t:|1779666708
|switch|p2a: MISTA MISTA|Infernape, M, shiny|100/100
|-damage|p2a: MISTA MISTA|88/100|[from] Spikes
|turn|19
|
|t:|1779666719
|-terastallize|p1a: Heatran|Ghost
|move|p2a: MISTA MISTA|Vacuum Wave|p1a: Heatran
|-immune|p1a: Heatran
|move|p1a: Heatran|Earth Power|p2a: MISTA MISTA
|-supereffective|p2a: MISTA MISTA
|-damage|p2a: MISTA MISTA|14/100
|
|upkeep
|turn|20
|
|t:|1779666726
|move|p2a: MISTA MISTA|Overheat|p1a: Heatran
|-damage|p1a: Heatran|0 fnt
|-unboost|p2a: MISTA MISTA|spa|2
|faint|p1a: Heatran
|
|upkeep
|
|t:|1779666731
|switch|p1a: Totodile|Totodile, F|100/100
|-damage|p1a: Totodile|88/100|[from] Stealth Rock
|turn|21
|
|t:|1779666735
|move|p2a: MISTA MISTA|Vacuum Wave|p1a: Totodile
|-damage|p1a: Totodile|67/100
|move|p1a: Totodile|Aqua Jet|p2a: MISTA MISTA
|-supereffective|p2a: MISTA MISTA
|-damage|p2a: MISTA MISTA|0 fnt
|faint|p2a: MISTA MISTA
|
|upkeep
|
|t:|1779666741
|switch|p2a: Narancia|Rotom-Fan|100/100
|turn|22
|
|t:|1779666747
|move|p2a: Narancia|Thunderbolt|p1a: Totodile
|-supereffective|p1a: Totodile
|-damage|p1a: Totodile|0 fnt
|faint|p1a: Totodile
|
|upkeep
|
|t:|1779666752
|switch|p1a: Samurott|Samurott-Hisui, M|100/100
|-damage|p1a: Samurott|88/100|[from] Stealth Rock
|turn|23
|
|t:|1779666760
|move|p2a: Narancia|Thunderbolt|p1a: Samurott
|-supereffective|p1a: Samurott
|-damage|p1a: Samurott|0 fnt
|faint|p1a: Samurott
|
|upkeep
|
|t:|1779666764
|switch|p1a: Feraligatr|Feraligatr, M|100/100
|-damage|p1a: Feraligatr|88/100|[from] Stealth Rock
|turn|24
|
|t:|1779666768
|move|p2a: Narancia|Thunderbolt|p1a: Feraligatr
|-supereffective|p1a: Feraligatr
|-damage|p1a: Feraligatr|0 fnt
|faint|p1a: Feraligatr
|
|win|Literally Trish
|raw|kk3jj's rating: 1052 &rarr; <strong>1035</strong><br />(-17 for losing)
|raw|Literally Trish's rating: 1069 &rarr; <strong>1097</strong><br />(+28 for winning)
|l|☆kk3jj
|player|p1|
