|j|☆I am a guineapig
|j|☆The Name Change
|t:|1779619105
|gametype|singles
|player|p1|I am a guineapig|fisherman-gen4|1524
|player|p2|The Name Change|102|1459
|gen|9
|tier|[Gen 9] OU
|rated|
|rule|HP Percentage Mod: HP is shown in percentages
|rule|Endless Battle Clause: Forcing endless battles is banned
|rule|Species Clause: Limit one of each Pokémon
|rule|OHKO Clause: OHKO moves are banned
|rule|Evasion Items Clause: Evasion items are banned
|rule|Evasion Moves Clause: Evasion moves are banned
|rule|Evasion Abilities Clause: Evasion abilities are banned
|rule|Sleep Moves Clause: Sleep-inducing moves are banned
|clearpoke
|poke|p1|Carbink|
|poke|p1|Hatterene, F|
|poke|p1|Dusclops, F|
|poke|p1|Iron Hands|
|poke|p1|Crabominable, M|
|poke|p1|Kingambit, F|
|poke|p2|Hoopa|
|poke|p2|Cinderace, F|
|poke|p2|Mandibuzz, F|
|poke|p2|Kyurem|
|poke|p2|Ting-Lu|
|poke|p2|Manaphy|
|teampreview
|inactive|Battle timer is ON: inactive players will automatically lose when time's up. (requested by I am a guineapig)
|j| Otakuotaku
|
|t:|1779619122
|teamsize|p1|6
|teamsize|p2|6
|start
|switch|p1a: Dusclops|Dusclops, F|100/100
|switch|p2a: Cinderace|Cinderace, F|100/100
|-item|p2a: Cinderace|Charcoal|[from] ability: Frisk|[of] p1a: Dusclops
|turn|1
|
|t:|1779619129
|move|p2a: Cinderace|Pyro Ball|p1a: Dusclops
|-damage|p1a: Dusclops|65/100
|move|p1a: Dusclops|Trick Room|p1a: Dusclops
|-fieldstart|move: Trick Room|[of] p1a: Dusclops
|
|upkeep
|turn|2
|
|t:|1779619134
|switch|p1a: Iron Hands|Iron Hands|100/100
|-enditem|p1a: Iron Hands|Booster Energy
|-activate|p1a: Iron Hands|ability: Quark Drive|[fromitem]
|-start|p1a: Iron Hands|quarkdriveatk
|move|p2a: Cinderace|Pyro Ball|p1a: Iron Hands
|-damage|p1a: Iron Hands|57/100
|-status|p1a: Iron Hands|brn
|
|-damage|p1a: Iron Hands|50/100 brn|[from] brn
|upkeep
|turn|3
|
|t:|1779619143
|move|p1a: Iron Hands|Close Combat|p2a: Cinderace
|-damage|p2a: Cinderace|32/100
|-unboost|p1a: Iron Hands|def|1
|-unboost|p1a: Iron Hands|spd|1
|move|p2a: Cinderace|Pyro Ball|p1a: Iron Hands
|-damage|p1a: Iron Hands|0 fnt
|faint|p1a: Iron Hands
|-end|p1a: Iron Hands|Quark Drive|[silent]
|
|upkeep
|
|t:|1779619156
|switch|p1a: Crabominable|Crabominable, M|100/100
|turn|4
|
|t:|1779619168
|move|p1a: Crabominable|Liquidation|p2a: Cinderace
|-supereffective|p2a: Cinderace
|-damage|p2a: Cinderace|0 fnt
|faint|p2a: Cinderace
|-damage|p1a: Crabominable|91/100|[from] item: Life Orb
|
|upkeep
|
|t:|1779619175
|switch|p2a: Manaphy|Manaphy|100/100
|turn|5
|
|t:|1779619179
|move|p1a: Crabominable|Thunder Punch|p2a: Manaphy
|-supereffective|p2a: Manaphy
|-damage|p2a: Manaphy|21/100
|-damage|p1a: Crabominable|81/100|[from] item: Life Orb
|move|p2a: Manaphy|Alluring Voice|p1a: Crabominable
|-supereffective|p1a: Crabominable
|-damage|p1a: Crabominable|34/100
|
|-heal|p2a: Manaphy|27/100|[from] item: Leftovers
|-fieldend|move: Trick Room
|upkeep
|turn|6
|
|t:|1779619194
|move|p2a: Manaphy|Scald|p1a: Crabominable
|-damage|p1a: Crabominable|0 fnt
|faint|p1a: Crabominable
|
|-heal|p2a: Manaphy|34/100|[from] item: Leftovers
|upkeep
|
|t:|1779619203
|switch|p1a: Hatterene|Hatterene, F|100/100
|turn|7
|
|t:|1779619208
|move|p2a: Manaphy|Scald|p1a: Hatterene
|-damage|p1a: Hatterene|68/100
|move|p1a: Hatterene|Trick Room|p1a: Hatterene
|-fieldstart|move: Trick Room|[of] p1a: Hatterene
|
|-heal|p2a: Manaphy|40/100|[from] item: Leftovers
|upkeep
|turn|8
|
|t:|1779619214
|move|p1a: Hatterene|Psychic|p2a: Manaphy
|-damage|p2a: Manaphy|0 fnt
|faint|p2a: Manaphy
|
|upkeep
|
|t:|1779619221
|switch|p2a: Hoopa|Hoopa|100/100
|turn|9
|
|t:|1779619225
|move|p1a: Hatterene|Misty Explosion|p2a: Hoopa
|-damage|p2a: Hoopa|56/100
|faint|p1a: Hatterene
|move|p2a: Hoopa|Substitute|p2a: Hoopa
|-start|p2a: Hoopa|Substitute
|-damage|p2a: Hoopa|31/100
|
|upkeep
|
|t:|1779619237
|switch|p1a: Dusclops|Dusclops, F|65/100
|-item|p2a: Hoopa|Aguav Berry|[from] ability: Frisk|[of] p1a: Dusclops
|turn|10
|
|t:|1779619244
|move|p1a: Dusclops|Curse|p2a: Hoopa
|-start|p2a: Hoopa|Curse|[of] p1a: Dusclops
|-damage|p1a: Dusclops|15/100
|move|p2a: Hoopa|Shadow Ball|p1a: Dusclops
|-supereffective|p1a: Dusclops
|-damage|p1a: Dusclops|0 fnt
|faint|p1a: Dusclops
|
|-damage|p2a: Hoopa|6/100|[from] Curse
|upkeep
|-enditem|p2a: Hoopa|Aguav Berry|[eat]
|-heal|p2a: Hoopa|39/100|[from] item: Aguav Berry
|
|t:|1779619266
|switch|p1a: Carbink|Carbink|100/100
|turn|11
|
|t:|1779619274
|move|p1a: Carbink|Protect|p1a: Carbink
|-singleturn|p1a: Carbink|Protect
|move|p2a: Hoopa|Shadow Ball|p1a: Carbink
|-activate|p1a: Carbink|move: Protect
|
|-damage|p2a: Hoopa|14/100|[from] Curse
|-fieldend|move: Trick Room
|upkeep
|turn|12
|
|t:|1779619282
|move|p2a: Hoopa|Shadow Ball|p1a: Carbink
|-damage|p1a: Carbink|61/100
|-unboost|p1a: Carbink|spd|1
|-item|p2a: Hoopa|Mental Herb|[from] ability: Magician|[of] p1a: Carbink
|move|p1a: Carbink|Trick Room|p1a: Carbink
|-fieldstart|move: Trick Room|[of] p1a: Carbink
|
|-damage|p2a: Hoopa|0 fnt|[from] Curse
|faint|p2a: Hoopa
|upkeep
|
|t:|1779619295
|switch|p2a: Ting-Lucifer|Ting-Lu|100/100
|-ability|p2a: Ting-Lucifer|Vessel of Ruin
|turn|13
|
|t:|1779619300
|move|p1a: Carbink|Misty Explosion|p2a: Ting-Lucifer
|-supereffective|p2a: Ting-Lucifer
|-damage|p2a: Ting-Lucifer|77/100
|-enditem|p2a: Ting-Lucifer|Weakness Policy
|-boost|p2a: Ting-Lucifer|atk|2|[from] item: Weakness Policy
|-boost|p2a: Ting-Lucifer|spa|2|[from] item: Weakness Policy
|faint|p1a: Carbink
|move|p2a: Ting-Lucifer|Heavy Slam|p1: Carbink|[notarget]
|-fail|p2a: Ting-Lucifer
|
|upkeep
|
|t:|1779619303
|switch|p1a: Kingambit|Kingambit, F|100/100
|-activate|p1a: Kingambit|ability: Supreme Overlord
|-start|p1a: Kingambit|fallen5|[silent]
|turn|14
|
|t:|1779619309
|-terastallize|p1a: Kingambit|Dark
|move|p1a: Kingambit|Swords Dance|p1a: Kingambit
|-boost|p1a: Kingambit|atk|2
|move|p2a: Ting-Lucifer|Earthquake|p1a: Kingambit
|-damage|p1a: Kingambit|23/100
|
|upkeep
|turn|15
|
|t:|1779619315
|move|p1a: Kingambit|Iron Head|p2a: Ting-Lucifer
|-damage|p2a: Ting-Lucifer|0 fnt
|faint|p2a: Ting-Lucifer
|-damage|p1a: Kingambit|13/100|[from] item: Life Orb
|
|upkeep
|
|t:|1779619320
|switch|p2a: Kyurem|Kyurem|100/100
|-ability|p2a: Kyurem|Pressure
|turn|16
|
|t:|1779619327
|move|p1a: Kingambit|Sucker Punch|p2a: Kyurem
|-damage|p2a: Kyurem|0 fnt
|faint|p2a: Kyurem
|-damage|p1a: Kingambit|3/100|[from] item: Life Orb
|
|-fieldend|move: Trick Room
|upkeep
|
|t:|1779619330
|switch|p2a: Mandibuzz|Mandibuzz, F, shiny|100/100
|turn|17
|
|t:|1779619333
|move|p1a: Kingambit|Sucker Punch|p2a: Mandibuzz
|-resisted|p2a: Mandibuzz
|-damage|p2a: Mandibuzz|34/100
|-damage|p1a: Kingambit|0 fnt|[from] item: Rocky Helmet|[of] p2a: Mandibuzz
|faint|p1a: Kingambit
|-end|p1a: Kingambit|fallen5|[silent]
|
|win|The Name Change
|raw|I am a guineapig's rating: 1524 &rarr; <strong>1500</strong><br />(-24 for losing)
|raw|The Name Change's rating: 1459 &rarr; <strong>1483</strong><br />(+24 for winning)
|l|☆I am a guineapig
|player|p1|
|l|☆The Name Change
|player|p2|
