|j|☆immagns
|j|☆n5v
|t:|1779603811
|gametype|singles
|player|p1|immagns|beauty-gen3|1523
|player|p2|n5v|leon-masters|1595
|gen|9
|tier|[Gen 9] OU
|rated|
|rule|HP Percentage Mod: HP is shown in percentages
|rule|Endless Battle Clause: Forcing endless battles is banned
|rule|Species Clause: Limit one of each Pokémon
|rule|OHKO Clause: OHKO moves are banned
|rule|Evasion Items Clause: Evasion items are banned
|rule|Evasion Moves Clause: Evasion moves are banned
|rule|Evasion Abilities Clause: Evasion abilities are banned
|rule|Sleep Moves Clause: Sleep-inducing moves are banned
|clearpoke
|poke|p1|Hoopa-Unbound|
|poke|p1|Rillaboom, M|
|poke|p1|Heatran, F|
|poke|p1|Iron Valiant|
|poke|p1|Corviknight, F|
|poke|p1|Ting-Lu|
|poke|p2|Iron Moth|
|poke|p2|Gliscor, F|
|poke|p2|Hatterene, F|
|poke|p2|Ogerpon-Wellspring, F|
|poke|p2|Raging Bolt|
|poke|p2|Zamazenta-*|
|teampreview
|c|☆n5v|glhf
|inactive|Battle timer is ON: inactive players will automatically lose when time's up. (requested by n5v)
|
|t:|1779603832
|teamsize|p1|6
|teamsize|p2|6
|start
|switch|p1a: Ting-Lu|Ting-Lu|100/100
|switch|p2a: Zamazenta|Zamazenta|100/100
|-ability|p2a: Zamazenta|Dauntless Shield|boost
|-boost|p2a: Zamazenta|def|1
|-ability|p1a: Ting-Lu|Vessel of Ruin
|turn|1
|
|t:|1779603840
|switch|p2a: Hatterene|Hatterene, F|100/100
|switch|p1a: Corviknight|Corviknight, F|100/100
|-ability|p1a: Corviknight|Pressure
|
|upkeep
|turn|2
|
|t:|1779603848
|move|p1a: Corviknight|U-turn|p2a: Hatterene
|-crit|p2a: Hatterene
|-damage|p2a: Hatterene|81/100
|
|t:|1779603851
|switch|p1a: Ting-Lu|Ting-Lu|100/100|[from] U-turn
|-ability|p1a: Ting-Lu|Vessel of Ruin
|move|p2a: Hatterene|Mystical Fire|p1a: Ting-Lu
|-damage|p1a: Ting-Lu|91/100
|-unboost|p1a: Ting-Lu|spa|1
|
|-heal|p1a: Ting-Lu|98/100|[from] item: Leftovers
|-heal|p2a: Hatterene|87/100|[from] item: Leftovers
|upkeep
|turn|3
|
|t:|1779603861
|move|p1a: Ting-Lu|Heavy Slam|p2a: Hatterene
|-supereffective|p2a: Hatterene
|-damage|p2a: Hatterene|41/100
|move|p2a: Hatterene|Draining Kiss|p1a: Ting-Lu
|-supereffective|p1a: Ting-Lu
|-damage|p1a: Ting-Lu|79/100
|-heal|p2a: Hatterene|64/100|[from] drain|[of] p1a: Ting-Lu
|
|-heal|p1a: Ting-Lu|85/100|[from] item: Leftovers
|-heal|p2a: Hatterene|70/100|[from] item: Leftovers
|upkeep
|turn|4
|
|t:|1779603871
|switch|p2a: Zamazenta|Zamazenta|100/100
|move|p1a: Ting-Lu|Ruination|p2a: Zamazenta
|-damage|p2a: Zamazenta|51/100
|
|-heal|p1a: Ting-Lu|91/100|[from] item: Leftovers
|upkeep
|turn|5
|
|t:|1779603879
|switch|p1a: Corviknight|Corviknight, F|100/100
|-ability|p1a: Corviknight|Pressure
|move|p2a: Zamazenta|Reflect|p2a: Zamazenta
|-sidestart|p2: n5v|Reflect
|
|upkeep
|turn|6
|
|t:|1779603889
|switch|p2a: Hatterene|Hatterene, F|70/100
|move|p1a: Corviknight|Defog|p2a: Hatterene
|move|p2a: Hatterene|Defog|p1a: Corviknight|[from] ability: Magic Bounce
|-unboost|p1a: Corviknight|evasion|1
|
|-heal|p2a: Hatterene|76/100|[from] item: Leftovers
|upkeep
|turn|7
|
|t:|1779603898
|move|p1a: Corviknight|U-turn|p2a: Hatterene
|-damage|p2a: Hatterene|69/100
|
|t:|1779603900
|switch|p1a: Ting-Lu|Ting-Lu|91/100|[from] U-turn
|-ability|p1a: Ting-Lu|Vessel of Ruin
|move|p2a: Hatterene|Calm Mind|p2a: Hatterene
|-boost|p2a: Hatterene|spa|1
|-boost|p2a: Hatterene|spd|1
|
|-heal|p1a: Ting-Lu|97/100|[from] item: Leftovers
|-heal|p2a: Hatterene|75/100|[from] item: Leftovers
|upkeep
|turn|8
|
|t:|1779603914
|move|p1a: Ting-Lu|Ruination|p2a: Hatterene
|-damage|p2a: Hatterene|38/100
|move|p2a: Hatterene|Draining Kiss|p1a: Ting-Lu
|-supereffective|p1a: Ting-Lu
|-damage|p1a: Ting-Lu|67/100
|-heal|p2a: Hatterene|75/100|[from] drain|[of] p1a: Ting-Lu
|
|-heal|p1a: Ting-Lu|73/100|[from] item: Leftovers
|-heal|p2a: Hatterene|81/100|[from] item: Leftovers
|upkeep
|turn|9
|
|t:|1779603930
|switch|p1a: Corviknight|Corviknight, F|100/100
|-ability|p1a: Corviknight|Pressure
|move|p2a: Hatterene|Draining Kiss|p1a: Corviknight
|-resisted|p1a: Corviknight
|-damage|p1a: Corviknight|86/100
|-heal|p2a: Hatterene|95/100|[from] drain|[of] p1a: Corviknight
|-damage|p2a: Hatterene|78/100|[from] item: Rocky Helmet|[of] p1a: Corviknight
|
|-heal|p2a: Hatterene|84/100|[from] item: Leftovers
|upkeep
|turn|10
|
|t:|1779603937
|move|p1a: Corviknight|U-turn|p2a: Hatterene
|-damage|p2a: Hatterene|78/100
|
|t:|1779603945
|switch|p1a: Iron Valiant|Iron Valiant|100/100|[from] U-turn
|move|p2a: Hatterene|Mystical Fire|p1a: Iron Valiant
|-damage|p1a: Iron Valiant|36/100
|-unboost|p1a: Iron Valiant|spa|1
|
|-heal|p2a: Hatterene|84/100|[from] item: Leftovers
|upkeep
|turn|11
|
|t:|1779603953
|move|p1a: Iron Valiant|Trick|p2a: Hatterene
|-activate|p1a: Iron Valiant|move: Trick|[of] p2a: Hatterene
|-item|p2a: Hatterene|Choice Specs|[from] move: Trick
|-item|p1a: Iron Valiant|Leftovers|[from] move: Trick
|move|p2a: Hatterene|Calm Mind|p2a: Hatterene
|-boost|p2a: Hatterene|spa|1
|-boost|p2a: Hatterene|spd|1
|
|-heal|p1a: Iron Valiant|42/100|[from] item: Leftovers
|upkeep
|turn|12
|
|t:|1779603966
|switch|p2a: Iron Moth|Iron Moth|100/100
|-enditem|p2a: Iron Moth|Booster Energy
|-activate|p2a: Iron Moth|ability: Quark Drive|[fromitem]
|-start|p2a: Iron Moth|quarkdrivespe
|move|p1a: Iron Valiant|Trick|p2a: Iron Moth
|-activate|p1a: Iron Valiant|move: Trick|[of] p2a: Iron Moth
|-item|p2a: Iron Moth|Leftovers|[from] move: Trick
|-enditem|p1a: Iron Valiant|Leftovers|[silent]|[from] move: Trick
|
|-sideend|p2: n5v|Reflect
|upkeep
|turn|13
|c|☆immagns|lololol
|
|t:|1779603984
|-end|p1a: Iron Valiant|Quark Drive|[silent]
|switch|p1a: Heatran|Heatran, F|100/100
|move|p2a: Iron Moth|Whirlwind|p1a: Heatran
|drag|p1a: Rillaboom|Rillaboom, M|100/100
|-fieldstart|move: Grassy Terrain|[from] ability: Grassy Surge|[of] p1a: Rillaboom
|
|upkeep
|turn|14
|
|t:|1779603991
|move|p2a: Iron Moth|Sludge Wave|p1a: Rillaboom
|-supereffective|p1a: Rillaboom
|-damage|p1a: Rillaboom|0 fnt
|faint|p1a: Rillaboom
|
|upkeep
|c|☆n5v|funny
|
|t:|1779604000
|switch|p1a: Heatran|Heatran, F|100/100
|turn|15
|
|t:|1779604009
|-end|p2a: Iron Moth|Quark Drive|[silent]
|switch|p2a: Ogerpon|Ogerpon-Wellspring, F|100/100
|move|p1a: Heatran|Flash Cannon|p2a: Ogerpon
|-resisted|p2a: Ogerpon
|-damage|p2a: Ogerpon|80/100
|-unboost|p2a: Ogerpon|spd|1
|
|-heal|p2a: Ogerpon|86/100|[from] Grassy Terrain
|upkeep
|turn|16
|
|t:|1779604017
|move|p2a: Ogerpon|Ivy Cudgel|p1a: Heatran|[anim] Ivy Cudgel Water
|-supereffective|p1a: Heatran
|-crit|p1a: Heatran
|-damage|p1a: Heatran|0 fnt
|faint|p1a: Heatran
|
|-heal|p2a: Ogerpon|92/100|[from] Grassy Terrain
|upkeep
|
|t:|1779604029
|switch|p1a: Iron Valiant|Iron Valiant|42/100
|turn|17
|
|t:|1779604033
|move|p1a: Iron Valiant|Moonblast|p2a: Ogerpon
|-damage|p2a: Ogerpon|13/100
|move|p2a: Ogerpon|Trailblaze|p1a: Iron Valiant
|-damage|p1a: Iron Valiant|0 fnt
|-boost|p2a: Ogerpon|spe|1
|faint|p1a: Iron Valiant
|-end|p1a: Iron Valiant|Quark Drive|[silent]
|
|-heal|p2a: Ogerpon|19/100|[from] Grassy Terrain
|-fieldend|move: Grassy Terrain
|upkeep
|
|t:|1779604041
|switch|p1a: Corviknight|Corviknight, F|86/100
|-ability|p1a: Corviknight|Pressure
|turn|18
|
|t:|1779604052
|move|p2a: Ogerpon|Ivy Cudgel|p1a: Corviknight|[anim] Ivy Cudgel Water
|-damage|p1a: Corviknight|41/100
|move|p1a: Corviknight|U-turn|p2a: Ogerpon
|-supereffective|p2a: Ogerpon
|-damage|p2a: Ogerpon|0 fnt
|faint|p2a: Ogerpon
|
|t:|1779604060
|switch|p1a: Hoopa|Hoopa-Unbound|100/100|[from] U-turn
|
|upkeep
|
|t:|1779604078
|switch|p2a: Gliscor|Gliscor, F|100/100
|turn|19
|
|t:|1779604084
|move|p2a: Gliscor|Earthquake|p1a: Hoopa
|-damage|p1a: Hoopa|50/100
|move|p1a: Hoopa|Calm Mind|p1a: Hoopa
|-boost|p1a: Hoopa|spa|1
|-boost|p1a: Hoopa|spd|1
|
|-status|p2a: Gliscor|tox|[from] item: Toxic Orb
|upkeep
|turn|20
|
|t:|1779604091
|move|p2a: Gliscor|Swords Dance|p2a: Gliscor
|-boost|p2a: Gliscor|atk|2
|move|p1a: Hoopa|Psychic Noise|p2a: Gliscor
|-damage|p2a: Gliscor|5/100 tox
|-start|p2a: Gliscor|move: Heal Block
|
|upkeep
|turn|21
|
|t:|1779604098
|switch|p1a: Corviknight|Corviknight, F|41/100
|-ability|p1a: Corviknight|Pressure
|move|p2a: Gliscor|Facade|p1a: Corviknight
|-resisted|p1a: Corviknight
|-damage|p1a: Corviknight|12/100
|-damage|p2a: Gliscor|0 fnt|[from] item: Rocky Helmet|[of] p1a: Corviknight
|faint|p2a: Gliscor
|
|upkeep
|
|t:|1779604111
|switch|p2a: Iron Moth|Iron Moth|100/100
|turn|22
|
|t:|1779604114
|switch|p1a: Ting-Lu|Ting-Lu|73/100
|-ability|p1a: Ting-Lu|Vessel of Ruin
|move|p2a: Iron Moth|Fiery Dance|p1a: Ting-Lu
|-damage|p1a: Ting-Lu|57/100
|-boost|p2a: Iron Moth|spa|1
|
|-heal|p1a: Ting-Lu|64/100|[from] item: Leftovers
|upkeep
|turn|23
|
|t:|1779604122
|-end|p2a: Iron Moth|Quark Drive|[silent]
|switch|p2a: Zamazenta|Zamazenta|51/100
|move|p1a: Ting-Lu|Stealth Rock|p2a: Zamazenta
|-sidestart|p2: n5v|move: Stealth Rock
|
|-heal|p1a: Ting-Lu|70/100|[from] item: Leftovers
|upkeep
|turn|24
|
|t:|1779604132
|switch|p1a: Corviknight|Corviknight, F|12/100
|-ability|p1a: Corviknight|Pressure
|move|p2a: Zamazenta|Close Combat|p1a: Corviknight
|-damage|p1a: Corviknight|0 fnt
|-unboost|p2a: Zamazenta|def|1
|-unboost|p2a: Zamazenta|spd|1
|-damage|p2a: Zamazenta|34/100|[from] item: Rocky Helmet|[of] p1a: Corviknight
|faint|p1a: Corviknight
|
|upkeep
|
|t:|1779604143
|switch|p1a: Hoopa|Hoopa-Unbound|50/100
|turn|25
|
|t:|1779604150
|move|p2a: Zamazenta|Close Combat|p1a: Hoopa
|-damage|p1a: Hoopa|0 fnt
|-unboost|p2a: Zamazenta|def|1
|-unboost|p2a: Zamazenta|spd|1
|faint|p1a: Hoopa
|
|upkeep
|-message|immagns forfeited.
|
|win|n5v
|raw|immagns's rating: 1523 &rarr; <strong>1507</strong><br />(-16 for losing)
|raw|n5v's rating: 1595 &rarr; <strong>1611</strong><br />(+16 for winning)
|l|☆immagns
|player|p1|
|c|☆n5v|gg
|l|☆n5v
|player|p2|
