|j|☆bena13
|j|☆862b
|t:|1779679394
|gametype|singles
|player|p1|bena13|169|1224
|player|p2|862b|265|1275
|gen|9
|tier|[Gen 9] OU
|rated|
|rule|HP Percentage Mod: HP is shown in percentages
|rule|Endless Battle Clause: Forcing endless battles is banned
|rule|Species Clause: Limit one of each Pokémon
|rule|OHKO Clause: OHKO moves are banned
|rule|Evasion Items Clause: Evasion items are banned
|rule|Evasion Moves Clause: Evasion moves are banned
|rule|Evasion Abilities Clause: Evasion abilities are banned
|rule|Sleep Moves Clause: Sleep-inducing moves are banned
|clearpoke
|poke|p1|Swanna, F|
|poke|p1|Muk, F|
|poke|p1|Gastrodon, F|
|poke|p1|Vileplume, M|
|poke|p1|Salazzle, F|
|poke|p1|Haunter, F|
|poke|p2|Greninja-*, M|
|poke|p2|Donphan, M|
|poke|p2|Haxorus, F|
|poke|p2|Arboliva, M|
|poke|p2|Zoroark-Hisui, M|
|poke|p2|Talonflame, M|
|teampreview
|inactive|Battle timer is ON: inactive players will automatically lose when time's up. (requested by bena13)
|
|t:|1779679407
|teamsize|p1|6
|teamsize|p2|6
|start
|switch|p1a: Swanna|Swanna, F|100/100
|switch|p2a: Donphan|Donphan, M|100/100
|turn|1
|
|t:|1779679416
|move|p2a: Donphan|Hyper Voice|p1a: Swanna
|-damage|p1a: Swanna|28/100
|move|p1a: Swanna|Surf|p2a: Donphan
|-enditem|p2a: Donphan|Focus Sash
|-damage|p2a: Donphan|1/100
|replace|p2a: Zoroark|Zoroark-Hisui, M
|-end|p2a: Zoroark|Illusion
|-damage|p1a: Swanna|18/100|[from] item: Life Orb
|
|upkeep
|turn|2
|
|t:|1779679430
|move|p2a: Zoroark|Shadow Ball|p1a: Swanna
|-damage|p1a: Swanna|0 fnt
|faint|p1a: Swanna
|
|upkeep
|
|t:|1779679437
|switch|p1a: Salazzle|Salazzle, F|100/100
|turn|3
|
|t:|1779679445
|move|p1a: Salazzle|Sludge Bomb|p2a: Zoroark
|-resisted|p2a: Zoroark
|-crit|p2a: Zoroark
|-damage|p2a: Zoroark|0 fnt
|faint|p2a: Zoroark
|-damage|p1a: Salazzle|91/100|[from] item: Life Orb
|
|upkeep
|
|t:|1779679447
|switch|p2a: Greninja|Greninja, M|100/100
|turn|4
|
|t:|1779679454
|switch|p1a: Gastrodon|Gastrodon, F|100/100
|move|p2a: Greninja|Surf|p1a: Gastrodon
|-ability|p1a: Gastrodon|Storm Drain|boost
|-boost|p1a: Gastrodon|spa|1
|
|upkeep
|turn|5
|
|t:|1779679460
|switch|p2a: Arboliva|Arboliva, M|100/100
|move|p1a: Gastrodon|Ice Beam|p2a: Arboliva
|-supereffective|p2a: Arboliva
|-damage|p2a: Arboliva|37/100
|-enditem|p2a: Arboliva|Sitrus Berry|[eat]
|-heal|p2a: Arboliva|62/100|[from] item: Sitrus Berry
|
|upkeep
|turn|6
|
|t:|1779679472
|move|p2a: Arboliva|Strength Sap|p1a: Gastrodon
|-unboost|p1a: Gastrodon|atk|1
|-heal|p2a: Arboliva|100/100
|move|p1a: Gastrodon|Ice Beam|p2a: Arboliva
|-supereffective|p2a: Arboliva
|-damage|p2a: Arboliva|33/100
|
|-item|p2a: Arboliva|Sitrus Berry|[from] ability: Harvest
|upkeep
|-enditem|p2a: Arboliva|Sitrus Berry|[eat]
|-heal|p2a: Arboliva|58/100|[from] item: Sitrus Berry
|turn|7
|
|t:|1779679484
|move|p1a: Gastrodon|Ice Beam|p2a: Arboliva
|-supereffective|p2a: Arboliva
|-damage|p2a: Arboliva|0 fnt
|faint|p2a: Arboliva
|
|upkeep
|
|t:|1779679490
|switch|p2a: Donphan|Donphan, M|100/100
|turn|8
|
|t:|1779679495
|move|p2a: Donphan|Knock Off|p1a: Gastrodon
|-damage|p1a: Gastrodon|64/100
|-enditem|p1a: Gastrodon|Assault Vest|[from] move: Knock Off|[of] p2a: Donphan
|move|p1a: Gastrodon|Surf|p2a: Donphan
|-supereffective|p2a: Donphan
|-damage|p2a: Donphan|5/100
|
|upkeep
|turn|9
|
|t:|1779679504
|move|p2a: Donphan|Earthquake|p1a: Gastrodon
|-damage|p1a: Gastrodon|13/100
|move|p1a: Gastrodon|Surf|p2a: Donphan
|-supereffective|p2a: Donphan
|-damage|p2a: Donphan|0 fnt
|faint|p2a: Donphan
|
|upkeep
|
|t:|1779679511
|switch|p2a: Talonflame|Talonflame, M|100/100
|turn|10
|
|t:|1779679514
|move|p2a: Talonflame|U-turn|p1a: Gastrodon
|-damage|p1a: Gastrodon|0 fnt
|faint|p1a: Gastrodon
|
|t:|1779679517
|switch|p2a: Haxorus|Haxorus, F, shiny|100/100|[from] U-turn
|-ability|p2a: Haxorus|Mold Breaker
|
|upkeep
|
|t:|1779679528
|switch|p1a: Salazzle|Salazzle, F|91/100
|turn|11
|
|t:|1779679532
|move|p1a: Salazzle|Sludge Bomb|p2a: Haxorus
|-damage|p2a: Haxorus|27/100
|-damage|p1a: Salazzle|81/100|[from] item: Life Orb
|move|p2a: Haxorus|Dragon Dance|p2a: Haxorus
|-boost|p2a: Haxorus|atk|1
|-boost|p2a: Haxorus|spe|1
|
|-heal|p2a: Haxorus|33/100|[from] item: Leftovers
|upkeep
|turn|12
|
|t:|1779679547
|move|p2a: Haxorus|Earthquake|p1a: Salazzle
|-supereffective|p1a: Salazzle
|-damage|p1a: Salazzle|0 fnt
|faint|p1a: Salazzle
|
|-heal|p2a: Haxorus|39/100|[from] item: Leftovers
|upkeep
|
|t:|1779679554
|switch|p1a: Vileplume|Vileplume, M|100/100
|turn|13
|
|t:|1779679558
|switch|p2a: Talonflame|Talonflame, M|100/100
|move|p1a: Vileplume|Strength Sap|p2a: Talonflame
|-unboost|p2a: Talonflame|atk|1
|
|upkeep
|turn|14
|
|t:|1779679574
|switch|p1a: Haunter|Haunter, F|100/100
|move|p2a: Talonflame|Flamethrower|p1a: Haunter
|-damage|p1a: Haunter|42/100
|
|upkeep
|turn|15
|
|t:|1779679580
|switch|p1a: Muk|Muk, F|100/100
|move|p2a: Talonflame|Flamethrower|p1a: Muk
|-damage|p1a: Muk|86/100
|
|upkeep
|turn|16
|
|t:|1779679587
|move|p2a: Talonflame|U-turn|p1a: Muk
|-resisted|p1a: Muk
|-damage|p1a: Muk|82/100
|
|t:|1779679588
|switch|p2a: Haxorus|Haxorus, F, shiny|39/100|[from] U-turn
|-ability|p2a: Haxorus|Mold Breaker
|move|p1a: Muk|Gunk Shot|p2a: Haxorus|[miss]
|-miss|p1a: Muk|p2a: Haxorus
|
|-heal|p2a: Haxorus|45/100|[from] item: Leftovers
|upkeep
|turn|17
|
|t:|1779679605
|-terastallize|p2a: Haxorus|Steel
|-terastallize|p1a: Muk|Flying
|move|p2a: Haxorus|Dragon Dance|p2a: Haxorus
|-boost|p2a: Haxorus|atk|1
|-boost|p2a: Haxorus|spe|1
|move|p1a: Muk|Gunk Shot|p2a: Haxorus
|-immune|p2a: Haxorus
|
|-heal|p2a: Haxorus|51/100|[from] item: Leftovers
|upkeep
|turn|18
|
|t:|1779679622
|move|p2a: Haxorus|Iron Head|p1a: Muk
|-damage|p1a: Muk|8/100
|move|p1a: Muk|Drain Punch|p2a: Haxorus
|-supereffective|p2a: Haxorus
|-damage|p2a: Haxorus|0 fnt
|-heal|p1a: Muk|28/100|[from] drain|[of] p2a: Haxorus
|faint|p2a: Haxorus
|
|upkeep
|
|t:|1779679629
|switch|p2a: Greninja|Greninja, M|100/100
|turn|19
|
|t:|1779679633
|move|p2a: Greninja|Surf|p1a: Muk
|-damage|p1a: Muk|0 fnt
|faint|p1a: Muk
|-ability|p2a: Greninja|Battle Bond|boost
|-boost|p2a: Greninja|atk|1
|-boost|p2a: Greninja|spa|1
|-boost|p2a: Greninja|spe|1
|-activate|p2a: Greninja|ability: Battle Bond
|
|upkeep
|
|t:|1779679641
|switch|p1a: Vileplume|Vileplume, M|100/100
|turn|20
|
|t:|1779679645
|switch|p2a: Talonflame|Talonflame, M|100/100
|move|p1a: Vileplume|Giga Drain|p2a: Talonflame
|-resisted|p2a: Talonflame
|-damage|p2a: Talonflame|92/100
|
|upkeep
|turn|21
|-message|bena13 forfeited.
|
|win|862b
|raw|bena13's rating: 1224 &rarr; <strong>1203</strong><br />(-21 for losing)
|raw|862b's rating: 1275 &rarr; <strong>1296</strong><br />(+21 for winning)
|l|☆bena13
|player|p1|
|l|☆862b
|player|p2|
