|j|☆T_me1on
|j|☆PotatoSalesman233
|t:|1779698134
|gametype|singles
|player|p1|T_me1on|lucas|
|player|p2|PotatoSalesman233|170|
|gen|9
|tier|[Gen 9] OU
|rule|HP Percentage Mod: HP is shown in percentages
|rule|Endless Battle Clause: Forcing endless battles is banned
|rule|Species Clause: Limit one of each Pokémon
|rule|OHKO Clause: OHKO moves are banned
|rule|Evasion Items Clause: Evasion items are banned
|rule|Evasion Moves Clause: Evasion moves are banned
|rule|Evasion Abilities Clause: Evasion abilities are banned
|rule|Sleep Moves Clause: Sleep-inducing moves are banned
|clearpoke
|poke|p1|Pawmot, F|
|poke|p1|Corviknight, F|
|poke|p1|Venusaur, M|
|poke|p1|Breloom, F|
|poke|p1|Landorus-Therian, M|
|poke|p1|Dedenne, F|
|poke|p2|Scovillain, F|
|poke|p2|Spiritomb, F|
|poke|p2|Mamoswine, F|
|poke|p2|Torkoal, M|
|poke|p2|Rhydon, F|
|poke|p2|Tyranitar, F|
|teampreview
|inactive|Battle timer is ON: inactive players will automatically lose when time's up. (requested by PotatoSalesman233)
|
|t:|1779698146
|teamsize|p1|6
|teamsize|p2|6
|start
|switch|p1a: Corviknight|Corviknight, F|100/100
|switch|p2a: Torkoal|Torkoal, M|100/100
|-weather|SunnyDay|[from] ability: Drought|[of] p2a: Torkoal
|turn|1
|
|t:|1779698164
|move|p1a: Corviknight|U-turn|p2a: Torkoal
|-resisted|p2a: Torkoal
|-damage|p2a: Torkoal|96/100
|
|t:|1779698173
|switch|p1a: Landorus|Landorus-Therian, M|100/100|[from] U-turn
|-ability|p1a: Landorus|Intimidate|boost
|-unboost|p2a: Torkoal|atk|1
|move|p2a: Torkoal|Stealth Rock|p1a: Landorus
|-sidestart|p1: T_me1on|move: Stealth Rock
|
|-weather|SunnyDay|[upkeep]
|upkeep
|turn|2
|
|t:|1779698187
|move|p1a: Landorus|Earthquake|p2a: Torkoal
|-supereffective|p2a: Torkoal
|-damage|p2a: Torkoal|37/100
|move|p2a: Torkoal|Body Press|p1a: Landorus
|-resisted|p1a: Landorus
|-damage|p1a: Landorus|81/100
|
|-weather|SunnyDay|[upkeep]
|upkeep
|turn|3
|
|t:|1779698198
|move|p1a: Landorus|Earthquake|p2a: Torkoal
|-supereffective|p2a: Torkoal
|-damage|p2a: Torkoal|0 fnt
|faint|p2a: Torkoal
|
|-weather|SunnyDay|[upkeep]
|upkeep
|
|t:|1779698200
|switch|p2a: Scovillain|Scovillain, F, shiny|100/100
|turn|4
|
|t:|1779698205
|move|p2a: Scovillain|Solar Beam||[still]
|-prepare|p2a: Scovillain|Solar Beam
|-anim|p2a: Scovillain|Solar Beam|p1a: Landorus
|-damage|p1a: Landorus|0 fnt
|faint|p1a: Landorus
|-damage|p2a: Scovillain|91/100|[from] item: Life Orb
|
|-weather|SunnyDay|[upkeep]
|upkeep
|inactive|T_me1on has 270 seconds left.
|
|t:|1779698243
|switch|p1a: Corviknight|Corviknight, F|100/100
|-damage|p1a: Corviknight|88/100|[from] Stealth Rock
|turn|5
|
|t:|1779698251
|move|p2a: Scovillain|Flamethrower|p1a: Corviknight
|-supereffective|p1a: Corviknight
|-damage|p1a: Corviknight|0 fnt
|faint|p1a: Corviknight
|-damage|p2a: Scovillain|81/100|[from] item: Life Orb
|
|-weather|SunnyDay|[upkeep]
|upkeep
|inactive|T_me1on has 270 seconds left.
|
|t:|1779698262
|switch|p1a: Breloom|Breloom, F|100/100
|-damage|p1a: Breloom|94/100|[from] Stealth Rock
|turn|6
|
|t:|1779698268
|move|p2a: Scovillain|Flamethrower|p1a: Breloom
|-supereffective|p1a: Breloom
|-damage|p1a: Breloom|0 fnt
|faint|p1a: Breloom
|-damage|p2a: Scovillain|71/100|[from] item: Life Orb
|
|-weather|SunnyDay|[upkeep]
|upkeep
|
|t:|1779698275
|switch|p1a: Dedenne|Dedenne, F|100/100
|-damage|p1a: Dedenne|88/100|[from] Stealth Rock
|turn|7
|
|t:|1779698283
|move|p2a: Scovillain|Flamethrower|p1a: Dedenne
|-damage|p1a: Dedenne|0 fnt
|faint|p1a: Dedenne
|-damage|p2a: Scovillain|61/100|[from] item: Life Orb
|
|-weather|SunnyDay|[upkeep]
|upkeep
|
|t:|1779698289
|switch|p1a: Pawmot|Pawmot, F|100/100
|-damage|p1a: Pawmot|94/100|[from] Stealth Rock
|turn|8
|
|t:|1779698294
|move|p2a: Scovillain|Flamethrower|p1a: Pawmot
|-damage|p1a: Pawmot|0 fnt
|faint|p1a: Pawmot
|-damage|p2a: Scovillain|51/100|[from] item: Life Orb
|
|-weather|none
|upkeep
|
|t:|1779698300
|switch|p1a: Venusaur|Venusaur, M|100/100
|-damage|p1a: Venusaur|88/100|[from] Stealth Rock
|turn|9
|
|t:|1779698307
|-terastallize|p2a: Scovillain|Fire
|move|p2a: Scovillain|Fire Blast|p1a: Venusaur
|-supereffective|p1a: Venusaur
|-damage|p1a: Venusaur|0 fnt
|faint|p1a: Venusaur
|-damage|p2a: Scovillain|41/100|[from] item: Life Orb
|
|win|PotatoSalesman233
|l|☆T_me1on
|player|p1|
