|j|☆0c3an m4n
|j|☆Sheel_Valia
|t:|1779631277
|gametype|singles
|player|p1|0c3an m4n|marlon|1533
|player|p2|Sheel_Valia|102|1494
|gen|9
|tier|[Gen 9] OU
|rated|
|rule|HP Percentage Mod: HP is shown in percentages
|rule|Endless Battle Clause: Forcing endless battles is banned
|rule|Species Clause: Limit one of each Pokémon
|rule|OHKO Clause: OHKO moves are banned
|rule|Evasion Items Clause: Evasion items are banned
|rule|Evasion Moves Clause: Evasion moves are banned
|rule|Evasion Abilities Clause: Evasion abilities are banned
|rule|Sleep Moves Clause: Sleep-inducing moves are banned
|clearpoke
|poke|p1|Quaquaval, M|
|poke|p1|Barraskewda, F|
|poke|p1|Pelipper, M|
|poke|p1|Slither Wing|
|poke|p1|Hatterene, F|
|poke|p1|Crawdaunt, F|
|poke|p2|Rotom-Wash|
|poke|p2|Toxapex, M|
|poke|p2|Ting-Lu|
|poke|p2|Dragapult, M|
|poke|p2|Hatterene, F|
|poke|p2|Kingambit, F|
|teampreview
|inactive|Battle timer is ON: inactive players will automatically lose when time's up. (requested by Sheel_Valia)
|
|t:|1779631293
|teamsize|p1|6
|teamsize|p2|6
|start
|switch|p1a: Apernao 🔥|Crawdaunt, F, shiny|100/100
|switch|p2a: Rotom|Rotom-Wash, shiny|100/100
|turn|1
|
|t:|1779631298
|move|p2a: Rotom|Volt Switch|p1a: Apernao 🔥
|-supereffective|p1a: Apernao 🔥
|-enditem|p1a: Apernao 🔥|Focus Sash
|-damage|p1a: Apernao 🔥|1/100
|
|t:|1779631303
|switch|p2a: Toxapex|Toxapex, M, shiny|100/100|[from] Volt Switch
|move|p1a: Apernao 🔥|Knock Off|p2a: Toxapex
|-damage|p2a: Toxapex|58/100
|-damage|p1a: Apernao 🔥|0 fnt|[from] item: Rocky Helmet|[of] p2a: Toxapex
|faint|p1a: Apernao 🔥
|
|upkeep
|
|t:|1779631309
|switch|p1a: Si|Hatterene, F, shiny|100/100
|turn|2
|
|t:|1779631317
|switch|p2a: Kingambit|Kingambit, F|100/100
|move|p1a: Si|Psychic|p2a: Kingambit
|-immune|p2a: Kingambit
|
|upkeep
|turn|3
|
|t:|1779631332
|switch|p1a: Risk of what?|Pelipper, M, shiny|100/100
|-weather|RainDance|[from] ability: Drizzle|[of] p1a: Risk of what?
|move|p2a: Kingambit|Swords Dance|p2a: Kingambit
|-boost|p2a: Kingambit|atk|2
|
|-weather|RainDance|[upkeep]
|upkeep
|turn|4
|
|t:|1779631337
|move|p2a: Kingambit|Kowtow Cleave|p1a: Risk of what?
|-crit|p1a: Risk of what?
|-damage|p1a: Risk of what?|0 fnt
|faint|p1a: Risk of what?
|
|-weather|RainDance|[upkeep]
|upkeep
|
|t:|1779631340
|switch|p1a: Berdly|Quaquaval, M, shiny|100/100
|turn|5
|
|t:|1779631347
|-end|p2a: Kingambit|fallenundefined|[silent]
|switch|p2a: Toxapex|Toxapex, M, shiny|91/100
|move|p1a: Berdly|Aqua Step|p2a: Toxapex
|-resisted|p2a: Toxapex
|-damage|p2a: Toxapex|73/100
|-boost|p1a: Berdly|spe|1
|-damage|p1a: Berdly|84/100|[from] item: Rocky Helmet|[of] p2a: Toxapex
|
|-weather|RainDance|[upkeep]
|upkeep
|turn|6
|
|t:|1779631354
|switch|p2a: Kingambit|Kingambit, F|100/100
|move|p1a: Berdly|Swords Dance|p1a: Berdly
|-boost|p1a: Berdly|atk|2
|
|-weather|RainDance|[upkeep]
|upkeep
|turn|7
|
|t:|1779631359
|-end|p2a: Kingambit|fallenundefined|[silent]
|switch|p2a: Toxapex|Toxapex, M, shiny|100/100
|move|p1a: Berdly|Swords Dance|p1a: Berdly
|-boost|p1a: Berdly|atk|2
|
|-weather|RainDance|[upkeep]
|upkeep
|turn|8
|
|t:|1779631364
|-terastallize|p1a: Berdly|Water
|move|p1a: Berdly|Aqua Step|p2a: Toxapex
|-resisted|p2a: Toxapex
|-damage|p2a: Toxapex|34/100
|-boost|p1a: Berdly|spe|1
|-damage|p1a: Berdly|68/100|[from] item: Rocky Helmet|[of] p2a: Toxapex
|move|p2a: Toxapex|Haze|p2a: Toxapex
|-clearallboost
|
|-weather|RainDance|[upkeep]
|upkeep
|turn|9
|
|t:|1779631371
|move|p1a: Berdly|Aqua Step|p2a: Toxapex
|-resisted|p2a: Toxapex
|-damage|p2a: Toxapex|9/100
|-boost|p1a: Berdly|spe|1
|-damage|p1a: Berdly|51/100|[from] item: Rocky Helmet|[of] p2a: Toxapex
|move|p2a: Toxapex|Recover|p2a: Toxapex
|-heal|p2a: Toxapex|59/100
|
|-weather|RainDance|[upkeep]
|upkeep
|turn|10
|
|t:|1779631374
|move|p1a: Berdly|Swords Dance|p1a: Berdly
|-boost|p1a: Berdly|atk|2
|move|p2a: Toxapex|Surf|p1a: Berdly
|-resisted|p1a: Berdly
|-damage|p1a: Berdly|32/100
|
|-weather|none
|upkeep
|turn|11
|
|t:|1779631378
|move|p1a: Berdly|Aqua Step|p2a: Toxapex
|-resisted|p2a: Toxapex
|-damage|p2a: Toxapex|26/100
|-boost|p1a: Berdly|spe|1
|-damage|p1a: Berdly|16/100|[from] item: Rocky Helmet|[of] p2a: Toxapex
|move|p2a: Toxapex|Haze|p2a: Toxapex
|-clearallboost
|
|upkeep
|turn|12
|
|t:|1779631385
|switch|p1a: El papu|Slither Wing, shiny|100/100
|move|p2a: Toxapex|Recover|p2a: Toxapex
|-heal|p2a: Toxapex|76/100
|
|upkeep
|turn|13
|
|t:|1779631388
|move|p1a: El papu|Earthquake|p2a: Toxapex
|-supereffective|p2a: Toxapex
|-crit|p2a: Toxapex
|-damage|p2a: Toxapex|0 fnt
|faint|p2a: Toxapex
|
|upkeep
|
|t:|1779631391
|switch|p2a: Rotom|Rotom-Wash, shiny|100/100
|turn|14
|inactive|0c3an m4n has 120 seconds left.
|
|t:|1779631431
|-end|p1a: El papu|Protosynthesis|[silent]
|switch|p1a: Si|Hatterene, F, shiny|100/100
|move|p2a: Rotom|Trick|p1a: Si
|-activate|p2a: Rotom|move: Trick|[of] p1a: Si
|-item|p1a: Si|Choice Scarf|[from] move: Trick
|-item|p2a: Rotom|Assault Vest|[from] move: Trick
|
|upkeep
|turn|15
|inactive|0c3an m4n has 120 seconds left.
|
|t:|1779631440
|move|p2a: Rotom|Hydro Pump|p1a: Si|[miss]
|-miss|p2a: Rotom|p1a: Si
|move|p1a: Si|Draining Kiss|p2a: Rotom
|-damage|p2a: Rotom|74/100
|
|upkeep
|turn|16
|
|t:|1779631445
|move|p2a: Rotom|Volt Switch|p1a: Si
|-damage|p1a: Si|69/100
|
|t:|1779631450
|switch|p2a: Kingambit|Kingambit, F|100/100|[from] Volt Switch
|-activate|p2a: Kingambit|ability: Supreme Overlord
|-start|p2a: Kingambit|fallen1|[silent]
|move|p1a: Si|Draining Kiss|p2a: Kingambit
|-damage|p2a: Kingambit|72/100
|-heal|p1a: Si|97/100|[from] drain|[of] p2a: Kingambit
|
|upkeep
|turn|17
|
|t:|1779631460
|-end|p2a: Kingambit|fallen1|[silent]
|switch|p2a: Ting-Lu|Ting-Lu|100/100
|-ability|p2a: Ting-Lu|Vessel of Ruin
|move|p1a: Si|Draining Kiss|p2a: Ting-Lu
|-supereffective|p2a: Ting-Lu
|-damage|p2a: Ting-Lu|66/100
|-heal|p1a: Si|100/100|[from] drain|[of] p2a: Ting-Lu
|
|-heal|p2a: Ting-Lu|72/100|[from] item: Leftovers
|upkeep
|turn|18
|
|t:|1779631468
|switch|p2a: Kingambit|Kingambit, F|72/100
|-activate|p2a: Kingambit|ability: Supreme Overlord
|-start|p2a: Kingambit|fallen1|[silent]
|move|p1a: Si|Draining Kiss|p2a: Kingambit
|-damage|p2a: Kingambit|45/100
|
|upkeep
|turn|19
|
|t:|1779631475
|move|p2a: Kingambit|Iron Head|p1a: Si
|-supereffective|p1a: Si
|-damage|p1a: Si|0 fnt
|faint|p1a: Si
|
|upkeep
|
|t:|1779631480
|switch|p1a: Berdly|Quaquaval, M, shiny, tera:Water|16/100
|turn|20
|
|t:|1779631496
|move|p2a: Kingambit|Sucker Punch||[still]
|-fail|p2a: Kingambit
|move|p1a: Berdly|Swords Dance|p1a: Berdly
|-boost|p1a: Berdly|atk|2
|
|upkeep
|turn|21
|
|t:|1779631524
|move|p1a: Berdly|Upper Hand|p2a: Kingambit
|-supereffective|p2a: Kingambit
|-damage|p2a: Kingambit|0 fnt
|faint|p2a: Kingambit
|-end|p2a: Kingambit|fallen1|[silent]
|-ability|p1a: Berdly|Moxie|boost
|-boost|p1a: Berdly|atk|1
|
|upkeep
|
|t:|1779631537
|switch|p2a: Rotom|Rotom-Wash, shiny|74/100
|turn|22
|inactive|0c3an m4n has 120 seconds left.
|l|☆Sheel_Valia
|inactive|Sheel_Valia disconnected and has a minute to reconnect!
|player|p2|
|j|☆Sheel_Valia
|inactive|Sheel_Valia reconnected.
|player|p2|Sheel_Valia|102|
|inactive|0c3an m4n has 90 seconds left.
|inactive|0c3an m4n has 60 seconds left.
|inactive|0c3an m4n has 30 seconds left.
|inactive|0c3an m4n has 20 seconds left.
|inactive|0c3an m4n has 15 seconds left.
|inactive|0c3an m4n has 10 seconds left.
|inactive|0c3an m4n has 5 seconds left.
|
|t:|1779631677
|move|p2a: Rotom|Volt Switch|p1a: Berdly
|-supereffective|p1a: Berdly
|-crit|p1a: Berdly
|-damage|p1a: Berdly|0 fnt
|faint|p1a: Berdly
|
|t:|1779631695
|switch|p2a: Ting-Lu|Ting-Lu|72/100|[from] Volt Switch
|-ability|p2a: Ting-Lu|Vessel of Ruin
|
|-heal|p2a: Ting-Lu|79/100|[from] item: Leftovers
|upkeep
|inactive|0c3an m4n has 15 seconds left this turn.
|inactive|0c3an m4n has 10 seconds left.
|inactive|0c3an m4n has 5 seconds left.
|-message|0c3an m4n lost due to inactivity.
|
|win|Sheel_Valia
|raw|0c3an m4n's rating: 1533 &rarr; <strong>1511</strong><br />(-22 for losing)
|raw|Sheel_Valia's rating: 1494 &rarr; <strong>1516</strong><br />(+22 for winning)
|l|☆Sheel_Valia
|player|p2|
|l|☆0c3an m4n
|player|p1|
