|j|☆my shitters
|j|☆NRU_ Blackout
|t:|1779722031
|gametype|singles
|player|p1|my shitters|preschooler|1411
|player|p2|NRU_ Blackout|pokefan-gen4|1411
|gen|9
|tier|[Gen 9] OU
|rated|
|rule|HP Percentage Mod: HP is shown in percentages
|rule|Endless Battle Clause: Forcing endless battles is banned
|rule|Species Clause: Limit one of each Pokémon
|rule|OHKO Clause: OHKO moves are banned
|rule|Evasion Items Clause: Evasion items are banned
|rule|Evasion Moves Clause: Evasion moves are banned
|rule|Evasion Abilities Clause: Evasion abilities are banned
|rule|Sleep Moves Clause: Sleep-inducing moves are banned
|clearpoke
|poke|p1|Alcremie-Ruby-Swirl, F|
|poke|p1|Sableye, F|
|poke|p1|Primeape, M|
|poke|p1|Ursaring, F|
|poke|p1|Brute Bonnet|
|poke|p1|Rotom-Heat|
|poke|p2|Sinistcha|
|poke|p2|Ursaluna, F|
|poke|p2|Enamorus, F|
|poke|p2|Greninja-*, M|
|poke|p2|Ting-Lu|
|poke|p2|Corviknight, F|
|teampreview
|inactive|Battle timer is ON: inactive players will automatically lose when time's up. (requested by my shitters)
|
|t:|1779722055
|teamsize|p1|6
|teamsize|p2|6
|start
|switch|p1a: UngaBoonguss|Brute Bonnet|100/100
|switch|p2a: Ting-Lu|Ting-Lu|100/100
|-ability|p2a: Ting-Lu|Vessel of Ruin
|-enditem|p1a: UngaBoonguss|Booster Energy
|-activate|p1a: UngaBoonguss|ability: Protosynthesis|[fromitem]
|-start|p1a: UngaBoonguss|protosynthesisatk
|turn|1
|l|☆my shitters
|inactive|my shitters disconnected and has a minute to reconnect!
|player|p1|
|j|☆my shitters
|inactive|my shitters reconnected and has 140 seconds left.
|player|p1|my shitters|preschooler|
|
|t:|1779722072
|switch|p2a: Corviknight|Corviknight, F|100/100
|-ability|p2a: Corviknight|Pressure
|move|p1a: UngaBoonguss|Seed Bomb|p2a: Corviknight
|-resisted|p2a: Corviknight
|-damage|p2a: Corviknight|91/100
|
|upkeep
|turn|2
|
|t:|1779722079
|-end|p1a: UngaBoonguss|Protosynthesis|[silent]
|switch|p1a: FaintCorona|Rotom-Heat|100/100
|move|p2a: Corviknight|U-turn|p1a: FaintCorona
|-resisted|p1a: FaintCorona
|-damage|p1a: FaintCorona|91/100
|
|t:|1779722085
|switch|p2a: Ting-Lu|Ting-Lu|100/100|[from] U-turn
|-ability|p2a: Ting-Lu|Vessel of Ruin
|
|upkeep
|turn|3
|
|t:|1779722088
|move|p1a: FaintCorona|Nasty Plot|p1a: FaintCorona
|-boost|p1a: FaintCorona|spa|2
|move|p2a: Ting-Lu|Stealth Rock|p1a: FaintCorona
|-sidestart|p1: my shitters|move: Stealth Rock
|
|upkeep
|turn|4
|
|t:|1779722093
|move|p1a: FaintCorona|Overheat|p2a: Ting-Lu
|-damage|p2a: Ting-Lu|51/100
|-unboost|p1a: FaintCorona|spa|2
|move|p2a: Ting-Lu|Whirlwind|p1a: FaintCorona
|drag|p1a: GemPostin|Sableye, F|100/100
|-damage|p1a: GemPostin|88/100|[from] Stealth Rock
|
|-heal|p2a: Ting-Lu|57/100|[from] item: Leftovers
|upkeep
|turn|5
|
|t:|1779722104
|move|p1a: GemPostin|Reflect|p1a: GemPostin
|-sidestart|p1: my shitters|Reflect
|move|p2a: Ting-Lu|Ruination|p1a: GemPostin
|-damage|p1a: GemPostin|44/100
|
|-heal|p2a: Ting-Lu|63/100|[from] item: Leftovers
|upkeep
|turn|6
|
|t:|1779722109
|move|p1a: GemPostin|Light Screen|p1a: GemPostin
|-sidestart|p1: my shitters|move: Light Screen
|move|p2a: Ting-Lu|Ruination|p1a: GemPostin|[miss]
|-miss|p2a: Ting-Lu|p1a: GemPostin
|
|-heal|p2a: Ting-Lu|69/100|[from] item: Leftovers
|upkeep
|turn|7
|
|t:|1779722116
|switch|p1a: OnePunchBear|Ursaring, F|100/100
|-damage|p1a: OnePunchBear|88/100|[from] Stealth Rock
|move|p2a: Ting-Lu|Whirlwind|p1a: OnePunchBear
|drag|p1a: GemPostin|Sableye, F|44/100
|-damage|p1a: GemPostin|32/100|[from] Stealth Rock
|
|-heal|p2a: Ting-Lu|76/100|[from] item: Leftovers
|upkeep
|turn|8
|
|t:|1779722125
|move|p1a: GemPostin|Taunt|p2a: Ting-Lu
|-hint|Since gen 7, Dark is immune to Prankster moves.
|-immune|p2a: Ting-Lu
|move|p2a: Ting-Lu|Whirlwind|p1a: GemPostin
|drag|p1a: UngaBoonguss|Brute Bonnet|100/100
|-damage|p1a: UngaBoonguss|88/100|[from] Stealth Rock
|
|-heal|p2a: Ting-Lu|82/100|[from] item: Leftovers
|upkeep
|turn|9
|
|t:|1779722133
|switch|p2a: Corviknight|Corviknight, F|91/100
|-ability|p2a: Corviknight|Pressure
|move|p1a: UngaBoonguss|Seed Bomb|p2a: Corviknight
|-resisted|p2a: Corviknight
|-damage|p2a: Corviknight|85/100
|
|upkeep
|turn|10
|
|t:|1779722140
|move|p2a: Corviknight|Body Press|p1a: UngaBoonguss
|-supereffective|p1a: UngaBoonguss
|-damage|p1a: UngaBoonguss|65/100
|move|p1a: UngaBoonguss|Crunch|p2a: Corviknight
|-damage|p2a: Corviknight|59/100
|-unboost|p2a: Corviknight|def|1
|-damage|p1a: UngaBoonguss|49/100|[from] item: Rocky Helmet|[of] p2a: Corviknight
|
|upkeep
|turn|11
|
|t:|1779722147
|move|p2a: Corviknight|Roost|p2a: Corviknight
|-heal|p2a: Corviknight|100/100
|-singleturn|p2a: Corviknight|move: Roost
|move|p1a: UngaBoonguss|Close Combat|p2a: Corviknight
|-supereffective|p2a: Corviknight
|-damage|p2a: Corviknight|17/100
|-unboost|p1a: UngaBoonguss|def|1
|-unboost|p1a: UngaBoonguss|spd|1
|-damage|p1a: UngaBoonguss|32/100|[from] item: Rocky Helmet|[of] p2a: Corviknight
|
|upkeep
|turn|12
|
|t:|1779722162
|move|p1a: UngaBoonguss|Sucker Punch||[still]
|-fail|p1a: UngaBoonguss
|move|p2a: Corviknight|Defog|p1a: UngaBoonguss
|-unboost|p1a: UngaBoonguss|evasion|1
|-sideend|p1: my shitters|Reflect
|-sideend|p1: my shitters|move: Light Screen
|-sideend|p1: my shitters|Stealth Rock|[from] move: Defog|[of] p2a: Corviknight
|
|upkeep
|turn|13
|
|t:|1779722178
|move|p2a: Corviknight|U-turn|p1a: UngaBoonguss
|-supereffective|p1a: UngaBoonguss
|-damage|p1a: UngaBoonguss|0 fnt
|faint|p1a: UngaBoonguss
|-end|p1a: UngaBoonguss|Protosynthesis|[silent]
|inactive|NRU_ Blackout has 120 seconds left.
|
|t:|1779722213
|switch|p2a: Ting-Lu|Ting-Lu|82/100|[from] U-turn
|-ability|p2a: Ting-Lu|Vessel of Ruin
|
|-heal|p2a: Ting-Lu|88/100|[from] item: Leftovers
|upkeep
|
|t:|1779722217
|switch|p1a: OnePunchBear|Ursaring, F|88/100
|turn|14
|
|t:|1779722224
|move|p1a: OnePunchBear|Swords Dance|p1a: OnePunchBear
|-boost|p1a: OnePunchBear|atk|2
|move|p2a: Ting-Lu|Whirlwind|p1a: OnePunchBear
|drag|p1a: FaintCorona|Rotom-Heat|91/100
|
|-heal|p2a: Ting-Lu|94/100|[from] item: Leftovers
|upkeep
|turn|15
|
|t:|1779722227
|switch|p1a: OnePunchBear|Ursaring, F|88/100
|move|p2a: Ting-Lu|Stealth Rock|p1a: OnePunchBear
|-sidestart|p1: my shitters|move: Stealth Rock
|
|-heal|p2a: Ting-Lu|100/100|[from] item: Leftovers
|-status|p1a: OnePunchBear|brn|[from] item: Flame Orb
|upkeep
|turn|16
|
|t:|1779722241
|switch|p2a: Corviknight|Corviknight, F|17/100
|-ability|p2a: Corviknight|Pressure
|move|p1a: OnePunchBear|Facade|p2a: Corviknight
|-resisted|p2a: Corviknight
|-damage|p2a: Corviknight|0 fnt
|-damage|p1a: OnePunchBear|71/100 brn|[from] item: Rocky Helmet|[of] p2a: Corviknight
|faint|p2a: Corviknight
|
|-damage|p1a: OnePunchBear|65/100 brn|[from] brn
|upkeep
|inactive|NRU_ Blackout has 120 seconds left.
|
|t:|1779722272
|switch|p2a: Greninja|Greninja, M|100/100
|turn|17
|
|t:|1779722284
|move|p2a: Greninja|Water Shuriken|p1a: OnePunchBear
|-damage|p1a: OnePunchBear|56/100 brn
|-damage|p1a: OnePunchBear|46/100 brn
|-crit|p1a: OnePunchBear
|-damage|p1a: OnePunchBear|34/100 brn
|-damage|p1a: OnePunchBear|24/100 brn
|-damage|p1a: OnePunchBear|15/100 brn
|-hitcount|p1a: OnePunchBear|5
|move|p1a: OnePunchBear|Facade|p2a: Greninja
|-damage|p2a: Greninja|0 fnt
|faint|p2a: Greninja
|
|-damage|p1a: OnePunchBear|9/100 brn|[from] brn
|upkeep
|inactive|NRU_ Blackout has 120 seconds left.
|
|t:|1779722300
|switch|p2a: Enamorus|Enamorus, F|100/100
|turn|18
|
|t:|1779722307
|move|p2a: Enamorus|Moonblast|p1a: OnePunchBear
|-damage|p1a: OnePunchBear|0 fnt
|faint|p1a: OnePunchBear
|
|upkeep
|
|t:|1779722320
|switch|p1a: FaintCorona|Rotom-Heat|91/100
|turn|19
|
|t:|1779722337
|switch|p2a: Ting-Lu|Ting-Lu|100/100
|-ability|p2a: Ting-Lu|Vessel of Ruin
|switch|p1a: PonnieColeman|Primeape, M|100/100
|-damage|p1a: PonnieColeman|95/100|[from] Stealth Rock
|
|upkeep
|turn|20
|inactive|NRU_ Blackout has 120 seconds left.
|
|t:|1779722374
|move|p1a: PonnieColeman|Drain Punch|p2a: Ting-Lu
|-supereffective|p2a: Ting-Lu
|-damage|p2a: Ting-Lu|69/100
|-heal|p1a: PonnieColeman|100/100|[from] drain|[of] p2a: Ting-Lu
|move|p2a: Ting-Lu|Whirlwind|p1a: PonnieColeman
|drag|p1a: GemPostin|Sableye, F|32/100
|-damage|p1a: GemPostin|20/100|[from] Stealth Rock
|
|-heal|p2a: Ting-Lu|75/100|[from] item: Leftovers
|upkeep
|turn|21
|inactive|NRU_ Blackout has 90 seconds left.
|
|t:|1779722400
|move|p1a: GemPostin|Light Screen|p1a: GemPostin
|-sidestart|p1: my shitters|move: Light Screen
|move|p2a: Ting-Lu|Earthquake|p1a: GemPostin
|-damage|p1a: GemPostin|0 fnt
|faint|p1a: GemPostin
|
|-heal|p2a: Ting-Lu|81/100|[from] item: Leftovers
|upkeep
|
|t:|1779722403
|switch|p1a: PonnieColeman|Primeape, M|100/100
|-damage|p1a: PonnieColeman|95/100|[from] Stealth Rock
|turn|22
|
|t:|1779722407
|move|p1a: PonnieColeman|Drain Punch|p2a: Ting-Lu
|-supereffective|p2a: Ting-Lu
|-damage|p2a: Ting-Lu|51/100
|-heal|p1a: PonnieColeman|100/100|[from] drain|[of] p2a: Ting-Lu
|move|p2a: Ting-Lu|Ruination|p1a: PonnieColeman
|-damage|p1a: PonnieColeman|50/100
|
|-heal|p2a: Ting-Lu|57/100|[from] item: Leftovers
|upkeep
|turn|23
|
|t:|1779722415
|move|p1a: PonnieColeman|Drain Punch|p2a: Ting-Lu
|-supereffective|p2a: Ting-Lu
|-damage|p2a: Ting-Lu|27/100
|-heal|p1a: PonnieColeman|74/100|[from] drain|[of] p2a: Ting-Lu
|move|p2a: Ting-Lu|Whirlwind|p1a: PonnieColeman
|drag|p1a: RobotAlcremicDrive|Alcremie-Ruby-Swirl, F|100/100
|-damage|p1a: RobotAlcremicDrive|88/100|[from] Stealth Rock
|
|-heal|p1a: RobotAlcremicDrive|94/100|[from] item: Leftovers
|-heal|p2a: Ting-Lu|33/100|[from] item: Leftovers
|upkeep
|turn|24
|
|t:|1779722425
|switch|p1a: PonnieColeman|Primeape, M|74/100
|-damage|p1a: PonnieColeman|68/100|[from] Stealth Rock
|move|p2a: Ting-Lu|Whirlwind|p1a: PonnieColeman
|drag|p1a: FaintCorona|Rotom-Heat|91/100
|
|-heal|p2a: Ting-Lu|39/100|[from] item: Leftovers
|upkeep
|turn|25
|
|t:|1779722429
|move|p1a: FaintCorona|Overheat|p2a: Ting-Lu
|-damage|p2a: Ting-Lu|16/100
|-unboost|p1a: FaintCorona|spa|2
|move|p2a: Ting-Lu|Ruination|p1a: FaintCorona|[miss]
|-miss|p2a: Ting-Lu|p1a: FaintCorona
|
|-heal|p2a: Ting-Lu|22/100|[from] item: Leftovers
|upkeep
|turn|26
|inactive|NRU_ Blackout has 120 seconds left.
|
|t:|1779722437
|move|p1a: FaintCorona|Nasty Plot|p1a: FaintCorona
|-boost|p1a: FaintCorona|spa|2
|move|p2a: Ting-Lu|Ruination|p1a: FaintCorona
|-damage|p1a: FaintCorona|46/100
|
|-heal|p2a: Ting-Lu|28/100|[from] item: Leftovers
|upkeep
|turn|27
|
|t:|1779722440
|move|p1a: FaintCorona|Overheat|p2a: Ting-Lu
|-damage|p2a: Ting-Lu|4/100
|-unboost|p1a: FaintCorona|spa|2
|move|p2a: Ting-Lu|Whirlwind|p1a: FaintCorona
|drag|p1a: PonnieColeman|Primeape, M|68/100
|-damage|p1a: PonnieColeman|62/100|[from] Stealth Rock
|
|-heal|p2a: Ting-Lu|10/100|[from] item: Leftovers
|upkeep
|turn|28
|
|t:|1779722444
|move|p1a: PonnieColeman|Drain Punch|p2a: Ting-Lu
|-supereffective|p2a: Ting-Lu
|-damage|p2a: Ting-Lu|0 fnt
|-heal|p1a: PonnieColeman|69/100|[from] drain|[of] p2a: Ting-Lu
|faint|p2a: Ting-Lu
|
|-sideend|p1: my shitters|move: Light Screen
|upkeep
|
|t:|1779722456
|switch|p2a: Enamorus|Enamorus, F|100/100
|turn|29
|
|t:|1779722466
|move|p2a: Enamorus|Moonblast|p1a: PonnieColeman
|-supereffective|p1a: PonnieColeman
|-damage|p1a: PonnieColeman|0 fnt
|faint|p1a: PonnieColeman
|
|upkeep
|
|t:|1779722468
|switch|p1a: RobotAlcremicDrive|Alcremie-Ruby-Swirl, F|94/100
|-damage|p1a: RobotAlcremicDrive|82/100|[from] Stealth Rock
|turn|30
|
|t:|1779722482
|move|p2a: Enamorus|Moonblast|p1a: RobotAlcremicDrive
|-damage|p1a: RobotAlcremicDrive|37/100
|move|p1a: RobotAlcremicDrive|Calm Mind|p1a: RobotAlcremicDrive
|-boost|p1a: RobotAlcremicDrive|spa|1
|-boost|p1a: RobotAlcremicDrive|spd|1
|
|-heal|p1a: RobotAlcremicDrive|43/100|[from] item: Leftovers
|upkeep
|turn|31
|
|t:|1779722493
|-terastallize|p1a: RobotAlcremicDrive|Poison
|move|p2a: Enamorus|Moonblast|p1a: RobotAlcremicDrive
|-resisted|p1a: RobotAlcremicDrive
|-damage|p1a: RobotAlcremicDrive|28/100
|move|p1a: RobotAlcremicDrive|Calm Mind|p1a: RobotAlcremicDrive
|-boost|p1a: RobotAlcremicDrive|spa|1
|-boost|p1a: RobotAlcremicDrive|spd|1
|
|-heal|p1a: RobotAlcremicDrive|34/100|[from] item: Leftovers
|upkeep
|turn|32
|
|t:|1779722505
|switch|p2a: Sinistcha|Sinistcha|100/100
|move|p1a: RobotAlcremicDrive|Stored Power|p2a: Sinistcha
|-damage|p2a: Sinistcha|42/100
|
|-heal|p1a: RobotAlcremicDrive|40/100|[from] item: Leftovers
|upkeep
|turn|33
|
|t:|1779722514
|move|p2a: Sinistcha|Shadow Ball|p1a: RobotAlcremicDrive
|-damage|p1a: RobotAlcremicDrive|24/100
|move|p1a: RobotAlcremicDrive|Calm Mind|p1a: RobotAlcremicDrive
|-boost|p1a: RobotAlcremicDrive|spa|1
|-boost|p1a: RobotAlcremicDrive|spd|1
|
|-heal|p1a: RobotAlcremicDrive|30/100|[from] item: Leftovers
|upkeep
|turn|34
|
|t:|1779722519
|move|p2a: Sinistcha|Shadow Ball|p1a: RobotAlcremicDrive
|-damage|p1a: RobotAlcremicDrive|20/100
|move|p1a: RobotAlcremicDrive|Draining Kiss|p2a: Sinistcha
|-damage|p2a: Sinistcha|0 fnt
|-heal|p1a: RobotAlcremicDrive|52/100|[from] drain|[of] p2a: Sinistcha
|faint|p2a: Sinistcha
|
|-heal|p1a: RobotAlcremicDrive|58/100|[from] item: Leftovers
|upkeep
|
|t:|1779722525
|switch|p2a: Ursaluna|Ursaluna, F|100/100
|turn|35
|
|t:|1779722532
|move|p2a: Ursaluna|Headlong Rush|p1a: RobotAlcremicDrive
|-supereffective|p1a: RobotAlcremicDrive
|-damage|p1a: RobotAlcremicDrive|0 fnt
|-unboost|p2a: Ursaluna|def|1
|-unboost|p2a: Ursaluna|spd|1
|faint|p1a: RobotAlcremicDrive
|
|-status|p2a: Ursaluna|brn|[from] item: Flame Orb
|upkeep
|
|t:|1779722535
|switch|p1a: FaintCorona|Rotom-Heat|46/100
|turn|36
|
|t:|1779722540
|move|p1a: FaintCorona|Overheat|p2a: Ursaluna|[miss]
|-miss|p1a: FaintCorona|p2a: Ursaluna
|move|p2a: Ursaluna|Facade|p1a: FaintCorona
|-crit|p1a: FaintCorona
|-damage|p1a: FaintCorona|0 fnt
|faint|p1a: FaintCorona
|
|win|NRU_ Blackout
|raw|my shitters's rating: 1411 &rarr; <strong>1391</strong><br />(-20 for losing)
|raw|NRU_ Blackout's rating: 1411 &rarr; <strong>1431</strong><br />(+20 for winning)
|l|☆my shitters
|player|p1|
|l|☆NRU_ Blackout
|player|p2|
