|j|☆Timbred
|j|☆phanxflame
|t:|1779599762
|gametype|singles
|player|p1|Timbred|byron|1165
|player|p2|phanxflame|169|1131
|gen|9
|tier|[Gen 9] OU
|rated|
|rule|HP Percentage Mod: HP is shown in percentages
|rule|Endless Battle Clause: Forcing endless battles is banned
|rule|Species Clause: Limit one of each Pokémon
|rule|OHKO Clause: OHKO moves are banned
|rule|Evasion Items Clause: Evasion items are banned
|rule|Evasion Moves Clause: Evasion moves are banned
|rule|Evasion Abilities Clause: Evasion abilities are banned
|rule|Sleep Moves Clause: Sleep-inducing moves are banned
|clearpoke
|poke|p1|Ninetales-Alola, M|
|poke|p1|Mandibuzz, F|
|poke|p1|Clodsire, M|
|poke|p1|Jirachi|
|poke|p1|Grafaiai, F|
|poke|p1|Ursaluna, F|
|poke|p2|Muk, F|
|poke|p2|Cinderace, F|
|poke|p2|Krookodile, M|
|poke|p2|Pelipper, M|
|poke|p2|Hatterene, F|
|poke|p2|Rampardos, M|
|teampreview
|c|☆Timbred|oh shits its muk
|
|t:|1779599778
|teamsize|p1|6
|teamsize|p2|6
|start
|switch|p1a: selling tail $4|Grafaiai, F|100/100
|switch|p2a: Muk|Muk, F, shiny|100/100
|turn|1
|
|t:|1779599806
|switch|p2a: Hatterene|Hatterene, F|100/100
|move|p1a: selling tail $4|Switcheroo|p2a: Hatterene
|-activate|p1a: selling tail $4|move: Trick|[of] p2a: Hatterene
|-item|p2a: Hatterene|Choice Scarf|[from] move: Switcheroo
|-item|p1a: selling tail $4|Focus Sash|[from] move: Switcheroo
|
|upkeep
|turn|2
|
|t:|1779599826
|move|p1a: selling tail $4|Parting Shot|p2a: Hatterene
|move|p2a: Hatterene|Parting Shot|p1a: selling tail $4|[from] ability: Magic Bounce
|-unboost|p1a: selling tail $4|atk|1
|-unboost|p1a: selling tail $4|spa|1
|
|t:|1779599833
|switch|p2a: Krookodile|Krookodile, M|100/100|[from] Parting Shot
|-ability|p2a: Krookodile|Intimidate|boost
|-unboost|p1a: selling tail $4|atk|1
|
|upkeep
|turn|3
|
|t:|1779599839
|move|p1a: selling tail $4|U-turn|p2a: Krookodile
|-supereffective|p2a: Krookodile
|-damage|p2a: Krookodile|81/100
|
|t:|1779599843
|switch|p1a: im missing a tail|Ninetales-Alola, M|100/100|[from] U-turn
|-weather|Snowscape|[from] ability: Snow Warning|[of] p1a: im missing a tail
|move|p2a: Krookodile|Knock Off|p1a: im missing a tail
|-resisted|p1a: im missing a tail
|-damage|p1a: im missing a tail|80/100
|-enditem|p1a: im missing a tail|Light Clay|[from] move: Knock Off|[of] p2a: Krookodile
|
|-weather|Snowscape|[upkeep]
|upkeep
|turn|4
|
|t:|1779599854
|switch|p1a: selling tail $4|Grafaiai, F|100/100
|switch|p2a: Pelipper|Pelipper, M|100/100
|-weather|RainDance|[from] ability: Drizzle|[of] p2a: Pelipper
|
|-weather|RainDance|[upkeep]
|upkeep
|turn|5
|
|t:|1779599868
|move|p1a: selling tail $4|Super Fang|p2a: Pelipper
|-damage|p2a: Pelipper|50/100
|-status|p2a: Pelipper|psn|[from] ability: Poison Touch|[of] p1a: selling tail $4
|move|p2a: Pelipper|U-turn|p1a: selling tail $4
|-resisted|p1a: selling tail $4
|-damage|p1a: selling tail $4|94/100
|
|t:|1779599885
|switch|p2a: Krookodile|Krookodile, M|81/100|[from] U-turn
|-ability|p2a: Krookodile|Intimidate|boost
|-unboost|p1a: selling tail $4|atk|1
|
|-weather|RainDance|[upkeep]
|upkeep
|turn|6
|
|t:|1779599892
|move|p1a: selling tail $4|U-turn|p2a: Krookodile
|-supereffective|p2a: Krookodile
|-damage|p2a: Krookodile|55/100
|
|t:|1779599898
|switch|p1a: finger lickin good|Mandibuzz, F|100/100|[from] U-turn
|move|p2a: Krookodile|Stone Edge|p1a: finger lickin good
|-supereffective|p1a: finger lickin good
|-damage|p1a: finger lickin good|61/100
|
|-weather|RainDance|[upkeep]
|upkeep
|turn|7
|
|t:|1779599910
|switch|p2a: Pelipper|Pelipper, M|50/100 psn
|move|p1a: finger lickin good|Protect||[still]
|-fail|p1a: finger lickin good
|
|-weather|RainDance|[upkeep]
|-damage|p2a: Pelipper|38/100 psn|[from] psn
|upkeep
|turn|8
|
|t:|1779599918
|move|p1a: finger lickin good|Protect|p1a: finger lickin good
|-singleturn|p1a: finger lickin good|Protect
|move|p2a: Pelipper|Hurricane|p1a: finger lickin good
|-activate|p1a: finger lickin good|move: Protect
|
|-weather|none
|-damage|p2a: Pelipper|26/100 psn|[from] psn
|upkeep
|turn|9
|
|t:|1779599925
|move|p1a: finger lickin good|Roost|p1a: finger lickin good
|-heal|p1a: finger lickin good|100/100
|-singleturn|p1a: finger lickin good|move: Roost
|move|p2a: Pelipper|Hurricane|p1a: finger lickin good
|-damage|p1a: finger lickin good|41/100
|
|-damage|p2a: Pelipper|13/100 psn|[from] psn
|upkeep
|turn|10
|
|t:|1779599935
|switch|p2a: Hatterene|Hatterene, F|100/100
|move|p1a: finger lickin good|Roost|p1a: finger lickin good
|-heal|p1a: finger lickin good|91/100
|-singleturn|p1a: finger lickin good|move: Roost
|
|upkeep
|turn|11
|
|t:|1779599942
|switch|p1a: selling tail $4|Grafaiai, F|94/100
|move|p2a: Hatterene|Future Sight|p1a: selling tail $4
|-start|p2a: Hatterene|move: Future Sight
|
|upkeep
|turn|12
|
|t:|1779599951
|switch|p2a: Muk|Muk, F, shiny|100/100
|move|p1a: selling tail $4|U-turn|p2a: Muk
|-resisted|p2a: Muk
|-damage|p2a: Muk|93/100
|
|t:|1779599956
|switch|p1a: WHS Bear|Ursaluna, F|100/100|[from] U-turn
|
|-status|p1a: WHS Bear|brn|[from] item: Flame Orb
|upkeep
|turn|13
|
|t:|1779599964
|switch|p2a: Pelipper|Pelipper, M|13/100 psn
|-weather|RainDance|[from] ability: Drizzle|[of] p2a: Pelipper
|move|p1a: WHS Bear|Facade|p2a: Pelipper
|-damage|p2a: Pelipper|0 fnt
|faint|p2a: Pelipper
|
|-weather|RainDance|[upkeep]
|-end|p1a: WHS Bear|move: Future Sight
|-damage|p1a: WHS Bear|36/100 brn
|-damage|p1a: WHS Bear|30/100 brn|[from] brn
|upkeep
|
|t:|1779599974
|switch|p2a: Krookodile|Krookodile, M|55/100
|-ability|p2a: Krookodile|Intimidate|boost
|-unboost|p1a: WHS Bear|atk|1
|turn|14
|
|t:|1779599983
|switch|p1a: im missing a tail|Ninetales-Alola, M|80/100
|-weather|Snowscape|[from] ability: Snow Warning|[of] p1a: im missing a tail
|move|p2a: Krookodile|Knock Off|p1a: im missing a tail
|-resisted|p1a: im missing a tail
|-damage|p1a: im missing a tail|68/100
|
|-weather|Snowscape|[upkeep]
|upkeep
|turn|15
|
|t:|1779599991
|move|p1a: im missing a tail|Aurora Veil|p1a: im missing a tail
|-sidestart|p1: Timbred|move: Aurora Veil
|move|p2a: Krookodile|Stone Edge|p1a: im missing a tail
|-supereffective|p1a: im missing a tail
|-damage|p1a: im missing a tail|41/100
|
|-weather|Snowscape|[upkeep]
|upkeep
|turn|16
|
|t:|1779599998
|switch|p1a: kangz rock|Jirachi|100/100
|switch|p2a: Cinderace|Cinderace, F|100/100
|
|-weather|Snowscape|[upkeep]
|upkeep
|turn|17
|
|t:|1779600005
|move|p2a: Cinderace|Court Change|p2a: Cinderace
|-start|p2a: Cinderace|typechange|Normal|[from] ability: Libero
|-swapsideconditions
|-activate|p2a: Cinderace|move: Court Change
|move|p1a: kangz rock|Wish|p1a: kangz rock
|
|-weather|Snowscape|[upkeep]
|upkeep
|turn|18
|
|t:|1779600014
|-terastallize|p1a: kangz rock|Poison
|move|p2a: Cinderace|Pyro Ball|p1a: kangz rock
|-damage|p1a: kangz rock|75/100
|move|p1a: kangz rock|Cosmic Power|p1a: kangz rock
|-boost|p1a: kangz rock|def|1
|-boost|p1a: kangz rock|spd|1
|
|-weather|none
|-heal|p1a: kangz rock|100/100|[from] move: Wish|[wisher] kangz rock
|upkeep
|turn|19
|
|t:|1779600022
|move|p2a: Cinderace|U-turn|p1a: kangz rock
|-resisted|p1a: kangz rock
|-damage|p1a: kangz rock|96/100
|
|t:|1779600030
|switch|p2a: Krookodile|Krookodile, M|55/100|[from] U-turn
|-ability|p2a: Krookodile|Intimidate|boost
|-unboost|p1a: kangz rock|atk|1
|move|p1a: kangz rock|Cosmic Power|p1a: kangz rock
|-boost|p1a: kangz rock|def|1
|-boost|p1a: kangz rock|spd|1
|
|-sideend|p2: phanxflame|move: Aurora Veil
|upkeep
|turn|20
|
|t:|1779600037
|move|p2a: Krookodile|Earthquake|p1a: kangz rock
|-supereffective|p1a: kangz rock
|-damage|p1a: kangz rock|61/100
|-enditem|p1a: kangz rock|Weakness Policy
|-boost|p1a: kangz rock|atk|2|[from] item: Weakness Policy
|-boost|p1a: kangz rock|spa|2|[from] item: Weakness Policy
|move|p1a: kangz rock|Wish|p1a: kangz rock
|
|upkeep
|turn|21
|
|t:|1779600048
|switch|p2a: Muk|Muk, F, shiny|93/100
|move|p1a: kangz rock|Dazzling Gleam|p2a: Muk
|-resisted|p2a: Muk
|-damage|p2a: Muk|81/100
|
|-heal|p1a: kangz rock|100/100|[from] move: Wish|[wisher] kangz rock
|upkeep
|turn|22
|
|t:|1779600056
|-terastallize|p2a: Muk|Ghost
|move|p1a: kangz rock|Stored Power|p2a: Muk
|-damage|p2a: Muk|14/100
|-enditem|p2a: Muk|Sitrus Berry|[eat]
|-heal|p2a: Muk|39/100|[from] item: Sitrus Berry
|move|p2a: Muk|Curse|p1a: kangz rock
|-start|p1a: kangz rock|Curse|[of] p2a: Muk
|-damage|p2a: Muk|0 fnt
|faint|p2a: Muk
|
|-damage|p1a: kangz rock|75/100|[from] Curse
|upkeep
|
|t:|1779600075
|switch|p2a: Hatterene|Hatterene, F|100/100
|turn|23
|
|t:|1779600079
|switch|p1a: selling tail $4|Grafaiai, F|94/100
|switch|p2a: Krookodile|Krookodile, M|55/100
|-ability|p2a: Krookodile|Intimidate|boost
|-unboost|p1a: selling tail $4|atk|1
|
|upkeep
|turn|24
|
|t:|1779600089
|move|p1a: selling tail $4|U-turn|p2a: Krookodile
|-supereffective|p2a: Krookodile
|-crit|p2a: Krookodile
|-damage|p2a: Krookodile|1/100
|inactive|Battle timer is ON: inactive players will automatically lose when time's up. (requested by phanxflame)
|
|t:|1779600103
|switch|p1a: WHS Bear|Ursaluna, F|30/100 brn|[from] U-turn
|move|p2a: Krookodile|Earthquake|p1a: WHS Bear
|-crit|p1a: WHS Bear
|-damage|p1a: WHS Bear|0 fnt
|faint|p1a: WHS Bear
|
|upkeep
|
|t:|1779600111
|switch|p1a: im missing a tail|Ninetales-Alola, M|41/100
|-weather|Snowscape|[from] ability: Snow Warning|[of] p1a: im missing a tail
|turn|25
|
|t:|1779600119
|move|p1a: im missing a tail|Aurora Veil|p1a: im missing a tail
|-sidestart|p1: Timbred|move: Aurora Veil
|move|p2a: Krookodile|Earthquake|p1a: im missing a tail
|-damage|p1a: im missing a tail|23/100
|
|-weather|Snowscape|[upkeep]
|upkeep
|turn|26
|
|t:|1779600127
|switch|p2a: Cinderace|Cinderace, F|100/100
|move|p1a: im missing a tail|Moonblast|p2a: Cinderace
|-resisted|p2a: Cinderace
|-crit|p2a: Cinderace
|-damage|p2a: Cinderace|70/100
|
|-weather|Snowscape|[upkeep]
|upkeep
|turn|27
|
|t:|1779600137
|move|p2a: Cinderace|Court Change|p2a: Cinderace
|-start|p2a: Cinderace|typechange|Normal|[from] ability: Libero
|-swapsideconditions
|-activate|p2a: Cinderace|move: Court Change
|move|p1a: im missing a tail|Encore|p2a: Cinderace
|-start|p2a: Cinderace|Encore
|
|-weather|Snowscape|[upkeep]
|upkeep
|turn|28
|
|t:|1779600149
|switch|p2a: Hatterene|Hatterene, F|100/100
|move|p1a: im missing a tail|Blizzard|p2a: Hatterene
|-damage|p2a: Hatterene|84/100
|
|-weather|Snowscape|[upkeep]
|upkeep
|turn|29
|
|t:|1779600156
|switch|p2a: Cinderace|Cinderace, F|70/100
|move|p1a: im missing a tail|Aurora Veil|p1a: im missing a tail
|-sidestart|p1: Timbred|move: Aurora Veil
|
|-weather|none
|-sideend|p2: phanxflame|move: Aurora Veil
|upkeep
|turn|30
|
|t:|1779600164
|move|p2a: Cinderace|Pyro Ball|p1a: im missing a tail
|-supereffective|p1a: im missing a tail
|-damage|p1a: im missing a tail|0 fnt
|faint|p1a: im missing a tail
|
|upkeep
|
|t:|1779600171
|switch|p1a: finger lickin good|Mandibuzz, F|91/100
|turn|31
|
|t:|1779600183
|move|p2a: Cinderace|Court Change|p2a: Cinderace
|-start|p2a: Cinderace|typechange|Normal|[from] ability: Libero
|-swapsideconditions
|-activate|p2a: Cinderace|move: Court Change
|move|p1a: finger lickin good|Defog|p2a: Cinderace
|-unboost|p2a: Cinderace|evasion|1
|-sideend|p2: phanxflame|move: Aurora Veil
|
|upkeep
|turn|32
|
|t:|1779600196
|move|p2a: Cinderace|Pyro Ball|p1a: finger lickin good
|-damage|p1a: finger lickin good|66/100
|move|p1a: finger lickin good|Foul Play|p2a: Cinderace
|-damage|p2a: Cinderace|2/100
|
|upkeep
|turn|33
|
|t:|1779600203
|move|p2a: Cinderace|U-turn|p1a: finger lickin good
|-damage|p1a: finger lickin good|52/100
|
|t:|1779600206
|switch|p2a: Hatterene|Hatterene, F|84/100|[from] U-turn
|move|p1a: finger lickin good|Roost|p1a: finger lickin good
|-heal|p1a: finger lickin good|100/100
|-singleturn|p1a: finger lickin good|move: Roost
|
|upkeep
|turn|34
|
|t:|1779600220
|move|p1a: finger lickin good|Protect|p1a: finger lickin good
|-singleturn|p1a: finger lickin good|Protect
|move|p2a: Hatterene|Trick Room|p2a: Hatterene
|-fieldstart|move: Trick Room|[of] p2a: Hatterene
|
|upkeep
|turn|35
|
|t:|1779600225
|switch|p2a: Rampardos|Rampardos, M|100/100
|move|p1a: finger lickin good|Foul Play|p2a: Rampardos
|-damage|p2a: Rampardos|15/100
|
|upkeep
|turn|36
|
|t:|1779600232
|move|p2a: Rampardos|Blizzard|p1a: finger lickin good
|-supereffective|p1a: finger lickin good
|-damage|p1a: finger lickin good|56/100
|move|p1a: finger lickin good|Foul Play|p2a: Rampardos
|-damage|p2a: Rampardos|0 fnt
|faint|p2a: Rampardos
|
|upkeep
|inactive|phanxflame has 120 seconds left.
|l|☆phanxflame
|inactive|phanxflame disconnected and has a minute to reconnect!
|player|p2|
|c|☆Timbred|isnt that a physical attacker?
|inactive|phanxflame has 30 seconds to reconnect!
|inactive|phanxflame has 20 seconds to reconnect!
|inactive|phanxflame has 15 seconds to reconnect!
|inactive|phanxflame has 10 seconds to reconnect!
|inactive|phanxflame has 5 seconds to reconnect!
|-message|phanxflame lost due to inactivity.
|
|win|Timbred
|raw|Timbred's rating: 1165 &rarr; <strong>1188</strong><br />(+23 for winning)
|raw|phanxflame's rating: 1131 &rarr; <strong>1108</strong><br />(-23 for losing)
|l|☆Timbred
|player|p1|
