|j|☆NickBlack0806
|j|☆whomtheone_00
|t:|1779563256
|gametype|singles
|player|p1|NickBlack0806|ethan|1146
|player|p2|whomtheone_00|102|1133
|gen|9
|tier|[Gen 9] OU
|rated|
|rule|HP Percentage Mod: HP is shown in percentages
|rule|Endless Battle Clause: Forcing endless battles is banned
|rule|Species Clause: Limit one of each Pokémon
|rule|OHKO Clause: OHKO moves are banned
|rule|Evasion Items Clause: Evasion items are banned
|rule|Evasion Moves Clause: Evasion moves are banned
|rule|Evasion Abilities Clause: Evasion abilities are banned
|rule|Sleep Moves Clause: Sleep-inducing moves are banned
|clearpoke
|poke|p1|Typhlosion, M|
|poke|p1|Mimikyu, M|
|poke|p1|Inteleon, M|
|poke|p1|Lycanroc-Midnight, M|
|poke|p1|Toxtricity, M|
|poke|p1|Ambipom, M|
|poke|p2|Meowscarada, F|
|poke|p2|Glimmora, M|
|poke|p2|Great Tusk|
|poke|p2|Zapdos|
|poke|p2|Kingambit, F|
|poke|p2|Blissey, F|
|teampreview
|inactive|Battle timer is ON: inactive players will automatically lose when time's up. (requested by NickBlack0806)
|
|t:|1779563266
|teamsize|p1|6
|teamsize|p2|6
|start
|switch|p1a: ☆ Luffy ☆|Ambipom, M|100/100
|switch|p2a: Glimmora|Glimmora, M|100/100
|turn|1
|
|t:|1779563273
|move|p1a: ☆ Luffy ☆|Fake Out|p2a: Glimmora
|-resisted|p2a: Glimmora
|-damage|p2a: Glimmora|84/100
|-activate|p2a: Glimmora|ability: Toxic Debris
|-sidestart|p1: NickBlack0806|move: Toxic Spikes
|cant|p2a: Glimmora|flinch
|
|upkeep
|turn|2
|
|t:|1779563285
|move|p1a: ☆ Luffy ☆|Triple Axel|p2a: Glimmora
|-damage|p2a: Glimmora|72/100
|-activate|p2a: Glimmora|ability: Toxic Debris
|-sidestart|p1: NickBlack0806|move: Toxic Spikes
|-damage|p2a: Glimmora|49/100
|-damage|p2a: Glimmora|12/100
|-hitcount|p2a: Glimmora|3
|move|p2a: Glimmora|Stealth Rock|p1a: ☆ Luffy ☆
|-sidestart|p1: NickBlack0806|move: Stealth Rock
|
|upkeep
|turn|3
|
|t:|1779563299
|switch|p2a: Blissey|Blissey, F|100/100
|move|p1a: ☆ Luffy ☆|Fury Swipes|p2a: Blissey
|-damage|p2a: Blissey|89/100
|-damage|p2a: Blissey|78/100
|-hitcount|p2a: Blissey|2
|
|-heal|p2a: Blissey|84/100|[from] item: Leftovers
|upkeep
|turn|4
|
|t:|1779563309
|move|p1a: ☆ Luffy ☆|U-turn|p2a: Blissey
|-damage|p2a: Blissey|65/100
|
|t:|1779563315
|switch|p1a: ☆ Slash ☆|Toxtricity, M|100/100|[from] U-turn
|-sideend|p1: NickBlack0806|move: Toxic Spikes|[of] p1a: ☆ Slash ☆
|-damage|p1a: ☆ Slash ☆|88/100|[from] Stealth Rock
|move|p2a: Blissey|Thunder Wave|p1a: ☆ Slash ☆
|-immune|p1a: ☆ Slash ☆
|
|-heal|p2a: Blissey|71/100|[from] item: Leftovers
|upkeep
|turn|5
|
|t:|1779563328
|-terastallize|p1a: ☆ Slash ☆|Normal
|move|p1a: ☆ Slash ☆|Boomburst|p2a: Blissey
|-damage|p2a: Blissey|17/100
|move|p2a: Blissey|Seismic Toss|p1a: ☆ Slash ☆
|-damage|p1a: ☆ Slash ☆|54/100
|
|-heal|p2a: Blissey|23/100|[from] item: Leftovers
|upkeep
|turn|6
|
|t:|1779563340
|-terastallize|p2a: Blissey|Ghost
|move|p1a: ☆ Slash ☆|Boomburst|p2a: Blissey
|-immune|p2a: Blissey
|move|p2a: Blissey|Soft-Boiled|p2a: Blissey
|-heal|p2a: Blissey|73/100
|
|-heal|p2a: Blissey|79/100|[from] item: Leftovers
|upkeep
|turn|7
|
|t:|1779563350
|switch|p1a: ☆ Nagi ☆|Inteleon, M|100/100
|-damage|p1a: ☆ Nagi ☆|88/100|[from] Stealth Rock
|move|p2a: Blissey|Thunder Wave|p1a: ☆ Nagi ☆
|-status|p1a: ☆ Nagi ☆|par
|
|-heal|p2a: Blissey|86/100|[from] item: Leftovers
|upkeep
|turn|8
|
|t:|1779563365
|switch|p2a: Zappy|Zapdos|100/100
|move|p1a: ☆ Nagi ☆|Dark Pulse|p2a: Zappy
|-damage|p2a: Zappy|64/100
|
|upkeep
|turn|9
|
|t:|1779563382
|switch|p1a: ☆ Guretsu ☆|Lycanroc-Midnight, M|100/100
|-damage|p1a: ☆ Guretsu ☆|88/100|[from] Stealth Rock
|move|p2a: Zappy|Volt Switch|p1a: ☆ Guretsu ☆
|-damage|p1a: ☆ Guretsu ☆|50/100
|
|t:|1779563400
|switch|p2a: Meow|Meowscarada, F, shiny|100/100|[from] Volt Switch
|
|upkeep
|turn|10
|
|t:|1779563408
|move|p2a: Meow|Flower Trick|p1a: ☆ Guretsu ☆
|-start|p2a: Meow|typechange|Grass|[from] ability: Protean
|-supereffective|p1a: ☆ Guretsu ☆
|-crit|p1a: ☆ Guretsu ☆
|-damage|p1a: ☆ Guretsu ☆|0 fnt
|faint|p1a: ☆ Guretsu ☆
|
|upkeep
|
|t:|1779563417
|switch|p1a: ☆ Luffy ☆|Ambipom, M|100/100
|-damage|p1a: ☆ Luffy ☆|88/100|[from] Stealth Rock
|turn|11
|
|t:|1779563421
|move|p1a: ☆ Luffy ☆|Fake Out|p2a: Meow
|-damage|p2a: Meow|55/100
|cant|p2a: Meow|flinch
|
|upkeep
|turn|12
|
|t:|1779563431
|move|p2a: Meow|Flower Trick|p1a: ☆ Luffy ☆
|-crit|p1a: ☆ Luffy ☆
|-damage|p1a: ☆ Luffy ☆|0 fnt
|faint|p1a: ☆ Luffy ☆
|
|upkeep
|
|t:|1779563446
|switch|p1a: ☆ Tokoyami ☆|Mimikyu, M, shiny|100/100
|-damage|p1a: ☆ Tokoyami ☆|88/100|[from] Stealth Rock
|turn|13
|inactive|whomtheone_00 has 120 seconds left.
|
|t:|1779563478
|switch|p2a: Blue Ranger|Kingambit, F, shiny|100/100
|move|p1a: ☆ Tokoyami ☆|Shadow Claw|p2a: Blue Ranger
|-resisted|p2a: Blue Ranger
|-crit|p2a: Blue Ranger
|-damage|p2a: Blue Ranger|79/100
|-damage|p1a: ☆ Tokoyami ☆|78/100|[from] item: Life Orb
|
|upkeep
|turn|14
|
|t:|1779563498
|move|p1a: ☆ Tokoyami ☆|Play Rough|p2a: Blue Ranger
|-damage|p2a: Blue Ranger|38/100
|-damage|p1a: ☆ Tokoyami ☆|68/100|[from] item: Life Orb
|move|p2a: Blue Ranger|Kowtow Cleave|p1a: ☆ Tokoyami ☆
|-activate|p1a: ☆ Tokoyami ☆|ability: Disguise
|-damage|p1a: ☆ Tokoyami ☆|68/100
|detailschange|p1a: ☆ Tokoyami ☆|Mimikyu-Busted, M, shiny
|-damage|p1a: ☆ Tokoyami ☆|56/100|[from] pokemon: Mimikyu-Busted
|
|upkeep
|turn|15
|
|t:|1779563508
|move|p2a: Blue Ranger|Sucker Punch|p1a: ☆ Tokoyami ☆
|-damage|p1a: ☆ Tokoyami ☆|0 fnt
|faint|p1a: ☆ Tokoyami ☆
|
|upkeep
|inactive|NickBlack0806 has 120 seconds left.
|inactive|NickBlack0806 has 90 seconds left.
|inactive|NickBlack0806 has 60 seconds left.
|inactive|NickBlack0806 has 30 seconds left.
|inactive|NickBlack0806 has 20 seconds left.
|inactive|NickBlack0806 has 15 seconds left.
|inactive|NickBlack0806 has 10 seconds left.
|inactive|NickBlack0806 has 5 seconds left.
|-message|NickBlack0806 lost due to inactivity.
|
|win|whomtheone_00
|raw|NickBlack0806's rating: 1146 &rarr; <strong>1120</strong><br />(-26 for losing)
|raw|whomtheone_00's rating: 1133 &rarr; <strong>1159</strong><br />(+26 for winning)
|l|☆whomtheone_00
|player|p2|
|l|☆NickBlack0806
|player|p1|
