|j|☆ilikemos
|j|☆Snurke
|t:|1779629692
|gametype|singles
|player|p1|ilikemos|101|1493
|player|p2|Snurke|101|1562
|gen|9
|tier|[Gen 9] OU
|rated|
|rule|HP Percentage Mod: HP is shown in percentages
|rule|Endless Battle Clause: Forcing endless battles is banned
|rule|Species Clause: Limit one of each Pokémon
|rule|OHKO Clause: OHKO moves are banned
|rule|Evasion Items Clause: Evasion items are banned
|rule|Evasion Moves Clause: Evasion moves are banned
|rule|Evasion Abilities Clause: Evasion abilities are banned
|rule|Sleep Moves Clause: Sleep-inducing moves are banned
|clearpoke
|poke|p1|Iron Valiant|
|poke|p1|Rotom-Wash|
|poke|p1|Latios, M|
|poke|p1|Ting-Lu|
|poke|p1|Hydreigon, F|
|poke|p1|Gholdengo|
|poke|p2|Gholdengo|
|poke|p2|Iron Treads|
|poke|p2|Tornadus-Therian, M|
|poke|p2|Ceruledge, F|
|poke|p2|Zamazenta-*|
|poke|p2|Samurott-Hisui, F|
|teampreview
|inactive|Battle timer is ON: inactive players will automatically lose when time's up. (requested by Snurke)
|inactive|ilikemos has 120 seconds left.
|inactive|Snurke has 120 seconds left.
|
|t:|1779629740
|teamsize|p1|6
|teamsize|p2|6
|start
|switch|p1a: Latios|Latios, M|100/100
|switch|p2a: Draymoney Green|Tornadus-Therian, M, shiny|100/100
|turn|1
|
|t:|1779629754
|move|p1a: Latios|Flip Turn|p2a: Draymoney Green
|-damage|p2a: Draymoney Green|87/100
|-damage|p1a: Latios|84/100|[from] item: Rocky Helmet|[of] p2a: Draymoney Green
|
|t:|1779629759
|switch|p1a: Rotom|Rotom-Wash|100/100|[from] Flip Turn
|move|p2a: Draymoney Green|Knock Off|p1a: Rotom
|-crit|p1a: Rotom
|-damage|p1a: Rotom|76/100
|-enditem|p1a: Rotom|Leftovers|[from] move: Knock Off|[of] p2a: Draymoney Green
|
|upkeep
|turn|2
|
|t:|1779629768
|move|p2a: Draymoney Green|Taunt|p1a: Rotom
|-start|p1a: Rotom|move: Taunt
|move|p1a: Rotom|Volt Switch|p2a: Draymoney Green
|-supereffective|p2a: Draymoney Green
|-damage|p2a: Draymoney Green|39/100
|
|t:|1779629776
|switch|p1a: Latios|Latios, M|84/100|[from] Volt Switch
|
|upkeep
|turn|3
|
|t:|1779629792
|switch|p2a: Iron Treads|Iron Treads, shiny|100/100
|move|p1a: Latios|Draco Meteor|p2a: Iron Treads
|-resisted|p2a: Iron Treads
|-damage|p2a: Iron Treads|57/100
|-unboost|p1a: Latios|spa|2
|
|-heal|p2a: Iron Treads|63/100|[from] item: Leftovers
|upkeep
|turn|4
|inactive|Snurke has 120 seconds left.
|
|t:|1779629822
|switch|p1a: Rotom|Rotom-Wash|76/100
|move|p2a: Iron Treads|Stealth Rock|p1a: Rotom
|-sidestart|p1: ilikemos|move: Stealth Rock
|
|-heal|p2a: Iron Treads|69/100|[from] item: Leftovers
|upkeep
|turn|5
|inactive|Snurke has 120 seconds left.
|
|t:|1779629832
|move|p2a: Iron Treads|Ice Spinner|p1a: Rotom
|-resisted|p1a: Rotom
|-damage|p1a: Rotom|66/100
|move|p1a: Rotom|Hydro Pump|p2a: Iron Treads
|-supereffective|p2a: Iron Treads
|-damage|p2a: Iron Treads|0 fnt
|faint|p2a: Iron Treads
|-end|p2a: Iron Treads|Quark Drive|[silent]
|
|upkeep
|inactive|Snurke has 120 seconds left.
|inactive|Snurke has 90 seconds left.
|
|t:|1779629887
|switch|p2a: Crafty Lil' Shai|Samurott-Hisui, F, shiny|100/100
|turn|6
|
|t:|1779629905
|move|p2a: Crafty Lil' Shai|Ceaseless Edge|p1a: Rotom
|-damage|p1a: Rotom|23/100
|-sidestart|p1: ilikemos|Spikes
|move|p1a: Rotom|Volt Switch|p2a: Crafty Lil' Shai
|-supereffective|p2a: Crafty Lil' Shai
|-damage|p2a: Crafty Lil' Shai|30/100
|
|t:|1779629920
|switch|p1a: Iron Valiant|Iron Valiant|100/100|[from] Volt Switch
|
|upkeep
|turn|7
|inactive|Snurke has 90 seconds left.
|
|t:|1779629949
|switch|p2a: Draymoney Green|Tornadus-Therian, M, shiny|72/100
|move|p1a: Iron Valiant|Thunderbolt|p2a: Draymoney Green
|-supereffective|p2a: Draymoney Green
|-damage|p2a: Draymoney Green|14/100
|
|upkeep
|turn|8
|inactive|Snurke has 60 seconds left.
|
|t:|1779629975
|move|p2a: Draymoney Green|Bleakwind Storm|p1a: Iron Valiant
|-supereffective|p1a: Iron Valiant
|-damage|p1a: Iron Valiant|0 fnt
|faint|p1a: Iron Valiant
|-end|p1a: Iron Valiant|Quark Drive|[silent]
|
|upkeep
|
|t:|1779629980
|switch|p1a: Latios|Latios, M|84/100
|-damage|p1a: Latios|72/100|[from] Stealth Rock
|turn|9
|inactive|Snurke has 60 seconds left.
|
|t:|1779630011
|switch|p2a: Zamazenta|Zamazenta, shiny|100/100
|-ability|p2a: Zamazenta|Dauntless Shield|boost
|-boost|p2a: Zamazenta|def|1
|move|p1a: Latios|Draco Meteor|p2a: Zamazenta
|-damage|p2a: Zamazenta|49/100
|-unboost|p1a: Latios|spa|2
|
|-heal|p2a: Zamazenta|56/100|[from] item: Leftovers
|upkeep
|turn|10
|
|t:|1779630020
|switch|p1a: Rotom|Rotom-Wash|23/100
|-damage|p1a: Rotom|11/100|[from] Stealth Rock
|move|p2a: Zamazenta|Iron Defense|p2a: Zamazenta
|-boost|p2a: Zamazenta|def|2
|
|-heal|p2a: Zamazenta|62/100|[from] item: Leftovers
|upkeep
|turn|11
|
|t:|1779630049
|move|p2a: Zamazenta|Body Press|p1a: Rotom
|-damage|p1a: Rotom|0 fnt
|faint|p1a: Rotom
|
|-heal|p2a: Zamazenta|68/100|[from] item: Leftovers
|upkeep
|
|t:|1779630062
|switch|p1a: Gholdengo|Gholdengo|100/100
|-damage|p1a: Gholdengo|94/100|[from] Stealth Rock
|-item|p1a: Gholdengo|Air Balloon
|turn|12
|
|t:|1779630071
|move|p2a: Zamazenta|Crunch|p1a: Gholdengo
|-supereffective|p1a: Gholdengo
|-damage|p1a: Gholdengo|63/100
|-enditem|p1a: Gholdengo|Air Balloon
|move|p1a: Gholdengo|Thunder Wave|p2a: Zamazenta
|-status|p2a: Zamazenta|par
|
|-heal|p2a: Zamazenta|74/100 par|[from] item: Leftovers
|upkeep
|turn|13
|inactive|Snurke has 30 seconds left.
|inactive|Snurke has 20 seconds left.
|inactive|Snurke has 15 seconds left.
|inactive|Snurke has 10 seconds left.
|inactive|Snurke has 5 seconds left.
|
|t:|1779630125
|move|p1a: Gholdengo|Hex|p2a: Zamazenta
|-damage|p2a: Zamazenta|29/100 par
|move|p2a: Zamazenta|Substitute|p2a: Zamazenta
|-start|p2a: Zamazenta|Substitute
|-damage|p2a: Zamazenta|4/100 par
|
|-heal|p2a: Zamazenta|10/100 par|[from] item: Leftovers
|upkeep
|turn|14
|inactive|Snurke has 15 seconds left this turn.
|
|t:|1779630132
|move|p1a: Gholdengo|Hex|p2a: Zamazenta
|-end|p2a: Zamazenta|Substitute
|move|p2a: Zamazenta|Crunch|p1a: Gholdengo
|-supereffective|p1a: Gholdengo
|-damage|p1a: Gholdengo|30/100
|
|-heal|p2a: Zamazenta|17/100 par|[from] item: Leftovers
|upkeep
|turn|15
|inactive|Snurke has 25 seconds left this turn.
|inactive|Snurke has 20 seconds left.
|inactive|Snurke has 15 seconds left.
|
|t:|1779630145
|switch|p2a: Wembanyama|Ceruledge, F, shiny|100/100
|move|p1a: Gholdengo|Hex|p2a: Wembanyama
|-supereffective|p2a: Wembanyama
|-damage|p2a: Wembanyama|48/100
|
|upkeep
|turn|16
|inactive|Snurke has 25 seconds left this turn.
|inactive|Snurke has 20 seconds left.
|inactive|Snurke has 15 seconds left.
|inactive|Snurke has 10 seconds left.
|inactive|ilikemos has 120 seconds left.
|inactive|Snurke has 5 seconds left.
|inactive|ilikemos has 90 seconds left.
|
|t:|1779630207
|switch|p1a: Hydreigon|Hydreigon, F|100/100
|-damage|p1a: Hydreigon|88/100|[from] Stealth Rock
|move|p2a: Wembanyama|Shadow Sneak|p1a: Hydreigon
|-resisted|p1a: Hydreigon
|-damage|p1a: Hydreigon|75/100
|
|upkeep
|turn|17
|inactive|Snurke has 15 seconds left this turn.
|inactive|Snurke has 10 seconds left.
|
|t:|1779630214
|switch|p2a: Crafty Lil' Shai|Samurott-Hisui, F, shiny|30/100
|move|p1a: Hydreigon|Dark Pulse|p2a: Crafty Lil' Shai
|-resisted|p2a: Crafty Lil' Shai
|-damage|p2a: Crafty Lil' Shai|0 fnt
|faint|p2a: Crafty Lil' Shai
|
|upkeep
|inactive|Snurke has 15 seconds left this turn.
|inactive|Snurke has 10 seconds left.
|inactive|Snurke has 5 seconds left.
|
|t:|1779630227
|switch|p2a: Draymoney Green|Tornadus-Therian, M, shiny|48/100
|turn|18
|inactive|Snurke has 15 seconds left this turn.
|
|t:|1779630238
|-terastallize|p1a: Hydreigon|Steel
|move|p2a: Draymoney Green|U-turn|p1a: Hydreigon
|-resisted|p1a: Hydreigon
|-damage|p1a: Hydreigon|68/100
|inactive|Snurke has 20 seconds left this turn.
|inactive|Snurke has 15 seconds left.
|inactive|Snurke has 10 seconds left.
|inactive|Snurke has 5 seconds left.
|-message|Snurke lost due to inactivity.
|
|win|ilikemos
|raw|ilikemos's rating: 1493 &rarr; <strong>1517</strong><br />(+24 for winning)
|raw|Snurke's rating: 1562 &rarr; <strong>1538</strong><br />(-24 for losing)
|l|☆ilikemos
|player|p1|
|l|☆Snurke
|player|p2|
