|j|☆jack3777
|j|☆smarticona
|t:|1779652666
|gametype|singles
|player|p1|jack3777|beauty-gen4dp|1106
|player|p2|smarticona|2|1105
|gen|9
|tier|[Gen 9] OU
|rated|
|rule|HP Percentage Mod: HP is shown in percentages
|rule|Endless Battle Clause: Forcing endless battles is banned
|rule|Species Clause: Limit one of each Pokémon
|rule|OHKO Clause: OHKO moves are banned
|rule|Evasion Items Clause: Evasion items are banned
|rule|Evasion Moves Clause: Evasion moves are banned
|rule|Evasion Abilities Clause: Evasion abilities are banned
|rule|Sleep Moves Clause: Sleep-inducing moves are banned
|clearpoke
|poke|p1|Diancie|
|poke|p1|Tinkaton, F|
|poke|p1|Alomomola, F|
|poke|p1|Lilligant-Hisui, F|
|poke|p1|Delphox, F|
|poke|p1|Sylveon, F|
|poke|p2|Ninetales-Alola, F|
|poke|p2|Articuno|
|poke|p2|Latios, M|
|poke|p2|Mew|
|poke|p2|Lycanroc, M|
|poke|p2|Ditto|
|teampreview
|
|t:|1779652670
|teamsize|p1|6
|teamsize|p2|6
|start
|switch|p1a: Diancie|Diancie|100/100
|switch|p2a: Lycanroc|Lycanroc, M, shiny|100/100
|turn|1
|
|t:|1779652684
|move|p2a: Lycanroc|Stealth Rock|p1a: Diancie
|-sidestart|p1: jack3777|move: Stealth Rock
|move|p1a: Diancie|Body Press|p2a: Lycanroc
|-supereffective|p2a: Lycanroc
|-damage|p2a: Lycanroc|3/100
|
|upkeep
|turn|2
|
|t:|1779652691
|move|p2a: Lycanroc|Endeavor|p1a: Diancie
|-damage|p1a: Diancie|3/100
|-damage|p2a: Lycanroc|0 fnt|[from] item: Rocky Helmet|[of] p1a: Diancie
|faint|p2a: Lycanroc
|move|p1a: Diancie|Iron Defense|p1a: Diancie
|-boost|p1a: Diancie|def|2
|
|upkeep
|
|t:|1779652700
|switch|p2a: Mew|Mew, shiny|100/100
|turn|3
|
|t:|1779652711
|move|p2a: Mew|Imprison|p2a: Mew
|-start|p2a: Mew|move: Imprison
|move|p1a: Diancie|Stealth Rock|p2a: Mew
|-sidestart|p2: smarticona|move: Stealth Rock
|
|upkeep
|turn|4
|
|t:|1779652716
|move|p2a: Mew|Fire Spin|p1a: Diancie
|-resisted|p1a: Diancie
|-damage|p1a: Diancie|0 fnt
|faint|p1a: Diancie
|
|upkeep
|
|t:|1779652730
|switch|p1a: Tinkaton|Tinkaton, F|100/100
|-damage|p1a: Tinkaton|94/100|[from] Stealth Rock
|-ability|p1a: Tinkaton|Mold Breaker
|turn|5
|
|t:|1779652744
|move|p2a: Mew|Fire Spin|p1a: Tinkaton
|-supereffective|p1a: Tinkaton
|-damage|p1a: Tinkaton|77/100
|-activate|p1a: Tinkaton|move: Fire Spin|[of] p2a: Mew
|move|p1a: Tinkaton|Knock Off|p2a: Mew
|-supereffective|p2a: Mew
|-damage|p2a: Mew|72/100
|
|-heal|p1a: Tinkaton|83/100|[from] item: Leftovers
|-damage|p1a: Tinkaton|71/100|[from] move: Fire Spin|[partiallytrapped]
|upkeep
|turn|6
|
|t:|1779652755
|move|p2a: Mew|Transform|p1a: Tinkaton
|-transform|p2a: Mew|p1a: Tinkaton
|-ability|p2a: Mew|Mold Breaker
|cant|p1a: Tinkaton|move: Imprison|Gigaton Hammer
|
|-heal|p1a: Tinkaton|77/100|[from] item: Leftovers
|-damage|p1a: Tinkaton|65/100|[from] move: Fire Spin|[partiallytrapped]
|upkeep
|turn|7
|
|t:|1779652770
|move|p2a: Mew|Swords Dance|p2a: Mew
|-boost|p2a: Mew|atk|2
|-activate|p1a: Tinkaton|move: Struggle
|move|p1a: Tinkaton|Struggle|p2a: Mew
|-damage|p2a: Mew|59/100
|-damage|p1a: Tinkaton|40/100|[from] recoil
|
|-heal|p1a: Tinkaton|46/100|[from] item: Leftovers
|-damage|p1a: Tinkaton|34/100|[from] move: Fire Spin|[partiallytrapped]
|upkeep
|turn|8
|
|t:|1779652780
|-activate|p1a: Tinkaton|move: Struggle
|move|p1a: Tinkaton|Struggle|p2a: Mew
|-damage|p2a: Mew|46/100
|-damage|p1a: Tinkaton|9/100|[from] recoil
|move|p2a: Mew|Swords Dance|p2a: Mew
|-boost|p2a: Mew|atk|2
|
|-heal|p1a: Tinkaton|15/100|[from] item: Leftovers
|-damage|p1a: Tinkaton|2/100|[from] move: Fire Spin|[partiallytrapped]
|upkeep
|turn|9
|
|t:|1779652793
|-activate|p1a: Tinkaton|move: Struggle
|move|p1a: Tinkaton|Struggle|p2a: Mew
|-damage|p2a: Mew|32/100
|-damage|p1a: Tinkaton|0 fnt|[from] recoil
|faint|p1a: Tinkaton
|move|p2a: Mew|Gigaton Hammer|p1: Tinkaton|[notarget]
|-fail|p2a: Mew
|
|upkeep
|
|t:|1779652802
|switch|p1a: Delphox|Delphox, F|100/100
|turn|10
|
|t:|1779652815
|move|p1a: Delphox|Flamethrower|p2a: Mew
|-supereffective|p2a: Mew
|-damage|p2a: Mew|0 fnt
|faint|p2a: Mew
|
|upkeep
|
|t:|1779652824
|switch|p2a: Latios|Latios, M|100/100
|-damage|p2a: Latios|88/100|[from] Stealth Rock
|turn|11
|
|t:|1779652834
|move|p1a: Delphox|Flamethrower|p2a: Latios
|-resisted|p2a: Latios
|-damage|p2a: Latios|65/100
|move|p2a: Latios|Calm Mind|p2a: Latios
|-boost|p2a: Latios|spa|1
|-boost|p2a: Latios|spd|1
|
|upkeep
|turn|12
|
|t:|1779652841
|switch|p1a: Lilligant|Lilligant-Hisui, F|100/100
|-damage|p1a: Lilligant|94/100|[from] Stealth Rock
|move|p2a: Latios|Calm Mind|p2a: Latios
|-boost|p2a: Latios|spa|1
|-boost|p2a: Latios|spd|1
|
|upkeep
|turn|13
|
|t:|1779652850
|move|p1a: Lilligant|Triple Axel|p2a: Latios
|-supereffective|p2a: Latios
|-damage|p2a: Latios|32/100
|-supereffective|p2a: Latios
|-crit|p2a: Latios
|-damage|p2a: Latios|0 fnt
|faint|p2a: Latios
|-hitcount|p2: Latios|2
|-damage|p1a: Lilligant|84/100|[from] item: Life Orb
|
|upkeep
|
|t:|1779652858
|switch|p2a: Ninetales|Ninetales-Alola, F|100/100
|-damage|p2a: Ninetales|75/100|[from] Stealth Rock
|-weather|Snowscape|[from] ability: Snow Warning|[of] p2a: Ninetales
|turn|14
|
|t:|1779652866
|move|p2a: Ninetales|Aurora Veil|p2a: Ninetales
|-sidestart|p2: smarticona|move: Aurora Veil
|move|p1a: Lilligant|Leaf Blade|p2a: Ninetales|[miss]
|-miss|p1a: Lilligant|p2a: Ninetales
|
|-weather|Snowscape|[upkeep]
|upkeep
|turn|15
|
|t:|1779652875
|switch|p2a: Articuno|Articuno|100/100
|-damage|p2a: Articuno|50/100|[from] Stealth Rock
|-ability|p2a: Articuno|Pressure
|move|p1a: Lilligant|Leaf Blade|p2a: Articuno
|-resisted|p2a: Articuno
|-damage|p2a: Articuno|39/100
|-damage|p1a: Lilligant|75/100|[from] item: Life Orb
|
|-weather|Snowscape|[upkeep]
|upkeep
|turn|16
|
|t:|1779652887
|-terastallize|p2a: Articuno|Ice
|move|p1a: Lilligant|Triple Axel|p2a: Articuno
|-resisted|p2a: Articuno
|-damage|p2a: Articuno|37/100
|-hitcount|p2a: Articuno|1
|-damage|p1a: Lilligant|65/100|[from] item: Life Orb
|move|p2a: Articuno|Blizzard|p1a: Lilligant
|-supereffective|p1a: Lilligant
|-damage|p1a: Lilligant|0 fnt
|faint|p1a: Lilligant
|
|-weather|Snowscape|[upkeep]
|upkeep
|
|t:|1779652900
|switch|p1a: Alomomola|Alomomola, F|100/100
|-damage|p1a: Alomomola|88/100|[from] Stealth Rock
|turn|17
|
|t:|1779652904
|move|p2a: Articuno|Blizzard|p1a: Alomomola
|-resisted|p1a: Alomomola
|-damage|p1a: Alomomola|26/100
|move|p1a: Alomomola|Scald|p2a: Articuno
|-damage|p2a: Articuno|32/100
|-status|p2a: Articuno|brn
|
|-weather|Snowscape|[upkeep]
|-heal|p1a: Alomomola|32/100|[from] item: Leftovers
|-damage|p2a: Articuno|25/100 brn|[from] brn
|upkeep
|turn|18
|
|t:|1779652915
|move|p1a: Alomomola|Protect|p1a: Alomomola
|-singleturn|p1a: Alomomola|Protect
|move|p2a: Articuno|Blizzard|p1a: Alomomola
|-activate|p1a: Alomomola|move: Protect
|
|-weather|none
|-heal|p1a: Alomomola|38/100|[from] item: Leftovers
|-damage|p2a: Articuno|19/100 brn|[from] brn
|upkeep
|turn|19
|
|t:|1779652926
|switch|p1a: Delphox|Delphox, F|100/100
|move|p2a: Articuno|Blizzard|p1a: Delphox
|-resisted|p1a: Delphox
|-damage|p1a: Delphox|41/100
|
|-damage|p2a: Articuno|13/100 brn|[from] brn
|upkeep
|turn|20
|
|t:|1779652940
|move|p1a: Delphox|Flamethrower|p2a: Articuno
|-supereffective|p2a: Articuno
|-damage|p2a: Articuno|0 fnt
|faint|p2a: Articuno
|
|upkeep
|
|t:|1779652944
|switch|p2a: Ditto|Ditto, shiny|100/100
|-damage|p2a: Ditto|88/100|[from] Stealth Rock
|-transform|p2a: Ditto|p1a: Delphox|[from] ability: Imposter
|turn|21
|
|t:|1779652977
|switch|p1a: Alomomola|Alomomola, F|71/100
|-damage|p1a: Alomomola|59/100|[from] Stealth Rock
|move|p2a: Ditto|Flamethrower|p1a: Alomomola
|-resisted|p1a: Alomomola
|-damage|p1a: Alomomola|35/100
|
|-heal|p1a: Alomomola|42/100|[from] item: Leftovers
|-sideend|p2: smarticona|move: Aurora Veil
|upkeep
|turn|22
|
|t:|1779653003
|switch|p2a: Ninetales|Ninetales-Alola, F|75/100
|-damage|p2a: Ninetales|50/100|[from] Stealth Rock
|-weather|Snowscape|[from] ability: Snow Warning|[of] p2a: Ninetales
|-terastallize|p1a: Alomomola|Steel
|move|p1a: Alomomola|Scald|p2a: Ninetales
|-damage|p2a: Ninetales|35/100
|
|-weather|Snowscape|[upkeep]
|-heal|p1a: Alomomola|48/100|[from] item: Leftovers
|upkeep
|turn|23
|
|t:|1779653016
|move|p2a: Ninetales|Aurora Veil|p2a: Ninetales
|-sidestart|p2: smarticona|move: Aurora Veil
|move|p1a: Alomomola|Wish|p1a: Alomomola
|
|-weather|Snowscape|[upkeep]
|-heal|p1a: Alomomola|54/100|[from] item: Leftovers
|upkeep
|turn|24
|
|t:|1779653025
|move|p2a: Ninetales|Blizzard|p1a: Alomomola
|-resisted|p1a: Alomomola
|-damage|p1a: Alomomola|27/100
|move|p1a: Alomomola|Flip Turn|p2a: Ninetales
|-damage|p2a: Ninetales|28/100
|
|t:|1779653031
|switch|p1a: Delphox|Delphox, F|41/100|[from] Flip Turn
|
|-weather|Snowscape|[upkeep]
|-heal|p1a: Delphox|100/100|[from] move: Wish|[wisher] Alomomola
|upkeep
|turn|25
|
|t:|1779653039
|move|p2a: Ninetales|Blizzard|p1a: Delphox
|-resisted|p1a: Delphox
|-damage|p1a: Delphox|75/100
|move|p1a: Delphox|Flamethrower|p2a: Ninetales
|-supereffective|p2a: Ninetales
|-crit|p2a: Ninetales
|-damage|p2a: Ninetales|0 fnt
|faint|p2a: Ninetales
|
|-weather|Snowscape|[upkeep]
|upkeep
|
|t:|1779653043
|switch|p2a: Ditto|Ditto, shiny|88/100
|-damage|p2a: Ditto|76/100|[from] Stealth Rock
|-transform|p2a: Ditto|p1a: Delphox|[from] ability: Imposter
|turn|26
|
|t:|1779653056
|move|p2a: Ditto|Flamethrower|p1a: Delphox
|-resisted|p1a: Delphox
|-damage|p1a: Delphox|49/100
|move|p1a: Delphox|Flamethrower|p2a: Ditto
|-resisted|p2a: Ditto
|-damage|p2a: Ditto|63/100
|
|-weather|none
|upkeep
|turn|27
|
|t:|1779653066
|move|p2a: Ditto|Flamethrower|p1a: Delphox
|-resisted|p1a: Delphox
|-damage|p1a: Delphox|25/100
|move|p1a: Delphox|Calm Mind|p1a: Delphox
|-boost|p1a: Delphox|spa|1
|-boost|p1a: Delphox|spd|1
|
|upkeep
|turn|28
|
|t:|1779653073
|move|p2a: Ditto|Flamethrower|p1a: Delphox
|-resisted|p1a: Delphox
|-damage|p1a: Delphox|7/100
|move|p1a: Delphox|Flamethrower|p2a: Ditto
|-resisted|p2a: Ditto
|-damage|p2a: Ditto|35/100
|
|upkeep
|turn|29
|
|t:|1779653081
|move|p2a: Ditto|Flamethrower|p1a: Delphox
|-resisted|p1a: Delphox
|-damage|p1a: Delphox|0 fnt
|faint|p1a: Delphox
|
|upkeep
|
|t:|1779653085
|switch|p1a: Sylveon|Sylveon, F|100/100
|-damage|p1a: Sylveon|88/100|[from] Stealth Rock
|turn|30
|
|t:|1779653090
|move|p2a: Ditto|Flamethrower|p1a: Sylveon
|-damage|p1a: Sylveon|66/100
|move|p1a: Sylveon|Hyper Voice|p2a: Ditto
|-resisted|p2a: Ditto
|-damage|p2a: Ditto|24/100
|
|-heal|p1a: Sylveon|72/100|[from] item: Leftovers
|-sideend|p2: smarticona|move: Aurora Veil
|upkeep
|turn|31
|
|t:|1779653098
|-activate|p2a: Ditto|move: Struggle
|move|p2a: Ditto|Struggle|p1a: Sylveon
|-damage|p1a: Sylveon|63/100
|-damage|p2a: Ditto|0 fnt|[from] recoil
|faint|p2a: Ditto
|
|win|jack3777
|raw|jack3777's rating: 1106 &rarr; <strong>1131</strong><br />(+25 for winning)
|raw|smarticona's rating: 1105 &rarr; <strong>1080</strong><br />(-25 for losing)
|l|☆smarticona
|player|p2|
|l|☆jack3777
|player|p1|
