|j|☆yoki
|j|☆backw1thm1lk
|t:|1779689953
|gametype|singles
|player|p1|yoki|2|1519
|player|p2|backw1thm1lk|101|1497
|gen|9
|tier|[Gen 9] OU
|rated|
|rule|HP Percentage Mod: HP is shown in percentages
|rule|Endless Battle Clause: Forcing endless battles is banned
|rule|Species Clause: Limit one of each Pokémon
|rule|OHKO Clause: OHKO moves are banned
|rule|Evasion Items Clause: Evasion items are banned
|rule|Evasion Moves Clause: Evasion moves are banned
|rule|Evasion Abilities Clause: Evasion abilities are banned
|rule|Sleep Moves Clause: Sleep-inducing moves are banned
|clearpoke
|poke|p1|Slowking-Galar, F|
|poke|p1|Great Tusk|
|poke|p1|Kyurem|
|poke|p1|Darkrai|
|poke|p1|Hoopa-Unbound|
|poke|p1|Zapdos|
|poke|p2|Araquanid, M|
|poke|p2|Kingambit, F|
|poke|p2|Dragalge, F|
|poke|p2|Cinderace, M|
|poke|p2|Serperior, M|
|poke|p2|Sandy Shocks|
|teampreview
|
|t:|1779689970
|teamsize|p1|6
|teamsize|p2|6
|start
|switch|p1a: Zapdos|Zapdos, shiny|100/100
|switch|p2a: Dragalge|Dragalge, F|100/100
|turn|1
|
|t:|1779689975
|move|p1a: Zapdos|Volt Switch|p2a: Dragalge
|-resisted|p2a: Dragalge
|-damage|p2a: Dragalge|92/100
|
|t:|1779689977
|switch|p1a: Slowking|Slowking-Galar, F|100/100|[from] Volt Switch
|move|p2a: Dragalge|Sludge Bomb|p1a: Slowking
|-resisted|p1a: Slowking
|-damage|p1a: Slowking|82/100
|
|upkeep
|turn|2
|
|t:|1779689984
|move|p2a: Dragalge|Scald|p1a: Slowking
|-damage|p1a: Slowking|66/100
|-status|p1a: Slowking|brn
|move|p1a: Slowking|Thunder Wave|p2a: Dragalge
|-status|p2a: Dragalge|par
|
|-damage|p1a: Slowking|60/100 brn|[from] brn
|upkeep
|turn|3
|
|t:|1779689995
|move|p2a: Dragalge|Scald|p1a: Slowking
|-damage|p1a: Slowking|46/100 brn
|move|p1a: Slowking|Future Sight|p2a: Dragalge
|-start|p1a: Slowking|move: Future Sight
|
|-damage|p1a: Slowking|40/100 brn|[from] brn
|upkeep
|turn|4
|
|t:|1779690036
|switch|p2a: Kingambit|Kingambit, F|100/100
|switch|p1a: Hoopa|Hoopa-Unbound|100/100
|
|upkeep
|turn|5
|j| pokemon pervert
|inactive|Battle timer is ON: inactive players will automatically lose when time's up. (requested by backw1thm1lk)
|
|t:|1779690058
|switch|p1a: Great Tusk|Great Tusk|100/100
|-terastallize|p2a: Kingambit|Dark
|move|p2a: Kingambit|Kowtow Cleave|p1a: Great Tusk
|-resisted|p1a: Great Tusk
|-damage|p1a: Great Tusk|76/100
|
|-end|p2a: Kingambit|move: Future Sight
|-immune|p2a: Kingambit
|upkeep
|turn|6
|
|t:|1779690067
|-end|p1a: Great Tusk|Protosynthesis|[silent]
|switch|p1a: Zapdos|Zapdos, shiny|100/100
|-end|p2a: Kingambit|fallenundefined|[silent]
|switch|p2a: Araquanid|Araquanid, M|100/100
|
|upkeep
|turn|7
|
|t:|1779690075
|move|p1a: Zapdos|Hurricane|p2a: Araquanid
|-supereffective|p2a: Araquanid
|-damage|p2a: Araquanid|21/100
|-start|p2a: Araquanid|confusion
|-activate|p2a: Araquanid|confusion
|move|p2a: Araquanid|Liquidation|p1a: Zapdos
|-damage|p1a: Zapdos|26/100
|
|upkeep
|turn|8
|
|t:|1779690082
|move|p1a: Zapdos|Volt Switch|p2a: Araquanid
|-supereffective|p2a: Araquanid
|-damage|p2a: Araquanid|0 fnt
|faint|p2a: Araquanid
|
|t:|1779690092
|switch|p1a: Slowking|Slowking-Galar, F|73/100 brn|[from] Volt Switch
|
|-damage|p1a: Slowking|67/100 brn|[from] brn
|upkeep
|
|t:|1779690100
|switch|p2a: Sandy Shocks|Sandy Shocks|100/100
|-enditem|p2a: Sandy Shocks|Booster Energy
|-activate|p2a: Sandy Shocks|ability: Protosynthesis|[fromitem]
|-start|p2a: Sandy Shocks|protosynthesisspe
|turn|9
|
|t:|1779690105
|move|p2a: Sandy Shocks|Earth Power|p1a: Slowking
|-supereffective|p1a: Slowking
|-damage|p1a: Slowking|17/100 brn
|-prepare|p1a: Slowking|Chilly Reception|[premajor]
|move|p1a: Slowking|Chilly Reception|p1a: Slowking
|-weather|Snowscape
|
|t:|1779690107
|switch|p1a: Kyurem|Kyurem|100/100|[from] Chilly Reception
|-ability|p1a: Kyurem|Pressure
|
|-weather|Snowscape|[upkeep]
|upkeep
|turn|10
|
|t:|1779690116
|move|p2a: Sandy Shocks|Volt Switch|p1a: Kyurem
|-resisted|p1a: Kyurem
|-damage|p1a: Kyurem|85/100
|
|t:|1779690122
|-end|p2a: Sandy Shocks|Protosynthesis|[silent]
|switch|p2a: Cinderace|Cinderace, M|100/100|[from] Volt Switch
|move|p1a: Kyurem|Blizzard|p2a: Cinderace
|-resisted|p2a: Cinderace
|-damage|p2a: Cinderace|37/100
|-status|p2a: Cinderace|frz
|
|-weather|Snowscape|[upkeep]
|upkeep
|turn|11
|
|t:|1779690129
|switch|p1a: Zapdos|Zapdos, shiny|26/100
|-curestatus|p2a: Cinderace|frz|[from] move: Pyro Ball
|move|p2a: Cinderace|Pyro Ball|p1a: Zapdos
|-damage|p1a: Zapdos|0 fnt
|faint|p1a: Zapdos
|
|-weather|Snowscape|[upkeep]
|upkeep
|
|t:|1779690133
|switch|p1a: Great Tusk|Great Tusk|76/100
|turn|12
|
|t:|1779690140
|move|p2a: Cinderace|High Jump Kick|p1a: Great Tusk
|-start|p2a: Cinderace|typechange|Fighting|[from] ability: Libero
|-damage|p1a: Great Tusk|30/100
|move|p1a: Great Tusk|Close Combat|p2a: Cinderace
|-damage|p2a: Cinderace|0 fnt
|-unboost|p1a: Great Tusk|def|1
|-unboost|p1a: Great Tusk|spd|1
|faint|p2a: Cinderace
|
|-weather|Snowscape|[upkeep]
|upkeep
|
|t:|1779690152
|switch|p2a: Serperior|Serperior, M|100/100
|turn|13
|
|t:|1779690156
|-end|p1a: Great Tusk|Protosynthesis|[silent]
|switch|p1a: Hoopa|Hoopa-Unbound|100/100
|move|p2a: Serperior|Leaf Storm|p1a: Hoopa
|-damage|p1a: Hoopa|74/100
|-boost|p2a: Serperior|spa|2
|
|-weather|none
|upkeep
|turn|14
|
|t:|1779690163
|move|p2a: Serperior|Leaf Storm|p1a: Hoopa
|-damage|p1a: Hoopa|18/100
|-boost|p2a: Serperior|spa|2
|move|p1a: Hoopa|Psychic Noise|p2a: Serperior
|-damage|p2a: Serperior|41/100
|-start|p2a: Serperior|move: Heal Block
|
|upkeep
|turn|15
|
|t:|1779690170
|move|p2a: Serperior|Leaf Storm|p1a: Hoopa
|-damage|p1a: Hoopa|0 fnt
|-boost|p2a: Serperior|spa|2
|faint|p1a: Hoopa
|
|-end|p2a: Serperior|move: Heal Block
|upkeep
|
|t:|1779690172
|switch|p1a: Darkrai|Darkrai|100/100
|turn|16
|
|t:|1779690177
|move|p1a: Darkrai|Dark Pulse|p2a: Serperior
|-damage|p2a: Serperior|0 fnt
|faint|p2a: Serperior
|
|upkeep
|
|t:|1779690180
|switch|p2a: Dragalge|Dragalge, F|92/100 par
|turn|17
|
|t:|1779690185
|switch|p1a: Slowking|Slowking-Galar, F|50/100 brn
|cant|p2a: Dragalge|par
|
|-damage|p1a: Slowking|44/100 brn|[from] brn
|upkeep
|turn|18
|
|t:|1779690190
|move|p2a: Dragalge|Draco Meteor|p1a: Slowking|[miss]
|-miss|p2a: Dragalge|p1a: Slowking
|-prepare|p1a: Slowking|Chilly Reception|[premajor]
|move|p1a: Slowking|Chilly Reception|p1a: Slowking
|-weather|Snowscape
|
|t:|1779690193
|switch|p1a: Kyurem|Kyurem|85/100|[from] Chilly Reception
|-ability|p1a: Kyurem|Pressure
|
|-weather|Snowscape|[upkeep]
|upkeep
|turn|19
|-message|backw1thm1lk forfeited.
|
|win|yoki
|raw|yoki's rating: 1519 &rarr; <strong>1538</strong><br />(+19 for winning)
|raw|backw1thm1lk's rating: 1497 &rarr; <strong>1478</strong><br />(-19 for losing)
|l|☆backw1thm1lk
|player|p2|
|l|☆yoki
|player|p1|
