|badge|p1|silver|gen9pu|30-9
|uhtml|medal-msg|<div class="broadcast-blue">Curious what those medals under the avatar are? PS now has Ladder Seasons! For more information, check out the <a href="https://www.smogon.com/forums/threads/3740067/">thread on Smogon.</a></div>
|j|☆halaman95
|j|☆Auburn Hills
|t:|1779625196
|gametype|singles
|player|p1|halaman95|169|1737
|player|p2|Auburn Hills|alder|1724
|gen|9
|tier|[Gen 9] OU
|rated|
|rule|HP Percentage Mod: HP is shown in percentages
|rule|Endless Battle Clause: Forcing endless battles is banned
|rule|Species Clause: Limit one of each Pokémon
|rule|OHKO Clause: OHKO moves are banned
|rule|Evasion Items Clause: Evasion items are banned
|rule|Evasion Moves Clause: Evasion moves are banned
|rule|Evasion Abilities Clause: Evasion abilities are banned
|rule|Sleep Moves Clause: Sleep-inducing moves are banned
|clearpoke
|poke|p1|Walking Wake|
|poke|p1|Lilligant-Hisui, F|
|poke|p1|Great Tusk|
|poke|p1|Torkoal, F|
|poke|p1|Hatterene, F|
|poke|p1|Comfey, M|
|poke|p2|Iron Moth|
|poke|p2|Umbreon, F|
|poke|p2|Garchomp, M|
|poke|p2|Glimmora, M|
|poke|p2|Gholdengo|
|poke|p2|Dragonite, F|
|teampreview
|inactive|Battle timer is ON: inactive players will automatically lose when time's up. (requested by halaman95)
|j| ric30
|
|t:|1779625204
|teamsize|p1|6
|teamsize|p2|6
|start
|switch|p1a: Torkoal|Torkoal, F|100/100
|switch|p2a: Julia Jacklin|Glimmora, M|100/100
|-weather|SunnyDay|[from] ability: Drought|[of] p1a: Torkoal
|turn|1
|
|t:|1779625212
|switch|p1a: Hatterene|Hatterene, F|100/100
|move|p2a: Julia Jacklin|Sludge Wave|p1a: Hatterene
|-supereffective|p1a: Hatterene
|-damage|p1a: Hatterene|0 fnt
|faint|p1a: Hatterene
|
|-weather|SunnyDay|[upkeep]
|upkeep
|
|t:|1779625218
|switch|p1a: Walking Wake|Walking Wake|100/100
|-activate|p1a: Walking Wake|ability: Protosynthesis
|-start|p1a: Walking Wake|protosynthesisspe
|turn|2
|
|t:|1779625223
|switch|p2a: Alvvays|Umbreon, F|100/100
|move|p1a: Walking Wake|Hydro Steam|p2a: Alvvays
|-crit|p2a: Alvvays
|-damage|p2a: Alvvays|47/100
|
|-weather|SunnyDay|[upkeep]
|-heal|p2a: Alvvays|53/100|[from] item: Leftovers
|upkeep
|turn|3
|
|t:|1779625242
|-end|p1a: Walking Wake|Protosynthesis|[silent]
|switch|p1a: Great Tusk|Great Tusk|100/100
|-activate|p1a: Great Tusk|ability: Protosynthesis
|-start|p1a: Great Tusk|protosynthesisatk
|move|p2a: Alvvays|Protect||[still]
|-fail|p2a: Alvvays
|
|-weather|SunnyDay|[upkeep]
|-heal|p2a: Alvvays|59/100|[from] item: Leftovers
|upkeep
|turn|4
|
|t:|1779625248
|switch|p2a: Julia Jacklin|Glimmora, M|100/100
|move|p1a: Great Tusk|Rapid Spin|p2a: Julia Jacklin
|-resisted|p2a: Julia Jacklin
|-damage|p2a: Julia Jacklin|86/100
|-boost|p1a: Great Tusk|spe|1
|-activate|p2a: Julia Jacklin|ability: Toxic Debris
|-sidestart|p1: halaman95|move: Toxic Spikes
|-sideend|p1: halaman95|Toxic Spikes|[from] move: Rapid Spin|[of] p1a: Great Tusk
|
|-weather|SunnyDay|[upkeep]
|upkeep
|turn|5
|
|t:|1779625255
|move|p1a: Great Tusk|Headlong Rush|p2a: Julia Jacklin
|-supereffective|p2a: Julia Jacklin
|-damage|p2a: Julia Jacklin|0 fnt
|-unboost|p1a: Great Tusk|def|1
|-unboost|p1a: Great Tusk|spd|1
|-activate|p2a: Julia Jacklin|ability: Toxic Debris
|-sidestart|p1: halaman95|move: Toxic Spikes
|faint|p2a: Julia Jacklin
|
|-weather|SunnyDay|[upkeep]
|upkeep
|
|t:|1779625258
|switch|p2a: Carly Rae|Iron Moth|100/100
|-enditem|p2a: Carly Rae|Booster Energy
|-activate|p2a: Carly Rae|ability: Quark Drive|[fromitem]
|-start|p2a: Carly Rae|quarkdrivespe
|turn|6
|
|t:|1779625279
|-end|p1a: Great Tusk|Protosynthesis|[silent]
|switch|p1a: Walking Wake|Walking Wake|100/100
|-status|p1a: Walking Wake|psn
|-activate|p1a: Walking Wake|ability: Protosynthesis
|-start|p1a: Walking Wake|protosynthesisspe
|move|p2a: Carly Rae|Fiery Dance|p1a: Walking Wake
|-resisted|p1a: Walking Wake
|-damage|p1a: Walking Wake|81/100 psn
|
|-weather|SunnyDay|[upkeep]
|-damage|p1a: Walking Wake|69/100 psn|[from] psn
|upkeep
|turn|7
|
|t:|1779625287
|move|p2a: Carly Rae|Dazzling Gleam|p1a: Walking Wake
|-supereffective|p1a: Walking Wake
|-damage|p1a: Walking Wake|4/100 psn
|move|p1a: Walking Wake|Hydro Steam|p2a: Carly Rae
|-supereffective|p2a: Carly Rae
|-damage|p2a: Carly Rae|0 fnt
|faint|p2a: Carly Rae
|-end|p2a: Carly Rae|Quark Drive|[silent]
|
|-weather|SunnyDay|[upkeep]
|-damage|p1a: Walking Wake|0 fnt|[from] psn
|faint|p1a: Walking Wake
|-end|p1a: Walking Wake|Protosynthesis|[silent]
|upkeep
|
|t:|1779625295
|switch|p2a: Smino|Gholdengo|100/100
|switch|p1a: Great Tusk|Great Tusk|100/100
|-activate|p1a: Great Tusk|ability: Protosynthesis
|-start|p1a: Great Tusk|protosynthesisatk
|turn|8
|
|t:|1779625301
|move|p2a: Smino|Make It Rain|p1a: Great Tusk
|-damage|p1a: Great Tusk|10/100
|-unboost|p2a: Smino|spa|1
|move|p1a: Great Tusk|Headlong Rush|p2a: Smino
|-supereffective|p2a: Smino
|-damage|p2a: Smino|0 fnt
|-unboost|p1a: Great Tusk|def|1
|-unboost|p1a: Great Tusk|spd|1
|faint|p2a: Smino
|
|-weather|none
|-end|p1a: Great Tusk|Protosynthesis
|upkeep
|
|t:|1779625306
|switch|p2a: Elucid|Dragonite, F|100/100
|turn|9
|
|t:|1779625309
|-end|p1a: Great Tusk|Protosynthesis|[silent]
|switch|p1a: Torkoal|Torkoal, F|100/100
|-status|p1a: Torkoal|psn
|-weather|SunnyDay|[from] ability: Drought|[of] p1a: Torkoal
|move|p2a: Elucid|Extreme Speed|p1a: Torkoal
|-damage|p1a: Torkoal|79/100 psn
|
|-weather|SunnyDay|[upkeep]
|-damage|p1a: Torkoal|66/100 psn|[from] psn
|upkeep
|turn|10
|
|t:|1779625316
|move|p2a: Elucid|Earthquake|p1a: Torkoal
|-supereffective|p1a: Torkoal
|-damage|p1a: Torkoal|5/100 psn
|move|p1a: Torkoal|Rapid Spin|p2a: Elucid
|-damage|p2a: Elucid|96/100
|-boost|p1a: Torkoal|spe|1
|-sideend|p1: halaman95|Toxic Spikes|[from] move: Rapid Spin|[of] p1a: Torkoal
|
|-weather|SunnyDay|[upkeep]
|-damage|p1a: Torkoal|0 fnt|[from] psn
|faint|p1a: Torkoal
|upkeep
|
|t:|1779625332
|switch|p1a: Comfey|Comfey, M|100/100
|turn|11
|
|t:|1779625335
|switch|p2a: Rat Tally|Garchomp, M|100/100
|move|p1a: Comfey|Growth|p1a: Comfey
|-boost|p1a: Comfey|atk|2
|-boost|p1a: Comfey|spa|2
|
|-weather|SunnyDay|[upkeep]
|upkeep
|turn|12
|
|t:|1779625340
|-terastallize|p2a: Rat Tally|Poison
|move|p2a: Rat Tally|Poison Jab|p1a: Comfey
|-supereffective|p1a: Comfey
|-damage|p1a: Comfey|0 fnt
|faint|p1a: Comfey
|
|-weather|SunnyDay|[upkeep]
|upkeep
|
|t:|1779625346
|switch|p1a: Lilligant|Lilligant-Hisui, F|100/100
|turn|13
|
|t:|1779625354
|-terastallize|p1a: Lilligant|Steel
|move|p1a: Lilligant|Victory Dance|p1a: Lilligant
|-boost|p1a: Lilligant|atk|1
|-boost|p1a: Lilligant|def|1
|-boost|p1a: Lilligant|spe|1
|move|p2a: Rat Tally|Scale Shot|p1a: Lilligant
|-resisted|p1a: Lilligant
|-damage|p1a: Lilligant|95/100
|-resisted|p1a: Lilligant
|-damage|p1a: Lilligant|90/100
|-resisted|p1a: Lilligant
|-damage|p1a: Lilligant|84/100
|-resisted|p1a: Lilligant
|-damage|p1a: Lilligant|78/100
|-hitcount|p1a: Lilligant|4
|-unboost|p2a: Rat Tally|def|1
|-boost|p2a: Rat Tally|spe|1
|
|-weather|SunnyDay|[upkeep]
|-heal|p1a: Lilligant|84/100|[from] item: Leftovers
|upkeep
|turn|14
|
|t:|1779625377
|move|p1a: Lilligant|Triple Axel|p2a: Rat Tally|[miss]
|-miss|p1a: Lilligant|p2a: Rat Tally
|move|p2a: Rat Tally|Earthquake|p1a: Lilligant
|-supereffective|p1a: Lilligant
|-damage|p1a: Lilligant|0 fnt
|faint|p1a: Lilligant
|
|-weather|SunnyDay|[upkeep]
|upkeep
|
|t:|1779625383
|switch|p1a: Great Tusk|Great Tusk|10/100
|-activate|p1a: Great Tusk|ability: Protosynthesis
|-start|p1a: Great Tusk|protosynthesisatk
|turn|15
|
|t:|1779625389
|move|p2a: Rat Tally|Earthquake|p1a: Great Tusk
|-damage|p1a: Great Tusk|0 fnt
|faint|p1a: Great Tusk
|-end|p1a: Great Tusk|Protosynthesis|[silent]
|
|win|Auburn Hills
|raw|halaman95's rating: 1737 &rarr; <strong>1716</strong><br />(-21 for losing)
|raw|Auburn Hills's rating: 1724 &rarr; <strong>1745</strong><br />(+21 for winning)
|l|☆halaman95
|player|p1|
|j| mawaruru
|l|☆Auburn Hills
|player|p2|
|l| mawaruru
