|j|☆I am a guineapig
|j|☆Aaapinhen02
|t:|1779628811
|gametype|singles
|player|p1|I am a guineapig|fisherman-gen4|1453
|player|p2|Aaapinhen02|marlon|1521
|gen|9
|tier|[Gen 9] OU
|rated|
|rule|HP Percentage Mod: HP is shown in percentages
|rule|Endless Battle Clause: Forcing endless battles is banned
|rule|Species Clause: Limit one of each Pokémon
|rule|OHKO Clause: OHKO moves are banned
|rule|Evasion Items Clause: Evasion items are banned
|rule|Evasion Moves Clause: Evasion moves are banned
|rule|Evasion Abilities Clause: Evasion abilities are banned
|rule|Sleep Moves Clause: Sleep-inducing moves are banned
|clearpoke
|poke|p1|Carbink|
|poke|p1|Hatterene, F|
|poke|p1|Dusclops, M|
|poke|p1|Iron Hands|
|poke|p1|Crabominable, F|
|poke|p1|Kingambit, F|
|poke|p2|Pelipper, F|
|poke|p2|Tornadus-Therian, M|
|poke|p2|Iron Treads|
|poke|p2|Decidueye-Hisui, F|
|poke|p2|Barraskewda, M|
|poke|p2|Raging Bolt|
|teampreview
|inactive|Battle timer is ON: inactive players will automatically lose when time's up. (requested by I am a guineapig)
|
|t:|1779628828
|teamsize|p1|6
|teamsize|p2|6
|start
|switch|p1a: Carbink|Carbink|100/100
|switch|p2a: Pelipper|Pelipper, F|100/100
|-weather|RainDance|[from] ability: Drizzle|[of] p2a: Pelipper
|turn|1
|
|t:|1779628835
|move|p2a: Pelipper|Surf|p1a: Carbink
|-supereffective|p1a: Carbink
|-damage|p1a: Carbink|27/100
|move|p1a: Carbink|Trick Room|p1a: Carbink
|-fieldstart|move: Trick Room|[of] p1a: Carbink
|
|-weather|RainDance|[upkeep]
|upkeep
|turn|2
|
|t:|1779628840
|move|p1a: Carbink|Misty Explosion|p2a: Pelipper
|-damage|p2a: Pelipper|72/100
|faint|p1a: Carbink
|move|p2a: Pelipper|U-turn|p1: Carbink|[notarget]
|-fail|p2a: Pelipper
|
|-weather|RainDance|[upkeep]
|upkeep
|
|t:|1779628852
|switch|p1a: Crabominable|Crabominable, F|100/100
|turn|3
|
|t:|1779628861
|switch|p2a: Iron Treads|Iron Treads|100/100
|move|p1a: Crabominable|Thunder Punch|p2a: Iron Treads
|-immune|p2a: Iron Treads
|
|-weather|RainDance|[upkeep]
|upkeep
|turn|4
|
|t:|1779628875
|move|p1a: Crabominable|Close Combat|p2a: Iron Treads
|-supereffective|p2a: Iron Treads
|-damage|p2a: Iron Treads|0 fnt
|-unboost|p1a: Crabominable|def|1
|-unboost|p1a: Crabominable|spd|1
|faint|p2a: Iron Treads
|-end|p2a: Iron Treads|Quark Drive|[silent]
|-damage|p1a: Crabominable|91/100|[from] item: Life Orb
|
|-weather|RainDance|[upkeep]
|upkeep
|
|t:|1779628891
|switch|p2a: Pelipper|Pelipper, F|72/100
|turn|5
|
|t:|1779628904
|switch|p2a: Decidueye|Decidueye-Hisui, F|100/100
|move|p1a: Crabominable|Ice Hammer|p2a: Decidueye
|-supereffective|p2a: Decidueye
|-crit|p2a: Decidueye
|-damage|p2a: Decidueye|0 fnt
|-unboost|p1a: Crabominable|spe|1
|-damage|p1a: Crabominable|74/100|[from] item: Rocky Helmet|[of] p2a: Decidueye
|faint|p2a: Decidueye
|-damage|p1a: Crabominable|64/100|[from] item: Life Orb
|
|-weather|RainDance|[upkeep]
|-fieldend|move: Trick Room
|upkeep
|
|t:|1779628915
|switch|p2a: Barraskewda|Barraskewda, M|100/100
|turn|6
|
|t:|1779628920
|move|p2a: Barraskewda|Liquidation|p1a: Crabominable
|-damage|p1a: Crabominable|0 fnt
|faint|p1a: Crabominable
|-damage|p2a: Barraskewda|91/100|[from] item: Life Orb
|
|-weather|RainDance|[upkeep]
|upkeep
|
|t:|1779628927
|switch|p1a: Hatterene|Hatterene, F|100/100
|turn|7
|
|t:|1779628930
|move|p2a: Barraskewda|Flip Turn|p1a: Hatterene
|-damage|p1a: Hatterene|24/100
|-damage|p2a: Barraskewda|81/100|[from] item: Life Orb
|
|t:|1779628936
|switch|p2a: Tornadus|Tornadus-Therian, M|100/100|[from] Flip Turn
|move|p1a: Hatterene|Trick Room|p1a: Hatterene
|-fieldstart|move: Trick Room|[of] p1a: Hatterene
|
|-weather|RainDance|[upkeep]
|upkeep
|turn|8
|
|t:|1779628943
|move|p1a: Hatterene|Misty Explosion|p2a: Tornadus
|-damage|p2a: Tornadus|33/100
|faint|p1a: Hatterene
|move|p2a: Tornadus|U-turn|p1: Hatterene|[notarget]
|-fail|p2a: Tornadus
|
|-weather|none
|upkeep
|
|t:|1779628953
|switch|p1a: Iron Hands|Iron Hands|100/100
|-enditem|p1a: Iron Hands|Booster Energy
|-activate|p1a: Iron Hands|ability: Quark Drive|[fromitem]
|-start|p1a: Iron Hands|quarkdriveatk
|turn|9
|
|t:|1779628963
|switch|p2a: Pelipper|Pelipper, F|72/100
|-weather|RainDance|[from] ability: Drizzle|[of] p2a: Pelipper
|move|p1a: Iron Hands|Ice Punch|p2a: Pelipper
|-damage|p2a: Pelipper|42/100
|
|-weather|RainDance|[upkeep]
|upkeep
|turn|10
|
|t:|1779628976
|move|p1a: Iron Hands|Supercell Slam|p2a: Pelipper
|-supereffective|p2a: Pelipper
|-damage|p2a: Pelipper|0 fnt
|faint|p2a: Pelipper
|
|-weather|RainDance|[upkeep]
|upkeep
|
|t:|1779628981
|switch|p2a: Raging Bolt|Raging Bolt|100/100
|-enditem|p2a: Raging Bolt|Booster Energy
|-activate|p2a: Raging Bolt|ability: Protosynthesis|[fromitem]
|-start|p2a: Raging Bolt|protosynthesisspa
|turn|11
|
|t:|1779628988
|-terastallize|p2a: Raging Bolt|Bug
|move|p1a: Iron Hands|Ice Punch|p2a: Raging Bolt
|-damage|p2a: Raging Bolt|62/100
|move|p2a: Raging Bolt|Weather Ball|p1a: Iron Hands
|-damage|p1a: Iron Hands|31/100
|
|-weather|RainDance|[upkeep]
|-fieldend|move: Trick Room
|upkeep
|turn|12
|
|t:|1779629002
|move|p2a: Raging Bolt|Weather Ball|p1a: Iron Hands
|-damage|p1a: Iron Hands|0 fnt
|faint|p1a: Iron Hands
|-end|p1a: Iron Hands|Quark Drive|[silent]
|
|-weather|RainDance|[upkeep]
|upkeep
|
|t:|1779629005
|switch|p1a: Dusclops|Dusclops, M|100/100
|turn|13
|
|t:|1779629010
|move|p2a: Raging Bolt|Thunder|p1a: Dusclops
|-damage|p1a: Dusclops|56/100
|-status|p1a: Dusclops|par
|move|p1a: Dusclops|Trick Room|p1a: Dusclops
|-fieldstart|move: Trick Room|[of] p1a: Dusclops
|
|-weather|RainDance|[upkeep]
|upkeep
|turn|14
|
|t:|1779629021
|-end|p2a: Raging Bolt|Protosynthesis|[silent]
|switch|p2a: Tornadus|Tornadus-Therian, M|66/100
|move|p1a: Dusclops|Night Shade|p2a: Tornadus
|-damage|p2a: Tornadus|33/100
|
|-weather|RainDance|[upkeep]
|upkeep
|turn|15
|
|t:|1779629029
|cant|p1a: Dusclops|par
|move|p2a: Tornadus|Focus Blast|p1a: Dusclops
|-immune|p1a: Dusclops
|
|-weather|RainDance|[upkeep]
|upkeep
|turn|16
|
|t:|1779629034
|move|p1a: Dusclops|Curse|p2a: Tornadus
|-start|p2a: Tornadus|Curse|[of] p1a: Dusclops
|-damage|p1a: Dusclops|6/100 par
|move|p2a: Tornadus|Focus Blast|p1a: Dusclops
|-immune|p1a: Dusclops
|
|-weather|none
|-damage|p2a: Tornadus|8/100|[from] Curse
|upkeep
|turn|17
|
|t:|1779629043
|cant|p1a: Dusclops|par
|move|p2a: Tornadus|Focus Blast|p1a: Dusclops
|-immune|p1a: Dusclops
|
|-damage|p2a: Tornadus|0 fnt|[from] Curse
|faint|p2a: Tornadus
|-fieldend|move: Trick Room
|upkeep
|
|t:|1779629052
|switch|p2a: Barraskewda|Barraskewda, M|81/100
|turn|18
|
|t:|1779629055
|move|p2a: Barraskewda|Liquidation|p1a: Dusclops
|-damage|p1a: Dusclops|0 fnt
|faint|p1a: Dusclops
|-damage|p2a: Barraskewda|71/100|[from] item: Life Orb
|
|upkeep
|
|t:|1779629058
|switch|p1a: Kingambit|Kingambit, F|100/100
|-activate|p1a: Kingambit|ability: Supreme Overlord
|-start|p1a: Kingambit|fallen5|[silent]
|turn|19
|
|t:|1779629064
|-terastallize|p1a: Kingambit|Dark
|move|p2a: Barraskewda|Aqua Jet|p1a: Kingambit
|-damage|p1a: Kingambit|80/100
|-damage|p2a: Barraskewda|61/100|[from] item: Life Orb
|move|p1a: Kingambit|Sucker Punch||[still]
|-fail|p1a: Kingambit
|
|upkeep
|turn|20
|
|t:|1779629073
|move|p2a: Barraskewda|Aqua Jet|p1a: Kingambit
|-damage|p1a: Kingambit|60/100
|-damage|p2a: Barraskewda|51/100|[from] item: Life Orb
|move|p1a: Kingambit|Kowtow Cleave|p2a: Barraskewda
|-damage|p2a: Barraskewda|0 fnt
|faint|p2a: Barraskewda
|-damage|p1a: Kingambit|50/100|[from] item: Life Orb
|
|upkeep
|
|t:|1779629082
|switch|p2a: Raging Bolt|Raging Bolt, tera:Bug|62/100
|turn|21
|
|t:|1779629086
|move|p2a: Raging Bolt|Thunderclap|p1a: Kingambit
|-damage|p1a: Kingambit|7/100
|move|p1a: Kingambit|Kowtow Cleave|p2a: Raging Bolt
|-damage|p2a: Raging Bolt|0 fnt
|faint|p2a: Raging Bolt
|-end|p2a: Raging Bolt|Protosynthesis|[silent]
|-damage|p1a: Kingambit|0 fnt|[from] item: Life Orb
|faint|p1a: Kingambit
|-end|p1a: Kingambit|fallen5|[silent]
|
|win|I am a guineapig
|raw|I am a guineapig's rating: 1453 &rarr; <strong>1477</strong><br />(+24 for winning)
|raw|Aaapinhen02's rating: 1521 &rarr; <strong>1497</strong><br />(-24 for losing)
|l|☆Aaapinhen02
|player|p2|
|l|☆I am a guineapig
|player|p1|
