|j|☆Elite Four Ozzy
|j|☆mmm... beer
|t:|1779567151
|gametype|singles
|player|p1|Elite Four Ozzy|101|1486
|player|p2|mmm... beer|teacher-gen2|1493
|gen|9
|tier|[Gen 9] OU
|rated|
|rule|HP Percentage Mod: HP is shown in percentages
|rule|Endless Battle Clause: Forcing endless battles is banned
|rule|Species Clause: Limit one of each Pokémon
|rule|OHKO Clause: OHKO moves are banned
|rule|Evasion Items Clause: Evasion items are banned
|rule|Evasion Moves Clause: Evasion moves are banned
|rule|Evasion Abilities Clause: Evasion abilities are banned
|rule|Sleep Moves Clause: Sleep-inducing moves are banned
|clearpoke
|poke|p1|Dragapult, F|
|poke|p1|Ting-Lu|
|poke|p1|Kingambit, M|
|poke|p1|Gholdengo|
|poke|p1|Dragonite, M|
|poke|p1|Ogerpon-Wellspring, F|
|poke|p2|Cramorant, M|
|poke|p2|Hatterene, F|
|poke|p2|Great Tusk|
|poke|p2|Ogerpon-Wellspring, F|
|poke|p2|Cinderace, M|
|poke|p2|Tinkaton, F|
|teampreview
|
|t:|1779567172
|teamsize|p1|6
|teamsize|p2|6
|start
|switch|p1a: Dragapult|Dragapult, F|100/100
|switch|p2a: Liberoseph Lostar|Cinderace, M|100/100
|turn|1
|
|t:|1779567182
|switch|p1a: Ting-Lu|Ting-Lu|100/100
|-ability|p1a: Ting-Lu|Vessel of Ruin
|move|p2a: Liberoseph Lostar|Sucker Punch||[still]
|-fail|p2a: Liberoseph Lostar
|
|upkeep
|turn|2
|
|t:|1779567201
|move|p2a: Liberoseph Lostar|U-turn|p1a: Ting-Lu
|-start|p2a: Liberoseph Lostar|typechange|Bug|[from] ability: Libero
|-supereffective|p1a: Ting-Lu
|-damage|p1a: Ting-Lu|64/100
|-damage|p2a: Liberoseph Lostar|84/100|[from] item: Rocky Helmet|[of] p1a: Ting-Lu
|
|t:|1779567207
|switch|p2a: Magic Bounce on It|Hatterene, F|100/100|[from] U-turn
|move|p1a: Ting-Lu|Ruination|p2a: Magic Bounce on It
|-damage|p2a: Magic Bounce on It|50/100
|
|upkeep
|turn|3
|inactive|Battle timer is ON: inactive players will automatically lose when time's up. (requested by mmm... beer)
|
|t:|1779567262
|switch|p1a: Gholdengo|Gholdengo|100/100
|move|p2a: Magic Bounce on It|Nuzzle|p1a: Gholdengo
|-damage|p1a: Gholdengo|97/100
|-status|p1a: Gholdengo|par
|
|upkeep
|turn|4
|
|t:|1779567271
|switch|p2a: Liberoseph Lostar|Cinderace, M|84/100
|move|p1a: Gholdengo|Trick|p2a: Liberoseph Lostar
|-activate|p1a: Gholdengo|move: Trick|[of] p2a: Liberoseph Lostar
|-item|p2a: Liberoseph Lostar|Choice Scarf|[from] move: Trick
|-item|p1a: Gholdengo|Heavy-Duty Boots|[from] move: Trick
|
|upkeep
|turn|5
|inactive|Elite Four Ozzy has 120 seconds left.
|
|t:|1779567315
|switch|p1a: Ting-Lu|Ting-Lu|64/100
|-ability|p1a: Ting-Lu|Vessel of Ruin
|move|p2a: Liberoseph Lostar|U-turn|p1a: Ting-Lu
|-start|p2a: Liberoseph Lostar|typechange|Bug|[from] ability: Libero
|-supereffective|p1a: Ting-Lu
|-damage|p1a: Ting-Lu|27/100
|-damage|p2a: Liberoseph Lostar|67/100|[from] item: Rocky Helmet|[of] p1a: Ting-Lu
|
|t:|1779567318
|switch|p2a: King Pon|Ogerpon-Wellspring, F|100/100|[from] U-turn
|
|upkeep
|turn|6
|inactive|Elite Four Ozzy has 120 seconds left.
|
|t:|1779567348
|switch|p1a: Ogerpon|Ogerpon-Wellspring, F|100/100
|move|p2a: King Pon|Play Rough|p1a: Ogerpon
|-damage|p1a: Ogerpon|53/100
|
|upkeep
|turn|7
|
|t:|1779567358
|move|p2a: King Pon|Power Whip|p1a: Ogerpon|[miss]
|-miss|p2a: King Pon|p1a: Ogerpon
|move|p1a: Ogerpon|Play Rough|p2a: King Pon
|-damage|p2a: King Pon|56/100
|
|upkeep
|turn|8
|
|t:|1779567369
|switch|p1a: Ting-Lu|Ting-Lu|27/100
|-ability|p1a: Ting-Lu|Vessel of Ruin
|move|p2a: King Pon|Power Whip|p1a: Ting-Lu|[miss]
|-miss|p2a: King Pon|p1a: Ting-Lu
|
|upkeep
|turn|9
|
|t:|1779567375
|switch|p1a: Ogerpon|Ogerpon-Wellspring, F|53/100
|move|p2a: King Pon|Play Rough|p1a: Ogerpon
|-damage|p1a: Ogerpon|3/100
|-unboost|p1a: Ogerpon|atk|1
|
|upkeep
|turn|10
|
|t:|1779567380
|switch|p1a: Ting-Lu|Ting-Lu|27/100
|-ability|p1a: Ting-Lu|Vessel of Ruin
|move|p2a: King Pon|Play Rough|p1a: Ting-Lu
|-supereffective|p1a: Ting-Lu
|-damage|p1a: Ting-Lu|0 fnt
|-damage|p2a: King Pon|39/100|[from] item: Rocky Helmet|[of] p1a: Ting-Lu
|faint|p1a: Ting-Lu
|
|upkeep
|
|t:|1779567385
|switch|p1a: Dragapult|Dragapult, F|100/100
|turn|11
|
|t:|1779567393
|switch|p2a: Tink Death|Tinkaton, F|100/100
|-item|p2a: Tink Death|Air Balloon
|move|p1a: Dragapult|U-turn|p2a: Tink Death
|-resisted|p2a: Tink Death
|-damage|p2a: Tink Death|96/100
|-enditem|p2a: Tink Death|Air Balloon
|-enditem|p1a: Dragapult|Heavy-Duty Boots|[silent]|[from] ability: Pickpocket|[of] p1a: Dragapult
|-item|p2a: Tink Death|Heavy-Duty Boots|[from] ability: Pickpocket|[of] p1a: Dragapult
|inactive|Elite Four Ozzy has 120 seconds left.
|
|t:|1779567434
|switch|p1a: Gholdengo|Gholdengo|97/100 par|[from] U-turn
|
|upkeep
|turn|12
|inactive|Elite Four Ozzy has 90 seconds left.
|
|t:|1779567463
|move|p2a: Tink Death|Stealth Rock|p1a: Gholdengo
|-sidestart|p1: Elite Four Ozzy|move: Stealth Rock
|cant|p1a: Gholdengo|par
|
|upkeep
|turn|13
|
|t:|1779567467
|move|p2a: Tink Death|Knock Off|p1a: Gholdengo
|-supereffective|p1a: Gholdengo
|-damage|p1a: Gholdengo|59/100 par
|-enditem|p1a: Gholdengo|Heavy-Duty Boots|[from] move: Knock Off|[of] p2a: Tink Death
|move|p1a: Gholdengo|Make It Rain|p2a: Tink Death
|-damage|p2a: Tink Death|37/100
|-unboost|p1a: Gholdengo|spa|1
|
|upkeep
|turn|14
|
|t:|1779567486
|switch|p2a: Gulpenheimer|Cramorant, M|100/100
|move|p1a: Gholdengo|Make It Rain|p2a: Gulpenheimer
|-resisted|p2a: Gulpenheimer
|-crit|p2a: Gulpenheimer
|-damage|p2a: Gulpenheimer|39/100
|-unboost|p1a: Gholdengo|spa|1
|
|upkeep
|turn|15
|inactive|Elite Four Ozzy has 90 seconds left.
|inactive|Elite Four Ozzy has 60 seconds left.
|
|t:|1779567542
|switch|p1a: Ogerpon|Ogerpon-Wellspring, F|3/100
|-damage|p1a: Ogerpon|0 fnt|[from] Stealth Rock
|faint|p1a: Ogerpon
|move|p2a: Gulpenheimer|Surf|p1: Ogerpon|[notarget]
|-fail|p2a: Gulpenheimer
|
|upkeep
|inactive|Elite Four Ozzy has 30 seconds left.
|
|t:|1779567570
|switch|p1a: Dragonite|Dragonite, M|100/100
|turn|16
|
|t:|1779567582
|switch|p2a: Tink Death|Tinkaton, F|37/100
|move|p1a: Dragonite|Dragon Dance|p1a: Dragonite
|-boost|p1a: Dragonite|atk|1
|-boost|p1a: Dragonite|spe|1
|
|upkeep
|turn|17
|
|t:|1779567590
|move|p1a: Dragonite|Earthquake|p2a: Tink Death
|-supereffective|p2a: Tink Death
|-damage|p2a: Tink Death|0 fnt
|faint|p2a: Tink Death
|
|upkeep
|
|t:|1779567600
|switch|p2a: Gulpenheimer|Cramorant, M|39/100
|turn|18
|
|t:|1779567607
|-terastallize|p2a: Gulpenheimer|Ghost
|move|p1a: Dragonite|Extreme Speed|p2a: Gulpenheimer
|-immune|p2a: Gulpenheimer
|move|p2a: Gulpenheimer|Icy Wind|p1a: Dragonite
|-supereffective|p1a: Dragonite
|-damage|p1a: Dragonite|75/100
|-unboost|p1a: Dragonite|spe|1
|
|upkeep
|turn|19
|
|t:|1779567632
|move|p2a: Gulpenheimer|Icy Wind|p1a: Dragonite
|-supereffective|p1a: Dragonite
|-damage|p1a: Dragonite|25/100
|-unboost|p1a: Dragonite|spe|1
|move|p1a: Dragonite|Dragon Dance|p1a: Dragonite
|-boost|p1a: Dragonite|atk|1
|-boost|p1a: Dragonite|spe|1
|
|upkeep
|turn|20
|
|t:|1779567644
|-terastallize|p1a: Dragonite|Normal
|move|p2a: Gulpenheimer|Icy Wind|p1a: Dragonite|[miss]
|-miss|p2a: Gulpenheimer|p1a: Dragonite
|move|p1a: Dragonite|Roost|p1a: Dragonite
|-heal|p1a: Dragonite|75/100
|
|upkeep
|turn|21
|inactive|Elite Four Ozzy has 30 seconds left.
|
|t:|1779567660
|move|p2a: Gulpenheimer|Icy Wind|p1a: Dragonite
|-damage|p1a: Dragonite|62/100
|-unboost|p1a: Dragonite|spe|1
|move|p1a: Dragonite|Earthquake|p2a: Gulpenheimer
|-damage|p2a: Gulpenheimer|0 fnt
|faint|p2a: Gulpenheimer
|
|upkeep
|
|t:|1779567668
|switch|p2a: Protorious B.I.G.|Great Tusk|100/100
|-enditem|p2a: Protorious B.I.G.|Booster Energy
|-activate|p2a: Protorious B.I.G.|ability: Protosynthesis|[fromitem]
|-start|p2a: Protorious B.I.G.|protosynthesisatk
|turn|22
|inactive|Elite Four Ozzy has 30 seconds left.
|
|t:|1779567691
|switch|p1a: Gholdengo|Gholdengo|59/100 par
|-damage|p1a: Gholdengo|53/100 par|[from] Stealth Rock
|move|p2a: Protorious B.I.G.|Close Combat|p1a: Gholdengo
|-immune|p1a: Gholdengo
|
|upkeep
|turn|23
|inactive|Elite Four Ozzy has 30 seconds left.
|
|t:|1779567697
|move|p2a: Protorious B.I.G.|Headlong Rush|p1a: Gholdengo
|-supereffective|p1a: Gholdengo
|-damage|p1a: Gholdengo|0 fnt
|-unboost|p2a: Protorious B.I.G.|def|1
|-unboost|p2a: Protorious B.I.G.|spd|1
|faint|p1a: Gholdengo
|
|upkeep
|inactive|Elite Four Ozzy has 30 seconds left.
|
|t:|1779567703
|switch|p1a: Dragapult|Dragapult, F|100/100
|-damage|p1a: Dragapult|88/100|[from] Stealth Rock
|turn|24
|inactive|Elite Four Ozzy has 30 seconds left.
|
|t:|1779567716
|-end|p2a: Protorious B.I.G.|Protosynthesis|[silent]
|switch|p2a: Magic Bounce on It|Hatterene, F|50/100
|move|p1a: Dragapult|Draco Meteor|p2a: Magic Bounce on It
|-immune|p2a: Magic Bounce on It
|
|upkeep
|turn|25
|
|t:|1779567726
|move|p1a: Dragapult|Hex|p2a: Magic Bounce on It
|-supereffective|p2a: Magic Bounce on It
|-damage|p2a: Magic Bounce on It|15/100
|move|p2a: Magic Bounce on It|Nuzzle|p1a: Dragapult
|-resisted|p1a: Dragapult
|-damage|p1a: Dragapult|86/100
|-status|p1a: Dragapult|par
|
|upkeep
|turn|26
|inactive|Elite Four Ozzy has 30 seconds left.
|inactive|Elite Four Ozzy has 20 seconds left.
|inactive|Elite Four Ozzy has 15 seconds left.
|inactive|Elite Four Ozzy has 10 seconds left.
|inactive|Elite Four Ozzy has 5 seconds left.
|-message|Elite Four Ozzy lost due to inactivity.
|
|win|mmm... beer
|raw|Elite Four Ozzy's rating: 1486 &rarr; <strong>1466</strong><br />(-20 for losing)
|raw|mmm... beer's rating: 1493 &rarr; <strong>1513</strong><br />(+20 for winning)
