|j|☆FP.//06
|j|☆TWENNY7
|t:|1779684278
|gametype|singles
|player|p1|FP.//06|lucas|1487
|player|p2|TWENNY7|hau-stance|1480
|gen|9
|tier|[Gen 9] OU
|rated|
|rule|HP Percentage Mod: HP is shown in percentages
|rule|Endless Battle Clause: Forcing endless battles is banned
|rule|Species Clause: Limit one of each Pokémon
|rule|OHKO Clause: OHKO moves are banned
|rule|Evasion Items Clause: Evasion items are banned
|rule|Evasion Moves Clause: Evasion moves are banned
|rule|Evasion Abilities Clause: Evasion abilities are banned
|rule|Sleep Moves Clause: Sleep-inducing moves are banned
|clearpoke
|poke|p1|Landorus-Therian, M|
|poke|p1|Glimmora, F|
|poke|p1|Zamazenta-*|
|poke|p1|Gholdengo|
|poke|p1|Kyurem|
|poke|p1|Kingambit, F|
|poke|p2|Iron Valiant|
|poke|p2|Tyranitar, M|
|poke|p2|Zapdos|
|poke|p2|Darkrai|
|poke|p2|Okidogi, M|
|poke|p2|Dragonite, F|
|teampreview
|inactive|Battle timer is ON: inactive players will automatically lose when time's up. (requested by FP.//06)
|inactive|FP.//06 has 120 seconds left.
|
|t:|1779684315
|teamsize|p1|6
|teamsize|p2|6
|start
|switch|p1a: Landorus|Landorus-Therian, M|100/100
|switch|p2a: NITE NITE|Dragonite, F|100/100
|-ability|p1a: Landorus|Intimidate|boost
|-unboost|p2a: NITE NITE|atk|1
|turn|1
|
|t:|1779684323
|move|p1a: Landorus|Taunt|p2a: NITE NITE
|-start|p2a: NITE NITE|move: Taunt
|cant|p2a: NITE NITE|move: Taunt|Dragon Dance
|
|upkeep
|turn|2
|
|t:|1779684329
|switch|p2a: CODE:red|Tyranitar, M, shiny|100/100
|-weather|Sandstorm|[from] ability: Sand Stream|[of] p2a: CODE:red
|move|p1a: Landorus|Stealth Rock|p2a: CODE:red
|-sidestart|p2: TWENNY7|move: Stealth Rock
|
|-weather|Sandstorm|[upkeep]
|upkeep
|turn|3
|
|t:|1779684336
|-terastallize|p2a: CODE:red|Ghost
|move|p1a: Landorus|U-turn|p2a: CODE:red
|-resisted|p2a: CODE:red
|-damage|p2a: CODE:red|93/100
|-enditem|p2a: CODE:red|Red Card|[of] p1a: Landorus
|drag|p1a: Zamazenta|Zamazenta|100/100
|-ability|p1a: Zamazenta|Dauntless Shield|boost
|-boost|p1a: Zamazenta|def|1
|move|p2a: CODE:red|Stealth Rock|p1a: Zamazenta
|-sidestart|p1: FP.//06|move: Stealth Rock
|
|-weather|Sandstorm|[upkeep]
|-damage|p1a: Zamazenta|94/100|[from] Sandstorm
|-damage|p2a: CODE:red|86/100|[from] Sandstorm
|-heal|p1a: Zamazenta|100/100|[from] item: Leftovers
|upkeep
|turn|4
|
|t:|1779684341
|switch|p1a: Glimmora|Glimmora, F|100/100
|-damage|p1a: Glimmora|88/100|[from] Stealth Rock
|move|p2a: CODE:red|Roar|p1a: Glimmora
|drag|p1a: Kingambit|Kingambit, F|100/100
|-damage|p1a: Kingambit|94/100|[from] Stealth Rock
|
|-weather|Sandstorm|[upkeep]
|-damage|p2a: CODE:red|80/100|[from] Sandstorm
|-heal|p1a: Kingambit|100/100|[from] item: Leftovers
|upkeep
|turn|5
|
|t:|1779684344
|-end|p1a: Kingambit|fallenundefined|[silent]
|switch|p1a: Glimmora|Glimmora, F|88/100
|-damage|p1a: Glimmora|76/100|[from] Stealth Rock
|move|p2a: CODE:red|Roar|p1a: Glimmora
|drag|p1a: Gholdengo|Gholdengo|100/100
|-damage|p1a: Gholdengo|94/100|[from] Stealth Rock
|-item|p1a: Gholdengo|Air Balloon
|
|-weather|Sandstorm|[upkeep]
|-damage|p2a: CODE:red|74/100|[from] Sandstorm
|upkeep
|turn|6
|
|t:|1779684346
|switch|p1a: Glimmora|Glimmora, F|76/100
|-damage|p1a: Glimmora|63/100|[from] Stealth Rock
|move|p2a: CODE:red|Knock Off|p1a: Glimmora
|-damage|p1a: Glimmora|12/100
|-activate|p1a: Glimmora|ability: Toxic Debris
|-sidestart|p2: TWENNY7|move: Toxic Spikes
|-enditem|p1a: Glimmora|Choice Scarf|[from] move: Knock Off|[of] p2a: CODE:red
|
|-weather|none
|upkeep
|turn|7
|
|t:|1779684350
|move|p1a: Glimmora|Mortal Spin|p2a: CODE:red
|-resisted|p2a: CODE:red
|-damage|p2a: CODE:red|72/100
|-status|p2a: CODE:red|psn
|-sideend|p1: FP.//06|Stealth Rock|[from] move: Mortal Spin|[of] p1a: Glimmora
|move|p2a: CODE:red|Roar|p1a: Glimmora
|drag|p1a: Zamazenta|Zamazenta|100/100
|
|-damage|p2a: CODE:red|59/100 psn|[from] psn
|upkeep
|turn|8
|
|t:|1779684353
|move|p1a: Zamazenta|Crunch|p2a: CODE:red
|-supereffective|p2a: CODE:red
|-damage|p2a: CODE:red|25/100 psn
|move|p2a: CODE:red|Stealth Rock|p1a: Zamazenta
|-sidestart|p1: FP.//06|move: Stealth Rock
|
|-damage|p2a: CODE:red|13/100 psn|[from] psn
|upkeep
|turn|9
|
|t:|1779684360
|switch|p2a: CASPER|Okidogi, M|100/100
|-damage|p2a: CASPER|94/100|[from] Stealth Rock
|-sideend|p2: TWENNY7|move: Toxic Spikes|[of] p2a: CASPER
|move|p1a: Zamazenta|Crunch|p2a: CASPER
|-resisted|p2a: CASPER
|-damage|p2a: CASPER|84/100
|
|-heal|p2a: CASPER|90/100|[from] item: Leftovers
|upkeep
|turn|10
|
|t:|1779684366
|move|p1a: Zamazenta|Iron Defense|p1a: Zamazenta
|-boost|p1a: Zamazenta|def|2
|move|p2a: CASPER|Bulk Up|p2a: CASPER
|-boost|p2a: CASPER|atk|1
|-boost|p2a: CASPER|def|1
|
|-heal|p2a: CASPER|96/100|[from] item: Leftovers
|upkeep
|turn|11
|
|t:|1779684373
|switch|p1a: Landorus|Landorus-Therian, M|100/100
|-damage|p1a: Landorus|88/100|[from] Stealth Rock
|-ability|p1a: Landorus|Intimidate|boost
|-ability|p2a: CASPER|Guard Dog|boost
|-boost|p2a: CASPER|atk|1
|move|p2a: CASPER|Knock Off|p1a: Landorus
|-damage|p1a: Landorus|32/100
|-damage|p2a: CASPER|79/100|[from] item: Rocky Helmet|[of] p1a: Landorus
|-enditem|p1a: Landorus|Rocky Helmet|[from] move: Knock Off|[of] p2a: CASPER
|
|-heal|p2a: CASPER|86/100|[from] item: Leftovers
|upkeep
|turn|12
|
|t:|1779684383
|move|p1a: Landorus|Earth Power|p2a: CASPER
|-supereffective|p2a: CASPER
|-damage|p2a: CASPER|27/100
|move|p2a: CASPER|Ice Punch|p1a: Landorus
|-supereffective|p1a: Landorus
|-damage|p1a: Landorus|0 fnt
|faint|p1a: Landorus
|
|-heal|p2a: CASPER|34/100|[from] item: Leftovers
|upkeep
|
|t:|1779684391
|switch|p1a: Kyurem|Kyurem|100/100
|-damage|p1a: Kyurem|76/100|[from] Stealth Rock
|-ability|p1a: Kyurem|Pressure
|turn|13
|
|t:|1779684395
|switch|p2a: CODE:red|Tyranitar, M, shiny, tera:Ghost|13/100 psn
|-damage|p2a: CODE:red|0 fnt|[from] Stealth Rock
|faint|p2a: CODE:red
|move|p1a: Kyurem|Freeze-Dry|p2: CODE:red|[notarget]
|-fail|p1a: Kyurem
|
|upkeep
|
|t:|1779684408
|switch|p2a: RUNE 2H|Iron Valiant|100/100
|-damage|p2a: RUNE 2H|94/100|[from] Stealth Rock
|turn|14
|
|t:|1779684412
|-terastallize|p1a: Kyurem|Ghost
|move|p2a: RUNE 2H|Psyshock|p1a: Kyurem
|-damage|p1a: Kyurem|40/100
|move|p1a: Kyurem|Dragon Dance|p1a: Kyurem
|-boost|p1a: Kyurem|atk|1
|-boost|p1a: Kyurem|spe|1
|
|upkeep
|turn|15
|
|t:|1779684422
|-end|p2a: RUNE 2H|Quark Drive|[silent]
|switch|p2a: CASPER|Okidogi, M|34/100
|-damage|p2a: CASPER|27/100|[from] Stealth Rock
|move|p1a: Kyurem|Icicle Spear|p2a: CASPER
|-crit|p2a: CASPER
|-damage|p2a: CASPER|4/100
|-damage|p2a: CASPER|0 fnt
|faint|p2a: CASPER
|-hitcount|p2: CASPER|2
|
|upkeep
|
|t:|1779684425
|switch|p2a: Zzz|Darkrai|100/100
|-damage|p2a: Zzz|88/100|[from] Stealth Rock
|turn|16
|
|t:|1779684428
|move|p2a: Zzz|Dark Pulse|p1a: Kyurem
|-supereffective|p1a: Kyurem
|-damage|p1a: Kyurem|0 fnt
|faint|p1a: Kyurem
|
|upkeep
|
|t:|1779684430
|switch|p1a: Zamazenta|Zamazenta|100/100
|-damage|p1a: Zamazenta|94/100|[from] Stealth Rock
|turn|17
|
|t:|1779684434
|switch|p2a: SHOXY|Zapdos|100/100
|-damage|p2a: SHOXY|76/100|[from] Stealth Rock
|move|p1a: Zamazenta|Iron Defense|p1a: Zamazenta
|-boost|p1a: Zamazenta|def|2
|
|-heal|p1a: Zamazenta|100/100|[from] item: Leftovers
|upkeep
|turn|18
|
|t:|1779684440
|move|p1a: Zamazenta|Body Press|p2a: SHOXY
|-resisted|p2a: SHOXY
|-damage|p2a: SHOXY|30/100
|-status|p1a: Zamazenta|par|[from] ability: Static|[of] p2a: SHOXY
|move|p2a: SHOXY|Hurricane|p1a: Zamazenta
|-supereffective|p1a: Zamazenta
|-damage|p1a: Zamazenta|0 fnt
|faint|p1a: Zamazenta
|
|upkeep
|
|t:|1779684443
|switch|p1a: Kingambit|Kingambit, F|100/100
|-damage|p1a: Kingambit|94/100|[from] Stealth Rock
|-activate|p1a: Kingambit|ability: Supreme Overlord
|-start|p1a: Kingambit|fallen3|[silent]
|turn|19
|
|t:|1779684446
|switch|p2a: NITE NITE|Dragonite, F|100/100
|-damage|p2a: NITE NITE|76/100|[from] Stealth Rock
|move|p1a: Kingambit|Sucker Punch||[still]
|-fail|p1a: Kingambit
|
|-heal|p1a: Kingambit|100/100|[from] item: Leftovers
|upkeep
|turn|20
|
|t:|1779684449
|move|p2a: NITE NITE|Encore|p1a: Kingambit
|-start|p1a: Kingambit|Encore
|move|p1a: Kingambit|Sucker Punch||[still]
|-fail|p1a: Kingambit
|
|upkeep
|turn|21
|
|t:|1779684452
|-end|p1a: Kingambit|fallen3|[silent]
|switch|p1a: Glimmora|Glimmora, F|12/100
|-damage|p1a: Glimmora|0 fnt|[from] Stealth Rock
|faint|p1a: Glimmora
|move|p2a: NITE NITE|Dragon Dance|p2a: NITE NITE
|-boost|p2a: NITE NITE|atk|1
|-boost|p2a: NITE NITE|spe|1
|
|upkeep
|
|t:|1779684454
|switch|p1a: Gholdengo|Gholdengo|94/100
|-damage|p1a: Gholdengo|88/100|[from] Stealth Rock
|-item|p1a: Gholdengo|Air Balloon
|turn|22
|
|t:|1779684457
|move|p2a: NITE NITE|Fire Punch|p1a: Gholdengo
|-supereffective|p1a: Gholdengo
|-crit|p1a: Gholdengo
|-damage|p1a: Gholdengo|0 fnt
|-enditem|p1a: Gholdengo|Air Balloon
|faint|p1a: Gholdengo
|
|upkeep
|-message|FP.//06 forfeited.
|
|win|TWENNY7
|raw|FP.&#x2f;&#x2f;06's rating: 1487 &rarr; <strong>1467</strong><br />(-20 for losing)
|raw|TWENNY7's rating: 1480 &rarr; <strong>1500</strong><br />(+20 for winning)
|l|☆FP.//06
|player|p1|
|l|☆TWENNY7
|player|p2|
