|badge|p1|silver|gen9ou|30-9
|uhtml|medal-msg|<div class="broadcast-blue">Curious what those medals under the avatar are? PS now has Ladder Seasons! For more information, check out the <a href="https://www.smogon.com/forums/threads/3740067/">thread on Smogon.</a></div>
|badge|p2|silver|gen9ou|30-9
|uhtml|medal-msg|<div class="broadcast-blue">Curious what those medals under the avatar are? PS now has Ladder Seasons! For more information, check out the <a href="https://www.smogon.com/forums/threads/3740067/">thread on Smogon.</a></div>
|j|☆slitherwing ily
|j|☆RobinaAddMyPalFuwa
|t:|1779583373
|gametype|singles
|player|p1|slitherwing ily|iono-masters|1753
|player|p2|RobinaAddMyPalFuwa|skyla|1926
|gen|9
|tier|[Gen 9] OU
|rated|
|rule|HP Percentage Mod: HP is shown in percentages
|rule|Endless Battle Clause: Forcing endless battles is banned
|rule|Species Clause: Limit one of each Pokémon
|rule|OHKO Clause: OHKO moves are banned
|rule|Evasion Items Clause: Evasion items are banned
|rule|Evasion Moves Clause: Evasion moves are banned
|rule|Evasion Abilities Clause: Evasion abilities are banned
|rule|Sleep Moves Clause: Sleep-inducing moves are banned
|clearpoke
|poke|p1|Great Tusk|
|poke|p1|Kingambit, M|
|poke|p1|Raging Bolt|
|poke|p1|Walking Wake|
|poke|p1|Ninetales, F|
|poke|p1|Ceruledge, F|
|poke|p2|Pelipper, L99, F|
|poke|p2|Barraskewda, F|
|poke|p2|Raging Bolt|
|poke|p2|Golduck, M|
|poke|p2|Pawmot, F|
|poke|p2|Tentacruel, F|
|teampreview
|j| Concept Everything
|j| Shirao Eri
|c|☆slitherwing ily|hf
|j| Inothtunothtino
|c|☆RobinaAddMyPalFuwa|Same to you
|
|t:|1779583390
|teamsize|p1|6
|teamsize|p2|6
|start
|switch|p1a: Resevoir slogs|Walking Wake|100/100
|switch|p2a: Spaghetti Too|Tentacruel, F|100/100
|turn|1
|
|t:|1779583392
|move|p1a: Resevoir slogs|Flip Turn|p2a: Spaghetti Too
|-resisted|p2a: Spaghetti Too
|-damage|p2a: Spaghetti Too|87/100
|
|t:|1779583404
|-end|p1a: Resevoir slogs|Protosynthesis|[silent]
|switch|p1a: Angry Nut|Raging Bolt|100/100|[from] Flip Turn
|-item|p1a: Angry Nut|Air Balloon
|move|p2a: Spaghetti Too|Poison Jab|p1a: Angry Nut
|-damage|p1a: Angry Nut|81/100
|-status|p1a: Angry Nut|psn
|-enditem|p1a: Angry Nut|Air Balloon
|
|-damage|p1a: Angry Nut|69/100 psn|[from] psn
|upkeep
|turn|2
|
|t:|1779583414
|-end|p1a: Angry Nut|Protosynthesis|[silent]
|switch|p1a: Resevoir slogs|Walking Wake|100/100
|move|p2a: Spaghetti Too|Mirror Coat||[still]
|-fail|p2a: Spaghetti Too
|
|upkeep
|turn|3
|
|t:|1779583418
|move|p1a: Resevoir slogs|Flip Turn|p2a: Spaghetti Too
|-resisted|p2a: Spaghetti Too
|-damage|p2a: Spaghetti Too|74/100
|
|t:|1779583420
|-end|p1a: Resevoir slogs|Protosynthesis|[silent]
|switch|p1a: nah i'd spin|Great Tusk|100/100|[from] Flip Turn
|move|p2a: Spaghetti Too|Flip Turn|p1a: nah i'd spin
|-supereffective|p1a: nah i'd spin
|-damage|p1a: nah i'd spin|78/100
|
|t:|1779583425
|switch|p2a: Seaking Duck|Golduck, M|100/100|[from] Flip Turn
|
|upkeep
|turn|4
|
|t:|1779583433
|-terastallize|p1a: nah i'd spin|Fighting
|move|p2a: Seaking Duck|Hydro Pump|p1a: nah i'd spin
|-damage|p1a: nah i'd spin|17/100
|-damage|p2a: Seaking Duck|91/100|[from] item: Life Orb
|move|p1a: nah i'd spin|Close Combat|p2a: Seaking Duck
|-damage|p2a: Seaking Duck|0 fnt
|-unboost|p1a: nah i'd spin|def|1
|-unboost|p1a: nah i'd spin|spd|1
|faint|p2a: Seaking Duck
|
|upkeep
|
|t:|1779583436
|switch|p2a: ExSkewda Me|Barraskewda, F|100/100
|turn|5
|
|t:|1779583440
|-end|p1a: nah i'd spin|Protosynthesis|[silent]
|switch|p1a: Resevoir slogs|Walking Wake|100/100
|move|p2a: ExSkewda Me|Flip Turn|p1a: Resevoir slogs
|-resisted|p1a: Resevoir slogs
|-damage|p1a: Resevoir slogs|89/100
|
|t:|1779583444
|switch|p2a: Spaghetti Too|Tentacruel, F|74/100|[from] Flip Turn
|
|upkeep
|turn|6
|
|t:|1779583451
|move|p1a: Resevoir slogs|Draco Meteor|p2a: Spaghetti Too
|-damage|p2a: Spaghetti Too|47/100
|-unboost|p1a: Resevoir slogs|spa|2
|move|p2a: Spaghetti Too|Poison Jab|p1a: Resevoir slogs
|-damage|p1a: Resevoir slogs|67/100
|
|upkeep
|turn|7
|j| star pilots
|
|t:|1779583454
|move|p1a: Resevoir slogs|Flip Turn|p2a: Spaghetti Too
|-resisted|p2a: Spaghetti Too
|-damage|p2a: Spaghetti Too|34/100
|l| Shirao Eri
|
|t:|1779583458
|-end|p1a: Resevoir slogs|Protosynthesis|[silent]
|switch|p1a: 2.f4|Kingambit, M|100/100|[from] Flip Turn
|-item|p1a: 2.f4|Air Balloon
|move|p2a: Spaghetti Too|Flip Turn|p1a: 2.f4
|-damage|p1a: 2.f4|88/100
|-enditem|p1a: 2.f4|Air Balloon
|
|t:|1779583461
|switch|p2a: Ghoti carrier|Pelipper, L99, F|100/100|[from] Flip Turn
|-weather|RainDance|[from] ability: Drizzle|[of] p2a: Ghoti carrier
|
|-weather|RainDance|[upkeep]
|upkeep
|turn|8
|
|t:|1779583463
|-end|p1a: 2.f4|fallenundefined|[silent]
|switch|p1a: Naruto|Ninetales, F|100/100
|-weather|SunnyDay|[from] ability: Drought|[of] p1a: Naruto
|move|p2a: Ghoti carrier|U-turn|p1a: Naruto
|-resisted|p1a: Naruto
|-damage|p1a: Naruto|94/100
|
|t:|1779583466
|switch|p2a: ExSkewda Me|Barraskewda, F|100/100|[from] U-turn
|
|-weather|SunnyDay|[upkeep]
|upkeep
|turn|9
|
|t:|1779583469
|switch|p1a: Resevoir slogs|Walking Wake|67/100
|-activate|p1a: Resevoir slogs|ability: Protosynthesis
|-start|p1a: Resevoir slogs|protosynthesisspe
|move|p2a: ExSkewda Me|Flip Turn|p1a: Resevoir slogs
|-resisted|p1a: Resevoir slogs
|-damage|p1a: Resevoir slogs|62/100
|j| Eternity o2
|
|t:|1779583487
|switch|p2a: Great Neck|Raging Bolt|100/100|[from] Flip Turn
|-activate|p2a: Great Neck|ability: Protosynthesis
|-start|p2a: Great Neck|protosynthesisspa
|
|-weather|SunnyDay|[upkeep]
|upkeep
|turn|10
|
|t:|1779583501
|-end|p1a: Resevoir slogs|Protosynthesis|[silent]
|switch|p1a: Red judas|Ceruledge, F|100/100
|-item|p1a: Red judas|Air Balloon
|move|p2a: Great Neck|Thunderclap||[still]
|-fail|p2a: Great Neck
|
|-weather|SunnyDay|[upkeep]
|upkeep
|turn|11
|
|t:|1779583505
|move|p2a: Great Neck|Draco Meteor|p1a: Red judas
|-damage|p1a: Red judas|0 fnt
|-unboost|p2a: Great Neck|spa|2
|-enditem|p1a: Red judas|Air Balloon
|faint|p1a: Red judas
|
|-weather|SunnyDay|[upkeep]
|upkeep
|
|t:|1779583513
|switch|p1a: Resevoir slogs|Walking Wake|62/100
|-activate|p1a: Resevoir slogs|ability: Protosynthesis
|-start|p1a: Resevoir slogs|protosynthesisspe
|turn|12
|
|t:|1779583516
|-terastallize|p2a: Great Neck|Fairy
|move|p1a: Resevoir slogs|Hydro Steam|p2a: Great Neck
|-damage|p2a: Great Neck|31/100
|move|p2a: Great Neck|Draco Meteor|p1a: Resevoir slogs
|-supereffective|p1a: Resevoir slogs
|-damage|p1a: Resevoir slogs|0 fnt
|-unboost|p2a: Great Neck|spa|2
|faint|p1a: Resevoir slogs
|-end|p1a: Resevoir slogs|Protosynthesis|[silent]
|
|-weather|SunnyDay|[upkeep]
|-heal|p2a: Great Neck|37/100|[from] item: Leftovers
|upkeep
|
|t:|1779583521
|switch|p1a: 2.f4|Kingambit, M|88/100
|-activate|p1a: 2.f4|ability: Supreme Overlord
|-start|p1a: 2.f4|fallen2|[silent]
|turn|13
|
|t:|1779583524
|-end|p2a: Great Neck|Protosynthesis|[silent]
|switch|p2a: Really want eject|Pawmot, F|100/100
|move|p1a: 2.f4|Kowtow Cleave|p2a: Really want eject
|-resisted|p2a: Really want eject
|-damage|p2a: Really want eject|63/100
|
|-weather|SunnyDay|[upkeep]
|upkeep
|turn|14
|
|t:|1779583528
|move|p2a: Really want eject|Close Combat|p1a: 2.f4
|-supereffective|p1a: 2.f4
|-damage|p1a: 2.f4|0 fnt
|-unboost|p2a: Really want eject|def|1
|-unboost|p2a: Really want eject|spd|1
|faint|p1a: 2.f4
|-end|p1a: 2.f4|fallen2|[silent]
|
|-weather|SunnyDay|[upkeep]
|upkeep
|
|t:|1779583532
|switch|p1a: Naruto|Ninetales, F|94/100
|turn|15
|
|t:|1779583537
|switch|p2a: Ghoti carrier|Pelipper, L99, F|100/100
|-weather|RainDance|[from] ability: Drizzle|[of] p2a: Ghoti carrier
|move|p1a: Naruto|Overheat|p2a: Ghoti carrier
|-resisted|p2a: Ghoti carrier
|-damage|p2a: Ghoti carrier|82/100
|-unboost|p1a: Naruto|spa|2
|
|-weather|RainDance|[upkeep]
|upkeep
|turn|16
|
|t:|1779583539
|move|p1a: Naruto|Healing Wish|p1a: Naruto
|faint|p1a: Naruto
|move|p2a: Ghoti carrier|U-turn|p1: Naruto|[notarget]
|-fail|p2a: Ghoti carrier
|
|-weather|RainDance|[upkeep]
|upkeep
|
|t:|1779583544
|switch|p1a: Angry Nut|Raging Bolt|69/100 psn
|-heal|p1a: Angry Nut|100/100|[from] move: Healing Wish
|turn|17
|
|t:|1779583554
|switch|p2a: Great Neck|Raging Bolt, tera:Fairy|37/100
|move|p1a: Angry Nut|Weather Ball|p2a: Great Neck
|-damage|p2a: Great Neck|0 fnt
|faint|p2a: Great Neck
|-end|p2a: Great Neck|Protosynthesis|[silent]
|
|-weather|RainDance|[upkeep]
|upkeep
|
|t:|1779583555
|switch|p2a: Really want eject|Pawmot, F|63/100
|turn|18
|
|t:|1779583558
|switch|p2a: Spaghetti Too|Tentacruel, F|34/100
|move|p1a: Angry Nut|Weather Ball|p2a: Spaghetti Too
|-resisted|p2a: Spaghetti Too
|-damage|p2a: Spaghetti Too|23/100
|
|-weather|RainDance|[upkeep]
|-heal|p2a: Spaghetti Too|29/100|[from] ability: Rain Dish
|upkeep
|turn|19
|
|t:|1779583565
|move|p1a: Angry Nut|Weather Ball|p2a: Spaghetti Too
|-resisted|p2a: Spaghetti Too
|-damage|p2a: Spaghetti Too|16/100
|move|p2a: Spaghetti Too|Mirror Coat|p1a: Angry Nut
|-damage|p1a: Angry Nut|78/100
|
|-weather|RainDance|[upkeep]
|-heal|p2a: Spaghetti Too|22/100|[from] ability: Rain Dish
|upkeep
|turn|20
|
|t:|1779583568
|move|p1a: Angry Nut|Thunderbolt|p2a: Spaghetti Too
|-supereffective|p2a: Spaghetti Too
|-damage|p2a: Spaghetti Too|0 fnt
|faint|p2a: Spaghetti Too
|
|-weather|RainDance|[upkeep]
|upkeep
|
|t:|1779583570
|switch|p2a: Really want eject|Pawmot, F|63/100
|turn|21
|
|t:|1779583572
|-end|p1a: Angry Nut|Protosynthesis|[silent]
|switch|p1a: nah i'd spin|Great Tusk, tera:Fighting|17/100
|move|p2a: Really want eject|Encore||[still]
|-fail|p2a: Really want eject
|
|-weather|RainDance|[upkeep]
|upkeep
|turn|22
|
|t:|1779583575
|move|p2a: Really want eject|Close Combat|p1a: nah i'd spin
|-damage|p1a: nah i'd spin|0 fnt
|-unboost|p2a: Really want eject|def|1
|-unboost|p2a: Really want eject|spd|1
|faint|p1a: nah i'd spin
|-end|p1a: nah i'd spin|Protosynthesis|[silent]
|
|-weather|none
|upkeep
|
|t:|1779583577
|switch|p1a: Angry Nut|Raging Bolt|78/100
|turn|23
|
|t:|1779583582
|switch|p2a: Ghoti carrier|Pelipper, L99, F|82/100
|-weather|RainDance|[from] ability: Drizzle|[of] p2a: Ghoti carrier
|move|p1a: Angry Nut|Weather Ball|p2a: Ghoti carrier
|-resisted|p2a: Ghoti carrier
|-damage|p2a: Ghoti carrier|41/100
|
|-weather|RainDance|[upkeep]
|upkeep
|turn|24
|
|t:|1779583590
|move|p1a: Angry Nut|Weather Ball|p2a: Ghoti carrier
|-resisted|p2a: Ghoti carrier
|-crit|p2a: Ghoti carrier
|-damage|p2a: Ghoti carrier|0 fnt
|faint|p2a: Ghoti carrier
|
|-weather|RainDance|[upkeep]
|upkeep
|
|t:|1779583605
|switch|p2a: ExSkewda Me|Barraskewda, F|100/100
|turn|25
|c|☆slitherwing ily|gg
|
|t:|1779583614
|move|p1a: Angry Nut|Thunderclap|p2a: ExSkewda Me
|-supereffective|p2a: ExSkewda Me
|-damage|p2a: ExSkewda Me|0 fnt
|faint|p2a: ExSkewda Me
|
|-weather|RainDance|[upkeep]
|upkeep
|
|t:|1779583617
|switch|p2a: Really want eject|Pawmot, F|63/100
|turn|26
|c|☆RobinaAddMyPalFuwa|gg
|
|t:|1779583620
|move|p2a: Really want eject|Encore|p1a: Angry Nut
|-start|p1a: Angry Nut|Encore
|move|p1a: Angry Nut|Thunderclap||[still]
|-fail|p1a: Angry Nut
|
|-weather|RainDance|[upkeep]
|upkeep
|turn|27
|
|t:|1779583623
|move|p1a: Angry Nut|Thunderclap|p2a: Really want eject
|-heal|p2a: Really want eject|88/100|[from] ability: Volt Absorb|[of] p1a: Angry Nut
|move|p2a: Really want eject|Close Combat|p1a: Angry Nut
|-damage|p1a: Angry Nut|38/100
|-unboost|p2a: Really want eject|def|1
|-unboost|p2a: Really want eject|spd|1
|
|-weather|RainDance|[upkeep]
|upkeep
|turn|28
|
|t:|1779583624
|move|p1a: Angry Nut|Thunderclap|p2a: Really want eject
|-heal|p2a: Really want eject|100/100|[from] ability: Volt Absorb|[of] p1a: Angry Nut
|move|p2a: Really want eject|Close Combat|p1a: Angry Nut
|-damage|p1a: Angry Nut|0 fnt
|-unboost|p2a: Really want eject|def|1
|-unboost|p2a: Really want eject|spd|1
|faint|p1a: Angry Nut
|-end|p1a: Angry Nut|Protosynthesis|[silent]
|
|win|RobinaAddMyPalFuwa
|raw|slitherwing ily's rating: 1753 &rarr; <strong>1742</strong><br />(-11 for losing)
|raw|RobinaAddMyPalFuwa's rating: 1926 &rarr; <strong>1937</strong><br />(+11 for winning)
|l|☆slitherwing ily
|player|p1|
