|j|☆meeeega ^-^
|j|☆flaresun3
|t:|1779645614
|gametype|singles
|player|p1|meeeega ^-^|canari|1174
|player|p2|flaresun3|shadowtriad|1212
|gen|9
|tier|[Gen 9] OU
|rated|
|rule|HP Percentage Mod: HP is shown in percentages
|rule|Endless Battle Clause: Forcing endless battles is banned
|rule|Species Clause: Limit one of each Pokémon
|rule|OHKO Clause: OHKO moves are banned
|rule|Evasion Items Clause: Evasion items are banned
|rule|Evasion Moves Clause: Evasion moves are banned
|rule|Evasion Abilities Clause: Evasion abilities are banned
|rule|Sleep Moves Clause: Sleep-inducing moves are banned
|clearpoke
|poke|p1|Zoroark-Hisui, F|
|poke|p1|Galvantula, F|
|poke|p1|Grimmsnarl, M|
|poke|p1|Uxie|
|poke|p1|Bisharp, M|
|poke|p1|Hoopa-Unbound|
|poke|p2|Cinderace, M|
|poke|p2|Primarina, F|
|poke|p2|Whimsicott, F|
|poke|p2|Perrserker, M|
|poke|p2|Pawmot, M|
|poke|p2|Espeon, M|
|teampreview
|inactive|Battle timer is ON: inactive players will automatically lose when time's up. (requested by flaresun3)
|
|t:|1779645624
|teamsize|p1|6
|teamsize|p2|6
|start
|switch|p1a: Grimmsnarl|Grimmsnarl, M|100/100
|switch|p2a: Magna|Cinderace, M|100/100
|turn|1
|
|t:|1779645632
|move|p1a: Grimmsnarl|Fake Out|p2a: Magna
|-damage|p2a: Magna|86/100
|cant|p2a: Magna|flinch
|
|upkeep
|turn|2
|
|t:|1779645636
|move|p1a: Grimmsnarl|Reflect|p1a: Grimmsnarl
|-sidestart|p1: meeeega ^-^|Reflect
|move|p2a: Magna|Pyro Ball|p1a: Grimmsnarl
|-crit|p1a: Grimmsnarl
|-damage|p1a: Grimmsnarl|0 fnt
|faint|p1a: Grimmsnarl
|
|upkeep
|
|t:|1779645648
|switch|p1a: Uxie|Uxie, shiny|100/100
|turn|3
|
|t:|1779645653
|move|p2a: Magna|U-turn|p1a: Uxie
|-start|p2a: Magna|typechange|Bug|[from] ability: Libero
|-supereffective|p1a: Uxie
|-damage|p1a: Uxie|73/100
|-damage|p2a: Magna|69/100|[from] item: Rocky Helmet|[of] p1a: Uxie
|
|t:|1779645658
|switch|p2a: Noelle|Primarina, F|100/100|[from] U-turn
|move|p1a: Uxie|Thunder Wave|p2a: Noelle
|-status|p2a: Noelle|par
|
|upkeep
|turn|4
|
|t:|1779645665
|move|p1a: Uxie|Stealth Rock|p2a: Noelle
|-sidestart|p2: flaresun3|move: Stealth Rock
|cant|p2a: Noelle|par
|
|upkeep
|turn|5
|
|t:|1779645686
|switch|p1a: Hoopa|Hoopa-Unbound|100/100
|move|p2a: Noelle|Light Screen|p2a: Noelle
|-sidestart|p2: flaresun3|move: Light Screen
|
|upkeep
|turn|6
|
|t:|1779645691
|move|p1a: Hoopa|Thunderbolt|p2a: Noelle
|-supereffective|p2a: Noelle
|-damage|p2a: Noelle|71/100 par
|move|p2a: Noelle|Reflect|p2a: Noelle
|-sidestart|p2: flaresun3|Reflect
|
|upkeep
|turn|7
|
|t:|1779645695
|move|p1a: Hoopa|Thunderbolt|p2a: Noelle
|-supereffective|p2a: Noelle
|-damage|p2a: Noelle|36/100 par
|move|p2a: Noelle|Moonblast|p1a: Hoopa
|-supereffective|p1a: Hoopa
|-damage|p1a: Hoopa|47/100
|-unboost|p1a: Hoopa|spa|1
|
|upkeep
|turn|8
|
|t:|1779645706
|switch|p1a: Bisharp|Bisharp, M|100/100
|-ability|p1a: Bisharp|Pressure
|move|p2a: Noelle|Moonblast|p1a: Bisharp
|-damage|p1a: Bisharp|63/100
|-unboost|p1a: Bisharp|spa|1
|
|upkeep
|turn|9
|
|t:|1779645713
|move|p1a: Bisharp|Protect|p1a: Bisharp
|-singleturn|p1a: Bisharp|Protect
|cant|p2a: Noelle|par
|
|-sideend|p1: meeeega ^-^|Reflect
|upkeep
|turn|10
|
|t:|1779645719
|move|p1a: Bisharp|Iron Head|p2a: Noelle
|-damage|p2a: Noelle|21/100 par
|cant|p2a: Noelle|flinch
|
|upkeep
|turn|11
|
|t:|1779645724
|move|p1a: Bisharp|Iron Head|p2a: Noelle
|-damage|p2a: Noelle|7/100 par
|move|p2a: Noelle|Moonblast|p1a: Bisharp
|-damage|p1a: Bisharp|21/100
|-unboost|p1a: Bisharp|spa|1
|
|upkeep
|turn|12
|
|t:|1779645730
|move|p1a: Bisharp|Iron Head|p2a: Noelle
|-damage|p2a: Noelle|0 fnt
|faint|p2a: Noelle
|
|-sideend|p2: flaresun3|move: Light Screen
|upkeep
|
|t:|1779645734
|switch|p2a: Luck|Pawmot, M|100/100
|-damage|p2a: Luck|94/100|[from] Stealth Rock
|turn|13
|
|t:|1779645740
|switch|p1a: Galvantula|Galvantula, F|100/100
|move|p2a: Luck|Mach Punch|p1a: Galvantula
|-resisted|p1a: Galvantula
|-damage|p1a: Galvantula|72/100
|-damage|p2a: Luck|84/100|[from] item: Life Orb
|
|-sideend|p2: flaresun3|Reflect
|upkeep
|turn|14
|
|t:|1779645743
|move|p1a: Galvantula|Sticky Web|p2a: Luck
|-sidestart|p2: flaresun3|move: Sticky Web
|move|p2a: Luck|Close Combat|p1a: Galvantula
|-resisted|p1a: Galvantula
|-damage|p1a: Galvantula|5/100
|-unboost|p2a: Luck|def|1
|-unboost|p2a: Luck|spd|1
|-damage|p2a: Luck|75/100|[from] item: Life Orb
|
|upkeep
|turn|15
|
|t:|1779645751
|move|p2a: Luck|Mach Punch|p1a: Galvantula
|-resisted|p1a: Galvantula
|-damage|p1a: Galvantula|0 fnt
|faint|p1a: Galvantula
|-damage|p2a: Luck|65/100|[from] item: Life Orb
|
|upkeep
|
|t:|1779645758
|switch|p1a: Hoopa|Hoopa-Unbound|100/100
|turn|16
|
|t:|1779645767
|switch|p2a: Gauche|Espeon, M|100/100
|-damage|p2a: Gauche|88/100|[from] Stealth Rock
|-activate|p2a: Gauche|move: Sticky Web
|-unboost|p2a: Gauche|spe|1
|move|p1a: Hoopa|Psychic|p2a: Gauche
|-resisted|p2a: Gauche
|-damage|p2a: Gauche|56/100
|
|upkeep
|turn|17
|
|t:|1779645776
|switch|p1a: Uxie|Uxie, shiny|73/100
|move|p2a: Gauche|Dazzling Gleam|p1a: Uxie
|-damage|p1a: Uxie|42/100
|
|upkeep
|turn|18
|
|t:|1779645782
|move|p1a: Uxie|Knock Off|p2a: Gauche
|-supereffective|p2a: Gauche
|-damage|p2a: Gauche|0 fnt
|-enditem|p2a: Gauche|Choice Specs|[from] move: Knock Off|[of] p1a: Uxie
|faint|p2a: Gauche
|
|upkeep
|
|t:|1779645787
|switch|p2a: Charmy|Whimsicott, F|100/100
|-damage|p2a: Charmy|88/100|[from] Stealth Rock
|-activate|p2a: Charmy|move: Sticky Web
|-unboost|p2a: Charmy|spe|1
|turn|19
|
|t:|1779645793
|move|p2a: Charmy|Tailwind|p2a: Charmy
|-sidestart|p2: flaresun3|move: Tailwind
|move|p1a: Uxie|Thunder Wave|p2a: Charmy
|-status|p2a: Charmy|par
|
|-heal|p2a: Charmy|94/100 par|[from] item: Leftovers
|upkeep
|turn|20
|
|t:|1779645800
|move|p1a: Uxie|Encore|p2a: Charmy
|-start|p2a: Charmy|Encore
|cant|p2a: Charmy|par
|
|-heal|p2a: Charmy|100/100 par|[from] item: Leftovers
|upkeep
|turn|21
|
|t:|1779645807
|switch|p1a: Hoopa|Hoopa-Unbound|100/100
|switch|p2a: Asta|Perrserker, M|100/100
|-damage|p2a: Asta|94/100|[from] Stealth Rock
|-activate|p2a: Asta|move: Sticky Web
|-unboost|p2a: Asta|spe|1
|
|upkeep
|turn|22
|
|t:|1779645819
|move|p1a: Hoopa|Flamethrower|p2a: Asta
|-supereffective|p2a: Asta
|-damage|p2a: Asta|0 fnt
|faint|p2a: Asta
|
|-sideend|p2: flaresun3|move: Tailwind
|upkeep
|
|t:|1779645823
|switch|p2a: Magna|Cinderace, M|69/100
|-damage|p2a: Magna|44/100|[from] Stealth Rock
|-activate|p2a: Magna|move: Sticky Web
|-unboost|p2a: Magna|spe|1
|turn|23
|
|t:|1779645829
|switch|p1a: Bisharp|Bisharp, M|21/100
|-ability|p1a: Bisharp|Pressure
|move|p2a: Magna|Sucker Punch||[still]
|-fail|p2a: Magna
|
|upkeep
|turn|24
|
|t:|1779645835
|move|p1a: Bisharp|Protect|p1a: Bisharp
|-singleturn|p1a: Bisharp|Protect
|move|p2a: Magna|Sucker Punch||[still]
|-fail|p2a: Magna
|
|upkeep
|turn|25
|
|t:|1779645843
|move|p2a: Magna|Sucker Punch||[still]
|-fail|p2a: Magna
|move|p1a: Bisharp|Thunder Wave|p2a: Magna
|-status|p2a: Magna|par
|
|upkeep
|turn|26
|
|t:|1779645848
|move|p2a: Magna|Sucker Punch|p1a: Bisharp
|-start|p2a: Magna|typechange|Dark|[from] ability: Libero
|-resisted|p1a: Bisharp
|-damage|p1a: Bisharp|13/100
|move|p1a: Bisharp|Iron Head|p2a: Magna
|-damage|p2a: Magna|0 fnt
|faint|p2a: Magna
|
|upkeep
|
|t:|1779645853
|switch|p2a: Luck|Pawmot, M|65/100
|-damage|p2a: Luck|59/100|[from] Stealth Rock
|-activate|p2a: Luck|move: Sticky Web
|-unboost|p2a: Luck|spe|1
|turn|27
|-message|flaresun3 forfeited.
|
|win|meeeega ^-^
|raw|meeeega ^-^'s rating: 1174 &rarr; <strong>1202</strong><br />(+28 for winning)
|raw|flaresun3's rating: 1212 &rarr; <strong>1184</strong><br />(-28 for losing)
|l|☆flaresun3
|player|p2|
|l|☆meeeega ^-^
|player|p1|
