|j|☆DuckyBro
|j|☆zg4h11
|t:|1779699606
|gametype|singles
|player|p1|DuckyBro|dragontamer|1636
|player|p2|zg4h11|170|1562
|gen|9
|tier|[Gen 9] OU
|rated|
|rule|HP Percentage Mod: HP is shown in percentages
|rule|Endless Battle Clause: Forcing endless battles is banned
|rule|Species Clause: Limit one of each Pokémon
|rule|OHKO Clause: OHKO moves are banned
|rule|Evasion Items Clause: Evasion items are banned
|rule|Evasion Moves Clause: Evasion moves are banned
|rule|Evasion Abilities Clause: Evasion abilities are banned
|rule|Sleep Moves Clause: Sleep-inducing moves are banned
|clearpoke
|poke|p1|Cinderace, F|
|poke|p1|Dondozo, F|
|poke|p1|Zapdos|
|poke|p1|Garchomp, M|
|poke|p1|Kyurem|
|poke|p1|Volcanion|
|poke|p2|Tyranitar, M|
|poke|p2|Excadrill, M|
|poke|p2|Iron Valiant|
|poke|p2|Dragapult, F|
|poke|p2|Zapdos|
|poke|p2|Hatterene, F|
|teampreview
|
|t:|1779699618
|teamsize|p1|6
|teamsize|p2|6
|start
|switch|p1a: Garchomp|Garchomp, M|100/100
|switch|p2a: Dragapult|Dragapult, F|100/100
|turn|1
|inactive|Battle timer is ON: inactive players will automatically lose when time's up. (requested by zg4h11)
|j| Concept Everything
|
|t:|1779699636
|switch|p2a: Hatterene|Hatterene, F|100/100
|-terastallize|p1a: Garchomp|Steel
|move|p1a: Garchomp|Scale Shot|p2a: Hatterene
|-immune|p2a: Hatterene
|
|upkeep
|turn|2
|
|t:|1779699650
|move|p1a: Garchomp|Iron Head|p2a: Hatterene
|-supereffective|p2a: Hatterene
|-damage|p2a: Hatterene|24/100
|-damage|p1a: Garchomp|84/100|[from] item: Rocky Helmet|[of] p2a: Hatterene
|move|p2a: Hatterene|Nuzzle|p1a: Garchomp
|-damage|p1a: Garchomp|80/100
|-status|p1a: Garchomp|par
|-damage|p2a: Hatterene|12/100|[from] ability: Rough Skin|[of] p1a: Garchomp
|
|upkeep
|turn|3
|
|t:|1779699679
|move|p1a: Garchomp|Iron Head|p2a: Hatterene
|-supereffective|p2a: Hatterene
|-damage|p2a: Hatterene|0 fnt
|-damage|p1a: Garchomp|63/100 par|[from] item: Rocky Helmet|[of] p2a: Hatterene
|faint|p2a: Hatterene
|
|upkeep
|inactive|zg4h11 has 120 seconds left.
|inactive|zg4h11 has 90 seconds left.
|j| foxi4
|
|t:|1779699750
|switch|p2a: Excadrill|Excadrill, M, shiny|100/100
|turn|4
|
|t:|1779699759
|switch|p1a: Zapdos|Zapdos|100/100
|move|p2a: Excadrill|Earthquake|p1a: Zapdos
|-immune|p1a: Zapdos
|
|upkeep
|turn|5
|inactive|zg4h11 has 90 seconds left.
|
|t:|1779699766
|switch|p2a: Tyranitar|Tyranitar, M, shiny|100/100
|-weather|Sandstorm|[from] ability: Sand Stream|[of] p2a: Tyranitar
|move|p1a: Zapdos|Heat Wave|p2a: Tyranitar|[miss]
|-miss|p1a: Zapdos|p2a: Tyranitar
|
|-weather|Sandstorm|[upkeep]
|-damage|p1a: Zapdos|94/100|[from] Sandstorm
|upkeep
|turn|6
|inactive|zg4h11 has 90 seconds left.
|
|t:|1779699777
|switch|p1a: Dondozo|Dondozo, F|100/100
|move|p2a: Tyranitar|Knock Off|p1a: Dondozo
|-damage|p1a: Dondozo|77/100
|-enditem|p1a: Dondozo|Covert Cloak|[from] move: Knock Off|[of] p2a: Tyranitar
|
|-weather|Sandstorm|[upkeep]
|-damage|p1a: Dondozo|70/100|[from] Sandstorm
|upkeep
|turn|7
|
|t:|1779699787
|switch|p2a: Zapdos|Zapdos|100/100
|move|p1a: Dondozo|Liquidation|p2a: Zapdos
|-damage|p2a: Zapdos|70/100
|-status|p1a: Dondozo|par|[from] ability: Static|[of] p2a: Zapdos
|
|-weather|Sandstorm|[upkeep]
|-damage|p2a: Zapdos|64/100|[from] Sandstorm
|-damage|p1a: Dondozo|64/100 par|[from] Sandstorm
|upkeep
|turn|8
|
|t:|1779699796
|switch|p1a: Garchomp|Garchomp, M, tera:Steel|63/100 par
|move|p2a: Zapdos|Volt Switch|p1a: Garchomp
|-damage|p1a: Garchomp|18/100 par
|inactive|zg4h11 has 90 seconds left.
|
|t:|1779699826
|switch|p2a: Excadrill|Excadrill, M, shiny|100/100|[from] Volt Switch
|
|-weather|Sandstorm|[upkeep]
|upkeep
|turn|9
|
|t:|1779699834
|move|p2a: Excadrill|Earthquake|p1a: Garchomp
|-supereffective|p1a: Garchomp
|-damage|p1a: Garchomp|0 fnt
|faint|p1a: Garchomp
|
|-weather|Sandstorm|[upkeep]
|upkeep
|
|t:|1779699836
|switch|p1a: Zapdos|Zapdos|94/100
|turn|10
|inactive|zg4h11 has 90 seconds left.
|
|t:|1779699843
|move|p2a: Excadrill|Rock Slide|p1a: Zapdos
|-supereffective|p1a: Zapdos
|-damage|p1a: Zapdos|23/100
|move|p1a: Zapdos|Volt Switch|p2a: Excadrill
|-immune|p2a: Excadrill
|
|-weather|Sandstorm|[upkeep]
|-damage|p1a: Zapdos|16/100|[from] Sandstorm
|upkeep
|turn|11
|-message|DuckyBro forfeited.
|
|win|zg4h11
|raw|DuckyBro's rating: 1636 &rarr; <strong>1612</strong><br />(-24 for losing)
|raw|zg4h11's rating: 1562 &rarr; <strong>1586</strong><br />(+24 for winning)
|l|☆DuckyBro
|player|p1|
