|j|☆AmadanNaBrion
|j|☆Twisted Divinity
|t:|1779562916
|gametype|singles
|player|p1|AmadanNaBrion|170|1436
|player|p2|Twisted Divinity|acerola-masters|1412
|gen|9
|tier|[Gen 9] OU
|rated|
|rule|HP Percentage Mod: HP is shown in percentages
|rule|Endless Battle Clause: Forcing endless battles is banned
|rule|Species Clause: Limit one of each Pokémon
|rule|OHKO Clause: OHKO moves are banned
|rule|Evasion Items Clause: Evasion items are banned
|rule|Evasion Moves Clause: Evasion moves are banned
|rule|Evasion Abilities Clause: Evasion abilities are banned
|rule|Sleep Moves Clause: Sleep-inducing moves are banned
|clearpoke
|poke|p1|Tyranitar, M|
|poke|p1|Arcanine-Hisui, M|
|poke|p1|Zapdos|
|poke|p1|Pecharunt|
|poke|p1|Great Tusk|
|poke|p1|Dragapult, M|
|poke|p2|Wo-Chien|
|poke|p2|Torkoal, M|
|poke|p2|Cinderace, M|
|poke|p2|Great Tusk|
|poke|p2|Walking Wake|
|poke|p2|Clefable, F|
|teampreview
|inactive|Battle timer is ON: inactive players will automatically lose when time's up. (requested by Twisted Divinity)
|
|t:|1779562933
|teamsize|p1|6
|teamsize|p2|6
|start
|switch|p1a: Tyranitar|Tyranitar, M|100/100
|switch|p2a: Let's Larp|Clefable, F|100/100
|-weather|Sandstorm|[from] ability: Sand Stream|[of] p1a: Tyranitar
|turn|1
|
|t:|1779562960
|switch|p2a: Great Tuskarus|Great Tusk, shiny|100/100
|switch|p1a: Arcanine|Arcanine-Hisui, M, shiny|100/100
|
|-weather|Sandstorm|[upkeep]
|upkeep
|turn|2
|
|t:|1779562968
|switch|p1a: Zapdos|Zapdos|100/100
|move|p2a: Great Tuskarus|Headlong Rush|p1a: Zapdos
|-immune|p1a: Zapdos
|
|-weather|Sandstorm|[upkeep]
|-damage|p1a: Zapdos|94/100|[from] Sandstorm
|upkeep
|turn|3
|
|t:|1779562979
|-end|p2a: Great Tuskarus|Protosynthesis|[silent]
|switch|p2a: The Sun Is So Loud|Torkoal, M|100/100
|-weather|SunnyDay|[from] ability: Drought|[of] p2a: The Sun Is So Loud
|move|p1a: Zapdos|Volt Switch|p2a: The Sun Is So Loud
|-damage|p2a: The Sun Is So Loud|76/100
|inactive|AmadanNaBrion has 120 seconds left.
|
|t:|1779563000
|switch|p1a: Arcanine|Arcanine-Hisui, M, shiny|100/100|[from] Volt Switch
|
|-weather|SunnyDay|[upkeep]
|upkeep
|turn|4
|
|t:|1779563011
|move|p1a: Arcanine|Flare Blitz|p2a: The Sun Is So Loud
|-resisted|p2a: The Sun Is So Loud
|-damage|p2a: The Sun Is So Loud|19/100
|move|p2a: The Sun Is So Loud|Earthquake|p1a: Arcanine
|-supereffective|p1a: Arcanine
|-damage|p1a: Arcanine|0 fnt
|faint|p1a: Arcanine
|
|-weather|SunnyDay|[upkeep]
|upkeep
|
|t:|1779563019
|switch|p1a: Tyranitar|Tyranitar, M|100/100
|-weather|Sandstorm|[from] ability: Sand Stream|[of] p1a: Tyranitar
|turn|5
|
|t:|1779563024
|switch|p2a: Great Tuskarus|Great Tusk, shiny|100/100
|move|p1a: Tyranitar|Stealth Rock|p2a: Great Tuskarus
|-sidestart|p2: Twisted Divinity|move: Stealth Rock
|
|-weather|Sandstorm|[upkeep]
|upkeep
|turn|6
|
|t:|1779563034
|switch|p1a: Dragapult|Dragapult, M|100/100
|move|p2a: Great Tuskarus|Rapid Spin|p1a: Dragapult
|-immune|p1a: Dragapult
|
|-weather|Sandstorm|[upkeep]
|-damage|p1a: Dragapult|95/100|[from] Sandstorm
|upkeep
|turn|7
|
|t:|1779563043
|move|p1a: Dragapult|Will-O-Wisp|p2a: Great Tuskarus
|-status|p2a: Great Tuskarus|brn
|move|p2a: Great Tuskarus|Headlong Rush|p1a: Dragapult
|-damage|p1a: Dragapult|60/100
|-unboost|p2a: Great Tuskarus|def|1
|-unboost|p2a: Great Tuskarus|spd|1
|
|-weather|Sandstorm|[upkeep]
|-damage|p1a: Dragapult|54/100|[from] Sandstorm
|-damage|p2a: Great Tuskarus|94/100 brn|[from] brn
|upkeep
|turn|8
|
|t:|1779563058
|-end|p2a: Great Tuskarus|Protosynthesis|[silent]
|switch|p2a: Wo Chienuenly|Wo-Chien|100/100
|-damage|p2a: Wo Chienuenly|88/100|[from] Stealth Rock
|-ability|p2a: Wo Chienuenly|Tablets of Ruin
|move|p1a: Dragapult|Hex|p2a: Wo Chienuenly
|-resisted|p2a: Wo Chienuenly
|-damage|p2a: Wo Chienuenly|74/100
|
|-weather|Sandstorm|[upkeep]
|-damage|p1a: Dragapult|48/100|[from] Sandstorm
|-damage|p2a: Wo Chienuenly|68/100|[from] Sandstorm
|upkeep
|turn|9
|
|t:|1779563071
|move|p1a: Dragapult|U-turn|p2a: Wo Chienuenly
|-supereffective|p2a: Wo Chienuenly
|-damage|p2a: Wo Chienuenly|5/100
|inactive|AmadanNaBrion has 120 seconds left.
|
|t:|1779563092
|switch|p1a: Pecharunt|Pecharunt|100/100|[from] U-turn
|move|p2a: Wo Chienuenly|Knock Off|p1a: Pecharunt
|-supereffective|p1a: Pecharunt
|-damage|p1a: Pecharunt|33/100
|-enditem|p1a: Pecharunt|Heavy-Duty Boots|[from] move: Knock Off|[of] p2a: Wo Chienuenly
|-damage|p2a: Wo Chienuenly|0 fnt|[from] item: Life Orb
|faint|p2a: Wo Chienuenly
|
|-weather|Sandstorm|[upkeep]
|-damage|p1a: Pecharunt|27/100|[from] Sandstorm
|upkeep
|
|t:|1779563103
|switch|p2a: MAXIMUM OUTPUT|Walking Wake|100/100
|-damage|p2a: MAXIMUM OUTPUT|88/100|[from] Stealth Rock
|turn|10
|inactive|AmadanNaBrion has 120 seconds left.
|
|t:|1779563119
|move|p2a: MAXIMUM OUTPUT|Draco Meteor|p1a: Pecharunt|[miss]
|-miss|p2a: MAXIMUM OUTPUT|p1a: Pecharunt
|move|p1a: Pecharunt|Recover|p1a: Pecharunt
|-heal|p1a: Pecharunt|77/100
|
|-weather|Sandstorm|[upkeep]
|-damage|p2a: MAXIMUM OUTPUT|82/100|[from] Sandstorm
|-damage|p1a: Pecharunt|71/100|[from] Sandstorm
|upkeep
|turn|11
|inactive|AmadanNaBrion has 120 seconds left.
|inactive|AmadanNaBrion has 90 seconds left.
|
|t:|1779563169
|switch|p1a: Great Tusk|Great Tusk|100/100
|move|p2a: MAXIMUM OUTPUT|Draco Meteor|p1a: Great Tusk
|-damage|p1a: Great Tusk|0 fnt
|-unboost|p2a: MAXIMUM OUTPUT|spa|2
|faint|p1a: Great Tusk
|-end|p1a: Great Tusk|Protosynthesis|[silent]
|
|-weather|Sandstorm|[upkeep]
|-damage|p2a: MAXIMUM OUTPUT|76/100|[from] Sandstorm
|upkeep
|
|t:|1779563178
|switch|p1a: Dragapult|Dragapult, M|48/100
|turn|12
|inactive|AmadanNaBrion has 90 seconds left.
|
|t:|1779563188
|-end|p2a: MAXIMUM OUTPUT|Protosynthesis|[silent]
|switch|p2a: Great Tuskarus|Great Tusk, shiny|94/100 brn
|-damage|p2a: Great Tuskarus|91/100 brn|[from] Stealth Rock
|move|p1a: Dragapult|U-turn|p2a: Great Tuskarus
|-resisted|p2a: Great Tuskarus
|-damage|p2a: Great Tuskarus|85/100 brn
|-damage|p1a: Dragapult|31/100|[from] item: Rocky Helmet|[of] p2a: Great Tuskarus
|
|t:|1779563203
|switch|p1a: Pecharunt|Pecharunt|71/100|[from] U-turn
|
|-weather|none
|-damage|p2a: Great Tuskarus|79/100 brn|[from] brn
|upkeep
|turn|13
|
|t:|1779563210
|move|p1a: Pecharunt|Malignant Chain|p2a: Great Tuskarus
|-resisted|p2a: Great Tuskarus
|-damage|p2a: Great Tuskarus|53/100 brn
|move|p2a: Great Tuskarus|Stealth Rock|p1a: Pecharunt
|-sidestart|p1: AmadanNaBrion|move: Stealth Rock
|
|-damage|p2a: Great Tuskarus|46/100 brn|[from] brn
|upkeep
|turn|14
|inactive|AmadanNaBrion has 90 seconds left.
|
|t:|1779563218
|move|p1a: Pecharunt|Shadow Ball|p2a: Great Tuskarus
|-damage|p2a: Great Tuskarus|5/100 brn
|move|p2a: Great Tuskarus|Headlong Rush|p1a: Pecharunt
|-supereffective|p1a: Pecharunt
|-damage|p1a: Pecharunt|34/100
|-unboost|p2a: Great Tuskarus|def|1
|-unboost|p2a: Great Tuskarus|spd|1
|
|-damage|p2a: Great Tuskarus|0 fnt|[from] brn
|faint|p2a: Great Tuskarus
|-end|p2a: Great Tuskarus|Protosynthesis|[silent]
|upkeep
|
|t:|1779563227
|switch|p2a: MAXIMUM OUTPUT|Walking Wake|76/100
|-damage|p2a: MAXIMUM OUTPUT|63/100|[from] Stealth Rock
|turn|15
|
|t:|1779563235
|move|p2a: MAXIMUM OUTPUT|Hydro Steam|p1a: Pecharunt
|-damage|p1a: Pecharunt|0 fnt
|faint|p1a: Pecharunt
|
|upkeep
|
|t:|1779563240
|switch|p1a: Tyranitar|Tyranitar, M|100/100
|-damage|p1a: Tyranitar|88/100|[from] Stealth Rock
|-weather|Sandstorm|[from] ability: Sand Stream|[of] p1a: Tyranitar
|turn|16
|
|t:|1779563250
|-end|p2a: MAXIMUM OUTPUT|Protosynthesis|[silent]
|switch|p2a: Let's Larp|Clefable, F|100/100
|-damage|p2a: Let's Larp|88/100|[from] Stealth Rock
|move|p1a: Tyranitar|Knock Off|p2a: Let's Larp
|-resisted|p2a: Let's Larp
|-damage|p2a: Let's Larp|71/100
|-enditem|p2a: Let's Larp|Covert Cloak|[from] move: Knock Off|[of] p1a: Tyranitar
|
|-weather|Sandstorm|[upkeep]
|-damage|p2a: Let's Larp|65/100|[from] Sandstorm
|upkeep
|turn|17
|
|t:|1779563268
|move|p2a: Let's Larp|Moonblast|p1a: Tyranitar
|-supereffective|p1a: Tyranitar
|-damage|p1a: Tyranitar|60/100
|-unboost|p1a: Tyranitar|spa|1
|move|p1a: Tyranitar|Roar|p2a: Let's Larp
|drag|p2a: Chuck Norris Kick|Cinderace, M|100/100
|-damage|p2a: Chuck Norris Kick|76/100|[from] Stealth Rock
|-item|p2a: Chuck Norris Kick|Air Balloon
|
|-weather|Sandstorm|[upkeep]
|-damage|p2a: Chuck Norris Kick|70/100|[from] Sandstorm
|upkeep
|turn|18
|
|t:|1779563280
|move|p2a: Chuck Norris Kick|Low Kick|p1a: Tyranitar
|-supereffective|p1a: Tyranitar
|-damage|p1a: Tyranitar|0 fnt
|faint|p1a: Tyranitar
|
|-weather|Sandstorm|[upkeep]
|-damage|p2a: Chuck Norris Kick|64/100|[from] Sandstorm
|upkeep
|
|t:|1779563288
|switch|p1a: Zapdos|Zapdos|94/100
|turn|19
|
|t:|1779563300
|move|p2a: Chuck Norris Kick|Pyro Ball|p1a: Zapdos
|-damage|p1a: Zapdos|50/100
|move|p1a: Zapdos|Hurricane|p2a: Chuck Norris Kick
|-damage|p2a: Chuck Norris Kick|0 fnt
|-enditem|p2a: Chuck Norris Kick|Air Balloon
|faint|p2a: Chuck Norris Kick
|
|-weather|Sandstorm|[upkeep]
|-damage|p1a: Zapdos|44/100|[from] Sandstorm
|upkeep
|
|t:|1779563308
|switch|p2a: The Sun Is So Loud|Torkoal, M|19/100
|-damage|p2a: The Sun Is So Loud|0 fnt|[from] Stealth Rock
|faint|p2a: The Sun Is So Loud
|
|t:|1779563312
|switch|p2a: MAXIMUM OUTPUT|Walking Wake|63/100
|-damage|p2a: MAXIMUM OUTPUT|51/100|[from] Stealth Rock
|turn|20
|
|t:|1779563319
|move|p2a: MAXIMUM OUTPUT|Hydro Steam|p1a: Zapdos
|-damage|p1a: Zapdos|0 fnt
|faint|p1a: Zapdos
|
|-weather|Sandstorm|[upkeep]
|-damage|p2a: MAXIMUM OUTPUT|45/100|[from] Sandstorm
|upkeep
|
|t:|1779563327
|switch|p1a: Dragapult|Dragapult, M|31/100
|turn|21
|
|t:|1779563332
|move|p1a: Dragapult|Dragon Darts|p2a: MAXIMUM OUTPUT
|-supereffective|p2a: MAXIMUM OUTPUT
|-damage|p2a: MAXIMUM OUTPUT|0 fnt
|faint|p2a: MAXIMUM OUTPUT
|-end|p2a: MAXIMUM OUTPUT|Protosynthesis|[silent]
|
|-weather|Sandstorm|[upkeep]
|-damage|p1a: Dragapult|25/100|[from] Sandstorm
|upkeep
|
|t:|1779563334
|switch|p2a: Let's Larp|Clefable, F|65/100
|-damage|p2a: Let's Larp|53/100|[from] Stealth Rock
|turn|22
|c|☆Twisted Divinity|gg
|inactive|AmadanNaBrion has 120 seconds left.
|
|t:|1779563355
|-terastallize|p1a: Dragapult|Ghost
|move|p1a: Dragapult|Will-O-Wisp|p2a: Let's Larp
|-status|p2a: Let's Larp|brn
|move|p2a: Let's Larp|Moonblast|p1a: Dragapult
|-damage|p1a: Dragapult|0 fnt
|faint|p1a: Dragapult
|
|win|Twisted Divinity
|raw|AmadanNaBrion's rating: 1436 &rarr; <strong>1415</strong><br />(-21 for losing)
|raw|Twisted Divinity's rating: 1412 &rarr; <strong>1433</strong><br />(+21 for winning)
|c|☆AmadanNaBrion|gg
|l|☆AmadanNaBrion
|player|p1|
