|j|☆Joao Tomas
|j|☆kopv
|t:|1779639097
|gametype|singles
|player|p1|Joao Tomas|brawly|1358
|player|p2|kopv|bugcatcher-gen4dp|1506
|gen|9
|tier|[Gen 9] OU
|rated|
|rule|HP Percentage Mod: HP is shown in percentages
|rule|Endless Battle Clause: Forcing endless battles is banned
|rule|Species Clause: Limit one of each Pokémon
|rule|OHKO Clause: OHKO moves are banned
|rule|Evasion Items Clause: Evasion items are banned
|rule|Evasion Moves Clause: Evasion moves are banned
|rule|Evasion Abilities Clause: Evasion abilities are banned
|rule|Sleep Moves Clause: Sleep-inducing moves are banned
|clearpoke
|poke|p1|Great Tusk|
|poke|p1|Rotom-Wash|
|poke|p1|Corviknight, F|
|poke|p1|Ceruledge, F|
|poke|p1|Shaymin|
|poke|p1|Darkrai|
|poke|p2|Pelipper, M|
|poke|p2|Barraskewda, F|
|poke|p2|Iron Treads|
|poke|p2|Bruxish, F|
|poke|p2|Raging Bolt|
|poke|p2|Enamorus, F|
|teampreview
|
|t:|1779639107
|teamsize|p1|6
|teamsize|p2|6
|start
|switch|p1a: Shaymin|Shaymin|100/100
|switch|p2a: Raging Bolt|Raging Bolt|100/100
|turn|1
|
|t:|1779639153
|move|p1a: Shaymin|Earth Power|p2a: Raging Bolt
|-supereffective|p2a: Raging Bolt
|-damage|p2a: Raging Bolt|52/100
|move|p2a: Raging Bolt|Draco Meteor|p1a: Shaymin
|-damage|p1a: Shaymin|21/100
|-unboost|p2a: Raging Bolt|spa|2
|
|-heal|p2a: Raging Bolt|58/100|[from] item: Leftovers
|upkeep
|turn|2
|
|t:|1779639181
|switch|p1a: Ceruledge|Ceruledge, F|100/100
|-end|p2a: Raging Bolt|Protosynthesis|[silent]
|switch|p2a: Enamorus|Enamorus, F|100/100
|
|upkeep
|turn|3
|
|t:|1779639190
|move|p2a: Enamorus|Earth Power|p1a: Ceruledge
|-supereffective|p1a: Ceruledge
|-damage|p1a: Ceruledge|37/100
|move|p1a: Ceruledge|Swords Dance|p1a: Ceruledge
|-boost|p1a: Ceruledge|atk|2
|
|upkeep
|turn|4
|
|t:|1779639208
|-terastallize|p1a: Ceruledge|Fairy
|move|p1a: Ceruledge|Shadow Sneak|p2a: Enamorus
|-damage|p2a: Enamorus|38/100
|move|p2a: Enamorus|Earth Power|p1a: Ceruledge
|-damage|p1a: Ceruledge|2/100
|
|upkeep
|turn|5
|
|t:|1779639213
|switch|p2a: 'Ello gov'na|Bruxish, F|100/100
|move|p1a: Ceruledge|Shadow Sneak||[still]
|cant|p2a: 'Ello gov'na|ability: Dazzling|Shadow Sneak|[of] p1a: Ceruledge
|
|upkeep
|turn|6
|
|t:|1779639220
|switch|p1a: Corviknight|Corviknight, F|100/100
|-ability|p1a: Corviknight|Pressure
|move|p2a: 'Ello gov'na|Aqua Jet|p1a: Corviknight
|-damage|p1a: Corviknight|83/100
|-damage|p2a: 'Ello gov'na|84/100|[from] item: Rocky Helmet|[of] p1a: Corviknight
|
|upkeep
|turn|7
|
|t:|1779639226
|switch|p2a: Pelipper|Pelipper, M|100/100
|-weather|RainDance|[from] ability: Drizzle|[of] p2a: Pelipper
|move|p1a: Corviknight|U-turn|p2a: Pelipper
|-resisted|p2a: Pelipper
|-damage|p2a: Pelipper|95/100
|
|t:|1779639230
|switch|p1a: Rotom|Rotom-Wash|100/100|[from] U-turn
|
|-weather|RainDance|[upkeep]
|upkeep
|turn|8
|
|t:|1779639241
|switch|p2a: Iron Treads|Iron Treads|100/100
|move|p1a: Rotom|Hydro Pump|p2a: Iron Treads
|-supereffective|p2a: Iron Treads
|-damage|p2a: Iron Treads|0 fnt
|faint|p2a: Iron Treads
|-end|p2a: Iron Treads|Quark Drive|[silent]
|
|-weather|RainDance|[upkeep]
|upkeep
|
|t:|1779639249
|switch|p2a: Raging Bolt|Raging Bolt|58/100
|turn|9
|
|t:|1779639256
|move|p2a: Raging Bolt|Thunder|p1a: Rotom
|-damage|p1a: Rotom|50/100
|move|p1a: Rotom|Night Shade|p2a: Raging Bolt
|-damage|p2a: Raging Bolt|32/100
|
|-weather|RainDance|[upkeep]
|-heal|p2a: Raging Bolt|39/100|[from] item: Leftovers
|-heal|p1a: Rotom|56/100|[from] item: Leftovers
|upkeep
|turn|10
|
|t:|1779639268
|move|p2a: Raging Bolt|Draco Meteor|p1a: Rotom
|-damage|p1a: Rotom|2/100
|-unboost|p2a: Raging Bolt|spa|2
|move|p1a: Rotom|Night Shade|p2a: Raging Bolt
|-damage|p2a: Raging Bolt|13/100
|
|-weather|RainDance|[upkeep]
|-heal|p2a: Raging Bolt|19/100|[from] item: Leftovers
|-heal|p1a: Rotom|8/100|[from] item: Leftovers
|upkeep
|turn|11
|
|t:|1779639279
|move|p2a: Raging Bolt|Thunder|p1a: Rotom
|-damage|p1a: Rotom|0 fnt
|faint|p1a: Rotom
|
|-weather|RainDance|[upkeep]
|-heal|p2a: Raging Bolt|25/100|[from] item: Leftovers
|upkeep
|
|t:|1779639282
|switch|p1a: Shaymin|Shaymin|21/100
|turn|12
|
|t:|1779639287
|-end|p2a: Raging Bolt|Protosynthesis|[silent]
|switch|p2a: Enamorus|Enamorus, F|38/100
|move|p1a: Shaymin|Healing Wish|p1a: Shaymin
|faint|p1a: Shaymin
|
|-weather|RainDance|[upkeep]
|upkeep
|
|t:|1779639300
|switch|p1a: Darkrai|Darkrai|100/100
|turn|13
|
|t:|1779639307
|move|p2a: Enamorus|Healing Wish|p2a: Enamorus
|faint|p2a: Enamorus
|move|p1a: Darkrai|Ice Beam|p2: Enamorus|[notarget]
|-fail|p1a: Darkrai
|
|-weather|RainDance|[upkeep]
|upkeep
|
|t:|1779639316
|switch|p2a: Barraskewda|Barraskewda, F|100/100
|turn|14
|
|t:|1779639328
|move|p2a: Barraskewda|Liquidation|p1a: Darkrai
|-damage|p1a: Darkrai|0 fnt
|faint|p1a: Darkrai
|-damage|p2a: Barraskewda|91/100|[from] item: Life Orb
|
|-weather|none
|upkeep
|
|t:|1779639339
|switch|p1a: Great Tusk|Great Tusk|100/100
|turn|15
|
|t:|1779639342
|move|p2a: Barraskewda|Flip Turn|p1a: Great Tusk
|-supereffective|p1a: Great Tusk
|-damage|p1a: Great Tusk|43/100
|-damage|p2a: Barraskewda|81/100|[from] item: Life Orb
|
|t:|1779639365
|switch|p2a: Raging Bolt|Raging Bolt|25/100|[from] Flip Turn
|-heal|p2a: Raging Bolt|100/100|[from] move: Healing Wish
|move|p1a: Great Tusk|Stone Edge|p2a: Raging Bolt
|-damage|p2a: Raging Bolt|57/100
|-damage|p1a: Great Tusk|33/100|[from] item: Life Orb
|
|-heal|p2a: Raging Bolt|63/100|[from] item: Leftovers
|upkeep
|turn|16
|
|t:|1779639380
|-end|p2a: Raging Bolt|Protosynthesis|[silent]
|switch|p2a: Pelipper|Pelipper, M|95/100
|-weather|RainDance|[from] ability: Drizzle|[of] p2a: Pelipper
|move|p1a: Great Tusk|Ice Spinner|p2a: Pelipper
|-damage|p2a: Pelipper|66/100
|-damage|p1a: Great Tusk|23/100|[from] item: Life Orb
|
|-weather|RainDance|[upkeep]
|upkeep
|turn|17
|
|t:|1779639390
|move|p1a: Great Tusk|Stone Edge|p2a: Pelipper
|-supereffective|p2a: Pelipper
|-damage|p2a: Pelipper|0 fnt
|faint|p2a: Pelipper
|-damage|p1a: Great Tusk|13/100|[from] item: Life Orb
|
|-weather|RainDance|[upkeep]
|upkeep
|
|t:|1779639401
|switch|p2a: Barraskewda|Barraskewda, F|81/100
|turn|18
|
|t:|1779639409
|move|p2a: Barraskewda|Flip Turn|p1a: Great Tusk
|-supereffective|p1a: Great Tusk
|-damage|p1a: Great Tusk|0 fnt
|faint|p1a: Great Tusk
|-end|p1a: Great Tusk|Protosynthesis|[silent]
|-damage|p2a: Barraskewda|71/100|[from] item: Life Orb
|
|t:|1779639411
|switch|p2a: 'Ello gov'na|Bruxish, F|84/100|[from] Flip Turn
|
|-weather|RainDance|[upkeep]
|upkeep
|
|t:|1779639415
|switch|p1a: Corviknight|Corviknight, F|83/100
|-heal|p1a: Corviknight|100/100|[from] move: Healing Wish
|-ability|p1a: Corviknight|Pressure
|turn|19
|c|☆Joao Tomas|nooooooo
|c|☆Joao Tomas|im dumb lol
|
|t:|1779639427
|-terastallize|p2a: 'Ello gov'na|Water
|move|p2a: 'Ello gov'na|Wave Crash|p1a: Corviknight
|-damage|p1a: Corviknight|0 fnt
|-damage|p2a: 'Ello gov'na|67/100|[from] item: Rocky Helmet|[of] p1a: Corviknight
|faint|p1a: Corviknight
|-damage|p2a: 'Ello gov'na|20/100|[from] Recoil
|
|-weather|RainDance|[upkeep]
|upkeep
|
|t:|1779639431
|switch|p1a: Ceruledge|Ceruledge, F, tera:Fairy|2/100
|turn|20
|
|t:|1779639435
|switch|p2a: Raging Bolt|Raging Bolt|63/100
|move|p1a: Ceruledge|Bitter Blade|p2a: Raging Bolt
|-resisted|p2a: Raging Bolt
|-damage|p2a: Raging Bolt|53/100
|-heal|p1a: Ceruledge|8/100|[from] drain|[of] p2a: Raging Bolt
|
|-weather|RainDance|[upkeep]
|-heal|p2a: Raging Bolt|59/100|[from] item: Leftovers
|upkeep
|turn|21
|
|t:|1779639440
|move|p1a: Ceruledge|Swords Dance|p1a: Ceruledge
|-boost|p1a: Ceruledge|atk|2
|move|p2a: Raging Bolt|Weather Ball|p1a: Ceruledge
|-damage|p1a: Ceruledge|0 fnt
|faint|p1a: Ceruledge
|
|win|kopv
|raw|Joao Tomas's rating: 1358 &rarr; <strong>1346</strong><br />(-12 for losing)
|raw|kopv's rating: 1506 &rarr; <strong>1518</strong><br />(+12 for winning)
|l|☆Joao Tomas
|player|p1|
|c|☆kopv|gg
|l|☆kopv
|player|p2|
