|inactive|Battle timer is ON: inactive players will automatically lose when time's up.
|t:|1779646356
|gametype|singles
|player|p1|iammewtuber|1|
|player|p2|cute vn|twins|
|gen|9
|tier|[Gen 9] OU
|rule|HP Percentage Mod: HP is shown in percentages
|rule|Endless Battle Clause: Forcing endless battles is banned
|rule|Species Clause: Limit one of each Pokémon
|rule|OHKO Clause: OHKO moves are banned
|rule|Evasion Items Clause: Evasion items are banned
|rule|Evasion Moves Clause: Evasion moves are banned
|rule|Evasion Abilities Clause: Evasion abilities are banned
|rule|Sleep Moves Clause: Sleep-inducing moves are banned
|clearpoke
|poke|p1|Deoxys-Speed|
|poke|p1|Mew|
|poke|p1|Zapdos|
|poke|p1|Ting-Lu|
|poke|p1|Corviknight, F|
|poke|p1|Hoopa-Unbound|
|poke|p2|Araquanid, M|
|poke|p2|Tornadus-Therian, M|
|poke|p2|Gholdengo|
|poke|p2|Iron Valiant|
|poke|p2|Great Tusk|
|poke|p2|Raging Bolt|
|teampreview
|inactive|cute vn has 270 seconds left.
|
|t:|1779646409
|teamsize|p1|6
|teamsize|p2|6
|start
|switch|p1a: Hoopa|Hoopa-Unbound|100/100
|switch|p2a: Araquanid|Araquanid, M|100/100
|turn|1
|
|t:|1779646423
|switch|p1a: Zapdos|Zapdos|100/100
|move|p2a: Araquanid|Sticky Web|p1a: Zapdos
|-sidestart|p1: iammewtuber|move: Sticky Web
|
|upkeep
|turn|2
|
|t:|1779646441
|switch|p1a: Corviknight|Corviknight, F|100/100
|move|p2a: Araquanid|Surf|p1a: Corviknight
|-damage|p1a: Corviknight|44/100
|
|upkeep
|turn|3
|
|t:|1779646449
|move|p1a: Corviknight|Brave Bird|p2a: Araquanid
|-supereffective|p2a: Araquanid
|-damage|p2a: Araquanid|29/100
|-damage|p1a: Corviknight|24/100|[from] Recoil
|move|p2a: Araquanid|Surf|p1a: Corviknight
|-damage|p1a: Corviknight|0 fnt
|faint|p1a: Corviknight
|
|upkeep
|
|t:|1779646459
|switch|p1a: The Alien|Deoxys-Speed|100/100
|-activate|p1a: The Alien|move: Sticky Web
|-unboost|p1a: The Alien|spe|1
|-ability|p1a: The Alien|Pressure
|turn|4
|inactive|cute vn has 270 seconds left.
|
|t:|1779646507
|move|p1a: The Alien|Reflect|p1a: The Alien
|-sidestart|p1: iammewtuber|Reflect
|move|p2a: Araquanid|Endeavor|p1a: The Alien
|-damage|p1a: The Alien|35/100
|-enditem|p1a: The Alien|Eject Button
|
|t:|1779646518
|switch|p1a: The Mascot|Mew|100/100
|-activate|p1a: The Mascot|move: Sticky Web
|-unboost|p1a: The Mascot|spe|1
|
|upkeep
|turn|5
|
|t:|1779646524
|move|p1a: The Mascot|Agility|p1a: The Mascot
|-boost|p1a: The Mascot|spe|2
|move|p2a: Araquanid|Endeavor|p1a: The Mascot
|-damage|p1a: The Mascot|25/100
|
|upkeep
|turn|6
|
|t:|1779646537
|move|p1a: The Mascot|Agility|p1a: The Mascot
|-boost|p1a: The Mascot|spe|2
|move|p2a: Araquanid|Surf|p1a: The Mascot
|-crit|p1a: The Mascot
|-damage|p1a: The Mascot|0 fnt
|faint|p1a: The Mascot
|
|upkeep
|
|t:|1779646546
|switch|p1a: Zapdos|Zapdos|100/100
|turn|7
|inactive|cute vn has 270 seconds left.
|
|t:|1779646582
|move|p1a: Zapdos|Heat Wave|p2a: Araquanid
|-damage|p2a: Araquanid|16/100
|move|p2a: Araquanid|Endeavor|p1a: Zapdos
|-damage|p1a: Zapdos|15/100
|-status|p2a: Araquanid|par|[from] ability: Static|[of] p1a: Zapdos
|
|upkeep
|turn|8
|
|t:|1779646590
|move|p1a: Zapdos|Volt Switch|p2a: Araquanid
|-supereffective|p2a: Araquanid
|-damage|p2a: Araquanid|0 fnt
|faint|p2a: Araquanid
|
|t:|1779646592
|switch|p1a: Ting-Lu|Ting-Lu|100/100|[from] Volt Switch
|-activate|p1a: Ting-Lu|move: Sticky Web
|-unboost|p1a: Ting-Lu|spe|1
|-ability|p1a: Ting-Lu|Vessel of Ruin
|
|-sideend|p1: iammewtuber|Reflect
|upkeep
|inactive|cute vn has 270 seconds left.
|
|t:|1779646598
|switch|p2a: Iron Valiant|Iron Valiant|100/100
|-enditem|p2a: Iron Valiant|Booster Energy
|-activate|p2a: Iron Valiant|ability: Quark Drive|[fromitem]
|-start|p2a: Iron Valiant|quarkdrivespe
|turn|9
|inactive|cute vn has 270 seconds left.
|
|t:|1779646621
|move|p2a: Iron Valiant|Liquidation|p1a: Ting-Lu
|-supereffective|p1a: Ting-Lu
|-damage|p1a: Ting-Lu|71/100
|move|p1a: Ting-Lu|Heavy Slam|p2a: Iron Valiant
|-supereffective|p2a: Iron Valiant
|-damage|p2a: Iron Valiant|0 fnt
|faint|p2a: Iron Valiant
|-end|p2a: Iron Valiant|Quark Drive|[silent]
|
|-heal|p1a: Ting-Lu|77/100|[from] item: Leftovers
|upkeep
|
|t:|1779646626
|switch|p2a: Great Tusk|Great Tusk|100/100
|-enditem|p2a: Great Tusk|Booster Energy
|-activate|p2a: Great Tusk|ability: Protosynthesis|[fromitem]
|-start|p2a: Great Tusk|protosynthesisatk
|turn|10
|
|t:|1779646636
|move|p2a: Great Tusk|Close Combat|p1a: Ting-Lu
|-supereffective|p1a: Ting-Lu
|-damage|p1a: Ting-Lu|0 fnt
|-unboost|p2a: Great Tusk|def|1
|-unboost|p2a: Great Tusk|spd|1
|faint|p1a: Ting-Lu
|
|upkeep
|
|t:|1779646639
|switch|p1a: Hoopa|Hoopa-Unbound|100/100
|-activate|p1a: Hoopa|move: Sticky Web
|-unboost|p1a: Hoopa|spe|1
|turn|11
|
|t:|1779646656
|-terastallize|p1a: Hoopa|Psychic
|move|p2a: Great Tusk|Close Combat|p1a: Hoopa
|-resisted|p1a: Hoopa
|-damage|p1a: Hoopa|48/100
|-unboost|p2a: Great Tusk|def|1
|-unboost|p2a: Great Tusk|spd|1
|move|p1a: Hoopa|Zen Headbutt|p2a: Great Tusk
|-supereffective|p2a: Great Tusk
|-damage|p2a: Great Tusk|0 fnt
|faint|p2a: Great Tusk
|-end|p2a: Great Tusk|Protosynthesis|[silent]
|
|upkeep
|
|t:|1779646668
|switch|p2a: Raging Bolt|Raging Bolt|100/100
|-enditem|p2a: Raging Bolt|Booster Energy
|-activate|p2a: Raging Bolt|ability: Protosynthesis|[fromitem]
|-start|p2a: Raging Bolt|protosynthesisspa
|turn|12
|
|t:|1779646674
|move|p2a: Raging Bolt|Thunderbolt|p1a: Hoopa
|-damage|p1a: Hoopa|0 fnt
|faint|p1a: Hoopa
|
|upkeep
|
|t:|1779646676
|switch|p1a: The Alien|Deoxys-Speed|35/100
|-activate|p1a: The Alien|move: Sticky Web
|-unboost|p1a: The Alien|spe|1
|-ability|p1a: The Alien|Pressure
|turn|13
|inactive|cute vn has 270 seconds left.
|
|t:|1779646706
|move|p1a: The Alien|Psycho Boost|p2a: Raging Bolt
|-damage|p2a: Raging Bolt|45/100
|-unboost|p1a: The Alien|spa|2
|move|p2a: Raging Bolt|Thunderbolt|p1a: The Alien
|-damage|p1a: The Alien|0 fnt
|faint|p1a: The Alien
|
|upkeep
|
|t:|1779646715
|switch|p1a: Zapdos|Zapdos|15/100
|turn|14
|
|t:|1779646721
|move|p2a: Raging Bolt|Thunderbolt|p1a: Zapdos
|-damage|p1a: Zapdos|0 fnt
|faint|p1a: Zapdos
|
|win|cute vn
|c|☆iammewtuber|g
|player|p1|
|c|☆cute vn|gg
