|j|☆CopperCorndog
|j|☆Gengar_Fan!74
|t:|1779720765
|gametype|singles
|player|p1|CopperCorndog|swimmerf|1235
|player|p2|Gengar_Fan!74|worker|1252
|gen|9
|tier|[Gen 9] OU
|rated|
|rule|HP Percentage Mod: HP is shown in percentages
|rule|Endless Battle Clause: Forcing endless battles is banned
|rule|Species Clause: Limit one of each Pokémon
|rule|OHKO Clause: OHKO moves are banned
|rule|Evasion Items Clause: Evasion items are banned
|rule|Evasion Moves Clause: Evasion moves are banned
|rule|Evasion Abilities Clause: Evasion abilities are banned
|rule|Sleep Moves Clause: Sleep-inducing moves are banned
|clearpoke
|poke|p1|Tyranitar, M|
|poke|p1|Excadrill, F|
|poke|p1|Gholdengo|
|poke|p1|Scizor, F|
|poke|p1|Heatran, F|
|poke|p1|Gliscor, M|
|poke|p2|Ninetales-Alola, M|
|poke|p2|Espeon, M|
|poke|p2|Scizor, F|
|poke|p2|Decidueye-Hisui, M|
|poke|p2|Gengar, F|
|poke|p2|Garchomp, M|
|teampreview
|inactive|Battle timer is ON: inactive players will automatically lose when time's up. (requested by CopperCorndog)
|
|t:|1779720771
|teamsize|p1|6
|teamsize|p2|6
|start
|switch|p1a: Subway Slammer|Tyranitar, M, shiny|100/100
|switch|p2a: Espeon|Espeon, M|100/100
|-weather|Sandstorm|[from] ability: Sand Stream|[of] p1a: Subway Slammer
|turn|1
|
|t:|1779720780
|-terastallize|p2a: Espeon|Fairy
|move|p2a: Espeon|Dazzling Gleam|p1a: Subway Slammer
|-supereffective|p1a: Subway Slammer
|-damage|p1a: Subway Slammer|51/100
|move|p1a: Subway Slammer|Knock Off|p2a: Espeon
|-resisted|p2a: Espeon
|-damage|p2a: Espeon|50/100
|-enditem|p2a: Espeon|Leftovers|[from] move: Knock Off|[of] p1a: Subway Slammer
|
|-weather|Sandstorm|[upkeep]
|-damage|p2a: Espeon|44/100|[from] Sandstorm
|upkeep
|turn|2
|
|t:|1779720792
|switch|p1a: Coxless Pair|Heatran, F|100/100
|move|p2a: Espeon|Dazzling Gleam|p1a: Coxless Pair
|-resisted|p1a: Coxless Pair
|-damage|p1a: Coxless Pair|94/100
|
|-weather|Sandstorm|[upkeep]
|-damage|p2a: Espeon|38/100|[from] Sandstorm
|upkeep
|turn|3
|
|t:|1779720799
|move|p2a: Espeon|Thunder Wave|p1a: Coxless Pair
|-status|p1a: Coxless Pair|par
|move|p1a: Coxless Pair|Flash Cannon|p2a: Espeon
|-supereffective|p2a: Espeon
|-damage|p2a: Espeon|0 fnt
|faint|p2a: Espeon
|
|-weather|Sandstorm|[upkeep]
|upkeep
|
|t:|1779720811
|switch|p2a: Garchomp|Garchomp, M|100/100
|turn|4
|
|t:|1779720817
|switch|p1a: Invincible|Gliscor, M, shiny|100/100
|move|p2a: Garchomp|Stealth Rock|p1a: Invincible
|-sidestart|p1: CopperCorndog|move: Stealth Rock
|
|-weather|Sandstorm|[upkeep]
|-status|p1a: Invincible|tox|[from] item: Toxic Orb
|upkeep
|turn|5
|
|t:|1779720822
|move|p2a: Garchomp|Dragon Claw|p1a: Invincible
|-damage|p1a: Invincible|76/100 tox
|move|p1a: Invincible|Toxic|p2a: Garchomp|[miss]
|-miss|p1a: Invincible|p2a: Garchomp
|
|-weather|Sandstorm|[upkeep]
|-heal|p1a: Invincible|88/100 tox|[from] ability: Poison Heal
|upkeep
|turn|6
|
|t:|1779720831
|move|p2a: Garchomp|Dragon Claw|p1a: Invincible
|-damage|p1a: Invincible|66/100 tox
|move|p1a: Invincible|Swords Dance|p1a: Invincible
|-boost|p1a: Invincible|atk|2
|
|-weather|Sandstorm|[upkeep]
|-heal|p1a: Invincible|78/100 tox|[from] ability: Poison Heal
|upkeep
|turn|7
|
|t:|1779720834
|move|p2a: Garchomp|Dragon Claw|p1a: Invincible
|-damage|p1a: Invincible|57/100 tox
|move|p1a: Invincible|Toxic|p2a: Garchomp
|-status|p2a: Garchomp|tox
|
|-weather|Sandstorm|[upkeep]
|-damage|p2a: Garchomp|94/100 tox|[from] psn
|-heal|p1a: Invincible|69/100 tox|[from] ability: Poison Heal
|upkeep
|turn|8
|
|t:|1779720843
|move|p2a: Garchomp|Dragon Claw|p1a: Invincible
|-damage|p1a: Invincible|45/100 tox
|move|p1a: Invincible|Swords Dance|p1a: Invincible
|-boost|p1a: Invincible|atk|2
|
|-weather|none
|-damage|p2a: Garchomp|82/100 tox|[from] psn
|-heal|p1a: Invincible|57/100 tox|[from] ability: Poison Heal
|upkeep
|turn|9
|
|t:|1779720846
|move|p1a: Invincible|Protect|p1a: Invincible
|-singleturn|p1a: Invincible|Protect
|move|p2a: Garchomp|Dragon Claw|p1a: Invincible
|-activate|p1a: Invincible|move: Protect
|
|-damage|p2a: Garchomp|63/100 tox|[from] psn
|-heal|p1a: Invincible|70/100 tox|[from] ability: Poison Heal
|upkeep
|turn|10
|
|t:|1779720855
|move|p2a: Garchomp|Dragon Claw|p1a: Invincible
|-damage|p1a: Invincible|48/100 tox
|move|p1a: Invincible|Swords Dance|p1a: Invincible
|-boost|p1a: Invincible|atk|2
|
|-damage|p2a: Garchomp|39/100 tox|[from] psn
|-heal|p1a: Invincible|61/100 tox|[from] ability: Poison Heal
|upkeep
|turn|11
|
|t:|1779720857
|switch|p2a: Ninetales|Ninetales-Alola, M|100/100
|-weather|Snowscape|[from] ability: Snow Warning|[of] p2a: Ninetales
|move|p1a: Invincible|Protect||[still]
|-fail|p1a: Invincible
|
|-weather|Snowscape|[upkeep]
|-heal|p1a: Invincible|73/100 tox|[from] ability: Poison Heal
|upkeep
|turn|12
|
|t:|1779720865
|-terastallize|p1a: Invincible|Water
|move|p2a: Ninetales|Blizzard|p1a: Invincible
|-resisted|p1a: Invincible
|-damage|p1a: Invincible|49/100 tox
|move|p1a: Invincible|Toxic|p2a: Ninetales|[miss]
|-miss|p1a: Invincible|p2a: Ninetales
|
|-weather|Snowscape|[upkeep]
|-heal|p1a: Invincible|61/100 tox|[from] ability: Poison Heal
|upkeep
|turn|13
|
|t:|1779720871
|move|p2a: Ninetales|Freeze-Dry|p1a: Invincible
|-supereffective|p1a: Invincible
|-damage|p1a: Invincible|0 fnt
|faint|p1a: Invincible
|
|-weather|Snowscape|[upkeep]
|upkeep
|
|t:|1779720878
|switch|p1a: Solo RICO Case|Scizor, F|100/100
|-damage|p1a: Solo RICO Case|88/100|[from] Stealth Rock
|turn|14
|
|t:|1779720882
|move|p1a: Solo RICO Case|Bullet Punch|p2a: Ninetales
|-supereffective|p2a: Ninetales
|-damage|p2a: Ninetales|0 fnt
|faint|p2a: Ninetales
|
|-weather|Snowscape|[upkeep]
|upkeep
|
|t:|1779720892
|switch|p2a: Gengar|Gengar, F, shiny|100/100
|turn|15
|
|t:|1779720895
|move|p1a: Solo RICO Case|Bullet Punch|p2a: Gengar
|-enditem|p2a: Gengar|Focus Sash
|-damage|p2a: Gengar|1/100
|move|p2a: Gengar|Shadow Ball|p1a: Solo RICO Case
|-damage|p1a: Solo RICO Case|42/100
|
|-weather|none
|upkeep
|turn|16
|
|t:|1779720903
|switch|p2a: Scizor|Scizor, F|100/100
|move|p1a: Solo RICO Case|Bullet Punch|p2a: Scizor
|-resisted|p2a: Scizor
|-crit|p2a: Scizor
|-damage|p2a: Scizor|63/100
|
|upkeep
|turn|17
|
|t:|1779720912
|switch|p1a: Subway Slammer|Tyranitar, M, shiny|51/100
|-damage|p1a: Subway Slammer|39/100|[from] Stealth Rock
|-weather|Sandstorm|[from] ability: Sand Stream|[of] p1a: Subway Slammer
|move|p2a: Scizor|Swords Dance|p2a: Scizor
|-boost|p2a: Scizor|atk|2
|
|-weather|Sandstorm|[upkeep]
|upkeep
|turn|18
|
|t:|1779720928
|switch|p1a: Solo RICO Case|Scizor, F|42/100
|-damage|p1a: Solo RICO Case|30/100|[from] Stealth Rock
|move|p2a: Scizor|Bullet Punch|p1a: Solo RICO Case
|-resisted|p1a: Solo RICO Case
|-crit|p1a: Solo RICO Case
|-damage|p1a: Solo RICO Case|0 fnt
|faint|p1a: Solo RICO Case
|-damage|p2a: Scizor|53/100|[from] item: Life Orb
|
|-weather|Sandstorm|[upkeep]
|upkeep
|
|t:|1779720933
|switch|p1a: Coxless Pair|Heatran, F|94/100 par
|-damage|p1a: Coxless Pair|82/100 par|[from] Stealth Rock
|turn|19
|
|t:|1779720938
|switch|p2a: Garchomp|Garchomp, M|39/100 tox
|move|p1a: Coxless Pair|Heat Wave|p2a: Garchomp
|-resisted|p2a: Garchomp
|-damage|p2a: Garchomp|12/100 tox
|
|-weather|Sandstorm|[upkeep]
|-damage|p2a: Garchomp|6/100 tox|[from] psn
|upkeep
|turn|20
|
|t:|1779720955
|switch|p1a: Triple T|Gholdengo, shiny|100/100
|-damage|p1a: Triple T|94/100|[from] Stealth Rock
|move|p2a: Garchomp|Earthquake|p1a: Triple T
|-supereffective|p1a: Triple T
|-damage|p1a: Triple T|0 fnt
|faint|p1a: Triple T
|
|-weather|Sandstorm|[upkeep]
|-damage|p2a: Garchomp|0 fnt|[from] psn
|faint|p2a: Garchomp
|upkeep
|
|t:|1779720966
|switch|p2a: Gengar|Gengar, F, shiny|1/100
|switch|p1a: Coxless Pair|Heatran, F|82/100 par
|-damage|p1a: Coxless Pair|69/100 par|[from] Stealth Rock
|turn|21
|
|t:|1779720974
|switch|p1a: Subway Slammer|Tyranitar, M, shiny|39/100
|-damage|p1a: Subway Slammer|26/100|[from] Stealth Rock
|move|p2a: Gengar|Destiny Bond|p2a: Gengar
|-singlemove|p2a: Gengar|Destiny Bond
|
|-weather|Sandstorm|[upkeep]
|-damage|p2a: Gengar|0 fnt|[from] Sandstorm
|faint|p2a: Gengar
|upkeep
|
|t:|1779720977
|switch|p2a: Decidueye|Decidueye-Hisui, M|100/100
|turn|22
|
|t:|1779720987
|move|p2a: Decidueye|Triple Arrows|p1a: Subway Slammer
|-supereffective|p1a: Subway Slammer
|-crit|p1a: Subway Slammer
|-damage|p1a: Subway Slammer|0 fnt
|faint|p1a: Subway Slammer
|
|-weather|Sandstorm|[upkeep]
|-damage|p2a: Decidueye|95/100|[from] Sandstorm
|upkeep
|
|t:|1779720995
|switch|p1a: Coxless Pair|Heatran, F|69/100 par
|-damage|p1a: Coxless Pair|57/100 par|[from] Stealth Rock
|turn|23
|
|t:|1779720998
|move|p2a: Decidueye|Triple Arrows|p1a: Coxless Pair
|-supereffective|p1a: Coxless Pair
|-damage|p1a: Coxless Pair|0 fnt
|faint|p1a: Coxless Pair
|
|-weather|Sandstorm|[upkeep]
|-damage|p2a: Decidueye|89/100|[from] Sandstorm
|upkeep
|
|t:|1779721000
|switch|p1a: Ferrus Manus|Excadrill, F|100/100
|-damage|p1a: Ferrus Manus|97/100|[from] Stealth Rock
|turn|24
|
|t:|1779721007
|move|p1a: Ferrus Manus|Iron Head|p2a: Decidueye
|-damage|p2a: Decidueye|27/100
|move|p2a: Decidueye|Triple Arrows|p1a: Ferrus Manus
|-supereffective|p1a: Ferrus Manus
|-crit|p1a: Ferrus Manus
|-damage|p1a: Ferrus Manus|0 fnt
|faint|p1a: Ferrus Manus
|
|win|Gengar_Fan!74
|raw|CopperCorndog's rating: 1235 &rarr; <strong>1211</strong><br />(-24 for losing)
|raw|Gengar_Fan!74's rating: 1252 &rarr; <strong>1276</strong><br />(+24 for winning)
|l|☆CopperCorndog
|player|p1|
|l|☆Gengar_Fan!74
|player|p2|
