|j|☆Xiguana
|j|☆pepinoloko
|t:|1779706746
|gametype|singles
|player|p1|Xiguana|1|1434
|player|p2|pepinoloko|byron|1412
|gen|9
|tier|[Gen 9] OU
|rated|
|rule|HP Percentage Mod: HP is shown in percentages
|rule|Endless Battle Clause: Forcing endless battles is banned
|rule|Species Clause: Limit one of each Pokémon
|rule|OHKO Clause: OHKO moves are banned
|rule|Evasion Items Clause: Evasion items are banned
|rule|Evasion Moves Clause: Evasion moves are banned
|rule|Evasion Abilities Clause: Evasion abilities are banned
|rule|Sleep Moves Clause: Sleep-inducing moves are banned
|clearpoke
|poke|p1|Zamazenta-*|
|poke|p1|Dragapult, M|
|poke|p1|Pecharunt|
|poke|p1|Ogerpon-Wellspring, F|
|poke|p1|Iron Treads|
|poke|p1|Kingambit, F|
|poke|p2|Salazzle, F|
|poke|p2|Zoroark-Hisui, M|
|poke|p2|Cinderace, M|
|poke|p2|Toxapex, F|
|poke|p2|Chesnaught, M|
|poke|p2|Grimmsnarl, M|
|teampreview
|inactive|Battle timer is ON: inactive players will automatically lose when time's up. (requested by pepinoloko)
|
|t:|1779706765
|teamsize|p1|6
|teamsize|p2|6
|start
|switch|p1a: Ogerpon|Ogerpon-Wellspring, F|100/100
|switch|p2a: Love has a name|Grimmsnarl, M|100/100
|turn|1
|inactive|Xiguana has 120 seconds left.
|
|t:|1779706799
|move|p2a: Love has a name|Parting Shot|p1a: Ogerpon
|-unboost|p1a: Ogerpon|atk|1
|-unboost|p1a: Ogerpon|spa|1
|
|t:|1779706803
|switch|p2a: Sin poisons|Toxapex, F, shiny|100/100|[from] Parting Shot
|move|p1a: Ogerpon|Swords Dance|p1a: Ogerpon
|-boost|p1a: Ogerpon|atk|2
|
|upkeep
|turn|2
|
|t:|1779706806
|move|p1a: Ogerpon|Substitute|p1a: Ogerpon
|-start|p1a: Ogerpon|Substitute
|-damage|p1a: Ogerpon|76/100
|move|p2a: Sin poisons|Toxic||[still]
|-fail|p2a: Sin poisons
|
|upkeep
|turn|3
|
|t:|1779706810
|switch|p2a: Forgive|Salazzle, F|100/100
|move|p1a: Ogerpon|Swords Dance|p1a: Ogerpon
|-boost|p1a: Ogerpon|atk|2
|
|upkeep
|turn|4
|
|t:|1779706818
|move|p2a: Forgive|Encore|p1a: Ogerpon
|-start|p1a: Ogerpon|Encore
|move|p1a: Ogerpon|Swords Dance|p1a: Ogerpon
|-boost|p1a: Ogerpon|atk|2
|
|upkeep
|turn|5
|
|t:|1779706827
|move|p2a: Forgive|Toxic||[still]
|-fail|p2a: Forgive
|move|p1a: Ogerpon|Swords Dance|p1a: Ogerpon
|-boost|p1a: Ogerpon|atk|1
|
|upkeep
|turn|6
|
|t:|1779706830
|move|p2a: Forgive|Flamethrower|p1a: Ogerpon
|-end|p1a: Ogerpon|Substitute
|move|p1a: Ogerpon|Swords Dance|p1a: Ogerpon
|-boost|p1a: Ogerpon|atk|0
|
|-end|p1a: Ogerpon|Encore
|upkeep
|turn|7
|
|t:|1779706845
|-terastallize|p1a: Ogerpon|Water
|detailschange|p1a: Ogerpon|Ogerpon-Wellspring-Tera, F, tera:Water
|-ability|p1a: Ogerpon|Embody Aspect (Wellspring)|boost
|-boost|p1a: Ogerpon|spd|1
|move|p2a: Forgive|Encore|p1a: Ogerpon
|-start|p1a: Ogerpon|Encore
|move|p1a: Ogerpon|Swords Dance|p1a: Ogerpon
|-boost|p1a: Ogerpon|atk|0
|
|upkeep
|turn|8
|
|t:|1779706851
|move|p2a: Forgive|Toxic|p1a: Ogerpon
|-status|p1a: Ogerpon|tox
|move|p1a: Ogerpon|Swords Dance|p1a: Ogerpon
|-boost|p1a: Ogerpon|atk|0
|
|-damage|p1a: Ogerpon|70/100 tox|[from] psn
|upkeep
|turn|9
|
|t:|1779706854
|move|p2a: Forgive|Toxic|p1a: Ogerpon
|-fail|p1a: Ogerpon|tox
|move|p1a: Ogerpon|Swords Dance|p1a: Ogerpon
|-boost|p1a: Ogerpon|atk|0
|
|-damage|p1a: Ogerpon|58/100 tox|[from] psn
|-end|p1a: Ogerpon|Encore
|upkeep
|turn|10
|
|t:|1779706862
|move|p2a: Forgive|Encore|p1a: Ogerpon
|-start|p1a: Ogerpon|Encore
|move|p1a: Ogerpon|Swords Dance|p1a: Ogerpon
|-boost|p1a: Ogerpon|atk|0
|
|-damage|p1a: Ogerpon|40/100 tox|[from] psn
|upkeep
|turn|11
|
|t:|1779706871
|switch|p1a: Pecharunt|Pecharunt|100/100
|move|p2a: Forgive|Flamethrower|p1a: Pecharunt
|-damage|p1a: Pecharunt|68/100
|-status|p1a: Pecharunt|brn
|
|-heal|p1a: Pecharunt|74/100 brn|[from] item: Leftovers
|-damage|p1a: Pecharunt|68/100 brn|[from] brn
|upkeep
|turn|12
|
|t:|1779706877
|move|p2a: Forgive|Substitute|p2a: Forgive
|-start|p2a: Forgive|Substitute
|-damage|p2a: Forgive|76/100
|move|p1a: Pecharunt|Malignant Chain|p2a: Forgive
|-resisted|p2a: Forgive
|-activate|p2a: Forgive|move: Substitute|[damage]
|
|-heal|p2a: Forgive|82/100|[from] item: Leftovers
|-heal|p1a: Pecharunt|74/100 brn|[from] item: Leftovers
|-damage|p1a: Pecharunt|68/100 brn|[from] brn
|upkeep
|turn|13
|
|t:|1779706882
|move|p2a: Forgive|Flamethrower|p1a: Pecharunt
|-damage|p1a: Pecharunt|36/100 brn
|move|p1a: Pecharunt|Shadow Ball|p2a: Forgive
|-end|p2a: Forgive|Substitute
|
|-heal|p2a: Forgive|88/100|[from] item: Leftovers
|-heal|p1a: Pecharunt|42/100 brn|[from] item: Leftovers
|-damage|p1a: Pecharunt|36/100 brn|[from] brn
|upkeep
|turn|14
|inactive|Xiguana has 120 seconds left.
|
|t:|1779706915
|move|p2a: Forgive|Encore|p1a: Pecharunt
|-start|p1a: Pecharunt|Encore
|move|p1a: Pecharunt|Shadow Ball|p2a: Forgive
|-damage|p2a: Forgive|53/100
|
|-heal|p2a: Forgive|59/100|[from] item: Leftovers
|-heal|p1a: Pecharunt|42/100 brn|[from] item: Leftovers
|-damage|p1a: Pecharunt|36/100 brn|[from] brn
|upkeep
|turn|15
|
|t:|1779706919
|move|p2a: Forgive|Flamethrower|p1a: Pecharunt
|-damage|p1a: Pecharunt|0 fnt
|faint|p1a: Pecharunt
|
|-heal|p2a: Forgive|65/100|[from] item: Leftovers
|upkeep
|inactive|Xiguana has 120 seconds left.
|
|t:|1779706937
|switch|p1a: Zamazenta|Zamazenta|100/100
|-ability|p1a: Zamazenta|Dauntless Shield|boost
|-boost|p1a: Zamazenta|def|1
|turn|16
|
|t:|1779706942
|switch|p2a: Chesnaught|Chesnaught, M|100/100
|move|p1a: Zamazenta|Light Screen|p1a: Zamazenta
|-sidestart|p1: Xiguana|move: Light Screen
|
|upkeep
|turn|17
|
|t:|1779706947
|move|p1a: Zamazenta|Reflect|p1a: Zamazenta
|-sidestart|p1: Xiguana|Reflect
|move|p2a: Chesnaught|Knock Off|p1a: Zamazenta
|-resisted|p1a: Zamazenta
|-damage|p1a: Zamazenta|97/100
|-enditem|p1a: Zamazenta|Light Clay|[from] move: Knock Off|[of] p2a: Chesnaught
|
|upkeep
|turn|18
|
|t:|1779706952
|move|p1a: Zamazenta|Close Combat|p2a: Chesnaught
|-damage|p2a: Chesnaught|71/100
|-unboost|p1a: Zamazenta|def|1
|-unboost|p1a: Zamazenta|spd|1
|-damage|p1a: Zamazenta|81/100|[from] item: Rocky Helmet|[of] p2a: Chesnaught
|move|p2a: Chesnaught|Leech Seed|p1a: Zamazenta
|-start|p1a: Zamazenta|move: Leech Seed
|
|-damage|p1a: Zamazenta|69/100|[from] Leech Seed|[of] p2a: Chesnaught
|-heal|p2a: Chesnaught|84/100|[silent]
|upkeep
|turn|19
|
|t:|1779706963
|switch|p1a: Dragapult|Dragapult, M|100/100
|move|p2a: Chesnaught|Leech Seed|p1a: Dragapult|[miss]
|-miss|p2a: Chesnaught|p1a: Dragapult
|
|upkeep
|turn|20
|
|t:|1779706968
|switch|p2a: Love has a name|Grimmsnarl, M|100/100
|move|p1a: Dragapult|Substitute|p1a: Dragapult
|-start|p1a: Dragapult|Substitute
|-damage|p1a: Dragapult|76/100
|
|-heal|p1a: Dragapult|82/100|[from] item: Leftovers
|upkeep
|turn|21
|
|t:|1779706980
|switch|p2a: Forgive|Salazzle, F|100/100
|move|p1a: Dragapult|Dragon Dance|p1a: Dragapult
|-boost|p1a: Dragapult|atk|1
|-boost|p1a: Dragapult|spe|1
|
|-heal|p1a: Dragapult|88/100|[from] item: Leftovers
|upkeep
|turn|22
|
|t:|1779706988
|move|p1a: Dragapult|Dragon Darts|p2a: Forgive
|-damage|p2a: Forgive|18/100
|replace|p2a: The end is nigh|Zoroark-Hisui, M
|-end|p2a: The end is nigh|Illusion
|-anim|p1a: Dragapult|Dragon Darts|p2a: The end is nigh
|-damage|p2a: The end is nigh|0 fnt
|faint|p2a: The end is nigh
|
|-heal|p1a: Dragapult|94/100|[from] item: Leftovers
|upkeep
|
|t:|1779706993
|switch|p2a: Chesnaught|Chesnaught, M|84/100
|turn|23
|
|t:|1779707011
|move|p1a: Dragapult|Dragon Dance|p1a: Dragapult
|-boost|p1a: Dragapult|atk|1
|-boost|p1a: Dragapult|spe|1
|move|p2a: Chesnaught|Knock Off|p1a: Dragapult
|-supereffective|p1a: Dragapult
|-end|p1a: Dragapult|Substitute
|
|-heal|p1a: Dragapult|99/100|[from] item: Leftovers
|-sideend|p1: Xiguana|move: Light Screen
|upkeep
|turn|24
|
|t:|1779707025
|move|p1a: Dragapult|Phantom Force||[still]
|-prepare|p1a: Dragapult|Phantom Force
|move|p2a: Chesnaught|Knock Off|p1a: Dragapult|[miss]
|-miss|p2a: Chesnaught|p1a: Dragapult
|
|-heal|p1a: Dragapult|100/100|[from] item: Leftovers
|-sideend|p1: Xiguana|Reflect
|upkeep
|turn|25
|
|t:|1779707028
|move|p1a: Dragapult|Phantom Force|p2a: Chesnaught|[from] lockedmove
|-damage|p2a: Chesnaught|28/100
|-damage|p1a: Dragapult|84/100|[from] item: Rocky Helmet|[of] p2a: Chesnaught
|move|p2a: Chesnaught|Knock Off|p1a: Dragapult
|-supereffective|p1a: Dragapult
|-damage|p1a: Dragapult|26/100
|-enditem|p1a: Dragapult|Leftovers|[from] move: Knock Off|[of] p2a: Chesnaught
|
|upkeep
|turn|26
|
|t:|1779707041
|switch|p2a: Sin poisons|Toxapex, F, shiny|100/100
|move|p1a: Dragapult|Phantom Force||[still]
|-prepare|p1a: Dragapult|Phantom Force
|
|upkeep
|turn|27
|
|t:|1779707045
|move|p2a: Sin poisons|Baneful Bunker|p2a: Sin poisons
|-singleturn|p2a: Sin poisons|move: Protect
|move|p1a: Dragapult|Phantom Force|p2a: Sin poisons|[from] lockedmove
|-activate|p2a: Sin poisons|move: Phantom Force|[broken]
|-damage|p2a: Sin poisons|33/100
|
|-heal|p2a: Sin poisons|39/100|[from] item: Leftovers
|upkeep
|turn|28
|
|t:|1779707052
|move|p1a: Dragapult|Dragon Darts|p2a: Sin poisons
|-damage|p2a: Sin poisons|0 fnt
|faint|p2a: Sin poisons
|
|upkeep
|
|t:|1779707057
|switch|p2a: I U-turn on U|Cinderace, M|100/100
|turn|29
|
|t:|1779707066
|move|p2a: I U-turn on U|Sucker Punch|p1a: Dragapult
|-start|p2a: I U-turn on U|typechange|Dark|[from] ability: Libero
|-supereffective|p1a: Dragapult
|-damage|p1a: Dragapult|0 fnt
|faint|p1a: Dragapult
|
|upkeep
|
|t:|1779707090
|switch|p1a: Iron Treads|Iron Treads|100/100
|-enditem|p1a: Iron Treads|Booster Energy
|-activate|p1a: Iron Treads|ability: Quark Drive|[fromitem]
|-start|p1a: Iron Treads|quarkdrivespe
|turn|30
|
|t:|1779707100
|move|p1a: Iron Treads|Knock Off|p2a: I U-turn on U
|-resisted|p2a: I U-turn on U
|-crit|p2a: I U-turn on U
|-damage|p2a: I U-turn on U|68/100
|-enditem|p2a: I U-turn on U|Heavy-Duty Boots|[from] move: Knock Off|[of] p1a: Iron Treads
|move|p2a: I U-turn on U|Pyro Ball|p1a: Iron Treads
|-supereffective|p1a: Iron Treads
|-damage|p1a: Iron Treads|34/100
|-status|p1a: Iron Treads|brn
|
|-damage|p1a: Iron Treads|28/100 brn|[from] brn
|upkeep
|turn|31
|
|t:|1779707107
|move|p1a: Iron Treads|Earthquake|p2a: I U-turn on U
|-damage|p2a: I U-turn on U|37/100
|move|p2a: I U-turn on U|Court Change||[still]
|-fail|p2a: I U-turn on U
|
|-damage|p1a: Iron Treads|21/100 brn|[from] brn
|upkeep
|turn|32
|
|t:|1779707118
|move|p2a: I U-turn on U|Sucker Punch|p1a: Iron Treads
|-crit|p1a: Iron Treads
|-damage|p1a: Iron Treads|0 fnt
|faint|p1a: Iron Treads
|-end|p1a: Iron Treads|Quark Drive|[silent]
|
|upkeep
|
|t:|1779707124
|switch|p1a: Zamazenta|Zamazenta|69/100
|turn|33
|
|t:|1779707130
|switch|p2a: Chesnaught|Chesnaught, M|28/100
|move|p1a: Zamazenta|Close Combat|p2a: Chesnaught
|-damage|p2a: Chesnaught|0 fnt
|-unboost|p1a: Zamazenta|def|1
|-unboost|p1a: Zamazenta|spd|1
|-damage|p1a: Zamazenta|52/100|[from] item: Rocky Helmet|[of] p2a: Chesnaught
|faint|p2a: Chesnaught
|
|upkeep
|
|t:|1779707136
|switch|p2a: Forgive|Salazzle, F|65/100
|turn|34
|
|t:|1779707153
|move|p1a: Zamazenta|Light Screen|p1a: Zamazenta
|-sidestart|p1: Xiguana|move: Light Screen
|move|p2a: Forgive|Toxic|p1a: Zamazenta
|-status|p1a: Zamazenta|tox
|
|-heal|p2a: Forgive|71/100|[from] item: Leftovers
|-damage|p1a: Zamazenta|46/100 tox|[from] psn
|upkeep
|turn|35
|
|t:|1779707164
|move|p1a: Zamazenta|Close Combat|p2a: Forgive
|-resisted|p2a: Forgive
|-damage|p2a: Forgive|34/100
|-unboost|p1a: Zamazenta|def|1
|-unboost|p1a: Zamazenta|spd|1
|move|p2a: Forgive|Encore|p1a: Zamazenta
|-start|p1a: Zamazenta|Encore
|
|-heal|p2a: Forgive|40/100|[from] item: Leftovers
|-damage|p1a: Zamazenta|33/100 tox|[from] psn
|upkeep
|turn|36
|
|t:|1779707176
|move|p1a: Zamazenta|Close Combat|p2a: Forgive
|-resisted|p2a: Forgive
|-crit|p2a: Forgive
|-damage|p2a: Forgive|0 fnt
|-unboost|p1a: Zamazenta|def|1
|-unboost|p1a: Zamazenta|spd|1
|faint|p2a: Forgive
|
|-damage|p1a: Zamazenta|15/100 tox|[from] psn
|upkeep
|
|t:|1779707181
|switch|p2a: I U-turn on U|Cinderace, M|37/100
|turn|37
|
|t:|1779707184
|move|p2a: I U-turn on U|Sucker Punch|p1a: Zamazenta
|-start|p2a: I U-turn on U|typechange|Dark|[from] ability: Libero
|-resisted|p1a: Zamazenta
|-damage|p1a: Zamazenta|0 fnt
|faint|p1a: Zamazenta
|
|upkeep
|
|t:|1779707195
|switch|p1a: Kingambit|Kingambit, F|100/100
|-activate|p1a: Kingambit|ability: Supreme Overlord
|-start|p1a: Kingambit|fallen4|[silent]
|turn|38
|
|t:|1779707208
|move|p2a: I U-turn on U|U-turn|p1a: Kingambit
|-damage|p1a: Kingambit|81/100
|
|t:|1779707210
|switch|p2a: Love has a name|Grimmsnarl, M|100/100|[from] U-turn
|move|p1a: Kingambit|Iron Head|p2a: Love has a name
|-supereffective|p2a: Love has a name
|-damage|p2a: Love has a name|0 fnt
|faint|p2a: Love has a name
|
|-heal|p1a: Kingambit|87/100|[from] item: Leftovers
|-sideend|p1: Xiguana|move: Light Screen
|upkeep
|-message|pepinoloko forfeited.
|
|win|Xiguana
|raw|Xiguana's rating: 1434 &rarr; <strong>1453</strong><br />(+19 for winning)
|raw|pepinoloko's rating: 1412 &rarr; <strong>1393</strong><br />(-19 for losing)
|l|☆pepinoloko
|player|p2|
|l|☆Xiguana
|player|p1|
