|j|☆stoopley
|j|☆Louissj8
|t:|1779630126
|gametype|singles
|player|p1|stoopley|lucas|1141
|player|p2|Louissj8|lucas|1083
|gen|9
|tier|[Gen 9] OU
|rated|
|rule|HP Percentage Mod: HP is shown in percentages
|rule|Endless Battle Clause: Forcing endless battles is banned
|rule|Species Clause: Limit one of each Pokémon
|rule|OHKO Clause: OHKO moves are banned
|rule|Evasion Items Clause: Evasion items are banned
|rule|Evasion Moves Clause: Evasion moves are banned
|rule|Evasion Abilities Clause: Evasion abilities are banned
|rule|Sleep Moves Clause: Sleep-inducing moves are banned
|clearpoke
|poke|p1|Dugtrio, F|
|poke|p1|Gothitelle, F|
|poke|p1|Cloyster, M|
|poke|p1|Mienshao, F|
|poke|p1|Staraptor, M|
|poke|p1|Vileplume, M|
|poke|p2|Toxapex, M|
|poke|p2|Amoonguss, M|
|poke|p2|Clodsire, M|
|poke|p2|Skeledirge, M|
|poke|p2|Garganacl, F|
|poke|p2|Corviknight, M|
|teampreview
|inactive|Battle timer is ON: inactive players will automatically lose when time's up. (requested by stoopley)
|
|t:|1779630133
|teamsize|p1|6
|teamsize|p2|6
|start
|switch|p1a: The Cloy|Cloyster, M, shiny|100/100
|switch|p2a: Clodsire|Clodsire, M|100/100
|turn|1
|
|t:|1779630142
|move|p1a: The Cloy|Shell Smash|p1a: The Cloy
|-unboost|p1a: The Cloy|def|1
|-unboost|p1a: The Cloy|spd|1
|-boost|p1a: The Cloy|atk|2
|-boost|p1a: The Cloy|spa|2
|-boost|p1a: The Cloy|spe|2
|move|p2a: Clodsire|Stealth Rock|p1a: The Cloy
|-sidestart|p1: stoopley|move: Stealth Rock
|
|upkeep
|turn|2
|
|t:|1779630152
|move|p1a: The Cloy|Icicle Spear|p2a: Clodsire
|-supereffective|p2a: Clodsire
|-damage|p2a: Clodsire|74/100
|-supereffective|p2a: Clodsire
|-damage|p2a: Clodsire|48/100
|-supereffective|p2a: Clodsire
|-damage|p2a: Clodsire|20/100
|-supereffective|p2a: Clodsire
|-damage|p2a: Clodsire|0 fnt
|faint|p2a: Clodsire
|-hitcount|p2: Clodsire|4
|
|upkeep
|
|t:|1779630165
|switch|p2a: Corviknight|Corviknight, M|100/100
|-ability|p2a: Corviknight|Pressure
|turn|3
|
|t:|1779630173
|move|p1a: The Cloy|Icicle Spear|p2a: Corviknight
|-damage|p2a: Corviknight|87/100
|-damage|p2a: Corviknight|73/100
|-damage|p2a: Corviknight|59/100
|-damage|p2a: Corviknight|44/100
|-damage|p2a: Corviknight|31/100
|-hitcount|p2a: Corviknight|5
|move|p2a: Corviknight|Body Press|p1a: The Cloy
|-supereffective|p1a: The Cloy
|-damage|p1a: The Cloy|32/100
|
|upkeep
|turn|4
|
|t:|1779630185
|move|p1a: The Cloy|Icicle Spear|p2a: Corviknight
|-damage|p2a: Corviknight|16/100
|-damage|p2a: Corviknight|2/100
|-damage|p2a: Corviknight|0 fnt
|faint|p2a: Corviknight
|-hitcount|p2: Corviknight|3
|
|upkeep
|
|t:|1779630198
|switch|p2a: Toxapex|Toxapex, M|100/100
|turn|5
|
|t:|1779630208
|move|p1a: The Cloy|Icicle Spear|p2a: Toxapex
|-resisted|p2a: Toxapex
|-damage|p2a: Toxapex|92/100
|-resisted|p2a: Toxapex
|-damage|p2a: Toxapex|84/100
|-resisted|p2a: Toxapex
|-damage|p2a: Toxapex|76/100
|-resisted|p2a: Toxapex
|-damage|p2a: Toxapex|68/100
|-resisted|p2a: Toxapex
|-damage|p2a: Toxapex|60/100
|-hitcount|p2a: Toxapex|5
|move|p2a: Toxapex|Recover|p2a: Toxapex
|-heal|p2a: Toxapex|100/100
|
|upkeep
|turn|6
|
|t:|1779630221
|move|p1a: The Cloy|Icicle Spear|p2a: Toxapex
|-resisted|p2a: Toxapex
|-damage|p2a: Toxapex|93/100
|-resisted|p2a: Toxapex
|-damage|p2a: Toxapex|85/100
|-resisted|p2a: Toxapex
|-damage|p2a: Toxapex|77/100
|-resisted|p2a: Toxapex
|-damage|p2a: Toxapex|69/100
|-resisted|p2a: Toxapex
|-damage|p2a: Toxapex|60/100
|-hitcount|p2a: Toxapex|5
|move|p2a: Toxapex|Toxic|p1a: The Cloy
|-status|p1a: The Cloy|tox
|
|-damage|p1a: The Cloy|26/100 tox|[from] psn
|upkeep
|turn|7
|
|t:|1779630236
|move|p1a: The Cloy|Icicle Spear|p2a: Toxapex
|-resisted|p2a: Toxapex
|-damage|p2a: Toxapex|53/100
|-resisted|p2a: Toxapex
|-damage|p2a: Toxapex|46/100
|-resisted|p2a: Toxapex
|-crit|p2a: Toxapex
|-damage|p2a: Toxapex|34/100
|-resisted|p2a: Toxapex
|-damage|p2a: Toxapex|26/100
|-resisted|p2a: Toxapex
|-damage|p2a: Toxapex|18/100
|-hitcount|p2a: Toxapex|5
|move|p2a: Toxapex|Recover|p2a: Toxapex
|-heal|p2a: Toxapex|68/100
|
|-damage|p1a: The Cloy|14/100 tox|[from] psn
|upkeep
|turn|8
|
|t:|1779630254
|move|p1a: The Cloy|Icicle Spear|p2a: Toxapex
|-resisted|p2a: Toxapex
|-damage|p2a: Toxapex|60/100
|-resisted|p2a: Toxapex
|-damage|p2a: Toxapex|52/100
|-resisted|p2a: Toxapex
|-damage|p2a: Toxapex|44/100
|-resisted|p2a: Toxapex
|-damage|p2a: Toxapex|35/100
|-resisted|p2a: Toxapex
|-damage|p2a: Toxapex|27/100
|-hitcount|p2a: Toxapex|5
|move|p2a: Toxapex|Haze|p2a: Toxapex
|-clearallboost
|
|-damage|p1a: The Cloy|0 fnt|[from] psn
|faint|p1a: The Cloy
|upkeep
|
|t:|1779630271
|switch|p1a: Goth girl|Gothitelle, F, shiny|100/100
|-damage|p1a: Goth girl|88/100|[from] Stealth Rock
|-item|p2a: Toxapex|Covert Cloak|[from] ability: Frisk|[of] p1a: Goth girl
|turn|9
|
|t:|1779630277
|move|p1a: Goth girl|Psychic|p2a: Toxapex
|-supereffective|p2a: Toxapex
|-damage|p2a: Toxapex|0 fnt
|faint|p2a: Toxapex
|
|-heal|p1a: Goth girl|94/100|[from] item: Leftovers
|upkeep
|
|t:|1779630286
|switch|p2a: Skeledirge|Skeledirge, M|100/100
|turn|10
|
|t:|1779630296
|move|p2a: Skeledirge|Hex|p1a: Goth girl
|-supereffective|p1a: Goth girl
|-damage|p1a: Goth girl|52/100
|move|p1a: Goth girl|Dark Pulse|p2a: Skeledirge
|-supereffective|p2a: Skeledirge
|-damage|p2a: Skeledirge|63/100
|
|-heal|p1a: Goth girl|58/100|[from] item: Leftovers
|upkeep
|turn|11
|
|t:|1779630305
|move|p2a: Skeledirge|Hex|p1a: Goth girl
|-supereffective|p1a: Goth girl
|-damage|p1a: Goth girl|11/100
|move|p1a: Goth girl|Dark Pulse|p2a: Skeledirge
|-supereffective|p2a: Skeledirge
|-damage|p2a: Skeledirge|27/100
|
|-heal|p1a: Goth girl|17/100|[from] item: Leftovers
|upkeep
|turn|12
|
|t:|1779630314
|move|p2a: Skeledirge|Slack Off|p2a: Skeledirge
|-heal|p2a: Skeledirge|77/100
|move|p1a: Goth girl|Dark Pulse|p2a: Skeledirge
|-supereffective|p2a: Skeledirge
|-damage|p2a: Skeledirge|41/100
|
|-heal|p1a: Goth girl|23/100|[from] item: Leftovers
|upkeep
|turn|13
|
|t:|1779630322
|move|p2a: Skeledirge|Hex|p1a: Goth girl
|-supereffective|p1a: Goth girl
|-damage|p1a: Goth girl|0 fnt
|faint|p1a: Goth girl
|
|upkeep
|
|t:|1779630326
|switch|p1a: Bird up|Staraptor, M, shiny|100/100
|-damage|p1a: Bird up|76/100|[from] Stealth Rock
|turn|14
|
|t:|1779630331
|move|p1a: Bird up|Brave Bird|p2a: Skeledirge
|-damage|p2a: Skeledirge|0 fnt
|faint|p2a: Skeledirge
|-damage|p1a: Bird up|58/100|[from] Recoil
|
|upkeep
|
|t:|1779630337
|switch|p2a: Garganacl|Garganacl, F|100/100
|turn|15
|
|t:|1779630342
|switch|p1a: Bob|Dugtrio, F, shiny|100/100
|-damage|p1a: Bob|94/100|[from] Stealth Rock
|move|p2a: Garganacl|Salt Cure|p1a: Bob
|-resisted|p1a: Bob
|-damage|p1a: Bob|75/100
|-start|p1a: Bob|Salt Cure
|
|-damage|p1a: Bob|63/100|[from] Salt Cure
|upkeep
|turn|16
|
|t:|1779630354
|move|p2a: Garganacl|Protect|p2a: Garganacl
|-singleturn|p2a: Garganacl|Protect
|move|p1a: Bob|Earthquake|p2a: Garganacl
|-activate|p2a: Garganacl|move: Protect
|
|-damage|p1a: Bob|51/100|[from] Salt Cure
|upkeep
|turn|17
|inactive|Louissj8 has 120 seconds left.
|
|t:|1779630385
|-terastallize|p2a: Garganacl|Water
|move|p1a: Bob|Earthquake|p2a: Garganacl
|-damage|p2a: Garganacl|68/100
|move|p2a: Garganacl|Recover|p2a: Garganacl
|-heal|p2a: Garganacl|100/100
|
|-damage|p1a: Bob|38/100|[from] Salt Cure
|upkeep
|turn|18
|inactive|Louissj8 has 120 seconds left.
|
|t:|1779630396
|switch|p1a: Flower power|Vileplume, M, shiny|100/100
|-damage|p1a: Flower power|88/100|[from] Stealth Rock
|move|p2a: Garganacl|Body Press|p1a: Flower power
|-resisted|p1a: Flower power
|-crit|p1a: Flower power
|-damage|p1a: Flower power|67/100
|
|-heal|p1a: Flower power|73/100|[from] item: Black Sludge
|upkeep
|turn|19
|inactive|Louissj8 has 120 seconds left.
|
|t:|1779630407
|move|p1a: Flower power|Giga Drain|p2a: Garganacl
|-supereffective|p2a: Garganacl
|-damage|p2a: Garganacl|55/100
|-heal|p1a: Flower power|99/100|[from] drain|[of] p2a: Garganacl
|move|p2a: Garganacl|Salt Cure|p1a: Flower power
|-damage|p1a: Flower power|83/100
|-start|p1a: Flower power|Salt Cure
|
|-heal|p1a: Flower power|89/100|[from] item: Black Sludge
|-heal|p2a: Garganacl|62/100|[from] item: Leftovers
|-damage|p1a: Flower power|77/100|[from] Salt Cure
|upkeep
|turn|20
|inactive|Louissj8 has 120 seconds left.
|
|t:|1779630422
|switch|p1a: Bob|Dugtrio, F, shiny|38/100
|-damage|p1a: Bob|32/100|[from] Stealth Rock
|move|p2a: Garganacl|Protect||[still]
|-fail|p2a: Garganacl
|
|-heal|p2a: Garganacl|68/100|[from] item: Leftovers
|upkeep
|turn|21
|inactive|Louissj8 has 120 seconds left.
|
|t:|1779630432
|move|p1a: Bob|Rock Slide|p2a: Garganacl
|-damage|p2a: Garganacl|50/100
|cant|p2a: Garganacl|flinch
|
|-heal|p2a: Garganacl|56/100|[from] item: Leftovers
|upkeep
|turn|22
|inactive|Louissj8 has 120 seconds left.
|
|t:|1779630446
|move|p1a: Bob|Rock Slide|p2a: Garganacl|[miss]
|-miss|p1a: Bob|p2a: Garganacl
|move|p2a: Garganacl|Recover|p2a: Garganacl
|-heal|p2a: Garganacl|100/100
|
|upkeep
|turn|23
|inactive|Louissj8 has 120 seconds left.
|
|t:|1779630455
|move|p1a: Bob|Rock Slide|p2a: Garganacl
|-damage|p2a: Garganacl|81/100
|move|p2a: Garganacl|Body Press|p1a: Bob
|-damage|p1a: Bob|0 fnt
|faint|p1a: Bob
|
|-heal|p2a: Garganacl|87/100|[from] item: Leftovers
|upkeep
|
|t:|1779630461
|switch|p1a: Flower power|Vileplume, M, shiny|77/100
|-damage|p1a: Flower power|64/100|[from] Stealth Rock
|turn|24
|
|t:|1779630469
|move|p2a: Garganacl|Protect|p2a: Garganacl
|-singleturn|p2a: Garganacl|Protect
|move|p1a: Flower power|Leech Seed|p2a: Garganacl
|-activate|p2a: Garganacl|move: Protect
|
|-heal|p1a: Flower power|71/100|[from] item: Black Sludge
|-heal|p2a: Garganacl|93/100|[from] item: Leftovers
|upkeep
|turn|25
|
|t:|1779630479
|move|p1a: Flower power|Giga Drain|p2a: Garganacl
|-supereffective|p2a: Garganacl
|-damage|p2a: Garganacl|50/100
|-heal|p1a: Flower power|95/100|[from] drain|[of] p2a: Garganacl
|move|p2a: Garganacl|Salt Cure|p1a: Flower power
|-damage|p1a: Flower power|80/100
|-start|p1a: Flower power|Salt Cure
|
|-heal|p1a: Flower power|86/100|[from] item: Black Sludge
|-heal|p2a: Garganacl|56/100|[from] item: Leftovers
|-damage|p1a: Flower power|74/100|[from] Salt Cure
|upkeep
|turn|26
|
|t:|1779630490
|move|p2a: Garganacl|Protect|p2a: Garganacl
|-singleturn|p2a: Garganacl|Protect
|move|p1a: Flower power|Leech Seed|p2a: Garganacl
|-activate|p2a: Garganacl|move: Protect
|
|-heal|p1a: Flower power|80/100|[from] item: Black Sludge
|-heal|p2a: Garganacl|62/100|[from] item: Leftovers
|-damage|p1a: Flower power|68/100|[from] Salt Cure
|upkeep
|turn|27
|
|t:|1779630500
|move|p1a: Flower power|Leech Seed|p2a: Garganacl
|-start|p2a: Garganacl|move: Leech Seed
|move|p2a: Garganacl|Recover|p2a: Garganacl
|-heal|p2a: Garganacl|100/100
|
|-heal|p1a: Flower power|74/100|[from] item: Black Sludge
|-damage|p2a: Garganacl|88/100|[from] Leech Seed|[of] p1a: Flower power
|-heal|p1a: Flower power|88/100|[silent]
|-damage|p1a: Flower power|76/100|[from] Salt Cure
|upkeep
|turn|28
|
|t:|1779630510
|switch|p2a: Amoonguss|Amoonguss, M|100/100
|move|p1a: Flower power|Giga Drain|p2a: Amoonguss
|-resisted|p2a: Amoonguss
|-damage|p2a: Amoonguss|94/100
|-heal|p1a: Flower power|80/100|[from] drain|[of] p2a: Amoonguss
|
|-heal|p1a: Flower power|86/100|[from] item: Black Sludge
|-damage|p1a: Flower power|73/100|[from] Salt Cure
|upkeep
|turn|29
|
|t:|1779630522
|switch|p1a: Bird up|Staraptor, M, shiny|58/100
|-damage|p1a: Bird up|34/100|[from] Stealth Rock
|move|p2a: Amoonguss|Sludge Bomb|p1a: Bird up
|-damage|p1a: Bird up|0 fnt
|faint|p1a: Bird up
|
|upkeep
|
|t:|1779630529
|switch|p1a: Slapsalot|Mienshao, F, shiny|100/100
|-damage|p1a: Slapsalot|95/100|[from] Stealth Rock
|turn|30
|
|t:|1779630536
|move|p1a: Slapsalot|Fake Out|p2a: Amoonguss
|-damage|p2a: Amoonguss|79/100
|-damage|p1a: Slapsalot|85/100|[from] item: Life Orb
|cant|p2a: Amoonguss|flinch
|
|upkeep
|turn|31
|
|t:|1779630547
|move|p1a: Slapsalot|U-turn|p2a: Amoonguss
|-damage|p2a: Amoonguss|54/100
|-damage|p1a: Slapsalot|75/100|[from] item: Life Orb
|
|t:|1779630551
|switch|p1a: Flower power|Vileplume, M, shiny|73/100|[from] U-turn
|-damage|p1a: Flower power|61/100|[from] Stealth Rock
|move|p2a: Amoonguss|Foul Play|p1a: Flower power
|-damage|p1a: Flower power|45/100
|
|-heal|p1a: Flower power|52/100|[from] item: Black Sludge
|upkeep
|turn|32
|
|t:|1779630562
|move|p1a: Flower power|Sludge Bomb|p2a: Amoonguss
|-damage|p2a: Amoonguss|26/100
|move|p2a: Amoonguss|Giga Drain|p1a: Flower power
|-resisted|p1a: Flower power
|-damage|p1a: Flower power|48/100
|-heal|p2a: Amoonguss|28/100|[from] drain|[of] p1a: Flower power
|
|-heal|p1a: Flower power|54/100|[from] item: Black Sludge
|upkeep
|turn|33
|
|t:|1779630576
|move|p1a: Flower power|Sludge Bomb|p2a: Amoonguss
|-damage|p2a: Amoonguss|0 fnt
|faint|p2a: Amoonguss
|
|-heal|p1a: Flower power|60/100|[from] item: Black Sludge
|upkeep
|
|t:|1779630582
|switch|p2a: Garganacl|Garganacl, F, tera:Water|88/100
|turn|34
|
|t:|1779630586
|move|p1a: Flower power|Leech Seed|p2a: Garganacl
|-start|p2a: Garganacl|move: Leech Seed
|move|p2a: Garganacl|Salt Cure|p1a: Flower power
|-damage|p1a: Flower power|44/100
|-start|p1a: Flower power|Salt Cure
|
|-heal|p1a: Flower power|50/100|[from] item: Black Sludge
|-heal|p2a: Garganacl|94/100|[from] item: Leftovers
|-damage|p2a: Garganacl|82/100|[from] Leech Seed|[of] p1a: Flower power
|-heal|p1a: Flower power|64/100|[silent]
|-damage|p1a: Flower power|52/100|[from] Salt Cure
|upkeep
|turn|35
|
|t:|1779630599
|move|p1a: Flower power|Protect|p1a: Flower power
|-singleturn|p1a: Flower power|Protect
|move|p2a: Garganacl|Protect||[still]
|-fail|p2a: Garganacl
|
|-heal|p1a: Flower power|58/100|[from] item: Black Sludge
|-heal|p2a: Garganacl|88/100|[from] item: Leftovers
|-damage|p2a: Garganacl|76/100|[from] Leech Seed|[of] p1a: Flower power
|-heal|p1a: Flower power|72/100|[silent]
|-damage|p1a: Flower power|60/100|[from] Salt Cure
|upkeep
|turn|36
|
|t:|1779630612
|move|p2a: Garganacl|Protect|p2a: Garganacl
|-singleturn|p2a: Garganacl|Protect
|move|p1a: Flower power|Giga Drain|p2a: Garganacl
|-activate|p2a: Garganacl|move: Protect
|
|-heal|p1a: Flower power|66/100|[from] item: Black Sludge
|-heal|p2a: Garganacl|82/100|[from] item: Leftovers
|-damage|p2a: Garganacl|70/100|[from] Leech Seed|[of] p1a: Flower power
|-heal|p1a: Flower power|80/100|[silent]
|-damage|p1a: Flower power|67/100|[from] Salt Cure
|upkeep
|turn|37
|
|t:|1779630627
|move|p1a: Flower power|Giga Drain|p2a: Garganacl
|-supereffective|p2a: Garganacl
|-damage|p2a: Garganacl|22/100
|-heal|p1a: Flower power|95/100|[from] drain|[of] p2a: Garganacl
|move|p2a: Garganacl|Salt Cure|p1a: Flower power
|-damage|p1a: Flower power|79/100
|
|-heal|p1a: Flower power|85/100|[from] item: Black Sludge
|-heal|p2a: Garganacl|28/100|[from] item: Leftovers
|-damage|p2a: Garganacl|16/100|[from] Leech Seed|[of] p1a: Flower power
|-heal|p1a: Flower power|99/100|[silent]
|-damage|p1a: Flower power|87/100|[from] Salt Cure
|upkeep
|turn|38
|
|t:|1779630640
|switch|p1a: Slapsalot|Mienshao, F, shiny|100/100
|-damage|p1a: Slapsalot|95/100|[from] Stealth Rock
|move|p2a: Garganacl|Protect||[still]
|-fail|p2a: Garganacl
|
|-heal|p2a: Garganacl|22/100|[from] item: Leftovers
|-damage|p2a: Garganacl|10/100|[from] Leech Seed|[of] p1a: Slapsalot
|-heal|p1a: Slapsalot|100/100|[silent]
|upkeep
|turn|39
|
|t:|1779630650
|move|p1a: Slapsalot|Fake Out|p2a: Garganacl
|-damage|p2a: Garganacl|0 fnt
|faint|p2a: Garganacl
|-damage|p1a: Slapsalot|91/100|[from] item: Life Orb
|
|win|stoopley
|raw|stoopley's rating: 1141 &rarr; <strong>1162</strong><br />(+21 for winning)
|raw|Louissj8's rating: 1083 &rarr; <strong>1064</strong><br />(-19 for losing)
|c|☆stoopley|Ggs
|l|☆Louissj8
|player|p2|
|l|☆stoopley
|player|p1|
