|j|☆claudechamp
|j|☆zkuria
|t:|1779575677
|gametype|singles
|player|p1|claudechamp|101|1193
|player|p2|zkuria|170|1214
|gen|9
|tier|[Gen 9] OU
|rated|
|rule|HP Percentage Mod: HP is shown in percentages
|rule|Endless Battle Clause: Forcing endless battles is banned
|rule|Species Clause: Limit one of each Pokémon
|rule|OHKO Clause: OHKO moves are banned
|rule|Evasion Items Clause: Evasion items are banned
|rule|Evasion Moves Clause: Evasion moves are banned
|rule|Evasion Abilities Clause: Evasion abilities are banned
|rule|Sleep Moves Clause: Sleep-inducing moves are banned
|clearpoke
|poke|p1|Gliscor, F|
|poke|p1|Gholdengo|
|poke|p1|Zamazenta-*|
|poke|p1|Blissey, F|
|poke|p1|Skarmory, F|
|poke|p1|Pecharunt|
|poke|p2|Gliscor, F|
|poke|p2|Dragapult, M|
|poke|p2|Gholdengo|
|poke|p2|Ting-Lu|
|poke|p2|Hatterene, F|
|poke|p2|Tsareena, F|
|teampreview
|c|☆claudechamp|hf
|inactive|Battle timer is ON: inactive players will automatically lose when time's up. (requested by claudechamp)
|
|t:|1779575698
|teamsize|p1|6
|teamsize|p2|6
|start
|switch|p1a: Skarmory|Skarmory, F|100/100
|switch|p2a: Gliscor|Gliscor, F, shiny|100/100
|turn|1
|
|t:|1779575712
|move|p2a: Gliscor|Knock Off|p1a: Skarmory
|-damage|p1a: Skarmory|86/100
|-enditem|p1a: Skarmory|Heavy-Duty Boots|[from] move: Knock Off|[of] p2a: Gliscor
|move|p1a: Skarmory|Spikes|p2a: Gliscor
|-sidestart|p2: zkuria|Spikes
|
|-status|p2a: Gliscor|tox|[from] item: Toxic Orb
|upkeep
|turn|2
|
|t:|1779575722
|move|p2a: Gliscor|Spikes|p1a: Skarmory
|-sidestart|p1: claudechamp|Spikes
|move|p1a: Skarmory|Spikes|p2a: Gliscor
|-sidestart|p2: zkuria|Spikes
|
|upkeep
|turn|3
|
|t:|1779575727
|move|p2a: Gliscor|Stealth Rock|p1a: Skarmory
|-sidestart|p1: claudechamp|move: Stealth Rock
|move|p1a: Skarmory|Spikes|p2a: Gliscor
|-sidestart|p2: zkuria|Spikes
|
|upkeep
|turn|4
|
|t:|1779575732
|switch|p1a: Zamazenta|Zamazenta|100/100
|-ability|p1a: Zamazenta|Dauntless Shield|boost
|-boost|p1a: Zamazenta|def|1
|move|p2a: Gliscor|Spikes|p1a: Zamazenta
|-sidestart|p1: claudechamp|Spikes
|
|upkeep
|turn|5
|
|t:|1779575744
|move|p1a: Zamazenta|Ice Fang|p2a: Gliscor
|-supereffective|p2a: Gliscor
|-damage|p2a: Gliscor|49/100 tox
|move|p2a: Gliscor|Spikes|p1a: Zamazenta
|-sidestart|p1: claudechamp|Spikes
|
|-heal|p2a: Gliscor|62/100 tox|[from] ability: Poison Heal
|upkeep
|turn|6
|
|t:|1779575755
|move|p1a: Zamazenta|Ice Fang|p2a: Gliscor
|-supereffective|p2a: Gliscor
|-damage|p2a: Gliscor|5/100 tox
|move|p2a: Gliscor|Knock Off|p1a: Zamazenta
|-resisted|p1a: Zamazenta
|-damage|p1a: Zamazenta|94/100
|-enditem|p1a: Zamazenta|Heavy-Duty Boots|[from] move: Knock Off|[of] p2a: Gliscor
|
|-heal|p2a: Gliscor|18/100 tox|[from] ability: Poison Heal
|upkeep
|turn|7
|
|t:|1779575768
|switch|p2a: Gholdengo|Gholdengo, shiny|100/100
|-damage|p2a: Gholdengo|76/100|[from] Spikes
|move|p1a: Zamazenta|Heavy Slam|p2a: Gholdengo
|-resisted|p2a: Gholdengo
|-damage|p2a: Gholdengo|57/100
|
|-heal|p2a: Gholdengo|63/100|[from] item: Leftovers
|upkeep
|turn|8
|
|t:|1779575783
|move|p1a: Zamazenta|Crunch|p2a: Gholdengo
|-supereffective|p2a: Gholdengo
|-damage|p2a: Gholdengo|11/100
|move|p2a: Gholdengo|Thunder Wave|p1a: Zamazenta
|-status|p1a: Zamazenta|par
|
|-heal|p2a: Gholdengo|17/100|[from] item: Leftovers
|upkeep
|turn|9
|
|t:|1779575805
|switch|p2a: Ting-Lu|Ting-Lu, shiny|100/100
|-damage|p2a: Ting-Lu|76/100|[from] Spikes
|-ability|p2a: Ting-Lu|Vessel of Ruin
|move|p1a: Zamazenta|Heavy Slam|p2a: Ting-Lu
|-damage|p2a: Ting-Lu|68/100
|
|-heal|p2a: Ting-Lu|74/100|[from] item: Leftovers
|upkeep
|turn|10
|
|t:|1779575818
|cant|p1a: Zamazenta|par
|move|p2a: Ting-Lu|Whirlwind|p1a: Zamazenta
|drag|p1a: Gholdengo|Gholdengo|100/100
|-damage|p1a: Gholdengo|76/100|[from] Spikes
|-damage|p1a: Gholdengo|70/100|[from] Stealth Rock
|
|-heal|p2a: Ting-Lu|80/100|[from] item: Leftovers
|upkeep
|turn|11
|
|t:|1779575830
|switch|p1a: Skarmory|Skarmory, F|86/100
|-damage|p1a: Skarmory|74/100|[from] Stealth Rock
|move|p2a: Ting-Lu|Ruination|p1a: Skarmory
|-damage|p1a: Skarmory|37/100
|
|-heal|p2a: Ting-Lu|86/100|[from] item: Leftovers
|upkeep
|turn|12
|inactive|zkuria has 120 seconds left.
|
|t:|1779575867
|switch|p2a: Hatterene|Hatterene, F|100/100
|-damage|p2a: Hatterene|76/100|[from] Spikes
|move|p1a: Skarmory|Whirlwind|p2a: Hatterene
|move|p2a: Hatterene|Whirlwind|p1a: Skarmory|[from] ability: Magic Bounce
|drag|p1a: Pecharunt|Pecharunt|100/100
|
|-heal|p2a: Hatterene|82/100|[from] item: Leftovers
|upkeep
|turn|13
|inactive|zkuria has 90 seconds left.
|
|t:|1779575895
|move|p1a: Pecharunt|Shadow Ball|p2a: Hatterene
|-supereffective|p2a: Hatterene
|-damage|p2a: Hatterene|27/100
|move|p2a: Hatterene|Psychic Noise|p1a: Pecharunt
|-supereffective|p1a: Pecharunt
|-damage|p1a: Pecharunt|30/100
|-start|p1a: Pecharunt|move: Heal Block
|
|-heal|p2a: Hatterene|33/100|[from] item: Leftovers
|upkeep
|turn|14
|inactive|zkuria has 90 seconds left.
|
|t:|1779575909
|switch|p2a: Ting-Lu|Ting-Lu, shiny|86/100
|-damage|p2a: Ting-Lu|62/100|[from] Spikes
|-ability|p2a: Ting-Lu|Vessel of Ruin
|move|p1a: Pecharunt|Shadow Ball|p2a: Ting-Lu
|-resisted|p2a: Ting-Lu
|-damage|p2a: Ting-Lu|57/100
|-unboost|p2a: Ting-Lu|spd|1
|
|-heal|p2a: Ting-Lu|63/100|[from] item: Leftovers
|-end|p1a: Pecharunt|move: Heal Block
|upkeep
|turn|15
|inactive|zkuria has 90 seconds left.
|
|t:|1779575925
|move|p1a: Pecharunt|Recover|p1a: Pecharunt
|-heal|p1a: Pecharunt|80/100
|move|p2a: Ting-Lu|Whirlwind|p1a: Pecharunt
|drag|p1a: Skarmory|Skarmory, F|37/100
|-damage|p1a: Skarmory|25/100|[from] Stealth Rock
|
|-heal|p2a: Ting-Lu|69/100|[from] item: Leftovers
|upkeep
|turn|16
|
|t:|1779575935
|move|p2a: Ting-Lu|Ruination|p1a: Skarmory
|-damage|p1a: Skarmory|13/100
|move|p1a: Skarmory|Whirlwind|p2a: Ting-Lu
|drag|p2a: Tsareena|Tsareena, F|100/100
|
|upkeep
|turn|17
|
|t:|1779575942
|move|p1a: Skarmory|Roost|p1a: Skarmory
|-heal|p1a: Skarmory|63/100
|-singleturn|p1a: Skarmory|move: Roost
|move|p2a: Tsareena|Rapid Spin|p1a: Skarmory
|-resisted|p1a: Skarmory
|-damage|p1a: Skarmory|58/100
|-boost|p2a: Tsareena|spe|1
|-sideend|p2: zkuria|Spikes|[from] move: Rapid Spin|[of] p2a: Tsareena
|
|upkeep
|turn|18
|inactive|zkuria has 90 seconds left.
|
|t:|1779575953
|switch|p2a: Hatterene|Hatterene, F|33/100
|move|p1a: Skarmory|Whirlwind|p2a: Hatterene
|move|p2a: Hatterene|Whirlwind|p1a: Skarmory|[from] ability: Magic Bounce
|drag|p1a: Pecharunt|Pecharunt|80/100
|
|-heal|p2a: Hatterene|39/100|[from] item: Leftovers
|upkeep
|turn|19
|inactive|zkuria has 90 seconds left.
|
|t:|1779575972
|switch|p2a: Gliscor|Gliscor, F, shiny|18/100 tox
|move|p1a: Pecharunt|Shadow Ball|p2a: Gliscor
|-damage|p2a: Gliscor|0 fnt
|faint|p2a: Gliscor
|
|upkeep
|
|t:|1779575983
|switch|p2a: Dragapult|Dragapult, M, shiny|100/100
|turn|20
|
|t:|1779575988
|move|p2a: Dragapult|Will-O-Wisp|p1a: Pecharunt|[miss]
|-miss|p2a: Dragapult|p1a: Pecharunt
|move|p1a: Pecharunt|Toxic|p2a: Dragapult
|-status|p2a: Dragapult|tox
|-start|p2a: Dragapult|confusion|[from] ability: Poison Puppeteer|[of] p1a: Pecharunt
|
|-damage|p2a: Dragapult|95/100 tox|[from] psn
|upkeep
|turn|21
|inactive|zkuria has 90 seconds left.
|
|t:|1779575998
|switch|p2a: Ting-Lu|Ting-Lu, shiny|69/100
|-ability|p2a: Ting-Lu|Vessel of Ruin
|move|p1a: Pecharunt|Shadow Ball|p2a: Ting-Lu
|-resisted|p2a: Ting-Lu
|-damage|p2a: Ting-Lu|64/100
|
|-heal|p2a: Ting-Lu|70/100|[from] item: Leftovers
|upkeep
|turn|22
|inactive|zkuria has 90 seconds left.
|
|t:|1779576009
|move|p1a: Pecharunt|Toxic|p2a: Ting-Lu
|-status|p2a: Ting-Lu|tox
|-start|p2a: Ting-Lu|confusion|[from] ability: Poison Puppeteer|[of] p1a: Pecharunt
|-activate|p2a: Ting-Lu|confusion
|-damage|p2a: Ting-Lu|64/100 tox|[from] confusion
|
|-heal|p2a: Ting-Lu|70/100 tox|[from] item: Leftovers
|-damage|p2a: Ting-Lu|64/100 tox|[from] psn
|upkeep
|turn|23
|inactive|zkuria has 90 seconds left.
|
|t:|1779576021
|switch|p2a: Tsareena|Tsareena, F|100/100
|move|p1a: Pecharunt|Recover|p1a: Pecharunt
|-heal|p1a: Pecharunt|100/100
|
|upkeep
|turn|24
|inactive|zkuria has 90 seconds left.
|
|t:|1779576027
|move|p1a: Pecharunt|Parting Shot|p2a: Tsareena
|-unboost|p2a: Tsareena|atk|1
|-unboost|p2a: Tsareena|spa|1
|
|t:|1779576031
|switch|p1a: Gliscor|Gliscor, F|100/100|[from] Parting Shot
|-damage|p1a: Gliscor|88/100|[from] Stealth Rock
|move|p2a: Tsareena|Knock Off|p1a: Gliscor
|-damage|p1a: Gliscor|75/100
|-enditem|p1a: Gliscor|Toxic Orb|[from] move: Knock Off|[of] p2a: Tsareena
|
|upkeep
|turn|25
|
|t:|1779576041
|move|p1a: Gliscor|Swords Dance|p1a: Gliscor
|-boost|p1a: Gliscor|atk|2
|move|p2a: Tsareena|U-turn|p1a: Gliscor
|-resisted|p1a: Gliscor
|-damage|p1a: Gliscor|70/100
|
|t:|1779576052
|switch|p2a: Dragapult|Dragapult, M, shiny|95/100 tox|[from] U-turn
|
|-damage|p2a: Dragapult|89/100 tox|[from] psn
|upkeep
|turn|26
|
|t:|1779576058
|move|p2a: Dragapult|Will-O-Wisp|p1a: Gliscor
|-status|p1a: Gliscor|brn
|move|p1a: Gliscor|Knock Off|p2a: Dragapult
|-supereffective|p2a: Dragapult
|-damage|p2a: Dragapult|26/100 tox
|-enditem|p2a: Dragapult|Choice Scarf|[from] move: Knock Off|[of] p1a: Gliscor
|
|-damage|p2a: Dragapult|14/100 tox|[from] psn
|-damage|p1a: Gliscor|64/100 brn|[from] brn
|upkeep
|turn|27
|
|t:|1779576073
|move|p2a: Dragapult|U-turn|p1a: Gliscor
|-resisted|p1a: Gliscor
|-damage|p1a: Gliscor|54/100 brn
|
|t:|1779576080
|switch|p2a: Tsareena|Tsareena, F|100/100|[from] U-turn
|move|p1a: Gliscor|Knock Off|p2a: Tsareena
|-damage|p2a: Tsareena|85/100
|-enditem|p2a: Tsareena|Heavy-Duty Boots|[from] move: Knock Off|[of] p1a: Gliscor
|
|-damage|p1a: Gliscor|48/100 brn|[from] brn
|upkeep
|turn|28
|
|t:|1779576090
|switch|p1a: Gholdengo|Gholdengo|70/100
|-damage|p1a: Gholdengo|45/100|[from] Spikes
|-damage|p1a: Gholdengo|39/100|[from] Stealth Rock
|move|p2a: Tsareena|Power Whip|p1a: Gholdengo
|-resisted|p1a: Gholdengo
|-damage|p1a: Gholdengo|22/100
|
|upkeep
|turn|29
|
|t:|1779576099
|move|p1a: Gholdengo|Recover|p1a: Gholdengo
|-heal|p1a: Gholdengo|72/100
|move|p2a: Tsareena|Knock Off|p1a: Gholdengo
|-supereffective|p1a: Gholdengo
|-damage|p1a: Gholdengo|35/100
|-enditem|p1a: Gholdengo|Ability Shield|[from] move: Knock Off|[of] p2a: Tsareena
|
|upkeep
|turn|30
|
|t:|1779576107
|move|p1a: Gholdengo|Recover|p1a: Gholdengo
|-heal|p1a: Gholdengo|85/100
|move|p2a: Tsareena|U-turn|p1a: Gholdengo
|-resisted|p1a: Gholdengo
|-damage|p1a: Gholdengo|82/100
|
|t:|1779576115
|switch|p2a: Dragapult|Dragapult, M, shiny|14/100 tox|[from] U-turn
|
|-damage|p2a: Dragapult|8/100 tox|[from] psn
|upkeep
|turn|31
|
|t:|1779576125
|move|p2a: Dragapult|Phantom Force||[still]
|-prepare|p2a: Dragapult|Phantom Force
|move|p1a: Gholdengo|Nasty Plot|p1a: Gholdengo
|-boost|p1a: Gholdengo|spa|2
|
|-damage|p2a: Dragapult|0 fnt|[from] psn
|faint|p2a: Dragapult
|upkeep
|
|t:|1779576150
|switch|p2a: Gholdengo|Gholdengo, shiny|17/100
|turn|32
|
|t:|1779576157
|move|p2a: Gholdengo|Hex|p1a: Gholdengo
|-supereffective|p1a: Gholdengo
|-damage|p1a: Gholdengo|25/100
|move|p1a: Gholdengo|Hex|p2a: Gholdengo
|-supereffective|p2a: Gholdengo
|-damage|p2a: Gholdengo|0 fnt
|faint|p2a: Gholdengo
|
|upkeep
|inactive|zkuria has 90 seconds left.
|
|t:|1779576173
|switch|p2a: Ting-Lu|Ting-Lu, shiny|64/100 tox
|-ability|p2a: Ting-Lu|Vessel of Ruin
|turn|33
|inactive|zkuria has 90 seconds left.
|
|t:|1779576193
|move|p1a: Gholdengo|Recover|p1a: Gholdengo
|-heal|p1a: Gholdengo|75/100
|move|p2a: Ting-Lu|Earthquake|p1a: Gholdengo
|-supereffective|p1a: Gholdengo
|-damage|p1a: Gholdengo|22/100
|
|-heal|p2a: Ting-Lu|70/100 tox|[from] item: Leftovers
|-damage|p2a: Ting-Lu|64/100 tox|[from] psn
|upkeep
|turn|34
|inactive|zkuria has 90 seconds left.
|
|t:|1779576202
|move|p1a: Gholdengo|Recover|p1a: Gholdengo
|-heal|p1a: Gholdengo|72/100
|move|p2a: Ting-Lu|Earthquake|p1a: Gholdengo
|-supereffective|p1a: Gholdengo
|-damage|p1a: Gholdengo|12/100
|
|-heal|p2a: Ting-Lu|70/100 tox|[from] item: Leftovers
|-damage|p2a: Ting-Lu|58/100 tox|[from] psn
|upkeep
|turn|35
|
|t:|1779576212
|-terastallize|p1a: Gholdengo|Fairy
|move|p1a: Gholdengo|Recover|p1a: Gholdengo
|-heal|p1a: Gholdengo|62/100
|move|p2a: Ting-Lu|Earthquake|p1a: Gholdengo
|-damage|p1a: Gholdengo|34/100
|
|-heal|p2a: Ting-Lu|64/100 tox|[from] item: Leftovers
|-damage|p2a: Ting-Lu|45/100 tox|[from] psn
|upkeep
|turn|36
|
|t:|1779576223
|move|p1a: Gholdengo|Recover|p1a: Gholdengo
|-heal|p1a: Gholdengo|84/100
|move|p2a: Ting-Lu|Whirlwind|p1a: Gholdengo
|-immune|p1a: Gholdengo|[from] ability: Good as Gold
|
|-heal|p2a: Ting-Lu|52/100 tox|[from] item: Leftovers
|-damage|p2a: Ting-Lu|27/100 tox|[from] psn
|upkeep
|turn|37
|-message|zkuria forfeited.
|
|win|claudechamp
|raw|claudechamp's rating: 1246 &rarr; <strong>1269</strong><br />(+23 for winning)
|raw|zkuria's rating: 1214 &rarr; <strong>1191</strong><br />(-23 for losing)
|l|☆zkuria
|player|p2|
|c|☆claudechamp|gg
