|j|☆Fantasmatica
|j|☆trueross
|t:|1779685417
|gametype|singles
|player|p1|Fantasmatica|akari|1289
|player|p2|trueross|li|1314
|gen|9
|tier|[Gen 9] OU
|rated|
|rule|HP Percentage Mod: HP is shown in percentages
|rule|Endless Battle Clause: Forcing endless battles is banned
|rule|Species Clause: Limit one of each Pokémon
|rule|OHKO Clause: OHKO moves are banned
|rule|Evasion Items Clause: Evasion items are banned
|rule|Evasion Moves Clause: Evasion moves are banned
|rule|Evasion Abilities Clause: Evasion abilities are banned
|rule|Sleep Moves Clause: Sleep-inducing moves are banned
|clearpoke
|poke|p1|Samurott-Hisui, M|
|poke|p1|Decidueye-Hisui, M|
|poke|p1|Typhlosion-Hisui, F|
|poke|p1|Braviary-Hisui, M|
|poke|p1|Kleavor, M|
|poke|p1|Goodra-Hisui, F|
|poke|p2|Lokix, M|
|poke|p2|Iron Treads|
|poke|p2|Slowking-Galar, F|
|poke|p2|Cetitan, M|
|poke|p2|Galvantula, M|
|poke|p2|Iron Boulder|
|teampreview
|inactive|Battle timer is ON: inactive players will automatically lose when time's up. (requested by trueross)
|
|t:|1779685422
|teamsize|p1|6
|teamsize|p2|6
|start
|switch|p1a: LastRonin|Samurott-Hisui, M|100/100
|switch|p2a: Lokix|Lokix, M|100/100
|turn|1
|
|t:|1779685432
|move|p2a: Lokix|First Impression|p1a: LastRonin
|-supereffective|p1a: LastRonin
|-enditem|p1a: LastRonin|Focus Sash
|-damage|p1a: LastRonin|1/100
|move|p1a: LastRonin|Ceaseless Edge|p2a: Lokix
|-resisted|p2a: Lokix
|-damage|p2a: Lokix|68/100
|-sidestart|p2: trueross|Spikes
|
|upkeep
|turn|2
|
|t:|1779685437
|switch|p2a: Galvantula|Galvantula, M|100/100
|-damage|p2a: Galvantula|88/100|[from] Spikes
|move|p1a: LastRonin|Aqua Jet|p2a: Galvantula
|-damage|p2a: Galvantula|53/100
|
|upkeep
|turn|3
|
|t:|1779685444
|move|p2a: Galvantula|Sticky Web|p1a: LastRonin
|-sidestart|p1: Fantasmatica|move: Sticky Web
|move|p1a: LastRonin|Ceaseless Edge|p2a: Galvantula
|-damage|p2a: Galvantula|0 fnt
|-sidestart|p2: trueross|Spikes
|faint|p2a: Galvantula
|
|upkeep
|
|t:|1779685447
|switch|p2a: Lokix|Lokix, M|68/100
|-damage|p2a: Lokix|51/100|[from] Spikes
|turn|4
|
|t:|1779685452
|move|p1a: LastRonin|Aqua Jet|p2a: Lokix
|-damage|p2a: Lokix|22/100
|move|p2a: Lokix|U-turn|p1a: LastRonin
|-supereffective|p1a: LastRonin
|-damage|p1a: LastRonin|0 fnt
|faint|p1a: LastRonin
|
|t:|1779685456
|switch|p2a: Iron Treads|Iron Treads|100/100|[from] U-turn
|
|upkeep
|
|t:|1779685461
|switch|p1a: Executioner|Kleavor, M, shiny|100/100
|-activate|p1a: Executioner|move: Sticky Web
|-unboost|p1a: Executioner|spe|1
|turn|5
|
|t:|1779685468
|move|p2a: Iron Treads|Knock Off|p1a: Executioner
|-damage|p1a: Executioner|62/100
|-enditem|p1a: Executioner|Focus Sash|[from] move: Knock Off|[of] p2a: Iron Treads
|move|p1a: Executioner|Defog|p2a: Iron Treads
|-unboost|p2a: Iron Treads|evasion|1
|-sideend|p2: trueross|Spikes|[from] move: Defog|[of] p1a: Executioner
|-sideend|p1: Fantasmatica|Sticky Web|[from] move: Defog|[of] p1a: Executioner
|
|upkeep
|turn|6
|
|t:|1779685476
|move|p2a: Iron Treads|Earthquake|p1a: Executioner
|-damage|p1a: Executioner|2/100
|move|p1a: Executioner|Tailwind|p1a: Executioner
|-sidestart|p1: Fantasmatica|move: Tailwind
|
|upkeep
|turn|7
|
|t:|1779685484
|move|p1a: Executioner|Stone Axe|p2a: Iron Treads
|-resisted|p2a: Iron Treads
|-damage|p2a: Iron Treads|88/100
|-sidestart|p2: trueross|move: Stealth Rock
|move|p2a: Iron Treads|Rapid Spin|p1a: Executioner
|-resisted|p1a: Executioner
|-damage|p1a: Executioner|0 fnt
|-boost|p2a: Iron Treads|spe|1
|-sideend|p2: trueross|Stealth Rock|[from] move: Rapid Spin|[of] p2a: Iron Treads
|faint|p1a: Executioner
|
|upkeep
|
|t:|1779685494
|switch|p1a: JustACigarette|Typhlosion-Hisui, F, shiny|100/100
|-item|p2a: Iron Treads|Heavy-Duty Boots|[from] ability: Frisk|[of] p1a: JustACigarette
|turn|8
|
|t:|1779685497
|move|p1a: JustACigarette|Eruption|p2a: Iron Treads
|-supereffective|p2a: Iron Treads
|-damage|p2a: Iron Treads|0 fnt
|faint|p2a: Iron Treads
|-end|p2a: Iron Treads|Quark Drive|[silent]
|
|upkeep
|
|t:|1779685507
|switch|p2a: Slowking|Slowking-Galar, F|100/100
|turn|9
|
|t:|1779685515
|move|p1a: JustACigarette|Eruption|p2a: Slowking
|-damage|p2a: Slowking|54/100
|move|p2a: Slowking|Sludge Bomb|p1a: JustACigarette
|-resisted|p1a: JustACigarette
|-crit|p1a: JustACigarette
|-damage|p1a: JustACigarette|69/100
|
|-sideend|p1: Fantasmatica|move: Tailwind
|upkeep
|turn|10
|
|t:|1779685522
|move|p1a: JustACigarette|Eruption|p2a: Slowking
|-damage|p2a: Slowking|23/100
|move|p2a: Slowking|Sludge Bomb|p1a: JustACigarette
|-resisted|p1a: JustACigarette
|-damage|p1a: JustACigarette|45/100
|-status|p1a: JustACigarette|psn
|
|-damage|p1a: JustACigarette|32/100 psn|[from] psn
|upkeep
|turn|11
|
|t:|1779685526
|switch|p1a: Depressed|Goodra-Hisui, F|100/100
|move|p2a: Slowking|Slack Off|p2a: Slowking
|-heal|p2a: Slowking|73/100
|
|upkeep
|turn|12
|
|t:|1779685530
|move|p1a: Depressed|Shelter|p1a: Depressed
|-boost|p1a: Depressed|def|2
|-prepare|p2a: Slowking|Chilly Reception|[premajor]
|move|p2a: Slowking|Chilly Reception|p2a: Slowking
|-weather|Snowscape
|
|t:|1779685539
|switch|p2a: Iron Boulder|Iron Boulder|100/100|[from] Chilly Reception
|-enditem|p2a: Iron Boulder|Booster Energy
|-activate|p2a: Iron Boulder|ability: Quark Drive|[fromitem]
|-start|p2a: Iron Boulder|quarkdriveatk
|
|-weather|Snowscape|[upkeep]
|upkeep
|turn|13
|
|t:|1779685569
|-terastallize|p2a: Iron Boulder|Fighting
|move|p2a: Iron Boulder|Sacred Sword|p1a: Depressed
|-supereffective|p1a: Depressed
|-damage|p1a: Depressed|14/100
|move|p1a: Depressed|Body Press|p2a: Iron Boulder
|-damage|p2a: Iron Boulder|37/100
|
|-weather|Snowscape|[upkeep]
|-heal|p1a: Depressed|20/100|[from] item: Leftovers
|upkeep
|turn|14
|
|t:|1779685576
|switch|p1a: JustACigarette|Typhlosion-Hisui, F, shiny|32/100 psn
|move|p2a: Iron Boulder|Sacred Sword|p1a: JustACigarette
|-immune|p1a: JustACigarette
|
|-weather|Snowscape|[upkeep]
|-damage|p1a: JustACigarette|20/100 psn|[from] psn
|upkeep
|turn|15
|
|t:|1779685585
|move|p1a: JustACigarette|Shadow Ball|p2a: Iron Boulder
|-damage|p2a: Iron Boulder|0 fnt
|faint|p2a: Iron Boulder
|-end|p2a: Iron Boulder|Quark Drive|[silent]
|
|-weather|Snowscape|[upkeep]
|-damage|p1a: JustACigarette|7/100 psn|[from] psn
|upkeep
|inactive|trueross has 120 seconds left.
|l|☆trueross
|inactive|trueross disconnected and has a minute to reconnect!
|player|p2|
|j|☆trueross
|inactive|trueross reconnected and has 100 seconds left.
|player|p2|trueross|li|
|
|t:|1779685645
|switch|p2a: Lokix|Lokix, M|22/100
|turn|16
|l|☆Fantasmatica
|inactive|Fantasmatica disconnected and has a minute to reconnect!
|player|p1|
|j|☆Fantasmatica
|inactive|Fantasmatica reconnected and has 130 seconds left.
|player|p1|Fantasmatica|akari|
|
|t:|1779685672
|move|p2a: Lokix|First Impression|p1a: JustACigarette
|-resisted|p1a: JustACigarette
|-damage|p1a: JustACigarette|0 fnt
|faint|p1a: JustACigarette
|
|-weather|none
|upkeep
|
|t:|1779685682
|switch|p1a: ICan'tFixYou|Decidueye-Hisui, M|100/100
|turn|17
|
|t:|1779685687
|switch|p2a: Slowking|Slowking-Galar, F|100/100
|move|p1a: ICan'tFixYou|Brave Bird|p2a: Slowking
|-crit|p2a: Slowking
|-damage|p2a: Slowking|37/100
|-damage|p1a: ICan'tFixYou|74/100|[from] Recoil
|
|upkeep
|turn|18
|inactive|trueross has 120 seconds left.
|
|t:|1779685692
|move|p1a: ICan'tFixYou|Brave Bird|p2a: Slowking
|-damage|p2a: Slowking|0 fnt
|faint|p2a: Slowking
|-damage|p1a: ICan'tFixYou|59/100|[from] Recoil
|
|upkeep
|inactive|trueross has 120 seconds left.
|
|t:|1779685707
|switch|p2a: Cetitan|Cetitan, M, shiny|100/100
|turn|19
|inactive|trueross has 120 seconds left.
|
|t:|1779685719
|switch|p1a: Depressed|Goodra-Hisui, F|20/100
|move|p2a: Cetitan|Belly Drum|p2a: Cetitan
|-damage|p2a: Cetitan|50/100
|-setboost|p2a: Cetitan|atk|6|[from] move: Belly Drum
|-enditem|p2a: Cetitan|Sitrus Berry|[eat]
|-heal|p2a: Cetitan|75/100|[from] item: Sitrus Berry
|
|-heal|p1a: Depressed|26/100|[from] item: Leftovers
|upkeep
|turn|20
|
|t:|1779685724
|move|p2a: Cetitan|Ice Shard|p1a: Depressed
|-damage|p1a: Depressed|0 fnt
|faint|p1a: Depressed
|
|upkeep
|
|t:|1779685729
|switch|p1a: ICan'tFixYou|Decidueye-Hisui, M|59/100
|turn|21
|
|t:|1779685732
|-terastallize|p1a: ICan'tFixYou|Fighting
|move|p2a: Cetitan|Ice Shard|p1a: ICan'tFixYou
|-damage|p1a: ICan'tFixYou|0 fnt
|faint|p1a: ICan'tFixYou
|
|upkeep
|
|t:|1779685734
|switch|p1a: Haise Sasaki|Braviary-Hisui, M, shiny|100/100
|turn|22
|
|t:|1779685738
|move|p2a: Cetitan|Ice Shard|p1a: Haise Sasaki
|-supereffective|p1a: Haise Sasaki
|-damage|p1a: Haise Sasaki|0 fnt
|faint|p1a: Haise Sasaki
|
|win|trueross
|raw|Fantasmatica's rating: 1289 &rarr; <strong>1266</strong><br />(-23 for losing)
|raw|trueross's rating: 1314 &rarr; <strong>1333</strong><br />(+19 for winning)
|l|☆Fantasmatica
|player|p1|
|l|☆trueross
|player|p2|
