|j|☆3and3=W
|j|☆FavouriteGoldenBoy
|t:|1779646449
|gametype|singles
|player|p1|3and3=W|cynthia-gen4|1180
|player|p2|FavouriteGoldenBoy|harlequin|1163
|gen|9
|tier|[Gen 9] OU
|rated|
|rule|HP Percentage Mod: HP is shown in percentages
|rule|Endless Battle Clause: Forcing endless battles is banned
|rule|Species Clause: Limit one of each Pokémon
|rule|OHKO Clause: OHKO moves are banned
|rule|Evasion Items Clause: Evasion items are banned
|rule|Evasion Moves Clause: Evasion moves are banned
|rule|Evasion Abilities Clause: Evasion abilities are banned
|rule|Sleep Moves Clause: Sleep-inducing moves are banned
|clearpoke
|poke|p1|Weavile, F|
|poke|p1|Great Tusk|
|poke|p1|Heatran, F|
|poke|p1|Weezing-Galar, M|
|poke|p1|Zapdos|
|poke|p1|Dragapult, M|
|poke|p2|Floatzel, M|
|poke|p2|Feraligatr, F|
|poke|p2|Whiscash, F|
|poke|p2|Politoed, F|
|poke|p2|Forretress, M|
|poke|p2|Kingambit, M|
|teampreview
|inactive|Battle timer is ON: inactive players will automatically lose when time's up. (requested by FavouriteGoldenBoy)
|
|t:|1779646487
|teamsize|p1|6
|teamsize|p2|6
|start
|switch|p1a: Great Tusk|Great Tusk|100/100
|switch|p2a: referee|Forretress, M|100/100
|turn|1
|
|t:|1779646498
|move|p1a: Great Tusk|Headlong Rush|p2a: referee
|-damage|p2a: referee|56/100
|-unboost|p1a: Great Tusk|def|1
|-unboost|p1a: Great Tusk|spd|1
|-enditem|p2a: referee|Red Card|[of] p1a: Great Tusk
|-end|p1a: Great Tusk|Protosynthesis|[silent]
|drag|p1a: Heatran|Heatran, F|100/100
|move|p2a: referee|Stealth Rock|p1a: Heatran
|-sidestart|p1: 3and3=W|move: Stealth Rock
|
|upkeep
|turn|2
|
|t:|1779646508
|move|p1a: Heatran|Magma Storm|p2a: referee|[miss]
|-miss|p1a: Heatran|p2a: referee
|move|p2a: referee|Thunder Wave|p1a: Heatran|[miss]
|-miss|p2a: referee|p1a: Heatran
|
|upkeep
|turn|3
|
|t:|1779646516
|move|p1a: Heatran|Taunt|p2a: referee
|-start|p2a: referee|move: Taunt
|cant|p2a: referee|move: Taunt|Thunder Wave
|
|upkeep
|turn|4
|
|t:|1779646523
|move|p1a: Heatran|Magma Storm|p2a: referee|[miss]
|-miss|p1a: Heatran|p2a: referee
|move|p2a: referee|Iron Head|p1a: Heatran
|-resisted|p1a: Heatran
|-damage|p1a: Heatran|95/100
|
|-heal|p1a: Heatran|100/100|[from] item: Leftovers
|upkeep
|turn|5
|
|t:|1779646532
|switch|p2a: rain rain stay|Politoed, F|100/100
|-weather|RainDance|[from] ability: Drizzle|[of] p2a: rain rain stay
|move|p1a: Heatran|Stealth Rock|p2a: rain rain stay
|-sidestart|p2: FavouriteGoldenBoy|move: Stealth Rock
|
|-weather|RainDance|[upkeep]
|upkeep
|turn|6
|inactive|3and3=W has 120 seconds left.
|
|t:|1779646573
|move|p2a: rain rain stay|Weather Ball|p1a: Heatran
|-supereffective|p1a: Heatran
|-damage|p1a: Heatran|16/100
|move|p1a: Heatran|Magma Storm|p2a: rain rain stay
|-resisted|p2a: rain rain stay
|-damage|p2a: rain rain stay|90/100
|-activate|p2a: rain rain stay|move: Magma Storm|[of] p1a: Heatran
|
|-weather|RainDance|[upkeep]
|-heal|p1a: Heatran|22/100|[from] item: Leftovers
|-damage|p2a: rain rain stay|77/100|[from] move: Magma Storm|[partiallytrapped]
|upkeep
|turn|7
|
|t:|1779646588
|move|p2a: rain rain stay|Weather Ball|p1a: Heatran
|-supereffective|p1a: Heatran
|-damage|p1a: Heatran|0 fnt
|faint|p1a: Heatran
|
|-weather|RainDance|[upkeep]
|-end|p2a: rain rain stay|Magma Storm|[partiallytrapped]|[silent]
|upkeep
|
|t:|1779646601
|switch|p1a: Weavile|Weavile, F|100/100
|-ability|p1a: Weavile|Pressure
|turn|8
|
|t:|1779646618
|move|p1a: Weavile|Swords Dance|p1a: Weavile
|-boost|p1a: Weavile|atk|2
|move|p2a: rain rain stay|Weather Ball|p1a: Weavile
|-damage|p1a: Weavile|0 fnt
|faint|p1a: Weavile
|
|-weather|RainDance|[upkeep]
|upkeep
|
|t:|1779646624
|switch|p1a: Dragapult|Dragapult, M|100/100
|-damage|p1a: Dragapult|88/100|[from] Stealth Rock
|turn|9
|
|t:|1779646630
|move|p1a: Dragapult|Draco Meteor|p2a: rain rain stay
|-damage|p2a: rain rain stay|0 fnt
|-unboost|p1a: Dragapult|spa|2
|faint|p2a: rain rain stay
|
|-weather|RainDance|[upkeep]
|upkeep
|
|t:|1779646642
|switch|p2a: Des Crux|Feraligatr, F|100/100
|-damage|p2a: Des Crux|88/100|[from] Stealth Rock
|turn|10
|inactive|3and3=W has 120 seconds left.
|
|t:|1779646654
|switch|p1a: Zapdos|Zapdos|100/100
|move|p2a: Des Crux|Ice Beam|p1a: Zapdos
|-supereffective|p1a: Zapdos
|-damage|p1a: Zapdos|27/100
|
|-weather|RainDance|[upkeep]
|upkeep
|turn|11
|
|t:|1779646660
|move|p2a: Des Crux|Substitute|p2a: Des Crux
|-start|p2a: Des Crux|Substitute
|-damage|p2a: Des Crux|63/100
|move|p1a: Zapdos|Thunderbolt|p2a: Des Crux
|-supereffective|p2a: Des Crux
|-end|p2a: Des Crux|Substitute
|
|-weather|RainDance|[upkeep]
|upkeep
|turn|12
|
|t:|1779646667
|move|p2a: Des Crux|Ice Beam|p1a: Zapdos
|-supereffective|p1a: Zapdos
|-damage|p1a: Zapdos|0 fnt
|faint|p1a: Zapdos
|
|-weather|none
|upkeep
|
|t:|1779646673
|switch|p1a: Dragapult|Dragapult, M|88/100
|-damage|p1a: Dragapult|76/100|[from] Stealth Rock
|turn|13
|
|t:|1779646678
|move|p1a: Dragapult|Draco Meteor|p2a: Des Crux
|-damage|p2a: Des Crux|0 fnt
|-unboost|p1a: Dragapult|spa|2
|faint|p2a: Des Crux
|
|upkeep
|
|t:|1779646686
|switch|p2a: referee|Forretress, M|56/100
|-damage|p2a: referee|44/100|[from] Stealth Rock
|turn|14
|
|t:|1779646691
|switch|p1a: Great Tusk|Great Tusk|100/100
|-damage|p1a: Great Tusk|97/100|[from] Stealth Rock
|move|p2a: referee|Thunder Wave|p1a: Great Tusk
|-immune|p1a: Great Tusk
|
|-heal|p1a: Great Tusk|100/100|[from] item: Leftovers
|upkeep
|turn|15
|
|t:|1779646702
|move|p1a: Great Tusk|Rapid Spin|p2a: referee
|-resisted|p2a: referee
|-damage|p2a: referee|37/100
|-boost|p1a: Great Tusk|spe|1
|-sideend|p1: 3and3=W|Stealth Rock|[from] move: Rapid Spin|[of] p1a: Great Tusk
|move|p2a: referee|Rapid Spin|p1a: Great Tusk
|-damage|p1a: Great Tusk|94/100
|-boost|p2a: referee|spe|1
|-sideend|p2: FavouriteGoldenBoy|Stealth Rock|[from] move: Rapid Spin|[of] p2a: referee
|
|-heal|p1a: Great Tusk|100/100|[from] item: Leftovers
|upkeep
|turn|16
|
|t:|1779646712
|move|p1a: Great Tusk|Close Combat|p2a: referee
|-damage|p2a: referee|0 fnt
|-unboost|p1a: Great Tusk|def|1
|-unboost|p1a: Great Tusk|spd|1
|faint|p2a: referee
|
|upkeep
|
|t:|1779646718
|switch|p2a: Dragon? dancer|Whiscash, F|100/100
|turn|17
|
|t:|1779646725
|move|p1a: Great Tusk|Close Combat|p2a: Dragon? dancer
|-damage|p2a: Dragon? dancer|44/100
|-unboost|p1a: Great Tusk|def|1
|-unboost|p1a: Great Tusk|spd|1
|move|p2a: Dragon? dancer|Rain Dance|p2a: Dragon? dancer
|-weather|RainDance
|
|-weather|RainDance|[upkeep]
|-heal|p2a: Dragon? dancer|50/100|[from] item: Leftovers
|upkeep
|turn|18
|
|t:|1779646736
|move|p1a: Great Tusk|Close Combat|p2a: Dragon? dancer
|-damage|p2a: Dragon? dancer|0 fnt
|-unboost|p1a: Great Tusk|def|1
|-unboost|p1a: Great Tusk|spd|1
|faint|p2a: Dragon? dancer
|
|-weather|RainDance|[upkeep]
|upkeep
|
|t:|1779646744
|switch|p2a: BIG BANG CRUSH|Floatzel, M|100/100
|turn|19
|
|t:|1779646754
|-end|p1a: Great Tusk|Protosynthesis|[silent]
|switch|p1a: Dragapult|Dragapult, M|76/100
|move|p2a: BIG BANG CRUSH|Wave Crash|p1a: Dragapult
|-resisted|p1a: Dragapult
|-damage|p1a: Dragapult|0 fnt
|faint|p1a: Dragapult
|-damage|p2a: BIG BANG CRUSH|75/100|[from] Recoil
|
|-weather|RainDance|[upkeep]
|upkeep
|
|t:|1779646772
|switch|p1a: Weezing|Weezing-Galar, M|100/100
|turn|20
|
|t:|1779646779
|-terastallize|p2a: BIG BANG CRUSH|Water
|move|p2a: BIG BANG CRUSH|Wave Crash|p1a: Weezing
|-damage|p1a: Weezing|0 fnt
|faint|p1a: Weezing
|-damage|p2a: BIG BANG CRUSH|40/100|[from] Recoil
|
|-weather|RainDance|[upkeep]
|upkeep
|
|t:|1779646782
|switch|p1a: Great Tusk|Great Tusk|100/100
|turn|21
|
|t:|1779646799
|-terastallize|p1a: Great Tusk|Grass
|move|p2a: BIG BANG CRUSH|Wave Crash|p1a: Great Tusk
|-resisted|p1a: Great Tusk
|-damage|p1a: Great Tusk|52/100
|-damage|p2a: BIG BANG CRUSH|18/100|[from] Recoil
|move|p1a: Great Tusk|Close Combat|p2a: BIG BANG CRUSH
|-damage|p2a: BIG BANG CRUSH|0 fnt
|-unboost|p1a: Great Tusk|def|1
|-unboost|p1a: Great Tusk|spd|1
|faint|p2a: BIG BANG CRUSH
|
|-weather|none
|-heal|p1a: Great Tusk|58/100|[from] item: Leftovers
|upkeep
|
|t:|1779646812
|switch|p2a: Ore Sanjou|Kingambit, M|100/100
|-activate|p2a: Ore Sanjou|ability: Supreme Overlord
|-start|p2a: Ore Sanjou|fallen5|[silent]
|turn|22
|
|t:|1779646817
|move|p2a: Ore Sanjou|Sucker Punch|p1a: Great Tusk
|-damage|p1a: Great Tusk|0 fnt
|faint|p1a: Great Tusk
|-end|p1a: Great Tusk|Protosynthesis|[silent]
|
|win|FavouriteGoldenBoy
|raw|3and3=W's rating: 1180 &rarr; <strong>1154</strong><br />(-26 for losing)
|raw|FavouriteGoldenBoy's rating: 1163 &rarr; <strong>1189</strong><br />(+26 for winning)
|l|☆3and3=W
|player|p1|
|l|☆FavouriteGoldenBoy
|player|p2|
