|j|☆Rodricheat
|j|☆cryrob9909
|t:|1779579268
|gametype|singles
|player|p1|Rodricheat|skier|1177
|player|p2|cryrob9909|plasmagruntf-gen5bw|1241
|gen|9
|tier|[Gen 9] OU
|rated|
|rule|HP Percentage Mod: HP is shown in percentages
|rule|Endless Battle Clause: Forcing endless battles is banned
|rule|Species Clause: Limit one of each Pokémon
|rule|OHKO Clause: OHKO moves are banned
|rule|Evasion Items Clause: Evasion items are banned
|rule|Evasion Moves Clause: Evasion moves are banned
|rule|Evasion Abilities Clause: Evasion abilities are banned
|rule|Sleep Moves Clause: Sleep-inducing moves are banned
|clearpoke
|poke|p1|Ceruledge, M|
|poke|p1|Deoxys-Speed|
|poke|p1|Kingambit, M|
|poke|p1|Raging Bolt|
|poke|p1|Ogerpon-Wellspring, F|
|poke|p1|Iron Valiant|
|poke|p2|Frosmoth, F|
|poke|p2|Ninetales-Alola, F|
|poke|p2|Garchomp, M|
|poke|p2|Rillaboom, M|
|poke|p2|Slowking-Galar, M|
|poke|p2|Sandslash-Alola, F|
|teampreview
|inactive|Battle timer is ON: inactive players will automatically lose when time's up. (requested by cryrob9909)
|
|t:|1779579286
|teamsize|p1|6
|teamsize|p2|6
|start
|switch|p1a: Deoxys|Deoxys-Speed, shiny|100/100
|switch|p2a: Dark humor|Slowking-Galar, M|100/100
|-ability|p1a: Deoxys|Pressure
|turn|1
|
|t:|1779579297
|move|p1a: Deoxys|Taunt|p2a: Dark humor
|-start|p2a: Dark humor|move: Taunt
|move|p2a: Dark humor|Hex|p1a: Deoxys
|-supereffective|p1a: Deoxys
|-damage|p1a: Deoxys|56/100
|
|upkeep
|turn|2
|
|t:|1779579309
|move|p1a: Deoxys|Stealth Rock|p2a: Dark humor
|-sidestart|p2: cryrob9909|move: Stealth Rock
|move|p2a: Dark humor|Hex|p1a: Deoxys
|-supereffective|p1a: Deoxys
|-damage|p1a: Deoxys|9/100
|
|upkeep
|turn|3
|
|t:|1779579319
|switch|p1a: Kingambit|Kingambit, M, shiny|100/100
|-item|p1a: Kingambit|Air Balloon
|move|p2a: Dark humor|Hex|p1a: Kingambit
|-resisted|p1a: Kingambit
|-damage|p1a: Kingambit|89/100
|-enditem|p1a: Kingambit|Air Balloon
|
|-end|p2a: Dark humor|move: Taunt
|upkeep
|turn|4
|
|t:|1779579330
|move|p1a: Kingambit|Swords Dance|p1a: Kingambit
|-boost|p1a: Kingambit|atk|2
|-prepare|p2a: Dark humor|Chilly Reception|[premajor]
|move|p2a: Dark humor|Chilly Reception|p2a: Dark humor
|-weather|Snowscape
|
|t:|1779579339
|switch|p2a: Fireman|Garchomp, M|100/100|[from] Chilly Reception
|-damage|p2a: Fireman|94/100|[from] Stealth Rock
|
|-weather|Snowscape|[upkeep]
|upkeep
|turn|5
|
|t:|1779579347
|move|p2a: Fireman|Earthquake|p1a: Kingambit
|-supereffective|p1a: Kingambit
|-damage|p1a: Kingambit|0 fnt
|faint|p1a: Kingambit
|-end|p1a: Kingambit|fallenundefined|[silent]
|
|-weather|Snowscape|[upkeep]
|upkeep
|
|t:|1779579364
|switch|p1a: Iron Valiant|Iron Valiant, shiny|100/100
|-enditem|p1a: Iron Valiant|Booster Energy
|-activate|p1a: Iron Valiant|ability: Quark Drive|[fromitem]
|-start|p1a: Iron Valiant|quarkdrivespe
|turn|6
|
|t:|1779579377
|-terastallize|p2a: Fireman|Fairy
|move|p1a: Iron Valiant|Moonblast|p2a: Fireman
|-damage|p2a: Fireman|39/100
|move|p2a: Fireman|Earthquake|p1a: Iron Valiant
|-damage|p1a: Iron Valiant|35/100
|
|-weather|Snowscape|[upkeep]
|upkeep
|turn|7
|
|t:|1779579386
|switch|p2a: Sandslash|Sandslash-Alola, F, shiny|100/100
|-damage|p2a: Sandslash|88/100|[from] Stealth Rock
|move|p1a: Iron Valiant|Moonblast|p2a: Sandslash
|-resisted|p2a: Sandslash
|-damage|p2a: Sandslash|50/100
|
|-weather|Snowscape|[upkeep]
|upkeep
|turn|8
|
|t:|1779579396
|move|p1a: Iron Valiant|Moonblast|p2a: Sandslash
|-resisted|p2a: Sandslash
|-damage|p2a: Sandslash|17/100
|move|p2a: Sandslash|Iron Head|p1a: Iron Valiant
|-supereffective|p1a: Iron Valiant
|-damage|p1a: Iron Valiant|0 fnt
|faint|p1a: Iron Valiant
|-end|p1a: Iron Valiant|Quark Drive|[silent]
|-damage|p2a: Sandslash|7/100|[from] item: Life Orb
|
|-weather|none
|upkeep
|
|t:|1779579403
|switch|p1a: Ceruledge|Ceruledge, M, shiny|100/100
|turn|9
|
|t:|1779579407
|move|p1a: Ceruledge|Swords Dance|p1a: Ceruledge
|-boost|p1a: Ceruledge|atk|2
|move|p2a: Sandslash|Rock Slide|p1a: Ceruledge
|-supereffective|p1a: Ceruledge
|-damage|p1a: Ceruledge|24/100
|-ability|p1a: Ceruledge|Weak Armor|boost
|-unboost|p1a: Ceruledge|def|1
|-boost|p1a: Ceruledge|spe|2
|-damage|p2a: Sandslash|0 fnt|[from] item: Life Orb
|faint|p2a: Sandslash
|
|upkeep
|
|t:|1779579418
|switch|p2a: DK|Rillaboom, M|100/100
|-damage|p2a: DK|88/100|[from] Stealth Rock
|-fieldstart|move: Grassy Terrain|[from] ability: Grassy Surge|[of] p2a: DK
|turn|10
|
|t:|1779579424
|move|p1a: Ceruledge|Shadow Sneak|p2a: DK
|-damage|p2a: DK|21/100
|-damage|p1a: Ceruledge|14/100|[from] item: Life Orb
|move|p2a: DK|Grassy Glide|p1a: Ceruledge
|-resisted|p1a: Ceruledge
|-damage|p1a: Ceruledge|0 fnt
|faint|p1a: Ceruledge
|
|-heal|p2a: DK|27/100|[from] Grassy Terrain
|upkeep
|
|t:|1779579434
|switch|p1a: Raging Bolt|Raging Bolt|100/100
|-enditem|p1a: Raging Bolt|Booster Energy
|-activate|p1a: Raging Bolt|ability: Protosynthesis|[fromitem]
|-start|p1a: Raging Bolt|protosynthesisspa
|turn|11
|
|t:|1779579443
|switch|p2a: Kitsune|Ninetales-Alola, F, shiny|100/100
|-damage|p2a: Kitsune|76/100|[from] Stealth Rock
|-weather|Snowscape|[from] ability: Snow Warning|[of] p2a: Kitsune
|move|p1a: Raging Bolt|Thunderclap||[still]
|-fail|p1a: Raging Bolt
|
|-weather|Snowscape|[upkeep]
|-heal|p2a: Kitsune|82/100|[from] Grassy Terrain
|upkeep
|turn|12
|
|t:|1779579454
|-end|p1a: Raging Bolt|Protosynthesis|[silent]
|switch|p1a: Ogerpon|Ogerpon-Wellspring, F|100/100
|move|p2a: Kitsune|Aurora Veil|p2a: Kitsune
|-sidestart|p2: cryrob9909|move: Aurora Veil
|
|-weather|Snowscape|[upkeep]
|-heal|p2a: Kitsune|88/100|[from] Grassy Terrain
|upkeep
|turn|13
|
|t:|1779579470
|move|p2a: Kitsune|Blizzard|p1a: Ogerpon
|-damage|p1a: Ogerpon|56/100
|move|p1a: Ogerpon|Swords Dance|p1a: Ogerpon
|-boost|p1a: Ogerpon|atk|2
|
|-weather|Snowscape|[upkeep]
|-heal|p2a: Kitsune|94/100|[from] Grassy Terrain
|-heal|p1a: Ogerpon|62/100|[from] Grassy Terrain
|upkeep
|turn|14
|
|t:|1779579480
|move|p1a: Ogerpon|Swords Dance|p1a: Ogerpon
|-boost|p1a: Ogerpon|atk|2
|move|p2a: Kitsune|Roar|p1a: Ogerpon
|drag|p1a: Raging Bolt|Raging Bolt|100/100
|
|-weather|Snowscape|[upkeep]
|-heal|p2a: Kitsune|99/100|[from] Grassy Terrain
|-fieldend|move: Grassy Terrain
|upkeep
|turn|15
|
|t:|1779579490
|-end|p1a: Raging Bolt|Protosynthesis|[silent]
|switch|p1a: Deoxys|Deoxys-Speed, shiny|9/100
|-ability|p1a: Deoxys|Pressure
|move|p2a: Kitsune|Blizzard|p1a: Deoxys
|-damage|p1a: Deoxys|0 fnt
|faint|p1a: Deoxys
|
|-weather|Snowscape|[upkeep]
|upkeep
|
|t:|1779579492
|switch|p1a: Ogerpon|Ogerpon-Wellspring, F|62/100
|turn|16
|j| jsmikelol
|
|t:|1779579501
|switch|p2a: Fem Gojo|Frosmoth, F|100/100
|-damage|p2a: Fem Gojo|50/100|[from] Stealth Rock
|move|p1a: Ogerpon|Swords Dance|p1a: Ogerpon
|-boost|p1a: Ogerpon|atk|2
|
|-weather|Snowscape|[upkeep]
|-sideend|p2: cryrob9909|move: Aurora Veil
|upkeep
|turn|17
|
|t:|1779579511
|move|p1a: Ogerpon|Ivy Cudgel|p2a: Fem Gojo|[anim] Ivy Cudgel Water
|-damage|p2a: Fem Gojo|0 fnt
|faint|p2a: Fem Gojo
|
|-weather|Snowscape|[upkeep]
|upkeep
|c| jsmikelol|uh oh
|
|t:|1779579517
|switch|p2a: DK|Rillaboom, M|27/100
|-damage|p2a: DK|14/100|[from] Stealth Rock
|-fieldstart|move: Grassy Terrain|[from] ability: Grassy Surge|[of] p2a: DK
|turn|18
|
|t:|1779579523
|move|p2a: DK|Fake Out|p1a: Ogerpon
|-damage|p1a: Ogerpon|43/100
|cant|p1a: Ogerpon|flinch
|
|-weather|none
|-heal|p1a: Ogerpon|49/100|[from] Grassy Terrain
|-heal|p2a: DK|20/100|[from] Grassy Terrain
|upkeep
|turn|19
|
|t:|1779579533
|move|p2a: DK|Grassy Glide|p1a: Ogerpon
|-damage|p1a: Ogerpon|0 fnt
|faint|p1a: Ogerpon
|
|-heal|p2a: DK|26/100|[from] Grassy Terrain
|upkeep
|
|t:|1779579536
|switch|p1a: Raging Bolt|Raging Bolt|100/100
|turn|20
|
|t:|1779579542
|move|p2a: DK|U-turn|p1a: Raging Bolt
|-damage|p1a: Raging Bolt|80/100
|
|t:|1779579546
|switch|p2a: Kitsune|Ninetales-Alola, F, shiny|99/100|[from] U-turn
|-damage|p2a: Kitsune|75/100|[from] Stealth Rock
|-weather|Snowscape|[from] ability: Snow Warning|[of] p2a: Kitsune
|move|p1a: Raging Bolt|Calm Mind|p1a: Raging Bolt
|-boost|p1a: Raging Bolt|spa|1
|-boost|p1a: Raging Bolt|spd|1
|
|-weather|Snowscape|[upkeep]
|-heal|p2a: Kitsune|81/100|[from] Grassy Terrain
|-heal|p1a: Raging Bolt|86/100|[from] Grassy Terrain
|upkeep
|turn|21
|
|t:|1779579556
|move|p2a: Kitsune|Blizzard|p1a: Raging Bolt
|-supereffective|p1a: Raging Bolt
|-damage|p1a: Raging Bolt|39/100
|move|p1a: Raging Bolt|Thunderbolt|p2a: Kitsune
|-damage|p2a: Kitsune|0 fnt
|faint|p2a: Kitsune
|
|-weather|Snowscape|[upkeep]
|-heal|p1a: Raging Bolt|45/100|[from] Grassy Terrain
|upkeep
|
|t:|1779579568
|switch|p2a: Fireman|Garchomp, M, tera:Fairy|39/100
|-damage|p2a: Fireman|27/100|[from] Stealth Rock
|turn|22
|
|t:|1779579572
|move|p1a: Raging Bolt|Thunderclap|p2a: Fireman
|-damage|p2a: Fireman|0 fnt
|faint|p2a: Fireman
|
|-weather|Snowscape|[upkeep]
|-heal|p1a: Raging Bolt|51/100|[from] Grassy Terrain
|-fieldend|move: Grassy Terrain
|upkeep
|
|t:|1779579579
|switch|p2a: DK|Rillaboom, M|26/100
|-damage|p2a: DK|14/100|[from] Stealth Rock
|-fieldstart|move: Grassy Terrain|[from] ability: Grassy Surge|[of] p2a: DK
|turn|23
|
|t:|1779579584
|move|p2a: DK|Fake Out|p1a: Raging Bolt
|-damage|p1a: Raging Bolt|39/100
|cant|p1a: Raging Bolt|flinch
|
|-weather|Snowscape|[upkeep]
|-heal|p2a: DK|20/100|[from] Grassy Terrain
|-heal|p1a: Raging Bolt|45/100|[from] Grassy Terrain
|upkeep
|turn|24
|
|t:|1779579590
|move|p2a: DK|Grassy Glide|p1a: Raging Bolt
|-resisted|p1a: Raging Bolt
|-damage|p1a: Raging Bolt|24/100
|move|p1a: Raging Bolt|Thunderclap||[still]
|-fail|p1a: Raging Bolt
|
|-weather|Snowscape|[upkeep]
|-heal|p2a: DK|26/100|[from] Grassy Terrain
|-heal|p1a: Raging Bolt|31/100|[from] Grassy Terrain
|upkeep
|turn|25
|
|t:|1779579604
|move|p2a: DK|Wood Hammer|p1a: Raging Bolt
|-resisted|p1a: Raging Bolt
|-damage|p1a: Raging Bolt|0 fnt
|faint|p1a: Raging Bolt
|-end|p1a: Raging Bolt|Protosynthesis|[silent]
|-damage|p2a: DK|13/100|[from] Recoil
|
|win|cryrob9909
|raw|Rodricheat's rating: 1177 &rarr; <strong>1157</strong><br />(-20 for losing)
|raw|cryrob9909's rating: 1241 &rarr; <strong>1261</strong><br />(+20 for winning)
|l|☆Rodricheat
|player|p1|
