|j|☆The.Columbina
|j|☆koolbeins
|t:|1779610345
|gametype|singles
|player|p1|The.Columbina|hilda-wonderlauncher|1106
|player|p2|koolbeins|ingo|1103
|gen|9
|tier|[Gen 9] OU
|rated|
|rule|HP Percentage Mod: HP is shown in percentages
|rule|Endless Battle Clause: Forcing endless battles is banned
|rule|Species Clause: Limit one of each Pokémon
|rule|OHKO Clause: OHKO moves are banned
|rule|Evasion Items Clause: Evasion items are banned
|rule|Evasion Moves Clause: Evasion moves are banned
|rule|Evasion Abilities Clause: Evasion abilities are banned
|rule|Sleep Moves Clause: Sleep-inducing moves are banned
|clearpoke
|poke|p1|Primarina, F|
|poke|p1|Articuno|
|poke|p1|Pincurchin, M|
|poke|p1|Pelipper, F|
|poke|p1|Zapdos|
|poke|p1|Gliscor, F|
|poke|p2|Keldeo-Resolute|
|poke|p2|Arboliva, M|
|poke|p2|Heatran, M|
|poke|p2|Veluza, M|
|poke|p2|Great Tusk|
|poke|p2|Slowking-Galar, F|
|teampreview
|inactive|Battle timer is ON: inactive players will automatically lose when time's up. (requested by koolbeins)
|inactive|The.Columbina also wants the timer to be on.
|
|t:|1779610371
|teamsize|p1|6
|teamsize|p2|6
|start
|switch|p1a: Pelipper|Pelipper, F|100/100
|switch|p2a: Arboliva|Arboliva, M|100/100
|-weather|RainDance|[from] ability: Drizzle|[of] p1a: Pelipper
|turn|1
|
|t:|1779610386
|move|p1a: Pelipper|U-turn|p2a: Arboliva
|-supereffective|p2a: Arboliva
|-damage|p2a: Arboliva|80/100
|-fieldstart|move: Grassy Terrain|[from] ability: Seed Sower|[of] p2a: Arboliva
|
|t:|1779610395
|switch|p1a: Pincurchin|Pincurchin, M|100/100|[from] U-turn
|-fieldstart|move: Electric Terrain|[from] ability: Electric Surge|[of] p1a: Pincurchin
|move|p2a: Arboliva|Leech Seed|p1a: Pincurchin
|-start|p1a: Pincurchin|move: Leech Seed
|
|-weather|RainDance|[upkeep]
|-heal|p2a: Arboliva|87/100|[from] item: Leftovers
|-damage|p1a: Pincurchin|88/100|[from] Leech Seed|[of] p2a: Arboliva
|-heal|p2a: Arboliva|97/100|[silent]
|upkeep
|turn|2
|
|t:|1779610407
|switch|p2a: Slowking|Slowking-Galar, F|100/100
|move|p1a: Pincurchin|Spikes|p2a: Slowking
|-sidestart|p2: koolbeins|Spikes
|
|-weather|RainDance|[upkeep]
|-damage|p1a: Pincurchin|76/100|[from] Leech Seed|[of] p2a: Slowking
|upkeep
|turn|3
|
|t:|1779610417
|move|p1a: Pincurchin|Sucker Punch|p2a: Slowking
|-supereffective|p2a: Slowking
|-crit|p2a: Slowking
|-damage|p2a: Slowking|17/100
|-damage|p1a: Pincurchin|66/100|[from] item: Life Orb
|move|p2a: Slowking|Future Sight|p1a: Pincurchin
|-start|p2a: Slowking|move: Future Sight
|
|-weather|RainDance|[upkeep]
|-damage|p1a: Pincurchin|53/100|[from] Leech Seed|[of] p2a: Slowking
|-heal|p2a: Slowking|26/100|[silent]
|upkeep
|turn|4
|
|t:|1779610426
|move|p1a: Pincurchin|Sucker Punch||[still]
|-fail|p1a: Pincurchin
|-prepare|p2a: Slowking|Chilly Reception|[premajor]
|move|p2a: Slowking|Chilly Reception|p2a: Slowking
|-weather|Snowscape
|
|t:|1779610441
|switch|p2a: Arboliva|Arboliva, M|97/100|[from] Chilly Reception
|-damage|p2a: Arboliva|84/100|[from] Spikes
|
|-weather|Snowscape|[upkeep]
|-heal|p2a: Arboliva|90/100|[from] item: Leftovers
|-damage|p1a: Pincurchin|41/100|[from] Leech Seed|[of] p2a: Arboliva
|-heal|p2a: Arboliva|100/100|[silent]
|upkeep
|turn|5
|
|t:|1779610454
|switch|p1a: Articuno|Articuno|100/100
|-ability|p1a: Articuno|Pressure
|move|p2a: Arboliva|Strength Sap|p1a: Articuno
|-unboost|p1a: Articuno|atk|1
|
|-weather|Snowscape|[upkeep]
|-end|p1a: Articuno|move: Future Sight
|-damage|p1a: Articuno|59/100
|-fieldend|move: Electric Terrain
|upkeep
|turn|6
|
|t:|1779610467
|move|p1a: Articuno|Triple Axel|p2a: Arboliva
|-supereffective|p2a: Arboliva
|-damage|p2a: Arboliva|89/100
|-fieldstart|move: Grassy Terrain|[from] ability: Seed Sower|[of] p2a: Arboliva
|-supereffective|p2a: Arboliva
|-damage|p2a: Arboliva|67/100
|-supereffective|p2a: Arboliva
|-damage|p2a: Arboliva|30/100
|-hitcount|p2a: Arboliva|3
|move|p2a: Arboliva|Leech Seed|p1a: Articuno
|-start|p1a: Articuno|move: Leech Seed
|
|-weather|Snowscape|[upkeep]
|-heal|p2a: Arboliva|36/100|[from] Grassy Terrain
|-heal|p2a: Arboliva|42/100|[from] item: Leftovers
|-damage|p1a: Articuno|46/100|[from] Leech Seed|[of] p2a: Arboliva
|-heal|p2a: Arboliva|53/100|[silent]
|upkeep
|turn|7
|
|t:|1779610484
|switch|p1a: Pelipper|Pelipper, F|100/100
|-weather|RainDance|[from] ability: Drizzle|[of] p1a: Pelipper
|move|p2a: Arboliva|Strength Sap|p1a: Pelipper
|-unboost|p1a: Pelipper|atk|1
|-heal|p2a: Arboliva|91/100
|
|-weather|RainDance|[upkeep]
|-heal|p2a: Arboliva|97/100|[from] Grassy Terrain
|-heal|p2a: Arboliva|100/100|[from] item: Leftovers
|upkeep
|turn|8
|
|t:|1779610497
|move|p1a: Pelipper|Hurricane|p2a: Arboliva
|-supereffective|p2a: Arboliva
|-damage|p2a: Arboliva|49/100
|move|p2a: Arboliva|Hyper Voice|p1a: Pelipper
|-damage|p1a: Pelipper|43/100
|
|-weather|RainDance|[upkeep]
|-heal|p2a: Arboliva|55/100|[from] Grassy Terrain
|-heal|p2a: Arboliva|61/100|[from] item: Leftovers
|upkeep
|turn|9
|
|t:|1779610508
|move|p1a: Pelipper|U-turn|p2a: Arboliva
|-supereffective|p2a: Arboliva
|-crit|p2a: Arboliva
|-damage|p2a: Arboliva|32/100
|
|t:|1779610513
|switch|p1a: Gliscor|Gliscor, F|100/100|[from] U-turn
|move|p2a: Arboliva|Strength Sap|p1a: Gliscor
|-unboost|p1a: Gliscor|atk|1
|-heal|p2a: Arboliva|100/100
|
|-weather|RainDance|[upkeep]
|-status|p1a: Gliscor|tox|[from] item: Toxic Orb
|upkeep
|turn|10
|
|t:|1779610524
|move|p1a: Gliscor|Knock Off|p2a: Arboliva
|-crit|p2a: Arboliva
|-damage|p2a: Arboliva|62/100
|-enditem|p2a: Arboliva|Leftovers|[from] move: Knock Off|[of] p1a: Gliscor
|move|p2a: Arboliva|Leech Seed|p1a: Gliscor
|-start|p1a: Gliscor|move: Leech Seed
|
|-weather|RainDance|[upkeep]
|-heal|p2a: Arboliva|69/100|[from] Grassy Terrain
|-damage|p1a: Gliscor|88/100 tox|[from] Leech Seed|[of] p2a: Arboliva
|-heal|p2a: Arboliva|80/100|[silent]
|-heal|p1a: Gliscor|100/100 tox|[from] ability: Poison Heal
|-fieldend|move: Grassy Terrain
|upkeep
|turn|11
|inactive|koolbeins has 120 seconds left.
|
|t:|1779610573
|switch|p1a: Pelipper|Pelipper, F|43/100
|move|p2a: Arboliva|Energy Ball|p1a: Pelipper
|-damage|p1a: Pelipper|0 fnt
|faint|p1a: Pelipper
|
|-weather|none
|upkeep
|inactive|The.Columbina has 120 seconds left.
|
|t:|1779610593
|switch|p1a: Articuno|Articuno|46/100
|-ability|p1a: Articuno|Pressure
|turn|12
|inactive|The.Columbina has 120 seconds left.
|
|t:|1779610610
|-terastallize|p1a: Articuno|Ice
|move|p1a: Articuno|Triple Axel|p2a: Arboliva
|-supereffective|p2a: Arboliva
|-damage|p2a: Arboliva|56/100
|-fieldstart|move: Grassy Terrain|[from] ability: Seed Sower|[of] p2a: Arboliva
|-supereffective|p2a: Arboliva
|-damage|p2a: Arboliva|10/100
|-supereffective|p2a: Arboliva
|-damage|p2a: Arboliva|0 fnt
|faint|p2a: Arboliva
|-hitcount|p2: Arboliva|3
|
|-heal|p1a: Articuno|52/100|[from] Grassy Terrain
|upkeep
|inactive|koolbeins has 90 seconds left.
|
|t:|1779610647
|switch|p2a: Veluza|Veluza, M|100/100
|-damage|p2a: Veluza|88/100|[from] Spikes
|-ability|p2a: Veluza|Mold Breaker
|turn|13
|inactive|The.Columbina has 120 seconds left.
|
|t:|1779610659
|switch|p1a: Gliscor|Gliscor, F|100/100 tox
|move|p2a: Veluza|Fillet Away|p2a: Veluza
|-boost|p2a: Veluza|atk|2
|-boost|p2a: Veluza|spa|2
|-boost|p2a: Veluza|spe|2
|-damage|p2a: Veluza|38/100
|-enditem|p2a: Veluza|Sitrus Berry|[eat]
|-heal|p2a: Veluza|63/100|[from] item: Sitrus Berry
|
|-heal|p2a: Veluza|69/100|[from] Grassy Terrain
|upkeep
|turn|14
|inactive|The.Columbina has 120 seconds left.
|
|t:|1779610675
|move|p2a: Veluza|Hydro Pump|p1a: Gliscor
|-supereffective|p1a: Gliscor
|-damage|p1a: Gliscor|0 fnt
|faint|p1a: Gliscor
|
|-heal|p2a: Veluza|75/100|[from] Grassy Terrain
|upkeep
|
|t:|1779610683
|switch|p1a: Pincurchin|Pincurchin, M|41/100
|-fieldstart|move: Electric Terrain|[from] ability: Electric Surge|[of] p1a: Pincurchin
|turn|15
|inactive|The.Columbina has 120 seconds left.
|
|t:|1779610689
|move|p1a: Pincurchin|Sucker Punch|p2a: Veluza
|-supereffective|p2a: Veluza
|-damage|p2a: Veluza|3/100
|-damage|p1a: Pincurchin|31/100|[from] item: Life Orb
|move|p2a: Veluza|Stored Power|p1a: Pincurchin
|-damage|p1a: Pincurchin|0 fnt
|faint|p1a: Pincurchin
|
|upkeep
|inactive|The.Columbina has 120 seconds left.
|
|t:|1779610701
|switch|p1a: Zapdos|Zapdos|100/100
|turn|16
|
|t:|1779610707
|-terastallize|p2a: Veluza|Dark
|move|p2a: Veluza|Recover|p2a: Veluza
|-heal|p2a: Veluza|53/100
|move|p1a: Zapdos|Volt Switch|p2a: Veluza
|-damage|p2a: Veluza|1/100
|inactive|The.Columbina has 120 seconds left.
|
|t:|1779610723
|switch|p1a: Articuno|Articuno, tera:Ice|52/100|[from] Volt Switch
|-ability|p1a: Articuno|Pressure
|
|upkeep
|turn|17
|inactive|The.Columbina has 120 seconds left.
|-message|The.Columbina forfeited.
|
|win|koolbeins
|raw|The.Columbina's rating: 1106 &rarr; <strong>1081</strong><br />(-25 for losing)
|raw|koolbeins's rating: 1103 &rarr; <strong>1128</strong><br />(+25 for winning)
|l|☆The.Columbina
|player|p1|
|l|☆koolbeins
|player|p2|
