|j|‽aaagislash
|j|☆Boliveira
|t:|1779633052
|gametype|singles
|player|p1|aaagislash|102|1471
|player|p2|Boliveira|hiker-gen4|1471
|gen|9
|tier|[Gen 9] OU
|rated|
|rule|HP Percentage Mod: HP is shown in percentages
|rule|Endless Battle Clause: Forcing endless battles is banned
|rule|Species Clause: Limit one of each Pokémon
|rule|OHKO Clause: OHKO moves are banned
|rule|Evasion Items Clause: Evasion items are banned
|rule|Evasion Moves Clause: Evasion moves are banned
|rule|Evasion Abilities Clause: Evasion abilities are banned
|rule|Sleep Moves Clause: Sleep-inducing moves are banned
|clearpoke
|poke|p1|Bisharp, M|
|poke|p1|Empoleon, M|
|poke|p1|Smeargle, M|
|poke|p1|Falinks|
|poke|p1|Rabsca, M|
|poke|p1|Cresselia, F|
|poke|p2|Scizor, M|
|poke|p2|Moltres|
|poke|p2|Great Tusk|
|poke|p2|Darkrai|
|poke|p2|Slowking-Galar, M|
|poke|p2|Dragonite, F|
|teampreview
|
|t:|1779633071
|teamsize|p1|6
|teamsize|p2|6
|start
|switch|p1a: Empoleon|Empoleon, M|100/100
|switch|p2a: Scizor|Scizor, M|100/100
|turn|1
|
|t:|1779633090
|move|p2a: Scizor|Swords Dance|p2a: Scizor
|-boost|p2a: Scizor|atk|2
|move|p1a: Empoleon|Surf|p2a: Scizor
|-damage|p2a: Scizor|8/100
|
|-heal|p2a: Scizor|14/100|[from] item: Leftovers
|upkeep
|turn|2
|
|t:|1779633132
|move|p2a: Scizor|Close Combat|p1a: Empoleon
|-supereffective|p1a: Empoleon
|-damage|p1a: Empoleon|0 fnt
|-unboost|p2a: Scizor|def|1
|-unboost|p2a: Scizor|spd|1
|faint|p1a: Empoleon
|
|-heal|p2a: Scizor|20/100|[from] item: Leftovers
|upkeep
|
|t:|1779633140
|switch|p1a: Falinks|Falinks|100/100
|turn|3
|
|t:|1779633146
|switch|p2a: Moltres|Moltres|100/100
|move|p1a: Falinks|First Impression|p2a: Moltres
|-resisted|p2a: Moltres
|-damage|p2a: Moltres|94/100
|-status|p1a: Falinks|brn|[from] ability: Flame Body|[of] p2a: Moltres
|
|-damage|p1a: Falinks|95/100 brn|[from] brn
|upkeep
|turn|4
|
|t:|1779633163
|switch|p1a: Cresselia|Cresselia, F|100/100
|move|p2a: Moltres|U-turn|p1a: Cresselia
|-supereffective|p1a: Cresselia
|-damage|p1a: Cresselia|86/100
|
|t:|1779633177
|switch|p2a: Darkrai|Darkrai|100/100|[from] U-turn
|
|upkeep
|turn|5
|
|t:|1779633183
|move|p2a: Darkrai|Dark Pulse|p1a: Cresselia
|-supereffective|p1a: Cresselia
|-damage|p1a: Cresselia|30/100
|cant|p1a: Cresselia|flinch
|
|upkeep
|turn|6
|
|t:|1779633189
|switch|p1a: Bisharp|Bisharp, M|100/100
|move|p2a: Darkrai|Dark Pulse|p1a: Bisharp
|-resisted|p1a: Bisharp
|-damage|p1a: Bisharp|83/100
|
|upkeep
|turn|7
|
|t:|1779633198
|switch|p2a: Moltres|Moltres|94/100
|switch|p1a: Cresselia|Cresselia, F|30/100
|
|upkeep
|turn|8
|
|t:|1779633206
|move|p2a: Moltres|U-turn|p1a: Cresselia
|-supereffective|p1a: Cresselia
|-damage|p1a: Cresselia|14/100
|
|t:|1779633210
|switch|p2a: Darkrai|Darkrai|100/100|[from] U-turn
|move|p1a: Cresselia|Trick Room|p1a: Cresselia
|-fieldstart|move: Trick Room|[of] p1a: Cresselia
|
|upkeep
|turn|9
|
|t:|1779633218
|move|p1a: Cresselia|Lunar Dance|p1a: Cresselia
|faint|p1a: Cresselia
|move|p2a: Darkrai|Dark Pulse|p1: Cresselia|[notarget]
|-fail|p2a: Darkrai
|
|upkeep
|
|t:|1779633219
|switch|p1a: Smeargle|Smeargle, M|100/100
|turn|10
|
|t:|1779633232
|move|p1a: Smeargle|Sticky Web|p2a: Darkrai
|-sidestart|p2: Boliveira|move: Sticky Web
|move|p2a: Darkrai|Dark Pulse|p1a: Smeargle
|-damage|p1a: Smeargle|15/100
|
|upkeep
|turn|11
|
|t:|1779633238
|move|p1a: Smeargle|Court Change|p1a: Smeargle
|-swapsideconditions
|-activate|p1a: Smeargle|move: Court Change
|move|p2a: Darkrai|Dark Pulse|p1a: Smeargle
|-damage|p1a: Smeargle|0 fnt
|faint|p1a: Smeargle
|
|upkeep
|
|t:|1779633240
|switch|p1a: Bisharp|Bisharp, M|83/100
|-heal|p1a: Bisharp|100/100|[from] move: Lunar Dance
|-activate|p1a: Bisharp|move: Sticky Web
|-unboost|p1a: Bisharp|spe|1
|-ability|p1a: Bisharp|Defiant|boost
|-boost|p1a: Bisharp|atk|2
|turn|12
|
|t:|1779633262
|switch|p2a: Moltres|Moltres|94/100
|-terastallize|p1a: Bisharp|Dark
|move|p1a: Bisharp|Throat Chop|p2a: Moltres
|-damage|p2a: Moltres|16/100
|-start|p2a: Moltres|Throat Chop|[silent]
|
|-fieldend|move: Trick Room
|upkeep
|turn|13
|
|t:|1779633271
|move|p2a: Moltres|Roost|p2a: Moltres
|-heal|p2a: Moltres|66/100
|-singleturn|p2a: Moltres|move: Roost
|move|p1a: Bisharp|Throat Chop|p2a: Moltres
|-damage|p2a: Moltres|0 fnt
|faint|p2a: Moltres
|
|upkeep
|
|t:|1779633281
|switch|p2a: Great Tusk|Great Tusk|100/100
|turn|14
|
|t:|1779633288
|move|p2a: Great Tusk|Knock Off|p1a: Bisharp
|-resisted|p1a: Bisharp
|-damage|p1a: Bisharp|89/100
|-enditem|p1a: Bisharp|Eviolite|[from] move: Knock Off|[of] p2a: Great Tusk
|move|p1a: Bisharp|Iron Head|p2a: Great Tusk
|-damage|p2a: Great Tusk|42/100
|
|-heal|p2a: Great Tusk|48/100|[from] item: Leftovers
|upkeep
|turn|15
|
|t:|1779633297
|move|p2a: Great Tusk|Headlong Rush|p1a: Bisharp
|-damage|p1a: Bisharp|21/100
|-unboost|p2a: Great Tusk|def|1
|-unboost|p2a: Great Tusk|spd|1
|move|p1a: Bisharp|Iron Head|p2a: Great Tusk
|-damage|p2a: Great Tusk|0 fnt
|faint|p2a: Great Tusk
|-end|p2a: Great Tusk|Protosynthesis|[silent]
|
|upkeep
|
|t:|1779633305
|switch|p2a: Scizor|Scizor, M|20/100
|turn|16
|
|t:|1779633308
|switch|p1a: Rabsca|Rabsca, M|100/100
|move|p2a: Scizor|Bullet Punch|p1a: Rabsca
|-damage|p1a: Rabsca|73/100
|
|-heal|p2a: Scizor|26/100|[from] item: Leftovers
|upkeep
|turn|17
|
|t:|1779633315
|move|p2a: Scizor|U-turn|p1a: Rabsca
|-supereffective|p1a: Rabsca
|-damage|p1a: Rabsca|1/100
|
|t:|1779633320
|switch|p2a: Slowking|Slowking-Galar, M|100/100|[from] U-turn
|move|p1a: Rabsca|Trick Room|p1a: Rabsca
|-fieldstart|move: Trick Room|[of] p1a: Rabsca
|
|upkeep
|turn|18
|
|t:|1779633333
|move|p2a: Slowking|Ice Beam|p1a: Rabsca
|-damage|p1a: Rabsca|0 fnt
|faint|p1a: Rabsca
|
|upkeep
|
|t:|1779633337
|switch|p1a: Bisharp|Bisharp, M, tera:Dark|21/100
|-activate|p1a: Bisharp|move: Sticky Web
|-unboost|p1a: Bisharp|spe|1
|-ability|p1a: Bisharp|Defiant|boost
|-boost|p1a: Bisharp|atk|2
|turn|19
|
|t:|1779633355
|move|p2a: Slowking|Sludge Bomb|p1a: Bisharp
|-damage|p1a: Bisharp|0 fnt
|faint|p1a: Bisharp
|
|upkeep
|-message|aaagislash forfeited.
|
|win|Boliveira
|raw|aaagislash's rating: 1471 &rarr; <strong>1451</strong><br />(-20 for losing)
|raw|Boliveira's rating: 1471 &rarr; <strong>1491</strong><br />(+20 for winning)
|l|‽aaagislash
|player|p1|
|l|☆Boliveira
|player|p2|
