|j|☆KenjiShiguma
|j|☆uchiha jesus
|t:|1779682919
|gametype|singles
|player|p1|KenjiShiguma|pokemonbreeder-gen4|1082
|player|p2|uchiha jesus|170|1132
|gen|9
|tier|[Gen 9] OU
|rated|
|rule|HP Percentage Mod: HP is shown in percentages
|rule|Endless Battle Clause: Forcing endless battles is banned
|rule|Species Clause: Limit one of each Pokémon
|rule|OHKO Clause: OHKO moves are banned
|rule|Evasion Items Clause: Evasion items are banned
|rule|Evasion Moves Clause: Evasion moves are banned
|rule|Evasion Abilities Clause: Evasion abilities are banned
|rule|Sleep Moves Clause: Sleep-inducing moves are banned
|clearpoke
|poke|p1|Drednaw, M|
|poke|p1|Golem, F|
|poke|p1|Snorlax, M|
|poke|p1|Clefable, M|
|poke|p1|Oricorio-Sensu, F|
|poke|p1|Infernape, M|
|poke|p2|Darkrai|
|poke|p2|Dusclops, M|
|poke|p2|Ogerpon-Wellspring, F|
|poke|p2|Garchomp, M|
|poke|p2|Skeledirge, F|
|poke|p2|Tyranitar, F|
|teampreview
|
|t:|1779682941
|teamsize|p1|6
|teamsize|p2|6
|start
|switch|p1a: Clefable|Clefable, M|100/100
|switch|p2a: Tyranitar|Tyranitar, F|100/100
|-weather|Sandstorm|[from] ability: Sand Stream|[of] p2a: Tyranitar
|turn|1
|
|t:|1779682958
|switch|p2a: Skeledirge|Skeledirge, F|100/100
|switch|p1a: Golem|Golem, F|100/100
|
|-weather|Sandstorm|[upkeep]
|-damage|p2a: Skeledirge|94/100|[from] Sandstorm
|upkeep
|turn|2
|
|t:|1779682971
|move|p2a: Skeledirge|Shadow Ball|p1a: Golem
|-damage|p1a: Golem|71/100
|move|p1a: Golem|Stealth Rock|p2a: Skeledirge
|-sidestart|p2: uchiha jesus|move: Stealth Rock
|
|-weather|Sandstorm|[upkeep]
|-damage|p2a: Skeledirge|88/100|[from] Sandstorm
|upkeep
|turn|3
|
|t:|1779682979
|move|p2a: Skeledirge|Encore|p1a: Golem
|-start|p1a: Golem|Encore
|move|p1a: Golem|Stealth Rock||[still]
|-fail|p1a: Golem
|
|-weather|Sandstorm|[upkeep]
|-damage|p2a: Skeledirge|82/100|[from] Sandstorm
|upkeep
|turn|4
|
|t:|1779682987
|switch|p1a: Snorlax|Snorlax, M|100/100
|move|p2a: Skeledirge|Torch Song|p1a: Snorlax
|-damage|p1a: Snorlax|88/100
|-boost|p2a: Skeledirge|spa|1
|
|-weather|Sandstorm|[upkeep]
|-damage|p2a: Skeledirge|76/100|[from] Sandstorm
|-damage|p1a: Snorlax|82/100|[from] Sandstorm
|upkeep
|turn|5
|
|t:|1779682997
|move|p2a: Skeledirge|Torch Song|p1a: Snorlax
|-damage|p1a: Snorlax|63/100
|-boost|p2a: Skeledirge|spa|1
|move|p1a: Snorlax|Earthquake|p2a: Skeledirge
|-supereffective|p2a: Skeledirge
|-damage|p2a: Skeledirge|44/100
|-enditem|p2a: Skeledirge|Weakness Policy
|-boost|p2a: Skeledirge|atk|2|[from] item: Weakness Policy
|-boost|p2a: Skeledirge|spa|2|[from] item: Weakness Policy
|
|-weather|none
|upkeep
|turn|6
|
|t:|1779683008
|move|p2a: Skeledirge|Slack Off|p2a: Skeledirge
|-heal|p2a: Skeledirge|94/100
|move|p1a: Snorlax|Encore|p2a: Skeledirge
|-start|p2a: Skeledirge|Encore
|
|upkeep
|turn|7
|
|t:|1779683016
|switch|p2a: Tyranitar|Tyranitar, F|100/100
|-damage|p2a: Tyranitar|88/100|[from] Stealth Rock
|-weather|Sandstorm|[from] ability: Sand Stream|[of] p2a: Tyranitar
|switch|p1a: Drednaw|Drednaw, M|100/100
|
|-weather|Sandstorm|[upkeep]
|upkeep
|turn|8
|
|t:|1779683035
|move|p2a: Tyranitar|Dragon Dance|p2a: Tyranitar
|-boost|p2a: Tyranitar|atk|1
|-boost|p2a: Tyranitar|spe|1
|move|p1a: Drednaw|Shell Smash|p1a: Drednaw
|-unboost|p1a: Drednaw|def|1
|-unboost|p1a: Drednaw|spd|1
|-boost|p1a: Drednaw|atk|2
|-boost|p1a: Drednaw|spa|2
|-boost|p1a: Drednaw|spe|2
|-enditem|p1a: Drednaw|White Herb
|-clearnegativeboost|p1a: Drednaw|[silent]
|
|-weather|Sandstorm|[upkeep]
|upkeep
|turn|9
|
|t:|1779683047
|-terastallize|p2a: Tyranitar|Dragon
|move|p1a: Drednaw|Liquidation|p2a: Tyranitar
|-resisted|p2a: Tyranitar
|-damage|p2a: Tyranitar|48/100
|move|p2a: Tyranitar|Low Kick|p1a: Drednaw
|-supereffective|p1a: Drednaw
|-damage|p1a: Drednaw|1/100
|
|-weather|Sandstorm|[upkeep]
|-damage|p2a: Tyranitar|42/100|[from] Sandstorm
|upkeep
|turn|10
|
|t:|1779683062
|switch|p2a: Garchomp|Garchomp, M|100/100
|-damage|p2a: Garchomp|94/100|[from] Stealth Rock
|move|p1a: Drednaw|Jaw Lock|p2a: Garchomp
|-damage|p2a: Garchomp|17/100
|-activate|p1a: Drednaw|trapped
|-activate|p2a: Garchomp|trapped
|-damage|p1a: Drednaw|0 fnt|[from] ability: Rough Skin|[of] p2a: Garchomp
|faint|p1a: Drednaw
|
|-weather|Sandstorm|[upkeep]
|upkeep
|
|t:|1779683075
|switch|p1a: Clefable|Clefable, M|100/100
|turn|11
|
|t:|1779683081
|switch|p2a: Skeledirge|Skeledirge, F|94/100
|-damage|p2a: Skeledirge|69/100|[from] Stealth Rock
|move|p1a: Clefable|Ice Beam|p2a: Skeledirge
|-resisted|p2a: Skeledirge
|-damage|p2a: Skeledirge|54/100
|
|-weather|none
|upkeep
|turn|12
|
|t:|1779683090
|switch|p1a: Infernape|Infernape, M|100/100
|move|p2a: Skeledirge|Slack Off|p2a: Skeledirge
|-heal|p2a: Skeledirge|100/100
|
|upkeep
|turn|13
|
|t:|1779683096
|move|p1a: Infernape|Switcheroo|p2a: Skeledirge
|-activate|p1a: Infernape|move: Trick|[of] p2a: Skeledirge
|-item|p2a: Skeledirge|Choice Scarf|[from] move: Switcheroo
|-enditem|p1a: Infernape|Choice Scarf|[silent]|[from] move: Switcheroo
|move|p2a: Skeledirge|Shadow Ball|p1a: Infernape
|-damage|p1a: Infernape|56/100
|
|upkeep
|turn|14
|
|t:|1779683103
|switch|p1a: Snorlax|Snorlax, M|63/100
|switch|p2a: Tyranitar|Tyranitar, F, tera:Dragon|42/100
|-damage|p2a: Tyranitar|29/100|[from] Stealth Rock
|-weather|Sandstorm|[from] ability: Sand Stream|[of] p2a: Tyranitar
|
|-weather|Sandstorm|[upkeep]
|-damage|p2a: Tyranitar|23/100|[from] Sandstorm
|-damage|p1a: Snorlax|57/100|[from] Sandstorm
|upkeep
|turn|15
|
|t:|1779683116
|move|p2a: Tyranitar|Low Kick|p1a: Snorlax
|-supereffective|p1a: Snorlax
|-damage|p1a: Snorlax|0 fnt
|faint|p1a: Snorlax
|
|-weather|Sandstorm|[upkeep]
|-damage|p2a: Tyranitar|17/100|[from] Sandstorm
|upkeep
|
|t:|1779683124
|switch|p1a: Clefable|Clefable, M|100/100
|turn|16
|
|t:|1779683131
|move|p2a: Tyranitar|Stone Edge|p1a: Clefable
|-damage|p1a: Clefable|42/100
|move|p1a: Clefable|Moonblast|p2a: Tyranitar
|-supereffective|p2a: Tyranitar
|-damage|p2a: Tyranitar|0 fnt
|faint|p2a: Tyranitar
|
|-weather|Sandstorm|[upkeep]
|upkeep
|
|t:|1779683144
|switch|p2a: Skeledirge|Skeledirge, F|100/100
|-damage|p2a: Skeledirge|75/100|[from] Stealth Rock
|turn|17
|
|t:|1779683149
|move|p2a: Skeledirge|Torch Song|p1a: Clefable
|-damage|p1a: Clefable|23/100
|-boost|p2a: Skeledirge|spa|1
|move|p1a: Clefable|Moonblast|p2a: Skeledirge
|-resisted|p2a: Skeledirge
|-damage|p2a: Skeledirge|54/100
|
|-weather|Sandstorm|[upkeep]
|-damage|p2a: Skeledirge|48/100|[from] Sandstorm
|upkeep
|turn|18
|
|t:|1779683160
|switch|p1a: Golem|Golem, F|71/100
|move|p2a: Skeledirge|Torch Song|p1a: Golem
|-resisted|p1a: Golem
|-damage|p1a: Golem|53/100
|-boost|p2a: Skeledirge|spa|1
|
|-weather|none
|upkeep
|turn|19
|
|t:|1779683169
|move|p2a: Skeledirge|Torch Song|p1a: Golem
|-resisted|p1a: Golem
|-damage|p1a: Golem|15/100
|-boost|p2a: Skeledirge|spa|1
|move|p1a: Golem|Earthquake|p2a: Skeledirge
|-supereffective|p2a: Skeledirge
|-damage|p2a: Skeledirge|0 fnt
|faint|p2a: Skeledirge
|
|upkeep
|
|t:|1779683180
|switch|p2a: Garchomp|Garchomp, M|17/100
|-damage|p2a: Garchomp|11/100|[from] Stealth Rock
|turn|20
|
|t:|1779683186
|switch|p1a: Oricorio|Oricorio-Sensu, F|100/100
|move|p2a: Garchomp|Earthquake|p1a: Oricorio
|-immune|p1a: Oricorio
|
|upkeep
|turn|21
|
|t:|1779683192
|move|p2a: Garchomp|Scale Shot|p1a: Oricorio
|-damage|p1a: Oricorio|76/100
|-damage|p1a: Oricorio|51/100
|-damage|p1a: Oricorio|28/100
|-damage|p1a: Oricorio|3/100
|-hitcount|p1a: Oricorio|4
|-unboost|p2a: Garchomp|def|1
|-boost|p2a: Garchomp|spe|1
|-enditem|p1a: Oricorio|Mirror Herb
|-boost|p1a: Oricorio|spe|1|[from] item: Mirror Herb
|move|p1a: Oricorio|Quiver Dance|p1a: Oricorio
|-boost|p1a: Oricorio|spa|1
|-boost|p1a: Oricorio|spd|1
|-boost|p1a: Oricorio|spe|1
|
|upkeep
|turn|22
|
|t:|1779683207
|move|p1a: Oricorio|Air Slash|p2a: Garchomp
|-damage|p2a: Garchomp|0 fnt
|faint|p2a: Garchomp
|
|upkeep
|
|t:|1779683211
|switch|p2a: Dusclops|Dusclops, M|100/100
|-damage|p2a: Dusclops|88/100|[from] Stealth Rock
|-ability|p2a: Dusclops|Pressure
|turn|23
|
|t:|1779683220
|move|p1a: Oricorio|Revelation Dance|p2a: Dusclops
|-supereffective|p2a: Dusclops
|-damage|p2a: Dusclops|0 fnt
|faint|p2a: Dusclops
|
|upkeep
|
|t:|1779683234
|switch|p2a: Darkrai|Darkrai|100/100
|-damage|p2a: Darkrai|88/100|[from] Stealth Rock
|turn|24
|
|t:|1779683238
|move|p1a: Oricorio|Air Slash|p2a: Darkrai
|-damage|p2a: Darkrai|17/100
|move|p2a: Darkrai|Dark Pulse|p1a: Oricorio
|-supereffective|p1a: Oricorio
|-damage|p1a: Oricorio|0 fnt
|faint|p1a: Oricorio
|
|upkeep
|
|t:|1779683249
|switch|p1a: Clefable|Clefable, M|23/100
|turn|25
|
|t:|1779683255
|move|p2a: Darkrai|Sludge Bomb|p1a: Clefable
|-supereffective|p1a: Clefable
|-damage|p1a: Clefable|0 fnt
|faint|p1a: Clefable
|
|upkeep
|
|t:|1779683262
|switch|p1a: Infernape|Infernape, M|56/100
|turn|26
|
|t:|1779683274
|move|p2a: Darkrai|Sludge Bomb|p1a: Infernape
|-damage|p1a: Infernape|10/100
|move|p1a: Infernape|Fire Punch|p2a: Darkrai
|-damage|p2a: Darkrai|0 fnt
|faint|p2a: Darkrai
|
|upkeep
|
|t:|1779683282
|switch|p2a: Ogerpon|Ogerpon-Wellspring, F|100/100
|-damage|p2a: Ogerpon|88/100|[from] Stealth Rock
|turn|27
|inactive|Battle timer is ON: inactive players will automatically lose when time's up. (requested by uchiha jesus)
|
|t:|1779683287
|move|p2a: Ogerpon|Ivy Cudgel|p1a: Infernape|[anim] Ivy Cudgel Water
|-supereffective|p1a: Infernape
|-damage|p1a: Infernape|0 fnt
|faint|p1a: Infernape
|
|upkeep
|
|t:|1779683292
|switch|p1a: Golem|Golem, F|15/100
|turn|28
|c|☆KenjiShiguma|Sigh
|-enditem|p1a: Golem|Custap Berry|[eat]
|-activate|p1a: Golem|item: Custap Berry|[consumed]
|
|t:|1779683313
|move|p1a: Golem|Stone Edge|p2a: Ogerpon
|-damage|p2a: Ogerpon|18/100
|move|p2a: Ogerpon|Ivy Cudgel|p1a: Golem|[anim] Ivy Cudgel Water
|-supereffective|p1a: Golem
|-damage|p1a: Golem|0 fnt
|faint|p1a: Golem
|
|win|uchiha jesus
|raw|KenjiShiguma's rating: 1082 &rarr; <strong>1061</strong><br />(-21 for losing)
|raw|uchiha jesus's rating: 1110 &rarr; <strong>1133</strong><br />(+23 for winning)
|c|☆KenjiShiguma|Self ko clause
|c|☆KenjiShiguma|If i used explosion i lose
|l|☆KenjiShiguma
|player|p1|
|l|☆uchiha jesus
|player|p2|
