|j|☆Ryan's World
|j|☆itstheboyjay
|t:|1779600192
|gametype|singles
|player|p1|Ryan's World|102|1238
|player|p2|itstheboyjay|palmer|1201
|gen|9
|tier|[Gen 9] OU
|rated|
|rule|HP Percentage Mod: HP is shown in percentages
|rule|Endless Battle Clause: Forcing endless battles is banned
|rule|Species Clause: Limit one of each Pokémon
|rule|OHKO Clause: OHKO moves are banned
|rule|Evasion Items Clause: Evasion items are banned
|rule|Evasion Moves Clause: Evasion moves are banned
|rule|Evasion Abilities Clause: Evasion abilities are banned
|rule|Sleep Moves Clause: Sleep-inducing moves are banned
|clearpoke
|poke|p1|Dragonite, M|
|poke|p1|Cinderace, F|
|poke|p1|Glimmora, F|
|poke|p1|Deoxys-Speed|
|poke|p1|Ceruledge, M|
|poke|p1|Kingambit, F|
|poke|p2|Jolteon, F|
|poke|p2|Rhydon, M|
|poke|p2|Blastoise, F|
|poke|p2|Gengar, M|
|poke|p2|Arcanine, F|
|poke|p2|Exeggutor, F|
|teampreview
|inactive|Battle timer is ON: inactive players will automatically lose when time's up. (requested by Ryan's World)
|
|t:|1779600206
|teamsize|p1|6
|teamsize|p2|6
|start
|switch|p1a: Glimmora|Glimmora, F|100/100
|switch|p2a: Blastoise|Blastoise, F, shiny|100/100
|turn|1
|
|t:|1779600214
|move|p1a: Glimmora|Toxic|p2a: Blastoise
|-status|p2a: Blastoise|tox
|move|p2a: Blastoise|Hydro Pump|p1a: Glimmora|[miss]
|-miss|p2a: Blastoise|p1a: Glimmora
|
|-damage|p2a: Blastoise|94/100 tox|[from] psn
|upkeep
|turn|2
|
|t:|1779600222
|move|p1a: Glimmora|Spiky Shield|p1a: Glimmora
|-singleturn|p1a: Glimmora|move: Protect
|move|p2a: Blastoise|Hydro Pump|p1a: Glimmora
|-activate|p1a: Glimmora|move: Protect
|
|-damage|p2a: Blastoise|82/100 tox|[from] psn
|upkeep
|turn|3
|
|t:|1779600231
|switch|p1a: Kingambit|Kingambit, F|100/100
|-ability|p1a: Kingambit|Pressure
|move|p2a: Blastoise|Hydro Pump|p1a: Kingambit
|-damage|p1a: Kingambit|68/100
|
|-heal|p1a: Kingambit|75/100|[from] item: Leftovers
|-damage|p2a: Blastoise|64/100 tox|[from] psn
|upkeep
|turn|4
|
|t:|1779600242
|switch|p2a: Arcanine|Arcanine, F, shiny|100/100
|-ability|p2a: Arcanine|Intimidate|boost
|-unboost|p1a: Kingambit|atk|1
|move|p1a: Kingambit|Protect||[still]
|-fail|p1a: Kingambit
|
|-heal|p1a: Kingambit|81/100|[from] item: Leftovers
|upkeep
|turn|5
|
|t:|1779600258
|switch|p2a: Blastoise|Blastoise, F, shiny|64/100 tox
|move|p1a: Kingambit|Protect||[still]
|-fail|p1a: Kingambit
|
|-heal|p1a: Kingambit|87/100|[from] item: Leftovers
|-damage|p2a: Blastoise|58/100 tox|[from] psn
|upkeep
|turn|6
|
|t:|1779600268
|switch|p2a: Arcanine|Arcanine, F, shiny|100/100
|-ability|p2a: Arcanine|Intimidate|boost
|-unboost|p1a: Kingambit|atk|1
|move|p1a: Kingambit|Kowtow Cleave|p2a: Arcanine
|-damage|p2a: Arcanine|84/100
|-damage|p1a: Kingambit|70/100|[from] item: Rocky Helmet|[of] p2a: Arcanine
|
|-heal|p1a: Kingambit|77/100|[from] item: Leftovers
|upkeep
|turn|7
|
|t:|1779600279
|switch|p1a: Ceruledge|Ceruledge, M|100/100
|move|p2a: Arcanine|Will-O-Wisp|p1a: Ceruledge
|-start|p1a: Ceruledge|ability: Flash Fire
|
|upkeep
|turn|8
|
|t:|1779600292
|switch|p2a: Blastoise|Blastoise, F, shiny|58/100 tox
|move|p1a: Ceruledge|Bulk Up|p1a: Ceruledge
|-boost|p1a: Ceruledge|atk|1
|-boost|p1a: Ceruledge|def|1
|
|-damage|p2a: Blastoise|52/100 tox|[from] psn
|upkeep
|turn|9
|
|t:|1779600301
|-terastallize|p1a: Ceruledge|Bug
|move|p1a: Ceruledge|Bitter Blade|p2a: Blastoise
|-resisted|p2a: Blastoise
|-damage|p2a: Blastoise|25/100 tox
|move|p2a: Blastoise|Iron Defense|p2a: Blastoise
|-boost|p2a: Blastoise|def|2
|
|-damage|p2a: Blastoise|13/100 tox|[from] psn
|upkeep
|turn|10
|
|t:|1779600313
|move|p1a: Ceruledge|Bulk Up|p1a: Ceruledge
|-boost|p1a: Ceruledge|atk|1
|-boost|p1a: Ceruledge|def|1
|move|p2a: Blastoise|Hydro Pump|p1a: Ceruledge
|-damage|p1a: Ceruledge|61/100
|
|-damage|p2a: Blastoise|0 fnt|[from] psn
|faint|p2a: Blastoise
|upkeep
|
|t:|1779600325
|switch|p2a: Gengar|Gengar, M, shiny|100/100
|turn|11
|
|t:|1779600336
|-terastallize|p2a: Gengar|Normal
|move|p1a: Ceruledge|Shadow Sneak|p2a: Gengar
|-immune|p2a: Gengar
|move|p2a: Gengar|Trick|p1a: Ceruledge
|-activate|p2a: Gengar|move: Trick|[of] p1a: Ceruledge
|-item|p1a: Ceruledge|Choice Specs|[from] move: Trick
|-item|p2a: Gengar|Covert Cloak|[from] move: Trick
|
|upkeep
|turn|12
|
|t:|1779600345
|switch|p2a: Arcanine|Arcanine, F, shiny|84/100
|-ability|p2a: Arcanine|Intimidate|boost
|-unboost|p1a: Ceruledge|atk|1
|move|p1a: Ceruledge|Bitter Blade|p2a: Arcanine
|-resisted|p2a: Arcanine
|-crit|p2a: Arcanine
|-damage|p2a: Arcanine|35/100
|-heal|p1a: Ceruledge|88/100|[from] drain|[of] p2a: Arcanine
|-damage|p1a: Ceruledge|72/100|[from] item: Rocky Helmet|[of] p2a: Arcanine
|
|upkeep
|turn|13
|
|t:|1779600356
|move|p1a: Ceruledge|Bitter Blade|p2a: Arcanine
|-resisted|p2a: Arcanine
|-damage|p2a: Arcanine|4/100
|-heal|p1a: Ceruledge|89/100|[from] drain|[of] p2a: Arcanine
|-damage|p1a: Ceruledge|72/100|[from] item: Rocky Helmet|[of] p2a: Arcanine
|move|p2a: Arcanine|Morning Sun|p2a: Arcanine
|-heal|p2a: Arcanine|54/100
|
|upkeep
|turn|14
|
|t:|1779600369
|move|p2a: Arcanine|Extreme Speed|p1a: Ceruledge
|-damage|p1a: Ceruledge|60/100
|move|p1a: Ceruledge|Bitter Blade|p2a: Arcanine
|-resisted|p2a: Arcanine
|-crit|p2a: Arcanine
|-damage|p2a: Arcanine|4/100
|-heal|p1a: Ceruledge|88/100|[from] drain|[of] p2a: Arcanine
|-damage|p1a: Ceruledge|71/100|[from] item: Rocky Helmet|[of] p2a: Arcanine
|
|upkeep
|turn|15
|-message|itstheboyjay forfeited.
|
|win|Ryan's World
|raw|Ryan&apos;s World's rating: 1238 &rarr; <strong>1260</strong><br />(+22 for winning)
|raw|itstheboyjay's rating: 1201 &rarr; <strong>1179</strong><br />(-22 for losing)
|l|☆itstheboyjay
|player|p2|
|l|☆Ryan's World
|player|p1|
