|j|☆papabear7
|j|☆Nertwerve
|t:|1779572759
|gametype|singles
|player|p1|papabear7|swimmerf-gen4|1148
|player|p2|Nertwerve|waitress-gen4|1098
|gen|9
|tier|[Gen 9] OU
|rated|
|rule|HP Percentage Mod: HP is shown in percentages
|rule|Endless Battle Clause: Forcing endless battles is banned
|rule|Species Clause: Limit one of each Pokémon
|rule|OHKO Clause: OHKO moves are banned
|rule|Evasion Items Clause: Evasion items are banned
|rule|Evasion Moves Clause: Evasion moves are banned
|rule|Evasion Abilities Clause: Evasion abilities are banned
|rule|Sleep Moves Clause: Sleep-inducing moves are banned
|clearpoke
|poke|p1|Zoroark-Hisui, M|
|poke|p1|Dragonite, F|
|poke|p1|Iron Valiant|
|poke|p1|Dondozo, M|
|poke|p1|Great Tusk|
|poke|p1|Glimmora, M|
|poke|p2|Conkeldurr, M|
|poke|p2|Scizor, F|
|poke|p2|Goodra, F|
|poke|p2|Clodsire, F|
|poke|p2|Dudunsparce-*, F|
|poke|p2|Zangoose, M|
|teampreview
|inactive|Battle timer is ON: inactive players will automatically lose when time's up. (requested by Nertwerve)
|inactive|papabear7 also wants the timer to be on.
|
|t:|1779572779
|teamsize|p1|6
|teamsize|p2|6
|start
|switch|p1a: Iron Valiant|Iron Valiant|100/100
|switch|p2a: Hercules|Conkeldurr, M, shiny|100/100
|turn|1
|
|t:|1779572788
|move|p1a: Iron Valiant|Nasty Plot|p1a: Iron Valiant
|-boost|p1a: Iron Valiant|spa|2
|move|p2a: Hercules|Knock Off|p1a: Iron Valiant
|-supereffective|p1a: Iron Valiant
|-enditem|p1a: Iron Valiant|Focus Sash
|-damage|p1a: Iron Valiant|1/100
|replace|p1a: Zoroark|Zoroark-Hisui, M
|-end|p1a: Zoroark|Illusion
|
|-status|p2a: Hercules|brn|[from] item: Flame Orb
|upkeep
|turn|2
|
|t:|1779572799
|move|p1a: Zoroark|Hyper Voice|p2a: Hercules
|-damage|p2a: Hercules|0 fnt
|faint|p2a: Hercules
|
|upkeep
|
|t:|1779572806
|switch|p2a: Scizor|Scizor, F|100/100
|turn|3
|
|t:|1779572812
|move|p2a: Scizor|Bullet Punch|p1a: Zoroark
|-damage|p1a: Zoroark|0 fnt
|faint|p1a: Zoroark
|
|upkeep
|
|t:|1779572823
|switch|p1a: Dragonite|Dragonite, F|100/100
|turn|4
|
|t:|1779572840
|switch|p2a: Loafsire|Clodsire, F|100/100
|move|p1a: Dragonite|Dragon Dance|p1a: Dragonite
|-boost|p1a: Dragonite|atk|1
|-boost|p1a: Dragonite|spe|1
|
|upkeep
|turn|5
|
|t:|1779572855
|move|p1a: Dragonite|Earthquake|p2a: Loafsire
|-supereffective|p2a: Loafsire
|-damage|p2a: Loafsire|0 fnt
|faint|p2a: Loafsire
|
|upkeep
|inactive|Nertwerve has 120 seconds left.
|
|t:|1779572875
|switch|p2a: Scizor|Scizor, F|100/100
|turn|6
|
|t:|1779572885
|move|p2a: Scizor|Bullet Punch|p1a: Dragonite
|-damage|p1a: Dragonite|80/100
|move|p1a: Dragonite|Earthquake|p2a: Scizor
|-damage|p2a: Scizor|37/100
|-enditem|p2a: Scizor|Red Card|[of] p1a: Dragonite
|drag|p1a: Glimmora|Glimmora, M|100/100
|
|upkeep
|turn|7
|inactive|Nertwerve has 120 seconds left.
|inactive|papabear7 has 120 seconds left.
|
|t:|1779572917
|move|p1a: Glimmora|Earth Power|p2a: Scizor
|-damage|p2a: Scizor|0 fnt
|faint|p2a: Scizor
|
|upkeep
|inactive|Nertwerve has 120 seconds left.
|
|t:|1779572936
|switch|p2a: Duchess|Goodra, F, shiny|100/100
|turn|8
|
|t:|1779572942
|move|p1a: Glimmora|Earth Power|p2a: Duchess
|-damage|p2a: Duchess|67/100
|move|p2a: Duchess|Hydro Pump|p1a: Glimmora
|-supereffective|p1a: Glimmora
|-damage|p1a: Glimmora|0 fnt
|faint|p1a: Glimmora
|
|upkeep
|
|t:|1779572953
|switch|p1a: Iron Valiant|Iron Valiant|100/100
|-enditem|p1a: Iron Valiant|Booster Energy
|-activate|p1a: Iron Valiant|ability: Quark Drive|[fromitem]
|-start|p1a: Iron Valiant|quarkdrivespe
|turn|9
|inactive|Nertwerve has 120 seconds left.
|
|t:|1779572970
|switch|p2a: Dudunsparce|Dudunsparce, F|100/100
|move|p1a: Iron Valiant|Moonblast|p2a: Dudunsparce
|-damage|p2a: Dudunsparce|54/100
|
|-heal|p2a: Dudunsparce|60/100|[from] item: Leftovers
|upkeep
|turn|10
|inactive|Nertwerve has 120 seconds left.
|
|t:|1779572979
|move|p1a: Iron Valiant|Close Combat|p2a: Dudunsparce
|-supereffective|p2a: Dudunsparce
|-damage|p2a: Dudunsparce|0 fnt
|-unboost|p1a: Iron Valiant|def|1
|-unboost|p1a: Iron Valiant|spd|1
|faint|p2a: Dudunsparce
|
|upkeep
|inactive|Nertwerve has 120 seconds left.
|
|t:|1779572992
|switch|p2a: Zangoose|Zangoose, M|100/100
|turn|11
|
|t:|1779572996
|move|p2a: Zangoose|Detect|p2a: Zangoose
|-singleturn|p2a: Zangoose|Protect
|move|p1a: Iron Valiant|Close Combat|p2a: Zangoose
|-activate|p2a: Zangoose|move: Protect
|
|-status|p2a: Zangoose|tox|[from] item: Toxic Orb
|upkeep
|turn|12
|
|t:|1779573009
|-terastallize|p2a: Zangoose|Poison
|move|p2a: Zangoose|Quick Attack|p1a: Iron Valiant
|-damage|p1a: Iron Valiant|44/100
|move|p1a: Iron Valiant|Close Combat|p2a: Zangoose
|-resisted|p2a: Zangoose
|-crit|p2a: Zangoose
|-damage|p2a: Zangoose|34/100 tox
|-unboost|p1a: Iron Valiant|def|1
|-unboost|p1a: Iron Valiant|spd|1
|
|-damage|p2a: Zangoose|28/100 tox|[from] psn
|upkeep
|turn|13
|
|t:|1779573022
|move|p2a: Zangoose|Quick Attack|p1a: Iron Valiant
|-damage|p1a: Iron Valiant|0 fnt
|faint|p1a: Iron Valiant
|-end|p1a: Iron Valiant|Quark Drive|[silent]
|
|-damage|p2a: Zangoose|16/100 tox|[from] psn
|upkeep
|
|t:|1779573030
|switch|p1a: Dragonite|Dragonite, F|80/100
|turn|14
|inactive|Nertwerve has 120 seconds left.
|
|t:|1779573052
|move|p2a: Zangoose|Quick Attack|p1a: Dragonite
|-damage|p1a: Dragonite|44/100
|move|p1a: Dragonite|Dragon Dance|p1a: Dragonite
|-boost|p1a: Dragonite|atk|1
|-boost|p1a: Dragonite|spe|1
|
|-damage|p2a: Zangoose|0 fnt|[from] psn
|faint|p2a: Zangoose
|upkeep
|inactive|Nertwerve has 120 seconds left.
|
|t:|1779573061
|switch|p2a: Duchess|Goodra, F, shiny|67/100
|turn|15
|
|t:|1779573070
|move|p1a: Dragonite|Dragon Claw|p2a: Duchess
|-supereffective|p2a: Duchess
|-damage|p2a: Duchess|0 fnt
|-ability|p2a: Duchess|Gooey
|-unboost|p1a: Dragonite|spe|1
|faint|p2a: Duchess
|
|win|papabear7
|raw|papabear7's rating: 1148 &rarr; <strong>1169</strong><br />(+21 for winning)
|raw|Nertwerve's rating: 1098 &rarr; <strong>1077</strong><br />(-21 for losing)
|c|☆Nertwerve|gg
