|j|☆uncle brown
|j|☆harrolux
|t:|1779683070
|gametype|singles
|player|p1|uncle brown|170|1491
|player|p2|harrolux|steven|1477
|gen|9
|tier|[Gen 9] OU
|rated|
|rule|HP Percentage Mod: HP is shown in percentages
|rule|Endless Battle Clause: Forcing endless battles is banned
|rule|Species Clause: Limit one of each Pokémon
|rule|OHKO Clause: OHKO moves are banned
|rule|Evasion Items Clause: Evasion items are banned
|rule|Evasion Moves Clause: Evasion moves are banned
|rule|Evasion Abilities Clause: Evasion abilities are banned
|rule|Sleep Moves Clause: Sleep-inducing moves are banned
|clearpoke
|poke|p1|Ting-Lu|
|poke|p1|Dragapult, M|
|poke|p1|Weezing-Galar, F|
|poke|p1|Rotom-Wash|
|poke|p1|Zamazenta-*|
|poke|p1|Clefable, F|
|poke|p2|Zamazenta-*|
|poke|p2|Mimikyu, F|
|poke|p2|Rotom-Wash|
|poke|p2|Kyurem|
|poke|p2|Araquanid, M|
|poke|p2|Hoopa-Unbound|
|teampreview
|
|t:|1779683081
|teamsize|p1|6
|teamsize|p2|6
|start
|switch|p1a: Rotom|Rotom-Wash|100/100
|switch|p2a: Peter Parker|Araquanid, M|100/100
|turn|1
|
|t:|1779683088
|move|p1a: Rotom|Will-O-Wisp|p2a: Peter Parker
|-immune|p2a: Peter Parker|[from] ability: Water Bubble
|move|p2a: Peter Parker|Sticky Web|p1a: Rotom
|-sidestart|p1: uncle brown|move: Sticky Web
|
|upkeep
|turn|2
|
|t:|1779683102
|switch|p2a: Red Hood|Rotom-Wash, shiny|100/100
|move|p1a: Rotom|Volt Switch|p2a: Red Hood
|-damage|p2a: Red Hood|73/100
|
|t:|1779683109
|switch|p1a: Clefable|Clefable, F|100/100|[from] Volt Switch
|-activate|p1a: Clefable|move: Sticky Web
|-unboost|p1a: Clefable|spe|1
|
|-heal|p2a: Red Hood|79/100|[from] item: Leftovers
|upkeep
|turn|3
|
|t:|1779683117
|move|p2a: Red Hood|Eerie Impulse|p1a: Clefable
|-unboost|p1a: Clefable|spa|2
|move|p1a: Clefable|Knock Off|p2a: Red Hood
|-damage|p2a: Red Hood|66/100
|-enditem|p2a: Red Hood|Leftovers|[from] move: Knock Off|[of] p1a: Clefable
|
|upkeep
|turn|4
|
|t:|1779683125
|switch|p1a: Rotom|Rotom-Wash|100/100
|move|p2a: Red Hood|Thunderbolt|p1a: Rotom
|-damage|p1a: Rotom|60/100
|
|-heal|p1a: Rotom|66/100|[from] item: Leftovers
|upkeep
|turn|5
|
|t:|1779683131
|move|p1a: Rotom|Pain Split|p2a: Red Hood
|-sethp|p2a: Red Hood|70/100|[from] move: Pain Split|[silent]
|-sethp|p1a: Rotom|63/100|[from] move: Pain Split
|move|p2a: Red Hood|Thunderbolt|p1a: Rotom
|-damage|p1a: Rotom|24/100
|
|-heal|p1a: Rotom|30/100|[from] item: Leftovers
|upkeep
|turn|6
|
|t:|1779683139
|move|p1a: Rotom|Volt Switch|p2a: Red Hood
|-damage|p2a: Red Hood|40/100
|
|t:|1779683143
|switch|p1a: Dragapult|Dragapult, M|100/100|[from] Volt Switch
|-activate|p1a: Dragapult|move: Sticky Web
|-unboost|p1a: Dragapult|spe|1
|move|p2a: Red Hood|Thunderbolt|p1a: Dragapult
|-resisted|p1a: Dragapult
|-damage|p1a: Dragapult|69/100
|
|upkeep
|turn|7
|
|t:|1779683151
|move|p1a: Dragapult|Dragon Darts|p2a: Red Hood
|-damage|p2a: Red Hood|21/100
|-anim|p1a: Dragapult|Dragon Darts|p2a: Red Hood
|-damage|p2a: Red Hood|0 fnt
|faint|p2a: Red Hood
|
|upkeep
|
|t:|1779683159
|switch|p2a: Raven|Mimikyu, F, shiny|100/100
|turn|8
|
|t:|1779683170
|move|p1a: Dragapult|U-turn|p2a: Raven
|-activate|p2a: Raven|ability: Disguise
|-damage|p2a: Raven|100/100
|detailschange|p2a: Raven|Mimikyu-Busted, F, shiny
|-damage|p2a: Raven|88/100|[from] pokemon: Mimikyu-Busted
|
|t:|1779683172
|switch|p1a: Weezing|Weezing-Galar, F|100/100|[from] U-turn
|-ability|p1a: Weezing|Neutralizing Gas
|move|p2a: Raven|Thunder Wave|p1a: Weezing
|-status|p1a: Weezing|par
|
|upkeep
|turn|9
|
|t:|1779683184
|switch|p2a: Peter Parker|Araquanid, M|100/100
|cant|p1a: Weezing|par
|
|upkeep
|turn|10
|
|t:|1779683192
|move|p2a: Peter Parker|Liquidation|p1a: Weezing
|-damage|p1a: Weezing|75/100 par
|move|p1a: Weezing|Toxic Spikes|p2a: Peter Parker
|-sidestart|p2: harrolux|move: Toxic Spikes
|
|upkeep
|turn|11
|
|t:|1779683200
|move|p2a: Peter Parker|Liquidation|p1a: Weezing
|-damage|p1a: Weezing|50/100 par
|move|p1a: Weezing|Defog|p2a: Peter Parker
|-unboost|p2a: Peter Parker|evasion|1
|-sideend|p2: harrolux|Toxic Spikes|[from] move: Defog|[of] p1a: Weezing
|-sideend|p1: uncle brown|Sticky Web|[from] move: Defog|[of] p1a: Weezing
|
|upkeep
|turn|12
|
|t:|1779683207
|move|p2a: Peter Parker|Liquidation|p1a: Weezing
|-damage|p1a: Weezing|25/100 par
|move|p1a: Weezing|Pain Split|p2a: Peter Parker
|-sethp|p2a: Peter Parker|65/100|[from] move: Pain Split|[silent]
|-sethp|p1a: Weezing|54/100 par|[from] move: Pain Split
|
|upkeep
|turn|13
|
|t:|1779683214
|move|p2a: Peter Parker|Sticky Web|p1a: Weezing
|-sidestart|p1: uncle brown|move: Sticky Web
|move|p1a: Weezing|Toxic Spikes|p2a: Peter Parker
|-sidestart|p2: harrolux|move: Toxic Spikes
|
|upkeep
|turn|14
|
|t:|1779683220
|move|p2a: Peter Parker|Liquidation|p1a: Weezing
|-damage|p1a: Weezing|30/100 par
|move|p1a: Weezing|Toxic Spikes|p2a: Peter Parker
|-sidestart|p2: harrolux|move: Toxic Spikes
|
|upkeep
|turn|15
|
|t:|1779683225
|-end|p1a: Weezing|ability: Neutralizing Gas
|switch|p1a: Rotom|Rotom-Wash|30/100
|move|p2a: Peter Parker|Liquidation|p1a: Rotom
|-resisted|p1a: Rotom
|-damage|p1a: Rotom|0 fnt
|faint|p1a: Rotom
|
|upkeep
|
|t:|1779683234
|switch|p1a: Zamazenta|Zamazenta|100/100
|-activate|p1a: Zamazenta|move: Sticky Web
|-unboost|p1a: Zamazenta|spe|1
|-ability|p1a: Zamazenta|Dauntless Shield|boost
|-boost|p1a: Zamazenta|def|1
|turn|16
|
|t:|1779683239
|move|p1a: Zamazenta|Iron Defense|p1a: Zamazenta
|-boost|p1a: Zamazenta|def|2
|move|p2a: Peter Parker|Lunge|p1a: Zamazenta
|-resisted|p1a: Zamazenta
|-damage|p1a: Zamazenta|96/100
|-unboost|p1a: Zamazenta|atk|1
|
|-heal|p1a: Zamazenta|100/100|[from] item: Leftovers
|upkeep
|turn|17
|
|t:|1779683252
|move|p1a: Zamazenta|Iron Defense|p1a: Zamazenta
|-boost|p1a: Zamazenta|def|2
|move|p2a: Peter Parker|Lunge|p1a: Zamazenta
|-resisted|p1a: Zamazenta
|-damage|p1a: Zamazenta|97/100
|-unboost|p1a: Zamazenta|atk|1
|
|-heal|p1a: Zamazenta|100/100|[from] item: Leftovers
|upkeep
|turn|18
|
|t:|1779683261
|move|p1a: Zamazenta|Body Press|p2a: Peter Parker
|-resisted|p2a: Peter Parker
|-damage|p2a: Peter Parker|4/100
|move|p2a: Peter Parker|Liquidation|p1a: Zamazenta
|-damage|p1a: Zamazenta|85/100
|
|-heal|p1a: Zamazenta|91/100|[from] item: Leftovers
|upkeep
|turn|19
|
|t:|1779683273
|move|p1a: Zamazenta|Body Press|p2a: Peter Parker
|-resisted|p2a: Peter Parker
|-damage|p2a: Peter Parker|0 fnt
|faint|p2a: Peter Parker
|
|-heal|p1a: Zamazenta|97/100|[from] item: Leftovers
|upkeep
|
|t:|1779683306
|switch|p2a: Deathstroke|Hoopa-Unbound|100/100
|-status|p2a: Deathstroke|tox
|turn|20
|
|t:|1779683323
|switch|p1a: Ting-Lu|Ting-Lu|100/100
|-activate|p1a: Ting-Lu|move: Sticky Web
|-unboost|p1a: Ting-Lu|spe|1
|-ability|p1a: Ting-Lu|Vessel of Ruin
|move|p2a: Deathstroke|Thunderbolt|p1a: Ting-Lu
|-immune|p1a: Ting-Lu
|
|-damage|p2a: Deathstroke|95/100 tox|[from] psn
|upkeep
|turn|21
|
|t:|1779683334
|switch|p2a: Hawk|Kyurem, shiny|100/100
|-status|p2a: Hawk|tox
|-ability|p2a: Hawk|Pressure
|move|p1a: Ting-Lu|Stealth Rock|p2a: Hawk
|-sidestart|p2: harrolux|move: Stealth Rock
|
|-damage|p2a: Hawk|94/100 tox|[from] psn
|upkeep
|turn|22
|
|t:|1779683344
|switch|p1a: Clefable|Clefable, F|100/100
|-activate|p1a: Clefable|move: Sticky Web
|-unboost|p1a: Clefable|spe|1
|move|p2a: Hawk|Ice Beam|p1a: Clefable
|-damage|p1a: Clefable|48/100
|
|-heal|p1a: Clefable|54/100|[from] item: Leftovers
|-damage|p2a: Hawk|82/100 tox|[from] psn
|upkeep
|turn|23
|
|t:|1779683355
|move|p2a: Hawk|Flash Cannon|p1a: Clefable
|-supereffective|p1a: Clefable
|-damage|p1a: Clefable|0 fnt
|faint|p1a: Clefable
|
|-damage|p2a: Hawk|64/100 tox|[from] psn
|upkeep
|
|t:|1779683362
|switch|p1a: Zamazenta|Zamazenta|97/100
|-activate|p1a: Zamazenta|move: Sticky Web
|-unboost|p1a: Zamazenta|spe|1
|turn|24
|
|t:|1779683367
|move|p1a: Zamazenta|Body Press|p2a: Hawk
|-supereffective|p2a: Hawk
|-damage|p2a: Hawk|10/100 tox
|move|p2a: Hawk|Ice Beam|p1a: Zamazenta
|-damage|p1a: Zamazenta|60/100
|
|-heal|p1a: Zamazenta|66/100|[from] item: Leftovers
|-damage|p2a: Hawk|0 fnt|[from] psn
|faint|p2a: Hawk
|upkeep
|
|t:|1779683398
|switch|p2a: Raven|Mimikyu-Busted, F, shiny|88/100
|-status|p2a: Raven|tox
|-damage|p2a: Raven|76/100 tox|[from] Stealth Rock
|turn|25
|
|t:|1779683406
|switch|p1a: Weezing|Weezing-Galar, F|30/100 par
|-ability|p1a: Weezing|Neutralizing Gas
|move|p2a: Raven|Play Rough|p1a: Weezing
|-resisted|p1a: Weezing
|-damage|p1a: Weezing|13/100 par
|-damage|p2a: Raven|66/100 tox|[from] item: Life Orb
|
|-damage|p2a: Raven|60/100 tox|[from] psn
|upkeep
|turn|26
|
|t:|1779683417
|move|p2a: Raven|Shadow Sneak|p1a: Weezing
|-damage|p1a: Weezing|0 fnt
|faint|p1a: Weezing
|-end|p1a: Weezing|ability: Neutralizing Gas
|-damage|p2a: Raven|50/100 tox|[from] item: Life Orb
|
|-damage|p2a: Raven|38/100 tox|[from] psn
|upkeep
|
|t:|1779683423
|switch|p1a: Dragapult|Dragapult, M|69/100
|-activate|p1a: Dragapult|move: Sticky Web
|-unboost|p1a: Dragapult|spe|1
|turn|27
|
|t:|1779683427
|move|p2a: Raven|Shadow Sneak|p1a: Dragapult
|-supereffective|p1a: Dragapult
|-damage|p1a: Dragapult|2/100
|-damage|p2a: Raven|28/100 tox|[from] item: Life Orb
|move|p1a: Dragapult|Hex|p2a: Raven
|-supereffective|p2a: Raven
|-damage|p2a: Raven|0 fnt
|faint|p2a: Raven
|
|upkeep
|
|t:|1779683446
|switch|p2a: Deathstroke|Hoopa-Unbound|95/100 tox
|-damage|p2a: Deathstroke|82/100 tox|[from] Stealth Rock
|turn|28
|
|t:|1779683457
|move|p2a: Deathstroke|Psyshock|p1a: Dragapult
|-damage|p1a: Dragapult|0 fnt
|faint|p1a: Dragapult
|
|-damage|p2a: Deathstroke|76/100 tox|[from] psn
|upkeep
|
|t:|1779683463
|switch|p1a: Ting-Lu|Ting-Lu|100/100
|-activate|p1a: Ting-Lu|move: Sticky Web
|-unboost|p1a: Ting-Lu|spe|1
|-ability|p1a: Ting-Lu|Vessel of Ruin
|turn|29
|
|t:|1779683468
|switch|p2a: Nightwing|Zamazenta|100/100
|-status|p2a: Nightwing|tox
|-damage|p2a: Nightwing|94/100 tox|[from] Stealth Rock
|-ability|p2a: Nightwing|Dauntless Shield|boost
|-boost|p2a: Nightwing|def|1
|move|p1a: Ting-Lu|Earthquake|p2a: Nightwing
|-damage|p2a: Nightwing|72/100 tox
|
|-damage|p2a: Nightwing|66/100 tox|[from] psn
|upkeep
|turn|30
|
|t:|1779683479
|move|p2a: Nightwing|Body Press|p1a: Ting-Lu
|-supereffective|p1a: Ting-Lu
|-damage|p1a: Ting-Lu|42/100
|move|p1a: Ting-Lu|Whirlwind|p2a: Nightwing
|drag|p2a: Deathstroke|Hoopa-Unbound|76/100 tox
|-damage|p2a: Deathstroke|64/100 tox|[from] Stealth Rock
|
|-heal|p1a: Ting-Lu|48/100|[from] item: Leftovers
|-damage|p2a: Deathstroke|58/100 tox|[from] psn
|upkeep
|turn|31
|
|t:|1779683490
|move|p2a: Deathstroke|Drain Punch|p1a: Ting-Lu
|-supereffective|p1a: Ting-Lu
|-damage|p1a: Ting-Lu|22/100
|-heal|p2a: Deathstroke|80/100 tox|[from] drain|[of] p1a: Ting-Lu
|move|p1a: Ting-Lu|Earthquake|p2a: Deathstroke
|-crit|p2a: Deathstroke
|-damage|p2a: Deathstroke|0 fnt
|faint|p2a: Deathstroke
|
|-heal|p1a: Ting-Lu|29/100|[from] item: Leftovers
|upkeep
|
|t:|1779683499
|switch|p2a: Nightwing|Zamazenta|66/100 tox
|-damage|p2a: Nightwing|60/100 tox|[from] Stealth Rock
|turn|32
|
|t:|1779683505
|-terastallize|p1a: Ting-Lu|Water
|move|p2a: Nightwing|Body Press|p1a: Ting-Lu
|-damage|p1a: Ting-Lu|10/100
|move|p1a: Ting-Lu|Ruination|p2a: Nightwing
|-damage|p2a: Nightwing|30/100 tox
|
|-heal|p1a: Ting-Lu|16/100|[from] item: Leftovers
|-damage|p2a: Nightwing|24/100 tox|[from] psn
|upkeep
|turn|33
|
|t:|1779683514
|move|p2a: Nightwing|Body Press|p1a: Ting-Lu
|-damage|p1a: Ting-Lu|0 fnt
|faint|p1a: Ting-Lu
|
|-damage|p2a: Nightwing|12/100 tox|[from] psn
|upkeep
|
|t:|1779683521
|switch|p1a: Zamazenta|Zamazenta|66/100
|-activate|p1a: Zamazenta|move: Sticky Web
|-unboost|p1a: Zamazenta|spe|1
|turn|34
|
|t:|1779683531
|move|p2a: Nightwing|Body Press|p1a: Zamazenta
|-damage|p1a: Zamazenta|40/100
|move|p1a: Zamazenta|Body Press|p2a: Nightwing
|-damage|p2a: Nightwing|0 fnt
|faint|p2a: Nightwing
|
|win|uncle brown
|raw|uncle brown's rating: 1491 &rarr; <strong>1510</strong><br />(+19 for winning)
|raw|harrolux's rating: 1477 &rarr; <strong>1458</strong><br />(-19 for losing)
|l|☆harrolux
|player|p2|
|l|☆uncle brown
|player|p1|
