|j|☆Trainer Esespi
|j|☆clouddaearth
|t:|1779633801
|gametype|singles
|player|p1|Trainer Esespi|102|1172
|player|p2|clouddaearth|102|1236
|gen|9
|tier|[Gen 9] OU
|rated|
|rule|HP Percentage Mod: HP is shown in percentages
|rule|Endless Battle Clause: Forcing endless battles is banned
|rule|Species Clause: Limit one of each Pokémon
|rule|OHKO Clause: OHKO moves are banned
|rule|Evasion Items Clause: Evasion items are banned
|rule|Evasion Moves Clause: Evasion moves are banned
|rule|Evasion Abilities Clause: Evasion abilities are banned
|rule|Sleep Moves Clause: Sleep-inducing moves are banned
|clearpoke
|poke|p1|Kingambit, F|
|poke|p1|Corviknight, F|
|poke|p1|Dragapult, F|
|poke|p1|Regieleki|
|poke|p1|Slowking-Galar, F|
|poke|p1|Zamazenta-*|
|poke|p2|Hippowdon, F|
|poke|p2|Houndstone, M|
|poke|p2|Tentacruel, M|
|poke|p2|Vikavolt, M|
|poke|p2|Clefable, F|
|poke|p2|Tauros-Paldea-Blaze, M|
|teampreview
|
|t:|1779633815
|teamsize|p1|6
|teamsize|p2|6
|start
|switch|p1a: Zamazenta|Zamazenta|100/100
|switch|p2a: Vikavolt|Vikavolt, M|100/100
|-ability|p1a: Zamazenta|Dauntless Shield|boost
|-boost|p1a: Zamazenta|def|1
|turn|1
|
|t:|1779633835
|move|p1a: Zamazenta|Iron Defense|p1a: Zamazenta
|-boost|p1a: Zamazenta|def|2
|move|p2a: Vikavolt|Volt Switch|p1a: Zamazenta
|-damage|p1a: Zamazenta|61/100
|
|t:|1779633840
|switch|p2a: Clefable|Clefable, F|100/100|[from] Volt Switch
|
|-heal|p1a: Zamazenta|67/100|[from] item: Leftovers
|upkeep
|turn|2
|
|t:|1779633864
|move|p1a: Zamazenta|Wild Charge|p2a: Clefable
|-damage|p2a: Clefable|67/100
|-damage|p1a: Zamazenta|57/100|[from] Recoil
|move|p2a: Clefable|Moonblast|p1a: Zamazenta
|-supereffective|p1a: Zamazenta
|-damage|p1a: Zamazenta|0 fnt
|faint|p1a: Zamazenta
|
|-heal|p2a: Clefable|73/100|[from] item: Leftovers
|upkeep
|
|t:|1779633876
|switch|p1a: Corviknight|Corviknight, F|100/100
|turn|3
|
|t:|1779633881
|move|p1a: Corviknight|Iron Defense|p1a: Corviknight
|-boost|p1a: Corviknight|def|2
|move|p2a: Clefable|Fire Blast|p1a: Corviknight
|-supereffective|p1a: Corviknight
|-damage|p1a: Corviknight|38/100
|
|-heal|p1a: Corviknight|44/100|[from] item: Leftovers
|-heal|p2a: Clefable|79/100|[from] item: Leftovers
|upkeep
|turn|4
|
|t:|1779633896
|move|p1a: Corviknight|Iron Head|p2a: Clefable
|-supereffective|p2a: Clefable
|-damage|p2a: Clefable|13/100
|move|p2a: Clefable|Fire Blast|p1a: Corviknight|[miss]
|-miss|p2a: Clefable|p1a: Corviknight
|
|-heal|p1a: Corviknight|50/100|[from] item: Leftovers
|-heal|p2a: Clefable|19/100|[from] item: Leftovers
|upkeep
|turn|5
|
|t:|1779633911
|switch|p2a: Tauros|Tauros-Paldea-Blaze, M|100/100
|-ability|p2a: Tauros|Intimidate|boost
|-ability|p1a: Corviknight|Mirror Armor
|-unboost|p2a: Tauros|atk|1
|move|p1a: Corviknight|Iron Head|p2a: Tauros
|-resisted|p2a: Tauros
|-damage|p2a: Tauros|84/100
|
|-heal|p1a: Corviknight|57/100|[from] item: Leftovers
|upkeep
|turn|6
|
|t:|1779633944
|switch|p2a: Vikavolt|Vikavolt, M|100/100
|move|p1a: Corviknight|Body Press|p2a: Vikavolt
|-resisted|p2a: Vikavolt
|-damage|p2a: Vikavolt|75/100
|
|-heal|p1a: Corviknight|63/100|[from] item: Leftovers
|upkeep
|turn|7
|
|t:|1779633962
|switch|p1a: Slowking|Slowking-Galar, F, shiny|100/100
|move|p2a: Vikavolt|Volt Switch|p1a: Slowking
|-damage|p1a: Slowking|68/100
|l|☆clouddaearth
|player|p2|
|inactive|Battle timer is ON: inactive players will automatically lose when time's up. (requested by Trainer Esespi)
|inactive|clouddaearth has 30 seconds to reconnect!
|inactive|clouddaearth has 20 seconds to reconnect!
|inactive|clouddaearth has 15 seconds to reconnect!
|inactive|clouddaearth has 10 seconds to reconnect!
|inactive|clouddaearth has 5 seconds to reconnect!
|-message|clouddaearth lost due to inactivity.
|
|win|Trainer Esespi
|raw|Trainer Esespi's rating: 1172 &rarr; <strong>1202</strong><br />(+30 for winning)
|raw|clouddaearth's rating: 1236 &rarr; <strong>1206</strong><br />(-30 for losing)
|l|☆Trainer Esespi
|player|p1|
