|j|☆Harshweather
|j|☆clod the clown
|t:|1779601789
|gametype|singles
|player|p1|Harshweather|101|1112
|player|p2|clod the clown|harlequin|1146
|gen|9
|tier|[Gen 9] OU
|rated|
|rule|HP Percentage Mod: HP is shown in percentages
|rule|Endless Battle Clause: Forcing endless battles is banned
|rule|Species Clause: Limit one of each Pokémon
|rule|OHKO Clause: OHKO moves are banned
|rule|Evasion Items Clause: Evasion items are banned
|rule|Evasion Moves Clause: Evasion moves are banned
|rule|Evasion Abilities Clause: Evasion abilities are banned
|rule|Sleep Moves Clause: Sleep-inducing moves are banned
|clearpoke
|poke|p1|Zangoose, F|
|poke|p1|Iron Moth|
|poke|p1|Deoxys-Speed|
|poke|p1|Ninetales-Alola, M|
|poke|p1|Dragapult, F|
|poke|p1|Vikavolt, F|
|poke|p2|Uxie|
|poke|p2|Charizard, F|
|poke|p2|Necrozma|
|poke|p2|Talonflame, F|
|poke|p2|Rabsca, F|
|poke|p2|Salazzle, F|
|teampreview
|inactive|Battle timer is ON: inactive players will automatically lose when time's up. (requested by clod the clown)
|
|t:|1779601800
|teamsize|p1|6
|teamsize|p2|6
|start
|switch|p1a: Victim 2|Vikavolt, F|100/100
|switch|p2a: Talonflame|Talonflame, F|100/100
|turn|1
|
|t:|1779601810
|move|p2a: Talonflame|Flare Blitz|p1a: Victim 2
|-supereffective|p1a: Victim 2
|-crit|p1a: Victim 2
|-enditem|p1a: Victim 2|Focus Sash
|-damage|p1a: Victim 2|1/100
|-damage|p2a: Talonflame|68/100|[from] Recoil
|move|p1a: Victim 2|Sticky Web|p2a: Talonflame
|-sidestart|p2: clod the clown|move: Sticky Web
|
|upkeep
|turn|2
|
|t:|1779601822
|move|p2a: Talonflame|Defog|p1a: Victim 2
|-unboost|p1a: Victim 2|evasion|1
|-sideend|p2: clod the clown|Sticky Web|[from] move: Defog|[of] p2a: Talonflame
|move|p1a: Victim 2|Volt Switch|p2a: Talonflame
|-supereffective|p2a: Talonflame
|-damage|p2a: Talonflame|0 fnt
|faint|p2a: Talonflame
|inactive|Harshweather has 120 seconds left.
|
|t:|1779601849
|switch|p1a: Victim|Deoxys-Speed|100/100|[from] Volt Switch
|-ability|p1a: Victim|Pressure
|
|upkeep
|
|t:|1779601854
|switch|p2a: Uxie|Uxie|100/100
|turn|3
|
|t:|1779601860
|move|p1a: Victim|Taunt|p2a: Uxie
|-start|p2a: Uxie|move: Taunt
|cant|p2a: Uxie|move: Taunt|Reflect
|
|upkeep
|turn|4
|
|t:|1779601872
|switch|p2a: Rabsca|Rabsca, F|100/100
|move|p1a: Victim|Light Screen|p1a: Victim
|-sidestart|p1: Harshweather|move: Light Screen
|
|upkeep
|turn|5
|
|t:|1779601878
|move|p1a: Victim|Reflect|p1a: Victim
|-sidestart|p1: Harshweather|Reflect
|move|p2a: Rabsca|Bug Buzz|p1a: Victim
|-supereffective|p1a: Victim
|-damage|p1a: Victim|39/100
|
|upkeep
|turn|6
|
|t:|1779601883
|move|p1a: Victim|Stealth Rock|p2a: Rabsca
|-sidestart|p2: clod the clown|move: Stealth Rock
|move|p2a: Rabsca|Revival Blessing|p2a: Rabsca
|-enditem|p2a: Rabsca|Leppa Berry|[eat]
|-activate|p2a: Rabsca|item: Leppa Berry|Revival Blessing|[consumed]
|
|t:|1779601885
|-heal|p2: Talonflame|50/100|[from] move: Revival Blessing
|
|upkeep
|turn|7
|
|t:|1779601897
|switch|p1a: Victim 3|Ninetales-Alola, M|100/100
|-weather|Snowscape|[from] ability: Snow Warning|[of] p1a: Victim 3
|move|p2a: Rabsca|Bug Buzz|p1a: Victim 3
|-resisted|p1a: Victim 3
|-damage|p1a: Victim 3|88/100
|
|-weather|Snowscape|[upkeep]
|upkeep
|turn|8
|
|t:|1779601908
|move|p1a: Victim 3|Encore|p2a: Rabsca
|-start|p2a: Rabsca|Encore
|move|p2a: Rabsca|Bug Buzz|p1a: Victim 3
|-resisted|p1a: Victim 3
|-damage|p1a: Victim 3|77/100
|
|-weather|Snowscape|[upkeep]
|upkeep
|turn|9
|
|t:|1779601916
|move|p1a: Victim 3|Disable|p2a: Rabsca
|-start|p2a: Rabsca|Disable|Bug Buzz
|cant|p2a: Rabsca|Disable|Bug Buzz
|
|-weather|Snowscape|[upkeep]
|upkeep
|turn|10
|
|t:|1779601930
|switch|p2a: Uxie|Uxie|100/100
|-damage|p2a: Uxie|88/100|[from] Stealth Rock
|move|p1a: Victim 3|Freeze-Dry|p2a: Uxie
|-damage|p2a: Uxie|77/100
|
|-weather|Snowscape|[upkeep]
|upkeep
|turn|11
|
|t:|1779601941
|switch|p1a: Victim 2|Vikavolt, F|1/100
|move|p2a: Uxie|Stealth Rock|p1a: Victim 2
|-sidestart|p1: Harshweather|move: Stealth Rock
|
|-weather|none
|-sideend|p1: Harshweather|move: Light Screen
|upkeep
|turn|12
|
|t:|1779601947
|switch|p2a: Talonflame|Talonflame, F|50/100
|move|p1a: Victim 2|Sticky Web|p2a: Talonflame
|-sidestart|p2: clod the clown|move: Sticky Web
|
|-sideend|p1: Harshweather|Reflect
|upkeep
|turn|13
|
|t:|1779601963
|move|p2a: Talonflame|Defog|p1a: Victim 2
|-unboost|p1a: Victim 2|evasion|1
|-sideend|p1: Harshweather|Stealth Rock|[from] move: Defog|[of] p2a: Talonflame
|-sideend|p2: clod the clown|Stealth Rock|[from] move: Defog|[of] p2a: Talonflame
|-sideend|p2: clod the clown|Sticky Web|[from] move: Defog|[of] p2a: Talonflame
|move|p1a: Victim 2|Sticky Web|p2a: Talonflame
|-sidestart|p2: clod the clown|move: Sticky Web
|
|upkeep
|turn|14
|
|t:|1779601970
|move|p2a: Talonflame|Defog|p1a: Victim 2
|-unboost|p1a: Victim 2|evasion|1
|-sideend|p2: clod the clown|Sticky Web|[from] move: Defog|[of] p2a: Talonflame
|move|p1a: Victim 2|Volt Switch|p2a: Talonflame
|-supereffective|p2a: Talonflame
|-damage|p2a: Talonflame|0 fnt
|faint|p2a: Talonflame
|
|t:|1779601982
|switch|p1a: Victim 3|Ninetales-Alola, M|77/100|[from] Volt Switch
|-weather|Snowscape|[from] ability: Snow Warning|[of] p1a: Victim 3
|
|-weather|Snowscape|[upkeep]
|upkeep
|
|t:|1779602001
|switch|p2a: Salazzle|Salazzle, F|100/100
|turn|15
|
|t:|1779602008
|move|p2a: Salazzle|Substitute|p2a: Salazzle
|-start|p2a: Salazzle|Substitute
|-damage|p2a: Salazzle|76/100
|move|p1a: Victim 3|Aurora Veil|p1a: Victim 3
|-sidestart|p1: Harshweather|move: Aurora Veil
|
|-weather|Snowscape|[upkeep]
|-heal|p2a: Salazzle|82/100|[from] item: Black Sludge
|upkeep
|turn|16
|
|t:|1779602016
|move|p2a: Salazzle|Protect|p2a: Salazzle
|-singleturn|p2a: Salazzle|Protect
|move|p1a: Victim 3|Encore|p2a: Salazzle
|-activate|p2a: Salazzle|move: Protect
|
|-weather|Snowscape|[upkeep]
|-heal|p2a: Salazzle|88/100|[from] item: Black Sludge
|upkeep
|turn|17
|
|t:|1779602021
|move|p2a: Salazzle|Toxic|p1a: Victim 3
|-status|p1a: Victim 3|tox
|move|p1a: Victim 3|Disable|p2a: Salazzle
|-start|p2a: Salazzle|Disable|Toxic
|
|-weather|Snowscape|[upkeep]
|-heal|p2a: Salazzle|94/100|[from] item: Black Sludge
|-damage|p1a: Victim 3|71/100 tox|[from] psn
|upkeep
|turn|18
|
|t:|1779602028
|move|p2a: Salazzle|Fire Blast|p1a: Victim 3|[miss]
|-miss|p2a: Salazzle|p1a: Victim 3
|move|p1a: Victim 3|Encore|p2a: Salazzle
|-start|p2a: Salazzle|Encore
|
|-weather|none
|-heal|p2a: Salazzle|100/100|[from] item: Black Sludge
|-damage|p1a: Victim 3|59/100 tox|[from] psn
|upkeep
|turn|19
|
|t:|1779602042
|switch|p2a: Uxie|Uxie|77/100
|move|p1a: Victim 3|Freeze-Dry|p2a: Uxie
|-damage|p2a: Uxie|66/100
|
|-damage|p1a: Victim 3|41/100 tox|[from] psn
|upkeep
|turn|20
|
|t:|1779602049
|move|p1a: Victim 3|Encore||[still]
|-fail|p1a: Victim 3
|move|p2a: Uxie|Stealth Rock|p1a: Victim 3
|-sidestart|p1: Harshweather|move: Stealth Rock
|
|-damage|p1a: Victim 3|17/100 tox|[from] psn
|upkeep
|turn|21
|
|t:|1779602070
|switch|p1a: Victim 2|Vikavolt, F|1/100
|-damage|p1a: Victim 2|0 fnt|[from] Stealth Rock
|faint|p1a: Victim 2
|switch|p2a: Rabsca|Rabsca, F|100/100
|
|upkeep
|
|t:|1779602077
|switch|p1a: molester|Zangoose, F|100/100
|-damage|p1a: molester|88/100|[from] Stealth Rock
|turn|22
|
|t:|1779602096
|move|p1a: molester|Swords Dance|p1a: molester
|-boost|p1a: molester|atk|2
|move|p2a: Rabsca|Revival Blessing|p2a: Rabsca
|
|t:|1779602098
|-heal|p2: Talonflame|50/100|[from] move: Revival Blessing
|
|-sideend|p1: Harshweather|move: Aurora Veil
|-status|p1a: molester|tox|[from] item: Toxic Orb
|upkeep
|turn|23
|
|t:|1779602106
|move|p1a: molester|Facade|p2a: Rabsca
|-damage|p2a: Rabsca|0 fnt
|faint|p2a: Rabsca
|
|-damage|p1a: molester|82/100 tox|[from] psn
|upkeep
|
|t:|1779602112
|switch|p2a: Salazzle|Salazzle, F|100/100
|turn|24
|
|t:|1779602116
|move|p2a: Salazzle|Protect|p2a: Salazzle
|-singleturn|p2a: Salazzle|Protect
|move|p1a: molester|Facade|p2a: Salazzle
|-activate|p2a: Salazzle|move: Protect
|
|-damage|p1a: molester|71/100 tox|[from] psn
|upkeep
|turn|25
|
|t:|1779602120
|move|p2a: Salazzle|Substitute|p2a: Salazzle
|-start|p2a: Salazzle|Substitute
|-damage|p2a: Salazzle|76/100
|move|p1a: molester|Facade|p2a: Salazzle
|-end|p2a: Salazzle|Substitute
|
|-heal|p2a: Salazzle|82/100|[from] item: Black Sludge
|-damage|p1a: molester|53/100 tox|[from] psn
|upkeep
|turn|26
|
|t:|1779602126
|move|p2a: Salazzle|Protect|p2a: Salazzle
|-singleturn|p2a: Salazzle|Protect
|move|p1a: molester|Facade|p2a: Salazzle
|-activate|p2a: Salazzle|move: Protect
|
|-heal|p2a: Salazzle|88/100|[from] item: Black Sludge
|-damage|p1a: molester|29/100 tox|[from] psn
|upkeep
|turn|27
|c|☆Harshweather|bruh
|
|t:|1779602155
|move|p1a: molester|Quick Attack|p2a: Salazzle
|-damage|p2a: Salazzle|1/100
|move|p2a: Salazzle|Substitute|p2a: Salazzle
|-fail|p2a: Salazzle|move: Substitute|[weak]
|
|-heal|p2a: Salazzle|8/100|[from] item: Black Sludge
|-damage|p1a: molester|0 fnt|[from] psn
|faint|p1a: molester
|upkeep
|
|t:|1779602162
|switch|p1a: Victim 3|Ninetales-Alola, M|17/100 tox
|-damage|p1a: Victim 3|0 fnt|[from] Stealth Rock
|faint|p1a: Victim 3
|
|t:|1779602164
|switch|p1a: Victim|Deoxys-Speed|39/100
|-damage|p1a: Victim|27/100|[from] Stealth Rock
|-ability|p1a: Victim|Pressure
|turn|28
|
|t:|1779602173
|move|p1a: Victim|Light Screen|p1a: Victim
|-sidestart|p1: Harshweather|move: Light Screen
|move|p2a: Salazzle|Fire Blast|p1a: Victim
|-damage|p1a: Victim|0 fnt
|faint|p1a: Victim
|
|-heal|p2a: Salazzle|14/100|[from] item: Black Sludge
|upkeep
|
|t:|1779602183
|switch|p1a: 2nd molester|Iron Moth|100/100
|-damage|p1a: 2nd molester|76/100|[from] Stealth Rock
|-enditem|p1a: 2nd molester|Booster Energy
|-activate|p1a: 2nd molester|ability: Quark Drive|[fromitem]
|-start|p1a: 2nd molester|quarkdrivespa
|turn|29
|
|t:|1779602191
|move|p2a: Salazzle|Protect|p2a: Salazzle
|-singleturn|p2a: Salazzle|Protect
|move|p1a: 2nd molester|Fiery Dance|p2a: Salazzle
|-activate|p2a: Salazzle|move: Protect
|
|-heal|p2a: Salazzle|20/100|[from] item: Black Sludge
|upkeep
|turn|30
|
|t:|1779602200
|move|p2a: Salazzle|Toxic|p1a: 2nd molester
|-status|p1a: 2nd molester|tox
|move|p1a: 2nd molester|Fiery Dance|p2a: Salazzle
|-resisted|p2a: Salazzle
|-damage|p2a: Salazzle|0 fnt
|faint|p2a: Salazzle
|
|-damage|p1a: 2nd molester|70/100 tox|[from] psn
|upkeep
|inactive|clod the clown has 120 seconds left.
|
|t:|1779602234
|switch|p2a: Uxie|Uxie|66/100
|turn|31
|
|t:|1779602240
|move|p1a: 2nd molester|Substitute|p1a: 2nd molester
|-start|p1a: 2nd molester|Substitute
|-damage|p1a: 2nd molester|45/100 tox
|move|p2a: Uxie|Light Screen|p2a: Uxie
|-sidestart|p2: clod the clown|move: Light Screen
|
|-damage|p1a: 2nd molester|33/100 tox|[from] psn
|upkeep
|turn|32
|
|t:|1779602252
|move|p1a: 2nd molester|Fiery Dance|p2a: Uxie
|-damage|p2a: Uxie|50/100
|-boost|p1a: 2nd molester|spa|1
|move|p2a: Uxie|Reflect|p2a: Uxie
|-sidestart|p2: clod the clown|Reflect
|
|-damage|p1a: 2nd molester|15/100 tox|[from] psn
|upkeep
|turn|33
|
|t:|1779602264
|move|p1a: 2nd molester|Fiery Dance|p2a: Uxie
|-damage|p2a: Uxie|27/100
|move|p2a: Uxie|Light Screen||[still]
|-fail|p2a: Uxie
|
|-damage|p1a: 2nd molester|0 fnt|[from] psn
|faint|p1a: 2nd molester
|-end|p1a: 2nd molester|Quark Drive|[silent]
|upkeep
|
|t:|1779602270
|switch|p1a: 4th molester|Dragapult, F|100/100
|-damage|p1a: 4th molester|88/100|[from] Stealth Rock
|turn|34
|
|t:|1779602274
|move|p1a: 4th molester|Dragon Darts|p2a: Uxie
|-crit|p2a: Uxie
|-damage|p2a: Uxie|5/100
|-anim|p1a: 4th molester|Dragon Darts|p2a: Uxie
|-damage|p2a: Uxie|0 fnt
|faint|p2a: Uxie
|
|upkeep
|
|t:|1779602281
|switch|p2a: Necrozma|Necrozma|100/100
|turn|35
|
|t:|1779602287
|-terastallize|p1a: 4th molester|Dragon
|move|p1a: 4th molester|Dragon Darts|p2a: Necrozma
|-damage|p2a: Necrozma|76/100
|-anim|p1a: 4th molester|Dragon Darts|p2a: Necrozma
|-damage|p2a: Necrozma|52/100
|move|p2a: Necrozma|Knock Off|p1a: 4th molester
|-damage|p1a: 4th molester|44/100
|-enditem|p1a: 4th molester|Choice Specs|[from] move: Knock Off|[of] p2a: Necrozma
|
|-sideend|p1: Harshweather|move: Light Screen
|upkeep
|turn|36
|
|t:|1779602297
|move|p1a: 4th molester|Shadow Ball|p2a: Necrozma
|-supereffective|p2a: Necrozma
|-damage|p2a: Necrozma|0 fnt
|faint|p2a: Necrozma
|
|upkeep
|c|☆clod the clown|choice specs and dragon darts??????????
|
|t:|1779602308
|switch|p2a: Charizard|Charizard, F|100/100
|turn|37
|c|☆Harshweather|yeah
|c|☆clod the clown|why
|c|☆Harshweather|idk
|c|☆clod the clown|dragon darts is physical
|c|☆clod the clown|choice specs doesnt boost it
|c|☆Harshweather|yeah but idk man
|c|☆Harshweather|i am just dumb
|inactive|Harshweather has 120 seconds left.
|
|t:|1779602339
|move|p1a: 4th molester|Draco Meteor|p2a: Charizard
|-damage|p2a: Charizard|0 fnt
|-unboost|p1a: 4th molester|spa|2
|faint|p2a: Charizard
|
|upkeep
|
|t:|1779602342
|switch|p2a: Talonflame|Talonflame, F|50/100
|turn|38
|c|☆clod the clown|a wins a win
|c|☆Harshweather|yewah
|c|☆Harshweather|ggs
|c|☆clod the clown|sgg
|
|t:|1779602360
|move|p1a: 4th molester|Draco Meteor|p2a: Talonflame
|-damage|p2a: Talonflame|0 fnt
|-unboost|p1a: 4th molester|spa|2
|faint|p2a: Talonflame
|
|win|Harshweather
|raw|Harshweather's rating: 1112 &rarr; <strong>1141</strong><br />(+29 for winning)
|raw|clod the clown's rating: 1169 &rarr; <strong>1140</strong><br />(-29 for losing)
|l|☆clod the clown
|player|p2|
|c|☆Harshweather|lmaooooo
|c|☆Harshweather|ggs
|l|☆Harshweather
|player|p1|
