|j|☆jnoikmlkmc
|j|☆Swolepertt31
|t:|1779572488
|gametype|singles
|player|p1|jnoikmlkmc|266|1055
|player|p2|Swolepertt31|fisherman|1080
|gen|9
|tier|[Gen 9] OU
|rated|
|rule|HP Percentage Mod: HP is shown in percentages
|rule|Endless Battle Clause: Forcing endless battles is banned
|rule|Species Clause: Limit one of each Pokémon
|rule|OHKO Clause: OHKO moves are banned
|rule|Evasion Items Clause: Evasion items are banned
|rule|Evasion Moves Clause: Evasion moves are banned
|rule|Evasion Abilities Clause: Evasion abilities are banned
|rule|Sleep Moves Clause: Sleep-inducing moves are banned
|clearpoke
|poke|p1|Maushold-Four|
|poke|p1|Zoroark-Hisui, M|
|poke|p1|Meloetta|
|poke|p1|Ursaluna, F|
|poke|p1|Blissey, F|
|poke|p1|Tauros, M|
|poke|p2|Samurott-Hisui, M|
|poke|p2|Dragapult, F|
|poke|p2|Great Tusk|
|poke|p2|Corviknight, F|
|poke|p2|Darkrai|
|poke|p2|Dragonite, F|
|teampreview
|inactive|Battle timer is ON: inactive players will automatically lose when time's up. (requested by Swolepertt31)
|
|t:|1779572502
|teamsize|p1|6
|teamsize|p2|6
|start
|switch|p1a: Maushold|Maushold-Four|100/100
|switch|p2a: Darkrai|Darkrai|100/100
|turn|1
|
|t:|1779572517
|move|p1a: Maushold|Hyper Voice|p2a: Darkrai
|-damage|p2a: Darkrai|58/100
|move|p2a: Darkrai|Trick|p1a: Maushold
|-activate|p2a: Darkrai|move: Trick|[of] p1a: Maushold
|-item|p1a: Maushold|Toxic Orb|[from] move: Trick
|-item|p2a: Darkrai|Leftovers|[from] move: Trick
|
|-heal|p2a: Darkrai|64/100|[from] item: Leftovers
|-status|p1a: Maushold|tox|[from] item: Toxic Orb
|upkeep
|turn|2
|
|t:|1779572535
|move|p1a: Maushold|Nasty Plot|p1a: Maushold
|-boost|p1a: Maushold|spa|2
|move|p2a: Darkrai|Taunt|p1a: Maushold
|-start|p1a: Maushold|move: Taunt
|
|-heal|p2a: Darkrai|70/100|[from] item: Leftovers
|-damage|p1a: Maushold|95/100 tox|[from] psn
|upkeep
|turn|3
|
|t:|1779572548
|move|p1a: Maushold|Hyper Voice|p2a: Darkrai
|-damage|p2a: Darkrai|0 fnt
|faint|p2a: Darkrai
|
|-damage|p1a: Maushold|83/100 tox|[from] psn
|upkeep
|
|t:|1779572560
|switch|p2a: Samurott|Samurott-Hisui, M|100/100
|turn|4
|
|t:|1779572565
|move|p1a: Maushold|Hyper Voice|p2a: Samurott
|-damage|p2a: Samurott|14/100
|move|p2a: Samurott|Ceaseless Edge|p1a: Maushold
|-supereffective|p1a: Maushold
|-damage|p1a: Maushold|0 fnt
|replace|p1a: Zoroark|Zoroark-Hisui, M
|-end|p1a: Zoroark|Illusion
|-sidestart|p1: jnoikmlkmc|Spikes
|faint|p1a: Zoroark
|
|upkeep
|
|t:|1779572581
|switch|p1a: Tauros|Tauros, M|100/100
|-damage|p1a: Tauros|88/100|[from] Spikes
|turn|5
|
|t:|1779572592
|move|p2a: Samurott|Sucker Punch|p1a: Tauros
|-damage|p1a: Tauros|45/100
|move|p1a: Tauros|Throat Chop|p2a: Samurott
|-resisted|p2a: Samurott
|-damage|p2a: Samurott|0 fnt
|faint|p2a: Samurott
|
|upkeep
|
|t:|1779572601
|switch|p2a: Corviknight|Corviknight, F|100/100
|turn|6
|
|t:|1779572606
|switch|p1a: Blissey|Blissey, F|100/100
|-damage|p1a: Blissey|88/100|[from] Spikes
|move|p2a: Corviknight|Iron Defense|p2a: Corviknight
|-boost|p2a: Corviknight|def|2
|
|-heal|p1a: Blissey|94/100|[from] item: Leftovers
|upkeep
|turn|7
|inactive|Swolepertt31 has 120 seconds left.
|
|t:|1779572657
|move|p2a: Corviknight|Body Press|p1a: Blissey
|-supereffective|p1a: Blissey
|-damage|p1a: Blissey|0 fnt
|faint|p1a: Blissey
|
|upkeep
|
|t:|1779572686
|switch|p1a: Tauros|Tauros, M|45/100
|-damage|p1a: Tauros|32/100|[from] Spikes
|turn|8
|
|t:|1779572694
|move|p1a: Tauros|Close Combat|p2a: Corviknight
|-damage|p2a: Corviknight|81/100
|-unboost|p1a: Tauros|def|1
|-unboost|p1a: Tauros|spd|1
|-damage|p1a: Tauros|16/100|[from] item: Rocky Helmet|[of] p2a: Corviknight
|move|p2a: Corviknight|Body Press|p1a: Tauros
|-supereffective|p1a: Tauros
|-damage|p1a: Tauros|0 fnt
|faint|p1a: Tauros
|
|upkeep
|inactive|jnoikmlkmc has 120 seconds left.
|
|t:|1779572724
|switch|p1a: Meloetta|Meloetta|100/100
|-damage|p1a: Meloetta|88/100|[from] Spikes
|turn|9
|
|t:|1779572729
|move|p1a: Meloetta|Echoed Voice|p2a: Corviknight
|-resisted|p2a: Corviknight
|-damage|p2a: Corviknight|69/100
|move|p2a: Corviknight|Iron Head|p1a: Meloetta
|-damage|p1a: Meloetta|62/100
|
|upkeep
|turn|10
|inactive|jnoikmlkmc has 120 seconds left.
|
|t:|1779572739
|move|p1a: Meloetta|Echoed Voice|p2a: Corviknight
|-resisted|p2a: Corviknight
|-damage|p2a: Corviknight|48/100
|move|p2a: Corviknight|Tailwind|p2a: Corviknight
|-sidestart|p2: Swolepertt31|move: Tailwind
|
|upkeep
|turn|11
|inactive|jnoikmlkmc has 120 seconds left.
|
|t:|1779572750
|switch|p2a: Dragapult|Dragapult, F|100/100
|move|p1a: Meloetta|Echoed Voice|p2a: Dragapult
|-immune|p2a: Dragapult
|
|upkeep
|turn|12
|inactive|jnoikmlkmc has 120 seconds left.
|
|t:|1779572761
|switch|p1a: Ursaluna|Ursaluna, F|100/100
|-damage|p1a: Ursaluna|88/100|[from] Spikes
|move|p2a: Dragapult|Draco Meteor|p1a: Ursaluna
|-damage|p1a: Ursaluna|35/100
|-unboost|p2a: Dragapult|spa|2
|
|-status|p1a: Ursaluna|brn|[from] item: Flame Orb
|upkeep
|turn|13
|inactive|jnoikmlkmc has 120 seconds left.
|
|t:|1779572776
|move|p2a: Dragapult|U-turn|p1a: Ursaluna
|-damage|p1a: Ursaluna|23/100 brn
|
|t:|1779572779
|switch|p2a: Corviknight|Corviknight, F|48/100|[from] U-turn
|move|p1a: Ursaluna|Payback|p2a: Corviknight
|-damage|p2a: Corviknight|26/100
|-damage|p1a: Ursaluna|6/100 brn|[from] item: Rocky Helmet|[of] p2a: Corviknight
|
|-damage|p1a: Ursaluna|0 fnt|[from] brn
|faint|p1a: Ursaluna
|-sideend|p2: Swolepertt31|move: Tailwind
|upkeep
|inactive|jnoikmlkmc has 120 seconds left.
|
|t:|1779572793
|switch|p1a: Maushold|Maushold-Four|100/100
|-damage|p1a: Maushold|88/100|[from] Spikes
|turn|14
|inactive|jnoikmlkmc has 120 seconds left.
|
|t:|1779572801
|move|p1a: Maushold|Population Bomb|p2a: Corviknight
|-resisted|p2a: Corviknight
|-damage|p2a: Corviknight|22/100
|-damage|p1a: Maushold|71/100|[from] item: Rocky Helmet|[of] p2a: Corviknight
|-resisted|p2a: Corviknight
|-damage|p2a: Corviknight|17/100
|-damage|p1a: Maushold|55/100|[from] item: Rocky Helmet|[of] p2a: Corviknight
|-resisted|p2a: Corviknight
|-damage|p2a: Corviknight|13/100
|-damage|p1a: Maushold|38/100|[from] item: Rocky Helmet|[of] p2a: Corviknight
|-resisted|p2a: Corviknight
|-damage|p2a: Corviknight|8/100
|-damage|p1a: Maushold|22/100|[from] item: Rocky Helmet|[of] p2a: Corviknight
|-resisted|p2a: Corviknight
|-damage|p2a: Corviknight|4/100
|-damage|p1a: Maushold|5/100|[from] item: Rocky Helmet|[of] p2a: Corviknight
|-resisted|p2a: Corviknight
|-damage|p2a: Corviknight|0 fnt
|-damage|p1a: Maushold|0 fnt|[from] item: Rocky Helmet|[of] p2a: Corviknight
|faint|p2a: Corviknight
|faint|p1a: Maushold
|-hitcount|p2: Corviknight|6
|
|upkeep
|inactive|jnoikmlkmc has 120 seconds left.
|
|t:|1779572825
|switch|p1a: Meloetta|Meloetta|62/100
|switch|p2a: Dragapult|Dragapult, F|100/100
|-damage|p1a: Meloetta|50/100|[from] Spikes
|turn|15
|
|t:|1779572846
|move|p2a: Dragapult|Draco Meteor|p1a: Meloetta
|-damage|p1a: Meloetta|19/100
|-unboost|p2a: Dragapult|spa|2
|move|p1a: Meloetta|Shadow Ball|p2a: Dragapult
|-supereffective|p2a: Dragapult
|-damage|p2a: Dragapult|5/100
|
|upkeep
|turn|16
|
|t:|1779572855
|move|p2a: Dragapult|Draco Meteor|p1a: Meloetta
|-damage|p1a: Meloetta|2/100
|-unboost|p2a: Dragapult|spa|2
|move|p1a: Meloetta|Shadow Ball|p2a: Dragapult
|-supereffective|p2a: Dragapult
|-damage|p2a: Dragapult|0 fnt
|faint|p2a: Dragapult
|
|upkeep
|
|t:|1779572860
|switch|p2a: Dragonite|Dragonite, F|100/100
|turn|17
|
|t:|1779572868
|move|p1a: Meloetta|Shadow Ball|p2a: Dragonite
|-damage|p2a: Dragonite|84/100
|move|p2a: Dragonite|Facade|p1a: Meloetta
|-damage|p1a: Meloetta|0 fnt
|faint|p1a: Meloetta
|
|win|Swolepertt31
|raw|jnoikmlkmc's rating: 1055 &rarr; <strong>1038</strong><br />(-17 for losing)
|raw|Swolepertt31's rating: 1080 &rarr; <strong>1106</strong><br />(+26 for winning)
|l|☆jnoikmlkmc
|player|p1|
|l|☆Swolepertt31
|player|p2|
