|j|☆AMBATUBLOUGH
|j|☆Ur cousins Ex
|t:|1779718977
|gametype|singles
|player|p1|AMBATUBLOUGH|bellepa|1642
|player|p2|Ur cousins Ex|2|1606
|gen|9
|tier|[Gen 9] OU
|rated|
|rule|HP Percentage Mod: HP is shown in percentages
|rule|Endless Battle Clause: Forcing endless battles is banned
|rule|Species Clause: Limit one of each Pokémon
|rule|OHKO Clause: OHKO moves are banned
|rule|Evasion Items Clause: Evasion items are banned
|rule|Evasion Moves Clause: Evasion moves are banned
|rule|Evasion Abilities Clause: Evasion abilities are banned
|rule|Sleep Moves Clause: Sleep-inducing moves are banned
|clearpoke
|poke|p1|Lokix, F|
|poke|p1|Iron Valiant|
|poke|p1|Alomomola, L99, F|
|poke|p1|Mandibuzz, F|
|poke|p1|Great Tusk|
|poke|p1|Gholdengo|
|poke|p2|Rillaboom, F|
|poke|p2|Serperior, M|
|poke|p2|Heatran, M|
|poke|p2|Gholdengo|
|poke|p2|Zamazenta-*|
|poke|p2|Great Tusk|
|teampreview
|inactive|Battle timer is ON: inactive players will automatically lose when time's up. (requested by AMBATUBLOUGH)
|j| beebeebaobao
|inactive|AMBATUBLOUGH has 120 seconds left.
|
|t:|1779719023
|teamsize|p1|6
|teamsize|p2|6
|start
|switch|p1a: Shining Agito|Lokix, F, shiny|100/100
|switch|p2a: Great Tusk|Great Tusk|100/100
|-enditem|p2a: Great Tusk|Booster Energy
|-activate|p2a: Great Tusk|ability: Protosynthesis|[fromitem]
|-start|p2a: Great Tusk|protosynthesisspe
|turn|1
|inactive|AMBATUBLOUGH has 120 seconds left.
|
|t:|1779719057
|-terastallize|p1a: Shining Agito|Bug
|move|p2a: Great Tusk|Rapid Spin|p1a: Shining Agito
|-damage|p1a: Shining Agito|78/100
|-boost|p2a: Great Tusk|spe|1
|move|p1a: Shining Agito|U-turn|p2a: Great Tusk
|-resisted|p2a: Great Tusk
|-damage|p2a: Great Tusk|59/100
|inactive|AMBATUBLOUGH has 120 seconds left.
|
|t:|1779719072
|switch|p1a: Tetsuya Sawaki|Alomomola, L99, F|100/100|[from] U-turn
|
|upkeep
|turn|2
|
|t:|1779719077
|move|p2a: Great Tusk|Bulk Up|p2a: Great Tusk
|-boost|p2a: Great Tusk|atk|1
|-boost|p2a: Great Tusk|def|1
|move|p1a: Tetsuya Sawaki|Flip Turn|p2a: Great Tusk
|-supereffective|p2a: Great Tusk
|-damage|p2a: Great Tusk|46/100
|inactive|AMBATUBLOUGH has 120 seconds left.
|
|t:|1779719094
|switch|p1a: Overlord|Mandibuzz, F|100/100|[from] Flip Turn
|
|upkeep
|turn|3
|inactive|AMBATUBLOUGH has 120 seconds left.
|inactive|AMBATUBLOUGH has 90 seconds left.
|
|t:|1779719130
|move|p2a: Great Tusk|Bulk Up|p2a: Great Tusk
|-boost|p2a: Great Tusk|atk|1
|-boost|p2a: Great Tusk|def|1
|move|p1a: Overlord|U-turn|p2a: Great Tusk
|-resisted|p2a: Great Tusk
|-damage|p2a: Great Tusk|45/100
|
|t:|1779719133
|switch|p1a: Tetsuya Sawaki|Alomomola, L99, F|100/100|[from] U-turn
|
|upkeep
|turn|4
|
|t:|1779719142
|move|p2a: Great Tusk|Headlong Rush|p1a: Tetsuya Sawaki
|-damage|p1a: Tetsuya Sawaki|24/100
|-unboost|p2a: Great Tusk|def|1
|-unboost|p2a: Great Tusk|spd|1
|move|p1a: Tetsuya Sawaki|Scald|p2a: Great Tusk
|-supereffective|p2a: Great Tusk
|-crit|p2a: Great Tusk
|-damage|p2a: Great Tusk|0 fnt
|faint|p2a: Great Tusk
|-end|p2a: Great Tusk|Protosynthesis|[silent]
|
|upkeep
|
|t:|1779719156
|switch|p2a: Rillaboom|Rillaboom, F|100/100
|-fieldstart|move: Grassy Terrain|[from] ability: Grassy Surge|[of] p2a: Rillaboom
|turn|5
|
|t:|1779719167
|switch|p1a: Overlord|Mandibuzz, F|100/100
|move|p2a: Rillaboom|Knock Off|p1a: Overlord
|-resisted|p1a: Overlord
|-damage|p1a: Overlord|87/100
|-enditem|p1a: Overlord|Heavy-Duty Boots|[from] move: Knock Off|[of] p2a: Rillaboom
|-damage|p2a: Rillaboom|91/100|[from] item: Life Orb
|
|-heal|p2a: Rillaboom|97/100|[from] Grassy Terrain
|upkeep
|turn|6
|
|t:|1779719185
|switch|p2a: Serperior|Serperior, M|100/100
|move|p1a: Overlord|Foul Play|p2a: Serperior
|-damage|p2a: Serperior|72/100
|
|-heal|p2a: Serperior|78/100|[from] Grassy Terrain
|upkeep
|turn|7
|
|t:|1779719190
|move|p2a: Serperior|Glare|p1a: Overlord
|-status|p1a: Overlord|par
|move|p1a: Overlord|U-turn|p2a: Serperior
|-supereffective|p2a: Serperior
|-damage|p2a: Serperior|53/100
|
|t:|1779719197
|switch|p1a: Shining Agito|Lokix, F, shiny, tera:Bug|78/100|[from] U-turn
|
|-heal|p2a: Serperior|59/100|[from] Grassy Terrain
|-heal|p1a: Shining Agito|84/100|[from] Grassy Terrain
|upkeep
|turn|8
|inactive|AMBATUBLOUGH has 120 seconds left.
|
|t:|1779719202
|switch|p2a: Gholdengo|Gholdengo|100/100
|-enditem|p2a: Gholdengo|Grassy Seed
|-boost|p2a: Gholdengo|def|1|[from] item: Grassy Seed
|move|p1a: Shining Agito|U-turn|p2a: Gholdengo
|-resisted|p2a: Gholdengo
|-damage|p2a: Gholdengo|78/100
|inactive|AMBATUBLOUGH has 120 seconds left.
|inactive|AMBATUBLOUGH has 90 seconds left.
|
|t:|1779719247
|switch|p1a: Gills Exceed|Great Tusk|100/100|[from] U-turn
|
|-heal|p2a: Gholdengo|84/100|[from] Grassy Terrain
|upkeep
|turn|9
|inactive|AMBATUBLOUGH has 90 seconds left.
|
|t:|1779719258
|-terastallize|p2a: Gholdengo|Water
|move|p1a: Gills Exceed|Stealth Rock|p2a: Gholdengo
|-sidestart|p2: Ur cousins Ex|move: Stealth Rock
|move|p2a: Gholdengo|Shadow Ball|p1a: Gills Exceed
|-damage|p1a: Gills Exceed|36/100
|
|-heal|p1a: Gills Exceed|42/100|[from] Grassy Terrain
|-heal|p2a: Gholdengo|90/100|[from] Grassy Terrain
|-fieldend|move: Grassy Terrain
|upkeep
|turn|10
|
|t:|1779719266
|-end|p1a: Gills Exceed|Protosynthesis|[silent]
|switch|p1a: Overlord|Mandibuzz, F|87/100 par
|move|p2a: Gholdengo|Shadow Ball|p1a: Overlord
|-resisted|p1a: Overlord
|-damage|p1a: Overlord|70/100 par
|
|upkeep
|turn|11
|inactive|AMBATUBLOUGH has 90 seconds left.
|
|t:|1779719285
|switch|p1a: Tetsuya Sawaki|Alomomola, L99, F|57/100
|move|p2a: Gholdengo|Nasty Plot|p2a: Gholdengo
|-boost|p2a: Gholdengo|spa|2
|
|upkeep
|turn|12
|inactive|AMBATUBLOUGH has 90 seconds left.
|
|t:|1779719307
|move|p2a: Gholdengo|Nasty Plot|p2a: Gholdengo
|-boost|p2a: Gholdengo|spa|2
|move|p1a: Tetsuya Sawaki|Flip Turn|p2a: Gholdengo
|-resisted|p2a: Gholdengo
|-damage|p2a: Gholdengo|85/100
|
|t:|1779719312
|switch|p1a: G3-X|Iron Valiant, shiny|100/100|[from] Flip Turn
|
|upkeep
|turn|13
|
|t:|1779719316
|move|p1a: G3-X|Thunderbolt|p2a: Gholdengo
|-supereffective|p2a: Gholdengo
|-damage|p2a: Gholdengo|12/100
|-status|p2a: Gholdengo|par
|move|p2a: Gholdengo|Shadow Ball|p1a: G3-X
|-damage|p1a: G3-X|0 fnt
|faint|p1a: G3-X
|-end|p1a: G3-X|Quark Drive|[silent]
|
|upkeep
|inactive|AMBATUBLOUGH has 90 seconds left.
|inactive|AMBATUBLOUGH has 60 seconds left.
|
|t:|1779719361
|switch|p1a: MACHINE TORNADER|Gholdengo|100/100
|turn|14
|
|t:|1779719368
|switch|p2a: Heatran|Heatran, M|100/100
|-damage|p2a: Heatran|88/100|[from] Stealth Rock
|-item|p2a: Heatran|Air Balloon
|move|p1a: MACHINE TORNADER|Shadow Ball|p2a: Heatran
|-damage|p2a: Heatran|63/100
|-enditem|p2a: Heatran|Air Balloon
|
|upkeep
|turn|15
|
|t:|1779719373
|switch|p1a: Tetsuya Sawaki|Alomomola, L99, F|91/100
|move|p2a: Heatran|Stealth Rock|p1a: Tetsuya Sawaki
|-sidestart|p1: AMBATUBLOUGH|move: Stealth Rock
|
|upkeep
|turn|16
|
|t:|1779719386
|switch|p2a: Rillaboom|Rillaboom, F|97/100
|-damage|p2a: Rillaboom|85/100|[from] Stealth Rock
|-fieldstart|move: Grassy Terrain|[from] ability: Grassy Surge|[of] p2a: Rillaboom
|move|p1a: Tetsuya Sawaki|Flip Turn|p2a: Rillaboom
|-resisted|p2a: Rillaboom
|-damage|p2a: Rillaboom|77/100
|
|t:|1779719400
|switch|p1a: Overlord|Mandibuzz, F|70/100 par|[from] Flip Turn
|-damage|p1a: Overlord|45/100 par|[from] Stealth Rock
|
|-heal|p2a: Rillaboom|83/100|[from] Grassy Terrain
|upkeep
|turn|17
|
|t:|1779719410
|switch|p2a: Heatran|Heatran, M|63/100
|-damage|p2a: Heatran|51/100|[from] Stealth Rock
|cant|p1a: Overlord|par
|
|-heal|p2a: Heatran|57/100|[from] Grassy Terrain
|upkeep
|turn|18
|
|t:|1779719414
|switch|p1a: Tetsuya Sawaki|Alomomola, L99, F|100/100
|-damage|p1a: Tetsuya Sawaki|88/100|[from] Stealth Rock
|move|p2a: Heatran|Taunt|p1a: Tetsuya Sawaki
|-start|p1a: Tetsuya Sawaki|move: Taunt
|
|-heal|p2a: Heatran|63/100|[from] Grassy Terrain
|-heal|p1a: Tetsuya Sawaki|94/100|[from] Grassy Terrain
|upkeep
|turn|19
|
|t:|1779719434
|switch|p2a: Serperior|Serperior, M|59/100
|-damage|p2a: Serperior|47/100|[from] Stealth Rock
|move|p1a: Tetsuya Sawaki|Flip Turn|p2a: Serperior
|-resisted|p2a: Serperior
|-crit|p2a: Serperior
|-damage|p2a: Serperior|32/100
|
|t:|1779719447
|switch|p1a: MACHINE TORNADER|Gholdengo|100/100|[from] Flip Turn
|-damage|p1a: MACHINE TORNADER|94/100|[from] Stealth Rock
|
|-heal|p2a: Serperior|38/100|[from] Grassy Terrain
|-heal|p1a: MACHINE TORNADER|100/100|[from] Grassy Terrain
|upkeep
|turn|20
|
|t:|1779719456
|switch|p2a: Gholdengo|Gholdengo, tera:Water|12/100 par
|-damage|p2a: Gholdengo|0 fnt|[from] Stealth Rock
|faint|p2a: Gholdengo
|move|p1a: MACHINE TORNADER|Shadow Ball|p2: Gholdengo|[notarget]
|-fail|p1a: MACHINE TORNADER
|
|-fieldend|move: Grassy Terrain
|upkeep
|
|t:|1779719464
|switch|p2a: Heatran|Heatran, M|63/100
|-damage|p2a: Heatran|51/100|[from] Stealth Rock
|turn|21
|
|t:|1779719471
|switch|p1a: Tetsuya Sawaki|Alomomola, L99, F|100/100
|-damage|p1a: Tetsuya Sawaki|88/100|[from] Stealth Rock
|switch|p2a: Rillaboom|Rillaboom, F|83/100
|-damage|p2a: Rillaboom|71/100|[from] Stealth Rock
|-fieldstart|move: Grassy Terrain|[from] ability: Grassy Surge|[of] p2a: Rillaboom
|
|-heal|p2a: Rillaboom|77/100|[from] Grassy Terrain
|-heal|p1a: Tetsuya Sawaki|94/100|[from] Grassy Terrain
|upkeep
|turn|22
|inactive|AMBATUBLOUGH has 120 seconds left.
|
|t:|1779719478
|switch|p1a: Overlord|Mandibuzz, F|45/100 par
|-damage|p1a: Overlord|21/100 par|[from] Stealth Rock
|move|p2a: Rillaboom|Grassy Glide|p1a: Overlord
|-resisted|p1a: Overlord
|-damage|p1a: Overlord|5/100 par
|-damage|p2a: Rillaboom|67/100|[from] item: Life Orb
|
|-heal|p2a: Rillaboom|73/100|[from] Grassy Terrain
|upkeep
|turn|23
|
|t:|1779719483
|move|p2a: Rillaboom|Knock Off|p1a: Overlord
|-resisted|p1a: Overlord
|-damage|p1a: Overlord|0 fnt
|faint|p1a: Overlord
|-damage|p2a: Rillaboom|64/100|[from] item: Life Orb
|
|-heal|p2a: Rillaboom|70/100|[from] Grassy Terrain
|upkeep
|
|t:|1779719496
|switch|p1a: Shining Agito|Lokix, F, shiny, tera:Bug|84/100
|-damage|p1a: Shining Agito|59/100|[from] Stealth Rock
|turn|24
|
|t:|1779719507
|switch|p2a: Zamazenta|Zamazenta|100/100
|-damage|p2a: Zamazenta|94/100|[from] Stealth Rock
|-ability|p2a: Zamazenta|Dauntless Shield|boost
|-boost|p2a: Zamazenta|def|1
|move|p1a: Shining Agito|Leech Life|p2a: Zamazenta
|-resisted|p2a: Zamazenta
|-damage|p2a: Zamazenta|44/100
|-heal|p1a: Shining Agito|88/100|[from] drain|[of] p2a: Zamazenta
|
|-heal|p2a: Zamazenta|51/100|[from] Grassy Terrain
|-heal|p1a: Shining Agito|94/100|[from] Grassy Terrain
|upkeep
|turn|25
|
|t:|1779719516
|move|p2a: Zamazenta|Psychic Fangs|p1a: Shining Agito
|-damage|p1a: Shining Agito|33/100
|-damage|p2a: Zamazenta|41/100|[from] item: Life Orb
|move|p1a: Shining Agito|Leech Life|p2a: Zamazenta
|-resisted|p2a: Zamazenta
|-damage|p2a: Zamazenta|0 fnt
|-heal|p1a: Shining Agito|56/100|[from] drain|[of] p2a: Zamazenta
|faint|p2a: Zamazenta
|
|-heal|p1a: Shining Agito|62/100|[from] Grassy Terrain
|-fieldend|move: Grassy Terrain
|upkeep
|l| beebeebaobao
|
|t:|1779719525
|switch|p2a: Heatran|Heatran, M|51/100
|-damage|p2a: Heatran|38/100|[from] Stealth Rock
|turn|26
|
|t:|1779719535
|switch|p1a: Tetsuya Sawaki|Alomomola, L99, F|100/100
|-damage|p1a: Tetsuya Sawaki|88/100|[from] Stealth Rock
|switch|p2a: Rillaboom|Rillaboom, F|70/100
|-damage|p2a: Rillaboom|58/100|[from] Stealth Rock
|-fieldstart|move: Grassy Terrain|[from] ability: Grassy Surge|[of] p2a: Rillaboom
|
|-heal|p2a: Rillaboom|64/100|[from] Grassy Terrain
|-heal|p1a: Tetsuya Sawaki|94/100|[from] Grassy Terrain
|upkeep
|turn|27
|
|t:|1779719542
|switch|p1a: Gills Exceed|Great Tusk|42/100
|move|p2a: Rillaboom|Grassy Glide|p1a: Gills Exceed
|-supereffective|p1a: Gills Exceed
|-damage|p1a: Gills Exceed|0 fnt
|faint|p1a: Gills Exceed
|-end|p1a: Gills Exceed|Protosynthesis|[silent]
|-damage|p2a: Rillaboom|54/100|[from] item: Life Orb
|
|-heal|p2a: Rillaboom|60/100|[from] Grassy Terrain
|upkeep
|
|t:|1779719545
|switch|p1a: Shining Agito|Lokix, F, shiny, tera:Bug|62/100
|-damage|p1a: Shining Agito|38/100|[from] Stealth Rock
|turn|28
|
|t:|1779719555
|move|p1a: Shining Agito|First Impression|p2a: Rillaboom
|-supereffective|p2a: Rillaboom
|-damage|p2a: Rillaboom|0 fnt
|faint|p2a: Rillaboom
|
|-heal|p1a: Shining Agito|44/100|[from] Grassy Terrain
|upkeep
|
|t:|1779719559
|switch|p2a: Serperior|Serperior, M|38/100
|-damage|p2a: Serperior|25/100|[from] Stealth Rock
|turn|29
|
|t:|1779719565
|switch|p1a: MACHINE TORNADER|Gholdengo|100/100
|-damage|p1a: MACHINE TORNADER|94/100|[from] Stealth Rock
|move|p2a: Serperior|Leaf Storm|p1a: MACHINE TORNADER|[miss]
|-miss|p2a: Serperior|p1a: MACHINE TORNADER
|
|-heal|p2a: Serperior|31/100|[from] Grassy Terrain
|-heal|p1a: MACHINE TORNADER|100/100|[from] Grassy Terrain
|upkeep
|turn|30
|
|t:|1779719570
|move|p2a: Serperior|Leaf Storm|p1a: MACHINE TORNADER
|-resisted|p1a: MACHINE TORNADER
|-damage|p1a: MACHINE TORNADER|64/100
|-boost|p2a: Serperior|spa|2
|move|p1a: MACHINE TORNADER|Shadow Ball|p2a: Serperior
|-damage|p2a: Serperior|0 fnt
|faint|p2a: Serperior
|
|-heal|p1a: MACHINE TORNADER|70/100|[from] Grassy Terrain
|-fieldend|move: Grassy Terrain
|upkeep
|
|t:|1779719573
|switch|p2a: Heatran|Heatran, M|38/100
|-damage|p2a: Heatran|26/100|[from] Stealth Rock
|turn|31
|
|t:|1779719575
|move|p1a: MACHINE TORNADER|Shadow Ball|p2a: Heatran
|-damage|p2a: Heatran|0 fnt
|faint|p2a: Heatran
|
|win|AMBATUBLOUGH
|raw|AMBATUBLOUGH's rating: 1642 &rarr; <strong>1660</strong><br />(+18 for winning)
|raw|Ur cousins Ex's rating: 1606 &rarr; <strong>1588</strong><br />(-18 for losing)
|c|☆AMBATUBLOUGH|gg
|c|☆Ur cousins Ex|gg
|l|☆AMBATUBLOUGH
|player|p1|
|l|☆Ur cousins Ex
|player|p2|
