|j|☆SWAGGER_W2F
|j|‽kerom.pk
|t:|1779704486
|gametype|singles
|player|p1|SWAGGER_W2F|flint|1604
|player|p2|kerom.pk|265|1631
|gen|9
|tier|[Gen 9] OU
|rated|
|rule|HP Percentage Mod: HP is shown in percentages
|rule|Endless Battle Clause: Forcing endless battles is banned
|rule|Species Clause: Limit one of each Pokémon
|rule|OHKO Clause: OHKO moves are banned
|rule|Evasion Items Clause: Evasion items are banned
|rule|Evasion Moves Clause: Evasion moves are banned
|rule|Evasion Abilities Clause: Evasion abilities are banned
|rule|Sleep Moves Clause: Sleep-inducing moves are banned
|clearpoke
|poke|p1|Ceruledge, F|
|poke|p1|Scizor, M|
|poke|p1|Raging Bolt|
|poke|p1|Primarina, F|
|poke|p1|Mandibuzz, F|
|poke|p1|Great Tusk|
|poke|p2|Clodsire, M|
|poke|p2|Alomomola, M|
|poke|p2|Hydrapple, F|
|poke|p2|Meowscarada, M|
|poke|p2|Primarina, F|
|poke|p2|Weezing-Galar, F|
|teampreview
|inactive|Battle timer is ON: inactive players will automatically lose when time's up. (requested by kerom.pk)
|
|t:|1779704493
|teamsize|p1|6
|teamsize|p2|6
|start
|switch|p1a: Scizor|Scizor, M|100/100
|switch|p2a: Meowscarada|Meowscarada, M|100/100
|turn|1
|
|t:|1779704504
|move|p2a: Meowscarada|U-turn|p1a: Scizor
|-start|p2a: Meowscarada|typechange|Bug|[from] ability: Protean
|-resisted|p1a: Scizor
|-damage|p1a: Scizor|75/100
|
|t:|1779704513
|switch|p2a: Alomomola|Alomomola, M|100/100|[from] U-turn
|move|p1a: Scizor|U-turn|p2a: Alomomola
|-damage|p2a: Alomomola|62/100
|
|t:|1779704518
|switch|p1a: Raging Bolt|Raging Bolt|100/100|[from] U-turn
|
|upkeep
|turn|2
|
|t:|1779704523
|switch|p2a: Clodsire|Clodsire, M|100/100
|move|p1a: Raging Bolt|Draco Meteor|p2a: Clodsire
|-damage|p2a: Clodsire|22/100
|-unboost|p1a: Raging Bolt|spa|2
|
|-heal|p2a: Clodsire|29/100|[from] item: Leftovers
|upkeep
|turn|3
|
|t:|1779704539
|-end|p1a: Raging Bolt|Protosynthesis|[silent]
|switch|p1a: Scizor|Scizor, M|75/100
|switch|p2a: Alomomola|Alomomola, M|96/100
|
|upkeep
|turn|4
|
|t:|1779704546
|move|p1a: Scizor|U-turn|p2a: Alomomola
|-damage|p2a: Alomomola|62/100
|
|t:|1779704549
|switch|p1a: Raging Bolt|Raging Bolt|100/100|[from] U-turn
|move|p2a: Alomomola|Wish|p2a: Alomomola
|
|upkeep
|turn|5
|
|t:|1779704556
|-terastallize|p2a: Alomomola|Steel
|move|p1a: Raging Bolt|Draco Meteor|p2a: Alomomola|[miss]
|-miss|p1a: Raging Bolt|p2a: Alomomola
|move|p2a: Alomomola|Mirror Coat||[still]
|-fail|p2a: Alomomola
|
|-heal|p2a: Alomomola|100/100|[from] move: Wish|[wisher] Alomomola
|upkeep
|turn|6
|
|t:|1779704574
|-end|p1a: Raging Bolt|Protosynthesis|[silent]
|switch|p1a: Primarina|Primarina, F|100/100
|move|p2a: Alomomola|Wish|p2a: Alomomola
|
|upkeep
|turn|7
|
|t:|1779704579
|move|p1a: Primarina|Substitute|p1a: Primarina
|-start|p1a: Primarina|Substitute
|-damage|p1a: Primarina|75/100
|move|p2a: Alomomola|Flip Turn|p1a: Primarina
|-resisted|p1a: Primarina
|-activate|p1a: Primarina|move: Substitute|[damage]
|
|t:|1779704583
|switch|p2a: Clodsire|Clodsire, M|29/100|[from] Flip Turn
|
|-heal|p2a: Clodsire|84/100|[from] move: Wish|[wisher] Alomomola
|-heal|p1a: Primarina|82/100|[from] item: Leftovers
|-heal|p2a: Clodsire|90/100|[from] item: Leftovers
|upkeep
|turn|8
|
|t:|1779704591
|switch|p2a: Alomomola|Alomomola, M, tera:Steel|100/100
|move|p1a: Primarina|Psychic Noise|p2a: Alomomola
|-damage|p2a: Alomomola|73/100
|
|-heal|p1a: Primarina|88/100|[from] item: Leftovers
|upkeep
|turn|9
|
|t:|1779704599
|move|p1a: Primarina|Calm Mind|p1a: Primarina
|-boost|p1a: Primarina|spa|1
|-boost|p1a: Primarina|spd|1
|move|p2a: Alomomola|Flip Turn|p1a: Primarina
|-resisted|p1a: Primarina
|-activate|p1a: Primarina|move: Substitute|[damage]
|
|t:|1779704606
|switch|p2a: Primarina|Primarina, F|100/100|[from] Flip Turn
|
|-heal|p1a: Primarina|94/100|[from] item: Leftovers
|upkeep
|turn|10
|
|t:|1779704611
|move|p1a: Primarina|Calm Mind|p1a: Primarina
|-boost|p1a: Primarina|spa|1
|-boost|p1a: Primarina|spd|1
|move|p2a: Primarina|Perish Song|p2a: Primarina
|-start|p1a: Primarina|perish3|[silent]
|-start|p2a: Primarina|perish3|[silent]
|-fieldactivate|move: Perish Song
|
|-heal|p1a: Primarina|99/100|[from] item: Leftovers
|-start|p2a: Primarina|perish3
|-start|p1a: Primarina|perish3
|upkeep
|turn|11
|
|t:|1779704620
|move|p2a: Primarina|Protect|p2a: Primarina
|-singleturn|p2a: Primarina|Protect
|move|p1a: Primarina|Calm Mind|p1a: Primarina
|-boost|p1a: Primarina|spa|1
|-boost|p1a: Primarina|spd|1
|
|-heal|p1a: Primarina|100/100|[from] item: Leftovers
|-start|p2a: Primarina|perish2
|-start|p1a: Primarina|perish2
|upkeep
|turn|12
|
|t:|1779704629
|switch|p2a: Alomomola|Alomomola, M, tera:Steel|100/100
|move|p1a: Primarina|Psychic Noise|p2a: Alomomola
|-damage|p2a: Alomomola|28/100
|
|-start|p1a: Primarina|perish1
|upkeep
|turn|13
|
|t:|1779704643
|move|p1a: Primarina|Psychic Noise|p2a: Alomomola
|-damage|p2a: Alomomola|0 fnt
|faint|p2a: Alomomola
|
|-start|p1a: Primarina|perish0
|upkeep
|faint|p1a: Primarina
|
|t:|1779704657
|switch|p1a: Scizor|Scizor, M|75/100
|switch|p2a: Meowscarada|Meowscarada, M|100/100
|turn|14
|
|t:|1779704662
|move|p2a: Meowscarada|U-turn|p1a: Scizor
|-start|p2a: Meowscarada|typechange|Bug|[from] ability: Protean
|-resisted|p1a: Scizor
|-damage|p1a: Scizor|47/100
|
|t:|1779704669
|switch|p2a: Primarina|Primarina, F|100/100|[from] U-turn
|move|p1a: Scizor|U-turn|p2a: Primarina
|-resisted|p2a: Primarina
|-damage|p2a: Primarina|74/100
|
|t:|1779704675
|switch|p1a: Raging Bolt|Raging Bolt|100/100|[from] U-turn
|
|-heal|p2a: Primarina|80/100|[from] item: Leftovers
|upkeep
|turn|15
|
|t:|1779704681
|move|p2a: Primarina|Protect|p2a: Primarina
|-singleturn|p2a: Primarina|Protect
|move|p1a: Raging Bolt|Volt Switch|p2a: Primarina
|-activate|p2a: Primarina|move: Protect
|
|-heal|p2a: Primarina|86/100|[from] item: Leftovers
|upkeep
|turn|16
|
|t:|1779704688
|-end|p1a: Raging Bolt|Protosynthesis|[silent]
|switch|p1a: Great Tusk|Great Tusk|100/100
|switch|p2a: Clodsire|Clodsire, M|90/100
|
|-heal|p2a: Clodsire|96/100|[from] item: Leftovers
|upkeep
|turn|17
|
|t:|1779704695
|switch|p2a: Hydrapple|Hydrapple, F|100/100
|move|p1a: Great Tusk|Headlong Rush|p2a: Hydrapple
|-resisted|p2a: Hydrapple
|-damage|p2a: Hydrapple|77/100
|-unboost|p1a: Great Tusk|def|1
|-unboost|p1a: Great Tusk|spd|1
|
|upkeep
|turn|18
|
|t:|1779704707
|-end|p1a: Great Tusk|Protosynthesis|[silent]
|switch|p1a: Ceruledge|Ceruledge, F|100/100
|move|p2a: Hydrapple|Draco Meteor|p1a: Ceruledge
|-damage|p1a: Ceruledge|36/100
|-unboost|p2a: Hydrapple|spa|2
|
|upkeep
|turn|19
|
|t:|1779704722
|switch|p2a: Primarina|Primarina, F|86/100
|move|p1a: Ceruledge|Bitter Blade|p2a: Primarina
|-resisted|p2a: Primarina
|-damage|p2a: Primarina|65/100
|-heal|p1a: Ceruledge|47/100|[from] drain|[of] p2a: Primarina
|
|-heal|p2a: Primarina|71/100|[from] item: Leftovers
|upkeep
|turn|20
|
|t:|1779704731
|move|p1a: Ceruledge|Poltergeist|p2a: Primarina
|-activate|p2a: Primarina|move: Poltergeist|Leftovers
|-damage|p2a: Primarina|19/100
|move|p2a: Primarina|Whirlpool|p1a: Ceruledge
|-supereffective|p1a: Ceruledge
|-damage|p1a: Ceruledge|19/100
|-activate|p1a: Ceruledge|move: Whirlpool|[of] p2a: Primarina
|
|-heal|p2a: Primarina|25/100|[from] item: Leftovers
|-damage|p1a: Ceruledge|7/100|[from] move: Whirlpool|[partiallytrapped]
|upkeep
|turn|21
|
|t:|1779704756
|switch|p1a: Raging Bolt|Raging Bolt|100/100
|move|p2a: Primarina|Protect||[still]
|-fail|p2a: Primarina
|
|-heal|p2a: Primarina|31/100|[from] item: Leftovers
|upkeep
|turn|22
|
|t:|1779704765
|-end|p1a: Raging Bolt|Protosynthesis|[silent]
|switch|p1a: Scizor|Scizor, M|47/100
|move|p2a: Primarina|Protect||[still]
|-fail|p2a: Primarina
|
|-heal|p2a: Primarina|37/100|[from] item: Leftovers
|upkeep
|turn|23
|j| eternity o2
|
|t:|1779704780
|-terastallize|p1a: Scizor|Steel
|move|p2a: Primarina|Protect|p2a: Primarina
|-singleturn|p2a: Primarina|Protect
|move|p1a: Scizor|Bullet Punch|p2a: Primarina
|-activate|p2a: Primarina|move: Protect
|
|-heal|p2a: Primarina|43/100|[from] item: Leftovers
|upkeep
|turn|24
|
|t:|1779704789
|move|p1a: Scizor|Bullet Punch|p2a: Primarina
|-damage|p2a: Primarina|0 fnt
|faint|p2a: Primarina
|
|upkeep
|
|t:|1779704792
|switch|p2a: Clodsire|Clodsire, M|96/100
|turn|25
|
|t:|1779704797
|switch|p1a: Mandibuzz|Mandibuzz, F|100/100
|move|p2a: Clodsire|Curse|p2a: Clodsire
|-unboost|p2a: Clodsire|spe|1
|-boost|p2a: Clodsire|atk|1
|-boost|p2a: Clodsire|def|1
|
|-heal|p2a: Clodsire|100/100|[from] item: Leftovers
|upkeep
|turn|26
|
|t:|1779704806
|move|p1a: Mandibuzz|Foul Play|p2a: Clodsire
|-damage|p2a: Clodsire|86/100
|move|p2a: Clodsire|Curse|p2a: Clodsire
|-unboost|p2a: Clodsire|spe|1
|-boost|p2a: Clodsire|atk|1
|-boost|p2a: Clodsire|def|1
|
|-heal|p2a: Clodsire|93/100|[from] item: Leftovers
|upkeep
|turn|27
|
|t:|1779704814
|move|p1a: Mandibuzz|U-turn|p2a: Clodsire
|-resisted|p2a: Clodsire
|-damage|p2a: Clodsire|90/100
|
|t:|1779704817
|switch|p1a: Raging Bolt|Raging Bolt|100/100|[from] U-turn
|move|p2a: Clodsire|Curse|p2a: Clodsire
|-unboost|p2a: Clodsire|spe|1
|-boost|p2a: Clodsire|atk|1
|-boost|p2a: Clodsire|def|1
|
|-heal|p2a: Clodsire|96/100|[from] item: Leftovers
|upkeep
|turn|28
|
|t:|1779704825
|move|p1a: Raging Bolt|Draco Meteor|p2a: Clodsire
|-damage|p2a: Clodsire|20/100
|-unboost|p1a: Raging Bolt|spa|2
|move|p2a: Clodsire|Earthquake|p1a: Raging Bolt
|-supereffective|p1a: Raging Bolt
|-damage|p1a: Raging Bolt|0 fnt
|faint|p1a: Raging Bolt
|-end|p1a: Raging Bolt|Protosynthesis|[silent]
|
|-heal|p2a: Clodsire|27/100|[from] item: Leftovers
|upkeep
|
|t:|1779704837
|switch|p1a: Great Tusk|Great Tusk|100/100
|turn|29
|
|t:|1779704841
|move|p1a: Great Tusk|Headlong Rush|p2a: Clodsire
|-supereffective|p2a: Clodsire
|-damage|p2a: Clodsire|0 fnt
|-unboost|p1a: Great Tusk|def|1
|-unboost|p1a: Great Tusk|spd|1
|faint|p2a: Clodsire
|
|upkeep
|
|t:|1779704869
|switch|p2a: Hydrapple|Hydrapple, F|100/100
|turn|30
|
|t:|1779704874
|-end|p1a: Great Tusk|Protosynthesis|[silent]
|switch|p1a: Mandibuzz|Mandibuzz, F|100/100
|move|p2a: Hydrapple|Fickle Beam|p1a: Mandibuzz
|-damage|p1a: Mandibuzz|48/100
|
|upkeep
|turn|31
|
|t:|1779704883
|move|p1a: Mandibuzz|U-turn|p2a: Hydrapple
|-supereffective|p2a: Hydrapple
|-damage|p2a: Hydrapple|81/100
|
|t:|1779704888
|switch|p1a: Ceruledge|Ceruledge, F|7/100|[from] U-turn
|move|p2a: Hydrapple|Fickle Beam|p1a: Ceruledge
|-damage|p1a: Ceruledge|0 fnt
|faint|p1a: Ceruledge
|
|upkeep
|
|t:|1779704895
|switch|p1a: Scizor|Scizor, M, tera:Steel|47/100
|turn|32
|
|t:|1779704901
|switch|p2a: Weezing|Weezing-Galar, F|100/100
|-ability|p2a: Weezing|Neutralizing Gas
|move|p1a: Scizor|U-turn|p2a: Weezing
|-resisted|p2a: Weezing
|-damage|p2a: Weezing|89/100
|
|t:|1779704908
|switch|p1a: Great Tusk|Great Tusk|100/100|[from] U-turn
|
|-heal|p2a: Weezing|95/100|[from] item: Leftovers
|upkeep
|turn|33
|
|t:|1779704915
|-end|p2a: Weezing|ability: Neutralizing Gas
|switch|p2a: Hydrapple|Hydrapple, F|100/100
|move|p1a: Great Tusk|Headlong Rush|p2a: Hydrapple
|-resisted|p2a: Hydrapple
|-damage|p2a: Hydrapple|76/100
|-unboost|p1a: Great Tusk|def|1
|-unboost|p1a: Great Tusk|spd|1
|
|upkeep
|turn|34
|
|t:|1779704926
|-end|p1a: Great Tusk|Protosynthesis|[silent]
|switch|p1a: Mandibuzz|Mandibuzz, F|48/100
|move|p2a: Hydrapple|Draco Meteor|p1a: Mandibuzz
|-damage|p1a: Mandibuzz|0 fnt
|-unboost|p2a: Hydrapple|spa|2
|faint|p1a: Mandibuzz
|
|upkeep
|
|t:|1779704934
|switch|p1a: Scizor|Scizor, M, tera:Steel|47/100
|turn|35
|
|t:|1779704937
|move|p1a: Scizor|Bullet Punch|p2a: Hydrapple
|-damage|p2a: Hydrapple|25/100
|move|p2a: Hydrapple|Draco Meteor|p1a: Scizor
|-resisted|p1a: Scizor
|-damage|p1a: Scizor|18/100
|-unboost|p2a: Hydrapple|spa|2
|
|upkeep
|turn|36
|
|t:|1779704944
|switch|p2a: Weezing|Weezing-Galar, F|95/100
|-ability|p2a: Weezing|Neutralizing Gas
|move|p1a: Scizor|Bullet Punch|p2a: Weezing
|-supereffective|p2a: Weezing
|-damage|p2a: Weezing|24/100
|
|-heal|p2a: Weezing|30/100|[from] item: Leftovers
|upkeep
|turn|37
|
|t:|1779704952
|move|p1a: Scizor|Bullet Punch|p2a: Weezing
|-supereffective|p2a: Weezing
|-damage|p2a: Weezing|0 fnt
|faint|p2a: Weezing
|-end|p2a: Weezing|ability: Neutralizing Gas
|
|upkeep
|
|t:|1779704954
|switch|p2a: Meowscarada|Meowscarada, M|100/100
|turn|38
|
|t:|1779704961
|move|p1a: Scizor|Bullet Punch|p2a: Meowscarada
|-damage|p2a: Meowscarada|0 fnt
|faint|p2a: Meowscarada
|
|upkeep
|
|t:|1779704964
|switch|p2a: Hydrapple|Hydrapple, F|58/100
|turn|39
|
|t:|1779704967
|move|p1a: Scizor|Bullet Punch|p2a: Hydrapple
|-damage|p2a: Hydrapple|9/100
|move|p2a: Hydrapple|Fickle Beam|p1a: Scizor
|-resisted|p1a: Scizor
|-damage|p1a: Scizor|0 fnt
|faint|p1a: Scizor
|
|upkeep
|
|t:|1779704974
|switch|p1a: Great Tusk|Great Tusk|100/100
|turn|40
|
|t:|1779704979
|move|p1a: Great Tusk|Close Combat|p2a: Hydrapple
|-damage|p2a: Hydrapple|0 fnt
|-unboost|p1a: Great Tusk|def|1
|-unboost|p1a: Great Tusk|spd|1
|faint|p2a: Hydrapple
|
|win|SWAGGER_W2F
|raw|SWAGGER_W2F's rating: 1604 &rarr; <strong>1626</strong><br />(+22 for winning)
|raw|kerom.pk's rating: 1631 &rarr; <strong>1609</strong><br />(-22 for losing)
|l|☆SWAGGER_W2F
|player|p1|
