|j|☆mayankreddy_8
|j|☆Windy189
|t:|1779597041
|gametype|singles
|player|p1|mayankreddy_8|red|1336
|player|p2|Windy189|170|1339
|gen|9
|tier|[Gen 9] OU
|rated|
|rule|HP Percentage Mod: HP is shown in percentages
|rule|Endless Battle Clause: Forcing endless battles is banned
|rule|Species Clause: Limit one of each Pokémon
|rule|OHKO Clause: OHKO moves are banned
|rule|Evasion Items Clause: Evasion items are banned
|rule|Evasion Moves Clause: Evasion moves are banned
|rule|Evasion Abilities Clause: Evasion abilities are banned
|rule|Sleep Moves Clause: Sleep-inducing moves are banned
|clearpoke
|poke|p1|Dragapult, M|
|poke|p1|Iron Valiant|
|poke|p1|Blaziken, F|
|poke|p1|Scizor, F|
|poke|p1|Gengar, M|
|poke|p1|Walking Wake|
|poke|p2|Blaziken, M|
|poke|p2|Darkrai|
|poke|p2|Dragonite, M|
|poke|p2|Skeledirge, F|
|poke|p2|Pawmot, F|
|poke|p2|Great Tusk|
|teampreview
|inactive|Battle timer is ON: inactive players will automatically lose when time's up. (requested by Windy189)
|
|t:|1779597065
|teamsize|p1|6
|teamsize|p2|6
|start
|switch|p1a: Dragapult|Dragapult, M|100/100
|switch|p2a: Skeledirge|Skeledirge, F|100/100
|turn|1
|
|t:|1779597075
|move|p1a: Dragapult|Shadow Ball|p2a: Skeledirge
|-supereffective|p2a: Skeledirge
|-damage|p2a: Skeledirge|0 fnt
|faint|p2a: Skeledirge
|
|upkeep
|
|t:|1779597081
|switch|p2a: Darkrai|Darkrai|100/100
|turn|2
|
|t:|1779597091
|switch|p1a: Scizor|Scizor, F, shiny|100/100
|move|p2a: Darkrai|Dark Pulse|p1a: Scizor
|-damage|p1a: Scizor|62/100
|
|upkeep
|turn|3
|c|☆Windy189|Nice, I dont think u send this dragon first
|
|t:|1779597098
|move|p2a: Darkrai|Dark Pulse|p1a: Scizor
|-damage|p1a: Scizor|21/100
|cant|p1a: Scizor|flinch
|
|upkeep
|turn|4
|
|t:|1779597114
|move|p1a: Scizor|Bullet Punch|p2a: Darkrai
|-damage|p2a: Darkrai|66/100
|move|p2a: Darkrai|Dark Pulse|p1a: Scizor
|-damage|p1a: Scizor|0 fnt
|faint|p1a: Scizor
|
|upkeep
|
|t:|1779597125
|switch|p1a: Iron Valiant|Iron Valiant, shiny|100/100
|-enditem|p1a: Iron Valiant|Booster Energy
|-activate|p1a: Iron Valiant|ability: Quark Drive|[fromitem]
|-start|p1a: Iron Valiant|quarkdrivespe
|turn|5
|
|t:|1779597135
|move|p1a: Iron Valiant|Aura Sphere|p2a: Darkrai
|-supereffective|p2a: Darkrai
|-damage|p2a: Darkrai|0 fnt
|faint|p2a: Darkrai
|
|upkeep
|
|t:|1779597148
|switch|p2a: Blaziken|Blaziken, M|100/100
|turn|6
|
|t:|1779597161
|-end|p1a: Iron Valiant|Quark Drive|[silent]
|switch|p1a: Walking Wake|Walking Wake|100/100
|-enditem|p1a: Walking Wake|Booster Energy
|-activate|p1a: Walking Wake|ability: Protosynthesis|[fromitem]
|-start|p1a: Walking Wake|protosynthesisspa
|move|p2a: Blaziken|Protect||[still]
|-fail|p2a: Blaziken
|
|-ability|p2a: Blaziken|Speed Boost|boost
|-boost|p2a: Blaziken|spe|1
|upkeep
|turn|7
|
|t:|1779597183
|move|p2a: Blaziken|Protect|p2a: Blaziken
|-singleturn|p2a: Blaziken|Protect
|move|p1a: Walking Wake|Agility|p1a: Walking Wake
|-boost|p1a: Walking Wake|spe|2
|
|-ability|p2a: Blaziken|Speed Boost|boost
|-boost|p2a: Blaziken|spe|1
|upkeep
|turn|8
|
|t:|1779597197
|move|p1a: Walking Wake|Hydro Steam|p2a: Blaziken
|-supereffective|p2a: Blaziken
|-enditem|p2a: Blaziken|Focus Sash
|-damage|p2a: Blaziken|1/100
|move|p2a: Blaziken|Close Combat|p1a: Walking Wake
|-damage|p1a: Walking Wake|32/100
|-unboost|p2a: Blaziken|def|1
|-unboost|p2a: Blaziken|spd|1
|
|-ability|p2a: Blaziken|Speed Boost|boost
|-boost|p2a: Blaziken|spe|1
|upkeep
|turn|9
|
|t:|1779597211
|-end|p1a: Walking Wake|Protosynthesis|[silent]
|switch|p1a: Dragapult|Dragapult, M|100/100
|move|p2a: Blaziken|Protect||[still]
|-fail|p2a: Blaziken
|
|-ability|p2a: Blaziken|Speed Boost|boost
|-boost|p2a: Blaziken|spe|1
|upkeep
|turn|10
|
|t:|1779597221
|move|p2a: Blaziken|Flare Blitz|p1a: Dragapult
|-resisted|p1a: Dragapult
|-damage|p1a: Dragapult|54/100
|-damage|p2a: Blaziken|0 fnt|[from] Recoil
|faint|p2a: Blaziken
|move|p1a: Dragapult|U-turn|p2: Blaziken|[notarget]
|-fail|p1a: Dragapult
|
|upkeep
|
|t:|1779597230
|switch|p2a: Pawmot|Pawmot, F, shiny|100/100
|turn|11
|
|t:|1779597234
|move|p1a: Dragapult|U-turn|p2a: Pawmot
|-resisted|p2a: Pawmot
|-damage|p2a: Pawmot|87/100
|
|t:|1779597242
|switch|p1a: Gengar|Gengar, M|100/100|[from] U-turn
|move|p2a: Pawmot|Knock Off|p1a: Gengar
|-supereffective|p1a: Gengar
|-damage|p1a: Gengar|0 fnt
|-start|p2a: Pawmot|Disable|Knock Off|[from] ability: Cursed Body|[of] p1a: Gengar
|-enditem|p1a: Gengar|Life Orb|[from] move: Knock Off|[of] p2a: Pawmot
|faint|p1a: Gengar
|
|upkeep
|
|t:|1779597252
|switch|p1a: Dragapult|Dragapult, M|54/100
|turn|12
|
|t:|1779597260
|move|p1a: Dragapult|Draco Meteor|p2a: Pawmot
|-damage|p2a: Pawmot|0 fnt
|-unboost|p1a: Dragapult|spa|2
|faint|p2a: Pawmot
|
|upkeep
|
|t:|1779597266
|switch|p2a: Dragonite|Dragonite, M|100/100
|turn|13
|
|t:|1779597275
|-terastallize|p2a: Dragonite|Fairy
|move|p1a: Dragapult|Draco Meteor|p2a: Dragonite
|-immune|p2a: Dragonite
|move|p2a: Dragonite|Dragon Dance|p2a: Dragonite
|-boost|p2a: Dragonite|atk|1
|-boost|p2a: Dragonite|spe|1
|
|upkeep
|turn|14
|
|t:|1779597290
|switch|p1a: Walking Wake|Walking Wake|32/100
|move|p2a: Dragonite|Dragon Dance|p2a: Dragonite
|-boost|p2a: Dragonite|atk|1
|-boost|p2a: Dragonite|spe|1
|
|upkeep
|turn|15
|
|t:|1779597298
|move|p2a: Dragonite|Extreme Speed|p1a: Walking Wake
|-damage|p1a: Walking Wake|0 fnt
|faint|p1a: Walking Wake
|-end|p1a: Walking Wake|Protosynthesis|[silent]
|
|upkeep
|
|t:|1779597310
|switch|p1a: Dragapult|Dragapult, M|54/100
|turn|16
|
|t:|1779597329
|switch|p1a: Iron Valiant|Iron Valiant, shiny|100/100
|move|p2a: Dragonite|Outrage|p1a: Iron Valiant
|-immune|p1a: Iron Valiant
|
|upkeep
|turn|17
|
|t:|1779597337
|move|p2a: Dragonite|Extreme Speed|p1a: Iron Valiant
|-damage|p1a: Iron Valiant|43/100
|move|p1a: Iron Valiant|Calm Mind|p1a: Iron Valiant
|-boost|p1a: Iron Valiant|spa|1
|-boost|p1a: Iron Valiant|spd|1
|
|upkeep
|turn|18
|
|t:|1779597347
|-end|p1a: Iron Valiant|Quark Drive|[silent]
|switch|p1a: Dragapult|Dragapult, M|54/100
|move|p2a: Dragonite|Extreme Speed|p1a: Dragapult
|-immune|p1a: Dragapult
|
|upkeep
|turn|19
|
|t:|1779597355
|move|p1a: Dragapult|Sucker Punch||[still]
|-fail|p1a: Dragapult
|move|p2a: Dragonite|Dragon Dance|p2a: Dragonite
|-boost|p2a: Dragonite|atk|1
|-boost|p2a: Dragonite|spe|1
|
|upkeep
|turn|20
|
|t:|1779597362
|move|p1a: Dragapult|Sucker Punch||[still]
|-fail|p1a: Dragapult
|move|p2a: Dragonite|Dragon Dance|p2a: Dragonite
|-boost|p2a: Dragonite|atk|1
|-boost|p2a: Dragonite|spe|1
|
|upkeep
|turn|21
|
|t:|1779597368
|move|p1a: Dragapult|Sucker Punch|p2a: Dragonite
|-resisted|p2a: Dragonite
|-damage|p2a: Dragonite|96/100
|move|p2a: Dragonite|Outrage|p1a: Dragapult
|-supereffective|p1a: Dragapult
|-damage|p1a: Dragapult|0 fnt
|faint|p1a: Dragapult
|
|-heal|p2a: Dragonite|100/100|[from] item: Leftovers
|upkeep
|
|t:|1779597378
|switch|p1a: Iron Valiant|Iron Valiant, shiny|43/100
|turn|22
|
|t:|1779597385
|move|p2a: Dragonite|Outrage|p1a: Iron Valiant|[from] lockedmove
|-immune|p1a: Iron Valiant
|move|p1a: Iron Valiant|Moonblast|p2a: Dragonite
|-damage|p2a: Dragonite|80/100
|
|-heal|p2a: Dragonite|87/100|[from] item: Leftovers
|upkeep
|turn|23
|
|t:|1779597395
|move|p2a: Dragonite|Extreme Speed|p1a: Iron Valiant
|-damage|p1a: Iron Valiant|0 fnt
|faint|p1a: Iron Valiant
|-end|p1a: Iron Valiant|Quark Drive|[silent]
|
|-heal|p2a: Dragonite|93/100|[from] item: Leftovers
|upkeep
|
|t:|1779597401
|switch|p1a: Blaziken|Blaziken, F|100/100
|turn|24
|c|☆Windy189|Bla dont have steel or poison move
|
|t:|1779597411
|move|p2a: Dragonite|Extreme Speed|p1a: Blaziken
|-damage|p1a: Blaziken|0 fnt
|faint|p1a: Blaziken
|
|win|Windy189
|raw|mayankreddy_8's rating: 1336 &rarr; <strong>1316</strong><br />(-20 for losing)
|raw|Windy189's rating: 1339 &rarr; <strong>1359</strong><br />(+20 for winning)
|l|☆mayankreddy_8
|player|p1|
|l|☆Windy189
|player|p2|
