|j|☆jvelepose
|j|☆BramPlayz
|t:|1779720355
|gametype|singles
|player|p1|jvelepose|iris-gen5bw2|1121
|player|p2|BramPlayz|101|1152
|gen|9
|tier|[Gen 9] OU
|rated|
|rule|HP Percentage Mod: HP is shown in percentages
|rule|Endless Battle Clause: Forcing endless battles is banned
|rule|Species Clause: Limit one of each Pokémon
|rule|OHKO Clause: OHKO moves are banned
|rule|Evasion Items Clause: Evasion items are banned
|rule|Evasion Moves Clause: Evasion moves are banned
|rule|Evasion Abilities Clause: Evasion abilities are banned
|rule|Sleep Moves Clause: Sleep-inducing moves are banned
|clearpoke
|poke|p1|Primarina, F|
|poke|p1|Great Tusk|
|poke|p1|Zapdos|
|poke|p1|Dragapult, F|
|poke|p1|Kingambit, M|
|poke|p1|Iron Moth|
|poke|p2|Ambipom, M|
|poke|p2|Bastiodon, M|
|poke|p2|Drifblim, M|
|poke|p2|Blaziken, F|
|poke|p2|Great Tusk|
|poke|p2|Comfey, F|
|teampreview
|inactive|Battle timer is ON: inactive players will automatically lose when time's up. (requested by BramPlayz)
|
|t:|1779720379
|teamsize|p1|6
|teamsize|p2|6
|start
|switch|p1a: Zapdos|Zapdos|100/100
|switch|p2a: Blaziken|Blaziken, F|100/100
|turn|1
|
|t:|1779720394
|move|p2a: Blaziken|Protect|p2a: Blaziken
|-singleturn|p2a: Blaziken|Protect
|move|p1a: Zapdos|Hurricane|p2a: Blaziken
|-activate|p2a: Blaziken|move: Protect
|
|-ability|p2a: Blaziken|Speed Boost|boost
|-boost|p2a: Blaziken|spe|1
|upkeep
|turn|2
|
|t:|1779720401
|move|p2a: Blaziken|Flare Blitz|p1a: Zapdos
|-damage|p1a: Zapdos|19/100
|-damage|p2a: Blaziken|72/100|[from] Recoil
|move|p1a: Zapdos|Volt Switch|p2a: Blaziken
|-damage|p2a: Blaziken|15/100
|
|t:|1779720413
|switch|p1a: Kingambit|Kingambit, M, shiny|100/100|[from] Volt Switch
|
|-heal|p2a: Blaziken|21/100|[from] item: Leftovers
|-ability|p2a: Blaziken|Speed Boost|boost
|-boost|p2a: Blaziken|spe|1
|upkeep
|turn|3
|
|t:|1779720421
|move|p2a: Blaziken|Protect|p2a: Blaziken
|-singleturn|p2a: Blaziken|Protect
|move|p1a: Kingambit|Sucker Punch||[still]
|-fail|p1a: Kingambit
|
|-heal|p2a: Blaziken|27/100|[from] item: Leftovers
|-ability|p2a: Blaziken|Speed Boost|boost
|-boost|p2a: Blaziken|spe|1
|upkeep
|turn|4
|
|t:|1779720427
|move|p1a: Kingambit|Sucker Punch|p2a: Blaziken
|-resisted|p2a: Blaziken
|-damage|p2a: Blaziken|1/100
|move|p2a: Blaziken|Flare Blitz|p1a: Kingambit
|-supereffective|p1a: Kingambit
|-damage|p1a: Kingambit|0 fnt
|-damage|p2a: Blaziken|0 fnt|[from] item: Rocky Helmet|[of] p1a: Kingambit
|faint|p1a: Kingambit
|-end|p1a: Kingambit|fallenundefined|[silent]
|faint|p2a: Blaziken
|
|upkeep
|
|t:|1779720441
|switch|p2a: Great Tusk|Great Tusk|100/100
|switch|p1a: Zapdos|Zapdos|19/100
|-enditem|p2a: Great Tusk|Booster Energy
|-activate|p2a: Great Tusk|ability: Protosynthesis|[fromitem]
|-start|p2a: Great Tusk|protosynthesisatk
|turn|5
|
|t:|1779720450
|-terastallize|p2a: Great Tusk|Ice
|move|p1a: Zapdos|Hurricane|p2a: Great Tusk|[miss]
|-miss|p1a: Zapdos|p2a: Great Tusk
|move|p2a: Great Tusk|Rapid Spin|p1a: Zapdos
|-damage|p1a: Zapdos|0 fnt
|-boost|p2a: Great Tusk|spe|1
|-status|p2a: Great Tusk|par|[from] ability: Static|[of] p1a: Zapdos
|faint|p1a: Zapdos
|
|upkeep
|
|t:|1779720466
|switch|p1a: Dragapult|Dragapult, F|100/100
|turn|6
|
|t:|1779720477
|move|p1a: Dragapult|Fire Blast|p2a: Great Tusk
|-supereffective|p2a: Great Tusk
|-damage|p2a: Great Tusk|0 fnt
|faint|p2a: Great Tusk
|-end|p2a: Great Tusk|Protosynthesis|[silent]
|
|upkeep
|
|t:|1779720481
|switch|p2a: Ambipom|Ambipom, M|100/100
|turn|7
|
|t:|1779720492
|move|p1a: Dragapult|Will-O-Wisp|p2a: Ambipom
|-status|p2a: Ambipom|brn
|move|p2a: Ambipom|Knock Off|p1a: Dragapult
|-supereffective|p1a: Dragapult
|-damage|p1a: Dragapult|41/100
|-enditem|p1a: Dragapult|Heavy-Duty Boots|[from] move: Knock Off|[of] p2a: Ambipom
|
|-damage|p2a: Ambipom|94/100 brn|[from] brn
|upkeep
|turn|8
|
|t:|1779720514
|switch|p1a: Iron Moth|Iron Moth|100/100
|-enditem|p1a: Iron Moth|Booster Energy
|-activate|p1a: Iron Moth|ability: Quark Drive|[fromitem]
|-start|p1a: Iron Moth|quarkdrivespe
|move|p2a: Ambipom|Knock Off|p1a: Iron Moth
|-damage|p1a: Iron Moth|78/100
|
|-damage|p2a: Ambipom|88/100 brn|[from] brn
|upkeep
|turn|9
|
|t:|1779720533
|switch|p2a: Bastiodon|Bastiodon, M|100/100
|move|p1a: Iron Moth|Fiery Dance|p2a: Bastiodon
|-damage|p2a: Bastiodon|76/100
|
|upkeep
|turn|10
|inactive|jvelepose has 120 seconds left.
|
|t:|1779720553
|-end|p1a: Iron Moth|Quark Drive|[silent]
|switch|p1a: Great Tusk|Great Tusk|100/100
|move|p2a: Bastiodon|Earthquake|p1a: Great Tusk
|-damage|p1a: Great Tusk|91/100
|
|upkeep
|turn|11
|inactive|jvelepose has 120 seconds left.
|
|t:|1779720561
|switch|p2a: Drifblim|Drifblim, M|100/100
|move|p1a: Great Tusk|Close Combat|p2a: Drifblim
|-immune|p2a: Drifblim
|
|upkeep
|turn|12
|
|t:|1779720569
|move|p1a: Great Tusk|Ice Spinner|p2a: Drifblim
|-supereffective|p2a: Drifblim
|-damage|p2a: Drifblim|54/100
|move|p2a: Drifblim|Will-O-Wisp|p1a: Great Tusk
|-status|p1a: Great Tusk|brn
|
|-damage|p1a: Great Tusk|85/100 brn|[from] brn
|upkeep
|turn|13
|
|t:|1779720574
|move|p1a: Great Tusk|Ice Spinner|p2a: Drifblim
|-supereffective|p2a: Drifblim
|-damage|p2a: Drifblim|28/100
|-enditem|p2a: Drifblim|Sitrus Berry|[eat]
|-heal|p2a: Drifblim|53/100|[from] item: Sitrus Berry
|move|p2a: Drifblim|Strength Sap|p1a: Great Tusk
|-unboost|p1a: Great Tusk|atk|1
|-heal|p2a: Drifblim|100/100
|
|-damage|p1a: Great Tusk|79/100 brn|[from] brn
|upkeep
|turn|14
|
|t:|1779720591
|-end|p1a: Great Tusk|Protosynthesis|[silent]
|switch|p1a: Iron Moth|Iron Moth|78/100
|move|p2a: Drifblim|Hex|p1a: Iron Moth
|-damage|p1a: Iron Moth|59/100
|
|upkeep
|turn|15
|
|t:|1779720603
|move|p2a: Drifblim|Hex|p1a: Iron Moth
|-damage|p1a: Iron Moth|40/100
|move|p1a: Iron Moth|Fiery Dance|p2a: Drifblim
|-damage|p2a: Drifblim|49/100
|
|upkeep
|turn|16
|
|t:|1779720623
|move|p2a: Drifblim|Strength Sap|p1a: Iron Moth
|-unboost|p1a: Iron Moth|atk|1
|-heal|p2a: Drifblim|78/100
|move|p1a: Iron Moth|Discharge|p2a: Drifblim
|-supereffective|p2a: Drifblim
|-damage|p2a: Drifblim|6/100
|
|upkeep
|turn|17
|
|t:|1779720633
|move|p2a: Drifblim|Hex|p1a: Iron Moth
|-damage|p1a: Iron Moth|20/100
|move|p1a: Iron Moth|Discharge|p2a: Drifblim
|-supereffective|p2a: Drifblim
|-damage|p2a: Drifblim|0 fnt
|faint|p2a: Drifblim
|
|upkeep
|
|t:|1779720643
|switch|p2a: Ambipom|Ambipom, M|88/100 brn
|turn|18
|
|t:|1779720650
|move|p2a: Ambipom|Double-Edge|p1a: Iron Moth
|-damage|p1a: Iron Moth|0 fnt
|faint|p1a: Iron Moth
|-end|p1a: Iron Moth|Quark Drive|[silent]
|-damage|p2a: Ambipom|81/100 brn|[from] Recoil
|
|-damage|p2a: Ambipom|74/100 brn|[from] brn
|upkeep
|
|t:|1779720662
|switch|p1a: Great Tusk|Great Tusk|79/100 brn
|turn|19
|
|t:|1779720667
|move|p2a: Ambipom|Double-Edge|p1a: Great Tusk
|-damage|p1a: Great Tusk|52/100 brn
|-damage|p2a: Ambipom|63/100 brn|[from] Recoil
|move|p1a: Great Tusk|Close Combat|p2a: Ambipom
|-supereffective|p2a: Ambipom
|-damage|p2a: Ambipom|0 fnt
|-unboost|p1a: Great Tusk|def|1
|-unboost|p1a: Great Tusk|spd|1
|faint|p2a: Ambipom
|
|-damage|p1a: Great Tusk|46/100 brn|[from] brn
|upkeep
|
|t:|1779720671
|switch|p2a: Comfey|Comfey, F|100/100
|turn|20
|c|☆BramPlayz|gg
|inactive|jvelepose has 120 seconds left.
|
|t:|1779720706
|-end|p1a: Great Tusk|Protosynthesis|[silent]
|switch|p1a: Dragapult|Dragapult, F|41/100
|move|p2a: Comfey|Calm Mind|p2a: Comfey
|-boost|p2a: Comfey|spa|1
|-boost|p2a: Comfey|spd|1
|
|upkeep
|turn|21
|
|t:|1779720713
|-terastallize|p1a: Dragapult|Fairy
|move|p2a: Comfey|Draining Kiss|p1a: Dragapult
|-damage|p1a: Dragapult|0 fnt
|faint|p1a: Dragapult
|-damage|p2a: Comfey|91/100|[from] item: Life Orb
|
|upkeep
|
|t:|1779720717
|switch|p1a: Primarina|Primarina, F|100/100
|turn|22
|
|t:|1779720723
|move|p2a: Comfey|Calm Mind|p2a: Comfey
|-boost|p2a: Comfey|spa|1
|-boost|p2a: Comfey|spd|1
|move|p1a: Primarina|Flip Turn|p2a: Comfey
|-damage|p2a: Comfey|72/100
|
|t:|1779720730
|switch|p1a: Great Tusk|Great Tusk|46/100 brn|[from] Flip Turn
|
|-damage|p1a: Great Tusk|40/100 brn|[from] brn
|upkeep
|turn|23
|
|t:|1779720739
|move|p2a: Comfey|Draining Kiss|p1a: Great Tusk
|-supereffective|p1a: Great Tusk
|-damage|p1a: Great Tusk|0 fnt
|-heal|p2a: Comfey|100/100|[from] drain|[of] p1a: Great Tusk
|faint|p1a: Great Tusk
|-end|p1a: Great Tusk|Protosynthesis|[silent]
|-damage|p2a: Comfey|91/100|[from] item: Life Orb
|
|upkeep
|
|t:|1779720742
|switch|p1a: Primarina|Primarina, F|100/100
|turn|24
|
|t:|1779720749
|move|p2a: Comfey|Giga Drain|p1a: Primarina
|-supereffective|p1a: Primarina
|-damage|p1a: Primarina|50/100
|-heal|p2a: Comfey|100/100|[from] drain|[of] p1a: Primarina
|-damage|p2a: Comfey|91/100|[from] item: Life Orb
|move|p1a: Primarina|Flip Turn|p2a: Comfey
|-damage|p2a: Comfey|72/100
|
|upkeep
|turn|25
|inactive|jvelepose has 120 seconds left.
|c|☆BramPlayz|...
|inactive|jvelepose has 90 seconds left.
|l|☆jvelepose
|inactive|jvelepose disconnected and has a minute to reconnect!
|player|p1|
|inactive|jvelepose has 30 seconds to reconnect!
|j|☆jvelepose
|inactive|jvelepose reconnected and has 50 seconds left.
|player|p1|jvelepose|iris-gen5bw2|
|
|t:|1779720852
|move|p2a: Comfey|Giga Drain|p1a: Primarina
|-supereffective|p1a: Primarina
|-damage|p1a: Primarina|3/100
|-heal|p2a: Comfey|98/100|[from] drain|[of] p1a: Primarina
|-damage|p2a: Comfey|88/100|[from] item: Life Orb
|move|p1a: Primarina|Flip Turn|p2a: Comfey
|-damage|p2a: Comfey|62/100
|
|upkeep
|turn|26
|
|t:|1779720866
|move|p2a: Comfey|Giga Drain|p1a: Primarina
|-supereffective|p1a: Primarina
|-damage|p1a: Primarina|0 fnt
|-heal|p2a: Comfey|64/100|[from] drain|[of] p1a: Primarina
|faint|p1a: Primarina
|-damage|p2a: Comfey|54/100|[from] item: Life Orb
|
|win|BramPlayz
|raw|jvelepose's rating: 1121 &rarr; <strong>1098</strong><br />(-23 for losing)
|raw|BramPlayz's rating: 1152 &rarr; <strong>1175</strong><br />(+23 for winning)
|l|☆BramPlayz
|player|p2|
|l|☆jvelepose
|player|p1|
