|j|‽wheezsumbeez
|j|☆komisan777
|t:|1779603192
|gametype|singles
|player|p1|wheezsumbeez|roxie|1419
|player|p2|komisan777|dawn|1401
|gen|9
|tier|[Gen 9] OU
|rated|
|rule|HP Percentage Mod: HP is shown in percentages
|rule|Endless Battle Clause: Forcing endless battles is banned
|rule|Species Clause: Limit one of each Pokémon
|rule|OHKO Clause: OHKO moves are banned
|rule|Evasion Items Clause: Evasion items are banned
|rule|Evasion Moves Clause: Evasion moves are banned
|rule|Evasion Abilities Clause: Evasion abilities are banned
|rule|Sleep Moves Clause: Sleep-inducing moves are banned
|clearpoke
|poke|p1|Kommo-o, M|
|poke|p1|Weezing-Galar, F|
|poke|p1|Heatran, F|
|poke|p1|Slowking, F|
|poke|p1|Mamoswine, F|
|poke|p1|Ogerpon-Wellspring, F|
|poke|p2|Araquanid, M|
|poke|p2|Pecharunt|
|poke|p2|Great Tusk|
|poke|p2|Samurott-Hisui, F|
|poke|p2|Enamorus, F|
|poke|p2|Kyurem|
|teampreview
|inactive|Battle timer is ON: inactive players will automatically lose when time's up. (requested by komisan777)
|
|t:|1779603253
|teamsize|p1|6
|teamsize|p2|6
|start
|switch|p1a: Kommo-o|Kommo-o, M|100/100
|switch|p2a: Poch|Great Tusk|100/100
|turn|1
|
|t:|1779603258
|move|p2a: Poch|Stealth Rock|p1a: Kommo-o
|-sidestart|p1: wheezsumbeez|move: Stealth Rock
|move|p1a: Kommo-o|Stealth Rock|p2a: Poch
|-sidestart|p2: komisan777|move: Stealth Rock
|
|upkeep
|turn|2
|
|t:|1779603262
|move|p2a: Poch|Rapid Spin|p1a: Kommo-o
|-damage|p1a: Kommo-o|88/100
|-boost|p2a: Poch|spe|1
|-sideend|p2: komisan777|Stealth Rock|[from] move: Rapid Spin|[of] p2a: Poch
|move|p1a: Kommo-o|Dragon Tail|p2a: Poch
|-damage|p2a: Poch|83/100
|-end|p2a: Poch|Protosynthesis|[silent]
|drag|p2a: FribuMartinez|Kyurem|100/100
|-ability|p2a: FribuMartinez|Pressure
|
|-heal|p1a: Kommo-o|94/100|[from] item: Leftovers
|upkeep
|turn|3
|
|t:|1779603277
|switch|p1a: Heatran|Heatran, F|100/100
|-damage|p1a: Heatran|88/100|[from] Stealth Rock
|move|p2a: FribuMartinez|Substitute|p2a: FribuMartinez
|-start|p2a: FribuMartinez|Substitute
|-damage|p2a: FribuMartinez|75/100
|
|-heal|p2a: FribuMartinez|82/100|[from] item: Leftovers
|-heal|p1a: Heatran|94/100|[from] item: Leftovers
|upkeep
|turn|4
|
|t:|1779603286
|move|p2a: FribuMartinez|Earth Power|p1a: Heatran
|-supereffective|p1a: Heatran
|-damage|p1a: Heatran|11/100
|move|p1a: Heatran|Magma Storm|p2a: FribuMartinez
|-end|p2a: FribuMartinez|Substitute
|
|-heal|p2a: FribuMartinez|88/100|[from] item: Leftovers
|-heal|p1a: Heatran|17/100|[from] item: Leftovers
|upkeep
|turn|5
|
|t:|1779603296
|move|p2a: FribuMartinez|Substitute|p2a: FribuMartinez
|-start|p2a: FribuMartinez|Substitute
|-damage|p2a: FribuMartinez|63/100
|move|p1a: Heatran|Magma Storm|p2a: FribuMartinez
|-end|p2a: FribuMartinez|Substitute
|
|-heal|p2a: FribuMartinez|69/100|[from] item: Leftovers
|-heal|p1a: Heatran|24/100|[from] item: Leftovers
|upkeep
|turn|6
|
|t:|1779603303
|move|p2a: FribuMartinez|Earth Power|p1a: Heatran
|-supereffective|p1a: Heatran
|-damage|p1a: Heatran|0 fnt
|faint|p1a: Heatran
|
|-heal|p2a: FribuMartinez|75/100|[from] item: Leftovers
|upkeep
|
|t:|1779603309
|switch|p1a: Mamoswine|Mamoswine, F|100/100
|-damage|p1a: Mamoswine|88/100|[from] Stealth Rock
|turn|7
|
|t:|1779603320
|move|p2a: FribuMartinez|Protect|p2a: FribuMartinez
|-singleturn|p2a: FribuMartinez|Protect
|move|p1a: Mamoswine|Icicle Crash|p2a: FribuMartinez
|-activate|p2a: FribuMartinez|move: Protect
|
|-heal|p2a: FribuMartinez|81/100|[from] item: Leftovers
|upkeep
|turn|8
|
|t:|1779603329
|move|p2a: FribuMartinez|Freeze-Dry|p1a: Mamoswine
|-damage|p1a: Mamoswine|62/100
|move|p1a: Mamoswine|Icicle Crash|p2a: FribuMartinez
|-damage|p2a: FribuMartinez|17/100
|
|-heal|p2a: FribuMartinez|23/100|[from] item: Leftovers
|upkeep
|turn|9
|
|t:|1779603337
|move|p2a: FribuMartinez|Protect|p2a: FribuMartinez
|-singleturn|p2a: FribuMartinez|Protect
|move|p1a: Mamoswine|Icicle Crash|p2a: FribuMartinez
|-activate|p2a: FribuMartinez|move: Protect
|
|-heal|p2a: FribuMartinez|29/100|[from] item: Leftovers
|upkeep
|turn|10
|
|t:|1779603343
|switch|p2a: Raimon manco|Araquanid, M|100/100
|move|p1a: Mamoswine|Icicle Crash|p2a: Raimon manco
|-resisted|p2a: Raimon manco
|-damage|p2a: Raimon manco|65/100
|
|upkeep
|turn|11
|
|t:|1779603355
|switch|p1a: Slowking|Slowking, F|100/100
|move|p2a: Raimon manco|Sticky Web|p1a: Slowking
|-sidestart|p1: wheezsumbeez|move: Sticky Web
|
|upkeep
|turn|12
|
|t:|1779603366
|switch|p2a: FribuMartinez|Kyurem|29/100
|-ability|p2a: FribuMartinez|Pressure
|move|p1a: Slowking|Future Sight|p2a: FribuMartinez
|-start|p1a: Slowking|move: Future Sight
|
|-heal|p2a: FribuMartinez|35/100|[from] item: Leftovers
|upkeep
|turn|13
|
|t:|1779603374
|move|p2a: FribuMartinez|Freeze-Dry|p1a: Slowking
|-supereffective|p1a: Slowking
|-crit|p1a: Slowking
|-damage|p1a: Slowking|35/100
|move|p1a: Slowking|Scald|p2a: FribuMartinez
|-resisted|p2a: FribuMartinez
|-damage|p2a: FribuMartinez|22/100
|-status|p2a: FribuMartinez|brn
|
|-heal|p2a: FribuMartinez|28/100 brn|[from] item: Leftovers
|-damage|p2a: FribuMartinez|22/100 brn|[from] brn
|upkeep
|turn|14
|
|t:|1779603392
|switch|p1a: Mamoswine|Mamoswine, F|62/100
|-damage|p1a: Mamoswine|50/100|[from] Stealth Rock
|-activate|p1a: Mamoswine|move: Sticky Web
|-unboost|p1a: Mamoswine|spe|1
|move|p2a: FribuMartinez|Protect||[still]
|-fail|p2a: FribuMartinez
|
|-end|p2a: FribuMartinez|move: Future Sight
|-damage|p2a: FribuMartinez|0 fnt
|faint|p2a: FribuMartinez
|upkeep
|
|t:|1779603409
|switch|p2a: Kiyoshi|Samurott-Hisui, F|100/100
|turn|15
|
|t:|1779603412
|switch|p1a: Kommo-o|Kommo-o, M|94/100
|-damage|p1a: Kommo-o|88/100|[from] Stealth Rock
|-activate|p1a: Kommo-o|move: Sticky Web
|-unboost|p1a: Kommo-o|spe|1
|move|p2a: Kiyoshi|Ceaseless Edge|p1a: Kommo-o
|-resisted|p1a: Kommo-o
|-damage|p1a: Kommo-o|69/100
|-sidestart|p1: wheezsumbeez|Spikes
|
|-heal|p1a: Kommo-o|75/100|[from] item: Leftovers
|upkeep
|turn|16
|
|t:|1779603424
|switch|p2a: wiplup|Enamorus, F|100/100
|switch|p1a: Weezing|Weezing-Galar, F|100/100
|-damage|p1a: Weezing|88/100|[from] Stealth Rock
|
|upkeep
|turn|17
|
|t:|1779603430
|move|p2a: wiplup|Earth Power|p1a: Weezing
|-immune|p1a: Weezing|[from] ability: Levitate
|move|p1a: Weezing|Defog|p2a: wiplup
|-boost|p2a: wiplup|evasion|1
|-sideend|p1: wheezsumbeez|Spikes|[from] move: Defog|[of] p1a: Weezing
|-sideend|p1: wheezsumbeez|Stealth Rock|[from] move: Defog|[of] p1a: Weezing
|-sideend|p1: wheezsumbeez|Sticky Web|[from] move: Defog|[of] p1a: Weezing
|
|upkeep
|turn|18
|
|t:|1779603444
|switch|p2a: Raimon manco|Araquanid, M|65/100
|move|p1a: Weezing|Haze|p1a: Weezing
|-clearallboost
|
|upkeep
|turn|19
|
|t:|1779603453
|switch|p1a: Ogerpon|Ogerpon-Wellspring, F|100/100
|move|p2a: Raimon manco|Sticky Web|p1a: Ogerpon
|-sidestart|p1: wheezsumbeez|move: Sticky Web
|
|upkeep
|turn|20
|
|t:|1779603460
|move|p1a: Ogerpon|Power Whip|p2a: Raimon manco|[miss]
|-miss|p1a: Ogerpon|p2a: Raimon manco
|move|p2a: Raimon manco|Endeavor|p1a: Ogerpon
|-damage|p1a: Ogerpon|74/100
|
|upkeep
|turn|21
|
|t:|1779603471
|move|p2a: Raimon manco|Endure|p2a: Raimon manco
|-singleturn|p2a: Raimon manco|move: Endure
|move|p1a: Ogerpon|Power Whip|p2a: Raimon manco|[miss]
|-miss|p1a: Ogerpon|p2a: Raimon manco
|
|upkeep
|turn|22
|
|t:|1779603477
|move|p1a: Ogerpon|Swords Dance|p1a: Ogerpon
|-boost|p1a: Ogerpon|atk|2
|move|p2a: Raimon manco|Endeavor|p1a: Ogerpon
|-immune|p1a: Ogerpon
|
|upkeep
|turn|23
|
|t:|1779603483
|move|p2a: Raimon manco|Endure|p2a: Raimon manco
|-singleturn|p2a: Raimon manco|move: Endure
|move|p1a: Ogerpon|Power Whip|p2a: Raimon manco
|-activate|p2a: Raimon manco|move: Endure
|-damage|p2a: Raimon manco|1/100
|
|upkeep
|turn|24
|-enditem|p2a: Raimon manco|Custap Berry|[eat]
|-activate|p2a: Raimon manco|item: Custap Berry|[consumed]
|
|t:|1779603492
|switch|p1a: Slowking|Slowking, F|35/100
|move|p2a: Raimon manco|Endeavor|p1a: Slowking
|-damage|p1a: Slowking|1/100
|
|upkeep
|turn|25
|
|t:|1779603503
|move|p2a: Raimon manco|Surf|p1a: Slowking
|-resisted|p1a: Slowking
|-damage|p1a: Slowking|0 fnt
|faint|p1a: Slowking
|
|upkeep
|
|t:|1779603510
|switch|p1a: Mamoswine|Mamoswine, F|50/100
|-activate|p1a: Mamoswine|move: Sticky Web
|-unboost|p1a: Mamoswine|spe|1
|turn|26
|
|t:|1779603516
|move|p1a: Mamoswine|Ice Shard|p2a: Raimon manco
|-resisted|p2a: Raimon manco
|-crit|p2a: Raimon manco
|-damage|p2a: Raimon manco|0 fnt
|faint|p2a: Raimon manco
|
|upkeep
|
|t:|1779603521
|switch|p2a: Kiyoshi|Samurott-Hisui, F|100/100
|turn|27
|
|t:|1779603526
|switch|p1a: Weezing|Weezing-Galar, F|88/100
|move|p2a: Kiyoshi|Swords Dance|p2a: Kiyoshi
|-boost|p2a: Kiyoshi|atk|2
|
|upkeep
|turn|28
|
|t:|1779603531
|move|p2a: Kiyoshi|Razor Shell|p1a: Weezing
|-damage|p1a: Weezing|19/100
|-unboost|p1a: Weezing|def|1
|-damage|p2a: Kiyoshi|84/100|[from] item: Rocky Helmet|[of] p1a: Weezing
|move|p1a: Weezing|Haze|p1a: Weezing
|-clearallboost
|
|upkeep
|turn|29
|
|t:|1779603541
|switch|p1a: Kommo-o|Kommo-o, M|75/100
|-activate|p1a: Kommo-o|move: Sticky Web
|-unboost|p1a: Kommo-o|spe|1
|move|p2a: Kiyoshi|Ceaseless Edge|p1a: Kommo-o
|-resisted|p1a: Kommo-o
|-damage|p1a: Kommo-o|55/100
|-sidestart|p1: wheezsumbeez|Spikes
|
|-heal|p1a: Kommo-o|61/100|[from] item: Leftovers
|upkeep
|turn|30
|
|t:|1779603550
|move|p2a: Kiyoshi|Ceaseless Edge|p1a: Kommo-o|[miss]
|-miss|p2a: Kiyoshi|p1a: Kommo-o
|move|p1a: Kommo-o|Body Press|p2a: Kiyoshi
|-supereffective|p2a: Kiyoshi
|-crit|p2a: Kiyoshi
|-damage|p2a: Kiyoshi|0 fnt
|faint|p2a: Kiyoshi
|
|-heal|p1a: Kommo-o|67/100|[from] item: Leftovers
|upkeep
|
|t:|1779603555
|switch|p2a: Pecharunt|Pecharunt|100/100
|-item|p2a: Pecharunt|Air Balloon
|turn|31
|
|t:|1779603564
|move|p2a: Pecharunt|Nasty Plot|p2a: Pecharunt
|-boost|p2a: Pecharunt|spa|2
|move|p1a: Kommo-o|Dragon Tail|p2a: Pecharunt
|-damage|p2a: Pecharunt|88/100
|-enditem|p2a: Pecharunt|Air Balloon
|drag|p2a: wiplup|Enamorus, F|100/100
|
|-heal|p1a: Kommo-o|73/100|[from] item: Leftovers
|upkeep
|turn|32
|inactive|wheezsumbeez has 120 seconds left.
|
|t:|1779603596
|switch|p1a: Weezing|Weezing-Galar, F|19/100
|move|p2a: wiplup|Moonblast|p1a: Weezing
|-resisted|p1a: Weezing
|-damage|p1a: Weezing|0 fnt
|faint|p1a: Weezing
|
|upkeep
|inactive|wheezsumbeez has 120 seconds left.
|
|t:|1779603604
|switch|p1a: Ogerpon|Ogerpon-Wellspring, F|74/100
|-activate|p1a: Ogerpon|move: Sticky Web
|-unboost|p1a: Ogerpon|spe|1
|-damage|p1a: Ogerpon|62/100|[from] Spikes
|turn|33
|
|t:|1779603611
|-terastallize|p1a: Ogerpon|Water
|detailschange|p1a: Ogerpon|Ogerpon-Wellspring-Tera, F, tera:Water
|-ability|p1a: Ogerpon|Embody Aspect (Wellspring)|boost
|-boost|p1a: Ogerpon|spd|1
|move|p2a: wiplup|Moonblast|p1a: Ogerpon
|-damage|p1a: Ogerpon|1/100
|move|p1a: Ogerpon|Ivy Cudgel|p2a: wiplup|[anim] Ivy Cudgel Water
|-damage|p2a: wiplup|0 fnt
|faint|p2a: wiplup
|
|upkeep
|
|t:|1779603618
|switch|p2a: Pecharunt|Pecharunt|88/100
|turn|34
|
|t:|1779603622
|move|p2a: Pecharunt|Shadow Ball|p1a: Ogerpon
|-damage|p1a: Ogerpon|0 fnt
|faint|p1a: Ogerpon
|detailschange|p1: Ogerpon|Ogerpon-Wellspring, F|[silent]
|
|upkeep
|
|t:|1779603628
|switch|p1a: Kommo-o|Kommo-o, M|73/100
|-activate|p1a: Kommo-o|move: Sticky Web
|-unboost|p1a: Kommo-o|spe|1
|-damage|p1a: Kommo-o|60/100|[from] Spikes
|turn|35
|
|t:|1779603635
|move|p2a: Pecharunt|Malignant Chain|p1a: Kommo-o
|-damage|p1a: Kommo-o|29/100
|-status|p1a: Kommo-o|tox
|-start|p1a: Kommo-o|confusion|[from] ability: Poison Puppeteer|[of] p2a: Pecharunt
|-activate|p1a: Kommo-o|confusion
|move|p1a: Kommo-o|Stealth Rock|p2a: Pecharunt
|-sidestart|p2: komisan777|move: Stealth Rock
|
|-heal|p1a: Kommo-o|35/100 tox|[from] item: Leftovers
|-damage|p1a: Kommo-o|29/100 tox|[from] psn
|upkeep
|turn|36
|
|t:|1779603645
|-terastallize|p2a: Pecharunt|Ghost
|move|p2a: Pecharunt|Shadow Ball|p1a: Kommo-o
|-immune|p1a: Kommo-o|[from] ability: Bulletproof
|-activate|p1a: Kommo-o|confusion
|move|p1a: Kommo-o|Dragon Tail|p2a: Pecharunt
|-damage|p2a: Pecharunt|74/100
|drag|p2a: Poch|Great Tusk|83/100
|
|-heal|p1a: Kommo-o|35/100 tox|[from] item: Leftovers
|-damage|p1a: Kommo-o|23/100 tox|[from] psn
|upkeep
|turn|37
|
|t:|1779603656
|move|p2a: Poch|Rapid Spin|p1a: Kommo-o
|-damage|p1a: Kommo-o|11/100 tox
|-boost|p2a: Poch|spe|1
|-sideend|p2: komisan777|Stealth Rock|[from] move: Rapid Spin|[of] p2a: Poch
|-end|p1a: Kommo-o|confusion
|move|p1a: Kommo-o|Dragon Tail|p2a: Poch
|-damage|p2a: Poch|68/100
|-end|p2a: Poch|Protosynthesis|[silent]
|drag|p2a: Pecharunt|Pecharunt, tera:Ghost|74/100
|
|-heal|p1a: Kommo-o|18/100 tox|[from] item: Leftovers
|-damage|p1a: Kommo-o|0 fnt|[from] psn
|faint|p1a: Kommo-o
|upkeep
|
|t:|1779603666
|switch|p1a: Mamoswine|Mamoswine, F|50/100
|-activate|p1a: Mamoswine|move: Sticky Web
|-unboost|p1a: Mamoswine|spe|1
|-damage|p1a: Mamoswine|37/100|[from] Spikes
|turn|38
|
|t:|1779603685
|move|p2a: Pecharunt|Shadow Ball|p1a: Mamoswine
|-damage|p1a: Mamoswine|0 fnt
|faint|p1a: Mamoswine
|
|win|komisan777
|raw|wheezsumbeez's rating: 1419 &rarr; <strong>1398</strong><br />(-21 for losing)
|raw|komisan777's rating: 1401 &rarr; <strong>1422</strong><br />(+21 for winning)
|l|☆komisan777
|player|p2|
|l|‽wheezsumbeez
|player|p1|
