|j|☆dropafreezedry
|j|☆my shitters
|t:|1779625328
|gametype|singles
|player|p1|dropafreezedry|palmer|1311
|player|p2|my shitters|preschooler|1257
|gen|9
|tier|[Gen 9] OU
|rated|
|rule|HP Percentage Mod: HP is shown in percentages
|rule|Endless Battle Clause: Forcing endless battles is banned
|rule|Species Clause: Limit one of each Pokémon
|rule|OHKO Clause: OHKO moves are banned
|rule|Evasion Items Clause: Evasion items are banned
|rule|Evasion Moves Clause: Evasion moves are banned
|rule|Evasion Abilities Clause: Evasion abilities are banned
|rule|Sleep Moves Clause: Sleep-inducing moves are banned
|clearpoke
|poke|p1|Glaceon, F|
|poke|p1|Ninetales-Alola, F|
|poke|p1|Basculegion-F, F|
|poke|p1|Ogerpon-Wellspring, F|
|poke|p1|Iron Treads|
|poke|p1|Weavile, F|
|poke|p2|Sableye, F|
|poke|p2|Primeape, M|
|poke|p2|Alcremie-Ruby-Swirl, F|
|poke|p2|Ursaring, M|
|poke|p2|Jolteon, F|
|poke|p2|Brute Bonnet|
|teampreview
|inactive|Battle timer is ON: inactive players will automatically lose when time's up. (requested by my shitters)
|inactive|my shitters has 120 seconds left.
|
|t:|1779625370
|teamsize|p1|6
|teamsize|p2|6
|start
|switch|p1a: Ninetales|Ninetales-Alola, F|100/100
|switch|p2a: Sableye|Sableye, F|100/100
|-weather|Snowscape|[from] ability: Snow Warning|[of] p1a: Ninetales
|turn|1
|
|t:|1779625377
|move|p2a: Sableye|Taunt|p1a: Ninetales
|-start|p1a: Ninetales|move: Taunt
|cant|p1a: Ninetales|move: Taunt|Aurora Veil
|
|-weather|Snowscape|[upkeep]
|upkeep
|turn|2
|
|t:|1779625383
|move|p2a: Sableye|Light Screen|p2a: Sableye
|-sidestart|p2: my shitters|move: Light Screen
|move|p1a: Ninetales|Moonblast|p2a: Sableye
|-supereffective|p2a: Sableye
|-damage|p2a: Sableye|57/100
|
|-weather|Snowscape|[upkeep]
|upkeep
|turn|3
|
|t:|1779625384
|move|p2a: Sableye|Reflect|p2a: Sableye
|-sidestart|p2: my shitters|Reflect
|move|p1a: Ninetales|Moonblast|p2a: Sableye
|-supereffective|p2a: Sableye
|-damage|p2a: Sableye|12/100
|
|-weather|Snowscape|[upkeep]
|-end|p1a: Ninetales|move: Taunt
|upkeep
|turn|4
|
|t:|1779625389
|switch|p2a: Only4CubLinx|Ursaring, M|100/100
|move|p1a: Ninetales|Aurora Veil|p1a: Ninetales
|-sidestart|p1: dropafreezedry|move: Aurora Veil
|
|-weather|Snowscape|[upkeep]
|-status|p2a: Only4CubLinx|brn|[from] item: Flame Orb
|upkeep
|turn|5
|
|t:|1779625399
|move|p1a: Ninetales|Moonblast|p2a: Only4CubLinx
|-crit|p2a: Only4CubLinx
|-damage|p2a: Only4CubLinx|48/100 brn
|move|p2a: Only4CubLinx|Swords Dance|p2a: Only4CubLinx
|-boost|p2a: Only4CubLinx|atk|2
|
|-weather|none
|-damage|p2a: Only4CubLinx|42/100 brn|[from] brn
|upkeep
|turn|6
|
|t:|1779625403
|move|p1a: Ninetales|Encore|p2a: Only4CubLinx
|-start|p2a: Only4CubLinx|Encore
|move|p2a: Only4CubLinx|Swords Dance|p2a: Only4CubLinx
|-boost|p2a: Only4CubLinx|atk|2
|
|-damage|p2a: Only4CubLinx|36/100 brn|[from] brn
|upkeep
|turn|7
|
|t:|1779625408
|switch|p2a: CremDeLaCreamie|Alcremie-Ruby-Swirl, F|100/100
|move|p1a: Ninetales|Moonblast|p2a: CremDeLaCreamie
|-damage|p2a: CremDeLaCreamie|89/100
|
|-heal|p2a: CremDeLaCreamie|95/100|[from] item: Leftovers
|upkeep
|turn|8
|
|t:|1779625411
|switch|p1a: Iron Treads|Iron Treads|100/100
|-enditem|p1a: Iron Treads|Booster Energy
|-activate|p1a: Iron Treads|ability: Quark Drive|[fromitem]
|-start|p1a: Iron Treads|quarkdriveatk
|move|p2a: CremDeLaCreamie|Calm Mind|p2a: CremDeLaCreamie
|-boost|p2a: CremDeLaCreamie|spa|1
|-boost|p2a: CremDeLaCreamie|spd|1
|
|-heal|p2a: CremDeLaCreamie|100/100|[from] item: Leftovers
|upkeep
|turn|9
|
|t:|1779625413
|move|p1a: Iron Treads|Heavy Slam|p2a: CremDeLaCreamie
|-supereffective|p2a: CremDeLaCreamie
|-damage|p2a: CremDeLaCreamie|23/100
|move|p2a: CremDeLaCreamie|Acid Armor|p2a: CremDeLaCreamie
|-boost|p2a: CremDeLaCreamie|def|2
|
|-heal|p2a: CremDeLaCreamie|29/100|[from] item: Leftovers
|-sideend|p2: my shitters|move: Light Screen
|upkeep
|turn|10
|
|t:|1779625429
|move|p1a: Iron Treads|Heavy Slam|p2a: CremDeLaCreamie
|-supereffective|p2a: CremDeLaCreamie
|-damage|p2a: CremDeLaCreamie|0 fnt
|faint|p2a: CremDeLaCreamie
|
|-sideend|p2: my shitters|Reflect
|upkeep
|
|t:|1779625430
|switch|p2a: Sableye|Sableye, F|12/100
|turn|11
|
|t:|1779625433
|move|p2a: Sableye|Reflect|p2a: Sableye
|-sidestart|p2: my shitters|Reflect
|move|p1a: Iron Treads|Earthquake|p2a: Sableye
|-damage|p2a: Sableye|0 fnt
|faint|p2a: Sableye
|
|-sideend|p1: dropafreezedry|move: Aurora Veil
|upkeep
|
|t:|1779625434
|switch|p2a: PonnieColeman|Primeape, M|100/100
|turn|12
|
|t:|1779625439
|-end|p1a: Iron Treads|Quark Drive|[silent]
|switch|p1a: Ninetales|Ninetales-Alola, F|100/100
|-weather|Snowscape|[from] ability: Snow Warning|[of] p1a: Ninetales
|move|p2a: PonnieColeman|Bulk Up|p2a: PonnieColeman
|-boost|p2a: PonnieColeman|atk|1
|-boost|p2a: PonnieColeman|def|1
|
|-weather|Snowscape|[upkeep]
|upkeep
|turn|13
|
|t:|1779625442
|switch|p2a: Jolteon|Jolteon, F|100/100
|move|p1a: Ninetales|Encore||[still]
|-fail|p1a: Ninetales
|
|-weather|Snowscape|[upkeep]
|upkeep
|turn|14
|
|t:|1779625446
|move|p2a: Jolteon|Calm Mind|p2a: Jolteon
|-boost|p2a: Jolteon|spa|1
|-boost|p2a: Jolteon|spd|1
|move|p1a: Ninetales|Aurora Veil|p1a: Ninetales
|-sidestart|p1: dropafreezedry|move: Aurora Veil
|
|-weather|Snowscape|[upkeep]
|upkeep
|turn|15
|
|t:|1779625448
|move|p2a: Jolteon|Thunderbolt|p1a: Ninetales
|-damage|p1a: Ninetales|70/100
|move|p1a: Ninetales|Encore|p2a: Jolteon
|-start|p2a: Jolteon|Encore
|
|-weather|Snowscape|[upkeep]
|upkeep
|turn|16
|
|t:|1779625451
|switch|p2a: PonnieColeman|Primeape, M|100/100
|switch|p1a: Iron Treads|Iron Treads|100/100
|
|-weather|none
|upkeep
|turn|17
|
|t:|1779625456
|-end|p1a: Iron Treads|Quark Drive|[silent]
|switch|p1a: Basculegion|Basculegion-F, F|100/100
|move|p2a: PonnieColeman|Drain Punch|p1a: Basculegion
|-immune|p1a: Basculegion
|
|upkeep
|turn|18
|
|t:|1779625459
|move|p1a: Basculegion|Surf|p2a: PonnieColeman
|-damage|p2a: PonnieColeman|53/100
|move|p2a: PonnieColeman|Bulk Up|p2a: PonnieColeman
|-boost|p2a: PonnieColeman|atk|1
|-boost|p2a: PonnieColeman|def|1
|
|-sideend|p2: my shitters|Reflect
|upkeep
|turn|19
|
|t:|1779625462
|move|p1a: Basculegion|Surf|p2a: PonnieColeman
|-damage|p2a: PonnieColeman|9/100
|move|p2a: PonnieColeman|Rage Fist|p1a: Basculegion
|-supereffective|p1a: Basculegion
|-damage|p1a: Basculegion|38/100
|
|upkeep
|turn|20
|
|t:|1779625464
|move|p1a: Basculegion|Surf|p2a: PonnieColeman
|-damage|p2a: PonnieColeman|0 fnt
|faint|p2a: PonnieColeman
|
|upkeep
|
|t:|1779625466
|switch|p2a: Jolteon|Jolteon, F|100/100
|turn|21
|
|t:|1779625468
|switch|p1a: Iron Treads|Iron Treads|100/100
|move|p2a: Jolteon|Thunderbolt|p1a: Iron Treads
|-immune|p1a: Iron Treads
|
|-sideend|p1: dropafreezedry|move: Aurora Veil
|upkeep
|turn|22
|-message|my shitters forfeited.
|
|win|dropafreezedry
|raw|dropafreezedry's rating: 1311 &rarr; <strong>1328</strong><br />(+17 for winning)
|raw|my shitters's rating: 1257 &rarr; <strong>1236</strong><br />(-21 for losing)
|l|☆my shitters
|player|p2|
|l|☆dropafreezedry
|player|p1|
