|j|☆Shabooya1
|j|☆jubox
|t:|1779720451
|gametype|singles
|player|p1|Shabooya1|brycenman|1439
|player|p2|jubox|benga|1412
|gen|9
|tier|[Gen 9] OU
|rated|
|rule|HP Percentage Mod: HP is shown in percentages
|rule|Endless Battle Clause: Forcing endless battles is banned
|rule|Species Clause: Limit one of each Pokémon
|rule|OHKO Clause: OHKO moves are banned
|rule|Evasion Items Clause: Evasion items are banned
|rule|Evasion Moves Clause: Evasion moves are banned
|rule|Evasion Abilities Clause: Evasion abilities are banned
|rule|Sleep Moves Clause: Sleep-inducing moves are banned
|clearpoke
|poke|p1|Pelipper, F|
|poke|p1|Raging Bolt|
|poke|p1|Primarina, F|
|poke|p1|Grimmsnarl, M|
|poke|p1|Weezing-Galar, F|
|poke|p1|Azumarill, F|
|poke|p2|Dragapult, M|
|poke|p2|Iron Valiant|
|poke|p2|Cinderace, M|
|poke|p2|Dragonite, F|
|poke|p2|Samurott-Hisui, M|
|poke|p2|Scizor, M|
|teampreview
|
|t:|1779720469
|teamsize|p1|6
|teamsize|p2|6
|start
|switch|p1a: Weezing|Weezing-Galar, F|100/100
|switch|p2a: Iron Valiant|Iron Valiant, shiny|100/100
|-ability|p1a: Weezing|Neutralizing Gas
|turn|1
|
|t:|1779720485
|-end|p2a: Iron Valiant|Quark Drive|[silent]
|switch|p2a: Scizor|Scizor, M, shiny|100/100
|move|p1a: Weezing|Sludge Bomb|p2a: Scizor
|-immune|p2a: Scizor
|
|upkeep
|turn|2
|
|t:|1779720490
|move|p2a: Scizor|U-turn|p1a: Weezing
|-resisted|p1a: Weezing
|-damage|p1a: Weezing|91/100
|
|t:|1779720497
|switch|p2a: Dragapult|Dragapult, M, shiny|100/100|[from] U-turn
|move|p1a: Weezing|Will-O-Wisp|p2a: Dragapult
|-status|p2a: Dragapult|brn
|
|-damage|p2a: Dragapult|95/100 brn|[from] brn
|upkeep
|turn|3
|
|t:|1779720505
|move|p2a: Dragapult|U-turn|p1a: Weezing
|-resisted|p1a: Weezing
|-damage|p1a: Weezing|89/100
|
|t:|1779720509
|switch|p2a: Cinderace|Cinderace, M, shiny|100/100|[from] U-turn
|move|p1a: Weezing|Sludge Bomb|p2a: Cinderace
|-damage|p2a: Cinderace|63/100
|
|upkeep
|turn|4
|
|t:|1779720520
|move|p2a: Cinderace|Gunk Shot|p1a: Weezing|[miss]
|-miss|p2a: Cinderace|p1a: Weezing
|move|p1a: Weezing|Pain Split|p2a: Cinderace
|-sethp|p2a: Cinderace|81/100|[from] move: Pain Split|[silent]
|-sethp|p1a: Weezing|73/100|[from] move: Pain Split
|
|upkeep
|turn|5
|
|t:|1779720526
|-end|p1a: Weezing|ability: Neutralizing Gas
|switch|p1a: Pelipper|Pelipper, F|100/100
|-weather|RainDance|[from] ability: Drizzle|[of] p1a: Pelipper
|move|p2a: Cinderace|Gunk Shot|p1a: Pelipper
|-start|p2a: Cinderace|typechange|Poison|[from] ability: Libero
|-damage|p1a: Pelipper|55/100
|
|-weather|RainDance|[upkeep]
|upkeep
|turn|6
|
|t:|1779720535
|move|p2a: Cinderace|Gunk Shot|p1a: Pelipper
|-damage|p1a: Pelipper|15/100
|move|p1a: Pelipper|Roost|p1a: Pelipper
|-heal|p1a: Pelipper|65/100
|-singleturn|p1a: Pelipper|move: Roost
|
|-weather|RainDance|[upkeep]
|upkeep
|turn|7
|
|t:|1779720542
|move|p2a: Cinderace|Gunk Shot|p1a: Pelipper
|-damage|p1a: Pelipper|21/100
|-status|p1a: Pelipper|psn
|move|p1a: Pelipper|Hurricane|p2a: Cinderace
|-damage|p2a: Cinderace|27/100
|-start|p2a: Cinderace|confusion
|
|-weather|RainDance|[upkeep]
|-damage|p1a: Pelipper|9/100 psn|[from] psn
|upkeep
|turn|8
|
|t:|1779720563
|switch|p1a: Grimmsnarl|Grimmsnarl, M|100/100
|-activate|p2a: Cinderace|confusion
|-damage|p2a: Cinderace|8/100|[from] confusion
|
|-weather|RainDance|[upkeep]
|upkeep
|turn|9
|
|t:|1779720569
|move|p1a: Grimmsnarl|Parting Shot|p2a: Cinderace
|-unboost|p2a: Cinderace|atk|1
|-unboost|p2a: Cinderace|spa|1
|
|t:|1779720571
|switch|p1a: Raging Bolt|Raging Bolt|100/100|[from] Parting Shot
|-enditem|p1a: Raging Bolt|Booster Energy
|-activate|p1a: Raging Bolt|ability: Protosynthesis|[fromitem]
|-start|p1a: Raging Bolt|protosynthesisspa
|-activate|p2a: Cinderace|confusion
|move|p2a: Cinderace|Gunk Shot|p1a: Raging Bolt
|-damage|p1a: Raging Bolt|62/100
|
|-weather|RainDance|[upkeep]
|upkeep
|turn|10
|
|t:|1779720585
|switch|p2a: Dragapult|Dragapult, M, shiny|95/100 brn
|move|p1a: Raging Bolt|Thunderbolt|p2a: Dragapult
|-resisted|p2a: Dragapult
|-damage|p2a: Dragapult|45/100 brn
|
|-weather|RainDance|[upkeep]
|-damage|p2a: Dragapult|39/100 brn|[from] brn
|upkeep
|turn|11
|
|t:|1779720593
|move|p1a: Raging Bolt|Thunderclap|p2a: Dragapult
|-resisted|p2a: Dragapult
|-damage|p2a: Dragapult|0 fnt
|faint|p2a: Dragapult
|
|-weather|RainDance|[upkeep]
|upkeep
|
|t:|1779720599
|switch|p2a: Dragonite|Dragonite, F, shiny|100/100
|turn|12
|
|t:|1779720606
|move|p2a: Dragonite|Earthquake|p1a: Raging Bolt
|-supereffective|p1a: Raging Bolt
|-damage|p1a: Raging Bolt|0 fnt
|faint|p1a: Raging Bolt
|-end|p1a: Raging Bolt|Protosynthesis|[silent]
|
|-weather|none
|upkeep
|
|t:|1779720609
|switch|p1a: Weezing|Weezing-Galar, F|73/100
|-ability|p1a: Weezing|Neutralizing Gas
|turn|13
|
|t:|1779720614
|move|p2a: Dragonite|Earthquake|p1a: Weezing
|-supereffective|p1a: Weezing
|-damage|p1a: Weezing|26/100
|move|p1a: Weezing|Will-O-Wisp|p2a: Dragonite|[miss]
|-miss|p1a: Weezing|p2a: Dragonite
|
|upkeep
|turn|14
|
|t:|1779720620
|-end|p1a: Weezing|ability: Neutralizing Gas
|switch|p1a: Pelipper|Pelipper, F|9/100 psn
|-weather|RainDance|[from] ability: Drizzle|[of] p1a: Pelipper
|move|p2a: Dragonite|Earthquake|p1a: Pelipper
|-immune|p1a: Pelipper
|
|-weather|RainDance|[upkeep]
|-damage|p1a: Pelipper|0 fnt|[from] psn
|faint|p1a: Pelipper
|upkeep
|
|t:|1779720624
|switch|p1a: Grimmsnarl|Grimmsnarl, M|100/100
|turn|15
|
|t:|1779720638
|move|p1a: Grimmsnarl|Reflect|p1a: Grimmsnarl
|-sidestart|p1: Shabooya1|Reflect
|move|p2a: Dragonite|Earthquake|p1a: Grimmsnarl
|-damage|p1a: Grimmsnarl|77/100
|
|-weather|RainDance|[upkeep]
|upkeep
|turn|16
|
|t:|1779720643
|move|p1a: Grimmsnarl|Light Screen|p1a: Grimmsnarl
|-sidestart|p1: Shabooya1|move: Light Screen
|move|p2a: Dragonite|Dragon Dance|p2a: Dragonite
|-boost|p2a: Dragonite|atk|1
|-boost|p2a: Dragonite|spe|1
|
|-weather|RainDance|[upkeep]
|upkeep
|turn|17
|
|t:|1779720648
|move|p2a: Dragonite|Dragon Dance|p2a: Dragonite
|-boost|p2a: Dragonite|atk|1
|-boost|p2a: Dragonite|spe|1
|move|p1a: Grimmsnarl|Spirit Break|p2a: Dragonite
|-supereffective|p2a: Dragonite
|-damage|p2a: Dragonite|70/100
|-unboost|p2a: Dragonite|spa|1
|
|-weather|RainDance|[upkeep]
|upkeep
|turn|18
|
|t:|1779720662
|-terastallize|p2a: Dragonite|Normal
|move|p2a: Dragonite|Extreme Speed|p1a: Grimmsnarl
|-damage|p1a: Grimmsnarl|19/100
|move|p1a: Grimmsnarl|Parting Shot|p2a: Dragonite
|-unboost|p2a: Dragonite|atk|1
|-unboost|p2a: Dragonite|spa|1
|
|t:|1779720667
|switch|p1a: Azumarill|Azumarill, F|100/100|[from] Parting Shot
|
|-weather|RainDance|[upkeep]
|upkeep
|turn|19
|
|t:|1779720682
|move|p2a: Dragonite|Extreme Speed|p1a: Azumarill
|-damage|p1a: Azumarill|65/100
|move|p1a: Azumarill|Play Rough|p2a: Dragonite|[miss]
|-miss|p1a: Azumarill|p2a: Dragonite
|
|-weather|RainDance|[upkeep]
|upkeep
|turn|20
|
|t:|1779720690
|move|p2a: Dragonite|Extreme Speed|p1a: Azumarill
|-damage|p1a: Azumarill|26/100
|-enditem|p1a: Azumarill|Sitrus Berry|[eat]
|-heal|p1a: Azumarill|51/100|[from] item: Sitrus Berry
|move|p1a: Azumarill|Liquidation|p2a: Dragonite
|-damage|p2a: Dragonite|28/100
|
|-weather|RainDance|[upkeep]
|upkeep
|turn|21
|
|t:|1779720700
|move|p2a: Dragonite|Extreme Speed|p1a: Azumarill
|-damage|p1a: Azumarill|18/100
|move|p1a: Azumarill|Liquidation|p2a: Dragonite
|-damage|p2a: Dragonite|0 fnt
|faint|p2a: Dragonite
|
|-weather|none
|upkeep
|
|t:|1779720716
|switch|p2a: Iron Valiant|Iron Valiant, shiny|100/100
|turn|22
|
|t:|1779720725
|move|p2a: Iron Valiant|Thunderbolt|p1a: Azumarill
|-supereffective|p1a: Azumarill
|-damage|p1a: Azumarill|0 fnt
|faint|p1a: Azumarill
|-damage|p2a: Iron Valiant|91/100|[from] item: Life Orb
|
|-sideend|p1: Shabooya1|Reflect
|upkeep
|
|t:|1779720728
|switch|p1a: Grimmsnarl|Grimmsnarl, M|19/100
|turn|23
|
|t:|1779720733
|move|p1a: Grimmsnarl|Parting Shot|p2a: Iron Valiant
|-unboost|p2a: Iron Valiant|atk|1
|-unboost|p2a: Iron Valiant|spa|1
|
|t:|1779720734
|switch|p1a: Weezing|Weezing-Galar, F|26/100|[from] Parting Shot
|-ability|p1a: Weezing|Neutralizing Gas
|move|p2a: Iron Valiant|Moonblast|p1a: Weezing
|-resisted|p1a: Weezing
|-crit|p1a: Weezing
|-damage|p1a: Weezing|0 fnt
|faint|p1a: Weezing
|-end|p1a: Weezing|ability: Neutralizing Gas
|-damage|p2a: Iron Valiant|81/100|[from] item: Life Orb
|
|-sideend|p1: Shabooya1|move: Light Screen
|upkeep
|
|t:|1779720736
|switch|p1a: Grimmsnarl|Grimmsnarl, M|19/100
|turn|24
|
|t:|1779720752
|move|p1a: Grimmsnarl|Reflect|p1a: Grimmsnarl
|-sidestart|p1: Shabooya1|Reflect
|move|p2a: Iron Valiant|Moonblast|p1a: Grimmsnarl
|-supereffective|p1a: Grimmsnarl
|-damage|p1a: Grimmsnarl|0 fnt
|faint|p1a: Grimmsnarl
|-damage|p2a: Iron Valiant|71/100|[from] item: Life Orb
|
|upkeep
|
|t:|1779720754
|switch|p1a: Primarina|Primarina, F, shiny|100/100
|turn|25
|
|t:|1779720761
|-terastallize|p1a: Primarina|Dragon
|move|p2a: Iron Valiant|Thunderbolt|p1a: Primarina
|-resisted|p1a: Primarina
|-damage|p1a: Primarina|90/100
|-damage|p2a: Iron Valiant|62/100|[from] item: Life Orb
|move|p1a: Primarina|Calm Mind|p1a: Primarina
|-boost|p1a: Primarina|spa|1
|-boost|p1a: Primarina|spd|1
|
|-heal|p1a: Primarina|96/100|[from] item: Leftovers
|upkeep
|turn|26
|
|t:|1779720770
|move|p2a: Iron Valiant|Moonblast|p1a: Primarina
|-supereffective|p1a: Primarina
|-damage|p1a: Primarina|53/100
|-damage|p2a: Iron Valiant|52/100|[from] item: Life Orb
|move|p1a: Primarina|Draining Kiss|p2a: Iron Valiant
|-supereffective|p2a: Iron Valiant
|-crit|p2a: Iron Valiant
|-damage|p2a: Iron Valiant|0 fnt
|-heal|p1a: Primarina|84/100|[from] drain|[of] p2a: Iron Valiant
|faint|p2a: Iron Valiant
|-end|p2a: Iron Valiant|Quark Drive|[silent]
|
|-heal|p1a: Primarina|90/100|[from] item: Leftovers
|upkeep
|
|t:|1779720786
|switch|p2a: Scizor|Scizor, M, shiny|100/100
|turn|27
|
|t:|1779720790
|move|p2a: Scizor|Bullet Punch|p1a: Primarina
|-damage|p1a: Primarina|61/100
|move|p1a: Primarina|Psychic Noise|p2a: Scizor
|-damage|p2a: Scizor|11/100
|-start|p2a: Scizor|move: Heal Block
|
|-heal|p1a: Primarina|67/100|[from] item: Leftovers
|upkeep
|turn|28
|
|t:|1779720798
|move|p2a: Scizor|Bullet Punch|p1a: Primarina
|-damage|p1a: Primarina|35/100
|move|p1a: Primarina|Draining Kiss|p2a: Scizor
|-resisted|p2a: Scizor
|-damage|p2a: Scizor|0 fnt
|-heal|p1a: Primarina|42/100|[from] drain|[of] p2a: Scizor
|faint|p2a: Scizor
|
|-heal|p1a: Primarina|48/100|[from] item: Leftovers
|upkeep
|
|t:|1779720808
|switch|p2a: Samurott|Samurott-Hisui, M|100/100
|turn|29
|
|t:|1779720817
|move|p2a: Samurott|Sacred Sword|p1a: Primarina
|-damage|p1a: Primarina|24/100
|move|p1a: Primarina|Draining Kiss|p2a: Samurott
|-supereffective|p2a: Samurott
|-damage|p2a: Samurott|0 fnt
|-heal|p1a: Primarina|91/100|[from] drain|[of] p2a: Samurott
|faint|p2a: Samurott
|
|-heal|p1a: Primarina|97/100|[from] item: Leftovers
|upkeep
|c|☆Shabooya1|Gg
|
|t:|1779720826
|switch|p2a: Cinderace|Cinderace, M, shiny|8/100
|turn|30
|
|t:|1779720829
|move|p2a: Cinderace|Gunk Shot|p1a: Primarina
|-start|p2a: Cinderace|typechange|Poison|[from] ability: Libero
|-damage|p1a: Primarina|65/100
|-status|p1a: Primarina|psn
|move|p1a: Primarina|Psychic Noise|p2a: Cinderace
|-damage|p2a: Cinderace|0 fnt
|faint|p2a: Cinderace
|
|win|Shabooya1
|raw|Shabooya1's rating: 1419 &rarr; <strong>1439</strong><br />(+20 for winning)
|raw|jubox's rating: 1412 &rarr; <strong>1392</strong><br />(-20 for losing)
|l|☆jubox
|player|p2|
|l|☆Shabooya1
|player|p1|
