|j|☆yoki
|j|☆zg4h11
|t:|1779693263
|gametype|singles
|player|p1|yoki|2|1552
|player|p2|zg4h11|170|1528
|gen|9
|tier|[Gen 9] OU
|rated|
|rule|HP Percentage Mod: HP is shown in percentages
|rule|Endless Battle Clause: Forcing endless battles is banned
|rule|Species Clause: Limit one of each Pokémon
|rule|OHKO Clause: OHKO moves are banned
|rule|Evasion Items Clause: Evasion items are banned
|rule|Evasion Moves Clause: Evasion moves are banned
|rule|Evasion Abilities Clause: Evasion abilities are banned
|rule|Sleep Moves Clause: Sleep-inducing moves are banned
|clearpoke
|poke|p1|Slowking-Galar, F|
|poke|p1|Great Tusk|
|poke|p1|Kyurem|
|poke|p1|Darkrai|
|poke|p1|Hoopa-Unbound|
|poke|p1|Zapdos|
|poke|p2|Tyranitar, M|
|poke|p2|Excadrill, M|
|poke|p2|Iron Valiant|
|poke|p2|Dragapult, F|
|poke|p2|Zapdos|
|poke|p2|Hatterene, F|
|teampreview
|inactive|Battle timer is ON: inactive players will automatically lose when time's up. (requested by zg4h11)
|
|t:|1779693306
|teamsize|p1|6
|teamsize|p2|6
|start
|switch|p1a: Slowking|Slowking-Galar, F|100/100
|switch|p2a: Dragapult|Dragapult, F|100/100
|turn|1
|
|t:|1779693325
|move|p2a: Dragapult|U-turn|p1a: Slowking
|-damage|p1a: Slowking|80/100
|
|t:|1779693327
|switch|p2a: Hatterene|Hatterene, F|100/100|[from] U-turn
|-prepare|p1a: Slowking|Chilly Reception|[premajor]
|move|p1a: Slowking|Chilly Reception|p1a: Slowking
|-weather|Snowscape
|
|t:|1779693337
|switch|p1a: Kyurem|Kyurem|100/100|[from] Chilly Reception
|-ability|p1a: Kyurem|Pressure
|
|-weather|Snowscape|[upkeep]
|upkeep
|turn|2
|
|t:|1779693343
|switch|p2a: Tyranitar|Tyranitar, M, shiny|100/100
|-weather|Sandstorm|[from] ability: Sand Stream|[of] p2a: Tyranitar
|-terastallize|p1a: Kyurem|Ice
|move|p1a: Kyurem|Blizzard|p2a: Tyranitar
|-damage|p2a: Tyranitar|29/100
|
|-weather|Sandstorm|[upkeep]
|-damage|p1a: Kyurem|94/100|[from] Sandstorm
|upkeep
|turn|3
|
|t:|1779693361
|move|p1a: Kyurem|Blizzard|p2a: Tyranitar
|-damage|p2a: Tyranitar|0 fnt
|faint|p2a: Tyranitar
|
|-weather|Sandstorm|[upkeep]
|-damage|p1a: Kyurem|88/100|[from] Sandstorm
|upkeep
|
|t:|1779693369
|switch|p2a: Excadrill|Excadrill, M, shiny|100/100
|turn|4
|
|t:|1779693383
|switch|p1a: Zapdos|Zapdos, shiny|100/100
|move|p2a: Excadrill|Substitute|p2a: Excadrill
|-start|p2a: Excadrill|Substitute
|-damage|p2a: Excadrill|76/100
|
|-weather|Sandstorm|[upkeep]
|-damage|p1a: Zapdos|94/100|[from] Sandstorm
|-heal|p2a: Excadrill|82/100|[from] item: Leftovers
|upkeep
|turn|5
|
|t:|1779693391
|switch|p1a: Great Tusk|Great Tusk|100/100
|move|p2a: Excadrill|Rock Slide|p1a: Great Tusk
|-resisted|p1a: Great Tusk
|-damage|p1a: Great Tusk|95/100
|
|-weather|Sandstorm|[upkeep]
|-heal|p2a: Excadrill|88/100|[from] item: Leftovers
|upkeep
|turn|6
|
|t:|1779693400
|move|p2a: Excadrill|Earthquake|p1a: Great Tusk
|-damage|p1a: Great Tusk|52/100
|move|p1a: Great Tusk|Ice Spinner|p2a: Excadrill
|-end|p2a: Excadrill|Substitute
|
|-weather|Sandstorm|[upkeep]
|-heal|p2a: Excadrill|94/100|[from] item: Leftovers
|upkeep
|turn|7
|
|t:|1779693408
|switch|p2a: Zapdos|Zapdos|100/100
|move|p1a: Great Tusk|Headlong Rush|p2a: Zapdos
|-immune|p2a: Zapdos
|
|-weather|Sandstorm|[upkeep]
|-damage|p2a: Zapdos|94/100|[from] Sandstorm
|upkeep
|turn|8
|
|t:|1779693418
|-end|p1a: Great Tusk|Protosynthesis|[silent]
|switch|p1a: Slowking|Slowking-Galar, F|100/100
|switch|p2a: Hatterene|Hatterene, F|100/100
|
|-weather|Sandstorm|[upkeep]
|-damage|p2a: Hatterene|95/100|[from] Sandstorm
|-damage|p1a: Slowking|94/100|[from] Sandstorm
|upkeep
|turn|9
|
|t:|1779693440
|switch|p2a: Dragapult|Dragapult, F|100/100
|-prepare|p1a: Slowking|Chilly Reception|[premajor]
|move|p1a: Slowking|Chilly Reception|p1a: Slowking
|-weather|Snowscape
|
|t:|1779693446
|switch|p1a: Zapdos|Zapdos, shiny|94/100|[from] Chilly Reception
|
|-weather|Snowscape|[upkeep]
|upkeep
|turn|10
|
|t:|1779693457
|switch|p2a: Excadrill|Excadrill, M, shiny|94/100
|move|p1a: Zapdos|Hurricane|p2a: Excadrill
|-resisted|p2a: Excadrill
|-damage|p2a: Excadrill|63/100
|
|-weather|Snowscape|[upkeep]
|-heal|p2a: Excadrill|69/100|[from] item: Leftovers
|upkeep
|turn|11
|
|t:|1779693480
|move|p2a: Excadrill|Rock Slide|p1a: Zapdos
|-supereffective|p1a: Zapdos
|-damage|p1a: Zapdos|53/100
|move|p1a: Zapdos|Hurricane|p2a: Excadrill|[miss]
|-miss|p1a: Zapdos|p2a: Excadrill
|
|-weather|Snowscape|[upkeep]
|-heal|p2a: Excadrill|75/100|[from] item: Leftovers
|upkeep
|turn|12
|
|t:|1779693499
|move|p2a: Excadrill|Earthquake|p1a: Zapdos
|-immune|p1a: Zapdos
|move|p1a: Zapdos|Hurricane|p2a: Excadrill
|-resisted|p2a: Excadrill
|-damage|p2a: Excadrill|43/100
|
|-weather|Snowscape|[upkeep]
|-heal|p2a: Excadrill|50/100|[from] item: Leftovers
|upkeep
|turn|13
|
|t:|1779693508
|move|p2a: Excadrill|Substitute|p2a: Excadrill
|-start|p2a: Excadrill|Substitute
|-damage|p2a: Excadrill|25/100
|move|p1a: Zapdos|Hurricane|p2a: Excadrill|[miss]
|-miss|p1a: Zapdos|p2a: Excadrill
|
|-weather|none
|-heal|p2a: Excadrill|31/100|[from] item: Leftovers
|upkeep
|turn|14
|
|t:|1779693517
|move|p2a: Excadrill|Rock Slide|p1a: Zapdos
|-supereffective|p1a: Zapdos
|-damage|p1a: Zapdos|11/100
|move|p1a: Zapdos|Hurricane|p2a: Excadrill|[miss]
|-miss|p1a: Zapdos|p2a: Excadrill
|
|-heal|p2a: Excadrill|37/100|[from] item: Leftovers
|upkeep
|turn|15
|
|t:|1779693541
|move|p2a: Excadrill|Rock Slide|p1a: Zapdos
|-supereffective|p1a: Zapdos
|-damage|p1a: Zapdos|0 fnt
|faint|p1a: Zapdos
|
|-heal|p2a: Excadrill|43/100|[from] item: Leftovers
|upkeep
|
|t:|1779693542
|switch|p1a: Darkrai|Darkrai|100/100
|turn|16
|
|t:|1779693549
|move|p1a: Darkrai|Dark Pulse|p2a: Excadrill
|-end|p2a: Excadrill|Substitute
|move|p2a: Excadrill|Earthquake|p1a: Darkrai
|-damage|p1a: Darkrai|28/100
|
|-heal|p2a: Excadrill|49/100|[from] item: Leftovers
|upkeep
|turn|17
|
|t:|1779693576
|move|p1a: Darkrai|Dark Pulse|p2a: Excadrill
|-damage|p2a: Excadrill|0 fnt
|faint|p2a: Excadrill
|
|upkeep
|
|t:|1779693580
|switch|p2a: Iron Valiant|Iron Valiant, shiny|100/100
|turn|18
|inactive|yoki has 120 seconds left.
|
|t:|1779693604
|switch|p1a: Slowking|Slowking-Galar, F|100/100
|move|p2a: Iron Valiant|Vacuum Wave|p1a: Slowking
|-resisted|p1a: Slowking
|-damage|p1a: Slowking|96/100
|
|upkeep
|turn|19
|
|t:|1779693611
|-end|p2a: Iron Valiant|Quark Drive|[silent]
|switch|p2a: Hatterene|Hatterene, F|95/100
|move|p1a: Slowking|Sludge Bomb|p2a: Hatterene
|-supereffective|p2a: Hatterene
|-damage|p2a: Hatterene|28/100
|-status|p2a: Hatterene|psn
|
|-damage|p2a: Hatterene|16/100 psn|[from] psn
|upkeep
|turn|20
|
|t:|1779693619
|move|p2a: Hatterene|Pain Split|p1a: Slowking
|-sethp|p1a: Slowking|54/100|[from] move: Pain Split|[silent]
|-sethp|p2a: Hatterene|67/100 psn|[from] move: Pain Split
|-prepare|p1a: Slowking|Chilly Reception|[premajor]
|move|p1a: Slowking|Chilly Reception|p1a: Slowking
|-weather|Snowscape
|
|t:|1779693624
|switch|p1a: Kyurem|Kyurem, tera:Ice|88/100|[from] Chilly Reception
|-ability|p1a: Kyurem|Pressure
|
|-weather|Snowscape|[upkeep]
|-damage|p2a: Hatterene|55/100 psn|[from] psn
|upkeep
|turn|21
|
|t:|1779693631
|move|p1a: Kyurem|Blizzard|p2a: Hatterene
|-damage|p2a: Hatterene|0 fnt
|faint|p2a: Hatterene
|
|-weather|Snowscape|[upkeep]
|upkeep
|
|t:|1779693638
|switch|p2a: Iron Valiant|Iron Valiant, shiny|100/100
|turn|22
|
|t:|1779693644
|switch|p1a: Slowking|Slowking-Galar, F|87/100
|move|p2a: Iron Valiant|Shadow Ball|p1a: Slowking
|-supereffective|p1a: Slowking
|-damage|p1a: Slowking|37/100
|-unboost|p1a: Slowking|spd|1
|
|-weather|Snowscape|[upkeep]
|upkeep
|turn|23
|
|t:|1779693651
|switch|p1a: Hoopa|Hoopa-Unbound|100/100
|move|p2a: Iron Valiant|Shadow Ball|p1a: Hoopa
|-damage|p1a: Hoopa|75/100
|-unboost|p1a: Hoopa|spd|1
|
|-weather|Snowscape|[upkeep]
|upkeep
|turn|24
|
|t:|1779693661
|-end|p2a: Iron Valiant|Quark Drive|[silent]
|switch|p2a: Dragapult|Dragapult, F|100/100
|move|p1a: Hoopa|Psychic Noise|p2a: Dragapult
|-damage|p2a: Dragapult|47/100
|-start|p2a: Dragapult|move: Heal Block
|
|-weather|none
|upkeep
|turn|25
|
|t:|1779693673
|switch|p1a: Great Tusk|Great Tusk|52/100
|move|p2a: Dragapult|U-turn|p1a: Great Tusk
|-resisted|p1a: Great Tusk
|-damage|p1a: Great Tusk|45/100
|
|t:|1779693678
|switch|p2a: Iron Valiant|Iron Valiant, shiny|100/100|[from] U-turn
|
|upkeep
|turn|26
|
|t:|1779693682
|move|p2a: Iron Valiant|Shadow Ball|p1a: Great Tusk
|-damage|p1a: Great Tusk|0 fnt
|faint|p1a: Great Tusk
|-end|p1a: Great Tusk|Protosynthesis|[silent]
|
|upkeep
|
|t:|1779693684
|switch|p1a: Hoopa|Hoopa-Unbound|75/100
|turn|27
|
|t:|1779693689
|-end|p2a: Iron Valiant|Quark Drive|[silent]
|switch|p2a: Zapdos|Zapdos|94/100
|move|p1a: Hoopa|Psychic Noise|p2a: Zapdos
|-damage|p2a: Zapdos|57/100
|-start|p2a: Zapdos|move: Heal Block
|
|upkeep
|turn|28
|
|t:|1779693696
|switch|p1a: Kyurem|Kyurem, tera:Ice|88/100
|-ability|p1a: Kyurem|Pressure
|move|p2a: Zapdos|Hurricane|p1a: Kyurem
|-damage|p1a: Kyurem|33/100
|-start|p1a: Kyurem|confusion
|
|-end|p2a: Zapdos|move: Heal Block
|upkeep
|turn|29
|
|t:|1779693708
|-activate|p1a: Kyurem|confusion
|-damage|p1a: Kyurem|24/100|[from] confusion
|move|p2a: Zapdos|Heat Wave|p1a: Kyurem
|-supereffective|p1a: Kyurem
|-damage|p1a: Kyurem|0 fnt
|faint|p1a: Kyurem
|
|upkeep
|
|t:|1779693721
|switch|p1a: Darkrai|Darkrai|28/100
|turn|30
|
|t:|1779693725
|move|p1a: Darkrai|Ice Beam|p2a: Zapdos
|-supereffective|p2a: Zapdos
|-damage|p2a: Zapdos|0 fnt
|faint|p2a: Zapdos
|
|upkeep
|
|t:|1779693730
|switch|p2a: Iron Valiant|Iron Valiant, shiny|100/100
|turn|31
|
|t:|1779693739
|move|p1a: Darkrai|Sludge Bomb|p2a: Iron Valiant
|-supereffective|p2a: Iron Valiant
|-damage|p2a: Iron Valiant|0 fnt
|faint|p2a: Iron Valiant
|-end|p2a: Iron Valiant|Quark Drive|[silent]
|
|upkeep
|
|t:|1779693744
|switch|p2a: Dragapult|Dragapult, F|47/100
|turn|32
|
|t:|1779693752
|-terastallize|p2a: Dragapult|Dragon
|move|p2a: Dragapult|Dragon Darts|p1a: Darkrai
|-damage|p1a: Darkrai|0 fnt
|faint|p1a: Darkrai
|
|upkeep
|
|t:|1779693755
|switch|p1a: Slowking|Slowking-Galar, F|70/100
|turn|33
|
|t:|1779693760
|switch|p1a: Hoopa|Hoopa-Unbound|75/100
|move|p2a: Dragapult|Dragon Darts|p1a: Hoopa
|-damage|p1a: Hoopa|21/100
|-anim|p2a: Dragapult|Dragon Darts|p1a: Hoopa
|-crit|p1a: Hoopa
|-damage|p1a: Hoopa|0 fnt
|faint|p1a: Hoopa
|
|upkeep
|
|t:|1779693771
|switch|p1a: Slowking|Slowking-Galar, F|100/100
|turn|34
|
|t:|1779693774
|move|p2a: Dragapult|Dragon Darts|p1a: Slowking
|-damage|p1a: Slowking|71/100
|-anim|p2a: Dragapult|Dragon Darts|p1a: Slowking
|-damage|p1a: Slowking|41/100
|move|p1a: Slowking|Sludge Bomb|p2a: Dragapult
|-damage|p2a: Dragapult|1/100
|
|upkeep
|turn|35
|
|t:|1779693781
|move|p2a: Dragapult|Dragon Darts|p1a: Slowking
|-damage|p1a: Slowking|12/100
|-anim|p2a: Dragapult|Dragon Darts|p1a: Slowking
|-damage|p1a: Slowking|0 fnt
|faint|p1a: Slowking
|
|win|zg4h11
|raw|yoki's rating: 1505 &rarr; <strong>1486</strong><br />(-19 for losing)
|raw|zg4h11's rating: 1528 &rarr; <strong>1547</strong><br />(+19 for winning)
|l|☆yoki
|player|p1|
