|j|☆Windy189
|j|☆YoSoyDelBronx
|t:|1779633850
|gametype|singles
|player|p1|Windy189|169|1380
|player|p2|YoSoyDelBronx|noland|1332
|gen|9
|tier|[Gen 9] OU
|rated|
|rule|HP Percentage Mod: HP is shown in percentages
|rule|Endless Battle Clause: Forcing endless battles is banned
|rule|Species Clause: Limit one of each Pokémon
|rule|OHKO Clause: OHKO moves are banned
|rule|Evasion Items Clause: Evasion items are banned
|rule|Evasion Moves Clause: Evasion moves are banned
|rule|Evasion Abilities Clause: Evasion abilities are banned
|rule|Sleep Moves Clause: Sleep-inducing moves are banned
|clearpoke
|poke|p1|Blaziken, F|
|poke|p1|Darkrai|
|poke|p1|Dragonite, M|
|poke|p1|Skeledirge, M|
|poke|p1|Pawmot, F|
|poke|p1|Great Tusk|
|poke|p2|Ninetales, M|
|poke|p2|Venusaur, F|
|poke|p2|Walking Wake|
|poke|p2|Brute Bonnet|
|poke|p2|Great Tusk|
|poke|p2|Golem-Alola, M|
|teampreview
|inactive|Battle timer is ON: inactive players will automatically lose when time's up. (requested by Windy189)
|
|t:|1779633856
|teamsize|p1|6
|teamsize|p2|6
|start
|switch|p1a: Darkrai|Darkrai|100/100
|switch|p2a: Brute Bonnet|Brute Bonnet|100/100
|-enditem|p2a: Brute Bonnet|Booster Energy
|-activate|p2a: Brute Bonnet|ability: Protosynthesis|[fromitem]
|-start|p2a: Brute Bonnet|protosynthesisatk
|turn|1
|
|t:|1779633867
|move|p1a: Darkrai|Sludge Bomb|p2a: Brute Bonnet
|-supereffective|p2a: Brute Bonnet
|-damage|p2a: Brute Bonnet|39/100
|move|p2a: Brute Bonnet|Close Combat|p1a: Darkrai
|-supereffective|p1a: Darkrai
|-enditem|p1a: Darkrai|Focus Sash
|-damage|p1a: Darkrai|1/100
|-unboost|p2a: Brute Bonnet|def|1
|-unboost|p2a: Brute Bonnet|spd|1
|
|upkeep
|turn|2
|
|t:|1779633876
|move|p2a: Brute Bonnet|Sucker Punch|p1a: Darkrai
|-resisted|p1a: Darkrai
|-damage|p1a: Darkrai|0 fnt
|faint|p1a: Darkrai
|
|upkeep
|
|t:|1779633881
|switch|p1a: Blaziken|Blaziken, F|100/100
|turn|3
|
|t:|1779633884
|move|p1a: Blaziken|Protect|p1a: Blaziken
|-singleturn|p1a: Blaziken|Protect
|move|p2a: Brute Bonnet|Thief|p1a: Blaziken
|-activate|p1a: Blaziken|move: Protect
|
|-ability|p1a: Blaziken|Speed Boost|boost
|-boost|p1a: Blaziken|spe|1
|upkeep
|turn|4
|
|t:|1779633890
|move|p1a: Blaziken|Swords Dance|p1a: Blaziken
|-boost|p1a: Blaziken|atk|2
|move|p2a: Brute Bonnet|Thief|p1a: Blaziken
|-resisted|p1a: Blaziken
|-damage|p1a: Blaziken|67/100
|-enditem|p1a: Blaziken|Focus Sash|[silent]|[from] move: Thief|[of] p2a: Brute Bonnet
|-item|p2a: Brute Bonnet|Focus Sash|[from] move: Thief|[of] p1a: Blaziken
|
|-ability|p1a: Blaziken|Speed Boost|boost
|-boost|p1a: Blaziken|spe|1
|upkeep
|turn|5
|
|t:|1779633901
|move|p1a: Blaziken|Close Combat|p2a: Brute Bonnet
|-supereffective|p2a: Brute Bonnet
|-damage|p2a: Brute Bonnet|0 fnt
|-unboost|p1a: Blaziken|def|1
|-unboost|p1a: Blaziken|spd|1
|faint|p2a: Brute Bonnet
|-end|p2a: Brute Bonnet|Protosynthesis|[silent]
|
|-ability|p1a: Blaziken|Speed Boost|boost
|-boost|p1a: Blaziken|spe|1
|upkeep
|
|t:|1779633908
|switch|p2a: Great Tusk|Great Tusk|100/100
|turn|6
|
|t:|1779633912
|-terastallize|p1a: Blaziken|Flying
|move|p1a: Blaziken|Close Combat|p2a: Great Tusk
|-damage|p2a: Great Tusk|13/100
|-unboost|p1a: Blaziken|def|1
|-unboost|p1a: Blaziken|spd|1
|-damage|p1a: Blaziken|50/100|[from] item: Rocky Helmet|[of] p2a: Great Tusk
|move|p2a: Great Tusk|Headlong Rush|p1a: Blaziken
|-immune|p1a: Blaziken
|
|-ability|p1a: Blaziken|Speed Boost|boost
|-boost|p1a: Blaziken|spe|1
|upkeep
|turn|7
|
|t:|1779633925
|move|p1a: Blaziken|Close Combat|p2a: Great Tusk
|-damage|p2a: Great Tusk|0 fnt
|-unboost|p1a: Blaziken|def|1
|-unboost|p1a: Blaziken|spd|1
|-damage|p1a: Blaziken|34/100|[from] item: Rocky Helmet|[of] p2a: Great Tusk
|faint|p2a: Great Tusk
|-end|p2a: Great Tusk|Protosynthesis|[silent]
|
|-ability|p1a: Blaziken|Speed Boost|boost
|-boost|p1a: Blaziken|spe|1
|upkeep
|
|t:|1779633942
|switch|p2a: Ninetales|Ninetales, M|100/100
|-weather|SunnyDay|[from] ability: Drought|[of] p2a: Ninetales
|turn|8
|
|t:|1779633949
|-terastallize|p2a: Ninetales|Ghost
|move|p1a: Blaziken|Close Combat|p2a: Ninetales
|-immune|p2a: Ninetales
|move|p2a: Ninetales|Weather Ball|p1a: Blaziken
|-damage|p1a: Blaziken|0 fnt
|faint|p1a: Blaziken
|
|-weather|SunnyDay|[upkeep]
|upkeep
|
|t:|1779633958
|switch|p1a: Pawmot|Pawmot, F, shiny|100/100
|turn|9
|
|t:|1779633962
|move|p1a: Pawmot|Knock Off|p2a: Ninetales
|-supereffective|p2a: Ninetales
|-damage|p2a: Ninetales|28/100
|-enditem|p2a: Ninetales|Heat Rock|[from] move: Knock Off|[of] p1a: Pawmot
|move|p2a: Ninetales|Will-O-Wisp|p1a: Pawmot|[miss]
|-miss|p2a: Ninetales|p1a: Pawmot
|
|-weather|SunnyDay|[upkeep]
|upkeep
|turn|10
|
|t:|1779633969
|switch|p2a: Venusaur|Venusaur, F|100/100
|move|p1a: Pawmot|Knock Off|p2a: Venusaur
|-damage|p2a: Venusaur|58/100
|-enditem|p2a: Venusaur|Life Orb|[from] move: Knock Off|[of] p1a: Pawmot
|
|-weather|SunnyDay|[upkeep]
|upkeep
|turn|11
|
|t:|1779633979
|move|p2a: Venusaur|Sludge Bomb|p1a: Pawmot
|-damage|p1a: Pawmot|26/100
|move|p1a: Pawmot|Knock Off|p2a: Venusaur
|-damage|p2a: Venusaur|28/100
|
|-weather|SunnyDay|[upkeep]
|upkeep
|turn|12
|
|t:|1779633986
|move|p2a: Venusaur|Giga Drain|p1a: Pawmot
|-crit|p1a: Pawmot
|-damage|p1a: Pawmot|0 fnt
|-heal|p2a: Venusaur|41/100|[from] drain|[of] p1a: Pawmot
|faint|p1a: Pawmot
|
|-weather|SunnyDay|[upkeep]
|upkeep
|
|t:|1779633992
|switch|p1a: Skeledirge|Skeledirge, M|100/100
|turn|13
|
|t:|1779634004
|move|p2a: Venusaur|Sludge Bomb|p1a: Skeledirge
|-resisted|p1a: Skeledirge
|-damage|p1a: Skeledirge|79/100
|-status|p1a: Skeledirge|psn
|move|p1a: Skeledirge|Torch Song|p2a: Venusaur
|-supereffective|p2a: Venusaur
|-damage|p2a: Venusaur|0 fnt
|-boost|p1a: Skeledirge|spa|1
|faint|p2a: Venusaur
|
|-weather|SunnyDay|[upkeep]
|-heal|p1a: Skeledirge|85/100 psn|[from] item: Leftovers
|-damage|p1a: Skeledirge|73/100 psn|[from] psn
|upkeep
|
|t:|1779634008
|switch|p2a: Walking Wake|Walking Wake|100/100
|-activate|p2a: Walking Wake|ability: Protosynthesis
|-start|p2a: Walking Wake|protosynthesisspe
|turn|14
|
|t:|1779634020
|move|p2a: Walking Wake|Hydro Steam|p1a: Skeledirge
|-supereffective|p1a: Skeledirge
|-damage|p1a: Skeledirge|0 fnt
|faint|p1a: Skeledirge
|
|-weather|SunnyDay|[upkeep]
|upkeep
|
|t:|1779634027
|switch|p1a: Dragonite|Dragonite, M|100/100
|turn|15
|
|t:|1779634033
|-end|p2a: Walking Wake|Protosynthesis|[silent]
|switch|p2a: Ninetales|Ninetales, M, tera:Ghost|28/100
|move|p1a: Dragonite|Dragon Dance|p1a: Dragonite
|-boost|p1a: Dragonite|atk|1
|-boost|p1a: Dragonite|spe|1
|
|-weather|none
|upkeep
|turn|16
|
|t:|1779634039
|switch|p2a: Hustle Hard|Golem-Alola, M, shiny|100/100
|move|p1a: Dragonite|Earthquake|p2a: Hustle Hard
|-supereffective|p2a: Hustle Hard
|-damage|p2a: Hustle Hard|0 fnt
|faint|p2a: Hustle Hard
|
|upkeep
|
|t:|1779634041
|switch|p2a: Ninetales|Ninetales, M, tera:Ghost|28/100
|-weather|SunnyDay|[from] ability: Drought|[of] p2a: Ninetales
|turn|17
|
|t:|1779634048
|move|p1a: Dragonite|Earthquake|p2a: Ninetales
|-crit|p2a: Ninetales
|-damage|p2a: Ninetales|0 fnt
|faint|p2a: Ninetales
|
|-weather|SunnyDay|[upkeep]
|upkeep
|
|t:|1779634051
|switch|p2a: Walking Wake|Walking Wake|100/100
|-activate|p2a: Walking Wake|ability: Protosynthesis
|-start|p2a: Walking Wake|protosynthesisspe
|turn|18
|
|t:|1779634057
|move|p2a: Walking Wake|Draco Meteor|p1a: Dragonite|[miss]
|-miss|p2a: Walking Wake|p1a: Dragonite
|move|p1a: Dragonite|Earthquake|p2a: Walking Wake
|-damage|p2a: Walking Wake|48/100
|
|-weather|SunnyDay|[upkeep]
|upkeep
|turn|19
|
|t:|1779634064
|move|p1a: Dragonite|Extreme Speed|p2a: Walking Wake
|-damage|p2a: Walking Wake|9/100
|move|p2a: Walking Wake|Draco Meteor|p1a: Dragonite|[miss]
|-miss|p2a: Walking Wake|p1a: Dragonite
|
|-weather|SunnyDay|[upkeep]
|upkeep
|turn|20
|c|☆YoSoyDelBronx|...
|
|t:|1779634074
|move|p1a: Dragonite|Extreme Speed|p2a: Walking Wake
|-damage|p2a: Walking Wake|0 fnt
|faint|p2a: Walking Wake
|-end|p2a: Walking Wake|Protosynthesis|[silent]
|
|win|Windy189
|raw|Windy189's rating: 1380 &rarr; <strong>1397</strong><br />(+17 for winning)
|raw|YoSoyDelBronx's rating: 1332 &rarr; <strong>1315</strong><br />(-17 for losing)
|c|☆Windy189|sometime
|c|☆Windy189|I aslo got same situation
|l|☆Windy189
|player|p1|
|l|☆YoSoyDelBronx
|player|p2|
