|inactive|Battle timer is ON: inactive players will automatically lose when time's up.
|badge|p1|silver|gen9ou|30-9
|uhtml|medal-msg|<div class="broadcast-blue">Curious what those medals under the avatar are? PS now has Ladder Seasons! For more information, check out the <a href="https://www.smogon.com/forums/threads/3740067/">thread on Smogon.</a></div>
|t:|1779569120
|gametype|singles
|player|p1|LT123VB 87|lucas|
|player|p2|kingler|#scl5platoon|
|gen|9
|tier|[Gen 9] OU
|rule|HP Percentage Mod: HP is shown in percentages
|rule|Endless Battle Clause: Forcing endless battles is banned
|rule|Species Clause: Limit one of each Pokémon
|rule|OHKO Clause: OHKO moves are banned
|rule|Evasion Items Clause: Evasion items are banned
|rule|Evasion Moves Clause: Evasion moves are banned
|rule|Evasion Abilities Clause: Evasion abilities are banned
|rule|Sleep Moves Clause: Sleep-inducing moves are banned
|clearpoke
|poke|p1|Ting-Lu|
|poke|p1|Landorus-Therian, M|
|poke|p1|Iron Valiant|
|poke|p1|Weezing-Galar, M|
|poke|p1|Alomomola, M|
|poke|p1|Dragonite, M|
|poke|p2|Moltres|
|poke|p2|Weezing-Galar, F|
|poke|p2|Ogerpon-Wellspring, F|
|poke|p2|Garchomp, M|
|poke|p2|Zamazenta-*|
|poke|p2|Tinkaton, F|
|teampreview
|c|☆kingler|oh
|c|☆kingler|mb just saw
|c|☆kingler|hf
|inactive|LT123VB 87 has 270 seconds left.
|
|t:|1779569151
|teamsize|p1|6
|teamsize|p2|6
|start
|switch|p1a: Landorus|Landorus-Therian, M|100/100
|switch|p2a: Ogerpon|Ogerpon-Wellspring, F|100/100
|-ability|p1a: Landorus|Intimidate|boost
|-unboost|p2a: Ogerpon|atk|1
|turn|1
|
|t:|1779569155
|move|p1a: Landorus|U-turn|p2a: Ogerpon
|-supereffective|p2a: Ogerpon
|-damage|p2a: Ogerpon|37/100
|
|t:|1779569169
|switch|p1a: Weezing|Weezing-Galar, M|100/100|[from] U-turn
|-ability|p1a: Weezing|Neutralizing Gas
|move|p2a: Ogerpon|Swords Dance|p2a: Ogerpon
|-boost|p2a: Ogerpon|atk|2
|
|upkeep
|turn|2
|
|t:|1779569191
|move|p2a: Ogerpon|Ivy Cudgel|p1a: Weezing|[anim] Ivy Cudgel Water
|-damage|p1a: Weezing|36/100
|move|p1a: Weezing|Sludge Bomb|p2a: Ogerpon
|-supereffective|p2a: Ogerpon
|-damage|p2a: Ogerpon|0 fnt
|faint|p2a: Ogerpon
|
|upkeep
|inactive|kingler has 270 seconds left.
|
|t:|1779569214
|switch|p2a: Garchomp|Garchomp, M|100/100
|turn|3
|inactive|kingler has 270 seconds left.
|
|t:|1779569243
|-end|p1a: Weezing|ability: Neutralizing Gas
|switch|p1a: Ting-Lu|Ting-Lu|100/100
|-ability|p1a: Ting-Lu|Vessel of Ruin
|move|p2a: Garchomp|Earthquake|p1a: Ting-Lu
|-damage|p1a: Ting-Lu|75/100
|
|-heal|p1a: Ting-Lu|81/100|[from] item: Leftovers
|upkeep
|turn|4
|
|t:|1779569248
|move|p2a: Garchomp|Swords Dance|p2a: Garchomp
|-boost|p2a: Garchomp|atk|2
|move|p1a: Ting-Lu|Stealth Rock|p2a: Garchomp
|-sidestart|p2: kingler|move: Stealth Rock
|
|-heal|p1a: Ting-Lu|88/100|[from] item: Leftovers
|upkeep
|turn|5
|
|t:|1779569260
|move|p2a: Garchomp|Scale Shot|p1a: Ting-Lu
|-damage|p1a: Ting-Lu|73/100
|-damage|p1a: Ting-Lu|61/100
|-damage|p1a: Ting-Lu|47/100
|-damage|p1a: Ting-Lu|36/100
|-damage|p1a: Ting-Lu|23/100
|-hitcount|p1a: Ting-Lu|5
|-unboost|p2a: Garchomp|def|1
|-boost|p2a: Garchomp|spe|1
|move|p1a: Ting-Lu|Whirlwind|p2a: Garchomp
|drag|p2a: Moltres|Moltres|100/100
|
|-heal|p1a: Ting-Lu|30/100|[from] item: Leftovers
|upkeep
|turn|6
|
|t:|1779569270
|switch|p1a: Alomomola|Alomomola, M|100/100
|move|p2a: Moltres|U-turn|p1a: Alomomola
|-damage|p1a: Alomomola|91/100
|
|t:|1779569273
|switch|p2a: Weezing|Weezing-Galar, F|100/100|[from] U-turn
|-ability|p2a: Weezing|Neutralizing Gas
|
|upkeep
|turn|7
|
|t:|1779569279
|move|p2a: Weezing|Defog|p1a: Alomomola
|-unboost|p1a: Alomomola|evasion|1
|-sideend|p2: kingler|Stealth Rock|[from] move: Defog|[of] p2a: Weezing
|move|p1a: Alomomola|Scald|p2a: Weezing
|-damage|p2a: Weezing|82/100
|-status|p2a: Weezing|brn
|
|-damage|p2a: Weezing|76/100 brn|[from] brn
|upkeep
|turn|8
|
|t:|1779569284
|move|p2a: Weezing|Sludge Bomb|p1a: Alomomola
|-damage|p1a: Alomomola|76/100
|move|p1a: Alomomola|Flip Turn|p2a: Weezing
|-damage|p2a: Weezing|65/100 brn
|
|t:|1779569301
|switch|p1a: Landorus|Landorus-Therian, M|100/100|[from] Flip Turn
|
|-damage|p2a: Weezing|59/100 brn|[from] brn
|upkeep
|turn|9
|
|t:|1779569316
|move|p1a: Landorus|Earthquake|p2a: Weezing
|-supereffective|p2a: Weezing
|-damage|p2a: Weezing|0 fnt
|faint|p2a: Weezing
|-end|p2a: Weezing|ability: Neutralizing Gas
|
|upkeep
|
|t:|1779569321
|switch|p2a: Moltres|Moltres|100/100
|turn|10
|
|t:|1779569325
|switch|p1a: Alomomola|Alomomola, M|76/100
|move|p2a: Moltres|U-turn|p1a: Alomomola
|-damage|p1a: Alomomola|67/100
|
|t:|1779569342
|switch|p2a: Zamazenta|Zamazenta|100/100|[from] U-turn
|-ability|p2a: Zamazenta|Dauntless Shield|boost
|-boost|p2a: Zamazenta|def|1
|
|upkeep
|turn|11
|
|t:|1779569347
|move|p2a: Zamazenta|Close Combat|p1a: Alomomola
|-damage|p1a: Alomomola|19/100
|-unboost|p2a: Zamazenta|def|1
|-unboost|p2a: Zamazenta|spd|1
|-damage|p2a: Zamazenta|91/100|[from] item: Life Orb
|move|p1a: Alomomola|Flip Turn|p2a: Zamazenta
|-damage|p2a: Zamazenta|75/100
|
|t:|1779569351
|switch|p1a: Landorus|Landorus-Therian, M|100/100|[from] Flip Turn
|-ability|p1a: Landorus|Intimidate|boost
|-unboost|p2a: Zamazenta|atk|1
|
|upkeep
|turn|12
|
|t:|1779569358
|switch|p2a: Moltres|Moltres|100/100
|move|p1a: Landorus|Earthquake|p2a: Moltres
|-immune|p2a: Moltres
|
|upkeep
|turn|13
|
|t:|1779569362
|switch|p1a: Alomomola|Alomomola, M|52/100
|move|p2a: Moltres|U-turn|p1a: Alomomola
|-damage|p1a: Alomomola|43/100
|
|t:|1779569371
|switch|p2a: Zamazenta|Zamazenta|75/100|[from] U-turn
|
|upkeep
|turn|14
|
|t:|1779569384
|switch|p1a: Landorus|Landorus-Therian, M|100/100
|-ability|p1a: Landorus|Intimidate|boost
|-unboost|p2a: Zamazenta|atk|1
|move|p2a: Zamazenta|Close Combat|p1a: Landorus
|-resisted|p1a: Landorus
|-damage|p1a: Landorus|68/100
|-unboost|p2a: Zamazenta|def|1
|-unboost|p2a: Zamazenta|spd|1
|-damage|p2a: Zamazenta|65/100|[from] item: Life Orb
|
|upkeep
|turn|15
|
|t:|1779569390
|switch|p2a: Moltres|Moltres|100/100
|move|p1a: Landorus|Earthquake|p2a: Moltres
|-immune|p2a: Moltres
|
|upkeep
|turn|16
|
|t:|1779569396
|switch|p1a: Alomomola|Alomomola, M|76/100
|move|p2a: Moltres|U-turn|p1a: Alomomola
|-damage|p1a: Alomomola|68/100
|
|t:|1779569398
|switch|p2a: Tinkaton|Tinkaton, F|100/100|[from] U-turn
|-ability|p2a: Tinkaton|Mold Breaker
|
|upkeep
|turn|17
|
|t:|1779569410
|switch|p1a: Ting-Lu|Ting-Lu|30/100
|-ability|p1a: Ting-Lu|Vessel of Ruin
|move|p2a: Tinkaton|Stealth Rock|p1a: Ting-Lu
|-sidestart|p1: LT123VB 87|move: Stealth Rock
|
|-heal|p1a: Ting-Lu|36/100|[from] item: Leftovers
|upkeep
|turn|18
|
|t:|1779569418
|move|p2a: Tinkaton|Gigaton Hammer|p1a: Ting-Lu
|-damage|p1a: Ting-Lu|15/100
|move|p1a: Ting-Lu|Stealth Rock|p2a: Tinkaton
|-sidestart|p2: kingler|move: Stealth Rock
|
|-heal|p1a: Ting-Lu|21/100|[from] item: Leftovers
|upkeep
|turn|19
|
|t:|1779569421
|switch|p1a: Alomomola|Alomomola, M|100/100
|-damage|p1a: Alomomola|88/100|[from] Stealth Rock
|move|p2a: Tinkaton|Encore||[still]
|-fail|p2a: Tinkaton
|
|upkeep
|turn|20
|
|t:|1779569425
|move|p2a: Tinkaton|Thunder Wave|p1a: Alomomola
|-status|p1a: Alomomola|par
|move|p1a: Alomomola|Flip Turn|p2a: Tinkaton
|-damage|p2a: Tinkaton|83/100
|
|t:|1779569430
|switch|p1a: Landorus|Landorus-Therian, M|68/100|[from] Flip Turn
|-damage|p1a: Landorus|55/100|[from] Stealth Rock
|-ability|p1a: Landorus|Intimidate|boost
|-unboost|p2a: Tinkaton|atk|1
|
|-heal|p2a: Tinkaton|89/100|[from] item: Leftovers
|upkeep
|turn|21
|
|t:|1779569436
|switch|p2a: Moltres|Moltres|100/100
|move|p1a: Landorus|Earthquake|p2a: Moltres
|-immune|p2a: Moltres
|
|upkeep
|turn|22
|
|t:|1779569443
|switch|p1a: Alomomola|Alomomola, M|100/100 par
|-damage|p1a: Alomomola|88/100 par|[from] Stealth Rock
|move|p2a: Moltres|U-turn|p1a: Alomomola
|-damage|p1a: Alomomola|79/100 par
|
|t:|1779569447
|switch|p2a: Garchomp|Garchomp, M|100/100|[from] U-turn
|-damage|p2a: Garchomp|94/100|[from] Stealth Rock
|
|upkeep
|turn|23
|
|t:|1779569459
|move|p2a: Garchomp|Swords Dance|p2a: Garchomp
|-boost|p2a: Garchomp|atk|2
|cant|p1a: Alomomola|par
|
|upkeep
|turn|24
|
|t:|1779569466
|switch|p1a: Weezing|Weezing-Galar, M|36/100
|-ability|p1a: Weezing|Neutralizing Gas
|move|p2a: Garchomp|Scale Shot|p1a: Weezing
|-immune|p1a: Weezing
|
|upkeep
|turn|25
|
|t:|1779569470
|move|p2a: Garchomp|Earthquake|p1a: Weezing
|-supereffective|p1a: Weezing
|-damage|p1a: Weezing|0 fnt
|faint|p1a: Weezing
|-end|p1a: Weezing|ability: Neutralizing Gas
|
|upkeep
|
|t:|1779569472
|switch|p1a: Iron Valiant|Iron Valiant|100/100
|-damage|p1a: Iron Valiant|94/100|[from] Stealth Rock
|turn|26
|
|t:|1779569475
|-terastallize|p2a: Garchomp|Ghost
|move|p1a: Iron Valiant|Moonblast|p2a: Garchomp
|-damage|p2a: Garchomp|25/100
|move|p2a: Garchomp|Earthquake|p1a: Iron Valiant
|-damage|p1a: Iron Valiant|0 fnt
|faint|p1a: Iron Valiant
|-end|p1a: Iron Valiant|Quark Drive|[silent]
|
|upkeep
|
|t:|1779569479
|switch|p1a: Landorus|Landorus-Therian, M|55/100
|-damage|p1a: Landorus|43/100|[from] Stealth Rock
|-ability|p1a: Landorus|Intimidate|boost
|-unboost|p2a: Garchomp|atk|1
|turn|27
|
|t:|1779569483
|switch|p2a: Moltres|Moltres|100/100
|move|p1a: Landorus|Earthquake|p2a: Moltres
|-immune|p2a: Moltres
|
|upkeep
|turn|28
|
|t:|1779569491
|switch|p1a: Alomomola|Alomomola, M|100/100 par
|-damage|p1a: Alomomola|88/100 par|[from] Stealth Rock
|move|p2a: Moltres|Roar|p1a: Alomomola
|drag|p1a: Dragonite|Dragonite, M|100/100
|-damage|p1a: Dragonite|76/100|[from] Stealth Rock
|
|upkeep
|turn|29
|
|t:|1779569498
|move|p1a: Dragonite|Ice Spinner|p2a: Moltres
|-damage|p2a: Moltres|53/100
|-status|p1a: Dragonite|brn|[from] ability: Flame Body|[of] p2a: Moltres
|move|p2a: Moltres|Roar|p1a: Dragonite
|drag|p1a: Landorus|Landorus-Therian, M|43/100
|-damage|p1a: Landorus|31/100|[from] Stealth Rock
|-ability|p1a: Landorus|Intimidate|boost
|-unboost|p2a: Moltres|atk|1
|
|upkeep
|turn|30
|
|t:|1779569504
|move|p1a: Landorus|Stone Edge|p2a: Moltres|[miss]
|-miss|p1a: Landorus|p2a: Moltres
|move|p2a: Moltres|Roost|p2a: Moltres
|-heal|p2a: Moltres|100/100
|-singleturn|p2a: Moltres|move: Roost
|
|upkeep
|turn|31
|c|☆kingler|soz
|
|t:|1779569515
|move|p1a: Landorus|Stone Edge|p2a: Moltres
|-supereffective|p2a: Moltres
|-damage|p2a: Moltres|0 fnt
|faint|p2a: Moltres
|
|upkeep
|c|☆kingler|lmao
|c|☆kingler|gg
|
|t:|1779569522
|switch|p2a: Zamazenta|Zamazenta|65/100
|-damage|p2a: Zamazenta|59/100|[from] Stealth Rock
|turn|32
|
|t:|1779569527
|switch|p1a: Ting-Lu|Ting-Lu|21/100
|-damage|p1a: Ting-Lu|15/100|[from] Stealth Rock
|-ability|p1a: Ting-Lu|Vessel of Ruin
|move|p2a: Zamazenta|Close Combat|p1a: Ting-Lu
|-supereffective|p1a: Ting-Lu
|-damage|p1a: Ting-Lu|0 fnt
|-unboost|p2a: Zamazenta|def|1
|-unboost|p2a: Zamazenta|spd|1
|faint|p1a: Ting-Lu
|-damage|p2a: Zamazenta|49/100|[from] item: Life Orb
|
|upkeep
|
|t:|1779569530
|switch|p1a: Landorus|Landorus-Therian, M|31/100
|-damage|p1a: Landorus|19/100|[from] Stealth Rock
|-ability|p1a: Landorus|Intimidate|boost
|-unboost|p2a: Zamazenta|atk|1
|turn|33
|
|t:|1779569540
|switch|p2a: Garchomp|Garchomp, M, tera:Ghost|25/100
|-damage|p2a: Garchomp|13/100|[from] Stealth Rock
|-terastallize|p1a: Landorus|Ground
|move|p1a: Landorus|Earthquake|p2a: Garchomp
|-damage|p2a: Garchomp|0 fnt
|faint|p2a: Garchomp
|
|upkeep
|c|☆LT123VB 87|gg
|
|t:|1779569543
|switch|p2a: Tinkaton|Tinkaton, F|89/100
|-damage|p2a: Tinkaton|83/100|[from] Stealth Rock
|-ability|p2a: Tinkaton|Mold Breaker
|turn|34
|
|t:|1779569545
|move|p1a: Landorus|Earthquake|p2a: Tinkaton
|-supereffective|p2a: Tinkaton
|-damage|p2a: Tinkaton|0 fnt
|faint|p2a: Tinkaton
|
|upkeep
|
|t:|1779569546
|switch|p2a: Zamazenta|Zamazenta|49/100
|-damage|p2a: Zamazenta|43/100|[from] Stealth Rock
|turn|35
|
|t:|1779569548
|move|p1a: Landorus|Earthquake|p2a: Zamazenta
|-damage|p2a: Zamazenta|0 fnt
|faint|p2a: Zamazenta
|
|win|LT123VB 87
