|j|☆accidentalrabies
|j|☆YoSoyDelBronx
|t:|1779707393
|gametype|singles
|player|p1|accidentalrabies|cynthia-gen4|1208
|player|p2|YoSoyDelBronx|noland|1245
|gen|9
|tier|[Gen 9] OU
|rated|
|rule|HP Percentage Mod: HP is shown in percentages
|rule|Endless Battle Clause: Forcing endless battles is banned
|rule|Species Clause: Limit one of each Pokémon
|rule|OHKO Clause: OHKO moves are banned
|rule|Evasion Items Clause: Evasion items are banned
|rule|Evasion Moves Clause: Evasion moves are banned
|rule|Evasion Abilities Clause: Evasion abilities are banned
|rule|Sleep Moves Clause: Sleep-inducing moves are banned
|clearpoke
|poke|p1|Tyranitar, M|
|poke|p1|Excadrill, F|
|poke|p1|Samurott-Hisui, M|
|poke|p1|Rotom-Wash|
|poke|p1|Gliscor, M|
|poke|p1|Goodra-Hisui, F|
|poke|p2|Ninetales, F|
|poke|p2|Venusaur, M|
|poke|p2|Walking Wake|
|poke|p2|Blaziken, M|
|poke|p2|Garchomp, F|
|poke|p2|Mimikyu, F|
|teampreview
|
|t:|1779707400
|teamsize|p1|6
|teamsize|p2|6
|start
|switch|p1a: Gliscor|Gliscor, M|100/100
|switch|p2a: Blaziken|Blaziken, M, shiny|100/100
|-item|p2a: Blaziken|Air Balloon
|turn|1
|
|t:|1779707409
|move|p2a: Blaziken|Swords Dance|p2a: Blaziken
|-boost|p2a: Blaziken|atk|2
|move|p1a: Gliscor|Toxic|p2a: Blaziken
|-status|p2a: Blaziken|tox
|
|-damage|p2a: Blaziken|95/100 tox|[from] psn
|-ability|p2a: Blaziken|Speed Boost|boost
|-boost|p2a: Blaziken|spe|1
|-status|p1a: Gliscor|tox|[from] item: Toxic Orb
|upkeep
|turn|2
|
|t:|1779707420
|move|p2a: Blaziken|Swords Dance|p2a: Blaziken
|-boost|p2a: Blaziken|atk|2
|move|p1a: Gliscor|Stealth Rock|p2a: Blaziken
|-sidestart|p2: YoSoyDelBronx|move: Stealth Rock
|
|-damage|p2a: Blaziken|83/100 tox|[from] psn
|-ability|p2a: Blaziken|Speed Boost|boost
|-boost|p2a: Blaziken|spe|1
|upkeep
|turn|3
|
|t:|1779707433
|switch|p1a: Rotom|Rotom-Wash|100/100
|move|p2a: Blaziken|Flare Blitz|p1a: Rotom
|-resisted|p1a: Rotom
|-damage|p1a: Rotom|19/100
|-damage|p2a: Blaziken|55/100 tox|[from] Recoil
|
|-heal|p1a: Rotom|25/100|[from] item: Leftovers
|-damage|p2a: Blaziken|37/100 tox|[from] psn
|-ability|p2a: Blaziken|Speed Boost|boost
|-boost|p2a: Blaziken|spe|1
|upkeep
|turn|4
|
|t:|1779707451
|move|p2a: Blaziken|Close Combat|p1a: Rotom
|-damage|p1a: Rotom|0 fnt
|-unboost|p2a: Blaziken|def|1
|-unboost|p2a: Blaziken|spd|1
|faint|p1a: Rotom
|
|-damage|p2a: Blaziken|13/100 tox|[from] psn
|-ability|p2a: Blaziken|Speed Boost|boost
|-boost|p2a: Blaziken|spe|1
|upkeep
|
|t:|1779707459
|switch|p1a: Gliscor|Gliscor, M|100/100 tox
|turn|5
|inactive|Battle timer is ON: inactive players will automatically lose when time's up. (requested by accidentalrabies)
|
|t:|1779707480
|switch|p2a: Garchomp|Garchomp, F|100/100
|-damage|p2a: Garchomp|94/100|[from] Stealth Rock
|move|p1a: Gliscor|Protect||[still]
|-fail|p1a: Gliscor
|
|upkeep
|turn|6
|
|t:|1779707491
|move|p2a: Garchomp|Swords Dance|p2a: Garchomp
|-boost|p2a: Garchomp|atk|2
|move|p1a: Gliscor|Toxic|p2a: Garchomp
|-status|p2a: Garchomp|tox
|
|-damage|p2a: Garchomp|88/100 tox|[from] psn
|upkeep
|turn|7
|
|t:|1779707499
|move|p2a: Garchomp|Scale Shot|p1a: Gliscor
|-damage|p1a: Gliscor|80/100 tox
|-damage|p1a: Gliscor|60/100 tox
|-damage|p1a: Gliscor|40/100 tox
|-damage|p1a: Gliscor|19/100 tox
|-damage|p1a: Gliscor|0 fnt
|faint|p1a: Gliscor
|-hitcount|p1: Gliscor|5
|-unboost|p2a: Garchomp|def|1
|-boost|p2a: Garchomp|spe|1
|
|-damage|p2a: Garchomp|76/100 tox|[from] psn
|upkeep
|
|t:|1779707513
|switch|p1a: Goodra|Goodra-Hisui, F|100/100
|turn|8
|
|t:|1779707519
|-terastallize|p1a: Goodra|Fairy
|move|p2a: Garchomp|Earthquake|p1a: Goodra
|-damage|p1a: Goodra|9/100
|move|p1a: Goodra|Draco Meteor|p2a: Garchomp
|-supereffective|p2a: Garchomp
|-damage|p2a: Garchomp|0 fnt
|-unboost|p1a: Goodra|spa|2
|faint|p2a: Garchomp
|
|upkeep
|
|t:|1779707524
|switch|p2a: Kurama|Ninetales, F|100/100
|-damage|p2a: Kurama|76/100|[from] Stealth Rock
|-weather|SunnyDay|[from] ability: Drought|[of] p2a: Kurama
|turn|9
|
|t:|1779707538
|switch|p1a: Tyranitar|Tyranitar, M|100/100
|-weather|Sandstorm|[from] ability: Sand Stream|[of] p1a: Tyranitar
|move|p2a: Kurama|Will-O-Wisp|p1a: Tyranitar
|-status|p1a: Tyranitar|brn
|
|-weather|Sandstorm|[upkeep]
|-damage|p2a: Kurama|70/100|[from] Sandstorm
|-damage|p1a: Tyranitar|94/100 brn|[from] brn
|upkeep
|turn|10
|
|t:|1779707556
|switch|p1a: Excadrill|Excadrill, F|100/100
|move|p2a: Kurama|Healing Wish|p2a: Kurama
|faint|p2a: Kurama
|
|-weather|Sandstorm|[upkeep]
|upkeep
|
|t:|1779707559
|switch|p2a: Blaziken|Blaziken, M, shiny|13/100 tox
|-heal|p2a: Blaziken|100/100|[from] move: Healing Wish
|-damage|p2a: Blaziken|88/100|[from] Stealth Rock
|-item|p2a: Blaziken|Air Balloon
|turn|11
|
|t:|1779707574
|switch|p1a: Samurott|Samurott-Hisui, M|100/100
|move|p2a: Blaziken|Protect||[still]
|-fail|p2a: Blaziken
|
|-weather|Sandstorm|[upkeep]
|-damage|p1a: Samurott|94/100|[from] Sandstorm
|-damage|p2a: Blaziken|82/100|[from] Sandstorm
|-ability|p2a: Blaziken|Speed Boost|boost
|-boost|p2a: Blaziken|spe|1
|upkeep
|turn|12
|
|t:|1779707587
|-terastallize|p2a: Blaziken|Fighting
|move|p1a: Samurott|Razor Shell|p2a: Blaziken
|-damage|p2a: Blaziken|5/100
|-unboost|p2a: Blaziken|def|1
|-enditem|p2a: Blaziken|Air Balloon
|move|p2a: Blaziken|Close Combat|p1a: Samurott
|-supereffective|p1a: Samurott
|-damage|p1a: Samurott|0 fnt
|-unboost|p2a: Blaziken|def|1
|-unboost|p2a: Blaziken|spd|1
|faint|p1a: Samurott
|
|-weather|Sandstorm|[upkeep]
|-damage|p2a: Blaziken|0 fnt|[from] Sandstorm
|faint|p2a: Blaziken
|upkeep
|
|t:|1779707605
|switch|p1a: Excadrill|Excadrill, F|100/100
|switch|p2a: SimaSoyYo|Mimikyu, F|100/100
|-damage|p2a: SimaSoyYo|88/100|[from] Stealth Rock
|turn|13
|
|t:|1779707617
|move|p1a: Excadrill|Iron Head|p2a: SimaSoyYo
|-activate|p2a: SimaSoyYo|ability: Disguise
|-damage|p2a: SimaSoyYo|88/100
|detailschange|p2a: SimaSoyYo|Mimikyu-Busted, F
|-damage|p2a: SimaSoyYo|76/100|[from] pokemon: Mimikyu-Busted
|-enditem|p2a: SimaSoyYo|Red Card|[of] p1a: Excadrill
|drag|p1a: Tyranitar|Tyranitar, M|94/100 brn
|cant|p2a: SimaSoyYo|flinch
|
|-weather|none
|-damage|p1a: Tyranitar|88/100 brn|[from] brn
|upkeep
|turn|14
|inactive|accidentalrabies has 120 seconds left.
|
|t:|1779707634
|move|p2a: SimaSoyYo|Play Rough|p1a: Tyranitar
|-supereffective|p1a: Tyranitar
|-damage|p1a: Tyranitar|31/100 brn
|move|p1a: Tyranitar|Knock Off|p2a: SimaSoyYo
|-damage|p2a: SimaSoyYo|41/100
|
|-damage|p1a: Tyranitar|25/100 brn|[from] brn
|upkeep
|turn|15
|inactive|accidentalrabies has 120 seconds left.
|
|t:|1779707644
|switch|p1a: Excadrill|Excadrill, F|100/100
|move|p2a: SimaSoyYo|Play Rough|p1a: Excadrill
|-resisted|p1a: Excadrill
|-damage|p1a: Excadrill|81/100
|
|upkeep
|turn|16
|
|t:|1779707652
|move|p1a: Excadrill|Iron Head|p2a: SimaSoyYo
|-supereffective|p2a: SimaSoyYo
|-damage|p2a: SimaSoyYo|0 fnt
|faint|p2a: SimaSoyYo
|
|upkeep
|
|t:|1779707655
|switch|p2a: Weiki|Walking Wake|100/100
|-damage|p2a: Weiki|88/100|[from] Stealth Rock
|turn|17
|
|t:|1779707664
|move|p2a: Weiki|Hydro Steam|p1a: Excadrill
|-supereffective|p1a: Excadrill
|-damage|p1a: Excadrill|0 fnt
|faint|p1a: Excadrill
|
|upkeep
|
|t:|1779707668
|switch|p1a: Tyranitar|Tyranitar, M|25/100 brn
|-weather|Sandstorm|[from] ability: Sand Stream|[of] p1a: Tyranitar
|turn|18
|
|t:|1779707673
|move|p2a: Weiki|Hydro Steam|p1a: Tyranitar
|-supereffective|p1a: Tyranitar
|-damage|p1a: Tyranitar|0 fnt
|faint|p1a: Tyranitar
|
|-weather|Sandstorm|[upkeep]
|-damage|p2a: Weiki|82/100|[from] Sandstorm
|upkeep
|
|t:|1779707676
|switch|p1a: Goodra|Goodra-Hisui, F, tera:Fairy|9/100
|turn|19
|c|☆YoSoyDelBronx|gg
|
|t:|1779707679
|move|p2a: Weiki|Hydro Steam|p1a: Goodra
|-damage|p1a: Goodra|0 fnt
|faint|p1a: Goodra
|
|win|YoSoyDelBronx
|raw|accidentalrabies's rating: 1208 &rarr; <strong>1186</strong><br />(-22 for losing)
|raw|YoSoyDelBronx's rating: 1245 &rarr; <strong>1267</strong><br />(+22 for winning)
