|j|☆gen3rand0mizerking
|j|☆ju2508
|t:|1779717550
|gametype|singles
|player|p1|gen3rand0mizerking|palmer|1180
|player|p2|ju2508|101|1168
|gen|9
|tier|[Gen 9] OU
|rated|
|rule|HP Percentage Mod: HP is shown in percentages
|rule|Endless Battle Clause: Forcing endless battles is banned
|rule|Species Clause: Limit one of each Pokémon
|rule|OHKO Clause: OHKO moves are banned
|rule|Evasion Items Clause: Evasion items are banned
|rule|Evasion Moves Clause: Evasion moves are banned
|rule|Evasion Abilities Clause: Evasion abilities are banned
|rule|Sleep Moves Clause: Sleep-inducing moves are banned
|clearpoke
|poke|p1|Gliscor, M|
|poke|p1|Toxapex, F|
|poke|p1|Vaporeon, M|
|poke|p1|Incineroar, M|
|poke|p1|Gholdengo|
|poke|p1|Garganacl, M|
|poke|p2|Feraligatr, M|
|poke|p2|Donphan, M|
|poke|p2|Sylveon, F|
|poke|p2|Magneton|
|poke|p2|Serperior, M|
|poke|p2|Flamigo, F|
|teampreview
|inactive|Battle timer is ON: inactive players will automatically lose when time's up. (requested by gen3rand0mizerking)
|
|t:|1779717558
|teamsize|p1|6
|teamsize|p2|6
|start
|switch|p1a: Incineroar|Incineroar, M|100/100
|switch|p2a: Donphan|Donphan, M|100/100
|-ability|p1a: Incineroar|Intimidate|boost
|-unboost|p2a: Donphan|atk|1
|turn|1
|
|t:|1779717566
|-terastallize|p1a: Incineroar|Flying
|move|p1a: Incineroar|Knock Off|p2a: Donphan
|-damage|p2a: Donphan|81/100
|-enditem|p2a: Donphan|Leftovers|[from] move: Knock Off|[of] p1a: Incineroar
|move|p2a: Donphan|Knock Off|p1a: Incineroar
|-damage|p1a: Incineroar|84/100
|-enditem|p1a: Incineroar|Heavy-Duty Boots|[from] move: Knock Off|[of] p2a: Donphan
|
|upkeep
|turn|2
|
|t:|1779717576
|move|p1a: Incineroar|Parting Shot|p2a: Donphan
|-unboost|p2a: Donphan|atk|1
|-unboost|p2a: Donphan|spa|1
|
|t:|1779717580
|switch|p1a: Gliscor|Gliscor, M, shiny|100/100|[from] Parting Shot
|move|p2a: Donphan|Stealth Rock|p1a: Gliscor
|-sidestart|p1: gen3rand0mizerking|move: Stealth Rock
|
|-status|p1a: Gliscor|tox|[from] item: Toxic Orb
|upkeep
|turn|3
|
|t:|1779717594
|switch|p2a: Serperior|Serperior, M|100/100
|move|p1a: Gliscor|Toxic|p2a: Serperior
|-status|p2a: Serperior|tox
|
|-damage|p2a: Serperior|94/100 tox|[from] psn
|upkeep
|turn|4
|
|t:|1779717604
|move|p2a: Serperior|Leaf Storm|p1a: Gliscor
|-damage|p1a: Gliscor|45/100 tox
|-boost|p2a: Serperior|spa|2
|move|p1a: Gliscor|Knock Off|p2a: Serperior
|-damage|p2a: Serperior|66/100 tox
|-enditem|p2a: Serperior|Expert Belt|[from] move: Knock Off|[of] p1a: Gliscor
|
|-damage|p2a: Serperior|54/100 tox|[from] psn
|-heal|p1a: Gliscor|58/100 tox|[from] ability: Poison Heal
|upkeep
|turn|5
|
|t:|1779717618
|switch|p2a: Flamigo|Flamigo, F|100/100
|move|p1a: Gliscor|Protect||[still]
|-fail|p1a: Gliscor
|
|-heal|p1a: Gliscor|70/100 tox|[from] ability: Poison Heal
|upkeep
|turn|6
|
|t:|1779717626
|switch|p1a: Incineroar|Incineroar, M, tera:Flying|84/100
|-damage|p1a: Incineroar|59/100|[from] Stealth Rock
|-ability|p1a: Incineroar|Intimidate|boost
|-fail|p2a: Flamigo|unboost|Attack|[from] ability: Scrappy|[of] p2a: Flamigo
|move|p2a: Flamigo|U-turn|p1a: Incineroar
|-resisted|p1a: Incineroar
|-damage|p1a: Incineroar|48/100
|
|t:|1779717634
|switch|p2a: Feraligatr|Feraligatr, M|100/100|[from] U-turn
|
|upkeep
|turn|7
|
|t:|1779717643
|switch|p1a: Vaporeon|Vaporeon, M|100/100
|move|p2a: Feraligatr|Dragon Dance|p2a: Feraligatr
|-boost|p2a: Feraligatr|atk|1
|-boost|p2a: Feraligatr|spe|1
|
|upkeep
|turn|8
|
|t:|1779717651
|move|p2a: Feraligatr|Dragon Dance|p2a: Feraligatr
|-boost|p2a: Feraligatr|atk|1
|-boost|p2a: Feraligatr|spe|1
|move|p1a: Vaporeon|Roar|p2a: Feraligatr
|drag|p2a: Magneton|Magneton|100/100
|
|upkeep
|turn|9
|
|t:|1779717662
|switch|p1a: Gliscor|Gliscor, M, shiny|70/100 tox
|-damage|p1a: Gliscor|58/100 tox|[from] Stealth Rock
|move|p2a: Magneton|Flash Cannon|p1a: Gliscor
|-damage|p1a: Gliscor|8/100 tox
|
|-heal|p1a: Gliscor|20/100 tox|[from] ability: Poison Heal
|upkeep
|turn|10
|
|t:|1779717671
|move|p1a: Gliscor|Protect|p1a: Gliscor
|-singleturn|p1a: Gliscor|Protect
|move|p2a: Magneton|Flash Cannon|p1a: Gliscor
|-activate|p1a: Gliscor|move: Protect
|
|-heal|p1a: Gliscor|33/100 tox|[from] ability: Poison Heal
|upkeep
|turn|11
|
|t:|1779717696
|switch|p1a: Toxapex|Toxapex, F|100/100
|-damage|p1a: Toxapex|88/100|[from] Stealth Rock
|move|p2a: Magneton|Flash Cannon|p1a: Toxapex
|-resisted|p1a: Toxapex
|-damage|p1a: Toxapex|70/100
|
|-heal|p1a: Toxapex|76/100|[from] item: Leftovers
|upkeep
|turn|12
|-message|gen3rand0mizerking forfeited.
|
|win|ju2508
|raw|gen3rand0mizerking's rating: 1180 &rarr; <strong>1154</strong><br />(-26 for losing)
|raw|ju2508's rating: 1168 &rarr; <strong>1194</strong><br />(+26 for winning)
|l|☆gen3rand0mizerking
|player|p1|
|l|☆ju2508
|player|p2|
