|j|☆esta man oe
|j|☆wizardrex
|t:|1779580159
|gametype|singles
|player|p1|esta man oe|preschooler|1363
|player|p2|wizardrex|265|1345
|gen|9
|tier|[Gen 9] OU
|rated|
|rule|HP Percentage Mod: HP is shown in percentages
|rule|Endless Battle Clause: Forcing endless battles is banned
|rule|Species Clause: Limit one of each Pokémon
|rule|OHKO Clause: OHKO moves are banned
|rule|Evasion Items Clause: Evasion items are banned
|rule|Evasion Moves Clause: Evasion moves are banned
|rule|Evasion Abilities Clause: Evasion abilities are banned
|rule|Sleep Moves Clause: Sleep-inducing moves are banned
|clearpoke
|poke|p1|Torkoal, M|
|poke|p1|Pelipper, M|
|poke|p1|Walking Wake|
|poke|p1|Hatterene, F|
|poke|p1|Raging Bolt|
|poke|p1|Alomomola, F|
|poke|p2|Ting-Lu|
|poke|p2|Garganacl, F|
|poke|p2|Corviknight, M|
|poke|p2|Iron Crown|
|poke|p2|Alomomola, M|
|poke|p2|Clefable, F|
|teampreview
|inactive|Battle timer is ON: inactive players will automatically lose when time's up. (requested by esta man oe)
|
|t:|1779580170
|teamsize|p1|6
|teamsize|p2|6
|start
|switch|p1a: Torkoal|Torkoal, M|100/100
|switch|p2a: Garganacl|Garganacl, F|100/100
|-weather|SunnyDay|[from] ability: Drought|[of] p1a: Torkoal
|turn|1
|
|t:|1779580183
|switch|p1a: Hatterene|Hatterene, F, shiny|100/100
|move|p2a: Garganacl|Salt Cure|p1a: Hatterene
|-damage|p1a: Hatterene|89/100
|-start|p1a: Hatterene|Salt Cure
|-enditem|p1a: Hatterene|Eject Button
|
|t:|1779580185
|switch|p1a: Walking Wake|Walking Wake|100/100
|-activate|p1a: Walking Wake|ability: Protosynthesis
|-start|p1a: Walking Wake|protosynthesisspa
|
|-weather|SunnyDay|[upkeep]
|upkeep
|turn|2
|
|t:|1779580200
|switch|p2a: Alomomola|Alomomola, M|100/100
|-terastallize|p1a: Walking Wake|Water
|move|p1a: Walking Wake|Hydro Steam|p2a: Alomomola
|-resisted|p2a: Alomomola
|-damage|p2a: Alomomola|10/100
|
|-weather|SunnyDay|[upkeep]
|upkeep
|turn|3
|
|t:|1779580206
|move|p2a: Alomomola|Protect|p2a: Alomomola
|-singleturn|p2a: Alomomola|Protect
|move|p1a: Walking Wake|Hydro Steam|p2a: Alomomola
|-activate|p2a: Alomomola|move: Protect
|
|-weather|SunnyDay|[upkeep]
|upkeep
|turn|4
|
|t:|1779580208
|move|p1a: Walking Wake|Hydro Steam|p2a: Alomomola
|-resisted|p2a: Alomomola
|-damage|p2a: Alomomola|0 fnt
|faint|p2a: Alomomola
|
|-weather|SunnyDay|[upkeep]
|upkeep
|
|t:|1779580215
|switch|p2a: Clefable|Clefable, F|100/100
|turn|5
|
|t:|1779580217
|move|p1a: Walking Wake|Hydro Steam|p2a: Clefable
|-crit|p2a: Clefable
|-damage|p2a: Clefable|0 fnt
|faint|p2a: Clefable
|
|-weather|SunnyDay|[upkeep]
|upkeep
|
|t:|1779580221
|switch|p2a: Ting-Lu|Ting-Lu|100/100
|-ability|p2a: Ting-Lu|Vessel of Ruin
|turn|6
|
|t:|1779580224
|move|p1a: Walking Wake|Hydro Steam|p2a: Ting-Lu
|-supereffective|p2a: Ting-Lu
|-damage|p2a: Ting-Lu|0 fnt
|faint|p2a: Ting-Lu
|
|-weather|SunnyDay|[upkeep]
|upkeep
|
|t:|1779580231
|switch|p2a: Garganacl|Garganacl, F|100/100
|turn|7
|
|t:|1779580233
|-terastallize|p2a: Garganacl|Water
|move|p1a: Walking Wake|Hydro Steam|p2a: Garganacl
|-resisted|p2a: Garganacl
|-damage|p2a: Garganacl|32/100
|move|p2a: Garganacl|Salt Cure|p1a: Walking Wake
|-damage|p1a: Walking Wake|84/100
|-start|p1a: Walking Wake|Salt Cure
|
|-weather|SunnyDay|[upkeep]
|-heal|p2a: Garganacl|38/100|[from] item: Leftovers
|-damage|p1a: Walking Wake|59/100|[from] Salt Cure
|upkeep
|turn|8
|
|t:|1779580244
|-end|p1a: Walking Wake|Protosynthesis|[silent]
|switch|p1a: Hatterene|Hatterene, F, shiny|89/100
|move|p2a: Garganacl|Protect||[still]
|-fail|p2a: Garganacl
|
|-weather|none
|-heal|p2a: Garganacl|44/100|[from] item: Leftovers
|upkeep
|turn|9
|
|t:|1779580249
|switch|p1a: Torkoal|Torkoal, M|100/100
|-weather|SunnyDay|[from] ability: Drought|[of] p1a: Torkoal
|move|p2a: Garganacl|Salt Cure|p1a: Torkoal
|-supereffective|p1a: Torkoal
|-damage|p1a: Torkoal|82/100
|-start|p1a: Torkoal|Salt Cure
|
|-weather|SunnyDay|[upkeep]
|-heal|p2a: Garganacl|50/100|[from] item: Leftovers
|-damage|p1a: Torkoal|70/100|[from] Salt Cure
|upkeep
|turn|10
|
|t:|1779580259
|switch|p1a: Raging Bolt|Raging Bolt|100/100
|-activate|p1a: Raging Bolt|ability: Protosynthesis
|-start|p1a: Raging Bolt|protosynthesisspa
|move|p2a: Garganacl|Earthquake|p1a: Raging Bolt
|-supereffective|p1a: Raging Bolt
|-damage|p1a: Raging Bolt|59/100
|
|-weather|SunnyDay|[upkeep]
|-heal|p2a: Garganacl|57/100|[from] item: Leftovers
|upkeep
|turn|11
|
|t:|1779580269
|switch|p2a: Iron Crown|Iron Crown|100/100
|move|p1a: Raging Bolt|Volt Switch|p2a: Iron Crown
|-damage|p2a: Iron Crown|67/100
|
|t:|1779580275
|-end|p1a: Raging Bolt|Protosynthesis|[silent]
|switch|p1a: Hatterene|Hatterene, F, shiny|89/100|[from] Volt Switch
|
|-weather|SunnyDay|[upkeep]
|upkeep
|turn|12
|
|t:|1779580282
|switch|p1a: Alomomola|Alomomola, F|100/100
|move|p2a: Iron Crown|Tachyon Cutter|p1a: Alomomola
|-resisted|p1a: Alomomola
|-damage|p1a: Alomomola|91/100
|-resisted|p1a: Alomomola
|-damage|p1a: Alomomola|81/100
|-hitcount|p1a: Alomomola|2
|
|-weather|SunnyDay|[upkeep]
|upkeep
|turn|13
|
|t:|1779580290
|move|p2a: Iron Crown|Future Sight|p1a: Alomomola
|-start|p2a: Iron Crown|move: Future Sight
|move|p1a: Alomomola|Flip Turn|p2a: Iron Crown
|-damage|p2a: Iron Crown|58/100
|
|t:|1779580295
|switch|p1a: Walking Wake|Walking Wake, tera:Water|59/100|[from] Flip Turn
|-activate|p1a: Walking Wake|ability: Protosynthesis
|-start|p1a: Walking Wake|protosynthesisspa
|
|-weather|SunnyDay|[upkeep]
|upkeep
|turn|14
|
|t:|1779580308
|-end|p2a: Iron Crown|Quark Drive|[silent]
|switch|p2a: Corviknight|Corviknight, M|100/100
|-ability|p2a: Corviknight|Pressure
|move|p1a: Walking Wake|Hydro Steam|p2a: Corviknight
|-damage|p2a: Corviknight|0 fnt
|faint|p2a: Corviknight
|
|-weather|SunnyDay|[upkeep]
|upkeep
|
|t:|1779580310
|switch|p2a: Garganacl|Garganacl, F, tera:Water|57/100
|turn|15
|
|t:|1779580314
|-end|p1a: Walking Wake|Protosynthesis|[silent]
|switch|p1a: Hatterene|Hatterene, F, shiny|89/100
|move|p2a: Garganacl|Protect||[still]
|-fail|p2a: Garganacl
|
|-weather|SunnyDay|[upkeep]
|-end|p1a: Hatterene|move: Future Sight
|-resisted|p1a: Hatterene
|-damage|p1a: Hatterene|61/100
|-heal|p2a: Garganacl|63/100|[from] item: Leftovers
|upkeep
|turn|16
|
|t:|1779580327
|switch|p1a: Alomomola|Alomomola, F|100/100
|move|p2a: Garganacl|Salt Cure|p1a: Alomomola
|-damage|p1a: Alomomola|91/100
|-start|p1a: Alomomola|Salt Cure
|
|-weather|none
|-heal|p2a: Garganacl|69/100|[from] item: Leftovers
|-damage|p1a: Alomomola|66/100|[from] Salt Cure
|upkeep
|turn|17
|
|t:|1779580338
|switch|p1a: Torkoal|Torkoal, M|70/100
|-weather|SunnyDay|[from] ability: Drought|[of] p1a: Torkoal
|move|p2a: Garganacl|Earthquake|p1a: Torkoal
|-supereffective|p1a: Torkoal
|-damage|p1a: Torkoal|46/100
|
|-weather|SunnyDay|[upkeep]
|-heal|p2a: Garganacl|75/100|[from] item: Leftovers
|upkeep
|turn|18
|
|t:|1779580345
|switch|p1a: Hatterene|Hatterene, F, shiny|61/100
|move|p2a: Garganacl|Salt Cure|p1a: Hatterene
|-damage|p1a: Hatterene|49/100
|-start|p1a: Hatterene|Salt Cure
|
|-weather|SunnyDay|[upkeep]
|-heal|p2a: Garganacl|81/100|[from] item: Leftovers
|-damage|p1a: Hatterene|37/100|[from] Salt Cure
|upkeep
|turn|19
|
|t:|1779580351
|move|p2a: Garganacl|Protect|p2a: Garganacl
|-singleturn|p2a: Garganacl|Protect
|move|p1a: Hatterene|Healing Wish|p1a: Hatterene
|faint|p1a: Hatterene
|
|-weather|SunnyDay|[upkeep]
|-heal|p2a: Garganacl|88/100|[from] item: Leftovers
|upkeep
|
|t:|1779580354
|switch|p1a: Raging Bolt|Raging Bolt|59/100
|-heal|p1a: Raging Bolt|100/100|[from] move: Healing Wish
|-activate|p1a: Raging Bolt|ability: Protosynthesis
|-start|p1a: Raging Bolt|protosynthesisspa
|turn|20
|
|t:|1779580359
|move|p1a: Raging Bolt|Volt Switch|p2a: Garganacl
|-supereffective|p2a: Garganacl
|-damage|p2a: Garganacl|1/100
|
|t:|1779580368
|-end|p1a: Raging Bolt|Protosynthesis|[silent]
|switch|p1a: Walking Wake|Walking Wake, tera:Water|59/100|[from] Volt Switch
|-activate|p1a: Walking Wake|ability: Protosynthesis
|-start|p1a: Walking Wake|protosynthesisspa
|move|p2a: Garganacl|Earthquake|p1a: Walking Wake
|-damage|p1a: Walking Wake|34/100
|
|-weather|SunnyDay|[upkeep]
|-heal|p2a: Garganacl|8/100|[from] item: Leftovers
|upkeep
|turn|21
|-message|wizardrex forfeited.
|
|win|esta man oe
|raw|esta man oe's rating: 1363 &rarr; <strong>1382</strong><br />(+19 for winning)
|raw|wizardrex's rating: 1345 &rarr; <strong>1326</strong><br />(-19 for losing)
