|j|☆2(sweet)
|j|☆aenean
|t:|1779701486
|gametype|singles
|player|p1|2(sweet)|265|1400
|player|p2|aenean|2|1338
|gen|9
|tier|[Gen 9] OU
|rated|
|rule|HP Percentage Mod: HP is shown in percentages
|rule|Endless Battle Clause: Forcing endless battles is banned
|rule|Species Clause: Limit one of each Pokémon
|rule|OHKO Clause: OHKO moves are banned
|rule|Evasion Items Clause: Evasion items are banned
|rule|Evasion Moves Clause: Evasion moves are banned
|rule|Evasion Abilities Clause: Evasion abilities are banned
|rule|Sleep Moves Clause: Sleep-inducing moves are banned
|clearpoke
|poke|p1|Walking Wake|
|poke|p1|Vileplume, M|
|poke|p1|Raging Bolt|
|poke|p1|Torkoal, M|
|poke|p1|Slither Wing|
|poke|p1|Great Tusk|
|poke|p2|Hatterene, F|
|poke|p2|Pincurchin, F|
|poke|p2|Raichu-Alola, F|
|poke|p2|Iron Hands|
|poke|p2|Raging Bolt|
|poke|p2|Iron Jugulis|
|teampreview
|inactive|Battle timer is ON: inactive players will automatically lose when time's up. (requested by 2(sweet))
|
|t:|1779701512
|teamsize|p1|6
|teamsize|p2|6
|start
|switch|p1a: Torkoal|Torkoal, M|100/100
|switch|p2a: Pincurchin|Pincurchin, F|100/100
|-weather|SunnyDay|[from] ability: Drought|[of] p1a: Torkoal
|-fieldstart|move: Electric Terrain|[from] ability: Electric Surge|[of] p2a: Pincurchin
|turn|1
|inactive|aenean has 120 seconds left.
|
|t:|1779701542
|move|p1a: Torkoal|Weather Ball|p2a: Pincurchin
|-damage|p2a: Pincurchin|27/100
|move|p2a: Pincurchin|Toxic Spikes|p1a: Torkoal
|-sidestart|p1: 2(sweet)|move: Toxic Spikes
|
|-weather|SunnyDay|[upkeep]
|upkeep
|turn|2
|
|t:|1779701551
|switch|p2a: Hatterene|Hatterene, F|100/100
|move|p1a: Torkoal|Stealth Rock|p2a: Hatterene
|move|p2a: Hatterene|Stealth Rock|p1a: Torkoal|[from] ability: Magic Bounce
|-sidestart|p1: 2(sweet)|move: Stealth Rock
|
|-weather|SunnyDay|[upkeep]
|upkeep
|turn|3
|
|t:|1779701564
|move|p2a: Hatterene|Nuzzle|p1a: Torkoal
|-damage|p1a: Torkoal|96/100
|-status|p1a: Torkoal|par
|move|p1a: Torkoal|Weather Ball|p2a: Hatterene
|-damage|p2a: Hatterene|37/100
|-enditem|p2a: Hatterene|Eject Button
|inactive|aenean has 120 seconds left.
|
|t:|1779701607
|switch|p2a: Raging Bolt|Raging Bolt|100/100
|-activate|p2a: Raging Bolt|ability: Protosynthesis
|-start|p2a: Raging Bolt|protosynthesisspa
|
|-weather|SunnyDay|[upkeep]
|upkeep
|turn|4
|
|t:|1779701628
|move|p2a: Raging Bolt|Rising Voltage|p1a: Torkoal
|-hint|Rising Voltage's BP doubled on grounded target.
|-damage|p1a: Torkoal|0 fnt
|faint|p1a: Torkoal
|
|-weather|SunnyDay|[upkeep]
|upkeep
|inactive|2(sweet) has 120 seconds left.
|inactive|2(sweet) has 90 seconds left.
|inactive|2(sweet) has 60 seconds left.
|
|t:|1779701708
|switch|p1a: Vileplume|Vileplume, M|100/100
|-sideend|p1: 2(sweet)|move: Toxic Spikes|[of] p1a: Vileplume
|-damage|p1a: Vileplume|88/100|[from] Stealth Rock
|turn|5
|
|t:|1779701714
|-terastallize|p1a: Vileplume|Fairy
|move|p1a: Vileplume|Moonblast|p2a: Raging Bolt
|-supereffective|p2a: Raging Bolt
|-damage|p2a: Raging Bolt|40/100
|-damage|p1a: Vileplume|78/100|[from] item: Life Orb
|move|p2a: Raging Bolt|Rising Voltage|p1a: Vileplume
|-hint|Rising Voltage's BP doubled on grounded target.
|-damage|p1a: Vileplume|0 fnt
|faint|p1a: Vileplume
|
|-weather|SunnyDay|[upkeep]
|upkeep
|inactive|2(sweet) has 60 seconds left.
|
|t:|1779701747
|switch|p1a: Raging Bolt|Raging Bolt|100/100
|-damage|p1a: Raging Bolt|88/100|[from] Stealth Rock
|-activate|p1a: Raging Bolt|ability: Protosynthesis
|-start|p1a: Raging Bolt|protosynthesisspa
|turn|6
|inactive|aenean has 120 seconds left.
|
|t:|1779701763
|-end|p2a: Raging Bolt|Protosynthesis|[silent]
|switch|p2a: Hatterene|Hatterene, F|37/100
|move|p1a: Raging Bolt|Dragon Pulse|p2a: Hatterene
|-immune|p2a: Hatterene
|
|-weather|SunnyDay|[upkeep]
|upkeep
|turn|7
|
|t:|1779701771
|move|p1a: Raging Bolt|Weather Ball|p2a: Hatterene
|-damage|p2a: Hatterene|0 fnt
|faint|p2a: Hatterene
|-damage|p1a: Raging Bolt|78/100|[from] item: Life Orb
|
|-weather|SunnyDay|[upkeep]
|upkeep
|inactive|aenean has 90 seconds left.
|
|t:|1779701807
|switch|p2a: Iron Hands|Iron Hands|100/100
|-activate|p2a: Iron Hands|ability: Quark Drive
|-start|p2a: Iron Hands|quarkdriveatk
|turn|8
|inactive|2(sweet) has 60 seconds left.
|inactive|aenean has 90 seconds left.
|
|t:|1779701835
|move|p1a: Raging Bolt|Weather Ball|p2a: Iron Hands
|-damage|p2a: Iron Hands|6/100
|-damage|p1a: Raging Bolt|68/100|[from] item: Life Orb
|move|p2a: Iron Hands|Ice Punch|p1a: Raging Bolt
|-supereffective|p1a: Raging Bolt
|-crit|p1a: Raging Bolt
|-damage|p1a: Raging Bolt|0 fnt
|faint|p1a: Raging Bolt
|-end|p1a: Raging Bolt|Protosynthesis|[silent]
|-damage|p2a: Iron Hands|0 fnt|[from] item: Life Orb
|faint|p2a: Iron Hands
|-end|p2a: Iron Hands|Quark Drive|[silent]
|
|-weather|none
|-fieldend|move: Electric Terrain
|upkeep
|
|t:|1779701850
|switch|p1a: Great Tusk|Great Tusk|100/100
|switch|p2a: Pincurchin|Pincurchin, F|27/100
|-damage|p1a: Great Tusk|98/100|[from] Stealth Rock
|-fieldstart|move: Electric Terrain|[from] ability: Electric Surge|[of] p2a: Pincurchin
|-enditem|p1a: Great Tusk|Booster Energy
|-activate|p1a: Great Tusk|ability: Protosynthesis|[fromitem]
|-start|p1a: Great Tusk|protosynthesisatk
|turn|9
|inactive|aenean has 90 seconds left.
|
|t:|1779701861
|move|p1a: Great Tusk|Rapid Spin|p2a: Pincurchin
|-damage|p2a: Pincurchin|3/100
|-boost|p1a: Great Tusk|spe|1
|-sideend|p1: 2(sweet)|Stealth Rock|[from] move: Rapid Spin|[of] p1a: Great Tusk
|move|p2a: Pincurchin|Surf|p1a: Great Tusk
|-supereffective|p1a: Great Tusk
|-damage|p1a: Great Tusk|35/100
|
|upkeep
|turn|10
|inactive|2(sweet) has 60 seconds left.
|inactive|aenean has 90 seconds left.
|
|t:|1779701885
|move|p1a: Great Tusk|Rapid Spin|p2a: Pincurchin
|-damage|p2a: Pincurchin|0 fnt
|-boost|p1a: Great Tusk|spe|1
|faint|p2a: Pincurchin
|
|upkeep
|
|t:|1779701889
|switch|p2a: Raichu|Raichu-Alola, F|100/100
|turn|11
|
|t:|1779701903
|move|p2a: Raichu|Psyshock|p1a: Great Tusk
|-supereffective|p1a: Great Tusk
|-damage|p1a: Great Tusk|0 fnt
|faint|p1a: Great Tusk
|-end|p1a: Great Tusk|Protosynthesis|[silent]
|
|upkeep
|
|t:|1779701909
|switch|p1a: Slither Wing|Slither Wing|100/100
|turn|12
|
|t:|1779701913
|move|p1a: Slither Wing|First Impression|p2a: Raichu
|-supereffective|p2a: Raichu
|-enditem|p2a: Raichu|Focus Sash
|-damage|p2a: Raichu|1/100
|-damage|p1a: Slither Wing|91/100|[from] item: Life Orb
|move|p2a: Raichu|Psyshock|p1a: Slither Wing
|-supereffective|p1a: Slither Wing
|-damage|p1a: Slither Wing|0 fnt
|faint|p1a: Slither Wing
|-end|p1a: Slither Wing|Protosynthesis|[silent]
|
|upkeep
|
|t:|1779701917
|switch|p1a: Walking Wake|Walking Wake|100/100
|turn|13
|
|t:|1779701921
|move|p2a: Raichu|Thunderbolt|p1a: Walking Wake
|-damage|p1a: Walking Wake|37/100
|move|p1a: Walking Wake|Sunny Day|p1a: Walking Wake
|-weather|SunnyDay
|-activate|p1a: Walking Wake|ability: Protosynthesis
|-start|p1a: Walking Wake|protosynthesisspe
|
|-weather|SunnyDay|[upkeep]
|upkeep
|turn|14
|
|t:|1779701928
|move|p2a: Raichu|Thunderbolt|p1a: Walking Wake
|-damage|p1a: Walking Wake|0 fnt
|faint|p1a: Walking Wake
|-end|p1a: Walking Wake|Protosynthesis|[silent]
|
|win|aenean
|raw|2(sweet)'s rating: 1400 &rarr; <strong>1376</strong><br />(-24 for losing)
|raw|aenean's rating: 1338 &rarr; <strong>1362</strong><br />(+24 for winning)
|l|☆2(sweet)
|player|p1|
