|j|☆lokosonhador56
|j|☆dbob27
|t:|1779670652
|gametype|singles
|player|p1|lokosonhador56|clown|1000
|player|p2|dbob27|266|1000
|gen|9
|tier|[Gen 9] OU
|rated|
|rule|HP Percentage Mod: HP is shown in percentages
|rule|Endless Battle Clause: Forcing endless battles is banned
|rule|Species Clause: Limit one of each Pokémon
|rule|OHKO Clause: OHKO moves are banned
|rule|Evasion Items Clause: Evasion items are banned
|rule|Evasion Moves Clause: Evasion moves are banned
|rule|Evasion Abilities Clause: Evasion abilities are banned
|rule|Sleep Moves Clause: Sleep-inducing moves are banned
|clearpoke
|poke|p1|Typhlosion, F|
|poke|p1|Blastoise, F|
|poke|p1|Beartic, M|
|poke|p1|Hippowdon, F|
|poke|p1|Iron Treads|
|poke|p1|Palossand, F|
|poke|p2|Muk-Alola, F|
|poke|p2|Bronzong|
|poke|p2|Azumarill, M|
|poke|p2|Smeargle, M|
|poke|p2|Ninetales, M|
|poke|p2|Exeggutor, F|
|teampreview
|
|t:|1779670665
|teamsize|p1|6
|teamsize|p2|6
|start
|switch|p1a: Typhlosion|Typhlosion, F|100/100
|switch|p2a: Bronzong|Bronzong|100/100
|turn|1
|
|t:|1779670673
|move|p1a: Typhlosion|Flamethrower|p2a: Bronzong
|-supereffective|p2a: Bronzong
|-crit|p2a: Bronzong
|-damage|p2a: Bronzong|16/100
|move|p2a: Bronzong|Reflect|p2a: Bronzong
|-sidestart|p2: dbob27|Reflect
|
|upkeep
|turn|2
|
|t:|1779670682
|switch|p2a: Ninetales|Ninetales, M|100/100
|-weather|SunnyDay|[from] ability: Drought|[of] p2a: Ninetales
|move|p1a: Typhlosion|Flamethrower|p2a: Ninetales
|-resisted|p2a: Ninetales
|-crit|p2a: Ninetales
|-damage|p2a: Ninetales|64/100
|
|-weather|SunnyDay|[upkeep]
|upkeep
|turn|3
|
|t:|1779670694
|move|p1a: Typhlosion|Flamethrower|p2a: Ninetales
|-resisted|p2a: Ninetales
|-damage|p2a: Ninetales|37/100
|move|p2a: Ninetales|Disable|p1a: Typhlosion
|-start|p1a: Typhlosion|Disable|Flamethrower
|
|-weather|SunnyDay|[upkeep]
|upkeep
|turn|4
|
|t:|1779670705
|switch|p2a: Exeggutor|Exeggutor, F|100/100
|-activate|p1a: Typhlosion|move: Struggle
|move|p1a: Typhlosion|Struggle|p2a: Exeggutor
|-damage|p2a: Exeggutor|97/100
|-damage|p1a: Typhlosion|75/100|[from] recoil
|
|-weather|SunnyDay|[upkeep]
|upkeep
|turn|5
|
|t:|1779670723
|switch|p1a: Iron Treads|Iron Treads|100/100
|move|p2a: Exeggutor|Calm Mind|p2a: Exeggutor
|-boost|p2a: Exeggutor|spa|1
|-boost|p2a: Exeggutor|spd|1
|
|-weather|SunnyDay|[upkeep]
|upkeep
|turn|6
|
|t:|1779670736
|move|p1a: Iron Treads|Earth Power|p2a: Exeggutor
|-resisted|p2a: Exeggutor
|-damage|p2a: Exeggutor|88/100
|move|p2a: Exeggutor|Leech Seed|p1a: Iron Treads
|-start|p1a: Iron Treads|move: Leech Seed
|
|-weather|none
|-damage|p1a: Iron Treads|88/100|[from] Leech Seed|[of] p2a: Exeggutor
|-heal|p2a: Exeggutor|99/100|[silent]
|upkeep
|turn|7
|
|t:|1779670749
|-end|p1a: Iron Treads|Quark Drive|[silent]
|switch|p1a: Typhlosion|Typhlosion, F|75/100
|move|p2a: Exeggutor|Calm Mind|p2a: Exeggutor
|-boost|p2a: Exeggutor|spa|1
|-boost|p2a: Exeggutor|spd|1
|
|upkeep
|turn|8
|
|t:|1779670760
|-terastallize|p1a: Typhlosion|Fire
|move|p1a: Typhlosion|Flamethrower|p2a: Exeggutor
|-supereffective|p2a: Exeggutor
|-damage|p2a: Exeggutor|44/100
|move|p2a: Exeggutor|Leech Seed|p1a: Typhlosion|[miss]
|-miss|p2a: Exeggutor|p1a: Typhlosion
|
|-sideend|p2: dbob27|Reflect
|upkeep
|turn|9
|
|t:|1779670771
|move|p1a: Typhlosion|Flamethrower|p2a: Exeggutor
|-supereffective|p2a: Exeggutor
|-damage|p2a: Exeggutor|0 fnt
|faint|p2a: Exeggutor
|
|upkeep
|
|t:|1779670780
|switch|p2a: Smeargle|Smeargle, M|100/100
|turn|10
|
|t:|1779670790
|move|p1a: Typhlosion|Flamethrower|p2a: Smeargle
|-damage|p2a: Smeargle|0 fnt
|faint|p2a: Smeargle
|
|upkeep
|
|t:|1779670795
|switch|p2a: Azumarill|Azumarill, M|100/100
|turn|11
|
|t:|1779670799
|move|p2a: Azumarill|Aqua Jet|p1a: Typhlosion
|-supereffective|p1a: Typhlosion
|-damage|p1a: Typhlosion|0 fnt
|faint|p1a: Typhlosion
|-damage|p2a: Azumarill|91/100|[from] item: Life Orb
|
|upkeep
|
|t:|1779670808
|switch|p1a: Hippowdon|Hippowdon, F|100/100
|-weather|Sandstorm|[from] ability: Sand Stream|[of] p1a: Hippowdon
|turn|12
|
|t:|1779670816
|move|p1a: Hippowdon|Earthquake|p2a: Azumarill
|-damage|p2a: Azumarill|51/100
|move|p2a: Azumarill|Icy Wind|p1a: Hippowdon
|-supereffective|p1a: Hippowdon
|-damage|p1a: Hippowdon|76/100
|-unboost|p1a: Hippowdon|spe|1
|-damage|p2a: Azumarill|41/100|[from] item: Life Orb
|
|-weather|Sandstorm|[upkeep]
|-damage|p2a: Azumarill|35/100|[from] Sandstorm
|-heal|p1a: Hippowdon|82/100|[from] item: Leftovers
|upkeep
|turn|13
|
|t:|1779670835
|move|p2a: Azumarill|Icy Wind|p1a: Hippowdon
|-supereffective|p1a: Hippowdon
|-damage|p1a: Hippowdon|60/100
|-unboost|p1a: Hippowdon|spe|1
|-damage|p2a: Azumarill|25/100|[from] item: Life Orb
|move|p1a: Hippowdon|Earthquake|p2a: Azumarill
|-damage|p2a: Azumarill|0 fnt
|faint|p2a: Azumarill
|
|-weather|Sandstorm|[upkeep]
|-heal|p1a: Hippowdon|66/100|[from] item: Leftovers
|upkeep
|
|t:|1779670846
|switch|p2a: Muk|Muk-Alola, F|100/100
|turn|14
|
|t:|1779670852
|switch|p1a: Beartic|Beartic, M|100/100
|move|p2a: Muk|Curse|p2a: Muk
|-unboost|p2a: Muk|spe|1
|-boost|p2a: Muk|atk|1
|-boost|p2a: Muk|def|1
|
|-weather|Sandstorm|[upkeep]
|-damage|p1a: Beartic|94/100|[from] Sandstorm
|-damage|p2a: Muk|94/100|[from] Sandstorm
|upkeep
|turn|15
|
|t:|1779670863
|move|p1a: Beartic|Liquidation|p2a: Muk
|-damage|p2a: Muk|68/100
|-unboost|p2a: Muk|def|1
|-damage|p1a: Beartic|85/100|[from] item: Life Orb
|move|p2a: Muk|Drain Punch|p1a: Beartic
|-supereffective|p1a: Beartic
|-damage|p1a: Beartic|17/100
|-heal|p2a: Muk|95/100|[from] drain|[of] p1a: Beartic
|
|-weather|Sandstorm|[upkeep]
|-damage|p1a: Beartic|11/100|[from] Sandstorm
|-damage|p2a: Muk|89/100|[from] Sandstorm
|upkeep
|turn|16
|
|t:|1779670880
|move|p1a: Beartic|Icicle Crash|p2a: Muk
|-damage|p2a: Muk|28/100
|-damage|p1a: Beartic|1/100|[from] item: Life Orb
|move|p2a: Muk|Drain Punch|p1a: Beartic
|-supereffective|p1a: Beartic
|-damage|p1a: Beartic|0 fnt
|-heal|p2a: Muk|29/100|[from] drain|[of] p1a: Beartic
|faint|p1a: Beartic
|
|-weather|none
|upkeep
|
|t:|1779670892
|switch|p1a: Palossand|Palossand, F|100/100
|turn|17
|
|t:|1779670898
|move|p1a: Palossand|Curse|p2a: Muk
|-start|p2a: Muk|Curse|[of] p1a: Palossand
|-damage|p1a: Palossand|50/100
|move|p2a: Muk|Toxic|p1a: Palossand
|-status|p1a: Palossand|tox
|
|-damage|p1a: Palossand|44/100 tox|[from] psn
|-damage|p2a: Muk|4/100|[from] Curse
|upkeep
|turn|18
|
|t:|1779670915
|switch|p2a: Bronzong|Bronzong|16/100
|move|p1a: Palossand|Curse|p2a: Bronzong
|-start|p2a: Bronzong|Curse|[of] p1a: Palossand
|-damage|p1a: Palossand|0 fnt
|faint|p1a: Palossand
|
|-damage|p2a: Bronzong|0 fnt|[from] Curse
|faint|p2a: Bronzong
|upkeep
|
|t:|1779670927
|switch|p1a: Blastoise|Blastoise, F|100/100
|switch|p2a: Muk|Muk-Alola, F|4/100
|turn|19
|
|t:|1779670936
|move|p1a: Blastoise|Ice Beam|p2a: Muk
|-damage|p2a: Muk|0 fnt
|faint|p2a: Muk
|
|upkeep
|
|t:|1779670943
|switch|p2a: Ninetales|Ninetales, M|37/100
|-weather|SunnyDay|[from] ability: Drought|[of] p2a: Ninetales
|turn|20
|
|t:|1779670954
|move|p2a: Ninetales|Will-O-Wisp|p1a: Blastoise
|-status|p1a: Blastoise|brn
|move|p1a: Blastoise|Ice Beam|p2a: Ninetales
|-resisted|p2a: Ninetales
|-damage|p2a: Ninetales|30/100
|
|-weather|SunnyDay|[upkeep]
|-damage|p1a: Blastoise|94/100 brn|[from] brn
|upkeep
|turn|21
|
|t:|1779670964
|switch|p1a: Hippowdon|Hippowdon, F|66/100
|-weather|Sandstorm|[from] ability: Sand Stream|[of] p1a: Hippowdon
|-terastallize|p2a: Ninetales|Fire
|move|p2a: Ninetales|Facade|p1a: Hippowdon
|-damage|p1a: Hippowdon|56/100
|
|-weather|Sandstorm|[upkeep]
|-damage|p2a: Ninetales|24/100|[from] Sandstorm
|-heal|p1a: Hippowdon|62/100|[from] item: Leftovers
|upkeep
|turn|22
|
|t:|1779670980
|move|p2a: Ninetales|Fire Blast|p1a: Hippowdon
|-damage|p1a: Hippowdon|16/100
|move|p1a: Hippowdon|Earthquake|p2a: Ninetales
|-supereffective|p2a: Ninetales
|-damage|p2a: Ninetales|0 fnt
|faint|p2a: Ninetales
|
|win|lokosonhador56
|raw|lokosonhador56's rating: 1000 &rarr; <strong>1040</strong><br />(+40 for winning)
|raw|dbob27's rating: 1000 &rarr; <strong>1000</strong><br />(+0 for losing)
