|j|☆KenjiShiguma
|j|☆ReyLly
|t:|1779706247
|gametype|singles
|player|p1|KenjiShiguma|pokemonbreeder-gen4|1143
|player|p2|ReyLly|guitarist|1081
|gen|9
|tier|[Gen 9] OU
|rated|
|rule|HP Percentage Mod: HP is shown in percentages
|rule|Endless Battle Clause: Forcing endless battles is banned
|rule|Species Clause: Limit one of each Pokémon
|rule|OHKO Clause: OHKO moves are banned
|rule|Evasion Items Clause: Evasion items are banned
|rule|Evasion Moves Clause: Evasion moves are banned
|rule|Evasion Abilities Clause: Evasion abilities are banned
|rule|Sleep Moves Clause: Sleep-inducing moves are banned
|clearpoke
|poke|p1|Golduck, M|
|poke|p1|Porygon2|
|poke|p1|Gardevoir, M|
|poke|p1|Grumpig, F|
|poke|p1|Toxapex, F|
|poke|p1|Hatterene, F|
|poke|p2|Smeargle, F|
|poke|p2|Moltres-Galar|
|poke|p2|Gholdengo|
|poke|p2|Samurott-Hisui, F|
|poke|p2|Zamazenta-*|
|poke|p2|Deoxys-Speed|
|teampreview
|
|t:|1779706261
|teamsize|p1|6
|teamsize|p2|6
|start
|switch|p1a: Hatterene|Hatterene, F|100/100
|switch|p2a: Deoxys|Deoxys-Speed|100/100
|-ability|p2a: Deoxys|Pressure
|turn|1
|
|t:|1779706277
|move|p2a: Deoxys|Light Screen|p2a: Deoxys
|-sidestart|p2: ReyLly|move: Light Screen
|move|p1a: Hatterene|Nuzzle|p2a: Deoxys
|-damage|p2a: Deoxys|95/100
|-status|p2a: Deoxys|par
|
|upkeep
|turn|2
|
|t:|1779706287
|cant|p2a: Deoxys|par
|move|p1a: Hatterene|Reflect|p1a: Hatterene
|-sidestart|p1: KenjiShiguma|Reflect
|
|upkeep
|turn|3
|
|t:|1779706291
|move|p2a: Deoxys|Reflect|p2a: Deoxys
|-sidestart|p2: ReyLly|Reflect
|move|p1a: Hatterene|Skill Swap|p2a: Deoxys
|-activate|p1a: Hatterene|Skill Swap|Pressure|Magic Bounce|[of] p2a: Deoxys
|-ability|p1a: Hatterene|Pressure
|
|upkeep
|turn|4
|
|t:|1779706298
|switch|p1a: Grumpig|Grumpig, F|100/100
|move|p2a: Deoxys|Taunt|p1a: Grumpig
|-start|p1a: Grumpig|move: Taunt
|
|upkeep
|turn|5
|
|t:|1779706306
|switch|p2a: Gholdengo|Gholdengo|100/100
|switch|p1a: Hatterene|Hatterene, F|100/100
|
|upkeep
|turn|6
|
|t:|1779706315
|move|p2a: Gholdengo|Trick|p1a: Hatterene
|-activate|p2a: Gholdengo|move: Trick|[of] p1a: Hatterene
|-item|p1a: Hatterene|Choice Scarf|[from] move: Trick
|-item|p2a: Gholdengo|Light Clay|[from] move: Trick
|move|p1a: Hatterene|Nuzzle|p2a: Gholdengo
|-damage|p2a: Gholdengo|98/100
|-status|p2a: Gholdengo|par
|
|upkeep
|turn|7
|
|t:|1779706335
|switch|p1a: Golduck|Golduck, M|100/100
|-ability|p1a: Golduck|Cloud Nine
|cant|p2a: Gholdengo|par
|
|upkeep
|turn|8
|inactive|Battle timer is ON: inactive players will automatically lose when time's up. (requested by ReyLly)
|
|t:|1779706342
|move|p1a: Golduck|Whirlpool|p2a: Gholdengo|[miss]
|-miss|p1a: Golduck|p2a: Gholdengo
|cant|p2a: Gholdengo|par
|
|-sideend|p2: ReyLly|move: Light Screen
|upkeep
|turn|9
|
|t:|1779706348
|move|p1a: Golduck|Whirlpool|p2a: Gholdengo
|-damage|p2a: Gholdengo|86/100 par
|-activate|p2a: Gholdengo|move: Whirlpool|[of] p1a: Golduck
|move|p2a: Gholdengo|Memento|p1a: Golduck
|-unboost|p1a: Golduck|atk|2
|-unboost|p1a: Golduck|spa|2
|faint|p2a: Gholdengo
|
|-sideend|p1: KenjiShiguma|Reflect
|upkeep
|
|t:|1779706355
|switch|p2a: Smeargle|Smeargle, F|100/100
|turn|10
|
|t:|1779706363
|move|p1a: Golduck|Whirlpool|p2a: Smeargle
|-damage|p2a: Smeargle|88/100
|-activate|p2a: Smeargle|move: Whirlpool|[of] p1a: Golduck
|move|p2a: Smeargle|Jaw Lock|p1a: Golduck
|-damage|p1a: Golduck|86/100
|-activate|p2a: Smeargle|trapped
|-activate|p1a: Golduck|trapped
|
|-damage|p2a: Smeargle|71/100|[from] move: Whirlpool|[partiallytrapped]
|-sideend|p2: ReyLly|Reflect
|upkeep
|turn|11
|
|t:|1779706374
|move|p1a: Golduck|Encore|p2a: Smeargle
|-start|p2a: Smeargle|Encore
|move|p2a: Smeargle|Jaw Lock|p1a: Golduck
|-damage|p1a: Golduck|72/100
|
|-damage|p2a: Smeargle|55/100|[from] move: Whirlpool|[partiallytrapped]
|upkeep
|turn|12
|-message|ReyLly forfeited.
|
|win|KenjiShiguma
|raw|KenjiShiguma's rating: 1143 &rarr; <strong>1164</strong><br />(+21 for winning)
|raw|ReyLly's rating: 1081 &rarr; <strong>1063</strong><br />(-18 for losing)
|l|☆ReyLly
|player|p2|
|l|☆KenjiShiguma
|player|p1|
