|j|☆Nickthenickthenick
|j|☆cenotaphs
|t:|1779713968
|gametype|singles
|player|p1|Nickthenickthenick|101|1364
|player|p2|cenotaphs|101|1451
|gen|9
|tier|[Gen 9] OU
|rated|
|rule|HP Percentage Mod: HP is shown in percentages
|rule|Endless Battle Clause: Forcing endless battles is banned
|rule|Species Clause: Limit one of each Pokémon
|rule|OHKO Clause: OHKO moves are banned
|rule|Evasion Items Clause: Evasion items are banned
|rule|Evasion Moves Clause: Evasion moves are banned
|rule|Evasion Abilities Clause: Evasion abilities are banned
|rule|Sleep Moves Clause: Sleep-inducing moves are banned
|clearpoke
|poke|p1|Raikou|
|poke|p1|Entei|
|poke|p1|Suicune|
|poke|p1|Tyranitar, F|
|poke|p1|Porygon2|
|poke|p1|Espeon, M|
|poke|p2|Tyranitar, M|
|poke|p2|Hoopa-Unbound|
|poke|p2|Excadrill, F|
|poke|p2|Darkrai|
|poke|p2|Garchomp, F|
|poke|p2|Iron Hands|
|teampreview
|inactive|Battle timer is ON: inactive players will automatically lose when time's up. (requested by cenotaphs)
|
|t:|1779713984
|teamsize|p1|6
|teamsize|p2|6
|start
|switch|p1a: Raikou|Raikou|100/100
|switch|p2a: Ushiromiya|Garchomp, F|100/100
|-ability|p1a: Raikou|Pressure
|turn|1
|
|t:|1779713992
|switch|p1a: Porygon2|Porygon2|100/100
|-ability|p1a: Porygon2|Rough Skin|Trace|[from] ability: Trace|[of] p2a: Ushiromiya
|move|p2a: Ushiromiya|Earthquake|p1a: Porygon2
|-damage|p1a: Porygon2|80/100
|
|upkeep
|turn|2
|
|t:|1779714005
|switch|p2a: Djed|Tyranitar, M|100/100
|-weather|Sandstorm|[from] ability: Sand Stream|[of] p2a: Djed
|move|p1a: Porygon2|Ice Beam|p2a: Djed
|-damage|p2a: Djed|92/100
|
|-weather|Sandstorm|[upkeep]
|-damage|p1a: Porygon2|73/100|[from] Sandstorm
|-heal|p2a: Djed|98/100|[from] item: Leftovers
|upkeep
|turn|3
|
|t:|1779714009
|move|p1a: Porygon2|Thunder Wave|p2a: Djed
|-status|p2a: Djed|par
|move|p2a: Djed|Knock Off|p1a: Porygon2
|-damage|p1a: Porygon2|55/100
|-damage|p2a: Djed|85/100 par|[from] ability: Rough Skin|[of] p1a: Porygon2
|-enditem|p1a: Porygon2|Eviolite|[from] move: Knock Off|[of] p2a: Djed
|
|-weather|Sandstorm|[upkeep]
|-damage|p1a: Porygon2|49/100|[from] Sandstorm
|-heal|p2a: Djed|92/100 par|[from] item: Leftovers
|upkeep
|turn|4
|
|t:|1779714015
|move|p1a: Porygon2|Recover|p1a: Porygon2
|-heal|p1a: Porygon2|99/100
|move|p2a: Djed|Stone Edge|p1a: Porygon2
|-damage|p1a: Porygon2|67/100
|
|-weather|Sandstorm|[upkeep]
|-damage|p1a: Porygon2|61/100|[from] Sandstorm
|-heal|p2a: Djed|98/100 par|[from] item: Leftovers
|upkeep
|turn|5
|
|t:|1779714022
|move|p1a: Porygon2|Foul Play|p2a: Djed
|-resisted|p2a: Djed
|-damage|p2a: Djed|87/100 par
|move|p2a: Djed|Stone Edge|p1a: Porygon2
|-crit|p1a: Porygon2
|-damage|p1a: Porygon2|13/100
|
|-weather|Sandstorm|[upkeep]
|-damage|p1a: Porygon2|7/100|[from] Sandstorm
|-heal|p2a: Djed|93/100 par|[from] item: Leftovers
|upkeep
|turn|6
|
|t:|1779714035
|switch|p2a: Ushiromiya|Garchomp, F|100/100
|move|p1a: Porygon2|Recover|p1a: Porygon2
|-heal|p1a: Porygon2|57/100
|
|-weather|none
|upkeep
|turn|7
|
|t:|1779714039
|move|p2a: Ushiromiya|Stealth Rock|p1a: Porygon2
|-sidestart|p1: Nickthenickthenick|move: Stealth Rock
|move|p1a: Porygon2|Ice Beam|p2a: Ushiromiya
|-supereffective|p2a: Ushiromiya
|-damage|p2a: Ushiromiya|22/100
|
|upkeep
|turn|8
|
|t:|1779714044
|move|p2a: Ushiromiya|Spikes|p1a: Porygon2
|-sidestart|p1: Nickthenickthenick|Spikes
|move|p1a: Porygon2|Ice Beam|p2a: Ushiromiya
|-supereffective|p2a: Ushiromiya
|-damage|p2a: Ushiromiya|0 fnt
|faint|p2a: Ushiromiya
|
|upkeep
|
|t:|1779714048
|switch|p2a: DISCIPLINE|Hoopa-Unbound|100/100
|turn|9
|
|t:|1779714056
|move|p1a: Porygon2|Foul Play|p2a: DISCIPLINE
|-damage|p2a: DISCIPLINE|66/100
|move|p2a: DISCIPLINE|Hyperspace Fury|p1a: Porygon2
|-damage|p1a: Porygon2|21/100
|-unboost|p2a: DISCIPLINE|def|1
|
|upkeep
|turn|10
|
|t:|1779714063
|move|p1a: Porygon2|Recover|p1a: Porygon2
|-heal|p1a: Porygon2|71/100
|move|p2a: DISCIPLINE|Trick Room|p2a: DISCIPLINE
|-fieldstart|move: Trick Room|[of] p2a: DISCIPLINE
|
|upkeep
|turn|11
|
|t:|1779714073
|move|p2a: DISCIPLINE|Psychic Noise|p1a: Porygon2
|-damage|p1a: Porygon2|25/100
|-start|p1a: Porygon2|move: Heal Block
|move|p1a: Porygon2|Foul Play|p2a: DISCIPLINE
|-damage|p2a: DISCIPLINE|14/100
|
|upkeep
|turn|12
|-enditem|p2a: DISCIPLINE|Custap Berry|[eat]
|-activate|p2a: DISCIPLINE|item: Custap Berry|[consumed]
|
|t:|1779714085
|move|p2a: DISCIPLINE|Psychic Noise|p1a: Porygon2
|-damage|p1a: Porygon2|0 fnt
|faint|p1a: Porygon2
|
|upkeep
|
|t:|1779714089
|switch|p1a: Tyranitar|Tyranitar, F|100/100
|-damage|p1a: Tyranitar|88/100|[from] Stealth Rock
|-damage|p1a: Tyranitar|76/100|[from] Spikes
|-weather|Sandstorm|[from] ability: Sand Stream|[of] p1a: Tyranitar
|turn|13
|
|t:|1779714094
|move|p2a: DISCIPLINE|Focus Blast|p1a: Tyranitar|[miss]
|-miss|p2a: DISCIPLINE|p1a: Tyranitar
|move|p1a: Tyranitar|Knock Off|p2a: DISCIPLINE
|-damage|p2a: DISCIPLINE|0 fnt
|faint|p2a: DISCIPLINE
|
|-weather|Sandstorm|[upkeep]
|-heal|p1a: Tyranitar|82/100|[from] item: Leftovers
|upkeep
|
|t:|1779714099
|switch|p2a: X|Iron Hands, shiny|100/100
|-enditem|p2a: X|Booster Energy
|-activate|p2a: X|ability: Quark Drive|[fromitem]
|-start|p2a: X|quarkdriveatk
|turn|14
|
|t:|1779714114
|switch|p1a: Entei|Entei|100/100
|-ability|p1a: Entei|Pressure
|move|p2a: X|Drain Punch|p1a: Entei
|-damage|p1a: Entei|63/100
|
|-weather|Sandstorm|[upkeep]
|-damage|p2a: X|94/100|[from] Sandstorm
|-damage|p1a: Entei|57/100|[from] Sandstorm
|-fieldend|move: Trick Room
|upkeep
|turn|15
|
|t:|1779714121
|move|p1a: Entei|Sacred Fire|p2a: X
|-damage|p2a: X|71/100
|move|p2a: X|Swords Dance|p2a: X
|-boost|p2a: X|atk|2
|
|-weather|Sandstorm|[upkeep]
|-damage|p1a: Entei|51/100|[from] Sandstorm
|-damage|p2a: X|64/100|[from] Sandstorm
|upkeep
|turn|16
|
|t:|1779714126
|move|p1a: Entei|Sacred Fire|p2a: X
|-damage|p2a: X|40/100
|move|p2a: X|Drain Punch|p1a: Entei
|-crit|p1a: Entei
|-damage|p1a: Entei|0 fnt
|-heal|p2a: X|64/100|[from] drain|[of] p1a: Entei
|faint|p1a: Entei
|
|-weather|Sandstorm|[upkeep]
|-damage|p2a: X|58/100|[from] Sandstorm
|upkeep
|
|t:|1779714134
|switch|p1a: Espeon|Espeon, M|100/100
|turn|17
|
|t:|1779714139
|move|p1a: Espeon|Psychic Noise|p2a: X
|-supereffective|p2a: X
|-damage|p2a: X|0 fnt
|faint|p2a: X
|-end|p2a: X|Quark Drive|[silent]
|
|-weather|none
|upkeep
|
|t:|1779714142
|switch|p2a: Djed|Tyranitar, M|93/100 par
|-weather|Sandstorm|[from] ability: Sand Stream|[of] p2a: Djed
|turn|18
|inactive|Nickthenickthenick has 120 seconds left.
|
|t:|1779714173
|move|p1a: Espeon|Alluring Voice|p2a: Djed
|-supereffective|p2a: Djed
|-damage|p2a: Djed|72/100 par
|move|p2a: Djed|Knock Off|p1a: Espeon
|-supereffective|p1a: Espeon
|-damage|p1a: Espeon|0 fnt
|-enditem|p1a: Espeon|Heavy-Duty Boots|[from] move: Knock Off|[of] p2a: Djed
|faint|p1a: Espeon
|
|-weather|Sandstorm|[upkeep]
|-heal|p2a: Djed|78/100 par|[from] item: Leftovers
|upkeep
|inactive|Nickthenickthenick has 120 seconds left.
|
|t:|1779714187
|switch|p1a: Suicune|Suicune|100/100
|-damage|p1a: Suicune|88/100|[from] Stealth Rock
|-damage|p1a: Suicune|76/100|[from] Spikes
|-ability|p1a: Suicune|Pressure
|turn|19
|
|t:|1779714192
|move|p1a: Suicune|Scald|p2a: Djed
|-supereffective|p2a: Djed
|-damage|p2a: Djed|58/100 par
|move|p2a: Djed|Knock Off|p1a: Suicune
|-damage|p1a: Suicune|42/100
|-enditem|p1a: Suicune|Leftovers|[from] move: Knock Off|[of] p2a: Djed
|
|-weather|Sandstorm|[upkeep]
|-damage|p1a: Suicune|36/100|[from] Sandstorm
|-heal|p2a: Djed|65/100 par|[from] item: Leftovers
|upkeep
|turn|20
|
|t:|1779714198
|move|p1a: Suicune|Scald|p2a: Djed
|-supereffective|p2a: Djed
|-crit|p2a: Djed
|-damage|p2a: Djed|33/100 par
|move|p2a: Djed|Stone Edge|p1a: Suicune
|-crit|p1a: Suicune
|-damage|p1a: Suicune|0 fnt
|faint|p1a: Suicune
|
|-weather|Sandstorm|[upkeep]
|-heal|p2a: Djed|40/100 par|[from] item: Leftovers
|upkeep
|
|t:|1779714202
|switch|p1a: Raikou|Raikou|100/100
|-damage|p1a: Raikou|88/100|[from] Stealth Rock
|-damage|p1a: Raikou|76/100|[from] Spikes
|-ability|p1a: Raikou|Pressure
|turn|21
|
|t:|1779714207
|-terastallize|p1a: Raikou|Water
|move|p1a: Raikou|Calm Mind|p1a: Raikou
|-boost|p1a: Raikou|spa|1
|-boost|p1a: Raikou|spd|1
|move|p2a: Djed|Knock Off|p1a: Raikou
|-damage|p1a: Raikou|21/100
|-enditem|p1a: Raikou|Leftovers|[from] move: Knock Off|[of] p2a: Djed
|
|-weather|Sandstorm|[upkeep]
|-damage|p1a: Raikou|15/100|[from] Sandstorm
|-heal|p2a: Djed|46/100 par|[from] item: Leftovers
|upkeep
|turn|22
|
|t:|1779714213
|move|p1a: Raikou|Scald|p2a: Djed
|-supereffective|p2a: Djed
|-damage|p2a: Djed|0 fnt
|faint|p2a: Djed
|
|-weather|none
|upkeep
|
|t:|1779714217
|switch|p2a: ESP|Darkrai, shiny|100/100
|turn|23
|
|t:|1779714223
|move|p2a: ESP|Dark Pulse|p1a: Raikou
|-damage|p1a: Raikou|0 fnt
|faint|p1a: Raikou
|
|upkeep
|
|t:|1779714226
|switch|p1a: Tyranitar|Tyranitar, F|82/100
|-damage|p1a: Tyranitar|70/100|[from] Stealth Rock
|-damage|p1a: Tyranitar|57/100|[from] Spikes
|-weather|Sandstorm|[from] ability: Sand Stream|[of] p1a: Tyranitar
|turn|24
|
|t:|1779714231
|move|p2a: ESP|Dark Pulse|p1a: Tyranitar
|-resisted|p1a: Tyranitar
|-damage|p1a: Tyranitar|48/100
|move|p1a: Tyranitar|Stone Edge|p2a: ESP
|-damage|p2a: ESP|39/100
|
|-weather|Sandstorm|[upkeep]
|-damage|p2a: ESP|33/100|[from] Sandstorm
|-heal|p1a: Tyranitar|54/100|[from] item: Leftovers
|upkeep
|turn|25
|
|t:|1779714234
|move|p2a: ESP|Dark Pulse|p1a: Tyranitar
|-resisted|p1a: Tyranitar
|-damage|p1a: Tyranitar|45/100
|move|p1a: Tyranitar|Stone Edge|p2a: ESP
|-damage|p2a: ESP|0 fnt
|faint|p2a: ESP
|
|-weather|Sandstorm|[upkeep]
|-heal|p1a: Tyranitar|51/100|[from] item: Leftovers
|upkeep
|
|t:|1779714237
|switch|p2a: 1000|Excadrill, F, shiny|100/100
|-item|p2a: 1000|Air Balloon
|turn|26
|
|t:|1779714238
|move|p2a: 1000|Earthquake|p1a: Tyranitar
|-supereffective|p1a: Tyranitar
|-damage|p1a: Tyranitar|0 fnt
|faint|p1a: Tyranitar
|
|win|cenotaphs
|raw|Nickthenickthenick's rating: 1382 &rarr; <strong>1366</strong><br />(-16 for losing)
|raw|cenotaphs's rating: 1451 &rarr; <strong>1467</strong><br />(+16 for winning)
|l|☆Nickthenickthenick
|player|p1|
|l|☆cenotaphs
|player|p2|
