|j|☆furina 50
|j|☆Mdavis
|t:|1779681731
|gametype|singles
|player|p1|furina 50|red|1280
|player|p2|Mdavis|palmer|1335
|gen|9
|tier|[Gen 9] OU
|rated|
|rule|HP Percentage Mod: HP is shown in percentages
|rule|Endless Battle Clause: Forcing endless battles is banned
|rule|Species Clause: Limit one of each Pokémon
|rule|OHKO Clause: OHKO moves are banned
|rule|Evasion Items Clause: Evasion items are banned
|rule|Evasion Moves Clause: Evasion moves are banned
|rule|Evasion Abilities Clause: Evasion abilities are banned
|rule|Sleep Moves Clause: Sleep-inducing moves are banned
|clearpoke
|poke|p1|Corviknight, M|
|poke|p1|Great Tusk|
|poke|p1|Dondozo, M|
|poke|p1|Rillaboom, F|
|poke|p1|Kyurem|
|poke|p1|Clefable, F|
|poke|p2|Kyurem|
|poke|p2|Heatran, M|
|poke|p2|Primarina, F|
|poke|p2|Samurott-Hisui, M|
|poke|p2|Dragonite, M|
|poke|p2|Iron Treads|
|teampreview
|
|t:|1779681757
|teamsize|p1|6
|teamsize|p2|6
|start
|switch|p1a: Clefable|Clefable, F|100/100
|switch|p2a: Kyurem|Kyurem|100/100
|-ability|p2a: Kyurem|Pressure
|turn|1
|
|t:|1779681770
|-terastallize|p2a: Kyurem|Ice
|move|p2a: Kyurem|Ice Beam|p1a: Clefable
|-damage|p1a: Clefable|40/100
|move|p1a: Clefable|Moonblast|p2a: Kyurem
|-damage|p2a: Kyurem|70/100
|-unboost|p2a: Kyurem|spa|1
|
|-heal|p1a: Clefable|46/100|[from] item: Leftovers
|upkeep
|turn|2
|
|t:|1779681785
|switch|p2a: Iron Treads|Iron Treads|100/100
|move|p1a: Clefable|Moonlight|p1a: Clefable
|-heal|p1a: Clefable|96/100
|
|-heal|p1a: Clefable|100/100|[from] item: Leftovers
|upkeep
|turn|3
|
|t:|1779681797
|switch|p1a: Corviknight|Corviknight, M|100/100
|move|p2a: Iron Treads|Stealth Rock|p1a: Corviknight
|-sidestart|p1: furina 50|move: Stealth Rock
|
|upkeep
|turn|4
|
|t:|1779681804
|move|p2a: Iron Treads|Knock Off|p1a: Corviknight
|-damage|p1a: Corviknight|87/100
|-damage|p2a: Iron Treads|84/100|[from] item: Rocky Helmet|[of] p1a: Corviknight
|-enditem|p1a: Corviknight|Rocky Helmet|[from] move: Knock Off|[of] p2a: Iron Treads
|move|p1a: Corviknight|U-turn|p2a: Iron Treads
|-resisted|p2a: Iron Treads
|-damage|p2a: Iron Treads|78/100
|
|t:|1779681811
|switch|p1a: Great Tusk|Great Tusk|100/100|[from] U-turn
|-damage|p1a: Great Tusk|98/100|[from] Stealth Rock
|-enditem|p1a: Great Tusk|Booster Energy
|-activate|p1a: Great Tusk|ability: Protosynthesis|[fromitem]
|-start|p1a: Great Tusk|protosynthesisatk
|
|upkeep
|turn|5
|
|t:|1779681833
|-end|p2a: Iron Treads|Quark Drive|[silent]
|switch|p2a: Primarina|Primarina, F|100/100
|move|p1a: Great Tusk|Close Combat|p2a: Primarina
|-resisted|p2a: Primarina
|-damage|p2a: Primarina|43/100
|-unboost|p1a: Great Tusk|def|1
|-unboost|p1a: Great Tusk|spd|1
|
|-heal|p2a: Primarina|49/100|[from] item: Leftovers
|upkeep
|turn|6
|
|t:|1779681844
|switch|p2a: Dragonite|Dragonite, M|100/100
|move|p1a: Great Tusk|Close Combat|p2a: Dragonite
|-resisted|p2a: Dragonite
|-damage|p2a: Dragonite|79/100
|-unboost|p1a: Great Tusk|def|1
|-unboost|p1a: Great Tusk|spd|1
|
|upkeep
|turn|7
|
|t:|1779681853
|move|p2a: Dragonite|Extreme Speed|p1a: Great Tusk
|-damage|p1a: Great Tusk|56/100
|move|p1a: Great Tusk|Ice Spinner|p2a: Dragonite
|-supereffective|p2a: Dragonite
|-damage|p2a: Dragonite|0 fnt
|faint|p2a: Dragonite
|
|upkeep
|
|t:|1779681858
|switch|p2a: Samurott|Samurott-Hisui, M|100/100
|turn|8
|
|t:|1779681864
|-end|p1a: Great Tusk|Protosynthesis|[silent]
|switch|p1a: Clefable|Clefable, F|100/100
|move|p2a: Samurott|Flip Turn|p1a: Clefable
|-damage|p1a: Clefable|72/100
|
|t:|1779681868
|switch|p2a: Heatran|Heatran, M|100/100|[from] Flip Turn
|
|-heal|p1a: Clefable|78/100|[from] item: Leftovers
|upkeep
|turn|9
|
|t:|1779681875
|move|p2a: Heatran|Magma Storm|p1a: Clefable
|-damage|p1a: Clefable|50/100
|-activate|p1a: Clefable|move: Magma Storm|[of] p2a: Heatran
|move|p1a: Clefable|Stealth Rock|p2a: Heatran
|-sidestart|p2: Mdavis|move: Stealth Rock
|
|-heal|p1a: Clefable|56/100|[from] item: Leftovers
|upkeep
|turn|10
|
|t:|1779681890
|move|p2a: Heatran|Will-O-Wisp|p1a: Clefable
|-status|p1a: Clefable|brn
|move|p1a: Clefable|Thunder Wave|p2a: Heatran|[miss]
|-miss|p1a: Clefable|p2a: Heatran
|
|-heal|p1a: Clefable|62/100 brn|[from] item: Leftovers
|upkeep
|turn|11
|
|t:|1779681898
|switch|p2a: Iron Treads|Iron Treads|78/100
|-damage|p2a: Iron Treads|75/100|[from] Stealth Rock
|move|p1a: Clefable|Thunder Wave|p2a: Iron Treads
|-immune|p2a: Iron Treads
|
|-heal|p1a: Clefable|68/100 brn|[from] item: Leftovers
|-end|p1a: Clefable|Magma Storm|[partiallytrapped]|[silent]
|upkeep
|turn|12
|
|t:|1779681909
|switch|p1a: Corviknight|Corviknight, M|87/100
|-damage|p1a: Corviknight|74/100|[from] Stealth Rock
|move|p2a: Iron Treads|Rapid Spin|p1a: Corviknight
|-resisted|p1a: Corviknight
|-damage|p1a: Corviknight|71/100
|-boost|p2a: Iron Treads|spe|1
|-sideend|p2: Mdavis|Stealth Rock|[from] move: Rapid Spin|[of] p2a: Iron Treads
|
|upkeep
|turn|13
|
|t:|1779681922
|-end|p2a: Iron Treads|Quark Drive|[silent]
|switch|p2a: Heatran|Heatran, M|100/100
|move|p1a: Corviknight|U-turn|p2a: Heatran
|-resisted|p2a: Heatran
|-damage|p2a: Heatran|98/100
|
|t:|1779681929
|switch|p1a: Great Tusk|Great Tusk|56/100|[from] U-turn
|-damage|p1a: Great Tusk|53/100|[from] Stealth Rock
|
|-heal|p2a: Heatran|100/100|[from] item: Leftovers
|upkeep
|turn|14
|
|t:|1779681939
|move|p1a: Great Tusk|Rapid Spin|p2a: Heatran
|-resisted|p2a: Heatran
|-damage|p2a: Heatran|94/100
|-boost|p1a: Great Tusk|spe|1
|-sideend|p1: furina 50|Stealth Rock|[from] move: Rapid Spin|[of] p1a: Great Tusk
|move|p2a: Heatran|Magma Storm|p1a: Great Tusk|[miss]
|-miss|p2a: Heatran|p1a: Great Tusk
|
|-heal|p2a: Heatran|99/100|[from] item: Leftovers
|upkeep
|turn|15
|
|t:|1779681955
|move|p1a: Great Tusk|Headlong Rush|p2a: Heatran
|-supereffective|p2a: Heatran
|-damage|p2a: Heatran|0 fnt
|-unboost|p1a: Great Tusk|def|1
|-unboost|p1a: Great Tusk|spd|1
|faint|p2a: Heatran
|
|upkeep
|
|t:|1779681959
|switch|p2a: Samurott|Samurott-Hisui, M|100/100
|turn|16
|
|t:|1779681964
|move|p1a: Great Tusk|Close Combat|p2a: Samurott
|-supereffective|p2a: Samurott
|-damage|p2a: Samurott|0 fnt
|-unboost|p1a: Great Tusk|def|1
|-unboost|p1a: Great Tusk|spd|1
|faint|p2a: Samurott
|
|upkeep
|-message|Mdavis forfeited.
|
|win|furina 50
|raw|furina 50's rating: 1280 &rarr; <strong>1309</strong><br />(+29 for winning)
|raw|Mdavis's rating: 1335 &rarr; <strong>1312</strong><br />(-23 for losing)
|l|☆Mdavis
|player|p2|
