|j|☆Princessjosie1001!
|j|☆deathprofessor21
|t:|1779722309
|gametype|singles
|player|p1|Princessjosie1001!|nurse|1518
|player|p2|deathprofessor21|169|1508
|gen|9
|tier|[Gen 9] OU
|rated|
|rule|HP Percentage Mod: HP is shown in percentages
|rule|Endless Battle Clause: Forcing endless battles is banned
|rule|Species Clause: Limit one of each Pokémon
|rule|OHKO Clause: OHKO moves are banned
|rule|Evasion Items Clause: Evasion items are banned
|rule|Evasion Moves Clause: Evasion moves are banned
|rule|Evasion Abilities Clause: Evasion abilities are banned
|rule|Sleep Moves Clause: Sleep-inducing moves are banned
|clearpoke
|poke|p1|Polteageist|
|poke|p1|Cloyster, F|
|poke|p1|Salazzle, F|
|poke|p1|Espeon, F|
|poke|p1|Alcremie, F|
|poke|p1|Dragonite, F|
|poke|p2|Samurott-Hisui, M|
|poke|p2|Arcanine-Hisui, M|
|poke|p2|Great Tusk|
|poke|p2|Kyurem|
|poke|p2|Hydrapple, M|
|poke|p2|Garchomp, F|
|teampreview
|inactive|Battle timer is ON: inactive players will automatically lose when time's up. (requested by deathprofessor21)
|
|t:|1779722319
|teamsize|p1|6
|teamsize|p2|6
|start
|switch|p1a: Alcremie|Alcremie, F|100/100
|switch|p2a: Samurott|Samurott-Hisui, M|100/100
|turn|1
|
|t:|1779722325
|switch|p2a: Arcanine|Arcanine-Hisui, M|100/100
|move|p1a: Alcremie|Acid Armor|p1a: Alcremie
|-boost|p1a: Alcremie|def|2
|
|upkeep
|turn|2
|
|t:|1779722331
|move|p2a: Arcanine|Head Smash|p1a: Alcremie
|-damage|p1a: Alcremie|34/100
|move|p1a: Alcremie|Acid Armor|p1a: Alcremie
|-boost|p1a: Alcremie|def|2
|
|upkeep
|turn|3
|
|t:|1779722338
|move|p2a: Arcanine|Head Smash|p1a: Alcremie
|-damage|p1a: Alcremie|0 fnt
|faint|p1a: Alcremie
|
|upkeep
|
|t:|1779722345
|switch|p1a: Cloyster|Cloyster, F|100/100
|turn|4
|
|t:|1779722349
|move|p2a: Arcanine|Head Smash|p1a: Cloyster
|-supereffective|p1a: Cloyster
|-enditem|p1a: Cloyster|Focus Sash
|-damage|p1a: Cloyster|1/100
|move|p1a: Cloyster|Shell Smash|p1a: Cloyster
|-unboost|p1a: Cloyster|def|1
|-unboost|p1a: Cloyster|spd|1
|-boost|p1a: Cloyster|atk|2
|-boost|p1a: Cloyster|spa|2
|-boost|p1a: Cloyster|spe|2
|
|upkeep
|turn|5
|
|t:|1779722372
|switch|p2a: Garchomp|Garchomp, F|100/100
|move|p1a: Cloyster|Rock Blast|p2a: Garchomp
|-resisted|p2a: Garchomp
|-damage|p2a: Garchomp|95/100
|-resisted|p2a: Garchomp
|-damage|p2a: Garchomp|90/100
|-resisted|p2a: Garchomp
|-crit|p2a: Garchomp
|-damage|p2a: Garchomp|83/100
|-resisted|p2a: Garchomp
|-damage|p2a: Garchomp|78/100
|-resisted|p2a: Garchomp
|-damage|p2a: Garchomp|74/100
|-hitcount|p2a: Garchomp|5
|
|upkeep
|turn|6
|
|t:|1779722385
|move|p1a: Cloyster|Ice Shard|p2a: Garchomp
|-supereffective|p2a: Garchomp
|-crit|p2a: Garchomp
|-damage|p2a: Garchomp|0 fnt
|faint|p2a: Garchomp
|
|upkeep
|
|t:|1779722392
|switch|p2a: Arcanine|Arcanine-Hisui, M|100/100
|turn|7
|
|t:|1779722395
|move|p2a: Arcanine|Extreme Speed|p1a: Cloyster
|-damage|p1a: Cloyster|0 fnt
|faint|p1a: Cloyster
|
|upkeep
|
|t:|1779722400
|switch|p1a: Polteageist|Polteageist|100/100
|turn|8
|
|t:|1779722405
|switch|p2a: Samurott|Samurott-Hisui, M|100/100
|move|p1a: Polteageist|Shell Smash|p1a: Polteageist
|-unboost|p1a: Polteageist|def|1
|-unboost|p1a: Polteageist|spd|1
|-boost|p1a: Polteageist|atk|2
|-boost|p1a: Polteageist|spa|2
|-boost|p1a: Polteageist|spe|2
|
|upkeep
|turn|9
|
|t:|1779722414
|move|p1a: Polteageist|Giga Drain|p2a: Samurott
|-supereffective|p2a: Samurott
|-crit|p2a: Samurott
|-damage|p2a: Samurott|0 fnt
|faint|p2a: Samurott
|
|upkeep
|
|t:|1779722416
|switch|p2a: Kyurem|Kyurem|100/100
|-ability|p2a: Kyurem|Pressure
|turn|10
|
|t:|1779722422
|move|p1a: Polteageist|Stored Power|p2a: Kyurem
|-damage|p2a: Kyurem|4/100
|move|p2a: Kyurem|Scale Shot|p1a: Polteageist
|-damage|p1a: Polteageist|69/100
|-ability|p1a: Polteageist|Weak Armor|boost
|-unboost|p1a: Polteageist|def|1
|-boost|p1a: Polteageist|spe|2
|-damage|p1a: Polteageist|27/100
|-ability|p1a: Polteageist|Weak Armor|boost
|-unboost|p1a: Polteageist|def|1
|-boost|p1a: Polteageist|spe|2
|-damage|p1a: Polteageist|0 fnt
|faint|p1a: Polteageist
|-hitcount|p1: Polteageist|3
|-unboost|p2a: Kyurem|def|1
|-boost|p2a: Kyurem|spe|1
|
|upkeep
|
|t:|1779722439
|switch|p1a: No hazard allowed|Espeon, F|100/100
|turn|11
|
|t:|1779722445
|move|p1a: No hazard allowed|Psychic|p2a: Kyurem
|-damage|p2a: Kyurem|0 fnt
|faint|p2a: Kyurem
|
|upkeep
|
|t:|1779722452
|switch|p2a: Hydrapple|Hydrapple, M|100/100
|turn|12
|
|t:|1779722455
|switch|p1a: Salazzle|Salazzle, F|100/100
|move|p2a: Hydrapple|Fickle Beam|p1a: Salazzle|[anim] Fickle Beam All Out
|-activate|p2a: Hydrapple|move: Fickle Beam
|-enditem|p1a: Salazzle|Focus Sash
|-damage|p1a: Salazzle|1/100
|-damage|p2a: Hydrapple|91/100|[from] item: Life Orb
|
|upkeep
|turn|13
|
|t:|1779722473
|switch|p2a: Great Tusk|Great Tusk|100/100
|-enditem|p2a: Great Tusk|Booster Energy
|-activate|p2a: Great Tusk|ability: Protosynthesis|[fromitem]
|-start|p2a: Great Tusk|protosynthesisatk
|move|p1a: Salazzle|Toxic|p2a: Great Tusk
|-status|p2a: Great Tusk|tox
|
|-damage|p2a: Great Tusk|94/100 tox|[from] psn
|upkeep
|turn|14
|
|t:|1779722482
|move|p1a: Salazzle|Flamethrower|p2a: Great Tusk
|-damage|p2a: Great Tusk|28/100 tox
|move|p2a: Great Tusk|Rapid Spin|p1a: Salazzle
|-damage|p1a: Salazzle|0 fnt
|-boost|p2a: Great Tusk|spe|1
|faint|p1a: Salazzle
|
|-damage|p2a: Great Tusk|15/100 tox|[from] psn
|upkeep
|j| hattybatty304
|
|t:|1779722498
|switch|p1a: No hazard allowed|Espeon, F|100/100
|turn|15
|
|t:|1779722501
|move|p1a: No hazard allowed|Psychic|p2a: Great Tusk
|-supereffective|p2a: Great Tusk
|-damage|p2a: Great Tusk|0 fnt
|faint|p2a: Great Tusk
|-end|p2a: Great Tusk|Protosynthesis|[silent]
|
|upkeep
|
|t:|1779722507
|switch|p2a: Hydrapple|Hydrapple, M|100/100
|turn|16
|
|t:|1779722512
|move|p1a: No hazard allowed|Psychic|p2a: Hydrapple
|-damage|p2a: Hydrapple|53/100
|move|p2a: Hydrapple|Fickle Beam|p1a: No hazard allowed|[anim] Fickle Beam All Out
|-activate|p2a: Hydrapple|move: Fickle Beam
|-damage|p1a: No hazard allowed|0 fnt
|faint|p1a: No hazard allowed
|-damage|p2a: Hydrapple|43/100|[from] item: Life Orb
|
|upkeep
|
|t:|1779722520
|switch|p1a: Dragonite|Dragonite, F|100/100
|turn|17
|
|t:|1779722524
|move|p1a: Dragonite|Dragon Claw|p2a: Hydrapple
|-supereffective|p2a: Hydrapple
|-damage|p2a: Hydrapple|0 fnt
|faint|p2a: Hydrapple
|
|upkeep
|
|t:|1779722526
|switch|p2a: Arcanine|Arcanine-Hisui, M|100/100
|turn|18
|
|t:|1779722535
|-terastallize|p2a: Arcanine|Flying
|-terastallize|p1a: Dragonite|Normal
|move|p2a: Arcanine|Head Smash|p1a: Dragonite
|-damage|p1a: Dragonite|39/100
|move|p1a: Dragonite|Earthquake|p2a: Arcanine
|-immune|p2a: Arcanine
|
|upkeep
|turn|19
|-message|Princessjosie1001! forfeited.
|
|win|deathprofessor21
|raw|Princessjosie1001!'s rating: 1518 &rarr; <strong>1497</strong><br />(-21 for losing)
|raw|deathprofessor21's rating: 1508 &rarr; <strong>1529</strong><br />(+21 for winning)
|l|☆Princessjosie1001!
|player|p1|
|l| hattybatty304
