|j|☆Lano Del Rey2
|j|☆Hihealtfu
|t:|1779596403
|gametype|singles
|player|p1|Lano Del Rey2|swimmer-gen4dp|1313
|player|p2|Hihealtfu|2|1331
|gen|9
|tier|[Gen 9] OU
|rated|
|rule|HP Percentage Mod: HP is shown in percentages
|rule|Endless Battle Clause: Forcing endless battles is banned
|rule|Species Clause: Limit one of each Pokémon
|rule|OHKO Clause: OHKO moves are banned
|rule|Evasion Items Clause: Evasion items are banned
|rule|Evasion Moves Clause: Evasion moves are banned
|rule|Evasion Abilities Clause: Evasion abilities are banned
|rule|Sleep Moves Clause: Sleep-inducing moves are banned
|clearpoke
|poke|p1|Tyranitar, F|
|poke|p1|Excadrill, M|
|poke|p1|Clefable, M|
|poke|p1|Glimmora, F|
|poke|p1|Vaporeon, M|
|poke|p1|Skarmory, M|
|poke|p2|Kingambit, M|
|poke|p2|Kommo-o, M|
|poke|p2|Iron Valiant|
|poke|p2|Kyurem|
|poke|p2|Iron Treads|
|poke|p2|Iron Crown|
|teampreview
|inactive|Battle timer is ON: inactive players will automatically lose when time's up. (requested by Lano Del Rey2)
|
|t:|1779596409
|teamsize|p1|6
|teamsize|p2|6
|start
|switch|p1a: Tyranitar|Tyranitar, F|100/100
|switch|p2a: Iron Treads|Iron Treads|100/100
|-weather|Sandstorm|[from] ability: Sand Stream|[of] p1a: Tyranitar
|-enditem|p2a: Iron Treads|Booster Energy
|-activate|p2a: Iron Treads|ability: Quark Drive|[fromitem]
|-start|p2a: Iron Treads|quarkdrivespe
|turn|1
|j| Tsugia
|
|t:|1779596426
|move|p2a: Iron Treads|Stealth Rock|p1a: Tyranitar
|-sidestart|p1: Lano Del Rey2|move: Stealth Rock
|move|p1a: Tyranitar|Knock Off|p2a: Iron Treads
|-damage|p2a: Iron Treads|60/100
|
|-weather|Sandstorm|[upkeep]
|upkeep
|turn|2
|
|t:|1779596435
|switch|p1a: Skarmory|Skarmory, M|100/100
|-damage|p1a: Skarmory|88/100|[from] Stealth Rock
|move|p2a: Iron Treads|Earthquake|p1a: Skarmory
|-immune|p1a: Skarmory
|
|-weather|Sandstorm|[upkeep]
|upkeep
|turn|3
|
|t:|1779596451
|-end|p2a: Iron Treads|Quark Drive|[silent]
|switch|p2a: Kommo-o|Kommo-o, M|100/100
|move|p1a: Skarmory|Stealth Rock|p2a: Kommo-o
|-sidestart|p2: Hihealtfu|move: Stealth Rock
|
|-weather|Sandstorm|[upkeep]
|-damage|p2a: Kommo-o|94/100|[from] Sandstorm
|-heal|p2a: Kommo-o|100/100|[from] item: Leftovers
|upkeep
|turn|4
|
|t:|1779596459
|-terastallize|p2a: Kommo-o|Ghost
|move|p2a: Kommo-o|Substitute|p2a: Kommo-o
|-start|p2a: Kommo-o|Substitute
|-damage|p2a: Kommo-o|75/100
|move|p1a: Skarmory|Iron Defense|p1a: Skarmory
|-boost|p1a: Skarmory|def|2
|
|-weather|Sandstorm|[upkeep]
|-damage|p2a: Kommo-o|69/100|[from] Sandstorm
|-heal|p2a: Kommo-o|75/100|[from] item: Leftovers
|upkeep
|turn|5
|
|t:|1779596472
|move|p2a: Kommo-o|Clangorous Soul|p2a: Kommo-o
|-boost|p2a: Kommo-o|atk|1
|-boost|p2a: Kommo-o|def|1
|-boost|p2a: Kommo-o|spa|1
|-boost|p2a: Kommo-o|spd|1
|-boost|p2a: Kommo-o|spe|1
|-damage|p2a: Kommo-o|43/100
|move|p1a: Skarmory|Iron Defense|p1a: Skarmory
|-boost|p1a: Skarmory|def|2
|
|-weather|none
|-heal|p2a: Kommo-o|49/100|[from] item: Leftovers
|upkeep
|turn|6
|
|t:|1779596482
|move|p2a: Kommo-o|Clangorous Soul|p2a: Kommo-o
|-boost|p2a: Kommo-o|atk|1
|-boost|p2a: Kommo-o|def|1
|-boost|p2a: Kommo-o|spa|1
|-boost|p2a: Kommo-o|spd|1
|-boost|p2a: Kommo-o|spe|1
|-damage|p2a: Kommo-o|16/100
|move|p1a: Skarmory|Iron Defense|p1a: Skarmory
|-boost|p1a: Skarmory|def|2
|
|-heal|p2a: Kommo-o|22/100|[from] item: Leftovers
|upkeep
|turn|7
|c| Tsugia|imagine if it had whirlwind
|
|t:|1779596495
|move|p2a: Kommo-o|Drain Punch|p1a: Skarmory
|-damage|p1a: Skarmory|79/100
|-heal|p2a: Kommo-o|26/100|[from] drain|[of] p1a: Skarmory
|-damage|p2a: Kommo-o|10/100|[from] item: Rocky Helmet|[of] p1a: Skarmory
|move|p1a: Skarmory|Body Press|p2a: Kommo-o
|-immune|p2a: Kommo-o
|
|-heal|p2a: Kommo-o|16/100|[from] item: Leftovers
|upkeep
|turn|8
|
|t:|1779596507
|move|p2a: Kommo-o|Substitute|p2a: Kommo-o
|-fail|p2a: Kommo-o|move: Substitute
|move|p1a: Skarmory|Stealth Rock||[still]
|-fail|p1a: Skarmory
|
|-heal|p2a: Kommo-o|22/100|[from] item: Leftovers
|upkeep
|turn|9
|
|t:|1779596517
|move|p2a: Kommo-o|Substitute|p2a: Kommo-o
|-fail|p2a: Kommo-o|move: Substitute
|move|p1a: Skarmory|Stealth Rock||[still]
|-fail|p1a: Skarmory
|
|-heal|p2a: Kommo-o|29/100|[from] item: Leftovers
|upkeep
|turn|10
|
|t:|1779596530
|move|p2a: Kommo-o|Substitute|p2a: Kommo-o
|-fail|p2a: Kommo-o|move: Substitute
|move|p1a: Skarmory|Stealth Rock||[still]
|-fail|p1a: Skarmory
|
|-heal|p2a: Kommo-o|35/100|[from] item: Leftovers
|upkeep
|turn|11
|
|t:|1779596547
|move|p2a: Kommo-o|Substitute|p2a: Kommo-o
|-fail|p2a: Kommo-o|move: Substitute
|move|p1a: Skarmory|Stealth Rock||[still]
|-fail|p1a: Skarmory
|
|-heal|p2a: Kommo-o|41/100|[from] item: Leftovers
|upkeep
|turn|12
|
|t:|1779596561
|move|p2a: Kommo-o|Clangorous Soul|p2a: Kommo-o
|-boost|p2a: Kommo-o|atk|1
|-boost|p2a: Kommo-o|def|1
|-boost|p2a: Kommo-o|spa|1
|-boost|p2a: Kommo-o|spd|1
|-boost|p2a: Kommo-o|spe|1
|-damage|p2a: Kommo-o|8/100
|move|p1a: Skarmory|Stealth Rock||[still]
|-fail|p1a: Skarmory
|
|-heal|p2a: Kommo-o|14/100|[from] item: Leftovers
|upkeep
|turn|13
|
|t:|1779596572
|move|p2a: Kommo-o|Substitute|p2a: Kommo-o
|-fail|p2a: Kommo-o|move: Substitute
|move|p1a: Skarmory|Stealth Rock||[still]
|-fail|p1a: Skarmory
|
|-heal|p2a: Kommo-o|21/100|[from] item: Leftovers
|upkeep
|turn|14
|
|t:|1779596579
|move|p2a: Kommo-o|Substitute|p2a: Kommo-o
|-fail|p2a: Kommo-o|move: Substitute
|move|p1a: Skarmory|Stealth Rock||[still]
|-fail|p1a: Skarmory
|
|-heal|p2a: Kommo-o|27/100|[from] item: Leftovers
|upkeep
|turn|15
|
|t:|1779596587
|move|p2a: Kommo-o|Substitute|p2a: Kommo-o
|-fail|p2a: Kommo-o|move: Substitute
|move|p1a: Skarmory|Stealth Rock||[still]
|-fail|p1a: Skarmory
|
|-heal|p2a: Kommo-o|33/100|[from] item: Leftovers
|upkeep
|turn|16
|
|t:|1779596593
|move|p2a: Kommo-o|Clangorous Soul||[still]
|-fail|p2a: Kommo-o
|move|p1a: Skarmory|Stealth Rock||[still]
|-fail|p1a: Skarmory
|
|-heal|p2a: Kommo-o|39/100|[from] item: Leftovers
|upkeep
|turn|17
|
|t:|1779596600
|move|p2a: Kommo-o|Clangorous Soul|p2a: Kommo-o
|-boost|p2a: Kommo-o|atk|1
|-boost|p2a: Kommo-o|def|1
|-boost|p2a: Kommo-o|spa|1
|-boost|p2a: Kommo-o|spd|1
|-boost|p2a: Kommo-o|spe|1
|-damage|p2a: Kommo-o|6/100
|move|p1a: Skarmory|Stealth Rock||[still]
|-fail|p1a: Skarmory
|
|-heal|p2a: Kommo-o|13/100|[from] item: Leftovers
|upkeep
|turn|18
|
|t:|1779596609
|move|p2a: Kommo-o|Substitute|p2a: Kommo-o
|-fail|p2a: Kommo-o|move: Substitute
|move|p1a: Skarmory|Stealth Rock||[still]
|-fail|p1a: Skarmory
|
|-heal|p2a: Kommo-o|19/100|[from] item: Leftovers
|upkeep
|turn|19
|
|t:|1779596617
|move|p2a: Kommo-o|Substitute|p2a: Kommo-o
|-fail|p2a: Kommo-o|move: Substitute
|move|p1a: Skarmory|Stealth Rock||[still]
|-fail|p1a: Skarmory
|
|-heal|p2a: Kommo-o|25/100|[from] item: Leftovers
|upkeep
|turn|20
|
|t:|1779596623
|move|p2a: Kommo-o|Drain Punch|p1a: Skarmory
|-damage|p1a: Skarmory|67/100
|-heal|p2a: Kommo-o|31/100|[from] drain|[of] p1a: Skarmory
|-damage|p2a: Kommo-o|15/100|[from] item: Rocky Helmet|[of] p1a: Skarmory
|move|p1a: Skarmory|Stealth Rock||[still]
|-fail|p1a: Skarmory
|
|-heal|p2a: Kommo-o|21/100|[from] item: Leftovers
|upkeep
|turn|21
|
|t:|1779596633
|move|p2a: Kommo-o|Substitute|p2a: Kommo-o
|-fail|p2a: Kommo-o|move: Substitute
|move|p1a: Skarmory|Stealth Rock||[still]
|-fail|p1a: Skarmory
|
|-heal|p2a: Kommo-o|27/100|[from] item: Leftovers
|upkeep
|turn|22
|
|t:|1779596639
|move|p2a: Kommo-o|Substitute|p2a: Kommo-o
|-fail|p2a: Kommo-o|move: Substitute
|move|p1a: Skarmory|Stealth Rock||[still]
|-fail|p1a: Skarmory
|
|-heal|p2a: Kommo-o|33/100|[from] item: Leftovers
|upkeep
|turn|23
|
|t:|1779596645
|move|p2a: Kommo-o|Substitute|p2a: Kommo-o
|-fail|p2a: Kommo-o|move: Substitute
|move|p1a: Skarmory|Stealth Rock||[still]
|-fail|p1a: Skarmory
|
|-heal|p2a: Kommo-o|40/100|[from] item: Leftovers
|upkeep
|turn|24
|
|t:|1779596651
|move|p2a: Kommo-o|Clangorous Soul|p2a: Kommo-o
|-boost|p2a: Kommo-o|atk|1
|-boost|p2a: Kommo-o|def|1
|-boost|p2a: Kommo-o|spa|1
|-boost|p2a: Kommo-o|spd|1
|-boost|p2a: Kommo-o|spe|1
|-damage|p2a: Kommo-o|7/100
|move|p1a: Skarmory|Stealth Rock||[still]
|-fail|p1a: Skarmory
|
|-heal|p2a: Kommo-o|13/100|[from] item: Leftovers
|upkeep
|turn|25
|
|t:|1779596661
|move|p2a: Kommo-o|Clangorous Soul||[still]
|-fail|p2a: Kommo-o
|move|p1a: Skarmory|Stealth Rock||[still]
|-fail|p1a: Skarmory
|
|-heal|p2a: Kommo-o|19/100|[from] item: Leftovers
|upkeep
|turn|26
|l| Tsugia
|
|t:|1779596668
|move|p2a: Kommo-o|Substitute|p2a: Kommo-o
|-fail|p2a: Kommo-o|move: Substitute
|move|p1a: Skarmory|Stealth Rock||[still]
|-fail|p1a: Skarmory
|
|-heal|p2a: Kommo-o|25/100|[from] item: Leftovers
|upkeep
|turn|27
|
|t:|1779596675
|move|p2a: Kommo-o|Substitute|p2a: Kommo-o
|-fail|p2a: Kommo-o|move: Substitute
|move|p1a: Skarmory|Stealth Rock||[still]
|-fail|p1a: Skarmory
|
|-heal|p2a: Kommo-o|32/100|[from] item: Leftovers
|upkeep
|turn|28
|
|t:|1779596681
|move|p2a: Kommo-o|Substitute|p2a: Kommo-o
|-fail|p2a: Kommo-o|move: Substitute
|move|p1a: Skarmory|Stealth Rock||[still]
|-fail|p1a: Skarmory
|
|-heal|p2a: Kommo-o|38/100|[from] item: Leftovers
|upkeep
|turn|29
|
|t:|1779596688
|move|p2a: Kommo-o|Clangorous Soul|p2a: Kommo-o
|-boost|p2a: Kommo-o|atk|1
|-boost|p2a: Kommo-o|def|1
|-boost|p2a: Kommo-o|spa|1
|-boost|p2a: Kommo-o|spd|1
|-boost|p2a: Kommo-o|spe|1
|-damage|p2a: Kommo-o|5/100
|move|p1a: Skarmory|Stealth Rock||[still]
|-fail|p1a: Skarmory
|
|-heal|p2a: Kommo-o|11/100|[from] item: Leftovers
|upkeep
|turn|30
|
|t:|1779596698
|move|p2a: Kommo-o|Drain Punch|p1a: Skarmory
|-damage|p1a: Skarmory|50/100
|-heal|p2a: Kommo-o|19/100|[from] drain|[of] p1a: Skarmory
|-damage|p2a: Kommo-o|2/100|[from] item: Rocky Helmet|[of] p1a: Skarmory
|move|p1a: Skarmory|Roost|p1a: Skarmory
|-heal|p1a: Skarmory|100/100
|-singleturn|p1a: Skarmory|move: Roost
|
|-heal|p2a: Kommo-o|9/100|[from] item: Leftovers
|upkeep
|turn|31
|
|t:|1779596720
|move|p2a: Kommo-o|Drain Punch|p1a: Skarmory
|-damage|p1a: Skarmory|82/100
|-heal|p2a: Kommo-o|18/100|[from] drain|[of] p1a: Skarmory
|-damage|p2a: Kommo-o|1/100|[from] item: Rocky Helmet|[of] p1a: Skarmory
|move|p1a: Skarmory|Stealth Rock||[still]
|-fail|p1a: Skarmory
|
|-heal|p2a: Kommo-o|7/100|[from] item: Leftovers
|upkeep
|turn|32
|
|t:|1779596730
|move|p2a: Kommo-o|Drain Punch|p1a: Skarmory
|-crit|p1a: Skarmory
|-damage|p1a: Skarmory|0 fnt
|-heal|p2a: Kommo-o|46/100|[from] drain|[of] p1a: Skarmory
|-damage|p2a: Kommo-o|30/100|[from] item: Rocky Helmet|[of] p1a: Skarmory
|faint|p1a: Skarmory
|
|-heal|p2a: Kommo-o|36/100|[from] item: Leftovers
|upkeep
|
|t:|1779596742
|switch|p1a: Tyranitar|Tyranitar, F|100/100
|-damage|p1a: Tyranitar|88/100|[from] Stealth Rock
|-weather|Sandstorm|[from] ability: Sand Stream|[of] p1a: Tyranitar
|turn|33
|
|t:|1779596752
|-terastallize|p1a: Tyranitar|Flying
|move|p2a: Kommo-o|Drain Punch|p1a: Tyranitar
|-resisted|p1a: Tyranitar
|-damage|p1a: Tyranitar|34/100
|-heal|p2a: Kommo-o|62/100|[from] drain|[of] p1a: Tyranitar
|move|p1a: Tyranitar|Knock Off|p2a: Kommo-o
|-supereffective|p2a: Kommo-o
|-end|p2a: Kommo-o|Substitute
|
|-weather|Sandstorm|[upkeep]
|-damage|p2a: Kommo-o|56/100|[from] Sandstorm
|-damage|p1a: Tyranitar|27/100|[from] Sandstorm
|-heal|p2a: Kommo-o|62/100|[from] item: Leftovers
|upkeep
|turn|34
|
|t:|1779596764
|move|p2a: Kommo-o|Drain Punch|p1a: Tyranitar
|-resisted|p1a: Tyranitar
|-damage|p1a: Tyranitar|0 fnt
|-heal|p2a: Kommo-o|75/100|[from] drain|[of] p1a: Tyranitar
|faint|p1a: Tyranitar
|
|-weather|Sandstorm|[upkeep]
|-damage|p2a: Kommo-o|69/100|[from] Sandstorm
|-heal|p2a: Kommo-o|75/100|[from] item: Leftovers
|upkeep
|
|t:|1779596773
|switch|p1a: Excadrill|Excadrill, M|100/100
|-damage|p1a: Excadrill|97/100|[from] Stealth Rock
|-item|p1a: Excadrill|Air Balloon
|turn|35
|
|t:|1779596780
|move|p2a: Kommo-o|Drain Punch|p1a: Excadrill
|-supereffective|p1a: Excadrill
|-damage|p1a: Excadrill|0 fnt
|-heal|p2a: Kommo-o|100/100|[from] drain|[of] p1a: Excadrill
|-enditem|p1a: Excadrill|Air Balloon
|faint|p1a: Excadrill
|
|-weather|Sandstorm|[upkeep]
|-damage|p2a: Kommo-o|94/100|[from] Sandstorm
|-heal|p2a: Kommo-o|100/100|[from] item: Leftovers
|upkeep
|-message|Lano Del Rey2 forfeited.
|
|win|Hihealtfu
|raw|Lano Del Rey2's rating: 1313 &rarr; <strong>1294</strong><br />(-19 for losing)
|raw|Hihealtfu's rating: 1331 &rarr; <strong>1350</strong><br />(+19 for winning)
|l|☆Lano Del Rey2
|player|p1|
