|badge|p2|bronze|gen9ou|100-9
|uhtml|medal-msg|<div class="broadcast-blue">Curious what those medals under the avatar are? PS now has Ladder Seasons! For more information, check out the <a href="https://www.smogon.com/forums/threads/3740067/">thread on Smogon.</a></div>
|j|☆mansonabuluting
|j|☆slitherwing ily ><
|t:|1779654046
|gametype|singles
|player|p1|mansonabuluting|266|1701
|player|p2|slitherwing ily ><|iono-masters|1726
|gen|9
|tier|[Gen 9] OU
|rated|
|rule|HP Percentage Mod: HP is shown in percentages
|rule|Endless Battle Clause: Forcing endless battles is banned
|rule|Species Clause: Limit one of each Pokémon
|rule|OHKO Clause: OHKO moves are banned
|rule|Evasion Items Clause: Evasion items are banned
|rule|Evasion Moves Clause: Evasion moves are banned
|rule|Evasion Abilities Clause: Evasion abilities are banned
|rule|Sleep Moves Clause: Sleep-inducing moves are banned
|clearpoke
|poke|p1|Volcanion|
|poke|p1|Rillaboom, F|
|poke|p1|Hawlucha, M|
|poke|p1|Thundurus-Therian, M|
|poke|p1|Goodra-Hisui, F|
|poke|p1|Great Tusk|
|poke|p2|Raging Bolt|
|poke|p2|Great Tusk|
|poke|p2|Gholdengo|
|poke|p2|Ting-Lu|
|poke|p2|Dragonite, M|
|poke|p2|Iron Moth|
|teampreview
|j| Taison1134
|
|t:|1779654056
|teamsize|p1|6
|teamsize|p2|6
|start
|switch|p1a: Goodra|Goodra-Hisui, F|100/100
|switch|p2a: Bergentruck|Ting-Lu|100/100
|-ability|p2a: Bergentruck|Vessel of Ruin
|turn|1
|inactive|Battle timer is ON: inactive players will automatically lose when time's up. (requested by mansonabuluting)
|
|t:|1779654062
|switch|p1a: Rillaboom|Rillaboom, F|100/100
|-fieldstart|move: Grassy Terrain|[from] ability: Grassy Surge|[of] p1a: Rillaboom
|move|p2a: Bergentruck|Earthquake|p1a: Rillaboom
|-resisted|p1a: Rillaboom
|-damage|p1a: Rillaboom|90/100
|
|-heal|p1a: Rillaboom|96/100|[from] Grassy Terrain
|upkeep
|turn|2
|
|t:|1779654068
|switch|p2a: Tuca Donca|Iron Moth|100/100
|-enditem|p2a: Tuca Donca|Booster Energy
|-activate|p2a: Tuca Donca|ability: Quark Drive|[fromitem]
|-start|p2a: Tuca Donca|quarkdrivespe
|move|p1a: Rillaboom|U-turn|p2a: Tuca Donca
|-resisted|p2a: Tuca Donca
|-damage|p2a: Tuca Donca|87/100
|j| crimson blood veep
|
|t:|1779654072
|switch|p1a: Volcanion|Volcanion|100/100|[from] U-turn
|
|-heal|p2a: Tuca Donca|93/100|[from] Grassy Terrain
|upkeep
|turn|3
|
|t:|1779654078
|move|p2a: Tuca Donca|Sludge Wave|p1a: Volcanion
|-damage|p1a: Volcanion|55/100
|move|p1a: Volcanion|Steam Eruption|p2a: Tuca Donca
|-supereffective|p2a: Tuca Donca
|-damage|p2a: Tuca Donca|0 fnt
|faint|p2a: Tuca Donca
|-end|p2a: Tuca Donca|Quark Drive|[silent]
|
|-heal|p1a: Volcanion|61/100|[from] Grassy Terrain
|upkeep
|
|t:|1779654091
|switch|p2a: Nah I'd spin|Great Tusk|100/100
|-enditem|p2a: Nah I'd spin|Booster Energy
|-activate|p2a: Nah I'd spin|ability: Protosynthesis|[fromitem]
|-start|p2a: Nah I'd spin|protosynthesisatk
|turn|4
|
|t:|1779654094
|switch|p1a: Thundurus|Thundurus-Therian, M|100/100
|move|p2a: Nah I'd spin|Headlong Rush|p1a: Thundurus
|-immune|p1a: Thundurus
|
|upkeep
|turn|5
|
|t:|1779654101
|-end|p2a: Nah I'd spin|Protosynthesis|[silent]
|switch|p2a: Jane Juliet|Gholdengo|100/100
|-item|p2a: Jane Juliet|Air Balloon
|move|p1a: Thundurus|Grass Knot|p2a: Jane Juliet
|-resisted|p2a: Jane Juliet
|-damage|p2a: Jane Juliet|86/100
|-enditem|p2a: Jane Juliet|Air Balloon
|
|-heal|p2a: Jane Juliet|92/100|[from] Grassy Terrain
|-fieldend|move: Grassy Terrain
|upkeep
|turn|6
|
|t:|1779654104
|switch|p1a: Goodra|Goodra-Hisui, F|100/100
|move|p2a: Jane Juliet|Nasty Plot|p2a: Jane Juliet
|-boost|p2a: Jane Juliet|spa|2
|
|upkeep
|turn|7
|
|t:|1779654108
|move|p2a: Jane Juliet|Shadow Ball|p1a: Goodra
|-damage|p1a: Goodra|61/100
|move|p1a: Goodra|Flamethrower|p2a: Jane Juliet
|-supereffective|p2a: Jane Juliet
|-damage|p2a: Jane Juliet|24/100
|-status|p2a: Jane Juliet|brn
|
|-damage|p2a: Jane Juliet|18/100 brn|[from] brn
|upkeep
|turn|8
|
|t:|1779654111
|switch|p1a: Thundurus|Thundurus-Therian, M|100/100
|move|p2a: Jane Juliet|Shadow Ball|p1a: Thundurus
|-damage|p1a: Thundurus|0 fnt
|faint|p1a: Thundurus
|
|-damage|p2a: Jane Juliet|12/100 brn|[from] brn
|upkeep
|
|t:|1779654113
|switch|p1a: Rillaboom|Rillaboom, F|96/100
|-fieldstart|move: Grassy Terrain|[from] ability: Grassy Surge|[of] p1a: Rillaboom
|turn|9
|
|t:|1779654118
|move|p1a: Rillaboom|Grassy Glide|p2a: Jane Juliet
|-resisted|p2a: Jane Juliet
|-damage|p2a: Jane Juliet|0 fnt
|faint|p2a: Jane Juliet
|
|-heal|p1a: Rillaboom|100/100|[from] Grassy Terrain
|upkeep
|
|t:|1779654133
|switch|p2a: Nah I'd spin|Great Tusk|100/100
|turn|10
|
|t:|1779654138
|switch|p1a: Hawlucha|Hawlucha, M|100/100
|-enditem|p1a: Hawlucha|Grassy Seed
|-boost|p1a: Hawlucha|def|1|[from] item: Grassy Seed
|move|p2a: Nah I'd spin|Ice Spinner|p1a: Hawlucha
|-supereffective|p1a: Hawlucha
|-damage|p1a: Hawlucha|55/100
|-fieldend|move: Grassy Terrain
|
|upkeep
|turn|11
|
|t:|1779654142
|move|p1a: Hawlucha|Acrobatics|p2a: Nah I'd spin
|-supereffective|p2a: Nah I'd spin
|-damage|p2a: Nah I'd spin|26/100
|move|p2a: Nah I'd spin|Ice Spinner|p1a: Hawlucha
|-supereffective|p1a: Hawlucha
|-damage|p1a: Hawlucha|10/100
|
|upkeep
|turn|12
|
|t:|1779654145
|move|p1a: Hawlucha|Acrobatics|p2a: Nah I'd spin
|-supereffective|p2a: Nah I'd spin
|-damage|p2a: Nah I'd spin|0 fnt
|faint|p2a: Nah I'd spin
|-end|p2a: Nah I'd spin|Protosynthesis|[silent]
|
|upkeep
|
|t:|1779654148
|switch|p2a: Saber|Dragonite, M|100/100
|turn|13
|
|t:|1779654150
|move|p2a: Saber|Extreme Speed|p1a: Hawlucha
|-damage|p1a: Hawlucha|0 fnt
|faint|p1a: Hawlucha
|
|upkeep
|
|t:|1779654152
|switch|p1a: Great Tusk|Great Tusk|100/100
|turn|14
|
|t:|1779654154
|switch|p2a: Bergentruck|Ting-Lu|100/100
|-ability|p2a: Bergentruck|Vessel of Ruin
|move|p1a: Great Tusk|Ice Spinner|p2a: Bergentruck
|-supereffective|p2a: Bergentruck
|-damage|p2a: Bergentruck|75/100
|-enditem|p2a: Bergentruck|Weakness Policy
|-boost|p2a: Bergentruck|atk|2|[from] item: Weakness Policy
|-boost|p2a: Bergentruck|spa|2|[from] item: Weakness Policy
|
|upkeep
|turn|15
|
|t:|1779654159
|-end|p1a: Great Tusk|Protosynthesis|[silent]
|switch|p1a: Volcanion|Volcanion|61/100
|move|p2a: Bergentruck|Earthquake|p1a: Volcanion
|-supereffective|p1a: Volcanion
|-damage|p1a: Volcanion|0 fnt
|faint|p1a: Volcanion
|
|upkeep
|
|t:|1779654161
|switch|p1a: Rillaboom|Rillaboom, F|100/100
|-fieldstart|move: Grassy Terrain|[from] ability: Grassy Surge|[of] p1a: Rillaboom
|turn|16
|
|t:|1779654163
|move|p1a: Rillaboom|Wood Hammer|p2a: Bergentruck
|-supereffective|p2a: Bergentruck
|-damage|p2a: Bergentruck|0 fnt
|faint|p2a: Bergentruck
|-damage|p1a: Rillaboom|69/100|[from] Recoil
|
|-heal|p1a: Rillaboom|75/100|[from] Grassy Terrain
|upkeep
|
|t:|1779654172
|switch|p2a: Angry Nut|Raging Bolt|100/100
|-enditem|p2a: Angry Nut|Booster Energy
|-activate|p2a: Angry Nut|ability: Protosynthesis|[fromitem]
|-start|p2a: Angry Nut|protosynthesisspa
|turn|17
|
|t:|1779654177
|move|p2a: Angry Nut|Calm Mind|p2a: Angry Nut
|-boost|p2a: Angry Nut|spa|1
|-boost|p2a: Angry Nut|spd|1
|move|p1a: Rillaboom|Wood Hammer|p2a: Angry Nut
|-resisted|p2a: Angry Nut
|-damage|p2a: Angry Nut|44/100
|-damage|p1a: Rillaboom|57/100|[from] Recoil
|
|-heal|p2a: Angry Nut|51/100|[from] Grassy Terrain
|-heal|p1a: Rillaboom|63/100|[from] Grassy Terrain
|upkeep
|turn|18
|
|t:|1779654181
|move|p2a: Angry Nut|Dragon Pulse|p1a: Rillaboom
|-damage|p1a: Rillaboom|0 fnt
|faint|p1a: Rillaboom
|
|-heal|p2a: Angry Nut|57/100|[from] Grassy Terrain
|upkeep
|
|t:|1779654183
|switch|p1a: Goodra|Goodra-Hisui, F|61/100
|turn|19
|
|t:|1779654188
|-terastallize|p2a: Angry Nut|Bug
|move|p2a: Angry Nut|Dragon Pulse|p1a: Goodra
|-damage|p1a: Goodra|19/100
|move|p1a: Goodra|Draco Meteor|p2a: Angry Nut
|-crit|p2a: Angry Nut
|-damage|p2a: Angry Nut|0 fnt
|-unboost|p1a: Goodra|spa|2
|faint|p2a: Angry Nut
|-end|p2a: Angry Nut|Protosynthesis|[silent]
|
|-heal|p1a: Goodra|25/100|[from] Grassy Terrain
|upkeep
|c|☆slitherwing ily ><|damn
|c|☆slitherwing ily ><|rip
|
|t:|1779654196
|switch|p2a: Saber|Dragonite, M|100/100
|turn|20
|
|t:|1779654212
|switch|p1a: Great Tusk|Great Tusk|100/100
|move|p2a: Saber|Dragon Dance|p2a: Saber
|-boost|p2a: Saber|atk|1
|-boost|p2a: Saber|spe|1
|
|-fieldend|move: Grassy Terrain
|upkeep
|turn|21
|l| Taison1134
|
|t:|1779654220
|move|p2a: Saber|Dragon Dance|p2a: Saber
|-boost|p2a: Saber|atk|1
|-boost|p2a: Saber|spe|1
|move|p1a: Great Tusk|Ice Spinner|p2a: Saber
|-supereffective|p2a: Saber
|-damage|p2a: Saber|52/100
|
|upkeep
|turn|22
|
|t:|1779654224
|move|p2a: Saber|Roost|p2a: Saber
|-heal|p2a: Saber|100/100
|-singleturn|p2a: Saber|move: Roost
|move|p1a: Great Tusk|Ice Spinner|p2a: Saber
|-supereffective|p2a: Saber
|-damage|p2a: Saber|74/100
|
|upkeep
|turn|23
|
|t:|1779654229
|move|p2a: Saber|Earthquake|p1a: Great Tusk
|-damage|p1a: Great Tusk|63/100
|move|p1a: Great Tusk|Ice Spinner|p2a: Saber
|-supereffective|p2a: Saber
|-damage|p2a: Saber|0 fnt
|faint|p2a: Saber
|
|win|mansonabuluting
|raw|mansonabuluting's rating: 1701 &rarr; <strong>1722</strong><br />(+21 for winning)
|raw|slitherwing ily &gt;&lt;'s rating: 1726 &rarr; <strong>1705</strong><br />(-21 for losing)
|l|☆mansonabuluting
|player|p1|
|l|☆slitherwing ily ><
|player|p2|
|l| crimson blood veep
