|j|☆claudechamp
|j|☆yigf
|t:|1779715613
|gametype|singles
|player|p1|claudechamp|102|1170
|player|p2|yigf|tuber|1111
|gen|9
|tier|[Gen 9] OU
|rated|
|rule|HP Percentage Mod: HP is shown in percentages
|rule|Endless Battle Clause: Forcing endless battles is banned
|rule|Species Clause: Limit one of each Pokémon
|rule|OHKO Clause: OHKO moves are banned
|rule|Evasion Items Clause: Evasion items are banned
|rule|Evasion Moves Clause: Evasion moves are banned
|rule|Evasion Abilities Clause: Evasion abilities are banned
|rule|Sleep Moves Clause: Sleep-inducing moves are banned
|clearpoke
|poke|p1|Gliscor, M|
|poke|p1|Ogerpon, F|
|poke|p1|Walking Wake|
|poke|p1|Blissey, F|
|poke|p1|Corviknight, M|
|poke|p1|Pecharunt|
|poke|p2|Blastoise, F|
|poke|p2|Dragonite, F|
|poke|p2|Garganacl, M|
|poke|p2|Incineroar, M|
|poke|p2|Glimmora, F|
|poke|p2|Mimikyu, M|
|teampreview
|c|☆claudechamp|hf
|inactive|Battle timer is ON: inactive players will automatically lose when time's up. (requested by yigf)
|inactive|claudechamp also wants the timer to be on.
|
|t:|1779715616
|teamsize|p1|6
|teamsize|p2|6
|start
|switch|p1a: Gliscor|Gliscor, M|100/100
|switch|p2a: Glimmora|Glimmora, F|100/100
|turn|1
|
|t:|1779715625
|move|p1a: Gliscor|Spikes|p2a: Glimmora
|-sidestart|p2: yigf|Spikes
|move|p2a: Glimmora|Stealth Rock|p1a: Gliscor
|-sidestart|p1: claudechamp|move: Stealth Rock
|
|-status|p1a: Gliscor|tox|[from] item: Toxic Orb
|upkeep
|turn|2
|
|t:|1779715634
|move|p1a: Gliscor|Spikes|p2a: Glimmora
|-sidestart|p2: yigf|Spikes
|move|p2a: Glimmora|Meteor Beam||[still]
|-prepare|p2a: Glimmora|Meteor Beam
|-boost|p2a: Glimmora|spa|1
|-enditem|p2a: Glimmora|Power Herb
|-anim|p2a: Glimmora|Meteor Beam|p1a: Gliscor
|-damage|p1a: Gliscor|25/100 tox
|
|-heal|p1a: Gliscor|38/100 tox|[from] ability: Poison Heal
|upkeep
|turn|3
|
|t:|1779715645
|move|p1a: Gliscor|Earthquake|p2a: Glimmora
|-supereffective|p2a: Glimmora
|-damage|p2a: Glimmora|0 fnt
|-activate|p2a: Glimmora|ability: Toxic Debris
|-sidestart|p1: claudechamp|move: Toxic Spikes
|faint|p2a: Glimmora
|
|-heal|p1a: Gliscor|50/100 tox|[from] ability: Poison Heal
|upkeep
|inactive|yigf has 120 seconds left.
|
|t:|1779715675
|switch|p2a: Incineroar|Incineroar, M, shiny|100/100
|-ability|p2a: Incineroar|Intimidate|boost
|-unboost|p1a: Gliscor|atk|1
|turn|4
|
|t:|1779715681
|move|p2a: Incineroar|Fake Out|p1a: Gliscor
|-damage|p1a: Gliscor|41/100 tox
|cant|p1a: Gliscor|flinch
|
|-heal|p1a: Gliscor|53/100 tox|[from] ability: Poison Heal
|upkeep
|turn|5
|
|t:|1779715693
|move|p1a: Gliscor|Toxic|p2a: Incineroar
|-status|p2a: Incineroar|tox
|move|p2a: Incineroar|Knock Off|p1a: Gliscor
|-damage|p1a: Gliscor|22/100 tox
|-enditem|p1a: Gliscor|Toxic Orb|[from] move: Knock Off|[of] p2a: Incineroar
|
|-heal|p1a: Gliscor|35/100 tox|[from] ability: Poison Heal
|-damage|p2a: Incineroar|95/100 tox|[from] psn
|upkeep
|turn|6
|
|t:|1779715705
|move|p1a: Gliscor|Earthquake|p2a: Incineroar
|-supereffective|p2a: Incineroar
|-damage|p2a: Incineroar|50/100 tox
|move|p2a: Incineroar|Flare Blitz|p1a: Gliscor
|-damage|p1a: Gliscor|0 fnt
|faint|p1a: Gliscor
|-damage|p2a: Incineroar|39/100 tox|[from] Recoil
|
|-damage|p2a: Incineroar|27/100 tox|[from] psn
|upkeep
|
|t:|1779715708
|switch|p1a: Walking Wake|Walking Wake|100/100
|turn|7
|
|t:|1779715720
|move|p1a: Walking Wake|Surf|p2a: Incineroar
|-supereffective|p2a: Incineroar
|-damage|p2a: Incineroar|0 fnt
|faint|p2a: Incineroar
|
|upkeep
|
|t:|1779715732
|switch|p2a: Mimikyu|Mimikyu, M|100/100
|-damage|p2a: Mimikyu|84/100|[from] Spikes
|turn|8
|
|t:|1779715737
|move|p1a: Walking Wake|Knock Off|p2a: Mimikyu
|-activate|p2a: Mimikyu|ability: Disguise
|-damage|p2a: Mimikyu|84/100
|-enditem|p2a: Mimikyu|Life Orb|[from] move: Knock Off|[of] p1a: Walking Wake
|detailschange|p2a: Mimikyu|Mimikyu-Busted, M
|-damage|p2a: Mimikyu|71/100|[from] pokemon: Mimikyu-Busted
|move|p2a: Mimikyu|Swords Dance|p2a: Mimikyu
|-boost|p2a: Mimikyu|atk|2
|
|upkeep
|turn|9
|
|t:|1779715750
|move|p2a: Mimikyu|Shadow Sneak|p1a: Walking Wake
|-damage|p1a: Walking Wake|64/100
|move|p1a: Walking Wake|Surf|p2a: Mimikyu
|-damage|p2a: Mimikyu|15/100
|
|upkeep
|turn|10
|
|t:|1779715760
|move|p1a: Walking Wake|Surf|p2a: Mimikyu
|-damage|p2a: Mimikyu|0 fnt
|faint|p2a: Mimikyu
|
|upkeep
|-message|yigf forfeited.
|
|win|claudechamp
|raw|claudechamp's rating: 1170 &rarr; <strong>1191</strong><br />(+21 for winning)
|raw|yigf's rating: 1111 &rarr; <strong>1090</strong><br />(-21 for losing)
|l|☆yigf
|player|p2|
|c|☆claudechamp|gg
