|j|☆Twisted Divinity
|j|☆flapjacque
|t:|1779650016
|gametype|singles
|player|p1|Twisted Divinity|acerola-masters|1529
|player|p2|flapjacque|wallace|1454
|gen|9
|tier|[Gen 9] OU
|rated|
|rule|HP Percentage Mod: HP is shown in percentages
|rule|Endless Battle Clause: Forcing endless battles is banned
|rule|Species Clause: Limit one of each Pokémon
|rule|OHKO Clause: OHKO moves are banned
|rule|Evasion Items Clause: Evasion items are banned
|rule|Evasion Moves Clause: Evasion moves are banned
|rule|Evasion Abilities Clause: Evasion abilities are banned
|rule|Sleep Moves Clause: Sleep-inducing moves are banned
|clearpoke
|poke|p1|Wo-Chien|
|poke|p1|Torkoal, M|
|poke|p1|Cinderace, M|
|poke|p1|Great Tusk|
|poke|p1|Walking Wake|
|poke|p1|Clefable, F|
|poke|p2|Milotic, F|
|poke|p2|Skarmory, F|
|poke|p2|Quagsire, F|
|poke|p2|Latias, F|
|poke|p2|Enamorus, F|
|poke|p2|Grafaiai, F|
|teampreview
|inactive|Battle timer is ON: inactive players will automatically lose when time's up. (requested by Twisted Divinity)
|
|t:|1779650027
|teamsize|p1|6
|teamsize|p2|6
|start
|switch|p1a: The Sun Is So Loud|Torkoal, M|100/100
|switch|p2a: Latias|Latias, F|100/100
|-weather|SunnyDay|[from] ability: Drought|[of] p1a: The Sun Is So Loud
|turn|1
|
|t:|1779650033
|switch|p1a: Wo Chienuenly|Wo-Chien|100/100
|-ability|p1a: Wo Chienuenly|Tablets of Ruin
|move|p2a: Latias|Calm Mind|p2a: Latias
|-boost|p2a: Latias|spa|1
|-boost|p2a: Latias|spd|1
|
|-weather|SunnyDay|[upkeep]
|upkeep
|turn|2
|
|t:|1779650041
|move|p2a: Latias|Calm Mind|p2a: Latias
|-boost|p2a: Latias|spa|1
|-boost|p2a: Latias|spd|1
|move|p1a: Wo Chienuenly|Growth|p1a: Wo Chienuenly
|-boost|p1a: Wo Chienuenly|atk|2
|-boost|p1a: Wo Chienuenly|spa|2
|
|-weather|SunnyDay|[upkeep]
|upkeep
|turn|3
|
|t:|1779650059
|-terastallize|p2a: Latias|Fairy
|move|p2a: Latias|Draining Kiss|p1a: Wo Chienuenly
|-supereffective|p1a: Wo Chienuenly
|-damage|p1a: Wo Chienuenly|21/100
|move|p1a: Wo Chienuenly|Trailblaze|p2a: Latias
|-damage|p2a: Latias|66/100
|-boost|p1a: Wo Chienuenly|spe|1
|-damage|p1a: Wo Chienuenly|11/100|[from] item: Life Orb
|
|-weather|SunnyDay|[upkeep]
|upkeep
|turn|4
|
|t:|1779650068
|move|p1a: Wo Chienuenly|Giga Drain|p2a: Latias
|-damage|p2a: Latias|41/100
|-heal|p1a: Wo Chienuenly|26/100|[from] drain|[of] p2a: Latias
|-damage|p1a: Wo Chienuenly|16/100|[from] item: Life Orb
|move|p2a: Latias|Draining Kiss|p1a: Wo Chienuenly
|-supereffective|p1a: Wo Chienuenly
|-damage|p1a: Wo Chienuenly|0 fnt
|-heal|p2a: Latias|51/100|[from] drain|[of] p1a: Wo Chienuenly
|faint|p1a: Wo Chienuenly
|
|-weather|SunnyDay|[upkeep]
|upkeep
|
|t:|1779650075
|switch|p1a: Chuck Norris Kick|Cinderace, M|100/100
|-item|p1a: Chuck Norris Kick|Air Balloon
|turn|5
|
|t:|1779650081
|move|p1a: Chuck Norris Kick|Pyro Ball|p2a: Latias
|-damage|p2a: Latias|0 fnt
|faint|p2a: Latias
|
|-weather|SunnyDay|[upkeep]
|upkeep
|
|t:|1779650087
|switch|p2a: Quagsire|Quagsire, F, shiny|100/100
|turn|6
|
|t:|1779650092
|switch|p1a: MAXIMUM OUTPUT|Walking Wake|100/100
|-activate|p1a: MAXIMUM OUTPUT|ability: Protosynthesis
|-start|p1a: MAXIMUM OUTPUT|protosynthesisspe
|move|p2a: Quagsire|Toxic|p1a: MAXIMUM OUTPUT
|-status|p1a: MAXIMUM OUTPUT|tox
|
|-weather|SunnyDay|[upkeep]
|-damage|p1a: MAXIMUM OUTPUT|94/100 tox|[from] psn
|upkeep
|turn|7
|
|t:|1779650103
|switch|p2a: Milotic|Milotic, F|100/100
|move|p1a: MAXIMUM OUTPUT|Draco Meteor|p2a: Milotic
|-damage|p2a: Milotic|29/100
|-unboost|p1a: MAXIMUM OUTPUT|spa|2
|
|-weather|SunnyDay|[upkeep]
|-heal|p2a: Milotic|36/100|[from] item: Leftovers
|-damage|p1a: MAXIMUM OUTPUT|82/100 tox|[from] psn
|upkeep
|turn|8
|
|t:|1779650113
|-end|p1a: MAXIMUM OUTPUT|Protosynthesis|[silent]
|switch|p1a: Chuck Norris Kick|Cinderace, M|100/100
|-item|p1a: Chuck Norris Kick|Air Balloon
|switch|p2a: Enamorus|Enamorus, F|100/100
|
|-weather|none
|upkeep
|turn|9
|
|t:|1779650119
|move|p1a: Chuck Norris Kick|Pyro Ball|p2a: Enamorus
|-damage|p2a: Enamorus|15/100
|move|p2a: Enamorus|Superpower|p1a: Chuck Norris Kick
|-damage|p1a: Chuck Norris Kick|47/100
|-boost|p2a: Enamorus|atk|1
|-boost|p2a: Enamorus|def|1
|-enditem|p1a: Chuck Norris Kick|Air Balloon
|
|-heal|p2a: Enamorus|22/100|[from] item: Leftovers
|upkeep
|turn|10
|
|t:|1779650129
|switch|p2a: Quagsire|Quagsire, F, shiny|100/100
|move|p1a: Chuck Norris Kick|Flame Charge|p2a: Quagsire
|-resisted|p2a: Quagsire
|-damage|p2a: Quagsire|92/100
|-boost|p1a: Chuck Norris Kick|spe|1
|
|-heal|p2a: Quagsire|98/100|[from] item: Leftovers
|upkeep
|turn|11
|
|t:|1779650140
|move|p1a: Chuck Norris Kick|Low Kick|p2a: Quagsire
|-damage|p2a: Quagsire|81/100
|move|p2a: Quagsire|Stealth Rock|p1a: Chuck Norris Kick
|-sidestart|p1: Twisted Divinity|move: Stealth Rock
|
|-heal|p2a: Quagsire|87/100|[from] item: Leftovers
|upkeep
|turn|12
|
|t:|1779650146
|move|p1a: Chuck Norris Kick|Low Kick|p2a: Quagsire
|-damage|p2a: Quagsire|68/100
|move|p2a: Quagsire|Earthquake|p1a: Chuck Norris Kick
|-supereffective|p1a: Chuck Norris Kick
|-damage|p1a: Chuck Norris Kick|0 fnt
|faint|p1a: Chuck Norris Kick
|
|-heal|p2a: Quagsire|74/100|[from] item: Leftovers
|upkeep
|
|t:|1779650147
|switch|p1a: Great Tuskarus|Great Tusk, shiny|100/100
|-damage|p1a: Great Tuskarus|98/100|[from] Stealth Rock
|turn|13
|
|t:|1779650157
|move|p1a: Great Tuskarus|Rapid Spin|p2a: Quagsire
|-crit|p2a: Quagsire
|-damage|p2a: Quagsire|60/100
|-boost|p1a: Great Tuskarus|spe|1
|-sideend|p1: Twisted Divinity|Stealth Rock|[from] move: Rapid Spin|[of] p1a: Great Tuskarus
|move|p2a: Quagsire|Toxic|p1a: Great Tuskarus
|-status|p1a: Great Tuskarus|tox
|
|-heal|p2a: Quagsire|66/100|[from] item: Leftovers
|-damage|p1a: Great Tuskarus|91/100 tox|[from] psn
|upkeep
|turn|14
|
|t:|1779650166
|move|p1a: Great Tuskarus|Stealth Rock|p2a: Quagsire
|-sidestart|p2: flapjacque|move: Stealth Rock
|move|p2a: Quagsire|Recover|p2a: Quagsire
|-heal|p2a: Quagsire|100/100
|
|-damage|p1a: Great Tuskarus|79/100 tox|[from] psn
|upkeep
|turn|15
|
|t:|1779650172
|-end|p1a: Great Tuskarus|Protosynthesis|[silent]
|switch|p1a: MAXIMUM OUTPUT|Walking Wake|82/100 tox
|move|p2a: Quagsire|Stealth Rock|p1a: MAXIMUM OUTPUT
|-sidestart|p1: Twisted Divinity|move: Stealth Rock
|
|-damage|p1a: MAXIMUM OUTPUT|76/100 tox|[from] psn
|upkeep
|turn|16
|
|t:|1779650178
|move|p1a: MAXIMUM OUTPUT|Draco Meteor|p2a: Quagsire
|-damage|p2a: Quagsire|0 fnt
|-unboost|p1a: MAXIMUM OUTPUT|spa|2
|faint|p2a: Quagsire
|
|-damage|p1a: MAXIMUM OUTPUT|63/100 tox|[from] psn
|upkeep
|
|t:|1779650204
|switch|p2a: Skarmory|Skarmory, F|100/100
|-damage|p2a: Skarmory|88/100|[from] Stealth Rock
|turn|17
|
|t:|1779650208
|-end|p1a: MAXIMUM OUTPUT|Protosynthesis|[silent]
|switch|p1a: The Sun Is So Loud|Torkoal, M|100/100
|-damage|p1a: The Sun Is So Loud|76/100|[from] Stealth Rock
|-weather|SunnyDay|[from] ability: Drought|[of] p1a: The Sun Is So Loud
|move|p2a: Skarmory|Spikes|p1a: The Sun Is So Loud
|-sidestart|p1: Twisted Divinity|Spikes
|
|-weather|SunnyDay|[upkeep]
|upkeep
|turn|18
|
|t:|1779650216
|switch|p2a: Milotic|Milotic, F|36/100
|-damage|p2a: Milotic|23/100|[from] Stealth Rock
|move|p1a: The Sun Is So Loud|Rapid Spin|p2a: Milotic
|-damage|p2a: Milotic|13/100
|-boost|p1a: The Sun Is So Loud|spe|1
|-sideend|p1: Twisted Divinity|Spikes|[from] move: Rapid Spin|[of] p1a: The Sun Is So Loud
|-sideend|p1: Twisted Divinity|Stealth Rock|[from] move: Rapid Spin|[of] p1a: The Sun Is So Loud
|
|-weather|SunnyDay|[upkeep]
|-heal|p2a: Milotic|19/100|[from] item: Leftovers
|upkeep
|turn|19
|
|t:|1779650225
|switch|p1a: Great Tuskarus|Great Tusk, shiny|79/100 tox
|-activate|p1a: Great Tuskarus|ability: Protosynthesis
|-start|p1a: Great Tuskarus|protosynthesisspe
|move|p2a: Milotic|Recover|p2a: Milotic
|-heal|p2a: Milotic|69/100
|
|-weather|SunnyDay|[upkeep]
|-heal|p2a: Milotic|75/100|[from] item: Leftovers
|-damage|p1a: Great Tuskarus|73/100 tox|[from] psn
|upkeep
|turn|20
|
|t:|1779650234
|move|p1a: Great Tuskarus|Headlong Rush|p2a: Milotic
|-damage|p2a: Milotic|18/100
|-unboost|p1a: Great Tuskarus|def|1
|-unboost|p1a: Great Tuskarus|spd|1
|move|p2a: Milotic|Recover|p2a: Milotic
|-heal|p2a: Milotic|68/100
|
|-weather|SunnyDay|[upkeep]
|-heal|p2a: Milotic|74/100|[from] item: Leftovers
|-damage|p1a: Great Tuskarus|60/100 tox|[from] psn
|upkeep
|turn|21
|
|t:|1779650245
|switch|p2a: Skarmory|Skarmory, F|88/100
|-damage|p2a: Skarmory|76/100|[from] Stealth Rock
|move|p1a: Great Tuskarus|Headlong Rush|p2a: Skarmory
|-immune|p2a: Skarmory
|
|-weather|SunnyDay|[upkeep]
|-damage|p1a: Great Tuskarus|42/100 tox|[from] psn
|upkeep
|turn|22
|
|t:|1779650254
|-end|p1a: Great Tuskarus|Protosynthesis|[silent]
|switch|p1a: The Sun Is So Loud|Torkoal, M|76/100
|move|p2a: Skarmory|Brave Bird|p1a: The Sun Is So Loud
|-damage|p1a: The Sun Is So Loud|50/100
|-damage|p2a: Skarmory|67/100|[from] Recoil
|
|-weather|SunnyDay|[upkeep]
|upkeep
|turn|23
|
|t:|1779650261
|switch|p2a: Milotic|Milotic, F|74/100
|-damage|p2a: Milotic|62/100|[from] Stealth Rock
|switch|p1a: MAXIMUM OUTPUT|Walking Wake|63/100 tox
|-activate|p1a: MAXIMUM OUTPUT|ability: Protosynthesis
|-start|p1a: MAXIMUM OUTPUT|protosynthesisspe
|
|-weather|SunnyDay|[upkeep]
|-heal|p2a: Milotic|68/100|[from] item: Leftovers
|-damage|p1a: MAXIMUM OUTPUT|57/100 tox|[from] psn
|upkeep
|turn|24
|
|t:|1779650276
|switch|p2a: Enamorus|Enamorus, F|22/100
|-damage|p2a: Enamorus|0 fnt|[from] Stealth Rock
|faint|p2a: Enamorus
|move|p1a: MAXIMUM OUTPUT|Flamethrower|p2: Enamorus|[notarget]
|-fail|p1a: MAXIMUM OUTPUT
|
|-weather|none
|-end|p1a: MAXIMUM OUTPUT|Protosynthesis
|-damage|p1a: MAXIMUM OUTPUT|45/100 tox|[from] psn
|upkeep
|
|t:|1779650290
|switch|p2a: Grafaiai|Grafaiai, F|100/100
|-damage|p2a: Grafaiai|88/100|[from] Stealth Rock
|turn|25
|
|t:|1779650295
|-end|p1a: MAXIMUM OUTPUT|Protosynthesis|[silent]
|switch|p1a: The Sun Is So Loud|Torkoal, M|50/100
|-weather|SunnyDay|[from] ability: Drought|[of] p1a: The Sun Is So Loud
|move|p2a: Grafaiai|Parting Shot|p1a: The Sun Is So Loud
|-unboost|p1a: The Sun Is So Loud|atk|1
|-unboost|p1a: The Sun Is So Loud|spa|1
|
|t:|1779650302
|switch|p2a: Milotic|Milotic, F|68/100|[from] Parting Shot
|-damage|p2a: Milotic|55/100|[from] Stealth Rock
|
|-weather|SunnyDay|[upkeep]
|-heal|p2a: Milotic|61/100|[from] item: Leftovers
|upkeep
|turn|26
|
|t:|1779650308
|switch|p1a: MAXIMUM OUTPUT|Walking Wake|45/100 tox
|-activate|p1a: MAXIMUM OUTPUT|ability: Protosynthesis
|-start|p1a: MAXIMUM OUTPUT|protosynthesisspe
|move|p2a: Milotic|Recover|p2a: Milotic
|-heal|p2a: Milotic|100/100
|
|-weather|SunnyDay|[upkeep]
|-damage|p1a: MAXIMUM OUTPUT|39/100 tox|[from] psn
|upkeep
|turn|27
|
|t:|1779650316
|move|p1a: MAXIMUM OUTPUT|Draco Meteor|p2a: Milotic
|-damage|p2a: Milotic|28/100
|-unboost|p1a: MAXIMUM OUTPUT|spa|2
|move|p2a: Milotic|Recover|p2a: Milotic
|-heal|p2a: Milotic|78/100
|
|-weather|SunnyDay|[upkeep]
|-heal|p2a: Milotic|84/100|[from] item: Leftovers
|-damage|p1a: MAXIMUM OUTPUT|26/100 tox|[from] psn
|upkeep
|turn|28
|
|t:|1779650326
|-end|p1a: MAXIMUM OUTPUT|Protosynthesis|[silent]
|switch|p1a: Here Ig|Clefable, F|100/100
|move|p2a: Milotic|Ice Beam|p1a: Here Ig
|-damage|p1a: Here Ig|74/100
|
|-weather|SunnyDay|[upkeep]
|-heal|p2a: Milotic|90/100|[from] item: Leftovers
|upkeep
|turn|29
|
|t:|1779650334
|move|p2a: Milotic|Flip Turn|p1a: Here Ig
|-damage|p1a: Here Ig|69/100
|
|t:|1779650337
|switch|p2a: Skarmory|Skarmory, F|67/100|[from] Flip Turn
|-damage|p2a: Skarmory|55/100|[from] Stealth Rock
|move|p1a: Here Ig|Calm Mind|p1a: Here Ig
|-boost|p1a: Here Ig|spa|1
|-boost|p1a: Here Ig|spd|1
|
|-weather|SunnyDay|[upkeep]
|upkeep
|turn|30
|
|t:|1779650348
|move|p2a: Skarmory|Roost|p2a: Skarmory
|-heal|p2a: Skarmory|100/100
|-singleturn|p2a: Skarmory|move: Roost
|move|p1a: Here Ig|Flamethrower|p2a: Skarmory
|-supereffective|p2a: Skarmory
|-ability|p2a: Skarmory|Sturdy
|-damage|p2a: Skarmory|1/100
|
|-weather|SunnyDay|[upkeep]
|upkeep
|turn|31
|
|t:|1779650373
|move|p2a: Skarmory|Spikes|p1a: Here Ig
|-sidestart|p1: Twisted Divinity|Spikes
|move|p1a: Here Ig|Moonlight|p1a: Here Ig
|-heal|p1a: Here Ig|100/100
|
|-weather|SunnyDay|[upkeep]
|upkeep
|turn|32
|
|t:|1779650380
|move|p2a: Skarmory|Spikes|p1a: Here Ig
|-sidestart|p1: Twisted Divinity|Spikes
|move|p1a: Here Ig|Flamethrower|p2a: Skarmory
|-supereffective|p2a: Skarmory
|-crit|p2a: Skarmory
|-damage|p2a: Skarmory|0 fnt
|faint|p2a: Skarmory
|
|-weather|none
|upkeep
|
|t:|1779650395
|switch|p2a: Grafaiai|Grafaiai, F|88/100
|-damage|p2a: Grafaiai|76/100|[from] Stealth Rock
|turn|33
|
|t:|1779650400
|-terastallize|p1a: Here Ig|Poison
|move|p2a: Grafaiai|Knock Off|p1a: Here Ig
|-damage|p1a: Here Ig|82/100
|-enditem|p1a: Here Ig|Covert Cloak|[from] move: Knock Off|[of] p2a: Grafaiai
|move|p1a: Here Ig|Flamethrower|p2a: Grafaiai
|-damage|p2a: Grafaiai|36/100
|
|-heal|p2a: Grafaiai|42/100|[from] item: Leftovers
|upkeep
|turn|34
|
|t:|1779650411
|move|p2a: Grafaiai|Parting Shot|p1a: Here Ig
|-unboost|p1a: Here Ig|atk|1
|-unboost|p1a: Here Ig|spa|1
|
|t:|1779650414
|switch|p2a: Milotic|Milotic, F|90/100|[from] Parting Shot
|-damage|p2a: Milotic|78/100|[from] Stealth Rock
|move|p1a: Here Ig|Flamethrower|p2a: Milotic
|-resisted|p2a: Milotic
|-damage|p2a: Milotic|71/100
|
|-heal|p2a: Milotic|77/100|[from] item: Leftovers
|upkeep
|turn|35
|
|t:|1779650422
|move|p2a: Milotic|Flip Turn|p1a: Here Ig
|-damage|p1a: Here Ig|71/100
|
|t:|1779650425
|switch|p2a: Grafaiai|Grafaiai, F|42/100|[from] Flip Turn
|-damage|p2a: Grafaiai|30/100|[from] Stealth Rock
|move|p1a: Here Ig|Calm Mind|p1a: Here Ig
|-boost|p1a: Here Ig|spa|1
|-boost|p1a: Here Ig|spd|1
|
|-heal|p2a: Grafaiai|36/100|[from] item: Leftovers
|upkeep
|turn|36
|
|t:|1779650433
|move|p2a: Grafaiai|Encore|p1a: Here Ig
|-start|p1a: Here Ig|Encore
|move|p1a: Here Ig|Calm Mind|p1a: Here Ig
|-boost|p1a: Here Ig|spa|1
|-boost|p1a: Here Ig|spd|1
|
|-heal|p2a: Grafaiai|42/100|[from] item: Leftovers
|upkeep
|turn|37
|
|t:|1779650440
|switch|p1a: The Sun Is So Loud|Torkoal, M|50/100
|-damage|p1a: The Sun Is So Loud|33/100|[from] Spikes
|-weather|SunnyDay|[from] ability: Drought|[of] p1a: The Sun Is So Loud
|move|p2a: Grafaiai|Knock Off|p1a: The Sun Is So Loud
|-damage|p1a: The Sun Is So Loud|17/100
|-enditem|p1a: The Sun Is So Loud|Heat Rock|[from] move: Knock Off|[of] p2a: Grafaiai
|
|-weather|SunnyDay|[upkeep]
|-heal|p2a: Grafaiai|48/100|[from] item: Leftovers
|upkeep
|turn|38
|
|t:|1779650452
|move|p2a: Grafaiai|Knock Off|p1a: The Sun Is So Loud
|-damage|p1a: The Sun Is So Loud|6/100
|move|p1a: The Sun Is So Loud|Rapid Spin|p2a: Grafaiai
|-damage|p2a: Grafaiai|33/100
|-boost|p1a: The Sun Is So Loud|spe|1
|-sideend|p1: Twisted Divinity|Spikes|[from] move: Rapid Spin|[of] p1a: The Sun Is So Loud
|
|-weather|SunnyDay|[upkeep]
|-heal|p2a: Grafaiai|39/100|[from] item: Leftovers
|upkeep
|turn|39
|
|t:|1779650459
|move|p2a: Grafaiai|Copycat|p2a: Grafaiai
|move|p2a: Grafaiai|Rapid Spin|p1a: The Sun Is So Loud|[from] move: Copycat
|-damage|p1a: The Sun Is So Loud|0 fnt
|-boost|p2a: Grafaiai|spe|1
|-sideend|p2: flapjacque|Stealth Rock|[from] move: Rapid Spin|[of] p2a: Grafaiai
|faint|p1a: The Sun Is So Loud
|
|-weather|SunnyDay|[upkeep]
|-heal|p2a: Grafaiai|45/100|[from] item: Leftovers
|upkeep
|
|t:|1779650470
|switch|p1a: MAXIMUM OUTPUT|Walking Wake|26/100 tox
|-activate|p1a: MAXIMUM OUTPUT|ability: Protosynthesis
|-start|p1a: MAXIMUM OUTPUT|protosynthesisspe
|turn|40
|
|t:|1779650476
|move|p2a: Grafaiai|Parting Shot|p1a: MAXIMUM OUTPUT
|-unboost|p1a: MAXIMUM OUTPUT|atk|1
|-unboost|p1a: MAXIMUM OUTPUT|spa|1
|
|t:|1779650479
|switch|p2a: Milotic|Milotic, F|77/100|[from] Parting Shot
|move|p1a: MAXIMUM OUTPUT|Draco Meteor|p2a: Milotic
|-damage|p2a: Milotic|31/100
|-unboost|p1a: MAXIMUM OUTPUT|spa|2
|
|-weather|SunnyDay|[upkeep]
|-heal|p2a: Milotic|37/100|[from] item: Leftovers
|-damage|p1a: MAXIMUM OUTPUT|20/100 tox|[from] psn
|upkeep
|turn|41
|
|t:|1779650489
|move|p1a: MAXIMUM OUTPUT|Draco Meteor|p2a: Milotic|[miss]
|-miss|p1a: MAXIMUM OUTPUT|p2a: Milotic
|move|p2a: Milotic|Ice Beam|p1a: MAXIMUM OUTPUT
|-damage|p1a: MAXIMUM OUTPUT|0 fnt
|faint|p1a: MAXIMUM OUTPUT
|-end|p1a: MAXIMUM OUTPUT|Protosynthesis|[silent]
|
|-weather|SunnyDay|[upkeep]
|-heal|p2a: Milotic|43/100|[from] item: Leftovers
|upkeep
|
|t:|1779650493
|switch|p1a: Here Ig|Clefable, F, tera:Poison|71/100
|turn|42
|
|t:|1779650501
|move|p2a: Milotic|Hydro Pump|p1a: Here Ig
|-damage|p1a: Here Ig|48/100
|move|p1a: Here Ig|Moonblast|p2a: Milotic
|-damage|p2a: Milotic|19/100
|
|-weather|SunnyDay|[upkeep]
|-heal|p2a: Milotic|25/100|[from] item: Leftovers
|upkeep
|turn|43
|
|t:|1779650508
|move|p2a: Milotic|Recover|p2a: Milotic
|-heal|p2a: Milotic|75/100
|move|p1a: Here Ig|Moonlight|p1a: Here Ig
|-heal|p1a: Here Ig|100/100
|
|-weather|SunnyDay|[upkeep]
|-heal|p2a: Milotic|81/100|[from] item: Leftovers
|upkeep
|turn|44
|
|t:|1779650517
|move|p2a: Milotic|Flip Turn|p1a: Here Ig
|-damage|p1a: Here Ig|96/100
|
|t:|1779650521
|switch|p2a: Grafaiai|Grafaiai, F|45/100|[from] Flip Turn
|move|p1a: Here Ig|Calm Mind|p1a: Here Ig
|-boost|p1a: Here Ig|spa|1
|-boost|p1a: Here Ig|spd|1
|
|-weather|none
|-heal|p2a: Grafaiai|51/100|[from] item: Leftovers
|upkeep
|turn|45
|
|t:|1779650528
|switch|p1a: Great Tuskarus|Great Tusk, shiny|42/100 tox
|move|p2a: Grafaiai|Encore||[still]
|-fail|p2a: Grafaiai
|
|-heal|p2a: Grafaiai|58/100|[from] item: Leftovers
|-damage|p1a: Great Tuskarus|35/100 tox|[from] psn
|upkeep
|turn|46
|
|t:|1779650535
|move|p2a: Grafaiai|Parting Shot|p1a: Great Tuskarus
|-unboost|p1a: Great Tuskarus|atk|1
|-unboost|p1a: Great Tuskarus|spa|1
|
|t:|1779650539
|switch|p2a: Milotic|Milotic, F|81/100|[from] Parting Shot
|move|p1a: Great Tuskarus|Headlong Rush|p2a: Milotic
|-damage|p2a: Milotic|45/100
|-unboost|p1a: Great Tuskarus|def|1
|-unboost|p1a: Great Tuskarus|spd|1
|
|-heal|p2a: Milotic|51/100|[from] item: Leftovers
|-damage|p1a: Great Tuskarus|23/100 tox|[from] psn
|upkeep
|turn|47
|
|t:|1779650548
|move|p1a: Great Tuskarus|Headlong Rush|p2a: Milotic
|-damage|p2a: Milotic|15/100
|-unboost|p1a: Great Tuskarus|def|1
|-unboost|p1a: Great Tuskarus|spd|1
|move|p2a: Milotic|Recover|p2a: Milotic
|-heal|p2a: Milotic|65/100
|
|-heal|p2a: Milotic|71/100|[from] item: Leftovers
|-damage|p1a: Great Tuskarus|4/100 tox|[from] psn
|upkeep
|turn|48
|
|t:|1779650560
|move|p1a: Great Tuskarus|Headlong Rush|p2a: Milotic
|-damage|p2a: Milotic|35/100
|-unboost|p1a: Great Tuskarus|def|1
|-unboost|p1a: Great Tuskarus|spd|1
|move|p2a: Milotic|Ice Beam|p1a: Great Tuskarus
|-supereffective|p1a: Great Tuskarus
|-damage|p1a: Great Tuskarus|0 fnt
|faint|p1a: Great Tuskarus
|-end|p1a: Great Tuskarus|Protosynthesis|[silent]
|
|-heal|p2a: Milotic|41/100|[from] item: Leftovers
|upkeep
|
|t:|1779650562
|switch|p1a: Here Ig|Clefable, F, tera:Poison|96/100
|turn|49
|
|t:|1779650572
|move|p2a: Milotic|Recover|p2a: Milotic
|-heal|p2a: Milotic|91/100
|move|p1a: Here Ig|Calm Mind|p1a: Here Ig
|-boost|p1a: Here Ig|spa|1
|-boost|p1a: Here Ig|spd|1
|
|-heal|p2a: Milotic|97/100|[from] item: Leftovers
|upkeep
|turn|50
|
|t:|1779650580
|move|p2a: Milotic|Ice Beam|p1a: Here Ig
|-damage|p1a: Here Ig|80/100
|move|p1a: Here Ig|Moonblast|p2a: Milotic
|-damage|p2a: Milotic|61/100
|
|-heal|p2a: Milotic|67/100|[from] item: Leftovers
|upkeep
|turn|51
|
|t:|1779650587
|move|p2a: Milotic|Ice Beam|p1a: Here Ig
|-damage|p1a: Here Ig|62/100
|move|p1a: Here Ig|Moonblast|p2a: Milotic
|-damage|p2a: Milotic|32/100
|
|-heal|p2a: Milotic|38/100|[from] item: Leftovers
|upkeep
|turn|52
|
|t:|1779650594
|move|p2a: Milotic|Ice Beam|p1a: Here Ig
|-damage|p1a: Here Ig|46/100
|move|p1a: Here Ig|Calm Mind|p1a: Here Ig
|-boost|p1a: Here Ig|spa|1
|-boost|p1a: Here Ig|spd|1
|
|-heal|p2a: Milotic|44/100|[from] item: Leftovers
|upkeep
|turn|53
|
|t:|1779650601
|move|p2a: Milotic|Flip Turn|p1a: Here Ig
|-damage|p1a: Here Ig|36/100
|
|t:|1779650604
|switch|p2a: Grafaiai|Grafaiai, F|58/100|[from] Flip Turn
|move|p1a: Here Ig|Moonlight|p1a: Here Ig
|-heal|p1a: Here Ig|86/100
|
|-heal|p2a: Grafaiai|64/100|[from] item: Leftovers
|upkeep
|turn|54
|
|t:|1779650611
|move|p2a: Grafaiai|Encore|p1a: Here Ig
|-start|p1a: Here Ig|Encore
|move|p1a: Here Ig|Moonlight|p1a: Here Ig
|-heal|p1a: Here Ig|100/100
|
|-heal|p2a: Grafaiai|70/100|[from] item: Leftovers
|upkeep
|turn|55
|
|t:|1779650618
|move|p2a: Grafaiai|Copycat|p2a: Grafaiai
|move|p2a: Grafaiai|Moonlight|p2a: Grafaiai|[from] move: Copycat
|-heal|p2a: Grafaiai|100/100
|move|p1a: Here Ig|Moonlight|p1a: Here Ig
|-fail|p1a: Here Ig|heal
|
|upkeep
|turn|56
|
|t:|1779650626
|move|p2a: Grafaiai|Knock Off|p1a: Here Ig
|-damage|p1a: Here Ig|87/100
|move|p1a: Here Ig|Moonlight|p1a: Here Ig
|-heal|p1a: Here Ig|100/100
|
|-end|p1a: Here Ig|Encore
|upkeep
|turn|57
|
|t:|1779650633
|move|p2a: Grafaiai|Encore|p1a: Here Ig
|-start|p1a: Here Ig|Encore
|move|p1a: Here Ig|Moonlight|p1a: Here Ig
|-fail|p1a: Here Ig|heal
|
|upkeep
|turn|58
|
|t:|1779650638
|move|p2a: Grafaiai|Knock Off|p1a: Here Ig
|-damage|p1a: Here Ig|88/100
|move|p1a: Here Ig|Moonlight|p1a: Here Ig
|-heal|p1a: Here Ig|100/100
|
|-end|p1a: Here Ig|Encore
|upkeep
|turn|59
|
|t:|1779650645
|move|p2a: Grafaiai|Encore||[still]
|-fail|p2a: Grafaiai
|move|p1a: Here Ig|Flamethrower|p2a: Grafaiai
|-damage|p2a: Grafaiai|45/100
|
|-heal|p2a: Grafaiai|52/100|[from] item: Leftovers
|upkeep
|turn|60
|
|t:|1779650652
|move|p2a: Grafaiai|Parting Shot|p1a: Here Ig
|-unboost|p1a: Here Ig|atk|1
|-unboost|p1a: Here Ig|spa|1
|
|t:|1779650655
|switch|p2a: Milotic|Milotic, F|44/100|[from] Parting Shot
|move|p1a: Here Ig|Flamethrower|p2a: Milotic
|-resisted|p2a: Milotic
|-damage|p2a: Milotic|33/100
|
|-heal|p2a: Milotic|40/100|[from] item: Leftovers
|upkeep
|turn|61
|
|t:|1779650663
|move|p2a: Milotic|Recover|p2a: Milotic
|-heal|p2a: Milotic|90/100
|move|p1a: Here Ig|Moonblast|p2a: Milotic
|-damage|p2a: Milotic|54/100
|
|-heal|p2a: Milotic|60/100|[from] item: Leftovers
|upkeep
|turn|62
|
|t:|1779650670
|move|p2a: Milotic|Hydro Pump|p1a: Here Ig
|-damage|p1a: Here Ig|76/100
|move|p1a: Here Ig|Moonblast|p2a: Milotic
|-damage|p2a: Milotic|26/100
|-unboost|p2a: Milotic|spa|1
|-ability|p2a: Milotic|Competitive|boost
|-boost|p2a: Milotic|spa|2
|
|-heal|p2a: Milotic|32/100|[from] item: Leftovers
|upkeep
|turn|63
|
|t:|1779650679
|move|p2a: Milotic|Hydro Pump|p1a: Here Ig
|-damage|p1a: Here Ig|53/100
|move|p1a: Here Ig|Moonblast|p2a: Milotic
|-damage|p2a: Milotic|0 fnt
|faint|p2a: Milotic
|
|upkeep
|
|t:|1779650686
|switch|p2a: Grafaiai|Grafaiai, F|52/100
|turn|64
|
|t:|1779650691
|move|p2a: Grafaiai|Encore|p1a: Here Ig
|-start|p1a: Here Ig|Encore
|move|p1a: Here Ig|Moonblast|p2a: Grafaiai
|-resisted|p2a: Grafaiai
|-damage|p2a: Grafaiai|19/100
|
|-heal|p2a: Grafaiai|25/100|[from] item: Leftovers
|upkeep
|turn|65
|c|☆flapjacque|gg
|c|☆Twisted Divinity|gg
|
|t:|1779650705
|move|p2a: Grafaiai|Knock Off|p1a: Here Ig
|-damage|p1a: Here Ig|39/100
|move|p1a: Here Ig|Moonblast|p2a: Grafaiai
|-resisted|p2a: Grafaiai
|-damage|p2a: Grafaiai|0 fnt
|faint|p2a: Grafaiai
|
|win|Twisted Divinity
|raw|Twisted Divinity's rating: 1529 &rarr; <strong>1545</strong><br />(+16 for winning)
|raw|flapjacque's rating: 1454 &rarr; <strong>1438</strong><br />(-16 for losing)
|l|☆Twisted Divinity
|player|p1|
|l|☆flapjacque
|player|p2|
