|j|☆murilopena
|j|☆barrman1313
|t:|1779668662
|gametype|singles
|player|p1|murilopena|101|1442
|player|p2|barrman1313|janitor|1385
|gen|9
|tier|[Gen 9] OU
|rated|
|rule|HP Percentage Mod: HP is shown in percentages
|rule|Endless Battle Clause: Forcing endless battles is banned
|rule|Species Clause: Limit one of each Pokémon
|rule|OHKO Clause: OHKO moves are banned
|rule|Evasion Items Clause: Evasion items are banned
|rule|Evasion Moves Clause: Evasion moves are banned
|rule|Evasion Abilities Clause: Evasion abilities are banned
|rule|Sleep Moves Clause: Sleep-inducing moves are banned
|clearpoke
|poke|p1|Garganacl, F|
|poke|p1|Dragapult, F|
|poke|p1|Great Tusk|
|poke|p1|Primarina, M|
|poke|p1|Cinderace, M|
|poke|p1|Zamazenta-*|
|poke|p2|Hatterene, F|
|poke|p2|Pelipper, M|
|poke|p2|Hariyama, M|
|poke|p2|Cresselia, F|
|poke|p2|Ursaluna, M|
|poke|p2|Porygon2|
|teampreview
|inactive|Battle timer is ON: inactive players will automatically lose when time's up. (requested by murilopena)
|
|t:|1779668684
|teamsize|p1|6
|teamsize|p2|6
|start
|switch|p1a: Cinderace|Cinderace, M|100/100
|switch|p2a: Porygon2|Porygon2|100/100
|-ability|p2a: Porygon2|Download|boost
|-boost|p2a: Porygon2|atk|1
|turn|1
|
|t:|1779668694
|move|p1a: Cinderace|U-turn|p2a: Porygon2
|-start|p1a: Cinderace|typechange|Bug|[from] ability: Libero
|-damage|p2a: Porygon2|76/100
|
|t:|1779668698
|switch|p1a: Garganacl|Garganacl, F|100/100|[from] U-turn
|move|p2a: Porygon2|Trick Room|p2a: Porygon2
|-fieldstart|move: Trick Room|[of] p2a: Porygon2
|
|upkeep
|turn|2
|
|t:|1779668708
|switch|p2a: Pelipper|Pelipper, M|100/100
|-weather|RainDance|[from] ability: Drizzle|[of] p2a: Pelipper
|move|p1a: Garganacl|Stealth Rock|p2a: Pelipper
|-sidestart|p2: barrman1313|move: Stealth Rock
|
|-weather|RainDance|[upkeep]
|upkeep
|turn|3
|
|t:|1779668719
|switch|p1a: Primarina|Primarina, M|100/100
|move|p2a: Pelipper|Weather Ball|p1a: Primarina
|-resisted|p1a: Primarina
|-damage|p1a: Primarina|74/100
|
|-weather|RainDance|[upkeep]
|upkeep
|turn|4
|
|t:|1779668731
|switch|p2a: Porygon2|Porygon2|76/100
|-damage|p2a: Porygon2|63/100|[from] Stealth Rock
|-ability|p2a: Porygon2|Download|boost
|-boost|p2a: Porygon2|atk|1
|move|p1a: Primarina|Moonblast|p2a: Porygon2
|-damage|p2a: Porygon2|31/100
|
|-weather|RainDance|[upkeep]
|upkeep
|turn|5
|
|t:|1779668744
|move|p2a: Porygon2|Thunder|p1a: Primarina
|-supereffective|p1a: Primarina
|-damage|p1a: Primarina|36/100
|move|p1a: Primarina|Hyper Voice|p2a: Porygon2
|-damage|p2a: Porygon2|0 fnt
|faint|p2a: Porygon2
|
|-weather|RainDance|[upkeep]
|-fieldend|move: Trick Room
|upkeep
|
|t:|1779668759
|switch|p2a: Hatterene|Hatterene, F|100/100
|-damage|p2a: Hatterene|88/100|[from] Stealth Rock
|turn|6
|
|t:|1779668788
|move|p1a: Primarina|Hyper Voice|p2a: Hatterene
|-damage|p2a: Hatterene|13/100
|move|p2a: Hatterene|Trick Room|p2a: Hatterene
|-fieldstart|move: Trick Room|[of] p2a: Hatterene
|
|-weather|none
|upkeep
|turn|7
|
|t:|1779668795
|move|p2a: Hatterene|Psychic Noise|p1a: Primarina
|-damage|p1a: Primarina|12/100
|-start|p1a: Primarina|move: Heal Block
|move|p1a: Primarina|Hyper Voice|p2a: Hatterene
|-damage|p2a: Hatterene|0 fnt
|faint|p2a: Hatterene
|
|upkeep
|
|t:|1779668804
|switch|p2a: Pelipper|Pelipper, M|100/100
|-damage|p2a: Pelipper|75/100|[from] Stealth Rock
|-weather|RainDance|[from] ability: Drizzle|[of] p2a: Pelipper
|turn|8
|
|t:|1779668817
|-terastallize|p2a: Pelipper|Water
|move|p2a: Pelipper|Weather Ball|p1a: Primarina
|-resisted|p1a: Primarina
|-damage|p1a: Primarina|0 fnt
|faint|p1a: Primarina
|
|-weather|RainDance|[upkeep]
|upkeep
|
|t:|1779668824
|switch|p1a: Dragapult|Dragapult, F|100/100
|turn|9
|
|t:|1779668838
|switch|p2a: Hariyama|Hariyama, M|100/100
|-damage|p2a: Hariyama|94/100|[from] Stealth Rock
|move|p1a: Dragapult|Shadow Ball|p2a: Hariyama
|-damage|p2a: Hariyama|61/100
|
|-weather|RainDance|[upkeep]
|upkeep
|turn|10
|
|t:|1779668868
|switch|p1a: Great Tusk|Great Tusk|100/100
|move|p2a: Hariyama|Knock Off|p1a: Great Tusk
|-resisted|p1a: Great Tusk
|-damage|p1a: Great Tusk|89/100
|-enditem|p1a: Great Tusk|Leftovers|[from] move: Knock Off|[of] p2a: Hariyama
|
|-weather|RainDance|[upkeep]
|-fieldend|move: Trick Room
|upkeep
|turn|11
|inactive|murilopena has 120 seconds left.
|inactive|murilopena has 90 seconds left.
|
|t:|1779668934
|switch|p2a: Cresselia|Cresselia, F|100/100
|-damage|p2a: Cresselia|88/100|[from] Stealth Rock
|move|p1a: Great Tusk|Earthquake|p2a: Cresselia
|-immune|p2a: Cresselia|[from] ability: Levitate
|
|-weather|RainDance|[upkeep]
|upkeep
|turn|12
|
|t:|1779668942
|-end|p1a: Great Tusk|Protosynthesis|[silent]
|switch|p1a: Dragapult|Dragapult, F|100/100
|move|p2a: Cresselia|Trick Room|p2a: Cresselia
|-fieldstart|move: Trick Room|[of] p2a: Cresselia
|
|-weather|none
|upkeep
|turn|13
|
|t:|1779668948
|move|p2a: Cresselia|Moonblast|p1a: Dragapult
|-supereffective|p1a: Dragapult
|-damage|p1a: Dragapult|53/100
|move|p1a: Dragapult|Shadow Ball|p2a: Cresselia
|-supereffective|p2a: Cresselia
|-damage|p2a: Cresselia|44/100
|
|upkeep
|turn|14
|
|t:|1779668960
|move|p2a: Cresselia|Lunar Dance|p2a: Cresselia
|faint|p2a: Cresselia
|move|p1a: Dragapult|Shadow Ball|p2: Cresselia|[notarget]
|-fail|p1a: Dragapult
|
|upkeep
|
|t:|1779668961
|switch|p2a: Ursaluna|Ursaluna, M|100/100
|-damage|p2a: Ursaluna|94/100|[from] Stealth Rock
|turn|15
|inactive|murilopena has 90 seconds left.
|
|t:|1779668983
|move|p2a: Ursaluna|Headlong Rush|p1a: Dragapult
|-damage|p1a: Dragapult|0 fnt
|-unboost|p2a: Ursaluna|def|1
|-unboost|p2a: Ursaluna|spd|1
|faint|p1a: Dragapult
|
|-status|p2a: Ursaluna|brn|[from] item: Flame Orb
|upkeep
|
|t:|1779668990
|switch|p1a: Garganacl|Garganacl, F|100/100
|turn|16
|
|t:|1779668994
|move|p1a: Garganacl|Protect|p1a: Garganacl
|-singleturn|p1a: Garganacl|Protect
|move|p2a: Ursaluna|Headlong Rush|p1a: Garganacl
|-activate|p1a: Garganacl|move: Protect
|
|-damage|p2a: Ursaluna|88/100 brn|[from] brn
|-fieldend|move: Trick Room
|upkeep
|turn|17
|
|t:|1779669002
|switch|p1a: Zamazenta|Zamazenta|100/100
|-ability|p1a: Zamazenta|Dauntless Shield|boost
|-boost|p1a: Zamazenta|def|1
|move|p2a: Ursaluna|Headlong Rush|p1a: Zamazenta
|-damage|p1a: Zamazenta|38/100
|-unboost|p2a: Ursaluna|def|1
|-unboost|p2a: Ursaluna|spd|1
|
|-damage|p2a: Ursaluna|82/100 brn|[from] brn
|upkeep
|turn|18
|inactive|murilopena has 90 seconds left.
|
|t:|1779669019
|switch|p2a: Hariyama|Hariyama, M|61/100
|-heal|p2a: Hariyama|100/100|[from] move: Lunar Dance
|-damage|p2a: Hariyama|94/100|[from] Stealth Rock
|move|p1a: Zamazenta|Close Combat|p2a: Hariyama
|-damage|p2a: Hariyama|6/100
|-unboost|p1a: Zamazenta|def|1
|-unboost|p1a: Zamazenta|spd|1
|-enditem|p2a: Hariyama|Sitrus Berry|[eat]
|-heal|p2a: Hariyama|30/100|[from] item: Sitrus Berry
|
|upkeep
|turn|19
|inactive|murilopena has 90 seconds left.
|
|t:|1779669030
|move|p2a: Hariyama|Bullet Punch|p1a: Zamazenta
|-damage|p1a: Zamazenta|26/100
|move|p1a: Zamazenta|Close Combat|p2a: Hariyama
|-damage|p2a: Hariyama|0 fnt
|-unboost|p1a: Zamazenta|def|1
|-unboost|p1a: Zamazenta|spd|1
|faint|p2a: Hariyama
|
|upkeep
|
|t:|1779669040
|switch|p2a: Pelipper|Pelipper, M, tera:Water|75/100
|-damage|p2a: Pelipper|63/100|[from] Stealth Rock
|-weather|RainDance|[from] ability: Drizzle|[of] p2a: Pelipper
|turn|20
|inactive|murilopena has 90 seconds left.
|inactive|murilopena has 60 seconds left.
|
|t:|1779669091
|move|p1a: Zamazenta|Close Combat|p2a: Pelipper
|-crit|p2a: Pelipper
|-damage|p2a: Pelipper|0 fnt
|-unboost|p1a: Zamazenta|def|1
|-unboost|p1a: Zamazenta|spd|1
|faint|p2a: Pelipper
|
|-weather|RainDance|[upkeep]
|upkeep
|c|☆barrman1313|Forgot i lost my resist
|
|t:|1779669101
|switch|p2a: Ursaluna|Ursaluna, M|82/100 brn
|-damage|p2a: Ursaluna|76/100 brn|[from] Stealth Rock
|turn|21
|c|☆barrman1313|Gg
|c|☆barrman1313|Wp
|inactive|murilopena has 60 seconds left.
|
|t:|1779669115
|-terastallize|p1a: Zamazenta|Fighting
|move|p1a: Zamazenta|Close Combat|p2a: Ursaluna
|-supereffective|p2a: Ursaluna
|-damage|p2a: Ursaluna|0 fnt
|-unboost|p1a: Zamazenta|def|1
|-unboost|p1a: Zamazenta|spd|1
|faint|p2a: Ursaluna
|
|win|murilopena
|raw|murilopena's rating: 1442 &rarr; <strong>1459</strong><br />(+17 for winning)
|raw|barrman1313's rating: 1385 &rarr; <strong>1368</strong><br />(-17 for losing)
|c|☆murilopena|gg
|l|☆barrman1313
|player|p2|
|l|☆murilopena
|player|p1|
