|j|☆o pagao
|j|☆testtttttttititti
|t:|1779587964
|gametype|singles
|player|p1|o pagao|265|1151
|player|p2|testtttttttititti|steven|1181
|gen|9
|tier|[Gen 9] OU
|rated|
|rule|HP Percentage Mod: HP is shown in percentages
|rule|Endless Battle Clause: Forcing endless battles is banned
|rule|Species Clause: Limit one of each Pokémon
|rule|OHKO Clause: OHKO moves are banned
|rule|Evasion Items Clause: Evasion items are banned
|rule|Evasion Moves Clause: Evasion moves are banned
|rule|Evasion Abilities Clause: Evasion abilities are banned
|rule|Sleep Moves Clause: Sleep-inducing moves are banned
|clearpoke
|poke|p1|Venusaur, F|
|poke|p1|Magmortar, F|
|poke|p1|Scizor, F|
|poke|p1|Darkrai|
|poke|p1|Gliscor, M|
|poke|p1|Dragonite, M|
|poke|p2|Suicune|
|poke|p2|Dragonite, M|
|poke|p2|Cinderace, M|
|poke|p2|Zamazenta-*|
|poke|p2|Pecharunt|
|poke|p2|Zapdos-Galar|
|teampreview
|inactive|Battle timer is ON: inactive players will automatically lose when time's up. (requested by testtttttttititti)
|
|t:|1779587980
|teamsize|p1|6
|teamsize|p2|6
|start
|switch|p1a: Gliscor|Gliscor, M|100/100
|switch|p2a: Zapdos|Zapdos-Galar|100/100
|turn|1
|
|t:|1779587998
|move|p1a: Gliscor|Stealth Rock|p2a: Zapdos
|-sidestart|p2: testtttttttititti|move: Stealth Rock
|move|p2a: Zapdos|Agility|p2a: Zapdos
|-boost|p2a: Zapdos|spe|2
|
|-status|p1a: Gliscor|tox|[from] item: Toxic Orb
|upkeep
|turn|2
|
|t:|1779588012
|move|p2a: Zapdos|Thunderous Kick|p1a: Gliscor
|-resisted|p1a: Gliscor
|-damage|p1a: Gliscor|75/100 tox
|-unboost|p1a: Gliscor|def|1
|move|p1a: Gliscor|Facade|p2a: Zapdos
|-damage|p2a: Zapdos|58/100
|
|-heal|p1a: Gliscor|87/100 tox|[from] ability: Poison Heal
|upkeep
|turn|3
|
|t:|1779588024
|move|p2a: Zapdos|Thunderous Kick|p1a: Gliscor
|-resisted|p1a: Gliscor
|-damage|p1a: Gliscor|51/100 tox
|-unboost|p1a: Gliscor|def|1
|move|p1a: Gliscor|Facade|p2a: Zapdos
|-damage|p2a: Zapdos|12/100
|
|-heal|p1a: Gliscor|63/100 tox|[from] ability: Poison Heal
|upkeep
|turn|4
|
|t:|1779588037
|move|p2a: Zapdos|Acrobatics|p1a: Gliscor
|-damage|p1a: Gliscor|6/100 tox
|move|p1a: Gliscor|Facade|p2a: Zapdos
|-damage|p2a: Zapdos|0 fnt
|faint|p2a: Zapdos
|
|-heal|p1a: Gliscor|19/100 tox|[from] ability: Poison Heal
|upkeep
|
|t:|1779588040
|switch|p2a: Cinderace|Cinderace, M|100/100
|-damage|p2a: Cinderace|76/100|[from] Stealth Rock
|turn|5
|
|t:|1779588065
|move|p2a: Cinderace|Court Change|p2a: Cinderace
|-start|p2a: Cinderace|typechange|Normal|[from] ability: Libero
|-swapsideconditions
|-activate|p2a: Cinderace|move: Court Change
|move|p1a: Gliscor|Earthquake|p2a: Cinderace
|-damage|p2a: Cinderace|15/100
|
|-heal|p1a: Gliscor|31/100 tox|[from] ability: Poison Heal
|upkeep
|turn|6
|
|t:|1779588087
|move|p2a: Cinderace|Pyro Ball|p1a: Gliscor
|-damage|p1a: Gliscor|0 fnt
|faint|p1a: Gliscor
|
|upkeep
|inactive|o pagao has 120 seconds left.
|
|t:|1779588098
|switch|p1a: Scizor|Scizor, F|100/100
|-damage|p1a: Scizor|88/100|[from] Stealth Rock
|turn|7
|inactive|testtttttttititti has 120 seconds left.
|
|t:|1779588135
|switch|p2a: Pecharunt|Pecharunt|100/100
|move|p1a: Scizor|Bullet Punch|p2a: Pecharunt
|-damage|p2a: Pecharunt|81/100
|-damage|p1a: Scizor|72/100|[from] item: Rocky Helmet|[of] p2a: Pecharunt
|
|upkeep
|turn|8
|inactive|o pagao has 120 seconds left.
|
|t:|1779588160
|move|p1a: Scizor|Knock Off|p2a: Pecharunt
|-supereffective|p2a: Pecharunt
|-damage|p2a: Pecharunt|41/100
|-damage|p1a: Scizor|55/100|[from] item: Rocky Helmet|[of] p2a: Pecharunt
|-enditem|p2a: Pecharunt|Rocky Helmet|[from] move: Knock Off|[of] p1a: Scizor
|move|p2a: Pecharunt|Parting Shot|p1a: Scizor
|-unboost|p1a: Scizor|atk|1
|-unboost|p1a: Scizor|spa|1
|inactive|testtttttttititti has 120 seconds left.
|inactive|testtttttttititti has 90 seconds left.
|
|t:|1779588213
|switch|p2a: Zamazenta|Zamazenta|100/100|[from] Parting Shot
|-ability|p2a: Zamazenta|Dauntless Shield|boost
|-boost|p2a: Zamazenta|def|1
|
|upkeep
|turn|9
|
|t:|1779588221
|move|p2a: Zamazenta|Substitute|p2a: Zamazenta
|-start|p2a: Zamazenta|Substitute
|-damage|p2a: Zamazenta|76/100
|move|p1a: Scizor|Lunge|p2a: Zamazenta
|-resisted|p2a: Zamazenta
|-activate|p2a: Zamazenta|move: Substitute|[damage]
|
|-heal|p2a: Zamazenta|82/100|[from] item: Leftovers
|upkeep
|turn|10
|inactive|testtttttttititti has 90 seconds left.
|
|t:|1779588232
|move|p2a: Zamazenta|Iron Defense|p2a: Zamazenta
|-boost|p2a: Zamazenta|def|2
|move|p1a: Scizor|Knock Off|p2a: Zamazenta
|-resisted|p2a: Zamazenta
|-activate|p2a: Zamazenta|move: Substitute|[damage]
|
|-heal|p2a: Zamazenta|88/100|[from] item: Leftovers
|upkeep
|turn|11
|inactive|o pagao has 120 seconds left.
|
|t:|1779588251
|move|p2a: Zamazenta|Iron Defense|p2a: Zamazenta
|-boost|p2a: Zamazenta|def|2
|move|p1a: Scizor|U-turn|p2a: Zamazenta
|-resisted|p2a: Zamazenta
|-activate|p2a: Zamazenta|move: Substitute|[damage]
|inactive|o pagao has 120 seconds left.
|
|t:|1779588274
|switch|p1a: Venusaur|Venusaur, F|100/100|[from] U-turn
|-damage|p1a: Venusaur|88/100|[from] Stealth Rock
|
|-heal|p2a: Zamazenta|94/100|[from] item: Leftovers
|-heal|p1a: Venusaur|94/100|[from] item: Leftovers
|upkeep
|turn|12
|
|t:|1779588288
|move|p2a: Zamazenta|Body Press|p1a: Venusaur
|-resisted|p1a: Venusaur
|-damage|p1a: Venusaur|43/100
|move|p1a: Venusaur|Grass Pledge|p2a: Zamazenta
|-end|p2a: Zamazenta|Substitute
|
|-heal|p2a: Zamazenta|100/100|[from] item: Leftovers
|-heal|p1a: Venusaur|49/100|[from] item: Leftovers
|upkeep
|turn|13
|
|t:|1779588306
|move|p2a: Zamazenta|Body Press|p1a: Venusaur
|-resisted|p1a: Venusaur
|-damage|p1a: Venusaur|0 fnt
|faint|p1a: Venusaur
|
|upkeep
|inactive|o pagao has 90 seconds left.
|
|t:|1779588325
|switch|p1a: Darkrai|Darkrai|100/100
|-damage|p1a: Darkrai|88/100|[from] Stealth Rock
|turn|14
|inactive|o pagao has 90 seconds left.
|
|t:|1779588339
|move|p2a: Zamazenta|Body Press|p1a: Darkrai
|-supereffective|p1a: Darkrai
|-damage|p1a: Darkrai|0 fnt
|faint|p1a: Darkrai
|
|upkeep
|inactive|o pagao has 90 seconds left.
|
|t:|1779588347
|switch|p1a: Dragonite|Dragonite, M|100/100
|-damage|p1a: Dragonite|76/100|[from] Stealth Rock
|turn|15
|inactive|o pagao has 90 seconds left.
|inactive|testtttttttititti has 120 seconds left.
|inactive|testtttttttititti has 90 seconds left.
|
|t:|1779588399
|move|p2a: Zamazenta|Body Press|p1a: Dragonite
|-resisted|p1a: Dragonite
|-damage|p1a: Dragonite|14/100
|move|p1a: Dragonite|Dragon Tail|p2a: Zamazenta
|-damage|p2a: Zamazenta|92/100
|drag|p2a: Suicune|Suicune, shiny|100/100
|-ability|p2a: Suicune|Pressure
|
|upkeep
|turn|16
|inactive|o pagao has 90 seconds left.
|inactive|o pagao has 60 seconds left.
|inactive|o pagao has 30 seconds left.
|inactive|o pagao has 20 seconds left.
|inactive|o pagao has 15 seconds left.
|inactive|o pagao has 10 seconds left.
|inactive|o pagao has 5 seconds left.
|-message|o pagao lost due to inactivity.
|
|win|testtttttttititti
|raw|o pagao's rating: 1151 &rarr; <strong>1128</strong><br />(-23 for losing)
|raw|testtttttttititti's rating: 1181 &rarr; <strong>1204</strong><br />(+23 for winning)
|l|☆o pagao
|player|p1|
