|j|☆lousiv
|j|☆ChillLanturnYT
|t:|1779622263
|gametype|singles
|player|p1|lousiv|ltsurge|1263
|player|p2|ChillLanturnYT|palmer|1328
|gen|9
|tier|[Gen 9] OU
|rated|
|rule|HP Percentage Mod: HP is shown in percentages
|rule|Endless Battle Clause: Forcing endless battles is banned
|rule|Species Clause: Limit one of each Pokémon
|rule|OHKO Clause: OHKO moves are banned
|rule|Evasion Items Clause: Evasion items are banned
|rule|Evasion Moves Clause: Evasion moves are banned
|rule|Evasion Abilities Clause: Evasion abilities are banned
|rule|Sleep Moves Clause: Sleep-inducing moves are banned
|clearpoke
|poke|p1|Deoxys-Speed|
|poke|p1|Gholdengo|
|poke|p1|Slowking-Galar, F|
|poke|p1|Alomomola, F|
|poke|p1|Rhyperior, F|
|poke|p1|Mandibuzz, F|
|poke|p2|Exeggutor, M|
|poke|p2|Dragonite, M|
|poke|p2|Samurott-Hisui, M|
|poke|p2|Jirachi|
|poke|p2|Iron Treads|
|poke|p2|Raging Bolt|
|teampreview
|inactive|Battle timer is ON: inactive players will automatically lose when time's up. (requested by ChillLanturnYT)
|
|t:|1779622271
|teamsize|p1|6
|teamsize|p2|6
|start
|switch|p1a: Deoxys|Deoxys-Speed|100/100
|switch|p2a: Samurott|Samurott-Hisui, M|100/100
|-ability|p1a: Deoxys|Pressure
|turn|1
|
|t:|1779622275
|switch|p1a: Alomomola|Alomomola, F|100/100
|move|p2a: Samurott|Ceaseless Edge|p1a: Alomomola|[miss]
|-miss|p2a: Samurott|p1a: Alomomola
|
|upkeep
|turn|2
|
|t:|1779622280
|switch|p2a: Exeggutor|Exeggutor, M|100/100
|move|p1a: Alomomola|Flip Turn|p2a: Exeggutor
|-resisted|p2a: Exeggutor
|-damage|p2a: Exeggutor|92/100
|
|t:|1779622284
|switch|p1a: Deoxys|Deoxys-Speed|100/100|[from] Flip Turn
|-ability|p1a: Deoxys|Pressure
|
|upkeep
|turn|3
|
|t:|1779622286
|switch|p2a: Samurott|Samurott-Hisui, M|100/100
|move|p1a: Deoxys|Knock Off|p2a: Samurott
|-resisted|p2a: Samurott
|-damage|p2a: Samurott|84/100
|-enditem|p2a: Samurott|Choice Scarf|[from] move: Knock Off|[of] p1a: Deoxys
|
|upkeep
|turn|4
|
|t:|1779622294
|-terastallize|p1a: Deoxys|Fighting
|move|p1a: Deoxys|Superpower|p2a: Samurott
|-supereffective|p2a: Samurott
|-damage|p2a: Samurott|0 fnt
|-unboost|p1a: Deoxys|atk|1
|-unboost|p1a: Deoxys|def|1
|faint|p2a: Samurott
|
|upkeep
|
|t:|1779622301
|switch|p2a: Raging Bolt|Raging Bolt|100/100
|turn|5
|
|t:|1779622313
|switch|p1a: Slowking|Slowking-Galar, F|100/100
|move|p2a: Raging Bolt|Calm Mind|p2a: Raging Bolt
|-boost|p2a: Raging Bolt|spa|1
|-boost|p2a: Raging Bolt|spd|1
|
|upkeep
|turn|6
|
|t:|1779622315
|move|p2a: Raging Bolt|Zap Cannon|p1a: Slowking
|-damage|p1a: Slowking|33/100
|-status|p1a: Slowking|par
|-prepare|p1a: Slowking|Chilly Reception|[premajor]
|move|p1a: Slowking|Chilly Reception|p1a: Slowking
|-weather|Snowscape
|
|t:|1779622319
|switch|p1a: Rhyperior|Rhyperior, F|100/100|[from] Chilly Reception
|
|-weather|Snowscape|[upkeep]
|upkeep
|turn|7
|
|t:|1779622322
|move|p2a: Raging Bolt|Dragon Pulse|p1a: Rhyperior
|-damage|p1a: Rhyperior|2/100
|move|p1a: Rhyperior|Earthquake|p2a: Raging Bolt
|-supereffective|p2a: Raging Bolt
|-damage|p2a: Raging Bolt|0 fnt
|faint|p2a: Raging Bolt
|-end|p2a: Raging Bolt|Protosynthesis|[silent]
|
|-weather|Snowscape|[upkeep]
|upkeep
|
|t:|1779622327
|switch|p2a: Exeggutor|Exeggutor, M|92/100
|turn|8
|
|t:|1779622331
|switch|p1a: Mandibuzz|Mandibuzz, F|100/100
|move|p2a: Exeggutor|Substitute|p2a: Exeggutor
|-start|p2a: Exeggutor|Substitute
|-damage|p2a: Exeggutor|67/100
|
|-weather|Snowscape|[upkeep]
|upkeep
|turn|9
|
|t:|1779622339
|move|p2a: Exeggutor|Substitute|p2a: Exeggutor
|-fail|p2a: Exeggutor|move: Substitute
|move|p1a: Mandibuzz|Foul Play|p2a: Exeggutor
|-supereffective|p2a: Exeggutor
|-end|p2a: Exeggutor|Substitute
|
|-weather|Snowscape|[upkeep]
|upkeep
|turn|10
|
|t:|1779622344
|move|p2a: Exeggutor|Substitute|p2a: Exeggutor
|-start|p2a: Exeggutor|Substitute
|-damage|p2a: Exeggutor|42/100
|move|p1a: Mandibuzz|Foul Play|p2a: Exeggutor
|-supereffective|p2a: Exeggutor
|-end|p2a: Exeggutor|Substitute
|
|-weather|none
|upkeep
|turn|11
|
|t:|1779622348
|-terastallize|p2a: Exeggutor|Fairy
|move|p2a: Exeggutor|Substitute|p2a: Exeggutor
|-start|p2a: Exeggutor|Substitute
|-damage|p2a: Exeggutor|17/100
|-enditem|p2a: Exeggutor|Starf Berry|[eat]
|-boost|p2a: Exeggutor|atk|2|[from] item: Starf Berry
|move|p1a: Mandibuzz|Foul Play|p2a: Exeggutor
|-resisted|p2a: Exeggutor
|-end|p2a: Exeggutor|Substitute
|
|upkeep
|turn|12
|
|t:|1779622361
|switch|p2a: Iron Treads|Iron Treads|100/100
|move|p1a: Mandibuzz|Toxic|p2a: Iron Treads
|-immune|p2a: Iron Treads
|
|upkeep
|turn|13
|
|t:|1779622366
|move|p2a: Iron Treads|Knock Off|p1a: Mandibuzz
|-resisted|p1a: Mandibuzz
|-damage|p1a: Mandibuzz|92/100
|-enditem|p1a: Mandibuzz|Heavy-Duty Boots|[from] move: Knock Off|[of] p2a: Iron Treads
|move|p1a: Mandibuzz|Foul Play|p2a: Iron Treads
|-damage|p2a: Iron Treads|56/100
|
|-heal|p2a: Iron Treads|62/100|[from] item: Leftovers
|upkeep
|turn|14
|
|t:|1779622370
|move|p2a: Iron Treads|Stealth Rock|p1a: Mandibuzz
|-sidestart|p1: lousiv|move: Stealth Rock
|move|p1a: Mandibuzz|Foul Play|p2a: Iron Treads
|-damage|p2a: Iron Treads|24/100
|
|-heal|p2a: Iron Treads|30/100|[from] item: Leftovers
|upkeep
|turn|15
|
|t:|1779622376
|move|p2a: Iron Treads|Knock Off|p1a: Mandibuzz
|-resisted|p1a: Mandibuzz
|-damage|p1a: Mandibuzz|85/100
|move|p1a: Mandibuzz|Defog|p2a: Iron Treads
|-unboost|p2a: Iron Treads|evasion|1
|-sideend|p1: lousiv|Stealth Rock|[from] move: Defog|[of] p1a: Mandibuzz
|
|-heal|p2a: Iron Treads|37/100|[from] item: Leftovers
|upkeep
|turn|16
|
|t:|1779622378
|move|p2a: Iron Treads|Knock Off|p1a: Mandibuzz
|-resisted|p1a: Mandibuzz
|-damage|p1a: Mandibuzz|80/100
|move|p1a: Mandibuzz|Foul Play|p2a: Iron Treads
|-damage|p2a: Iron Treads|0 fnt
|faint|p2a: Iron Treads
|-end|p2a: Iron Treads|Quark Drive|[silent]
|
|upkeep
|
|t:|1779622382
|switch|p2a: Jirachi|Jirachi|100/100
|turn|17
|
|t:|1779622386
|move|p2a: Jirachi|Cosmic Power|p2a: Jirachi
|-boost|p2a: Jirachi|def|1
|-boost|p2a: Jirachi|spd|1
|move|p1a: Mandibuzz|Foul Play|p2a: Jirachi
|-supereffective|p2a: Jirachi
|-damage|p2a: Jirachi|78/100
|
|-heal|p2a: Jirachi|84/100|[from] item: Leftovers
|upkeep
|turn|18
|
|t:|1779622388
|switch|p1a: Rhyperior|Rhyperior, F|2/100
|move|p2a: Jirachi|Cosmic Power|p2a: Jirachi
|-boost|p2a: Jirachi|def|1
|-boost|p2a: Jirachi|spd|1
|
|-heal|p2a: Jirachi|90/100|[from] item: Leftovers
|upkeep
|turn|19
|
|t:|1779622391
|move|p2a: Jirachi|Stored Power|p1a: Rhyperior
|-damage|p1a: Rhyperior|0 fnt
|faint|p1a: Rhyperior
|
|-heal|p2a: Jirachi|96/100|[from] item: Leftovers
|upkeep
|
|t:|1779622396
|switch|p1a: Gholdengo|Gholdengo|100/100
|-item|p1a: Gholdengo|Air Balloon
|turn|20
|
|t:|1779622398
|move|p2a: Jirachi|Charge Beam|p1a: Gholdengo
|-damage|p1a: Gholdengo|90/100
|-boost|p2a: Jirachi|spa|1
|-enditem|p1a: Gholdengo|Air Balloon
|move|p1a: Gholdengo|Thunder Wave|p2a: Jirachi
|-status|p2a: Jirachi|par
|
|-heal|p2a: Jirachi|100/100 par|[from] item: Leftovers
|upkeep
|turn|21
|
|t:|1779622402
|move|p1a: Gholdengo|Hex|p2a: Jirachi
|-supereffective|p2a: Jirachi
|-damage|p2a: Jirachi|60/100 par
|cant|p2a: Jirachi|par
|
|-heal|p2a: Jirachi|67/100 par|[from] item: Leftovers
|upkeep
|turn|22
|
|t:|1779622406
|move|p1a: Gholdengo|Hex|p2a: Jirachi
|-supereffective|p2a: Jirachi
|-damage|p2a: Jirachi|25/100 par
|move|p2a: Jirachi|Wish|p2a: Jirachi
|
|-heal|p2a: Jirachi|31/100 par|[from] item: Leftovers
|upkeep
|turn|23
|
|t:|1779622411
|switch|p2a: Dragonite|Dragonite, M|100/100
|move|p1a: Gholdengo|Hex|p2a: Dragonite
|-damage|p2a: Dragonite|86/100
|
|-heal|p2a: Dragonite|100/100|[from] move: Wish|[wisher] Jirachi
|upkeep
|turn|24
|
|t:|1779622414
|move|p2a: Dragonite|Earthquake|p1a: Gholdengo
|-supereffective|p1a: Gholdengo
|-damage|p1a: Gholdengo|36/100
|move|p1a: Gholdengo|Thunder Wave|p2a: Dragonite
|-status|p2a: Dragonite|par
|
|upkeep
|turn|25
|
|t:|1779622418
|move|p1a: Gholdengo|Recover|p1a: Gholdengo
|-heal|p1a: Gholdengo|86/100
|move|p2a: Dragonite|Dragon Dance|p2a: Dragonite
|-boost|p2a: Dragonite|atk|1
|-boost|p2a: Dragonite|spe|1
|
|upkeep
|turn|26
|
|t:|1779622420
|move|p1a: Gholdengo|Hex|p2a: Dragonite
|-damage|p2a: Dragonite|73/100 par
|move|p2a: Dragonite|Earthquake|p1a: Gholdengo
|-supereffective|p1a: Gholdengo
|-damage|p1a: Gholdengo|2/100
|
|-heal|p2a: Dragonite|79/100 par|[from] item: Leftovers
|upkeep
|turn|27
|
|t:|1779622424
|move|p1a: Gholdengo|Hex|p2a: Dragonite
|-damage|p2a: Dragonite|28/100 par
|cant|p2a: Dragonite|par
|
|-heal|p2a: Dragonite|34/100 par|[from] item: Leftovers
|upkeep
|turn|28
|
|t:|1779622426
|move|p1a: Gholdengo|Hex|p2a: Dragonite
|-damage|p2a: Dragonite|0 fnt
|faint|p2a: Dragonite
|
|upkeep
|
|t:|1779622429
|switch|p2a: Jirachi|Jirachi|31/100 par
|turn|29
|
|t:|1779622430
|move|p1a: Gholdengo|Hex|p2a: Jirachi
|-supereffective|p2a: Jirachi
|-damage|p2a: Jirachi|0 fnt
|faint|p2a: Jirachi
|
|upkeep
|
|t:|1779622432
|switch|p2a: Exeggutor|Exeggutor, M, tera:Fairy|17/100
|turn|30
|
|t:|1779622434
|move|p2a: Exeggutor|Giga Drain|p1a: Gholdengo
|-resisted|p1a: Gholdengo
|-damage|p1a: Gholdengo|0 fnt
|-heal|p2a: Exeggutor|18/100|[from] drain|[of] p1a: Gholdengo
|faint|p1a: Gholdengo
|
|upkeep
|
|t:|1779622436
|switch|p1a: Deoxys|Deoxys-Speed, tera:Fighting|100/100
|-ability|p1a: Deoxys|Pressure
|turn|31
|
|t:|1779622442
|move|p1a: Deoxys|Ice Beam|p2a: Exeggutor
|-damage|p2a: Exeggutor|0 fnt
|faint|p2a: Exeggutor
|
|win|lousiv
|raw|lousiv's rating: 1263 &rarr; <strong>1293</strong><br />(+30 for winning)
|raw|ChillLanturnYT's rating: 1328 &rarr; <strong>1304</strong><br />(-24 for losing)
|l|☆ChillLanturnYT
|player|p2|
|l|☆lousiv
|player|p1|
