|j|☆haricane
|j|☆the great crusader
|t:|1779720017
|gametype|singles
|player|p1|haricane|hilbert|1309
|player|p2|the great crusader|plasmagrunt|1299
|gen|9
|tier|[Gen 9] OU
|rated|
|rule|HP Percentage Mod: HP is shown in percentages
|rule|Endless Battle Clause: Forcing endless battles is banned
|rule|Species Clause: Limit one of each Pokémon
|rule|OHKO Clause: OHKO moves are banned
|rule|Evasion Items Clause: Evasion items are banned
|rule|Evasion Moves Clause: Evasion moves are banned
|rule|Evasion Abilities Clause: Evasion abilities are banned
|rule|Sleep Moves Clause: Sleep-inducing moves are banned
|clearpoke
|poke|p1|Iron Thorns|
|poke|p1|Dragapult, M|
|poke|p1|Latias, F|
|poke|p1|Pawmot, M|
|poke|p1|Noivern, M|
|poke|p1|Armarouge, M|
|poke|p2|Ninetales-Alola, F|
|poke|p2|Kyurem|
|poke|p2|Pecharunt|
|poke|p2|Ceruledge, F|
|poke|p2|Ogerpon-Wellspring, F|
|poke|p2|Hatterene, F|
|teampreview
|inactive|Battle timer is ON: inactive players will automatically lose when time's up. (requested by the great crusader)
|inactive|haricane has 120 seconds left.
|
|t:|1779720056
|teamsize|p1|6
|teamsize|p2|6
|start
|switch|p1a: Iron Thorns|Iron Thorns, shiny|100/100
|switch|p2a: Ninetales|Ninetales-Alola, F|100/100
|-weather|Snowscape|[from] ability: Snow Warning|[of] p2a: Ninetales
|-enditem|p1a: Iron Thorns|Booster Energy
|-activate|p1a: Iron Thorns|ability: Quark Drive|[fromitem]
|-start|p1a: Iron Thorns|quarkdriveatk
|turn|1
|
|t:|1779720086
|move|p2a: Ninetales|Aurora Veil|p2a: Ninetales
|-sidestart|p2: the great crusader|move: Aurora Veil
|move|p1a: Iron Thorns|Dragon Dance|p1a: Iron Thorns
|-boost|p1a: Iron Thorns|atk|1
|-boost|p1a: Iron Thorns|spe|1
|
|-weather|Snowscape|[upkeep]
|upkeep
|turn|2
|
|t:|1779720091
|switch|p2a: Pecharunt|Pecharunt|100/100
|move|p1a: Iron Thorns|Dragon Dance|p1a: Iron Thorns
|-boost|p1a: Iron Thorns|atk|1
|-boost|p1a: Iron Thorns|spe|1
|
|-weather|Snowscape|[upkeep]
|upkeep
|turn|3
|
|t:|1779720098
|move|p1a: Iron Thorns|Earthquake|p2a: Pecharunt
|-supereffective|p2a: Pecharunt
|-damage|p2a: Pecharunt|43/100
|move|p2a: Pecharunt|Malignant Chain|p1a: Iron Thorns
|-resisted|p1a: Iron Thorns
|-damage|p1a: Iron Thorns|84/100
|-status|p1a: Iron Thorns|tox
|-start|p1a: Iron Thorns|confusion|[from] ability: Poison Puppeteer|[of] p2a: Pecharunt
|
|-weather|Snowscape|[upkeep]
|-damage|p1a: Iron Thorns|78/100 tox|[from] psn
|upkeep
|turn|4
|
|t:|1779720111
|-activate|p1a: Iron Thorns|confusion
|move|p1a: Iron Thorns|Supercell Slam|p2a: Pecharunt
|-damage|p2a: Pecharunt|0 fnt
|faint|p2a: Pecharunt
|
|-weather|Snowscape|[upkeep]
|-damage|p1a: Iron Thorns|65/100 tox|[from] psn
|upkeep
|
|t:|1779720116
|switch|p2a: Ogerpon|Ogerpon-Wellspring, F|100/100
|turn|5
|
|t:|1779720122
|-activate|p1a: Iron Thorns|confusion
|move|p1a: Iron Thorns|Supercell Slam|p2a: Ogerpon
|-damage|p2a: Ogerpon|9/100
|move|p2a: Ogerpon|Ivy Cudgel|p1a: Iron Thorns|[anim] Ivy Cudgel Water
|-supereffective|p1a: Iron Thorns
|-crit|p1a: Iron Thorns
|-damage|p1a: Iron Thorns|0 fnt
|faint|p1a: Iron Thorns
|-end|p1a: Iron Thorns|Quark Drive|[silent]
|
|-weather|none
|upkeep
|
|t:|1779720134
|switch|p1a: Latias|Latias, F|100/100
|turn|6
|
|t:|1779720139
|switch|p2a: Ninetales|Ninetales-Alola, F|100/100
|-weather|Snowscape|[from] ability: Snow Warning|[of] p2a: Ninetales
|move|p1a: Latias|Agility|p1a: Latias
|-boost|p1a: Latias|spe|2
|
|-weather|Snowscape|[upkeep]
|upkeep
|turn|7
|
|t:|1779720160
|move|p1a: Latias|Draining Kiss|p2a: Ninetales
|-damage|p2a: Ninetales|93/100
|move|p2a: Ninetales|Encore|p1a: Latias
|-start|p1a: Latias|Encore
|
|-weather|Snowscape|[upkeep]
|upkeep
|turn|8
|
|t:|1779720166
|move|p1a: Latias|Draining Kiss|p2a: Ninetales
|-damage|p2a: Ninetales|86/100
|move|p2a: Ninetales|Moonblast|p1a: Latias
|-supereffective|p1a: Latias
|-damage|p1a: Latias|53/100
|-enditem|p1a: Latias|Weakness Policy
|-boost|p1a: Latias|atk|2|[from] item: Weakness Policy
|-boost|p1a: Latias|spa|2|[from] item: Weakness Policy
|
|-weather|Snowscape|[upkeep]
|-sideend|p2: the great crusader|move: Aurora Veil
|upkeep
|turn|9
|
|t:|1779720177
|-terastallize|p1a: Latias|Normal
|move|p1a: Latias|Draining Kiss|p2a: Ninetales
|-damage|p2a: Ninetales|56/100
|-heal|p1a: Latias|78/100|[from] drain|[of] p2a: Ninetales
|move|p2a: Ninetales|Moonblast|p1a: Latias
|-damage|p1a: Latias|52/100
|
|-weather|Snowscape|[upkeep]
|upkeep
|turn|10
|
|t:|1779720186
|move|p1a: Latias|Draining Kiss|p2a: Ninetales
|-damage|p2a: Ninetales|27/100
|-heal|p1a: Latias|78/100|[from] drain|[of] p2a: Ninetales
|move|p2a: Ninetales|Freeze-Dry|p1a: Latias
|-damage|p1a: Latias|61/100
|
|-weather|none
|-end|p1a: Latias|Encore
|upkeep
|turn|11
|-message|the great crusader forfeited.
|
|win|haricane
|raw|haricane's rating: 1309 &rarr; <strong>1328</strong><br />(+19 for winning)
|raw|the great crusader's rating: 1299 &rarr; <strong>1275</strong><br />(-24 for losing)
|l|☆the great crusader
|player|p2|
|l|☆haricane
|player|p1|
