|j|☆uncle brown
|j|☆shuu0908
|t:|1779626421
|gametype|singles
|player|p1|uncle brown|102|1541
|player|p2|shuu0908|emmet|1484
|gen|9
|tier|[Gen 9] OU
|rated|
|rule|HP Percentage Mod: HP is shown in percentages
|rule|Endless Battle Clause: Forcing endless battles is banned
|rule|Species Clause: Limit one of each Pokémon
|rule|OHKO Clause: OHKO moves are banned
|rule|Evasion Items Clause: Evasion items are banned
|rule|Evasion Moves Clause: Evasion moves are banned
|rule|Evasion Abilities Clause: Evasion abilities are banned
|rule|Sleep Moves Clause: Sleep-inducing moves are banned
|clearpoke
|poke|p1|Regice|
|poke|p1|Great Tusk|
|poke|p1|Dragapult, F|
|poke|p1|Rotom-Wash|
|poke|p1|Garganacl, M|
|poke|p1|Weezing-Galar, M|
|poke|p2|Ogerpon-Wellspring, F|
|poke|p2|Kingambit, F|
|poke|p2|Zamazenta-*|
|poke|p2|Slowking-Galar, M|
|poke|p2|Great Tusk|
|poke|p2|Zapdos|
|teampreview
|inactive|Battle timer is ON: inactive players will automatically lose when time's up. (requested by shuu0908)
|
|t:|1779626432
|teamsize|p1|6
|teamsize|p2|6
|start
|switch|p1a: Dragapult|Dragapult, F|100/100
|switch|p2a: Zapp|Zapdos|100/100
|turn|1
|
|t:|1779626440
|switch|p1a: Regice|Regice|100/100
|move|p2a: Zapp|Volt Switch|p1a: Regice
|-crit|p1a: Regice
|-damage|p1a: Regice|86/100
|
|t:|1779626465
|switch|p2a: Zen|Zamazenta|100/100|[from] Volt Switch
|-ability|p2a: Zen|Dauntless Shield|boost
|-boost|p2a: Zen|def|1
|
|upkeep
|turn|2
|inactive|shuu0908 has 120 seconds left.
|
|t:|1779626486
|switch|p1a: Weezing|Weezing-Galar, M|100/100
|-ability|p1a: Weezing|Neutralizing Gas
|move|p2a: Zen|Stone Edge|p1a: Weezing
|-damage|p1a: Weezing|78/100
|
|upkeep
|turn|3
|inactive|shuu0908 has 120 seconds left.
|
|t:|1779626497
|switch|p2a: Pow|Slowking-Galar, M|100/100
|move|p1a: Weezing|Will-O-Wisp|p2a: Pow
|-status|p2a: Pow|brn
|
|-damage|p2a: Pow|94/100 brn|[from] brn
|upkeep
|turn|4
|inactive|shuu0908 has 120 seconds left.
|
|t:|1779626513
|-end|p1a: Weezing|ability: Neutralizing Gas
|switch|p1a: Garganacl|Garganacl, M|100/100
|move|p2a: Pow|Psyshock|p1a: Garganacl
|-damage|p1a: Garganacl|80/100
|
|-heal|p1a: Garganacl|86/100|[from] item: Leftovers
|-damage|p2a: Pow|88/100 brn|[from] brn
|upkeep
|turn|5
|
|t:|1779626536
|switch|p2a: Guts|Great Tusk|100/100
|move|p1a: Garganacl|Stealth Rock|p2a: Guts
|-sidestart|p2: shuu0908|move: Stealth Rock
|
|-heal|p1a: Garganacl|93/100|[from] item: Leftovers
|upkeep
|turn|6
|
|t:|1779626543
|switch|p1a: Rotom|Rotom-Wash|100/100
|move|p2a: Guts|Rapid Spin|p1a: Rotom
|-damage|p1a: Rotom|88/100
|-boost|p2a: Guts|spe|1
|-sideend|p2: shuu0908|Stealth Rock|[from] move: Rapid Spin|[of] p2a: Guts
|
|-heal|p1a: Rotom|94/100|[from] item: Leftovers
|upkeep
|turn|7
|
|t:|1779626549
|-end|p2a: Guts|Protosynthesis|[silent]
|switch|p2a: Pow|Slowking-Galar, M|100/100 brn
|move|p1a: Rotom|Volt Switch|p2a: Pow
|-crit|p2a: Pow
|-damage|p2a: Pow|80/100 brn
|
|t:|1779626555
|switch|p1a: Dragapult|Dragapult, F|100/100|[from] Volt Switch
|
|-damage|p2a: Pow|74/100 brn|[from] brn
|upkeep
|turn|8
|inactive|shuu0908 has 120 seconds left.
|
|t:|1779626566
|-terastallize|p1a: Dragapult|Ghost
|move|p1a: Dragapult|Hex|p2a: Pow
|-supereffective|p2a: Pow
|-crit|p2a: Pow
|-damage|p2a: Pow|0 fnt
|faint|p2a: Pow
|
|upkeep
|
|t:|1779626580
|switch|p2a: Zen|Zamazenta|100/100
|turn|9
|
|t:|1779626589
|move|p1a: Dragapult|Will-O-Wisp|p2a: Zen
|-status|p2a: Zen|brn
|move|p2a: Zen|Crunch|p1a: Dragapult
|-supereffective|p1a: Dragapult
|-damage|p1a: Dragapult|67/100
|
|-damage|p2a: Zen|94/100 brn|[from] brn
|upkeep
|turn|10
|inactive|shuu0908 has 120 seconds left.
|
|t:|1779626602
|move|p1a: Dragapult|U-turn|p2a: Zen
|-resisted|p2a: Zen
|-damage|p2a: Zen|85/100 brn
|
|t:|1779626609
|switch|p1a: Weezing|Weezing-Galar, M|78/100|[from] U-turn
|-ability|p1a: Weezing|Neutralizing Gas
|move|p2a: Zen|Crunch|p1a: Weezing
|-resisted|p1a: Weezing
|-damage|p1a: Weezing|74/100
|
|-damage|p2a: Zen|79/100 brn|[from] brn
|upkeep
|turn|11
|inactive|shuu0908 has 120 seconds left.
|
|t:|1779626620
|switch|p2a: Zapp|Zapdos|100/100
|move|p1a: Weezing|Toxic|p2a: Zapp
|-status|p2a: Zapp|tox
|
|-damage|p2a: Zapp|94/100 tox|[from] psn
|upkeep
|turn|12
|
|t:|1779626629
|-end|p1a: Weezing|ability: Neutralizing Gas
|switch|p1a: Garganacl|Garganacl, M|93/100
|move|p2a: Zapp|Hurricane|p1a: Garganacl
|-resisted|p1a: Garganacl
|-damage|p1a: Garganacl|77/100
|-start|p1a: Garganacl|confusion
|
|-heal|p1a: Garganacl|83/100|[from] item: Leftovers
|-damage|p2a: Zapp|82/100 tox|[from] psn
|upkeep
|turn|13
|j| Wobet (◕‿‿◕)
|
|t:|1779626635
|move|p2a: Zapp|Volt Switch|p1a: Garganacl
|-damage|p1a: Garganacl|63/100
|l| Wobet (◕‿‿◕)
|
|t:|1779626639
|switch|p2a: Zen|Zamazenta|79/100 brn|[from] Volt Switch
|-activate|p1a: Garganacl|confusion
|move|p1a: Garganacl|Salt Cure|p2a: Zen
|-resisted|p2a: Zen
|-damage|p2a: Zen|72/100 brn
|-start|p2a: Zen|Salt Cure
|
|-heal|p1a: Garganacl|69/100|[from] item: Leftovers
|-damage|p2a: Zen|66/100 brn|[from] brn
|-damage|p2a: Zen|54/100 brn|[from] Salt Cure
|upkeep
|turn|14
|
|t:|1779626645
|switch|p1a: Weezing|Weezing-Galar, M|74/100
|-ability|p1a: Weezing|Neutralizing Gas
|move|p2a: Zen|Close Combat|p1a: Weezing
|-resisted|p1a: Weezing
|-crit|p1a: Weezing
|-damage|p1a: Weezing|67/100
|-unboost|p2a: Zen|def|1
|-unboost|p2a: Zen|spd|1
|
|-damage|p2a: Zen|48/100 brn|[from] brn
|-damage|p2a: Zen|36/100 brn|[from] Salt Cure
|upkeep
|turn|15
|
|t:|1779626651
|move|p2a: Zen|Stone Edge|p1a: Weezing|[miss]
|-miss|p2a: Zen|p1a: Weezing
|move|p1a: Weezing|Will-O-Wisp|p2a: Zen
|-fail|p2a: Zen|brn
|
|-damage|p2a: Zen|29/100 brn|[from] brn
|-damage|p2a: Zen|17/100 brn|[from] Salt Cure
|upkeep
|turn|16
|
|t:|1779626658
|move|p2a: Zen|Stone Edge|p1a: Weezing
|-crit|p1a: Weezing
|-damage|p1a: Weezing|52/100
|move|p1a: Weezing|Will-O-Wisp|p2a: Zen|[miss]
|-miss|p1a: Weezing|p2a: Zen
|
|-damage|p2a: Zen|11/100 brn|[from] brn
|-damage|p2a: Zen|0 fnt|[from] Salt Cure
|faint|p2a: Zen
|upkeep
|
|t:|1779626666
|switch|p2a: Gin|Kingambit, F|100/100
|turn|17
|
|t:|1779626671
|-end|p1a: Weezing|ability: Neutralizing Gas
|-activate|p2a: Gin|ability: Supreme Overlord
|-start|p2a: Gin|fallen2|[silent]
|switch|p1a: Rotom|Rotom-Wash|94/100
|move|p2a: Gin|Iron Head|p1a: Rotom
|-resisted|p1a: Rotom
|-crit|p1a: Rotom
|-damage|p1a: Rotom|76/100
|
|-heal|p1a: Rotom|83/100|[from] item: Leftovers
|upkeep
|turn|18
|
|t:|1779626688
|move|p1a: Rotom|Will-O-Wisp|p2a: Gin|[miss]
|-miss|p1a: Rotom|p2a: Gin
|move|p2a: Gin|Swords Dance|p2a: Gin
|-boost|p2a: Gin|atk|2
|
|-heal|p1a: Rotom|89/100|[from] item: Leftovers
|upkeep
|turn|19
|
|t:|1779626695
|move|p1a: Rotom|Will-O-Wisp|p2a: Gin
|-status|p2a: Gin|brn
|move|p2a: Gin|Kowtow Cleave|p1a: Rotom
|-damage|p1a: Rotom|42/100
|
|-heal|p1a: Rotom|49/100|[from] item: Leftovers
|-damage|p2a: Gin|94/100 brn|[from] brn
|upkeep
|turn|20
|
|t:|1779626701
|move|p1a: Rotom|Pain Split|p2a: Gin
|-sethp|p2a: Gin|67/100 brn|[from] move: Pain Split|[silent]
|-sethp|p1a: Rotom|82/100|[from] move: Pain Split
|move|p2a: Gin|Swords Dance|p2a: Gin
|-boost|p2a: Gin|atk|2
|
|-heal|p1a: Rotom|89/100|[from] item: Leftovers
|-heal|p2a: Gin|73/100 brn|[from] item: Leftovers
|-damage|p2a: Gin|67/100 brn|[from] brn
|upkeep
|turn|21
|
|t:|1779626705
|move|p1a: Rotom|Volt Switch|p2a: Gin
|-damage|p2a: Gin|43/100 brn
|
|t:|1779626708
|switch|p1a: Great Tusk|Great Tusk|100/100|[from] Volt Switch
|move|p2a: Gin|Swords Dance|p2a: Gin
|-boost|p2a: Gin|atk|2
|
|-heal|p2a: Gin|49/100 brn|[from] item: Leftovers
|-damage|p2a: Gin|43/100 brn|[from] brn
|upkeep
|turn|22
|
|t:|1779626712
|-terastallize|p2a: Gin|Fairy
|move|p1a: Great Tusk|Headlong Rush|p2a: Gin
|-damage|p2a: Gin|0 fnt
|-unboost|p1a: Great Tusk|def|1
|-unboost|p1a: Great Tusk|spd|1
|faint|p2a: Gin
|-end|p2a: Gin|fallen2|[silent]
|
|upkeep
|-message|shuu0908 forfeited.
|
|win|uncle brown
|raw|uncle brown's rating: 1541 &rarr; <strong>1558</strong><br />(+17 for winning)
|raw|shuu0908's rating: 1484 &rarr; <strong>1467</strong><br />(-17 for losing)
|l|☆shuu0908
|player|p2|
|j| Heavenly Heroic
|l| Heavenly Heroic
|j| ANGEL ENGINE
|l| ANGEL ENGINE
|j| GengarAdept
