|j|☆smashbros87878
|j|☆The Name Change
|t:|1779687668
|gametype|singles
|player|p1|smashbros87878|marley|1431
|player|p2|The Name Change|lusamine-nihilego|1516
|gen|9
|tier|[Gen 9] OU
|rated|
|rule|HP Percentage Mod: HP is shown in percentages
|rule|Endless Battle Clause: Forcing endless battles is banned
|rule|Species Clause: Limit one of each Pokémon
|rule|OHKO Clause: OHKO moves are banned
|rule|Evasion Items Clause: Evasion items are banned
|rule|Evasion Moves Clause: Evasion moves are banned
|rule|Evasion Abilities Clause: Evasion abilities are banned
|rule|Sleep Moves Clause: Sleep-inducing moves are banned
|clearpoke
|poke|p1|Kingambit, M|
|poke|p1|Kommo-o, F|
|poke|p1|Iron Valiant|
|poke|p1|Iron Treads|
|poke|p1|Dragonite, M|
|poke|p1|Raging Bolt|
|poke|p2|Pelipper, M|
|poke|p2|Raging Bolt|
|poke|p2|Overqwil, M|
|poke|p2|Barraskewda, M|
|poke|p2|Iron Treads|
|poke|p2|Kingambit, F|
|teampreview
|inactive|Battle timer is ON: inactive players will automatically lose when time's up. (requested by smashbros87878)
|c|☆smashbros87878|we meet again
|c|☆smashbros87878|glhf
|c|☆The Name Change|yes
|
|t:|1779687699
|teamsize|p1|6
|teamsize|p2|6
|start
|switch|p1a: Raging Bolt|Raging Bolt|100/100
|switch|p2a: Pelipper|Pelipper, M|100/100
|-weather|RainDance|[from] ability: Drizzle|[of] p2a: Pelipper
|-enditem|p1a: Raging Bolt|Booster Energy
|-activate|p1a: Raging Bolt|ability: Protosynthesis|[fromitem]
|-start|p1a: Raging Bolt|protosynthesisspa
|turn|1
|
|t:|1779687706
|switch|p2a: Iron Treads|Iron Treads|100/100
|-enditem|p2a: Iron Treads|Booster Energy
|-activate|p2a: Iron Treads|ability: Quark Drive|[fromitem]
|-start|p2a: Iron Treads|quarkdrivespe
|move|p1a: Raging Bolt|Draco Meteor|p2a: Iron Treads
|-resisted|p2a: Iron Treads
|-damage|p2a: Iron Treads|32/100
|-unboost|p1a: Raging Bolt|spa|2
|
|-weather|RainDance|[upkeep]
|upkeep
|turn|2
|
|t:|1779687719
|-end|p1a: Raging Bolt|Protosynthesis|[silent]
|switch|p1a: Dragonite|Dragonite, M|100/100
|move|p2a: Iron Treads|Stealth Rock|p1a: Dragonite
|-sidestart|p1: smashbros87878|move: Stealth Rock
|
|-weather|RainDance|[upkeep]
|upkeep
|turn|3
|
|t:|1779687725
|move|p2a: Iron Treads|Rapid Spin|p1a: Dragonite
|-damage|p1a: Dragonite|94/100
|-boost|p2a: Iron Treads|spe|1
|move|p1a: Dragonite|Dragon Dance|p1a: Dragonite
|-boost|p1a: Dragonite|atk|1
|-boost|p1a: Dragonite|spe|1
|
|-weather|RainDance|[upkeep]
|upkeep
|turn|4
|
|t:|1779687734
|-terastallize|p1a: Dragonite|Normal
|move|p1a: Dragonite|Extreme Speed|p2a: Iron Treads
|-resisted|p2a: Iron Treads
|-damage|p2a: Iron Treads|0 fnt
|faint|p2a: Iron Treads
|-end|p2a: Iron Treads|Quark Drive|[silent]
|
|-weather|RainDance|[upkeep]
|upkeep
|inactive|The Name Change has 120 seconds left.
|
|t:|1779687793
|switch|p2a: Pelipper|Pelipper, M|100/100
|turn|5
|
|t:|1779687802
|move|p1a: Dragonite|Dragon Dance|p1a: Dragonite
|-boost|p1a: Dragonite|atk|1
|-boost|p1a: Dragonite|spe|1
|move|p2a: Pelipper|Hurricane|p1a: Dragonite
|-damage|p1a: Dragonite|57/100
|
|-weather|RainDance|[upkeep]
|upkeep
|turn|6
|
|t:|1779687810
|move|p1a: Dragonite|Extreme Speed|p2a: Pelipper
|-damage|p2a: Pelipper|30/100
|move|p2a: Pelipper|Hurricane|p1a: Dragonite
|-damage|p1a: Dragonite|20/100
|
|-weather|RainDance|[upkeep]
|upkeep
|turn|7
|inactive|The Name Change has 120 seconds left.
|
|t:|1779687818
|switch|p2a: Kingambit|Kingambit, F|100/100
|-activate|p2a: Kingambit|ability: Supreme Overlord
|-start|p2a: Kingambit|fallen1|[silent]
|move|p1a: Dragonite|Extreme Speed|p2a: Kingambit
|-resisted|p2a: Kingambit
|-damage|p2a: Kingambit|67/100
|
|-weather|RainDance|[upkeep]
|-heal|p2a: Kingambit|73/100|[from] item: Leftovers
|upkeep
|turn|8
|
|t:|1779687827
|move|p1a: Dragonite|Extreme Speed|p2a: Kingambit
|-resisted|p2a: Kingambit
|-damage|p2a: Kingambit|38/100
|move|p2a: Kingambit|Kowtow Cleave|p1a: Dragonite
|-damage|p1a: Dragonite|0 fnt
|faint|p1a: Dragonite
|
|-weather|none
|-heal|p2a: Kingambit|45/100|[from] item: Leftovers
|upkeep
|
|t:|1779687833
|switch|p1a: Iron Treads|Iron Treads|100/100
|-damage|p1a: Iron Treads|98/100|[from] Stealth Rock
|-enditem|p1a: Iron Treads|Booster Energy
|-activate|p1a: Iron Treads|ability: Quark Drive|[fromitem]
|-start|p1a: Iron Treads|quarkdrivespe
|turn|9
|
|t:|1779687841
|-end|p2a: Kingambit|fallen1|[silent]
|switch|p2a: Pelipper|Pelipper, M|30/100
|-weather|RainDance|[from] ability: Drizzle|[of] p2a: Pelipper
|move|p1a: Iron Treads|Rapid Spin|p2a: Pelipper
|-crit|p2a: Pelipper
|-damage|p2a: Pelipper|14/100
|-boost|p1a: Iron Treads|spe|1
|-sideend|p1: smashbros87878|Stealth Rock|[from] move: Rapid Spin|[of] p1a: Iron Treads
|
|-weather|RainDance|[upkeep]
|upkeep
|turn|10
|
|t:|1779687852
|switch|p2a: Overqwil|Overqwil, M|100/100
|move|p1a: Iron Treads|Stealth Rock|p2a: Overqwil
|-sidestart|p2: The Name Change|move: Stealth Rock
|
|-weather|RainDance|[upkeep]
|upkeep
|turn|11
|
|t:|1779687858
|move|p1a: Iron Treads|Earthquake|p2a: Overqwil
|-supereffective|p2a: Overqwil
|-crit|p2a: Overqwil
|-damage|p2a: Overqwil|0 fnt
|faint|p2a: Overqwil
|
|-weather|RainDance|[upkeep]
|upkeep
|
|t:|1779687864
|switch|p2a: Barraskewda|Barraskewda, M|100/100
|-damage|p2a: Barraskewda|88/100|[from] Stealth Rock
|turn|12
|c|☆smashbros87878|damn
|c|☆smashbros87878|that crit mattered
|
|t:|1779687876
|move|p2a: Barraskewda|Liquidation|p1a: Iron Treads
|-supereffective|p1a: Iron Treads
|-damage|p1a: Iron Treads|0 fnt
|faint|p1a: Iron Treads
|-end|p1a: Iron Treads|Quark Drive|[silent]
|
|-weather|RainDance|[upkeep]
|upkeep
|
|t:|1779687879
|switch|p1a: Raging Bolt|Raging Bolt|100/100
|turn|13
|
|t:|1779687887
|switch|p2a: Kingambit|Kingambit, F|45/100
|-damage|p2a: Kingambit|38/100|[from] Stealth Rock
|-activate|p2a: Kingambit|ability: Supreme Overlord
|-start|p2a: Kingambit|fallen2|[silent]
|move|p1a: Raging Bolt|Draco Meteor|p2a: Kingambit
|-resisted|p2a: Kingambit
|-damage|p2a: Kingambit|3/100
|-unboost|p1a: Raging Bolt|spa|2
|
|-weather|RainDance|[upkeep]
|-heal|p2a: Kingambit|9/100|[from] item: Leftovers
|upkeep
|turn|14
|
|t:|1779687894
|move|p1a: Raging Bolt|Thunderbolt|p2a: Kingambit
|-damage|p2a: Kingambit|0 fnt
|faint|p2a: Kingambit
|-end|p2a: Kingambit|fallen2|[silent]
|
|-weather|RainDance|[upkeep]
|upkeep
|
|t:|1779687901
|switch|p2a: Raging Bolt|Raging Bolt|100/100
|-damage|p2a: Raging Bolt|88/100|[from] Stealth Rock
|-enditem|p2a: Raging Bolt|Booster Energy
|-activate|p2a: Raging Bolt|ability: Protosynthesis|[fromitem]
|-start|p2a: Raging Bolt|protosynthesisspa
|turn|15
|
|t:|1779687909
|-end|p1a: Raging Bolt|Protosynthesis|[silent]
|switch|p1a: Iron Valiant|Iron Valiant|100/100
|-enditem|p1a: Iron Valiant|Booster Energy
|-activate|p1a: Iron Valiant|ability: Quark Drive|[fromitem]
|-start|p1a: Iron Valiant|quarkdrivespe
|move|p2a: Raging Bolt|Thunder|p1a: Iron Valiant
|-damage|p1a: Iron Valiant|0 fnt
|faint|p1a: Iron Valiant
|-end|p1a: Iron Valiant|Quark Drive|[silent]
|
|-weather|RainDance|[upkeep]
|upkeep
|
|t:|1779687917
|switch|p1a: Kommo-o|Kommo-o, F|100/100
|turn|16
|
|t:|1779687923
|-terastallize|p2a: Raging Bolt|Fairy
|move|p1a: Kommo-o|Substitute|p1a: Kommo-o
|-start|p1a: Kommo-o|Substitute
|-damage|p1a: Kommo-o|75/100
|move|p2a: Raging Bolt|Draco Meteor|p1a: Kommo-o
|-supereffective|p1a: Kommo-o
|-end|p1a: Kommo-o|Substitute
|-unboost|p2a: Raging Bolt|spa|2
|
|-weather|none
|-heal|p1a: Kommo-o|82/100|[from] item: Leftovers
|upkeep
|turn|17
|
|t:|1779687947
|move|p1a: Kommo-o|Substitute|p1a: Kommo-o
|-start|p1a: Kommo-o|Substitute
|-damage|p1a: Kommo-o|57/100
|move|p2a: Raging Bolt|Draco Meteor|p1a: Kommo-o|[miss]
|-miss|p2a: Raging Bolt|p1a: Kommo-o
|
|-heal|p1a: Kommo-o|63/100|[from] item: Leftovers
|upkeep
|turn|18
|c|☆The Name Change|gg
|c|☆smashbros87878|wait
|inactive|smashbros87878 has 120 seconds left.
|
|t:|1779687975
|-end|p2a: Raging Bolt|Protosynthesis|[silent]
|switch|p2a: Pelipper|Pelipper, M|14/100
|-damage|p2a: Pelipper|0 fnt|[from] Stealth Rock
|faint|p2a: Pelipper
|move|p1a: Kommo-o|Shadow Claw|p2: Pelipper|[notarget]
|-fail|p1a: Kommo-o
|
|-heal|p1a: Kommo-o|69/100|[from] item: Leftovers
|upkeep
|
|t:|1779687994
|switch|p2a: Barraskewda|Barraskewda, M|88/100
|-damage|p2a: Barraskewda|75/100|[from] Stealth Rock
|turn|19
|
|t:|1779688002
|move|p2a: Barraskewda|Close Combat|p1a: Kommo-o
|-end|p1a: Kommo-o|Substitute
|-unboost|p2a: Barraskewda|def|1
|-unboost|p2a: Barraskewda|spd|1
|move|p1a: Kommo-o|Drain Punch|p2a: Barraskewda
|-damage|p2a: Barraskewda|0 fnt
|-heal|p1a: Kommo-o|99/100|[from] drain|[of] p2a: Barraskewda
|faint|p2a: Barraskewda
|
|-heal|p1a: Kommo-o|100/100|[from] item: Leftovers
|upkeep
|
|t:|1779688009
|switch|p2a: Raging Bolt|Raging Bolt, tera:Fairy|88/100
|-damage|p2a: Raging Bolt|76/100|[from] Stealth Rock
|turn|20
|-message|The Name Change forfeited.
|
|win|smashbros87878
|raw|smashbros87878's rating: 1431 &rarr; <strong>1456</strong><br />(+25 for winning)
|raw|The Name Change's rating: 1516 &rarr; <strong>1491</strong><br />(-25 for losing)
|l|☆The Name Change
|player|p2|
|c|☆smashbros87878|gg
|l|☆smashbros87878
|player|p1|
