|j|☆JacquesDeAlderberg
|j|☆Purple Amoonguss
|t:|1779702370
|gametype|singles
|player|p1|JacquesDeAlderberg|169|1684
|player|p2|Purple Amoonguss|pokemonbreederf|1655
|gen|9
|tier|[Gen 9] OU
|rated|
|rule|HP Percentage Mod: HP is shown in percentages
|rule|Endless Battle Clause: Forcing endless battles is banned
|rule|Species Clause: Limit one of each Pokémon
|rule|OHKO Clause: OHKO moves are banned
|rule|Evasion Items Clause: Evasion items are banned
|rule|Evasion Moves Clause: Evasion moves are banned
|rule|Evasion Abilities Clause: Evasion abilities are banned
|rule|Sleep Moves Clause: Sleep-inducing moves are banned
|clearpoke
|poke|p1|Iron Crown|
|poke|p1|Enamorus, F|
|poke|p1|Great Tusk|
|poke|p1|Probopass, F|
|poke|p1|Deoxys-Speed|
|poke|p1|Dragapult, M|
|poke|p2|Gliscor, M|
|poke|p2|Heatran, F|
|poke|p2|Sinistcha|
|poke|p2|Corviknight, F|
|poke|p2|Tentacruel, F|
|poke|p2|Darkrai|
|teampreview
|inactive|Battle timer is ON: inactive players will automatically lose when time's up. (requested by JacquesDeAlderberg)
|
|t:|1779702385
|teamsize|p1|6
|teamsize|p2|6
|start
|switch|p1a: Deoxys|Deoxys-Speed|100/100
|switch|p2a: Gliscor|Gliscor, M|100/100
|-ability|p1a: Deoxys|Pressure
|turn|1
|
|t:|1779702399
|move|p2a: Gliscor|Protect|p2a: Gliscor
|-singleturn|p2a: Gliscor|Protect
|move|p1a: Deoxys|Ice Beam|p2a: Gliscor
|-activate|p2a: Gliscor|move: Protect
|
|-status|p2a: Gliscor|tox|[from] item: Toxic Orb
|upkeep
|turn|2
|
|t:|1779702406
|switch|p2a: Heatran|Heatran, F|100/100
|move|p1a: Deoxys|Superpower|p2a: Heatran
|-supereffective|p2a: Heatran
|-damage|p2a: Heatran|42/100
|-unboost|p1a: Deoxys|atk|1
|-unboost|p1a: Deoxys|def|1
|-enditem|p1a: Deoxys|Eject Pack
|
|t:|1779702409
|switch|p1a: Enamorus|Enamorus, F|100/100
|
|-heal|p2a: Heatran|49/100|[from] item: Leftovers
|upkeep
|turn|3
|
|t:|1779702417
|switch|p2a: Gliscor|Gliscor, M|100/100 tox
|move|p1a: Enamorus|Calm Mind|p1a: Enamorus
|-boost|p1a: Enamorus|spa|1
|-boost|p1a: Enamorus|spd|1
|
|upkeep
|turn|4
|
|t:|1779702422
|move|p1a: Enamorus|Moonblast|p2a: Gliscor
|-damage|p2a: Gliscor|16/100 tox
|move|p2a: Gliscor|Knock Off|p1a: Enamorus
|-resisted|p1a: Enamorus
|-damage|p1a: Enamorus|84/100
|-enditem|p1a: Enamorus|Fairy Feather|[from] move: Knock Off|[of] p2a: Gliscor
|
|-heal|p2a: Gliscor|29/100 tox|[from] ability: Poison Heal
|upkeep
|turn|5
|
|t:|1779702432
|switch|p2a: Corviknight|Corviknight, F|100/100
|-ability|p2a: Corviknight|Pressure
|move|p1a: Enamorus|Agility|p1a: Enamorus
|-boost|p1a: Enamorus|spe|2
|
|upkeep
|turn|6
|
|t:|1779702436
|move|p1a: Enamorus|Calm Mind|p1a: Enamorus
|-boost|p1a: Enamorus|spa|1
|-boost|p1a: Enamorus|spd|1
|move|p2a: Corviknight|Brave Bird|p1a: Enamorus
|-damage|p1a: Enamorus|22/100
|-damage|p2a: Corviknight|85/100|[from] Recoil
|
|upkeep
|turn|7
|
|t:|1779702439
|move|p1a: Enamorus|Moonblast|p2a: Corviknight
|-resisted|p2a: Corviknight
|-damage|p2a: Corviknight|29/100
|move|p2a: Corviknight|Brave Bird|p1a: Enamorus
|-damage|p1a: Enamorus|0 fnt
|faint|p1a: Enamorus
|-damage|p2a: Corviknight|24/100|[from] Recoil
|
|upkeep
|
|t:|1779702445
|switch|p1a: Deoxys|Deoxys-Speed|100/100
|-ability|p1a: Deoxys|Pressure
|turn|8
|
|t:|1779702460
|switch|p2a: Heatran|Heatran, F|49/100
|move|p1a: Deoxys|Psycho Boost|p2a: Heatran
|-resisted|p2a: Heatran
|-damage|p2a: Heatran|28/100
|-unboost|p1a: Deoxys|spa|2
|
|-heal|p2a: Heatran|34/100|[from] item: Leftovers
|upkeep
|turn|9
|
|t:|1779702472
|switch|p2a: Sinistcha|Sinistcha|100/100
|move|p1a: Deoxys|Ice Beam|p2a: Sinistcha
|-supereffective|p2a: Sinistcha
|-damage|p2a: Sinistcha|69/100
|
|upkeep
|turn|10
|
|t:|1779702477
|switch|p1a: Probopass|Probopass, F|100/100
|move|p2a: Sinistcha|Calm Mind|p2a: Sinistcha
|-boost|p2a: Sinistcha|spa|1
|-boost|p2a: Sinistcha|spd|1
|
|upkeep
|turn|11
|
|t:|1779702481
|move|p2a: Sinistcha|Matcha Gotcha|p1a: Probopass
|-damage|p1a: Probopass|67/100
|-heal|p2a: Sinistcha|85/100|[from] drain|[of] p1a: Probopass
|move|p1a: Probopass|Thunder Wave|p2a: Sinistcha
|-status|p2a: Sinistcha|par
|
|upkeep
|turn|12
|
|t:|1779702488
|move|p1a: Probopass|Volt Switch|p2a: Sinistcha
|-resisted|p2a: Sinistcha
|-damage|p2a: Sinistcha|80/100 par
|
|t:|1779702492
|switch|p1a: Deoxys|Deoxys-Speed|100/100|[from] Volt Switch
|-ability|p1a: Deoxys|Pressure
|move|p2a: Sinistcha|Shadow Ball|p1a: Deoxys
|-supereffective|p1a: Deoxys
|-damage|p1a: Deoxys|0 fnt
|faint|p1a: Deoxys
|
|upkeep
|
|t:|1779702495
|switch|p1a: Dragapult|Dragapult, M|100/100
|turn|13
|
|t:|1779702505
|switch|p2a: Darkrai|Darkrai|100/100
|move|p1a: Dragapult|Substitute|p1a: Dragapult
|-start|p1a: Dragapult|Substitute
|-damage|p1a: Dragapult|76/100
|
|-heal|p1a: Dragapult|82/100|[from] item: Leftovers
|upkeep
|turn|14
|
|t:|1779702511
|move|p2a: Darkrai|Dark Pulse|p1a: Dragapult
|-supereffective|p1a: Dragapult
|-end|p1a: Dragapult|Substitute
|move|p1a: Dragapult|Dragon Dance|p1a: Dragapult
|-boost|p1a: Dragapult|atk|1
|-boost|p1a: Dragapult|spe|1
|
|-heal|p1a: Dragapult|88/100|[from] item: Leftovers
|upkeep
|turn|15
|
|t:|1779702516
|move|p2a: Darkrai|Sucker Punch|p1a: Dragapult
|-supereffective|p1a: Dragapult
|-damage|p1a: Dragapult|11/100
|move|p1a: Dragapult|Dragon Darts|p2a: Darkrai
|-damage|p2a: Darkrai|42/100
|-anim|p1a: Dragapult|Dragon Darts|p2a: Darkrai
|-damage|p2a: Darkrai|0 fnt
|faint|p2a: Darkrai
|
|-heal|p1a: Dragapult|17/100|[from] item: Leftovers
|upkeep
|
|t:|1779702530
|switch|p2a: Sinistcha|Sinistcha|80/100 par
|turn|16
|
|t:|1779702538
|move|p1a: Dragapult|Phantom Force||[still]
|-prepare|p1a: Dragapult|Phantom Force
|move|p2a: Sinistcha|Shadow Ball|p1a: Dragapult|[miss]
|-miss|p2a: Sinistcha|p1a: Dragapult
|
|-heal|p1a: Dragapult|23/100|[from] item: Leftovers
|upkeep
|turn|17
|
|t:|1779702541
|switch|p2a: Corviknight|Corviknight, F|24/100
|-ability|p2a: Corviknight|Pressure
|move|p1a: Dragapult|Phantom Force|p2a: Corviknight|[from] lockedmove
|-damage|p2a: Corviknight|0 fnt
|-damage|p1a: Dragapult|7/100|[from] item: Rocky Helmet|[of] p2a: Corviknight
|faint|p2a: Corviknight
|
|-heal|p1a: Dragapult|13/100|[from] item: Leftovers
|upkeep
|
|t:|1779702555
|switch|p2a: Tentacruel|Tentacruel, F, shiny|100/100
|turn|18
|
|t:|1779702564
|move|p1a: Dragapult|Dragon Darts|p2a: Tentacruel
|-damage|p2a: Tentacruel|30/100
|-anim|p1a: Dragapult|Dragon Darts|p2a: Tentacruel
|-damage|p2a: Tentacruel|0 fnt
|faint|p2a: Tentacruel
|
|-heal|p1a: Dragapult|19/100|[from] item: Leftovers
|upkeep
|-message|Purple Amoonguss forfeited.
|
|win|JacquesDeAlderberg
|raw|JacquesDeAlderberg's rating: 1684 &rarr; <strong>1702</strong><br />(+18 for winning)
|raw|Purple Amoonguss's rating: 1655 &rarr; <strong>1637</strong><br />(-18 for losing)
|l|☆Purple Amoonguss
|player|p2|
|l|☆JacquesDeAlderberg
|player|p1|
