|j|☆MrsDelacerna
|j|☆allstartalon
|t:|1779621811
|gametype|singles
|player|p1|MrsDelacerna|lucas|1321
|player|p2|allstartalon|pokemonranger-gen4|1290
|gen|9
|tier|[Gen 9] OU
|rated|
|rule|HP Percentage Mod: HP is shown in percentages
|rule|Endless Battle Clause: Forcing endless battles is banned
|rule|Species Clause: Limit one of each Pokémon
|rule|OHKO Clause: OHKO moves are banned
|rule|Evasion Items Clause: Evasion items are banned
|rule|Evasion Moves Clause: Evasion moves are banned
|rule|Evasion Abilities Clause: Evasion abilities are banned
|rule|Sleep Moves Clause: Sleep-inducing moves are banned
|clearpoke
|poke|p1|Grimmsnarl, M|
|poke|p1|Kommo-o, F|
|poke|p1|Gholdengo|
|poke|p1|Dragapult, M|
|poke|p1|Scizor, F|
|poke|p1|Kingambit, M|
|poke|p2|Regidrago|
|poke|p2|Goodra-Hisui, F|
|poke|p2|Haxorus, F|
|poke|p2|Latios, M|
|poke|p2|Cyclizar, M|
|poke|p2|Dragonite, F|
|teampreview
|inactive|Battle timer is ON: inactive players will automatically lose when time's up. (requested by MrsDelacerna)
|
|t:|1779621825
|teamsize|p1|6
|teamsize|p2|6
|start
|switch|p1a: Grimmsnarl|Grimmsnarl, M|100/100
|switch|p2a: Latios|Latios, M, shiny|100/100
|turn|1
|
|t:|1779621833
|move|p1a: Grimmsnarl|Light Screen|p1a: Grimmsnarl
|-sidestart|p1: MrsDelacerna|move: Light Screen
|move|p2a: Latios|Thunderbolt|p1a: Grimmsnarl
|-damage|p1a: Grimmsnarl|84/100
|
|upkeep
|turn|2
|
|t:|1779621839
|move|p1a: Grimmsnarl|Reflect|p1a: Grimmsnarl
|-sidestart|p1: MrsDelacerna|Reflect
|move|p2a: Latios|Ice Beam|p1a: Grimmsnarl
|-damage|p1a: Grimmsnarl|66/100
|
|upkeep
|turn|3
|
|t:|1779621845
|move|p1a: Grimmsnarl|Parting Shot|p2a: Latios
|-unboost|p2a: Latios|atk|1
|-unboost|p2a: Latios|spa|1
|
|t:|1779621850
|switch|p1a: Gholdengo|Gholdengo|100/100|[from] Parting Shot
|-item|p1a: Gholdengo|Air Balloon
|move|p2a: Latios|Ice Beam|p1a: Gholdengo
|-resisted|p1a: Gholdengo
|-damage|p1a: Gholdengo|94/100
|-enditem|p1a: Gholdengo|Air Balloon
|
|upkeep
|turn|4
|
|t:|1779621859
|move|p2a: Latios|Thunderbolt|p1a: Gholdengo
|-damage|p1a: Gholdengo|81/100
|move|p1a: Gholdengo|Nasty Plot|p1a: Gholdengo
|-boost|p1a: Gholdengo|spa|2
|
|upkeep
|turn|5
|
|t:|1779621865
|move|p2a: Latios|Thunderbolt|p1a: Gholdengo
|-damage|p1a: Gholdengo|68/100
|move|p1a: Gholdengo|Nasty Plot|p1a: Gholdengo
|-boost|p1a: Gholdengo|spa|2
|
|upkeep
|turn|6
|
|t:|1779621872
|move|p2a: Latios|Thunderbolt|p1a: Gholdengo
|-damage|p1a: Gholdengo|54/100
|move|p1a: Gholdengo|Shadow Ball|p2a: Latios
|-supereffective|p2a: Latios
|-damage|p2a: Latios|0 fnt
|faint|p2a: Latios
|
|upkeep
|
|t:|1779621882
|switch|p2a: Haxorus|Haxorus, F, shiny|100/100
|-ability|p2a: Haxorus|Mold Breaker
|turn|7
|
|t:|1779621889
|move|p2a: Haxorus|Earthquake|p1a: Gholdengo
|-supereffective|p1a: Gholdengo
|-damage|p1a: Gholdengo|6/100
|move|p1a: Gholdengo|Shadow Ball|p2a: Haxorus
|-damage|p2a: Haxorus|0 fnt
|faint|p2a: Haxorus
|
|upkeep
|
|t:|1779621894
|switch|p2a: Cyclizar|Cyclizar, M, shiny|100/100
|turn|8
|
|t:|1779621906
|move|p2a: Cyclizar|Dragon Claw|p1a: Gholdengo
|-resisted|p1a: Gholdengo
|-damage|p1a: Gholdengo|0 fnt
|faint|p1a: Gholdengo
|
|-sideend|p1: MrsDelacerna|move: Light Screen
|upkeep
|
|t:|1779621917
|switch|p1a: Grimmsnarl|Grimmsnarl, M|66/100
|turn|9
|
|t:|1779621923
|move|p1a: Grimmsnarl|Light Screen|p1a: Grimmsnarl
|-sidestart|p1: MrsDelacerna|move: Light Screen
|move|p2a: Cyclizar|Iron Head|p1a: Grimmsnarl
|-supereffective|p1a: Grimmsnarl
|-damage|p1a: Grimmsnarl|42/100
|
|-sideend|p1: MrsDelacerna|Reflect
|upkeep
|turn|10
|
|t:|1779621930
|move|p1a: Grimmsnarl|Reflect|p1a: Grimmsnarl
|-sidestart|p1: MrsDelacerna|Reflect
|move|p2a: Cyclizar|Iron Head|p1a: Grimmsnarl
|-supereffective|p1a: Grimmsnarl
|-damage|p1a: Grimmsnarl|20/100
|
|upkeep
|turn|11
|
|t:|1779621940
|move|p1a: Grimmsnarl|Reflect||[still]
|-fail|p1a: Grimmsnarl
|move|p2a: Cyclizar|Iron Head|p1a: Grimmsnarl
|-supereffective|p1a: Grimmsnarl
|-damage|p1a: Grimmsnarl|0 fnt
|faint|p1a: Grimmsnarl
|
|upkeep
|
|t:|1779621959
|switch|p1a: Kommo-o|Kommo-o, F|100/100
|turn|12
|
|t:|1779621964
|-terastallize|p1a: Kommo-o|Steel
|move|p2a: Cyclizar|Dragon Claw|p1a: Kommo-o
|-resisted|p1a: Kommo-o
|-damage|p1a: Kommo-o|92/100
|move|p1a: Kommo-o|Clangorous Soul|p1a: Kommo-o
|-boost|p1a: Kommo-o|atk|1
|-boost|p1a: Kommo-o|def|1
|-boost|p1a: Kommo-o|spa|1
|-boost|p1a: Kommo-o|spd|1
|-boost|p1a: Kommo-o|spe|1
|-damage|p1a: Kommo-o|59/100
|-enditem|p1a: Kommo-o|Throat Spray
|-boost|p1a: Kommo-o|spa|1|[from] item: Throat Spray
|
|upkeep
|turn|13
|
|t:|1779621977
|move|p1a: Kommo-o|Clanging Scales|p2a: Cyclizar
|-supereffective|p2a: Cyclizar
|-damage|p2a: Cyclizar|0 fnt
|faint|p2a: Cyclizar
|-unboost|p1a: Kommo-o|def|1
|
|upkeep
|
|t:|1779621980
|switch|p2a: Goodra|Goodra-Hisui, F, shiny|100/100
|turn|14
|
|t:|1779621992
|-terastallize|p2a: Goodra|Flying
|move|p1a: Kommo-o|Flamethrower|p2a: Goodra
|-damage|p2a: Goodra|63/100
|-status|p2a: Goodra|brn
|move|p2a: Goodra|Flamethrower|p1a: Kommo-o
|-supereffective|p1a: Kommo-o
|-crit|p1a: Kommo-o
|-damage|p1a: Kommo-o|0 fnt
|faint|p1a: Kommo-o
|-damage|p2a: Goodra|53/100 brn|[from] item: Life Orb
|
|-damage|p2a: Goodra|47/100 brn|[from] brn
|upkeep
|inactive|MrsDelacerna has 120 seconds left.
|
|t:|1779622020
|switch|p1a: Dragapult|Dragapult, M|100/100
|turn|15
|
|t:|1779622024
|move|p1a: Dragapult|Draco Meteor|p2a: Goodra
|-damage|p2a: Goodra|4/100 brn
|-unboost|p1a: Dragapult|spa|2
|move|p2a: Goodra|Draco Meteor|p1a: Dragapult|[miss]
|-miss|p2a: Goodra|p1a: Dragapult
|
|-damage|p2a: Goodra|0 fnt|[from] brn
|faint|p2a: Goodra
|upkeep
|
|t:|1779622033
|switch|p2a: Dragonite|Dragonite, F, shiny|100/100
|turn|16
|
|t:|1779622041
|move|p1a: Dragapult|Draco Meteor|p2a: Dragonite
|-supereffective|p2a: Dragonite
|-damage|p2a: Dragonite|73/100
|-unboost|p1a: Dragapult|spa|2
|move|p2a: Dragonite|Dragon Dance|p2a: Dragonite
|-boost|p2a: Dragonite|atk|1
|-boost|p2a: Dragonite|spe|1
|
|-sideend|p1: MrsDelacerna|move: Light Screen
|upkeep
|turn|17
|
|t:|1779622054
|switch|p1a: Scizor|Scizor, F|100/100
|move|p2a: Dragonite|Dragon Dance|p2a: Dragonite
|-boost|p2a: Dragonite|atk|1
|-boost|p2a: Dragonite|spe|1
|
|-sideend|p1: MrsDelacerna|Reflect
|upkeep
|turn|18
|
|t:|1779622070
|move|p1a: Scizor|Bullet Punch|p2a: Dragonite
|-damage|p2a: Dragonite|24/100
|-damage|p1a: Scizor|91/100|[from] item: Life Orb
|move|p2a: Dragonite|Dragon Claw|p1a: Scizor
|-resisted|p1a: Scizor
|-damage|p1a: Scizor|32/100
|-damage|p2a: Dragonite|14/100|[from] item: Life Orb
|
|upkeep
|turn|19
|
|t:|1779622083
|move|p2a: Dragonite|Extreme Speed|p1a: Scizor
|-resisted|p1a: Scizor
|-damage|p1a: Scizor|0 fnt
|faint|p1a: Scizor
|-damage|p2a: Dragonite|4/100|[from] item: Life Orb
|
|upkeep
|
|t:|1779622094
|switch|p1a: Dragapult|Dragapult, M|100/100
|turn|20
|
|t:|1779622107
|move|p2a: Dragonite|Dragon Claw|p1a: Dragapult
|-supereffective|p1a: Dragapult
|-crit|p1a: Dragapult
|-damage|p1a: Dragapult|0 fnt
|faint|p1a: Dragapult
|-damage|p2a: Dragonite|0 fnt|[from] item: Life Orb
|faint|p2a: Dragonite
|
|upkeep
|
|t:|1779622115
|switch|p1a: Kingambit|Kingambit, M|100/100
|switch|p2a: Regidrago|Regidrago, shiny|100/100
|-activate|p1a: Kingambit|ability: Supreme Overlord
|-start|p1a: Kingambit|fallen5|[silent]
|turn|21
|
|t:|1779622124
|move|p2a: Regidrago|Earth Power|p1a: Kingambit
|-supereffective|p1a: Kingambit
|-damage|p1a: Kingambit|48/100
|move|p1a: Kingambit|Swords Dance|p1a: Kingambit
|-boost|p1a: Kingambit|atk|2
|
|upkeep
|turn|22
|
|t:|1779622131
|move|p1a: Kingambit|Sucker Punch|p2a: Regidrago
|-damage|p2a: Regidrago|0 fnt
|faint|p2a: Regidrago
|
|win|MrsDelacerna
|raw|MrsDelacerna's rating: 1321 &rarr; <strong>1339</strong><br />(+18 for winning)
|raw|allstartalon's rating: 1290 &rarr; <strong>1267</strong><br />(-23 for losing)
|l|☆MrsDelacerna
|player|p1|
