|j|☆CatelynTheCatgirl
|j|☆MoncefTheW
|t:|1779636839
|gametype|singles
|player|p1|CatelynTheCatgirl|acetrainerf-gen4dp|1123
|player|p2|MoncefTheW|psychic-gen4|1163
|gen|9
|tier|[Gen 9] OU
|rated|
|rule|HP Percentage Mod: HP is shown in percentages
|rule|Endless Battle Clause: Forcing endless battles is banned
|rule|Species Clause: Limit one of each Pokémon
|rule|OHKO Clause: OHKO moves are banned
|rule|Evasion Items Clause: Evasion items are banned
|rule|Evasion Moves Clause: Evasion moves are banned
|rule|Evasion Abilities Clause: Evasion abilities are banned
|rule|Sleep Moves Clause: Sleep-inducing moves are banned
|clearpoke
|poke|p1|Deoxys-Speed|
|poke|p1|Ceruledge, F|
|poke|p1|Alomomola, M|
|poke|p1|Ogerpon-Wellspring, F|
|poke|p1|Hatterene, F|
|poke|p1|Iron Treads|
|poke|p2|Meowscarada, F|
|poke|p2|Volcanion|
|poke|p2|Scizor, M|
|poke|p2|Mimikyu, M|
|poke|p2|Blissey, F|
|poke|p2|Iron Hands|
|teampreview
|inactive|Battle timer is ON: inactive players will automatically lose when time's up. (requested by MoncefTheW)
|
|t:|1779636845
|teamsize|p1|6
|teamsize|p2|6
|start
|switch|p1a: Deoxys|Deoxys-Speed|100/100
|switch|p2a: paws with claws|Meowscarada, F, shiny|100/100
|-ability|p1a: Deoxys|Pressure
|turn|1
|
|t:|1779636852
|move|p1a: Deoxys|Stealth Rock|p2a: paws with claws
|-sidestart|p2: MoncefTheW|move: Stealth Rock
|move|p2a: paws with claws|U-turn|p1a: Deoxys
|-start|p2a: paws with claws|typechange|Bug|[from] ability: Protean
|-supereffective|p1a: Deoxys
|-enditem|p1a: Deoxys|Focus Sash
|-damage|p1a: Deoxys|1/100
|
|t:|1779636854
|switch|p2a: scissors|Scizor, M|100/100|[from] U-turn
|-damage|p2a: scissors|88/100|[from] Stealth Rock
|
|-heal|p2a: scissors|94/100|[from] item: Leftovers
|upkeep
|turn|2
|
|t:|1779636868
|switch|p1a: Alomomola|Alomomola, M|100/100
|move|p2a: scissors|Swords Dance|p2a: scissors
|-boost|p2a: scissors|atk|2
|
|-heal|p2a: scissors|99/100|[from] item: Leftovers
|upkeep
|turn|3
|
|t:|1779636876
|move|p2a: scissors|Dual Wingbeat|p1a: Alomomola
|-damage|p1a: Alomomola|68/100
|-damage|p2a: scissors|84/100|[from] item: Rocky Helmet|[of] p1a: Alomomola
|-damage|p1a: Alomomola|35/100
|-damage|p2a: scissors|67/100|[from] item: Rocky Helmet|[of] p1a: Alomomola
|-hitcount|p1a: Alomomola|2
|move|p1a: Alomomola|Wish|p1a: Alomomola
|
|-heal|p2a: scissors|73/100|[from] item: Leftovers
|upkeep
|turn|4
|
|t:|1779636891
|switch|p1a: Iron Treads|Iron Treads|100/100
|move|p2a: scissors|Swords Dance|p2a: scissors
|-boost|p2a: scissors|atk|2
|
|-heal|p2a: scissors|80/100|[from] item: Leftovers
|upkeep
|turn|5
|
|t:|1779636901
|-terastallize|p2a: scissors|Flying
|move|p1a: Iron Treads|Protect|p1a: Iron Treads
|-singleturn|p1a: Iron Treads|Protect
|move|p2a: scissors|Knock Off|p1a: Iron Treads
|-activate|p1a: Iron Treads|move: Protect
|
|-heal|p2a: scissors|86/100|[from] item: Leftovers
|upkeep
|turn|6
|
|t:|1779636908
|move|p1a: Iron Treads|Volt Switch|p2a: scissors
|-supereffective|p2a: scissors
|-damage|p2a: scissors|61/100
|
|t:|1779636913
|-end|p1a: Iron Treads|Quark Drive|[silent]
|switch|p1a: Alomomola|Alomomola, M|68/100|[from] Volt Switch
|move|p2a: scissors|Knock Off|p1a: Alomomola
|-damage|p1a: Alomomola|0 fnt
|-damage|p2a: scissors|45/100|[from] item: Rocky Helmet|[of] p1a: Alomomola
|-enditem|p1a: Alomomola|Rocky Helmet|[from] move: Knock Off|[of] p2a: scissors
|faint|p1a: Alomomola
|
|-heal|p2a: scissors|51/100|[from] item: Leftovers
|upkeep
|
|t:|1779636926
|switch|p1a: Ceruledge|Ceruledge, F|100/100
|turn|7
|
|t:|1779636932
|move|p1a: Ceruledge|Poltergeist|p2a: scissors
|-activate|p2a: scissors|move: Poltergeist|Leftovers
|-damage|p2a: scissors|0 fnt
|faint|p2a: scissors
|
|upkeep
|
|t:|1779636938
|switch|p2a: paws with claws|Meowscarada, F, shiny|100/100
|-damage|p2a: paws with claws|88/100|[from] Stealth Rock
|turn|8
|
|t:|1779636943
|switch|p1a: Iron Treads|Iron Treads|100/100
|move|p2a: paws with claws|Triple Axel|p1a: Iron Treads
|-start|p2a: paws with claws|typechange|Ice|[from] ability: Protean
|-damage|p1a: Iron Treads|89/100
|-damage|p1a: Iron Treads|67/100
|-hitcount|p1a: Iron Treads|2
|
|-heal|p1a: Iron Treads|74/100|[from] item: Leftovers
|upkeep
|turn|9
|
|t:|1779636956
|move|p2a: paws with claws|Triple Axel|p1a: Iron Treads
|-damage|p1a: Iron Treads|63/100
|-damage|p1a: Iron Treads|41/100
|-damage|p1a: Iron Treads|10/100
|-hitcount|p1a: Iron Treads|3
|move|p1a: Iron Treads|Volt Switch|p2a: paws with claws
|-damage|p2a: paws with claws|71/100
|
|t:|1779636967
|-end|p1a: Iron Treads|Quark Drive|[silent]
|switch|p1a: Deoxys|Deoxys-Speed|1/100|[from] Volt Switch
|-ability|p1a: Deoxys|Pressure
|
|upkeep
|turn|10
|
|t:|1779636973
|move|p1a: Deoxys|Psycho Boost|p2a: paws with claws
|-damage|p2a: paws with claws|0 fnt
|-unboost|p1a: Deoxys|spa|2
|faint|p2a: paws with claws
|
|upkeep
|
|t:|1779636977
|switch|p2a: pikachu wannabe|Mimikyu, M, shiny|100/100
|-damage|p2a: pikachu wannabe|88/100|[from] Stealth Rock
|turn|11
|
|t:|1779636996
|move|p2a: pikachu wannabe|Shadow Sneak|p1a: Deoxys
|-supereffective|p1a: Deoxys
|-damage|p1a: Deoxys|0 fnt
|faint|p1a: Deoxys
|
|upkeep
|
|t:|1779637000
|switch|p1a: Ceruledge|Ceruledge, F|100/100
|turn|12
|
|t:|1779637016
|move|p2a: pikachu wannabe|Swords Dance|p2a: pikachu wannabe
|-boost|p2a: pikachu wannabe|atk|2
|move|p1a: Ceruledge|Poltergeist|p2a: pikachu wannabe|[miss]
|-miss|p1a: Ceruledge|p2a: pikachu wannabe
|
|upkeep
|turn|13
|
|t:|1779637023
|move|p2a: pikachu wannabe|Shadow Claw|p1a: Ceruledge
|-supereffective|p1a: Ceruledge
|-damage|p1a: Ceruledge|0 fnt
|faint|p1a: Ceruledge
|
|upkeep
|
|t:|1779637028
|switch|p1a: Ogerpon|Ogerpon-Wellspring, F|100/100
|turn|14
|
|t:|1779637033
|move|p1a: Ogerpon|U-turn|p2a: pikachu wannabe
|-activate|p2a: pikachu wannabe|ability: Disguise
|-damage|p2a: pikachu wannabe|88/100
|detailschange|p2a: pikachu wannabe|Mimikyu-Busted, M, shiny
|-damage|p2a: pikachu wannabe|76/100|[from] pokemon: Mimikyu-Busted
|-enditem|p2a: pikachu wannabe|Red Card|[of] p1a: Ogerpon
|drag|p1a: Hatterene|Hatterene, F|100/100
|move|p2a: pikachu wannabe|Shadow Claw|p1a: Hatterene
|-supereffective|p1a: Hatterene
|-damage|p1a: Hatterene|0 fnt
|faint|p1a: Hatterene
|
|upkeep
|
|t:|1779637046
|switch|p1a: Ogerpon|Ogerpon-Wellspring, F|100/100
|turn|15
|
|t:|1779637052
|-terastallize|p1a: Ogerpon|Water
|detailschange|p1a: Ogerpon|Ogerpon-Wellspring-Tera, F, tera:Water
|-ability|p1a: Ogerpon|Embody Aspect (Wellspring)|boost
|-boost|p1a: Ogerpon|spd|1
|move|p2a: pikachu wannabe|Shadow Sneak|p1a: Ogerpon
|-damage|p1a: Ogerpon|55/100
|move|p1a: Ogerpon|Ivy Cudgel|p2a: pikachu wannabe|[anim] Ivy Cudgel Water
|-damage|p2a: pikachu wannabe|0 fnt
|faint|p2a: pikachu wannabe
|
|upkeep
|
|t:|1779637064
|switch|p2a: fat but enduring|Blissey, F|100/100
|-damage|p2a: fat but enduring|88/100|[from] Stealth Rock
|turn|16
|
|t:|1779637072
|move|p1a: Ogerpon|Ivy Cudgel|p2a: fat but enduring|[anim] Ivy Cudgel Water
|-damage|p2a: fat but enduring|10/100
|move|p2a: fat but enduring|Thunder Wave|p1a: Ogerpon
|-status|p1a: Ogerpon|par
|
|-heal|p2a: fat but enduring|16/100|[from] item: Leftovers
|upkeep
|turn|17
|
|t:|1779637080
|move|p1a: Ogerpon|Ivy Cudgel|p2a: fat but enduring|[anim] Ivy Cudgel Water
|-crit|p2a: fat but enduring
|-damage|p2a: fat but enduring|0 fnt
|faint|p2a: fat but enduring
|
|upkeep
|
|t:|1779637088
|switch|p2a: Obsidian|Volcanion|100/100
|-damage|p2a: Obsidian|76/100|[from] Stealth Rock
|turn|18
|
|t:|1779637099
|move|p2a: Obsidian|Earth Power|p1a: Ogerpon
|-damage|p1a: Ogerpon|27/100 par
|move|p1a: Ogerpon|Wood Hammer|p2a: Obsidian
|-damage|p2a: Obsidian|8/100
|-damage|p1a: Ogerpon|4/100 par|[from] Recoil
|
|-heal|p2a: Obsidian|14/100|[from] item: Leftovers
|upkeep
|turn|19
|
|t:|1779637116
|move|p2a: Obsidian|Earth Power|p1a: Ogerpon
|-damage|p1a: Ogerpon|0 fnt
|faint|p1a: Ogerpon
|detailschange|p1: Ogerpon|Ogerpon-Wellspring, F|[silent]
|
|-heal|p2a: Obsidian|20/100|[from] item: Leftovers
|upkeep
|c|☆CatelynTheCatgirl|yea gg I think
|
|t:|1779637125
|switch|p1a: Iron Treads|Iron Treads|10/100
|turn|20
|
|t:|1779637135
|move|p1a: Iron Treads|Protect|p1a: Iron Treads
|-singleturn|p1a: Iron Treads|Protect
|move|p2a: Obsidian|Steam Eruption|p1a: Iron Treads
|-activate|p1a: Iron Treads|move: Protect
|
|-heal|p1a: Iron Treads|16/100|[from] item: Leftovers
|-heal|p2a: Obsidian|26/100|[from] item: Leftovers
|upkeep
|turn|21
|
|t:|1779637143
|move|p1a: Iron Treads|Volt Switch|p2a: Obsidian
|-supereffective|p2a: Obsidian
|-damage|p2a: Obsidian|0 fnt
|faint|p2a: Obsidian
|
|-heal|p1a: Iron Treads|23/100|[from] item: Leftovers
|upkeep
|
|t:|1779637147
|switch|p2a: fat but strong|Iron Hands, shiny|100/100
|-damage|p2a: fat but strong|94/100|[from] Stealth Rock
|-enditem|p2a: fat but strong|Booster Energy
|-activate|p2a: fat but strong|ability: Quark Drive|[fromitem]
|-start|p2a: fat but strong|quarkdriveatk
|turn|22
|
|t:|1779637155
|move|p1a: Iron Treads|Protect|p1a: Iron Treads
|-singleturn|p1a: Iron Treads|Protect
|move|p2a: fat but strong|Drain Punch|p1a: Iron Treads
|-activate|p1a: Iron Treads|move: Protect
|
|-heal|p1a: Iron Treads|29/100|[from] item: Leftovers
|upkeep
|turn|23
|
|t:|1779637162
|move|p1a: Iron Treads|Earthquake|p2a: fat but strong
|-supereffective|p2a: fat but strong
|-damage|p2a: fat but strong|36/100
|move|p2a: fat but strong|Drain Punch|p1a: Iron Treads
|-supereffective|p1a: Iron Treads
|-damage|p1a: Iron Treads|0 fnt
|-heal|p2a: fat but strong|49/100|[from] drain|[of] p1a: Iron Treads
|faint|p1a: Iron Treads
|-end|p1a: Iron Treads|Quark Drive|[silent]
|
|win|MoncefTheW
|raw|CatelynTheCatgirl's rating: 1123 &rarr; <strong>1101</strong><br />(-22 for losing)
|raw|MoncefTheW's rating: 1163 &rarr; <strong>1185</strong><br />(+22 for winning)
