|j|☆FP.//06
|j|☆monday2026
|t:|1779683707
|gametype|singles
|player|p1|FP.//06|lucas|1466
|player|p2|monday2026|2|1580
|gen|9
|tier|[Gen 9] OU
|rated|
|rule|HP Percentage Mod: HP is shown in percentages
|rule|Endless Battle Clause: Forcing endless battles is banned
|rule|Species Clause: Limit one of each Pokémon
|rule|OHKO Clause: OHKO moves are banned
|rule|Evasion Items Clause: Evasion items are banned
|rule|Evasion Moves Clause: Evasion moves are banned
|rule|Evasion Abilities Clause: Evasion abilities are banned
|rule|Sleep Moves Clause: Sleep-inducing moves are banned
|clearpoke
|poke|p1|Landorus-Therian, M|
|poke|p1|Glimmora, F|
|poke|p1|Zamazenta-*|
|poke|p1|Gholdengo|
|poke|p1|Kyurem|
|poke|p1|Kingambit, M|
|poke|p2|Hoopa-Unbound|
|poke|p2|Regidrago|
|poke|p2|Ditto|
|poke|p2|Dondozo, F|
|poke|p2|Tyranitar, M|
|poke|p2|Iron Hands|
|teampreview
|inactive|Battle timer is ON: inactive players will automatically lose when time's up. (requested by FP.//06)
|
|t:|1779683715
|teamsize|p1|6
|teamsize|p2|6
|start
|switch|p1a: Landorus|Landorus-Therian, M|100/100
|switch|p2a: Hoopa|Hoopa-Unbound|100/100
|-ability|p1a: Landorus|Intimidate|boost
|-unboost|p2a: Hoopa|atk|1
|turn|1
|
|t:|1779683728
|-terastallize|p2a: Hoopa|Fighting
|move|p1a: Landorus|Stealth Rock|p2a: Hoopa
|-sidestart|p2: monday2026|move: Stealth Rock
|move|p2a: Hoopa|Focus Blast|p1a: Landorus
|-resisted|p1a: Landorus
|-damage|p1a: Landorus|64/100
|
|upkeep
|turn|2
|j| testingrainteam1
|
|t:|1779683743
|move|p1a: Landorus|Earth Power|p2a: Hoopa
|-damage|p2a: Hoopa|87/100
|move|p2a: Hoopa|Psychic|p1a: Landorus
|-damage|p1a: Landorus|8/100
|-unboost|p1a: Landorus|spd|1
|
|upkeep
|turn|3
|
|t:|1779683751
|move|p1a: Landorus|U-turn|p2a: Hoopa
|-resisted|p2a: Hoopa
|-crit|p2a: Hoopa
|-damage|p2a: Hoopa|63/100
|
|t:|1779683753
|switch|p1a: Glimmora|Glimmora, F|100/100|[from] U-turn
|move|p2a: Hoopa|Psychic|p1a: Glimmora
|-supereffective|p1a: Glimmora
|-damage|p1a: Glimmora|0 fnt
|faint|p1a: Glimmora
|
|upkeep
|
|t:|1779683755
|switch|p1a: Zamazenta|Zamazenta|100/100
|-ability|p1a: Zamazenta|Dauntless Shield|boost
|-boost|p1a: Zamazenta|def|1
|turn|4
|l| testingrainteam1
|
|t:|1779683768
|switch|p2a: Dondozo|Dondozo, F|100/100
|-damage|p2a: Dondozo|88/100|[from] Stealth Rock
|move|p1a: Zamazenta|Body Press|p2a: Dondozo
|-damage|p2a: Dondozo|67/100
|
|upkeep
|turn|5
|
|t:|1779683775
|switch|p1a: Kyurem|Kyurem|100/100
|-ability|p1a: Kyurem|Pressure
|move|p2a: Dondozo|Wave Crash|p1a: Kyurem
|-resisted|p1a: Kyurem
|-damage|p1a: Kyurem|60/100
|-damage|p2a: Dondozo|57/100|[from] Recoil
|
|upkeep
|turn|6
|
|t:|1779683783
|move|p1a: Kyurem|Freeze-Dry|p2a: Dondozo
|-supereffective|p2a: Dondozo
|-damage|p2a: Dondozo|0 fnt
|faint|p2a: Dondozo
|
|upkeep
|
|t:|1779683794
|switch|p2a: Hoopa|Hoopa-Unbound, tera:Fighting|63/100
|-damage|p2a: Hoopa|57/100|[from] Stealth Rock
|turn|7
|
|t:|1779683798
|move|p1a: Kyurem|Icicle Spear|p2a: Hoopa
|-damage|p2a: Hoopa|36/100
|-damage|p2a: Hoopa|15/100
|-damage|p2a: Hoopa|0 fnt
|faint|p2a: Hoopa
|-hitcount|p2: Hoopa|3
|
|upkeep
|
|t:|1779683804
|switch|p2a: Iron Hands|Iron Hands|100/100
|-damage|p2a: Iron Hands|94/100|[from] Stealth Rock
|-enditem|p2a: Iron Hands|Booster Energy
|-activate|p2a: Iron Hands|ability: Quark Drive|[fromitem]
|-start|p2a: Iron Hands|quarkdriveatk
|turn|8
|
|t:|1779683809
|switch|p1a: Landorus|Landorus-Therian, M|8/100
|-ability|p1a: Landorus|Intimidate|boost
|-unboost|p2a: Iron Hands|atk|1
|move|p2a: Iron Hands|Drain Punch|p1a: Landorus
|-resisted|p1a: Landorus
|-damage|p1a: Landorus|0 fnt
|-heal|p2a: Iron Hands|98/100|[from] drain|[of] p1a: Landorus
|-damage|p2a: Iron Hands|81/100|[from] item: Rocky Helmet|[of] p1a: Landorus
|faint|p1a: Landorus
|
|upkeep
|
|t:|1779683811
|switch|p1a: Zamazenta|Zamazenta|100/100
|turn|9
|
|t:|1779683821
|-end|p2a: Iron Hands|Quark Drive|[silent]
|switch|p2a: Ditto|Ditto|100/100
|-damage|p2a: Ditto|88/100|[from] Stealth Rock
|-transform|p2a: Ditto|p1a: Zamazenta|[from] ability: Imposter
|-ability|p2a: Ditto|Dauntless Shield|boost
|-boost|p2a: Ditto|def|1
|move|p1a: Zamazenta|Iron Defense|p1a: Zamazenta
|-boost|p1a: Zamazenta|def|2
|
|upkeep
|turn|10
|
|t:|1779683834
|move|p2a: Ditto|Body Press|p1a: Zamazenta
|-damage|p1a: Zamazenta|79/100
|move|p1a: Zamazenta|Iron Defense|p1a: Zamazenta
|-boost|p1a: Zamazenta|def|2
|
|-heal|p1a: Zamazenta|85/100|[from] item: Leftovers
|upkeep
|turn|11
|
|t:|1779683839
|move|p2a: Ditto|Body Press|p1a: Zamazenta
|-damage|p1a: Zamazenta|70/100
|move|p1a: Zamazenta|Body Press|p2a: Ditto
|-damage|p2a: Ditto|25/100
|
|-heal|p1a: Zamazenta|76/100|[from] item: Leftovers
|upkeep
|turn|12
|
|t:|1779683843
|move|p2a: Ditto|Body Press|p1a: Zamazenta
|-damage|p1a: Zamazenta|63/100
|move|p1a: Zamazenta|Body Press|p2a: Ditto
|-damage|p2a: Ditto|0 fnt
|faint|p2a: Ditto
|
|-heal|p1a: Zamazenta|69/100|[from] item: Leftovers
|upkeep
|
|t:|1779683848
|switch|p2a: Regidrago|Regidrago, shiny|100/100
|-damage|p2a: Regidrago|88/100|[from] Stealth Rock
|turn|13
|
|t:|1779683853
|move|p1a: Zamazenta|Body Press|p2a: Regidrago
|-damage|p2a: Regidrago|0 fnt
|faint|p2a: Regidrago
|
|-heal|p1a: Zamazenta|75/100|[from] item: Leftovers
|upkeep
|
|t:|1779683857
|switch|p2a: Iron Hands|Iron Hands|81/100
|-damage|p2a: Iron Hands|75/100|[from] Stealth Rock
|turn|14
|
|t:|1779683861
|move|p2a: Iron Hands|Fake Out|p1a: Zamazenta
|-damage|p1a: Zamazenta|70/100
|cant|p1a: Zamazenta|flinch
|
|-heal|p1a: Zamazenta|76/100|[from] item: Leftovers
|upkeep
|turn|15
|
|t:|1779683865
|move|p1a: Zamazenta|Body Press|p2a: Iron Hands
|-damage|p2a: Iron Hands|11/100
|move|p2a: Iron Hands|Close Combat|p1a: Zamazenta
|-crit|p1a: Zamazenta
|-damage|p1a: Zamazenta|0 fnt
|-unboost|p2a: Iron Hands|def|1
|-unboost|p2a: Iron Hands|spd|1
|faint|p1a: Zamazenta
|
|upkeep
|
|t:|1779683872
|switch|p1a: Kyurem|Kyurem|60/100
|-ability|p1a: Kyurem|Pressure
|turn|16
|
|t:|1779683877
|-terastallize|p1a: Kyurem|Ghost
|move|p1a: Kyurem|Dragon Dance|p1a: Kyurem
|-boost|p1a: Kyurem|atk|1
|-boost|p1a: Kyurem|spe|1
|move|p2a: Iron Hands|Drain Punch|p1a: Kyurem
|-immune|p1a: Kyurem
|
|upkeep
|turn|17
|
|t:|1779683881
|move|p1a: Kyurem|Icicle Spear|p2a: Iron Hands
|-damage|p2a: Iron Hands|0 fnt
|faint|p2a: Iron Hands
|-end|p2a: Iron Hands|Quark Drive|[silent]
|-hitcount|p2: Iron Hands|1
|
|upkeep
|
|t:|1779683883
|switch|p2a: Tyranitar|Tyranitar, M|100/100
|-damage|p2a: Tyranitar|88/100|[from] Stealth Rock
|-weather|Sandstorm|[from] ability: Sand Stream|[of] p2a: Tyranitar
|turn|18
|
|t:|1779683885
|move|p1a: Kyurem|Icicle Spear|p2a: Tyranitar
|-damage|p2a: Tyranitar|69/100
|-damage|p2a: Tyranitar|52/100
|-damage|p2a: Tyranitar|35/100
|-damage|p2a: Tyranitar|17/100
|-hitcount|p2a: Tyranitar|4
|move|p2a: Tyranitar|Knock Off|p1a: Kyurem
|-supereffective|p1a: Kyurem
|-damage|p1a: Kyurem|0 fnt
|-enditem|p1a: Kyurem|Loaded Dice|[from] move: Knock Off|[of] p2a: Tyranitar
|faint|p1a: Kyurem
|
|-weather|Sandstorm|[upkeep]
|upkeep
|
|t:|1779683891
|switch|p1a: Kingambit|Kingambit, M|100/100
|-activate|p1a: Kingambit|ability: Supreme Overlord
|-start|p1a: Kingambit|fallen4|[silent]
|turn|19
|
|t:|1779683893
|move|p1a: Kingambit|Sucker Punch|p2a: Tyranitar
|-resisted|p2a: Tyranitar
|-damage|p2a: Tyranitar|0 fnt
|faint|p2a: Tyranitar
|
|win|FP.//06
|raw|FP.&#x2f;&#x2f;06's rating: 1466 &rarr; <strong>1492</strong><br />(+26 for winning)
|raw|monday2026's rating: 1580 &rarr; <strong>1554</strong><br />(-26 for losing)
|l|☆FP.//06
|player|p1|
|l|☆monday2026
|player|p2|
