|j|☆Backroolls
|j|☆fyouifyouleave
|t:|1779593159
|gametype|singles
|player|p1|Backroolls|tuberf|1156
|player|p2|fyouifyouleave|102|1114
|gen|9
|tier|[Gen 9] OU
|rated|
|rule|HP Percentage Mod: HP is shown in percentages
|rule|Endless Battle Clause: Forcing endless battles is banned
|rule|Species Clause: Limit one of each Pokémon
|rule|OHKO Clause: OHKO moves are banned
|rule|Evasion Items Clause: Evasion items are banned
|rule|Evasion Moves Clause: Evasion moves are banned
|rule|Evasion Abilities Clause: Evasion abilities are banned
|rule|Sleep Moves Clause: Sleep-inducing moves are banned
|clearpoke
|poke|p1|Manaphy|
|poke|p1|Mew|
|poke|p1|Jirachi|
|poke|p1|Pecharunt|
|poke|p1|Ogerpon-Cornerstone, F|
|poke|p1|Zarude-Dada|
|poke|p2|Altaria, F|
|poke|p2|Empoleon, M|
|poke|p2|Golem, F|
|poke|p2|Drifblim, F|
|poke|p2|Breloom, F|
|poke|p2|Girafarig, M|
|teampreview
|inactive|Battle timer is ON: inactive players will automatically lose when time's up. (requested by fyouifyouleave)
|
|t:|1779593163
|teamsize|p1|6
|teamsize|p2|6
|start
|switch|p1a: Manaphy|Manaphy|100/100
|switch|p2a: Empoleon|Empoleon, M, shiny|100/100
|turn|1
|
|t:|1779593170
|move|p1a: Manaphy|Tail Glow|p1a: Manaphy
|-boost|p1a: Manaphy|spa|3
|move|p2a: Empoleon|Stealth Rock|p1a: Manaphy
|-sidestart|p1: Backroolls|move: Stealth Rock
|
|upkeep
|turn|2
|
|t:|1779593177
|move|p1a: Manaphy|Tail Glow|p1a: Manaphy
|-boost|p1a: Manaphy|spa|3
|move|p2a: Empoleon|Air Slash|p1a: Manaphy
|-damage|p1a: Manaphy|75/100
|
|-heal|p1a: Manaphy|81/100|[from] item: Leftovers
|upkeep
|turn|3
|
|t:|1779593196
|move|p1a: Manaphy|Energy Ball|p2a: Empoleon
|-damage|p2a: Empoleon|3/100
|move|p2a: Empoleon|Air Slash|p1a: Manaphy
|-damage|p1a: Manaphy|54/100
|
|-heal|p1a: Manaphy|60/100|[from] item: Leftovers
|upkeep
|turn|4
|
|t:|1779593214
|move|p1a: Manaphy|Energy Ball|p2a: Empoleon
|-damage|p2a: Empoleon|0 fnt
|faint|p2a: Empoleon
|
|-heal|p1a: Manaphy|66/100|[from] item: Leftovers
|upkeep
|
|t:|1779593217
|switch|p2a: Golem|Golem, F, shiny|100/100
|turn|5
|
|t:|1779593223
|move|p1a: Manaphy|Surf|p2a: Golem
|-supereffective|p2a: Golem
|-ability|p2a: Golem|Sturdy
|-damage|p2a: Golem|1/100
|move|p2a: Golem|Earthquake|p1a: Manaphy
|-damage|p1a: Manaphy|11/100
|
|-heal|p1a: Manaphy|18/100|[from] item: Leftovers
|upkeep
|turn|6
|-enditem|p2a: Golem|Custap Berry|[eat]
|-activate|p2a: Golem|item: Custap Berry|[consumed]
|
|t:|1779593228
|move|p2a: Golem|Earthquake|p1a: Manaphy
|-damage|p1a: Manaphy|0 fnt
|faint|p1a: Manaphy
|
|upkeep
|
|t:|1779593246
|switch|p1a: Ogerpon|Ogerpon-Cornerstone, F|100/100
|-damage|p1a: Ogerpon|88/100|[from] Stealth Rock
|turn|7
|
|t:|1779593254
|move|p1a: Ogerpon|Horn Leech|p2a: Golem
|-supereffective|p2a: Golem
|-damage|p2a: Golem|0 fnt
|-heal|p1a: Ogerpon|89/100|[from] drain|[of] p2a: Golem
|faint|p2a: Golem
|
|upkeep
|
|t:|1779593260
|switch|p2a: Girafarig|Girafarig, M, shiny|100/100
|turn|8
|
|t:|1779593265
|move|p1a: Ogerpon|Horn Leech|p2a: Girafarig
|-ability|p2a: Girafarig|Sap Sipper|boost
|-boost|p2a: Girafarig|atk|1
|move|p2a: Girafarig|Agility|p2a: Girafarig
|-boost|p2a: Girafarig|spe|2
|
|upkeep
|turn|9
|
|t:|1779593270
|move|p2a: Girafarig|Psyshock|p1a: Ogerpon
|-damage|p1a: Ogerpon|44/100
|move|p1a: Ogerpon|Ivy Cudgel|p2a: Girafarig|[anim] Ivy Cudgel Rock
|-damage|p2a: Girafarig|40/100
|
|upkeep
|turn|10
|
|t:|1779593278
|move|p2a: Girafarig|Psyshock|p1a: Ogerpon
|-damage|p1a: Ogerpon|0 fnt
|faint|p1a: Ogerpon
|
|upkeep
|
|t:|1779593282
|switch|p1a: Jirachi|Jirachi|100/100
|-damage|p1a: Jirachi|94/100|[from] Stealth Rock
|turn|11
|
|t:|1779593286
|move|p2a: Girafarig|Calm Mind|p2a: Girafarig
|-boost|p2a: Girafarig|spa|1
|-boost|p2a: Girafarig|spd|1
|move|p1a: Jirachi|Iron Head|p2a: Girafarig
|-damage|p2a: Girafarig|3/100
|
|-heal|p1a: Jirachi|100/100|[from] item: Leftovers
|upkeep
|turn|12
|
|t:|1779593293
|move|p2a: Girafarig|Hyper Voice|p1a: Jirachi
|-resisted|p1a: Jirachi
|-damage|p1a: Jirachi|76/100
|move|p1a: Jirachi|Iron Head|p2a: Girafarig
|-damage|p2a: Girafarig|0 fnt
|faint|p2a: Girafarig
|
|-heal|p1a: Jirachi|82/100|[from] item: Leftovers
|upkeep
|
|t:|1779593297
|switch|p2a: Drifblim|Drifblim, F, shiny|100/100
|turn|13
|
|t:|1779593304
|move|p2a: Drifblim|Tailwind|p2a: Drifblim
|-sidestart|p2: fyouifyouleave|move: Tailwind
|move|p1a: Jirachi|Stealth Rock|p2a: Drifblim
|-sidestart|p2: fyouifyouleave|move: Stealth Rock
|
|-heal|p1a: Jirachi|88/100|[from] item: Leftovers
|-status|p2a: Drifblim|brn|[from] item: Flame Orb
|upkeep
|turn|14
|
|t:|1779593308
|move|p2a: Drifblim|Shadow Ball|p1a: Jirachi
|-supereffective|p1a: Jirachi
|-damage|p1a: Jirachi|0 fnt
|faint|p1a: Jirachi
|
|-damage|p2a: Drifblim|94/100 brn|[from] brn
|upkeep
|
|t:|1779593323
|switch|p1a: Mew|Mew|100/100
|-damage|p1a: Mew|88/100|[from] Stealth Rock
|turn|15
|
|t:|1779593326
|move|p2a: Drifblim|Shadow Ball|p1a: Mew
|-supereffective|p1a: Mew
|-damage|p1a: Mew|33/100
|-enditem|p1a: Mew|Red Card|[of] p2a: Drifblim
|drag|p2a: Altaria|Altaria, F, shiny|100/100
|-damage|p2a: Altaria|76/100|[from] Stealth Rock
|move|p1a: Mew|Ice Beam|p2a: Altaria
|-supereffective|p2a: Altaria
|-damage|p2a: Altaria|25/100
|
|-heal|p2a: Altaria|31/100|[from] item: Leftovers
|upkeep
|turn|16
|
|t:|1779593336
|move|p2a: Altaria|Moonblast|p1a: Mew
|-damage|p1a: Mew|22/100
|move|p1a: Mew|Ice Beam|p2a: Altaria
|-supereffective|p2a: Altaria
|-damage|p2a: Altaria|0 fnt
|faint|p2a: Altaria
|
|-sideend|p2: fyouifyouleave|move: Tailwind
|upkeep
|
|t:|1779593343
|switch|p2a: Drifblim|Drifblim, F, shiny|94/100 brn
|-damage|p2a: Drifblim|69/100 brn|[from] Stealth Rock
|turn|17
|
|t:|1779593346
|-terastallize|p2a: Drifblim|Electric
|move|p2a: Drifblim|Tailwind|p2a: Drifblim
|-sidestart|p2: fyouifyouleave|move: Tailwind
|move|p1a: Mew|Ice Beam|p2a: Drifblim
|-damage|p2a: Drifblim|46/100 brn
|
|-damage|p2a: Drifblim|40/100 brn|[from] brn
|upkeep
|turn|18
|
|t:|1779593353
|move|p2a: Drifblim|Thunderbolt|p1a: Mew
|-damage|p1a: Mew|0 fnt
|faint|p1a: Mew
|
|-damage|p2a: Drifblim|34/100 brn|[from] brn
|upkeep
|
|t:|1779593358
|switch|p1a: Zarude|Zarude-Dada|100/100
|-damage|p1a: Zarude|88/100|[from] Stealth Rock
|turn|19
|
|t:|1779593361
|move|p2a: Drifblim|Air Slash|p1a: Zarude
|-supereffective|p1a: Zarude
|-damage|p1a: Zarude|0 fnt
|faint|p1a: Zarude
|
|-damage|p2a: Drifblim|27/100 brn|[from] brn
|upkeep
|
|t:|1779593366
|switch|p1a: Pecharunt|Pecharunt|100/100
|-damage|p1a: Pecharunt|88/100|[from] Stealth Rock
|-item|p1a: Pecharunt|Air Balloon
|turn|20
|
|t:|1779593371
|move|p2a: Drifblim|Shadow Ball|p1a: Pecharunt
|-supereffective|p1a: Pecharunt
|-damage|p1a: Pecharunt|0 fnt
|-enditem|p1a: Pecharunt|Air Balloon
|faint|p1a: Pecharunt
|
|win|fyouifyouleave
|raw|Backroolls's rating: 1156 &rarr; <strong>1128</strong><br />(-28 for losing)
|raw|fyouifyouleave's rating: 1114 &rarr; <strong>1142</strong><br />(+28 for winning)
|l|☆fyouifyouleave
|player|p2|
|l|☆Backroolls
|player|p1|
