|j|☆mrmonk123
|j|☆Avitross
|t:|1779722673
|gametype|singles
|player|p1|mrmonk123|harlequin|1601
|player|p2|Avitross|265|1574
|gen|9
|tier|[Gen 9] OU
|rated|
|rule|HP Percentage Mod: HP is shown in percentages
|rule|Endless Battle Clause: Forcing endless battles is banned
|rule|Species Clause: Limit one of each Pokémon
|rule|OHKO Clause: OHKO moves are banned
|rule|Evasion Items Clause: Evasion items are banned
|rule|Evasion Moves Clause: Evasion moves are banned
|rule|Evasion Abilities Clause: Evasion abilities are banned
|rule|Sleep Moves Clause: Sleep-inducing moves are banned
|clearpoke
|poke|p1|Slowking-Galar, M|
|poke|p1|Great Tusk|
|poke|p1|Zarude|
|poke|p1|Cinderace, M|
|poke|p1|Skarmory, M|
|poke|p1|Sylveon, F|
|poke|p2|Krookodile, M|
|poke|p2|Ogerpon-Wellspring, F|
|poke|p2|Iron Hands|
|poke|p2|Iron Treads|
|poke|p2|Garganacl, M|
|poke|p2|Dragapult, F|
|teampreview
|inactive|Battle timer is ON: inactive players will automatically lose when time's up. (requested by mrmonk123)
|
|t:|1779722705
|teamsize|p1|6
|teamsize|p2|6
|start
|switch|p1a: Zarude|Zarude|100/100
|switch|p2a: Dragapult|Dragapult, F|100/100
|turn|1
|
|t:|1779722718
|switch|p1a: Sylveon|Sylveon, F|100/100
|move|p2a: Dragapult|Will-O-Wisp|p1a: Sylveon
|-status|p1a: Sylveon|brn
|
|-damage|p1a: Sylveon|94/100 brn|[from] brn
|upkeep
|turn|2
|
|t:|1779722724
|move|p2a: Dragapult|U-turn|p1a: Sylveon
|-resisted|p1a: Sylveon
|-damage|p1a: Sylveon|82/100 brn
|
|t:|1779722754
|switch|p2a: Garganacl|Garganacl, M|100/100|[from] U-turn
|move|p1a: Sylveon|Wish|p1a: Sylveon
|
|-heal|p1a: Sylveon|88/100 brn|[from] item: Leftovers
|-damage|p1a: Sylveon|82/100 brn|[from] brn
|upkeep
|turn|3
|
|t:|1779722762
|switch|p1a: Zarude|Zarude|100/100
|move|p2a: Garganacl|Salt Cure|p1a: Zarude
|-crit|p1a: Zarude
|-damage|p1a: Zarude|82/100
|-start|p1a: Zarude|Salt Cure
|
|-heal|p1a: Zarude|100/100|[from] move: Wish|[wisher] Sylveon
|-damage|p1a: Zarude|88/100|[from] Salt Cure
|upkeep
|turn|4
|j| hattybatty304
|inactive|Avitross has 120 seconds left.
|
|t:|1779722799
|move|p1a: Zarude|Swords Dance|p1a: Zarude
|-boost|p1a: Zarude|atk|2
|move|p2a: Garganacl|Body Press|p1a: Zarude
|-supereffective|p1a: Zarude
|-damage|p1a: Zarude|48/100
|
|-heal|p1a: Zarude|54/100|[from] item: Leftovers
|-damage|p1a: Zarude|42/100|[from] Salt Cure
|upkeep
|turn|5
|inactive|Avitross has 90 seconds left.
|
|t:|1779722825
|switch|p2a: Dragapult|Dragapult, F|100/100
|move|p1a: Zarude|Power Whip|p2a: Dragapult
|-resisted|p2a: Dragapult
|-damage|p2a: Dragapult|27/100
|
|-heal|p1a: Zarude|48/100|[from] item: Leftovers
|-damage|p1a: Zarude|35/100|[from] Salt Cure
|upkeep
|turn|6
|inactive|Avitross has 90 seconds left.
|
|t:|1779722837
|switch|p1a: Sylveon|Sylveon, F|82/100 brn
|move|p2a: Dragapult|U-turn|p1a: Sylveon
|-resisted|p1a: Sylveon
|-damage|p1a: Sylveon|71/100 brn
|inactive|Avitross has 90 seconds left.
|
|t:|1779722849
|switch|p2a: Ogerpon|Ogerpon-Wellspring, F|100/100|[from] U-turn
|
|-heal|p1a: Sylveon|77/100 brn|[from] item: Leftovers
|-damage|p1a: Sylveon|71/100 brn|[from] brn
|upkeep
|turn|7
|inactive|Avitross has 90 seconds left.
|
|t:|1779722855
|switch|p1a: Skarmory|Skarmory, M|100/100
|move|p2a: Ogerpon|Ivy Cudgel|p1a: Skarmory|[anim] Ivy Cudgel Water
|-crit|p1a: Skarmory
|-damage|p1a: Skarmory|52/100
|
|upkeep
|turn|8
|inactive|Avitross has 90 seconds left.
|
|t:|1779722872
|move|p2a: Ogerpon|Ivy Cudgel|p1a: Skarmory|[anim] Ivy Cudgel Water
|-damage|p1a: Skarmory|19/100
|move|p1a: Skarmory|Roost|p1a: Skarmory
|-heal|p1a: Skarmory|69/100
|-singleturn|p1a: Skarmory|move: Roost
|
|upkeep
|turn|9
|inactive|Avitross has 90 seconds left.
|
|t:|1779722878
|move|p2a: Ogerpon|Ivy Cudgel|p1a: Skarmory|[anim] Ivy Cudgel Water
|-damage|p1a: Skarmory|37/100
|move|p1a: Skarmory|Roost|p1a: Skarmory
|-heal|p1a: Skarmory|87/100
|-singleturn|p1a: Skarmory|move: Roost
|
|upkeep
|turn|10
|
|t:|1779722885
|move|p2a: Ogerpon|Ivy Cudgel|p1a: Skarmory|[anim] Ivy Cudgel Water
|-damage|p1a: Skarmory|51/100
|move|p1a: Skarmory|Stealth Rock|p2a: Ogerpon
|-sidestart|p2: Avitross|move: Stealth Rock
|
|upkeep
|turn|11
|
|t:|1779722891
|move|p2a: Ogerpon|Ivy Cudgel|p1a: Skarmory|[anim] Ivy Cudgel Water
|-damage|p1a: Skarmory|15/100
|move|p1a: Skarmory|Roost|p1a: Skarmory
|-heal|p1a: Skarmory|65/100
|-singleturn|p1a: Skarmory|move: Roost
|
|upkeep
|turn|12
|
|t:|1779722895
|move|p2a: Ogerpon|Ivy Cudgel|p1a: Skarmory|[anim] Ivy Cudgel Water
|-damage|p1a: Skarmory|30/100
|move|p1a: Skarmory|Roost|p1a: Skarmory
|-heal|p1a: Skarmory|80/100
|-singleturn|p1a: Skarmory|move: Roost
|
|upkeep
|turn|13
|
|t:|1779722899
|move|p2a: Ogerpon|Ivy Cudgel|p1a: Skarmory|[anim] Ivy Cudgel Water
|-damage|p1a: Skarmory|45/100
|move|p1a: Skarmory|Iron Defense|p1a: Skarmory
|-boost|p1a: Skarmory|def|2
|
|upkeep
|turn|14
|l| hattybatty304
|inactive|Avitross has 120 seconds left.
|
|t:|1779722918
|switch|p2a: Dragapult|Dragapult, F|27/100
|-damage|p2a: Dragapult|14/100|[from] Stealth Rock
|move|p1a: Skarmory|Roost|p1a: Skarmory
|-heal|p1a: Skarmory|95/100
|-singleturn|p1a: Skarmory|move: Roost
|
|upkeep
|turn|15
|inactive|Avitross has 120 seconds left.
|
|t:|1779722936
|switch|p1a: Sylveon|Sylveon, F|71/100 brn
|move|p2a: Dragapult|Hex|p1a: Sylveon
|-damage|p1a: Sylveon|43/100 brn
|
|-heal|p1a: Sylveon|49/100 brn|[from] item: Leftovers
|-damage|p1a: Sylveon|43/100 brn|[from] brn
|upkeep
|turn|16
|
|t:|1779722948
|move|p2a: Dragapult|U-turn|p1a: Sylveon
|-resisted|p1a: Sylveon
|-crit|p1a: Sylveon
|-damage|p1a: Sylveon|25/100 brn
|j| hattybatty304
|
|t:|1779722954
|switch|p2a: Iron Treads|Iron Treads|100/100|[from] U-turn
|move|p1a: Sylveon|Wish|p1a: Sylveon
|
|-heal|p1a: Sylveon|31/100 brn|[from] item: Leftovers
|-damage|p1a: Sylveon|25/100 brn|[from] brn
|upkeep
|turn|17
|j| Disscratch
|
|t:|1779722962
|switch|p1a: Zarude|Zarude|35/100
|move|p2a: Iron Treads|Rapid Spin|p1a: Zarude
|-damage|p1a: Zarude|20/100
|-boost|p2a: Iron Treads|spe|1
|-sideend|p2: Avitross|Stealth Rock|[from] move: Rapid Spin|[of] p2a: Iron Treads
|
|-heal|p1a: Zarude|76/100|[from] move: Wish|[wisher] Sylveon
|-heal|p1a: Zarude|82/100|[from] item: Leftovers
|upkeep
|turn|18
|inactive|Avitross has 120 seconds left.
|
|t:|1779722972
|move|p2a: Iron Treads|Ice Spinner|p1a: Zarude
|-supereffective|p1a: Zarude
|-damage|p1a: Zarude|34/100
|move|p1a: Zarude|Knock Off|p2a: Iron Treads
|-damage|p2a: Iron Treads|57/100
|-enditem|p2a: Iron Treads|Heavy-Duty Boots|[from] move: Knock Off|[of] p1a: Zarude
|
|-heal|p1a: Zarude|40/100|[from] item: Leftovers
|upkeep
|turn|19
|inactive|Avitross has 120 seconds left.
|
|t:|1779722984
|-end|p2a: Iron Treads|Quark Drive|[silent]
|switch|p2a: Iron Hands|Iron Hands|100/100
|-enditem|p2a: Iron Hands|Booster Energy
|-activate|p2a: Iron Hands|ability: Quark Drive|[fromitem]
|-start|p2a: Iron Hands|quarkdriveatk
|switch|p1a: Skarmory|Skarmory, M|95/100
|
|upkeep
|turn|20
|
|t:|1779722993
|move|p1a: Skarmory|Iron Defense|p1a: Skarmory
|-boost|p1a: Skarmory|def|2
|move|p2a: Iron Hands|Close Combat|p1a: Skarmory
|-damage|p1a: Skarmory|68/100
|-unboost|p2a: Iron Hands|def|1
|-unboost|p2a: Iron Hands|spd|1
|-damage|p2a: Iron Hands|84/100|[from] item: Rocky Helmet|[of] p1a: Skarmory
|
|upkeep
|turn|21
|
|t:|1779723003
|move|p1a: Skarmory|Stealth Rock|p2a: Iron Hands
|-sidestart|p2: Avitross|move: Stealth Rock
|move|p2a: Iron Hands|Thunder Punch|p1a: Skarmory
|-supereffective|p1a: Skarmory
|-damage|p1a: Skarmory|34/100
|-damage|p2a: Iron Hands|67/100|[from] item: Rocky Helmet|[of] p1a: Skarmory
|
|upkeep
|turn|22
|
|t:|1779723008
|move|p1a: Skarmory|Body Press|p2a: Iron Hands
|-damage|p2a: Iron Hands|3/100
|move|p2a: Iron Hands|Close Combat|p1a: Skarmory
|-damage|p1a: Skarmory|6/100
|-unboost|p2a: Iron Hands|def|1
|-unboost|p2a: Iron Hands|spd|1
|-damage|p2a: Iron Hands|0 fnt|[from] item: Rocky Helmet|[of] p1a: Skarmory
|faint|p2a: Iron Hands
|-end|p2a: Iron Hands|Quark Drive|[silent]
|
|upkeep
|j| eternity o2
|inactive|Avitross has 120 seconds left.
|
|t:|1779723029
|switch|p2a: Iron Treads|Iron Treads|57/100
|-damage|p2a: Iron Treads|54/100|[from] Stealth Rock
|turn|23
|inactive|Avitross has 120 seconds left.
|
|t:|1779723044
|move|p2a: Iron Treads|Ice Spinner|p1a: Skarmory
|-damage|p1a: Skarmory|0 fnt
|-damage|p2a: Iron Treads|38/100|[from] item: Rocky Helmet|[of] p1a: Skarmory
|faint|p1a: Skarmory
|
|upkeep
|inactive|mrmonk123 has 120 seconds left.
|
|t:|1779723081
|switch|p1a: Great Tusk|Great Tusk|100/100
|-enditem|p1a: Great Tusk|Booster Energy
|-activate|p1a: Great Tusk|ability: Protosynthesis|[fromitem]
|-start|p1a: Great Tusk|protosynthesisspe
|turn|24
|inactive|Avitross has 120 seconds left.
|
|t:|1779723098
|move|p1a: Great Tusk|Bulk Up|p1a: Great Tusk
|-boost|p1a: Great Tusk|atk|1
|-boost|p1a: Great Tusk|def|1
|move|p2a: Iron Treads|Rapid Spin|p1a: Great Tusk
|-damage|p1a: Great Tusk|94/100
|-boost|p2a: Iron Treads|spe|1
|-sideend|p2: Avitross|Stealth Rock|[from] move: Rapid Spin|[of] p2a: Iron Treads
|
|upkeep
|turn|25
|inactive|Avitross has 120 seconds left.
|
|t:|1779723112
|-end|p2a: Iron Treads|Quark Drive|[silent]
|switch|p2a: Ogerpon|Ogerpon-Wellspring, F|100/100
|move|p1a: Great Tusk|Bulk Up|p1a: Great Tusk
|-boost|p1a: Great Tusk|atk|1
|-boost|p1a: Great Tusk|def|1
|
|upkeep
|turn|26
|inactive|Avitross has 120 seconds left.
|
|t:|1779723124
|-terastallize|p1a: Great Tusk|Ice
|move|p1a: Great Tusk|Ice Spinner|p2a: Ogerpon
|-damage|p2a: Ogerpon|5/100
|move|p2a: Ogerpon|Ivy Cudgel|p1a: Great Tusk|[anim] Ivy Cudgel Water
|-crit|p1a: Great Tusk
|-damage|p1a: Great Tusk|36/100
|
|upkeep
|turn|27
|inactive|Avitross has 120 seconds left.
|
|t:|1779723137
|move|p1a: Great Tusk|Rapid Spin|p2a: Ogerpon
|-damage|p2a: Ogerpon|0 fnt
|-boost|p1a: Great Tusk|spe|1
|faint|p2a: Ogerpon
|
|upkeep
|
|t:|1779723147
|switch|p2a: Garganacl|Garganacl, M|100/100
|turn|28
|
|t:|1779723153
|-terastallize|p2a: Garganacl|Fairy
|move|p1a: Great Tusk|Headlong Rush|p2a: Garganacl
|-damage|p2a: Garganacl|27/100
|-unboost|p1a: Great Tusk|def|1
|-unboost|p1a: Great Tusk|spd|1
|move|p2a: Garganacl|Salt Cure|p1a: Great Tusk
|-supereffective|p1a: Great Tusk
|-damage|p1a: Great Tusk|23/100
|-start|p1a: Great Tusk|Salt Cure
|
|-heal|p2a: Garganacl|33/100|[from] item: Leftovers
|-damage|p1a: Great Tusk|10/100|[from] Salt Cure
|upkeep
|turn|29
|inactive|Avitross has 120 seconds left.
|
|t:|1779723175
|move|p1a: Great Tusk|Headlong Rush|p2a: Garganacl
|-damage|p2a: Garganacl|0 fnt
|-unboost|p1a: Great Tusk|def|1
|-unboost|p1a: Great Tusk|spd|1
|faint|p2a: Garganacl
|
|-damage|p1a: Great Tusk|0 fnt|[from] Salt Cure
|faint|p1a: Great Tusk
|-end|p1a: Great Tusk|Protosynthesis|[silent]
|upkeep
|inactive|Avitross has 90 seconds left.
|
|t:|1779723205
|switch|p1a: Zarude|Zarude|40/100
|switch|p2a: Dragapult|Dragapult, F|14/100
|turn|30
|
|t:|1779723210
|switch|p1a: Sylveon|Sylveon, F|25/100 brn
|move|p2a: Dragapult|U-turn|p1a: Sylveon
|-resisted|p1a: Sylveon
|-damage|p1a: Sylveon|13/100 brn
|
|t:|1779723219
|switch|p2a: Iron Treads|Iron Treads|38/100|[from] U-turn
|
|-heal|p1a: Sylveon|19/100 brn|[from] item: Leftovers
|-damage|p1a: Sylveon|13/100 brn|[from] brn
|upkeep
|turn|31
|
|t:|1779723222
|move|p2a: Iron Treads|Rapid Spin|p1a: Sylveon
|-damage|p1a: Sylveon|0 fnt
|-boost|p2a: Iron Treads|spe|1
|faint|p1a: Sylveon
|
|upkeep
|
|t:|1779723229
|switch|p1a: Cinderace|Cinderace, M|100/100
|turn|32
|
|t:|1779723232
|move|p1a: Cinderace|Sucker Punch|p2a: Iron Treads
|-start|p1a: Cinderace|typechange|Dark|[from] ability: Libero
|-damage|p2a: Iron Treads|8/100
|move|p2a: Iron Treads|Earthquake|p1a: Cinderace
|-damage|p1a: Cinderace|32/100
|
|upkeep
|turn|33
|
|t:|1779723240
|move|p1a: Cinderace|Sucker Punch|p2a: Iron Treads
|-damage|p2a: Iron Treads|0 fnt
|faint|p2a: Iron Treads
|-end|p2a: Iron Treads|Quark Drive|[silent]
|
|upkeep
|
|t:|1779723242
|switch|p2a: Mr. Krook|Krookodile, M|100/100
|turn|34
|
|t:|1779723246
|move|p1a: Cinderace|U-turn|p2a: Mr. Krook
|-supereffective|p2a: Mr. Krook
|-damage|p2a: Mr. Krook|43/100
|
|t:|1779723251
|switch|p1a: Zarude|Zarude|40/100|[from] U-turn
|move|p2a: Mr. Krook|Scale Shot|p1a: Zarude
|-damage|p1a: Zarude|33/100
|-damage|p1a: Zarude|24/100
|-damage|p1a: Zarude|16/100
|-damage|p1a: Zarude|8/100
|-damage|p1a: Zarude|1/100
|-hitcount|p1a: Zarude|5
|-unboost|p2a: Mr. Krook|def|1
|-boost|p2a: Mr. Krook|spe|1
|
|-heal|p1a: Zarude|7/100|[from] item: Leftovers
|upkeep
|turn|35
|
|t:|1779723263
|move|p2a: Mr. Krook|Earthquake|p1a: Zarude
|-resisted|p1a: Zarude
|-damage|p1a: Zarude|0 fnt
|faint|p1a: Zarude
|-ability|p2a: Mr. Krook|Moxie|boost
|-boost|p2a: Mr. Krook|atk|1
|
|upkeep
|
|t:|1779723271
|switch|p1a: Cinderace|Cinderace, M|32/100
|turn|36
|j| KangkongNation
|
|t:|1779723274
|move|p1a: Cinderace|Sucker Punch||[still]
|-fail|p1a: Cinderace
|move|p2a: Mr. Krook|Substitute|p2a: Mr. Krook
|-start|p2a: Mr. Krook|Substitute
|-damage|p2a: Mr. Krook|18/100
|
|upkeep
|turn|37
|
|t:|1779723278
|move|p1a: Cinderace|Sucker Punch|p2a: Mr. Krook
|-start|p1a: Cinderace|typechange|Dark|[from] ability: Libero
|-resisted|p2a: Mr. Krook
|-end|p2a: Mr. Krook|Substitute
|move|p2a: Mr. Krook|Earthquake|p1a: Cinderace
|-damage|p1a: Cinderace|0 fnt
|faint|p1a: Cinderace
|-ability|p2a: Mr. Krook|Moxie|boost
|-boost|p2a: Mr. Krook|atk|1
|
|upkeep
|
|t:|1779723285
|switch|p1a: Slowking|Slowking-Galar, M|100/100
|turn|38
|
|t:|1779723287
|move|p2a: Mr. Krook|Knock Off|p1a: Slowking
|-supereffective|p1a: Slowking
|-damage|p1a: Slowking|0 fnt
|-enditem|p1a: Slowking|Heavy-Duty Boots|[from] move: Knock Off|[of] p2a: Mr. Krook
|faint|p1a: Slowking
|
|win|Avitross
|raw|mrmonk123's rating: 1601 &rarr; <strong>1579</strong><br />(-22 for losing)
|raw|Avitross's rating: 1574 &rarr; <strong>1596</strong><br />(+22 for winning)
|l| hattybatty304
|l|☆mrmonk123
|player|p1|
|c|☆Avitross|MR KROOKKKK
|l| Disscratch
|l| KangkongNation
|l|☆Avitross
|player|p2|
|l| eternity o2
|j|☆Avitross
|player|p2|Avitross|265|
