|badge|p1|silver|gen9ou|30-9
|uhtml|medal-msg|<div class="broadcast-blue">Curious what those medals under the avatar are? PS now has Ladder Seasons! For more information, check out the <a href="https://www.smogon.com/forums/threads/3740067/">thread on Smogon.</a></div>
|badge|p2|silver|gen9ou|30-9
|uhtml|medal-msg|<div class="broadcast-blue">Curious what those medals under the avatar are? PS now has Ladder Seasons! For more information, check out the <a href="https://www.smogon.com/forums/threads/3740067/">thread on Smogon.</a></div>
|j|☆RobinaAddMyPalFuwa
|j|☆slitherwing ily
|t:|1779581763
|gametype|singles
|player|p1|RobinaAddMyPalFuwa|skyla|1907
|player|p2|slitherwing ily|iono-masters|1843
|gen|9
|tier|[Gen 9] OU
|rated|
|rule|HP Percentage Mod: HP is shown in percentages
|rule|Endless Battle Clause: Forcing endless battles is banned
|rule|Species Clause: Limit one of each Pokémon
|rule|OHKO Clause: OHKO moves are banned
|rule|Evasion Items Clause: Evasion items are banned
|rule|Evasion Moves Clause: Evasion moves are banned
|rule|Evasion Abilities Clause: Evasion abilities are banned
|rule|Sleep Moves Clause: Sleep-inducing moves are banned
|clearpoke
|poke|p1|Pelipper, L99, F|
|poke|p1|Barraskewda, F|
|poke|p1|Raging Bolt|
|poke|p1|Golduck, F|
|poke|p1|Pawmot, F|
|poke|p1|Tentacruel, F|
|poke|p2|Iron Jugulis|
|poke|p2|Deoxys-Speed|
|poke|p2|Ursaluna, F|
|poke|p2|Ceruledge, F|
|poke|p2|Glimmora, F|
|poke|p2|Iron Valiant|
|teampreview
|c|☆slitherwing ily|hf
|j| NoirSoumission
|inactive|Battle timer is ON: inactive players will automatically lose when time's up. (requested by slitherwing ily)
|
|t:|1779581795
|teamsize|p1|6
|teamsize|p2|6
|start
|switch|p1a: Ghoti carrier|Pelipper, L99, F|100/100
|switch|p2a: Deoxys|Deoxys-Speed|100/100
|-ability|p2a: Deoxys|Pressure
|-weather|RainDance|[from] ability: Drizzle|[of] p1a: Ghoti carrier
|turn|1
|c|☆RobinaAddMyPalFuwa|Same to you
|
|t:|1779581803
|switch|p1a: Spaghetti Too|Tentacruel, F|100/100
|move|p2a: Deoxys|Reflect|p2a: Deoxys
|-sidestart|p2: slitherwing ily|Reflect
|
|-weather|RainDance|[upkeep]
|upkeep
|turn|2
|
|t:|1779581807
|move|p2a: Deoxys|Light Screen|p2a: Deoxys
|-sidestart|p2: slitherwing ily|move: Light Screen
|move|p1a: Spaghetti Too|Flip Turn|p2a: Deoxys
|-damage|p2a: Deoxys|86/100
|
|t:|1779581811
|switch|p1a: Seaking Duck|Golduck, F|100/100|[from] Flip Turn
|
|-weather|RainDance|[upkeep]
|upkeep
|turn|3
|
|t:|1779581818
|move|p1a: Seaking Duck|Nasty Plot|p1a: Seaking Duck
|-boost|p1a: Seaking Duck|spa|2
|move|p2a: Deoxys|Stealth Rock|p1a: Seaking Duck
|-sidestart|p1: RobinaAddMyPalFuwa|move: Stealth Rock
|
|-weather|RainDance|[upkeep]
|upkeep
|turn|4
|j| Inothtunothtino
|
|t:|1779581848
|move|p1a: Seaking Duck|Hydro Pump|p2a: Deoxys
|-damage|p2a: Deoxys|0 fnt
|faint|p2a: Deoxys
|-damage|p1a: Seaking Duck|91/100|[from] item: Life Orb
|
|-weather|RainDance|[upkeep]
|upkeep
|inactive|slitherwing ily has 120 seconds left.
|
|t:|1779581870
|switch|p2a: Ceruledge|Ceruledge, F|100/100
|turn|5
|
|t:|1779581872
|-terastallize|p2a: Ceruledge|Ghost
|move|p1a: Seaking Duck|Hydro Pump|p2a: Ceruledge
|-damage|p2a: Ceruledge|7/100
|-damage|p1a: Seaking Duck|81/100|[from] item: Life Orb
|move|p2a: Ceruledge|Poltergeist|p1a: Seaking Duck
|-activate|p1a: Seaking Duck|move: Poltergeist|Life Orb
|-crit|p1a: Seaking Duck
|-damage|p1a: Seaking Duck|0 fnt
|faint|p1a: Seaking Duck
|
|-weather|RainDance|[upkeep]
|upkeep
|
|t:|1779581879
|switch|p1a: Great Neck|Raging Bolt|100/100
|-damage|p1a: Great Neck|88/100|[from] Stealth Rock
|turn|6
|
|t:|1779581888
|move|p2a: Ceruledge|Shadow Sneak|p1a: Great Neck
|-damage|p1a: Great Neck|58/100
|move|p1a: Great Neck|Weather Ball|p2a: Ceruledge
|-damage|p2a: Ceruledge|0 fnt
|faint|p2a: Ceruledge
|
|-weather|RainDance|[upkeep]
|-heal|p1a: Great Neck|64/100|[from] item: Leftovers
|upkeep
|
|t:|1779581903
|switch|p2a: Iron Valiant|Iron Valiant|100/100
|-enditem|p2a: Iron Valiant|Booster Energy
|-activate|p2a: Iron Valiant|ability: Quark Drive|[fromitem]
|-start|p2a: Iron Valiant|quarkdrivespe
|turn|7
|
|t:|1779581905
|-end|p1a: Great Neck|Protosynthesis|[silent]
|switch|p1a: Spaghetti Too|Tentacruel, F|100/100
|-damage|p1a: Spaghetti Too|88/100|[from] Stealth Rock
|move|p2a: Iron Valiant|Calm Mind|p2a: Iron Valiant
|-boost|p2a: Iron Valiant|spa|1
|-boost|p2a: Iron Valiant|spd|1
|
|-weather|RainDance|[upkeep]
|-heal|p1a: Spaghetti Too|94/100|[from] ability: Rain Dish
|upkeep
|turn|8
|
|t:|1779581908
|move|p2a: Iron Valiant|Thunderbolt|p1a: Spaghetti Too
|-supereffective|p1a: Spaghetti Too
|-damage|p1a: Spaghetti Too|57/100
|move|p1a: Spaghetti Too|Rapid Spin|p2a: Iron Valiant
|-damage|p2a: Iron Valiant|95/100
|-boost|p1a: Spaghetti Too|spe|1
|-sideend|p1: RobinaAddMyPalFuwa|Stealth Rock|[from] move: Rapid Spin|[of] p1a: Spaghetti Too
|
|-weather|none
|-sideend|p2: slitherwing ily|Reflect
|upkeep
|turn|9
|
|t:|1779581910
|move|p2a: Iron Valiant|Thunderbolt|p1a: Spaghetti Too
|-supereffective|p1a: Spaghetti Too
|-damage|p1a: Spaghetti Too|23/100
|move|p1a: Spaghetti Too|Poison Jab|p2a: Iron Valiant
|-supereffective|p2a: Iron Valiant
|-damage|p2a: Iron Valiant|39/100
|
|-sideend|p2: slitherwing ily|move: Light Screen
|upkeep
|turn|10
|
|t:|1779581915
|switch|p1a: Ghoti carrier|Pelipper, L99, F|100/100
|-weather|RainDance|[from] ability: Drizzle|[of] p1a: Ghoti carrier
|move|p2a: Iron Valiant|Thunderbolt|p1a: Ghoti carrier
|-supereffective|p1a: Ghoti carrier
|-damage|p1a: Ghoti carrier|0 fnt
|faint|p1a: Ghoti carrier
|
|-weather|RainDance|[upkeep]
|upkeep
|
|t:|1779581916
|switch|p1a: ExSkewda Me|Barraskewda, F|100/100
|turn|11
|
|t:|1779581922
|move|p1a: ExSkewda Me|Poison Jab|p2a: Iron Valiant
|-supereffective|p2a: Iron Valiant
|-damage|p2a: Iron Valiant|0 fnt
|faint|p2a: Iron Valiant
|-end|p2a: Iron Valiant|Quark Drive|[silent]
|
|-weather|RainDance|[upkeep]
|upkeep
|
|t:|1779581936
|switch|p2a: Iron Jugulis|Iron Jugulis|100/100
|-enditem|p2a: Iron Jugulis|Booster Energy
|-activate|p2a: Iron Jugulis|ability: Quark Drive|[fromitem]
|-start|p2a: Iron Jugulis|quarkdrivespe
|turn|12
|
|t:|1779581956
|move|p1a: ExSkewda Me|Flip Turn|p2a: Iron Jugulis
|-damage|p2a: Iron Jugulis|33/100
|
|t:|1779581957
|switch|p1a: Spaghetti Too|Tentacruel, F|23/100|[from] Flip Turn
|move|p2a: Iron Jugulis|Hurricane|p1a: Spaghetti Too
|-damage|p1a: Spaghetti Too|2/100
|-start|p1a: Spaghetti Too|confusion
|
|-weather|RainDance|[upkeep]
|-heal|p1a: Spaghetti Too|8/100|[from] ability: Rain Dish
|upkeep
|turn|13
|
|t:|1779581962
|move|p2a: Iron Jugulis|Taunt|p1a: Spaghetti Too
|-start|p1a: Spaghetti Too|move: Taunt
|-activate|p1a: Spaghetti Too|confusion
|move|p1a: Spaghetti Too|Flip Turn|p2a: Iron Jugulis
|-damage|p2a: Iron Jugulis|4/100
|
|t:|1779581964
|switch|p1a: ExSkewda Me|Barraskewda, F|100/100|[from] Flip Turn
|
|-weather|RainDance|[upkeep]
|upkeep
|turn|14
|
|t:|1779581966
|move|p1a: ExSkewda Me|Liquidation|p2a: Iron Jugulis
|-damage|p2a: Iron Jugulis|0 fnt
|faint|p2a: Iron Jugulis
|-end|p2a: Iron Jugulis|Quark Drive|[silent]
|
|-weather|RainDance|[upkeep]
|upkeep
|
|t:|1779581970
|switch|p2a: Glimmora|Glimmora, F|100/100
|turn|15
|c|☆slitherwing ily|gg
|
|t:|1779581974
|move|p1a: ExSkewda Me|Flip Turn|p2a: Glimmora
|-supereffective|p2a: Glimmora
|-crit|p2a: Glimmora
|-damage|p2a: Glimmora|0 fnt
|-activate|p2a: Glimmora|ability: Toxic Debris
|-sidestart|p1: RobinaAddMyPalFuwa|move: Toxic Spikes
|faint|p2a: Glimmora
|
|t:|1779581976
|switch|p1a: Spaghetti Too|Tentacruel, F|8/100|[from] Flip Turn
|-sideend|p1: RobinaAddMyPalFuwa|move: Toxic Spikes|[of] p1a: Spaghetti Too
|
|-weather|RainDance|[upkeep]
|-heal|p1a: Spaghetti Too|15/100|[from] ability: Rain Dish
|upkeep
|
|t:|1779581978
|switch|p2a: Ursaluna|Ursaluna, F|100/100
|turn|16
|
|t:|1779581980
|move|p1a: Spaghetti Too|Flip Turn|p2a: Ursaluna
|-supereffective|p2a: Ursaluna
|-damage|p2a: Ursaluna|68/100
|
|t:|1779581984
|switch|p1a: Great Neck|Raging Bolt|64/100|[from] Flip Turn
|move|p2a: Ursaluna|Earthquake|p1a: Great Neck
|-supereffective|p1a: Great Neck
|-damage|p1a: Great Neck|0 fnt
|faint|p1a: Great Neck
|-end|p1a: Great Neck|Protosynthesis|[silent]
|
|-weather|RainDance|[upkeep]
|-status|p2a: Ursaluna|brn|[from] item: Flame Orb
|upkeep
|-message|slitherwing ily forfeited.
|
|win|RobinaAddMyPalFuwa
|raw|RobinaAddMyPalFuwa's rating: 1907 &rarr; <strong>1923</strong><br />(+16 for winning)
|raw|slitherwing ily's rating: 1843 &rarr; <strong>1827</strong><br />(-16 for losing)
|c|☆RobinaAddMyPalFuwa|gg
|l| NoirSoumission
|l|☆slitherwing ily
|player|p2|
