|j|☆komisan777
|j|☆SgtBrick14
|t:|1779604133
|gametype|singles
|player|p1|komisan777|dawn|1422
|player|p2|SgtBrick14|pokemonranger|1397
|gen|9
|tier|[Gen 9] OU
|rated|
|rule|HP Percentage Mod: HP is shown in percentages
|rule|Endless Battle Clause: Forcing endless battles is banned
|rule|Species Clause: Limit one of each Pokémon
|rule|OHKO Clause: OHKO moves are banned
|rule|Evasion Items Clause: Evasion items are banned
|rule|Evasion Moves Clause: Evasion moves are banned
|rule|Evasion Abilities Clause: Evasion abilities are banned
|rule|Sleep Moves Clause: Sleep-inducing moves are banned
|clearpoke
|poke|p1|Araquanid, M|
|poke|p1|Pecharunt|
|poke|p1|Great Tusk|
|poke|p1|Samurott-Hisui, M|
|poke|p1|Enamorus, F|
|poke|p1|Kyurem|
|poke|p2|Hatterene, F|
|poke|p2|Kleavor, M|
|poke|p2|Dragapult, F|
|poke|p2|Gengar, M|
|poke|p2|Muk-Alola, M|
|poke|p2|Torkoal, M|
|teampreview
|
|t:|1779604180
|teamsize|p1|6
|teamsize|p2|6
|start
|switch|p1a: Samurott|Samurott-Hisui, M|100/100
|switch|p2a: Kleavor|Kleavor, M|100/100
|turn|1
|
|t:|1779604188
|switch|p1a: Great Tusk|Great Tusk|100/100
|move|p2a: Kleavor|X-Scissor|p1a: Great Tusk
|-resisted|p1a: Great Tusk
|-damage|p1a: Great Tusk|75/100
|
|upkeep
|turn|2
|
|t:|1779604195
|switch|p2a: Hatterene|Hatterene, F|100/100
|move|p1a: Great Tusk|Headlong Rush|p2a: Hatterene
|-damage|p2a: Hatterene|33/100
|-unboost|p1a: Great Tusk|def|1
|-unboost|p1a: Great Tusk|spd|1
|
|upkeep
|turn|3
|
|t:|1779604201
|move|p1a: Great Tusk|Headlong Rush|p2a: Hatterene
|-damage|p2a: Hatterene|0 fnt
|-unboost|p1a: Great Tusk|def|1
|-unboost|p1a: Great Tusk|spd|1
|faint|p2a: Hatterene
|
|upkeep
|
|t:|1779604205
|switch|p2a: Dragapult|Dragapult, F|100/100
|turn|4
|
|t:|1779604210
|-end|p1a: Great Tusk|Protosynthesis|[silent]
|switch|p1a: Araquanid|Araquanid, M|100/100
|move|p2a: Dragapult|Dragon Dance|p2a: Dragapult
|-boost|p2a: Dragapult|atk|1
|-boost|p2a: Dragapult|spe|1
|
|upkeep
|turn|5
|
|t:|1779604217
|move|p1a: Araquanid|Endure|p1a: Araquanid
|-singleturn|p1a: Araquanid|move: Endure
|move|p2a: Dragapult|Dragon Darts|p1a: Araquanid
|-damage|p1a: Araquanid|61/100
|-anim|p2a: Dragapult|Dragon Darts|p1a: Araquanid
|-damage|p1a: Araquanid|22/100
|
|upkeep
|turn|6
|-enditem|p1a: Araquanid|Custap Berry|[eat]
|-activate|p1a: Araquanid|item: Custap Berry|[consumed]
|
|t:|1779604224
|move|p1a: Araquanid|Endeavor|p2a: Dragapult
|-immune|p2a: Dragapult
|move|p2a: Dragapult|Dragon Darts|p1a: Araquanid
|-damage|p1a: Araquanid|0 fnt
|faint|p1a: Araquanid
|
|upkeep
|
|t:|1779604229
|switch|p1a: Samurott|Samurott-Hisui, M|100/100
|turn|7
|
|t:|1779604246
|-terastallize|p1a: Samurott|Dark
|move|p1a: Samurott|Sucker Punch|p2a: Dragapult
|-supereffective|p2a: Dragapult
|-enditem|p2a: Dragapult|Focus Sash
|-damage|p2a: Dragapult|1/100
|move|p2a: Dragapult|Dragon Darts|p1a: Samurott
|-damage|p1a: Samurott|50/100
|-anim|p2a: Dragapult|Dragon Darts|p1a: Samurott
|-damage|p1a: Samurott|1/100
|
|upkeep
|turn|8
|
|t:|1779604258
|move|p2a: Dragapult|Sucker Punch|p1a: Samurott
|-resisted|p1a: Samurott
|-damage|p1a: Samurott|0 fnt
|faint|p1a: Samurott
|
|upkeep
|
|t:|1779604262
|switch|p1a: Great Tusk|Great Tusk|75/100
|turn|9
|
|t:|1779604265
|move|p2a: Dragapult|Dragon Darts|p1a: Great Tusk
|-damage|p1a: Great Tusk|48/100
|-anim|p2a: Dragapult|Dragon Darts|p1a: Great Tusk
|-damage|p1a: Great Tusk|15/100
|move|p1a: Great Tusk|Ice Spinner|p2a: Dragapult
|-supereffective|p2a: Dragapult
|-damage|p2a: Dragapult|0 fnt
|faint|p2a: Dragapult
|
|upkeep
|
|t:|1779604270
|switch|p2a: Gengar|Gengar, M|100/100
|turn|10
|
|t:|1779604272
|move|p2a: Gengar|Shadow Ball|p1a: Great Tusk
|-damage|p1a: Great Tusk|0 fnt
|faint|p1a: Great Tusk
|-end|p1a: Great Tusk|Protosynthesis|[silent]
|
|upkeep
|
|t:|1779604279
|switch|p1a: Kyurem|Kyurem|100/100
|-ability|p1a: Kyurem|Pressure
|turn|11
|
|t:|1779604290
|move|p2a: Gengar|Sludge Wave|p1a: Kyurem
|-damage|p1a: Kyurem|48/100
|move|p1a: Kyurem|Earth Power|p2a: Gengar
|-supereffective|p2a: Gengar
|-crit|p2a: Gengar
|-enditem|p2a: Gengar|Focus Sash
|-damage|p2a: Gengar|1/100
|
|-heal|p1a: Kyurem|54/100|[from] item: Leftovers
|upkeep
|turn|12
|
|t:|1779604296
|move|p1a: Kyurem|Protect|p1a: Kyurem
|-singleturn|p1a: Kyurem|Protect
|move|p2a: Gengar|Sludge Wave|p1a: Kyurem
|-activate|p1a: Kyurem|move: Protect
|
|-heal|p1a: Kyurem|60/100|[from] item: Leftovers
|upkeep
|turn|13
|
|t:|1779604305
|move|p2a: Gengar|Destiny Bond|p2a: Gengar
|-singlemove|p2a: Gengar|Destiny Bond
|move|p1a: Kyurem|Freeze-Dry|p2a: Gengar
|-damage|p2a: Gengar|0 fnt
|faint|p2a: Gengar
|-activate|p2a: Gengar|move: Destiny Bond
|faint|p1a: Kyurem
|
|upkeep
|
|t:|1779604309
|switch|p2a: Torkoal|Torkoal, M|100/100
|switch|p1a: Enamorus|Enamorus, F|100/100
|-weather|SunnyDay|[from] ability: Drought|[of] p2a: Torkoal
|turn|14
|
|t:|1779604312
|move|p1a: Enamorus|Earth Power|p2a: Torkoal
|-supereffective|p2a: Torkoal
|-damage|p2a: Torkoal|0 fnt
|faint|p2a: Torkoal
|
|-weather|SunnyDay|[upkeep]
|upkeep
|
|t:|1779604315
|switch|p2a: Kleavor|Kleavor, M|100/100
|turn|15
|
|t:|1779604316
|move|p2a: Kleavor|Stone Axe|p1a: Enamorus
|-supereffective|p1a: Enamorus
|-damage|p1a: Enamorus|0 fnt
|-sidestart|p1: komisan777|move: Stealth Rock
|faint|p1a: Enamorus
|
|-weather|SunnyDay|[upkeep]
|upkeep
|
|t:|1779604320
|switch|p1a: Pecharunt|Pecharunt|100/100
|-damage|p1a: Pecharunt|88/100|[from] Stealth Rock
|-item|p1a: Pecharunt|Air Balloon
|turn|16
|
|t:|1779604325
|move|p2a: Kleavor|Stone Axe|p1a: Pecharunt
|-damage|p1a: Pecharunt|57/100
|-enditem|p1a: Pecharunt|Air Balloon
|move|p1a: Pecharunt|Nasty Plot|p1a: Pecharunt
|-boost|p1a: Pecharunt|spa|2
|
|-weather|SunnyDay|[upkeep]
|upkeep
|turn|17
|
|t:|1779604328
|move|p2a: Kleavor|Stone Axe|p1a: Pecharunt
|-damage|p1a: Pecharunt|20/100
|move|p1a: Pecharunt|Recover|p1a: Pecharunt
|-heal|p1a: Pecharunt|70/100
|
|-weather|SunnyDay|[upkeep]
|upkeep
|turn|18
|
|t:|1779604331
|move|p2a: Kleavor|Stone Axe|p1a: Pecharunt
|-damage|p1a: Pecharunt|38/100
|move|p1a: Pecharunt|Malignant Chain|p2a: Kleavor
|-resisted|p2a: Kleavor
|-damage|p2a: Kleavor|47/100
|-status|p2a: Kleavor|tox
|-start|p2a: Kleavor|confusion|[from] ability: Poison Puppeteer|[of] p1a: Pecharunt
|
|-weather|none
|-damage|p2a: Kleavor|41/100 tox|[from] psn
|upkeep
|turn|19
|
|t:|1779604334
|-activate|p2a: Kleavor|confusion
|move|p2a: Kleavor|Stone Axe|p1a: Pecharunt
|-damage|p1a: Pecharunt|2/100
|move|p1a: Pecharunt|Recover|p1a: Pecharunt
|-heal|p1a: Pecharunt|52/100
|
|-damage|p2a: Kleavor|29/100 tox|[from] psn
|upkeep
|turn|20
|
|t:|1779604337
|-end|p2a: Kleavor|confusion
|move|p2a: Kleavor|Stone Axe|p1a: Pecharunt|[miss]
|-miss|p2a: Kleavor|p1a: Pecharunt
|move|p1a: Pecharunt|Recover|p1a: Pecharunt
|-heal|p1a: Pecharunt|100/100
|
|-damage|p2a: Kleavor|11/100 tox|[from] psn
|upkeep
|turn|21
|
|t:|1779604341
|move|p2a: Kleavor|Stone Axe|p1a: Pecharunt
|-damage|p1a: Pecharunt|66/100
|move|p1a: Pecharunt|Nasty Plot|p1a: Pecharunt
|-boost|p1a: Pecharunt|spa|2
|
|-damage|p2a: Kleavor|0 fnt|[from] psn
|faint|p2a: Kleavor
|upkeep
|
|t:|1779604342
|switch|p2a: Muk|Muk-Alola, M|100/100
|turn|22
|
|t:|1779604347
|move|p1a: Pecharunt|Malignant Chain|p2a: Muk
|-resisted|p2a: Muk
|-damage|p2a: Muk|63/100
|move|p2a: Muk|Knock Off|p1a: Pecharunt
|-supereffective|p1a: Pecharunt
|-damage|p1a: Pecharunt|7/100
|
|upkeep
|turn|23
|
|t:|1779604354
|move|p1a: Pecharunt|Malignant Chain|p2a: Muk
|-resisted|p2a: Muk
|-damage|p2a: Muk|22/100
|move|p2a: Muk|Knock Off|p1a: Pecharunt
|-supereffective|p1a: Pecharunt
|-damage|p1a: Pecharunt|0 fnt
|faint|p1a: Pecharunt
|
|win|SgtBrick14
|raw|komisan777's rating: 1422 &rarr; <strong>1401</strong><br />(-21 for losing)
|raw|SgtBrick14's rating: 1397 &rarr; <strong>1418</strong><br />(+21 for winning)
|l|☆komisan777
|player|p1|
|l|☆SgtBrick14
|player|p2|
