|j|☆YumeKasumi76
|j|☆pepelepiu
|t:|1779601210
|gametype|singles
|player|p1|YumeKasumi76|266|1348
|player|p2|pepelepiu|102|1377
|gen|9
|tier|[Gen 9] OU
|rated|
|rule|HP Percentage Mod: HP is shown in percentages
|rule|Endless Battle Clause: Forcing endless battles is banned
|rule|Species Clause: Limit one of each Pokémon
|rule|OHKO Clause: OHKO moves are banned
|rule|Evasion Items Clause: Evasion items are banned
|rule|Evasion Moves Clause: Evasion moves are banned
|rule|Evasion Abilities Clause: Evasion abilities are banned
|rule|Sleep Moves Clause: Sleep-inducing moves are banned
|clearpoke
|poke|p1|Dragapult, M|
|poke|p1|Bisharp, F|
|poke|p1|Glimmora, F|
|poke|p1|Entei|
|poke|p1|Braviary-Hisui, M|
|poke|p1|Cloyster, F|
|poke|p2|Walking Wake|
|poke|p2|Great Tusk|
|poke|p2|Ninetales, F|
|poke|p2|Cresselia, F|
|poke|p2|Zarude|
|poke|p2|Ceruledge, F|
|teampreview
|inactive|Battle timer is ON: inactive players will automatically lose when time's up. (requested by YumeKasumi76)
|
|t:|1779601221
|teamsize|p1|6
|teamsize|p2|6
|start
|switch|p1a: Bellator|Bisharp, F, shiny|100/100
|switch|p2a: Ninetales|Ninetales, F|100/100
|-weather|SunnyDay|[from] ability: Drought|[of] p2a: Ninetales
|turn|1
|
|t:|1779601225
|move|p2a: Ninetales|Will-O-Wisp|p1a: Bellator
|-status|p1a: Bellator|brn
|move|p1a: Bellator|Stealth Rock|p2a: Ninetales
|-sidestart|p2: pepelepiu|move: Stealth Rock
|
|-weather|SunnyDay|[upkeep]
|-damage|p1a: Bellator|94/100 brn|[from] brn
|upkeep
|turn|2
|
|t:|1779601231
|switch|p2a: Great Tusk|Great Tusk|100/100
|-damage|p2a: Great Tusk|97/100|[from] Stealth Rock
|-activate|p2a: Great Tusk|ability: Protosynthesis
|-start|p2a: Great Tusk|protosynthesisatk
|switch|p1a: Hikari|Glimmora, F|100/100
|
|-weather|SunnyDay|[upkeep]
|upkeep
|turn|3
|
|t:|1779601235
|-terastallize|p2a: Great Tusk|Steel
|move|p1a: Hikari|Dazzling Gleam|p2a: Great Tusk
|-resisted|p2a: Great Tusk
|-damage|p2a: Great Tusk|83/100
|move|p2a: Great Tusk|Rapid Spin|p1a: Hikari
|-resisted|p1a: Hikari
|-damage|p1a: Hikari|86/100
|-boost|p2a: Great Tusk|spe|1
|-activate|p1a: Hikari|ability: Toxic Debris
|-sidestart|p2: pepelepiu|move: Toxic Spikes
|-sideend|p2: pepelepiu|Toxic Spikes|[from] move: Rapid Spin|[of] p2a: Great Tusk
|-sideend|p2: pepelepiu|Stealth Rock|[from] move: Rapid Spin|[of] p2a: Great Tusk
|
|-weather|SunnyDay|[upkeep]
|upkeep
|turn|4
|
|t:|1779601243
|switch|p1a: Bellator|Bisharp, F, shiny|94/100 brn
|move|p2a: Great Tusk|Headlong Rush|p1a: Bellator
|-supereffective|p1a: Bellator
|-damage|p1a: Bellator|0 fnt
|-unboost|p2a: Great Tusk|def|1
|-unboost|p2a: Great Tusk|spd|1
|faint|p1a: Bellator
|
|-weather|SunnyDay|[upkeep]
|upkeep
|
|t:|1779601246
|switch|p1a: Shellussy|Cloyster, F|100/100
|turn|5
|
|t:|1779601251
|-end|p2a: Great Tusk|Protosynthesis|[silent]
|switch|p2a: Cresselia|Cresselia, F|100/100
|move|p1a: Shellussy|Hydro Pump|p2a: Cresselia
|-damage|p2a: Cresselia|91/100
|-enditem|p2a: Cresselia|Eject Button
|
|t:|1779601259
|switch|p2a: Walking Wake|Walking Wake|100/100
|-activate|p2a: Walking Wake|ability: Protosynthesis
|-start|p2a: Walking Wake|protosynthesisspe
|
|-weather|SunnyDay|[upkeep]
|upkeep
|turn|6
|
|t:|1779601271
|move|p1a: Shellussy|Spikes|p2a: Walking Wake
|-sidestart|p2: pepelepiu|Spikes
|move|p2a: Walking Wake|Dragon Tail|p1a: Shellussy
|-crit|p1a: Shellussy
|-damage|p1a: Shellussy|81/100
|drag|p1a: Sovereign|Entei|100/100
|
|-weather|SunnyDay|[upkeep]
|upkeep
|turn|7
|
|t:|1779601278
|move|p1a: Sovereign|Extreme Speed|p2a: Walking Wake
|-damage|p2a: Walking Wake|68/100
|move|p2a: Walking Wake|Hydro Steam|p1a: Sovereign
|-supereffective|p1a: Sovereign
|-damage|p1a: Sovereign|0 fnt
|faint|p1a: Sovereign
|
|-weather|SunnyDay|[upkeep]
|upkeep
|
|t:|1779601290
|switch|p1a: Railgun|Dragapult, M|100/100
|turn|8
|
|t:|1779601297
|move|p2a: Walking Wake|Draco Meteor|p1a: Railgun|[miss]
|-miss|p2a: Walking Wake|p1a: Railgun
|move|p1a: Railgun|Light Screen|p1a: Railgun
|-sidestart|p1: YumeKasumi76|move: Light Screen
|
|-weather|none
|-end|p2a: Walking Wake|Protosynthesis
|upkeep
|turn|9
|
|t:|1779601304
|-end|p2a: Walking Wake|Protosynthesis|[silent]
|switch|p2a: Cresselia|Cresselia, F|91/100
|move|p1a: Railgun|Dragon Darts|p2a: Cresselia
|-damage|p2a: Cresselia|79/100
|-anim|p1a: Railgun|Dragon Darts|p2a: Cresselia
|-damage|p2a: Cresselia|66/100
|
|upkeep
|turn|10
|
|t:|1779601309
|switch|p1a: Hikari|Glimmora, F|86/100
|move|p2a: Cresselia|Thunder Wave|p1a: Hikari
|-status|p1a: Hikari|par
|
|upkeep
|turn|11
|
|t:|1779601315
|switch|p2a: Ninetales|Ninetales, F|100/100
|-damage|p2a: Ninetales|88/100|[from] Spikes
|-weather|SunnyDay|[from] ability: Drought|[of] p2a: Ninetales
|move|p1a: Hikari|Meteor Beam||[still]
|-prepare|p1a: Hikari|Meteor Beam
|-boost|p1a: Hikari|spa|1
|-enditem|p1a: Hikari|Power Herb
|-anim|p1a: Hikari|Meteor Beam|p2a: Ninetales
|-supereffective|p2a: Ninetales
|-damage|p2a: Ninetales|0 fnt
|faint|p2a: Ninetales
|
|-weather|SunnyDay|[upkeep]
|upkeep
|
|t:|1779601319
|switch|p2a: Great Tusk|Great Tusk, tera:Steel|83/100
|-damage|p2a: Great Tusk|70/100|[from] Spikes
|-activate|p2a: Great Tusk|ability: Protosynthesis
|-start|p2a: Great Tusk|protosynthesisatk
|turn|12
|
|t:|1779601322
|move|p2a: Great Tusk|Headlong Rush|p1a: Hikari
|-supereffective|p1a: Hikari
|-damage|p1a: Hikari|0 fnt
|-unboost|p2a: Great Tusk|def|1
|-unboost|p2a: Great Tusk|spd|1
|-activate|p1a: Hikari|ability: Toxic Debris
|-sidestart|p2: pepelepiu|move: Toxic Spikes
|faint|p1a: Hikari
|
|-weather|SunnyDay|[upkeep]
|upkeep
|
|t:|1779601328
|switch|p1a: Mentalist|Braviary-Hisui, M|100/100
|turn|13
|
|t:|1779601330
|move|p2a: Great Tusk|Rapid Spin|p1a: Mentalist
|-damage|p1a: Mentalist|71/100
|-boost|p2a: Great Tusk|spe|1
|-sideend|p2: pepelepiu|Spikes|[from] move: Rapid Spin|[of] p2a: Great Tusk
|-sideend|p2: pepelepiu|Toxic Spikes|[from] move: Rapid Spin|[of] p2a: Great Tusk
|move|p1a: Mentalist|Esper Wing|p2a: Great Tusk
|-resisted|p2a: Great Tusk
|-crit|p2a: Great Tusk
|-damage|p2a: Great Tusk|0 fnt
|-boost|p1a: Mentalist|spe|1
|faint|p2a: Great Tusk
|-end|p2a: Great Tusk|Protosynthesis|[silent]
|
|-weather|SunnyDay|[upkeep]
|upkeep
|
|t:|1779601336
|switch|p2a: Walking Wake|Walking Wake|68/100
|-activate|p2a: Walking Wake|ability: Protosynthesis
|-start|p2a: Walking Wake|protosynthesisspe
|turn|14
|
|t:|1779601340
|move|p1a: Mentalist|Esper Wing|p2a: Walking Wake
|-crit|p2a: Walking Wake
|-damage|p2a: Walking Wake|0 fnt
|-boost|p1a: Mentalist|spe|1
|faint|p2a: Walking Wake
|-end|p2a: Walking Wake|Protosynthesis|[silent]
|
|-weather|SunnyDay|[upkeep]
|upkeep
|
|t:|1779601344
|switch|p2a: Ceruledge|Ceruledge, F|100/100
|turn|15
|
|t:|1779601347
|move|p1a: Mentalist|Esper Wing|p2a: Ceruledge
|-crit|p2a: Ceruledge
|-damage|p2a: Ceruledge|32/100
|-boost|p1a: Mentalist|spe|1
|move|p2a: Ceruledge|Poltergeist|p1a: Mentalist
|-activate|p1a: Mentalist|move: Poltergeist|Weakness Policy
|-supereffective|p1a: Mentalist
|-crit|p1a: Mentalist
|-damage|p1a: Mentalist|0 fnt
|faint|p1a: Mentalist
|
|-weather|SunnyDay|[upkeep]
|-sideend|p1: YumeKasumi76|move: Light Screen
|upkeep
|
|t:|1779601353
|switch|p1a: Shellussy|Cloyster, F|81/100
|turn|16
|
|t:|1779601356
|move|p2a: Ceruledge|Close Combat|p1a: Shellussy
|-supereffective|p1a: Shellussy
|-damage|p1a: Shellussy|12/100
|-unboost|p2a: Ceruledge|def|1
|-unboost|p2a: Ceruledge|spd|1
|move|p1a: Shellussy|Icicle Spear|p2a: Ceruledge
|-resisted|p2a: Ceruledge
|-damage|p2a: Ceruledge|20/100
|-ability|p2a: Ceruledge|Weak Armor|boost
|-unboost|p2a: Ceruledge|def|1
|-boost|p2a: Ceruledge|spe|2
|-resisted|p2a: Ceruledge
|-damage|p2a: Ceruledge|3/100
|-ability|p2a: Ceruledge|Weak Armor|boost
|-unboost|p2a: Ceruledge|def|1
|-boost|p2a: Ceruledge|spe|2
|-resisted|p2a: Ceruledge
|-damage|p2a: Ceruledge|0 fnt
|faint|p2a: Ceruledge
|-hitcount|p2: Ceruledge|3
|
|-weather|SunnyDay|[upkeep]
|upkeep
|
|t:|1779601364
|switch|p2a: Cresselia|Cresselia, F|66/100
|turn|17
|
|t:|1779601379
|move|p1a: Shellussy|Shell Smash|p1a: Shellussy
|-unboost|p1a: Shellussy|def|1
|-unboost|p1a: Shellussy|spd|1
|-boost|p1a: Shellussy|atk|2
|-boost|p1a: Shellussy|spa|2
|-boost|p1a: Shellussy|spe|2
|-enditem|p1a: Shellussy|White Herb
|-clearnegativeboost|p1a: Shellussy|[silent]
|move|p2a: Cresselia|Psychic|p1a: Shellussy
|-damage|p1a: Shellussy|0 fnt
|faint|p1a: Shellussy
|
|-weather|SunnyDay|[upkeep]
|upkeep
|
|t:|1779601380
|switch|p1a: Railgun|Dragapult, M|100/100
|turn|18
|
|t:|1779601382
|move|p1a: Railgun|Curse|p2a: Cresselia
|-start|p2a: Cresselia|Curse|[of] p1a: Railgun
|-damage|p1a: Railgun|50/100
|move|p2a: Cresselia|Thunder Wave|p1a: Railgun
|-status|p1a: Railgun|par
|
|-weather|none
|-damage|p2a: Cresselia|41/100|[from] Curse
|upkeep
|turn|19
|
|t:|1779601387
|move|p2a: Cresselia|Lunar Dance|p2a: Cresselia
|faint|p2a: Cresselia
|move|p1a: Railgun|Reflect|p1a: Railgun
|-sidestart|p1: YumeKasumi76|Reflect
|
|upkeep
|
|t:|1779601389
|switch|p2a: Zarude|Zarude|100/100
|turn|20
|
|t:|1779601393
|-terastallize|p1a: Railgun|Dragon
|move|p2a: Zarude|Knock Off|p1a: Railgun
|-damage|p1a: Railgun|21/100 par
|-enditem|p1a: Railgun|Light Clay|[from] move: Knock Off|[of] p2a: Zarude
|cant|p1a: Railgun|par
|
|upkeep
|turn|21
|-message|YumeKasumi76 forfeited.
|
|win|pepelepiu
|raw|YumeKasumi76's rating: 1348 &rarr; <strong>1330</strong><br />(-18 for losing)
|raw|pepelepiu's rating: 1377 &rarr; <strong>1395</strong><br />(+18 for winning)
|l|☆YumeKasumi76
|player|p1|
|l|☆pepelepiu
|player|p2|
