|j|☆ChudleyDw1irks67
|j|☆Takao21
|t:|1779700765
|gametype|singles
|player|p1|ChudleyDw1irks67|pokefan-gen4|1150
|player|p2|Takao21|102|1187
|gen|9
|tier|[Gen 9] OU
|rated|
|rule|HP Percentage Mod: HP is shown in percentages
|rule|Endless Battle Clause: Forcing endless battles is banned
|rule|Species Clause: Limit one of each Pokémon
|rule|OHKO Clause: OHKO moves are banned
|rule|Evasion Items Clause: Evasion items are banned
|rule|Evasion Moves Clause: Evasion moves are banned
|rule|Evasion Abilities Clause: Evasion abilities are banned
|rule|Sleep Moves Clause: Sleep-inducing moves are banned
|clearpoke
|poke|p1|Exeggutor-Alola, M|
|poke|p1|Slowking-Galar, F|
|poke|p1|Torkoal, M|
|poke|p1|Ursaluna, M|
|poke|p1|Hatterene, F|
|poke|p1|Great Tusk|
|poke|p2|Lapras, M|
|poke|p2|Gliscor, F|
|poke|p2|Clefable, F|
|poke|p2|Blaziken, F|
|poke|p2|Manaphy|
|poke|p2|Toxapex, F|
|teampreview
|
|t:|1779700783
|teamsize|p1|6
|teamsize|p2|6
|start
|switch|p1a: Ursaluna|Ursaluna, M|100/100
|switch|p2a: Lapras|Lapras, M|100/100
|turn|1
|
|t:|1779700795
|move|p2a: Lapras|Whirlpool|p1a: Ursaluna
|-supereffective|p1a: Ursaluna
|-damage|p1a: Ursaluna|84/100
|-activate|p1a: Ursaluna|move: Whirlpool|[of] p2a: Lapras
|move|p1a: Ursaluna|Headlong Rush|p2a: Lapras
|-damage|p2a: Lapras|52/100
|-unboost|p1a: Ursaluna|def|1
|-unboost|p1a: Ursaluna|spd|1
|
|-heal|p2a: Lapras|59/100|[from] item: Leftovers
|-damage|p1a: Ursaluna|71/100|[from] move: Whirlpool|[partiallytrapped]
|-status|p1a: Ursaluna|brn|[from] item: Flame Orb
|upkeep
|turn|2
|
|t:|1779700814
|move|p2a: Lapras|Perish Song|p2a: Lapras
|-start|p1a: Ursaluna|perish3|[silent]
|-start|p2a: Lapras|perish3|[silent]
|-fieldactivate|move: Perish Song
|move|p1a: Ursaluna|Facade|p2a: Lapras
|-damage|p2a: Lapras|0 fnt
|faint|p2a: Lapras
|
|-damage|p1a: Ursaluna|65/100 brn|[from] brn
|-end|p1a: Ursaluna|Whirlpool|[partiallytrapped]|[silent]
|-start|p1a: Ursaluna|perish3
|upkeep
|
|t:|1779700829
|switch|p2a: Blaziken|Blaziken, F|100/100
|turn|3
|
|t:|1779700836
|move|p2a: Blaziken|Protect|p2a: Blaziken
|-singleturn|p2a: Blaziken|Protect
|move|p1a: Ursaluna|Headlong Rush|p2a: Blaziken
|-activate|p2a: Blaziken|move: Protect
|
|-damage|p1a: Ursaluna|59/100 brn|[from] brn
|-start|p1a: Ursaluna|perish2
|-ability|p2a: Blaziken|Speed Boost|boost
|-boost|p2a: Blaziken|spe|1
|upkeep
|turn|4
|
|t:|1779700846
|move|p2a: Blaziken|Swords Dance|p2a: Blaziken
|-boost|p2a: Blaziken|atk|2
|move|p1a: Ursaluna|Headlong Rush|p2a: Blaziken
|-supereffective|p2a: Blaziken
|-enditem|p2a: Blaziken|Focus Sash
|-damage|p2a: Blaziken|1/100
|-unboost|p1a: Ursaluna|def|1
|-unboost|p1a: Ursaluna|spd|1
|
|-damage|p1a: Ursaluna|52/100 brn|[from] brn
|-start|p1a: Ursaluna|perish1
|-ability|p2a: Blaziken|Speed Boost|boost
|-boost|p2a: Blaziken|spe|1
|upkeep
|turn|5
|
|t:|1779700859
|switch|p1a: Hatterene|Hatterene, F|100/100
|move|p2a: Blaziken|Protect||[still]
|-fail|p2a: Blaziken
|
|-ability|p2a: Blaziken|Speed Boost|boost
|-boost|p2a: Blaziken|spe|1
|upkeep
|turn|6
|
|t:|1779700869
|move|p2a: Blaziken|Fire Punch|p1a: Hatterene
|-damage|p1a: Hatterene|10/100
|move|p1a: Hatterene|Draining Kiss|p2a: Blaziken
|-damage|p2a: Blaziken|0 fnt
|-heal|p1a: Hatterene|10/100|[from] drain|[of] p2a: Blaziken
|faint|p2a: Blaziken
|
|-heal|p1a: Hatterene|16/100|[from] item: Leftovers
|upkeep
|
|t:|1779700879
|switch|p2a: Manaphy|Manaphy|100/100
|turn|7
|
|t:|1779700888
|move|p2a: Manaphy|Tail Glow|p2a: Manaphy
|-boost|p2a: Manaphy|spa|3
|move|p1a: Hatterene|Healing Wish|p1a: Hatterene
|faint|p1a: Hatterene
|
|upkeep
|
|t:|1779700891
|switch|p1a: Ursaluna|Ursaluna, M|52/100 brn
|-heal|p1a: Ursaluna|100/100|[from] move: Healing Wish
|turn|8
|
|t:|1779700904
|-terastallize|p2a: Manaphy|Grass
|move|p2a: Manaphy|Surf|p1a: Ursaluna
|-supereffective|p1a: Ursaluna
|-damage|p1a: Ursaluna|0 fnt
|faint|p1a: Ursaluna
|
|upkeep
|
|t:|1779700908
|switch|p1a: Exeggutor|Exeggutor-Alola, M|100/100
|turn|9
|
|t:|1779700916
|move|p2a: Manaphy|Ice Beam|p1a: Exeggutor
|-supereffective|p1a: Exeggutor
|-crit|p1a: Exeggutor
|-damage|p1a: Exeggutor|0 fnt
|faint|p1a: Exeggutor
|
|upkeep
|-message|ChudleyDw1irks67 forfeited.
|
|win|Takao21
|raw|ChudleyDw1irks67's rating: 1150 &rarr; <strong>1128</strong><br />(-22 for losing)
|raw|Takao21's rating: 1187 &rarr; <strong>1209</strong><br />(+22 for winning)
|l|☆ChudleyDw1irks67
|player|p1|
|l|☆Takao21
|player|p2|
