|j|☆Apprentice Dogwood
|j|☆betterteams123
|t:|1779567030
|gametype|singles
|player|p1|Apprentice Dogwood|ruinmaniac|1187
|player|p2|betterteams123|lucas|1239
|gen|9
|tier|[Gen 9] OU
|rated|
|rule|HP Percentage Mod: HP is shown in percentages
|rule|Endless Battle Clause: Forcing endless battles is banned
|rule|Species Clause: Limit one of each Pokémon
|rule|OHKO Clause: OHKO moves are banned
|rule|Evasion Items Clause: Evasion items are banned
|rule|Evasion Moves Clause: Evasion moves are banned
|rule|Evasion Abilities Clause: Evasion abilities are banned
|rule|Sleep Moves Clause: Sleep-inducing moves are banned
|clearpoke
|poke|p1|Camerupt, F|
|poke|p1|Whimsicott, M|
|poke|p1|Hariyama, M|
|poke|p1|Vespiquen, F|
|poke|p1|Scizor, F|
|poke|p1|Goodra, F|
|poke|p2|Ditto|
|poke|p2|Kingambit, F|
|poke|p2|Corviknight, M|
|poke|p2|Blissey, F|
|poke|p2|Alomomola, M|
|poke|p2|Gliscor, F|
|teampreview
|inactive|Battle timer is ON: inactive players will automatically lose when time's up. (requested by Apprentice Dogwood)
|
|t:|1779567051
|teamsize|p1|6
|teamsize|p2|6
|start
|switch|p1a: Whimsicott|Whimsicott, M|100/100
|switch|p2a: Gliscor|Gliscor, F|100/100
|turn|1
|
|t:|1779567057
|move|p2a: Gliscor|Protect|p2a: Gliscor
|-singleturn|p2a: Gliscor|Protect
|move|p1a: Whimsicott|U-turn|p2a: Gliscor
|-activate|p2a: Gliscor|move: Protect
|
|-status|p2a: Gliscor|tox|[from] item: Toxic Orb
|upkeep
|turn|2
|
|t:|1779567062
|move|p1a: Whimsicott|Encore|p2a: Gliscor
|-start|p2a: Gliscor|Encore
|move|p2a: Gliscor|Protect||[still]
|-fail|p2a: Gliscor
|
|upkeep
|turn|3
|
|t:|1779567086
|switch|p1a: Goodra|Goodra, F, shiny|100/100
|switch|p2a: Corviknight|Corviknight, M|100/100
|-ability|p2a: Corviknight|Pressure
|
|upkeep
|turn|4
|
|t:|1779567092
|switch|p2a: Blissey|Blissey, F|100/100
|move|p1a: Goodra|Flamethrower|p2a: Blissey
|-damage|p2a: Blissey|91/100
|
|upkeep
|turn|5
|
|t:|1779567098
|switch|p1a: Scizor|Scizor, F|100/100
|move|p2a: Blissey|Seismic Toss|p1a: Scizor
|-damage|p1a: Scizor|71/100
|
|upkeep
|turn|6
|
|t:|1779567103
|switch|p2a: Corviknight|Corviknight, M|100/100
|-ability|p2a: Corviknight|Pressure
|move|p1a: Scizor|Knock Off|p2a: Corviknight
|-damage|p2a: Corviknight|71/100
|-enditem|p2a: Corviknight|Leftovers|[from] move: Knock Off|[of] p1a: Scizor
|-damage|p1a: Scizor|61/100|[from] item: Life Orb
|
|upkeep
|turn|7
|
|t:|1779567106
|move|p2a: Corviknight|Brave Bird|p1a: Scizor
|-damage|p1a: Scizor|26/100
|-damage|p2a: Corviknight|61/100|[from] Recoil
|move|p1a: Scizor|U-turn|p2a: Corviknight
|-resisted|p2a: Corviknight
|-damage|p2a: Corviknight|53/100
|-damage|p1a: Scizor|17/100|[from] item: Life Orb
|
|t:|1779567124
|switch|p1a: Camerupt|Camerupt, F|100/100|[from] U-turn
|
|upkeep
|turn|8
|
|t:|1779567130
|switch|p2a: Blissey|Blissey, F|91/100
|move|p1a: Camerupt|Eruption|p2a: Blissey
|-damage|p2a: Blissey|69/100
|
|upkeep
|turn|9
|
|t:|1779567139
|move|p2a: Blissey|Soft-Boiled|p2a: Blissey
|-heal|p2a: Blissey|100/100
|move|p1a: Camerupt|Smack Down|p2a: Blissey
|-damage|p2a: Blissey|88/100
|
|upkeep
|turn|10
|
|t:|1779567144
|switch|p1a: Hariyama|Hariyama, M|100/100
|move|p2a: Blissey|Seismic Toss|p1a: Hariyama
|-damage|p1a: Hariyama|80/100
|
|upkeep
|turn|11
|
|t:|1779567150
|switch|p2a: Corviknight|Corviknight, M|53/100
|-ability|p2a: Corviknight|Pressure
|move|p1a: Hariyama|Throat Chop|p2a: Corviknight
|-damage|p2a: Corviknight|22/100
|
|upkeep
|turn|12
|
|t:|1779567158
|switch|p1a: Scizor|Scizor, F|17/100
|move|p2a: Corviknight|Roost|p2a: Corviknight
|-heal|p2a: Corviknight|72/100
|-singleturn|p2a: Corviknight|move: Roost
|
|upkeep
|turn|13
|
|t:|1779567162
|move|p1a: Scizor|Bullet Punch|p2a: Corviknight
|-resisted|p2a: Corviknight
|-damage|p2a: Corviknight|59/100
|-damage|p1a: Scizor|7/100|[from] item: Life Orb
|move|p2a: Corviknight|Roost|p2a: Corviknight
|-heal|p2a: Corviknight|100/100
|-singleturn|p2a: Corviknight|move: Roost
|
|upkeep
|turn|14
|
|t:|1779567168
|move|p2a: Corviknight|Iron Defense|p2a: Corviknight
|-boost|p2a: Corviknight|def|2
|move|p1a: Scizor|U-turn|p2a: Corviknight
|-resisted|p2a: Corviknight
|-damage|p2a: Corviknight|96/100
|-damage|p1a: Scizor|0 fnt|[from] item: Life Orb
|faint|p1a: Scizor
|
|upkeep
|
|t:|1779567175
|switch|p1a: Whimsicott|Whimsicott, M|100/100
|turn|15
|
|t:|1779567181
|move|p1a: Whimsicott|Encore|p2a: Corviknight
|-start|p2a: Corviknight|Encore
|move|p2a: Corviknight|Iron Defense|p2a: Corviknight
|-boost|p2a: Corviknight|def|2
|
|upkeep
|turn|16
|
|t:|1779567184
|move|p2a: Corviknight|Iron Defense|p2a: Corviknight
|-boost|p2a: Corviknight|def|2
|move|p1a: Whimsicott|Trick Room|p1a: Whimsicott
|-fieldstart|move: Trick Room|[of] p1a: Whimsicott
|
|upkeep
|turn|17
|
|t:|1779567187
|move|p2a: Corviknight|Iron Defense|p2a: Corviknight
|-boost|p2a: Corviknight|def|0
|move|p1a: Whimsicott|U-turn|p2a: Corviknight
|-resisted|p2a: Corviknight
|-damage|p2a: Corviknight|96/100
|
|t:|1779567189
|switch|p1a: Camerupt|Camerupt, F|100/100|[from] U-turn
|
|-end|p2a: Corviknight|Encore
|upkeep
|turn|18
|
|t:|1779567194
|switch|p2a: Blissey|Blissey, F|88/100
|move|p1a: Camerupt|Eruption|p2a: Blissey
|-damage|p2a: Blissey|67/100
|
|upkeep
|turn|19
|
|t:|1779567199
|switch|p1a: Vespiquen|Vespiquen, F|100/100
|-ability|p1a: Vespiquen|Pressure
|move|p2a: Blissey|Seismic Toss|p1a: Vespiquen
|-damage|p1a: Vespiquen|71/100
|
|upkeep
|turn|20
|
|t:|1779567216
|move|p1a: Vespiquen|Reversal|p2a: Blissey
|-supereffective|p2a: Blissey
|-damage|p2a: Blissey|59/100
|move|p2a: Blissey|Soft-Boiled|p2a: Blissey
|-heal|p2a: Blissey|100/100
|
|-fieldend|move: Trick Room
|upkeep
|turn|21
|
|t:|1779567222
|move|p2a: Blissey|Seismic Toss|p1a: Vespiquen
|-damage|p1a: Vespiquen|42/100
|move|p1a: Vespiquen|Toxic|p2a: Blissey|[miss]
|-miss|p1a: Vespiquen|p2a: Blissey
|
|upkeep
|turn|22
|
|t:|1779567231
|move|p2a: Blissey|Shadow Ball|p1a: Vespiquen
|-damage|p1a: Vespiquen|32/100
|move|p1a: Vespiquen|Roost|p1a: Vespiquen
|-heal|p1a: Vespiquen|82/100
|-singleturn|p1a: Vespiquen|move: Roost
|
|upkeep
|turn|23
|
|t:|1779567236
|switch|p2a: Gliscor|Gliscor, F|100/100 tox
|move|p1a: Vespiquen|Toxic|p2a: Gliscor
|-fail|p2a: Gliscor|tox
|
|upkeep
|turn|24
|
|t:|1779567255
|move|p2a: Gliscor|Toxic|p1a: Vespiquen
|-status|p1a: Vespiquen|tox
|move|p1a: Vespiquen|Defend Order|p1a: Vespiquen
|-boost|p1a: Vespiquen|def|1
|-boost|p1a: Vespiquen|spd|1
|
|-damage|p1a: Vespiquen|76/100 tox|[from] psn
|upkeep
|turn|25
|
|t:|1779567262
|move|p2a: Gliscor|Spikes|p1a: Vespiquen
|-sidestart|p1: Apprentice Dogwood|Spikes
|move|p1a: Vespiquen|Defend Order|p1a: Vespiquen
|-boost|p1a: Vespiquen|def|1
|-boost|p1a: Vespiquen|spd|1
|
|-damage|p1a: Vespiquen|64/100 tox|[from] psn
|upkeep
|turn|26
|
|t:|1779567266
|move|p2a: Gliscor|Spikes|p1a: Vespiquen
|-sidestart|p1: Apprentice Dogwood|Spikes
|move|p1a: Vespiquen|Roost|p1a: Vespiquen
|-heal|p1a: Vespiquen|100/100 tox
|-singleturn|p1a: Vespiquen|move: Roost
|
|-damage|p1a: Vespiquen|82/100 tox|[from] psn
|upkeep
|turn|27
|
|t:|1779567268
|move|p2a: Gliscor|Spikes|p1a: Vespiquen
|-sidestart|p1: Apprentice Dogwood|Spikes
|move|p1a: Vespiquen|Reversal|p2a: Gliscor
|-resisted|p2a: Gliscor
|-damage|p2a: Gliscor|99/100 tox
|
|-heal|p2a: Gliscor|100/100 tox|[from] ability: Poison Heal
|-damage|p1a: Vespiquen|58/100 tox|[from] psn
|upkeep
|turn|28
|
|t:|1779567275
|move|p2a: Gliscor|Knock Off|p1a: Vespiquen
|-damage|p1a: Vespiquen|47/100 tox
|-enditem|p1a: Vespiquen|Heavy-Duty Boots|[from] move: Knock Off|[of] p2a: Gliscor
|move|p1a: Vespiquen|Reversal|p2a: Gliscor
|-resisted|p2a: Gliscor
|-damage|p2a: Gliscor|98/100 tox
|
|-heal|p2a: Gliscor|100/100 tox|[from] ability: Poison Heal
|-damage|p1a: Vespiquen|16/100 tox|[from] psn
|upkeep
|turn|29
|
|t:|1779567283
|move|p2a: Gliscor|Knock Off|p1a: Vespiquen
|-crit|p1a: Vespiquen
|-damage|p1a: Vespiquen|0 fnt
|faint|p1a: Vespiquen
|
|upkeep
|
|t:|1779567292
|switch|p1a: Whimsicott|Whimsicott, M|100/100
|turn|30
|n|☆betterteams123|betterteams123
|c|☆betterteams123|you like uu?
|
|t:|1779567319
|move|p1a: Whimsicott|Encore|p2a: Gliscor
|-start|p2a: Gliscor|Encore
|move|p2a: Gliscor|Knock Off|p1a: Whimsicott
|-resisted|p1a: Whimsicott
|-damage|p1a: Whimsicott|92/100
|-enditem|p1a: Whimsicott|Heavy-Duty Boots|[from] move: Knock Off|[of] p2a: Gliscor
|
|upkeep
|turn|31
|
|t:|1779567333
|switch|p1a: Hariyama|Hariyama, M|80/100
|-damage|p1a: Hariyama|55/100|[from] Spikes
|move|p2a: Gliscor|Knock Off|p1a: Hariyama
|-resisted|p1a: Hariyama
|-crit|p1a: Hariyama
|-damage|p1a: Hariyama|37/100
|-enditem|p1a: Hariyama|Life Orb|[from] move: Knock Off|[of] p2a: Gliscor
|
|upkeep
|turn|32
|
|t:|1779567338
|switch|p2a: Corviknight|Corviknight, M|96/100
|-ability|p2a: Corviknight|Pressure
|move|p1a: Hariyama|Throat Chop|p2a: Corviknight
|-damage|p2a: Corviknight|73/100
|
|upkeep
|turn|33
|
|t:|1779567347
|move|p2a: Corviknight|Brave Bird|p1a: Hariyama
|-supereffective|p1a: Hariyama
|-damage|p1a: Hariyama|0 fnt
|faint|p1a: Hariyama
|-damage|p2a: Corviknight|58/100|[from] Recoil
|
|upkeep
|
|t:|1779567355
|switch|p1a: Goodra|Goodra, F, shiny|100/100
|-damage|p1a: Goodra|76/100|[from] Spikes
|turn|34
|
|t:|1779567366
|move|p1a: Goodra|Draco Meteor|p2a: Corviknight
|-resisted|p2a: Corviknight
|-damage|p2a: Corviknight|23/100
|-unboost|p1a: Goodra|spa|2
|move|p2a: Corviknight|Brave Bird|p1a: Goodra
|-damage|p1a: Goodra|22/100
|-damage|p2a: Corviknight|9/100|[from] Recoil
|
|upkeep
|turn|35
|
|t:|1779567372
|move|p1a: Goodra|Flamethrower|p2a: Corviknight
|-supereffective|p2a: Corviknight
|-damage|p2a: Corviknight|0 fnt
|faint|p2a: Corviknight
|
|upkeep
|
|t:|1779567376
|switch|p2a: Blissey|Blissey, F|100/100
|turn|36
|
|t:|1779567380
|switch|p1a: Whimsicott|Whimsicott, M|92/100
|-damage|p1a: Whimsicott|67/100|[from] Spikes
|move|p2a: Blissey|Seismic Toss|p1a: Whimsicott
|-damage|p1a: Whimsicott|36/100
|
|upkeep
|turn|37
|
|t:|1779567390
|move|p1a: Whimsicott|U-turn|p2a: Blissey
|-damage|p2a: Blissey|89/100
|
|t:|1779567392
|switch|p1a: Camerupt|Camerupt, F|100/100|[from] U-turn
|-damage|p1a: Camerupt|76/100|[from] Spikes
|move|p2a: Blissey|Seismic Toss|p1a: Camerupt
|-damage|p1a: Camerupt|47/100
|
|upkeep
|turn|38
|
|t:|1779567400
|move|p2a: Blissey|Seismic Toss|p1a: Camerupt
|-damage|p1a: Camerupt|17/100
|move|p1a: Camerupt|Eruption|p2a: Blissey
|-damage|p2a: Blissey|85/100
|
|upkeep
|turn|39
|
|t:|1779567402
|move|p2a: Blissey|Seismic Toss|p1a: Camerupt
|-damage|p1a: Camerupt|0 fnt
|faint|p1a: Camerupt
|
|upkeep
|
|t:|1779567406
|switch|p1a: Whimsicott|Whimsicott, M|36/100
|-damage|p1a: Whimsicott|11/100|[from] Spikes
|turn|40
|
|t:|1779567411
|move|p1a: Whimsicott|Memento|p2a: Blissey
|-unboost|p2a: Blissey|atk|2
|-unboost|p2a: Blissey|spa|2
|faint|p1a: Whimsicott
|move|p2a: Blissey|Seismic Toss|p1: Whimsicott|[notarget]
|-fail|p2a: Blissey
|
|upkeep
|
|t:|1779567413
|switch|p1a: Goodra|Goodra, F, shiny|22/100
|-damage|p1a: Goodra|0 fnt|[from] Spikes
|faint|p1a: Goodra
|
|win|betterteams123
|raw|Apprentice Dogwood's rating: 1187 &rarr; <strong>1166</strong><br />(-21 for losing)
|raw|betterteams123's rating: 1239 &rarr; <strong>1260</strong><br />(+21 for winning)
|l|☆betterteams123
|player|p2|
|c|☆Apprentice Dogwood|I know u like OU😂
|l|☆Apprentice Dogwood
|player|p1|
