|inactive|Battle timer is ON: inactive players will automatically lose when time's up.
|t:|1779570142
|gametype|singles
|player|p1|Ninja|#scl5shoguns2|
|player|p2|ltx nemosse|#wcop2026france|
|gen|9
|tier|[Gen 9] OU
|rule|HP Percentage Mod: HP is shown in percentages
|rule|Endless Battle Clause: Forcing endless battles is banned
|rule|Species Clause: Limit one of each Pokémon
|rule|OHKO Clause: OHKO moves are banned
|rule|Evasion Items Clause: Evasion items are banned
|rule|Evasion Moves Clause: Evasion moves are banned
|rule|Evasion Abilities Clause: Evasion abilities are banned
|rule|Sleep Moves Clause: Sleep-inducing moves are banned
|clearpoke
|poke|p1|Garchomp, F|
|poke|p1|Ting-Lu|
|poke|p1|Moltres|
|poke|p1|Pecharunt|
|poke|p1|Ogerpon-Wellspring, F|
|poke|p1|Iron Valiant|
|poke|p2|Kyurem|
|poke|p2|Pecharunt|
|poke|p2|Zamazenta-*|
|poke|p2|Alomomola, M|
|poke|p2|Ting-Lu|
|poke|p2|Great Tusk|
|teampreview
|c|☆ltx nemosse|Hf
|c|☆Ninja|hf
|inactive|Ninja has 270 seconds left.
|inactive|ltx nemosse has 270 seconds left.
|inactive|Ninja has 240 seconds left.
|inactive|ltx nemosse has 240 seconds left.
|inactive|ltx nemosse has 210 seconds left.
|c|+Adryl ♫|Aller le nem
|inactive|ltx nemosse has 180 seconds left.
|c|+Silent Waltzz|sous supporters et tout
|inactive|ltx nemosse has 150 seconds left.
|
|t:|1779570302
|teamsize|p1|6
|teamsize|p2|6
|start
|switch|p1a: Pecharunt|Pecharunt|100/100
|switch|p2a: Kyurem|Kyurem|100/100
|-ability|p2a: Kyurem|Pressure
|turn|1
|
|t:|1779570318
|move|p2a: Kyurem|Earth Power|p1a: Pecharunt
|-supereffective|p1a: Pecharunt
|-damage|p1a: Pecharunt|0 fnt
|faint|p1a: Pecharunt
|
|upkeep
|
|t:|1779570320
|switch|p1a: Moltres|Moltres|100/100
|turn|2
|
|t:|1779570324
|switch|p2a: Alomomola|Alomomola, M|100/100
|move|p1a: Moltres|U-turn|p2a: Alomomola
|-damage|p2a: Alomomola|89/100
|
|t:|1779570331
|switch|p1a: Ting-Lu|Ting-Lu|100/100|[from] U-turn
|-ability|p1a: Ting-Lu|Vessel of Ruin
|
|upkeep
|turn|3
|inactive|ltx nemosse disconnected and has 300 seconds to reconnect!
|player|p2|
|c|+Adryl ♫|la co qui depop
|inactive|ltx nemosse reconnected and has 225 seconds left.
|player|p2|ltx nemosse|#wcop2026france|
|
|t:|1779570373
|move|p1a: Ting-Lu|Stealth Rock|p2a: Alomomola
|-sidestart|p2: ltx nemosse|move: Stealth Rock
|move|p2a: Alomomola|Flip Turn|p1a: Ting-Lu
|-supereffective|p1a: Ting-Lu
|-damage|p1a: Ting-Lu|80/100
|-damage|p2a: Alomomola|72/100|[from] item: Rocky Helmet|[of] p1a: Ting-Lu
|
|t:|1779570379
|switch|p2a: Kyurem|Kyurem|100/100|[from] Flip Turn
|-damage|p2a: Kyurem|76/100|[from] Stealth Rock
|-ability|p2a: Kyurem|Pressure
|
|upkeep
|turn|4
|c|+sulfura152|nem penses a toute tes femmes a qui tu dédis cette game, notamment la dernière, celle qui s'appelle tf
|inactive|Ninja has 270 seconds left.
|c|☆ltx nemosse|?
|
|t:|1779570413
|move|p2a: Kyurem|Ice Beam|p1a: Ting-Lu
|-supereffective|p1a: Ting-Lu
|-damage|p1a: Ting-Lu|7/100
|move|p1a: Ting-Lu|Ruination|p2a: Kyurem
|-damage|p2a: Kyurem|38/100
|
|upkeep
|turn|5
|
|t:|1779570420
|move|p2a: Kyurem|Ice Beam|p1a: Ting-Lu
|-supereffective|p1a: Ting-Lu
|-damage|p1a: Ting-Lu|0 fnt
|faint|p1a: Ting-Lu
|
|upkeep
|inactive|Ninja has 270 seconds left.
|
|t:|1779570434
|switch|p1a: Ogerpon|Ogerpon-Wellspring, F|100/100
|turn|6
|c|+Adryl ♫|mais il racontre quoi sulfu mdrrr
|
|t:|1779570439
|switch|p2a: Pecharunt|Pecharunt|100/100
|-damage|p2a: Pecharunt|88/100|[from] Stealth Rock
|-item|p2a: Pecharunt|Air Balloon
|move|p1a: Ogerpon|Knock Off|p2a: Pecharunt
|-supereffective|p2a: Pecharunt
|-damage|p2a: Pecharunt|49/100
|-enditem|p2a: Pecharunt|Air Balloon
|
|upkeep
|turn|7
|c|+Adryl ♫|raconte*
|inactive|Ninja has 270 seconds left.
|
|t:|1779570464
|move|p1a: Ogerpon|Ivy Cudgel|p2a: Pecharunt|[anim] Ivy Cudgel Water
|-damage|p2a: Pecharunt|20/100
|move|p2a: Pecharunt|Toxic|p1a: Ogerpon
|-status|p1a: Ogerpon|tox
|-start|p1a: Ogerpon|confusion|[from] ability: Poison Puppeteer|[of] p2a: Pecharunt
|
|-damage|p1a: Ogerpon|95/100 tox|[from] psn
|upkeep
|turn|8
|
|t:|1779570472
|-activate|p1a: Ogerpon|confusion
|move|p1a: Ogerpon|Knock Off|p2a: Pecharunt
|-supereffective|p2a: Pecharunt
|-damage|p2a: Pecharunt|0 fnt
|faint|p2a: Pecharunt
|
|-damage|p1a: Ogerpon|83/100 tox|[from] psn
|upkeep
|
|t:|1779570483
|switch|p2a: Zamazenta|Zamazenta|100/100
|-damage|p2a: Zamazenta|94/100|[from] Stealth Rock
|-ability|p2a: Zamazenta|Dauntless Shield|boost
|-boost|p2a: Zamazenta|def|1
|turn|9
|inactive|Ninja has 270 seconds left.
|
|t:|1779570503
|move|p2a: Zamazenta|Stone Edge|p1a: Ogerpon
|-crit|p1a: Ogerpon
|-damage|p1a: Ogerpon|23/100 tox
|-activate|p1a: Ogerpon|confusion
|move|p1a: Ogerpon|Ivy Cudgel|p2a: Zamazenta|[anim] Ivy Cudgel Water
|-damage|p2a: Zamazenta|57/100
|
|-damage|p1a: Ogerpon|5/100 tox|[from] psn
|upkeep
|turn|10
|inactive|ltx nemosse has 270 seconds left.
|
|t:|1779570510
|move|p2a: Zamazenta|Crunch|p1a: Ogerpon
|-damage|p1a: Ogerpon|0 fnt
|faint|p1a: Ogerpon
|
|upkeep
|inactive|Ninja has 270 seconds left.
|
|t:|1779570533
|switch|p1a: Iron Valiant|Iron Valiant|100/100
|-enditem|p1a: Iron Valiant|Booster Energy
|-activate|p1a: Iron Valiant|ability: Quark Drive|[fromitem]
|-start|p1a: Iron Valiant|quarkdrivespe
|turn|11
|inactive|Ninja has 270 seconds left.
|
|t:|1779570545
|-terastallize|p2a: Zamazenta|Steel
|move|p1a: Iron Valiant|Moonblast|p2a: Zamazenta
|-resisted|p2a: Zamazenta
|-damage|p2a: Zamazenta|34/100
|move|p2a: Zamazenta|Heavy Slam|p1a: Iron Valiant
|-supereffective|p1a: Iron Valiant
|-damage|p1a: Iron Valiant|0 fnt
|faint|p1a: Iron Valiant
|-end|p1a: Iron Valiant|Quark Drive|[silent]
|
|upkeep
|inactive|Ninja has 270 seconds left.
|
|t:|1779570566
|switch|p1a: Garchomp|Garchomp, F|100/100
|turn|12
|
|t:|1779570570
|move|p2a: Zamazenta|Close Combat|p1a: Garchomp
|-damage|p1a: Garchomp|43/100
|-unboost|p2a: Zamazenta|def|1
|-unboost|p2a: Zamazenta|spd|1
|-damage|p2a: Zamazenta|22/100|[from] ability: Rough Skin|[of] p1a: Garchomp
|move|p1a: Garchomp|Earthquake|p2a: Zamazenta
|-supereffective|p2a: Zamazenta
|-damage|p2a: Zamazenta|0 fnt
|faint|p2a: Zamazenta
|
|upkeep
|
|t:|1779570577
|switch|p2a: Great Tusk|Great Tusk|100/100
|turn|13
|
|t:|1779570585
|move|p1a: Garchomp|Earthquake|p2a: Great Tusk
|-damage|p2a: Great Tusk|70/100
|move|p2a: Great Tusk|Rapid Spin|p1a: Garchomp
|-damage|p1a: Garchomp|27/100
|-boost|p2a: Great Tusk|spe|1
|-damage|p2a: Great Tusk|57/100|[from] ability: Rough Skin|[of] p1a: Garchomp
|-sideend|p2: ltx nemosse|Stealth Rock|[from] move: Rapid Spin|[of] p2a: Great Tusk
|
|upkeep
|turn|14
|
|t:|1779570589
|move|p2a: Great Tusk|Ice Spinner|p1a: Garchomp
|-supereffective|p1a: Garchomp
|-damage|p1a: Garchomp|0 fnt
|-damage|p2a: Great Tusk|45/100|[from] ability: Rough Skin|[of] p1a: Garchomp
|faint|p1a: Garchomp
|
|upkeep
|c|☆Ninja|gg
|-message|Ninja forfeited.
|
|win|ltx nemosse
