|j|☆GabrielaVitoria016
|j|☆Raiiysonsss
|t:|1779722557
|gametype|singles
|player|p1|GabrielaVitoria016|102|1124
|player|p2|Raiiysonsss|2|1107
|gen|9
|tier|[Gen 9] OU
|rated|
|rule|HP Percentage Mod: HP is shown in percentages
|rule|Endless Battle Clause: Forcing endless battles is banned
|rule|Species Clause: Limit one of each Pokémon
|rule|OHKO Clause: OHKO moves are banned
|rule|Evasion Items Clause: Evasion items are banned
|rule|Evasion Moves Clause: Evasion moves are banned
|rule|Evasion Abilities Clause: Evasion abilities are banned
|rule|Sleep Moves Clause: Sleep-inducing moves are banned
|clearpoke
|poke|p1|Kingambit, M|
|poke|p1|Slowking-Galar, M|
|poke|p1|Ogerpon-Wellspring, F|
|poke|p1|Gholdengo|
|poke|p1|Great Tusk|
|poke|p1|Moltres-Galar|
|poke|p2|Dragapult, F|
|poke|p2|Sunflora, M|
|poke|p2|Pelipper, M|
|poke|p2|Floatzel, M|
|poke|p2|Iron Treads|
|poke|p2|Iron Valiant|
|teampreview
|
|t:|1779722566
|teamsize|p1|6
|teamsize|p2|6
|start
|switch|p1a: Quilates|Gholdengo|100/100
|switch|p2a: GIGA MONSTRE|Sunflora, M, shiny|100/100
|turn|1
|
|t:|1779722577
|move|p1a: Quilates|Trick|p2a: GIGA MONSTRE
|-activate|p1a: Quilates|move: Trick|[of] p2a: GIGA MONSTRE
|-item|p2a: GIGA MONSTRE|Choice Specs|[from] move: Trick
|-item|p1a: Quilates|Life Orb|[from] move: Trick
|move|p2a: GIGA MONSTRE|Sunny Day|p2a: GIGA MONSTRE
|-weather|SunnyDay
|
|-weather|SunnyDay|[upkeep]
|upkeep
|turn|2
|
|t:|1779722589
|switch|p2a: RICO|Dragapult, F, shiny|100/100
|move|p1a: Quilates|Shadow Ball|p2a: RICO
|-supereffective|p2a: RICO
|-damage|p2a: RICO|0 fnt
|faint|p2a: RICO
|-damage|p1a: Quilates|91/100|[from] item: Life Orb
|
|-weather|SunnyDay|[upkeep]
|upkeep
|
|t:|1779722598
|switch|p2a: W PRIV|Iron Valiant, shiny|100/100
|-enditem|p2a: W PRIV|Booster Energy
|-activate|p2a: W PRIV|ability: Quark Drive|[fromitem]
|-start|p2a: W PRIV|quarkdrivespe
|turn|3
|
|t:|1779722606
|switch|p1a: Slowking|Slowking-Galar, M|100/100
|move|p2a: W PRIV|Shadow Ball|p1a: Slowking
|-supereffective|p1a: Slowking
|-damage|p1a: Slowking|71/100
|
|-weather|SunnyDay|[upkeep]
|upkeep
|turn|4
|
|t:|1779722613
|-end|p2a: W PRIV|Quark Drive|[silent]
|switch|p2a: GIGA MONSTRE|Sunflora, M, shiny|100/100
|move|p1a: Slowking|Future Sight|p2a: GIGA MONSTRE
|-start|p1a: Slowking|move: Future Sight
|
|-weather|SunnyDay|[upkeep]
|upkeep
|turn|5
|
|t:|1779722627
|-terastallize|p2a: GIGA MONSTRE|Fire
|move|p2a: GIGA MONSTRE|Weather Ball|p1a: Slowking
|-damage|p1a: Slowking|9/100
|move|p1a: Slowking|Flamethrower|p2a: GIGA MONSTRE
|-resisted|p2a: GIGA MONSTRE
|-damage|p2a: GIGA MONSTRE|67/100
|
|-weather|none
|upkeep
|turn|6
|
|t:|1779722639
|switch|p1a: Tomatoma|Ogerpon-Wellspring, F|100/100
|move|p2a: GIGA MONSTRE|Weather Ball|p1a: Tomatoma
|-damage|p1a: Tomatoma|74/100
|
|-end|p2a: GIGA MONSTRE|move: Future Sight
|-damage|p2a: GIGA MONSTRE|0 fnt
|faint|p2a: GIGA MONSTRE
|upkeep
|
|t:|1779722657
|switch|p2a: LA DRACHE|Pelipper, M, shiny|100/100
|-weather|RainDance|[from] ability: Drizzle|[of] p2a: LA DRACHE
|turn|7
|
|t:|1779722668
|switch|p1a: Quilates|Gholdengo|91/100
|move|p2a: LA DRACHE|Hurricane|p1a: Quilates
|-resisted|p1a: Quilates
|-damage|p1a: Quilates|69/100
|
|-weather|RainDance|[upkeep]
|upkeep
|turn|8
|
|t:|1779722683
|switch|p2a: W PRIV|Iron Valiant, shiny|100/100
|move|p1a: Quilates|Dazzling Gleam|p2a: W PRIV
|-supereffective|p2a: W PRIV
|-crit|p2a: W PRIV
|-damage|p2a: W PRIV|0 fnt
|faint|p2a: W PRIV
|-end|p2a: W PRIV|Quark Drive|[silent]
|-damage|p1a: Quilates|59/100|[from] item: Life Orb
|
|-weather|RainDance|[upkeep]
|upkeep
|-message|Raiiysonsss forfeited.
|
|win|GabrielaVitoria016
|raw|GabrielaVitoria016's rating: 1124 &rarr; <strong>1148</strong><br />(+24 for winning)
|raw|Raiiysonsss's rating: 1107 &rarr; <strong>1083</strong><br />(-24 for losing)
|l|☆Raiiysonsss
|player|p2|
|l|☆GabrielaVitoria016
|player|p1|
