|j|☆vkasb
|j|☆untoxablepex
|t:|1779673672
|gametype|singles
|player|p1|vkasb|101|1221
|player|p2|untoxablepex|volkner|1184
|gen|9
|tier|[Gen 9] OU
|rated|
|rule|HP Percentage Mod: HP is shown in percentages
|rule|Endless Battle Clause: Forcing endless battles is banned
|rule|Species Clause: Limit one of each Pokémon
|rule|OHKO Clause: OHKO moves are banned
|rule|Evasion Items Clause: Evasion items are banned
|rule|Evasion Moves Clause: Evasion moves are banned
|rule|Evasion Abilities Clause: Evasion abilities are banned
|rule|Sleep Moves Clause: Sleep-inducing moves are banned
|clearpoke
|poke|p1|Ninetales-Alola, F|
|poke|p1|Avalugg, M|
|poke|p1|Rotom-Frost|
|poke|p1|Regice|
|poke|p1|Cloyster, F|
|poke|p1|Weavile, F|
|poke|p2|Greninja-*, M|
|poke|p2|Talonflame, M|
|poke|p2|Noivern, M|
|poke|p2|Hoopa-Unbound|
|poke|p2|Klefki, M|
|poke|p2|Chesnaught, M|
|teampreview
|
|t:|1779673679
|teamsize|p1|6
|teamsize|p2|6
|start
|switch|p1a: Ninetales|Ninetales-Alola, F|100/100
|switch|p2a: Klefki|Klefki, M, shiny|100/100
|-weather|Snowscape|[from] ability: Snow Warning|[of] p1a: Ninetales
|turn|1
|inactive|Battle timer is ON: inactive players will automatically lose when time's up. (requested by untoxablepex)
|
|t:|1779673685
|move|p2a: Klefki|Light Screen|p2a: Klefki
|-sidestart|p2: untoxablepex|move: Light Screen
|move|p1a: Ninetales|Aurora Veil|p1a: Ninetales
|-sidestart|p1: vkasb|move: Aurora Veil
|
|-weather|Snowscape|[upkeep]
|upkeep
|turn|2
|
|t:|1779673697
|move|p2a: Klefki|Reflect|p2a: Klefki
|-sidestart|p2: untoxablepex|Reflect
|move|p1a: Ninetales|Moonblast|p2a: Klefki
|-resisted|p2a: Klefki
|-damage|p2a: Klefki|90/100
|-unboost|p2a: Klefki|spa|1
|
|-weather|Snowscape|[upkeep]
|upkeep
|turn|3
|
|t:|1779673706
|move|p2a: Klefki|Thunder Wave|p1a: Ninetales
|-status|p1a: Ninetales|par
|move|p1a: Ninetales|Moonblast|p2a: Klefki
|-resisted|p2a: Klefki
|-damage|p2a: Klefki|79/100
|
|-weather|Snowscape|[upkeep]
|upkeep
|turn|4
|
|t:|1779673717
|switch|p2a: Talonflame|Talonflame, M, shiny|100/100
|move|p1a: Ninetales|Freeze-Dry|p2a: Talonflame
|-damage|p2a: Talonflame|81/100
|
|-weather|Snowscape|[upkeep]
|upkeep
|turn|5
|
|t:|1779673726
|switch|p1a: Avalugg|Avalugg, M|100/100
|move|p2a: Talonflame|Steel Wing|p1a: Avalugg|[miss]
|-miss|p2a: Talonflame|p1a: Avalugg
|
|-weather|none
|upkeep
|turn|6
|
|t:|1779673734
|move|p2a: Talonflame|Flare Blitz|p1a: Avalugg
|-supereffective|p1a: Avalugg
|-damage|p1a: Avalugg|82/100
|-damage|p2a: Talonflame|73/100|[from] Recoil
|move|p1a: Avalugg|Avalanche|p2a: Talonflame
|-crit|p2a: Talonflame
|-damage|p2a: Talonflame|0 fnt
|faint|p2a: Talonflame
|
|upkeep
|
|t:|1779673746
|switch|p2a: Noivern|Noivern, M, shiny|100/100
|turn|7
|
|t:|1779673751
|-terastallize|p2a: Noivern|Normal
|move|p2a: Noivern|Boomburst|p1a: Avalugg
|-crit|p1a: Avalugg
|-damage|p1a: Avalugg|0 fnt
|faint|p1a: Avalugg
|
|upkeep
|
|t:|1779673779
|switch|p1a: Ninetales|Ninetales-Alola, F|100/100 par
|-weather|Snowscape|[from] ability: Snow Warning|[of] p1a: Ninetales
|turn|8
|
|t:|1779673785
|switch|p1a: Regice|Regice|100/100
|move|p2a: Noivern|Boomburst|p1a: Regice
|-damage|p1a: Regice|63/100
|
|-weather|Snowscape|[upkeep]
|-sideend|p2: untoxablepex|move: Light Screen
|-sideend|p1: vkasb|move: Aurora Veil
|upkeep
|turn|9
|
|t:|1779673793
|move|p2a: Noivern|Boomburst|p1a: Regice
|-damage|p1a: Regice|27/100
|move|p1a: Regice|Body Press|p2a: Noivern
|-supereffective|p2a: Noivern
|-damage|p2a: Noivern|76/100
|
|-weather|Snowscape|[upkeep]
|-sideend|p2: untoxablepex|Reflect
|upkeep
|turn|10
|
|t:|1779673804
|move|p2a: Noivern|Boomburst|p1a: Regice
|-damage|p1a: Regice|0 fnt
|faint|p1a: Regice
|
|-weather|Snowscape|[upkeep]
|upkeep
|
|t:|1779673821
|switch|p1a: Ninetales|Ninetales-Alola, F|100/100 par
|turn|11
|
|t:|1779673824
|-terastallize|p1a: Ninetales|Steel
|move|p2a: Noivern|Boomburst|p1a: Ninetales
|-resisted|p1a: Ninetales
|-damage|p1a: Ninetales|43/100 par
|move|p1a: Ninetales|Aurora Veil|p1a: Ninetales
|-sidestart|p1: vkasb|move: Aurora Veil
|
|-weather|Snowscape|[upkeep]
|upkeep
|turn|12
|
|t:|1779673848
|move|p2a: Noivern|Boomburst|p1a: Ninetales
|-resisted|p1a: Ninetales
|-damage|p1a: Ninetales|0 fnt
|faint|p1a: Ninetales
|
|-weather|none
|upkeep
|
|t:|1779673854
|switch|p1a: Cloyster|Cloyster, F|100/100
|turn|13
|
|t:|1779673857
|move|p2a: Noivern|Boomburst|p1a: Cloyster
|-damage|p1a: Cloyster|0 fnt
|faint|p1a: Cloyster
|
|upkeep
|
|t:|1779673861
|switch|p1a: Weavile|Weavile, F|100/100
|-ability|p1a: Weavile|Pressure
|turn|14
|c|☆untoxablepex|Aurora veil doesn’t work vs infiltrator mons fyi
|
|t:|1779673874
|move|p1a: Weavile|Swords Dance|p1a: Weavile
|-boost|p1a: Weavile|atk|2
|move|p2a: Noivern|Boomburst|p1a: Weavile
|-damage|p1a: Weavile|0 fnt
|faint|p1a: Weavile
|
|upkeep
|
|t:|1779673883
|switch|p1a: Rotom|Rotom-Frost|100/100
|turn|15
|
|t:|1779673886
|move|p1a: Rotom|Thunderbolt|p2a: Noivern
|-damage|p2a: Noivern|22/100
|move|p2a: Noivern|Boomburst|p1a: Rotom
|-damage|p1a: Rotom|0 fnt
|faint|p1a: Rotom
|
|win|untoxablepex
|raw|vkasb's rating: 1221 &rarr; <strong>1193</strong><br />(-28 for losing)
|raw|untoxablepex's rating: 1184 &rarr; <strong>1212</strong><br />(+28 for winning)
|l|☆vkasb
|player|p1|
|l|☆untoxablepex
|player|p2|
