|j|☆mfhgokuu
|j|☆Revelation3
|t:|1779644506
|gametype|singles
|player|p1|mfhgokuu|hiker-gen4|1285
|player|p2|Revelation3|hugh|1280
|gen|9
|tier|[Gen 9] OU
|rated|
|rule|HP Percentage Mod: HP is shown in percentages
|rule|Endless Battle Clause: Forcing endless battles is banned
|rule|Species Clause: Limit one of each Pokémon
|rule|OHKO Clause: OHKO moves are banned
|rule|Evasion Items Clause: Evasion items are banned
|rule|Evasion Moves Clause: Evasion moves are banned
|rule|Evasion Abilities Clause: Evasion abilities are banned
|rule|Sleep Moves Clause: Sleep-inducing moves are banned
|clearpoke
|poke|p1|Pelipper, F|
|poke|p1|Tinkaton, F|
|poke|p1|Iron Moth|
|poke|p1|Regieleki|
|poke|p1|Kingdra, F|
|poke|p1|Excadrill, M|
|poke|p2|Glimmora, M|
|poke|p2|Gliscor, M|
|poke|p2|Gholdengo|
|poke|p2|Dragonite, M|
|poke|p2|Primarina, F|
|poke|p2|Slowbro, M|
|teampreview
|inactive|Battle timer is ON: inactive players will automatically lose when time's up. (requested by mfhgokuu)
|
|t:|1779644511
|teamsize|p1|6
|teamsize|p2|6
|start
|switch|p1a: Tinkaton|Tinkaton, F|100/100
|switch|p2a: Glimmora|Glimmora, M|100/100
|-ability|p1a: Tinkaton|Mold Breaker
|-item|p1a: Tinkaton|Air Balloon
|turn|1
|
|t:|1779644525
|move|p2a: Glimmora|Power Gem|p1a: Tinkaton
|-resisted|p1a: Tinkaton
|-damage|p1a: Tinkaton|81/100
|-enditem|p1a: Tinkaton|Air Balloon
|move|p1a: Tinkaton|Gigaton Hammer|p2a: Glimmora
|-supereffective|p2a: Glimmora
|-enditem|p2a: Glimmora|Focus Sash
|-damage|p2a: Glimmora|1/100
|-activate|p2a: Glimmora|ability: Toxic Debris
|-sidestart|p1: mfhgokuu|move: Toxic Spikes
|
|upkeep
|turn|2
|
|t:|1779644545
|move|p2a: Glimmora|Earth Power|p1a: Tinkaton
|-supereffective|p1a: Tinkaton
|-damage|p1a: Tinkaton|30/100
|move|p1a: Tinkaton|Stealth Rock|p2a: Glimmora
|-sidestart|p2: Revelation3|move: Stealth Rock
|
|upkeep
|turn|3
|
|t:|1779644552
|switch|p1a: Pelipper|Pelipper, F|100/100
|-weather|RainDance|[from] ability: Drizzle|[of] p1a: Pelipper
|move|p2a: Glimmora|Earth Power|p1a: Pelipper
|-immune|p1a: Pelipper
|
|-weather|RainDance|[upkeep]
|upkeep
|turn|4
|
|t:|1779644560
|move|p2a: Glimmora|Mortal Spin|p1a: Pelipper
|-damage|p1a: Pelipper|95/100
|-status|p1a: Pelipper|psn
|-damage|p2a: Glimmora|0 fnt|[from] item: Rocky Helmet|[of] p1a: Pelipper
|faint|p2a: Glimmora
|move|p1a: Pelipper|Weather Ball|p2: Glimmora|[notarget]
|-fail|p1a: Pelipper
|
|-weather|RainDance|[upkeep]
|-damage|p1a: Pelipper|82/100 psn|[from] psn
|upkeep
|
|t:|1779644579
|switch|p2a: Gliscor|Gliscor, M|100/100
|-damage|p2a: Gliscor|88/100|[from] Stealth Rock
|turn|5
|
|t:|1779644584
|move|p2a: Gliscor|Substitute|p2a: Gliscor
|-start|p2a: Gliscor|Substitute
|-damage|p2a: Gliscor|63/100
|move|p1a: Pelipper|Weather Ball|p2a: Gliscor
|-supereffective|p2a: Gliscor
|-end|p2a: Gliscor|Substitute
|
|-weather|RainDance|[upkeep]
|-damage|p1a: Pelipper|70/100 psn|[from] psn
|-status|p2a: Gliscor|tox|[from] item: Toxic Orb
|upkeep
|turn|6
|
|t:|1779644594
|move|p2a: Gliscor|Protect|p2a: Gliscor
|-singleturn|p2a: Gliscor|Protect
|move|p1a: Pelipper|Weather Ball|p2a: Gliscor
|-activate|p2a: Gliscor|move: Protect
|
|-weather|RainDance|[upkeep]
|-heal|p2a: Gliscor|75/100 tox|[from] ability: Poison Heal
|-damage|p1a: Pelipper|58/100 psn|[from] psn
|upkeep
|turn|7
|
|t:|1779644603
|move|p2a: Gliscor|Substitute|p2a: Gliscor
|-start|p2a: Gliscor|Substitute
|-damage|p2a: Gliscor|50/100 tox
|move|p1a: Pelipper|Weather Ball|p2a: Gliscor
|-supereffective|p2a: Gliscor
|-end|p2a: Gliscor|Substitute
|
|-weather|none
|-heal|p2a: Gliscor|63/100 tox|[from] ability: Poison Heal
|-damage|p1a: Pelipper|45/100 psn|[from] psn
|upkeep
|turn|8
|
|t:|1779644613
|move|p2a: Gliscor|Protect|p2a: Gliscor
|-singleturn|p2a: Gliscor|Protect
|move|p1a: Pelipper|Roost|p1a: Pelipper
|-heal|p1a: Pelipper|95/100 psn
|-singleturn|p1a: Pelipper|move: Roost
|
|-heal|p2a: Gliscor|75/100 tox|[from] ability: Poison Heal
|-damage|p1a: Pelipper|83/100 psn|[from] psn
|upkeep
|turn|9
|
|t:|1779644624
|switch|p2a: Slowbro|Slowbro, M|100/100
|move|p1a: Pelipper|U-turn|p2a: Slowbro
|-supereffective|p2a: Slowbro
|-crit|p2a: Slowbro
|-damage|p2a: Slowbro|85/100
|
|t:|1779644629
|switch|p1a: Regieleki|Regieleki|100/100|[from] U-turn
|-status|p1a: Regieleki|psn
|
|-damage|p1a: Regieleki|88/100 psn|[from] psn
|upkeep
|turn|10
|
|t:|1779644644
|move|p1a: Regieleki|Rapid Spin|p2a: Slowbro
|-damage|p2a: Slowbro|76/100
|-boost|p1a: Regieleki|spe|1
|-sideend|p1: mfhgokuu|Toxic Spikes|[from] move: Rapid Spin|[of] p1a: Regieleki
|-damage|p1a: Regieleki|78/100 psn|[from] item: Life Orb
|move|p2a: Slowbro|Future Sight|p1a: Regieleki
|-start|p2a: Slowbro|move: Future Sight
|
|-damage|p1a: Regieleki|66/100 psn|[from] psn
|upkeep
|turn|11
|
|t:|1779644655
|switch|p2a: Gliscor|Gliscor, M|75/100 tox
|-damage|p2a: Gliscor|63/100 tox|[from] Stealth Rock
|move|p1a: Regieleki|Thunderbolt|p2a: Gliscor
|-immune|p2a: Gliscor
|
|-damage|p1a: Regieleki|54/100 psn|[from] psn
|-heal|p2a: Gliscor|75/100 tox|[from] ability: Poison Heal
|upkeep
|turn|12
|
|t:|1779644665
|switch|p1a: Pelipper|Pelipper, F|83/100 psn
|-weather|RainDance|[from] ability: Drizzle|[of] p1a: Pelipper
|move|p2a: Gliscor|Protect||[still]
|-fail|p2a: Gliscor
|
|-weather|RainDance|[upkeep]
|-end|p1a: Pelipper|move: Future Sight
|-damage|p1a: Pelipper|29/100 psn
|-heal|p2a: Gliscor|88/100 tox|[from] ability: Poison Heal
|-damage|p1a: Pelipper|17/100 psn|[from] psn
|upkeep
|turn|13
|
|t:|1779644679
|switch|p2a: Slowbro|Slowbro, M|100/100
|move|p1a: Pelipper|Roost|p1a: Pelipper
|-heal|p1a: Pelipper|67/100 psn
|-singleturn|p1a: Pelipper|move: Roost
|
|-weather|RainDance|[upkeep]
|-damage|p1a: Pelipper|54/100 psn|[from] psn
|upkeep
|turn|14
|
|t:|1779644689
|move|p1a: Pelipper|Roost|p1a: Pelipper
|-heal|p1a: Pelipper|100/100 psn
|-singleturn|p1a: Pelipper|move: Roost
|move|p2a: Slowbro|Future Sight|p1a: Pelipper
|-start|p2a: Slowbro|move: Future Sight
|
|-weather|RainDance|[upkeep]
|-damage|p1a: Pelipper|88/100 psn|[from] psn
|upkeep
|turn|15
|
|t:|1779644698
|move|p1a: Pelipper|Hurricane|p2a: Slowbro
|-damage|p2a: Slowbro|50/100
|-start|p2a: Slowbro|confusion
|-activate|p2a: Slowbro|confusion
|-damage|p2a: Slowbro|47/100|[from] confusion
|
|-weather|RainDance|[upkeep]
|-damage|p1a: Pelipper|76/100 psn|[from] psn
|upkeep
|turn|16
|
|t:|1779644709
|switch|p2a: Primarina|Primarina, F|100/100
|-damage|p2a: Primarina|88/100|[from] Stealth Rock
|move|p1a: Pelipper|Hurricane|p2a: Primarina
|-damage|p2a: Primarina|63/100
|
|-weather|none
|-end|p1a: Pelipper|move: Future Sight
|-damage|p1a: Pelipper|22/100 psn
|-damage|p1a: Pelipper|10/100 psn|[from] psn
|upkeep
|turn|17
|
|t:|1779644723
|move|p1a: Pelipper|Roost|p1a: Pelipper
|-heal|p1a: Pelipper|60/100 psn
|-singleturn|p1a: Pelipper|move: Roost
|move|p2a: Primarina|Moonblast|p1a: Pelipper
|-damage|p1a: Pelipper|0 fnt
|faint|p1a: Pelipper
|
|upkeep
|
|t:|1779644733
|switch|p1a: Regieleki|Regieleki|54/100 psn
|turn|18
|
|t:|1779644739
|switch|p2a: Gliscor|Gliscor, M|88/100 tox
|-damage|p2a: Gliscor|75/100 tox|[from] Stealth Rock
|move|p1a: Regieleki|Volt Switch|p2a: Gliscor
|-immune|p2a: Gliscor
|
|-damage|p1a: Regieleki|42/100 psn|[from] psn
|-heal|p2a: Gliscor|88/100 tox|[from] ability: Poison Heal
|upkeep
|turn|19
|
|t:|1779644756
|move|p1a: Regieleki|Explosion|p2a: Gliscor
|-damage|p2a: Gliscor|27/100 tox
|faint|p1a: Regieleki
|move|p2a: Gliscor|Substitute|p2a: Gliscor
|-start|p2a: Gliscor|Substitute
|-damage|p2a: Gliscor|2/100 tox
|
|-heal|p2a: Gliscor|15/100 tox|[from] ability: Poison Heal
|upkeep
|
|t:|1779644762
|switch|p1a: Tinkaton|Tinkaton, F|30/100
|-ability|p1a: Tinkaton|Mold Breaker
|turn|20
|
|t:|1779644767
|move|p1a: Tinkaton|Fake Out|p2a: Gliscor
|-activate|p2a: Gliscor|move: Substitute|[damage]
|move|p2a: Gliscor|Earthquake|p1a: Tinkaton
|-supereffective|p1a: Tinkaton
|-damage|p1a: Tinkaton|0 fnt
|faint|p1a: Tinkaton
|
|-heal|p2a: Gliscor|27/100 tox|[from] ability: Poison Heal
|upkeep
|
|t:|1779644778
|switch|p1a: Excadrill|Excadrill, M|100/100
|-ability|p1a: Excadrill|Mold Breaker
|turn|21
|
|t:|1779644784
|move|p2a: Gliscor|Earthquake|p1a: Excadrill
|-supereffective|p1a: Excadrill
|-damage|p1a: Excadrill|9/100
|move|p1a: Excadrill|Rapid Spin|p2a: Gliscor
|-activate|p2a: Gliscor|move: Substitute|[damage]
|-boost|p1a: Excadrill|spe|1
|
|-heal|p2a: Gliscor|40/100 tox|[from] ability: Poison Heal
|upkeep
|turn|22
|-message|mfhgokuu forfeited.
|
|win|Revelation3
|raw|mfhgokuu's rating: 1285 &rarr; <strong>1260</strong><br />(-25 for losing)
|raw|Revelation3's rating: 1280 &rarr; <strong>1305</strong><br />(+25 for winning)
|l|☆mfhgokuu
|player|p1|
|l|☆Revelation3
|player|p2|
