|j|☆hillbilly z
|j|☆hobamna
|t:|1779646931
|gametype|singles
|player|p1|hillbilly z|1|1471
|player|p2|hobamna|bugcatcher-gen4dp|1570
|gen|9
|tier|[Gen 9] OU
|rated|
|rule|HP Percentage Mod: HP is shown in percentages
|rule|Endless Battle Clause: Forcing endless battles is banned
|rule|Species Clause: Limit one of each Pokémon
|rule|OHKO Clause: OHKO moves are banned
|rule|Evasion Items Clause: Evasion items are banned
|rule|Evasion Moves Clause: Evasion moves are banned
|rule|Evasion Abilities Clause: Evasion abilities are banned
|rule|Sleep Moves Clause: Sleep-inducing moves are banned
|clearpoke
|poke|p1|Torkoal, F|
|poke|p1|Scovillain, M|
|poke|p1|Walking Wake|
|poke|p1|Hatterene, F|
|poke|p1|Great Tusk|
|poke|p1|Ceruledge, F|
|poke|p2|Iron Boulder|
|poke|p2|Gengar, M|
|poke|p2|Samurott-Hisui, M|
|poke|p2|Ninetales-Alola, M|
|poke|p2|Rillaboom, F|
|poke|p2|Hatterene, F|
|teampreview
|inactive|Battle timer is ON: inactive players will automatically lose when time's up. (requested by hillbilly z)
|inactive|hobamna has 120 seconds left.
|
|t:|1779646998
|teamsize|p1|6
|teamsize|p2|6
|start
|switch|p1a: Torkoal|Torkoal, F|100/100
|switch|p2a: Dark Horse|Samurott-Hisui, M|100/100
|-weather|SunnyDay|[from] ability: Drought|[of] p1a: Torkoal
|turn|1
|
|t:|1779647005
|switch|p1a: Don|Great Tusk|100/100
|-activate|p1a: Don|ability: Protosynthesis
|-start|p1a: Don|protosynthesisatk
|move|p2a: Dark Horse|Ceaseless Edge|p1a: Don
|-resisted|p1a: Don
|-damage|p1a: Don|83/100
|-damage|p2a: Dark Horse|84/100|[from] item: Rocky Helmet|[of] p1a: Don
|-sidestart|p1: hillbilly z|Spikes
|
|-weather|SunnyDay|[upkeep]
|upkeep
|turn|2
|
|t:|1779647026
|move|p1a: Don|Headlong Rush|p2a: Dark Horse
|-damage|p2a: Dark Horse|0 fnt
|-unboost|p1a: Don|def|1
|-unboost|p1a: Don|spd|1
|faint|p2a: Dark Horse
|
|-weather|SunnyDay|[upkeep]
|upkeep
|inactive|hobamna has 120 seconds left.
|
|t:|1779647056
|switch|p2a: Realerthanwhom|Rillaboom, F|100/100
|-fieldstart|move: Grassy Terrain|[from] ability: Grassy Surge|[of] p2a: Realerthanwhom
|turn|3
|
|t:|1779647060
|-end|p1a: Don|Protosynthesis|[silent]
|switch|p1a: Hatterene|Hatterene, F|100/100
|-damage|p1a: Hatterene|88/100|[from] Spikes
|move|p2a: Realerthanwhom|U-turn|p1a: Hatterene
|-damage|p1a: Hatterene|53/100
|-enditem|p1a: Hatterene|Eject Button
|
|t:|1779647063
|switch|p1a: Don|Great Tusk|83/100
|-damage|p1a: Don|71/100|[from] Spikes
|-activate|p1a: Don|ability: Protosynthesis
|-start|p1a: Don|protosynthesisatk
|
|-weather|SunnyDay|[upkeep]
|-heal|p1a: Don|77/100|[from] Grassy Terrain
|upkeep
|turn|4
|inactive|hobamna has 120 seconds left.
|
|t:|1779647073
|move|p1a: Don|Ice Spinner|p2a: Realerthanwhom
|-supereffective|p2a: Realerthanwhom
|-damage|p2a: Realerthanwhom|28/100
|-fieldend|move: Grassy Terrain
|move|p2a: Realerthanwhom|U-turn|p1a: Don
|-resisted|p1a: Don
|-crit|p1a: Don
|-damage|p1a: Don|57/100
|-damage|p2a: Realerthanwhom|11/100|[from] item: Rocky Helmet|[of] p1a: Don
|inactive|hobamna has 120 seconds left.
|
|t:|1779647087
|switch|p2a: Ninetales|Ninetales-Alola, M|100/100|[from] U-turn
|-weather|Snowscape|[from] ability: Snow Warning|[of] p2a: Ninetales
|-end|p1a: Don|Protosynthesis
|
|-weather|Snowscape|[upkeep]
|upkeep
|turn|5
|inactive|hobamna has 120 seconds left.
|
|t:|1779647100
|-end|p1a: Don|Protosynthesis|[silent]
|switch|p1a: Torkoal|Torkoal, F|100/100
|-damage|p1a: Torkoal|88/100|[from] Spikes
|-weather|SunnyDay|[from] ability: Drought|[of] p1a: Torkoal
|move|p2a: Ninetales|Aurora Veil||[still]
|-fail|p2a: Ninetales
|
|-weather|SunnyDay|[upkeep]
|upkeep
|turn|6
|inactive|hobamna has 120 seconds left.
|
|t:|1779647112
|switch|p2a: Poor Man's Ghold|Gengar, M|100/100
|move|p1a: Torkoal|Flamethrower|p2a: Poor Man's Ghold
|-damage|p2a: Poor Man's Ghold|11/100
|
|-weather|SunnyDay|[upkeep]
|upkeep
|turn|7
|inactive|hobamna has 120 seconds left.
|
|t:|1779647121
|switch|p1a: Hatterene|Hatterene, F|53/100
|-damage|p1a: Hatterene|40/100|[from] Spikes
|move|p2a: Poor Man's Ghold|Focus Blast|p1a: Hatterene
|-resisted|p1a: Hatterene
|-damage|p1a: Hatterene|30/100
|
|-weather|SunnyDay|[upkeep]
|upkeep
|turn|8
|inactive|hobamna has 120 seconds left.
|
|t:|1779647134
|move|p2a: Poor Man's Ghold|Shadow Ball|p1a: Hatterene
|-supereffective|p1a: Hatterene
|-damage|p1a: Hatterene|0 fnt
|faint|p1a: Hatterene
|
|-weather|SunnyDay|[upkeep]
|upkeep
|
|t:|1779647137
|switch|p1a: Scovillain|Scovillain, M|100/100
|-damage|p1a: Scovillain|88/100|[from] Spikes
|turn|9
|
|t:|1779647144
|move|p1a: Scovillain|Giga Drain|p2a: Poor Man's Ghold
|-resisted|p2a: Poor Man's Ghold
|-damage|p2a: Poor Man's Ghold|0 fnt
|-heal|p1a: Scovillain|93/100|[from] drain|[of] p2a: Poor Man's Ghold
|faint|p2a: Poor Man's Ghold
|-damage|p1a: Scovillain|84/100|[from] item: Life Orb
|
|-weather|SunnyDay|[upkeep]
|upkeep
|
|t:|1779647151
|switch|p2a: Ninetales|Ninetales-Alola, M|100/100
|-weather|Snowscape|[from] ability: Snow Warning|[of] p2a: Ninetales
|turn|10
|
|t:|1779647156
|switch|p1a: Torkoal|Torkoal, F|88/100
|-damage|p1a: Torkoal|76/100|[from] Spikes
|-weather|SunnyDay|[from] ability: Drought|[of] p1a: Torkoal
|move|p2a: Ninetales|Snowscape|p2a: Ninetales
|-weather|Snowscape
|
|-weather|Snowscape|[upkeep]
|upkeep
|turn|11
|
|t:|1779647163
|move|p2a: Ninetales|Aurora Veil|p2a: Ninetales
|-sidestart|p2: hobamna|move: Aurora Veil
|move|p1a: Torkoal|Stealth Rock|p2a: Ninetales
|-sidestart|p2: hobamna|move: Stealth Rock
|
|-weather|Snowscape|[upkeep]
|upkeep
|turn|12
|
|t:|1779647169
|switch|p2a: Realerthanwhom|Rillaboom, F|11/100
|-damage|p2a: Realerthanwhom|0 fnt|[from] Stealth Rock
|faint|p2a: Realerthanwhom
|move|p1a: Torkoal|Flamethrower|p2: Realerthanwhom|[notarget]
|-fail|p1a: Torkoal
|
|-weather|Snowscape|[upkeep]
|upkeep
|
|t:|1779647185
|switch|p2a: Corleo|Iron Boulder|100/100
|-damage|p2a: Corleo|88/100|[from] Stealth Rock
|-enditem|p2a: Corleo|Booster Energy
|-activate|p2a: Corleo|ability: Quark Drive|[fromitem]
|-start|p2a: Corleo|quarkdrivespe
|turn|13
|
|t:|1779647200
|-terastallize|p2a: Corleo|Fire
|move|p2a: Corleo|Swords Dance|p2a: Corleo
|-boost|p2a: Corleo|atk|2
|move|p1a: Torkoal|Clear Smog|p2a: Corleo
|-damage|p2a: Corleo|81/100
|-clearboost|p2a: Corleo
|
|-weather|Snowscape|[upkeep]
|upkeep
|turn|14
|
|t:|1779647210
|switch|p1a: Don|Great Tusk|57/100
|-damage|p1a: Don|44/100|[from] Spikes
|move|p2a: Corleo|Mighty Cleave|p1a: Don
|-resisted|p1a: Don
|-damage|p1a: Don|36/100
|-damage|p2a: Corleo|65/100|[from] item: Rocky Helmet|[of] p1a: Don
|
|-weather|none
|upkeep
|turn|15
|
|t:|1779647219
|move|p2a: Corleo|Zen Headbutt|p1a: Don
|-supereffective|p1a: Don
|-damage|p1a: Don|0 fnt
|-damage|p2a: Corleo|48/100|[from] item: Rocky Helmet|[of] p1a: Don
|faint|p1a: Don
|-end|p1a: Don|Protosynthesis|[silent]
|
|upkeep
|
|t:|1779647228
|switch|p1a: Torkoal|Torkoal, F|76/100
|-damage|p1a: Torkoal|63/100|[from] Spikes
|-weather|SunnyDay|[from] ability: Drought|[of] p1a: Torkoal
|turn|16
|
|t:|1779647236
|switch|p1a: Walking Wake|Walking Wake|100/100
|-damage|p1a: Walking Wake|88/100|[from] Spikes
|-activate|p1a: Walking Wake|ability: Protosynthesis
|-start|p1a: Walking Wake|protosynthesisspa
|move|p2a: Corleo|Mighty Cleave|p1a: Walking Wake
|-damage|p1a: Walking Wake|36/100
|
|-weather|SunnyDay|[upkeep]
|upkeep
|turn|17
|
|t:|1779647245
|move|p2a: Corleo|Mighty Cleave|p1a: Walking Wake
|-damage|p1a: Walking Wake|0 fnt
|faint|p1a: Walking Wake
|-end|p1a: Walking Wake|Protosynthesis|[silent]
|
|-weather|SunnyDay|[upkeep]
|upkeep
|
|t:|1779647249
|switch|p1a: Scovillain|Scovillain, M|84/100
|-damage|p1a: Scovillain|71/100|[from] Spikes
|turn|18
|
|t:|1779647254
|-terastallize|p1a: Scovillain|Fire
|move|p2a: Corleo|Mighty Cleave|p1a: Scovillain
|-supereffective|p1a: Scovillain
|-damage|p1a: Scovillain|0 fnt
|faint|p1a: Scovillain
|
|-weather|SunnyDay|[upkeep]
|-sideend|p2: hobamna|move: Aurora Veil
|upkeep
|
|t:|1779647265
|switch|p1a: Ceruledge|Ceruledge, F|100/100
|-damage|p1a: Ceruledge|88/100|[from] Spikes
|turn|19
|
|t:|1779647268
|move|p2a: Corleo|Mighty Cleave|p1a: Ceruledge
|-supereffective|p1a: Ceruledge
|-damage|p1a: Ceruledge|0 fnt
|faint|p1a: Ceruledge
|
|-weather|SunnyDay|[upkeep]
|upkeep
|-message|hillbilly z forfeited.
|
|win|hobamna
|raw|hillbilly z's rating: 1471 &rarr; <strong>1457</strong><br />(-14 for losing)
|raw|hobamna's rating: 1570 &rarr; <strong>1584</strong><br />(+14 for winning)
|l|☆hillbilly z
|player|p1|
