|j|☆BugCatcherWeevil
|j|☆nowaymarioyahoo
|t:|1779696179
|gametype|singles
|player|p1|BugCatcherWeevil|102|1535
|player|p2|nowaymarioyahoo|miku-water|1514
|gen|9
|tier|[Gen 9] OU
|rated|
|rule|HP Percentage Mod: HP is shown in percentages
|rule|Endless Battle Clause: Forcing endless battles is banned
|rule|Species Clause: Limit one of each Pokémon
|rule|OHKO Clause: OHKO moves are banned
|rule|Evasion Items Clause: Evasion items are banned
|rule|Evasion Moves Clause: Evasion moves are banned
|rule|Evasion Abilities Clause: Evasion abilities are banned
|rule|Sleep Moves Clause: Sleep-inducing moves are banned
|clearpoke
|poke|p1|Goodra-Hisui, F|
|poke|p1|Alomomola, M|
|poke|p1|Kyurem|
|poke|p1|Dragapult, F|
|poke|p1|Great Tusk|
|poke|p1|Ting-Lu|
|poke|p2|Araquanid, F|
|poke|p2|Iron Treads|
|poke|p2|Ceruledge, M|
|poke|p2|Slowking-Galar, M|
|poke|p2|Thundurus-Therian, M|
|poke|p2|Hoopa-Unbound|
|teampreview
|inactive|Battle timer is ON: inactive players will automatically lose when time's up. (requested by nowaymarioyahoo)
|
|t:|1779696199
|teamsize|p1|6
|teamsize|p2|6
|start
|switch|p1a: Kyurem|Kyurem|100/100
|switch|p2a: Unlimited powerrrr|Hoopa-Unbound|100/100
|-ability|p1a: Kyurem|Pressure
|turn|1
|
|t:|1779696213
|move|p2a: Unlimited powerrrr|Knock Off|p1a: Kyurem
|-damage|p1a: Kyurem|27/100
|-enditem|p1a: Kyurem|Leftovers|[from] move: Knock Off|[of] p2a: Unlimited powerrrr
|move|p1a: Kyurem|Icicle Spear|p2a: Unlimited powerrrr
|-damage|p2a: Unlimited powerrrr|80/100
|-damage|p2a: Unlimited powerrrr|60/100
|-damage|p2a: Unlimited powerrrr|41/100
|-damage|p2a: Unlimited powerrrr|21/100
|-damage|p2a: Unlimited powerrrr|0 fnt
|faint|p2a: Unlimited powerrrr
|-hitcount|p2: Unlimited powerrrr|5
|
|upkeep
|
|t:|1779696229
|switch|p2a: BBL Knights|Thundurus-Therian, M|100/100
|turn|2
|
|t:|1779696234
|move|p1a: Kyurem|Protect|p1a: Kyurem
|-singleturn|p1a: Kyurem|Protect
|move|p2a: BBL Knights|Thunderbolt|p1a: Kyurem
|-activate|p1a: Kyurem|move: Protect
|
|upkeep
|turn|3
|
|t:|1779696237
|switch|p1a: Ting-Lu|Ting-Lu|100/100
|-ability|p1a: Ting-Lu|Vessel of Ruin
|move|p2a: BBL Knights|Focus Blast|p1a: Ting-Lu|[miss]
|-miss|p2a: BBL Knights|p1a: Ting-Lu
|
|upkeep
|turn|4
|
|t:|1779696244
|move|p2a: BBL Knights|Nasty Plot|p2a: BBL Knights
|-boost|p2a: BBL Knights|spa|2
|move|p1a: Ting-Lu|Spikes|p2a: BBL Knights
|-sidestart|p2: nowaymarioyahoo|Spikes
|
|upkeep
|turn|5
|
|t:|1779696247
|-terastallize|p1a: Ting-Lu|Poison
|move|p2a: BBL Knights|Focus Blast|p1a: Ting-Lu|[miss]
|-miss|p2a: BBL Knights|p1a: Ting-Lu
|move|p1a: Ting-Lu|Whirlwind|p2a: BBL Knights
|drag|p2a: Twin Towers|Ceruledge, M|100/100
|-damage|p2a: Twin Towers|88/100|[from] Spikes
|
|upkeep
|turn|6
|
|t:|1779696256
|switch|p2a: Spooder|Araquanid, F|100/100
|-damage|p2a: Spooder|88/100|[from] Spikes
|move|p1a: Ting-Lu|Earthquake|p2a: Spooder
|-resisted|p2a: Spooder
|-damage|p2a: Spooder|69/100
|
|upkeep
|turn|7
|
|t:|1779696260
|move|p1a: Ting-Lu|Spikes|p2a: Spooder
|-sidestart|p2: nowaymarioyahoo|Spikes
|move|p2a: Spooder|Sticky Web|p1a: Ting-Lu
|-sidestart|p1: BugCatcherWeevil|move: Sticky Web
|
|upkeep
|turn|8
|
|t:|1779696265
|move|p2a: Spooder|Liquidation|p1a: Ting-Lu
|-damage|p1a: Ting-Lu|65/100
|move|p1a: Ting-Lu|Whirlwind|p2a: Spooder
|drag|p2a: Bro|Slowking-Galar, M|100/100
|
|-heal|p1a: Ting-Lu|71/100|[from] item: Leftovers
|upkeep
|turn|9
|
|t:|1779696273
|move|p1a: Ting-Lu|Earthquake|p2a: Bro
|-supereffective|p2a: Bro
|-damage|p2a: Bro|30/100
|move|p2a: Bro|Psychic Noise|p1a: Ting-Lu
|-supereffective|p1a: Ting-Lu
|-crit|p1a: Ting-Lu
|-damage|p1a: Ting-Lu|34/100
|-start|p1a: Ting-Lu|move: Heal Block
|
|upkeep
|turn|10
|
|t:|1779696284
|switch|p2a: Spooder|Araquanid, F|69/100
|-damage|p2a: Spooder|53/100|[from] Spikes
|move|p1a: Ting-Lu|Ruination|p2a: Spooder
|-damage|p2a: Spooder|27/100
|
|-end|p1a: Ting-Lu|move: Heal Block
|upkeep
|turn|11
|
|t:|1779696292
|switch|p1a: Alomomola|Alomomola, M|100/100
|move|p2a: Spooder|Liquidation|p1a: Alomomola
|-resisted|p1a: Alomomola
|-damage|p1a: Alomomola|83/100
|
|upkeep
|turn|12
|
|t:|1779696294
|move|p1a: Alomomola|Wish|p1a: Alomomola
|move|p2a: Spooder|Endeavor|p1a: Alomomola
|-damage|p1a: Alomomola|19/100
|
|upkeep
|turn|13
|
|t:|1779696306
|switch|p1a: Dragapult|Dragapult, F|100/100
|move|p2a: Spooder|Liquidation|p1a: Dragapult
|-resisted|p1a: Dragapult
|-damage|p1a: Dragapult|61/100
|-unboost|p1a: Dragapult|def|1
|
|-heal|p1a: Dragapult|100/100|[from] move: Wish|[wisher] Alomomola
|upkeep
|turn|14
|
|t:|1779696316
|move|p2a: Spooder|Endure|p2a: Spooder
|-singleturn|p2a: Spooder|move: Endure
|move|p1a: Dragapult|Dragon Darts|p2a: Spooder
|-damage|p2a: Spooder|4/100
|-anim|p1a: Dragapult|Dragon Darts|p2a: Spooder
|-activate|p2a: Spooder|move: Endure
|-damage|p2a: Spooder|1/100
|
|upkeep
|turn|15
|-enditem|p2a: Spooder|Custap Berry|[eat]
|-activate|p2a: Spooder|item: Custap Berry|[consumed]
|
|t:|1779696325
|switch|p1a: Alomomola|Alomomola, M|52/100
|move|p2a: Spooder|Liquidation|p1a: Alomomola
|-resisted|p1a: Alomomola
|-damage|p1a: Alomomola|34/100
|-unboost|p1a: Alomomola|def|1
|
|upkeep
|turn|16
|
|t:|1779696334
|move|p1a: Alomomola|Wish|p1a: Alomomola
|move|p2a: Spooder|Liquidation|p1a: Alomomola
|-resisted|p1a: Alomomola
|-damage|p1a: Alomomola|8/100
|
|upkeep
|turn|17
|
|t:|1779696345
|switch|p1a: Dragapult|Dragapult, F|100/100
|move|p2a: Spooder|Liquidation|p1a: Dragapult
|-resisted|p1a: Dragapult
|-damage|p1a: Dragapult|60/100
|-unboost|p1a: Dragapult|def|1
|
|-heal|p1a: Dragapult|100/100|[from] move: Wish|[wisher] Alomomola
|upkeep
|turn|18
|
|t:|1779696357
|move|p1a: Dragapult|Dragon Darts|p2a: Spooder
|-damage|p2a: Spooder|0 fnt
|faint|p2a: Spooder
|
|upkeep
|
|t:|1779696359
|switch|p2a: Bro|Slowking-Galar, M|63/100
|turn|19
|
|t:|1779696367
|move|p1a: Dragapult|U-turn|p2a: Bro
|-damage|p2a: Bro|45/100
|
|t:|1779696370
|switch|p1a: Goodra|Goodra-Hisui, F|100/100|[from] U-turn
|-activate|p1a: Goodra|move: Sticky Web
|-unboost|p1a: Goodra|spe|1
|move|p2a: Bro|Thunder Wave|p1a: Goodra
|-status|p1a: Goodra|par
|
|upkeep
|turn|20
|
|t:|1779696374
|-prepare|p2a: Bro|Chilly Reception|[premajor]
|move|p2a: Bro|Chilly Reception|p2a: Bro
|-weather|Snowscape
|
|t:|1779696378
|switch|p2a: Iron Balls|Iron Treads|100/100|[from] Chilly Reception
|move|p1a: Goodra|Knock Off|p2a: Iron Balls
|-damage|p2a: Iron Balls|83/100
|-enditem|p2a: Iron Balls|Heavy-Duty Boots|[from] move: Knock Off|[of] p1a: Goodra
|
|-weather|Snowscape|[upkeep]
|upkeep
|turn|21
|
|t:|1779696389
|switch|p1a: Great Tusk|Great Tusk|100/100
|-activate|p1a: Great Tusk|move: Sticky Web
|-unboost|p1a: Great Tusk|spe|1
|move|p2a: Iron Balls|Earthquake|p1a: Great Tusk
|-damage|p1a: Great Tusk|67/100
|
|-weather|Snowscape|[upkeep]
|upkeep
|turn|22
|
|t:|1779696398
|-terastallize|p2a: Iron Balls|Ghost
|move|p2a: Iron Balls|Rapid Spin|p1a: Great Tusk
|-damage|p1a: Great Tusk|54/100
|-boost|p2a: Iron Balls|spe|1
|-damage|p2a: Iron Balls|66/100|[from] item: Rocky Helmet|[of] p1a: Great Tusk
|-sideend|p2: nowaymarioyahoo|Spikes|[from] move: Rapid Spin|[of] p2a: Iron Balls
|move|p1a: Great Tusk|Headlong Rush|p2a: Iron Balls
|-damage|p2a: Iron Balls|7/100
|-unboost|p1a: Great Tusk|def|1
|-unboost|p1a: Great Tusk|spd|1
|
|-weather|Snowscape|[upkeep]
|upkeep
|turn|23
|inactive|BugCatcherWeevil has 120 seconds left.
|
|t:|1779696432
|-end|p1a: Great Tusk|Protosynthesis|[silent]
|switch|p1a: Alomomola|Alomomola, M|41/100
|move|p2a: Iron Balls|Earthquake|p1a: Alomomola
|-damage|p1a: Alomomola|15/100
|
|-weather|Snowscape|[upkeep]
|upkeep
|turn|24
|inactive|BugCatcherWeevil has 120 seconds left.
|
|t:|1779696446
|move|p2a: Iron Balls|Stealth Rock|p1a: Alomomola
|-sidestart|p1: BugCatcherWeevil|move: Stealth Rock
|move|p1a: Alomomola|Flip Turn|p2a: Iron Balls
|-damage|p2a: Iron Balls|0 fnt
|faint|p2a: Iron Balls
|-end|p2a: Iron Balls|Quark Drive|[silent]
|inactive|BugCatcherWeevil has 120 seconds left.
|
|t:|1779696455
|switch|p1a: Dragapult|Dragapult, F|100/100|[from] Flip Turn
|
|-weather|none
|upkeep
|
|t:|1779696458
|switch|p2a: Bro|Slowking-Galar, M|78/100
|turn|25
|
|t:|1779696461
|move|p1a: Dragapult|U-turn|p2a: Bro
|-damage|p2a: Bro|58/100
|
|t:|1779696476
|switch|p1a: Ting-Lu|Ting-Lu, tera:Poison|34/100|[from] U-turn
|-activate|p1a: Ting-Lu|move: Sticky Web
|-unboost|p1a: Ting-Lu|spe|1
|-damage|p1a: Ting-Lu|22/100|[from] Stealth Rock
|-ability|p1a: Ting-Lu|Vessel of Ruin
|-prepare|p2a: Bro|Chilly Reception|[premajor]
|move|p2a: Bro|Chilly Reception|p2a: Bro
|-weather|Snowscape
|
|t:|1779696479
|switch|p2a: BBL Knights|Thundurus-Therian, M|100/100|[from] Chilly Reception
|
|-weather|Snowscape|[upkeep]
|-heal|p1a: Ting-Lu|28/100|[from] item: Leftovers
|upkeep
|turn|26
|
|t:|1779696492
|move|p2a: BBL Knights|Thunderbolt|p1a: Ting-Lu
|-damage|p1a: Ting-Lu|8/100
|move|p1a: Ting-Lu|Whirlwind|p2a: BBL Knights
|drag|p2a: Twin Towers|Ceruledge, M|88/100
|
|-weather|Snowscape|[upkeep]
|-heal|p1a: Ting-Lu|15/100|[from] item: Leftovers
|upkeep
|turn|27
|
|t:|1779696500
|move|p2a: Twin Towers|Bitter Blade|p1a: Ting-Lu
|-damage|p1a: Ting-Lu|0 fnt
|-heal|p2a: Twin Towers|100/100|[from] drain|[of] p1a: Ting-Lu
|faint|p1a: Ting-Lu
|
|-weather|Snowscape|[upkeep]
|upkeep
|
|t:|1779696508
|switch|p1a: Great Tusk|Great Tusk|54/100
|-activate|p1a: Great Tusk|move: Sticky Web
|-unboost|p1a: Great Tusk|spe|1
|-damage|p1a: Great Tusk|51/100|[from] Stealth Rock
|turn|28
|
|t:|1779696513
|move|p2a: Twin Towers|Swords Dance|p2a: Twin Towers
|-boost|p2a: Twin Towers|atk|2
|move|p1a: Great Tusk|Headlong Rush|p2a: Twin Towers
|-supereffective|p2a: Twin Towers
|-enditem|p2a: Twin Towers|Focus Sash
|-damage|p2a: Twin Towers|1/100
|-unboost|p1a: Great Tusk|def|1
|-unboost|p1a: Great Tusk|spd|1
|-ability|p2a: Twin Towers|Weak Armor|boost
|-unboost|p2a: Twin Towers|def|1
|-boost|p2a: Twin Towers|spe|2
|
|-weather|Snowscape|[upkeep]
|upkeep
|turn|29
|
|t:|1779696529
|move|p2a: Twin Towers|Bitter Blade|p1a: Great Tusk
|-damage|p1a: Great Tusk|0 fnt
|-heal|p2a: Twin Towers|33/100|[from] drain|[of] p1a: Great Tusk
|-damage|p2a: Twin Towers|17/100|[from] item: Rocky Helmet|[of] p1a: Great Tusk
|faint|p1a: Great Tusk
|-end|p1a: Great Tusk|Protosynthesis|[silent]
|
|-weather|none
|upkeep
|
|t:|1779696539
|switch|p1a: Alomomola|Alomomola, M|48/100
|turn|30
|
|t:|1779696543
|switch|p1a: Kyurem|Kyurem|27/100
|-activate|p1a: Kyurem|move: Sticky Web
|-unboost|p1a: Kyurem|spe|1
|-damage|p1a: Kyurem|2/100|[from] Stealth Rock
|-ability|p1a: Kyurem|Pressure
|move|p2a: Twin Towers|Bitter Blade|p1a: Kyurem
|-damage|p1a: Kyurem|0 fnt
|-heal|p2a: Twin Towers|18/100|[from] drain|[of] p1a: Kyurem
|faint|p1a: Kyurem
|
|upkeep
|
|t:|1779696554
|switch|p1a: Alomomola|Alomomola, M|81/100
|turn|31
|
|t:|1779696556
|move|p2a: Twin Towers|Bitter Blade|p1a: Alomomola
|-resisted|p1a: Alomomola
|-damage|p1a: Alomomola|50/100
|-heal|p2a: Twin Towers|45/100|[from] drain|[of] p1a: Alomomola
|move|p1a: Alomomola|Flip Turn|p2a: Twin Towers
|-supereffective|p2a: Twin Towers
|-damage|p2a: Twin Towers|0 fnt
|faint|p2a: Twin Towers
|
|t:|1779696567
|switch|p1a: Dragapult|Dragapult, F|100/100|[from] Flip Turn
|
|upkeep
|
|t:|1779696569
|switch|p2a: Bro|Slowking-Galar, M|91/100
|turn|32
|
|t:|1779696573
|move|p1a: Dragapult|U-turn|p2a: Bro
|-damage|p2a: Bro|70/100
|
|t:|1779696576
|switch|p1a: Goodra|Goodra-Hisui, F|100/100 par|[from] U-turn
|-activate|p1a: Goodra|move: Sticky Web
|-unboost|p1a: Goodra|spe|1
|-damage|p1a: Goodra|94/100 par|[from] Stealth Rock
|move|p2a: Bro|Thunder Wave|p1a: Goodra
|-fail|p1a: Goodra|par
|
|upkeep
|turn|33
|
|t:|1779696579
|-prepare|p2a: Bro|Chilly Reception|[premajor]
|move|p2a: Bro|Chilly Reception|p2a: Bro
|-weather|Snowscape
|
|t:|1779696581
|switch|p2a: BBL Knights|Thundurus-Therian, M|100/100|[from] Chilly Reception
|move|p1a: Goodra|Knock Off|p2a: BBL Knights
|-damage|p2a: BBL Knights|72/100
|-enditem|p2a: BBL Knights|Leftovers|[from] move: Knock Off|[of] p1a: Goodra
|
|-weather|Snowscape|[upkeep]
|upkeep
|turn|34
|
|t:|1779696589
|move|p2a: BBL Knights|Nasty Plot|p2a: BBL Knights
|-boost|p2a: BBL Knights|spa|2
|move|p1a: Goodra|Draco Meteor|p2a: BBL Knights
|-damage|p2a: BBL Knights|0 fnt
|-unboost|p1a: Goodra|spa|2
|faint|p2a: BBL Knights
|
|-weather|Snowscape|[upkeep]
|upkeep
|-message|nowaymarioyahoo forfeited.
|
|win|BugCatcherWeevil
|raw|BugCatcherWeevil's rating: 1535 &rarr; <strong>1554</strong><br />(+19 for winning)
|raw|nowaymarioyahoo's rating: 1514 &rarr; <strong>1495</strong><br />(-19 for losing)
|l|☆nowaymarioyahoo
|player|p2|
