|j|☆SgtBrick14
|j|☆ChiefTriceracop
|t:|1779590050
|gametype|singles
|player|p1|SgtBrick14|pokemonranger|1476
|player|p2|ChiefTriceracop|fisherman-gen4|1492
|gen|9
|tier|[Gen 9] OU
|rated|
|rule|HP Percentage Mod: HP is shown in percentages
|rule|Endless Battle Clause: Forcing endless battles is banned
|rule|Species Clause: Limit one of each Pokémon
|rule|OHKO Clause: OHKO moves are banned
|rule|Evasion Items Clause: Evasion items are banned
|rule|Evasion Moves Clause: Evasion moves are banned
|rule|Evasion Abilities Clause: Evasion abilities are banned
|rule|Sleep Moves Clause: Sleep-inducing moves are banned
|clearpoke
|poke|p1|Lucario, F|
|poke|p1|Kingambit, F|
|poke|p1|Ceruledge, M|
|poke|p1|Gengar, F|
|poke|p1|Cloyster, M|
|poke|p1|Froslass, F|
|poke|p2|Pelipper, F|
|poke|p2|Hatterene, F|
|poke|p2|Iron Treads|
|poke|p2|Toxicroak, F|
|poke|p2|Barraskewda, F|
|poke|p2|Zapdos|
|teampreview
|inactive|Battle timer is ON: inactive players will automatically lose when time's up. (requested by ChiefTriceracop)
|
|t:|1779590056
|teamsize|p1|6
|teamsize|p2|6
|start
|switch|p1a: Gengar|Gengar, F|100/100
|switch|p2a: Pelipper|Pelipper, F|100/100
|-weather|RainDance|[from] ability: Drizzle|[of] p2a: Pelipper
|turn|1
|
|t:|1779590062
|switch|p2a: Iron Treads|Iron Treads|100/100
|move|p1a: Gengar|Sludge Wave|p2a: Iron Treads
|-immune|p2a: Iron Treads
|
|-weather|RainDance|[upkeep]
|upkeep
|turn|2
|
|t:|1779590067
|move|p1a: Gengar|Taunt|p2a: Iron Treads
|-start|p2a: Iron Treads|move: Taunt
|cant|p2a: Iron Treads|move: Taunt|Stealth Rock
|
|-weather|RainDance|[upkeep]
|upkeep
|turn|3
|
|t:|1779590069
|move|p1a: Gengar|Shadow Ball|p2a: Iron Treads
|-damage|p2a: Iron Treads|63/100
|move|p2a: Iron Treads|Earthquake|p1a: Gengar
|-supereffective|p1a: Gengar
|-enditem|p1a: Gengar|Focus Sash
|-damage|p1a: Gengar|1/100
|-start|p2a: Iron Treads|Disable|Earthquake|[from] ability: Cursed Body|[of] p1a: Gengar
|
|-weather|RainDance|[upkeep]
|-heal|p2a: Iron Treads|69/100|[from] item: Leftovers
|upkeep
|turn|4
|
|t:|1779590080
|move|p1a: Gengar|Destiny Bond|p1a: Gengar
|-singlemove|p1a: Gengar|Destiny Bond
|move|p2a: Iron Treads|Volt Switch|p1a: Gengar
|-damage|p1a: Gengar|0 fnt
|faint|p1a: Gengar
|-activate|p1a: Gengar|move: Destiny Bond
|faint|p2a: Iron Treads
|-end|p2a: Iron Treads|Quark Drive|[silent]
|
|-weather|RainDance|[upkeep]
|upkeep
|
|t:|1779590083
|switch|p1a: Froslass|Froslass, F|100/100
|switch|p2a: Barraskewda|Barraskewda, F|100/100
|turn|5
|
|t:|1779590090
|-terastallize|p2a: Barraskewda|Water
|move|p2a: Barraskewda|Flip Turn|p1a: Froslass
|-enditem|p1a: Froslass|Focus Sash
|-damage|p1a: Froslass|1/100
|-start|p2a: Barraskewda|Disable|Flip Turn|[from] ability: Cursed Body|[of] p1a: Froslass
|
|t:|1779590102
|switch|p2a: Zapdos|Zapdos|100/100|[from] Flip Turn
|move|p1a: Froslass|Destiny Bond|p1a: Froslass
|-singlemove|p1a: Froslass|Destiny Bond
|
|-weather|RainDance|[upkeep]
|upkeep
|turn|6
|
|t:|1779590107
|switch|p2a: Toxicroak|Toxicroak, F|100/100
|move|p1a: Froslass|Spikes|p2a: Toxicroak
|-sidestart|p2: ChiefTriceracop|Spikes
|
|-weather|RainDance|[upkeep]
|upkeep
|turn|7
|
|t:|1779590112
|move|p1a: Froslass|Thunder Wave|p2a: Toxicroak
|-status|p2a: Toxicroak|par
|cant|p2a: Toxicroak|par
|
|-weather|RainDance|[upkeep]
|upkeep
|turn|8
|
|t:|1779590117
|move|p1a: Froslass|Destiny Bond|p1a: Froslass
|-singlemove|p1a: Froslass|Destiny Bond
|cant|p2a: Toxicroak|par
|
|-weather|none
|upkeep
|turn|9
|
|t:|1779590123
|switch|p1a: Ceruledge|Ceruledge, M|100/100
|move|p2a: Toxicroak|Toxic|p1a: Ceruledge
|-status|p1a: Ceruledge|tox
|
|-damage|p1a: Ceruledge|94/100 tox|[from] psn
|upkeep
|turn|10
|
|t:|1779590126
|switch|p2a: Pelipper|Pelipper, F|100/100
|-weather|RainDance|[from] ability: Drizzle|[of] p2a: Pelipper
|move|p1a: Ceruledge|Bitter Blade|p2a: Pelipper
|-resisted|p2a: Pelipper
|-damage|p2a: Pelipper|87/100
|-heal|p1a: Ceruledge|100/100 tox|[from] drain|[of] p2a: Pelipper
|
|-weather|RainDance|[upkeep]
|-damage|p1a: Ceruledge|88/100 tox|[from] psn
|upkeep
|turn|11
|
|t:|1779590131
|move|p1a: Ceruledge|Destiny Bond|p1a: Ceruledge
|-singlemove|p1a: Ceruledge|Destiny Bond
|move|p2a: Pelipper|Hurricane|p1a: Ceruledge
|-damage|p1a: Ceruledge|49/100 tox
|
|-weather|RainDance|[upkeep]
|-damage|p1a: Ceruledge|30/100 tox|[from] psn
|upkeep
|turn|12
|
|t:|1779590136
|move|p1a: Ceruledge|Bitter Blade|p2a: Pelipper
|-resisted|p2a: Pelipper
|-damage|p2a: Pelipper|76/100
|-heal|p1a: Ceruledge|37/100 tox|[from] drain|[of] p2a: Pelipper
|move|p2a: Pelipper|U-turn|p1a: Ceruledge
|-resisted|p1a: Ceruledge
|-damage|p1a: Ceruledge|34/100 tox
|-ability|p1a: Ceruledge|Weak Armor|boost
|-unboost|p1a: Ceruledge|def|1
|-boost|p1a: Ceruledge|spe|2
|
|t:|1779590145
|switch|p2a: Barraskewda|Barraskewda, F, tera:Water|100/100|[from] U-turn
|-damage|p2a: Barraskewda|88/100|[from] Spikes
|
|-weather|RainDance|[upkeep]
|-damage|p1a: Ceruledge|9/100 tox|[from] psn
|upkeep
|turn|13
|
|t:|1779590148
|move|p2a: Barraskewda|Aqua Jet|p1a: Ceruledge
|-supereffective|p1a: Ceruledge
|-damage|p1a: Ceruledge|0 fnt
|faint|p1a: Ceruledge
|
|-weather|RainDance|[upkeep]
|upkeep
|
|t:|1779590153
|switch|p1a: Cloyster|Cloyster, M|100/100
|turn|14
|
|t:|1779590158
|switch|p2a: Toxicroak|Toxicroak, F|100/100 par
|-damage|p2a: Toxicroak|88/100 par|[from] Spikes
|move|p1a: Cloyster|Icicle Spear|p2a: Toxicroak
|-damage|p2a: Toxicroak|78/100 par
|-damage|p2a: Toxicroak|68/100 par
|-damage|p2a: Toxicroak|57/100 par
|-damage|p2a: Toxicroak|45/100 par
|-damage|p2a: Toxicroak|34/100 par
|-hitcount|p2a: Toxicroak|5
|
|-weather|RainDance|[upkeep]
|-heal|p2a: Toxicroak|47/100 par|[from] ability: Dry Skin
|upkeep
|turn|15
|
|t:|1779590161
|move|p1a: Cloyster|Shell Smash|p1a: Cloyster
|-unboost|p1a: Cloyster|def|1
|-unboost|p1a: Cloyster|spd|1
|-boost|p1a: Cloyster|atk|2
|-boost|p1a: Cloyster|spa|2
|-boost|p1a: Cloyster|spe|2
|move|p2a: Toxicroak|Toxic|p1a: Cloyster
|-status|p1a: Cloyster|tox
|
|-weather|RainDance|[upkeep]
|-heal|p2a: Toxicroak|59/100 par|[from] ability: Dry Skin
|-damage|p1a: Cloyster|94/100 tox|[from] psn
|upkeep
|turn|16
|
|t:|1779590168
|-terastallize|p1a: Cloyster|Ice
|move|p1a: Cloyster|Icicle Spear|p2a: Toxicroak
|-damage|p2a: Toxicroak|29/100 par
|-damage|p2a: Toxicroak|3/100 par
|-damage|p2a: Toxicroak|0 fnt
|faint|p2a: Toxicroak
|-hitcount|p2: Toxicroak|3
|
|-weather|RainDance|[upkeep]
|-damage|p1a: Cloyster|82/100 tox|[from] psn
|upkeep
|
|t:|1779590172
|switch|p2a: Barraskewda|Barraskewda, F, tera:Water|88/100
|-damage|p2a: Barraskewda|76/100|[from] Spikes
|turn|17
|
|t:|1779590178
|move|p1a: Cloyster|Ice Shard|p2a: Barraskewda
|-resisted|p2a: Barraskewda
|-damage|p2a: Barraskewda|26/100
|move|p2a: Barraskewda|Close Combat|p1a: Cloyster
|-supereffective|p1a: Cloyster
|-damage|p1a: Cloyster|0 fnt
|-unboost|p2a: Barraskewda|def|1
|-unboost|p2a: Barraskewda|spd|1
|faint|p1a: Cloyster
|
|-weather|none
|upkeep
|
|t:|1779590180
|switch|p1a: Lucario|Lucario, F|100/100
|turn|18
|
|t:|1779590185
|move|p1a: Lucario|Extreme Speed|p2a: Barraskewda
|-damage|p2a: Barraskewda|0 fnt
|faint|p2a: Barraskewda
|
|upkeep
|
|t:|1779590188
|switch|p2a: Pelipper|Pelipper, F|76/100
|-weather|RainDance|[from] ability: Drizzle|[of] p2a: Pelipper
|turn|19
|
|t:|1779590196
|switch|p1a: Froslass|Froslass, F|1/100
|move|p2a: Pelipper|Hurricane|p1a: Froslass
|-damage|p1a: Froslass|0 fnt
|faint|p1a: Froslass
|
|-weather|RainDance|[upkeep]
|upkeep
|inactive|SgtBrick14 has 120 seconds left.
|inactive|SgtBrick14 has 90 seconds left.
|
|t:|1779590262
|switch|p1a: Lucario|Lucario, F|100/100
|turn|20
|
|t:|1779590266
|move|p1a: Lucario|Swords Dance|p1a: Lucario
|-boost|p1a: Lucario|atk|2
|move|p2a: Pelipper|Hurricane|p1a: Lucario
|-damage|p1a: Lucario|52/100
|-start|p1a: Lucario|confusion
|
|-weather|RainDance|[upkeep]
|upkeep
|turn|21
|
|t:|1779590274
|-activate|p1a: Lucario|confusion
|move|p1a: Lucario|Extreme Speed|p2a: Pelipper
|-damage|p2a: Pelipper|11/100
|move|p2a: Pelipper|Hurricane|p1a: Lucario
|-damage|p1a: Lucario|0 fnt
|faint|p1a: Lucario
|
|-weather|RainDance|[upkeep]
|upkeep
|
|t:|1779590286
|switch|p1a: Kingambit|Kingambit, F|100/100
|-activate|p1a: Kingambit|ability: Supreme Overlord
|-start|p1a: Kingambit|fallen5|[silent]
|turn|22
|
|t:|1779590293
|move|p1a: Kingambit|Sucker Punch|p2a: Pelipper
|-damage|p2a: Pelipper|0 fnt
|faint|p2a: Pelipper
|
|-weather|RainDance|[upkeep]
|upkeep
|
|t:|1779590295
|switch|p2a: Zapdos|Zapdos|100/100
|turn|23
|
|t:|1779590301
|move|p2a: Zapdos|Thunder|p1a: Kingambit
|-damage|p1a: Kingambit|25/100
|move|p1a: Kingambit|Kowtow Cleave|p2a: Zapdos
|-damage|p2a: Zapdos|0 fnt
|-status|p1a: Kingambit|par|[from] ability: Static|[of] p2a: Zapdos
|faint|p2a: Zapdos
|
|-weather|RainDance|[upkeep]
|upkeep
|
|t:|1779590305
|switch|p2a: Hatterene|Hatterene, F|100/100
|-damage|p2a: Hatterene|88/100|[from] Spikes
|turn|24
|
|t:|1779590309
|move|p2a: Hatterene|Draining Kiss|p1a: Kingambit
|-damage|p1a: Kingambit|4/100 par
|-heal|p2a: Hatterene|100/100|[from] drain|[of] p1a: Kingambit
|move|p1a: Kingambit|Iron Head|p2a: Hatterene
|-supereffective|p2a: Hatterene
|-damage|p2a: Hatterene|0 fnt
|faint|p2a: Hatterene
|
|win|SgtBrick14
|raw|SgtBrick14's rating: 1476 &rarr; <strong>1497</strong><br />(+21 for winning)
|raw|ChiefTriceracop's rating: 1492 &rarr; <strong>1471</strong><br />(-21 for losing)
|l|☆ChiefTriceracop
|player|p2|
|l|☆SgtBrick14
|player|p1|
