|j|☆thebacchusbraviary
|j|☆Hbfhbc
|t:|1779671544
|gametype|singles
|player|p1|thebacchusbraviary|winona|1347
|player|p2|Hbfhbc|266|1388
|gen|9
|tier|[Gen 9] OU
|rated|
|rule|HP Percentage Mod: HP is shown in percentages
|rule|Endless Battle Clause: Forcing endless battles is banned
|rule|Species Clause: Limit one of each Pokémon
|rule|OHKO Clause: OHKO moves are banned
|rule|Evasion Items Clause: Evasion items are banned
|rule|Evasion Moves Clause: Evasion moves are banned
|rule|Evasion Abilities Clause: Evasion abilities are banned
|rule|Sleep Moves Clause: Sleep-inducing moves are banned
|clearpoke
|poke|p1|Talonflame, F|
|poke|p1|Tyranitar, M|
|poke|p1|Dragalge, M|
|poke|p1|Milotic, F|
|poke|p1|Tauros-Paldea-Aqua, M|
|poke|p1|Sinistcha|
|poke|p2|Dragonite, F|
|poke|p2|Great Tusk|
|poke|p2|Deoxys-Speed|
|poke|p2|Gholdengo|
|poke|p2|Zamazenta-*|
|poke|p2|Iron Valiant|
|teampreview
|inactive|Battle timer is ON: inactive players will automatically lose when time's up. (requested by thebacchusbraviary)
|
|t:|1779671546
|teamsize|p1|6
|teamsize|p2|6
|start
|switch|p1a: Tyranitar|Tyranitar, M|100/100
|switch|p2a: Deoxys|Deoxys-Speed, shiny|100/100
|-ability|p2a: Deoxys|Pressure
|-weather|Sandstorm|[from] ability: Sand Stream|[of] p1a: Tyranitar
|turn|1
|
|t:|1779671549
|move|p2a: Deoxys|Stealth Rock|p1a: Tyranitar
|-sidestart|p1: thebacchusbraviary|move: Stealth Rock
|move|p1a: Tyranitar|Knock Off|p2a: Deoxys
|-supereffective|p2a: Deoxys
|-enditem|p2a: Deoxys|Focus Sash
|-damage|p2a: Deoxys|1/100
|
|-weather|Sandstorm|[upkeep]
|-damage|p2a: Deoxys|0 fnt|[from] Sandstorm
|faint|p2a: Deoxys
|upkeep
|
|t:|1779671551
|switch|p2a: Great Tusk|Great Tusk|100/100
|-enditem|p2a: Great Tusk|Booster Energy
|-activate|p2a: Great Tusk|ability: Protosynthesis|[fromitem]
|-start|p2a: Great Tusk|protosynthesisspe
|turn|2
|
|t:|1779671554
|move|p2a: Great Tusk|Bulk Up|p2a: Great Tusk
|-boost|p2a: Great Tusk|atk|1
|-boost|p2a: Great Tusk|def|1
|move|p1a: Tyranitar|Ice Beam|p2a: Great Tusk
|-supereffective|p2a: Great Tusk
|-damage|p2a: Great Tusk|44/100
|
|-weather|Sandstorm|[upkeep]
|upkeep
|turn|3
|
|t:|1779671559
|move|p2a: Great Tusk|Headlong Rush|p1a: Tyranitar
|-supereffective|p1a: Tyranitar
|-damage|p1a: Tyranitar|0 fnt
|-unboost|p2a: Great Tusk|def|1
|-unboost|p2a: Great Tusk|spd|1
|faint|p1a: Tyranitar
|
|-weather|Sandstorm|[upkeep]
|upkeep
|
|t:|1779671564
|switch|p1a: Talonflame|Talonflame, F|100/100
|turn|4
|
|t:|1779671591
|move|p2a: Great Tusk|Ice Spinner|p1a: Talonflame
|-damage|p1a: Talonflame|48/100
|move|p1a: Talonflame|Brave Bird|p2a: Great Tusk
|-supereffective|p2a: Great Tusk
|-damage|p2a: Great Tusk|0 fnt
|faint|p2a: Great Tusk
|-end|p2a: Great Tusk|Protosynthesis|[silent]
|-damage|p1a: Talonflame|27/100|[from] Recoil
|
|-weather|Sandstorm|[upkeep]
|-damage|p1a: Talonflame|21/100|[from] Sandstorm
|upkeep
|
|t:|1779671596
|switch|p2a: Iron Valiant|Iron Valiant, shiny|100/100
|-enditem|p2a: Iron Valiant|Booster Energy
|-activate|p2a: Iron Valiant|ability: Quark Drive|[fromitem]
|-start|p2a: Iron Valiant|quarkdrivespe
|turn|5
|
|t:|1779671600
|switch|p1a: Dragalge|Dragalge, M|100/100
|-damage|p1a: Dragalge|88/100|[from] Stealth Rock
|move|p2a: Iron Valiant|Knock Off|p1a: Dragalge
|-damage|p1a: Dragalge|56/100
|-enditem|p1a: Dragalge|Assault Vest|[from] move: Knock Off|[of] p2a: Iron Valiant
|
|-weather|none
|upkeep
|turn|6
|
|t:|1779671613
|-end|p2a: Iron Valiant|Quark Drive|[silent]
|switch|p2a: Gholdengo|Gholdengo, shiny|100/100
|move|p1a: Dragalge|Sludge Bomb|p2a: Gholdengo
|-immune|p2a: Gholdengo
|
|upkeep
|turn|7
|
|t:|1779671622
|move|p2a: Gholdengo|Nasty Plot|p2a: Gholdengo
|-boost|p2a: Gholdengo|spa|2
|move|p1a: Dragalge|Scald|p2a: Gholdengo
|-damage|p2a: Gholdengo|76/100
|
|upkeep
|turn|8
|
|t:|1779671633
|move|p2a: Gholdengo|Make It Rain|p1a: Dragalge
|-damage|p1a: Dragalge|0 fnt
|-unboost|p2a: Gholdengo|spa|1
|faint|p1a: Dragalge
|
|upkeep
|
|t:|1779671637
|switch|p1a: Tauros|Tauros-Paldea-Aqua, M|100/100
|-damage|p1a: Tauros|94/100|[from] Stealth Rock
|-ability|p1a: Tauros|Intimidate|boost
|-unboost|p2a: Gholdengo|atk|1
|turn|9
|
|t:|1779671644
|move|p1a: Tauros|Earthquake|p2a: Gholdengo
|-supereffective|p2a: Gholdengo
|-crit|p2a: Gholdengo
|-damage|p2a: Gholdengo|0 fnt
|faint|p2a: Gholdengo
|
|upkeep
|
|t:|1779671650
|switch|p2a: Iron Valiant|Iron Valiant, shiny|100/100
|turn|10
|
|t:|1779671654
|switch|p1a: Milotic|Milotic, F|100/100
|-damage|p1a: Milotic|88/100|[from] Stealth Rock
|move|p2a: Iron Valiant|Moonblast|p1a: Milotic
|-damage|p1a: Milotic|60/100
|-unboost|p1a: Milotic|spa|1
|-ability|p1a: Milotic|Competitive|boost
|-boost|p1a: Milotic|spa|2
|
|-heal|p1a: Milotic|66/100|[from] item: Leftovers
|upkeep
|turn|11
|
|t:|1779671662
|move|p2a: Iron Valiant|Moonblast|p1a: Milotic
|-damage|p1a: Milotic|41/100
|-unboost|p1a: Milotic|spa|1
|-ability|p1a: Milotic|Competitive|boost
|-boost|p1a: Milotic|spa|2
|move|p1a: Milotic|Recover|p1a: Milotic
|-heal|p1a: Milotic|91/100
|
|-heal|p1a: Milotic|97/100|[from] item: Leftovers
|upkeep
|turn|12
|
|t:|1779671669
|move|p2a: Iron Valiant|Destiny Bond|p2a: Iron Valiant
|-singlemove|p2a: Iron Valiant|Destiny Bond
|move|p1a: Milotic|Scald|p2a: Iron Valiant
|-crit|p2a: Iron Valiant
|-damage|p2a: Iron Valiant|0 fnt
|faint|p2a: Iron Valiant
|-activate|p2a: Iron Valiant|move: Destiny Bond
|-end|p2a: Iron Valiant|Quark Drive|[silent]
|faint|p1a: Milotic
|
|upkeep
|
|t:|1779671681
|switch|p2a: Dragonite|Dragonite, F|100/100
|switch|p1a: Talonflame|Talonflame, F|21/100
|turn|13
|
|t:|1779671685
|-terastallize|p2a: Dragonite|Fire
|move|p1a: Talonflame|Defog|p2a: Dragonite
|-unboost|p2a: Dragonite|evasion|1
|-sideend|p1: thebacchusbraviary|Stealth Rock|[from] move: Defog|[of] p1a: Talonflame
|move|p2a: Dragonite|Dragon Dance|p2a: Dragonite
|-boost|p2a: Dragonite|atk|1
|-boost|p2a: Dragonite|spe|1
|
|upkeep
|turn|14
|
|t:|1779671687
|move|p2a: Dragonite|Dragon Dance|p2a: Dragonite
|-boost|p2a: Dragonite|atk|1
|-boost|p2a: Dragonite|spe|1
|move|p1a: Talonflame|U-turn|p2a: Dragonite
|-resisted|p2a: Dragonite
|-damage|p2a: Dragonite|96/100
|
|t:|1779671689
|switch|p1a: Tauros|Tauros-Paldea-Aqua, M|94/100|[from] U-turn
|-ability|p1a: Tauros|Intimidate|boost
|-unboost|p2a: Dragonite|atk|1
|
|upkeep
|turn|15
|
|t:|1779671694
|move|p2a: Dragonite|Outrage|p1a: Tauros
|-damage|p1a: Tauros|0 fnt
|faint|p1a: Tauros
|-damage|p2a: Dragonite|86/100|[from] item: Life Orb
|
|upkeep
|
|t:|1779671697
|switch|p1a: Sinistcha|Sinistcha|100/100
|turn|16
|
|t:|1779671700
|move|p2a: Dragonite|Outrage|p1a: Sinistcha|[from] lockedmove
|-crit|p1a: Sinistcha
|-damage|p1a: Sinistcha|0 fnt
|faint|p1a: Sinistcha
|-damage|p2a: Dragonite|76/100|[from] item: Life Orb
|-start|p2a: Dragonite|confusion|[fatigue]
|
|upkeep
|-message|thebacchusbraviary forfeited.
|
|win|Hbfhbc
|raw|thebacchusbraviary's rating: 1347 &rarr; <strong>1329</strong><br />(-18 for losing)
|raw|Hbfhbc's rating: 1388 &rarr; <strong>1406</strong><br />(+18 for winning)
|l|☆thebacchusbraviary
|player|p1|
|l|☆Hbfhbc
|player|p2|
