|j|☆draconotmeteor
|j|☆JokerKing2398
|t:|1779702214
|gametype|singles
|player|p1|draconotmeteor|shauntal|1460
|player|p2|JokerKing2398|norman|1446
|gen|9
|tier|[Gen 9] OU
|rated|
|rule|HP Percentage Mod: HP is shown in percentages
|rule|Endless Battle Clause: Forcing endless battles is banned
|rule|Species Clause: Limit one of each Pokémon
|rule|OHKO Clause: OHKO moves are banned
|rule|Evasion Items Clause: Evasion items are banned
|rule|Evasion Moves Clause: Evasion moves are banned
|rule|Evasion Abilities Clause: Evasion abilities are banned
|rule|Sleep Moves Clause: Sleep-inducing moves are banned
|clearpoke
|poke|p1|Cyclizar, M|
|poke|p1|Corviknight, F|
|poke|p1|Ting-Lu|
|poke|p1|Slowking-Galar, M|
|poke|p1|Kyurem|
|poke|p1|Garganacl, F|
|poke|p2|Galvantula, M|
|poke|p2|Samurott-Hisui, F|
|poke|p2|Garganacl, F|
|poke|p2|Blaziken, F|
|poke|p2|Reuniclus, M|
|poke|p2|Sinistcha|
|teampreview
|
|t:|1779702220
|teamsize|p1|6
|teamsize|p2|6
|start
|switch|p1a: Garganacl|Garganacl, F|100/100
|switch|p2a: Galvantula|Galvantula, M|100/100
|turn|1
|
|t:|1779702222
|move|p2a: Galvantula|Energy Ball|p1a: Garganacl
|-supereffective|p1a: Garganacl
|-damage|p1a: Garganacl|49/100
|move|p1a: Garganacl|Stealth Rock|p2a: Galvantula
|-sidestart|p2: JokerKing2398|move: Stealth Rock
|
|-heal|p1a: Garganacl|55/100|[from] item: Leftovers
|upkeep
|turn|2
|
|t:|1779702226
|move|p2a: Galvantula|Energy Ball|p1a: Garganacl
|-supereffective|p1a: Garganacl
|-damage|p1a: Garganacl|4/100
|move|p1a: Garganacl|Salt Cure|p2a: Galvantula
|-supereffective|p2a: Galvantula
|-damage|p2a: Galvantula|49/100
|-start|p2a: Galvantula|Salt Cure
|
|-heal|p1a: Garganacl|10/100|[from] item: Leftovers
|-damage|p2a: Galvantula|37/100|[from] Salt Cure
|upkeep
|turn|3
|
|t:|1779702229
|switch|p1a: Kyurem|Kyurem|100/100
|-ability|p1a: Kyurem|Pressure
|move|p2a: Galvantula|Energy Ball|p1a: Kyurem
|-resisted|p1a: Kyurem
|-damage|p1a: Kyurem|84/100
|
|-heal|p1a: Kyurem|90/100|[from] item: Leftovers
|-damage|p2a: Galvantula|24/100|[from] Salt Cure
|upkeep
|turn|4
|
|t:|1779702235
|move|p1a: Kyurem|Protect|p1a: Kyurem
|-singleturn|p1a: Kyurem|Protect
|move|p2a: Galvantula|Energy Ball|p1a: Kyurem
|-activate|p1a: Kyurem|move: Protect
|
|-heal|p1a: Kyurem|97/100|[from] item: Leftovers
|-damage|p2a: Galvantula|12/100|[from] Salt Cure
|upkeep
|turn|5
|
|t:|1779702238
|move|p2a: Galvantula|Energy Ball|p1a: Kyurem
|-resisted|p1a: Kyurem
|-damage|p1a: Kyurem|80/100
|move|p1a: Kyurem|Substitute|p1a: Kyurem
|-start|p1a: Kyurem|Substitute
|-damage|p1a: Kyurem|55/100
|
|-heal|p1a: Kyurem|61/100|[from] item: Leftovers
|-damage|p2a: Galvantula|0 fnt|[from] Salt Cure
|faint|p2a: Galvantula
|upkeep
|
|t:|1779702248
|switch|p2a: Garganacl|Garganacl, F|100/100
|-damage|p2a: Garganacl|88/100|[from] Stealth Rock
|turn|6
|
|t:|1779702251
|-terastallize|p1a: Kyurem|Ground
|move|p1a: Kyurem|Earth Power|p2a: Garganacl
|-supereffective|p2a: Garganacl
|-damage|p2a: Garganacl|5/100
|move|p2a: Garganacl|Salt Cure|p1a: Kyurem
|-resisted|p1a: Kyurem
|-activate|p1a: Kyurem|move: Substitute|[damage]
|
|-heal|p1a: Kyurem|68/100|[from] item: Leftovers
|-heal|p2a: Garganacl|11/100|[from] item: Leftovers
|upkeep
|turn|7
|
|t:|1779702259
|move|p1a: Kyurem|Freeze-Dry|p2a: Garganacl
|-damage|p2a: Garganacl|0 fnt
|faint|p2a: Garganacl
|
|-heal|p1a: Kyurem|74/100|[from] item: Leftovers
|upkeep
|
|t:|1779702266
|switch|p2a: Samurott|Samurott-Hisui, F|100/100
|-damage|p2a: Samurott|88/100|[from] Stealth Rock
|turn|8
|
|t:|1779702269
|move|p1a: Kyurem|Protect|p1a: Kyurem
|-singleturn|p1a: Kyurem|Protect
|move|p2a: Samurott|Flip Turn|p1a: Kyurem
|-activate|p1a: Kyurem|move: Protect
|
|-heal|p1a: Kyurem|80/100|[from] item: Leftovers
|upkeep
|turn|9
|
|t:|1779702271
|move|p2a: Samurott|Flip Turn|p1a: Kyurem
|-supereffective|p1a: Kyurem
|-end|p1a: Kyurem|Substitute
|
|t:|1779702276
|switch|p2a: Reuniclus|Reuniclus, M|100/100|[from] Flip Turn
|-damage|p2a: Reuniclus|88/100|[from] Stealth Rock
|move|p1a: Kyurem|Freeze-Dry|p2a: Reuniclus
|-damage|p2a: Reuniclus|53/100
|
|-heal|p1a: Kyurem|86/100|[from] item: Leftovers
|upkeep
|turn|10
|
|t:|1779702283
|move|p1a: Kyurem|Substitute|p1a: Kyurem
|-start|p1a: Kyurem|Substitute
|-damage|p1a: Kyurem|61/100
|move|p2a: Reuniclus|Energy Ball|p1a: Kyurem
|-supereffective|p1a: Kyurem
|-end|p1a: Kyurem|Substitute
|
|-heal|p1a: Kyurem|67/100|[from] item: Leftovers
|upkeep
|turn|11
|
|t:|1779702287
|move|p1a: Kyurem|Protect|p1a: Kyurem
|-singleturn|p1a: Kyurem|Protect
|move|p2a: Reuniclus|Energy Ball|p1a: Kyurem
|-activate|p1a: Kyurem|move: Protect
|
|-heal|p1a: Kyurem|74/100|[from] item: Leftovers
|upkeep
|turn|12
|
|t:|1779702290
|move|p1a: Kyurem|Substitute|p1a: Kyurem
|-start|p1a: Kyurem|Substitute
|-damage|p1a: Kyurem|49/100
|move|p2a: Reuniclus|Energy Ball|p1a: Kyurem
|-supereffective|p1a: Kyurem
|-end|p1a: Kyurem|Substitute
|
|-heal|p1a: Kyurem|55/100|[from] item: Leftovers
|upkeep
|turn|13
|
|t:|1779702293
|move|p1a: Kyurem|Protect|p1a: Kyurem
|-singleturn|p1a: Kyurem|Protect
|move|p2a: Reuniclus|Energy Ball|p1a: Kyurem
|-activate|p1a: Kyurem|move: Protect
|
|-heal|p1a: Kyurem|61/100|[from] item: Leftovers
|upkeep
|turn|14
|
|t:|1779702296
|move|p1a: Kyurem|Substitute|p1a: Kyurem
|-start|p1a: Kyurem|Substitute
|-damage|p1a: Kyurem|36/100
|move|p2a: Reuniclus|Energy Ball|p1a: Kyurem
|-supereffective|p1a: Kyurem
|-end|p1a: Kyurem|Substitute
|
|-heal|p1a: Kyurem|42/100|[from] item: Leftovers
|upkeep
|turn|15
|
|t:|1779702300
|switch|p2a: Samurott|Samurott-Hisui, F|88/100
|-damage|p2a: Samurott|76/100|[from] Stealth Rock
|move|p1a: Kyurem|Substitute|p1a: Kyurem
|-start|p1a: Kyurem|Substitute
|-damage|p1a: Kyurem|17/100
|
|-heal|p1a: Kyurem|23/100|[from] item: Leftovers
|upkeep
|turn|16
|
|t:|1779702303
|move|p1a: Kyurem|Protect|p1a: Kyurem
|-singleturn|p1a: Kyurem|Protect
|move|p2a: Samurott|Aqua Cutter|p1a: Kyurem
|-activate|p1a: Kyurem|move: Protect
|
|-heal|p1a: Kyurem|29/100|[from] item: Leftovers
|upkeep
|turn|17
|
|t:|1779702309
|move|p2a: Samurott|Aqua Cutter|p1a: Kyurem
|-supereffective|p1a: Kyurem
|-end|p1a: Kyurem|Substitute
|move|p1a: Kyurem|Freeze-Dry|p2a: Samurott
|-supereffective|p2a: Samurott
|-damage|p2a: Samurott|0 fnt
|faint|p2a: Samurott
|
|-heal|p1a: Kyurem|36/100|[from] item: Leftovers
|upkeep
|
|t:|1779702318
|switch|p2a: Sinistcha|Sinistcha|100/100
|-damage|p2a: Sinistcha|88/100|[from] Stealth Rock
|turn|18
|
|t:|1779702328
|move|p1a: Kyurem|Substitute|p1a: Kyurem
|-start|p1a: Kyurem|Substitute
|-damage|p1a: Kyurem|11/100
|move|p2a: Sinistcha|Matcha Gotcha|p1a: Kyurem
|-supereffective|p1a: Kyurem
|-end|p1a: Kyurem|Substitute
|-heal|p2a: Sinistcha|100/100|[from] drain|[of] p1a: Kyurem
|
|-heal|p1a: Kyurem|17/100|[from] item: Leftovers
|upkeep
|turn|19
|
|t:|1779702336
|switch|p1a: Slowking|Slowking-Galar, M|100/100
|move|p2a: Sinistcha|Calm Mind|p2a: Sinistcha
|-boost|p2a: Sinistcha|spa|1
|-boost|p2a: Sinistcha|spd|1
|
|upkeep
|turn|20
|
|t:|1779702340
|move|p2a: Sinistcha|Substitute|p2a: Sinistcha
|-start|p2a: Sinistcha|Substitute
|-damage|p2a: Sinistcha|76/100
|move|p1a: Slowking|Sludge Bomb|p2a: Sinistcha
|-end|p2a: Sinistcha|Substitute
|
|-heal|p2a: Sinistcha|82/100|[from] item: Leftovers
|upkeep
|turn|21
|
|t:|1779702345
|move|p2a: Sinistcha|Shadow Ball|p1a: Slowking
|-supereffective|p1a: Slowking
|-damage|p1a: Slowking|21/100
|-unboost|p1a: Slowking|spd|1
|move|p1a: Slowking|Sludge Bomb|p2a: Sinistcha
|-damage|p2a: Sinistcha|53/100
|-status|p2a: Sinistcha|psn
|
|-heal|p2a: Sinistcha|59/100 psn|[from] item: Leftovers
|-damage|p2a: Sinistcha|47/100 psn|[from] psn
|upkeep
|turn|22
|
|t:|1779702349
|switch|p1a: Cyclizar|Cyclizar, M|100/100
|move|p2a: Sinistcha|Shadow Ball|p1a: Cyclizar
|-immune|p1a: Cyclizar
|
|-heal|p2a: Sinistcha|53/100 psn|[from] item: Leftovers
|-damage|p2a: Sinistcha|40/100 psn|[from] psn
|upkeep
|turn|23
|
|t:|1779702352
|move|p1a: Cyclizar|Knock Off|p2a: Sinistcha
|-supereffective|p2a: Sinistcha
|-damage|p2a: Sinistcha|6/100 psn
|-enditem|p2a: Sinistcha|Leftovers|[from] move: Knock Off|[of] p1a: Cyclizar
|move|p2a: Sinistcha|Matcha Gotcha|p1a: Cyclizar
|-resisted|p1a: Cyclizar
|-damage|p1a: Cyclizar|40/100
|-heal|p2a: Sinistcha|31/100 psn|[from] drain|[of] p1a: Cyclizar
|
|-damage|p2a: Sinistcha|18/100 psn|[from] psn
|upkeep
|turn|24
|
|t:|1779702355
|move|p1a: Cyclizar|Knock Off|p2a: Sinistcha
|-supereffective|p2a: Sinistcha
|-damage|p2a: Sinistcha|0 fnt
|faint|p2a: Sinistcha
|
|upkeep
|
|t:|1779702357
|switch|p2a: Blaziken|Blaziken, F|100/100
|turn|25
|
|t:|1779702362
|switch|p1a: Ting-Lu|Ting-Lu|100/100
|-ability|p1a: Ting-Lu|Vessel of Ruin
|move|p2a: Blaziken|Swords Dance|p2a: Blaziken
|-boost|p2a: Blaziken|atk|2
|
|-ability|p2a: Blaziken|Speed Boost|boost
|-boost|p2a: Blaziken|spe|1
|upkeep
|turn|26
|
|t:|1779702364
|move|p2a: Blaziken|Close Combat|p1a: Ting-Lu
|-supereffective|p1a: Ting-Lu
|-damage|p1a: Ting-Lu|0 fnt
|-unboost|p2a: Blaziken|def|1
|-unboost|p2a: Blaziken|spd|1
|faint|p1a: Ting-Lu
|
|-ability|p2a: Blaziken|Speed Boost|boost
|-boost|p2a: Blaziken|spe|1
|upkeep
|
|t:|1779702369
|switch|p1a: Corviknight|Corviknight, F|100/100
|-ability|p1a: Corviknight|Pressure
|turn|27
|
|t:|1779702375
|move|p2a: Blaziken|Flare Blitz|p1a: Corviknight
|-supereffective|p1a: Corviknight
|-damage|p1a: Corviknight|0 fnt
|-damage|p2a: Blaziken|84/100|[from] item: Rocky Helmet|[of] p1a: Corviknight
|faint|p1a: Corviknight
|-damage|p2a: Blaziken|40/100|[from] Recoil
|
|-ability|p2a: Blaziken|Speed Boost|boost
|-boost|p2a: Blaziken|spe|1
|upkeep
|
|t:|1779702381
|switch|p1a: Kyurem|Kyurem, tera:Ground|17/100
|-ability|p1a: Kyurem|Pressure
|turn|28
|
|t:|1779702385
|switch|p1a: Cyclizar|Cyclizar, M|73/100
|move|p2a: Blaziken|Close Combat|p1a: Cyclizar
|-supereffective|p1a: Cyclizar
|-damage|p1a: Cyclizar|0 fnt
|-unboost|p2a: Blaziken|def|1
|-unboost|p2a: Blaziken|spd|1
|faint|p1a: Cyclizar
|
|-ability|p2a: Blaziken|Speed Boost|boost
|-boost|p2a: Blaziken|spe|1
|upkeep
|
|t:|1779702390
|switch|p1a: Slowking|Slowking-Galar, M|54/100
|turn|29
|
|t:|1779702392
|move|p2a: Blaziken|Flare Blitz|p1a: Slowking
|-damage|p1a: Slowking|0 fnt
|faint|p1a: Slowking
|-damage|p2a: Blaziken|17/100|[from] Recoil
|
|-ability|p2a: Blaziken|Speed Boost|boost
|-boost|p2a: Blaziken|spe|1
|upkeep
|
|t:|1779702395
|switch|p1a: Kyurem|Kyurem, tera:Ground|17/100
|-ability|p1a: Kyurem|Pressure
|turn|30
|
|t:|1779702399
|move|p1a: Kyurem|Protect|p1a: Kyurem
|-singleturn|p1a: Kyurem|Protect
|move|p2a: Blaziken|Close Combat|p1a: Kyurem
|-activate|p1a: Kyurem|move: Protect
|
|-heal|p1a: Kyurem|23/100|[from] item: Leftovers
|-ability|p2a: Blaziken|Speed Boost|boost
|-boost|p2a: Blaziken|spe|1
|upkeep
|turn|31
|
|t:|1779702401
|switch|p1a: Garganacl|Garganacl, F|10/100
|move|p2a: Blaziken|Close Combat|p1a: Garganacl
|-supereffective|p1a: Garganacl
|-damage|p1a: Garganacl|0 fnt
|-unboost|p2a: Blaziken|def|1
|-unboost|p2a: Blaziken|spd|1
|faint|p1a: Garganacl
|
|upkeep
|
|t:|1779702402
|switch|p1a: Kyurem|Kyurem, tera:Ground|23/100
|-ability|p1a: Kyurem|Pressure
|turn|32
|
|t:|1779702405
|move|p2a: Blaziken|Flare Blitz|p1a: Kyurem
|-damage|p1a: Kyurem|0 fnt
|faint|p1a: Kyurem
|-damage|p2a: Blaziken|7/100|[from] Recoil
|
|win|JokerKing2398
|raw|draconotmeteor's rating: 1460 &rarr; <strong>1439</strong><br />(-21 for losing)
|raw|JokerKing2398's rating: 1446 &rarr; <strong>1467</strong><br />(+21 for winning)
|l|☆JokerKing2398
|player|p2|
|l|☆draconotmeteor
|player|p1|
