|j|☆antzinmypantz
|j|☆ditissjoerd
|t:|1779719648
|gametype|singles
|player|p1|antzinmypantz|1|1418
|player|p2|ditissjoerd|clown|1416
|gen|9
|tier|[Gen 9] OU
|rated|
|rule|HP Percentage Mod: HP is shown in percentages
|rule|Endless Battle Clause: Forcing endless battles is banned
|rule|Species Clause: Limit one of each Pokémon
|rule|OHKO Clause: OHKO moves are banned
|rule|Evasion Items Clause: Evasion items are banned
|rule|Evasion Moves Clause: Evasion moves are banned
|rule|Evasion Abilities Clause: Evasion abilities are banned
|rule|Sleep Moves Clause: Sleep-inducing moves are banned
|clearpoke
|poke|p1|Dondozo, M|
|poke|p1|Clefable, M|
|poke|p1|Ting-Lu|
|poke|p1|Corviknight, M|
|poke|p1|Skeledirge, F|
|poke|p1|Latias, F|
|poke|p2|Torkoal, F|
|poke|p2|Slither Wing|
|poke|p2|Walking Wake|
|poke|p2|Iron Moth|
|poke|p2|Tornadus-Therian, M|
|poke|p2|Charizard, M|
|teampreview
|inactive|Battle timer is ON: inactive players will automatically lose when time's up. (requested by ditissjoerd)
|
|t:|1779719665
|teamsize|p1|6
|teamsize|p2|6
|start
|switch|p1a: Corviknight|Corviknight, M|100/100
|switch|p2a: Torkoal|Torkoal, F|100/100
|-ability|p1a: Corviknight|Pressure
|-weather|SunnyDay|[from] ability: Drought|[of] p2a: Torkoal
|turn|1
|
|t:|1779719677
|switch|p1a: Skeledirge|Skeledirge, F|100/100
|move|p2a: Torkoal|Lava Plume|p1a: Skeledirge
|-resisted|p1a: Skeledirge
|-damage|p1a: Skeledirge|81/100
|
|-weather|SunnyDay|[upkeep]
|upkeep
|turn|2
|
|t:|1779719681
|switch|p1a: Latias|Latias, F|100/100
|switch|p2a: Walking Wake|Walking Wake|100/100
|-activate|p2a: Walking Wake|ability: Protosynthesis
|-start|p2a: Walking Wake|protosynthesisspe
|
|-weather|SunnyDay|[upkeep]
|upkeep
|turn|3
|
|t:|1779719686
|move|p1a: Latias|Draco Meteor|p2a: Walking Wake
|-supereffective|p2a: Walking Wake
|-damage|p2a: Walking Wake|0 fnt
|-unboost|p1a: Latias|spa|2
|faint|p2a: Walking Wake
|-end|p2a: Walking Wake|Protosynthesis|[silent]
|
|-weather|SunnyDay|[upkeep]
|upkeep
|
|t:|1779719691
|switch|p2a: Slither Wing|Slither Wing|100/100
|-activate|p2a: Slither Wing|ability: Protosynthesis
|-start|p2a: Slither Wing|protosynthesisatk
|turn|4
|
|t:|1779719700
|switch|p1a: Corviknight|Corviknight, M|100/100
|-ability|p1a: Corviknight|Pressure
|move|p2a: Slither Wing|Flare Blitz|p1a: Corviknight
|-supereffective|p1a: Corviknight
|-damage|p1a: Corviknight|0 fnt
|faint|p1a: Corviknight
|-damage|p2a: Slither Wing|65/100|[from] Recoil
|
|-weather|SunnyDay|[upkeep]
|upkeep
|
|t:|1779719708
|switch|p1a: Latias|Latias, F|100/100
|turn|5
|
|t:|1779719712
|-end|p2a: Slither Wing|Protosynthesis|[silent]
|switch|p2a: Tornadus|Tornadus-Therian, M|100/100
|move|p1a: Latias|Mist Ball|p2a: Tornadus
|-damage|p2a: Tornadus|63/100
|
|-weather|SunnyDay|[upkeep]
|upkeep
|turn|6
|
|t:|1779719722
|switch|p1a: Ting-Lu|Ting-Lu|100/100
|-ability|p1a: Ting-Lu|Vessel of Ruin
|move|p2a: Tornadus|Knock Off|p1a: Ting-Lu
|-resisted|p1a: Ting-Lu
|-damage|p1a: Ting-Lu|94/100
|-enditem|p1a: Ting-Lu|Assault Vest|[from] move: Knock Off|[of] p2a: Tornadus
|
|-weather|SunnyDay|[upkeep]
|upkeep
|turn|7
|
|t:|1779719728
|move|p2a: Tornadus|U-turn|p1a: Ting-Lu
|-supereffective|p1a: Ting-Lu
|-damage|p1a: Ting-Lu|77/100
|
|t:|1779719731
|switch|p2a: Slither Wing|Slither Wing|65/100|[from] U-turn
|-activate|p2a: Slither Wing|ability: Protosynthesis
|-start|p2a: Slither Wing|protosynthesisatk
|move|p1a: Ting-Lu|Stone Edge|p2a: Slither Wing
|-damage|p2a: Slither Wing|19/100
|
|-weather|SunnyDay|[upkeep]
|upkeep
|turn|8
|
|t:|1779719744
|switch|p1a: Skeledirge|Skeledirge, F|81/100
|move|p2a: Slither Wing|U-turn|p1a: Skeledirge
|-resisted|p1a: Skeledirge
|-damage|p1a: Skeledirge|64/100
|
|t:|1779719747
|-end|p2a: Slither Wing|Protosynthesis|[silent]
|switch|p2a: Tornadus|Tornadus-Therian, M|96/100|[from] U-turn
|
|-weather|none
|upkeep
|turn|9
|
|t:|1779719751
|move|p2a: Tornadus|Knock Off|p1a: Skeledirge
|-supereffective|p1a: Skeledirge
|-damage|p1a: Skeledirge|25/100
|-enditem|p1a: Skeledirge|Heavy-Duty Boots|[from] move: Knock Off|[of] p2a: Tornadus
|move|p1a: Skeledirge|Slack Off|p1a: Skeledirge
|-heal|p1a: Skeledirge|75/100
|
|upkeep
|turn|10
|
|t:|1779719757
|move|p2a: Tornadus|Bleakwind Storm|p1a: Skeledirge
|-damage|p1a: Skeledirge|28/100
|-unboost|p1a: Skeledirge|spe|1
|move|p1a: Skeledirge|Torch Song|p2a: Tornadus
|-damage|p2a: Tornadus|62/100
|-boost|p1a: Skeledirge|spa|1
|
|upkeep
|turn|11
|
|t:|1779719764
|move|p2a: Tornadus|Bleakwind Storm|p1a: Skeledirge
|-damage|p1a: Skeledirge|0 fnt
|faint|p1a: Skeledirge
|
|upkeep
|
|t:|1779719775
|switch|p1a: Dondozo|Dondozo, M|100/100
|turn|12
|
|t:|1779719778
|move|p2a: Tornadus|Knock Off|p1a: Dondozo
|-damage|p1a: Dondozo|86/100
|-enditem|p1a: Dondozo|Choice Band|[from] move: Knock Off|[of] p2a: Tornadus
|move|p1a: Dondozo|Liquidation|p2a: Tornadus
|-damage|p2a: Tornadus|5/100
|
|upkeep
|turn|13
|
|t:|1779719782
|move|p2a: Tornadus|Bleakwind Storm|p1a: Dondozo|[miss]
|-miss|p2a: Tornadus|p1a: Dondozo
|move|p1a: Dondozo|Liquidation|p2a: Tornadus
|-damage|p2a: Tornadus|0 fnt
|faint|p2a: Tornadus
|
|upkeep
|
|t:|1779719790
|switch|p2a: Torkoal|Torkoal, F|100/100
|-weather|SunnyDay|[from] ability: Drought|[of] p2a: Torkoal
|turn|14
|
|t:|1779719805
|switch|p2a: Iron Moth|Iron Moth|100/100
|-enditem|p2a: Iron Moth|Booster Energy
|-activate|p2a: Iron Moth|ability: Quark Drive|[fromitem]
|-start|p2a: Iron Moth|quarkdrivespa
|move|p1a: Dondozo|Wave Crash|p2a: Iron Moth
|-supereffective|p2a: Iron Moth
|-damage|p2a: Iron Moth|7/100
|-damage|p1a: Dondozo|68/100|[from] Recoil
|
|-weather|SunnyDay|[upkeep]
|upkeep
|turn|15
|
|t:|1779719812
|move|p2a: Iron Moth|Discharge|p1a: Dondozo
|-supereffective|p1a: Dondozo
|-damage|p1a: Dondozo|0 fnt
|faint|p1a: Dondozo
|
|-weather|SunnyDay|[upkeep]
|upkeep
|
|t:|1779719816
|switch|p1a: Latias|Latias, F|100/100
|turn|16
|
|t:|1779719821
|move|p1a: Latias|Mist Ball|p2a: Iron Moth
|-supereffective|p2a: Iron Moth
|-damage|p2a: Iron Moth|0 fnt
|faint|p2a: Iron Moth
|-end|p2a: Iron Moth|Quark Drive|[silent]
|
|-weather|SunnyDay|[upkeep]
|upkeep
|
|t:|1779719823
|switch|p2a: Slither Wing|Slither Wing|19/100
|-activate|p2a: Slither Wing|ability: Protosynthesis
|-start|p2a: Slither Wing|protosynthesisatk
|turn|17
|
|t:|1779719827
|switch|p1a: Clefable|Clefable, M|100/100
|move|p2a: Slither Wing|First Impression|p1a: Clefable
|-resisted|p1a: Clefable
|-damage|p1a: Clefable|44/100
|
|-weather|SunnyDay|[upkeep]
|upkeep
|turn|18
|
|t:|1779719833
|-end|p2a: Slither Wing|Protosynthesis|[silent]
|switch|p2a: Charizard|Charizard, M|100/100
|move|p1a: Clefable|Moonblast|p2a: Charizard
|-resisted|p2a: Charizard
|-damage|p2a: Charizard|63/100
|
|-weather|SunnyDay|[upkeep]
|-damage|p2a: Charizard|51/100|[from] ability: Solar Power|[of] p2a: Charizard
|upkeep
|turn|19
|
|t:|1779719838
|move|p2a: Charizard|Flamethrower|p1a: Clefable
|-damage|p1a: Clefable|0 fnt
|faint|p1a: Clefable
|
|-weather|SunnyDay|[upkeep]
|-damage|p2a: Charizard|39/100|[from] ability: Solar Power|[of] p2a: Charizard
|upkeep
|
|t:|1779719851
|switch|p1a: Ting-Lu|Ting-Lu|77/100
|-ability|p1a: Ting-Lu|Vessel of Ruin
|turn|20
|
|t:|1779719855
|move|p2a: Charizard|Solar Beam||[still]
|-prepare|p2a: Charizard|Solar Beam
|-anim|p2a: Charizard|Solar Beam|p1a: Ting-Lu
|-supereffective|p1a: Ting-Lu
|-damage|p1a: Ting-Lu|11/100
|move|p1a: Ting-Lu|Throat Chop|p2a: Charizard
|-damage|p2a: Charizard|0 fnt
|faint|p2a: Charizard
|
|-weather|SunnyDay|[upkeep]
|upkeep
|
|t:|1779719858
|switch|p2a: Slither Wing|Slither Wing|19/100
|-activate|p2a: Slither Wing|ability: Protosynthesis
|-start|p2a: Slither Wing|protosynthesisatk
|turn|21
|
|t:|1779719863
|move|p2a: Slither Wing|First Impression|p1a: Ting-Lu
|-supereffective|p1a: Ting-Lu
|-damage|p1a: Ting-Lu|0 fnt
|faint|p1a: Ting-Lu
|
|-weather|none
|-end|p2a: Slither Wing|Protosynthesis
|upkeep
|
|t:|1779719866
|switch|p1a: Latias|Latias, F|100/100
|turn|22
|
|t:|1779719869
|-end|p2a: Slither Wing|Protosynthesis|[silent]
|switch|p2a: Torkoal|Torkoal, F|100/100
|-weather|SunnyDay|[from] ability: Drought|[of] p2a: Torkoal
|move|p1a: Latias|Mist Ball|p2a: Torkoal
|-damage|p2a: Torkoal|40/100
|
|-weather|SunnyDay|[upkeep]
|upkeep
|turn|23
|
|t:|1779719871
|move|p1a: Latias|Mist Ball|p2a: Torkoal
|-damage|p2a: Torkoal|0 fnt
|faint|p2a: Torkoal
|
|-weather|SunnyDay|[upkeep]
|upkeep
|
|t:|1779719873
|switch|p2a: Slither Wing|Slither Wing|19/100
|-activate|p2a: Slither Wing|ability: Protosynthesis
|-start|p2a: Slither Wing|protosynthesisatk
|turn|24
|
|t:|1779719876
|-terastallize|p1a: Latias|Fighting
|-terastallize|p2a: Slither Wing|Bug
|move|p2a: Slither Wing|First Impression|p1a: Latias
|-resisted|p1a: Latias
|-damage|p1a: Latias|16/100
|move|p1a: Latias|Mist Ball|p2a: Slither Wing
|-crit|p2a: Slither Wing
|-damage|p2a: Slither Wing|0 fnt
|faint|p2a: Slither Wing
|-end|p2a: Slither Wing|Protosynthesis|[silent]
|
|win|antzinmypantz
|raw|antzinmypantz's rating: 1418 &rarr; <strong>1438</strong><br />(+20 for winning)
|raw|ditissjoerd's rating: 1416 &rarr; <strong>1396</strong><br />(-20 for losing)
|l|☆ditissjoerd
|player|p2|
|l|☆antzinmypantz
|player|p1|
