|j|☆Raygyun
|j|☆Supa Dupa Hoopa
|t:|1779641410
|gametype|singles
|player|p1|Raygyun|2|1510
|player|p2|Supa Dupa Hoopa|170|1565
|gen|9
|tier|[Gen 9] OU
|rated|
|rule|HP Percentage Mod: HP is shown in percentages
|rule|Endless Battle Clause: Forcing endless battles is banned
|rule|Species Clause: Limit one of each Pokémon
|rule|OHKO Clause: OHKO moves are banned
|rule|Evasion Items Clause: Evasion items are banned
|rule|Evasion Moves Clause: Evasion moves are banned
|rule|Evasion Abilities Clause: Evasion abilities are banned
|rule|Sleep Moves Clause: Sleep-inducing moves are banned
|clearpoke
|poke|p1|Weavile, F|
|poke|p1|Ogerpon-Wellspring, F|
|poke|p1|Rillaboom, F|
|poke|p1|Corviknight, F|
|poke|p1|Great Tusk|
|poke|p1|Slowking-Galar, M|
|poke|p2|Serperior, M|
|poke|p2|Cinderace, F|
|poke|p2|Corviknight, F|
|poke|p2|Alomomola, F|
|poke|p2|Ditto|
|poke|p2|Toxtricity-Low-Key, M|
|teampreview
|inactive|Battle timer is ON: inactive players will automatically lose when time's up. (requested by Raygyun)
|
|t:|1779641435
|teamsize|p1|6
|teamsize|p2|6
|start
|switch|p1a: Weavile|Weavile, F|100/100
|switch|p2a: What RU|Serperior, M|100/100
|-ability|p1a: Weavile|Pressure
|turn|1
|
|t:|1779641441
|switch|p2a: Skarmory-M|Corviknight, F|100/100
|-ability|p2a: Skarmory-M|Pressure
|move|p1a: Weavile|Icicle Crash|p2a: Skarmory-M
|-damage|p2a: Skarmory-M|61/100
|
|-heal|p2a: Skarmory-M|67/100|[from] item: Leftovers
|upkeep
|turn|2
|
|t:|1779641456
|switch|p1a: Corviknight|Corviknight, F, shiny|100/100
|-ability|p1a: Corviknight|Pressure
|move|p2a: Skarmory-M|Roost|p2a: Skarmory-M
|-heal|p2a: Skarmory-M|100/100
|-singleturn|p2a: Skarmory-M|move: Roost
|
|upkeep
|turn|3
|
|t:|1779641468
|move|p2a: Skarmory-M|Body Press|p1a: Corviknight
|-damage|p1a: Corviknight|83/100
|-damage|p2a: Skarmory-M|84/100|[from] item: Rocky Helmet|[of] p1a: Corviknight
|move|p1a: Corviknight|U-turn|p2a: Skarmory-M
|-resisted|p2a: Skarmory-M
|-damage|p2a: Skarmory-M|82/100
|
|t:|1779641475
|switch|p1a: Ogerpon|Ogerpon-Wellspring, F|100/100|[from] U-turn
|
|-heal|p2a: Skarmory-M|88/100|[from] item: Leftovers
|upkeep
|turn|4
|
|t:|1779641481
|move|p1a: Ogerpon|Swords Dance|p1a: Ogerpon
|-boost|p1a: Ogerpon|atk|2
|move|p2a: Skarmory-M|Body Press|p1a: Ogerpon
|-damage|p1a: Ogerpon|67/100
|
|-heal|p2a: Skarmory-M|94/100|[from] item: Leftovers
|upkeep
|turn|5
|
|t:|1779641489
|switch|p2a: Mew1.5|Ditto|100/100
|-transform|p2a: Mew1.5|p1a: Ogerpon|[from] ability: Imposter
|-terastallize|p1a: Ogerpon|Water
|detailschange|p1a: Ogerpon|Ogerpon-Wellspring-Tera, F, tera:Water
|-ability|p1a: Ogerpon|Embody Aspect (Wellspring)|boost
|-boost|p1a: Ogerpon|spd|1
|move|p1a: Ogerpon|Ivy Cudgel|p2a: Mew1.5|[anim] Ivy Cudgel Water
|-immune|p2a: Mew1.5|[from] ability: Water Absorb
|
|upkeep
|turn|6
|-message|Raygyun forfeited.
|
|win|Supa Dupa Hoopa
|raw|Raygyun's rating: 1510 &rarr; <strong>1493</strong><br />(-17 for losing)
|raw|Supa Dupa Hoopa's rating: 1565 &rarr; <strong>1582</strong><br />(+17 for winning)
|l|☆Raygyun
|player|p1|
|l|☆Supa Dupa Hoopa
|player|p2|
