|j|☆yeroVH
|j|☆mcacma
|t:|1779645240
|gametype|singles
|player|p1|yeroVH|hilbert|1149
|player|p2|mcacma|veteran|1104
|gen|9
|tier|[Gen 9] OU
|rated|
|rule|HP Percentage Mod: HP is shown in percentages
|rule|Endless Battle Clause: Forcing endless battles is banned
|rule|Species Clause: Limit one of each Pokémon
|rule|OHKO Clause: OHKO moves are banned
|rule|Evasion Items Clause: Evasion items are banned
|rule|Evasion Moves Clause: Evasion moves are banned
|rule|Evasion Abilities Clause: Evasion abilities are banned
|rule|Sleep Moves Clause: Sleep-inducing moves are banned
|clearpoke
|poke|p1|Torkoal, M|
|poke|p1|Camerupt, F|
|poke|p1|Metagross|
|poke|p1|Venusaur, F|
|poke|p1|Shiftry, M|
|poke|p1|Whimsicott, M|
|poke|p2|Gholdengo|
|poke|p2|Kingambit, F|
|poke|p2|Flygon, M|
|poke|p2|Clodsire, M|
|poke|p2|Smeargle, F|
|poke|p2|Tatsugiri, M|
|teampreview
|
|t:|1779645249
|teamsize|p1|6
|teamsize|p2|6
|start
|switch|p1a: Shiftry|Shiftry, M|100/100
|switch|p2a: Tatsugiri|Tatsugiri, M|100/100
|turn|1
|
|t:|1779645253
|move|p2a: Tatsugiri|Draco Meteor|p1a: Shiftry
|-crit|p1a: Shiftry
|-enditem|p1a: Shiftry|Focus Sash
|-damage|p1a: Shiftry|1/100
|-unboost|p2a: Tatsugiri|spa|2
|move|p1a: Shiftry|Tailwind|p1a: Shiftry
|-sidestart|p1: yeroVH|move: Tailwind
|-ability|p1a: Shiftry|Wind Rider|boost
|-boost|p1a: Shiftry|atk|1
|
|upkeep
|turn|2
|
|t:|1779645257
|move|p1a: Shiftry|Leaf Blade|p2a: Tatsugiri
|-crit|p2a: Tatsugiri
|-damage|p2a: Tatsugiri|0 fnt
|faint|p2a: Tatsugiri
|
|upkeep
|
|t:|1779645268
|switch|p2a: Clodsire|Clodsire, M|100/100
|turn|3
|
|t:|1779645279
|switch|p1a: Metagross|Metagross|100/100
|move|p2a: Clodsire|Gunk Shot|p1a: Metagross
|-immune|p1a: Metagross
|
|upkeep
|turn|4
|
|t:|1779645285
|move|p1a: Metagross|Zen Headbutt|p2a: Clodsire
|-supereffective|p2a: Clodsire
|-damage|p2a: Clodsire|0 fnt
|faint|p2a: Clodsire
|
|-sideend|p1: yeroVH|move: Tailwind
|upkeep
|
|t:|1779645290
|switch|p2a: Flygon|Flygon, M|100/100
|turn|5
|
|t:|1779645293
|-terastallize|p2a: Flygon|Steel
|move|p2a: Flygon|Earthquake|p1a: Metagross
|-supereffective|p1a: Metagross
|-damage|p1a: Metagross|24/100
|move|p1a: Metagross|Ice Punch|p2a: Flygon
|-resisted|p2a: Flygon
|-crit|p2a: Flygon
|-damage|p2a: Flygon|74/100
|
|-heal|p1a: Metagross|30/100|[from] item: Leftovers
|upkeep
|turn|6
|
|t:|1779645303
|switch|p1a: Torkoal|Torkoal, M|100/100
|-weather|SunnyDay|[from] ability: Drought|[of] p1a: Torkoal
|move|p2a: Flygon|Earthquake|p1a: Torkoal
|-supereffective|p1a: Torkoal
|-damage|p1a: Torkoal|24/100
|
|-weather|SunnyDay|[upkeep]
|upkeep
|turn|7
|
|t:|1779645306
|switch|p1a: Venusaur|Venusaur, F|100/100
|move|p2a: Flygon|Earthquake|p1a: Venusaur
|-damage|p1a: Venusaur|50/100
|
|-weather|SunnyDay|[upkeep]
|upkeep
|turn|8
|
|t:|1779645310
|move|p1a: Venusaur|Earth Power|p2a: Flygon
|-immune|p2a: Flygon|[from] ability: Levitate
|move|p2a: Flygon|Fire Punch|p1a: Venusaur
|-supereffective|p1a: Venusaur
|-damage|p1a: Venusaur|0 fnt
|faint|p1a: Venusaur
|
|-weather|SunnyDay|[upkeep]
|upkeep
|
|t:|1779645314
|switch|p1a: Camerupt|Camerupt, F|100/100
|turn|9
|
|t:|1779645320
|move|p2a: Flygon|Earthquake|p1a: Camerupt
|-supereffective|p1a: Camerupt
|-damage|p1a: Camerupt|21/100
|move|p1a: Camerupt|Lava Plume|p2a: Flygon
|-supereffective|p2a: Flygon
|-damage|p2a: Flygon|0 fnt
|faint|p2a: Flygon
|
|-weather|SunnyDay|[upkeep]
|upkeep
|
|t:|1779645328
|switch|p2a: Gholdengo|Gholdengo|100/100
|-item|p2a: Gholdengo|Air Balloon
|turn|10
|
|t:|1779645335
|move|p2a: Gholdengo|Make It Rain|p1a: Camerupt
|-resisted|p1a: Camerupt
|-damage|p1a: Camerupt|0 fnt
|-unboost|p2a: Gholdengo|spa|1
|faint|p1a: Camerupt
|
|-weather|SunnyDay|[upkeep]
|upkeep
|
|t:|1779645344
|switch|p1a: Shiftry|Shiftry, M|1/100
|turn|11
|
|t:|1779645346
|move|p1a: Shiftry|Sucker Punch|p2a: Gholdengo
|-supereffective|p2a: Gholdengo
|-damage|p2a: Gholdengo|24/100
|-enditem|p2a: Gholdengo|Air Balloon
|move|p2a: Gholdengo|Make It Rain|p1a: Shiftry
|-damage|p1a: Shiftry|0 fnt
|-unboost|p2a: Gholdengo|spa|1
|faint|p1a: Shiftry
|
|-weather|SunnyDay|[upkeep]
|upkeep
|
|t:|1779645349
|switch|p1a: Whimsicott|Whimsicott, M, shiny|100/100
|turn|12
|inactive|Battle timer is ON: inactive players will automatically lose when time's up. (requested by mcacma)
|
|t:|1779645371
|switch|p2a: Smeargle|Smeargle, F|100/100
|move|p1a: Whimsicott|Tailwind|p1a: Whimsicott
|-sidestart|p1: yeroVH|move: Tailwind
|
|-weather|SunnyDay|[upkeep]
|upkeep
|turn|13
|
|t:|1779645375
|move|p1a: Whimsicott|Moonblast|p2a: Smeargle
|-damage|p2a: Smeargle|5/100
|move|p2a: Smeargle|No Retreat|p2a: Smeargle
|-boost|p2a: Smeargle|atk|1
|-boost|p2a: Smeargle|def|1
|-boost|p2a: Smeargle|spa|1
|-boost|p2a: Smeargle|spd|1
|-boost|p2a: Smeargle|spe|1
|-start|p2a: Smeargle|move: No Retreat
|
|-weather|none
|upkeep
|turn|14
|
|t:|1779645384
|move|p1a: Whimsicott|Encore|p2a: Smeargle
|-start|p2a: Smeargle|Encore
|move|p2a: Smeargle|No Retreat||[still]
|-fail|p2a: Smeargle
|
|upkeep
|turn|15
|
|t:|1779645387
|move|p1a: Whimsicott|Moonblast|p2a: Smeargle
|-damage|p2a: Smeargle|0 fnt
|faint|p2a: Smeargle
|
|-sideend|p1: yeroVH|move: Tailwind
|upkeep
|
|t:|1779645391
|switch|p2a: Gholdengo|Gholdengo|24/100
|turn|16
|
|t:|1779645402
|move|p1a: Whimsicott|Moonblast|p2a: Gholdengo
|-resisted|p2a: Gholdengo
|-damage|p2a: Gholdengo|0 fnt
|faint|p2a: Gholdengo
|
|upkeep
|-message|mcacma forfeited.
|
|win|yeroVH
|raw|yeroVH's rating: 1149 &rarr; <strong>1171</strong><br />(+22 for winning)
|raw|mcacma's rating: 1104 &rarr; <strong>1082</strong><br />(-22 for losing)
|l|☆mcacma
|player|p2|
|l|☆yeroVH
|player|p1|
