|j|☆buggytime
|j|☆Ramolum
|t:|1779610039
|gametype|singles
|player|p1|buggytime|bugcatcher-gen4dp|1137
|player|p2|Ramolum|169|1065
|gen|9
|tier|[Gen 9] OU
|rated|
|rule|HP Percentage Mod: HP is shown in percentages
|rule|Endless Battle Clause: Forcing endless battles is banned
|rule|Species Clause: Limit one of each Pokémon
|rule|OHKO Clause: OHKO moves are banned
|rule|Evasion Items Clause: Evasion items are banned
|rule|Evasion Moves Clause: Evasion moves are banned
|rule|Evasion Abilities Clause: Evasion abilities are banned
|rule|Sleep Moves Clause: Sleep-inducing moves are banned
|clearpoke
|poke|p1|Jumpluff, F|
|poke|p1|Breloom, F|
|poke|p1|Meganium, F|
|poke|p1|Oricorio-Sensu, F|
|poke|p1|Bellibolt, M|
|poke|p1|Porygon-Z|
|poke|p2|Dragapult, M|
|poke|p2|Gyarados, M|
|poke|p2|Tyranitar, F|
|poke|p2|Frosmoth, F|
|poke|p2|Lilligant, F|
|poke|p2|Oricorio, F|
|teampreview
|inactive|Battle timer is ON: inactive players will automatically lose when time's up. (requested by Ramolum)
|
|t:|1779610048
|teamsize|p1|6
|teamsize|p2|6
|start
|switch|p1a: Porygon-Z|Porygon-Z, shiny|100/100
|switch|p2a: Oricorio|Oricorio, F|100/100
|turn|1
|
|t:|1779610054
|move|p2a: Oricorio|Quiver Dance|p2a: Oricorio
|-boost|p2a: Oricorio|spa|1
|-boost|p2a: Oricorio|spd|1
|-boost|p2a: Oricorio|spe|1
|move|p1a: Porygon-Z|Uproar|p2a: Oricorio
|-damage|p2a: Oricorio|32/100
|-start|p1a: Porygon-Z|Uproar
|-enditem|p1a: Porygon-Z|Throat Spray
|-boost|p1a: Porygon-Z|spa|1|[from] item: Throat Spray
|
|-start|p1a: Porygon-Z|Uproar|[upkeep]
|upkeep
|turn|2
|
|t:|1779610066
|move|p2a: Oricorio|Revelation Dance|p1a: Porygon-Z
|-damage|p1a: Porygon-Z|26/100
|move|p1a: Porygon-Z|Uproar|p2a: Oricorio|[from] lockedmove
|-damage|p2a: Oricorio|0 fnt
|faint|p2a: Oricorio
|
|-start|p1a: Porygon-Z|Uproar|[upkeep]
|upkeep
|
|t:|1779610082
|switch|p2a: Dragapult|Dragapult, M|100/100
|turn|3
|
|t:|1779610086
|move|p2a: Dragapult|Dragon Dance|p2a: Dragapult
|-boost|p2a: Dragapult|atk|1
|-boost|p2a: Dragapult|spe|1
|move|p1a: Porygon-Z|Uproar|p2a: Dragapult|[from] lockedmove
|-immune|p2a: Dragapult
|
|-end|p1a: Porygon-Z|Uproar
|upkeep
|turn|4
|
|t:|1779610102
|move|p2a: Dragapult|Dragon Darts|p1a: Porygon-Z
|-damage|p1a: Porygon-Z|0 fnt
|faint|p1a: Porygon-Z
|
|upkeep
|
|t:|1779610115
|switch|p1a: Meganium|Meganium, F, shiny|100/100
|turn|5
|
|t:|1779610122
|move|p2a: Dragapult|Dragon Darts|p1a: Meganium
|-damage|p1a: Meganium|67/100
|-anim|p2a: Dragapult|Dragon Darts|p1a: Meganium
|-damage|p1a: Meganium|33/100
|move|p1a: Meganium|Leech Seed|p2a: Dragapult
|-start|p2a: Dragapult|move: Leech Seed
|
|-heal|p1a: Meganium|39/100|[from] item: Leftovers
|-damage|p2a: Dragapult|88/100|[from] Leech Seed|[of] p1a: Meganium
|-heal|p1a: Meganium|52/100|[silent]
|upkeep
|turn|6
|
|t:|1779610133
|move|p1a: Meganium|Protect|p1a: Meganium
|-singleturn|p1a: Meganium|Protect
|move|p2a: Dragapult|Dragon Darts|p1a: Meganium
|-activate|p1a: Meganium|move: Protect
|
|-heal|p2a: Dragapult|94/100|[from] item: Leftovers
|-heal|p1a: Meganium|58/100|[from] item: Leftovers
|-damage|p2a: Dragapult|82/100|[from] Leech Seed|[of] p1a: Meganium
|-heal|p1a: Meganium|71/100|[silent]
|upkeep
|turn|7
|
|t:|1779610145
|move|p2a: Dragapult|Dragon Darts|p1a: Meganium
|-damage|p1a: Meganium|39/100
|-anim|p2a: Dragapult|Dragon Darts|p1a: Meganium
|-damage|p1a: Meganium|4/100
|move|p1a: Meganium|Trailblaze|p2a: Dragapult
|-resisted|p2a: Dragapult
|-damage|p2a: Dragapult|66/100
|-boost|p1a: Meganium|spe|1
|
|-heal|p2a: Dragapult|72/100|[from] item: Leftovers
|-heal|p1a: Meganium|10/100|[from] item: Leftovers
|-damage|p2a: Dragapult|60/100|[from] Leech Seed|[of] p1a: Meganium
|-heal|p1a: Meganium|23/100|[silent]
|upkeep
|turn|8
|
|t:|1779610158
|move|p1a: Meganium|Protect|p1a: Meganium
|-singleturn|p1a: Meganium|Protect
|move|p2a: Dragapult|Dragon Dance|p2a: Dragapult
|-boost|p2a: Dragapult|atk|1
|-boost|p2a: Dragapult|spe|1
|
|-heal|p2a: Dragapult|66/100|[from] item: Leftovers
|-heal|p1a: Meganium|29/100|[from] item: Leftovers
|-damage|p2a: Dragapult|53/100|[from] Leech Seed|[of] p1a: Meganium
|-heal|p1a: Meganium|42/100|[silent]
|upkeep
|turn|9
|
|t:|1779610167
|move|p1a: Meganium|Protect||[still]
|-fail|p1a: Meganium
|move|p2a: Dragapult|Dragon Darts|p1a: Meganium
|-damage|p1a: Meganium|0 fnt
|faint|p1a: Meganium
|
|-heal|p2a: Dragapult|59/100|[from] item: Leftovers
|upkeep
|
|t:|1779610176
|switch|p1a: Jumpluff|Jumpluff, F, shiny|100/100
|turn|10
|
|t:|1779610181
|move|p2a: Dragapult|Dragon Darts|p1a: Jumpluff
|-damage|p1a: Jumpluff|22/100
|-anim|p2a: Dragapult|Dragon Darts|p1a: Jumpluff
|-damage|p1a: Jumpluff|0 fnt
|faint|p1a: Jumpluff
|
|-heal|p2a: Dragapult|65/100|[from] item: Leftovers
|upkeep
|
|t:|1779610185
|switch|p1a: Breloom|Breloom, F|100/100
|turn|11
|
|t:|1779610190
|-singleturn|p1a: Breloom|move: Focus Punch
|move|p2a: Dragapult|Psychic Fangs|p1a: Breloom
|-supereffective|p1a: Breloom
|-damage|p1a: Breloom|0 fnt
|faint|p1a: Breloom
|
|-heal|p2a: Dragapult|71/100|[from] item: Leftovers
|upkeep
|
|t:|1779610193
|switch|p1a: Bellibolt|Bellibolt, M, shiny|100/100
|turn|12
|
|t:|1779610200
|move|p2a: Dragapult|Dragon Darts|p1a: Bellibolt
|-damage|p1a: Bellibolt|45/100
|-start|p1a: Bellibolt|Charge|Dragon Darts|[from] ability: Electromorphosis
|-anim|p2a: Dragapult|Dragon Darts|p1a: Bellibolt
|-damage|p1a: Bellibolt|0 fnt
|faint|p1a: Bellibolt
|
|-heal|p2a: Dragapult|77/100|[from] item: Leftovers
|upkeep
|
|t:|1779610202
|switch|p1a: Oricorio|Oricorio-Sensu, F, shiny|100/100
|turn|13
|
|t:|1779610210
|-terastallize|p1a: Oricorio|Dark
|move|p2a: Dragapult|Phantom Force||[still]
|-prepare|p2a: Dragapult|Phantom Force
|move|p1a: Oricorio|Revelation Dance|p2a: Dragapult|[miss]
|-miss|p1a: Oricorio|p2a: Dragapult
|
|-heal|p2a: Dragapult|83/100|[from] item: Leftovers
|-damage|p2a: Dragapult|71/100|[from] Leech Seed|[of] p1a: Oricorio
|upkeep
|turn|14
|
|t:|1779610220
|move|p2a: Dragapult|Phantom Force|p1a: Oricorio|[from] lockedmove
|-resisted|p1a: Oricorio
|-damage|p1a: Oricorio|52/100
|-enditem|p1a: Oricorio|Kee Berry|[eat]
|-boost|p1a: Oricorio|def|1|[from] item: Kee Berry
|move|p1a: Oricorio|Revelation Dance|p2a: Dragapult
|-supereffective|p2a: Dragapult
|-damage|p2a: Dragapult|0 fnt
|faint|p2a: Dragapult
|
|upkeep
|
|t:|1779610232
|switch|p2a: Lilligant|Lilligant, F|100/100
|turn|15
|
|t:|1779610237
|move|p1a: Oricorio|Charm|p2a: Lilligant
|-unboost|p2a: Lilligant|atk|2
|move|p2a: Lilligant|Alluring Voice|p1a: Oricorio
|-supereffective|p1a: Oricorio
|-damage|p1a: Oricorio|0 fnt
|faint|p1a: Oricorio
|
|win|Ramolum
|raw|buggytime's rating: 1137 &rarr; <strong>1107</strong><br />(-30 for losing)
|raw|Ramolum's rating: 1065 &rarr; <strong>1101</strong><br />(+36 for winning)
|l|☆buggytime
|player|p1|
|l|☆Ramolum
|player|p2|
