|j|☆abe_hanabi
|j|☆crissperez
|t:|1779613837
|gametype|singles
|player|p1|abe_hanabi|1|1322
|player|p2|crissperez|juan|1391
|gen|9
|tier|[Gen 9] OU
|rated|
|rule|HP Percentage Mod: HP is shown in percentages
|rule|Endless Battle Clause: Forcing endless battles is banned
|rule|Species Clause: Limit one of each Pokémon
|rule|OHKO Clause: OHKO moves are banned
|rule|Evasion Items Clause: Evasion items are banned
|rule|Evasion Moves Clause: Evasion moves are banned
|rule|Evasion Abilities Clause: Evasion abilities are banned
|rule|Sleep Moves Clause: Sleep-inducing moves are banned
|clearpoke
|poke|p1|Tyranitar, M|
|poke|p1|Excadrill, F|
|poke|p1|Zapdos|
|poke|p1|Kingambit, F|
|poke|p1|Primarina, F|
|poke|p1|Moltres|
|poke|p2|Serperior, F|
|poke|p2|Hawlucha, M|
|poke|p2|Iron Crown|
|poke|p2|Garganacl, M|
|poke|p2|Florges, F|
|poke|p2|Ogerpon-Wellspring, F|
|teampreview
|
|t:|1779613842
|teamsize|p1|6
|teamsize|p2|6
|start
|switch|p1a: Moltres|Moltres|100/100
|switch|p2a: Serperior|Serperior, F|100/100
|turn|1
|inactive|Battle timer is ON: inactive players will automatically lose when time's up. (requested by crissperez)
|
|t:|1779613848
|move|p2a: Serperior|Glare|p1a: Moltres
|-status|p1a: Moltres|par
|cant|p1a: Moltres|par
|
|upkeep
|turn|2
|
|t:|1779613855
|move|p2a: Serperior|Leech Seed|p1a: Moltres
|-start|p1a: Moltres|move: Leech Seed
|move|p1a: Moltres|Overheat|p2a: Serperior
|-supereffective|p2a: Serperior
|-enditem|p2a: Serperior|Focus Sash
|-damage|p2a: Serperior|1/100
|-unboost|p1a: Moltres|spa|2
|
|-damage|p1a: Moltres|88/100 par|[from] Leech Seed|[of] p2a: Serperior
|-heal|p2a: Serperior|17/100|[silent]
|upkeep
|turn|3
|
|t:|1779613866
|move|p2a: Serperior|Leaf Storm|p1a: Moltres
|-resisted|p1a: Moltres
|-damage|p1a: Moltres|75/100 par
|-boost|p2a: Serperior|spa|2
|move|p1a: Moltres|U-turn|p2a: Serperior
|-supereffective|p2a: Serperior
|-damage|p2a: Serperior|0 fnt
|faint|p2a: Serperior
|
|t:|1779613878
|switch|p1a: Zapdos|Zapdos|100/100|[from] U-turn
|
|upkeep
|
|t:|1779613885
|switch|p2a: Florges|Florges, F|100/100
|turn|4
|
|t:|1779613891
|move|p1a: Zapdos|Thunder Wave|p2a: Florges
|-status|p2a: Florges|par
|cant|p2a: Florges|par
|
|upkeep
|turn|5
|
|t:|1779613899
|move|p1a: Zapdos|Volt Switch|p2a: Florges
|-damage|p2a: Florges|85/100 par
|
|t:|1779613901
|switch|p1a: Excadrill|Excadrill, F|100/100|[from] Volt Switch
|-item|p1a: Excadrill|Air Balloon
|move|p2a: Florges|Calm Mind|p2a: Florges
|-boost|p2a: Florges|spa|1
|-boost|p2a: Florges|spd|1
|
|-heal|p2a: Florges|91/100 par|[from] item: Leftovers
|upkeep
|turn|6
|
|t:|1779613916
|switch|p2a: Garganacl|Garganacl, M|100/100
|move|p1a: Excadrill|Iron Head|p2a: Garganacl
|-supereffective|p2a: Garganacl
|-damage|p2a: Garganacl|58/100
|-damage|p1a: Excadrill|84/100|[from] item: Rocky Helmet|[of] p2a: Garganacl
|
|upkeep
|turn|7
|
|t:|1779613924
|switch|p1a: Tyranitar|Tyranitar, M|100/100
|-weather|Sandstorm|[from] ability: Sand Stream|[of] p1a: Tyranitar
|move|p2a: Garganacl|Body Press|p1a: Tyranitar
|-supereffective|p1a: Tyranitar
|-damage|p1a: Tyranitar|0 fnt
|faint|p1a: Tyranitar
|
|-weather|Sandstorm|[upkeep]
|upkeep
|
|t:|1779613933
|switch|p1a: Excadrill|Excadrill, F|84/100
|-item|p1a: Excadrill|Air Balloon
|turn|8
|
|t:|1779613940
|switch|p2a: Hawlucha|Hawlucha, M|100/100
|-terastallize|p1a: Excadrill|Ghost
|move|p1a: Excadrill|Iron Head|p2a: Hawlucha
|-damage|p2a: Hawlucha|40/100
|-enditem|p2a: Hawlucha|Sitrus Berry|[eat]
|-heal|p2a: Hawlucha|65/100|[from] item: Sitrus Berry
|
|-weather|Sandstorm|[upkeep]
|-damage|p2a: Hawlucha|59/100|[from] Sandstorm
|upkeep
|turn|9
|
|t:|1779613958
|move|p2a: Hawlucha|Substitute|p2a: Hawlucha
|-start|p2a: Hawlucha|Substitute
|-damage|p2a: Hawlucha|34/100
|move|p1a: Excadrill|Iron Head|p2a: Hawlucha
|-end|p2a: Hawlucha|Substitute
|
|-weather|Sandstorm|[upkeep]
|-damage|p2a: Hawlucha|28/100|[from] Sandstorm
|upkeep
|turn|10
|
|t:|1779613967
|move|p2a: Hawlucha|Acrobatics|p1a: Excadrill
|-damage|p1a: Excadrill|16/100
|-enditem|p1a: Excadrill|Air Balloon
|move|p1a: Excadrill|Iron Head|p2a: Hawlucha
|-damage|p2a: Hawlucha|0 fnt
|faint|p2a: Hawlucha
|
|-weather|Sandstorm|[upkeep]
|upkeep
|inactive|crissperez has 120 seconds left.
|
|t:|1779613992
|switch|p2a: Garganacl|Garganacl, M|58/100
|turn|11
|
|t:|1779613999
|move|p1a: Excadrill|Iron Head|p2a: Garganacl
|-supereffective|p2a: Garganacl
|-damage|p2a: Garganacl|18/100
|-damage|p1a: Excadrill|0 fnt|[from] item: Rocky Helmet|[of] p2a: Garganacl
|faint|p1a: Excadrill
|cant|p2a: Garganacl|flinch
|
|-weather|none
|upkeep
|
|t:|1779614005
|switch|p1a: Primarina|Primarina, F|100/100
|turn|12
|
|t:|1779614022
|switch|p2a: Florges|Florges, F|91/100 par
|move|p1a: Primarina|Calm Mind|p1a: Primarina
|-boost|p1a: Primarina|spa|1
|-boost|p1a: Primarina|spd|1
|
|-heal|p2a: Florges|97/100 par|[from] item: Leftovers
|upkeep
|turn|13
|
|t:|1779614033
|move|p1a: Primarina|Shadow Ball|p2a: Florges
|-damage|p2a: Florges|75/100 par
|move|p2a: Florges|Calm Mind|p2a: Florges
|-boost|p2a: Florges|spa|1
|-boost|p2a: Florges|spd|1
|
|-heal|p2a: Florges|81/100 par|[from] item: Leftovers
|upkeep
|turn|14
|
|t:|1779614042
|switch|p1a: Kingambit|Kingambit, F|100/100
|-activate|p1a: Kingambit|ability: Supreme Overlord
|-start|p1a: Kingambit|fallen2|[silent]
|move|p2a: Florges|Calm Mind|p2a: Florges
|-boost|p2a: Florges|spa|1
|-boost|p2a: Florges|spd|1
|
|-heal|p2a: Florges|87/100 par|[from] item: Leftovers
|upkeep
|turn|15
|
|t:|1779614053
|move|p1a: Kingambit|Iron Head|p2a: Florges
|-supereffective|p2a: Florges
|-damage|p2a: Florges|0 fnt
|faint|p2a: Florges
|
|upkeep
|
|t:|1779614064
|switch|p2a: Garganacl|Garganacl, M|18/100
|turn|16
|
|t:|1779614074
|move|p1a: Kingambit|Iron Head|p2a: Garganacl
|-supereffective|p2a: Garganacl
|-damage|p2a: Garganacl|0 fnt
|-damage|p1a: Kingambit|84/100|[from] item: Rocky Helmet|[of] p2a: Garganacl
|faint|p2a: Garganacl
|
|upkeep
|
|t:|1779614081
|switch|p2a: Iron Crown|Iron Crown|100/100
|-enditem|p2a: Iron Crown|Booster Energy
|-activate|p2a: Iron Crown|ability: Quark Drive|[fromitem]
|-start|p2a: Iron Crown|quarkdrivespe
|turn|17
|
|t:|1779614086
|move|p1a: Kingambit|Sucker Punch||[still]
|-fail|p1a: Kingambit
|move|p2a: Iron Crown|Calm Mind|p2a: Iron Crown
|-boost|p2a: Iron Crown|spa|1
|-boost|p2a: Iron Crown|spd|1
|
|upkeep
|turn|18
|
|t:|1779614093
|move|p2a: Iron Crown|Focus Blast|p1a: Kingambit
|-supereffective|p1a: Kingambit
|-damage|p1a: Kingambit|0 fnt
|faint|p1a: Kingambit
|-end|p1a: Kingambit|fallen2|[silent]
|
|upkeep
|
|t:|1779614103
|switch|p1a: Zapdos|Zapdos|100/100
|turn|19
|
|t:|1779614113
|move|p2a: Iron Crown|Calm Mind|p2a: Iron Crown
|-boost|p2a: Iron Crown|spa|1
|-boost|p2a: Iron Crown|spd|1
|move|p1a: Zapdos|Thunder Wave|p2a: Iron Crown|[miss]
|-miss|p1a: Zapdos|p2a: Iron Crown
|
|upkeep
|turn|20
|
|t:|1779614120
|move|p2a: Iron Crown|Psyshock|p1a: Zapdos
|-damage|p1a: Zapdos|51/100
|move|p1a: Zapdos|Thunder Wave|p2a: Iron Crown
|-status|p2a: Iron Crown|par
|
|upkeep
|turn|21
|
|t:|1779614130
|switch|p1a: Moltres|Moltres|75/100 par
|move|p2a: Iron Crown|Calm Mind|p2a: Iron Crown
|-boost|p2a: Iron Crown|spa|1
|-boost|p2a: Iron Crown|spd|1
|
|upkeep
|turn|22
|
|t:|1779614137
|move|p2a: Iron Crown|Calm Mind|p2a: Iron Crown
|-boost|p2a: Iron Crown|spa|1
|-boost|p2a: Iron Crown|spd|1
|cant|p1a: Moltres|par
|
|upkeep
|turn|23
|
|t:|1779614143
|move|p2a: Iron Crown|Calm Mind|p2a: Iron Crown
|-boost|p2a: Iron Crown|spa|1
|-boost|p2a: Iron Crown|spd|1
|move|p1a: Moltres|Scorching Sands|p2a: Iron Crown
|-supereffective|p2a: Iron Crown
|-damage|p2a: Iron Crown|88/100 par
|
|upkeep
|turn|24
|
|t:|1779614152
|move|p2a: Iron Crown|Psyshock|p1a: Moltres
|-damage|p1a: Moltres|0 fnt
|faint|p1a: Moltres
|
|upkeep
|
|t:|1779614157
|switch|p1a: Primarina|Primarina, F|100/100
|turn|25
|
|t:|1779614164
|move|p2a: Iron Crown|Tachyon Cutter|p1a: Primarina
|-damage|p1a: Primarina|27/100
|-damage|p1a: Primarina|0 fnt
|faint|p1a: Primarina
|-hitcount|p1: Primarina|2
|
|upkeep
|
|t:|1779614170
|switch|p1a: Zapdos|Zapdos|51/100
|turn|26
|
|t:|1779614180
|move|p2a: Iron Crown|Psyshock|p1a: Zapdos
|-damage|p1a: Zapdos|0 fnt
|faint|p1a: Zapdos
|
|win|crissperez
|raw|abe_hanabi's rating: 1322 &rarr; <strong>1306</strong><br />(-16 for losing)
|raw|crissperez's rating: 1391 &rarr; <strong>1407</strong><br />(+16 for winning)
|l|☆abe_hanabi
|player|p1|
|l|☆crissperez
|player|p2|
