|j|☆uigjhkkj
|j|☆hattybatty304
|t:|1779560986
|gametype|singles
|player|p1|uigjhkkj|169|1330
|player|p2|hattybatty304|swimmerf|1398
|gen|9
|tier|[Gen 9] OU
|rated|
|rule|HP Percentage Mod: HP is shown in percentages
|rule|Endless Battle Clause: Forcing endless battles is banned
|rule|Species Clause: Limit one of each Pokémon
|rule|OHKO Clause: OHKO moves are banned
|rule|Evasion Items Clause: Evasion items are banned
|rule|Evasion Moves Clause: Evasion moves are banned
|rule|Evasion Abilities Clause: Evasion abilities are banned
|rule|Sleep Moves Clause: Sleep-inducing moves are banned
|clearpoke
|poke|p1|Landorus-Therian, M|
|poke|p1|Zamazenta-*|
|poke|p1|Dragapult, M|
|poke|p1|Iron Moth|
|poke|p1|Ditto|
|poke|p1|Blastoise, F|
|poke|p2|Hatterene, F|
|poke|p2|Meowscarada, F|
|poke|p2|Primarina, F|
|poke|p2|Pecharunt|
|poke|p2|Cinderace, F|
|poke|p2|Minior|
|teampreview
|inactive|Battle timer is ON: inactive players will automatically lose when time's up. (requested by uigjhkkj)
|inactive|hattybatty304 also wants the timer to be on.
|
|t:|1779560992
|teamsize|p1|6
|teamsize|p2|6
|start
|switch|p1a: Landorus|Landorus-Therian, M, shiny|100/100
|switch|p2a: WWakeRBoltCringe|Hatterene, F|100/100
|-ability|p1a: Landorus|Intimidate|boost
|-unboost|p2a: WWakeRBoltCringe|atk|1
|turn|1
|
|t:|1779560997
|move|p1a: Landorus|Earthquake|p2a: WWakeRBoltCringe
|-damage|p2a: WWakeRBoltCringe|32/100
|move|p2a: WWakeRBoltCringe|Psychic Noise|p1a: Landorus
|-damage|p1a: Landorus|55/100
|-start|p1a: Landorus|move: Heal Block
|
|upkeep
|turn|2
|
|t:|1779561004
|switch|p2a: TakeYoMan|Meowscarada, F|100/100
|move|p1a: Landorus|Earthquake|p2a: TakeYoMan
|-resisted|p2a: TakeYoMan
|-damage|p2a: TakeYoMan|59/100
|
|-end|p1a: Landorus|move: Heal Block
|upkeep
|turn|3
|
|t:|1779561009
|switch|p1a: Zamazenta|Zamazenta|100/100
|-ability|p1a: Zamazenta|Dauntless Shield|boost
|-boost|p1a: Zamazenta|def|1
|move|p2a: TakeYoMan|U-turn|p1a: Zamazenta
|-start|p2a: TakeYoMan|typechange|Bug|[from] ability: Protean
|-resisted|p1a: Zamazenta
|-damage|p1a: Zamazenta|88/100
|
|t:|1779561014
|switch|p2a: venture|Minior, shiny|100/100|[from] U-turn
|-formechange|p2a: venture|Minior-Meteor||[from] ability: Shields Down
|
|-heal|p1a: Zamazenta|94/100|[from] item: Leftovers
|upkeep
|turn|4
|
|t:|1779561017
|move|p1a: Zamazenta|Body Press|p2a: venture
|-damage|p2a: venture|29/100
|move|p2a: venture|Shell Smash|p2a: venture
|-unboost|p2a: venture|def|1
|-unboost|p2a: venture|spd|1
|-boost|p2a: venture|atk|2
|-boost|p2a: venture|spa|2
|-boost|p2a: venture|spe|2
|-enditem|p2a: venture|White Herb
|-clearnegativeboost|p2a: venture|[silent]
|
|-heal|p1a: Zamazenta|100/100|[from] item: Leftovers
|-formechange|p2a: venture|Minior||[from] ability: Shields Down
|upkeep
|turn|5
|
|t:|1779561021
|move|p2a: venture|Acrobatics|p1a: Zamazenta
|-supereffective|p1a: Zamazenta
|-damage|p1a: Zamazenta|0 fnt
|faint|p1a: Zamazenta
|
|upkeep
|
|t:|1779561024
|switch|p1a: Ditto|Ditto, shiny|100/100
|-transform|p1a: Ditto|p2a: venture|[from] ability: Imposter
|turn|6
|
|t:|1779561036
|move|p1a: Ditto|Acrobatics|p2a: venture
|-resisted|p2a: venture
|-damage|p2a: venture|0 fnt
|faint|p2a: venture
|
|upkeep
|
|t:|1779561040
|switch|p2a: WWakeRBoltCringe|Hatterene, F|32/100
|turn|7
|
|t:|1779561042
|move|p1a: Ditto|Acrobatics|p2a: WWakeRBoltCringe
|-damage|p2a: WWakeRBoltCringe|0 fnt
|faint|p2a: WWakeRBoltCringe
|
|upkeep
|
|t:|1779561046
|switch|p2a: gambitDNiteCringe|Pecharunt|100/100
|turn|8
|
|t:|1779561050
|switch|p1a: Iron Moth|Iron Moth|100/100
|-enditem|p1a: Iron Moth|Booster Energy
|-activate|p1a: Iron Moth|ability: Quark Drive|[fromitem]
|-start|p1a: Iron Moth|quarkdrivespe
|-terastallize|p2a: gambitDNiteCringe|Dark
|move|p2a: gambitDNiteCringe|Malignant Chain|p1a: Iron Moth
|-resisted|p1a: Iron Moth
|-damage|p1a: Iron Moth|86/100
|
|upkeep
|turn|9
|
|t:|1779561054
|switch|p2a: Rapunzil|Primarina, F, shiny|100/100
|move|p1a: Iron Moth|Sludge Wave|p2a: Rapunzil
|-supereffective|p2a: Rapunzil
|-damage|p2a: Rapunzil|54/100
|
|upkeep
|turn|10
|
|t:|1779561058
|-end|p1a: Iron Moth|Quark Drive|[silent]
|switch|p1a: Blastoise|Blastoise, F|100/100
|move|p2a: Rapunzil|Psychic Noise|p1a: Blastoise
|-resisted|p1a: Blastoise
|-damage|p1a: Blastoise|78/100
|-start|p1a: Blastoise|move: Heal Block
|
|upkeep
|turn|11
|
|t:|1779561062
|switch|p2a: TakeYoMan|Meowscarada, F|59/100
|move|p1a: Blastoise|Hydro Pump|p2a: TakeYoMan
|-resisted|p2a: TakeYoMan
|-damage|p2a: TakeYoMan|22/100
|
|-end|p1a: Blastoise|move: Heal Block
|upkeep
|turn|12
|
|t:|1779561065
|move|p2a: TakeYoMan|Flower Trick|p1a: Blastoise
|-start|p2a: TakeYoMan|typechange|Grass|[from] ability: Protean
|-supereffective|p1a: Blastoise
|-crit|p1a: Blastoise
|-damage|p1a: Blastoise|0 fnt
|faint|p1a: Blastoise
|
|upkeep
|
|t:|1779561066
|switch|p1a: Ditto|Ditto, shiny|100/100
|-transform|p1a: Ditto|p2a: TakeYoMan|[from] ability: Imposter
|turn|13
|
|t:|1779561073
|switch|p2a: Lm10|Cinderace, F|100/100
|move|p1a: Ditto|U-turn|p2a: Lm10
|-start|p1a: Ditto|typechange|Bug|[from] ability: Protean
|-resisted|p2a: Lm10
|-damage|p2a: Lm10|76/100
|
|t:|1779561076
|switch|p1a: Landorus|Landorus-Therian, M, shiny|55/100|[from] U-turn
|-ability|p1a: Landorus|Intimidate|boost
|-unboost|p2a: Lm10|atk|1
|
|upkeep
|turn|14
|
|t:|1779561079
|move|p1a: Landorus|Earthquake|p2a: Lm10
|-supereffective|p2a: Lm10
|-damage|p2a: Lm10|0 fnt
|faint|p2a: Lm10
|
|upkeep
|
|t:|1779561082
|switch|p2a: TakeYoMan|Meowscarada, F|22/100
|turn|15
|
|t:|1779561088
|move|p1a: Landorus|Earthquake|p2a: TakeYoMan
|-resisted|p2a: TakeYoMan
|-damage|p2a: TakeYoMan|0 fnt
|faint|p2a: TakeYoMan
|
|upkeep
|
|t:|1779561091
|switch|p2a: gambitDNiteCringe|Pecharunt, tera:Dark|100/100
|turn|16
|
|t:|1779561093
|move|p1a: Landorus|Earthquake|p2a: gambitDNiteCringe
|-damage|p2a: gambitDNiteCringe|76/100
|move|p2a: gambitDNiteCringe|Nasty Plot|p2a: gambitDNiteCringe
|-boost|p2a: gambitDNiteCringe|spa|2
|
|upkeep
|turn|17
|
|t:|1779561098
|move|p1a: Landorus|Earthquake|p2a: gambitDNiteCringe
|-damage|p2a: gambitDNiteCringe|52/100
|move|p2a: gambitDNiteCringe|Shadow Ball|p1a: Landorus
|-damage|p1a: Landorus|0 fnt
|faint|p1a: Landorus
|
|upkeep
|
|t:|1779561101
|switch|p1a: Dragapult|Dragapult, M|100/100
|turn|18
|
|t:|1779561103
|move|p1a: Dragapult|Draco Meteor|p2a: gambitDNiteCringe
|-damage|p2a: gambitDNiteCringe|0 fnt
|-unboost|p1a: Dragapult|spa|2
|faint|p2a: gambitDNiteCringe
|
|upkeep
|
|t:|1779561107
|switch|p2a: Rapunzil|Primarina, F, shiny|54/100
|turn|19
|
|t:|1779561109
|move|p1a: Dragapult|U-turn|p2a: Rapunzil
|-resisted|p2a: Rapunzil
|-damage|p2a: Rapunzil|44/100
|
|t:|1779561110
|switch|p1a: Ditto|Ditto, shiny|100/100|[from] U-turn
|-transform|p1a: Ditto|p2a: Rapunzil|[from] ability: Imposter
|move|p2a: Rapunzil|Draining Kiss|p1a: Ditto
|-damage|p1a: Ditto|75/100
|-heal|p2a: Rapunzil|59/100|[from] drain|[of] p1a: Ditto
|
|upkeep
|turn|20
|
|t:|1779561114
|move|p1a: Ditto|Psychic Noise|p2a: Rapunzil
|-resisted|p2a: Rapunzil
|-damage|p2a: Rapunzil|49/100
|-start|p2a: Rapunzil|move: Heal Block
|move|p2a: Rapunzil|Psychic Noise|p1a: Ditto
|-resisted|p1a: Ditto
|-crit|p1a: Ditto
|-damage|p1a: Ditto|52/100
|-start|p1a: Ditto|move: Heal Block
|
|upkeep
|turn|21
|
|t:|1779561119
|move|p1a: Ditto|Psychic Noise|p2a: Rapunzil
|-resisted|p2a: Rapunzil
|-damage|p2a: Rapunzil|40/100
|move|p2a: Rapunzil|Psychic|p1a: Ditto
|-damage|p1a: Ditto|22/100
|
|-end|p1a: Ditto|move: Heal Block
|-end|p2a: Rapunzil|move: Heal Block
|upkeep
|turn|22
|
|t:|1779561125
|move|p1a: Ditto|Psychic Noise|p2a: Rapunzil
|-resisted|p2a: Rapunzil
|-damage|p2a: Rapunzil|30/100
|-start|p2a: Rapunzil|move: Heal Block
|move|p2a: Rapunzil|Shadow Ball|p1a: Ditto
|-damage|p1a: Ditto|0 fnt
|faint|p1a: Ditto
|
|upkeep
|
|t:|1779561127
|switch|p1a: Iron Moth|Iron Moth|86/100
|turn|23
|
|t:|1779561130
|move|p1a: Iron Moth|Discharge|p2a: Rapunzil
|-supereffective|p2a: Rapunzil
|-damage|p2a: Rapunzil|3/100
|move|p2a: Rapunzil|Psychic Noise|p1a: Iron Moth
|-supereffective|p1a: Iron Moth
|-damage|p1a: Iron Moth|13/100
|-start|p1a: Iron Moth|move: Heal Block
|
|-end|p2a: Rapunzil|move: Heal Block
|upkeep
|turn|24
|
|t:|1779561134
|move|p1a: Iron Moth|Discharge|p2a: Rapunzil
|-supereffective|p2a: Rapunzil
|-damage|p2a: Rapunzil|0 fnt
|faint|p2a: Rapunzil
|
|win|uigjhkkj
|raw|uigjhkkj's rating: 1310 &rarr; <strong>1335</strong><br />(+25 for winning)
|raw|hattybatty304's rating: 1398 &rarr; <strong>1373</strong><br />(-25 for losing)
|l|☆uigjhkkj
|player|p1|
|l|☆hattybatty304
|player|p2|
