|j|☆Clueless Mann
|j|☆BROOMX4
|t:|1779687308
|gametype|singles
|player|p1|Clueless Mann|psychic-gen4|1473
|player|p2|BROOMX4|steven|1485
|gen|9
|tier|[Gen 9] OU
|rated|
|rule|HP Percentage Mod: HP is shown in percentages
|rule|Endless Battle Clause: Forcing endless battles is banned
|rule|Species Clause: Limit one of each Pokémon
|rule|OHKO Clause: OHKO moves are banned
|rule|Evasion Items Clause: Evasion items are banned
|rule|Evasion Moves Clause: Evasion moves are banned
|rule|Evasion Abilities Clause: Evasion abilities are banned
|rule|Sleep Moves Clause: Sleep-inducing moves are banned
|clearpoke
|poke|p1|Ogerpon-Wellspring, F|
|poke|p1|Great Tusk|
|poke|p1|Clefable, M|
|poke|p1|Pecharunt|
|poke|p1|Heatran, F|
|poke|p1|Samurott-Hisui, M|
|poke|p2|Kyurem|
|poke|p2|Slowking-Galar, M|
|poke|p2|Hatterene, F|
|poke|p2|Moltres|
|poke|p2|Great Tusk|
|poke|p2|Tyranitar, M|
|teampreview
|inactive|Battle timer is ON: inactive players will automatically lose when time's up. (requested by BROOMX4)
|inactive|BROOMX4 has 120 seconds left.
|
|t:|1779687343
|teamsize|p1|6
|teamsize|p2|6
|start
|switch|p1a: Samurott|Samurott-Hisui, M|100/100
|switch|p2a: Great Tusk|Great Tusk|100/100
|turn|1
|
|t:|1779687360
|switch|p1a: Clefable|Clefable, M|100/100
|move|p2a: Great Tusk|Close Combat|p1a: Clefable
|-resisted|p1a: Clefable
|-damage|p1a: Clefable|73/100
|-unboost|p2a: Great Tusk|def|1
|-unboost|p2a: Great Tusk|spd|1
|
|upkeep
|turn|2
|
|t:|1779687364
|-end|p2a: Great Tusk|Protosynthesis|[silent]
|switch|p2a: Hatterene|Hatterene, F|100/100
|move|p1a: Clefable|Moonblast|p2a: Hatterene
|-damage|p2a: Hatterene|70/100
|-unboost|p2a: Hatterene|spa|1
|-enditem|p2a: Hatterene|Eject Button
|
|t:|1779687375
|switch|p2a: Kyurem|Kyurem|100/100
|-ability|p2a: Kyurem|Pressure
|
|upkeep
|turn|3
|
|t:|1779687386
|move|p2a: Kyurem|Blizzard|p1a: Clefable
|-crit|p1a: Clefable
|-damage|p1a: Clefable|0 fnt
|faint|p1a: Clefable
|
|upkeep
|
|t:|1779687405
|switch|p1a: Heatran|Heatran, F|100/100
|turn|4
|inactive|BROOMX4 has 120 seconds left.
|
|t:|1779687438
|switch|p2a: Tyranitar|Tyranitar, M|100/100
|-weather|Sandstorm|[from] ability: Sand Stream|[of] p2a: Tyranitar
|move|p1a: Heatran|Stealth Rock|p2a: Tyranitar
|-sidestart|p2: BROOMX4|move: Stealth Rock
|
|-weather|Sandstorm|[upkeep]
|upkeep
|turn|5
|inactive|Clueless Mann has 120 seconds left.
|
|t:|1779687474
|move|p1a: Heatran|Will-O-Wisp|p2a: Tyranitar
|-status|p2a: Tyranitar|brn
|move|p2a: Tyranitar|Knock Off|p1a: Heatran
|-damage|p1a: Heatran|81/100
|-enditem|p1a: Heatran|Leftovers|[from] move: Knock Off|[of] p2a: Tyranitar
|
|-weather|Sandstorm|[upkeep]
|-damage|p2a: Tyranitar|94/100 brn|[from] brn
|upkeep
|turn|6
|inactive|Clueless Mann has 120 seconds left.
|
|t:|1779687482
|switch|p2a: Great Tusk|Great Tusk|100/100
|-damage|p2a: Great Tusk|98/100|[from] Stealth Rock
|move|p1a: Heatran|Magma Storm|p2a: Great Tusk|[miss]
|-miss|p1a: Heatran|p2a: Great Tusk
|
|-weather|Sandstorm|[upkeep]
|upkeep
|turn|7
|
|t:|1779687490
|move|p2a: Great Tusk|Close Combat|p1a: Heatran
|-supereffective|p1a: Heatran
|-damage|p1a: Heatran|0 fnt
|-unboost|p2a: Great Tusk|def|1
|-unboost|p2a: Great Tusk|spd|1
|faint|p1a: Heatran
|
|-weather|Sandstorm|[upkeep]
|upkeep
|inactive|Clueless Mann has 120 seconds left.
|
|t:|1779687504
|switch|p1a: Ogerpon|Ogerpon-Wellspring, F|100/100
|turn|8
|
|t:|1779687512
|-end|p2a: Great Tusk|Protosynthesis|[silent]
|switch|p2a: Slowking|Slowking-Galar, M|100/100
|move|p1a: Ogerpon|Swords Dance|p1a: Ogerpon
|-boost|p1a: Ogerpon|atk|2
|
|-weather|none
|upkeep
|turn|9
|
|t:|1779687517
|move|p1a: Ogerpon|Ivy Cudgel|p2a: Slowking|[anim] Ivy Cudgel Water
|-damage|p2a: Slowking|14/100
|move|p2a: Slowking|Sludge Bomb|p1a: Ogerpon
|-supereffective|p1a: Ogerpon
|-damage|p1a: Ogerpon|25/100
|-status|p1a: Ogerpon|psn
|
|-damage|p1a: Ogerpon|12/100 psn|[from] psn
|upkeep
|turn|10
|
|t:|1779687523
|switch|p2a: Kyurem|Kyurem|100/100
|-damage|p2a: Kyurem|76/100|[from] Stealth Rock
|-ability|p2a: Kyurem|Pressure
|move|p1a: Ogerpon|Ivy Cudgel|p2a: Kyurem|[anim] Ivy Cudgel Water
|-resisted|p2a: Kyurem
|-damage|p2a: Kyurem|16/100
|
|-damage|p1a: Ogerpon|0 fnt|[from] psn
|faint|p1a: Ogerpon
|upkeep
|inactive|Clueless Mann has 120 seconds left.
|
|t:|1779687545
|switch|p1a: Samurott|Samurott-Hisui, M|100/100
|turn|11
|
|t:|1779687550
|switch|p2a: Tyranitar|Tyranitar, M|94/100 brn
|-damage|p2a: Tyranitar|82/100 brn|[from] Stealth Rock
|-weather|Sandstorm|[from] ability: Sand Stream|[of] p2a: Tyranitar
|move|p1a: Samurott|Ceaseless Edge|p2a: Tyranitar
|-resisted|p2a: Tyranitar
|-damage|p2a: Tyranitar|65/100 brn
|-sidestart|p2: BROOMX4|Spikes
|
|-weather|Sandstorm|[upkeep]
|-damage|p1a: Samurott|94/100|[from] Sandstorm
|-damage|p2a: Tyranitar|59/100 brn|[from] brn
|upkeep
|turn|12
|
|t:|1779687570
|switch|p2a: Slowking|Slowking-Galar, M|47/100
|move|p1a: Samurott|Ceaseless Edge|p2a: Slowking
|-supereffective|p2a: Slowking
|-damage|p2a: Slowking|0 fnt
|-sidestart|p2: BROOMX4|Spikes
|faint|p2a: Slowking
|
|-weather|Sandstorm|[upkeep]
|-damage|p1a: Samurott|88/100|[from] Sandstorm
|upkeep
|
|t:|1779687575
|switch|p2a: Great Tusk|Great Tusk|98/100
|-damage|p2a: Great Tusk|95/100|[from] Stealth Rock
|-damage|p2a: Great Tusk|78/100|[from] Spikes
|turn|13
|
|t:|1779687580
|switch|p1a: Pecharunt|Pecharunt|100/100
|move|p2a: Great Tusk|Close Combat|p1a: Pecharunt
|-immune|p1a: Pecharunt
|
|-weather|Sandstorm|[upkeep]
|-damage|p1a: Pecharunt|95/100|[from] Sandstorm
|upkeep
|turn|14
|inactive|Clueless Mann has 120 seconds left.
|
|t:|1779687616
|-end|p2a: Great Tusk|Protosynthesis|[silent]
|switch|p2a: Tyranitar|Tyranitar, M|59/100 brn
|-damage|p2a: Tyranitar|46/100 brn|[from] Stealth Rock
|-damage|p2a: Tyranitar|30/100 brn|[from] Spikes
|-terastallize|p1a: Pecharunt|Ghost
|move|p1a: Pecharunt|Shadow Ball|p2a: Tyranitar
|-resisted|p2a: Tyranitar
|-damage|p2a: Tyranitar|23/100 brn
|
|-weather|Sandstorm|[upkeep]
|-damage|p1a: Pecharunt|89/100|[from] Sandstorm
|-damage|p2a: Tyranitar|17/100 brn|[from] brn
|upkeep
|turn|15
|
|t:|1779687628
|move|p1a: Pecharunt|Nasty Plot|p1a: Pecharunt
|-boost|p1a: Pecharunt|spa|2
|move|p2a: Tyranitar|Knock Off|p1a: Pecharunt
|-supereffective|p1a: Pecharunt
|-damage|p1a: Pecharunt|57/100
|-enditem|p1a: Pecharunt|Heavy-Duty Boots|[from] move: Knock Off|[of] p2a: Tyranitar
|
|-weather|none
|-damage|p2a: Tyranitar|10/100 brn|[from] brn
|upkeep
|turn|16
|
|t:|1779687634
|move|p1a: Pecharunt|Recover|p1a: Pecharunt
|-heal|p1a: Pecharunt|100/100
|move|p2a: Tyranitar|Fire Blast|p1a: Pecharunt
|-damage|p1a: Pecharunt|72/100
|-status|p1a: Pecharunt|brn
|
|-damage|p1a: Pecharunt|66/100 brn|[from] brn
|-damage|p2a: Tyranitar|4/100 brn|[from] brn
|upkeep
|turn|17
|
|t:|1779687637
|move|p1a: Pecharunt|Recover|p1a: Pecharunt
|-heal|p1a: Pecharunt|100/100 brn
|move|p2a: Tyranitar|Fire Blast|p1a: Pecharunt
|-crit|p1a: Pecharunt
|-damage|p1a: Pecharunt|56/100 brn
|
|-damage|p1a: Pecharunt|50/100 brn|[from] brn
|-damage|p2a: Tyranitar|0 fnt|[from] brn
|faint|p2a: Tyranitar
|upkeep
|c|☆Clueless Mann|lol
|
|t:|1779687645
|switch|p2a: Great Tusk|Great Tusk|78/100
|-damage|p2a: Great Tusk|75/100|[from] Stealth Rock
|-damage|p2a: Great Tusk|59/100|[from] Spikes
|turn|18
|
|t:|1779687652
|-terastallize|p2a: Great Tusk|Ground
|move|p2a: Great Tusk|Headlong Rush|p1a: Pecharunt
|-damage|p1a: Pecharunt|0 fnt
|-unboost|p2a: Great Tusk|def|1
|-unboost|p2a: Great Tusk|spd|1
|faint|p1a: Pecharunt
|
|upkeep
|c|☆BROOMX4|mb for hax
|
|t:|1779687668
|switch|p1a: Great Tusk|Great Tusk|100/100
|turn|19
|
|t:|1779687671
|-end|p2a: Great Tusk|Protosynthesis|[silent]
|switch|p2a: Moltres|Moltres|100/100
|move|p1a: Great Tusk|Headlong Rush|p2a: Moltres
|-immune|p2a: Moltres
|
|upkeep
|turn|20
|
|t:|1779687675
|-end|p1a: Great Tusk|Protosynthesis|[silent]
|switch|p1a: Samurott|Samurott-Hisui, M|88/100
|move|p2a: Moltres|Flamethrower|p1a: Samurott
|-resisted|p1a: Samurott
|-damage|p1a: Samurott|61/100
|
|upkeep
|turn|21
|
|t:|1779687679
|move|p1a: Samurott|Ceaseless Edge|p2a: Moltres
|-damage|p2a: Moltres|67/100
|-status|p1a: Samurott|brn|[from] ability: Flame Body|[of] p2a: Moltres
|-sidestart|p2: BROOMX4|Spikes
|move|p2a: Moltres|U-turn|p1a: Samurott
|-supereffective|p1a: Samurott
|-damage|p1a: Samurott|20/100 brn
|
|t:|1779687695
|switch|p2a: Great Tusk|Great Tusk, tera:Ground|59/100|[from] U-turn
|-damage|p2a: Great Tusk|53/100|[from] Stealth Rock
|-damage|p2a: Great Tusk|28/100|[from] Spikes
|
|-damage|p1a: Samurott|14/100 brn|[from] brn
|upkeep
|turn|22
|
|t:|1779687711
|move|p1a: Samurott|Aqua Jet|p2a: Great Tusk
|-supereffective|p2a: Great Tusk
|-damage|p2a: Great Tusk|15/100
|move|p2a: Great Tusk|Rapid Spin|p1a: Samurott
|-damage|p1a: Samurott|0 fnt
|-boost|p2a: Great Tusk|spe|1
|-sideend|p2: BROOMX4|Spikes|[from] move: Rapid Spin|[of] p2a: Great Tusk
|-sideend|p2: BROOMX4|Stealth Rock|[from] move: Rapid Spin|[of] p2a: Great Tusk
|faint|p1a: Samurott
|
|upkeep
|
|t:|1779687715
|switch|p1a: Great Tusk|Great Tusk|100/100
|turn|23
|
|t:|1779687720
|-end|p2a: Great Tusk|Protosynthesis|[silent]
|switch|p2a: Moltres|Moltres|67/100
|move|p1a: Great Tusk|Stone Edge|p2a: Moltres|[miss]
|-miss|p1a: Great Tusk|p2a: Moltres
|
|upkeep
|turn|24
|c|☆Clueless Mann|gg
|c|☆BROOMX4|gg
|
|t:|1779687726
|move|p1a: Great Tusk|Stone Edge|p2a: Moltres
|-supereffective|p2a: Moltres
|-damage|p2a: Moltres|0 fnt
|faint|p2a: Moltres
|
|upkeep
|
|t:|1779687729
|switch|p2a: Hatterene|Hatterene, F|70/100
|turn|25
|
|t:|1779687733
|move|p1a: Great Tusk|Stone Edge|p2a: Hatterene
|-damage|p2a: Hatterene|42/100
|move|p2a: Hatterene|Healing Wish|p2a: Hatterene
|faint|p2a: Hatterene
|
|upkeep
|
|t:|1779687735
|switch|p2a: Kyurem|Kyurem|16/100
|-heal|p2a: Kyurem|100/100|[from] move: Healing Wish
|-ability|p2a: Kyurem|Pressure
|turn|26
|
|t:|1779687740
|move|p1a: Great Tusk|Stone Edge|p2a: Kyurem
|-supereffective|p2a: Kyurem
|-damage|p2a: Kyurem|29/100
|move|p2a: Kyurem|Freeze-Dry|p1a: Great Tusk
|-supereffective|p1a: Great Tusk
|-damage|p1a: Great Tusk|0 fnt
|faint|p1a: Great Tusk
|-end|p1a: Great Tusk|Protosynthesis|[silent]
|
|win|BROOMX4
|raw|Clueless Mann's rating: 1473 &rarr; <strong>1454</strong><br />(-19 for losing)
|raw|BROOMX4's rating: 1485 &rarr; <strong>1504</strong><br />(+19 for winning)
|l|☆Clueless Mann
|player|p1|
|l|☆BROOMX4
|player|p2|
