|j|☆why so obsessed
|j|☆lunarfae
|t:|1779677246
|gametype|singles
|player|p1|why so obsessed|cynthia-gen4|1170
|player|p2|lunarfae|doubleteam|1175
|gen|9
|tier|[Gen 9] OU
|rated|
|rule|HP Percentage Mod: HP is shown in percentages
|rule|Endless Battle Clause: Forcing endless battles is banned
|rule|Species Clause: Limit one of each Pokémon
|rule|OHKO Clause: OHKO moves are banned
|rule|Evasion Items Clause: Evasion items are banned
|rule|Evasion Moves Clause: Evasion moves are banned
|rule|Evasion Abilities Clause: Evasion abilities are banned
|rule|Sleep Moves Clause: Sleep-inducing moves are banned
|clearpoke
|poke|p1|Torkoal, M|
|poke|p1|Hatterene, F|
|poke|p1|Great Tusk|
|poke|p1|Walking Wake|
|poke|p1|Tornadus-Therian, M|
|poke|p1|Venusaur, M|
|poke|p2|Mandibuzz, F|
|poke|p2|Goodra-Hisui, M|
|poke|p2|Registeel|
|poke|p2|Jumpluff, F|
|poke|p2|Vaporeon, M|
|poke|p2|Mudsdale, F|
|teampreview
|
|t:|1779677261
|teamsize|p1|6
|teamsize|p2|6
|start
|switch|p1a: Torkoal|Torkoal, M|100/100
|switch|p2a: Mandibuzz|Mandibuzz, F|100/100
|-weather|SunnyDay|[from] ability: Drought|[of] p1a: Torkoal
|turn|1
|
|t:|1779677268
|move|p2a: Mandibuzz|Toxic|p1a: Torkoal
|-status|p1a: Torkoal|tox
|move|p1a: Torkoal|Stealth Rock|p2a: Mandibuzz
|-sidestart|p2: lunarfae|move: Stealth Rock
|
|-weather|SunnyDay|[upkeep]
|-damage|p1a: Torkoal|94/100 tox|[from] psn
|upkeep
|turn|2
|
|t:|1779677284
|switch|p1a: Great Tusk|Great Tusk|100/100
|-activate|p1a: Great Tusk|ability: Protosynthesis
|-start|p1a: Great Tusk|protosynthesisatk
|move|p2a: Mandibuzz|Defog|p1a: Great Tusk
|-unboost|p1a: Great Tusk|evasion|1
|-sideend|p2: lunarfae|Stealth Rock|[from] move: Defog|[of] p2a: Mandibuzz
|
|-weather|SunnyDay|[upkeep]
|upkeep
|turn|3
|
|t:|1779677287
|move|p1a: Great Tusk|Stone Edge|p2a: Mandibuzz|[miss]
|-miss|p1a: Great Tusk|p2a: Mandibuzz
|move|p2a: Mandibuzz|Toxic|p1a: Great Tusk
|-status|p1a: Great Tusk|tox
|
|-weather|SunnyDay|[upkeep]
|-damage|p1a: Great Tusk|94/100 tox|[from] psn
|upkeep
|turn|4
|
|t:|1779677294
|switch|p2a: Mudsdale|Mudsdale, F|100/100
|move|p1a: Great Tusk|Stone Edge|p2a: Mudsdale
|-resisted|p2a: Mudsdale
|-damage|p2a: Mudsdale|87/100
|-ability|p2a: Mudsdale|Stamina|boost
|-boost|p2a: Mudsdale|def|1
|
|-weather|SunnyDay|[upkeep]
|-damage|p1a: Great Tusk|82/100 tox|[from] psn
|upkeep
|turn|5
|
|t:|1779677307
|-end|p1a: Great Tusk|Protosynthesis|[silent]
|switch|p1a: Walking Wake|Walking Wake|100/100
|-activate|p1a: Walking Wake|ability: Protosynthesis
|-start|p1a: Walking Wake|protosynthesisspe
|move|p2a: Mudsdale|Earthquake|p1a: Walking Wake
|-damage|p1a: Walking Wake|55/100
|
|-weather|SunnyDay|[upkeep]
|upkeep
|turn|6
|
|t:|1779677311
|switch|p2a: Vaporeon|Vaporeon, M|100/100
|move|p1a: Walking Wake|Hydro Steam|p2a: Vaporeon
|-immune|p2a: Vaporeon|[from] ability: Water Absorb
|
|-weather|SunnyDay|[upkeep]
|upkeep
|turn|7
|
|t:|1779677340
|-end|p1a: Walking Wake|Protosynthesis|[silent]
|switch|p1a: Great Tusk|Great Tusk|82/100 tox
|-activate|p1a: Great Tusk|ability: Protosynthesis
|-start|p1a: Great Tusk|protosynthesisatk
|move|p2a: Vaporeon|Wish|p2a: Vaporeon
|
|-weather|SunnyDay|[upkeep]
|-damage|p1a: Great Tusk|76/100 tox|[from] psn
|upkeep
|turn|8
|
|t:|1779677347
|-end|p1a: Great Tusk|Protosynthesis|[silent]
|switch|p1a: Tornadus|Tornadus-Therian, M|100/100
|move|p2a: Vaporeon|Ice Beam|p1a: Tornadus
|-supereffective|p1a: Tornadus
|-damage|p1a: Tornadus|71/100
|
|-weather|none
|upkeep
|turn|9
|
|t:|1779677357
|switch|p2a: Registeel|Registeel, shiny|100/100
|move|p1a: Tornadus|U-turn|p2a: Registeel
|-resisted|p2a: Registeel
|-damage|p2a: Registeel|96/100
|inactive|Battle timer is ON: inactive players will automatically lose when time's up. (requested by lunarfae)
|
|t:|1779677385
|switch|p1a: Torkoal|Torkoal, M|94/100 tox|[from] U-turn
|-weather|SunnyDay|[from] ability: Drought|[of] p1a: Torkoal
|
|-weather|SunnyDay|[upkeep]
|-damage|p1a: Torkoal|88/100 tox|[from] psn
|upkeep
|turn|10
|
|t:|1779677403
|switch|p2a: Mandibuzz|Mandibuzz, F|100/100
|move|p1a: Torkoal|Stealth Rock|p2a: Mandibuzz
|-sidestart|p2: lunarfae|move: Stealth Rock
|
|-weather|SunnyDay|[upkeep]
|-damage|p1a: Torkoal|76/100 tox|[from] psn
|upkeep
|turn|11
|
|t:|1779677410
|move|p2a: Mandibuzz|Defog|p1a: Torkoal
|-unboost|p1a: Torkoal|evasion|1
|-sideend|p2: lunarfae|Stealth Rock|[from] move: Defog|[of] p2a: Mandibuzz
|move|p1a: Torkoal|Overheat|p2a: Mandibuzz
|-damage|p2a: Mandibuzz|30/100
|-unboost|p1a: Torkoal|spa|2
|
|-weather|SunnyDay|[upkeep]
|-damage|p1a: Torkoal|57/100 tox|[from] psn
|upkeep
|turn|12
|
|t:|1779677419
|switch|p1a: Great Tusk|Great Tusk|76/100 tox
|-activate|p1a: Great Tusk|ability: Protosynthesis
|-start|p1a: Great Tusk|protosynthesisatk
|move|p2a: Mandibuzz|Roost|p2a: Mandibuzz
|-heal|p2a: Mandibuzz|80/100
|-singleturn|p2a: Mandibuzz|move: Roost
|
|-weather|SunnyDay|[upkeep]
|-damage|p1a: Great Tusk|70/100 tox|[from] psn
|upkeep
|turn|13
|
|t:|1779677427
|switch|p2a: Mudsdale|Mudsdale, F|87/100
|move|p1a: Great Tusk|Rapid Spin|p2a: Mudsdale
|-damage|p2a: Mudsdale|71/100
|-boost|p1a: Great Tusk|spe|1
|-damage|p1a: Great Tusk|53/100 tox|[from] item: Rocky Helmet|[of] p2a: Mudsdale
|-ability|p2a: Mudsdale|Stamina|boost
|-boost|p2a: Mudsdale|def|1
|
|-weather|SunnyDay|[upkeep]
|-damage|p1a: Great Tusk|41/100 tox|[from] psn
|upkeep
|turn|14
|
|t:|1779677439
|move|p1a: Great Tusk|Headlong Rush|p2a: Mudsdale
|-damage|p2a: Mudsdale|36/100
|-unboost|p1a: Great Tusk|def|1
|-unboost|p1a: Great Tusk|spd|1
|-damage|p1a: Great Tusk|24/100 tox|[from] item: Rocky Helmet|[of] p2a: Mudsdale
|-ability|p2a: Mudsdale|Stamina|boost
|-boost|p2a: Mudsdale|def|1
|move|p2a: Mudsdale|Body Press|p1a: Great Tusk
|-crit|p1a: Great Tusk
|-damage|p1a: Great Tusk|0 fnt
|faint|p1a: Great Tusk
|-end|p1a: Great Tusk|Protosynthesis|[silent]
|
|-weather|SunnyDay|[upkeep]
|upkeep
|
|t:|1779677467
|switch|p1a: Venusaur|Venusaur, M|100/100
|turn|15
|
|t:|1779677477
|switch|p2a: Goodra|Goodra-Hisui, M|100/100
|move|p1a: Venusaur|Giga Drain|p2a: Goodra
|-ability|p2a: Goodra|Sap Sipper|boost
|-boost|p2a: Goodra|atk|1
|
|-weather|SunnyDay|[upkeep]
|upkeep
|turn|16
|
|t:|1779677487
|move|p1a: Venusaur|Growth|p1a: Venusaur
|-boost|p1a: Venusaur|atk|2
|-boost|p1a: Venusaur|spa|2
|move|p2a: Goodra|Fire Blast|p1a: Venusaur|[miss]
|-miss|p2a: Goodra|p1a: Venusaur
|
|-weather|none
|upkeep
|turn|17
|
|t:|1779677492
|move|p1a: Venusaur|Earthquake|p2a: Goodra
|-supereffective|p2a: Goodra
|-damage|p2a: Goodra|0 fnt
|faint|p2a: Goodra
|-damage|p1a: Venusaur|91/100|[from] item: Life Orb
|
|upkeep
|
|t:|1779677500
|switch|p2a: Registeel|Registeel, shiny|96/100
|turn|18
|
|t:|1779677505
|move|p1a: Venusaur|Earthquake|p2a: Registeel
|-supereffective|p2a: Registeel
|-damage|p2a: Registeel|18/100
|-damage|p1a: Venusaur|81/100|[from] item: Life Orb
|move|p2a: Registeel|Thunder Wave|p1a: Venusaur
|-status|p1a: Venusaur|par
|
|upkeep
|turn|19
|
|t:|1779677511
|cant|p1a: Venusaur|par
|move|p2a: Registeel|Rest|p2a: Registeel
|-status|p2a: Registeel|slp|[from] move: Rest
|-heal|p2a: Registeel|100/100 slp|[silent]
|-enditem|p2a: Registeel|Chesto Berry|[eat]
|-curestatus|p2a: Registeel|slp|[msg]
|
|upkeep
|turn|20
|
|t:|1779677518
|move|p1a: Venusaur|Growth|p1a: Venusaur
|-boost|p1a: Venusaur|atk|1
|-boost|p1a: Venusaur|spa|1
|move|p2a: Registeel|Iron Defense|p2a: Registeel
|-boost|p2a: Registeel|def|2
|
|upkeep
|turn|21
|
|t:|1779677522
|cant|p1a: Venusaur|par
|move|p2a: Registeel|Iron Defense|p2a: Registeel
|-boost|p2a: Registeel|def|2
|
|upkeep
|turn|22
|
|t:|1779677524
|move|p1a: Venusaur|Earthquake|p2a: Registeel
|-supereffective|p2a: Registeel
|-damage|p2a: Registeel|71/100
|-damage|p1a: Venusaur|71/100 par|[from] item: Life Orb
|move|p2a: Registeel|Iron Defense|p2a: Registeel
|-boost|p2a: Registeel|def|2
|
|upkeep
|turn|23
|
|t:|1779677530
|move|p1a: Venusaur|Giga Drain|p2a: Registeel
|-resisted|p2a: Registeel
|-damage|p2a: Registeel|45/100
|-heal|p1a: Venusaur|86/100 par|[from] drain|[of] p2a: Registeel
|-damage|p1a: Venusaur|76/100 par|[from] item: Life Orb
|move|p2a: Registeel|Body Press|p1a: Venusaur
|-resisted|p1a: Venusaur
|-damage|p1a: Venusaur|8/100 par
|
|upkeep
|turn|24
|
|t:|1779677533
|move|p1a: Venusaur|Giga Drain|p2a: Registeel
|-resisted|p2a: Registeel
|-damage|p2a: Registeel|19/100
|-heal|p1a: Venusaur|24/100 par|[from] drain|[of] p2a: Registeel
|-damage|p1a: Venusaur|14/100 par|[from] item: Life Orb
|move|p2a: Registeel|Body Press|p1a: Venusaur
|-resisted|p1a: Venusaur
|-damage|p1a: Venusaur|0 fnt
|faint|p1a: Venusaur
|
|upkeep
|
|t:|1779677536
|switch|p1a: Torkoal|Torkoal, M|57/100 tox
|-weather|SunnyDay|[from] ability: Drought|[of] p1a: Torkoal
|turn|25
|
|t:|1779677541
|move|p2a: Registeel|Body Press|p1a: Torkoal
|-damage|p1a: Torkoal|0 fnt
|faint|p1a: Torkoal
|
|-weather|SunnyDay|[upkeep]
|upkeep
|
|t:|1779677551
|switch|p1a: Walking Wake|Walking Wake|55/100
|-activate|p1a: Walking Wake|ability: Protosynthesis
|-start|p1a: Walking Wake|protosynthesisspe
|turn|26
|
|t:|1779677557
|switch|p2a: Vaporeon|Vaporeon, M|100/100
|move|p1a: Walking Wake|Draco Meteor|p2a: Vaporeon
|-damage|p2a: Vaporeon|59/100
|-unboost|p1a: Walking Wake|spa|2
|
|-weather|SunnyDay|[upkeep]
|-heal|p2a: Vaporeon|65/100|[from] item: Leftovers
|upkeep
|turn|27
|
|t:|1779677564
|-end|p1a: Walking Wake|Protosynthesis|[silent]
|switch|p1a: Tornadus|Tornadus-Therian, M|100/100
|move|p2a: Vaporeon|Wish|p2a: Vaporeon
|
|-weather|SunnyDay|[upkeep]
|-heal|p2a: Vaporeon|71/100|[from] item: Leftovers
|upkeep
|turn|28
|
|t:|1779677569
|move|p1a: Tornadus|U-turn|p2a: Vaporeon
|-damage|p2a: Vaporeon|56/100
|
|t:|1779677574
|switch|p1a: Hatterene|Hatterene, F|100/100|[from] U-turn
|-item|p1a: Hatterene|Air Balloon
|move|p2a: Vaporeon|Flip Turn|p1a: Hatterene
|-damage|p1a: Hatterene|95/100
|-enditem|p1a: Hatterene|Air Balloon
|
|t:|1779677577
|switch|p2a: Registeel|Registeel, shiny|19/100|[from] Flip Turn
|
|-weather|SunnyDay|[upkeep]
|-heal|p2a: Registeel|83/100|[from] move: Wish|[wisher] Vaporeon
|upkeep
|turn|29
|
|t:|1779677594
|switch|p2a: Jumpluff|Jumpluff, F, shiny|100/100
|move|p1a: Hatterene|Psychic Noise|p2a: Jumpluff
|-damage|p2a: Jumpluff|74/100
|-start|p2a: Jumpluff|move: Heal Block
|
|-weather|SunnyDay|[upkeep]
|upkeep
|turn|30
|
|t:|1779677603
|move|p2a: Jumpluff|Leech Seed|p1a: Hatterene
|move|p1a: Hatterene|Leech Seed|p2a: Jumpluff|[from] ability: Magic Bounce
|-immune|p2a: Jumpluff
|move|p1a: Hatterene|Dazzling Gleam|p2a: Jumpluff
|-damage|p2a: Jumpluff|42/100
|
|-weather|SunnyDay|[upkeep]
|-end|p2a: Jumpluff|move: Heal Block
|upkeep
|turn|31
|
|t:|1779677608
|move|p2a: Jumpluff|Encore|p1a: Hatterene
|move|p1a: Hatterene|Encore||[from] ability: Magic Bounce|[still]
|-fail|p1a: Hatterene
|move|p1a: Hatterene|Dazzling Gleam|p2a: Jumpluff
|-damage|p2a: Jumpluff|10/100
|
|-weather|SunnyDay|[upkeep]
|upkeep
|turn|32
|
|t:|1779677613
|move|p2a: Jumpluff|Strength Sap|p1a: Hatterene
|move|p1a: Hatterene|Strength Sap|p2a: Jumpluff|[from] ability: Magic Bounce
|-unboost|p2a: Jumpluff|atk|1
|-heal|p1a: Hatterene|100/100
|move|p1a: Hatterene|Dazzling Gleam|p2a: Jumpluff
|-damage|p2a: Jumpluff|0 fnt
|faint|p2a: Jumpluff
|
|-weather|none
|upkeep
|
|t:|1779677625
|switch|p2a: Vaporeon|Vaporeon, M|56/100
|turn|33
|
|t:|1779677629
|move|p2a: Vaporeon|Ice Beam|p1a: Hatterene
|-damage|p1a: Hatterene|81/100
|move|p1a: Hatterene|Psychic Noise|p2a: Vaporeon
|-damage|p2a: Vaporeon|35/100
|-start|p2a: Vaporeon|move: Heal Block
|
|upkeep
|turn|34
|
|t:|1779677633
|move|p2a: Vaporeon|Protect|p2a: Vaporeon
|-singleturn|p2a: Vaporeon|Protect
|move|p1a: Hatterene|Dazzling Gleam|p2a: Vaporeon
|-activate|p2a: Vaporeon|move: Protect
|
|-end|p2a: Vaporeon|move: Heal Block
|upkeep
|turn|35
|
|t:|1779677637
|move|p2a: Vaporeon|Wish|p2a: Vaporeon
|move|p1a: Hatterene|Psychic Noise|p2a: Vaporeon
|-damage|p2a: Vaporeon|14/100
|-start|p2a: Vaporeon|move: Heal Block
|
|upkeep
|turn|36
|
|t:|1779677642
|switch|p2a: Mudsdale|Mudsdale, F|36/100
|move|p1a: Hatterene|Trick Room|p1a: Hatterene
|-fieldstart|move: Trick Room|[of] p1a: Hatterene
|
|-heal|p2a: Mudsdale|93/100|[from] move: Wish|[wisher] Vaporeon
|upkeep
|turn|37
|
|t:|1779677652
|move|p1a: Hatterene|Dazzling Gleam|p2a: Mudsdale
|-damage|p2a: Mudsdale|61/100
|-ability|p2a: Mudsdale|Stamina|boost
|-boost|p2a: Mudsdale|def|1
|move|p2a: Mudsdale|Earthquake|p1a: Hatterene
|-damage|p1a: Hatterene|50/100
|
|upkeep
|turn|38
|
|t:|1779677658
|move|p1a: Hatterene|Dazzling Gleam|p2a: Mudsdale
|-damage|p2a: Mudsdale|24/100
|-ability|p2a: Mudsdale|Stamina|boost
|-boost|p2a: Mudsdale|def|1
|move|p2a: Mudsdale|Earthquake|p1a: Hatterene
|-damage|p1a: Hatterene|20/100
|
|upkeep
|turn|39
|
|t:|1779677667
|move|p1a: Hatterene|Dazzling Gleam|p2a: Mudsdale
|-damage|p2a: Mudsdale|0 fnt
|faint|p2a: Mudsdale
|
|upkeep
|
|t:|1779677677
|switch|p2a: Registeel|Registeel, shiny|83/100
|turn|40
|
|t:|1779677681
|move|p1a: Hatterene|Psychic Noise|p2a: Registeel
|-resisted|p2a: Registeel
|-crit|p2a: Registeel
|-damage|p2a: Registeel|69/100
|-start|p2a: Registeel|move: Heal Block
|move|p2a: Registeel|Iron Defense|p2a: Registeel
|-boost|p2a: Registeel|def|2
|
|-fieldend|move: Trick Room
|upkeep
|turn|41
|
|t:|1779677685
|move|p2a: Registeel|Iron Defense|p2a: Registeel
|-boost|p2a: Registeel|def|2
|move|p1a: Hatterene|Healing Wish|p1a: Hatterene
|faint|p1a: Hatterene
|
|-end|p2a: Registeel|move: Heal Block
|upkeep
|
|t:|1779677691
|switch|p1a: Walking Wake|Walking Wake|55/100
|-heal|p1a: Walking Wake|100/100|[from] move: Healing Wish
|turn|42
|
|t:|1779677701
|-terastallize|p1a: Walking Wake|Fairy
|move|p1a: Walking Wake|Flamethrower|p2a: Registeel
|-supereffective|p2a: Registeel
|-damage|p2a: Registeel|35/100
|move|p2a: Registeel|Thunder Wave|p1a: Walking Wake
|-status|p1a: Walking Wake|par
|
|upkeep
|turn|43
|
|t:|1779677714
|move|p1a: Walking Wake|Flamethrower|p2a: Registeel
|-supereffective|p2a: Registeel
|-crit|p2a: Registeel
|-damage|p2a: Registeel|0 fnt
|faint|p2a: Registeel
|
|upkeep
|
|t:|1779677724
|switch|p2a: Mandibuzz|Mandibuzz, F|80/100
|turn|44
|
|t:|1779677733
|move|p2a: Mandibuzz|Foul Play|p1a: Walking Wake
|-resisted|p1a: Walking Wake
|-damage|p1a: Walking Wake|87/100 par
|move|p1a: Walking Wake|Hydro Steam|p2a: Mandibuzz
|-crit|p2a: Mandibuzz
|-damage|p2a: Mandibuzz|22/100
|
|upkeep
|turn|45
|
|t:|1779677736
|move|p2a: Mandibuzz|Roost|p2a: Mandibuzz
|-heal|p2a: Mandibuzz|72/100
|-singleturn|p2a: Mandibuzz|move: Roost
|move|p1a: Walking Wake|Hydro Steam|p2a: Mandibuzz
|-damage|p2a: Mandibuzz|37/100
|
|upkeep
|turn|46
|
|t:|1779677741
|move|p2a: Mandibuzz|Roost|p2a: Mandibuzz
|-heal|p2a: Mandibuzz|87/100
|-singleturn|p2a: Mandibuzz|move: Roost
|move|p1a: Walking Wake|Draco Meteor|p2a: Mandibuzz|[miss]
|-miss|p1a: Walking Wake|p2a: Mandibuzz
|
|upkeep
|turn|47
|
|t:|1779677746
|move|p2a: Mandibuzz|Foul Play|p1a: Walking Wake
|-resisted|p1a: Walking Wake
|-damage|p1a: Walking Wake|74/100 par
|cant|p1a: Walking Wake|par
|
|upkeep
|turn|48
|
|t:|1779677749
|move|p2a: Mandibuzz|Foul Play|p1a: Walking Wake
|-resisted|p1a: Walking Wake
|-damage|p1a: Walking Wake|60/100 par
|move|p1a: Walking Wake|Hydro Steam|p2a: Mandibuzz
|-damage|p2a: Mandibuzz|51/100
|
|upkeep
|turn|49
|
|t:|1779677752
|-end|p1a: Walking Wake|Protosynthesis|[silent]
|switch|p1a: Tornadus|Tornadus-Therian, M|100/100
|move|p2a: Mandibuzz|Roost|p2a: Mandibuzz
|-heal|p2a: Mandibuzz|100/100
|-singleturn|p2a: Mandibuzz|move: Roost
|
|upkeep
|turn|50
|
|t:|1779677756
|move|p1a: Tornadus|Icy Wind|p2a: Mandibuzz
|-supereffective|p2a: Mandibuzz
|-damage|p2a: Mandibuzz|76/100
|-unboost|p2a: Mandibuzz|spe|1
|move|p2a: Mandibuzz|Toxic|p1a: Tornadus
|-status|p1a: Tornadus|tox
|
|-damage|p1a: Tornadus|94/100 tox|[from] psn
|upkeep
|turn|51
|
|t:|1779677762
|switch|p2a: Vaporeon|Vaporeon, M|14/100
|move|p1a: Tornadus|Bleakwind Storm|p2a: Vaporeon
|-damage|p2a: Vaporeon|0 fnt
|faint|p2a: Vaporeon
|
|-damage|p1a: Tornadus|82/100 tox|[from] psn
|upkeep
|
|t:|1779677767
|switch|p2a: Mandibuzz|Mandibuzz, F|76/100
|turn|52
|
|t:|1779677778
|move|p1a: Tornadus|Icy Wind|p2a: Mandibuzz
|-supereffective|p2a: Mandibuzz
|-damage|p2a: Mandibuzz|55/100
|-unboost|p2a: Mandibuzz|spe|1
|move|p2a: Mandibuzz|Foul Play|p1a: Tornadus
|-damage|p1a: Tornadus|47/100 tox
|
|-damage|p1a: Tornadus|29/100 tox|[from] psn
|upkeep
|turn|53
|
|t:|1779677784
|move|p1a: Tornadus|Bleakwind Storm|p2a: Mandibuzz
|-damage|p2a: Mandibuzz|23/100
|move|p2a: Mandibuzz|Roost|p2a: Mandibuzz
|-heal|p2a: Mandibuzz|73/100
|-singleturn|p2a: Mandibuzz|move: Roost
|
|-damage|p1a: Tornadus|5/100 tox|[from] psn
|upkeep
|turn|54
|
|t:|1779677787
|move|p1a: Tornadus|Bleakwind Storm|p2a: Mandibuzz
|-damage|p2a: Mandibuzz|43/100
|move|p2a: Mandibuzz|Roost|p2a: Mandibuzz
|-heal|p2a: Mandibuzz|93/100
|-singleturn|p2a: Mandibuzz|move: Roost
|
|-damage|p1a: Tornadus|0 fnt|[from] psn
|faint|p1a: Tornadus
|upkeep
|
|t:|1779677790
|switch|p1a: Walking Wake|Walking Wake, tera:Fairy|60/100 par
|turn|55
|
|t:|1779677793
|move|p1a: Walking Wake|Hydro Steam|p2a: Mandibuzz
|-damage|p2a: Mandibuzz|55/100
|move|p2a: Mandibuzz|Foul Play|p1a: Walking Wake
|-resisted|p1a: Walking Wake
|-damage|p1a: Walking Wake|46/100 par
|
|upkeep
|turn|56
|
|t:|1779677796
|move|p1a: Walking Wake|Draco Meteor|p2a: Mandibuzz
|-damage|p2a: Mandibuzz|0 fnt
|-unboost|p1a: Walking Wake|spa|2
|faint|p2a: Mandibuzz
|
|win|why so obsessed
|raw|why so obsessed's rating: 1170 &rarr; <strong>1195</strong><br />(+25 for winning)
|raw|lunarfae's rating: 1175 &rarr; <strong>1150</strong><br />(-25 for losing)
|l|☆lunarfae
|player|p2|
|l|☆why so obsessed
|player|p1|
