|inactive|Battle timer is ON: inactive players will automatically lose when time's up.
|t:|1779649577
|gametype|singles
|player|p1|impersonxtor|#wcop2026uk|
|player|p2|benjaboynl|#wcop2026netherlands2|
|gen|9
|tier|[Gen 9] OU
|rule|HP Percentage Mod: HP is shown in percentages
|rule|Endless Battle Clause: Forcing endless battles is banned
|rule|Species Clause: Limit one of each Pokémon
|rule|OHKO Clause: OHKO moves are banned
|rule|Evasion Items Clause: Evasion items are banned
|rule|Evasion Moves Clause: Evasion moves are banned
|rule|Evasion Abilities Clause: Evasion abilities are banned
|rule|Sleep Moves Clause: Sleep-inducing moves are banned
|clearpoke
|poke|p1|Volcanion|
|poke|p1|Slowking-Galar, F|
|poke|p1|Zamazenta-*|
|poke|p1|Corviknight, M|
|poke|p1|Hatterene, F|
|poke|p1|Ting-Lu|
|poke|p2|Kyurem|
|poke|p2|Great Tusk|
|poke|p2|Hatterene, F|
|poke|p2|Kingambit, M|
|poke|p2|Ogerpon-Wellspring, F|
|poke|p2|Iron Moth|
|teampreview
|c|☆impersonxtor|hf
|c|☆benjaboynl|glhf
|c|+genhui|what this for
|inactive|impersonxtor has 270 seconds left.
|inactive|benjaboynl has 270 seconds left.
|c|☆benjaboynl|S tour
|c|☆impersonxtor|stour
|c|+genhui|o
|inactive|impersonxtor has 240 seconds left.
|inactive|impersonxtor has 210 seconds left.
|inactive|impersonxtor has 180 seconds left.
|
|t:|1779649699
|teamsize|p1|6
|teamsize|p2|6
|start
|switch|p1a: Slowking|Slowking-Galar, F, shiny|100/100
|switch|p2a: Kyurem|Kyurem, shiny|100/100
|-ability|p2a: Kyurem|Pressure
|turn|1
|inactive|benjaboynl has 270 seconds left.
|
|t:|1779649745
|move|p2a: Kyurem|Earth Power|p1a: Slowking
|-supereffective|p1a: Slowking
|-damage|p1a: Slowking|31/100
|-prepare|p1a: Slowking|Chilly Reception|[premajor]
|move|p1a: Slowking|Chilly Reception|p1a: Slowking
|-weather|Snowscape
|inactive|impersonxtor has 240 seconds left.
|
|t:|1779649778
|switch|p1a: Zamazenta|Zamazenta|100/100|[from] Chilly Reception
|-ability|p1a: Zamazenta|Dauntless Shield|boost
|-boost|p1a: Zamazenta|def|1
|
|-weather|Snowscape|[upkeep]
|upkeep
|turn|2
|
|t:|1779649806
|switch|p2a: Iron Moth|Iron Moth, shiny|100/100
|-enditem|p2a: Iron Moth|Booster Energy
|-activate|p2a: Iron Moth|ability: Quark Drive|[fromitem]
|-start|p2a: Iron Moth|quarkdrivespe
|move|p1a: Zamazenta|Close Combat|p2a: Iron Moth
|-resisted|p2a: Iron Moth
|-damage|p2a: Iron Moth|29/100
|-unboost|p1a: Zamazenta|def|1
|-unboost|p1a: Zamazenta|spd|1
|
|-weather|Snowscape|[upkeep]
|upkeep
|turn|3
|
|t:|1779649817
|switch|p1a: Ting-Lu|Ting-Lu|100/100
|-ability|p1a: Ting-Lu|Vessel of Ruin
|move|p2a: Iron Moth|Fiery Dance|p1a: Ting-Lu
|-damage|p1a: Ting-Lu|83/100
|-boost|p2a: Iron Moth|spa|1
|
|-weather|Snowscape|[upkeep]
|-heal|p1a: Ting-Lu|89/100|[from] item: Leftovers
|upkeep
|turn|4
|inactive|benjaboynl has 240 seconds left.
|
|t:|1779649833
|-end|p2a: Iron Moth|Quark Drive|[silent]
|switch|p2a: Hatterene|Hatterene, F, shiny|100/100
|move|p1a: Ting-Lu|Earthquake|p2a: Hatterene
|-damage|p2a: Hatterene|56/100
|-enditem|p2a: Hatterene|Red Card|[of] p1a: Ting-Lu
|drag|p1a: Hatterene|Hatterene, F|100/100
|
|-weather|Snowscape|[upkeep]
|upkeep
|turn|5
|inactive|impersonxtor has 240 seconds left.
|
|t:|1779649862
|switch|p1a: Ting-Lu|Ting-Lu|89/100
|-ability|p1a: Ting-Lu|Vessel of Ruin
|move|p2a: Hatterene|Pain Split|p1a: Ting-Lu
|-sethp|p1a: Ting-Lu|61/100|[from] move: Pain Split|[silent]
|-sethp|p2a: Hatterene|100/100|[from] move: Pain Split
|
|-weather|none
|-heal|p1a: Ting-Lu|67/100|[from] item: Leftovers
|upkeep
|turn|6
|inactive|benjaboynl has 240 seconds left.
|
|t:|1779649879
|switch|p1a: Slowking|Slowking-Galar, F, shiny|65/100
|switch|p2a: Ogerpon|Ogerpon-Wellspring, F|100/100
|
|-heal|p1a: Slowking|71/100|[from] item: Black Sludge
|upkeep
|turn|7
|
|t:|1779649887
|move|p2a: Ogerpon|Knock Off|p1a: Slowking
|-supereffective|p1a: Slowking
|-damage|p1a: Slowking|14/100
|-enditem|p1a: Slowking|Black Sludge|[from] move: Knock Off|[of] p2a: Ogerpon
|-prepare|p1a: Slowking|Chilly Reception|[premajor]
|move|p1a: Slowking|Chilly Reception|p1a: Slowking
|-weather|Snowscape
|
|t:|1779649890
|switch|p1a: Zamazenta|Zamazenta|100/100|[from] Chilly Reception
|
|-weather|Snowscape|[upkeep]
|upkeep
|turn|8
|inactive|impersonxtor has 240 seconds left.
|
|t:|1779649904
|switch|p2a: Great Tusk|Great Tusk, shiny|100/100
|move|p1a: Zamazenta|Heavy Slam|p2a: Great Tusk
|-damage|p2a: Great Tusk|87/100
|-damage|p1a: Zamazenta|84/100|[from] item: Rocky Helmet|[of] p2a: Great Tusk
|
|-weather|Snowscape|[upkeep]
|upkeep
|turn|9
|inactive|impersonxtor has 240 seconds left.
|
|t:|1779649923
|switch|p1a: Hatterene|Hatterene, F|100/100
|-end|p2a: Great Tusk|Protosynthesis|[silent]
|switch|p2a: Kingambit|Kingambit, M, shiny|100/100
|
|-weather|Snowscape|[upkeep]
|upkeep
|turn|10
|inactive|impersonxtor has 240 seconds left.
|inactive|benjaboynl has 240 seconds left.
|inactive|impersonxtor has 210 seconds left.
|
|t:|1779649975
|switch|p1a: Corviknight|Corviknight, M, shiny|100/100
|-ability|p1a: Corviknight|Pressure
|move|p2a: Kingambit|Iron Head|p1a: Corviknight
|-resisted|p1a: Corviknight
|-damage|p1a: Corviknight|88/100
|-damage|p2a: Kingambit|84/100|[from] item: Rocky Helmet|[of] p1a: Corviknight
|
|-weather|Snowscape|[upkeep]
|-heal|p2a: Kingambit|90/100|[from] item: Leftovers
|upkeep
|turn|11
|inactive|benjaboynl has 240 seconds left.
|
|t:|1779649994
|switch|p1a: Zamazenta|Zamazenta|84/100
|move|p2a: Kingambit|Swords Dance|p2a: Kingambit
|-boost|p2a: Kingambit|atk|2
|
|-weather|none
|-heal|p2a: Kingambit|96/100|[from] item: Leftovers
|upkeep
|turn|12
|
|t:|1779650007
|switch|p1a: Corviknight|Corviknight, M, shiny|88/100
|-ability|p1a: Corviknight|Pressure
|-terastallize|p2a: Kingambit|Ghost
|move|p2a: Kingambit|Iron Head|p1a: Corviknight
|-resisted|p1a: Corviknight
|-damage|p1a: Corviknight|58/100
|-damage|p2a: Kingambit|80/100|[from] item: Rocky Helmet|[of] p1a: Corviknight
|
|-heal|p2a: Kingambit|86/100|[from] item: Leftovers
|upkeep
|turn|13
|inactive|benjaboynl has 240 seconds left.
|inactive|impersonxtor has 180 seconds left.
|inactive|benjaboynl has 210 seconds left.
|
|t:|1779650052
|switch|p1a: Zamazenta|Zamazenta|84/100
|move|p2a: Kingambit|Kowtow Cleave|p1a: Zamazenta
|-resisted|p1a: Zamazenta
|-damage|p1a: Zamazenta|35/100
|
|-heal|p2a: Kingambit|92/100|[from] item: Leftovers
|upkeep
|turn|14
|inactive|benjaboynl has 210 seconds left.
|inactive|impersonxtor has 180 seconds left.
|
|t:|1779650062
|switch|p1a: Volcanion|Volcanion|100/100
|-end|p2a: Kingambit|fallenundefined|[silent]
|switch|p2a: Great Tusk|Great Tusk, shiny|87/100
|
|upkeep
|turn|15
|inactive|benjaboynl has 210 seconds left.
|
|t:|1779650083
|-end|p2a: Great Tusk|Protosynthesis|[silent]
|switch|p2a: Iron Moth|Iron Moth, shiny|29/100
|switch|p1a: Corviknight|Corviknight, M, shiny|58/100
|-ability|p1a: Corviknight|Pressure
|
|upkeep
|turn|16
|
|t:|1779650093
|-end|p2a: Iron Moth|Quark Drive|[silent]
|switch|p2a: Kyurem|Kyurem, shiny|100/100
|-ability|p2a: Kyurem|Pressure
|switch|p1a: Ting-Lu|Ting-Lu|67/100
|-ability|p1a: Ting-Lu|Vessel of Ruin
|
|-heal|p1a: Ting-Lu|73/100|[from] item: Leftovers
|upkeep
|turn|17
|inactive|benjaboynl has 210 seconds left.
|
|t:|1779650108
|-terastallize|p1a: Ting-Lu|Poison
|move|p2a: Kyurem|Freeze-Dry|p1a: Ting-Lu
|-damage|p1a: Ting-Lu|49/100
|move|p1a: Ting-Lu|Earthquake|p2a: Kyurem
|-damage|p2a: Kyurem|64/100
|
|-heal|p1a: Ting-Lu|55/100|[from] item: Leftovers
|upkeep
|turn|18
|inactive|benjaboynl has 210 seconds left.
|
|t:|1779650121
|switch|p2a: Ogerpon|Ogerpon-Wellspring, F|100/100
|switch|p1a: Hatterene|Hatterene, F|100/100
|
|upkeep
|turn|19
|inactive|benjaboynl has 210 seconds left.
|
|t:|1779650135
|switch|p2a: Iron Moth|Iron Moth, shiny|29/100
|move|p1a: Hatterene|Nuzzle|p2a: Iron Moth
|-damage|p2a: Iron Moth|24/100
|-status|p2a: Iron Moth|par
|
|upkeep
|turn|20
|inactive|benjaboynl has 210 seconds left.
|
|t:|1779650146
|switch|p1a: Slowking|Slowking-Galar, F, shiny|47/100
|move|p2a: Iron Moth|Fiery Dance|p1a: Slowking
|-damage|p1a: Slowking|18/100
|
|upkeep
|turn|21
|
|t:|1779650154
|-end|p2a: Iron Moth|Quark Drive|[silent]
|switch|p2a: Great Tusk|Great Tusk, shiny|87/100
|switch|p1a: Ting-Lu|Ting-Lu, tera:Poison|55/100
|-ability|p1a: Ting-Lu|Vessel of Ruin
|
|-heal|p1a: Ting-Lu|61/100|[from] item: Leftovers
|upkeep
|turn|22
|inactive|benjaboynl has 210 seconds left.
|
|t:|1779650175
|-end|p2a: Great Tusk|Protosynthesis|[silent]
|switch|p2a: Kingambit|Kingambit, M, shiny, tera:Ghost|92/100
|switch|p1a: Hatterene|Hatterene, F|100/100
|
|-heal|p2a: Kingambit|98/100|[from] item: Leftovers
|upkeep
|turn|23
|inactive|impersonxtor has 210 seconds left.
|inactive|benjaboynl has 210 seconds left.
|
|t:|1779650190
|switch|p1a: Volcanion|Volcanion|100/100
|move|p2a: Kingambit|Swords Dance|p2a: Kingambit
|-boost|p2a: Kingambit|atk|2
|
|-heal|p2a: Kingambit|100/100|[from] item: Leftovers
|upkeep
|turn|24
|inactive|benjaboynl has 210 seconds left.
|
|t:|1779650213
|-end|p2a: Kingambit|fallenundefined|[silent]
|switch|p2a: Iron Moth|Iron Moth, shiny|24/100 par
|move|p1a: Volcanion|Steam Eruption|p2a: Iron Moth
|-supereffective|p2a: Iron Moth
|-damage|p2a: Iron Moth|0 fnt
|faint|p2a: Iron Moth
|-end|p2a: Iron Moth|Quark Drive|[silent]
|
|upkeep
|
|t:|1779650217
|switch|p2a: Ogerpon|Ogerpon-Wellspring, F|100/100
|turn|25
|inactive|benjaboynl has 210 seconds left.
|
|t:|1779650224
|switch|p1a: Corviknight|Corviknight, M, shiny|58/100
|-ability|p1a: Corviknight|Pressure
|move|p2a: Ogerpon|Ivy Cudgel|p1a: Corviknight|[anim] Ivy Cudgel Water
|-damage|p1a: Corviknight|24/100
|
|upkeep
|turn|26
|
|t:|1779650233
|move|p2a: Ogerpon|Ivy Cudgel|p1a: Corviknight|[anim] Ivy Cudgel Water
|-damage|p1a: Corviknight|0 fnt
|faint|p1a: Corviknight
|
|upkeep
|
|t:|1779650235
|switch|p1a: Zamazenta|Zamazenta|35/100
|turn|27
|
|t:|1779650243
|switch|p2a: Hatterene|Hatterene, F, shiny|100/100
|move|p1a: Zamazenta|Close Combat|p2a: Hatterene
|-resisted|p2a: Hatterene
|-damage|p2a: Hatterene|73/100
|-unboost|p1a: Zamazenta|def|1
|-unboost|p1a: Zamazenta|spd|1
|
|upkeep
|turn|28
|
|t:|1779650257
|switch|p1a: Slowking|Slowking-Galar, F, shiny|52/100
|switch|p2a: Kingambit|Kingambit, M, shiny, tera:Ghost|100/100
|-activate|p2a: Kingambit|ability: Supreme Overlord
|-start|p2a: Kingambit|fallen1|[silent]
|
|upkeep
|turn|29
|inactive|impersonxtor has 240 seconds left.
|
|t:|1779650265
|switch|p1a: Ting-Lu|Ting-Lu, tera:Poison|61/100
|-ability|p1a: Ting-Lu|Vessel of Ruin
|move|p2a: Kingambit|Kowtow Cleave|p1a: Ting-Lu
|-damage|p1a: Ting-Lu|29/100
|
|-heal|p1a: Ting-Lu|36/100|[from] item: Leftovers
|upkeep
|turn|30
|inactive|benjaboynl has 240 seconds left.
|
|t:|1779650272
|-end|p2a: Kingambit|fallen1|[silent]
|switch|p2a: Great Tusk|Great Tusk, shiny|87/100
|switch|p1a: Volcanion|Volcanion|100/100
|
|upkeep
|turn|31
|
|t:|1779650278
|switch|p1a: Hatterene|Hatterene, F|100/100
|move|p2a: Great Tusk|Headlong Rush|p1a: Hatterene
|-damage|p1a: Hatterene|58/100
|-unboost|p2a: Great Tusk|def|1
|-unboost|p2a: Great Tusk|spd|1
|-damage|p2a: Great Tusk|70/100|[from] item: Rocky Helmet|[of] p1a: Hatterene
|
|upkeep
|turn|32
|
|t:|1779650284
|-end|p2a: Great Tusk|Protosynthesis|[silent]
|switch|p2a: Hatterene|Hatterene, F, shiny|73/100
|switch|p1a: Volcanion|Volcanion|100/100
|
|upkeep
|turn|33
|inactive|benjaboynl has 240 seconds left.
|
|t:|1779650308
|move|p1a: Volcanion|Flamethrower|p2a: Hatterene
|-damage|p2a: Hatterene|0 fnt
|faint|p2a: Hatterene
|
|upkeep
|inactive|benjaboynl has 240 seconds left.
|
|t:|1779650316
|switch|p2a: Kyurem|Kyurem, shiny|64/100
|-ability|p2a: Kyurem|Pressure
|turn|34
|inactive|impersonxtor has 270 seconds left.
|
|t:|1779650333
|switch|p1a: Slowking|Slowking-Galar, F, shiny|85/100
|move|p2a: Kyurem|Earth Power|p1a: Slowking
|-supereffective|p1a: Slowking
|-damage|p1a: Slowking|11/100
|
|upkeep
|turn|35
|
|t:|1779650350
|move|p2a: Kyurem|Earth Power|p1a: Slowking
|-supereffective|p1a: Slowking
|-damage|p1a: Slowking|0 fnt
|faint|p1a: Slowking
|
|upkeep
|
|t:|1779650352
|switch|p1a: Zamazenta|Zamazenta|35/100
|turn|36
|
|t:|1779650361
|switch|p2a: Kingambit|Kingambit, M, shiny, tera:Ghost|100/100
|-activate|p2a: Kingambit|ability: Supreme Overlord
|-start|p2a: Kingambit|fallen2|[silent]
|move|p1a: Zamazenta|Close Combat|p2a: Kingambit
|-immune|p2a: Kingambit
|
|upkeep
|turn|37
|inactive|impersonxtor has 270 seconds left.
|inactive|benjaboynl has 270 seconds left.
|
|t:|1779650367
|switch|p1a: Hatterene|Hatterene, F|58/100
|move|p2a: Kingambit|Kowtow Cleave|p1a: Hatterene
|-damage|p1a: Hatterene|12/100
|-damage|p2a: Kingambit|84/100|[from] item: Rocky Helmet|[of] p1a: Hatterene
|
|-heal|p2a: Kingambit|90/100|[from] item: Leftovers
|upkeep
|turn|38
|
|t:|1779650374
|move|p2a: Kingambit|Kowtow Cleave|p1a: Hatterene
|-damage|p1a: Hatterene|0 fnt
|-damage|p2a: Kingambit|73/100|[from] item: Rocky Helmet|[of] p1a: Hatterene
|faint|p1a: Hatterene
|
|-heal|p2a: Kingambit|80/100|[from] item: Leftovers
|upkeep
|
|t:|1779650375
|switch|p1a: Volcanion|Volcanion|100/100
|turn|39
|
|t:|1779650385
|-end|p2a: Kingambit|fallen2|[silent]
|switch|p2a: Ogerpon|Ogerpon-Wellspring, F|100/100
|move|p1a: Volcanion|Flamethrower|p2a: Ogerpon
|-damage|p2a: Ogerpon|12/100
|
|upkeep
|turn|40
|
|t:|1779650393
|switch|p1a: Zamazenta|Zamazenta|35/100
|move|p2a: Ogerpon|Power Whip|p1a: Zamazenta
|-damage|p1a: Zamazenta|0 fnt
|faint|p1a: Zamazenta
|
|upkeep
|
|t:|1779650397
|switch|p1a: Ting-Lu|Ting-Lu, tera:Poison|36/100
|-ability|p1a: Ting-Lu|Vessel of Ruin
|turn|41
|c|☆impersonxtor|gg
|c|☆benjaboynl|ik that set g 
|c|☆benjaboynl|dont say gg
|
|t:|1779650418
|move|p2a: Ogerpon|Knock Off|p1a: Ting-Lu
|-damage|p1a: Ting-Lu|14/100
|-enditem|p1a: Ting-Lu|Leftovers|[from] move: Knock Off|[of] p2a: Ogerpon
|move|p1a: Ting-Lu|Rest|p1a: Ting-Lu
|-status|p1a: Ting-Lu|slp|[from] move: Rest
|-heal|p1a: Ting-Lu|100/100 slp|[silent]
|
|upkeep
|turn|42
|
|t:|1779650429
|move|p2a: Ogerpon|Encore|p1a: Ting-Lu
|-start|p1a: Ting-Lu|Encore
|cant|p1a: Ting-Lu|slp
|
|upkeep
|turn|43
|
|t:|1779650444
|switch|p2a: Great Tusk|Great Tusk, shiny|70/100
|switch|p1a: Volcanion|Volcanion|100/100
|
|upkeep
|turn|44
|c|☆impersonxtor|doesnt matter
|c|☆impersonxtor|yea
|
|t:|1779650455
|move|p2a: Great Tusk|Headlong Rush|p1a: Volcanion
|-supereffective|p1a: Volcanion
|-damage|p1a: Volcanion|0 fnt
|-unboost|p2a: Great Tusk|def|1
|-unboost|p2a: Great Tusk|spd|1
|faint|p1a: Volcanion
|
|upkeep
|-message|impersonxtor forfeited.
|
|win|benjaboynl
|player|p1|
|c|☆benjaboynl|gg
