|j|‽acerrillo6970
|j|☆arataomega1
|t:|1779696424
|gametype|singles
|player|p1|acerrillo6970|2|1360
|player|p2|arataomega1|marnie-masters3|1323
|gen|9
|tier|[Gen 9] OU
|rated|
|rule|HP Percentage Mod: HP is shown in percentages
|rule|Endless Battle Clause: Forcing endless battles is banned
|rule|Species Clause: Limit one of each Pokémon
|rule|OHKO Clause: OHKO moves are banned
|rule|Evasion Items Clause: Evasion items are banned
|rule|Evasion Moves Clause: Evasion moves are banned
|rule|Evasion Abilities Clause: Evasion abilities are banned
|rule|Sleep Moves Clause: Sleep-inducing moves are banned
|clearpoke
|poke|p1|Flamigo, M|
|poke|p1|Tentacruel, M|
|poke|p1|Meowscarada, M|
|poke|p1|Comfey, M|
|poke|p1|Cramorant, M|
|poke|p1|Lokix, F|
|poke|p2|Volcanion|
|poke|p2|Weezing-Galar, M|
|poke|p2|Reuniclus, F|
|poke|p2|Registeel|
|poke|p2|Krookodile, F|
|poke|p2|Zapdos-Galar|
|teampreview
|inactive|Battle timer is ON: inactive players will automatically lose when time's up. (requested by acerrillo6970)
|inactive|acerrillo6970 has 120 seconds left.
|
|t:|1779696470
|teamsize|p1|6
|teamsize|p2|6
|start
|switch|p1a: Flamigo|Flamigo, M|100/100
|switch|p2a: Big daddy|Registeel, shiny|100/100
|turn|1
|
|t:|1779696481
|switch|p2a: Lord smogon|Weezing-Galar, M, shiny|100/100
|move|p1a: Flamigo|Close Combat|p2a: Lord smogon
|-resisted|p2a: Lord smogon
|-damage|p2a: Lord smogon|90/100
|-unboost|p1a: Flamigo|def|1
|-unboost|p1a: Flamigo|spd|1
|
|-heal|p2a: Lord smogon|96/100|[from] item: Leftovers
|upkeep
|turn|2
|
|t:|1779696499
|switch|p1a: Tentacruel|Tentacruel, M|100/100
|move|p2a: Lord smogon|Will-O-Wisp|p1a: Tentacruel|[miss]
|-miss|p2a: Lord smogon|p1a: Tentacruel
|
|-heal|p2a: Lord smogon|100/100|[from] item: Leftovers
|upkeep
|turn|3
|
|t:|1779696506
|switch|p2a: Cesar zepeli|Reuniclus, F, shiny|100/100
|move|p1a: Tentacruel|Sludge Wave|p2a: Cesar zepeli
|-damage|p2a: Cesar zepeli|84/100
|
|upkeep
|turn|4
|
|t:|1779696520
|switch|p1a: Lokix|Lokix, F|100/100
|move|p2a: Cesar zepeli|Knock Off|p1a: Lokix
|-resisted|p1a: Lokix
|-damage|p1a: Lokix|90/100
|-enditem|p1a: Lokix|Life Orb|[from] move: Knock Off|[of] p2a: Cesar zepeli
|
|upkeep
|turn|5
|
|t:|1779696528
|switch|p2a: Lord smogon|Weezing-Galar, M, shiny|100/100
|move|p1a: Lokix|Leech Life|p2a: Lord smogon
|-resisted|p2a: Lord smogon
|-damage|p2a: Lord smogon|87/100
|-heal|p1a: Lokix|97/100|[from] drain|[of] p2a: Lord smogon
|
|-heal|p2a: Lord smogon|93/100|[from] item: Leftovers
|upkeep
|turn|6
|
|t:|1779696537
|switch|p1a: Cramorant|Cramorant, M|100/100
|move|p2a: Lord smogon|Will-O-Wisp|p1a: Cramorant
|-status|p1a: Cramorant|brn
|
|-heal|p2a: Lord smogon|99/100|[from] item: Leftovers
|-damage|p1a: Cramorant|94/100 brn|[from] brn
|upkeep
|turn|7
|
|t:|1779696547
|switch|p2a: Cesar zepeli|Reuniclus, F, shiny|100/100
|move|p1a: Cramorant|Surf|p2a: Cesar zepeli
|-formechange|p1a: Cramorant|Cramorant-Gulping|
|-damage|p2a: Cesar zepeli|86/100
|
|-heal|p1a: Cramorant|100/100 brn|[from] item: Leftovers
|-damage|p1a: Cramorant|94/100 brn|[from] brn
|upkeep
|turn|8
|
|t:|1779696557
|move|p1a: Cramorant|Surf|p2a: Cesar zepeli
|-damage|p2a: Cesar zepeli|73/100
|move|p2a: Cesar zepeli|Psychic Noise|p1a: Cramorant
|-damage|p1a: Cramorant|50/100 brn
|-start|p1a: Cramorant|move: Heal Block
|-damage|p2a: Cesar zepeli|48/100|[from] ability: Gulp Missile|[of] p1a: Cramorant
|-unboost|p2a: Cesar zepeli|def|1
|-formechange|p1a: Cramorant|Cramorant|
|
|-damage|p1a: Cramorant|44/100 brn|[from] brn
|upkeep
|turn|9
|
|t:|1779696569
|move|p1a: Cramorant|Surf|p2a: Cesar zepeli
|-formechange|p1a: Cramorant|Cramorant-Gorging|
|-damage|p2a: Cesar zepeli|35/100
|move|p2a: Cesar zepeli|Focus Blast|p1a: Cramorant
|-resisted|p1a: Cramorant
|-damage|p1a: Cramorant|23/100 brn
|-damage|p2a: Cesar zepeli|10/100|[from] ability: Gulp Missile|[of] p1a: Cramorant
|-status|p2a: Cesar zepeli|par
|-formechange|p1a: Cramorant|Cramorant|
|
|-damage|p1a: Cramorant|17/100 brn|[from] brn
|-end|p1a: Cramorant|move: Heal Block
|upkeep
|turn|10
|
|t:|1779696586
|switch|p2a: El Stromboli|Volcanion|100/100
|move|p1a: Cramorant|Surf|p2a: El Stromboli
|-immune|p2a: El Stromboli|[from] ability: Water Absorb
|
|-heal|p1a: Cramorant|23/100 brn|[from] item: Leftovers
|-damage|p1a: Cramorant|17/100 brn|[from] brn
|upkeep
|turn|11
|
|t:|1779696595
|switch|p1a: Tentacruel|Tentacruel, M|100/100
|move|p2a: El Stromboli|Flamethrower|p1a: Tentacruel
|-resisted|p1a: Tentacruel
|-damage|p1a: Tentacruel|76/100
|
|-heal|p1a: Tentacruel|82/100|[from] item: Black Sludge
|upkeep
|turn|12
|
|t:|1779696605
|-terastallize|p2a: El Stromboli|Ground
|move|p2a: El Stromboli|Earth Power|p1a: Tentacruel
|-supereffective|p1a: Tentacruel
|-damage|p1a: Tentacruel|0 fnt
|faint|p1a: Tentacruel
|
|upkeep
|
|t:|1779696611
|switch|p1a: Meowscarada|Meowscarada, M|100/100
|turn|13
|
|t:|1779696618
|switch|p2a: Big daddy|Registeel, shiny|100/100
|-terastallize|p1a: Meowscarada|Grass
|move|p1a: Meowscarada|Flower Trick|p2a: Big daddy
|-resisted|p2a: Big daddy
|-crit|p2a: Big daddy
|-damage|p2a: Big daddy|69/100
|
|-heal|p2a: Big daddy|75/100|[from] item: Leftovers
|upkeep
|turn|14
|
|t:|1779696629
|switch|p1a: Flamigo|Flamigo, M|100/100
|move|p2a: Big daddy|Stealth Rock|p1a: Flamigo
|-sidestart|p1: acerrillo6970|move: Stealth Rock
|
|-heal|p2a: Big daddy|81/100|[from] item: Leftovers
|upkeep
|turn|15
|
|t:|1779696636
|switch|p2a: Lord smogon|Weezing-Galar, M, shiny|99/100
|move|p1a: Flamigo|Close Combat|p2a: Lord smogon
|-resisted|p2a: Lord smogon
|-damage|p2a: Lord smogon|89/100
|-unboost|p1a: Flamigo|def|1
|-unboost|p1a: Flamigo|spd|1
|
|-heal|p2a: Lord smogon|95/100|[from] item: Leftovers
|upkeep
|turn|16
|
|t:|1779696645
|switch|p1a: Cramorant|Cramorant, M|17/100 brn
|-damage|p1a: Cramorant|0 fnt|[from] Stealth Rock
|faint|p1a: Cramorant
|move|p2a: Lord smogon|Strange Steam|p1: Cramorant|[notarget]
|-fail|p2a: Lord smogon
|
|-heal|p2a: Lord smogon|100/100|[from] item: Leftovers
|upkeep
|
|t:|1779696652
|switch|p1a: Meowscarada|Meowscarada, M, tera:Grass|100/100
|-damage|p1a: Meowscarada|88/100|[from] Stealth Rock
|turn|17
|
|t:|1779696658
|move|p1a: Meowscarada|Flower Trick|p2a: Lord smogon
|-resisted|p2a: Lord smogon
|-crit|p2a: Lord smogon
|-damage|p2a: Lord smogon|63/100
|move|p2a: Lord smogon|Will-O-Wisp|p1a: Meowscarada
|-status|p1a: Meowscarada|brn
|
|-heal|p2a: Lord smogon|69/100|[from] item: Leftovers
|-damage|p1a: Meowscarada|82/100 brn|[from] brn
|upkeep
|turn|18
|-message|acerrillo6970 forfeited.
|
|win|arataomega1
|raw|acerrillo6970's rating: 1360 &rarr; <strong>1338</strong><br />(-22 for losing)
|raw|arataomega1's rating: 1323 &rarr; <strong>1345</strong><br />(+22 for winning)
|l|‽acerrillo6970
|player|p1|
|l|☆arataomega1
|player|p2|
