|j|☆skyrim-alberto
|j|☆redsnow0
|t:|1779634685
|gametype|singles
|player|p1|skyrim-alberto|norman|1433
|player|p2|redsnow0|101|1472
|gen|9
|tier|[Gen 9] OU
|rated|
|rule|HP Percentage Mod: HP is shown in percentages
|rule|Endless Battle Clause: Forcing endless battles is banned
|rule|Species Clause: Limit one of each Pokémon
|rule|OHKO Clause: OHKO moves are banned
|rule|Evasion Items Clause: Evasion items are banned
|rule|Evasion Moves Clause: Evasion moves are banned
|rule|Evasion Abilities Clause: Evasion abilities are banned
|rule|Sleep Moves Clause: Sleep-inducing moves are banned
|clearpoke
|poke|p1|Mimikyu, M|
|poke|p1|Ursaluna, M|
|poke|p1|Indeedee-F, F|
|poke|p1|Corviknight, M|
|poke|p1|Raging Bolt|
|poke|p1|Hoopa-Unbound|
|poke|p2|Dragapult, M|
|poke|p2|Zapdos|
|poke|p2|Zamazenta-*|
|poke|p2|Ogerpon-Wellspring, F|
|poke|p2|Garganacl, M|
|poke|p2|Conkeldurr, M|
|teampreview
|
|t:|1779634731
|teamsize|p1|6
|teamsize|p2|6
|start
|switch|p1a: Class weirdo|Mimikyu, M|100/100
|switch|p2a: Garganacl|Garganacl, M|100/100
|turn|1
|
|t:|1779634744
|switch|p1a: I hit soft|Ursaluna, M|100/100
|move|p2a: Garganacl|Salt Cure|p1a: I hit soft
|-resisted|p1a: I hit soft
|-damage|p1a: I hit soft|96/100
|-start|p1a: I hit soft|Salt Cure
|
|-damage|p1a: I hit soft|84/100|[from] Salt Cure
|-status|p1a: I hit soft|brn|[from] item: Flame Orb
|upkeep
|turn|2
|
|t:|1779634765
|switch|p2a: Zapdos|Zapdos|100/100
|move|p1a: I hit soft|Supercell Slam|p2a: Zapdos
|-damage|p2a: Zapdos|36/100
|
|-damage|p1a: I hit soft|78/100 brn|[from] brn
|-damage|p1a: I hit soft|65/100 brn|[from] Salt Cure
|upkeep
|turn|3
|
|t:|1779634797
|switch|p2a: Zamazenta|Zamazenta|100/100
|-ability|p2a: Zamazenta|Dauntless Shield|boost
|-boost|p2a: Zamazenta|def|1
|switch|p1a: Class weirdo|Mimikyu, M|100/100
|
|upkeep
|turn|4
|
|t:|1779634805
|move|p2a: Zamazenta|Stone Edge|p1a: Class weirdo
|-activate|p1a: Class weirdo|ability: Disguise
|-damage|p1a: Class weirdo|100/100
|detailschange|p1a: Class weirdo|Mimikyu-Busted, M
|-damage|p1a: Class weirdo|88/100|[from] pokemon: Mimikyu-Busted
|-enditem|p1a: Class weirdo|Red Card|[of] p2a: Zamazenta
|drag|p2a: Dragapult|Dragapult, M|100/100
|move|p1a: Class weirdo|Trick Room|p1a: Class weirdo
|-fieldstart|move: Trick Room|[of] p1a: Class weirdo
|
|upkeep
|turn|5
|
|t:|1779634828
|move|p1a: Class weirdo|Curse|p2a: Dragapult
|-start|p2a: Dragapult|Curse|[of] p1a: Class weirdo
|-damage|p1a: Class weirdo|38/100
|move|p2a: Dragapult|Shadow Ball|p1a: Class weirdo
|-supereffective|p1a: Class weirdo
|-damage|p1a: Class weirdo|0 fnt
|faint|p1a: Class weirdo
|
|-damage|p2a: Dragapult|76/100|[from] Curse
|upkeep
|
|t:|1779634840
|switch|p1a: I hit soft|Ursaluna, M|65/100 brn
|turn|6
|
|t:|1779634858
|switch|p2a: Zamazenta|Zamazenta|100/100
|move|p1a: I hit soft|Ice Punch|p2a: Zamazenta
|-damage|p2a: Zamazenta|65/100
|
|-heal|p2a: Zamazenta|72/100|[from] item: Leftovers
|-damage|p1a: I hit soft|59/100 brn|[from] brn
|upkeep
|turn|7
|
|t:|1779634876
|move|p1a: I hit soft|Headlong Rush|p2a: Zamazenta
|-damage|p2a: Zamazenta|0 fnt
|-unboost|p1a: I hit soft|def|1
|-unboost|p1a: I hit soft|spd|1
|faint|p2a: Zamazenta
|
|-damage|p1a: I hit soft|53/100 brn|[from] brn
|upkeep
|
|t:|1779634887
|switch|p2a: Conkeldurr|Conkeldurr, M|100/100
|turn|8
|
|t:|1779634902
|move|p2a: Conkeldurr|Mach Punch|p1a: I hit soft
|-supereffective|p1a: I hit soft
|-damage|p1a: I hit soft|6/100 brn
|move|p1a: I hit soft|Facade|p2a: Conkeldurr
|-damage|p2a: Conkeldurr|0 fnt
|faint|p2a: Conkeldurr
|
|-damage|p1a: I hit soft|0 fnt|[from] brn
|faint|p1a: I hit soft
|-fieldend|move: Trick Room
|upkeep
|
|t:|1779634914
|switch|p2a: Zapdos|Zapdos|36/100
|switch|p1a: Ariana Grande|Indeedee-F, F|100/100
|-fieldstart|move: Psychic Terrain|[from] ability: Psychic Surge|[of] p1a: Ariana Grande
|turn|9
|
|t:|1779634920
|move|p2a: Zapdos|Roost|p2a: Zapdos
|-heal|p2a: Zapdos|86/100
|-singleturn|p2a: Zapdos|move: Roost
|move|p1a: Ariana Grande|Trick Room|p1a: Ariana Grande
|-fieldstart|move: Trick Room|[of] p1a: Ariana Grande
|
|upkeep
|turn|10
|
|t:|1779634928
|move|p1a: Ariana Grande|Healing Wish|p1a: Ariana Grande
|faint|p1a: Ariana Grande
|move|p2a: Zapdos|Hurricane|p1: Ariana Grande|[notarget]
|-fail|p2a: Zapdos
|
|upkeep
|
|t:|1779634934
|switch|p1a: Lord of the Rings|Hoopa-Unbound|100/100
|turn|11
|
|t:|1779634954
|move|p1a: Lord of the Rings|Expanding Force|p2a: Zapdos
|-damage|p2a: Zapdos|0 fnt
|faint|p2a: Zapdos
|-damage|p1a: Lord of the Rings|91/100|[from] item: Life Orb
|
|upkeep
|
|t:|1779634968
|switch|p2a: Garganacl|Garganacl, M|100/100
|turn|12
|
|t:|1779634979
|move|p2a: Garganacl|Recover||[still]
|-fail|p2a: Garganacl|heal
|move|p1a: Lord of the Rings|Hyperspace Fury|p2a: Garganacl
|-damage|p2a: Garganacl|44/100
|-unboost|p1a: Lord of the Rings|def|1
|-damage|p1a: Lord of the Rings|81/100|[from] item: Life Orb
|
|-heal|p2a: Garganacl|50/100|[from] item: Leftovers
|upkeep
|turn|13
|
|t:|1779634990
|move|p2a: Garganacl|Recover|p2a: Garganacl
|-heal|p2a: Garganacl|99/100
|move|p1a: Lord of the Rings|Expanding Force|p2a: Garganacl
|-damage|p2a: Garganacl|9/100
|-damage|p1a: Lord of the Rings|71/100|[from] item: Life Orb
|
|-heal|p2a: Garganacl|15/100|[from] item: Leftovers
|-fieldend|move: Trick Room
|-fieldend|move: Psychic Terrain
|upkeep
|turn|14
|
|t:|1779635008
|move|p1a: Lord of the Rings|Hyperspace Fury|p2a: Garganacl
|-damage|p2a: Garganacl|0 fnt
|-unboost|p1a: Lord of the Rings|def|1
|faint|p2a: Garganacl
|-damage|p1a: Lord of the Rings|61/100|[from] item: Life Orb
|
|upkeep
|
|t:|1779635047
|switch|p2a: Dragapult|Dragapult, M|76/100
|turn|15
|
|t:|1779635073
|move|p2a: Dragapult|U-turn|p1a: Lord of the Rings
|-supereffective|p1a: Lord of the Rings
|-damage|p1a: Lord of the Rings|0 fnt
|faint|p1a: Lord of the Rings
|
|t:|1779635078
|switch|p2a: Ogerpon|Ogerpon-Wellspring, F|100/100|[from] U-turn
|
|upkeep
|
|t:|1779635083
|switch|p1a: Melman|Raging Bolt|100/100
|turn|16
|
|t:|1779635111
|move|p2a: Ogerpon|Swords Dance|p2a: Ogerpon
|-boost|p2a: Ogerpon|atk|2
|move|p1a: Melman|Thunderbolt|p2a: Ogerpon
|-damage|p2a: Ogerpon|37/100
|-status|p2a: Ogerpon|par
|-damage|p1a: Melman|91/100|[from] item: Life Orb
|
|upkeep
|turn|17
|
|t:|1779635122
|move|p1a: Melman|Thunderclap||[still]
|-fail|p1a: Melman
|move|p2a: Ogerpon|Encore|p1a: Melman
|-start|p1a: Melman|Encore
|
|upkeep
|turn|18
|
|t:|1779635133
|move|p1a: Melman|Thunderclap|p2a: Ogerpon
|-damage|p2a: Ogerpon|0 fnt
|faint|p2a: Ogerpon
|-damage|p1a: Melman|81/100|[from] item: Life Orb
|
|upkeep
|
|t:|1779635138
|switch|p2a: Dragapult|Dragapult, M|76/100
|turn|19
|
|t:|1779635145
|-end|p1a: Melman|Protosynthesis|[silent]
|switch|p1a: Itachi|Corviknight, M|100/100
|-terastallize|p2a: Dragapult|Ground
|move|p2a: Dragapult|Shadow Ball|p1a: Itachi
|-damage|p1a: Itachi|51/100
|-ability|p1a: Itachi|Mirror Armor
|-unboost|p2a: Dragapult|spd|1
|
|upkeep
|turn|20
|
|t:|1779635164
|move|p2a: Dragapult|Shadow Ball|p1a: Itachi
|-crit|p1a: Itachi
|-damage|p1a: Itachi|0 fnt
|faint|p1a: Itachi
|
|upkeep
|
|t:|1779635170
|switch|p1a: Melman|Raging Bolt|81/100
|-heal|p1a: Melman|100/100|[from] move: Healing Wish
|turn|21
|
|t:|1779635180
|move|p2a: Dragapult|Shadow Ball|p1a: Melman
|-damage|p1a: Melman|58/100
|move|p1a: Melman|Draco Meteor|p2a: Dragapult
|-damage|p2a: Dragapult|0 fnt
|-unboost|p1a: Melman|spa|2
|faint|p2a: Dragapult
|-damage|p1a: Melman|48/100|[from] item: Life Orb
|
|win|skyrim-alberto
|raw|skyrim-alberto's rating: 1433 &rarr; <strong>1455</strong><br />(+22 for winning)
|raw|redsnow0's rating: 1472 &rarr; <strong>1450</strong><br />(-22 for losing)
|l|☆redsnow0
|player|p2|
