|j|☆choispecs ironmoth
|j|☆sommeliersam
|t:|1779599943
|gametype|singles
|player|p1|choispecs ironmoth|lucas|1612
|player|p2|sommeliersam|170|1699
|gen|9
|tier|[Gen 9] OU
|rated|
|rule|HP Percentage Mod: HP is shown in percentages
|rule|Endless Battle Clause: Forcing endless battles is banned
|rule|Species Clause: Limit one of each Pokémon
|rule|OHKO Clause: OHKO moves are banned
|rule|Evasion Items Clause: Evasion items are banned
|rule|Evasion Moves Clause: Evasion moves are banned
|rule|Evasion Abilities Clause: Evasion abilities are banned
|rule|Sleep Moves Clause: Sleep-inducing moves are banned
|clearpoke
|poke|p1|Kyurem|
|poke|p1|Cinderace, M|
|poke|p1|Kingambit, M|
|poke|p1|Landorus-Therian, M|
|poke|p1|Iron Valiant|
|poke|p1|Slowking-Galar, M|
|poke|p2|Kyurem|
|poke|p2|Hatterene, F|
|poke|p2|Darkrai|
|poke|p2|Great Tusk|
|poke|p2|Dragonite, F|
|poke|p2|Gholdengo|
|teampreview
|inactive|Battle timer is ON: inactive players will automatically lose when time's up. (requested by choispecs ironmoth)
|
|t:|1779599956
|teamsize|p1|6
|teamsize|p2|6
|start
|switch|p1a: Slowking|Slowking-Galar, M|100/100
|switch|p2a: Kyurem|Kyurem|100/100
|-ability|p2a: Kyurem|Pressure
|turn|1
|
|t:|1779599962
|switch|p2a: Gholdengo|Gholdengo|100/100
|move|p1a: Slowking|Thunder Wave|p2a: Gholdengo
|-immune|p2a: Gholdengo|[from] ability: Good as Gold
|
|upkeep
|turn|2
|
|t:|1779599968
|move|p2a: Gholdengo|Make It Rain|p1a: Slowking
|-damage|p1a: Slowking|57/100
|-unboost|p2a: Gholdengo|spa|1
|-prepare|p1a: Slowking|Chilly Reception|[premajor]
|move|p1a: Slowking|Chilly Reception|p1a: Slowking
|-weather|Snowscape
|
|t:|1779599974
|switch|p1a: Kyurem|Kyurem|100/100|[from] Chilly Reception
|-ability|p1a: Kyurem|Pressure
|
|-weather|Snowscape|[upkeep]
|upkeep
|turn|3
|
|t:|1779599979
|move|p2a: Gholdengo|Make It Rain|p1a: Kyurem
|-supereffective|p1a: Kyurem
|-damage|p1a: Kyurem|42/100
|-unboost|p2a: Gholdengo|spa|1
|move|p1a: Kyurem|Earth Power|p2a: Gholdengo
|-supereffective|p2a: Gholdengo
|-enditem|p2a: Gholdengo|Shuca Berry|[eat]
|-enditem|p2a: Gholdengo|Shuca Berry|[weaken]
|-damage|p2a: Gholdengo|64/100
|
|-weather|Snowscape|[upkeep]
|upkeep
|turn|4
|
|t:|1779599996
|switch|p1a: Kingambit|Kingambit, M|100/100
|move|p2a: Gholdengo|Make It Rain|p1a: Kingambit
|-resisted|p1a: Kingambit
|-damage|p1a: Kingambit|83/100
|-unboost|p2a: Gholdengo|spa|1
|
|-weather|Snowscape|[upkeep]
|-heal|p1a: Kingambit|89/100|[from] item: Leftovers
|upkeep
|turn|5
|
|t:|1779599999
|switch|p2a: Great Tusk|Great Tusk|100/100
|move|p1a: Kingambit|Kowtow Cleave|p2a: Great Tusk
|-resisted|p2a: Great Tusk
|-damage|p2a: Great Tusk|87/100
|
|-weather|Snowscape|[upkeep]
|-heal|p2a: Great Tusk|93/100|[from] item: Leftovers
|-heal|p1a: Kingambit|95/100|[from] item: Leftovers
|upkeep
|turn|6
|
|t:|1779600002
|-end|p1a: Kingambit|fallenundefined|[silent]
|switch|p1a: Landorus|Landorus-Therian, M|100/100
|-ability|p1a: Landorus|Intimidate|boost
|-unboost|p2a: Great Tusk|atk|1
|move|p2a: Great Tusk|Stealth Rock|p1a: Landorus
|-sidestart|p1: choispecs ironmoth|move: Stealth Rock
|
|-weather|none
|-heal|p2a: Great Tusk|99/100|[from] item: Leftovers
|upkeep
|turn|7
|
|t:|1779600009
|-end|p2a: Great Tusk|Protosynthesis|[silent]
|switch|p2a: Hatterene|Hatterene, F|100/100
|move|p1a: Landorus|Earthquake|p2a: Hatterene
|-damage|p2a: Hatterene|59/100
|
|upkeep
|turn|8
|
|t:|1779600012
|move|p1a: Landorus|U-turn|p2a: Hatterene
|-damage|p2a: Hatterene|41/100
|-damage|p1a: Landorus|84/100|[from] item: Rocky Helmet|[of] p2a: Hatterene
|
|t:|1779600014
|switch|p1a: Slowking|Slowking-Galar, M|91/100|[from] U-turn
|move|p2a: Hatterene|Pain Split|p1a: Slowking
|-sethp|p1a: Slowking|62/100|[from] move: Pain Split|[silent]
|-sethp|p2a: Hatterene|77/100|[from] move: Pain Split
|
|upkeep
|turn|9
|
|t:|1779600022
|switch|p2a: Gholdengo|Gholdengo|64/100
|-prepare|p1a: Slowking|Chilly Reception|[premajor]
|move|p1a: Slowking|Chilly Reception|p1a: Slowking
|-weather|Snowscape
|
|t:|1779600026
|switch|p1a: Cinderace|Cinderace, M|100/100|[from] Chilly Reception
|
|-weather|Snowscape|[upkeep]
|upkeep
|turn|10
|j| clear nights
|
|t:|1779600030
|switch|p2a: Great Tusk|Great Tusk|99/100
|move|p1a: Cinderace|Pyro Ball|p2a: Great Tusk|[miss]
|-miss|p1a: Cinderace|p2a: Great Tusk
|
|-weather|Snowscape|[upkeep]
|-heal|p2a: Great Tusk|100/100|[from] item: Leftovers
|upkeep
|turn|11
|
|t:|1779600037
|move|p1a: Cinderace|U-turn|p2a: Great Tusk
|-start|p1a: Cinderace|typechange|Bug|[from] ability: Libero
|-resisted|p2a: Great Tusk
|-damage|p2a: Great Tusk|92/100
|
|t:|1779600040
|switch|p1a: Landorus|Landorus-Therian, M|84/100|[from] U-turn
|-damage|p1a: Landorus|72/100|[from] Stealth Rock
|-ability|p1a: Landorus|Intimidate|boost
|-unboost|p2a: Great Tusk|atk|1
|move|p2a: Great Tusk|Headlong Rush|p1a: Landorus
|-immune|p1a: Landorus
|
|-weather|Snowscape|[upkeep]
|-heal|p2a: Great Tusk|98/100|[from] item: Leftovers
|upkeep
|turn|12
|l|☆choispecs ironmoth
|inactive|choispecs ironmoth disconnected and has a minute to reconnect!
|player|p1|
|l| clear nights
|j| crust king kahn
|inactive|choispecs ironmoth has 30 seconds to reconnect!
|l|☆sommeliersam
|inactive|sommeliersam disconnected and has a minute to reconnect!
|player|p2|
|j|☆sommeliersam
|inactive|sommeliersam reconnected.
|player|p2|sommeliersam|170|
|j|☆choispecs ironmoth
|inactive|choispecs ironmoth reconnected and has 100 seconds left.
|player|p1|choispecs ironmoth|lucas|
|
|t:|1779600093
|move|p1a: Landorus|Earthquake|p2a: Great Tusk
|-damage|p2a: Great Tusk|73/100
|move|p2a: Great Tusk|Ice Spinner|p1a: Landorus
|-supereffective|p1a: Landorus
|-damage|p1a: Landorus|14/100
|-damage|p2a: Great Tusk|57/100|[from] item: Rocky Helmet|[of] p1a: Landorus
|
|-weather|Snowscape|[upkeep]
|-heal|p2a: Great Tusk|63/100|[from] item: Leftovers
|upkeep
|turn|13
|l| crust king kahn
|
|t:|1779600108
|move|p1a: Landorus|Earthquake|p2a: Great Tusk
|-damage|p2a: Great Tusk|38/100
|move|p2a: Great Tusk|Ice Spinner|p1a: Landorus
|-supereffective|p1a: Landorus
|-damage|p1a: Landorus|0 fnt
|-damage|p2a: Great Tusk|22/100|[from] item: Rocky Helmet|[of] p1a: Landorus
|faint|p1a: Landorus
|
|-weather|none
|-heal|p2a: Great Tusk|28/100|[from] item: Leftovers
|upkeep
|
|t:|1779600112
|switch|p1a: Iron Valiant|Iron Valiant|100/100
|-damage|p1a: Iron Valiant|94/100|[from] Stealth Rock
|-enditem|p1a: Iron Valiant|Booster Energy
|-activate|p1a: Iron Valiant|ability: Quark Drive|[fromitem]
|-start|p1a: Iron Valiant|quarkdrivespe
|turn|14
|
|t:|1779600121
|-end|p2a: Great Tusk|Protosynthesis|[silent]
|switch|p2a: Gholdengo|Gholdengo|64/100
|move|p1a: Iron Valiant|Shadow Ball|p2a: Gholdengo
|-supereffective|p2a: Gholdengo
|-damage|p2a: Gholdengo|9/100
|
|upkeep
|turn|15
|
|t:|1779600124
|move|p1a: Iron Valiant|Moonblast|p2a: Gholdengo
|-resisted|p2a: Gholdengo
|-damage|p2a: Gholdengo|0 fnt
|faint|p2a: Gholdengo
|
|upkeep
|
|t:|1779600130
|switch|p2a: Hatterene|Hatterene, F|77/100
|turn|16
|
|t:|1779600134
|-terastallize|p1a: Iron Valiant|Ghost
|move|p1a: Iron Valiant|Calm Mind|p1a: Iron Valiant
|-boost|p1a: Iron Valiant|spa|1
|-boost|p1a: Iron Valiant|spd|1
|move|p2a: Hatterene|Nuzzle|p1a: Iron Valiant
|-damage|p1a: Iron Valiant|90/100
|-status|p1a: Iron Valiant|par
|
|upkeep
|turn|17
|
|t:|1779600147
|cant|p1a: Iron Valiant|par
|move|p2a: Hatterene|Psychic Noise|p1a: Iron Valiant
|-damage|p1a: Iron Valiant|48/100 par
|-start|p1a: Iron Valiant|move: Heal Block
|
|upkeep
|turn|18
|
|t:|1779600150
|move|p1a: Iron Valiant|Moonblast|p2a: Hatterene
|-damage|p2a: Hatterene|0 fnt
|faint|p2a: Hatterene
|
|-end|p1a: Iron Valiant|move: Heal Block
|upkeep
|
|t:|1779600156
|switch|p2a: Darkrai|Darkrai|100/100
|turn|19
|
|t:|1779600158
|move|p2a: Darkrai|Dark Pulse|p1a: Iron Valiant
|-supereffective|p1a: Iron Valiant
|-damage|p1a: Iron Valiant|0 fnt
|faint|p1a: Iron Valiant
|-end|p1a: Iron Valiant|Quark Drive|[silent]
|
|upkeep
|
|t:|1779600161
|switch|p1a: Kingambit|Kingambit, M|95/100
|-damage|p1a: Kingambit|89/100|[from] Stealth Rock
|-activate|p1a: Kingambit|ability: Supreme Overlord
|-start|p1a: Kingambit|fallen2|[silent]
|turn|20
|
|t:|1779600173
|switch|p2a: Great Tusk|Great Tusk|28/100
|move|p1a: Kingambit|Low Kick|p2a: Great Tusk
|-damage|p2a: Great Tusk|0 fnt
|faint|p2a: Great Tusk
|-end|p2a: Great Tusk|Protosynthesis|[silent]
|
|-heal|p1a: Kingambit|95/100|[from] item: Leftovers
|upkeep
|
|t:|1779600188
|switch|p2a: Kyurem|Kyurem|100/100
|-ability|p2a: Kyurem|Pressure
|turn|21
|
|t:|1779600191
|move|p2a: Kyurem|Body Press|p1a: Kingambit
|-supereffective|p1a: Kingambit
|-damage|p1a: Kingambit|15/100
|move|p1a: Kingambit|Low Kick|p2a: Kyurem
|-supereffective|p2a: Kyurem
|-damage|p2a: Kyurem|18/100
|
|-heal|p1a: Kingambit|21/100|[from] item: Leftovers
|upkeep
|turn|22
|
|t:|1779600197
|switch|p2a: Dragonite|Dragonite, F|100/100
|move|p1a: Kingambit|Sucker Punch||[still]
|-fail|p1a: Kingambit
|
|-heal|p1a: Kingambit|27/100|[from] item: Leftovers
|upkeep
|turn|23
|
|t:|1779600201
|-end|p1a: Kingambit|fallen2|[silent]
|switch|p1a: Slowking|Slowking-Galar, M|95/100
|move|p2a: Dragonite|Earthquake|p1a: Slowking
|-supereffective|p1a: Slowking
|-damage|p1a: Slowking|29/100
|
|upkeep
|turn|24
|
|t:|1779600206
|move|p2a: Dragonite|Earthquake|p1a: Slowking
|-supereffective|p1a: Slowking
|-crit|p1a: Slowking
|-damage|p1a: Slowking|0 fnt
|faint|p1a: Slowking
|
|upkeep
|
|t:|1779600208
|switch|p1a: Cinderace|Cinderace, M|100/100
|turn|25
|
|t:|1779600214
|switch|p2a: Darkrai|Darkrai|100/100
|move|p1a: Cinderace|U-turn|p2a: Darkrai
|-start|p1a: Cinderace|typechange|Bug|[from] ability: Libero
|-supereffective|p2a: Darkrai
|-damage|p2a: Darkrai|4/100
|
|t:|1779600221
|switch|p1a: Kyurem|Kyurem|42/100|[from] U-turn
|-damage|p1a: Kyurem|17/100|[from] Stealth Rock
|-ability|p1a: Kyurem|Pressure
|
|upkeep
|turn|26
|
|t:|1779600235
|move|p2a: Darkrai|Trick|p1a: Kyurem
|-activate|p2a: Darkrai|move: Trick|[of] p1a: Kyurem
|-item|p1a: Kyurem|Choice Scarf|[from] move: Trick
|-item|p2a: Darkrai|Assault Vest|[from] move: Trick
|move|p1a: Kyurem|Freeze-Dry|p2a: Darkrai
|-damage|p2a: Darkrai|0 fnt
|faint|p2a: Darkrai
|
|upkeep
|
|t:|1779600240
|switch|p2a: Dragonite|Dragonite, F|100/100
|turn|27
|
|t:|1779600242
|-terastallize|p2a: Dragonite|Normal
|move|p1a: Kyurem|Freeze-Dry|p2a: Dragonite
|-damage|p2a: Dragonite|83/100
|move|p2a: Dragonite|Dragon Dance|p2a: Dragonite
|-boost|p2a: Dragonite|atk|1
|-boost|p2a: Dragonite|spe|1
|
|upkeep
|turn|28
|
|t:|1779600248
|move|p1a: Kyurem|Freeze-Dry|p2a: Dragonite
|-damage|p2a: Dragonite|48/100
|move|p2a: Dragonite|Dragon Dance|p2a: Dragonite
|-boost|p2a: Dragonite|atk|1
|-boost|p2a: Dragonite|spe|1
|
|upkeep
|turn|29
|inactive|sommeliersam has 120 seconds left.
|
|t:|1779600308
|move|p2a: Dragonite|Extreme Speed|p1a: Kyurem
|-damage|p1a: Kyurem|0 fnt
|faint|p1a: Kyurem
|
|upkeep
|
|t:|1779600311
|switch|p1a: Cinderace|Cinderace, M|100/100
|turn|30
|
|t:|1779600314
|move|p2a: Dragonite|Extreme Speed|p1a: Cinderace
|-damage|p1a: Cinderace|0 fnt
|faint|p1a: Cinderace
|
|upkeep
|
|t:|1779600320
|switch|p1a: Kingambit|Kingambit, M|27/100
|-damage|p1a: Kingambit|21/100|[from] Stealth Rock
|-activate|p1a: Kingambit|ability: Supreme Overlord
|-start|p1a: Kingambit|fallen5|[silent]
|turn|31
|
|t:|1779600323
|move|p2a: Dragonite|Extreme Speed|p1a: Kingambit
|-resisted|p1a: Kingambit
|-damage|p1a: Kingambit|0 fnt
|faint|p1a: Kingambit
|-end|p1a: Kingambit|fallen5|[silent]
|
|win|sommeliersam
|raw|choispecs ironmoth's rating: 1612 &rarr; <strong>1597</strong><br />(-15 for losing)
|raw|sommeliersam's rating: 1699 &rarr; <strong>1714</strong><br />(+15 for winning)
|l|☆choispecs ironmoth
|player|p1|
|l|☆sommeliersam
|player|p2|
