|j|☆Johnny tots
|j|☆samohi0
|t:|1779611923
|gametype|singles
|player|p1|Johnny tots|102|1697
|player|p2|samohi0|hoopster|1703
|gen|9
|tier|[Gen 9] OU
|rated|
|rule|HP Percentage Mod: HP is shown in percentages
|rule|Endless Battle Clause: Forcing endless battles is banned
|rule|Species Clause: Limit one of each Pokémon
|rule|OHKO Clause: OHKO moves are banned
|rule|Evasion Items Clause: Evasion items are banned
|rule|Evasion Moves Clause: Evasion moves are banned
|rule|Evasion Abilities Clause: Evasion abilities are banned
|rule|Sleep Moves Clause: Sleep-inducing moves are banned
|clearpoke
|poke|p1|Clefable, F|
|poke|p1|Dragonite, F|
|poke|p1|Thundurus-Therian, M|
|poke|p1|Manaphy|
|poke|p1|Iron Valiant|
|poke|p1|Klefki, M|
|poke|p2|Dragapult, M|
|poke|p2|Lokix, F|
|poke|p2|Alomomola, M|
|poke|p2|Great Tusk|
|poke|p2|Enamorus, F|
|poke|p2|Iron Crown|
|teampreview
|inactive|Battle timer is ON: inactive players will automatically lose when time's up. (requested by Johnny tots)
|
|t:|1779611934
|teamsize|p1|6
|teamsize|p2|6
|start
|switch|p1a: Klefki|Klefki, M|100/100
|switch|p2a: Iron Crown|Iron Crown|100/100
|turn|1
|
|t:|1779611937
|move|p1a: Klefki|Light Screen|p1a: Klefki
|-sidestart|p1: Johnny tots|move: Light Screen
|move|p2a: Iron Crown|Tachyon Cutter|p1a: Klefki
|-crit|p1a: Klefki
|-damage|p1a: Klefki|33/100
|-damage|p1a: Klefki|12/100
|-hitcount|p1a: Klefki|2
|
|upkeep
|turn|2
|
|t:|1779611943
|move|p1a: Klefki|Thunder Wave|p2a: Iron Crown
|-status|p2a: Iron Crown|par
|move|p2a: Iron Crown|Tachyon Cutter|p1a: Klefki
|-damage|p1a: Klefki|0 fnt
|faint|p1a: Klefki
|-hitcount|p1: Klefki|1
|
|upkeep
|
|t:|1779611945
|switch|p1a: Manaphy|Manaphy|100/100
|turn|3
|
|t:|1779611949
|-end|p2a: Iron Crown|Quark Drive|[silent]
|switch|p2a: Dragapult|Dragapult, M|100/100
|move|p1a: Manaphy|Acid Armor|p1a: Manaphy
|-boost|p1a: Manaphy|def|2
|
|upkeep
|turn|4
|
|t:|1779611953
|move|p2a: Dragapult|Dragon Darts|p1a: Manaphy
|-damage|p1a: Manaphy|82/100
|-anim|p2a: Dragapult|Dragon Darts|p1a: Manaphy
|-damage|p1a: Manaphy|65/100
|move|p1a: Manaphy|Take Heart|p1a: Manaphy
|-boost|p1a: Manaphy|spa|1
|-boost|p1a: Manaphy|spd|1
|
|-heal|p1a: Manaphy|71/100|[from] item: Leftovers
|upkeep
|turn|5
|
|t:|1779611959
|move|p2a: Dragapult|Dragon Darts|p1a: Manaphy
|-damage|p1a: Manaphy|55/100
|-anim|p2a: Dragapult|Dragon Darts|p1a: Manaphy
|-damage|p1a: Manaphy|38/100
|move|p1a: Manaphy|Acid Armor|p1a: Manaphy
|-boost|p1a: Manaphy|def|2
|
|-heal|p1a: Manaphy|44/100|[from] item: Leftovers
|upkeep
|turn|6
|
|t:|1779611964
|move|p2a: Dragapult|Dragon Darts|p1a: Manaphy
|-damage|p1a: Manaphy|33/100
|-anim|p2a: Dragapult|Dragon Darts|p1a: Manaphy
|-damage|p1a: Manaphy|23/100
|move|p1a: Manaphy|Acid Armor|p1a: Manaphy
|-boost|p1a: Manaphy|def|2
|
|-heal|p1a: Manaphy|29/100|[from] item: Leftovers
|upkeep
|turn|7
|
|t:|1779611971
|switch|p2a: Enamorus|Enamorus, F|100/100
|move|p1a: Manaphy|Stored Power|p2a: Enamorus
|-damage|p2a: Enamorus|0 fnt
|faint|p2a: Enamorus
|
|-heal|p1a: Manaphy|35/100|[from] item: Leftovers
|upkeep
|
|t:|1779611985
|switch|p2a: Iron Crown|Iron Crown|100/100 par
|turn|8
|
|t:|1779611990
|move|p1a: Manaphy|Scald|p2a: Iron Crown
|-damage|p2a: Iron Crown|48/100 par
|move|p2a: Iron Crown|Psychic Noise|p1a: Manaphy
|-damage|p1a: Manaphy|17/100
|-start|p1a: Manaphy|move: Heal Block
|
|-sideend|p1: Johnny tots|move: Light Screen
|upkeep
|turn|9
|
|t:|1779611993
|move|p1a: Manaphy|Scald|p2a: Iron Crown
|-damage|p2a: Iron Crown|0 fnt
|faint|p2a: Iron Crown
|-end|p2a: Iron Crown|Quark Drive|[silent]
|
|-end|p1a: Manaphy|move: Heal Block
|upkeep
|
|t:|1779612000
|switch|p2a: Lokix|Lokix, F|100/100
|turn|10
|
|t:|1779612002
|-terastallize|p2a: Lokix|Bug
|move|p2a: Lokix|First Impression|p1a: Manaphy
|-damage|p1a: Manaphy|0 fnt
|faint|p1a: Manaphy
|
|upkeep
|
|t:|1779612017
|switch|p1a: Clefable|Clefable, F|100/100
|turn|11
|
|t:|1779612020
|switch|p2a: Alomomola|Alomomola, M|100/100
|move|p1a: Clefable|Calm Mind|p1a: Clefable
|-boost|p1a: Clefable|spa|1
|-boost|p1a: Clefable|spd|1
|
|upkeep
|turn|12
|
|t:|1779612023
|move|p1a: Clefable|Moonblast|p2a: Alomomola
|-damage|p2a: Alomomola|67/100
|move|p2a: Alomomola|Flip Turn|p1a: Clefable
|-damage|p1a: Clefable|83/100
|
|t:|1779612026
|switch|p2a: Lokix|Lokix, F, tera:Bug|100/100|[from] Flip Turn
|
|-heal|p1a: Clefable|90/100|[from] item: Leftovers
|upkeep
|turn|13
|
|t:|1779612030
|move|p2a: Lokix|Leech Life|p1a: Clefable
|-resisted|p1a: Clefable
|-damage|p1a: Clefable|9/100
|move|p1a: Clefable|Fire Blast|p2a: Lokix
|-supereffective|p2a: Lokix
|-damage|p2a: Lokix|0 fnt
|faint|p2a: Lokix
|
|-heal|p1a: Clefable|15/100|[from] item: Leftovers
|upkeep
|
|t:|1779612034
|switch|p2a: Great Tusk|Great Tusk|100/100
|turn|14
|
|t:|1779612038
|move|p2a: Great Tusk|Ice Spinner|p1a: Clefable
|-damage|p1a: Clefable|0 fnt
|faint|p1a: Clefable
|
|upkeep
|
|t:|1779612045
|switch|p1a: Iron Valiant|Iron Valiant|100/100
|-enditem|p1a: Iron Valiant|Booster Energy
|-activate|p1a: Iron Valiant|ability: Quark Drive|[fromitem]
|-start|p1a: Iron Valiant|quarkdrivespe
|turn|15
|
|t:|1779612052
|-end|p2a: Great Tusk|Protosynthesis|[silent]
|switch|p2a: Alomomola|Alomomola, M|100/100
|move|p1a: Iron Valiant|Calm Mind|p1a: Iron Valiant
|-boost|p1a: Iron Valiant|spa|1
|-boost|p1a: Iron Valiant|spd|1
|
|upkeep
|turn|16
|
|t:|1779612054
|move|p1a: Iron Valiant|Calm Mind|p1a: Iron Valiant
|-boost|p1a: Iron Valiant|spa|1
|-boost|p1a: Iron Valiant|spd|1
|move|p2a: Alomomola|Scald|p1a: Iron Valiant
|-damage|p1a: Iron Valiant|88/100
|
|upkeep
|turn|17
|
|t:|1779612059
|move|p1a: Iron Valiant|Calm Mind|p1a: Iron Valiant
|-boost|p1a: Iron Valiant|spa|1
|-boost|p1a: Iron Valiant|spd|1
|move|p2a: Alomomola|Scald|p1a: Iron Valiant
|-damage|p1a: Iron Valiant|78/100
|
|upkeep
|turn|18
|
|t:|1779612063
|move|p1a: Iron Valiant|Moonblast|p2a: Alomomola
|-damage|p2a: Alomomola|40/100
|move|p2a: Alomomola|Mirror Coat|p1a: Iron Valiant
|-damage|p1a: Iron Valiant|0 fnt
|faint|p1a: Iron Valiant
|-end|p1a: Iron Valiant|Quark Drive|[silent]
|
|upkeep
|
|t:|1779612078
|switch|p1a: Thundurus|Thundurus-Therian, M|100/100
|turn|19
|
|t:|1779612080
|move|p1a: Thundurus|Agility|p1a: Thundurus
|-boost|p1a: Thundurus|spe|2
|move|p2a: Alomomola|Flip Turn|p1a: Thundurus
|-damage|p1a: Thundurus|76/100
|
|t:|1779612082
|switch|p2a: Dragapult|Dragapult, M|100/100|[from] Flip Turn
|
|upkeep
|turn|20
|
|t:|1779612097
|move|p1a: Thundurus|Thunderbolt|p2a: Dragapult
|-resisted|p2a: Dragapult
|-damage|p2a: Dragapult|60/100
|move|p2a: Dragapult|Phantom Force||[still]
|-prepare|p2a: Dragapult|Phantom Force
|
|upkeep
|turn|21
|
|t:|1779612104
|move|p1a: Thundurus|Thunderbolt|p2a: Dragapult|[miss]
|-miss|p1a: Thundurus|p2a: Dragapult
|move|p2a: Dragapult|Phantom Force|p1a: Thundurus|[from] lockedmove
|-damage|p1a: Thundurus|0 fnt
|faint|p1a: Thundurus
|
|upkeep
|
|t:|1779612105
|switch|p1a: Dragonite|Dragonite, F|100/100
|turn|22
|
|t:|1779612108
|switch|p2a: Great Tusk|Great Tusk|100/100
|move|p1a: Dragonite|Dragon Dance|p1a: Dragonite
|-boost|p1a: Dragonite|atk|1
|-boost|p1a: Dragonite|spe|1
|
|upkeep
|turn|23
|
|t:|1779612110
|-terastallize|p1a: Dragonite|Ghost
|move|p1a: Dragonite|Dragon Dance|p1a: Dragonite
|-boost|p1a: Dragonite|atk|1
|-boost|p1a: Dragonite|spe|1
|move|p2a: Great Tusk|Rapid Spin|p1a: Dragonite
|-immune|p1a: Dragonite
|
|upkeep
|turn|24
|
|t:|1779612118
|move|p1a: Dragonite|Dragon Dance|p1a: Dragonite
|-boost|p1a: Dragonite|atk|1
|-boost|p1a: Dragonite|spe|1
|move|p2a: Great Tusk|Ice Spinner|p1a: Dragonite
|-damage|p1a: Dragonite|86/100
|
|upkeep
|turn|25
|
|t:|1779612121
|move|p1a: Dragonite|Ice Spinner|p2a: Great Tusk
|-supereffective|p2a: Great Tusk
|-damage|p2a: Great Tusk|0 fnt
|faint|p2a: Great Tusk
|-end|p2a: Great Tusk|Protosynthesis|[silent]
|
|upkeep
|
|t:|1779612125
|switch|p2a: Alomomola|Alomomola, M|74/100
|turn|26
|
|t:|1779612127
|move|p1a: Dragonite|Dragon Claw|p2a: Alomomola
|-damage|p2a: Alomomola|0 fnt
|faint|p2a: Alomomola
|
|upkeep
|
|t:|1779612129
|switch|p2a: Dragapult|Dragapult, M|60/100
|turn|27
|
|t:|1779612133
|move|p1a: Dragonite|Dragon Claw|p2a: Dragapult
|-supereffective|p2a: Dragapult
|-damage|p2a: Dragapult|0 fnt
|faint|p2a: Dragapult
|
|win|Johnny tots
|raw|Johnny tots's rating: 1697 &rarr; <strong>1717</strong><br />(+20 for winning)
|raw|samohi0's rating: 1703 &rarr; <strong>1683</strong><br />(-20 for losing)
|l|☆samohi0
|player|p2|
|l|☆Johnny tots
|player|p1|
