|j|☆qweralt
|j|☆the small cow
|t:|1779595221
|gametype|singles
|player|p1|qweralt|boarder|1511
|player|p2|the small cow|n|1534
|gen|9
|tier|[Gen 9] OU
|rated|
|rule|HP Percentage Mod: HP is shown in percentages
|rule|Endless Battle Clause: Forcing endless battles is banned
|rule|Species Clause: Limit one of each Pokémon
|rule|OHKO Clause: OHKO moves are banned
|rule|Evasion Items Clause: Evasion items are banned
|rule|Evasion Moves Clause: Evasion moves are banned
|rule|Evasion Abilities Clause: Evasion abilities are banned
|rule|Sleep Moves Clause: Sleep-inducing moves are banned
|clearpoke
|poke|p1|Hoopa|
|poke|p1|Cinderace, M|
|poke|p1|Mandibuzz, F|
|poke|p1|Kyurem|
|poke|p1|Ting-Lu|
|poke|p1|Manaphy|
|poke|p2|Raging Bolt|
|poke|p2|Ogerpon-Wellspring, F|
|poke|p2|Landorus-Therian, M|
|poke|p2|Iron Crown|
|poke|p2|Ceruledge, F|
|poke|p2|Heatran, F|
|teampreview
|j| Pakas123
|inactive|Battle timer is ON: inactive players will automatically lose when time's up. (requested by the small cow)
|c|☆the small cow|glhf
|c|☆qweralt|you too
|inactive|qweralt has 120 seconds left.
|c|☆the small cow|cool team btw
|
|t:|1779595267
|teamsize|p1|6
|teamsize|p2|6
|start
|switch|p1a: Kyurem|Kyurem|100/100
|switch|p2a: bitter coals|Ceruledge, F|100/100
|-ability|p1a: Kyurem|Pressure
|turn|1
|
|t:|1779595286
|switch|p1a: Mandibuzz|Mandibuzz, F, shiny|100/100
|move|p2a: bitter coals|Poltergeist|p1a: Mandibuzz
|-activate|p1a: Mandibuzz|move: Poltergeist|Rocky Helmet
|-resisted|p1a: Mandibuzz
|-damage|p1a: Mandibuzz|82/100
|
|upkeep
|turn|2
|
|t:|1779595298
|switch|p2a: Landorus|Landorus-Therian, M|100/100
|-ability|p2a: Landorus|Intimidate|boost
|-unboost|p1a: Mandibuzz|atk|1
|move|p1a: Mandibuzz|Toxic|p2a: Landorus
|-status|p2a: Landorus|tox
|
|-damage|p2a: Landorus|95/100 tox|[from] psn
|upkeep
|turn|3
|
|t:|1779595303
|move|p2a: Landorus|U-turn|p1a: Mandibuzz
|-damage|p1a: Mandibuzz|65/100
|-damage|p2a: Landorus|78/100 tox|[from] item: Rocky Helmet|[of] p1a: Mandibuzz
|
|t:|1779595306
|switch|p2a: Heatran|Heatran, F|100/100|[from] U-turn
|move|p1a: Mandibuzz|Foul Play|p2a: Heatran
|-damage|p2a: Heatran|87/100
|-status|p1a: Mandibuzz|brn|[from] ability: Flame Body|[of] p2a: Heatran
|
|-heal|p2a: Heatran|93/100|[from] item: Leftovers
|-damage|p1a: Mandibuzz|59/100 brn|[from] brn
|upkeep
|turn|4
|
|t:|1779595324
|switch|p1a: Hoopa|Hoopa|100/100
|move|p2a: Heatran|Magma Storm|p1a: Hoopa
|-damage|p1a: Hoopa|65/100
|-activate|p1a: Hoopa|move: Magma Storm|[of] p2a: Heatran
|
|-heal|p2a: Heatran|99/100|[from] item: Leftovers
|-damage|p1a: Hoopa|52/100|[from] move: Magma Storm|[partiallytrapped]
|upkeep
|turn|5
|
|t:|1779595336
|move|p2a: Heatran|Protect|p2a: Heatran
|-singleturn|p2a: Heatran|Protect
|move|p1a: Hoopa|Focus Blast|p2a: Heatran
|-activate|p2a: Heatran|move: Protect
|
|-heal|p2a: Heatran|100/100|[from] item: Leftovers
|-damage|p1a: Hoopa|40/100|[from] move: Magma Storm|[partiallytrapped]
|upkeep
|turn|6
|
|t:|1779595345
|move|p1a: Hoopa|Shadow Ball|p2a: Heatran
|-damage|p2a: Heatran|61/100
|move|p2a: Heatran|Stealth Rock|p1a: Hoopa
|-sidestart|p1: qweralt|move: Stealth Rock
|
|-heal|p2a: Heatran|67/100|[from] item: Leftovers
|-damage|p1a: Hoopa|28/100|[from] move: Magma Storm|[partiallytrapped]
|upkeep
|turn|7
|
|t:|1779595352
|move|p2a: Heatran|Protect|p2a: Heatran
|-singleturn|p2a: Heatran|Protect
|move|p1a: Hoopa|Calm Mind|p1a: Hoopa
|-boost|p1a: Hoopa|spa|1
|-boost|p1a: Hoopa|spd|1
|
|-heal|p2a: Heatran|73/100|[from] item: Leftovers
|-damage|p1a: Hoopa|15/100|[from] move: Magma Storm|[partiallytrapped]
|upkeep
|-enditem|p1a: Hoopa|Aguav Berry|[eat]
|-heal|p1a: Hoopa|48/100|[from] item: Aguav Berry
|turn|8
|
|t:|1779595359
|switch|p2a: bitter coals|Ceruledge, F|100/100
|move|p1a: Hoopa|Focus Blast|p2a: bitter coals
|-immune|p2a: bitter coals
|
|-end|p1a: Hoopa|Magma Storm|[partiallytrapped]
|upkeep
|turn|9
|
|t:|1779595369
|move|p2a: bitter coals|Swords Dance|p2a: bitter coals
|-boost|p2a: bitter coals|atk|2
|move|p1a: Hoopa|Shadow Ball|p2a: bitter coals
|-supereffective|p2a: bitter coals
|-enditem|p2a: bitter coals|Focus Sash
|-damage|p2a: bitter coals|1/100
|
|upkeep
|turn|10
|
|t:|1779595378
|move|p2a: bitter coals|Bitter Blade|p1a: Hoopa
|-damage|p1a: Hoopa|0 fnt
|-heal|p2a: bitter coals|25/100|[from] drain|[of] p1a: Hoopa
|faint|p1a: Hoopa
|
|upkeep
|inactive|qweralt has 120 seconds left.
|
|t:|1779595415
|switch|p1a: Mandibuzz|Mandibuzz, F, shiny|59/100 brn
|-damage|p1a: Mandibuzz|34/100 brn|[from] Stealth Rock
|turn|11
|inactive|qweralt has 120 seconds left.
|
|t:|1779595424
|move|p2a: bitter coals|Bitter Blade|p1a: Mandibuzz
|-crit|p1a: Mandibuzz
|-damage|p1a: Mandibuzz|0 fnt
|-heal|p2a: bitter coals|46/100|[from] drain|[of] p1a: Mandibuzz
|-damage|p2a: bitter coals|30/100|[from] item: Rocky Helmet|[of] p1a: Mandibuzz
|faint|p1a: Mandibuzz
|
|upkeep
|
|t:|1779595425
|switch|p1a: Manaphy|Manaphy|100/100
|-damage|p1a: Manaphy|88/100|[from] Stealth Rock
|turn|12
|
|t:|1779595430
|move|p2a: bitter coals|Shadow Sneak|p1a: Manaphy
|-damage|p1a: Manaphy|53/100
|move|p1a: Manaphy|Scald|p2a: bitter coals
|-supereffective|p2a: bitter coals
|-damage|p2a: bitter coals|0 fnt
|faint|p2a: bitter coals
|
|-heal|p1a: Manaphy|59/100|[from] item: Leftovers
|upkeep
|
|t:|1779595437
|switch|p2a: ogers make layers|Ogerpon-Wellspring, F|100/100
|turn|13
|
|t:|1779595466
|move|p2a: ogers make layers|U-turn|p1a: Manaphy
|-damage|p1a: Manaphy|36/100
|
|t:|1779595469
|switch|p2a: tachy on titanium|Iron Crown|100/100|[from] U-turn
|move|p1a: Manaphy|Alluring Voice|p2a: tachy on titanium
|-resisted|p2a: tachy on titanium
|-damage|p2a: tachy on titanium|94/100
|
|-heal|p1a: Manaphy|42/100|[from] item: Leftovers
|upkeep
|turn|14
|
|t:|1779595479
|switch|p1a: Ting-Lucifer|Ting-Lu|100/100
|-damage|p1a: Ting-Lucifer|94/100|[from] Stealth Rock
|-ability|p1a: Ting-Lucifer|Vessel of Ruin
|move|p2a: tachy on titanium|Psychic Noise|p1a: Ting-Lucifer
|-immune|p1a: Ting-Lucifer
|
|upkeep
|turn|15
|
|t:|1779595503
|switch|p1a: Kyurem|Kyurem|100/100
|-damage|p1a: Kyurem|76/100|[from] Stealth Rock
|-ability|p1a: Kyurem|Pressure
|move|p2a: tachy on titanium|Volt Switch|p1a: Kyurem
|-resisted|p1a: Kyurem
|-damage|p1a: Kyurem|65/100
|
|t:|1779595513
|-end|p2a: tachy on titanium|Quark Drive|[silent]
|switch|p2a: Landorus|Landorus-Therian, M|78/100 tox|[from] Volt Switch
|-ability|p2a: Landorus|Intimidate|boost
|-unboost|p1a: Kyurem|atk|1
|
|-damage|p2a: Landorus|72/100 tox|[from] psn
|upkeep
|turn|16
|
|t:|1779595522
|move|p1a: Kyurem|Freeze-Dry|p2a: Landorus
|-supereffective|p2a: Landorus
|-damage|p2a: Landorus|0 fnt
|faint|p2a: Landorus
|
|upkeep
|
|t:|1779595531
|switch|p2a: Heatran|Heatran, F|73/100
|turn|17
|
|t:|1779595552
|switch|p1a: Manaphy|Manaphy|42/100
|-damage|p1a: Manaphy|29/100|[from] Stealth Rock
|move|p2a: Heatran|Magma Storm|p1a: Manaphy|[miss]
|-miss|p2a: Heatran|p1a: Manaphy
|
|-heal|p1a: Manaphy|36/100|[from] item: Leftovers
|-heal|p2a: Heatran|79/100|[from] item: Leftovers
|upkeep
|turn|18
|
|t:|1779595563
|move|p1a: Manaphy|Scald|p2a: Heatran
|-supereffective|p2a: Heatran
|-damage|p2a: Heatran|28/100
|move|p2a: Heatran|Magma Storm|p1a: Manaphy
|-resisted|p1a: Manaphy
|-damage|p1a: Manaphy|18/100
|-activate|p1a: Manaphy|move: Magma Storm|[of] p2a: Heatran
|
|-heal|p1a: Manaphy|24/100|[from] item: Leftovers
|-heal|p2a: Heatran|34/100|[from] item: Leftovers
|-damage|p1a: Manaphy|11/100|[from] move: Magma Storm|[partiallytrapped]
|upkeep
|turn|19
|
|t:|1779595574
|move|p2a: Heatran|Protect|p2a: Heatran
|-singleturn|p2a: Heatran|Protect
|move|p1a: Manaphy|Scald|p2a: Heatran
|-activate|p2a: Heatran|move: Protect
|
|-heal|p1a: Manaphy|18/100|[from] item: Leftovers
|-heal|p2a: Heatran|40/100|[from] item: Leftovers
|-damage|p1a: Manaphy|5/100|[from] move: Magma Storm|[partiallytrapped]
|upkeep
|turn|20
|
|t:|1779595584
|switch|p2a: tachy on titanium|Iron Crown|94/100
|move|p1a: Manaphy|Alluring Voice|p2a: tachy on titanium
|-resisted|p2a: tachy on titanium
|-damage|p2a: tachy on titanium|88/100
|
|-heal|p1a: Manaphy|11/100|[from] item: Leftovers
|-end|p1a: Manaphy|Magma Storm|[partiallytrapped]|[silent]
|upkeep
|turn|21
|
|t:|1779595593
|move|p2a: tachy on titanium|Tachyon Cutter|p1a: Manaphy
|-resisted|p1a: Manaphy
|-damage|p1a: Manaphy|1/100
|-resisted|p1a: Manaphy
|-damage|p1a: Manaphy|0 fnt
|faint|p1a: Manaphy
|-hitcount|p1: Manaphy|2
|
|upkeep
|
|t:|1779595622
|switch|p1a: Ting-Lucifer|Ting-Lu|94/100
|-damage|p1a: Ting-Lucifer|88/100|[from] Stealth Rock
|-ability|p1a: Ting-Lucifer|Vessel of Ruin
|turn|22
|
|t:|1779595629
|-end|p2a: tachy on titanium|Quark Drive|[silent]
|switch|p2a: Heatran|Heatran, F|40/100
|move|p1a: Ting-Lucifer|Earthquake|p2a: Heatran
|-supereffective|p2a: Heatran
|-damage|p2a: Heatran|0 fnt
|faint|p2a: Heatran
|
|upkeep
|
|t:|1779595632
|switch|p2a: ogers make layers|Ogerpon-Wellspring, F|100/100
|turn|23
|
|t:|1779595647
|move|p2a: ogers make layers|Ivy Cudgel|p1a: Ting-Lucifer|[anim] Ivy Cudgel Water
|-supereffective|p1a: Ting-Lucifer
|-damage|p1a: Ting-Lucifer|16/100
|-enditem|p1a: Ting-Lucifer|Weakness Policy
|-boost|p1a: Ting-Lucifer|atk|2|[from] item: Weakness Policy
|-boost|p1a: Ting-Lucifer|spa|2|[from] item: Weakness Policy
|move|p1a: Ting-Lucifer|Stone Edge|p2a: ogers make layers
|-damage|p2a: ogers make layers|18/100
|
|upkeep
|turn|24
|
|t:|1779595657
|move|p2a: ogers make layers|Ivy Cudgel|p1a: Ting-Lucifer|[anim] Ivy Cudgel Water
|-supereffective|p1a: Ting-Lucifer
|-damage|p1a: Ting-Lucifer|0 fnt
|faint|p1a: Ting-Lucifer
|
|upkeep
|inactive|qweralt has 120 seconds left.
|
|t:|1779595696
|switch|p1a: Cinderace|Cinderace, M|100/100
|-damage|p1a: Cinderace|76/100|[from] Stealth Rock
|turn|25
|
|t:|1779595703
|move|p1a: Cinderace|Pyro Ball|p2a: ogers make layers
|-damage|p2a: ogers make layers|0 fnt
|faint|p2a: ogers make layers
|
|upkeep
|
|t:|1779595707
|switch|p2a: Raging Bolt|Raging Bolt|100/100
|turn|26
|inactive|qweralt has 120 seconds left.
|
|t:|1779595748
|switch|p1a: Kyurem|Kyurem|65/100
|-damage|p1a: Kyurem|40/100|[from] Stealth Rock
|-ability|p1a: Kyurem|Pressure
|move|p2a: Raging Bolt|Dragon Pulse|p1a: Kyurem
|-supereffective|p1a: Kyurem
|-crit|p1a: Kyurem
|-damage|p1a: Kyurem|0 fnt
|faint|p1a: Kyurem
|
|upkeep
|c|☆the small cow|?
|
|t:|1779595755
|switch|p1a: Cinderace|Cinderace, M|76/100
|-damage|p1a: Cinderace|51/100|[from] Stealth Rock
|turn|27
|
|t:|1779595762
|move|p2a: Raging Bolt|Thunderclap|p1a: Cinderace
|-damage|p1a: Cinderace|0 fnt
|faint|p1a: Cinderace
|
|win|the small cow
|raw|qweralt's rating: 1511 &rarr; <strong>1492</strong><br />(-19 for losing)
|raw|the small cow's rating: 1534 &rarr; <strong>1553</strong><br />(+19 for winning)
|l|☆the small cow
|player|p2|
|l|☆qweralt
|player|p1|
|l| Pakas123
