|badge|p1|gold|gen9ubers|3-9
|uhtml|medal-msg|<div class="broadcast-blue">Curious what those medals under the avatar are? PS now has Ladder Seasons! For more information, check out the <a href="https://www.smogon.com/forums/threads/3740067/">thread on Smogon.</a></div>
|j|☆Thajester
|j|☆drop a baby
|t:|1779682519
|gametype|singles
|player|p1|Thajester|1|1736
|player|p2|drop a baby|chase|1792
|gen|9
|tier|[Gen 9] OU
|rated|
|rule|HP Percentage Mod: HP is shown in percentages
|rule|Endless Battle Clause: Forcing endless battles is banned
|rule|Species Clause: Limit one of each Pokémon
|rule|OHKO Clause: OHKO moves are banned
|rule|Evasion Items Clause: Evasion items are banned
|rule|Evasion Moves Clause: Evasion moves are banned
|rule|Evasion Abilities Clause: Evasion abilities are banned
|rule|Sleep Moves Clause: Sleep-inducing moves are banned
|clearpoke
|poke|p1|Landorus-Therian, M|
|poke|p1|Iron Valiant|
|poke|p1|Iron Moth|
|poke|p1|Ogerpon-Wellspring, F|
|poke|p1|Kingambit, M|
|poke|p1|Raging Bolt|
|poke|p2|Darkrai|
|poke|p2|Deoxys-Speed|
|poke|p2|Raging Bolt|
|poke|p2|Kingambit, M|
|poke|p2|Iron Valiant|
|poke|p2|Great Tusk|
|teampreview
|j| Monkey D MinMin
|inactive|Battle timer is ON: inactive players will automatically lose when time's up. (requested by Thajester)
|
|t:|1779682524
|teamsize|p1|6
|teamsize|p2|6
|start
|switch|p1a: Landorus|Landorus-Therian, M|100/100
|switch|p2a: Speedy Gonzales|Deoxys-Speed, shiny|100/100
|-ability|p2a: Speedy Gonzales|Pressure
|-ability|p1a: Landorus|Intimidate|boost
|-unboost|p2a: Speedy Gonzales|atk|1
|turn|1
|
|t:|1779682530
|move|p2a: Speedy Gonzales|Psycho Boost|p1a: Landorus|[miss]
|-miss|p2a: Speedy Gonzales|p1a: Landorus
|move|p1a: Landorus|Stealth Rock|p2a: Speedy Gonzales
|-sidestart|p2: drop a baby|move: Stealth Rock
|
|upkeep
|turn|2
|
|t:|1779682533
|move|p2a: Speedy Gonzales|Psycho Boost|p1a: Landorus
|-damage|p1a: Landorus|21/100
|-unboost|p2a: Speedy Gonzales|spa|2
|-damage|p2a: Speedy Gonzales|91/100|[from] item: Life Orb
|move|p1a: Landorus|U-turn|p2a: Speedy Gonzales
|-supereffective|p2a: Speedy Gonzales
|-damage|p2a: Speedy Gonzales|13/100
|
|t:|1779682538
|switch|p1a: Iron Moth|Iron Moth|100/100|[from] U-turn
|-enditem|p1a: Iron Moth|Booster Energy
|-activate|p1a: Iron Moth|ability: Quark Drive|[fromitem]
|-start|p1a: Iron Moth|quarkdrivespe
|
|upkeep
|turn|3
|
|t:|1779682540
|move|p1a: Iron Moth|Fiery Dance|p2a: Speedy Gonzales
|-damage|p2a: Speedy Gonzales|0 fnt
|faint|p2a: Speedy Gonzales
|
|upkeep
|
|t:|1779682542
|switch|p2a: Hito no mi Model⚡️|Raging Bolt|100/100
|-damage|p2a: Hito no mi Model⚡️|88/100|[from] Stealth Rock
|-enditem|p2a: Hito no mi Model⚡️|Booster Energy
|-activate|p2a: Hito no mi Model⚡️|ability: Protosynthesis|[fromitem]
|-start|p2a: Hito no mi Model⚡️|protosynthesisspa
|turn|4
|
|t:|1779682547
|-terastallize|p1a: Iron Moth|Fairy
|move|p1a: Iron Moth|Dazzling Gleam|p2a: Hito no mi Model⚡️
|-supereffective|p2a: Hito no mi Model⚡️
|-damage|p2a: Hito no mi Model⚡️|10/100
|move|p2a: Hito no mi Model⚡️|Thunderbolt|p1a: Iron Moth
|-damage|p1a: Iron Moth|25/100
|
|upkeep
|turn|5
|
|t:|1779682553
|move|p1a: Iron Moth|Fiery Dance|p2a: Hito no mi Model⚡️
|-resisted|p2a: Hito no mi Model⚡️
|-damage|p2a: Hito no mi Model⚡️|0 fnt
|-boost|p1a: Iron Moth|spa|1
|faint|p2a: Hito no mi Model⚡️
|-end|p2a: Hito no mi Model⚡️|Protosynthesis|[silent]
|
|upkeep
|
|t:|1779682558
|switch|p2a: 🎭|Iron Valiant, shiny|100/100
|-damage|p2a: 🎭|94/100|[from] Stealth Rock
|-enditem|p2a: 🎭|Booster Energy
|-activate|p2a: 🎭|ability: Quark Drive|[fromitem]
|-start|p2a: 🎭|quarkdrivespe
|turn|6
|
|t:|1779682560
|move|p2a: 🎭|Moonblast|p1a: Iron Moth
|-damage|p1a: Iron Moth|0 fnt
|faint|p1a: Iron Moth
|-end|p1a: Iron Moth|Quark Drive|[silent]
|
|upkeep
|
|t:|1779682565
|switch|p1a: Ogerpon|Ogerpon-Wellspring, F|100/100
|turn|7
|
|t:|1779682567
|move|p2a: 🎭|Moonblast|p1a: Ogerpon
|-damage|p1a: Ogerpon|46/100
|move|p1a: Ogerpon|Ivy Cudgel|p2a: 🎭|[anim] Ivy Cudgel Water
|-damage|p2a: 🎭|4/100
|
|upkeep
|turn|8
|
|t:|1779682570
|move|p2a: 🎭|Moonblast|p1a: Ogerpon
|-damage|p1a: Ogerpon|0 fnt
|faint|p1a: Ogerpon
|
|upkeep
|
|t:|1779682573
|switch|p1a: Iron Valiant|Iron Valiant|100/100
|-enditem|p1a: Iron Valiant|Booster Energy
|-activate|p1a: Iron Valiant|ability: Quark Drive|[fromitem]
|-start|p1a: Iron Valiant|quarkdrivespe
|turn|9
|
|t:|1779682575
|move|p1a: Iron Valiant|Moonblast|p2a: 🎭
|-supereffective|p2a: 🎭
|-damage|p2a: 🎭|0 fnt
|faint|p2a: 🎭
|-end|p2a: 🎭|Quark Drive|[silent]
|
|upkeep
|
|t:|1779682580
|switch|p2a: IMU|Darkrai|100/100
|-damage|p2a: IMU|88/100|[from] Stealth Rock
|turn|10
|
|t:|1779682583
|-terastallize|p2a: IMU|Poison
|move|p1a: Iron Valiant|Moonblast|p2a: IMU
|-resisted|p2a: IMU
|-damage|p2a: IMU|57/100
|move|p2a: IMU|Sludge Bomb|p1a: Iron Valiant
|-supereffective|p1a: Iron Valiant
|-damage|p1a: Iron Valiant|0 fnt
|faint|p1a: Iron Valiant
|-end|p1a: Iron Valiant|Quark Drive|[silent]
|
|upkeep
|
|t:|1779682592
|switch|p1a: Kingambit|Kingambit, M|100/100
|-activate|p1a: Kingambit|ability: Supreme Overlord
|-start|p1a: Kingambit|fallen3|[silent]
|turn|11
|
|t:|1779682597
|switch|p2a: BROTD|Great Tusk, shiny|100/100
|-damage|p2a: BROTD|98/100|[from] Stealth Rock
|-enditem|p2a: BROTD|Booster Energy
|-activate|p2a: BROTD|ability: Protosynthesis|[fromitem]
|-start|p2a: BROTD|protosynthesisspe
|move|p1a: Kingambit|Iron Head|p2a: BROTD
|-damage|p2a: BROTD|56/100
|
|upkeep
|turn|12
|
|t:|1779682601
|move|p2a: BROTD|Bulk Up|p2a: BROTD
|-boost|p2a: BROTD|atk|1
|-boost|p2a: BROTD|def|1
|move|p1a: Kingambit|Iron Head|p2a: BROTD
|-damage|p2a: BROTD|32/100
|
|upkeep
|turn|13
|
|t:|1779682604
|-end|p1a: Kingambit|fallen3|[silent]
|switch|p1a: Landorus|Landorus-Therian, M|21/100
|-ability|p1a: Landorus|Intimidate|boost
|-unboost|p2a: BROTD|atk|1
|move|p2a: BROTD|Bulk Up|p2a: BROTD
|-boost|p2a: BROTD|atk|1
|-boost|p2a: BROTD|def|1
|
|upkeep
|turn|14
|
|t:|1779682609
|move|p2a: BROTD|Head Smash|p1a: Landorus
|-damage|p1a: Landorus|0 fnt
|-damage|p2a: BROTD|15/100|[from] item: Rocky Helmet|[of] p1a: Landorus
|faint|p1a: Landorus
|-damage|p2a: BROTD|6/100|[from] Recoil
|
|upkeep
|
|t:|1779682613
|switch|p1a: Kingambit|Kingambit, M|100/100
|-activate|p1a: Kingambit|ability: Supreme Overlord
|-start|p1a: Kingambit|fallen4|[silent]
|turn|15
|
|t:|1779682615
|move|p1a: Kingambit|Sucker Punch|p2a: BROTD
|-resisted|p2a: BROTD
|-damage|p2a: BROTD|0 fnt
|faint|p2a: BROTD
|-end|p2a: BROTD|Protosynthesis|[silent]
|
|upkeep
|
|t:|1779682618
|switch|p2a: IMU|Darkrai, tera:Poison|57/100
|-damage|p2a: IMU|45/100|[from] Stealth Rock
|turn|16
|
|t:|1779682621
|move|p1a: Kingambit|Sucker Punch||[still]
|-fail|p1a: Kingambit
|move|p2a: IMU|Nasty Plot|p2a: IMU
|-boost|p2a: IMU|spa|2
|
|upkeep
|turn|17
|
|t:|1779682625
|move|p2a: IMU|Dark Pulse|p1a: Kingambit
|-resisted|p1a: Kingambit
|-damage|p1a: Kingambit|57/100
|move|p1a: Kingambit|Iron Head|p2a: IMU
|-damage|p2a: IMU|0 fnt
|faint|p2a: IMU
|
|-heal|p1a: Kingambit|64/100|[from] item: Leftovers
|upkeep
|
|t:|1779682629
|switch|p2a: Mihawk|Kingambit, M|100/100
|-damage|p2a: Mihawk|94/100|[from] Stealth Rock
|-activate|p2a: Mihawk|ability: Supreme Overlord
|-start|p2a: Mihawk|fallen5|[silent]
|turn|18
|
|t:|1779682632
|move|p2a: Mihawk|Swords Dance|p2a: Mihawk
|-boost|p2a: Mihawk|atk|2
|move|p1a: Kingambit|Kowtow Cleave|p2a: Mihawk
|-resisted|p2a: Mihawk
|-damage|p2a: Mihawk|66/100
|
|-heal|p1a: Kingambit|70/100|[from] item: Leftovers
|upkeep
|turn|19
|
|t:|1779682635
|move|p2a: Mihawk|Kowtow Cleave|p1a: Kingambit
|-resisted|p1a: Kingambit
|-damage|p1a: Kingambit|10/100
|move|p1a: Kingambit|Kowtow Cleave|p2a: Mihawk
|-resisted|p2a: Mihawk
|-damage|p2a: Mihawk|36/100
|
|-heal|p1a: Kingambit|16/100|[from] item: Leftovers
|upkeep
|turn|20
|
|t:|1779682639
|move|p1a: Kingambit|Sucker Punch|p2a: Mihawk
|-resisted|p2a: Mihawk
|-damage|p2a: Mihawk|12/100
|move|p2a: Mihawk|Kowtow Cleave|p1a: Kingambit
|-resisted|p1a: Kingambit
|-damage|p1a: Kingambit|0 fnt
|faint|p1a: Kingambit
|-end|p1a: Kingambit|fallen4|[silent]
|
|upkeep
|
|t:|1779682643
|switch|p1a: Raging Bolt|Raging Bolt|100/100
|-enditem|p1a: Raging Bolt|Booster Energy
|-activate|p1a: Raging Bolt|ability: Protosynthesis|[fromitem]
|-start|p1a: Raging Bolt|protosynthesisspa
|turn|21
|
|t:|1779682647
|move|p2a: Mihawk|Sucker Punch|p1a: Raging Bolt
|-damage|p1a: Raging Bolt|0 fnt
|faint|p1a: Raging Bolt
|-end|p1a: Raging Bolt|Protosynthesis|[silent]
|
|win|drop a baby
|raw|Thajester's rating: 1736 &rarr; <strong>1719</strong><br />(-17 for losing)
|raw|drop a baby's rating: 1792 &rarr; <strong>1809</strong><br />(+17 for winning)
|l|☆drop a baby
|player|p2|
|l|☆Thajester
|player|p1|
