|j|‽aaagislash
|j|☆SoccerLego4081
|t:|1779626979
|gametype|singles
|player|p1|aaagislash|102|1478
|player|p2|SoccerLego4081|101|1427
|gen|9
|tier|[Gen 9] OU
|rated|
|rule|HP Percentage Mod: HP is shown in percentages
|rule|Endless Battle Clause: Forcing endless battles is banned
|rule|Species Clause: Limit one of each Pokémon
|rule|OHKO Clause: OHKO moves are banned
|rule|Evasion Items Clause: Evasion items are banned
|rule|Evasion Moves Clause: Evasion moves are banned
|rule|Evasion Abilities Clause: Evasion abilities are banned
|rule|Sleep Moves Clause: Sleep-inducing moves are banned
|clearpoke
|poke|p1|Perrserker, M|
|poke|p1|Empoleon, F|
|poke|p1|Smeargle, F|
|poke|p1|Falinks|
|poke|p1|Rabsca, M|
|poke|p1|Mimikyu, M|
|poke|p2|Torkoal, F|
|poke|p2|Walking Wake|
|poke|p2|Moltres|
|poke|p2|Reuniclus, F|
|poke|p2|Dragonite, F|
|poke|p2|Great Tusk|
|teampreview
|
|t:|1779626992
|teamsize|p1|6
|teamsize|p2|6
|start
|switch|p1a: Smeargle|Smeargle, F|100/100
|switch|p2a: Dragonite|Dragonite, F|100/100
|turn|1
|
|t:|1779626998
|move|p2a: Dragonite|Dragon Dance|p2a: Dragonite
|-boost|p2a: Dragonite|atk|1
|-boost|p2a: Dragonite|spe|1
|move|p1a: Smeargle|Sticky Web|p2a: Dragonite
|-sidestart|p2: SoccerLego4081|move: Sticky Web
|
|upkeep
|turn|2
|
|t:|1779627008
|move|p2a: Dragonite|Dragon Dance|p2a: Dragonite
|-boost|p2a: Dragonite|atk|1
|-boost|p2a: Dragonite|spe|1
|move|p1a: Smeargle|Trick Room|p1a: Smeargle
|-fieldstart|move: Trick Room|[of] p1a: Smeargle
|
|upkeep
|turn|3
|
|t:|1779627014
|move|p2a: Dragonite|Extreme Speed|p1a: Smeargle
|-damage|p1a: Smeargle|16/100
|move|p1a: Smeargle|Court Change|p1a: Smeargle
|-swapsideconditions
|-activate|p1a: Smeargle|move: Court Change
|
|upkeep
|turn|4
|
|t:|1779627020
|move|p2a: Dragonite|Extreme Speed|p1a: Smeargle
|-damage|p1a: Smeargle|0 fnt
|faint|p1a: Smeargle
|
|upkeep
|
|t:|1779627022
|switch|p1a: Empoleon|Empoleon, F|100/100
|-activate|p1a: Empoleon|move: Sticky Web
|-unboost|p1a: Empoleon|spe|1
|-ability|p1a: Empoleon|Competitive|boost
|-boost|p1a: Empoleon|spa|2
|turn|5
|
|t:|1779627031
|switch|p2a: Reuniclus|Reuniclus, F|100/100
|move|p1a: Empoleon|Ice Beam|p2a: Reuniclus
|-damage|p2a: Reuniclus|57/100
|
|upkeep
|turn|6
|
|t:|1779627044
|switch|p1a: Rabsca|Rabsca, M|100/100
|move|p2a: Reuniclus|Knock Off|p1a: Rabsca
|-supereffective|p1a: Rabsca
|-damage|p1a: Rabsca|75/100
|-enditem|p1a: Rabsca|Heavy-Duty Boots|[from] move: Knock Off|[of] p2a: Reuniclus
|
|-fieldend|move: Trick Room
|upkeep
|turn|7
|
|t:|1779627058
|switch|p2a: Moltres|Moltres|100/100
|move|p1a: Rabsca|Bug Buzz|p2a: Moltres
|-resisted|p2a: Moltres
|-damage|p2a: Moltres|91/100
|
|upkeep
|turn|8
|
|t:|1779627068
|move|p2a: Moltres|Flamethrower|p1a: Rabsca
|-supereffective|p1a: Rabsca
|-damage|p1a: Rabsca|10/100
|move|p1a: Rabsca|Trick Room|p1a: Rabsca
|-fieldstart|move: Trick Room|[of] p1a: Rabsca
|
|upkeep
|turn|9
|
|t:|1779627077
|switch|p1a: Empoleon|Empoleon, F|100/100
|-activate|p1a: Empoleon|move: Sticky Web
|-unboost|p1a: Empoleon|spe|1
|-ability|p1a: Empoleon|Competitive|boost
|-boost|p1a: Empoleon|spa|2
|move|p2a: Moltres|U-turn|p1a: Empoleon
|-resisted|p1a: Empoleon
|-damage|p1a: Empoleon|92/100
|
|t:|1779627081
|switch|p2a: Reuniclus|Reuniclus, F|90/100|[from] U-turn
|
|upkeep
|turn|10
|
|t:|1779627089
|-terastallize|p1a: Empoleon|Steel
|move|p2a: Reuniclus|Knock Off|p1a: Empoleon
|-damage|p1a: Empoleon|78/100
|-enditem|p1a: Empoleon|Choice Specs|[from] move: Knock Off|[of] p2a: Reuniclus
|move|p1a: Empoleon|Steel Beam|p2a: Reuniclus
|-damage|p2a: Reuniclus|0 fnt
|-damage|p1a: Empoleon|28/100|[from] steelbeam
|faint|p2a: Reuniclus
|
|upkeep
|
|t:|1779627122
|switch|p2a: Great Tusk|Great Tusk|100/100
|turn|11
|
|t:|1779627127
|move|p1a: Empoleon|Flash Cannon|p2a: Great Tusk
|-damage|p2a: Great Tusk|0 fnt
|faint|p2a: Great Tusk
|-end|p2a: Great Tusk|Protosynthesis|[silent]
|
|upkeep
|
|t:|1779627135
|switch|p2a: Dragonite|Dragonite, F|100/100
|turn|12
|
|t:|1779627150
|move|p1a: Empoleon|Steel Beam|p2a: Dragonite
|-damage|p2a: Dragonite|1/100
|-damage|p1a: Empoleon|0 fnt|[from] steelbeam
|faint|p1a: Empoleon
|move|p2a: Dragonite|Dragon Dance|p2a: Dragonite
|-boost|p2a: Dragonite|atk|1
|-boost|p2a: Dragonite|spe|1
|
|-fieldend|move: Trick Room
|upkeep
|
|t:|1779627156
|switch|p1a: Falinks|Falinks|100/100
|-activate|p1a: Falinks|move: Sticky Web
|-unboost|p1a: Falinks|spe|1
|-ability|p1a: Falinks|Defiant|boost
|-boost|p1a: Falinks|atk|2
|turn|13
|
|t:|1779627168
|move|p1a: Falinks|First Impression|p2a: Dragonite
|-resisted|p2a: Dragonite
|-damage|p2a: Dragonite|0 fnt
|faint|p2a: Dragonite
|
|upkeep
|
|t:|1779627172
|switch|p2a: Moltres|Moltres|91/100
|turn|14
|
|t:|1779627178
|switch|p1a: Perrserker|Perrserker, M|100/100
|-activate|p1a: Perrserker|move: Sticky Web
|-unboost|p1a: Perrserker|spe|1
|move|p2a: Moltres|Will-O-Wisp|p1a: Perrserker
|-status|p1a: Perrserker|brn
|
|-damage|p1a: Perrserker|94/100 brn|[from] brn
|upkeep
|turn|15
|
|t:|1779627181
|move|p2a: Moltres|Flamethrower|p1a: Perrserker
|-supereffective|p1a: Perrserker
|-damage|p1a: Perrserker|0 fnt
|faint|p1a: Perrserker
|
|upkeep
|
|t:|1779627185
|switch|p1a: Mimikyu|Mimikyu, M|100/100
|-activate|p1a: Mimikyu|move: Sticky Web
|-unboost|p1a: Mimikyu|spe|1
|turn|16
|
|t:|1779627192
|move|p2a: Moltres|Will-O-Wisp|p1a: Mimikyu
|-status|p1a: Mimikyu|brn
|move|p1a: Mimikyu|Curse|p2a: Moltres
|-start|p2a: Moltres|Curse|[of] p1a: Mimikyu
|-damage|p1a: Mimikyu|50/100 brn
|
|-damage|p1a: Mimikyu|44/100 brn|[from] brn
|-damage|p2a: Moltres|66/100|[from] Curse
|upkeep
|turn|17
|
|t:|1779627200
|switch|p2a: Torkoal|Torkoal, F|100/100
|-weather|SunnyDay|[from] ability: Drought|[of] p2a: Torkoal
|move|p1a: Mimikyu|Trick Room|p1a: Mimikyu
|-fieldstart|move: Trick Room|[of] p1a: Mimikyu
|
|-weather|SunnyDay|[upkeep]
|-damage|p1a: Mimikyu|38/100 brn|[from] brn
|upkeep
|turn|18
|
|t:|1779627208
|move|p2a: Torkoal|Stealth Rock|p1a: Mimikyu
|-sidestart|p1: aaagislash|move: Stealth Rock
|move|p1a: Mimikyu|Curse|p2a: Torkoal
|-start|p2a: Torkoal|Curse|[of] p1a: Mimikyu
|-damage|p1a: Mimikyu|0 fnt
|faint|p1a: Mimikyu
|
|-weather|SunnyDay|[upkeep]
|-damage|p2a: Torkoal|75/100|[from] Curse
|upkeep
|
|t:|1779627212
|switch|p1a: Falinks|Falinks|100/100
|-activate|p1a: Falinks|move: Sticky Web
|-unboost|p1a: Falinks|spe|1
|-ability|p1a: Falinks|Defiant|boost
|-boost|p1a: Falinks|atk|2
|-damage|p1a: Falinks|95/100|[from] Stealth Rock
|turn|19
|
|t:|1779627220
|move|p2a: Torkoal|Will-O-Wisp|p1a: Falinks
|-status|p1a: Falinks|brn
|move|p1a: Falinks|Close Combat|p2a: Torkoal
|-damage|p2a: Torkoal|23/100
|-unboost|p1a: Falinks|def|1
|-unboost|p1a: Falinks|spd|1
|
|-weather|SunnyDay|[upkeep]
|-damage|p1a: Falinks|89/100 brn|[from] brn
|-damage|p2a: Torkoal|0 fnt|[from] Curse
|faint|p2a: Torkoal
|upkeep
|
|t:|1779627229
|switch|p2a: Moltres|Moltres|66/100
|turn|20
|
|t:|1779627233
|switch|p1a: Rabsca|Rabsca, M|10/100
|-activate|p1a: Rabsca|move: Sticky Web
|-unboost|p1a: Rabsca|spe|1
|-damage|p1a: Rabsca|0 fnt|[from] Stealth Rock
|faint|p1a: Rabsca
|move|p2a: Moltres|Roost|p2a: Moltres
|-heal|p2a: Moltres|100/100
|-singleturn|p2a: Moltres|move: Roost
|
|-weather|SunnyDay|[upkeep]
|upkeep
|-message|aaagislash forfeited.
|
|win|SoccerLego4081
|raw|aaagislash's rating: 1478 &rarr; <strong>1455</strong><br />(-23 for losing)
|raw|SoccerLego4081's rating: 1427 &rarr; <strong>1450</strong><br />(+23 for winning)
|l|‽aaagislash
|player|p1|
|l|☆SoccerLego4081
|player|p2|
