|j|☆omari p
|j|‽ClRCUS MAXIMUS
|t:|1779663522
|gametype|singles
|player|p1|omari p|pokemonrangerf|1711
|player|p2|ClRCUS MAXIMUS|rood|1786
|gen|9
|tier|[Gen 9] OU
|rated|
|rule|HP Percentage Mod: HP is shown in percentages
|rule|Endless Battle Clause: Forcing endless battles is banned
|rule|Species Clause: Limit one of each Pokémon
|rule|OHKO Clause: OHKO moves are banned
|rule|Evasion Items Clause: Evasion items are banned
|rule|Evasion Moves Clause: Evasion moves are banned
|rule|Evasion Abilities Clause: Evasion abilities are banned
|rule|Sleep Moves Clause: Sleep-inducing moves are banned
|clearpoke
|poke|p1|Hoopa|
|poke|p1|Cinderace, F|
|poke|p1|Mandibuzz, F|
|poke|p1|Kyurem|
|poke|p1|Ting-Lu|
|poke|p1|Manaphy|
|poke|p2|Zamazenta-*|
|poke|p2|Kingambit, M|
|poke|p2|Dragonite, F|
|poke|p2|Hatterene, F|
|poke|p2|Great Tusk|
|poke|p2|Gholdengo|
|teampreview
|inactive|Battle timer is ON: inactive players will automatically lose when time's up. (requested by ClRCUS MAXIMUS)
|
|t:|1779663553
|teamsize|p1|6
|teamsize|p2|6
|start
|switch|p1a: Kyurem|Kyurem|100/100
|switch|p2a: Zamazenta|Zamazenta, shiny|100/100
|-ability|p1a: Kyurem|Pressure
|-ability|p2a: Zamazenta|Dauntless Shield|boost
|-boost|p2a: Zamazenta|def|1
|turn|1
|inactive|omari p has 120 seconds left.
|inactive|omari p has 90 seconds left.
|inactive|omari p has 60 seconds left.
|
|t:|1779663664
|switch|p1a: Mandibuzz|Mandibuzz, F, shiny|100/100
|move|p2a: Zamazenta|Close Combat|p1a: Mandibuzz
|-damage|p1a: Mandibuzz|68/100
|-unboost|p2a: Zamazenta|def|1
|-unboost|p2a: Zamazenta|spd|1
|-damage|p2a: Zamazenta|84/100|[from] item: Rocky Helmet|[of] p1a: Mandibuzz
|
|upkeep
|turn|2
|
|t:|1779663680
|move|p2a: Zamazenta|Reflect|p2a: Zamazenta
|-sidestart|p2: ClRCUS MAXIMUS|Reflect
|move|p1a: Mandibuzz|Roost|p1a: Mandibuzz
|-heal|p1a: Mandibuzz|100/100
|-singleturn|p1a: Mandibuzz|move: Roost
|
|upkeep
|turn|3
|
|t:|1779663694
|switch|p2a: Gholdengo|Gholdengo|100/100
|move|p1a: Mandibuzz|Toxic|p2a: Gholdengo
|-immune|p2a: Gholdengo|[from] ability: Good as Gold
|
|upkeep
|turn|4
|
|t:|1779663697
|switch|p1a: Cinderace|Cinderace, F|100/100
|move|p2a: Gholdengo|Make It Rain|p1a: Cinderace
|-resisted|p1a: Cinderace
|-damage|p1a: Cinderace|36/100
|-unboost|p2a: Gholdengo|spa|1
|
|upkeep
|turn|5
|
|t:|1779663705
|switch|p2a: Zamazenta|Zamazenta, shiny|84/100
|move|p1a: Cinderace|Court Change|p1a: Cinderace
|-start|p1a: Cinderace|typechange|Normal|[from] ability: Libero
|-swapsideconditions
|-activate|p1a: Cinderace|move: Court Change
|
|upkeep
|turn|6
|
|t:|1779663711
|move|p2a: Zamazenta|Reflect|p2a: Zamazenta
|-sidestart|p2: ClRCUS MAXIMUS|Reflect
|move|p1a: Cinderace|U-turn|p2a: Zamazenta
|-resisted|p2a: Zamazenta
|-damage|p2a: Zamazenta|79/100
|
|t:|1779663713
|switch|p1a: Hoopa|Hoopa|100/100|[from] U-turn
|
|upkeep
|turn|7
|
|t:|1779663717
|move|p1a: Hoopa|Substitute|p1a: Hoopa
|-start|p1a: Hoopa|Substitute
|-damage|p1a: Hoopa|76/100
|move|p2a: Zamazenta|Roar|p1a: Hoopa
|drag|p1a: Cinderace|Cinderace, F|36/100
|
|upkeep
|turn|8
|
|t:|1779663723
|switch|p1a: Hoopa|Hoopa|76/100
|move|p2a: Zamazenta|Light Screen|p2a: Zamazenta
|-sidestart|p2: ClRCUS MAXIMUS|move: Light Screen
|
|upkeep
|turn|9
|
|t:|1779663726
|move|p1a: Hoopa|Shadow Ball|p2a: Zamazenta
|-damage|p2a: Zamazenta|58/100
|move|p2a: Zamazenta|Roar|p1a: Hoopa
|drag|p1a: Mandibuzz|Mandibuzz, F, shiny|100/100
|
|-sideend|p1: omari p|Reflect
|upkeep
|turn|10
|
|t:|1779663732
|switch|p2a: Gholdengo|Gholdengo|100/100
|switch|p1a: Ting-Lucifer|Ting-Lu|100/100
|-ability|p1a: Ting-Lucifer|Vessel of Ruin
|
|upkeep
|turn|11
|
|t:|1779663735
|move|p2a: Gholdengo|Nasty Plot|p2a: Gholdengo
|-boost|p2a: Gholdengo|spa|2
|move|p1a: Ting-Lucifer|Earthquake|p2a: Gholdengo
|-supereffective|p2a: Gholdengo
|-damage|p2a: Gholdengo|43/100
|
|upkeep
|turn|12
|
|t:|1779663738
|move|p2a: Gholdengo|Make It Rain|p1a: Ting-Lucifer
|-damage|p1a: Ting-Lucifer|5/100
|-unboost|p2a: Gholdengo|spa|1
|move|p1a: Ting-Lucifer|Earthquake|p2a: Gholdengo
|-supereffective|p2a: Gholdengo
|-damage|p2a: Gholdengo|0 fnt
|faint|p2a: Gholdengo
|
|upkeep
|j| kanaete onegai
|
|t:|1779663760
|switch|p2a: Great Tusk|Great Tusk, shiny|100/100
|-enditem|p2a: Great Tusk|Booster Energy
|-activate|p2a: Great Tusk|ability: Protosynthesis|[fromitem]
|-start|p2a: Great Tusk|protosynthesisatk
|turn|13
|inactive|omari p has 120 seconds left.
|
|t:|1779663810
|switch|p1a: Mandibuzz|Mandibuzz, F, shiny|100/100
|move|p2a: Great Tusk|Bulk Up|p2a: Great Tusk
|-boost|p2a: Great Tusk|atk|1
|-boost|p2a: Great Tusk|def|1
|
|-sideend|p2: ClRCUS MAXIMUS|Reflect
|upkeep
|turn|14
|
|t:|1779663818
|move|p2a: Great Tusk|Head Smash|p1a: Mandibuzz
|-supereffective|p1a: Mandibuzz
|-damage|p1a: Mandibuzz|0 fnt
|-damage|p2a: Great Tusk|84/100|[from] item: Rocky Helmet|[of] p1a: Mandibuzz
|faint|p1a: Mandibuzz
|-damage|p2a: Great Tusk|28/100|[from] Recoil
|
|upkeep
|
|t:|1779663823
|switch|p1a: Cinderace|Cinderace, F|36/100
|turn|15
|
|t:|1779663834
|move|p1a: Cinderace|Pyro Ball|p2a: Great Tusk
|-damage|p2a: Great Tusk|0 fnt
|faint|p2a: Great Tusk
|-end|p2a: Great Tusk|Protosynthesis|[silent]
|
|-sideend|p2: ClRCUS MAXIMUS|move: Light Screen
|upkeep
|
|t:|1779663845
|switch|p2a: Zamazenta|Zamazenta, shiny|58/100
|turn|16
|
|t:|1779663848
|move|p2a: Zamazenta|Close Combat|p1a: Cinderace
|-damage|p1a: Cinderace|0 fnt
|-unboost|p2a: Zamazenta|def|1
|-unboost|p2a: Zamazenta|spd|1
|faint|p1a: Cinderace
|
|upkeep
|j| yuureisuisei
|
|t:|1779663850
|switch|p1a: Kyurem|Kyurem|100/100
|-ability|p1a: Kyurem|Pressure
|turn|17
|
|t:|1779663853
|switch|p2a: Kingambit|Kingambit, M, shiny|100/100
|-activate|p2a: Kingambit|ability: Supreme Overlord
|-start|p2a: Kingambit|fallen2|[silent]
|move|p1a: Kyurem|Ice Beam|p2a: Kingambit
|-resisted|p2a: Kingambit
|-damage|p2a: Kingambit|77/100
|
|upkeep
|turn|18
|
|t:|1779663860
|switch|p1a: Ting-Lucifer|Ting-Lu|5/100
|-ability|p1a: Ting-Lucifer|Vessel of Ruin
|move|p2a: Kingambit|Swords Dance|p2a: Kingambit
|-boost|p2a: Kingambit|atk|2
|
|upkeep
|turn|19
|l| kanaete onegai
|
|t:|1779663867
|move|p2a: Kingambit|Sucker Punch||[still]
|-fail|p2a: Kingambit
|move|p1a: Ting-Lucifer|Stealth Rock|p2a: Kingambit
|-sidestart|p2: ClRCUS MAXIMUS|move: Stealth Rock
|
|upkeep
|turn|20
|j| kanaete onegai
|
|t:|1779663871
|move|p2a: Kingambit|Sucker Punch|p1a: Ting-Lucifer
|-resisted|p1a: Ting-Lucifer
|-damage|p1a: Ting-Lucifer|0 fnt
|faint|p1a: Ting-Lucifer
|
|upkeep
|
|t:|1779663873
|switch|p1a: Hoopa|Hoopa|76/100
|turn|21
|inactive|ClRCUS MAXIMUS has 120 seconds left.
|
|t:|1779663918
|-terastallize|p2a: Kingambit|Flying
|move|p1a: Hoopa|Substitute|p1a: Hoopa
|-start|p1a: Hoopa|Substitute
|-damage|p1a: Hoopa|51/100
|move|p2a: Kingambit|Iron Head|p1a: Hoopa
|-end|p1a: Hoopa|Substitute
|
|upkeep
|turn|22
|
|t:|1779663938
|move|p1a: Hoopa|Substitute|p1a: Hoopa
|-start|p1a: Hoopa|Substitute
|-damage|p1a: Hoopa|26/100
|move|p2a: Kingambit|Iron Head|p1a: Hoopa
|-end|p1a: Hoopa|Substitute
|
|upkeep
|turn|23
|
|t:|1779663942
|move|p1a: Hoopa|Substitute|p1a: Hoopa
|-start|p1a: Hoopa|Substitute
|-damage|p1a: Hoopa|1/100
|-enditem|p1a: Hoopa|Aguav Berry|[eat]
|-heal|p1a: Hoopa|34/100|[from] item: Aguav Berry
|move|p2a: Kingambit|Iron Head|p1a: Hoopa
|-end|p1a: Hoopa|Substitute
|
|upkeep
|turn|24
|
|t:|1779663951
|move|p1a: Hoopa|Substitute|p1a: Hoopa
|-start|p1a: Hoopa|Substitute
|-damage|p1a: Hoopa|9/100
|move|p2a: Kingambit|Iron Head|p1a: Hoopa
|-end|p1a: Hoopa|Substitute
|
|upkeep
|turn|25
|
|t:|1779663957
|move|p2a: Kingambit|Sucker Punch|p1a: Hoopa
|-supereffective|p1a: Hoopa
|-damage|p1a: Hoopa|0 fnt
|faint|p1a: Hoopa
|
|upkeep
|
|t:|1779663961
|switch|p1a: Kyurem|Kyurem|100/100
|-ability|p1a: Kyurem|Pressure
|turn|26
|
|t:|1779663967
|move|p2a: Kingambit|Sucker Punch|p1a: Kyurem
|-damage|p1a: Kyurem|1/100
|move|p1a: Kyurem|Ice Beam|p2a: Kingambit
|-supereffective|p2a: Kingambit
|-damage|p2a: Kingambit|0 fnt
|faint|p2a: Kingambit
|-end|p2a: Kingambit|fallen2|[silent]
|
|upkeep
|inactive|ClRCUS MAXIMUS has 120 seconds left.
|
|t:|1779664016
|switch|p2a: Dragonite|Dragonite, F, shiny|100/100
|-damage|p2a: Dragonite|76/100|[from] Stealth Rock
|turn|27
|j| ArtistsRendition
|inactive|omari p has 120 seconds left.
|
|t:|1779664049
|move|p2a: Dragonite|Extreme Speed|p1a: Kyurem
|-damage|p1a: Kyurem|0 fnt
|faint|p1a: Kyurem
|-damage|p2a: Dragonite|66/100|[from] item: Life Orb
|
|upkeep
|
|t:|1779664051
|switch|p1a: Manaphy|Manaphy|100/100
|turn|28
|l| ArtistsRendition
|
|t:|1779664055
|move|p1a: Manaphy|Alluring Voice|p2a: Dragonite
|-supereffective|p2a: Dragonite
|-damage|p2a: Dragonite|28/100
|move|p2a: Dragonite|Outrage|p1a: Manaphy
|-damage|p1a: Manaphy|30/100
|-damage|p2a: Dragonite|18/100|[from] item: Life Orb
|
|-heal|p1a: Manaphy|36/100|[from] item: Leftovers
|upkeep
|turn|29
|
|t:|1779664061
|move|p1a: Manaphy|Alluring Voice|p2a: Dragonite
|-supereffective|p2a: Dragonite
|-damage|p2a: Dragonite|0 fnt
|faint|p2a: Dragonite
|
|-heal|p1a: Manaphy|42/100|[from] item: Leftovers
|upkeep
|
|t:|1779664063
|switch|p2a: Zamazenta|Zamazenta, shiny|58/100
|-damage|p2a: Zamazenta|52/100|[from] Stealth Rock
|turn|30
|
|t:|1779664086
|-terastallize|p1a: Manaphy|Poison
|move|p2a: Zamazenta|Close Combat|p1a: Manaphy
|-resisted|p1a: Manaphy
|-damage|p1a: Manaphy|20/100
|-unboost|p2a: Zamazenta|def|1
|-unboost|p2a: Zamazenta|spd|1
|move|p1a: Manaphy|Alluring Voice|p2a: Zamazenta
|-supereffective|p2a: Zamazenta
|-damage|p2a: Zamazenta|0 fnt
|faint|p2a: Zamazenta
|
|-heal|p1a: Manaphy|26/100|[from] item: Leftovers
|upkeep
|
|t:|1779664091
|switch|p2a: Hatterene|Hatterene, F, shiny|100/100
|-damage|p2a: Hatterene|88/100|[from] Stealth Rock
|turn|31
|
|t:|1779664113
|move|p1a: Manaphy|Take Heart|p1a: Manaphy
|-boost|p1a: Manaphy|spa|1
|-boost|p1a: Manaphy|spd|1
|move|p2a: Hatterene|Psyshock|p1a: Manaphy
|-supereffective|p1a: Manaphy
|-damage|p1a: Manaphy|0 fnt
|faint|p1a: Manaphy
|
|win|ClRCUS MAXIMUS
|raw|omari p's rating: 1711 &rarr; <strong>1695</strong><br />(-16 for losing)
|raw|ClRCUS MAXIMUS's rating: 1786 &rarr; <strong>1802</strong><br />(+16 for winning)
|l| yuureisuisei
|c|☆omari p|oh
|l|☆omari p
|player|p1|
|l|‽ClRCUS MAXIMUS
|player|p2|
