|j|☆Wholesomeviber
|j|☆Scizorlover3001
|t:|1779599291
|gametype|singles
|player|p1|Wholesomeviber|emmet|1034
|player|p2|Scizorlover3001|swimmerf|1000
|gen|9
|tier|[Gen 9] OU
|rated|
|rule|HP Percentage Mod: HP is shown in percentages
|rule|Endless Battle Clause: Forcing endless battles is banned
|rule|Species Clause: Limit one of each Pokémon
|rule|OHKO Clause: OHKO moves are banned
|rule|Evasion Items Clause: Evasion items are banned
|rule|Evasion Moves Clause: Evasion moves are banned
|rule|Evasion Abilities Clause: Evasion abilities are banned
|rule|Sleep Moves Clause: Sleep-inducing moves are banned
|clearpoke
|poke|p1|Ninetales, F|
|poke|p1|Typhlosion, F|
|poke|p1|Lilligant-Hisui, F|
|poke|p1|Sandy Shocks|
|poke|p1|Great Tusk|
|poke|p1|Scream Tail|
|poke|p2|Scizor, M|
|poke|p2|Swampert, M|
|poke|p2|Heatran, M|
|poke|p2|Gliscor, M|
|poke|p2|Ceruledge, M|
|poke|p2|Primarina, M|
|teampreview
|
|t:|1779599307
|teamsize|p1|6
|teamsize|p2|6
|start
|switch|p1a: Ninetales|Ninetales, F|100/100
|switch|p2a: Gliscor|Gliscor, M|100/100
|-weather|SunnyDay|[from] ability: Drought|[of] p1a: Ninetales
|turn|1
|
|t:|1779599319
|move|p1a: Ninetales|Will-O-Wisp|p2a: Gliscor
|-status|p2a: Gliscor|brn
|move|p2a: Gliscor|Toxic Spikes|p1a: Ninetales
|-sidestart|p1: Wholesomeviber|move: Toxic Spikes
|
|-weather|SunnyDay|[upkeep]
|-damage|p2a: Gliscor|94/100 brn|[from] brn
|upkeep
|turn|2
|
|t:|1779599329
|move|p1a: Ninetales|Encore|p2a: Gliscor
|-start|p2a: Gliscor|Encore
|move|p2a: Gliscor|Toxic Spikes|p1a: Ninetales
|-sidestart|p1: Wholesomeviber|move: Toxic Spikes
|
|-weather|SunnyDay|[upkeep]
|-damage|p2a: Gliscor|88/100 brn|[from] brn
|upkeep
|turn|3
|
|t:|1779599342
|switch|p1a: Great Tusk|Great Tusk|100/100
|-status|p1a: Great Tusk|tox
|-activate|p1a: Great Tusk|ability: Protosynthesis
|-start|p1a: Great Tusk|protosynthesisatk
|move|p2a: Gliscor|Toxic Spikes||[still]
|-fail|p2a: Gliscor
|
|-weather|SunnyDay|[upkeep]
|-damage|p1a: Great Tusk|94/100 tox|[from] psn
|-damage|p2a: Gliscor|82/100 brn|[from] brn
|upkeep
|turn|4
|
|t:|1779599355
|move|p2a: Gliscor|Toxic Spikes||[still]
|-fail|p2a: Gliscor
|move|p1a: Great Tusk|Knock Off|p2a: Gliscor
|-damage|p2a: Gliscor|35/100 brn
|-enditem|p2a: Gliscor|Toxic Orb|[from] move: Knock Off|[of] p1a: Great Tusk
|
|-weather|SunnyDay|[upkeep]
|-damage|p1a: Great Tusk|82/100 tox|[from] psn
|-damage|p2a: Gliscor|28/100 brn|[from] brn
|-end|p2a: Gliscor|Encore
|upkeep
|turn|5
|
|t:|1779599384
|move|p2a: Gliscor|Facade|p1a: Great Tusk
|-damage|p1a: Great Tusk|60/100 tox
|move|p1a: Great Tusk|Rapid Spin|p2a: Gliscor
|-damage|p2a: Gliscor|4/100 brn
|-boost|p1a: Great Tusk|spe|1
|-sideend|p1: Wholesomeviber|Toxic Spikes|[from] move: Rapid Spin|[of] p1a: Great Tusk
|
|-weather|SunnyDay|[upkeep]
|-damage|p1a: Great Tusk|41/100 tox|[from] psn
|-damage|p2a: Gliscor|0 fnt|[from] brn
|faint|p2a: Gliscor
|upkeep
|
|t:|1779599431
|switch|p2a: Primarina|Primarina, M|100/100
|turn|6
|
|t:|1779599446
|move|p1a: Great Tusk|Earthquake|p2a: Primarina
|-damage|p2a: Primarina|0 fnt
|faint|p2a: Primarina
|
|-weather|SunnyDay|[upkeep]
|-damage|p1a: Great Tusk|16/100 tox|[from] psn
|upkeep
|c|☆Scizorlover3001|mmm
|c|☆Scizorlover3001|scizor is my favorite pokemon
|
|t:|1779599467
|switch|p2a: Swampert|Swampert, M|100/100
|turn|7
|c|☆Wholesomeviber|My girl loves scizor too
|
|t:|1779599479
|move|p1a: Great Tusk|Close Combat|p2a: Swampert
|-damage|p2a: Swampert|10/100
|-unboost|p1a: Great Tusk|def|1
|-unboost|p1a: Great Tusk|spd|1
|move|p2a: Swampert|Ice Beam|p1a: Great Tusk
|-supereffective|p1a: Great Tusk
|-damage|p1a: Great Tusk|0 fnt
|faint|p1a: Great Tusk
|-end|p1a: Great Tusk|Protosynthesis|[silent]
|
|-weather|SunnyDay|[upkeep]
|upkeep
|
|t:|1779599488
|switch|p1a: Scream Tail|Scream Tail|100/100
|-activate|p1a: Scream Tail|ability: Protosynthesis
|-start|p1a: Scream Tail|protosynthesisspe
|turn|8
|c|☆Scizorlover3001|maybe im secretly your girl
|
|t:|1779599498
|move|p1a: Scream Tail|Psychic|p2a: Swampert
|-damage|p2a: Swampert|0 fnt
|faint|p2a: Swampert
|
|-weather|none
|-end|p1a: Scream Tail|Protosynthesis
|upkeep
|c|☆Scizorlover3001|now you know whos coming out
|c|☆Wholesomeviber|Nah, shes bad at Pokemon lol
|c|☆Scizorlover3001|well
|c|☆Wholesomeviber|Yep
|c|☆Scizorlover3001|so am i
|
|t:|1779599525
|switch|p2a: The Goat|Scizor, M, shiny|100/100
|turn|9
|c|☆Scizorlover3001|Green scizor
|
|t:|1779599538
|-end|p1a: Scream Tail|Protosynthesis|[silent]
|switch|p1a: Ninetales|Ninetales, F|100/100
|-weather|SunnyDay|[from] ability: Drought|[of] p1a: Ninetales
|move|p2a: The Goat|Brick Break|p1a: Ninetales
|-damage|p1a: Ninetales|66/100
|
|-weather|SunnyDay|[upkeep]
|upkeep
|turn|10
|c|☆Scizorlover3001|mmm
|
|t:|1779599563
|switch|p1a: Scream Tail|Scream Tail|100/100
|-activate|p1a: Scream Tail|ability: Protosynthesis
|-start|p1a: Scream Tail|protosynthesisspe
|switch|p2a: Heatran|Heatran, M|100/100
|-item|p2a: Heatran|Air Balloon
|
|-weather|SunnyDay|[upkeep]
|upkeep
|turn|11
|c|☆Scizorlover3001|mmm
|c|☆Scizorlover3001|you are pretty good
|
|t:|1779599582
|-end|p1a: Scream Tail|Protosynthesis|[silent]
|switch|p1a: Sandy Shocks|Sandy Shocks|100/100
|-activate|p1a: Sandy Shocks|ability: Protosynthesis
|-start|p1a: Sandy Shocks|protosynthesisspa
|move|p2a: Heatran|Will-O-Wisp|p1a: Sandy Shocks
|-status|p1a: Sandy Shocks|brn
|
|-weather|SunnyDay|[upkeep]
|-damage|p1a: Sandy Shocks|94/100 brn|[from] brn
|upkeep
|turn|12
|c|☆Scizorlover3001|mmmmmmmmmm
|
|t:|1779599604
|move|p1a: Sandy Shocks|Thunderbolt|p2a: Heatran
|-damage|p2a: Heatran|54/100
|-enditem|p2a: Heatran|Air Balloon
|move|p2a: Heatran|Iron Defense|p2a: Heatran
|-boost|p2a: Heatran|def|2
|
|-weather|SunnyDay|[upkeep]
|-damage|p1a: Sandy Shocks|88/100 brn|[from] brn
|upkeep
|turn|13
|c|☆Scizorlover3001|eq probably kills doesnt it
|
|t:|1779599618
|move|p1a: Sandy Shocks|Earth Power|p2a: Heatran
|-supereffective|p2a: Heatran
|-damage|p2a: Heatran|0 fnt
|faint|p2a: Heatran
|
|-weather|SunnyDay|[upkeep]
|-damage|p1a: Sandy Shocks|82/100 brn|[from] brn
|upkeep
|c|☆Scizorlover3001|mmmmmmmmmmmmmmmmmmmmmmm
|
|t:|1779599629
|switch|p2a: Ceruledge|Ceruledge, M|100/100
|turn|14
|c|☆Scizorlover3001|not good
|c|☆Wholesomeviber|Special maxed plus sun giving a buff
|c|☆Wholesomeviber|hope thats sash
|c|☆Scizorlover3001|its not
|
|t:|1779599651
|move|p1a: Sandy Shocks|Earth Power|p2a: Ceruledge
|-supereffective|p2a: Ceruledge
|-damage|p2a: Ceruledge|0 fnt
|faint|p2a: Ceruledge
|
|-weather|SunnyDay|[upkeep]
|-damage|p1a: Sandy Shocks|76/100 brn|[from] brn
|upkeep
|c|☆Scizorlover3001|you have a very nice team
|c|☆Wholesomeviber|Thanks
|c|☆Wholesomeviber|I love weather teams
|c|☆Scizorlover3001|I think scizor would make it better though
|
|t:|1779599677
|switch|p2a: The Goat|Scizor, M, shiny|100/100
|turn|15
|c|☆Wholesomeviber|I can send you my scizor tram
|c|☆Wholesomeviber|Team
|c|☆Scizorlover3001|I'm good thank you though
|
|t:|1779599709
|move|p1a: Sandy Shocks|Earth Power|p2a: The Goat
|-damage|p2a: The Goat|23/100
|move|p2a: The Goat|U-turn|p1a: Sandy Shocks
|-damage|p1a: Sandy Shocks|34/100 brn
|
|-weather|SunnyDay|[upkeep]
|-damage|p1a: Sandy Shocks|28/100 brn|[from] brn
|upkeep
|turn|16
|c|☆Scizorlover3001|u turn
|c|☆Scizorlover3001|i didnt die
|c|☆Scizorlover3001|im actually shocked
|c|☆Wholesomeviber|Yea, neutral to ya
|
|t:|1779599734
|move|p1a: Sandy Shocks|Earth Power|p2a: The Goat
|-damage|p2a: The Goat|0 fnt
|faint|p2a: The Goat
|
|win|Wholesomeviber
|raw|Wholesomeviber's rating: 1034 &rarr; <strong>1065</strong><br />(+31 for winning)
|raw|Scizorlover3001's rating: 1000 &rarr; <strong>1000</strong><br />(+0 for losing)
|c|☆Scizorlover3001|oh
