|j|☆Heeya1234
|j|☆YoSoyDelBronx
|t:|1779654318
|gametype|singles
|player|p1|Heeya1234|lucas|1246
|player|p2|YoSoyDelBronx|noland|1271
|gen|9
|tier|[Gen 9] OU
|rated|
|rule|HP Percentage Mod: HP is shown in percentages
|rule|Endless Battle Clause: Forcing endless battles is banned
|rule|Species Clause: Limit one of each Pokémon
|rule|OHKO Clause: OHKO moves are banned
|rule|Evasion Items Clause: Evasion items are banned
|rule|Evasion Moves Clause: Evasion moves are banned
|rule|Evasion Abilities Clause: Evasion abilities are banned
|rule|Sleep Moves Clause: Sleep-inducing moves are banned
|clearpoke
|poke|p1|Tyranitar, F|
|poke|p1|Excadrill, M|
|poke|p1|Ogerpon-Cornerstone, F|
|poke|p1|Dragapult, M|
|poke|p1|Moltres|
|poke|p1|Corviknight, M|
|poke|p2|Ninetales, F|
|poke|p2|Venusaur, M|
|poke|p2|Walking Wake|
|poke|p2|Blaziken, M|
|poke|p2|Great Tusk|
|poke|p2|Zarude-Dada|
|teampreview
|
|t:|1779654329
|teamsize|p1|6
|teamsize|p2|6
|start
|switch|p1a: Tyranitar|Tyranitar, F|100/100
|switch|p2a: Zarude|Zarude-Dada|100/100
|-weather|Sandstorm|[from] ability: Sand Stream|[of] p1a: Tyranitar
|turn|1
|
|t:|1779654339
|switch|p1a: Moltres|Moltres|100/100
|move|p2a: Zarude|Swords Dance|p2a: Zarude
|-boost|p2a: Zarude|atk|2
|
|-weather|Sandstorm|[upkeep]
|-damage|p2a: Zarude|95/100|[from] Sandstorm
|-damage|p1a: Moltres|94/100|[from] Sandstorm
|-heal|p2a: Zarude|100/100|[from] item: Leftovers
|upkeep
|turn|2
|
|t:|1779654348
|move|p2a: Zarude|Knock Off|p1a: Moltres
|-damage|p1a: Moltres|32/100
|-enditem|p1a: Moltres|Heavy-Duty Boots|[from] move: Knock Off|[of] p2a: Zarude
|move|p1a: Moltres|Roar|p2a: Zarude
|drag|p2a: Sapopeta|Venusaur, M|100/100
|
|-weather|Sandstorm|[upkeep]
|-damage|p2a: Sapopeta|95/100|[from] Sandstorm
|-damage|p1a: Moltres|26/100|[from] Sandstorm
|upkeep
|turn|3
|
|t:|1779654358
|move|p2a: Sapopeta|Weather Ball|p1a: Moltres
|-supereffective|p1a: Moltres
|-damage|p1a: Moltres|0 fnt
|faint|p1a: Moltres
|-damage|p2a: Sapopeta|85/100|[from] item: Life Orb
|
|-weather|Sandstorm|[upkeep]
|-damage|p2a: Sapopeta|79/100|[from] Sandstorm
|upkeep
|
|t:|1779654367
|switch|p1a: Dragapult|Dragapult, M|100/100
|turn|4
|
|t:|1779654379
|switch|p2a: SimaSoyYo|Ninetales, F|100/100
|-weather|SunnyDay|[from] ability: Drought|[of] p2a: SimaSoyYo
|move|p1a: Dragapult|U-turn|p2a: SimaSoyYo
|-resisted|p2a: SimaSoyYo
|-damage|p2a: SimaSoyYo|91/100
|
|t:|1779654385
|switch|p1a: Tyranitar|Tyranitar, F|100/100|[from] U-turn
|-weather|Sandstorm|[from] ability: Sand Stream|[of] p1a: Tyranitar
|
|-weather|Sandstorm|[upkeep]
|-damage|p2a: SimaSoyYo|85/100|[from] Sandstorm
|upkeep
|turn|5
|
|t:|1779654393
|move|p2a: SimaSoyYo|Will-O-Wisp|p1a: Tyranitar|[miss]
|-miss|p2a: SimaSoyYo|p1a: Tyranitar
|move|p1a: Tyranitar|Stealth Rock|p2a: SimaSoyYo
|-sidestart|p2: YoSoyDelBronx|move: Stealth Rock
|
|-weather|Sandstorm|[upkeep]
|-damage|p2a: SimaSoyYo|79/100|[from] Sandstorm
|upkeep
|turn|6
|
|t:|1779654400
|move|p2a: SimaSoyYo|Encore|p1a: Tyranitar
|-start|p1a: Tyranitar|Encore
|move|p1a: Tyranitar|Stealth Rock||[still]
|-fail|p1a: Tyranitar
|
|-weather|Sandstorm|[upkeep]
|-damage|p2a: SimaSoyYo|73/100|[from] Sandstorm
|upkeep
|turn|7
|
|t:|1779654407
|move|p2a: SimaSoyYo|Will-O-Wisp|p1a: Tyranitar
|-status|p1a: Tyranitar|brn
|move|p1a: Tyranitar|Stealth Rock||[still]
|-fail|p1a: Tyranitar
|
|-weather|Sandstorm|[upkeep]
|-damage|p2a: SimaSoyYo|67/100|[from] Sandstorm
|-damage|p1a: Tyranitar|94/100 brn|[from] brn
|upkeep
|turn|8
|
|t:|1779654415
|switch|p2a: Blaziken|Blaziken, M, shiny|100/100
|-damage|p2a: Blaziken|88/100|[from] Stealth Rock
|-item|p2a: Blaziken|Air Balloon
|move|p1a: Tyranitar|Stealth Rock||[still]
|-fail|p1a: Tyranitar
|
|-weather|Sandstorm|[upkeep]
|-damage|p2a: Blaziken|82/100|[from] Sandstorm
|-damage|p1a: Tyranitar|88/100 brn|[from] brn
|-end|p1a: Tyranitar|Encore
|upkeep
|turn|9
|
|t:|1779654427
|-terastallize|p1a: Tyranitar|Ghost
|move|p2a: Blaziken|Protect|p2a: Blaziken
|-singleturn|p2a: Blaziken|Protect
|move|p1a: Tyranitar|Knock Off|p2a: Blaziken
|-activate|p2a: Blaziken|move: Protect
|
|-weather|Sandstorm|[upkeep]
|-damage|p2a: Blaziken|76/100|[from] Sandstorm
|-damage|p1a: Tyranitar|82/100 brn|[from] Sandstorm
|-damage|p1a: Tyranitar|76/100 brn|[from] brn
|-ability|p2a: Blaziken|Speed Boost|boost
|-boost|p2a: Blaziken|spe|1
|upkeep
|turn|10
|
|t:|1779654438
|move|p2a: Blaziken|Swords Dance|p2a: Blaziken
|-boost|p2a: Blaziken|atk|2
|move|p1a: Tyranitar|Thunder Wave|p2a: Blaziken
|-status|p2a: Blaziken|par
|
|-weather|Sandstorm|[upkeep]
|-damage|p2a: Blaziken|70/100 par|[from] Sandstorm
|-damage|p1a: Tyranitar|70/100 brn|[from] Sandstorm
|-damage|p1a: Tyranitar|63/100 brn|[from] brn
|-ability|p2a: Blaziken|Speed Boost|boost
|-boost|p2a: Blaziken|spe|1
|upkeep
|turn|11
|
|t:|1779654448
|move|p2a: Blaziken|Swords Dance|p2a: Blaziken
|-boost|p2a: Blaziken|atk|2
|move|p1a: Tyranitar|Knock Off|p2a: Blaziken
|-resisted|p2a: Blaziken
|-damage|p2a: Blaziken|53/100 par
|-enditem|p2a: Blaziken|Air Balloon
|
|-weather|none
|-damage|p1a: Tyranitar|57/100 brn|[from] brn
|-ability|p2a: Blaziken|Speed Boost|boost
|-boost|p2a: Blaziken|spe|1
|upkeep
|turn|12
|
|t:|1779654461
|move|p2a: Blaziken|Flare Blitz|p1a: Tyranitar
|-damage|p1a: Tyranitar|0 fnt
|faint|p1a: Tyranitar
|-damage|p2a: Blaziken|28/100 par|[from] Recoil
|
|-ability|p2a: Blaziken|Speed Boost|boost
|-boost|p2a: Blaziken|spe|1
|upkeep
|
|t:|1779654476
|switch|p1a: Ogerpon|Ogerpon-Cornerstone, F|100/100
|turn|13
|
|t:|1779654482
|switch|p1a: Dragapult|Dragapult, M|100/100
|move|p2a: Blaziken|Close Combat|p1a: Dragapult
|-immune|p1a: Dragapult
|
|-ability|p2a: Blaziken|Speed Boost|boost
|-boost|p2a: Blaziken|spe|1
|upkeep
|turn|14
|
|t:|1779654492
|move|p2a: Blaziken|Flare Blitz|p1a: Dragapult
|-resisted|p1a: Dragapult
|-damage|p1a: Dragapult|0 fnt
|faint|p1a: Dragapult
|-damage|p2a: Blaziken|0 fnt|[from] Recoil
|faint|p2a: Blaziken
|
|upkeep
|
|t:|1779654506
|switch|p1a: Corviknight|Corviknight, M|100/100
|switch|p2a: Zarude|Zarude-Dada|100/100
|-damage|p2a: Zarude|88/100|[from] Stealth Rock
|-ability|p1a: Corviknight|Pressure
|turn|15
|
|t:|1779654514
|move|p2a: Zarude|Knock Off|p1a: Corviknight
|-damage|p1a: Corviknight|63/100
|-enditem|p1a: Corviknight|Leftovers|[from] move: Knock Off|[of] p2a: Zarude
|move|p1a: Corviknight|Brave Bird|p2a: Zarude
|-supereffective|p2a: Zarude
|-damage|p2a: Zarude|22/100
|-damage|p1a: Corviknight|44/100|[from] Recoil
|
|-heal|p2a: Zarude|28/100|[from] item: Leftovers
|upkeep
|turn|16
|
|t:|1779654525
|move|p2a: Zarude|Jungle Healing|p2a: Zarude
|-heal|p2a: Zarude|53/100
|move|p1a: Corviknight|Roost|p1a: Corviknight
|-heal|p1a: Corviknight|94/100
|-singleturn|p1a: Corviknight|move: Roost
|
|-heal|p2a: Zarude|59/100|[from] item: Leftovers
|upkeep
|turn|17
|
|t:|1779654535
|move|p2a: Zarude|Jungle Healing|p2a: Zarude
|-heal|p2a: Zarude|84/100
|move|p1a: Corviknight|U-turn|p2a: Zarude
|-supereffective|p2a: Zarude
|-damage|p2a: Zarude|34/100
|
|t:|1779654541
|switch|p1a: Excadrill|Excadrill, M|100/100|[from] U-turn
|
|-heal|p2a: Zarude|40/100|[from] item: Leftovers
|upkeep
|turn|18
|
|t:|1779654551
|move|p2a: Zarude|Power Whip|p1a: Excadrill
|-damage|p1a: Excadrill|17/100
|move|p1a: Excadrill|Iron Head|p2a: Zarude
|-damage|p2a: Zarude|0 fnt
|faint|p2a: Zarude
|-damage|p1a: Excadrill|7/100|[from] item: Life Orb
|
|upkeep
|
|t:|1779654556
|switch|p2a: SimaSoyYo|Ninetales, F|67/100
|-damage|p2a: SimaSoyYo|42/100|[from] Stealth Rock
|-weather|SunnyDay|[from] ability: Drought|[of] p2a: SimaSoyYo
|turn|19
|
|t:|1779654565
|move|p2a: SimaSoyYo|Healing Wish|p2a: SimaSoyYo
|faint|p2a: SimaSoyYo
|move|p1a: Excadrill|Earthquake|p2: SimaSoyYo|[notarget]
|-fail|p1a: Excadrill
|
|-weather|SunnyDay|[upkeep]
|upkeep
|
|t:|1779654567
|switch|p2a: Sapopeta|Venusaur, M|79/100
|-heal|p2a: Sapopeta|100/100|[from] move: Healing Wish
|-damage|p2a: Sapopeta|88/100|[from] Stealth Rock
|turn|20
|
|t:|1779654580
|move|p2a: Sapopeta|Weather Ball|p1a: Excadrill
|-supereffective|p1a: Excadrill
|-damage|p1a: Excadrill|0 fnt
|faint|p1a: Excadrill
|-damage|p2a: Sapopeta|78/100|[from] item: Life Orb
|
|-weather|SunnyDay|[upkeep]
|upkeep
|
|t:|1779654588
|switch|p1a: Ogerpon|Ogerpon-Cornerstone, F|100/100
|turn|21
|
|t:|1779654592
|move|p2a: Sapopeta|Giga Drain|p1a: Ogerpon
|-damage|p1a: Ogerpon|54/100
|-heal|p2a: Sapopeta|100/100|[from] drain|[of] p1a: Ogerpon
|-damage|p2a: Sapopeta|91/100|[from] item: Life Orb
|move|p1a: Ogerpon|Ivy Cudgel|p2a: Sapopeta|[anim] Ivy Cudgel Rock
|-damage|p2a: Sapopeta|15/100
|
|-weather|SunnyDay|[upkeep]
|upkeep
|turn|22
|
|t:|1779654602
|move|p2a: Sapopeta|Weather Ball|p1a: Ogerpon
|-damage|p1a: Ogerpon|0 fnt
|faint|p1a: Ogerpon
|-damage|p2a: Sapopeta|5/100|[from] item: Life Orb
|
|-weather|SunnyDay|[upkeep]
|upkeep
|
|t:|1779654607
|switch|p1a: Corviknight|Corviknight, M|94/100
|-ability|p1a: Corviknight|Pressure
|turn|23
|
|t:|1779654616
|-terastallize|p2a: Sapopeta|Fire
|move|p2a: Sapopeta|Weather Ball|p1a: Corviknight
|-supereffective|p1a: Corviknight
|-damage|p1a: Corviknight|0 fnt
|faint|p1a: Corviknight
|-damage|p2a: Sapopeta|0 fnt|[from] item: Life Orb
|faint|p2a: Sapopeta
|
|win|YoSoyDelBronx
|raw|Heeya1234's rating: 1246 &rarr; <strong>1223</strong><br />(-23 for losing)
|raw|YoSoyDelBronx's rating: 1271 &rarr; <strong>1294</strong><br />(+23 for winning)
|l|☆Heeya1234
|player|p1|
|c|☆YoSoyDelBronx|gg
