|j|☆hat_fm
|j|☆UltraAero
|t:|1779721765
|gametype|singles
|player|p1|hat_fm|pilot|1239
|player|p2|UltraAero|dawn-gen4pt|1200
|gen|9
|tier|[Gen 9] OU
|rated|
|rule|HP Percentage Mod: HP is shown in percentages
|rule|Endless Battle Clause: Forcing endless battles is banned
|rule|Species Clause: Limit one of each Pokémon
|rule|OHKO Clause: OHKO moves are banned
|rule|Evasion Items Clause: Evasion items are banned
|rule|Evasion Moves Clause: Evasion moves are banned
|rule|Evasion Abilities Clause: Evasion abilities are banned
|rule|Sleep Moves Clause: Sleep-inducing moves are banned
|clearpoke
|poke|p1|Zamazenta-*|
|poke|p1|Ceruledge, F|
|poke|p1|Scizor, F|
|poke|p1|Donphan, M|
|poke|p1|Lycanroc-Dusk, F|
|poke|p1|Florges, F|
|poke|p2|Cinderace, M|
|poke|p2|Vaporeon, M|
|poke|p2|Gliscor, F|
|poke|p2|Iron Valiant|
|poke|p2|Corviknight, M|
|poke|p2|Slowking-Galar, M|
|teampreview
|
|t:|1779721768
|teamsize|p1|6
|teamsize|p2|6
|start
|switch|p1a: Donphan|Donphan, M|100/100
|switch|p2a: Cinderace|Cinderace, M|100/100
|turn|1
|inactive|Battle timer is ON: inactive players will automatically lose when time's up. (requested by UltraAero)
|
|t:|1779721774
|move|p2a: Cinderace|U-turn|p1a: Donphan
|-start|p2a: Cinderace|typechange|Bug|[from] ability: Libero
|-damage|p1a: Donphan|83/100
|-damage|p2a: Cinderace|84/100|[from] item: Rocky Helmet|[of] p1a: Donphan
|
|t:|1779721779
|switch|p2a: Gliscor|Gliscor, F|100/100|[from] U-turn
|move|p1a: Donphan|Stealth Rock|p2a: Gliscor
|-sidestart|p2: UltraAero|move: Stealth Rock
|
|-status|p2a: Gliscor|tox|[from] item: Toxic Orb
|upkeep
|turn|2
|
|t:|1779721787
|switch|p1a: Scizor|Scizor, F|100/100
|move|p2a: Gliscor|Knock Off|p1a: Scizor
|-damage|p1a: Scizor|78/100
|-enditem|p1a: Scizor|Life Orb|[from] move: Knock Off|[of] p2a: Gliscor
|
|upkeep
|turn|3
|
|t:|1779721793
|move|p2a: Gliscor|Stealth Rock|p1a: Scizor
|-sidestart|p1: hat_fm|move: Stealth Rock
|move|p1a: Scizor|Swords Dance|p1a: Scizor
|-boost|p1a: Scizor|atk|2
|
|upkeep
|turn|4
|
|t:|1779721798
|move|p2a: Gliscor|Earthquake|p1a: Scizor
|-damage|p1a: Scizor|47/100
|move|p1a: Scizor|Swords Dance|p1a: Scizor
|-boost|p1a: Scizor|atk|2
|
|upkeep
|turn|5
|
|t:|1779721803
|move|p2a: Gliscor|Earthquake|p1a: Scizor
|-damage|p1a: Scizor|13/100
|move|p1a: Scizor|Knock Off|p2a: Gliscor
|-damage|p2a: Gliscor|31/100 tox
|-enditem|p2a: Gliscor|Toxic Orb|[from] move: Knock Off|[of] p1a: Scizor
|
|-heal|p2a: Gliscor|43/100 tox|[from] ability: Poison Heal
|upkeep
|turn|6
|
|t:|1779721813
|switch|p2a: Corviknight|Corviknight, M|100/100
|-damage|p2a: Corviknight|88/100|[from] Stealth Rock
|-ability|p2a: Corviknight|Pressure
|move|p1a: Scizor|Bullet Punch|p2a: Corviknight
|-resisted|p2a: Corviknight
|-damage|p2a: Corviknight|59/100
|-damage|p1a: Scizor|0 fnt|[from] item: Rocky Helmet|[of] p2a: Corviknight
|faint|p1a: Scizor
|
|upkeep
|
|t:|1779721817
|switch|p1a: Donphan|Donphan, M|83/100
|-damage|p1a: Donphan|77/100|[from] Stealth Rock
|turn|7
|
|t:|1779721825
|move|p2a: Corviknight|Defog|p1a: Donphan
|-unboost|p1a: Donphan|evasion|1
|-sideend|p1: hat_fm|Stealth Rock|[from] move: Defog|[of] p2a: Corviknight
|-sideend|p2: UltraAero|Stealth Rock|[from] move: Defog|[of] p2a: Corviknight
|move|p1a: Donphan|Rapid Spin|p2a: Corviknight
|-resisted|p2a: Corviknight
|-damage|p2a: Corviknight|55/100
|-boost|p1a: Donphan|spe|1
|-damage|p1a: Donphan|60/100|[from] item: Rocky Helmet|[of] p2a: Corviknight
|
|upkeep
|turn|8
|
|t:|1779721834
|move|p1a: Donphan|Stealth Rock|p2a: Corviknight
|-sidestart|p2: UltraAero|move: Stealth Rock
|move|p2a: Corviknight|Roost|p2a: Corviknight
|-heal|p2a: Corviknight|100/100
|-singleturn|p2a: Corviknight|move: Roost
|
|upkeep
|turn|9
|
|t:|1779721839
|switch|p1a: Ceruledge|Ceruledge, F|100/100
|move|p2a: Corviknight|Defog|p1a: Ceruledge
|-unboost|p1a: Ceruledge|evasion|1
|-sideend|p2: UltraAero|Stealth Rock|[from] move: Defog|[of] p2a: Corviknight
|
|upkeep
|turn|10
|
|t:|1779721845
|switch|p2a: Slowking|Slowking-Galar, M|100/100
|move|p1a: Ceruledge|Swords Dance|p1a: Ceruledge
|-boost|p1a: Ceruledge|atk|2
|
|upkeep
|turn|11
|
|t:|1779721856
|-terastallize|p2a: Slowking|Poison
|move|p1a: Ceruledge|Poltergeist|p2a: Slowking|[miss]
|-miss|p1a: Ceruledge|p2a: Slowking
|move|p2a: Slowking|Sludge Bomb|p1a: Ceruledge
|-resisted|p1a: Ceruledge
|-damage|p1a: Ceruledge|72/100
|-status|p1a: Ceruledge|psn
|
|-damage|p1a: Ceruledge|60/100 psn|[from] psn
|upkeep
|turn|12
|
|t:|1779721867
|move|p1a: Ceruledge|Bitter Blade|p2a: Slowking
|-damage|p2a: Slowking|0 fnt
|-heal|p1a: Ceruledge|100/100 psn|[from] drain|[of] p2a: Slowking
|faint|p2a: Slowking
|
|-damage|p1a: Ceruledge|88/100 psn|[from] psn
|upkeep
|
|t:|1779721875
|switch|p2a: Cinderace|Cinderace, M|84/100
|turn|13
|
|t:|1779721878
|move|p2a: Cinderace|Sucker Punch|p1a: Ceruledge
|-start|p2a: Cinderace|typechange|Dark|[from] ability: Libero
|-supereffective|p1a: Ceruledge
|-damage|p1a: Ceruledge|0 fnt
|faint|p1a: Ceruledge
|
|upkeep
|
|t:|1779721894
|switch|p1a: Florges|Florges, F|100/100
|turn|14
|
|t:|1779721896
|move|p2a: Cinderace|U-turn|p1a: Florges
|-resisted|p1a: Florges
|-damage|p1a: Florges|87/100
|
|t:|1779721900
|switch|p2a: Gliscor|Gliscor, F|43/100 tox|[from] U-turn
|move|p1a: Florges|Moonblast|p2a: Gliscor
|-damage|p2a: Gliscor|0 fnt
|faint|p2a: Gliscor
|
|-heal|p1a: Florges|93/100|[from] item: Leftovers
|upkeep
|
|t:|1779721907
|switch|p2a: Cinderace|Cinderace, M|84/100
|turn|15
|
|t:|1779721914
|switch|p1a: Lycanroc|Lycanroc-Dusk, F|100/100
|move|p2a: Cinderace|Iron Head|p1a: Lycanroc
|-start|p2a: Cinderace|typechange|Steel|[from] ability: Libero
|-supereffective|p1a: Lycanroc
|-damage|p1a: Lycanroc|0 fnt
|faint|p1a: Lycanroc
|
|upkeep
|
|t:|1779721922
|switch|p1a: Donphan|Donphan, M|60/100
|turn|16
|
|t:|1779721925
|switch|p2a: Corviknight|Corviknight, M|100/100
|-ability|p2a: Corviknight|Pressure
|move|p1a: Donphan|Stealth Rock|p2a: Corviknight
|-sidestart|p2: UltraAero|move: Stealth Rock
|
|upkeep
|turn|17
|
|t:|1779721931
|move|p2a: Corviknight|Defog|p1a: Donphan
|-unboost|p1a: Donphan|evasion|1
|-sideend|p2: UltraAero|Stealth Rock|[from] move: Defog|[of] p2a: Corviknight
|move|p1a: Donphan|Knock Off|p2a: Corviknight
|-damage|p2a: Corviknight|84/100
|-damage|p1a: Donphan|43/100|[from] item: Rocky Helmet|[of] p2a: Corviknight
|-enditem|p2a: Corviknight|Rocky Helmet|[from] move: Knock Off|[of] p1a: Donphan
|
|upkeep
|turn|18
|
|t:|1779721939
|move|p2a: Corviknight|Reflect|p2a: Corviknight
|-sidestart|p2: UltraAero|Reflect
|move|p1a: Donphan|Stealth Rock|p2a: Corviknight
|-sidestart|p2: UltraAero|move: Stealth Rock
|
|upkeep
|turn|19
|
|t:|1779721945
|switch|p1a: Zamazenta|Zamazenta|100/100
|-ability|p1a: Zamazenta|Dauntless Shield|boost
|-boost|p1a: Zamazenta|def|1
|move|p2a: Corviknight|Defog|p1a: Zamazenta
|-unboost|p1a: Zamazenta|evasion|1
|-sideend|p2: UltraAero|Stealth Rock|[from] move: Defog|[of] p2a: Corviknight
|
|upkeep
|turn|20
|
|t:|1779721953
|switch|p2a: Iron Valiant|Iron Valiant|100/100
|-enditem|p2a: Iron Valiant|Booster Energy
|-activate|p2a: Iron Valiant|ability: Quark Drive|[fromitem]
|-start|p2a: Iron Valiant|quarkdrivespe
|move|p1a: Zamazenta|Roar|p2a: Iron Valiant
|-end|p2a: Iron Valiant|Quark Drive|[silent]
|drag|p2a: Vaporeon|Vaporeon, M|100/100
|
|upkeep
|turn|21
|
|t:|1779721962
|move|p1a: Zamazenta|Iron Defense|p1a: Zamazenta
|-boost|p1a: Zamazenta|def|2
|move|p2a: Vaporeon|Acid Armor|p2a: Vaporeon
|-boost|p2a: Vaporeon|def|2
|
|upkeep
|turn|22
|
|t:|1779721970
|move|p2a: Vaporeon|Scald|p1a: Zamazenta
|-damage|p1a: Zamazenta|64/100
|move|p1a: Zamazenta|Roar|p2a: Vaporeon
|drag|p2a: Cinderace|Cinderace, M|84/100
|
|-heal|p1a: Zamazenta|70/100|[from] item: Leftovers
|-sideend|p2: UltraAero|Reflect
|upkeep
|turn|23
|
|t:|1779721978
|move|p1a: Zamazenta|Body Press|p2a: Cinderace
|-damage|p2a: Cinderace|0 fnt
|faint|p2a: Cinderace
|
|-heal|p1a: Zamazenta|76/100|[from] item: Leftovers
|upkeep
|
|t:|1779721983
|switch|p2a: Iron Valiant|Iron Valiant|100/100
|turn|24
|
|t:|1779721988
|move|p1a: Zamazenta|Body Press|p2a: Iron Valiant
|-resisted|p2a: Iron Valiant
|-damage|p2a: Iron Valiant|41/100
|move|p2a: Iron Valiant|Moonblast|p1a: Zamazenta
|-supereffective|p1a: Zamazenta
|-damage|p1a: Zamazenta|0 fnt
|faint|p1a: Zamazenta
|
|upkeep
|
|t:|1779721994
|switch|p1a: Florges|Florges, F|93/100
|turn|25
|
|t:|1779722002
|-end|p2a: Iron Valiant|Quark Drive|[silent]
|switch|p2a: Corviknight|Corviknight, M|84/100
|-ability|p2a: Corviknight|Pressure
|move|p1a: Florges|Calm Mind|p1a: Florges
|-boost|p1a: Florges|spa|1
|-boost|p1a: Florges|spd|1
|
|-heal|p1a: Florges|99/100|[from] item: Leftovers
|upkeep
|turn|26
|
|t:|1779722010
|move|p1a: Florges|Calm Mind|p1a: Florges
|-boost|p1a: Florges|spa|1
|-boost|p1a: Florges|spd|1
|move|p2a: Corviknight|Iron Head|p1a: Florges
|-supereffective|p1a: Florges
|-damage|p1a: Florges|40/100
|
|-heal|p1a: Florges|46/100|[from] item: Leftovers
|upkeep
|turn|27
|
|t:|1779722017
|-terastallize|p1a: Florges|Grass
|move|p1a: Florges|Giga Drain|p2a: Corviknight
|-resisted|p2a: Corviknight
|-damage|p2a: Corviknight|65/100
|-heal|p1a: Florges|58/100|[from] drain|[of] p2a: Corviknight
|move|p2a: Corviknight|Iron Head|p1a: Florges
|-damage|p1a: Florges|24/100
|
|-heal|p1a: Florges|30/100|[from] item: Leftovers
|upkeep
|turn|28
|
|t:|1779722034
|move|p1a: Florges|Giga Drain|p2a: Corviknight
|-resisted|p2a: Corviknight
|-damage|p2a: Corviknight|48/100
|-heal|p1a: Florges|41/100|[from] drain|[of] p2a: Corviknight
|move|p2a: Corviknight|Iron Head|p1a: Florges
|-damage|p1a: Florges|11/100
|
|-heal|p1a: Florges|17/100|[from] item: Leftovers
|upkeep
|turn|29
|
|t:|1779722058
|move|p1a: Florges|Moonblast|p2a: Corviknight
|-resisted|p2a: Corviknight
|-damage|p2a: Corviknight|1/100
|move|p2a: Corviknight|Iron Head|p1a: Florges
|-damage|p1a: Florges|0 fnt
|faint|p1a: Florges
|
|upkeep
|inactive|hat_fm has 120 seconds left.
|
|t:|1779722073
|switch|p1a: Donphan|Donphan, M|43/100
|turn|30
|
|t:|1779722076
|move|p2a: Corviknight|Roost|p2a: Corviknight
|-heal|p2a: Corviknight|51/100
|-singleturn|p2a: Corviknight|move: Roost
|move|p1a: Donphan|Earthquake|p2a: Corviknight
|-supereffective|p2a: Corviknight
|-damage|p2a: Corviknight|0 fnt
|faint|p2a: Corviknight
|
|upkeep
|
|t:|1779722083
|switch|p2a: Vaporeon|Vaporeon, M|100/100
|turn|31
|
|t:|1779722086
|move|p2a: Vaporeon|Scald|p1a: Donphan
|-supereffective|p1a: Donphan
|-damage|p1a: Donphan|0 fnt
|faint|p1a: Donphan
|
|win|UltraAero
|raw|hat_fm's rating: 1239 &rarr; <strong>1211</strong><br />(-28 for losing)
|raw|UltraAero's rating: 1200 &rarr; <strong>1228</strong><br />(+28 for winning)
|l|☆hat_fm
|player|p1|
