|j|☆Fear covraa
|j|☆ChessDennis
|t:|1779634709
|gametype|singles
|player|p1|Fear covraa|waiter-gen4|1287
|player|p2|ChessDennis|1|1245
|gen|9
|tier|[Gen 9] OU
|rated|
|rule|HP Percentage Mod: HP is shown in percentages
|rule|Endless Battle Clause: Forcing endless battles is banned
|rule|Species Clause: Limit one of each Pokémon
|rule|OHKO Clause: OHKO moves are banned
|rule|Evasion Items Clause: Evasion items are banned
|rule|Evasion Moves Clause: Evasion moves are banned
|rule|Evasion Abilities Clause: Evasion abilities are banned
|rule|Sleep Moves Clause: Sleep-inducing moves are banned
|clearpoke
|poke|p1|Ceruledge, F|
|poke|p1|Thundurus, M|
|poke|p1|Polteageist-Antique|
|poke|p1|Glimmora, F|
|poke|p1|Darkrai|
|poke|p1|Zamazenta-*|
|poke|p2|Frosmoth, M|
|poke|p2|Venomoth, F|
|poke|p2|Ribombee, M|
|poke|p2|Lokix, F|
|poke|p2|Deoxys-Speed|
|poke|p2|Corviknight, F|
|teampreview
|inactive|Battle timer is ON: inactive players will automatically lose when time's up. (requested by Fear covraa)
|
|t:|1779634730
|teamsize|p1|6
|teamsize|p2|6
|start
|switch|p1a: Glimmora|Glimmora, F|100/100
|switch|p2a: Deoxys|Deoxys-Speed|100/100
|-ability|p2a: Deoxys|Pressure
|turn|1
|
|t:|1779634734
|move|p2a: Deoxys|Taunt|p1a: Glimmora
|-start|p1a: Glimmora|move: Taunt
|cant|p1a: Glimmora|move: Taunt|Stealth Rock
|
|upkeep
|turn|2
|
|t:|1779634737
|move|p2a: Deoxys|Stealth Rock|p1a: Glimmora
|-sidestart|p1: Fear covraa|move: Stealth Rock
|move|p1a: Glimmora|Mortal Spin|p2a: Deoxys
|-damage|p2a: Deoxys|90/100
|-status|p2a: Deoxys|psn
|-sideend|p1: Fear covraa|Stealth Rock|[from] move: Mortal Spin|[of] p1a: Glimmora
|
|-damage|p2a: Deoxys|78/100 psn|[from] psn
|upkeep
|turn|3
|
|t:|1779634741
|switch|p1a: Thundurus|Thundurus, M|100/100
|move|p2a: Deoxys|Ice Beam|p1a: Thundurus
|-supereffective|p1a: Thundurus
|-damage|p1a: Thundurus|34/100
|
|-damage|p2a: Deoxys|65/100 psn|[from] psn
|upkeep
|turn|4
|
|t:|1779634747
|move|p2a: Deoxys|Ice Beam|p1a: Thundurus
|-supereffective|p1a: Thundurus
|-damage|p1a: Thundurus|0 fnt
|faint|p1a: Thundurus
|
|-damage|p2a: Deoxys|53/100 psn|[from] psn
|upkeep
|
|t:|1779634776
|switch|p1a: Glimmora|Glimmora, F|100/100
|turn|5
|
|t:|1779634778
|move|p2a: Deoxys|Taunt|p1a: Glimmora
|-start|p1a: Glimmora|move: Taunt
|move|p1a: Glimmora|Earth Power|p2a: Deoxys
|-crit|p2a: Deoxys
|-damage|p2a: Deoxys|0 fnt
|faint|p2a: Deoxys
|
|upkeep
|inactive|ChessDennis has 120 seconds left.
|
|t:|1779634808
|switch|p2a: Corviknight|Corviknight, F|100/100
|-ability|p2a: Corviknight|Pressure
|turn|6
|
|t:|1779634814
|switch|p1a: Ceruledge|Ceruledge, F|100/100
|move|p2a: Corviknight|Bulk Up|p2a: Corviknight
|-boost|p2a: Corviknight|atk|1
|-boost|p2a: Corviknight|def|1
|
|upkeep
|turn|7
|
|t:|1779634821
|move|p1a: Ceruledge|Swords Dance|p1a: Ceruledge
|-boost|p1a: Ceruledge|atk|2
|move|p2a: Corviknight|Agility|p2a: Corviknight
|-boost|p2a: Corviknight|spe|2
|
|upkeep
|turn|8
|
|t:|1779634825
|move|p2a: Corviknight|Bulk Up|p2a: Corviknight
|-boost|p2a: Corviknight|atk|1
|-boost|p2a: Corviknight|def|1
|move|p1a: Ceruledge|Bitter Blade|p2a: Corviknight
|-supereffective|p2a: Corviknight
|-damage|p2a: Corviknight|22/100
|-enditem|p2a: Corviknight|Weakness Policy
|-boost|p2a: Corviknight|atk|2|[from] item: Weakness Policy
|-boost|p2a: Corviknight|spa|2|[from] item: Weakness Policy
|
|upkeep
|turn|9
|
|t:|1779634830
|move|p2a: Corviknight|Power Trip|p1a: Ceruledge
|-supereffective|p1a: Ceruledge
|-enditem|p1a: Ceruledge|Focus Sash
|-damage|p1a: Ceruledge|1/100
|-ability|p1a: Ceruledge|Weak Armor|boost
|-unboost|p1a: Ceruledge|def|1
|-boost|p1a: Ceruledge|spe|2
|move|p1a: Ceruledge|Bitter Blade|p2a: Corviknight
|-supereffective|p2a: Corviknight
|-crit|p2a: Corviknight
|-damage|p2a: Corviknight|0 fnt
|-heal|p1a: Ceruledge|15/100|[from] drain|[of] p2a: Corviknight
|faint|p2a: Corviknight
|
|upkeep
|
|t:|1779634834
|switch|p2a: Lokix|Lokix, F|100/100
|turn|10
|c|☆Fear covraa|Lmao
|
|t:|1779634839
|switch|p1a: Glimmora|Glimmora, F|100/100
|move|p2a: Lokix|First Impression|p1a: Glimmora
|-resisted|p1a: Glimmora
|-damage|p1a: Glimmora|40/100
|-activate|p1a: Glimmora|ability: Toxic Debris
|-sidestart|p2: ChessDennis|move: Toxic Spikes
|
|upkeep
|turn|11
|
|t:|1779634845
|switch|p2a: Venomoth|Venomoth, F|100/100
|-sideend|p2: ChessDennis|move: Toxic Spikes|[of] p2a: Venomoth
|move|p1a: Glimmora|Stealth Rock|p2a: Venomoth
|-sidestart|p2: ChessDennis|move: Stealth Rock
|
|upkeep
|turn|12
|
|t:|1779634850
|move|p1a: Glimmora|Memento|p2a: Venomoth
|-unboost|p2a: Venomoth|atk|2
|-unboost|p2a: Venomoth|spa|2
|faint|p1a: Glimmora
|move|p2a: Venomoth|Quiver Dance|p2a: Venomoth
|-boost|p2a: Venomoth|spa|1
|-boost|p2a: Venomoth|spd|1
|-boost|p2a: Venomoth|spe|1
|
|upkeep
|
|t:|1779634858
|switch|p1a: Tea|Polteageist-Antique|100/100
|turn|13
|
|t:|1779634861
|move|p2a: Venomoth|Quiver Dance|p2a: Venomoth
|-boost|p2a: Venomoth|spa|1
|-boost|p2a: Venomoth|spd|1
|-boost|p2a: Venomoth|spe|1
|move|p1a: Tea|Shell Smash|p1a: Tea
|-unboost|p1a: Tea|def|1
|-unboost|p1a: Tea|spd|1
|-boost|p1a: Tea|atk|2
|-boost|p1a: Tea|spa|2
|-boost|p1a: Tea|spe|2
|
|upkeep
|turn|14
|
|t:|1779634867
|move|p2a: Venomoth|Quiver Dance|p2a: Venomoth
|-boost|p2a: Venomoth|spa|1
|-boost|p2a: Venomoth|spd|1
|-boost|p2a: Venomoth|spe|1
|move|p1a: Tea|Stored Power|p2a: Venomoth
|-supereffective|p2a: Venomoth
|-damage|p2a: Venomoth|0 fnt
|faint|p2a: Venomoth
|
|upkeep
|
|t:|1779634869
|switch|p2a: Lokix|Lokix, F|100/100
|-damage|p2a: Lokix|76/100|[from] Stealth Rock
|turn|15
|
|t:|1779634874
|move|p2a: Lokix|First Impression|p1a: Tea
|-resisted|p1a: Tea
|-enditem|p1a: Tea|Focus Sash
|-damage|p1a: Tea|1/100
|-ability|p1a: Tea|Weak Armor|boost
|-unboost|p1a: Tea|def|1
|-boost|p1a: Tea|spe|2
|move|p1a: Tea|Strength Sap|p2a: Lokix
|-unboost|p2a: Lokix|atk|1
|-heal|p1a: Tea|100/100
|
|upkeep
|turn|16
|
|t:|1779634881
|switch|p2a: Frosmoth|Frosmoth, M|100/100
|move|p1a: Tea|Shadow Ball|p2a: Frosmoth
|-crit|p2a: Frosmoth
|-damage|p2a: Frosmoth|6/100
|-unboost|p2a: Frosmoth|spd|1
|
|upkeep
|turn|17
|
|t:|1779634884
|move|p1a: Tea|Shadow Ball|p2a: Frosmoth
|-damage|p2a: Frosmoth|0 fnt
|faint|p2a: Frosmoth
|
|upkeep
|
|t:|1779634890
|switch|p2a: Lokix|Lokix, F|76/100
|-damage|p2a: Lokix|51/100|[from] Stealth Rock
|turn|18
|
|t:|1779634895
|move|p2a: Lokix|First Impression|p1a: Tea
|-resisted|p1a: Tea
|-damage|p1a: Tea|0 fnt
|faint|p1a: Tea
|
|upkeep
|
|t:|1779634899
|switch|p1a: Darkrai|Darkrai|100/100
|turn|19
|
|t:|1779634903
|-terastallize|p1a: Darkrai|Poison
|move|p2a: Lokix|First Impression||[still]
|-hint|First Impression only works on your first turn out.
|-fail|p2a: Lokix
|move|p1a: Darkrai|Sludge Bomb|p2a: Lokix
|-damage|p2a: Lokix|0 fnt
|faint|p2a: Lokix
|
|upkeep
|
|t:|1779634905
|switch|p2a: Ribombee|Ribombee, M|100/100
|-damage|p2a: Ribombee|76/100|[from] Stealth Rock
|turn|20
|
|t:|1779634908
|move|p1a: Darkrai|Sludge Bomb|p2a: Ribombee
|-supereffective|p2a: Ribombee
|-damage|p2a: Ribombee|0 fnt
|faint|p2a: Ribombee
|
|win|Fear covraa
|raw|Fear covraa's rating: 1287 &rarr; <strong>1309</strong><br />(+22 for winning)
|raw|ChessDennis's rating: 1245 &rarr; <strong>1223</strong><br />(-22 for losing)
|l|☆ChessDennis
|player|p2|
|l|☆Fear covraa
|player|p1|
