|j|☆Pedroelentrenador
|j|☆saint246
|t:|1779703228
|gametype|singles
|player|p1|Pedroelentrenador|n|1140
|player|p2|saint246|266|1079
|gen|9
|tier|[Gen 9] OU
|rated|
|rule|HP Percentage Mod: HP is shown in percentages
|rule|Endless Battle Clause: Forcing endless battles is banned
|rule|Species Clause: Limit one of each Pokémon
|rule|OHKO Clause: OHKO moves are banned
|rule|Evasion Items Clause: Evasion items are banned
|rule|Evasion Moves Clause: Evasion moves are banned
|rule|Evasion Abilities Clause: Evasion abilities are banned
|rule|Sleep Moves Clause: Sleep-inducing moves are banned
|clearpoke
|poke|p1|Hatterene, F|
|poke|p1|Slowbro, M|
|poke|p1|Ursaluna, F|
|poke|p1|Kingambit, F|
|poke|p1|Vikavolt, F|
|poke|p1|Toxapex, F|
|poke|p2|Iron Treads|
|poke|p2|Grimmsnarl, M|
|poke|p2|Haxorus, M|
|poke|p2|Zoroark-Hisui, F|
|poke|p2|Galvantula, M|
|poke|p2|Iron Valiant|
|teampreview
|inactive|Battle timer is ON: inactive players will automatically lose when time's up. (requested by Pedroelentrenador)
|
|t:|1779703239
|teamsize|p1|6
|teamsize|p2|6
|start
|switch|p1a: Slowbro|Slowbro, M|100/100
|switch|p2a: Iron Valiant|Iron Valiant|100/100
|-enditem|p2a: Iron Valiant|Booster Energy
|-activate|p2a: Iron Valiant|ability: Quark Drive|[fromitem]
|-start|p2a: Iron Valiant|quarkdrivespe
|turn|1
|
|t:|1779703249
|-terastallize|p2a: Iron Valiant|Electric
|move|p2a: Iron Valiant|Thunderbolt|p1a: Slowbro
|-supereffective|p1a: Slowbro
|-damage|p1a: Slowbro|14/100
|move|p1a: Slowbro|Psychic Noise|p2a: Iron Valiant
|-damage|p2a: Iron Valiant|37/100
|-start|p2a: Iron Valiant|move: Heal Block
|
|-heal|p1a: Slowbro|20/100|[from] item: Leftovers
|upkeep
|turn|2
|
|t:|1779703262
|switch|p1a: Ursaluna|Ursaluna, F|100/100
|move|p2a: Iron Valiant|Moonblast|p1a: Ursaluna
|-damage|p1a: Ursaluna|57/100
|-unboost|p1a: Ursaluna|spa|1
|
|-end|p2a: Iron Valiant|move: Heal Block
|-status|p1a: Ursaluna|brn|[from] item: Flame Orb
|upkeep
|turn|3
|
|t:|1779703276
|switch|p1a: Kingambit|Kingambit, F|100/100
|move|p2a: Iron Valiant|Close Combat|p1a: Kingambit
|-supereffective|p1a: Kingambit
|-damage|p1a: Kingambit|0 fnt
|-unboost|p2a: Iron Valiant|def|1
|-unboost|p2a: Iron Valiant|spd|1
|faint|p1a: Kingambit
|-end|p1a: Kingambit|fallenundefined|[silent]
|
|upkeep
|
|t:|1779703293
|switch|p1a: Toxapex|Toxapex, F|100/100
|turn|4
|
|t:|1779703298
|move|p2a: Iron Valiant|Thunderbolt|p1a: Toxapex
|-supereffective|p1a: Toxapex
|-damage|p1a: Toxapex|31/100
|move|p1a: Toxapex|Toxic|p2a: Iron Valiant
|-status|p2a: Iron Valiant|tox
|
|-heal|p1a: Toxapex|38/100|[from] item: Black Sludge
|-damage|p2a: Iron Valiant|31/100 tox|[from] psn
|upkeep
|turn|5
|
|t:|1779703308
|move|p1a: Toxapex|Baneful Bunker|p1a: Toxapex
|-singleturn|p1a: Toxapex|move: Protect
|move|p2a: Iron Valiant|Moonblast|p1a: Toxapex
|-activate|p1a: Toxapex|move: Protect
|
|-heal|p1a: Toxapex|44/100|[from] item: Black Sludge
|-damage|p2a: Iron Valiant|18/100 tox|[from] psn
|upkeep
|turn|6
|
|t:|1779703320
|switch|p1a: Hatterene|Hatterene, F|100/100
|move|p2a: Iron Valiant|Thunderbolt|p1a: Hatterene
|-damage|p1a: Hatterene|57/100
|
|-damage|p2a: Iron Valiant|0 fnt|[from] psn
|faint|p2a: Iron Valiant
|-end|p2a: Iron Valiant|Quark Drive|[silent]
|upkeep
|
|t:|1779703327
|switch|p2a: Galvantula|Galvantula, M|100/100
|turn|7
|
|t:|1779703332
|move|p2a: Galvantula|Bitter Malice|p1a: Hatterene
|-supereffective|p1a: Hatterene
|-damage|p1a: Hatterene|0 fnt
|faint|p1a: Hatterene
|
|upkeep
|
|t:|1779703340
|switch|p1a: Ursaluna|Ursaluna, F|57/100 brn
|turn|8
|
|t:|1779703347
|move|p2a: Galvantula|Grass Knot|p1a: Ursaluna
|-supereffective|p1a: Ursaluna
|-damage|p1a: Ursaluna|0 fnt
|faint|p1a: Ursaluna
|
|upkeep
|
|t:|1779703355
|switch|p1a: Vikavolt|Vikavolt, F|100/100
|turn|9
|inactive|saint246 has 120 seconds left.
|
|t:|1779703403
|move|p2a: Galvantula|Flamethrower|p1a: Vikavolt
|-supereffective|p1a: Vikavolt
|-damage|p1a: Vikavolt|23/100
|-status|p1a: Vikavolt|brn
|move|p1a: Vikavolt|Bug Buzz|p2a: Galvantula
|-resisted|p2a: Galvantula
|-crit|p2a: Galvantula
|-enditem|p2a: Galvantula|Focus Sash
|-damage|p2a: Galvantula|1/100
|replace|p2a: Zoroark|Zoroark-Hisui, F
|-end|p2a: Zoroark|Illusion
|
|-damage|p1a: Vikavolt|17/100 brn|[from] brn
|upkeep
|turn|10
|inactive|Pedroelentrenador has 120 seconds left.
|
|t:|1779703437
|switch|p2a: Iron Treads|Iron Treads|100/100
|-enditem|p2a: Iron Treads|Booster Energy
|-activate|p2a: Iron Treads|ability: Quark Drive|[fromitem]
|-start|p2a: Iron Treads|quarkdrivespe
|move|p1a: Vikavolt|Bug Buzz|p2a: Iron Treads
|-resisted|p2a: Iron Treads
|-damage|p2a: Iron Treads|45/100
|
|-damage|p1a: Vikavolt|11/100 brn|[from] brn
|upkeep
|turn|11
|inactive|Pedroelentrenador has 120 seconds left.
|
|t:|1779703457
|move|p2a: Iron Treads|Rapid Spin|p1a: Vikavolt
|-damage|p1a: Vikavolt|0 fnt
|-boost|p2a: Iron Treads|spe|1
|faint|p1a: Vikavolt
|
|upkeep
|inactive|Pedroelentrenador has 120 seconds left.
|
|t:|1779703464
|switch|p1a: Slowbro|Slowbro, M|53/100
|turn|12
|
|t:|1779703471
|move|p2a: Iron Treads|Knock Off|p1a: Slowbro
|-supereffective|p1a: Slowbro
|-damage|p1a: Slowbro|12/100
|-enditem|p1a: Slowbro|Leftovers|[from] move: Knock Off|[of] p2a: Iron Treads
|move|p1a: Slowbro|Hydro Pump|p2a: Iron Treads
|-supereffective|p2a: Iron Treads
|-damage|p2a: Iron Treads|0 fnt
|faint|p2a: Iron Treads
|-end|p2a: Iron Treads|Quark Drive|[silent]
|
|upkeep
|inactive|saint246 has 90 seconds left.
|
|t:|1779703514
|switch|p2a: Galvantula|Galvantula, M|100/100
|turn|13
|
|t:|1779703521
|move|p2a: Galvantula|Energy Ball|p1a: Slowbro
|-supereffective|p1a: Slowbro
|-damage|p1a: Slowbro|0 fnt
|faint|p1a: Slowbro
|
|upkeep
|
|t:|1779703526
|switch|p1a: Toxapex|Toxapex, F|77/100
|turn|14
|
|t:|1779703530
|move|p1a: Toxapex|Baneful Bunker|p1a: Toxapex
|-singleturn|p1a: Toxapex|move: Protect
|move|p2a: Galvantula|Thunder|p1a: Toxapex
|-activate|p1a: Toxapex|move: Protect
|
|-heal|p1a: Toxapex|83/100|[from] item: Black Sludge
|upkeep
|turn|15
|inactive|saint246 has 90 seconds left.
|inactive|saint246 has 60 seconds left.
|inactive|saint246 has 30 seconds left.
|inactive|saint246 has 20 seconds left.
|inactive|saint246 has 15 seconds left.
|inactive|saint246 has 10 seconds left.
|inactive|saint246 has 5 seconds left.
|-message|saint246 lost due to inactivity.
|
|win|Pedroelentrenador
|raw|Pedroelentrenador's rating: 1140 &rarr; <strong>1161</strong><br />(+21 for winning)
|raw|saint246's rating: 1079 &rarr; <strong>1061</strong><br />(-18 for losing)
|l|☆saint246
|player|p2|
