|j|☆FitzyLegend
|j|☆uncle brown
|t:|1779692653
|gametype|singles
|player|p1|FitzyLegend|hilbert|1391
|player|p2|uncle brown|170|1457
|gen|9
|tier|[Gen 9] OU
|rated|
|rule|HP Percentage Mod: HP is shown in percentages
|rule|Endless Battle Clause: Forcing endless battles is banned
|rule|Species Clause: Limit one of each Pokémon
|rule|OHKO Clause: OHKO moves are banned
|rule|Evasion Items Clause: Evasion items are banned
|rule|Evasion Moves Clause: Evasion moves are banned
|rule|Evasion Abilities Clause: Evasion abilities are banned
|rule|Sleep Moves Clause: Sleep-inducing moves are banned
|clearpoke
|poke|p1|Hawlucha, M|
|poke|p1|Maushold-Four|
|poke|p1|Iron Valiant|
|poke|p1|Samurott-Hisui, M|
|poke|p1|Serperior, M|
|poke|p1|Gliscor, M|
|poke|p2|Araquanid, F|
|poke|p2|Gholdengo|
|poke|p2|Landorus-Therian, M|
|poke|p2|Raging Bolt|
|poke|p2|Ceruledge, F|
|poke|p2|Lucario, F|
|teampreview
|inactive|Battle timer is ON: inactive players will automatically lose when time's up. (requested by FitzyLegend)
|
|t:|1779692668
|teamsize|p1|6
|teamsize|p2|6
|start
|switch|p1a: Samurott|Samurott-Hisui, M|100/100
|switch|p2a: Araquanid|Araquanid, F|100/100
|turn|1
|
|t:|1779692679
|move|p1a: Samurott|Ceaseless Edge|p2a: Araquanid
|-damage|p2a: Araquanid|55/100
|-sidestart|p2: uncle brown|Spikes
|move|p2a: Araquanid|Sticky Web|p1a: Samurott
|-sidestart|p1: FitzyLegend|move: Sticky Web
|
|upkeep
|turn|2
|
|t:|1779692692
|move|p1a: Samurott|Encore|p2a: Araquanid
|-start|p2a: Araquanid|Encore
|move|p2a: Araquanid|Sticky Web||[still]
|-fail|p2a: Araquanid
|
|upkeep
|turn|3
|
|t:|1779692702
|switch|p2a: Landorus|Landorus-Therian, M|100/100
|-ability|p2a: Landorus|Intimidate|boost
|-unboost|p1a: Samurott|atk|1
|move|p1a: Samurott|Ceaseless Edge|p2a: Landorus
|-damage|p2a: Landorus|67/100
|-sidestart|p2: uncle brown|Spikes
|
|-heal|p2a: Landorus|73/100|[from] item: Leftovers
|upkeep
|turn|4
|inactive|uncle brown has 120 seconds left.
|
|t:|1779692742
|switch|p2a: Araquanid|Araquanid, F|55/100
|-damage|p2a: Araquanid|39/100|[from] Spikes
|move|p1a: Samurott|Aqua Cutter|p2a: Araquanid
|-resisted|p2a: Araquanid
|-damage|p2a: Araquanid|23/100
|
|upkeep
|turn|5
|-enditem|p2a: Araquanid|Custap Berry|[eat]
|-activate|p2a: Araquanid|item: Custap Berry|[consumed]
|
|t:|1779692755
|move|p2a: Araquanid|Endeavor|p1a: Samurott
|-damage|p1a: Samurott|24/100
|move|p1a: Samurott|Ceaseless Edge|p2a: Araquanid
|-damage|p2a: Araquanid|0 fnt
|-sidestart|p2: uncle brown|Spikes
|faint|p2a: Araquanid
|
|upkeep
|
|t:|1779692759
|switch|p2a: Landorus|Landorus-Therian, M|73/100
|-ability|p2a: Landorus|Intimidate|boost
|-unboost|p1a: Samurott|atk|1
|turn|6
|
|t:|1779692773
|move|p2a: Landorus|Earthquake|p1a: Samurott
|-damage|p1a: Samurott|0 fnt
|faint|p1a: Samurott
|
|-heal|p2a: Landorus|79/100|[from] item: Leftovers
|upkeep
|
|t:|1779692784
|switch|p1a: Gliscor|Gliscor, M|100/100
|turn|7
|
|t:|1779692792
|-terastallize|p1a: Gliscor|Normal
|move|p2a: Landorus|Substitute|p2a: Landorus
|-start|p2a: Landorus|Substitute
|-damage|p2a: Landorus|54/100
|move|p1a: Gliscor|Swords Dance|p1a: Gliscor
|-boost|p1a: Gliscor|atk|2
|
|-heal|p2a: Landorus|60/100|[from] item: Leftovers
|-status|p1a: Gliscor|tox|[from] item: Toxic Orb
|upkeep
|turn|8
|
|t:|1779692803
|move|p2a: Landorus|Swords Dance|p2a: Landorus
|-boost|p2a: Landorus|atk|2
|move|p1a: Gliscor|Facade|p2a: Landorus
|-end|p2a: Landorus|Substitute
|
|-heal|p2a: Landorus|66/100|[from] item: Leftovers
|upkeep
|turn|9
|
|t:|1779692812
|move|p2a: Landorus|Earthquake|p1a: Gliscor
|-damage|p1a: Gliscor|10/100 tox
|move|p1a: Gliscor|Facade|p2a: Landorus
|-damage|p2a: Landorus|0 fnt
|faint|p2a: Landorus
|
|-heal|p1a: Gliscor|23/100 tox|[from] ability: Poison Heal
|upkeep
|
|t:|1779692817
|switch|p2a: Ceruledge|Ceruledge, F|100/100
|-item|p2a: Ceruledge|Air Balloon
|turn|10
|
|t:|1779692835
|move|p1a: Gliscor|Protect|p1a: Gliscor
|-singleturn|p1a: Gliscor|Protect
|move|p2a: Ceruledge|Bitter Blade|p1a: Gliscor
|-activate|p1a: Gliscor|move: Protect
|
|-heal|p1a: Gliscor|35/100 tox|[from] ability: Poison Heal
|upkeep
|turn|11
|
|t:|1779692846
|switch|p1a: Hawlucha|Hawlucha, M|100/100
|move|p2a: Ceruledge|Swords Dance|p2a: Ceruledge
|-boost|p2a: Ceruledge|atk|2
|
|upkeep
|turn|12
|
|t:|1779692854
|move|p1a: Hawlucha|Sky Attack||[still]
|-prepare|p1a: Hawlucha|Sky Attack
|-enditem|p1a: Hawlucha|Power Herb
|-anim|p1a: Hawlucha|Sky Attack|p2a: Ceruledge
|-damage|p2a: Ceruledge|14/100
|-ability|p2a: Ceruledge|Weak Armor|boost
|-unboost|p2a: Ceruledge|def|1
|-boost|p2a: Ceruledge|spe|2
|-enditem|p2a: Ceruledge|Air Balloon
|cant|p2a: Ceruledge|flinch
|
|upkeep
|turn|13
|
|t:|1779692864
|move|p1a: Hawlucha|Acrobatics|p2a: Ceruledge
|-damage|p2a: Ceruledge|0 fnt
|faint|p2a: Ceruledge
|
|upkeep
|-message|uncle brown forfeited.
|
|win|FitzyLegend
|raw|FitzyLegend's rating: 1391 &rarr; <strong>1413</strong><br />(+22 for winning)
|raw|uncle brown's rating: 1434 &rarr; <strong>1412</strong><br />(-22 for losing)
|l|☆uncle brown
|player|p2|
|l|☆FitzyLegend
|player|p1|
