|j|☆DopeyDawg
|j|☆Demostert
|t:|1779705008
|gametype|singles
|player|p1|DopeyDawg|266|1311
|player|p2|Demostert|barry|1292
|gen|9
|tier|[Gen 9] OU
|rated|
|rule|HP Percentage Mod: HP is shown in percentages
|rule|Endless Battle Clause: Forcing endless battles is banned
|rule|Species Clause: Limit one of each Pokémon
|rule|OHKO Clause: OHKO moves are banned
|rule|Evasion Items Clause: Evasion items are banned
|rule|Evasion Moves Clause: Evasion moves are banned
|rule|Evasion Abilities Clause: Evasion abilities are banned
|rule|Sleep Moves Clause: Sleep-inducing moves are banned
|clearpoke
|poke|p1|Zoroark, F|
|poke|p1|Ninetales, F|
|poke|p1|Quaquaval, M|
|poke|p1|Venusaur, M|
|poke|p1|Toxapex, F|
|poke|p1|Garchomp, M|
|poke|p2|Heatran, F|
|poke|p2|Ogerpon-Wellspring, F|
|poke|p2|Weezing-Galar, F|
|poke|p2|Garchomp, F|
|poke|p2|Corviknight, M|
|poke|p2|Zamazenta-*|
|teampreview
|inactive|Battle timer is ON: inactive players will automatically lose when time's up. (requested by DopeyDawg)
|inactive|DopeyDawg has 120 seconds left.
|
|t:|1779705041
|teamsize|p1|6
|teamsize|p2|6
|start
|switch|p1a: Garchomp|Garchomp, M|100/100
|switch|p2a: Corviknight|Corviknight, M, shiny|100/100
|-ability|p2a: Corviknight|Pressure
|turn|1
|
|t:|1779705048
|switch|p1a: Ninetales|Ninetales, F|100/100
|-weather|SunnyDay|[from] ability: Drought|[of] p1a: Ninetales
|move|p2a: Corviknight|U-turn|p1a: Ninetales
|-resisted|p1a: Ninetales
|-damage|p1a: Ninetales|89/100
|
|t:|1779705054
|switch|p2a: Garchomp|Garchomp, F, shiny|100/100|[from] U-turn
|
|-weather|SunnyDay|[upkeep]
|upkeep
|turn|2
|
|t:|1779705061
|move|p1a: Ninetales|Solar Beam||[still]
|-prepare|p1a: Ninetales|Solar Beam
|-anim|p1a: Ninetales|Solar Beam|p2a: Garchomp
|-damage|p2a: Garchomp|81/100
|move|p2a: Garchomp|Stealth Rock|p1a: Ninetales
|-sidestart|p1: DopeyDawg|move: Stealth Rock
|
|-weather|SunnyDay|[upkeep]
|upkeep
|turn|3
|
|t:|1779705069
|move|p1a: Ninetales|Encore|p2a: Garchomp
|-start|p2a: Garchomp|Encore
|move|p2a: Garchomp|Stealth Rock||[still]
|-fail|p2a: Garchomp
|
|-weather|SunnyDay|[upkeep]
|upkeep
|turn|4
|
|t:|1779705078
|switch|p1a: Quaquaval|Quaquaval, M|100/100
|-damage|p1a: Quaquaval|94/100|[from] Stealth Rock
|switch|p2a: Heatran|Heatran, F, shiny|100/100
|
|-weather|SunnyDay|[upkeep]
|upkeep
|turn|5
|
|t:|1779705086
|switch|p2a: Ogerpon|Ogerpon-Wellspring, F|100/100
|move|p1a: Quaquaval|Aqua Step|p2a: Ogerpon
|-immune|p2a: Ogerpon|[from] ability: Water Absorb
|
|-weather|SunnyDay|[upkeep]
|upkeep
|turn|6
|
|t:|1779705097
|move|p2a: Ogerpon|Swords Dance|p2a: Ogerpon
|-boost|p2a: Ogerpon|atk|2
|move|p1a: Quaquaval|Close Combat|p2a: Ogerpon
|-damage|p2a: Ogerpon|20/100
|-unboost|p1a: Quaquaval|def|1
|-unboost|p1a: Quaquaval|spd|1
|
|-weather|SunnyDay|[upkeep]
|upkeep
|turn|7
|
|t:|1779705110
|switch|p1a: Toxapex|Toxapex, F|100/100
|-damage|p1a: Toxapex|88/100|[from] Stealth Rock
|move|p2a: Ogerpon|Play Rough|p1a: Toxapex
|-resisted|p1a: Toxapex
|-damage|p1a: Toxapex|61/100
|
|-weather|SunnyDay|[upkeep]
|-heal|p1a: Toxapex|67/100|[from] item: Black Sludge
|upkeep
|turn|8
|
|t:|1779705119
|move|p1a: Toxapex|Baneful Bunker|p1a: Toxapex
|-singleturn|p1a: Toxapex|move: Protect
|move|p2a: Ogerpon|Power Whip|p1a: Toxapex
|-activate|p1a: Toxapex|move: Protect
|-status|p2a: Ogerpon|psn
|
|-weather|none
|-heal|p1a: Toxapex|74/100|[from] item: Black Sludge
|-damage|p2a: Ogerpon|7/100 psn|[from] psn
|upkeep
|turn|9
|
|t:|1779705133
|switch|p1a: Ninetales|Ninetales, F|89/100
|-damage|p1a: Ninetales|64/100|[from] Stealth Rock
|-weather|SunnyDay|[from] ability: Drought|[of] p1a: Ninetales
|move|p2a: Ogerpon|Ivy Cudgel|p1a: Ninetales|[anim] Ivy Cudgel Water
|-supereffective|p1a: Ninetales
|-damage|p1a: Ninetales|0 fnt
|faint|p1a: Ninetales
|
|-weather|SunnyDay|[upkeep]
|-damage|p2a: Ogerpon|0 fnt|[from] psn
|faint|p2a: Ogerpon
|upkeep
|
|t:|1779705145
|switch|p2a: Corviknight|Corviknight, M, shiny|100/100
|switch|p1a: Venusaur|Venusaur, M|100/100
|-damage|p1a: Venusaur|88/100|[from] Stealth Rock
|-ability|p2a: Corviknight|Pressure
|turn|10
|inactive|DopeyDawg has 120 seconds left.
|
|t:|1779705170
|switch|p1a: Quaquaval|Quaquaval, M|100/100
|-damage|p1a: Quaquaval|88/100|[from] Stealth Rock
|move|p2a: Corviknight|U-turn|p1a: Quaquaval
|-supereffective|p1a: Quaquaval
|-damage|p1a: Quaquaval|27/100
|replace|p1a: Zoroark|Zoroark, F
|-end|p1a: Zoroark|Illusion
|
|t:|1779705180
|switch|p2a: Weezing|Weezing-Galar, F, shiny|100/100|[from] U-turn
|
|-weather|SunnyDay|[upkeep]
|upkeep
|turn|11
|
|t:|1779705188
|move|p1a: Zoroark|Sludge Bomb|p2a: Weezing
|-damage|p2a: Weezing|62/100
|move|p2a: Weezing|Sludge Bomb|p1a: Zoroark
|-damage|p1a: Zoroark|0 fnt
|faint|p1a: Zoroark
|
|-weather|SunnyDay|[upkeep]
|upkeep
|inactive|DopeyDawg has 120 seconds left.
|
|t:|1779705218
|switch|p1a: Quaquaval|Quaquaval, M|94/100
|-damage|p1a: Quaquaval|88/100|[from] Stealth Rock
|turn|12
|
|t:|1779705234
|move|p1a: Quaquaval|Aqua Step|p2a: Weezing
|-damage|p2a: Weezing|51/100
|-boost|p1a: Quaquaval|spe|1
|move|p2a: Weezing|Will-O-Wisp|p1a: Quaquaval
|-status|p1a: Quaquaval|brn
|
|-weather|SunnyDay|[upkeep]
|-damage|p1a: Quaquaval|82/100 brn|[from] brn
|upkeep
|turn|13
|-message|DopeyDawg forfeited.
|
|win|Demostert
|raw|DopeyDawg's rating: 1311 &rarr; <strong>1290</strong><br />(-21 for losing)
|raw|Demostert's rating: 1292 &rarr; <strong>1318</strong><br />(+26 for winning)
|l|☆DopeyDawg
|player|p1|
|l|☆Demostert
|player|p2|
