|j|☆Humerus_Skelepun
|j|☆owl_with_scarf
|t:|1779603694
|gametype|singles
|player|p1|Humerus_Skelepun|169|1472
|player|p2|owl_with_scarf|#owlwithscarf|1531
|gen|9
|tier|[Gen 9] OU
|rated|
|rule|HP Percentage Mod: HP is shown in percentages
|rule|Endless Battle Clause: Forcing endless battles is banned
|rule|Species Clause: Limit one of each Pokémon
|rule|OHKO Clause: OHKO moves are banned
|rule|Evasion Items Clause: Evasion items are banned
|rule|Evasion Moves Clause: Evasion moves are banned
|rule|Evasion Abilities Clause: Evasion abilities are banned
|rule|Sleep Moves Clause: Sleep-inducing moves are banned
|clearpoke
|poke|p1|Amoonguss, M|
|poke|p1|Toxapex, F|
|poke|p1|Corviknight, F|
|poke|p1|Dondozo, M|
|poke|p1|Blissey, F|
|poke|p1|Gliscor, F|
|poke|p2|Mandibuzz, F|
|poke|p2|Tyranitar, M|
|poke|p2|Glimmora, F|
|poke|p2|Ogerpon, F|
|poke|p2|Gliscor, F|
|poke|p2|Sinistcha|
|teampreview
|inactive|Battle timer is ON: inactive players will automatically lose when time's up. (requested by Humerus_Skelepun)
|inactive|owl_with_scarf also wants the timer to be on.
|c|☆Humerus_Skelepun|whose the owl
|
|t:|1779603716
|teamsize|p1|6
|teamsize|p2|6
|start
|switch|p1a: Gliscor|Gliscor, F|100/100
|switch|p2a: Tyranitar|Tyranitar, M|100/100
|-weather|Sandstorm|[from] ability: Sand Stream|[of] p2a: Tyranitar
|turn|1
|
|t:|1779603725
|move|p1a: Gliscor|Protect|p1a: Gliscor
|-singleturn|p1a: Gliscor|Protect
|move|p2a: Tyranitar|Knock Off|p1a: Gliscor
|-activate|p1a: Gliscor|move: Protect
|
|-weather|Sandstorm|[upkeep]
|-status|p1a: Gliscor|tox|[from] item: Toxic Orb
|upkeep
|turn|2
|
|t:|1779603739
|switch|p1a: Amoonguss|Amoonguss, M|100/100
|move|p2a: Tyranitar|Ice Beam|p1a: Amoonguss
|-supereffective|p1a: Amoonguss
|-damage|p1a: Amoonguss|64/100
|-status|p1a: Amoonguss|frz
|
|-weather|Sandstorm|[upkeep]
|-damage|p1a: Amoonguss|58/100 frz|[from] Sandstorm
|upkeep
|turn|3
|
|t:|1779603751
|switch|p1a: Toxapex|Toxapex, F|100/100
|move|p2a: Tyranitar|Knock Off|p1a: Toxapex
|-damage|p1a: Toxapex|66/100
|-enditem|p1a: Toxapex|Heavy-Duty Boots|[from] move: Knock Off|[of] p2a: Tyranitar
|
|-weather|Sandstorm|[upkeep]
|-damage|p1a: Toxapex|60/100|[from] Sandstorm
|upkeep
|turn|4
|
|t:|1779603754
|move|p2a: Tyranitar|Earthquake|p1a: Toxapex
|-supereffective|p1a: Toxapex
|-damage|p1a: Toxapex|8/100
|move|p1a: Toxapex|Toxic|p2a: Tyranitar
|-status|p2a: Tyranitar|tox
|
|-weather|Sandstorm|[upkeep]
|-damage|p1a: Toxapex|2/100|[from] Sandstorm
|-damage|p2a: Tyranitar|94/100 tox|[from] psn
|upkeep
|turn|5
|
|t:|1779603760
|switch|p1a: Corviknight|Corviknight, F|100/100
|-ability|p1a: Corviknight|Pressure
|move|p2a: Tyranitar|Knock Off|p1a: Corviknight
|-damage|p1a: Corviknight|71/100
|-enditem|p1a: Corviknight|Heavy-Duty Boots|[from] move: Knock Off|[of] p2a: Tyranitar
|
|-weather|none
|-damage|p2a: Tyranitar|82/100 tox|[from] psn
|upkeep
|turn|6
|
|t:|1779603766
|switch|p1a: Toxapex|Toxapex, F|36/100
|switch|p2a: Glimmora|Glimmora, F|100/100
|
|upkeep
|turn|7
|
|t:|1779603772
|switch|p1a: Amoonguss|Amoonguss, M|91/100 frz
|move|p2a: Glimmora|Earth Power|p1a: Amoonguss
|-damage|p1a: Amoonguss|63/100 frz
|
|upkeep
|turn|8
|
|t:|1779603779
|switch|p1a: Blissey|Blissey, F|100/100
|move|p2a: Glimmora|Stealth Rock|p1a: Blissey
|-sidestart|p1: Humerus_Skelepun|move: Stealth Rock
|
|upkeep
|turn|9
|
|t:|1779603798
|switch|p2a: Gliscor|Gliscor, F|100/100
|move|p1a: Blissey|Stealth Rock|p2a: Gliscor
|-sidestart|p2: owl_with_scarf|move: Stealth Rock
|
|-status|p2a: Gliscor|tox|[from] item: Toxic Orb
|upkeep
|turn|10
|
|t:|1779603805
|switch|p1a: Gliscor|Gliscor, F|100/100 tox
|-damage|p1a: Gliscor|88/100 tox|[from] Stealth Rock
|move|p2a: Gliscor|Swords Dance|p2a: Gliscor
|-boost|p2a: Gliscor|atk|2
|
|-heal|p1a: Gliscor|100/100 tox|[from] ability: Poison Heal
|upkeep
|turn|11
|
|t:|1779603813
|move|p2a: Gliscor|Facade|p1a: Gliscor
|-damage|p1a: Gliscor|34/100 tox
|move|p1a: Gliscor|Spikes|p2a: Gliscor
|-sidestart|p2: owl_with_scarf|Spikes
|
|-heal|p1a: Gliscor|47/100 tox|[from] ability: Poison Heal
|upkeep
|turn|12
|
|t:|1779603829
|move|p2a: Gliscor|Earthquake|p1a: Gliscor
|-immune|p1a: Gliscor
|move|p1a: Gliscor|Spikes|p2a: Gliscor
|-sidestart|p2: owl_with_scarf|Spikes
|
|-heal|p1a: Gliscor|59/100 tox|[from] ability: Poison Heal
|upkeep
|turn|13
|
|t:|1779603844
|switch|p2a: Mandibuzz|Mandibuzz, F|100/100
|move|p1a: Gliscor|Protect||[still]
|-fail|p1a: Gliscor
|
|-heal|p1a: Gliscor|72/100 tox|[from] ability: Poison Heal
|upkeep
|turn|14
|
|t:|1779603858
|switch|p1a: Corviknight|Corviknight, F|71/100
|-damage|p1a: Corviknight|58/100|[from] Stealth Rock
|-ability|p1a: Corviknight|Pressure
|move|p2a: Mandibuzz|Defog|p1a: Corviknight
|-unboost|p1a: Corviknight|evasion|1
|-sideend|p1: Humerus_Skelepun|Stealth Rock|[from] move: Defog|[of] p2a: Mandibuzz
|-sideend|p2: owl_with_scarf|Spikes|[from] move: Defog|[of] p2a: Mandibuzz
|-sideend|p2: owl_with_scarf|Stealth Rock|[from] move: Defog|[of] p2a: Mandibuzz
|
|upkeep
|turn|15
|
|t:|1779603863
|switch|p2a: Glimmora|Glimmora, F|100/100
|move|p1a: Corviknight|Roost|p1a: Corviknight
|-heal|p1a: Corviknight|100/100
|-singleturn|p1a: Corviknight|move: Roost
|
|upkeep
|turn|16
|
|t:|1779603870
|switch|p1a: Blissey|Blissey, F|100/100
|move|p2a: Glimmora|Stealth Rock|p1a: Blissey
|-sidestart|p1: Humerus_Skelepun|move: Stealth Rock
|
|upkeep
|turn|17
|
|t:|1779603873
|switch|p2a: Ogerpon|Ogerpon, F|100/100
|move|p1a: Blissey|Stealth Rock|p2a: Ogerpon
|-sidestart|p2: owl_with_scarf|move: Stealth Rock
|
|upkeep
|turn|18
|
|t:|1779603877
|switch|p1a: Amoonguss|Amoonguss, M|96/100 frz
|move|p2a: Ogerpon|Knock Off|p1a: Amoonguss
|-damage|p1a: Amoonguss|72/100 frz
|-enditem|p1a: Amoonguss|Heavy-Duty Boots|[from] move: Knock Off|[of] p2a: Ogerpon
|
|upkeep
|turn|19
|
|t:|1779603883
|switch|p2a: Sinistcha|Sinistcha|100/100
|cant|p1a: Amoonguss|frz
|
|upkeep
|turn|20
|
|t:|1779603886
|-terastallize|p2a: Sinistcha|Steel
|move|p2a: Sinistcha|Calm Mind|p2a: Sinistcha
|-boost|p2a: Sinistcha|spa|1
|-boost|p2a: Sinistcha|spd|1
|-curestatus|p1a: Amoonguss|frz|[msg]
|move|p1a: Amoonguss|Toxic|p2a: Sinistcha
|-immune|p2a: Sinistcha
|
|upkeep
|turn|21
|
|t:|1779603895
|switch|p1a: Blissey|Blissey, F|100/100
|move|p2a: Sinistcha|Calm Mind|p2a: Sinistcha
|-boost|p2a: Sinistcha|spa|1
|-boost|p2a: Sinistcha|spd|1
|
|upkeep
|turn|22
|
|t:|1779603912
|move|p2a: Sinistcha|Matcha Gotcha|p1a: Blissey
|-damage|p1a: Blissey|77/100
|move|p1a: Blissey|Calm Mind|p1a: Blissey
|-boost|p1a: Blissey|spa|1
|-boost|p1a: Blissey|spd|1
|
|upkeep
|turn|23
|
|t:|1779603918
|switch|p2a: Gliscor|Gliscor, F|100/100 tox
|-damage|p2a: Gliscor|88/100 tox|[from] Stealth Rock
|move|p1a: Blissey|Calm Mind|p1a: Blissey
|-boost|p1a: Blissey|spa|1
|-boost|p1a: Blissey|spd|1
|
|-heal|p2a: Gliscor|100/100 tox|[from] ability: Poison Heal
|upkeep
|turn|24
|
|t:|1779603928
|switch|p1a: Gliscor|Gliscor, F|72/100 tox
|-damage|p1a: Gliscor|59/100 tox|[from] Stealth Rock
|move|p2a: Gliscor|Facade|p1a: Gliscor
|-damage|p1a: Gliscor|28/100 tox
|
|-heal|p1a: Gliscor|41/100 tox|[from] ability: Poison Heal
|upkeep
|turn|25
|
|t:|1779603956
|move|p2a: Gliscor|Swords Dance|p2a: Gliscor
|-boost|p2a: Gliscor|atk|2
|move|p1a: Gliscor|Spikes|p2a: Gliscor
|-sidestart|p2: owl_with_scarf|Spikes
|
|-heal|p1a: Gliscor|53/100 tox|[from] ability: Poison Heal
|upkeep
|turn|26
|
|t:|1779603962
|move|p1a: Gliscor|Protect|p1a: Gliscor
|-singleturn|p1a: Gliscor|Protect
|move|p2a: Gliscor|Facade|p1a: Gliscor
|-activate|p1a: Gliscor|move: Protect
|
|-heal|p1a: Gliscor|66/100 tox|[from] ability: Poison Heal
|upkeep
|turn|27
|
|t:|1779603983
|switch|p1a: Corviknight|Corviknight, F|100/100
|-damage|p1a: Corviknight|88/100|[from] Stealth Rock
|-ability|p1a: Corviknight|Pressure
|move|p2a: Gliscor|Facade|p1a: Corviknight
|-resisted|p1a: Corviknight
|-damage|p1a: Corviknight|64/100
|
|upkeep
|turn|28
|
|t:|1779603992
|move|p2a: Gliscor|Facade|p1a: Corviknight
|-resisted|p1a: Corviknight
|-damage|p1a: Corviknight|37/100
|move|p1a: Corviknight|Iron Defense|p1a: Corviknight
|-boost|p1a: Corviknight|def|2
|
|upkeep
|turn|29
|
|t:|1779604007
|switch|p2a: Ogerpon|Ogerpon, F|100/100
|move|p1a: Corviknight|Body Press|p2a: Ogerpon
|-damage|p2a: Ogerpon|35/100
|
|upkeep
|turn|30
|
|t:|1779604014
|move|p2a: Ogerpon|Knock Off|p1a: Corviknight
|-damage|p1a: Corviknight|30/100
|move|p1a: Corviknight|Body Press|p2a: Ogerpon
|-damage|p2a: Ogerpon|0 fnt
|faint|p2a: Ogerpon
|
|upkeep
|
|t:|1779604018
|switch|p2a: Sinistcha|Sinistcha, tera:Steel|100/100
|turn|31
|
|t:|1779604027
|switch|p1a: Blissey|Blissey, F|77/100
|move|p2a: Sinistcha|Shadow Ball|p1a: Blissey
|-immune|p1a: Blissey
|
|upkeep
|turn|32
|
|t:|1779604037
|switch|p2a: Gliscor|Gliscor, F|100/100 tox
|-damage|p2a: Gliscor|88/100 tox|[from] Stealth Rock
|move|p1a: Blissey|Calm Mind|p1a: Blissey
|-boost|p1a: Blissey|spa|1
|-boost|p1a: Blissey|spd|1
|
|-heal|p2a: Gliscor|100/100 tox|[from] ability: Poison Heal
|upkeep
|turn|33
|
|t:|1779604045
|switch|p1a: Toxapex|Toxapex, F|69/100
|-damage|p1a: Toxapex|57/100|[from] Stealth Rock
|move|p2a: Gliscor|Swords Dance|p2a: Gliscor
|-boost|p2a: Gliscor|atk|2
|
|upkeep
|turn|34
|
|t:|1779604054
|switch|p1a: Dondozo|Dondozo, M|100/100
|move|p2a: Gliscor|Facade|p1a: Dondozo
|-damage|p1a: Dondozo|84/100
|
|upkeep
|turn|35
|
|t:|1779604062
|switch|p2a: Sinistcha|Sinistcha, tera:Steel|100/100
|move|p1a: Dondozo|Waterfall|p2a: Sinistcha
|-damage|p2a: Sinistcha|80/100
|
|upkeep
|turn|36
|
|t:|1779604072
|switch|p1a: Toxapex|Toxapex, F|90/100
|-damage|p1a: Toxapex|78/100|[from] Stealth Rock
|move|p2a: Sinistcha|Matcha Gotcha|p1a: Toxapex
|-damage|p1a: Toxapex|53/100
|-heal|p2a: Sinistcha|91/100|[from] drain|[of] p1a: Toxapex
|
|upkeep
|turn|37
|
|t:|1779604089
|move|p2a: Sinistcha|Matcha Gotcha|p1a: Toxapex
|-damage|p1a: Toxapex|30/100
|-heal|p2a: Sinistcha|100/100|[from] drain|[of] p1a: Toxapex
|move|p1a: Toxapex|Recover|p1a: Toxapex
|-heal|p1a: Toxapex|80/100
|
|upkeep
|turn|38
|
|t:|1779604097
|switch|p2a: Gliscor|Gliscor, F|100/100 tox
|-damage|p2a: Gliscor|88/100 tox|[from] Stealth Rock
|switch|p1a: Corviknight|Corviknight, F|30/100
|-damage|p1a: Corviknight|17/100|[from] Stealth Rock
|-ability|p1a: Corviknight|Pressure
|
|-heal|p2a: Gliscor|100/100 tox|[from] ability: Poison Heal
|upkeep
|turn|39
|
|t:|1779604101
|move|p2a: Gliscor|Facade|p1a: Corviknight
|-resisted|p1a: Corviknight
|-damage|p1a: Corviknight|3/100
|move|p1a: Corviknight|Roost|p1a: Corviknight
|-heal|p1a: Corviknight|53/100
|-singleturn|p1a: Corviknight|move: Roost
|
|upkeep
|turn|40
|
|t:|1779604106
|switch|p2a: Sinistcha|Sinistcha, tera:Steel|100/100
|move|p1a: Corviknight|Roost|p1a: Corviknight
|-heal|p1a: Corviknight|100/100
|-singleturn|p1a: Corviknight|move: Roost
|
|upkeep
|turn|41
|
|t:|1779604116
|switch|p1a: Blissey|Blissey, F|77/100
|move|p2a: Sinistcha|Shadow Ball|p1a: Blissey
|-immune|p1a: Blissey
|
|upkeep
|turn|42
|
|t:|1779604128
|switch|p2a: Gliscor|Gliscor, F|100/100 tox
|-damage|p2a: Gliscor|88/100 tox|[from] Stealth Rock
|move|p1a: Blissey|Calm Mind|p1a: Blissey
|-boost|p1a: Blissey|spa|1
|-boost|p1a: Blissey|spd|1
|
|-heal|p2a: Gliscor|100/100 tox|[from] ability: Poison Heal
|upkeep
|turn|43
|j| temporarylight
|
|t:|1779604136
|switch|p1a: Corviknight|Corviknight, F|100/100
|-damage|p1a: Corviknight|88/100|[from] Stealth Rock
|-ability|p1a: Corviknight|Pressure
|move|p2a: Gliscor|Swords Dance|p2a: Gliscor
|-boost|p2a: Gliscor|atk|2
|
|upkeep
|turn|44
|
|t:|1779604143
|move|p2a: Gliscor|Facade|p1a: Corviknight
|-resisted|p1a: Corviknight
|-damage|p1a: Corviknight|63/100
|move|p1a: Corviknight|Body Press|p2a: Gliscor
|-resisted|p2a: Gliscor
|-damage|p2a: Gliscor|87/100 tox
|
|-heal|p2a: Gliscor|99/100 tox|[from] ability: Poison Heal
|upkeep
|turn|45
|
|t:|1779604149
|move|p2a: Gliscor|Facade|p1a: Corviknight
|-resisted|p1a: Corviknight
|-damage|p1a: Corviknight|35/100
|move|p1a: Corviknight|Iron Defense|p1a: Corviknight
|-boost|p1a: Corviknight|def|2
|
|-heal|p2a: Gliscor|100/100 tox|[from] ability: Poison Heal
|upkeep
|turn|46
|
|t:|1779604153
|switch|p2a: Sinistcha|Sinistcha, tera:Steel|100/100
|move|p1a: Corviknight|Roost|p1a: Corviknight
|-heal|p1a: Corviknight|86/100
|-singleturn|p1a: Corviknight|move: Roost
|
|upkeep
|turn|47
|
|t:|1779604163
|-terastallize|p1a: Corviknight|Fire
|move|p1a: Corviknight|Body Press|p2a: Sinistcha
|-supereffective|p2a: Sinistcha
|-damage|p2a: Sinistcha|28/100
|move|p2a: Sinistcha|Shadow Ball|p1a: Corviknight
|-damage|p1a: Corviknight|49/100
|
|upkeep
|turn|48
|
|t:|1779604182
|switch|p2a: Mandibuzz|Mandibuzz, F|100/100
|move|p1a: Corviknight|Body Press|p2a: Mandibuzz
|-damage|p2a: Mandibuzz|69/100
|
|upkeep
|turn|49
|
|t:|1779604186
|move|p1a: Corviknight|Iron Defense|p1a: Corviknight
|-boost|p1a: Corviknight|def|2
|move|p2a: Mandibuzz|Toxic|p1a: Corviknight
|-status|p1a: Corviknight|tox
|
|-damage|p1a: Corviknight|43/100 tox|[from] psn
|upkeep
|turn|50
|
|t:|1779604191
|move|p1a: Corviknight|Body Press|p2a: Mandibuzz
|-damage|p2a: Mandibuzz|22/100
|move|p2a: Mandibuzz|Roost|p2a: Mandibuzz
|-heal|p2a: Mandibuzz|72/100
|-singleturn|p2a: Mandibuzz|move: Roost
|
|-damage|p1a: Corviknight|31/100 tox|[from] psn
|upkeep
|turn|51
|
|t:|1779604196
|move|p1a: Corviknight|Roost|p1a: Corviknight
|-heal|p1a: Corviknight|81/100 tox
|move|p2a: Mandibuzz|Roost|p2a: Mandibuzz
|-heal|p2a: Mandibuzz|100/100
|-singleturn|p2a: Mandibuzz|move: Roost
|
|-damage|p1a: Corviknight|62/100 tox|[from] psn
|upkeep
|turn|52
|
|t:|1779604213
|switch|p1a: Blissey|Blissey, F|77/100
|move|p2a: Mandibuzz|Roost||[still]
|-fail|p2a: Mandibuzz|heal
|
|upkeep
|turn|53
|
|t:|1779604218
|switch|p1a: Corviknight|Corviknight, F, tera:Fire|62/100 tox
|-damage|p1a: Corviknight|37/100 tox|[from] Stealth Rock
|-ability|p1a: Corviknight|Pressure
|move|p2a: Mandibuzz|Defog|p1a: Corviknight
|-unboost|p1a: Corviknight|evasion|1
|-sideend|p1: Humerus_Skelepun|Stealth Rock|[from] move: Defog|[of] p2a: Mandibuzz
|-sideend|p2: owl_with_scarf|Spikes|[from] move: Defog|[of] p2a: Mandibuzz
|-sideend|p2: owl_with_scarf|Stealth Rock|[from] move: Defog|[of] p2a: Mandibuzz
|
|-damage|p1a: Corviknight|31/100 tox|[from] psn
|upkeep
|turn|54
|inactive|owl_with_scarf has 120 seconds left.
|c| temporarylight|owlwithscarf
|c|☆Humerus_Skelepun|do you know temporarylight
|c| temporarylight|OU	1509	67.9%	1641 ± 25	--	278	266	544
|inactive|owl_with_scarf has 90 seconds left.
|
|t:|1779604299
|switch|p2a: Glimmora|Glimmora, F|100/100
|move|p1a: Corviknight|Roost|p1a: Corviknight
|-heal|p1a: Corviknight|81/100 tox
|
|-damage|p1a: Corviknight|69/100 tox|[from] psn
|upkeep
|turn|55
|
|t:|1779604313
|switch|p1a: Blissey|Blissey, F|77/100
|move|p2a: Glimmora|Stealth Rock|p1a: Blissey
|-sidestart|p1: Humerus_Skelepun|move: Stealth Rock
|
|upkeep
|turn|56
|
|t:|1779604323
|switch|p2a: Gliscor|Gliscor, F|100/100 tox
|move|p1a: Blissey|Calm Mind|p1a: Blissey
|-boost|p1a: Blissey|spa|1
|-boost|p1a: Blissey|spd|1
|
|upkeep
|turn|57
|
|t:|1779604326
|move|p2a: Gliscor|Swords Dance|p2a: Gliscor
|-boost|p2a: Gliscor|atk|2
|move|p1a: Blissey|Flamethrower|p2a: Gliscor
|-damage|p2a: Gliscor|65/100 tox
|
|-heal|p2a: Gliscor|78/100 tox|[from] ability: Poison Heal
|upkeep
|turn|58
|
|t:|1779604328
|switch|p1a: Dondozo|Dondozo, M|84/100
|move|p2a: Gliscor|Earthquake|p1a: Dondozo
|-damage|p1a: Dondozo|67/100
|
|-heal|p2a: Gliscor|90/100 tox|[from] ability: Poison Heal
|upkeep
|turn|59
|j| Blueflea.N
|l| Blueflea.N
|
|t:|1779604346
|switch|p1a: Gliscor|Gliscor, F|66/100 tox
|-damage|p1a: Gliscor|53/100 tox|[from] Stealth Rock
|move|p2a: Gliscor|Protect||[still]
|-fail|p2a: Gliscor
|
|-heal|p2a: Gliscor|100/100 tox|[from] ability: Poison Heal
|-heal|p1a: Gliscor|66/100 tox|[from] ability: Poison Heal
|upkeep
|turn|60
|
|t:|1779604353
|switch|p1a: Dondozo|Dondozo, M|67/100
|move|p2a: Gliscor|Facade|p1a: Dondozo
|-damage|p1a: Dondozo|50/100
|
|upkeep
|turn|61
|
|t:|1779604365
|move|p2a: Gliscor|Protect|p2a: Gliscor
|-singleturn|p2a: Gliscor|Protect
|move|p1a: Dondozo|Waterfall|p2a: Gliscor
|-activate|p2a: Gliscor|move: Protect
|
|upkeep
|turn|62
|
|t:|1779604377
|switch|p2a: Sinistcha|Sinistcha, tera:Steel|28/100
|move|p1a: Dondozo|Waterfall|p2a: Sinistcha
|-damage|p2a: Sinistcha|7/100
|
|upkeep
|turn|63
|
|t:|1779604380
|switch|p1a: Blissey|Blissey, F|77/100
|move|p2a: Sinistcha|Strength Sap|p1a: Blissey
|-unboost|p1a: Blissey|atk|1
|-heal|p2a: Sinistcha|13/100
|
|upkeep
|turn|64
|
|t:|1779604390
|switch|p2a: Gliscor|Gliscor, F|100/100 tox
|move|p1a: Blissey|Stealth Rock|p2a: Gliscor
|-sidestart|p2: owl_with_scarf|move: Stealth Rock
|
|upkeep
|turn|65
|
|t:|1779604405
|switch|p1a: Dondozo|Dondozo, M|50/100
|move|p2a: Gliscor|Earthquake|p1a: Dondozo
|-damage|p1a: Dondozo|29/100
|
|upkeep
|turn|66
|
|t:|1779604412
|switch|p2a: Sinistcha|Sinistcha, tera:Steel|13/100
|move|p1a: Dondozo|Rest|p1a: Dondozo
|-status|p1a: Dondozo|slp|[from] move: Rest
|-heal|p1a: Dondozo|100/100 slp|[silent]
|
|upkeep
|turn|67
|
|t:|1779604416
|switch|p1a: Blissey|Blissey, F|77/100
|move|p2a: Sinistcha|Matcha Gotcha|p1a: Blissey
|-damage|p1a: Blissey|67/100
|-heal|p2a: Sinistcha|22/100|[from] drain|[of] p1a: Blissey
|
|upkeep
|turn|68
|
|t:|1779604420
|switch|p2a: Gliscor|Gliscor, F|100/100 tox
|-damage|p2a: Gliscor|88/100 tox|[from] Stealth Rock
|move|p1a: Blissey|Flamethrower|p2a: Gliscor
|-crit|p2a: Gliscor
|-damage|p2a: Gliscor|52/100 tox
|
|-heal|p2a: Gliscor|65/100 tox|[from] ability: Poison Heal
|upkeep
|turn|69
|
|t:|1779604440
|switch|p2a: Sinistcha|Sinistcha, tera:Steel|22/100
|move|p1a: Blissey|Flamethrower|p2a: Sinistcha
|-supereffective|p2a: Sinistcha
|-damage|p2a: Sinistcha|3/100
|
|upkeep
|turn|70
|
|t:|1779604447
|switch|p2a: Tyranitar|Tyranitar, M|82/100 tox
|-damage|p2a: Tyranitar|70/100 tox|[from] Stealth Rock
|-weather|Sandstorm|[from] ability: Sand Stream|[of] p2a: Tyranitar
|move|p1a: Blissey|Flamethrower|p2a: Tyranitar
|-resisted|p2a: Tyranitar
|-damage|p2a: Tyranitar|67/100 tox
|
|-weather|Sandstorm|[upkeep]
|-damage|p1a: Blissey|61/100|[from] Sandstorm
|-damage|p2a: Tyranitar|61/100 tox|[from] psn
|upkeep
|turn|71
|
|t:|1779604460
|switch|p1a: Corviknight|Corviknight, F, tera:Fire|69/100 tox
|-damage|p1a: Corviknight|44/100 tox|[from] Stealth Rock
|-ability|p1a: Corviknight|Pressure
|move|p2a: Tyranitar|Knock Off|p1a: Corviknight
|-damage|p1a: Corviknight|21/100 tox
|
|-weather|Sandstorm|[upkeep]
|-damage|p1a: Corviknight|15/100 tox|[from] Sandstorm
|-damage|p1a: Corviknight|9/100 tox|[from] psn
|-damage|p2a: Tyranitar|49/100 tox|[from] psn
|upkeep
|turn|72
|
|t:|1779604472
|move|p1a: Corviknight|Body Press|p2a: Tyranitar
|-supereffective|p2a: Tyranitar
|-damage|p2a: Tyranitar|0 fnt
|faint|p2a: Tyranitar
|
|-weather|Sandstorm|[upkeep]
|-damage|p1a: Corviknight|3/100 tox|[from] Sandstorm
|-damage|p1a: Corviknight|0 fnt|[from] psn
|faint|p1a: Corviknight
|upkeep
|
|t:|1779604489
|switch|p1a: Blissey|Blissey, F|61/100
|switch|p2a: Glimmora|Glimmora, F|100/100
|-damage|p2a: Glimmora|88/100|[from] Stealth Rock
|turn|73
|
|t:|1779604496
|move|p2a: Glimmora|Stealth Rock||[still]
|-fail|p2a: Glimmora
|move|p1a: Blissey|Soft-Boiled|p1a: Blissey
|-heal|p1a: Blissey|100/100
|
|-weather|Sandstorm|[upkeep]
|-damage|p1a: Blissey|94/100|[from] Sandstorm
|-heal|p2a: Glimmora|94/100|[from] item: Leftovers
|upkeep
|turn|74
|inactive|Humerus_Skelepun has 120 seconds left.
|
|t:|1779604534
|move|p2a: Glimmora|Mortal Spin|p1a: Blissey
|-damage|p1a: Blissey|88/100
|-status|p1a: Blissey|psn
|-sideend|p2: owl_with_scarf|Stealth Rock|[from] move: Mortal Spin|[of] p2a: Glimmora
|move|p1a: Blissey|Calm Mind|p1a: Blissey
|-boost|p1a: Blissey|spa|1
|-boost|p1a: Blissey|spd|1
|
|-weather|none
|-heal|p2a: Glimmora|100/100|[from] item: Leftovers
|-damage|p1a: Blissey|76/100 psn|[from] psn
|upkeep
|turn|75
|
|t:|1779604541
|switch|p2a: Sinistcha|Sinistcha, tera:Steel|3/100
|move|p1a: Blissey|Stealth Rock|p2a: Sinistcha
|-sidestart|p2: owl_with_scarf|move: Stealth Rock
|
|-damage|p1a: Blissey|63/100 psn|[from] psn
|upkeep
|turn|76
|
|t:|1779604546
|switch|p2a: Glimmora|Glimmora, F|100/100
|-damage|p2a: Glimmora|88/100|[from] Stealth Rock
|move|p1a: Blissey|Flamethrower|p2a: Glimmora
|-resisted|p2a: Glimmora
|-damage|p2a: Glimmora|73/100
|-status|p2a: Glimmora|brn
|
|-heal|p2a: Glimmora|79/100 brn|[from] item: Leftovers
|-damage|p1a: Blissey|51/100 psn|[from] psn
|-damage|p2a: Glimmora|73/100 brn|[from] brn
|upkeep
|turn|77
|
|t:|1779604550
|move|p2a: Glimmora|Sludge Wave|p1a: Blissey
|-damage|p1a: Blissey|40/100 psn
|move|p1a: Blissey|Soft-Boiled|p1a: Blissey
|-heal|p1a: Blissey|90/100 psn
|
|-heal|p2a: Glimmora|79/100 brn|[from] item: Leftovers
|-damage|p1a: Blissey|78/100 psn|[from] psn
|-damage|p2a: Glimmora|73/100 brn|[from] brn
|upkeep
|turn|78
|
|t:|1779604558
|-curestatus|p1a: Blissey|psn|[from] ability: Natural Cure|[silent]
|switch|p1a: Gliscor|Gliscor, F|66/100 tox
|-damage|p1a: Gliscor|53/100 tox|[from] Stealth Rock
|move|p2a: Glimmora|Mortal Spin|p1a: Gliscor
|-resisted|p1a: Gliscor
|-damage|p1a: Gliscor|52/100 tox
|-sideend|p2: owl_with_scarf|Stealth Rock|[from] move: Mortal Spin|[of] p2a: Glimmora
|
|-heal|p2a: Glimmora|79/100 brn|[from] item: Leftovers
|-heal|p1a: Gliscor|65/100 tox|[from] ability: Poison Heal
|-damage|p2a: Glimmora|73/100 brn|[from] brn
|upkeep
|turn|79
|
|t:|1779604571
|switch|p2a: Gliscor|Gliscor, F|65/100 tox
|move|p1a: Gliscor|Spikes|p2a: Gliscor
|-sidestart|p2: owl_with_scarf|Spikes
|
|-heal|p2a: Gliscor|77/100 tox|[from] ability: Poison Heal
|-heal|p1a: Gliscor|77/100 tox|[from] ability: Poison Heal
|upkeep
|turn|80
|
|t:|1779604576
|move|p2a: Gliscor|Swords Dance|p2a: Gliscor
|-boost|p2a: Gliscor|atk|2
|move|p1a: Gliscor|Knock Off|p2a: Gliscor
|-damage|p2a: Gliscor|55/100 tox
|-enditem|p2a: Gliscor|Toxic Orb|[from] move: Knock Off|[of] p1a: Gliscor
|
|-heal|p2a: Gliscor|68/100 tox|[from] ability: Poison Heal
|-heal|p1a: Gliscor|90/100 tox|[from] ability: Poison Heal
|upkeep
|turn|81
|
|t:|1779604578
|switch|p1a: Dondozo|Dondozo, M|100/100 slp
|move|p2a: Gliscor|Facade|p1a: Dondozo
|-damage|p1a: Dondozo|84/100 slp
|
|-heal|p2a: Gliscor|80/100 tox|[from] ability: Poison Heal
|upkeep
|turn|82
|
|t:|1779604583
|switch|p2a: Sinistcha|Sinistcha, tera:Steel|3/100
|cant|p1a: Dondozo|slp
|move|p1a: Dondozo|Sleep Talk|p1a: Dondozo
|move|p1a: Dondozo|Rest||[from] move: Sleep Talk|[still]
|-fail|p1a: Dondozo
|
|upkeep
|turn|83
|
|t:|1779604587
|switch|p1a: Blissey|Blissey, F|78/100
|move|p2a: Sinistcha|Matcha Gotcha|p1a: Blissey|[miss]
|-miss|p2a: Sinistcha|p1a: Blissey
|
|upkeep
|turn|84
|
|t:|1779604592
|switch|p2a: Gliscor|Gliscor, F|80/100 tox
|move|p1a: Blissey|Flamethrower|p2a: Gliscor
|-damage|p2a: Gliscor|56/100 tox
|
|-heal|p2a: Gliscor|68/100 tox|[from] ability: Poison Heal
|upkeep
|turn|85
|
|t:|1779604596
|switch|p1a: Dondozo|Dondozo, M|84/100 slp
|move|p2a: Gliscor|Facade|p1a: Dondozo
|-damage|p1a: Dondozo|66/100 slp
|
|-heal|p2a: Gliscor|81/100 tox|[from] ability: Poison Heal
|upkeep
|turn|86
|
|t:|1779604600
|move|p2a: Gliscor|Facade|p1a: Dondozo
|-damage|p1a: Dondozo|49/100 slp
|cant|p1a: Dondozo|slp
|move|p1a: Dondozo|Sleep Talk|p1a: Dondozo
|move|p1a: Dondozo|Rest||[from] move: Sleep Talk|[still]
|-fail|p1a: Dondozo
|
|-heal|p2a: Gliscor|93/100 tox|[from] ability: Poison Heal
|upkeep
|turn|87
|
|t:|1779604608
|move|p2a: Gliscor|Earthquake|p1a: Dondozo
|-damage|p1a: Dondozo|30/100 slp
|-curestatus|p1a: Dondozo|slp|[msg]
|move|p1a: Dondozo|Waterfall|p2a: Gliscor
|-supereffective|p2a: Gliscor
|-damage|p2a: Gliscor|41/100 tox
|
|-heal|p2a: Gliscor|54/100 tox|[from] ability: Poison Heal
|upkeep
|turn|88
|
|t:|1779604612
|switch|p2a: Sinistcha|Sinistcha, tera:Steel|3/100
|move|p1a: Dondozo|Rest|p1a: Dondozo
|-status|p1a: Dondozo|slp|[from] move: Rest
|-heal|p1a: Dondozo|100/100 slp|[silent]
|
|upkeep
|turn|89
|
|t:|1779604615
|switch|p1a: Blissey|Blissey, F|78/100
|move|p2a: Sinistcha|Matcha Gotcha|p1a: Blissey
|-damage|p1a: Blissey|67/100
|-heal|p2a: Sinistcha|13/100|[from] drain|[of] p1a: Blissey
|-status|p1a: Blissey|brn
|
|-damage|p1a: Blissey|61/100 brn|[from] brn
|upkeep
|turn|90
|
|t:|1779604620
|switch|p2a: Gliscor|Gliscor, F|54/100 tox
|move|p1a: Blissey|Soft-Boiled|p1a: Blissey
|-heal|p1a: Blissey|100/100 brn
|
|-heal|p2a: Gliscor|66/100 tox|[from] ability: Poison Heal
|-damage|p1a: Blissey|94/100 brn|[from] brn
|upkeep
|turn|91
|
|t:|1779604633
|move|p2a: Gliscor|Facade|p1a: Blissey
|-damage|p1a: Blissey|54/100 brn
|move|p1a: Blissey|Flamethrower|p2a: Gliscor
|-damage|p2a: Gliscor|44/100 tox
|
|-heal|p2a: Gliscor|56/100 tox|[from] ability: Poison Heal
|-damage|p1a: Blissey|48/100 brn|[from] brn
|upkeep
|turn|92
|
|t:|1779604636
|-curestatus|p1a: Blissey|brn|[from] ability: Natural Cure|[silent]
|switch|p1a: Dondozo|Dondozo, M|100/100 slp
|move|p2a: Gliscor|Earthquake|p1a: Dondozo
|-damage|p1a: Dondozo|81/100 slp
|
|-heal|p2a: Gliscor|69/100 tox|[from] ability: Poison Heal
|upkeep
|turn|93
|
|t:|1779604640
|move|p2a: Gliscor|Protect|p2a: Gliscor
|-singleturn|p2a: Gliscor|Protect
|cant|p1a: Dondozo|slp
|move|p1a: Dondozo|Sleep Talk|p1a: Dondozo
|move|p1a: Dondozo|Rest||[from] move: Sleep Talk|[still]
|-fail|p1a: Dondozo
|
|-heal|p2a: Gliscor|81/100 tox|[from] ability: Poison Heal
|upkeep
|turn|94
|
|t:|1779604645
|switch|p2a: Sinistcha|Sinistcha, tera:Steel|13/100
|cant|p1a: Dondozo|slp
|move|p1a: Dondozo|Sleep Talk|p1a: Dondozo
|move|p1a: Dondozo|Rest||[from] move: Sleep Talk|[still]
|-fail|p1a: Dondozo
|
|upkeep
|turn|95
|
|t:|1779604650
|switch|p1a: Blissey|Blissey, F|48/100
|move|p2a: Sinistcha|Matcha Gotcha|p1a: Blissey
|-damage|p1a: Blissey|38/100
|-heal|p2a: Sinistcha|22/100|[from] drain|[of] p1a: Blissey
|
|upkeep
|turn|96
|
|t:|1779604673
|switch|p2a: Gliscor|Gliscor, F|81/100 tox
|move|p1a: Blissey|Soft-Boiled|p1a: Blissey
|-heal|p1a: Blissey|88/100
|
|-heal|p2a: Gliscor|93/100 tox|[from] ability: Poison Heal
|upkeep
|turn|97
|
|t:|1779604677
|switch|p1a: Dondozo|Dondozo, M|81/100 slp
|move|p2a: Gliscor|Earthquake|p1a: Dondozo
|-damage|p1a: Dondozo|61/100 slp
|
|-heal|p2a: Gliscor|100/100 tox|[from] ability: Poison Heal
|upkeep
|turn|98
|
|t:|1779604682
|move|p2a: Gliscor|Earthquake|p1a: Dondozo
|-damage|p1a: Dondozo|40/100 slp
|-curestatus|p1a: Dondozo|slp|[msg]
|move|p1a: Dondozo|Sleep Talk||[still]
|-fail|p1a: Dondozo
|
|upkeep
|turn|99
|
|t:|1779604697
|move|p2a: Gliscor|Earthquake|p1a: Dondozo
|-damage|p1a: Dondozo|20/100
|move|p1a: Dondozo|Curse|p1a: Dondozo
|-unboost|p1a: Dondozo|spe|1
|-boost|p1a: Dondozo|atk|1
|-boost|p1a: Dondozo|def|1
|
|upkeep
|turn|100
|
|t:|1779604701
|switch|p2a: Sinistcha|Sinistcha, tera:Steel|22/100
|move|p1a: Dondozo|Waterfall|p2a: Sinistcha
|-damage|p2a: Sinistcha|0 fnt
|faint|p2a: Sinistcha
|
|upkeep
|
|t:|1779604706
|switch|p2a: Glimmora|Glimmora, F|73/100 brn
|-damage|p2a: Glimmora|61/100 brn|[from] Spikes
|turn|101
|
|t:|1779604717
|switch|p1a: Gliscor|Gliscor, F|90/100 tox
|-damage|p1a: Gliscor|77/100 tox|[from] Stealth Rock
|move|p2a: Glimmora|Sludge Wave|p1a: Gliscor
|-resisted|p1a: Gliscor
|-damage|p1a: Gliscor|56/100 tox
|
|-heal|p2a: Glimmora|67/100 brn|[from] item: Leftovers
|-heal|p1a: Gliscor|68/100 tox|[from] ability: Poison Heal
|-damage|p2a: Glimmora|61/100 brn|[from] brn
|upkeep
|turn|102
|
|t:|1779604728
|switch|p2a: Gliscor|Gliscor, F|100/100 tox
|switch|p1a: Dondozo|Dondozo, M|20/100
|
|upkeep
|turn|103
|
|t:|1779604739
|move|p2a: Gliscor|Earthquake|p1a: Dondozo
|-crit|p1a: Dondozo
|-damage|p1a: Dondozo|0 fnt
|faint|p1a: Dondozo
|
|upkeep
|
|t:|1779604744
|switch|p1a: Amoonguss|Amoonguss, M|100/100
|-damage|p1a: Amoonguss|88/100|[from] Stealth Rock
|turn|104
|
|t:|1779604755
|move|p2a: Gliscor|Swords Dance|p2a: Gliscor
|-boost|p2a: Gliscor|atk|2
|move|p1a: Amoonguss|Foul Play|p2a: Gliscor
|-damage|p2a: Gliscor|49/100 tox
|
|-heal|p2a: Gliscor|61/100 tox|[from] ability: Poison Heal
|upkeep
|turn|105
|
|t:|1779604765
|move|p2a: Gliscor|Protect|p2a: Gliscor
|-singleturn|p2a: Gliscor|Protect
|move|p1a: Amoonguss|Foul Play|p2a: Gliscor
|-activate|p2a: Gliscor|move: Protect
|
|-heal|p2a: Gliscor|73/100 tox|[from] ability: Poison Heal
|upkeep
|turn|106
|
|t:|1779604774
|move|p2a: Gliscor|Earthquake|p1a: Amoonguss
|-damage|p1a: Amoonguss|28/100
|move|p1a: Amoonguss|Foul Play|p2a: Gliscor
|-damage|p2a: Gliscor|24/100 tox
|
|-heal|p2a: Gliscor|36/100 tox|[from] ability: Poison Heal
|upkeep
|turn|107
|
|t:|1779604780
|move|p2a: Gliscor|Facade|p1a: Amoonguss
|-damage|p1a: Amoonguss|0 fnt
|faint|p1a: Amoonguss
|
|-heal|p2a: Gliscor|48/100 tox|[from] ability: Poison Heal
|upkeep
|
|t:|1779604785
|switch|p1a: Gliscor|Gliscor, F|68/100 tox
|-damage|p1a: Gliscor|56/100 tox|[from] Stealth Rock
|turn|108
|
|t:|1779604790
|move|p2a: Gliscor|Facade|p1a: Gliscor
|-damage|p1a: Gliscor|0 fnt
|faint|p1a: Gliscor
|
|-heal|p2a: Gliscor|61/100 tox|[from] ability: Poison Heal
|upkeep
|
|t:|1779604793
|switch|p1a: Blissey|Blissey, F|88/100
|turn|109
|
|t:|1779604795
|move|p2a: Gliscor|Earthquake|p1a: Blissey
|-damage|p1a: Blissey|0 fnt
|faint|p1a: Blissey
|
|-heal|p2a: Gliscor|73/100 tox|[from] ability: Poison Heal
|upkeep
|
|t:|1779604796
|switch|p1a: Toxapex|Toxapex, F|100/100
|-damage|p1a: Toxapex|88/100|[from] Stealth Rock
|turn|110
|
|t:|1779604799
|move|p2a: Gliscor|Earthquake|p1a: Toxapex
|-supereffective|p1a: Toxapex
|-damage|p1a: Toxapex|0 fnt
|faint|p1a: Toxapex
|
|win|owl_with_scarf
|raw|Humerus_Skelepun's rating: 1472 &rarr; <strong>1455</strong><br />(-17 for losing)
|raw|owl_with_scarf's rating: 1524 &rarr; <strong>1541</strong><br />(+17 for winning)
|l|☆Humerus_Skelepun
|player|p1|
|l|☆owl_with_scarf
|player|p2|
