|j|☆monday2026
|j|☆Miurez
|t:|1779683902
|gametype|singles
|player|p1|monday2026|2|1554
|player|p2|Miurez|pokemonranger-gen4|1734
|gen|9
|tier|[Gen 9] OU
|rated|
|rule|HP Percentage Mod: HP is shown in percentages
|rule|Endless Battle Clause: Forcing endless battles is banned
|rule|Species Clause: Limit one of each Pokémon
|rule|OHKO Clause: OHKO moves are banned
|rule|Evasion Items Clause: Evasion items are banned
|rule|Evasion Moves Clause: Evasion moves are banned
|rule|Evasion Abilities Clause: Evasion abilities are banned
|rule|Sleep Moves Clause: Sleep-inducing moves are banned
|clearpoke
|poke|p1|Hoopa-Unbound|
|poke|p1|Regidrago|
|poke|p1|Ditto|
|poke|p1|Dondozo, M|
|poke|p1|Tyranitar, M|
|poke|p1|Iron Hands|
|poke|p2|Dragonite, M|
|poke|p2|Volcanion|
|poke|p2|Great Tusk|
|poke|p2|Hatterene, F|
|poke|p2|Kingambit, F|
|poke|p2|Deoxys-Speed|
|teampreview
|inactive|Battle timer is ON: inactive players will automatically lose when time's up. (requested by monday2026)
|
|t:|1779683908
|teamsize|p1|6
|teamsize|p2|6
|start
|switch|p1a: Hoopa|Hoopa-Unbound|100/100
|switch|p2a: Deoxys|Deoxys-Speed|100/100
|-ability|p2a: Deoxys|Pressure
|turn|1
|
|t:|1779683922
|move|p2a: Deoxys|Knock Off|p1a: Hoopa
|-damage|p1a: Hoopa|56/100
|-enditem|p1a: Hoopa|Assault Vest|[from] move: Knock Off|[of] p2a: Deoxys
|move|p1a: Hoopa|Knock Off|p2a: Deoxys
|-supereffective|p2a: Deoxys
|-damage|p2a: Deoxys|0 fnt
|-enditem|p2a: Deoxys|Eject Pack|[from] move: Knock Off|[of] p1a: Hoopa
|faint|p2a: Deoxys
|
|upkeep
|
|t:|1779683931
|switch|p2a: Great Tusk|Great Tusk|100/100
|turn|2
|
|t:|1779683944
|move|p2a: Great Tusk|Headlong Rush|p1a: Hoopa
|-damage|p1a: Hoopa|0 fnt
|-unboost|p2a: Great Tusk|def|1
|-unboost|p2a: Great Tusk|spd|1
|faint|p1a: Hoopa
|
|upkeep
|
|t:|1779683962
|switch|p1a: Dondozo|Dondozo, M|100/100
|turn|3
|
|t:|1779683969
|-end|p2a: Great Tusk|Protosynthesis|[silent]
|switch|p2a: Volcanion|Volcanion|100/100
|move|p1a: Dondozo|Earthquake|p2a: Volcanion
|-supereffective|p2a: Volcanion
|-damage|p2a: Volcanion|14/100
|
|-heal|p2a: Volcanion|20/100|[from] item: Leftovers
|upkeep
|turn|4
|
|t:|1779683975
|move|p2a: Volcanion|Sludge Bomb|p1a: Dondozo
|-damage|p1a: Dondozo|70/100
|-status|p1a: Dondozo|psn
|move|p1a: Dondozo|Earthquake|p2a: Volcanion
|-supereffective|p2a: Volcanion
|-damage|p2a: Volcanion|0 fnt
|faint|p2a: Volcanion
|
|-damage|p1a: Dondozo|58/100 psn|[from] psn
|upkeep
|j| Eternity o2
|
|t:|1779683996
|switch|p2a: Dragonite|Dragonite, M|100/100
|turn|5
|
|t:|1779684010
|switch|p1a: Tyranitar|Tyranitar, M|100/100
|-weather|Sandstorm|[from] ability: Sand Stream|[of] p1a: Tyranitar
|move|p2a: Dragonite|Encore||[still]
|-fail|p2a: Dragonite
|
|-weather|Sandstorm|[upkeep]
|-damage|p2a: Dragonite|94/100|[from] Sandstorm
|upkeep
|turn|6
|
|t:|1779684014
|switch|p2a: Great Tusk|Great Tusk|100/100
|move|p1a: Tyranitar|Ice Punch|p2a: Great Tusk
|-supereffective|p2a: Great Tusk
|-damage|p2a: Great Tusk|61/100
|-damage|p1a: Tyranitar|84/100|[from] item: Rocky Helmet|[of] p2a: Great Tusk
|
|-weather|Sandstorm|[upkeep]
|upkeep
|turn|7
|
|t:|1779684025
|-terastallize|p1a: Tyranitar|Ghost
|move|p2a: Great Tusk|Headlong Rush|p1a: Tyranitar
|-damage|p1a: Tyranitar|29/100
|-unboost|p2a: Great Tusk|def|1
|-unboost|p2a: Great Tusk|spd|1
|move|p1a: Tyranitar|Ice Punch|p2a: Great Tusk
|-supereffective|p2a: Great Tusk
|-damage|p2a: Great Tusk|0 fnt
|-damage|p1a: Tyranitar|13/100|[from] item: Rocky Helmet|[of] p2a: Great Tusk
|faint|p2a: Great Tusk
|-end|p2a: Great Tusk|Protosynthesis|[silent]
|
|-weather|Sandstorm|[upkeep]
|-damage|p1a: Tyranitar|7/100|[from] Sandstorm
|upkeep
|
|t:|1779684045
|switch|p2a: Kingambit|Kingambit, F|100/100
|-activate|p2a: Kingambit|ability: Supreme Overlord
|-start|p2a: Kingambit|fallen3|[silent]
|turn|8
|
|t:|1779684057
|move|p2a: Kingambit|Sucker Punch|p1a: Tyranitar
|-supereffective|p1a: Tyranitar
|-damage|p1a: Tyranitar|0 fnt
|faint|p1a: Tyranitar
|
|-weather|Sandstorm|[upkeep]
|upkeep
|inactive|monday2026 has 120 seconds left.
|l| Eternity o2
|
|t:|1779684101
|switch|p1a: Iron Hands|Iron Hands|100/100
|-enditem|p1a: Iron Hands|Booster Energy
|-activate|p1a: Iron Hands|ability: Quark Drive|[fromitem]
|-start|p1a: Iron Hands|quarkdriveatk
|turn|9
|inactive|monday2026 has 120 seconds left.
|
|t:|1779684111
|-end|p2a: Kingambit|fallen3|[silent]
|switch|p2a: Hatterene|Hatterene, F|100/100
|move|p1a: Iron Hands|Supercell Slam|p2a: Hatterene
|-damage|p2a: Hatterene|33/100
|-damage|p1a: Iron Hands|84/100|[from] item: Rocky Helmet|[of] p2a: Hatterene
|
|-weather|none
|upkeep
|turn|10
|
|t:|1779684118
|move|p1a: Iron Hands|Supercell Slam|p2a: Hatterene
|-damage|p2a: Hatterene|0 fnt
|-damage|p1a: Iron Hands|68/100|[from] item: Rocky Helmet|[of] p2a: Hatterene
|faint|p2a: Hatterene
|
|upkeep
|j| ueyr76
|
|t:|1779684122
|switch|p2a: Dragonite|Dragonite, M|94/100
|turn|11
|l| ueyr76
|j| ueyr76
|l| ueyr76
|
|t:|1779684144
|-terastallize|p2a: Dragonite|Fire
|move|p2a: Dragonite|Dragon Dance|p2a: Dragonite
|-boost|p2a: Dragonite|atk|1
|-boost|p2a: Dragonite|spe|1
|move|p1a: Iron Hands|Supercell Slam|p2a: Dragonite
|-damage|p2a: Dragonite|12/100
|
|upkeep
|turn|12
|
|t:|1779684154
|move|p2a: Dragonite|Scale Shot|p1a: Iron Hands
|-damage|p1a: Iron Hands|54/100
|-damage|p1a: Iron Hands|42/100
|-damage|p1a: Iron Hands|30/100
|-damage|p1a: Iron Hands|18/100
|-hitcount|p1a: Iron Hands|4
|-unboost|p2a: Dragonite|def|1
|-boost|p2a: Dragonite|spe|1
|move|p1a: Iron Hands|Drain Punch|p2a: Dragonite
|-damage|p2a: Dragonite|0 fnt
|-heal|p1a: Iron Hands|22/100|[from] drain|[of] p2a: Dragonite
|faint|p2a: Dragonite
|
|upkeep
|
|t:|1779684160
|switch|p2a: Kingambit|Kingambit, F|100/100
|-activate|p2a: Kingambit|ability: Supreme Overlord
|-start|p2a: Kingambit|fallen5|[silent]
|turn|13
|
|t:|1779684167
|move|p2a: Kingambit|Low Kick|p1a: Iron Hands
|-damage|p1a: Iron Hands|0 fnt
|faint|p1a: Iron Hands
|-end|p1a: Iron Hands|Quark Drive|[silent]
|
|upkeep
|
|t:|1779684173
|switch|p1a: Dondozo|Dondozo, M|58/100 psn
|turn|14
|
|t:|1779684178
|move|p2a: Kingambit|Low Kick|p1a: Dondozo
|-damage|p1a: Dondozo|16/100 psn
|move|p1a: Dondozo|Earthquake|p2a: Kingambit
|-supereffective|p2a: Kingambit
|-damage|p2a: Kingambit|16/100
|
|-heal|p2a: Kingambit|22/100|[from] item: Leftovers
|-damage|p1a: Dondozo|3/100 psn|[from] psn
|upkeep
|turn|15
|
|t:|1779684188
|move|p2a: Kingambit|Iron Head|p1a: Dondozo
|-resisted|p1a: Dondozo
|-damage|p1a: Dondozo|0 fnt
|faint|p1a: Dondozo
|
|-heal|p2a: Kingambit|29/100|[from] item: Leftovers
|upkeep
|
|t:|1779684191
|switch|p1a: Ditto|Ditto|100/100
|-transform|p1a: Ditto|p2a: Kingambit|[from] ability: Imposter
|-activate|p1a: Ditto|ability: Supreme Overlord
|-start|p1a: Ditto|fallen4|[silent]
|turn|16
|
|t:|1779684193
|move|p1a: Ditto|Low Kick|p2a: Kingambit
|-supereffective|p2a: Kingambit
|-damage|p2a: Kingambit|0 fnt
|faint|p2a: Kingambit
|-end|p2a: Kingambit|fallen5|[silent]
|
|win|monday2026
|raw|monday2026's rating: 1554 &rarr; <strong>1584</strong><br />(+30 for winning)
|raw|Miurez's rating: 1734 &rarr; <strong>1704</strong><br />(-30 for losing)
|l|☆Miurez
|player|p2|
|l|☆monday2026
|player|p1|
