|j|☆perfecto123
|j|☆Teefryingpan
|t:|1779716824
|gametype|singles
|player|p1|perfecto123|101|1580
|player|p2|Teefryingpan|169|1566
|gen|9
|tier|[Gen 9] OU
|rated|
|rule|HP Percentage Mod: HP is shown in percentages
|rule|Endless Battle Clause: Forcing endless battles is banned
|rule|Species Clause: Limit one of each Pokémon
|rule|OHKO Clause: OHKO moves are banned
|rule|Evasion Items Clause: Evasion items are banned
|rule|Evasion Moves Clause: Evasion moves are banned
|rule|Evasion Abilities Clause: Evasion abilities are banned
|rule|Sleep Moves Clause: Sleep-inducing moves are banned
|clearpoke
|poke|p1|Ribombee, M|
|poke|p1|Quaquaval, F|
|poke|p1|Hydreigon, F|
|poke|p1|Iron Moth|
|poke|p1|Skeledirge, M|
|poke|p1|Ogerpon-Wellspring, F|
|poke|p2|Samurott-Hisui, F|
|poke|p2|Dragapult, M|
|poke|p2|Enamorus, F|
|poke|p2|Scizor, M|
|poke|p2|Iron Treads|
|poke|p2|Ogerpon-Wellspring, F|
|teampreview
|inactive|Battle timer is ON: inactive players will automatically lose when time's up. (requested by Teefryingpan)
|
|t:|1779716834
|teamsize|p1|6
|teamsize|p2|6
|start
|switch|p1a: Quaquaval|Quaquaval, F|100/100
|switch|p2a: Iron Treads|Iron Treads|100/100
|turn|1
|
|t:|1779716839
|-end|p2a: Iron Treads|Quark Drive|[silent]
|switch|p2a: Dragapult|Dragapult, M|100/100
|move|p1a: Quaquaval|Aqua Step|p2a: Dragapult
|-resisted|p2a: Dragapult
|-damage|p2a: Dragapult|68/100
|-boost|p1a: Quaquaval|spe|1
|
|upkeep
|turn|2
|
|t:|1779716853
|-terastallize|p1a: Quaquaval|Fire
|move|p2a: Dragapult|Draco Meteor|p1a: Quaquaval
|-damage|p1a: Quaquaval|0 fnt
|-unboost|p2a: Dragapult|spa|2
|faint|p1a: Quaquaval
|
|upkeep
|
|t:|1779716860
|switch|p1a: Ribombee|Ribombee, M|100/100
|turn|3
|
|t:|1779716863
|switch|p2a: Iron Treads|Iron Treads|100/100
|move|p1a: Ribombee|Stun Spore|p2a: Iron Treads|[miss]
|-miss|p1a: Ribombee|p2a: Iron Treads
|
|upkeep
|turn|4
|
|t:|1779716869
|switch|p1a: Ogerpon|Ogerpon-Wellspring, F|100/100
|move|p2a: Iron Treads|Stealth Rock|p1a: Ogerpon
|-sidestart|p1: perfecto123|move: Stealth Rock
|
|upkeep
|turn|5
|
|t:|1779716874
|-end|p2a: Iron Treads|Quark Drive|[silent]
|switch|p2a: Ogerpon|Ogerpon-Wellspring, F|100/100
|move|p1a: Ogerpon|Trailblaze|p2a: Ogerpon
|-damage|p2a: Ogerpon|64/100
|-boost|p1a: Ogerpon|spe|1
|
|upkeep
|turn|6
|
|t:|1779716881
|move|p1a: Ogerpon|Swords Dance|p1a: Ogerpon
|-boost|p1a: Ogerpon|atk|2
|move|p2a: Ogerpon|Power Whip|p1a: Ogerpon
|-damage|p1a: Ogerpon|1/100
|
|upkeep
|turn|7
|
|t:|1779716888
|move|p1a: Ogerpon|Play Rough|p2a: Ogerpon
|-damage|p2a: Ogerpon|0 fnt
|faint|p2a: Ogerpon
|
|upkeep
|
|t:|1779716893
|switch|p2a: Scizor|Scizor, M|100/100
|turn|8
|
|t:|1779716896
|move|p2a: Scizor|Bullet Punch|p1a: Ogerpon
|-resisted|p1a: Ogerpon
|-damage|p1a: Ogerpon|0 fnt
|faint|p1a: Ogerpon
|
|upkeep
|
|t:|1779716900
|switch|p1a: Skeledirge|Skeledirge, M|100/100
|-damage|p1a: Skeledirge|76/100|[from] Stealth Rock
|turn|9
|
|t:|1779716904
|switch|p2a: Samurott|Samurott-Hisui, F|100/100
|move|p1a: Skeledirge|Alluring Voice|p2a: Samurott
|-supereffective|p2a: Samurott
|-damage|p2a: Samurott|21/100
|
|-heal|p1a: Skeledirge|82/100|[from] item: Leftovers
|upkeep
|turn|10
|
|t:|1779716912
|switch|p1a: Ribombee|Ribombee, M|100/100
|-damage|p1a: Ribombee|76/100|[from] Stealth Rock
|move|p2a: Samurott|Ceaseless Edge|p1a: Ribombee|[miss]
|-miss|p2a: Samurott|p1a: Ribombee
|
|upkeep
|turn|11
|
|t:|1779716919
|move|p1a: Ribombee|Tailwind|p1a: Ribombee
|-sidestart|p1: perfecto123|move: Tailwind
|move|p2a: Samurott|Aqua Cutter|p1a: Ribombee
|-damage|p1a: Ribombee|0 fnt
|faint|p1a: Ribombee
|
|upkeep
|
|t:|1779716928
|switch|p1a: Skeledirge|Skeledirge, M|82/100
|-damage|p1a: Skeledirge|57/100|[from] Stealth Rock
|turn|12
|
|t:|1779716933
|move|p2a: Samurott|Sucker Punch|p1a: Skeledirge
|-supereffective|p1a: Skeledirge
|-damage|p1a: Skeledirge|0 fnt
|faint|p1a: Skeledirge
|
|upkeep
|
|t:|1779716940
|switch|p1a: Iron Moth|Iron Moth|100/100
|-damage|p1a: Iron Moth|76/100|[from] Stealth Rock
|-enditem|p1a: Iron Moth|Booster Energy
|-activate|p1a: Iron Moth|ability: Quark Drive|[fromitem]
|-start|p1a: Iron Moth|quarkdrivespa
|turn|13
|
|t:|1779716949
|move|p1a: Iron Moth|Substitute|p1a: Iron Moth
|-start|p1a: Iron Moth|Substitute
|-damage|p1a: Iron Moth|51/100
|move|p2a: Samurott|Aqua Cutter|p1a: Iron Moth
|-supereffective|p1a: Iron Moth
|-crit|p1a: Iron Moth
|-end|p1a: Iron Moth|Substitute
|
|upkeep
|turn|14
|
|t:|1779716955
|move|p1a: Iron Moth|Substitute|p1a: Iron Moth
|-start|p1a: Iron Moth|Substitute
|-damage|p1a: Iron Moth|26/100
|move|p2a: Samurott|Aqua Cutter|p1a: Iron Moth
|-supereffective|p1a: Iron Moth
|-end|p1a: Iron Moth|Substitute
|
|-sideend|p1: perfecto123|move: Tailwind
|upkeep
|turn|15
|
|t:|1779716962
|move|p1a: Iron Moth|Substitute|p1a: Iron Moth
|-start|p1a: Iron Moth|Substitute
|-damage|p1a: Iron Moth|1/100
|move|p2a: Samurott|Aqua Cutter|p1a: Iron Moth
|-supereffective|p1a: Iron Moth
|-crit|p1a: Iron Moth
|-end|p1a: Iron Moth|Substitute
|
|upkeep
|turn|16
|-message|perfecto123 forfeited.
|
|win|Teefryingpan
|raw|perfecto123's rating: 1580 &rarr; <strong>1559</strong><br />(-21 for losing)
|raw|Teefryingpan's rating: 1566 &rarr; <strong>1587</strong><br />(+21 for winning)
|l|☆perfecto123
|player|p1|
