|j|☆bodych0ke
|j|☆zkuria
|t:|1779577219
|gametype|singles
|player|p1|bodych0ke|ghetsis|1266
|player|p2|zkuria|170|1214
|gen|9
|tier|[Gen 9] OU
|rated|
|rule|HP Percentage Mod: HP is shown in percentages
|rule|Endless Battle Clause: Forcing endless battles is banned
|rule|Species Clause: Limit one of each Pokémon
|rule|OHKO Clause: OHKO moves are banned
|rule|Evasion Items Clause: Evasion items are banned
|rule|Evasion Moves Clause: Evasion moves are banned
|rule|Evasion Abilities Clause: Evasion abilities are banned
|rule|Sleep Moves Clause: Sleep-inducing moves are banned
|clearpoke
|poke|p1|Torkoal, M|
|poke|p1|Walking Wake|
|poke|p1|Raging Bolt|
|poke|p1|Ceruledge, M|
|poke|p1|Corviknight, M|
|poke|p1|Dragonite, M|
|poke|p2|Gliscor, F|
|poke|p2|Dragapult, M|
|poke|p2|Gholdengo|
|poke|p2|Hatterene, F|
|poke|p2|Tsareena, F|
|poke|p2|Darkrai|
|teampreview
|
|t:|1779577244
|teamsize|p1|6
|teamsize|p2|6
|start
|switch|p1a: Torkoal|Torkoal, M|100/100
|switch|p2a: Gliscor|Gliscor, F, shiny|100/100
|-weather|SunnyDay|[from] ability: Drought|[of] p1a: Torkoal
|turn|1
|
|t:|1779577255
|switch|p1a: Corviknight|Corviknight, M|100/100
|-ability|p1a: Corviknight|Pressure
|move|p2a: Gliscor|Knock Off|p1a: Corviknight
|-damage|p1a: Corviknight|88/100
|-damage|p2a: Gliscor|84/100|[from] item: Rocky Helmet|[of] p1a: Corviknight
|-enditem|p1a: Corviknight|Rocky Helmet|[from] move: Knock Off|[of] p2a: Gliscor
|
|-weather|SunnyDay|[upkeep]
|-status|p2a: Gliscor|tox|[from] item: Toxic Orb
|upkeep
|turn|2
|
|t:|1779577293
|move|p2a: Gliscor|Spikes|p1a: Corviknight
|-sidestart|p1: bodych0ke|Spikes
|move|p1a: Corviknight|U-turn|p2a: Gliscor
|-resisted|p2a: Gliscor
|-damage|p2a: Gliscor|80/100 tox
|
|t:|1779577295
|switch|p1a: Walking Wake|Walking Wake|100/100|[from] U-turn
|-damage|p1a: Walking Wake|88/100|[from] Spikes
|-activate|p1a: Walking Wake|ability: Protosynthesis
|-start|p1a: Walking Wake|protosynthesisspe
|
|-weather|SunnyDay|[upkeep]
|-heal|p2a: Gliscor|92/100 tox|[from] ability: Poison Heal
|upkeep
|turn|3
|inactive|Battle timer is ON: inactive players will automatically lose when time's up. (requested by bodych0ke)
|
|t:|1779577327
|switch|p2a: Tsareena|Tsareena, F|100/100
|-terastallize|p1a: Walking Wake|Water
|move|p1a: Walking Wake|Hydro Steam|p2a: Tsareena
|-resisted|p2a: Tsareena
|-damage|p2a: Tsareena|59/100
|
|-weather|SunnyDay|[upkeep]
|upkeep
|turn|4
|
|t:|1779577342
|switch|p2a: Dragapult|Dragapult, M, shiny|100/100
|move|p1a: Walking Wake|Hydro Steam|p2a: Dragapult
|-resisted|p2a: Dragapult
|-crit|p2a: Dragapult
|-damage|p2a: Dragapult|0 fnt
|faint|p2a: Dragapult
|
|-weather|SunnyDay|[upkeep]
|upkeep
|
|t:|1779577357
|switch|p2a: Hatterene|Hatterene, F|100/100
|turn|5
|
|t:|1779577367
|move|p1a: Walking Wake|Hydro Steam|p2a: Hatterene
|-damage|p2a: Hatterene|0 fnt
|faint|p2a: Hatterene
|
|-weather|SunnyDay|[upkeep]
|upkeep
|
|t:|1779577374
|switch|p2a: Tsareena|Tsareena, F|59/100
|turn|6
|
|t:|1779577380
|move|p1a: Walking Wake|Hydro Steam|p2a: Tsareena
|-resisted|p2a: Tsareena
|-damage|p2a: Tsareena|13/100
|move|p2a: Tsareena|Power Whip|p1a: Walking Wake
|-supereffective|p1a: Walking Wake
|-damage|p1a: Walking Wake|0 fnt
|faint|p1a: Walking Wake
|-end|p1a: Walking Wake|Protosynthesis|[silent]
|
|-weather|SunnyDay|[upkeep]
|upkeep
|
|t:|1779577386
|switch|p1a: Dragonite|Dragonite, M|100/100
|turn|7
|
|t:|1779577393
|move|p1a: Dragonite|Extreme Speed|p2a: Tsareena
|-damage|p2a: Tsareena|0 fnt
|faint|p2a: Tsareena
|
|-weather|SunnyDay|[upkeep]
|upkeep
|
|t:|1779577407
|switch|p2a: Gholdengo|Gholdengo, shiny|100/100
|turn|8
|
|t:|1779577410
|move|p2a: Gholdengo|Thunder Wave|p1a: Dragonite|[miss]
|-miss|p2a: Gholdengo|p1a: Dragonite
|move|p1a: Dragonite|Earthquake|p2a: Gholdengo
|-supereffective|p2a: Gholdengo
|-damage|p2a: Gholdengo|29/100
|
|-weather|none
|upkeep
|turn|9
|
|t:|1779577419
|move|p2a: Gholdengo|Thunder Wave|p1a: Dragonite
|-status|p1a: Dragonite|par
|move|p1a: Dragonite|Earthquake|p2a: Gholdengo
|-supereffective|p2a: Gholdengo
|-damage|p2a: Gholdengo|0 fnt
|faint|p2a: Gholdengo
|
|upkeep
|
|t:|1779577431
|switch|p2a: Gliscor|Gliscor, F, shiny|92/100 tox
|turn|10
|
|t:|1779577436
|move|p1a: Dragonite|Extreme Speed|p2a: Gliscor
|-damage|p2a: Gliscor|74/100 tox
|move|p2a: Gliscor|Knock Off|p1a: Dragonite
|-damage|p1a: Dragonite|90/100 par
|-enditem|p1a: Dragonite|Heavy-Duty Boots|[from] move: Knock Off|[of] p2a: Gliscor
|
|-heal|p2a: Gliscor|87/100 tox|[from] ability: Poison Heal
|upkeep
|turn|11
|
|t:|1779577446
|move|p2a: Gliscor|Spikes|p1a: Dragonite
|-sidestart|p1: bodych0ke|Spikes
|cant|p1a: Dragonite|par
|
|-heal|p2a: Gliscor|99/100 tox|[from] ability: Poison Heal
|upkeep
|turn|12
|inactive|bodych0ke has 120 seconds left.
|
|t:|1779577477
|move|p2a: Gliscor|Spikes|p1a: Dragonite
|-sidestart|p1: bodych0ke|Spikes
|cant|p1a: Dragonite|par
|
|-heal|p2a: Gliscor|100/100 tox|[from] ability: Poison Heal
|upkeep
|turn|13
|inactive|bodych0ke has 120 seconds left.
|
|t:|1779577495
|switch|p2a: Darkrai|Darkrai|100/100
|move|p1a: Dragonite|Dragon Dance|p1a: Dragonite
|-boost|p1a: Dragonite|atk|1
|-boost|p1a: Dragonite|spe|1
|
|upkeep
|turn|14
|
|t:|1779577503
|move|p1a: Dragonite|Extreme Speed|p2a: Darkrai
|-damage|p2a: Darkrai|35/100
|move|p2a: Darkrai|Ice Beam|p1a: Dragonite
|-supereffective|p1a: Dragonite
|-damage|p1a: Dragonite|0 fnt
|faint|p1a: Dragonite
|
|upkeep
|inactive|bodych0ke has 120 seconds left.
|
|t:|1779577529
|switch|p1a: Raging Bolt|Raging Bolt|100/100
|-damage|p1a: Raging Bolt|76/100|[from] Spikes
|turn|15
|
|t:|1779577535
|move|p1a: Raging Bolt|Thunderclap|p2a: Darkrai
|-damage|p2a: Darkrai|0 fnt
|faint|p2a: Darkrai
|
|-heal|p1a: Raging Bolt|82/100|[from] item: Leftovers
|upkeep
|
|t:|1779577542
|switch|p2a: Gliscor|Gliscor, F, shiny|100/100 tox
|turn|16
|inactive|bodych0ke has 120 seconds left.
|
|t:|1779577550
|move|p1a: Raging Bolt|Dragon Pulse|p2a: Gliscor
|-damage|p2a: Gliscor|37/100 tox
|move|p2a: Gliscor|Knock Off|p1a: Raging Bolt
|-damage|p1a: Raging Bolt|61/100
|-enditem|p1a: Raging Bolt|Leftovers|[from] move: Knock Off|[of] p2a: Gliscor
|
|-heal|p2a: Gliscor|50/100 tox|[from] ability: Poison Heal
|upkeep
|turn|17
|-message|zkuria forfeited.
|
|win|bodych0ke
|raw|bodych0ke's rating: 1266 &rarr; <strong>1287</strong><br />(+21 for winning)
|raw|zkuria's rating: 1214 &rarr; <strong>1193</strong><br />(-21 for losing)
|l|☆zkuria
|player|p2|
|l|☆bodych0ke
|player|p1|
