|j|☆jim0510
|j|☆ItsMeFiery
|t:|1779625664
|gametype|singles
|player|p1|jim0510|101|
|player|p2|ItsMeFiery|candice|
|gen|9
|tier|[Gen 9] OU
|rule|HP Percentage Mod: HP is shown in percentages
|rule|Endless Battle Clause: Forcing endless battles is banned
|rule|Species Clause: Limit one of each Pokémon
|rule|OHKO Clause: OHKO moves are banned
|rule|Evasion Items Clause: Evasion items are banned
|rule|Evasion Moves Clause: Evasion moves are banned
|rule|Evasion Abilities Clause: Evasion abilities are banned
|rule|Sleep Moves Clause: Sleep-inducing moves are banned
|clearpoke
|poke|p1|Iron Valiant|
|poke|p1|Magnezone|
|poke|p1|Hydreigon, F|
|poke|p1|Toxapex, F|
|poke|p1|Gliscor, F|
|poke|p1|Tauros-Paldea-Blaze, M|
|poke|p2|Enamorus, F|
|poke|p2|Garchomp, M|
|poke|p2|Slowking-Galar, F|
|poke|p2|Zapdos|
|poke|p2|Mismagius, M|
|poke|p2|Forretress, M|
|teampreview
|j| PrestigeCivilian
|j| firstle
|j| Vinkun9746
|c|☆ItsMeFiery|zapdos tera fly
|c| Vinkun9746|scary
|c|☆jim0510|hydreigon tera electric
|
|t:|1779625712
|teamsize|p1|6
|teamsize|p2|6
|start
|switch|p1a: Cool sword|Iron Valiant|100/100
|switch|p2a: Cyclops|Slowking-Galar, F|100/100
|turn|1
|c| Vinkun9746|oh no
|
|t:|1779625729
|move|p1a: Cool sword|Shadow Ball|p2a: Cyclops
|-supereffective|p2a: Cyclops
|-damage|p2a: Cyclops|69/100
|move|p2a: Cyclops|Future Sight|p1a: Cool sword
|-start|p2a: Cyclops|move: Future Sight
|
|upkeep
|turn|2
|c| Vinkun9746|naka observation haki
|j| Just_Seele
|
|t:|1779625771
|-end|p1a: Cool sword|Quark Drive|[silent]
|switch|p1a: Aswang|Gliscor, F|100/100
|move|p2a: Cyclops|Thunder Wave|p1a: Aswang
|-immune|p1a: Aswang
|
|-status|p1a: Aswang|tox|[from] item: Toxic Orb
|upkeep
|turn|3
|c| Vinkun9746|predicted?
|c| PrestigeCivilian|hmmmmm
|c| PrestigeCivilian|who's to say
|c| PrestigeCivilian|ikaw nalang magsabi
|c| Vinkun9746|na predict ni jim yung twave
|
|t:|1779625867
|switch|p2a: Unc|Zapdos|100/100
|move|p1a: Aswang|Knock Off|p2a: Unc
|-damage|p2a: Unc|86/100
|-enditem|p2a: Unc|Heavy-Duty Boots|[from] move: Knock Off|[of] p1a: Aswang
|
|-end|p1a: Aswang|move: Future Sight
|-damage|p1a: Aswang|45/100 tox
|-heal|p1a: Aswang|58/100 tox|[from] ability: Poison Heal
|upkeep
|turn|4
|c| Vinkun9746|oh no
|
|t:|1779625946
|move|p1a: Aswang|Protect|p1a: Aswang
|-singleturn|p1a: Aswang|Protect
|move|p2a: Unc|Hurricane|p1a: Aswang
|-activate|p1a: Aswang|move: Protect
|
|-heal|p1a: Aswang|70/100 tox|[from] ability: Poison Heal
|upkeep
|turn|5
|
|t:|1779626032
|move|p2a: Unc|Hurricane|p1a: Aswang
|-damage|p1a: Aswang|14/100 tox
|-start|p1a: Aswang|confusion
|-activate|p1a: Aswang|confusion
|move|p1a: Aswang|Stealth Rock|p2a: Unc
|-sidestart|p2: ItsMeFiery|move: Stealth Rock
|
|-heal|p1a: Aswang|27/100 tox|[from] ability: Poison Heal
|upkeep
|turn|6
|c| Vinkun9746|wala pa nangyayari
|c| Vinkun9746|omg yuri can
|c| Vinkun9746|analysis: may bato walang safety boots si unc
|
|t:|1779626092
|-activate|p1a: Aswang|confusion
|move|p1a: Aswang|Protect|p1a: Aswang
|-singleturn|p1a: Aswang|Protect
|move|p2a: Unc|Hurricane|p1a: Aswang
|-activate|p1a: Aswang|move: Protect
|
|-heal|p1a: Aswang|39/100 tox|[from] ability: Poison Heal
|upkeep
|turn|7
|c| Vinkun9746|super officer 2
|
|t:|1779626106
|switch|p1a: Nightfury|Hydreigon, F|100/100
|move|p2a: Unc|Hurricane|p1a: Nightfury|[miss]
|-miss|p2a: Unc|p1a: Nightfury
|
|upkeep
|turn|8
|c| Vinkun9746|sinabi mo kasi nag miss
|
|t:|1779626129
|-terastallize|p1a: Nightfury|Electric
|move|p1a: Nightfury|Draco Meteor|p2a: Unc
|-damage|p2a: Unc|16/100
|-unboost|p1a: Nightfury|spa|2
|move|p2a: Unc|U-turn|p1a: Nightfury
|-damage|p1a: Nightfury|85/100
|c| Vinkun9746|what comes around, nahihilo
|c| Vinkun9746|ikot ikot lng
|c| Vinkun9746|ABC
|
|t:|1779626173
|switch|p2a: Cheese|Forretress, M, shiny|100/100|[from] U-turn
|-damage|p2a: Cheese|88/100|[from] Stealth Rock
|
|-heal|p2a: Cheese|94/100|[from] item: Leftovers
|upkeep
|turn|9
|c| PrestigeCivilian|grabe ka pre REE ka
|c| Vinkun9746|chuck e cheese vs founder titan
|
|t:|1779626195
|move|p1a: Nightfury|U-turn|p2a: Cheese
|-resisted|p2a: Cheese
|-damage|p2a: Cheese|90/100
|
|t:|1779626198
|switch|p1a: Bulalo|Tauros-Paldea-Blaze, M|100/100|[from] U-turn
|-ability|p1a: Bulalo|Intimidate|boost
|-unboost|p2a: Cheese|atk|1
|move|p2a: Cheese|Rapid Spin|p1a: Bulalo
|-damage|p1a: Bulalo|92/100
|-boost|p2a: Cheese|spe|1
|-sideend|p2: ItsMeFiery|Stealth Rock|[from] move: Rapid Spin|[of] p2a: Cheese
|
|-heal|p2a: Cheese|96/100|[from] item: Leftovers
|upkeep
|turn|10
|c| Vinkun9746|si side by side
|c| Vinkun9746|mas kabisado mo pa yun
|
|t:|1779626316
|switch|p2a: Unc|Zapdos|16/100
|move|p1a: Bulalo|Flare Blitz|p2a: Unc
|-damage|p2a: Unc|0 fnt
|faint|p2a: Unc
|-damage|p1a: Bulalo|85/100|[from] Recoil
|
|upkeep
|
|t:|1779626330
|switch|p2a: Cyclops|Slowking-Galar, F|100/100
|turn|11
|c| Vinkun9746|grabe flare blitz
|c| Vinkun9746|hydro cannon
|
|t:|1779626402
|switch|p1a: Nightfury|Hydreigon, F, tera:Electric|85/100
|move|p2a: Cyclops|Future Sight|p1a: Nightfury
|-start|p2a: Cyclops|move: Future Sight
|
|upkeep
|turn|12
|
|t:|1779626429
|move|p1a: Nightfury|Dark Pulse|p2a: Cyclops
|-supereffective|p2a: Cyclops
|-damage|p2a: Cyclops|32/100
|-prepare|p2a: Cyclops|Chilly Reception|[premajor]
|move|p2a: Cyclops|Chilly Reception|p2a: Cyclops
|-weather|Snowscape
|
|t:|1779626447
|switch|p2a: Cotton Candy|Enamorus, F|100/100|[from] Chilly Reception
|
|-weather|Snowscape|[upkeep]
|upkeep
|turn|13
|c| Vinkun9746|giga impact
|c| PrestigeCivilian|ni
|l| firstle
|
|t:|1779626580
|switch|p1a: Lason|Toxapex, F|100/100
|move|p2a: Cotton Candy|Moonblast|p1a: Lason
|-resisted|p1a: Lason
|-damage|p1a: Lason|84/100
|
|-weather|Snowscape|[upkeep]
|-end|p1a: Lason|move: Future Sight
|-supereffective|p1a: Lason
|-damage|p1a: Lason|26/100
|-heal|p1a: Lason|33/100|[from] item: Black Sludge
|upkeep
|turn|14
|l| Just_Seele
|l| Vinkun9746
|j| firstle
|
|t:|1779626608
|switch|p2a: Cyclops|Slowking-Galar, F|65/100
|move|p1a: Lason|Baneful Bunker||[still]
|-fail|p1a: Lason
|
|-weather|Snowscape|[upkeep]
|-heal|p1a: Lason|39/100|[from] item: Black Sludge
|upkeep
|turn|15
|
|t:|1779626633
|move|p1a: Lason|Baneful Bunker|p1a: Lason
|-singleturn|p1a: Lason|move: Protect
|move|p2a: Cyclops|Future Sight|p1a: Lason
|-start|p2a: Cyclops|move: Future Sight
|
|-weather|Snowscape|[upkeep]
|-heal|p1a: Lason|45/100|[from] item: Black Sludge
|upkeep
|turn|16
|
|t:|1779626648
|move|p1a: Lason|Baneful Bunker|p1a: Lason
|-singleturn|p1a: Lason|move: Protect
|-prepare|p2a: Cyclops|Chilly Reception|[premajor]
|move|p2a: Cyclops|Chilly Reception|p2a: Cyclops
|
|t:|1779626654
|switch|p2a: Casper|Mismagius, M|100/100|[from] Chilly Reception
|
|-weather|none
|-heal|p1a: Lason|51/100|[from] item: Black Sludge
|upkeep
|turn|17
|j| Vinkun9746
|
|t:|1779626669
|move|p2a: Casper|Substitute|p2a: Casper
|-start|p2a: Casper|Substitute
|-damage|p2a: Casper|76/100
|move|p1a: Lason|Recover|p1a: Lason
|-heal|p1a: Lason|100/100
|
|-end|p1a: Lason|move: Future Sight
|-supereffective|p1a: Lason
|-damage|p1a: Lason|49/100
|-heal|p2a: Casper|82/100|[from] item: Leftovers
|-heal|p1a: Lason|55/100|[from] item: Black Sludge
|upkeep
|turn|18
|c| Vinkun9746|wat hapin
|
|t:|1779626679
|move|p2a: Casper|Nasty Plot|p2a: Casper
|-boost|p2a: Casper|spa|2
|move|p1a: Lason|Recover|p1a: Lason
|-heal|p1a: Lason|100/100
|
|-heal|p2a: Casper|88/100|[from] item: Leftovers
|upkeep
|turn|19
|c| Vinkun9746|chat is that disgusting
|
|t:|1779626696
|move|p2a: Casper|Nasty Plot|p2a: Casper
|-boost|p2a: Casper|spa|2
|move|p1a: Lason|Toxic Spikes|p2a: Casper
|-sidestart|p2: ItsMeFiery|move: Toxic Spikes
|
|-heal|p2a: Casper|94/100|[from] item: Leftovers
|upkeep
|turn|20
|c| Vinkun9746|scary
|
|t:|1779626718
|move|p1a: Lason|Baneful Bunker|p1a: Lason
|-singleturn|p1a: Lason|move: Protect
|move|p2a: Casper|Nasty Plot|p2a: Casper
|-boost|p2a: Casper|spa|2
|
|-heal|p2a: Casper|99/100|[from] item: Leftovers
|upkeep
|turn|21
|c| Vinkun9746|hanggang 6x
|
|t:|1779626738
|switch|p1a: Cool sword|Iron Valiant|100/100
|move|p2a: Casper|Shadow Ball|p1a: Cool sword
|-damage|p1a: Cool sword|0 fnt
|faint|p1a: Cool sword
|-end|p1a: Cool sword|Quark Drive|[silent]
|
|-heal|p2a: Casper|100/100|[from] item: Leftovers
|upkeep
|c|☆jim0510|im cooked
|c| PrestigeCivilian|sila lang ni albert gumagawa ng ganyang kasamaan @vinkun
|c| PrestigeCivilian|Mga nagbebeterano moves
|
|t:|1779626787
|switch|p1a: Lason|Toxapex, F|100/100
|turn|22
|c| Vinkun9746|:'((
|
|t:|1779626794
|move|p2a: Casper|Shadow Ball|p1a: Lason
|-damage|p1a: Lason|5/100
|-unboost|p1a: Lason|spd|1
|move|p1a: Lason|Surf|p2a: Casper
|-activate|p2a: Casper|move: Substitute|[damage]
|
|-heal|p1a: Lason|12/100|[from] item: Black Sludge
|upkeep
|turn|23
|c| Vinkun9746|buhay galing
|
|t:|1779626807
|move|p2a: Casper|Shadow Ball|p1a: Lason
|-damage|p1a: Lason|0 fnt
|faint|p1a: Lason
|
|upkeep
|
|t:|1779626821
|switch|p1a: Bulalo|Tauros-Paldea-Blaze, M|85/100
|-ability|p1a: Bulalo|Intimidate|boost
|-immune|p2a: Casper
|turn|24
|
|t:|1779626830
|move|p1a: Bulalo|Flare Blitz|p2a: Casper
|-end|p2a: Casper|Substitute
|-damage|p1a: Bulalo|85/100|[from] Recoil|[of] p2a: Casper
|move|p2a: Casper|Shadow Ball|p1a: Bulalo
|-damage|p1a: Bulalo|0 fnt
|faint|p1a: Bulalo
|
|upkeep
|
|t:|1779626847
|switch|p1a: Roomba|Magnezone|100/100
|turn|25
|
|t:|1779626859
|move|p2a: Casper|Shadow Ball|p1a: Roomba
|-damage|p1a: Roomba|0 fnt
|faint|p1a: Roomba
|
|upkeep
|c| Vinkun9746|oh no
|
|t:|1779626873
|switch|p1a: Nightfury|Hydreigon, F, tera:Electric|85/100
|turn|26
|
|t:|1779626899
|move|p2a: Casper|Shadow Ball|p1a: Nightfury
|-damage|p1a: Nightfury|0 fnt
|faint|p1a: Nightfury
|
|upkeep
|
|t:|1779626905
|switch|p1a: Aswang|Gliscor, F|39/100 tox
|turn|27
|
|t:|1779626908
|move|p2a: Casper|Shadow Ball|p1a: Aswang
|-crit|p1a: Aswang
|-damage|p1a: Aswang|0 fnt
|faint|p1a: Aswang
|
|win|ItsMeFiery
|c|☆jim0510|ggs
|c|☆jim0510|fuckk
|c|☆jim0510|grabe
|c|☆ItsMeFiery|ggs
|c| Vinkun9746|so scary
|c| PrestigeCivilian|nimama ka pre
|c| PrestigeCivilian|nagbeterano moves
