|j|☆npctypebeat
|j|☆Deckx
|t:|1779656325
|gametype|singles
|player|p1|npctypebeat|101|1158
|player|p2|Deckx|red|1200
|gen|9
|tier|[Gen 9] OU
|rated|
|rule|HP Percentage Mod: HP is shown in percentages
|rule|Endless Battle Clause: Forcing endless battles is banned
|rule|Species Clause: Limit one of each Pokémon
|rule|OHKO Clause: OHKO moves are banned
|rule|Evasion Items Clause: Evasion items are banned
|rule|Evasion Moves Clause: Evasion moves are banned
|rule|Evasion Abilities Clause: Evasion abilities are banned
|rule|Sleep Moves Clause: Sleep-inducing moves are banned
|clearpoke
|poke|p1|Gliscor, F|
|poke|p1|Ogerpon, F|
|poke|p1|Walking Wake|
|poke|p1|Blissey, F|
|poke|p1|Corviknight, M|
|poke|p1|Pecharunt|
|poke|p2|Ribombee, F|
|poke|p2|Lokix, M|
|poke|p2|Great Tusk|
|poke|p2|Raging Bolt|
|poke|p2|Gholdengo|
|poke|p2|Iron Moth|
|teampreview
|c|☆npctypebeat|hf
|
|t:|1779656348
|teamsize|p1|6
|teamsize|p2|6
|start
|switch|p1a: Gliscor|Gliscor, F|100/100
|switch|p2a: Ribombee|Ribombee, F|100/100
|turn|1
|inactive|Battle timer is ON: inactive players will automatically lose when time's up. (requested by npctypebeat)
|inactive|npctypebeat has 120 seconds left.
|c|☆Deckx|br
|inactive|npctypebeat has 90 seconds left.
|inactive|npctypebeat has 60 seconds left.
|
|t:|1779656458
|move|p2a: Ribombee|Skill Swap|p1a: Gliscor
|-activate|p2a: Ribombee|Skill Swap|Poison Heal|Shield Dust|[of] p1a: Gliscor
|move|p1a: Gliscor|Spikes|p2a: Ribombee
|-sidestart|p2: Deckx|Spikes
|
|-status|p1a: Gliscor|tox|[from] item: Toxic Orb
|upkeep
|turn|2
|
|t:|1779656477
|switch|p1a: Walking Wake|Walking Wake|100/100
|move|p2a: Ribombee|Sticky Web|p1a: Walking Wake
|-sidestart|p1: npctypebeat|move: Sticky Web
|
|upkeep
|turn|3
|
|t:|1779656480
|move|p2a: Ribombee|Moonblast|p1a: Walking Wake
|-supereffective|p1a: Walking Wake
|-damage|p1a: Walking Wake|4/100
|-unboost|p1a: Walking Wake|spa|1
|move|p1a: Walking Wake|Surf|p2a: Ribombee
|-damage|p2a: Ribombee|43/100
|
|upkeep
|turn|4
|inactive|npctypebeat has 120 seconds left.
|
|t:|1779656504
|-end|p1a: Walking Wake|Protosynthesis|[silent]
|switch|p1a: Blissey|Blissey, F|100/100
|move|p2a: Ribombee|Moonblast|p1a: Blissey
|-damage|p1a: Blissey|88/100
|
|upkeep
|turn|5
|inactive|npctypebeat has 120 seconds left.
|
|t:|1779656536
|move|p2a: Ribombee|Skill Swap|p1a: Blissey
|-activate|p2a: Ribombee|Skill Swap|Natural Cure|Poison Heal|[of] p1a: Blissey
|move|p1a: Blissey|Stealth Rock|p2a: Ribombee
|-sidestart|p2: Deckx|move: Stealth Rock
|
|upkeep
|turn|6
|
|t:|1779656543
|move|p2a: Ribombee|Stun Spore|p1a: Blissey
|-status|p1a: Blissey|par
|move|p1a: Blissey|Seismic Toss|p2a: Ribombee
|-damage|p2a: Ribombee|5/100
|
|upkeep
|turn|7
|
|t:|1779656553
|move|p2a: Ribombee|Moonblast|p1a: Blissey
|-damage|p1a: Blissey|75/100 par
|-unboost|p1a: Blissey|spa|1
|move|p1a: Blissey|Seismic Toss|p2a: Ribombee
|-damage|p2a: Ribombee|0 fnt
|faint|p2a: Ribombee
|
|upkeep
|
|t:|1779656577
|switch|p2a: Great Tusk|Great Tusk|100/100
|-damage|p2a: Great Tusk|88/100|[from] Spikes
|-damage|p2a: Great Tusk|85/100|[from] Stealth Rock
|-enditem|p2a: Great Tusk|Booster Energy
|-activate|p2a: Great Tusk|ability: Protosynthesis|[fromitem]
|-start|p2a: Great Tusk|protosynthesisatk
|turn|8
|inactive|npctypebeat has 120 seconds left.
|
|t:|1779656587
|switch|p1a: Gliscor|Gliscor, F|100/100 tox
|move|p2a: Great Tusk|Rapid Spin|p1a: Gliscor
|-damage|p1a: Gliscor|83/100 tox
|-boost|p2a: Great Tusk|spe|1
|-sideend|p2: Deckx|Spikes|[from] move: Rapid Spin|[of] p2a: Great Tusk
|-sideend|p2: Deckx|Stealth Rock|[from] move: Rapid Spin|[of] p2a: Great Tusk
|
|-heal|p1a: Gliscor|95/100 tox|[from] ability: Poison Heal
|upkeep
|turn|9
|inactive|npctypebeat has 120 seconds left.
|
|t:|1779656603
|move|p2a: Great Tusk|Head Smash|p1a: Gliscor
|-damage|p1a: Gliscor|40/100 tox
|-damage|p2a: Great Tusk|59/100|[from] Recoil
|move|p1a: Gliscor|Earthquake|p2a: Great Tusk
|-damage|p2a: Great Tusk|35/100
|
|-heal|p1a: Gliscor|52/100 tox|[from] ability: Poison Heal
|upkeep
|turn|10
|inactive|npctypebeat has 120 seconds left.
|
|t:|1779656618
|move|p2a: Great Tusk|Head Smash|p1a: Gliscor
|-damage|p1a: Gliscor|0 fnt
|faint|p1a: Gliscor
|-damage|p2a: Great Tusk|10/100|[from] Recoil
|
|upkeep
|
|t:|1779656620
|switch|p1a: Corviknight|Corviknight, M|100/100
|-ability|p1a: Corviknight|Pressure
|turn|11
|
|t:|1779656628
|move|p2a: Great Tusk|Close Combat|p1a: Corviknight
|-damage|p1a: Corviknight|47/100
|-unboost|p2a: Great Tusk|def|1
|-unboost|p2a: Great Tusk|spd|1
|move|p1a: Corviknight|Body Press|p2a: Great Tusk
|-damage|p2a: Great Tusk|0 fnt
|faint|p2a: Great Tusk
|-end|p2a: Great Tusk|Protosynthesis|[silent]
|
|upkeep
|
|t:|1779656631
|switch|p2a: Gholdengo|Gholdengo|100/100
|-item|p2a: Gholdengo|Air Balloon
|turn|12
|
|t:|1779656644
|switch|p1a: Blissey|Blissey, F|75/100 par
|move|p2a: Gholdengo|Nasty Plot|p2a: Gholdengo
|-boost|p2a: Gholdengo|spa|2
|
|upkeep
|turn|13
|
|t:|1779656663
|-curestatus|p1a: Blissey|par|[from] ability: Natural Cure|[silent]
|switch|p1a: Corviknight|Corviknight, M|47/100
|-ability|p1a: Corviknight|Pressure
|move|p2a: Gholdengo|Nasty Plot|p2a: Gholdengo
|-boost|p2a: Gholdengo|spa|2
|
|upkeep
|turn|14
|
|t:|1779656675
|switch|p1a: Pecharunt|Pecharunt|100/100
|move|p2a: Gholdengo|Shadow Ball|p1a: Pecharunt
|-supereffective|p1a: Pecharunt
|-damage|p1a: Pecharunt|0 fnt
|faint|p1a: Pecharunt
|
|upkeep
|
|t:|1779656688
|switch|p1a: Walking Wake|Walking Wake|4/100
|turn|15
|
|t:|1779656694
|move|p1a: Walking Wake|Surf|p2a: Gholdengo
|-damage|p2a: Gholdengo|45/100
|-enditem|p2a: Gholdengo|Air Balloon
|move|p2a: Gholdengo|Shadow Ball|p1a: Walking Wake
|-damage|p1a: Walking Wake|0 fnt
|faint|p1a: Walking Wake
|-end|p1a: Walking Wake|Protosynthesis|[silent]
|
|upkeep
|
|t:|1779656708
|switch|p1a: Blissey|Blissey, F|75/100
|turn|16
|
|t:|1779656715
|switch|p1a: Corviknight|Corviknight, M|47/100
|-ability|p1a: Corviknight|Pressure
|move|p2a: Gholdengo|Psyshock|p1a: Corviknight
|-resisted|p1a: Corviknight
|-damage|p1a: Corviknight|20/100
|
|upkeep
|turn|17
|
|t:|1779656724
|switch|p1a: Blissey|Blissey, F|75/100
|move|p2a: Gholdengo|Psyshock|p1a: Blissey
|-damage|p1a: Blissey|0 fnt
|faint|p1a: Blissey
|
|upkeep
|c|☆Deckx|gg ezzzz
|
|t:|1779656729
|switch|p1a: Ogerpon|Ogerpon, F|100/100
|turn|18
|
|t:|1779656734
|move|p1a: Ogerpon|Knock Off|p2a: Gholdengo
|-supereffective|p2a: Gholdengo
|-damage|p2a: Gholdengo|0 fnt
|faint|p2a: Gholdengo
|
|upkeep
|
|t:|1779656741
|switch|p2a: Iron Moth|Iron Moth|100/100
|-enditem|p2a: Iron Moth|Booster Energy
|-activate|p2a: Iron Moth|ability: Quark Drive|[fromitem]
|-start|p2a: Iron Moth|quarkdrivespa
|turn|19
|
|t:|1779656748
|move|p1a: Ogerpon|U-turn|p2a: Iron Moth
|-resisted|p2a: Iron Moth
|-damage|p2a: Iron Moth|91/100
|
|t:|1779656753
|switch|p1a: Corviknight|Corviknight, M|20/100|[from] U-turn
|-ability|p1a: Corviknight|Pressure
|move|p2a: Iron Moth|Fiery Dance|p1a: Corviknight
|-supereffective|p1a: Corviknight
|-damage|p1a: Corviknight|0 fnt
|-boost|p2a: Iron Moth|spa|1
|faint|p1a: Corviknight
|
|upkeep
|c|☆Deckx|ez
|
|t:|1779656758
|switch|p1a: Ogerpon|Ogerpon, F|100/100
|turn|20
|
|t:|1779656764
|move|p2a: Iron Moth|Sludge Wave|p1a: Ogerpon
|-supereffective|p1a: Ogerpon
|-damage|p1a: Ogerpon|0 fnt
|faint|p1a: Ogerpon
|
|win|Deckx
|raw|npctypebeat's rating: 1164 &rarr; <strong>1142</strong><br />(-22 for losing)
|raw|Deckx's rating: 1200 &rarr; <strong>1222</strong><br />(+22 for winning)
|c|☆npctypebeat|gg
