|j|☆AwaitingCombat
|j|☆EvilTomPearl
|t:|1779672129
|gametype|singles
|player|p1|AwaitingCombat|steven-masters|1136
|player|p2|EvilTomPearl|swimmer|1121
|gen|9
|tier|[Gen 9] OU
|rated|
|rule|HP Percentage Mod: HP is shown in percentages
|rule|Endless Battle Clause: Forcing endless battles is banned
|rule|Species Clause: Limit one of each Pokémon
|rule|OHKO Clause: OHKO moves are banned
|rule|Evasion Items Clause: Evasion items are banned
|rule|Evasion Moves Clause: Evasion moves are banned
|rule|Evasion Abilities Clause: Evasion abilities are banned
|rule|Sleep Moves Clause: Sleep-inducing moves are banned
|clearpoke
|poke|p1|Porygon-Z|
|poke|p1|Ludicolo, F|
|poke|p1|Cramorant, M|
|poke|p1|Golduck, F|
|poke|p1|Cyndaquil, M|
|poke|p1|Pikachu, M|
|poke|p2|Hoopa-Unbound|
|poke|p2|Indeedee-F, F|
|poke|p2|Hatterene, F|
|poke|p2|Raging Bolt|
|poke|p2|Garchomp, M|
|poke|p2|Weezing-Galar, F|
|teampreview
|inactive|Battle timer is ON: inactive players will automatically lose when time's up. (requested by AwaitingCombat)
|c|☆AwaitingCombat|quack
|c|☆EvilTomPearl|wow
|
|t:|1779672148
|teamsize|p1|6
|teamsize|p2|6
|start
|switch|p1a: Digital Duck|Porygon-Z|100/100
|switch|p2a: Indeedee|Indeedee-F, F|100/100
|-fieldstart|move: Psychic Terrain|[from] ability: Psychic Surge|[of] p2a: Indeedee
|turn|1
|
|t:|1779672157
|move|p1a: Digital Duck|Tri Attack|p2a: Indeedee
|-damage|p2a: Indeedee|20/100
|-enditem|p2a: Indeedee|Eject Button
|
|t:|1779672171
|switch|p2a: Hoopa|Hoopa-Unbound|100/100
|
|upkeep
|turn|2
|
|t:|1779672188
|move|p2a: Hoopa|Expanding Force|p1a: Digital Duck
|-crit|p1a: Digital Duck
|-damage|p1a: Digital Duck|0 fnt
|faint|p1a: Digital Duck
|
|upkeep
|
|t:|1779672196
|switch|p1a: Gold Duck|Golduck, F|100/100
|turn|3
|
|t:|1779672198
|move|p2a: Hoopa|Expanding Force|p1a: Gold Duck
|-damage|p1a: Gold Duck|0 fnt
|faint|p1a: Gold Duck
|
|upkeep
|c|☆EvilTomPearl|gg
|c|☆AwaitingCombat|gg
|c|☆AwaitingCombat|the ducks didnt stand a chance
|
|t:|1779672220
|switch|p1a: Dance Duck|Ludicolo, F, shiny|100/100
|turn|4
|
|t:|1779672240
|move|p2a: Hoopa|Expanding Force|p1a: Dance Duck
|-damage|p1a: Dance Duck|32/100
|move|p1a: Dance Duck|Knock Off|p2a: Hoopa
|-damage|p2a: Hoopa|70/100
|-enditem|p2a: Hoopa|Choice Scarf|[from] move: Knock Off|[of] p1a: Dance Duck
|
|upkeep
|turn|5
|
|t:|1779672248
|move|p2a: Hoopa|Expanding Force|p1a: Dance Duck
|-crit|p1a: Dance Duck
|-damage|p1a: Dance Duck|0 fnt
|faint|p1a: Dance Duck
|-item|p2a: Hoopa|Assault Vest|[from] ability: Magician|[of] p1: Dance Duck
|
|-fieldend|move: Psychic Terrain
|upkeep
|c|☆EvilTomPearl|cool team tho
|
|t:|1779672254
|switch|p1a: Plot Armor Duck|Pikachu, M|100/100
|turn|6
|
|t:|1779672263
|move|p1a: Plot Armor Duck|Volt Tackle|p2a: Hoopa
|-damage|p2a: Hoopa|0 fnt
|faint|p2a: Hoopa
|-damage|p1a: Plot Armor Duck|68/100|[from] Recoil
|
|upkeep
|c|☆AwaitingCombat|its definitely a meme lol
|
|t:|1779672266
|switch|p2a: Garchomp|Garchomp, M|100/100
|turn|7
|
|t:|1779672269
|move|p2a: Garchomp|Earthquake|p1a: Plot Armor Duck
|-supereffective|p1a: Plot Armor Duck
|-damage|p1a: Plot Armor Duck|0 fnt
|faint|p1a: Plot Armor Duck
|
|upkeep
|
|t:|1779672272
|switch|p1a: Throat Duck|Cramorant, M|100/100
|turn|8
|
|t:|1779672276
|move|p2a: Garchomp|Scale Shot|p1a: Throat Duck
|-damage|p1a: Throat Duck|69/100
|-crit|p1a: Throat Duck
|-damage|p1a: Throat Duck|22/100
|-damage|p1a: Throat Duck|0 fnt
|faint|p1a: Throat Duck
|-hitcount|p1: Throat Duck|3
|-unboost|p2a: Garchomp|def|1
|-boost|p2a: Garchomp|spe|1
|
|upkeep
|
|t:|1779672278
|switch|p1a: Flaming Duck|Cyndaquil, M|100/100
|turn|9
|
|t:|1779672282
|move|p2a: Garchomp|Earthquake|p1a: Flaming Duck
|-supereffective|p1a: Flaming Duck
|-damage|p1a: Flaming Duck|0 fnt
|faint|p1a: Flaming Duck
|
|win|EvilTomPearl
|raw|AwaitingCombat's rating: 1136 &rarr; <strong>1110</strong><br />(-26 for losing)
|raw|EvilTomPearl's rating: 1121 &rarr; <strong>1147</strong><br />(+26 for winning)
|l|☆AwaitingCombat
|player|p1|
|c|☆EvilTomPearl|gg
|l|☆EvilTomPearl
|player|p2|
