|j|☆Nixon4
|j|☆LeoN22poke
|t:|1779719993
|gametype|singles
|player|p1|Nixon4|bugcatcher-gen4dp|1200
|player|p2|LeoN22poke|steven|1151
|gen|9
|tier|[Gen 9] OU
|rated|
|rule|HP Percentage Mod: HP is shown in percentages
|rule|Endless Battle Clause: Forcing endless battles is banned
|rule|Species Clause: Limit one of each Pokémon
|rule|OHKO Clause: OHKO moves are banned
|rule|Evasion Items Clause: Evasion items are banned
|rule|Evasion Moves Clause: Evasion moves are banned
|rule|Evasion Abilities Clause: Evasion abilities are banned
|rule|Sleep Moves Clause: Sleep-inducing moves are banned
|clearpoke
|poke|p1|Samurott-Hisui, M|
|poke|p1|Dragapult, F|
|poke|p1|Venusaur, F|
|poke|p1|Ninetales, F|
|poke|p1|Gliscor, F|
|poke|p1|Weezing-Galar, M|
|poke|p2|Kingambit, M|
|poke|p2|Zamazenta-*|
|poke|p2|Delphox, M|
|poke|p2|Rillaboom, M|
|poke|p2|Palossand, M|
|poke|p2|Cyclizar, F|
|teampreview
|
|t:|1779720013
|teamsize|p1|6
|teamsize|p2|6
|start
|switch|p1a: Ninetales|Ninetales, F|100/100
|switch|p2a: Cyclizar|Cyclizar, F, shiny|100/100
|-weather|SunnyDay|[from] ability: Drought|[of] p1a: Ninetales
|turn|1
|
|t:|1779720027
|move|p2a: Cyclizar|Body Slam|p1a: Ninetales
|-damage|p1a: Ninetales|42/100
|move|p1a: Ninetales|Will-O-Wisp|p2a: Cyclizar
|-status|p2a: Cyclizar|brn
|
|-weather|SunnyDay|[upkeep]
|-damage|p2a: Cyclizar|94/100 brn|[from] brn
|upkeep
|turn|2
|
|t:|1779720039
|switch|p1a: Dragapult|Dragapult, F|100/100
|move|p2a: Cyclizar|Dragon Tail|p1a: Dragapult
|-supereffective|p1a: Dragapult
|-damage|p1a: Dragapult|63/100
|drag|p1a: Weezing|Weezing-Galar, M|100/100
|-ability|p1a: Weezing|Neutralizing Gas
|
|-weather|SunnyDay|[upkeep]
|-damage|p2a: Cyclizar|88/100 brn|[from] brn
|upkeep
|turn|3
|
|t:|1779720051
|move|p2a: Cyclizar|U-turn|p1a: Weezing
|-resisted|p1a: Weezing
|-damage|p1a: Weezing|98/100
|
|t:|1779720060
|switch|p2a: Delphox|Delphox, M, shiny|100/100|[from] U-turn
|-item|p2a: Delphox|Air Balloon
|move|p1a: Weezing|Strange Steam|p2a: Delphox
|-resisted|p2a: Delphox
|-damage|p2a: Delphox|85/100
|-enditem|p2a: Delphox|Air Balloon
|
|-weather|SunnyDay|[upkeep]
|-heal|p1a: Weezing|100/100|[from] item: Black Sludge
|upkeep
|turn|4
|
|t:|1779720074
|-end|p1a: Weezing|ability: Neutralizing Gas
|switch|p1a: Samurott|Samurott-Hisui, M|100/100
|move|p2a: Delphox|Future Sight|p1a: Samurott
|-start|p2a: Delphox|move: Future Sight
|
|-weather|SunnyDay|[upkeep]
|upkeep
|turn|5
|
|t:|1779720084
|switch|p2a: Zamazenta|Zamazenta|100/100
|-ability|p2a: Zamazenta|Dauntless Shield|boost
|-boost|p2a: Zamazenta|def|1
|move|p1a: Samurott|Ceaseless Edge|p2a: Zamazenta
|-resisted|p2a: Zamazenta
|-damage|p2a: Zamazenta|87/100
|-sidestart|p2: LeoN22poke|Spikes
|
|-weather|none
|upkeep
|turn|6
|
|t:|1779720097
|switch|p1a: Venusaur|Venusaur, F|100/100
|move|p2a: Zamazenta|Iron Defense|p2a: Zamazenta
|-boost|p2a: Zamazenta|def|2
|
|-end|p1a: Venusaur|move: Future Sight
|-supereffective|p1a: Venusaur
|-damage|p1a: Venusaur|0 fnt
|faint|p1a: Venusaur
|upkeep
|
|t:|1779720111
|switch|p1a: Weezing|Weezing-Galar, M|100/100
|-ability|p1a: Weezing|Neutralizing Gas
|turn|7
|
|t:|1779720137
|switch|p2a: Cyclizar|Cyclizar, F, shiny|88/100 brn
|move|p1a: Weezing|Will-O-Wisp|p2a: Cyclizar
|-fail|p2a: Cyclizar|brn
|
|-damage|p2a: Cyclizar|82/100 brn|[from] brn
|upkeep
|turn|8
|
|t:|1779720145
|move|p2a: Cyclizar|Rapid Spin|p1a: Weezing
|-damage|p1a: Weezing|92/100
|-boost|p2a: Cyclizar|spe|1
|-sideend|p2: LeoN22poke|Spikes|[from] move: Rapid Spin|[of] p2a: Cyclizar
|move|p1a: Weezing|Strange Steam|p2a: Cyclizar
|-supereffective|p2a: Cyclizar
|-damage|p2a: Cyclizar|0 fnt
|faint|p2a: Cyclizar
|
|-heal|p1a: Weezing|98/100|[from] item: Black Sludge
|upkeep
|
|t:|1779720190
|switch|p2a: Palossand|Palossand, M, shiny|100/100
|turn|9
|
|t:|1779720199
|move|p1a: Weezing|Will-O-Wisp|p2a: Palossand
|-status|p2a: Palossand|brn
|move|p2a: Palossand|Stealth Rock|p1a: Weezing
|-sidestart|p1: Nixon4|move: Stealth Rock
|
|-heal|p1a: Weezing|100/100|[from] item: Black Sludge
|-damage|p2a: Palossand|94/100 brn|[from] brn
|upkeep
|turn|10
|
|t:|1779720211
|move|p1a: Weezing|Strange Steam|p2a: Palossand
|-damage|p2a: Palossand|67/100 brn
|move|p2a: Palossand|Scorching Sands|p1a: Weezing
|-supereffective|p1a: Weezing
|-damage|p1a: Weezing|54/100
|
|-heal|p1a: Weezing|60/100|[from] item: Black Sludge
|-heal|p2a: Palossand|73/100 brn|[from] item: Leftovers
|-damage|p2a: Palossand|67/100 brn|[from] brn
|upkeep
|turn|11
|
|t:|1779720222
|move|p1a: Weezing|Defog|p2a: Palossand
|-unboost|p2a: Palossand|evasion|1
|-sideend|p1: Nixon4|Stealth Rock|[from] move: Defog|[of] p1a: Weezing
|move|p2a: Palossand|Scorching Sands|p1a: Weezing
|-supereffective|p1a: Weezing
|-damage|p1a: Weezing|11/100
|
|-heal|p1a: Weezing|17/100|[from] item: Black Sludge
|-heal|p2a: Palossand|73/100 brn|[from] item: Leftovers
|-damage|p2a: Palossand|67/100 brn|[from] brn
|upkeep
|turn|12
|
|t:|1779720233
|-end|p1a: Weezing|ability: Neutralizing Gas
|switch|p1a: Gliscor|Gliscor, F|100/100
|move|p2a: Palossand|Night Shade|p1a: Gliscor
|-damage|p1a: Gliscor|66/100
|
|-heal|p2a: Palossand|73/100 brn|[from] item: Leftovers
|-damage|p2a: Palossand|67/100 brn|[from] brn
|-status|p1a: Gliscor|tox|[from] item: Toxic Orb
|upkeep
|turn|13
|
|t:|1779720262
|move|p1a: Gliscor|Knock Off|p2a: Palossand
|-supereffective|p2a: Palossand
|-damage|p2a: Palossand|26/100 brn
|-enditem|p2a: Palossand|Leftovers|[from] move: Knock Off|[of] p1a: Gliscor
|move|p2a: Palossand|Stealth Rock|p1a: Gliscor
|-sidestart|p1: Nixon4|move: Stealth Rock
|
|-heal|p1a: Gliscor|79/100 tox|[from] ability: Poison Heal
|-damage|p2a: Palossand|20/100 brn|[from] brn
|upkeep
|turn|14
|
|t:|1779720276
|move|p1a: Gliscor|Swords Dance|p1a: Gliscor
|-boost|p1a: Gliscor|atk|2
|move|p2a: Palossand|Night Shade|p1a: Gliscor
|-damage|p1a: Gliscor|44/100 tox
|
|-heal|p1a: Gliscor|57/100 tox|[from] ability: Poison Heal
|-damage|p2a: Palossand|14/100 brn|[from] brn
|upkeep
|turn|15
|
|t:|1779720287
|move|p1a: Gliscor|Protect|p1a: Gliscor
|-singleturn|p1a: Gliscor|Protect
|move|p2a: Palossand|Pain Split|p1a: Gliscor
|-activate|p1a: Gliscor|move: Protect
|
|-heal|p1a: Gliscor|69/100 tox|[from] ability: Poison Heal
|-damage|p2a: Palossand|8/100 brn|[from] brn
|upkeep
|turn|16
|
|t:|1779720298
|move|p1a: Gliscor|Knock Off|p2a: Palossand
|-supereffective|p2a: Palossand
|-damage|p2a: Palossand|0 fnt
|faint|p2a: Palossand
|
|-heal|p1a: Gliscor|81/100 tox|[from] ability: Poison Heal
|upkeep
|inactive|Battle timer is ON: inactive players will automatically lose when time's up. (requested by Nixon4)
|
|t:|1779720327
|switch|p2a: Rillaboom|Rillaboom, M|100/100
|-fieldstart|move: Grassy Terrain|[from] ability: Grassy Surge|[of] p2a: Rillaboom
|turn|17
|
|t:|1779720336
|move|p1a: Gliscor|Knock Off|p2a: Rillaboom
|-damage|p2a: Rillaboom|45/100
|-enditem|p2a: Rillaboom|Miracle Seed|[from] move: Knock Off|[of] p1a: Gliscor
|move|p2a: Rillaboom|Wood Hammer|p1a: Gliscor
|-damage|p1a: Gliscor|3/100 tox
|-damage|p2a: Rillaboom|23/100|[from] Recoil
|
|-heal|p2a: Rillaboom|29/100|[from] Grassy Terrain
|-heal|p1a: Gliscor|15/100 tox|[from] ability: Poison Heal
|upkeep
|turn|18
|
|t:|1779720348
|move|p2a: Rillaboom|Grassy Glide|p1a: Gliscor
|-damage|p1a: Gliscor|0 fnt
|faint|p1a: Gliscor
|
|-heal|p2a: Rillaboom|35/100|[from] Grassy Terrain
|upkeep
|
|t:|1779720359
|switch|p1a: Ninetales|Ninetales, F|42/100
|-damage|p1a: Ninetales|17/100|[from] Stealth Rock
|-weather|SunnyDay|[from] ability: Drought|[of] p1a: Ninetales
|turn|19
|
|t:|1779720368
|move|p2a: Rillaboom|Grassy Glide|p1a: Ninetales
|-resisted|p1a: Ninetales
|-damage|p1a: Ninetales|0 fnt
|faint|p1a: Ninetales
|
|-weather|SunnyDay|[upkeep]
|-heal|p2a: Rillaboom|41/100|[from] Grassy Terrain
|upkeep
|
|t:|1779720376
|switch|p1a: Samurott|Samurott-Hisui, M|100/100
|-damage|p1a: Samurott|88/100|[from] Stealth Rock
|turn|20
|
|t:|1779720387
|-terastallize|p1a: Samurott|Bug
|move|p2a: Rillaboom|Grassy Glide|p1a: Samurott
|-resisted|p1a: Samurott
|-damage|p1a: Samurott|63/100
|move|p1a: Samurott|X-Scissor|p2a: Rillaboom
|-supereffective|p2a: Rillaboom
|-damage|p2a: Rillaboom|0 fnt
|faint|p2a: Rillaboom
|
|-weather|SunnyDay|[upkeep]
|-heal|p1a: Samurott|69/100|[from] Grassy Terrain
|upkeep
|inactive|LeoN22poke has 120 seconds left.
|
|t:|1779720426
|switch|p2a: Delphox|Delphox, M, shiny|85/100
|turn|21
|
|t:|1779720432
|move|p2a: Delphox|Mystical Fire|p1a: Samurott
|-supereffective|p1a: Samurott
|-damage|p1a: Samurott|0 fnt
|faint|p1a: Samurott
|-item|p2a: Delphox|Assault Vest|[from] ability: Magician|[of] p1: Samurott
|
|-weather|SunnyDay|[upkeep]
|-heal|p2a: Delphox|91/100|[from] Grassy Terrain
|-fieldend|move: Grassy Terrain
|upkeep
|
|t:|1779720442
|switch|p1a: Dragapult|Dragapult, F|63/100
|-damage|p1a: Dragapult|51/100|[from] Stealth Rock
|turn|22
|
|t:|1779720449
|move|p1a: Dragapult|Dragon Darts|p2a: Delphox
|-damage|p2a: Delphox|38/100
|-anim|p1a: Dragapult|Dragon Darts|p2a: Delphox
|-damage|p2a: Delphox|0 fnt
|faint|p2a: Delphox
|
|-weather|SunnyDay|[upkeep]
|upkeep
|
|t:|1779720459
|switch|p2a: Kingambit|Kingambit, M, shiny|100/100
|-activate|p2a: Kingambit|ability: Supreme Overlord
|-start|p2a: Kingambit|fallen4|[silent]
|turn|23
|
|t:|1779720463
|switch|p1a: Weezing|Weezing-Galar, M|17/100
|-ability|p1a: Weezing|Neutralizing Gas
|-damage|p1a: Weezing|5/100|[from] Stealth Rock
|move|p2a: Kingambit|Sucker Punch||[still]
|-fail|p2a: Kingambit
|
|-weather|none
|-heal|p1a: Weezing|11/100|[from] item: Black Sludge
|upkeep
|turn|24
|
|t:|1779720475
|-end|p2a: Kingambit|fallen4|[silent]
|switch|p2a: Zamazenta|Zamazenta|87/100
|move|p1a: Weezing|Will-O-Wisp|p2a: Zamazenta
|-status|p2a: Zamazenta|brn
|
|-heal|p1a: Weezing|17/100|[from] item: Black Sludge
|-damage|p2a: Zamazenta|81/100 brn|[from] brn
|upkeep
|turn|25
|
|t:|1779720487
|move|p2a: Zamazenta|Iron Defense|p2a: Zamazenta
|-boost|p2a: Zamazenta|def|2
|move|p1a: Weezing|Strange Steam|p2a: Zamazenta
|-supereffective|p2a: Zamazenta
|-damage|p2a: Zamazenta|25/100 brn
|-enditem|p2a: Zamazenta|Sitrus Berry|[eat]
|-heal|p2a: Zamazenta|50/100 brn|[from] item: Sitrus Berry
|
|-heal|p1a: Weezing|23/100|[from] item: Black Sludge
|-damage|p2a: Zamazenta|44/100 brn|[from] brn
|upkeep
|turn|26
|
|t:|1779720497
|move|p2a: Zamazenta|Body Press|p1a: Weezing
|-resisted|p1a: Weezing
|-damage|p1a: Weezing|16/100
|move|p1a: Weezing|Strange Steam|p2a: Zamazenta
|-supereffective|p2a: Zamazenta
|-damage|p2a: Zamazenta|0 fnt
|faint|p2a: Zamazenta
|
|-heal|p1a: Weezing|22/100|[from] item: Black Sludge
|upkeep
|
|t:|1779720505
|switch|p2a: Kingambit|Kingambit, M, shiny|100/100
|turn|27
|
|t:|1779720510
|move|p1a: Weezing|Will-O-Wisp|p2a: Kingambit
|-status|p2a: Kingambit|brn
|move|p2a: Kingambit|Iron Head|p1a: Weezing
|-supereffective|p1a: Weezing
|-damage|p1a: Weezing|0 fnt
|faint|p1a: Weezing
|-end|p1a: Weezing|ability: Neutralizing Gas
|-activate|p2a: Kingambit|ability: Supreme Overlord
|-start|p2a: Kingambit|fallen5|[silent]
|
|-damage|p2a: Kingambit|94/100 brn|[from] brn
|upkeep
|
|t:|1779720522
|switch|p1a: Dragapult|Dragapult, F|51/100
|-damage|p1a: Dragapult|39/100|[from] Stealth Rock
|turn|28
|
|t:|1779720528
|move|p2a: Kingambit|Sucker Punch|p1a: Dragapult
|-supereffective|p1a: Dragapult
|-damage|p1a: Dragapult|0 fnt
|faint|p1a: Dragapult
|
|win|LeoN22poke
|raw|Nixon4's rating: 1200 &rarr; <strong>1171</strong><br />(-29 for losing)
|raw|LeoN22poke's rating: 1151 &rarr; <strong>1180</strong><br />(+29 for winning)
|l|☆LeoN22poke
|player|p2|
|l|☆Nixon4
|player|p1|
