|j|☆cjcrazy138
|j|☆lunarfae
|t:|1779678945
|gametype|singles
|player|p1|cjcrazy138|169|1139
|player|p2|lunarfae|doubleteam|1121
|gen|9
|tier|[Gen 9] OU
|rated|
|rule|HP Percentage Mod: HP is shown in percentages
|rule|Endless Battle Clause: Forcing endless battles is banned
|rule|Species Clause: Limit one of each Pokémon
|rule|OHKO Clause: OHKO moves are banned
|rule|Evasion Items Clause: Evasion items are banned
|rule|Evasion Moves Clause: Evasion moves are banned
|rule|Evasion Abilities Clause: Evasion abilities are banned
|rule|Sleep Moves Clause: Sleep-inducing moves are banned
|clearpoke
|poke|p1|Ninetales-Alola, M|
|poke|p1|Regice|
|poke|p1|Jirachi|
|poke|p1|Hatterene, F|
|poke|p1|Abomasnow, F|
|poke|p1|Alomomola, M|
|poke|p2|Mandibuzz, F|
|poke|p2|Goodra-Hisui, F|
|poke|p2|Registeel|
|poke|p2|Jumpluff, F|
|poke|p2|Vaporeon, M|
|poke|p2|Mudsdale, M|
|teampreview
|inactive|Battle timer is ON: inactive players will automatically lose when time's up. (requested by lunarfae)
|
|t:|1779678962
|teamsize|p1|6
|teamsize|p2|6
|start
|switch|p1a: Regice|Regice|100/100
|switch|p2a: Goodra|Goodra-Hisui, F|100/100
|turn|1
|
|t:|1779678970
|move|p2a: Goodra|Flash Cannon|p1a: Regice
|-supereffective|p1a: Regice
|-damage|p1a: Regice|76/100
|move|p1a: Regice|Thunderbolt|p2a: Goodra
|-resisted|p2a: Goodra
|-damage|p2a: Goodra|96/100
|
|upkeep
|turn|2
|
|t:|1779678977
|move|p2a: Goodra|Fire Blast|p1a: Regice|[miss]
|-miss|p2a: Goodra|p1a: Regice
|move|p1a: Regice|Thunderbolt|p2a: Goodra
|-resisted|p2a: Goodra
|-damage|p2a: Goodra|90/100
|
|upkeep
|turn|3
|
|t:|1779678983
|move|p2a: Goodra|Fire Blast|p1a: Regice
|-supereffective|p1a: Regice
|-damage|p1a: Regice|51/100
|move|p1a: Regice|Thunderbolt|p2a: Goodra
|-resisted|p2a: Goodra
|-damage|p2a: Goodra|85/100
|
|upkeep
|turn|4
|
|t:|1779678989
|move|p2a: Goodra|Flash Cannon|p1a: Regice
|-supereffective|p1a: Regice
|-damage|p1a: Regice|24/100
|move|p1a: Regice|Thunderbolt|p2a: Goodra
|-resisted|p2a: Goodra
|-damage|p2a: Goodra|80/100
|
|upkeep
|turn|5
|
|t:|1779679000
|switch|p1a: Alomomola|Alomomola, M|100/100
|move|p2a: Goodra|Flash Cannon|p1a: Alomomola
|-resisted|p1a: Alomomola
|-damage|p1a: Alomomola|74/100
|-unboost|p1a: Alomomola|spd|1
|
|-heal|p1a: Alomomola|80/100|[from] item: Leftovers
|upkeep
|turn|6
|
|t:|1779679008
|switch|p2a: Vaporeon|Vaporeon, M|100/100
|move|p1a: Alomomola|Flip Turn|p2a: Vaporeon
|-immune|p2a: Vaporeon|[from] ability: Water Absorb
|
|-heal|p1a: Alomomola|86/100|[from] item: Leftovers
|upkeep
|turn|7
|
|t:|1779679017
|switch|p1a: Abomasnow|Abomasnow, F|100/100
|-weather|Snowscape|[from] ability: Snow Warning|[of] p1a: Abomasnow
|switch|p2a: Registeel|Registeel, shiny|100/100
|
|-weather|Snowscape|[upkeep]
|upkeep
|turn|8
|
|t:|1779679025
|move|p1a: Abomasnow|Earth Power|p2a: Registeel
|-supereffective|p2a: Registeel
|-damage|p2a: Registeel|75/100
|move|p2a: Registeel|Thunder Wave|p1a: Abomasnow
|-status|p1a: Abomasnow|par
|
|-weather|Snowscape|[upkeep]
|-heal|p2a: Registeel|81/100|[from] item: Leftovers
|upkeep
|turn|9
|
|t:|1779679034
|switch|p2a: Mudsdale|Mudsdale, M|100/100
|move|p1a: Abomasnow|Aurora Veil|p1a: Abomasnow
|-sidestart|p1: cjcrazy138|move: Aurora Veil
|
|-weather|Snowscape|[upkeep]
|upkeep
|turn|10
|
|t:|1779679042
|-terastallize|p2a: Mudsdale|Water
|move|p2a: Mudsdale|Stealth Rock|p1a: Abomasnow
|-sidestart|p1: cjcrazy138|move: Stealth Rock
|cant|p1a: Abomasnow|par
|
|-weather|Snowscape|[upkeep]
|upkeep
|turn|11
|
|t:|1779679049
|switch|p2a: Mandibuzz|Mandibuzz, F|100/100
|move|p1a: Abomasnow|Leaf Storm|p2a: Mandibuzz
|-resisted|p2a: Mandibuzz
|-damage|p2a: Mandibuzz|80/100
|-unboost|p1a: Abomasnow|spa|2
|
|-weather|none
|upkeep
|turn|12
|c|☆cjcrazy138|switchslop
|
|t:|1779679065
|move|p2a: Mandibuzz|Defog|p1a: Abomasnow
|-unboost|p1a: Abomasnow|evasion|1
|-sideend|p1: cjcrazy138|move: Aurora Veil
|-sideend|p1: cjcrazy138|Stealth Rock|[from] move: Defog|[of] p2a: Mandibuzz
|move|p1a: Abomasnow|Blizzard|p2a: Mandibuzz
|-supereffective|p2a: Mandibuzz
|-damage|p2a: Mandibuzz|39/100
|
|upkeep
|turn|13
|
|t:|1779679074
|move|p2a: Mandibuzz|Roost|p2a: Mandibuzz
|-heal|p2a: Mandibuzz|89/100
|-singleturn|p2a: Mandibuzz|move: Roost
|move|p1a: Abomasnow|Blizzard|p2a: Mandibuzz
|-damage|p2a: Mandibuzz|71/100
|
|upkeep
|turn|14
|
|t:|1779679086
|switch|p2a: Goodra|Goodra-Hisui, F|80/100
|switch|p1a: Jirachi|Jirachi|100/100
|
|upkeep
|turn|15
|
|t:|1779679094
|move|p1a: Jirachi|Drain Punch|p2a: Goodra
|-supereffective|p2a: Goodra
|-damage|p2a: Goodra|24/100
|move|p2a: Goodra|Fire Blast|p1a: Jirachi
|-supereffective|p1a: Jirachi
|-damage|p1a: Jirachi|14/100
|
|upkeep
|turn|16
|
|t:|1779679103
|switch|p2a: Vaporeon|Vaporeon, M|100/100
|move|p1a: Jirachi|Drain Punch|p2a: Vaporeon
|-damage|p2a: Vaporeon|66/100
|-heal|p1a: Jirachi|38/100|[from] drain|[of] p2a: Vaporeon
|
|-heal|p2a: Vaporeon|72/100|[from] item: Leftovers
|upkeep
|turn|17
|
|t:|1779679111
|move|p1a: Jirachi|Drain Punch|p2a: Vaporeon
|-damage|p2a: Vaporeon|41/100
|-heal|p1a: Jirachi|59/100|[from] drain|[of] p2a: Vaporeon
|move|p2a: Vaporeon|Wish|p2a: Vaporeon
|
|-heal|p2a: Vaporeon|47/100|[from] item: Leftovers
|upkeep
|turn|18
|
|t:|1779679122
|move|p2a: Vaporeon|Protect|p2a: Vaporeon
|-singleturn|p2a: Vaporeon|Protect
|move|p1a: Jirachi|Drain Punch|p2a: Vaporeon
|-activate|p2a: Vaporeon|move: Protect
|
|-heal|p2a: Vaporeon|97/100|[from] move: Wish|[wisher] Vaporeon
|-heal|p2a: Vaporeon|100/100|[from] item: Leftovers
|upkeep
|turn|19
|
|t:|1779679130
|switch|p2a: Jumpluff|Jumpluff, F, shiny|100/100
|move|p1a: Jirachi|Drain Punch|p2a: Jumpluff
|-resisted|p2a: Jumpluff
|-damage|p2a: Jumpluff|77/100
|-heal|p1a: Jirachi|70/100|[from] drain|[of] p2a: Jumpluff
|-enditem|p2a: Jumpluff|Kee Berry|[eat]
|-boost|p2a: Jumpluff|def|1|[from] item: Kee Berry
|
|upkeep
|turn|20
|
|t:|1779679141
|switch|p1a: Regice|Regice|24/100
|move|p2a: Jumpluff|Leech Seed|p1a: Regice
|-start|p1a: Regice|move: Leech Seed
|
|-damage|p1a: Regice|12/100|[from] Leech Seed|[of] p2a: Jumpluff
|-heal|p2a: Jumpluff|91/100|[silent]
|upkeep
|turn|21
|
|t:|1779679148
|switch|p2a: Vaporeon|Vaporeon, M|100/100
|switch|p1a: Abomasnow|Abomasnow, F|100/100 par
|-weather|Snowscape|[from] ability: Snow Warning|[of] p1a: Abomasnow
|
|-weather|Snowscape|[upkeep]
|upkeep
|turn|22
|
|t:|1779679159
|move|p2a: Vaporeon|Wish|p2a: Vaporeon
|move|p1a: Abomasnow|Earth Power|p2a: Vaporeon
|-crit|p2a: Vaporeon
|-damage|p2a: Vaporeon|80/100
|-unboost|p2a: Vaporeon|spd|1
|
|-weather|Snowscape|[upkeep]
|-heal|p2a: Vaporeon|86/100|[from] item: Leftovers
|upkeep
|turn|23
|
|t:|1779679173
|switch|p2a: Registeel|Registeel, shiny|81/100
|cant|p1a: Abomasnow|par
|
|-weather|Snowscape|[upkeep]
|-heal|p2a: Registeel|100/100|[from] move: Wish|[wisher] Vaporeon
|upkeep
|turn|24
|
|t:|1779679182
|move|p2a: Registeel|Iron Head|p1a: Abomasnow
|-supereffective|p1a: Abomasnow
|-damage|p1a: Abomasnow|72/100 par
|move|p1a: Abomasnow|Aurora Veil|p1a: Abomasnow
|-sidestart|p1: cjcrazy138|move: Aurora Veil
|
|-weather|Snowscape|[upkeep]
|upkeep
|turn|25
|
|t:|1779679189
|switch|p2a: Vaporeon|Vaporeon, M|86/100
|move|p1a: Abomasnow|Earth Power|p2a: Vaporeon
|-damage|p2a: Vaporeon|70/100
|
|-weather|none
|-heal|p2a: Vaporeon|76/100|[from] item: Leftovers
|upkeep
|turn|26
|
|t:|1779679197
|switch|p2a: Goodra|Goodra-Hisui, F|24/100
|move|p1a: Abomasnow|Leaf Storm|p2a: Goodra
|-ability|p2a: Goodra|Sap Sipper|boost
|-boost|p2a: Goodra|atk|1
|
|upkeep
|turn|27
|
|t:|1779679207
|switch|p2a: Vaporeon|Vaporeon, M|76/100
|move|p1a: Abomasnow|Earth Power|p2a: Vaporeon
|-damage|p2a: Vaporeon|62/100
|
|-heal|p2a: Vaporeon|68/100|[from] item: Leftovers
|upkeep
|turn|28
|
|t:|1779679214
|move|p2a: Vaporeon|Protect|p2a: Vaporeon
|-singleturn|p2a: Vaporeon|Protect
|move|p1a: Abomasnow|Earth Power|p2a: Vaporeon
|-activate|p2a: Vaporeon|move: Protect
|
|-heal|p2a: Vaporeon|74/100|[from] item: Leftovers
|upkeep
|turn|29
|
|t:|1779679226
|switch|p2a: Registeel|Registeel, shiny|100/100
|cant|p1a: Abomasnow|par
|
|upkeep
|turn|30
|
|t:|1779679231
|move|p2a: Registeel|Iron Defense|p2a: Registeel
|-boost|p2a: Registeel|def|2
|move|p1a: Abomasnow|Earth Power|p2a: Registeel
|-supereffective|p2a: Registeel
|-damage|p2a: Registeel|76/100
|
|-heal|p2a: Registeel|82/100|[from] item: Leftovers
|upkeep
|turn|31
|
|t:|1779679238
|move|p2a: Registeel|Iron Defense|p2a: Registeel
|-boost|p2a: Registeel|def|2
|cant|p1a: Abomasnow|par
|
|-heal|p2a: Registeel|88/100|[from] item: Leftovers
|-sideend|p1: cjcrazy138|move: Aurora Veil
|upkeep
|turn|32
|
|t:|1779679246
|move|p2a: Registeel|Iron Head|p1a: Abomasnow
|-supereffective|p1a: Abomasnow
|-damage|p1a: Abomasnow|28/100 par
|move|p1a: Abomasnow|Earth Power|p2a: Registeel
|-supereffective|p2a: Registeel
|-damage|p2a: Registeel|64/100
|
|-heal|p2a: Registeel|70/100|[from] item: Leftovers
|upkeep
|turn|33
|c|☆cjcrazy138|these are ods are terrible
|
|t:|1779679257
|move|p2a: Registeel|Body Press|p1a: Abomasnow
|-supereffective|p1a: Abomasnow
|-damage|p1a: Abomasnow|0 fnt
|faint|p1a: Abomasnow
|
|-heal|p2a: Registeel|76/100|[from] item: Leftovers
|upkeep
|
|t:|1779679264
|switch|p1a: Jirachi|Jirachi|70/100
|turn|34
|
|t:|1779679276
|move|p1a: Jirachi|Drain Punch|p2a: Registeel
|-supereffective|p2a: Registeel
|-damage|p2a: Registeel|60/100
|-heal|p1a: Jirachi|79/100|[from] drain|[of] p2a: Registeel
|move|p2a: Registeel|Thunder Wave|p1a: Jirachi|[miss]
|-miss|p2a: Registeel|p1a: Jirachi
|
|-heal|p2a: Registeel|66/100|[from] item: Leftovers
|upkeep
|turn|35
|
|t:|1779679287
|switch|p1a: Hatterene|Hatterene, F|100/100
|move|p2a: Registeel|Thunder Wave|p1a: Hatterene
|move|p1a: Hatterene|Thunder Wave|p2a: Registeel|[from] ability: Magic Bounce
|-status|p2a: Registeel|par
|
|-heal|p2a: Registeel|72/100 par|[from] item: Leftovers
|upkeep
|turn|36
|
|t:|1779679298
|move|p1a: Hatterene|Calm Mind|p1a: Hatterene
|-boost|p1a: Hatterene|spa|1
|-boost|p1a: Hatterene|spd|1
|move|p2a: Registeel|Iron Head|p1a: Hatterene
|-supereffective|p1a: Hatterene
|-damage|p1a: Hatterene|52/100
|
|-heal|p1a: Hatterene|59/100|[from] item: Leftovers
|-heal|p2a: Registeel|79/100 par|[from] item: Leftovers
|upkeep
|turn|37
|
|t:|1779679310
|move|p1a: Hatterene|Mystical Fire|p2a: Registeel
|-supereffective|p2a: Registeel
|-damage|p2a: Registeel|38/100 par
|move|p2a: Registeel|Iron Head|p1a: Hatterene
|-supereffective|p1a: Hatterene
|-damage|p1a: Hatterene|11/100
|
|-heal|p1a: Hatterene|17/100|[from] item: Leftovers
|-heal|p2a: Registeel|44/100 par|[from] item: Leftovers
|upkeep
|turn|38
|
|t:|1779679318
|switch|p2a: Vaporeon|Vaporeon, M|74/100
|move|p1a: Hatterene|Mystical Fire|p2a: Vaporeon
|-resisted|p2a: Vaporeon
|-damage|p2a: Vaporeon|63/100
|-unboost|p2a: Vaporeon|spa|1
|
|-heal|p2a: Vaporeon|69/100|[from] item: Leftovers
|-heal|p1a: Hatterene|23/100|[from] item: Leftovers
|upkeep
|turn|39
|
|t:|1779679329
|move|p2a: Vaporeon|Flip Turn|p1a: Hatterene
|-damage|p1a: Hatterene|6/100
|
|t:|1779679331
|switch|p2a: Mandibuzz|Mandibuzz, F|71/100|[from] Flip Turn
|move|p1a: Hatterene|Draining Kiss|p2a: Mandibuzz
|-supereffective|p2a: Mandibuzz
|-crit|p2a: Mandibuzz
|-damage|p2a: Mandibuzz|0 fnt
|-heal|p1a: Hatterene|86/100|[from] drain|[of] p2a: Mandibuzz
|faint|p2a: Mandibuzz
|
|-heal|p1a: Hatterene|92/100|[from] item: Leftovers
|upkeep
|
|t:|1779679339
|switch|p2a: Vaporeon|Vaporeon, M|69/100
|turn|40
|
|t:|1779679343
|move|p2a: Vaporeon|Wish|p2a: Vaporeon
|move|p1a: Hatterene|Draining Kiss|p2a: Vaporeon
|-damage|p2a: Vaporeon|46/100
|-heal|p1a: Hatterene|100/100|[from] drain|[of] p2a: Vaporeon
|
|-heal|p2a: Vaporeon|52/100|[from] item: Leftovers
|upkeep
|turn|41
|
|t:|1779679349
|move|p2a: Vaporeon|Flip Turn|p1a: Hatterene
|-damage|p1a: Hatterene|84/100
|
|t:|1779679352
|switch|p2a: Registeel|Registeel, shiny|44/100 par|[from] Flip Turn
|move|p1a: Hatterene|Calm Mind|p1a: Hatterene
|-boost|p1a: Hatterene|spa|1
|-boost|p1a: Hatterene|spd|1
|
|-heal|p2a: Registeel|100/100 par|[from] move: Wish|[wisher] Vaporeon
|-heal|p1a: Hatterene|90/100|[from] item: Leftovers
|upkeep
|turn|42
|
|t:|1779679361
|move|p1a: Hatterene|Mystical Fire|p2a: Registeel
|-supereffective|p2a: Registeel
|-damage|p2a: Registeel|48/100 par
|move|p2a: Registeel|Iron Head|p1a: Hatterene
|-supereffective|p1a: Hatterene
|-damage|p1a: Hatterene|43/100
|
|-heal|p1a: Hatterene|49/100|[from] item: Leftovers
|-heal|p2a: Registeel|54/100 par|[from] item: Leftovers
|upkeep
|turn|43
|
|t:|1779679372
|move|p1a: Hatterene|Mystical Fire|p2a: Registeel
|-supereffective|p2a: Registeel
|-damage|p2a: Registeel|5/100 par
|move|p2a: Registeel|Iron Head|p1a: Hatterene
|-supereffective|p1a: Hatterene
|-damage|p1a: Hatterene|0 fnt
|faint|p1a: Hatterene
|
|-heal|p2a: Registeel|11/100 par|[from] item: Leftovers
|upkeep
|
|t:|1779679386
|switch|p1a: Ninetales|Ninetales-Alola, M|100/100
|-weather|Snowscape|[from] ability: Snow Warning|[of] p1a: Ninetales
|turn|44
|c|☆lunarfae|Im playing a low tier draft team sorry if I do some wishpassing
|
|t:|1779679413
|switch|p2a: Vaporeon|Vaporeon, M|52/100
|move|p1a: Ninetales|Moonblast|p2a: Vaporeon
|-damage|p2a: Vaporeon|21/100
|-unboost|p2a: Vaporeon|spa|1
|
|-weather|Snowscape|[upkeep]
|-heal|p2a: Vaporeon|27/100|[from] item: Leftovers
|upkeep
|turn|45
|
|t:|1779679422
|move|p2a: Vaporeon|Protect|p2a: Vaporeon
|-singleturn|p2a: Vaporeon|Protect
|move|p1a: Ninetales|Moonblast|p2a: Vaporeon
|-activate|p2a: Vaporeon|move: Protect
|
|-weather|Snowscape|[upkeep]
|-heal|p2a: Vaporeon|33/100|[from] item: Leftovers
|upkeep
|turn|46
|
|t:|1779679430
|move|p1a: Ninetales|Moonblast|p2a: Vaporeon
|-damage|p2a: Vaporeon|0 fnt
|faint|p2a: Vaporeon
|
|-weather|Snowscape|[upkeep]
|upkeep
|
|t:|1779679434
|switch|p2a: Goodra|Goodra-Hisui, F|24/100
|turn|47
|
|t:|1779679439
|switch|p1a: Alomomola|Alomomola, M|100/100
|move|p2a: Goodra|Flash Cannon|p1a: Alomomola
|-resisted|p1a: Alomomola
|-damage|p1a: Alomomola|78/100
|-unboost|p1a: Alomomola|spd|1
|
|-weather|Snowscape|[upkeep]
|-heal|p1a: Alomomola|84/100|[from] item: Leftovers
|upkeep
|turn|48
|
|t:|1779679448
|switch|p2a: Jumpluff|Jumpluff, F, shiny|91/100
|move|p1a: Alomomola|Scald|p2a: Jumpluff
|-resisted|p2a: Jumpluff
|-damage|p2a: Jumpluff|85/100
|-status|p2a: Jumpluff|brn
|
|-weather|none
|-heal|p1a: Alomomola|91/100|[from] item: Leftovers
|-damage|p2a: Jumpluff|78/100 brn|[from] brn
|upkeep
|turn|49
|c|☆cjcrazy138|pretty well built team tho
|
|t:|1779679466
|move|p1a: Alomomola|Protect|p1a: Alomomola
|-singleturn|p1a: Alomomola|Protect
|move|p2a: Jumpluff|Substitute|p2a: Jumpluff
|-start|p2a: Jumpluff|Substitute
|-damage|p2a: Jumpluff|54/100 brn
|
|-heal|p1a: Alomomola|97/100|[from] item: Leftovers
|-damage|p2a: Jumpluff|47/100 brn|[from] brn
|upkeep
|turn|50
|
|t:|1779679475
|move|p2a: Jumpluff|Leech Seed|p1a: Alomomola|[miss]
|-miss|p2a: Jumpluff|p1a: Alomomola
|move|p1a: Alomomola|Flip Turn|p2a: Jumpluff
|-resisted|p2a: Jumpluff
|-activate|p2a: Jumpluff|move: Substitute|[damage]
|
|t:|1779679483
|switch|p1a: Jirachi|Jirachi|79/100|[from] Flip Turn
|
|-damage|p2a: Jumpluff|41/100 brn|[from] brn
|upkeep
|turn|51
|
|t:|1779679493
|move|p2a: Jumpluff|Leech Seed|p1a: Jirachi
|-start|p1a: Jirachi|move: Leech Seed
|move|p1a: Jirachi|Fire Punch|p2a: Jumpluff
|-supereffective|p2a: Jumpluff
|-end|p2a: Jumpluff|Substitute
|
|-damage|p1a: Jirachi|66/100|[from] Leech Seed|[of] p2a: Jumpluff
|-heal|p2a: Jumpluff|54/100 brn|[silent]
|-damage|p2a: Jumpluff|48/100 brn|[from] brn
|upkeep
|turn|52
|
|t:|1779679503
|move|p2a: Jumpluff|Substitute|p2a: Jumpluff
|-start|p2a: Jumpluff|Substitute
|-damage|p2a: Jumpluff|23/100 brn
|move|p1a: Jirachi|Fire Punch|p2a: Jumpluff
|-supereffective|p2a: Jumpluff
|-end|p2a: Jumpluff|Substitute
|
|-damage|p1a: Jirachi|54/100|[from] Leech Seed|[of] p2a: Jumpluff
|-heal|p2a: Jumpluff|36/100 brn|[silent]
|-damage|p2a: Jumpluff|30/100 brn|[from] brn
|upkeep
|turn|53
|
|t:|1779679513
|move|p2a: Jumpluff|Strength Sap|p1a: Jirachi
|-unboost|p1a: Jirachi|atk|1
|-heal|p2a: Jumpluff|100/100 brn
|move|p1a: Jirachi|Fire Punch|p2a: Jumpluff
|-supereffective|p2a: Jumpluff
|-damage|p2a: Jumpluff|44/100 brn
|
|-damage|p1a: Jirachi|42/100|[from] Leech Seed|[of] p2a: Jumpluff
|-heal|p2a: Jumpluff|57/100 brn|[silent]
|-damage|p2a: Jumpluff|51/100 brn|[from] brn
|upkeep
|turn|54
|
|t:|1779679525
|switch|p1a: Regice|Regice|12/100
|move|p2a: Jumpluff|Strength Sap|p1a: Regice
|-unboost|p1a: Regice|atk|1
|-heal|p2a: Jumpluff|83/100 brn
|
|-damage|p2a: Jumpluff|77/100 brn|[from] brn
|upkeep
|turn|55
|
|t:|1779679553
|switch|p2a: Registeel|Registeel, shiny|11/100 par
|move|p1a: Regice|Ancient Power|p2a: Registeel
|-resisted|p2a: Registeel
|-damage|p2a: Registeel|8/100 par
|
|-heal|p2a: Registeel|14/100 par|[from] item: Leftovers
|upkeep
|turn|56
|
|t:|1779679568
|move|p1a: Regice|Thunderbolt|p2a: Registeel
|-damage|p2a: Registeel|2/100 par
|move|p2a: Registeel|Iron Head|p1a: Regice
|-supereffective|p1a: Regice
|-damage|p1a: Regice|0 fnt
|faint|p1a: Regice
|
|-heal|p2a: Registeel|8/100 par|[from] item: Leftovers
|upkeep
|c|☆cjcrazy138|low role is crazy
|
|t:|1779679581
|switch|p1a: Ninetales|Ninetales-Alola, M|100/100
|-weather|Snowscape|[from] ability: Snow Warning|[of] p1a: Ninetales
|turn|57
|
|t:|1779679590
|move|p1a: Ninetales|Dark Pulse|p2a: Registeel
|-damage|p2a: Registeel|0 fnt
|faint|p2a: Registeel
|
|-weather|Snowscape|[upkeep]
|upkeep
|
|t:|1779679597
|switch|p2a: Goodra|Goodra-Hisui, F|24/100
|turn|58
|
|t:|1779679600
|switch|p1a: Alomomola|Alomomola, M|100/100
|move|p2a: Goodra|Flash Cannon|p1a: Alomomola
|-resisted|p1a: Alomomola
|-damage|p1a: Alomomola|76/100
|
|-weather|Snowscape|[upkeep]
|-heal|p1a: Alomomola|82/100|[from] item: Leftovers
|upkeep
|turn|59
|
|t:|1779679610
|switch|p2a: Jumpluff|Jumpluff, F, shiny|77/100 brn
|move|p1a: Alomomola|Substitute|p1a: Alomomola
|-start|p1a: Alomomola|Substitute
|-damage|p1a: Alomomola|57/100
|
|-weather|Snowscape|[upkeep]
|-heal|p1a: Alomomola|64/100|[from] item: Leftovers
|-damage|p2a: Jumpluff|71/100 brn|[from] brn
|upkeep
|turn|60
|
|t:|1779679619
|move|p2a: Jumpluff|Encore|p1a: Alomomola
|-start|p1a: Alomomola|Encore
|move|p1a: Alomomola|Substitute|p1a: Alomomola
|-fail|p1a: Alomomola|move: Substitute
|
|-weather|Snowscape|[upkeep]
|-heal|p1a: Alomomola|70/100|[from] item: Leftovers
|-damage|p2a: Jumpluff|65/100 brn|[from] brn
|upkeep
|turn|61
|
|t:|1779679626
|switch|p2a: Mudsdale|Mudsdale, M, tera:Water|100/100
|move|p1a: Alomomola|Substitute|p1a: Alomomola
|-fail|p1a: Alomomola|move: Substitute
|
|-weather|none
|-heal|p1a: Alomomola|76/100|[from] item: Leftovers
|upkeep
|turn|62
|
|t:|1779679633
|move|p1a: Alomomola|Substitute|p1a: Alomomola
|-fail|p1a: Alomomola|move: Substitute
|move|p2a: Mudsdale|Stealth Rock|p1a: Alomomola
|-sidestart|p1: cjcrazy138|move: Stealth Rock
|
|-heal|p1a: Alomomola|82/100|[from] item: Leftovers
|-end|p1a: Alomomola|Encore
|upkeep
|turn|63
|
|t:|1779679642
|move|p1a: Alomomola|Scald|p2a: Mudsdale
|-resisted|p2a: Mudsdale
|-damage|p2a: Mudsdale|95/100
|-ability|p2a: Mudsdale|Stamina|boost
|-boost|p2a: Mudsdale|def|1
|move|p2a: Mudsdale|Roar|p1a: Alomomola
|drag|p1a: Ninetales|Ninetales-Alola, M|100/100
|-damage|p1a: Ninetales|76/100|[from] Stealth Rock
|-weather|Snowscape|[from] ability: Snow Warning|[of] p1a: Ninetales
|
|-weather|Snowscape|[upkeep]
|upkeep
|turn|64
|
|t:|1779679655
|-terastallize|p1a: Ninetales|Ice
|move|p1a: Ninetales|Freeze-Dry|p2a: Mudsdale
|-supereffective|p2a: Mudsdale
|-damage|p2a: Mudsdale|0 fnt
|faint|p2a: Mudsdale
|
|-weather|Snowscape|[upkeep]
|upkeep
|
|t:|1779679663
|switch|p2a: Goodra|Goodra-Hisui, F|24/100
|turn|65
|
|t:|1779679666
|move|p1a: Ninetales|Freeze-Dry|p2a: Goodra
|-crit|p2a: Goodra
|-damage|p2a: Goodra|0 fnt
|faint|p2a: Goodra
|
|-weather|Snowscape|[upkeep]
|upkeep
|
|t:|1779679668
|switch|p2a: Jumpluff|Jumpluff, F, shiny|65/100 brn
|turn|66
|c|☆cjcrazy138|phew
|
|t:|1779679676
|move|p1a: Ninetales|Freeze-Dry|p2a: Jumpluff
|-supereffective|p2a: Jumpluff
|-damage|p2a: Jumpluff|0 fnt
|faint|p2a: Jumpluff
|
|win|cjcrazy138
|raw|cjcrazy138's rating: 1139 &rarr; <strong>1163</strong><br />(+24 for winning)
|raw|lunarfae's rating: 1121 &rarr; <strong>1097</strong><br />(-24 for losing)
|l|☆lunarfae
|player|p2|
|c|☆cjcrazy138|I was so scared that wasn't gonna kill
