|j|☆claudechamp
|j|☆M2DJ
|t:|1779574977
|gametype|singles
|player|p1|claudechamp|101|1183
|player|p2|M2DJ|pilot|1148
|gen|9
|tier|[Gen 9] OU
|rated|
|rule|HP Percentage Mod: HP is shown in percentages
|rule|Endless Battle Clause: Forcing endless battles is banned
|rule|Species Clause: Limit one of each Pokémon
|rule|OHKO Clause: OHKO moves are banned
|rule|Evasion Items Clause: Evasion items are banned
|rule|Evasion Moves Clause: Evasion moves are banned
|rule|Evasion Abilities Clause: Evasion abilities are banned
|rule|Sleep Moves Clause: Sleep-inducing moves are banned
|clearpoke
|poke|p1|Gliscor, F|
|poke|p1|Gholdengo|
|poke|p1|Zamazenta-*|
|poke|p1|Blissey, F|
|poke|p1|Skarmory, F|
|poke|p1|Pecharunt|
|poke|p2|Raging Bolt|
|poke|p2|Gholdengo|
|poke|p2|Great Tusk|
|poke|p2|Corviknight, F|
|poke|p2|Dragonite, F|
|poke|p2|Garganacl, F|
|teampreview
|c|☆claudechamp|hf
|inactive|Battle timer is ON: inactive players will automatically lose when time's up. (requested by M2DJ)
|inactive|claudechamp also wants the timer to be on.
|
|t:|1779574991
|teamsize|p1|6
|teamsize|p2|6
|start
|switch|p1a: Skarmory|Skarmory, F|100/100
|switch|p2a: Gholdengo|Gholdengo|100/100
|turn|1
|
|t:|1779574997
|switch|p1a: Blissey|Blissey, F|100/100
|move|p2a: Gholdengo|Trick|p1a: Blissey
|-activate|p2a: Gholdengo|move: Trick|[of] p1a: Blissey
|-item|p1a: Blissey|Choice Scarf|[from] move: Trick
|-item|p2a: Gholdengo|Heavy-Duty Boots|[from] move: Trick
|
|upkeep
|turn|2
|
|t:|1779575016
|switch|p2a: Garganacl|Garganacl, F|100/100
|move|p1a: Blissey|Stealth Rock|p2a: Garganacl
|-sidestart|p2: M2DJ|move: Stealth Rock
|
|upkeep
|turn|3
|
|t:|1779575022
|switch|p1a: Gliscor|Gliscor, F|100/100
|move|p2a: Garganacl|Stealth Rock|p1a: Gliscor
|-sidestart|p1: claudechamp|move: Stealth Rock
|
|-status|p1a: Gliscor|tox|[from] item: Toxic Orb
|upkeep
|turn|4
|
|t:|1779575026
|move|p1a: Gliscor|Swords Dance|p1a: Gliscor
|-boost|p1a: Gliscor|atk|2
|move|p2a: Garganacl|Salt Cure|p1a: Gliscor
|-damage|p1a: Gliscor|89/100 tox
|-start|p1a: Gliscor|Salt Cure
|
|-heal|p1a: Gliscor|100/100 tox|[from] ability: Poison Heal
|-damage|p1a: Gliscor|88/100 tox|[from] Salt Cure
|upkeep
|turn|5
|
|t:|1779575030
|switch|p2a: Corviknight|Corviknight, F|100/100
|-damage|p2a: Corviknight|88/100|[from] Stealth Rock
|-ability|p2a: Corviknight|Pressure
|-terastallize|p1a: Gliscor|Dark
|move|p1a: Gliscor|Swords Dance|p1a: Gliscor
|-boost|p1a: Gliscor|atk|2
|
|-heal|p1a: Gliscor|100/100 tox|[from] ability: Poison Heal
|-damage|p1a: Gliscor|88/100 tox|[from] Salt Cure
|upkeep
|turn|6
|
|t:|1779575039
|move|p1a: Gliscor|Protect|p1a: Gliscor
|-singleturn|p1a: Gliscor|Protect
|move|p2a: Corviknight|Body Press|p1a: Gliscor
|-activate|p1a: Gliscor|move: Protect
|
|-heal|p1a: Gliscor|100/100 tox|[from] ability: Poison Heal
|-damage|p1a: Gliscor|88/100 tox|[from] Salt Cure
|upkeep
|turn|7
|
|t:|1779575043
|move|p1a: Gliscor|Knock Off|p2a: Corviknight
|-damage|p2a: Corviknight|31/100
|-damage|p1a: Gliscor|72/100 tox|[from] item: Rocky Helmet|[of] p2a: Corviknight
|-enditem|p2a: Corviknight|Rocky Helmet|[from] move: Knock Off|[of] p1a: Gliscor
|move|p2a: Corviknight|Body Press|p1a: Gliscor
|-supereffective|p1a: Gliscor
|-crit|p1a: Gliscor
|-damage|p1a: Gliscor|10/100 tox
|
|-heal|p1a: Gliscor|23/100 tox|[from] ability: Poison Heal
|-damage|p1a: Gliscor|10/100 tox|[from] Salt Cure
|upkeep
|turn|8
|
|t:|1779575059
|switch|p1a: Pecharunt|Pecharunt|100/100
|move|p2a: Corviknight|Roost|p2a: Corviknight
|-heal|p2a: Corviknight|81/100
|-singleturn|p2a: Corviknight|move: Roost
|
|upkeep
|turn|9
|
|t:|1779575063
|move|p1a: Pecharunt|Shadow Ball|p2a: Corviknight
|-damage|p2a: Corviknight|57/100
|move|p2a: Corviknight|U-turn|p1a: Pecharunt
|-resisted|p1a: Pecharunt
|-damage|p1a: Pecharunt|99/100
|
|t:|1779575077
|switch|p2a: Great Tusk|Great Tusk|100/100|[from] U-turn
|
|upkeep
|turn|10
|
|t:|1779575083
|move|p2a: Great Tusk|Knock Off|p1a: Pecharunt
|-supereffective|p1a: Pecharunt
|-damage|p1a: Pecharunt|67/100
|-enditem|p1a: Pecharunt|Heavy-Duty Boots|[from] move: Knock Off|[of] p2a: Great Tusk
|move|p1a: Pecharunt|Shadow Ball|p2a: Great Tusk
|-damage|p2a: Great Tusk|62/100
|
|upkeep
|turn|11
|
|t:|1779575090
|move|p2a: Great Tusk|Headlong Rush|p1a: Pecharunt
|-supereffective|p1a: Pecharunt
|-damage|p1a: Pecharunt|4/100
|-unboost|p2a: Great Tusk|def|1
|-unboost|p2a: Great Tusk|spd|1
|move|p1a: Pecharunt|Shadow Ball|p2a: Great Tusk
|-crit|p2a: Great Tusk
|-damage|p2a: Great Tusk|0 fnt
|faint|p2a: Great Tusk
|-end|p2a: Great Tusk|Protosynthesis|[silent]
|
|upkeep
|
|t:|1779575106
|switch|p2a: Raging Bolt|Raging Bolt|100/100
|-damage|p2a: Raging Bolt|88/100|[from] Stealth Rock
|turn|12
|
|t:|1779575111
|move|p2a: Raging Bolt|Volt Switch|p1a: Pecharunt
|-damage|p1a: Pecharunt|0 fnt
|faint|p1a: Pecharunt
|
|t:|1779575122
|-end|p2a: Raging Bolt|Protosynthesis|[silent]
|switch|p2a: Dragonite|Dragonite, F|100/100|[from] Volt Switch
|-damage|p2a: Dragonite|76/100|[from] Stealth Rock
|
|upkeep
|
|t:|1779575124
|switch|p1a: Zamazenta|Zamazenta|100/100
|-ability|p1a: Zamazenta|Dauntless Shield|boost
|-boost|p1a: Zamazenta|def|1
|turn|13
|
|t:|1779575132
|switch|p2a: Gholdengo|Gholdengo|100/100
|move|p1a: Zamazenta|Crunch|p2a: Gholdengo
|-supereffective|p2a: Gholdengo
|-damage|p2a: Gholdengo|41/100
|
|upkeep
|turn|14
|
|t:|1779575140
|switch|p2a: Corviknight|Corviknight, F|57/100
|-damage|p2a: Corviknight|45/100|[from] Stealth Rock
|-ability|p2a: Corviknight|Pressure
|move|p1a: Zamazenta|Crunch|p2a: Corviknight
|-damage|p2a: Corviknight|29/100
|
|upkeep
|turn|15
|
|t:|1779575147
|move|p1a: Zamazenta|Close Combat|p2a: Corviknight
|-damage|p2a: Corviknight|0 fnt
|-unboost|p1a: Zamazenta|def|1
|-unboost|p1a: Zamazenta|spd|1
|faint|p2a: Corviknight
|
|upkeep
|
|t:|1779575152
|switch|p2a: Raging Bolt|Raging Bolt|88/100
|-damage|p2a: Raging Bolt|76/100|[from] Stealth Rock
|turn|16
|
|t:|1779575157
|move|p1a: Zamazenta|Ice Fang|p2a: Raging Bolt
|-supereffective|p2a: Raging Bolt
|-damage|p2a: Raging Bolt|34/100
|move|p2a: Raging Bolt|Draco Meteor|p1a: Zamazenta
|-damage|p1a: Zamazenta|0 fnt
|-unboost|p2a: Raging Bolt|spa|2
|faint|p1a: Zamazenta
|
|upkeep
|
|t:|1779575161
|switch|p1a: Gholdengo|Gholdengo|100/100
|-damage|p1a: Gholdengo|94/100|[from] Stealth Rock
|turn|17
|
|t:|1779575172
|move|p2a: Raging Bolt|Draco Meteor|p1a: Gholdengo
|-resisted|p1a: Gholdengo
|-damage|p1a: Gholdengo|67/100
|-unboost|p2a: Raging Bolt|spa|2
|move|p1a: Gholdengo|Nasty Plot|p1a: Gholdengo
|-boost|p1a: Gholdengo|spa|2
|
|upkeep
|turn|18
|
|t:|1779575180
|-end|p2a: Raging Bolt|Protosynthesis|[silent]
|switch|p2a: Dragonite|Dragonite, F|76/100
|-damage|p2a: Dragonite|51/100|[from] Stealth Rock
|move|p1a: Gholdengo|Recover|p1a: Gholdengo
|-heal|p1a: Gholdengo|100/100
|
|upkeep
|turn|19
|
|t:|1779575188
|move|p2a: Dragonite|Earthquake|p1a: Gholdengo
|-supereffective|p1a: Gholdengo
|-crit|p1a: Gholdengo
|-damage|p1a: Gholdengo|0 fnt
|faint|p1a: Gholdengo
|
|upkeep
|
|t:|1779575194
|switch|p1a: Skarmory|Skarmory, F|100/100
|turn|20
|
|t:|1779575205
|switch|p2a: Gholdengo|Gholdengo|41/100
|move|p1a: Skarmory|Spikes|p2a: Gholdengo
|-sidestart|p2: M2DJ|Spikes
|
|upkeep
|turn|21
|
|t:|1779575211
|switch|p1a: Blissey|Blissey, F|100/100
|-damage|p1a: Blissey|88/100|[from] Stealth Rock
|move|p2a: Gholdengo|Recover|p2a: Gholdengo
|-heal|p2a: Gholdengo|91/100
|
|upkeep
|turn|22
|
|t:|1779575222
|switch|p2a: Raging Bolt|Raging Bolt|34/100
|-damage|p2a: Raging Bolt|22/100|[from] Stealth Rock
|-damage|p2a: Raging Bolt|9/100|[from] Spikes
|move|p1a: Blissey|Shadow Ball|p2a: Raging Bolt
|-damage|p2a: Raging Bolt|0 fnt
|faint|p2a: Raging Bolt
|-end|p2a: Raging Bolt|Protosynthesis|[silent]
|
|upkeep
|
|t:|1779575231
|switch|p2a: Garganacl|Garganacl, F|100/100
|-damage|p2a: Garganacl|88/100|[from] Stealth Rock
|-damage|p2a: Garganacl|76/100|[from] Spikes
|turn|23
|
|t:|1779575240
|switch|p1a: Skarmory|Skarmory, F|100/100
|move|p2a: Garganacl|Salt Cure|p1a: Skarmory
|-damage|p1a: Skarmory|91/100
|-start|p1a: Skarmory|Salt Cure
|
|-heal|p2a: Garganacl|82/100|[from] item: Leftovers
|-damage|p1a: Skarmory|66/100|[from] Salt Cure
|upkeep
|turn|24
|
|t:|1779575246
|move|p2a: Garganacl|Salt Cure|p1a: Skarmory
|-damage|p1a: Skarmory|56/100
|move|p1a: Skarmory|Whirlwind|p2a: Garganacl
|drag|p2a: Dragonite|Dragonite, F|51/100
|-damage|p2a: Dragonite|26/100|[from] Stealth Rock
|
|-damage|p1a: Skarmory|32/100|[from] Salt Cure
|upkeep
|turn|25
|
|t:|1779575258
|move|p2a: Dragonite|Outrage|p1a: Skarmory
|-resisted|p1a: Skarmory
|-damage|p1a: Skarmory|0 fnt
|faint|p1a: Skarmory
|
|upkeep
|
|t:|1779575262
|switch|p1a: Blissey|Blissey, F|88/100
|-damage|p1a: Blissey|76/100|[from] Stealth Rock
|turn|26
|
|t:|1779575267
|move|p2a: Dragonite|Outrage|p1a: Blissey|[from] lockedmove
|-damage|p1a: Blissey|0 fnt
|faint|p1a: Blissey
|
|upkeep
|
|t:|1779575272
|switch|p1a: Gliscor|Gliscor, F, tera:Dark|10/100 tox
|-damage|p1a: Gliscor|0 fnt|[from] Stealth Rock
|faint|p1a: Gliscor
|
|win|M2DJ
|raw|claudechamp's rating: 1155 &rarr; <strong>1129</strong><br />(-26 for losing)
|raw|M2DJ's rating: 1148 &rarr; <strong>1174</strong><br />(+26 for winning)
|c|☆claudechamp|gg
