|j|☆Jules93
|j|☆SgtSlapnuts
|t:|1779639822
|gametype|singles
|player|p1|Jules93|hilbert|1098
|player|p2|SgtSlapnuts|ingo|1150
|gen|9
|tier|[Gen 9] OU
|rated|
|rule|HP Percentage Mod: HP is shown in percentages
|rule|Endless Battle Clause: Forcing endless battles is banned
|rule|Species Clause: Limit one of each Pokémon
|rule|OHKO Clause: OHKO moves are banned
|rule|Evasion Items Clause: Evasion items are banned
|rule|Evasion Moves Clause: Evasion moves are banned
|rule|Evasion Abilities Clause: Evasion abilities are banned
|rule|Sleep Moves Clause: Sleep-inducing moves are banned
|clearpoke
|poke|p1|Skuntank, F|
|poke|p1|Dusknoir, F|
|poke|p1|Torterra, F|
|poke|p1|Rhyperior, M|
|poke|p1|Empoleon, F|
|poke|p1|Porygon-Z|
|poke|p2|Regigigas|
|poke|p2|Regice|
|poke|p2|Regidrago|
|poke|p2|Regirock|
|poke|p2|Regieleki|
|poke|p2|Registeel|
|teampreview
|inactive|Battle timer is ON: inactive players will automatically lose when time's up. (requested by SgtSlapnuts)
|
|t:|1779639833
|teamsize|p1|6
|teamsize|p2|6
|start
|switch|p1a: Dusknoir|Dusknoir, F|100/100
|switch|p2a: Registeel|Registeel|100/100
|-item|p2a: Registeel|Leftovers|[from] ability: Frisk|[of] p1a: Dusknoir
|turn|1
|
|t:|1779639840
|move|p1a: Dusknoir|Poltergeist|p2a: Registeel
|-activate|p2a: Registeel|move: Poltergeist|Leftovers
|-damage|p2a: Registeel|73/100
|move|p2a: Registeel|Stealth Rock|p1a: Dusknoir
|-sidestart|p1: Jules93|move: Stealth Rock
|
|-heal|p2a: Registeel|79/100|[from] item: Leftovers
|upkeep
|turn|2
|
|t:|1779639848
|move|p1a: Dusknoir|Poltergeist|p2a: Registeel
|-activate|p2a: Registeel|move: Poltergeist|Leftovers
|-damage|p2a: Registeel|56/100
|move|p2a: Registeel|Thunder Wave|p1a: Dusknoir|[miss]
|-miss|p2a: Registeel|p1a: Dusknoir
|
|-heal|p2a: Registeel|62/100|[from] item: Leftovers
|upkeep
|turn|3
|
|t:|1779639856
|move|p1a: Dusknoir|Poltergeist|p2a: Registeel
|-activate|p2a: Registeel|move: Poltergeist|Leftovers
|-damage|p2a: Registeel|36/100
|move|p2a: Registeel|Thunder Wave|p1a: Dusknoir|[miss]
|-miss|p2a: Registeel|p1a: Dusknoir
|
|-heal|p2a: Registeel|42/100|[from] item: Leftovers
|upkeep
|turn|4
|
|t:|1779639865
|move|p1a: Dusknoir|Poltergeist|p2a: Registeel
|-activate|p2a: Registeel|move: Poltergeist|Leftovers
|-damage|p2a: Registeel|18/100
|move|p2a: Registeel|Thunder Wave|p1a: Dusknoir
|-status|p1a: Dusknoir|par
|
|-heal|p2a: Registeel|24/100|[from] item: Leftovers
|upkeep
|turn|5
|
|t:|1779639873
|switch|p2a: Regigigas|Regigigas|100/100
|-start|p2a: Regigigas|ability: Slow Start
|move|p1a: Dusknoir|Poltergeist|p2a: Regigigas
|-immune|p2a: Regigigas
|
|upkeep
|turn|6
|
|t:|1779639883
|move|p2a: Regigigas|Knock Off|p1a: Dusknoir
|-supereffective|p1a: Dusknoir
|-damage|p1a: Dusknoir|69/100 par
|-enditem|p1a: Dusknoir|Leftovers|[from] move: Knock Off|[of] p2a: Regigigas
|cant|p1a: Dusknoir|par
|
|upkeep
|turn|7
|
|t:|1779639890
|move|p2a: Regigigas|Knock Off|p1a: Dusknoir
|-supereffective|p1a: Dusknoir
|-damage|p1a: Dusknoir|45/100 par
|move|p1a: Dusknoir|Leech Life|p2a: Regigigas
|-damage|p2a: Regigigas|85/100
|-heal|p1a: Dusknoir|56/100 par|[from] drain|[of] p2a: Regigigas
|
|-heal|p2a: Regigigas|91/100|[from] item: Leftovers
|upkeep
|turn|8
|
|t:|1779639898
|move|p2a: Regigigas|Knock Off|p1a: Dusknoir
|-supereffective|p1a: Dusknoir
|-damage|p1a: Dusknoir|34/100 par
|cant|p1a: Dusknoir|par
|
|-heal|p2a: Regigigas|97/100|[from] item: Leftovers
|upkeep
|turn|9
|
|t:|1779639905
|move|p2a: Regigigas|Knock Off|p1a: Dusknoir
|-supereffective|p1a: Dusknoir
|-damage|p1a: Dusknoir|14/100 par
|move|p1a: Dusknoir|Pain Split|p2a: Regigigas
|-sethp|p2a: Regigigas|53/100|[from] move: Pain Split|[silent]
|-sethp|p1a: Dusknoir|77/100 par|[from] move: Pain Split
|
|-heal|p2a: Regigigas|60/100|[from] item: Leftovers
|upkeep
|turn|10
|
|t:|1779639915
|move|p2a: Regigigas|Knock Off|p1a: Dusknoir
|-supereffective|p1a: Dusknoir
|-damage|p1a: Dusknoir|54/100 par
|move|p1a: Dusknoir|Leech Life|p2a: Regigigas
|-damage|p2a: Regigigas|44/100
|-heal|p1a: Dusknoir|66/100 par|[from] drain|[of] p2a: Regigigas
|
|-heal|p2a: Regigigas|50/100|[from] item: Leftovers
|-end|p2a: Regigigas|Slow Start
|upkeep
|turn|11
|
|t:|1779639925
|move|p2a: Regigigas|Knock Off|p1a: Dusknoir
|-supereffective|p1a: Dusknoir
|-damage|p1a: Dusknoir|24/100 par
|move|p1a: Dusknoir|Leech Life|p2a: Regigigas
|-damage|p2a: Regigigas|36/100
|-heal|p1a: Dusknoir|34/100 par|[from] drain|[of] p2a: Regigigas
|
|-heal|p2a: Regigigas|42/100|[from] item: Leftovers
|upkeep
|turn|12
|
|t:|1779639933
|move|p2a: Regigigas|Knock Off|p1a: Dusknoir
|-supereffective|p1a: Dusknoir
|-damage|p1a: Dusknoir|0 fnt
|faint|p1a: Dusknoir
|
|-heal|p2a: Regigigas|48/100|[from] item: Leftovers
|upkeep
|
|t:|1779639947
|switch|p1a: Empoleon|Empoleon, F|100/100
|-damage|p1a: Empoleon|94/100|[from] Stealth Rock
|turn|13
|
|t:|1779639952
|move|p2a: Regigigas|Drain Punch|p1a: Empoleon
|-supereffective|p1a: Empoleon
|-damage|p1a: Empoleon|18/100
|-heal|p2a: Regigigas|79/100|[from] drain|[of] p1a: Empoleon
|move|p1a: Empoleon|Agility|p1a: Empoleon
|-boost|p1a: Empoleon|spe|2
|
|-heal|p1a: Empoleon|24/100|[from] item: Leftovers
|-heal|p2a: Regigigas|85/100|[from] item: Leftovers
|upkeep
|turn|14
|
|t:|1779639962
|move|p1a: Empoleon|Surf|p2a: Regigigas
|-damage|p2a: Regigigas|49/100
|move|p2a: Regigigas|Drain Punch|p1a: Empoleon
|-supereffective|p1a: Empoleon
|-damage|p1a: Empoleon|0 fnt
|-heal|p2a: Regigigas|59/100|[from] drain|[of] p1a: Empoleon
|faint|p1a: Empoleon
|
|-heal|p2a: Regigigas|65/100|[from] item: Leftovers
|upkeep
|
|t:|1779639973
|switch|p1a: Rhyperior|Rhyperior, M|100/100
|-damage|p1a: Rhyperior|94/100|[from] Stealth Rock
|turn|15
|c|☆SgtSlapnuts|Gigas in full swing
|
|t:|1779639984
|move|p2a: Regigigas|Drain Punch|p1a: Rhyperior
|-supereffective|p1a: Rhyperior
|-damage|p1a: Rhyperior|59/100
|-heal|p2a: Regigigas|81/100|[from] drain|[of] p1a: Rhyperior
|move|p1a: Rhyperior|Hammer Arm|p2a: Regigigas
|-supereffective|p2a: Regigigas
|-damage|p2a: Regigigas|22/100
|-unboost|p1a: Rhyperior|spe|1
|
|-heal|p2a: Regigigas|29/100|[from] item: Leftovers
|upkeep
|turn|16
|
|t:|1779639996
|move|p2a: Regigigas|Drain Punch|p1a: Rhyperior
|-supereffective|p1a: Rhyperior
|-damage|p1a: Rhyperior|21/100
|-heal|p2a: Regigigas|46/100|[from] drain|[of] p1a: Rhyperior
|move|p1a: Rhyperior|Hammer Arm|p2a: Regigigas
|-supereffective|p2a: Regigigas
|-damage|p2a: Regigigas|0 fnt
|-unboost|p1a: Rhyperior|spe|1
|faint|p2a: Regigigas
|-end|p2a: Regigigas|Slow Start|[silent]
|
|upkeep
|
|t:|1779640005
|switch|p2a: Regidrago|Regidrago|100/100
|turn|17
|
|t:|1779640012
|-terastallize|p2a: Regidrago|Dragon
|move|p2a: Regidrago|Dragon Energy|p1a: Rhyperior
|-damage|p1a: Rhyperior|0 fnt
|faint|p1a: Rhyperior
|
|upkeep
|
|t:|1779640019
|switch|p1a: Porygon-Z|Porygon-Z|100/100
|-ability|p1a: Porygon-Z|Download|boost
|-boost|p1a: Porygon-Z|atk|1
|turn|18
|
|t:|1779640023
|move|p2a: Regidrago|Dragon Energy|p1a: Porygon-Z
|-damage|p1a: Porygon-Z|0 fnt
|faint|p1a: Porygon-Z
|
|upkeep
|
|t:|1779640027
|switch|p1a: Torterra|Torterra, F|100/100
|-damage|p1a: Torterra|94/100|[from] Stealth Rock
|turn|19
|
|t:|1779640032
|-terastallize|p1a: Torterra|Steel
|move|p2a: Regidrago|Dragon Energy|p1a: Torterra
|-resisted|p1a: Torterra
|-damage|p1a: Torterra|13/100
|move|p1a: Torterra|Shell Smash|p1a: Torterra
|-unboost|p1a: Torterra|def|1
|-unboost|p1a: Torterra|spd|1
|-boost|p1a: Torterra|atk|2
|-boost|p1a: Torterra|spa|2
|-boost|p1a: Torterra|spe|2
|-enditem|p1a: Torterra|White Herb
|-clearnegativeboost|p1a: Torterra|[silent]
|
|upkeep
|turn|20
|
|t:|1779640044
|move|p2a: Regidrago|Dragon Energy|p1a: Torterra
|-resisted|p1a: Torterra
|-crit|p1a: Torterra
|-damage|p1a: Torterra|0 fnt
|faint|p1a: Torterra
|
|upkeep
|-message|Jules93 forfeited.
|
|win|SgtSlapnuts
|raw|Jules93's rating: 1098 &rarr; <strong>1077</strong><br />(-21 for losing)
|raw|SgtSlapnuts's rating: 1150 &rarr; <strong>1171</strong><br />(+21 for winning)
|l|☆Jules93
|player|p1|
|l|☆SgtSlapnuts
|player|p2|
