|j|☆bigurelu
|j|☆2(sweet)
|t:|1779613997
|gametype|singles
|player|p1|bigurelu|giovanni|1250
|player|p2|2(sweet)|101|1268
|gen|9
|tier|[Gen 9] OU
|rated|
|rule|HP Percentage Mod: HP is shown in percentages
|rule|Endless Battle Clause: Forcing endless battles is banned
|rule|Species Clause: Limit one of each Pokémon
|rule|OHKO Clause: OHKO moves are banned
|rule|Evasion Items Clause: Evasion items are banned
|rule|Evasion Moves Clause: Evasion moves are banned
|rule|Evasion Abilities Clause: Evasion abilities are banned
|rule|Sleep Moves Clause: Sleep-inducing moves are banned
|clearpoke
|poke|p1|Iron Treads|
|poke|p1|Great Tusk|
|poke|p1|Iron Valiant|
|poke|p1|Iron Crown|
|poke|p1|Iron Thorns|
|poke|p1|Walking Wake|
|poke|p2|Pincurchin, M|
|poke|p2|Iron Valiant|
|poke|p2|Iron Crown|
|poke|p2|Iron Moth|
|poke|p2|Iron Hands|
|poke|p2|Great Tusk|
|teampreview
|inactive|Battle timer is ON: inactive players will automatically lose when time's up. (requested by bigurelu)
|
|t:|1779614019
|teamsize|p1|6
|teamsize|p2|6
|start
|switch|p1a: Iron Treads|Iron Treads, shiny|100/100
|switch|p2a: Iron Valiant|Iron Valiant|100/100
|turn|1
|
|t:|1779614039
|move|p2a: Iron Valiant|Close Combat|p1a: Iron Treads
|-supereffective|p1a: Iron Treads
|-enditem|p1a: Iron Treads|Focus Sash
|-damage|p1a: Iron Treads|1/100
|-unboost|p2a: Iron Valiant|def|1
|-unboost|p2a: Iron Valiant|spd|1
|-damage|p2a: Iron Valiant|91/100|[from] item: Life Orb
|move|p1a: Iron Treads|Iron Head|p2a: Iron Valiant
|-supereffective|p2a: Iron Valiant
|-damage|p2a: Iron Valiant|0 fnt
|faint|p2a: Iron Valiant
|-end|p2a: Iron Valiant|Quark Drive|[silent]
|
|upkeep
|
|t:|1779614044
|switch|p2a: Iron Moth|Iron Moth|100/100
|turn|2
|
|t:|1779614051
|move|p2a: Iron Moth|Fiery Dance|p1a: Iron Treads
|-supereffective|p1a: Iron Treads
|-damage|p1a: Iron Treads|0 fnt
|-boost|p2a: Iron Moth|spa|1
|faint|p1a: Iron Treads
|-end|p1a: Iron Treads|Quark Drive|[silent]
|-damage|p2a: Iron Moth|91/100|[from] item: Life Orb
|
|upkeep
|inactive|bigurelu has 120 seconds left.
|
|t:|1779614108
|switch|p1a: Iron Crown|Iron Crown|100/100
|-enditem|p1a: Iron Crown|Booster Energy
|-activate|p1a: Iron Crown|ability: Quark Drive|[fromitem]
|-start|p1a: Iron Crown|quarkdrivespa
|turn|3
|
|t:|1779614115
|-terastallize|p1a: Iron Crown|Fighting
|move|p2a: Iron Moth|Fiery Dance|p1a: Iron Crown
|-damage|p1a: Iron Crown|24/100
|-boost|p2a: Iron Moth|spa|1
|-damage|p2a: Iron Moth|81/100|[from] item: Life Orb
|move|p1a: Iron Crown|Psychic|p2a: Iron Moth
|-supereffective|p2a: Iron Moth
|-damage|p2a: Iron Moth|0 fnt
|faint|p2a: Iron Moth
|-end|p2a: Iron Moth|Quark Drive|[silent]
|
|upkeep
|
|t:|1779614122
|switch|p2a: Pincurchin|Pincurchin, M|100/100
|-fieldstart|move: Electric Terrain|[from] ability: Electric Surge|[of] p2a: Pincurchin
|turn|4
|
|t:|1779614130
|move|p1a: Iron Crown|Psychic|p2a: Pincurchin
|-damage|p2a: Pincurchin|40/100
|move|p2a: Pincurchin|Thunderbolt|p1a: Iron Crown
|-damage|p1a: Iron Crown|0 fnt
|faint|p1a: Iron Crown
|-end|p1a: Iron Crown|Quark Drive|[silent]
|
|upkeep
|
|t:|1779614140
|switch|p1a: Iron Thorns|Iron Thorns, shiny|100/100
|-activate|p1a: Iron Thorns|ability: Quark Drive
|-start|p1a: Iron Thorns|quarkdriveatk
|turn|5
|
|t:|1779614148
|move|p1a: Iron Thorns|Fire Punch|p2a: Pincurchin
|-damage|p2a: Pincurchin|0 fnt
|faint|p2a: Pincurchin
|
|upkeep
|
|t:|1779614155
|switch|p2a: Iron Crown|Iron Crown|100/100
|-activate|p2a: Iron Crown|ability: Quark Drive
|-start|p2a: Iron Crown|quarkdrivespa
|turn|6
|
|t:|1779614159
|move|p2a: Iron Crown|Focus Blast|p1a: Iron Thorns
|-supereffective|p1a: Iron Thorns
|-damage|p1a: Iron Thorns|0 fnt
|faint|p1a: Iron Thorns
|-end|p1a: Iron Thorns|Quark Drive|[silent]
|
|upkeep
|inactive|bigurelu has 120 seconds left.
|
|t:|1779614178
|switch|p1a: Walking Wake|Walking Wake|100/100
|-enditem|p1a: Walking Wake|Booster Energy
|-activate|p1a: Walking Wake|ability: Protosynthesis|[fromitem]
|-start|p1a: Walking Wake|protosynthesisspa
|turn|7
|
|t:|1779614188
|move|p1a: Walking Wake|Flamethrower|p2a: Iron Crown
|-supereffective|p2a: Iron Crown
|-damage|p2a: Iron Crown|19/100
|move|p2a: Iron Crown|Volt Switch|p1a: Walking Wake
|-damage|p1a: Walking Wake|55/100
|
|t:|1779614194
|-end|p2a: Iron Crown|Quark Drive|[silent]
|switch|p2a: Iron Hands|Iron Hands|100/100|[from] Volt Switch
|-activate|p2a: Iron Hands|ability: Quark Drive
|-start|p2a: Iron Hands|quarkdriveatk
|
|upkeep
|turn|8
|
|t:|1779614204
|move|p1a: Walking Wake|Draco Meteor|p2a: Iron Hands
|-damage|p2a: Iron Hands|58/100
|-unboost|p1a: Walking Wake|spa|2
|move|p2a: Iron Hands|Drain Punch|p1a: Walking Wake
|-damage|p1a: Walking Wake|0 fnt
|-heal|p2a: Iron Hands|79/100|[from] drain|[of] p1a: Walking Wake
|faint|p1a: Walking Wake
|-end|p1a: Walking Wake|Protosynthesis|[silent]
|
|upkeep
|
|t:|1779614211
|switch|p1a: Great Tusk|Great Tusk, shiny|100/100
|-enditem|p1a: Great Tusk|Booster Energy
|-activate|p1a: Great Tusk|ability: Protosynthesis|[fromitem]
|-start|p1a: Great Tusk|protosynthesisatk
|turn|9
|inactive|2(sweet) has 120 seconds left.
|
|t:|1779614243
|-end|p2a: Iron Hands|Quark Drive|[silent]
|switch|p2a: Great Tusk|Great Tusk|100/100
|-enditem|p2a: Great Tusk|Booster Energy
|-activate|p2a: Great Tusk|ability: Protosynthesis|[fromitem]
|-start|p2a: Great Tusk|protosynthesisatk
|move|p1a: Great Tusk|Earthquake|p2a: Great Tusk
|-damage|p2a: Great Tusk|50/100
|
|upkeep
|turn|10
|inactive|2(sweet) has 120 seconds left.
|
|t:|1779614255
|move|p1a: Great Tusk|Earthquake|p2a: Great Tusk
|-damage|p2a: Great Tusk|0 fnt
|faint|p2a: Great Tusk
|-end|p2a: Great Tusk|Protosynthesis|[silent]
|
|upkeep
|
|t:|1779614257
|switch|p2a: Iron Crown|Iron Crown|19/100
|-activate|p2a: Iron Crown|ability: Quark Drive
|-start|p2a: Iron Crown|quarkdrivespa
|turn|11
|
|t:|1779614259
|move|p2a: Iron Crown|Psyshock|p1a: Great Tusk
|-supereffective|p1a: Great Tusk
|-damage|p1a: Great Tusk|20/100
|move|p1a: Great Tusk|Earthquake|p2a: Iron Crown
|-supereffective|p2a: Iron Crown
|-damage|p2a: Iron Crown|0 fnt
|faint|p2a: Iron Crown
|-end|p2a: Iron Crown|Quark Drive|[silent]
|
|-fieldend|move: Electric Terrain
|upkeep
|-message|2(sweet) forfeited.
|
|win|bigurelu
|raw|bigurelu's rating: 1250 &rarr; <strong>1276</strong><br />(+26 for winning)
|raw|2(sweet)'s rating: 1268 &rarr; <strong>1242</strong><br />(-26 for losing)
|l|☆2(sweet)
|player|p2|
|l|☆bigurelu
|player|p1|
