|j|☆SgtBrick14
|j|☆dynamo fuckass
|t:|1779598009
|gametype|singles
|player|p1|SgtBrick14|pokemonranger|1453
|player|p2|dynamo fuckass|265|1453
|gen|9
|tier|[Gen 9] OU
|rated|
|rule|HP Percentage Mod: HP is shown in percentages
|rule|Endless Battle Clause: Forcing endless battles is banned
|rule|Species Clause: Limit one of each Pokémon
|rule|OHKO Clause: OHKO moves are banned
|rule|Evasion Items Clause: Evasion items are banned
|rule|Evasion Moves Clause: Evasion moves are banned
|rule|Evasion Abilities Clause: Evasion abilities are banned
|rule|Sleep Moves Clause: Sleep-inducing moves are banned
|clearpoke
|poke|p1|Hatterene, F|
|poke|p1|Kingambit, M|
|poke|p1|Dragapult, F|
|poke|p1|Gengar, F|
|poke|p1|Cloyster, F|
|poke|p1|Torkoal, F|
|poke|p2|Dragapult, F|
|poke|p2|Ogerpon-Wellspring, F|
|poke|p2|Kingambit, M|
|poke|p2|Great Tusk|
|poke|p2|Cinderace, F|
|poke|p2|Iron Valiant|
|teampreview
|
|t:|1779598016
|teamsize|p1|6
|teamsize|p2|6
|start
|switch|p1a: Hatterene|Hatterene, F|100/100
|switch|p2a: Dragapult|Dragapult, F|100/100
|turn|1
|
|t:|1779598019
|move|p2a: Dragapult|Shadow Ball|p1a: Hatterene
|-supereffective|p1a: Hatterene
|-crit|p1a: Hatterene
|-enditem|p1a: Hatterene|Focus Sash
|-damage|p1a: Hatterene|1/100
|move|p1a: Hatterene|Trick Room|p1a: Hatterene
|-fieldstart|move: Trick Room|[of] p1a: Hatterene
|
|upkeep
|turn|2
|j| crust king kahn
|
|t:|1779598024
|move|p1a: Hatterene|Misty Explosion|p2a: Dragapult
|-supereffective|p2a: Dragapult
|-damage|p2a: Dragapult|0 fnt
|faint|p1a: Hatterene
|faint|p2a: Dragapult
|
|upkeep
|
|t:|1779598032
|switch|p1a: Torkoal|Torkoal, F|100/100
|switch|p2a: Great Tusk|Great Tusk|100/100
|-weather|SunnyDay|[from] ability: Drought|[of] p1a: Torkoal
|-activate|p2a: Great Tusk|ability: Protosynthesis
|-start|p2a: Great Tusk|protosynthesisatk
|turn|3
|
|t:|1779598037
|move|p1a: Torkoal|Eruption|p2a: Great Tusk
|-damage|p2a: Great Tusk|0 fnt
|faint|p2a: Great Tusk
|-end|p2a: Great Tusk|Protosynthesis|[silent]
|
|-weather|SunnyDay|[upkeep]
|upkeep
|
|t:|1779598040
|switch|p2a: Ogerpon|Ogerpon-Wellspring, F|100/100
|turn|4
|
|t:|1779598044
|-terastallize|p2a: Ogerpon|Water
|detailschange|p2a: Ogerpon|Ogerpon-Wellspring-Tera, F, tera:Water
|-ability|p2a: Ogerpon|Embody Aspect (Wellspring)|boost
|-boost|p2a: Ogerpon|spd|1
|move|p1a: Torkoal|Eruption|p2a: Ogerpon
|-resisted|p2a: Ogerpon
|-damage|p2a: Ogerpon|48/100
|move|p2a: Ogerpon|Ivy Cudgel|p1a: Torkoal|[anim] Ivy Cudgel Water
|-supereffective|p1a: Torkoal
|-damage|p1a: Torkoal|45/100
|
|-weather|SunnyDay|[upkeep]
|upkeep
|turn|5
|
|t:|1779598048
|move|p1a: Torkoal|Eruption|p2a: Ogerpon
|-resisted|p2a: Ogerpon
|-damage|p2a: Ogerpon|22/100
|move|p2a: Ogerpon|Ivy Cudgel|p1a: Torkoal|[anim] Ivy Cudgel Water
|-supereffective|p1a: Torkoal
|-damage|p1a: Torkoal|0 fnt
|faint|p1a: Torkoal
|
|-weather|SunnyDay|[upkeep]
|-fieldend|move: Trick Room
|upkeep
|
|t:|1779598069
|switch|p1a: Cloyster|Cloyster, F|100/100
|turn|6
|
|t:|1779598079
|move|p2a: Ogerpon|Power Whip|p1a: Cloyster
|-supereffective|p1a: Cloyster
|-enditem|p1a: Cloyster|Focus Sash
|-damage|p1a: Cloyster|1/100
|move|p1a: Cloyster|Shell Smash|p1a: Cloyster
|-unboost|p1a: Cloyster|def|1
|-unboost|p1a: Cloyster|spd|1
|-boost|p1a: Cloyster|atk|2
|-boost|p1a: Cloyster|spa|2
|-boost|p1a: Cloyster|spe|2
|
|-weather|SunnyDay|[upkeep]
|upkeep
|turn|7
|
|t:|1779598083
|move|p1a: Cloyster|Icicle Spear|p2a: Ogerpon
|-resisted|p2a: Ogerpon
|-damage|p2a: Ogerpon|8/100
|-resisted|p2a: Ogerpon
|-damage|p2a: Ogerpon|0 fnt
|faint|p2a: Ogerpon
|detailschange|p2: Ogerpon|Ogerpon-Wellspring, F|[silent]
|-hitcount|p2: Ogerpon|2
|
|-weather|none
|upkeep
|
|t:|1779598085
|switch|p2a: Kingambit|Kingambit, M|100/100
|-activate|p2a: Kingambit|ability: Supreme Overlord
|-start|p2a: Kingambit|fallen3|[silent]
|turn|8
|
|t:|1779598087
|move|p1a: Cloyster|Ice Shard|p2a: Kingambit
|-resisted|p2a: Kingambit
|-damage|p2a: Kingambit|86/100
|move|p2a: Kingambit|Kowtow Cleave|p1a: Cloyster
|-damage|p1a: Cloyster|0 fnt
|faint|p1a: Cloyster
|
|-heal|p2a: Kingambit|93/100|[from] item: Leftovers
|upkeep
|
|t:|1779598089
|switch|p1a: Gengar|Gengar, F|100/100
|turn|9
|
|t:|1779598109
|move|p2a: Kingambit|Sucker Punch|p1a: Gengar
|-supereffective|p1a: Gengar
|-enditem|p1a: Gengar|Focus Sash
|-damage|p1a: Gengar|1/100
|move|p1a: Gengar|Shadow Ball|p2a: Kingambit
|-resisted|p2a: Kingambit
|-damage|p2a: Kingambit|69/100
|
|-heal|p2a: Kingambit|76/100|[from] item: Leftovers
|upkeep
|turn|10
|
|t:|1779598112
|move|p1a: Gengar|Destiny Bond|p1a: Gengar
|-singlemove|p1a: Gengar|Destiny Bond
|move|p2a: Kingambit|Kowtow Cleave|p1a: Gengar
|-supereffective|p1a: Gengar
|-damage|p1a: Gengar|0 fnt
|-start|p2a: Kingambit|Disable|Kowtow Cleave|[from] ability: Cursed Body|[of] p1a: Gengar
|faint|p1a: Gengar
|-activate|p1a: Gengar|move: Destiny Bond
|faint|p2a: Kingambit
|-end|p2a: Kingambit|fallen3|[silent]
|
|upkeep
|
|t:|1779598119
|switch|p1a: Dragapult|Dragapult, F|100/100
|switch|p2a: Cinderace|Cinderace, F|100/100
|turn|11
|
|t:|1779598122
|move|p1a: Dragapult|Dragon Dance|p1a: Dragapult
|-boost|p1a: Dragapult|atk|1
|-boost|p1a: Dragapult|spe|1
|move|p2a: Cinderace|U-turn|p1a: Dragapult
|-resisted|p1a: Dragapult
|-damage|p1a: Dragapult|87/100
|
|t:|1779598125
|switch|p2a: Iron Valiant|Iron Valiant|100/100|[from] U-turn
|-enditem|p2a: Iron Valiant|Booster Energy
|-activate|p2a: Iron Valiant|ability: Quark Drive|[fromitem]
|-start|p2a: Iron Valiant|quarkdrivespe
|
|upkeep
|turn|12
|
|t:|1779598129
|move|p1a: Dragapult|Phantom Force||[still]
|-prepare|p1a: Dragapult|Phantom Force
|move|p2a: Iron Valiant|Moonblast|p1a: Dragapult|[miss]
|-miss|p2a: Iron Valiant|p1a: Dragapult
|
|upkeep
|turn|13
|
|t:|1779598132
|move|p1a: Dragapult|Phantom Force|p2a: Iron Valiant|[from] lockedmove
|-damage|p2a: Iron Valiant|2/100
|move|p2a: Iron Valiant|Moonblast|p1a: Dragapult
|-supereffective|p1a: Dragapult
|-damage|p1a: Dragapult|0 fnt
|faint|p1a: Dragapult
|
|upkeep
|
|t:|1779598134
|switch|p1a: Kingambit|Kingambit, M|100/100
|-activate|p1a: Kingambit|ability: Supreme Overlord
|-start|p1a: Kingambit|fallen5|[silent]
|turn|14
|
|t:|1779598137
|move|p1a: Kingambit|Sucker Punch||[still]
|-fail|p1a: Kingambit
|move|p2a: Iron Valiant|Encore|p1a: Kingambit
|-start|p1a: Kingambit|Encore
|
|upkeep
|turn|15
|
|t:|1779598140
|move|p1a: Kingambit|Sucker Punch||[still]
|-fail|p1a: Kingambit
|move|p2a: Iron Valiant|Calm Mind|p2a: Iron Valiant
|-boost|p2a: Iron Valiant|spa|1
|-boost|p2a: Iron Valiant|spd|1
|
|upkeep
|turn|16
|
|t:|1779598142
|move|p1a: Kingambit|Sucker Punch||[still]
|-fail|p1a: Kingambit
|move|p2a: Iron Valiant|Calm Mind|p2a: Iron Valiant
|-boost|p2a: Iron Valiant|spa|1
|-boost|p2a: Iron Valiant|spd|1
|
|upkeep
|turn|17
|
|t:|1779598144
|move|p1a: Kingambit|Sucker Punch||[still]
|-fail|p1a: Kingambit
|move|p2a: Iron Valiant|Calm Mind|p2a: Iron Valiant
|-boost|p2a: Iron Valiant|spa|1
|-boost|p2a: Iron Valiant|spd|1
|
|-end|p1a: Kingambit|Encore
|upkeep
|turn|18
|
|t:|1779598149
|move|p1a: Kingambit|Sucker Punch||[still]
|-fail|p1a: Kingambit
|move|p2a: Iron Valiant|Encore|p1a: Kingambit
|-start|p1a: Kingambit|Encore
|
|upkeep
|turn|19
|
|t:|1779598151
|move|p1a: Kingambit|Sucker Punch||[still]
|-fail|p1a: Kingambit
|move|p2a: Iron Valiant|Calm Mind|p2a: Iron Valiant
|-boost|p2a: Iron Valiant|spa|1
|-boost|p2a: Iron Valiant|spd|1
|
|upkeep
|turn|20
|inactive|Battle timer is ON: inactive players will automatically lose when time's up. (requested by dynamo fuckass)
|inactive|SgtBrick14 has 120 seconds left.
|inactive|SgtBrick14 has 90 seconds left.
|inactive|SgtBrick14 has 60 seconds left.
|l| crust king kahn
|inactive|SgtBrick14 has 30 seconds left.
|inactive|SgtBrick14 has 20 seconds left.
|inactive|SgtBrick14 has 15 seconds left.
|inactive|SgtBrick14 has 10 seconds left.
|inactive|SgtBrick14 has 5 seconds left.
|-message|SgtBrick14 lost due to inactivity.
|
|win|dynamo fuckass
|raw|SgtBrick14's rating: 1453 &rarr; <strong>1433</strong><br />(-20 for losing)
|raw|dynamo fuckass's rating: 1453 &rarr; <strong>1473</strong><br />(+20 for winning)
|c|☆dynamo fuckass|damn bot
|l|☆dynamo fuckass
|player|p2|
