|j|☆rocktypepokemans
|j|☆dynamo fuckass
|t:|1779598408
|gametype|singles
|player|p1|rocktypepokemans|gambler|1467
|player|p2|dynamo fuckass|265|1473
|gen|9
|tier|[Gen 9] OU
|rated|
|rule|HP Percentage Mod: HP is shown in percentages
|rule|Endless Battle Clause: Forcing endless battles is banned
|rule|Species Clause: Limit one of each Pokémon
|rule|OHKO Clause: OHKO moves are banned
|rule|Evasion Items Clause: Evasion items are banned
|rule|Evasion Moves Clause: Evasion moves are banned
|rule|Evasion Abilities Clause: Evasion abilities are banned
|rule|Sleep Moves Clause: Sleep-inducing moves are banned
|clearpoke
|poke|p1|Walking Wake|
|poke|p1|Great Tusk|
|poke|p1|Ninetales, F|
|poke|p1|Cresselia, F|
|poke|p1|Zarude|
|poke|p1|Ceruledge, F|
|poke|p2|Dragapult, M|
|poke|p2|Ogerpon-Wellspring, F|
|poke|p2|Kingambit, F|
|poke|p2|Great Tusk|
|poke|p2|Cinderace, F|
|poke|p2|Iron Valiant|
|teampreview
|inactive|Battle timer is ON: inactive players will automatically lose when time's up. (requested by rocktypepokemans)
|inactive|dynamo fuckass has 120 seconds left.
|inactive|dynamo fuckass has 90 seconds left.
|
|t:|1779598483
|teamsize|p1|6
|teamsize|p2|6
|start
|switch|p1a: Ninetales|Ninetales, F|100/100
|switch|p2a: Great Tusk|Great Tusk|100/100
|-weather|SunnyDay|[from] ability: Drought|[of] p1a: Ninetales
|-activate|p2a: Great Tusk|ability: Protosynthesis
|-start|p2a: Great Tusk|protosynthesisatk
|turn|1
|
|t:|1779598492
|move|p1a: Ninetales|Will-O-Wisp|p2a: Great Tusk
|-status|p2a: Great Tusk|brn
|move|p2a: Great Tusk|Stealth Rock|p1a: Ninetales
|-sidestart|p1: rocktypepokemans|move: Stealth Rock
|
|-weather|SunnyDay|[upkeep]
|-damage|p2a: Great Tusk|94/100 brn|[from] brn
|upkeep
|turn|2
|
|t:|1779598505
|switch|p1a: Great Tusk|Great Tusk|100/100
|-damage|p1a: Great Tusk|97/100|[from] Stealth Rock
|-activate|p1a: Great Tusk|ability: Protosynthesis
|-start|p1a: Great Tusk|protosynthesisatk
|move|p2a: Great Tusk|Knock Off|p1a: Great Tusk
|-resisted|p1a: Great Tusk
|-damage|p1a: Great Tusk|90/100
|-enditem|p1a: Great Tusk|Assault Vest|[from] move: Knock Off|[of] p2a: Great Tusk
|
|-weather|SunnyDay|[upkeep]
|-damage|p2a: Great Tusk|88/100 brn|[from] brn
|upkeep
|turn|3
|
|t:|1779598514
|-end|p2a: Great Tusk|Protosynthesis|[silent]
|switch|p2a: Dragapult|Dragapult, M|100/100
|move|p1a: Great Tusk|Ice Spinner|p2a: Dragapult
|-supereffective|p2a: Dragapult
|-damage|p2a: Dragapult|0 fnt
|faint|p2a: Dragapult
|
|-weather|SunnyDay|[upkeep]
|upkeep
|
|t:|1779598518
|switch|p2a: Iron Valiant|Iron Valiant|100/100
|-enditem|p2a: Iron Valiant|Booster Energy
|-activate|p2a: Iron Valiant|ability: Quark Drive|[fromitem]
|-start|p2a: Iron Valiant|quarkdrivespe
|turn|4
|
|t:|1779598525
|-end|p1a: Great Tusk|Protosynthesis|[silent]
|switch|p1a: Cresselia|Cresselia, F|100/100
|-damage|p1a: Cresselia|88/100|[from] Stealth Rock
|move|p2a: Iron Valiant|Calm Mind|p2a: Iron Valiant
|-boost|p2a: Iron Valiant|spa|1
|-boost|p2a: Iron Valiant|spd|1
|
|-weather|SunnyDay|[upkeep]
|upkeep
|turn|5
|
|t:|1779598543
|move|p2a: Iron Valiant|Calm Mind|p2a: Iron Valiant
|-boost|p2a: Iron Valiant|spa|1
|-boost|p2a: Iron Valiant|spd|1
|move|p1a: Cresselia|Thunder Wave|p2a: Iron Valiant
|-status|p2a: Iron Valiant|par
|
|-weather|SunnyDay|[upkeep]
|upkeep
|turn|6
|
|t:|1779598549
|move|p2a: Iron Valiant|Encore|p1a: Cresselia
|-start|p1a: Cresselia|Encore
|move|p1a: Cresselia|Thunder Wave|p2a: Iron Valiant
|-fail|p2a: Iron Valiant|par
|
|-weather|SunnyDay|[upkeep]
|upkeep
|turn|7
|inactive|rocktypepokemans has 120 seconds left.
|inactive|dynamo fuckass has 120 seconds left.
|
|t:|1779598603
|switch|p1a: Ninetales|Ninetales, F|100/100
|-damage|p1a: Ninetales|76/100|[from] Stealth Rock
|move|p2a: Iron Valiant|Moonblast|p1a: Ninetales
|-resisted|p1a: Ninetales
|-damage|p1a: Ninetales|29/100
|
|-weather|SunnyDay|[upkeep]
|upkeep
|turn|8
|
|t:|1779598617
|move|p1a: Ninetales|Overheat|p2a: Iron Valiant
|-damage|p2a: Iron Valiant|46/100 par
|-unboost|p1a: Ninetales|spa|2
|cant|p2a: Iron Valiant|par
|
|-weather|none
|upkeep
|turn|9
|
|t:|1779598641
|switch|p1a: Zarude|Zarude|100/100
|-damage|p1a: Zarude|88/100|[from] Stealth Rock
|move|p2a: Iron Valiant|Moonblast|p1a: Zarude
|-supereffective|p1a: Zarude
|-damage|p1a: Zarude|0 fnt
|faint|p1a: Zarude
|
|upkeep
|
|t:|1779598643
|switch|p1a: Great Tusk|Great Tusk|90/100
|-damage|p1a: Great Tusk|87/100|[from] Stealth Rock
|turn|10
|
|t:|1779598646
|move|p2a: Iron Valiant|Psyshock|p1a: Great Tusk
|-supereffective|p1a: Great Tusk
|-damage|p1a: Great Tusk|17/100
|move|p1a: Great Tusk|Rapid Spin|p2a: Iron Valiant
|-damage|p2a: Iron Valiant|20/100 par
|-boost|p1a: Great Tusk|spe|1
|-sideend|p1: rocktypepokemans|Stealth Rock|[from] move: Rapid Spin|[of] p1a: Great Tusk
|
|upkeep
|turn|11
|
|t:|1779598671
|move|p1a: Great Tusk|Close Combat|p2a: Iron Valiant
|-resisted|p2a: Iron Valiant
|-damage|p2a: Iron Valiant|0 fnt
|-unboost|p1a: Great Tusk|def|1
|-unboost|p1a: Great Tusk|spd|1
|faint|p2a: Iron Valiant
|-end|p2a: Iron Valiant|Quark Drive|[silent]
|
|upkeep
|
|t:|1779598678
|switch|p2a: Kingambit|Kingambit, F|100/100
|-activate|p2a: Kingambit|ability: Supreme Overlord
|-start|p2a: Kingambit|fallen2|[silent]
|turn|12
|
|t:|1779598683
|move|p2a: Kingambit|Sucker Punch|p1a: Great Tusk
|-resisted|p1a: Great Tusk
|-damage|p1a: Great Tusk|0 fnt
|faint|p1a: Great Tusk
|-end|p1a: Great Tusk|Protosynthesis|[silent]
|
|upkeep
|
|t:|1779598689
|switch|p1a: Ceruledge|Ceruledge, F|100/100
|turn|13
|
|t:|1779598716
|-end|p2a: Kingambit|fallen2|[silent]
|switch|p2a: Great Tusk|Great Tusk|88/100 brn
|move|p1a: Ceruledge|Bitter Blade|p2a: Great Tusk
|-damage|p2a: Great Tusk|51/100 brn
|
|-damage|p2a: Great Tusk|45/100 brn|[from] brn
|upkeep
|turn|14
|inactive|dynamo fuckass has 120 seconds left.
|
|t:|1779598746
|switch|p1a: Cresselia|Cresselia, F|88/100
|move|p2a: Great Tusk|Stealth Rock|p1a: Cresselia
|-sidestart|p1: rocktypepokemans|move: Stealth Rock
|
|-damage|p2a: Great Tusk|39/100 brn|[from] brn
|upkeep
|turn|15
|
|t:|1779598759
|move|p2a: Great Tusk|Knock Off|p1a: Cresselia
|-supereffective|p1a: Cresselia
|-damage|p1a: Cresselia|69/100
|-enditem|p1a: Cresselia|Eject Button|[from] move: Knock Off|[of] p2a: Great Tusk
|move|p1a: Cresselia|Thunder Wave|p2a: Great Tusk
|-immune|p2a: Great Tusk
|
|-damage|p2a: Great Tusk|33/100 brn|[from] brn
|upkeep
|turn|16
|inactive|dynamo fuckass has 120 seconds left.
|
|t:|1779598802
|move|p2a: Great Tusk|Knock Off|p1a: Cresselia
|-supereffective|p1a: Cresselia
|-crit|p1a: Cresselia
|-damage|p1a: Cresselia|48/100
|move|p1a: Cresselia|Thunder Wave|p2a: Great Tusk
|-immune|p2a: Great Tusk
|
|-damage|p2a: Great Tusk|27/100 brn|[from] brn
|upkeep
|turn|17
|
|t:|1779598807
|move|p2a: Great Tusk|Knock Off|p1a: Cresselia
|-supereffective|p1a: Cresselia
|-damage|p1a: Cresselia|36/100
|move|p1a: Cresselia|Moonlight|p1a: Cresselia
|-heal|p1a: Cresselia|86/100
|
|-damage|p2a: Great Tusk|21/100 brn|[from] brn
|upkeep
|turn|18
|inactive|rocktypepokemans has 120 seconds left.
|inactive|dynamo fuckass has 90 seconds left.
|
|t:|1779598836
|move|p2a: Great Tusk|Knock Off|p1a: Cresselia
|-supereffective|p1a: Cresselia
|-damage|p1a: Cresselia|73/100
|move|p1a: Cresselia|Thunder Wave|p2a: Great Tusk
|-immune|p2a: Great Tusk
|
|-damage|p2a: Great Tusk|15/100 brn|[from] brn
|upkeep
|turn|19
|
|t:|1779598841
|move|p2a: Great Tusk|Knock Off|p1a: Cresselia
|-supereffective|p1a: Cresselia
|-damage|p1a: Cresselia|60/100
|move|p1a: Cresselia|Moonlight|p1a: Cresselia
|-heal|p1a: Cresselia|100/100
|
|-damage|p2a: Great Tusk|9/100 brn|[from] brn
|upkeep
|turn|20
|
|t:|1779598861
|move|p2a: Great Tusk|Knock Off|p1a: Cresselia
|-supereffective|p1a: Cresselia
|-damage|p1a: Cresselia|87/100
|move|p1a: Cresselia|Moonlight|p1a: Cresselia
|-heal|p1a: Cresselia|100/100
|
|-damage|p2a: Great Tusk|3/100 brn|[from] brn
|upkeep
|turn|21
|
|t:|1779598864
|move|p2a: Great Tusk|Knock Off|p1a: Cresselia
|-supereffective|p1a: Cresselia
|-damage|p1a: Cresselia|87/100
|move|p1a: Cresselia|Moonlight|p1a: Cresselia
|-heal|p1a: Cresselia|100/100
|
|-damage|p2a: Great Tusk|0 fnt|[from] brn
|faint|p2a: Great Tusk
|-end|p2a: Great Tusk|Protosynthesis|[silent]
|upkeep
|
|t:|1779598869
|switch|p2a: Cinderace|Cinderace, F|100/100
|turn|22
|
|t:|1779598874
|move|p2a: Cinderace|Taunt|p1a: Cresselia
|-start|p1a: Cresselia|move: Taunt
|cant|p1a: Cresselia|move: Taunt|Thunder Wave
|
|upkeep
|turn|23
|
|t:|1779598883
|move|p2a: Cinderace|U-turn|p1a: Cresselia
|-supereffective|p1a: Cresselia
|-damage|p1a: Cresselia|76/100
|
|t:|1779598885
|switch|p2a: Kingambit|Kingambit, F|100/100|[from] U-turn
|-activate|p2a: Kingambit|ability: Supreme Overlord
|-start|p2a: Kingambit|fallen3|[silent]
|move|p1a: Cresselia|Psychic|p2a: Kingambit
|-immune|p2a: Kingambit
|
|upkeep
|turn|24
|
|t:|1779598891
|switch|p1a: Ninetales|Ninetales, F|29/100
|-damage|p1a: Ninetales|4/100|[from] Stealth Rock
|-weather|SunnyDay|[from] ability: Drought|[of] p1a: Ninetales
|move|p2a: Kingambit|Swords Dance|p2a: Kingambit
|-boost|p2a: Kingambit|atk|2
|
|-weather|SunnyDay|[upkeep]
|upkeep
|turn|25
|
|t:|1779598898
|-end|p2a: Kingambit|fallen3|[silent]
|switch|p2a: Cinderace|Cinderace, F|100/100
|move|p1a: Ninetales|Overheat|p2a: Cinderace
|-resisted|p2a: Cinderace
|-damage|p2a: Cinderace|65/100
|-unboost|p1a: Ninetales|spa|2
|
|-weather|SunnyDay|[upkeep]
|upkeep
|turn|26
|
|t:|1779598912
|move|p2a: Cinderace|U-turn|p1a: Ninetales
|-resisted|p1a: Ninetales
|-damage|p1a: Ninetales|0 fnt
|faint|p1a: Ninetales
|
|t:|1779598918
|switch|p2a: Kingambit|Kingambit, F|100/100|[from] U-turn
|-activate|p2a: Kingambit|ability: Supreme Overlord
|-start|p2a: Kingambit|fallen3|[silent]
|
|-weather|SunnyDay|[upkeep]
|upkeep
|
|t:|1779598922
|switch|p1a: Ceruledge|Ceruledge, F|100/100
|-damage|p1a: Ceruledge|76/100|[from] Stealth Rock
|turn|27
|
|t:|1779598929
|-terastallize|p1a: Ceruledge|Fairy
|move|p2a: Kingambit|Sucker Punch|p1a: Ceruledge
|-resisted|p1a: Ceruledge
|-damage|p1a: Ceruledge|41/100
|-ability|p1a: Ceruledge|Weak Armor|boost
|-unboost|p1a: Ceruledge|def|1
|-boost|p1a: Ceruledge|spe|2
|move|p1a: Ceruledge|Bitter Blade|p2a: Kingambit
|-supereffective|p2a: Kingambit
|-damage|p2a: Kingambit|0 fnt
|-heal|p1a: Ceruledge|100/100|[from] drain|[of] p2a: Kingambit
|faint|p2a: Kingambit
|-end|p2a: Kingambit|fallen3|[silent]
|
|-weather|SunnyDay|[upkeep]
|upkeep
|
|t:|1779598932
|switch|p2a: Ogerpon|Ogerpon-Wellspring, F|100/100
|turn|28
|
|t:|1779598946
|-terastallize|p2a: Ogerpon|Water
|detailschange|p2a: Ogerpon|Ogerpon-Wellspring-Tera, F, tera:Water
|-ability|p2a: Ogerpon|Embody Aspect (Wellspring)|boost
|-boost|p2a: Ogerpon|spd|1
|move|p1a: Ceruledge|Swords Dance|p1a: Ceruledge
|-boost|p1a: Ceruledge|atk|2
|move|p2a: Ogerpon|Power Whip|p1a: Ceruledge|[miss]
|-miss|p2a: Ogerpon|p1a: Ceruledge
|
|-weather|SunnyDay|[upkeep]
|upkeep
|turn|29
|
|t:|1779598957
|move|p1a: Ceruledge|Close Combat|p2a: Ogerpon
|-crit|p2a: Ogerpon
|-damage|p2a: Ogerpon|0 fnt
|-unboost|p1a: Ceruledge|def|1
|-unboost|p1a: Ceruledge|spd|1
|faint|p2a: Ogerpon
|detailschange|p2: Ogerpon|Ogerpon-Wellspring, F|[silent]
|
|-weather|SunnyDay|[upkeep]
|upkeep
|
|t:|1779598959
|switch|p2a: Cinderace|Cinderace, F|65/100
|turn|30
|
|t:|1779598962
|move|p1a: Ceruledge|Close Combat|p2a: Cinderace
|-damage|p2a: Cinderace|0 fnt
|-unboost|p1a: Ceruledge|def|1
|-unboost|p1a: Ceruledge|spd|1
|faint|p2a: Cinderace
|
|win|rocktypepokemans
|raw|rocktypepokemans's rating: 1467 &rarr; <strong>1487</strong><br />(+20 for winning)
|raw|dynamo fuckass's rating: 1473 &rarr; <strong>1453</strong><br />(-20 for losing)
|l|☆dynamo fuckass
|player|p2|
|l|☆rocktypepokemans
|player|p1|
