|j|☆Lasguvainilla
|j|☆genesis lotus iv
|t:|1779616845
|gametype|singles
|player|p1|Lasguvainilla|266|1358
|player|p2|genesis lotus iv|eusine|1233
|gen|9
|tier|[Gen 9] OU
|rated|
|rule|HP Percentage Mod: HP is shown in percentages
|rule|Endless Battle Clause: Forcing endless battles is banned
|rule|Species Clause: Limit one of each Pokémon
|rule|OHKO Clause: OHKO moves are banned
|rule|Evasion Items Clause: Evasion items are banned
|rule|Evasion Moves Clause: Evasion moves are banned
|rule|Evasion Abilities Clause: Evasion abilities are banned
|rule|Sleep Moves Clause: Sleep-inducing moves are banned
|clearpoke
|poke|p1|Ogerpon-Wellspring, F|
|poke|p1|Samurott-Hisui, M|
|poke|p1|Corviknight, M|
|poke|p1|Dragapult, F|
|poke|p1|Toxapex, F|
|poke|p1|Kingambit, F|
|poke|p2|Iron Hands|
|poke|p2|Glimmora, M|
|poke|p2|Landorus-Therian, M|
|poke|p2|Flygon, F|
|poke|p2|Primarina, F|
|poke|p2|Kingambit, F|
|teampreview
|inactive|Battle timer is ON: inactive players will automatically lose when time's up. (requested by genesis lotus iv)
|
|t:|1779616851
|teamsize|p1|6
|teamsize|p2|6
|start
|switch|p1a: Samurott|Samurott-Hisui, M|100/100
|switch|p2a: Landorus|Landorus-Therian, M|100/100
|-ability|p2a: Landorus|Intimidate|boost
|-unboost|p1a: Samurott|atk|1
|turn|1
|
|t:|1779616861
|switch|p2a: Iron Hands|Iron Hands|100/100
|-enditem|p2a: Iron Hands|Booster Energy
|-activate|p2a: Iron Hands|ability: Quark Drive|[fromitem]
|-start|p2a: Iron Hands|quarkdriveatk
|move|p1a: Samurott|Ceaseless Edge|p2a: Iron Hands
|-resisted|p2a: Iron Hands
|-damage|p2a: Iron Hands|90/100
|-sidestart|p2: genesis lotus iv|Spikes
|
|upkeep
|turn|2
|
|t:|1779616877
|switch|p1a: Dragapult|Dragapult, F|100/100
|move|p2a: Iron Hands|Supercell Slam|p1a: Dragapult
|-resisted|p1a: Dragapult
|-damage|p1a: Dragapult|48/100
|
|upkeep
|turn|3
|
|t:|1779616885
|move|p1a: Dragapult|Draco Meteor|p2a: Iron Hands
|-damage|p2a: Iron Hands|24/100
|-unboost|p1a: Dragapult|spa|2
|move|p2a: Iron Hands|Ice Punch|p1a: Dragapult
|-supereffective|p1a: Dragapult
|-damage|p1a: Dragapult|0 fnt
|faint|p1a: Dragapult
|
|upkeep
|
|t:|1779616913
|switch|p1a: Ogerpon|Ogerpon-Wellspring, F|100/100
|turn|4
|
|t:|1779616917
|move|p1a: Ogerpon|Ivy Cudgel|p2a: Iron Hands|[anim] Ivy Cudgel Water
|-damage|p2a: Iron Hands|0 fnt
|faint|p2a: Iron Hands
|-end|p2a: Iron Hands|Quark Drive|[silent]
|
|upkeep
|
|t:|1779616921
|switch|p2a: Glimmora|Glimmora, M|100/100
|-damage|p2a: Glimmora|88/100|[from] Spikes
|turn|5
|
|t:|1779616926
|move|p2a: Glimmora|Sludge Wave|p1a: Ogerpon
|-supereffective|p1a: Ogerpon
|-damage|p1a: Ogerpon|0 fnt
|faint|p1a: Ogerpon
|
|upkeep
|
|t:|1779616932
|switch|p1a: Samurott|Samurott-Hisui, M|100/100
|turn|6
|
|t:|1779616938
|move|p2a: Glimmora|Sludge Wave|p1a: Samurott
|-damage|p1a: Samurott|26/100
|move|p1a: Samurott|Razor Shell|p2a: Glimmora
|-supereffective|p2a: Glimmora
|-damage|p2a: Glimmora|0 fnt
|-activate|p2a: Glimmora|ability: Toxic Debris
|-sidestart|p1: Lasguvainilla|move: Toxic Spikes
|faint|p2a: Glimmora
|
|upkeep
|
|t:|1779616954
|switch|p2a: Landorus|Landorus-Therian, M|100/100
|-ability|p2a: Landorus|Intimidate|boost
|-unboost|p1a: Samurott|atk|1
|turn|7
|
|t:|1779616960
|switch|p1a: Corviknight|Corviknight, M|100/100
|-ability|p1a: Corviknight|Pressure
|move|p2a: Landorus|Stealth Rock|p1a: Corviknight
|-sidestart|p1: Lasguvainilla|move: Stealth Rock
|
|upkeep
|turn|8
|inactive|genesis lotus iv has 120 seconds left.
|
|t:|1779616996
|switch|p2a: Primarina|Primarina, F|100/100
|-damage|p2a: Primarina|88/100|[from] Spikes
|move|p1a: Corviknight|Bulk Up|p1a: Corviknight
|-boost|p1a: Corviknight|atk|1
|-boost|p1a: Corviknight|def|1
|
|upkeep
|turn|9
|
|t:|1779617008
|move|p2a: Primarina|Psychic Noise|p1a: Corviknight
|-damage|p1a: Corviknight|74/100
|-start|p1a: Corviknight|move: Heal Block
|move|p1a: Corviknight|Defog|p2a: Primarina
|-unboost|p2a: Primarina|evasion|1
|-sideend|p2: genesis lotus iv|Spikes|[from] move: Defog|[of] p1a: Corviknight
|-sideend|p1: Lasguvainilla|Toxic Spikes|[from] move: Defog|[of] p1a: Corviknight
|-sideend|p1: Lasguvainilla|Stealth Rock|[from] move: Defog|[of] p1a: Corviknight
|
|upkeep
|turn|10
|
|t:|1779617023
|move|p2a: Primarina|Psychic Noise|p1a: Corviknight
|-damage|p1a: Corviknight|48/100
|move|p1a: Corviknight|Bulk Up|p1a: Corviknight
|-boost|p1a: Corviknight|atk|1
|-boost|p1a: Corviknight|def|1
|
|-end|p1a: Corviknight|move: Heal Block
|upkeep
|turn|11
|
|t:|1779617041
|switch|p1a: Toxapex|Toxapex, F|100/100
|move|p2a: Primarina|Psychic Noise|p1a: Toxapex
|-resisted|p1a: Toxapex
|-crit|p1a: Toxapex
|-damage|p1a: Toxapex|89/100
|-start|p1a: Toxapex|move: Heal Block
|
|upkeep
|turn|12
|
|t:|1779617065
|switch|p2a: Landorus|Landorus-Therian, M|100/100
|-ability|p2a: Landorus|Intimidate|boost
|-unboost|p1a: Toxapex|atk|1
|move|p1a: Toxapex|Infestation|p2a: Landorus
|-resisted|p2a: Landorus
|-damage|p2a: Landorus|99/100
|-activate|p2a: Landorus|move: Infestation|[of] p1a: Toxapex
|-damage|p1a: Toxapex|73/100|[from] item: Rocky Helmet|[of] p2a: Landorus
|
|-damage|p2a: Landorus|86/100|[from] move: Infestation|[partiallytrapped]
|-end|p1a: Toxapex|move: Heal Block
|upkeep
|turn|13
|
|t:|1779617078
|switch|p1a: Corviknight|Corviknight, M|48/100
|-ability|p1a: Corviknight|Pressure
|move|p2a: Landorus|Earth Power|p1a: Corviknight
|-immune|p1a: Corviknight
|
|-heal|p1a: Corviknight|54/100|[from] item: Leftovers
|-end|p2a: Landorus|Infestation|[partiallytrapped]|[silent]
|upkeep
|turn|14
|
|t:|1779617093
|move|p2a: Landorus|Stealth Rock|p1a: Corviknight
|-sidestart|p1: Lasguvainilla|move: Stealth Rock
|move|p1a: Corviknight|Roost|p1a: Corviknight
|-heal|p1a: Corviknight|100/100
|-singleturn|p1a: Corviknight|move: Roost
|
|upkeep
|turn|15
|
|t:|1779617099
|move|p2a: Landorus|Rock Tomb|p1a: Corviknight
|-damage|p1a: Corviknight|87/100
|-unboost|p1a: Corviknight|spe|1
|move|p1a: Corviknight|Bulk Up|p1a: Corviknight
|-boost|p1a: Corviknight|atk|1
|-boost|p1a: Corviknight|def|1
|
|-heal|p1a: Corviknight|93/100|[from] item: Leftovers
|upkeep
|turn|16
|
|t:|1779617109
|move|p2a: Landorus|U-turn|p1a: Corviknight
|-resisted|p1a: Corviknight
|-damage|p1a: Corviknight|90/100
|
|t:|1779617129
|switch|p2a: Kingambit|Kingambit, F|100/100|[from] U-turn
|-activate|p2a: Kingambit|ability: Supreme Overlord
|-start|p2a: Kingambit|fallen2|[silent]
|move|p1a: Corviknight|Bulk Up|p1a: Corviknight
|-boost|p1a: Corviknight|atk|1
|-boost|p1a: Corviknight|def|1
|
|-heal|p1a: Corviknight|96/100|[from] item: Leftovers
|upkeep
|turn|17
|
|t:|1779617139
|move|p2a: Kingambit|Kowtow Cleave|p1a: Corviknight
|-damage|p1a: Corviknight|71/100
|move|p1a: Corviknight|Bulk Up|p1a: Corviknight
|-boost|p1a: Corviknight|atk|1
|-boost|p1a: Corviknight|def|1
|
|-heal|p1a: Corviknight|77/100|[from] item: Leftovers
|upkeep
|turn|18
|
|t:|1779617149
|move|p2a: Kingambit|Kowtow Cleave|p1a: Corviknight
|-damage|p1a: Corviknight|57/100
|move|p1a: Corviknight|Bulk Up|p1a: Corviknight
|-boost|p1a: Corviknight|atk|1
|-boost|p1a: Corviknight|def|1
|
|-heal|p1a: Corviknight|63/100|[from] item: Leftovers
|upkeep
|turn|19
|
|t:|1779617161
|move|p2a: Kingambit|Kowtow Cleave|p1a: Corviknight
|-damage|p1a: Corviknight|46/100
|move|p1a: Corviknight|Roost|p1a: Corviknight
|-heal|p1a: Corviknight|96/100
|-singleturn|p1a: Corviknight|move: Roost
|
|-heal|p1a: Corviknight|100/100|[from] item: Leftovers
|upkeep
|turn|20
|
|t:|1779617182
|-end|p2a: Kingambit|fallen2|[silent]
|switch|p2a: Primarina|Primarina, F|88/100
|move|p1a: Corviknight|Bulk Up|p1a: Corviknight
|-boost|p1a: Corviknight|atk|1
|-boost|p1a: Corviknight|def|1
|
|upkeep
|turn|21
|
|t:|1779617189
|move|p2a: Primarina|Psychic Noise|p1a: Corviknight
|-damage|p1a: Corviknight|77/100
|-start|p1a: Corviknight|move: Heal Block
|move|p1a: Corviknight|Bulk Up|p1a: Corviknight
|-boost|p1a: Corviknight|atk|1
|-boost|p1a: Corviknight|def|1
|
|upkeep
|turn|22
|
|t:|1779617197
|move|p2a: Primarina|Psychic Noise|p1a: Corviknight
|-damage|p1a: Corviknight|51/100
|move|p1a: Corviknight|Power Trip|p2a: Primarina
|-resisted|p2a: Primarina
|-damage|p2a: Primarina|0 fnt
|faint|p2a: Primarina
|
|-end|p1a: Corviknight|move: Heal Block
|upkeep
|
|t:|1779617212
|switch|p2a: Flygon|Flygon, F|100/100
|turn|23
|
|t:|1779617222
|-terastallize|p2a: Flygon|Normal
|-terastallize|p1a: Corviknight|Dark
|move|p2a: Flygon|Boomburst|p1a: Corviknight
|-damage|p1a: Corviknight|0 fnt
|faint|p1a: Corviknight
|
|upkeep
|
|t:|1779617229
|switch|p1a: Samurott|Samurott-Hisui, M|26/100
|-damage|p1a: Samurott|13/100|[from] Stealth Rock
|turn|24
|
|t:|1779617235
|switch|p2a: Landorus|Landorus-Therian, M|86/100
|-ability|p2a: Landorus|Intimidate|boost
|-unboost|p1a: Samurott|atk|1
|move|p1a: Samurott|Sacred Sword|p2a: Landorus
|-resisted|p2a: Landorus
|-damage|p2a: Landorus|72/100
|-damage|p1a: Samurott|0 fnt|[from] item: Rocky Helmet|[of] p2a: Landorus
|faint|p1a: Samurott
|
|upkeep
|inactive|Lasguvainilla has 120 seconds left.
|
|t:|1779617270
|switch|p1a: Kingambit|Kingambit, F|100/100
|-damage|p1a: Kingambit|94/100|[from] Stealth Rock
|-activate|p1a: Kingambit|ability: Supreme Overlord
|-start|p1a: Kingambit|fallen4|[silent]
|turn|25
|inactive|Lasguvainilla has 120 seconds left.
|
|t:|1779617298
|move|p2a: Landorus|Earth Power|p1a: Kingambit
|-supereffective|p1a: Kingambit
|-damage|p1a: Kingambit|30/100
|move|p1a: Kingambit|Swords Dance|p1a: Kingambit
|-boost|p1a: Kingambit|atk|2
|
|upkeep
|turn|26
|inactive|Lasguvainilla has 120 seconds left.
|
|t:|1779617304
|move|p1a: Kingambit|Sucker Punch|p2a: Landorus
|-damage|p2a: Landorus|0 fnt
|-damage|p1a: Kingambit|14/100|[from] item: Rocky Helmet|[of] p2a: Landorus
|faint|p2a: Landorus
|
|upkeep
|
|t:|1779617311
|switch|p2a: Kingambit|Kingambit, F|100/100
|-activate|p2a: Kingambit|ability: Supreme Overlord
|-start|p2a: Kingambit|fallen4|[silent]
|turn|27
|
|t:|1779617326
|move|p2a: Kingambit|Sucker Punch||[still]
|-fail|p2a: Kingambit
|move|p1a: Kingambit|Swords Dance|p1a: Kingambit
|-boost|p1a: Kingambit|atk|2
|
|upkeep
|turn|28
|
|t:|1779617331
|move|p2a: Kingambit|Sucker Punch|p1a: Kingambit
|-resisted|p1a: Kingambit
|-damage|p1a: Kingambit|0 fnt
|faint|p1a: Kingambit
|-end|p1a: Kingambit|fallen4|[silent]
|
|upkeep
|
|t:|1779617336
|switch|p1a: Toxapex|Toxapex, F|100/100
|-damage|p1a: Toxapex|88/100|[from] Stealth Rock
|turn|29
|
|t:|1779617347
|-end|p2a: Kingambit|fallen4|[silent]
|switch|p2a: Flygon|Flygon, F, tera:Normal|100/100
|move|p1a: Toxapex|Chilling Water|p2a: Flygon
|-damage|p2a: Flygon|86/100
|-unboost|p2a: Flygon|atk|1
|
|upkeep
|turn|30
|
|t:|1779617354
|move|p2a: Flygon|Boomburst|p1a: Toxapex
|-damage|p1a: Toxapex|55/100
|move|p1a: Toxapex|Infestation|p2a: Flygon
|-damage|p2a: Flygon|83/100
|-activate|p2a: Flygon|move: Infestation|[of] p1a: Toxapex
|
|-damage|p2a: Flygon|70/100|[from] move: Infestation|[partiallytrapped]
|upkeep
|turn|31
|-message|Lasguvainilla forfeited.
|
|win|genesis lotus iv
|raw|Lasguvainilla's rating: 1358 &rarr; <strong>1330</strong><br />(-28 for losing)
|raw|genesis lotus iv's rating: 1214 &rarr; <strong>1249</strong><br />(+35 for winning)
|l|☆Lasguvainilla
|player|p1|
|l|☆genesis lotus iv
|player|p2|
