|j|☆AlienXotic
|j|☆Kazuelasnt
|t:|1779669323
|gametype|singles
|player|p1|AlienXotic|266|1502
|player|p2|Kazuelasnt|cress|1488
|gen|9
|tier|[Gen 9] OU
|rated|
|rule|HP Percentage Mod: HP is shown in percentages
|rule|Endless Battle Clause: Forcing endless battles is banned
|rule|Species Clause: Limit one of each Pokémon
|rule|OHKO Clause: OHKO moves are banned
|rule|Evasion Items Clause: Evasion items are banned
|rule|Evasion Moves Clause: Evasion moves are banned
|rule|Evasion Abilities Clause: Evasion abilities are banned
|rule|Sleep Moves Clause: Sleep-inducing moves are banned
|clearpoke
|poke|p1|Slither Wing|
|poke|p1|Ninetales, F|
|poke|p1|Walking Wake|
|poke|p1|Iron Moth|
|poke|p1|Hatterene, F|
|poke|p1|Blaziken, F|
|poke|p2|Kleavor, M|
|poke|p2|Landorus-Therian, M|
|poke|p2|Gholdengo|
|poke|p2|Dragonite, F|
|poke|p2|Hatterene, F|
|poke|p2|Darkrai|
|teampreview
|inactive|Battle timer is ON: inactive players will automatically lose when time's up. (requested by AlienXotic)
|
|t:|1779669353
|teamsize|p1|6
|teamsize|p2|6
|start
|switch|p1a: Walking Terror|Walking Wake|100/100
|switch|p2a: Filo Señorial|Kleavor, M|100/100
|turn|1
|
|t:|1779669360
|move|p2a: Filo Señorial|U-turn|p1a: Walking Terror
|-damage|p1a: Walking Terror|57/100
|
|t:|1779669368
|switch|p2a: Hattie|Hatterene, F|100/100|[from] U-turn
|move|p1a: Walking Terror|Hydro Steam|p2a: Hattie
|-damage|p2a: Hattie|66/100
|
|upkeep
|turn|2
|
|t:|1779669380
|-end|p1a: Walking Terror|Protosynthesis|[silent]
|switch|p1a: Just Lust|Hatterene, F, shiny|100/100
|move|p2a: Hattie|Nuzzle|p1a: Just Lust
|-damage|p1a: Just Lust|97/100
|-status|p1a: Just Lust|par
|-enditem|p1a: Just Lust|Eject Button
|
|t:|1779669386
|switch|p1a: Miles Prower|Ninetales, F, shiny|100/100
|-weather|SunnyDay|[from] ability: Drought|[of] p1a: Miles Prower
|
|-weather|SunnyDay|[upkeep]
|upkeep
|turn|3
|
|t:|1779669404
|switch|p1a: Just Lust|Hatterene, F, shiny|97/100 par
|switch|p2a: Filo Señorial|Kleavor, M|100/100
|
|-weather|SunnyDay|[upkeep]
|upkeep
|turn|4
|
|t:|1779669412
|move|p2a: Filo Señorial|Stone Axe|p1a: Just Lust
|-damage|p1a: Just Lust|51/100 par
|-sidestart|p1: AlienXotic|move: Stealth Rock
|move|p1a: Just Lust|Nuzzle|p2a: Filo Señorial
|-damage|p2a: Filo Señorial|96/100
|-status|p2a: Filo Señorial|par
|
|-weather|SunnyDay|[upkeep]
|upkeep
|turn|5
|
|t:|1779669421
|move|p2a: Filo Señorial|Stone Axe|p1a: Just Lust
|-damage|p1a: Just Lust|6/100 par
|move|p1a: Just Lust|Mystical Fire|p2a: Filo Señorial
|-damage|p2a: Filo Señorial|44/100 par
|-unboost|p2a: Filo Señorial|spa|1
|
|-weather|SunnyDay|[upkeep]
|upkeep
|turn|6
|
|t:|1779669426
|move|p2a: Filo Señorial|Stone Axe|p1a: Just Lust
|-damage|p1a: Just Lust|0 fnt
|faint|p1a: Just Lust
|
|-weather|SunnyDay|[upkeep]
|upkeep
|
|t:|1779669432
|switch|p1a: Walking Terror|Walking Wake|57/100
|-damage|p1a: Walking Terror|45/100|[from] Stealth Rock
|-activate|p1a: Walking Terror|ability: Protosynthesis
|-start|p1a: Walking Terror|protosynthesisspe
|turn|7
|
|t:|1779669461
|move|p1a: Walking Terror|Hydro Steam|p2a: Filo Señorial
|-supereffective|p2a: Filo Señorial
|-damage|p2a: Filo Señorial|0 fnt
|faint|p2a: Filo Señorial
|
|-weather|SunnyDay|[upkeep]
|upkeep
|
|t:|1779669465
|switch|p2a: Hattie|Hatterene, F|66/100
|turn|8
|
|t:|1779669473
|-terastallize|p1a: Walking Terror|Water
|-terastallize|p2a: Hattie|Water
|move|p1a: Walking Terror|Hydro Steam|p2a: Hattie
|-resisted|p2a: Hattie
|-damage|p2a: Hattie|27/100
|move|p2a: Hattie|Draining Kiss|p1a: Walking Terror
|-damage|p1a: Walking Terror|11/100
|-heal|p2a: Hattie|55/100|[from] drain|[of] p1a: Walking Terror
|
|-weather|SunnyDay|[upkeep]
|upkeep
|turn|9
|
|t:|1779669492
|move|p1a: Walking Terror|Hydro Steam|p2a: Hattie
|-resisted|p2a: Hattie
|-damage|p2a: Hattie|15/100
|move|p2a: Hattie|Nuzzle|p1a: Walking Terror
|-supereffective|p1a: Walking Terror
|-damage|p1a: Walking Terror|3/100
|-status|p1a: Walking Terror|par
|
|-weather|none
|-end|p1a: Walking Terror|Protosynthesis
|upkeep
|turn|10
|
|t:|1779669505
|cant|p1a: Walking Terror|par
|move|p2a: Hattie|Draining Kiss|p1a: Walking Terror
|-damage|p1a: Walking Terror|0 fnt
|-heal|p2a: Hattie|17/100|[from] drain|[of] p1a: Walking Terror
|faint|p1a: Walking Terror
|-end|p1a: Walking Terror|Protosynthesis|[silent]
|
|upkeep
|
|t:|1779669508
|switch|p1a: Miles Prower|Ninetales, F, shiny|100/100
|-damage|p1a: Miles Prower|76/100|[from] Stealth Rock
|-weather|SunnyDay|[from] ability: Drought|[of] p1a: Miles Prower
|turn|11
|
|t:|1779669517
|move|p1a: Miles Prower|Solar Beam||[still]
|-prepare|p1a: Miles Prower|Solar Beam
|-anim|p1a: Miles Prower|Solar Beam|p2a: Hattie
|-supereffective|p2a: Hattie
|-damage|p2a: Hattie|0 fnt
|faint|p2a: Hattie
|
|-weather|SunnyDay|[upkeep]
|upkeep
|
|t:|1779669523
|switch|p2a: Duke|Darkrai, shiny|100/100
|turn|12
|
|t:|1779669531
|switch|p1a: Goku|Slither Wing, shiny|100/100
|-damage|p1a: Goku|88/100|[from] Stealth Rock
|-activate|p1a: Goku|ability: Protosynthesis
|-start|p1a: Goku|protosynthesisatk
|move|p2a: Duke|Dark Pulse|p1a: Goku
|-resisted|p1a: Goku
|-damage|p1a: Goku|67/100
|
|-weather|SunnyDay|[upkeep]
|upkeep
|turn|13
|
|t:|1779669541
|switch|p2a: HomeLANDOR|Landorus-Therian, M, shiny|100/100
|-ability|p2a: HomeLANDOR|Intimidate|boost
|-unboost|p1a: Goku|atk|1
|move|p1a: Goku|U-turn|p2a: HomeLANDOR
|-resisted|p2a: HomeLANDOR
|-damage|p2a: HomeLANDOR|75/100
|-damage|p1a: Goku|51/100|[from] item: Rocky Helmet|[of] p2a: HomeLANDOR
|
|t:|1779669558
|-end|p1a: Goku|Protosynthesis|[silent]
|switch|p1a: Kentucky Fried|Blaziken, F, shiny|100/100|[from] U-turn
|-damage|p1a: Kentucky Fried|88/100|[from] Stealth Rock
|
|-weather|SunnyDay|[upkeep]
|upkeep
|turn|14
|
|t:|1779669563
|move|p1a: Kentucky Fried|Protect|p1a: Kentucky Fried
|-singleturn|p1a: Kentucky Fried|Protect
|move|p2a: HomeLANDOR|Taunt|p1a: Kentucky Fried
|-activate|p1a: Kentucky Fried|move: Protect
|
|-weather|SunnyDay|[upkeep]
|-ability|p1a: Kentucky Fried|Speed Boost|boost
|-boost|p1a: Kentucky Fried|spe|1
|upkeep
|turn|15
|
|t:|1779669574
|move|p1a: Kentucky Fried|Flare Blitz|p2a: HomeLANDOR
|-damage|p2a: HomeLANDOR|0 fnt
|-damage|p1a: Kentucky Fried|72/100|[from] item: Rocky Helmet|[of] p2a: HomeLANDOR
|faint|p2a: HomeLANDOR
|-damage|p1a: Kentucky Fried|40/100|[from] Recoil
|-damage|p1a: Kentucky Fried|30/100|[from] item: Life Orb
|
|-weather|SunnyDay|[upkeep]
|-ability|p1a: Kentucky Fried|Speed Boost|boost
|-boost|p1a: Kentucky Fried|spe|1
|upkeep
|
|t:|1779669578
|switch|p2a: Alba|Dragonite, F, shiny|100/100
|turn|16
|
|t:|1779669587
|move|p2a: Alba|Extreme Speed|p1a: Kentucky Fried
|-damage|p1a: Kentucky Fried|0 fnt
|faint|p1a: Kentucky Fried
|
|-weather|SunnyDay|[upkeep]
|upkeep
|
|t:|1779669591
|switch|p1a: Miles Prower|Ninetales, F, shiny|76/100
|-damage|p1a: Miles Prower|51/100|[from] Stealth Rock
|turn|17
|
|t:|1779669598
|switch|p2a: A Penny|Gholdengo|100/100
|-item|p2a: A Penny|Air Balloon
|move|p1a: Miles Prower|Will-O-Wisp|p2a: A Penny
|-immune|p2a: A Penny|[from] ability: Good as Gold
|
|-weather|SunnyDay|[upkeep]
|upkeep
|turn|18
|
|t:|1779669604
|move|p1a: Miles Prower|Overheat|p2a: A Penny
|-supereffective|p2a: A Penny
|-damage|p2a: A Penny|0 fnt
|-unboost|p1a: Miles Prower|spa|2
|-enditem|p2a: A Penny|Air Balloon
|faint|p2a: A Penny
|
|-weather|none
|upkeep
|
|t:|1779669611
|switch|p2a: Duke|Darkrai, shiny|100/100
|turn|19
|
|t:|1779669622
|switch|p1a: Goku|Slither Wing, shiny|51/100
|-damage|p1a: Goku|38/100|[from] Stealth Rock
|move|p2a: Duke|Knock Off|p1a: Goku
|-resisted|p1a: Goku
|-damage|p1a: Goku|17/100
|-enditem|p1a: Goku|Choice Band|[from] move: Knock Off|[of] p2a: Duke
|
|upkeep
|turn|20
|
|t:|1779669643
|move|p1a: Goku|First Impression|p2a: Duke
|-supereffective|p2a: Duke
|-damage|p2a: Duke|0 fnt
|faint|p2a: Duke
|
|upkeep
|
|t:|1779669645
|switch|p2a: Alba|Dragonite, F, shiny|100/100
|turn|21
|
|t:|1779669651
|-end|p1a: Goku|Protosynthesis|[silent]
|switch|p1a: Miles Prower|Ninetales, F, shiny|51/100
|-damage|p1a: Miles Prower|26/100|[from] Stealth Rock
|-weather|SunnyDay|[from] ability: Drought|[of] p1a: Miles Prower
|move|p2a: Alba|Dragon Dance|p2a: Alba
|-boost|p2a: Alba|atk|1
|-boost|p2a: Alba|spe|1
|
|-weather|SunnyDay|[upkeep]
|upkeep
|turn|22
|
|t:|1779669656
|move|p2a: Alba|Earthquake|p1a: Miles Prower
|-supereffective|p1a: Miles Prower
|-damage|p1a: Miles Prower|0 fnt
|faint|p1a: Miles Prower
|
|-weather|SunnyDay|[upkeep]
|upkeep
|
|t:|1779669662
|switch|p1a: Goku|Slither Wing, shiny|17/100
|-damage|p1a: Goku|5/100|[from] Stealth Rock
|-activate|p1a: Goku|ability: Protosynthesis
|-start|p1a: Goku|protosynthesisatk
|turn|23
|
|t:|1779669666
|move|p2a: Alba|Extreme Speed|p1a: Goku
|-damage|p1a: Goku|0 fnt
|faint|p1a: Goku
|-end|p1a: Goku|Protosynthesis|[silent]
|
|-weather|SunnyDay|[upkeep]
|upkeep
|
|t:|1779669668
|switch|p1a: Iron Broken|Iron Moth|100/100
|-damage|p1a: Iron Broken|76/100|[from] Stealth Rock
|-enditem|p1a: Iron Broken|Booster Energy
|-activate|p1a: Iron Broken|ability: Quark Drive|[fromitem]
|-start|p1a: Iron Broken|quarkdrivespe
|turn|24
|
|t:|1779669671
|move|p1a: Iron Broken|Dazzling Gleam|p2a: Alba
|-supereffective|p2a: Alba
|-damage|p2a: Alba|70/100
|move|p2a: Alba|Earthquake|p1a: Iron Broken
|-supereffective|p1a: Iron Broken
|-damage|p1a: Iron Broken|0 fnt
|faint|p1a: Iron Broken
|-end|p1a: Iron Broken|Quark Drive|[silent]
|
|win|Kazuelasnt
|raw|AlienXotic's rating: 1502 &rarr; <strong>1481</strong><br />(-21 for losing)
|raw|Kazuelasnt's rating: 1488 &rarr; <strong>1509</strong><br />(+21 for winning)
|l|☆AlienXotic
|player|p1|
|l|☆Kazuelasnt
|player|p2|
