|j|☆PokeCHAD_v3
|j|☆legend za legend
|t:|1779577563
|gametype|singles
|player|p1|PokeCHAD_v3|caitlin|1325
|player|p2|legend za legend|265|1285
|gen|9
|tier|[Gen 9] OU
|rated|
|rule|HP Percentage Mod: HP is shown in percentages
|rule|Endless Battle Clause: Forcing endless battles is banned
|rule|Species Clause: Limit one of each Pokémon
|rule|OHKO Clause: OHKO moves are banned
|rule|Evasion Items Clause: Evasion items are banned
|rule|Evasion Moves Clause: Evasion moves are banned
|rule|Evasion Abilities Clause: Evasion abilities are banned
|rule|Sleep Moves Clause: Sleep-inducing moves are banned
|clearpoke
|poke|p1|Ting-Lu|
|poke|p1|Great Tusk|
|poke|p1|Gholdengo|
|poke|p1|Dragonite, F|
|poke|p1|Skeledirge, M|
|poke|p1|Primarina, F|
|poke|p2|Hoopa|
|poke|p2|Cinderace, F|
|poke|p2|Mandibuzz, F|
|poke|p2|Kyurem|
|poke|p2|Ting-Lu|
|poke|p2|Manaphy|
|teampreview
|inactive|Battle timer is ON: inactive players will automatically lose when time's up. (requested by PokeCHAD_v3)
|
|t:|1779577584
|teamsize|p1|6
|teamsize|p2|6
|start
|switch|p1a: Goldeengo|Gholdengo|100/100
|switch|p2a: Kyurem|Kyurem|100/100
|-ability|p2a: Kyurem|Pressure
|turn|1
|
|t:|1779577601
|move|p2a: Kyurem|Earth Power|p1a: Goldeengo
|-supereffective|p1a: Goldeengo
|-damage|p1a: Goldeengo|25/100
|move|p1a: Goldeengo|Make It Rain|p2a: Kyurem
|-supereffective|p2a: Kyurem
|-damage|p2a: Kyurem|0 fnt
|-unboost|p1a: Goldeengo|spa|1
|faint|p2a: Kyurem
|
|upkeep
|
|t:|1779577611
|switch|p2a: Manaphy|Manaphy|100/100
|turn|2
|
|t:|1779577627
|switch|p1a: Piranha|Primarina, F|100/100
|move|p2a: Manaphy|Tail Glow|p2a: Manaphy
|-boost|p2a: Manaphy|spa|3
|
|upkeep
|turn|3
|
|t:|1779577643
|move|p2a: Manaphy|Take Heart|p2a: Manaphy
|-boost|p2a: Manaphy|spa|1
|-boost|p2a: Manaphy|spd|1
|move|p1a: Piranha|Moonblast|p2a: Manaphy
|-damage|p2a: Manaphy|72/100
|
|-heal|p2a: Manaphy|78/100|[from] item: Leftovers
|upkeep
|turn|4
|
|t:|1779577659
|-terastallize|p1a: Piranha|Steel
|move|p2a: Manaphy|Alluring Voice|p1a: Piranha
|-resisted|p1a: Piranha
|-damage|p1a: Piranha|83/100
|move|p1a: Piranha|Moonblast|p2a: Manaphy
|-damage|p2a: Manaphy|50/100
|
|-heal|p2a: Manaphy|56/100|[from] item: Leftovers
|upkeep
|turn|5
|inactive|PokeCHAD_v3 has 120 seconds left.
|
|t:|1779577675
|move|p2a: Manaphy|Scald|p1a: Piranha
|-damage|p1a: Piranha|32/100
|move|p1a: Piranha|Moonblast|p2a: Manaphy
|-damage|p2a: Manaphy|23/100
|
|-heal|p2a: Manaphy|29/100|[from] item: Leftovers
|upkeep
|turn|6
|inactive|PokeCHAD_v3 has 120 seconds left.
|
|t:|1779577690
|move|p2a: Manaphy|Scald|p1a: Piranha
|-damage|p1a: Piranha|0 fnt
|faint|p1a: Piranha
|
|-heal|p2a: Manaphy|36/100|[from] item: Leftovers
|upkeep
|inactive|PokeCHAD_v3 has 120 seconds left.
|
|t:|1779577699
|switch|p1a: Zamazentu|Dragonite, F|100/100
|turn|7
|inactive|PokeCHAD_v3 has 120 seconds left.
|
|t:|1779577714
|move|p1a: Zamazentu|Extreme Speed|p2a: Manaphy
|-damage|p2a: Manaphy|11/100
|move|p2a: Manaphy|Alluring Voice|p1a: Zamazentu
|-supereffective|p1a: Zamazentu
|-damage|p1a: Zamazentu|44/100
|
|-heal|p2a: Manaphy|17/100|[from] item: Leftovers
|upkeep
|turn|8
|inactive|PokeCHAD_v3 has 120 seconds left.
|
|t:|1779577728
|switch|p2a: Hoopa|Hoopa|100/100
|move|p1a: Zamazentu|Extreme Speed|p2a: Hoopa
|-immune|p2a: Hoopa
|
|upkeep
|turn|9
|inactive|PokeCHAD_v3 has 120 seconds left.
|
|t:|1779577744
|switch|p1a: Tinga-Linga|Ting-Lu|100/100
|-ability|p1a: Tinga-Linga|Vessel of Ruin
|move|p2a: Hoopa|Calm Mind|p2a: Hoopa
|-boost|p2a: Hoopa|spa|1
|-boost|p2a: Hoopa|spd|1
|
|upkeep
|turn|10
|inactive|PokeCHAD_v3 has 120 seconds left.
|
|t:|1779577759
|move|p2a: Hoopa|Focus Blast|p1a: Tinga-Linga
|-supereffective|p1a: Tinga-Linga
|-damage|p1a: Tinga-Linga|43/100
|move|p1a: Tinga-Linga|Earthquake|p2a: Hoopa
|-damage|p2a: Hoopa|43/100
|
|-heal|p1a: Tinga-Linga|50/100|[from] item: Leftovers
|upkeep
|turn|11
|inactive|PokeCHAD_v3 has 120 seconds left.
|
|t:|1779577772
|move|p2a: Hoopa|Substitute|p2a: Hoopa
|-start|p2a: Hoopa|Substitute
|-damage|p2a: Hoopa|18/100
|-enditem|p2a: Hoopa|Aguav Berry|[eat]
|-heal|p2a: Hoopa|51/100|[from] item: Aguav Berry
|move|p1a: Tinga-Linga|Earthquake|p2a: Hoopa
|-end|p2a: Hoopa|Substitute
|
|-heal|p1a: Tinga-Linga|56/100|[from] item: Leftovers
|upkeep
|turn|12
|
|t:|1779577777
|move|p2a: Hoopa|Focus Blast|p1a: Tinga-Linga|[miss]
|-miss|p2a: Hoopa|p1a: Tinga-Linga
|move|p1a: Tinga-Linga|Earthquake|p2a: Hoopa
|-damage|p2a: Hoopa|0 fnt
|faint|p2a: Hoopa
|
|-heal|p1a: Tinga-Linga|62/100|[from] item: Leftovers
|upkeep
|
|t:|1779577781
|switch|p2a: Cinderace|Cinderace, F|100/100
|turn|13
|
|t:|1779577797
|-terastallize|p2a: Cinderace|Fire
|move|p2a: Cinderace|Pyro Ball|p1a: Tinga-Linga
|-damage|p1a: Tinga-Linga|11/100
|move|p1a: Tinga-Linga|Earthquake|p2a: Cinderace
|-supereffective|p2a: Cinderace
|-damage|p2a: Cinderace|0 fnt
|faint|p2a: Cinderace
|
|-heal|p1a: Tinga-Linga|17/100|[from] item: Leftovers
|upkeep
|
|t:|1779577806
|switch|p2a: Manaphy|Manaphy|17/100
|turn|14
|
|t:|1779577822
|move|p2a: Manaphy|Scald|p1a: Tinga-Linga
|-supereffective|p1a: Tinga-Linga
|-damage|p1a: Tinga-Linga|0 fnt
|faint|p1a: Tinga-Linga
|
|-heal|p2a: Manaphy|23/100|[from] item: Leftovers
|upkeep
|
|t:|1779577827
|switch|p1a: Zamazentu|Dragonite, F|44/100
|turn|15
|
|t:|1779577833
|switch|p2a: Ting-Lucifer|Ting-Lu|100/100
|-ability|p2a: Ting-Lucifer|Vessel of Ruin
|move|p1a: Zamazentu|Extreme Speed|p2a: Ting-Lucifer
|-damage|p2a: Ting-Lucifer|84/100
|
|upkeep
|turn|16
|
|t:|1779577845
|move|p1a: Zamazentu|Roost|p1a: Zamazentu
|-heal|p1a: Zamazentu|95/100
|-singleturn|p1a: Zamazentu|move: Roost
|move|p2a: Ting-Lucifer|Stone Edge|p1a: Zamazentu
|-damage|p1a: Zamazentu|58/100
|
|upkeep
|turn|17
|
|t:|1779577854
|move|p1a: Zamazentu|Roost|p1a: Zamazentu
|-heal|p1a: Zamazentu|100/100
|-singleturn|p1a: Zamazentu|move: Roost
|move|p2a: Ting-Lucifer|Earthquake|p1a: Zamazentu
|-damage|p1a: Zamazentu|71/100
|
|upkeep
|turn|18
|
|t:|1779577862
|move|p1a: Zamazentu|Dragon Dance|p1a: Zamazentu
|-boost|p1a: Zamazentu|atk|1
|-boost|p1a: Zamazentu|spe|1
|move|p2a: Ting-Lucifer|Stone Edge|p1a: Zamazentu
|-supereffective|p1a: Zamazentu
|-damage|p1a: Zamazentu|0 fnt
|faint|p1a: Zamazentu
|
|upkeep
|
|t:|1779577874
|switch|p1a: Mid Tusk|Great Tusk|100/100
|turn|19
|
|t:|1779577901
|switch|p2a: Mandibuzz|Mandibuzz, F, shiny|100/100
|move|p1a: Mid Tusk|Rapid Spin|p2a: Mandibuzz
|-damage|p2a: Mandibuzz|91/100
|-boost|p1a: Mid Tusk|spe|1
|-damage|p1a: Mid Tusk|84/100|[from] item: Rocky Helmet|[of] p2a: Mandibuzz
|
|upkeep
|turn|20
|
|t:|1779577909
|move|p1a: Mid Tusk|Ice Spinner|p2a: Mandibuzz
|-supereffective|p2a: Mandibuzz
|-crit|p2a: Mandibuzz
|-damage|p2a: Mandibuzz|44/100
|-damage|p1a: Mid Tusk|68/100|[from] item: Rocky Helmet|[of] p2a: Mandibuzz
|move|p2a: Mandibuzz|Toxic|p1a: Mid Tusk
|-status|p1a: Mid Tusk|tox
|
|-damage|p1a: Mid Tusk|61/100 tox|[from] psn
|upkeep
|turn|21
|
|t:|1779577913
|move|p1a: Mid Tusk|Ice Spinner|p2a: Mandibuzz
|-supereffective|p2a: Mandibuzz
|-damage|p2a: Mandibuzz|11/100
|-damage|p1a: Mid Tusk|45/100 tox|[from] item: Rocky Helmet|[of] p2a: Mandibuzz
|move|p2a: Mandibuzz|Roost|p2a: Mandibuzz
|-heal|p2a: Mandibuzz|61/100
|-singleturn|p2a: Mandibuzz|move: Roost
|
|-damage|p1a: Mid Tusk|33/100 tox|[from] psn
|upkeep
|turn|22
|-message|PokeCHAD_v3 forfeited.
|
|win|legend za legend
|raw|PokeCHAD_v3's rating: 1325 &rarr; <strong>1303</strong><br />(-22 for losing)
|raw|legend za legend's rating: 1285 &rarr; <strong>1313</strong><br />(+28 for winning)
