|badge|p1|bronze|gen9randombattle|100-9
|uhtml|medal-msg|<div class="broadcast-blue">Curious what those medals under the avatar are? PS now has Ladder Seasons! For more information, check out the <a href="https://www.smogon.com/forums/threads/3740067/">thread on Smogon.</a></div>
|j|☆gloriousplays
|j|☆hamixio
|t:|1779580747
|gametype|singles
|player|p1|gloriousplays|266|
|player|p2|hamixio|steven|
|gen|9
|tier|[Gen 9] OU
|rule|HP Percentage Mod: HP is shown in percentages
|rule|Endless Battle Clause: Forcing endless battles is banned
|rule|Species Clause: Limit one of each Pokémon
|rule|OHKO Clause: OHKO moves are banned
|rule|Evasion Items Clause: Evasion items are banned
|rule|Evasion Moves Clause: Evasion moves are banned
|rule|Evasion Abilities Clause: Evasion abilities are banned
|rule|Sleep Moves Clause: Sleep-inducing moves are banned
|clearpoke
|poke|p1|Grimmsnarl, M|
|poke|p1|Jirachi|
|poke|p1|Enamorus, F|
|poke|p1|Ceruledge, F|
|poke|p1|Dragonite, F|
|poke|p1|Mew|
|poke|p2|Dragonite, F|
|poke|p2|Great Tusk|
|poke|p2|Deoxys-Speed|
|poke|p2|Gholdengo|
|poke|p2|Zamazenta-*|
|poke|p2|Iron Valiant|
|teampreview
|
|t:|1779580761
|teamsize|p1|6
|teamsize|p2|6
|start
|switch|p1a: Grimmsnarl|Grimmsnarl, M|100/100
|switch|p2a: Deoxys|Deoxys-Speed|100/100
|-ability|p2a: Deoxys|Pressure
|turn|1
|
|t:|1779580779
|move|p1a: Grimmsnarl|Reflect|p1a: Grimmsnarl
|-sidestart|p1: gloriousplays|Reflect
|move|p2a: Deoxys|Skill Swap|p1a: Grimmsnarl
|-activate|p2a: Deoxys|Skill Swap|Prankster|Pressure|[of] p1a: Grimmsnarl
|-ability|p1a: Grimmsnarl|Pressure
|
|upkeep
|turn|2
|
|t:|1779580790
|move|p2a: Deoxys|Spikes|p1a: Grimmsnarl
|-sidestart|p1: gloriousplays|Spikes
|move|p1a: Grimmsnarl|Light Screen|p1a: Grimmsnarl
|-sidestart|p1: gloriousplays|move: Light Screen
|
|upkeep
|turn|3
|
|t:|1779580795
|move|p2a: Deoxys|Stealth Rock|p1a: Grimmsnarl
|-sidestart|p1: gloriousplays|move: Stealth Rock
|move|p1a: Grimmsnarl|Spirit Break|p2a: Deoxys
|-damage|p2a: Deoxys|64/100
|-unboost|p2a: Deoxys|spa|1
|
|upkeep
|turn|4
|
|t:|1779580808
|switch|p2a: Iron Valiant|Iron Valiant|100/100
|-enditem|p2a: Iron Valiant|Booster Energy
|-activate|p2a: Iron Valiant|ability: Quark Drive|[fromitem]
|-start|p2a: Iron Valiant|quarkdrivespe
|move|p1a: Grimmsnarl|Spirit Break|p2a: Iron Valiant
|-supereffective|p2a: Iron Valiant
|-damage|p2a: Iron Valiant|29/100
|-unboost|p2a: Iron Valiant|spa|1
|
|upkeep
|turn|5
|
|t:|1779580819
|move|p2a: Iron Valiant|Moonblast|p1a: Grimmsnarl
|-supereffective|p1a: Grimmsnarl
|-damage|p1a: Grimmsnarl|78/100
|move|p1a: Grimmsnarl|Spirit Break|p2a: Iron Valiant
|-supereffective|p2a: Iron Valiant
|-damage|p2a: Iron Valiant|0 fnt
|faint|p2a: Iron Valiant
|-end|p2a: Iron Valiant|Quark Drive|[silent]
|
|upkeep
|
|t:|1779580844
|switch|p2a: Gholdengo|Gholdengo|100/100
|turn|6
|
|t:|1779580852
|switch|p1a: Dragonite|Dragonite, F|100/100
|-damage|p1a: Dragonite|76/100|[from] Stealth Rock
|move|p2a: Gholdengo|Nasty Plot|p2a: Gholdengo
|-boost|p2a: Gholdengo|spa|2
|
|upkeep
|turn|7
|
|t:|1779580872
|-terastallize|p2a: Gholdengo|Fairy
|move|p1a: Dragonite|Dragon Dance|p1a: Dragonite
|-boost|p1a: Dragonite|atk|1
|-boost|p1a: Dragonite|spe|1
|move|p2a: Gholdengo|Make It Rain|p1a: Dragonite
|-damage|p1a: Dragonite|16/100
|-unboost|p2a: Gholdengo|spa|1
|
|upkeep
|turn|8
|
|t:|1779580884
|-terastallize|p1a: Dragonite|Fire
|move|p1a: Dragonite|Roost|p1a: Dragonite
|-heal|p1a: Dragonite|66/100
|move|p2a: Gholdengo|Make It Rain|p1a: Dragonite
|-resisted|p1a: Dragonite
|-damage|p1a: Dragonite|44/100
|-unboost|p2a: Gholdengo|spa|1
|
|-sideend|p1: gloriousplays|Reflect
|upkeep
|turn|9
|
|t:|1779580894
|move|p1a: Dragonite|Fire Punch|p2a: Gholdengo
|-damage|p2a: Gholdengo|50/100
|move|p2a: Gholdengo|Shadow Ball|p1a: Dragonite
|-damage|p1a: Dragonite|22/100
|
|-sideend|p1: gloriousplays|move: Light Screen
|upkeep
|turn|10
|
|t:|1779580903
|move|p1a: Dragonite|Roost|p1a: Dragonite
|-heal|p1a: Dragonite|72/100
|move|p2a: Gholdengo|Shadow Ball|p1a: Dragonite
|-damage|p1a: Dragonite|30/100
|
|upkeep
|turn|11
|
|t:|1779580912
|move|p1a: Dragonite|Fire Punch|p2a: Gholdengo
|-damage|p2a: Gholdengo|0 fnt
|faint|p2a: Gholdengo
|
|upkeep
|
|t:|1779580924
|switch|p2a: Great Tusk|Great Tusk|100/100
|-enditem|p2a: Great Tusk|Booster Energy
|-activate|p2a: Great Tusk|ability: Protosynthesis|[fromitem]
|-start|p2a: Great Tusk|protosynthesisspe
|turn|12
|
|t:|1779580933
|move|p2a: Great Tusk|Headlong Rush|p1a: Dragonite
|-supereffective|p1a: Dragonite
|-damage|p1a: Dragonite|0 fnt
|-unboost|p2a: Great Tusk|def|1
|-unboost|p2a: Great Tusk|spd|1
|faint|p1a: Dragonite
|
|upkeep
|
|t:|1779580938
|switch|p1a: Grimmsnarl|Grimmsnarl, M|78/100
|-damage|p1a: Grimmsnarl|66/100|[from] Spikes
|-damage|p1a: Grimmsnarl|54/100|[from] Stealth Rock
|turn|13
|
|t:|1779580946
|move|p1a: Grimmsnarl|Reflect|p1a: Grimmsnarl
|-sidestart|p1: gloriousplays|Reflect
|move|p2a: Great Tusk|Headlong Rush|p1a: Grimmsnarl
|-crit|p1a: Grimmsnarl
|-damage|p1a: Grimmsnarl|0 fnt
|-unboost|p2a: Great Tusk|def|1
|-unboost|p2a: Great Tusk|spd|1
|faint|p1a: Grimmsnarl
|
|upkeep
|
|t:|1779580957
|switch|p1a: Mew|Mew|100/100
|-damage|p1a: Mew|88/100|[from] Spikes
|-damage|p1a: Mew|76/100|[from] Stealth Rock
|turn|14
|
|t:|1779580963
|move|p2a: Great Tusk|Headlong Rush|p1a: Mew
|-damage|p1a: Mew|56/100
|-unboost|p2a: Great Tusk|def|1
|-unboost|p2a: Great Tusk|spd|1
|move|p1a: Mew|Iron Defense|p1a: Mew
|-boost|p1a: Mew|def|2
|
|upkeep
|turn|15
|
|t:|1779580977
|move|p2a: Great Tusk|Headlong Rush|p1a: Mew
|-damage|p1a: Mew|46/100
|-unboost|p2a: Great Tusk|def|1
|-unboost|p2a: Great Tusk|spd|1
|move|p1a: Mew|Draining Kiss|p2a: Great Tusk
|-supereffective|p2a: Great Tusk
|-damage|p2a: Great Tusk|0 fnt
|-heal|p1a: Mew|100/100|[from] drain|[of] p2a: Great Tusk
|faint|p2a: Great Tusk
|-end|p2a: Great Tusk|Protosynthesis|[silent]
|
|upkeep
|
|t:|1779580997
|switch|p2a: Deoxys|Deoxys-Speed|64/100
|-ability|p2a: Deoxys|Pressure
|turn|16
|
|t:|1779581007
|move|p2a: Deoxys|Skill Swap|p1a: Mew
|-activate|p2a: Deoxys|Skill Swap|Synchronize|Pressure|[of] p1a: Mew
|-ability|p1a: Mew|Pressure
|move|p1a: Mew|Calm Mind|p1a: Mew
|-boost|p1a: Mew|spa|1
|-boost|p1a: Mew|spd|1
|
|upkeep
|turn|17
|
|t:|1779581022
|move|p2a: Deoxys|Taunt|p1a: Mew
|-start|p1a: Mew|move: Taunt
|move|p1a: Mew|Draining Kiss|p2a: Deoxys
|-damage|p2a: Deoxys|40/100
|
|upkeep
|turn|18
|
|t:|1779581030
|move|p2a: Deoxys|Stealth Rock||[still]
|-fail|p2a: Deoxys
|move|p1a: Mew|Draining Kiss|p2a: Deoxys
|-damage|p2a: Deoxys|13/100
|
|upkeep
|turn|19
|
|t:|1779581036
|move|p2a: Deoxys|Spikes|p1a: Mew
|-sidestart|p1: gloriousplays|Spikes
|move|p1a: Mew|Draining Kiss|p2a: Deoxys
|-damage|p2a: Deoxys|0 fnt
|faint|p2a: Deoxys
|
|-end|p1a: Mew|move: Taunt
|upkeep
|
|t:|1779581052
|switch|p2a: Zamazenta|Zamazenta|100/100
|-ability|p2a: Zamazenta|Dauntless Shield|boost
|-boost|p2a: Zamazenta|def|1
|turn|20
|
|t:|1779581059
|move|p2a: Zamazenta|Crunch|p1a: Mew
|-supereffective|p1a: Mew
|-damage|p1a: Mew|84/100
|-enditem|p1a: Mew|Weakness Policy
|-boost|p1a: Mew|atk|2|[from] item: Weakness Policy
|-boost|p1a: Mew|spa|2|[from] item: Weakness Policy
|-damage|p2a: Zamazenta|91/100|[from] item: Life Orb
|move|p1a: Mew|Stored Power|p2a: Zamazenta
|-supereffective|p2a: Zamazenta
|-damage|p2a: Zamazenta|0 fnt
|faint|p2a: Zamazenta
|
|-sideend|p1: gloriousplays|Reflect
|upkeep
|
|t:|1779581070
|switch|p2a: Dragonite|Dragonite, F|100/100
|turn|21
|
|t:|1779581074
|move|p2a: Dragonite|Dragon Dance|p2a: Dragonite
|-boost|p2a: Dragonite|atk|1
|-boost|p2a: Dragonite|spe|1
|move|p1a: Mew|Draining Kiss|p2a: Dragonite
|-supereffective|p2a: Dragonite
|-damage|p2a: Dragonite|61/100
|-heal|p1a: Mew|100/100|[from] drain|[of] p2a: Dragonite
|
|upkeep
|turn|22
|
|t:|1779581083
|move|p2a: Dragonite|Dragon Dance|p2a: Dragonite
|-boost|p2a: Dragonite|atk|1
|-boost|p2a: Dragonite|spe|1
|move|p1a: Mew|Stored Power|p2a: Dragonite
|-damage|p2a: Dragonite|0 fnt
|faint|p2a: Dragonite
|
|win|gloriousplays
