|j|☆ZeemeerminGeertJan
|j|☆habixia
|t:|1779704589
|gametype|singles
|player|p1|ZeemeerminGeertJan|1|1471
|player|p2|habixia|265|1510
|gen|9
|tier|[Gen 9] OU
|rated|
|rule|HP Percentage Mod: HP is shown in percentages
|rule|Endless Battle Clause: Forcing endless battles is banned
|rule|Species Clause: Limit one of each Pokémon
|rule|OHKO Clause: OHKO moves are banned
|rule|Evasion Items Clause: Evasion items are banned
|rule|Evasion Moves Clause: Evasion moves are banned
|rule|Evasion Abilities Clause: Evasion abilities are banned
|rule|Sleep Moves Clause: Sleep-inducing moves are banned
|clearpoke
|poke|p1|Cramorant, F|
|poke|p1|Gallade, M|
|poke|p1|Kingambit, M|
|poke|p1|Iron Moth|
|poke|p1|Enamorus, F|
|poke|p1|Ogerpon-Cornerstone, F|
|poke|p2|Pelipper, M|
|poke|p2|Ogerpon-Wellspring, F|
|poke|p2|Barraskewda, F|
|poke|p2|Revavroom, M|
|poke|p2|Iron Treads|
|poke|p2|Zapdos|
|teampreview
|l|☆habixia
|player|p2|
|inactive|Battle timer is ON: inactive players will automatically lose when time's up. (requested by ZeemeerminGeertJan)
|j|☆habixia
|inactive|habixia reconnected and has 135 seconds left.
|player|p2|habixia|265|
|inactive|habixia has 120 seconds left.
|
|t:|1779704658
|teamsize|p1|6
|teamsize|p2|6
|start
|switch|p1a: Gallade|Gallade, M|100/100
|switch|p2a: Pelipper|Pelipper, M|100/100
|-weather|RainDance|[from] ability: Drizzle|[of] p2a: Pelipper
|turn|1
|
|t:|1779704674
|move|p1a: Gallade|Psycho Cut|p2a: Pelipper
|-damage|p2a: Pelipper|58/100
|move|p2a: Pelipper|Hurricane|p1a: Gallade
|-supereffective|p1a: Gallade
|-damage|p1a: Gallade|15/100
|-start|p1a: Gallade|confusion
|
|-weather|RainDance|[upkeep]
|upkeep
|turn|2
|
|t:|1779704682
|-activate|p1a: Gallade|confusion
|move|p1a: Gallade|Psycho Cut|p2a: Pelipper
|-crit|p2a: Pelipper
|-damage|p2a: Pelipper|0 fnt
|faint|p2a: Pelipper
|
|-weather|RainDance|[upkeep]
|upkeep
|
|t:|1779704693
|switch|p2a: Barraskewda|Barraskewda, F|100/100
|turn|3
|
|t:|1779704700
|-activate|p1a: Gallade|confusion
|move|p1a: Gallade|Shadow Sneak|p2a: Barraskewda
|-damage|p2a: Barraskewda|73/100
|move|p2a: Barraskewda|Liquidation|p1a: Gallade
|-damage|p1a: Gallade|0 fnt
|faint|p1a: Gallade
|
|-weather|RainDance|[upkeep]
|upkeep
|
|t:|1779704713
|switch|p1a: Cramorant|Cramorant, F, shiny|100/100
|turn|4
|
|t:|1779704718
|move|p2a: Barraskewda|Flip Turn|p1a: Cramorant
|-resisted|p1a: Cramorant
|-damage|p1a: Cramorant|45/100
|
|t:|1779704724
|switch|p2a: Zapdos|Zapdos|100/100|[from] Flip Turn
|move|p1a: Cramorant|Surf|p2a: Zapdos
|-formechange|p1a: Cramorant|Cramorant-Gorging|
|-crit|p2a: Zapdos
|-damage|p2a: Zapdos|0 fnt
|faint|p2a: Zapdos
|
|-weather|RainDance|[upkeep]
|upkeep
|
|t:|1779704730
|switch|p2a: Ogerpon|Ogerpon-Wellspring, F|100/100
|turn|5
|
|t:|1779704735
|move|p2a: Ogerpon|Power Whip|p1a: Cramorant
|-damage|p1a: Cramorant|0 fnt
|-damage|p2a: Ogerpon|76/100|[from] ability: Gulp Missile|[of] p1a: Cramorant
|-status|p2a: Ogerpon|par
|-formechange|p1a: Cramorant|Cramorant|
|faint|p1a: Cramorant
|
|-weather|RainDance|[upkeep]
|upkeep
|
|t:|1779704745
|switch|p1a: Ogerpon|Ogerpon-Cornerstone, F|100/100
|turn|6
|
|t:|1779704750
|move|p1a: Ogerpon|Swords Dance|p1a: Ogerpon
|-boost|p1a: Ogerpon|atk|2
|move|p2a: Ogerpon|Ivy Cudgel|p1a: Ogerpon|[anim] Ivy Cudgel Water
|-ability|p1a: Ogerpon|Sturdy
|-damage|p1a: Ogerpon|1/100
|
|-weather|RainDance|[upkeep]
|upkeep
|turn|7
|
|t:|1779704755
|move|p1a: Ogerpon|Power Whip|p2a: Ogerpon
|-damage|p2a: Ogerpon|0 fnt
|faint|p2a: Ogerpon
|
|-weather|RainDance|[upkeep]
|upkeep
|
|t:|1779704758
|switch|p2a: Barraskewda|Barraskewda, F|73/100
|turn|8
|
|t:|1779704762
|move|p2a: Barraskewda|Liquidation|p1a: Ogerpon
|-damage|p1a: Ogerpon|0 fnt
|faint|p1a: Ogerpon
|
|-weather|none
|upkeep
|
|t:|1779704770
|switch|p1a: Iron Moth|Iron Moth|100/100
|-enditem|p1a: Iron Moth|Booster Energy
|-activate|p1a: Iron Moth|ability: Quark Drive|[fromitem]
|-start|p1a: Iron Moth|quarkdrivespe
|turn|9
|
|t:|1779704778
|move|p1a: Iron Moth|Energy Ball|p2a: Barraskewda
|-supereffective|p2a: Barraskewda
|-damage|p2a: Barraskewda|0 fnt
|faint|p2a: Barraskewda
|
|upkeep
|
|t:|1779704783
|switch|p2a: Revavroom|Revavroom, M|100/100
|-item|p2a: Revavroom|Air Balloon
|turn|10
|
|t:|1779704785
|-terastallize|p2a: Revavroom|Flying
|move|p1a: Iron Moth|Fiery Dance|p2a: Revavroom
|-damage|p2a: Revavroom|34/100
|-enditem|p2a: Revavroom|Air Balloon
|move|p2a: Revavroom|Shift Gear|p2a: Revavroom
|-boost|p2a: Revavroom|spe|2
|-boost|p2a: Revavroom|atk|1
|
|upkeep
|turn|11
|
|t:|1779704791
|move|p2a: Revavroom|High Horsepower|p1a: Iron Moth
|-supereffective|p1a: Iron Moth
|-damage|p1a: Iron Moth|0 fnt
|faint|p1a: Iron Moth
|-end|p1a: Iron Moth|Quark Drive|[silent]
|
|upkeep
|
|t:|1779704798
|switch|p1a: Enamorus|Enamorus, F|100/100
|turn|12
|
|t:|1779704801
|move|p2a: Revavroom|Iron Head|p1a: Enamorus
|-supereffective|p1a: Enamorus
|-enditem|p1a: Enamorus|Focus Sash
|-damage|p1a: Enamorus|1/100
|cant|p1a: Enamorus|flinch
|
|upkeep
|turn|13
|
|t:|1779704808
|move|p2a: Revavroom|Iron Head|p1a: Enamorus
|-supereffective|p1a: Enamorus
|-damage|p1a: Enamorus|0 fnt
|faint|p1a: Enamorus
|
|upkeep
|
|t:|1779704811
|switch|p1a: Kingambit|Kingambit, M|100/100
|-activate|p1a: Kingambit|ability: Supreme Overlord
|-start|p1a: Kingambit|fallen5|[silent]
|turn|14
|
|t:|1779704814
|switch|p2a: Iron Treads|Iron Treads|100/100
|move|p1a: Kingambit|Swords Dance|p1a: Kingambit
|-boost|p1a: Kingambit|atk|2
|
|upkeep
|turn|15
|
|t:|1779704819
|-terastallize|p1a: Kingambit|Ghost
|move|p2a: Iron Treads|Earthquake|p1a: Kingambit
|-damage|p1a: Kingambit|63/100
|move|p1a: Kingambit|Low Kick|p2a: Iron Treads
|-supereffective|p2a: Iron Treads
|-damage|p2a: Iron Treads|0 fnt
|faint|p2a: Iron Treads
|-end|p2a: Iron Treads|Quark Drive|[silent]
|-damage|p1a: Kingambit|53/100|[from] item: Life Orb
|
|upkeep
|-message|habixia forfeited.
|
|win|ZeemeerminGeertJan
|raw|ZeemeerminGeertJan's rating: 1471 &rarr; <strong>1493</strong><br />(+22 for winning)
|raw|habixia's rating: 1510 &rarr; <strong>1488</strong><br />(-22 for losing)
|l|☆habixia
|player|p2|
|l|☆ZeemeerminGeertJan
|player|p1|
