|j|☆healboy009
|j|☆Liiiy
|t:|1779566651
|gametype|singles
|player|p1|healboy009|lucas|1407
|player|p2|Liiiy|265|1481
|gen|9
|tier|[Gen 9] OU
|rated|
|rule|HP Percentage Mod: HP is shown in percentages
|rule|Endless Battle Clause: Forcing endless battles is banned
|rule|Species Clause: Limit one of each Pokémon
|rule|OHKO Clause: OHKO moves are banned
|rule|Evasion Items Clause: Evasion items are banned
|rule|Evasion Moves Clause: Evasion moves are banned
|rule|Evasion Abilities Clause: Evasion abilities are banned
|rule|Sleep Moves Clause: Sleep-inducing moves are banned
|clearpoke
|poke|p1|Rhydon, F|
|poke|p1|Shaymin|
|poke|p1|Alomomola, M|
|poke|p1|Ceruledge, M|
|poke|p1|Weezing-Galar, M|
|poke|p1|Electrode-Hisui|
|poke|p2|Politoed, F|
|poke|p2|Poliwrath, F|
|poke|p2|Iron Crown|
|poke|p2|Regieleki|
|poke|p2|Ogerpon-Wellspring, F|
|poke|p2|Tornadus-Therian, M|
|teampreview
|inactive|Battle timer is ON: inactive players will automatically lose when time's up. (requested by Liiiy)
|
|t:|1779566670
|teamsize|p1|6
|teamsize|p2|6
|start
|switch|p1a: Electrode|Electrode-Hisui|100/100
|switch|p2a: Agnes Tachyon|Iron Crown|100/100
|turn|1
|
|t:|1779566684
|move|p1a: Electrode|Thunder|p2a: Agnes Tachyon|[miss]
|-miss|p1a: Electrode|p2a: Agnes Tachyon
|move|p2a: Agnes Tachyon|Tachyon Cutter|p1a: Electrode
|-resisted|p1a: Electrode
|-damage|p1a: Electrode|72/100
|-resisted|p1a: Electrode
|-damage|p1a: Electrode|41/100
|-hitcount|p1a: Electrode|2
|
|upkeep
|turn|2
|
|t:|1779566689
|move|p1a: Electrode|Thunder|p2a: Agnes Tachyon
|-damage|p2a: Agnes Tachyon|39/100
|move|p2a: Agnes Tachyon|Tachyon Cutter|p1a: Electrode
|-resisted|p1a: Electrode
|-damage|p1a: Electrode|14/100
|-resisted|p1a: Electrode
|-crit|p1a: Electrode
|-damage|p1a: Electrode|0 fnt
|faint|p1a: Electrode
|-hitcount|p1: Electrode|2
|
|upkeep
|
|t:|1779566701
|switch|p1a: Ceruledge|Ceruledge, M|100/100
|turn|3
|
|t:|1779566711
|-end|p2a: Agnes Tachyon|Quark Drive|[silent]
|switch|p2a: Meisho Dotoed|Politoed, F|100/100
|-weather|RainDance|[from] ability: Drizzle|[of] p2a: Meisho Dotoed
|move|p1a: Ceruledge|Bulk Up|p1a: Ceruledge
|-boost|p1a: Ceruledge|atk|1
|-boost|p1a: Ceruledge|def|1
|
|-weather|RainDance|[upkeep]
|upkeep
|turn|4
|
|t:|1779566732
|switch|p2a: Fuji Kileki|Regieleki|100/100
|switch|p1a: Alomomola|Alomomola, M|100/100
|
|-weather|RainDance|[upkeep]
|upkeep
|turn|5
|
|t:|1779566737
|switch|p2a: Mejiro Doberpon|Ogerpon-Wellspring, F|100/100
|move|p1a: Alomomola|Mirror Coat||[still]
|-fail|p1a: Alomomola
|
|-weather|RainDance|[upkeep]
|upkeep
|turn|6
|
|t:|1779566746
|switch|p1a: Shaymin|Shaymin|100/100
|move|p2a: Mejiro Doberpon|Spikes|p1a: Shaymin
|-sidestart|p1: healboy009|Spikes
|
|-weather|RainDance|[upkeep]
|upkeep
|turn|7
|
|t:|1779566751
|switch|p2a: Torena|Tornadus-Therian, M|100/100
|move|p1a: Shaymin|Seed Flare|p2a: Torena|[miss]
|-miss|p1a: Shaymin|p2a: Torena
|
|-weather|RainDance|[upkeep]
|upkeep
|turn|8
|
|t:|1779566761
|move|p2a: Torena|U-turn|p1a: Shaymin
|-supereffective|p1a: Shaymin
|-damage|p1a: Shaymin|74/100
|
|t:|1779566763
|switch|p2a: Agnes Tachyon|Iron Crown|39/100|[from] U-turn
|move|p1a: Shaymin|Leech Seed|p2a: Agnes Tachyon
|-start|p2a: Agnes Tachyon|move: Leech Seed
|
|-weather|RainDance|[upkeep]
|-damage|p2a: Agnes Tachyon|27/100|[from] Leech Seed|[of] p1a: Shaymin
|-heal|p1a: Shaymin|84/100|[silent]
|upkeep
|turn|9
|
|t:|1779566777
|move|p2a: Agnes Tachyon|Psychic Noise|p1a: Shaymin
|-damage|p1a: Shaymin|48/100
|-start|p1a: Shaymin|move: Heal Block
|move|p1a: Shaymin|Seed Flare|p2a: Agnes Tachyon|[miss]
|-miss|p1a: Shaymin|p2a: Agnes Tachyon
|
|-weather|RainDance|[upkeep]
|-damage|p2a: Agnes Tachyon|15/100|[from] Leech Seed|[of] p1a: Shaymin
|upkeep
|turn|10
|
|t:|1779566787
|move|p2a: Agnes Tachyon|Psychic Noise|p1a: Shaymin
|-damage|p1a: Shaymin|17/100
|move|p1a: Shaymin|Seed Flare|p2a: Agnes Tachyon
|-resisted|p2a: Agnes Tachyon
|-damage|p2a: Agnes Tachyon|0 fnt
|faint|p2a: Agnes Tachyon
|-end|p2a: Agnes Tachyon|Quark Drive|[silent]
|
|-weather|none
|-end|p1a: Shaymin|move: Heal Block
|upkeep
|
|t:|1779566791
|switch|p2a: Torena|Tornadus-Therian, M|100/100
|turn|11
|
|t:|1779566795
|move|p2a: Torena|U-turn|p1a: Shaymin
|-supereffective|p1a: Shaymin
|-damage|p1a: Shaymin|0 fnt
|faint|p1a: Shaymin
|
|t:|1779566803
|switch|p2a: Meisho Dotoed|Politoed, F|100/100|[from] U-turn
|-weather|RainDance|[from] ability: Drizzle|[of] p2a: Meisho Dotoed
|
|-weather|RainDance|[upkeep]
|upkeep
|
|t:|1779566810
|switch|p1a: Alomomola|Alomomola, M|100/100
|-damage|p1a: Alomomola|88/100|[from] Spikes
|turn|12
|
|t:|1779566822
|switch|p2a: Mejiro Doberpon|Ogerpon-Wellspring, F|100/100
|move|p1a: Alomomola|Body Slam|p2a: Mejiro Doberpon
|-damage|p2a: Mejiro Doberpon|81/100
|-status|p2a: Mejiro Doberpon|par
|
|-weather|RainDance|[upkeep]
|upkeep
|turn|13
|
|t:|1779566831
|switch|p1a: Weezing|Weezing-Galar, M|100/100
|-ability|p1a: Weezing|Neutralizing Gas
|cant|p2a: Mejiro Doberpon|par
|
|-weather|RainDance|[upkeep]
|upkeep
|turn|14
|
|t:|1779566835
|move|p2a: Mejiro Doberpon|Ivy Cudgel|p1a: Weezing|[anim] Ivy Cudgel Water
|-damage|p1a: Weezing|40/100
|move|p1a: Weezing|Strange Steam|p2a: Mejiro Doberpon
|-damage|p2a: Mejiro Doberpon|50/100 par
|
|-weather|RainDance|[upkeep]
|upkeep
|turn|15
|
|t:|1779566847
|move|p2a: Mejiro Doberpon|Ivy Cudgel|p1a: Weezing|[anim] Ivy Cudgel Water
|-damage|p1a: Weezing|0 fnt
|faint|p1a: Weezing
|-end|p1a: Weezing|ability: Neutralizing Gas
|
|-weather|RainDance|[upkeep]
|upkeep
|
|t:|1779566866
|switch|p1a: Ceruledge|Ceruledge, M|100/100
|-damage|p1a: Ceruledge|88/100|[from] Spikes
|turn|16
|
|t:|1779566875
|-terastallize|p1a: Ceruledge|Fairy
|move|p1a: Ceruledge|Bulk Up|p1a: Ceruledge
|-boost|p1a: Ceruledge|atk|1
|-boost|p1a: Ceruledge|def|1
|move|p2a: Mejiro Doberpon|Ivy Cudgel|p1a: Ceruledge|[anim] Ivy Cudgel Water
|-damage|p1a: Ceruledge|38/100
|
|-weather|RainDance|[upkeep]
|-heal|p1a: Ceruledge|44/100|[from] item: Leftovers
|upkeep
|turn|17
|
|t:|1779566884
|move|p1a: Ceruledge|Bitter Blade|p2a: Mejiro Doberpon
|-damage|p2a: Mejiro Doberpon|12/100 par
|-heal|p1a: Ceruledge|60/100|[from] drain|[of] p2a: Mejiro Doberpon
|move|p2a: Mejiro Doberpon|Ivy Cudgel|p1a: Ceruledge|[anim] Ivy Cudgel Water
|-damage|p1a: Ceruledge|14/100
|
|-weather|RainDance|[upkeep]
|-heal|p1a: Ceruledge|21/100|[from] item: Leftovers
|upkeep
|turn|18
|
|t:|1779566891
|move|p1a: Ceruledge|Bitter Blade|p2a: Mejiro Doberpon
|-damage|p2a: Mejiro Doberpon|0 fnt
|-heal|p1a: Ceruledge|26/100|[from] drain|[of] p2a: Mejiro Doberpon
|faint|p2a: Mejiro Doberpon
|
|-weather|none
|-heal|p1a: Ceruledge|32/100|[from] item: Leftovers
|upkeep
|
|t:|1779566894
|switch|p2a: Fuji Kileki|Regieleki|100/100
|turn|19
|
|t:|1779566897
|switch|p1a: Rhydon|Rhydon, F|100/100
|-damage|p1a: Rhydon|88/100|[from] Spikes
|move|p2a: Fuji Kileki|Volt Switch|p1a: Rhydon
|-ability|p1a: Rhydon|Lightning Rod|boost
|-boost|p1a: Rhydon|spa|1
|
|upkeep
|turn|20
|
|t:|1779566906
|switch|p2a: Meisho Dotoed|Politoed, F|100/100
|-weather|RainDance|[from] ability: Drizzle|[of] p2a: Meisho Dotoed
|move|p1a: Rhydon|Stone Edge|p2a: Meisho Dotoed
|-damage|p2a: Meisho Dotoed|59/100
|
|-weather|RainDance|[upkeep]
|upkeep
|turn|21
|
|t:|1779566918
|switch|p1a: Alomomola|Alomomola, M|100/100
|-damage|p1a: Alomomola|88/100|[from] Spikes
|move|p2a: Meisho Dotoed|Encore||[still]
|-fail|p2a: Meisho Dotoed
|
|-weather|RainDance|[upkeep]
|upkeep
|turn|22
|
|t:|1779566933
|move|p2a: Meisho Dotoed|Encore||[still]
|-fail|p2a: Meisho Dotoed
|move|p1a: Alomomola|Scald|p2a: Meisho Dotoed
|-resisted|p2a: Meisho Dotoed
|-damage|p2a: Meisho Dotoed|49/100
|
|-weather|RainDance|[upkeep]
|upkeep
|turn|23
|
|t:|1779566940
|move|p2a: Meisho Dotoed|Encore|p1a: Alomomola
|-start|p1a: Alomomola|Encore
|move|p1a: Alomomola|Scald|p2a: Meisho Dotoed
|-resisted|p2a: Meisho Dotoed
|-damage|p2a: Meisho Dotoed|40/100
|
|-weather|RainDance|[upkeep]
|upkeep
|turn|24
|
|t:|1779566944
|switch|p2a: Fuji Kileki|Regieleki|100/100
|move|p1a: Alomomola|Scald|p2a: Fuji Kileki
|-damage|p2a: Fuji Kileki|62/100
|
|-weather|RainDance|[upkeep]
|upkeep
|turn|25
|
|t:|1779566947
|switch|p2a: Mejiro Wrathmonu|Poliwrath, F|100/100
|move|p1a: Alomomola|Scald|p2a: Mejiro Wrathmonu
|-resisted|p2a: Mejiro Wrathmonu
|-damage|p2a: Mejiro Wrathmonu|88/100
|-status|p2a: Mejiro Wrathmonu|brn
|
|-weather|RainDance|[upkeep]
|-heal|p2a: Mejiro Wrathmonu|95/100 brn|[from] item: Leftovers
|-damage|p2a: Mejiro Wrathmonu|88/100 brn|[from] brn
|-end|p1a: Alomomola|Encore
|upkeep
|turn|26
|
|t:|1779566958
|switch|p1a: Rhydon|Rhydon, F|88/100
|-damage|p1a: Rhydon|76/100|[from] Spikes
|move|p2a: Mejiro Wrathmonu|Belly Drum|p2a: Mejiro Wrathmonu
|-damage|p2a: Mejiro Wrathmonu|39/100 brn
|-setboost|p2a: Mejiro Wrathmonu|atk|6|[from] move: Belly Drum
|
|-weather|RainDance|[upkeep]
|-heal|p2a: Mejiro Wrathmonu|45/100 brn|[from] item: Leftovers
|-damage|p2a: Mejiro Wrathmonu|39/100 brn|[from] brn
|upkeep
|turn|27
|inactive|healboy009 has 120 seconds left.
|
|t:|1779566991
|switch|p1a: Alomomola|Alomomola, M|100/100
|-damage|p1a: Alomomola|88/100|[from] Spikes
|move|p2a: Mejiro Wrathmonu|Liquidation|p1a: Alomomola
|-resisted|p1a: Alomomola
|-damage|p1a: Alomomola|46/100
|-unboost|p1a: Alomomola|def|1
|
|-weather|none
|-heal|p2a: Mejiro Wrathmonu|45/100 brn|[from] item: Leftovers
|-damage|p2a: Mejiro Wrathmonu|39/100 brn|[from] brn
|upkeep
|turn|28
|inactive|healboy009 has 120 seconds left.
|
|t:|1779567005
|move|p1a: Alomomola|Aqua Jet|p2a: Mejiro Wrathmonu
|-resisted|p2a: Mejiro Wrathmonu
|-damage|p2a: Mejiro Wrathmonu|33/100 brn
|move|p2a: Mejiro Wrathmonu|Drain Punch|p1a: Alomomola
|-damage|p1a: Alomomola|0 fnt
|-heal|p2a: Mejiro Wrathmonu|71/100 brn|[from] drain|[of] p1a: Alomomola
|faint|p1a: Alomomola
|
|-heal|p2a: Mejiro Wrathmonu|77/100 brn|[from] item: Leftovers
|-damage|p2a: Mejiro Wrathmonu|71/100 brn|[from] brn
|upkeep
|inactive|healboy009 has 120 seconds left.
|
|t:|1779567011
|switch|p1a: Ceruledge|Ceruledge, M, tera:Fairy|32/100
|-damage|p1a: Ceruledge|19/100|[from] Spikes
|turn|29
|
|t:|1779567022
|move|p2a: Mejiro Wrathmonu|Liquidation|p1a: Ceruledge
|-damage|p1a: Ceruledge|0 fnt
|faint|p1a: Ceruledge
|
|-heal|p2a: Mejiro Wrathmonu|77/100 brn|[from] item: Leftovers
|-damage|p2a: Mejiro Wrathmonu|71/100 brn|[from] brn
|upkeep
|-message|healboy009 forfeited.
|
|win|Liiiy
|raw|healboy009's rating: 1407 &rarr; <strong>1391</strong><br />(-16 for losing)
|raw|Liiiy's rating: 1481 &rarr; <strong>1497</strong><br />(+16 for winning)
|l|☆healboy009
|player|p1|
|l|☆Liiiy
|player|p2|
