|j|☆Slyki
|j|☆harshcrafter
|t:|1779690676
|gametype|singles
|player|p1|Slyki|sightseerf|1127
|player|p2|harshcrafter|unknown|1121
|gen|9
|tier|[Gen 9] OU
|rated|
|rule|HP Percentage Mod: HP is shown in percentages
|rule|Endless Battle Clause: Forcing endless battles is banned
|rule|Species Clause: Limit one of each Pokémon
|rule|OHKO Clause: OHKO moves are banned
|rule|Evasion Items Clause: Evasion items are banned
|rule|Evasion Moves Clause: Evasion moves are banned
|rule|Evasion Abilities Clause: Evasion abilities are banned
|rule|Sleep Moves Clause: Sleep-inducing moves are banned
|clearpoke
|poke|p1|Goodra-Hisui, M|
|poke|p1|Dragapult, F|
|poke|p1|Mew|
|poke|p1|Tsareena, F|
|poke|p1|Corviknight, F|
|poke|p1|Flygon, M|
|poke|p2|Samurott-Hisui, F|
|poke|p2|Corviknight, F|
|poke|p2|Clefable, M|
|poke|p2|Great Tusk|
|poke|p2|Alomomola, M|
|poke|p2|Kingambit, F|
|teampreview
|inactive|Battle timer is ON: inactive players will automatically lose when time's up. (requested by harshcrafter)
|inactive|Slyki has 120 seconds left.
|
|t:|1779690711
|teamsize|p1|6
|teamsize|p2|6
|start
|switch|p1a: Petite|Mew|100/100
|switch|p2a: Samurott|Samurott-Hisui, F|100/100
|turn|1
|
|t:|1779690737
|move|p2a: Samurott|Ceaseless Edge|p1a: Petite
|-supereffective|p1a: Petite
|-damage|p1a: Petite|2/100
|-sidestart|p1: Slyki|Spikes
|move|p1a: Petite|Toxic|p2a: Samurott
|-status|p2a: Samurott|tox
|
|-damage|p2a: Samurott|94/100 tox|[from] psn
|upkeep
|turn|2
|
|t:|1779690745
|move|p2a: Samurott|Ceaseless Edge|p1a: Petite
|-supereffective|p1a: Petite
|-damage|p1a: Petite|0 fnt
|-sidestart|p1: Slyki|Spikes
|faint|p1a: Petite
|
|-damage|p2a: Samurott|82/100 tox|[from] psn
|upkeep
|
|t:|1779690747
|switch|p1a: Raiden|Tsareena, F, shiny|100/100
|turn|3
|
|t:|1779690759
|switch|p2a: Corviknight|Corviknight, F|100/100
|move|p1a: Raiden|Rapid Spin|p2a: Corviknight
|-resisted|p2a: Corviknight
|-damage|p2a: Corviknight|95/100
|-boost|p1a: Raiden|spe|1
|-damage|p1a: Raiden|84/100|[from] item: Rocky Helmet|[of] p2a: Corviknight
|-sideend|p1: Slyki|Spikes|[from] move: Rapid Spin|[of] p1a: Raiden
|
|upkeep
|turn|4
|
|t:|1779690765
|move|p1a: Raiden|Knock Off|p2a: Corviknight
|-damage|p2a: Corviknight|77/100
|-damage|p1a: Raiden|67/100|[from] item: Rocky Helmet|[of] p2a: Corviknight
|-enditem|p2a: Corviknight|Rocky Helmet|[from] move: Knock Off|[of] p1a: Raiden
|move|p2a: Corviknight|Brave Bird|p1a: Raiden
|-supereffective|p1a: Raiden
|-damage|p1a: Raiden|3/100
|-damage|p2a: Corviknight|59/100|[from] Recoil
|
|upkeep
|turn|5
|
|t:|1779690782
|move|p1a: Raiden|U-turn|p2a: Corviknight
|-resisted|p2a: Corviknight
|-damage|p2a: Corviknight|56/100
|
|t:|1779690798
|switch|p1a: Flore|Dragapult, F|100/100|[from] U-turn
|move|p2a: Corviknight|U-turn|p1a: Flore
|-resisted|p1a: Flore
|-damage|p1a: Flore|90/100
|
|t:|1779690809
|switch|p2a: Samurott|Samurott-Hisui, F|82/100 tox|[from] U-turn
|
|-damage|p2a: Samurott|76/100 tox|[from] psn
|upkeep
|turn|6
|
|t:|1779690821
|move|p1a: Flore|U-turn|p2a: Samurott
|-supereffective|p2a: Samurott
|-damage|p2a: Samurott|20/100 tox
|
|t:|1779690827
|switch|p1a: In Memoriam|Flygon, M|100/100|[from] U-turn
|move|p2a: Samurott|Ceaseless Edge|p1a: In Memoriam
|-damage|p1a: In Memoriam|42/100
|-sidestart|p1: Slyki|Spikes
|
|-damage|p2a: Samurott|7/100 tox|[from] psn
|upkeep
|turn|7
|
|t:|1779690838
|move|p1a: In Memoriam|U-turn|p2a: Samurott
|-supereffective|p2a: Samurott
|-damage|p2a: Samurott|0 fnt
|faint|p2a: Samurott
|
|t:|1779690851
|switch|p1a: Chud|Corviknight, F|100/100|[from] U-turn
|-ability|p1a: Chud|Pressure
|
|upkeep
|
|t:|1779690867
|switch|p2a: Clefable|Clefable, M|100/100
|turn|8
|
|t:|1779690882
|move|p1a: Chud|Brave Bird|p2a: Clefable
|-damage|p2a: Clefable|56/100
|-damage|p1a: Chud|86/100|[from] Recoil
|move|p2a: Clefable|Charge Beam|p1a: Chud
|-supereffective|p1a: Chud
|-damage|p1a: Chud|63/100
|-boost|p2a: Clefable|spa|1
|
|upkeep
|turn|9
|
|t:|1779690899
|move|p1a: Chud|Brave Bird|p2a: Clefable
|-damage|p2a: Clefable|17/100
|-damage|p1a: Chud|51/100|[from] Recoil
|move|p2a: Clefable|Fire Blast|p1a: Chud
|-supereffective|p1a: Chud
|-damage|p1a: Chud|0 fnt
|faint|p1a: Chud
|
|upkeep
|
|t:|1779690907
|switch|p1a: Flore|Dragapult, F|90/100
|-damage|p1a: Flore|77/100|[from] Spikes
|turn|10
|
|t:|1779690916
|switch|p2a: Alomomola|Alomomola, M|100/100
|move|p1a: Flore|Dragon Dance|p1a: Flore
|-boost|p1a: Flore|atk|1
|-boost|p1a: Flore|spe|1
|
|upkeep
|turn|11
|
|t:|1779690927
|move|p1a: Flore|Phantom Force||[still]
|-prepare|p1a: Flore|Phantom Force
|move|p2a: Alomomola|Wish|p2a: Alomomola
|
|upkeep
|turn|12
|
|t:|1779690936
|move|p1a: Flore|Phantom Force|p2a: Alomomola|[from] lockedmove
|-damage|p2a: Alomomola|64/100
|move|p2a: Alomomola|Flip Turn|p1a: Flore
|-resisted|p1a: Flore
|-damage|p1a: Flore|66/100
|
|t:|1779690941
|switch|p2a: Clefable|Clefable, M|17/100|[from] Flip Turn
|
|-heal|p2a: Clefable|85/100|[from] move: Wish|[wisher] Alomomola
|upkeep
|turn|13
|
|t:|1779690958
|switch|p2a: Alomomola|Alomomola, M|97/100
|move|p1a: Flore|Phantom Force||[still]
|-prepare|p1a: Flore|Phantom Force
|
|-heal|p2a: Alomomola|100/100|[from] item: Leftovers
|upkeep
|turn|14
|
|t:|1779690971
|move|p2a: Alomomola|Protect|p2a: Alomomola
|-singleturn|p2a: Alomomola|Protect
|move|p1a: Flore|Phantom Force|p2a: Alomomola|[from] lockedmove
|-activate|p2a: Alomomola|move: Phantom Force|[broken]
|-damage|p2a: Alomomola|66/100
|
|-heal|p2a: Alomomola|72/100|[from] item: Leftovers
|upkeep
|turn|15
|
|t:|1779690980
|move|p1a: Flore|Dragon Dance|p1a: Flore
|-boost|p1a: Flore|atk|1
|-boost|p1a: Flore|spe|1
|move|p2a: Alomomola|Wish|p2a: Alomomola
|
|-heal|p2a: Alomomola|78/100|[from] item: Leftovers
|upkeep
|turn|16
|
|t:|1779690989
|move|p1a: Flore|Dragon Darts|p2a: Alomomola
|-damage|p2a: Alomomola|50/100
|-anim|p1a: Flore|Dragon Darts|p2a: Alomomola
|-damage|p2a: Alomomola|25/100
|move|p2a: Alomomola|Flip Turn|p1a: Flore
|-resisted|p1a: Flore
|-damage|p1a: Flore|56/100
|
|t:|1779691009
|switch|p2a: Corviknight|Corviknight, F|56/100|[from] Flip Turn
|
|-heal|p2a: Corviknight|100/100|[from] move: Wish|[wisher] Alomomola
|upkeep
|turn|17
|
|t:|1779691020
|move|p1a: Flore|Phantom Force||[still]
|-prepare|p1a: Flore|Phantom Force
|move|p2a: Corviknight|Brave Bird|p1a: Flore|[miss]
|-miss|p2a: Corviknight|p1a: Flore
|
|upkeep
|turn|18
|
|t:|1779691024
|move|p1a: Flore|Phantom Force|p2a: Corviknight|[from] lockedmove
|-damage|p2a: Corviknight|52/100
|move|p2a: Corviknight|Brave Bird|p1a: Flore
|-damage|p1a: Flore|3/100
|-damage|p2a: Corviknight|38/100|[from] Recoil
|
|upkeep
|turn|19
|
|t:|1779691032
|move|p1a: Flore|Phantom Force||[still]
|-prepare|p1a: Flore|Phantom Force
|move|p2a: Corviknight|Roost|p2a: Corviknight
|-heal|p2a: Corviknight|88/100
|-singleturn|p2a: Corviknight|move: Roost
|
|upkeep
|turn|20
|
|t:|1779691036
|move|p1a: Flore|Phantom Force|p2a: Corviknight|[from] lockedmove
|-damage|p2a: Corviknight|39/100
|move|p2a: Corviknight|Brave Bird|p1a: Flore
|-damage|p1a: Flore|0 fnt
|faint|p1a: Flore
|-damage|p2a: Corviknight|38/100|[from] Recoil
|
|upkeep
|
|t:|1779691040
|switch|p1a: In Memoriam|Flygon, M|42/100
|turn|21
|
|t:|1779691051
|move|p1a: In Memoriam|Dragon Dance|p1a: In Memoriam
|-boost|p1a: In Memoriam|atk|1
|-boost|p1a: In Memoriam|spe|1
|move|p2a: Corviknight|Roost|p2a: Corviknight
|-heal|p2a: Corviknight|88/100
|-singleturn|p2a: Corviknight|move: Roost
|
|upkeep
|turn|22
|-message|Slyki forfeited.
|
|win|harshcrafter
|raw|Slyki's rating: 1127 &rarr; <strong>1102</strong><br />(-25 for losing)
|raw|harshcrafter's rating: 1121 &rarr; <strong>1146</strong><br />(+25 for winning)
|l|☆Slyki
|player|p1|
|l|☆harshcrafter
|player|p2|
