|j|☆FrierenTheSlayer19
|j|☆TWENNY7
|t:|1779598731
|gametype|singles
|player|p1|FrierenTheSlayer19|102|1584
|player|p2|TWENNY7|hau-stance|1530
|gen|9
|tier|[Gen 9] OU
|rated|
|rule|HP Percentage Mod: HP is shown in percentages
|rule|Endless Battle Clause: Forcing endless battles is banned
|rule|Species Clause: Limit one of each Pokémon
|rule|OHKO Clause: OHKO moves are banned
|rule|Evasion Items Clause: Evasion items are banned
|rule|Evasion Moves Clause: Evasion moves are banned
|rule|Evasion Abilities Clause: Evasion abilities are banned
|rule|Sleep Moves Clause: Sleep-inducing moves are banned
|clearpoke
|poke|p1|Cinderace, F|
|poke|p1|Gholdengo|
|poke|p1|Landorus-Therian, M|
|poke|p1|Clefable, F|
|poke|p1|Toxapex, F|
|poke|p1|Mimikyu, M|
|poke|p2|Iron Valiant|
|poke|p2|Tyranitar, M|
|poke|p2|Zapdos|
|poke|p2|Darkrai|
|poke|p2|Okidogi, M|
|poke|p2|Ogerpon-Wellspring, F|
|teampreview
|
|t:|1779598737
|teamsize|p1|6
|teamsize|p2|6
|start
|switch|p1a: Clefable|Clefable, F|100/100
|switch|p2a: Zzz|Darkrai|100/100
|turn|1
|j| crust king kahn
|
|t:|1779598750
|move|p2a: Zzz|Trick|p1a: Clefable
|-activate|p2a: Zzz|move: Trick|[of] p1a: Clefable
|-item|p1a: Clefable|Choice Scarf|[from] move: Trick
|-item|p2a: Zzz|Life Orb|[from] move: Trick
|move|p1a: Clefable|Moonblast|p2a: Zzz
|-supereffective|p2a: Zzz
|-damage|p2a: Zzz|0 fnt
|faint|p2a: Zzz
|
|upkeep
|
|t:|1779598765
|switch|p2a: SHOXY|Zapdos|100/100
|turn|2
|inactive|Battle timer is ON: inactive players will automatically lose when time's up. (requested by TWENNY7)
|
|t:|1779598781
|move|p2a: SHOXY|Hurricane|p1a: Clefable
|-damage|p1a: Clefable|18/100
|move|p1a: Clefable|Moonblast|p2a: SHOXY
|-damage|p2a: SHOXY|49/100
|
|upkeep
|turn|3
|
|t:|1779598788
|switch|p2a: CODE:red|Tyranitar, M, shiny|100/100
|-weather|Sandstorm|[from] ability: Sand Stream|[of] p2a: CODE:red
|move|p1a: Clefable|Moonblast|p2a: CODE:red
|-supereffective|p2a: CODE:red
|-damage|p2a: CODE:red|66/100
|-enditem|p2a: CODE:red|Red Card|[of] p1a: Clefable
|drag|p1a: Cinderace|Cinderace, F|100/100
|
|-weather|Sandstorm|[upkeep]
|-damage|p1a: Cinderace|95/100|[from] Sandstorm
|upkeep
|turn|4
|
|t:|1779598800
|move|p1a: Cinderace|U-turn|p2a: CODE:red
|-start|p1a: Cinderace|typechange|Bug|[from] ability: Libero
|-supereffective|p2a: CODE:red
|-damage|p2a: CODE:red|12/100
|
|t:|1779598804
|switch|p1a: Clefable|Clefable, F|18/100|[from] U-turn
|move|p2a: CODE:red|Stealth Rock|p1a: Clefable
|-sidestart|p1: FrierenTheSlayer19|move: Stealth Rock
|
|-weather|Sandstorm|[upkeep]
|upkeep
|turn|5
|
|t:|1779598813
|move|p1a: Clefable|Moonblast|p2a: CODE:red
|-supereffective|p2a: CODE:red
|-damage|p2a: CODE:red|0 fnt
|faint|p2a: CODE:red
|
|-weather|Sandstorm|[upkeep]
|upkeep
|
|t:|1779598818
|switch|p2a: SHOXY|Zapdos|49/100
|turn|6
|
|t:|1779598822
|move|p2a: SHOXY|Volt Switch|p1a: Clefable
|-damage|p1a: Clefable|0 fnt
|faint|p1a: Clefable
|
|t:|1779598826
|switch|p2a: PON D. RIVER|Ogerpon-Wellspring, F|100/100|[from] Volt Switch
|
|-weather|Sandstorm|[upkeep]
|-damage|p2a: PON D. RIVER|95/100|[from] Sandstorm
|upkeep
|
|t:|1779598832
|switch|p1a: Cinderace|Cinderace, F|95/100
|turn|7
|
|t:|1779598839
|switch|p2a: SHOXY|Zapdos|49/100
|move|p1a: Cinderace|U-turn|p2a: SHOXY
|-start|p1a: Cinderace|typechange|Bug|[from] ability: Libero
|-resisted|p2a: SHOXY
|-damage|p2a: SHOXY|29/100
|
|t:|1779598850
|switch|p1a: Gholdengo|Gholdengo|100/100|[from] U-turn
|-damage|p1a: Gholdengo|94/100|[from] Stealth Rock
|
|-weather|none
|upkeep
|turn|8
|
|t:|1779598859
|move|p1a: Gholdengo|Shadow Ball|p2a: SHOXY
|-damage|p2a: SHOXY|0 fnt
|faint|p2a: SHOXY
|
|upkeep
|
|t:|1779598863
|switch|p2a: CASPER|Okidogi, M|100/100
|turn|9
|
|t:|1779598873
|move|p1a: Gholdengo|Shadow Ball|p2a: CASPER
|-damage|p2a: CASPER|69/100
|-unboost|p2a: CASPER|spd|1
|move|p2a: CASPER|Bulk Up|p2a: CASPER
|-boost|p2a: CASPER|atk|1
|-boost|p2a: CASPER|def|1
|
|-heal|p2a: CASPER|75/100|[from] item: Leftovers
|upkeep
|turn|10
|
|t:|1779598884
|move|p1a: Gholdengo|Shadow Ball|p2a: CASPER
|-damage|p2a: CASPER|28/100
|move|p2a: CASPER|Knock Off|p1a: Gholdengo
|-supereffective|p1a: Gholdengo
|-damage|p1a: Gholdengo|7/100
|-enditem|p1a: Gholdengo|Choice Scarf|[from] move: Knock Off|[of] p2a: CASPER
|
|-heal|p2a: CASPER|34/100|[from] item: Leftovers
|upkeep
|turn|11
|
|t:|1779598893
|switch|p2a: PON D. RIVER|Ogerpon-Wellspring, F|95/100
|move|p1a: Gholdengo|Make It Rain|p2a: PON D. RIVER
|-resisted|p2a: PON D. RIVER
|-damage|p2a: PON D. RIVER|59/100
|-unboost|p1a: Gholdengo|spa|1
|
|upkeep
|turn|12
|
|t:|1779598901
|move|p2a: PON D. RIVER|Trailblaze|p1a: Gholdengo
|-resisted|p1a: Gholdengo
|-damage|p1a: Gholdengo|0 fnt
|-boost|p2a: PON D. RIVER|spe|1
|faint|p1a: Gholdengo
|
|upkeep
|
|t:|1779598908
|switch|p1a: Mimikyu|Mimikyu, M|100/100
|-damage|p1a: Mimikyu|88/100|[from] Stealth Rock
|turn|13
|
|t:|1779598914
|-terastallize|p1a: Mimikyu|Ghost
|move|p2a: PON D. RIVER|Ivy Cudgel|p1a: Mimikyu|[anim] Ivy Cudgel Water
|-activate|p1a: Mimikyu|ability: Disguise
|-damage|p1a: Mimikyu|88/100
|detailschange|p1a: Mimikyu|Mimikyu-Busted, M, tera:Ghost
|-damage|p1a: Mimikyu|76/100|[from] pokemon: Mimikyu-Busted
|move|p1a: Mimikyu|Shadow Claw|p2a: PON D. RIVER
|-damage|p2a: PON D. RIVER|0 fnt
|faint|p2a: PON D. RIVER
|-damage|p1a: Mimikyu|66/100|[from] item: Life Orb
|
|upkeep
|
|t:|1779598920
|switch|p2a: RUNE 2H|Iron Valiant|100/100
|-enditem|p2a: RUNE 2H|Booster Energy
|-activate|p2a: RUNE 2H|ability: Quark Drive|[fromitem]
|-start|p2a: RUNE 2H|quarkdrivespe
|turn|14
|
|t:|1779598932
|-terastallize|p2a: RUNE 2H|Fairy
|move|p1a: Mimikyu|Shadow Sneak|p2a: RUNE 2H
|-damage|p2a: RUNE 2H|66/100
|-damage|p1a: Mimikyu|56/100|[from] item: Life Orb
|move|p2a: RUNE 2H|Moonblast|p1a: Mimikyu
|-damage|p1a: Mimikyu|0 fnt
|faint|p1a: Mimikyu
|
|upkeep
|j| euphoricpoptarts
|
|t:|1779598945
|switch|p1a: Toxapex|Toxapex, F|100/100
|-damage|p1a: Toxapex|88/100|[from] Stealth Rock
|turn|15
|
|t:|1779598949
|move|p2a: RUNE 2H|Thunderbolt|p1a: Toxapex
|-supereffective|p1a: Toxapex
|-damage|p1a: Toxapex|50/100
|-status|p1a: Toxapex|par
|move|p1a: Toxapex|Toxic|p2a: RUNE 2H
|-status|p2a: RUNE 2H|tox
|
|-heal|p1a: Toxapex|57/100 par|[from] item: Leftovers
|-damage|p2a: RUNE 2H|59/100 tox|[from] psn
|upkeep
|turn|16
|
|t:|1779598959
|cant|p1a: Toxapex|par
|move|p2a: RUNE 2H|Thunderbolt|p1a: Toxapex
|-supereffective|p1a: Toxapex
|-damage|p1a: Toxapex|17/100 par
|
|-heal|p1a: Toxapex|24/100 par|[from] item: Leftovers
|-damage|p2a: RUNE 2H|47/100 tox|[from] psn
|upkeep
|turn|17
|
|t:|1779598969
|switch|p1a: Cinderace|Cinderace, F|95/100
|move|p2a: RUNE 2H|Moonblast|p1a: Cinderace
|-resisted|p1a: Cinderace
|-damage|p1a: Cinderace|52/100
|
|-damage|p2a: RUNE 2H|28/100 tox|[from] psn
|upkeep
|turn|18
|
|t:|1779598978
|move|p1a: Cinderace|Sucker Punch|p2a: RUNE 2H
|-start|p1a: Cinderace|typechange|Dark|[from] ability: Libero
|-resisted|p2a: RUNE 2H
|-damage|p2a: RUNE 2H|6/100 tox
|move|p2a: RUNE 2H|Close Combat|p1a: Cinderace
|-supereffective|p1a: Cinderace
|-damage|p1a: Cinderace|0 fnt
|-unboost|p2a: RUNE 2H|def|1
|-unboost|p2a: RUNE 2H|spd|1
|faint|p1a: Cinderace
|
|-damage|p2a: RUNE 2H|0 fnt|[from] psn
|faint|p2a: RUNE 2H
|-end|p2a: RUNE 2H|Quark Drive|[silent]
|upkeep
|
|t:|1779598992
|switch|p1a: Landorus|Landorus-Therian, M|100/100
|switch|p2a: CASPER|Okidogi, M|34/100
|-damage|p1a: Landorus|88/100|[from] Stealth Rock
|-ability|p1a: Landorus|Intimidate|boost
|-ability|p2a: CASPER|Guard Dog|boost
|-boost|p2a: CASPER|atk|1
|turn|19
|
|t:|1779599000
|move|p1a: Landorus|Earthquake|p2a: CASPER
|-supereffective|p2a: CASPER
|-damage|p2a: CASPER|0 fnt
|faint|p2a: CASPER
|
|win|FrierenTheSlayer19
|raw|FrierenTheSlayer19's rating: 1584 &rarr; <strong>1601</strong><br />(+17 for winning)
|raw|TWENNY7's rating: 1530 &rarr; <strong>1513</strong><br />(-17 for losing)
|l|☆TWENNY7
|player|p2|
|l| euphoricpoptarts
|l|☆FrierenTheSlayer19
|player|p1|
