|j|☆ikthoizzykil
|j|☆Twggy
|t:|1779691733
|gametype|singles
|player|p1|ikthoizzykil|pokemaniac-gen3rs|1364
|player|p2|Twggy|acetrainersnow|1340
|gen|9
|tier|[Gen 9] OU
|rated|
|rule|HP Percentage Mod: HP is shown in percentages
|rule|Endless Battle Clause: Forcing endless battles is banned
|rule|Species Clause: Limit one of each Pokémon
|rule|OHKO Clause: OHKO moves are banned
|rule|Evasion Items Clause: Evasion items are banned
|rule|Evasion Moves Clause: Evasion moves are banned
|rule|Evasion Abilities Clause: Evasion abilities are banned
|rule|Sleep Moves Clause: Sleep-inducing moves are banned
|clearpoke
|poke|p1|Braviary, M|
|poke|p1|Hatterene, F|
|poke|p1|Zamazenta-*|
|poke|p1|Dragapult, F|
|poke|p1|Kingambit, F|
|poke|p1|Volcanion|
|poke|p2|Garganacl, F|
|poke|p2|Darkrai|
|poke|p2|Great Tusk|
|poke|p2|Hatterene, F|
|poke|p2|Tornadus-Therian, M|
|poke|p2|Dragonite, M|
|teampreview
|inactive|Battle timer is ON: inactive players will automatically lose when time's up. (requested by ikthoizzykil)
|
|t:|1779691754
|teamsize|p1|6
|teamsize|p2|6
|start
|switch|p1a: Zamazenta|Zamazenta|100/100
|switch|p2a: Garganacl|Garganacl, F|100/100
|-ability|p1a: Zamazenta|Dauntless Shield|boost
|-boost|p1a: Zamazenta|def|1
|turn|1
|
|t:|1779691760
|switch|p1a: Hatterene|Hatterene, F|100/100
|move|p2a: Garganacl|Salt Cure|p1a: Hatterene
|-damage|p1a: Hatterene|89/100
|-start|p1a: Hatterene|Salt Cure
|
|-heal|p1a: Hatterene|95/100|[from] item: Leftovers
|-damage|p1a: Hatterene|83/100|[from] Salt Cure
|upkeep
|turn|2
|
|t:|1779691783
|move|p2a: Garganacl|Protect|p2a: Garganacl
|-singleturn|p2a: Garganacl|Protect
|move|p1a: Hatterene|Draining Kiss|p2a: Garganacl
|-activate|p2a: Garganacl|move: Protect
|
|-heal|p1a: Hatterene|89/100|[from] item: Leftovers
|-damage|p1a: Hatterene|77/100|[from] Salt Cure
|upkeep
|turn|3
|
|t:|1779691793
|move|p2a: Garganacl|Salt Cure|p1a: Hatterene
|-damage|p1a: Hatterene|64/100
|move|p1a: Hatterene|Psychic Noise|p2a: Garganacl
|-damage|p2a: Garganacl|77/100
|-start|p2a: Garganacl|move: Heal Block
|
|-heal|p1a: Hatterene|70/100|[from] item: Leftovers
|-damage|p1a: Hatterene|58/100|[from] Salt Cure
|upkeep
|turn|4
|
|t:|1779691803
|move|p2a: Garganacl|Protect|p2a: Garganacl
|-singleturn|p2a: Garganacl|Protect
|move|p1a: Hatterene|Calm Mind|p1a: Hatterene
|-boost|p1a: Hatterene|spa|1
|-boost|p1a: Hatterene|spd|1
|
|-heal|p1a: Hatterene|64/100|[from] item: Leftovers
|-damage|p1a: Hatterene|52/100|[from] Salt Cure
|-end|p2a: Garganacl|move: Heal Block
|upkeep
|turn|5
|
|t:|1779691812
|move|p2a: Garganacl|Salt Cure|p1a: Hatterene
|-damage|p1a: Hatterene|39/100
|move|p1a: Hatterene|Draining Kiss|p2a: Garganacl
|-damage|p2a: Garganacl|55/100
|-heal|p1a: Hatterene|61/100|[from] drain|[of] p2a: Garganacl
|
|-heal|p2a: Garganacl|61/100|[from] item: Leftovers
|-heal|p1a: Hatterene|67/100|[from] item: Leftovers
|-damage|p1a: Hatterene|54/100|[from] Salt Cure
|upkeep
|turn|6
|
|t:|1779691821
|switch|p2a: Tornadus|Tornadus-Therian, M, shiny|100/100
|move|p1a: Hatterene|Calm Mind|p1a: Hatterene
|-boost|p1a: Hatterene|spa|1
|-boost|p1a: Hatterene|spd|1
|
|-heal|p1a: Hatterene|60/100|[from] item: Leftovers
|-damage|p1a: Hatterene|48/100|[from] Salt Cure
|upkeep
|turn|7
|
|t:|1779691831
|move|p2a: Tornadus|Knock Off|p1a: Hatterene
|-damage|p1a: Hatterene|30/100
|-enditem|p1a: Hatterene|Leftovers|[from] move: Knock Off|[of] p2a: Tornadus
|move|p1a: Hatterene|Draining Kiss|p2a: Tornadus
|-damage|p2a: Tornadus|70/100
|-heal|p1a: Hatterene|55/100|[from] drain|[of] p2a: Tornadus
|
|-damage|p1a: Hatterene|43/100|[from] Salt Cure
|upkeep
|turn|8
|
|t:|1779691839
|move|p2a: Tornadus|Bleakwind Storm|p1a: Hatterene
|-damage|p1a: Hatterene|24/100
|move|p1a: Hatterene|Draining Kiss|p2a: Tornadus
|-damage|p2a: Tornadus|39/100
|-heal|p1a: Hatterene|49/100|[from] drain|[of] p2a: Tornadus
|
|-damage|p1a: Hatterene|37/100|[from] Salt Cure
|upkeep
|turn|9
|
|t:|1779691847
|move|p2a: Tornadus|Bleakwind Storm|p1a: Hatterene
|-damage|p1a: Hatterene|15/100
|move|p1a: Hatterene|Draining Kiss|p2a: Tornadus
|-damage|p2a: Tornadus|11/100
|-heal|p1a: Hatterene|38/100|[from] drain|[of] p2a: Tornadus
|
|-damage|p1a: Hatterene|25/100|[from] Salt Cure
|upkeep
|turn|10
|
|t:|1779691876
|switch|p1a: Kingambit|Kingambit, F|100/100
|move|p2a: Tornadus|Bleakwind Storm|p1a: Kingambit
|-resisted|p1a: Kingambit
|-damage|p1a: Kingambit|81/100
|
|upkeep
|turn|11
|
|t:|1779691885
|move|p2a: Tornadus|Heat Wave|p1a: Kingambit
|-supereffective|p1a: Kingambit
|-damage|p1a: Kingambit|38/100
|move|p1a: Kingambit|Iron Head|p2a: Tornadus
|-damage|p2a: Tornadus|0 fnt
|faint|p2a: Tornadus
|
|upkeep
|
|t:|1779691894
|switch|p2a: Great Tusk|Great Tusk|100/100
|-enditem|p2a: Great Tusk|Booster Energy
|-activate|p2a: Great Tusk|ability: Protosynthesis|[fromitem]
|-start|p2a: Great Tusk|protosynthesisatk
|turn|12
|
|t:|1779691902
|-end|p1a: Kingambit|fallenundefined|[silent]
|switch|p1a: Zamazenta|Zamazenta|100/100
|move|p2a: Great Tusk|Ice Spinner|p1a: Zamazenta
|-damage|p1a: Zamazenta|73/100
|
|upkeep
|turn|13
|
|t:|1779691908
|move|p1a: Zamazenta|Reflect|p1a: Zamazenta
|-sidestart|p1: ikthoizzykil|Reflect
|move|p2a: Great Tusk|Rapid Spin|p1a: Zamazenta
|-damage|p1a: Zamazenta|64/100
|-boost|p2a: Great Tusk|spe|1
|
|upkeep
|turn|14
|
|t:|1779691915
|move|p2a: Great Tusk|Rapid Spin|p1a: Zamazenta
|-damage|p1a: Zamazenta|55/100
|-boost|p2a: Great Tusk|spe|1
|move|p1a: Zamazenta|Light Screen|p1a: Zamazenta
|-sidestart|p1: ikthoizzykil|move: Light Screen
|
|upkeep
|turn|15
|
|t:|1779691925
|move|p2a: Great Tusk|Ice Spinner|p1a: Zamazenta
|-damage|p1a: Zamazenta|42/100
|move|p1a: Zamazenta|Close Combat|p2a: Great Tusk
|-damage|p2a: Great Tusk|63/100
|-unboost|p1a: Zamazenta|def|1
|-unboost|p1a: Zamazenta|spd|1
|
|upkeep
|turn|16
|
|t:|1779691932
|move|p2a: Great Tusk|Ice Spinner|p1a: Zamazenta
|-damage|p1a: Zamazenta|21/100
|move|p1a: Zamazenta|Close Combat|p2a: Great Tusk
|-damage|p2a: Great Tusk|28/100
|-unboost|p1a: Zamazenta|def|1
|-unboost|p1a: Zamazenta|spd|1
|
|upkeep
|turn|17
|
|t:|1779691945
|move|p2a: Great Tusk|Ice Spinner|p1a: Zamazenta
|-damage|p1a: Zamazenta|0 fnt
|faint|p1a: Zamazenta
|
|upkeep
|
|t:|1779691953
|switch|p1a: Braviary|Braviary, M|100/100
|turn|18
|
|t:|1779691968
|move|p2a: Great Tusk|Ice Spinner|p1a: Braviary
|-supereffective|p1a: Braviary
|-damage|p1a: Braviary|63/100
|move|p1a: Braviary|Body Slam|p2a: Great Tusk
|-damage|p2a: Great Tusk|0 fnt
|faint|p2a: Great Tusk
|-end|p2a: Great Tusk|Protosynthesis|[silent]
|
|upkeep
|
|t:|1779691978
|switch|p2a: Hatterene|Hatterene, F|100/100
|turn|19
|
|t:|1779691984
|move|p1a: Braviary|Bulk Up|p1a: Braviary
|-boost|p1a: Braviary|atk|1
|-boost|p1a: Braviary|def|1
|move|p2a: Hatterene|Nuzzle|p1a: Braviary
|-supereffective|p1a: Braviary
|-damage|p1a: Braviary|60/100
|-status|p1a: Braviary|par
|
|upkeep
|turn|20
|
|t:|1779691991
|move|p1a: Braviary|Roost|p1a: Braviary
|-heal|p1a: Braviary|100/100 par
|-singleturn|p1a: Braviary|move: Roost
|move|p2a: Hatterene|Future Sight|p1a: Braviary
|-start|p2a: Hatterene|move: Future Sight
|
|-sideend|p1: ikthoizzykil|Reflect
|upkeep
|turn|21
|
|t:|1779691997
|cant|p1a: Braviary|par
|move|p2a: Hatterene|Dazzling Gleam|p1a: Braviary
|-damage|p1a: Braviary|87/100 par
|
|-sideend|p1: ikthoizzykil|move: Light Screen
|upkeep
|turn|22
|
|t:|1779692003
|cant|p1a: Braviary|par
|move|p2a: Hatterene|Dazzling Gleam|p1a: Braviary
|-damage|p1a: Braviary|59/100 par
|
|-end|p1a: Braviary|move: Future Sight
|-damage|p1a: Braviary|20/100 par
|upkeep
|turn|23
|
|t:|1779692010
|cant|p1a: Braviary|par
|move|p2a: Hatterene|Future Sight|p1a: Braviary
|-start|p2a: Hatterene|move: Future Sight
|
|upkeep
|turn|24
|
|t:|1779692014
|cant|p1a: Braviary|par
|move|p2a: Hatterene|Dazzling Gleam|p1a: Braviary
|-damage|p1a: Braviary|0 fnt
|faint|p1a: Braviary
|
|upkeep
|
|t:|1779692023
|switch|p1a: Kingambit|Kingambit, F|38/100
|-activate|p1a: Kingambit|ability: Supreme Overlord
|-start|p1a: Kingambit|fallen2|[silent]
|turn|25
|
|t:|1779692040
|switch|p2a: Dragonite|Dragonite, M|100/100
|move|p1a: Kingambit|Iron Head|p2a: Dragonite
|-damage|p2a: Dragonite|74/100
|
|-end|p1a: Kingambit|move: Future Sight
|-immune|p1a: Kingambit
|upkeep
|turn|26
|
|t:|1779692050
|-terastallize|p1a: Kingambit|Dark
|move|p2a: Dragonite|Dragon Dance|p2a: Dragonite
|-boost|p2a: Dragonite|atk|1
|-boost|p2a: Dragonite|spe|1
|move|p1a: Kingambit|Kowtow Cleave|p2a: Dragonite
|-crit|p2a: Dragonite
|-damage|p2a: Dragonite|0 fnt
|faint|p2a: Dragonite
|
|upkeep
|
|t:|1779692060
|switch|p2a: Darkrai|Darkrai|100/100
|turn|27
|
|t:|1779692071
|move|p1a: Kingambit|Sucker Punch|p2a: Darkrai
|-resisted|p2a: Darkrai
|-damage|p2a: Darkrai|51/100
|move|p2a: Darkrai|Sludge Bomb|p1a: Kingambit
|-damage|p1a: Kingambit|0 fnt
|faint|p1a: Kingambit
|-end|p1a: Kingambit|fallen2|[silent]
|
|upkeep
|
|t:|1779692077
|switch|p1a: Dragapult|Dragapult, F|100/100
|turn|28
|
|t:|1779692090
|switch|p2a: Garganacl|Garganacl, F|61/100
|move|p1a: Dragapult|Substitute|p1a: Dragapult
|-start|p1a: Dragapult|Substitute
|-damage|p1a: Dragapult|76/100
|
|-heal|p1a: Dragapult|82/100|[from] item: Leftovers
|-heal|p2a: Garganacl|67/100|[from] item: Leftovers
|upkeep
|turn|29
|
|t:|1779692097
|move|p1a: Dragapult|Dragon Dance|p1a: Dragapult
|-boost|p1a: Dragapult|atk|1
|-boost|p1a: Dragapult|spe|1
|move|p2a: Garganacl|Salt Cure|p1a: Dragapult
|-crit|p1a: Dragapult
|-end|p1a: Dragapult|Substitute
|
|-heal|p1a: Dragapult|88/100|[from] item: Leftovers
|-heal|p2a: Garganacl|74/100|[from] item: Leftovers
|upkeep
|turn|30
|
|t:|1779692105
|move|p1a: Dragapult|Substitute|p1a: Dragapult
|-start|p1a: Dragapult|Substitute
|-damage|p1a: Dragapult|63/100
|move|p2a: Garganacl|Salt Cure|p1a: Dragapult
|-activate|p1a: Dragapult|move: Substitute|[damage]
|
|-heal|p1a: Dragapult|69/100|[from] item: Leftovers
|-heal|p2a: Garganacl|80/100|[from] item: Leftovers
|upkeep
|turn|31
|
|t:|1779692112
|move|p1a: Dragapult|Dragon Darts|p2a: Garganacl
|-damage|p2a: Garganacl|54/100
|-anim|p1a: Dragapult|Dragon Darts|p2a: Garganacl
|-damage|p2a: Garganacl|28/100
|move|p2a: Garganacl|Salt Cure|p1a: Dragapult
|-end|p1a: Dragapult|Substitute
|
|-heal|p1a: Dragapult|76/100|[from] item: Leftovers
|-heal|p2a: Garganacl|35/100|[from] item: Leftovers
|upkeep
|turn|32
|
|t:|1779692121
|move|p1a: Dragapult|Dragon Darts|p2a: Garganacl
|-damage|p2a: Garganacl|10/100
|-anim|p1a: Dragapult|Dragon Darts|p2a: Garganacl
|-damage|p2a: Garganacl|0 fnt
|faint|p2a: Garganacl
|
|-heal|p1a: Dragapult|82/100|[from] item: Leftovers
|upkeep
|
|t:|1779692123
|switch|p2a: Hatterene|Hatterene, F|100/100
|turn|33
|
|t:|1779692133
|move|p1a: Dragapult|Phantom Force||[still]
|-prepare|p1a: Dragapult|Phantom Force
|move|p2a: Hatterene|Dazzling Gleam|p1a: Dragapult|[miss]
|-miss|p2a: Hatterene|p1a: Dragapult
|
|-heal|p1a: Dragapult|88/100|[from] item: Leftovers
|upkeep
|turn|34
|
|t:|1779692143
|move|p1a: Dragapult|Phantom Force|p2a: Hatterene|[from] lockedmove
|-supereffective|p2a: Hatterene
|-damage|p2a: Hatterene|0 fnt
|-damage|p1a: Dragapult|72/100|[from] item: Rocky Helmet|[of] p2a: Hatterene
|faint|p2a: Hatterene
|
|-heal|p1a: Dragapult|78/100|[from] item: Leftovers
|upkeep
|
|t:|1779692146
|switch|p2a: Darkrai|Darkrai|51/100
|turn|35
|
|t:|1779692152
|move|p1a: Dragapult|Substitute|p1a: Dragapult
|-start|p1a: Dragapult|Substitute
|-damage|p1a: Dragapult|53/100
|move|p2a: Darkrai|Dark Pulse|p1a: Dragapult
|-supereffective|p1a: Dragapult
|-end|p1a: Dragapult|Substitute
|
|-heal|p1a: Dragapult|59/100|[from] item: Leftovers
|upkeep
|turn|36
|
|t:|1779692159
|move|p1a: Dragapult|Dragon Darts|p2a: Darkrai
|-damage|p2a: Darkrai|0 fnt
|faint|p2a: Darkrai
|
|win|ikthoizzykil
|raw|ikthoizzykil's rating: 1364 &rarr; <strong>1383</strong><br />(+19 for winning)
|raw|Twggy's rating: 1340 &rarr; <strong>1321</strong><br />(-19 for losing)
|l|☆Twggy
|player|p2|
|l|☆ikthoizzykil
|player|p1|
