|j|☆Cinder D Ace
|j|‽Dryosaurus
|t:|1779679528
|gametype|singles
|player|p1|Cinder D Ace|miku-fire|1446
|player|p2|Dryosaurus|koga|1440
|gen|9
|tier|[Gen 9] OU
|rated|
|rule|HP Percentage Mod: HP is shown in percentages
|rule|Endless Battle Clause: Forcing endless battles is banned
|rule|Species Clause: Limit one of each Pokémon
|rule|OHKO Clause: OHKO moves are banned
|rule|Evasion Items Clause: Evasion items are banned
|rule|Evasion Moves Clause: Evasion moves are banned
|rule|Evasion Abilities Clause: Evasion abilities are banned
|rule|Sleep Moves Clause: Sleep-inducing moves are banned
|clearpoke
|poke|p1|Slowking-Galar, M|
|poke|p1|Garganacl, M|
|poke|p1|Cinderace, F|
|poke|p1|Keldeo-Resolute|
|poke|p1|Corviknight, F|
|poke|p1|Iron Valiant|
|poke|p2|Dragonite, M|
|poke|p2|Ting-Lu|
|poke|p2|Walking Wake|
|poke|p2|Clefable, F|
|poke|p2|Gholdengo|
|poke|p2|Zamazenta-*|
|teampreview
|inactive|Battle timer is ON: inactive players will automatically lose when time's up. (requested by Cinder D Ace)
|inactive|Dryosaurus has 120 seconds left.
|
|t:|1779679565
|teamsize|p1|6
|teamsize|p2|6
|start
|switch|p1a: Keldeo|Keldeo-Resolute|100/100
|switch|p2a: Walking Wake|Walking Wake|100/100
|turn|1
|
|t:|1779679576
|switch|p1a: Slowking|Slowking-Galar, M|100/100
|move|p2a: Walking Wake|Flip Turn|p1a: Slowking
|-damage|p1a: Slowking|85/100
|
|t:|1779679581
|-end|p2a: Walking Wake|Protosynthesis|[silent]
|switch|p2a: Ting-Lu|Ting-Lu|100/100|[from] Flip Turn
|-ability|p2a: Ting-Lu|Vessel of Ruin
|
|upkeep
|turn|2
|
|t:|1779679586
|move|p2a: Ting-Lu|Earthquake|p1a: Slowking
|-supereffective|p1a: Slowking
|-damage|p1a: Slowking|2/100
|-prepare|p1a: Slowking|Chilly Reception|[premajor]
|move|p1a: Slowking|Chilly Reception|p1a: Slowking
|-weather|Snowscape
|
|t:|1779679593
|switch|p1a: Keldeo|Keldeo-Resolute|100/100|[from] Chilly Reception
|
|-weather|Snowscape|[upkeep]
|upkeep
|turn|3
|
|t:|1779679600
|switch|p2a: Dragonite|Dragonite, M|100/100
|move|p1a: Keldeo|Surf|p2a: Dragonite
|-resisted|p2a: Dragonite
|-crit|p2a: Dragonite
|-damage|p2a: Dragonite|85/100
|
|-weather|Snowscape|[upkeep]
|upkeep
|turn|4
|
|t:|1779679608
|switch|p2a: Gholdengo|Gholdengo|100/100
|move|p1a: Keldeo|Flip Turn|p2a: Gholdengo
|-damage|p2a: Gholdengo|82/100
|
|t:|1779679614
|switch|p1a: Cinderace|Cinderace, F|100/100|[from] Flip Turn
|
|-weather|Snowscape|[upkeep]
|upkeep
|turn|5
|
|t:|1779679625
|switch|p2a: Walking Wake|Walking Wake|100/100
|move|p1a: Cinderace|Will-O-Wisp|p2a: Walking Wake
|-status|p2a: Walking Wake|brn
|
|-weather|Snowscape|[upkeep]
|-damage|p2a: Walking Wake|94/100 brn|[from] brn
|upkeep
|turn|6
|
|t:|1779679633
|move|p1a: Cinderace|U-turn|p2a: Walking Wake
|-damage|p2a: Walking Wake|74/100 brn
|
|t:|1779679636
|switch|p1a: Keldeo|Keldeo-Resolute|100/100|[from] U-turn
|move|p2a: Walking Wake|Surf|p1a: Keldeo
|-resisted|p1a: Keldeo
|-damage|p1a: Keldeo|74/100
|
|-weather|none
|-damage|p2a: Walking Wake|68/100 brn|[from] brn
|upkeep
|turn|7
|
|t:|1779679646
|move|p2a: Walking Wake|Flip Turn|p1a: Keldeo
|-resisted|p1a: Keldeo
|-damage|p1a: Keldeo|70/100
|
|t:|1779679653
|-end|p2a: Walking Wake|Protosynthesis|[silent]
|switch|p2a: Clefable|Clefable, F|100/100|[from] Flip Turn
|move|p1a: Keldeo|Flip Turn|p2a: Clefable
|-damage|p2a: Clefable|90/100
|
|t:|1779679658
|switch|p1a: Slowking|Slowking-Galar, M|36/100|[from] Flip Turn
|
|-heal|p2a: Clefable|96/100|[from] item: Leftovers
|upkeep
|turn|8
|
|t:|1779679664
|move|p2a: Clefable|Stealth Rock|p1a: Slowking
|-sidestart|p1: Cinder D Ace|move: Stealth Rock
|-prepare|p1a: Slowking|Chilly Reception|[premajor]
|move|p1a: Slowking|Chilly Reception|p1a: Slowking
|-weather|Snowscape
|
|t:|1779679667
|switch|p1a: Garganacl|Garganacl, M|100/100|[from] Chilly Reception
|-damage|p1a: Garganacl|88/100|[from] Stealth Rock
|
|-weather|Snowscape|[upkeep]
|-heal|p2a: Clefable|100/100|[from] item: Leftovers
|-heal|p1a: Garganacl|94/100|[from] item: Leftovers
|upkeep
|turn|9
|
|t:|1779679674
|move|p2a: Clefable|Knock Off|p1a: Garganacl
|-damage|p1a: Garganacl|85/100
|-enditem|p1a: Garganacl|Leftovers|[from] move: Knock Off|[of] p2a: Clefable
|move|p1a: Garganacl|Salt Cure|p2a: Clefable
|-damage|p2a: Clefable|89/100
|-start|p2a: Clefable|Salt Cure
|
|-weather|Snowscape|[upkeep]
|-heal|p2a: Clefable|95/100|[from] item: Leftovers
|upkeep
|turn|10
|
|t:|1779679684
|switch|p1a: Slowking|Slowking-Galar, M|69/100
|move|p2a: Clefable|Moonblast|p1a: Slowking
|-resisted|p1a: Slowking
|-damage|p1a: Slowking|60/100
|
|-weather|Snowscape|[upkeep]
|-heal|p2a: Clefable|100/100|[from] item: Leftovers
|upkeep
|turn|11
|
|t:|1779679691
|move|p2a: Clefable|Knock Off|p1a: Slowking
|-supereffective|p1a: Slowking
|-damage|p1a: Slowking|31/100
|-enditem|p1a: Slowking|Heavy-Duty Boots|[from] move: Knock Off|[of] p2a: Clefable
|move|p1a: Slowking|Sludge Bomb|p2a: Clefable
|-supereffective|p2a: Clefable
|-damage|p2a: Clefable|35/100
|-status|p2a: Clefable|psn
|
|-weather|Snowscape|[upkeep]
|-heal|p2a: Clefable|41/100 psn|[from] item: Leftovers
|upkeep
|turn|12
|
|t:|1779679705
|move|p2a: Clefable|Moonlight|p2a: Clefable
|-heal|p2a: Clefable|65/100 psn
|-prepare|p1a: Slowking|Chilly Reception|[premajor]
|move|p1a: Slowking|Chilly Reception|p1a: Slowking
|
|t:|1779679709
|switch|p1a: Cinderace|Cinderace, F|100/100|[from] Chilly Reception
|
|-weather|none
|-heal|p2a: Clefable|72/100 psn|[from] item: Leftovers
|upkeep
|turn|13
|
|t:|1779679715
|move|p1a: Cinderace|U-turn|p2a: Clefable
|-resisted|p2a: Clefable
|-damage|p2a: Clefable|65/100 psn
|
|t:|1779679718
|switch|p1a: Slowking|Slowking-Galar, M|65/100|[from] U-turn
|-damage|p1a: Slowking|52/100|[from] Stealth Rock
|move|p2a: Clefable|Stealth Rock||[still]
|-fail|p2a: Clefable
|
|-heal|p2a: Clefable|71/100 psn|[from] item: Leftovers
|upkeep
|turn|14
|
|t:|1779679725
|switch|p2a: Gholdengo|Gholdengo|82/100
|-prepare|p1a: Slowking|Chilly Reception|[premajor]
|move|p1a: Slowking|Chilly Reception|p1a: Slowking
|-weather|Snowscape
|
|t:|1779679728
|switch|p1a: Cinderace|Cinderace, F|100/100|[from] Chilly Reception
|
|-weather|Snowscape|[upkeep]
|upkeep
|turn|15
|
|t:|1779679735
|move|p2a: Gholdengo|Trick|p1a: Cinderace
|-activate|p2a: Gholdengo|move: Trick|[of] p1a: Cinderace
|-item|p1a: Cinderace|Choice Scarf|[from] move: Trick
|-item|p2a: Gholdengo|Heavy-Duty Boots|[from] move: Trick
|move|p1a: Cinderace|Pyro Ball|p2a: Gholdengo
|-supereffective|p2a: Gholdengo
|-damage|p2a: Gholdengo|0 fnt
|faint|p2a: Gholdengo
|
|-weather|Snowscape|[upkeep]
|upkeep
|
|t:|1779679743
|switch|p2a: Walking Wake|Walking Wake|68/100 brn
|turn|16
|
|t:|1779679747
|switch|p1a: Slowking|Slowking-Galar, M|86/100
|-damage|p1a: Slowking|73/100|[from] Stealth Rock
|move|p2a: Walking Wake|Surf|p1a: Slowking
|-damage|p1a: Slowking|48/100
|
|-weather|Snowscape|[upkeep]
|-damage|p2a: Walking Wake|62/100 brn|[from] brn
|upkeep
|turn|17
|
|t:|1779679756
|move|p2a: Walking Wake|Surf|p1a: Slowking
|-damage|p1a: Slowking|21/100
|-prepare|p1a: Slowking|Chilly Reception|[premajor]
|move|p1a: Slowking|Chilly Reception|p1a: Slowking
|
|t:|1779679766
|switch|p1a: Keldeo|Keldeo-Resolute|70/100|[from] Chilly Reception
|
|-weather|Snowscape|[upkeep]
|-damage|p2a: Walking Wake|56/100 brn|[from] brn
|upkeep
|turn|18
|
|t:|1779679774
|move|p2a: Walking Wake|Draco Meteor|p1a: Keldeo
|-damage|p1a: Keldeo|0 fnt
|-unboost|p2a: Walking Wake|spa|2
|faint|p1a: Keldeo
|
|-weather|none
|-damage|p2a: Walking Wake|49/100 brn|[from] brn
|upkeep
|
|t:|1779679778
|switch|p1a: Garganacl|Garganacl, M|85/100
|-damage|p1a: Garganacl|72/100|[from] Stealth Rock
|turn|19
|
|t:|1779679785
|move|p2a: Walking Wake|Flip Turn|p1a: Garganacl
|-supereffective|p1a: Garganacl
|-damage|p1a: Garganacl|61/100
|
|t:|1779679788
|-end|p2a: Walking Wake|Protosynthesis|[silent]
|switch|p2a: Clefable|Clefable, F|71/100 psn|[from] Flip Turn
|move|p1a: Garganacl|Stealth Rock|p2a: Clefable
|-sidestart|p2: Dryosaurus|move: Stealth Rock
|
|-heal|p2a: Clefable|77/100 psn|[from] item: Leftovers
|upkeep
|turn|20
|
|t:|1779679795
|switch|p1a: Slowking|Slowking-Galar, M|55/100
|-damage|p1a: Slowking|42/100|[from] Stealth Rock
|move|p2a: Clefable|Moonblast|p1a: Slowking
|-resisted|p1a: Slowking
|-crit|p1a: Slowking
|-damage|p1a: Slowking|29/100
|
|-heal|p2a: Clefable|83/100 psn|[from] item: Leftovers
|upkeep
|turn|21
|
|t:|1779679803
|switch|p2a: Ting-Lu|Ting-Lu|100/100
|-damage|p2a: Ting-Lu|94/100|[from] Stealth Rock
|-ability|p2a: Ting-Lu|Vessel of Ruin
|-prepare|p1a: Slowking|Chilly Reception|[premajor]
|move|p1a: Slowking|Chilly Reception|p1a: Slowking
|-weather|Snowscape
|
|t:|1779679810
|switch|p1a: Corviknight|Corviknight, F, shiny|100/100|[from] Chilly Reception
|-damage|p1a: Corviknight|88/100|[from] Stealth Rock
|-ability|p1a: Corviknight|Pressure
|
|-weather|Snowscape|[upkeep]
|-heal|p1a: Corviknight|94/100|[from] item: Leftovers
|-heal|p2a: Ting-Lu|100/100|[from] item: Leftovers
|upkeep
|turn|22
|
|t:|1779679819
|move|p1a: Corviknight|Bulk Up|p1a: Corviknight
|-boost|p1a: Corviknight|atk|1
|-boost|p1a: Corviknight|def|1
|move|p2a: Ting-Lu|Ruination|p1a: Corviknight
|-damage|p1a: Corviknight|47/100
|
|-weather|Snowscape|[upkeep]
|-heal|p1a: Corviknight|54/100|[from] item: Leftovers
|upkeep
|turn|23
|
|t:|1779679827
|switch|p2a: Dragonite|Dragonite, M|85/100
|move|p1a: Corviknight|Body Press|p2a: Dragonite
|-resisted|p2a: Dragonite
|-damage|p2a: Dragonite|67/100
|
|-weather|Snowscape|[upkeep]
|-heal|p1a: Corviknight|60/100|[from] item: Leftovers
|upkeep
|turn|24
|
|t:|1779679836
|move|p1a: Corviknight|Brave Bird|p2a: Dragonite
|-damage|p2a: Dragonite|11/100
|-damage|p1a: Corviknight|42/100|[from] Recoil
|move|p2a: Dragonite|Dragon Tail|p1a: Corviknight
|-resisted|p1a: Corviknight
|-damage|p1a: Corviknight|35/100
|drag|p1a: Slowking|Slowking-Galar, M|62/100
|-damage|p1a: Slowking|50/100|[from] Stealth Rock
|
|-weather|Snowscape|[upkeep]
|upkeep
|turn|25
|
|t:|1779679847
|switch|p1a: Corviknight|Corviknight, F, shiny|35/100
|-damage|p1a: Corviknight|22/100|[from] Stealth Rock
|-ability|p1a: Corviknight|Pressure
|move|p2a: Dragonite|Earthquake|p1a: Corviknight
|-immune|p1a: Corviknight
|
|-weather|none
|-heal|p1a: Corviknight|28/100|[from] item: Leftovers
|upkeep
|turn|26
|
|t:|1779679856
|move|p2a: Dragonite|Roost|p2a: Dragonite
|-heal|p2a: Dragonite|61/100
|-singleturn|p2a: Dragonite|move: Roost
|move|p1a: Corviknight|Roost|p1a: Corviknight
|-heal|p1a: Corviknight|78/100
|-singleturn|p1a: Corviknight|move: Roost
|
|-heal|p1a: Corviknight|85/100|[from] item: Leftovers
|upkeep
|turn|27
|
|t:|1779679864
|move|p2a: Dragonite|Roost|p2a: Dragonite
|-heal|p2a: Dragonite|100/100
|-singleturn|p2a: Dragonite|move: Roost
|move|p1a: Corviknight|Body Press|p2a: Dragonite
|-damage|p2a: Dragonite|88/100
|
|-heal|p1a: Corviknight|91/100|[from] item: Leftovers
|upkeep
|turn|28
|
|t:|1779679872
|move|p1a: Corviknight|Bulk Up|p1a: Corviknight
|-boost|p1a: Corviknight|atk|1
|-boost|p1a: Corviknight|def|1
|move|p2a: Dragonite|Dragon Tail|p1a: Corviknight|[miss]
|-miss|p2a: Dragonite|p1a: Corviknight
|
|-heal|p1a: Corviknight|97/100|[from] item: Leftovers
|upkeep
|turn|29
|
|t:|1779679880
|move|p1a: Corviknight|Brave Bird|p2a: Dragonite
|-damage|p2a: Dragonite|30/100
|-damage|p1a: Corviknight|78/100|[from] Recoil
|move|p2a: Dragonite|Dragon Tail|p1a: Corviknight
|-resisted|p1a: Corviknight
|-damage|p1a: Corviknight|72/100
|drag|p1a: Cinderace|Cinderace, F|100/100
|-damage|p1a: Cinderace|76/100|[from] Stealth Rock
|
|upkeep
|turn|30
|
|t:|1779679896
|-terastallize|p2a: Dragonite|Normal
|move|p2a: Dragonite|Extreme Speed|p1a: Cinderace
|-damage|p1a: Cinderace|18/100
|move|p1a: Cinderace|U-turn|p2a: Dragonite
|-damage|p2a: Dragonite|12/100
|
|t:|1779679905
|switch|p1a: Corviknight|Corviknight, F, shiny|72/100|[from] U-turn
|-damage|p1a: Corviknight|59/100|[from] Stealth Rock
|-ability|p1a: Corviknight|Pressure
|
|-heal|p1a: Corviknight|65/100|[from] item: Leftovers
|upkeep
|turn|31
|
|t:|1779679912
|move|p1a: Corviknight|Body Press|p2a: Dragonite
|-supereffective|p2a: Dragonite
|-damage|p2a: Dragonite|0 fnt
|faint|p2a: Dragonite
|
|-heal|p1a: Corviknight|72/100|[from] item: Leftovers
|upkeep
|
|t:|1779679931
|switch|p2a: Walking Wake|Walking Wake|49/100 brn
|turn|32
|
|t:|1779679938
|switch|p1a: Slowking|Slowking-Galar, M|83/100
|-damage|p1a: Slowking|71/100|[from] Stealth Rock
|move|p2a: Walking Wake|Surf|p1a: Slowking
|-damage|p1a: Slowking|44/100
|
|-damage|p2a: Walking Wake|43/100 brn|[from] brn
|upkeep
|turn|33
|
|t:|1779679950
|move|p2a: Walking Wake|Draco Meteor|p1a: Slowking|[miss]
|-miss|p2a: Walking Wake|p1a: Slowking
|-prepare|p1a: Slowking|Chilly Reception|[premajor]
|move|p1a: Slowking|Chilly Reception|p1a: Slowking
|-weather|Snowscape
|
|t:|1779679961
|switch|p1a: Corviknight|Corviknight, F, shiny|72/100|[from] Chilly Reception
|-damage|p1a: Corviknight|59/100|[from] Stealth Rock
|-ability|p1a: Corviknight|Pressure
|
|-weather|Snowscape|[upkeep]
|-heal|p1a: Corviknight|65/100|[from] item: Leftovers
|-damage|p2a: Walking Wake|37/100 brn|[from] brn
|upkeep
|turn|34
|
|t:|1779679970
|move|p2a: Walking Wake|Knock Off|p1a: Corviknight
|-damage|p1a: Corviknight|60/100
|-enditem|p1a: Corviknight|Leftovers|[from] move: Knock Off|[of] p2a: Walking Wake
|move|p1a: Corviknight|Roost|p1a: Corviknight
|-heal|p1a: Corviknight|100/100
|-singleturn|p1a: Corviknight|move: Roost
|
|-weather|Snowscape|[upkeep]
|-damage|p2a: Walking Wake|31/100 brn|[from] brn
|upkeep
|turn|35
|
|t:|1779679979
|switch|p1a: Slowking|Slowking-Galar, M|77/100
|-damage|p1a: Slowking|65/100|[from] Stealth Rock
|move|p2a: Walking Wake|Surf|p1a: Slowking
|-damage|p1a: Slowking|37/100
|
|-weather|Snowscape|[upkeep]
|-damage|p2a: Walking Wake|25/100 brn|[from] brn
|upkeep
|turn|36
|
|t:|1779679989
|switch|p1a: Corviknight|Corviknight, F, shiny|100/100
|-damage|p1a: Corviknight|88/100|[from] Stealth Rock
|-ability|p1a: Corviknight|Pressure
|move|p2a: Walking Wake|Surf|p1a: Corviknight
|-damage|p1a: Corviknight|39/100
|
|-weather|Snowscape|[upkeep]
|-damage|p2a: Walking Wake|18/100 brn|[from] brn
|upkeep
|turn|37
|
|t:|1779680000
|switch|p1a: Slowking|Slowking-Galar, M|70/100
|-damage|p1a: Slowking|58/100|[from] Stealth Rock
|move|p2a: Walking Wake|Surf|p1a: Slowking
|-damage|p1a: Slowking|30/100
|
|-weather|none
|-damage|p2a: Walking Wake|12/100 brn|[from] brn
|upkeep
|turn|38
|
|t:|1779680014
|switch|p1a: Cinderace|Cinderace, F|18/100
|-damage|p1a: Cinderace|0 fnt|[from] Stealth Rock
|faint|p1a: Cinderace
|move|p2a: Walking Wake|Surf|p1: Cinderace|[notarget]
|-fail|p2a: Walking Wake
|
|-damage|p2a: Walking Wake|6/100 brn|[from] brn
|upkeep
|
|t:|1779680020
|switch|p1a: Garganacl|Garganacl, M|61/100
|-damage|p1a: Garganacl|49/100|[from] Stealth Rock
|turn|39
|
|t:|1779680026
|-end|p2a: Walking Wake|Protosynthesis|[silent]
|switch|p2a: Clefable|Clefable, F|83/100 psn
|move|p1a: Garganacl|Protect||[still]
|-fail|p1a: Garganacl
|
|-heal|p2a: Clefable|89/100 psn|[from] item: Leftovers
|upkeep
|turn|40
|
|t:|1779680035
|switch|p2a: Zamazenta|Zamazenta|100/100
|-damage|p2a: Zamazenta|94/100|[from] Stealth Rock
|-ability|p2a: Zamazenta|Dauntless Shield|boost
|-boost|p2a: Zamazenta|def|1
|switch|p1a: Slowking|Slowking-Galar, M|63/100
|-damage|p1a: Slowking|50/100|[from] Stealth Rock
|
|-heal|p2a: Zamazenta|100/100|[from] item: Leftovers
|upkeep
|turn|41
|
|t:|1779680045
|move|p2a: Zamazenta|Crunch|p1a: Slowking
|-supereffective|p1a: Slowking
|-damage|p1a: Slowking|5/100
|-unboost|p1a: Slowking|def|1
|move|p1a: Slowking|Thunder Wave|p2a: Zamazenta|[miss]
|-miss|p1a: Slowking|p2a: Zamazenta
|
|upkeep
|turn|42
|
|t:|1779680052
|switch|p1a: Garganacl|Garganacl, M|49/100
|-damage|p1a: Garganacl|36/100|[from] Stealth Rock
|move|p2a: Zamazenta|Body Press|p1a: Garganacl
|-supereffective|p1a: Garganacl
|-damage|p1a: Garganacl|0 fnt
|faint|p1a: Garganacl
|
|upkeep
|
|t:|1779680058
|switch|p1a: Iron Valiant|Iron Valiant|100/100
|-damage|p1a: Iron Valiant|94/100|[from] Stealth Rock
|-enditem|p1a: Iron Valiant|Booster Energy
|-activate|p1a: Iron Valiant|ability: Quark Drive|[fromitem]
|-start|p1a: Iron Valiant|quarkdrivespe
|turn|43
|
|t:|1779680067
|move|p1a: Iron Valiant|Calm Mind|p1a: Iron Valiant
|-boost|p1a: Iron Valiant|spa|1
|-boost|p1a: Iron Valiant|spd|1
|move|p2a: Zamazenta|Roar|p1a: Iron Valiant
|-end|p1a: Iron Valiant|Quark Drive|[silent]
|drag|p1a: Slowking|Slowking-Galar, M|39/100
|-damage|p1a: Slowking|26/100|[from] Stealth Rock
|
|upkeep
|turn|44
|
|t:|1779680075
|move|p2a: Zamazenta|Crunch|p1a: Slowking
|-supereffective|p1a: Slowking
|-crit|p1a: Slowking
|-damage|p1a: Slowking|0 fnt
|faint|p1a: Slowking
|
|upkeep
|
|t:|1779680077
|switch|p1a: Corviknight|Corviknight, F, shiny|39/100
|-damage|p1a: Corviknight|27/100|[from] Stealth Rock
|-ability|p1a: Corviknight|Pressure
|turn|45
|
|t:|1779680084
|move|p2a: Zamazenta|Body Press|p1a: Corviknight
|-damage|p1a: Corviknight|0 fnt
|faint|p1a: Corviknight
|
|upkeep
|
|t:|1779680086
|switch|p1a: Iron Valiant|Iron Valiant|94/100
|-damage|p1a: Iron Valiant|88/100|[from] Stealth Rock
|turn|46
|
|t:|1779680091
|move|p2a: Zamazenta|Iron Defense|p2a: Zamazenta
|-boost|p2a: Zamazenta|def|2
|move|p1a: Iron Valiant|Calm Mind|p1a: Iron Valiant
|-boost|p1a: Iron Valiant|spa|1
|-boost|p1a: Iron Valiant|spd|1
|
|upkeep
|turn|47
|
|t:|1779680096
|move|p2a: Zamazenta|Body Press|p1a: Iron Valiant
|-resisted|p1a: Iron Valiant
|-damage|p1a: Iron Valiant|33/100
|move|p1a: Iron Valiant|Encore|p2a: Zamazenta
|-start|p2a: Zamazenta|Encore
|
|upkeep
|turn|48
|
|t:|1779680103
|-terastallize|p1a: Iron Valiant|Ghost
|move|p2a: Zamazenta|Body Press|p1a: Iron Valiant
|-immune|p1a: Iron Valiant
|move|p1a: Iron Valiant|Calm Mind|p1a: Iron Valiant
|-boost|p1a: Iron Valiant|spa|1
|-boost|p1a: Iron Valiant|spd|1
|
|upkeep
|turn|49
|
|t:|1779680111
|switch|p2a: Walking Wake|Walking Wake|6/100 brn
|move|p1a: Iron Valiant|Calm Mind|p1a: Iron Valiant
|-boost|p1a: Iron Valiant|spa|1
|-boost|p1a: Iron Valiant|spd|1
|
|-damage|p2a: Walking Wake|0 fnt|[from] brn
|faint|p2a: Walking Wake
|-end|p2a: Walking Wake|Protosynthesis|[silent]
|upkeep
|
|t:|1779680119
|switch|p2a: Zamazenta|Zamazenta|100/100
|-damage|p2a: Zamazenta|94/100|[from] Stealth Rock
|turn|50
|
|t:|1779680122
|move|p2a: Zamazenta|Crunch|p1a: Iron Valiant
|-supereffective|p1a: Iron Valiant
|-damage|p1a: Iron Valiant|0 fnt
|faint|p1a: Iron Valiant
|-end|p1a: Iron Valiant|Quark Drive|[silent]
|
|win|Dryosaurus
|raw|Cinder D Ace's rating: 1446 &rarr; <strong>1426</strong><br />(-20 for losing)
|raw|Dryosaurus's rating: 1440 &rarr; <strong>1460</strong><br />(+20 for winning)
|l|☆Cinder D Ace
|player|p1|
