|j|☆nelelelelels
|j|☆Princessjosie1001!
|t:|1779660619
|gametype|singles
|player|p1|nelelelelels|dawn|1382
|player|p2|Princessjosie1001!|nurse|1505
|gen|9
|tier|[Gen 9] OU
|rated|
|rule|HP Percentage Mod: HP is shown in percentages
|rule|Endless Battle Clause: Forcing endless battles is banned
|rule|Species Clause: Limit one of each Pokémon
|rule|OHKO Clause: OHKO moves are banned
|rule|Evasion Items Clause: Evasion items are banned
|rule|Evasion Moves Clause: Evasion moves are banned
|rule|Evasion Abilities Clause: Evasion abilities are banned
|rule|Sleep Moves Clause: Sleep-inducing moves are banned
|clearpoke
|poke|p1|Walking Wake|
|poke|p1|Ting-Lu|
|poke|p1|Gliscor, M|
|poke|p1|Iron Valiant|
|poke|p1|Gholdengo|
|poke|p1|Dragonite, F|
|poke|p2|Polteageist|
|poke|p2|Cloyster, F|
|poke|p2|Salazzle, F|
|poke|p2|Espeon, M|
|poke|p2|Alcremie, F|
|poke|p2|Dragonite, F|
|teampreview
|inactive|Battle timer is ON: inactive players will automatically lose when time's up. (requested by nelelelelels)
|
|t:|1779660641
|teamsize|p1|6
|teamsize|p2|6
|start
|switch|p1a: Gliscor|Gliscor, M|100/100
|switch|p2a: No hazard allowed|Espeon, M|100/100
|turn|1
|
|t:|1779660650
|move|p2a: No hazard allowed|Trick|p1a: Gliscor
|-activate|p2a: No hazard allowed|move: Trick|[of] p1a: Gliscor
|-item|p1a: Gliscor|Choice Scarf|[from] move: Trick
|-item|p2a: No hazard allowed|Toxic Orb|[from] move: Trick
|move|p1a: Gliscor|Knock Off|p2a: No hazard allowed
|-supereffective|p2a: No hazard allowed
|-crit|p2a: No hazard allowed
|-damage|p2a: No hazard allowed|0 fnt
|-enditem|p2a: No hazard allowed|Toxic Orb|[from] move: Knock Off|[of] p1a: Gliscor
|faint|p2a: No hazard allowed
|
|upkeep
|
|t:|1779660658
|switch|p2a: Cloyster|Cloyster, F|100/100
|turn|2
|
|t:|1779660673
|switch|p1a: Ting-Lu|Ting-Lu|100/100
|-ability|p1a: Ting-Lu|Vessel of Ruin
|move|p2a: Cloyster|Shell Smash|p2a: Cloyster
|-unboost|p2a: Cloyster|def|1
|-unboost|p2a: Cloyster|spd|1
|-boost|p2a: Cloyster|atk|2
|-boost|p2a: Cloyster|spa|2
|-boost|p2a: Cloyster|spe|2
|
|upkeep
|turn|3
|
|t:|1779660682
|move|p2a: Cloyster|Icicle Spear|p1a: Ting-Lu
|-supereffective|p1a: Ting-Lu
|-damage|p1a: Ting-Lu|74/100
|-supereffective|p1a: Ting-Lu
|-damage|p1a: Ting-Lu|49/100
|-supereffective|p1a: Ting-Lu
|-damage|p1a: Ting-Lu|24/100
|-supereffective|p1a: Ting-Lu
|-damage|p1a: Ting-Lu|0 fnt
|faint|p1a: Ting-Lu
|-hitcount|p1: Ting-Lu|4
|
|upkeep
|inactive|nelelelelels has 120 seconds left.
|
|t:|1779660717
|switch|p1a: Walking Wake|Walking Wake|100/100
|turn|4
|
|t:|1779660723
|move|p2a: Cloyster|Icicle Spear|p1a: Walking Wake
|-damage|p1a: Walking Wake|75/100
|-damage|p1a: Walking Wake|51/100
|-damage|p1a: Walking Wake|26/100
|-damage|p1a: Walking Wake|0 fnt
|faint|p1a: Walking Wake
|-end|p1a: Walking Wake|Protosynthesis|[silent]
|-hitcount|p1: Walking Wake|4
|
|upkeep
|
|t:|1779660729
|switch|p1a: Gholdengo|Gholdengo|100/100
|turn|5
|
|t:|1779660739
|switch|p2a: Salazzle|Salazzle, F|100/100
|move|p1a: Gholdengo|Make It Rain|p2a: Salazzle
|-resisted|p2a: Salazzle
|-damage|p2a: Salazzle|43/100
|-unboost|p1a: Gholdengo|spa|1
|
|upkeep
|turn|6
|
|t:|1779660747
|switch|p1a: Gliscor|Gliscor, M|100/100
|move|p2a: Salazzle|Flamethrower|p1a: Gliscor
|-damage|p1a: Gliscor|48/100
|
|upkeep
|turn|7
|
|t:|1779660755
|switch|p2a: Cloyster|Cloyster, F|100/100
|move|p1a: Gliscor|Spikes|p2a: Cloyster
|-sidestart|p2: Princessjosie1001!|Spikes
|
|upkeep
|turn|8
|
|t:|1779660760
|switch|p1a: Gholdengo|Gholdengo|100/100
|move|p2a: Cloyster|Shell Smash|p2a: Cloyster
|-unboost|p2a: Cloyster|def|1
|-unboost|p2a: Cloyster|spd|1
|-boost|p2a: Cloyster|atk|2
|-boost|p2a: Cloyster|spa|2
|-boost|p2a: Cloyster|spe|2
|
|upkeep
|turn|9
|
|t:|1779660768
|move|p2a: Cloyster|Shell Smash|p2a: Cloyster
|-unboost|p2a: Cloyster|def|1
|-unboost|p2a: Cloyster|spd|1
|-boost|p2a: Cloyster|atk|2
|-boost|p2a: Cloyster|spa|2
|-boost|p2a: Cloyster|spe|2
|move|p1a: Gholdengo|Make It Rain|p2a: Cloyster
|-enditem|p2a: Cloyster|Focus Sash
|-damage|p2a: Cloyster|1/100
|-unboost|p1a: Gholdengo|spa|1
|
|upkeep
|turn|10
|
|t:|1779660778
|switch|p1a: Gliscor|Gliscor, M|48/100
|move|p2a: Cloyster|Icicle Spear|p1a: Gliscor
|-supereffective|p1a: Gliscor
|-damage|p1a: Gliscor|0 fnt
|faint|p1a: Gliscor
|-hitcount|p1: Gliscor|1
|
|upkeep
|
|t:|1779660783
|switch|p1a: Dragonite|Dragonite, F|100/100
|turn|11
|
|t:|1779660786
|move|p1a: Dragonite|Extreme Speed|p2a: Cloyster
|-damage|p2a: Cloyster|0 fnt
|faint|p2a: Cloyster
|
|upkeep
|
|t:|1779660793
|switch|p2a: Dragonite|Dragonite, F|100/100
|turn|12
|
|t:|1779660801
|move|p2a: Dragonite|Dragon Claw|p1a: Dragonite
|-supereffective|p1a: Dragonite
|-damage|p1a: Dragonite|46/100
|move|p1a: Dragonite|Dragon Dance|p1a: Dragonite
|-boost|p1a: Dragonite|atk|1
|-boost|p1a: Dragonite|spe|1
|
|upkeep
|turn|13
|
|t:|1779660814
|switch|p1a: Iron Valiant|Iron Valiant|100/100
|move|p2a: Dragonite|Dragon Claw|p1a: Iron Valiant
|-immune|p1a: Iron Valiant
|
|upkeep
|turn|14
|
|t:|1779660823
|move|p1a: Iron Valiant|Knock Off|p2a: Dragonite
|-damage|p2a: Dragonite|86/100
|-enditem|p2a: Dragonite|Weakness Policy|[from] move: Knock Off|[of] p1a: Iron Valiant
|move|p2a: Dragonite|Dragon Dance|p2a: Dragonite
|-boost|p2a: Dragonite|atk|1
|-boost|p2a: Dragonite|spe|1
|
|upkeep
|turn|15
|
|t:|1779660831
|move|p2a: Dragonite|Extreme Speed|p1a: Iron Valiant
|-damage|p1a: Iron Valiant|36/100
|move|p1a: Iron Valiant|Moonblast|p2a: Dragonite
|-supereffective|p2a: Dragonite
|-damage|p2a: Dragonite|0 fnt
|faint|p2a: Dragonite
|
|upkeep
|
|t:|1779660840
|switch|p2a: Alcremie|Alcremie, F|100/100
|-damage|p2a: Alcremie|88/100|[from] Spikes
|turn|16
|
|t:|1779660846
|-end|p1a: Iron Valiant|Quark Drive|[silent]
|switch|p1a: Gholdengo|Gholdengo|100/100
|move|p2a: Alcremie|Draining Kiss|p1a: Gholdengo
|-resisted|p1a: Gholdengo
|-damage|p1a: Gholdengo|82/100
|-heal|p2a: Alcremie|100/100|[from] drain|[of] p1a: Gholdengo
|-damage|p2a: Alcremie|91/100|[from] item: Life Orb
|
|upkeep
|turn|17
|
|t:|1779660857
|move|p1a: Gholdengo|Make It Rain|p2a: Alcremie
|-supereffective|p2a: Alcremie
|-damage|p2a: Alcremie|0 fnt
|-unboost|p1a: Gholdengo|spa|1
|faint|p2a: Alcremie
|
|upkeep
|
|t:|1779660869
|switch|p2a: Polteageist|Polteageist|100/100
|-damage|p2a: Polteageist|88/100|[from] Spikes
|turn|18
|inactive|nelelelelels has 120 seconds left.
|
|t:|1779660904
|switch|p1a: Iron Valiant|Iron Valiant|36/100
|move|p2a: Polteageist|Shell Smash|p2a: Polteageist
|-unboost|p2a: Polteageist|def|1
|-unboost|p2a: Polteageist|spd|1
|-boost|p2a: Polteageist|atk|2
|-boost|p2a: Polteageist|spa|2
|-boost|p2a: Polteageist|spe|2
|
|upkeep
|turn|19
|
|t:|1779660912
|move|p2a: Polteageist|Giga Drain|p1a: Iron Valiant
|-damage|p1a: Iron Valiant|0 fnt
|-heal|p2a: Polteageist|100/100|[from] drain|[of] p1a: Iron Valiant
|faint|p1a: Iron Valiant
|-end|p1a: Iron Valiant|Quark Drive|[silent]
|
|upkeep
|
|t:|1779660917
|switch|p1a: Gholdengo|Gholdengo|82/100
|turn|20
|
|t:|1779660923
|-terastallize|p1a: Gholdengo|Steel
|move|p2a: Polteageist|Shadow Ball|p1a: Gholdengo
|-damage|p1a: Gholdengo|0 fnt
|faint|p1a: Gholdengo
|
|upkeep
|-message|nelelelelels forfeited.
|
|win|Princessjosie1001!
|raw|nelelelelels's rating: 1382 &rarr; <strong>1369</strong><br />(-13 for losing)
|raw|Princessjosie1001!'s rating: 1505 &rarr; <strong>1518</strong><br />(+13 for winning)
|l|☆nelelelelels
|player|p1|
|l|☆Princessjosie1001!
|player|p2|
