|j|☆go faster ffs
|j|☆Le soleil dance
|t:|1779652847
|gametype|singles
|player|p1|go faster ffs|101|1365
|player|p2|Le soleil dance|fisherman-gen4|1444
|gen|9
|tier|[Gen 9] OU
|rated|
|rule|HP Percentage Mod: HP is shown in percentages
|rule|Endless Battle Clause: Forcing endless battles is banned
|rule|Species Clause: Limit one of each Pokémon
|rule|OHKO Clause: OHKO moves are banned
|rule|Evasion Items Clause: Evasion items are banned
|rule|Evasion Moves Clause: Evasion moves are banned
|rule|Evasion Abilities Clause: Evasion abilities are banned
|rule|Sleep Moves Clause: Sleep-inducing moves are banned
|clearpoke
|poke|p1|Quaquaval, M|
|poke|p1|Glimmora, M|
|poke|p1|Blissey, F|
|poke|p1|Scizor, M|
|poke|p1|Toxapex, M|
|poke|p1|Dusknoir, M|
|poke|p2|Slowking-Galar, M|
|poke|p2|Gholdengo|
|poke|p2|Samurott-Hisui, F|
|poke|p2|Scizor, F|
|poke|p2|Hatterene, F|
|poke|p2|Landorus-Therian, M|
|teampreview
|inactive|Battle timer is ON: inactive players will automatically lose when time's up. (requested by go faster ffs)
|
|t:|1779652864
|teamsize|p1|6
|teamsize|p2|6
|start
|switch|p1a: Scizor|Scizor, M|100/100
|switch|p2a: Landorus|Landorus-Therian, M|100/100
|-ability|p2a: Landorus|Intimidate|boost
|-unboost|p1a: Scizor|atk|1
|turn|1
|
|t:|1779652870
|move|p2a: Landorus|Stealth Rock|p1a: Scizor
|-sidestart|p1: go faster ffs|move: Stealth Rock
|move|p1a: Scizor|Knock Off|p2a: Landorus
|-damage|p2a: Landorus|68/100
|-damage|p1a: Scizor|84/100|[from] item: Rocky Helmet|[of] p2a: Landorus
|-enditem|p2a: Landorus|Rocky Helmet|[from] move: Knock Off|[of] p1a: Scizor
|
|upkeep
|turn|2
|
|t:|1779652878
|switch|p1a: Dusknoir|Dusknoir, M|100/100
|-damage|p1a: Dusknoir|88/100|[from] Stealth Rock
|move|p2a: Landorus|Taunt|p1a: Dusknoir
|-start|p1a: Dusknoir|move: Taunt
|
|upkeep
|turn|3
|
|t:|1779652884
|move|p2a: Landorus|U-turn|p1a: Dusknoir
|-resisted|p1a: Dusknoir
|-damage|p1a: Dusknoir|81/100
|
|t:|1779652887
|switch|p2a: Samurott|Samurott-Hisui, F|100/100|[from] U-turn
|move|p1a: Dusknoir|Night Shade|p2a: Samurott
|-damage|p2a: Samurott|69/100
|
|upkeep
|turn|4
|
|t:|1779652893
|switch|p1a: Toxapex|Toxapex, M|100/100
|-damage|p1a: Toxapex|88/100|[from] Stealth Rock
|move|p2a: Samurott|Ceaseless Edge|p1a: Toxapex
|-damage|p1a: Toxapex|54/100
|-sidestart|p1: go faster ffs|Spikes
|
|-heal|p1a: Toxapex|61/100|[from] item: Leftovers
|upkeep
|turn|5
|
|t:|1779652904
|move|p2a: Samurott|Ceaseless Edge|p1a: Toxapex
|-damage|p1a: Toxapex|31/100
|-sidestart|p1: go faster ffs|Spikes
|move|p1a: Toxapex|Infestation|p2a: Samurott
|-supereffective|p2a: Samurott
|-damage|p2a: Samurott|62/100
|-activate|p2a: Samurott|move: Infestation|[of] p1a: Toxapex
|
|-heal|p1a: Toxapex|37/100|[from] item: Leftovers
|-damage|p2a: Samurott|49/100|[from] move: Infestation|[partiallytrapped]
|upkeep
|turn|6
|
|t:|1779652911
|move|p1a: Toxapex|Protect|p1a: Toxapex
|-singleturn|p1a: Toxapex|Protect
|move|p2a: Samurott|Ceaseless Edge|p1a: Toxapex
|-activate|p1a: Toxapex|move: Protect
|
|-heal|p1a: Toxapex|44/100|[from] item: Leftovers
|-damage|p2a: Samurott|37/100|[from] move: Infestation|[partiallytrapped]
|upkeep
|turn|7
|
|t:|1779652917
|move|p2a: Samurott|Encore|p1a: Toxapex
|-start|p1a: Toxapex|Encore
|move|p1a: Toxapex|Protect||[still]
|-fail|p1a: Toxapex
|
|-heal|p1a: Toxapex|50/100|[from] item: Leftovers
|-damage|p2a: Samurott|24/100|[from] move: Infestation|[partiallytrapped]
|upkeep
|turn|8
|
|t:|1779652922
|move|p1a: Toxapex|Protect|p1a: Toxapex
|-singleturn|p1a: Toxapex|Protect
|move|p2a: Samurott|Ceaseless Edge|p1a: Toxapex
|-activate|p1a: Toxapex|move: Protect
|
|-heal|p1a: Toxapex|56/100|[from] item: Leftovers
|-damage|p2a: Samurott|12/100|[from] move: Infestation|[partiallytrapped]
|upkeep
|turn|9
|
|t:|1779652928
|move|p1a: Toxapex|Protect||[still]
|-fail|p1a: Toxapex
|move|p2a: Samurott|Ceaseless Edge|p1a: Toxapex
|-damage|p1a: Toxapex|26/100
|-sidestart|p1: go faster ffs|Spikes
|
|-heal|p1a: Toxapex|32/100|[from] item: Leftovers
|-damage|p2a: Samurott|0 fnt|[from] move: Infestation|[partiallytrapped]
|faint|p2a: Samurott
|-end|p1a: Toxapex|Encore
|upkeep
|
|t:|1779652944
|switch|p2a: Slowking|Slowking-Galar, M|100/100
|turn|10
|
|t:|1779652953
|switch|p1a: Quaquaval|Quaquaval, M|100/100
|move|p2a: Slowking|Future Sight|p1a: Quaquaval
|-start|p2a: Slowking|move: Future Sight
|
|upkeep
|turn|11
|
|t:|1779652959
|switch|p2a: Gholdengo|Gholdengo|100/100
|move|p1a: Quaquaval|Rapid Spin|p2a: Gholdengo
|-immune|p2a: Gholdengo
|
|upkeep
|turn|12
|
|t:|1779652977
|switch|p1a: Blissey|Blissey, F|100/100
|-damage|p1a: Blissey|88/100|[from] Stealth Rock
|-damage|p1a: Blissey|63/100|[from] Spikes
|move|p2a: Gholdengo|Shadow Ball|p1a: Blissey
|-immune|p1a: Blissey
|
|-end|p1a: Blissey|move: Future Sight
|-damage|p1a: Blissey|50/100
|-heal|p1a: Blissey|57/100|[from] item: Leftovers
|upkeep
|turn|13
|
|t:|1779652985
|switch|p2a: Hatterene|Hatterene, F|100/100
|move|p1a: Blissey|Shadow Ball|p2a: Hatterene
|-supereffective|p2a: Hatterene
|-damage|p2a: Hatterene|79/100
|-unboost|p2a: Hatterene|spd|1
|
|-heal|p1a: Blissey|63/100|[from] item: Leftovers
|upkeep
|turn|14
|
|t:|1779652994
|switch|p2a: Scizor|Scizor, F|100/100
|move|p1a: Blissey|Seismic Toss|p2a: Scizor
|-damage|p2a: Scizor|71/100
|
|-heal|p1a: Blissey|69/100|[from] item: Leftovers
|upkeep
|turn|15
|
|t:|1779653000
|switch|p1a: Quaquaval|Quaquaval, M|100/100
|move|p2a: Scizor|U-turn|p1a: Quaquaval
|-resisted|p1a: Quaquaval
|-damage|p1a: Quaquaval|75/100
|
|t:|1779653010
|switch|p2a: Gholdengo|Gholdengo|100/100|[from] U-turn
|
|upkeep
|turn|16
|
|t:|1779653027
|switch|p1a: Blissey|Blissey, F|69/100
|-damage|p1a: Blissey|56/100|[from] Stealth Rock
|-damage|p1a: Blissey|31/100|[from] Spikes
|move|p2a: Gholdengo|Shadow Ball|p1a: Blissey
|-immune|p1a: Blissey
|
|-heal|p1a: Blissey|38/100|[from] item: Leftovers
|upkeep
|turn|17
|
|t:|1779653032
|switch|p2a: Scizor|Scizor, F|71/100
|move|p1a: Blissey|Soft-Boiled|p1a: Blissey
|-heal|p1a: Blissey|88/100
|
|-heal|p1a: Blissey|94/100|[from] item: Leftovers
|upkeep
|turn|18
|
|t:|1779653045
|switch|p1a: Dusknoir|Dusknoir, M|81/100
|-damage|p1a: Dusknoir|69/100|[from] Stealth Rock
|-damage|p1a: Dusknoir|44/100|[from] Spikes
|-item|p2a: Scizor|Heavy-Duty Boots|[from] ability: Frisk|[of] p1a: Dusknoir
|move|p2a: Scizor|Knock Off|p1a: Dusknoir
|-supereffective|p1a: Dusknoir
|-damage|p1a: Dusknoir|0 fnt
|-enditem|p1a: Dusknoir|Choice Scarf|[from] move: Knock Off|[of] p2a: Scizor
|faint|p1a: Dusknoir
|
|upkeep
|
|t:|1779653058
|switch|p1a: Glimmora|Glimmora, M|100/100
|-damage|p1a: Glimmora|88/100|[from] Stealth Rock
|-damage|p1a: Glimmora|63/100|[from] Spikes
|turn|19
|
|t:|1779653067
|move|p2a: Scizor|Bullet Punch|p1a: Glimmora
|-supereffective|p1a: Glimmora
|-damage|p1a: Glimmora|0 fnt
|-activate|p1a: Glimmora|ability: Toxic Debris
|-sidestart|p2: Le soleil dance|move: Toxic Spikes
|faint|p1a: Glimmora
|
|upkeep
|
|t:|1779653080
|switch|p1a: Toxapex|Toxapex, M|66/100
|-damage|p1a: Toxapex|53/100|[from] Stealth Rock
|-damage|p1a: Toxapex|28/100|[from] Spikes
|turn|20
|
|t:|1779653085
|move|p2a: Scizor|Knock Off|p1a: Toxapex
|-damage|p1a: Toxapex|3/100
|-enditem|p1a: Toxapex|Leftovers|[from] move: Knock Off|[of] p2a: Scizor
|move|p1a: Toxapex|Infestation|p2a: Scizor
|-resisted|p2a: Scizor
|-damage|p2a: Scizor|70/100
|-activate|p2a: Scizor|move: Infestation|[of] p1a: Toxapex
|
|-damage|p2a: Scizor|58/100|[from] move: Infestation|[partiallytrapped]
|upkeep
|turn|21
|
|t:|1779653093
|move|p1a: Toxapex|Protect|p1a: Toxapex
|-singleturn|p1a: Toxapex|Protect
|move|p2a: Scizor|U-turn|p1a: Toxapex
|-activate|p1a: Toxapex|move: Protect
|
|-damage|p2a: Scizor|45/100|[from] move: Infestation|[partiallytrapped]
|upkeep
|turn|22
|
|t:|1779653098
|switch|p1a: Scizor|Scizor, M|84/100
|-damage|p1a: Scizor|71/100|[from] Stealth Rock
|-damage|p1a: Scizor|46/100|[from] Spikes
|move|p2a: Scizor|U-turn|p1a: Scizor
|-resisted|p1a: Scizor
|-damage|p1a: Scizor|27/100
|
|t:|1779653121
|switch|p2a: Gholdengo|Gholdengo|100/100|[from] U-turn
|
|upkeep
|turn|23
|
|t:|1779653128
|move|p2a: Gholdengo|Shadow Ball|p1a: Scizor
|-damage|p1a: Scizor|0 fnt
|faint|p1a: Scizor
|
|upkeep
|
|t:|1779653132
|switch|p1a: Blissey|Blissey, F|94/100
|-damage|p1a: Blissey|81/100|[from] Stealth Rock
|-damage|p1a: Blissey|56/100|[from] Spikes
|turn|24
|
|t:|1779653135
|switch|p2a: Slowking|Slowking-Galar, M|100/100
|-sideend|p2: Le soleil dance|move: Toxic Spikes|[of] p2a: Slowking
|move|p1a: Blissey|Soft-Boiled|p1a: Blissey
|-heal|p1a: Blissey|100/100
|
|upkeep
|turn|25
|
|t:|1779653143
|move|p1a: Blissey|Seismic Toss|p2a: Slowking
|-damage|p2a: Slowking|75/100
|move|p2a: Slowking|Future Sight|p1a: Blissey
|-start|p2a: Slowking|move: Future Sight
|
|upkeep
|turn|26
|
|t:|1779653148
|move|p1a: Blissey|Seismic Toss|p2a: Slowking
|-damage|p2a: Slowking|50/100
|-prepare|p2a: Slowking|Chilly Reception|[premajor]
|move|p2a: Slowking|Chilly Reception|p2a: Slowking
|-weather|Snowscape
|
|t:|1779653158
|switch|p2a: Scizor|Scizor, F|45/100|[from] Chilly Reception
|
|-weather|Snowscape|[upkeep]
|upkeep
|turn|27
|
|t:|1779653167
|move|p2a: Scizor|U-turn|p1a: Blissey
|-damage|p1a: Blissey|19/100
|
|t:|1779653174
|switch|p2a: Landorus|Landorus-Therian, M|68/100|[from] U-turn
|-ability|p2a: Landorus|Intimidate|boost
|-unboost|p1a: Blissey|atk|1
|move|p1a: Blissey|Seismic Toss|p2a: Landorus
|-damage|p2a: Landorus|41/100
|
|-weather|Snowscape|[upkeep]
|-end|p1a: Blissey|move: Future Sight
|-damage|p1a: Blissey|7/100
|-heal|p1a: Blissey|13/100|[from] item: Leftovers
|upkeep
|turn|28
|
|t:|1779653181
|switch|p1a: Quaquaval|Quaquaval, M|75/100
|move|p2a: Landorus|U-turn|p1a: Quaquaval
|-resisted|p1a: Quaquaval
|-damage|p1a: Quaquaval|63/100
|
|t:|1779653188
|switch|p2a: Gholdengo|Gholdengo|100/100|[from] U-turn
|
|-weather|Snowscape|[upkeep]
|upkeep
|turn|29
|
|t:|1779653196
|switch|p1a: Toxapex|Toxapex, M|36/100
|-damage|p1a: Toxapex|24/100|[from] Stealth Rock
|-damage|p1a: Toxapex|0 fnt|[from] Spikes
|faint|p1a: Toxapex
|move|p2a: Gholdengo|Shadow Ball|p1: Toxapex|[notarget]
|-fail|p2a: Gholdengo
|
|-weather|Snowscape|[upkeep]
|upkeep
|
|t:|1779653198
|switch|p1a: Blissey|Blissey, F|13/100
|-damage|p1a: Blissey|0 fnt|[from] Stealth Rock
|faint|p1a: Blissey
|
|t:|1779653199
|switch|p1a: Quaquaval|Quaquaval, M|63/100
|turn|30
|
|t:|1779653203
|-terastallize|p1a: Quaquaval|Dark
|move|p2a: Gholdengo|Shadow Ball|p1a: Quaquaval
|-resisted|p1a: Quaquaval
|-damage|p1a: Quaquaval|15/100
|-unboost|p1a: Quaquaval|spd|1
|move|p1a: Quaquaval|Aqua Step|p2a: Gholdengo
|-damage|p2a: Gholdengo|53/100
|-boost|p1a: Quaquaval|spe|1
|
|-weather|none
|upkeep
|turn|31
|
|t:|1779653214
|move|p1a: Quaquaval|Aqua Step|p2a: Gholdengo
|-damage|p2a: Gholdengo|6/100
|-boost|p1a: Quaquaval|spe|1
|move|p2a: Gholdengo|Shadow Ball|p1a: Quaquaval
|-resisted|p1a: Quaquaval
|-damage|p1a: Quaquaval|0 fnt
|faint|p1a: Quaquaval
|
|win|Le soleil dance
|raw|go faster ffs's rating: 1365 &rarr; <strong>1349</strong><br />(-16 for losing)
|raw|Le soleil dance's rating: 1444 &rarr; <strong>1460</strong><br />(+16 for winning)
|l|☆go faster ffs
|player|p1|
|l|☆Le soleil dance
|player|p2|
