|j|☆OlafGrossebaf
|j|☆TsekaiAndIncognito
|t:|1779627713
|gametype|singles
|player|p1|OlafGrossebaf|1|1351
|player|p2|TsekaiAndIncognito|2|1284
|gen|9
|tier|[Gen 9] OU
|rated|
|rule|HP Percentage Mod: HP is shown in percentages
|rule|Endless Battle Clause: Forcing endless battles is banned
|rule|Species Clause: Limit one of each Pokémon
|rule|OHKO Clause: OHKO moves are banned
|rule|Evasion Items Clause: Evasion items are banned
|rule|Evasion Moves Clause: Evasion moves are banned
|rule|Evasion Abilities Clause: Evasion abilities are banned
|rule|Sleep Moves Clause: Sleep-inducing moves are banned
|clearpoke
|poke|p1|Flamigo, L1, M|
|poke|p1|Donphan, L1, M|
|poke|p1|Staraptor, M|
|poke|p1|Kingambit, M|
|poke|p1|Iron Moth|
|poke|p1|Great Tusk|
|poke|p2|Heatran, M|
|poke|p2|Iron Hands|
|poke|p2|Kingambit, M|
|poke|p2|Dragapult, F|
|poke|p2|Hoopa-Unbound|
|poke|p2|Zapdos|
|teampreview
|inactive|Battle timer is ON: inactive players will automatically lose when time's up. (requested by OlafGrossebaf)
|
|t:|1779627728
|teamsize|p1|6
|teamsize|p2|6
|start
|switch|p1a: Staraptor|Staraptor, M|100/100
|switch|p2a: Hoopa|Hoopa-Unbound|100/100
|-ability|p1a: Staraptor|Intimidate|boost
|-unboost|p2a: Hoopa|atk|1
|turn|1
|
|t:|1779627742
|switch|p2a: Zapdos|Zapdos|100/100
|move|p1a: Staraptor|U-turn|p2a: Zapdos
|-resisted|p2a: Zapdos
|-damage|p2a: Zapdos|92/100
|-damage|p1a: Staraptor|84/100|[from] item: Rocky Helmet|[of] p2a: Zapdos
|
|t:|1779627749
|switch|p1a: Flamigo|Flamigo, L1, M|100/100|[from] U-turn
|
|upkeep
|turn|2
|
|t:|1779627754
|move|p2a: Zapdos|Roost|p2a: Zapdos
|-heal|p2a: Zapdos|100/100
|-singleturn|p2a: Zapdos|move: Roost
|move|p1a: Flamigo|Endeavor|p2a: Zapdos
|-damage|p2a: Zapdos|4/100
|-damage|p1a: Flamigo|84/100|[from] item: Rocky Helmet|[of] p2a: Zapdos
|-status|p1a: Flamigo|par|[from] ability: Static|[of] p2a: Zapdos
|
|upkeep
|turn|3
|
|t:|1779627763
|move|p2a: Zapdos|U-turn|p1a: Flamigo
|-resisted|p1a: Flamigo
|-damage|p1a: Flamigo|0 fnt
|faint|p1a: Flamigo
|
|t:|1779627768
|switch|p2a: Hoopa|Hoopa-Unbound|100/100|[from] U-turn
|
|upkeep
|
|t:|1779627772
|switch|p1a: Staraptor|Staraptor, M|84/100
|-ability|p1a: Staraptor|Intimidate|boost
|-unboost|p2a: Hoopa|atk|1
|turn|4
|
|t:|1779627778
|switch|p2a: Zapdos|Zapdos|4/100
|move|p1a: Staraptor|U-turn|p2a: Zapdos
|-resisted|p2a: Zapdos
|-damage|p2a: Zapdos|0 fnt
|-damage|p1a: Staraptor|67/100|[from] item: Rocky Helmet|[of] p2a: Zapdos
|-status|p1a: Staraptor|par|[from] ability: Static|[of] p2a: Zapdos
|faint|p2a: Zapdos
|
|t:|1779627796
|switch|p1a: Kingambit|Kingambit, M|100/100|[from] U-turn
|-activate|p1a: Kingambit|ability: Supreme Overlord
|-start|p1a: Kingambit|fallen1|[silent]
|
|upkeep
|
|t:|1779627800
|switch|p2a: Iron Hands|Iron Hands|100/100
|-enditem|p2a: Iron Hands|Booster Energy
|-activate|p2a: Iron Hands|ability: Quark Drive|[fromitem]
|-start|p2a: Iron Hands|quarkdriveatk
|turn|5
|
|t:|1779627805
|-end|p1a: Kingambit|fallen1|[silent]
|switch|p1a: Staraptor|Staraptor, M|67/100 par
|-ability|p1a: Staraptor|Intimidate|boost
|-unboost|p2a: Iron Hands|atk|1
|move|p2a: Iron Hands|Swords Dance|p2a: Iron Hands
|-boost|p2a: Iron Hands|atk|2
|
|upkeep
|turn|6
|
|t:|1779627810
|cant|p1a: Staraptor|par
|move|p2a: Iron Hands|Drain Punch|p1a: Staraptor
|-damage|p1a: Staraptor|0 fnt
|faint|p1a: Staraptor
|
|upkeep
|
|t:|1779627819
|switch|p1a: Donphan|Donphan, L1, M|100/100
|turn|7
|
|t:|1779627823
|move|p2a: Iron Hands|Swords Dance|p2a: Iron Hands
|-boost|p2a: Iron Hands|atk|2
|move|p1a: Donphan|Endeavor|p2a: Iron Hands
|-damage|p2a: Iron Hands|3/100
|
|upkeep
|turn|8
|
|t:|1779627831
|switch|p1a: Great Tusk|Great Tusk|100/100
|move|p2a: Iron Hands|Drain Punch|p1a: Great Tusk
|-damage|p1a: Great Tusk|10/100
|-heal|p2a: Iron Hands|45/100|[from] drain|[of] p1a: Great Tusk
|-damage|p2a: Iron Hands|28/100|[from] item: Rocky Helmet|[of] p1a: Great Tusk
|
|upkeep
|turn|9
|
|t:|1779627842
|move|p1a: Great Tusk|Headlong Rush|p2a: Iron Hands
|-supereffective|p2a: Iron Hands
|-damage|p2a: Iron Hands|0 fnt
|-unboost|p1a: Great Tusk|def|1
|-unboost|p1a: Great Tusk|spd|1
|faint|p2a: Iron Hands
|-end|p2a: Iron Hands|Quark Drive|[silent]
|
|upkeep
|
|t:|1779627856
|switch|p2a: Dragapult|Dragapult, F|100/100
|turn|10
|
|t:|1779627868
|move|p2a: Dragapult|Shadow Ball|p1a: Great Tusk
|-damage|p1a: Great Tusk|0 fnt
|faint|p1a: Great Tusk
|-end|p1a: Great Tusk|Protosynthesis|[silent]
|
|upkeep
|
|t:|1779627871
|switch|p1a: Kingambit|Kingambit, M|100/100
|-activate|p1a: Kingambit|ability: Supreme Overlord
|-start|p1a: Kingambit|fallen3|[silent]
|turn|11
|
|t:|1779627882
|switch|p2a: Heatran|Heatran, M|100/100
|move|p1a: Kingambit|Swords Dance|p1a: Kingambit
|-boost|p1a: Kingambit|atk|2
|
|upkeep
|turn|12
|
|t:|1779627886
|move|p2a: Heatran|Magma Storm|p1a: Kingambit
|-supereffective|p1a: Kingambit
|-damage|p1a: Kingambit|0 fnt
|faint|p1a: Kingambit
|-end|p1a: Kingambit|fallen3|[silent]
|
|upkeep
|
|t:|1779627890
|switch|p1a: Donphan|Donphan, L1, M|100/100
|turn|13
|
|t:|1779627892
|move|p2a: Heatran|Magma Storm|p1a: Donphan
|-ability|p1a: Donphan|Sturdy
|-damage|p1a: Donphan|8/100
|-activate|p1a: Donphan|move: Magma Storm|[of] p2a: Heatran
|move|p1a: Donphan|Endeavor|p2a: Heatran
|-damage|p2a: Heatran|1/100
|
|-damage|p1a: Donphan|0 fnt|[from] move: Magma Storm|[partiallytrapped]
|faint|p1a: Donphan
|upkeep
|
|t:|1779627896
|switch|p1a: Iron Moth|Iron Moth|100/100
|-enditem|p1a: Iron Moth|Booster Energy
|-activate|p1a: Iron Moth|ability: Quark Drive|[fromitem]
|-start|p1a: Iron Moth|quarkdrivespe
|turn|14
|
|t:|1779627905
|move|p1a: Iron Moth|Bug Buzz|p2a: Heatran
|-resisted|p2a: Heatran
|-damage|p2a: Heatran|0 fnt
|faint|p2a: Heatran
|
|upkeep
|
|t:|1779627908
|switch|p2a: Hoopa|Hoopa-Unbound|100/100
|turn|15
|
|t:|1779627916
|move|p1a: Iron Moth|Fiery Dance|p2a: Hoopa
|-damage|p2a: Hoopa|64/100
|move|p2a: Hoopa|Zen Headbutt|p1a: Iron Moth
|-supereffective|p1a: Iron Moth
|-damage|p1a: Iron Moth|0 fnt
|faint|p1a: Iron Moth
|-end|p1a: Iron Moth|Quark Drive|[silent]
|
|win|TsekaiAndIncognito
|raw|OlafGrossebaf's rating: 1351 &rarr; <strong>1327</strong><br />(-24 for losing)
|raw|TsekaiAndIncognito's rating: 1284 &rarr; <strong>1314</strong><br />(+30 for winning)
|l|☆TsekaiAndIncognito
|player|p2|
|l|☆OlafGrossebaf
|player|p1|
