|j|☆karothis
|j|☆yoki
|t:|1779683024
|gametype|singles
|player|p1|karothis|101|1316
|player|p2|yoki|2|1367
|gen|9
|tier|[Gen 9] OU
|rated|
|rule|HP Percentage Mod: HP is shown in percentages
|rule|Endless Battle Clause: Forcing endless battles is banned
|rule|Species Clause: Limit one of each Pokémon
|rule|OHKO Clause: OHKO moves are banned
|rule|Evasion Items Clause: Evasion items are banned
|rule|Evasion Moves Clause: Evasion moves are banned
|rule|Evasion Abilities Clause: Evasion abilities are banned
|rule|Sleep Moves Clause: Sleep-inducing moves are banned
|clearpoke
|poke|p1|Quagsire, M|
|poke|p1|Toxapex, F|
|poke|p1|Blissey, F|
|poke|p1|Corviknight, F|
|poke|p1|Clefable, M|
|poke|p1|Hydrapple, F|
|poke|p2|Slowking-Galar, F|
|poke|p2|Great Tusk|
|poke|p2|Kyurem|
|poke|p2|Iron Hands|
|poke|p2|Darkrai|
|poke|p2|Zapdos|
|teampreview
|
|t:|1779683040
|teamsize|p1|6
|teamsize|p2|6
|start
|switch|p1a: Hydrapple|Hydrapple, F|100/100
|switch|p2a: Slowking|Slowking-Galar, F|100/100
|turn|1
|
|t:|1779683050
|-terastallize|p1a: Hydrapple|Steel
|move|p1a: Hydrapple|Draco Meteor|p2a: Slowking
|-damage|p2a: Slowking|39/100
|-unboost|p1a: Hydrapple|spa|2
|-prepare|p2a: Slowking|Chilly Reception|[premajor]
|move|p2a: Slowking|Chilly Reception|p2a: Slowking
|-weather|Snowscape
|
|t:|1779683064
|switch|p2a: Iron Hands|Iron Hands|100/100|[from] Chilly Reception
|
|-weather|Snowscape|[upkeep]
|upkeep
|turn|2
|
|t:|1779683072
|switch|p1a: Clefable|Clefable, M|100/100
|move|p2a: Iron Hands|Earthquake|p1a: Clefable
|-damage|p1a: Clefable|59/100
|
|-weather|Snowscape|[upkeep]
|-heal|p1a: Clefable|65/100|[from] item: Leftovers
|upkeep
|turn|3
|
|t:|1779683081
|-end|p2a: Iron Hands|Quark Drive|[silent]
|switch|p2a: Slowking|Slowking-Galar, F|72/100
|move|p1a: Clefable|Moonlight|p1a: Clefable
|-heal|p1a: Clefable|90/100
|
|-weather|Snowscape|[upkeep]
|-heal|p1a: Clefable|96/100|[from] item: Leftovers
|upkeep
|turn|4
|
|t:|1779683086
|switch|p1a: Blissey|Blissey, F|100/100
|move|p2a: Slowking|Thunder Wave|p1a: Blissey
|-status|p1a: Blissey|par
|
|-weather|Snowscape|[upkeep]
|upkeep
|turn|5
|
|t:|1779683101
|switch|p2a: Iron Hands|Iron Hands|100/100
|move|p1a: Blissey|Stealth Rock|p2a: Iron Hands
|-sidestart|p2: yoki|move: Stealth Rock
|
|-weather|none
|upkeep
|turn|6
|
|t:|1779683111
|-curestatus|p1a: Blissey|par|[from] ability: Natural Cure|[silent]
|switch|p1a: Quagsire|Quagsire, M|100/100
|move|p2a: Iron Hands|Close Combat|p1a: Quagsire
|-damage|p1a: Quagsire|48/100
|-unboost|p2a: Iron Hands|def|1
|-unboost|p2a: Iron Hands|spd|1
|
|upkeep
|turn|7
|
|t:|1779683126
|switch|p1a: Toxapex|Toxapex, F|100/100
|move|p2a: Iron Hands|Volt Switch|p1a: Toxapex
|-supereffective|p1a: Toxapex
|-damage|p1a: Toxapex|76/100
|
|t:|1779683131
|-end|p2a: Iron Hands|Quark Drive|[silent]
|switch|p2a: Zapdos|Zapdos, shiny|100/100|[from] Volt Switch
|
|-heal|p1a: Toxapex|82/100|[from] item: Black Sludge
|upkeep
|turn|8
|
|t:|1779683136
|move|p2a: Zapdos|Volt Switch|p1a: Toxapex
|-supereffective|p1a: Toxapex
|-damage|p1a: Toxapex|33/100
|
|t:|1779683140
|switch|p2a: Slowking|Slowking-Galar, F|100/100|[from] Volt Switch
|-damage|p2a: Slowking|88/100|[from] Stealth Rock
|move|p1a: Toxapex|Toxic|p2a: Slowking
|-immune|p2a: Slowking
|
|-heal|p1a: Toxapex|39/100|[from] item: Black Sludge
|upkeep
|turn|9
|
|t:|1779683147
|move|p1a: Toxapex|Recover|p1a: Toxapex
|-heal|p1a: Toxapex|89/100
|-prepare|p2a: Slowking|Chilly Reception|[premajor]
|move|p2a: Slowking|Chilly Reception|p2a: Slowking
|-weather|Snowscape
|
|t:|1779683156
|switch|p2a: Great Tusk|Great Tusk|100/100|[from] Chilly Reception
|-damage|p2a: Great Tusk|97/100|[from] Stealth Rock
|
|-weather|Snowscape|[upkeep]
|-heal|p2a: Great Tusk|100/100|[from] item: Leftovers
|-heal|p1a: Toxapex|96/100|[from] item: Black Sludge
|upkeep
|turn|10
|
|t:|1779683162
|move|p2a: Great Tusk|Rapid Spin|p1a: Toxapex
|-damage|p1a: Toxapex|85/100
|-boost|p2a: Great Tusk|spe|1
|-sideend|p2: yoki|Stealth Rock|[from] move: Rapid Spin|[of] p2a: Great Tusk
|move|p1a: Toxapex|Toxic|p2a: Great Tusk
|-status|p2a: Great Tusk|tox
|
|-weather|Snowscape|[upkeep]
|-heal|p1a: Toxapex|91/100|[from] item: Black Sludge
|-damage|p2a: Great Tusk|94/100 tox|[from] psn
|upkeep
|turn|11
|
|t:|1779683171
|-end|p2a: Great Tusk|Protosynthesis|[silent]
|switch|p2a: Zapdos|Zapdos, shiny|100/100
|switch|p1a: Corviknight|Corviknight, F|100/100
|
|-weather|Snowscape|[upkeep]
|upkeep
|turn|12
|
|t:|1779683176
|switch|p1a: Quagsire|Quagsire, M|48/100
|move|p2a: Zapdos|Volt Switch|p1a: Quagsire
|-immune|p1a: Quagsire
|
|-weather|Snowscape|[upkeep]
|upkeep
|turn|13
|
|t:|1779683178
|move|p2a: Zapdos|Hurricane|p1a: Quagsire
|-damage|p1a: Quagsire|0 fnt
|faint|p1a: Quagsire
|
|-weather|none
|upkeep
|
|t:|1779683188
|switch|p1a: Hydrapple|Hydrapple, F, tera:Steel|100/100
|turn|14
|
|t:|1779683192
|move|p2a: Zapdos|Volt Switch|p1a: Hydrapple
|-damage|p1a: Hydrapple|72/100
|
|t:|1779683194
|switch|p2a: Slowking|Slowking-Galar, F|100/100|[from] Volt Switch
|move|p1a: Hydrapple|Draco Meteor|p2a: Slowking
|-damage|p2a: Slowking|40/100
|-unboost|p1a: Hydrapple|spa|2
|
|upkeep
|turn|15
|
|t:|1779683201
|switch|p2a: Zapdos|Zapdos, shiny|100/100
|move|p1a: Hydrapple|Draco Meteor|p2a: Zapdos
|-damage|p2a: Zapdos|52/100
|-unboost|p1a: Hydrapple|spa|2
|
|upkeep
|turn|16
|
|t:|1779683205
|switch|p1a: Blissey|Blissey, F|100/100
|move|p2a: Zapdos|Roost|p2a: Zapdos
|-heal|p2a: Zapdos|100/100
|-singleturn|p2a: Zapdos|move: Roost
|
|upkeep
|turn|17
|
|t:|1779683209
|move|p2a: Zapdos|Volt Switch|p1a: Blissey
|-crit|p1a: Blissey
|-damage|p1a: Blissey|85/100
|-enditem|p1a: Blissey|Red Card|[of] p2a: Zapdos
|drag|p2a: Kyurem|Kyurem|100/100
|-ability|p2a: Kyurem|Pressure
|move|p1a: Blissey|Stealth Rock|p2a: Kyurem
|-sidestart|p2: yoki|move: Stealth Rock
|
|upkeep
|turn|18
|
|t:|1779683212
|switch|p2a: Iron Hands|Iron Hands|100/100
|-damage|p2a: Iron Hands|94/100|[from] Stealth Rock
|switch|p1a: Hydrapple|Hydrapple, F, tera:Steel|100/100
|
|upkeep
|turn|19
|
|t:|1779683216
|switch|p1a: Toxapex|Toxapex, F|100/100
|move|p2a: Iron Hands|Close Combat|p1a: Toxapex
|-resisted|p1a: Toxapex
|-damage|p1a: Toxapex|76/100
|-unboost|p2a: Iron Hands|def|1
|-unboost|p2a: Iron Hands|spd|1
|
|-heal|p1a: Toxapex|82/100|[from] item: Black Sludge
|upkeep
|turn|20
|
|t:|1779683221
|-end|p2a: Iron Hands|Quark Drive|[silent]
|switch|p2a: Slowking|Slowking-Galar, F|73/100
|-damage|p2a: Slowking|60/100|[from] Stealth Rock
|move|p1a: Toxapex|Toxic|p2a: Slowking
|-immune|p2a: Slowking
|
|-heal|p1a: Toxapex|88/100|[from] item: Black Sludge
|upkeep
|turn|21
|
|t:|1779683225
|move|p1a: Toxapex|Toxic|p2a: Slowking
|-immune|p2a: Slowking
|move|p2a: Slowking|Future Sight|p1a: Toxapex
|-start|p2a: Slowking|move: Future Sight
|
|-heal|p1a: Toxapex|95/100|[from] item: Black Sludge
|upkeep
|turn|22
|
|t:|1779683228
|move|p1a: Toxapex|Toxic|p2a: Slowking
|-immune|p2a: Slowking
|-prepare|p2a: Slowking|Chilly Reception|[premajor]
|move|p2a: Slowking|Chilly Reception|p2a: Slowking
|-weather|Snowscape
|
|t:|1779683247
|switch|p2a: Iron Hands|Iron Hands|94/100|[from] Chilly Reception
|-damage|p2a: Iron Hands|88/100|[from] Stealth Rock
|
|-weather|Snowscape|[upkeep]
|-heal|p1a: Toxapex|100/100|[from] item: Black Sludge
|upkeep
|turn|23
|
|t:|1779683255
|move|p2a: Iron Hands|Close Combat|p1a: Toxapex
|-resisted|p1a: Toxapex
|-damage|p1a: Toxapex|77/100
|-unboost|p2a: Iron Hands|def|1
|-unboost|p2a: Iron Hands|spd|1
|move|p1a: Toxapex|Toxic|p2a: Iron Hands
|-status|p2a: Iron Hands|tox
|
|-weather|Snowscape|[upkeep]
|-end|p1a: Toxapex|move: Future Sight
|-supereffective|p1a: Toxapex
|-damage|p1a: Toxapex|16/100
|-heal|p1a: Toxapex|22/100|[from] item: Black Sludge
|-damage|p2a: Iron Hands|82/100 tox|[from] psn
|upkeep
|turn|24
|
|t:|1779683269
|switch|p1a: Clefable|Clefable, M|96/100
|move|p2a: Iron Hands|Close Combat|p1a: Clefable
|-resisted|p1a: Clefable
|-damage|p1a: Clefable|60/100
|-unboost|p2a: Iron Hands|def|1
|-unboost|p2a: Iron Hands|spd|1
|
|-weather|Snowscape|[upkeep]
|-heal|p1a: Clefable|66/100|[from] item: Leftovers
|-damage|p2a: Iron Hands|69/100 tox|[from] psn
|upkeep
|turn|25
|
|t:|1779683274
|-end|p2a: Iron Hands|Quark Drive|[silent]
|switch|p2a: Slowking|Slowking-Galar, F|94/100
|-damage|p2a: Slowking|81/100|[from] Stealth Rock
|move|p1a: Clefable|Moonlight|p1a: Clefable
|-heal|p1a: Clefable|91/100
|
|-weather|Snowscape|[upkeep]
|-heal|p1a: Clefable|97/100|[from] item: Leftovers
|upkeep
|turn|26
|
|t:|1779683278
|switch|p1a: Toxapex|Toxapex, F|55/100
|move|p2a: Slowking|Future Sight|p1a: Toxapex
|-start|p2a: Slowking|move: Future Sight
|
|-weather|none
|-heal|p1a: Toxapex|61/100|[from] item: Black Sludge
|upkeep
|turn|27
|
|t:|1779683279
|move|p1a: Toxapex|Recover|p1a: Toxapex
|-heal|p1a: Toxapex|100/100
|move|p2a: Slowking|Thunder Wave|p1a: Toxapex
|-status|p1a: Toxapex|par
|
|upkeep
|turn|28
|
|t:|1779683300
|-prepare|p2a: Slowking|Chilly Reception|[premajor]
|move|p2a: Slowking|Chilly Reception|p2a: Slowking
|-weather|Snowscape
|
|t:|1779683302
|switch|p2a: Zapdos|Zapdos, shiny|100/100|[from] Chilly Reception
|move|p1a: Toxapex|Toxic|p2a: Zapdos
|-status|p2a: Zapdos|tox
|
|-weather|Snowscape|[upkeep]
|-end|p1a: Toxapex|move: Future Sight
|-supereffective|p1a: Toxapex
|-damage|p1a: Toxapex|29/100 par
|-heal|p1a: Toxapex|35/100 par|[from] item: Black Sludge
|-damage|p2a: Zapdos|94/100 tox|[from] psn
|upkeep
|turn|29
|
|t:|1779683307
|switch|p1a: Blissey|Blissey, F|85/100
|move|p2a: Zapdos|Volt Switch|p1a: Blissey
|-damage|p1a: Blissey|76/100
|
|t:|1779683310
|switch|p2a: Great Tusk|Great Tusk|94/100 tox|[from] Volt Switch
|-damage|p2a: Great Tusk|91/100 tox|[from] Stealth Rock
|
|-weather|Snowscape|[upkeep]
|-heal|p2a: Great Tusk|97/100 tox|[from] item: Leftovers
|-damage|p2a: Great Tusk|91/100 tox|[from] psn
|upkeep
|turn|30
|
|t:|1779683313
|switch|p1a: Corviknight|Corviknight, F|100/100
|move|p2a: Great Tusk|Close Combat|p1a: Corviknight
|-damage|p1a: Corviknight|60/100
|-unboost|p2a: Great Tusk|def|1
|-unboost|p2a: Great Tusk|spd|1
|
|-weather|Snowscape|[upkeep]
|-heal|p2a: Great Tusk|97/100 tox|[from] item: Leftovers
|-damage|p2a: Great Tusk|85/100 tox|[from] psn
|upkeep
|turn|31
|
|t:|1779683315
|-end|p2a: Great Tusk|Protosynthesis|[silent]
|switch|p2a: Zapdos|Zapdos, shiny|94/100 tox
|move|p1a: Corviknight|Roost|p1a: Corviknight
|-heal|p1a: Corviknight|100/100
|-singleturn|p1a: Corviknight|move: Roost
|
|-weather|Snowscape|[upkeep]
|-damage|p2a: Zapdos|88/100 tox|[from] psn
|upkeep
|turn|32
|
|t:|1779683323
|switch|p1a: Blissey|Blissey, F|76/100
|move|p2a: Zapdos|Volt Switch|p1a: Blissey
|-damage|p1a: Blissey|66/100
|
|t:|1779683329
|switch|p2a: Iron Hands|Iron Hands|69/100 tox|[from] Volt Switch
|-damage|p2a: Iron Hands|63/100 tox|[from] Stealth Rock
|
|-weather|none
|-damage|p2a: Iron Hands|57/100 tox|[from] psn
|upkeep
|turn|33
|
|t:|1779683332
|switch|p1a: Clefable|Clefable, M|97/100
|move|p2a: Iron Hands|Earthquake|p1a: Clefable
|-damage|p1a: Clefable|56/100
|
|-heal|p1a: Clefable|62/100|[from] item: Leftovers
|-damage|p2a: Iron Hands|44/100 tox|[from] psn
|upkeep
|turn|34
|
|t:|1779683335
|-end|p2a: Iron Hands|Quark Drive|[silent]
|switch|p2a: Slowking|Slowking-Galar, F|100/100
|-damage|p2a: Slowking|88/100|[from] Stealth Rock
|move|p1a: Clefable|Moonlight|p1a: Clefable
|-heal|p1a: Clefable|100/100
|
|upkeep
|turn|35
|
|t:|1779683342
|switch|p1a: Blissey|Blissey, F|66/100
|move|p2a: Slowking|Future Sight|p1a: Blissey
|-start|p2a: Slowking|move: Future Sight
|
|upkeep
|turn|36
|
|t:|1779683344
|move|p1a: Blissey|Soft-Boiled|p1a: Blissey
|-heal|p1a: Blissey|100/100
|-prepare|p2a: Slowking|Chilly Reception|[premajor]
|move|p2a: Slowking|Chilly Reception|p2a: Slowking
|-weather|Snowscape
|
|t:|1779683349
|switch|p2a: Great Tusk|Great Tusk|85/100 tox|[from] Chilly Reception
|-damage|p2a: Great Tusk|82/100 tox|[from] Stealth Rock
|
|-weather|Snowscape|[upkeep]
|-heal|p2a: Great Tusk|88/100 tox|[from] item: Leftovers
|-damage|p2a: Great Tusk|82/100 tox|[from] psn
|upkeep
|turn|37
|
|t:|1779683351
|switch|p1a: Corviknight|Corviknight, F|100/100
|move|p2a: Great Tusk|Close Combat|p1a: Corviknight
|-damage|p1a: Corviknight|61/100
|-unboost|p2a: Great Tusk|def|1
|-unboost|p2a: Great Tusk|spd|1
|
|-weather|Snowscape|[upkeep]
|-end|p1a: Corviknight|move: Future Sight
|-resisted|p1a: Corviknight
|-damage|p1a: Corviknight|41/100
|-heal|p2a: Great Tusk|88/100 tox|[from] item: Leftovers
|-damage|p2a: Great Tusk|76/100 tox|[from] psn
|upkeep
|turn|38
|
|t:|1779683359
|move|p2a: Great Tusk|Close Combat|p1a: Corviknight
|-damage|p1a: Corviknight|0 fnt
|-unboost|p2a: Great Tusk|def|1
|-unboost|p2a: Great Tusk|spd|1
|faint|p1a: Corviknight
|
|-weather|Snowscape|[upkeep]
|-heal|p2a: Great Tusk|82/100 tox|[from] item: Leftovers
|-damage|p2a: Great Tusk|63/100 tox|[from] psn
|upkeep
|
|t:|1779683363
|switch|p1a: Clefable|Clefable, M|100/100
|turn|39
|
|t:|1779683365
|-end|p2a: Great Tusk|Protosynthesis|[silent]
|switch|p2a: Slowking|Slowking-Galar, F|100/100
|-damage|p2a: Slowking|88/100|[from] Stealth Rock
|move|p1a: Clefable|Moonblast|p2a: Slowking
|-resisted|p2a: Slowking
|-damage|p2a: Slowking|77/100
|
|-weather|Snowscape|[upkeep]
|upkeep
|turn|40
|
|t:|1779683372
|move|p1a: Clefable|Calm Mind|p1a: Clefable
|-boost|p1a: Clefable|spa|1
|-boost|p1a: Clefable|spd|1
|move|p2a: Slowking|Future Sight|p1a: Clefable
|-start|p2a: Slowking|move: Future Sight
|
|-weather|none
|upkeep
|turn|41
|
|t:|1779683374
|move|p1a: Clefable|Calm Mind|p1a: Clefable
|-boost|p1a: Clefable|spa|1
|-boost|p1a: Clefable|spd|1
|move|p2a: Slowking|Thunder Wave|p1a: Clefable
|-status|p1a: Clefable|par
|
|upkeep
|turn|42
|
|t:|1779683376
|cant|p1a: Clefable|par
|move|p2a: Slowking|Sludge Bomb|p1a: Clefable
|-supereffective|p1a: Clefable
|-damage|p1a: Clefable|73/100 par
|
|-end|p1a: Clefable|move: Future Sight
|-damage|p1a: Clefable|54/100 par
|-heal|p1a: Clefable|60/100 par|[from] item: Leftovers
|upkeep
|turn|43
|
|t:|1779683379
|cant|p1a: Clefable|par
|move|p2a: Slowking|Sludge Bomb|p1a: Clefable
|-supereffective|p1a: Clefable
|-damage|p1a: Clefable|30/100 par
|
|-heal|p1a: Clefable|36/100 par|[from] item: Leftovers
|upkeep
|turn|44
|
|t:|1779683382
|move|p1a: Clefable|Moonlight|p1a: Clefable
|-heal|p1a: Clefable|86/100 par
|move|p2a: Slowking|Sludge Bomb|p1a: Clefable
|-supereffective|p1a: Clefable
|-damage|p1a: Clefable|57/100 par
|
|-heal|p1a: Clefable|63/100 par|[from] item: Leftovers
|upkeep
|turn|45
|
|t:|1779683384
|move|p1a: Clefable|Moonlight|p1a: Clefable
|-heal|p1a: Clefable|100/100 par
|move|p2a: Slowking|Sludge Bomb|p1a: Clefable
|-supereffective|p1a: Clefable
|-damage|p1a: Clefable|70/100 par
|
|-heal|p1a: Clefable|76/100 par|[from] item: Leftovers
|upkeep
|turn|46
|
|t:|1779683387
|move|p1a: Clefable|Moonlight|p1a: Clefable
|-heal|p1a: Clefable|100/100 par
|move|p2a: Slowking|Sludge Bomb|p1a: Clefable
|-supereffective|p1a: Clefable
|-damage|p1a: Clefable|71/100 par
|
|-heal|p1a: Clefable|77/100 par|[from] item: Leftovers
|upkeep
|turn|47
|
|t:|1779683390
|move|p1a: Clefable|Calm Mind|p1a: Clefable
|-boost|p1a: Clefable|spa|1
|-boost|p1a: Clefable|spd|1
|move|p2a: Slowking|Sludge Bomb|p1a: Clefable
|-supereffective|p1a: Clefable
|-damage|p1a: Clefable|54/100 par
|
|-heal|p1a: Clefable|60/100 par|[from] item: Leftovers
|upkeep
|turn|48
|
|t:|1779683393
|move|p1a: Clefable|Moonlight|p1a: Clefable
|-heal|p1a: Clefable|100/100 par
|move|p2a: Slowking|Sludge Bomb|p1a: Clefable
|-supereffective|p1a: Clefable
|-damage|p1a: Clefable|79/100 par
|
|-heal|p1a: Clefable|85/100 par|[from] item: Leftovers
|upkeep
|turn|49
|
|t:|1779683399
|move|p1a: Clefable|Moonblast|p2a: Slowking
|-resisted|p2a: Slowking
|-damage|p2a: Slowking|52/100
|-unboost|p2a: Slowking|spa|1
|move|p2a: Slowking|Sludge Bomb|p1a: Clefable
|-supereffective|p1a: Clefable
|-damage|p1a: Clefable|62/100 par
|
|-heal|p1a: Clefable|69/100 par|[from] item: Leftovers
|upkeep
|turn|50
|
|t:|1779683407
|cant|p1a: Clefable|par
|-prepare|p2a: Slowking|Chilly Reception|[premajor]
|move|p2a: Slowking|Chilly Reception|p2a: Slowking
|-weather|Snowscape
|
|t:|1779683423
|switch|p2a: Darkrai|Darkrai|100/100|[from] Chilly Reception
|
|-weather|Snowscape|[upkeep]
|-heal|p1a: Clefable|75/100 par|[from] item: Leftovers
|upkeep
|turn|51
|
|t:|1779683426
|move|p2a: Darkrai|Sludge Bomb|p1a: Clefable
|-supereffective|p1a: Clefable
|-damage|p1a: Clefable|53/100 par
|move|p1a: Clefable|Moonlight|p1a: Clefable
|-heal|p1a: Clefable|78/100 par
|
|-weather|Snowscape|[upkeep]
|-heal|p1a: Clefable|84/100 par|[from] item: Leftovers
|upkeep
|turn|52
|
|t:|1779683438
|switch|p2a: Slowking|Slowking-Galar, F|85/100
|-damage|p2a: Slowking|73/100|[from] Stealth Rock
|move|p1a: Clefable|Moonblast|p2a: Slowking
|-resisted|p2a: Slowking
|-damage|p2a: Slowking|48/100
|
|-weather|Snowscape|[upkeep]
|-heal|p1a: Clefable|90/100 par|[from] item: Leftovers
|upkeep
|turn|53
|
|t:|1779683441
|move|p1a: Clefable|Moonblast|p2a: Slowking
|-resisted|p2a: Slowking
|-damage|p2a: Slowking|22/100
|move|p2a: Slowking|Sludge Bomb|p1a: Clefable
|-supereffective|p1a: Clefable
|-damage|p1a: Clefable|69/100 par
|
|-weather|Snowscape|[upkeep]
|-heal|p1a: Clefable|75/100 par|[from] item: Leftovers
|upkeep
|turn|54
|
|t:|1779683447
|move|p1a: Clefable|Moonblast|p2a: Slowking
|-resisted|p2a: Slowking
|-damage|p2a: Slowking|0 fnt
|faint|p2a: Slowking
|
|-weather|none
|-heal|p1a: Clefable|81/100 par|[from] item: Leftovers
|upkeep
|
|t:|1779683451
|switch|p2a: Darkrai|Darkrai|100/100
|turn|55
|
|t:|1779683454
|move|p2a: Darkrai|Sludge Bomb|p1a: Clefable
|-supereffective|p1a: Clefable
|-damage|p1a: Clefable|57/100 par
|cant|p1a: Clefable|par
|
|-heal|p1a: Clefable|63/100 par|[from] item: Leftovers
|upkeep
|turn|56
|
|t:|1779683458
|move|p2a: Darkrai|Sludge Bomb|p1a: Clefable
|-supereffective|p1a: Clefable
|-damage|p1a: Clefable|43/100 par
|move|p1a: Clefable|Moonblast|p2a: Darkrai
|-supereffective|p2a: Darkrai
|-damage|p2a: Darkrai|0 fnt
|faint|p2a: Darkrai
|
|-heal|p1a: Clefable|49/100 par|[from] item: Leftovers
|upkeep
|
|t:|1779683467
|switch|p2a: Iron Hands|Iron Hands|44/100 tox
|-damage|p2a: Iron Hands|38/100 tox|[from] Stealth Rock
|turn|57
|
|t:|1779683474
|move|p2a: Iron Hands|Earthquake|p1a: Clefable
|-damage|p1a: Clefable|10/100 par
|move|p1a: Clefable|Moonblast|p2a: Iron Hands
|-supereffective|p2a: Iron Hands
|-damage|p2a: Iron Hands|0 fnt
|faint|p2a: Iron Hands
|-end|p2a: Iron Hands|Quark Drive|[silent]
|
|-heal|p1a: Clefable|16/100 par|[from] item: Leftovers
|upkeep
|
|t:|1779683479
|switch|p2a: Great Tusk|Great Tusk|63/100 tox
|-damage|p2a: Great Tusk|60/100 tox|[from] Stealth Rock
|turn|58
|
|t:|1779683483
|move|p2a: Great Tusk|Headlong Rush|p1a: Clefable
|-damage|p1a: Clefable|0 fnt
|-unboost|p2a: Great Tusk|def|1
|-unboost|p2a: Great Tusk|spd|1
|faint|p1a: Clefable
|
|-heal|p2a: Great Tusk|66/100 tox|[from] item: Leftovers
|-damage|p2a: Great Tusk|60/100 tox|[from] psn
|upkeep
|
|t:|1779683485
|switch|p1a: Hydrapple|Hydrapple, F, tera:Steel|100/100
|turn|59
|
|t:|1779683494
|-end|p2a: Great Tusk|Protosynthesis|[silent]
|switch|p2a: Zapdos|Zapdos, shiny|88/100 tox
|move|p1a: Hydrapple|Leaf Storm|p2a: Zapdos
|-resisted|p2a: Zapdos
|-damage|p2a: Zapdos|41/100 tox
|-unboost|p1a: Hydrapple|spa|2
|
|-damage|p2a: Zapdos|35/100 tox|[from] psn
|upkeep
|turn|60
|j| wuxinshushu1
|
|t:|1779683500
|switch|p1a: Blissey|Blissey, F|100/100
|move|p2a: Zapdos|Volt Switch|p1a: Blissey
|-damage|p1a: Blissey|91/100
|
|t:|1779683501
|switch|p2a: Great Tusk|Great Tusk|60/100 tox|[from] Volt Switch
|-damage|p2a: Great Tusk|57/100 tox|[from] Stealth Rock
|
|-heal|p2a: Great Tusk|63/100 tox|[from] item: Leftovers
|-damage|p2a: Great Tusk|57/100 tox|[from] psn
|upkeep
|turn|61
|
|t:|1779683514
|move|p2a: Great Tusk|Close Combat|p1a: Blissey
|-supereffective|p1a: Blissey
|-damage|p1a: Blissey|0 fnt
|-unboost|p2a: Great Tusk|def|1
|-unboost|p2a: Great Tusk|spd|1
|faint|p1a: Blissey
|
|-heal|p2a: Great Tusk|63/100 tox|[from] item: Leftovers
|-damage|p2a: Great Tusk|51/100 tox|[from] psn
|upkeep
|
|t:|1779683518
|switch|p1a: Hydrapple|Hydrapple, F, tera:Steel|100/100
|turn|62
|
|t:|1779683527
|-end|p2a: Great Tusk|Protosynthesis|[silent]
|switch|p2a: Zapdos|Zapdos, shiny|35/100 tox
|move|p1a: Hydrapple|Dragon Breath|p2a: Zapdos
|-damage|p2a: Zapdos|0 fnt
|faint|p2a: Zapdos
|
|upkeep
|
|t:|1779683529
|switch|p2a: Great Tusk|Great Tusk|51/100 tox
|-damage|p2a: Great Tusk|48/100 tox|[from] Stealth Rock
|turn|63
|
|t:|1779683531
|move|p2a: Great Tusk|Headlong Rush|p1a: Hydrapple
|-supereffective|p1a: Hydrapple
|-damage|p1a: Hydrapple|16/100
|-unboost|p2a: Great Tusk|def|1
|-unboost|p2a: Great Tusk|spd|1
|move|p1a: Hydrapple|Dragon Breath|p2a: Great Tusk
|-damage|p2a: Great Tusk|0 fnt
|faint|p2a: Great Tusk
|-end|p2a: Great Tusk|Protosynthesis|[silent]
|
|upkeep
|
|t:|1779683533
|switch|p2a: Kyurem|Kyurem|100/100
|-damage|p2a: Kyurem|76/100|[from] Stealth Rock
|-ability|p2a: Kyurem|Pressure
|turn|64
|
|t:|1779683537
|switch|p1a: Toxapex|Toxapex, F|68/100 par
|move|p2a: Kyurem|Earth Power|p1a: Toxapex
|-supereffective|p1a: Toxapex
|-damage|p1a: Toxapex|0 fnt
|faint|p1a: Toxapex
|
|upkeep
|
|t:|1779683538
|switch|p1a: Hydrapple|Hydrapple, F, tera:Steel|50/100
|turn|65
|
|t:|1779683541
|move|p2a: Kyurem|Earth Power|p1a: Hydrapple
|-supereffective|p1a: Hydrapple
|-damage|p1a: Hydrapple|0 fnt
|faint|p1a: Hydrapple
|
|win|yoki
|raw|karothis's rating: 1316 &rarr; <strong>1299</strong><br />(-17 for losing)
|raw|yoki's rating: 1367 &rarr; <strong>1384</strong><br />(+17 for winning)
|c|☆karothis|gg
|l|☆karothis
|player|p1|
|l|☆yoki
|player|p2|
