|j|☆theoddkeystone
|j|☆jkreyes1
|t:|1779562829
|gametype|singles
|player|p1|theoddkeystone|bruno-gen2|1424
|player|p2|jkreyes1|volkner|1473
|gen|9
|tier|[Gen 9] OU
|rated|
|rule|HP Percentage Mod: HP is shown in percentages
|rule|Endless Battle Clause: Forcing endless battles is banned
|rule|Species Clause: Limit one of each Pokémon
|rule|OHKO Clause: OHKO moves are banned
|rule|Evasion Items Clause: Evasion items are banned
|rule|Evasion Moves Clause: Evasion moves are banned
|rule|Evasion Abilities Clause: Evasion abilities are banned
|rule|Sleep Moves Clause: Sleep-inducing moves are banned
|clearpoke
|poke|p1|Pelipper, F|
|poke|p1|Hatterene, F|
|poke|p1|Toxicroak, F|
|poke|p1|Iron Treads|
|poke|p1|Barraskewda, F|
|poke|p1|Zapdos|
|poke|p2|Gastrodon-East, M|
|poke|p2|Hippowdon, F|
|poke|p2|Landorus-Therian, M|
|poke|p2|Tyranitar, M|
|poke|p2|Zapdos|
|poke|p2|Excadrill, M|
|teampreview
|inactive|Battle timer is ON: inactive players will automatically lose when time's up. (requested by theoddkeystone)
|
|t:|1779562879
|teamsize|p1|6
|teamsize|p2|6
|start
|switch|p1a: Hatterene|Hatterene, F|100/100
|switch|p2a: Landorus|Landorus-Therian, M, shiny|100/100
|-ability|p2a: Landorus|Intimidate|boost
|-unboost|p1a: Hatterene|atk|1
|turn|1
|inactive|theoddkeystone has 120 seconds left.
|
|t:|1779562911
|move|p2a: Landorus|U-turn|p1a: Hatterene
|-damage|p1a: Hatterene|75/100
|-enditem|p1a: Hatterene|Eject Button
|inactive|theoddkeystone has 120 seconds left.
|
|t:|1779562916
|switch|p1a: Pelipper|Pelipper, F|100/100
|-weather|RainDance|[from] ability: Drizzle|[of] p1a: Pelipper
|
|-weather|RainDance|[upkeep]
|upkeep
|turn|2
|
|t:|1779562931
|move|p2a: Landorus|U-turn|p1a: Pelipper
|-resisted|p1a: Pelipper
|-damage|p1a: Pelipper|86/100
|
|t:|1779562934
|switch|p2a: Zapdos|Zapdos, shiny|100/100|[from] U-turn
|move|p1a: Pelipper|U-turn|p2a: Zapdos
|-resisted|p2a: Zapdos
|-damage|p2a: Zapdos|96/100
|
|t:|1779562953
|switch|p1a: Zapdos|Zapdos|100/100|[from] U-turn
|
|-weather|RainDance|[upkeep]
|-heal|p2a: Zapdos|100/100|[from] item: Leftovers
|upkeep
|turn|3
|
|t:|1779562977
|move|p1a: Zapdos|Hurricane|p2a: Zapdos
|-resisted|p2a: Zapdos
|-damage|p2a: Zapdos|61/100
|move|p2a: Zapdos|Hurricane|p1a: Zapdos
|-resisted|p1a: Zapdos
|-damage|p1a: Zapdos|62/100
|-start|p1a: Zapdos|confusion
|
|-weather|RainDance|[upkeep]
|-heal|p2a: Zapdos|67/100|[from] item: Leftovers
|upkeep
|turn|4
|
|t:|1779562990
|switch|p1a: Iron Treads|Iron Treads|100/100
|move|p2a: Zapdos|Roost|p2a: Zapdos
|-heal|p2a: Zapdos|100/100
|-singleturn|p2a: Zapdos|move: Roost
|
|-weather|RainDance|[upkeep]
|upkeep
|turn|5
|
|t:|1779562996
|move|p1a: Iron Treads|Stealth Rock|p2a: Zapdos
|-sidestart|p2: jkreyes1|move: Stealth Rock
|move|p2a: Zapdos|Heat Wave|p1a: Iron Treads
|-supereffective|p1a: Iron Treads
|-damage|p1a: Iron Treads|74/100
|
|-weather|RainDance|[upkeep]
|-heal|p1a: Iron Treads|80/100|[from] item: Leftovers
|upkeep
|turn|6
|
|t:|1779563005
|switch|p2a: Hippowdon|Hippowdon, F, shiny|100/100
|-damage|p2a: Hippowdon|94/100|[from] Stealth Rock
|-weather|Sandstorm|[from] ability: Sand Stream|[of] p2a: Hippowdon
|move|p1a: Iron Treads|Volt Switch|p2a: Hippowdon
|-immune|p2a: Hippowdon
|
|-weather|Sandstorm|[upkeep]
|-heal|p1a: Iron Treads|86/100|[from] item: Leftovers
|upkeep
|turn|7
|
|t:|1779563010
|-end|p1a: Iron Treads|Quark Drive|[silent]
|switch|p1a: Hatterene|Hatterene, F|75/100
|move|p2a: Hippowdon|Stealth Rock|p1a: Hatterene
|move|p1a: Hatterene|Stealth Rock||[from] ability: Magic Bounce|[still]
|-fail|p1a: Hatterene
|
|-weather|Sandstorm|[upkeep]
|-damage|p1a: Hatterene|69/100|[from] Sandstorm
|upkeep
|turn|8
|
|t:|1779563016
|move|p2a: Hippowdon|Earthquake|p1a: Hatterene
|-damage|p1a: Hatterene|37/100
|move|p1a: Hatterene|Psychic Noise|p2a: Hippowdon
|-damage|p2a: Hippowdon|60/100
|-start|p2a: Hippowdon|move: Heal Block
|
|-weather|Sandstorm|[upkeep]
|-damage|p1a: Hatterene|31/100|[from] Sandstorm
|upkeep
|turn|9
|
|t:|1779563028
|switch|p2a: Tyranitar|Tyranitar, M, shiny|100/100
|-damage|p2a: Tyranitar|88/100|[from] Stealth Rock
|switch|p1a: Zapdos|Zapdos|62/100
|
|-weather|Sandstorm|[upkeep]
|-damage|p1a: Zapdos|56/100|[from] Sandstorm
|upkeep
|turn|10
|
|t:|1779563032
|move|p1a: Zapdos|Volt Switch|p2a: Tyranitar
|-damage|p2a: Tyranitar|58/100
|
|t:|1779563036
|switch|p1a: Iron Treads|Iron Treads|86/100|[from] Volt Switch
|move|p2a: Tyranitar|Knock Off|p1a: Iron Treads
|-damage|p1a: Iron Treads|51/100
|-enditem|p1a: Iron Treads|Leftovers|[from] move: Knock Off|[of] p2a: Tyranitar
|
|-weather|none
|upkeep
|turn|11
|
|t:|1779563045
|-end|p1a: Iron Treads|Quark Drive|[silent]
|switch|p1a: Pelipper|Pelipper, F|86/100
|-weather|RainDance|[from] ability: Drizzle|[of] p1a: Pelipper
|switch|p2a: Landorus|Landorus-Therian, M, shiny|100/100
|-damage|p2a: Landorus|88/100|[from] Stealth Rock
|-ability|p2a: Landorus|Intimidate|boost
|-unboost|p1a: Pelipper|atk|1
|
|-weather|RainDance|[upkeep]
|upkeep
|turn|12
|
|t:|1779563049
|switch|p1a: Hatterene|Hatterene, F|31/100
|move|p2a: Landorus|Stone Edge|p1a: Hatterene
|-damage|p1a: Hatterene|0 fnt
|faint|p1a: Hatterene
|
|-weather|RainDance|[upkeep]
|upkeep
|
|t:|1779563052
|switch|p1a: Barraskewda|Barraskewda, F|100/100
|turn|13
|
|t:|1779563058
|switch|p2a: Gastrodon|Gastrodon-East, M, shiny|100/100
|-damage|p2a: Gastrodon|94/100|[from] Stealth Rock
|move|p1a: Barraskewda|Close Combat|p2a: Gastrodon
|-damage|p2a: Gastrodon|28/100
|-unboost|p1a: Barraskewda|def|1
|-unboost|p1a: Barraskewda|spd|1
|
|-weather|RainDance|[upkeep]
|-heal|p2a: Gastrodon|34/100|[from] item: Leftovers
|upkeep
|turn|14
|
|t:|1779563063
|switch|p1a: Zapdos|Zapdos|56/100
|switch|p2a: Hippowdon|Hippowdon, F, shiny|60/100
|-damage|p2a: Hippowdon|54/100|[from] Stealth Rock
|-weather|Sandstorm|[from] ability: Sand Stream|[of] p2a: Hippowdon
|
|-weather|Sandstorm|[upkeep]
|-damage|p1a: Zapdos|50/100|[from] Sandstorm
|upkeep
|turn|15
|
|t:|1779563073
|move|p1a: Zapdos|Hurricane|p2a: Hippowdon|[miss]
|-miss|p1a: Zapdos|p2a: Hippowdon
|move|p2a: Hippowdon|Stealth Rock|p1a: Zapdos
|-sidestart|p1: theoddkeystone|move: Stealth Rock
|
|-weather|Sandstorm|[upkeep]
|-damage|p1a: Zapdos|43/100|[from] Sandstorm
|upkeep
|turn|16
|
|t:|1779563078
|switch|p2a: Gastrodon|Gastrodon-East, M, shiny|34/100
|-damage|p2a: Gastrodon|28/100|[from] Stealth Rock
|move|p1a: Zapdos|Hurricane|p2a: Gastrodon
|-damage|p2a: Gastrodon|0 fnt
|faint|p2a: Gastrodon
|
|-weather|Sandstorm|[upkeep]
|-damage|p1a: Zapdos|37/100|[from] Sandstorm
|upkeep
|
|t:|1779563080
|switch|p2a: Excadrill|Excadrill, M, shiny|100/100
|-damage|p2a: Excadrill|97/100|[from] Stealth Rock
|turn|17
|
|t:|1779563091
|switch|p1a: Toxicroak|Toxicroak, F|100/100
|-damage|p1a: Toxicroak|94/100|[from] Stealth Rock
|move|p2a: Excadrill|Swords Dance|p2a: Excadrill
|-boost|p2a: Excadrill|atk|2
|
|-weather|Sandstorm|[upkeep]
|-damage|p1a: Toxicroak|88/100|[from] Sandstorm
|upkeep
|turn|18
|
|t:|1779563102
|-terastallize|p2a: Excadrill|Flying
|move|p2a: Excadrill|Earthquake|p1a: Toxicroak
|-supereffective|p1a: Toxicroak
|-damage|p1a: Toxicroak|0 fnt
|faint|p1a: Toxicroak
|-damage|p2a: Excadrill|87/100|[from] item: Life Orb
|
|-weather|none
|upkeep
|
|t:|1779563111
|switch|p1a: Zapdos|Zapdos|37/100
|-damage|p1a: Zapdos|12/100|[from] Stealth Rock
|turn|19
|
|t:|1779563115
|move|p1a: Zapdos|Hurricane|p2a: Excadrill
|-crit|p2a: Excadrill
|-damage|p2a: Excadrill|0 fnt
|faint|p2a: Excadrill
|
|upkeep
|
|t:|1779563124
|switch|p2a: Tyranitar|Tyranitar, M, shiny|58/100
|-damage|p2a: Tyranitar|45/100|[from] Stealth Rock
|-weather|Sandstorm|[from] ability: Sand Stream|[of] p2a: Tyranitar
|turn|20
|
|t:|1779563127
|switch|p1a: Iron Treads|Iron Treads|51/100
|-damage|p1a: Iron Treads|48/100|[from] Stealth Rock
|move|p2a: Tyranitar|Knock Off|p1a: Iron Treads
|-damage|p1a: Iron Treads|26/100
|
|-weather|Sandstorm|[upkeep]
|upkeep
|turn|21
|
|t:|1779563131
|move|p1a: Iron Treads|Rapid Spin|p2a: Tyranitar
|-resisted|p2a: Tyranitar
|-damage|p2a: Tyranitar|41/100
|-boost|p1a: Iron Treads|spe|1
|-sideend|p1: theoddkeystone|Stealth Rock|[from] move: Rapid Spin|[of] p1a: Iron Treads
|move|p2a: Tyranitar|Fire Blast|p1a: Iron Treads
|-supereffective|p1a: Iron Treads
|-damage|p1a: Iron Treads|0 fnt
|faint|p1a: Iron Treads
|-end|p1a: Iron Treads|Quark Drive|[silent]
|
|-weather|Sandstorm|[upkeep]
|upkeep
|
|t:|1779563135
|switch|p1a: Barraskewda|Barraskewda, F|100/100
|turn|22
|
|t:|1779563140
|move|p1a: Barraskewda|Liquidation|p2a: Tyranitar
|-supereffective|p2a: Tyranitar
|-damage|p2a: Tyranitar|0 fnt
|faint|p2a: Tyranitar
|
|-weather|Sandstorm|[upkeep]
|-damage|p1a: Barraskewda|94/100|[from] Sandstorm
|upkeep
|
|t:|1779563145
|switch|p2a: Landorus|Landorus-Therian, M, shiny|88/100
|-damage|p2a: Landorus|75/100|[from] Stealth Rock
|-ability|p2a: Landorus|Intimidate|boost
|-unboost|p1a: Barraskewda|atk|1
|turn|23
|
|t:|1779563148
|switch|p1a: Pelipper|Pelipper, F|86/100
|-weather|RainDance|[from] ability: Drizzle|[of] p1a: Pelipper
|move|p2a: Landorus|U-turn|p1a: Pelipper
|-resisted|p1a: Pelipper
|-damage|p1a: Pelipper|70/100
|
|t:|1779563151
|switch|p2a: Hippowdon|Hippowdon, F, shiny|54/100|[from] U-turn
|-damage|p2a: Hippowdon|47/100|[from] Stealth Rock
|-weather|Sandstorm|[from] ability: Sand Stream|[of] p2a: Hippowdon
|
|-weather|Sandstorm|[upkeep]
|-damage|p1a: Pelipper|64/100|[from] Sandstorm
|upkeep
|turn|24
|
|t:|1779563155
|move|p2a: Hippowdon|Stealth Rock|p1a: Pelipper
|-sidestart|p1: theoddkeystone|move: Stealth Rock
|move|p1a: Pelipper|U-turn|p2a: Hippowdon
|-damage|p2a: Hippowdon|43/100
|-damage|p1a: Pelipper|48/100|[from] item: Rocky Helmet|[of] p2a: Hippowdon
|
|t:|1779563158
|switch|p1a: Barraskewda|Barraskewda, F|94/100|[from] U-turn
|-damage|p1a: Barraskewda|82/100|[from] Stealth Rock
|
|-weather|Sandstorm|[upkeep]
|-damage|p1a: Barraskewda|76/100|[from] Sandstorm
|upkeep
|turn|25
|
|t:|1779563165
|move|p1a: Barraskewda|Liquidation|p2a: Hippowdon
|-supereffective|p2a: Hippowdon
|-damage|p2a: Hippowdon|0 fnt
|-damage|p1a: Barraskewda|60/100|[from] item: Rocky Helmet|[of] p2a: Hippowdon
|faint|p2a: Hippowdon
|
|-weather|Sandstorm|[upkeep]
|-damage|p1a: Barraskewda|54/100|[from] Sandstorm
|upkeep
|
|t:|1779563169
|switch|p2a: Zapdos|Zapdos, shiny|100/100
|-damage|p2a: Zapdos|76/100|[from] Stealth Rock
|turn|26
|
|t:|1779563183
|switch|p1a: Pelipper|Pelipper, F|48/100
|-damage|p1a: Pelipper|23/100|[from] Stealth Rock
|-weather|RainDance|[from] ability: Drizzle|[of] p1a: Pelipper
|move|p2a: Zapdos|Volt Switch|p1a: Pelipper
|-supereffective|p1a: Pelipper
|-damage|p1a: Pelipper|0 fnt
|faint|p1a: Pelipper
|
|t:|1779563188
|switch|p2a: Landorus|Landorus-Therian, M, shiny|75/100|[from] Volt Switch
|-damage|p2a: Landorus|63/100|[from] Stealth Rock
|
|-weather|RainDance|[upkeep]
|upkeep
|
|t:|1779563191
|switch|p1a: Barraskewda|Barraskewda, F|54/100
|-damage|p1a: Barraskewda|42/100|[from] Stealth Rock
|turn|27
|
|t:|1779563199
|move|p1a: Barraskewda|Liquidation|p2a: Landorus
|-supereffective|p2a: Landorus
|-damage|p2a: Landorus|0 fnt
|faint|p2a: Landorus
|
|-weather|RainDance|[upkeep]
|upkeep
|
|t:|1779563203
|switch|p2a: Zapdos|Zapdos, shiny|76/100
|-damage|p2a: Zapdos|51/100|[from] Stealth Rock
|turn|28
|
|t:|1779563206
|-terastallize|p1a: Barraskewda|Water
|move|p1a: Barraskewda|Liquidation|p2a: Zapdos
|-damage|p2a: Zapdos|0 fnt
|-status|p1a: Barraskewda|par|[from] ability: Static|[of] p2a: Zapdos
|faint|p2a: Zapdos
|
|win|theoddkeystone
|raw|theoddkeystone's rating: 1424 &rarr; <strong>1447</strong><br />(+23 for winning)
|raw|jkreyes1's rating: 1473 &rarr; <strong>1450</strong><br />(-23 for losing)
|l|☆jkreyes1
|player|p2|
|l|☆theoddkeystone
|player|p1|
