|j|☆idkhowtoteam
|j|☆claudechamp
|t:|1779706112
|gametype|singles
|player|p1|idkhowtoteam|170|1163
|player|p2|claudechamp|169|1201
|gen|9
|tier|[Gen 9] OU
|rated|
|rule|HP Percentage Mod: HP is shown in percentages
|rule|Endless Battle Clause: Forcing endless battles is banned
|rule|Species Clause: Limit one of each Pokémon
|rule|OHKO Clause: OHKO moves are banned
|rule|Evasion Items Clause: Evasion items are banned
|rule|Evasion Moves Clause: Evasion moves are banned
|rule|Evasion Abilities Clause: Evasion abilities are banned
|rule|Sleep Moves Clause: Sleep-inducing moves are banned
|clearpoke
|poke|p1|Landorus-Therian, M|
|poke|p1|Samurott-Hisui, F|
|poke|p1|Pecharunt|
|poke|p1|Corviknight, F|
|poke|p1|Deoxys-Speed|
|poke|p1|Primarina, F|
|poke|p2|Gliscor, M|
|poke|p2|Gholdengo|
|poke|p2|Zamazenta-*|
|poke|p2|Blissey, F|
|poke|p2|Skarmory, F|
|poke|p2|Pecharunt|
|teampreview
|c|☆claudechamp|hf
|inactive|Battle timer is ON: inactive players will automatically lose when time's up. (requested by claudechamp)
|
|t:|1779706142
|teamsize|p1|6
|teamsize|p2|6
|start
|switch|p1a: Primarina|Primarina, F|100/100
|switch|p2a: Skarmory|Skarmory, F|100/100
|turn|1
|
|t:|1779706151
|move|p2a: Skarmory|Spikes|p1a: Primarina
|-sidestart|p1: idkhowtoteam|Spikes
|move|p1a: Primarina|Calm Mind|p1a: Primarina
|-boost|p1a: Primarina|spa|1
|-boost|p1a: Primarina|spd|1
|
|upkeep
|turn|2
|
|t:|1779706155
|move|p1a: Primarina|Calm Mind|p1a: Primarina
|-boost|p1a: Primarina|spa|1
|-boost|p1a: Primarina|spd|1
|move|p2a: Skarmory|Whirlwind|p1a: Primarina
|drag|p1a: Pecharunt|Pecharunt|100/100
|-damage|p1a: Pecharunt|88/100|[from] Spikes
|
|upkeep
|turn|3
|
|t:|1779706162
|move|p1a: Pecharunt|Parting Shot|p2a: Skarmory
|-unboost|p2a: Skarmory|atk|1
|-unboost|p2a: Skarmory|spa|1
|
|t:|1779706173
|switch|p1a: Primarina|Primarina, F|100/100|[from] Parting Shot
|-damage|p1a: Primarina|88/100|[from] Spikes
|move|p2a: Skarmory|Spikes|p1a: Primarina
|-sidestart|p1: idkhowtoteam|Spikes
|
|-heal|p1a: Primarina|94/100|[from] item: Leftovers
|upkeep
|turn|4
|
|t:|1779706175
|move|p1a: Primarina|Hyper Voice|p2a: Skarmory
|-damage|p2a: Skarmory|35/100
|move|p2a: Skarmory|Whirlwind|p1a: Primarina
|drag|p1a: Deoxys|Deoxys-Speed|100/100
|-ability|p1a: Deoxys|Pressure
|
|upkeep
|turn|5
|
|t:|1779706182
|move|p1a: Deoxys|Shadow Ball|p2a: Skarmory
|-damage|p2a: Skarmory|2/100
|-unboost|p2a: Skarmory|spd|1
|move|p2a: Skarmory|Roost|p2a: Skarmory
|-heal|p2a: Skarmory|52/100
|-singleturn|p2a: Skarmory|move: Roost
|
|upkeep
|turn|6
|
|t:|1779706190
|switch|p2a: Gliscor|Gliscor, M|100/100
|move|p1a: Deoxys|Shadow Ball|p2a: Gliscor
|-damage|p2a: Gliscor|79/100
|
|-status|p2a: Gliscor|tox|[from] item: Toxic Orb
|upkeep
|turn|7
|
|t:|1779706202
|switch|p1a: Corviknight|Corviknight, F|100/100
|-ability|p1a: Corviknight|Pressure
|move|p2a: Gliscor|Knock Off|p1a: Corviknight
|-damage|p1a: Corviknight|87/100
|-enditem|p1a: Corviknight|Leftovers|[from] move: Knock Off|[of] p2a: Gliscor
|
|-heal|p2a: Gliscor|92/100 tox|[from] ability: Poison Heal
|upkeep
|turn|8
|
|t:|1779706210
|move|p2a: Gliscor|Swords Dance|p2a: Gliscor
|-boost|p2a: Gliscor|atk|2
|move|p1a: Corviknight|U-turn|p2a: Gliscor
|-resisted|p2a: Gliscor
|-damage|p2a: Gliscor|85/100 tox
|
|t:|1779706213
|switch|p1a: Samurott|Samurott-Hisui, F|100/100|[from] U-turn
|
|-heal|p2a: Gliscor|98/100 tox|[from] ability: Poison Heal
|upkeep
|turn|9
|
|t:|1779706219
|move|p1a: Samurott|Razor Shell|p2a: Gliscor
|-supereffective|p2a: Gliscor
|-damage|p2a: Gliscor|13/100 tox
|move|p2a: Gliscor|Knock Off|p1a: Samurott
|-resisted|p1a: Samurott
|-damage|p1a: Samurott|73/100
|-enditem|p1a: Samurott|Heavy-Duty Boots|[from] move: Knock Off|[of] p2a: Gliscor
|
|-heal|p2a: Gliscor|25/100 tox|[from] ability: Poison Heal
|upkeep
|turn|10
|
|t:|1779706227
|switch|p2a: Zamazenta|Zamazenta|100/100
|-ability|p2a: Zamazenta|Dauntless Shield|boost
|-boost|p2a: Zamazenta|def|1
|move|p1a: Samurott|Ceaseless Edge|p2a: Zamazenta
|-resisted|p2a: Zamazenta
|-damage|p2a: Zamazenta|87/100
|-sidestart|p2: claudechamp|Spikes
|
|upkeep
|turn|11
|
|t:|1779706233
|switch|p1a: Pecharunt|Pecharunt|88/100
|-damage|p1a: Pecharunt|72/100|[from] Spikes
|move|p2a: Zamazenta|Close Combat|p1a: Pecharunt
|-immune|p1a: Pecharunt
|
|upkeep
|turn|12
|
|t:|1779706240
|switch|p2a: Gholdengo|Gholdengo|100/100
|-damage|p2a: Gholdengo|88/100|[from] Spikes
|move|p1a: Pecharunt|Recover|p1a: Pecharunt
|-heal|p1a: Pecharunt|100/100
|
|upkeep
|turn|13
|
|t:|1779706247
|move|p1a: Pecharunt|Protect|p1a: Pecharunt
|-singleturn|p1a: Pecharunt|Protect
|move|p2a: Gholdengo|Nasty Plot|p2a: Gholdengo
|-boost|p2a: Gholdengo|spa|2
|
|upkeep
|turn|14
|
|t:|1779706255
|switch|p1a: Landorus|Landorus-Therian, M|100/100
|-ability|p1a: Landorus|Intimidate|boost
|-unboost|p2a: Gholdengo|atk|1
|move|p2a: Gholdengo|Thunder Wave|p1a: Landorus
|-immune|p1a: Landorus
|
|upkeep
|turn|15
|
|t:|1779706261
|-terastallize|p2a: Gholdengo|Fairy
|move|p1a: Landorus|Earthquake|p2a: Gholdengo
|-damage|p2a: Gholdengo|40/100
|move|p2a: Gholdengo|Hex|p1a: Landorus
|-damage|p1a: Landorus|29/100
|
|upkeep
|turn|16
|
|t:|1779706269
|switch|p2a: Gliscor|Gliscor, M|25/100 tox
|move|p1a: Landorus|Earthquake|p2a: Gliscor
|-immune|p2a: Gliscor
|
|-heal|p2a: Gliscor|38/100 tox|[from] ability: Poison Heal
|upkeep
|turn|17
|
|t:|1779706277
|move|p2a: Gliscor|Protect|p2a: Gliscor
|-singleturn|p2a: Gliscor|Protect
|move|p1a: Landorus|Stone Edge|p2a: Gliscor
|-activate|p2a: Gliscor|move: Protect
|
|-heal|p2a: Gliscor|50/100 tox|[from] ability: Poison Heal
|upkeep
|turn|18
|
|t:|1779706283
|move|p1a: Landorus|U-turn|p2a: Gliscor
|-resisted|p2a: Gliscor
|-damage|p2a: Gliscor|39/100 tox
|
|t:|1779706286
|switch|p1a: Corviknight|Corviknight, F|87/100|[from] U-turn
|-ability|p1a: Corviknight|Pressure
|move|p2a: Gliscor|Knock Off|p1a: Corviknight
|-damage|p1a: Corviknight|78/100
|
|-heal|p2a: Gliscor|52/100 tox|[from] ability: Poison Heal
|upkeep
|turn|19
|
|t:|1779706292
|move|p2a: Gliscor|Swords Dance|p2a: Gliscor
|-boost|p2a: Gliscor|atk|2
|move|p1a: Corviknight|Defog|p2a: Gliscor
|-unboost|p2a: Gliscor|evasion|1
|-sideend|p2: claudechamp|Spikes|[from] move: Defog|[of] p1a: Corviknight
|-sideend|p1: idkhowtoteam|Spikes|[from] move: Defog|[of] p1a: Corviknight
|
|-heal|p2a: Gliscor|64/100 tox|[from] ability: Poison Heal
|upkeep
|turn|20
|
|t:|1779706300
|move|p2a: Gliscor|Protect|p2a: Gliscor
|-singleturn|p2a: Gliscor|Protect
|move|p1a: Corviknight|U-turn|p2a: Gliscor
|-activate|p2a: Gliscor|move: Protect
|
|-heal|p2a: Gliscor|77/100 tox|[from] ability: Poison Heal
|upkeep
|turn|21
|
|t:|1779706310
|move|p2a: Gliscor|Swords Dance|p2a: Gliscor
|-boost|p2a: Gliscor|atk|2
|move|p1a: Corviknight|Body Press|p2a: Gliscor
|-resisted|p2a: Gliscor
|-damage|p2a: Gliscor|66/100 tox
|
|-heal|p2a: Gliscor|79/100 tox|[from] ability: Poison Heal
|upkeep
|turn|22
|
|t:|1779706322
|move|p2a: Gliscor|Knock Off|p1a: Corviknight
|-damage|p1a: Corviknight|54/100
|move|p1a: Corviknight|U-turn|p2a: Gliscor
|-resisted|p2a: Gliscor
|-damage|p2a: Gliscor|73/100 tox
|
|t:|1779706333
|switch|p1a: Primarina|Primarina, F|94/100|[from] U-turn
|
|-heal|p1a: Primarina|99/100|[from] item: Leftovers
|-heal|p2a: Gliscor|85/100 tox|[from] ability: Poison Heal
|upkeep
|turn|23
|
|t:|1779706336
|-terastallize|p1a: Primarina|Steel
|move|p2a: Gliscor|Earthquake|p1a: Primarina
|-supereffective|p1a: Primarina
|-damage|p1a: Primarina|0 fnt
|faint|p1a: Primarina
|
|-heal|p2a: Gliscor|98/100 tox|[from] ability: Poison Heal
|upkeep
|
|t:|1779706344
|switch|p1a: Deoxys|Deoxys-Speed|100/100
|-ability|p1a: Deoxys|Pressure
|turn|24
|
|t:|1779706348
|move|p1a: Deoxys|Psycho Boost|p2a: Gliscor
|-damage|p2a: Gliscor|44/100 tox
|-unboost|p1a: Deoxys|spa|2
|move|p2a: Gliscor|Knock Off|p1a: Deoxys
|-supereffective|p1a: Deoxys
|-damage|p1a: Deoxys|0 fnt
|-enditem|p1a: Deoxys|Heavy-Duty Boots|[from] move: Knock Off|[of] p2a: Gliscor
|faint|p1a: Deoxys
|
|-heal|p2a: Gliscor|56/100 tox|[from] ability: Poison Heal
|upkeep
|
|t:|1779706353
|switch|p1a: Samurott|Samurott-Hisui, F|73/100
|turn|25
|
|t:|1779706363
|switch|p2a: Zamazenta|Zamazenta|87/100
|move|p1a: Samurott|Razor Shell|p2a: Zamazenta
|-damage|p2a: Zamazenta|38/100
|-unboost|p2a: Zamazenta|def|1
|
|upkeep
|turn|26
|
|t:|1779706371
|switch|p1a: Pecharunt|Pecharunt|100/100
|move|p2a: Zamazenta|Close Combat|p1a: Pecharunt
|-immune|p1a: Pecharunt
|
|upkeep
|turn|27
|
|t:|1779706380
|move|p2a: Zamazenta|Crunch|p1a: Pecharunt
|-supereffective|p1a: Pecharunt
|-damage|p1a: Pecharunt|76/100
|-damage|p2a: Zamazenta|21/100|[from] item: Rocky Helmet|[of] p1a: Pecharunt
|move|p1a: Pecharunt|Parting Shot|p2a: Zamazenta
|-unboost|p2a: Zamazenta|atk|1
|-unboost|p2a: Zamazenta|spa|1
|
|t:|1779706386
|switch|p1a: Samurott|Samurott-Hisui, F|73/100|[from] Parting Shot
|
|upkeep
|turn|28
|
|t:|1779706390
|move|p1a: Samurott|Aqua Jet|p2a: Zamazenta
|-damage|p2a: Zamazenta|0 fnt
|faint|p2a: Zamazenta
|
|upkeep
|
|t:|1779706396
|switch|p2a: Skarmory|Skarmory, F|52/100
|turn|29
|
|t:|1779706401
|move|p1a: Samurott|Razor Shell|p2a: Skarmory
|-damage|p2a: Skarmory|23/100
|move|p2a: Skarmory|Roost|p2a: Skarmory
|-heal|p2a: Skarmory|73/100
|-singleturn|p2a: Skarmory|move: Roost
|
|upkeep
|turn|30
|
|t:|1779706406
|move|p1a: Samurott|Ceaseless Edge|p2a: Skarmory
|-damage|p2a: Skarmory|47/100
|-sidestart|p2: claudechamp|Spikes
|move|p2a: Skarmory|Body Press|p1a: Samurott
|-supereffective|p1a: Samurott
|-damage|p1a: Samurott|0 fnt
|faint|p1a: Samurott
|
|upkeep
|
|t:|1779706413
|switch|p1a: Pecharunt|Pecharunt|76/100
|turn|31
|-message|idkhowtoteam forfeited.
|
|win|claudechamp
|raw|idkhowtoteam's rating: 1163 &rarr; <strong>1142</strong><br />(-21 for losing)
|raw|claudechamp's rating: 1225 &rarr; <strong>1246</strong><br />(+21 for winning)
|l|☆idkhowtoteam
|player|p1|
|c|☆claudechamp|gg
