|j|☆xxxduqi
|j|☆KOSEKlBIJOU
|t:|1779689046
|gametype|singles
|player|p1|xxxduqi|miku-flying|1273
|player|p2|KOSEKlBIJOU|red|1304
|gen|9
|tier|[Gen 9] OU
|rated|
|rule|HP Percentage Mod: HP is shown in percentages
|rule|Endless Battle Clause: Forcing endless battles is banned
|rule|Species Clause: Limit one of each Pokémon
|rule|OHKO Clause: OHKO moves are banned
|rule|Evasion Items Clause: Evasion items are banned
|rule|Evasion Moves Clause: Evasion moves are banned
|rule|Evasion Abilities Clause: Evasion abilities are banned
|rule|Sleep Moves Clause: Sleep-inducing moves are banned
|clearpoke
|poke|p1|Ogerpon-Wellspring, F|
|poke|p1|Alomomola, F|
|poke|p1|Fezandipiti, M|
|poke|p1|Landorus-Therian, M|
|poke|p1|Kyurem|
|poke|p1|Great Tusk|
|poke|p2|Ribombee, M|
|poke|p2|Meloetta|
|poke|p2|Gholdengo|
|poke|p2|Great Tusk|
|poke|p2|Kingambit, M|
|poke|p2|Raging Bolt|
|teampreview
|inactive|Battle timer is ON: inactive players will automatically lose when time's up. (requested by xxxduqi)
|
|t:|1779689053
|teamsize|p1|6
|teamsize|p2|6
|start
|switch|p1a: 我也不想在这里|Landorus-Therian, M|100/100
|switch|p2a: Ribombee|Ribombee, M|100/100
|-ability|p1a: 我也不想在这里|Intimidate|boost
|-unboost|p2a: Ribombee|atk|1
|turn|1
|
|t:|1779689056
|move|p2a: Ribombee|Sticky Web|p1a: 我也不想在这里
|-sidestart|p1: xxxduqi|move: Sticky Web
|move|p1a: 我也不想在这里|U-turn|p2a: Ribombee
|-resisted|p2a: Ribombee
|-damage|p2a: Ribombee|78/100
|
|t:|1779689059
|switch|p1a: 没关系~|Great Tusk|100/100|[from] U-turn
|-activate|p1a: 没关系~|move: Sticky Web
|-unboost|p1a: 没关系~|spe|1
|
|upkeep
|turn|2
|
|t:|1779689064
|move|p2a: Ribombee|Moonblast|p1a: 没关系~
|-supereffective|p1a: 没关系~
|-damage|p1a: 没关系~|15/100
|-unboost|p1a: 没关系~|spa|1
|move|p1a: 没关系~|Rapid Spin|p2a: Ribombee
|-damage|p2a: Ribombee|43/100
|-boost|p1a: 没关系~|spe|1
|-sideend|p1: xxxduqi|Sticky Web|[from] move: Rapid Spin|[of] p1a: 没关系~
|
|upkeep
|turn|3
|
|t:|1779689068
|-end|p1a: 没关系~|Protosynthesis|[silent]
|switch|p1a: 想走也来不及|Fezandipiti, M|100/100
|move|p2a: Ribombee|Moonblast|p1a: 想走也来不及
|-resisted|p1a: 想走也来不及
|-damage|p1a: 想走也来不及|90/100
|
|upkeep
|turn|4
|
|t:|1779689079
|switch|p2a: Kingambit|Kingambit, M|100/100
|move|p1a: 想走也来不及|U-turn|p2a: Kingambit
|-damage|p2a: Kingambit|87/100
|
|t:|1779689085
|switch|p1a: 我也不想在这里|Landorus-Therian, M|100/100|[from] U-turn
|-ability|p1a: 我也不想在这里|Intimidate|boost
|-unboost|p2a: Kingambit|atk|1
|
|upkeep
|turn|5
|
|t:|1779689091
|-end|p2a: Kingambit|fallenundefined|[silent]
|switch|p2a: Great Tusk|Great Tusk|100/100
|move|p1a: 我也不想在这里|Earthquake|p2a: Great Tusk
|-damage|p2a: Great Tusk|63/100
|
|-heal|p2a: Great Tusk|69/100|[from] item: Leftovers
|upkeep
|turn|6
|
|t:|1779689096
|move|p1a: 我也不想在这里|U-turn|p2a: Great Tusk
|-resisted|p2a: Great Tusk
|-damage|p2a: Great Tusk|62/100
|
|t:|1779689099
|switch|p1a: 不想在这里|Alomomola, F|100/100|[from] U-turn
|move|p2a: Great Tusk|Knock Off|p1a: 不想在这里
|-damage|p1a: 不想在这里|75/100
|-enditem|p1a: 不想在这里|Heavy-Duty Boots|[from] move: Knock Off|[of] p2a: Great Tusk
|
|-heal|p2a: Great Tusk|68/100|[from] item: Leftovers
|upkeep
|turn|7
|
|t:|1779689107
|move|p2a: Great Tusk|Stealth Rock|p1a: 不想在这里
|-sidestart|p1: xxxduqi|move: Stealth Rock
|move|p1a: 不想在这里|Wish|p1a: 不想在这里
|
|-heal|p2a: Great Tusk|74/100|[from] item: Leftovers
|upkeep
|turn|8
|
|t:|1779689112
|-end|p2a: Great Tusk|Protosynthesis|[silent]
|switch|p2a: Raging Bolt|Raging Bolt|100/100
|move|p1a: 不想在这里|Flip Turn|p2a: Raging Bolt
|-resisted|p2a: Raging Bolt
|-damage|p2a: Raging Bolt|94/100
|
|t:|1779689118
|switch|p1a: 没关系~|Great Tusk|15/100|[from] Flip Turn
|-damage|p1a: 没关系~|12/100|[from] Stealth Rock
|
|-heal|p1a: 没关系~|84/100|[from] move: Wish|[wisher] 不想在这里
|-heal|p2a: Raging Bolt|99/100|[from] item: Leftovers
|upkeep
|turn|9
|
|t:|1779689126
|-terastallize|p2a: Raging Bolt|Fairy
|move|p1a: 没关系~|Headlong Rush|p2a: Raging Bolt
|-crit|p2a: Raging Bolt
|-damage|p2a: Raging Bolt|21/100
|-unboost|p1a: 没关系~|def|1
|-unboost|p1a: 没关系~|spd|1
|move|p2a: Raging Bolt|Calm Mind|p2a: Raging Bolt
|-boost|p2a: Raging Bolt|spa|1
|-boost|p2a: Raging Bolt|spd|1
|
|-heal|p2a: Raging Bolt|27/100|[from] item: Leftovers
|upkeep
|turn|10
|
|t:|1779689134
|-end|p2a: Raging Bolt|Protosynthesis|[silent]
|switch|p2a: Gholdengo|Gholdengo|100/100
|-item|p2a: Gholdengo|Air Balloon
|move|p1a: 没关系~|Headlong Rush|p2a: Gholdengo
|-immune|p2a: Gholdengo
|
|upkeep
|turn|11
|
|t:|1779689144
|-end|p1a: 没关系~|Protosynthesis|[silent]
|switch|p1a: 我也不想在这里|Landorus-Therian, M|100/100
|-damage|p1a: 我也不想在这里|88/100|[from] Stealth Rock
|-ability|p1a: 我也不想在这里|Intimidate|boost
|-unboost|p2a: Gholdengo|atk|1
|move|p2a: Gholdengo|Nasty Plot|p2a: Gholdengo
|-boost|p2a: Gholdengo|spa|2
|
|-heal|p1a: 我也不想在这里|94/100|[from] item: Leftovers
|upkeep
|turn|12
|
|t:|1779689148
|move|p1a: 我也不想在这里|U-turn|p2a: Gholdengo
|-resisted|p2a: Gholdengo
|-damage|p2a: Gholdengo|94/100
|-enditem|p2a: Gholdengo|Air Balloon
|
|t:|1779689157
|switch|p1a: 想走也来不及|Fezandipiti, M|90/100|[from] U-turn
|-damage|p1a: 想走也来不及|78/100|[from] Stealth Rock
|move|p2a: Gholdengo|Make It Rain|p1a: 想走也来不及
|-supereffective|p1a: 想走也来不及
|-damage|p1a: 想走也来不及|0 fnt
|-unboost|p2a: Gholdengo|spa|1
|faint|p1a: 想走也来不及
|
|upkeep
|
|t:|1779689160
|switch|p1a: 没关系~|Great Tusk|84/100
|-damage|p1a: 没关系~|81/100|[from] Stealth Rock
|turn|13
|
|t:|1779689172
|switch|p2a: Ribombee|Ribombee, M|43/100
|move|p1a: 没关系~|Headlong Rush|p2a: Ribombee
|-resisted|p2a: Ribombee
|-damage|p2a: Ribombee|0 fnt
|-unboost|p1a: 没关系~|def|1
|-unboost|p1a: 没关系~|spd|1
|faint|p2a: Ribombee
|
|upkeep
|
|t:|1779689183
|switch|p2a: Great Tusk|Great Tusk|74/100
|turn|14
|
|t:|1779689187
|-end|p1a: 没关系~|Protosynthesis|[silent]
|switch|p1a: 我也不想在这里|Landorus-Therian, M|94/100
|-damage|p1a: 我也不想在这里|82/100|[from] Stealth Rock
|-ability|p1a: 我也不想在这里|Intimidate|boost
|-unboost|p2a: Great Tusk|atk|1
|move|p2a: Great Tusk|Earthquake|p1a: 我也不想在这里
|-immune|p1a: 我也不想在这里
|
|-heal|p1a: 我也不想在这里|88/100|[from] item: Leftovers
|-heal|p2a: Great Tusk|80/100|[from] item: Leftovers
|upkeep
|turn|15
|
|t:|1779689194
|move|p1a: 我也不想在这里|U-turn|p2a: Great Tusk
|-resisted|p2a: Great Tusk
|-damage|p2a: Great Tusk|72/100
|
|t:|1779689196
|switch|p1a: 不想在这里|Alomomola, F|100/100|[from] U-turn
|-damage|p1a: 不想在这里|88/100|[from] Stealth Rock
|move|p2a: Great Tusk|Knock Off|p1a: 不想在这里
|-damage|p1a: 不想在这里|76/100
|
|-heal|p2a: Great Tusk|78/100|[from] item: Leftovers
|upkeep
|turn|16
|
|t:|1779689207
|-end|p2a: Great Tusk|Protosynthesis|[silent]
|switch|p2a: Raging Bolt|Raging Bolt, tera:Fairy|27/100
|move|p1a: 不想在这里|Wish|p1a: 不想在这里
|
|-heal|p2a: Raging Bolt|33/100|[from] item: Leftovers
|upkeep
|turn|17
|
|t:|1779689212
|switch|p1a: 我也不想在这里|Landorus-Therian, M|88/100
|-damage|p1a: 我也不想在这里|76/100|[from] Stealth Rock
|-ability|p1a: 我也不想在这里|Intimidate|boost
|-unboost|p2a: Raging Bolt|atk|1
|move|p2a: Raging Bolt|Thunderclap||[still]
|-fail|p2a: Raging Bolt
|
|-heal|p1a: 我也不想在这里|100/100|[from] move: Wish|[wisher] 不想在这里
|-heal|p2a: Raging Bolt|39/100|[from] item: Leftovers
|upkeep
|turn|18
|
|t:|1779689218
|move|p1a: 我也不想在这里|Earthquake|p2a: Raging Bolt
|-damage|p2a: Raging Bolt|1/100
|move|p2a: Raging Bolt|Dragon Pulse|p1a: 我也不想在这里
|-damage|p1a: 我也不想在这里|50/100
|
|-heal|p1a: 我也不想在这里|56/100|[from] item: Leftovers
|-heal|p2a: Raging Bolt|7/100|[from] item: Leftovers
|upkeep
|turn|19
|
|t:|1779689223
|-end|p2a: Raging Bolt|Protosynthesis|[silent]
|switch|p2a: Great Tusk|Great Tusk|78/100
|move|p1a: 我也不想在这里|Earthquake|p2a: Great Tusk
|-damage|p2a: Great Tusk|42/100
|
|-heal|p1a: 我也不想在这里|62/100|[from] item: Leftovers
|-heal|p2a: Great Tusk|48/100|[from] item: Leftovers
|upkeep
|turn|20
|
|t:|1779689228
|move|p1a: 我也不想在这里|U-turn|p2a: Great Tusk
|-resisted|p2a: Great Tusk
|-damage|p2a: Great Tusk|41/100
|
|t:|1779689232
|switch|p1a: 不想在这里|Alomomola, F|100/100|[from] U-turn
|-damage|p1a: 不想在这里|88/100|[from] Stealth Rock
|move|p2a: Great Tusk|Rapid Spin|p1a: 不想在这里
|-damage|p1a: 不想在这里|74/100
|-boost|p2a: Great Tusk|spe|1
|
|-heal|p2a: Great Tusk|47/100|[from] item: Leftovers
|upkeep
|turn|21
|
|t:|1779689236
|move|p2a: Great Tusk|Earthquake|p1a: 不想在这里
|-damage|p1a: 不想在这里|34/100
|move|p1a: 不想在这里|Flip Turn|p2a: Great Tusk
|-supereffective|p2a: Great Tusk
|-damage|p2a: Great Tusk|21/100
|
|t:|1779689241
|switch|p1a: 没关系~|Great Tusk|81/100|[from] Flip Turn
|-damage|p1a: 没关系~|78/100|[from] Stealth Rock
|
|-heal|p2a: Great Tusk|27/100|[from] item: Leftovers
|upkeep
|turn|22
|
|t:|1779689247
|-end|p2a: Great Tusk|Protosynthesis|[silent]
|switch|p2a: Meloetta|Meloetta|100/100
|move|p1a: 没关系~|Rapid Spin|p2a: Meloetta
|-damage|p2a: Meloetta|79/100
|-boost|p1a: 没关系~|spe|1
|-sideend|p1: xxxduqi|Stealth Rock|[from] move: Rapid Spin|[of] p1a: 没关系~
|
|upkeep
|turn|23
|
|t:|1779689256
|move|p1a: 没关系~|Close Combat|p2a: Meloetta
|-damage|p2a: Meloetta|5/100
|-unboost|p1a: 没关系~|def|1
|-unboost|p1a: 没关系~|spd|1
|move|p2a: Meloetta|Psychic|p1a: 没关系~
|-supereffective|p1a: 没关系~
|-damage|p1a: 没关系~|0 fnt
|faint|p1a: 没关系~
|-end|p1a: 没关系~|Protosynthesis|[silent]
|
|upkeep
|
|t:|1779689267
|switch|p1a: 伸！张！正↑！E↓！|Ogerpon-Wellspring, F|100/100
|turn|24
|
|t:|1779689281
|move|p1a: 伸！张！正↑！E↓！|Ivy Cudgel|p2a: Meloetta|[anim] Ivy Cudgel Water
|-damage|p2a: Meloetta|0 fnt
|faint|p2a: Meloetta
|
|upkeep
|
|t:|1779689283
|switch|p2a: Raging Bolt|Raging Bolt, tera:Fairy|7/100
|turn|25
|
|t:|1779689286
|switch|p1a: 我也不想在这里|Landorus-Therian, M|62/100
|-ability|p1a: 我也不想在这里|Intimidate|boost
|-unboost|p2a: Raging Bolt|atk|1
|move|p2a: Raging Bolt|Thunderclap||[still]
|-fail|p2a: Raging Bolt
|
|-heal|p1a: 我也不想在这里|68/100|[from] item: Leftovers
|-heal|p2a: Raging Bolt|13/100|[from] item: Leftovers
|upkeep
|turn|26
|
|t:|1779689292
|-end|p2a: Raging Bolt|Protosynthesis|[silent]
|switch|p2a: Gholdengo|Gholdengo|94/100
|move|p1a: 我也不想在这里|Earthquake|p2a: Gholdengo
|-supereffective|p2a: Gholdengo
|-damage|p2a: Gholdengo|0 fnt
|faint|p2a: Gholdengo
|
|-heal|p1a: 我也不想在这里|74/100|[from] item: Leftovers
|upkeep
|-message|KOSEKlBIJOU forfeited.
|
|win|xxxduqi
|raw|xxxduqi's rating: 1273 &rarr; <strong>1300</strong><br />(+27 for winning)
|raw|KOSEKlBIJOU's rating: 1304 &rarr; <strong>1282</strong><br />(-22 for losing)
|l|☆KOSEKlBIJOU
|player|p2|
|l|☆xxxduqi
|player|p1|
