|j|☆phreshoatmeal
|j|☆tigereyehs
|t:|1779682466
|gametype|singles
|player|p1|phreshoatmeal|266|1426
|player|p2|tigereyehs|gambler|1469
|gen|9
|tier|[Gen 9] OU
|rated|
|rule|HP Percentage Mod: HP is shown in percentages
|rule|Endless Battle Clause: Forcing endless battles is banned
|rule|Species Clause: Limit one of each Pokémon
|rule|OHKO Clause: OHKO moves are banned
|rule|Evasion Items Clause: Evasion items are banned
|rule|Evasion Moves Clause: Evasion moves are banned
|rule|Evasion Abilities Clause: Evasion abilities are banned
|rule|Sleep Moves Clause: Sleep-inducing moves are banned
|clearpoke
|poke|p1|Excadrill, M|
|poke|p1|Tyranitar, M|
|poke|p1|Indeedee, M|
|poke|p1|Amoonguss, M|
|poke|p1|Hatterene, F|
|poke|p1|Heatran, F|
|poke|p2|Iron Moth|
|poke|p2|Gliscor, M|
|poke|p2|Hatterene, F|
|poke|p2|Ogerpon-Wellspring, F|
|poke|p2|Raging Bolt|
|poke|p2|Zamazenta-*|
|teampreview
|inactive|Battle timer is ON: inactive players will automatically lose when time's up. (requested by tigereyehs)
|
|t:|1779682495
|teamsize|p1|6
|teamsize|p2|6
|start
|switch|p1a: Indeedee|Indeedee, M|100/100
|switch|p2a: Zamazenta|Zamazenta|100/100
|-ability|p2a: Zamazenta|Dauntless Shield|boost
|-boost|p2a: Zamazenta|def|1
|-fieldstart|move: Psychic Terrain|[from] ability: Psychic Surge|[of] p1a: Indeedee
|turn|1
|
|t:|1779682506
|switch|p1a: Hatterene|Hatterene, F|100/100
|move|p2a: Zamazenta|Light Screen|p2a: Zamazenta
|-sidestart|p2: tigereyehs|move: Light Screen
|
|upkeep
|turn|2
|
|t:|1779682515
|switch|p2a: Hatterene|Hatterene, F|100/100
|move|p1a: Hatterene|Psychic Noise|p2a: Hatterene
|-resisted|p2a: Hatterene
|-damage|p2a: Hatterene|89/100
|-start|p2a: Hatterene|move: Heal Block
|
|upkeep
|turn|3
|
|t:|1779682523
|switch|p1a: Excadrill|Excadrill, M|100/100
|move|p2a: Hatterene|Calm Mind|p2a: Hatterene
|-boost|p2a: Hatterene|spa|1
|-boost|p2a: Hatterene|spd|1
|
|-end|p2a: Hatterene|move: Heal Block
|upkeep
|turn|4
|
|t:|1779682531
|move|p1a: Excadrill|Iron Head|p2a: Hatterene
|-supereffective|p2a: Hatterene
|-damage|p2a: Hatterene|0 fnt
|faint|p2a: Hatterene
|
|upkeep
|
|t:|1779682536
|switch|p2a: Ogerpon|Ogerpon-Wellspring, F|100/100
|turn|5
|inactive|phreshoatmeal has 120 seconds left.
|
|t:|1779682567
|switch|p1a: Amoonguss|Amoonguss, M|100/100
|move|p2a: Ogerpon|Ivy Cudgel|p1a: Amoonguss|[anim] Ivy Cudgel Water
|-resisted|p1a: Amoonguss
|-damage|p1a: Amoonguss|79/100
|-enditem|p1a: Amoonguss|Eject Button
|inactive|phreshoatmeal has 120 seconds left.
|
|t:|1779682578
|switch|p1a: Hatterene|Hatterene, F|100/100
|
|-fieldend|move: Psychic Terrain
|upkeep
|turn|6
|inactive|phreshoatmeal has 120 seconds left.
|inactive|tigereyehs has 120 seconds left.
|
|t:|1779682608
|switch|p1a: Amoonguss|Amoonguss, M|100/100
|move|p2a: Ogerpon|Swords Dance|p2a: Ogerpon
|-boost|p2a: Ogerpon|atk|2
|
|upkeep
|turn|7
|
|t:|1779682617
|move|p2a: Ogerpon|Ivy Cudgel|p1a: Amoonguss|[anim] Ivy Cudgel Water
|-resisted|p1a: Amoonguss
|-damage|p1a: Amoonguss|53/100
|move|p1a: Amoonguss|Foul Play|p2a: Ogerpon
|-damage|p2a: Ogerpon|8/100
|
|upkeep
|turn|8
|inactive|phreshoatmeal has 90 seconds left.
|
|t:|1779682656
|switch|p1a: Heatran|Heatran, F|100/100
|move|p2a: Ogerpon|Ivy Cudgel|p1a: Heatran|[anim] Ivy Cudgel Water
|-supereffective|p1a: Heatran
|-damage|p1a: Heatran|0 fnt
|faint|p1a: Heatran
|
|-sideend|p2: tigereyehs|move: Light Screen
|upkeep
|
|t:|1779682660
|switch|p1a: Amoonguss|Amoonguss, M|86/100
|turn|9
|
|t:|1779682669
|move|p2a: Ogerpon|Ivy Cudgel|p1a: Amoonguss|[anim] Ivy Cudgel Water
|-resisted|p1a: Amoonguss
|-damage|p1a: Amoonguss|36/100
|move|p1a: Amoonguss|Foul Play|p2a: Ogerpon
|-crit|p2a: Ogerpon
|-damage|p2a: Ogerpon|0 fnt
|faint|p2a: Ogerpon
|
|upkeep
|inactive|tigereyehs has 120 seconds left.
|
|t:|1779682706
|switch|p2a: Zamazenta|Zamazenta|100/100
|turn|10
|
|t:|1779682723
|move|p2a: Zamazenta|Ice Fang|p1a: Amoonguss
|-supereffective|p1a: Amoonguss
|-damage|p1a: Amoonguss|10/100
|move|p1a: Amoonguss|Toxic|p2a: Zamazenta
|-status|p2a: Zamazenta|tox
|
|-damage|p2a: Zamazenta|94/100 tox|[from] psn
|upkeep
|turn|11
|inactive|tigereyehs has 120 seconds left.
|
|t:|1779682760
|switch|p1a: Hatterene|Hatterene, F|100/100
|move|p2a: Zamazenta|Ice Fang|p1a: Hatterene
|-damage|p1a: Hatterene|85/100
|
|-heal|p1a: Hatterene|91/100|[from] item: Leftovers
|-damage|p2a: Zamazenta|82/100 tox|[from] psn
|upkeep
|turn|12
|inactive|tigereyehs has 90 seconds left.
|
|t:|1779682798
|move|p2a: Zamazenta|Light Screen|p2a: Zamazenta
|-sidestart|p2: tigereyehs|move: Light Screen
|move|p1a: Hatterene|Psychic Noise|p2a: Zamazenta
|-supereffective|p2a: Zamazenta
|-damage|p2a: Zamazenta|56/100 tox
|-start|p2a: Zamazenta|move: Heal Block
|
|-heal|p1a: Hatterene|97/100|[from] item: Leftovers
|-damage|p2a: Zamazenta|38/100 tox|[from] psn
|upkeep
|turn|13
|inactive|phreshoatmeal has 90 seconds left.
|inactive|tigereyehs has 60 seconds left.
|
|t:|1779682829
|move|p2a: Zamazenta|Reflect|p2a: Zamazenta
|-sidestart|p2: tigereyehs|Reflect
|move|p1a: Hatterene|Gravity|p1a: Hatterene
|-fieldstart|move: Gravity
|
|-heal|p1a: Hatterene|100/100|[from] item: Leftovers
|-damage|p2a: Zamazenta|14/100 tox|[from] psn
|-end|p2a: Zamazenta|move: Heal Block
|upkeep
|turn|14
|inactive|tigereyehs has 60 seconds left.
|inactive|phreshoatmeal has 90 seconds left.
|inactive|tigereyehs has 30 seconds left.
|inactive|tigereyehs has 20 seconds left.
|inactive|tigereyehs has 15 seconds left.
|inactive|tigereyehs has 10 seconds left.
|inactive|tigereyehs has 5 seconds left.
|
|t:|1779682894
|switch|p1a: Amoonguss|Amoonguss, M|43/100
|move|p2a: Zamazenta|Ice Fang|p1a: Amoonguss
|-supereffective|p1a: Amoonguss
|-damage|p1a: Amoonguss|15/100
|
|-damage|p2a: Zamazenta|0 fnt|[from] psn
|faint|p2a: Zamazenta
|upkeep
|inactive|tigereyehs has 10 seconds left this turn.
|inactive|tigereyehs has 5 seconds left.
|-message|tigereyehs lost due to inactivity.
|
|win|phreshoatmeal
|raw|phreshoatmeal's rating: 1426 &rarr; <strong>1448</strong><br />(+22 for winning)
|raw|tigereyehs's rating: 1469 &rarr; <strong>1447</strong><br />(-22 for losing)
|l|☆phreshoatmeal
|player|p1|
|l|☆tigereyehs
|player|p2|
