|j|☆LUPIIT
|j|☆cafepinguino
|t:|1779585102
|gametype|singles
|player|p1|LUPIIT|lucas|1514
|player|p2|cafepinguino|morty|1515
|gen|9
|tier|[Gen 9] OU
|rated|
|rule|HP Percentage Mod: HP is shown in percentages
|rule|Endless Battle Clause: Forcing endless battles is banned
|rule|Species Clause: Limit one of each Pokémon
|rule|OHKO Clause: OHKO moves are banned
|rule|Evasion Items Clause: Evasion items are banned
|rule|Evasion Moves Clause: Evasion moves are banned
|rule|Evasion Abilities Clause: Evasion abilities are banned
|rule|Sleep Moves Clause: Sleep-inducing moves are banned
|clearpoke
|poke|p1|Smeargle, M|
|poke|p1|Hoopa-Unbound|
|poke|p1|Toxapex, M|
|poke|p1|Zapdos|
|poke|p1|Enamorus, F|
|poke|p1|Okidogi, M|
|poke|p2|Darkrai|
|poke|p2|Clefable, F|
|poke|p2|Entei|
|poke|p2|Goodra-Hisui, M|
|poke|p2|Ursaluna, F|
|poke|p2|Azumarill, F|
|teampreview
|inactive|Battle timer is ON: inactive players will automatically lose when time's up. (requested by LUPIIT)
|
|t:|1779585109
|teamsize|p1|6
|teamsize|p2|6
|start
|switch|p1a: Smeargle|Smeargle, M|100/100
|switch|p2a: Clefable|Clefable, F|100/100
|turn|1
|
|t:|1779585119
|move|p1a: Smeargle|Sticky Web|p2a: Clefable
|-sidestart|p2: cafepinguino|move: Sticky Web
|move|p2a: Clefable|Calm Mind|p2a: Clefable
|-boost|p2a: Clefable|spa|1
|-boost|p2a: Clefable|spd|1
|
|upkeep
|turn|2
|
|t:|1779585122
|switch|p1a: Zapdos|Zapdos|100/100
|move|p2a: Clefable|Calm Mind|p2a: Clefable
|-boost|p2a: Clefable|spa|1
|-boost|p2a: Clefable|spd|1
|
|upkeep
|turn|3
|
|t:|1779585126
|move|p1a: Zapdos|Discharge|p2a: Clefable
|-damage|p2a: Clefable|83/100
|move|p2a: Clefable|Moonblast|p1a: Zapdos
|-damage|p1a: Zapdos|21/100
|
|upkeep
|turn|4
|
|t:|1779585131
|move|p1a: Zapdos|Discharge|p2a: Clefable
|-damage|p2a: Clefable|68/100
|move|p2a: Clefable|Moonblast|p1a: Zapdos
|-damage|p1a: Zapdos|0 fnt
|faint|p1a: Zapdos
|
|upkeep
|
|t:|1779585134
|switch|p1a: Okidogi|Okidogi, M|100/100
|turn|5
|
|t:|1779585136
|move|p1a: Okidogi|Bulk Up|p1a: Okidogi
|-boost|p1a: Okidogi|atk|1
|-boost|p1a: Okidogi|def|1
|move|p2a: Clefable|Moonblast|p1a: Okidogi
|-damage|p1a: Okidogi|19/100
|
|-heal|p1a: Okidogi|25/100|[from] item: Leftovers
|upkeep
|turn|6
|
|t:|1779585140
|move|p1a: Okidogi|Fire Punch|p2a: Clefable
|-damage|p2a: Clefable|36/100
|move|p2a: Clefable|Moonblast|p1a: Okidogi
|-damage|p1a: Okidogi|0 fnt
|faint|p1a: Okidogi
|
|upkeep
|
|t:|1779585144
|switch|p1a: Hoopa|Hoopa-Unbound|100/100
|turn|7
|
|t:|1779585149
|move|p1a: Hoopa|Psyshock|p2a: Clefable
|-damage|p2a: Clefable|0 fnt
|faint|p2a: Clefable
|
|upkeep
|
|t:|1779585160
|switch|p2a: Ursaluna|Ursaluna, F|100/100
|-activate|p2a: Ursaluna|move: Sticky Web
|-unboost|p2a: Ursaluna|spe|1
|turn|8
|
|t:|1779585164
|switch|p1a: Smeargle|Smeargle, M|100/100
|move|p2a: Ursaluna|Protect||[still]
|-fail|p2a: Ursaluna
|
|-status|p2a: Ursaluna|brn|[from] item: Flame Orb
|upkeep
|turn|9
|
|t:|1779585168
|move|p1a: Smeargle|Burning Bulwark|p1a: Smeargle
|-singleturn|p1a: Smeargle|move: Protect
|move|p2a: Ursaluna|Facade|p1a: Smeargle
|-activate|p1a: Smeargle|move: Protect
|
|-damage|p2a: Ursaluna|94/100 brn|[from] brn
|upkeep
|turn|10
|
|t:|1779585174
|move|p1a: Smeargle|Sticky Web||[still]
|-fail|p1a: Smeargle
|move|p2a: Ursaluna|Facade|p1a: Smeargle
|-enditem|p1a: Smeargle|Focus Sash
|-damage|p1a: Smeargle|1/100
|
|-damage|p2a: Ursaluna|88/100 brn|[from] brn
|upkeep
|turn|11
|
|t:|1779585179
|move|p1a: Smeargle|Sticky Web||[still]
|-fail|p1a: Smeargle
|move|p2a: Ursaluna|Facade|p1a: Smeargle
|-damage|p1a: Smeargle|0 fnt
|faint|p1a: Smeargle
|
|-damage|p2a: Ursaluna|82/100 brn|[from] brn
|upkeep
|
|t:|1779585183
|switch|p1a: Hoopa|Hoopa-Unbound|100/100
|turn|12
|
|t:|1779585188
|switch|p1a: Toxapex|Toxapex, M|100/100
|move|p2a: Ursaluna|Facade|p1a: Toxapex
|-damage|p1a: Toxapex|8/100
|-enditem|p1a: Toxapex|Eject Button
|
|t:|1779585194
|switch|p1a: Enamorus|Enamorus, F|100/100
|
|-damage|p2a: Ursaluna|75/100 brn|[from] brn
|upkeep
|turn|13
|
|t:|1779585197
|move|p1a: Enamorus|Protect|p1a: Enamorus
|-singleturn|p1a: Enamorus|Protect
|move|p2a: Ursaluna|Facade|p1a: Enamorus
|-activate|p1a: Enamorus|move: Protect
|
|-damage|p2a: Ursaluna|69/100 brn|[from] brn
|upkeep
|turn|14
|
|t:|1779585202
|move|p1a: Enamorus|Moonblast|p2a: Ursaluna
|-crit|p2a: Ursaluna
|-damage|p2a: Ursaluna|4/100 brn
|-unboost|p2a: Ursaluna|spa|1
|move|p2a: Ursaluna|Facade|p1a: Enamorus
|-damage|p1a: Enamorus|0 fnt
|faint|p1a: Enamorus
|
|-damage|p2a: Ursaluna|0 fnt|[from] brn
|faint|p2a: Ursaluna
|upkeep
|
|t:|1779585215
|switch|p1a: Hoopa|Hoopa-Unbound|100/100
|switch|p2a: Azumarill <3|Azumarill, F|100/100
|-activate|p2a: Azumarill <3|move: Sticky Web
|-unboost|p2a: Azumarill <3|spe|1
|turn|15
|
|t:|1779585225
|switch|p1a: Toxapex|Toxapex, M|41/100
|move|p2a: Azumarill <3|Belly Drum|p2a: Azumarill <3
|-damage|p2a: Azumarill <3|50/100
|-setboost|p2a: Azumarill <3|atk|6|[from] move: Belly Drum
|-enditem|p2a: Azumarill <3|Sitrus Berry|[eat]
|-heal|p2a: Azumarill <3|75/100|[from] item: Sitrus Berry
|
|upkeep
|turn|16
|
|t:|1779585230
|move|p1a: Toxapex|Baneful Bunker|p1a: Toxapex
|-singleturn|p1a: Toxapex|move: Protect
|move|p2a: Azumarill <3|Knock Off|p1a: Toxapex
|-activate|p1a: Toxapex|move: Protect
|-status|p2a: Azumarill <3|psn
|
|-damage|p2a: Azumarill <3|63/100 psn|[from] psn
|upkeep
|turn|17
|
|t:|1779585235
|move|p1a: Toxapex|Liquidation|p2a: Azumarill <3
|-resisted|p2a: Azumarill <3
|-crit|p2a: Azumarill <3
|-damage|p2a: Azumarill <3|45/100 psn
|move|p2a: Azumarill <3|Knock Off|p1a: Toxapex
|-damage|p1a: Toxapex|0 fnt
|faint|p1a: Toxapex
|
|-damage|p2a: Azumarill <3|32/100 psn|[from] psn
|upkeep
|
|t:|1779585237
|switch|p1a: Hoopa|Hoopa-Unbound|100/100
|turn|18
|
|t:|1779585242
|move|p2a: Azumarill <3|Aqua Jet|p1a: Hoopa
|-damage|p1a: Hoopa|0 fnt
|faint|p1a: Hoopa
|
|win|cafepinguino
|raw|LUPIIT's rating: 1514 &rarr; <strong>1494</strong><br />(-20 for losing)
|raw|cafepinguino's rating: 1515 &rarr; <strong>1535</strong><br />(+20 for winning)
|l|☆LUPIIT
|player|p1|
|l|☆cafepinguino
|player|p2|
