|j|☆FRZL.4
|j|☆zer0kage
|t:|1779683943
|gametype|singles
|player|p1|FRZL.4|101|1137
|player|p2|zer0kage|dragontamer|1158
|gen|9
|tier|[Gen 9] OU
|rated|
|rule|HP Percentage Mod: HP is shown in percentages
|rule|Endless Battle Clause: Forcing endless battles is banned
|rule|Species Clause: Limit one of each Pokémon
|rule|OHKO Clause: OHKO moves are banned
|rule|Evasion Items Clause: Evasion items are banned
|rule|Evasion Moves Clause: Evasion moves are banned
|rule|Evasion Abilities Clause: Evasion abilities are banned
|rule|Sleep Moves Clause: Sleep-inducing moves are banned
|clearpoke
|poke|p1|Swampert, M|
|poke|p1|Corviknight, M|
|poke|p1|Infernape, M|
|poke|p1|Kingambit, M|
|poke|p1|Slowking-Galar, M|
|poke|p1|Greninja-*, M|
|poke|p2|Garchomp, M|
|poke|p2|Kingambit, M|
|poke|p2|Glimmora, F|
|poke|p2|Corviknight, F|
|poke|p2|Weavile, F|
|poke|p2|Tyranitar, M|
|teampreview
|
|t:|1779683946
|teamsize|p1|6
|teamsize|p2|6
|start
|switch|p1a: Swampert|Swampert, M|100/100
|switch|p2a: Glimmora|Glimmora, F, shiny|100/100
|turn|1
|
|t:|1779683958
|move|p2a: Glimmora|Toxic|p1a: Swampert
|-status|p1a: Swampert|tox
|move|p1a: Swampert|Earthquake|p2a: Glimmora
|-supereffective|p2a: Glimmora
|-enditem|p2a: Glimmora|Focus Sash
|-damage|p2a: Glimmora|1/100
|-activate|p2a: Glimmora|ability: Toxic Debris
|-sidestart|p1: FRZL.4|move: Toxic Spikes
|
|-damage|p1a: Swampert|94/100 tox|[from] psn
|upkeep
|turn|2
|
|t:|1779683968
|move|p2a: Glimmora|Stealth Rock|p1a: Swampert
|-sidestart|p1: FRZL.4|move: Stealth Rock
|move|p1a: Swampert|Flip Turn|p2a: Glimmora
|-supereffective|p2a: Glimmora
|-damage|p2a: Glimmora|0 fnt
|-activate|p2a: Glimmora|ability: Toxic Debris
|-sidestart|p1: FRZL.4|move: Toxic Spikes
|faint|p2a: Glimmora
|
|t:|1779683977
|switch|p1a: Corviknight|Corviknight, M, shiny|100/100|[from] Flip Turn
|-damage|p1a: Corviknight|88/100|[from] Stealth Rock
|-ability|p1a: Corviknight|Pressure
|
|-heal|p1a: Corviknight|94/100|[from] item: Leftovers
|upkeep
|inactive|Battle timer is ON: inactive players will automatically lose when time's up. (requested by FRZL.4)
|
|t:|1779684001
|switch|p2a: Garchomp|Garchomp, M, shiny|100/100
|turn|3
|
|t:|1779684007
|move|p2a: Garchomp|Swords Dance|p2a: Garchomp
|-boost|p2a: Garchomp|atk|2
|move|p1a: Corviknight|Defog|p2a: Garchomp
|-unboost|p2a: Garchomp|evasion|1
|-sideend|p1: FRZL.4|Toxic Spikes|[from] move: Defog|[of] p1a: Corviknight
|-sideend|p1: FRZL.4|Stealth Rock|[from] move: Defog|[of] p1a: Corviknight
|
|-heal|p1a: Corviknight|100/100|[from] item: Leftovers
|upkeep
|turn|4
|
|t:|1779684016
|move|p2a: Garchomp|Swords Dance|p2a: Garchomp
|-boost|p2a: Garchomp|atk|2
|move|p1a: Corviknight|U-turn|p2a: Garchomp
|-damage|p2a: Garchomp|87/100
|-damage|p1a: Corviknight|88/100|[from] ability: Rough Skin|[of] p2a: Garchomp
|
|t:|1779684023
|switch|p1a: Swampert|Swampert, M|94/100 tox|[from] U-turn
|
|-heal|p1a: Swampert|100/100 tox|[from] item: Leftovers
|-damage|p1a: Swampert|94/100 tox|[from] psn
|upkeep
|turn|5
|
|t:|1779684030
|-terastallize|p2a: Garchomp|Psychic
|move|p2a: Garchomp|Earthquake|p1a: Swampert
|-damage|p1a: Swampert|0 fnt
|faint|p1a: Swampert
|-damage|p2a: Garchomp|77/100|[from] item: Life Orb
|
|upkeep
|
|t:|1779684037
|switch|p1a: Greninja|Greninja, M, shiny|100/100
|turn|6
|
|t:|1779684045
|move|p1a: Greninja|Dark Pulse|p2a: Garchomp
|-start|p1a: Greninja|typechange|Dark|[from] ability: Protean
|-supereffective|p2a: Garchomp
|-crit|p2a: Garchomp
|-damage|p2a: Garchomp|0 fnt
|faint|p2a: Garchomp
|
|upkeep
|
|t:|1779684052
|switch|p2a: Tyranitar|Tyranitar, M|100/100
|-weather|Sandstorm|[from] ability: Sand Stream|[of] p2a: Tyranitar
|turn|7
|
|t:|1779684066
|switch|p1a: Corviknight|Corviknight, M, shiny|88/100
|-ability|p1a: Corviknight|Pressure
|move|p2a: Tyranitar|Earthquake|p1a: Corviknight
|-immune|p1a: Corviknight
|
|-weather|Sandstorm|[upkeep]
|-heal|p1a: Corviknight|94/100|[from] item: Leftovers
|upkeep
|turn|8
|
|t:|1779684077
|move|p2a: Tyranitar|Stone Edge|p1a: Corviknight
|-damage|p1a: Corviknight|58/100
|move|p1a: Corviknight|U-turn|p2a: Tyranitar
|-supereffective|p2a: Tyranitar
|-damage|p2a: Tyranitar|75/100
|
|t:|1779684083
|switch|p1a: Slowking|Slowking-Galar, M|100/100|[from] U-turn
|
|-weather|Sandstorm|[upkeep]
|-damage|p1a: Slowking|94/100|[from] Sandstorm
|upkeep
|turn|9
|
|t:|1779684094
|move|p2a: Tyranitar|Earthquake|p1a: Slowking
|-supereffective|p1a: Slowking
|-damage|p1a: Slowking|18/100
|move|p1a: Slowking|Ice Beam|p2a: Tyranitar
|-damage|p2a: Tyranitar|65/100
|
|-weather|Sandstorm|[upkeep]
|-damage|p1a: Slowking|12/100|[from] Sandstorm
|upkeep
|turn|10
|
|t:|1779684111
|switch|p1a: Corviknight|Corviknight, M, shiny|58/100
|-ability|p1a: Corviknight|Pressure
|move|p2a: Tyranitar|Earthquake|p1a: Corviknight
|-immune|p1a: Corviknight
|
|-weather|Sandstorm|[upkeep]
|-heal|p1a: Corviknight|64/100|[from] item: Leftovers
|upkeep
|turn|11
|
|t:|1779684126
|move|p2a: Tyranitar|Stone Edge|p1a: Corviknight
|-damage|p1a: Corviknight|27/100
|move|p1a: Corviknight|U-turn|p2a: Tyranitar
|-supereffective|p2a: Tyranitar
|-damage|p2a: Tyranitar|38/100
|
|t:|1779684132
|switch|p1a: Infernape|Infernape, M|100/100|[from] U-turn
|
|-weather|none
|upkeep
|turn|12
|
|t:|1779684144
|move|p1a: Infernape|Close Combat|p2a: Tyranitar
|-supereffective|p2a: Tyranitar
|-damage|p2a: Tyranitar|0 fnt
|-unboost|p1a: Infernape|def|1
|-unboost|p1a: Infernape|spd|1
|faint|p2a: Tyranitar
|
|upkeep
|
|t:|1779684149
|switch|p2a: Corviknight|Corviknight, F, shiny|100/100
|turn|13
|
|t:|1779684156
|move|p1a: Infernape|Flamethrower|p2a: Corviknight
|-supereffective|p2a: Corviknight
|-damage|p2a: Corviknight|32/100
|move|p2a: Corviknight|Brave Bird|p1a: Infernape
|-supereffective|p1a: Infernape
|-damage|p1a: Infernape|0 fnt
|faint|p1a: Infernape
|-damage|p2a: Corviknight|8/100|[from] Recoil
|
|-heal|p2a: Corviknight|14/100|[from] item: Leftovers
|upkeep
|
|t:|1779684167
|switch|p1a: Greninja|Greninja, M, shiny|100/100
|turn|14
|
|t:|1779684189
|move|p1a: Greninja|Ice Beam|p2a: Corviknight
|-start|p1a: Greninja|typechange|Ice|[from] ability: Protean
|-damage|p2a: Corviknight|0 fnt
|faint|p2a: Corviknight
|
|upkeep
|
|t:|1779684192
|switch|p2a: Weavile|Weavile, F|100/100
|-ability|p2a: Weavile|Pressure
|turn|15
|
|t:|1779684201
|switch|p1a: Corviknight|Corviknight, M, shiny|27/100
|-ability|p1a: Corviknight|Pressure
|move|p2a: Weavile|Low Kick|p1a: Corviknight
|-damage|p1a: Corviknight|0 fnt
|faint|p1a: Corviknight
|
|upkeep
|
|t:|1779684208
|switch|p1a: Slowking|Slowking-Galar, M|45/100
|turn|16
|
|t:|1779684219
|switch|p2a: Kingambit|Kingambit, M, shiny|100/100
|-activate|p2a: Kingambit|ability: Supreme Overlord
|-start|p2a: Kingambit|fallen4|[silent]
|move|p1a: Slowking|Flamethrower|p2a: Kingambit
|-supereffective|p2a: Kingambit
|-damage|p2a: Kingambit|53/100
|
|upkeep
|turn|17
|
|t:|1779684230
|switch|p1a: Greninja|Greninja, M, shiny|100/100
|move|p2a: Kingambit|Sucker Punch||[still]
|-fail|p2a: Kingambit
|
|upkeep
|turn|18
|inactive|zer0kage has 120 seconds left.
|
|t:|1779684277
|move|p1a: Greninja|Hydro Pump|p2a: Kingambit|[miss]
|-start|p1a: Greninja|typechange|Water|[from] ability: Protean
|-miss|p1a: Greninja|p2a: Kingambit
|move|p2a: Kingambit|Swords Dance|p2a: Kingambit
|-boost|p2a: Kingambit|atk|2
|
|upkeep
|turn|19
|
|t:|1779684287
|switch|p1a: Slowking|Slowking-Galar, M|79/100
|move|p2a: Kingambit|Sucker Punch||[still]
|-fail|p2a: Kingambit
|
|upkeep
|turn|20
|
|t:|1779684307
|move|p2a: Kingambit|Sucker Punch|p1a: Slowking
|-supereffective|p1a: Slowking
|-damage|p1a: Slowking|0 fnt
|faint|p1a: Slowking
|
|upkeep
|
|t:|1779684312
|switch|p1a: Greninja|Greninja, M, shiny|100/100
|turn|21
|
|t:|1779684319
|move|p1a: Greninja|Hydro Pump|p2a: Kingambit
|-start|p1a: Greninja|typechange|Water|[from] ability: Protean
|-damage|p2a: Kingambit|0 fnt
|faint|p2a: Kingambit
|-end|p2a: Kingambit|fallen4|[silent]
|
|upkeep
|
|t:|1779684321
|switch|p2a: Weavile|Weavile, F|100/100
|-ability|p2a: Weavile|Pressure
|turn|22
|
|t:|1779684328
|move|p2a: Weavile|Low Kick|p1a: Greninja
|-damage|p1a: Greninja|54/100
|move|p1a: Greninja|Hydro Pump|p2a: Weavile|[miss]
|-miss|p1a: Greninja|p2a: Weavile
|
|upkeep
|turn|23
|
|t:|1779684339
|move|p2a: Weavile|Low Kick|p1a: Greninja
|-damage|p1a: Greninja|9/100
|move|p1a: Greninja|Hydro Pump|p2a: Weavile
|-damage|p2a: Weavile|0 fnt
|faint|p2a: Weavile
|
|win|FRZL.4
|raw|FRZL.4's rating: 1137 &rarr; <strong>1159</strong><br />(+22 for winning)
|raw|zer0kage's rating: 1100 &rarr; <strong>1078</strong><br />(-22 for losing)
|l|☆zer0kage
|player|p2|
|l|☆FRZL.4
|player|p1|
