|j|☆aliaintpro?
|j|☆parotx320
|t:|1779630925
|gametype|singles
|player|p1|aliaintpro?|hilbert-wonderlauncher|
|player|p2|parotx320|265|
|gen|9
|tier|[Gen 9] OU
|rule|HP Percentage Mod: HP is shown in percentages
|rule|Endless Battle Clause: Forcing endless battles is banned
|rule|Species Clause: Limit one of each Pokémon
|rule|OHKO Clause: OHKO moves are banned
|rule|Evasion Items Clause: Evasion items are banned
|rule|Evasion Moves Clause: Evasion moves are banned
|rule|Evasion Abilities Clause: Evasion abilities are banned
|rule|Sleep Moves Clause: Sleep-inducing moves are banned
|clearpoke
|poke|p1|Glimmora, M|
|poke|p1|Zamazenta-*|
|poke|p1|Latias, F|
|poke|p1|Gholdengo|
|poke|p1|Dragonite, M|
|poke|p1|Weavile, M|
|poke|p2|Kingambit, F|
|poke|p2|Dragapult, M|
|poke|p2|Great Tusk|
|poke|p2|Gholdengo|
|poke|p2|Raging Bolt|
|poke|p2|Iron Valiant|
|teampreview
|inactive|Battle timer is ON: inactive players will automatically lose when time's up. (requested by aliaintpro?)
|c|☆aliaintpro?|glhf
|
|t:|1779630943
|teamsize|p1|6
|teamsize|p2|6
|start
|switch|p1a: Latias|Latias, F|100/100
|switch|p2a: Great Tusk|Great Tusk|100/100
|turn|1
|
|t:|1779630961
|move|p1a: Latias|Draining Kiss|p2a: Great Tusk
|-supereffective|p2a: Great Tusk
|-damage|p2a: Great Tusk|60/100
|move|p2a: Great Tusk|Stealth Rock|p1a: Latias
|-sidestart|p1: aliaintpro?|move: Stealth Rock
|
|-heal|p2a: Great Tusk|66/100|[from] item: Leftovers
|upkeep
|turn|2
|
|t:|1779630976
|move|p1a: Latias|Calm Mind|p1a: Latias
|-boost|p1a: Latias|spa|1
|-boost|p1a: Latias|spd|1
|move|p2a: Great Tusk|Earthquake|p1a: Latias
|-immune|p1a: Latias|[from] ability: Levitate
|
|-heal|p2a: Great Tusk|72/100|[from] item: Leftovers
|upkeep
|turn|3
|
|t:|1779630990
|move|p1a: Latias|Agility|p1a: Latias
|-boost|p1a: Latias|spe|2
|move|p2a: Great Tusk|Rapid Spin|p1a: Latias
|-damage|p1a: Latias|86/100
|-boost|p2a: Great Tusk|spe|1
|
|-heal|p1a: Latias|92/100|[from] item: Leftovers
|-heal|p2a: Great Tusk|78/100|[from] item: Leftovers
|upkeep
|turn|4
|
|t:|1779631002
|move|p1a: Latias|Stored Power|p2a: Great Tusk
|-supereffective|p2a: Great Tusk
|-damage|p2a: Great Tusk|0 fnt
|faint|p2a: Great Tusk
|-end|p2a: Great Tusk|Protosynthesis|[silent]
|
|-heal|p1a: Latias|99/100|[from] item: Leftovers
|upkeep
|
|t:|1779631015
|switch|p2a: Dragapult|Dragapult, M|100/100
|turn|5
|
|t:|1779631033
|move|p1a: Latias|Draining Kiss|p2a: Dragapult
|-supereffective|p2a: Dragapult
|-damage|p2a: Dragapult|53/100
|-heal|p1a: Latias|100/100|[from] drain|[of] p2a: Dragapult
|move|p2a: Dragapult|U-turn|p1a: Latias
|-supereffective|p1a: Latias
|-damage|p1a: Latias|56/100
|inactive|parotx320 has 270 seconds left.
|
|t:|1779631043
|switch|p2a: Kingambit|Kingambit, F|100/100|[from] U-turn
|-activate|p2a: Kingambit|ability: Supreme Overlord
|-start|p2a: Kingambit|fallen1|[silent]
|
|-heal|p1a: Latias|63/100|[from] item: Leftovers
|upkeep
|turn|6
|inactive|parotx320 has 270 seconds left.
|
|t:|1779631059
|switch|p1a: Zamazenta|Zamazenta|100/100
|-damage|p1a: Zamazenta|94/100|[from] Stealth Rock
|-ability|p1a: Zamazenta|Dauntless Shield|boost
|-boost|p1a: Zamazenta|def|1
|move|p2a: Kingambit|Sucker Punch||[still]
|-fail|p2a: Kingambit
|
|-heal|p1a: Zamazenta|100/100|[from] item: Leftovers
|upkeep
|turn|7
|inactive|parotx320 has 270 seconds left.
|
|t:|1779631070
|move|p1a: Zamazenta|Substitute|p1a: Zamazenta
|-start|p1a: Zamazenta|Substitute
|-damage|p1a: Zamazenta|76/100
|move|p2a: Kingambit|Iron Head|p1a: Zamazenta
|-activate|p1a: Zamazenta|move: Substitute|[damage]
|
|-heal|p1a: Zamazenta|82/100|[from] item: Leftovers
|upkeep
|turn|8
|inactive|parotx320 has 270 seconds left.
|
|t:|1779631079
|move|p1a: Zamazenta|Body Press|p2a: Kingambit
|-supereffective|p2a: Kingambit
|-crit|p2a: Kingambit
|-damage|p2a: Kingambit|0 fnt
|faint|p2a: Kingambit
|-end|p2a: Kingambit|fallen1|[silent]
|
|-heal|p1a: Zamazenta|88/100|[from] item: Leftovers
|upkeep
|inactive|parotx320 has 270 seconds left.
|
|t:|1779631090
|switch|p2a: Raging Bolt|Raging Bolt|100/100
|turn|9
|inactive|parotx320 has 270 seconds left.
|
|t:|1779631099
|move|p1a: Zamazenta|Iron Defense|p1a: Zamazenta
|-boost|p1a: Zamazenta|def|2
|move|p2a: Raging Bolt|Draco Meteor|p1a: Zamazenta
|-end|p1a: Zamazenta|Substitute
|-unboost|p2a: Raging Bolt|spa|2
|
|-heal|p1a: Zamazenta|94/100|[from] item: Leftovers
|upkeep
|turn|10
|inactive|parotx320 has 270 seconds left.
|
|t:|1779631110
|move|p1a: Zamazenta|Substitute|p1a: Zamazenta
|-start|p1a: Zamazenta|Substitute
|-damage|p1a: Zamazenta|69/100
|move|p2a: Raging Bolt|Dragon Pulse|p1a: Zamazenta
|-activate|p1a: Zamazenta|move: Substitute|[damage]
|
|-heal|p1a: Zamazenta|76/100|[from] item: Leftovers
|upkeep
|turn|11
|inactive|parotx320 has 270 seconds left.
|
|t:|1779631121
|move|p2a: Raging Bolt|Thunderclap||[still]
|-fail|p2a: Raging Bolt
|move|p1a: Zamazenta|Iron Defense|p1a: Zamazenta
|-boost|p1a: Zamazenta|def|2
|
|-heal|p1a: Zamazenta|82/100|[from] item: Leftovers
|upkeep
|turn|12
|inactive|parotx320 has 270 seconds left.
|
|t:|1779631134
|move|p1a: Zamazenta|Body Press|p2a: Raging Bolt
|-damage|p2a: Raging Bolt|0 fnt
|faint|p2a: Raging Bolt
|-end|p2a: Raging Bolt|Protosynthesis|[silent]
|
|-heal|p1a: Zamazenta|88/100|[from] item: Leftovers
|upkeep
|inactive|parotx320 has 270 seconds left.
|
|t:|1779631142
|switch|p2a: Iron Valiant|Iron Valiant|100/100
|-enditem|p2a: Iron Valiant|Booster Energy
|-activate|p2a: Iron Valiant|ability: Quark Drive|[fromitem]
|-start|p2a: Iron Valiant|quarkdriveatk
|turn|13
|inactive|parotx320 has 270 seconds left.
|
|t:|1779631154
|move|p1a: Zamazenta|Body Press|p2a: Iron Valiant
|-resisted|p2a: Iron Valiant
|-damage|p2a: Iron Valiant|30/100
|move|p2a: Iron Valiant|Moonblast|p1a: Zamazenta
|-supereffective|p1a: Zamazenta
|-end|p1a: Zamazenta|Substitute
|
|-heal|p1a: Zamazenta|94/100|[from] item: Leftovers
|upkeep
|turn|14
|inactive|parotx320 has 270 seconds left.
|
|t:|1779631167
|-end|p2a: Iron Valiant|Quark Drive|[silent]
|switch|p2a: Gholdengo|Gholdengo|100/100
|-item|p2a: Gholdengo|Air Balloon
|move|p1a: Zamazenta|Body Press|p2a: Gholdengo
|-immune|p2a: Gholdengo
|
|-heal|p1a: Zamazenta|100/100|[from] item: Leftovers
|upkeep
|turn|15
|inactive|parotx320 has 270 seconds left.
|inactive|aliaintpro? has 270 seconds left.
|
|t:|1779631219
|move|p1a: Zamazenta|Crunch|p2a: Gholdengo
|-supereffective|p2a: Gholdengo
|-damage|p2a: Gholdengo|56/100
|-enditem|p2a: Gholdengo|Air Balloon
|move|p2a: Gholdengo|Make It Rain|p1a: Zamazenta
|-damage|p1a: Zamazenta|54/100
|-unboost|p2a: Gholdengo|spa|1
|
|-heal|p1a: Zamazenta|61/100|[from] item: Leftovers
|upkeep
|turn|16
|inactive|parotx320 has 270 seconds left.
|
|t:|1779631235
|move|p1a: Zamazenta|Crunch|p2a: Gholdengo
|-supereffective|p2a: Gholdengo
|-damage|p2a: Gholdengo|13/100
|move|p2a: Gholdengo|Shadow Ball|p1a: Zamazenta
|-damage|p1a: Zamazenta|41/100
|
|-heal|p1a: Zamazenta|47/100|[from] item: Leftovers
|upkeep
|turn|17
|inactive|parotx320 has 270 seconds left.
|
|t:|1779631245
|move|p1a: Zamazenta|Crunch|p2a: Gholdengo
|-supereffective|p2a: Gholdengo
|-damage|p2a: Gholdengo|0 fnt
|faint|p2a: Gholdengo
|
|-heal|p1a: Zamazenta|53/100|[from] item: Leftovers
|upkeep
|inactive|parotx320 has 270 seconds left.
|
|t:|1779631254
|switch|p2a: Dragapult|Dragapult, M|53/100
|turn|18
|
|t:|1779631260
|move|p1a: Zamazenta|Crunch|p2a: Dragapult
|-supereffective|p2a: Dragapult
|-damage|p2a: Dragapult|5/100
|move|p2a: Dragapult|Flamethrower|p1a: Zamazenta
|-damage|p1a: Zamazenta|28/100
|
|-heal|p1a: Zamazenta|34/100|[from] item: Leftovers
|upkeep
|turn|19
|
|t:|1779631270
|move|p1a: Zamazenta|Crunch|p2a: Dragapult
|-supereffective|p2a: Dragapult
|-damage|p2a: Dragapult|0 fnt
|faint|p2a: Dragapult
|
|-heal|p1a: Zamazenta|40/100|[from] item: Leftovers
|upkeep
|
|t:|1779631277
|switch|p2a: Iron Valiant|Iron Valiant|30/100
|turn|20
|
|t:|1779631282
|move|p1a: Zamazenta|Body Press|p2a: Iron Valiant
|-resisted|p2a: Iron Valiant
|-damage|p2a: Iron Valiant|0 fnt
|faint|p2a: Iron Valiant
|-end|p2a: Iron Valiant|Quark Drive|[silent]
|
|win|aliaintpro?
|c|☆aliaintpro?|gg
