|j|☆Kogasscarf
|j|☆Shinydragonzord6
|t:|1779712104
|gametype|singles
|player|p1|Kogasscarf|koga|1388
|player|p2|Shinydragonzord6|byron|1396
|gen|9
|tier|[Gen 9] OU
|rated|
|rule|HP Percentage Mod: HP is shown in percentages
|rule|Endless Battle Clause: Forcing endless battles is banned
|rule|Species Clause: Limit one of each Pokémon
|rule|OHKO Clause: OHKO moves are banned
|rule|Evasion Items Clause: Evasion items are banned
|rule|Evasion Moves Clause: Evasion moves are banned
|rule|Evasion Abilities Clause: Evasion abilities are banned
|rule|Sleep Moves Clause: Sleep-inducing moves are banned
|clearpoke
|poke|p1|Enamorus, F|
|poke|p1|Cinderace, M|
|poke|p1|Mandibuzz, F|
|poke|p1|Kyurem|
|poke|p1|Ting-Lu|
|poke|p1|Inteleon, M|
|poke|p2|Deoxys-Speed|
|poke|p2|Dragapult, M|
|poke|p2|Iron Moth|
|poke|p2|Iron Valiant|
|poke|p2|Great Tusk|
|poke|p2|Weavile, F|
|teampreview
|inactive|Battle timer is ON: inactive players will automatically lose when time's up. (requested by Shinydragonzord6)
|
|t:|1779712129
|teamsize|p1|6
|teamsize|p2|6
|start
|switch|p1a: Inteleon|Inteleon, M|100/100
|switch|p2a: Deoxys|Deoxys-Speed, shiny|100/100
|-ability|p2a: Deoxys|Pressure
|turn|1
|
|t:|1779712139
|move|p2a: Deoxys|Stealth Rock|p1a: Inteleon
|-sidestart|p1: Kogasscarf|move: Stealth Rock
|move|p1a: Inteleon|Snipe Shot|p2a: Deoxys
|-crit|p2a: Deoxys
|-enditem|p2a: Deoxys|Focus Sash
|-damage|p2a: Deoxys|1/100
|
|upkeep
|turn|2
|
|t:|1779712148
|move|p1a: Inteleon|Vacuum Wave|p2a: Deoxys
|-resisted|p2a: Deoxys
|-crit|p2a: Deoxys
|-damage|p2a: Deoxys|0 fnt
|faint|p2a: Deoxys
|
|upkeep
|
|t:|1779712153
|switch|p2a: Weavile|Weavile, F, shiny|100/100
|-ability|p2a: Weavile|Pressure
|turn|3
|
|t:|1779712158
|-terastallize|p2a: Weavile|Ice
|move|p1a: Inteleon|Vacuum Wave|p2a: Weavile
|-supereffective|p2a: Weavile
|-damage|p2a: Weavile|58/100
|move|p2a: Weavile|Triple Axel|p1a: Inteleon
|-resisted|p1a: Inteleon
|-damage|p1a: Inteleon|82/100
|-resisted|p1a: Inteleon
|-damage|p1a: Inteleon|49/100
|-resisted|p1a: Inteleon
|-damage|p1a: Inteleon|1/100
|-hitcount|p1a: Inteleon|3
|
|upkeep
|turn|4
|
|t:|1779712171
|switch|p2a: Dragapult|Dragapult, M, shiny|100/100
|move|p1a: Inteleon|Vacuum Wave|p2a: Dragapult
|-immune|p2a: Dragapult
|
|upkeep
|turn|5
|
|t:|1779712183
|move|p2a: Dragapult|Flamethrower|p1a: Inteleon
|-resisted|p1a: Inteleon
|-damage|p1a: Inteleon|0 fnt
|faint|p1a: Inteleon
|
|upkeep
|
|t:|1779712186
|switch|p1a: Cinderace|Cinderace, M, shiny|100/100
|-damage|p1a: Cinderace|76/100|[from] Stealth Rock
|turn|6
|
|t:|1779712194
|switch|p2a: Great Tusk|Great Tusk, shiny|100/100
|-enditem|p2a: Great Tusk|Booster Energy
|-activate|p2a: Great Tusk|ability: Protosynthesis|[fromitem]
|-start|p2a: Great Tusk|protosynthesisatk
|move|p1a: Cinderace|Court Change|p1a: Cinderace
|-start|p1a: Cinderace|typechange|Normal|[from] ability: Libero
|-swapsideconditions
|-activate|p1a: Cinderace|move: Court Change
|
|upkeep
|turn|7
|
|t:|1779712203
|move|p1a: Cinderace|Pyro Ball|p2a: Great Tusk|[miss]
|-miss|p1a: Cinderace|p2a: Great Tusk
|move|p2a: Great Tusk|Rapid Spin|p1a: Cinderace
|-damage|p1a: Cinderace|42/100
|-boost|p2a: Great Tusk|spe|1
|-sideend|p2: Shinydragonzord6|Stealth Rock|[from] move: Rapid Spin|[of] p2a: Great Tusk
|
|upkeep
|turn|8
|
|t:|1779712211
|switch|p1a: Mandibuzz|Mandibuzz, F, shiny|100/100
|move|p2a: Great Tusk|Headlong Rush|p1a: Mandibuzz
|-immune|p1a: Mandibuzz
|
|upkeep
|turn|9
|
|t:|1779712220
|move|p2a: Great Tusk|Ice Fang|p1a: Mandibuzz
|-supereffective|p1a: Mandibuzz
|-damage|p1a: Mandibuzz|65/100
|-damage|p2a: Great Tusk|84/100|[from] item: Rocky Helmet|[of] p1a: Mandibuzz
|move|p1a: Mandibuzz|Toxic|p2a: Great Tusk
|-status|p2a: Great Tusk|tox
|
|-damage|p2a: Great Tusk|78/100 tox|[from] psn
|upkeep
|turn|10
|
|t:|1779712230
|move|p2a: Great Tusk|Close Combat|p1a: Mandibuzz
|-damage|p1a: Mandibuzz|15/100
|-unboost|p2a: Great Tusk|def|1
|-unboost|p2a: Great Tusk|spd|1
|-damage|p2a: Great Tusk|61/100 tox|[from] item: Rocky Helmet|[of] p1a: Mandibuzz
|move|p1a: Mandibuzz|Roost|p1a: Mandibuzz
|-heal|p1a: Mandibuzz|65/100
|-singleturn|p1a: Mandibuzz|move: Roost
|
|-damage|p2a: Great Tusk|49/100 tox|[from] psn
|upkeep
|turn|11
|
|t:|1779712243
|-end|p2a: Great Tusk|Protosynthesis|[silent]
|switch|p2a: Weavile|Weavile, F, shiny, tera:Ice|58/100
|-ability|p2a: Weavile|Pressure
|move|p1a: Mandibuzz|Foul Play|p2a: Weavile
|-damage|p2a: Weavile|0 fnt
|faint|p2a: Weavile
|
|upkeep
|
|t:|1779712251
|switch|p2a: Iron Valiant|Iron Valiant, shiny|100/100
|-enditem|p2a: Iron Valiant|Booster Energy
|-activate|p2a: Iron Valiant|ability: Quark Drive|[fromitem]
|-start|p2a: Iron Valiant|quarkdrivespe
|turn|12
|
|t:|1779712257
|move|p2a: Iron Valiant|Moonblast|p1a: Mandibuzz
|-supereffective|p1a: Mandibuzz
|-damage|p1a: Mandibuzz|0 fnt
|faint|p1a: Mandibuzz
|
|upkeep
|
|t:|1779712267
|switch|p1a: Enamorus|Enamorus, F|100/100
|turn|13
|
|t:|1779712272
|move|p2a: Iron Valiant|Thunderbolt|p1a: Enamorus
|-supereffective|p1a: Enamorus
|-damage|p1a: Enamorus|14/100
|move|p1a: Enamorus|Moonblast|p2a: Iron Valiant
|-supereffective|p2a: Iron Valiant
|-damage|p2a: Iron Valiant|0 fnt
|faint|p2a: Iron Valiant
|-end|p2a: Iron Valiant|Quark Drive|[silent]
|
|upkeep
|
|t:|1779712280
|switch|p2a: Iron Moth|Iron Moth|100/100
|-enditem|p2a: Iron Moth|Booster Energy
|-activate|p2a: Iron Moth|ability: Quark Drive|[fromitem]
|-start|p2a: Iron Moth|quarkdrivespe
|turn|14
|
|t:|1779712285
|move|p2a: Iron Moth|Fiery Dance|p1a: Enamorus
|-damage|p1a: Enamorus|0 fnt
|-boost|p2a: Iron Moth|spa|1
|faint|p1a: Enamorus
|
|upkeep
|
|t:|1779712288
|switch|p1a: Ting-Lu|Ting-Lu, shiny|100/100
|-ability|p1a: Ting-Lu|Vessel of Ruin
|turn|15
|
|t:|1779712298
|move|p2a: Iron Moth|Fiery Dance|p1a: Ting-Lu
|-damage|p1a: Ting-Lu|69/100
|-boost|p2a: Iron Moth|spa|1
|move|p1a: Ting-Lu|Earthquake|p2a: Iron Moth
|-supereffective|p2a: Iron Moth
|-damage|p2a: Iron Moth|0 fnt
|faint|p2a: Iron Moth
|-end|p2a: Iron Moth|Quark Drive|[silent]
|
|upkeep
|
|t:|1779712309
|switch|p2a: Great Tusk|Great Tusk, shiny|49/100 tox
|turn|16
|
|t:|1779712314
|move|p2a: Great Tusk|Close Combat|p1a: Ting-Lu
|-supereffective|p1a: Ting-Lu
|-damage|p1a: Ting-Lu|0 fnt
|-unboost|p2a: Great Tusk|def|1
|-unboost|p2a: Great Tusk|spd|1
|faint|p1a: Ting-Lu
|
|-damage|p2a: Great Tusk|43/100 tox|[from] psn
|upkeep
|
|t:|1779712325
|switch|p1a: Kyurem|Kyurem, shiny|100/100
|-ability|p1a: Kyurem|Pressure
|turn|17
|
|t:|1779712330
|move|p1a: Kyurem|Ice Beam|p2a: Great Tusk
|-supereffective|p2a: Great Tusk
|-damage|p2a: Great Tusk|0 fnt
|faint|p2a: Great Tusk
|-end|p2a: Great Tusk|Protosynthesis|[silent]
|
|upkeep
|
|t:|1779712335
|switch|p2a: Dragapult|Dragapult, M, shiny|100/100
|turn|18
|
|t:|1779712345
|switch|p1a: Cinderace|Cinderace, M, shiny|42/100
|move|p2a: Dragapult|Draco Meteor|p1a: Cinderace
|-crit|p1a: Cinderace
|-damage|p1a: Cinderace|0 fnt
|-unboost|p2a: Dragapult|spa|2
|faint|p1a: Cinderace
|
|upkeep
|
|t:|1779712352
|switch|p1a: Kyurem|Kyurem, shiny|100/100
|-ability|p1a: Kyurem|Pressure
|turn|19
|
|t:|1779712358
|-terastallize|p1a: Kyurem|Ground
|move|p1a: Kyurem|Draco Meteor|p2a: Dragapult
|-supereffective|p2a: Dragapult
|-damage|p2a: Dragapult|0 fnt
|-unboost|p1a: Kyurem|spa|2
|faint|p2a: Dragapult
|
|win|Kogasscarf
|raw|Kogasscarf's rating: 1388 &rarr; <strong>1408</strong><br />(+20 for winning)
|raw|Shinydragonzord6's rating: 1396 &rarr; <strong>1376</strong><br />(-20 for losing)
|l|☆Kogasscarf
|player|p1|
|l|☆Shinydragonzord6
|player|p2|
