|j|☆Ruler of the Sand
|j|☆The ZU Wanderer
|t:|1779602848
|gametype|singles
|player|p1|Ruler of the Sand|ghetsis-gen5bw|1101
|player|p2|The ZU Wanderer|roughneck|1145
|gen|9
|tier|[Gen 9] OU
|rated|
|rule|HP Percentage Mod: HP is shown in percentages
|rule|Endless Battle Clause: Forcing endless battles is banned
|rule|Species Clause: Limit one of each Pokémon
|rule|OHKO Clause: OHKO moves are banned
|rule|Evasion Items Clause: Evasion items are banned
|rule|Evasion Moves Clause: Evasion moves are banned
|rule|Evasion Abilities Clause: Evasion abilities are banned
|rule|Sleep Moves Clause: Sleep-inducing moves are banned
|clearpoke
|poke|p1|Gliscor, M|
|poke|p1|Ting-Lu|
|poke|p1|Great Tusk|
|poke|p1|Hippowdon, M|
|poke|p1|Landorus-Therian, M|
|poke|p1|Clodsire, M|
|poke|p2|Komala, F|
|poke|p2|Mesprit|
|poke|p2|Spiritomb, F|
|poke|p2|Poliwrath, M|
|poke|p2|Sandaconda, F|
|poke|p2|Tauros, M|
|teampreview
|inactive|Battle timer is ON: inactive players will automatically lose when time's up. (requested by Ruler of the Sand)
|inactive|The ZU Wanderer has 120 seconds left.
|
|t:|1779602912
|teamsize|p1|6
|teamsize|p2|6
|start
|switch|p1a: Ting-Lu|Ting-Lu|100/100
|switch|p2a: Tauros|Tauros, M, shiny|100/100
|-ability|p1a: Ting-Lu|Vessel of Ruin
|turn|1
|
|t:|1779602921
|switch|p2a: Spiritomb|Spiritomb, F, shiny|100/100
|move|p1a: Ting-Lu|Stealth Rock|p2a: Spiritomb
|-sidestart|p2: The ZU Wanderer|move: Stealth Rock
|
|upkeep
|turn|2
|
|t:|1779602943
|move|p1a: Ting-Lu|Ruination|p2a: Spiritomb
|-damage|p2a: Spiritomb|51/100
|move|p2a: Spiritomb|Toxic|p1a: Ting-Lu
|-status|p1a: Ting-Lu|tox
|
|-damage|p1a: Ting-Lu|94/100 tox|[from] psn
|upkeep
|turn|3
|
|t:|1779602950
|move|p1a: Ting-Lu|Earthquake|p2a: Spiritomb
|-damage|p2a: Spiritomb|23/100
|move|p2a: Spiritomb|Pain Split|p1a: Ting-Lu
|-sethp|p1a: Ting-Lu|54/100 tox|[from] move: Pain Split|[silent]
|-sethp|p2a: Spiritomb|91/100|[from] move: Pain Split
|
|-damage|p1a: Ting-Lu|41/100 tox|[from] psn
|upkeep
|turn|4
|
|t:|1779602958
|switch|p2a: Mesprit|Mesprit, shiny|100/100
|-damage|p2a: Mesprit|88/100|[from] Stealth Rock
|move|p1a: Ting-Lu|Ruination|p2a: Mesprit
|-damage|p2a: Mesprit|45/100
|
|-heal|p2a: Mesprit|51/100|[from] item: Leftovers
|-damage|p1a: Ting-Lu|23/100 tox|[from] psn
|upkeep
|turn|5
|
|t:|1779602968
|move|p2a: Mesprit|Stealth Rock|p1a: Ting-Lu
|-sidestart|p1: Ruler of the Sand|move: Stealth Rock
|move|p1a: Ting-Lu|Ruination|p2a: Mesprit
|-damage|p2a: Mesprit|26/100
|
|-heal|p2a: Mesprit|32/100|[from] item: Leftovers
|-damage|p1a: Ting-Lu|0 fnt|[from] psn
|faint|p1a: Ting-Lu
|upkeep
|
|t:|1779602974
|switch|p1a: Landorus|Landorus-Therian, M|100/100
|-damage|p1a: Landorus|88/100|[from] Stealth Rock
|-ability|p1a: Landorus|Intimidate|boost
|-unboost|p2a: Mesprit|atk|1
|turn|6
|inactive|The ZU Wanderer has 120 seconds left.
|
|t:|1779603008
|move|p1a: Landorus|U-turn|p2a: Mesprit
|-supereffective|p2a: Mesprit
|-damage|p2a: Mesprit|0 fnt
|faint|p2a: Mesprit
|
|t:|1779603015
|switch|p1a: Gliscor|Gliscor, M|100/100|[from] U-turn
|-damage|p1a: Gliscor|88/100|[from] Stealth Rock
|
|-status|p1a: Gliscor|tox|[from] item: Toxic Orb
|upkeep
|inactive|The ZU Wanderer has 120 seconds left.
|
|t:|1779603045
|switch|p2a: Komala|Komala, F, shiny|100/100
|-damage|p2a: Komala|88/100|[from] Stealth Rock
|-ability|p2a: Komala|Comatose
|turn|7
|
|t:|1779603052
|move|p1a: Gliscor|Knock Off|p2a: Komala
|-damage|p2a: Komala|56/100
|-enditem|p2a: Komala|Assault Vest|[from] move: Knock Off|[of] p1a: Gliscor
|move|p2a: Komala|Rapid Spin|p1a: Gliscor
|-crit|p1a: Gliscor
|-damage|p1a: Gliscor|65/100 tox
|-boost|p2a: Komala|spe|1
|-sideend|p2: The ZU Wanderer|Stealth Rock|[from] move: Rapid Spin|[of] p2a: Komala
|
|-heal|p1a: Gliscor|78/100 tox|[from] ability: Poison Heal
|upkeep
|turn|8
|
|t:|1779603081
|move|p2a: Komala|Ice Spinner|p1a: Gliscor
|-supereffective|p1a: Gliscor
|-damage|p1a: Gliscor|9/100 tox
|move|p1a: Gliscor|Toxic|p2a: Komala
|-immune|p2a: Komala|[from] ability: Comatose
|
|-heal|p1a: Gliscor|21/100 tox|[from] ability: Poison Heal
|upkeep
|turn|9
|
|t:|1779603090
|move|p1a: Gliscor|Protect|p1a: Gliscor
|-singleturn|p1a: Gliscor|Protect
|move|p2a: Komala|Ice Spinner|p1a: Gliscor
|-activate|p1a: Gliscor|move: Protect
|
|-heal|p1a: Gliscor|34/100 tox|[from] ability: Poison Heal
|upkeep
|turn|10
|inactive|The ZU Wanderer has 90 seconds left.
|
|t:|1779603128
|switch|p1a: Hippowdon|Hippowdon, M|100/100
|-damage|p1a: Hippowdon|94/100|[from] Stealth Rock
|-weather|Sandstorm|[from] ability: Sand Stream|[of] p1a: Hippowdon
|move|p2a: Komala|Ice Spinner|p1a: Hippowdon
|-supereffective|p1a: Hippowdon
|-crit|p1a: Hippowdon
|-damage|p1a: Hippowdon|47/100
|
|-weather|Sandstorm|[upkeep]
|-damage|p2a: Komala|50/100|[from] Sandstorm
|upkeep
|turn|11
|
|t:|1779603151
|switch|p2a: Tauros|Tauros, M, shiny|100/100
|move|p1a: Hippowdon|Scorching Sands|p2a: Tauros
|-damage|p2a: Tauros|70/100
|
|-weather|Sandstorm|[upkeep]
|-damage|p2a: Tauros|63/100|[from] Sandstorm
|upkeep
|turn|12
|
|t:|1779603163
|move|p2a: Tauros|Ice Beam|p1a: Hippowdon
|-supereffective|p1a: Hippowdon
|-damage|p1a: Hippowdon|0 fnt
|faint|p1a: Hippowdon
|
|-weather|Sandstorm|[upkeep]
|-damage|p2a: Tauros|57/100|[from] Sandstorm
|upkeep
|
|t:|1779603169
|switch|p1a: Great Tusk|Great Tusk|100/100
|-damage|p1a: Great Tusk|98/100|[from] Stealth Rock
|-enditem|p1a: Great Tusk|Booster Energy
|-activate|p1a: Great Tusk|ability: Protosynthesis|[fromitem]
|-start|p1a: Great Tusk|protosynthesisatk
|turn|13
|
|t:|1779603186
|-terastallize|p1a: Great Tusk|Ice
|move|p2a: Tauros|Ice Beam|p1a: Great Tusk
|-resisted|p1a: Great Tusk
|-damage|p1a: Great Tusk|76/100
|move|p1a: Great Tusk|Rapid Spin|p2a: Tauros
|-damage|p2a: Tauros|30/100
|-boost|p1a: Great Tusk|spe|1
|-sideend|p1: Ruler of the Sand|Stealth Rock|[from] move: Rapid Spin|[of] p1a: Great Tusk
|
|-weather|Sandstorm|[upkeep]
|-damage|p1a: Great Tusk|70/100|[from] Sandstorm
|-damage|p2a: Tauros|24/100|[from] Sandstorm
|upkeep
|turn|14
|
|t:|1779603199
|move|p1a: Great Tusk|Rapid Spin|p2a: Tauros
|-damage|p2a: Tauros|0 fnt
|-boost|p1a: Great Tusk|spe|1
|faint|p2a: Tauros
|
|-weather|Sandstorm|[upkeep]
|-damage|p1a: Great Tusk|64/100|[from] Sandstorm
|upkeep
|
|t:|1779603206
|switch|p2a: Spiritomb|Spiritomb, F, shiny|91/100
|turn|15
|
|t:|1779603210
|move|p1a: Great Tusk|Headlong Rush|p2a: Spiritomb
|-damage|p2a: Spiritomb|24/100
|-unboost|p1a: Great Tusk|def|1
|-unboost|p1a: Great Tusk|spd|1
|move|p2a: Spiritomb|Will-O-Wisp|p1a: Great Tusk
|-status|p1a: Great Tusk|brn
|
|-weather|Sandstorm|[upkeep]
|-damage|p1a: Great Tusk|58/100 brn|[from] Sandstorm
|-damage|p2a: Spiritomb|18/100|[from] Sandstorm
|-damage|p1a: Great Tusk|51/100 brn|[from] brn
|upkeep
|turn|16
|
|t:|1779603221
|move|p1a: Great Tusk|Headlong Rush|p2a: Spiritomb
|-damage|p2a: Spiritomb|0 fnt
|-unboost|p1a: Great Tusk|def|1
|-unboost|p1a: Great Tusk|spd|1
|faint|p2a: Spiritomb
|
|-weather|Sandstorm|[upkeep]
|-damage|p1a: Great Tusk|45/100 brn|[from] Sandstorm
|-damage|p1a: Great Tusk|39/100 brn|[from] brn
|upkeep
|
|t:|1779603230
|switch|p2a: Sandaconda|Sandaconda, F, shiny|100/100
|turn|17
|
|t:|1779603233
|move|p1a: Great Tusk|Ice Spinner|p2a: Sandaconda
|-supereffective|p2a: Sandaconda
|-damage|p2a: Sandaconda|59/100
|move|p2a: Sandaconda|Coil|p2a: Sandaconda
|-boost|p2a: Sandaconda|atk|1
|-boost|p2a: Sandaconda|def|1
|-boost|p2a: Sandaconda|accuracy|1
|
|-weather|none
|-damage|p1a: Great Tusk|33/100 brn|[from] brn
|upkeep
|turn|18
|
|t:|1779603241
|move|p1a: Great Tusk|Ice Spinner|p2a: Sandaconda
|-supereffective|p2a: Sandaconda
|-damage|p2a: Sandaconda|32/100
|move|p2a: Sandaconda|Coil|p2a: Sandaconda
|-boost|p2a: Sandaconda|atk|1
|-boost|p2a: Sandaconda|def|1
|-boost|p2a: Sandaconda|accuracy|1
|
|-damage|p1a: Great Tusk|27/100 brn|[from] brn
|upkeep
|turn|19
|
|t:|1779603249
|move|p1a: Great Tusk|Ice Spinner|p2a: Sandaconda
|-supereffective|p2a: Sandaconda
|-damage|p2a: Sandaconda|8/100
|move|p2a: Sandaconda|Rest|p2a: Sandaconda
|-status|p2a: Sandaconda|slp|[from] move: Rest
|-heal|p2a: Sandaconda|100/100 slp|[silent]
|
|-activate|p2a: Sandaconda|ability: Shed Skin
|-curestatus|p2a: Sandaconda|slp|[msg]
|-damage|p1a: Great Tusk|20/100 brn|[from] brn
|upkeep
|turn|20
|
|t:|1779603259
|move|p1a: Great Tusk|Ice Spinner|p2a: Sandaconda
|-supereffective|p2a: Sandaconda
|-damage|p2a: Sandaconda|78/100
|move|p2a: Sandaconda|Coil|p2a: Sandaconda
|-boost|p2a: Sandaconda|atk|1
|-boost|p2a: Sandaconda|def|1
|-boost|p2a: Sandaconda|accuracy|1
|
|-damage|p1a: Great Tusk|14/100 brn|[from] brn
|upkeep
|turn|21
|
|t:|1779603270
|move|p1a: Great Tusk|Ice Spinner|p2a: Sandaconda
|-supereffective|p2a: Sandaconda
|-damage|p2a: Sandaconda|59/100
|move|p2a: Sandaconda|Coil|p2a: Sandaconda
|-boost|p2a: Sandaconda|atk|1
|-boost|p2a: Sandaconda|def|1
|-boost|p2a: Sandaconda|accuracy|1
|
|-damage|p1a: Great Tusk|8/100 brn|[from] brn
|upkeep
|turn|22
|
|t:|1779603277
|move|p1a: Great Tusk|Ice Spinner|p2a: Sandaconda
|-supereffective|p2a: Sandaconda
|-damage|p2a: Sandaconda|45/100
|move|p2a: Sandaconda|Coil|p2a: Sandaconda
|-boost|p2a: Sandaconda|atk|1
|-boost|p2a: Sandaconda|def|1
|-boost|p2a: Sandaconda|accuracy|1
|
|-damage|p1a: Great Tusk|2/100 brn|[from] brn
|upkeep
|turn|23
|
|t:|1779603286
|move|p1a: Great Tusk|Headlong Rush|p2a: Sandaconda
|-damage|p2a: Sandaconda|36/100
|-unboost|p1a: Great Tusk|def|1
|-unboost|p1a: Great Tusk|spd|1
|move|p2a: Sandaconda|Coil|p2a: Sandaconda
|-boost|p2a: Sandaconda|atk|1
|-boost|p2a: Sandaconda|def|1
|-boost|p2a: Sandaconda|accuracy|1
|
|-damage|p1a: Great Tusk|0 fnt|[from] brn
|faint|p1a: Great Tusk
|-end|p1a: Great Tusk|Protosynthesis|[silent]
|upkeep
|
|t:|1779603294
|switch|p1a: Clodsire|Clodsire, M|100/100
|turn|24
|
|t:|1779603300
|switch|p1a: Gliscor|Gliscor, M|34/100 tox
|move|p2a: Sandaconda|Earthquake|p1a: Gliscor
|-immune|p1a: Gliscor
|
|-heal|p1a: Gliscor|46/100 tox|[from] ability: Poison Heal
|upkeep
|turn|25
|
|t:|1779603307
|move|p1a: Gliscor|Toxic|p2a: Sandaconda
|-status|p2a: Sandaconda|tox
|move|p2a: Sandaconda|Rock Blast|p1a: Gliscor
|-damage|p1a: Gliscor|31/100 tox
|-damage|p1a: Gliscor|16/100 tox
|-hitcount|p1a: Gliscor|2
|
|-activate|p2a: Sandaconda|ability: Shed Skin
|-curestatus|p2a: Sandaconda|tox|[msg]
|-heal|p1a: Gliscor|29/100 tox|[from] ability: Poison Heal
|upkeep
|turn|26
|
|t:|1779603317
|move|p1a: Gliscor|Toxic|p2a: Sandaconda|[miss]
|-miss|p1a: Gliscor|p2a: Sandaconda
|move|p2a: Sandaconda|Rock Blast|p1a: Gliscor
|-damage|p1a: Gliscor|14/100 tox
|-damage|p1a: Gliscor|1/100 tox
|-damage|p1a: Gliscor|0 fnt
|faint|p1a: Gliscor
|-hitcount|p1: Gliscor|3
|
|upkeep
|
|t:|1779603319
|switch|p1a: Clodsire|Clodsire, M|100/100
|turn|27
|
|t:|1779603327
|switch|p1a: Landorus|Landorus-Therian, M|88/100
|-ability|p1a: Landorus|Intimidate|boost
|-unboost|p2a: Sandaconda|atk|1
|move|p2a: Sandaconda|Earthquake|p1a: Landorus
|-immune|p1a: Landorus
|
|upkeep
|turn|28
|
|t:|1779603333
|move|p1a: Landorus|Taunt|p2a: Sandaconda
|-start|p2a: Sandaconda|move: Taunt
|move|p2a: Sandaconda|Rock Blast|p1a: Landorus
|-damage|p1a: Landorus|62/100
|-damage|p1a: Landorus|39/100
|-hitcount|p1a: Landorus|2
|
|upkeep
|turn|29
|
|t:|1779603341
|switch|p1a: Clodsire|Clodsire, M|100/100
|move|p2a: Sandaconda|Rock Blast|p1a: Clodsire
|-resisted|p1a: Clodsire
|-damage|p1a: Clodsire|88/100
|-resisted|p1a: Clodsire
|-damage|p1a: Clodsire|76/100
|-resisted|p1a: Clodsire
|-damage|p1a: Clodsire|64/100
|-hitcount|p1a: Clodsire|3
|
|-heal|p1a: Clodsire|70/100|[from] item: Leftovers
|upkeep
|turn|30
|
|t:|1779603352
|move|p2a: Sandaconda|Earthquake|p1a: Clodsire
|-supereffective|p1a: Clodsire
|-damage|p1a: Clodsire|0 fnt
|faint|p1a: Clodsire
|
|-end|p2a: Sandaconda|move: Taunt
|upkeep
|
|t:|1779603354
|switch|p1a: Landorus|Landorus-Therian, M|39/100
|-ability|p1a: Landorus|Intimidate|boost
|-unboost|p2a: Sandaconda|atk|1
|turn|31
|
|t:|1779603360
|move|p1a: Landorus|Earthquake|p2a: Sandaconda
|-damage|p2a: Sandaconda|24/100
|move|p2a: Sandaconda|Rock Blast|p1a: Landorus
|-damage|p1a: Landorus|19/100
|-damage|p1a: Landorus|0 fnt
|faint|p1a: Landorus
|-hitcount|p1: Landorus|2
|
|win|The ZU Wanderer
|raw|Ruler of the Sand's rating: 1101 &rarr; <strong>1081</strong><br />(-20 for losing)
|raw|The ZU Wanderer's rating: 1171 &rarr; <strong>1191</strong><br />(+20 for winning)
|l|☆Ruler of the Sand
|player|p1|
|l|☆The ZU Wanderer
|player|p2|
