|j|☆yigyif
|j|☆BananIsac
|t:|1779568403
|gametype|singles
|player|p1|yigyif|skyla|1212
|player|p2|BananIsac|caitlin|1202
|gen|9
|tier|[Gen 9] OU
|rated|
|rule|HP Percentage Mod: HP is shown in percentages
|rule|Endless Battle Clause: Forcing endless battles is banned
|rule|Species Clause: Limit one of each Pokémon
|rule|OHKO Clause: OHKO moves are banned
|rule|Evasion Items Clause: Evasion items are banned
|rule|Evasion Moves Clause: Evasion moves are banned
|rule|Evasion Abilities Clause: Evasion abilities are banned
|rule|Sleep Moves Clause: Sleep-inducing moves are banned
|clearpoke
|poke|p1|Toxtricity, F|
|poke|p1|Corviknight, M|
|poke|p1|Keldeo-Resolute|
|poke|p1|Scream Tail|
|poke|p1|Regieleki|
|poke|p1|Cinderace, M|
|poke|p2|Meowscarada, F|
|poke|p2|Great Tusk|
|poke|p2|Glimmora, F|
|poke|p2|Salamence, M|
|poke|p2|Iron Valiant|
|poke|p2|Tornadus-Therian, M|
|teampreview
|inactive|Battle timer is ON: inactive players will automatically lose when time's up. (requested by yigyif)
|
|t:|1779568417
|teamsize|p1|6
|teamsize|p2|6
|start
|switch|p1a: Keldeo|Keldeo-Resolute|100/100
|switch|p2a: Great Tusk|Great Tusk|100/100
|turn|1
|
|t:|1779568423
|move|p1a: Keldeo|Icy Wind|p2a: Great Tusk
|-supereffective|p2a: Great Tusk
|-damage|p2a: Great Tusk|51/100
|-unboost|p2a: Great Tusk|spe|1
|move|p2a: Great Tusk|Stealth Rock|p1a: Keldeo
|-sidestart|p1: yigyif|move: Stealth Rock
|
|-heal|p2a: Great Tusk|57/100|[from] item: Leftovers
|upkeep
|turn|2
|
|t:|1779568440
|switch|p1a: Corviknight|Corviknight, M|100/100
|-end|p2a: Great Tusk|Protosynthesis|[silent]
|switch|p2a: Tornadus|Tornadus-Therian, M|100/100
|
|upkeep
|turn|3
|
|t:|1779568447
|move|p2a: Tornadus|Knock Off|p1a: Corviknight
|-damage|p1a: Corviknight|88/100
|-enditem|p1a: Corviknight|Heavy-Duty Boots|[from] move: Knock Off|[of] p2a: Tornadus
|move|p1a: Corviknight|Defog|p2a: Tornadus
|-unboost|p2a: Tornadus|evasion|1
|-sideend|p1: yigyif|Stealth Rock|[from] move: Defog|[of] p1a: Corviknight
|
|upkeep
|turn|4
|
|t:|1779568454
|move|p2a: Tornadus|Heat Wave|p1a: Corviknight
|-supereffective|p1a: Corviknight
|-damage|p1a: Corviknight|43/100
|move|p1a: Corviknight|U-turn|p2a: Tornadus
|-resisted|p2a: Tornadus
|-damage|p2a: Tornadus|91/100
|
|t:|1779568460
|switch|p1a: Scream Tail|Scream Tail|100/100|[from] U-turn
|-enditem|p1a: Scream Tail|Booster Energy
|-activate|p1a: Scream Tail|ability: Protosynthesis|[fromitem]
|-start|p1a: Scream Tail|protosynthesisspd
|
|upkeep
|turn|5
|
|t:|1779568481
|move|p2a: Tornadus|U-turn|p1a: Scream Tail
|-damage|p1a: Scream Tail|88/100
|
|t:|1779568487
|switch|p2a: Meowscarada|Meowscarada, F|100/100|[from] U-turn
|move|p1a: Scream Tail|Stealth Rock|p2a: Meowscarada
|-sidestart|p2: BananIsac|move: Stealth Rock
|
|upkeep
|turn|6
|
|t:|1779568500
|move|p2a: Meowscarada|U-turn|p1a: Scream Tail
|-start|p2a: Meowscarada|typechange|Bug|[from] ability: Protean
|-damage|p1a: Scream Tail|47/100
|
|t:|1779568505
|switch|p2a: Tornadus|Tornadus-Therian, M|100/100|[from] U-turn
|-damage|p2a: Tornadus|76/100|[from] Stealth Rock
|move|p1a: Scream Tail|Thunder Wave|p2a: Tornadus
|-status|p2a: Tornadus|par
|
|upkeep
|turn|7
|
|t:|1779568516
|move|p1a: Scream Tail|Misty Explosion|p2a: Tornadus
|-damage|p2a: Tornadus|50/100 par
|faint|p1a: Scream Tail
|-end|p1a: Scream Tail|Protosynthesis|[silent]
|cant|p2a: Tornadus|par
|
|upkeep
|
|t:|1779568524
|switch|p1a: Toxtricity|Toxtricity, F|100/100
|turn|8
|
|t:|1779568537
|switch|p2a: Great Tusk|Great Tusk|57/100
|-damage|p2a: Great Tusk|54/100|[from] Stealth Rock
|move|p1a: Toxtricity|Boomburst|p2a: Great Tusk
|-damage|p2a: Great Tusk|0 fnt
|faint|p2a: Great Tusk
|-end|p2a: Great Tusk|Protosynthesis|[silent]
|
|upkeep
|inactive|BananIsac has 120 seconds left.
|
|t:|1779568566
|switch|p2a: Glimmora|Glimmora, F|100/100
|-damage|p2a: Glimmora|88/100|[from] Stealth Rock
|turn|9
|inactive|BananIsac has 120 seconds left.
|
|t:|1779568584
|-terastallize|p1a: Toxtricity|Normal
|move|p2a: Glimmora|Mortal Spin|p1a: Toxtricity
|-damage|p1a: Toxtricity|92/100
|-status|p1a: Toxtricity|psn
|-sideend|p2: BananIsac|Stealth Rock|[from] move: Mortal Spin|[of] p2a: Glimmora
|move|p1a: Toxtricity|Boomburst|p2a: Glimmora
|-resisted|p2a: Glimmora
|-damage|p2a: Glimmora|0 fnt
|faint|p2a: Glimmora
|
|-damage|p1a: Toxtricity|80/100 psn|[from] psn
|upkeep
|inactive|BananIsac has 120 seconds left.
|
|t:|1779568598
|switch|p2a: Iron Valiant|Iron Valiant|100/100
|turn|10
|
|t:|1779568616
|switch|p1a: Corviknight|Corviknight, M|43/100
|move|p2a: Iron Valiant|Vacuum Wave|p1a: Corviknight
|-crit|p1a: Corviknight
|-damage|p1a: Corviknight|0 fnt
|faint|p1a: Corviknight
|
|upkeep
|
|t:|1779568623
|switch|p1a: Keldeo|Keldeo-Resolute|100/100
|turn|11
|
|t:|1779568639
|-end|p2a: Iron Valiant|Quark Drive|[silent]
|switch|p2a: Meowscarada|Meowscarada, F|100/100
|move|p1a: Keldeo|Icy Wind|p2a: Meowscarada
|-supereffective|p2a: Meowscarada
|-damage|p2a: Meowscarada|42/100
|-unboost|p2a: Meowscarada|spe|1
|
|upkeep
|turn|12
|
|t:|1779568651
|move|p1a: Keldeo|Icy Wind|p2a: Meowscarada
|-supereffective|p2a: Meowscarada
|-damage|p2a: Meowscarada|0 fnt
|faint|p2a: Meowscarada
|
|upkeep
|inactive|BananIsac has 120 seconds left.
|
|t:|1779568665
|switch|p2a: Iron Valiant|Iron Valiant|100/100
|turn|13
|inactive|BananIsac has 120 seconds left.
|
|t:|1779568677
|switch|p1a: Cinderace|Cinderace, M|100/100
|move|p2a: Iron Valiant|Moonblast|p1a: Cinderace
|-resisted|p1a: Cinderace
|-damage|p1a: Cinderace|51/100
|
|upkeep
|turn|14
|inactive|BananIsac has 120 seconds left.
|
|t:|1779568688
|-end|p2a: Iron Valiant|Quark Drive|[silent]
|switch|p2a: Tornadus|Tornadus-Therian, M|84/100 par
|move|p1a: Cinderace|Gunk Shot|p2a: Tornadus
|-start|p1a: Cinderace|typechange|Poison|[from] ability: Libero
|-damage|p2a: Tornadus|8/100 par
|
|upkeep
|turn|15
|inactive|BananIsac has 120 seconds left.
|
|t:|1779568699
|move|p1a: Cinderace|Pyro Ball|p2a: Tornadus
|-damage|p2a: Tornadus|0 fnt
|faint|p2a: Tornadus
|
|upkeep
|inactive|BananIsac has 120 seconds left.
|
|t:|1779568706
|switch|p2a: Salamence|Salamence, M|100/100
|turn|16
|
|t:|1779568714
|-terastallize|p2a: Salamence|Steel
|move|p1a: Cinderace|U-turn|p2a: Salamence
|-resisted|p2a: Salamence
|-damage|p2a: Salamence|87/100
|
|t:|1779568719
|switch|p1a: Keldeo|Keldeo-Resolute|100/100|[from] U-turn
|move|p2a: Salamence|Dragon Dance|p2a: Salamence
|-boost|p2a: Salamence|atk|1
|-boost|p2a: Salamence|spe|1
|
|upkeep
|turn|17
|
|t:|1779568730
|move|p1a: Keldeo|Secret Sword|p2a: Salamence
|-supereffective|p2a: Salamence
|-damage|p2a: Salamence|0 fnt
|faint|p2a: Salamence
|
|upkeep
|
|t:|1779568735
|switch|p2a: Iron Valiant|Iron Valiant|100/100
|turn|18
|
|t:|1779568738
|move|p2a: Iron Valiant|Vacuum Wave|p1a: Keldeo
|-damage|p1a: Keldeo|65/100
|move|p1a: Keldeo|Secret Sword|p2a: Iron Valiant
|-resisted|p2a: Iron Valiant
|-damage|p2a: Iron Valiant|71/100
|
|upkeep
|turn|19
|
|t:|1779568743
|switch|p1a: Cinderace|Cinderace, M|51/100
|move|p2a: Iron Valiant|Vacuum Wave|p1a: Cinderace
|-damage|p1a: Cinderace|7/100
|
|upkeep
|turn|20
|
|t:|1779568748
|move|p2a: Iron Valiant|Vacuum Wave|p1a: Cinderace
|-damage|p1a: Cinderace|0 fnt
|faint|p1a: Cinderace
|
|upkeep
|
|t:|1779568752
|switch|p1a: Regieleki|Regieleki|100/100
|turn|21
|
|t:|1779568755
|move|p2a: Iron Valiant|Vacuum Wave|p1a: Regieleki
|-damage|p1a: Regieleki|37/100
|move|p1a: Regieleki|Explosion|p2a: Iron Valiant
|-damage|p2a: Iron Valiant|0 fnt
|faint|p1a: Regieleki
|faint|p2a: Iron Valiant
|-end|p2a: Iron Valiant|Quark Drive|[silent]
|
|win|yigyif
|raw|yigyif's rating: 1212 &rarr; <strong>1236</strong><br />(+24 for winning)
|raw|BananIsac's rating: 1202 &rarr; <strong>1178</strong><br />(-24 for losing)
|l|☆BananIsac
|player|p2|
|l|☆yigyif
|player|p1|
