|j|☆Relish Toast
|j|☆Rott0909
|t:|1779713779
|gametype|singles
|player|p1|Relish Toast|kieran-festival|1119
|player|p2|Rott0909|102|1140
|gen|9
|tier|[Gen 9] OU
|rated|
|rule|HP Percentage Mod: HP is shown in percentages
|rule|Endless Battle Clause: Forcing endless battles is banned
|rule|Species Clause: Limit one of each Pokémon
|rule|OHKO Clause: OHKO moves are banned
|rule|Evasion Items Clause: Evasion items are banned
|rule|Evasion Moves Clause: Evasion moves are banned
|rule|Evasion Abilities Clause: Evasion abilities are banned
|rule|Sleep Moves Clause: Sleep-inducing moves are banned
|clearpoke
|poke|p1|Torkoal, F|
|poke|p1|Trevenant, F|
|poke|p1|Great Tusk|
|poke|p1|Vileplume, F|
|poke|p1|Leavanny, F|
|poke|p1|Raging Bolt|
|poke|p2|Hatterene, F|
|poke|p2|Samurott-Hisui, M|
|poke|p2|Zapdos|
|poke|p2|Great Tusk|
|poke|p2|Dondozo, F|
|poke|p2|Incineroar, F|
|teampreview
|inactive|Battle timer is ON: inactive players will automatically lose when time's up. (requested by Relish Toast)
|
|t:|1779713791
|teamsize|p1|6
|teamsize|p2|6
|start
|switch|p1a: Leavanny|Leavanny, F, shiny|100/100
|switch|p2a: Samurott|Samurott-Hisui, M|100/100
|turn|1
|
|t:|1779713805
|move|p1a: Leavanny|Lunge|p2a: Samurott
|-supereffective|p2a: Samurott
|-damage|p2a: Samurott|5/100
|-unboost|p2a: Samurott|atk|1
|move|p2a: Samurott|Ceaseless Edge|p1a: Leavanny
|-damage|p1a: Leavanny|39/100
|-sidestart|p1: Relish Toast|Spikes
|
|upkeep
|turn|2
|
|t:|1779713816
|switch|p2a: Zapdos|Zapdos|100/100
|move|p1a: Leavanny|Sticky Web|p2a: Zapdos
|-sidestart|p2: Rott0909|move: Sticky Web
|
|upkeep
|turn|3
|
|t:|1779713825
|move|p1a: Leavanny|Sunny Day|p1a: Leavanny
|-weather|SunnyDay
|move|p2a: Zapdos|Hurricane|p1a: Leavanny|[miss]
|-miss|p2a: Zapdos|p1a: Leavanny
|
|-weather|SunnyDay|[upkeep]
|upkeep
|turn|4
|
|t:|1779713835
|move|p1a: Leavanny|Knock Off|p2a: Zapdos
|-damage|p2a: Zapdos|76/100
|-status|p1a: Leavanny|par|[from] ability: Static|[of] p2a: Zapdos
|-enditem|p2a: Zapdos|Heavy-Duty Boots|[from] move: Knock Off|[of] p1a: Leavanny
|move|p2a: Zapdos|Heat Wave|p1a: Leavanny
|-supereffective|p1a: Leavanny
|-damage|p1a: Leavanny|0 fnt
|faint|p1a: Leavanny
|
|-weather|SunnyDay|[upkeep]
|upkeep
|
|t:|1779713853
|switch|p1a: Raging Bolt|Raging Bolt|100/100
|-damage|p1a: Raging Bolt|88/100|[from] Spikes
|-activate|p1a: Raging Bolt|ability: Protosynthesis
|-start|p1a: Raging Bolt|protosynthesisspa
|turn|5
|
|t:|1779713866
|switch|p2a: Great Tusk|Great Tusk|100/100
|-activate|p2a: Great Tusk|move: Sticky Web
|-unboost|p2a: Great Tusk|spe|1
|-activate|p2a: Great Tusk|ability: Protosynthesis
|-start|p2a: Great Tusk|protosynthesisatk
|move|p1a: Raging Bolt|Calm Mind|p1a: Raging Bolt
|-boost|p1a: Raging Bolt|spa|1
|-boost|p1a: Raging Bolt|spd|1
|
|-weather|SunnyDay|[upkeep]
|upkeep
|turn|6
|
|t:|1779713879
|move|p2a: Great Tusk|Rapid Spin|p1a: Raging Bolt
|-damage|p1a: Raging Bolt|71/100
|-boost|p2a: Great Tusk|spe|1
|-sideend|p2: Rott0909|Sticky Web|[from] move: Rapid Spin|[of] p2a: Great Tusk
|move|p1a: Raging Bolt|Weather Ball|p2a: Great Tusk
|-damage|p2a: Great Tusk|0 fnt
|faint|p2a: Great Tusk
|-end|p2a: Great Tusk|Protosynthesis|[silent]
|
|-weather|SunnyDay|[upkeep]
|upkeep
|
|t:|1779713892
|switch|p2a: Samurott|Samurott-Hisui, M|5/100
|turn|7
|
|t:|1779713899
|move|p1a: Raging Bolt|Thunderclap|p2a: Samurott
|-supereffective|p2a: Samurott
|-damage|p2a: Samurott|0 fnt
|faint|p2a: Samurott
|
|-weather|none
|-end|p1a: Raging Bolt|Protosynthesis
|upkeep
|
|t:|1779713908
|switch|p2a: Incineroar|Incineroar, F|100/100
|-ability|p2a: Incineroar|Intimidate|boost
|-unboost|p1a: Raging Bolt|atk|1
|turn|8
|
|t:|1779713915
|move|p1a: Raging Bolt|Dragon Pulse|p2a: Incineroar
|-damage|p2a: Incineroar|42/100
|move|p2a: Incineroar|Will-O-Wisp|p1a: Raging Bolt
|-status|p1a: Raging Bolt|brn
|
|-heal|p2a: Incineroar|48/100|[from] item: Leftovers
|-damage|p1a: Raging Bolt|64/100 brn|[from] brn
|upkeep
|turn|9
|
|t:|1779713927
|switch|p2a: Hatterene|Hatterene, F|100/100
|move|p1a: Raging Bolt|Calm Mind|p1a: Raging Bolt
|-boost|p1a: Raging Bolt|spa|1
|-boost|p1a: Raging Bolt|spd|1
|
|-damage|p1a: Raging Bolt|58/100 brn|[from] brn
|upkeep
|turn|10
|
|t:|1779713936
|-end|p1a: Raging Bolt|Protosynthesis|[silent]
|switch|p1a: Torkoal|Torkoal, F|100/100
|-damage|p1a: Torkoal|88/100|[from] Spikes
|-weather|SunnyDay|[from] ability: Drought|[of] p1a: Torkoal
|move|p2a: Hatterene|Draining Kiss|p1a: Torkoal
|-resisted|p1a: Torkoal
|-damage|p1a: Torkoal|70/100
|
|-weather|SunnyDay|[upkeep]
|upkeep
|turn|11
|
|t:|1779713948
|switch|p1a: Trevenant|Trevenant, F|100/100
|-damage|p1a: Trevenant|88/100|[from] Spikes
|move|p2a: Hatterene|Calm Mind|p2a: Hatterene
|-boost|p2a: Hatterene|spa|1
|-boost|p2a: Hatterene|spd|1
|
|-weather|SunnyDay|[upkeep]
|upkeep
|turn|12
|
|t:|1779713957
|move|p1a: Trevenant|Poltergeist|p2a: Hatterene
|-activate|p2a: Hatterene|move: Poltergeist|Leftovers
|-supereffective|p2a: Hatterene
|-damage|p2a: Hatterene|6/100
|move|p2a: Hatterene|Mystical Fire|p1a: Trevenant
|-supereffective|p1a: Trevenant
|-damage|p1a: Trevenant|0 fnt
|faint|p1a: Trevenant
|
|-weather|SunnyDay|[upkeep]
|-heal|p2a: Hatterene|12/100|[from] item: Leftovers
|upkeep
|
|t:|1779713965
|switch|p1a: Great Tusk|Great Tusk|100/100
|-damage|p1a: Great Tusk|88/100|[from] Spikes
|-activate|p1a: Great Tusk|ability: Protosynthesis
|-start|p1a: Great Tusk|protosynthesisatk
|turn|13
|
|t:|1779713974
|move|p1a: Great Tusk|Rapid Spin|p2a: Hatterene
|-damage|p2a: Hatterene|0 fnt
|-boost|p1a: Great Tusk|spe|1
|-sideend|p1: Relish Toast|Spikes|[from] move: Rapid Spin|[of] p1a: Great Tusk
|faint|p2a: Hatterene
|-damage|p1a: Great Tusk|78/100|[from] item: Life Orb
|
|-weather|SunnyDay|[upkeep]
|upkeep
|
|t:|1779713985
|switch|p2a: Incineroar|Incineroar, F|48/100
|-ability|p2a: Incineroar|Intimidate|boost
|-unboost|p1a: Great Tusk|atk|1
|turn|14
|
|t:|1779713990
|move|p2a: Incineroar|Fake Out|p1a: Great Tusk
|-damage|p1a: Great Tusk|71/100
|cant|p1a: Great Tusk|flinch
|
|-weather|SunnyDay|[upkeep]
|-heal|p2a: Incineroar|54/100|[from] item: Leftovers
|upkeep
|turn|15
|
|t:|1779713998
|move|p1a: Great Tusk|Headlong Rush|p2a: Incineroar
|-supereffective|p2a: Incineroar
|-damage|p2a: Incineroar|0 fnt
|-unboost|p1a: Great Tusk|def|1
|-unboost|p1a: Great Tusk|spd|1
|faint|p2a: Incineroar
|-damage|p1a: Great Tusk|61/100|[from] item: Life Orb
|
|-weather|SunnyDay|[upkeep]
|upkeep
|
|t:|1779714008
|switch|p2a: Zapdos|Zapdos|76/100
|turn|16
|
|t:|1779714014
|move|p1a: Great Tusk|Knock Off|p2a: Zapdos
|-damage|p2a: Zapdos|51/100
|-damage|p1a: Great Tusk|51/100|[from] item: Life Orb
|move|p2a: Zapdos|Hurricane|p1a: Great Tusk|[miss]
|-miss|p2a: Zapdos|p1a: Great Tusk
|
|-weather|SunnyDay|[upkeep]
|upkeep
|turn|17
|
|t:|1779714026
|move|p1a: Great Tusk|Knock Off|p2a: Zapdos
|-damage|p2a: Zapdos|24/100
|-damage|p1a: Great Tusk|42/100|[from] item: Life Orb
|move|p2a: Zapdos|Heat Wave|p1a: Great Tusk
|-damage|p1a: Great Tusk|0 fnt
|faint|p1a: Great Tusk
|-end|p1a: Great Tusk|Protosynthesis|[silent]
|
|-weather|none
|upkeep
|
|t:|1779714033
|switch|p1a: Torkoal|Torkoal, F|70/100
|-weather|SunnyDay|[from] ability: Drought|[of] p1a: Torkoal
|turn|18
|
|t:|1779714040
|move|p2a: Zapdos|Roost|p2a: Zapdos
|-heal|p2a: Zapdos|74/100
|-singleturn|p2a: Zapdos|move: Roost
|move|p1a: Torkoal|Weather Ball|p2a: Zapdos
|-damage|p2a: Zapdos|19/100
|
|-weather|SunnyDay|[upkeep]
|upkeep
|turn|19
|
|t:|1779714050
|move|p2a: Zapdos|Discharge|p1a: Torkoal
|-damage|p1a: Torkoal|14/100
|move|p1a: Torkoal|Weather Ball|p2a: Zapdos
|-damage|p2a: Zapdos|0 fnt
|faint|p2a: Zapdos
|
|-weather|SunnyDay|[upkeep]
|upkeep
|
|t:|1779714060
|switch|p2a: Dondozo|Dondozo, F|100/100
|turn|20
|
|t:|1779714065
|move|p2a: Dondozo|Bulldoze|p1a: Torkoal
|-supereffective|p1a: Torkoal
|-damage|p1a: Torkoal|0 fnt
|faint|p1a: Torkoal
|
|-weather|SunnyDay|[upkeep]
|upkeep
|
|t:|1779714069
|switch|p1a: Vileplume|Vileplume, F, shiny|100/100
|turn|21
|
|t:|1779714079
|-terastallize|p2a: Dondozo|Normal
|move|p1a: Vileplume|Giga Drain|p2a: Dondozo
|-damage|p2a: Dondozo|61/100
|-damage|p1a: Vileplume|91/100|[from] item: Life Orb
|move|p2a: Dondozo|Bulldoze|p1a: Vileplume
|-damage|p1a: Vileplume|68/100
|-unboost|p1a: Vileplume|spe|1
|
|-weather|SunnyDay|[upkeep]
|-heal|p2a: Dondozo|67/100|[from] item: Leftovers
|upkeep
|turn|22
|
|t:|1779714092
|move|p1a: Vileplume|Moonblast|p2a: Dondozo
|-damage|p2a: Dondozo|36/100
|-damage|p1a: Vileplume|58/100|[from] item: Life Orb
|move|p2a: Dondozo|Bulldoze|p1a: Vileplume
|-damage|p1a: Vileplume|38/100
|-unboost|p1a: Vileplume|spe|1
|
|-weather|SunnyDay|[upkeep]
|-heal|p2a: Dondozo|42/100|[from] item: Leftovers
|upkeep
|turn|23
|
|t:|1779714103
|move|p1a: Vileplume|Giga Drain|p2a: Dondozo
|-damage|p2a: Dondozo|7/100
|-heal|p1a: Vileplume|63/100|[from] drain|[of] p2a: Dondozo
|-damage|p1a: Vileplume|53/100|[from] item: Life Orb
|move|p2a: Dondozo|Bulldoze|p1a: Vileplume
|-damage|p1a: Vileplume|30/100
|-unboost|p1a: Vileplume|spe|1
|
|-weather|SunnyDay|[upkeep]
|-heal|p2a: Dondozo|13/100|[from] item: Leftovers
|upkeep
|turn|24
|
|t:|1779714115
|move|p1a: Vileplume|Giga Drain|p2a: Dondozo
|-damage|p2a: Dondozo|0 fnt
|-heal|p1a: Vileplume|39/100|[from] drain|[of] p2a: Dondozo
|faint|p2a: Dondozo
|-damage|p1a: Vileplume|29/100|[from] item: Life Orb
|
|win|Relish Toast
|raw|Relish Toast's rating: 1119 &rarr; <strong>1146</strong><br />(+27 for winning)
|raw|Rott0909's rating: 1140 &rarr; <strong>1113</strong><br />(-27 for losing)
|l|☆Rott0909
|player|p2|
|l|☆Relish Toast
|player|p1|
