|j|☆jessies boyfriend
|j|☆guzmaslonglostson
|t:|1779575833
|gametype|singles
|player|p1|jessies boyfriend|brock|1310
|player|p2|guzmaslonglostson|cyclist|1321
|gen|9
|tier|[Gen 9] OU
|rated|
|rule|HP Percentage Mod: HP is shown in percentages
|rule|Endless Battle Clause: Forcing endless battles is banned
|rule|Species Clause: Limit one of each Pokémon
|rule|OHKO Clause: OHKO moves are banned
|rule|Evasion Items Clause: Evasion items are banned
|rule|Evasion Moves Clause: Evasion moves are banned
|rule|Evasion Abilities Clause: Evasion abilities are banned
|rule|Sleep Moves Clause: Sleep-inducing moves are banned
|clearpoke
|poke|p1|Houndstone, M|
|poke|p1|Gholdengo|
|poke|p1|Incineroar, M|
|poke|p1|Glimmora, M|
|poke|p1|Forretress, M|
|poke|p1|Scrafty, M|
|poke|p2|Hoopa|
|poke|p2|Cinderace, M|
|poke|p2|Mandibuzz, F|
|poke|p2|Kyurem|
|poke|p2|Ting-Lu|
|poke|p2|Manaphy|
|teampreview
|inactive|Battle timer is ON: inactive players will automatically lose when time's up. (requested by guzmaslonglostson)
|
|t:|1779575859
|teamsize|p1|6
|teamsize|p2|6
|start
|switch|p1a: Glimmora|Glimmora, M|100/100
|switch|p2a: Boopanator|Hoopa|100/100
|-item|p1a: Glimmora|Air Balloon
|turn|1
|
|t:|1779575871
|switch|p1a: Incineroar|Incineroar, M|100/100
|-ability|p1a: Incineroar|Intimidate|boost
|-unboost|p2a: Boopanator|atk|1
|move|p2a: Boopanator|Substitute|p2a: Boopanator
|-start|p2a: Boopanator|Substitute
|-damage|p2a: Boopanator|76/100
|
|upkeep
|turn|2
|
|t:|1779575880
|move|p2a: Boopanator|Calm Mind|p2a: Boopanator
|-boost|p2a: Boopanator|spa|1
|-boost|p2a: Boopanator|spd|1
|move|p1a: Incineroar|Flame Charge|p2a: Boopanator
|-end|p2a: Boopanator|Substitute
|-boost|p1a: Incineroar|spe|1
|
|upkeep
|turn|3
|
|t:|1779575892
|-terastallize|p2a: Boopanator|Fairy
|move|p1a: Incineroar|Knock Off|p2a: Boopanator
|-resisted|p2a: Boopanator
|-damage|p2a: Boopanator|36/100
|-enditem|p2a: Boopanator|Aguav Berry|[from] move: Knock Off|[of] p1a: Incineroar
|move|p2a: Boopanator|Focus Blast|p1a: Incineroar
|-supereffective|p1a: Incineroar
|-damage|p1a: Incineroar|4/100
|-item|p2a: Boopanator|Assault Vest|[from] ability: Magician|[of] p1a: Incineroar
|
|upkeep
|turn|4
|
|t:|1779575910
|move|p1a: Incineroar|Flame Charge|p2a: Boopanator
|-damage|p2a: Boopanator|0 fnt
|-boost|p1a: Incineroar|spe|1
|faint|p2a: Boopanator
|
|upkeep
|inactive|guzmaslonglostson has 120 seconds left.
|
|t:|1779575933
|switch|p2a: Griselda|Mandibuzz, F, shiny|100/100
|turn|5
|
|t:|1779575941
|move|p1a: Incineroar|Knock Off|p2a: Griselda
|-resisted|p2a: Griselda
|-crit|p2a: Griselda
|-damage|p2a: Griselda|80/100
|-damage|p1a: Incineroar|0 fnt|[from] item: Rocky Helmet|[of] p2a: Griselda
|faint|p1a: Incineroar
|move|p2a: Griselda|Foul Play|p1: Incineroar|[notarget]
|-fail|p2a: Griselda
|
|upkeep
|
|t:|1779575949
|switch|p1a: Glimmora|Glimmora, M|100/100
|-item|p1a: Glimmora|Air Balloon
|turn|6
|
|t:|1779575966
|move|p1a: Glimmora|Mortal Spin|p2a: Griselda
|-damage|p2a: Griselda|76/100
|-status|p2a: Griselda|psn
|-damage|p1a: Glimmora|84/100|[from] item: Rocky Helmet|[of] p2a: Griselda
|move|p2a: Griselda|Foul Play|p1a: Glimmora
|-damage|p1a: Glimmora|65/100
|-activate|p1a: Glimmora|ability: Toxic Debris
|-sidestart|p2: guzmaslonglostson|move: Toxic Spikes
|-enditem|p1a: Glimmora|Air Balloon
|
|-damage|p2a: Griselda|64/100 psn|[from] psn
|upkeep
|turn|7
|
|t:|1779575971
|move|p1a: Glimmora|Toxic Spikes|p2a: Griselda
|-sidestart|p2: guzmaslonglostson|move: Toxic Spikes
|move|p2a: Griselda|Defog|p1a: Glimmora
|-unboost|p1a: Glimmora|evasion|1
|-sideend|p2: guzmaslonglostson|Toxic Spikes|[from] move: Defog|[of] p2a: Griselda
|
|-damage|p2a: Griselda|52/100 psn|[from] psn
|upkeep
|turn|8
|
|t:|1779575980
|move|p1a: Glimmora|Power Gem|p2a: Griselda
|-supereffective|p2a: Griselda
|-damage|p2a: Griselda|0 fnt
|faint|p2a: Griselda
|
|upkeep
|
|t:|1779575989
|switch|p2a: Drago Bloodvish|Kyurem, shiny|100/100
|-ability|p2a: Drago Bloodvish|Pressure
|turn|9
|
|t:|1779576015
|switch|p1a: Houndstone|Houndstone, M|100/100
|move|p2a: Drago Bloodvish|Earth Power|p1a: Houndstone
|-damage|p1a: Houndstone|78/100
|-unboost|p1a: Houndstone|spd|1
|
|-heal|p1a: Houndstone|84/100|[from] item: Leftovers
|upkeep
|turn|10
|
|t:|1779576029
|switch|p2a: Ting-Lucifer|Ting-Lu|100/100
|-ability|p2a: Ting-Lucifer|Vessel of Ruin
|move|p1a: Houndstone|Pain Split|p2a: Ting-Lucifer
|-sethp|p2a: Ting-Lucifer|80/100|[from] move: Pain Split|[silent]
|-sethp|p1a: Houndstone|100/100|[from] move: Pain Split
|
|upkeep
|turn|11
|
|t:|1779576039
|switch|p1a: Forretress|Forretress, M|100/100
|move|p2a: Ting-Lucifer|Stealth Rock|p1a: Forretress
|-sidestart|p1: jessies boyfriend|move: Stealth Rock
|
|upkeep
|turn|12
|
|t:|1779576043
|move|p2a: Ting-Lucifer|Earthquake|p1a: Forretress
|-damage|p1a: Forretress|70/100
|move|p1a: Forretress|Stealth Rock|p2a: Ting-Lucifer
|-sidestart|p2: guzmaslonglostson|move: Stealth Rock
|
|upkeep
|turn|13
|
|t:|1779576049
|move|p2a: Ting-Lucifer|Earthquake|p1a: Forretress
|-damage|p1a: Forretress|42/100
|move|p1a: Forretress|Spikes|p2a: Ting-Lucifer
|-sidestart|p2: guzmaslonglostson|Spikes
|
|upkeep
|turn|14
|
|t:|1779576053
|move|p2a: Ting-Lucifer|Earthquake|p1a: Forretress
|-damage|p1a: Forretress|15/100
|move|p1a: Forretress|Rapid Spin|p2a: Ting-Lucifer
|-damage|p2a: Ting-Lucifer|74/100
|-boost|p1a: Forretress|spe|1
|-sideend|p1: jessies boyfriend|Stealth Rock|[from] move: Rapid Spin|[of] p1a: Forretress
|
|upkeep
|turn|15
|
|t:|1779576057
|move|p1a: Forretress|Pain Split|p2a: Ting-Lucifer
|-sethp|p2a: Ting-Lucifer|42/100|[from] move: Pain Split|[silent]
|-sethp|p1a: Forretress|58/100|[from] move: Pain Split
|move|p2a: Ting-Lucifer|Earthquake|p1a: Forretress
|-damage|p1a: Forretress|28/100
|
|upkeep
|turn|16
|
|t:|1779576063
|move|p1a: Forretress|Pain Split|p2a: Ting-Lucifer
|-sethp|p2a: Ting-Lucifer|31/100|[from] move: Pain Split|[silent]
|-sethp|p1a: Forretress|43/100|[from] move: Pain Split
|move|p2a: Ting-Lucifer|Earthquake|p1a: Forretress
|-damage|p1a: Forretress|15/100
|
|upkeep
|turn|17
|
|t:|1779576067
|move|p1a: Forretress|Spikes|p2a: Ting-Lucifer
|-sidestart|p2: guzmaslonglostson|Spikes
|move|p2a: Ting-Lucifer|Earthquake|p1a: Forretress
|-damage|p1a: Forretress|0 fnt
|faint|p1a: Forretress
|
|upkeep
|
|t:|1779576077
|switch|p1a: Houndstone|Houndstone, M|100/100
|turn|18
|
|t:|1779576082
|move|p2a: Ting-Lucifer|Stone Edge|p1a: Houndstone
|-damage|p1a: Houndstone|70/100
|move|p1a: Houndstone|Roar|p2a: Ting-Lucifer
|drag|p2a: Manatoes|Manaphy|100/100
|-damage|p2a: Manatoes|88/100|[from] Stealth Rock
|-damage|p2a: Manatoes|72/100|[from] Spikes
|
|-heal|p2a: Manatoes|78/100|[from] item: Leftovers
|-heal|p1a: Houndstone|76/100|[from] item: Leftovers
|upkeep
|turn|19
|
|t:|1779576087
|move|p2a: Manatoes|Scald|p1a: Houndstone
|-damage|p1a: Houndstone|56/100
|-status|p1a: Houndstone|brn
|move|p1a: Houndstone|Roar|p2a: Manatoes
|drag|p2a: Ting-Lucifer|Ting-Lu|31/100
|-damage|p2a: Ting-Lucifer|25/100|[from] Stealth Rock
|-damage|p2a: Ting-Lucifer|9/100|[from] Spikes
|-ability|p2a: Ting-Lucifer|Vessel of Ruin
|
|-heal|p1a: Houndstone|62/100 brn|[from] item: Leftovers
|-damage|p1a: Houndstone|56/100 brn|[from] brn
|upkeep
|turn|20
|
|t:|1779576093
|move|p2a: Ting-Lucifer|Stone Edge|p1a: Houndstone
|-crit|p1a: Houndstone
|-damage|p1a: Houndstone|4/100 brn
|move|p1a: Houndstone|Roar|p2a: Ting-Lucifer
|drag|p2a: Drago Bloodvish|Kyurem, shiny|100/100
|-damage|p2a: Drago Bloodvish|76/100|[from] Stealth Rock
|-damage|p2a: Drago Bloodvish|59/100|[from] Spikes
|-ability|p2a: Drago Bloodvish|Pressure
|
|-heal|p1a: Houndstone|10/100 brn|[from] item: Leftovers
|-damage|p1a: Houndstone|4/100 brn|[from] brn
|upkeep
|turn|21
|
|t:|1779576101
|move|p1a: Houndstone|Protect|p1a: Houndstone
|-singleturn|p1a: Houndstone|Protect
|move|p2a: Drago Bloodvish|Earth Power|p1a: Houndstone
|-activate|p1a: Houndstone|move: Protect
|
|-heal|p1a: Houndstone|10/100 brn|[from] item: Leftovers
|-damage|p1a: Houndstone|4/100 brn|[from] brn
|upkeep
|turn|22
|
|t:|1779576115
|switch|p1a: Scrafty|Scrafty, M, shiny|100/100
|-ability|p1a: Scrafty|Intimidate|boost
|-unboost|p2a: Drago Bloodvish|atk|1
|move|p2a: Drago Bloodvish|Earth Power|p1a: Scrafty
|-damage|p1a: Scrafty|81/100
|
|upkeep
|turn|23
|
|t:|1779576127
|switch|p2a: Ting-Lucifer|Ting-Lu|9/100
|-damage|p2a: Ting-Lucifer|2/100|[from] Stealth Rock
|-damage|p2a: Ting-Lucifer|0 fnt|[from] Spikes
|faint|p2a: Ting-Lucifer
|move|p1a: Scrafty|Dragon Tail|p2: Ting-Lucifer|[notarget]
|-fail|p1a: Scrafty
|
|upkeep
|
|t:|1779576134
|switch|p2a: Seishiro|Cinderace, M|100/100
|-damage|p2a: Seishiro|76/100|[from] Stealth Rock
|-damage|p2a: Seishiro|59/100|[from] Spikes
|turn|24
|
|t:|1779576142
|switch|p1a: Glimmora|Glimmora, M|65/100
|move|p2a: Seishiro|Court Change|p2a: Seishiro
|-start|p2a: Seishiro|typechange|Normal|[from] ability: Libero
|-swapsideconditions
|-activate|p2a: Seishiro|move: Court Change
|
|upkeep
|turn|25
|
|t:|1779576147
|move|p2a: Seishiro|High Jump Kick|p1a: Glimmora
|-damage|p1a: Glimmora|21/100
|-activate|p1a: Glimmora|ability: Toxic Debris
|-sidestart|p2: guzmaslonglostson|move: Toxic Spikes
|move|p1a: Glimmora|Mortal Spin|p2a: Seishiro
|-damage|p2a: Seishiro|51/100
|-status|p2a: Seishiro|psn
|-sideend|p1: jessies boyfriend|Spikes|[from] move: Mortal Spin|[of] p1a: Glimmora
|-sideend|p1: jessies boyfriend|Stealth Rock|[from] move: Mortal Spin|[of] p1a: Glimmora
|
|-damage|p2a: Seishiro|39/100 psn|[from] psn
|upkeep
|turn|26
|
|t:|1779576159
|move|p2a: Seishiro|Pyro Ball|p1a: Glimmora
|-resisted|p1a: Glimmora
|-damage|p1a: Glimmora|0 fnt
|-activate|p1a: Glimmora|ability: Toxic Debris
|-sidestart|p2: guzmaslonglostson|move: Toxic Spikes
|faint|p1a: Glimmora
|
|-damage|p2a: Seishiro|26/100 psn|[from] psn
|upkeep
|
|t:|1779576172
|switch|p1a: Scrafty|Scrafty, M, shiny|81/100
|-ability|p1a: Scrafty|Intimidate|boost
|-unboost|p2a: Seishiro|atk|1
|turn|27
|
|t:|1779576182
|switch|p1a: Houndstone|Houndstone, M|4/100 brn
|move|p2a: Seishiro|High Jump Kick|p1a: Houndstone
|-immune|p1a: Houndstone
|-damage|p2a: Seishiro|0 fnt|[from] highjumpkick
|faint|p2a: Seishiro
|
|-heal|p1a: Houndstone|10/100 brn|[from] item: Leftovers
|-damage|p1a: Houndstone|4/100 brn|[from] brn
|upkeep
|
|t:|1779576190
|switch|p2a: Manatoes|Manaphy|78/100
|-status|p2a: Manatoes|tox
|turn|28
|
|t:|1779576195
|move|p2a: Manatoes|Take Heart|p2a: Manatoes
|-boost|p2a: Manatoes|spa|1
|-boost|p2a: Manatoes|spd|1
|-curestatus|p2a: Manatoes|tox|[msg]
|move|p1a: Houndstone|Pain Split|p2a: Manatoes
|-sethp|p2a: Manatoes|41/100|[from] move: Pain Split|[silent]
|-sethp|p1a: Houndstone|47/100 brn|[from] move: Pain Split
|
|-heal|p2a: Manatoes|47/100|[from] item: Leftovers
|-heal|p1a: Houndstone|53/100 brn|[from] item: Leftovers
|-damage|p1a: Houndstone|47/100 brn|[from] brn
|upkeep
|turn|29
|
|t:|1779576202
|move|p2a: Manatoes|Tail Glow|p2a: Manatoes
|-boost|p2a: Manatoes|spa|3
|move|p1a: Houndstone|Roar|p2a: Manatoes
|drag|p2a: Drago Bloodvish|Kyurem, shiny|59/100
|-status|p2a: Drago Bloodvish|tox
|-ability|p2a: Drago Bloodvish|Pressure
|
|-heal|p1a: Houndstone|53/100 brn|[from] item: Leftovers
|-damage|p2a: Drago Bloodvish|53/100 tox|[from] psn
|-damage|p1a: Houndstone|47/100 brn|[from] brn
|upkeep
|turn|30
|
|t:|1779576208
|move|p1a: Houndstone|Protect|p1a: Houndstone
|-singleturn|p1a: Houndstone|Protect
|move|p2a: Drago Bloodvish|Draco Meteor|p1a: Houndstone
|-activate|p1a: Houndstone|move: Protect
|
|-heal|p1a: Houndstone|53/100 brn|[from] item: Leftovers
|-damage|p2a: Drago Bloodvish|41/100 tox|[from] psn
|-damage|p1a: Houndstone|47/100 brn|[from] brn
|upkeep
|turn|31
|
|t:|1779576218
|move|p2a: Drago Bloodvish|Draco Meteor|p1a: Houndstone
|-damage|p1a: Houndstone|0 fnt
|-unboost|p2a: Drago Bloodvish|spa|2
|faint|p1a: Houndstone
|
|-damage|p2a: Drago Bloodvish|22/100 tox|[from] psn
|upkeep
|
|t:|1779576228
|switch|p1a: Scrafty|Scrafty, M, shiny|81/100
|-ability|p1a: Scrafty|Intimidate|boost
|-unboost|p2a: Drago Bloodvish|atk|1
|turn|32
|
|t:|1779576237
|move|p2a: Drago Bloodvish|Draco Meteor|p1a: Scrafty|[miss]
|-miss|p2a: Drago Bloodvish|p1a: Scrafty
|move|p1a: Scrafty|Drain Punch|p2a: Drago Bloodvish
|-supereffective|p2a: Drago Bloodvish
|-damage|p2a: Drago Bloodvish|0 fnt
|-heal|p1a: Scrafty|94/100|[from] drain|[of] p2a: Drago Bloodvish
|faint|p2a: Drago Bloodvish
|
|upkeep
|
|t:|1779576241
|switch|p2a: Manatoes|Manaphy|47/100
|-status|p2a: Manatoes|tox
|turn|33
|
|t:|1779576249
|move|p2a: Manatoes|Take Heart|p2a: Manatoes
|-boost|p2a: Manatoes|spa|1
|-boost|p2a: Manatoes|spd|1
|-curestatus|p2a: Manatoes|tox|[msg]
|move|p1a: Scrafty|Knock Off|p2a: Manatoes
|-damage|p2a: Manatoes|18/100
|-enditem|p2a: Manatoes|Leftovers|[from] move: Knock Off|[of] p1a: Scrafty
|
|upkeep
|turn|34
|
|t:|1779576254
|-terastallize|p1a: Scrafty|Poison
|move|p2a: Manatoes|Alluring Voice|p1a: Scrafty
|-resisted|p1a: Scrafty
|-damage|p1a: Scrafty|86/100
|move|p1a: Scrafty|Poison Jab|p2a: Manatoes
|-damage|p2a: Manatoes|0 fnt
|faint|p2a: Manatoes
|
|win|jessies boyfriend
|raw|jessies boyfriend's rating: 1310 &rarr; <strong>1331</strong><br />(+21 for winning)
|raw|guzmaslonglostson's rating: 1321 &rarr; <strong>1300</strong><br />(-21 for losing)
|l|☆jessies boyfriend
|player|p1|
|c|☆guzmaslonglostson|yea bro i fucking guess
|c|☆guzmaslonglostson|i guess
|l|☆guzmaslonglostson
|player|p2|
