|j|☆drop a baby
|j|☆samohi0
|t:|1779677211
|gametype|singles
|player|p1|drop a baby|chase|1789
|player|p2|samohi0|hoopster|1776
|gen|9
|tier|[Gen 9] OU
|rated|
|rule|HP Percentage Mod: HP is shown in percentages
|rule|Endless Battle Clause: Forcing endless battles is banned
|rule|Species Clause: Limit one of each Pokémon
|rule|OHKO Clause: OHKO moves are banned
|rule|Evasion Items Clause: Evasion items are banned
|rule|Evasion Moves Clause: Evasion moves are banned
|rule|Evasion Abilities Clause: Evasion abilities are banned
|rule|Sleep Moves Clause: Sleep-inducing moves are banned
|clearpoke
|poke|p1|Darkrai|
|poke|p1|Deoxys-Speed|
|poke|p1|Raging Bolt|
|poke|p1|Kingambit, M|
|poke|p1|Iron Valiant|
|poke|p1|Great Tusk|
|poke|p2|Dragapult, M|
|poke|p2|Lokix, M|
|poke|p2|Alomomola, F|
|poke|p2|Great Tusk|
|poke|p2|Enamorus, F|
|poke|p2|Iron Crown|
|teampreview
|c|☆drop a baby|Hf big bro
|j| chillncurry
|
|t:|1779677229
|teamsize|p1|6
|teamsize|p2|6
|start
|switch|p1a: BROTD|Great Tusk, shiny|100/100
|switch|p2a: Dragapult|Dragapult, M|100/100
|-enditem|p1a: BROTD|Booster Energy
|-activate|p1a: BROTD|ability: Protosynthesis|[fromitem]
|-start|p1a: BROTD|protosynthesisspe
|turn|1
|inactive|Battle timer is ON: inactive players will automatically lose when time's up. (requested by drop a baby)
|
|t:|1779677235
|switch|p2a: Alomomola|Alomomola, F|100/100
|move|p1a: BROTD|Bulk Up|p1a: BROTD
|-boost|p1a: BROTD|atk|1
|-boost|p1a: BROTD|def|1
|
|upkeep
|turn|2
|
|t:|1779677240
|move|p1a: BROTD|Headlong Rush|p2a: Alomomola
|-damage|p2a: Alomomola|52/100
|-unboost|p1a: BROTD|def|1
|-unboost|p1a: BROTD|spd|1
|move|p2a: Alomomola|Scald|p1a: BROTD
|-supereffective|p1a: BROTD
|-damage|p1a: BROTD|48/100
|
|upkeep
|turn|3
|
|t:|1779677247
|move|p1a: BROTD|Headlong Rush|p2a: Alomomola
|-damage|p2a: Alomomola|4/100
|-unboost|p1a: BROTD|def|1
|-unboost|p1a: BROTD|spd|1
|move|p2a: Alomomola|Scald|p1a: BROTD
|-supereffective|p1a: BROTD
|-damage|p1a: BROTD|0 fnt
|faint|p1a: BROTD
|-end|p1a: BROTD|Protosynthesis|[silent]
|
|upkeep
|j| wipe your nose
|
|t:|1779677256
|switch|p1a: Speedy Gonzales|Deoxys-Speed, shiny|100/100
|-ability|p1a: Speedy Gonzales|Pressure
|turn|4
|
|t:|1779677259
|move|p1a: Speedy Gonzales|Stealth Rock|p2a: Alomomola
|-sidestart|p2: samohi0|move: Stealth Rock
|move|p2a: Alomomola|Flip Turn|p1a: Speedy Gonzales
|-damage|p1a: Speedy Gonzales|71/100
|
|t:|1779677260
|switch|p2a: Lokix|Lokix, M|100/100|[from] Flip Turn
|-damage|p2a: Lokix|76/100|[from] Stealth Rock
|
|upkeep
|turn|5
|
|t:|1779677265
|move|p2a: Lokix|First Impression|p1a: Speedy Gonzales
|-supereffective|p1a: Speedy Gonzales
|-damage|p1a: Speedy Gonzales|0 fnt
|faint|p1a: Speedy Gonzales
|
|upkeep
|
|t:|1779677269
|switch|p1a: 🎭|Iron Valiant, shiny|100/100
|-enditem|p1a: 🎭|Booster Energy
|-activate|p1a: 🎭|ability: Quark Drive|[fromitem]
|-start|p1a: 🎭|quarkdrivespe
|turn|6
|
|t:|1779677272
|switch|p2a: Alomomola|Alomomola, F|37/100
|-damage|p2a: Alomomola|25/100|[from] Stealth Rock
|move|p1a: 🎭|Calm Mind|p1a: 🎭
|-boost|p1a: 🎭|spa|1
|-boost|p1a: 🎭|spd|1
|
|upkeep
|turn|7
|
|t:|1779677284
|move|p1a: 🎭|Moonblast|p2a: Alomomola
|-damage|p2a: Alomomola|0 fnt
|faint|p2a: Alomomola
|
|upkeep
|
|t:|1779677286
|switch|p2a: Iron Crown|Iron Crown|100/100
|-damage|p2a: Iron Crown|94/100|[from] Stealth Rock
|turn|8
|
|t:|1779677289
|-terastallize|p1a: 🎭|Ghost
|-terastallize|p2a: Iron Crown|Steel
|move|p1a: 🎭|Shadow Ball|p2a: Iron Crown
|-damage|p2a: Iron Crown|31/100
|-unboost|p2a: Iron Crown|spd|1
|move|p2a: Iron Crown|Tachyon Cutter|p1a: 🎭
|-damage|p1a: 🎭|45/100
|-damage|p1a: 🎭|0 fnt
|faint|p1a: 🎭
|-end|p1a: 🎭|Quark Drive|[silent]
|-hitcount|p1: 🎭|2
|
|upkeep
|
|t:|1779677295
|switch|p1a: IMU|Darkrai|100/100
|turn|9
|
|t:|1779677301
|move|p1a: IMU|Dark Pulse|p2a: Iron Crown
|-damage|p2a: Iron Crown|0 fnt
|faint|p2a: Iron Crown
|-end|p2a: Iron Crown|Quark Drive|[silent]
|
|upkeep
|
|t:|1779677305
|switch|p2a: Dragapult|Dragapult, M|100/100
|-damage|p2a: Dragapult|88/100|[from] Stealth Rock
|turn|10
|
|t:|1779677311
|switch|p1a: Mihawk|Kingambit, M|100/100
|-activate|p1a: Mihawk|ability: Supreme Overlord
|-start|p1a: Mihawk|fallen3|[silent]
|move|p2a: Dragapult|Dragon Darts|p1a: Mihawk
|-resisted|p1a: Mihawk
|-damage|p1a: Mihawk|84/100
|-anim|p2a: Dragapult|Dragon Darts|p1a: Mihawk
|-resisted|p1a: Mihawk
|-damage|p1a: Mihawk|69/100
|
|upkeep
|turn|11
|
|t:|1779677315
|switch|p2a: Great Tusk|Great Tusk|100/100
|-end|p1a: Mihawk|fallen3|[silent]
|switch|p1a: IMU|Darkrai|100/100
|
|upkeep
|turn|12
|
|t:|1779677321
|-end|p2a: Great Tusk|Protosynthesis|[silent]
|switch|p2a: Lokix|Lokix, M|76/100
|-damage|p2a: Lokix|51/100|[from] Stealth Rock
|move|p1a: IMU|Ice Beam|p2a: Lokix
|-damage|p2a: Lokix|0 fnt
|faint|p2a: Lokix
|
|upkeep
|
|t:|1779677324
|switch|p2a: Enamorus|Enamorus, F|100/100
|-damage|p2a: Enamorus|76/100|[from] Stealth Rock
|turn|13
|
|t:|1779677333
|move|p2a: Enamorus|Moonblast|p1a: IMU
|-supereffective|p1a: IMU
|-enditem|p1a: IMU|Focus Sash
|-damage|p1a: IMU|1/100
|-unboost|p1a: IMU|spa|1
|move|p1a: IMU|Ice Beam|p2a: Enamorus
|-supereffective|p2a: Enamorus
|-damage|p2a: Enamorus|11/100
|
|upkeep
|turn|14
|
|t:|1779677363
|move|p2a: Enamorus|Moonblast|p1a: IMU
|-supereffective|p1a: IMU
|-damage|p1a: IMU|0 fnt
|faint|p1a: IMU
|
|upkeep
|
|t:|1779677364
|switch|p1a: Hito no mi Model⚡️|Raging Bolt|100/100
|-enditem|p1a: Hito no mi Model⚡️|Booster Energy
|-activate|p1a: Hito no mi Model⚡️|ability: Protosynthesis|[fromitem]
|-start|p1a: Hito no mi Model⚡️|protosynthesisspa
|turn|15
|c|☆samohi0|run sucker like a man
|
|t:|1779677371
|move|p1a: Hito no mi Model⚡️|Thunderclap|p2a: Enamorus
|-supereffective|p2a: Enamorus
|-damage|p2a: Enamorus|0 fnt
|faint|p2a: Enamorus
|
|upkeep
|
|t:|1779677373
|switch|p2a: Great Tusk|Great Tusk|100/100
|turn|16
|
|t:|1779677375
|move|p2a: Great Tusk|Headlong Rush|p1a: Hito no mi Model⚡️
|-supereffective|p1a: Hito no mi Model⚡️
|-damage|p1a: Hito no mi Model⚡️|0 fnt
|-unboost|p2a: Great Tusk|def|1
|-unboost|p2a: Great Tusk|spd|1
|faint|p1a: Hito no mi Model⚡️
|-end|p1a: Hito no mi Model⚡️|Protosynthesis|[silent]
|
|upkeep
|
|t:|1779677376
|switch|p1a: Mihawk|Kingambit, M|69/100
|-activate|p1a: Mihawk|ability: Supreme Overlord
|-start|p1a: Mihawk|fallen5|[silent]
|turn|17
|
|t:|1779677378
|move|p1a: Mihawk|Sucker Punch|p2a: Great Tusk
|-resisted|p2a: Great Tusk
|-damage|p2a: Great Tusk|60/100
|move|p2a: Great Tusk|Headlong Rush|p1a: Mihawk
|-supereffective|p1a: Mihawk
|-crit|p1a: Mihawk
|-damage|p1a: Mihawk|0 fnt
|-unboost|p2a: Great Tusk|def|1
|-unboost|p2a: Great Tusk|spd|1
|faint|p1a: Mihawk
|-end|p1a: Mihawk|fallen5|[silent]
|
|win|samohi0
|raw|drop a baby's rating: 1789 &rarr; <strong>1768</strong><br />(-21 for losing)
|raw|samohi0's rating: 1776 &rarr; <strong>1797</strong><br />(+21 for winning)
|l|☆drop a baby
|player|p1|
|c|☆samohi0|gg
|l|☆samohi0
|player|p2|
|l| chillncurry
|l| wipe your nose
