|j|☆SemperMamba
|j|☆Gubbly Wubbles
|t:|1779644712
|gametype|singles
|player|p1|SemperMamba|blackbelt-gen4dp|1258
|player|p2|Gubbly Wubbles|policeman-gen4|1316
|gen|9
|tier|[Gen 9] OU
|rated|
|rule|HP Percentage Mod: HP is shown in percentages
|rule|Endless Battle Clause: Forcing endless battles is banned
|rule|Species Clause: Limit one of each Pokémon
|rule|OHKO Clause: OHKO moves are banned
|rule|Evasion Items Clause: Evasion items are banned
|rule|Evasion Moves Clause: Evasion moves are banned
|rule|Evasion Abilities Clause: Evasion abilities are banned
|rule|Sleep Moves Clause: Sleep-inducing moves are banned
|clearpoke
|poke|p1|Dragapult, M|
|poke|p1|Pawmot, F|
|poke|p1|Great Tusk|
|poke|p1|Ogerpon-Wellspring, F|
|poke|p1|Galvantula, M|
|poke|p1|Kingambit, M|
|poke|p2|Moltres|
|poke|p2|Heatran, F|
|poke|p2|Hydrapple, F|
|poke|p2|Iron Valiant|
|poke|p2|Great Tusk|
|poke|p2|Meowscarada, F|
|teampreview
|
|t:|1779644722
|teamsize|p1|6
|teamsize|p2|6
|start
|switch|p1a: Ogerpon|Ogerpon-Wellspring, F|100/100
|switch|p2a: Great Tusk|Great Tusk|100/100
|turn|1
|
|t:|1779644732
|-end|p2a: Great Tusk|Protosynthesis|[silent]
|switch|p2a: Hydrapple|Hydrapple, F|100/100
|move|p1a: Ogerpon|Ivy Cudgel|p2a: Hydrapple|[anim] Ivy Cudgel Water
|-resisted|p2a: Hydrapple
|-damage|p2a: Hydrapple|93/100
|
|upkeep
|turn|2
|
|t:|1779644743
|move|p1a: Ogerpon|U-turn|p2a: Hydrapple
|-supereffective|p2a: Hydrapple
|-damage|p2a: Hydrapple|64/100
|
|t:|1779644752
|switch|p1a: Galvantula|Galvantula, M|100/100|[from] U-turn
|move|p2a: Hydrapple|Draco Meteor|p1a: Galvantula
|-damage|p1a: Galvantula|10/100
|-unboost|p2a: Hydrapple|spa|2
|
|upkeep
|turn|3
|inactive|Battle timer is ON: inactive players will automatically lose when time's up. (requested by Gubbly Wubbles)
|
|t:|1779644778
|switch|p2a: Great Tusk|Great Tusk|100/100
|move|p1a: Galvantula|Sticky Web|p2a: Great Tusk
|-sidestart|p2: Gubbly Wubbles|move: Sticky Web
|
|upkeep
|turn|4
|
|t:|1779644791
|-terastallize|p1a: Galvantula|Ghost
|move|p1a: Galvantula|Energy Ball|p2a: Great Tusk
|-supereffective|p2a: Great Tusk
|-damage|p2a: Great Tusk|17/100
|move|p2a: Great Tusk|Headlong Rush|p1a: Galvantula
|-damage|p1a: Galvantula|0 fnt
|-unboost|p2a: Great Tusk|def|1
|-unboost|p2a: Great Tusk|spd|1
|faint|p1a: Galvantula
|-enditem|p2a: Great Tusk|Eject Pack
|
|t:|1779644809
|-end|p2a: Great Tusk|Protosynthesis|[silent]
|switch|p2a: Moltres|Moltres|100/100
|
|upkeep
|
|t:|1779644825
|switch|p1a: Pawmot|Pawmot, F, shiny|100/100
|turn|5
|
|t:|1779644834
|switch|p2a: Great Tusk|Great Tusk|17/100
|-activate|p2a: Great Tusk|move: Sticky Web
|-unboost|p2a: Great Tusk|spe|1
|move|p1a: Pawmot|Double Shock|p2a: Great Tusk
|-immune|p2a: Great Tusk
|
|upkeep
|turn|6
|
|t:|1779644845
|-terastallize|p2a: Great Tusk|Ghost
|move|p1a: Pawmot|Ice Punch|p2a: Great Tusk
|-damage|p2a: Great Tusk|0 fnt
|faint|p2a: Great Tusk
|-end|p2a: Great Tusk|Protosynthesis|[silent]
|-damage|p1a: Pawmot|91/100|[from] item: Life Orb
|
|upkeep
|
|t:|1779644853
|switch|p2a: Kermit|Heatran, F|100/100
|-activate|p2a: Kermit|move: Sticky Web
|-unboost|p2a: Kermit|spe|1
|turn|7
|
|t:|1779644869
|switch|p1a: Dragapult|Dragapult, M|100/100
|move|p2a: Kermit|Magma Storm|p1a: Dragapult
|-resisted|p1a: Dragapult
|-damage|p1a: Dragapult|70/100
|-activate|p1a: Dragapult|move: Magma Storm|[of] p2a: Kermit
|
|-damage|p1a: Dragapult|57/100|[from] move: Magma Storm|[partiallytrapped]
|upkeep
|turn|8
|
|t:|1779644878
|move|p1a: Dragapult|Surf|p2a: Kermit
|-supereffective|p2a: Kermit
|-damage|p2a: Kermit|56/100
|move|p2a: Kermit|Will-O-Wisp|p1a: Dragapult
|-status|p1a: Dragapult|brn
|
|-heal|p2a: Kermit|62/100|[from] item: Leftovers
|-damage|p1a: Dragapult|51/100 brn|[from] brn
|-damage|p1a: Dragapult|38/100 brn|[from] move: Magma Storm|[partiallytrapped]
|upkeep
|turn|9
|
|t:|1779644891
|move|p2a: Kermit|Protect|p2a: Kermit
|-singleturn|p2a: Kermit|Protect
|move|p1a: Dragapult|Surf|p2a: Kermit
|-activate|p2a: Kermit|move: Protect
|
|-heal|p2a: Kermit|68/100|[from] item: Leftovers
|-damage|p1a: Dragapult|32/100 brn|[from] brn
|-damage|p1a: Dragapult|20/100 brn|[from] move: Magma Storm|[partiallytrapped]
|upkeep
|turn|10
|
|t:|1779644911
|switch|p1a: Great Tusk|Great Tusk|100/100
|move|p2a: Kermit|Stealth Rock|p1a: Great Tusk
|-sidestart|p1: SemperMamba|move: Stealth Rock
|
|-heal|p2a: Kermit|75/100|[from] item: Leftovers
|upkeep
|turn|11
|
|t:|1779644930
|switch|p2a: Moltres|Moltres|100/100
|move|p1a: Great Tusk|Rapid Spin|p2a: Moltres
|-crit|p2a: Moltres
|-damage|p2a: Moltres|74/100
|-boost|p1a: Great Tusk|spe|1
|-status|p1a: Great Tusk|brn|[from] ability: Flame Body|[of] p2a: Moltres
|-sideend|p1: SemperMamba|Stealth Rock|[from] move: Rapid Spin|[of] p1a: Great Tusk
|
|-damage|p1a: Great Tusk|94/100 brn|[from] brn
|upkeep
|turn|12
|inactive|Gubbly Wubbles has 120 seconds left.
|l|☆Gubbly Wubbles
|inactive|Gubbly Wubbles disconnected and has a minute to reconnect!
|player|p2|
|inactive|Gubbly Wubbles has 30 seconds to reconnect!
|inactive|Gubbly Wubbles has 20 seconds to reconnect!
|inactive|Gubbly Wubbles has 15 seconds to reconnect!
|inactive|Gubbly Wubbles has 10 seconds to reconnect!
|inactive|Gubbly Wubbles has 5 seconds to reconnect!
|-message|Gubbly Wubbles lost due to inactivity.
|
|win|SemperMamba
|raw|SemperMamba's rating: 1258 &rarr; <strong>1287</strong><br />(+29 for winning)
|raw|Gubbly Wubbles's rating: 1316 &rarr; <strong>1293</strong><br />(-23 for losing)
|l|☆SemperMamba
|player|p1|
