|j|☆parisjoaolucofc
|j|☆6767aurajacket
|t:|1779564054
|gametype|singles
|player|p1|parisjoaolucofc|169|1211
|player|p2|6767aurajacket|fisherman-gen4|1173
|gen|9
|tier|[Gen 9] OU
|rated|
|rule|HP Percentage Mod: HP is shown in percentages
|rule|Endless Battle Clause: Forcing endless battles is banned
|rule|Species Clause: Limit one of each Pokémon
|rule|OHKO Clause: OHKO moves are banned
|rule|Evasion Items Clause: Evasion items are banned
|rule|Evasion Moves Clause: Evasion moves are banned
|rule|Evasion Abilities Clause: Evasion abilities are banned
|rule|Sleep Moves Clause: Sleep-inducing moves are banned
|clearpoke
|poke|p1|Dragonite, M|
|poke|p1|Umbreon, M|
|poke|p1|Azumarill, F|
|poke|p1|Mienshao, M|
|poke|p1|Corviknight, F|
|poke|p1|Rotom-Wash|
|poke|p2|Blaziken, F|
|poke|p2|Iron Treads|
|poke|p2|Zamazenta-*|
|poke|p2|Swampert, F|
|poke|p2|Venomoth, M|
|poke|p2|Polteageist|
|teampreview
|inactive|Battle timer is ON: inactive players will automatically lose when time's up. (requested by 6767aurajacket)
|
|t:|1779564080
|teamsize|p1|6
|teamsize|p2|6
|start
|switch|p1a: Umbreon|Umbreon, M, shiny|100/100
|switch|p2a: Polteageist|Polteageist, shiny|100/100
|turn|1
|
|t:|1779564094
|switch|p2a: larpazenta|Zamazenta|100/100
|-ability|p2a: larpazenta|Dauntless Shield|boost
|-boost|p2a: larpazenta|def|1
|move|p1a: Umbreon|Foul Play|p2a: larpazenta
|-resisted|p2a: larpazenta
|-damage|p2a: larpazenta|92/100
|
|-heal|p2a: larpazenta|98/100|[from] item: Leftovers
|upkeep
|turn|2
|
|t:|1779564102
|move|p2a: larpazenta|Iron Defense|p2a: larpazenta
|-boost|p2a: larpazenta|def|2
|move|p1a: Umbreon|Toxic|p2a: larpazenta|[miss]
|-miss|p1a: Umbreon|p2a: larpazenta
|
|-heal|p2a: larpazenta|100/100|[from] item: Leftovers
|upkeep
|turn|3
|
|t:|1779564106
|move|p2a: larpazenta|Body Press|p1a: Umbreon
|-supereffective|p1a: Umbreon
|-damage|p1a: Umbreon|0 fnt
|faint|p1a: Umbreon
|
|upkeep
|inactive|parisjoaolucofc has 120 seconds left.
|
|t:|1779564137
|switch|p1a: Rotom|Rotom-Wash|100/100
|turn|4
|c|☆6767aurajacket|bro move u take 1 minute evry time
|
|t:|1779564148
|move|p2a: larpazenta|Iron Defense|p2a: larpazenta
|-boost|p2a: larpazenta|def|2
|move|p1a: Rotom|Will-O-Wisp|p2a: larpazenta
|-status|p2a: larpazenta|brn
|
|-damage|p2a: larpazenta|94/100 brn|[from] brn
|upkeep
|turn|5
|inactive|parisjoaolucofc has 120 seconds left.
|
|t:|1779564185
|move|p2a: larpazenta|Iron Defense|p2a: larpazenta
|-boost|p2a: larpazenta|def|1
|move|p1a: Rotom|Hydro Pump|p2a: larpazenta
|-damage|p2a: larpazenta|59/100 brn
|
|-heal|p2a: larpazenta|66/100 brn|[from] item: Leftovers
|-damage|p2a: larpazenta|59/100 brn|[from] brn
|upkeep
|turn|6
|l|☆parisjoaolucofc
|inactive|parisjoaolucofc disconnected and has a minute to reconnect!
|player|p1|
|c|☆6767aurajacket|every time bro u gotta be ragebaiting me
|j|☆parisjoaolucofc
|inactive|parisjoaolucofc reconnected and has 100 seconds left.
|player|p1|parisjoaolucofc|169|
|
|t:|1779564214
|move|p2a: larpazenta|Agility|p2a: larpazenta
|-boost|p2a: larpazenta|spe|2
|move|p1a: Rotom|Pain Split|p2a: larpazenta
|-sethp|p2a: larpazenta|77/100 brn|[from] move: Pain Split|[silent]
|-sethp|p1a: Rotom|82/100|[from] move: Pain Split
|
|-heal|p2a: larpazenta|83/100 brn|[from] item: Leftovers
|-heal|p1a: Rotom|88/100|[from] item: Leftovers
|-damage|p2a: larpazenta|77/100 brn|[from] brn
|upkeep
|turn|7
|c|☆6767aurajacket|i ain’t quitting yk? i canw ait all day
|
|t:|1779564222
|move|p2a: larpazenta|Body Press|p1a: Rotom
|-crit|p1a: Rotom
|-damage|p1a: Rotom|0 fnt
|faint|p1a: Rotom
|
|-heal|p2a: larpazenta|83/100 brn|[from] item: Leftovers
|-damage|p2a: larpazenta|77/100 brn|[from] brn
|upkeep
|c|☆parisjoaolucofc|Cd
|c|☆parisjoaolucofc|Xd*
|inactive|parisjoaolucofc has 90 seconds left.
|
|t:|1779564251
|switch|p1a: Dragonite|Dragonite, M|100/100
|turn|8
|inactive|parisjoaolucofc has 90 seconds left.
|c|☆6767aurajacket|ez win
|
|t:|1779564261
|move|p2a: larpazenta|Body Press|p1a: Dragonite
|-resisted|p1a: Dragonite
|-damage|p1a: Dragonite|78/100
|move|p1a: Dragonite|Dragon Dance|p1a: Dragonite
|-boost|p1a: Dragonite|atk|1
|-boost|p1a: Dragonite|spe|1
|
|-heal|p2a: larpazenta|83/100 brn|[from] item: Leftovers
|-damage|p2a: larpazenta|77/100 brn|[from] brn
|upkeep
|turn|9
|
|t:|1779564266
|move|p2a: larpazenta|Body Press|p1a: Dragonite
|-resisted|p1a: Dragonite
|-crit|p1a: Dragonite
|-damage|p1a: Dragonite|15/100
|move|p1a: Dragonite|Dragon Dance|p1a: Dragonite
|-boost|p1a: Dragonite|atk|1
|-boost|p1a: Dragonite|spe|1
|
|-heal|p2a: larpazenta|83/100 brn|[from] item: Leftovers
|-damage|p2a: larpazenta|77/100 brn|[from] brn
|upkeep
|turn|10
|
|t:|1779564275
|-terastallize|p1a: Dragonite|Normal
|move|p1a: Dragonite|Extreme Speed|p2a: larpazenta
|-damage|p2a: larpazenta|57/100 brn
|move|p2a: larpazenta|Body Press|p1a: Dragonite
|-supereffective|p1a: Dragonite
|-damage|p1a: Dragonite|0 fnt
|faint|p1a: Dragonite
|
|-heal|p2a: larpazenta|63/100 brn|[from] item: Leftovers
|-damage|p2a: larpazenta|57/100 brn|[from] brn
|upkeep
|c|☆6767aurajacket|easy
|
|t:|1779564280
|switch|p1a: Azumarill|Azumarill, F|100/100
|turn|11
|
|t:|1779564286
|move|p2a: larpazenta|Body Press|p1a: Azumarill
|-resisted|p1a: Azumarill
|-damage|p1a: Azumarill|53/100
|move|p1a: Azumarill|Play Rough|p2a: larpazenta
|-supereffective|p2a: larpazenta
|-damage|p2a: larpazenta|34/100 brn
|
|-heal|p2a: larpazenta|40/100 brn|[from] item: Leftovers
|-damage|p2a: larpazenta|34/100 brn|[from] brn
|upkeep
|turn|12
|inactive|parisjoaolucofc has 120 seconds left.
|
|t:|1779564293
|move|p2a: larpazenta|Body Press|p1a: Azumarill
|-resisted|p1a: Azumarill
|-damage|p1a: Azumarill|11/100
|-enditem|p1a: Azumarill|Sitrus Berry|[eat]
|-heal|p1a: Azumarill|36/100|[from] item: Sitrus Berry
|move|p1a: Azumarill|Play Rough|p2a: larpazenta
|-supereffective|p2a: larpazenta
|-damage|p2a: larpazenta|13/100 brn
|
|-heal|p2a: larpazenta|20/100 brn|[from] item: Leftovers
|-damage|p2a: larpazenta|13/100 brn|[from] brn
|upkeep
|turn|13
|c|☆parisjoaolucofc|Yep
|inactive|parisjoaolucofc has 120 seconds left.
|
|t:|1779564308
|move|p1a: Azumarill|Aqua Jet|p2a: larpazenta
|-damage|p2a: larpazenta|8/100 brn
|move|p2a: larpazenta|Body Press|p1a: Azumarill
|-resisted|p1a: Azumarill
|-damage|p1a: Azumarill|0 fnt
|faint|p1a: Azumarill
|
|-heal|p2a: larpazenta|15/100 brn|[from] item: Leftovers
|-damage|p2a: larpazenta|8/100 brn|[from] brn
|upkeep
|
|t:|1779564318
|switch|p1a: Corviknight|Corviknight, F|100/100
|-ability|p1a: Corviknight|Pressure
|turn|14
|
|t:|1779564323
|move|p2a: larpazenta|Body Press|p1a: Corviknight
|-damage|p1a: Corviknight|56/100
|-damage|p2a: larpazenta|0 fnt|[from] item: Rocky Helmet|[of] p1a: Corviknight
|faint|p2a: larpazenta
|move|p1a: Corviknight|Roost|p1a: Corviknight
|-heal|p1a: Corviknight|100/100
|-singleturn|p1a: Corviknight|move: Roost
|
|upkeep
|
|t:|1779564328
|switch|p2a: Blaziken|Blaziken, F|100/100
|turn|15
|
|t:|1779564334
|move|p2a: Blaziken|Bulk Up|p2a: Blaziken
|-boost|p2a: Blaziken|atk|1
|-boost|p2a: Blaziken|def|1
|move|p1a: Corviknight|Brave Bird|p2a: Blaziken
|-supereffective|p2a: Blaziken
|-damage|p2a: Blaziken|29/100
|-damage|p1a: Corviknight|83/100|[from] Recoil
|
|-heal|p2a: Blaziken|35/100|[from] item: Leftovers
|-ability|p2a: Blaziken|Speed Boost|boost
|-boost|p2a: Blaziken|spe|1
|upkeep
|turn|16
|
|t:|1779564345
|move|p2a: Blaziken|Blaze Kick|p1a: Corviknight
|-supereffective|p1a: Corviknight
|-crit|p1a: Corviknight
|-damage|p1a: Corviknight|0 fnt
|-damage|p2a: Blaziken|18/100|[from] item: Rocky Helmet|[of] p1a: Corviknight
|faint|p1a: Corviknight
|
|-heal|p2a: Blaziken|24/100|[from] item: Leftovers
|-ability|p2a: Blaziken|Speed Boost|boost
|-boost|p2a: Blaziken|spe|1
|upkeep
|
|t:|1779564347
|switch|p1a: Mienshao|Mienshao, M|100/100
|turn|17
|
|t:|1779564357
|move|p2a: Blaziken|Bulk Up|p2a: Blaziken
|-boost|p2a: Blaziken|atk|1
|-boost|p2a: Blaziken|def|1
|move|p1a: Mienshao|Substitute|p1a: Mienshao
|-start|p1a: Mienshao|Substitute
|-damage|p1a: Mienshao|76/100
|
|-heal|p2a: Blaziken|30/100|[from] item: Leftovers
|-heal|p1a: Mienshao|82/100|[from] item: Leftovers
|-ability|p2a: Blaziken|Speed Boost|boost
|-boost|p2a: Blaziken|spe|1
|upkeep
|turn|18
|
|t:|1779564366
|move|p2a: Blaziken|Earthquake|p1a: Mienshao
|-end|p1a: Mienshao|Substitute
|move|p1a: Mienshao|High Jump Kick|p2a: Blaziken
|-damage|p2a: Blaziken|0 fnt
|faint|p2a: Blaziken
|
|-heal|p1a: Mienshao|88/100|[from] item: Leftovers
|upkeep
|
|t:|1779564371
|switch|p2a: Polteageist|Polteageist, shiny|100/100
|turn|19
|
|t:|1779564377
|move|p1a: Mienshao|Substitute|p1a: Mienshao
|-start|p1a: Mienshao|Substitute
|-damage|p1a: Mienshao|63/100
|move|p2a: Polteageist|Shell Smash|p2a: Polteageist
|-unboost|p2a: Polteageist|def|1
|-unboost|p2a: Polteageist|spd|1
|-boost|p2a: Polteageist|atk|2
|-boost|p2a: Polteageist|spa|2
|-boost|p2a: Polteageist|spe|2
|-enditem|p2a: Polteageist|White Herb
|-clearnegativeboost|p2a: Polteageist|[silent]
|
|-heal|p1a: Mienshao|69/100|[from] item: Leftovers
|upkeep
|turn|20
|
|t:|1779564380
|move|p2a: Polteageist|Stored Power|p1a: Mienshao
|-supereffective|p1a: Mienshao
|-end|p1a: Mienshao|Substitute
|move|p1a: Mienshao|Hone Claws|p1a: Mienshao
|-boost|p1a: Mienshao|atk|1
|-boost|p1a: Mienshao|accuracy|1
|
|-heal|p1a: Mienshao|75/100|[from] item: Leftovers
|upkeep
|turn|21
|
|t:|1779564386
|move|p2a: Polteageist|Stored Power|p1a: Mienshao
|-supereffective|p1a: Mienshao
|-damage|p1a: Mienshao|0 fnt
|faint|p1a: Mienshao
|
|win|6767aurajacket
|raw|parisjoaolucofc's rating: 1211 &rarr; <strong>1183</strong><br />(-28 for losing)
|raw|6767aurajacket's rating: 1173 &rarr; <strong>1201</strong><br />(+28 for winning)
|c|☆6767aurajacket|ez
|c|☆parisjoaolucofc|L
|c|☆6767aurajacket|u lost brw
|l|☆parisjoaolucofc
|player|p1|
|c|☆6767aurajacket|go cry
|l|☆6767aurajacket
|player|p2|
