|j|☆yazub
|j|☆CantFindExplain
|t:|1779683032
|gametype|singles
|player|p1|yazub|boarder|1302
|player|p2|CantFindExplain|102|1372
|gen|9
|tier|[Gen 9] OU
|rated|
|rule|HP Percentage Mod: HP is shown in percentages
|rule|Endless Battle Clause: Forcing endless battles is banned
|rule|Species Clause: Limit one of each Pokémon
|rule|OHKO Clause: OHKO moves are banned
|rule|Evasion Items Clause: Evasion items are banned
|rule|Evasion Moves Clause: Evasion moves are banned
|rule|Evasion Abilities Clause: Evasion abilities are banned
|rule|Sleep Moves Clause: Sleep-inducing moves are banned
|clearpoke
|poke|p1|Darkrai|
|poke|p1|Garchomp, M|
|poke|p1|Alomomola, F|
|poke|p1|Corviknight, M|
|poke|p1|Weezing-Galar, F|
|poke|p1|Ogerpon, F|
|poke|p2|Dragapult, F|
|poke|p2|Garganacl, M|
|poke|p2|Ogerpon-Wellspring, F|
|poke|p2|Zamazenta-*|
|poke|p2|Zapdos|
|poke|p2|Iron Treads|
|teampreview
|
|t:|1779683071
|teamsize|p1|6
|teamsize|p2|6
|start
|switch|p1a: Corviknight|Corviknight, M|100/100
|switch|p2a: Dragapult|Dragapult, F|100/100
|-ability|p1a: Corviknight|Pressure
|turn|1
|inactive|Battle timer is ON: inactive players will automatically lose when time's up. (requested by CantFindExplain)
|
|t:|1779683097
|switch|p1a: Alomomola|Alomomola, F|100/100
|move|p2a: Dragapult|Flamethrower|p1a: Alomomola
|-resisted|p1a: Alomomola
|-damage|p1a: Alomomola|91/100
|
|upkeep
|turn|2
|
|t:|1779683118
|switch|p2a: Garganacl|Garganacl, M|100/100
|move|p1a: Alomomola|Flip Turn|p2a: Garganacl
|-supereffective|p2a: Garganacl
|-damage|p2a: Garganacl|80/100
|
|t:|1779683126
|switch|p1a: Garchomp|Garchomp, M|100/100|[from] Flip Turn
|
|-heal|p2a: Garganacl|86/100|[from] item: Leftovers
|upkeep
|turn|3
|
|t:|1779683145
|move|p1a: Garchomp|Stealth Rock|p2a: Garganacl
|-sidestart|p2: CantFindExplain|move: Stealth Rock
|move|p2a: Garganacl|Salt Cure|p1a: Garchomp
|-resisted|p1a: Garchomp
|-damage|p1a: Garchomp|96/100
|-start|p1a: Garchomp|Salt Cure
|
|-heal|p2a: Garganacl|92/100|[from] item: Leftovers
|-damage|p1a: Garchomp|84/100|[from] Salt Cure
|upkeep
|turn|4
|inactive|CantFindExplain has 120 seconds left.
|
|t:|1779683180
|switch|p2a: Ogerpon|Ogerpon-Wellspring, F|100/100
|-damage|p2a: Ogerpon|88/100|[from] Stealth Rock
|move|p1a: Garchomp|Earthquake|p2a: Ogerpon
|-resisted|p2a: Ogerpon
|-damage|p2a: Ogerpon|58/100
|
|-damage|p1a: Garchomp|71/100|[from] Salt Cure
|upkeep
|turn|5
|inactive|CantFindExplain has 120 seconds left.
|
|t:|1779683191
|switch|p1a: Weezing|Weezing-Galar, F|100/100
|-ability|p1a: Weezing|Neutralizing Gas
|move|p2a: Ogerpon|Ivy Cudgel|p1a: Weezing|[anim] Ivy Cudgel Water
|-damage|p1a: Weezing|64/100
|
|-heal|p1a: Weezing|70/100|[from] item: Leftovers
|upkeep
|turn|6
|
|t:|1779683201
|move|p2a: Ogerpon|U-turn|p1a: Weezing
|-resisted|p1a: Weezing
|-damage|p1a: Weezing|66/100
|
|t:|1779683204
|switch|p2a: Iron Treads|Iron Treads|100/100|[from] U-turn
|-damage|p2a: Iron Treads|98/100|[from] Stealth Rock
|move|p1a: Weezing|Sludge Bomb|p2a: Iron Treads
|-immune|p2a: Iron Treads
|
|-heal|p2a: Iron Treads|100/100|[from] item: Leftovers
|-heal|p1a: Weezing|72/100|[from] item: Leftovers
|upkeep
|turn|7
|
|t:|1779683214
|-end|p1a: Weezing|ability: Neutralizing Gas
|switch|p1a: Corviknight|Corviknight, M|100/100
|-ability|p1a: Corviknight|Pressure
|move|p2a: Iron Treads|Stealth Rock|p1a: Corviknight
|-sidestart|p1: yazub|move: Stealth Rock
|
|upkeep
|turn|8
|
|t:|1779683230
|move|p2a: Iron Treads|Knock Off|p1a: Corviknight
|-damage|p1a: Corviknight|80/100
|-enditem|p1a: Corviknight|Leftovers|[from] move: Knock Off|[of] p2a: Iron Treads
|move|p1a: Corviknight|Defog|p2a: Iron Treads
|-unboost|p2a: Iron Treads|evasion|1
|-sideend|p2: CantFindExplain|Stealth Rock|[from] move: Defog|[of] p1a: Corviknight
|-sideend|p1: yazub|Stealth Rock|[from] move: Defog|[of] p1a: Corviknight
|
|upkeep
|turn|9
|
|t:|1779683237
|move|p2a: Iron Treads|Stealth Rock|p1a: Corviknight
|-sidestart|p1: yazub|move: Stealth Rock
|move|p1a: Corviknight|U-turn|p2a: Iron Treads
|-resisted|p2a: Iron Treads
|-damage|p2a: Iron Treads|95/100
|
|t:|1779683258
|switch|p1a: Darkrai|Darkrai|100/100|[from] U-turn
|-damage|p1a: Darkrai|88/100|[from] Stealth Rock
|
|-heal|p2a: Iron Treads|100/100|[from] item: Leftovers
|upkeep
|turn|10
|inactive|CantFindExplain has 120 seconds left.
|
|t:|1779683301
|-end|p2a: Iron Treads|Quark Drive|[silent]
|switch|p2a: Zamazenta|Zamazenta|100/100
|-ability|p2a: Zamazenta|Dauntless Shield|boost
|-boost|p2a: Zamazenta|def|1
|-terastallize|p1a: Darkrai|Dark
|move|p1a: Darkrai|Dark Pulse|p2a: Zamazenta
|-resisted|p2a: Zamazenta
|-damage|p2a: Zamazenta|65/100
|
|-heal|p2a: Zamazenta|71/100|[from] item: Leftovers
|upkeep
|turn|11
|
|t:|1779683311
|switch|p1a: Corviknight|Corviknight, M|80/100
|-damage|p1a: Corviknight|68/100|[from] Stealth Rock
|-ability|p1a: Corviknight|Pressure
|move|p2a: Zamazenta|Body Press|p1a: Corviknight
|-damage|p1a: Corviknight|26/100
|
|-heal|p2a: Zamazenta|77/100|[from] item: Leftovers
|upkeep
|turn|12
|inactive|yazub has 120 seconds left.
|
|t:|1779683334
|switch|p1a: Garchomp|Garchomp, M|71/100
|-damage|p1a: Garchomp|65/100|[from] Stealth Rock
|move|p2a: Zamazenta|Body Press|p1a: Garchomp
|-damage|p1a: Garchomp|31/100
|-damage|p2a: Zamazenta|65/100|[from] ability: Rough Skin|[of] p1a: Garchomp
|-damage|p2a: Zamazenta|48/100|[from] item: Rocky Helmet|[of] p1a: Garchomp
|
|-heal|p2a: Zamazenta|54/100|[from] item: Leftovers
|upkeep
|turn|13
|inactive|yazub has 120 seconds left.
|
|t:|1779683348
|move|p2a: Zamazenta|Body Press|p1a: Garchomp
|-damage|p1a: Garchomp|0 fnt
|-damage|p2a: Zamazenta|42/100|[from] ability: Rough Skin|[of] p1a: Garchomp
|-damage|p2a: Zamazenta|25/100|[from] item: Rocky Helmet|[of] p1a: Garchomp
|faint|p1a: Garchomp
|
|-heal|p2a: Zamazenta|32/100|[from] item: Leftovers
|upkeep
|
|t:|1779683361
|switch|p1a: Alomomola|Alomomola, F|100/100
|-damage|p1a: Alomomola|88/100|[from] Stealth Rock
|turn|14
|
|t:|1779683375
|switch|p2a: Ogerpon|Ogerpon-Wellspring, F|58/100
|move|p1a: Alomomola|Flip Turn|p2a: Ogerpon
|-heal|p2a: Ogerpon|83/100|[from] ability: Water Absorb|[of] p1a: Alomomola
|
|upkeep
|turn|15
|
|t:|1779683392
|switch|p1a: Corviknight|Corviknight, M|26/100
|-damage|p1a: Corviknight|14/100|[from] Stealth Rock
|-ability|p1a: Corviknight|Pressure
|move|p2a: Ogerpon|Horn Leech|p1a: Corviknight
|-resisted|p1a: Corviknight
|-damage|p1a: Corviknight|5/100
|-heal|p2a: Ogerpon|89/100|[from] drain|[of] p1a: Corviknight
|
|upkeep
|turn|16
|inactive|yazub has 120 seconds left.
|
|t:|1779683402
|move|p2a: Ogerpon|Horn Leech|p1a: Corviknight
|-resisted|p1a: Corviknight
|-damage|p1a: Corviknight|0 fnt
|-heal|p2a: Ogerpon|92/100|[from] drain|[of] p1a: Corviknight
|faint|p1a: Corviknight
|
|upkeep
|inactive|yazub has 120 seconds left.
|
|t:|1779683425
|switch|p1a: Darkrai|Darkrai, tera:Dark|88/100
|-damage|p1a: Darkrai|76/100|[from] Stealth Rock
|turn|17
|inactive|CantFindExplain has 120 seconds left.
|
|t:|1779683473
|switch|p2a: Garganacl|Garganacl, M|92/100
|move|p1a: Darkrai|Dark Pulse|p2a: Garganacl
|-damage|p2a: Garganacl|31/100
|
|-heal|p2a: Garganacl|37/100|[from] item: Leftovers
|upkeep
|turn|18
|inactive|CantFindExplain has 90 seconds left.
|
|t:|1779683500
|-terastallize|p2a: Garganacl|Fairy
|move|p1a: Darkrai|Dark Pulse|p2a: Garganacl
|-resisted|p2a: Garganacl
|-damage|p2a: Garganacl|10/100
|move|p2a: Garganacl|Recover|p2a: Garganacl
|-heal|p2a: Garganacl|60/100
|
|-heal|p2a: Garganacl|66/100|[from] item: Leftovers
|upkeep
|turn|19
|inactive|yazub has 120 seconds left.
|
|t:|1779683512
|switch|p1a: Weezing|Weezing-Galar, F|72/100
|-ability|p1a: Weezing|Neutralizing Gas
|-damage|p1a: Weezing|59/100|[from] Stealth Rock
|move|p2a: Garganacl|Salt Cure|p1a: Weezing
|-damage|p1a: Weezing|50/100
|-start|p1a: Weezing|Salt Cure
|
|-heal|p1a: Weezing|56/100|[from] item: Leftovers
|-heal|p2a: Garganacl|72/100|[from] item: Leftovers
|-damage|p1a: Weezing|44/100|[from] Salt Cure
|upkeep
|turn|20
|inactive|yazub has 120 seconds left.
|
|t:|1779683523
|switch|p2a: Iron Treads|Iron Treads|100/100
|move|p1a: Weezing|Pain Split|p2a: Iron Treads
|-sethp|p2a: Iron Treads|69/100|[from] move: Pain Split|[silent]
|-sethp|p1a: Weezing|80/100|[from] move: Pain Split
|
|-heal|p2a: Iron Treads|75/100|[from] item: Leftovers
|-heal|p1a: Weezing|86/100|[from] item: Leftovers
|-damage|p1a: Weezing|73/100|[from] Salt Cure
|upkeep
|turn|21
|inactive|yazub has 120 seconds left.
|
|t:|1779683531
|-end|p1a: Weezing|ability: Neutralizing Gas
|switch|p1a: Ogerpon|Ogerpon, F|100/100
|-damage|p1a: Ogerpon|88/100|[from] Stealth Rock
|move|p2a: Iron Treads|Earthquake|p1a: Ogerpon
|-resisted|p1a: Ogerpon
|-damage|p1a: Ogerpon|63/100
|
|-heal|p2a: Iron Treads|81/100|[from] item: Leftovers
|upkeep
|turn|22
|inactive|yazub has 120 seconds left.
|
|t:|1779683544
|-end|p2a: Iron Treads|Quark Drive|[silent]
|switch|p2a: Zapdos|Zapdos|100/100
|move|p1a: Ogerpon|Ivy Cudgel|p2a: Zapdos
|-resisted|p2a: Zapdos
|-damage|p2a: Zapdos|84/100
|
|upkeep
|turn|23
|inactive|yazub has 120 seconds left.
|
|t:|1779683567
|switch|p1a: Alomomola|Alomomola, F|100/100
|-damage|p1a: Alomomola|88/100|[from] Stealth Rock
|move|p2a: Zapdos|Discharge|p1a: Alomomola
|-supereffective|p1a: Alomomola
|-damage|p1a: Alomomola|54/100
|
|upkeep
|turn|24
|
|t:|1779683576
|move|p2a: Zapdos|U-turn|p1a: Alomomola
|-damage|p1a: Alomomola|44/100
|
|t:|1779683578
|switch|p2a: Ogerpon|Ogerpon-Wellspring, F|92/100|[from] U-turn
|move|p1a: Alomomola|Mirror Coat||[still]
|-fail|p1a: Alomomola
|
|upkeep
|turn|25
|
|t:|1779683586
|move|p2a: Ogerpon|Ivy Cudgel|p1a: Alomomola|[anim] Ivy Cudgel Water
|-resisted|p1a: Alomomola
|-damage|p1a: Alomomola|22/100
|move|p1a: Alomomola|Body Slam|p2a: Ogerpon
|-damage|p2a: Ogerpon|73/100
|-status|p2a: Ogerpon|par
|
|upkeep
|turn|26
|
|t:|1779683596
|switch|p1a: Darkrai|Darkrai, tera:Dark|76/100
|-damage|p1a: Darkrai|63/100|[from] Stealth Rock
|cant|p2a: Ogerpon|par
|
|upkeep
|turn|27
|inactive|yazub has 120 seconds left.
|
|t:|1779683619
|move|p1a: Darkrai|Dark Pulse|p2a: Ogerpon
|-damage|p2a: Ogerpon|0 fnt
|faint|p2a: Ogerpon
|
|upkeep
|inactive|CantFindExplain has 120 seconds left.
|
|t:|1779683646
|switch|p2a: Zamazenta|Zamazenta|32/100
|turn|28
|
|t:|1779683649
|move|p2a: Zamazenta|Body Press|p1a: Darkrai
|-supereffective|p1a: Darkrai
|-damage|p1a: Darkrai|0 fnt
|faint|p1a: Darkrai
|
|-heal|p2a: Zamazenta|38/100|[from] item: Leftovers
|upkeep
|inactive|yazub has 120 seconds left.
|
|t:|1779683677
|switch|p1a: Weezing|Weezing-Galar, F|73/100
|-ability|p1a: Weezing|Neutralizing Gas
|-damage|p1a: Weezing|61/100|[from] Stealth Rock
|turn|29
|inactive|yazub has 120 seconds left.
|
|t:|1779683683
|switch|p2a: Iron Treads|Iron Treads|81/100
|move|p1a: Weezing|Will-O-Wisp|p2a: Iron Treads
|-status|p2a: Iron Treads|brn
|
|-heal|p2a: Iron Treads|87/100 brn|[from] item: Leftovers
|-heal|p1a: Weezing|67/100|[from] item: Leftovers
|-damage|p2a: Iron Treads|81/100 brn|[from] brn
|upkeep
|turn|30
|
|t:|1779683693
|-end|p1a: Weezing|ability: Neutralizing Gas
|switch|p1a: Ogerpon|Ogerpon, F|63/100
|-damage|p1a: Ogerpon|50/100|[from] Stealth Rock
|move|p2a: Iron Treads|Knock Off|p1a: Ogerpon
|-damage|p1a: Ogerpon|33/100
|-enditem|p1a: Ogerpon|Scope Lens|[from] move: Knock Off|[of] p2a: Iron Treads
|
|-heal|p2a: Iron Treads|87/100 brn|[from] item: Leftovers
|-damage|p2a: Iron Treads|81/100 brn|[from] brn
|upkeep
|turn|31
|
|t:|1779683704
|-end|p2a: Iron Treads|Quark Drive|[silent]
|switch|p2a: Zapdos|Zapdos|84/100
|move|p1a: Ogerpon|Swords Dance|p1a: Ogerpon
|-boost|p1a: Ogerpon|atk|2
|
|upkeep
|turn|32
|
|t:|1779683716
|move|p1a: Ogerpon|Knock Off|p2a: Zapdos
|-damage|p2a: Zapdos|36/100
|-enditem|p2a: Zapdos|Heavy-Duty Boots|[from] move: Knock Off|[of] p1a: Ogerpon
|move|p2a: Zapdos|U-turn|p1a: Ogerpon
|-supereffective|p1a: Ogerpon
|-damage|p1a: Ogerpon|0 fnt
|faint|p1a: Ogerpon
|
|t:|1779683725
|switch|p2a: Dragapult|Dragapult, F|100/100|[from] U-turn
|
|upkeep
|
|t:|1779683734
|switch|p1a: Alomomola|Alomomola, F|55/100
|-damage|p1a: Alomomola|43/100|[from] Stealth Rock
|turn|33
|
|t:|1779683741
|move|p2a: Dragapult|U-turn|p1a: Alomomola
|-damage|p1a: Alomomola|29/100
|-message|yazub forfeited.
|
|win|CantFindExplain
|raw|yazub's rating: 1302 &rarr; <strong>1286</strong><br />(-16 for losing)
|raw|CantFindExplain's rating: 1372 &rarr; <strong>1388</strong><br />(+16 for winning)
|l|☆yazub
|player|p1|
|l|☆CantFindExplain
|player|p2|
|j|☆yazub
|player|p1|yazub|boarder|
|j| Wobet (◕‿‿◕)
