|j|‽aaagislash
|j|☆NewGuy22222
|t:|1779611738
|gametype|singles
|player|p1|aaagislash|102|1274
|player|p2|NewGuy22222|169|1344
|gen|9
|tier|[Gen 9] OU
|rated|
|rule|HP Percentage Mod: HP is shown in percentages
|rule|Endless Battle Clause: Forcing endless battles is banned
|rule|Species Clause: Limit one of each Pokémon
|rule|OHKO Clause: OHKO moves are banned
|rule|Evasion Items Clause: Evasion items are banned
|rule|Evasion Moves Clause: Evasion moves are banned
|rule|Evasion Abilities Clause: Evasion abilities are banned
|rule|Sleep Moves Clause: Sleep-inducing moves are banned
|clearpoke
|poke|p1|Iron Treads|
|poke|p1|Sableye, M|
|poke|p1|Cinderace, M|
|poke|p1|Chandelure, F|
|poke|p1|Rillaboom, F|
|poke|p1|Deoxys-Speed|
|poke|p2|Samurott-Hisui, F|
|poke|p2|Slowking-Galar, M|
|poke|p2|Great Tusk|
|poke|p2|Iron Valiant|
|poke|p2|Corviknight, M|
|poke|p2|Gholdengo|
|teampreview
|inactive|Battle timer is ON: inactive players will automatically lose when time's up. (requested by NewGuy22222)
|
|t:|1779611751
|teamsize|p1|6
|teamsize|p2|6
|start
|switch|p1a: Cinderace|Cinderace, M|100/100
|switch|p2a: Samurott|Samurott-Hisui, F|100/100
|turn|1
|
|t:|1779611761
|move|p1a: Cinderace|U-turn|p2a: Samurott
|-start|p1a: Cinderace|typechange|Bug|[from] ability: Libero
|-supereffective|p2a: Samurott
|-damage|p2a: Samurott|20/100
|
|t:|1779611763
|switch|p1a: Rillaboom|Rillaboom, F|100/100|[from] U-turn
|-fieldstart|move: Grassy Terrain|[from] ability: Grassy Surge|[of] p1a: Rillaboom
|move|p2a: Samurott|Ceaseless Edge|p1a: Rillaboom
|-damage|p1a: Rillaboom|52/100
|-sidestart|p1: aaagislash|Spikes
|
|-heal|p1a: Rillaboom|58/100|[from] Grassy Terrain
|-heal|p2a: Samurott|26/100|[from] Grassy Terrain
|upkeep
|turn|2
|
|t:|1779611769
|switch|p1a: Cinderace|Cinderace, M|100/100
|switch|p2a: Corviknight|Corviknight, M|100/100
|-ability|p2a: Corviknight|Pressure
|
|upkeep
|turn|3
|
|t:|1779611773
|move|p1a: Cinderace|Court Change|p1a: Cinderace
|-start|p1a: Cinderace|typechange|Normal|[from] ability: Libero
|-swapsideconditions
|-activate|p1a: Cinderace|move: Court Change
|move|p2a: Corviknight|Defog|p1a: Cinderace
|-unboost|p1a: Cinderace|evasion|1
|-sideend|p2: NewGuy22222|Spikes|[from] move: Defog|[of] p2a: Corviknight
|-fieldend|move: Grassy Terrain
|
|upkeep
|turn|4
|
|t:|1779611778
|switch|p2a: Slowking|Slowking-Galar, M|100/100
|move|p1a: Cinderace|Will-O-Wisp|p2a: Slowking
|-status|p2a: Slowking|brn
|
|-damage|p2a: Slowking|94/100 brn|[from] brn
|upkeep
|turn|5
|
|t:|1779611783
|move|p1a: Cinderace|U-turn|p2a: Slowking
|-damage|p2a: Slowking|80/100 brn
|
|t:|1779611785
|switch|p1a: Chandelure|Chandelure, F|100/100|[from] U-turn
|-prepare|p2a: Slowking|Chilly Reception|[premajor]
|move|p2a: Slowking|Chilly Reception|p2a: Slowking
|-weather|Snowscape
|
|t:|1779611792
|switch|p2a: Samurott|Samurott-Hisui, F|26/100|[from] Chilly Reception
|
|-weather|Snowscape|[upkeep]
|upkeep
|turn|6
|
|t:|1779611794
|move|p1a: Chandelure|Shadow Ball|p2a: Samurott
|-resisted|p2a: Samurott
|-damage|p2a: Samurott|0 fnt
|faint|p2a: Samurott
|
|-weather|Snowscape|[upkeep]
|upkeep
|
|t:|1779611802
|switch|p2a: Corviknight|Corviknight, M|100/100
|-ability|p2a: Corviknight|Pressure
|turn|7
|
|t:|1779611804
|move|p1a: Chandelure|Shadow Ball|p2a: Corviknight
|-damage|p2a: Corviknight|71/100
|move|p2a: Corviknight|Brave Bird|p1a: Chandelure
|-damage|p1a: Chandelure|48/100
|-damage|p2a: Corviknight|59/100|[from] Recoil
|
|-weather|Snowscape|[upkeep]
|-heal|p2a: Corviknight|66/100|[from] item: Leftovers
|upkeep
|turn|8
|
|t:|1779611808
|switch|p1a: Cinderace|Cinderace, M|100/100
|move|p2a: Corviknight|Roost|p2a: Corviknight
|-heal|p2a: Corviknight|100/100
|-singleturn|p2a: Corviknight|move: Roost
|
|-weather|Snowscape|[upkeep]
|upkeep
|turn|9
|
|t:|1779611812
|switch|p2a: Slowking|Slowking-Galar, M|100/100 brn
|move|p1a: Cinderace|U-turn|p2a: Slowking
|-start|p1a: Cinderace|typechange|Bug|[from] ability: Libero
|-damage|p2a: Slowking|77/100 brn
|
|t:|1779611816
|switch|p1a: Sableye|Sableye, M|100/100|[from] U-turn
|
|-weather|none
|-damage|p2a: Slowking|71/100 brn|[from] brn
|upkeep
|turn|10
|
|t:|1779611823
|move|p1a: Sableye|Gravity|p1a: Sableye
|-fieldstart|move: Gravity
|-prepare|p2a: Slowking|Chilly Reception|[premajor]
|move|p2a: Slowking|Chilly Reception|p2a: Slowking
|-weather|Snowscape
|
|t:|1779611835
|switch|p2a: Iron Valiant|Iron Valiant|100/100|[from] Chilly Reception
|-enditem|p2a: Iron Valiant|Booster Energy
|-activate|p2a: Iron Valiant|ability: Quark Drive|[fromitem]
|-start|p2a: Iron Valiant|quarkdrivespe
|
|-weather|Snowscape|[upkeep]
|upkeep
|turn|11
|
|t:|1779611839
|-terastallize|p2a: Iron Valiant|Fairy
|move|p1a: Sableye|Thunder Wave|p2a: Iron Valiant
|-status|p2a: Iron Valiant|par
|move|p2a: Iron Valiant|Moonblast|p1a: Sableye
|-supereffective|p1a: Sableye
|-damage|p1a: Sableye|0 fnt
|faint|p1a: Sableye
|
|-weather|Snowscape|[upkeep]
|upkeep
|
|t:|1779611845
|switch|p1a: Chandelure|Chandelure, F|48/100
|turn|12
|
|t:|1779611851
|-end|p2a: Iron Valiant|Quark Drive|[silent]
|switch|p2a: Slowking|Slowking-Galar, M|100/100 brn
|move|p1a: Chandelure|Inferno|p2a: Slowking
|-damage|p2a: Slowking|54/100 brn
|
|-weather|Snowscape|[upkeep]
|-damage|p2a: Slowking|48/100 brn|[from] brn
|upkeep
|turn|13
|
|t:|1779611865
|move|p1a: Chandelure|Inferno|p2a: Slowking|[miss]
|-miss|p1a: Chandelure|p2a: Slowking
|-prepare|p2a: Slowking|Chilly Reception|[premajor]
|move|p2a: Slowking|Chilly Reception|p2a: Slowking
|
|t:|1779611871
|switch|p2a: Great Tusk|Great Tusk|100/100|[from] Chilly Reception
|
|-weather|Snowscape|[upkeep]
|upkeep
|turn|14
|
|t:|1779611873
|move|p1a: Chandelure|Inferno|p2a: Great Tusk|[miss]
|-miss|p1a: Chandelure|p2a: Great Tusk
|move|p2a: Great Tusk|Headlong Rush|p1a: Chandelure
|-supereffective|p1a: Chandelure
|-damage|p1a: Chandelure|0 fnt
|-unboost|p2a: Great Tusk|def|1
|-unboost|p2a: Great Tusk|spd|1
|faint|p1a: Chandelure
|
|-weather|none
|-fieldend|move: Gravity
|upkeep
|
|t:|1779611877
|switch|p1a: Deoxys|Deoxys-Speed|100/100
|-ability|p1a: Deoxys|Pressure
|turn|15
|
|t:|1779611882
|-end|p2a: Great Tusk|Protosynthesis|[silent]
|switch|p2a: Corviknight|Corviknight, M|100/100
|-ability|p2a: Corviknight|Pressure
|move|p1a: Deoxys|Gravity|p1a: Deoxys
|-fieldstart|move: Gravity
|
|upkeep
|turn|16
|
|t:|1779611887
|switch|p1a: Iron Treads|Iron Treads|100/100
|-enditem|p1a: Iron Treads|Booster Energy
|-activate|p1a: Iron Treads|ability: Quark Drive|[fromitem]
|-start|p1a: Iron Treads|quarkdriveatk
|move|p2a: Corviknight|U-turn|p1a: Iron Treads
|-resisted|p1a: Iron Treads
|-damage|p1a: Iron Treads|94/100
|
|t:|1779611890
|switch|p2a: Great Tusk|Great Tusk|100/100|[from] U-turn
|
|upkeep
|turn|17
|
|t:|1779611893
|-terastallize|p1a: Iron Treads|Bug
|move|p1a: Iron Treads|Rapid Spin|p2a: Great Tusk
|-damage|p2a: Great Tusk|84/100
|-boost|p1a: Iron Treads|spe|1
|move|p2a: Great Tusk|Headlong Rush|p1a: Iron Treads
|-resisted|p1a: Iron Treads
|-damage|p1a: Iron Treads|68/100
|-unboost|p2a: Great Tusk|def|1
|-unboost|p2a: Great Tusk|spd|1
|
|upkeep
|turn|18
|
|t:|1779611897
|move|p1a: Iron Treads|High Horsepower|p2a: Great Tusk
|-damage|p2a: Great Tusk|9/100
|move|p2a: Great Tusk|Rapid Spin|p1a: Iron Treads
|-damage|p1a: Iron Treads|52/100
|-boost|p2a: Great Tusk|spe|1
|
|upkeep
|turn|19
|
|t:|1779611903
|move|p1a: Iron Treads|High Horsepower|p2a: Great Tusk
|-damage|p2a: Great Tusk|0 fnt
|faint|p2a: Great Tusk
|-end|p2a: Great Tusk|Protosynthesis|[silent]
|
|-fieldend|move: Gravity
|upkeep
|
|t:|1779611905
|switch|p2a: Corviknight|Corviknight, M|100/100
|-ability|p2a: Corviknight|Pressure
|turn|20
|
|t:|1779611908
|-end|p1a: Iron Treads|Quark Drive|[silent]
|switch|p1a: Deoxys|Deoxys-Speed|100/100
|-ability|p1a: Deoxys|Pressure
|move|p2a: Corviknight|Brave Bird|p1a: Deoxys
|-damage|p1a: Deoxys|38/100
|-damage|p2a: Corviknight|88/100|[from] Recoil
|
|-heal|p2a: Corviknight|94/100|[from] item: Leftovers
|upkeep
|turn|21
|
|t:|1779611912
|switch|p1a: Cinderace|Cinderace, M|100/100
|move|p2a: Corviknight|U-turn|p1a: Cinderace
|-resisted|p1a: Cinderace
|-damage|p1a: Cinderace|90/100
|
|t:|1779611915
|switch|p2a: Slowking|Slowking-Galar, M|81/100 brn|[from] U-turn
|
|-damage|p2a: Slowking|75/100 brn|[from] brn
|upkeep
|turn|22
|
|t:|1779611923
|move|p1a: Cinderace|Pyro Ball|p2a: Slowking
|-crit|p2a: Slowking
|-damage|p2a: Slowking|20/100 brn
|move|p2a: Slowking|Sludge Bomb|p1a: Cinderace
|-damage|p1a: Cinderace|46/100
|
|-damage|p2a: Slowking|14/100 brn|[from] brn
|upkeep
|turn|23
|
|t:|1779611929
|move|p1a: Cinderace|Pyro Ball|p2a: Slowking
|-damage|p2a: Slowking|0 fnt
|faint|p2a: Slowking
|
|upkeep
|
|t:|1779611932
|switch|p2a: Iron Valiant|Iron Valiant, tera:Fairy|100/100 par
|turn|24
|
|t:|1779611938
|move|p1a: Cinderace|U-turn|p2a: Iron Valiant
|-start|p1a: Cinderace|typechange|Bug|[from] ability: Libero
|-resisted|p2a: Iron Valiant
|-crit|p2a: Iron Valiant
|-damage|p2a: Iron Valiant|69/100 par
|
|t:|1779611943
|switch|p1a: Iron Treads|Iron Treads, tera:Bug|52/100|[from] U-turn
|cant|p2a: Iron Valiant|par
|
|upkeep
|turn|25
|
|t:|1779611956
|-end|p1a: Iron Treads|Quark Drive|[silent]
|switch|p1a: Deoxys|Deoxys-Speed|38/100
|-ability|p1a: Deoxys|Pressure
|move|p2a: Iron Valiant|Moonblast|p1a: Deoxys
|-damage|p1a: Deoxys|0 fnt
|faint|p1a: Deoxys
|
|upkeep
|
|t:|1779611962
|switch|p1a: Cinderace|Cinderace, M|46/100
|turn|26
|
|t:|1779611965
|move|p1a: Cinderace|Pyro Ball|p2a: Iron Valiant
|-damage|p2a: Iron Valiant|2/100 par
|cant|p2a: Iron Valiant|par
|
|upkeep
|turn|27
|-message|NewGuy22222 forfeited.
|
|win|aaagislash
|raw|aaagislash's rating: 1274 &rarr; <strong>1304</strong><br />(+30 for winning)
|raw|NewGuy22222's rating: 1344 &rarr; <strong>1320</strong><br />(-24 for losing)
|l|☆NewGuy22222
|player|p2|
|l|‽aaagislash
|player|p1|
