|j|☆immaterial-light
|j|☆SillySushi
|t:|1779590543
|gametype|singles
|player|p1|immaterial-light|265|1387
|player|p2|SillySushi|maid|1370
|gen|9
|tier|[Gen 9] OU
|rated|
|rule|HP Percentage Mod: HP is shown in percentages
|rule|Endless Battle Clause: Forcing endless battles is banned
|rule|Species Clause: Limit one of each Pokémon
|rule|OHKO Clause: OHKO moves are banned
|rule|Evasion Items Clause: Evasion items are banned
|rule|Evasion Moves Clause: Evasion moves are banned
|rule|Evasion Abilities Clause: Evasion abilities are banned
|rule|Sleep Moves Clause: Sleep-inducing moves are banned
|clearpoke
|poke|p1|Cresselia, F|
|poke|p1|Hatterene, F|
|poke|p1|Iron Hands|
|poke|p1|Ursaluna, F|
|poke|p1|Clawitzer, M|
|poke|p1|Porygon2|
|poke|p2|Weezing-Galar, F|
|poke|p2|Landorus-Therian, M|
|poke|p2|Corviknight, M|
|poke|p2|Alomomola, M|
|poke|p2|Darkrai|
|poke|p2|Lokix, F|
|teampreview
|inactive|Battle timer is ON: inactive players will automatically lose when time's up. (requested by immaterial-light)
|
|t:|1779590551
|teamsize|p1|6
|teamsize|p2|6
|start
|switch|p1a: Clawitzer|Clawitzer, M|100/100
|switch|p2a: Darkrai|Darkrai|100/100
|turn|1
|inactive|SillySushi has 120 seconds left.
|
|t:|1779590595
|switch|p2a: Alomomola|Alomomola, M|100/100
|move|p1a: Clawitzer|Aura Sphere|p2a: Alomomola
|-damage|p2a: Alomomola|68/100
|
|upkeep
|turn|2
|
|t:|1779590603
|switch|p1a: Porygon2|Porygon2|100/100
|-ability|p1a: Porygon2|Download|boost
|-boost|p1a: Porygon2|spa|1
|move|p2a: Alomomola|Flip Turn|p1a: Porygon2
|-damage|p1a: Porygon2|90/100
|
|t:|1779590611
|switch|p2a: Lokix|Lokix, F|100/100|[from] Flip Turn
|
|upkeep
|turn|3
|
|t:|1779590618
|move|p2a: Lokix|Knock Off|p1a: Porygon2
|-damage|p1a: Porygon2|42/100
|-enditem|p1a: Porygon2|Eviolite|[from] move: Knock Off|[of] p2a: Lokix
|move|p1a: Porygon2|Trick Room|p1a: Porygon2
|-fieldstart|move: Trick Room|[of] p1a: Porygon2
|
|upkeep
|turn|4
|
|t:|1779590645
|switch|p1a: Clawitzer|Clawitzer, M|100/100
|move|p2a: Lokix|Knock Off|p1a: Clawitzer
|-damage|p1a: Clawitzer|28/100
|-enditem|p1a: Clawitzer|Choice Specs|[from] move: Knock Off|[of] p2a: Lokix
|
|upkeep
|turn|5
|
|t:|1779590650
|switch|p2a: Alomomola|Alomomola, M|100/100
|move|p1a: Clawitzer|Water Pulse|p2a: Alomomola
|-resisted|p2a: Alomomola
|-damage|p2a: Alomomola|86/100
|-start|p2a: Alomomola|confusion
|
|upkeep
|turn|6
|
|t:|1779590655
|switch|p1a: Iron Hands|Iron Hands|100/100
|-enditem|p1a: Iron Hands|Booster Energy
|-activate|p1a: Iron Hands|ability: Quark Drive|[fromitem]
|-start|p1a: Iron Hands|quarkdriveatk
|-activate|p2a: Alomomola|confusion
|-damage|p2a: Alomomola|82/100|[from] confusion
|
|upkeep
|turn|7
|
|t:|1779590663
|switch|p2a: Weezing|Weezing-Galar, F|100/100
|-ability|p2a: Weezing|Neutralizing Gas
|move|p1a: Iron Hands|Swords Dance|p1a: Iron Hands
|-boost|p1a: Iron Hands|atk|2
|
|-fieldend|move: Trick Room
|upkeep
|turn|8
|
|t:|1779590671
|move|p2a: Weezing|Will-O-Wisp|p1a: Iron Hands
|-status|p1a: Iron Hands|brn
|move|p1a: Iron Hands|Thunder Punch|p2a: Weezing
|-damage|p2a: Weezing|73/100
|
|-damage|p1a: Iron Hands|94/100 brn|[from] brn
|upkeep
|turn|9
|-message|immaterial-light forfeited.
|
|win|SillySushi
|raw|immaterial-light's rating: 1387 &rarr; <strong>1366</strong><br />(-21 for losing)
|raw|SillySushi's rating: 1370 &rarr; <strong>1391</strong><br />(+21 for winning)
|l|☆immaterial-light
|player|p1|
