|j|☆kaizer112
|j|☆KenjiShiguma
|t:|1779693271
|gametype|singles
|player|p1|kaizer112|dawn|1083
|player|p2|KenjiShiguma|pokemonbreeder-gen4|1066
|gen|9
|tier|[Gen 9] OU
|rated|
|rule|HP Percentage Mod: HP is shown in percentages
|rule|Endless Battle Clause: Forcing endless battles is banned
|rule|Species Clause: Limit one of each Pokémon
|rule|OHKO Clause: OHKO moves are banned
|rule|Evasion Items Clause: Evasion items are banned
|rule|Evasion Moves Clause: Evasion moves are banned
|rule|Evasion Abilities Clause: Evasion abilities are banned
|rule|Sleep Moves Clause: Sleep-inducing moves are banned
|clearpoke
|poke|p1|Azumarill, M|
|poke|p1|Hatterene, F|
|poke|p1|Abomasnow, M|
|poke|p1|Garchomp, M|
|poke|p1|Zoroark-Hisui, F|
|poke|p1|Froslass, F|
|poke|p2|Golduck, M|
|poke|p2|Porygon2|
|poke|p2|Gardevoir, F|
|poke|p2|Grumpig, F|
|poke|p2|Espeon, M|
|poke|p2|Toxapex, F|
|teampreview
|
|t:|1779693283
|teamsize|p1|6
|teamsize|p2|6
|start
|switch|p1a: Hatterene|Hatterene, F|100/100
|switch|p2a: Golduck|Golduck, M|100/100
|-ability|p2a: Golduck|Cloud Nine
|turn|1
|
|t:|1779693291
|move|p2a: Golduck|Whirlpool|p1a: Hatterene
|-damage|p1a: Hatterene|89/100
|-activate|p1a: Hatterene|move: Whirlpool|[of] p2a: Golduck
|move|p1a: Hatterene|Trick Room|p1a: Hatterene
|-fieldstart|move: Trick Room|[of] p1a: Hatterene
|
|-heal|p1a: Hatterene|95/100|[from] item: Leftovers
|-damage|p1a: Hatterene|83/100|[from] move: Whirlpool|[partiallytrapped]
|upkeep
|turn|2
|
|t:|1779693305
|switch|p2a: Porygon2|Porygon2|100/100
|-ability|p2a: Porygon2|Magic Bounce|Trace|[from] ability: Trace|[of] p1a: Hatterene
|move|p1a: Hatterene|Light Screen|p1a: Hatterene
|-sidestart|p1: kaizer112|move: Light Screen
|
|-heal|p1a: Hatterene|89/100|[from] item: Leftovers
|-end|p1a: Hatterene|Whirlpool|[partiallytrapped]|[silent]
|upkeep
|turn|3
|
|t:|1779693321
|switch|p2a: Toxapex|Toxapex, F|100/100
|move|p1a: Hatterene|Psychic|p2a: Toxapex
|-supereffective|p2a: Toxapex
|-damage|p2a: Toxapex|47/100
|
|-heal|p1a: Hatterene|95/100|[from] item: Leftovers
|upkeep
|turn|4
|
|t:|1779693330
|switch|p2a: Espeon|Espeon, M|100/100
|move|p1a: Hatterene|Psychic|p2a: Espeon
|-resisted|p2a: Espeon
|-damage|p2a: Espeon|77/100
|
|-heal|p1a: Hatterene|100/100|[from] item: Leftovers
|upkeep
|turn|5
|
|t:|1779693340
|move|p1a: Hatterene|Dazzling Gleam|p2a: Espeon
|-damage|p2a: Espeon|33/100
|move|p2a: Espeon|Light Screen|p2a: Espeon
|-sidestart|p2: KenjiShiguma|move: Light Screen
|
|-fieldend|move: Trick Room
|upkeep
|turn|6
|
|t:|1779693347
|move|p2a: Espeon|Wish|p2a: Espeon
|move|p1a: Hatterene|Trick Room|p1a: Hatterene
|-fieldstart|move: Trick Room|[of] p1a: Hatterene
|
|-sideend|p1: kaizer112|move: Light Screen
|upkeep
|turn|7
|
|t:|1779693352
|move|p1a: Hatterene|Dazzling Gleam|p2a: Espeon
|-damage|p2a: Espeon|10/100
|move|p2a: Espeon|Reflect|p2a: Espeon
|-sidestart|p2: KenjiShiguma|Reflect
|
|-heal|p2a: Espeon|60/100|[from] move: Wish|[wisher] Espeon
|upkeep
|turn|8
|
|t:|1779693362
|switch|p2a: Grumpig|Grumpig, F|100/100
|move|p1a: Hatterene|Dazzling Gleam|p2a: Grumpig
|-damage|p2a: Grumpig|84/100
|
|upkeep
|turn|9
|
|t:|1779693373
|switch|p1a: Azumarill|Azumarill, M|100/100
|move|p2a: Grumpig|Simple Beam|p1a: Azumarill
|replace|p1a: Zoroark|Zoroark-Hisui, F
|-end|p1a: Zoroark|Illusion
|-ability|p1a: Zoroark|Simple|Illusion|[from] move: Simple Beam
|
|upkeep
|turn|10
|
|t:|1779693384
|move|p2a: Grumpig|Amnesia|p2a: Grumpig
|-boost|p2a: Grumpig|spd|2
|move|p1a: Zoroark|Dark Pulse|p2a: Grumpig
|-supereffective|p2a: Grumpig
|-damage|p2a: Grumpig|75/100
|
|-fieldend|move: Trick Room
|upkeep
|turn|11
|
|t:|1779693398
|switch|p1a: Garchomp|Garchomp, M|100/100
|move|p2a: Grumpig|Nasty Plot|p2a: Grumpig
|-boost|p2a: Grumpig|spa|2
|
|upkeep
|turn|12
|
|t:|1779693406
|switch|p2a: Porygon2|Porygon2|100/100
|-ability|p2a: Porygon2|Rough Skin|Trace|[from] ability: Trace|[of] p1a: Garchomp
|move|p1a: Garchomp|Crunch|p2a: Porygon2
|-damage|p2a: Porygon2|87/100
|-damage|p1a: Garchomp|88/100|[from] ability: Rough Skin|[of] p2a: Porygon2
|
|-sideend|p2: KenjiShiguma|move: Light Screen
|upkeep
|turn|13
|
|t:|1779693417
|switch|p1a: Azumarill|Azumarill, M|100/100
|move|p2a: Porygon2|Defense Curl|p2a: Porygon2
|-boost|p2a: Porygon2|def|1
|
|upkeep
|turn|14
|
|t:|1779693426
|move|p1a: Azumarill|Focus Blast|p2a: Porygon2
|-supereffective|p2a: Porygon2
|-damage|p2a: Porygon2|53/100
|move|p2a: Porygon2|Charge Beam|p1a: Azumarill
|-crit|p1a: Azumarill
|-damage|p1a: Azumarill|69/100
|replace|p1a: Zoroark|Zoroark-Hisui, F
|-end|p1a: Zoroark|Illusion
|
|-sideend|p2: KenjiShiguma|Reflect
|upkeep
|turn|15
|
|t:|1779693436
|move|p1a: Zoroark|Focus Blast|p2a: Porygon2|[miss]
|-miss|p1a: Zoroark|p2a: Porygon2
|move|p2a: Porygon2|Recover|p2a: Porygon2
|-heal|p2a: Porygon2|100/100
|
|upkeep
|turn|16
|
|t:|1779693444
|switch|p1a: Azumarill|Azumarill, M|100/100
|move|p2a: Porygon2|Charge|p2a: Porygon2
|-boost|p2a: Porygon2|spd|1
|-start|p2a: Porygon2|Charge
|
|upkeep
|turn|17
|
|t:|1779693451
|move|p1a: Azumarill|Belly Drum|p1a: Azumarill
|-damage|p1a: Azumarill|51/100
|-setboost|p1a: Azumarill|atk|6|[from] move: Belly Drum
|move|p2a: Porygon2|Charge Beam|p1a: Azumarill
|-supereffective|p1a: Azumarill
|-damage|p1a: Azumarill|0 fnt
|-boost|p2a: Porygon2|spa|1
|faint|p1a: Azumarill
|-end|p2a: Porygon2|Charge|[silent]
|
|upkeep
|
|t:|1779693464
|switch|p1a: Froslass|Froslass, F|100/100
|turn|18
|
|t:|1779693469
|move|p1a: Froslass|Blizzard|p2a: Porygon2
|-damage|p2a: Porygon2|91/100
|move|p2a: Porygon2|Charge Beam|p1a: Froslass
|-damage|p1a: Froslass|80/100
|-boost|p2a: Porygon2|spa|1
|
|-heal|p1a: Froslass|86/100|[from] item: Leftovers
|upkeep
|turn|19
|
|t:|1779693478
|move|p1a: Froslass|Blizzard|p2a: Porygon2
|-damage|p2a: Porygon2|81/100
|move|p2a: Porygon2|Charge|p2a: Porygon2
|-boost|p2a: Porygon2|spd|1
|-start|p2a: Porygon2|Charge
|
|-heal|p1a: Froslass|92/100|[from] item: Leftovers
|upkeep
|turn|20
|
|t:|1779693487
|switch|p1a: Abomasnow|Abomasnow, M|100/100
|-weather|Snowscape|[from] ability: Snow Warning|[of] p1a: Abomasnow
|move|p2a: Porygon2|Charge Beam|p1a: Abomasnow
|-resisted|p1a: Abomasnow
|-damage|p1a: Abomasnow|77/100
|-boost|p2a: Porygon2|spa|1
|-end|p2a: Porygon2|Charge|[silent]
|
|-weather|Snowscape|[upkeep]
|-heal|p1a: Abomasnow|84/100|[from] item: Leftovers
|upkeep
|turn|21
|-message|kaizer112 forfeited.
|
|win|KenjiShiguma
|raw|kaizer112's rating: 1083 &rarr; <strong>1059</strong><br />(-24 for losing)
|raw|KenjiShiguma's rating: 1066 &rarr; <strong>1098</strong><br />(+32 for winning)
|l|☆kaizer112
|player|p1|
|l|☆KenjiShiguma
|player|p2|
