|j|☆NatsuNoYutsu
|j|☆hat_fm
|t:|1779592911
|gametype|singles
|player|p1|NatsuNoYutsu|youngster-gen4dp|1369
|player|p2|hat_fm|pilot|1351
|gen|9
|tier|[Gen 9] OU
|rated|
|rule|HP Percentage Mod: HP is shown in percentages
|rule|Endless Battle Clause: Forcing endless battles is banned
|rule|Species Clause: Limit one of each Pokémon
|rule|OHKO Clause: OHKO moves are banned
|rule|Evasion Items Clause: Evasion items are banned
|rule|Evasion Moves Clause: Evasion moves are banned
|rule|Evasion Abilities Clause: Evasion abilities are banned
|rule|Sleep Moves Clause: Sleep-inducing moves are banned
|clearpoke
|poke|p1|Dragapult, F|
|poke|p1|Corviknight, M|
|poke|p1|Slowking-Galar, F|
|poke|p1|Iron Moth|
|poke|p1|Garchomp, F|
|poke|p1|Clefable, F|
|poke|p2|Zamazenta-*|
|poke|p2|Ceruledge, M|
|poke|p2|Scizor, F|
|poke|p2|Donphan, F|
|poke|p2|Lycanroc-Dusk, F|
|poke|p2|Florges, F|
|teampreview
|inactive|Battle timer is ON: inactive players will automatically lose when time's up. (requested by NatsuNoYutsu)
|
|t:|1779592916
|teamsize|p1|6
|teamsize|p2|6
|start
|switch|p1a: Garchomp|Garchomp, F, shiny|100/100
|switch|p2a: Donphan|Donphan, F|100/100
|turn|1
|
|t:|1779592925
|move|p1a: Garchomp|Stealth Rock|p2a: Donphan
|-sidestart|p2: hat_fm|move: Stealth Rock
|move|p2a: Donphan|Stealth Rock|p1a: Garchomp
|-sidestart|p1: NatsuNoYutsu|move: Stealth Rock
|
|upkeep
|turn|2
|
|t:|1779592930
|move|p1a: Garchomp|Spikes|p2a: Donphan
|-sidestart|p2: hat_fm|Spikes
|move|p2a: Donphan|Rapid Spin|p1a: Garchomp
|-damage|p1a: Garchomp|92/100
|-boost|p2a: Donphan|spe|1
|-damage|p2a: Donphan|88/100|[from] ability: Rough Skin|[of] p1a: Garchomp
|-damage|p2a: Donphan|71/100|[from] item: Rocky Helmet|[of] p1a: Garchomp
|-sideend|p2: hat_fm|Spikes|[from] move: Rapid Spin|[of] p2a: Donphan
|-sideend|p2: hat_fm|Stealth Rock|[from] move: Rapid Spin|[of] p2a: Donphan
|
|upkeep
|turn|3
|
|t:|1779592940
|move|p1a: Garchomp|Spikes|p2a: Donphan
|-sidestart|p2: hat_fm|Spikes
|move|p2a: Donphan|Earthquake|p1a: Garchomp
|-damage|p1a: Garchomp|69/100
|
|upkeep
|turn|4
|
|t:|1779592950
|move|p1a: Garchomp|Stealth Rock|p2a: Donphan
|-sidestart|p2: hat_fm|move: Stealth Rock
|move|p2a: Donphan|Rapid Spin|p1a: Garchomp
|-damage|p1a: Garchomp|60/100
|-boost|p2a: Donphan|spe|1
|-damage|p2a: Donphan|59/100|[from] ability: Rough Skin|[of] p1a: Garchomp
|-damage|p2a: Donphan|42/100|[from] item: Rocky Helmet|[of] p1a: Garchomp
|-sideend|p2: hat_fm|Spikes|[from] move: Rapid Spin|[of] p2a: Donphan
|-sideend|p2: hat_fm|Stealth Rock|[from] move: Rapid Spin|[of] p2a: Donphan
|
|upkeep
|turn|5
|
|t:|1779592960
|move|p2a: Donphan|Earthquake|p1a: Garchomp
|-damage|p1a: Garchomp|36/100
|move|p1a: Garchomp|Spikes|p2a: Donphan
|-sidestart|p2: hat_fm|Spikes
|
|upkeep
|turn|6
|
|t:|1779592968
|move|p2a: Donphan|Earthquake|p1a: Garchomp
|-damage|p1a: Garchomp|13/100
|move|p1a: Garchomp|Earthquake|p2a: Donphan
|-damage|p2a: Donphan|18/100
|
|upkeep
|turn|7
|
|t:|1779592976
|switch|p1a: Dragapult|Dragapult, F|100/100
|-damage|p1a: Dragapult|88/100|[from] Stealth Rock
|move|p2a: Donphan|Rapid Spin|p1a: Dragapult
|-immune|p1a: Dragapult
|
|upkeep
|turn|8
|
|t:|1779592995
|switch|p2a: Florges|Florges, F|100/100
|-damage|p2a: Florges|88/100|[from] Spikes
|move|p1a: Dragapult|Sucker Punch||[still]
|-fail|p1a: Dragapult
|
|-heal|p2a: Florges|94/100|[from] item: Leftovers
|upkeep
|turn|9
|
|t:|1779593008
|switch|p1a: Slowking|Slowking-Galar, F|100/100
|-damage|p1a: Slowking|88/100|[from] Stealth Rock
|move|p2a: Florges|Moonblast|p1a: Slowking
|-resisted|p1a: Slowking
|-damage|p1a: Slowking|71/100
|
|-heal|p2a: Florges|99/100|[from] item: Leftovers
|upkeep
|turn|10
|
|t:|1779593029
|-terastallize|p2a: Florges|Grass
|move|p2a: Florges|Calm Mind|p2a: Florges
|-boost|p2a: Florges|spa|1
|-boost|p2a: Florges|spd|1
|move|p1a: Slowking|Trick|p2a: Florges
|-activate|p1a: Slowking|move: Trick|[of] p2a: Florges
|-item|p2a: Florges|Choice Specs|[from] move: Trick
|-item|p1a: Slowking|Leftovers|[from] move: Trick
|
|-heal|p1a: Slowking|77/100|[from] item: Leftovers
|upkeep
|turn|11
|
|t:|1779593045
|move|p2a: Florges|Psychic Noise|p1a: Slowking
|-damage|p1a: Slowking|42/100
|-start|p1a: Slowking|move: Heal Block
|-prepare|p1a: Slowking|Chilly Reception|[premajor]
|move|p1a: Slowking|Chilly Reception|p1a: Slowking
|-weather|Snowscape
|
|t:|1779593053
|switch|p1a: Clefable|Clefable, F|100/100|[from] Chilly Reception
|-damage|p1a: Clefable|88/100|[from] Stealth Rock
|
|-weather|Snowscape|[upkeep]
|-heal|p1a: Clefable|94/100|[from] item: Leftovers
|upkeep
|turn|12
|
|t:|1779593061
|move|p2a: Florges|Psychic Noise|p1a: Clefable
|-damage|p1a: Clefable|70/100
|-start|p1a: Clefable|move: Heal Block
|move|p1a: Clefable|Flamethrower|p2a: Florges
|-supereffective|p2a: Florges
|-damage|p2a: Florges|72/100
|
|-weather|Snowscape|[upkeep]
|upkeep
|turn|13
|
|t:|1779593072
|move|p2a: Florges|Psychic Noise|p1a: Clefable
|-damage|p1a: Clefable|46/100
|move|p1a: Clefable|Flamethrower|p2a: Florges
|-supereffective|p2a: Florges
|-crit|p2a: Florges
|-damage|p2a: Florges|32/100
|
|-weather|Snowscape|[upkeep]
|-end|p1a: Clefable|move: Heal Block
|upkeep
|turn|14
|
|t:|1779593083
|move|p2a: Florges|Psychic Noise|p1a: Clefable
|-damage|p1a: Clefable|22/100
|-start|p1a: Clefable|move: Heal Block
|move|p1a: Clefable|Flamethrower|p2a: Florges
|-supereffective|p2a: Florges
|-damage|p2a: Florges|4/100
|
|-weather|Snowscape|[upkeep]
|upkeep
|turn|15
|
|t:|1779593097
|move|p2a: Florges|Psychic Noise|p1a: Clefable
|-damage|p1a: Clefable|0 fnt
|faint|p1a: Clefable
|
|-weather|none
|upkeep
|
|t:|1779593106
|switch|p1a: Dragapult|Dragapult, F|88/100
|-damage|p1a: Dragapult|76/100|[from] Stealth Rock
|turn|16
|
|t:|1779593127
|switch|p2a: Ceruledge|Ceruledge, M|100/100
|-damage|p2a: Ceruledge|88/100|[from] Spikes
|move|p1a: Dragapult|U-turn|p2a: Ceruledge
|-resisted|p2a: Ceruledge
|-damage|p2a: Ceruledge|76/100
|-ability|p2a: Ceruledge|Weak Armor|boost
|-unboost|p2a: Ceruledge|def|1
|-boost|p2a: Ceruledge|spe|2
|inactive|NatsuNoYutsu has 120 seconds left.
|
|t:|1779593154
|switch|p1a: Iron Moth|Iron Moth, shiny|100/100|[from] U-turn
|-damage|p1a: Iron Moth|76/100|[from] Stealth Rock
|-enditem|p1a: Iron Moth|Booster Energy
|-activate|p1a: Iron Moth|ability: Quark Drive|[fromitem]
|-start|p1a: Iron Moth|quarkdrivespe
|
|upkeep
|turn|17
|inactive|NatsuNoYutsu has 120 seconds left.
|
|t:|1779593171
|move|p2a: Ceruledge|Poltergeist||[still]
|-fail|p2a: Ceruledge
|move|p1a: Iron Moth|Fiery Dance|p2a: Ceruledge
|-resisted|p2a: Ceruledge
|-damage|p2a: Ceruledge|53/100
|-boost|p1a: Iron Moth|spa|1
|
|upkeep
|turn|18
|inactive|NatsuNoYutsu has 120 seconds left.
|
|t:|1779593182
|move|p2a: Ceruledge|Bitter Blade|p1a: Iron Moth
|-resisted|p1a: Iron Moth
|-damage|p1a: Iron Moth|42/100
|-heal|p2a: Ceruledge|73/100|[from] drain|[of] p1a: Iron Moth
|move|p1a: Iron Moth|Sludge Wave|p2a: Ceruledge
|-resisted|p2a: Ceruledge
|-damage|p2a: Ceruledge|28/100
|
|upkeep
|turn|19
|
|t:|1779593191
|move|p2a: Ceruledge|Bitter Blade|p1a: Iron Moth
|-resisted|p1a: Iron Moth
|-damage|p1a: Iron Moth|4/100
|-heal|p2a: Ceruledge|49/100|[from] drain|[of] p1a: Iron Moth
|move|p1a: Iron Moth|Sludge Wave|p2a: Ceruledge
|-resisted|p2a: Ceruledge
|-damage|p2a: Ceruledge|4/100
|
|upkeep
|turn|20
|
|t:|1779593200
|move|p2a: Ceruledge|Bitter Blade|p1a: Iron Moth
|-resisted|p1a: Iron Moth
|-damage|p1a: Iron Moth|0 fnt
|-heal|p2a: Ceruledge|6/100|[from] drain|[of] p1a: Iron Moth
|faint|p1a: Iron Moth
|-end|p1a: Iron Moth|Quark Drive|[silent]
|
|upkeep
|
|t:|1779593209
|switch|p1a: Dragapult|Dragapult, F|76/100
|-damage|p1a: Dragapult|64/100|[from] Stealth Rock
|turn|21
|
|t:|1779593216
|move|p2a: Ceruledge|Shadow Sneak|p1a: Dragapult
|-supereffective|p1a: Dragapult
|-damage|p1a: Dragapult|3/100
|move|p1a: Dragapult|Sucker Punch||[still]
|-fail|p1a: Dragapult
|
|upkeep
|turn|22
|
|t:|1779593222
|switch|p1a: Garchomp|Garchomp, F, shiny|13/100
|-damage|p1a: Garchomp|7/100|[from] Stealth Rock
|move|p2a: Ceruledge|Shadow Sneak|p1a: Garchomp
|-damage|p1a: Garchomp|0 fnt
|-damage|p2a: Ceruledge|0 fnt|[from] ability: Rough Skin|[of] p1a: Garchomp
|faint|p1a: Garchomp
|faint|p2a: Ceruledge
|
|upkeep
|
|t:|1779593233
|switch|p2a: Donphan|Donphan, F|18/100
|switch|p1a: Corviknight|Corviknight, M, shiny|100/100
|-damage|p2a: Donphan|5/100|[from] Spikes
|turn|23
|
|t:|1779593241
|move|p1a: Corviknight|Iron Defense|p1a: Corviknight
|-boost|p1a: Corviknight|def|2
|move|p2a: Donphan|Rapid Spin|p1a: Corviknight
|-resisted|p1a: Corviknight
|-damage|p1a: Corviknight|98/100
|-boost|p2a: Donphan|spe|1
|-sideend|p2: hat_fm|Spikes|[from] move: Rapid Spin|[of] p2a: Donphan
|
|upkeep
|turn|24
|
|t:|1779593248
|move|p2a: Donphan|Knock Off|p1a: Corviknight
|-damage|p1a: Corviknight|89/100
|-enditem|p1a: Corviknight|Heavy-Duty Boots|[from] move: Knock Off|[of] p2a: Donphan
|move|p1a: Corviknight|Iron Defense|p1a: Corviknight
|-boost|p1a: Corviknight|def|2
|
|upkeep
|turn|25
|
|t:|1779593256
|switch|p2a: Zamazenta|Zamazenta|100/100
|-ability|p2a: Zamazenta|Dauntless Shield|boost
|-boost|p2a: Zamazenta|def|1
|move|p1a: Corviknight|Iron Defense|p1a: Corviknight
|-boost|p1a: Corviknight|def|2
|
|upkeep
|turn|26
|
|t:|1779593263
|move|p2a: Zamazenta|Iron Defense|p2a: Zamazenta
|-boost|p2a: Zamazenta|def|2
|move|p1a: Corviknight|Body Press|p2a: Zamazenta
|-damage|p2a: Zamazenta|70/100
|
|-heal|p2a: Zamazenta|76/100|[from] item: Leftovers
|upkeep
|turn|27
|
|t:|1779593272
|move|p1a: Corviknight|Body Press|p2a: Zamazenta
|-damage|p2a: Zamazenta|45/100
|move|p2a: Zamazenta|Roar|p1a: Corviknight
|drag|p1a: Slowking|Slowking-Galar, F|75/100
|-damage|p1a: Slowking|63/100|[from] Stealth Rock
|
|-heal|p2a: Zamazenta|51/100|[from] item: Leftovers
|-heal|p1a: Slowking|69/100|[from] item: Leftovers
|upkeep
|turn|28
|
|t:|1779593283
|move|p2a: Zamazenta|Body Press|p1a: Slowking
|-resisted|p1a: Slowking
|-damage|p1a: Slowking|46/100
|move|p1a: Slowking|Psychic|p2a: Zamazenta
|-supereffective|p2a: Zamazenta
|-damage|p2a: Zamazenta|0 fnt
|faint|p2a: Zamazenta
|
|-heal|p1a: Slowking|52/100|[from] item: Leftovers
|upkeep
|
|t:|1779593298
|switch|p2a: Lycanroc|Lycanroc-Dusk, F|100/100
|turn|29
|
|t:|1779593306
|switch|p1a: Corviknight|Corviknight, M, shiny|89/100
|-damage|p1a: Corviknight|77/100|[from] Stealth Rock
|move|p2a: Lycanroc|Zen Headbutt|p1a: Corviknight
|-resisted|p1a: Corviknight
|-damage|p1a: Corviknight|63/100
|-damage|p2a: Lycanroc|91/100|[from] item: Life Orb
|
|upkeep
|turn|30
|
|t:|1779593316
|move|p2a: Lycanroc|Stone Edge|p1a: Corviknight
|-crit|p1a: Corviknight
|-damage|p1a: Corviknight|5/100
|-damage|p2a: Lycanroc|81/100|[from] item: Life Orb
|move|p1a: Corviknight|Roost|p1a: Corviknight
|-heal|p1a: Corviknight|55/100
|-singleturn|p1a: Corviknight|move: Roost
|
|upkeep
|turn|31
|
|t:|1779593325
|move|p2a: Lycanroc|Stone Edge|p1a: Corviknight|[miss]
|-miss|p2a: Lycanroc|p1a: Corviknight
|move|p1a: Corviknight|Roost|p1a: Corviknight
|-heal|p1a: Corviknight|100/100
|-singleturn|p1a: Corviknight|move: Roost
|
|upkeep
|turn|32
|
|t:|1779593333
|move|p2a: Lycanroc|Stone Edge|p1a: Corviknight
|-damage|p1a: Corviknight|62/100
|-damage|p2a: Lycanroc|71/100|[from] item: Life Orb
|move|p1a: Corviknight|Iron Defense|p1a: Corviknight
|-boost|p1a: Corviknight|def|2
|
|upkeep
|turn|33
|
|t:|1779593345
|move|p2a: Lycanroc|Stone Edge|p1a: Corviknight
|-damage|p1a: Corviknight|43/100
|-damage|p2a: Lycanroc|61/100|[from] item: Life Orb
|move|p1a: Corviknight|Roost|p1a: Corviknight
|-heal|p1a: Corviknight|93/100
|-singleturn|p1a: Corviknight|move: Roost
|
|upkeep
|turn|34
|
|t:|1779593354
|move|p2a: Lycanroc|Swords Dance|p2a: Lycanroc
|-boost|p2a: Lycanroc|atk|2
|move|p1a: Corviknight|Iron Defense|p1a: Corviknight
|-boost|p1a: Corviknight|def|2
|
|upkeep
|turn|35
|
|t:|1779593364
|move|p2a: Lycanroc|Swords Dance|p2a: Lycanroc
|-boost|p2a: Lycanroc|atk|2
|move|p1a: Corviknight|Body Press|p2a: Lycanroc
|-supereffective|p2a: Lycanroc
|-damage|p2a: Lycanroc|0 fnt
|faint|p2a: Lycanroc
|
|upkeep
|
|t:|1779593370
|switch|p2a: Scizor|Scizor, F|100/100
|turn|36
|
|t:|1779593375
|move|p1a: Corviknight|Iron Defense|p1a: Corviknight
|-boost|p1a: Corviknight|def|2
|move|p2a: Scizor|Swords Dance|p2a: Scizor
|-boost|p2a: Scizor|atk|2
|
|upkeep
|turn|37
|
|t:|1779593384
|move|p1a: Corviknight|Body Press|p2a: Scizor
|-damage|p2a: Scizor|0 fnt
|faint|p2a: Scizor
|
|upkeep
|-message|hat_fm forfeited.
|
|win|NatsuNoYutsu
|raw|NatsuNoYutsu's rating: 1369 &rarr; <strong>1388</strong><br />(+19 for winning)
|raw|hat_fm's rating: 1351 &rarr; <strong>1332</strong><br />(-19 for losing)
|l|☆hat_fm
|player|p2|
|l|☆NatsuNoYutsu
|player|p1|
