|j|☆Original007
|j|☆justicerestore
|t:|1779715611
|gametype|singles
|player|p1|Original007|ghetsis|1391
|player|p2|justicerestore|caitlin|1459
|gen|9
|tier|[Gen 9] OU
|rated|
|rule|HP Percentage Mod: HP is shown in percentages
|rule|Endless Battle Clause: Forcing endless battles is banned
|rule|Species Clause: Limit one of each Pokémon
|rule|OHKO Clause: OHKO moves are banned
|rule|Evasion Items Clause: Evasion items are banned
|rule|Evasion Moves Clause: Evasion moves are banned
|rule|Evasion Abilities Clause: Evasion abilities are banned
|rule|Sleep Moves Clause: Sleep-inducing moves are banned
|clearpoke
|poke|p1|Greninja-*, F|
|poke|p1|Raging Bolt|
|poke|p1|Ogerpon-Cornerstone, F|
|poke|p1|Great Tusk|
|poke|p1|Hatterene, F|
|poke|p1|Corviknight, M|
|poke|p2|Kommo-o, F|
|poke|p2|Zamazenta-*|
|poke|p2|Gliscor, F|
|poke|p2|Cinderace, F|
|poke|p2|Deoxys-Speed|
|poke|p2|Meowscarada, F|
|teampreview
|inactive|Battle timer is ON: inactive players will automatically lose when time's up. (requested by justicerestore)
|
|t:|1779715640
|teamsize|p1|6
|teamsize|p2|6
|start
|switch|p1a: Great Joe|Great Tusk|100/100
|switch|p2a: Meowscarada|Meowscarada, F|100/100
|turn|1
|
|t:|1779715667
|-end|p1a: Great Joe|Protosynthesis|[silent]
|switch|p1a: Joervinight|Corviknight, M|100/100
|-ability|p1a: Joervinight|Pressure
|move|p2a: Meowscarada|Play Rough|p1a: Joervinight|[miss]
|-start|p2a: Meowscarada|typechange|Fairy|[from] ability: Protean
|-miss|p2a: Meowscarada|p1a: Joervinight
|
|upkeep
|turn|2
|
|t:|1779715679
|switch|p2a: Zamazenta|Zamazenta|100/100
|-ability|p2a: Zamazenta|Dauntless Shield|boost
|-boost|p2a: Zamazenta|def|1
|move|p1a: Joervinight|U-turn|p2a: Zamazenta
|-resisted|p2a: Zamazenta
|-crit|p2a: Zamazenta
|-damage|p2a: Zamazenta|92/100
|inactive|Original007 has 120 seconds left.
|
|t:|1779715698
|switch|p1a: Joetterene|Hatterene, F|100/100|[from] U-turn
|
|upkeep
|turn|3
|
|t:|1779715702
|move|p2a: Zamazenta|Light Screen|p2a: Zamazenta
|-sidestart|p2: justicerestore|move: Light Screen
|move|p1a: Joetterene|Nuzzle|p2a: Zamazenta
|-damage|p2a: Zamazenta|89/100
|-status|p2a: Zamazenta|par
|
|upkeep
|turn|4
|
|t:|1779715714
|move|p2a: Zamazenta|Reflect|p2a: Zamazenta
|-sidestart|p2: justicerestore|Reflect
|move|p1a: Joetterene|Psychic Noise|p2a: Zamazenta
|-supereffective|p2a: Zamazenta
|-damage|p2a: Zamazenta|57/100 par
|-start|p2a: Zamazenta|move: Heal Block
|
|upkeep
|turn|5
|inactive|Original007 has 120 seconds left.
|
|t:|1779715730
|switch|p2a: Gliscor|Gliscor, F|100/100
|move|p1a: Joetterene|Psychic Noise|p2a: Gliscor
|-damage|p2a: Gliscor|72/100
|-start|p2a: Gliscor|move: Heal Block
|
|-status|p2a: Gliscor|tox|[from] item: Toxic Orb
|upkeep
|turn|6
|inactive|Original007 has 120 seconds left.
|
|t:|1779715747
|switch|p1a: Greninjoe|Greninja, F|100/100
|move|p2a: Gliscor|Swords Dance|p2a: Gliscor
|-boost|p2a: Gliscor|atk|2
|
|-end|p2a: Gliscor|move: Heal Block
|upkeep
|turn|7
|inactive|Original007 has 120 seconds left.
|
|t:|1779715767
|-terastallize|p2a: Gliscor|Normal
|move|p1a: Greninjoe|Ice Beam|p2a: Gliscor
|-start|p1a: Greninjoe|typechange|Ice|[from] ability: Protean
|-damage|p2a: Gliscor|25/100 tox
|move|p2a: Gliscor|Facade|p1a: Greninjoe
|-damage|p1a: Greninjoe|0 fnt
|faint|p1a: Greninjoe
|
|-heal|p2a: Gliscor|38/100 tox|[from] ability: Poison Heal
|upkeep
|inactive|Original007 has 90 seconds left.
|
|t:|1779715803
|switch|p1a: Joervinight|Corviknight, M|100/100
|-ability|p1a: Joervinight|Pressure
|turn|8
|
|t:|1779715813
|move|p2a: Gliscor|Swords Dance|p2a: Gliscor
|-boost|p2a: Gliscor|atk|2
|move|p1a: Joervinight|U-turn|p2a: Gliscor
|-damage|p2a: Gliscor|31/100 tox
|
|t:|1779715823
|switch|p1a: Raging Joe|Raging Bolt|100/100|[from] U-turn
|-enditem|p1a: Raging Joe|Booster Energy
|-activate|p1a: Raging Joe|ability: Protosynthesis|[fromitem]
|-start|p1a: Raging Joe|protosynthesisspa
|
|-heal|p2a: Gliscor|43/100 tox|[from] ability: Poison Heal
|upkeep
|turn|9
|
|t:|1779715841
|move|p2a: Gliscor|Earthquake|p1a: Raging Joe
|-supereffective|p1a: Raging Joe
|-damage|p1a: Raging Joe|0 fnt
|faint|p1a: Raging Joe
|-end|p1a: Raging Joe|Protosynthesis|[silent]
|
|-heal|p2a: Gliscor|56/100 tox|[from] ability: Poison Heal
|upkeep
|
|t:|1779715852
|switch|p1a: Great Joe|Great Tusk|100/100
|turn|10
|l|☆Original007
|inactive|Original007 disconnected and has a minute to reconnect!
|player|p1|
|inactive|Original007 has 30 seconds to reconnect!
|inactive|Original007 has 20 seconds to reconnect!
|inactive|Original007 has 15 seconds to reconnect!
|inactive|Original007 has 10 seconds to reconnect!
|inactive|Original007 has 5 seconds to reconnect!
|-message|Original007 lost due to inactivity.
|
|win|justicerestore
|raw|Original007's rating: 1391 &rarr; <strong>1375</strong><br />(-16 for losing)
|raw|justicerestore's rating: 1459 &rarr; <strong>1475</strong><br />(+16 for winning)
